|j|☆tryson69
|j|☆ILoveMIR
|html|tryson69ILoveMIR    
|uhtml|bestof|Game 1 of a best-of-3
|t:|1783645123
|gametype|doubles
|player|p1|tryson69|crasherwake|1317
|player|p2|ILoveMIR|shauntal|1418
|gen|9
|tier|[Gen 9 Champions] VGC 2026 Reg M-B (Bo3)
|rated|
|rule|Species Clause: Limit one of each Pokémon
|rule|Item Clause: Limit 1 of each item
|clearpoke
|poke|p1|Tyranitar, L50, F|
|poke|p1|Sinistcha, L50|
|poke|p1|Sneasler, L50, M|
|poke|p1|Garchomp, L50, M|
|poke|p1|Corviknight, L50, M|
|poke|p1|Gholdengo, L50|
|poke|p2|Blaziken, L50, F|
|poke|p2|Ninetales-Alola, L50, M|
|poke|p2|Tsareena, L50, F|
|poke|p2|Milotic, L50, F|
|poke|p2|Talonflame, L50, M|
|poke|p2|Gholdengo, L50|
|teampreview|4
|showteam|p1|Tyranitar||Tyranitarite|SandStream|KnockOff,RockSlide,Protect,DragonDance|Adamant||F|||50|]Sinistcha||SitrusBerry|Hospitality|TrickRoom,MatchaGotcha,RagePowder,Protect|Bold|||||50|]Sneasler||WhiteHerb|Unburden|CloseCombat,DireClaw,FakeOut,Protect|Jolly||M|||50|]Garchomp||LifeOrb|RoughSkin|Earthquake,RockSlide,Protect,DragonClaw|Adamant||M|||50|]Corviknight||Leftovers|MirrorArmor|Tailwind,BulkUp,Protect,BraveBird|Careful||M|||50|]Gholdengo||SpellTag|GoodasGold|MakeItRain,NastyPlot,ShadowBall,Protect|Modest|||||50|
|showteam|p2|Blaziken||Blazikenite|SpeedBoost|FlareBlitz,CloseCombat,RockSlide,Detect|Adamant||F|||50|]Ninetales-Alola||NeverMeltIce|SnowWarning|Blizzard,FreezeDry,Encore,Protect|Timid||M|||50|]Tsareena||WideLens|QueenlyMajesty|PowerWhip,TripleAxel,LowKick,Taunt|Adamant||F|||50|]Milotic||ExpertBelt|Competitive|Scald,IceBeam,Recover,Protect|Modest||F|||50|]Talonflame|||GaleWings|Acrobatics,WillOWisp,Tailwind,Protect|Jolly||M|||50|]Gholdengo||LifeOrb|GoodasGold|MakeItRain,ShadowBall,PowerGem,Protect|Modest|||||50|
|inactive|Battle timer is ON: inactive players will automatically lose when time's up. (requested by ILoveMIR)
|inactive|tryson69 has 60 seconds left.
|inactive|ILoveMIR has 60 seconds left.
|inactive|ILoveMIR has 30 seconds left.
|inactive|ILoveMIR has 20 seconds left.
|inactive|ILoveMIR has 15 seconds left.
|inactive|ILoveMIR has 10 seconds left.
|
|t:|1783645207
|teamsize|p1|4
|teamsize|p2|4
|start
|switch|p1a: Garchomp|Garchomp, L50, M|100/100
|switch|p1b: Corviknight|Corviknight, L50, M|100/100
|switch|p2a: Milotic|Milotic, L50, F|100/100
|switch|p2b: Talonflame|Talonflame, L50, M|100/100
|turn|1
|
|t:|1783645224
|switch|p1a: Tyranitar|Tyranitar, L50, F|100/100
|-weather|Sandstorm|[from] ability: Sand Stream|[of] p1a: Tyranitar
|move|p2b: Talonflame|Will-O-Wisp|p1b: Corviknight
|-status|p1b: Corviknight|brn
|move|p2a: Milotic|Ice Beam|p1a: Tyranitar
|-damage|p1a: Tyranitar|84/100
|move|p1b: Corviknight|Tailwind|p1b: Corviknight
|-sidestart|p1: tryson69|move: Tailwind
|
|-weather|Sandstorm|[upkeep]
|-damage|p2b: Talonflame|94/100|[from] Sandstorm
|-damage|p2a: Milotic|94/100|[from] Sandstorm
|-damage|p1b: Corviknight|94/100 brn|[from] brn
|upkeep
|turn|2
|
|t:|1783645247
|detailschange|p1a: Tyranitar|Tyranitar-Mega, L50, F
|-mega|p1a: Tyranitar|Tyranitar|Tyranitarite
|move|p1a: Tyranitar|Knock Off|p2a: Milotic
|-damage|p2a: Milotic|31/100
|-enditem|p2a: Milotic|Expert Belt|[from] move: Knock Off|[of] p1a: Tyranitar
|move|p2b: Talonflame|Will-O-Wisp|p1a: Tyranitar
|-status|p1a: Tyranitar|brn
|move|p1b: Corviknight|Brave Bird|p2a: Milotic
|-damage|p2a: Milotic|13/100
|-damage|p1b: Corviknight|88/100 brn|[from] Recoil
|move|p2a: Milotic|Scald|p1a: Tyranitar
|-supereffective|p1a: Tyranitar|1
|-crit|p1a: Tyranitar
|-damage|p1a: Tyranitar|35/100 brn
|
|-weather|Sandstorm|[upkeep]
|-damage|p2b: Talonflame|88/100|[from] Sandstorm
|-damage|p2a: Milotic|7/100|[from] Sandstorm
|-heal|p1b: Corviknight|94/100 brn|[from] item: Leftovers
|-damage|p1a: Tyranitar|29/100 brn|[from] brn
|-damage|p1b: Corviknight|88/100 brn|[from] brn
|upkeep
|turn|3
|inactive|ILoveMIR has 30 seconds left.
|
|t:|1783645278
|move|p1a: Tyranitar|Rock Slide|p2b: Talonflame|[spread] p2a,p2b
|-supereffective|p2b: Talonflame|2
|-damage|p2a: Milotic|0 fnt
|-damage|p2b: Talonflame|0 fnt
|faint|p2a: Milotic
|faint|p2b: Talonflame
|move|p1b: Corviknight|Bulk Up|p1b: Corviknight
|-boost|p1b: Corviknight|atk|1
|-boost|p1b: Corviknight|def|1
|
|-weather|Sandstorm|[upkeep]
|-heal|p1b: Corviknight|94/100 brn|[from] item: Leftovers
|-damage|p1a: Tyranitar|23/100 brn|[from] brn
|-damage|p1b: Corviknight|88/100 brn|[from] brn
|upkeep
|
|t:|1783645281
|switch|p2b: Ninetales|Ninetales-Alola, L50, M|100/100
|switch|p2a: Blaziken|Blaziken, L50, F|100/100
|-weather|Snowscape|[from] ability: Snow Warning|[of] p2b: Ninetales
|turn|4
|
|t:|1783645299
|switch|p1a: Sinistcha|Sinistcha, L50|100/100
|-heal|p1b: Corviknight|100/100 brn|[from] ability: Hospitality|[of] p1a: Sinistcha
|detailschange|p2a: Blaziken|Blaziken-Mega, L50, F
|-mega|p2a: Blaziken|Blaziken|Blazikenite
|move|p2b: Ninetales|Encore|p1b: Corviknight
|-start|p1b: Corviknight|Encore
|move|p1b: Corviknight|Bulk Up|p1b: Corviknight
|-boost|p1b: Corviknight|atk|1
|-boost|p1b: Corviknight|def|1
|move|p2a: Blaziken|Rock Slide|p1b: Corviknight|[spread] p1a,p1b
|-damage|p1a: Sinistcha|78/100
|-damage|p1b: Corviknight|89/100 brn
|
|-weather|Snowscape|[upkeep]
|-heal|p1b: Corviknight|95/100 brn|[from] item: Leftovers
|-damage|p1b: Corviknight|89/100 brn|[from] brn
|-sideend|p1: tryson69|move: Tailwind
|-ability|p2a: Blaziken|Speed Boost|boost
|-boost|p2a: Blaziken|spe|1
|upkeep
|turn|5
|
|t:|1783645312
|switch|p1a: Tyranitar|Tyranitar-Mega, L50, F|23/100 brn
|-weather|Sandstorm|[from] ability: Sand Stream|[of] p1a: Tyranitar
|move|p2a: Blaziken|Flare Blitz|p1a: Tyranitar
|-resisted|p1a: Tyranitar|1
|-damage|p1a: Tyranitar|0 fnt
|faint|p1a: Tyranitar
|-damage|p2a: Blaziken|89/100|[from] Recoil
|move|p2b: Ninetales|Blizzard|p1b: Corviknight
|-damage|p1b: Corviknight|60/100 brn
|move|p1b: Corviknight|Bulk Up|p1b: Corviknight
|-boost|p1b: Corviknight|atk|1
|-boost|p1b: Corviknight|def|1
|
|-weather|Sandstorm|[upkeep]
|-damage|p2a: Blaziken|84/100|[from] Sandstorm
|-damage|p2b: Ninetales|93/100|[from] Sandstorm
|-heal|p1b: Corviknight|66/100 brn|[from] item: Leftovers
|-damage|p1b: Corviknight|60/100 brn|[from] brn
|-ability|p2a: Blaziken|Speed Boost|boost
|-boost|p2a: Blaziken|spe|1
|upkeep
|
|t:|1783645321
|switch|p1a: Sinistcha|Sinistcha, L50|78/100
|-heal|p1b: Corviknight|85/100 brn|[from] ability: Hospitality|[of] p1a: Sinistcha
|turn|6
|
|t:|1783645328
|move|p1a: Sinistcha|Protect|p1a: Sinistcha
|-singleturn|p1a: Sinistcha|Protect
|move|p2a: Blaziken|Flare Blitz|p1a: Sinistcha
|-activate|p1a: Sinistcha|move: Protect
|move|p2b: Ninetales|Freeze-Dry|p1a: Sinistcha
|-activate|p1a: Sinistcha|move: Protect
|move|p1b: Corviknight|Bulk Up|p1b: Corviknight
|-boost|p1b: Corviknight|atk|1
|-boost|p1b: Corviknight|def|1
|
|-weather|Sandstorm|[upkeep]
|-damage|p2a: Blaziken|78/100|[from] Sandstorm
|-damage|p2b: Ninetales|87/100|[from] Sandstorm
|-damage|p1a: Sinistcha|71/100|[from] Sandstorm
|-heal|p1b: Corviknight|91/100 brn|[from] item: Leftovers
|-damage|p1b: Corviknight|85/100 brn|[from] brn
|-end|p1b: Corviknight|Encore
|-ability|p2a: Blaziken|Speed Boost|boost
|-boost|p2a: Blaziken|spe|1
|upkeep
|turn|7
|
|t:|1783645333
|move|p1a: Sinistcha|Rage Powder|p1a: Sinistcha
|-singleturn|p1a: Sinistcha|move: Rage Powder
|move|p2a: Blaziken|Flare Blitz|p1a: Sinistcha
|-supereffective|p1a: Sinistcha|1
|-damage|p1a: Sinistcha|0 fnt
|faint|p1a: Sinistcha
|-damage|p2a: Blaziken|51/100|[from] Recoil
|move|p2b: Ninetales|Encore|p1b: Corviknight
|-start|p1b: Corviknight|Encore
|move|p1b: Corviknight|Bulk Up|p1b: Corviknight
|-boost|p1b: Corviknight|atk|1
|-boost|p1b: Corviknight|def|1
|
|-weather|Sandstorm|[upkeep]
|-damage|p2a: Blaziken|45/100|[from] Sandstorm
|-damage|p2b: Ninetales|81/100|[from] Sandstorm
|-heal|p1b: Corviknight|91/100 brn|[from] item: Leftovers
|-damage|p1b: Corviknight|85/100 brn|[from] brn
|-ability|p2a: Blaziken|Speed Boost|boost
|-boost|p2a: Blaziken|spe|1
|upkeep
|
|t:|1783645338
|switch|p1a: Garchomp|Garchomp, L50, M|100/100
|turn|8
|
|t:|1783645348
|move|p1a: Garchomp|Protect|p1a: Garchomp
|-singleturn|p1a: Garchomp|Protect
|move|p2a: Blaziken|Close Combat|p1b: Corviknight
|-damage|p1b: Corviknight|66/100 brn
|-unboost|p2a: Blaziken|def|1
|-unboost|p2a: Blaziken|spd|1
|move|p2b: Ninetales|Freeze-Dry|p1a: Garchomp
|-activate|p1a: Garchomp|move: Protect
|move|p1b: Corviknight|Bulk Up|p1b: Corviknight
|-boost|p1b: Corviknight|atk|1
|-boost|p1b: Corviknight|def|1
|
|-weather|Sandstorm|[upkeep]
|-damage|p2a: Blaziken|40/100|[from] Sandstorm
|-damage|p2b: Ninetales|75/100|[from] Sandstorm
|-heal|p1b: Corviknight|72/100 brn|[from] item: Leftovers
|-damage|p1b: Corviknight|66/100 brn|[from] brn
|-ability|p2a: Blaziken|Speed Boost|boost
|-boost|p2a: Blaziken|spe|1
|upkeep
|turn|9
|
|t:|1783645362
|move|p2a: Blaziken|Close Combat|p1b: Corviknight
|-damage|p1b: Corviknight|50/100g brn
|-unboost|p2a: Blaziken|def|1
|-unboost|p2a: Blaziken|spd|1
|move|p2b: Ninetales|Freeze-Dry|p1a: Garchomp
|-supereffective|p1a: Garchomp|2
|-damage|p1a: Garchomp|0 fnt
|faint|p1a: Garchomp
|move|p1b: Corviknight|Bulk Up|p1b: Corviknight
|-boost|p1b: Corviknight|atk|0
|-boost|p1b: Corviknight|def|0
|
|-weather|none
|-heal|p1b: Corviknight|56/100 brn|[from] item: Leftovers
|-damage|p1b: Corviknight|50/100g brn|[from] brn
|-end|p1b: Corviknight|Encore
|-ability|p2a: Blaziken|Speed Boost|boost
|-boost|p2a: Blaziken|spe|1
|upkeep
|turn|10
|
|t:|1783645378
|move|p1b: Corviknight|Protect|p1b: Corviknight
|-singleturn|p1b: Corviknight|Protect
|move|p2a: Blaziken|Close Combat|p1b: Corviknight
|-activate|p1b: Corviknight|move: Protect
|move|p2b: Ninetales|Encore|p1b: Corviknight
|-activate|p1b: Corviknight|move: Protect
|
|-heal|p1b: Corviknight|56/100 brn|[from] item: Leftovers
|-damage|p1b: Corviknight|50/100g brn|[from] brn
|upkeep
|turn|11
|
|t:|1783645385
|move|p1b: Corviknight|Protect|p1b: Corviknight
|-singleturn|p1b: Corviknight|Protect
|move|p2a: Blaziken|Flare Blitz|p1b: Corviknight
|-activate|p1b: Corviknight|move: Protect
|move|p2b: Ninetales|Encore|p1b: Corviknight
|-activate|p1b: Corviknight|move: Protect
|
|-heal|p1b: Corviknight|56/100 brn|[from] item: Leftovers
|-damage|p1b: Corviknight|50/100g brn|[from] brn
|upkeep
|turn|12
|
|t:|1783645390
|move|p1b: Corviknight|Protect||[still]
|-fail|p1b: Corviknight
|move|p2a: Blaziken|Flare Blitz|p1b: Corviknight
|-supereffective|p1b: Corviknight|1
|-damage|p1b: Corviknight|17/100 brn
|-damage|p2a: Blaziken|26/100|[from] Recoil
|move|p2b: Ninetales|Encore|p1b: Corviknight
|-start|p1b: Corviknight|Encore
|
|-heal|p1b: Corviknight|22/100 brn|[from] item: Leftovers
|-damage|p1b: Corviknight|17/100 brn|[from] brn
|upkeep
|turn|13
|-message|tryson69 forfeited.
|
|win|ILoveMIR
