|j|☆chaoticfarmer
|j|☆spearow's nest
|html|chaoticfarmerspearow's nest    
|uhtml|bestof|Game 3 of a best-of-3
|t:|1757042907
|gametype|doubles
|player|p1|chaoticfarmer|norman|1278
|player|p2|spearow's nest|lance|1219
|gen|9
|tier|[Gen 9] VGC 2025 Reg H (Bo3)
|rated|
|rule|Species Clause: Limit one of each Pokémon
|rule|Item Clause: Limit 1 of each item
|clearpoke
|poke|p1|Rillaboom, L50, F|
|poke|p1|Pelipper, L50, M|
|poke|p1|Sneasler, L50, F|
|poke|p1|Cetitan, L50, M|
|poke|p1|Malamar, L50, F|
|poke|p1|Ursaluna-Bloodmoon, L50, M|
|poke|p2|Rillaboom, L50, M|
|poke|p2|Dragonite, L50, M|
|poke|p2|Sneasler, L50, M|
|poke|p2|Ninetales-Alola, L50, F|
|poke|p2|Kingambit, L50, M|
|poke|p2|Volcarona, L50, M|
|teampreview|4
|showteam|p1|Rillaboom||AssaultVest|GrassySurge|FakeOut,GrassyGlide,WoodHammer,Uturn|||F|||50|,,,,,Fire]Pelipper||FocusSash|Drizzle|Tailwind,Hurricane,WideGuard,WeatherBall|||M|||50|,,,,,Fairy]Sneasler||GrassySeed|Unburden|CloseCombat,DireClaw,ThroatChop,Protect|||F|||50|,,,,,Dark]Cetitan||LifeOrb|SheerForce|IcicleCrash,Liquidation,IceShard,Protect|||M|||50|,,,,,Water]Malamar||CovertCloak|Contrary|PsychoCut,KnockOff,Superpower,TrickRoom|||F|||50|,,,,,Steel]Ursaluna-Bloodmoon||SilkScarf|MindsEye|BloodMoon,HyperVoice,EarthPower,Protect|||M|||50|,,,,,Ghost
|showteam|p2|Rillaboom||AssaultVest|GrassySurge|WoodHammer,GrassyGlide,HighHorsepower,FakeOut|||M|||50|,,,,,Fire]Dragonite||LoadedDice|Multiscale|Protect,ScaleShot,LowKick,Haze|||M|||50|,,,,,Fairy]Sneasler||WhiteHerb|Unburden|Protect,DireClaw,CloseCombat,Coaching|||M|||50|,,,,,Ghost]Ninetales-Alola||ChoiceSpecs|SnowWarning|Blizzard,IcyWind,Moonblast,FreezeDry|||F|||50|,,,,,Ghost]Kingambit||SafetyGoggles|Defiant|Protect,KowtowCleave,SuckerPunch,SwordsDance|||M|||50|,,,,,Dark]Volcarona||CovertCloak|FlameBody|StruggleBug,RagePowder,Overheat,WillOWisp|||M|||50|,,,,,Fairy
|inactive|Battle timer is ON: inactive players will automatically lose when time's up. (requested by chaoticfarmer)
|inactive|chaoticfarmer has 60 seconds left.
|
|t:|1757042954
|teamsize|p1|4
|teamsize|p2|4
|start
|switch|p1a: Pelipper|Pelipper, L50, M|100/100
|switch|p1b: Cetitan|Cetitan, L50, M|100/100
|switch|p2a: Volcarona|Volcarona, L50, M|100/100
|switch|p2b: Ninetales|Ninetales-Alola, L50, F|100/100
|-weather|Snowscape|[from] ability: Snow Warning|[of] p2b: Ninetales
|-weather|RainDance|[from] ability: Drizzle|[of] p1a: Pelipper
|turn|1
|inactive|spearow's nest has 30 seconds left.
|inactive|spearow's nest has 20 seconds left.
|inactive|spearow's nest has 15 seconds left.
|
|t:|1757042996
|-terastallize|p2a: Volcarona|Fairy
|move|p2b: Ninetales|Freeze-Dry|p1a: Pelipper
|-supereffective|p1a: Pelipper
|-enditem|p1a: Pelipper|Focus Sash
|-damage|p1a: Pelipper|1/100
|move|p2a: Volcarona|Struggle Bug|p1b: Cetitan|[spread] p1a,p1b
|-resisted|p1a: Pelipper
|-damage|p1a: Pelipper|0 fnt
|-damage|p1b: Cetitan|83/100
|-unboost|p1b: Cetitan|spa|1
|faint|p1a: Pelipper
|move|p1b: Cetitan|Liquidation|p2a: Volcarona
|-damage|p2a: Volcarona|21/100
|-status|p1b: Cetitan|brn|[from] ability: Flame Body|[of] p2a: Volcarona
|
|-weather|RainDance|[upkeep]
|-damage|p1b: Cetitan|77/100 brn|[from] brn
|upkeep
|
|t:|1757043011
|switch|p1a: Sneasler|Sneasler, L50, F|100/100
|turn|2
|
|t:|1757043026
|move|p2a: Volcarona|Rage Powder|p2a: Volcarona
|-singleturn|p2a: Volcarona|move: Rage Powder
|move|p2b: Ninetales|Freeze-Dry|p1a: Sneasler
|-damage|p1a: Sneasler|50/100
|move|p1a: Sneasler|Dire Claw|p2a: Volcarona
|-supereffective|p2a: Volcarona
|-damage|p2a: Volcarona|0 fnt
|faint|p2a: Volcarona
|move|p1b: Cetitan|Liquidation|p2b: Ninetales
|-damage|p2b: Ninetales|51/100
|
|-weather|RainDance|[upkeep]
|-damage|p1b: Cetitan|71/100 brn|[from] brn
|upkeep
|
|t:|1757043041
|switch|p2a: Sneasler|Sneasler, L50, M|100/100
|turn|3
|
|t:|1757043047
|-terastallize|p1b: Cetitan|Water
|move|p1a: Sneasler|Protect|p1a: Sneasler
|-singleturn|p1a: Sneasler|Protect
|move|p2a: Sneasler|Close Combat|p1b: Cetitan
|-damage|p1b: Cetitan|23/100 brn
|-unboost|p2a: Sneasler|def|1
|-unboost|p2a: Sneasler|spd|1
|-enditem|p2a: Sneasler|White Herb
|-clearnegativeboost|p2a: Sneasler|[silent]
|move|p2b: Ninetales|Freeze-Dry|p1a: Sneasler
|-activate|p1a: Sneasler|move: Protect
|move|p1b: Cetitan|Liquidation|p2b: Ninetales
|-damage|p2b: Ninetales|0 fnt
|faint|p2b: Ninetales
|
|-weather|RainDance|[upkeep]
|-damage|p1b: Cetitan|17/100 brn|[from] brn
|upkeep
|
|t:|1757043051
|switch|p2b: Kingambit|Kingambit, L50, M|100/100
|turn|4
|
|t:|1757043069
|move|p2b: Kingambit|Sucker Punch|p1a: Sneasler
|-resisted|p1a: Sneasler
|-damage|p1a: Sneasler|15/100
|move|p2a: Sneasler|Dire Claw|p1a: Sneasler
|-resisted|p1a: Sneasler
|-damage|p1a: Sneasler|0 fnt
|faint|p1a: Sneasler
|move|p1b: Cetitan|Liquidation|p2a: Sneasler
|-damage|p2a: Sneasler|25/100
|
|-weather|RainDance|[upkeep]
|-damage|p1b: Cetitan|11/100 brn|[from] brn
|upkeep
|
|t:|1757043080
|switch|p1a: Malamar|Malamar, L50, F|100/100
|turn|5
|inactive|spearow's nest has 30 seconds left.
|
|t:|1757043107
|move|p1b: Cetitan|Ice Shard|p2a: Sneasler
|-damage|p2a: Sneasler|6/100
|-damage|p1b: Cetitan|1/100 brn|[from] item: Life Orb
|move|p2a: Sneasler|Coaching|p2b: Kingambit
|-boost|p2b: Kingambit|atk|1
|-boost|p2b: Kingambit|def|1
|move|p1a: Malamar|Superpower|p2b: Kingambit
|-supereffective|p2b: Kingambit
|-damage|p2b: Kingambit|31/100
|-boost|p1a: Malamar|atk|1
|-boost|p1a: Malamar|def|1
|move|p2b: Kingambit|Swords Dance|p2b: Kingambit
|-boost|p2b: Kingambit|atk|2
|
|-weather|none
|-damage|p1b: Cetitan|0 fnt|[from] brn
|faint|p1b: Cetitan
|upkeep
|turn|6
|inactive|chaoticfarmer has 30 seconds left.
|
|t:|1757043135
|move|p2b: Kingambit|Sucker Punch|p1a: Malamar
|-damage|p1a: Malamar|39/100
|move|p2a: Sneasler|Dire Claw|p1a: Malamar
|-crit|p1a: Malamar
|-damage|p1a: Malamar|0 fnt
|faint|p1a: Malamar
|
|win|spearow's nest
|raw|chaoticfarmer's rating: 1278 → 1249(-29 for losing)
|raw|spearow's nest's rating: 1219 → 1248(+29 for winning)
