|j|☆Leiva24
|j|☆ZiriuX
|html|Leiva24ZiriuX    
|uhtml|bestof|Game 1 of a best-of-3
|t:|1756407874
|gametype|doubles
|player|p1|Leiva24|102|
|player|p2|ZiriuX|iris|
|gen|9
|tier|[Gen 9] VGC 2025 Reg H (Bo3)
|rule|Species Clause: Limit one of each Pokémon
|rule|Item Clause: Limit 1 of each item
|clearpoke
|poke|p1|Sneasler, L50, M|
|poke|p1|Dragapult, L50, M|
|poke|p1|Primarina, L50, M|
|poke|p1|Rillaboom, L50, M|
|poke|p1|Kingambit, L50, M|
|poke|p1|Magmar, L50, F|
|poke|p2|Sneasler, L50, F|
|poke|p2|Dragapult, L50, M|
|poke|p2|Primarina, L50, M|
|poke|p2|Rillaboom, L50, M|
|poke|p2|Kingambit, L50, M|
|poke|p2|Magmar, L50, F|
|teampreview|4
|showteam|p1|Sneasler||FocusSash|PoisonTouch|CloseCombat,DireClaw,FakeOut,Protect|||M|||50|,,,,,Stellar]Dragapult||ChoiceBand|ClearBody|DragonDarts,TeraBlast,PhantomForce,Uturn|||M|||50|,,,,,Ghost]Primarina||SitrusBerry|LiquidVoice|HyperVoice,Moonblast,Haze,Protect|||M|||50|,,,,,Water]Rillaboom||AssaultVest|GrassySurge|WoodHammer,GrassyGlide,HighHorsepower,FakeOut|||M|||50|,,,,,Fire]Kingambit||BlackGlasses|Defiant|KowtowCleave,SuckerPunch,SwordsDance,Protect|||M|||50|,,,,,Ghost]Magmar||Eviolite|VitalSpirit|Overheat,WillOWisp,FollowMe,Protect|||F|||50|,,,,,Ghost
|showteam|p2|Sneasler||FocusSash|PoisonTouch|CloseCombat,DireClaw,FakeOut,Protect|||F|||50|,,,,,Stellar]Dragapult||ChoiceBand|ClearBody|DragonDarts,TeraBlast,PhantomForce,Uturn|||M|||50|,,,,,Ghost]Primarina||SitrusBerry|LiquidVoice|HyperVoice,Moonblast,Haze,Protect|||M|||50|,,,,,Water]Rillaboom||AssaultVest|GrassySurge|WoodHammer,GrassyGlide,HighHorsepower,FakeOut|||M|||50|,,,,,Fire]Kingambit||BlackGlasses|Defiant|KowtowCleave,SuckerPunch,SwordsDance,Protect|||M|||50|,,,,,Ghost]Magmar||Eviolite|VitalSpirit|Overheat,WillOWisp,FollowMe,Protect|||F|||50|,,,,,Ghost
|j| metalhoney
|j| geosts
|inactive|Battle timer is ON: inactive players will automatically lose when time's up. (requested by ZiriuX)
|j| Kaiuser
|c|☆ZiriuX|Exitos
|j| laagartoo
|
|t:|1756407928
|teamsize|p1|4
|teamsize|p2|4
|start
|switch|p1a: Magmar|Magmar, L50, F|100/100
|switch|p1b: Kingambit|Kingambit, L50, M|100/100
|switch|p2a: Kingambit|Kingambit, L50, M|100/100
|switch|p2b: Magmar|Magmar, L50, F|100/100
|turn|1
|c|☆Leiva24|buena suerte
|inactive|ZiriuX has 30 seconds left.
|
|t:|1756407955
|move|p2b: Magmar|Will-O-Wisp|p1b: Kingambit
|-status|p1b: Kingambit|brn
|move|p1a: Magmar|Overheat|p2a: Kingambit
|-supereffective|p2a: Kingambit
|-damage|p2a: Kingambit|3/100
|-unboost|p1a: Magmar|spa|2
|move|p1b: Kingambit|Swords Dance|p1b: Kingambit
|-boost|p1b: Kingambit|atk|2
|move|p2a: Kingambit|Swords Dance|p2a: Kingambit
|-boost|p2a: Kingambit|atk|2
|
|-damage|p1b: Kingambit|94/100 brn|[from] brn
|upkeep
|turn|2
|inactive|Leiva24 has 30 seconds left.
|
|t:|1756407983
|move|p2b: Magmar|Follow Me|p2b: Magmar
|-singleturn|p2b: Magmar|move: Follow Me
|move|p1a: Magmar|Overheat|p2b: Magmar
|-resisted|p2b: Magmar
|-damage|p2b: Magmar|90/100
|-unboost|p1a: Magmar|spa|2
|move|p1b: Kingambit|Kowtow Cleave|p2b: Magmar
|-damage|p2b: Magmar|44/100
|move|p2a: Kingambit|Kowtow Cleave|p1b: Kingambit
|-resisted|p1b: Kingambit
|-damage|p1b: Kingambit|53/100 brn
|
|-damage|p1b: Kingambit|47/100 brn|[from] brn
|upkeep
|turn|3
|
|t:|1756408003
|move|p2b: Magmar|Follow Me|p2b: Magmar
|-singleturn|p2b: Magmar|move: Follow Me
|move|p1a: Magmar|Follow Me|p1a: Magmar
|-singleturn|p1a: Magmar|move: Follow Me
|move|p2a: Kingambit|Kowtow Cleave|p1a: Magmar
|-damage|p1a: Magmar|0 fnt
|faint|p1a: Magmar
|move|p1b: Kingambit|Kowtow Cleave|p2b: Magmar
|-damage|p2b: Magmar|0 fnt
|faint|p2b: Magmar
|
|-damage|p1b: Kingambit|41/100 brn|[from] brn
|upkeep
|
|t:|1756408025
|switch|p1a: Rillaboom|Rillaboom, L50, M|100/100
|switch|p2b: Sneasler|Sneasler, L50, F|100/100
|-fieldstart|move: Grassy Terrain|[from] ability: Grassy Surge|[of] p1a: Rillaboom
|turn|4
|
|t:|1756408046
|switch|p2b: Rillaboom|Rillaboom, L50, M|100/100
|-terastallize|p1a: Rillaboom|Fire
|move|p2a: Kingambit|Protect|p2a: Kingambit
|-singleturn|p2a: Kingambit|Protect
|move|p1a: Rillaboom|Grassy Glide|p2a: Kingambit
|-activate|p2a: Kingambit|move: Protect
|move|p1b: Kingambit|Sucker Punch||[still]
|-fail|p1b: Kingambit
|
|-heal|p2a: Kingambit|9/100|[from] Grassy Terrain
|-heal|p1b: Kingambit|47/100 brn|[from] Grassy Terrain
|-damage|p1b: Kingambit|41/100 brn|[from] brn
|upkeep
|turn|5
|j| JuancitoA
|inactive|ZiriuX has 30 seconds left.
|inactive|ZiriuX has 20 seconds left.
|
|t:|1756408083
|move|p2b: Rillaboom|Fake Out|p1a: Rillaboom
|-damage|p1a: Rillaboom|86/100
|cant|p1a: Rillaboom|flinch
|move|p2a: Kingambit|Sucker Punch|p1b: Kingambit
|-resisted|p1b: Kingambit
|-damage|p1b: Kingambit|4/100 brn
|move|p1b: Kingambit|Sucker Punch||[still]
|-fail|p1b: Kingambit
|
|-heal|p1a: Rillaboom|92/100|[from] Grassy Terrain
|-heal|p1b: Kingambit|10/100 brn|[from] Grassy Terrain
|-heal|p2a: Kingambit|15/100|[from] Grassy Terrain
|-damage|p1b: Kingambit|4/100 brn|[from] brn
|upkeep
|turn|6
|inactive|Leiva24 has 30 seconds left.
|
|t:|1756408109
|move|p2a: Kingambit|Protect|p2a: Kingambit
|-singleturn|p2a: Kingambit|Protect
|move|p1a: Rillaboom|Grassy Glide|p2a: Kingambit
|-activate|p2a: Kingambit|move: Protect
|move|p2b: Rillaboom|Grassy Glide|p1b: Kingambit
|-resisted|p1b: Kingambit
|-damage|p1b: Kingambit|0 fnt
|faint|p1b: Kingambit
|
|-heal|p1a: Rillaboom|98/100|[from] Grassy Terrain
|-heal|p2a: Kingambit|21/100|[from] Grassy Terrain
|upkeep
|
|t:|1756408118
|switch|p1b: Sneasler|Sneasler, L50, M|100/100
|turn|7
|l| JuancitoA
|inactive|Leiva24 has 30 seconds left.
|inactive|ZiriuX has 30 seconds left.
|inactive|Leiva24 has 20 seconds left.
|
|t:|1756408158
|move|p1b: Sneasler|Fake Out|p2a: Kingambit
|-resisted|p2a: Kingambit
|-damage|p2a: Kingambit|16/100
|cant|p2a: Kingambit|flinch
|move|p1a: Rillaboom|High Horsepower|p2a: Kingambit
|-supereffective|p2a: Kingambit
|-damage|p2a: Kingambit|0 fnt
|faint|p2a: Kingambit
|move|p2b: Rillaboom|High Horsepower|p1b: Sneasler
|-supereffective|p1b: Sneasler
|-enditem|p1b: Sneasler|Focus Sash
|-damage|p1b: Sneasler|1/100
|
|-heal|p1b: Sneasler|7/100|[from] Grassy Terrain
|-heal|p1a: Rillaboom|100/100|[from] Grassy Terrain
|upkeep
|
|t:|1756408160
|switch|p2a: Sneasler|Sneasler, L50, F|100/100
|turn|8
|
|t:|1756408186
|move|p1b: Sneasler|Protect|p1b: Sneasler
|-singleturn|p1b: Sneasler|Protect
|move|p2a: Sneasler|Fake Out|p1b: Sneasler
|-activate|p1b: Sneasler|move: Protect
|move|p2b: Rillaboom|High Horsepower|p1a: Rillaboom
|-supereffective|p1a: Rillaboom
|-damage|p1a: Rillaboom|29/100
|move|p1a: Rillaboom|High Horsepower|p2a: Sneasler
|-supereffective|p2a: Sneasler
|-enditem|p2a: Sneasler|Focus Sash
|-damage|p2a: Sneasler|1/100
|
|-heal|p2a: Sneasler|7/100|[from] Grassy Terrain
|-heal|p1b: Sneasler|13/100|[from] Grassy Terrain
|-heal|p1a: Rillaboom|36/100|[from] Grassy Terrain
|-fieldend|move: Grassy Terrain
|upkeep
|turn|9
|inactive|Leiva24 has 30 seconds left.
|inactive|Leiva24 has 20 seconds left.
|inactive|Leiva24 has 15 seconds left.
|inactive|Leiva24 has 10 seconds left.
|inactive|Leiva24 has 5 seconds left.
|
|t:|1756408236
|-terastallize|p2b: Rillaboom|Fire
|move|p1b: Sneasler|Dire Claw|p2a: Sneasler
|-resisted|p2a: Sneasler
|-damage|p2a: Sneasler|0 fnt
|faint|p2a: Sneasler
|move|p2b: Rillaboom|High Horsepower|p1b: Sneasler
|-supereffective|p1b: Sneasler
|-damage|p1b: Sneasler|0 fnt
|faint|p1b: Sneasler
|move|p1a: Rillaboom|High Horsepower|p2b: Rillaboom
|-supereffective|p2b: Rillaboom
|-damage|p2b: Rillaboom|38/100
|
|upkeep
|turn|10
|
|t:|1756408249
|move|p2b: Rillaboom|High Horsepower|p1a: Rillaboom
|-supereffective|p1a: Rillaboom
|-damage|p1a: Rillaboom|0 fnt
|faint|p1a: Rillaboom
|
|win|ZiriuX
