|j|☆elmono11
|j|☆Can I pet the dog?
|html|elmono11Can I pet the dog?    
|uhtml|bestof|Game 1 of a best-of-3
|t:|1785188376
|gametype|doubles
|player|p1|elmono11|101|1443
|player|p2|Can I pet the dog?|169|1386
|gen|9
|tier|[Gen 9 Champions] VGC 2026 Reg M-B (Bo3)
|rated|
|rule|Species Clause: Limit one of each Pokémon
|rule|Item Clause: Limit 1 of each item
|clearpoke
|poke|p1|Staraptor, L50, F|
|poke|p1|Glimmora, L50, M|
|poke|p1|Whimsicott, L50, F|
|poke|p1|Kingambit, L50, M|
|poke|p1|Garchomp, L50, F|
|poke|p1|Delphox, L50, M|
|poke|p2|Froslass, L50, F|
|poke|p2|Glimmora, L50, M|
|poke|p2|Incineroar, L50, F|
|poke|p2|Kommo-o, L50, F|
|poke|p2|Basculegion, L50, M|
|poke|p2|Kingambit, L50, F|
|teampreview|4
|showteam|p1|Staraptor||Staraptite|Intimidate|CloseCombat,BraveBird,Roost,Protect|Jolly||F|||50|]Glimmora||FocusSash|ToxicDebris|PowerGem,SludgeBomb,EarthPower,SpikyShield|Modest||M|||50|]Whimsicott||OccaBerry|Prankster|Tailwind,Moonblast,Charm,LightScreen|Timid||F|||50|]Kingambit||ChopleBerry|Defiant|KowtowCleave,IronHead,LowKick,SuckerPunch|Adamant||M|||50|]Garchomp||LifeOrb|RoughSkin|Earthquake,DragonClaw,RockSlide,Protect|Jolly||F|||50|]Delphox||Delphoxite|Blaze|HeatWave,Psychic,Substitute,Protect|Modest||M|||50|
|showteam|p2|Froslass||Froslassite|SnowCloak|Blizzard,ShadowBall,Thunderbolt,Protect|Timid||F|||50|]Glimmora||FocusSash|ToxicDebris|PowerGem,SludgeBomb,EarthPower,SpikyShield|Timid||M|||50|]Incineroar||SitrusBerry|Intimidate|FlareBlitz,ThroatChop,PartingShot,FakeOut|Impish||F|||50|]Kommo-o||Leftovers|Soundproof|ClangingScales,ClangorousSoul,AuraSphere,Protect|Timid||F|||50|]Basculegion||ChoiceScarf|Adaptability|WaveCrash,FlipTurn,AquaJet,LastRespects|Jolly||M|||50|]Kingambit||LifeOrb|Defiant|KowtowCleave,SuckerPunch,IronHead,Protect|Adamant||F|||50|
|inactive|Battle timer is ON: inactive players will automatically lose when time's up. (requested by elmono11)
|inactive|elmono11 has 60 seconds left.
|inactive|elmono11 has 30 seconds left.
|
|t:|1785188438
|teamsize|p1|4
|teamsize|p2|4
|start
|switch|p1a: Staraptor|Staraptor, L50, F|100/100
|switch|p1b: Glimmora|Glimmora, L50, M|100/100
|switch|p2a: Froslass|Froslass, L50, F|100/100
|switch|p2b: Incineroar|Incineroar, L50, F|100/100
|-ability|p1a: Staraptor|Intimidate|boost
|-unboost|p2a: Froslass|atk|1
|-unboost|p2b: Incineroar|atk|1
|-ability|p2b: Incineroar|Intimidate|boost
|-unboost|p1a: Staraptor|atk|1
|-unboost|p1b: Glimmora|atk|1
|turn|1
|inactive|elmono11 has 30 seconds left.
|inactive|elmono11 has 20 seconds left.
|inactive|Can I pet the dog? has 30 seconds left.
|inactive|elmono11 has 15 seconds left.
|inactive|elmono11 has 10 seconds left.
|inactive|elmono11 has 5 seconds left.
|
|t:|1785188490
|switch|p1a: Kingambit|Kingambit, L50, M|100/100
|switch|p2b: Basculegion|Basculegion, L50, M|100/100
|detailschange|p2a: Froslass|Froslass-Mega, L50, F
|-mega|p2a: Froslass|Froslass|Froslassite
|-weather|Snowscape|[from] ability: Snow Warning|[of] p2a: Froslass
|move|p1b: Glimmora|Spiky Shield|p1b: Glimmora
|-singleturn|p1b: Glimmora|move: Protect
|move|p2a: Froslass|Blizzard|p1a: Kingambit|[spread] p1a
|-activate|p1b: Glimmora|move: Protect
|-resisted|p1a: Kingambit|1
|-damage|p1a: Kingambit|79/100
|
|-weather|Snowscape|[upkeep]
|upkeep
|turn|2
|l|☆Can I pet the dog?
|inactive|Can I pet the dog? disconnected and has a minute to reconnect!
|player|p2|
|j|☆Can I pet the dog?
|inactive|Can I pet the dog? reconnected and has 50 seconds left.
|player|p2|Can I pet the dog?|169|
|inactive|elmono11 has 30 seconds left.
|
|t:|1785188516
|move|p2b: Basculegion|Flip Turn|p1b: Glimmora
|-supereffective|p1b: Glimmora|1
|-damage|p1b: Glimmora|6/100
|-activate|p1b: Glimmora|ability: Toxic Debris
|-sidestart|p2: Can I pet the dog?|move: Toxic Spikes
|
|t:|1785188521
|switch|p2b: Glimmora|Glimmora, L50, M|100/100|[from] Flip Turn
|-sideend|p2: Can I pet the dog?|move: Toxic Spikes|[of] p2b: Glimmora
|move|p2a: Froslass|Blizzard|p1a: Kingambit|[spread] p1a,p1b
|-resisted|p1a: Kingambit|1
|-damage|p1a: Kingambit|59/100
|-damage|p1b: Glimmora|0 fnt
|faint|p1b: Glimmora
|move|p1a: Kingambit|Kowtow Cleave|p2b: Glimmora
|-damage|p2b: Glimmora|38/100
|-activate|p2b: Glimmora|ability: Toxic Debris
|-sidestart|p1: elmono11|move: Toxic Spikes
|
|-weather|Snowscape|[upkeep]
|upkeep
|inactive|elmono11 has 30 seconds left.
|inactive|elmono11 has 20 seconds left.
|
|t:|1785188556
|switch|p1b: Staraptor|Staraptor, L50, F|100/100
|-ability|p1b: Staraptor|Intimidate|boost
|-unboost|p2a: Froslass|atk|1
|-unboost|p2b: Glimmora|atk|1
|turn|3
|
|t:|1785188577
|switch|p2a: Incineroar|Incineroar, L50, F|100/100
|-ability|p2a: Incineroar|Intimidate|boost
|-unboost|p1a: Kingambit|atk|1
|-ability|p1a: Kingambit|Defiant|boost
|-boost|p1a: Kingambit|atk|2
|-unboost|p1b: Staraptor|atk|1
|detailschange|p1b: Staraptor|Staraptor-Mega, L50, F
|-mega|p1b: Staraptor|Staraptor|Staraptite
|move|p1b: Staraptor|Protect|p1b: Staraptor
|-singleturn|p1b: Staraptor|Protect
|move|p2b: Glimmora|Spiky Shield|p2b: Glimmora
|-singleturn|p2b: Glimmora|move: Protect
|move|p1a: Kingambit|Kowtow Cleave|p2a: Incineroar
|-resisted|p2a: Incineroar|1
|-damage|p2a: Incineroar|73/100
|
|-weather|Snowscape|[upkeep]
|upkeep
|turn|4
|inactive|Can I pet the dog? has 30 seconds left.
|
|t:|1785188608
|move|p2a: Incineroar|Fake Out|p1a: Kingambit
|-resisted|p1a: Kingambit|1
|-damage|p1a: Kingambit|56/100
|cant|p1a: Kingambit|flinch
|move|p1b: Staraptor|Close Combat|p2b: Glimmora
|-damage|p2b: Glimmora|0 fnt
|-boost|p1b: Staraptor|def|1
|-boost|p1b: Staraptor|spd|1
|-activate|p2b: Glimmora|ability: Toxic Debris
|-sidestart|p1: elmono11|move: Toxic Spikes
|faint|p2b: Glimmora
|
|-weather|Snowscape|[upkeep]
|upkeep
|
|t:|1785188620
|switch|p2b: Froslass|Froslass-Mega, L50, F|100/100
|turn|5
|inactive|elmono11 has 30 seconds left.
|
|t:|1785188654
|switch|p2b: Basculegion|Basculegion, L50, M|100/100
|move|p1b: Staraptor|Close Combat|p2a: Incineroar
|-supereffective|p2a: Incineroar|1
|-damage|p2a: Incineroar|21/100
|-boost|p1b: Staraptor|def|1
|-boost|p1b: Staraptor|spd|1
|-enditem|p2a: Incineroar|Sitrus Berry|[eat]
|-heal|p2a: Incineroar|46/100|[from] item: Sitrus Berry
|move|p2a: Incineroar|Flare Blitz|p1a: Kingambit
|-supereffective|p1a: Kingambit|1
|-damage|p1a: Kingambit|0 fnt
|faint|p1a: Kingambit
|-damage|p2a: Incineroar|27/100|[from] Recoil
|
|-weather|none
|upkeep
|
|t:|1785188663
|switch|p1a: Whimsicott|Whimsicott, L50, F|100/100
|-status|p1a: Whimsicott|tox
|turn|6
|
|t:|1785188678
|move|p2b: Basculegion|Flip Turn|p1b: Staraptor
|-damage|p1b: Staraptor|83/100
|
|t:|1785188680
|switch|p2b: Froslass|Froslass-Mega, L50, F|100/100|[from] Flip Turn
|-weather|Snowscape|[from] ability: Snow Warning|[of] p2b: Froslass
|move|p1b: Staraptor|Brave Bird|p2a: Incineroar
|-crit|p2a: Incineroar
|-damage|p2a: Incineroar|0 fnt
|faint|p2a: Incineroar
|-damage|p1b: Staraptor|73/100|[from] Recoil
|move|p1a: Whimsicott|Moonblast|p2b: Froslass
|-crit|p2b: Froslass
|-damage|p2b: Froslass|55/100
|
|-weather|Snowscape|[upkeep]
|-damage|p1a: Whimsicott|93/100 tox|[from] psn
|upkeep
|
|t:|1785188683
|switch|p2a: Basculegion|Basculegion, L50, M|100/100
|turn|7
|
|t:|1785188693
|move|p1a: Whimsicott|Tailwind|p1a: Whimsicott
|-sidestart|p1: elmono11|move: Tailwind
|move|p1b: Staraptor|Brave Bird|p2b: Froslass
|-damage|p2b: Froslass|20/100y
|-damage|p1b: Staraptor|63/100|[from] Recoil
|move|p2a: Basculegion|Last Respects|p1b: Staraptor
|-crit|p1b: Staraptor
|-damage|p1b: Staraptor|0 fnt
|faint|p1b: Staraptor
|move|p2b: Froslass|Blizzard|p1a: Whimsicott
|-supereffective|p1a: Whimsicott|1
|-damage|p1a: Whimsicott|0 fnt
|faint|p1a: Whimsicott
|
|win|Can I pet the dog?
