|j|☆AntonioCartana
|j|☆carlitose
|html|AntonioCartanacarlitose    
|uhtml|bestof|Game 1 of a best-of-3
|t:|1757148104
|gametype|doubles
|player|p1|AntonioCartana|bruno|1029
|player|p2|carlitose|guzma|1054
|gen|9
|tier|[Gen 9] VGC 2025 Reg H (Bo3)
|rated|
|rule|Species Clause: Limit one of each Pokémon
|rule|Item Clause: Limit 1 of each item
|clearpoke
|poke|p1|Kingambit, L50, F|
|poke|p1|Rillaboom, L50, F|
|poke|p1|Volcarona, L50, M|
|poke|p1|Sneasler, L50, F|
|poke|p1|Dragonite, L50, M|
|poke|p1|Smeargle, L50, F|
|poke|p2|Pelipper, L50, F|
|poke|p2|Archaludon, L50, M|
|poke|p2|Indeedee, L50, M|
|poke|p2|Sneasler, L50, M|
|poke|p2|Armarouge, L50, M|
|poke|p2|Conkeldurr, L50, M|
|teampreview|4
|showteam|p1|Kingambit||BlackGlasses|Defiant|Protect,KowtowCleave,SuckerPunch,SwordsDance|||F|||50|,,,,,Dark]Rillaboom||AssaultVest|GrassySurge|WoodHammer,GrassyGlide,HighHorsepower,FakeOut|||F|||50|,,,,,Fire]Volcarona||CovertCloak|FlameBody|Protect,HeatWave,TeraBlast,QuiverDance|||M|||50|,,,,,Fairy]Sneasler||GrassySeed|Unburden|CloseCombat,DireClaw,Protect,LashOut|||F|||50|,,,,,Dark]Dragonite||LoadedDice|Multiscale|ScaleShot,Haze,ExtremeSpeed,Protect|||M|||50|,,,,,Fairy]Smeargle||FocusSash|Moody|FakeOut,Decorate,FollowMe,SpikyShield|||F|||50|,,,,,Ghost
|showteam|p2|Pelipper||FocusSash|Drizzle|Hurricane,WideGuard,Protect,WeatherBall|||F|||50|,,,,,Grass]Archaludon||AssaultVest|Stamina|DracoMeteor,ElectroShot,BodyPress,FlashCannon|||M|||50|,,,,,Bug]Indeedee||ChoiceScarf|PsychicSurge|ExpandingForce,ShadowBall,Trick,TeraBlast|||M|||50|,,,,,Psychic]Sneasler||PsychicSeed|Unburden|DireClaw,CloseCombat,ThroatChop,Protect|||M|||50|,,,,,Dark]Armarouge||LifeOrb|FlashFire|ExpandingForce,ArmorCannon,TrickRoom,Protect|||M|||50|,,,,,Grass]Conkeldurr||FlameOrb|Guts|KnockOff,CloseCombat,Facade,Protect|||M|||50|,,,,,Steel
|inactive|Battle timer is ON: inactive players will automatically lose when time's up. (requested by AntonioCartana)
|inactive|carlitose also wants the timer to be on.
|inactive|carlitose has 60 seconds left.
|inactive|carlitose has 30 seconds left.
|inactive|carlitose has 20 seconds left.
|inactive|carlitose has 15 seconds left.
|inactive|carlitose has 10 seconds left.
|inactive|carlitose has 5 seconds left.
|
|t:|1757148191
|teamsize|p1|4
|teamsize|p2|4
|start
|switch|p1a: Shigaraki|Sneasler, L50, F|100/100
|switch|p1b: Smeargle|Smeargle, L50, F|100/100
|switch|p2a: Armarouge|Armarouge, L50, M, shiny|100/100
|switch|p2b: Sneasler|Sneasler, L50, M, shiny|100/100
|turn|1
|inactive|AntonioCartana has 30 seconds left.
|
|t:|1757148222
|switch|p2b: Indeedee|Indeedee, L50, M|100/100
|-fieldstart|move: Psychic Terrain|[from] ability: Psychic Surge|[of] p2b: Indeedee
|-terastallize|p1a: Shigaraki|Dark
|move|p1b: Smeargle|Fake Out|p2b: Indeedee
|-activate|p2b: Indeedee|move: Psychic Terrain
|move|p1a: Shigaraki|Lash Out|p2a: Armarouge
|-supereffective|p2a: Armarouge
|-damage|p2a: Armarouge|32/100
|move|p2a: Armarouge|Trick Room|p2a: Armarouge
|-fieldstart|move: Trick Room|[of] p2a: Armarouge
|
|-ability|p1b: Smeargle|Moody|boost
|-boost|p1b: Smeargle|spa|2
|-unboost|p1b: Smeargle|spd|1
|upkeep
|turn|2
|
|t:|1757148245
|move|p1a: Shigaraki|Protect|p1a: Shigaraki
|-singleturn|p1a: Shigaraki|Protect
|move|p2a: Armarouge|Expanding Force|p1b: Smeargle|[spread] p1b
|-activate|p1a: Shigaraki|move: Protect
|-enditem|p1b: Smeargle|Focus Sash
|-damage|p1b: Smeargle|1/100
|-damage|p2a: Armarouge|23/100|[from] item: Life Orb
|move|p1b: Smeargle|Decorate|p1a: Shigaraki
|-boost|p1a: Shigaraki|atk|2
|-boost|p1a: Shigaraki|spa|2
|move|p2b: Indeedee|Expanding Force|p1b: Smeargle|[spread] p1b
|-activate|p1a: Shigaraki|move: Protect
|-damage|p1b: Smeargle|0 fnt
|faint|p1b: Smeargle
|
|upkeep
|
|t:|1757148249
|switch|p1b: Trunkmeister|Rillaboom, L50, F, shiny|100/100
|-fieldstart|move: Grassy Terrain|[from] ability: Grassy Surge|[of] p1b: Trunkmeister
|-enditem|p1a: Shigaraki|Grassy Seed
|-boost|p1a: Shigaraki|def|1|[from] item: Grassy Seed
|turn|3
|inactive|AntonioCartana has 30 seconds left.
|inactive|carlitose has 30 seconds left.
|inactive|AntonioCartana has 20 seconds left.
|
|t:|1757148290
|switch|p2b: Pelipper|Pelipper, L50, F|100/100
|-weather|RainDance|[from] ability: Drizzle|[of] p2b: Pelipper
|move|p2a: Armarouge|Protect|p2a: Armarouge
|-singleturn|p2a: Armarouge|Protect
|move|p1b: Trunkmeister|Fake Out|p2a: Armarouge
|-activate|p2a: Armarouge|move: Protect
|move|p1a: Shigaraki|Lash Out|p2b: Pelipper
|-enditem|p2b: Pelipper|Focus Sash
|-damage|p2b: Pelipper|1/100
|
|-weather|RainDance|[upkeep]
|-heal|p2a: Armarouge|29/100|[from] Grassy Terrain
|upkeep
|turn|4
|inactive|carlitose has 30 seconds left.
|
|t:|1757148325
|switch|p1b: WrathofKhan|Kingambit, L50, F, shiny|100/100
|move|p1a: Shigaraki|Protect|p1a: Shigaraki
|-singleturn|p1a: Shigaraki|Protect
|move|p2a: Armarouge|Armor Cannon|p1b: WrathofKhan
|-supereffective|p1b: WrathofKhan
|-damage|p1b: WrathofKhan|17/100
|-unboost|p2a: Armarouge|def|1
|-unboost|p2a: Armarouge|spd|1
|-damage|p2a: Armarouge|19/100|[from] item: Life Orb
|move|p2b: Pelipper|Hurricane|p1b: WrathofKhan
|-resisted|p1b: WrathofKhan
|-damage|p1b: WrathofKhan|0 fnt
|faint|p1b: WrathofKhan
|
|-weather|RainDance|[upkeep]
|-heal|p2a: Armarouge|25/100|[from] Grassy Terrain
|upkeep
|
|t:|1757148333
|switch|p1b: Trunkmeister|Rillaboom, L50, F, shiny|100/100
|turn|5
|inactive|carlitose has 30 seconds left.
|inactive|carlitose has 20 seconds left.
|inactive|carlitose has 15 seconds left.
|inactive|carlitose has 10 seconds left.
|
|t:|1757148380
|move|p2b: Pelipper|Protect|p2b: Pelipper
|-singleturn|p2b: Pelipper|Protect
|move|p1b: Trunkmeister|Grassy Glide|p2a: Armarouge
|-resisted|p2a: Armarouge
|-damage|p2a: Armarouge|0 fnt
|faint|p2a: Armarouge
|move|p1a: Shigaraki|Lash Out|p2b: Pelipper
|-activate|p2b: Pelipper|move: Protect
|
|-weather|RainDance|[upkeep]
|-fieldend|move: Trick Room
|upkeep
|
|t:|1757148389
|switch|p2a: Indeedee|Indeedee, L50, M|100/100
|-fieldstart|move: Psychic Terrain|[from] ability: Psychic Surge|[of] p2a: Indeedee
|turn|6
|inactive|carlitose has 30 seconds left.
|inactive|carlitose has 20 seconds left.
|inactive|carlitose has 15 seconds left.
|inactive|carlitose has 10 seconds left.
|
|t:|1757148434
|move|p1a: Shigaraki|Dire Claw|p2a: Indeedee
|-damage|p2a: Indeedee|0 fnt
|faint|p2a: Indeedee
|move|p2b: Pelipper|Hurricane|p1b: Trunkmeister
|-supereffective|p1b: Trunkmeister
|-damage|p1b: Trunkmeister|39/100
|move|p1b: Trunkmeister|Grassy Glide|p2b: Pelipper
|-damage|p2b: Pelipper|0 fnt
|faint|p2b: Pelipper
|
|-weather|RainDance|[upkeep]
|upkeep
|
|t:|1757148443
|switch|p2a: Sneasler|Sneasler, L50, M, shiny|100/100
|-enditem|p2a: Sneasler|Psychic Seed
|-boost|p2a: Sneasler|spd|1|[from] item: Psychic Seed
|turn|7
|inactive|carlitose has 30 seconds left.
|
|t:|1757148475
|move|p1a: Shigaraki|Dire Claw|p2a: Sneasler
|-resisted|p2a: Sneasler
|-damage|p2a: Sneasler|33/100
|move|p2a: Sneasler|Dire Claw|p1b: Trunkmeister
|-supereffective|p1b: Trunkmeister
|-damage|p1b: Trunkmeister|0 fnt
|faint|p1b: Trunkmeister
|
|-weather|none
|upkeep
|turn|8
|inactive|carlitose has 30 seconds left.
|
|t:|1757148502
|move|p1a: Shigaraki|Dire Claw|p2a: Sneasler
|-resisted|p2a: Sneasler
|-damage|p2a: Sneasler|0 fnt
|faint|p2a: Sneasler
|
|win|AntonioCartana
