|j|☆Lorido
|j|☆Pointee
|html|LoridoPointee    
|uhtml|bestof|Game 3 of a best-of-3
|t:|1785079432
|gametype|doubles
|player|p1|Lorido|2|1255
|player|p2|Pointee|wallace-masters|1256
|gen|9
|tier|[Gen 9 Champions] VGC 2026 Reg M-B (Bo3)
|rated|
|rule|Species Clause: Limit one of each Pokémon
|rule|Item Clause: Limit 1 of each item
|clearpoke
|poke|p1|Aerodactyl, L50, F|
|poke|p1|Kingambit, L50, M|
|poke|p1|Sylveon, L50, F|
|poke|p1|Charizard, L50, M|
|poke|p1|Garchomp, L50, F|
|poke|p1|Farigiraf, L50, M|
|poke|p2|Sinistcha, L50|
|poke|p2|Incineroar, L50, F|
|poke|p2|Floette-Eternal, L50, F|
|poke|p2|Ceruledge, L50, F|
|poke|p2|Palafin, L50, F|
|poke|p2|Raichu, L50, F|
|teampreview|4
|showteam|p1|Aerodactyl||Aerodactylite|Unnerve|RockSlide,DualWingbeat,IceFang,Tailwind|Jolly||F|||50|]Kingambit||BlackGlasses|Defiant|KowtowCleave,IronHead,SuckerPunch,Protect|Adamant||M|||50|]Sylveon||FairyFeather|Pixilate|HyperVoice,QuickAttack,HyperBeam,Detect|Modest||F|||50|]Charizard||CharizarditeY|Blaze|HeatWave,WeatherBall,SolarBeam,Protect|Modest||M|||50|]Garchomp||LifeOrb|RoughSkin|DragonClaw,Earthquake,RockSlide,Protect|Jolly||F|||50|]Farigiraf||SitrusBerry|ArmorTail|TwinBeam,Thunderbolt,TrickRoom,HelpingHand|Relaxed||M|||50|
|showteam|p2|Sinistcha||KasibBerry|Hospitality|MatchaGotcha,TrickRoom,RagePowder,Protect|Bold|||||50|]Incineroar||PasshoBerry|Intimidate|FlareBlitz,DarkestLariat,FakeOut,PartingShot|Adamant||F|||50|]Floette-Eternal||Floettite|FlowerVeil|DazzlingGleam,DrainingKiss,CalmMind,Protect|Timid||F|||50|]Ceruledge||ColburBerry|FlashFire|BitterBlade,ShadowSneak,BulkUp,Protect|Adamant||F|||50|]Palafin||Leftovers|ZerotoHero|WaveCrash,JetPunch,CloseCombat,Protect|Adamant||F|||50|]Raichu||RaichuniteY|LightningRod|FocusBlast,ZapCannon,FakeOut,Protect|Timid||F|||50|
|inactive|Battle timer is ON: inactive players will automatically lose when time's up. (requested by Lorido)
|inactive|Lorido has 60 seconds left.
|inactive|Pointee has 60 seconds left.
|inactive|Lorido has 30 seconds left.
|inactive|Lorido has 20 seconds left.
|inactive|Lorido has 15 seconds left.
|
|t:|1785079510
|teamsize|p1|4
|teamsize|p2|4
|start
|switch|p1a: Garchomp|Garchomp, L50, F|100/100
|switch|p1b: Aerodactyl|Aerodactyl, L50, F|100/100
|switch|p2a: Ceruledge|Ceruledge, L50, F|100/100
|switch|p2b: Floette|Floette-Eternal, L50, F|100/100
|-ability|p1b: Aerodactyl|Unnerve
|turn|1
|
|t:|1785079523
|switch|p2a: Incineroar|Incineroar, L50, F|100/100
|-ability|p2a: Incineroar|Intimidate|boost
|-unboost|p1a: Garchomp|atk|1
|-unboost|p1b: Aerodactyl|atk|1
|detailschange|p1b: Aerodactyl|Aerodactyl-Mega, L50, F
|-mega|p1b: Aerodactyl|Aerodactyl|Aerodactylite
|detailschange|p2b: Floette|Floette-Mega, L50, F
|-mega|p2b: Floette|Floette|Floettite
|-ability|p2b: Floette|Fairy Aura
|move|p1b: Aerodactyl|Rock Slide|p2b: Floette|[spread] p2a,p2b
|-supereffective|p2a: Incineroar|1
|-damage|p2a: Incineroar|60/100
|-damage|p2b: Floette|74/100
|cant|p2b: Floette|flinch
|move|p1a: Garchomp|Earthquake|p2b: Floette|[spread] p2a,p2b
|-immune|p1b: Aerodactyl
|-supereffective|p2a: Incineroar|1
|-damage|p2a: Incineroar|0 fnt
|-damage|p2b: Floette|27/100
|faint|p2a: Incineroar
|-damage|p1a: Garchomp|90/100|[from] item: Life Orb
|
|upkeep
|c|☆Pointee|cant win em all
|c|☆Pointee|gg
|
|t:|1785079542
|switch|p2a: Sinistcha|Sinistcha, L50|100/100
|-heal|p2b: Floette|51/100|[from] ability: Hospitality|[of] p2a: Sinistcha
|turn|2
|inactive|Lorido has 30 seconds left.
|inactive|Lorido has 20 seconds left.
|
|t:|1785079580
|move|p1b: Aerodactyl|Rock Slide|p2a: Sinistcha|[spread] p2b
|-miss|p1b: Aerodactyl|p2a: Sinistcha
|-damage|p2b: Floette|27/100
|move|p2b: Floette|Dazzling Gleam|p1b: Aerodactyl|[spread] p1a,p1b
|-supereffective|p1a: Garchomp|1
|-damage|p1a: Garchomp|0 fnt
|-damage|p1b: Aerodactyl|44/100
|faint|p1a: Garchomp
|move|p2a: Sinistcha|Matcha Gotcha|p1b: Aerodactyl
|-damage|p1b: Aerodactyl|8/100
|
|upkeep
|
|t:|1785079588
|switch|p1a: Sylveon|Sylveon, L50, F|100/100
|turn|3
|inactive|Lorido has 30 seconds left.
|
|t:|1785079622
|move|p2b: Floette|Protect|p2b: Floette
|-singleturn|p2b: Floette|Protect
|move|p1b: Aerodactyl|Dual Wingbeat|p2a: Sinistcha
|-supereffective|p2a: Sinistcha|1
|-damage|p2a: Sinistcha|75/100
|-supereffective|p2a: Sinistcha|1
|-damage|p2a: Sinistcha|51/100
|-hitcount|p2a: Sinistcha|2
|move|p2a: Sinistcha|Matcha Gotcha|p1a: Sylveon|[spread] p1a,p1b
|-damage|p1a: Sylveon|82/100
|-heal|p2a: Sinistcha|61/100|[from] drain|[of] p1a: Sylveon
|-damage|p1b: Aerodactyl|0 fnt
|-heal|p2a: Sinistcha|65/100|[from] drain|[of] p1b: Aerodactyl
|faint|p1b: Aerodactyl
|move|p1a: Sylveon|Hyper Voice|p2a: Sinistcha|[spread] p2a
|-activate|p2b: Floette|move: Protect
|-damage|p2a: Sinistcha|0 fnt
|faint|p2a: Sinistcha
|
|upkeep
|
|t:|1785079635
|switch|p1b: Kingambit|Kingambit, L50, M|100/100
|switch|p2a: Ceruledge|Ceruledge, L50, F|100/100
|turn|4
|
|t:|1785079652
|move|p2b: Floette|Protect|p2b: Floette
|-singleturn|p2b: Floette|Protect
|move|p1b: Kingambit|Protect|p1b: Kingambit
|-singleturn|p1b: Kingambit|Protect
|move|p2a: Ceruledge|Bitter Blade|p1b: Kingambit
|-activate|p1b: Kingambit|move: Protect
|move|p1a: Sylveon|Hyper Voice|p2a: Ceruledge|[spread] p2a
|-activate|p2b: Floette|move: Protect
|-resisted|p2a: Ceruledge|1
|-damage|p2a: Ceruledge|70/100
|
|upkeep
|turn|5
|inactive|Lorido has 30 seconds left.
|inactive|Pointee has 30 seconds left.
|inactive|Pointee has 20 seconds left.
|inactive|Pointee has 15 seconds left.
|inactive|Pointee has 10 seconds left.
|
|t:|1785079698
|move|p2b: Floette|Protect||[still]
|-fail|p2b: Floette
|move|p2a: Ceruledge|Bitter Blade|p1a: Sylveon
|-damage|p1a: Sylveon|36/100
|-heal|p2a: Ceruledge|95/100|[from] drain|[of] p1a: Sylveon
|move|p1a: Sylveon|Hyper Voice|p2a: Ceruledge|[spread] p2a,p2b
|-resisted|p2a: Ceruledge|1
|-damage|p2a: Ceruledge|67/100
|-damage|p2b: Floette|0 fnt
|faint|p2b: Floette
|move|p1b: Kingambit|Iron Head|p2a: Ceruledge
|-resisted|p2a: Ceruledge|1
|-damage|p2a: Ceruledge|43/100
|
|upkeep
|turn|6
|c|☆Pointee|3 failed double protects so sad
|
|t:|1785079714
|move|p1b: Kingambit|Sucker Punch|p2a: Ceruledge
|-supereffective|p2a: Ceruledge|1
|-enditem|p2a: Ceruledge|Colbur Berry|[eat]
|-enditem|p2a: Ceruledge|Colbur Berry|[weaken]
|-damage|p2a: Ceruledge|0 fnt
|faint|p2a: Ceruledge
|
|win|Lorido
|raw|Lorido's rating: 1255 → 1280(+25 for winning)
|raw|Pointee's rating: 1256 → 1231(-25 for losing)
