|j|☆worldenddominat0r
|j|☆LekyS3
|html|worldenddominat0rLekyS3    
|uhtml|bestof|Game 1 of a best-of-3
|t:|1782607481
|gametype|doubles
|player|p1|worldenddominat0r|maid-gen6|1184
|player|p2|LekyS3|1|1259
|gen|9
|tier|[Gen 9 Champions] VGC 2026 Reg M-B (Bo3)
|rated|
|rule|Species Clause: Limit one of each Pokémon
|rule|Item Clause: Limit 1 of each item
|clearpoke
|poke|p1|Staraptor, L50, M|
|poke|p1|Maushold-Four, L50|
|poke|p1|Ninetales-Alola, L50, M|
|poke|p1|Delphox, L50, F|
|poke|p1|Basculegion, L50, M|
|poke|p1|Kingambit, L50, F|
|poke|p2|Sceptile, L50, M|
|poke|p2|Milotic, L50, M|
|poke|p2|Alcremie, L50, F|
|poke|p2|Rotom-Heat, L50|
|poke|p2|Sableye, L50, F|
|poke|p2|Beedrill, L50, M|
|teampreview|4
|showteam|p1|Staraptor||Staraptite|Intimidate|CloseCombat,BraveBird,Protect,Tailwind|Adamant||M|||50|]Maushold-Four||FocusSash|FriendGuard|SuperFang,Protect,FollowMe,Encore|Jolly|||||50|]Ninetales-Alola||NeverMeltIce|SnowWarning|Blizzard,FreezeDry,IcyWind,Protect|Timid||M|||50|]Delphox||Delphoxite|Blaze|HeatWave,Psyshock,Protect,Substitute|Timid||F|||50|]Basculegion||ChoiceScarf|Adaptability|WaveCrash,LastRespects,FlipTurn,AquaJet|Jolly||M|||50|]Kingambit||BlackGlasses|Defiant|KowtowCleave,SuckerPunch,IronHead,Protect|Adamant||F|||50|
|showteam|p2|Sceptile||Sceptilite|Overgrow|DragonPulse,GigaDrain,Protect,Substitute|Timid||M|||50|]Milotic||Leftovers|Competitive|Hypnosis,Coil,MuddyWater,Recover|Calm||M|||50|]Alcremie||FocusSash|AromaVeil|Decorate,AlluringVoice,Protect,Charm|Timid||F|||50|]Rotom-Heat||ChoiceScarf|Levitate|Discharge,Overheat,VoltSwitch,WillOWisp|Modest|||||50|]Sableye||Sablenite|Prankster|SkillSwap,FakeOut,Encore,Disable|Impish||F|||50|]Beedrill||Beedrillite|Sniper|Uturn,PoisonJab,DualWingbeat,DrillRun|Jolly||M|||50|
|inactive|Battle timer is ON: inactive players will automatically lose when time's up. (requested by worldenddominat0r)
|inactive|worldenddominat0r has 60 seconds left.
|inactive|worldenddominat0r has 30 seconds left.
|
|t:|1782607542
|teamsize|p1|4
|teamsize|p2|4
|start
|switch|p1a: Maushold|Maushold-Four, L50|100/100
|switch|p1b: Basculegion|Basculegion, L50, M|100/100
|switch|p2a: Sableye|Sableye, L50, F|100/100
|switch|p2b: Milotic|Milotic, L50, M|100/100
|turn|1
|inactive|worldenddominat0r has 30 seconds left.
|inactive|LekyS3 has 30 seconds left.
|inactive|worldenddominat0r has 20 seconds left.
|inactive|worldenddominat0r has 15 seconds left.
|inactive|worldenddominat0r has 10 seconds left.
|
|t:|1782607588
|move|p2a: Sableye|Skill Swap|p2b: Milotic
|-activate|p2a: Sableye|Skill Swap|||[of] p2b: Milotic
|move|p2b: Milotic|Coil|p2b: Milotic
|-boost|p2b: Milotic|atk|1
|-boost|p2b: Milotic|def|1
|-boost|p2b: Milotic|accuracy|1
|move|p1b: Basculegion|Wave Crash|p2a: Sableye
|-damage|p2a: Sableye|8/100
|-damage|p1b: Basculegion|75/100|[from] Recoil
|move|p1a: Maushold|Super Fang|p2b: Milotic
|-damage|p2b: Milotic|50/100y
|
|-heal|p2b: Milotic|55/100|[from] item: Leftovers
|upkeep
|turn|2
|inactive|worldenddominat0r has 30 seconds left.
|inactive|worldenddominat0r has 20 seconds left.
|
|t:|1782607628
|switch|p2a: Alcremie|Alcremie, L50, F|100/100
|move|p2b: Milotic|Coil|p2b: Milotic
|-boost|p2b: Milotic|atk|1
|-boost|p2b: Milotic|def|1
|-boost|p2b: Milotic|accuracy|1
|move|p1b: Basculegion|Wave Crash|p2a: Alcremie
|-enditem|p2a: Alcremie|Focus Sash
|-damage|p2a: Alcremie|1/100
|-damage|p1b: Basculegion|51/100|[from] Recoil
|move|p1a: Maushold|Encore|p2b: Milotic
|-block|p2b: Milotic|ability: Aroma Veil|[of] p2a: Alcremie
|
|-heal|p2b: Milotic|61/100|[from] item: Leftovers
|upkeep
|turn|3
|inactive|worldenddominat0r has 30 seconds left.
|
|t:|1782607662
|switch|p1a: Kingambit|Kingambit, L50, F|100/100
|move|p2b: Milotic|Hypnosis|p1b: Basculegion
|-status|p1b: Basculegion|slp|[from] move: Hypnosis
|cant|p1b: Basculegion|slp
|move|p2a: Alcremie|Decorate|p2b: Milotic
|-boost|p2b: Milotic|atk|2
|-boost|p2b: Milotic|spa|2
|
|-heal|p2b: Milotic|67/100|[from] item: Leftovers
|upkeep
|turn|4
|inactive|worldenddominat0r has 30 seconds left.
|inactive|worldenddominat0r has 20 seconds left.
|inactive|worldenddominat0r has 15 seconds left.
|inactive|worldenddominat0r has 10 seconds left.
|
|t:|1782607707
|switch|p1b: Maushold|Maushold-Four, L50|100/100
|move|p2a: Alcremie|Decorate|p2b: Milotic
|-boost|p2b: Milotic|atk|2
|-boost|p2b: Milotic|spa|2
|move|p2b: Milotic|Muddy Water|p1b: Maushold|[spread] p1a,p1b
|-damage|p1a: Kingambit|42/100
|-damage|p1b: Maushold|7/100
|-unboost|p1b: Maushold|accuracy|1
|move|p1a: Kingambit|Kowtow Cleave|p2b: Milotic
|-damage|p2b: Milotic|34/100
|
|-heal|p2b: Milotic|40/100|[from] item: Leftovers
|upkeep
|turn|5
|inactive|worldenddominat0r has 30 seconds left.
|
|t:|1782607736
|switch|p2a: Sableye|Sableye, L50, F|8/100
|move|p1b: Maushold|Follow Me|p1b: Maushold
|-singleturn|p1b: Maushold|move: Follow Me
|move|p2b: Milotic|Muddy Water|p1a: Kingambit|[spread] p1a,p1b
|-crit|p1b: Maushold
|-damage|p1a: Kingambit|0 fnt
|-damage|p1b: Maushold|0 fnt
|faint|p1a: Kingambit
|faint|p1b: Maushold
|
|-heal|p2b: Milotic|46/100|[from] item: Leftovers
|upkeep
|
|t:|1782607742
|switch|p1b: Basculegion|Basculegion, L50, M|51/100 slp
|switch|p1a: Staraptor|Staraptor, L50, M|100/100
|-ability|p1a: Staraptor|Intimidate|boost
|-unboost|p2a: Sableye|atk|1
|-unboost|p2b: Milotic|atk|1
|turn|6
|
|t:|1782607756
|detailschange|p1a: Staraptor|Staraptor-Mega, L50, M
|-mega|p1a: Staraptor|Staraptor|Staraptite
|move|p1a: Staraptor|Protect|p1a: Staraptor
|-singleturn|p1a: Staraptor|Protect
|move|p2a: Sableye|Fake Out|p1a: Staraptor
|-activate|p1a: Staraptor|move: Protect
|cant|p1b: Basculegion|slp
|move|p2b: Milotic|Muddy Water|p1a: Staraptor|[spread] p1b
|-activate|p1a: Staraptor|move: Protect
|-resisted|p1b: Basculegion|1
|-damage|p1b: Basculegion|9/100 slp
|
|-heal|p2b: Milotic|52/100|[from] item: Leftovers
|upkeep
|turn|7
|
|t:|1782607779
|move|p2a: Sableye|Skill Swap|p1b: Basculegion
|-activate|p2a: Sableye|Skill Swap|Adaptability|Prankster|[of] p1b: Basculegion
|-curestatus|p1b: Basculegion|slp|[msg]
|move|p1b: Basculegion|Last Respects|p2b: Milotic
|-damage|p2b: Milotic|11/100
|move|p1a: Staraptor|Close Combat|p2b: Milotic
|-damage|p2b: Milotic|0 fnt
|-boost|p1a: Staraptor|def|1
|-boost|p1a: Staraptor|spd|1
|faint|p2b: Milotic
|
|upkeep
|
|t:|1782607794
|switch|p2b: Rotom|Rotom-Heat, L50|100/100
|turn|8
|
|t:|1782607802
|switch|p2a: Alcremie|Alcremie, L50, F|1/100
|move|p1b: Basculegion|Last Respects|p2b: Rotom
|-damage|p2b: Rotom|3/100
|move|p2b: Rotom|Volt Switch|p1b: Basculegion
|-supereffective|p1b: Basculegion|1
|-damage|p1b: Basculegion|0 fnt
|faint|p1b: Basculegion
|
|t:|1782607810
|switch|p2b: Sableye|Sableye, L50, F|8/100|[from] Volt Switch
|move|p1a: Staraptor|Close Combat|p2b: Sableye
|-immune|p2b: Sableye
|
|upkeep
|turn|9
|inactive|worldenddominat0r has 30 seconds left.
|
|t:|1782607851
|switch|p2a: Rotom|Rotom-Heat, L50|3/100
|move|p2b: Sableye|Fake Out|p1a: Staraptor
|-damage|p1a: Staraptor|94/100
|cant|p1a: Staraptor|flinch
|
|upkeep
|turn|10
|
|t:|1782607866
|move|p2b: Sableye|Encore|p1a: Staraptor
|-start|p1a: Staraptor|Encore
|move|p2a: Rotom|Volt Switch|p1a: Staraptor
|-supereffective|p1a: Staraptor|1
|-damage|p1a: Staraptor|44/100
|
|t:|1782607871
|switch|p2a: Alcremie|Alcremie, L50, F|1/100|[from] Volt Switch
|move|p1a: Staraptor|Close Combat|p2a: Alcremie
|-resisted|p2a: Alcremie|1
|-damage|p2a: Alcremie|0 fnt
|-boost|p1a: Staraptor|def|1
|-boost|p1a: Staraptor|spd|1
|faint|p2a: Alcremie
|
|upkeep
|
|t:|1782607876
|switch|p2a: Rotom|Rotom-Heat, L50|3/100
|turn|11
|
|t:|1782607881
|move|p2b: Sableye|Disable|p1a: Staraptor
|-start|p1a: Staraptor|Disable|Close Combat
|move|p2a: Rotom|Volt Switch|p1a: Staraptor
|-supereffective|p1a: Staraptor|1
|-damage|p1a: Staraptor|4/100
|cant|p1a: Staraptor|Disable|Close Combat
|
|upkeep
|turn|12
|
|t:|1782607901
|move|p2b: Sableye|Encore|p2a: Rotom
|-start|p2a: Rotom|Encore
|move|p2a: Rotom|Volt Switch|p1a: Staraptor
|-supereffective|p1a: Staraptor|1
|-damage|p1a: Staraptor|0 fnt
|faint|p1a: Staraptor
|
|win|LekyS3
||worldenddominat0r is ready for game 2.
