|j|☆hexagonfoot
|j|☆ViivNZ
|html|hexagonfootViivNZ    
|uhtml|bestof|Game 3 of a best-of-3
|t:|1756448619
|gametype|doubles
|player|p1|hexagonfoot|caitlin|1162
|player|p2|ViivNZ|pokemaniac|1257
|gen|9
|tier|[Gen 9] VGC 2025 Reg H (Bo3)
|rated|
|rule|Species Clause: Limit one of each Pokémon
|rule|Item Clause: Limit 1 of each item
|clearpoke
|poke|p1|Kingambit, L50, F|
|poke|p1|Primarina, L50, M|
|poke|p1|Sneasler, L50, F|
|poke|p1|Magmar, L50, F|
|poke|p1|Rillaboom, L50, F|
|poke|p1|Dragapult, L50, M|
|poke|p2|Drifblim, L50, F|
|poke|p2|Indeedee, L50, M|
|poke|p2|Dragapult, L50, F|
|poke|p2|Volcarona, L50, M|
|poke|p2|Maushold-Four, L50|
|poke|p2|Sneasler, L50, M|
|teampreview|4
|showteam|p1|Kingambit||BlackGlasses|Defiant|KowtowCleave,SuckerPunch,SwordsDance,Protect|||F|||50|,,,,,Ghost]Primarina||SitrusBerry|LiquidVoice|HyperVoice,Moonblast,Haze,Protect|||M|||50|,,,,,Water]Sneasler||FocusSash|PoisonTouch|CloseCombat,DireClaw,FakeOut,Protect|||F|||50|,,,,,Stellar]Magmar||Eviolite|VitalSpirit|Overheat,WillOWisp,FollowMe,Protect|||F|||50|,,,,,Ghost]Rillaboom||AssaultVest|GrassySurge|WoodHammer,GrassyGlide,HighHorsepower,FakeOut|||F|||50|,,,,,Fire]Dragapult||ChoiceBand|ClearBody|DragonDarts,PhantomForce,TeraBlast,Uturn|||M|||50|,,,,,Ghost
|showteam|p2|Drifblim||PsychicSeed|Unburden|Acrobatics,Tailwind,WillOWisp,StrengthSap|||F|||50|,,,,,Grass]Indeedee||FocusSash|PsychicSurge|ExpandingForce,TeraBlast,TrickRoom,Imprison|||M|||50|,,,,,Ground]Dragapult||ChoiceBand|ClearBody|DragonDarts,PhantomForce,TeraBlast,Uturn|||F|||50|,,,,,Ghost]Volcarona||Leftovers|FlameBody|HeatWave,TeraBlast,QuiverDance,Protect|||M|||50|,,,,,Fairy]Maushold-Four||WideLens|Technician|PopulationBomb,Taunt,FollowMe,Protect||||||50|,,,,,Normal]Sneasler||WhiteHerb|Unburden|CloseCombat,DireClaw,FakeOut,Protect|||M|||50|,,,,,Stellar
|inactive|Battle timer is ON: inactive players will automatically lose when time's up. (requested by hexagonfoot)
|
|t:|1756448626
|teamsize|p1|4
|teamsize|p2|4
|start
|switch|p1a: Magmar|Magmar, L50, F|100/100
|switch|p1b: Kingambit|Kingambit, L50, F|100/100
|switch|p2a: Drifblim|Drifblim, L50, F|100/100
|switch|p2b: Indeedee|Indeedee, L50, M|100/100
|-fieldstart|move: Psychic Terrain|[from] ability: Psychic Surge|[of] p2b: Indeedee
|-enditem|p2a: Drifblim|Psychic Seed
|-boost|p2a: Drifblim|spd|1|[from] item: Psychic Seed
|turn|1
|inactive|ViivNZ has 30 seconds left.
|
|t:|1756448651
|-terastallize|p2b: Indeedee|Ground
|move|p1a: Magmar|Follow Me|p1a: Magmar
|-singleturn|p1a: Magmar|move: Follow Me
|move|p2a: Drifblim|Acrobatics|p1a: Magmar
|-damage|p1a: Magmar|72/100
|move|p2b: Indeedee|Tera Blast|p1a: Magmar|[anim] Tera Blast Ground
|-supereffective|p1a: Magmar
|-damage|p1a: Magmar|6/100
|move|p1b: Kingambit|Kowtow Cleave|p2a: Drifblim
|-supereffective|p2a: Drifblim
|-damage|p2a: Drifblim|4/100
|
|upkeep
|turn|2
|
|t:|1756448674
|move|p1a: Magmar|Follow Me|p1a: Magmar
|-singleturn|p1a: Magmar|move: Follow Me
|move|p2a: Drifblim|Tailwind|p2a: Drifblim
|-sidestart|p2: ViivNZ|move: Tailwind
|move|p2b: Indeedee|Tera Blast|p1a: Magmar|[anim] Tera Blast Ground
|-supereffective|p1a: Magmar
|-damage|p1a: Magmar|0 fnt
|faint|p1a: Magmar
|move|p1b: Kingambit|Kowtow Cleave|p2a: Drifblim
|-supereffective|p2a: Drifblim
|-damage|p2a: Drifblim|0 fnt
|faint|p2a: Drifblim
|
|upkeep
|
|t:|1756448685
|switch|p1a: Primarina|Primarina, L50, M|100/100
|switch|p2a: Volcarona|Volcarona, L50, M|100/100
|turn|3
|
|t:|1756448699
|switch|p1b: Rillaboom|Rillaboom, L50, F|100/100
|-fieldstart|move: Grassy Terrain|[from] ability: Grassy Surge|[of] p1b: Rillaboom
|move|p2a: Volcarona|Quiver Dance|p2a: Volcarona
|-boost|p2a: Volcarona|spa|1
|-boost|p2a: Volcarona|spd|1
|-boost|p2a: Volcarona|spe|1
|move|p2b: Indeedee|Tera Blast|p1b: Rillaboom|[anim] Tera Blast Ground
|-resisted|p1b: Rillaboom
|-damage|p1b: Rillaboom|85/100
|move|p1a: Primarina|Hyper Voice|p2b: Indeedee|[spread] p2a,p2b
|-supereffective|p2a: Volcarona
|-supereffective|p2b: Indeedee
|-damage|p2a: Volcarona|60/100
|-damage|p2b: Indeedee|21/100
|
|-heal|p2a: Volcarona|66/100|[from] Grassy Terrain
|-heal|p2a: Volcarona|72/100|[from] item: Leftovers
|-heal|p2b: Indeedee|27/100|[from] Grassy Terrain
|-heal|p1b: Rillaboom|91/100|[from] Grassy Terrain
|upkeep
|turn|4
|inactive|hexagonfoot has 30 seconds left.
|inactive|hexagonfoot has 20 seconds left.
|
|t:|1756448734
|switch|p2b: Dragapult|Dragapult, L50, F|100/100
|-terastallize|p1b: Rillaboom|Fire
|move|p1b: Rillaboom|Fake Out|p2a: Volcarona
|-damage|p2a: Volcarona|56/100
|cant|p2a: Volcarona|flinch
|move|p1a: Primarina|Hyper Voice|p2b: Dragapult|[spread] p2a,p2b
|-supereffective|p2a: Volcarona
|-resisted|p2b: Dragapult
|-damage|p2a: Volcarona|14/100
|-damage|p2b: Dragapult|78/100
|
|-heal|p2a: Volcarona|20/100|[from] Grassy Terrain
|-heal|p2a: Volcarona|26/100|[from] item: Leftovers
|-heal|p2b: Dragapult|84/100|[from] Grassy Terrain
|-heal|p1b: Rillaboom|97/100|[from] Grassy Terrain
|upkeep
|turn|5
|
|t:|1756448753
|move|p2a: Volcarona|Protect|p2a: Volcarona
|-singleturn|p2a: Volcarona|Protect
|move|p2b: Dragapult|Dragon Darts|p1b: Rillaboom
|-damage|p1b: Rillaboom|56/100
|-anim|p2b: Dragapult|Dragon Darts|p1b: Rillaboom
|-damage|p1b: Rillaboom|15/100
|move|p1b: Rillaboom|Wood Hammer|p2b: Dragapult
|-resisted|p2b: Dragapult
|-damage|p2b: Dragapult|31/100
|-damage|p1b: Rillaboom|0 fnt|[from] Recoil
|faint|p1b: Rillaboom
|move|p1a: Primarina|Hyper Voice|p2a: Volcarona|[spread] p2b
|-activate|p2a: Volcarona|move: Protect
|-resisted|p2b: Dragapult
|-damage|p2b: Dragapult|10/100
|
|-heal|p2a: Volcarona|32/100|[from] Grassy Terrain
|-heal|p2a: Volcarona|39/100|[from] item: Leftovers
|-heal|p2b: Dragapult|16/100|[from] Grassy Terrain
|-sideend|p2: ViivNZ|move: Tailwind
|upkeep
|
|t:|1756448764
|switch|p1b: Kingambit|Kingambit, L50, F|100/100
|turn|6
|
|t:|1756448778
|switch|p2b: Indeedee|Indeedee, L50, M, tera:Ground|27/100
|-fieldstart|move: Psychic Terrain|[from] ability: Psychic Surge|[of] p2b: Indeedee
|move|p1b: Kingambit|Sucker Punch||[still]
|-fail|p1b: Kingambit
|move|p2a: Volcarona|Heat Wave|p1a: Primarina|[spread] p1a,p1b
|-resisted|p1a: Primarina
|-supereffective|p1b: Kingambit
|-damage|p1a: Primarina|79/100
|-damage|p1b: Kingambit|21/100
|move|p1a: Primarina|Hyper Voice|p2a: Volcarona|[spread] p2a,p2b
|-supereffective|p2a: Volcarona
|-supereffective|p2b: Indeedee
|-damage|p2a: Volcarona|0 fnt
|-damage|p2b: Indeedee|0 fnt
|faint|p2a: Volcarona
|faint|p2b: Indeedee
|
|upkeep
|
|t:|1756448786
|switch|p2b: Dragapult|Dragapult, L50, F|16/100
|turn|7
|
|t:|1756448791
|move|p2b: Dragapult|Phantom Force||[still]
|-prepare|p2b: Dragapult|Phantom Force
|move|p1a: Primarina|Moonblast|p2b: Dragapult|[miss]
|-miss|p1a: Primarina|p2b: Dragapult
|move|p1b: Kingambit|Kowtow Cleave|p2b: Dragapult|[miss]
|-miss|p1b: Kingambit|p2b: Dragapult
|
|upkeep
|turn|8
|
|t:|1756448795
|move|p2b: Dragapult|Phantom Force|p1b: Kingambit|[from] lockedmove
|-resisted|p1b: Kingambit
|-damage|p1b: Kingambit|0 fnt
|faint|p1b: Kingambit
|move|p1a: Primarina|Moonblast|p2b: Dragapult
|-supereffective|p2b: Dragapult
|-damage|p2b: Dragapult|0 fnt
|faint|p2b: Dragapult
|
|win|hexagonfoot
|raw|hexagonfoot's rating: 1162 → 1194(+32 for winning)
|raw|ViivNZ's rating: 1257 → 1225(-32 for losing)
|l|☆ViivNZ
|player|p2|
