|j|☆jomivgc
|j|☆turtonator44
|html|jomivgcturtonator44    
|uhtml|bestof|Game 1 of a best-of-3
|t:|1784638619
|gametype|doubles
|player|p1|jomivgc|falkner-gen2|1200
|player|p2|turtonator44|102|1126
|gen|9
|tier|[Gen 9 Champions] VGC 2026 Reg M-B (Bo3)
|rated|
|rule|Species Clause: Limit one of each Pokémon
|rule|Item Clause: Limit 1 of each item
|clearpoke
|poke|p1|Aerodactyl, L50, M|
|poke|p1|Charizard, L50, M|
|poke|p1|Incineroar, L50, M|
|poke|p1|Kingambit, L50, F|
|poke|p1|Sylveon, L50, M|
|poke|p1|Garchomp, L50, M|
|poke|p2|Sneasler, L50, M|
|poke|p2|Arcanine-Hisui, L50, F|
|poke|p2|Heliolisk, L50, M, shiny|
|poke|p2|Froslass, L50, F|
|poke|p2|Whimsicott, L50, F|
|poke|p2|Annihilape, L50, M|
|teampreview|4
|showteam|p1|Aerodactyl||Aerodactylite|Unnerve|RockSlide,DualWingbeat,WideGuard,Tailwind|Jolly||M|||50|]Charizard||CharizarditeY|Blaze|HeatWave,WeatherBall,SolarBeam,Protect|Modest||M|||50|]Incineroar||SitrusBerry|Intimidate|FlareBlitz,DarkestLariat,FakeOut,PartingShot|Impish||M|||50|]Kingambit||FocusSash|Defiant|KowtowCleave,IronHead,SuckerPunch,LowKick|Adamant||F|||50|]Sylveon||FairyFeather|Pixilate|HyperVoice,HyperBeam,QuickAttack,Detect|Modest||M|||50|]Garchomp||LifeOrb|RoughSkin|Earthquake,DragonClaw,RockSlide,Protect|Jolly||M|||50|
|showteam|p2|Sneasler||WhiteHerb|Unburden|CloseCombat,DireClaw,FakeOut,Protect|Adamant||M|||50|]Arcanine-Hisui||FocusSash|RockHead|FlareBlitz,RockSlide,Protect,ExtremeSpeed|Jolly||F|||50|]Heliolisk||ChoiceScarf|DrySkin|Electroweb,Thunderbolt,HyperVoice,VoltSwitch|Modest||M|||50|]Froslass||Froslassite|SnowCloak|Blizzard,ShadowBall,Protect,AuroraVeil|Timid||F|||50|]Whimsicott||FairyFeather|Prankster|Tailwind,Moonblast,Encore,Protect|Timid||F|||50|]Annihilape||SitrusBerry|Defiant|Taunt,CloseCombat,RageFist,Protect|Careful||M|||50|
|inactive|Battle timer is ON: inactive players will automatically lose when time's up. (requested by jomivgc)
|inactive|jomivgc has 60 seconds left.
|inactive|turtonator44 has 60 seconds left.
|inactive|turtonator44 has 30 seconds left.
|inactive|turtonator44 has 20 seconds left.
|inactive|turtonator44 has 15 seconds left.
|inactive|turtonator44 has 10 seconds left.
|inactive|turtonator44 has 5 seconds left.
|
|t:|1784638705
|teamsize|p1|4
|teamsize|p2|4
|start
|switch|p1a: Incineroar|Incineroar, L50, M|100/100
|switch|p1b: Aerodactyl|Aerodactyl, L50, M|100/100
|switch|p2a: Heliolisk|Heliolisk, L50, M, shiny|100/100
|switch|p2b: Sneasler|Sneasler, L50, M|100/100
|-ability|p1b: Aerodactyl|Unnerve
|-ability|p1a: Incineroar|Intimidate|boost
|-unboost|p2a: Heliolisk|atk|1
|-unboost|p2b: Sneasler|atk|1
|-enditem|p2b: Sneasler|White Herb
|-clearnegativeboost|p2b: Sneasler|[silent]
|turn|1
|inactive|jomivgc has 30 seconds left.
|inactive|turtonator44 has 30 seconds left.
|
|t:|1784638732
|detailschange|p1b: Aerodactyl|Aerodactyl-Mega, L50, M
|-mega|p1b: Aerodactyl|Aerodactyl|Aerodactylite
|move|p2b: Sneasler|Fake Out|p1a: Incineroar
|-damage|p1a: Incineroar|89/100
|cant|p1a: Incineroar|flinch
|move|p2a: Heliolisk|Thunderbolt|p1b: Aerodactyl
|-supereffective|p1b: Aerodactyl|1
|-damage|p1b: Aerodactyl|0 fnt
|faint|p1b: Aerodactyl
|
|upkeep
|
|t:|1784638749
|switch|p1b: Sylveon|Sylveon, L50, M|100/100
|turn|2
|inactive|turtonator44 has 30 seconds left.
|inactive|turtonator44 has 20 seconds left.
|
|t:|1784638788
|move|p2b: Sneasler|Close Combat|p1a: Incineroar
|-supereffective|p1a: Incineroar|1
|-damage|p1a: Incineroar|0 fnt
|-unboost|p2b: Sneasler|def|1
|-unboost|p2b: Sneasler|spd|1
|faint|p1a: Incineroar
|move|p2a: Heliolisk|Thunderbolt|p1b: Sylveon
|-damage|p1b: Sylveon|65/100
|move|p1b: Sylveon|Hyper Voice|p2a: Heliolisk|[spread] p2a,p2b
|-crit|p2a: Heliolisk
|-damage|p2a: Heliolisk|2/100
|-damage|p2b: Sneasler|4/100
|
|upkeep
|
|t:|1784638799
|switch|p1a: Kingambit|Kingambit, L50, F|100/100
|turn|3
|
|t:|1784638823
|move|p2b: Sneasler|Protect|p2b: Sneasler
|-singleturn|p2b: Sneasler|Protect
|move|p1b: Sylveon|Quick Attack|p2b: Sneasler
|-activate|p2b: Sneasler|move: Protect
|move|p1a: Kingambit|Sucker Punch|p2a: Heliolisk
|-damage|p2a: Heliolisk|0 fnt
|faint|p2a: Heliolisk
|
|upkeep
|
|t:|1784638834
|switch|p2a: Arcanine|Arcanine-Hisui, L50, F|100/100
|turn|4
|inactive|turtonator44 has 30 seconds left.
|
|t:|1784638865
|move|p1b: Sylveon|Quick Attack|p2b: Sneasler
|-damage|p2b: Sneasler|0 fnt
|faint|p2b: Sneasler
|move|p1a: Kingambit|Sucker Punch|p2a: Arcanine
|-damage|p2a: Arcanine|50/100g
|move|p2a: Arcanine|Flare Blitz|p1a: Kingambit
|-supereffective|p1a: Kingambit|1
|-damage|p1a: Kingambit|9/100
|
|upkeep
|
|t:|1784638873
|switch|p2b: Froslass|Froslass, L50, F|100/100
|turn|5
|inactive|turtonator44 has 30 seconds left.
|
|t:|1784638900
|move|p2b: Froslass|Protect|p2b: Froslass
|-singleturn|p2b: Froslass|Protect
|move|p2a: Arcanine|Extreme Speed|p1a: Kingambit
|-resisted|p1a: Kingambit|1
|-damage|p1a: Kingambit|1/100
|move|p1b: Sylveon|Hyper Voice|p2b: Froslass|[spread] p2a
|-activate|p2b: Froslass|move: Protect
|-resisted|p2a: Arcanine|1
|-damage|p2a: Arcanine|19/100
|move|p1a: Kingambit|Kowtow Cleave|p2b: Froslass
|-activate|p2b: Froslass|move: Protect
|
|upkeep
|turn|6
|inactive|jomivgc has 30 seconds left.
|
|t:|1784638931
|detailschange|p2b: Froslass|Froslass-Mega, L50, F
|-mega|p2b: Froslass|Froslass|Froslassite
|-weather|Snowscape|[from] ability: Snow Warning|[of] p2b: Froslass
|move|p2a: Arcanine|Extreme Speed|p1a: Kingambit
|-resisted|p1a: Kingambit|1
|-damage|p1a: Kingambit|0 fnt
|faint|p1a: Kingambit
|move|p2b: Froslass|Blizzard|p1b: Sylveon
|-damage|p1b: Sylveon|21/100
|-status|p1b: Sylveon|frz
|cant|p1b: Sylveon|frz
|
|-weather|Snowscape|[upkeep]
|upkeep
|turn|7
|-message|jomivgc forfeited.
|
|win|turtonator44
