|j|☆123e45
|j|☆Cristante terabug
|html|123e45Cristante terabug    
|uhtml|bestof|Game 1 of a best-of-3
|t:|1756235260
|gametype|doubles
|player|p1|123e45|nanu|1196
|player|p2|Cristante terabug|kieran-champion|1217
|gen|9
|tier|[Gen 9] VGC 2025 Reg H (Bo3)
|rated|
|rule|Species Clause: Limit one of each Pokémon
|rule|Item Clause: Limit 1 of each item
|clearpoke
|poke|p1|Sneasler, L50, M|
|poke|p1|Indeedee, L50, M|
|poke|p1|Tyranitar, L50, M|
|poke|p1|Ursaluna-Bloodmoon, L50, M|
|poke|p1|Volcarona, L50, F|
|poke|p1|Annihilape, L50, F|
|poke|p2|Kommo-o, L50, F|
|poke|p2|Gholdengo, L50|
|poke|p2|Sneasler, L50, F|
|poke|p2|Rillaboom, L50, M|
|poke|p2|Dondozo, L50, M|
|poke|p2|Electabuzz, L50, M|
|teampreview|4
|showteam|p1|Sneasler||PsychicSeed|Unburden|CloseCombat,DireClaw,ThroatChop,Protect|||M|||50|,,,,,Dark]Indeedee||ChoiceScarf|PsychicSurge|ExpandingForce,DazzlingGleam,TeraBlast,Trick|||M|||50|,,,,,Fighting]Tyranitar||AssaultVest|SandStream|RockSlide,KnockOff,LowKick,TeraBlast|||M|||50|,,,,,Flying]Ursaluna-Bloodmoon||LifeOrb|MindsEye|BloodMoon,HyperVoice,EarthPower,Protect|||M|||50|,,,,,Normal]Volcarona||SitrusBerry|FlameBody|Overheat,StruggleBug,WillOWisp,RagePowder|||F|||50|,,,,,Fairy]Annihilape||SafetyGoggles|Defiant|RageFist,DrainPunch,BulkUp,Protect|||F|||50|,,,,,Fire
|showteam|p2|Kommo-o||ThroatSpray|Soundproof|ClangorousSoul,ClangingScales,Flamethrower,Protect|||F|||50|,,,,,Fire]Gholdengo||ChoiceSpecs|GoodasGold|MakeItRain,ShadowBall,DazzlingGleam,PowerGem||||||50|,,,,,Fairy]Sneasler||FocusSash|Unburden|FakeOut,DireClaw,CloseCombat,Protect|||F|||50|,,,,,Stellar]Rillaboom||AssaultVest|GrassySurge|FakeOut,WoodHammer,GrassyGlide,HighHorsepower|||M|||50|,,,,,Fire]Dondozo||Leftovers|Unaware|WaveCrash,Fissure,Yawn,Protect|||M|||50|,,,,,Flying]Electabuzz||Eviolite|VitalSpirit|Electroweb,FollowMe,HelpingHand,Protect|||M|||50|,,,,,Grass
|inactive|Battle timer is ON: inactive players will automatically lose when time's up. (requested by 123e45)
|inactive|123e45 has 60 seconds left.
|
|t:|1756235322
|teamsize|p1|4
|teamsize|p2|4
|start
|switch|p1a: Tyranitar|Tyranitar, L50, M|100/100
|switch|p1b: Sneasler|Sneasler, L50, M|100/100
|switch|p2a: Electabuzz|Electabuzz, L50, M|100/100
|switch|p2b: Gholdengo|Gholdengo, L50|100/100
|-weather|Sandstorm|[from] ability: Sand Stream|[of] p1a: Tyranitar
|turn|1
|
|t:|1756235346
|-terastallize|p2b: Gholdengo|Fairy
|-terastallize|p1a: Tyranitar|Flying
|move|p1b: Sneasler|Protect|p1b: Sneasler
|-singleturn|p1b: Sneasler|Protect
|move|p2a: Electabuzz|Follow Me|p2a: Electabuzz
|-singleturn|p2a: Electabuzz|move: Follow Me
|move|p2b: Gholdengo|Make It Rain|p1a: Tyranitar|[spread] p1a
|-activate|p1b: Sneasler|move: Protect
|-damage|p1a: Tyranitar|60/100
|-unboost|p2b: Gholdengo|spa|1
|move|p1a: Tyranitar|Knock Off|p2a: Electabuzz
|-damage|p2a: Electabuzz|52/100
|-enditem|p2a: Electabuzz|Eviolite|[from] move: Knock Off|[of] p1a: Tyranitar
|
|-weather|Sandstorm|[upkeep]
|-damage|p1b: Sneasler|95/100|[from] Sandstorm
|-damage|p2a: Electabuzz|46/100|[from] Sandstorm
|-damage|p2b: Gholdengo|95/100|[from] Sandstorm
|-damage|p1a: Tyranitar|54/100|[from] Sandstorm
|upkeep
|turn|2
|
|t:|1756235365
|move|p2a: Electabuzz|Follow Me|p2a: Electabuzz
|-singleturn|p2a: Electabuzz|move: Follow Me
|move|p1b: Sneasler|Dire Claw|p2a: Electabuzz
|-damage|p2a: Electabuzz|0 fnt
|faint|p2a: Electabuzz
|move|p2b: Gholdengo|Make It Rain|p1b: Sneasler|[spread] p1a,p1b
|-damage|p1a: Tyranitar|27/100
|-damage|p1b: Sneasler|23/100
|-unboost|p2b: Gholdengo|spa|1
|move|p1a: Tyranitar|Tera Blast|p2b: Gholdengo|[anim] Tera Blast Flying
|-damage|p2b: Gholdengo|48/100
|
|-weather|Sandstorm|[upkeep]
|-damage|p1b: Sneasler|17/100|[from] Sandstorm
|-damage|p2b: Gholdengo|42/100|[from] Sandstorm
|-damage|p1a: Tyranitar|21/100|[from] Sandstorm
|upkeep
|
|t:|1756235378
|switch|p2a: Dondozo|Dondozo, L50, M|100/100
|turn|3
|
|t:|1756235399
|switch|p2b: Rillaboom|Rillaboom, L50, M|100/100
|-fieldstart|move: Grassy Terrain|[from] ability: Grassy Surge|[of] p2b: Rillaboom
|move|p1b: Sneasler|Dire Claw|p2a: Dondozo
|-damage|p2a: Dondozo|72/100
|move|p1a: Tyranitar|Knock Off|p2a: Dondozo
|-damage|p2a: Dondozo|35/100
|-enditem|p2a: Dondozo|Leftovers|[from] move: Knock Off|[of] p1a: Tyranitar
|move|p2a: Dondozo|Wave Crash|p1b: Sneasler
|-damage|p1b: Sneasler|0 fnt
|faint|p1b: Sneasler
|-damage|p2a: Dondozo|31/100|[from] Recoil
|
|-weather|Sandstorm|[upkeep]
|-damage|p2b: Rillaboom|95/100|[from] Sandstorm
|-damage|p1a: Tyranitar|15/100|[from] Sandstorm
|-damage|p2a: Dondozo|25/100|[from] Sandstorm
|-heal|p2b: Rillaboom|100/100|[from] Grassy Terrain
|-heal|p2a: Dondozo|31/100|[from] Grassy Terrain
|upkeep
|
|t:|1756235405
|switch|p1b: Indeedee|Indeedee, L50, M|100/100
|-fieldstart|move: Psychic Terrain|[from] ability: Psychic Surge|[of] p1b: Indeedee
|turn|4
|inactive|Cristante terabug has 30 seconds left.
|
|t:|1756235437
|move|p1b: Indeedee|Expanding Force|p2a: Dondozo|[spread] p2a,p2b
|-damage|p2a: Dondozo|0 fnt
|-damage|p2b: Rillaboom|58/100
|faint|p2a: Dondozo
|move|p2b: Rillaboom|Grassy Glide|p1a: Tyranitar
|-resisted|p1a: Tyranitar
|-damage|p1a: Tyranitar|3/100
|move|p1a: Tyranitar|Tera Blast|p2b: Rillaboom|[anim] Tera Blast Flying
|-supereffective|p2b: Rillaboom
|-damage|p2b: Rillaboom|0 fnt
|faint|p2b: Rillaboom
|
|-weather|Sandstorm|[upkeep]
|-damage|p1b: Indeedee|95/100|[from] Sandstorm
|-damage|p1a: Tyranitar|0 fnt|[from] Sandstorm
|faint|p1a: Tyranitar
|upkeep
|
|t:|1756235444
|switch|p2b: Gholdengo|Gholdengo, L50, tera:Fairy|42/100
|switch|p1a: Annihilape|Annihilape, L50, F|100/100
|turn|5
|
|t:|1756235452
|move|p1b: Indeedee|Expanding Force|p2b: Gholdengo
|-damage|p2b: Gholdengo|0 fnt
|faint|p2b: Gholdengo
|
|win|123e45
||123e45 is ready for game 2.
