|j|☆VOQJKk
|j|☆TenkiBD
|html|VOQJKkTenkiBD    
|uhtml|bestof|Game 2 of a best-of-3
|t:|1785012265
|gametype|doubles
|player|p1|VOQJKk|steven|1087
|player|p2|TenkiBD|lucas|1185
|gen|9
|tier|[Gen 9 Champions] VGC 2026 Reg M-B (Bo3)
|rated|
|rule|Species Clause: Limit one of each Pokémon
|rule|Item Clause: Limit 1 of each item
|clearpoke
|poke|p1|Metagross, L50|
|poke|p1|Eelektross, L50, F|
|poke|p1|Hydreigon, L50, F|
|poke|p1|Garchomp, L50, M|
|poke|p1|Basculegion, L50, M|
|poke|p1|Whimsicott, L50, M|
|poke|p2|Charizard, L50, F|
|poke|p2|Floette-Eternal, L50, F|
|poke|p2|Garchomp, L50, M|
|poke|p2|Whimsicott, L50, M|
|poke|p2|Basculegion, L50, M|
|poke|p2|Kingambit, L50, M|
|teampreview|4
|showteam|p1|Metagross||Metagrossite|ClearBody|IronHead,PsychicFangs,IcePunch,Protect|Jolly|||||50|]Eelektross||Eelektrossite|Levitate|Thunderbolt,Flamethrower,GrassKnot,Protect|Timid||F|||50|]Hydreigon||ChoiceScarf|Levitate|DracoMeteor,DarkPulse,Snarl,HeatWave|Modest||F|||50|]Garchomp||LifeOrb|RoughSkin|DragonClaw,RockSlide,Earthquake,Protect|Jolly||M|||50|]Basculegion||MysticWater|Adaptability|WaveCrash,LastRespects,AquaJet,Protect|Adamant||M|||50|]Whimsicott||FocusSash|Prankster|Moonblast,Protect,Encore,Tailwind|Timid||M|||50|
|showteam|p2|Charizard||CharizarditeY|Blaze|HeatWave,SolarBeam,WeatherBall,Protect|Modest||F|||50|]Floette-Eternal||Floettite|FlowerVeil|Moonblast,DazzlingGleam,LightofRuin,Protect|Modest||F|||50|]Garchomp||LifeOrb|RoughSkin|DragonClaw,Earthquake,Protect,RockSlide|Jolly||M|||50|]Whimsicott||FocusSash|Prankster|Moonblast,Tailwind,Encore,Protect|Timid||M|||50|]Basculegion||MysticWater|Adaptability|WaveCrash,LastRespects,AquaJet,Protect|Adamant||M|||50|]Kingambit||BlackGlasses|Defiant|KowtowCleave,Protect,SuckerPunch,IronHead|Adamant||M|||50|
|inactive|Battle timer is ON: inactive players will automatically lose when time's up. (requested by VOQJKk)
|inactive|VOQJKk has 60 seconds left.
|inactive|TenkiBD has 60 seconds left.
|inactive|VOQJKk has 30 seconds left.
|inactive|VOQJKk has 20 seconds left.
|
|t:|1785012346
|teamsize|p1|4
|teamsize|p2|4
|start
|switch|p1a: Garchomp|Garchomp, L50, M|100/100
|switch|p1b: Whimsicott|Whimsicott, L50, M|100/100
|switch|p2a: Whimsicott|Whimsicott, L50, M|100/100
|switch|p2b: Kingambit|Kingambit, L50, M|100/100
|turn|1
|
|t:|1785012369
|move|p1b: Whimsicott|Moonblast|p2b: Kingambit
|-damage|p2b: Kingambit|66/100
|move|p2a: Whimsicott|Moonblast|p1a: Garchomp
|-supereffective|p1a: Garchomp|1
|-damage|p1a: Garchomp|26/100
|move|p1a: Garchomp|Earthquake|p2a: Whimsicott|[spread] p1b,p2a,p2b
|-resisted|p1b: Whimsicott|1
|-resisted|p2a: Whimsicott|1
|-supereffective|p2b: Kingambit|1
|-damage|p1b: Whimsicott|61/100
|-damage|p2a: Whimsicott|64/100
|-damage|p2b: Kingambit|0 fnt
|faint|p2b: Kingambit
|-damage|p1a: Garchomp|17/100|[from] item: Life Orb
|
|upkeep
|
|t:|1785012382
|switch|p2b: Floette|Floette-Eternal, L50, F|100/100
|turn|2
|inactive|TenkiBD has 30 seconds left.
|
|t:|1785012410
|detailschange|p2b: Floette|Floette-Mega, L50, F
|-mega|p2b: Floette|Floette|Floettite
|-ability|p2b: Floette|Fairy Aura
|move|p2b: Floette|Protect|p2b: Floette
|-singleturn|p2b: Floette|Protect
|move|p2a: Whimsicott|Moonblast|p1a: Garchomp
|-supereffective|p1a: Garchomp|1
|-damage|p1a: Garchomp|0 fnt
|faint|p1a: Garchomp
|move|p1b: Whimsicott|Moonblast|p2b: Floette
|-activate|p2b: Floette|move: Protect
|
|upkeep
|
|t:|1785012421
|switch|p1a: Metagross|Metagross, L50|100/100
|turn|3
|inactive|VOQJKk has 30 seconds left.
|
|t:|1785012447
|switch|p2b: Charizard|Charizard, L50, F|100/100
|detailschange|p1a: Metagross|Metagross-Mega, L50
|-mega|p1a: Metagross|Metagross|Metagrossite
|move|p1b: Whimsicott|Tailwind|p1b: Whimsicott
|-sidestart|p1: VOQJKk|move: Tailwind
|move|p2a: Whimsicott|Tailwind|p2a: Whimsicott
|-sidestart|p2: TenkiBD|move: Tailwind
|move|p1a: Metagross|Iron Head|p2b: Charizard
|-resisted|p2b: Charizard|1
|-damage|p2b: Charizard|71/100
|
|upkeep
|turn|4
|inactive|VOQJKk has 30 seconds left.
|
|t:|1785012480
|move|p1a: Metagross|Protect|p1a: Metagross
|-singleturn|p1a: Metagross|Protect
|move|p2a: Whimsicott|Encore|p1a: Metagross
|-activate|p1a: Metagross|move: Protect
|move|p1b: Whimsicott|Encore||[still]
|-fail|p1b: Whimsicott
|move|p2b: Charizard|Heat Wave|p1b: Whimsicott|[spread] p1b
|-activate|p1a: Metagross|move: Protect
|-supereffective|p1b: Whimsicott|1
|-damage|p1b: Whimsicott|0 fnt
|faint|p1b: Whimsicott
|
|upkeep
|
|t:|1785012491
|switch|p1b: Eelektross|Eelektross, L50, F|100/100
|turn|5
|
|t:|1785012506
|move|p2a: Whimsicott|Encore|p1a: Metagross
|-start|p1a: Metagross|Encore
|move|p1a: Metagross|Protect||[still]
|-fail|p1a: Metagross
|move|p2b: Charizard|Heat Wave|p1b: Eelektross|[spread] p1a,p1b
|-supereffective|p1a: Metagross|1
|-damage|p1a: Metagross|39/100
|-damage|p1b: Eelektross|62/100
|move|p1b: Eelektross|Thunderbolt|p2b: Charizard
|-supereffective|p2b: Charizard|1
|-damage|p2b: Charizard|0 fnt
|faint|p2b: Charizard
|
|upkeep
|
|t:|1785012516
|switch|p2b: Floette|Floette-Mega, L50, F|100/100
|-ability|p2b: Floette|Fairy Aura
|turn|6
|
|t:|1785012535
|move|p1a: Metagross|Protect|p1a: Metagross
|-singleturn|p1a: Metagross|Protect
|move|p2a: Whimsicott|Moonblast|p1b: Eelektross
|-damage|p1b: Eelektross|0 fnt
|faint|p1b: Eelektross
|move|p2b: Floette|Dazzling Gleam|p1a: Metagross
|-activate|p1a: Metagross|move: Protect
|
|-sideend|p1: VOQJKk|move: Tailwind
|-sideend|p2: TenkiBD|move: Tailwind
|upkeep
|turn|7
|-message|VOQJKk forfeited.
|raw|VOQJKk's rating: 1087 → 1070(-17 for losing)
|raw|TenkiBD's rating: 1185 → 1203(+18 for winning)
|
|win|TenkiBD
|l|☆VOQJKk
|player|p1|
