|j|☆f tenkiking
|j|☆Anicredible
|html|f tenkikingAnicredible    
|uhtml|bestof|Game 2 of a best-of-3
|t:|1756999600
|gametype|doubles
|player|p1|f tenkiking|miku-ghost|
|player|p2|Anicredible|hilbert|
|gen|9
|tier|[Gen 9] VGC 2025 Reg H (Bo3)
|rule|Species Clause: Limit one of each Pokémon
|rule|Item Clause: Limit 1 of each item
|clearpoke
|poke|p1|Dugtrio, L50, F|
|poke|p1|Electrode-Hisui, L50|
|poke|p1|Archaludon, L50, F|
|poke|p1|Dragonite, L50, F|
|poke|p1|Milotic, L50, F|
|poke|p1|Chandelure, L50, F|
|poke|p2|Annihilape, L50, F|
|poke|p2|Ursaluna-Bloodmoon, L50, M|
|poke|p2|Farigiraf, L50, M|
|poke|p2|Arcanine-Hisui, L50, M|
|poke|p2|Whimsicott, L50, M|
|poke|p2|Altaria, L50, F|
|teampreview|4
|showteam|p1|Dugtrio||FocusSash|ArenaTrap|SuckerPunch,Endeavor,Earthquake,Protect|||F|||50|,,,,,Dark]Electrode-Hisui||SharpBeak|Static|Taunt,TeraBlast,Electroweb,Protect||||||50|,,,,,Flying]Archaludon||PowerHerb|Stalwart|ElectroShot,FlashCannon,DracoMeteor,Protect|||F|||50|,,,,,Electric]Dragonite||LoadedDice|Multiscale|ScaleShot,ExtremeSpeed,LowKick,Protect|||F|||50|,,,,,Fairy]Milotic||SafetyGoggles|Competitive|Scald,Protect,IceBeam,Haze|||F|||50|,,,,,Steel]Chandelure||AirBalloon|FlashFire|HeatWave,ShadowBall,TrickRoom,Protect|||F|||50|,,,,,Grass
|showteam|p2|Annihilape||MistySeed|Defiant|Protect,BulkUp,DrainPunch,RageFist|||F|||50|,,,,,Fire]Ursaluna-Bloodmoon||LifeOrb|MindsEye|Protect,EarthPower,HyperVoice,BloodMoon|||M|||50|,,,,,Normal]Farigiraf||ThroatSpray|ArmorTail|Protect,TrickRoom,HyperVoice,Psychic|||M|||50|,,,,,Dragon]Arcanine-Hisui||ChoiceBand|Intimidate|FlareBlitz,RockSlide,ExtremeSpeed,WildCharge|||M|||50|,,,,,Grass]Whimsicott||CovertCloak|Prankster|Tailwind,MistyTerrain,Moonblast,Encore|||M|||50|,,,,,Fire]Altaria||SitrusBerry|CloudNine|Protect,Haze,Thief,HelpingHand|||F|||50|,,,,,Fairy
|inactive|Battle timer is ON: inactive players will automatically lose when time's up. (requested by Anicredible)
|inactive|f tenkiking has 60 seconds left.
|inactive|f tenkiking has 30 seconds left.
|inactive|f tenkiking has 20 seconds left.
|inactive|f tenkiking has 15 seconds left.
|
|t:|1756999676
|teamsize|p1|4
|teamsize|p2|4
|start
|switch|p1a: Archaludon|Archaludon, L50, F|100/100
|switch|p1b: Dragonite|Dragonite, L50, F|100/100
|switch|p2a: Mr. Long|Farigiraf, L50, M|100/100
|switch|p2b: SupaLuna|Ursaluna-Bloodmoon, L50, M|100/100
|turn|1
|inactive|Anicredible has 30 seconds left.
|inactive|f tenkiking has 30 seconds left.
|inactive|Anicredible has 20 seconds left.
|inactive|Anicredible has 15 seconds left.
|
|t:|1756999717
|switch|p2a: Cotton Bud|Whimsicott, L50, M|100/100
|switch|p2b: ANGRE MONKE|Annihilape, L50, F|100/100
|-terastallize|p1a: Archaludon|Electric
|move|p1a: Archaludon|Electro Shot||[still]
|-prepare|p1a: Archaludon|Electro Shot
|-boost|p1a: Archaludon|spa|1
|-enditem|p1a: Archaludon|Power Herb
|-anim|p1a: Archaludon|Electro Shot|p2a: Cotton Bud
|-resisted|p2a: Cotton Bud
|-damage|p2a: Cotton Bud|27/100
|move|p1b: Dragonite|Low Kick|p2b: ANGRE MONKE
|-immune|p2b: ANGRE MONKE
|
|upkeep
|turn|2
|inactive|f tenkiking has 30 seconds left.
|inactive|f tenkiking has 20 seconds left.
|
|t:|1756999753
|switch|p2b: Mr. Long|Farigiraf, L50, M|100/100
|move|p1b: Dragonite|Extreme Speed||[still]
|cant|p2b: Mr. Long|ability: Armor Tail|Extreme Speed|[of] p1b: Dragonite
|move|p2a: Cotton Bud|Encore|p1a: Archaludon
|-start|p1a: Archaludon|Encore
|move|p1a: Archaludon|Electro Shot||[still]
|-prepare|p1a: Archaludon|Electro Shot
|-boost|p1a: Archaludon|spa|1
|
|upkeep
|turn|3
|inactive|Anicredible has 30 seconds left.
|inactive|Anicredible has 20 seconds left.
|
|t:|1756999792
|switch|p2a: SupaLuna|Ursaluna-Bloodmoon, L50, M|100/100
|switch|p1b: Chandelure|Chandelure, L50, F|100/100
|-item|p1b: Chandelure|Air Balloon
|move|p1a: Archaludon|Electro Shot|p2b: Mr. Long|[from] lockedmove
|-damage|p2b: Mr. Long|0 fnt
|faint|p2b: Mr. Long
|
|upkeep
|
|t:|1756999806
|switch|p2b: Cotton Bud|Whimsicott, L50, M|27/100
|turn|4
|
|t:|1756999822
|move|p2b: Cotton Bud|Tailwind|p2b: Cotton Bud
|-sidestart|p2: Anicredible|move: Tailwind
|move|p2a: SupaLuna|Blood Moon|p1b: Chandelure
|-damage|p1b: Chandelure|0 fnt
|-enditem|p1b: Chandelure|Air Balloon
|faint|p1b: Chandelure
|-damage|p2a: SupaLuna|91/100|[from] item: Life Orb
|move|p1a: Archaludon|Electro Shot||[still]
|-prepare|p1a: Archaludon|Electro Shot
|-boost|p1a: Archaludon|spa|1
|
|-end|p1a: Archaludon|Encore
|upkeep
|
|t:|1756999831
|switch|p1b: Dragonite|Dragonite, L50, F|100/100
|turn|5
|inactive|Anicredible has 30 seconds left.
|
|t:|1756999859
|move|p2b: Cotton Bud|Misty Terrain|p2b: Cotton Bud
|-fieldstart|move: Misty Terrain
|move|p2a: SupaLuna|Earth Power|p1a: Archaludon
|-supereffective|p1a: Archaludon
|-damage|p1a: Archaludon|0 fnt
|faint|p1a: Archaludon
|-damage|p2a: SupaLuna|81/100|[from] item: Life Orb
|move|p1b: Dragonite|Low Kick|p2a: SupaLuna
|-supereffective|p2a: SupaLuna
|-damage|p2a: SupaLuna|21/100
|
|upkeep
|
|t:|1756999868
|switch|p1a: Milotic|Milotic, L50, F, shiny|100/100
|turn|6
|inactive|f tenkiking has 30 seconds left.
|
|t:|1756999897
|move|p2a: SupaLuna|Protect|p2a: SupaLuna
|-singleturn|p2a: SupaLuna|Protect
|move|p1b: Dragonite|Extreme Speed|p2b: Cotton Bud
|-damage|p2b: Cotton Bud|0 fnt
|faint|p2b: Cotton Bud
|move|p1a: Milotic|Scald|p2a: SupaLuna
|-activate|p2a: SupaLuna|move: Protect
|
|upkeep
|
|t:|1756999904
|switch|p2b: ANGRE MONKE|Annihilape, L50, F|100/100
|-enditem|p2b: ANGRE MONKE|Misty Seed
|-boost|p2b: ANGRE MONKE|spd|1|[from] item: Misty Seed
|turn|7
|inactive|Anicredible has 30 seconds left.
|
|t:|1756999930
|move|p1b: Dragonite|Protect|p1b: Dragonite
|-singleturn|p1b: Dragonite|Protect
|move|p1a: Milotic|Protect|p1a: Milotic
|-singleturn|p1a: Milotic|Protect
|move|p2b: ANGRE MONKE|Drain Punch|p1a: Milotic
|-activate|p1a: Milotic|move: Protect
|move|p2a: SupaLuna|Blood Moon|p1a: Milotic
|-activate|p1a: Milotic|move: Protect
|
|-sideend|p2: Anicredible|move: Tailwind
|upkeep
|turn|8
|
|t:|1756999947
|move|p2a: SupaLuna|Protect|p2a: SupaLuna
|-singleturn|p2a: SupaLuna|Protect
|move|p2b: ANGRE MONKE|Rage Fist|p1b: Dragonite
|-damage|p1b: Dragonite|87/100
|move|p1b: Dragonite|Scale Shot|p2b: ANGRE MONKE
|-damage|p2b: ANGRE MONKE|93/100
|-damage|p2b: ANGRE MONKE|84/100
|-damage|p2b: ANGRE MONKE|76/100
|-damage|p2b: ANGRE MONKE|68/100
|-hitcount|p2b: ANGRE MONKE|4
|-unboost|p1b: Dragonite|def|1
|-boost|p1b: Dragonite|spe|1
|move|p1a: Milotic|Scald|p2a: SupaLuna
|-activate|p2a: SupaLuna|move: Protect
|
|upkeep
|turn|9
|inactive|Anicredible has 30 seconds left.
|inactive|Anicredible has 20 seconds left.
|inactive|Anicredible has 15 seconds left.
|inactive|Anicredible has 10 seconds left.
|
|t:|1756999993
|move|p1b: Dragonite|Protect|p1b: Dragonite
|-singleturn|p1b: Dragonite|Protect
|move|p2a: SupaLuna|Protect||[still]
|-fail|p2a: SupaLuna
|move|p2b: ANGRE MONKE|Bulk Up|p2b: ANGRE MONKE
|-boost|p2b: ANGRE MONKE|atk|1
|-boost|p2b: ANGRE MONKE|def|1
|move|p1a: Milotic|Scald|p2a: SupaLuna
|-supereffective|p2a: SupaLuna
|-damage|p2a: SupaLuna|0 fnt
|faint|p2a: SupaLuna
|
|-fieldend|Misty Terrain
|upkeep
|turn|10
|
|t:|1757000006
|move|p1b: Dragonite|Scale Shot|p2b: ANGRE MONKE
|-damage|p2b: ANGRE MONKE|57/100
|-damage|p2b: ANGRE MONKE|47/100
|-damage|p2b: ANGRE MONKE|37/100
|-damage|p2b: ANGRE MONKE|25/100
|-damage|p2b: ANGRE MONKE|14/100
|-hitcount|p2b: ANGRE MONKE|5
|-unboost|p1b: Dragonite|def|1
|-boost|p1b: Dragonite|spe|1
|move|p2b: ANGRE MONKE|Rage Fist|p1a: Milotic
|-damage|p1a: Milotic|0 fnt
|faint|p1a: Milotic
|
|upkeep
|turn|11
|
|t:|1757000016
|move|p1b: Dragonite|Scale Shot|p2b: ANGRE MONKE|[miss]
|-miss|p1b: Dragonite|p2b: ANGRE MONKE
|move|p2b: ANGRE MONKE|Drain Punch|p1b: Dragonite
|-resisted|p1b: Dragonite
|-crit|p1b: Dragonite
|-damage|p1b: Dragonite|0 fnt
|-heal|p2b: ANGRE MONKE|52/100|[from] drain|[of] p1b: Dragonite
|faint|p1b: Dragonite
|
|win|Anicredible
|c|☆Anicredible|gg
|inactive|f tenkiking has 30 seconds to confirm battle start!
|inactive|Anicredible has 30 seconds to confirm battle start!
||f tenkiking is ready for game 3.
