|j|☆EnigmaEUW
|j|☆Rodrigo21amz
|html|EnigmaEUWRodrigo21amz    
|uhtml|bestof|Game 3 of a best-of-3
|t:|1756320813
|gametype|doubles
|player|p1|EnigmaEUW|ingo|1034
|player|p2|Rodrigo21amz|volkner|1033
|gen|9
|tier|[Gen 9] VGC 2025 Reg H (Bo3)
|rated|
|rule|Species Clause: Limit one of each Pokémon
|rule|Item Clause: Limit 1 of each item
|clearpoke
|poke|p1|Pelipper, L50, M|
|poke|p1|Archaludon, L50, F|
|poke|p1|Grimmsnarl, L50, M|
|poke|p1|Hydreigon, L50, M|
|poke|p1|Ursaluna, L50, F|
|poke|p1|Amoonguss, L50, M|
|poke|p2|Whimsicott, L50, F|
|poke|p2|Ursaluna-Bloodmoon, L50, M|
|poke|p2|Typhlosion-Hisui, L50, F|
|poke|p2|Sneasler, L50, F|
|poke|p2|Dragapult, L50, F|
|poke|p2|Indeedee, L50, M|
|teampreview|4
|showteam|p1|Pelipper||CovertCloak|Drizzle|WeatherBall,Hurricane,Tailwind,Protect|||M|||50|,,,,,Grass]Archaludon||AssaultVest|Stamina|ElectroShot,BodyPress,DracoMeteor,FlashCannon|||F|||50|,,,,,Bug]Grimmsnarl||LightClay|Prankster|LightScreen,Reflect,ThunderWave,SpiritBreak|||M|||50|,,,,,Ghost]Hydreigon||SafetyGoggles|Levitate|Snarl,DracoMeteor,Tailwind,Protect|||M|||50|,,,,,Poison]Ursaluna||FlameOrb|Guts|Facade,Earthquake,HeadlongRush,Protect|||F|||50|,,,,,Ghost]Amoonguss||SitrusBerry|Regenerator|Spore,RagePowder,PollenPuff,Protect|||M|||50|,,,,,Electric
|showteam|p2|Whimsicott||CovertCloak|Prankster|Tailwind,SunnyDay,Moonblast,Encore|||F|||50|,,,,,Steel]Ursaluna-Bloodmoon||LifeOrb|MindsEye|BloodMoon,HyperVoice,EarthPower,Protect|||M|||50|,,,,,Normal]Typhlosion-Hisui||ChoiceScarf|Blaze|Eruption,ShadowBall,HeatWave,Overheat|||F|||50|,,,,,Fire]Sneasler||PsychicSeed|Unburden|Protect,CloseCombat,DireClaw,ThroatChop|||F|||50|,,,,,Dark]Dragapult||ChoiceBand|ClearBody|DragonDarts,Outrage,Uturn,PhantomForce|||F|||50|,,,,,Dragon]Indeedee||FocusSash|PsychicSurge|ExpandingForce,TeraBlast,HyperVoice,Protect|||M|||50|,,,,,Fighting
|inactive|Battle timer is ON: inactive players will automatically lose when time's up. (requested by EnigmaEUW)
|inactive|EnigmaEUW has 60 seconds left.
|inactive|Rodrigo21amz has 60 seconds left.
|
|t:|1756320870
|teamsize|p1|4
|teamsize|p2|4
|start
|switch|p1a: Pelipper|Pelipper, L50, M|100/100
|switch|p1b: Grimmsnarl|Grimmsnarl, L50, M|100/100
|switch|p2a: Sneasler|Sneasler, L50, F|100/100
|switch|p2b: Indeedee|Indeedee, L50, M|100/100
|-fieldstart|move: Psychic Terrain|[from] ability: Psychic Surge|[of] p2b: Indeedee
|-enditem|p2a: Sneasler|Psychic Seed
|-boost|p2a: Sneasler|spd|1|[from] item: Psychic Seed
|-weather|RainDance|[from] ability: Drizzle|[of] p1a: Pelipper
|turn|1
|inactive|EnigmaEUW has 30 seconds left.
|inactive|Rodrigo21amz has 30 seconds left.
|
|t:|1756320902
|move|p1b: Grimmsnarl|Light Screen|p1b: Grimmsnarl
|-sidestart|p1: EnigmaEUW|move: Light Screen
|move|p2a: Sneasler|Dire Claw|p1b: Grimmsnarl
|-supereffective|p1b: Grimmsnarl
|-damage|p1b: Grimmsnarl|10/100
|-status|p1b: Grimmsnarl|par
|move|p2b: Indeedee|Hyper Voice|p1a: Pelipper|[spread] p1a,p1b
|-crit|p1a: Pelipper
|-damage|p1a: Pelipper|31/100
|-damage|p1b: Grimmsnarl|0 fnt
|faint|p1b: Grimmsnarl
|move|p1a: Pelipper|Hurricane|p2a: Sneasler
|-supereffective|p2a: Sneasler
|-damage|p2a: Sneasler|19/100
|
|-weather|RainDance|[upkeep]
|upkeep
|inactive|EnigmaEUW has 30 seconds left.
|
|t:|1756320928
|switch|p1b: Hydreigon|Hydreigon, L50, M|100/100
|turn|2
|inactive|EnigmaEUW has 30 seconds left.
|
|t:|1756320955
|-terastallize|p1b: Hydreigon|Poison
|move|p1a: Pelipper|Protect|p1a: Pelipper
|-singleturn|p1a: Pelipper|Protect
|move|p2a: Sneasler|Close Combat|p1b: Hydreigon
|-resisted|p1b: Hydreigon
|-damage|p1b: Hydreigon|69/100
|-unboost|p2a: Sneasler|def|1
|-unboost|p2a: Sneasler|spd|1
|move|p1b: Hydreigon|Tailwind|p1b: Hydreigon
|-sidestart|p1: EnigmaEUW|move: Tailwind
|move|p2b: Indeedee|Expanding Force|p1a: Pelipper|[spread] p1b
|-activate|p1a: Pelipper|move: Protect
|-supereffective|p1b: Hydreigon
|-crit|p1b: Hydreigon
|-damage|p1b: Hydreigon|0 fnt
|faint|p1b: Hydreigon
|
|-weather|RainDance|[upkeep]
|upkeep
|
|t:|1756320969
|switch|p1b: Archaludon|Archaludon, L50, F|100/100
|turn|3
|
|t:|1756320991
|move|p2a: Sneasler|Close Combat|p1b: Archaludon
|-supereffective|p1b: Archaludon
|-damage|p1b: Archaludon|20/100
|-unboost|p2a: Sneasler|def|1
|-unboost|p2a: Sneasler|spd|1
|-ability|p1b: Archaludon|Stamina|boost
|-boost|p1b: Archaludon|def|1
|move|p1b: Archaludon|Electro Shot||[still]
|-prepare|p1b: Archaludon|Electro Shot
|-boost|p1b: Archaludon|spa|1
|-anim|p1b: Archaludon|Electro Shot|p2a: Sneasler
|-damage|p2a: Sneasler|0 fnt
|faint|p2a: Sneasler
|move|p1a: Pelipper|Hurricane|p2b: Indeedee
|-damage|p2b: Indeedee|38/100
|-start|p2b: Indeedee|confusion
|-activate|p2b: Indeedee|confusion
|-damage|p2b: Indeedee|26/100|[from] confusion
|
|-weather|RainDance|[upkeep]
|upkeep
|
|t:|1756321014
|switch|p2a: Whimsicott|Whimsicott, L50, F|100/100
|turn|4
|inactive|EnigmaEUW has 30 seconds left.
|inactive|EnigmaEUW has 20 seconds left.
|inactive|EnigmaEUW has 15 seconds left.
|inactive|EnigmaEUW has 10 seconds left.
|
|t:|1756321060
|-terastallize|p2a: Whimsicott|Steel
|move|p2a: Whimsicott|Tailwind|p2a: Whimsicott
|-sidestart|p2: Rodrigo21amz|move: Tailwind
|-activate|p2b: Indeedee|confusion
|move|p2b: Indeedee|Expanding Force|p1a: Pelipper|[spread] p1a,p1b
|-resisted|p1b: Archaludon
|-damage|p1a: Pelipper|0 fnt
|-damage|p1b: Archaludon|8/100
|-ability|p1b: Archaludon|Stamina|boost
|-boost|p1b: Archaludon|def|1
|faint|p1a: Pelipper
|move|p1b: Archaludon|Body Press|p2a: Whimsicott
|-supereffective|p2a: Whimsicott
|-damage|p2a: Whimsicott|0 fnt
|faint|p2a: Whimsicott
|
|-weather|RainDance|[upkeep]
|upkeep
|
|t:|1756321076
|switch|p2a: Typhlosion|Typhlosion-Hisui, L50, F|100/100
|turn|5
|
|t:|1756321085
|move|p2a: Typhlosion|Shadow Ball|p1b: Archaludon
|-damage|p1b: Archaludon|0 fnt
|faint|p1b: Archaludon
|
|win|Rodrigo21amz
|raw|EnigmaEUW's rating: 1034 → 1019(-15 for losing)
|raw|Rodrigo21amz's rating: 1033 → 1068(+35 for winning)
|l|☆Rodrigo21amz
|player|p2|
