|j|☆lucasmalt
|j|☆lalalaing
|html|lucasmaltlalalaing    
|uhtml|bestof|Game 2 of a best-of-3
|t:|1785410471
|gametype|doubles
|player|p1|lucasmalt|265|1372
|player|p2|lalalaing|chili|1462
|gen|9
|tier|[Gen 9 Champions] VGC 2026 Reg M-B (Bo3)
|rated|
|rule|Species Clause: Limit one of each Pokémon
|rule|Item Clause: Limit 1 of each item
|clearpoke
|poke|p1|Tyranitar, L50, F, shiny|
|poke|p1|Excadrill, L50, M, shiny|
|poke|p1|Gholdengo, L50|
|poke|p1|Sinistcha, L50, shiny|
|poke|p1|Milotic, L50, M, shiny|
|poke|p1|Staraptor, L50, M, shiny|
|poke|p2|Delphox, L50, F|
|poke|p2|Staraptor, L50, M|
|poke|p2|Sneasler, L50, F|
|poke|p2|Kingambit, L50, M|
|poke|p2|Garchomp, L50, M|
|poke|p2|Whimsicott, L50, F|
|teampreview|4
|showteam|p1|Tyranitar||Tyranitarite|SandStream|RockSlide,KnockOff,LowKick,Protect|Adamant||F|||50|]Excadrill||FocusSash|SandRush|IronHead,HighHorsepower,RockSlide,Protect|Adamant||M|||50|]Gholdengo||LifeOrb|GoodasGold|ShadowBall,MakeItRain,NastyPlot,Protect|Modest|||||50|]Sinistcha||ColburBerry|Hospitality|MatchaGotcha,RagePowder,TrickRoom,Protect|Bold|||||50|]Milotic||SitrusBerry|Competitive|Scald,IceBeam,Recover,Protect|Modest||M|||50|]Staraptor||Staraptite|Intimidate|BraveBird,CloseCombat,Tailwind,Protect|Jolly||M|||50|
|showteam|p2|Delphox||Delphoxite|Blaze|HeatWave,Psyshock,NastyPlot,Protect|Timid||F|||50|]Staraptor||Staraptite|Intimidate|CloseCombat,BraveBird,Roost,Protect|Jolly||M|||50|]Sneasler||FocusSash|PoisonTouch|DireClaw,CloseCombat,FakeOut,QuickGuard|Adamant||F|||50|]Kingambit||BlackGlasses|Defiant|KowtowCleave,SuckerPunch,IronHead,Protect|Adamant||M|||50|]Garchomp||LifeOrb|RoughSkin|DragonClaw,Earthquake,RockSlide,Protect|Jolly||M|||50|]Whimsicott||OccaBerry|Prankster|Moonblast,Tailwind,Encore,Charm|Timid||F|||50|
|inactive|Battle timer is ON: inactive players will automatically lose when time's up. (requested by lucasmalt)
|
|t:|1785410495
|teamsize|p1|4
|teamsize|p2|4
|start
|switch|p1a: Sinistcha|Sinistcha, L50, shiny|100/100
|switch|p1b: Milotic|Milotic, L50, M, shiny|100/100
|switch|p2a: Sneasler|Sneasler, L50, F|100/100
|switch|p2b: Kingambit|Kingambit, L50, M|100/100
|turn|1
|
|t:|1785410503
|move|p1b: Milotic|Protect|p1b: Milotic
|-singleturn|p1b: Milotic|Protect
|move|p1a: Sinistcha|Protect|p1a: Sinistcha
|-singleturn|p1a: Sinistcha|Protect
|move|p2a: Sneasler|Fake Out|p1b: Milotic
|-activate|p1b: Milotic|move: Protect
|move|p2b: Kingambit|Kowtow Cleave|p1a: Sinistcha
|-activate|p1a: Sinistcha|move: Protect
|
|upkeep
|turn|2
|
|t:|1785410517
|move|p1a: Sinistcha|Rage Powder|p1a: Sinistcha
|-singleturn|p1a: Sinistcha|move: Rage Powder
|move|p2a: Sneasler|Dire Claw|p1a: Sinistcha
|-damage|p1a: Sinistcha|61/100
|move|p1b: Milotic|Scald|p2a: Sneasler
|-damage|p2a: Sneasler|56/100
|-status|p2a: Sneasler|brn
|move|p2b: Kingambit|Kowtow Cleave|p1a: Sinistcha
|-supereffective|p1a: Sinistcha|1
|-enditem|p1a: Sinistcha|Colbur Berry|[eat]
|-enditem|p1a: Sinistcha|Colbur Berry|[weaken]
|-damage|p1a: Sinistcha|11/100
|
|-damage|p2a: Sneasler|50/100g brn|[from] brn
|upkeep
|turn|3
|
|t:|1785410538
|move|p1a: Sinistcha|Protect|p1a: Sinistcha
|-singleturn|p1a: Sinistcha|Protect
|move|p2a: Sneasler|Dire Claw|p1a: Sinistcha
|-activate|p1a: Sinistcha|move: Protect
|move|p1b: Milotic|Scald|p2b: Kingambit
|-damage|p2b: Kingambit|66/100
|-status|p2b: Kingambit|brn
|move|p2b: Kingambit|Kowtow Cleave|p1b: Milotic
|-damage|p1b: Milotic|70/100
|
|-damage|p2a: Sneasler|45/100 brn|[from] brn
|-damage|p2b: Kingambit|60/100 brn|[from] brn
|upkeep
|turn|4
|
|t:|1785410559
|switch|p1a: Gholdengo|Gholdengo, L50|100/100
|move|p2a: Sneasler|Dire Claw|p1a: Gholdengo
|-immune|p1a: Gholdengo
|move|p1b: Milotic|Scald|p2b: Kingambit
|-damage|p2b: Kingambit|26/100 brn
|move|p2b: Kingambit|Kowtow Cleave|p1b: Milotic
|-damage|p1b: Milotic|43/100
|-enditem|p1b: Milotic|Sitrus Berry|[eat]
|-heal|p1b: Milotic|68/100|[from] item: Sitrus Berry
|
|-damage|p2a: Sneasler|39/100 brn|[from] brn
|-damage|p2b: Kingambit|20/100y brn|[from] brn
|upkeep
|turn|5
|
|t:|1785410582
|switch|p1a: Sinistcha|Sinistcha, L50, shiny|11/100
|-heal|p1b: Milotic|93/100|[from] ability: Hospitality|[of] p1a: Sinistcha
|move|p2b: Kingambit|Sucker Punch|p1b: Milotic
|-damage|p1b: Milotic|70/100
|move|p2a: Sneasler|Dire Claw|p1b: Milotic
|-damage|p1b: Milotic|48/100
|-status|p1b: Milotic|psn
|move|p1b: Milotic|Scald|p2a: Sneasler
|-damage|p2a: Sneasler|0 fnt
|faint|p2a: Sneasler
|
|-damage|p1b: Milotic|35/100 psn|[from] psn
|-damage|p2b: Kingambit|14/100 brn|[from] brn
|upkeep
|
|t:|1785410588
|switch|p2a: Garchomp|Garchomp, L50, M|100/100
|turn|6
|
|t:|1785410606
|switch|p1a: Staraptor|Staraptor, L50, M, shiny|100/100
|-ability|p1a: Staraptor|Intimidate|boost
|-unboost|p2a: Garchomp|atk|1
|-unboost|p2b: Kingambit|atk|1
|-ability|p2b: Kingambit|Defiant|boost
|-boost|p2b: Kingambit|atk|2
|switch|p2b: Staraptor|Staraptor, L50, M|100/100
|-ability|p2b: Staraptor|Intimidate|boost
|-unboost|p1a: Staraptor|atk|1
|-unboost|p1b: Milotic|atk|1
|-ability|p1b: Milotic|Competitive|boost
|-boost|p1b: Milotic|spa|2
|move|p2a: Garchomp|Earthquake|p1b: Milotic|[spread] p1b
|-immune|p2b: Staraptor
|-immune|p1a: Staraptor
|-damage|p1b: Milotic|3/100 psn
|-damage|p2a: Garchomp|90/100|[from] item: Life Orb
|move|p1b: Milotic|Recover|p1b: Milotic
|-heal|p1b: Milotic|53/100 psn
|
|-damage|p1b: Milotic|41/100 psn|[from] psn
|upkeep
|turn|7
|inactive|lucasmalt has 30 seconds left.
|
|t:|1785410637
|switch|p1a: Sinistcha|Sinistcha, L50, shiny|11/100
|-heal|p1b: Milotic|66/100 psn|[from] ability: Hospitality|[of] p1a: Sinistcha
|detailschange|p2b: Staraptor|Staraptor-Mega, L50, M
|-mega|p2b: Staraptor|Staraptor|Staraptite
|move|p2b: Staraptor|Close Combat|p1b: Milotic
|-damage|p1b: Milotic|6/100 psn
|-boost|p2b: Staraptor|def|1
|-boost|p2b: Staraptor|spd|1
|move|p2a: Garchomp|Dragon Claw|p1b: Milotic
|-damage|p1b: Milotic|0 fnt
|faint|p1b: Milotic
|-damage|p2a: Garchomp|80/100|[from] item: Life Orb
|
|upkeep
|
|t:|1785410650
|switch|p1b: Gholdengo|Gholdengo, L50|100/100
|turn|8
|
|t:|1785410664
|move|p1a: Sinistcha|Rage Powder|p1a: Sinistcha
|-singleturn|p1a: Sinistcha|move: Rage Powder
|move|p2b: Staraptor|Brave Bird|p1a: Sinistcha
|-supereffective|p1a: Sinistcha|1
|-damage|p1a: Sinistcha|0 fnt
|faint|p1a: Sinistcha
|-damage|p2b: Staraptor|95/100|[from] Recoil
|move|p2a: Garchomp|Earthquake|p1b: Gholdengo|[spread] p1b
|-immune|p2b: Staraptor
|-supereffective|p1b: Gholdengo|1
|-damage|p1b: Gholdengo|30/100
|-damage|p2a: Garchomp|71/100|[from] item: Life Orb
|move|p1b: Gholdengo|Make It Rain|p2a: Garchomp|[spread] p2a,p2b
|-damage|p2a: Garchomp|7/100
|-damage|p2b: Staraptor|47/100
|-unboost|p1b: Gholdengo|spa|2
|-damage|p1b: Gholdengo|20/100y|[from] item: Life Orb
|
|upkeep
|
|t:|1785410682
|switch|p1a: Staraptor|Staraptor, L50, M, shiny|100/100
|-ability|p1a: Staraptor|Intimidate|boost
|-unboost|p2a: Garchomp|atk|1
|-boost|p2b: Staraptor|atk|1
|turn|9
|
|t:|1785410693
|detailschange|p1a: Staraptor|Staraptor-Mega, L50, M, shiny
|-mega|p1a: Staraptor|Staraptor|Staraptite
|move|p2b: Staraptor|Protect|p2b: Staraptor
|-singleturn|p2b: Staraptor|Protect
|move|p1b: Gholdengo|Protect|p1b: Gholdengo
|-singleturn|p1b: Gholdengo|Protect
|move|p1a: Staraptor|Brave Bird|p2b: Staraptor
|-activate|p2b: Staraptor|move: Protect
|move|p2a: Garchomp|Earthquake|p1a: Staraptor|[spread] 
|-activate|p2b: Staraptor|move: Protect
|-activate|p1b: Gholdengo|move: Protect
|-immune|p1a: Staraptor
|
|upkeep
|turn|10
|
|t:|1785410704
|move|p1a: Staraptor|Brave Bird|p2b: Staraptor
|-supereffective|p2b: Staraptor|1
|-damage|p2b: Staraptor|0 fnt
|faint|p2b: Staraptor
|-damage|p1a: Staraptor|85/100|[from] Recoil
|move|p2a: Garchomp|Earthquake|p1a: Staraptor|[spread] p1b
|-immune|p1a: Staraptor
|-supereffective|p1b: Gholdengo|1
|-damage|p1b: Gholdengo|0 fnt
|faint|p1b: Gholdengo
|-damage|p2a: Garchomp|0 fnt|[from] item: Life Orb
|faint|p2a: Garchomp
|
|upkeep
|-message|lalalaing forfeited.
|
|win|lucasmalt
|l|☆lalalaing
|player|p2|
||lalalaing is ready for game 3.
