|j|ŌśåAlphonsgamin
|j|Ōśåmilkandcereals
|html|Alphonsgaminmilkandcereals    
|uhtml|bestof|Game 1 of a best-of-3
|t:|1756647865
|gametype|doubles
|player|p1|Alphonsgamin|169|1130
|player|p2|milkandcereals|blue|1048
|gen|9
|tier|[Gen 9] VGC 2025 Reg H (Bo3)
|rated|
|rule|Species Clause: Limit one of each Pok├®mon
|rule|Item Clause: Limit 1 of each item
|clearpoke
|poke|p1|Rillaboom, L50, M|
|poke|p1|Incineroar, L50, F|
|poke|p1|Gholdengo, L50|
|poke|p1|Basculegion, L50, M|
|poke|p1|Pelipper, L50, M|
|poke|p1|Sneasler, L50, F|
|poke|p2|Porygon2, L50|
|poke|p2|Rillaboom, L50, F|
|poke|p2|Ursaluna, L50, M|
|poke|p2|Jumpluff, L50, F|
|poke|p2|Charizard, L50, M|
|poke|p2|Torkoal, L50, F|
|teampreview|4
|showteam|p1|Rillaboom||AssaultVest|GrassySurge|WoodHammer,GrassyGlide,FakeOut,Uturn|||M|||50|,,,,,Fire]Incineroar||SafetyGoggles|Intimidate|FakeOut,KnockOff,FlareBlitz,PartingShot|||F|||50|,,,,,Ghost]Gholdengo||ChoiceSpecs|GoodasGold|MakeItRain,ShadowBall,PowerGem,Trick||||||50|,,,,,Steel]Basculegion||ChoiceBand|SwiftSwim|LastRespects,FlipTurn,WaveCrash,AquaJet|||M|||50|,,,,,Water]Pelipper||FocusSash|Drizzle|Hurricane,WeatherBall,Tailwind,Protect|||M|||50|,,,,,Stellar]Sneasler||GrassySeed|Unburden|CloseCombat,DireClaw,ThroatChop,FakeOut|||F|||50|,,,,,Dark
|showteam|p2|Porygon2||Eviolite|Download|TeraBlast,IceBeam,TrickRoom,Recover||||||50|,,,,,Fighting]Rillaboom||AssaultVest|GrassySurge|FakeOut,GrassyGlide,WoodHammer,HighHorsepower|||F|||50|,,,,,Water]Ursaluna||FlameOrb|Guts|Protect,Facade,Earthquake,HeadlongRush|||M|||50|,,,,,Ghost]Jumpluff||CovertCloak|Chlorophyll|SleepPowder,SunnyDay,Tailwind,RagePowder|||F|||50|,,,,,Fire]Charizard||ChoiceSpecs|SolarPower|HeatWave,Overheat,WeatherBall,DragonPulse|||M|||50|,,,,,Ghost]Torkoal||EjectPack|Drought|Overheat,Eruption,HelpingHand,Protect|||F|||50|,,,,,Fire
|inactive|Battle timer is ON: inactive players will automatically lose when time's up. (requested by Alphonsgamin)
|inactive|milkandcereals has 60 seconds left.
|inactive|milkandcereals has 30 seconds left.
|
|t:|1756647931
|teamsize|p1|4
|teamsize|p2|4
|start
|switch|p1a: Sneasler|Sneasler, L50, F|100/100
|switch|p1b: Gholdengo|Gholdengo, L50|100/100
|switch|p2a: Jumpluff|Jumpluff, L50, F|100/100
|switch|p2b: Charizard|Charizard, L50, M|100/100
|turn|1
|
|t:|1756647953
|-terastallize|p2a: Jumpluff|Fire
|move|p1a: Sneasler|Fake Out|p2b: Charizard
|-damage|p2b: Charizard|78/100
|move|p2a: Jumpluff|Tailwind|p2a: Jumpluff
|-sidestart|p2: milkandcereals|move: Tailwind
|cant|p2b: Charizard|flinch
|move|p1b: Gholdengo|Make It Rain|p2a: Jumpluff|[spread] p2a,p2b
|-resisted|p2a: Jumpluff
|-resisted|p2b: Charizard
|-damage|p2a: Jumpluff|59/100
|-damage|p2b: Charizard|27/100
|-unboost|p1b: Gholdengo|spa|1
|
|upkeep
|turn|2
|inactive|milkandcereals has 30 seconds left.
|
|t:|1756647978
|switch|p1b: Pelipper|Pelipper, L50, M|100/100
|-weather|RainDance|[from] ability: Drizzle|[of] p1b: Pelipper
|move|p2a: Jumpluff|Sunny Day|p2a: Jumpluff
|-weather|SunnyDay
|move|p2b: Charizard|Heat Wave|p1b: Pelipper|[spread] 
|-miss|p2b: Charizard|p1a: Sneasler
|-miss|p2b: Charizard|p1b: Pelipper
|move|p1a: Sneasler|Dire Claw|p2b: Charizard
|-damage|p2b: Charizard|0 fnt
|faint|p2b: Charizard
|
|-weather|SunnyDay|[upkeep]
|upkeep
|c|Ōśåmilkandcereals|yo
|c|Ōśåmilkandcereals|what the actual fuck
|c|Ōśåmilkandcereals|hsadhashsda
|
|t:|1756648000
|switch|p2b: Ursaluna|Ursaluna, L50, M|100/100
|turn|3
|
|t:|1756648009
|switch|p1a: Basculegion|Basculegion, L50, M|100/100
|move|p2a: Jumpluff|Sleep Powder|p1b: Pelipper
|-status|p1b: Pelipper|slp|[from] move: Sleep Powder
|move|p2b: Ursaluna|Headlong Rush|p1a: Basculegion
|-damage|p1a: Basculegion|5/100
|-unboost|p2b: Ursaluna|def|1
|-unboost|p2b: Ursaluna|spd|1
|cant|p1b: Pelipper|slp
|
|-weather|SunnyDay|[upkeep]
|-status|p2b: Ursaluna|brn|[from] item: Flame Orb
|upkeep
|turn|4
|inactive|milkandcereals has 30 seconds left.
|
|t:|1756648040
|-terastallize|p1a: Basculegion|Water
|cant|p1b: Pelipper|slp
|move|p1a: Basculegion|Aqua Jet|p2a: Jumpluff
|-supereffective|p2a: Jumpluff
|-damage|p2a: Jumpluff|8/100
|move|p2a: Jumpluff|Sleep Powder|p1a: Basculegion
|-status|p1a: Basculegion|slp|[from] move: Sleep Powder
|move|p2b: Ursaluna|Earthquake|p1a: Basculegion|[spread] p2a,p1a
|-immune|p1b: Pelipper
|-supereffective|p2a: Jumpluff
|-damage|p2a: Jumpluff|0 fnt
|-damage|p1a: Basculegion|0 fnt
|faint|p2a: Jumpluff
|faint|p1a: Basculegion
|
|-weather|SunnyDay|[upkeep]
|-damage|p2b: Ursaluna|94/100 brn|[from] brn
|-sideend|p2: milkandcereals|move: Tailwind
|upkeep
|
|t:|1756648060
|switch|p2a: Rillaboom|Rillaboom, L50, F|100/100
|switch|p1a: Sneasler|Sneasler, L50, F|100/100
|-fieldstart|move: Grassy Terrain|[from] ability: Grassy Surge|[of] p2a: Rillaboom
|-enditem|p1a: Sneasler|Grassy Seed
|-boost|p1a: Sneasler|def|1|[from] item: Grassy Seed
|turn|5
|inactive|milkandcereals has 30 seconds left.
|inactive|milkandcereals has 20 seconds left.
|
|t:|1756648095
|move|p2a: Rillaboom|Fake Out|p1b: Pelipper
|-damage|p1b: Pelipper|83/100 slp
|move|p1a: Sneasler|Close Combat|p2b: Ursaluna
|-supereffective|p2b: Ursaluna
|-damage|p2b: Ursaluna|0 fnt
|-unboost|p1a: Sneasler|def|1
|-unboost|p1a: Sneasler|spd|1
|faint|p2b: Ursaluna
|cant|p1b: Pelipper|slp
|
|-weather|SunnyDay|[upkeep]
|upkeep
|turn|6
|-message|milkandcereals forfeited.
|
|win|Alphonsgamin
