|j|☆TobiYume
|j|☆reecez14
|html|TobiYumereecez14    
|uhtml|bestof|Game 2 of a best-of-3
|t:|1757186836
|gametype|doubles
|player|p1|TobiYume|roxie|1130
|player|p2|reecez14|nate|1223
|gen|9
|tier|[Gen 9] VGC 2025 Reg H (Bo3)
|rated|
|rule|Species Clause: Limit one of each Pokémon
|rule|Item Clause: Limit 1 of each item
|clearpoke
|poke|p1|Garchomp, L50, M|
|poke|p1|Talonflame, L50, F|
|poke|p1|Sylveon, L50, F|
|poke|p1|Tyranitar, L50, M|
|poke|p1|Decidueye-Hisui, L50, F|
|poke|p1|Gholdengo, L50|
|poke|p2|Torkoal, L50, M|
|poke|p2|Exeggutor, L50, M|
|poke|p2|Sneasler, L50, M|
|poke|p2|Indeedee, L50, M|
|poke|p2|Oranguru, L50, M|
|poke|p2|Amoonguss, L50, M|
|teampreview|4
|showteam|p1|Garchomp||LifeOrb|RoughSkin|DragonClaw,StompingTantrum,Earthquake,Protect|||M|||50|,,,,,Steel]Talonflame||CovertCloak|GaleWings|Tailwind,WillOWisp,BraveBird,Taunt|||F|||50|,,,,,Grass]Sylveon||ThroatSpray|Pixilate|HyperVoice,HyperBeam,TeraBlast,Protect|||F|||50|,,,,,Water]Tyranitar||AssaultVest|SandStream|RockSlide,KnockOff,TeraBlast,LowKick|||M|||50|,,,,,Flying]Decidueye-Hisui||RazorClaw|Scrappy|TripleArrows,LeafBlade,SuckerPunch,Protect|||F|||50|,,,,,Fire]Gholdengo||Leftovers|GoodasGold|MakeItRain,ShadowBall,NastyPlot,Protect||||||50|,,,,,Dragon
|showteam|p2|Torkoal||Charcoal|Drought|Protect,Eruption,HeatWave,EarthPower|||M|||50|,,,,,Fire]Exeggutor||LifeOrb|Chlorophyll|Protect,SleepPowder,ExpandingForce,EnergyBall|||M|||50|,,,,,Psychic]Sneasler||PsychicSeed|Unburden|Protect,ThroatChop,DireClaw,CloseCombat|||M|||50|,,,,,Dark]Indeedee||FocusSash|PsychicSurge|HelpingHand,TrickRoom,TeraBlast,ExpandingForce|||M|||50|,,,,,Fighting]Oranguru||MentalHerb|InnerFocus|Psychic,TrickRoom,Instruct,Encore|||M|||50|,,,,,Grass]Amoonguss||SitrusBerry|Regenerator|ClearSmog,PollenPuff,Spore,RagePowder|||M|||50|,,,,,Water
|inactive|Battle timer is ON: inactive players will automatically lose when time's up. (requested by reecez14)
|
|t:|1757186853
|teamsize|p1|4
|teamsize|p2|4
|start
|switch|p1a: Elie|Talonflame, L50, F|100/100
|switch|p1b: Lloyd|Garchomp, L50, M|100/100
|switch|p2a: Sneasler|Sneasler, L50, M|100/100
|switch|p2b: Indeedee|Indeedee, L50, M|100/100
|-fieldstart|move: Psychic Terrain|[from] ability: Psychic Surge|[of] p2b: Indeedee
|-enditem|p2a: Sneasler|Psychic Seed
|-boost|p2a: Sneasler|spd|1|[from] item: Psychic Seed
|turn|1
|
|t:|1757186870
|move|p2a: Sneasler|Protect|p2a: Sneasler
|-singleturn|p2a: Sneasler|Protect
|move|p1a: Elie|Will-O-Wisp|p2a: Sneasler
|-activate|p2a: Sneasler|move: Protect
|move|p1b: Lloyd|Earthquake|p2a: Sneasler|[spread] p2b
|-activate|p2a: Sneasler|move: Protect
|-immune|p1a: Elie
|-enditem|p2b: Indeedee|Focus Sash
|-damage|p2b: Indeedee|1/100
|-damage|p1b: Lloyd|91/100|[from] item: Life Orb
|move|p2b: Indeedee|Expanding Force|p1a: Elie|[spread] p1a,p1b
|-damage|p1a: Elie|30/100
|-damage|p1b: Lloyd|27/100
|
|upkeep
|turn|2
|
|t:|1757186891
|move|p2a: Sneasler|Close Combat|p1b: Lloyd
|-damage|p1b: Lloyd|0 fnt
|-unboost|p2a: Sneasler|def|1
|-unboost|p2a: Sneasler|spd|1
|-damage|p2a: Sneasler|88/100|[from] ability: Rough Skin|[of] p1b: Lloyd
|faint|p1b: Lloyd
|move|p1a: Elie|Brave Bird|p2a: Sneasler
|-supereffective|p2a: Sneasler
|-crit|p2a: Sneasler
|-damage|p2a: Sneasler|0 fnt
|faint|p2a: Sneasler
|-damage|p1a: Elie|4/100|[from] Recoil
|move|p2b: Indeedee|Expanding Force|p1a: Elie
|-damage|p1a: Elie|0 fnt
|faint|p1a: Elie
|
|upkeep
|
|t:|1757186904
|switch|p1a: Randy|Tyranitar, L50, M|100/100
|switch|p2a: Exeggutor|Exeggutor, L50, M|100/100
|switch|p1b: Wazy|Gholdengo, L50|100/100
|-weather|Sandstorm|[from] ability: Sand Stream|[of] p1a: Randy
|turn|3
|
|t:|1757186929
|-terastallize|p2b: Indeedee|Fighting
|-terastallize|p1a: Randy|Flying
|move|p2a: Exeggutor|Protect|p2a: Exeggutor
|-singleturn|p2a: Exeggutor|Protect
|move|p2b: Indeedee|Tera Blast|p1a: Randy|[anim] Tera Blast Fighting
|-resisted|p1a: Randy
|-damage|p1a: Randy|89/100
|move|p1b: Wazy|Nasty Plot|p1b: Wazy
|-boost|p1b: Wazy|spa|2
|move|p1a: Randy|Rock Slide|p2b: Indeedee|[spread] p2b
|-activate|p2a: Exeggutor|move: Protect
|-resisted|p2b: Indeedee
|-damage|p2b: Indeedee|0 fnt
|faint|p2b: Indeedee
|
|-weather|Sandstorm|[upkeep]
|-damage|p2a: Exeggutor|95/100|[from] Sandstorm
|-damage|p1a: Randy|83/100|[from] Sandstorm
|upkeep
|
|t:|1757186940
|switch|p2b: Torkoal|Torkoal, L50, M|100/100
|-weather|SunnyDay|[from] ability: Drought|[of] p2b: Torkoal
|turn|4
|
|t:|1757186947
|move|p2a: Exeggutor|Expanding Force|p1a: Randy|[spread] p1a,p1b
|-resisted|p1b: Wazy
|-damage|p1a: Randy|30/100
|-damage|p1b: Wazy|58/100
|-damage|p2a: Exeggutor|85/100|[from] item: Life Orb
|move|p1b: Wazy|Shadow Ball|p2b: Torkoal
|-damage|p2b: Torkoal|2/100
|move|p1a: Randy|Rock Slide|p2b: Torkoal|[spread] p2a,p2b
|-supereffective|p2b: Torkoal
|-damage|p2a: Exeggutor|44/100
|-damage|p2b: Torkoal|0 fnt
|faint|p2b: Torkoal
|
|-weather|SunnyDay|[upkeep]
|-heal|p1b: Wazy|64/100|[from] item: Leftovers
|upkeep
|turn|5
|
|t:|1757186958
|move|p2a: Exeggutor|Expanding Force|p1a: Randy|[spread] p1a,p1b
|-resisted|p1b: Wazy
|-damage|p1a: Randy|0 fnt
|-damage|p1b: Wazy|26/100
|faint|p1a: Randy
|-damage|p2a: Exeggutor|34/100|[from] item: Life Orb
|move|p1b: Wazy|Shadow Ball|p2a: Exeggutor
|-supereffective|p2a: Exeggutor
|-damage|p2a: Exeggutor|0 fnt
|faint|p2a: Exeggutor
|
|win|TobiYume
||TobiYume is ready for game 3.
||reecez14 is ready for game 3.
|uhtml|next|Next: Game 3 of 3
|l|☆reecez14
|player|p2|
