|j|Ōśåhexagonfoot
|j|ŌśåTruevillany123
|html|hexagonfootTruevillany123    
|uhtml|bestof|Game 1 of a best-of-3
|t:|1757745591
|gametype|doubles
|player|p1|hexagonfoot|caitlin|1240
|player|p2|Truevillany123|101|1077
|gen|9
|tier|[Gen 9] VGC 2025 Reg H (Bo3)
|rated|
|rule|Species Clause: Limit one of each Pok├®mon
|rule|Item Clause: Limit 1 of each item
|clearpoke
|poke|p1|Sneasler, L50, F|
|poke|p1|Dragonite, L50, F|
|poke|p1|Ursaluna-Bloodmoon, L50, M|
|poke|p1|Rillaboom, L50, M|
|poke|p1|Gholdengo, L50|
|poke|p1|Electabuzz, L50, F|
|poke|p2|Dragonite, L50, M|
|poke|p2|Ursaluna-Bloodmoon, L50, M|
|poke|p2|Gholdengo, L50|
|poke|p2|Annihilape, L50, M|
|poke|p2|Ninetales-Alola, L50, F|
|poke|p2|Rillaboom, L50, F|
|teampreview|4
|showteam|p1|Sneasler||WhiteHerb|Unburden|CloseCombat,DireClaw,Coaching,Protect|||F|||50|,,,,,Ghost]Dragonite||LoadedDice|Multiscale|ScaleShot,Haze,Tailwind,Protect|||F|||50|,,,,,Fairy]Ursaluna-Bloodmoon||FocusSash|MindsEye|BloodMoon,HyperVoice,EarthPower,Protect|||M|||50|,,,,,Normal]Rillaboom||AssaultVest|GrassySurge|WoodHammer,GrassyGlide,Uturn,FakeOut|||M|||50|,,,,,Fire]Gholdengo||GrassySeed|GoodasGold|NastyPlot,MakeItRain,ShadowBall,Protect||||||50|,,,,,Water]Electabuzz||Eviolite|VitalSpirit|Electroweb,Taunt,FollowMe,Protect|||F|||50|,,,,,Ghost
|showteam|p2|Dragonite||LoadedDice|Multiscale|ScaleShot,Protect,Haze,Tailwind|||M|||50|,,,,,Fairy]Ursaluna-Bloodmoon||LifeOrb|MindsEye|BloodMoon,HyperVoice,EarthPower,Protect|||M|||50|,,,,,Normal]Gholdengo||GrassySeed|GoodasGold|MakeItRain,ShadowBall,Protect,NastyPlot||||||50|,,,,,Water]Annihilape||SafetyGoggles|Defiant|DrainPunch,RageFist,Protect,BulkUp|||M|||50|,,,,,Fire]Ninetales-Alola||FocusSash|SnowWarning|IcyWind,AuroraVeil,Encore,IcicleSpear|||F|||50|,,,,,Ghost]Rillaboom||AssaultVest|GrassySurge|FakeOut,WoodHammer,HighHorsepower,Uturn|||F|||50|,,,,,Fire
|c|ŌśåTruevillany123|GG U won
|
|t:|1757745641
|teamsize|p1|4
|teamsize|p2|4
|start
|switch|p1a: Rillaboom|Rillaboom, L50, M|100/100
|switch|p1b: Gholdengo|Gholdengo, L50|100/100
|switch|p2a: Rillaboom|Rillaboom, L50, F|100/100
|switch|p2b: Gholdengo|Gholdengo, L50|100/100
|-fieldstart|move: Grassy Terrain|[from] ability: Grassy Surge|[of] p2a: Rillaboom
|-enditem|p2b: Gholdengo|Grassy Seed
|-boost|p2b: Gholdengo|def|1|[from] item: Grassy Seed
|-enditem|p1b: Gholdengo|Grassy Seed
|-boost|p1b: Gholdengo|def|1|[from] item: Grassy Seed
|turn|1
|c|Ōśåhexagonfoot|whoa
|c|Ōśåhexagonfoot|spider man points at spider man
|
|t:|1757745693
|-terastallize|p1b: Gholdengo|Water
|move|p2a: Rillaboom|Fake Out|p1b: Gholdengo
|-damage|p1b: Gholdengo|91/100
|move|p1a: Rillaboom|Fake Out|p2a: Rillaboom
|-damage|p2a: Rillaboom|86/100
|move|p2b: Gholdengo|Shadow Ball|p1b: Gholdengo
|-damage|p1b: Gholdengo|47/100
|cant|p1b: Gholdengo|flinch
|
|-heal|p1b: Gholdengo|53/100|[from] Grassy Terrain
|-heal|p2a: Rillaboom|92/100|[from] Grassy Terrain
|upkeep
|turn|2
|
|t:|1757745718
|move|p2b: Gholdengo|Protect|p2b: Gholdengo
|-singleturn|p2b: Gholdengo|Protect
|move|p1b: Gholdengo|Protect|p1b: Gholdengo
|-singleturn|p1b: Gholdengo|Protect
|move|p2a: Rillaboom|Wood Hammer|p1b: Gholdengo
|-activate|p1b: Gholdengo|move: Protect
|move|p1a: Rillaboom|U-turn|p2a: Rillaboom
|-supereffective|p2a: Rillaboom
|-damage|p2a: Rillaboom|46/100
|
|t:|1757745752
|switch|p1a: Sneasler|Sneasler, L50, F|100/100|[from] U-turn
|
|-heal|p1b: Gholdengo|59/100|[from] Grassy Terrain
|-heal|p2a: Rillaboom|53/100|[from] Grassy Terrain
|upkeep
|turn|3
|
|t:|1757745768
|switch|p1b: Ursaluna|Ursaluna-Bloodmoon, L50, M|100/100
|-terastallize|p2a: Rillaboom|Fire
|move|p1a: Sneasler|Dire Claw|p2a: Rillaboom
|-damage|p2a: Rillaboom|15/100
|-status|p2a: Rillaboom|par
|move|p2b: Gholdengo|Make It Rain|p1b: Ursaluna|[spread] p1a,p1b
|-damage|p1a: Sneasler|39/100
|-damage|p1b: Ursaluna|37/100
|-unboost|p2b: Gholdengo|spa|1
|cant|p2a: Rillaboom|par
|
|-heal|p1a: Sneasler|45/100|[from] Grassy Terrain
|-heal|p1b: Ursaluna|43/100|[from] Grassy Terrain
|-heal|p2a: Rillaboom|21/100 par|[from] Grassy Terrain
|upkeep
|turn|4
|
|t:|1757745818
|switch|p2a: Dragonite|Dragonite, L50, M, shiny|100/100
|move|p2b: Gholdengo|Protect|p2b: Gholdengo
|-singleturn|p2b: Gholdengo|Protect
|move|p1b: Ursaluna|Protect|p1b: Ursaluna
|-singleturn|p1b: Ursaluna|Protect
|move|p1a: Sneasler|Dire Claw|p2a: Dragonite
|-damage|p2a: Dragonite|77/100
|
|-heal|p1a: Sneasler|51/100|[from] Grassy Terrain
|-heal|p1b: Ursaluna|48/100|[from] Grassy Terrain
|upkeep
|turn|5
|inactive|Battle timer is ON: inactive players will automatically lose when time's up. (requested by Truevillany123)
|
|t:|1757745878
|switch|p2b: Ursaluna|Ursaluna-Bloodmoon, L50, M|100/100
|move|p1a: Sneasler|Dire Claw|p2a: Dragonite
|-damage|p2a: Dragonite|32/100
|move|p2a: Dragonite|Scale Shot|p1b: Ursaluna
|-damage|p1b: Ursaluna|35/100
|-crit|p1b: Ursaluna
|-damage|p1b: Ursaluna|16/100
|-damage|p1b: Ursaluna|3/100
|-damage|p1b: Ursaluna|0 fnt
|faint|p1b: Ursaluna
|-hitcount|p1: Ursaluna|4
|-unboost|p2a: Dragonite|def|1
|-boost|p2a: Dragonite|spe|1
|
|-heal|p1a: Sneasler|57/100|[from] Grassy Terrain
|-fieldend|move: Grassy Terrain
|upkeep
|
|t:|1757745897
|switch|p1b: Rillaboom|Rillaboom, L50, M|100/100
|-fieldstart|move: Grassy Terrain|[from] ability: Grassy Surge|[of] p1b: Rillaboom
|turn|6
|
|t:|1757745921
|move|p2a: Dragonite|Protect|p2a: Dragonite
|-singleturn|p2a: Dragonite|Protect
|move|p2b: Ursaluna|Protect|p2b: Ursaluna
|-singleturn|p2b: Ursaluna|Protect
|move|p1b: Rillaboom|Fake Out|p2a: Dragonite
|-activate|p2a: Dragonite|move: Protect
|move|p1a: Sneasler|Coaching|p1b: Rillaboom
|-boost|p1b: Rillaboom|atk|1
|-boost|p1b: Rillaboom|def|1
|
|-heal|p1a: Sneasler|62/100|[from] Grassy Terrain
|upkeep
|turn|7
|
|t:|1757745940
|move|p2a: Dragonite|Scale Shot|p1a: Sneasler
|-damage|p1a: Sneasler|43/100
|-damage|p1a: Sneasler|23/100
|-damage|p1a: Sneasler|1/100
|-crit|p1a: Sneasler
|-damage|p1a: Sneasler|0 fnt
|faint|p1a: Sneasler
|-hitcount|p1: Sneasler|4
|-unboost|p2a: Dragonite|def|1
|-boost|p2a: Dragonite|spe|1
|move|p1b: Rillaboom|Wood Hammer|p2b: Ursaluna
|-supereffective|p2b: Ursaluna
|-damage|p2b: Ursaluna|0 fnt
|faint|p2b: Ursaluna
|-damage|p1b: Rillaboom|71/100|[from] Recoil
|
|-heal|p1b: Rillaboom|76/100|[from] Grassy Terrain
|upkeep
|
|t:|1757745953
|switch|p1a: Gholdengo|Gholdengo, L50, tera:Water|59/100
|switch|p2b: Gholdengo|Gholdengo, L50|100/100
|turn|8
|inactive|hexagonfoot has 30 seconds left.
|inactive|Truevillany123 has 30 seconds left.
|inactive|hexagonfoot has 20 seconds left.
|inactive|Truevillany123 has 20 seconds left.
|inactive|hexagonfoot has 15 seconds left.
|inactive|Truevillany123 has 15 seconds left.
|
|t:|1757745997
|move|p2b: Gholdengo|Protect|p2b: Gholdengo
|-singleturn|p2b: Gholdengo|Protect
|move|p1a: Gholdengo|Protect|p1a: Gholdengo
|-singleturn|p1a: Gholdengo|Protect
|move|p2a: Dragonite|Scale Shot|p1a: Gholdengo
|-activate|p1a: Gholdengo|move: Protect
|move|p1b: Rillaboom|Wood Hammer|p2a: Dragonite
|-resisted|p2a: Dragonite
|-damage|p2a: Dragonite|0 fnt
|faint|p2a: Dragonite
|-damage|p1b: Rillaboom|68/100|[from] Recoil
|
|-heal|p1a: Gholdengo|66/100|[from] Grassy Terrain
|-heal|p1b: Rillaboom|74/100|[from] Grassy Terrain
|upkeep
|c|ŌśåTruevillany123|gg
|
|t:|1757746006
|switch|p2a: Rillaboom|Rillaboom, L50, F, tera:Fire|21/100 par
|turn|9
|c|Ōśåhexagonfoot|still anyones game
|c|ŌśåTruevillany123|maybe IDK
|inactive|hexagonfoot has 30 seconds left.
|inactive|hexagonfoot has 20 seconds left.
|
|t:|1757746044
|cant|p2a: Rillaboom|par
|move|p2b: Gholdengo|Shadow Ball|p1a: Gholdengo
|-damage|p1a: Gholdengo|23/100
|move|p1a: Gholdengo|Shadow Ball|p2b: Gholdengo
|-supereffective|p2b: Gholdengo
|-damage|p2b: Gholdengo|3/100
|move|p1b: Rillaboom|Wood Hammer|p2b: Gholdengo
|-resisted|p2b: Gholdengo
|-damage|p2b: Gholdengo|0 fnt
|faint|p2b: Gholdengo
|-damage|p1b: Rillaboom|73/100|[from] Recoil
|
|-heal|p1a: Gholdengo|30/100|[from] Grassy Terrain
|-heal|p1b: Rillaboom|79/100|[from] Grassy Terrain
|-heal|p2a: Rillaboom|27/100 par|[from] Grassy Terrain
|upkeep
|turn|10
|c|Ōśåhexagonfoot|unlucky
|c|ŌśåTruevillany123|is what it is
|
|t:|1757746062
|move|p1a: Gholdengo|Protect|p1a: Gholdengo
|-singleturn|p1a: Gholdengo|Protect
|move|p1b: Rillaboom|Wood Hammer|p2a: Rillaboom
|-resisted|p2a: Rillaboom
|-damage|p2a: Rillaboom|0 fnt
|faint|p2a: Rillaboom
|-damage|p1b: Rillaboom|71/100|[from] Recoil
|
|win|hexagonfoot
||hexagonfoot is ready for game 2.
|inactive|Truevillany123 has 30 seconds to confirm battle start!
|inactive|Truevillany123 has 20 seconds to confirm battle start!
||Truevillany123 is ready for game 2.
|uhtml|next|Next: Game 2 of 3
