|j|☆Jessditta
|j|☆CretaceousDraconid
|html|JessdittaCretaceousDraconid    
|uhtml|bestof|Game 1 of a best-of-3
|t:|1757836059
|gametype|doubles
|player|p1|Jessditta|hilda|1242
|player|p2|CretaceousDraconid|zinnia-masters|1142
|gen|9
|tier|[Gen 9] VGC 2025 Reg H (Bo3)
|rated|
|rule|Species Clause: Limit one of each Pokémon
|rule|Item Clause: Limit 1 of each item
|clearpoke
|poke|p1|Ninetales-Alola, L50, F|
|poke|p1|Rillaboom, L50, M|
|poke|p1|Volcarona, L50, M|
|poke|p1|Annihilape, L50, F|
|poke|p1|Dragapult, L50, F|
|poke|p1|Sneasler, L50, M|
|poke|p2|Whimsicott, L50, F|
|poke|p2|Incineroar, L50, M|
|poke|p2|Salamence, L50, M|
|poke|p2|Garchomp, L50, M|
|poke|p2|Sneasler, L50, M|
|poke|p2|Ninetales-Alola, L50, M|
|teampreview|4
|showteam|p1|Ninetales-Alola||LightClay|SnowWarning|Blizzard,IcicleSpear,AuroraVeil,FreezeDry|||F|||50|,,,,,Ghost]Rillaboom||AssaultVest|GrassySurge|FakeOut,WoodHammer,GrassyGlide,Uturn|||M|||50|,,,,,Fire]Volcarona||SitrusBerry|FlameBody|HeatWave,GigaDrain,QuiverDance,Protect|||M|||50|,,,,,Grass]Annihilape||Leftovers|Defiant|RageFist,DrainPunch,BulkUp,Protect|||F|||50|,,,,,Fire]Dragapult||ChoiceBand|ClearBody|DragonDarts,SuckerPunch,PsychicFangs,Uturn|||F|||50|,,,,,Dragon]Sneasler||GrassySeed|Unburden|FakeOut,DireClaw,CloseCombat,Coaching|||M|||50|,,,,,Fighting
|showteam|p2|Whimsicott||CovertCloak|Prankster|Tailwind,Moonblast,Encore,Taunt|||F|||50|,,,,,Water]Incineroar||SafetyGoggles|Intimidate|FakeOut,Taunt,PartingShot,KnockOff|||M|||50|,,,,,Ghost]Salamence||ChoiceSpecs|Intimidate|Hurricane,HeatWave,DracoMeteor,HydroPump|||M|||50|,,,,,Fire]Garchomp||LoadedDice|RoughSkin|StompingTantrum,Earthquake,ScaleShot,Protect|||M|||50|,,,,,Fairy]Sneasler||FocusSash|PoisonTouch|DireClaw,CloseCombat,Coaching,Protect|||M|||50|,,,,,Fairy]Ninetales-Alola||NeverMeltIce|SnowWarning|FreezeDry,Blizzard,AuroraVeil,Protect|||M|||50|,,,,,Ghost
|
|t:|1757836124
|teamsize|p1|4
|teamsize|p2|4
|start
|switch|p1a: Ninetales|Ninetales-Alola, L50, F|100/100
|switch|p1b: Volcarona|Volcarona, L50, M|100/100
|switch|p2a: Ninetales|Ninetales-Alola, L50, M|100/100
|switch|p2b: Garchomp|Garchomp, L50, M|100/100
|-weather|Snowscape|[from] ability: Snow Warning|[of] p1a: Ninetales
|turn|1
|
|t:|1757836155
|-terastallize|p2b: Garchomp|Fairy
|move|p1b: Volcarona|Protect|p1b: Volcarona
|-singleturn|p1b: Volcarona|Protect
|move|p1a: Ninetales|Aurora Veil|p1a: Ninetales
|-sidestart|p1: Jessditta|move: Aurora Veil
|move|p2a: Ninetales|Aurora Veil|p2a: Ninetales
|-sidestart|p2: CretaceousDraconid|move: Aurora Veil
|move|p2b: Garchomp|Scale Shot|p1b: Volcarona
|-activate|p1b: Volcarona|move: Protect
|
|-weather|Snowscape|[upkeep]
|upkeep
|turn|2
|
|t:|1757836169
|move|p2a: Ninetales|Blizzard|p1a: Ninetales|[spread] p1a,p1b
|-resisted|p1a: Ninetales
|-resisted|p1b: Volcarona
|-damage|p1a: Ninetales|91/100
|-damage|p1b: Volcarona|92/100
|-status|p1b: Volcarona|frz
|move|p1a: Ninetales|Blizzard|p2a: Ninetales|[spread] p2a,p2b
|-resisted|p2a: Ninetales
|-damage|p2a: Ninetales|92/100
|-damage|p2b: Garchomp|83/100
|move|p2b: Garchomp|Scale Shot|p1b: Volcarona
|-damage|p1b: Volcarona|81/100 frz
|-damage|p1b: Volcarona|71/100 frz
|-damage|p1b: Volcarona|61/100 frz
|-damage|p1b: Volcarona|50/100 frz
|-enditem|p1b: Volcarona|Sitrus Berry|[eat]
|-heal|p1b: Volcarona|75/100 frz|[from] item: Sitrus Berry
|-hitcount|p1b: Volcarona|4
|-unboost|p2b: Garchomp|def|1
|-boost|p2b: Garchomp|spe|1
|cant|p1b: Volcarona|frz
|
|-weather|Snowscape|[upkeep]
|upkeep
|turn|3
|
|t:|1757836194
|move|p2b: Garchomp|Scale Shot|p1b: Volcarona
|-damage|p1b: Volcarona|65/100 frz
|-damage|p1b: Volcarona|54/100 frz
|-damage|p1b: Volcarona|43/100 frz
|-damage|p1b: Volcarona|32/100 frz
|-hitcount|p1b: Volcarona|4
|-unboost|p2b: Garchomp|def|1
|-boost|p2b: Garchomp|spe|1
|move|p1a: Ninetales|Blizzard|p2b: Garchomp|[spread] p2a,p2b
|-resisted|p2a: Ninetales
|-damage|p2a: Ninetales|83/100
|-damage|p2b: Garchomp|67/100
|move|p2a: Ninetales|Blizzard|p1a: Ninetales|[spread] p1a,p1b
|-resisted|p1a: Ninetales
|-resisted|p1b: Volcarona
|-damage|p1a: Ninetales|81/100
|-damage|p1b: Volcarona|23/100 frz
|cant|p1b: Volcarona|frz
|
|-weather|Snowscape|[upkeep]
|upkeep
|turn|4
|c|☆Jessditta|so fair lol wheres my freeze
|
|t:|1757836221
|-curestatus|p1b: Volcarona|frz|[msg]
|move|p1b: Volcarona|Protect|p1b: Volcarona
|-singleturn|p1b: Volcarona|Protect
|move|p2b: Garchomp|Stomping Tantrum|p1b: Volcarona
|-activate|p1b: Volcarona|move: Protect
|move|p2a: Ninetales|Blizzard|p1a: Ninetales|[spread] p1a
|-activate|p1b: Volcarona|move: Protect
|-resisted|p1a: Ninetales
|-damage|p1a: Ninetales|70/100
|move|p1a: Ninetales|Blizzard|p2b: Garchomp|[spread] p2a,p2b
|-resisted|p2a: Ninetales
|-damage|p2a: Ninetales|76/100
|-damage|p2b: Garchomp|48/100
|
|-weather|Snowscape|[upkeep]
|upkeep
|turn|5
|c|☆CretaceousDraconid|womp womp!!
|c|☆CretaceousDraconid|lock in
|c|☆CretaceousDraconid|you got a game to play stop thinking about shit that happened on t2
|c|☆Jessditta|im trying haha
|
|t:|1757836255
|switch|p1b: Annihilape|Annihilape, L50, F, shiny|100/100
|move|p2b: Garchomp|Scale Shot|p1b: Annihilape
|-damage|p1b: Annihilape|91/100
|-damage|p1b: Annihilape|82/100
|-damage|p1b: Annihilape|73/100
|-damage|p1b: Annihilape|64/100
|-damage|p1b: Annihilape|54/100
|-hitcount|p1b: Annihilape|5
|-unboost|p2b: Garchomp|def|1
|-boost|p2b: Garchomp|spe|1
|move|p1a: Ninetales|Blizzard|p2a: Ninetales|[spread] p2a,p2b
|-resisted|p2a: Ninetales
|-crit|p2a: Ninetales
|-crit|p2b: Garchomp
|-damage|p2a: Ninetales|57/100
|-damage|p2b: Garchomp|10/100
|move|p2a: Ninetales|Blizzard|p1a: Ninetales|[spread] p1a,p1b
|-resisted|p1a: Ninetales
|-damage|p1a: Ninetales|60/100
|-damage|p1b: Annihilape|38/100
|
|-weather|none
|-heal|p1b: Annihilape|44/100|[from] item: Leftovers
|-sideend|p2: CretaceousDraconid|move: Aurora Veil
|upkeep
|turn|6
|
|t:|1757836292
|move|p2a: Ninetales|Protect|p2a: Ninetales
|-singleturn|p2a: Ninetales|Protect
|move|p1b: Annihilape|Protect|p1b: Annihilape
|-singleturn|p1b: Annihilape|Protect
|move|p2b: Garchomp|Earthquake|p1b: Annihilape|[spread] p1a
|-activate|p2a: Ninetales|move: Protect
|-activate|p1b: Annihilape|move: Protect
|-damage|p1a: Ninetales|25/100
|move|p1a: Ninetales|Blizzard|p2a: Ninetales|[spread] 
|-activate|p2a: Ninetales|move: Protect
|-miss|p1a: Ninetales|p2b: Garchomp
|
|-heal|p1b: Annihilape|50/100|[from] item: Leftovers
|upkeep
|turn|7
|
|t:|1757836311
|switch|p2a: Salamence|Salamence, L50, M|100/100
|-ability|p2a: Salamence|Intimidate|boost
|-unboost|p1a: Ninetales|atk|1
|-unboost|p1b: Annihilape|atk|1
|-ability|p1b: Annihilape|Defiant|boost
|-boost|p1b: Annihilape|atk|2
|switch|p1a: Rillaboom|Rillaboom, L50, M|100/100
|-fieldstart|move: Grassy Terrain|[from] ability: Grassy Surge|[of] p1a: Rillaboom
|move|p2b: Garchomp|Earthquake|p1b: Annihilape|[spread] p1a,p1b
|-immune|p2a: Salamence
|-resisted|p1a: Rillaboom
|-damage|p1a: Rillaboom|94/100
|-damage|p1b: Annihilape|36/100
|move|p1b: Annihilape|Rage Fist|p2a: Salamence
|-damage|p2a: Salamence|0 fnt
|faint|p2a: Salamence
|
|-heal|p2b: Garchomp|16/100|[from] Grassy Terrain
|-heal|p1a: Rillaboom|99/100|[from] Grassy Terrain
|-heal|p1b: Annihilape|42/100|[from] Grassy Terrain
|-heal|p1b: Annihilape|48/100|[from] item: Leftovers
|upkeep
|
|t:|1757836320
|switch|p2a: Ninetales|Ninetales-Alola, L50, M|57/100
|-weather|Snowscape|[from] ability: Snow Warning|[of] p2a: Ninetales
|turn|8
|
|t:|1757836336
|move|p2b: Garchomp|Protect|p2b: Garchomp
|-singleturn|p2b: Garchomp|Protect
|move|p1a: Rillaboom|Grassy Glide|p2b: Garchomp
|-activate|p2b: Garchomp|move: Protect
|move|p2a: Ninetales|Blizzard|p1b: Annihilape|[spread] p1a,p1b
|-supereffective|p1a: Rillaboom
|-damage|p1a: Rillaboom|69/100
|-damage|p1b: Annihilape|31/100
|move|p1b: Annihilape|Rage Fist|p2a: Ninetales
|-damage|p2a: Ninetales|0 fnt
|faint|p2a: Ninetales
|
|-weather|Snowscape|[upkeep]
|-heal|p2b: Garchomp|22/100|[from] Grassy Terrain
|-heal|p1a: Rillaboom|75/100|[from] Grassy Terrain
|-heal|p1b: Annihilape|37/100|[from] Grassy Terrain
|-heal|p1b: Annihilape|43/100|[from] item: Leftovers
|-sideend|p1: Jessditta|move: Aurora Veil
|upkeep
|
|t:|1757836346
|switch|p2a: Whimsicott|Whimsicott, L50, F|100/100
|turn|9
|c|☆Jessditta|i wasnt worried about it i just wanted to play too
|
|t:|1757836361
|-terastallize|p1b: Annihilape|Fire
|move|p1a: Rillaboom|Grassy Glide|p2b: Garchomp
|-crit|p2b: Garchomp
|-damage|p2b: Garchomp|0 fnt
|-damage|p1a: Rillaboom|62/100|[from] ability: Rough Skin|[of] p2b: Garchomp
|faint|p2b: Garchomp
|move|p2a: Whimsicott|Moonblast|p1b: Annihilape
|-resisted|p1b: Annihilape
|-damage|p1b: Annihilape|30/100
|move|p1b: Annihilape|Rage Fist|p2a: Whimsicott
|-damage|p2a: Whimsicott|0 fnt
|faint|p2a: Whimsicott
|
|win|Jessditta
||CretaceousDraconid is ready for game 2.
|inactive|Jessditta has 30 seconds to confirm battle start!
