|j|☆raimolol
|j|☆TheRainRainRain
|html|raimololTheRainRainRain    
|uhtml|bestof|Game 1 of a best-of-3
|t:|1757241817
|gametype|doubles
|player|p1|raimolol|169|1148
|player|p2|TheRainRainRain|sailor|1248
|gen|9
|tier|[Gen 9] VGC 2025 Reg H (Bo3)
|rated|
|rule|Species Clause: Limit one of each Pokémon
|rule|Item Clause: Limit 1 of each item
|clearpoke
|poke|p1|Incineroar, L50, F|
|poke|p1|Porygon2, L50|
|poke|p1|Ursaluna, L50, F|
|poke|p1|Kilowattrel, L50, F|
|poke|p1|Gholdengo, L50|
|poke|p1|Amoonguss, L50, M|
|poke|p2|Incineroar, L50, M|
|poke|p2|Ursaluna-Bloodmoon, L50, M|
|poke|p2|Gholdengo, L50|
|poke|p2|Rillaboom, L50, F|
|poke|p2|Dragonite, L50, M|
|poke|p2|Sneasler, L50, M|
|teampreview|4
|showteam|p1|Incineroar||AssaultVest|Intimidate|KnockOff,FlareBlitz,Uturn,FakeOut|||F|||50|,,,,,Flying]Porygon2||Eviolite|Download|TeraBlast,IceBeam,Recover,TrickRoom||||||50|,,,,,Flying]Ursaluna||FlameOrb|Guts|Facade,HeadlongRush,Earthquake,Protect|||F|||50|,,,,,Ghost]Kilowattrel||FocusSash|Competitive|VoltSwitch,AirSlash,Tailwind,Protect|||F|||50|,,,,,Ghost]Gholdengo||LifeOrb|GoodasGold|MakeItRain,ShadowBall,NastyPlot,Protect||||||50|,,,,,Water]Amoonguss||SitrusBerry|Regenerator|Spore,RagePowder,PollenPuff,Protect|||M|||50|,,,,,Water
|showteam|p2|Incineroar||SafetyGoggles|Intimidate|FlareBlitz,KnockOff,FakeOut,PartingShot|||M|||50|,,,,,Ghost]Ursaluna-Bloodmoon||Leftovers|MindsEye|BloodMoon,EarthPower,CalmMind,Protect|||M|||50|,,,,,Electric]Gholdengo||LifeOrb|GoodasGold|MakeItRain,ShadowBall,NastyPlot,Protect||||||50|,,,,,Water]Rillaboom||AssaultVest|GrassySurge|FakeOut,GrassyGlide,WoodHammer,HighHorsepower|||F|||50|,,,,,Fire]Dragonite||LoadedDice|Multiscale|Tailwind,ScaleShot,Protect,Haze|||M|||50|,,,,,Fairy]Sneasler||FocusSash|PoisonTouch|CloseCombat,DireClaw,Coaching,FakeOut|||M|||50|,,,,,Ghost
|inactive|Battle timer is ON: inactive players will automatically lose when time's up. (requested by raimolol)
|inactive|TheRainRainRain has 60 seconds left.
|
|t:|1757241876
|teamsize|p1|4
|teamsize|p2|4
|start
|switch|p1a: Incineroar|Incineroar, L50, F, shiny|100/100
|switch|p1b: Porygon2|Porygon2, L50, shiny|100/100
|switch|p2a: Dragonite|Dragonite, L50, M|100/100
|switch|p2b: Sneasler|Sneasler, L50, M|100/100
|-ability|p1a: Incineroar|Intimidate|boost
|-unboost|p2a: Dragonite|atk|1
|-unboost|p2b: Sneasler|atk|1
|-ability|p1b: Porygon2|Download|boost
|-boost|p1b: Porygon2|atk|1
|turn|1
|
|t:|1757241898
|-terastallize|p1b: Porygon2|Flying
|move|p2b: Sneasler|Fake Out|p1b: Porygon2
|-crit|p1b: Porygon2
|-damage|p1b: Porygon2|85/100
|move|p1a: Incineroar|Fake Out|p2b: Sneasler
|-damage|p2b: Sneasler|81/100
|move|p2a: Dragonite|Haze|p2a: Dragonite
|-clearallboost
|cant|p1b: Porygon2|flinch
|
|upkeep
|turn|2
|inactive|TheRainRainRain has 30 seconds left.
|
|t:|1757241927
|move|p2b: Sneasler|Dire Claw|p1b: Porygon2
|-damage|p1b: Porygon2|57/100
|move|p2a: Dragonite|Scale Shot|p1b: Porygon2
|-damage|p1b: Porygon2|47/100
|-damage|p1b: Porygon2|36/100
|-crit|p1b: Porygon2
|-damage|p1b: Porygon2|20/100
|-damage|p1b: Porygon2|11/100
|-damage|p1b: Porygon2|2/100
|-hitcount|p1b: Porygon2|5
|-unboost|p2a: Dragonite|def|1
|-boost|p2a: Dragonite|spe|1
|move|p1a: Incineroar|Knock Off|p2a: Dragonite
|-damage|p2a: Dragonite|62/100
|-enditem|p2a: Dragonite|Loaded Dice|[from] move: Knock Off|[of] p1a: Incineroar
|move|p1b: Porygon2|Trick Room|p1b: Porygon2
|-fieldstart|move: Trick Room|[of] p1b: Porygon2
|
|upkeep
|turn|3
|inactive|raimolol has 30 seconds left.
|inactive|TheRainRainRain has 30 seconds left.
|
|t:|1757241958
|move|p1b: Porygon2|Recover|p1b: Porygon2
|-heal|p1b: Porygon2|52/100
|move|p1a: Incineroar|U-turn|p2b: Sneasler
|-resisted|p2b: Sneasler
|-damage|p2b: Sneasler|72/100
|
|t:|1757241967
|switch|p1a: Luna|Ursaluna, L50, F|100/100|[from] U-turn
|move|p2b: Sneasler|Close Combat|p1a: Luna
|-supereffective|p1a: Luna
|-damage|p1a: Luna|0 fnt
|-unboost|p2b: Sneasler|def|1
|-unboost|p2b: Sneasler|spd|1
|faint|p1a: Luna
|move|p2a: Dragonite|Scale Shot|p1b: Porygon2
|-damage|p1b: Porygon2|42/100
|-damage|p1b: Porygon2|32/100
|-hitcount|p1b: Porygon2|2
|-unboost|p2a: Dragonite|def|1
|-boost|p2a: Dragonite|spe|1
|
|upkeep
|
|t:|1757241982
|switch|p1a: Gholdengo|Gholdengo, L50|100/100
|turn|4
|
|t:|1757242002
|switch|p2b: Ursaluna|Ursaluna-Bloodmoon, L50, M|100/100
|switch|p2a: Rillaboom|Rillaboom, L50, F|100/100
|-fieldstart|move: Grassy Terrain|[from] ability: Grassy Surge|[of] p2a: Rillaboom
|move|p1b: Porygon2|Recover|p1b: Porygon2
|-heal|p1b: Porygon2|82/100
|move|p1a: Gholdengo|Make It Rain|p2b: Ursaluna|[spread] p2a,p2b
|-damage|p2a: Rillaboom|58/100
|-damage|p2b: Ursaluna|46/100
|-unboost|p1a: Gholdengo|spa|1
|-damage|p1a: Gholdengo|91/100|[from] item: Life Orb
|
|-heal|p2b: Ursaluna|53/100|[from] Grassy Terrain
|-heal|p2b: Ursaluna|59/100|[from] item: Leftovers
|-heal|p1a: Gholdengo|97/100|[from] Grassy Terrain
|-heal|p2a: Rillaboom|64/100|[from] Grassy Terrain
|upkeep
|turn|5
|
|t:|1757242022
|-terastallize|p2b: Ursaluna|Electric
|move|p1a: Gholdengo|Protect|p1a: Gholdengo
|-singleturn|p1a: Gholdengo|Protect
|move|p2a: Rillaboom|Fake Out|p1b: Porygon2
|-damage|p1b: Porygon2|73/100
|cant|p1b: Porygon2|flinch
|move|p2b: Ursaluna|Calm Mind|p2b: Ursaluna
|-boost|p2b: Ursaluna|spa|1
|-boost|p2b: Ursaluna|spd|1
|
|-heal|p2b: Ursaluna|65/100|[from] Grassy Terrain
|-heal|p2b: Ursaluna|71/100|[from] item: Leftovers
|-heal|p1a: Gholdengo|100/100|[from] Grassy Terrain
|-heal|p2a: Rillaboom|70/100|[from] Grassy Terrain
|upkeep
|turn|6
|
|t:|1757242042
|switch|p2a: Dragonite|Dragonite, L50, M|62/100
|move|p1a: Gholdengo|Protect||[still]
|-fail|p1a: Gholdengo
|move|p2b: Ursaluna|Earth Power|p1a: Gholdengo
|-supereffective|p1a: Gholdengo
|-damage|p1a: Gholdengo|0 fnt
|faint|p1a: Gholdengo
|move|p1b: Porygon2|Trick Room|p1b: Porygon2
|-fieldend|move: Trick Room
|
|-heal|p2b: Ursaluna|78/100|[from] Grassy Terrain
|-heal|p2b: Ursaluna|84/100|[from] item: Leftovers
|upkeep
|-message|raimolol forfeited.
|
|win|TheRainRainRain
|l|☆raimolol
|player|p1|
||TheRainRainRain is ready for game 2.
||raimolol is ready for game 2.
|uhtml|next|Next: Game 2 of 3
