|j|☆kokomiiiii
|j|☆Leodess
|html|kokomiiiiiLeodess    
|uhtml|bestof|Game 1 of a best-of-3
|t:|1757924265
|gametype|doubles
|player|p1|kokomiiiii|lillie-masters|1217
|player|p2|Leodess|lucas-gen4pt|1108
|gen|9
|tier|[Gen 9] VGC 2025 Reg H (Bo3)
|rated|
|rule|Species Clause: Limit one of each Pokémon
|rule|Item Clause: Limit 1 of each item
|clearpoke
|poke|p1|Gholdengo, L50|
|poke|p1|Ursaluna, L50, F|
|poke|p1|Dragonite, L50, M|
|poke|p1|Porygon2, L50|
|poke|p1|Incineroar, L50, M|
|poke|p1|Amoonguss, L50, M|
|poke|p2|Porygon2, L50|
|poke|p2|Torkoal, L50, F|
|poke|p2|Jumpluff, L50, M|
|poke|p2|Charizard, L50, M|
|poke|p2|Ursaluna, L50, F|
|poke|p2|Incineroar, L50, F|
|teampreview|4
|showteam|p1|Gholdengo||LifeOrb|GoodasGold|MakeItRain,ShadowBall,NastyPlot,Protect||||||50|,,,,,Water]Ursaluna||FlameOrb|Guts|HeadlongRush,Facade,Earthquake,Protect|||F|||50|,,,,,Ghost]Dragonite||LoadedDice|Multiscale|ScaleShot,Haze,Tailwind,Protect|||M|||50|,,,,,Fairy]Porygon2||Eviolite|Download|IceBeam,TeraBlast,TrickRoom,Recover||||||50|,,,,,Fighting]Incineroar||SafetyGoggles|Intimidate|FakeOut,KnockOff,FlareBlitz,PartingShot|||M|||50|,,,,,Ghost]Amoonguss||SitrusBerry|Regenerator|RagePowder,PollenPuff,Spore,Protect|||M|||50|,,,,,Water
|showteam|p2|Porygon2||Eviolite|Download|TeraBlast,TrickRoom,Recover,IceBeam||||||50|,,,,,Ghost]Torkoal||ChoiceSpecs|Drought|Eruption,HeatWave,WeatherBall,EarthPower|||F|||50|,,,,,Fire]Jumpluff||CovertCloak|Chlorophyll|RagePowder,Tailwind,SunnyDay,SleepPowder|||M|||50|,,,,,Water]Charizard||Charcoal|SolarPower|WeatherBall,HeatWave,Protect,SolarBeam|||M|||50|,,,,,Grass]Ursaluna||FlameOrb|Guts|Facade,Earthquake,HeadlongRush,Protect|||F|||50|,,,,,Ghost]Incineroar||AssaultVest|Intimidate|FlareBlitz,FakeOut,KnockOff,Uturn|||F|||50|,,,,,Water
|inactive|Battle timer is ON: inactive players will automatically lose when time's up. (requested by Leodess)
|
|t:|1757924298
|teamsize|p1|4
|teamsize|p2|4
|start
|switch|p1a: dragon right|Dragonite, L50, M, shiny|100/100
|switch|p1b: Midcineroar|Incineroar, L50, M, shiny|100/100
|switch|p2a: Charizard|Charizard, L50, M|100/100
|switch|p2b: Jumpluff|Jumpluff, L50, M|100/100
|-ability|p1b: Midcineroar|Intimidate|boost
|-unboost|p2a: Charizard|atk|1
|-unboost|p2b: Jumpluff|atk|1
|turn|1
|inactive|kokomiiiii has 30 seconds left.
|inactive|Leodess has 30 seconds left.
|inactive|Leodess has 20 seconds left.
|
|t:|1757924335
|move|p1a: dragon right|Protect|p1a: dragon right
|-singleturn|p1a: dragon right|Protect
|move|p2b: Jumpluff|Sleep Powder|p1a: dragon right
|-activate|p1a: dragon right|move: Protect
|move|p2a: Charizard|Heat Wave|p1a: dragon right|[spread] p1b
|-activate|p1a: dragon right|move: Protect
|-resisted|p1b: Midcineroar
|-damage|p1b: Midcineroar|82/100
|move|p1b: Midcineroar|Flare Blitz|p2b: Jumpluff
|-supereffective|p2b: Jumpluff
|-damage|p2b: Jumpluff|0 fnt
|faint|p2b: Jumpluff
|-damage|p1b: Midcineroar|52/100|[from] Recoil
|
|upkeep
|
|t:|1757924351
|switch|p2b: Ursaluna|Ursaluna, L50, F|100/100
|turn|2
|
|t:|1757924362
|move|p2a: Charizard|Heat Wave|p1a: dragon right|[spread] p1a,p1b
|-resisted|p1a: dragon right
|-resisted|p1b: Midcineroar
|-damage|p1a: dragon right|88/100
|-damage|p1b: Midcineroar|35/100
|move|p1a: dragon right|Scale Shot|p2a: Charizard
|-damage|p2a: Charizard|82/100
|-damage|p2a: Charizard|62/100
|-damage|p2a: Charizard|42/100
|-damage|p2a: Charizard|23/100
|-hitcount|p2a: Charizard|4
|-unboost|p1a: dragon right|def|1
|-boost|p1a: dragon right|spe|1
|move|p1b: Midcineroar|Knock Off|p2b: Ursaluna
|-damage|p2b: Ursaluna|73/100
|-enditem|p2b: Ursaluna|Flame Orb|[from] move: Knock Off|[of] p1b: Midcineroar
|move|p2b: Ursaluna|Facade|p1b: Midcineroar
|-damage|p1b: Midcineroar|0 fnt
|faint|p1b: Midcineroar
|
|upkeep
|
|t:|1757924381
|switch|p1b: SHROOMSSSS|Amoonguss, L50, M, shiny|100/100
|turn|3
|
|t:|1757924393
|switch|p2a: Torkoal|Torkoal, L50, F|100/100
|-weather|SunnyDay|[from] ability: Drought|[of] p2a: Torkoal
|move|p1b: SHROOMSSSS|Rage Powder|p1b: SHROOMSSSS
|-singleturn|p1b: SHROOMSSSS|move: Rage Powder
|move|p1a: dragon right|Scale Shot|p2a: Torkoal
|-damage|p2a: Torkoal|90/100
|-damage|p2a: Torkoal|80/100
|-damage|p2a: Torkoal|69/100
|-damage|p2a: Torkoal|59/100
|-damage|p2a: Torkoal|48/100
|-hitcount|p2a: Torkoal|5
|-unboost|p1a: dragon right|def|1
|-boost|p1a: dragon right|spe|1
|move|p2b: Ursaluna|Headlong Rush|p1b: SHROOMSSSS
|-damage|p1b: SHROOMSSSS|43/100
|-unboost|p2b: Ursaluna|def|1
|-unboost|p2b: Ursaluna|spd|1
|-enditem|p1b: SHROOMSSSS|Sitrus Berry|[eat]
|-heal|p1b: SHROOMSSSS|68/100|[from] item: Sitrus Berry
|
|-weather|SunnyDay|[upkeep]
|upkeep
|turn|4
|inactive|Leodess has 30 seconds left.
|
|t:|1757924424
|move|p1a: dragon right|Scale Shot|p2b: Ursaluna
|-damage|p2b: Ursaluna|58/100
|-damage|p2b: Ursaluna|44/100
|-damage|p2b: Ursaluna|28/100
|-damage|p2b: Ursaluna|13/100
|-crit|p2b: Ursaluna
|-damage|p2b: Ursaluna|0 fnt
|faint|p2b: Ursaluna
|-hitcount|p2: Ursaluna|5
|-unboost|p1a: dragon right|def|1
|-boost|p1a: dragon right|spe|1
|move|p2a: Torkoal|Heat Wave|p1b: SHROOMSSSS|[spread] p1a,p1b
|-resisted|p1a: dragon right
|-supereffective|p1b: SHROOMSSSS
|-damage|p1a: dragon right|56/100
|-damage|p1b: SHROOMSSSS|0 fnt
|-status|p1a: dragon right|brn
|faint|p1b: SHROOMSSSS
|
|-weather|SunnyDay|[upkeep]
|-damage|p1a: dragon right|50/100 brn|[from] brn
|upkeep
|
|t:|1757924437
|switch|p2b: Charizard|Charizard, L50, M|23/100
|switch|p1b: da king|Gholdengo, L50|100/100
|turn|5
|
|t:|1757924449
|-terastallize|p1b: da king|Water
|-terastallize|p2a: Torkoal|Fire
|move|p1a: dragon right|Scale Shot|p2b: Charizard
|-damage|p2b: Charizard|13/100
|-damage|p2b: Charizard|3/100
|-damage|p2b: Charizard|0 fnt
|faint|p2b: Charizard
|-hitcount|p2: Charizard|3
|-unboost|p1a: dragon right|def|1
|-boost|p1a: dragon right|spe|1
|move|p1b: da king|Shadow Ball|p2a: Torkoal
|-damage|p2a: Torkoal|0 fnt
|faint|p2a: Torkoal
|-damage|p1b: da king|91/100|[from] item: Life Orb
|
|win|kokomiiiii
|inactive|kokomiiiii has 30 seconds to confirm battle start!
|inactive|Leodess has 30 seconds to confirm battle start!
|l|☆Leodess
|player|p2|
