|j|☆galgith
|j|☆Joseph Terastalin
|html|galgithJoseph Terastalin    
|uhtml|bestof|Game 1 of a best-of-3
|t:|1757249552
|gametype|doubles
|player|p1|galgith|steven|1029
|player|p2|Joseph Terastalin|blaine|1075
|gen|9
|tier|[Gen 9] VGC 2025 Reg H (Bo3)
|rated|
|rule|Species Clause: Limit one of each Pokémon
|rule|Item Clause: Limit 1 of each item
|clearpoke
|poke|p1|Dragapult, L50, M|
|poke|p1|Rillaboom, L50, M|
|poke|p1|Volcarona, L50, F|
|poke|p1|Incineroar, L50, M|
|poke|p1|Primarina, L50, F|
|poke|p1|Gholdengo, L50|
|poke|p2|Venusaur, L50, F|
|poke|p2|Torkoal, L50, M|
|poke|p2|Tyranitar, L50, F|
|poke|p2|Farigiraf, L50, F|
|poke|p2|Electabuzz, L50, F|
|poke|p2|Whimsicott, L50, F|
|teampreview|4
|showteam|p1|Dragapult||ChoiceBand|Infiltrator|DragonDarts,PhantomForce,TeraBlast,SuckerPunch|||M|||50|,,,,,Ghost]Rillaboom||AssaultVest|GrassySurge|FakeOut,GrassyGlide,WoodHammer,Uturn|||M|||50|,,,,,Fire]Volcarona||SitrusBerry|FlameBody|StruggleBug,RagePowder,FieryDance,Tailwind|||F|||50|,,,,,Water]Incineroar||SafetyGoggles|Intimidate|FakeOut,PartingShot,KnockOff,WillOWisp|||M|||50|,,,,,Bug]Primarina||LifeOrb|LiquidVoice|HyperVoice,Moonblast,Protect,Haze|||F|||50|,,,,,Steel]Gholdengo||MetalCoat|GoodasGold|ShadowBall,MakeItRain,NastyPlot,Protect||||||50|,,,,,Dragon
|showteam|p2|Venusaur||LifeOrb|Chlorophyll|Protect,SludgeBomb,GigaDrain,WeatherBall|||F|||50|,,,,,Rock]Torkoal||EjectPack|Drought|Overheat,BodyPress,HelpingHand,Yawn|||M|||50|,,,,,Grass]Tyranitar||ChoiceBand|SandStream|RockSlide,KnockOff,TeraBlast,HeavySlam|||F|||50|,,,,,Flying]Farigiraf||ThroatSpray|ArmorTail|Protect,HyperVoice,Psychic,TrickRoom|||F|||50|,,,,,Fairy]Electabuzz||Eviolite|VitalSpirit|Electroweb,Taunt,FollowMe,VoltSwitch|||F|||50|,,,,,Fairy]Whimsicott||FocusSash|Prankster|MistyTerrain,Tailwind,Moonblast,Endeavor|||F|||50|,,,,,Rock
|inactive|Battle timer is ON: inactive players will automatically lose when time's up. (requested by galgith)
|inactive|galgith has 60 seconds left.
|inactive|Joseph Terastalin has 60 seconds left.
|
|t:|1757249616
|teamsize|p1|4
|teamsize|p2|4
|start
|switch|p1a: Incineroar|Incineroar, L50, M, shiny|100/100
|switch|p1b: Volcarona|Volcarona, L50, F|100/100
|switch|p2a: Venusaur|Venusaur, L50, F|100/100
|switch|p2b: Whimsicott|Whimsicott, L50, F|100/100
|-ability|p1a: Incineroar|Intimidate|boost
|-unboost|p2a: Venusaur|atk|1
|-unboost|p2b: Whimsicott|atk|1
|turn|1
|inactive|galgith has 30 seconds left.
|inactive|Joseph Terastalin has 30 seconds left.
|inactive|galgith has 20 seconds left.
|inactive|galgith has 15 seconds left.
|inactive|galgith has 10 seconds left.
|inactive|galgith has 5 seconds left.
|
|t:|1757249666
|move|p2a: Venusaur|Protect|p2a: Venusaur
|-singleturn|p2a: Venusaur|Protect
|move|p1a: Incineroar|Fake Out|p2b: Whimsicott
|-damage|p2b: Whimsicott|83/100
|cant|p2b: Whimsicott|flinch
|move|p1b: Volcarona|Fiery Dance|p2b: Whimsicott
|-supereffective|p2b: Whimsicott
|-damage|p2b: Whimsicott|0 fnt
|-boost|p1b: Volcarona|spa|1
|faint|p2b: Whimsicott
|
|upkeep
|
|t:|1757249680
|switch|p2b: Tyranitar|Tyranitar, L50, F|100/100
|-weather|Sandstorm|[from] ability: Sand Stream|[of] p2b: Tyranitar
|turn|2
|inactive|galgith has 30 seconds left.
|
|t:|1757249713
|switch|p1a: Primarina|Primarina, L50, F|100/100
|-terastallize|p2a: Venusaur|Rock
|-terastallize|p1b: Volcarona|Water
|move|p2a: Venusaur|Weather Ball|p1a: Primarina
|-damage|p1a: Primarina|52/100
|-damage|p2a: Venusaur|91/100|[from] item: Life Orb
|move|p1b: Volcarona|Fiery Dance|p2a: Venusaur
|-resisted|p2a: Venusaur
|-damage|p2a: Venusaur|67/100
|-boost|p1b: Volcarona|spa|1
|move|p2b: Tyranitar|Rock Slide|p1a: Primarina|[spread] p1b
|-miss|p2b: Tyranitar|p1a: Primarina
|-damage|p1b: Volcarona|50/100
|-enditem|p1b: Volcarona|Sitrus Berry|[eat]
|-heal|p1b: Volcarona|74/100|[from] item: Sitrus Berry
|
|-weather|Sandstorm|[upkeep]
|-damage|p1b: Volcarona|68/100|[from] Sandstorm
|-damage|p1a: Primarina|46/100|[from] Sandstorm
|upkeep
|turn|3
|inactive|galgith has 30 seconds left.
|inactive|galgith has 20 seconds left.
|inactive|galgith has 15 seconds left.
|inactive|galgith has 10 seconds left.
|
|t:|1757249764
|switch|p1b: Gholdengo|Gholdengo, L50|100/100
|switch|p2b: Torkoal|Torkoal, L50, M|100/100
|-weather|SunnyDay|[from] ability: Drought|[of] p2b: Torkoal
|move|p2a: Venusaur|Giga Drain|p1b: Gholdengo
|-resisted|p1b: Gholdengo
|-damage|p1b: Gholdengo|78/100
|-heal|p2a: Venusaur|79/100|[from] drain|[of] p1b: Gholdengo
|-damage|p2a: Venusaur|70/100|[from] item: Life Orb
|move|p1a: Primarina|Hyper Voice|p2a: Venusaur|[spread] p2a,p2b
|-supereffective|p2a: Venusaur
|-supereffective|p2b: Torkoal
|-damage|p2a: Venusaur|14/100
|-damage|p2b: Torkoal|51/100
|-damage|p1a: Primarina|36/100|[from] item: Life Orb
|
|-weather|SunnyDay|[upkeep]
|upkeep
|turn|4
|inactive|Joseph Terastalin has 30 seconds left.
|inactive|Joseph Terastalin has 20 seconds left.
|inactive|Joseph Terastalin has 15 seconds left.
|inactive|Joseph Terastalin has 10 seconds left.
|
|t:|1757249810
|move|p1b: Gholdengo|Protect|p1b: Gholdengo
|-singleturn|p1b: Gholdengo|Protect
|move|p2a: Venusaur|Sludge Bomb|p1a: Primarina
|-supereffective|p1a: Primarina
|-damage|p1a: Primarina|0 fnt
|faint|p1a: Primarina
|-damage|p2a: Venusaur|5/100|[from] item: Life Orb
|move|p2b: Torkoal|Overheat|p1b: Gholdengo
|-activate|p1b: Gholdengo|move: Protect
|
|-weather|SunnyDay|[upkeep]
|upkeep
|
|t:|1757249827
|switch|p1a: Incineroar|Incineroar, L50, M, shiny|100/100
|-ability|p1a: Incineroar|Intimidate|boost
|-unboost|p2a: Venusaur|atk|1
|-unboost|p2b: Torkoal|atk|1
|-enditem|p2b: Torkoal|Eject Pack
|
|t:|1757249832
|switch|p2b: Tyranitar|Tyranitar, L50, F|100/100
|-weather|Sandstorm|[from] ability: Sand Stream|[of] p2b: Tyranitar
|turn|5
|
|t:|1757249851
|switch|p2b: Torkoal|Torkoal, L50, M|51/100
|-weather|SunnyDay|[from] ability: Drought|[of] p2b: Torkoal
|move|p2a: Venusaur|Protect|p2a: Venusaur
|-singleturn|p2a: Venusaur|Protect
|move|p1a: Incineroar|Fake Out|p2a: Venusaur
|-activate|p2a: Venusaur|move: Protect
|move|p1b: Gholdengo|Make It Rain|p2b: Torkoal|[spread] p2b
|-activate|p2a: Venusaur|move: Protect
|-resisted|p2b: Torkoal
|-damage|p2b: Torkoal|19/100
|-unboost|p1b: Gholdengo|spa|1
|
|-weather|SunnyDay|[upkeep]
|upkeep
|turn|6
|inactive|galgith has 30 seconds left.
|
|t:|1757249878
|switch|p2b: Tyranitar|Tyranitar, L50, F|100/100
|-weather|Sandstorm|[from] ability: Sand Stream|[of] p2b: Tyranitar
|move|p1b: Gholdengo|Protect|p1b: Gholdengo
|-singleturn|p1b: Gholdengo|Protect
|move|p2a: Venusaur|Weather Ball|p1a: Incineroar
|-supereffective|p1a: Incineroar
|-damage|p1a: Incineroar|11/100
|-damage|p2a: Venusaur|0 fnt|[from] item: Life Orb
|faint|p2a: Venusaur
|move|p1a: Incineroar|Knock Off|p2b: Tyranitar
|-resisted|p2b: Tyranitar
|-damage|p2b: Tyranitar|86/100
|-enditem|p2b: Tyranitar|Choice Band|[from] move: Knock Off|[of] p1a: Incineroar
|
|-weather|Sandstorm|[upkeep]
|upkeep
|
|t:|1757249884
|switch|p2a: Torkoal|Torkoal, L50, M|19/100
|-weather|SunnyDay|[from] ability: Drought|[of] p2a: Torkoal
|turn|7
|inactive|galgith has 30 seconds left.
|
|t:|1757249914
|switch|p1a: Volcarona|Volcarona, L50, F, tera:Water|68/100
|move|p1b: Gholdengo|Make It Rain|p2b: Tyranitar|[spread] p2a,p2b
|-resisted|p2a: Torkoal
|-supereffective|p2b: Tyranitar
|-damage|p2a: Torkoal|0 fnt
|-damage|p2b: Tyranitar|22/100
|-unboost|p1b: Gholdengo|spa|1
|faint|p2a: Torkoal
|move|p2b: Tyranitar|Rock Slide|p1b: Gholdengo|[spread] p1a,p1b
|-crit|p1a: Volcarona
|-resisted|p1b: Gholdengo
|-damage|p1a: Volcarona|20/100
|-damage|p1b: Gholdengo|61/100
|
|-weather|SunnyDay|[upkeep]
|upkeep
|turn|8
|-message|Joseph Terastalin forfeited.
|
|win|galgith
