|j|â˜†asher255
|j|â˜†geoo_4789
|html|asher255geoo_4789    
|uhtml|bestof|Game 3 of a best-of-3
|t:|1783519948
|gametype|doubles
|player|p1|asher255|dawn-masters|
|player|p2|geoo_4789|265|
|gen|9
|tier|[Gen 9 Champions] VGC 2026 Reg M-B (Bo3)
|rule|Species Clause: Limit one of each PokÃ©mon
|rule|Item Clause: Limit 1 of each item
|clearpoke
|poke|p1|Aegislash, L50, M|
|poke|p1|Incineroar, L50, F|
|poke|p1|Whimsicott, L50, F|
|poke|p1|Staraptor, L50, M|
|poke|p1|Rotom-Wash, L50|
|poke|p1|Garchomp, L50, F|
|poke|p2|Sneasler, L50, M|
|poke|p2|Blastoise, L50, M|
|poke|p2|Kingambit, L50, M|
|poke|p2|Incineroar, L50, M|
|poke|p2|Delphox, L50, F|
|poke|p2|Sinistcha, L50|
|teampreview|4
|showteam|p1|Aegislash||Leftovers|StanceChange|Poltergeist,ShadowSneak,SacredSword,KingsShield|Adamant||M|||50|]Incineroar||PasshoBerry|Intimidate|FakeOut,FlareBlitz,PartingShot,WillOWisp|Careful||F|||50|]Whimsicott||FocusSash|Prankster|Tailwind,Encore,Moonblast,Charm|Bold||F|||50|]Staraptor||Staraptite|Intimidate|CloseCombat,Roost,BraveBird,Protect|Jolly||M|||50|]Rotom-Wash||SitrusBerry|Levitate|HydroPump,VoltSwitch,WillOWisp,Protect|Modest|||||50|]Garchomp||ChoiceScarf|RoughSkin|RockSlide,Earthquake,DragonClaw,StompingTantrum|Jolly||F|||50|
|showteam|p2|Sneasler||FocusSash|PoisonTouch|PoisonJab,CloseCombat,FakeOut,QuickGuard|Jolly||M|||50|]Blastoise||Blastoisinite|RainDish|DarkPulse,WaterSpout,ShellSmash,Protect|Modest||M|||50|]Kingambit||BlackGlasses|Defiant|KowtowCleave,SuckerPunch,SwordsDance,Protect|Adamant||M|||50|]Incineroar||SitrusBerry|Intimidate|FlareBlitz,HelpingHand,PartingShot,FakeOut|Careful||M|||50|]Delphox||Delphoxite|Blaze|HeatWave,NastyPlot,Psyshock,Protect|Modest||F|||50|]Sinistcha||KasibBerry|Hospitality|MatchaGotcha,RagePowder,TrickRoom,Protect|Bold|||||50|
|inactive|Battle timer is ON: inactive players will automatically lose when time's up. (requested by asher255)
|c|â˜†asher255|!ds haze, all
|c| asher255|/raw Altaria, Arbok, Aurorus, Blastoise, Chandelure, Cofagrigus, Decidueye, Decidueye-Hisui, Dragalge, Dragonite, Empoleon, Froslass, Garbodor, Gengar, Glaceon, Greninja, Mamoswine, Milotic, Mr. Rime, Overqwil, Palafin, Politoed, Primarina, Qwilfish, Runerigus, Slowbro-Galar, Toxapex, Trevenant, Vaporeon
|c|â˜†asher255|!ds clear smog, all
|c| asher255|/raw Armarouge, Ceruledge, Chandelure, Garbodor, Gengar, Torkoal, Victreebel
|
|t:|1783519975
|teamsize|p1|4
|teamsize|p2|4
|start
|switch|p1a: Garchomp|Garchomp, L50, F|100/100
|switch|p1b: Rotom|Rotom-Wash, L50|100/100
|switch|p2a: Incineroar|Incineroar, L50, M|100/100
|switch|p2b: Delphox|Delphox, L50, F|100/100
|-ability|p2a: Incineroar|Intimidate|boost
|-unboost|p1a: Garchomp|atk|1
|-unboost|p1b: Rotom|atk|1
|turn|1
|inactive|geoo_4789 has 30 seconds left.
|
|t:|1783520009
|detailschange|p2b: Delphox|Delphox-Mega, L50, F
|-mega|p2b: Delphox|Delphox|Delphoxite
|move|p2a: Incineroar|Fake Out|p1a: Garchomp
|-damage|p1a: Garchomp|88/100
|-damage|p2a: Incineroar|87/100|[from] ability: Rough Skin|[of] p1a: Garchomp
|cant|p1a: Garchomp|flinch
|move|p2b: Delphox|Nasty Plot|p2b: Delphox
|-boost|p2b: Delphox|spa|2
|move|p1b: Rotom|Hydro Pump|p2b: Delphox
|-supereffective|p2b: Delphox|1
|-damage|p2b: Delphox|12/100
|
|upkeep
|turn|2
|c|â˜†geoo_4789|dude
|c|â˜†geoo_4789|im being so fr right now
|c|â˜†asher255|R1 https://replay.pokemonshowdown.com/gen9championsvgc2026regmbbo3-2645965916
|c|â˜†asher255|R2 https://replay.pokemonshowdown.com/gen9championsvgc2026regmbbo3-2645967600
|c|â˜†geoo_4789|i forgot that thing was water type
|inactive|geoo_4789 has 30 seconds left.
|c|â˜†asher255|HASHSAHASH
|
|t:|1783520041
|move|p1a: Garchomp|Rock Slide|p2a: Incineroar|[spread] p2a,p2b
|-supereffective|p2a: Incineroar|1
|-supereffective|p2b: Delphox|1
|-damage|p2a: Incineroar|63/100
|-damage|p2b: Delphox|0 fnt
|faint|p2b: Delphox
|move|p1b: Rotom|Hydro Pump|p2a: Incineroar
|-supereffective|p2a: Incineroar|1
|-damage|p2a: Incineroar|0 fnt
|faint|p2a: Incineroar
|
|upkeep
|c|â˜†asher255|Rotom wash is legit my fav anti sun/rain
|c|â˜†geoo_4789|why the fuck is that thing so fast
|
|t:|1783520054
|switch|p2b: Sneasler|Sneasler, L50, M|100/100
|switch|p2a: Sinistcha|Sinistcha, L50|100/100
|turn|3
|
|t:|1783520078
|switch|p1a: Staraptor|Staraptor, L50, M|100/100
|-ability|p1a: Staraptor|Intimidate|boost
|-unboost|p2a: Sinistcha|atk|1
|-unboost|p2b: Sneasler|atk|1
|move|p2b: Sneasler|Fake Out|p1a: Staraptor
|-damage|p1a: Staraptor|86/100
|move|p1b: Rotom|Will-O-Wisp|p2b: Sneasler|[miss]
|-miss|p1b: Rotom|p2b: Sneasler
|move|p2a: Sinistcha|Matcha Gotcha|p1a: Staraptor|[spread] p1a,p1b
|-resisted|p1a: Staraptor|1
|-supereffective|p1b: Rotom|1
|-damage|p1a: Staraptor|66/100
|-damage|p1b: Rotom|50/100g
|
|upkeep
|turn|4
|inactive|asher255 has 30 seconds left.
|
|t:|1783520112
|switch|p1a: Garchomp|Garchomp, L50, F|88/100
|move|p2a: Sinistcha|Rage Powder|p2a: Sinistcha
|-singleturn|p2a: Sinistcha|move: Rage Powder
|move|p2b: Sneasler|Poison Jab|p1a: Garchomp
|-resisted|p1a: Garchomp|1
|-damage|p1a: Garchomp|74/100
|-damage|p2b: Sneasler|87/100|[from] ability: Rough Skin|[of] p1a: Garchomp
|move|p1b: Rotom|Will-O-Wisp|p2a: Sinistcha
|-status|p2a: Sinistcha|brn
|
|-damage|p2a: Sinistcha|93/100 brn|[from] brn
|upkeep
|turn|5
|c|â˜†asher255|In what scenario do you use jab over dire claw
|c|â˜†geoo_4789|poison
|
|t:|1783520136
|move|p1a: Garchomp|Earthquake|p2b: Sneasler|[spread] p2a,p2b
|-immune|p1b: Rotom|[from] ability: Levitate
|-resisted|p2a: Sinistcha|1
|-supereffective|p2b: Sneasler|1
|-damage|p2a: Sinistcha|78/100 brn
|-damage|p2b: Sneasler|0 fnt
|faint|p2b: Sneasler
|move|p1b: Rotom|Volt Switch|p2a: Sinistcha
|-resisted|p2a: Sinistcha|1
|-damage|p2a: Sinistcha|61/100 brn
|
|t:|1783520147
|switch|p1b: Staraptor|Staraptor, L50, M|66/100|[from] Volt Switch
|-ability|p1b: Staraptor|Intimidate|boost
|-unboost|p2a: Sinistcha|atk|1
|move|p2a: Sinistcha|Trick Room|p2a: Sinistcha
|-fieldstart|move: Trick Room|[of] p2a: Sinistcha
|
|-damage|p2a: Sinistcha|55/100 brn|[from] brn
|upkeep
|turn|6
|c|â˜†asher255|You double burn me and live
|
|t:|1783520160
|detailschange|p1b: Staraptor|Staraptor-Mega, L50, M
|-mega|p1b: Staraptor|Staraptor|Staraptite
|move|p2a: Sinistcha|Matcha Gotcha|p1a: Garchomp|[spread] p1a,p1b
|-resisted|p1b: Staraptor|1
|-damage|p1a: Garchomp|44/100
|-heal|p2a: Sinistcha|70/100 brn|[from] drain|[of] p1a: Garchomp
|-damage|p1b: Staraptor|53/100
|-heal|p2a: Sinistcha|76/100 brn|[from] drain|[of] p1b: Staraptor
|move|p1b: Staraptor|Brave Bird|p2a: Sinistcha
|-supereffective|p2a: Sinistcha|1
|-damage|p2a: Sinistcha|0 fnt
|faint|p2a: Sinistcha
|-damage|p1b: Staraptor|27/100|[from] Recoil
|
|win|asher255
|c|â˜†geoo_4789|penielle says hi
