|j|☆That1Morpecko
|j|☆Vaccamad
|html|That1MorpeckoVaccamad    
|uhtml|bestof|Game 1 of a best-of-3
|t:|1782514073
|gametype|doubles
|player|p1|That1Morpecko|hiker-gen4|1078
|player|p2|Vaccamad|266|1090
|gen|9
|tier|[Gen 9 Champions] VGC 2026 Reg M-B (Bo3)
|rated|
|rule|Species Clause: Limit one of each Pokémon
|rule|Item Clause: Limit 1 of each item
|clearpoke
|poke|p1|Archaludon, L50, M|
|poke|p1|Pelipper, L50, M|
|poke|p1|Grimmsnarl, L50, M|
|poke|p1|Metagross, L50|
|poke|p1|Sinistcha, L50|
|poke|p1|Swampert, L50, F|
|poke|p2|Raichu, L50, F|
|poke|p2|Staraptor, L50, M|
|poke|p2|Incineroar, L50, F|
|poke|p2|Metagross, L50|
|poke|p2|Sinistcha, L50|
|poke|p2|Primarina, L50, M|
|teampreview|4
|showteam|p1|Archaludon||Leftovers|Stamina|Protect,ElectroShot,FlashCannon,DragonPulse|Modest||M|||50|]Pelipper||SitrusBerry|Drizzle|WideGuard,Tailwind,WeatherBall,Hurricane|Modest||M|||50|]Grimmsnarl||LightClay|Prankster|FoulPlay,PartingShot,LightScreen,Reflect|Calm||M|||50|]Metagross||Metagrossite|ClearBody|IronHead,Protect,BodyPress,PsychicFangs|Jolly|||||50|]Sinistcha||CobaBerry|Hospitality|Protect,TrickRoom,MatchaGotcha,RagePowder|Relaxed|||||50|]Swampert||Swampertite|Damp|Protect,IcePunch,WaveCrash,Earthquake|Adamant||F|||50|
|showteam|p2|Raichu||FocusSash|LightningRod|FakeOut,Nuzzle,EerieImpulse,Thunderbolt|Timid||F|||50|]Staraptor||Staraptite|Intimidate|BraveBird,Tailwind,CloseCombat,Protect|Jolly||M|||50|]Incineroar||SitrusBerry|Intimidate|FakeOut,FlareBlitz,ThroatChop,PartingShot|Impish||F|||50|]Metagross||Metagrossite|ClearBody|PsychicFangs,IronHead,StompingTantrum,Protect|Jolly|||||50|]Sinistcha||OccaBerry|Hospitality|MatchaGotcha,RagePowder,TrickRoom,Protect|Bold|||||50|]Primarina||LifeOrb|LiquidVoice|Protect,DazzlingGleam,IceBeam,HydroPump|Modest||M|||50|
|inactive|Battle timer is ON: inactive players will automatically lose when time's up. (requested by That1Morpecko)
|
|t:|1782514095
|teamsize|p1|4
|teamsize|p2|4
|start
|switch|p1a: Metagross|Metagross, L50|100/100
|switch|p1b: Sinistcha|Sinistcha, L50|100/100
|switch|p2a: Incineroar|Incineroar, L50, F|100/100
|switch|p2b: Primarina|Primarina, L50, M|100/100
|-ability|p2a: Incineroar|Intimidate|boost
|-fail|p1a: Metagross|unboost|[from] ability: Clear Body|[of] p1a: Metagross
|-unboost|p1b: Sinistcha|atk|1
|turn|1
|inactive|That1Morpecko has 30 seconds left.
|
|t:|1782514123
|move|p1a: Metagross|Protect|p1a: Metagross
|-singleturn|p1a: Metagross|Protect
|move|p2b: Primarina|Ice Beam|p1b: Sinistcha
|-supereffective|p1b: Sinistcha|1
|-damage|p1b: Sinistcha|19/100
|-damage|p2b: Primarina|90/100|[from] item: Life Orb
|move|p2a: Incineroar|Throat Chop|p1b: Sinistcha
|-supereffective|p1b: Sinistcha|1
|-damage|p1b: Sinistcha|0 fnt
|faint|p1b: Sinistcha
|
|upkeep
|
|t:|1782514132
|switch|p1b: Pelipper|Pelipper, L50, M|100/100
|-weather|RainDance|[from] ability: Drizzle|[of] p1b: Pelipper
|turn|2
|inactive|Vaccamad has 30 seconds left.
|
|t:|1782514166
|switch|p2a: Sinistcha|Sinistcha, L50|100/100
|-heal|p2b: Primarina|100/100|[from] ability: Hospitality|[of] p2a: Sinistcha
|detailschange|p1a: Metagross|Metagross-Mega, L50
|-mega|p1a: Metagross|Metagross|Metagrossite
|move|p1a: Metagross|Body Press|p2a: Sinistcha
|-immune|p2a: Sinistcha
|move|p1b: Pelipper|Weather Ball|p2a: Sinistcha
|-resisted|p2a: Sinistcha|1
|-damage|p2a: Sinistcha|73/100
|move|p2b: Primarina|Hydro Pump|p1a: Metagross
|-damage|p1a: Metagross|0 fnt
|faint|p1a: Metagross
|-damage|p2b: Primarina|90/100|[from] item: Life Orb
|
|-weather|RainDance|[upkeep]
|upkeep
|
|t:|1782514174
|switch|p1a: Archaludon|Archaludon, L50, M|100/100
|turn|3
|inactive|Vaccamad has 30 seconds left.
|inactive|Vaccamad has 20 seconds left.
|inactive|Vaccamad has 15 seconds left.
|inactive|Vaccamad has 10 seconds left.
|
|t:|1782514221
|switch|p2a: Raichu|Raichu, L50, F|100/100
|move|p1a: Archaludon|Electro Shot||[still]
|-activate|p2a: Raichu|ability: Lightning Rod
|-prepare|p1a: Archaludon|Electro Shot
|-boost|p1a: Archaludon|spa|1
|-anim|p1a: Archaludon|Electro Shot|p2a: Raichu
|-ability|p2a: Raichu|Lightning Rod|boost
|-boost|p2a: Raichu|spa|1
|move|p1b: Pelipper|Hurricane|p2a: Raichu
|-resisted|p2a: Raichu|1
|-damage|p2a: Raichu|67/100
|-start|p2a: Raichu|confusion
|move|p2b: Primarina|Dazzling Gleam|p1a: Archaludon|[spread] p1a,p1b
|-damage|p1a: Archaludon|60/100
|-damage|p1b: Pelipper|52/100
|-ability|p1a: Archaludon|Stamina|boost
|-boost|p1a: Archaludon|def|1
|-damage|p2b: Primarina|80/100|[from] item: Life Orb
|
|-weather|RainDance|[upkeep]
|-heal|p1a: Archaludon|66/100|[from] item: Leftovers
|upkeep
|turn|4
|inactive|Vaccamad has 30 seconds left.
|
|t:|1782514247
|-activate|p2a: Raichu|confusion
|move|p2a: Raichu|Fake Out|p1b: Pelipper
|-damage|p1b: Pelipper|43/100
|-enditem|p1b: Pelipper|Sitrus Berry|[eat]
|-heal|p1b: Pelipper|67/100|[from] item: Sitrus Berry
|move|p1a: Archaludon|Dragon Pulse|p2a: Raichu
|-damage|p2a: Raichu|0 fnt
|faint|p2a: Raichu
|cant|p1b: Pelipper|flinch
|move|p2b: Primarina|Dazzling Gleam|p1a: Archaludon|[spread] p1a,p1b
|-damage|p1a: Archaludon|28/100
|-damage|p1b: Pelipper|18/100
|-ability|p1a: Archaludon|Stamina|boost
|-boost|p1a: Archaludon|def|1
|-damage|p2b: Primarina|71/100|[from] item: Life Orb
|
|-weather|RainDance|[upkeep]
|-heal|p1a: Archaludon|34/100|[from] item: Leftovers
|upkeep
|
|t:|1782514269
|switch|p2a: Incineroar|Incineroar, L50, F|100/100
|-ability|p2a: Incineroar|Intimidate|boost
|-unboost|p1a: Archaludon|atk|1
|-unboost|p1b: Pelipper|atk|1
|turn|5
|
|t:|1782514277
|move|p2a: Incineroar|Fake Out|p1a: Archaludon
|-resisted|p1a: Archaludon|1
|-damage|p1a: Archaludon|32/100
|-ability|p1a: Archaludon|Stamina|boost
|-boost|p1a: Archaludon|def|1
|cant|p1a: Archaludon|flinch
|move|p1b: Pelipper|Weather Ball|p2a: Incineroar
|-supereffective|p2a: Incineroar|1
|-damage|p2a: Incineroar|0 fnt
|faint|p2a: Incineroar
|move|p2b: Primarina|Ice Beam|p1b: Pelipper
|-damage|p1b: Pelipper|0 fnt
|faint|p1b: Pelipper
|-damage|p2b: Primarina|61/100|[from] item: Life Orb
|
|-weather|RainDance|[upkeep]
|-heal|p1a: Archaludon|38/100|[from] item: Leftovers
|upkeep
|
|t:|1782514281
|switch|p2a: Sinistcha|Sinistcha, L50|73/100
|-heal|p2b: Primarina|86/100|[from] ability: Hospitality|[of] p2a: Sinistcha
|turn|6
|
|t:|1782514290
|move|p2a: Sinistcha|Rage Powder|p2a: Sinistcha
|-singleturn|p2a: Sinistcha|move: Rage Powder
|move|p1a: Archaludon|Electro Shot||[still]
|-prepare|p1a: Archaludon|Electro Shot
|-boost|p1a: Archaludon|spa|1
|-anim|p1a: Archaludon|Electro Shot|p2a: Sinistcha
|-resisted|p2a: Sinistcha|1
|-damage|p2a: Sinistcha|38/100
|move|p2b: Primarina|Dazzling Gleam|p1a: Archaludon
|-damage|p1a: Archaludon|0 fnt
|faint|p1a: Archaludon
|-damage|p2b: Primarina|76/100|[from] item: Life Orb
|
|win|Vaccamad
||That1Morpecko is ready for game 2.
|inactive|Vaccamad has 30 seconds to confirm battle start!
||Vaccamad is ready for game 2.
|uhtml|next|Next: Game 2 of 3
|l|☆Vaccamad
|player|p2|
