|j|☆magnetman210
|j|☆MinasDevilCrobats
|html|magnetman210MinasDevilCrobats    
|uhtml|bestof|Game 1 of a best-of-3
|t:|1757134570
|gametype|doubles
|player|p1|magnetman210|colress|1119
|player|p2|MinasDevilCrobats|darach-caitlin|1084
|gen|9
|tier|[Gen 9] VGC 2025 Reg H (Bo3)
|rated|
|rule|Species Clause: Limit one of each Pokémon
|rule|Item Clause: Limit 1 of each item
|clearpoke
|poke|p1|Archaludon, L50, M|
|poke|p1|Pelipper, L50, F|
|poke|p1|Gholdengo, L50|
|poke|p1|Basculegion, L50, M|
|poke|p1|Sneasler, L50, F|
|poke|p1|Maushold-Four, L50|
|poke|p2|Indeedee, L50, M|
|poke|p2|Sneasler, L50, F|
|poke|p2|Dondozo, L50, M|
|poke|p2|Tatsugiri, L50, M|
|poke|p2|Talonflame, L50, F|
|poke|p2|Glimmora, L50, M|
|teampreview|4
|showteam|p1|Archaludon||AssaultVest|Stamina|ElectroShot,DracoMeteor,FlashCannon,BodyPress|||M|||50|,,,,,Bug]Pelipper||FocusSash|Drizzle|Hurricane,WeatherBall,Protect,Tailwind|||F|||50|,,,,,Grass]Gholdengo||LifeOrb|GoodasGold|MakeItRain,ShadowBall,Protect,NastyPlot||||||50|,,,,,Dragon]Basculegion||ChoiceBand|SwiftSwim|WaveCrash,AquaJet,LastRespects,FlipTurn|||M|||50|,,,,,Water]Sneasler||WhiteHerb|Unburden|DireClaw,CloseCombat,ThroatChop,FakeOut|||F|||50|,,,,,Stellar]Maushold-Four||SafetyGoggles|FriendGuard|Taunt,BeatUp,FollowMe,Protect||||||50|,,,,,Ghost
|showteam|p2|Indeedee||ChoiceScarf|PsychicSurge|ExpandingForce,DazzlingGleam,Trick,Protect|||M|||50|,,,,,Fairy]Sneasler||PsychicSeed|Unburden|CloseCombat,DireClaw,ThroatChop,Protect|||F|||50|,,,,,Dark]Dondozo||Leftovers|Unaware|WaveCrash,OrderUp,Earthquake,Protect|||M|||50|,,,,,Grass]Tatsugiri||FocusSash|Commander|MuddyWater,DracoMeteor,DragonPulse,Protect|||M|||50|,,,,,Steel]Talonflame||CovertCloak|GaleWings|FlareBlitz,BraveBird,Tailwind,WillOWisp|||F|||50|,,,,,Grass]Glimmora||PowerHerb|ToxicDebris|MeteorBeam,SludgeBomb,EarthPower,SpikyShield|||M|||50|,,,,,Grass
|j| 1zarifsh
|
|t:|1757134608
|teamsize|p1|4
|teamsize|p2|4
|start
|switch|p1a: Pelipper|Pelipper, L50, F|100/100
|switch|p1b: Basculegion|Basculegion, L50, M|100/100
|switch|p2a: Dondozo|Dondozo, L50, M|100/100
|switch|p2b: Tatsugiri|Tatsugiri, L50, M|100/100
|-weather|RainDance|[from] ability: Drizzle|[of] p1a: Pelipper
|-activate|p2b: Tatsugiri|ability: Commander|[of] p2a: Dondozo
|-boost|p2a: Dondozo|atk|2
|-boost|p2a: Dondozo|spa|2
|-boost|p2a: Dondozo|spe|2
|-boost|p2a: Dondozo|def|2
|-boost|p2a: Dondozo|spd|2
|turn|1
|
|t:|1757134660
|move|p1b: Basculegion|Flip Turn|p2a: Dondozo
|-resisted|p2a: Dondozo
|-damage|p2a: Dondozo|89/100
|
|t:|1757134662
|switch|p1b: Archaludon|Archaludon, L50, M|100/100|[from] Flip Turn
|move|p2a: Dondozo|Order Up|p1b: Archaludon
|-damage|p1b: Archaludon|70/100
|-ability|p1b: Archaludon|Stamina|boost
|-boost|p1b: Archaludon|def|1
|-boost|p2a: Dondozo|atk|1
|move|p1a: Pelipper|Tailwind|p1a: Pelipper
|-sidestart|p1: magnetman210|move: Tailwind
|
|-weather|RainDance|[upkeep]
|-heal|p2a: Dondozo|95/100|[from] item: Leftovers
|upkeep
|turn|2
|inactive|Battle timer is ON: inactive players will automatically lose when time's up. (requested by MinasDevilCrobats)
|
|t:|1757134682
|-terastallize|p2a: Dondozo|Grass
|move|p1a: Pelipper|Hurricane|p2a: Dondozo
|-supereffective|p2a: Dondozo
|-damage|p2a: Dondozo|39/100
|move|p1b: Archaludon|Electro Shot||[still]
|-prepare|p1b: Archaludon|Electro Shot
|-boost|p1b: Archaludon|spa|1
|-anim|p1b: Archaludon|Electro Shot|p2a: Dondozo
|-resisted|p2a: Dondozo
|-damage|p2a: Dondozo|29/100
|move|p2a: Dondozo|Order Up|p1a: Pelipper
|-damage|p1a: Pelipper|23/100
|-boost|p2a: Dondozo|atk|1
|
|-weather|RainDance|[upkeep]
|-heal|p2a: Dondozo|35/100|[from] item: Leftovers
|upkeep
|turn|3
|l| 1zarifsh
|
|t:|1757134695
|move|p2a: Dondozo|Protect|p2a: Dondozo
|-singleturn|p2a: Dondozo|Protect
|move|p1a: Pelipper|Hurricane|p2a: Dondozo
|-activate|p2a: Dondozo|move: Protect
|move|p1b: Archaludon|Electro Shot||[still]
|-prepare|p1b: Archaludon|Electro Shot
|-boost|p1b: Archaludon|spa|1
|-anim|p1b: Archaludon|Electro Shot|p2a: Dondozo
|-activate|p2a: Dondozo|move: Protect
|
|-weather|RainDance|[upkeep]
|-heal|p2a: Dondozo|41/100|[from] item: Leftovers
|upkeep
|turn|4
|
|t:|1757134704
|move|p1a: Pelipper|Hurricane|p2a: Dondozo
|-supereffective|p2a: Dondozo
|-damage|p2a: Dondozo|0 fnt
|faint|p2a: Dondozo
|move|p1b: Archaludon|Electro Shot||[still]
|-prepare|p1b: Archaludon|Electro Shot
|-boost|p1b: Archaludon|spa|1
|-anim|p1b: Archaludon|Electro Shot|p2b: Tatsugiri
|-enditem|p2b: Tatsugiri|Focus Sash
|-damage|p2b: Tatsugiri|1/100
|
|-weather|RainDance|[upkeep]
|-sideend|p1: magnetman210|move: Tailwind
|upkeep
|
|t:|1757134713
|switch|p2a: Indeedee|Indeedee, L50, M|100/100
|-fieldstart|move: Psychic Terrain|[from] ability: Psychic Surge|[of] p2a: Indeedee
|turn|5
|
|t:|1757134726
|switch|p1a: Gholdengo|Gholdengo, L50|100/100
|move|p2a: Indeedee|Expanding Force|p1b: Archaludon|[spread] p1a,p1b
|-resisted|p1a: Gholdengo
|-resisted|p1b: Archaludon
|-damage|p1a: Gholdengo|73/100
|-damage|p1b: Archaludon|51/100
|-ability|p1b: Archaludon|Stamina|boost
|-boost|p1b: Archaludon|def|1
|move|p2b: Tatsugiri|Draco Meteor|p1b: Archaludon
|-damage|p1b: Archaludon|11/100
|-unboost|p2b: Tatsugiri|spa|2
|-ability|p1b: Archaludon|Stamina|boost
|-boost|p1b: Archaludon|def|1
|move|p1b: Archaludon|Electro Shot||[still]
|-prepare|p1b: Archaludon|Electro Shot
|-boost|p1b: Archaludon|spa|1
|-anim|p1b: Archaludon|Electro Shot|p2b: Tatsugiri
|-damage|p2b: Tatsugiri|0 fnt
|faint|p2b: Tatsugiri
|
|-weather|none
|upkeep
|
|t:|1757134743
|switch|p2b: Sneasler|Sneasler, L50, F|100/100
|-enditem|p2b: Sneasler|Psychic Seed
|-boost|p2b: Sneasler|spd|1|[from] item: Psychic Seed
|turn|6
|
|t:|1757134757
|move|p1a: Gholdengo|Protect|p1a: Gholdengo
|-singleturn|p1a: Gholdengo|Protect
|move|p2b: Sneasler|Throat Chop|p1a: Gholdengo
|-activate|p1a: Gholdengo|move: Protect
|move|p2a: Indeedee|Expanding Force|p1b: Archaludon|[spread] p1b
|-activate|p1a: Gholdengo|move: Protect
|-resisted|p1b: Archaludon
|-damage|p1b: Archaludon|0 fnt
|faint|p1b: Archaludon
|
|upkeep
|
|t:|1757134765
|switch|p1b: Basculegion|Basculegion, L50, M|100/100
|turn|7
|
|t:|1757134781
|switch|p1a: Pelipper|Pelipper, L50, F|23/100
|-weather|RainDance|[from] ability: Drizzle|[of] p1a: Pelipper
|-terastallize|p1b: Basculegion|Water
|move|p2b: Sneasler|Close Combat|p1b: Basculegion
|-damage|p1b: Basculegion|4/100
|-unboost|p2b: Sneasler|def|1
|-unboost|p2b: Sneasler|spd|1
|move|p1b: Basculegion|Wave Crash|p2a: Indeedee
|-damage|p2a: Indeedee|0 fnt
|faint|p2a: Indeedee
|-damage|p1b: Basculegion|0 fnt|[from] Recoil
|faint|p1b: Basculegion
|
|-weather|RainDance|[upkeep]
|upkeep
|
|t:|1757134789
|switch|p1b: Gholdengo|Gholdengo, L50|73/100
|turn|8
|
|t:|1757134802
|move|p2b: Sneasler|Dire Claw|p1a: Pelipper
|-damage|p1a: Pelipper|0 fnt
|faint|p1a: Pelipper
|move|p1b: Gholdengo|Make It Rain|p2b: Sneasler
|-damage|p2b: Sneasler|0 fnt
|-unboost|p1b: Gholdengo|spa|1
|faint|p2b: Sneasler
|-damage|p1b: Gholdengo|63/100|[from] item: Life Orb
|
|win|magnetman210
||MinasDevilCrobats is ready for game 2.
||magnetman210 is ready for game 2.
|uhtml|next|Next: Game 2 of 3
|l|☆magnetman210
|player|p1|
