|j|☆theonlyambipomfan
|j|☆miwabeast
|html|theonlyambipomfanmiwabeast    
|uhtml|bestof|Game 1 of a best-of-3
|t:|1785726702
|gametype|doubles
|player|p1|theonlyambipomfan|volkner|1127
|player|p2|miwabeast|101|1103
|gen|9
|tier|[Gen 9 Champions] VGC 2026 Reg M-B (Bo3)
|rated|
|rule|Species Clause: Limit one of each Pokémon
|rule|Item Clause: Limit 1 of each item
|clearpoke
|poke|p1|Glimmora, L50, F, shiny|
|poke|p1|Whimsicott, L50, M|
|poke|p1|Incineroar, L50, F, shiny|
|poke|p1|Rotom-Frost, L50|
|poke|p1|Froslass, L50, F|
|poke|p1|Beartic, L50, M|
|poke|p2|Ceruledge, L50, M, shiny|
|poke|p2|Raichu, L50, M, shiny|
|poke|p2|Clefable, L50, M, shiny|
|poke|p2|Mamoswine, L50, M|
|poke|p2|Kingambit, L50, F, shiny|
|poke|p2|Gyarados, L50, M, shiny|
|teampreview|4
|showteam|p1|Glimmora||Glimmoranite|ToxicDebris|SludgeBomb,PowerGem,EarthPower,SpikyShield|Timid||F|||50|]Whimsicott||FocusSash|Prankster|Tailwind,Encore,GrassKnot,Protect|Bold||M|||50|]Incineroar||ExpertBelt|Intimidate|FakeOut,FlareBlitz,PartingShot,DarkestLariat|Adamant||F|||50|]Rotom-Frost||LifeOrb|Levitate|WillOWisp,VoltSwitch,Thunderbolt,Blizzard|Timid|||||50|]Froslass||Froslassite|CursedBody|Blizzard,AuroraVeil,ShadowBall,Protect|Timid||F|||50|]Beartic||ChoiceScarf|SlushRush|Superpower,IcicleCrash,RockSlide,PlayRough|Adamant||M|||50|
|showteam|p2|Ceruledge||ColburBerry|FlashFire|BitterBlade,BulkUp,ShadowSneak,Protect|Adamant||M|||50|]Raichu||RaichuniteY|LightningRod|ZapCannon,FocusBlast,FakeOut,Protect|Timid||M|||50|]Clefable||SitrusBerry|Unaware|FollowMe,HelpingHand,Protect,Moonblast|Calm||M|||50|]Mamoswine||LifeOrb|Oblivious|IceShard,HighHorsepower,IcicleCrash,Protect|Jolly||M|||50|]Kingambit||FocusSash|Defiant|KowtowCleave,SuckerPunch,IronHead,LowKick|Adamant||F|||50|]Gyarados||Gyaradosite|Intimidate|PowerWhip,DragonDance,Waterfall,Protect|Adamant||M|||50|
|
|t:|1785726718
|teamsize|p1|4
|teamsize|p2|4
|start
|switch|p1a: Rotom|Rotom-Frost, L50|100/100
|switch|p1b: Froslass|Froslass, L50, F|100/100
|switch|p2a: Ceruledge|Ceruledge, L50, M, shiny|100/100
|switch|p2b: Clefable|Clefable, L50, M, shiny|100/100
|turn|1
|
|t:|1785726744
|detailschange|p1b: Froslass|Froslass-Mega, L50, F
|-mega|p1b: Froslass|Froslass|Froslassite
|-weather|Snowscape|[from] ability: Snow Warning|[of] p1b: Froslass
|move|p2b: Clefable|Helping Hand|p2a: Ceruledge
|-singleturn|p2a: Ceruledge|Helping Hand|[of] p2b: Clefable
|move|p1b: Froslass|Protect|p1b: Froslass
|-singleturn|p1b: Froslass|Protect
|move|p1a: Rotom|Volt Switch|p2b: Clefable
|-damage|p2b: Clefable|69/100
|-damage|p1a: Rotom|90/100|[from] item: Life Orb
|
|t:|1785726756
|switch|p1a: Incineroar|Incineroar, L50, F, shiny|100/100|[from] Volt Switch
|-ability|p1a: Incineroar|Intimidate|boost
|-unboost|p2a: Ceruledge|atk|1
|-unboost|p2b: Clefable|atk|1
|move|p2a: Ceruledge|Bitter Blade|p1a: Incineroar
|-resisted|p1a: Incineroar|1
|-damage|p1a: Incineroar|76/100
|
|-weather|Snowscape|[upkeep]
|upkeep
|turn|2
|
|t:|1785726772
|move|p2b: Clefable|Helping Hand|p2a: Ceruledge
|-singleturn|p2a: Ceruledge|Helping Hand|[of] p2b: Clefable
|move|p1a: Incineroar|Fake Out|p2b: Clefable
|-damage|p2b: Clefable|54/100
|move|p2a: Ceruledge|Shadow Sneak|p1b: Froslass
|-supereffective|p1b: Froslass|1
|-crit|p1b: Froslass
|-damage|p1b: Froslass|1/100
|move|p1b: Froslass|Shadow Ball|p2a: Ceruledge
|-supereffective|p2a: Ceruledge|1
|-damage|p2a: Ceruledge|12/100
|
|-weather|Snowscape|[upkeep]
|upkeep
|turn|3
|
|t:|1785726786
|move|p2b: Clefable|Follow Me|p2b: Clefable
|-singleturn|p2b: Clefable|move: Follow Me
|move|p2a: Ceruledge|Shadow Sneak|p1b: Froslass
|-supereffective|p1b: Froslass|1
|-damage|p1b: Froslass|0 fnt
|faint|p1b: Froslass
|move|p1a: Incineroar|Darkest Lariat|p2b: Clefable
|-resisted|p2b: Clefable|1
|-damage|p2b: Clefable|34/100
|-enditem|p2b: Clefable|Sitrus Berry|[eat]
|-heal|p2b: Clefable|59/100|[from] item: Sitrus Berry
|
|-weather|Snowscape|[upkeep]
|upkeep
|
|t:|1785726796
|switch|p1b: Rotom|Rotom-Frost, L50|90/100
|turn|4
|
|t:|1785726822
|switch|p2a: Raichu|Raichu, L50, M, shiny|100/100
|move|p2b: Clefable|Protect|p2b: Clefable
|-singleturn|p2b: Clefable|Protect
|move|p1b: Rotom|Blizzard|p2a: Raichu|[spread] p2a
|-activate|p2b: Clefable|move: Protect
|-damage|p2a: Raichu|36/100
|-damage|p1b: Rotom|81/100|[from] item: Life Orb
|move|p1a: Incineroar|Flare Blitz|p2b: Clefable
|-activate|p2b: Clefable|move: Protect
|
|-weather|Snowscape|[upkeep]
|upkeep
|turn|5
|
|t:|1785726852
|switch|p1b: Whimsicott|Whimsicott, L50, M|100/100
|detailschange|p2a: Raichu|Raichu-Mega-Y, L50, M, shiny
|-mega|p2a: Raichu|Raichu|Raichunite Y
|move|p2b: Clefable|Follow Me|p2b: Clefable
|-singleturn|p2b: Clefable|move: Follow Me
|move|p2a: Raichu|Focus Blast|p1b: Whimsicott
|-resisted|p1b: Whimsicott|1
|-damage|p1b: Whimsicott|73/100
|move|p1a: Incineroar|Parting Shot|p2b: Clefable
|-unboost|p2b: Clefable|atk|1
|-unboost|p2b: Clefable|spa|1
|
|t:|1785726862
|switch|p1a: Rotom|Rotom-Frost, L50|81/100|[from] Parting Shot
|
|-weather|none
|upkeep
|turn|6
|
|t:|1785726871
|move|p2b: Clefable|Follow Me|p2b: Clefable
|-singleturn|p2b: Clefable|move: Follow Me
|move|p1b: Whimsicott|Tailwind|p1b: Whimsicott
|-sidestart|p1: theonlyambipomfan|move: Tailwind
|move|p1a: Rotom|Blizzard|p2b: Clefable|[spread] p2a,p2b
|-damage|p2a: Raichu|0 fnt
|-damage|p2b: Clefable|20/100y
|faint|p2a: Raichu
|-damage|p1a: Rotom|71/100|[from] item: Life Orb
|
|upkeep
|
|t:|1785726881
|switch|p2a: Ceruledge|Ceruledge, L50, M, shiny|12/100
|turn|7
|
|t:|1785726897
|move|p1b: Whimsicott|Protect|p1b: Whimsicott
|-singleturn|p1b: Whimsicott|Protect
|move|p2a: Ceruledge|Shadow Sneak|p1a: Rotom
|-damage|p1a: Rotom|42/100
|move|p1a: Rotom|Volt Switch|p2a: Ceruledge
|-damage|p2a: Ceruledge|0 fnt
|faint|p2a: Ceruledge
|-damage|p1a: Rotom|33/100|[from] item: Life Orb
|
|t:|1785726906
|switch|p1a: Incineroar|Incineroar, L50, F, shiny|76/100|[from] Volt Switch
|-ability|p1a: Incineroar|Intimidate|boost
|-unboost|p2b: Clefable|atk|1
|move|p2b: Clefable|Moonblast|p1a: Incineroar
|-damage|p1a: Incineroar|56/100
|
|upkeep
|
|t:|1785726914
|switch|p2a: Mamoswine|Mamoswine, L50, M|100/100
|turn|8
|
|t:|1785726925
|move|p2b: Clefable|Follow Me|p2b: Clefable
|-singleturn|p2b: Clefable|move: Follow Me
|move|p1b: Whimsicott|Encore|p2b: Clefable
|-start|p2b: Clefable|Encore
|move|p2a: Mamoswine|Ice Shard|p1b: Whimsicott
|-supereffective|p1b: Whimsicott|1
|-damage|p1b: Whimsicott|25/100
|-damage|p2a: Mamoswine|90/100|[from] item: Life Orb
|move|p1a: Incineroar|Flare Blitz|p2b: Clefable
|-damage|p2b: Clefable|0 fnt
|faint|p2b: Clefable
|-damage|p1a: Incineroar|49/100|[from] Recoil
|
|upkeep
|turn|9
|
|t:|1785726942
|move|p1b: Whimsicott|Grass Knot|p2a: Mamoswine
|-supereffective|p2a: Mamoswine|1
|-damage|p2a: Mamoswine|0 fnt
|faint|p2a: Mamoswine
|
|win|theonlyambipomfan
||theonlyambipomfan is ready for game 2.
