|j|☆PamamoDaisukiKo
|j|☆s3nd4
|html|PamamoDaisukiKos3nd4    
|uhtml|bestof|Game 1 of a best-of-3
|t:|1756978255
|gametype|doubles
|player|p1|PamamoDaisukiKo|dawn|1181
|player|p2|s3nd4|n|1032
|gen|9
|tier|[Gen 9] VGC 2025 Reg H (Bo3)
|rated|
|rule|Species Clause: Limit one of each Pokémon
|rule|Item Clause: Limit 1 of each item
|clearpoke
|poke|p1|Dondozo, L50, M|
|poke|p1|Tatsugiri, L50, M|
|poke|p1|Pawmot, L50, F|
|poke|p1|Annihilape, L50, M|
|poke|p1|Maushold, L50|
|poke|p1|Talonflame, L50, F|
|poke|p2|Annihilape, L50, M|
|poke|p2|Ninetales-Alola, L50, F|
|poke|p2|Talonflame, L50, M|
|poke|p2|Garchomp, L50, M|
|poke|p2|Vivillon-Ocean, L50, F|
|poke|p2|Gholdengo, L50|
|teampreview|4
|showteam|p1|Dondozo||Leftovers|Unaware|OrderUp,WaveCrash,Earthquake,Protect|||M|||50|,,,,,Grass]Tatsugiri||ChoiceScarf|Commander|MuddyWater,IcyWind,DracoMeteor,DragonPulse|||M|||50|,,,,,Ghost]Pawmot||FocusSash|VoltAbsorb|DoubleShock,CloseCombat,RevivalBlessing,Protect|||F|||50|,,,,,Electric]Annihilape||SitrusBerry|Defiant|DrainPunch,RageFist,BulkUp,Protect|||M|||50|,,,,,Water]Maushold||SafetyGoggles|FriendGuard|BeatUp,Taunt,FollowMe,Protect||||||50|,,,,,Ghost]Talonflame||CovertCloak|GaleWings|DualWingbeat,FlareBlitz,Tailwind,WillOWisp|||F|||50|,,,,,Flying
|showteam|p2|Annihilape||SafetyGoggles|Defiant|RageFist,DrainPunch,BulkUp,Protect|||M|||50|,,,,,Water]Ninetales-Alola||CovertCloak|SnowWarning|Blizzard,FreezeDry,AuroraVeil,Protect|||F|||50|,,,,,Ice]Talonflame||SharpBeak|GaleWings|DualWingbeat,Tailwind,WillOWisp,Protect|||M|||50|,,,,,Ghost]Garchomp||LifeOrb|RoughSkin|Earthquake,StompingTantrum,DragonClaw,Protect|||M|||50|,,,,,Steel]Vivillon-Ocean||FocusSash|CompoundEyes|SleepPowder,Hurricane,RagePowder,Protect|||F|||50|,,,,,Ghost]Gholdengo||IronPlate|GoodasGold|MakeItRain,ShadowBall,NastyPlot,Protect||||||50|,,,,,Steel
|inactive|Battle timer is ON: inactive players will automatically lose when time's up. (requested by s3nd4)
|
|t:|1756978300
|teamsize|p1|4
|teamsize|p2|4
|start
|switch|p1a: Talonflame|Talonflame, L50, F|100/100
|switch|p1b: Pawmot|Pawmot, L50, F|100/100
|switch|p2a: Ninetales|Ninetales-Alola, L50, F, shiny|100/100
|switch|p2b: Annihilape|Annihilape, L50, M, shiny|100/100
|-weather|Snowscape|[from] ability: Snow Warning|[of] p2a: Ninetales
|turn|1
|inactive|PamamoDaisukiKo has 30 seconds left.
|inactive|PamamoDaisukiKo has 20 seconds left.
|inactive|PamamoDaisukiKo has 15 seconds left.
|inactive|PamamoDaisukiKo has 10 seconds left.
|
|t:|1756978349
|move|p1a: Talonflame|Will-O-Wisp|p2b: Annihilape|[miss]
|-miss|p1a: Talonflame|p2b: Annihilape
|move|p2a: Ninetales|Blizzard|p1b: Pawmot|[spread] p1a,p1b
|-damage|p1a: Talonflame|51/100
|-damage|p1b: Pawmot|46/100
|-status|p1b: Pawmot|frz
|-curestatus|p1b: Pawmot|frz|[msg]
|move|p1b: Pawmot|Double Shock|p2a: Ninetales
|-damage|p2a: Ninetales|43/100
|-start|p1b: Pawmot|typechange|???/Fighting|[from] move: Double Shock
|move|p2b: Annihilape|Bulk Up|p2b: Annihilape
|-boost|p2b: Annihilape|atk|1
|-boost|p2b: Annihilape|def|1
|
|-weather|Snowscape|[upkeep]
|upkeep
|turn|2
|inactive|PamamoDaisukiKo has 30 seconds left.
|inactive|PamamoDaisukiKo has 20 seconds left.
|inactive|PamamoDaisukiKo has 15 seconds left.
|
|t:|1756978393
|switch|p2b: Gholdengo|Gholdengo, L50|100/100
|-terastallize|p1b: Pawmot|Electric
|move|p1a: Talonflame|Tailwind|p1a: Talonflame
|-sidestart|p1: PamamoDaisukiKo|move: Tailwind
|move|p1b: Pawmot|Double Shock|p2a: Ninetales
|-damage|p2a: Ninetales|0 fnt
|-start|p1b: Pawmot|typechange|Electric|[from] move: Double Shock
|faint|p2a: Ninetales
|
|-weather|Snowscape|[upkeep]
|upkeep
|
|t:|1756978403
|switch|p2a: Vivillon|Vivillon-Ocean, L50, F|100/100
|turn|3
|inactive|PamamoDaisukiKo has 30 seconds left.
|inactive|PamamoDaisukiKo has 20 seconds left.
|
|t:|1756978441
|-terastallize|p2b: Gholdengo|Steel
|move|p2a: Vivillon|Protect|p2a: Vivillon
|-singleturn|p2a: Vivillon|Protect
|move|p1a: Talonflame|Dual Wingbeat|p2a: Vivillon
|-activate|p2a: Vivillon|move: Protect
|move|p1b: Pawmot|Double Shock|p2b: Gholdengo
|-damage|p2b: Gholdengo|36/100
|-start|p1b: Pawmot|typechange|Electric|[from] move: Double Shock
|move|p2b: Gholdengo|Make It Rain|p1a: Talonflame|[spread] p1a,p1b
|-resisted|p1a: Talonflame
|-resisted|p1b: Pawmot
|-damage|p1a: Talonflame|0 fnt
|-damage|p1b: Pawmot|0 fnt
|-unboost|p2b: Gholdengo|spa|1
|faint|p1a: Talonflame
|faint|p1b: Pawmot
|
|-weather|Snowscape|[upkeep]
|upkeep
|
|t:|1756978447
|switch|p1a: Tatsugiri|Tatsugiri, L50, M|100/100
|switch|p1b: Dondozo|Dondozo, L50, M|100/100
|-activate|p1a: Tatsugiri|ability: Commander|[of] p1b: Dondozo
|-boost|p1b: Dondozo|atk|2
|-boost|p1b: Dondozo|spa|2
|-boost|p1b: Dondozo|spe|2
|-boost|p1b: Dondozo|def|2
|-boost|p1b: Dondozo|spd|2
|turn|4
|
|t:|1756978471
|move|p2a: Vivillon|Rage Powder|p2a: Vivillon
|-singleturn|p2a: Vivillon|move: Rage Powder
|move|p1b: Dondozo|Order Up|p2a: Vivillon
|-damage|p2a: Vivillon|2/100
|-boost|p1b: Dondozo|atk|1
|move|p2b: Gholdengo|Nasty Plot|p2b: Gholdengo
|-boost|p2b: Gholdengo|spa|2
|
|-weather|Snowscape|[upkeep]
|upkeep
|turn|5
|inactive|PamamoDaisukiKo has 30 seconds left.
|inactive|PamamoDaisukiKo has 20 seconds left.
|
|t:|1756978507
|move|p2a: Vivillon|Rage Powder|p2a: Vivillon
|-singleturn|p2a: Vivillon|move: Rage Powder
|move|p1b: Dondozo|Order Up|p2a: Vivillon
|-damage|p2a: Vivillon|0 fnt
|faint|p2a: Vivillon
|-boost|p1b: Dondozo|atk|1
|move|p2b: Gholdengo|Nasty Plot|p2b: Gholdengo
|-boost|p2b: Gholdengo|spa|2
|
|-weather|none
|-sideend|p1: PamamoDaisukiKo|move: Tailwind
|upkeep
|
|t:|1756978516
|switch|p2a: Annihilape|Annihilape, L50, M, shiny|100/100
|turn|6
|
|t:|1756978532
|move|p2b: Gholdengo|Protect|p2b: Gholdengo
|-singleturn|p2b: Gholdengo|Protect
|move|p1b: Dondozo|Earthquake|p2b: Gholdengo|[spread] p2a
|-miss|p1b: Dondozo|p1a: Tatsugiri
|-activate|p2b: Gholdengo|move: Protect
|-damage|p2a: Annihilape|33/100
|move|p2a: Annihilape|Bulk Up|p2a: Annihilape
|-boost|p2a: Annihilape|atk|1
|-boost|p2a: Annihilape|def|1
|
|upkeep
|turn|7
|c|☆PamamoDaisukiKo|i think sleep powder was your out in this situation
|inactive|s3nd4 has 30 seconds left.
|c|☆s3nd4|didnt k your speed with dondozo
|inactive|s3nd4 has 20 seconds left.
|
|t:|1756978570
|move|p1b: Dondozo|Earthquake|p2a: Annihilape|[spread] p2a,p2b
|-miss|p1b: Dondozo|p1a: Tatsugiri
|-supereffective|p2b: Gholdengo
|-damage|p2a: Annihilape|0 fnt
|-damage|p2b: Gholdengo|0 fnt
|faint|p2a: Annihilape
|faint|p2b: Gholdengo
|
|win|PamamoDaisukiKo
