|j|☆LetThatSizzleSpeak
|j|☆NoiceDynamite
|html|LetThatSizzleSpeakNoiceDynamite    
|uhtml|bestof|Game 1 of a best-of-3
|t:|1757814700
|gametype|doubles
|player|p1|LetThatSizzleSpeak|hiker-gen4|1132
|player|p2|NoiceDynamite|cynthia|1036
|gen|9
|tier|[Gen 9] VGC 2025 Reg H (Bo3)
|rated|
|rule|Species Clause: Limit one of each Pokémon
|rule|Item Clause: Limit 1 of each item
|clearpoke
|poke|p1|Lilligant-Hisui, L50, F|
|poke|p1|Sylveon, L50, F|
|poke|p1|Indeedee-F, L50, F|
|poke|p1|Torkoal, L50, M|
|poke|p1|Tatsugiri-Droopy, L50, F|
|poke|p1|Dondozo, L50, F|
|poke|p2|Archaludon, L50, M|
|poke|p2|Pelipper, L50, F|
|poke|p2|Basculegion, L50, M|
|poke|p2|Sinistcha, L50|
|poke|p2|Annihilape, L50, M|
|poke|p2|Maushold, L50|
|teampreview|4
|showteam|p1|Lilligant-Hisui||FocusSash|Chlorophyll|AfterYou,SolarBlade,CloseCombat,SleepPowder|||F|||50|,,,,,Ghost]Sylveon||ChoiceSpecs|Pixilate|HyperVoice,HyperBeam,TeraBlast,ShadowBall|||F|||50|,,,,,Fire]Indeedee-F||SafetyGoggles|PsychicSurge|Psychic,FollowMe,TrickRoom,Protect|||F|||50|,,,,,Normal]Torkoal||Charcoal|Drought|Eruption,WeatherBall,EarthPower,Protect|||M|||50|,,,,,Fire]Tatsugiri-Droopy||ChoiceScarf|Commander|IcyWind,MuddyWater,DracoMeteor,TeraBlast|||F|||50|,,,,,Fire]Dondozo||Leftovers|Unaware|OrderUp,Earthquake,BodyPress,Protect|||F|||50|,,,,,Water
|showteam|p2|Archaludon||AssaultVest|Stamina|DragonPulse,ElectroShot,FlashCannon,BodyPress|||M|||50|,,,,,Bug]Pelipper||FocusSash|Drizzle|WeatherBall,Hurricane,Tailwind,Protect|||F|||50|,,,,,Stellar]Basculegion||ChoiceBand|SwiftSwim|WaveCrash,LastRespects,AquaJet,FlipTurn|||M|||50|,,,,,Grass]Sinistcha||SitrusBerry|Hospitality|MatchaGotcha,RagePowder,LifeDew,TrickRoom||||||50|,,,,,Fairy]Annihilape||Leftovers|Defiant|DrainPunch,RageFist,BulkUp,Protect|||M|||50|,,,,,Grass]Maushold||SafetyGoggles|FriendGuard|BeatUp,FollowMe,Taunt,Protect||||||50|,,,,,Ghost
|
|t:|1757814724
|teamsize|p1|4
|teamsize|p2|4
|start
|switch|p1a: Sylveon|Sylveon, L50, F|100/100
|switch|p1b: Lilligant|Lilligant-Hisui, L50, F|100/100
|switch|p2a: Basculegion|Basculegion, L50, M|100/100
|switch|p2b: Maushold|Maushold, L50|100/100
|turn|1
|
|t:|1757814767
|move|p2b: Maushold|Follow Me|p2b: Maushold
|-singleturn|p2b: Maushold|move: Follow Me
|move|p1b: Lilligant|Sleep Powder|p2b: Maushold
|-activate|p2b: Maushold|item: Safety Goggles|Sleep Powder
|move|p2a: Basculegion|Flip Turn|p1b: Lilligant
|-resisted|p1b: Lilligant
|-damage|p1b: Lilligant|70/100
|
|t:|1757814773
|switch|p2a: Pelipper|Pelipper, L50, F|100/100|[from] Flip Turn
|-weather|RainDance|[from] ability: Drizzle|[of] p2a: Pelipper
|move|p1a: Sylveon|Hyper Voice|p2a: Pelipper|[spread] p2a,p2b
|-damage|p2a: Pelipper|20/100
|-damage|p2b: Maushold|30/100
|
|-weather|RainDance|[upkeep]
|upkeep
|turn|2
|
|t:|1757814803
|-terastallize|p2b: Maushold|Ghost
|move|p2b: Maushold|Follow Me|p2b: Maushold
|-singleturn|p2b: Maushold|move: Follow Me
|move|p1b: Lilligant|Close Combat|p2b: Maushold
|-immune|p2b: Maushold
|move|p2a: Pelipper|Tailwind|p2a: Pelipper
|-sidestart|p2: NoiceDynamite|move: Tailwind
|move|p1a: Sylveon|Hyper Voice|p2b: Maushold|[spread] p2a,p2b
|-damage|p2a: Pelipper|0 fnt
|-damage|p2b: Maushold|0 fnt
|faint|p2a: Pelipper
|faint|p2b: Maushold
|
|-weather|RainDance|[upkeep]
|upkeep
|
|t:|1757814815
|switch|p2b: Basculegion|Basculegion, L50, M|100/100
|switch|p2a: Archaludon|Archaludon, L50, M|100/100
|turn|3
|
|t:|1757814842
|switch|p1b: Dondozo|Dondozo, L50, F|100/100
|switch|p1a: Tatsugiri|Tatsugiri-Droopy, L50, F|100/100
|-activate|p1a: Tatsugiri|ability: Commander|[of] p1b: Dondozo
|-boost|p1b: Dondozo|atk|2
|-boost|p1b: Dondozo|spa|2
|-boost|p1b: Dondozo|spe|2
|-boost|p1b: Dondozo|def|2
|-boost|p1b: Dondozo|spd|2
|move|p2b: Basculegion|Wave Crash|p1a: Tatsugiri|[miss]
|-miss|p2b: Basculegion|p1a: Tatsugiri
|move|p2a: Archaludon|Dragon Pulse|p1b: Dondozo
|-damage|p1b: Dondozo|85/100
|
|-weather|RainDance|[upkeep]
|-heal|p1b: Dondozo|91/100|[from] item: Leftovers
|upkeep
|turn|4
|
|t:|1757814862
|move|p1b: Dondozo|Protect|p1b: Dondozo
|-singleturn|p1b: Dondozo|Protect
|move|p2b: Basculegion|Wave Crash|p1b: Dondozo
|-activate|p1b: Dondozo|move: Protect
|move|p2a: Archaludon|Electro Shot||[still]
|-prepare|p2a: Archaludon|Electro Shot
|-boost|p2a: Archaludon|spa|1
|-anim|p2a: Archaludon|Electro Shot|p1b: Dondozo
|-activate|p1b: Dondozo|move: Protect
|
|-weather|RainDance|[upkeep]
|-heal|p1b: Dondozo|98/100|[from] item: Leftovers
|upkeep
|turn|5
|
|t:|1757814884
|move|p2b: Basculegion|Wave Crash|p1b: Dondozo
|-resisted|p1b: Dondozo
|-damage|p1b: Dondozo|77/100
|-damage|p2b: Basculegion|92/100|[from] Recoil
|move|p2a: Archaludon|Electro Shot||[still]
|-prepare|p2a: Archaludon|Electro Shot
|-boost|p2a: Archaludon|spa|1
|-anim|p2a: Archaludon|Electro Shot|p1b: Dondozo
|-supereffective|p1b: Dondozo
|-damage|p1b: Dondozo|48/100
|move|p1b: Dondozo|Order Up|p2a: Archaludon
|-damage|p2a: Archaludon|74/100
|-ability|p2a: Archaludon|Stamina|boost
|-boost|p2a: Archaludon|def|1
|-boost|p1b: Dondozo|def|1
|
|-weather|none
|-heal|p1b: Dondozo|54/100|[from] item: Leftovers
|-sideend|p2: NoiceDynamite|move: Tailwind
|upkeep
|turn|6
|
|t:|1757814903
|move|p2b: Basculegion|Wave Crash|p1b: Dondozo
|-resisted|p1b: Dondozo
|-damage|p1b: Dondozo|45/100
|-damage|p2b: Basculegion|89/100|[from] Recoil
|move|p1b: Dondozo|Body Press|p2a: Archaludon
|-supereffective|p2a: Archaludon
|-damage|p2a: Archaludon|0 fnt
|faint|p2a: Archaludon
|
|-heal|p1b: Dondozo|51/100|[from] item: Leftovers
|upkeep
|turn|7
|
|t:|1757814915
|move|p2b: Basculegion|Wave Crash|p1b: Dondozo
|-resisted|p1b: Dondozo
|-damage|p1b: Dondozo|40/100
|-damage|p2b: Basculegion|84/100|[from] Recoil
|move|p1b: Dondozo|Order Up|p2b: Basculegion
|-damage|p2b: Basculegion|40/100
|-boost|p1b: Dondozo|def|1
|
|-heal|p1b: Dondozo|46/100|[from] item: Leftovers
|upkeep
|turn|8
|-message|NoiceDynamite forfeited.
|
|win|LetThatSizzleSpeak
||NoiceDynamite is ready for game 2.
