|j|☆leonsunp
|j|☆dfdfdfgdfdt
|html|leonsunpdfdfdfgdfdt    
|uhtml|bestof|Game 2 of a best-of-3
|t:|1756333938
|gametype|doubles
|player|p1|leonsunp|colress|1166
|player|p2|dfdfdfgdfdt|1|1189
|gen|9
|tier|[Gen 9] VGC 2025 Reg H (Bo3)
|rated|
|rule|Species Clause: Limit one of each Pokémon
|rule|Item Clause: Limit 1 of each item
|clearpoke
|poke|p1|Sneasler, L50, M|
|poke|p1|Rillaboom, L50, M|
|poke|p1|Kingambit, L50, M|
|poke|p1|Kilowattrel, L50, F|
|poke|p1|Salamence, L50, F|
|poke|p1|Volcarona, L50, M|
|poke|p2|Sneasler, L50, M|
|poke|p2|Dragapult, L50, F|
|poke|p2|Primarina, L50, F|
|poke|p2|Rillaboom, L50, F|
|poke|p2|Kingambit, L50, F|
|poke|p2|Magmar, L50, F|
|teampreview|4
|showteam|p1|Sneasler||WhiteHerb|Unburden|CloseCombat,DireClaw,Coaching,Protect|||M|||50|,,,,,Stellar]Rillaboom||AssaultVest|GrassySurge|WoodHammer,GrassyGlide,HighHorsepower,FakeOut|||M|||50|,,,,,Water]Kingambit||BlackGlasses|Defiant|KowtowCleave,SuckerPunch,SwordsDance,Protect|||M|||50|,,,,,Dark]Kilowattrel||FocusSash|Competitive|Thunderbolt,AirSlash,Electroweb,Protect|||F|||50|,,,,,Electric]Salamence||SafetyGoggles|Intimidate|DualWingbeat,DracoMeteor,Tailwind,Protect|||F|||50|,,,,,Fire]Volcarona||Leftovers|FlameBody|HeatWave,GigaDrain,QuiverDance,Protect|||M|||50|,,,,,Grass
|showteam|p2|Sneasler||FocusSash|PoisonTouch|CloseCombat,DireClaw,FakeOut,Protect|||M|||50|,,,,,Stellar]Dragapult||ChoiceBand|ClearBody|DragonDarts,TeraBlast,PhantomForce,Uturn|||F|||50|,,,,,Ghost]Primarina||SitrusBerry|LiquidVoice|HyperVoice,Moonblast,Haze,Protect|||F|||50|,,,,,Water]Rillaboom||AssaultVest|GrassySurge|WoodHammer,GrassyGlide,HighHorsepower,FakeOut|||F|||50|,,,,,Fire]Kingambit||BlackGlasses|Defiant|KowtowCleave,SuckerPunch,SwordsDance,Protect|||F|||50|,,,,,Ghost]Magmar||Eviolite|VitalSpirit|Overheat,WillOWisp,FollowMe,Protect|||F|||50|,,,,,Ghost
|inactive|Battle timer is ON: inactive players will automatically lose when time's up. (requested by leonsunp)
|inactive|leonsunp has 60 seconds left.
|inactive|leonsunp has 30 seconds left.
|inactive|leonsunp has 20 seconds left.
|inactive|leonsunp has 15 seconds left.
|inactive|leonsunp has 10 seconds left.
|
|t:|1756334025
|teamsize|p1|4
|teamsize|p2|4
|start
|switch|p1a: Sneasler|Sneasler, L50, M|100/100
|switch|p1b: Kilowattrel|Kilowattrel, L50, F|100/100
|switch|p2a: Sneasler|Sneasler, L50, M|100/100
|switch|p2b: Kingambit|Kingambit, L50, F|100/100
|turn|1
|
|t:|1756334050
|-terastallize|p2b: Kingambit|Ghost
|move|p2a: Sneasler|Fake Out|p1b: Kilowattrel
|-damage|p1b: Kilowattrel|77/100
|-status|p1b: Kilowattrel|psn|[from] ability: Poison Touch|[of] p2a: Sneasler
|cant|p1b: Kilowattrel|flinch
|move|p1a: Sneasler|Dire Claw|p2a: Sneasler
|-resisted|p2a: Sneasler
|-damage|p2a: Sneasler|62/100
|move|p2b: Kingambit|Swords Dance|p2b: Kingambit
|-boost|p2b: Kingambit|atk|2
|
|-damage|p1b: Kilowattrel|64/100 psn|[from] psn
|upkeep
|turn|2
|inactive|leonsunp has 30 seconds left.
|
|t:|1756334076
|switch|p1b: Rillaboom|Rillaboom, L50, M|100/100
|-fieldstart|move: Grassy Terrain|[from] ability: Grassy Surge|[of] p1b: Rillaboom
|move|p2b: Kingambit|Sucker Punch||[still]
|-fail|p2b: Kingambit
|move|p2a: Sneasler|Close Combat|p1a: Sneasler
|-resisted|p1a: Sneasler
|-damage|p1a: Sneasler|42/100
|-unboost|p2a: Sneasler|def|1
|-unboost|p2a: Sneasler|spd|1
|move|p1a: Sneasler|Close Combat|p2a: Sneasler
|-resisted|p2a: Sneasler
|-crit|p2a: Sneasler
|-damage|p2a: Sneasler|0 fnt
|-unboost|p1a: Sneasler|def|1
|-unboost|p1a: Sneasler|spd|1
|faint|p2a: Sneasler
|-enditem|p1a: Sneasler|White Herb
|-clearnegativeboost|p1a: Sneasler|[silent]
|
|-heal|p1a: Sneasler|48/100|[from] Grassy Terrain
|upkeep
|
|t:|1756334096
|switch|p2a: Magmar|Magmar, L50, F|100/100
|turn|3
|
|t:|1756334116
|move|p2a: Magmar|Follow Me|p2a: Magmar
|-singleturn|p2a: Magmar|move: Follow Me
|move|p1a: Sneasler|Coaching|p1b: Rillaboom
|-boost|p1b: Rillaboom|atk|1
|-boost|p1b: Rillaboom|def|1
|move|p1b: Rillaboom|High Horsepower|p2a: Magmar
|-supereffective|p2a: Magmar
|-damage|p2a: Magmar|19/100
|move|p2b: Kingambit|Kowtow Cleave|p1b: Rillaboom
|-damage|p1b: Rillaboom|25/100
|
|-heal|p1a: Sneasler|54/100|[from] Grassy Terrain
|-heal|p2a: Magmar|25/100|[from] Grassy Terrain
|-heal|p1b: Rillaboom|31/100|[from] Grassy Terrain
|upkeep
|turn|4
|inactive|dfdfdfgdfdt has 30 seconds left.
|inactive|dfdfdfgdfdt has 20 seconds left.
|
|t:|1756334154
|switch|p1b: Kingambit|Kingambit, L50, M|100/100
|move|p2b: Kingambit|Sucker Punch||[still]
|-fail|p2b: Kingambit
|move|p1a: Sneasler|Close Combat|p2a: Magmar
|-damage|p2a: Magmar|0 fnt
|-unboost|p1a: Sneasler|def|1
|-unboost|p1a: Sneasler|spd|1
|faint|p2a: Magmar
|
|-heal|p1a: Sneasler|59/100|[from] Grassy Terrain
|upkeep
|
|t:|1756334162
|switch|p2a: Rillaboom|Rillaboom, L50, F|100/100
|turn|5
|
|t:|1756334176
|switch|p1a: Rillaboom|Rillaboom, L50, M|31/100
|move|p2a: Rillaboom|High Horsepower|p1b: Kingambit
|-supereffective|p1b: Kingambit
|-damage|p1b: Kingambit|53/100
|move|p2b: Kingambit|Kowtow Cleave|p1b: Kingambit
|-resisted|p1b: Kingambit
|-damage|p1b: Kingambit|10/100
|move|p1b: Kingambit|Swords Dance|p1b: Kingambit
|-boost|p1b: Kingambit|atk|2
|
|-heal|p1a: Rillaboom|37/100|[from] Grassy Terrain
|-heal|p1b: Kingambit|15/100|[from] Grassy Terrain
|upkeep
|turn|6
|inactive|dfdfdfgdfdt has 30 seconds left.
|inactive|dfdfdfgdfdt has 20 seconds left.
|inactive|dfdfdfgdfdt has 15 seconds left.
|
|t:|1756334221
|move|p1a: Rillaboom|Fake Out|p2a: Rillaboom
|-damage|p2a: Rillaboom|87/100
|move|p2b: Kingambit|Sucker Punch||[still]
|-fail|p2b: Kingambit
|move|p1b: Kingambit|Sucker Punch||[still]
|-fail|p1b: Kingambit
|cant|p2a: Rillaboom|flinch
|
|-heal|p2a: Rillaboom|93/100|[from] Grassy Terrain
|-heal|p1a: Rillaboom|43/100|[from] Grassy Terrain
|-heal|p1b: Kingambit|21/100|[from] Grassy Terrain
|-fieldend|move: Grassy Terrain
|upkeep
|turn|7
|inactive|leonsunp has 30 seconds left.
|
|t:|1756334252
|move|p1b: Kingambit|Protect|p1b: Kingambit
|-singleturn|p1b: Kingambit|Protect
|move|p2b: Kingambit|Sucker Punch|p1a: Rillaboom
|-damage|p1a: Rillaboom|0 fnt
|faint|p1a: Rillaboom
|move|p2a: Rillaboom|High Horsepower|p1b: Kingambit
|-activate|p1b: Kingambit|move: Protect
|
|upkeep
|
|t:|1756334260
|switch|p1a: Sneasler|Sneasler, L50, M|59/100
|turn|8
|
|t:|1756334270
|move|p2b: Kingambit|Sucker Punch|p1b: Kingambit
|-resisted|p1b: Kingambit
|-damage|p1b: Kingambit|0 fnt
|faint|p1b: Kingambit
|move|p1a: Sneasler|Dire Claw|p2a: Rillaboom
|-supereffective|p2a: Rillaboom
|-damage|p2a: Rillaboom|7/100
|move|p2a: Rillaboom|High Horsepower|p1a: Sneasler
|-supereffective|p1a: Sneasler
|-damage|p1a: Sneasler|0 fnt
|faint|p1a: Sneasler
|
|upkeep
|-message|leonsunp forfeited.
|
|win|dfdfdfgdfdt
|raw|leonsunp's rating: 1166 → 1143(-23 for losing)
|raw|dfdfdfgdfdt's rating: 1189 → 1212(+23 for winning)
|l|☆leonsunp
|player|p1|
