|j|☆MoodyMukVGC
|j|☆Zero_BlazeVGC
|html|MoodyMukVGCZero_BlazeVGC    
|uhtml|bestof|Game 3 of a best-of-3
|t:|1755805796
|gametype|doubles
|player|p1|MoodyMukVGC|169|1318
|player|p2|Zero_BlazeVGC|flint|1293
|gen|9
|tier|[Gen 9] VGC 2025 Reg H (Bo3)
|rated|
|rule|Species Clause: Limit one of each Pokémon
|rule|Item Clause: Limit 1 of each item
|clearpoke
|poke|p1|Incineroar, L50, M|
|poke|p1|Porygon2, L50|
|poke|p1|Amoonguss, L50, M|
|poke|p1|Ursaluna, L50, M|
|poke|p1|Gholdengo, L50|
|poke|p1|Flamigo, L50, M|
|poke|p2|Gholdengo, L50|
|poke|p2|Pelipper, L50, M|
|poke|p2|Basculegion, L50, M|
|poke|p2|Amoonguss, L50, F|
|poke|p2|Archaludon, L50, M|
|poke|p2|Incineroar, L50, M|
|teampreview|4
|showteam|p1|Incineroar||SafetyGoggles|Intimidate|KnockOff,FlareBlitz,PartingShot,FakeOut|||M|||50|,,,,,Grass]Porygon2||Eviolite|Download|TeraBlast,IceBeam,Recover,TrickRoom||||||50|,,,,,Fighting]Amoonguss||MentalHerb|Regenerator|Spore,RagePowder,PollenPuff,SludgeBomb|||M|||50|,,,,,Water]Ursaluna||FlameOrb|Guts|Facade,HeadlongRush,Earthquake,Protect|||M|||50|,,,,,Normal]Gholdengo||LifeOrb|GoodasGold|MakeItRain,ShadowBall,NastyPlot,Protect||||||50|,,,,,Dragon]Flamigo||FocusSash|Scrappy|CloseCombat,BraveBird,WideGuard,Protect|||M|||50|,,,,,Ghost
|showteam|p2|Gholdengo||LifeOrb|GoodasGold|Protect,NastyPlot,MakeItRain,ShadowBall||||||50|,,,,,Water]Pelipper||FocusSash|Drizzle|Protect,Tailwind,WeatherBall,Hurricane|||M|||50|,,,,,Stellar]Basculegion||ChoiceBand|SwiftSwim|AquaJet,WaveCrash,FlipTurn,LastRespects|||M|||50|,,,,,Fairy]Amoonguss||SitrusBerry|Regenerator|PollenPuff,Spore,RagePowder,Protect|||F|||50|,,,,,Fairy]Archaludon||AssaultVest|Stamina|ElectroShot,Snarl,FlashCannon,BodyPress|||M|||50|,,,,,Bug]Incineroar||SafetyGoggles|Intimidate|FakeOut,KnockOff,PartingShot,Taunt|||M|||50|,,,,,Ghost
|
|t:|1755805848
|teamsize|p1|4
|teamsize|p2|4
|start
|switch|p1a: Flamigo|Flamigo, L50, M, shiny|100/100
|switch|p1b: Gholdengo|Gholdengo, L50, shiny|100/100
|switch|p2a: Omega|Gholdengo, L50|100/100
|switch|p2b: Benadryl|Amoonguss, L50, F|100/100
|turn|1
|
|t:|1755805899
|move|p1a: Flamigo|Protect|p1a: Flamigo
|-singleturn|p1a: Flamigo|Protect
|move|p2a: Omega|Protect|p2a: Omega
|-singleturn|p2a: Omega|Protect
|move|p1b: Gholdengo|Nasty Plot|p1b: Gholdengo
|-boost|p1b: Gholdengo|spa|2
|move|p2b: Benadryl|Spore|p1a: Flamigo
|-activate|p1a: Flamigo|move: Protect
|
|upkeep
|turn|2
|
|t:|1755805922
|-terastallize|p2b: Benadryl|Fairy
|move|p2b: Benadryl|Rage Powder|p2b: Benadryl
|-singleturn|p2b: Benadryl|move: Rage Powder
|move|p1a: Flamigo|Close Combat|p2b: Benadryl
|-resisted|p2b: Benadryl
|-damage|p2b: Benadryl|77/100
|-unboost|p1a: Flamigo|def|1
|-unboost|p1a: Flamigo|spd|1
|move|p2a: Omega|Make It Rain|p1b: Gholdengo|[spread] p1a,p1b
|-resisted|p1b: Gholdengo
|-enditem|p1a: Flamigo|Focus Sash
|-damage|p1a: Flamigo|1/100
|-damage|p1b: Gholdengo|65/100
|-unboost|p2a: Omega|spa|1
|-damage|p2a: Omega|91/100|[from] item: Life Orb
|move|p1b: Gholdengo|Make It Rain|p2b: Benadryl|[spread] p2a,p2b
|-resisted|p2a: Omega
|-supereffective|p2b: Benadryl
|-damage|p2a: Omega|24/100
|-damage|p2b: Benadryl|0 fnt
|-unboost|p1b: Gholdengo|spa|1
|faint|p2b: Benadryl
|-damage|p1b: Gholdengo|55/100|[from] item: Life Orb
|
|upkeep
|
|t:|1755805943
|switch|p2b: Oogie Boogie|Basculegion, L50, M|100/100
|turn|3
|
|t:|1755805962
|-terastallize|p1b: Gholdengo|Dragon
|move|p2b: Oogie Boogie|Aqua Jet|p1a: Flamigo
|-damage|p1a: Flamigo|0 fnt
|faint|p1a: Flamigo
|move|p1b: Gholdengo|Make It Rain|p2b: Oogie Boogie|[spread] p2a,p2b
|-resisted|p2a: Omega
|-resisted|p2b: Oogie Boogie
|-damage|p2a: Omega|0 fnt
|-damage|p2b: Oogie Boogie|53/100
|-unboost|p1b: Gholdengo|spa|1
|faint|p2a: Omega
|-damage|p1b: Gholdengo|46/100|[from] item: Life Orb
|
|upkeep
|
|t:|1755805972
|switch|p1a: Porygon2|Porygon2, L50, shiny|100/100
|switch|p2a: Berry Delite|Pelipper, L50, M|100/100
|-weather|RainDance|[from] ability: Drizzle|[of] p2a: Berry Delite
|-ability|p1a: Porygon2|Download|boost
|-boost|p1a: Porygon2|spa|1
|turn|4
|
|t:|1755806004
|move|p2b: Oogie Boogie|Aqua Jet|p1a: Porygon2
|-damage|p1a: Porygon2|79/100
|move|p1b: Gholdengo|Shadow Ball|p2b: Oogie Boogie
|-supereffective|p2b: Oogie Boogie
|-damage|p2b: Oogie Boogie|0 fnt
|faint|p2b: Oogie Boogie
|-damage|p1b: Gholdengo|36/100|[from] item: Life Orb
|move|p2a: Berry Delite|Hurricane|p1b: Gholdengo
|-damage|p1b: Gholdengo|0 fnt
|faint|p1b: Gholdengo
|move|p1a: Porygon2|Trick Room|p1a: Porygon2
|-fieldstart|move: Trick Room|[of] p1a: Porygon2
|
|-weather|RainDance|[upkeep]
|upkeep
|
|t:|1755806015
|switch|p1b: Ursaluna|Ursaluna, L50, M, shiny|100/100
|turn|5
|
|t:|1755806024
|move|p1b: Ursaluna|Facade|p2a: Berry Delite
|-crit|p2a: Berry Delite
|-damage|p2a: Berry Delite|27/100
|move|p1a: Porygon2|Tera Blast|p2a: Berry Delite
|-damage|p2a: Berry Delite|0 fnt
|faint|p2a: Berry Delite
|
|win|MoodyMukVGC
|raw|MoodyMukVGC's rating: 1318 → 1337(+19 for winning)
|raw|Zero_BlazeVGC's rating: 1293 → 1270(-23 for losing)
|c|☆MoodyMukVGC|Ggs
