|j|☆eratakate
|j|☆dont make me walk
|html|eratakatedont make me walk    
|uhtml|bestof|Game 2 of a best-of-3
|t:|1756734838
|gametype|doubles
|player|p1|eratakate|169|1285
|player|p2|dont make me walk|red-masters3|1272
|gen|9
|tier|[Gen 9] VGC 2025 Reg H (Bo3)
|rated|
|rule|Species Clause: Limit one of each Pokémon
|rule|Item Clause: Limit 1 of each item
|clearpoke
|poke|p1|Incineroar, L50, M|
|poke|p1|Amoonguss, L50, F|
|poke|p1|Ursaluna-Bloodmoon, L50, M|
|poke|p1|Sneasler, L50, M|
|poke|p1|Gholdengo, L50|
|poke|p1|Dragonite, L50, F|
|poke|p2|Indeedee-F, L50, F|
|poke|p2|Ursaluna, L50, M|
|poke|p2|Gallade, L50, M|
|poke|p2|Torkoal, L50, F|
|poke|p2|Maushold-Four, L50|
|poke|p2|Hatterene, L50, F|
|teampreview|4
|showteam|p1|Incineroar||SafetyGoggles|Intimidate|FlareBlitz,KnockOff,PartingShot,FakeOut|||M|||50|,,,,,Ghost]Amoonguss||SitrusBerry|Regenerator|Spore,RagePowder,PollenPuff,Protect|||F|||50|,,,,,Psychic]Ursaluna-Bloodmoon||AssaultVest|MindsEye|HyperVoice,BloodMoon,EarthPower,VacuumWave|||M|||50|,,,,,Water]Sneasler||FocusSash|Unburden|CloseCombat,DireClaw,ThroatChop,Protect|||M|||50|,,,,,Stellar]Gholdengo||LifeOrb|GoodasGold|MakeItRain,ShadowBall,NastyPlot,Protect||||||50|,,,,,Water]Dragonite||LoadedDice|Multiscale|ScaleShot,Tailwind,Haze,Protect|||F|||50|,,,,,Fairy
|showteam|p2|Indeedee-F||SafetyGoggles|PsychicSurge|Psychic,FollowMe,HelpingHand,TrickRoom|||F|||50|,,,,,Steel]Ursaluna||FlameOrb|Guts|Facade,Substitute,HeadlongRush,Protect|||M|||50|,,,,,Ghost]Gallade||ClearAmulet|Sharpness|PsychoCut,SacredSword,WideGuard,TrickRoom|||M|||50|,,,,,Grass]Torkoal||Charcoal|Drought|Eruption,WeatherBall,ClearSmog,EarthPower|||F|||50|,,,,,Fire]Maushold-Four||WideLens|Technician|PopulationBomb,FollowMe,Taunt,Protect||||||50|,,,,,Ghost]Hatterene||CovertCloak|MagicBounce|DazzlingGleam,ExpandingForce,TeraBlast,TrickRoom|||F|||50|,,,,,Fire
|inactive|Battle timer is ON: inactive players will automatically lose when time's up. (requested by dont make me walk)
|inactive|eratakate has 60 seconds left.
|inactive|eratakate has 30 seconds left.
|
|t:|1756734903
|teamsize|p1|4
|teamsize|p2|4
|start
|switch|p1a: Ursaluna|Ursaluna-Bloodmoon, L50, M|100/100
|switch|p1b: Gholdengo|Gholdengo, L50|100/100
|switch|p2a: Indeedee|Indeedee-F, L50, F|100/100
|switch|p2b: Hatterene|Hatterene, L50, F|100/100
|-fieldstart|move: Psychic Terrain|[from] ability: Psychic Surge|[of] p2a: Indeedee
|turn|1
|
|t:|1756734921
|switch|p2b: Torkoal|Torkoal, L50, F|100/100
|-weather|SunnyDay|[from] ability: Drought|[of] p2b: Torkoal
|-terastallize|p2a: Indeedee|Steel
|move|p1b: Gholdengo|Make It Rain|p2b: Torkoal|[spread] p2a,p2b
|-resisted|p2a: Indeedee
|-resisted|p2b: Torkoal
|-damage|p2a: Indeedee|75/100
|-damage|p2b: Torkoal|59/100
|-unboost|p1b: Gholdengo|spa|1
|-damage|p1b: Gholdengo|91/100|[from] item: Life Orb
|move|p1a: Ursaluna|Hyper Voice|p2b: Torkoal|[spread] p2a,p2b
|-resisted|p2a: Indeedee
|-damage|p2a: Indeedee|58/100
|-damage|p2b: Torkoal|11/100
|move|p2a: Indeedee|Trick Room|p2a: Indeedee
|-fieldstart|move: Trick Room|[of] p2a: Indeedee
|
|-weather|SunnyDay|[upkeep]
|upkeep
|turn|2
|inactive|eratakate has 30 seconds left.
|
|t:|1756734946
|switch|p2a: Ursaluna|Ursaluna, L50, M|100/100
|-terastallize|p1a: Ursaluna|Water
|move|p1b: Gholdengo|Protect|p1b: Gholdengo
|-singleturn|p1b: Gholdengo|Protect
|move|p2b: Torkoal|Weather Ball|p1a: Ursaluna
|-resisted|p1a: Ursaluna
|-damage|p1a: Ursaluna|74/100
|move|p1a: Ursaluna|Hyper Voice|p2a: Ursaluna|[spread] p2a,p2b
|-damage|p2a: Ursaluna|68/100
|-damage|p2b: Torkoal|0 fnt
|faint|p2b: Torkoal
|
|-weather|SunnyDay|[upkeep]
|-status|p2a: Ursaluna|brn|[from] item: Flame Orb
|upkeep
|
|t:|1756734951
|switch|p2b: Hatterene|Hatterene, L50, F|100/100
|turn|3
|
|t:|1756734971
|switch|p2b: Indeedee|Indeedee-F, L50, F, tera:Steel|58/100
|switch|p1b: Incineroar|Incineroar, L50, M|100/100
|-ability|p1b: Incineroar|Intimidate|boost
|-unboost|p2a: Ursaluna|atk|1
|-unboost|p2b: Indeedee|atk|1
|move|p2a: Ursaluna|Facade|p1a: Ursaluna
|-damage|p1a: Ursaluna|7/100
|move|p1a: Ursaluna|Blood Moon|p2a: Ursaluna
|-damage|p2a: Ursaluna|10/100 brn
|
|-weather|SunnyDay|[upkeep]
|-damage|p2a: Ursaluna|5/100 brn|[from] brn
|upkeep
|turn|4
|
|t:|1756734995
|move|p2a: Ursaluna|Headlong Rush|p1b: Incineroar
|-supereffective|p1b: Incineroar
|-damage|p1b: Incineroar|0 fnt
|-unboost|p2a: Ursaluna|def|1
|-unboost|p2a: Ursaluna|spd|1
|faint|p1b: Incineroar
|move|p1a: Ursaluna|Hyper Voice|p2b: Indeedee|[spread] p2a,p2b
|-resisted|p2b: Indeedee
|-damage|p2a: Ursaluna|0 fnt
|-damage|p2b: Indeedee|40/100
|faint|p2a: Ursaluna
|move|p2b: Indeedee|Psychic|p1a: Ursaluna
|-damage|p1a: Ursaluna|0 fnt
|faint|p1a: Ursaluna
|
|-weather|SunnyDay|[upkeep]
|upkeep
|
|t:|1756734999
|switch|p2a: Hatterene|Hatterene, L50, F|100/100
|switch|p1a: Gholdengo|Gholdengo, L50|91/100
|switch|p1b: Dragonite|Dragonite, L50, F|100/100
|turn|5
|
|t:|1756735004
|move|p1b: Dragonite|Protect|p1b: Dragonite
|-singleturn|p1b: Dragonite|Protect
|move|p1a: Gholdengo|Protect|p1a: Gholdengo
|-singleturn|p1a: Gholdengo|Protect
|move|p2a: Hatterene|Dazzling Gleam|p1b: Dragonite|[spread] 
|-activate|p1a: Gholdengo|move: Protect
|-activate|p1b: Dragonite|move: Protect
|move|p2b: Indeedee|Psychic|p1b: Dragonite
|-activate|p1b: Dragonite|move: Protect
|
|-weather|none
|-fieldend|move: Trick Room
|-fieldend|move: Psychic Terrain
|upkeep
|turn|6
|-message|dont make me walk forfeited.
|
|win|eratakate
||dont make me walk is ready for game 3.
||eratakate is ready for game 3.
|uhtml|next|Next: Game 3 of 3
|l|☆dont make me walk
|player|p2|
