|j|☆viatles
|j|☆sdflgjsdf
|html|viatlessdflgjsdf    
|uhtml|bestof|Game 2 of a best-of-3
|t:|1784266390
|gametype|doubles
|player|p1|viatles|hiker|1106
|player|p2|sdflgjsdf|101|1118
|gen|9
|tier|[Gen 9 Champions] VGC 2026 Reg M-B (Bo3)
|rated|
|rule|Species Clause: Limit one of each Pokémon
|rule|Item Clause: Limit 1 of each item
|clearpoke
|poke|p1|Falinks, L50|
|poke|p1|Maushold, L50|
|poke|p1|Sinistcha, L50|
|poke|p1|Sneasler, L50, M|
|poke|p1|Grimmsnarl, L50, M|
|poke|p1|Gyarados, L50, M|
|poke|p2|Staraptor, L50, M|
|poke|p2|Houndstone, L50, M|
|poke|p2|Tyranitar, L50, F|
|poke|p2|Rotom-Wash, L50|
|poke|p2|Excadrill, L50, M|
|poke|p2|Venusaur, L50, F|
|teampreview|4
|showteam|p1|Falinks||Falinksite|Defiant|NoRetreat,KnockOff,CloseCombat,Protect|Serious|||||50|]Maushold||WideLens|FriendGuard|FollowMe,PopulationBomb,Protect,SuperFang|Jolly|||||50|]Sinistcha||SitrusBerry|Hospitality|MatchaGotcha,RagePowder,Imprison,TrickRoom|Bold|||||50|]Sneasler||WhiteHerb|Unburden|FakeOut,DireClaw,CloseCombat,Protect|Jolly||M|||50|]Grimmsnarl||LightClay|Prankster|SpiritBreak,LightScreen,PartingShot,FakeOut|Careful||M|||50|]Gyarados||Gyaradosite|Intimidate|DragonDance,Protect,Crunch,Waterfall|Adamant||M|||50|
|showteam|p2|Staraptor||Staraptite|Intimidate|BraveBird,CloseCombat,Tailwind,Protect|Jolly||M|||50|]Houndstone||SitrusBerry|SandRush|LastRespects,WillOWisp,AllySwitch,Protect|Adamant||M|||50|]Tyranitar||ChoiceScarf|SandStream|RockSlide,KnockOff,IcePunch,LowKick|Jolly||F|||50|]Rotom-Wash||Magnet|Levitate|HydroPump,Thunderbolt,VoltSwitch,Protect|Modest|||||50|]Excadrill||FocusSash|SandRush|Earthquake,IronHead,RockSlide,Protect|Adamant||M|||50|]Venusaur||Venusaurite|Chlorophyll|SludgeBomb,EarthPower,SleepPowder,Protect|Modest||F|||50|
|inactive|Battle timer is ON: inactive players will automatically lose when time's up. (requested by viatles)
|
|t:|1784266410
|teamsize|p1|4
|teamsize|p2|4
|start
|switch|p1a: The Bois|Falinks, L50|100/100
|switch|p1b: Grimmsnarl|Grimmsnarl, L50, M|100/100
|switch|p2a: Rotom|Rotom-Wash, L50|100/100
|switch|p2b: Venusaur|Venusaur, L50, F|100/100
|turn|1
|inactive|sdflgjsdf has 30 seconds left.
|inactive|sdflgjsdf has 20 seconds left.
|inactive|sdflgjsdf has 15 seconds left.
|
|t:|1784266451
|detailschange|p2b: Venusaur|Venusaur-Mega, L50, F
|-mega|p2b: Venusaur|Venusaur|Venusaurite
|detailschange|p1a: The Bois|Falinks-Mega, L50
|-mega|p1a: The Bois|Falinks|Falinksite
|move|p2b: Venusaur|Protect|p2b: Venusaur
|-singleturn|p2b: Venusaur|Protect
|move|p1b: Grimmsnarl|Fake Out|p2b: Venusaur
|-activate|p2b: Venusaur|move: Protect
|move|p1a: The Bois|No Retreat|p1a: The Bois
|-boost|p1a: The Bois|atk|1
|-boost|p1a: The Bois|def|1
|-boost|p1a: The Bois|spa|1
|-boost|p1a: The Bois|spd|1
|-boost|p1a: The Bois|spe|1
|-start|p1a: The Bois|move: No Retreat
|move|p2a: Rotom|Volt Switch|p1b: Grimmsnarl
|-damage|p1b: Grimmsnarl|65/100
|
|t:|1784266468
|switch|p2a: Houndstone|Houndstone, L50, M|100/100|[from] Volt Switch
|
|upkeep
|turn|2
|
|t:|1784266482
|switch|p2b: Tyranitar|Tyranitar, L50, F|100/100
|-weather|Sandstorm|[from] ability: Sand Stream|[of] p2b: Tyranitar
|move|p1a: The Bois|Protect|p1a: The Bois
|-singleturn|p1a: The Bois|Protect
|move|p1b: Grimmsnarl|Light Screen|p1b: Grimmsnarl
|-sidestart|p1: viatles|move: Light Screen
|move|p2a: Houndstone|Will-O-Wisp|p1a: The Bois
|-activate|p1a: The Bois|move: Protect
|
|-weather|Sandstorm|[upkeep]
|-damage|p1a: The Bois|94/100|[from] Sandstorm
|-damage|p1b: Grimmsnarl|59/100|[from] Sandstorm
|upkeep
|turn|3
|inactive|sdflgjsdf has 30 seconds left.
|inactive|sdflgjsdf has 20 seconds left.
|
|t:|1784266520
|move|p2a: Houndstone|Will-O-Wisp|p1a: The Bois|[miss]
|-miss|p2a: Houndstone|p1a: The Bois
|move|p2b: Tyranitar|Rock Slide|p1b: Grimmsnarl|[spread] p1a,p1b
|-resisted|p1a: The Bois|1
|-damage|p1a: The Bois|86/100
|-damage|p1b: Grimmsnarl|29/100
|move|p1a: The Bois|Knock Off|p2a: Houndstone
|-supereffective|p2a: Houndstone|1
|-damage|p2a: Houndstone|20/100r
|-enditem|p2a: Houndstone|Sitrus Berry|[from] move: Knock Off|[of] p1a: The Bois
|move|p1b: Grimmsnarl|Spirit Break|p2a: Houndstone
|-damage|p2a: Houndstone|0 fnt
|faint|p2a: Houndstone
|
|-weather|Sandstorm|[upkeep]
|-damage|p1a: The Bois|80/100|[from] Sandstorm
|-damage|p1b: Grimmsnarl|23/100|[from] Sandstorm
|upkeep
|
|t:|1784266535
|switch|p2a: Venusaur|Venusaur-Mega, L50, F|100/100
|turn|4
|
|t:|1784266547
|switch|p2b: Rotom|Rotom-Wash, L50|100/100
|switch|p1b: Sinistcha|Sinistcha, L50|100/100
|-heal|p1a: The Bois|100/100|[from] ability: Hospitality|[of] p1b: Sinistcha
|move|p1a: The Bois|Protect|p1a: The Bois
|-singleturn|p1a: The Bois|Protect
|move|p2a: Venusaur|Sleep Powder|p1a: The Bois
|-activate|p1a: The Bois|move: Protect
|
|-weather|Sandstorm|[upkeep]
|-damage|p1a: The Bois|94/100|[from] Sandstorm
|-damage|p2a: Venusaur|94/100|[from] Sandstorm
|-damage|p2b: Rotom|94/100|[from] Sandstorm
|-damage|p1b: Sinistcha|93/100|[from] Sandstorm
|upkeep
|turn|5
|inactive|viatles has 30 seconds left.
|inactive|sdflgjsdf has 30 seconds left.
|
|t:|1784266575
|move|p1a: The Bois|Close Combat|p2a: Venusaur
|-resisted|p2a: Venusaur|1
|-damage|p2a: Venusaur|63/100
|-unboost|p1a: The Bois|def|1
|-unboost|p1a: The Bois|spd|1
|move|p2a: Venusaur|Sleep Powder|p1a: The Bois|[miss]
|-miss|p2a: Venusaur|p1a: The Bois
|move|p2b: Rotom|Thunderbolt|p1a: The Bois
|-damage|p1a: The Bois|51/100
|move|p1b: Sinistcha|Matcha Gotcha|p2a: Venusaur|[spread] p2a,p2b
|-resisted|p2a: Venusaur|2
|-supereffective|p2b: Rotom|1
|-damage|p2a: Venusaur|58/100
|-heal|p1b: Sinistcha|96/100|[from] drain|[of] p2a: Venusaur
|-damage|p2b: Rotom|43/100
|-heal|p1b: Sinistcha|100/100|[from] drain|[of] p2b: Rotom
|
|-weather|Sandstorm|[upkeep]
|-damage|p1a: The Bois|45/100|[from] Sandstorm
|-damage|p2a: Venusaur|52/100|[from] Sandstorm
|-damage|p2b: Rotom|37/100|[from] Sandstorm
|-damage|p1b: Sinistcha|93/100|[from] Sandstorm
|upkeep
|turn|6
|inactive|viatles has 30 seconds left.
|inactive|sdflgjsdf has 30 seconds left.
|inactive|sdflgjsdf has 20 seconds left.
|
|t:|1784266614
|move|p1a: The Bois|Protect|p1a: The Bois
|-singleturn|p1a: The Bois|Protect
|move|p2b: Rotom|Protect|p2b: Rotom
|-singleturn|p2b: Rotom|Protect
|move|p2a: Venusaur|Sludge Bomb|p1b: Sinistcha
|-damage|p1b: Sinistcha|60/100
|move|p1b: Sinistcha|Matcha Gotcha|p2b: Rotom|[spread] p2a
|-activate|p2b: Rotom|move: Protect
|-resisted|p2a: Venusaur|2
|-crit|p2a: Venusaur
|-damage|p2a: Venusaur|45/100
|-heal|p1b: Sinistcha|64/100|[from] drain|[of] p2a: Venusaur
|-status|p2a: Venusaur|brn
|
|-weather|none
|-damage|p2a: Venusaur|39/100 brn|[from] brn
|upkeep
|turn|7
|inactive|sdflgjsdf has 30 seconds left.
|
|t:|1784266647
|switch|p1b: Grimmsnarl|Grimmsnarl, L50, M|23/100
|move|p1a: The Bois|Knock Off|p2b: Rotom
|-damage|p2b: Rotom|0 fnt
|-enditem|p2b: Rotom|Magnet|[from] move: Knock Off|[of] p1a: The Bois
|faint|p2b: Rotom
|move|p2a: Venusaur|Sleep Powder|p1a: The Bois
|-status|p1a: The Bois|slp|[from] move: Sleep Powder
|
|-damage|p2a: Venusaur|33/100 brn|[from] brn
|upkeep
|
|t:|1784266657
|switch|p2b: Tyranitar|Tyranitar, L50, F|100/100
|-weather|Sandstorm|[from] ability: Sand Stream|[of] p2b: Tyranitar
|turn|8
|inactive|sdflgjsdf has 30 seconds left.
|
|t:|1784266688
|cant|p1a: The Bois|slp
|move|p1b: Grimmsnarl|Fake Out|p2b: Tyranitar
|-resisted|p2b: Tyranitar|1
|-damage|p2b: Tyranitar|94/100
|cant|p2b: Tyranitar|flinch
|move|p2a: Venusaur|Sludge Bomb|p1b: Grimmsnarl
|-supereffective|p1b: Grimmsnarl|1
|-damage|p1b: Grimmsnarl|0 fnt
|faint|p1b: Grimmsnarl
|
|-weather|Sandstorm|[upkeep]
|-damage|p1a: The Bois|39/100 slp|[from] Sandstorm
|-damage|p2a: Venusaur|27/100 brn|[from] Sandstorm
|-damage|p2a: Venusaur|21/100 brn|[from] brn
|upkeep
|
|t:|1784266701
|switch|p1b: Sinistcha|Sinistcha, L50|64/100
|-heal|p1a: The Bois|64/100 slp|[from] ability: Hospitality|[of] p1b: Sinistcha
|turn|9
|inactive|sdflgjsdf has 30 seconds left.
|
|t:|1784266727
|cant|p1a: The Bois|slp
|move|p2b: Tyranitar|Knock Off|p1b: Sinistcha
|-supereffective|p1b: Sinistcha|1
|-damage|p1b: Sinistcha|0 fnt
|-enditem|p1b: Sinistcha|Sitrus Berry|[from] move: Knock Off|[of] p2b: Tyranitar
|faint|p1b: Sinistcha
|move|p2a: Venusaur|Sludge Bomb|p1a: The Bois
|-damage|p1a: The Bois|16/100 slp
|
|-weather|Sandstorm|[upkeep]
|-damage|p1a: The Bois|11/100 slp|[from] Sandstorm
|-damage|p2a: Venusaur|15/100 brn|[from] Sandstorm
|-damage|p2a: Venusaur|9/100 brn|[from] brn
|-sideend|p1: viatles|move: Light Screen
|upkeep
|
|t:|1784266739
|switch|p1b: Sneasler|Sneasler, L50, M|100/100
|turn|10
|
|t:|1784266760
|-curestatus|p1a: The Bois|slp|[msg]
|move|p1a: The Bois|Protect|p1a: The Bois
|-singleturn|p1a: The Bois|Protect
|move|p1b: Sneasler|Fake Out|p2a: Venusaur
|-damage|p2a: Venusaur|0 fnt
|faint|p2a: Venusaur
|move|p2b: Tyranitar|Knock Off|p1a: The Bois
|-activate|p1a: The Bois|move: Protect
|
|-weather|Sandstorm|[upkeep]
|-damage|p1b: Sneasler|94/100|[from] Sandstorm
|-damage|p1a: The Bois|5/100|[from] Sandstorm
|upkeep
|turn|11
|-message|sdflgjsdf forfeited.
|
|win|viatles
|raw|viatles's rating: 1106 → 1132(+26 for winning)
|raw|sdflgjsdf's rating: 1118 → 1092(-26 for losing)
|l|☆sdflgjsdf
|player|p2|
|c|☆viatles|gg wp
