|j|☆liluwuzivertttt
|j|☆neuesspielzeug
|html|liluwuziverttttneuesspielzeug    
|uhtml|bestof|Game 1 of a best-of-3
|t:|1784507525
|gametype|doubles
|player|p1|liluwuzivertttt|102|1072
|player|p2|neuesspielzeug|2|1131
|gen|9
|tier|[Gen 9 Champions] VGC 2026 Reg M-B (Bo3)
|rated|
|rule|Species Clause: Limit one of each Pokémon
|rule|Item Clause: Limit 1 of each item
|clearpoke
|poke|p1|Charizard, L50, M|
|poke|p1|Floette-Eternal, L50, F|
|poke|p1|Kingambit, L50, F|
|poke|p1|Garchomp, L50, F|
|poke|p1|Basculegion, L50, M|
|poke|p1|Whimsicott, L50, M|
|poke|p2|Scrafty, L50, M|
|poke|p2|Toxapex, L50, M|
|poke|p2|Meowstic-F, L50, F|
|poke|p2|Chandelure, L50, F|
|poke|p2|Hydreigon, L50, F|
|poke|p2|Sneasler, L50, F|
|teampreview|4
|showteam|p1|Charizard||CharizarditeY|Blaze|HeatWave,WeatherBall,SolarBeam,Protect|Modest||M|||50|]Floette-Eternal||Floettite|FlowerVeil|Moonblast,DazzlingGleam,LightofRuin,Protect|Modest||F|||50|]Kingambit||BlackGlasses|Defiant|KowtowCleave,IronHead,SuckerPunch,Protect|Adamant||F|||50|]Garchomp||LifeOrb|RoughSkin|DragonClaw,Earthquake,RockSlide,Protect|Jolly||F|||50|]Basculegion||MysticWater|Adaptability|WaveCrash,LastRespects,AquaJet,Protect|Adamant||M|||50|]Whimsicott||FocusSash|Prankster|Moonblast,Encore,Tailwind,Protect|Timid||M|||50|
|showteam|p2|Scrafty||Scraftinite|Intimidate|FakeOut,DrainPunch,KnockOff,PoisonJab|Careful||M|||50|]Toxapex||Leftovers|Regenerator|Infestation,Toxic,BanefulBunker,WideGuard|Bold||M|||50|]Meowstic-F||Meowsticite|KeenEye|PsychicTerrain,ExpandingForce,Protect,ShadowBall|Timid||F|||50|]Chandelure||FocusSash|FlashFire|EnergyBall,HeatWave,ShadowBall,Protect|Timid||F|||50|]Hydreigon||ChoiceScarf|Levitate|DracoMeteor,Snarl,DarkPulse,EarthPower|Modest||F|||50|]Sneasler||LifeOrb|PoisonTouch|FakeOut,CloseCombat,DireClaw,Protect|Jolly||F|||50|
|inactive|Battle timer is ON: inactive players will automatically lose when time's up. (requested by neuesspielzeug)
|inactive|liluwuzivertttt has 60 seconds left.
|
|t:|1784507589
|teamsize|p1|4
|teamsize|p2|4
|start
|switch|p1a: Floette|Floette-Eternal, L50, F|100/100
|switch|p1b: Whimsicott|Whimsicott, L50, M|100/100
|switch|p2a: Meowstic|Meowstic-F, L50, F|100/100
|switch|p2b: Chandelure|Chandelure, L50, F|100/100
|turn|1
|inactive|liluwuzivertttt has 30 seconds left.
|inactive|liluwuzivertttt has 20 seconds left.
|inactive|liluwuzivertttt has 15 seconds left.
|inactive|liluwuzivertttt has 10 seconds left.
|
|t:|1784507634
|detailschange|p2a: Meowstic|Meowstic-F-Mega, L50, F
|-mega|p2a: Meowstic|Meowstic|Meowsticite
|-ability|p2a: Meowstic|Flower Veil|Trace|[from] ability: Trace|[of] p1a: Floette
|detailschange|p1a: Floette|Floette-Mega, L50, F
|-mega|p1a: Floette|Floette|Floettite
|-ability|p1a: Floette|Fairy Aura
|move|p1b: Whimsicott|Tailwind|p1b: Whimsicott
|-sidestart|p1: liluwuzivertttt|move: Tailwind
|move|p1a: Floette|Dazzling Gleam|p2a: Meowstic|[spread] p2a,p2b
|-resisted|p2b: Chandelure|1
|-damage|p2a: Meowstic|45/100
|-damage|p2b: Chandelure|67/100
|move|p2a: Meowstic|Psychic Terrain|p2a: Meowstic
|-fieldstart|move: Psychic Terrain
|move|p2b: Chandelure|Heat Wave|p1a: Floette|[spread] p1b
|-miss|p2b: Chandelure|p1a: Floette
|-supereffective|p1b: Whimsicott|1
|-crit|p1b: Whimsicott
|-enditem|p1b: Whimsicott|Focus Sash
|-damage|p1b: Whimsicott|1/100
|
|upkeep
|turn|2
|inactive|liluwuzivertttt has 30 seconds left.
|inactive|neuesspielzeug has 30 seconds left.
|inactive|liluwuzivertttt has 20 seconds left.
|inactive|liluwuzivertttt has 15 seconds left.
|
|t:|1784507675
|switch|p2a: Toxapex|Toxapex, L50, M|100/100
|move|p2b: Chandelure|Protect|p2b: Chandelure
|-singleturn|p2b: Chandelure|Protect
|move|p1b: Whimsicott|Moonblast|p2b: Chandelure
|-activate|p2b: Chandelure|move: Protect
|move|p1a: Floette|Dazzling Gleam|p2a: Toxapex|[spread] p2a
|-activate|p2b: Chandelure|move: Protect
|-resisted|p2a: Toxapex|1
|-damage|p2a: Toxapex|81/100
|
|-heal|p2a: Toxapex|87/100|[from] item: Leftovers
|upkeep
|turn|3
|inactive|liluwuzivertttt has 30 seconds left.
|
|t:|1784507700
|switch|p1b: Basculegion|Basculegion, L50, M|100/100
|move|p1a: Floette|Protect|p1a: Floette
|-singleturn|p1a: Floette|Protect
|move|p2b: Chandelure|Shadow Ball|p1a: Floette
|-activate|p1a: Floette|move: Protect
|move|p2a: Toxapex|Infestation|p1a: Floette
|-activate|p1a: Floette|move: Protect
|
|-heal|p2a: Toxapex|92/100|[from] item: Leftovers
|upkeep
|turn|4
|inactive|liluwuzivertttt has 30 seconds left.
|inactive|liluwuzivertttt has 20 seconds left.
|inactive|liluwuzivertttt has 15 seconds left.
|inactive|liluwuzivertttt has 10 seconds left.
|
|t:|1784507747
|move|p2b: Chandelure|Protect|p2b: Chandelure
|-singleturn|p2b: Chandelure|Protect
|move|p1a: Floette|Dazzling Gleam|p2a: Toxapex|[spread] p2a
|-activate|p2b: Chandelure|move: Protect
|-resisted|p2a: Toxapex|1
|-damage|p2a: Toxapex|75/100
|move|p1b: Basculegion|Last Respects|p2b: Chandelure
|-activate|p2b: Chandelure|move: Protect
|move|p2a: Toxapex|Toxic|p1a: Floette
|-status|p1a: Floette|tox
|
|-heal|p2a: Toxapex|81/100|[from] item: Leftovers
|-damage|p1a: Floette|94/100 tox|[from] psn
|-sideend|p1: liluwuzivertttt|move: Tailwind
|upkeep
|turn|5
|inactive|liluwuzivertttt has 30 seconds left.
|
|t:|1784507773
|move|p1a: Floette|Moonblast|p2a: Toxapex
|-resisted|p2a: Toxapex|1
|-damage|p2a: Toxapex|54/100
|move|p2b: Chandelure|Shadow Ball|p1b: Basculegion
|-supereffective|p1b: Basculegion|1
|-damage|p1b: Basculegion|5/100
|-unboost|p1b: Basculegion|spd|1
|move|p1b: Basculegion|Wave Crash|p2b: Chandelure
|-supereffective|p2b: Chandelure|1
|-damage|p2b: Chandelure|0 fnt
|faint|p2b: Chandelure
|-damage|p1b: Basculegion|0 fnt|[from] Recoil
|faint|p1b: Basculegion
|move|p2a: Toxapex|Infestation|p1a: Floette
|-resisted|p1a: Floette|1
|-damage|p1a: Floette|92/100 tox
|-activate|p1a: Floette|move: Infestation|[of] p2a: Toxapex
|
|-heal|p2a: Toxapex|60/100|[from] item: Leftovers
|-damage|p1a: Floette|81/100 tox|[from] psn
|-damage|p1a: Floette|69/100 tox|[from] move: Infestation|[partiallytrapped]
|-fieldend|move: Psychic Terrain
|upkeep
|
|t:|1784507794
|switch|p2b: Sneasler|Sneasler, L50, F|100/100
|switch|p1b: Whimsicott|Whimsicott, L50, M|1/100
|turn|6
|
|t:|1784507812
|move|p1b: Whimsicott|Protect|p1b: Whimsicott
|-singleturn|p1b: Whimsicott|Protect
|move|p1a: Floette|Protect|p1a: Floette
|-singleturn|p1a: Floette|Protect
|move|p2b: Sneasler|Fake Out|p1a: Floette
|-activate|p1a: Floette|move: Protect
|move|p2a: Toxapex|Infestation|p1b: Whimsicott
|-activate|p1b: Whimsicott|move: Protect
|
|-heal|p2a: Toxapex|66/100|[from] item: Leftovers
|-damage|p1a: Floette|52/100 tox|[from] psn
|-damage|p1a: Floette|40/100 tox|[from] move: Infestation|[partiallytrapped]
|upkeep
|turn|7
|
|t:|1784507836
|move|p2b: Sneasler|Protect|p2b: Sneasler
|-singleturn|p2b: Sneasler|Protect
|move|p1b: Whimsicott|Tailwind|p1b: Whimsicott
|-sidestart|p1: liluwuzivertttt|move: Tailwind
|move|p1a: Floette|Moonblast|p2b: Sneasler
|-activate|p2b: Sneasler|move: Protect
|move|p2a: Toxapex|Infestation|p1b: Whimsicott
|-damage|p1b: Whimsicott|0 fnt
|faint|p1b: Whimsicott
|
|-heal|p2a: Toxapex|71/100|[from] item: Leftovers
|-damage|p1a: Floette|17/100 tox|[from] psn
|-damage|p1a: Floette|5/100 tox|[from] move: Infestation|[partiallytrapped]
|upkeep
|
|t:|1784507846
|switch|p1b: Garchomp|Garchomp, L50, F|100/100
|turn|8
|inactive|neuesspielzeug has 30 seconds left.
|
|t:|1784507873
|switch|p2b: Meowstic|Meowstic-F-Mega, L50, F|45/100
|-ability|p2b: Meowstic|Fairy Aura|Trace|[from] ability: Trace|[of] p1a: Floette
|-ability|p2b: Meowstic|Fairy Aura
|move|p2a: Toxapex|Baneful Bunker|p2a: Toxapex
|-singleturn|p2a: Toxapex|move: Protect
|move|p1b: Garchomp|Earthquake|p2b: Meowstic|[spread] p1a,p2b
|-activate|p2a: Toxapex|move: Protect
|-damage|p1a: Floette|0 fnt
|-damage|p2b: Meowstic|0 fnt
|faint|p1a: Floette
|faint|p2b: Meowstic
|-damage|p1b: Garchomp|90/100|[from] item: Life Orb
|
|-heal|p2a: Toxapex|77/100|[from] item: Leftovers
|upkeep
|
|t:|1784507888
|switch|p2b: Sneasler|Sneasler, L50, F|100/100
|turn|9
|
|t:|1784507893
|move|p1b: Garchomp|Protect|p1b: Garchomp
|-singleturn|p1b: Garchomp|Protect
|move|p2b: Sneasler|Fake Out|p1b: Garchomp
|-activate|p1b: Garchomp|move: Protect
|move|p2a: Toxapex|Toxic|p1b: Garchomp
|-activate|p1b: Garchomp|move: Protect
|
|-heal|p2a: Toxapex|83/100|[from] item: Leftovers
|upkeep
|turn|10
|
|t:|1784507908
|move|p2a: Toxapex|Wide Guard|p2a: Toxapex
|-singleturn|p2a: Toxapex|Wide Guard
|move|p1b: Garchomp|Earthquake|p2a: Toxapex|[spread] 
|-activate|p2a: Toxapex|move: Wide Guard
|-activate|p2b: Sneasler|move: Wide Guard
|move|p2b: Sneasler|Close Combat|p1b: Garchomp
|-damage|p1b: Garchomp|12/100
|-unboost|p2b: Sneasler|def|1
|-unboost|p2b: Sneasler|spd|1
|-damage|p2b: Sneasler|87/100|[from] ability: Rough Skin|[of] p1b: Garchomp
|-status|p1b: Garchomp|psn|[from] ability: Poison Touch|[of] p2b: Sneasler
|-damage|p2b: Sneasler|78/100|[from] item: Life Orb
|
|-heal|p2a: Toxapex|89/100|[from] item: Leftovers
|-damage|p1b: Garchomp|0 fnt|[from] psn
|faint|p1b: Garchomp
|
|win|neuesspielzeug
