|j|☆Aeon_Twins
|j|☆aygguan
|html|Aeon_Twinsaygguan    
|uhtml|bestof|Game 1 of a best-of-3
|t:|1782508922
|gametype|doubles
|player|p1|Aeon_Twins|n|1240
|player|p2|aygguan|265|1180
|gen|9
|tier|[Gen 9 Champions] VGC 2026 Reg M-B (Bo3)
|rated|
|rule|Species Clause: Limit one of each Pokémon
|rule|Item Clause: Limit 1 of each item
|clearpoke
|poke|p1|Staraptor, L50, M|
|poke|p1|Sinistcha, L50|
|poke|p1|Mawile, L50, F|
|poke|p1|Torkoal, L50, M|
|poke|p1|Farigiraf, L50, F|
|poke|p1|Pyroar, L50, F|
|poke|p2|Mawile, L50, M|
|poke|p2|Pelipper, L50, F|
|poke|p2|Basculegion, L50, M|
|poke|p2|Archaludon, L50, M|
|poke|p2|Swampert, L50, F|
|poke|p2|Sinistcha, L50|
|teampreview|4
|showteam|p1|Staraptor||ChoiceScarf|Intimidate|FinalGambit,CloseCombat,BraveBird,Uturn|Jolly||M|||50|]Sinistcha||SitrusBerry|Hospitality|MatchaGotcha,ShadowBall,RagePowder,TrickRoom|Modest|||||50|]Mawile||Mawilite|Intimidate|IronHead,PlayRough,SuckerPunch,Protect|Brave||F|||50|]Torkoal||Charcoal|Drought|Eruption,HeatWave,EarthPower,Protect|Quiet||M|||50|]Farigiraf||ColburBerry|ArmorTail|Psychic,Thunderbolt,TrickRoom,HelpingHand|Sassy||F|||50|]Pyroar||Pyroarite|Rivalry|Overheat,HyperVoice,HeatWave,Protect|Timid||F|||50|
|showteam|p2|Mawile||Mawilite|HyperCutter|PlayRough,BrickBreak,SuckerPunch,Protect|Adamant||M|||50|]Pelipper||FocusSash|Drizzle|WeatherBall,Hurricane,Tailwind,Protect|Modest||F|||50|]Basculegion||ChoiceScarf|Adaptability|FlipTurn,LastRespects,AquaJet,WaveCrash|Jolly||M|||50|]Archaludon||Leftovers|Stamina|FlashCannon,Protect,ElectroShot,DragonPulse|Modest||M|||50|]Swampert||Swampertite|Torrent|HighHorsepower,IcePunch,Protect,WaveCrash|Adamant||F|||50|]Sinistcha||KasibBerry|Hospitality|TrickRoom,MatchaGotcha,RagePowder,Protect|Bold|||||50|
|inactive|Battle timer is ON: inactive players will automatically lose when time's up. (requested by aygguan)
|inactive|aygguan has 60 seconds left.
|
|t:|1782508979
|teamsize|p1|4
|teamsize|p2|4
|start
|switch|p1a: Staraptor|Staraptor, L50, M|100/100
|switch|p1b: Farigiraf|Farigiraf, L50, F|100/100
|switch|p2a: Pelipper|Pelipper, L50, F|100/100
|switch|p2b: Sinistcha|Sinistcha, L50|100/100
|-ability|p1a: Staraptor|Intimidate|boost
|-unboost|p2a: Pelipper|atk|1
|-unboost|p2b: Sinistcha|atk|1
|-weather|RainDance|[from] ability: Drizzle|[of] p2a: Pelipper
|turn|1
|
|t:|1782508995
|move|p1a: Staraptor|U-turn|p2b: Sinistcha
|-damage|p2b: Sinistcha|85/100
|
|t:|1782508997
|switch|p1a: Torkoal|Torkoal, L50, M|100/100|[from] U-turn
|-weather|SunnyDay|[from] ability: Drought|[of] p1a: Torkoal
|move|p2a: Pelipper|Hurricane|p1b: Farigiraf
|-damage|p1b: Farigiraf|58/100
|move|p2b: Sinistcha|Matcha Gotcha|p1b: Farigiraf|[spread] p1a,p1b
|-resisted|p1a: Torkoal|1
|-damage|p1a: Torkoal|83/100
|-heal|p2b: Sinistcha|93/100|[from] drain|[of] p1a: Torkoal
|-damage|p1b: Farigiraf|36/100
|-heal|p2b: Sinistcha|100/100|[from] drain|[of] p1b: Farigiraf
|move|p1b: Farigiraf|Thunderbolt|p2a: Pelipper
|-supereffective|p2a: Pelipper|2
|-enditem|p2a: Pelipper|Focus Sash
|-damage|p2a: Pelipper|1/100
|-status|p2a: Pelipper|par
|
|-weather|SunnyDay|[upkeep]
|upkeep
|turn|2
|inactive|Aeon_Twins has 30 seconds left.
|inactive|aygguan has 30 seconds left.
|inactive|Aeon_Twins has 20 seconds left.
|
|t:|1782509035
|switch|p2a: Swampert|Swampert, L50, F|100/100
|move|p2b: Sinistcha|Matcha Gotcha|p1a: Torkoal|[spread] p1b
|-miss|p2b: Sinistcha|p1a: Torkoal
|-damage|p1b: Farigiraf|15/100
|move|p1b: Farigiraf|Psychic|p2a: Swampert
|-damage|p2a: Swampert|65/100
|move|p1a: Torkoal|Heat Wave|p2a: Swampert|[spread] p2a,p2b
|-resisted|p2a: Swampert|1
|-supereffective|p2b: Sinistcha|1
|-damage|p2a: Swampert|36/100
|-damage|p2b: Sinistcha|0 fnt
|faint|p2b: Sinistcha
|
|-weather|SunnyDay|[upkeep]
|upkeep
|
|t:|1782509047
|switch|p2b: Pelipper|Pelipper, L50, F|1/100 par
|-weather|RainDance|[from] ability: Drizzle|[of] p2b: Pelipper
|turn|3
|
|t:|1782509057
|switch|p1b: Staraptor|Staraptor, L50, M|100/100
|-ability|p1b: Staraptor|Intimidate|boost
|-unboost|p2a: Swampert|atk|1
|-unboost|p2b: Pelipper|atk|1
|detailschange|p2a: Swampert|Swampert-Mega, L50, F
|-mega|p2a: Swampert|Swampert|Swampertite
|move|p1a: Torkoal|Protect|p1a: Torkoal
|-singleturn|p1a: Torkoal|Protect
|move|p2a: Swampert|Wave Crash|p1a: Torkoal
|-activate|p1a: Torkoal|move: Protect
|move|p2b: Pelipper|Weather Ball|p1b: Staraptor
|-damage|p1b: Staraptor|2/100
|
|-weather|RainDance|[upkeep]
|upkeep
|turn|4
|
|t:|1782509074
|switch|p1a: Farigiraf|Farigiraf, L50, F|15/100
|move|p1b: Staraptor|U-turn|p2b: Pelipper
|-resisted|p2b: Pelipper|1
|-damage|p2b: Pelipper|0 fnt
|faint|p2b: Pelipper
|
|t:|1782509079
|switch|p1b: Torkoal|Torkoal, L50, M|83/100|[from] U-turn
|-weather|SunnyDay|[from] ability: Drought|[of] p1b: Torkoal
|move|p2a: Swampert|Wave Crash|p1a: Farigiraf
|-damage|p1a: Farigiraf|0 fnt
|faint|p1a: Farigiraf
|-damage|p2a: Swampert|31/100|[from] Recoil
|
|-weather|SunnyDay|[upkeep]
|upkeep
|
|t:|1782509083
|switch|p2b: Basculegion|Basculegion, L50, M|100/100
|switch|p1a: Staraptor|Staraptor, L50, M|2/100
|-ability|p1a: Staraptor|Intimidate|boost
|-unboost|p2a: Swampert|atk|1
|-unboost|p2b: Basculegion|atk|1
|turn|5
|
|t:|1782509098
|move|p1b: Torkoal|Protect|p1b: Torkoal
|-singleturn|p1b: Torkoal|Protect
|move|p1a: Staraptor|Close Combat|p2a: Swampert
|-damage|p2a: Swampert|2/100
|-unboost|p1a: Staraptor|def|1
|-unboost|p1a: Staraptor|spd|1
|move|p2b: Basculegion|Last Respects|p1b: Torkoal
|-activate|p1b: Torkoal|move: Protect
|move|p2a: Swampert|Ice Punch|p1a: Staraptor
|-supereffective|p1a: Staraptor|1
|-damage|p1a: Staraptor|0 fnt
|faint|p1a: Staraptor
|
|-weather|SunnyDay|[upkeep]
|upkeep
|
|t:|1782509103
|switch|p1a: Mawile|Mawile, L50, F|100/100
|-ability|p1a: Mawile|Intimidate|boost
|-unboost|p2a: Swampert|atk|1
|-unboost|p2b: Basculegion|atk|1
|turn|6
|
|t:|1782509115
|detailschange|p1a: Mawile|Mawile-Mega, L50, F
|-mega|p1a: Mawile|Mawile|Mawilite
|move|p1a: Mawile|Sucker Punch|p2b: Basculegion
|-supereffective|p2b: Basculegion|1
|-damage|p2b: Basculegion|0 fnt
|faint|p2b: Basculegion
|move|p2a: Swampert|High Horsepower|p1b: Torkoal
|-supereffective|p1b: Torkoal|1
|-damage|p1b: Torkoal|44/100
|move|p1b: Torkoal|Earth Power|p2a: Swampert
|-damage|p2a: Swampert|0 fnt
|faint|p2a: Swampert
|
|win|Aeon_Twins
|l|☆aygguan
|player|p2|
||Aeon_Twins is ready for game 2.
||aygguan is ready for game 2.
|uhtml|next|Next: Game 2 of 3
