|j|☆VGChris6
|j|☆sir plaza
|html|VGChris6sir plaza    
|uhtml|bestof|Game 2 of a best-of-3
|t:|1757192606
|gametype|doubles
|player|p1|VGChris6|169|1000
|player|p2|sir plaza|blackbelt-gen4dp|1093
|gen|9
|tier|[Gen 9] VGC 2025 Reg H (Bo3)
|rated|
|rule|Species Clause: Limit one of each Pokémon
|rule|Item Clause: Limit 1 of each item
|clearpoke
|poke|p1|Archaludon, L50, F|
|poke|p1|Pelipper, L50, M|
|poke|p1|Basculegion, L50, M|
|poke|p1|Annihilape, L50, F|
|poke|p1|Whimsicott, L50, M|
|poke|p1|Ursaluna-Bloodmoon, L50, M|
|poke|p2|Incineroar, L50, M|
|poke|p2|Sneasler, L50, M|
|poke|p2|Talonflame, L50, F|
|poke|p2|Rillaboom, L50, M|
|poke|p2|Gholdengo, L50|
|poke|p2|Kingambit, L50, M|
|teampreview|4
|showteam|p1|Archaludon||PowerHerb|Sturdy|ElectroShot,DragonPulse,FlashCannon,Protect|||F|||50|,,,,,Ghost]Pelipper||FocusSash|Drizzle|Tailwind,WeatherBall,Hurricane,WideGuard|||M|||50|,,,,,Ghost]Basculegion||ChoiceScarf|Adaptability|LastRespects,FlipTurn,WaveCrash,AquaJet|||M|||50|,,,,,Dark]Annihilape||SitrusBerry|Defiant|DrainPunch,Protect,RageFist,BulkUp|||F|||50|,,,,,Steel]Whimsicott||CovertCloak|Prankster|Taunt,Tailwind,Encore,Moonblast|||M|||50|,,,,,Dark]Ursaluna-Bloodmoon||AssaultVest|MindsEye|HyperVoice,BloodMoon,EarthPower,VacuumWave|||M|||50|,,,,,Ghost
|showteam|p2|Incineroar||SafetyGoggles|Intimidate|KnockOff,FlareBlitz,FakeOut,PartingShot|||M|||50|,,,,,Ghost]Sneasler||GrassySeed|Unburden|Protect,CloseCombat,DireClaw,FakeOut|||M|||50|,,,,,Stellar]Talonflame||CovertCloak|GaleWings|DualWingbeat,FlareBlitz,Tailwind,WillOWisp|||F|||50|,,,,,Grass]Rillaboom||AssaultVest|GrassySurge|GrassyGlide,WoodHammer,FakeOut,HighHorsepower|||M|||50|,,,,,Grass]Gholdengo||LifeOrb|GoodasGold|MakeItRain,ShadowBall,NastyPlot,Protect||||||50|,,,,,Water]Kingambit||BlackGlasses|Defiant|SuckerPunch,SwordsDance,KowtowCleave,Protect|||M|||50|,,,,,Ghost
|inactive|Battle timer is ON: inactive players will automatically lose when time's up. (requested by VGChris6)
|
|t:|1757192633
|teamsize|p1|4
|teamsize|p2|4
|start
|switch|p1a: Basculegion|Basculegion, L50, M|100/100
|switch|p1b: Annihilape|Annihilape, L50, F|100/100
|switch|p2a: Talonflame|Talonflame, L50, F|100/100
|switch|p2b: Kingambit|Kingambit, L50, M|100/100
|turn|1
|inactive|sir plaza has 30 seconds left.
|inactive|sir plaza has 20 seconds left.
|
|t:|1757192669
|-terastallize|p1a: Basculegion|Dark
|move|p2b: Kingambit|Sucker Punch|p1a: Basculegion
|-resisted|p1a: Basculegion
|-damage|p1a: Basculegion|70/100
|move|p1a: Basculegion|Flip Turn|p2a: Talonflame
|-supereffective|p2a: Talonflame
|-damage|p2a: Talonflame|7/100
|
|t:|1757192677
|switch|p1a: Archaludon|Archaludon, L50, F|100/100|[from] Flip Turn
|move|p2a: Talonflame|Will-O-Wisp|p1b: Annihilape
|-status|p1b: Annihilape|brn
|move|p1b: Annihilape|Drain Punch|p2b: Kingambit
|-supereffective|p2b: Kingambit
|-damage|p2b: Kingambit|46/100
|
|-damage|p1b: Annihilape|95/100 brn|[from] brn
|upkeep
|turn|2
|inactive|VGChris6 has 30 seconds left.
|inactive|sir plaza has 30 seconds left.
|
|t:|1757192711
|move|p1b: Annihilape|Protect|p1b: Annihilape
|-singleturn|p1b: Annihilape|Protect
|move|p2b: Kingambit|Sucker Punch||[still]
|-fail|p2b: Kingambit
|move|p2a: Talonflame|Dual Wingbeat|p1b: Annihilape
|-activate|p1b: Annihilape|move: Protect
|move|p1a: Archaludon|Dragon Pulse|p2a: Talonflame
|-damage|p2a: Talonflame|0 fnt
|faint|p2a: Talonflame
|
|-damage|p1b: Annihilape|89/100 brn|[from] brn
|upkeep
|
|t:|1757192723
|switch|p2a: Sneasler|Sneasler, L50, M|100/100
|turn|3
|inactive|sir plaza has 30 seconds left.
|inactive|sir plaza has 20 seconds left.
|inactive|sir plaza has 15 seconds left.
|
|t:|1757192768
|switch|p2b: Rillaboom|Rillaboom, L50, M|100/100
|-fieldstart|move: Grassy Terrain|[from] ability: Grassy Surge|[of] p2b: Rillaboom
|-enditem|p2a: Sneasler|Grassy Seed
|-boost|p2a: Sneasler|def|1|[from] item: Grassy Seed
|-terastallize|p2a: Sneasler|Stellar
|move|p2a: Sneasler|Close Combat|p1a: Archaludon
|-supereffective|p1a: Archaludon
|-ability|p1a: Archaludon|Sturdy
|-damage|p1a: Archaludon|1/100
|-unboost|p2a: Sneasler|def|1
|-unboost|p2a: Sneasler|spd|1
|move|p1a: Archaludon|Electro Shot||[still]
|-prepare|p1a: Archaludon|Electro Shot
|-boost|p1a: Archaludon|spa|1
|-enditem|p1a: Archaludon|Power Herb
|-anim|p1a: Archaludon|Electro Shot|p2a: Sneasler
|-damage|p2a: Sneasler|0 fnt
|faint|p2a: Sneasler
|move|p1b: Annihilape|Drain Punch|p2b: Rillaboom
|-damage|p2b: Rillaboom|85/100
|-heal|p1b: Annihilape|96/100 brn|[from] drain|[of] p2b: Rillaboom
|
|-heal|p1a: Archaludon|7/100|[from] Grassy Terrain
|-heal|p1b: Annihilape|100/100 brn|[from] Grassy Terrain
|-heal|p2b: Rillaboom|90/100|[from] Grassy Terrain
|-damage|p1b: Annihilape|95/100 brn|[from] brn
|upkeep
|inactive|sir plaza has 30 seconds left.
|
|t:|1757192798
|switch|p2a: Kingambit|Kingambit, L50, M|46/100
|turn|4
|
|t:|1757192814
|switch|p1a: Whimsicott|Whimsicott, L50, M|100/100
|move|p2b: Rillaboom|Fake Out|p1a: Whimsicott
|-damage|p1a: Whimsicott|83/100
|move|p2a: Kingambit|Sucker Punch||[still]
|-fail|p2a: Kingambit
|move|p1b: Annihilape|Bulk Up|p1b: Annihilape
|-boost|p1b: Annihilape|atk|1
|-boost|p1b: Annihilape|def|1
|
|-heal|p1a: Whimsicott|89/100|[from] Grassy Terrain
|-heal|p1b: Annihilape|100/100 brn|[from] Grassy Terrain
|-heal|p2b: Rillaboom|96/100|[from] Grassy Terrain
|-heal|p2a: Kingambit|52/100|[from] Grassy Terrain
|-damage|p1b: Annihilape|95/100 brn|[from] brn
|upkeep
|turn|5
|
|t:|1757192834
|move|p1a: Whimsicott|Encore|p2b: Rillaboom
|-start|p2b: Rillaboom|Encore
|move|p2a: Kingambit|Sucker Punch|p1b: Annihilape
|-damage|p1b: Annihilape|71/100 brn
|move|p1b: Annihilape|Drain Punch|p2a: Kingambit
|-supereffective|p2a: Kingambit
|-damage|p2a: Kingambit|0 fnt
|-heal|p1b: Annihilape|93/100 brn|[from] drain|[of] p2a: Kingambit
|faint|p2a: Kingambit
|move|p2b: Rillaboom|Fake Out||[still]
|-hint|Fake Out only works on your first turn out.
|-fail|p2b: Rillaboom
|
|-heal|p1a: Whimsicott|95/100|[from] Grassy Terrain
|-heal|p1b: Annihilape|99/100 brn|[from] Grassy Terrain
|-heal|p2b: Rillaboom|100/100|[from] Grassy Terrain
|-damage|p1b: Annihilape|93/100 brn|[from] brn
|upkeep
|turn|6
|-message|sir plaza forfeited.
|raw|VGChris6's rating: 1000 → 1050(+50 for winning)
|raw|sir plaza's rating: 1093 → 1063(-30 for losing)
|
|win|VGChris6
