|j|☆AirBloom
|j|☆raksbach
|html|AirBloomraksbach    
|uhtml|bestof|Game 2 of a best-of-3
|t:|1783345848
|gametype|doubles
|player|p1|AirBloom|sabrina|1205
|player|p2|raksbach|102|1264
|gen|9
|tier|[Gen 9 Champions] VGC 2026 Reg M-B (Bo3)
|rated|
|rule|Species Clause: Limit one of each Pokémon
|rule|Item Clause: Limit 1 of each item
|clearpoke
|poke|p1|Pelipper, L50, F|
|poke|p1|Archaludon, L50, M|
|poke|p1|Raichu, L50, F|
|poke|p1|Basculegion, L50, M|
|poke|p1|Venusaur, L50, M|
|poke|p1|Grimmsnarl, L50, M, shiny|
|poke|p2|Incineroar, L50, M|
|poke|p2|Maushold, L50|
|poke|p2|Sinistcha, L50|
|poke|p2|Sneasler, L50, M|
|poke|p2|Blastoise, L50, M|
|poke|p2|Delphox, L50, M|
|teampreview|4
|showteam|p1|Pelipper||SitrusBerry|Drizzle|Hurricane,WeatherBall,Tailwind,WideGuard|Timid||F|||50|]Archaludon||Leftovers|Stamina|DragonPulse,FlashCannon,ElectroShot,Protect|Modest||M|||50|]Raichu||RaichuniteY|LightningRod|FakeOut,PlayRough,ZapCannon,VoltSwitch|Timid||F|||50|]Basculegion||ChoiceScarf|Adaptability|LastRespects,WaveCrash,FlipTurn,AquaJet|Jolly||M|||50|]Venusaur||Venusaurite|Overgrow|GigaDrain,Protect,LeechSeed,SludgeBomb|Modest||M|||50|]Grimmsnarl||LightClay|Prankster|Reflect,LightScreen,PartingShot,SpiritBreak|Careful||M|||50|
|showteam|p2|Incineroar||SitrusBerry|Intimidate|FakeOut,FlareBlitz,DarkestLariat,PartingShot|Impish||M|||50|]Maushold||ChopleBerry|FriendGuard|SuperFang,Feint,FollowMe,Protect|Impish|||||50|]Sinistcha||OccaBerry|Hospitality|MatchaGotcha,LifeDew,RagePowder,Protect|Bold|||||50|]Sneasler||FocusSash|PoisonTouch|FakeOut,CloseCombat,DireClaw,QuickGuard|Jolly||M|||50|]Blastoise||Blastoisinite|Torrent|WaterSpout,DarkPulse,ShellSmash,Protect|Modest||M|||50|]Delphox||Delphoxite|Blaze|HeatWave,Psychic,NastyPlot,Protect|Timid||M|||50|
|inactive|Battle timer is ON: inactive players will automatically lose when time's up. (requested by raksbach)
|inactive|AirBloom has 60 seconds left.
|
|t:|1783345894
|teamsize|p1|4
|teamsize|p2|4
|start
|switch|p1a: Grimmsnarl|Grimmsnarl, L50, M, shiny|100/100
|switch|p1b: Basculegion|Basculegion, L50, M|100/100
|switch|p2a: Delphox|Delphox, L50, M|100/100
|switch|p2b: Maushold|Maushold, L50|100/100
|turn|1
|
|t:|1783345910
|detailschange|p2a: Delphox|Delphox-Mega, L50, M
|-mega|p2a: Delphox|Delphox|Delphoxite
|move|p2b: Maushold|Follow Me|p2b: Maushold
|-singleturn|p2b: Maushold|move: Follow Me
|move|p1a: Grimmsnarl|Light Screen|p1a: Grimmsnarl
|-sidestart|p1: AirBloom|move: Light Screen
|move|p1b: Basculegion|Wave Crash|p2b: Maushold
|-damage|p2b: Maushold|37/100
|-damage|p1b: Basculegion|80/100|[from] Recoil
|move|p2a: Delphox|Nasty Plot|p2a: Delphox
|-boost|p2a: Delphox|spa|2
|
|upkeep
|turn|2
|inactive|AirBloom has 30 seconds left.
|
|t:|1783345945
|move|p2b: Maushold|Follow Me|p2b: Maushold
|-singleturn|p2b: Maushold|move: Follow Me
|move|p1a: Grimmsnarl|Parting Shot|p2b: Maushold
|-unboost|p2b: Maushold|atk|1
|-unboost|p2b: Maushold|spa|1
|
|t:|1783345952
|switch|p1a: Pelipper|Pelipper, L50, F|100/100|[from] Parting Shot
|-weather|RainDance|[from] ability: Drizzle|[of] p1a: Pelipper
|move|p1b: Basculegion|Wave Crash|p2b: Maushold
|-damage|p2b: Maushold|0 fnt
|faint|p2b: Maushold
|-damage|p1b: Basculegion|69/100|[from] Recoil
|move|p2a: Delphox|Psychic|p1b: Basculegion
|-damage|p1b: Basculegion|0 fnt
|faint|p1b: Basculegion
|
|-weather|RainDance|[upkeep]
|upkeep
|
|t:|1783345965
|switch|p1b: Venusaur|Venusaur, L50, M|100/100
|switch|p2b: Sneasler|Sneasler, L50, M|100/100
|turn|3
|
|t:|1783345982
|switch|p1a: Grimmsnarl|Grimmsnarl, L50, M, shiny|100/100
|detailschange|p1b: Venusaur|Venusaur-Mega, L50, M
|-mega|p1b: Venusaur|Venusaur|Venusaurite
|move|p1b: Venusaur|Protect|p1b: Venusaur
|-singleturn|p1b: Venusaur|Protect
|move|p2b: Sneasler|Fake Out|p1a: Grimmsnarl
|-damage|p1a: Grimmsnarl|83/100
|move|p2a: Delphox|Psychic|p1b: Venusaur
|-activate|p1b: Venusaur|move: Protect
|
|-weather|RainDance|[upkeep]
|upkeep
|turn|4
|inactive|AirBloom has 30 seconds left.
|inactive|AirBloom has 20 seconds left.
|inactive|AirBloom has 15 seconds left.
|
|t:|1783346029
|move|p2a: Delphox|Protect|p2a: Delphox
|-singleturn|p2a: Delphox|Protect
|move|p1a: Grimmsnarl|Reflect|p1a: Grimmsnarl
|-sidestart|p1: AirBloom|Reflect
|move|p2b: Sneasler|Dire Claw|p1a: Grimmsnarl
|-supereffective|p1a: Grimmsnarl|1
|-damage|p1a: Grimmsnarl|21/100
|-status|p1a: Grimmsnarl|slp
|move|p1b: Venusaur|Leech Seed|p2b: Sneasler
|-start|p2b: Sneasler|move: Leech Seed
|
|-weather|RainDance|[upkeep]
|-damage|p2b: Sneasler|87/100|[from] Leech Seed|[of] p1b: Venusaur
|upkeep
|turn|5
|inactive|raksbach has 30 seconds left.
|
|t:|1783346059
|switch|p2b: Sinistcha|Sinistcha, L50|100/100
|move|p1b: Venusaur|Protect|p1b: Venusaur
|-singleturn|p1b: Venusaur|Protect
|cant|p1a: Grimmsnarl|slp
|move|p2a: Delphox|Psychic|p1b: Venusaur
|-activate|p1b: Venusaur|move: Protect
|
|-weather|RainDance|[upkeep]
|upkeep
|turn|6
|
|t:|1783346073
|move|p2b: Sinistcha|Rage Powder|p2b: Sinistcha
|-singleturn|p2b: Sinistcha|move: Rage Powder
|-curestatus|p1a: Grimmsnarl|slp|[msg]
|move|p1a: Grimmsnarl|Parting Shot|p2b: Sinistcha
|-unboost|p2b: Sinistcha|atk|1
|-unboost|p2b: Sinistcha|spa|1
|
|t:|1783346077
|switch|p1a: Pelipper|Pelipper, L50, F|100/100|[from] Parting Shot
|move|p2a: Delphox|Psychic|p1b: Venusaur
|-supereffective|p1b: Venusaur|1
|-damage|p1b: Venusaur|0 fnt
|faint|p1b: Venusaur
|
|-weather|none
|upkeep
|-message|AirBloom forfeited.
|
|win|raksbach
