|j|☆Cesar hacker toons
|j|☆Colonelpaco
|html|Cesar hacker toonsColonelpaco    
|uhtml|bestof|Game 3 of a best-of-3
|t:|1757632983
|gametype|doubles
|player|p1|Cesar hacker toons|swimmerf|1061
|player|p2|Colonelpaco|266|1069
|gen|9
|tier|[Gen 9] VGC 2025 Reg H (Bo3)
|rated|
|rule|Species Clause: Limit one of each Pokémon
|rule|Item Clause: Limit 1 of each item
|clearpoke
|poke|p1|Pelipper, L50, M|
|poke|p1|Ludicolo, L50, M|
|poke|p1|Farigiraf, L50, M|
|poke|p1|Ambipom, L50, M|
|poke|p1|Rillaboom, L50, M|
|poke|p1|Gholdengo, L50|
|poke|p2|Sneasler, L50, M|
|poke|p2|Dragapult, L50, M|
|poke|p2|Primarina, L50, F|
|poke|p2|Rillaboom, L50, F|
|poke|p2|Kingambit, L50, F|
|poke|p2|Magmar, L50, M|
|teampreview|4
|showteam|p1|Pelipper||CovertCloak|Drizzle|Tailwind,Uturn,Hurricane,Protect|||M|||50|,,,,,Grass]Ludicolo||LifeOrb|SwiftSwim|WeatherBall,IceBeam,GigaDrain,Protect|||M|||50|,,,,,Stellar]Farigiraf||MentalHerb|ArmorTail|HyperVoice,TrickRoom,HelpingHand,FoulPlay|||M|||50|,,,,,Dark]Ambipom||ScopeLens|Technician|FakeOut,LastResort|||M|||50|,,,,,Normal]Rillaboom||ClearAmulet|GrassySurge|FakeOut,GrassyGlide,WoodHammer,KnockOff|||M|||50|,,,,,Steel]Gholdengo||ChoiceSpecs|GoodasGold|MakeItRain,ShadowBall,DazzlingGleam,PowerGem||||||50|,,,,,Steel
|showteam|p2|Sneasler||FocusSash|Unburden|CloseCombat,DireClaw,FakeOut,Protect|||M|||50|,,,,,Stellar]Dragapult||ChoiceBand|ClearBody|DragonDarts,TeraBlast,PhantomForce,Uturn|||M|||50|,,,,,Ghost]Primarina||SitrusBerry|LiquidVoice|HyperVoice,Moonblast,Haze,Protect|||F|||50|,,,,,Water]Rillaboom||AssaultVest|GrassySurge|WoodHammer,GrassyGlide,HighHorsepower,FakeOut|||F|||50|,,,,,Fire]Kingambit||BlackGlasses|Defiant|KowtowCleave,SuckerPunch,SwordsDance,Protect|||F|||50|,,,,,Ghost]Magmar||Eviolite|VitalSpirit|Overheat,WillOWisp,FollowMe,Protect|||M|||50|,,,,,Ghost
|inactive|Battle timer is ON: inactive players will automatically lose when time's up. (requested by Colonelpaco)
|inactive|Colonelpaco has 60 seconds left.
|
|t:|1757633016
|teamsize|p1|4
|teamsize|p2|4
|start
|switch|p1a: Pelipper|Pelipper, L50, M|100/100
|switch|p1b: Gholdengo|Gholdengo, L50|100/100
|switch|p2a: Kingambit|Kingambit, L50, F|100/100
|switch|p2b: Dragapult|Dragapult, L50, M|100/100
|-weather|RainDance|[from] ability: Drizzle|[of] p1a: Pelipper
|turn|1
|inactive|Cesar hacker toons has 30 seconds left.
|inactive|Cesar hacker toons has 20 seconds left.
|
|t:|1757633054
|switch|p1b: Rillaboom|Rillaboom, L50, M|100/100
|-fieldstart|move: Grassy Terrain|[from] ability: Grassy Surge|[of] p1b: Rillaboom
|move|p2b: Dragapult|Dragon Darts|p1b: Rillaboom
|-crit|p1b: Rillaboom
|-damage|p1b: Rillaboom|49/100
|-anim|p2b: Dragapult|Dragon Darts|p1a: Pelipper
|-damage|p1a: Pelipper|58/100
|move|p1a: Pelipper|Tailwind|p1a: Pelipper
|-sidestart|p1: Cesar hacker toons|move: Tailwind
|move|p2a: Kingambit|Swords Dance|p2a: Kingambit
|-boost|p2a: Kingambit|atk|2
|
|-weather|RainDance|[upkeep]
|-heal|p1b: Rillaboom|55/100|[from] Grassy Terrain
|upkeep
|turn|2
|
|t:|1757633076
|move|p2a: Kingambit|Protect|p2a: Kingambit
|-singleturn|p2a: Kingambit|Protect
|move|p1b: Rillaboom|Knock Off|p2a: Kingambit
|-activate|p2a: Kingambit|move: Protect
|move|p2b: Dragapult|Dragon Darts|p1a: Pelipper
|-damage|p1a: Pelipper|16/100
|-anim|p2b: Dragapult|Dragon Darts|p1b: Rillaboom
|-damage|p1b: Rillaboom|19/100
|move|p1a: Pelipper|Hurricane|p2b: Dragapult
|-damage|p2b: Dragapult|45/100
|-start|p2b: Dragapult|confusion
|
|-weather|RainDance|[upkeep]
|-heal|p1b: Rillaboom|25/100|[from] Grassy Terrain
|-heal|p2b: Dragapult|51/100|[from] Grassy Terrain
|upkeep
|turn|3
|
|t:|1757633096
|switch|p2b: Primarina|Primarina, L50, F|100/100
|move|p2a: Kingambit|Sucker Punch|p1b: Rillaboom
|-damage|p1b: Rillaboom|0 fnt
|faint|p1b: Rillaboom
|move|p1a: Pelipper|U-turn|p2a: Kingambit
|-damage|p2a: Kingambit|93/100
|
|t:|1757633104
|switch|p1a: Ludicolo|Ludicolo, L50, M|100/100|[from] U-turn
|
|-weather|RainDance|[upkeep]
|-heal|p2a: Kingambit|99/100|[from] Grassy Terrain
|upkeep
|
|t:|1757633111
|switch|p1b: Gholdengo|Gholdengo, L50|100/100
|turn|4
|
|t:|1757633135
|-terastallize|p1a: Ludicolo|Stellar
|move|p2b: Primarina|Protect|p2b: Primarina
|-singleturn|p2b: Primarina|Protect
|move|p1a: Ludicolo|Weather Ball|p2a: Kingambit
|-damage|p2a: Kingambit|0 fnt
|faint|p2a: Kingambit
|-damage|p1a: Ludicolo|91/100|[from] item: Life Orb
|move|p1b: Gholdengo|Make It Rain|p2b: Primarina
|-activate|p2b: Primarina|move: Protect
|
|-weather|RainDance|[upkeep]
|-heal|p1a: Ludicolo|97/100|[from] Grassy Terrain
|-sideend|p1: Cesar hacker toons|move: Tailwind
|upkeep
|
|t:|1757633149
|switch|p2a: Dragapult|Dragapult, L50, M|51/100
|turn|5
|
|t:|1757633160
|-terastallize|p2b: Primarina|Water
|move|p1a: Ludicolo|Ice Beam|p2a: Dragapult
|-supereffective|p2a: Dragapult
|-damage|p2a: Dragapult|0 fnt
|faint|p2a: Dragapult
|-damage|p1a: Ludicolo|87/100|[from] item: Life Orb
|move|p1b: Gholdengo|Make It Rain|p2b: Primarina
|-resisted|p2b: Primarina
|-damage|p2b: Primarina|61/100
|-unboost|p1b: Gholdengo|spa|1
|move|p2b: Primarina|Hyper Voice|p1a: Ludicolo|[spread] p1a,p1b
|-resisted|p1a: Ludicolo
|-damage|p1a: Ludicolo|70/100
|-damage|p1b: Gholdengo|20/100
|
|-weather|none
|-heal|p1a: Ludicolo|76/100|[from] Grassy Terrain
|-heal|p1b: Gholdengo|26/100|[from] Grassy Terrain
|-heal|p2b: Primarina|67/100|[from] Grassy Terrain
|-fieldend|move: Grassy Terrain
|upkeep
|
|t:|1757633176
|switch|p2a: Rillaboom|Rillaboom, L50, F|100/100
|-fieldstart|move: Grassy Terrain|[from] ability: Grassy Surge|[of] p2a: Rillaboom
|turn|6
|
|t:|1757633196
|move|p1a: Ludicolo|Protect|p1a: Ludicolo
|-singleturn|p1a: Ludicolo|Protect
|move|p2a: Rillaboom|Fake Out|p1a: Ludicolo
|-activate|p1a: Ludicolo|move: Protect
|move|p1b: Gholdengo|Make It Rain|p2b: Primarina|[spread] p2a,p2b
|-resisted|p2b: Primarina
|-damage|p2a: Rillaboom|65/100
|-damage|p2b: Primarina|47/100
|-unboost|p1b: Gholdengo|spa|1
|-enditem|p2b: Primarina|Sitrus Berry|[eat]
|-heal|p2b: Primarina|72/100|[from] item: Sitrus Berry
|move|p2b: Primarina|Hyper Voice|p1b: Gholdengo|[spread] p1b
|-activate|p1a: Ludicolo|move: Protect
|-damage|p1b: Gholdengo|0 fnt
|faint|p1b: Gholdengo
|
|-heal|p2a: Rillaboom|72/100|[from] Grassy Terrain
|-heal|p1a: Ludicolo|82/100|[from] Grassy Terrain
|-heal|p2b: Primarina|78/100|[from] Grassy Terrain
|upkeep
|
|t:|1757633210
|switch|p1b: Pelipper|Pelipper, L50, M|16/100
|-weather|RainDance|[from] ability: Drizzle|[of] p1b: Pelipper
|turn|7
|
|t:|1757633230
|move|p1b: Pelipper|Protect|p1b: Pelipper
|-singleturn|p1b: Pelipper|Protect
|move|p2b: Primarina|Protect|p2b: Primarina
|-singleturn|p2b: Primarina|Protect
|move|p2a: Rillaboom|Grassy Glide|p1a: Ludicolo
|-damage|p1a: Ludicolo|27/100
|move|p1a: Ludicolo|Giga Drain|p2b: Primarina
|-activate|p2b: Primarina|move: Protect
|
|-weather|RainDance|[upkeep]
|-heal|p1a: Ludicolo|33/100|[from] Grassy Terrain
|-heal|p2a: Rillaboom|78/100|[from] Grassy Terrain
|-heal|p2b: Primarina|84/100|[from] Grassy Terrain
|upkeep
|turn|8
|
|t:|1757633250
|move|p2a: Rillaboom|Grassy Glide|p1a: Ludicolo
|-damage|p1a: Ludicolo|0 fnt
|faint|p1a: Ludicolo
|move|p1b: Pelipper|Hurricane|p2a: Rillaboom
|-supereffective|p2a: Rillaboom
|-damage|p2a: Rillaboom|13/100
|move|p2b: Primarina|Hyper Voice|p1b: Pelipper
|-resisted|p1b: Pelipper
|-damage|p1b: Pelipper|0 fnt
|faint|p1b: Pelipper
|
|win|Colonelpaco
|raw|Cesar hacker toons's rating: 1061 → 1042(-19 for losing)
|raw|Colonelpaco's rating: 1069 → 1098(+29 for winning)
|c|☆Colonelpaco|gg
|l|☆Cesar hacker toons
|player|p1|
