|j|☆Kurolax
|j|☆Erikdactyl
|html|KurolaxErikdactyl    
|uhtml|bestof|Game 1 of a best-of-3
|t:|1756316892
|gametype|doubles
|player|p1|Kurolax|266|1005
|player|p2|Erikdactyl|gambler|1047
|gen|9
|tier|[Gen 9] VGC 2025 Reg H (Bo3)
|rated|
|rule|Species Clause: Limit one of each Pokémon
|rule|Item Clause: Limit 1 of each item
|clearpoke
|poke|p1|Volcarona, L50, M|
|poke|p1|Tyranitar, L50, M|
|poke|p1|Rillaboom, L50, F|
|poke|p1|Primarina, L50, F|
|poke|p1|Sneasler, L50, M|
|poke|p1|Dragonite, L50, M|
|poke|p2|Dragonite, L50, F|
|poke|p2|Gholdengo, L50|
|poke|p2|Incineroar, L50, M|
|poke|p2|Gastrodon-East, L50, M|
|poke|p2|Amoonguss, L50, M|
|poke|p2|Ninetales-Alola, L50, M|
|teampreview|4
|showteam|p1|Volcarona||GrassySeed|FlameBody|QuiverDance,HeatWave,TeraBlast,BugBuzz|||M|||50|,,,,,Fairy]Tyranitar||AssaultVest|SandStream|RockSlide,KnockOff,TeraBlast,LowKick|||M|||50|,,,,,Flying]Rillaboom||MiracleSeed|GrassySurge|WoodHammer,Uturn,GrassyGlide,FakeOut|||F|||50|,,,,,Grass]Primarina||SitrusBerry|LiquidVoice|HyperVoice,Moonblast,CalmMind,Protect|||F|||50|,,,,,Poison]Sneasler||WhiteHerb|Unburden|DireClaw,FakeOut,ThroatChop,CloseCombat|||M|||50|,,,,,Dark]Dragonite||ClearAmulet|Multiscale|Tailwind,Haze,StompingTantrum,ExtremeSpeed|||M|||50|,,,,,Normal
|showteam|p2|Dragonite||LoadedDice|Multiscale|ScaleShot,ExtremeSpeed,Haze,Protect|||F|||50|,,,,,Fairy]Gholdengo||LifeOrb|GoodasGold|MakeItRain,ShadowBall,NastyPlot,Protect||||||50|,,,,,Water]Incineroar||SafetyGoggles|Intimidate|FakeOut,KnockOff,PartingShot,FlareBlitz|||M|||50|,,,,,Ghost]Gastrodon-East||CovertCloak|StormDrain|IceBeam,EarthPower,Recover,Protect|||M|||50|,,,,,Fairy]Amoonguss||SitrusBerry|Regenerator|RagePowder,Spore,ClearSmog,PollenPuff|||M|||50|,,,,,Water]Ninetales-Alola||LightClay|SnowWarning|Blizzard,Moonblast,AuroraVeil,Protect|||M|||50|,,,,,Ground
|
|t:|1756316915
|teamsize|p1|4
|teamsize|p2|4
|start
|switch|p1a: Sneasler|Sneasler, L50, M|100/100
|switch|p1b: Dragonite|Dragonite, L50, M|100/100
|switch|p2a: Incineroar|Incineroar, L50, M|100/100
|switch|p2b: Ninetales|Ninetales-Alola, L50, M|100/100
|-weather|Snowscape|[from] ability: Snow Warning|[of] p2b: Ninetales
|-ability|p2a: Incineroar|Intimidate|boost
|-unboost|p1a: Sneasler|atk|1
|-fail|p1b: Dragonite|unboost|[from] item: Clear Amulet|[of] p1b: Dragonite
|-enditem|p1a: Sneasler|White Herb
|-clearnegativeboost|p1a: Sneasler|[silent]
|turn|1
|
|t:|1756316942
|move|p2b: Ninetales|Protect|p2b: Ninetales
|-singleturn|p2b: Ninetales|Protect
|move|p1a: Sneasler|Fake Out|p2a: Incineroar
|-damage|p2a: Incineroar|84/100
|cant|p2a: Incineroar|flinch
|move|p1b: Dragonite|Stomping Tantrum|p2b: Ninetales
|-activate|p2b: Ninetales|move: Protect
|
|-weather|Snowscape|[upkeep]
|upkeep
|turn|2
|
|t:|1756316970
|move|p1a: Sneasler|Close Combat|p2a: Incineroar
|-supereffective|p2a: Incineroar
|-damage|p2a: Incineroar|0 fnt
|-unboost|p1a: Sneasler|def|1
|-unboost|p1a: Sneasler|spd|1
|faint|p2a: Incineroar
|move|p2b: Ninetales|Aurora Veil|p2b: Ninetales
|-sidestart|p2: Erikdactyl|move: Aurora Veil
|move|p1b: Dragonite|Stomping Tantrum|p2b: Ninetales
|-damage|p2b: Ninetales|80/100
|
|-weather|Snowscape|[upkeep]
|upkeep
|
|t:|1756316983
|switch|p2a: Gholdengo|Gholdengo, L50|100/100
|turn|3
|
|t:|1756316990
|switch|p1a: Tyranitar|Tyranitar, L50, M|100/100
|-weather|Sandstorm|[from] ability: Sand Stream|[of] p1a: Tyranitar
|move|p2b: Ninetales|Blizzard|p1a: Tyranitar|[spread] p1b
|-miss|p2b: Ninetales|p1a: Tyranitar
|-supereffective|p1b: Dragonite
|-damage|p1b: Dragonite|41/100
|move|p2a: Gholdengo|Nasty Plot|p2a: Gholdengo
|-boost|p2a: Gholdengo|spa|2
|move|p1b: Dragonite|Tailwind|p1b: Dragonite
|-sidestart|p1: Kurolax|move: Tailwind
|
|-weather|Sandstorm|[upkeep]
|-damage|p1b: Dragonite|35/100|[from] Sandstorm
|-damage|p2b: Ninetales|74/100|[from] Sandstorm
|upkeep
|turn|4
|
|t:|1756317018
|switch|p2b: Dragonite|Dragonite, L50, F|100/100
|move|p2a: Gholdengo|Protect|p2a: Gholdengo
|-singleturn|p2a: Gholdengo|Protect
|move|p1b: Dragonite|Stomping Tantrum|p2a: Gholdengo
|-activate|p2a: Gholdengo|move: Protect
|move|p1a: Tyranitar|Knock Off|p2a: Gholdengo
|-activate|p2a: Gholdengo|move: Protect
|
|-weather|Sandstorm|[upkeep]
|-damage|p1b: Dragonite|29/100|[from] Sandstorm
|-damage|p2b: Dragonite|94/100|[from] Sandstorm
|upkeep
|turn|5
|
|t:|1756317038
|-terastallize|p2a: Gholdengo|Water
|move|p2b: Dragonite|Extreme Speed|p1b: Dragonite
|-damage|p1b: Dragonite|0 fnt
|faint|p1b: Dragonite
|move|p1a: Tyranitar|Knock Off|p2a: Gholdengo
|-damage|p2a: Gholdengo|64/100
|-enditem|p2a: Gholdengo|Life Orb|[from] move: Knock Off|[of] p1a: Tyranitar
|move|p2a: Gholdengo|Make It Rain|p1a: Tyranitar
|-supereffective|p1a: Tyranitar
|-damage|p1a: Tyranitar|19/100
|-unboost|p2a: Gholdengo|spa|1
|
|-weather|Sandstorm|[upkeep]
|-damage|p2a: Gholdengo|58/100|[from] Sandstorm
|-damage|p2b: Dragonite|88/100|[from] Sandstorm
|upkeep
|
|t:|1756317041
|switch|p1b: Sneasler|Sneasler, L50, M|100/100
|turn|6
|
|t:|1756317066
|move|p1b: Sneasler|Fake Out|p2b: Dragonite
|-damage|p2b: Dragonite|79/100
|cant|p2b: Dragonite|flinch
|move|p1a: Tyranitar|Rock Slide|p2a: Gholdengo|[spread] p2a,p2b
|-supereffective|p2b: Dragonite
|-damage|p2a: Gholdengo|35/100
|-damage|p2b: Dragonite|44/100
|move|p2a: Gholdengo|Make It Rain|p1a: Tyranitar|[spread] p1a,p1b
|-supereffective|p1a: Tyranitar
|-damage|p1a: Tyranitar|0 fnt
|-damage|p1b: Sneasler|1/100
|-unboost|p2a: Gholdengo|spa|1
|faint|p1a: Tyranitar
|
|-weather|Sandstorm|[upkeep]
|-damage|p1b: Sneasler|0 fnt|[from] Sandstorm
|-damage|p2a: Gholdengo|29/100|[from] Sandstorm
|-damage|p2b: Dragonite|38/100|[from] Sandstorm
|faint|p1b: Sneasler
|-sideend|p1: Kurolax|move: Tailwind
|upkeep
|
|t:|1756317080
|switch|p1b: Primarina|Primarina, L50, F|100/100
|turn|7
|
|t:|1756317100
|-terastallize|p1b: Primarina|Poison
|move|p2b: Dragonite|Extreme Speed|p1b: Primarina
|-damage|p1b: Primarina|66/100
|move|p2a: Gholdengo|Shadow Ball|p1b: Primarina
|-damage|p1b: Primarina|33/100
|-enditem|p1b: Primarina|Sitrus Berry|[eat]
|-heal|p1b: Primarina|58/100|[from] item: Sitrus Berry
|move|p1b: Primarina|Calm Mind|p1b: Primarina
|-boost|p1b: Primarina|spa|1
|-boost|p1b: Primarina|spd|1
|
|-weather|none
|upkeep
|turn|8
|
|t:|1756317126
|move|p2a: Gholdengo|Make It Rain|p1b: Primarina
|-damage|p1b: Primarina|20/100
|-unboost|p2a: Gholdengo|spa|1
|move|p2b: Dragonite|Haze|p2b: Dragonite
|-clearallboost
|move|p1b: Primarina|Hyper Voice|p2b: Dragonite|[spread] p2a,p2b
|-resisted|p2a: Gholdengo
|-resisted|p2b: Dragonite
|-damage|p2a: Gholdengo|15/100
|-damage|p2b: Dragonite|28/100
|
|upkeep
|turn|9
|
|t:|1756317140
|move|p2a: Gholdengo|Make It Rain|p1b: Primarina
|-damage|p1b: Primarina|0 fnt
|-unboost|p2a: Gholdengo|spa|1
|faint|p1b: Primarina
|
|win|Erikdactyl
||Kurolax is ready for game 2.
||Erikdactyl is ready for game 2.
|uhtml|next|Next: Game 2 of 3
|l|☆Erikdactyl
|player|p2|
