|j|☆BlackStag52
|j|☆jakejakejake
|html|BlackStag52jakejakejake    
|uhtml|bestof|Game 1 of a best-of-3
|t:|1784084835
|gametype|doubles
|player|p1|BlackStag52|lorelei-gen3|1082
|player|p2|jakejakejake|1|1058
|gen|9
|tier|[Gen 9 Champions] VGC 2026 Reg M-B (Bo3)
|rated|
|rule|Species Clause: Limit one of each Pokémon
|rule|Item Clause: Limit 1 of each item
|clearpoke
|poke|p1|Garchomp, L50, M|
|poke|p1|Eelektross, L50, M|
|poke|p1|Sinistcha, L50|
|poke|p1|Primarina, L50, F|
|poke|p1|Vivillon-High Plains, L50, F|
|poke|p1|Sneasler, L50, F|
|poke|p2|Raichu, L50, F|
|poke|p2|Pelipper, L50, F|
|poke|p2|Whimsicott, L50, M|
|poke|p2|Basculegion, L50, M|
|poke|p2|Incineroar, L50, F|
|poke|p2|Sneasler, L50, F|
|teampreview|4
|showteam|p1|Garchomp||LifeOrb|RoughSkin|DragonClaw,Earthquake,Protect,RockSlide|Impish||M|||50|]Eelektross||Eelektrossite|Levitate|GrassKnot,Thunderbolt,Protect,Flamethrower|Modest||M|||50|]Sinistcha||KasibBerry|Hospitality|MatchaGotcha,RagePowder,TrickRoom,LifeDew|Bold|||||50|]Primarina||FairyFeather|LiquidVoice|DazzlingGleam,EnergyBall,HyperVoice,Protect|Modest||F|||50|]Vivillon-High Plains||FocusSash|FriendGuard|Tailwind,AirSlash,PollenPuff,Protect|Timid||F|||50|]Sneasler||WhiteHerb|Unburden|FakeOut,CloseCombat,DireClaw,Protect|Adamant||F|||50|
|showteam|p2|Raichu||RaichuniteY|LightningRod|ZapCannon,FocusBlast,FakeOut,Protect|Hasty||F|||50|]Pelipper||Leftovers|Drizzle|Soak,Tailwind,WideGuard,Hurricane|Impish||F|||50|]Whimsicott||FocusSash|Prankster|FakeTears,Encore,Tailwind,Moonblast|Bold||M|||50|]Basculegion||ChoiceScarf|Adaptability|WaveCrash,LastRespects,FlipTurn,HeadSmash|Jolly||M|||50|]Incineroar||SitrusBerry|Intimidate|FakeOut,FlareBlitz,PartingShot,ThroatChop|Adamant||F|||50|]Sneasler||WhiteHerb|Unburden|CloseCombat,FakeOut,DireClaw,Protect|Adamant||F|||50|
|
|t:|1784084863
|teamsize|p1|4
|teamsize|p2|4
|start
|switch|p1a: Sneasler|Sneasler, L50, F|100/100
|switch|p1b: Vivillon|Vivillon-High Plains, L50, F|100/100
|switch|p2a: Incineroar|Incineroar, L50, F|100/100
|switch|p2b: Pelipper|Pelipper, L50, F|100/100
|-weather|RainDance|[from] ability: Drizzle|[of] p2b: Pelipper
|-ability|p2a: Incineroar|Intimidate|boost
|-unboost|p1a: Sneasler|atk|1
|-unboost|p1b: Vivillon|atk|1
|-enditem|p1a: Sneasler|White Herb
|-clearnegativeboost|p1a: Sneasler|[silent]
|turn|1
|
|t:|1784084887
|move|p1a: Sneasler|Fake Out|p2a: Incineroar
|-damage|p2a: Incineroar|85/100
|cant|p2a: Incineroar|flinch
|move|p1b: Vivillon|Air Slash|p2b: Pelipper
|-damage|p2b: Pelipper|53/100
|move|p2b: Pelipper|Hurricane|p1b: Vivillon
|-supereffective|p1b: Vivillon|1
|-enditem|p1b: Vivillon|Focus Sash
|-damage|p1b: Vivillon|1/100
|
|-weather|RainDance|[upkeep]
|-heal|p2b: Pelipper|59/100|[from] item: Leftovers
|upkeep
|turn|2
|
|t:|1784084911
|switch|p2a: Basculegion|Basculegion, L50, M|100/100
|move|p1a: Sneasler|Close Combat|p2a: Basculegion
|-immune|p2a: Basculegion
|move|p1b: Vivillon|Tailwind|p1b: Vivillon
|-sidestart|p1: BlackStag52|move: Tailwind
|move|p2b: Pelipper|Tailwind|p2b: Pelipper
|-sidestart|p2: jakejakejake|move: Tailwind
|
|-weather|RainDance|[upkeep]
|-heal|p2b: Pelipper|65/100|[from] item: Leftovers
|upkeep
|turn|3
|
|t:|1784084934
|move|p1a: Sneasler|Close Combat|p2b: Pelipper
|-resisted|p2b: Pelipper|1
|-damage|p2b: Pelipper|40/100
|-unboost|p1a: Sneasler|def|1
|-unboost|p1a: Sneasler|spd|1
|move|p2a: Basculegion|Flip Turn|p1b: Vivillon
|-damage|p1b: Vivillon|0 fnt
|faint|p1b: Vivillon
|
|t:|1784084943
|switch|p2a: Raichu|Raichu, L50, F|100/100|[from] Flip Turn
|move|p2b: Pelipper|Hurricane|p1a: Sneasler
|-supereffective|p1a: Sneasler|1
|-damage|p1a: Sneasler|0 fnt
|faint|p1a: Sneasler
|
|-weather|RainDance|[upkeep]
|-heal|p2b: Pelipper|46/100|[from] item: Leftovers
|upkeep
|
|t:|1784084949
|switch|p1a: Eelektross|Eelektross, L50, M|100/100
|switch|p1b: Sinistcha|Sinistcha, L50|100/100
|turn|4
|
|t:|1784084966
|detailschange|p1a: Eelektross|Eelektross-Mega, L50, M
|-mega|p1a: Eelektross|Eelektross|Eelektrossite
|move|p2a: Raichu|Fake Out|p1a: Eelektross
|-damage|p1a: Eelektross|90/100
|cant|p1a: Eelektross|flinch
|move|p2b: Pelipper|Soak|p1a: Eelektross
|-start|p1a: Eelektross|typechange|Water
|move|p1b: Sinistcha|Trick Room|p1b: Sinistcha
|-fieldstart|move: Trick Room|[of] p1b: Sinistcha
|
|-weather|RainDance|[upkeep]
|-heal|p2b: Pelipper|52/100|[from] item: Leftovers
|upkeep
|turn|5
|
|t:|1784084991
|move|p2b: Pelipper|Wide Guard|p2b: Pelipper
|-singleturn|p2b: Pelipper|Wide Guard
|move|p1b: Sinistcha|Rage Powder|p1b: Sinistcha
|-singleturn|p1b: Sinistcha|move: Rage Powder
|move|p1a: Eelektross|Grass Knot|p2b: Pelipper
|-damage|p2b: Pelipper|25/100
|move|p2a: Raichu|Focus Blast|p1b: Sinistcha
|-immune|p1b: Sinistcha
|
|-weather|none
|-heal|p2b: Pelipper|31/100|[from] item: Leftovers
|-sideend|p2: jakejakejake|move: Tailwind
|-sideend|p1: BlackStag52|move: Tailwind
|upkeep
|turn|6
|l|☆jakejakejake
|player|p2|
|inactive|Battle timer is ON: inactive players will automatically lose when time's up. (requested by BlackStag52)
|inactive|jakejakejake has 30 seconds to reconnect!
|inactive|jakejakejake has 20 seconds to reconnect!
|inactive|jakejakejake has 15 seconds to reconnect!
|inactive|jakejakejake has 10 seconds to reconnect!
|inactive|jakejakejake has 5 seconds to reconnect!
|-message|jakejakejake lost due to inactivity.
|
|win|BlackStag52
|raw|BlackStag52's rating: 1082 → 1108(+26 for winning)
|raw|jakejakejake's rating: 1058 → 1041(-17 for losing)
