|j|☆hartz2112
|j|☆mayor of clowntown
|html|hartz2112mayor of clowntown    
|uhtml|bestof|Game 2 of a best-of-3
|t:|1785376766
|gametype|doubles
|player|p1|hartz2112|101|1164
|player|p2|mayor of clowntown|clown|1084
|gen|9
|tier|[Gen 9 Champions] VGC 2026 Reg M-B (Bo3)
|rated|
|rule|Species Clause: Limit one of each Pokémon
|rule|Item Clause: Limit 1 of each item
|clearpoke
|poke|p1|Tyranitar, L50, F|
|poke|p1|Rotom-Wash, L50|
|poke|p1|Staraptor, L50, M|
|poke|p1|Houndstone, L50, M|
|poke|p1|Venusaur, L50, F|
|poke|p1|Excadrill, L50, F|
|poke|p2|Garchomp, L50, F, shiny|
|poke|p2|Charizard, L50, F, shiny|
|poke|p2|Whimsicott, L50, F|
|poke|p2|Floette-Eternal, L50, F|
|poke|p2|Basculegion, L50, M|
|poke|p2|Kingambit, L50, M, shiny|
|teampreview|4
|showteam|p1|Tyranitar||ChoiceScarf|SandStream|RockSlide,KnockOff,IcePunch,LowKick|Jolly||F|||50|]Rotom-Wash||Magnet|Levitate|Thunderbolt,VoltSwitch,HydroPump,Protect|Serious|||||50|]Staraptor||Staraptite|Intimidate|BraveBird,CloseCombat,Tailwind,Protect|Jolly||M|||50|]Houndstone||SitrusBerry|SandRush|WillOWisp,LastRespects,AllySwitch,Protect|Adamant||M|||50|]Venusaur||Venusaurite|Chlorophyll|SludgeBomb,EarthPower,SleepPowder,Protect|Modest||F|||50|]Excadrill||FocusSash|SandRush|RockSlide,Earthquake,IronHead,Protect|Adamant||F|||50|
|showteam|p2|Garchomp||LifeOrb|RoughSkin|Earthquake,RockSlide,DragonClaw,Protect|Jolly||F|||50|]Charizard||CharizarditeY|Blaze|HeatWave,WeatherBall,SolarBeam,Protect|Modest||F|||50|]Whimsicott||FocusSash|Prankster|Moonblast,Tailwind,Encore,Protect|Timid||F|||50|]Floette-Eternal||Floettite|FlowerVeil|Moonblast,DazzlingGleam,LightofRuin,Protect|Modest||F|||50|]Basculegion||MysticWater|Adaptability|WaveCrash,LastRespects,AquaJet,Protect|Adamant||M|||50|]Kingambit||ChopleBerry|Defiant|KowtowCleave,SuckerPunch,IronHead,LowKick|Adamant||M|||50|
|inactive|Battle timer is ON: inactive players will automatically lose when time's up. (requested by hartz2112)
|inactive|hartz2112 has 60 seconds left.
|inactive|mayor of clowntown has 60 seconds left.
|inactive|mayor of clowntown has 30 seconds left.
|inactive|mayor of clowntown has 20 seconds left.
|inactive|mayor of clowntown has 15 seconds left.
|
|t:|1785376842
|teamsize|p1|4
|teamsize|p2|4
|start
|switch|p1a: Staraptor|Staraptor, L50, M|100/100
|switch|p1b: Excadrill|Excadrill, L50, F|100/100
|switch|p2a: Whimsicott|Whimsicott, L50, F|100/100
|switch|p2b: Charizard|Charizard, L50, F, shiny|100/100
|-ability|p1a: Staraptor|Intimidate|boost
|-unboost|p2a: Whimsicott|atk|1
|-unboost|p2b: Charizard|atk|1
|turn|1
|inactive|hartz2112 has 30 seconds left.
|inactive|mayor of clowntown has 30 seconds left.
|inactive|hartz2112 has 20 seconds left.
|inactive|mayor of clowntown has 20 seconds left.
|inactive|hartz2112 has 15 seconds left.
|inactive|mayor of clowntown has 15 seconds left.
|inactive|hartz2112 has 10 seconds left.
|
|t:|1785376888
|move|p2a: Whimsicott|Protect|p2a: Whimsicott
|-singleturn|p2a: Whimsicott|Protect
|move|p1a: Staraptor|Protect|p1a: Staraptor
|-singleturn|p1a: Staraptor|Protect
|move|p2b: Charizard|Protect|p2b: Charizard
|-singleturn|p2b: Charizard|Protect
|move|p1b: Excadrill|Rock Slide|p2a: Whimsicott|[spread] 
|-activate|p2a: Whimsicott|move: Protect
|-activate|p2b: Charizard|move: Protect
|
|upkeep
|turn|2
|inactive|hartz2112 has 30 seconds left.
|inactive|mayor of clowntown has 30 seconds left.
|inactive|mayor of clowntown has 20 seconds left.
|inactive|mayor of clowntown has 15 seconds left.
|inactive|mayor of clowntown has 10 seconds left.
|inactive|mayor of clowntown has 5 seconds left.
|
|t:|1785376938
|switch|p1a: Rotom|Rotom-Wash, L50|100/100
|switch|p2b: Basculegion|Basculegion, L50, M|100/100
|move|p2a: Whimsicott|Encore||[still]
|-fail|p2a: Whimsicott
|move|p1b: Excadrill|Rock Slide|p2a: Whimsicott|[spread] p2a,p2b
|-damage|p2a: Whimsicott|69/100
|-damage|p2b: Basculegion|74/100
|
|upkeep
|turn|3
|inactive|mayor of clowntown has 30 seconds left.
|inactive|mayor of clowntown has 20 seconds left.
|inactive|mayor of clowntown has 15 seconds left.
|inactive|mayor of clowntown has 10 seconds left.
|
|t:|1785376986
|switch|p2b: Garchomp|Garchomp, L50, F, shiny|100/100
|move|p2a: Whimsicott|Protect|p2a: Whimsicott
|-singleturn|p2a: Whimsicott|Protect
|move|p1b: Excadrill|Iron Head|p2a: Whimsicott
|-activate|p2a: Whimsicott|move: Protect
|move|p1a: Rotom|Thunderbolt|p2b: Garchomp
|-immune|p2b: Garchomp
|
|upkeep
|turn|4
|c|☆hartz2112|nice
|inactive|hartz2112 has 30 seconds left.
|inactive|mayor of clowntown has 30 seconds left.
|
|t:|1785377020
|switch|p2a: Charizard|Charizard, L50, F, shiny|100/100
|switch|p1a: Staraptor|Staraptor, L50, M|100/100
|-ability|p1a: Staraptor|Intimidate|boost
|-unboost|p2a: Charizard|atk|1
|-unboost|p2b: Garchomp|atk|1
|move|p1b: Excadrill|Protect|p1b: Excadrill
|-singleturn|p1b: Excadrill|Protect
|move|p2b: Garchomp|Earthquake|p1a: Staraptor|[spread] 
|-activate|p1b: Excadrill|move: Protect
|-immune|p2a: Charizard
|-immune|p1a: Staraptor
|
|upkeep
|turn|5
|inactive|hartz2112 has 30 seconds left.
|inactive|mayor of clowntown has 30 seconds left.
|inactive|hartz2112 has 20 seconds left.
|inactive|mayor of clowntown has 20 seconds left.
|inactive|mayor of clowntown has 15 seconds left.
|
|t:|1785377062
|switch|p2b: Basculegion|Basculegion, L50, M|74/100
|switch|p1b: Rotom|Rotom-Wash, L50|100/100
|detailschange|p1a: Staraptor|Staraptor-Mega, L50, M
|-mega|p1a: Staraptor|Staraptor|Staraptite
|detailschange|p2a: Charizard|Charizard-Mega-Y, L50, F, shiny
|-mega|p2a: Charizard|Charizard|Charizardite Y
|-weather|SunnyDay|[from] ability: Drought|[of] p2a: Charizard
|move|p1a: Staraptor|Tailwind|p1a: Staraptor
|-sidestart|p1: hartz2112|move: Tailwind
|move|p2a: Charizard|Heat Wave|p1a: Staraptor|[spread] p1a,p1b
|-resisted|p1b: Rotom|1
|-damage|p1a: Staraptor|39/100
|-damage|p1b: Rotom|70/100
|
|-weather|SunnyDay|[upkeep]
|upkeep
|turn|6
|inactive|hartz2112 has 30 seconds left.
|inactive|mayor of clowntown has 30 seconds left.
|inactive|mayor of clowntown has 20 seconds left.
|inactive|hartz2112 has 20 seconds left.
|inactive|mayor of clowntown has 15 seconds left.
|inactive|mayor of clowntown has 10 seconds left.
|
|t:|1785377108
|switch|p2b: Garchomp|Garchomp, L50, F, shiny|100/100
|move|p2a: Charizard|Protect|p2a: Charizard
|-singleturn|p2a: Charizard|Protect
|move|p1a: Staraptor|Brave Bird|p2a: Charizard
|-activate|p2a: Charizard|move: Protect
|move|p1b: Rotom|Thunderbolt|p2b: Garchomp
|-immune|p2b: Garchomp
|
|-weather|SunnyDay|[upkeep]
|upkeep
|turn|7
|inactive|mayor of clowntown has 30 seconds left.
|
|t:|1785377143
|switch|p1a: Tyranitar|Tyranitar, L50, F|100/100
|-weather|Sandstorm|[from] ability: Sand Stream|[of] p1a: Tyranitar
|switch|p2a: Whimsicott|Whimsicott, L50, F|69/100
|move|p1b: Rotom|Thunderbolt|p2a: Whimsicott
|-resisted|p2a: Whimsicott|1
|-damage|p2a: Whimsicott|34/100
|move|p2b: Garchomp|Dragon Claw|p1a: Tyranitar
|-damage|p1a: Tyranitar|48/100
|-damage|p2b: Garchomp|90/100|[from] item: Life Orb
|
|-weather|Sandstorm|[upkeep]
|-damage|p1b: Rotom|64/100|[from] Sandstorm
|-damage|p2a: Whimsicott|28/100|[from] Sandstorm
|upkeep
|turn|8
|inactive|hartz2112 has 30 seconds left.
|inactive|mayor of clowntown has 30 seconds left.
|inactive|hartz2112 has 20 seconds left.
|inactive|hartz2112 has 15 seconds left.
|inactive|hartz2112 has 10 seconds left.
|
|t:|1785377190
|switch|p1a: Staraptor|Staraptor-Mega, L50, M|39/100
|move|p2a: Whimsicott|Protect|p2a: Whimsicott
|-singleturn|p2a: Whimsicott|Protect
|move|p2b: Garchomp|Protect|p2b: Garchomp
|-singleturn|p2b: Garchomp|Protect
|move|p1b: Rotom|Hydro Pump|p2b: Garchomp
|-activate|p2b: Garchomp|move: Protect
|
|-weather|Sandstorm|[upkeep]
|-damage|p1a: Staraptor|33/100|[from] Sandstorm
|-damage|p1b: Rotom|58/100|[from] Sandstorm
|-damage|p2a: Whimsicott|22/100|[from] Sandstorm
|-sideend|p1: hartz2112|move: Tailwind
|upkeep
|turn|9
|inactive|hartz2112 has 30 seconds left.
|inactive|mayor of clowntown has 30 seconds left.
|inactive|hartz2112 has 20 seconds left.
|inactive|mayor of clowntown has 20 seconds left.
|
|t:|1785377229
|move|p2a: Whimsicott|Moonblast|p1a: Staraptor
|-supereffective|p1a: Staraptor|1
|-crit|p1a: Staraptor
|-damage|p1a: Staraptor|0 fnt
|faint|p1a: Staraptor
|move|p2b: Garchomp|Dragon Claw|p1b: Rotom
|-damage|p1b: Rotom|3/100
|-damage|p2b: Garchomp|80/100|[from] item: Life Orb
|move|p1b: Rotom|Hydro Pump|p2b: Garchomp
|-damage|p2b: Garchomp|30/100
|
|-weather|Sandstorm|[upkeep]
|-damage|p2a: Whimsicott|16/100|[from] Sandstorm
|-damage|p1b: Rotom|0 fnt|[from] Sandstorm
|faint|p1b: Rotom
|upkeep
|
|t:|1785377248
|switch|p1a: Excadrill|Excadrill, L50, F|100/100
|switch|p1b: Tyranitar|Tyranitar, L50, F|48/100
|turn|10
|inactive|mayor of clowntown has 30 seconds left.
|
|t:|1785377275
|move|p2a: Whimsicott|Protect|p2a: Whimsicott
|-singleturn|p2a: Whimsicott|Protect
|move|p2b: Garchomp|Protect|p2b: Garchomp
|-singleturn|p2b: Garchomp|Protect
|move|p1a: Excadrill|Earthquake|p2a: Whimsicott|[spread] p1b
|-activate|p2a: Whimsicott|move: Protect
|-activate|p2b: Garchomp|move: Protect
|-supereffective|p1b: Tyranitar|1
|-damage|p1b: Tyranitar|0 fnt
|faint|p1b: Tyranitar
|
|-weather|Sandstorm|[upkeep]
|-damage|p2a: Whimsicott|10/100|[from] Sandstorm
|upkeep
|turn|11
|inactive|mayor of clowntown has 30 seconds left.
|
|t:|1785377296
|switch|p2a: Charizard|Charizard-Mega-Y, L50, F, shiny|100/100
|-weather|SunnyDay|[from] ability: Drought|[of] p2a: Charizard
|move|p2b: Garchomp|Earthquake|p1a: Excadrill|[spread] p1a
|-immune|p2a: Charizard
|-supereffective|p1a: Excadrill|1
|-enditem|p1a: Excadrill|Focus Sash
|-damage|p1a: Excadrill|1/100
|-damage|p2b: Garchomp|20/100y|[from] item: Life Orb
|move|p1a: Excadrill|Earthquake|p2a: Charizard|[spread] p2b
|-immune|p2a: Charizard
|-damage|p2b: Garchomp|0 fnt
|faint|p2b: Garchomp
|
|-weather|SunnyDay|[upkeep]
|upkeep
|inactive|mayor of clowntown has 30 seconds left this turn.
|inactive|mayor of clowntown has 20 seconds left.
|
|t:|1785377311
|switch|p2b: Whimsicott|Whimsicott, L50, F|10/100
|turn|12
|inactive|mayor of clowntown has 20 seconds left this turn.
|inactive|mayor of clowntown has 15 seconds left.
|
|t:|1785377316
|move|p2b: Whimsicott|Tailwind|p2b: Whimsicott
|-sidestart|p2: mayor of clowntown|move: Tailwind
|move|p2a: Charizard|Weather Ball|p1a: Excadrill
|-supereffective|p1a: Excadrill|1
|-damage|p1a: Excadrill|0 fnt
|faint|p1a: Excadrill
|
|win|mayor of clowntown
|inactive|hartz2112 has 30 seconds to confirm battle start!
|inactive|mayor of clowntown has 30 seconds to confirm battle start!
||mayor of clowntown is ready for game 3.
|inactive|hartz2112 has 20 seconds to confirm battle start!
|inactive|hartz2112 has 10 seconds to confirm battle start!
|uhtml|next|Next: Game 3 of 3
|l|☆hartz2112
|player|p1|
