|j|☆kinokoatamakinoko
|j|☆natsukivgc
|html|kinokoatamakinokonatsukivgc    
|uhtml|bestof|Game 3 of a best-of-3
|t:|1785372683
|gametype|doubles
|player|p1|kinokoatamakinoko|1|1219
|player|p2|natsukivgc|1|1246
|gen|9
|tier|[Gen 9 Champions] VGC 2026 Reg M-B (Bo3)
|rated|
|rule|Species Clause: Limit one of each Pokémon
|rule|Item Clause: Limit 1 of each item
|clearpoke
|poke|p1|Blastoise, L50, M|
|poke|p1|Delphox, L50, F|
|poke|p1|Incineroar, L50, F|
|poke|p1|Kingambit, L50, F|
|poke|p1|Sinistcha, L50|
|poke|p1|Sneasler, L50, M|
|poke|p2|Garchomp, L50, M|
|poke|p2|Venusaur, L50, M|
|poke|p2|Incineroar, L50, M|
|poke|p2|Charizard, L50, M|
|poke|p2|Toxapex, L50, M|
|poke|p2|Annihilape, L50, F|
|teampreview|4
|showteam|p1|Blastoise||Blastoisinite|RainDish|WaterSpout,DarkPulse,ShellSmash,Protect|Modest||M|||50|]Delphox||Delphoxite|Blaze|HeatWave,Psyshock,NastyPlot,Protect|Timid||F|||50|]Incineroar||SitrusBerry|Intimidate|FlareBlitz,DarkestLariat,FakeOut,PartingShot|Impish||F|||50|]Kingambit||LifeOrb|Defiant|KowtowCleave,SuckerPunch,SwordsDance,Protect|Adamant||F|||50|]Sinistcha||KasibBerry|Hospitality|MatchaGotcha,RagePowder,LifeDew,Protect|Bold|||||50|]Sneasler||FocusSash|PoisonTouch|DireClaw,CloseCombat,FakeOut,QuickGuard|Jolly||M|||50|
|showteam|p2|Garchomp||ChoiceScarf|RoughSkin|Earthquake,DragonClaw,StompingTantrum,RockSlide|Adamant||M|||50|]Venusaur||LifeOrb|Chlorophyll|SolarBeam,SludgeBomb,EarthPower,Protect|Modest||M|||50|]Incineroar||SitrusBerry|Intimidate|FlareBlitz,ThroatChop,FakeOut,PartingShot|Impish||M|||50|]Charizard||CharizarditeY|Blaze|HeatWave,WeatherBall,HelpingHand,Protect|Modest||M|||50|]Toxapex||Leftovers|Regenerator|Infestation,Toxic,WideGuard,BanefulBunker|Bold||M|||50|]Annihilape||FocusSash|Defiant|CloseCombat,PhantomForce,StealthRock,Protect|Jolly||F|||50|
|inactive|Battle timer is ON: inactive players will automatically lose when time's up. (requested by natsukivgc)
|
|t:|1785372812
|teamsize|p1|4
|teamsize|p2|4
|start
|switch|p1a: Delphox|Delphox, L50, F|100/100
|switch|p1b: Sneasler|Sneasler, L50, M|100/100
|switch|p2a: Annihilape|Annihilape, L50, F|100/100
|switch|p2b: Garchomp|Garchomp, L50, M|100/100
|turn|1
|inactive|natsukivgc has 30 seconds left.
|
|t:|1785372843
|detailschange|p1a: Delphox|Delphox-Mega, L50, F
|-mega|p1a: Delphox|Delphox|Delphoxite
|move|p2b: Garchomp|Rock Slide|p1b: Sneasler|[spread] p1a,p1b
|-supereffective|p1a: Delphox|1
|-resisted|p1b: Sneasler|1
|-damage|p1a: Delphox|54/100
|-damage|p1b: Sneasler|84/100
|move|p1a: Delphox|Psyshock|p2a: Annihilape
|-supereffective|p2a: Annihilape|1
|-damage|p2a: Annihilape|1/100
|move|p1b: Sneasler|Dire Claw|p2a: Annihilape
|-resisted|p2a: Annihilape|1
|-damage|p2a: Annihilape|0 fnt
|faint|p2a: Annihilape
|
|upkeep
|
|t:|1785372860
|switch|p2a: Incineroar|Incineroar, L50, M|100/100
|-ability|p2a: Incineroar|Intimidate|boost
|-unboost|p1a: Delphox|atk|1
|-unboost|p1b: Sneasler|atk|1
|turn|2
|
|t:|1785372869
|switch|p1b: Incineroar|Incineroar, L50, F|100/100
|-ability|p1b: Incineroar|Intimidate|boost
|-unboost|p2a: Incineroar|atk|1
|-unboost|p2b: Garchomp|atk|1
|move|p1a: Delphox|Protect|p1a: Delphox
|-singleturn|p1a: Delphox|Protect
|move|p2b: Garchomp|Rock Slide|p1a: Delphox|[spread] p1b
|-activate|p1a: Delphox|move: Protect
|-supereffective|p1b: Incineroar|1
|-crit|p1b: Incineroar
|-damage|p1b: Incineroar|50/100g
|move|p2a: Incineroar|Throat Chop|p1a: Delphox
|-activate|p1a: Delphox|move: Protect
|
|upkeep
|turn|3
|
|t:|1785372892
|switch|p1a: Sneasler|Sneasler, L50, M|84/100
|move|p2b: Garchomp|Rock Slide|p1a: Sneasler|[spread] p1a,p1b
|-resisted|p1a: Sneasler|1
|-supereffective|p1b: Incineroar|1
|-damage|p1a: Sneasler|71/100
|-damage|p1b: Incineroar|26/100
|-enditem|p1b: Incineroar|Sitrus Berry|[eat]
|-heal|p1b: Incineroar|51/100|[from] item: Sitrus Berry
|move|p1b: Incineroar|Parting Shot|p2b: Garchomp
|-unboost|p2b: Garchomp|atk|1
|-unboost|p2b: Garchomp|spa|1
|
|t:|1785372914
|switch|p1b: Delphox|Delphox-Mega, L50, F|54/100|[from] Parting Shot
|move|p2a: Incineroar|Throat Chop|p1a: Sneasler
|-resisted|p1a: Sneasler|1
|-damage|p1a: Sneasler|55/100
|-start|p1a: Sneasler|Throat Chop|[silent]
|
|upkeep
|turn|4
|
|t:|1785372931
|switch|p2b: Charizard|Charizard, L50, M|100/100
|move|p1a: Sneasler|Fake Out|p2a: Incineroar
|-damage|p2a: Incineroar|89/100
|-status|p2a: Incineroar|psn|[from] ability: Poison Touch|[of] p1a: Sneasler
|move|p1b: Delphox|Psyshock|p2b: Charizard
|-damage|p2b: Charizard|56/100
|cant|p2a: Incineroar|flinch
|
|-damage|p2a: Incineroar|76/100 psn|[from] psn
|-end|p1a: Sneasler|Throat Chop|[silent]
|upkeep
|turn|5
|inactive|kinokoatamakinoko has 30 seconds left.
|inactive|natsukivgc has 30 seconds left.
|inactive|kinokoatamakinoko has 20 seconds left.
|inactive|natsukivgc has 20 seconds left.
|inactive|kinokoatamakinoko has 15 seconds left.
|inactive|natsukivgc has 15 seconds left.
|
|t:|1785372976
|detailschange|p2b: Charizard|Charizard-Mega-Y, L50, M
|-mega|p2b: Charizard|Charizard|Charizardite Y
|-weather|SunnyDay|[from] ability: Drought|[of] p2b: Charizard
|move|p1b: Delphox|Psyshock|p2a: Incineroar
|-immune|p2a: Incineroar
|move|p1a: Sneasler|Close Combat|p2a: Incineroar
|-supereffective|p2a: Incineroar|1
|-damage|p2a: Incineroar|0 fnt
|-unboost|p1a: Sneasler|def|1
|-unboost|p1a: Sneasler|spd|1
|faint|p2a: Incineroar
|move|p2b: Charizard|Heat Wave|p1a: Sneasler|[spread] p1a,p1b
|-resisted|p1b: Delphox|1
|-damage|p1a: Sneasler|0 fnt
|-damage|p1b: Delphox|28/100
|faint|p1a: Sneasler
|
|-weather|SunnyDay|[upkeep]
|upkeep
|
|t:|1785372994
|switch|p1a: Incineroar|Incineroar, L50, F|51/100
|switch|p2a: Garchomp|Garchomp, L50, M|100/100
|-ability|p1a: Incineroar|Intimidate|boost
|-unboost|p2a: Garchomp|atk|1
|-unboost|p2b: Charizard|atk|1
|turn|6
|
|t:|1785373012
|switch|p1a: Sinistcha|Sinistcha, L50|100/100
|-heal|p1b: Delphox|52/100|[from] ability: Hospitality|[of] p1a: Sinistcha
|move|p1b: Delphox|Protect|p1b: Delphox
|-singleturn|p1b: Delphox|Protect
|move|p2a: Garchomp|Rock Slide|p1a: Sinistcha|[spread] p1a
|-activate|p1b: Delphox|move: Protect
|-crit|p1a: Sinistcha
|-damage|p1a: Sinistcha|75/100
|move|p2b: Charizard|Weather Ball|p1a: Sinistcha
|-supereffective|p1a: Sinistcha|1
|-damage|p1a: Sinistcha|0 fnt
|faint|p1a: Sinistcha
|
|-weather|SunnyDay|[upkeep]
|upkeep
|
|t:|1785373026
|switch|p1a: Incineroar|Incineroar, L50, F|51/100
|-ability|p1a: Incineroar|Intimidate|boost
|-unboost|p2a: Garchomp|atk|1
|-unboost|p2b: Charizard|atk|1
|turn|7
|
|t:|1785373036
|move|p1a: Incineroar|Fake Out|p2b: Charizard
|-damage|p2b: Charizard|46/100
|move|p2a: Garchomp|Rock Slide|p1b: Delphox|[spread] p1a,p1b
|-supereffective|p1a: Incineroar|1
|-supereffective|p1b: Delphox|1
|-damage|p1a: Incineroar|35/100
|-damage|p1b: Delphox|24/100
|move|p1b: Delphox|Nasty Plot|p1b: Delphox
|-boost|p1b: Delphox|spa|2
|cant|p2b: Charizard|flinch
|
|-weather|SunnyDay|[upkeep]
|upkeep
|turn|8
|
|t:|1785373052
|move|p2a: Garchomp|Rock Slide|p1a: Incineroar|[spread] p1a
|-miss|p2a: Garchomp|p1b: Delphox
|-supereffective|p1a: Incineroar|1
|-damage|p1a: Incineroar|16/100
|move|p1b: Delphox|Psyshock|p2a: Garchomp
|-damage|p2a: Garchomp|22/100
|move|p2b: Charizard|Heat Wave|p1a: Incineroar|[spread] p1a,p1b
|-resisted|p1a: Incineroar|1
|-resisted|p1b: Delphox|1
|-damage|p1a: Incineroar|0 fnt
|-damage|p1b: Delphox|0 fnt
|faint|p1a: Incineroar
|faint|p1b: Delphox
|
|win|natsukivgc
|raw|kinokoatamakinoko's rating: 1219 → 1196(-23 for losing)
|raw|natsukivgc's rating: 1246 → 1269(+23 for winning)
