|j|☆Radlars
|j|☆Kertoip
|html|RadlarsKertoip    
|uhtml|bestof|Game 2 of a best-of-3
|t:|1782398285
|gametype|doubles
|player|p1|Radlars|265|1028
|player|p2|Kertoip|acetrainer-gen4|1060
|gen|9
|tier|[Gen 9 Champions] VGC 2026 Reg M-B (Bo3)
|rated|
|rule|Species Clause: Limit one of each Pokémon
|rule|Item Clause: Limit 1 of each item
|clearpoke
|poke|p1|Metagross, L50|
|poke|p1|Hydreigon, L50, F|
|poke|p1|Pelipper, L50, F|
|poke|p1|Swampert, L50, F|
|poke|p1|Grimmsnarl, L50, M|
|poke|p1|Milotic, L50, M|
|poke|p2|Metagross, L50|
|poke|p2|Incineroar, L50, F|
|poke|p2|Raichu, L50, F|
|poke|p2|Milotic, L50, M|
|poke|p2|Garchomp, L50, F|
|poke|p2|Mimikyu, L50, F|
|teampreview|4
|showteam|p1|Metagross||Metagrossite|ClearBody|PsychicFangs,RockSlide,IronHead,Protect|Adamant|||||50|]Hydreigon||LifeOrb|Levitate|HeatWave,DarkPulse,DracoMeteor,Protect|Modest||F|||50|]Pelipper||SitrusBerry|Drizzle|Hurricane,WeatherBall,Protect,WideGuard|Modest||F|||50|]Swampert||Swampertite|Damp|WaveCrash,Protect,Earthquake,IcePunch|Adamant||F|||50|]Grimmsnarl||LightClay|Prankster|SpiritBreak,LightScreen,Reflect,PartingShot|Brave||M|||50|]Milotic||Leftovers|Competitive|Scald,IcyWind,Protect,LifeDew|Modest||M|||50|
|showteam|p2|Metagross||Metagrossite|ClearBody|Protect,BulletPunch,PsychicFangs,StompingTantrum|Jolly|||||50|]Incineroar||ExpertBelt|Intimidate|FlareBlitz,CloseCombat,DarkestLariat,FakeOut|Adamant||F|||50|]Raichu||RaichuniteX|Static|VoltTackle,VoltSwitch,FakeOut,BrickBreak|Jolly||F|||50|]Milotic||Leftovers|Competitive|Scald,IceBeam,Substitute,Protect|Modest||M|||50|]Garchomp||LifeOrb|RoughSkin|RockSlide,DragonClaw,Protect,Earthquake|Jolly||F|||50|]Mimikyu||MentalHerb|Disguise|TrickRoom,WillOWisp,Taunt,ShadowClaw|Impish||F|||50|
|
|t:|1782398324
|teamsize|p1|4
|teamsize|p2|4
|start
|switch|p1a: Grimmsnarl|Grimmsnarl, L50, M|100/100
|switch|p1b: Swampert|Swampert, L50, F|100/100
|switch|p2a: Mimikyu|Mimikyu, L50, F|100/100
|switch|p2b: Raichu|Raichu, L50, F|100/100
|turn|1
|
|t:|1782398363
|switch|p1a: Pelipper|Pelipper, L50, F|100/100
|-weather|RainDance|[from] ability: Drizzle|[of] p1a: Pelipper
|detailschange|p2b: Raichu|Raichu-Mega-X, L50, F
|-mega|p2b: Raichu|Raichu|Raichunite X
|-fieldstart|move: Electric Terrain|[from] ability: Electric Surge|[of] p2b: Raichu
|detailschange|p1b: Swampert|Swampert-Mega, L50, F
|-mega|p1b: Swampert|Swampert|Swampertite
|move|p2b: Raichu|Fake Out|p1b: Swampert
|-damage|p1b: Swampert|89/100
|cant|p1b: Swampert|flinch
|move|p2a: Mimikyu|Trick Room|p2a: Mimikyu
|-fieldstart|move: Trick Room|[of] p2a: Mimikyu
|
|-weather|RainDance|[upkeep]
|upkeep
|turn|2
|
|t:|1782398392
|switch|p1b: Grimmsnarl|Grimmsnarl, L50, M|100/100
|move|p1a: Pelipper|Protect|p1a: Pelipper
|-singleturn|p1a: Pelipper|Protect
|move|p2a: Mimikyu|Will-O-Wisp|p1b: Grimmsnarl
|-status|p1b: Grimmsnarl|brn
|move|p2b: Raichu|Volt Switch|p1a: Pelipper
|-activate|p1a: Pelipper|move: Protect
|
|-weather|RainDance|[upkeep]
|-damage|p1b: Grimmsnarl|94/100 brn|[from] brn
|upkeep
|turn|3
|
|t:|1782398431
|switch|p1a: Swampert|Swampert-Mega, L50, F|89/100
|switch|p2b: Incineroar|Incineroar, L50, F|100/100
|-ability|p2b: Incineroar|Intimidate|boost
|-unboost|p1a: Swampert|atk|1
|-unboost|p1b: Grimmsnarl|atk|1
|move|p1b: Grimmsnarl|Spirit Break|p2a: Mimikyu
|-activate|p2a: Mimikyu|ability: Disguise
|-damage|p2a: Mimikyu|100/100
|-unboost|p2a: Mimikyu|spa|1
|detailschange|p2a: Mimikyu|Mimikyu-Busted, L50, F
|-damage|p2a: Mimikyu|87/100|[from] pokemon: Mimikyu-Busted
|move|p2a: Mimikyu|Will-O-Wisp|p1a: Swampert
|-status|p1a: Swampert|brn
|
|-weather|RainDance|[upkeep]
|-damage|p1b: Grimmsnarl|88/100 brn|[from] brn
|-damage|p1a: Swampert|83/100 brn|[from] brn
|upkeep
|turn|4
|
|t:|1782398475
|switch|p2b: Raichu|Raichu-Mega-X, L50, F|100/100
|switch|p1a: Hydreigon|Hydreigon, L50, F|100/100
|move|p1b: Grimmsnarl|Parting Shot|p2a: Mimikyu
|-unboost|p2a: Mimikyu|atk|1
|-unboost|p2a: Mimikyu|spa|1
|
|t:|1782398487
|switch|p1b: Swampert|Swampert-Mega, L50, F|83/100 brn|[from] Parting Shot
|move|p2a: Mimikyu|Taunt|p1b: Swampert
|-start|p1b: Swampert|move: Taunt
|
|-weather|RainDance|[upkeep]
|-damage|p1b: Swampert|77/100 brn|[from] brn
|upkeep
|turn|5
|
|t:|1782398508
|switch|p1b: Grimmsnarl|Grimmsnarl, L50, M|88/100 brn
|move|p1a: Hydreigon|Protect|p1a: Hydreigon
|-singleturn|p1a: Hydreigon|Protect
|move|p2a: Mimikyu|Shadow Claw|p1b: Grimmsnarl
|-resisted|p1b: Grimmsnarl|1
|-damage|p1b: Grimmsnarl|79/100 brn
|move|p2b: Raichu|Brick Break|p1a: Hydreigon
|-activate|p1a: Hydreigon|move: Protect
|
|-weather|none
|-damage|p1b: Grimmsnarl|73/100 brn|[from] brn
|-fieldend|move: Trick Room
|-fieldend|move: Electric Terrain
|upkeep
|turn|6
|
|t:|1782398540
|switch|p2b: Garchomp|Garchomp, L50, F|100/100
|move|p1a: Hydreigon|Draco Meteor|p2b: Garchomp
|-supereffective|p2b: Garchomp|1
|-damage|p2b: Garchomp|0 fnt
|-unboost|p1a: Hydreigon|spa|2
|faint|p2b: Garchomp
|-damage|p1a: Hydreigon|90/100|[from] item: Life Orb
|move|p1b: Grimmsnarl|Spirit Break|p2a: Mimikyu
|-damage|p2a: Mimikyu|69/100
|-unboost|p2a: Mimikyu|spa|1
|move|p2a: Mimikyu|Trick Room|p2a: Mimikyu
|-fieldstart|move: Trick Room|[of] p2a: Mimikyu
|
|-damage|p1b: Grimmsnarl|67/100 brn|[from] brn
|upkeep
|
|t:|1782398554
|switch|p2b: Raichu|Raichu-Mega-X, L50, F|100/100
|-fieldstart|move: Electric Terrain|[from] ability: Electric Surge|[of] p2b: Raichu
|turn|7
|
|t:|1782398575
|switch|p2a: Incineroar|Incineroar, L50, F|100/100
|-ability|p2a: Incineroar|Intimidate|boost
|-unboost|p1a: Hydreigon|atk|1
|-unboost|p1b: Grimmsnarl|atk|1
|switch|p1a: Swampert|Swampert-Mega, L50, F|77/100 brn
|move|p1b: Grimmsnarl|Parting Shot|p2b: Raichu
|-unboost|p2b: Raichu|atk|1
|-unboost|p2b: Raichu|spa|1
|
|t:|1782398584
|switch|p1b: Hydreigon|Hydreigon, L50, F|90/100|[from] Parting Shot
|move|p2b: Raichu|Volt Tackle|p1b: Hydreigon
|-resisted|p1b: Hydreigon|1
|-damage|p1b: Hydreigon|67/100
|-damage|p2b: Raichu|90/100|[from] Recoil
|
|-damage|p1a: Swampert|71/100 brn|[from] brn
|upkeep
|turn|8
|-message|Kertoip forfeited.
|raw|Radlars's rating: 1028 → 1067(+39 for winning)
|raw|Kertoip's rating: 1060 → 1039(-21 for losing)
|
|win|Radlars
|l|☆Kertoip
|player|p2|
