|j|☆Milesmate1998
|j|☆satandagiii2005
|html|Milesmate1998satandagiii2005    
|uhtml|bestof|Game 1 of a best-of-3
|t:|1783529765
|gametype|doubles
|player|p1|Milesmate1998|veteran|1209
|player|p2|satandagiii2005|byron|1186
|gen|9
|tier|[Gen 9 Champions] VGC 2026 Reg M-B (Bo3)
|rated|
|rule|Species Clause: Limit one of each Pokémon
|rule|Item Clause: Limit 1 of each item
|clearpoke
|poke|p1|Tinkaton, L50, F|
|poke|p1|Farigiraf, L50, M|
|poke|p1|Hatterene, L50, F, shiny|
|poke|p1|Camerupt, L50, F, shiny|
|poke|p1|Abomasnow, L50, F|
|poke|p1|Gallade, L50, M, shiny|
|poke|p2|Venusaur, L50, M|
|poke|p2|Swampert, L50, F|
|poke|p2|Pelipper, L50, M|
|poke|p2|Archaludon, L50, F|
|poke|p2|Maushold, L50|
|poke|p2|Gholdengo, L50|
|teampreview|4
|showteam|p1|Tinkaton||WhiteHerb|MoldBreaker|FakeOut,GigatonHammer,BrickBreak,RockSlide|Adamant||F|||50|]Farigiraf||ColburBerry|ArmorTail|HelpingHand,Psyshock,TrickRoom,Protect|Quiet||M|||50|]Hatterene||FocusSash|MagicBounce|DazzlingGleam,MysticalFire,TrickRoom,Psyshock|Quiet||F|||50|]Camerupt||Cameruptite|SolidRock|Protect,EarthPower,HeatWave,AncientPower|Quiet||F|||50|]Abomasnow||Abomasite|SnowWarning|Blizzard,GigaDrain,Protect,EarthPower|Quiet||F|||50|]Gallade||MentalHerb|Sharpness|TrickRoom,PsychoCut,WideGuard,SacredSword|Relaxed||M|||50|
|showteam|p2|Venusaur||Venusaurite|Overgrow|SludgeBomb,EarthPower,GigaDrain,Protect|Modest||M|||50|]Swampert||Swampertite|Torrent|WaveCrash,Earthquake,IcePunch,Protect|Adamant||F|||50|]Pelipper||SitrusBerry|Drizzle|Hurricane,WeatherBall,Tailwind,WideGuard|Modest||M|||50|]Archaludon||Leftovers|Stamina|ElectroShot,DragonPulse,FlashCannon,Protect|Modest||F|||50|]Maushold||FocusSash|FriendGuard|FollowMe,SuperFang,RainDance,Protect|Jolly|||||50|]Gholdengo||LifeOrb|GoodasGold|MakeItRain,ShadowBall,PowerGem,Protect|Timid|||||50|
|inactive|Battle timer is ON: inactive players will automatically lose when time's up. (requested by satandagiii2005)
|inactive|satandagiii2005 has 30 seconds left.
|
|t:|1783529840
|teamsize|p1|4
|teamsize|p2|4
|start
|switch|p1a: Tinkaton|Tinkaton, L50, F|100/100
|switch|p1b: Hatterene|Hatterene, L50, F, shiny|100/100
|switch|p2a: Swampert|Swampert, L50, F|100/100
|switch|p2b: Pelipper|Pelipper, L50, M|100/100
|-ability|p1a: Tinkaton|Mold Breaker
|-weather|RainDance|[from] ability: Drizzle|[of] p2b: Pelipper
|turn|1
|inactive|Milesmate1998 has 30 seconds left.
|inactive|satandagiii2005 has 30 seconds left.
|inactive|Milesmate1998 has 20 seconds left.
|inactive|satandagiii2005 has 20 seconds left.
|
|t:|1783529877
|detailschange|p2a: Swampert|Swampert-Mega, L50, F
|-mega|p2a: Swampert|Swampert|Swampertite
|move|p1a: Tinkaton|Fake Out|p2a: Swampert
|-damage|p2a: Swampert|91/100
|cant|p2a: Swampert|flinch
|move|p2b: Pelipper|Weather Ball|p1b: Hatterene
|-damage|p1b: Hatterene|44/100
|move|p1b: Hatterene|Trick Room|p1b: Hatterene
|-fieldstart|move: Trick Room|[of] p1b: Hatterene
|
|-weather|RainDance|[upkeep]
|upkeep
|turn|2
|inactive|Milesmate1998 has 30 seconds left.
|
|t:|1783529903
|switch|p1a: Abomasnow|Abomasnow, L50, F|100/100
|-weather|Snowscape|[from] ability: Snow Warning|[of] p1a: Abomasnow
|move|p2b: Pelipper|Wide Guard|p2b: Pelipper
|-singleturn|p2b: Pelipper|Wide Guard
|move|p1b: Hatterene|Psyshock|p2b: Pelipper
|-damage|p2b: Pelipper|47/100
|-enditem|p2b: Pelipper|Sitrus Berry|[eat]
|-heal|p2b: Pelipper|72/100|[from] item: Sitrus Berry
|move|p2a: Swampert|Earthquake|p1b: Hatterene|[spread] p1a,p1b
|-activate|p2b: Pelipper|move: Wide Guard
|-resisted|p1a: Abomasnow|1
|-damage|p1a: Abomasnow|84/100
|-damage|p1b: Hatterene|0 fnt
|faint|p1b: Hatterene
|
|-weather|Snowscape|[upkeep]
|upkeep
|
|t:|1783529923
|switch|p1b: Gallade|Gallade, L50, M, shiny|100/100
|turn|3
|inactive|satandagiii2005 has 30 seconds left.
|inactive|satandagiii2005 has 20 seconds left.
|
|t:|1783529962
|switch|p2b: Maushold|Maushold, L50|100/100
|switch|p2a: Gholdengo|Gholdengo, L50|100/100
|move|p1a: Abomasnow|Giga Drain|p2a: Gholdengo
|-resisted|p2a: Gholdengo|1
|-damage|p2a: Gholdengo|86/100
|-heal|p1a: Abomasnow|90/100|[from] drain|[of] p2a: Gholdengo
|move|p1b: Gallade|Psycho Cut|p2b: Maushold
|-damage|p2b: Maushold|38/100
|
|-weather|Snowscape|[upkeep]
|upkeep
|turn|4
|inactive|satandagiii2005 has 30 seconds left.
|
|t:|1783529993
|move|p2b: Maushold|Follow Me|p2b: Maushold
|-singleturn|p2b: Maushold|move: Follow Me
|move|p1a: Abomasnow|Earth Power|p2b: Maushold
|-damage|p2b: Maushold|5/100
|move|p1b: Gallade|Sacred Sword|p2b: Maushold
|-supereffective|p2b: Maushold|1
|-damage|p2b: Maushold|0 fnt
|faint|p2b: Maushold
|move|p2a: Gholdengo|Shadow Ball|p1b: Gallade
|-supereffective|p1b: Gallade|1
|-damage|p1b: Gallade|5/100
|-damage|p2a: Gholdengo|76/100|[from] item: Life Orb
|
|-weather|Snowscape|[upkeep]
|upkeep
|
|t:|1783530007
|switch|p2b: Pelipper|Pelipper, L50, M|72/100
|-weather|RainDance|[from] ability: Drizzle|[of] p2b: Pelipper
|turn|5
|
|t:|1783530026
|detailschange|p1a: Abomasnow|Abomasnow-Mega, L50, F
|-mega|p1a: Abomasnow|Abomasnow|Abomasite
|-weather|Snowscape|[from] ability: Snow Warning|[of] p1a: Abomasnow
|move|p2a: Gholdengo|Protect|p2a: Gholdengo
|-singleturn|p2a: Gholdengo|Protect
|move|p1a: Abomasnow|Blizzard|p2a: Gholdengo|[spread] p2b
|-activate|p2a: Gholdengo|move: Protect
|-damage|p2b: Pelipper|14/100
|-status|p2b: Pelipper|frz
|move|p1b: Gallade|Psycho Cut|p2b: Pelipper
|-damage|p2b: Pelipper|0 fnt
|faint|p2b: Pelipper
|
|-weather|Snowscape|[upkeep]
|-fieldend|move: Trick Room
|upkeep
|
|t:|1783530040
|switch|p2b: Swampert|Swampert-Mega, L50, F|91/100
|turn|6
|
|t:|1783530062
|move|p1b: Gallade|Wide Guard|p1b: Gallade
|-singleturn|p1b: Gallade|Wide Guard
|move|p2a: Gholdengo|Make It Rain|p1b: Gallade|[spread] 
|-activate|p1a: Abomasnow|move: Wide Guard
|-activate|p1b: Gallade|move: Wide Guard
|move|p2b: Swampert|Wave Crash|p1b: Gallade
|-damage|p1b: Gallade|0 fnt
|faint|p1b: Gallade
|-damage|p2b: Swampert|89/100|[from] Recoil
|move|p1a: Abomasnow|Giga Drain|p2b: Swampert
|-supereffective|p2b: Swampert|2
|-damage|p2b: Swampert|0 fnt
|-heal|p1a: Abomasnow|100/100|[from] drain|[of] p2b: Swampert
|faint|p2b: Swampert
|
|-weather|Snowscape|[upkeep]
|upkeep
|
|t:|1783530065
|switch|p1b: Tinkaton|Tinkaton, L50, F|100/100
|-ability|p1b: Tinkaton|Mold Breaker
|turn|7
|
|t:|1783530087
|move|p2a: Gholdengo|Protect|p2a: Gholdengo
|-singleturn|p2a: Gholdengo|Protect
|move|p1a: Abomasnow|Protect|p1a: Abomasnow
|-singleturn|p1a: Abomasnow|Protect
|move|p1b: Tinkaton|Gigaton Hammer|p2a: Gholdengo
|-activate|p2a: Gholdengo|move: Protect
|
|-weather|Snowscape|[upkeep]
|upkeep
|turn|8
|
|t:|1783530100
|move|p2a: Gholdengo|Make It Rain|p1a: Abomasnow|[spread] p1a,p1b
|-supereffective|p1a: Abomasnow|1
|-damage|p1a: Abomasnow|0 fnt
|-damage|p1b: Tinkaton|44/100
|-unboost|p2a: Gholdengo|spa|2
|faint|p1a: Abomasnow
|-damage|p2a: Gholdengo|67/100|[from] item: Life Orb
|move|p1b: Tinkaton|Rock Slide|p2a: Gholdengo
|-resisted|p2a: Gholdengo|1
|-damage|p2a: Gholdengo|55/100
|
|-weather|Snowscape|[upkeep]
|upkeep
|turn|9
|inactive|Milesmate1998 has 30 seconds left.
|inactive|satandagiii2005 has 30 seconds left.
|inactive|Milesmate1998 has 20 seconds left.
|inactive|Milesmate1998 has 15 seconds left.
|inactive|Milesmate1998 has 10 seconds left.
|inactive|Milesmate1998 has 5 seconds left.
|
|t:|1783530156
|move|p2a: Gholdengo|Make It Rain|p1b: Tinkaton
|-damage|p1b: Tinkaton|9/100
|-unboost|p2a: Gholdengo|spa|2
|-damage|p2a: Gholdengo|46/100|[from] item: Life Orb
|move|p1b: Tinkaton|Gigaton Hammer|p2a: Gholdengo
|-resisted|p2a: Gholdengo|1
|-damage|p2a: Gholdengo|8/100
|
|-weather|none
|upkeep
|turn|10
|
|t:|1783530166
|move|p2a: Gholdengo|Shadow Ball|p1b: Tinkaton
|-damage|p1b: Tinkaton|0 fnt
|faint|p1b: Tinkaton
|-damage|p2a: Gholdengo|0 fnt|[from] item: Life Orb
|faint|p2a: Gholdengo
|
|win|satandagiii2005
||Milesmate1998 is ready for game 2.
||satandagiii2005 is ready for game 2.
|uhtml|next|Next: Game 2 of 3
