|j|☆PixelJaguar
|j|☆THESENATE56
|html|PixelJaguarTHESENATE56    
|uhtml|bestof|Game 1 of a best-of-3
|t:|1785769731
|gametype|doubles
|player|p1|PixelJaguar|brycen|1045
|player|p2|THESENATE56|lucas|1006
|gen|9
|tier|[Gen 9 Champions] VGC 2026 Reg M-B (Bo3)
|rated|
|rule|Species Clause: Limit one of each Pokémon
|rule|Item Clause: Limit 1 of each item
|clearpoke
|poke|p1|Staraptor, L50, M|
|poke|p1|Metagross, L50|
|poke|p1|Farigiraf, L50, M|
|poke|p1|Whimsicott, L50, M|
|poke|p1|Garchomp, L50, M|
|poke|p1|Ceruledge, L50, M|
|poke|p2|Charizard, L50, M, shiny|
|poke|p2|Farigiraf, L50, F, shiny|
|poke|p2|Incineroar, L50, M, shiny|
|poke|p2|Lucario, L50, M, shiny|
|poke|p2|Whimsicott, L50, F, shiny|
|poke|p2|Houndstone, L50, F, shiny|
|teampreview|4
|showteam|p1|Staraptor||Staraptite|Intimidate|CloseCombat,BraveBird,Protect,Roost|Jolly||M|||50|]Metagross||Metagrossite|ClearBody|Protect,IronHead,PsychicFangs,StompingTantrum|Adamant|||||50|]Farigiraf||SitrusBerry|ArmorTail|HelpingHand,Psychic,Thunderbolt,TrickRoom|Calm||M|||50|]Whimsicott||FocusSash|Prankster|Moonblast,Tailwind,Charm,Encore|Timid||M|||50|]Garchomp||LifeOrb|RoughSkin|Protect,StompingTantrum,RockSlide,DragonClaw|Jolly||M|||50|]Ceruledge||ColburBerry|FlashFire|Protect,ShadowSneak,BulkUp,BitterBlade|Adamant||M|||50|
|showteam|p2|Charizard||CharizarditeX|Blaze|FlareBlitz,DragonClaw,DragonDance,RockSlide|Adamant||M|||50|]Farigiraf||SitrusBerry|ArmorTail|Psychic,Protect,TrickRoom,HelpingHand|Calm||F|||50|]Incineroar||WhiteHerb|Intimidate|FlareBlitz,FakeOut,CloseCombat,Protect|Serious||M|||50|]Lucario||Lucarionite|Steadfast|AuraSphere,FlashCannon,Detect,VacuumWave|Timid||M|||50|]Whimsicott||FocusSash|Prankster|Tailwind,SunnyDay,Moonblast,FakeTears|Modest||F|||50|]Houndstone||LifeOrb|Fluffy|LastRespects,Poltergeist,FireFang,Protect|Brave||F|||50|
|inactive|Battle timer is ON: inactive players will automatically lose when time's up. (requested by THESENATE56)
|
|t:|1785769757
|teamsize|p1|4
|teamsize|p2|4
|start
|switch|p1a: Big Bird|Staraptor, L50, M|100/100
|switch|p1b: Farigiraf|Farigiraf, L50, M|100/100
|switch|p2a: Charizard|Charizard, L50, M, shiny|100/100
|switch|p2b: Incineroar|Incineroar, L50, M, shiny|100/100
|-ability|p1a: Big Bird|Intimidate|boost
|-unboost|p2a: Charizard|atk|1
|-unboost|p2b: Incineroar|atk|1
|-ability|p2b: Incineroar|Intimidate|boost
|-unboost|p1a: Big Bird|atk|1
|-unboost|p1b: Farigiraf|atk|1
|-enditem|p2b: Incineroar|White Herb
|-clearnegativeboost|p2b: Incineroar|[silent]
|turn|1
|inactive|THESENATE56 has 30 seconds left.
|
|t:|1785769790
|detailschange|p1a: Big Bird|Staraptor-Mega, L50, M
|-mega|p1a: Big Bird|Staraptor|Staraptite
|move|p1a: Big Bird|Close Combat|p2b: Incineroar
|-supereffective|p2b: Incineroar|1
|-damage|p2b: Incineroar|23/100
|-boost|p1a: Big Bird|def|1
|-boost|p1a: Big Bird|spd|1
|move|p2a: Charizard|Dragon Dance|p2a: Charizard
|-boost|p2a: Charizard|atk|1
|-boost|p2a: Charizard|spe|1
|move|p1b: Farigiraf|Thunderbolt|p2a: Charizard
|-supereffective|p2a: Charizard|1
|-damage|p2a: Charizard|36/100
|move|p2b: Incineroar|Close Combat|p1a: Big Bird
|-resisted|p1a: Big Bird|1
|-damage|p1a: Big Bird|87/100
|-unboost|p2b: Incineroar|def|1
|-unboost|p2b: Incineroar|spd|1
|
|upkeep
|turn|2
|
|t:|1785769814
|detailschange|p2a: Charizard|Charizard-Mega-X, L50, M, shiny
|-mega|p2a: Charizard|Charizard|Charizardite X
|move|p2a: Charizard|Dragon Claw|p1a: Big Bird
|-damage|p1a: Big Bird|49/100
|move|p1a: Big Bird|Close Combat|p2b: Incineroar
|-supereffective|p2b: Incineroar|1
|-damage|p2b: Incineroar|0 fnt
|-boost|p1a: Big Bird|def|1
|-boost|p1a: Big Bird|spd|1
|faint|p2b: Incineroar
|move|p1b: Farigiraf|Thunderbolt|p2a: Charizard
|-resisted|p2a: Charizard|1
|-damage|p2a: Charizard|21/100
|
|upkeep
|
|t:|1785769828
|switch|p2b: Whimsicott|Whimsicott, L50, F, shiny|100/100
|turn|3
|
|t:|1785769847
|move|p2a: Charizard|Rock Slide|p1a: Big Bird|[spread] p1a
|-miss|p2a: Charizard|p1b: Farigiraf
|-damage|p1a: Big Bird|39/100
|cant|p1a: Big Bird|flinch
|move|p2b: Whimsicott|Moonblast|p1a: Big Bird
|-supereffective|p1a: Big Bird|1
|-damage|p1a: Big Bird|1/100
|move|p1b: Farigiraf|Thunderbolt|p2a: Charizard
|-resisted|p2a: Charizard|1
|-damage|p2a: Charizard|7/100
|
|upkeep
|turn|4
|
|t:|1785769868
|move|p2a: Charizard|Rock Slide|p1a: Big Bird|[spread] p1a,p1b
|-crit|p1a: Big Bird
|-damage|p1a: Big Bird|0 fnt
|-damage|p1b: Farigiraf|81/100
|faint|p1a: Big Bird
|move|p2b: Whimsicott|Moonblast|p1b: Farigiraf
|-damage|p1b: Farigiraf|50/100g
|move|p1b: Farigiraf|Psychic|p2a: Charizard
|-damage|p2a: Charizard|0 fnt
|faint|p2a: Charizard
|
|upkeep
|
|t:|1785769880
|switch|p1a: Garchomp|Garchomp, L50, M|100/100
|switch|p2a: Farigiraf|Farigiraf, L50, F, shiny|100/100
|turn|5
|
|t:|1785769895
|move|p1b: Farigiraf|Helping Hand|p1a: Garchomp
|-singleturn|p1a: Garchomp|Helping Hand|[of] p1b: Farigiraf
|move|p1a: Garchomp|Rock Slide|p2a: Farigiraf|[spread] p2a,p2b
|-damage|p2a: Farigiraf|68/100
|-damage|p2b: Whimsicott|41/100
|-damage|p1a: Garchomp|90/100|[from] item: Life Orb
|move|p2b: Whimsicott|Moonblast|p1a: Garchomp
|-supereffective|p1a: Garchomp|1
|-damage|p1a: Garchomp|4/100
|move|p2a: Farigiraf|Psychic|p1b: Farigiraf
|-resisted|p1b: Farigiraf|1
|-damage|p1b: Farigiraf|37/100
|-enditem|p1b: Farigiraf|Sitrus Berry|[eat]
|-heal|p1b: Farigiraf|61/100|[from] item: Sitrus Berry
|
|upkeep
|turn|6
|
|t:|1785769916
|move|p1b: Farigiraf|Helping Hand|p1a: Garchomp
|-singleturn|p1a: Garchomp|Helping Hand|[of] p1b: Farigiraf
|move|p2b: Whimsicott|Tailwind|p2b: Whimsicott
|-sidestart|p2: THESENATE56|move: Tailwind
|move|p1a: Garchomp|Rock Slide|p2b: Whimsicott|[spread] p2a,p2b
|-damage|p2a: Farigiraf|34/100
|-damage|p2b: Whimsicott|0 fnt
|-enditem|p2a: Farigiraf|Sitrus Berry|[eat]
|-heal|p2a: Farigiraf|59/100|[from] item: Sitrus Berry
|faint|p2b: Whimsicott
|-damage|p1a: Garchomp|0 fnt|[from] item: Life Orb
|faint|p1a: Garchomp
|move|p2a: Farigiraf|Psychic|p1b: Farigiraf
|-resisted|p1b: Farigiraf|1
|-damage|p1b: Farigiraf|48/100
|
|upkeep
|
|t:|1785769929
|switch|p1a: Whimsicott|Whimsicott, L50, M|100/100
|turn|7
|
|t:|1785769936
|move|p1a: Whimsicott|Moonblast|p2a: Farigiraf
|-damage|p2a: Farigiraf|29/100
|move|p2a: Farigiraf|Psychic|p1b: Farigiraf
|-resisted|p1b: Farigiraf|1
|-damage|p1b: Farigiraf|33/100
|move|p1b: Farigiraf|Thunderbolt|p2a: Farigiraf
|-damage|p2a: Farigiraf|11/100
|
|upkeep
|turn|8
|
|t:|1785769948
|move|p1a: Whimsicott|Moonblast|p2a: Farigiraf
|-damage|p2a: Farigiraf|0 fnt
|faint|p2a: Farigiraf
|
|win|PixelJaguar
