|j|☆Wolfed
|j|☆vgcsavant
|html|Wolfedvgcsavant    
|uhtml|bestof|Game 1 of a best-of-3
|t:|1785176948
|gametype|doubles
|player|p1|Wolfed|266|1071
|player|p2|vgcsavant|miku-ground|1018
|gen|9
|tier|[Gen 9 Champions] VGC 2026 Reg M-B (Bo3)
|rated|
|rule|Species Clause: Limit one of each Pokémon
|rule|Item Clause: Limit 1 of each item
|clearpoke
|poke|p1|Kingambit, L50, M|
|poke|p1|Meowscarada, L50, M|
|poke|p1|Farigiraf, L50, F|
|poke|p1|Sinistcha, L50|
|poke|p1|Annihilape, L50, F|
|poke|p1|Delphox, L50, F|
|poke|p2|Sneasler, L50, M, shiny|
|poke|p2|Steelix, L50, M, shiny|
|poke|p2|Milotic, L50, M, shiny|
|poke|p2|Sinistcha-Masterpiece, L50, shiny|
|poke|p2|Tyranitar, L50, F, shiny|
|poke|p2|Rotom-Heat, L50, shiny|
|teampreview|4
|showteam|p1|Kingambit||FocusSash|Defiant|LashOut,IronHead,SuckerPunch,SwordsDance|Brave||M|||50|]Meowscarada||ChoiceScarf|Protean|Uturn,TripleAxel,FlowerTrick,KnockOff|Jolly||M|||50|]Farigiraf||SitrusBerry|ArmorTail|TwinBeam,TrickRoom,CalmMind,Wish|Relaxed||F|||50|]Sinistcha||Leftovers|Hospitality|MatchaGotcha,CalmMind,LifeDew,RagePowder|Bold|||||50|]Annihilape||ExpertBelt|Defiant|IcePunch,Substitute,CloseCombat,Taunt|Adamant||F|||50|]Delphox||Delphoxite|Blaze|CalmMind,Flamethrower,HeatWave,Psychic|Timid||F|||50|
|showteam|p2|Sneasler||MentalHerb|Unburden|FakeOut,CloseCombat,DireClaw,Protect|Adamant||M|||50|]Steelix||Steelixite|Sturdy|HighHorsepower,HeavySlam,WideGuard,Protect|Brave||M|||50|]Milotic||Leftovers|Competitive|Scald,IcyWind,Recover,Protect|Calm||M|||50|]Sinistcha-Masterpiece||ColburBerry|Hospitality|MatchaGotcha,ShadowBall,RagePowder,Protect|Bold|||||50|]Tyranitar||Tyranitarite|SandStream|RockSlide,KnockOff,LowKick,Protect|Adamant||F|||50|]Rotom-Heat||SitrusBerry|Levitate|Overheat,Thunderbolt,WillOWisp,Protect|Modest|||||50|
|inactive|Battle timer is ON: inactive players will automatically lose when time's up. (requested by vgcsavant)
|j| tedidn
|inactive|vgcsavant has 60 seconds left.
|inactive|vgcsavant has 30 seconds left.
|
|t:|1785177009
|teamsize|p1|4
|teamsize|p2|4
|start
|switch|p1a: Delphox|Delphox, L50, F|100/100
|switch|p1b: Farigiraf|Farigiraf, L50, F|100/100
|switch|p2a: Rotom|Rotom-Heat, L50, shiny|100/100
|switch|p2b: Tyranitar|Tyranitar, L50, F, shiny|100/100
|-weather|Sandstorm|[from] ability: Sand Stream|[of] p2b: Tyranitar
|turn|1
|inactive|Wolfed has 30 seconds left.
|inactive|vgcsavant has 30 seconds left.
|inactive|Wolfed has 20 seconds left.
|
|t:|1785177048
|switch|p1a: Annihilape|Annihilape, L50, F|100/100
|move|p2a: Rotom|Thunderbolt|p1a: Annihilape
|-damage|p1a: Annihilape|61/100
|move|p2b: Tyranitar|Knock Off|p1a: Annihilape
|-damage|p1a: Annihilape|14/100
|-enditem|p1a: Annihilape|Expert Belt|[from] move: Knock Off|[of] p2b: Tyranitar
|move|p1b: Farigiraf|Trick Room|p1b: Farigiraf
|-fieldstart|move: Trick Room|[of] p1b: Farigiraf
|
|-weather|Sandstorm|[upkeep]
|-damage|p1b: Farigiraf|93/100|[from] Sandstorm
|-damage|p1a: Annihilape|8/100|[from] Sandstorm
|-damage|p2a: Rotom|94/100|[from] Sandstorm
|upkeep
|turn|2
|inactive|vgcsavant has 30 seconds left.
|inactive|vgcsavant has 20 seconds left.
|inactive|vgcsavant has 15 seconds left.
|
|t:|1785177090
|switch|p2a: Sinistcha|Sinistcha-Masterpiece, L50, shiny|100/100
|move|p2b: Tyranitar|Protect|p2b: Tyranitar
|-singleturn|p2b: Tyranitar|Protect
|move|p1b: Farigiraf|Calm Mind|p1b: Farigiraf
|-boost|p1b: Farigiraf|spa|1
|-boost|p1b: Farigiraf|spd|1
|move|p1a: Annihilape|Close Combat|p2b: Tyranitar
|-activate|p2b: Tyranitar|move: Protect
|
|-weather|Sandstorm|[upkeep]
|-damage|p1b: Farigiraf|87/100|[from] Sandstorm
|-damage|p2a: Sinistcha|93/100|[from] Sandstorm
|-damage|p1a: Annihilape|2/100|[from] Sandstorm
|upkeep
|turn|3
|inactive|vgcsavant has 30 seconds left.
|
|t:|1785177116
|switch|p1b: Sinistcha|Sinistcha, L50|100/100
|-heal|p1a: Annihilape|27/100|[from] ability: Hospitality|[of] p1b: Sinistcha
|switch|p2b: Rotom|Rotom-Heat, L50, shiny|94/100
|move|p2a: Sinistcha|Matcha Gotcha|p1b: Sinistcha|[spread] p1a,p1b
|-resisted|p1b: Sinistcha|1
|-damage|p1a: Annihilape|5/100
|-heal|p2a: Sinistcha|100/100|[from] drain|[of] p1a: Annihilape
|-damage|p1b: Sinistcha|84/100
|move|p1a: Annihilape|Taunt|p2a: Sinistcha
|-start|p2a: Sinistcha|move: Taunt
|
|-weather|Sandstorm|[upkeep]
|-damage|p1b: Sinistcha|78/100|[from] Sandstorm
|-damage|p2a: Sinistcha|93/100|[from] Sandstorm
|-damage|p1a: Annihilape|0 fnt|[from] Sandstorm
|-damage|p2b: Rotom|88/100|[from] Sandstorm
|faint|p1a: Annihilape
|-heal|p1b: Sinistcha|84/100|[from] item: Leftovers
|upkeep
|
|t:|1785177135
|switch|p1a: Farigiraf|Farigiraf, L50, F|87/100
|turn|4
|
|t:|1785177151
|switch|p2a: Tyranitar|Tyranitar, L50, F, shiny|100/100
|move|p1a: Farigiraf|Calm Mind|p1a: Farigiraf
|-boost|p1a: Farigiraf|spa|1
|-boost|p1a: Farigiraf|spd|1
|move|p1b: Sinistcha|Calm Mind|p1b: Sinistcha
|-boost|p1b: Sinistcha|spa|1
|-boost|p1b: Sinistcha|spd|1
|move|p2b: Rotom|Overheat|p1b: Sinistcha
|-supereffective|p1b: Sinistcha|1
|-damage|p1b: Sinistcha|0 fnt
|-unboost|p2b: Rotom|spa|2
|faint|p1b: Sinistcha
|
|-weather|Sandstorm|[upkeep]
|-damage|p1a: Farigiraf|81/100|[from] Sandstorm
|-damage|p2b: Rotom|82/100|[from] Sandstorm
|upkeep
|
|t:|1785177171
|switch|p1b: Delphox|Delphox, L50, F|100/100
|turn|5
|inactive|vgcsavant has 30 seconds left.
|
|t:|1785177197
|move|p1a: Farigiraf|Twin Beam|p2b: Rotom
|-damage|p2b: Rotom|57/100
|-damage|p2b: Rotom|34/100
|-enditem|p2b: Rotom|Sitrus Berry|[eat]
|-heal|p2b: Rotom|59/100|[from] item: Sitrus Berry
|-hitcount|p2b: Rotom|2
|move|p2a: Tyranitar|Knock Off|p1b: Delphox
|-supereffective|p1b: Delphox|1
|-damage|p1b: Delphox|3/100
|move|p2b: Rotom|Thunderbolt|p1b: Delphox
|-damage|p1b: Delphox|0 fnt
|faint|p1b: Delphox
|
|-weather|none
|-fieldend|move: Trick Room
|upkeep
|turn|6
|
|t:|1785177211
|detailschange|p2a: Tyranitar|Tyranitar-Mega, L50, F, shiny
|-mega|p2a: Tyranitar|Tyranitar|Tyranitarite
|-weather|Sandstorm|[from] ability: Sand Stream|[of] p2a: Tyranitar
|move|p2b: Rotom|Overheat|p1a: Farigiraf
|-damage|p1a: Farigiraf|58/100
|-unboost|p2b: Rotom|spa|2
|move|p2a: Tyranitar|Knock Off|p1a: Farigiraf
|-supereffective|p1a: Farigiraf|1
|-damage|p1a: Farigiraf|0 fnt
|-enditem|p1a: Farigiraf|Sitrus Berry|[from] move: Knock Off|[of] p2a: Tyranitar
|faint|p1a: Farigiraf
|
|win|vgcsavant
