|j|☆terosath
|j|☆Jaybird112233
|html|terosathJaybird112233    
|uhtml|bestof|Game 3 of a best-of-3
|t:|1785115964
|gametype|doubles
|player|p1|terosath|n|
|player|p2|Jaybird112233|naveen|
|gen|9
|tier|[Gen 9 Champions] VGC 2026 Reg M-B (Bo3)
|rule|Species Clause: Limit one of each Pokémon
|rule|Item Clause: Limit 1 of each item
|clearpoke
|poke|p1|Drampa, L50, F|
|poke|p1|Crabominable, L50, F|
|poke|p1|Sinistcha-Masterpiece, L50|
|poke|p1|Politoed, L50, M|
|poke|p1|Farigiraf, L50, F|
|poke|p1|Garganacl, L50, F|
|poke|p2|Altaria, L50, F, shiny|
|poke|p2|Sinistcha, L50|
|poke|p2|Tyranitar, L50, M, shiny|
|poke|p2|Rotom-Heat, L50, shiny|
|poke|p2|Slowbro, L50, M|
|poke|p2|Aggron, L50, M|
|teampreview|4
|showteam|p1|Drampa||Drampanite|Berserk|Protect,EarthPower,CalmMind,HyperVoice|Quiet||F|||50|]Crabominable||Crabominite|HyperCutter|DrainPunch,Protect,IceHammer,ThunderPunch|Brave||F|||50|]Sinistcha-Masterpiece||SitrusBerry|Hospitality|TrickRoom,MatchaGotcha,LifeDew,RagePowder|Modest|||||50|]Politoed||MysticWater|Drizzle|MuddyWater,Protect,Encore,HelpingHand|Calm||M|||50|]Farigiraf||MentalHerb|ArmorTail|TrickRoom,PsychicNoise,LightScreen,Reflect|Sassy||F|||50|]Garganacl||Leftovers|PurifyingSalt|WideGuard,RockSlide,Protect,BodyPress|Relaxed||F|||50|
|showteam|p2|Altaria||Altarianite|CloudNine|HyperVoice,DracoMeteor,HyperBeam,Protect|Quiet||F|||50|]Sinistcha||SitrusBerry|Hospitality|MatchaGotcha,LifeDew,RagePowder,TrickRoom|Calm|||||50|]Tyranitar||Tyranitarite|SandStream|KnockOff,RockSlide,LowKick,Protect|Adamant||M|||50|]Rotom-Heat||WhiteHerb|Levitate|Thunderbolt,Overheat,LightScreen,VoltSwitch|Modest|||||50|]Slowbro||Leftovers|Regenerator|HealPulse,TrickRoom,Scald,Protect|Relaxed||M|||50|]Aggron||Aggronite|Sturdy|IronDefense,BodyPress,HeavySlam,Protect|Impish||M|||50|
|j| Bingus Von Bongus
|j| seafan13
|j| geminiduality2
|
|t:|1785116061
|teamsize|p1|4
|teamsize|p2|4
|start
|switch|p1a: 'Nam Veteran|Drampa, L50, F|100/100
|switch|p1b: RacecaR|Farigiraf, L50, F|100/100
|switch|p2a: Pidgeon|Altaria, L50, F, shiny|100/100
|switch|p2b: Ferrous|Aggron, L50, M|100/100
|-ability|p2a: Pidgeon|Cloud Nine
|turn|1
|
|t:|1785116175
|detailschange|p2b: Ferrous|Aggron-Mega, L50, M
|-mega|p2b: Ferrous|Aggron|Aggronite
|detailschange|p1a: 'Nam Veteran|Drampa-Mega, L50, F
|-mega|p1a: 'Nam Veteran|Drampa|Drampanite
|move|p2a: Pidgeon|Draco Meteor|p1b: RacecaR
|-damage|p1b: RacecaR|65/100
|-unboost|p2a: Pidgeon|spa|2
|move|p2b: Ferrous|Body Press|p1b: RacecaR
|-damage|p1b: RacecaR|14/100
|move|p1a: 'Nam Veteran|Earth Power|p2b: Ferrous
|-supereffective|p2b: Ferrous|1
|-damage|p2b: Ferrous|35/100
|-unboost|p2b: Ferrous|spd|1
|move|p1b: RacecaR|Trick Room|p1b: RacecaR
|-fieldstart|move: Trick Room|[of] p1b: RacecaR
|
|upkeep
|turn|2
|
|t:|1785116216
|switch|p2b: Air Fryer|Rotom-Heat, L50, shiny|100/100
|move|p1a: 'Nam Veteran|Hyper Voice|p2b: Air Fryer|[spread] p2a,p2b
|-damage|p2a: Pidgeon|53/100
|-damage|p2b: Air Fryer|51/100
|move|p1b: RacecaR|Light Screen|p1b: RacecaR
|-sidestart|p1: terosath|move: Light Screen
|move|p2a: Pidgeon|Draco Meteor|p1b: RacecaR
|-damage|p1b: RacecaR|3/100
|-unboost|p2a: Pidgeon|spa|2
|
|upkeep
|turn|3
|
|t:|1785116231
|move|p1a: 'Nam Veteran|Hyper Voice|p2b: Air Fryer|[spread] p2a,p2b
|-damage|p2a: Pidgeon|9/100
|-damage|p2b: Air Fryer|1/100
|move|p1b: RacecaR|Psychic Noise|p2a: Pidgeon
|-damage|p2a: Pidgeon|0 fnt
|faint|p2a: Pidgeon
|move|p2b: Air Fryer|Light Screen|p2b: Air Fryer
|-sidestart|p2: Jaybird112233|move: Light Screen
|
|upkeep
|
|t:|1785116241
|switch|p2a: Cuppa Tay|Sinistcha, L50|100/100
|-heal|p2b: Air Fryer|26/100|[from] ability: Hospitality|[of] p2a: Cuppa Tay
|turn|4
|
|t:|1785116271
|move|p1a: 'Nam Veteran|Earth Power|p2a: Cuppa Tay
|-resisted|p2a: Cuppa Tay|1
|-crit|p2a: Cuppa Tay
|-damage|p2a: Cuppa Tay|76/100
|move|p1b: RacecaR|Psychic Noise|p2a: Cuppa Tay
|-damage|p2a: Cuppa Tay|60/100
|-start|p2a: Cuppa Tay|move: Heal Block
|cant|p2a: Cuppa Tay|move: Heal Block|Matcha Gotcha
|move|p2b: Air Fryer|Volt Switch|p1b: RacecaR
|-damage|p1b: RacecaR|0 fnt
|faint|p1b: RacecaR
|
|t:|1785116283
|switch|p2b: Ferrous|Aggron-Mega, L50, M|35/100|[from] Volt Switch
|
|upkeep
|
|t:|1785116289
|switch|p1b: He sparks joy :)|Politoed, L50, M|100/100
|-weather|RainDance|[from] ability: Drizzle|[of] p1b: He sparks joy :)
|turn|5
|
|t:|1785116320
|move|p1b: He sparks joy :)|Helping Hand|p1a: 'Nam Veteran
|-singleturn|p1a: 'Nam Veteran|Helping Hand|[of] p1b: He sparks joy :)
|move|p2b: Ferrous|Protect|p2b: Ferrous
|-singleturn|p2b: Ferrous|Protect
|move|p2a: Cuppa Tay|Rage Powder|p2a: Cuppa Tay
|-singleturn|p2a: Cuppa Tay|move: Rage Powder
|move|p1a: 'Nam Veteran|Earth Power|p2a: Cuppa Tay
|-resisted|p2a: Cuppa Tay|1
|-damage|p2a: Cuppa Tay|43/100
|
|-weather|RainDance|[upkeep]
|-end|p2a: Cuppa Tay|move: Heal Block
|-fieldend|move: Trick Room
|upkeep
|-enditem|p2a: Cuppa Tay|Sitrus Berry|[eat]
|-heal|p2a: Cuppa Tay|67/100|[from] item: Sitrus Berry
|turn|6
|
|t:|1785116345
|move|p1b: He sparks joy :)|Helping Hand|p1a: 'Nam Veteran
|-singleturn|p1a: 'Nam Veteran|Helping Hand|[of] p1b: He sparks joy :)
|move|p2a: Cuppa Tay|Life Dew|p2a: Cuppa Tay|[spread] p2a,p2b
|-heal|p2a: Cuppa Tay|93/100
|-heal|p2b: Ferrous|59/100
|move|p2b: Ferrous|Body Press|p1a: 'Nam Veteran
|-supereffective|p1a: 'Nam Veteran|1
|-damage|p1a: 'Nam Veteran|23/100
|-ability|p1a: 'Nam Veteran|Berserk|boost
|-boost|p1a: 'Nam Veteran|spa|1
|move|p1a: 'Nam Veteran|Earth Power|p2b: Ferrous
|-supereffective|p2b: Ferrous|1
|-damage|p2b: Ferrous|0 fnt
|faint|p2b: Ferrous
|
|-weather|RainDance|[upkeep]
|-sideend|p1: terosath|move: Light Screen
|upkeep
|
|t:|1785116360
|switch|p2b: Air Fryer|Rotom-Heat, L50, shiny|26/100
|turn|7
|
|t:|1785116377
|switch|p1b: Double Gulp|Sinistcha-Masterpiece, L50|100/100
|-heal|p1a: 'Nam Veteran|48/100|[from] ability: Hospitality|[of] p1b: Double Gulp
|move|p1a: 'Nam Veteran|Protect|p1a: 'Nam Veteran
|-singleturn|p1a: 'Nam Veteran|Protect
|move|p2b: Air Fryer|Thunderbolt|p1a: 'Nam Veteran
|-activate|p1a: 'Nam Veteran|move: Protect
|move|p2a: Cuppa Tay|Matcha Gotcha|p1a: 'Nam Veteran|[spread] p1b
|-activate|p1a: 'Nam Veteran|move: Protect
|-resisted|p1b: Double Gulp|1
|-damage|p1b: Double Gulp|88/100
|-heal|p2a: Cuppa Tay|99/100|[from] drain|[of] p1b: Double Gulp
|
|-weather|RainDance|[upkeep]
|-sideend|p2: Jaybird112233|move: Light Screen
|upkeep
|turn|8
|
|t:|1785116398
|move|p1b: Double Gulp|Rage Powder|p1b: Double Gulp
|-singleturn|p1b: Double Gulp|move: Rage Powder
|move|p2b: Air Fryer|Overheat|p1b: Double Gulp
|-supereffective|p1b: Double Gulp|1
|-damage|p1b: Double Gulp|24/100
|-unboost|p2b: Air Fryer|spa|2
|-enditem|p1b: Double Gulp|Sitrus Berry|[eat]
|-heal|p1b: Double Gulp|48/100|[from] item: Sitrus Berry
|-enditem|p2b: Air Fryer|White Herb
|-clearnegativeboost|p2b: Air Fryer|[silent]
|move|p2a: Cuppa Tay|Life Dew|p2a: Cuppa Tay|[spread] p2a,p2b
|-heal|p2a: Cuppa Tay|100/100
|-heal|p2b: Air Fryer|50/100g
|move|p1a: 'Nam Veteran|Hyper Voice|p2b: Air Fryer|[spread] p2b
|-immune|p2a: Cuppa Tay
|-damage|p2b: Air Fryer|0 fnt
|faint|p2b: Air Fryer
|
|-weather|RainDance|[upkeep]
|upkeep
|turn|9
|
|t:|1785116420
|move|p2a: Cuppa Tay|Matcha Gotcha|p1a: 'Nam Veteran|[spread] p1a
|-miss|p2a: Cuppa Tay|p1b: Double Gulp
|-resisted|p1a: 'Nam Veteran|1
|-damage|p1a: 'Nam Veteran|37/100
|move|p1b: Double Gulp|Life Dew|p1b: Double Gulp|[spread] p1a,p1b
|-heal|p1a: 'Nam Veteran|62/100
|-heal|p1b: Double Gulp|74/100
|move|p1a: 'Nam Veteran|Earth Power|p2a: Cuppa Tay
|-resisted|p2a: Cuppa Tay|1
|-damage|p2a: Cuppa Tay|73/100
|-unboost|p2a: Cuppa Tay|spd|1
|
|-weather|none
|upkeep
|turn|10
|-message|Jaybird112233 forfeited.
|
|win|terosath
|l|☆terosath
|player|p1|
|l| Bingus Von Bongus
