|j|☆cowboyoctopus
|j|☆SeymoursLeftToeVGC
|html|cowboyoctopusSeymoursLeftToeVGC    
|uhtml|bestof|Game 1 of a best-of-3
|t:|1782490469
|gametype|doubles
|player|p1|cowboyoctopus|bellelba|1211
|player|p2|SeymoursLeftToeVGC|ninjaboy|1221
|gen|9
|tier|[Gen 9 Champions] VGC 2026 Reg M-B (Bo3)
|rated|
|rule|Species Clause: Limit one of each Pokémon
|rule|Item Clause: Limit 1 of each item
|clearpoke
|poke|p1|Meganium, L50, F|
|poke|p1|Tyranitar, L50, F|
|poke|p1|Excadrill, L50, M|
|poke|p1|Aerodactyl, L50, M|
|poke|p1|Volcarona, L50, M|
|poke|p1|Sneasler, L50, M|
|poke|p2|Whimsicott, L50, M, shiny|
|poke|p2|Typhlosion-Hisui, L50, F, shiny|
|poke|p2|Farigiraf, L50, M|
|poke|p2|Sceptile, L50, M, shiny|
|poke|p2|Rotom-Wash, L50, shiny|
|poke|p2|Gardevoir, L50, F, shiny|
|teampreview|4
|showteam|p1|Meganium||Meganiumite|Overgrow|SolarBeam,WeatherBall,Synthesis,Protect|Modest||F|||50|]Tyranitar||Tyranitarite|SandStream|RockSlide,KnockOff,LowKick,Protect|Brave||F|||50|]Excadrill||LifeOrb|SandRush|Earthquake,RockSlide,IronHead,Protect|Adamant||M|||50|]Aerodactyl||FocusSash|RockHead|RockSlide,DualWingbeat,StoneEdge,Protect|Jolly||M|||50|]Volcarona||SitrusBerry|FlameBody|RagePowder,HeatWave,WillOWisp,Protect|Bold||M|||50|]Sneasler||WhiteHerb|Unburden|FakeOut,DireClaw,CloseCombat,Protect|Jolly||M|||50|
|showteam|p2|Whimsicott||FocusSash|Prankster|Moonblast,FakeTears,SunnyDay,Tailwind|Modest||M|||50|]Typhlosion-Hisui||Charcoal|Blaze|Eruption,Protect,ShadowBall,HeatWave|Modest||F|||50|]Farigiraf||LifeOrb|ArmorTail|HyperVoice,TwinBeam,Protect,HelpingHand|Modest||M|||50|]Sceptile||Sceptilite|Overgrow|EarthPower,DragonPulse,Detect,EnergyBall|Timid||M|||50|]Rotom-Wash||ChoiceScarf|Levitate|HydroPump,Discharge,VoltSwitch,Thunderbolt|Timid|||||50|]Gardevoir||Gardevoirite|Telepathy|HyperVoice,HyperBeam,Protect,Psychic|Timid||F|||50|
|inactive|Battle timer is ON: inactive players will automatically lose when time's up. (requested by SeymoursLeftToeVGC)
|inactive|cowboyoctopus also wants the timer to be on.
|inactive|cowboyoctopus has 60 seconds left.
|inactive|SeymoursLeftToeVGC has 60 seconds left.
|
|t:|1782490519
|teamsize|p1|4
|teamsize|p2|4
|start
|switch|p1a: Tyranitar|Tyranitar, L50, F|100/100
|switch|p1b: Excadrill|Excadrill, L50, M|100/100
|switch|p2a: Whimsicott|Whimsicott, L50, M, shiny|100/100
|switch|p2b: Farigiraf|Farigiraf, L50, M|100/100
|-weather|Sandstorm|[from] ability: Sand Stream|[of] p1a: Tyranitar
|turn|1
|
|t:|1782490540
|move|p2b: Farigiraf|Protect|p2b: Farigiraf
|-singleturn|p2b: Farigiraf|Protect
|move|p2a: Whimsicott|Tailwind|p2a: Whimsicott
|-sidestart|p2: SeymoursLeftToeVGC|move: Tailwind
|move|p1b: Excadrill|Iron Head|p2a: Whimsicott
|-supereffective|p2a: Whimsicott|1
|-enditem|p2a: Whimsicott|Focus Sash
|-damage|p2a: Whimsicott|1/100
|-damage|p1b: Excadrill|90/100|[from] item: Life Orb
|move|p1a: Tyranitar|Knock Off|p2b: Farigiraf
|-activate|p2b: Farigiraf|move: Protect
|
|-weather|Sandstorm|[upkeep]
|-damage|p2a: Whimsicott|0 fnt|[from] Sandstorm
|-damage|p2b: Farigiraf|93/100|[from] Sandstorm
|faint|p2a: Whimsicott
|upkeep
|
|t:|1782490556
|switch|p2a: Sceptile|Sceptile, L50, M, shiny|100/100
|turn|2
|inactive|SeymoursLeftToeVGC has 30 seconds left.
|inactive|SeymoursLeftToeVGC has 20 seconds left.
|
|t:|1782490593
|switch|p1b: Meganium|Meganium, L50, F|100/100
|detailschange|p2a: Sceptile|Sceptile-Mega, L50, M, shiny
|-mega|p2a: Sceptile|Sceptile|Sceptilite
|move|p2a: Sceptile|Earth Power|p1b: Meganium
|-resisted|p1b: Meganium|1
|-damage|p1b: Meganium|85/100
|move|p2b: Farigiraf|Hyper Voice|p1b: Meganium|[spread] p1a,p1b
|-resisted|p1a: Tyranitar|1
|-damage|p1a: Tyranitar|87/100
|-damage|p1b: Meganium|40/100
|-damage|p2b: Farigiraf|84/100|[from] item: Life Orb
|move|p1a: Tyranitar|Knock Off|p2b: Farigiraf
|-supereffective|p2b: Farigiraf|1
|-damage|p2b: Farigiraf|0 fnt
|-enditem|p2b: Farigiraf|Life Orb|[from] move: Knock Off|[of] p1a: Tyranitar
|faint|p2b: Farigiraf
|
|-weather|Sandstorm|[upkeep]
|-damage|p2a: Sceptile|93/100|[from] Sandstorm
|-damage|p1b: Meganium|34/100|[from] Sandstorm
|upkeep
|
|t:|1782490610
|switch|p2b: Rotom|Rotom-Wash, L50, shiny|100/100
|turn|3
|
|t:|1782490617
|detailschange|p1b: Meganium|Meganium-Mega, L50, F
|-mega|p1b: Meganium|Meganium|Meganiumite
|move|p1a: Tyranitar|Protect|p1a: Tyranitar
|-singleturn|p1a: Tyranitar|Protect
|move|p2b: Rotom|Discharge|p1a: Tyranitar|[spread] p1b
|-activate|p1a: Tyranitar|move: Protect
|-ability|p2a: Sceptile|Lightning Rod|boost
|-boost|p2a: Sceptile|spa|1
|-resisted|p1b: Meganium|1
|-damage|p1b: Meganium|24/100
|-status|p1b: Meganium|par
|move|p2a: Sceptile|Energy Ball|p1a: Tyranitar
|-activate|p1a: Tyranitar|move: Protect
|move|p1b: Meganium|Synthesis|p1b: Meganium
|-activate|p1b: Meganium|ability: Mega Sol
|-heal|p1b: Meganium|91/100 par
|
|-weather|Sandstorm|[upkeep]
|-damage|p2b: Rotom|93/100|[from] Sandstorm
|-damage|p2a: Sceptile|87/100|[from] Sandstorm
|-damage|p1b: Meganium|85/100 par|[from] Sandstorm
|upkeep
|turn|4
|
|t:|1782490641
|switch|p1a: Aerodactyl|Aerodactyl, L50, M|100/100
|move|p2b: Rotom|Discharge|p1a: Aerodactyl|[spread] p1a,p1b
|-ability|p2a: Sceptile|Lightning Rod|boost
|-boost|p2a: Sceptile|spa|1
|-supereffective|p1a: Aerodactyl|1
|-resisted|p1b: Meganium|1
|-damage|p1a: Aerodactyl|42/100
|-damage|p1b: Meganium|74/100 par
|-status|p1a: Aerodactyl|par
|move|p2a: Sceptile|Energy Ball|p1a: Aerodactyl
|-damage|p1a: Aerodactyl|0 fnt
|faint|p1a: Aerodactyl
|move|p1b: Meganium|Solar Beam||[still]
|-prepare|p1b: Meganium|Solar Beam
|-activate|p1b: Meganium|ability: Mega Sol
|-anim|p1b: Meganium|Solar Beam|p2b: Rotom
|-supereffective|p2b: Rotom|1
|-damage|p2b: Rotom|0 fnt
|faint|p2b: Rotom
|
|-weather|Sandstorm|[upkeep]
|-damage|p2a: Sceptile|81/100|[from] Sandstorm
|-damage|p1b: Meganium|68/100 par|[from] Sandstorm
|-sideend|p2: SeymoursLeftToeVGC|move: Tailwind
|upkeep
|
|t:|1782490656
|switch|p1a: Excadrill|Excadrill, L50, M|90/100
|turn|5
|
|t:|1782490667
|move|p2a: Sceptile|Detect|p2a: Sceptile
|-singleturn|p2a: Sceptile|Protect
|move|p1a: Excadrill|Iron Head|p2a: Sceptile
|-activate|p2a: Sceptile|move: Protect
|move|p1b: Meganium|Weather Ball|p2a: Sceptile
|-activate|p2a: Sceptile|move: Protect
|
|-weather|none
|upkeep
|turn|6
|
|t:|1782490676
|switch|p1b: Tyranitar|Tyranitar, L50, F|87/100
|-weather|Sandstorm|[from] ability: Sand Stream|[of] p1b: Tyranitar
|move|p1a: Excadrill|Iron Head|p2a: Sceptile
|-damage|p2a: Sceptile|0 fnt
|faint|p2a: Sceptile
|-damage|p1a: Excadrill|80/100|[from] item: Life Orb
|
|win|cowboyoctopus
