|j|☆MrRaffa
|j|☆meklae
|html|MrRaffameklae    
|uhtml|bestof|Game 2 of a best-of-3
|t:|1757111723
|gametype|doubles
|player|p1|MrRaffa|n|1118
|player|p2|meklae|2|1235
|gen|9
|tier|[Gen 9] VGC 2025 Reg H (Bo3)
|rated|
|rule|Species Clause: Limit one of each Pokémon
|rule|Item Clause: Limit 1 of each item
|clearpoke
|poke|p1|Gholdengo, L50|
|poke|p1|Sneasler, L50, M|
|poke|p1|Rillaboom, L50, F|
|poke|p1|Dragonite, L50, F|
|poke|p1|Ninetales-Alola, L50, F|
|poke|p1|Arcanine-Hisui, L50, M|
|poke|p2|Arcanine-Hisui, L50, F|
|poke|p2|Rillaboom, L50, F|
|poke|p2|Dragonite, L50, M|
|poke|p2|Sneasler, L50, M|
|poke|p2|Ninetales-Alola, L50, M|
|poke|p2|Gholdengo, L50|
|teampreview|4
|showteam|p1|Gholdengo||GrassySeed|GoodasGold|NastyPlot,MakeItRain,ShadowBall,Protect||||||50|,,,,,Water]Sneasler||WhiteHerb|Unburden|CloseCombat,DireClaw,Coaching,Protect|||M|||50|,,,,,Ghost]Rillaboom||AssaultVest|GrassySurge|FakeOut,GrassyGlide,DrumBeating,HighHorsepower|||F|||50|,,,,,Fire]Dragonite||LoadedDice|Multiscale|ScaleShot,StompingTantrum,Tailwind,Protect|||F|||50|,,,,,Ground]Ninetales-Alola||FocusSash|SnowWarning|Blizzard,IcyWind,Encore,AuroraVeil|||F|||50|,,,,,Ghost]Arcanine-Hisui||ClearAmulet|Intimidate|RockSlide,FlareBlitz,ExtremeSpeed,Protect|||M|||50|,,,,,Water
|showteam|p2|Arcanine-Hisui||ClearAmulet|Intimidate|FlareBlitz,RockSlide,ExtremeSpeed,Protect|||F|||50|,,,,,Water]Rillaboom||AssaultVest|GrassySurge|FakeOut,DrumBeating,HighHorsepower,GrassyGlide|||F|||50|,,,,,Fire]Dragonite||LoadedDice|Multiscale|Tailwind,ScaleShot,StompingTantrum,Protect|||M|||50|,,,,,Ground]Sneasler||WhiteHerb|Unburden|DireClaw,CloseCombat,Coaching,Protect|||M|||50|,,,,,Ghost]Ninetales-Alola||FocusSash|SnowWarning|AuroraVeil,Blizzard,Encore,IcyWind|||M|||50|,,,,,Ghost]Gholdengo||GrassySeed|GoodasGold|MakeItRain,ShadowBall,NastyPlot,Protect||||||50|,,,,,Water
|inactive|Battle timer is ON: inactive players will automatically lose when time's up. (requested by MrRaffa)
|
|t:|1757111743
|teamsize|p1|4
|teamsize|p2|4
|start
|switch|p1a: Gholdengo|Gholdengo, L50|100/100
|switch|p1b: Rillaboom|Rillaboom, L50, F|100/100
|switch|p2a: Rillaboom|Rillaboom, L50, F|100/100
|switch|p2b: Gholdengo|Gholdengo, L50|100/100
|-fieldstart|move: Grassy Terrain|[from] ability: Grassy Surge|[of] p1b: Rillaboom
|-enditem|p1a: Gholdengo|Grassy Seed
|-boost|p1a: Gholdengo|def|1|[from] item: Grassy Seed
|-enditem|p2b: Gholdengo|Grassy Seed
|-boost|p2b: Gholdengo|def|1|[from] item: Grassy Seed
|turn|1
|
|t:|1757111768
|switch|p2b: Arcanine|Arcanine-Hisui, L50, F|100/100
|-ability|p2b: Arcanine|Intimidate|boost
|-unboost|p1a: Gholdengo|atk|1
|-unboost|p1b: Rillaboom|atk|1
|move|p1b: Rillaboom|Drum Beating|p2b: Arcanine
|-damage|p2b: Arcanine|56/100
|move|p1a: Gholdengo|Nasty Plot|p1a: Gholdengo
|-boost|p1a: Gholdengo|spa|2
|move|p2a: Rillaboom|High Horsepower|p1a: Gholdengo
|-supereffective|p1a: Gholdengo
|-damage|p1a: Gholdengo|62/100
|
|-heal|p2b: Arcanine|62/100|[from] Grassy Terrain
|-heal|p1a: Gholdengo|68/100|[from] Grassy Terrain
|upkeep
|turn|2
|inactive|MrRaffa has 30 seconds left.
|inactive|meklae has 30 seconds left.
|
|t:|1757111800
|switch|p2a: Ninetales|Ninetales-Alola, L50, M|100/100
|-weather|Snowscape|[from] ability: Snow Warning|[of] p2a: Ninetales
|-terastallize|p2b: Arcanine|Water
|move|p1a: Gholdengo|Protect|p1a: Gholdengo
|-singleturn|p1a: Gholdengo|Protect
|move|p1b: Rillaboom|High Horsepower|p2b: Arcanine
|-damage|p2b: Arcanine|38/100
|move|p2b: Arcanine|Flare Blitz|p1a: Gholdengo
|-activate|p1a: Gholdengo|move: Protect
|
|-weather|Snowscape|[upkeep]
|-heal|p2b: Arcanine|44/100|[from] Grassy Terrain
|-heal|p1a: Gholdengo|74/100|[from] Grassy Terrain
|upkeep
|turn|3
|inactive|meklae has 30 seconds left.
|
|t:|1757111830
|move|p1b: Rillaboom|Grassy Glide|p2b: Arcanine
|-supereffective|p2b: Arcanine
|-damage|p2b: Arcanine|0 fnt
|faint|p2b: Arcanine
|move|p2a: Ninetales|Aurora Veil|p2a: Ninetales
|-sidestart|p2: meklae|move: Aurora Veil
|move|p1a: Gholdengo|Shadow Ball|p2a: Ninetales
|-damage|p2a: Ninetales|51/100
|
|-weather|Snowscape|[upkeep]
|-heal|p2a: Ninetales|57/100|[from] Grassy Terrain
|-heal|p1a: Gholdengo|81/100|[from] Grassy Terrain
|upkeep
|
|t:|1757111841
|switch|p2b: Gholdengo|Gholdengo, L50|100/100
|turn|4
|inactive|MrRaffa has 30 seconds left.
|
|t:|1757111874
|-terastallize|p1a: Gholdengo|Water
|move|p2a: Ninetales|Icy Wind|p1a: Gholdengo|[spread] p1a,p1b
|-resisted|p1a: Gholdengo
|-supereffective|p1b: Rillaboom
|-damage|p1a: Gholdengo|75/100
|-damage|p1b: Rillaboom|78/100
|-unboost|p1a: Gholdengo|spe|1
|-unboost|p1b: Rillaboom|spe|1
|move|p2b: Gholdengo|Shadow Ball|p1a: Gholdengo
|-damage|p1a: Gholdengo|35/100
|move|p1b: Rillaboom|Drum Beating|p2b: Gholdengo
|-resisted|p2b: Gholdengo
|-crit|p2b: Gholdengo
|-damage|p2b: Gholdengo|66/100
|-unboost|p2b: Gholdengo|spe|1
|move|p1a: Gholdengo|Make It Rain|p2b: Gholdengo|[spread] p2a,p2b
|-supereffective|p2a: Ninetales
|-resisted|p2b: Gholdengo
|-damage|p2a: Ninetales|0 fnt
|-damage|p2b: Gholdengo|39/100
|-unboost|p1a: Gholdengo|spa|1
|faint|p2a: Ninetales
|
|-weather|Snowscape|[upkeep]
|-heal|p1b: Rillaboom|84/100|[from] Grassy Terrain
|-heal|p1a: Gholdengo|42/100|[from] Grassy Terrain
|-heal|p2b: Gholdengo|45/100|[from] Grassy Terrain
|upkeep
|
|t:|1757111892
|switch|p2a: Rillaboom|Rillaboom, L50, F|100/100
|turn|5
|inactive|meklae has 30 seconds left.
|
|t:|1757111924
|switch|p1b: Arcanine|Arcanine-Hisui, L50, M|100/100
|-ability|p1b: Arcanine|Intimidate|boost
|-unboost|p2a: Rillaboom|atk|1
|-unboost|p2b: Gholdengo|atk|1
|move|p1a: Gholdengo|Protect|p1a: Gholdengo
|-singleturn|p1a: Gholdengo|Protect
|move|p2a: Rillaboom|Drum Beating|p1a: Gholdengo
|-activate|p1a: Gholdengo|move: Protect
|move|p2b: Gholdengo|Nasty Plot|p2b: Gholdengo
|-boost|p2b: Gholdengo|spa|2
|
|-weather|Snowscape|[upkeep]
|-heal|p1a: Gholdengo|48/100|[from] Grassy Terrain
|-heal|p2b: Gholdengo|51/100|[from] Grassy Terrain
|-fieldend|move: Grassy Terrain
|upkeep
|turn|6
|inactive|MrRaffa has 30 seconds left.
|inactive|meklae has 30 seconds left.
|inactive|MrRaffa has 20 seconds left.
|inactive|MrRaffa has 15 seconds left.
|
|t:|1757111966
|move|p2b: Gholdengo|Protect|p2b: Gholdengo
|-singleturn|p2b: Gholdengo|Protect
|move|p1b: Arcanine|Flare Blitz|p2b: Gholdengo
|-activate|p2b: Gholdengo|move: Protect
|move|p2a: Rillaboom|High Horsepower|p1b: Arcanine
|-supereffective|p1b: Arcanine
|-damage|p1b: Arcanine|0 fnt
|faint|p1b: Arcanine
|move|p1a: Gholdengo|Shadow Ball|p2a: Rillaboom
|-damage|p2a: Rillaboom|72/100
|-unboost|p2a: Rillaboom|spd|1
|
|-weather|none
|upkeep
|
|t:|1757111970
|switch|p1b: Ninetales|Ninetales-Alola, L50, F|100/100
|-weather|Snowscape|[from] ability: Snow Warning|[of] p1b: Ninetales
|turn|7
|inactive|meklae has 30 seconds left.
|inactive|meklae has 20 seconds left.
|inactive|meklae has 15 seconds left.
|inactive|meklae has 10 seconds left.
|
|t:|1757112016
|move|p1b: Ninetales|Icy Wind|p2a: Rillaboom|[spread] p2a,p2b
|-supereffective|p2a: Rillaboom
|-resisted|p2b: Gholdengo
|-damage|p2a: Rillaboom|49/100
|-damage|p2b: Gholdengo|46/100
|-unboost|p2a: Rillaboom|spe|1
|-unboost|p2b: Gholdengo|spe|1
|move|p1a: Gholdengo|Shadow Ball|p2b: Gholdengo
|-supereffective|p2b: Gholdengo
|-damage|p2b: Gholdengo|0 fnt
|faint|p2b: Gholdengo
|move|p2a: Rillaboom|Drum Beating|p1a: Gholdengo
|-supereffective|p1a: Gholdengo
|-damage|p1a: Gholdengo|16/100
|-unboost|p1a: Gholdengo|spe|1
|
|-weather|Snowscape|[upkeep]
|-sideend|p2: meklae|move: Aurora Veil
|upkeep
|turn|8
|
|t:|1757112023
|move|p1b: Ninetales|Blizzard|p2a: Rillaboom
|-supereffective|p2a: Rillaboom
|-damage|p2a: Rillaboom|0 fnt
|faint|p2a: Rillaboom
|
|win|MrRaffa
||MrRaffa is ready for game 3.
||meklae is ready for game 3.
|uhtml|next|Next: Game 3 of 3
|l|☆meklae
|player|p2|
