|j|☆lure shell
|j|☆Slackermaru
|html|lure shellSlackermaru    
|uhtml|bestof|Game 2 of a best-of-3
|t:|1754653685
|gametype|doubles
|player|p1|lure shell|2|1256
|player|p2|Slackermaru|workerice|1315
|gen|9
|tier|[Gen 9] VGC 2025 Reg H (Bo3)
|rated|
|rule|Species Clause: Limit one of each Pokémon
|rule|Item Clause: Limit 1 of each item
|clearpoke
|poke|p1|Whimsicott, L50, M|
|poke|p1|Dragonite, L50, F|
|poke|p1|Indeedee, L50, M|
|poke|p1|Sneasler, L50, F|
|poke|p1|Ursaluna-Bloodmoon, L50, M|
|poke|p1|Archaludon, L50, F|
|poke|p2|Porygon2, L50|
|poke|p2|Hydreigon, L50, F|
|poke|p2|Incineroar, L50, F|
|poke|p2|Ursaluna, L50, M|
|poke|p2|Amoonguss, L50, F|
|poke|p2|Gholdengo, L50|
|teampreview|4
|showteam|p1|Whimsicott||CovertCloak|Prankster|Moonblast,Taunt,Tailwind,FakeTears|||M|||50|,,,,,Water]Dragonite||LoadedDice|Multiscale|ScaleShot,StompingTantrum,Haze,Protect|||F|||50|,,,,,Steel]Indeedee||FocusSash|PsychicSurge|ExpandingForce,TeraBlast,Imprison,TrickRoom|||M|||50|,,,,,Psychic]Sneasler||PsychicSeed|Unburden|CloseCombat,DireClaw,ThroatChop,Protect|||F|||50|,,,,,Dark]Ursaluna-Bloodmoon||LifeOrb|MindsEye|HyperVoice,BloodMoon,EarthPower,Protect|||M|||50|,,,,,Normal]Archaludon||PowerHerb|Sturdy|ElectroShot,DragonPulse,Thunderbolt,Protect|||F|||50|,,,,,Electric
|showteam|p2|Porygon2||Eviolite|Download|TeraBlast,IceBeam,TrickRoom,Recover||||||50|,,,,,Fighting]Hydreigon||SafetyGoggles|Levitate|Snarl,DracoMeteor,Tailwind,Protect|||F|||50|,,,,,Ghost]Incineroar||SitrusBerry|Intimidate|FlareBlitz,KnockOff,PartingShot,FakeOut|||F|||50|,,,,,Grass]Ursaluna||FlameOrb|Guts|Facade,HeadlongRush,Earthquake,Protect|||M|||50|,,,,,Ghost]Amoonguss||CovertCloak|Regenerator|PollenPuff,Spore,RagePowder,Protect|||F|||50|,,,,,Fire]Gholdengo||MetalCoat|GoodasGold|MakeItRain,ShadowBall,NastyPlot,Protect||||||50|,,,,,Flying
|
|t:|1754653702
|teamsize|p1|4
|teamsize|p2|4
|start
|switch|p1a: Whimsicott|Whimsicott, L50, M|100/100
|switch|p1b: Ursaluna|Ursaluna-Bloodmoon, L50, M|100/100
|switch|p2a: Incineroar|Incineroar, L50, F, shiny|100/100
|switch|p2b: Hydreigon|Hydreigon, L50, F, shiny|100/100
|-ability|p2a: Incineroar|Intimidate|boost
|-unboost|p1a: Whimsicott|atk|1
|-unboost|p1b: Ursaluna|atk|1
|turn|1
|
|t:|1754653721
|move|p2a: Incineroar|Fake Out|p1b: Ursaluna
|-damage|p1b: Ursaluna|90/100
|move|p1a: Whimsicott|Moonblast|p2b: Hydreigon
|-supereffective|p2b: Hydreigon
|-damage|p2b: Hydreigon|0 fnt
|faint|p2b: Hydreigon
|cant|p1b: Ursaluna|flinch
|
|upkeep
|
|t:|1754653730
|switch|p2b: Ursaluna|Ursaluna, L50, M|100/100
|turn|2
|
|t:|1754653770
|-terastallize|p2a: Incineroar|Grass
|move|p1a: Whimsicott|Tailwind|p1a: Whimsicott
|-sidestart|p1: lure shell|move: Tailwind
|move|p1b: Ursaluna|Earth Power|p2a: Incineroar
|-resisted|p2a: Incineroar
|-damage|p2a: Incineroar|65/100
|-damage|p1b: Ursaluna|80/100|[from] item: Life Orb
|move|p2a: Incineroar|Knock Off|p1b: Ursaluna
|-damage|p1b: Ursaluna|48/100
|-enditem|p1b: Ursaluna|Life Orb|[from] move: Knock Off|[of] p2a: Incineroar
|move|p2b: Ursaluna|Headlong Rush|p1b: Ursaluna
|-damage|p1b: Ursaluna|0 fnt
|-unboost|p2b: Ursaluna|def|1
|-unboost|p2b: Ursaluna|spd|1
|faint|p1b: Ursaluna
|
|-status|p2b: Ursaluna|brn|[from] item: Flame Orb
|upkeep
|
|t:|1754653786
|switch|p1b: Dragonite|Dragonite, L50, F|100/100
|turn|3
|
|t:|1754653812
|switch|p2b: Gholdengo|Gholdengo, L50|100/100
|move|p1a: Whimsicott|Moonblast|p2b: Gholdengo
|-resisted|p2b: Gholdengo
|-damage|p2b: Gholdengo|86/100
|-unboost|p2b: Gholdengo|spa|1
|move|p1b: Dragonite|Scale Shot|p2b: Gholdengo|[miss]
|-miss|p1b: Dragonite|p2b: Gholdengo
|move|p2a: Incineroar|Knock Off|p1b: Dragonite
|-damage|p1b: Dragonite|77/100
|-enditem|p1b: Dragonite|Loaded Dice|[from] move: Knock Off|[of] p2a: Incineroar
|
|upkeep
|turn|4
|
|t:|1754653841
|-terastallize|p1a: Whimsicott|Water
|move|p2b: Gholdengo|Protect|p2b: Gholdengo
|-singleturn|p2b: Gholdengo|Protect
|move|p1a: Whimsicott|Fake Tears|p2a: Incineroar
|-unboost|p2a: Incineroar|spd|2
|move|p1b: Dragonite|Stomping Tantrum|p2b: Gholdengo
|-activate|p2b: Gholdengo|move: Protect
|move|p2a: Incineroar|Parting Shot|p1b: Dragonite
|-unboost|p1b: Dragonite|atk|1
|-unboost|p1b: Dragonite|spa|1
|
|t:|1754653852
|switch|p2a: Ursaluna|Ursaluna, L50, M|100/100 brn|[from] Parting Shot
|
|-damage|p2a: Ursaluna|95/100 brn|[from] brn
|upkeep
|turn|5
|
|t:|1754653867
|switch|p2b: Incineroar|Incineroar, L50, F, shiny, tera:Grass|65/100
|-ability|p2b: Incineroar|Intimidate|boost
|-unboost|p1a: Whimsicott|atk|1
|-unboost|p1b: Dragonite|atk|1
|move|p1a: Whimsicott|Moonblast|p2a: Ursaluna
|-damage|p2a: Ursaluna|65/100 brn
|move|p1b: Dragonite|Stomping Tantrum|p2b: Incineroar
|-resisted|p2b: Incineroar
|-damage|p2b: Incineroar|58/100
|move|p2a: Ursaluna|Facade|p1b: Dragonite
|-damage|p1b: Dragonite|0 fnt
|faint|p1b: Dragonite
|
|-damage|p2a: Ursaluna|59/100 brn|[from] brn
|-sideend|p1: lure shell|move: Tailwind
|upkeep
|
|t:|1754653870
|switch|p1b: Sneasler|Sneasler, L50, F|100/100
|turn|6
|
|t:|1754653889
|move|p1b: Sneasler|Protect|p1b: Sneasler
|-singleturn|p1b: Sneasler|Protect
|move|p2b: Incineroar|Fake Out|p1b: Sneasler
|-activate|p1b: Sneasler|move: Protect
|move|p1a: Whimsicott|Moonblast|p2a: Ursaluna
|-damage|p2a: Ursaluna|33/100 brn
|-unboost|p2a: Ursaluna|spa|1
|move|p2a: Ursaluna|Facade|p1a: Whimsicott
|-damage|p1a: Whimsicott|0 fnt
|faint|p1a: Whimsicott
|
|-damage|p2a: Ursaluna|27/100 brn|[from] brn
|upkeep
|turn|7
|
|t:|1754653911
|switch|p2b: Gholdengo|Gholdengo, L50|86/100
|move|p2a: Ursaluna|Protect|p2a: Ursaluna
|-singleturn|p2a: Ursaluna|Protect
|move|p1b: Sneasler|Close Combat|p2a: Ursaluna
|-activate|p2a: Ursaluna|move: Protect
|
|-damage|p2a: Ursaluna|21/100 brn|[from] brn
|upkeep
|turn|8
|
|t:|1754653921
|switch|p2a: Incineroar|Incineroar, L50, F, shiny, tera:Grass|58/100
|-ability|p2a: Incineroar|Intimidate|boost
|-unboost|p1b: Sneasler|atk|1
|move|p1b: Sneasler|Protect|p1b: Sneasler
|-singleturn|p1b: Sneasler|Protect
|move|p2b: Gholdengo|Make It Rain|p1b: Sneasler
|-activate|p1b: Sneasler|move: Protect
|
|upkeep
|turn|9
|
|t:|1754653931
|move|p1b: Sneasler|Protect|p1b: Sneasler
|-singleturn|p1b: Sneasler|Protect
|move|p2a: Incineroar|Fake Out|p1b: Sneasler
|-activate|p1b: Sneasler|move: Protect
|move|p2b: Gholdengo|Make It Rain|p1b: Sneasler
|-activate|p1b: Sneasler|move: Protect
|
|upkeep
|turn|10
|
|t:|1754653942
|move|p1b: Sneasler|Throat Chop|p2b: Gholdengo
|-supereffective|p2b: Gholdengo
|-damage|p2b: Gholdengo|50/100
|-start|p2b: Gholdengo|Throat Chop|[silent]
|move|p2a: Incineroar|Flare Blitz|p1b: Sneasler
|-damage|p1b: Sneasler|17/100
|-damage|p2a: Incineroar|35/100|[from] Recoil
|-enditem|p2a: Incineroar|Sitrus Berry|[eat]
|-heal|p2a: Incineroar|60/100|[from] item: Sitrus Berry
|move|p2b: Gholdengo|Make It Rain|p1b: Sneasler
|-damage|p1b: Sneasler|0 fnt
|-unboost|p2b: Gholdengo|spa|1
|faint|p1b: Sneasler
|
|win|Slackermaru
|raw|lure shell's rating: 1256 → 1235(-21 for losing)
|raw|Slackermaru's rating: 1315 → 1332(+17 for winning)
|l|☆lure shell
|player|p1|
