|j|☆Sven
|j|☆kunal
|html|Svenkunal    
|uhtml|bestof|Game 3 of a best-of-3
|t:|1785694871
|gametype|doubles
|player|p1|Sven|#smogonxnpa2024winner|
|player|p2|kunal|#wcop2026uswest|
|gen|9
|tier|[Gen 9 Champions] VGC 2026 Reg M-B (Bo3)
|rule|Species Clause: Limit one of each Pokémon
|rule|Item Clause: Limit 1 of each item
|clearpoke
|poke|p1|Froslass, L50, F|
|poke|p1|Basculegion, L50, M|
|poke|p1|Kingambit, L50, F|
|poke|p1|Sneasler, L50, F|
|poke|p1|Lycanroc-Dusk, L50, F|
|poke|p1|Scovillain, L50, F, shiny|
|poke|p2|Whimsicott, L50, M|
|poke|p2|Floette-Eternal, L50, F|
|poke|p2|Charizard, L50, F|
|poke|p2|Garchomp, L50, F|
|poke|p2|Incineroar, L50, F|
|poke|p2|Basculegion, L50, M|
|teampreview|4
|showteam|p1|Froslass||Froslassite|CursedBody|Blizzard,ShadowBall,AuroraVeil,Protect|Timid||F|||50|]Basculegion||SitrusBerry|Adaptability|WaveCrash,LastRespects,AquaJet,Protect|Adamant||M|||50|]Kingambit||LifeOrb|Defiant|KowtowCleave,SuckerPunch,SwordsDance,Protect|Adamant||F|||50|]Sneasler||WhiteHerb|Unburden|CloseCombat,GunkShot,FakeOut,Protect|Adamant||F|||50|]Lycanroc-Dusk||FocusSash|ToughClaws|RockSlide,CloseCombat,Accelerock,Protect|Adamant||F|||50|]Scovillain||Scovillainite|Moody|Overheat,GigaDrain,RagePowder,Protect|Bold||F|||50|
|showteam|p2|Whimsicott||FocusSash|Prankster|Moonblast,Tailwind,Encore,Protect|Timid||M|||50|]Floette-Eternal||Floettite|FlowerVeil|Moonblast,DazzlingGleam,CalmMind,Protect|Timid||F|||50|]Charizard||CharizarditeY|Blaze|WeatherBall,HeatWave,SolarBeam,Protect|Modest||F|||50|]Garchomp||LifeOrb|RoughSkin|Earthquake,DragonClaw,RockSlide,Protect|Jolly||F|||50|]Incineroar||SitrusBerry|Intimidate|FakeOut,ThroatChop,HelpingHand,PartingShot|Impish||F|||50|]Basculegion||MysticWater|Adaptability|WaveCrash,AquaJet,LastRespects,Protect|Adamant||M|||50|
|inactive|Battle timer is ON: inactive players will automatically lose when time's up. (requested by Sven)
|j| Kiogrus24
|j|+Arcticblast
|j| LogIce
|j| srvoltmike
|l| srvoltmike
|j| MyPokemonRBad12
|j| Lmk
|inactive|kunal has 60 seconds left.
|j| Alolan HTH
|l| LogIce
|inactive|kunal has 30 seconds left.
|
|t:|1785694932
|teamsize|p1|4
|teamsize|p2|4
|start
|switch|p1a: Froslass|Froslass, L50, F|100/100
|switch|p1b: Lycanroc|Lycanroc-Dusk, L50, F|100/100
|switch|p2a: Floette|Floette-Eternal, L50, F|100/100
|switch|p2b: Garchomp|Garchomp, L50, F|100/100
|turn|1
|j| srvoltmike
|
|t:|1785694954
|switch|p2b: Incineroar|Incineroar, L50, F|100/100
|-ability|p2b: Incineroar|Intimidate|boost
|-unboost|p1a: Froslass|atk|1
|-unboost|p1b: Lycanroc|atk|1
|detailschange|p1a: Froslass|Froslass-Mega, L50, F
|-mega|p1a: Froslass|Froslass|Froslassite
|-weather|Snowscape|[from] ability: Snow Warning|[of] p1a: Froslass
|move|p2a: Floette|Protect|p2a: Floette
|-singleturn|p2a: Floette|Protect
|move|p1a: Froslass|Blizzard|p2a: Floette|[spread] p2b
|-activate|p2a: Floette|move: Protect
|-resisted|p2b: Incineroar|1
|-damage|p2b: Incineroar|83/100
|move|p1b: Lycanroc|Rock Slide|p2b: Incineroar|[spread] p2b
|-activate|p2a: Floette|move: Protect
|-supereffective|p2b: Incineroar|1
|-damage|p2b: Incineroar|52/100
|
|-weather|Snowscape|[upkeep]
|upkeep
|turn|2
|
|t:|1785694969
|switch|p1b: Basculegion|Basculegion, L50, M|100/100
|detailschange|p2a: Floette|Floette-Mega, L50, F
|-mega|p2a: Floette|Floette|Floettite
|-ability|p2a: Floette|Fairy Aura
|move|p1a: Froslass|Blizzard|p2a: Floette|[spread] p2a,p2b
|-resisted|p2b: Incineroar|1
|-damage|p2a: Floette|71/100
|-damage|p2b: Incineroar|38/100
|-status|p2a: Floette|frz
|-enditem|p2b: Incineroar|Sitrus Berry|[eat]
|-heal|p2b: Incineroar|62/100|[from] item: Sitrus Berry
|-curestatus|p2a: Floette|frz|[msg]
|move|p2a: Floette|Calm Mind|p2a: Floette
|-boost|p2a: Floette|spa|1
|-boost|p2a: Floette|spd|1
|move|p2b: Incineroar|Parting Shot|p1a: Froslass
|-unboost|p1a: Froslass|atk|1
|-unboost|p1a: Froslass|spa|1
|
|t:|1785694986
|switch|p2b: Whimsicott|Whimsicott, L50, M|100/100|[from] Parting Shot
|
|-weather|Snowscape|[upkeep]
|upkeep
|turn|3
|
|t:|1785694996
|switch|p1a: Kingambit|Kingambit, L50, F|100/100
|move|p2a: Floette|Protect|p2a: Floette
|-singleturn|p2a: Floette|Protect
|move|p2b: Whimsicott|Moonblast|p1b: Basculegion
|-damage|p1b: Basculegion|58/100
|move|p1b: Basculegion|Wave Crash|p2a: Floette
|-activate|p2a: Floette|move: Protect
|
|-weather|Snowscape|[upkeep]
|upkeep
|turn|4
|j| LogIce
|inactive|Sven has 30 seconds left.
|j| Code
|inactive|Sven has 20 seconds left.
|inactive|Sven has 15 seconds left.
|
|t:|1785695046
|move|p1b: Basculegion|Aqua Jet|p2a: Floette
|-damage|p2a: Floette|42/100
|move|p2b: Whimsicott|Moonblast|p1a: Kingambit
|-damage|p1a: Kingambit|54/100
|-unboost|p1a: Kingambit|spa|1
|-ability|p1a: Kingambit|Defiant|boost
|-boost|p1a: Kingambit|atk|2
|move|p2a: Floette|Moonblast|p1b: Basculegion
|-damage|p1b: Basculegion|0 fnt
|faint|p1b: Basculegion
|move|p1a: Kingambit|Swords Dance|p1a: Kingambit
|-boost|p1a: Kingambit|atk|2
|
|-weather|Snowscape|[upkeep]
|upkeep
|
|t:|1785695049
|switch|p1b: Froslass|Froslass-Mega, L50, F|100/100
|turn|5
|inactive|kunal has 30 seconds left.
|inactive|Sven has 30 seconds left.
|inactive|kunal has 20 seconds left.
|inactive|kunal has 15 seconds left.
|
|t:|1785695094
|move|p2a: Floette|Protect|p2a: Floette
|-singleturn|p2a: Floette|Protect
|move|p2b: Whimsicott|Tailwind|p2b: Whimsicott
|-sidestart|p2: kunal|move: Tailwind
|move|p1b: Froslass|Blizzard|p2a: Floette|[spread] p2b
|-activate|p2a: Floette|move: Protect
|-supereffective|p2b: Whimsicott|1
|-enditem|p2b: Whimsicott|Focus Sash
|-damage|p2b: Whimsicott|1/100
|move|p1a: Kingambit|Kowtow Cleave|p2b: Whimsicott
|-resisted|p2b: Whimsicott|1
|-damage|p2b: Whimsicott|0 fnt
|faint|p2b: Whimsicott
|-damage|p1a: Kingambit|44/100|[from] item: Life Orb
|
|-weather|none
|upkeep
|
|t:|1785695109
|switch|p2b: Garchomp|Garchomp, L50, F|100/100
|turn|6
|inactive|Sven has 30 seconds left.
|inactive|kunal has 30 seconds left.
|inactive|Sven has 20 seconds left.
|inactive|kunal has 20 seconds left.
|inactive|kunal has 15 seconds left.
|inactive|kunal has 10 seconds left.
|l| LogIce
|inactive|kunal has 5 seconds left.
|j| LogIce
|
|t:|1785695159
|move|p1a: Kingambit|Sucker Punch|p2a: Floette
|-resisted|p2a: Floette|1
|-damage|p2a: Floette|0 fnt
|faint|p2a: Floette
|-damage|p1a: Kingambit|35/100|[from] item: Life Orb
|move|p2b: Garchomp|Rock Slide|p1b: Froslass|[spread] p1a,p1b
|-resisted|p1a: Kingambit|1
|-supereffective|p1b: Froslass|1
|-damage|p1a: Kingambit|26/100
|-damage|p1b: Froslass|26/100
|-damage|p2b: Garchomp|90/100|[from] item: Life Orb
|move|p1b: Froslass|Blizzard|p2b: Garchomp|[miss]
|-miss|p1b: Froslass|p2b: Garchomp
|
|upkeep
|
|t:|1785695162
|switch|p2a: Incineroar|Incineroar, L50, F|62/100
|-ability|p2a: Incineroar|Intimidate|boost
|-unboost|p1a: Kingambit|atk|1
|-ability|p1a: Kingambit|Defiant|boost
|-boost|p1a: Kingambit|atk|2
|-unboost|p1b: Froslass|atk|1
|turn|7
|
|t:|1785695175
|move|p2b: Garchomp|Protect|p2b: Garchomp
|-singleturn|p2b: Garchomp|Protect
|move|p1b: Froslass|Protect|p1b: Froslass
|-singleturn|p1b: Froslass|Protect
|move|p1a: Kingambit|Protect|p1a: Kingambit
|-singleturn|p1a: Kingambit|Protect
|move|p2a: Incineroar|Throat Chop|p1a: Kingambit
|-activate|p1a: Kingambit|move: Protect
|
|upkeep
|turn|8
|l| Code
|
|t:|1785695189
|switch|p1b: Lycanroc|Lycanroc-Dusk, L50, F|100/100
|move|p2b: Garchomp|Protect||[still]
|-fail|p2b: Garchomp
|move|p1a: Kingambit|Sucker Punch||[still]
|-fail|p1a: Kingambit
|move|p2a: Incineroar|Throat Chop|p1a: Kingambit
|-resisted|p1a: Kingambit|1
|-damage|p1a: Kingambit|14/100
|-start|p1a: Kingambit|Throat Chop|[silent]
|
|-sideend|p2: kunal|move: Tailwind
|upkeep
|turn|9
|l| srvoltmike
|
|t:|1785695205
|move|p1a: Kingambit|Sucker Punch|p2b: Garchomp
|-damage|p2b: Garchomp|0 fnt
|-damage|p1a: Kingambit|2/100|[from] ability: Rough Skin|[of] p2b: Garchomp
|faint|p2b: Garchomp
|-damage|p1a: Kingambit|0 fnt|[from] item: Life Orb
|faint|p1a: Kingambit
|move|p1b: Lycanroc|Close Combat|p2a: Incineroar
|-supereffective|p2a: Incineroar|1
|-crit|p2a: Incineroar
|-damage|p2a: Incineroar|0 fnt
|-unboost|p1b: Lycanroc|def|1
|-unboost|p1b: Lycanroc|spd|1
|faint|p2a: Incineroar
|
|win|Sven
|c|☆Sven|ggs
|c|☆kunal|ggs
|l| Lmk
|j| Code
|l| Code
|l|☆kunal
|player|p2|
|l| Kiogrus24
|l|+Arcticblast
|l| LogIce
|l| Alolan HTH
|l| MyPokemonRBad12
