|j|☆sandy ghost 5
|j|☆Saw725
|html|sandy ghost 5Saw725    
|uhtml|bestof|Game 1 of a best-of-3
|t:|1756926093
|gametype|doubles
|player|p1|sandy ghost 5|baker|1320
|player|p2|Saw725|gentleman-gen4|1278
|gen|9
|tier|[Gen 9] VGC 2025 Reg H (Bo3)
|rated|
|rule|Species Clause: Limit one of each Pokémon
|rule|Item Clause: Limit 1 of each item
|clearpoke
|poke|p1|Tyranitar, L50, M|
|poke|p1|Excadrill, L50, M|
|poke|p1|Sinistcha-Masterpiece, L50|
|poke|p1|Salamence, L50, F|
|poke|p1|Blaziken, L50, M|
|poke|p1|Bruxish, L50, M|
|poke|p2|Dragonite, L50, F|
|poke|p2|Gholdengo, L50|
|poke|p2|Ursaluna, L50, M|
|poke|p2|Porygon2, L50|
|poke|p2|Incineroar, L50, F|
|poke|p2|Amoonguss, L50, F|
|teampreview|4
|showteam|p1|Tyranitar||ClearAmulet|SandStream|RockSlide,KnockOff,DragonDance,Protect|||M|||50|,,,,,Grass]Excadrill||AssaultVest|SandRush|Earthquake,IronHead,HighHorsepower,RockSlide|||M|||50|,,,,,Ghost]Sinistcha-Masterpiece||SitrusBerry|Hospitality|ShadowBall,MatchaGotcha,RagePowder,Protect||||||50|,,,,,Dark]Salamence||LifeOrb|Intimidate|DracoMeteor,AirSlash,Protect,Tailwind|||F|||50|,,,,,Ghost]Blaziken||CovertCloak|SpeedBoost|AuraSphere,HeatWave,Coaching,WillOWisp|||M|||50|,,,,,Dragon]Bruxish||ChoiceScarf|Dazzling|PsychicFangs,FlipTurn,WaveCrash,SuperFang|||M|||50|,,,,,Water
|showteam|p2|Dragonite||LoadedDice|Multiscale|ScaleShot,Haze,Tailwind,Protect|||F|||50|,,,,,Fairy]Gholdengo||LifeOrb|GoodasGold|MakeItRain,ShadowBall,NastyPlot,Protect||||||50|,,,,,Water]Ursaluna||FlameOrb|Guts|Facade,HeadlongRush,Earthquake,Protect|||M|||50|,,,,,Fairy]Porygon2||Eviolite|Download|TeraBlast,IceBeam,TrickRoom,Recover||||||50|,,,,,Fighting]Incineroar||SafetyGoggles|Intimidate|FlareBlitz,KnockOff,PartingShot,FakeOut|||F|||50|,,,,,Ghost]Amoonguss||SitrusBerry|Regenerator|SludgeBomb,Spore,RagePowder,Protect|||F|||50|,,,,,Water
|inactive|Battle timer is ON: inactive players will automatically lose when time's up. (requested by sandy ghost 5)
|
|t:|1756926169
|teamsize|p1|4
|teamsize|p2|4
|start
|switch|p1a: Blaziken|Blaziken, L50, M|100/100
|switch|p1b: Excadrill|Excadrill, L50, M|100/100
|switch|p2a: Porygon2|Porygon2, L50|100/100
|switch|p2b: Incineroar|Incineroar, L50, F|100/100
|-ability|p2b: Incineroar|Intimidate|boost
|-unboost|p1a: Blaziken|atk|1
|-unboost|p1b: Excadrill|atk|1
|-ability|p2a: Porygon2|Download|boost
|-boost|p2a: Porygon2|atk|1
|turn|1
|
|t:|1756926194
|move|p2b: Incineroar|Fake Out|p1a: Blaziken
|-damage|p1a: Blaziken|83/100
|move|p1a: Blaziken|Aura Sphere|p2b: Incineroar
|-supereffective|p2b: Incineroar
|-damage|p2b: Incineroar|28/100
|move|p1b: Excadrill|High Horsepower|p2b: Incineroar
|-supereffective|p2b: Incineroar
|-crit|p2b: Incineroar
|-damage|p2b: Incineroar|0 fnt
|faint|p2b: Incineroar
|move|p2a: Porygon2|Trick Room|p2a: Porygon2
|-fieldstart|move: Trick Room|[of] p2a: Porygon2
|
|-ability|p1a: Blaziken|Speed Boost|boost
|-boost|p1a: Blaziken|spe|1
|upkeep
|
|t:|1756926203
|switch|p2b: Ursaluna|Ursaluna, L50, M|100/100
|turn|2
|inactive|Saw725 has 30 seconds left.
|
|t:|1756926235
|switch|p2a: Amoonguss|Amoonguss, L50, F|100/100
|switch|p1b: Puppet|Sinistcha-Masterpiece, L50|100/100
|-heal|p1a: Blaziken|100/100|[from] ability: Hospitality|[of] p1b: Puppet
|switch|p1a: Salamence|Salamence, L50, F|100/100
|-ability|p1a: Salamence|Intimidate|boost
|-unboost|p2a: Amoonguss|atk|1
|-unboost|p2b: Ursaluna|atk|1
|move|p2b: Ursaluna|Headlong Rush|p1a: Salamence
|-immune|p1a: Salamence
|
|-status|p2b: Ursaluna|brn|[from] item: Flame Orb
|upkeep
|turn|3
|
|t:|1756926255
|switch|p2b: Porygon2|Porygon2, L50|100/100
|-ability|p2b: Porygon2|Download|boost
|-boost|p2b: Porygon2|spa|1
|move|p1a: Salamence|Protect|p1a: Salamence
|-singleturn|p1a: Salamence|Protect
|move|p2a: Amoonguss|Spore|p1a: Salamence
|-activate|p1a: Salamence|move: Protect
|move|p1b: Puppet|Matcha Gotcha|p2a: Amoonguss|[spread] p2a,p2b
|-resisted|p2a: Amoonguss
|-damage|p2a: Amoonguss|95/100
|-damage|p2b: Porygon2|83/100
|-status|p2a: Amoonguss|brn
|
|-damage|p2a: Amoonguss|89/100 brn|[from] brn
|upkeep
|turn|4
|
|t:|1756926278
|move|p2a: Amoonguss|Spore|p1a: Salamence
|-status|p1a: Salamence|slp|[from] move: Spore
|move|p2b: Porygon2|Ice Beam|p1b: Puppet
|-supereffective|p1b: Puppet
|-damage|p1b: Puppet|31/100
|-enditem|p1b: Puppet|Sitrus Berry|[eat]
|-heal|p1b: Puppet|56/100|[from] item: Sitrus Berry
|move|p1b: Puppet|Matcha Gotcha|p2a: Amoonguss|[spread] p2a,p2b
|-resisted|p2a: Amoonguss
|-damage|p2a: Amoonguss|84/100 brn
|-heal|p1b: Puppet|60/100|[from] drain|[of] p2a: Amoonguss
|-damage|p2b: Porygon2|66/100
|-heal|p1b: Puppet|69/100|[from] drain|[of] p2b: Porygon2
|cant|p1a: Salamence|slp
|
|-damage|p2a: Amoonguss|78/100 brn|[from] brn
|upkeep
|turn|5
|inactive|sandy ghost 5 has 30 seconds left.
|inactive|Saw725 has 30 seconds left.
|
|t:|1756926308
|switch|p2a: Ursaluna|Ursaluna, L50, M|100/100 brn
|move|p1b: Puppet|Protect|p1b: Puppet
|-singleturn|p1b: Puppet|Protect
|move|p2b: Porygon2|Ice Beam|p1b: Puppet
|-activate|p1b: Puppet|move: Protect
|cant|p1a: Salamence|slp
|
|-damage|p2a: Ursaluna|95/100 brn|[from] brn
|-fieldend|move: Trick Room
|upkeep
|turn|6
|inactive|Saw725 has 30 seconds left.
|inactive|Saw725 has 20 seconds left.
|
|t:|1756926347
|-terastallize|p2a: Ursaluna|Fairy
|cant|p1a: Salamence|slp
|move|p1b: Puppet|Matcha Gotcha|p2a: Ursaluna|[spread] p2a,p2b
|-damage|p2a: Ursaluna|69/100 brn
|-heal|p1b: Puppet|86/100|[from] drain|[of] p2a: Ursaluna
|-damage|p2b: Porygon2|48/100
|-heal|p1b: Puppet|95/100|[from] drain|[of] p2b: Porygon2
|move|p2b: Porygon2|Ice Beam|p1b: Puppet
|-supereffective|p1b: Puppet
|-damage|p1b: Puppet|20/100
|move|p2a: Ursaluna|Facade|p1a: Salamence
|-damage|p1a: Salamence|0 fnt
|faint|p1a: Salamence
|
|-damage|p2a: Ursaluna|63/100 brn|[from] brn
|upkeep
|
|t:|1756926369
|switch|p1a: Excadrill|Excadrill, L50, M|100/100
|turn|7
|inactive|Saw725 has 30 seconds left.
|
|t:|1756926405
|move|p2a: Ursaluna|Protect|p2a: Ursaluna
|-singleturn|p2a: Ursaluna|Protect
|move|p1a: Excadrill|High Horsepower|p2b: Porygon2
|-damage|p2b: Porygon2|14/100
|move|p1b: Puppet|Matcha Gotcha|p2b: Porygon2|[spread] p2b
|-activate|p2a: Ursaluna|move: Protect
|-damage|p2b: Porygon2|0 fnt
|-heal|p1b: Puppet|28/100|[from] drain|[of] p2b: Porygon2
|faint|p2b: Porygon2
|
|-damage|p2a: Ursaluna|57/100 brn|[from] brn
|upkeep
|
|t:|1756926417
|switch|p2b: Amoonguss|Amoonguss, L50, F|100/100 brn
|turn|8
|-message|Saw725 forfeited.
|
|win|sandy ghost 5
||Saw725 is ready for game 2.
|inactive|sandy ghost 5 has 30 seconds to confirm battle start!
||sandy ghost 5 is ready for game 2.
|uhtml|next|Next: Game 2 of 3
