|j|☆osanodfafa
|j|☆Il Mule
|html|osanodfafaIl Mule    
|uhtml|bestof|Game 3 of a best-of-3
|t:|1783071226
|gametype|doubles
|player|p1|osanodfafa|265|1177
|player|p2|Il Mule|salvatore|1397
|gen|9
|tier|[Gen 9 Champions] VGC 2026 Reg M-B (Bo3)
|rated|
|rule|Species Clause: Limit one of each Pokémon
|rule|Item Clause: Limit 1 of each item
|clearpoke
|poke|p1|Excadrill, L50, M|
|poke|p1|Tyranitar, L50, F|
|poke|p1|Rotom-Heat, L50|
|poke|p1|Farigiraf, L50, F|
|poke|p1|Sylveon, L50, F|
|poke|p1|Sceptile, L50, M|
|poke|p2|Excadrill, L50, M|
|poke|p2|Tyranitar, L50, F|
|poke|p2|Sneasler, L50, M|
|poke|p2|Incineroar, L50, F|
|poke|p2|Froslass, L50, F|
|poke|p2|Sinistcha, L50|
|teampreview|4
|showteam|p1|Excadrill||FocusSash|SandRush|Earthquake,RockSlide,IronHead,Protect|Adamant||M|||50|]Tyranitar||Tyranitarite|SandStream|RockSlide,KnockOff,LowKick,Protect|Adamant||F|||50|]Rotom-Heat||ChoiceScarf|Levitate|Electroweb,Overheat,VoltSwitch,Discharge|Timid|||||50|]Farigiraf||ColburBerry|ArmorTail|Psychic,Thunderbolt,TrickRoom,Imprison|Bold||F|||50|]Sylveon||FairyFeather|Pixilate|HyperVoice,HyperBeam,QuickAttack,Detect|Modest||F|||50|]Sceptile||Sceptilite|Overgrow|GrassKnot,DragonPulse,EarthPower,Detect|Timid||M|||50|
|showteam|p2|Excadrill||FocusSash|SandRush|HighHorsepower,RockSlide,IronHead,Protect|Adamant||M|||50|]Tyranitar||Tyranitarite|SandStream|KnockOff,RockSlide,DragonDance,Protect|Adamant||F|||50|]Sneasler||WhiteHerb|Unburden|CloseCombat,DireClaw,Coaching,FakeOut|Jolly||M|||50|]Incineroar||SitrusBerry|Intimidate|FlareBlitz,HelpingHand,PartingShot,FakeOut|Impish||F|||50|]Froslass||Froslassite|CursedBody|Blizzard,ShadowBall,NastyPlot,Protect|Timid||F|||50|]Sinistcha||ColburBerry|Hospitality|MatchaGotcha,ShadowBall,RagePowder,Protect|Bold|||||50|
|
|t:|1783071263
|teamsize|p1|4
|teamsize|p2|4
|start
|switch|p1a: Excadrill|Excadrill, L50, M|100/100
|switch|p1b: Sceptile|Sceptile, L50, M|100/100
|switch|p2a: Gervasoni|Excadrill, L50, M|100/100
|switch|p2b: Quando provo|Tyranitar, L50, F|100/100
|-weather|Sandstorm|[from] ability: Sand Stream|[of] p2b: Quando provo
|turn|1
|
|t:|1783071304
|switch|p1b: Rotom|Rotom-Heat, L50|100/100
|switch|p2b: Sidy|Incineroar, L50, F|100/100
|-ability|p2b: Sidy|Intimidate|boost
|-unboost|p1a: Excadrill|atk|1
|-unboost|p1b: Rotom|atk|1
|move|p1a: Excadrill|Earthquake|p2b: Sidy|[spread] p2a,p2b
|-immune|p1b: Rotom|[from] ability: Levitate
|-supereffective|p2a: Gervasoni|1
|-supereffective|p2b: Sidy|1
|-damage|p2a: Gervasoni|19/100
|-damage|p2b: Sidy|58/100
|move|p2a: Gervasoni|Iron Head|p1b: Rotom
|-resisted|p1b: Rotom|2
|-damage|p1b: Rotom|85/100
|
|-weather|Sandstorm|[upkeep]
|-damage|p1b: Rotom|79/100|[from] Sandstorm
|-damage|p2b: Sidy|52/100|[from] Sandstorm
|upkeep
|turn|2
|
|t:|1783071326
|switch|p1b: Farigiraf|Farigiraf, L50, F|100/100
|move|p2b: Sidy|Helping Hand|p2a: Gervasoni
|-singleturn|p2a: Gervasoni|Helping Hand|[of] p2b: Sidy
|move|p2a: Gervasoni|Rock Slide|p1b: Farigiraf|[spread] p1a,p1b
|-resisted|p1a: Excadrill|2
|-damage|p1a: Excadrill|88/100
|-damage|p1b: Farigiraf|74/100
|move|p1a: Excadrill|Earthquake|p2a: Gervasoni|[spread] p1b,p2a,p2b
|-supereffective|p2a: Gervasoni|1
|-supereffective|p2b: Sidy|1
|-damage|p1b: Farigiraf|54/100
|-damage|p2a: Gervasoni|0 fnt
|-damage|p2b: Sidy|13/100
|-enditem|p2b: Sidy|Sitrus Berry|[eat]
|-heal|p2b: Sidy|38/100|[from] item: Sitrus Berry
|faint|p2a: Gervasoni
|
|-weather|Sandstorm|[upkeep]
|-damage|p1b: Farigiraf|48/100|[from] Sandstorm
|-damage|p2b: Sidy|32/100|[from] Sandstorm
|upkeep
|
|t:|1783071339
|switch|p2a: Quando provo|Tyranitar, L50, F|100/100
|turn|3
|
|t:|1783071357
|switch|p1b: Rotom|Rotom-Heat, L50|79/100
|switch|p2b: la sburè|Sinistcha, L50|100/100
|detailschange|p2a: Quando provo|Tyranitar-Mega, L50, F
|-mega|p2a: Quando provo|Tyranitar|Tyranitarite
|move|p1a: Excadrill|Earthquake|p2b: la sburè|[spread] p2a,p2b
|-immune|p1b: Rotom|[from] ability: Levitate
|-supereffective|p2a: Quando provo|1
|-resisted|p2b: la sburè|1
|-damage|p2a: Quando provo|66/100
|-damage|p2b: la sburè|88/100
|move|p2a: Quando provo|Dragon Dance|p2a: Quando provo
|-boost|p2a: Quando provo|atk|1
|-boost|p2a: Quando provo|spe|1
|
|-weather|Sandstorm|[upkeep]
|-damage|p1b: Rotom|74/100|[from] Sandstorm
|-damage|p2b: la sburè|82/100|[from] Sandstorm
|upkeep
|turn|4
|
|t:|1783071369
|switch|p2b: Sidy|Incineroar, L50, F|32/100
|-ability|p2b: Sidy|Intimidate|boost
|-unboost|p1a: Excadrill|atk|1
|-unboost|p1b: Rotom|atk|1
|move|p1a: Excadrill|Earthquake|p2b: Sidy|[spread] p2a,p2b
|-immune|p1b: Rotom|[from] ability: Levitate
|-supereffective|p2a: Quando provo|1
|-supereffective|p2b: Sidy|1
|-damage|p2a: Quando provo|39/100
|-damage|p2b: Sidy|2/100
|move|p1b: Rotom|Discharge|p2a: Quando provo|[spread] p2a,p2b
|-immune|p1a: Excadrill
|-damage|p2a: Quando provo|25/100
|-damage|p2b: Sidy|0 fnt
|-status|p2a: Quando provo|par
|faint|p2b: Sidy
|move|p2a: Quando provo|Dragon Dance|p2a: Quando provo
|-boost|p2a: Quando provo|atk|1
|-boost|p2a: Quando provo|spe|1
|
|-weather|Sandstorm|[upkeep]
|-damage|p1b: Rotom|68/100|[from] Sandstorm
|upkeep
|c|☆Il Mule|no dai frate
|c|☆Il Mule|non è giusto
|
|t:|1783071381
|switch|p2b: la sburè|Sinistcha, L50|82/100
|-heal|p2a: Quando provo|49/100 par|[from] ability: Hospitality|[of] p2b: la sburè
|turn|5
|
|t:|1783071395
|move|p2a: Quando provo|Protect|p2a: Quando provo
|-singleturn|p2a: Quando provo|Protect
|move|p1a: Excadrill|Earthquake|p2a: Quando provo|[spread] p2b
|-activate|p2a: Quando provo|move: Protect
|-immune|p1b: Rotom|[from] ability: Levitate
|-resisted|p2b: la sburè|1
|-damage|p2b: la sburè|72/100
|move|p1b: Rotom|Discharge|p2a: Quando provo|[spread] p2b
|-activate|p2a: Quando provo|move: Protect
|-immune|p1a: Excadrill
|-resisted|p2b: la sburè|1
|-damage|p2b: la sburè|58/100
|move|p2b: la sburè|Matcha Gotcha|p1a: Excadrill|[spread] p1b
|-miss|p2b: la sburè|p1a: Excadrill
|-resisted|p1b: Rotom|1
|-damage|p1b: Rotom|51/100
|-heal|p2b: la sburè|65/100|[from] drain|[of] p1b: Rotom
|
|-weather|none
|upkeep
|turn|6
|
|t:|1783071417
|switch|p1b: Farigiraf|Farigiraf, L50, F|48/100
|move|p1a: Excadrill|Earthquake|p2b: la sburè|[spread] p1b,p2a,p2b
|-supereffective|p2a: Quando provo|1
|-resisted|p2b: la sburè|1
|-damage|p1b: Farigiraf|32/100
|-damage|p2a: Quando provo|22/100 par
|-damage|p2b: la sburè|56/100
|cant|p2a: Quando provo|par
|move|p2b: la sburè|Matcha Gotcha|p1b: Farigiraf|[spread] p1a,p1b
|-damage|p1a: Excadrill|57/100
|-heal|p2b: la sburè|72/100|[from] drain|[of] p1a: Excadrill
|-damage|p1b: Farigiraf|7/100
|-heal|p2b: la sburè|88/100|[from] drain|[of] p1b: Farigiraf
|
|upkeep
|turn|7
|
|t:|1783071431
|move|p2a: Quando provo|Protect|p2a: Quando provo
|-singleturn|p2a: Quando provo|Protect
|move|p1a: Excadrill|Earthquake|p2b: la sburè|[spread] p1b,p2b
|-activate|p2a: Quando provo|move: Protect
|-resisted|p2b: la sburè|1
|-damage|p1b: Farigiraf|0 fnt
|-damage|p2b: la sburè|79/100
|faint|p1b: Farigiraf
|move|p2b: la sburè|Matcha Gotcha|p1a: Excadrill
|-damage|p1a: Excadrill|9/100
|-heal|p2b: la sburè|100/100|[from] drain|[of] p1a: Excadrill
|
|upkeep
|
|t:|1783071437
|switch|p1b: Rotom|Rotom-Heat, L50|51/100
|turn|8
|
|t:|1783071443
|move|p1b: Rotom|Discharge|p2b: la sburè|[spread] p2a,p2b
|-immune|p1a: Excadrill
|-resisted|p2b: la sburè|1
|-damage|p2a: Quando provo|1/100 par
|-damage|p2b: la sburè|86/100
|move|p1a: Excadrill|Earthquake|p2b: la sburè|[spread] p2a,p2b
|-immune|p1b: Rotom|[from] ability: Levitate
|-supereffective|p2a: Quando provo|1
|-resisted|p2b: la sburè|1
|-crit|p2b: la sburè
|-damage|p2a: Quando provo|0 fnt
|-damage|p2b: la sburè|60/100
|faint|p2a: Quando provo
|move|p2b: la sburè|Matcha Gotcha|p1a: Excadrill|[spread] p1a,p1b
|-resisted|p1b: Rotom|1
|-damage|p1a: Excadrill|0 fnt
|-heal|p2b: la sburè|65/100|[from] drain|[of] p1a: Excadrill
|-damage|p1b: Rotom|36/100
|-heal|p2b: la sburè|71/100|[from] drain|[of] p1b: Rotom
|faint|p1a: Excadrill
|
|upkeep
|
|t:|1783071451
|switch|p1a: Sceptile|Sceptile, L50, M|100/100
|turn|9
|
|t:|1783071463
|detailschange|p1a: Sceptile|Sceptile-Mega, L50, M
|-mega|p1a: Sceptile|Sceptile|Sceptilite
|move|p1b: Rotom|Discharge|p2b: la sburè|[spread] p2b
|-ability|p1a: Sceptile|Lightning Rod|boost
|-boost|p1a: Sceptile|spa|1
|-resisted|p2b: la sburè|1
|-damage|p2b: la sburè|59/100
|move|p1a: Sceptile|Dragon Pulse|p2b: la sburè
|-damage|p2b: la sburè|0 fnt
|faint|p2b: la sburè
|
|win|osanodfafa
|raw|osanodfafa's rating: 1177 → 1216(+39 for winning)
|raw|Il Mule's rating: 1397 → 1366(-31 for losing)
|l|☆Il Mule
|player|p2|
