|j|☆cadezilla9
|j|☆spiritnekovgc
|html|cadezilla9spiritnekovgc    
|uhtml|bestof|Game 1 of a best-of-3
|t:|1757045234
|gametype|doubles
|player|p1|cadezilla9|101|1063
|player|p2|spiritnekovgc|psychic-gen4|1000
|gen|9
|tier|[Gen 9] VGC 2025 Reg H (Bo3)
|rated|
|rule|Species Clause: Limit one of each Pokémon
|rule|Item Clause: Limit 1 of each item
|clearpoke
|poke|p1|Archaludon, L50, F|
|poke|p1|Basculegion, L50, M|
|poke|p1|Sinistcha, L50|
|poke|p1|Pelipper, L50, M|
|poke|p1|Incineroar, L50, F|
|poke|p1|Sneasler, L50, F|
|poke|p2|Sneasler, L50, F|
|poke|p2|Indeedee, L50, M|
|poke|p2|Ursaluna-Bloodmoon, L50, M|
|poke|p2|Talonflame, L50, M|
|poke|p2|Primarina, L50, F|
|poke|p2|Arcanine-Hisui, L50, F|
|teampreview|4
|showteam|p1|Archaludon||AssaultVest|Stamina|ElectroShot,DracoMeteor,BodyPress,TeraBlast|||F|||50|,,,,,Flying]Basculegion||ChoiceBand|SwiftSwim|FlipTurn,WaveCrash,LastRespects,PhantomForce|||M|||50|,,,,,Water]Sinistcha||RockyHelmet|Hospitality|MatchaGotcha,LifeDew,RagePowder,Protect||||||50|,,,,,Water]Pelipper||FocusSash|Drizzle|Tailwind,WeatherBall,Hurricane,Protect|||M|||50|,,,,,Ground]Incineroar||SitrusBerry|Intimidate|FakeOut,KnockOff,FlareBlitz,PartingShot|||F|||50|,,,,,Ghost]Sneasler||WhiteHerb|Unburden|FakeOut,DireClaw,CloseCombat,Protect|||F|||50|,,,,,Poison
|showteam|p2|Sneasler||PsychicSeed|Unburden|CloseCombat,DireClaw,ThroatChop,Protect|||F|||50|,,,,,Dark]Indeedee||FocusSash|PsychicSurge|ExpandingForce,TrickRoom,HelpingHand,Protect|||M|||50|,,,,,Psychic]Ursaluna-Bloodmoon||LifeOrb|MindsEye|BloodMoon,HyperVoice,EarthPower,Protect|||M|||50|,,,,,Normal]Talonflame||CovertCloak|GaleWings|FlareBlitz,DualWingbeat,WillOWisp,Tailwind|||M|||50|,,,,,Flying]Primarina||SitrusBerry|LiquidVoice|HyperVoice,Moonblast,Haze,Protect|||F|||50|,,,,,Poison]Arcanine-Hisui||ChoiceBand|Intimidate|FlareBlitz,ExtremeSpeed,CloseCombat,RockSlide|||F|||50|,,,,,Grass
|inactive|Battle timer is ON: inactive players will automatically lose when time's up. (requested by spiritnekovgc)
|inactive|spiritnekovgc has 60 seconds left.
|inactive|spiritnekovgc has 30 seconds left.
|inactive|spiritnekovgc has 20 seconds left.
|inactive|spiritnekovgc has 15 seconds left.
|inactive|spiritnekovgc has 10 seconds left.
|inactive|spiritnekovgc has 5 seconds left.
|
|t:|1757045321
|teamsize|p1|4
|teamsize|p2|4
|start
|switch|p1a: Archaludon|Archaludon, L50, F, shiny|100/100
|switch|p1b: Basculegion|Basculegion, L50, M|100/100
|switch|p2a: Alfred|Indeedee, L50, M|100/100
|switch|p2b: Sonya|Sneasler, L50, F|100/100
|-fieldstart|move: Psychic Terrain|[from] ability: Psychic Surge|[of] p2a: Alfred
|-enditem|p2b: Sonya|Psychic Seed
|-boost|p2b: Sonya|spd|1|[from] item: Psychic Seed
|turn|1
|inactive|spiritnekovgc has 30 seconds left.
|inactive|cadezilla9 has 30 seconds left.
|inactive|cadezilla9 has 20 seconds left.
|inactive|cadezilla9 has 15 seconds left.
|inactive|cadezilla9 has 10 seconds left.
|inactive|cadezilla9 has 5 seconds left.
|
|t:|1757045383
|-terastallize|p1a: Archaludon|Flying
|move|p2b: Sonya|Protect|p2b: Sonya
|-singleturn|p2b: Sonya|Protect
|move|p2a: Alfred|Expanding Force|p1a: Archaludon|[spread] p1a,p1b
|-damage|p1a: Archaludon|68/100
|-damage|p1b: Basculegion|48/100
|-ability|p1a: Archaludon|Stamina|boost
|-boost|p1a: Archaludon|def|1
|move|p1b: Basculegion|Flip Turn|p2a: Alfred
|-damage|p2a: Alfred|7/100
|
|t:|1757045393
|switch|p1b: Pelipper|Pelipper, L50, M|100/100|[from] Flip Turn
|-weather|RainDance|[from] ability: Drizzle|[of] p1b: Pelipper
|move|p1a: Archaludon|Tera Blast|p2b: Sonya|[anim] Tera Blast Flying
|-activate|p2b: Sonya|move: Protect
|
|-weather|RainDance|[upkeep]
|upkeep
|turn|2
|
|t:|1757045409
|move|p2b: Sonya|Dire Claw|p1a: Archaludon
|-damage|p1a: Archaludon|45/100
|-status|p1a: Archaludon|par
|-ability|p1a: Archaludon|Stamina|boost
|-boost|p1a: Archaludon|def|1
|move|p2a: Alfred|Expanding Force|p1b: Pelipper|[spread] p1a,p1b
|-damage|p1a: Archaludon|17/100 par
|-damage|p1b: Pelipper|16/100
|-ability|p1a: Archaludon|Stamina|boost
|-boost|p1a: Archaludon|def|1
|move|p1b: Pelipper|Tailwind|p1b: Pelipper
|-sidestart|p1: cadezilla9|move: Tailwind
|move|p1a: Archaludon|Tera Blast|p2b: Sonya|[anim] Tera Blast Flying
|-supereffective|p2b: Sonya
|-damage|p2b: Sonya|33/100
|
|-weather|RainDance|[upkeep]
|upkeep
|turn|3
|inactive|cadezilla9 has 30 seconds left.
|inactive|cadezilla9 has 20 seconds left.
|inactive|cadezilla9 has 15 seconds left.
|
|t:|1757045450
|move|p2b: Sonya|Dire Claw|p1b: Pelipper
|-damage|p1b: Pelipper|0 fnt
|faint|p1b: Pelipper
|move|p2a: Alfred|Expanding Force|p1a: Archaludon
|-damage|p1a: Archaludon|0 fnt
|faint|p1a: Archaludon
|
|-weather|RainDance|[upkeep]
|upkeep
|
|t:|1757045460
|switch|p1b: Sinistcha|Sinistcha, L50|100/100
|switch|p1a: Basculegion|Basculegion, L50, M|48/100
|-heal|p1a: Basculegion|73/100|[from] ability: Hospitality|[of] p1b: Sinistcha
|turn|4
|inactive|spiritnekovgc has 30 seconds left.
|
|t:|1757045494
|move|p2b: Sonya|Protect|p2b: Sonya
|-singleturn|p2b: Sonya|Protect
|move|p2a: Alfred|Protect|p2a: Alfred
|-singleturn|p2a: Alfred|Protect
|move|p1b: Sinistcha|Rage Powder|p1b: Sinistcha
|-singleturn|p1b: Sinistcha|move: Rage Powder
|move|p1a: Basculegion|Wave Crash|p2b: Sonya
|-activate|p2b: Sonya|move: Protect
|
|-weather|RainDance|[upkeep]
|upkeep
|turn|5
|
|t:|1757045507
|move|p1a: Basculegion|Wave Crash|p2b: Sonya
|-damage|p2b: Sonya|0 fnt
|faint|p2b: Sonya
|-damage|p1a: Basculegion|65/100|[from] Recoil
|move|p1b: Sinistcha|Matcha Gotcha|p2a: Alfred|[miss]
|-miss|p1b: Sinistcha|p2a: Alfred
|move|p2a: Alfred|Expanding Force|p1a: Basculegion|[spread] p1a,p1b
|-damage|p1a: Basculegion|8/100
|-damage|p1b: Sinistcha|50/100
|
|-weather|none
|-sideend|p1: cadezilla9|move: Tailwind
|-fieldend|move: Psychic Terrain
|upkeep
|c|☆spiritnekovgc|that can miss?!
|
|t:|1757045520
|switch|p2b: Shrike|Talonflame, L50, M, shiny|100/100
|turn|6
|
|t:|1757045531
|move|p2b: Shrike|Tailwind|p2b: Shrike
|-sidestart|p2: spiritnekovgc|move: Tailwind
|move|p2a: Alfred|Expanding Force|p1a: Basculegion
|-crit|p1a: Basculegion
|-damage|p1a: Basculegion|0 fnt
|faint|p1a: Basculegion
|move|p1b: Sinistcha|Life Dew|p1b: Sinistcha
|-heal|p1b: Sinistcha|75/100
|
|upkeep
|turn|7
|
|t:|1757045552
|move|p2b: Shrike|Flare Blitz|p1b: Sinistcha
|-supereffective|p1b: Sinistcha
|-damage|p1b: Sinistcha|0 fnt
|-damage|p2b: Shrike|84/100|[from] item: Rocky Helmet|[of] p1b: Sinistcha
|faint|p1b: Sinistcha
|-damage|p2b: Shrike|55/100|[from] Recoil
|
|win|spiritnekovgc
||spiritnekovgc is ready for game 2.
