|j|☆clearmomdotcom
|j|☆Onemagician4496
|html|clearmomdotcomOnemagician4496    
|uhtml|bestof|Game 1 of a best-of-3
|t:|1757830751
|gametype|doubles
|player|p1|clearmomdotcom|waitress|1403
|player|p2|Onemagician4496|colress|1355
|gen|9
|tier|[Gen 9] VGC 2025 Reg H (Bo3)
|rated|
|rule|Species Clause: Limit one of each Pokémon
|rule|Item Clause: Limit 1 of each item
|clearpoke
|poke|p1|Dragapult, L50, M|
|poke|p1|Clefairy, L50, M|
|poke|p1|Arcanine-Hisui, L50, M|
|poke|p1|Kommo-o, L50, F|
|poke|p1|Zoroark-Hisui, L50, F|
|poke|p1|Whimsicott, L50, F|
|poke|p2|Sneasler, L50, F|
|poke|p2|Ninetales-Alola, L50, F|
|poke|p2|Gholdengo, L50|
|poke|p2|Ursaluna-Bloodmoon, L50, M|
|poke|p2|Rillaboom, L50, F|
|poke|p2|Incineroar, L50, F|
|teampreview|4
|showteam|p1|Dragapult||LifeOrb|ClearBody|DragonDarts,Protect,DragonDance,PhantomForce|||M|||50|,,,,,Dragon]Clefairy||Eviolite|FriendGuard|FollowMe,Protect,HelpingHand,AfterYou|||M|||50|,,,,,Grass]Arcanine-Hisui||ClearAmulet|Intimidate|RockSlide,HeadSmash,FlareBlitz,Protect|||M|||50|,,,,,Water]Kommo-o||ThroatSpray|Overcoat|ClangorousSoul,ClangingScales,Flamethrower,Protect|||F|||50|,,,,,Fire]Zoroark-Hisui||FocusSash|Illusion|HyperVoice,ShadowBall,NastyPlot,Taunt|||F|||50|,,,,,Stellar]Whimsicott||CovertCloak|Prankster|Moonblast,Tailwind,Encore,Endeavor|||F|||50|,,,,,Dark
|showteam|p2|Sneasler||GrassySeed|Unburden|Protect,CloseCombat,Acrobatics,SwordsDance|||F|||50|,,,,,Flying]Ninetales-Alola||FocusSash|SnowWarning|Blizzard,TeraBlast,AuroraVeil,Protect|||F|||50|,,,,,Ground]Gholdengo||LifeOrb|GoodasGold|Protect,MakeItRain,ShadowBall,NastyPlot||||||50|,,,,,Water]Ursaluna-Bloodmoon||Leftovers|MindsEye|Protect,Yawn,BloodMoon,EarthPower|||M|||50|,,,,,Water]Rillaboom||AssaultVest|GrassySurge|WoodHammer,GrassyGlide,FakeOut,HighHorsepower|||F|||50|,,,,,Fire]Incineroar||SitrusBerry|Intimidate|FakeOut,FlareBlitz,KnockOff,PartingShot|||F|||50|,,,,,Grass
|
|t:|1757830817
|teamsize|p1|4
|teamsize|p2|4
|start
|switch|p1a: Kommo-o|Kommo-o, L50, F|100/100
|switch|p1b: Clefairy|Clefairy, L50, M|100/100
|switch|p2a: Ursaluna|Ursaluna-Bloodmoon, L50, M|100/100
|switch|p2b: Ninetales|Ninetales-Alola, L50, F|100/100
|-weather|Snowscape|[from] ability: Snow Warning|[of] p2b: Ninetales
|turn|1
|
|t:|1757830850
|-terastallize|p1a: Kommo-o|Fire
|move|p1b: Clefairy|Follow Me|p1b: Clefairy
|-singleturn|p1b: Clefairy|move: Follow Me
|move|p2b: Ninetales|Aurora Veil|p2b: Ninetales
|-sidestart|p2: Onemagician4496|move: Aurora Veil
|move|p1a: Kommo-o|Clangorous Soul|p1a: Kommo-o
|-boost|p1a: Kommo-o|atk|1
|-boost|p1a: Kommo-o|def|1
|-boost|p1a: Kommo-o|spa|1
|-boost|p1a: Kommo-o|spd|1
|-boost|p1a: Kommo-o|spe|1
|-damage|p1a: Kommo-o|68/100
|-enditem|p1a: Kommo-o|Throat Spray
|-boost|p1a: Kommo-o|spa|1|[from] item: Throat Spray
|move|p2a: Ursaluna|Yawn|p1b: Clefairy
|-start|p1b: Clefairy|move: Yawn|[of] p2a: Ursaluna
|
|-weather|Snowscape|[upkeep]
|upkeep
|turn|2
|
|t:|1757830887
|move|p2b: Ninetales|Protect|p2b: Ninetales
|-singleturn|p2b: Ninetales|Protect
|move|p2a: Ursaluna|Protect|p2a: Ursaluna
|-singleturn|p2a: Ursaluna|Protect
|move|p1b: Clefairy|Follow Me|p1b: Clefairy
|-singleturn|p1b: Clefairy|move: Follow Me
|move|p1a: Kommo-o|Flamethrower|p2b: Ninetales
|-activate|p2b: Ninetales|move: Protect
|
|-weather|Snowscape|[upkeep]
|-end|p1b: Clefairy|move: Yawn|[silent]
|-status|p1b: Clefairy|slp
|upkeep
|turn|3
|
|t:|1757830912
|move|p1a: Kommo-o|Protect|p1a: Kommo-o
|-singleturn|p1a: Kommo-o|Protect
|cant|p1b: Clefairy|slp
|move|p2b: Ninetales|Blizzard|p1a: Kommo-o|[spread] p1b
|-activate|p1a: Kommo-o|move: Protect
|-damage|p1b: Clefairy|69/100 slp
|move|p2a: Ursaluna|Earth Power|p1a: Kommo-o
|-activate|p1a: Kommo-o|move: Protect
|
|-weather|Snowscape|[upkeep]
|upkeep
|turn|4
|
|t:|1757830938
|cant|p1b: Clefairy|slp
|move|p1a: Kommo-o|Clanging Scales|p2a: Ursaluna|[spread] p2a
|-immune|p2b: Ninetales
|-damage|p2a: Ursaluna|42/100
|-unboost|p1a: Kommo-o|def|1
|move|p2b: Ninetales|Blizzard|p1b: Clefairy|[spread] p1a,p1b
|-resisted|p1a: Kommo-o
|-damage|p1a: Kommo-o|58/100
|-damage|p1b: Clefairy|42/100 slp
|move|p2a: Ursaluna|Earth Power|p1a: Kommo-o
|-supereffective|p1a: Kommo-o
|-damage|p1a: Kommo-o|4/100
|
|-weather|Snowscape|[upkeep]
|-heal|p2a: Ursaluna|49/100|[from] item: Leftovers
|upkeep
|turn|5
|
|t:|1757830970
|switch|p1b: Arcanine|Arcanine-Hisui, L50, M|100/100
|-ability|p1b: Arcanine|Intimidate|boost
|-unboost|p2a: Ursaluna|atk|1
|-unboost|p2b: Ninetales|atk|1
|move|p1a: Kommo-o|Protect|p1a: Kommo-o
|-singleturn|p1a: Kommo-o|Protect
|move|p2a: Ursaluna|Protect|p2a: Ursaluna
|-singleturn|p2a: Ursaluna|Protect
|move|p2b: Ninetales|Blizzard|p1a: Kommo-o|[spread] p1b
|-activate|p1a: Kommo-o|move: Protect
|-resisted|p1b: Arcanine
|-damage|p1b: Arcanine|82/100
|
|-weather|none
|-heal|p2a: Ursaluna|55/100|[from] item: Leftovers
|-sideend|p2: Onemagician4496|move: Aurora Veil
|upkeep
|turn|6
|
|t:|1757830993
|move|p1a: Kommo-o|Clanging Scales|p2b: Ninetales|[spread] p2a
|-immune|p2b: Ninetales
|-damage|p2a: Ursaluna|0 fnt
|faint|p2a: Ursaluna
|-unboost|p1a: Kommo-o|def|1
|move|p2b: Ninetales|Tera Blast|p1a: Kommo-o
|-damage|p1a: Kommo-o|0 fnt
|faint|p1a: Kommo-o
|move|p1b: Arcanine|Rock Slide|p2b: Ninetales
|-supereffective|p2b: Ninetales
|-enditem|p2b: Ninetales|Focus Sash
|-damage|p2b: Ninetales|1/100
|
|upkeep
|
|t:|1757831014
|switch|p1a: Whimsicott|Whimsicott, L50, F|100/100
|switch|p2a: Sneasler|Sneasler, L50, F|100/100
|turn|7
|
|t:|1757831037
|switch|p2b: Rillaboom|Rillaboom, L50, F|100/100
|-fieldstart|move: Grassy Terrain|[from] ability: Grassy Surge|[of] p2b: Rillaboom
|-enditem|p2a: Sneasler|Grassy Seed
|-boost|p2a: Sneasler|def|1|[from] item: Grassy Seed
|move|p1a: Whimsicott|Tailwind|p1a: Whimsicott
|-sidestart|p1: clearmomdotcom|move: Tailwind
|move|p2a: Sneasler|Close Combat|p1b: Arcanine
|-supereffective|p1b: Arcanine
|-damage|p1b: Arcanine|0 fnt
|-unboost|p2a: Sneasler|def|1
|-unboost|p2a: Sneasler|spd|1
|faint|p1b: Arcanine
|
|upkeep
|
|t:|1757831040
|switch|p1b: Clefairy|Clefairy, L50, M|42/100 slp
|turn|8
|-message|clearmomdotcom forfeited.
|
|win|Onemagician4496
|l|☆clearmomdotcom
|player|p1|
||clearmomdotcom is ready for game 2.
||Onemagician4496 is ready for game 2.
|uhtml|next|Next: Game 2 of 3
|l|☆Onemagician4496
|player|p2|
