|j|☆Hadrian1917
|j|☆Snow Trick Room
|html|Hadrian1917Snow Trick Room    
|uhtml|bestof|Game 2 of a best-of-3
|t:|1785890528
|gametype|doubles
|player|p1|Hadrian1917|101|1131
|player|p2|Snow Trick Room|170|1000
|gen|9
|tier|[Gen 9 Champions] VGC 2026 Reg M-B (Bo3)
|rated|
|rule|Species Clause: Limit one of each Pokémon
|rule|Item Clause: Limit 1 of each item
|clearpoke
|poke|p1|Kingambit, L50, M|
|poke|p1|Staraptor, L50, F|
|poke|p1|Whimsicott, L50, M|
|poke|p1|Sinistcha, L50|
|poke|p1|Pelipper, L50, F|
|poke|p1|Incineroar, L50, F|
|poke|p2|Mr. Rime, L50, M|
|poke|p2|Crabominable, L50, F|
|poke|p2|Froslass, L50, F|
|poke|p2|Ninetales-Alola, L50, M|
|poke|p2|Avalugg-Hisui, L50, M|
|poke|p2|Glaceon, L50, M|
|teampreview|4
|showteam|p1|Kingambit||BlackGlasses|Defiant|KowtowCleave,Protect,SwordsDance,SuckerPunch|Careful||M|||50|]Staraptor||Staraptite|Intimidate|CloseCombat,BrickBreak,DualWingbeat,Protect|Jolly||F|||50|]Whimsicott||FocusSash|Prankster|Moonblast,Charm,Tailwind,Encore|Modest||M|||50|]Sinistcha||BrightPowder|Hospitality|MatchaGotcha,LifeDew,Protect,RagePowder|Bold|||||50|]Pelipper||SitrusBerry|Drizzle|Hurricane,WeatherBall,WideGuard,Protect|Calm||F|||50|]Incineroar||ShucaBerry|Intimidate|FlareBlitz,FakeOut,PartingShot,ThroatChop|Adamant||F|||50|
|showteam|p2|Mr. Rime||MentalHerb|IceBody|TrickRoom,Blizzard,Protect,HelpingHand|Sassy||M|||50|]Crabominable||Crabominite|HyperCutter|CloseCombat,IceHammer,MachPunch,Protect|Brave||F|||50|]Froslass||Froslassite|SnowCloak|Blizzard,Protect,AuroraVeil,ShadowBall|Timid||F|||50|]Ninetales-Alola||LightClay|SnowWarning|AuroraVeil,Encore,ChillingWater,Protect|Relaxed||M|||50|]Avalugg-Hisui||Leftovers|IceBody|Recover,WideGuard,BodyPress,MountainGale|Relaxed||M|||50|]Glaceon||LifeOrb|IceBody|Blizzard,FreezeDry,ShadowBall,Protect|Quiet||M|||50|
|inactive|Battle timer is ON: inactive players will automatically lose when time's up. (requested by Hadrian1917)
|
|t:|1785890551
|teamsize|p1|4
|teamsize|p2|4
|start
|switch|p1a: Kingambit|Kingambit, L50, M|100/100
|switch|p1b: Incineroar|Incineroar, L50, F|100/100
|switch|p2a: Mr. Rime|Mr. Rime, L50, M|100/100
|switch|p2b: Avalugg|Avalugg-Hisui, L50, M|100/100
|-ability|p1b: Incineroar|Intimidate|boost
|-unboost|p2a: Mr. Rime|atk|1
|-unboost|p2b: Avalugg|atk|1
|turn|1
|inactive|Snow Trick Room has 30 seconds left.
|
|t:|1785890579
|move|p2a: Mr. Rime|Protect|p2a: Mr. Rime
|-singleturn|p2a: Mr. Rime|Protect
|move|p1b: Incineroar|Fake Out|p2b: Avalugg
|-resisted|p2b: Avalugg|1
|-damage|p2b: Avalugg|97/100
|move|p1a: Kingambit|Swords Dance|p1a: Kingambit
|-boost|p1a: Kingambit|atk|2
|cant|p2b: Avalugg|flinch
|
|-heal|p2b: Avalugg|100/100|[from] item: Leftovers
|upkeep
|turn|2
|inactive|Hadrian1917 has 30 seconds left.
|inactive|Hadrian1917 has 20 seconds left.
|
|t:|1785890617
|move|p1a: Kingambit|Protect|p1a: Kingambit
|-singleturn|p1a: Kingambit|Protect
|move|p1b: Incineroar|Parting Shot|p2b: Avalugg
|-unboost|p2b: Avalugg|atk|1
|-unboost|p2b: Avalugg|spa|1
|
|t:|1785890623
|switch|p1b: Sinistcha|Sinistcha, L50|100/100|[from] Parting Shot
|move|p2b: Avalugg|Body Press|p1b: Sinistcha
|-immune|p1b: Sinistcha
|move|p2a: Mr. Rime|Trick Room|p2a: Mr. Rime
|-fieldstart|move: Trick Room|[of] p2a: Mr. Rime
|
|upkeep
|turn|3
|
|t:|1785890634
|move|p2a: Mr. Rime|Helping Hand|p2b: Avalugg
|-singleturn|p2b: Avalugg|Helping Hand|[of] p2a: Mr. Rime
|move|p1b: Sinistcha|Rage Powder|p1b: Sinistcha
|-singleturn|p1b: Sinistcha|move: Rage Powder
|move|p2b: Avalugg|Body Press|p1b: Sinistcha
|-immune|p1b: Sinistcha
|move|p1a: Kingambit|Swords Dance|p1a: Kingambit
|-boost|p1a: Kingambit|atk|2
|
|upkeep
|turn|4
|
|t:|1785890650
|move|p2a: Mr. Rime|Helping Hand|p2b: Avalugg
|-singleturn|p2b: Avalugg|Helping Hand|[of] p2a: Mr. Rime
|move|p1b: Sinistcha|Rage Powder|p1b: Sinistcha
|-singleturn|p1b: Sinistcha|move: Rage Powder
|move|p2b: Avalugg|Mountain Gale|p1b: Sinistcha
|-supereffective|p1b: Sinistcha|1
|-damage|p1b: Sinistcha|32/100
|move|p1a: Kingambit|Kowtow Cleave|p2a: Mr. Rime
|-supereffective|p2a: Mr. Rime|1
|-damage|p2a: Mr. Rime|0 fnt
|faint|p2a: Mr. Rime
|
|upkeep
|
|t:|1785890663
|switch|p2a: Froslass|Froslass, L50, F|100/100
|turn|5
|
|t:|1785890678
|switch|p1b: Incineroar|Incineroar, L50, F|100/100
|-ability|p1b: Incineroar|Intimidate|boost
|-unboost|p2a: Froslass|atk|1
|-unboost|p2b: Avalugg|atk|1
|detailschange|p2a: Froslass|Froslass-Mega, L50, F
|-mega|p2a: Froslass|Froslass|Froslassite
|-weather|Snowscape|[from] ability: Snow Warning|[of] p2a: Froslass
|move|p1a: Kingambit|Protect|p1a: Kingambit
|-singleturn|p1a: Kingambit|Protect
|move|p2b: Avalugg|Mountain Gale|p1b: Incineroar
|-resisted|p1b: Incineroar|1
|-damage|p1b: Incineroar|92/100
|move|p2a: Froslass|Aurora Veil|p2a: Froslass
|-sidestart|p2: Snow Trick Room|move: Aurora Veil
|
|-weather|Snowscape|[upkeep]
|upkeep
|turn|6
|inactive|Snow Trick Room has 30 seconds left.
|
|t:|1785890706
|switch|p2a: Crabominable|Crabominable, L50, F|100/100
|move|p1b: Incineroar|Fake Out|p2b: Avalugg
|-resisted|p2b: Avalugg|1
|-damage|p2b: Avalugg|99/100
|cant|p2b: Avalugg|flinch
|move|p1a: Kingambit|Kowtow Cleave|p2a: Crabominable
|-resisted|p2a: Crabominable|1
|-damage|p2a: Crabominable|66/100
|
|-weather|Snowscape|[upkeep]
|-heal|p2b: Avalugg|100/100|[from] ability: Ice Body
|-fieldend|move: Trick Room
|upkeep
|turn|7
|
|t:|1785890730
|move|p1a: Kingambit|Protect|p1a: Kingambit
|-singleturn|p1a: Kingambit|Protect
|move|p2a: Crabominable|Mach Punch|p1b: Incineroar
|-supereffective|p1b: Incineroar|1
|-damage|p1b: Incineroar|55/100
|move|p1b: Incineroar|Parting Shot|p2b: Avalugg
|-unboost|p2b: Avalugg|atk|1
|-unboost|p2b: Avalugg|spa|1
|
|t:|1785890740
|switch|p1b: Pelipper|Pelipper, L50, F|100/100|[from] Parting Shot
|-weather|RainDance|[from] ability: Drizzle|[of] p1b: Pelipper
|move|p2b: Avalugg|Body Press|p1a: Kingambit
|-activate|p1a: Kingambit|move: Protect
|
|-weather|RainDance|[upkeep]
|upkeep
|turn|8
|inactive|Hadrian1917 has 30 seconds left.
|
|t:|1785890773
|move|p1b: Pelipper|Hurricane|p2b: Avalugg
|-resisted|p2b: Avalugg|1
|-damage|p2b: Avalugg|75/100
|move|p1a: Kingambit|Kowtow Cleave|p2b: Avalugg
|-damage|p2b: Avalugg|37/100
|move|p2a: Crabominable|Close Combat|p1a: Kingambit
|-supereffective|p1a: Kingambit|2
|-damage|p1a: Kingambit|0 fnt
|-unboost|p2a: Crabominable|def|1
|-unboost|p2a: Crabominable|spd|1
|faint|p1a: Kingambit
|move|p2b: Avalugg|Mountain Gale|p1b: Pelipper
|-damage|p1b: Pelipper|82/100
|
|-weather|RainDance|[upkeep]
|-heal|p2b: Avalugg|43/100|[from] item: Leftovers
|upkeep
|
|t:|1785890788
|switch|p1a: Incineroar|Incineroar, L50, F|55/100
|-ability|p1a: Incineroar|Intimidate|boost
|-fail|p2a: Crabominable|unboost|Attack|[from] ability: Hyper Cutter|[of] p2a: Crabominable
|-unboost|p2b: Avalugg|atk|1
|turn|9
|
|t:|1785890809
|move|p1b: Pelipper|Protect|p1b: Pelipper
|-singleturn|p1b: Pelipper|Protect
|move|p1a: Incineroar|Throat Chop|p2a: Crabominable
|-resisted|p2a: Crabominable|1
|-damage|p2a: Crabominable|48/100
|-start|p2a: Crabominable|Throat Chop|[silent]
|move|p2a: Crabominable|Ice Hammer|p1b: Pelipper
|-activate|p1b: Pelipper|move: Protect
|move|p2b: Avalugg|Body Press|p1a: Incineroar
|-supereffective|p1a: Incineroar|1
|-damage|p1a: Incineroar|0 fnt
|faint|p1a: Incineroar
|
|-weather|RainDance|[upkeep]
|-heal|p2b: Avalugg|49/100|[from] item: Leftovers
|-sideend|p2: Snow Trick Room|move: Aurora Veil
|upkeep
|
|t:|1785890823
|switch|p1a: Sinistcha|Sinistcha, L50|32/100
|-heal|p1b: Pelipper|100/100|[from] ability: Hospitality|[of] p1a: Sinistcha
|turn|10
|-message|Hadrian1917 forfeited.
|
|win|Snow Trick Room
||Hadrian1917 is ready for game 3.
||Snow Trick Room is ready for game 3.
|uhtml|next|Next: Game 3 of 3
|l|☆Snow Trick Room
|player|p2|
