|j|☆agtr
|j|☆letcheflan
|html|agtrletcheflan    
|uhtml|bestof|Game 1 of a best-of-3
|t:|1782318263
|gametype|doubles
|player|p1|agtr|170|1070
|player|p2|letcheflan|n|1022
|gen|9
|tier|[Gen 9 Champions] VGC 2026 Reg M-B (Bo3)
|rated|
|rule|Species Clause: Limit one of each Pokémon
|rule|Item Clause: Limit 1 of each item
|clearpoke
|poke|p1|Meganium, L50, M|
|poke|p1|Gengar, L50, M|
|poke|p1|Maushold, L50|
|poke|p1|Rotom-Wash, L50|
|poke|p1|Incineroar, L50, F|
|poke|p1|Ninetales-Alola, L50, M|
|poke|p2|Mawile, L50, F|
|poke|p2|Farigiraf, L50, F, shiny|
|poke|p2|Sableye, L50, M|
|poke|p2|Swampert, L50, F|
|poke|p2|Arcanine, L50, M|
|poke|p2|Clefable, L50, F|
|teampreview|4
|showteam|p1|Meganium||Meganiumite|LeafGuard|SolarBeam,WeatherBall,DazzlingGleam,Protect|Timid||M|||50|]Gengar||Gengarite|CursedBody|SludgeBomb,ShadowBall,PerishSong,Protect|Timid||M|||50|]Maushold||WideLens|FriendGuard|PopulationBomb,SuperFang,Bite,FollowMe|Jolly|||||50|]Rotom-Wash||Leftovers|Levitate|HydroPump,Thunderbolt,VoltSwitch,WillOWisp|Timid|||||50|]Incineroar||QuickClaw|Intimidate|FlareBlitz,FakeOut,PartingShot,Protect|Careful||F|||50|]Ninetales-Alola||FocusSash|SnowWarning|Blizzard,AuroraVeil,Encore,Protect|Timid||M|||50|
|showteam|p2|Mawile||Mawilite|HyperCutter|Protect,PlayRough,IronHead,SuckerPunch|Brave||F|||50|]Farigiraf||ColburBerry|ArmorTail|AllySwitch,PsychicNoise,HelpingHand,TrickRoom|Bold||F|||50|]Sableye||RoseliBerry|Prankster|LightScreen,Reflect,RainDance,Quash|Careful||M|||50|]Swampert||Swampertite|Torrent|Protect,WaveCrash,HighHorsepower,BrickBreak|Adamant||F|||50|]Arcanine||SitrusBerry|Intimidate|HelpingHand,BurnUp,Snarl,Protect|Modest||M|||50|]Clefable||Leftovers|Unaware|Protect,AlluringVoice,FollowMe,LifeDew|Modest||F|||50|
|inactive|Battle timer is ON: inactive players will automatically lose when time's up. (requested by letcheflan)
|inactive|agtr has 60 seconds left.
|
|t:|1782318304
|teamsize|p1|4
|teamsize|p2|4
|start
|switch|p1a: Meganium|Meganium, L50, M|100/100
|switch|p1b: Incineroar|Incineroar, L50, F|100/100
|switch|p2a: Spyro|Arcanine, L50, M|100/100
|switch|p2b: Float|Farigiraf, L50, F, shiny|100/100
|-ability|p2a: Spyro|Intimidate|boost
|-unboost|p1a: Meganium|atk|1
|-unboost|p1b: Incineroar|atk|1
|-ability|p1b: Incineroar|Intimidate|boost
|-unboost|p2a: Spyro|atk|1
|-unboost|p2b: Float|atk|1
|turn|1
|inactive|agtr has 30 seconds left.
|inactive|letcheflan has 30 seconds left.
|
|t:|1782318335
|move|p2b: Float|Helping Hand|p2a: Spyro
|-singleturn|p2a: Spyro|Helping Hand|[of] p2b: Float
|move|p1a: Meganium|Protect|p1a: Meganium
|-singleturn|p1a: Meganium|Protect
|move|p2a: Spyro|Burn Up|p1a: Meganium
|-activate|p1a: Meganium|move: Protect
|move|p1b: Incineroar|Flare Blitz|p2b: Float
|-damage|p2b: Float|77/100
|-status|p2b: Float|brn
|-damage|p1b: Incineroar|91/100|[from] Recoil
|
|-damage|p2b: Float|70/100 brn|[from] brn
|upkeep
|turn|2
|inactive|agtr has 30 seconds left.
|inactive|agtr has 20 seconds left.
|
|t:|1782318370
|switch|p2b: G4MER67|Sableye, L50, M|100/100
|detailschange|p1a: Meganium|Meganium-Mega, L50, M
|-mega|p1a: Meganium|Meganium|Meganiumite
|move|p1a: Meganium|Dazzling Gleam|p2a: Spyro|[spread] p2a,p2b
|-resisted|p2a: Spyro|1
|-supereffective|p2b: G4MER67|1
|-enditem|p2b: G4MER67|Roseli Berry|[eat]
|-enditem|p2b: G4MER67|Roseli Berry|[weaken]
|-damage|p2a: Spyro|81/100
|-damage|p2b: G4MER67|57/100
|move|p2a: Spyro|Burn Up|p1a: Meganium
|-supereffective|p1a: Meganium|1
|-damage|p1a: Meganium|0 fnt
|-start|p2a: Spyro|typechange|???|[from] move: Burn Up
|faint|p1a: Meganium
|move|p1b: Incineroar|Parting Shot|p2a: Spyro
|-unboost|p2a: Spyro|atk|1
|-unboost|p2a: Spyro|spa|1
|
|t:|1782318387
|switch|p1b: Rotom|Rotom-Wash, L50|100/100|[from] Parting Shot
|
|upkeep
|
|t:|1782318392
|switch|p1a: Incineroar|Incineroar, L50, F|91/100
|-ability|p1a: Incineroar|Intimidate|boost
|-unboost|p2a: Spyro|atk|1
|-unboost|p2b: G4MER67|atk|1
|turn|3
|
|t:|1782318405
|switch|p2a: Float|Farigiraf, L50, F, shiny|70/100 brn
|move|p2b: G4MER67|Light Screen|p2b: G4MER67
|-sidestart|p2: letcheflan|move: Light Screen
|move|p1b: Rotom|Will-O-Wisp|p2a: Float
|-fail|p2a: Float|brn
|move|p1a: Incineroar|Flare Blitz|p2a: Float
|-damage|p2a: Float|36/100 brn
|-damage|p1a: Incineroar|78/100|[from] Recoil
|
|-damage|p2a: Float|30/100 brn|[from] brn
|upkeep
|turn|4
|
|t:|1782318424
|switch|p2b: Spyro|Arcanine, L50, M|81/100
|-ability|p2b: Spyro|Intimidate|boost
|-unboost|p1a: Incineroar|atk|1
|-unboost|p1b: Rotom|atk|1
|move|p1b: Rotom|Thunderbolt|p2a: Float
|-damage|p2a: Float|4/100 brn
|move|p1a: Incineroar|Flare Blitz|p2b: Spyro
|-resisted|p2b: Spyro|1
|-damage|p2b: Spyro|62/100
|-damage|p1a: Incineroar|72/100|[from] Recoil
|move|p2a: Float|Trick Room|p2a: Float
|-fieldstart|move: Trick Room|[of] p2a: Float
|
|-damage|p2a: Float|0 fnt|[from] brn
|faint|p2a: Float
|upkeep
|
|t:|1782318437
|switch|p2a: Soya|Mawile, L50, F|100/100
|turn|5
|
|t:|1782318447
|detailschange|p2a: Soya|Mawile-Mega, L50, F
|-mega|p2a: Soya|Mawile|Mawilite
|move|p2a: Soya|Play Rough|p1a: Incineroar
|-damage|p1a: Incineroar|0 fnt
|faint|p1a: Incineroar
|move|p2b: Spyro|Snarl|p1b: Rotom
|-damage|p1b: Rotom|77/100
|-unboost|p1b: Rotom|spa|1
|move|p1b: Rotom|Will-O-Wisp|p2a: Soya
|-status|p2a: Soya|brn
|
|-heal|p1b: Rotom|83/100|[from] item: Leftovers
|-damage|p2a: Soya|94/100 brn|[from] brn
|upkeep
|
|t:|1782318460
|switch|p1a: Ninetales|Ninetales-Alola, L50, M|100/100
|-weather|Snowscape|[from] ability: Snow Warning|[of] p1a: Ninetales
|turn|6
|
|t:|1782318467
|move|p2b: Spyro|Helping Hand|p2a: Soya
|-singleturn|p2a: Soya|Helping Hand|[of] p2b: Spyro
|move|p2a: Soya|Play Rough|p1b: Rotom
|-damage|p1b: Rotom|0 fnt
|faint|p1b: Rotom
|move|p1a: Ninetales|Aurora Veil|p1a: Ninetales
|-sidestart|p1: agtr|move: Aurora Veil
|
|-weather|Snowscape|[upkeep]
|-damage|p2a: Soya|88/100 brn|[from] brn
|upkeep
|turn|7
|
|t:|1782318480
|move|p2b: Spyro|Helping Hand|p2a: Soya
|-singleturn|p2a: Soya|Helping Hand|[of] p2b: Spyro
|move|p2a: Soya|Iron Head|p1a: Ninetales
|-supereffective|p1a: Ninetales|2
|-enditem|p1a: Ninetales|Focus Sash
|-damage|p1a: Ninetales|1/100
|move|p1a: Ninetales|Encore|p2b: Spyro
|-start|p2b: Spyro|Encore
|
|-weather|Snowscape|[upkeep]
|-damage|p2a: Soya|82/100 brn|[from] brn
|-sideend|p2: letcheflan|move: Light Screen
|upkeep
|turn|8
|
|t:|1782318494
|move|p2b: Spyro|Helping Hand|p2a: Soya
|-singleturn|p2a: Soya|Helping Hand|[of] p2b: Spyro
|move|p2a: Soya|Iron Head|p1a: Ninetales
|-supereffective|p1a: Ninetales|2
|-damage|p1a: Ninetales|0 fnt
|faint|p1a: Ninetales
|
|win|letcheflan
||letcheflan is ready for game 2.
|l|☆agtr
|player|p1|
|inactive|agtr has 30 seconds to confirm battle start!
||agtr is ready for game 2.
|uhtml|next|Next: Game 2 of 3
