|j|☆Hikari.D9
|j|☆sandy ghost 5
|html|Hikari.D9sandy ghost 5    
|uhtml|bestof|Game 3 of a best-of-3
|t:|1756988611
|gametype|doubles
|player|p1|Hikari.D9|shadowtriad|1156
|player|p2|sandy ghost 5|baker|1282
|gen|9
|tier|[Gen 9] VGC 2025 Reg H (Bo3)
|rated|
|rule|Species Clause: Limit one of each Pokémon
|rule|Item Clause: Limit 1 of each item
|clearpoke
|poke|p1|Archaludon, L50, F|
|poke|p1|Pelipper, L50, F|
|poke|p1|Basculegion, L50, M|
|poke|p1|Amoonguss, L50, F|
|poke|p1|Gholdengo, L50|
|poke|p1|Annihilape, L50, M|
|poke|p2|Tyranitar, L50, M|
|poke|p2|Excadrill, L50, F|
|poke|p2|Sinistcha-Masterpiece, L50|
|poke|p2|Salamence, L50, M|
|poke|p2|Blaziken, L50, F|
|poke|p2|Bruxish, L50, M|
|teampreview|4
|showteam|p1|Archaludon||AssaultVest|Stamina|ElectroShot,DragonPulse,BodyPress,Snarl|||F|||50|,,,,,Bug]Pelipper||FocusSash|Drizzle|WeatherBall,Hurricane,Tailwind,Protect|||F|||50|,,,,,Ghost]Basculegion||ChoiceBand|SwiftSwim|WaveCrash,AquaJet,LastRespects,FlipTurn|||M|||50|,,,,,Water]Amoonguss||SitrusBerry|Regenerator|RagePowder,Spore,PollenPuff,Protect|||F|||50|,,,,,Fairy]Gholdengo||LifeOrb|GoodasGold|MakeItRain,ShadowBall,NastyPlot,Protect||||||50|,,,,,Water]Annihilape||SafetyGoggles|Defiant|CloseCombat,RageFist,Taunt,FinalGambit|||M|||50|,,,,,Water
|showteam|p2|Tyranitar||ClearAmulet|SandStream|RockSlide,KnockOff,DragonDance,Protect|||M|||50|,,,,,Grass]Excadrill||AssaultVest|SandRush|Earthquake,IronHead,HighHorsepower,RockSlide|||F|||50|,,,,,Ghost]Sinistcha-Masterpiece||SitrusBerry|Hospitality|ShadowBall,MatchaGotcha,RagePowder,Protect||||||50|,,,,,Dark]Salamence||LifeOrb|Intimidate|DracoMeteor,AirSlash,Protect,Tailwind|||M|||50|,,,,,Ghost]Blaziken||CovertCloak|SpeedBoost|AuraSphere,HeatWave,Coaching,WillOWisp|||F|||50|,,,,,Dragon]Bruxish||ChoiceScarf|Dazzling|PsychicFangs,FlipTurn,WaveCrash,SuperFang|||M|||50|,,,,,Water
|
|t:|1756988653
|teamsize|p1|4
|teamsize|p2|4
|start
|switch|p1a: Annihilape|Annihilape, L50, M|100/100
|switch|p1b: Amoonguss|Amoonguss, L50, F|100/100
|switch|p2a: Salamence|Salamence, L50, M|100/100
|switch|p2b: Blaziken|Blaziken, L50, F|100/100
|-ability|p2a: Salamence|Intimidate|boost
|-unboost|p1a: Annihilape|atk|1
|-ability|p1a: Annihilape|Defiant|boost
|-boost|p1a: Annihilape|atk|2
|-unboost|p1b: Amoonguss|atk|1
|turn|1
|
|t:|1756988697
|switch|p1a: Pelipper|Pelipper, L50, F|100/100
|-weather|RainDance|[from] ability: Drizzle|[of] p1a: Pelipper
|switch|p2b: Puppet|Sinistcha-Masterpiece, L50|100/100
|-terastallize|p1b: Amoonguss|Fairy
|move|p2a: Salamence|Air Slash|p1a: Pelipper
|-damage|p1a: Pelipper|25/100
|-damage|p2a: Salamence|91/100|[from] item: Life Orb
|move|p1b: Amoonguss|Spore|p2b: Puppet
|-immune|p2b: Puppet
|
|-weather|RainDance|[upkeep]
|upkeep
|turn|2
|
|t:|1756988721
|switch|p1a: Archaludon|Archaludon, L50, F|100/100
|move|p2a: Salamence|Tailwind|p2a: Salamence
|-sidestart|p2: sandy ghost 5|move: Tailwind
|move|p2b: Puppet|Matcha Gotcha|p1a: Archaludon|[spread] p1a,p1b
|-resisted|p1a: Archaludon
|-damage|p1a: Archaludon|95/100
|-damage|p1b: Amoonguss|76/100
|-status|p1a: Archaludon|brn
|-ability|p1a: Archaludon|Stamina|boost
|-boost|p1a: Archaludon|def|1
|move|p1b: Amoonguss|Spore|p2a: Salamence
|-status|p2a: Salamence|slp|[from] move: Spore
|
|-weather|RainDance|[upkeep]
|-damage|p1a: Archaludon|89/100 brn|[from] brn
|upkeep
|turn|3
|
|t:|1756988760
|switch|p2a: Tyranitar|Tyranitar, L50, M|100/100
|-weather|Sandstorm|[from] ability: Sand Stream|[of] p2a: Tyranitar
|move|p2b: Puppet|Shadow Ball|p1b: Amoonguss
|-damage|p1b: Amoonguss|46/100
|-unboost|p1b: Amoonguss|spd|1
|-enditem|p1b: Amoonguss|Sitrus Berry|[eat]
|-heal|p1b: Amoonguss|71/100|[from] item: Sitrus Berry
|move|p1a: Archaludon|Electro Shot||[still]
|-prepare|p1a: Archaludon|Electro Shot
|-boost|p1a: Archaludon|spa|1
|move|p1b: Amoonguss|Spore|p2b: Puppet
|-immune|p2b: Puppet
|
|-weather|Sandstorm|[upkeep]
|-damage|p2b: Puppet|94/100|[from] Sandstorm
|-damage|p1b: Amoonguss|65/100|[from] Sandstorm
|-damage|p1a: Archaludon|83/100 brn|[from] brn
|upkeep
|turn|4
|
|t:|1756988778
|-terastallize|p2a: Tyranitar|Grass
|move|p2a: Tyranitar|Dragon Dance|p2a: Tyranitar
|-boost|p2a: Tyranitar|atk|1
|-boost|p2a: Tyranitar|spe|1
|move|p2b: Puppet|Shadow Ball|p1b: Amoonguss
|-damage|p1b: Amoonguss|17/100
|move|p1a: Archaludon|Electro Shot|p2a: Tyranitar|[from] lockedmove
|-resisted|p2a: Tyranitar
|-damage|p2a: Tyranitar|68/100
|move|p1b: Amoonguss|Spore|p2a: Tyranitar
|-immune|p2a: Tyranitar
|
|-weather|Sandstorm|[upkeep]
|-damage|p2a: Tyranitar|62/100|[from] Sandstorm
|-damage|p2b: Puppet|88/100|[from] Sandstorm
|-damage|p1b: Amoonguss|11/100|[from] Sandstorm
|-damage|p1a: Archaludon|77/100 brn|[from] brn
|upkeep
|turn|5
|
|t:|1756988801
|switch|p1b: Pelipper|Pelipper, L50, F|25/100
|-weather|RainDance|[from] ability: Drizzle|[of] p1b: Pelipper
|move|p2b: Puppet|Rage Powder|p2b: Puppet
|-singleturn|p2b: Puppet|move: Rage Powder
|move|p2a: Tyranitar|Dragon Dance|p2a: Tyranitar
|-boost|p2a: Tyranitar|atk|1
|-boost|p2a: Tyranitar|spe|1
|move|p1a: Archaludon|Dragon Pulse|p2b: Puppet
|-damage|p2b: Puppet|28/100
|-enditem|p2b: Puppet|Sitrus Berry|[eat]
|-heal|p2b: Puppet|53/100|[from] item: Sitrus Berry
|
|-weather|RainDance|[upkeep]
|-damage|p1a: Archaludon|71/100 brn|[from] brn
|-sideend|p2: sandy ghost 5|move: Tailwind
|upkeep
|turn|6
|
|t:|1756988818
|move|p2b: Puppet|Rage Powder|p2b: Puppet
|-singleturn|p2b: Puppet|move: Rage Powder
|move|p2a: Tyranitar|Knock Off|p1b: Pelipper
|-damage|p1b: Pelipper|0 fnt
|-enditem|p1b: Pelipper|Focus Sash|[from] move: Knock Off|[of] p2a: Tyranitar
|faint|p1b: Pelipper
|move|p1a: Archaludon|Dragon Pulse|p2b: Puppet
|-damage|p2b: Puppet|0 fnt
|faint|p2b: Puppet
|
|-weather|RainDance|[upkeep]
|-damage|p1a: Archaludon|65/100 brn|[from] brn
|upkeep
|
|t:|1756988832
|switch|p1b: Annihilape|Annihilape, L50, M|100/100
|switch|p2b: Blaziken|Blaziken, L50, F|100/100
|turn|7
|
|t:|1756988865
|move|p2a: Tyranitar|Knock Off|p1b: Annihilape
|-damage|p1b: Annihilape|0 fnt
|-enditem|p1b: Annihilape|Safety Goggles|[from] move: Knock Off|[of] p2a: Tyranitar
|faint|p1b: Annihilape
|move|p2b: Blaziken|Aura Sphere|p1a: Archaludon
|-supereffective|p1a: Archaludon
|-damage|p1a: Archaludon|7/100 brn
|-ability|p1a: Archaludon|Stamina|boost
|-boost|p1a: Archaludon|def|1
|move|p1a: Archaludon|Dragon Pulse|p2a: Tyranitar
|-damage|p2a: Tyranitar|0 fnt
|faint|p2a: Tyranitar
|
|-weather|RainDance|[upkeep]
|-damage|p1a: Archaludon|1/100 brn|[from] brn
|-ability|p2b: Blaziken|Speed Boost|boost
|-boost|p2b: Blaziken|spe|1
|upkeep
|
|t:|1756988877
|switch|p1b: Amoonguss|Amoonguss, L50, F, tera:Fairy|44/100
|switch|p2a: Salamence|Salamence, L50, M|91/100 slp
|-ability|p2a: Salamence|Intimidate|boost
|-unboost|p1a: Archaludon|atk|1
|-unboost|p1b: Amoonguss|atk|1
|turn|8
|
|t:|1756988917
|move|p1b: Amoonguss|Rage Powder|p1b: Amoonguss
|-singleturn|p1b: Amoonguss|move: Rage Powder
|move|p2b: Blaziken|Aura Sphere|p1b: Amoonguss
|-resisted|p1b: Amoonguss
|-damage|p1b: Amoonguss|30/100
|cant|p2a: Salamence|slp
|move|p1a: Archaludon|Electro Shot||[still]
|-prepare|p1a: Archaludon|Electro Shot
|-boost|p1a: Archaludon|spa|1
|-anim|p1a: Archaludon|Electro Shot|p2b: Blaziken
|-damage|p2b: Blaziken|0 fnt
|faint|p2b: Blaziken
|
|-weather|RainDance|[upkeep]
|-damage|p1a: Archaludon|0 fnt|[from] brn
|faint|p1a: Archaludon
|upkeep
|turn|9
|
|t:|1756988932
|cant|p2a: Salamence|slp
|move|p1b: Amoonguss|Pollen Puff|p2a: Salamence
|-resisted|p2a: Salamence
|-damage|p2a: Salamence|78/100 slp
|
|-weather|none
|upkeep
|turn|10
|
|t:|1756988947
|cant|p2a: Salamence|slp
|move|p1b: Amoonguss|Spore|p2a: Salamence
|-fail|p2a: Salamence|slp
|
|upkeep
|turn|11
|
|t:|1756988953
|-curestatus|p2a: Salamence|slp|[msg]
|move|p2a: Salamence|Air Slash|p1b: Amoonguss
|-damage|p1b: Amoonguss|0 fnt
|faint|p1b: Amoonguss
|-damage|p2a: Salamence|68/100|[from] item: Life Orb
|
|win|sandy ghost 5
|raw|Hikari.D9's rating: 1156 → 1140(-16 for losing)
|raw|sandy ghost 5's rating: 1282 → 1298(+16 for winning)
|c|☆sandy ghost 5|gg
