|j|☆f49 buffchary
|j|☆lettitripppp
|html|f49 buffcharylettitripppp    
|uhtml|bestof|Game 2 of a best-of-3
|t:|1783797101
|gametype|doubles
|player|p1|f49 buffchary|1|1279
|player|p2|lettitripppp|lucas|1264
|gen|9
|tier|[Gen 9 Champions] VGC 2026 Reg M-B (Bo3)
|rated|
|rule|Species Clause: Limit one of each Pokémon
|rule|Item Clause: Limit 1 of each item
|clearpoke
|poke|p1|Charizard, L50, M|
|poke|p1|Garchomp, L50, F|
|poke|p1|Whimsicott, L50, M|
|poke|p1|Basculegion, L50, M|
|poke|p1|Kingambit, L50, F|
|poke|p1|Floette-Eternal, L50, F|
|poke|p2|Charizard, L50, M|
|poke|p2|Basculegion, L50, M|
|poke|p2|Whimsicott, L50, F, shiny|
|poke|p2|Garchomp, L50, M, shiny|
|poke|p2|Floette-Eternal, L50, F|
|poke|p2|Kingambit, L50, F, shiny|
|teampreview|4
|showteam|p1|Charizard||CharizarditeY|Blaze|HeatWave,WeatherBall,SolarBeam,Protect|Modest||M|||50|]Garchomp||SitrusBerry|RoughSkin|DragonTail,StompingTantrum,RockSlide,PoisonJab|Adamant||F|||50|]Whimsicott||FocusSash|Prankster|Tailwind,Moonblast,Encore,Protect|Timid||M|||50|]Basculegion||ChoiceScarf|Adaptability|WaveCrash,LastRespects,AquaJet,FlipTurn|Jolly||M|||50|]Kingambit||LifeOrb|Defiant|KowtowCleave,IronHead,SuckerPunch,LowKick|Adamant||F|||50|]Floette-Eternal||Floettite|FlowerVeil|DazzlingGleam,Moonblast,LightofRuin,Protect|Modest||F|||50|
|showteam|p2|Charizard||CharizarditeY|Blaze|WeatherBall,SolarBeam,HeatWave,Protect|Modest||M|||50|]Basculegion||MysticWater|Adaptability|LastRespects,WaveCrash,AquaJet,Protect|Adamant||M|||50|]Whimsicott||FocusSash|Prankster|Moonblast,Tailwind,Encore,Protect|Timid||F|||50|]Garchomp||LifeOrb|RoughSkin|DragonClaw,Earthquake,RockSlide,Protect|Jolly||M|||50|]Floette-Eternal||Floettite|FlowerVeil|DazzlingGleam,LightofRuin,Moonblast,Protect|Modest||F|||50|]Kingambit||ChopleBerry|Defiant|KowtowCleave,SuckerPunch,IronHead,LowKick|Adamant||F|||50|
|inactive|Battle timer is ON: inactive players will automatically lose when time's up. (requested by lettitripppp)
|
|t:|1783797116
|teamsize|p1|4
|teamsize|p2|4
|start
|switch|p1a: Charizard|Charizard, L50, M|100/100
|switch|p1b: Whimsicott|Whimsicott, L50, M|100/100
|switch|p2a: LETS GO GO|Whimsicott, L50, F, shiny|100/100
|switch|p2b: CRUSH SHARK|Garchomp, L50, M, shiny|100/100
|turn|1
|
|t:|1783797138
|move|p1a: Charizard|Protect|p1a: Charizard
|-singleturn|p1a: Charizard|Protect
|move|p2a: LETS GO GO|Tailwind|p2a: LETS GO GO
|-sidestart|p2: lettitripppp|move: Tailwind
|move|p2b: CRUSH SHARK|Rock Slide|p1b: Whimsicott|[spread] p1b
|-activate|p1a: Charizard|move: Protect
|-damage|p1b: Whimsicott|63/100
|-damage|p2b: CRUSH SHARK|90/100|[from] item: Life Orb
|cant|p1b: Whimsicott|flinch
|
|upkeep
|turn|2
|
|t:|1783797150
|switch|p1a: Garchomp|Garchomp, L50, F|100/100
|move|p2a: LETS GO GO|Encore||[still]
|-fail|p2a: LETS GO GO
|move|p2b: CRUSH SHARK|Rock Slide|p1a: Garchomp|[spread] p1a,p1b
|-resisted|p1a: Garchomp|1
|-damage|p1a: Garchomp|89/100
|-damage|p1b: Whimsicott|24/100
|-damage|p2b: CRUSH SHARK|80/100|[from] item: Life Orb
|cant|p1b: Whimsicott|flinch
|
|upkeep
|turn|3
|
|t:|1783797167
|move|p2b: CRUSH SHARK|Protect|p2b: CRUSH SHARK
|-singleturn|p2b: CRUSH SHARK|Protect
|move|p1b: Whimsicott|Tailwind|p1b: Whimsicott
|-sidestart|p1: f49 buffchary|move: Tailwind
|move|p2a: LETS GO GO|Moonblast|p1b: Whimsicott
|-damage|p1b: Whimsicott|0 fnt
|faint|p1b: Whimsicott
|move|p1a: Garchomp|Dragon Tail|p2b: CRUSH SHARK
|-activate|p2b: CRUSH SHARK|move: Protect
|
|upkeep
|
|t:|1783797170
|switch|p1b: Basculegion|Basculegion, L50, M|100/100
|turn|4
|
|t:|1783797189
|move|p1b: Basculegion|Last Respects|p2b: CRUSH SHARK
|-damage|p2b: CRUSH SHARK|13/100
|move|p2a: LETS GO GO|Moonblast|p1a: Garchomp
|-supereffective|p1a: Garchomp|1
|-damage|p1a: Garchomp|38/100
|-enditem|p1a: Garchomp|Sitrus Berry|[eat]
|-heal|p1a: Garchomp|62/100|[from] item: Sitrus Berry
|move|p2b: CRUSH SHARK|Dragon Claw|p1a: Garchomp
|-supereffective|p1a: Garchomp|1
|-damage|p1a: Garchomp|0 fnt
|-damage|p2b: CRUSH SHARK|1/100|[from] ability: Rough Skin|[of] p1a: Garchomp
|faint|p1a: Garchomp
|-damage|p2b: CRUSH SHARK|0 fnt|[from] item: Life Orb
|faint|p2b: CRUSH SHARK
|
|-sideend|p2: lettitripppp|move: Tailwind
|upkeep
|
|t:|1783797210
|switch|p2b: GENERAL BLADUS|Kingambit, L50, F, shiny|100/100
|switch|p1a: Charizard|Charizard, L50, M|100/100
|turn|5
|
|t:|1783797217
|detailschange|p1a: Charizard|Charizard-Mega-Y, L50, M
|-mega|p1a: Charizard|Charizard|Charizardite Y
|-weather|SunnyDay|[from] ability: Drought|[of] p1a: Charizard
|move|p2a: LETS GO GO|Tailwind|p2a: LETS GO GO
|-sidestart|p2: lettitripppp|move: Tailwind
|move|p2b: GENERAL BLADUS|Sucker Punch|p1b: Basculegion
|-supereffective|p1b: Basculegion|1
|-damage|p1b: Basculegion|0 fnt
|faint|p1b: Basculegion
|move|p1a: Charizard|Heat Wave|p2a: LETS GO GO|[spread] p2a,p2b
|-supereffective|p2a: LETS GO GO|1
|-supereffective|p2b: GENERAL BLADUS|1
|-enditem|p2a: LETS GO GO|Focus Sash
|-damage|p2a: LETS GO GO|1/100
|-damage|p2b: GENERAL BLADUS|0 fnt
|faint|p2b: GENERAL BLADUS
|
|-weather|SunnyDay|[upkeep]
|upkeep
|
|t:|1783797232
|switch|p2b: RUINOUS LIGHT|Floette-Eternal, L50, F|100/100
|turn|6
|
|t:|1783797236
|move|p2a: LETS GO GO|Protect|p2a: LETS GO GO
|-singleturn|p2a: LETS GO GO|Protect
|move|p2b: RUINOUS LIGHT|Protect|p2b: RUINOUS LIGHT
|-singleturn|p2b: RUINOUS LIGHT|Protect
|move|p1a: Charizard|Heat Wave|p2b: RUINOUS LIGHT|[spread] 
|-activate|p2a: LETS GO GO|move: Protect
|-activate|p2b: RUINOUS LIGHT|move: Protect
|
|-weather|SunnyDay|[upkeep]
|-sideend|p1: f49 buffchary|move: Tailwind
|upkeep
|turn|7
|
|t:|1783797248
|detailschange|p2b: RUINOUS LIGHT|Floette-Mega, L50, F
|-mega|p2b: RUINOUS LIGHT|Floette|Floettite
|-ability|p2b: RUINOUS LIGHT|Fairy Aura
|move|p2a: LETS GO GO|Moonblast|p1a: Charizard
|-resisted|p1a: Charizard|1
|-damage|p1a: Charizard|82/100
|move|p2b: RUINOUS LIGHT|Moonblast|p1a: Charizard
|-resisted|p1a: Charizard|1
|-damage|p1a: Charizard|47/100
|move|p1a: Charizard|Heat Wave|p2b: RUINOUS LIGHT|[spread] p2a,p2b
|-supereffective|p2a: LETS GO GO|1
|-damage|p2a: LETS GO GO|0 fnt
|-damage|p2b: RUINOUS LIGHT|43/100
|faint|p2a: LETS GO GO
|
|-weather|SunnyDay|[upkeep]
|upkeep
|turn|8
|
|t:|1783797267
|move|p1a: Charizard|Protect|p1a: Charizard
|-singleturn|p1a: Charizard|Protect
|move|p2b: RUINOUS LIGHT|Light of Ruin|p1a: Charizard
|-activate|p1a: Charizard|move: Protect
|
|-weather|SunnyDay|[upkeep]
|-sideend|p2: lettitripppp|move: Tailwind
|upkeep
|turn|9
|
|t:|1783797272
|move|p2b: RUINOUS LIGHT|Light of Ruin|p1a: Charizard
|-resisted|p1a: Charizard|1
|-damage|p1a: Charizard|0 fnt
|faint|p1a: Charizard
|-damage|p2b: RUINOUS LIGHT|14/100|[from] Recoil
|
|win|lettitripppp
