|j|☆freudianbreath
|j|☆helpimbadatthislol
|html|freudianbreathhelpimbadatthislol    
|uhtml|bestof|Game 2 of a best-of-3
|t:|1785093524
|gametype|doubles
|player|p1|freudianbreath|101|1095
|player|p2|helpimbadatthislol|rosa|1115
|gen|9
|tier|[Gen 9 Champions] VGC 2026 Reg M-B (Bo3)
|rated|
|rule|Species Clause: Limit one of each Pokémon
|rule|Item Clause: Limit 1 of each item
|clearpoke
|poke|p1|Raichu, L50, F|
|poke|p1|Basculegion, L50, M|
|poke|p1|Charizard, L50, F|
|poke|p1|Whimsicott, L50, F|
|poke|p1|Kingambit, L50, F|
|poke|p1|Ninetales-Alola, L50, F|
|poke|p2|Ampharos, L50, F|
|poke|p2|Scizor, L50, M|
|poke|p2|Rotom-Heat, L50|
|poke|p2|Heliolisk, L50, F|
|poke|p2|Stunfisk, L50, M|
|poke|p2|Dragonite, L50, M|
|teampreview|4
|showteam|p1|Raichu||RaichuniteY|LightningRod|ZapCannon,FocusBlast,FakeOut,Protect|Bold||F|||50|]Basculegion||MysticWater|Adaptability|WaveCrash,Protect,AquaJet,IcyWind|Adamant||M|||50|]Charizard||CharizarditeY|Blaze|HeatWave,WeatherBall,AncientPower,Protect|Timid||F|||50|]Whimsicott||SitrusBerry|Prankster|Moonblast,Encore,Tailwind,Protect|Bold||F|||50|]Kingambit||OccaBerry|Defiant|KowtowCleave,SwordsDance,SuckerPunch,Protect|Adamant||F|||50|]Ninetales-Alola||LifeOrb|SnowWarning|Blizzard,FreezeDry,Encore,Protect|Timid||F|||50|
|showteam|p2|Ampharos||Ampharosite|Static|ParabolicCharge,Protect,Thunderbolt,DragonPulse|Quiet||F|||50|]Scizor||LifeOrb|Technician|BulletPunch,Uturn,CloseCombat,Protect|Brave||M|||50|]Rotom-Heat||SitrusBerry|Levitate|Overheat,Discharge,WillOWisp,VoltSwitch|Quiet|||||50|]Heliolisk||ChoiceScarf|SolarPower|HyperVoice,WeatherBall,Discharge,DarkPulse|Modest||F|||50|]Stunfisk||FocusSash|Static|RainDance,EarthPower,Discharge,ThunderWave|Quiet||M|||50|]Dragonite||ChestoBerry|InnerFocus|Rest,DragonClaw,ExtremeSpeed,SunnyDay|Adamant||M|||50|
|inactive|Battle timer is ON: inactive players will automatically lose when time's up. (requested by helpimbadatthislol)
|
|t:|1785093564
|teamsize|p1|4
|teamsize|p2|4
|start
|switch|p1a: Ninetales|Ninetales-Alola, L50, F|100/100
|switch|p1b: Raichu|Raichu, L50, F|100/100
|switch|p2a: Scizor|Scizor, L50, M|100/100
|switch|p2b: Heliolisk|Heliolisk, L50, F|100/100
|-weather|Snowscape|[from] ability: Snow Warning|[of] p1a: Ninetales
|turn|1
|inactive|freudianbreath has 30 seconds left.
|
|t:|1785093595
|move|p1b: Raichu|Fake Out|p2a: Scizor
|-resisted|p2a: Scizor|1
|-crit|p2a: Scizor
|-damage|p2a: Scizor|93/100
|cant|p2a: Scizor|flinch
|move|p2b: Heliolisk|Hyper Voice|p1a: Ninetales|[spread] p1a,p1b
|-damage|p1a: Ninetales|57/100
|-damage|p1b: Raichu|59/100
|move|p1a: Ninetales|Blizzard|p2a: Scizor|[spread] p2a,p2b
|-resisted|p2a: Scizor|1
|-damage|p2a: Scizor|67/100
|-damage|p2b: Heliolisk|49/100
|-damage|p1a: Ninetales|48/100|[from] item: Life Orb
|
|-weather|Snowscape|[upkeep]
|upkeep
|turn|2
|inactive|freudianbreath has 30 seconds left.
|inactive|freudianbreath has 20 seconds left.
|inactive|freudianbreath has 15 seconds left.
|inactive|freudianbreath has 10 seconds left.
|inactive|freudianbreath has 5 seconds left.
|
|t:|1785093646
|switch|p1a: Basculegion|Basculegion, L50, M|100/100
|move|p2a: Scizor|Bullet Punch|p1b: Raichu
|-resisted|p1b: Raichu|1
|-damage|p1b: Raichu|34/100
|-damage|p2a: Scizor|57/100|[from] item: Life Orb
|move|p2b: Heliolisk|Hyper Voice|p1a: Basculegion|[spread] p1b
|-immune|p1a: Basculegion
|-damage|p1b: Raichu|0 fnt
|faint|p1b: Raichu
|
|-weather|Snowscape|[upkeep]
|upkeep
|inactive|freudianbreath has 30 seconds left.
|
|t:|1785093673
|switch|p1b: Charizard|Charizard, L50, F|100/100
|turn|3
|inactive|freudianbreath has 30 seconds left.
|inactive|freudianbreath has 20 seconds left.
|
|t:|1785093709
|switch|p2a: Dragonite|Dragonite, L50, M|100/100
|move|p2b: Heliolisk|Hyper Voice|p1b: Charizard|[spread] p1b
|-immune|p1a: Basculegion
|-damage|p1b: Charizard|54/100
|move|p1b: Charizard|Heat Wave|p2a: Dragonite|[spread] p2a,p2b
|-resisted|p2a: Dragonite|1
|-damage|p2a: Dragonite|85/100
|-damage|p2b: Heliolisk|7/100
|-status|p2b: Heliolisk|brn
|move|p1a: Basculegion|Wave Crash|p2b: Heliolisk
|-damage|p2b: Heliolisk|0 fnt
|faint|p2b: Heliolisk
|-damage|p1a: Basculegion|97/100|[from] Recoil
|
|-weather|Snowscape|[upkeep]
|upkeep
|
|t:|1785093718
|switch|p2b: Ampharos|Ampharos, L50, F|100/100
|turn|4
|inactive|freudianbreath has 30 seconds left.
|inactive|freudianbreath has 20 seconds left.
|inactive|freudianbreath has 15 seconds left.
|inactive|freudianbreath has 10 seconds left.
|inactive|freudianbreath has 5 seconds left.
|
|t:|1785093769
|detailschange|p1b: Charizard|Charizard-Mega-Y, L50, F
|-mega|p1b: Charizard|Charizard|Charizardite Y
|-weather|SunnyDay|[from] ability: Drought|[of] p1b: Charizard
|detailschange|p2b: Ampharos|Ampharos-Mega, L50, F
|-mega|p2b: Ampharos|Ampharos|Ampharosite
|-ability|p2b: Ampharos|Mold Breaker
|move|p1b: Charizard|Heat Wave|p2a: Dragonite|[spread] p2a,p2b
|-resisted|p2a: Dragonite|1
|-resisted|p2b: Ampharos|1
|-damage|p2a: Dragonite|57/100
|-damage|p2b: Ampharos|72/100
|move|p1a: Basculegion|Icy Wind|p2b: Ampharos|[spread] p2a,p2b
|-supereffective|p2a: Dragonite|2
|-supereffective|p2b: Ampharos|1
|-damage|p2a: Dragonite|31/100
|-damage|p2b: Ampharos|60/100
|-unboost|p2a: Dragonite|spe|1
|-unboost|p2b: Ampharos|spe|1
|move|p2a: Dragonite|Dragon Claw|p1b: Charizard
|-damage|p1b: Charizard|0 fnt
|faint|p1b: Charizard
|move|p2b: Ampharos|Thunderbolt|p1a: Basculegion
|-supereffective|p1a: Basculegion|1
|-damage|p1a: Basculegion|0 fnt
|faint|p1a: Basculegion
|
|-weather|SunnyDay|[upkeep]
|upkeep
|
|t:|1785093790
|switch|p1b: Ninetales|Ninetales-Alola, L50, F|48/100
|-weather|Snowscape|[from] ability: Snow Warning|[of] p1b: Ninetales
|turn|5
|
|t:|1785093804
|move|p2b: Ampharos|Protect|p2b: Ampharos
|-singleturn|p2b: Ampharos|Protect
|move|p2a: Dragonite|Extreme Speed|p1b: Ninetales
|-damage|p1b: Ninetales|18/100
|move|p1b: Ninetales|Blizzard|p2a: Dragonite|[spread] p2a
|-activate|p2b: Ampharos|move: Protect
|-supereffective|p2a: Dragonite|2
|-damage|p2a: Dragonite|0 fnt
|faint|p2a: Dragonite
|-damage|p1b: Ninetales|8/100|[from] item: Life Orb
|
|-weather|Snowscape|[upkeep]
|upkeep
|
|t:|1785093806
|switch|p2a: Scizor|Scizor, L50, M|57/100
|turn|6
|
|t:|1785093812
|move|p2a: Scizor|Bullet Punch|p1b: Ninetales
|-supereffective|p1b: Ninetales|2
|-damage|p1b: Ninetales|0 fnt
|faint|p1b: Ninetales
|-damage|p2a: Scizor|48/100|[from] item: Life Orb
|
|win|helpimbadatthislol
