|j|☆Sawadaburner
|j|☆idkvgc21
|html|Sawadaburneridkvgc21    
|uhtml|bestof|Game 1 of a best-of-3
|t:|1756470682
|gametype|doubles
|player|p1|Sawadaburner|102|1280
|player|p2|idkvgc21|ethan|1228
|gen|9
|tier|[Gen 9] VGC 2025 Reg H (Bo3)
|rated|
|rule|Species Clause: Limit one of each Pokémon
|rule|Item Clause: Limit 1 of each item
|clearpoke
|poke|p1|Porygon2, L50|
|poke|p1|Incineroar, L50, M|
|poke|p1|Ursaluna, L50, F|
|poke|p1|Jumpluff, L50, M|
|poke|p1|Charizard, L50, M|
|poke|p1|Torkoal, L50, M|
|poke|p2|Indeedee, L50, M|
|poke|p2|Ursaluna-Bloodmoon, L50, M|
|poke|p2|Sneasler, L50, M|
|poke|p2|Electabuzz, L50, M|
|poke|p2|Arcanine-Hisui, L50, F|
|poke|p2|Samurott-Hisui, L50, F|
|teampreview|4
|showteam|p1|Porygon2||Eviolite|Download|TeraBlast,IceBeam,TrickRoom,Recover||||||50|,,,,,Fighting]Incineroar||SitrusBerry|Intimidate|FakeOut,KnockOff,FlareBlitz,PartingShot|||M|||50|,,,,,Ghost]Ursaluna||FlameOrb|Guts|HeadlongRush,Facade,Earthquake,Protect|||F|||50|,,,,,Ghost]Jumpluff||CovertCloak|Chlorophyll|RagePowder,SunnyDay,Tailwind,SleepPowder|||M|||50|,,,,,Water]Charizard||ChoiceSpecs|SolarPower|HeatWave,Overheat,WeatherBall,AirSlash|||M|||50|,,,,,Ghost]Torkoal||EjectPack|Drought|Overheat,Eruption,HelpingHand,Protect|||M|||50|,,,,,Fire
|showteam|p2|Indeedee||FocusSash|PsychicSurge|ExpandingForce,Protect,HelpingHand,TrickRoom|||M|||50|,,,,,Psychic]Ursaluna-Bloodmoon||LifeOrb|MindsEye|BloodMoon,HyperVoice,EarthPower,Protect|||M|||50|,,,,,Normal]Sneasler||PsychicSeed|Unburden|DireClaw,CloseCombat,ThroatChop,Protect|||M|||50|,,,,,Dark]Electabuzz||Eviolite|VitalSpirit|Electroweb,Taunt,FollowMe,Protect|||M|||50|,,,,,Dragon]Arcanine-Hisui||ChoiceBand|Intimidate|RockSlide,HeadSmash,FlareBlitz,ExtremeSpeed|||F|||50|,,,,,Normal]Samurott-Hisui||AssaultVest|Torrent|SacredSword,AquaCutter,CeaselessEdge,TeraBlast|||F|||50|,,,,,Bug
|
|t:|1756470732
|teamsize|p1|4
|teamsize|p2|4
|start
|switch|p1a: Porygon2|Porygon2, L50|100/100
|switch|p1b: Incineroar|Incineroar, L50, M|100/100
|switch|p2a: Arcanine|Arcanine-Hisui, L50, F|100/100
|switch|p2b: Electabuzz|Electabuzz, L50, M, shiny|100/100
|-ability|p2a: Arcanine|Intimidate|boost
|-unboost|p1a: Porygon2|atk|1
|-unboost|p1b: Incineroar|atk|1
|-ability|p1b: Incineroar|Intimidate|boost
|-unboost|p2a: Arcanine|atk|1
|-unboost|p2b: Electabuzz|atk|1
|-ability|p1a: Porygon2|Download|boost
|-boost|p1a: Porygon2|atk|1
|turn|1
|
|t:|1756470762
|-terastallize|p1a: Porygon2|Fighting
|move|p2b: Electabuzz|Taunt|p1a: Porygon2
|-start|p1a: Porygon2|move: Taunt
|move|p2a: Arcanine|Rock Slide|p1a: Porygon2|[spread] p1a,p1b
|-resisted|p1a: Porygon2
|-supereffective|p1b: Incineroar
|-damage|p1a: Porygon2|92/100
|-damage|p1b: Incineroar|46/100
|-enditem|p1b: Incineroar|Sitrus Berry|[eat]
|-heal|p1b: Incineroar|71/100|[from] item: Sitrus Berry
|move|p1b: Incineroar|Knock Off|p2a: Arcanine
|-damage|p2a: Arcanine|60/100
|-enditem|p2a: Arcanine|Choice Band|[from] move: Knock Off|[of] p1b: Incineroar
|cant|p1a: Porygon2|flinch
|
|upkeep
|turn|2
|
|t:|1756470783
|move|p2b: Electabuzz|Follow Me|p2b: Electabuzz
|-singleturn|p2b: Electabuzz|move: Follow Me
|move|p2a: Arcanine|Rock Slide|p1b: Incineroar|[spread] p1a,p1b
|-resisted|p1a: Porygon2
|-supereffective|p1b: Incineroar
|-damage|p1a: Porygon2|86/100
|-damage|p1b: Incineroar|34/100
|move|p1b: Incineroar|Parting Shot|p2b: Electabuzz
|-unboost|p2b: Electabuzz|atk|1
|-unboost|p2b: Electabuzz|spa|1
|
|t:|1756470788
|switch|p1b: Ursaluna|Ursaluna, L50, F|100/100|[from] Parting Shot
|cant|p1a: Porygon2|flinch
|
|-status|p1b: Ursaluna|brn|[from] item: Flame Orb
|upkeep
|turn|3
|
|t:|1756470817
|move|p2b: Electabuzz|Protect|p2b: Electabuzz
|-singleturn|p2b: Electabuzz|Protect
|move|p2a: Arcanine|Rock Slide|p1a: Porygon2|[spread] p1a,p1b
|-resisted|p1a: Porygon2
|-resisted|p1b: Ursaluna
|-damage|p1a: Porygon2|80/100
|-damage|p1b: Ursaluna|93/100 brn
|move|p1b: Ursaluna|Facade|p2b: Electabuzz
|-activate|p2b: Electabuzz|move: Protect
|cant|p1a: Porygon2|flinch
|
|-damage|p1b: Ursaluna|87/100 brn|[from] brn
|-end|p1a: Porygon2|move: Taunt
|upkeep
|turn|4
|
|t:|1756470846
|switch|p1a: Incineroar|Incineroar, L50, M|34/100
|-ability|p1a: Incineroar|Intimidate|boost
|-unboost|p2a: Arcanine|atk|1
|-unboost|p2b: Electabuzz|atk|1
|move|p2b: Electabuzz|Taunt|p1a: Incineroar
|-start|p1a: Incineroar|move: Taunt
|move|p2a: Arcanine|Rock Slide|p1b: Ursaluna|[spread] p1a,p1b
|-supereffective|p1a: Incineroar
|-resisted|p1b: Ursaluna
|-damage|p1a: Incineroar|6/100
|-damage|p1b: Ursaluna|82/100 brn
|move|p1b: Ursaluna|Facade|p2b: Electabuzz
|-damage|p2b: Electabuzz|0 fnt
|faint|p2b: Electabuzz
|
|-damage|p1b: Ursaluna|76/100 brn|[from] brn
|upkeep
|
|t:|1756470870
|switch|p2b: Sneasler|Sneasler, L50, M, shiny|100/100
|turn|5
|
|t:|1756470880
|switch|p1b: Porygon2|Porygon2, L50, tera:Fighting|80/100
|-ability|p1b: Porygon2|Download|boost
|-boost|p1b: Porygon2|atk|1
|move|p2b: Sneasler|Protect|p2b: Sneasler
|-singleturn|p2b: Sneasler|Protect
|move|p2a: Arcanine|Flare Blitz|p1b: Porygon2
|-damage|p1b: Porygon2|59/100
|-damage|p2a: Arcanine|53/100|[from] Recoil
|move|p1a: Incineroar|Flare Blitz|p2b: Sneasler
|-activate|p2b: Sneasler|move: Protect
|
|upkeep
|turn|6
|
|t:|1756470912
|move|p2b: Sneasler|Dire Claw|p1b: Porygon2
|-damage|p1b: Porygon2|29/100
|-status|p1b: Porygon2|slp
|move|p2a: Arcanine|Rock Slide|p1a: Incineroar|[spread] p1a,p1b
|-supereffective|p1a: Incineroar
|-resisted|p1b: Porygon2
|-damage|p1a: Incineroar|0 fnt
|-damage|p1b: Porygon2|25/100 slp
|faint|p1a: Incineroar
|cant|p1b: Porygon2|slp
|
|upkeep
|
|t:|1756470921
|switch|p1a: Jumpluff|Jumpluff, L50, M|100/100
|turn|7
|
|t:|1756470948
|move|p2b: Sneasler|Protect|p2b: Sneasler
|-singleturn|p2b: Sneasler|Protect
|move|p1a: Jumpluff|Rage Powder|p1a: Jumpluff
|-singleturn|p1a: Jumpluff|move: Rage Powder
|move|p2a: Arcanine|Head Smash|p1a: Jumpluff|[miss]
|-miss|p2a: Arcanine|p1a: Jumpluff
|cant|p1b: Porygon2|slp
|
|upkeep
|turn|8
|
|t:|1756470983
|move|p1a: Jumpluff|Sleep Powder|p2b: Sneasler
|-status|p2b: Sneasler|slp|[from] move: Sleep Powder
|cant|p2b: Sneasler|slp
|move|p2a: Arcanine|Flare Blitz|p1b: Porygon2
|-damage|p1b: Porygon2|7/100 slp
|-damage|p2a: Arcanine|46/100|[from] Recoil
|-curestatus|p1b: Porygon2|slp|[msg]
|move|p1b: Porygon2|Trick Room|p1b: Porygon2
|-fieldstart|move: Trick Room|[of] p1b: Porygon2
|
|upkeep
|turn|9
|
|t:|1756471030
|move|p1a: Jumpluff|Rage Powder|p1a: Jumpluff
|-singleturn|p1a: Jumpluff|move: Rage Powder
|move|p1b: Porygon2|Tera Blast|p2a: Arcanine|[anim] Tera Blast Fighting
|-supereffective|p2a: Arcanine
|-damage|p2a: Arcanine|0 fnt
|faint|p2a: Arcanine
|cant|p2b: Sneasler|slp
|
|upkeep
|
|t:|1756471035
|switch|p2a: Samurott|Samurott-Hisui, L50, F|100/100
|turn|10
|
|t:|1756471061
|-terastallize|p2a: Samurott|Bug
|-curestatus|p2b: Sneasler|slp|[msg]
|move|p2b: Sneasler|Protect|p2b: Sneasler
|-singleturn|p2b: Sneasler|Protect
|move|p1b: Porygon2|Tera Blast|p2a: Samurott|[anim] Tera Blast Fighting
|-resisted|p2a: Samurott
|-damage|p2a: Samurott|85/100
|move|p2a: Samurott|Ceaseless Edge|p1a: Jumpluff
|-damage|p1a: Jumpluff|61/100
|-sidestart|p1: Sawadaburner|Spikes
|move|p1a: Jumpluff|Sleep Powder|p2a: Samurott
|-status|p2a: Samurott|slp|[from] move: Sleep Powder
|
|upkeep
|turn|11
|
|t:|1756471083
|move|p1b: Porygon2|Recover|p1b: Porygon2
|-heal|p1b: Porygon2|57/100
|cant|p2a: Samurott|slp
|move|p2b: Sneasler|Dire Claw|p1a: Jumpluff
|-supereffective|p1a: Jumpluff
|-damage|p1a: Jumpluff|0 fnt
|faint|p1a: Jumpluff
|
|upkeep
|
|t:|1756471089
|switch|p1a: Ursaluna|Ursaluna, L50, F|76/100 brn
|-damage|p1a: Ursaluna|64/100 brn|[from] Spikes
|turn|12
|
|t:|1756471119
|move|p1b: Porygon2|Ice Beam|p2b: Sneasler
|-damage|p2b: Sneasler|61/100
|-status|p2b: Sneasler|frz
|move|p1a: Ursaluna|Facade|p2a: Samurott
|-damage|p2a: Samurott|0 fnt
|faint|p2a: Samurott
|cant|p2b: Sneasler|frz
|
|-damage|p1a: Ursaluna|58/100 brn|[from] brn
|-fieldend|move: Trick Room
|upkeep
|turn|13
|
|t:|1756471143
|cant|p2b: Sneasler|frz
|move|p1a: Ursaluna|Facade|p2b: Sneasler
|-damage|p2b: Sneasler|0 fnt
|faint|p2b: Sneasler
|
|win|Sawadaburner
||idkvgc21 is ready for game 2.
|inactive|Sawadaburner has 30 seconds to confirm battle start!
||Sawadaburner is ready for game 2.
|uhtml|next|Next: Game 2 of 3
|l|☆Sawadaburner
|player|p1|
