|j|☆freudianbreath
|j|☆Meliodasanbu90
|html|freudianbreathMeliodasanbu90    
|uhtml|bestof|Game 1 of a best-of-3
|t:|1782337500
|gametype|doubles
|player|p1|freudianbreath|2|1141
|player|p2|Meliodasanbu90|2|1000
|gen|9
|tier|[Gen 9 Champions] VGC 2026 Reg M-B (Bo3)
|rated|
|rule|Species Clause: Limit one of each Pokémon
|rule|Item Clause: Limit 1 of each item
|clearpoke
|poke|p1|Barbaracle, L50, F|
|poke|p1|Staraptor, L50, F|
|poke|p1|Meganium, L50, M|
|poke|p1|Rotom-Heat, L50|
|poke|p1|Gholdengo, L50|
|poke|p1|Clefable, L50, M|
|poke|p2|Corviknight, L50, M, shiny|
|poke|p2|Sableye, L50, M|
|poke|p2|Swampert, L50, F|
|poke|p2|Archaludon, L50, F|
|poke|p2|Basculegion, L50, M|
|poke|p2|Venusaur, L50, M|
|teampreview|4
|showteam|p1|Barbaracle||Barbaracite|Sniper|Protect,CrossChop,StoneEdge,Liquidation|Jolly||F|||50|]Staraptor||ChoiceScarf|Intimidate|Uturn,CloseCombat,BraveBird,Tailwind|Jolly||F|||50|]Meganium||Meganiumite|Overgrow|Protect,SolarBeam,DazzlingGleam,WeatherBall|Timid||M|||50|]Rotom-Heat||SitrusBerry|Levitate|WillOWisp,VoltSwitch,LightScreen,Overheat|Timid|||||50|]Gholdengo||LifeOrb|GoodasGold|MakeItRain,NastyPlot,Protect,ShadowBall|Timid|||||50|]Clefable||Leftovers|Unaware|HelpingHand,FollowMe,Moonblast,FakeTears|Calm||M|||50|
|showteam|p2|Corviknight||ShellBell|MirrorArmor|Tailwind,BodyPress,IronDefense,Uturn|Jolly||M|||50|]Sableye||RoseliBerry|Prankster|LightScreen,Reflect,RainDance,SunnyDay|Bold||M|||50|]Swampert||Swampertite|Torrent|Liquidation,Earthquake,Protect,IcePunch|Brave||F|||50|]Archaludon||Leftovers|Stamina|FlashCannon,DracoMeteor,Protect,ElectroShot|Timid||F|||50|]Basculegion||ChoiceScarf|SwiftSwim|AquaJet,WaveCrash,LastRespects,Protect|Adamant||M|||50|]Venusaur||FocusSash|Chlorophyll|EnergyBall,SludgeBomb,Protect,EarthPower|Modest||M|||50|
|
|t:|1782337600
|teamsize|p1|4
|teamsize|p2|4
|start
|switch|p1a: Clefable|Clefable, L50, M|100/100
|switch|p1b: Barbaracle|Barbaracle, L50, F|100/100
|switch|p2a: Corviknight|Corviknight, L50, M, shiny|100/100
|switch|p2b: Sableye|Sableye, L50, M|100/100
|turn|1
|
|t:|1782337650
|move|p2b: Sableye|Reflect|p2b: Sableye
|-sidestart|p2: Meliodasanbu90|Reflect
|move|p1b: Barbaracle|Liquidation|p2b: Sableye
|-damage|p2b: Sableye|74/100
|-unboost|p2b: Sableye|def|1
|move|p2a: Corviknight|Tailwind|p2a: Corviknight
|-sidestart|p2: Meliodasanbu90|move: Tailwind
|move|p1a: Clefable|Moonblast|p2b: Sableye
|-supereffective|p2b: Sableye|1
|-enditem|p2b: Sableye|Roseli Berry|[eat]
|-enditem|p2b: Sableye|Roseli Berry|[weaken]
|-damage|p2b: Sableye|28/100
|
|upkeep
|turn|2
|
|t:|1782337679
|move|p1b: Barbaracle|Protect|p1b: Barbaracle
|-singleturn|p1b: Barbaracle|Protect
|move|p2b: Sableye|Rain Dance|p2b: Sableye
|-weather|RainDance
|move|p2a: Corviknight|Iron Defense|p2a: Corviknight
|-boost|p2a: Corviknight|def|2
|move|p1a: Clefable|Moonblast|p2b: Sableye
|-supereffective|p2b: Sableye|1
|-damage|p2b: Sableye|0 fnt
|faint|p2b: Sableye
|
|-weather|RainDance|[upkeep]
|upkeep
|
|t:|1782337708
|switch|p2b: Archaludon|Archaludon, L50, F|100/100
|turn|3
|
|t:|1782337741
|detailschange|p1b: Barbaracle|Barbaracle-Mega, L50, F
|-mega|p1b: Barbaracle|Barbaracle|Barbaracite
|move|p1a: Clefable|Follow Me|p1a: Clefable
|-singleturn|p1a: Clefable|move: Follow Me
|move|p2b: Archaludon|Flash Cannon|p1a: Clefable
|-supereffective|p1a: Clefable|1
|-damage|p1a: Clefable|45/100
|move|p2a: Corviknight|Iron Defense|p2a: Corviknight
|-boost|p2a: Corviknight|def|2
|move|p1b: Barbaracle|Cross Chop|p2b: Archaludon
|-supereffective|p2b: Archaludon|1
|-damage|p2b: Archaludon|13/100
|-ability|p2b: Archaludon|Stamina|boost
|-boost|p2b: Archaludon|def|1
|
|-weather|RainDance|[upkeep]
|-heal|p2b: Archaludon|19/100|[from] item: Leftovers
|-heal|p1a: Clefable|51/100|[from] item: Leftovers
|upkeep
|turn|4
|
|t:|1782337830
|switch|p1a: Meganium|Meganium, L50, M|100/100
|move|p2b: Archaludon|Protect|p2b: Archaludon
|-singleturn|p2b: Archaludon|Protect
|move|p1b: Barbaracle|Protect|p1b: Barbaracle
|-singleturn|p1b: Barbaracle|Protect
|move|p2a: Corviknight|Body Press|p1b: Barbaracle
|-activate|p1b: Barbaracle|move: Protect
|
|-weather|RainDance|[upkeep]
|-heal|p2b: Archaludon|25/100|[from] item: Leftovers
|-sideend|p2: Meliodasanbu90|move: Tailwind
|upkeep
|turn|5
|inactive|Battle timer is ON: inactive players will automatically lose when time's up. (requested by Meliodasanbu90)
|
|t:|1782337915
|switch|p1a: Staraptor|Staraptor, L50, F|100/100
|-ability|p1a: Staraptor|Intimidate|boost
|-ability|p2a: Corviknight|Mirror Armor
|-unboost|p1a: Staraptor|atk|1
|-unboost|p2b: Archaludon|atk|1
|move|p1b: Barbaracle|Cross Chop|p2b: Archaludon
|-supereffective|p2b: Archaludon|1
|-damage|p2b: Archaludon|0 fnt
|faint|p2b: Archaludon
|move|p2a: Corviknight|Tailwind|p2a: Corviknight
|-sidestart|p2: Meliodasanbu90|move: Tailwind
|
|-weather|RainDance|[upkeep]
|-sideend|p2: Meliodasanbu90|Reflect
|upkeep
|
|t:|1782337933
|switch|p2b: Swampert|Swampert, L50, F|100/100
|turn|6
|inactive|freudianbreath has 30 seconds left.
|
|t:|1782337965
|detailschange|p2b: Swampert|Swampert-Mega, L50, F
|-mega|p2b: Swampert|Swampert|Swampertite
|move|p1b: Barbaracle|Protect|p1b: Barbaracle
|-singleturn|p1b: Barbaracle|Protect
|move|p2b: Swampert|Ice Punch|p1a: Staraptor
|-supereffective|p1a: Staraptor|1
|-damage|p1a: Staraptor|4/100
|move|p2a: Corviknight|Body Press|p1b: Barbaracle
|-activate|p1b: Barbaracle|move: Protect
|move|p1a: Staraptor|Tailwind|p1a: Staraptor
|-sidestart|p1: freudianbreath|move: Tailwind
|
|-weather|none
|upkeep
|turn|7
|inactive|freudianbreath has 30 seconds left.
|inactive|freudianbreath has 20 seconds left.
|inactive|freudianbreath has 15 seconds left.
|inactive|freudianbreath has 10 seconds left.
|inactive|freudianbreath has 5 seconds left.
|
|t:|1782338017
|move|p1a: Staraptor|Tailwind||[still]
|-fail|p1a: Staraptor
|move|p1b: Barbaracle|Cross Chop|p2a: Corviknight
|-crit|p2a: Corviknight
|-damage|p2a: Corviknight|11/100
|move|p2a: Corviknight|Body Press|p1b: Barbaracle
|-supereffective|p1b: Barbaracle|1
|-damage|p1b: Barbaracle|0 fnt
|faint|p1b: Barbaracle
|-heal|p2a: Corviknight|20/100y|[from] item: Shell Bell|[of] p1: Barbaracle
|move|p2b: Swampert|Ice Punch|p1a: Staraptor
|-supereffective|p1a: Staraptor|1
|-damage|p1a: Staraptor|0 fnt
|faint|p1a: Staraptor
|
|upkeep
|
|t:|1782338030
|switch|p1a: Clefable|Clefable, L50, M|51/100
|switch|p1b: Meganium|Meganium, L50, M|100/100
|turn|8
|inactive|freudianbreath has 30 seconds left.
|inactive|Meliodasanbu90 has 30 seconds left.
|inactive|freudianbreath has 20 seconds left.
|inactive|Meliodasanbu90 has 20 seconds left.
|inactive|freudianbreath has 15 seconds left.
|inactive|Meliodasanbu90 has 15 seconds left.
|inactive|freudianbreath has 10 seconds left.
|
|t:|1782338077
|move|p1a: Clefable|Helping Hand|p1b: Meganium
|-singleturn|p1b: Meganium|Helping Hand|[of] p1a: Clefable
|move|p1b: Meganium|Dazzling Gleam|p2a: Corviknight|[spread] p2a,p2b
|-resisted|p2a: Corviknight|1
|-crit|p2b: Swampert
|-damage|p2a: Corviknight|9/100
|-damage|p2b: Swampert|71/100
|move|p2a: Corviknight|Body Press|p1b: Meganium
|-damage|p1b: Meganium|32/100
|-heal|p2a: Corviknight|15/100|[from] item: Shell Bell|[of] p1b: Meganium
|move|p2b: Swampert|Ice Punch|p1b: Meganium
|-supereffective|p1b: Meganium|1
|-damage|p1b: Meganium|0 fnt
|faint|p1b: Meganium
|
|-heal|p1a: Clefable|57/100|[from] item: Leftovers
|-sideend|p2: Meliodasanbu90|move: Tailwind
|upkeep
|turn|9
|
|t:|1782338095
|move|p1a: Clefable|Moonblast|p2a: Corviknight
|-resisted|p2a: Corviknight|1
|-damage|p2a: Corviknight|1/100
|move|p2a: Corviknight|Body Press|p1a: Clefable
|-resisted|p1a: Clefable|1
|-damage|p1a: Clefable|47/100
|-heal|p2a: Corviknight|1/100|[from] item: Shell Bell|[of] p1a: Clefable
|move|p2b: Swampert|Liquidation|p1a: Clefable
|-damage|p1a: Clefable|0 fnt
|faint|p1a: Clefable
|
|win|Meliodasanbu90
