|j|☆kazthespaz
|j|☆IamTerra
|html|kazthespazIamTerra    
|uhtml|bestof|Game 1 of a best-of-3
|t:|1783179560
|gametype|doubles
|player|p1|kazthespaz|cynthia|
|player|p2|IamTerra|169|
|gen|9
|tier|[Gen 9 Champions] VGC 2026 Reg M-B (Bo3)
|rule|Species Clause: Limit one of each Pokémon
|rule|Item Clause: Limit 1 of each item
|clearpoke
|poke|p1|Arcanine, L50, M|
|poke|p1|Toxapex, L50, F|
|poke|p1|Staraptor, L50, F|
|poke|p1|Garchomp, L50, F|
|poke|p1|Alakazam, L50, F|
|poke|p1|Whimsicott, L50, M|
|poke|p2|Gengar, L50, M, shiny|
|poke|p2|Metagross, L50, shiny|
|poke|p2|Grimmsnarl, L50, M|
|poke|p2|Clefable, L50, M|
|poke|p2|Slowbro, L50, F|
|poke|p2|Volcarona, L50, M|
|teampreview|4
|showteam|p1|Arcanine||ChoiceScarf|Intimidate|FlareBlitz,WildCharge,PsychicFangs,IronHead|Adamant||M|||50|]Toxapex||Leftovers|Regenerator|Liquidation,Haze,Recover,BanefulBunker|Calm||F|||50|]Staraptor||Staraptite|Intimidate|BraveBird,Protect,Roost,CloseCombat|Jolly||F|||50|]Garchomp||LifeOrb|RoughSkin|Earthquake,RockSlide,Protect,PoisonJab|Jolly||F|||50|]Alakazam||FocusSash|InnerFocus|ShadowBall,NastyPlot,Protect,LightScreen|Timid||F|||50|]Whimsicott||BrightPowder|Prankster|HelpingHand,Moonblast,Tickle,Charm|Timid||M|||50|
|showteam|p2|Gengar||FocusSash|CursedBody|SludgeBomb,ShadowBall,EnergyBall,IcyWind|Timid||M|||50|]Metagross||Metagrossite|ClearBody|ZenHeadbutt,BulletPunch,Earthquake,IcePunch|Adamant|||||50|]Grimmsnarl||LightClay|Prankster|Reflect,LightScreen,DrainPunch,BulkUp|Impish||M|||50|]Clefable||Leftovers|MagicGuard|CosmicPower,StoredPower,Wish,Protect|Bold||M|||50|]Slowbro||SitrusBerry|Regenerator|PsychicNoise,Scald,SlackOff,Protect|Bold||F|||50|]Volcarona||LifeOrb|FlameBody|QuiverDance,Flamethrower,GigaDrain,BugBuzz|Serious||M|||50|
|j| Jabby Wabby
|c| Jabby Wabby|we in there
|
|t:|1783179675
|teamsize|p1|4
|teamsize|p2|4
|start
|switch|p1a: Arcanine|Arcanine, L50, M|100/100
|switch|p1b: Alakazam|Alakazam, L50, F|100/100
|switch|p2a: Grimmsnarl|Grimmsnarl, L50, M|100/100
|switch|p2b: Metagross|Metagross, L50, shiny|100/100
|-ability|p1a: Arcanine|Intimidate|boost
|-unboost|p2a: Grimmsnarl|atk|1
|-fail|p2b: Metagross|unboost|[from] ability: Clear Body|[of] p2b: Metagross
|turn|1
|
|t:|1783179720
|detailschange|p2b: Metagross|Metagross-Mega, L50, shiny
|-mega|p2b: Metagross|Metagross|Metagrossite
|move|p2b: Metagross|Bullet Punch|p1b: Alakazam
|-damage|p1b: Alakazam|30/100
|move|p2a: Grimmsnarl|Light Screen|p2a: Grimmsnarl
|-sidestart|p2: IamTerra|move: Light Screen
|move|p1b: Alakazam|Nasty Plot|p1b: Alakazam
|-boost|p1b: Alakazam|spa|2
|move|p1a: Arcanine|Flare Blitz|p2b: Metagross
|-supereffective|p2b: Metagross|1
|-damage|p2b: Metagross|15/100
|-damage|p1a: Arcanine|73/100|[from] Recoil
|
|upkeep
|turn|2
|inactive|Battle timer is ON: inactive players will automatically lose when time's up. (requested by IamTerra)
|
|t:|1783179744
|move|p1b: Alakazam|Protect|p1b: Alakazam
|-singleturn|p1b: Alakazam|Protect
|move|p2b: Metagross|Bullet Punch|p1b: Alakazam
|-activate|p1b: Alakazam|move: Protect
|move|p2a: Grimmsnarl|Reflect|p2a: Grimmsnarl
|-sidestart|p2: IamTerra|Reflect
|move|p1a: Arcanine|Flare Blitz|p2b: Metagross
|-supereffective|p2b: Metagross|1
|-damage|p2b: Metagross|0 fnt
|faint|p2b: Metagross
|-damage|p1a: Arcanine|69/100|[from] Recoil
|
|upkeep
|
|t:|1783179756
|switch|p2b: Slowbro|Slowbro, L50, F|100/100
|turn|3
|inactive|kazthespaz has 30 seconds left.
|inactive|kazthespaz has 20 seconds left.
|inactive|kazthespaz has 15 seconds left.
|inactive|kazthespaz has 10 seconds left.
|inactive|kazthespaz has 5 seconds left.
|
|t:|1783179807
|switch|p1a: Toxapex|Toxapex, L50, F|100/100
|move|p2a: Grimmsnarl|Bulk Up|p2a: Grimmsnarl
|-boost|p2a: Grimmsnarl|atk|1
|-boost|p2a: Grimmsnarl|def|1
|move|p1b: Alakazam|Shadow Ball|p2b: Slowbro
|-supereffective|p2b: Slowbro|1
|-crit|p2b: Slowbro
|-damage|p2b: Slowbro|0 fnt
|faint|p2b: Slowbro
|
|upkeep
|
|t:|1783179818
|switch|p2b: Clefable|Clefable, L50, M|100/100
|turn|4
|c|☆IamTerra|what a crit
|
|t:|1783179838
|move|p2a: Grimmsnarl|Bulk Up|p2a: Grimmsnarl
|-boost|p2a: Grimmsnarl|atk|1
|-boost|p2a: Grimmsnarl|def|1
|move|p1b: Alakazam|Shadow Ball|p2b: Clefable
|-damage|p2b: Clefable|65/100
|move|p2b: Clefable|Cosmic Power|p2b: Clefable
|-boost|p2b: Clefable|def|1
|-boost|p2b: Clefable|spd|1
|move|p1a: Toxapex|Liquidation|p2b: Clefable
|-damage|p2b: Clefable|58/100
|
|-heal|p2b: Clefable|64/100|[from] item: Leftovers
|upkeep
|turn|5
|
|t:|1783179857
|move|p2a: Grimmsnarl|Bulk Up|p2a: Grimmsnarl
|-boost|p2a: Grimmsnarl|atk|1
|-boost|p2a: Grimmsnarl|def|1
|move|p1b: Alakazam|Shadow Ball|p2b: Clefable
|-damage|p2b: Clefable|39/100
|move|p2b: Clefable|Cosmic Power|p2b: Clefable
|-boost|p2b: Clefable|def|1
|-boost|p2b: Clefable|spd|1
|move|p1a: Toxapex|Haze|p1a: Toxapex
|-clearallboost
|
|-heal|p2b: Clefable|45/100|[from] item: Leftovers
|upkeep
|turn|6
|
|t:|1783179880
|move|p2a: Grimmsnarl|Bulk Up|p2a: Grimmsnarl
|-boost|p2a: Grimmsnarl|atk|1
|-boost|p2a: Grimmsnarl|def|1
|move|p1b: Alakazam|Shadow Ball|p2b: Clefable
|-damage|p2b: Clefable|28/100
|move|p2b: Clefable|Wish|p2b: Clefable
|move|p1a: Toxapex|Liquidation|p2b: Clefable
|-damage|p2b: Clefable|18/100
|
|-heal|p2b: Clefable|24/100|[from] item: Leftovers
|upkeep
|turn|7
|inactive|kazthespaz has 30 seconds left.
|inactive|kazthespaz has 20 seconds left.
|inactive|kazthespaz has 15 seconds left.
|
|t:|1783179922
|move|p2b: Clefable|Protect|p2b: Clefable
|-singleturn|p2b: Clefable|Protect
|move|p1b: Alakazam|Nasty Plot|p1b: Alakazam
|-boost|p1b: Alakazam|spa|2
|move|p2a: Grimmsnarl|Drain Punch|p1b: Alakazam
|-resisted|p1b: Alakazam|1
|-damage|p1b: Alakazam|0 fnt
|faint|p1b: Alakazam
|move|p1a: Toxapex|Liquidation|p2a: Grimmsnarl
|-damage|p2a: Grimmsnarl|92/100
|
|-heal|p2b: Clefable|74/100|[from] move: Wish|[wisher] Clefable
|-heal|p2b: Clefable|80/100|[from] item: Leftovers
|upkeep
|
|t:|1783179939
|switch|p1b: Arcanine|Arcanine, L50, M|69/100
|-ability|p1b: Arcanine|Intimidate|boost
|-unboost|p2a: Grimmsnarl|atk|1
|-unboost|p2b: Clefable|atk|1
|turn|8
|
|t:|1783179961
|move|p1b: Arcanine|Iron Head|p2b: Clefable
|-supereffective|p2b: Clefable|1
|-damage|p2b: Clefable|52/100
|move|p2b: Clefable|Wish|p2b: Clefable
|move|p2a: Grimmsnarl|Drain Punch|p1b: Arcanine
|-damage|p1b: Arcanine|46/100
|-heal|p2a: Grimmsnarl|100/100|[from] drain|[of] p1b: Arcanine
|move|p1a: Toxapex|Liquidation|p2b: Clefable
|-damage|p2b: Clefable|44/100
|
|-heal|p2b: Clefable|50/100y|[from] item: Leftovers
|-sideend|p2: IamTerra|move: Light Screen
|upkeep
|turn|9
|
|t:|1783179978
|move|p2b: Clefable|Protect|p2b: Clefable
|-singleturn|p2b: Clefable|Protect
|move|p2a: Grimmsnarl|Bulk Up|p2a: Grimmsnarl
|-boost|p2a: Grimmsnarl|atk|1
|-boost|p2a: Grimmsnarl|def|1
|move|p1b: Arcanine|Iron Head|p2a: Grimmsnarl
|-supereffective|p2a: Grimmsnarl|1
|-crit|p2a: Grimmsnarl
|-damage|p2a: Grimmsnarl|31/100
|move|p1a: Toxapex|Liquidation|p2a: Grimmsnarl
|-damage|p2a: Grimmsnarl|26/100
|
|-heal|p2b: Clefable|100/100|[from] move: Wish|[wisher] Clefable
|-sideend|p2: IamTerra|Reflect
|upkeep
|turn|10
|
|t:|1783180001
|move|p2a: Grimmsnarl|Reflect|p2a: Grimmsnarl
|-sidestart|p2: IamTerra|Reflect
|move|p1b: Arcanine|Iron Head|p2a: Grimmsnarl
|-supereffective|p2a: Grimmsnarl|1
|-damage|p2a: Grimmsnarl|11/100
|move|p2b: Clefable|Cosmic Power|p2b: Clefable
|-boost|p2b: Clefable|def|1
|-boost|p2b: Clefable|spd|1
|move|p1a: Toxapex|Haze|p1a: Toxapex
|-clearallboost
|
|upkeep
|turn|11
|
|t:|1783180015
|move|p1b: Arcanine|Iron Head|p2a: Grimmsnarl
|-supereffective|p2a: Grimmsnarl|1
|-damage|p2a: Grimmsnarl|0 fnt
|faint|p2a: Grimmsnarl
|move|p2b: Clefable|Stored Power|p1a: Toxapex
|-supereffective|p1a: Toxapex|1
|-damage|p1a: Toxapex|93/100
|move|p1a: Toxapex|Liquidation|p2b: Clefable
|-damage|p2b: Clefable|89/100
|-unboost|p2b: Clefable|def|1
|
|-heal|p2b: Clefable|95/100|[from] item: Leftovers
|-heal|p1a: Toxapex|99/100|[from] item: Leftovers
|upkeep
|turn|12
|
|t:|1783180033
|move|p1b: Arcanine|Iron Head|p2b: Clefable
|-supereffective|p2b: Clefable|1
|-damage|p2b: Clefable|52/100
|move|p2b: Clefable|Cosmic Power|p2b: Clefable
|-boost|p2b: Clefable|def|1
|-boost|p2b: Clefable|spd|1
|move|p1a: Toxapex|Liquidation|p2b: Clefable
|-damage|p2b: Clefable|42/100
|-unboost|p2b: Clefable|def|1
|
|-heal|p2b: Clefable|48/100|[from] item: Leftovers
|-heal|p1a: Toxapex|100/100|[from] item: Leftovers
|upkeep
|turn|13
|
|t:|1783180048
|move|p1b: Arcanine|Iron Head|p2b: Clefable
|-supereffective|p2b: Clefable|1
|-damage|p2b: Clefable|3/100
|move|p2b: Clefable|Wish|p2b: Clefable
|move|p1a: Toxapex|Liquidation|p2b: Clefable
|-damage|p2b: Clefable|0 fnt
|faint|p2b: Clefable
|
|win|kazthespaz
|inactive|kazthespaz has 30 seconds to confirm battle start!
|inactive|IamTerra has 30 seconds to confirm battle start!
|c|☆IamTerra|gg
||IamTerra is ready for game 2.
