|j|☆empyreanbuggle
|j|☆Bruthathechosen
|html|empyreanbuggleBruthathechosen    
|uhtml|bestof|Game 3 of a best-of-3
|t:|1757174817
|gametype|doubles
|player|p1|empyreanbuggle|170|1176
|player|p2|Bruthathechosen|lady-gen4|1120
|gen|9
|tier|[Gen 9] VGC 2025 Reg H (Bo3)
|rated|
|rule|Species Clause: Limit one of each Pokémon
|rule|Item Clause: Limit 1 of each item
|clearpoke
|poke|p1|Kommo-o, L50, M|
|poke|p1|Incineroar, L50, F|
|poke|p1|Sneasler, L50, F|
|poke|p1|Milotic, L50, M|
|poke|p1|Electabuzz, L50, M|
|poke|p1|Rillaboom, L50, M|
|poke|p2|Kingambit, L50, F|
|poke|p2|Rillaboom, L50, F|
|poke|p2|Hydreigon, L50, M|
|poke|p2|Sneasler, L50, M|
|poke|p2|Electabuzz, L50, M|
|poke|p2|Volcarona, L50, M|
|teampreview|4
|showteam|p1|Kommo-o||Leftovers|Soundproof|BodyPress,IronDefense,Flamethrower,Protect|||M|||50|,,,,,Fire]Incineroar||SafetyGoggles|Intimidate|FakeOut,FlareBlitz,KnockOff,PartingShot|||F|||50|,,,,,Ghost]Sneasler||FocusSash|Unburden|CloseCombat,DireClaw,FakeOut,Coaching|||F|||50|,,,,,Stellar]Milotic||SitrusBerry|Competitive|Scald,IceBeam,Recover,Haze|||M|||50|,,,,,Grass]Electabuzz||Eviolite|VitalSpirit|FollowMe,Thunderbolt,Taunt,Protect|||M|||50|,,,,,Fairy]Rillaboom||MiracleSeed|GrassySurge|WoodHammer,GrassyGlide,FakeOut,Protect|||M|||50|,,,,,Fire
|showteam|p2|Kingambit||BlackGlasses|Defiant|SuckerPunch,KowtowCleave,SwordsDance,Protect|||F|||50|,,,,,Dark]Rillaboom||AssaultVest|GrassySurge|FakeOut,GrassyGlide,HighHorsepower,Uturn|||F|||50|,,,,,Water]Hydreigon||ChoiceSpecs|Levitate|DarkPulse,DracoMeteor,Snarl,Uturn|||M|||50|,,,,,Ghost]Sneasler||GrassySeed|Unburden|FakeOut,CloseCombat,DireClaw,Protect|||M|||50|,,,,,Stellar]Electabuzz||Eviolite|VitalSpirit|Taunt,Thunderbolt,FollowMe,Protect|||M|||50|,,,,,Dragon]Volcarona||CovertCloak|FlameBody|QuiverDance,HeatWave,TeraBlast,Protect|||M|||50|,,,,,Fairy
|inactive|Battle timer is ON: inactive players will automatically lose when time's up. (requested by empyreanbuggle)
|
|t:|1757174838
|teamsize|p1|4
|teamsize|p2|4
|start
|switch|p1a: Incineroar|Incineroar, L50, F|100/100
|switch|p1b: Kommo-o|Kommo-o, L50, M|100/100
|switch|p2a: Hydreigon|Hydreigon, L50, M|100/100
|switch|p2b: Rillaboom|Rillaboom, L50, F|100/100
|-ability|p1a: Incineroar|Intimidate|boost
|-unboost|p2a: Hydreigon|atk|1
|-unboost|p2b: Rillaboom|atk|1
|-fieldstart|move: Grassy Terrain|[from] ability: Grassy Surge|[of] p2b: Rillaboom
|turn|1
|
|t:|1757174859
|switch|p2b: Sneasler|Sneasler, L50, M|100/100
|-enditem|p2b: Sneasler|Grassy Seed
|-boost|p2b: Sneasler|def|1|[from] item: Grassy Seed
|-terastallize|p2a: Hydreigon|Ghost
|-terastallize|p1a: Incineroar|Ghost
|move|p1b: Kommo-o|Protect|p1b: Kommo-o
|-singleturn|p1b: Kommo-o|Protect
|move|p2a: Hydreigon|Draco Meteor|p1b: Kommo-o
|-activate|p1b: Kommo-o|move: Protect
|move|p1a: Incineroar|Knock Off|p2a: Hydreigon
|-supereffective|p2a: Hydreigon
|-damage|p2a: Hydreigon|0 fnt
|-enditem|p2a: Hydreigon|Choice Specs|[from] move: Knock Off|[of] p1a: Incineroar
|faint|p2a: Hydreigon
|
|upkeep
|
|t:|1757174870
|switch|p2a: Volcarona|Volcarona, L50, M|100/100
|turn|2
|
|t:|1757174890
|move|p2b: Sneasler|Fake Out|p1b: Kommo-o
|-damage|p1b: Kommo-o|88/100
|move|p2a: Volcarona|Quiver Dance|p2a: Volcarona
|-boost|p2a: Volcarona|spa|1
|-boost|p2a: Volcarona|spd|1
|-boost|p2a: Volcarona|spe|1
|cant|p1b: Kommo-o|flinch
|move|p1a: Incineroar|Knock Off|p2a: Volcarona
|-damage|p2a: Volcarona|54/100
|-enditem|p2a: Volcarona|Covert Cloak|[from] move: Knock Off|[of] p1a: Incineroar
|
|-heal|p2a: Volcarona|60/100|[from] Grassy Terrain
|-heal|p1b: Kommo-o|94/100|[from] Grassy Terrain
|-heal|p1b: Kommo-o|99/100|[from] item: Leftovers
|upkeep
|turn|3
|
|t:|1757174912
|switch|p1b: Electabuzz|Electabuzz, L50, M|100/100
|move|p2b: Sneasler|Close Combat|p1b: Electabuzz
|-damage|p1b: Electabuzz|50/100
|-unboost|p2b: Sneasler|def|1
|-unboost|p2b: Sneasler|spd|1
|move|p2a: Volcarona|Tera Blast|p1b: Electabuzz
|-damage|p1b: Electabuzz|23/100
|move|p1a: Incineroar|Parting Shot|p2a: Volcarona
|-unboost|p2a: Volcarona|atk|1
|-unboost|p2a: Volcarona|spa|1
|
|t:|1757174925
|switch|p1a: Kommo-o|Kommo-o, L50, M|99/100|[from] Parting Shot
|
|-heal|p2a: Volcarona|66/100|[from] Grassy Terrain
|-heal|p1b: Electabuzz|29/100|[from] Grassy Terrain
|-heal|p1a: Kommo-o|100/100|[from] Grassy Terrain
|upkeep
|turn|4
|
|t:|1757174943
|switch|p1b: Incineroar|Incineroar, L50, F, tera:Ghost|100/100
|-ability|p1b: Incineroar|Intimidate|boost
|-unboost|p2a: Volcarona|atk|1
|-unboost|p2b: Sneasler|atk|1
|move|p1a: Kommo-o|Protect|p1a: Kommo-o
|-singleturn|p1a: Kommo-o|Protect
|move|p2b: Sneasler|Close Combat|p1a: Kommo-o
|-activate|p1a: Kommo-o|move: Protect
|move|p2a: Volcarona|Heat Wave|p1a: Kommo-o|[spread] p1b
|-activate|p1a: Kommo-o|move: Protect
|-damage|p1b: Incineroar|67/100
|
|-heal|p2a: Volcarona|72/100|[from] Grassy Terrain
|-heal|p1b: Incineroar|73/100|[from] Grassy Terrain
|upkeep
|turn|5
|
|t:|1757174959
|switch|p2b: Rillaboom|Rillaboom, L50, F|100/100
|move|p1b: Incineroar|Fake Out|p2a: Volcarona
|-damage|p2a: Volcarona|57/100
|cant|p2a: Volcarona|flinch
|move|p1a: Kommo-o|Iron Defense|p1a: Kommo-o
|-boost|p1a: Kommo-o|def|2
|
|-heal|p2a: Volcarona|64/100|[from] Grassy Terrain
|-heal|p1b: Incineroar|79/100|[from] Grassy Terrain
|-fieldend|move: Grassy Terrain
|upkeep
|turn|6
|
|t:|1757174972
|move|p2b: Rillaboom|Fake Out|p1a: Kommo-o
|-damage|p1a: Kommo-o|95/100
|move|p2a: Volcarona|Quiver Dance|p2a: Volcarona
|-boost|p2a: Volcarona|spa|1
|-boost|p2a: Volcarona|spd|1
|-boost|p2a: Volcarona|spe|1
|cant|p1a: Kommo-o|flinch
|move|p1b: Incineroar|Parting Shot|p2a: Volcarona
|-unboost|p2a: Volcarona|atk|1
|-unboost|p2a: Volcarona|spa|1
|
|t:|1757174982
|switch|p1b: Sneasler|Sneasler, L50, F|100/100|[from] Parting Shot
|
|-heal|p1a: Kommo-o|100/100|[from] item: Leftovers
|upkeep
|turn|7
|
|t:|1757174992
|move|p2a: Volcarona|Quiver Dance|p2a: Volcarona
|-boost|p2a: Volcarona|spa|1
|-boost|p2a: Volcarona|spd|1
|-boost|p2a: Volcarona|spe|1
|move|p1b: Sneasler|Dire Claw|p2b: Rillaboom
|-supereffective|p2b: Rillaboom
|-damage|p2b: Rillaboom|22/100
|move|p1a: Kommo-o|Body Press|p2a: Volcarona
|-resisted|p2a: Volcarona
|-damage|p2a: Volcarona|14/100
|move|p2b: Rillaboom|High Horsepower|p1b: Sneasler
|-supereffective|p1b: Sneasler
|-enditem|p1b: Sneasler|Focus Sash
|-damage|p1b: Sneasler|1/100
|
|upkeep
|turn|8
|inactive|empyreanbuggle has 30 seconds left.
|
|t:|1757175023
|switch|p1b: Incineroar|Incineroar, L50, F, tera:Ghost|79/100
|-ability|p1b: Incineroar|Intimidate|boost
|-unboost|p2a: Volcarona|atk|1
|-unboost|p2b: Rillaboom|atk|1
|switch|p2b: Sneasler|Sneasler, L50, M|100/100
|move|p2a: Volcarona|Protect|p2a: Volcarona
|-singleturn|p2a: Volcarona|Protect
|move|p1a: Kommo-o|Body Press|p2a: Volcarona
|-activate|p2a: Volcarona|move: Protect
|
|upkeep
|turn|9
|-message|Bruthathechosen forfeited.
|
|win|empyreanbuggle
|raw|empyreanbuggle's rating: 1176 → 1197(+21 for winning)
|raw|Bruthathechosen's rating: 1120 → 1099(-21 for losing)
