|j|☆DkayMM
|j|‽Ireconnectsome
|html|DkayMMIreconnectsome    
|uhtml|bestof|Game 1 of a best-of-3
|t:|1756955321
|gametype|doubles
|player|p1|DkayMM|169|1023
|player|p2|Ireconnectsome|2|1040
|gen|9
|tier|[Gen 9] VGC 2025 Reg H (Bo3)
|rated|
|rule|Species Clause: Limit one of each Pokémon
|rule|Item Clause: Limit 1 of each item
|clearpoke
|poke|p1|Charizard, L50, M|
|poke|p1|Torkoal, L50, F|
|poke|p1|Porygon2, L50|
|poke|p1|Incineroar, L50, M|
|poke|p1|Jumpluff, L50, M|
|poke|p1|Ursaluna, L50, M|
|poke|p2|Gholdengo, L50|
|poke|p2|Incineroar, L50, M|
|poke|p2|Rillaboom, L50, M|
|poke|p2|Ursaluna-Bloodmoon, L50, M|
|poke|p2|Blastoise, L50, F|
|poke|p2|Dragonite, L50, F|
|teampreview|4
|showteam|p1|Charizard||ChoiceSpecs|SolarPower|HeatWave,Overheat,WeatherBall,AirSlash|||M|||50|,,,,,Ghost]Torkoal||EjectPack|Drought|Eruption,Overheat,HelpingHand,Protect|||F|||50|,,,,,Fire]Porygon2||Eviolite|Download|TeraBlast,IceBeam,Recover,TrickRoom||||||50|,,,,,Fighting]Incineroar||SitrusBerry|Intimidate|FlareBlitz,KnockOff,FakeOut,PartingShot|||M|||50|,,,,,Ghost]Jumpluff||CovertCloak|Chlorophyll|SleepPowder,SunnyDay,RagePowder,Tailwind|||M|||50|,,,,,Water]Ursaluna||FlameOrb|Guts|HeadlongRush,Facade,Earthquake,Protect|||M|||50|,,,,,Ghost
|showteam|p2|Gholdengo||FocusSash|GoodasGold|MakeItRain,NastyPlot,ShadowBall,Protect||||||50|,,,,,Steel]Incineroar||SitrusBerry|Intimidate|FakeOut,KnockOff,Snarl,PartingShot|||M|||50|,,,,,Grass]Rillaboom||AssaultVest|GrassySurge|FakeOut,GrassyGlide,Uturn,DrumBeating|||M|||50|,,,,,Steel]Ursaluna-Bloodmoon||CovertCloak|MindsEye|BloodMoon,HyperVoice,EarthPower,Protect|||M|||50|,,,,,Normal]Blastoise||LifeOrb|Torrent|FakeOut,AuraSphere,Haze,MuddyWater|||F|||50|,,,,,Grass]Dragonite||LoadedDice|Multiscale|ScaleShot,Tailwind,Protect,TeraBlast|||F|||50|,,,,,Fairy
|inactive|Battle timer is ON: inactive players will automatically lose when time's up. (requested by DkayMM)
|inactive|DkayMM has 60 seconds left.
|inactive|DkayMM has 30 seconds left.
|
|t:|1756955416
|teamsize|p1|4
|teamsize|p2|4
|start
|switch|p1a: Porygon2|Porygon2, L50|100/100
|switch|p1b: Incineroar|Incineroar, L50, M|100/100
|switch|p2a: Blastoise|Blastoise, L50, F|100/100
|switch|p2b: Gholdengo|Gholdengo, L50|100/100
|-ability|p1b: Incineroar|Intimidate|boost
|-unboost|p2a: Blastoise|atk|1
|-unboost|p2b: Gholdengo|atk|1
|-ability|p1a: Porygon2|Download|boost
|-boost|p1a: Porygon2|atk|1
|turn|1
|inactive|DkayMM has 30 seconds left.
|inactive|Ireconnectsome has 30 seconds left.
|
|t:|1756955450
|switch|p1b: Ursaluna|Ursaluna, L50, M|100/100
|move|p2a: Blastoise|Fake Out|p1a: Porygon2
|-damage|p1a: Porygon2|96/100
|-damage|p2a: Blastoise|91/100|[from] item: Life Orb
|move|p2b: Gholdengo|Nasty Plot|p2b: Gholdengo
|-boost|p2b: Gholdengo|spa|2
|cant|p1a: Porygon2|flinch
|
|-status|p1b: Ursaluna|brn|[from] item: Flame Orb
|upkeep
|turn|2
|
|t:|1756955471
|move|p1b: Ursaluna|Protect|p1b: Ursaluna
|-singleturn|p1b: Ursaluna|Protect
|move|p2b: Gholdengo|Make It Rain|p1a: Porygon2|[spread] p1a
|-activate|p1b: Ursaluna|move: Protect
|-damage|p1a: Porygon2|36/100
|-unboost|p2b: Gholdengo|spa|1
|move|p2a: Blastoise|Aura Sphere|p1a: Porygon2
|-supereffective|p1a: Porygon2
|-damage|p1a: Porygon2|0 fnt
|faint|p1a: Porygon2
|-damage|p2a: Blastoise|81/100|[from] item: Life Orb
|
|-damage|p1b: Ursaluna|95/100 brn|[from] brn
|upkeep
|
|t:|1756955489
|switch|p1a: Jumpluff|Jumpluff, L50, M|100/100
|turn|3
|
|t:|1756955505
|move|p2b: Gholdengo|Protect|p2b: Gholdengo
|-singleturn|p2b: Gholdengo|Protect
|move|p1a: Jumpluff|Tailwind|p1a: Jumpluff
|-sidestart|p1: DkayMM|move: Tailwind
|move|p1b: Ursaluna|Earthquake|p2b: Gholdengo|[spread] p2a
|-activate|p2b: Gholdengo|move: Protect
|-immune|p1a: Jumpluff
|-damage|p2a: Blastoise|9/100
|move|p2a: Blastoise|Muddy Water|p1b: Ursaluna|[spread] p1a
|-miss|p2a: Blastoise|p1b: Ursaluna
|-resisted|p1a: Jumpluff
|-damage|p1a: Jumpluff|74/100
|-damage|p2a: Blastoise|0 fnt|[from] item: Life Orb
|faint|p2a: Blastoise
|
|-damage|p1b: Ursaluna|89/100 brn|[from] brn
|upkeep
|
|t:|1756955522
|switch|p2a: Incineroar|Incineroar, L50, M|100/100
|-ability|p2a: Incineroar|Intimidate|boost
|-unboost|p1a: Jumpluff|atk|1
|-unboost|p1b: Ursaluna|atk|1
|turn|4
|inactive|DkayMM has 30 seconds left.
|inactive|DkayMM has 20 seconds left.
|inactive|DkayMM has 15 seconds left.
|inactive|DkayMM has 10 seconds left.
|inactive|Ireconnectsome has 30 seconds left.
|
|t:|1756955570
|switch|p2b: Dragonite|Dragonite, L50, F|100/100
|-terastallize|p1a: Jumpluff|Water
|-terastallize|p2a: Incineroar|Grass
|move|p1a: Jumpluff|Sleep Powder|p2a: Incineroar
|-immune|p2a: Incineroar
|move|p1b: Ursaluna|Earthquake|p2b: Dragonite|[spread] p1a,p2a
|-immune|p2b: Dragonite
|-resisted|p2a: Incineroar
|-damage|p1a: Jumpluff|22/100
|-damage|p2a: Incineroar|78/100
|move|p2a: Incineroar|Parting Shot|p1b: Ursaluna
|-unboost|p1b: Ursaluna|atk|1
|-unboost|p1b: Ursaluna|spa|1
|
|t:|1756955587
|switch|p2a: Gholdengo|Gholdengo, L50|100/100|[from] Parting Shot
|
|-damage|p1b: Ursaluna|83/100 brn|[from] brn
|upkeep
|turn|5
|
|t:|1756955603
|move|p2a: Gholdengo|Protect|p2a: Gholdengo
|-singleturn|p2a: Gholdengo|Protect
|move|p2b: Dragonite|Protect|p2b: Dragonite
|-singleturn|p2b: Dragonite|Protect
|move|p1a: Jumpluff|Sleep Powder|p2b: Dragonite
|-activate|p2b: Dragonite|move: Protect
|move|p1b: Ursaluna|Headlong Rush|p2a: Gholdengo
|-activate|p2a: Gholdengo|move: Protect
|
|-damage|p1b: Ursaluna|77/100 brn|[from] brn
|upkeep
|turn|6
|
|t:|1756955624
|switch|p2b: Incineroar|Incineroar, L50, M, tera:Grass|78/100
|-ability|p2b: Incineroar|Intimidate|boost
|-unboost|p1a: Jumpluff|atk|1
|-unboost|p1b: Ursaluna|atk|1
|move|p1a: Jumpluff|Sleep Powder|p2b: Incineroar
|-immune|p2b: Incineroar
|move|p1b: Ursaluna|Headlong Rush|p2a: Gholdengo
|-supereffective|p2a: Gholdengo
|-damage|p2a: Gholdengo|10/100
|-unboost|p1b: Ursaluna|def|1
|-unboost|p1b: Ursaluna|spd|1
|move|p2a: Gholdengo|Make It Rain|p1a: Jumpluff|[spread] p1a,p1b
|-resisted|p1a: Jumpluff
|-damage|p1a: Jumpluff|0 fnt
|-damage|p1b: Ursaluna|10/100 brn
|-unboost|p2a: Gholdengo|spa|1
|faint|p1a: Jumpluff
|
|-damage|p1b: Ursaluna|4/100 brn|[from] brn
|-sideend|p1: DkayMM|move: Tailwind
|upkeep
|
|t:|1756955628
|switch|p1a: Incineroar|Incineroar, L50, M|100/100
|-ability|p1a: Incineroar|Intimidate|boost
|-unboost|p2a: Gholdengo|atk|1
|-unboost|p2b: Incineroar|atk|1
|turn|7
|-message|DkayMM forfeited.
|
|win|Ireconnectsome
|l|‽Ireconnectsome
|player|p2|
