|j|â˜†KevinDeBrowny
|j|â˜†odio esta reg
|html|KevinDeBrownyodio esta reg    
|uhtml|bestof|Game 1 of a best-of-3
|t:|1785486894
|gametype|doubles
|player|p1|KevinDeBrowny|ltsurge|1063
|player|p2|odio esta reg|101|1023
|gen|9
|tier|[Gen 9 Champions] VGC 2026 Reg M-B (Bo3)
|rated|
|rule|Species Clause: Limit one of each PokÃ©mon
|rule|Item Clause: Limit 1 of each item
|clearpoke
|poke|p1|Raichu, L50, F|
|poke|p1|Jolteon, L50, F|
|poke|p1|Whimsicott, L50, F|
|poke|p1|Swampert, L50, F|
|poke|p1|Aerodactyl, L50, M|
|poke|p1|Sylveon, L50, F|
|poke|p2|Charizard, L50, M|
|poke|p2|Garchomp, L50, F|
|poke|p2|Incineroar, L50, F|
|poke|p2|Venusaur, L50, F|
|poke|p2|Toxapex, L50, M|
|poke|p2|Sylveon, L50, F|
|teampreview|4
|showteam|p1|Raichu||RaichuniteX|LightningRod|FakeOut,VoltTackle,DrainPunch,PlayRough|Jolly||F|||50|]Jolteon||Magnet|VoltAbsorb|RisingVoltage,ShadowBall,AlluringVoice,WeatherBall|Modest||F|||50|]Whimsicott||FocusSash|Prankster|Moonblast,Tailwind,FakeTears,SunnyDay|Modest||F|||50|]Swampert||Swampertite|Torrent|WaveCrash,HighHorsepower,IcePunch,Protect|Adamant||F|||50|]Aerodactyl||SitrusBerry|Unnerve|RockSlide,Tailwind,WideGuard,RainDance|Jolly||M|||50|]Sylveon||FairyFeather|Pixilate|HyperVoice,Protect,HyperBeam,Psychic|Modest||F|||50|
|showteam|p2|Charizard||CharizarditeY|SolarPower|WeatherBall,HeatWave,AncientPower,Protect|Modest||M|||50|]Garchomp||ChoiceScarf|RoughSkin|RockSlide,DragonClaw,Earthquake,StompingTantrum|Adamant||F|||50|]Incineroar||SitrusBerry|Intimidate|FlareBlitz,FakeOut,DarkestLariat,PartingShot|Impish||F|||50|]Venusaur||LifeOrb|Chlorophyll|SludgeBomb,LeafStorm,EarthPower,Protect|Modest||F|||50|]Toxapex||Leftovers|Regenerator|Infestation,Toxic,WideGuard,BanefulBunker|Bold||M|||50|]Sylveon||FairyFeather|Pixilate|HyperVoice,QuickAttack,Yawn,Detect|Modest||F|||50|
|inactive|Battle timer is ON: inactive players will automatically lose when time's up. (requested by odio esta reg)
|c|â˜†KevinDeBrowny|tampoco esta tan mal esta reg
|inactive|KevinDeBrowny has 60 seconds left.
|inactive|odio esta reg has 60 seconds left.
|inactive|odio esta reg has 30 seconds left.
|
|t:|1785486960
|teamsize|p1|4
|teamsize|p2|4
|start
|switch|p1a: Raichu|Raichu, L50, F|100/100
|switch|p1b: Jolteon|Jolteon, L50, F|100/100
|switch|p2a: Incineroar|Incineroar, L50, F|100/100
|switch|p2b: Sylveon|Sylveon, L50, F|100/100
|-ability|p2a: Incineroar|Intimidate|boost
|-unboost|p1a: Raichu|atk|1
|-unboost|p1b: Jolteon|atk|1
|turn|1
|
|t:|1785486985
|detailschange|p1a: Raichu|Raichu-Mega-X, L50, F
|-mega|p1a: Raichu|Raichu|Raichunite X
|-fieldstart|move: Electric Terrain|[from] ability: Electric Surge|[of] p1a: Raichu
|move|p1a: Raichu|Fake Out|p2a: Incineroar
|-damage|p2a: Incineroar|91/100
|cant|p2a: Incineroar|flinch
|move|p1b: Jolteon|Rising Voltage|p2b: Sylveon
|-hint|Rising Voltage's BP doubled on grounded target.
|-damage|p2b: Sylveon|14/100
|move|p2b: Sylveon|Hyper Voice|p1a: Raichu|[spread] p1a,p1b
|-damage|p1a: Raichu|37/100
|-damage|p1b: Jolteon|47/100
|
|upkeep
|turn|2
|inactive|odio esta reg has 30 seconds left.
|
|t:|1785487017
|move|p2b: Sylveon|Detect|p2b: Sylveon
|-singleturn|p2b: Sylveon|Protect
|move|p1b: Jolteon|Rising Voltage|p2a: Incineroar
|-hint|Rising Voltage's BP doubled on grounded target.
|-damage|p2a: Incineroar|0 fnt
|faint|p2a: Incineroar
|move|p1a: Raichu|Volt Tackle|p2b: Sylveon
|-activate|p2b: Sylveon|move: Protect
|
|upkeep
|
|t:|1785487030
|switch|p2a: Venusaur|Venusaur, L50, F|100/100
|turn|3
|
|t:|1785487049
|move|p2b: Sylveon|Quick Attack|p1a: Raichu
|-damage|p1a: Raichu|23/100
|move|p1b: Jolteon|Rising Voltage|p2a: Venusaur
|-hint|Rising Voltage's BP doubled on grounded target.
|-resisted|p2a: Venusaur|1
|-damage|p2a: Venusaur|39/100
|move|p1a: Raichu|Volt Tackle|p2b: Sylveon
|-damage|p2b: Sylveon|0 fnt
|faint|p2b: Sylveon
|-damage|p1a: Raichu|17/100|[from] Recoil
|move|p2a: Venusaur|Earth Power|p1b: Jolteon
|-supereffective|p1b: Jolteon|1
|-damage|p1b: Jolteon|0 fnt
|faint|p1b: Jolteon
|-damage|p2a: Venusaur|30/100|[from] item: Life Orb
|
|upkeep
|
|t:|1785487072
|switch|p1b: Whimsicott|Whimsicott, L50, F|100/100
|switch|p2b: Charizard|Charizard, L50, M|100/100
|turn|4
|
|t:|1785487088
|detailschange|p2b: Charizard|Charizard-Mega-Y, L50, M
|-mega|p2b: Charizard|Charizard|Charizardite Y
|-weather|SunnyDay|[from] ability: Drought|[of] p2b: Charizard
|move|p2b: Charizard|Protect|p2b: Charizard
|-singleturn|p2b: Charizard|Protect
|move|p1b: Whimsicott|Tailwind|p1b: Whimsicott
|-sidestart|p1: KevinDeBrowny|move: Tailwind
|move|p1a: Raichu|Volt Tackle|p2b: Charizard
|-activate|p2b: Charizard|move: Protect
|move|p2a: Venusaur|Sludge Bomb|p1b: Whimsicott
|-supereffective|p1b: Whimsicott|2
|-enditem|p1b: Whimsicott|Focus Sash
|-damage|p1b: Whimsicott|1/100
|-damage|p2a: Venusaur|20/100y|[from] item: Life Orb
|
|-weather|SunnyDay|[upkeep]
|upkeep
|turn|5
|
|t:|1785487108
|move|p2b: Charizard|Protect|p2b: Charizard
|-singleturn|p2b: Charizard|Protect
|move|p1b: Whimsicott|Moonblast|p2a: Venusaur
|-resisted|p2a: Venusaur|1
|-damage|p2a: Venusaur|0 fnt
|faint|p2a: Venusaur
|move|p1a: Raichu|Volt Tackle|p2b: Charizard
|-activate|p2b: Charizard|move: Protect
|
|-weather|SunnyDay|[upkeep]
|-fieldend|move: Electric Terrain
|upkeep
|turn|6
|-message|odio esta reg forfeited.
|
|win|KevinDeBrowny
