|j|☆Gonsute
|j|☆gamma_90
|html|Gonsutegamma_90    
|uhtml|bestof|Game 1 of a best-of-3
|t:|1782401208
|gametype|doubles
|player|p1|Gonsute|102|1230
|player|p2|gamma_90|1|1185
|gen|9
|tier|[Gen 9 Champions] VGC 2026 Reg M-B (Bo3)
|rated|
|rule|Species Clause: Limit one of each Pokémon
|rule|Item Clause: Limit 1 of each item
|clearpoke
|poke|p1|Staraptor, L50, F|
|poke|p1|Maushold-Four, L50|
|poke|p1|Delphox, L50, F|
|poke|p1|Sinistcha, L50|
|poke|p1|Annihilape, L50, F|
|poke|p1|Whimsicott, L50, F|
|poke|p2|Metagross, L50|
|poke|p2|Aerodactyl, L50, F|
|poke|p2|Whimsicott, L50, F|
|poke|p2|Hydreigon, L50, M|
|poke|p2|Sneasler, L50, M|
|poke|p2|Garchomp, L50, M|
|teampreview|4
|showteam|p1|Staraptor||Staraptite|Intimidate|DualWingbeat,CloseCombat,Tailwind,Protect|Jolly||F|||50|]Maushold-Four||ChopleBerry|FriendGuard|SuperFang,FollowMe,BeatUp,Protect|Jolly|||||50|]Delphox||Delphoxite|Blaze|HeatWave,Psychic,NastyPlot,Protect|Timid||F|||50|]Sinistcha||CobaBerry|Hospitality|MatchaGotcha,LifeDew,RagePowder,Protect|Bold|||||50|]Annihilape||Leftovers|Defiant|RageFist,DrainPunch,BulkUp,Protect|Jolly||F|||50|]Whimsicott||FocusSash|Prankster|Moonblast,Tailwind,SunnyDay,Protect|Timid||F|||50|
|showteam|p2|Metagross||Metagrossite|ClearBody|IronHead,PsychicFangs,Protect,BodyPress|Jolly|||||50|]Aerodactyl||Aerodactylite|RockHead|RockSlide,IceFang,WideGuard,Protect|Jolly||F|||50|]Whimsicott||FocusSash|Prankster|Moonblast,Tailwind,Encore,Protect|Timid||F|||50|]Hydreigon||ChoiceScarf|Levitate|DarkPulse,DracoMeteor,EarthPower,Snarl|Modest||M|||50|]Sneasler||WhiteHerb|Unburden|CloseCombat,DireClaw,FakeOut,Protect|Adamant||M|||50|]Garchomp||LifeOrb|RoughSkin|DragonClaw,Earthquake,RockSlide,Protect|Jolly||M|||50|
|inactive|Battle timer is ON: inactive players will automatically lose when time's up. (requested by Gonsute)
|inactive|gamma_90 has 60 seconds left.
|inactive|gamma_90 has 30 seconds left.
|
|t:|1782401269
|teamsize|p1|4
|teamsize|p2|4
|start
|switch|p1a: Staraptor|Staraptor, L50, F|100/100
|switch|p1b: Whimsicott|Whimsicott, L50, F|100/100
|switch|p2a: Whimsicott|Whimsicott, L50, F|100/100
|switch|p2b: Aerodactyl|Aerodactyl, L50, F|100/100
|-ability|p1a: Staraptor|Intimidate|boost
|-unboost|p2a: Whimsicott|atk|1
|-unboost|p2b: Aerodactyl|atk|1
|turn|1
|inactive|Gonsute has 30 seconds left.
|inactive|gamma_90 has 30 seconds left.
|inactive|Gonsute has 20 seconds left.
|inactive|Gonsute has 15 seconds left.
|inactive|Gonsute has 10 seconds left.
|
|t:|1782401314
|detailschange|p1a: Staraptor|Staraptor-Mega, L50, F
|-mega|p1a: Staraptor|Staraptor|Staraptite
|move|p1b: Whimsicott|Tailwind|p1b: Whimsicott
|-sidestart|p1: Gonsute|move: Tailwind
|move|p2a: Whimsicott|Tailwind|p2a: Whimsicott
|-sidestart|p2: gamma_90|move: Tailwind
|move|p2b: Aerodactyl|Rock Slide|p1b: Whimsicott|[spread] p1a,p1b
|-damage|p1a: Staraptor|83/100
|-damage|p1b: Whimsicott|75/100
|move|p1a: Staraptor|Close Combat|p2b: Aerodactyl
|-damage|p2b: Aerodactyl|4/100
|-boost|p1a: Staraptor|def|1
|-boost|p1a: Staraptor|spd|1
|
|upkeep
|turn|2
|inactive|Gonsute has 30 seconds left.
|inactive|gamma_90 has 30 seconds left.
|
|t:|1782401346
|move|p2a: Whimsicott|Encore|p1b: Whimsicott
|-start|p1b: Whimsicott|Encore
|move|p1b: Whimsicott|Tailwind||[still]
|-fail|p1b: Whimsicott
|move|p2b: Aerodactyl|Ice Fang|p1a: Staraptor
|-supereffective|p1a: Staraptor|1
|-damage|p1a: Staraptor|65/100
|move|p1a: Staraptor|Dual Wingbeat|p2a: Whimsicott
|-supereffective|p2a: Whimsicott|1
|-damage|p2a: Whimsicott|37/100
|-supereffective|p2a: Whimsicott|1
|-damage|p2a: Whimsicott|0 fnt
|faint|p2a: Whimsicott
|-hitcount|p2: Whimsicott|2
|
|upkeep
|
|t:|1782401356
|switch|p2a: Metagross|Metagross, L50|100/100
|turn|3
|
|t:|1782401373
|switch|p1b: Sinistcha|Sinistcha, L50|100/100
|-heal|p1a: Staraptor|90/100|[from] ability: Hospitality|[of] p1b: Sinistcha
|detailschange|p2a: Metagross|Metagross-Mega, L50
|-mega|p2a: Metagross|Metagross|Metagrossite
|move|p2b: Aerodactyl|Ice Fang|p1b: Sinistcha
|-supereffective|p1b: Sinistcha|1
|-damage|p1b: Sinistcha|79/100
|-status|p1b: Sinistcha|frz
|move|p2a: Metagross|Psychic Fangs|p1a: Staraptor
|-supereffective|p1a: Staraptor|1
|-damage|p1a: Staraptor|17/100
|move|p1a: Staraptor|Close Combat|p2a: Metagross
|-damage|p2a: Metagross|57/100
|-boost|p1a: Staraptor|def|1
|-boost|p1a: Staraptor|spd|1
|
|upkeep
|turn|4
|
|t:|1782401396
|move|p1a: Staraptor|Protect|p1a: Staraptor
|-singleturn|p1a: Staraptor|Protect
|move|p2b: Aerodactyl|Rock Slide|p1b: Sinistcha|[spread] p1b
|-activate|p1a: Staraptor|move: Protect
|-crit|p1b: Sinistcha
|-damage|p1b: Sinistcha|51/100 frz
|move|p2a: Metagross|Psychic Fangs|p1a: Staraptor
|-activate|p1a: Staraptor|move: Protect
|-curestatus|p1b: Sinistcha|frz|[from] move: Matcha Gotcha
|move|p1b: Sinistcha|Matcha Gotcha|p2a: Metagross|[spread] p2a,p2b
|-resisted|p2a: Metagross|1
|-damage|p2a: Metagross|44/100
|-heal|p1b: Sinistcha|56/100|[from] drain|[of] p2a: Metagross
|-damage|p2b: Aerodactyl|0 fnt
|-heal|p1b: Sinistcha|58/100|[from] drain|[of] p2b: Aerodactyl
|-status|p2a: Metagross|brn
|faint|p2b: Aerodactyl
|
|-damage|p2a: Metagross|38/100 brn|[from] brn
|-sideend|p2: gamma_90|move: Tailwind
|-sideend|p1: Gonsute|move: Tailwind
|upkeep
|
|t:|1782401399
|switch|p2b: Hydreigon|Hydreigon, L50, M|100/100
|turn|5
|inactive|Gonsute has 30 seconds left.
|
|t:|1782401425
|move|p1b: Sinistcha|Rage Powder|p1b: Sinistcha
|-singleturn|p1b: Sinistcha|move: Rage Powder
|move|p2b: Hydreigon|Dark Pulse|p1b: Sinistcha
|-supereffective|p1b: Sinistcha|1
|-damage|p1b: Sinistcha|0 fnt
|faint|p1b: Sinistcha
|move|p1a: Staraptor|Close Combat|p2b: Hydreigon
|-supereffective|p2b: Hydreigon|1
|-damage|p2b: Hydreigon|0 fnt
|-boost|p1a: Staraptor|def|1
|-boost|p1a: Staraptor|spd|1
|faint|p2b: Hydreigon
|move|p2a: Metagross|Psychic Fangs|p1a: Staraptor
|-supereffective|p1a: Staraptor|1
|-damage|p1a: Staraptor|0 fnt
|faint|p1a: Staraptor
|
|-damage|p2a: Metagross|33/100 brn|[from] brn
|upkeep
|
|t:|1782401441
|switch|p1a: Whimsicott|Whimsicott, L50, F|75/100
|switch|p1b: Annihilape|Annihilape, L50, F|100/100
|turn|6
|c|☆gamma_90|We are speed tying
|-message|gamma_90 forfeited.
|
|win|Gonsute
||gamma_90 is ready for game 2.
||Gonsute is ready for game 2.
|uhtml|next|Next: Game 2 of 3
|l|☆gamma_90
|player|p2|
|l|☆Gonsute
|player|p1|
|j|☆gamma_90
|player|p2|gamma_90|1|
