|j|☆PikaTROD
|j|☆Squ1dge_
|html|PikaTRODSqu1dge_    
|uhtml|bestof|Game 3 of a best-of-3
|t:|1755150895
|gametype|doubles
|player|p1|PikaTROD|1|1249
|player|p2|Squ1dge_|2|1291
|gen|9
|tier|[Gen 9] VGC 2025 Reg H (Bo3)
|rated|
|rule|Species Clause: Limit one of each Pokémon
|rule|Item Clause: Limit 1 of each item
|clearpoke
|poke|p1|Indeedee, L50, M|
|poke|p1|Sneasler, L50, F|
|poke|p1|Excadrill, L50, M|
|poke|p1|Magmar, L50, M|
|poke|p1|Corviknight, L50, F|
|poke|p1|Tyranitar, L50, F|
|poke|p2|Gholdengo, L50|
|poke|p2|Sneasler, L50, M|
|poke|p2|Rillaboom, L50, F|
|poke|p2|Dragonite, L50, F|
|poke|p2|Ninetales-Alola, L50, F|
|poke|p2|Arcanine-Hisui, L50, F|
|teampreview|4
|showteam|p1|Indeedee||ChoiceScarf|PsychicSurge|ExpandingForce,TeraBlast,Trick,Protect|||M|||50|,,,,,Psychic]Sneasler||WhiteHerb|Unburden|FakeOut,CloseCombat,DireClaw,Coaching|||F|||50|,,,,,Flying]Excadrill||FocusSash|SandRush|Earthquake,IronHead,SwordsDance,Protect|||M|||50|,,,,,Ground]Magmar||Eviolite|VitalSpirit|HeatWave,FollowMe,HelpingHand,Protect|||M|||50|,,,,,Flying]Corviknight||PsychicSeed|MirrorArmor|BraveBird,PowerTrip,BulkUp,Roost|||F|||50|,,,,,Water]Tyranitar||AssaultVest|SandStream|RockSlide,KnockOff,LowKick,TeraBlast|||F|||50|,,,,,Flying
|showteam|p2|Gholdengo||GrassySeed|GoodasGold|NastyPlot,MakeItRain,ShadowBall,Protect||||||50|,,,,,Water]Sneasler||WhiteHerb|Unburden|CloseCombat,DireClaw,Coaching,Protect|||M|||50|,,,,,Ghost]Rillaboom||AssaultVest|GrassySurge|FakeOut,GrassyGlide,DrumBeating,HighHorsepower|||F|||50|,,,,,Fire]Dragonite||LoadedDice|Multiscale|ScaleShot,StompingTantrum,Tailwind,Protect|||F|||50|,,,,,Ground]Ninetales-Alola||FocusSash|SnowWarning|Blizzard,IcyWind,Encore,AuroraVeil|||F|||50|,,,,,Ghost]Arcanine-Hisui||ClearAmulet|Intimidate|RockSlide,FlareBlitz,ExtremeSpeed,Protect|||F|||50|,,,,,Water
|inactive|Battle timer is ON: inactive players will automatically lose when time's up. (requested by Squ1dge_)
|inactive|PikaTROD has 60 seconds left.
|
|t:|1755150973
|teamsize|p1|4
|teamsize|p2|4
|start
|switch|p1a: Tyranitar|Tyranitar, L50, F|100/100
|switch|p1b: Magmar|Magmar, L50, M|100/100
|switch|p2a: Sneasler|Sneasler, L50, M|100/100
|switch|p2b: Dragonite|Dragonite, L50, F|100/100
|-weather|Sandstorm|[from] ability: Sand Stream|[of] p1a: Tyranitar
|turn|1
|inactive|PikaTROD has 30 seconds left.
|inactive|PikaTROD has 20 seconds left.
|
|t:|1755151009
|move|p2b: Dragonite|Protect|p2b: Dragonite
|-singleturn|p2b: Dragonite|Protect
|move|p1b: Magmar|Follow Me|p1b: Magmar
|-singleturn|p1b: Magmar|move: Follow Me
|move|p2a: Sneasler|Coaching|p2b: Dragonite
|-boost|p2b: Dragonite|atk|1
|-boost|p2b: Dragonite|def|1
|move|p1a: Tyranitar|Knock Off|p2b: Dragonite
|-activate|p2b: Dragonite|move: Protect
|
|-weather|Sandstorm|[upkeep]
|-damage|p2a: Sneasler|94/100|[from] Sandstorm
|-damage|p2b: Dragonite|95/100|[from] Sandstorm
|-damage|p1b: Magmar|95/100|[from] Sandstorm
|upkeep
|turn|2
|inactive|PikaTROD has 30 seconds left.
|
|t:|1755151040
|-terastallize|p1a: Tyranitar|Flying
|move|p1b: Magmar|Helping Hand|p1a: Tyranitar
|-singleturn|p1a: Tyranitar|Helping Hand|[of] p1b: Magmar
|move|p2a: Sneasler|Coaching|p2b: Dragonite
|-boost|p2b: Dragonite|atk|1
|-boost|p2b: Dragonite|def|1
|move|p2b: Dragonite|Scale Shot|p1a: Tyranitar
|-damage|p1a: Tyranitar|79/100
|-damage|p1a: Tyranitar|58/100
|-damage|p1a: Tyranitar|39/100
|-damage|p1a: Tyranitar|17/100
|-hitcount|p1a: Tyranitar|4
|-unboost|p2b: Dragonite|def|1
|-boost|p2b: Dragonite|spe|1
|move|p1a: Tyranitar|Rock Slide|p2b: Dragonite|[spread] p2a,p2b
|-resisted|p2a: Sneasler
|-supereffective|p2b: Dragonite
|-damage|p2a: Sneasler|69/100
|-damage|p2b: Dragonite|43/100
|
|-weather|Sandstorm|[upkeep]
|-damage|p2b: Dragonite|37/100|[from] Sandstorm
|-damage|p2a: Sneasler|63/100|[from] Sandstorm
|-damage|p1b: Magmar|89/100|[from] Sandstorm
|-damage|p1a: Tyranitar|11/100|[from] Sandstorm
|upkeep
|turn|3
|inactive|PikaTROD has 30 seconds left.
|
|t:|1755151067
|move|p1b: Magmar|Follow Me|p1b: Magmar
|-singleturn|p1b: Magmar|move: Follow Me
|move|p2b: Dragonite|Scale Shot|p1b: Magmar|[miss]
|-miss|p2b: Dragonite|p1b: Magmar
|move|p2a: Sneasler|Dire Claw|p1b: Magmar
|-damage|p1b: Magmar|50/100
|-status|p1b: Magmar|psn
|move|p1a: Tyranitar|Tera Blast|p2a: Sneasler|[anim] Tera Blast Flying
|-supereffective|p2a: Sneasler
|-damage|p2a: Sneasler|0 fnt
|faint|p2a: Sneasler
|
|-weather|Sandstorm|[upkeep]
|-damage|p2b: Dragonite|31/100|[from] Sandstorm
|-damage|p1b: Magmar|44/100 psn|[from] Sandstorm
|-damage|p1a: Tyranitar|5/100|[from] Sandstorm
|-damage|p1b: Magmar|32/100 psn|[from] psn
|upkeep
|
|t:|1755151077
|switch|p2a: Gholdengo|Gholdengo, L50|100/100
|turn|4
|
|t:|1755151101
|switch|p1a: Corviknight|Corviknight, L50, F|100/100
|move|p2b: Dragonite|Stomping Tantrum|p1b: Magmar
|-supereffective|p1b: Magmar
|-damage|p1b: Magmar|0 fnt
|faint|p1b: Magmar
|move|p2a: Gholdengo|Shadow Ball|p1a: Corviknight
|-damage|p1a: Corviknight|71/100
|-ability|p1a: Corviknight|Mirror Armor
|-unboost|p2a: Gholdengo|spd|1
|
|-weather|Sandstorm|[upkeep]
|-damage|p2b: Dragonite|25/100|[from] Sandstorm
|upkeep
|
|t:|1755151112
|switch|p1b: Excadrill|Excadrill, L50, M|100/100
|turn|5
|
|t:|1755151123
|switch|p2a: Rillaboom|Rillaboom, L50, F|100/100
|-fieldstart|move: Grassy Terrain|[from] ability: Grassy Surge|[of] p2a: Rillaboom
|move|p1b: Excadrill|Protect|p1b: Excadrill
|-singleturn|p1b: Excadrill|Protect
|move|p2b: Dragonite|Protect|p2b: Dragonite
|-singleturn|p2b: Dragonite|Protect
|move|p1a: Corviknight|Brave Bird|p2b: Dragonite
|-activate|p2b: Dragonite|move: Protect
|
|-weather|none
|upkeep
|turn|6
|inactive|PikaTROD has 30 seconds left.
|inactive|Squ1dge_ has 30 seconds left.
|
|t:|1755151156
|switch|p1b: Tyranitar|Tyranitar, L50, F, tera:Flying|5/100
|-weather|Sandstorm|[from] ability: Sand Stream|[of] p1b: Tyranitar
|-terastallize|p2b: Dragonite|Ground
|move|p2a: Rillaboom|Fake Out|p1b: Tyranitar
|-damage|p1b: Tyranitar|0 fnt
|faint|p1b: Tyranitar
|move|p2b: Dragonite|Stomping Tantrum|p1a: Corviknight
|-immune|p1a: Corviknight
|move|p1a: Corviknight|Brave Bird|p2b: Dragonite
|-damage|p2b: Dragonite|0 fnt
|faint|p2b: Dragonite
|-damage|p1a: Corviknight|64/100|[from] Recoil
|
|-weather|Sandstorm|[upkeep]
|-damage|p2a: Rillaboom|95/100|[from] Sandstorm
|-heal|p2a: Rillaboom|100/100|[from] Grassy Terrain
|upkeep
|
|t:|1755151170
|switch|p2b: Gholdengo|Gholdengo, L50|100/100
|switch|p1b: Excadrill|Excadrill, L50, M|100/100
|-enditem|p2b: Gholdengo|Grassy Seed
|-boost|p2b: Gholdengo|def|1|[from] item: Grassy Seed
|turn|7
|inactive|PikaTROD has 30 seconds left.
|inactive|PikaTROD has 20 seconds left.
|inactive|PikaTROD has 15 seconds left.
|
|t:|1755151210
|move|p1b: Excadrill|Iron Head|p2a: Rillaboom
|-damage|p2a: Rillaboom|51/100
|cant|p2a: Rillaboom|flinch
|move|p2b: Gholdengo|Shadow Ball|p1b: Excadrill
|-damage|p1b: Excadrill|45/100
|move|p1a: Corviknight|Brave Bird|p2a: Rillaboom
|-supereffective|p2a: Rillaboom
|-damage|p2a: Rillaboom|0 fnt
|faint|p2a: Rillaboom
|-damage|p1a: Corviknight|48/100|[from] Recoil
|
|-weather|Sandstorm|[upkeep]
|-heal|p1b: Excadrill|51/100|[from] Grassy Terrain
|upkeep
|turn|8
|inactive|Squ1dge_ has 30 seconds left.
|
|t:|1755151242
|move|p1b: Excadrill|Protect|p1b: Excadrill
|-singleturn|p1b: Excadrill|Protect
|move|p2b: Gholdengo|Nasty Plot|p2b: Gholdengo
|-boost|p2b: Gholdengo|spa|2
|move|p1a: Corviknight|Roost|p1a: Corviknight
|-heal|p1a: Corviknight|98/100
|-singleturn|p1a: Corviknight|move: Roost
|
|-weather|Sandstorm|[upkeep]
|-heal|p1b: Excadrill|57/100|[from] Grassy Terrain
|-heal|p1a: Corviknight|100/100|[from] Grassy Terrain
|upkeep
|turn|9
|
|t:|1755151255
|move|p1b: Excadrill|Earthquake|p2b: Gholdengo|[spread] p2b
|-immune|p1a: Corviknight
|-supereffective|p2b: Gholdengo
|-damage|p2b: Gholdengo|71/100
|move|p2b: Gholdengo|Shadow Ball|p1b: Excadrill
|-damage|p1b: Excadrill|0 fnt
|faint|p1b: Excadrill
|move|p1a: Corviknight|Bulk Up|p1a: Corviknight
|-boost|p1a: Corviknight|atk|1
|-boost|p1a: Corviknight|def|1
|
|-weather|Sandstorm|[upkeep]
|-heal|p2b: Gholdengo|78/100|[from] Grassy Terrain
|-fieldend|move: Grassy Terrain
|upkeep
|turn|10
|
|t:|1755151269
|move|p2b: Gholdengo|Shadow Ball|p1a: Corviknight
|-damage|p1a: Corviknight|46/100
|move|p1a: Corviknight|Power Trip|p2b: Gholdengo
|-supereffective|p2b: Gholdengo
|-damage|p2b: Gholdengo|55/100
|
|-weather|none
|upkeep
|turn|11
|
|t:|1755151275
|move|p2b: Gholdengo|Shadow Ball|p1a: Corviknight
|-damage|p1a: Corviknight|0 fnt
|faint|p1a: Corviknight
|
|win|Squ1dge_
|raw|PikaTROD's rating: 1270 → 1247(-23 for losing)
|raw|Squ1dge_'s rating: 1291 → 1314(+23 for winning)
|l|☆PikaTROD
|player|p1|
|l|☆Squ1dge_
|player|p2|
|j|☆Squ1dge_
|player|p2|Squ1dge_|2|
|l|☆Squ1dge_
|player|p2|
|j|☆Squ1dge_
|player|p2|Squ1dge_|2|
