|j|☆Govek314
|j|☆nighasaur
|html|Govek314nighasaur    
|uhtml|bestof|Game 1 of a best-of-3
|t:|1757851903
|gametype|doubles
|player|p1|Govek314|102|1140
|player|p2|nighasaur|169|1015
|gen|9
|tier|[Gen 9] VGC 2025 Reg H (Bo3)
|rated|
|rule|Species Clause: Limit one of each Pokémon
|rule|Item Clause: Limit 1 of each item
|clearpoke
|poke|p1|Volcarona, L50, M|
|poke|p1|Tyranitar, L50, M|
|poke|p1|Excadrill, L50, F|
|poke|p1|Basculegion, L50, M|
|poke|p1|Indeedee-F, L50, F|
|poke|p1|Kommo-o, L50, F|
|poke|p2|Archaludon, L50, M|
|poke|p2|Pelipper, L50, F|
|poke|p2|Incineroar, L50, F|
|poke|p2|Excadrill, L50, F|
|poke|p2|Bellibolt, L50, F|
|poke|p2|Whimsicott, L50, M|
|teampreview|4
|showteam|p1|Volcarona||Leftovers|FlameBody|Flamethrower,GigaDrain,QuiverDance,Protect|||M|||50|,,,,,Dragon]Tyranitar||AssaultVest|SandStream|RockSlide,KnockOff,LowKick,TeraBlast|||M|||50|,,,,,Flying]Excadrill||FocusSash|SandRush|IronHead,HighHorsepower,TeraBlast,Protect|||F|||50|,,,,,Grass]Basculegion||ChoiceScarf|Adaptability|WaveCrash,LastRespects,FlipTurn,TeraBlast|||M|||50|,,,,,Fairy]Indeedee-F||PsychicSeed|PsychicSurge|TrickRoom,Psychic,FollowMe,HelpingHand|||F|||50|,,,,,Grass]Kommo-o||ThroatSpray|Overcoat|ClangingScales,ClangorousSoul,AuraSphere,Protect|||F|||50|,,,,,Steel
|showteam|p2|Archaludon||PowerHerb|Sturdy|Protect,ElectroShot,DracoMeteor,Snarl|||M|||50|,,,,,Electric]Pelipper||SitrusBerry|Drizzle|Protect,WeatherBall,Tailwind,IcyWind|||F|||50|,,,,,Grass]Incineroar||SafetyGoggles|Intimidate|FakeOut,PartingShot,KnockOff,Taunt|||F|||50|,,,,,Ghost]Excadrill||FocusSash|MoldBreaker|HighHorsepower,Protect,IronHead,ShadowClaw|||F|||50|,,,,,Ground]Bellibolt||AirBalloon|Electromorphosis|ElectricTerrain,Protect,VoltSwitch,Electroweb|||F|||50|,,,,,Flying]Whimsicott||CovertCloak|Prankster|Moonblast,Protect,Tailwind,Taunt|||M|||50|,,,,,Dark
|inactive|Battle timer is ON: inactive players will automatically lose when time's up. (requested by nighasaur)
|
|t:|1757851956
|teamsize|p1|4
|teamsize|p2|4
|start
|switch|p1a: Volcarona|Volcarona, L50, M, shiny|100/100
|switch|p1b: Basculegion|Basculegion, L50, M|100/100
|switch|p2a: Archaludon|Archaludon, L50, M|100/100
|switch|p2b: Incineroar|Incineroar, L50, F, shiny|100/100
|-ability|p2b: Incineroar|Intimidate|boost
|-unboost|p1a: Volcarona|atk|1
|-unboost|p1b: Basculegion|atk|1
|turn|1
|inactive|nighasaur has 30 seconds left.
|
|t:|1757851985
|move|p2b: Incineroar|Fake Out|p1a: Volcarona
|-damage|p1a: Volcarona|87/100
|move|p1b: Basculegion|Flip Turn|p2b: Incineroar
|-supereffective|p2b: Incineroar
|-damage|p2b: Incineroar|53/100
|
|t:|1757851992
|switch|p1b: Reptar|Tyranitar, L50, M, shiny|100/100|[from] Flip Turn
|-weather|Sandstorm|[from] ability: Sand Stream|[of] p1b: Reptar
|move|p2a: Archaludon|Electro Shot||[still]
|-prepare|p2a: Archaludon|Electro Shot
|-boost|p2a: Archaludon|spa|1
|-enditem|p2a: Archaludon|Power Herb
|-anim|p2a: Archaludon|Electro Shot|p1b: Reptar
|-damage|p1b: Reptar|77/100
|cant|p1a: Volcarona|flinch
|
|-weather|Sandstorm|[upkeep]
|-damage|p1a: Volcarona|81/100|[from] Sandstorm
|-heal|p1a: Volcarona|87/100|[from] item: Leftovers
|upkeep
|turn|2
|inactive|Govek314 has 30 seconds left.
|
|t:|1757852021
|switch|p1b: Monti Mole|Excadrill, L50, F, shiny|100/100
|move|p2a: Archaludon|Protect|p2a: Archaludon
|-singleturn|p2a: Archaludon|Protect
|move|p1a: Volcarona|Quiver Dance|p1a: Volcarona
|-boost|p1a: Volcarona|spa|1
|-boost|p1a: Volcarona|spd|1
|-boost|p1a: Volcarona|spe|1
|move|p2b: Incineroar|Parting Shot|p1b: Monti Mole
|-unboost|p1b: Monti Mole|atk|1
|-unboost|p1b: Monti Mole|spa|1
|
|t:|1757852034
|switch|p2b: Pelipper|Pelipper, L50, F|100/100|[from] Parting Shot
|-weather|RainDance|[from] ability: Drizzle|[of] p2b: Pelipper
|
|-weather|RainDance|[upkeep]
|-heal|p1a: Volcarona|94/100|[from] item: Leftovers
|upkeep
|turn|3
|
|t:|1757852049
|switch|p2a: Incineroar|Incineroar, L50, F, shiny|53/100
|-ability|p2a: Incineroar|Intimidate|boost
|-unboost|p1a: Volcarona|atk|1
|-unboost|p1b: Monti Mole|atk|1
|switch|p1b: Reptar|Tyranitar, L50, M, shiny|77/100
|-weather|Sandstorm|[from] ability: Sand Stream|[of] p1b: Reptar
|-terastallize|p1a: Volcarona|Dragon
|move|p1a: Volcarona|Quiver Dance|p1a: Volcarona
|-boost|p1a: Volcarona|spa|1
|-boost|p1a: Volcarona|spd|1
|-boost|p1a: Volcarona|spe|1
|move|p2b: Pelipper|Tailwind|p2b: Pelipper
|-sidestart|p2: nighasaur|move: Tailwind
|
|-weather|Sandstorm|[upkeep]
|-damage|p1a: Volcarona|87/100|[from] Sandstorm
|-damage|p2b: Pelipper|95/100|[from] Sandstorm
|-heal|p1a: Volcarona|94/100|[from] item: Leftovers
|upkeep
|turn|4
|
|t:|1757852073
|switch|p2b: Excadrill|Excadrill, L50, F|100/100
|-ability|p2b: Excadrill|Mold Breaker
|move|p1a: Volcarona|Giga Drain|p2b: Excadrill
|-damage|p2b: Excadrill|37/100
|-heal|p1a: Volcarona|100/100|[from] drain|[of] p2b: Excadrill
|move|p2a: Incineroar|Parting Shot|p1a: Volcarona
|-unboost|p1a: Volcarona|atk|1
|-unboost|p1a: Volcarona|spa|1
|
|t:|1757852085
|switch|p2a: Pelipper|Pelipper, L50, F|95/100|[from] Parting Shot
|-weather|RainDance|[from] ability: Drizzle|[of] p2a: Pelipper
|move|p1b: Reptar|Rock Slide|p2b: Excadrill|[spread] p2a,p2b
|-supereffective|p2a: Pelipper
|-resisted|p2b: Excadrill
|-damage|p2a: Pelipper|18/100
|-damage|p2b: Excadrill|26/100
|-enditem|p2a: Pelipper|Sitrus Berry|[eat]
|-heal|p2a: Pelipper|42/100|[from] item: Sitrus Berry
|
|-weather|RainDance|[upkeep]
|upkeep
|turn|5
|inactive|Govek314 has 30 seconds left.
|inactive|Govek314 has 20 seconds left.
|inactive|Govek314 has 15 seconds left.
|
|t:|1757852126
|switch|p1b: Basculegion|Basculegion, L50, M|100/100
|move|p2b: Excadrill|Protect|p2b: Excadrill
|-singleturn|p2b: Excadrill|Protect
|move|p1a: Volcarona|Giga Drain|p2a: Pelipper
|-damage|p2a: Pelipper|0 fnt
|faint|p2a: Pelipper
|
|-weather|RainDance|[upkeep]
|upkeep
|
|t:|1757852137
|switch|p2a: Archaludon|Archaludon, L50, M|100/100
|turn|6
|
|t:|1757852146
|move|p2a: Archaludon|Protect|p2a: Archaludon
|-singleturn|p2a: Archaludon|Protect
|move|p1a: Volcarona|Flamethrower|p2a: Archaludon
|-activate|p2a: Archaludon|move: Protect
|move|p2b: Excadrill|Shadow Claw|p1b: Basculegion
|-supereffective|p1b: Basculegion
|-damage|p1b: Basculegion|39/100
|move|p1b: Basculegion|Flip Turn|p2b: Excadrill
|-supereffective|p2b: Excadrill
|-damage|p2b: Excadrill|0 fnt
|faint|p2b: Excadrill
|
|t:|1757852159
|switch|p1b: Reptar|Tyranitar, L50, M, shiny|77/100|[from] Flip Turn
|-weather|Sandstorm|[from] ability: Sand Stream|[of] p1b: Reptar
|
|-weather|Sandstorm|[upkeep]
|-damage|p1a: Volcarona|94/100|[from] Sandstorm
|-heal|p1a: Volcarona|100/100|[from] item: Leftovers
|-sideend|p2: nighasaur|move: Tailwind
|upkeep
|
|t:|1757852169
|switch|p2b: Incineroar|Incineroar, L50, F, shiny|53/100
|-ability|p2b: Incineroar|Intimidate|boost
|-unboost|p1a: Volcarona|atk|1
|-unboost|p1b: Reptar|atk|1
|turn|7
|
|t:|1757852187
|move|p1a: Volcarona|Protect|p1a: Volcarona
|-singleturn|p1a: Volcarona|Protect
|move|p2a: Archaludon|Snarl|p1b: Reptar|[spread] p1b
|-activate|p1a: Volcarona|move: Protect
|-resisted|p1b: Reptar
|-damage|p1b: Reptar|75/100
|-unboost|p1b: Reptar|spa|1
|move|p2b: Incineroar|Knock Off|p1b: Reptar
|-resisted|p1b: Reptar
|-damage|p1b: Reptar|60/100
|-enditem|p1b: Reptar|Assault Vest|[from] move: Knock Off|[of] p2b: Incineroar
|move|p1b: Reptar|Rock Slide|p2b: Incineroar|[spread] p2a,p2b
|-resisted|p2a: Archaludon
|-supereffective|p2b: Incineroar
|-damage|p2a: Archaludon|91/100
|-damage|p2b: Incineroar|14/100
|
|-weather|Sandstorm|[upkeep]
|-damage|p1a: Volcarona|94/100|[from] Sandstorm
|-heal|p1a: Volcarona|100/100|[from] item: Leftovers
|upkeep
|turn|8
|-message|nighasaur forfeited.
|
|win|Govek314
|l|☆nighasaur
|player|p2|
|raw|Govek314's rating: 1140 → 1156(+16 for winning)
|raw|nighasaur's rating: 1015 → 1007(-8 for losing)
|l|☆Govek314
|player|p1|
