|j|☆Astano
|j|☆vinicio499
|html|Astanovinicio499    
|uhtml|bestof|Game 3 of a best-of-3
|t:|1785333862
|gametype|doubles
|player|p1|Astano|102|1159
|player|p2|vinicio499|miku-ghost|1155
|gen|9
|tier|[Gen 9 Champions] VGC 2026 Reg M-B (Bo3)
|rated|
|rule|Species Clause: Limit one of each Pokémon
|rule|Item Clause: Limit 1 of each item
|clearpoke
|poke|p1|Swampert, L50, F|
|poke|p1|Sableye, L50, M|
|poke|p1|Archaludon, L50, F|
|poke|p1|Pelipper, L50, F|
|poke|p1|Sylveon, L50, M|
|poke|p1|Venusaur, L50, M|
|poke|p2|Farigiraf, L50, M, shiny|
|poke|p2|Chandelure, L50, M, shiny|
|poke|p2|Sinistcha, L50|
|poke|p2|Kangaskhan, L50, F|
|poke|p2|Kingambit, L50, F|
|poke|p2|Emboar, L50, F, shiny|
|teampreview|4
|showteam|p1|Swampert||Swampertite|Torrent|Protect,WaveCrash,Earthquake,HighHorsepower|Adamant||F|||50|]Sableye||LightClay|Prankster|Encore,Reflect,LightScreen,RainDance|Bold||M|||50|]Archaludon||Leftovers|Stamina|Protect,DragonPulse,FlashCannon,ElectroShot|Modest||F|||50|]Pelipper||SitrusBerry|Drizzle|Protect,WeatherBall,Hurricane,Tailwind|Bold||F|||50|]Sylveon||FairyFeather|Pixilate|Detect,HyperVoice,Moonblast,QuickAttack|Modest||M|||50|]Venusaur||Venusaurite|Overgrow|Protect,GigaDrain,SludgeBomb,EarthPower|Modest||M|||50|
|showteam|p2|Farigiraf||ColburBerry|ArmorTail|TrickRoom,TwinBeam,Protect,Thunderbolt|Quiet||M|||50|]Chandelure||Chandelurite|FlashFire|HeatWave,ShadowBall,TrickRoom,Protect|Quiet||M|||50|]Sinistcha||KasibBerry|Hospitality|MatchaGotcha,RagePowder,Protect,TrickRoom|Bold|||||50|]Kangaskhan||SilkScarf|Scrappy|FakeOut,LastResort|Brave||F|||50|]Kingambit||FocusSash|Defiant|KowtowCleave,SuckerPunch,IronHead,LowKick|Adamant||F|||50|]Emboar||Emboarite|Reckless|FlareBlitz,Protect,CloseCombat,SuckerPunch|Adamant||F|||50|
|inactive|Battle timer is ON: inactive players will automatically lose when time's up. (requested by vinicio499)
|
|t:|1785333873
|teamsize|p1|4
|teamsize|p2|4
|start
|switch|p1a: Swampert|Swampert, L50, F|100/100
|switch|p1b: Pelipper|Pelipper, L50, F|100/100
|switch|p2a: Farigiraf|Farigiraf, L50, M, shiny|100/100
|switch|p2b: Kangaskhan|Kangaskhan, L50, F|100/100
|-weather|RainDance|[from] ability: Drizzle|[of] p1b: Pelipper
|turn|1
|
|t:|1785333880
|detailschange|p1a: Swampert|Swampert-Mega, L50, F
|-mega|p1a: Swampert|Swampert|Swampertite
|move|p2b: Kangaskhan|Fake Out|p1a: Swampert
|-damage|p1a: Swampert|79/100
|cant|p1a: Swampert|flinch
|move|p1b: Pelipper|Weather Ball|p2a: Farigiraf
|-crit|p2a: Farigiraf
|-damage|p2a: Farigiraf|22/100
|move|p2a: Farigiraf|Trick Room|p2a: Farigiraf
|-fieldstart|move: Trick Room|[of] p2a: Farigiraf
|
|-weather|RainDance|[upkeep]
|upkeep
|turn|2
|
|t:|1785333893
|move|p2a: Farigiraf|Twin Beam|p1a: Swampert
|-damage|p1a: Swampert|64/100
|-damage|p1a: Swampert|49/100
|-hitcount|p1a: Swampert|2
|move|p1b: Pelipper|Weather Ball|p2b: Kangaskhan
|-damage|p2b: Kangaskhan|49/100
|move|p2b: Kangaskhan|Last Resort|p1a: Swampert
|-damage|p1a: Swampert|0 fnt
|faint|p1a: Swampert
|
|-weather|RainDance|[upkeep]
|upkeep
|
|t:|1785333902
|switch|p1a: Archaludon|Archaludon, L50, F|100/100
|turn|3
|
|t:|1785333907
|move|p1b: Pelipper|Protect|p1b: Pelipper
|-singleturn|p1b: Pelipper|Protect
|move|p2a: Farigiraf|Thunderbolt|p1b: Pelipper
|-activate|p1b: Pelipper|move: Protect
|move|p2b: Kangaskhan|Last Resort|p1b: Pelipper
|-activate|p1b: Pelipper|move: Protect
|move|p1a: Archaludon|Electro Shot||[still]
|-prepare|p1a: Archaludon|Electro Shot
|-boost|p1a: Archaludon|spa|1
|-anim|p1a: Archaludon|Electro Shot|p2a: Farigiraf
|-damage|p2a: Farigiraf|0 fnt
|faint|p2a: Farigiraf
|
|-weather|RainDance|[upkeep]
|upkeep
|
|t:|1785333910
|switch|p2a: Emboar|Emboar, L50, F, shiny|100/100
|turn|4
|
|t:|1785333920
|detailschange|p2a: Emboar|Emboar-Mega, L50, F, shiny
|-mega|p2a: Emboar|Emboar|Emboarite
|-ability|p2a: Emboar|Mold Breaker
|move|p1a: Archaludon|Protect|p1a: Archaludon
|-singleturn|p1a: Archaludon|Protect
|move|p2a: Emboar|Sucker Punch|p1b: Pelipper
|-damage|p1b: Pelipper|69/100
|move|p1b: Pelipper|Weather Ball|p2a: Emboar
|-supereffective|p2a: Emboar|1
|-damage|p2a: Emboar|22/100
|move|p2b: Kangaskhan|Last Resort|p1b: Pelipper
|-damage|p1b: Pelipper|0 fnt
|faint|p1b: Pelipper
|
|-weather|RainDance|[upkeep]
|upkeep
|
|t:|1785333931
|switch|p1b: Sableye|Sableye, L50, M|100/100
|turn|5
|
|t:|1785333941
|switch|p2b: Sinistcha|Sinistcha, L50|100/100
|-heal|p2a: Emboar|46/100|[from] ability: Hospitality|[of] p2b: Sinistcha
|move|p2a: Emboar|Protect|p2a: Emboar
|-singleturn|p2a: Emboar|Protect
|move|p1b: Sableye|Encore|p2a: Emboar
|-activate|p2a: Emboar|move: Protect
|move|p1a: Archaludon|Electro Shot||[still]
|-prepare|p1a: Archaludon|Electro Shot
|-boost|p1a: Archaludon|spa|1
|-anim|p1a: Archaludon|Electro Shot|p2b: Sinistcha
|-resisted|p2b: Sinistcha|1
|-damage|p2b: Sinistcha|59/100
|
|-weather|none
|-fieldend|move: Trick Room
|upkeep
|turn|6
|
|t:|1785333949
|move|p2b: Sinistcha|Rage Powder|p2b: Sinistcha
|-singleturn|p2b: Sinistcha|move: Rage Powder
|move|p1b: Sableye|Reflect|p1b: Sableye
|-sidestart|p1: Astano|Reflect
|move|p1a: Archaludon|Dragon Pulse|p2b: Sinistcha
|-damage|p2b: Sinistcha|0 fnt
|faint|p2b: Sinistcha
|move|p2a: Emboar|Close Combat|p1a: Archaludon
|-supereffective|p1a: Archaludon|1
|-damage|p1a: Archaludon|24/100
|-unboost|p2a: Emboar|def|1
|-unboost|p2a: Emboar|spd|1
|-ability|p1a: Archaludon|Stamina|boost
|-boost|p1a: Archaludon|def|1
|
|-heal|p1a: Archaludon|30/100|[from] item: Leftovers
|upkeep
|j| pika_XT
|
|t:|1785333955
|switch|p2b: Kangaskhan|Kangaskhan, L50, F|49/100
|turn|7
|
|t:|1785333970
|move|p1a: Archaludon|Protect|p1a: Archaludon
|-singleturn|p1a: Archaludon|Protect
|move|p2b: Kangaskhan|Fake Out|p1a: Archaludon
|-activate|p1a: Archaludon|move: Protect
|move|p1b: Sableye|Rain Dance|p1b: Sableye
|-weather|RainDance
|move|p2a: Emboar|Close Combat|p1a: Archaludon
|-activate|p1a: Archaludon|move: Protect
|
|-weather|RainDance|[upkeep]
|-heal|p1a: Archaludon|36/100|[from] item: Leftovers
|upkeep
|turn|8
|
|t:|1785333981
|move|p2a: Emboar|Protect|p2a: Emboar
|-singleturn|p2a: Emboar|Protect
|move|p1b: Sableye|Encore|p2b: Kangaskhan
|-start|p2b: Kangaskhan|Encore
|move|p2b: Kangaskhan|Fake Out||[still]
|-hint|Fake Out only works on your first turn out.
|-fail|p2b: Kangaskhan
|move|p1a: Archaludon|Electro Shot||[still]
|-prepare|p1a: Archaludon|Electro Shot
|-boost|p1a: Archaludon|spa|1
|-anim|p1a: Archaludon|Electro Shot|p2a: Emboar
|-activate|p2a: Emboar|move: Protect
|
|-weather|RainDance|[upkeep]
|-heal|p1a: Archaludon|42/100|[from] item: Leftovers
|upkeep
|turn|9
|-message|vinicio499 forfeited.
|
|win|Astano
|raw|Astano's rating: 1159 → 1184(+25 for winning)
|raw|vinicio499's rating: 1155 → 1130(-25 for losing)
