|j|☆cookbayz
|j|☆1TarsierFan
|html|cookbayz1TarsierFan    
|uhtml|bestof|Game 1 of a best-of-3
|t:|1782405844
|gametype|doubles
|player|p1|cookbayz|dancer|1167
|player|p2|1TarsierFan|pokemaniac|1209
|gen|9
|tier|[Gen 9 Champions] VGC 2026 Reg M-B (Bo3)
|rated|
|rule|Species Clause: Limit one of each Pokémon
|rule|Item Clause: Limit 1 of each item
|clearpoke
|poke|p1|Charizard, L50, F|
|poke|p1|Kingambit, L50, F|
|poke|p1|Farigiraf, L50, F|
|poke|p1|Garchomp, L50, F|
|poke|p1|Aerodactyl, L50, F|
|poke|p1|Sylveon, L50, M|
|poke|p2|Blaziken, L50, F|
|poke|p2|Aerodactyl, L50, M|
|poke|p2|Basculegion, L50, M|
|poke|p2|Kingambit, L50, F|
|poke|p2|Sylveon, L50, F|
|poke|p2|Sinistcha, L50|
|teampreview|4
|showteam|p1|Charizard||CharizarditeY|Blaze|HeatWave,WeatherBall,SolarBeam,Protect|Modest||F|||50|]Kingambit||FocusSash|Defiant|IronHead,SuckerPunch,KowtowCleave,LowKick|Brave||F|||50|]Farigiraf||SitrusBerry|ArmorTail|Thunderbolt,Psychic,TrickRoom,HelpingHand|Bold||F|||50|]Garchomp||LifeOrb|RoughSkin|DragonClaw,Earthquake,Protect,RockSlide|Jolly||F|||50|]Aerodactyl||Aerodactylite|RockHead|RockSlide,DualWingbeat,Tailwind,Protect|Jolly||F|||50|]Sylveon||FairyFeather|Pixilate|HyperVoice,QuickAttack,HyperBeam,Detect|Modest||M|||50|
|showteam|p2|Blaziken||Blazikenite|SpeedBoost|FlareBlitz,RockSlide,CloseCombat,Detect|Adamant||F|||50|]Aerodactyl||Aerodactylite|Unnerve|RockSlide,IceFang,DualWingbeat,Tailwind|Jolly||M|||50|]Basculegion||LifeOrb|Adaptability|WaveCrash,AquaJet,LastRespects,Protect|Adamant||M|||50|]Kingambit||FocusSash|Defiant|KowtowCleave,SuckerPunch,IronHead,LowKick|Adamant||F|||50|]Sylveon||FairyFeather|Pixilate|HyperBeam,HyperVoice,Detect,QuickAttack|Modest||F|||50|]Sinistcha||KasibBerry|Hospitality|MatchaGotcha,RagePowder,TrickRoom,Protect|Bold|||||50|
|inactive|Battle timer is ON: inactive players will automatically lose when time's up. (requested by cookbayz)
|inactive|cookbayz has 60 seconds left.
|inactive|1TarsierFan has 60 seconds left.
|inactive|cookbayz has 30 seconds left.
|
|t:|1782405909
|teamsize|p1|4
|teamsize|p2|4
|start
|switch|p1a: Garchomp|Garchomp, L50, F|100/100
|switch|p1b: Aerodactyl|Aerodactyl, L50, F|100/100
|switch|p2a: Aerodactyl|Aerodactyl, L50, M|100/100
|switch|p2b: Sylveon|Sylveon, L50, F|100/100
|-ability|p2a: Aerodactyl|Unnerve
|turn|1
|inactive|1TarsierFan has 30 seconds left.
|
|t:|1782405937
|detailschange|p2a: Aerodactyl|Aerodactyl-Mega, L50, M
|-mega|p2a: Aerodactyl|Aerodactyl|Aerodactylite
|detailschange|p1b: Aerodactyl|Aerodactyl-Mega, L50, F
|-mega|p1b: Aerodactyl|Aerodactyl|Aerodactylite
|move|p1b: Aerodactyl|Tailwind|p1b: Aerodactyl
|-sidestart|p1: cookbayz|move: Tailwind
|move|p1a: Garchomp|Earthquake|p2b: Sylveon|[spread] p2b
|-immune|p1b: Aerodactyl
|-immune|p2a: Aerodactyl
|-damage|p2b: Sylveon|41/100
|-damage|p1a: Garchomp|90/100|[from] item: Life Orb
|move|p2a: Aerodactyl|Tailwind|p2a: Aerodactyl
|-sidestart|p2: 1TarsierFan|move: Tailwind
|move|p2b: Sylveon|Hyper Voice|p1b: Aerodactyl|[spread] p1a,p1b
|-supereffective|p1a: Garchomp|1
|-crit|p1a: Garchomp
|-damage|p1a: Garchomp|0 fnt
|-damage|p1b: Aerodactyl|40/100
|faint|p1a: Garchomp
|
|upkeep
|
|t:|1782405944
|switch|p1a: Sylveon|Sylveon, L50, M|100/100
|turn|2
|
|t:|1782405966
|move|p1b: Aerodactyl|Rock Slide|p2a: Aerodactyl|[spread] p2a,p2b
|-supereffective|p2a: Aerodactyl|1
|-damage|p2a: Aerodactyl|25/100
|-damage|p2b: Sylveon|10/100
|move|p2a: Aerodactyl|Rock Slide|p1a: Sylveon|[spread] p1a,p1b
|-supereffective|p1b: Aerodactyl|1
|-damage|p1a: Sylveon|71/100
|-damage|p1b: Aerodactyl|0 fnt
|faint|p1b: Aerodactyl
|move|p1a: Sylveon|Hyper Voice|p2a: Aerodactyl|[spread] p2a,p2b
|-damage|p2a: Aerodactyl|0 fnt
|-damage|p2b: Sylveon|0 fnt
|faint|p2a: Aerodactyl
|faint|p2b: Sylveon
|
|upkeep
|
|t:|1782405979
|switch|p1b: Farigiraf|Farigiraf, L50, F|100/100
|switch|p2a: Blaziken|Blaziken, L50, F|100/100
|switch|p2b: Kingambit|Kingambit, L50, F|100/100
|turn|3
|
|t:|1782405995
|move|p2a: Blaziken|Rock Slide|p1b: Farigiraf|[spread] p1a,p1b
|-damage|p1a: Sylveon|46/100
|-damage|p1b: Farigiraf|84/100
|move|p2b: Kingambit|Kowtow Cleave|p1b: Farigiraf
|-supereffective|p1b: Farigiraf|1
|-damage|p1b: Farigiraf|11/100
|-enditem|p1b: Farigiraf|Sitrus Berry|[eat]
|-heal|p1b: Farigiraf|36/100|[from] item: Sitrus Berry
|move|p1a: Sylveon|Hyper Beam|p2b: Kingambit
|-crit|p2b: Kingambit
|-enditem|p2b: Kingambit|Focus Sash
|-damage|p2b: Kingambit|1/100
|-mustrecharge|p1a: Sylveon
|move|p1b: Farigiraf|Thunderbolt|p2b: Kingambit
|-damage|p2b: Kingambit|0 fnt
|faint|p2b: Kingambit
|
|-ability|p2a: Blaziken|Speed Boost|boost
|-boost|p2a: Blaziken|spe|1
|upkeep
|turn|4
|
|t:|1782406017
|move|p2a: Blaziken|Flare Blitz|p1a: Sylveon
|-damage|p1a: Sylveon|0 fnt
|faint|p1a: Sylveon
|-damage|p2a: Blaziken|82/100|[from] Recoil
|move|p1b: Farigiraf|Trick Room|p1b: Farigiraf
|-fieldstart|move: Trick Room|[of] p1b: Farigiraf
|
|-sideend|p1: cookbayz|move: Tailwind
|-sideend|p2: 1TarsierFan|move: Tailwind
|-ability|p2a: Blaziken|Speed Boost|boost
|-boost|p2a: Blaziken|spe|1
|upkeep
|turn|5
|
|t:|1782406034
|move|p1b: Farigiraf|Psychic|p2a: Blaziken
|-supereffective|p2a: Blaziken|1
|-damage|p2a: Blaziken|0 fnt
|faint|p2a: Blaziken
|
|win|cookbayz
||1TarsierFan is ready for game 2.
|inactive|cookbayz has 30 seconds to confirm battle start!
|inactive|cookbayz has 20 seconds to confirm battle start!
|inactive|cookbayz has 10 seconds to confirm battle start!
|uhtml|next|Next: Game 2 of 3
|l|☆cookbayz
|player|p1|
