|j|☆Pawah
|j|☆crudo de fava
|html|Pawahcrudo de fava    
|uhtml|bestof|Game 2 of a best-of-3
|t:|1756553281
|gametype|doubles
|player|p1|Pawah|ethan|1193
|player|p2|crudo de fava|cyclist-gen4|1329
|gen|9
|tier|[Gen 9] VGC 2025 Reg H (Bo3)
|rated|
|rule|Species Clause: Limit one of each Pokémon
|rule|Item Clause: Limit 1 of each item
|clearpoke
|poke|p1|Ursaluna, L50, F|
|poke|p1|Sinistcha, L50|
|poke|p1|Pelipper, L50, F|
|poke|p1|Archaludon, L50, M|
|poke|p1|Gholdengo, L50|
|poke|p1|Dragonite, L50, M|
|poke|p2|Charizard, L50, M|
|poke|p2|Torkoal, L50, F|
|poke|p2|Porygon2, L50|
|poke|p2|Incineroar, L50, F|
|poke|p2|Jumpluff, L50, F|
|poke|p2|Ursaluna, L50, F|
|teampreview|4
|showteam|p1|Ursaluna||FlameOrb|Guts|HeadlongRush,Facade,Protect,Earthquake|||F|||50|,,,,,Ghost]Sinistcha||SitrusBerry|Hospitality|RagePowder,TrickRoom,LifeDew,MatchaGotcha||||||50|,,,,,Dark]Pelipper||FocusSash|Drizzle|Hurricane,Protect,WeatherBall,WideGuard|||F|||50|,,,,,Ghost]Archaludon||AssaultVest|Stamina|ElectroShot,FlashCannon,BodyPress,DracoMeteor|||M|||50|,,,,,Bug]Gholdengo||LifeOrb|GoodasGold|MakeItRain,ShadowBall,NastyPlot,Protect||||||50|,,,,,Water]Dragonite||LoadedDice|Multiscale|Protect,ScaleShot,Tailwind,Haze|||M|||50|,,,,,Fairy
|showteam|p2|Charizard||ChoiceSpecs|SolarPower|HeatWave,Overheat,WeatherBall,AirSlash|||M|||50|,,,,,Ghost]Torkoal||EjectPack|Drought|Eruption,Overheat,HelpingHand,Protect|||F|||50|,,,,,Fire]Porygon2||Eviolite|Download|TeraBlast,IceBeam,Recover,TrickRoom||||||50|,,,,,Fighting]Incineroar||SitrusBerry|Intimidate|FlareBlitz,KnockOff,FakeOut,PartingShot|||F|||50|,,,,,Ghost]Jumpluff||CovertCloak|Chlorophyll|SleepPowder,SunnyDay,RagePowder,Tailwind|||F|||50|,,,,,Water]Ursaluna||FlameOrb|Guts|HeadlongRush,Facade,Earthquake,Protect|||F|||50|,,,,,Ghost
|inactive|Battle timer is ON: inactive players will automatically lose when time's up. (requested by Pawah)
|inactive|crudo de fava has 60 seconds left.
|
|t:|1756553330
|teamsize|p1|4
|teamsize|p2|4
|start
|switch|p1a: Gholdengo|Gholdengo, L50|100/100
|switch|p1b: Dragonite|Dragonite, L50, M|100/100
|switch|p2a: Porygon2|Porygon2, L50|100/100
|switch|p2b: Charizard|Charizard, L50, M|100/100
|-ability|p2a: Porygon2|Download|boost
|-boost|p2a: Porygon2|spa|1
|turn|1
|inactive|crudo de fava has 30 seconds left.
|inactive|crudo de fava has 20 seconds left.
|inactive|crudo de fava has 15 seconds left.
|
|t:|1756553373
|-terastallize|p1a: Gholdengo|Water
|move|p2b: Charizard|Air Slash|p1a: Gholdengo
|-damage|p1a: Gholdengo|45/100
|move|p1a: Gholdengo|Make It Rain|p2b: Charizard|[spread] p2a,p2b
|-resisted|p2b: Charizard
|-damage|p2a: Porygon2|66/100
|-damage|p2b: Charizard|61/100
|-unboost|p1a: Gholdengo|spa|1
|-damage|p1a: Gholdengo|35/100|[from] item: Life Orb
|move|p1b: Dragonite|Scale Shot|p2b: Charizard
|-damage|p2b: Charizard|40/100
|-damage|p2b: Charizard|19/100
|-damage|p2b: Charizard|0 fnt
|faint|p2b: Charizard
|-hitcount|p2: Charizard|3
|-unboost|p1b: Dragonite|def|1
|-boost|p1b: Dragonite|spe|1
|move|p2a: Porygon2|Ice Beam|p1b: Dragonite
|-supereffective|p1b: Dragonite
|-damage|p1b: Dragonite|12/100
|
|upkeep
|
|t:|1756553391
|switch|p2b: Jumpluff|Jumpluff, L50, F|100/100
|turn|2
|inactive|Pawah has 30 seconds left.
|
|t:|1756553423
|move|p1b: Dragonite|Scale Shot|p2a: Porygon2
|-damage|p2a: Porygon2|55/100
|-damage|p2a: Porygon2|45/100
|-damage|p2a: Porygon2|36/100
|-damage|p2a: Porygon2|26/100
|-hitcount|p2a: Porygon2|4
|-unboost|p1b: Dragonite|def|1
|-boost|p1b: Dragonite|spe|1
|move|p2b: Jumpluff|Tailwind|p2b: Jumpluff
|-sidestart|p2: crudo de fava|move: Tailwind
|move|p2a: Porygon2|Tera Blast|p1a: Gholdengo
|-damage|p1a: Gholdengo|0 fnt
|faint|p1a: Gholdengo
|
|upkeep
|inactive|Pawah has 30 seconds left.
|
|t:|1756553453
|switch|p1a: Ursaluna|Ursaluna, L50, F|100/100
|turn|3
|
|t:|1756553471
|move|p2b: Jumpluff|Sleep Powder|p1b: Dragonite
|-status|p1b: Dragonite|slp|[from] move: Sleep Powder
|cant|p1b: Dragonite|slp
|move|p2a: Porygon2|Recover|p2a: Porygon2
|-heal|p2a: Porygon2|76/100
|move|p1a: Ursaluna|Facade|p2a: Porygon2
|-damage|p2a: Porygon2|49/100
|
|-status|p1a: Ursaluna|brn|[from] item: Flame Orb
|upkeep
|turn|4
|inactive|crudo de fava has 30 seconds left.
|inactive|crudo de fava has 20 seconds left.
|inactive|crudo de fava has 15 seconds left.
|
|t:|1756553515
|move|p2b: Jumpluff|Rage Powder|p2b: Jumpluff
|-singleturn|p2b: Jumpluff|move: Rage Powder
|cant|p1b: Dragonite|slp
|move|p2a: Porygon2|Ice Beam|p1a: Ursaluna
|-supereffective|p1a: Ursaluna
|-damage|p1a: Ursaluna|28/100 brn
|move|p1a: Ursaluna|Facade|p2b: Jumpluff
|-damage|p2b: Jumpluff|0 fnt
|faint|p2b: Jumpluff
|
|-damage|p1a: Ursaluna|22/100 brn|[from] brn
|upkeep
|
|t:|1756553520
|switch|p2b: Torkoal|Torkoal, L50, F|100/100
|-weather|SunnyDay|[from] ability: Drought|[of] p2b: Torkoal
|turn|5
|
|t:|1756553544
|switch|p1a: Pelipper|Pelipper, L50, F|100/100
|-weather|RainDance|[from] ability: Drizzle|[of] p1a: Pelipper
|cant|p1b: Dragonite|slp
|move|p2a: Porygon2|Ice Beam|p1a: Pelipper
|-damage|p1a: Pelipper|23/100
|move|p2b: Torkoal|Eruption|p1b: Dragonite|[spread] p1a,p1b
|-resisted|p1a: Pelipper
|-resisted|p1b: Dragonite
|-damage|p1a: Pelipper|2/100
|-damage|p1b: Dragonite|0 fnt
|faint|p1b: Dragonite
|
|-weather|RainDance|[upkeep]
|-sideend|p2: crudo de fava|move: Tailwind
|upkeep
|
|t:|1756553550
|switch|p1b: Ursaluna|Ursaluna, L50, F|22/100 brn
|turn|6
|inactive|crudo de fava has 30 seconds left.
|
|t:|1756553585
|move|p2b: Torkoal|Protect|p2b: Torkoal
|-singleturn|p2b: Torkoal|Protect
|move|p1a: Pelipper|Weather Ball|p2a: Porygon2
|-damage|p2a: Porygon2|0 fnt
|faint|p2a: Porygon2
|move|p1b: Ursaluna|Earthquake|p2b: Torkoal|[spread] 
|-activate|p2b: Torkoal|move: Protect
|-immune|p1a: Pelipper
|
|-weather|RainDance|[upkeep]
|-damage|p1b: Ursaluna|16/100 brn|[from] brn
|upkeep
|turn|7
|-message|crudo de fava forfeited.
|
|win|Pawah
|raw|Pawah's rating: 1193 → 1227(+34 for winning)
|raw|crudo de fava's rating: 1329 → 1302(-27 for losing)
