|j|☆NatRus3
|j|☆JoshSketch
|html|NatRus3JoshSketch    
|uhtml|bestof|Game 1 of a best-of-3
|t:|1757256427
|gametype|doubles
|player|p1|NatRus3|169|1154
|player|p2|JoshSketch|hugh|1034
|gen|9
|tier|[Gen 9] VGC 2025 Reg H (Bo3)
|rated|
|rule|Species Clause: Limit one of each Pokémon
|rule|Item Clause: Limit 1 of each item
|clearpoke
|poke|p1|Pelipper, L50, F|
|poke|p1|Archaludon, L50, M|
|poke|p1|Maushold, L50|
|poke|p1|Basculegion, L50, M|
|poke|p1|Incineroar, L50, M|
|poke|p1|Amoonguss, L50, F|
|poke|p2|Gholdengo, L50|
|poke|p2|Sneasler, L50, M|
|poke|p2|Incineroar, L50, F|
|poke|p2|Amoonguss, L50, F|
|poke|p2|Dragonite, L50, F|
|poke|p2|Ursaluna-Bloodmoon, L50, M|
|teampreview|4
|showteam|p1|Pelipper||FocusSash|Drizzle|MuddyWater,Hurricane,Tailwind,Protect|||F|||50|,,,,,Grass]Archaludon||AssaultVest|Stamina|FlashCannon,ElectroShot,BodyPress,DracoMeteor|||M|||50|,,,,,Grass]Maushold||WideLens|Technician|PopulationBomb,Protect,FollowMe,Taunt||||||50|,,,,,Ghost]Basculegion||LifeOrb|SwiftSwim|AquaJet,LastRespects,WaveCrash,Protect|||M|||50|,,,,,Water]Incineroar||SitrusBerry|Intimidate|FakeOut,KnockOff,FlareBlitz,PartingShot|||M|||50|,,,,,Grass]Amoonguss||RockyHelmet|Regenerator|RagePowder,Spore,PollenPuff,ClearSmog|||F|||50|,,,,,Fairy
|showteam|p2|Gholdengo||LifeOrb|GoodasGold|MakeItRain,ShadowBall,NastyPlot,Protect||||||50|,,,,,Water]Sneasler||FocusSash|PoisonTouch|FakeOut,CloseCombat,DireClaw,Protect|||M|||50|,,,,,Stellar]Incineroar||SafetyGoggles|Intimidate|FakeOut,FlareBlitz,KnockOff,PartingShot|||F|||50|,,,,,Ghost]Amoonguss||SitrusBerry|Regenerator|Spore,RagePowder,PollenPuff,Protect|||F|||50|,,,,,Water]Dragonite||LoadedDice|Multiscale|ScaleShot,Haze,Tailwind,ExtremeSpeed|||F|||50|,,,,,Fairy]Ursaluna-Bloodmoon||AssaultVest|MindsEye|HyperVoice,BloodMoon,EarthPower,VacuumWave|||M|||50|,,,,,Normal
|inactive|Battle timer is ON: inactive players will automatically lose when time's up. (requested by NatRus3)
|inactive|JoshSketch has 60 seconds left.
|
|t:|1757256502
|teamsize|p1|4
|teamsize|p2|4
|start
|switch|p1a: Pelipper|Pelipper, L50, F|100/100
|switch|p1b: Maushold|Maushold, L50|100/100
|switch|p2a: Amoonguss|Amoonguss, L50, F|100/100
|switch|p2b: Incineroar|Incineroar, L50, F, shiny|100/100
|-weather|RainDance|[from] ability: Drizzle|[of] p1a: Pelipper
|-ability|p2b: Incineroar|Intimidate|boost
|-unboost|p1a: Pelipper|atk|1
|-unboost|p1b: Maushold|atk|1
|turn|1
|inactive|NatRus3 has 30 seconds left.
|inactive|JoshSketch has 30 seconds left.
|inactive|NatRus3 has 20 seconds left.
|
|t:|1757256537
|move|p1b: Maushold|Protect|p1b: Maushold
|-singleturn|p1b: Maushold|Protect
|move|p1a: Pelipper|Protect|p1a: Pelipper
|-singleturn|p1a: Pelipper|Protect
|move|p2b: Incineroar|Fake Out|p1a: Pelipper
|-activate|p1a: Pelipper|move: Protect
|move|p2a: Amoonguss|Spore|p1b: Maushold
|-activate|p1b: Maushold|move: Protect
|
|-weather|RainDance|[upkeep]
|upkeep
|turn|2
|inactive|JoshSketch has 30 seconds left.
|inactive|JoshSketch has 20 seconds left.
|
|t:|1757256574
|move|p2a: Amoonguss|Rage Powder|p2a: Amoonguss
|-singleturn|p2a: Amoonguss|move: Rage Powder
|move|p1b: Maushold|Taunt|p2a: Amoonguss
|-start|p2a: Amoonguss|move: Taunt
|move|p1a: Pelipper|Muddy Water|p2b: Incineroar|[spread] p2a,p2b
|-resisted|p2a: Amoonguss
|-supereffective|p2b: Incineroar
|-damage|p2a: Amoonguss|81/100
|-damage|p2b: Incineroar|44/100
|-unboost|p2a: Amoonguss|accuracy|1
|move|p2b: Incineroar|Parting Shot|p1a: Pelipper
|-unboost|p1a: Pelipper|atk|1
|-unboost|p1a: Pelipper|spa|1
|
|t:|1757256584
|switch|p2b: Sneasler|Sneasler, L50, M|100/100|[from] Parting Shot
|
|-weather|RainDance|[upkeep]
|upkeep
|turn|3
|inactive|NatRus3 has 30 seconds left.
|inactive|JoshSketch has 30 seconds left.
|inactive|NatRus3 has 20 seconds left.
|inactive|NatRus3 has 15 seconds left.
|
|t:|1757256628
|switch|p2a: Incineroar|Incineroar, L50, F, shiny|44/100
|-ability|p2a: Incineroar|Intimidate|boost
|-unboost|p1a: Pelipper|atk|1
|-unboost|p1b: Maushold|atk|1
|-terastallize|p2b: Sneasler|Stellar
|move|p1b: Maushold|Protect|p1b: Maushold
|-singleturn|p1b: Maushold|Protect
|move|p2b: Sneasler|Dire Claw|p1a: Pelipper
|-damage|p1a: Pelipper|23/100
|move|p1a: Pelipper|Tailwind|p1a: Pelipper
|-sidestart|p1: NatRus3|move: Tailwind
|
|-weather|RainDance|[upkeep]
|upkeep
|turn|4
|inactive|NatRus3 has 30 seconds left.
|inactive|JoshSketch has 30 seconds left.
|
|t:|1757256665
|switch|p1b: Archaludon|Archaludon, L50, M|100/100
|switch|p2a: Amoonguss|Amoonguss, L50, F|100/100
|move|p1a: Pelipper|Protect|p1a: Pelipper
|-singleturn|p1a: Pelipper|Protect
|move|p2b: Sneasler|Close Combat|p1b: Archaludon
|-supereffective|p1b: Archaludon
|-damage|p1b: Archaludon|0 fnt
|-unboost|p2b: Sneasler|def|1
|-unboost|p2b: Sneasler|spd|1
|faint|p1b: Archaludon
|
|-weather|RainDance|[upkeep]
|upkeep
|
|t:|1757256686
|switch|p1b: Basculegion|Basculegion, L50, M|100/100
|turn|5
|
|t:|1757256704
|move|p2a: Amoonguss|Rage Powder|p2a: Amoonguss
|-singleturn|p2a: Amoonguss|move: Rage Powder
|move|p1b: Basculegion|Last Respects|p2a: Amoonguss
|-damage|p2a: Amoonguss|47/100
|-enditem|p2a: Amoonguss|Sitrus Berry|[eat]
|-heal|p2a: Amoonguss|72/100|[from] item: Sitrus Berry
|-damage|p1b: Basculegion|91/100|[from] item: Life Orb
|move|p1a: Pelipper|Muddy Water|p2b: Sneasler|[spread] p2a,p2b
|-resisted|p2a: Amoonguss
|-damage|p2a: Amoonguss|59/100
|-damage|p2b: Sneasler|44/100
|move|p2b: Sneasler|Dire Claw|p1b: Basculegion
|-resisted|p1b: Basculegion
|-damage|p1b: Basculegion|62/100
|
|-weather|none
|upkeep
|turn|6
|inactive|NatRus3 has 30 seconds left.
|inactive|JoshSketch has 30 seconds left.
|inactive|NatRus3 has 20 seconds left.
|
|t:|1757256739
|switch|p1a: Maushold|Maushold, L50|100/100
|move|p1b: Basculegion|Protect|p1b: Basculegion
|-singleturn|p1b: Basculegion|Protect
|move|p2b: Sneasler|Dire Claw|p1b: Basculegion
|-activate|p1b: Basculegion|move: Protect
|move|p2a: Amoonguss|Spore|p1b: Basculegion
|-activate|p1b: Basculegion|move: Protect
|
|-sideend|p1: NatRus3|move: Tailwind
|upkeep
|turn|7
|inactive|NatRus3 has 30 seconds left.
|inactive|NatRus3 has 20 seconds left.
|
|t:|1757256776
|move|p2b: Sneasler|Protect|p2b: Sneasler
|-singleturn|p2b: Sneasler|Protect
|move|p1a: Maushold|Population Bomb|p2b: Sneasler
|-activate|p2b: Sneasler|move: Protect
|move|p1b: Basculegion|Last Respects|p2b: Sneasler
|-activate|p2b: Sneasler|move: Protect
|move|p2a: Amoonguss|Spore|p1b: Basculegion
|-status|p1b: Basculegion|slp|[from] move: Spore
|
|upkeep
|turn|8
|
|t:|1757256792
|move|p2b: Sneasler|Dire Claw|p1a: Maushold
|-damage|p1a: Maushold|45/100
|-status|p1a: Maushold|psn|[from] ability: Poison Touch|[of] p2b: Sneasler
|move|p1a: Maushold|Population Bomb|p2b: Sneasler
|-crit|p2b: Sneasler
|-damage|p2b: Sneasler|11/100
|-damage|p2b: Sneasler|0 fnt
|faint|p2b: Sneasler
|-hitcount|p2: Sneasler|2
|cant|p1b: Basculegion|slp
|move|p2a: Amoonguss|Pollen Puff|p2: Sneasler|[notarget]
|-fail|p2a: Amoonguss
|
|-damage|p1a: Maushold|33/100 psn|[from] psn
|upkeep
|
|t:|1757256798
|switch|p2b: Ursaluna|Ursaluna-Bloodmoon, L50, M|100/100
|turn|9
|
|t:|1757256821
|move|p1a: Maushold|Protect|p1a: Maushold
|-singleturn|p1a: Maushold|Protect
|-curestatus|p1b: Basculegion|slp|[msg]
|move|p1b: Basculegion|Wave Crash|p2b: Ursaluna
|-supereffective|p2b: Ursaluna
|-damage|p2b: Ursaluna|0 fnt
|faint|p2b: Ursaluna
|-damage|p1b: Basculegion|28/100|[from] Recoil
|-damage|p1b: Basculegion|19/100|[from] item: Life Orb
|move|p2a: Amoonguss|Pollen Puff|p2: Ursaluna|[notarget]
|-fail|p2a: Amoonguss
|
|-damage|p1a: Maushold|21/100 psn|[from] psn
|upkeep
|
|t:|1757256830
|switch|p2b: Incineroar|Incineroar, L50, F, shiny|44/100
|-ability|p2b: Incineroar|Intimidate|boost
|-unboost|p1a: Maushold|atk|1
|-unboost|p1b: Basculegion|atk|1
|turn|10
|inactive|NatRus3 has 30 seconds left.
|inactive|JoshSketch has 30 seconds left.
|
|t:|1757256862
|switch|p1b: Pelipper|Pelipper, L50, F|23/100
|-weather|RainDance|[from] ability: Drizzle|[of] p1b: Pelipper
|-terastallize|p1a: Maushold|Ghost
|move|p2b: Incineroar|Fake Out|p1a: Maushold
|-immune|p1a: Maushold
|move|p2a: Amoonguss|Rage Powder|p2a: Amoonguss
|-singleturn|p2a: Amoonguss|move: Rage Powder
|move|p1a: Maushold|Taunt|p2a: Amoonguss
|-start|p2a: Amoonguss|move: Taunt
|
|-weather|RainDance|[upkeep]
|-damage|p1a: Maushold|9/100 psn|[from] psn
|upkeep
|turn|11
|
|t:|1757256885
|move|p1a: Maushold|Population Bomb|p2b: Incineroar
|-crit|p2b: Incineroar
|-damage|p2b: Incineroar|30/100
|-damage|p2b: Incineroar|24/100
|-damage|p2b: Incineroar|18/100
|-damage|p2b: Incineroar|12/100
|-damage|p2b: Incineroar|6/100
|-damage|p2b: Incineroar|0 fnt
|faint|p2b: Incineroar
|-hitcount|p2: Incineroar|6
|move|p1b: Pelipper|Hurricane|p2a: Amoonguss
|-supereffective|p2a: Amoonguss
|-damage|p2a: Amoonguss|0 fnt
|faint|p2a: Amoonguss
|
|win|NatRus3
