|j|☆TORVEX
|j|☆redoctober91
|html|TORVEXredoctober91    
|uhtml|bestof|Game 3 of a best-of-3
|t:|1757906597
|gametype|doubles
|player|p1|TORVEX|acetrainer-gen4dp|1174
|player|p2|redoctober91|169|1087
|gen|9
|tier|[Gen 9] VGC 2025 Reg H (Bo3)
|rated|
|rule|Species Clause: Limit one of each Pokémon
|rule|Item Clause: Limit 1 of each item
|clearpoke
|poke|p1|Volcarona, L50, F|
|poke|p1|Rillaboom, L50, F|
|poke|p1|Electabuzz, L50, M|
|poke|p1|Ninetales-Alola, L50, M|
|poke|p1|Garchomp, L50, F|
|poke|p1|Kingambit, L50, F|
|poke|p2|Amoonguss, L50, F|
|poke|p2|Incineroar, L50, F|
|poke|p2|Kingambit, L50, F|
|poke|p2|Ninetales-Alola, L50, F|
|poke|p2|Garchomp, L50, M|
|poke|p2|Dragonite, L50, F|
|teampreview|4
|showteam|p1|Volcarona||GrassySeed|FlameBody|Protect,QuiverDance,HeatWave,TeraBlast|||F|||50|,,,,,Fairy]Rillaboom||AssaultVest|GrassySurge|FakeOut,GrassyGlide,WoodHammer,Uturn|||F|||50|,,,,,Fire]Electabuzz||Eviolite|VitalSpirit|Protect,FollowMe,Electroweb,Thunderbolt|||M|||50|,,,,,Water]Ninetales-Alola||FocusSash|SnowWarning|AuroraVeil,Blizzard,IcyWind,Protect|||M|||50|,,,,,Steel]Garchomp||LifeOrb|RoughSkin|Protect,DragonClaw,StompingTantrum,RockSlide|||F|||50|,,,,,Steel]Kingambit||SafetyGoggles|Defiant|SwordsDance,KowtowCleave,SuckerPunch,Protect|||F|||50|,,,,,Fire
|showteam|p2|Amoonguss||SitrusBerry|Regenerator|Protect,PollenPuff,Spore,RagePowder|||F|||50|,,,,,Fairy]Incineroar||RockyHelmet|Intimidate|FakeOut,FlareBlitz,KnockOff,PartingShot|||F|||50|,,,,,Grass]Kingambit||SafetyGoggles|Defiant|KowtowCleave,SuckerPunch,SwordsDance,Protect|||F|||50|,,,,,Dark]Ninetales-Alola||ChoiceSpecs|SnowWarning|Blizzard,DazzlingGleam,FreezeDry,Moonblast|||F|||50|,,,,,Ice]Garchomp||ChoiceBand|RoughSkin|DragonClaw,Earthquake,StompingTantrum,RockSlide|||M|||50|,,,,,Steel]Dragonite||AssaultVest|Multiscale|TeraBlast,ExtremeSpeed,IceSpinner,LowKick|||F|||50|,,,,,Flying
|inactive|Battle timer is ON: inactive players will automatically lose when time's up. (requested by TORVEX)
|inactive|TORVEX has 60 seconds left.
|
|t:|1757906656
|teamsize|p1|4
|teamsize|p2|4
|start
|switch|p1a: Ninetales|Ninetales-Alola, L50, M|100/100
|switch|p1b: Garchomp|Garchomp, L50, F|100/100
|switch|p2a: Garchomp|Garchomp, L50, M, shiny|100/100
|switch|p2b: Dragonite|Dragonite, L50, F|100/100
|-weather|Snowscape|[from] ability: Snow Warning|[of] p1a: Ninetales
|turn|1
|inactive|redoctober91 has 30 seconds left.
|
|t:|1757906686
|-terastallize|p2a: Garchomp|Steel
|move|p1a: Ninetales|Blizzard|p2b: Dragonite|[spread] p2a,p2b
|-resisted|p2a: Garchomp
|-supereffective|p2b: Dragonite
|-damage|p2a: Garchomp|83/100
|-damage|p2b: Dragonite|59/100
|move|p2a: Garchomp|Earthquake|p1b: Garchomp|[spread] p1a,p1b
|-immune|p2b: Dragonite
|-damage|p1a: Ninetales|49/100
|-damage|p1b: Garchomp|48/100
|move|p1b: Garchomp|Stomping Tantrum|p2a: Garchomp
|-supereffective|p2a: Garchomp
|-damage|p2a: Garchomp|0 fnt
|-damage|p1b: Garchomp|36/100|[from] ability: Rough Skin|[of] p2a: Garchomp
|faint|p2a: Garchomp
|-damage|p1b: Garchomp|26/100|[from] item: Life Orb
|move|p2b: Dragonite|Ice Spinner|p1b: Garchomp
|-supereffective|p1b: Garchomp
|-damage|p1b: Garchomp|0 fnt
|-damage|p2b: Dragonite|47/100|[from] ability: Rough Skin|[of] p1b: Garchomp
|faint|p1b: Garchomp
|
|-weather|Snowscape|[upkeep]
|upkeep
|
|t:|1757906708
|switch|p1b: Rillaboom|Rillaboom, L50, F|100/100
|switch|p2a: Ninetales|Ninetales-Alola, L50, F, shiny|100/100
|-fieldstart|move: Grassy Terrain|[from] ability: Grassy Surge|[of] p1b: Rillaboom
|turn|2
|
|t:|1757906724
|-terastallize|p1b: Rillaboom|Fire
|move|p1b: Rillaboom|Fake Out|p2a: Ninetales
|-damage|p2a: Ninetales|89/100
|move|p2b: Dragonite|Extreme Speed|p1a: Ninetales
|-damage|p1a: Ninetales|20/100
|cant|p2a: Ninetales|flinch
|move|p1a: Ninetales|Aurora Veil|p1a: Ninetales
|-sidestart|p1: TORVEX|move: Aurora Veil
|
|-weather|Snowscape|[upkeep]
|-heal|p2a: Ninetales|95/100|[from] Grassy Terrain
|-heal|p1a: Ninetales|26/100|[from] Grassy Terrain
|upkeep
|turn|3
|
|t:|1757906742
|move|p2b: Dragonite|Extreme Speed|p1a: Ninetales
|-damage|p1a: Ninetales|6/100
|move|p1a: Ninetales|Blizzard|p2b: Dragonite|[spread] p2a,p2b
|-resisted|p2a: Ninetales
|-supereffective|p2b: Dragonite
|-damage|p2a: Ninetales|78/100
|-damage|p2b: Dragonite|0 fnt
|faint|p2b: Dragonite
|move|p2a: Ninetales|Dazzling Gleam|p1b: Rillaboom|[spread] p1a,p1b
|-resisted|p1b: Rillaboom
|-damage|p1a: Ninetales|0 fnt
|-damage|p1b: Rillaboom|94/100
|faint|p1a: Ninetales
|move|p1b: Rillaboom|U-turn|p2a: Ninetales
|-resisted|p2a: Ninetales
|-damage|p2a: Ninetales|68/100
|
|t:|1757906762
|switch|p1b: Volcarona|Volcarona, L50, F|100/100|[from] U-turn
|-enditem|p1b: Volcarona|Grassy Seed
|-boost|p1b: Volcarona|def|1|[from] item: Grassy Seed
|
|-weather|Snowscape|[upkeep]
|-heal|p2a: Ninetales|74/100|[from] Grassy Terrain
|upkeep
|
|t:|1757906769
|switch|p1a: Rillaboom|Rillaboom, L50, F, tera:Fire|94/100
|switch|p2b: Amoonguss|Amoonguss, L50, F, shiny|100/100
|turn|4
|
|t:|1757906782
|move|p1a: Rillaboom|Fake Out|p2b: Amoonguss
|-damage|p2b: Amoonguss|87/100
|move|p2a: Ninetales|Dazzling Gleam|p1b: Volcarona|[spread] p1a,p1b
|-resisted|p1a: Rillaboom
|-resisted|p1b: Volcarona
|-damage|p1a: Rillaboom|87/100
|-damage|p1b: Volcarona|92/100
|move|p1b: Volcarona|Quiver Dance|p1b: Volcarona
|-boost|p1b: Volcarona|spa|1
|-boost|p1b: Volcarona|spd|1
|-boost|p1b: Volcarona|spe|1
|cant|p2b: Amoonguss|flinch
|
|-weather|Snowscape|[upkeep]
|-heal|p1b: Volcarona|98/100|[from] Grassy Terrain
|-heal|p2a: Ninetales|81/100|[from] Grassy Terrain
|-heal|p1a: Rillaboom|93/100|[from] Grassy Terrain
|-heal|p2b: Amoonguss|93/100|[from] Grassy Terrain
|upkeep
|turn|5
|
|t:|1757906797
|move|p1b: Volcarona|Heat Wave|p2b: Amoonguss|[spread] p2a,p2b
|-supereffective|p2a: Ninetales
|-supereffective|p2b: Amoonguss
|-damage|p2a: Ninetales|0 fnt
|-damage|p2b: Amoonguss|0 fnt
|faint|p2a: Ninetales
|faint|p2b: Amoonguss
|
|win|TORVEX
|raw|TORVEX's rating: 1174 → 1193(+19 for winning)
|raw|redoctober91's rating: 1087 → 1070(-17 for losing)
|l|☆redoctober91
|player|p2|
