|j|☆AtomicTwilight
|j|☆senthe
|html|AtomicTwilightsenthe    
|uhtml|bestof|Game 2 of a best-of-3
|t:|1784046632
|gametype|doubles
|player|p1|AtomicTwilight|101|
|player|p2|senthe|266|
|gen|9
|tier|[Gen 9 Champions] VGC 2026 Reg M-B (Bo3)
|rule|Species Clause: Limit one of each Pokémon
|rule|Item Clause: Limit 1 of each item
|clearpoke
|poke|p1|Greninja, L50, M|
|poke|p1|Slowking-Galar, L50, F|
|poke|p1|Klefki, L50, F|
|poke|p1|Krookodile, L50, M|
|poke|p1|Rotom-Frost, L50|
|poke|p1|Skarmory, L50, M|
|poke|p2|Scolipede, L50, F|
|poke|p2|Greninja, L50, F|
|poke|p2|Liepard, L50, F|
|poke|p2|Noivern, L50, F, shiny|
|poke|p2|Diggersby, L50, F|
|poke|p2|Mr. Rime, L50, F|
|teampreview|4
|showteam|p1|Greninja||Greninjite|Torrent|Extrasensory,Blizzard,Protect,DarkPulse|Timid||M|||50|]Slowking-Galar||Leftovers|Regenerator|ChillyReception,Protect,Toxic,AcidSpray|Calm||F|||50|]Klefki||LightClay|Prankster|Reflect,LightScreen,ThunderWave,DazzlingGleam|Bold||F|||50|]Krookodile||LifeOrb|Intimidate|Earthquake,KnockOff,CloseCombat,Protect|Jolly||M|||50|]Rotom-Frost||ChoiceScarf|Levitate|Blizzard,Discharge,VoltSwitch,Electroweb|Timid|||||50|]Skarmory||Skarmorite|Sturdy|Tailwind,Taunt,BraveBird,BodyPress|Jolly||M|||50|
|showteam|p2|Scolipede||Scolipite|SpeedBoost|PoisonJab,LeechLife,StompingTantrum,Protect|Adamant||F|||50|]Greninja||Greninjite|Protean|HydroCannon,DarkPulse,IceBeam,Protect|Modest||F|||50|]Liepard||FocusSash|Prankster|FakeOut,SuckerPunch,Yawn,Protect|Jolly||F|||50|]Noivern||LifeOrb|Infiltrator|DracoMeteor,AirSlash,Tailwind,Protect|Timid||F|||50|]Diggersby||WhiteHerb|HugePower|Superpower,HighHorsepower,RockSlide,Protect|Adamant||F|||50|]Mr. Rime||SitrusBerry|ScreenCleaner|FakeOut,IceBeam,Thunderbolt,Protect|Modest||F|||50|
|c|☆AtomicTwilight|Nice game 1 :3
|
|t:|1784046719
|teamsize|p1|4
|teamsize|p2|4
|start
|switch|p1a: Skarmory|Skarmory, L50, M|100/100
|switch|p1b: Rotom|Rotom-Frost, L50|100/100
|switch|p2a: Noivern|Noivern, L50, F, shiny|100/100
|switch|p2b: Scolipede|Scolipede, L50, F|100/100
|turn|1
|
|t:|1784046743
|move|p2b: Scolipede|Protect|p2b: Scolipede
|-singleturn|p2b: Scolipede|Protect
|move|p1b: Rotom|Electroweb|p2b: Scolipede|[spread] p2a
|-activate|p2b: Scolipede|move: Protect
|-damage|p2a: Noivern|75/100
|-unboost|p2a: Noivern|spe|1
|move|p1a: Skarmory|Tailwind|p1a: Skarmory
|-sidestart|p1: AtomicTwilight|move: Tailwind
|move|p2a: Noivern|Tailwind|p2a: Noivern
|-sidestart|p2: senthe|move: Tailwind
|
|-ability|p2b: Scolipede|Speed Boost|boost
|-boost|p2b: Scolipede|spe|1
|upkeep
|turn|2
|
|t:|1784046787
|detailschange|p2b: Scolipede|Scolipede-Mega, L50, F
|-mega|p2b: Scolipede|Scolipede|Scolipite
|detailschange|p1a: Skarmory|Skarmory-Mega, L50, M
|-mega|p1a: Skarmory|Skarmory|Skarmorite
|move|p1b: Rotom|Electroweb|p2a: Noivern|[spread] p2a,p2b
|-damage|p2a: Noivern|51/100
|-damage|p2b: Scolipede|78/100
|-unboost|p2a: Noivern|spe|1
|-unboost|p2b: Scolipede|spe|1
|move|p1a: Skarmory|Brave Bird|p2b: Scolipede
|-supereffective|p2b: Scolipede|1
|-damage|p2b: Scolipede|0 fnt
|faint|p2b: Scolipede
|-damage|p1a: Skarmory|76/100|[from] Recoil
|move|p2a: Noivern|Air Slash|p1a: Skarmory
|-resisted|p1a: Skarmory|1
|-damage|p1a: Skarmory|54/100
|-damage|p2a: Noivern|41/100|[from] item: Life Orb
|
|upkeep
|c|☆senthe|no idea how did you outspeed, interesting
|
|t:|1784046824
|switch|p2b: Liepard|Liepard, L50, F|100/100
|turn|3
|
|t:|1784046852
|switch|p1a: Krookodile|Krookodile, L50, M|100/100
|-ability|p1a: Krookodile|Intimidate|boost
|-unboost|p2a: Noivern|atk|1
|-unboost|p2b: Liepard|atk|1
|switch|p2a: Diggersby|Diggersby, L50, F|100/100
|move|p2b: Liepard|Fake Out|p1b: Rotom
|-damage|p1b: Rotom|92/100
|cant|p1b: Rotom|flinch
|
|upkeep
|turn|4
|
|t:|1784046900
|switch|p1b: Skarmory|Skarmory-Mega, L50, M|54/100
|move|p2b: Liepard|Yawn|p1b: Skarmory
|-start|p1b: Skarmory|move: Yawn|[of] p2b: Liepard
|move|p1a: Krookodile|Earthquake|p2b: Liepard|[spread] p2a,p2b
|-immune|p1b: Skarmory
|-damage|p2a: Diggersby|41/100
|-damage|p2b: Liepard|13/100
|-damage|p1a: Krookodile|90/100|[from] item: Life Orb
|move|p2a: Diggersby|High Horsepower|p1a: Krookodile
|-damage|p1a: Krookodile|5/100
|
|-sideend|p2: senthe|move: Tailwind
|-sideend|p1: AtomicTwilight|move: Tailwind
|upkeep
|turn|5
|
|t:|1784046959
|switch|p1b: Rotom|Rotom-Frost, L50|92/100
|switch|p2a: Noivern|Noivern, L50, F, shiny|41/100
|move|p1a: Krookodile|Protect|p1a: Krookodile
|-singleturn|p1a: Krookodile|Protect
|move|p2b: Liepard|Sucker Punch||[still]
|-fail|p2b: Liepard
|
|upkeep
|turn|6
|
|t:|1784046994
|move|p2b: Liepard|Yawn|p1b: Rotom
|-start|p1b: Rotom|move: Yawn|[of] p2b: Liepard
|move|p1b: Rotom|Blizzard|p2a: Noivern|[spread] p2a,p2b
|-supereffective|p2a: Noivern|2
|-crit|p2a: Noivern
|-damage|p2a: Noivern|0 fnt
|-damage|p2b: Liepard|0 fnt
|faint|p2a: Noivern
|faint|p2b: Liepard
|move|p1a: Krookodile|Earthquake|p1b: Rotom
|-immune|p1b: Rotom|[from] ability: Levitate
|
|upkeep
|
|t:|1784047001
|switch|p2a: Diggersby|Diggersby, L50, F|41/100
|turn|7
|
|t:|1784047015
|move|p1b: Rotom|Blizzard|p2a: Diggersby
|-supereffective|p2a: Diggersby|1
|-damage|p2a: Diggersby|0 fnt
|faint|p2a: Diggersby
|
|win|AtomicTwilight
|c|☆senthe|gg
|c|☆AtomicTwilight|Ggwp :)
|c|☆senthe|I should've brought greninja most likely, but I really wanted to see how scolipede feels
|c|☆senthe|so far, as awful as usual xD
|l|☆AtomicTwilight
|player|p1|
