|j|☆dmac55
|j|☆breloomb01
|html|dmac55breloomb01    
|uhtml|bestof|Game 2 of a best-of-3
|t:|1785873297
|gametype|doubles
|player|p1|dmac55|2|1256
|player|p2|breloomb01|roughneck|1331
|gen|9
|tier|[Gen 9 Champions] VGC 2026 Reg M-B (Bo3)
|rated|
|rule|Species Clause: Limit one of each Pokémon
|rule|Item Clause: Limit 1 of each item
|clearpoke
|poke|p1|Vanilluxe, L50, F|
|poke|p1|Kingambit, L50, F|
|poke|p1|Raichu, L50, M|
|poke|p1|Basculegion, L50, M|
|poke|p1|Volcarona, L50, F|
|poke|p1|Garchomp, L50, M|
|poke|p2|Floette-Eternal, L50, F|
|poke|p2|Incineroar, L50, M|
|poke|p2|Sinistcha, L50|
|poke|p2|Garchomp, L50, M|
|poke|p2|Sneasler, L50, M|
|poke|p2|Rotom-Wash, L50|
|teampreview|4
|showteam|p1|Vanilluxe||NeverMeltIce|SnowWarning|Blizzard,FreezeDry,IceShard,Protect|Modest||F|||50|]Kingambit||BlackGlasses|Defiant|KowtowCleave,SuckerPunch,IronHead,Protect|Adamant||F|||50|]Raichu||RaichuniteY|LightningRod|FakeOut,ZapCannon,FocusBlast,Protect|Timid||M|||50|]Basculegion||ChoiceScarf|Adaptability|LastRespects,WaveCrash,AquaJet,FlipTurn|Jolly||M|||50|]Volcarona||SitrusBerry|FlameBody|Tailwind,RagePowder,HeatWave,AirSlash|Bold||F|||50|]Garchomp||LifeOrb|RoughSkin|DragonClaw,StompingTantrum,RockSlide,Protect|Jolly||M|||50|
|showteam|p2|Floette-Eternal||Floettite|FlowerVeil|DrainingKiss,DazzlingGleam,CalmMind,Protect|Modest||F|||50|]Incineroar||SitrusBerry|Intimidate|FakeOut,FlareBlitz,ThroatChop,PartingShot|Careful||M|||50|]Sinistcha||KasibBerry|Hospitality|Protect,RagePowder,MatchaGotcha,TrickRoom|Calm|||||50|]Garchomp||LifeOrb|RoughSkin|Earthquake,DragonClaw,RockSlide,Protect|Jolly||M|||50|]Sneasler||WhiteHerb|Unburden|FakeOut,DireClaw,CloseCombat,Protect|Jolly||M|||50|]Rotom-Wash||Leftovers|Levitate|HydroPump,Protect,WillOWisp,Electroweb|Bold|||||50|
|
|t:|1785873330
|teamsize|p1|4
|teamsize|p2|4
|start
|switch|p1a: Kingambit|Kingambit, L50, F|100/100
|switch|p1b: Vanilluxe|Vanilluxe, L50, F|100/100
|switch|p2a: Garchomp|Garchomp, L50, M|100/100
|switch|p2b: Rotom|Rotom-Wash, L50|100/100
|-weather|Snowscape|[from] ability: Snow Warning|[of] p1b: Vanilluxe
|turn|1
|
|t:|1785873350
|move|p2a: Garchomp|Earthquake|p1a: Kingambit|[spread] p1a,p1b
|-immune|p2b: Rotom|[from] ability: Levitate
|-supereffective|p1a: Kingambit|1
|-damage|p1a: Kingambit|21/100
|-damage|p1b: Vanilluxe|58/100
|-damage|p2a: Garchomp|90/100|[from] item: Life Orb
|move|p2b: Rotom|Hydro Pump|p1b: Vanilluxe
|-damage|p1b: Vanilluxe|17/100
|move|p1b: Vanilluxe|Blizzard|p2b: Rotom|[spread] p2a,p2b
|-supereffective|p2a: Garchomp|2
|-resisted|p2b: Rotom|1
|-damage|p2a: Garchomp|0 fnt
|-damage|p2b: Rotom|73/100
|-status|p2b: Rotom|frz
|faint|p2a: Garchomp
|move|p1a: Kingambit|Kowtow Cleave|p2b: Rotom
|-damage|p2b: Rotom|17/100 frz
|
|-weather|Snowscape|[upkeep]
|-heal|p2b: Rotom|23/100 frz|[from] item: Leftovers
|upkeep
|
|t:|1785873357
|switch|p2a: Floette|Floette-Eternal, L50, F|100/100
|turn|2
|
|t:|1785873389
|detailschange|p2a: Floette|Floette-Mega, L50, F
|-mega|p2a: Floette|Floette|Floettite
|-ability|p2a: Floette|Fairy Aura
|move|p1b: Vanilluxe|Ice Shard|p2a: Floette
|-damage|p2a: Floette|83/100
|move|p1a: Kingambit|Sucker Punch|p2a: Floette
|-resisted|p2a: Floette|1
|-damage|p2a: Floette|57/100
|move|p2a: Floette|Dazzling Gleam|p1b: Vanilluxe|[spread] p1a,p1b
|-damage|p1a: Kingambit|0 fnt
|-damage|p1b: Vanilluxe|0 fnt
|faint|p1a: Kingambit
|faint|p1b: Vanilluxe
|-curestatus|p2b: Rotom|frz|[msg]
|move|p2b: Rotom|Will-O-Wisp|p1: Kingambit|[notarget]
|-fail|p2b: Rotom
|
|-weather|Snowscape|[upkeep]
|-heal|p2b: Rotom|29/100|[from] item: Leftovers
|upkeep
|
|t:|1785873406
|switch|p1b: Basculegion|Basculegion, L50, M|100/100
|switch|p1a: Raichu|Raichu, L50, M|100/100
|turn|3
|
|t:|1785873416
|detailschange|p1a: Raichu|Raichu-Mega-Y, L50, M
|-mega|p1a: Raichu|Raichu|Raichunite Y
|move|p2a: Floette|Protect|p2a: Floette
|-singleturn|p2a: Floette|Protect
|move|p2b: Rotom|Protect|p2b: Rotom
|-singleturn|p2b: Rotom|Protect
|move|p1b: Basculegion|Last Respects|p2a: Floette
|-activate|p2a: Floette|move: Protect
|move|p1a: Raichu|Focus Blast|p2b: Rotom
|-activate|p2b: Rotom|move: Protect
|
|-weather|Snowscape|[upkeep]
|-heal|p2b: Rotom|35/100|[from] item: Leftovers
|upkeep
|turn|4
|
|t:|1785873437
|switch|p2a: Incineroar|Incineroar, L50, M|100/100
|-ability|p2a: Incineroar|Intimidate|boost
|-unboost|p1a: Raichu|atk|1
|-unboost|p1b: Basculegion|atk|1
|move|p1b: Basculegion|Last Respects|p2a: Incineroar
|-resisted|p2a: Incineroar|1
|-damage|p2a: Incineroar|74/100
|move|p1a: Raichu|Focus Blast|p2b: Rotom
|-damage|p2b: Rotom|0 fnt
|faint|p2b: Rotom
|
|-weather|Snowscape|[upkeep]
|upkeep
|
|t:|1785873447
|switch|p2b: Floette|Floette-Mega, L50, F|57/100
|-ability|p2b: Floette|Fairy Aura
|turn|5
|
|t:|1785873454
|move|p1a: Raichu|Protect|p1a: Raichu
|-singleturn|p1a: Raichu|Protect
|move|p2a: Incineroar|Fake Out|p1a: Raichu
|-activate|p1a: Raichu|move: Protect
|move|p1b: Basculegion|Last Respects|p2b: Floette
|-damage|p2b: Floette|0 fnt
|faint|p2b: Floette
|
|-weather|none
|upkeep
|turn|6
|-message|breloomb01 forfeited.
|
|win|dmac55
||breloomb01 is ready for game 3.
