|j|☆OdeioPeugeot
|j|☆Prepucio Santos
|html|OdeioPeugeotPrepucio Santos    
|uhtml|bestof|Game 1 of a best-of-3
|t:|1783436821
|gametype|doubles
|player|p1|OdeioPeugeot|swimmer-gen4dp|1255
|player|p2|Prepucio Santos|striker|1309
|gen|9
|tier|[Gen 9 Champions] VGC 2026 Reg M-B (Bo3)
|rated|
|rule|Species Clause: Limit one of each Pokémon
|rule|Item Clause: Limit 1 of each item
|clearpoke
|poke|p1|Scovillain, L50, F|
|poke|p1|Basculegion, L50, M|
|poke|p1|Pelipper, L50, M|
|poke|p1|Archaludon, L50, F|
|poke|p1|Floette-Eternal, L50, F|
|poke|p1|Grimmsnarl, L50, M|
|poke|p2|Incineroar, L50, F|
|poke|p2|Sinistcha-Masterpiece, L50, shiny|
|poke|p2|Floette-Eternal, L50, F|
|poke|p2|Kingambit, L50, F|
|poke|p2|Sneasler, L50, M|
|poke|p2|Delphox, L50, F, shiny|
|teampreview|4
|showteam|p1|Scovillain||Scovillainite|Moody|Overheat,LeechSeed,RagePowder,Protect|Calm||F|||50|]Basculegion||LifeOrb|SwiftSwim|WaveCrash,AquaJet,LastRespects,Protect|Adamant||M|||50|]Pelipper||SitrusBerry|Drizzle|Hurricane,Tailwind,WeatherBall,Protect|Modest||M|||50|]Archaludon||Leftovers|Stamina|ElectroShot,FlashCannon,DragonPulse,Protect|Modest||F|||50|]Floette-Eternal||Floettite|FlowerVeil|Moonblast,DazzlingGleam,LightofRuin,Protect|Modest||F|||50|]Grimmsnarl||LightClay|Prankster|FoulPlay,PartingShot,Reflect,LightScreen|Calm||M|||50|
|showteam|p2|Incineroar||SitrusBerry|Intimidate|FakeOut,PartingShot,ThroatChop,FlareBlitz|Careful||F|||50|]Sinistcha-Masterpiece||KasibBerry|Hospitality|MatchaGotcha,LifeDew,RagePowder,TrickRoom|Bold|||||50|]Floette-Eternal||Floettite|FlowerVeil|Moonblast,DazzlingGleam,CalmMind,Protect|Modest||F|||50|]Kingambit||BlackGlasses|Defiant|KowtowCleave,SuckerPunch,SwordsDance,Protect|Adamant||F|||50|]Sneasler||FocusSash|PoisonTouch|FakeOut,CloseCombat,DireClaw,QuickGuard|Jolly||M|||50|]Delphox||Delphoxite|Blaze|HeatWave,Psyshock,NastyPlot,Protect|Timid||F|||50|
|inactive|Battle timer is ON: inactive players will automatically lose when time's up. (requested by OdeioPeugeot)
|inactive|OdeioPeugeot has 60 seconds left.
|
|t:|1783436852
|teamsize|p1|4
|teamsize|p2|4
|start
|switch|p1a: Scovillain|Scovillain, L50, F|100/100
|switch|p1b: Grimmsnarl|Grimmsnarl, L50, M|100/100
|switch|p2a: Incineroar|Incineroar, L50, F|100/100
|switch|p2b: Floette|Floette-Eternal, L50, F|100/100
|-ability|p2a: Incineroar|Intimidate|boost
|-unboost|p1a: Scovillain|atk|1
|-unboost|p1b: Grimmsnarl|atk|1
|turn|1
|
|t:|1783436874
|switch|p1b: Pelipper|Pelipper, L50, M|100/100
|-weather|RainDance|[from] ability: Drizzle|[of] p1b: Pelipper
|detailschange|p2b: Floette|Floette-Mega, L50, F
|-mega|p2b: Floette|Floette|Floettite
|-ability|p2b: Floette|Fairy Aura
|move|p2a: Incineroar|Fake Out|p1b: Pelipper
|-damage|p1b: Pelipper|87/100
|move|p2b: Floette|Calm Mind|p2b: Floette
|-boost|p2b: Floette|spa|1
|-boost|p2b: Floette|spd|1
|move|p1a: Scovillain|Leech Seed|p2b: Floette
|-start|p2b: Floette|move: Leech Seed
|
|-weather|RainDance|[upkeep]
|-damage|p2b: Floette|87/100|[from] Leech Seed|[of] p1a: Scovillain
|-ability|p1a: Scovillain|Moody|boost
|-boost|p1a: Scovillain|spe|2
|-unboost|p1a: Scovillain|spd|1
|upkeep
|turn|2
|
|t:|1783436894
|move|p1a: Scovillain|Leech Seed|p2a: Incineroar
|-start|p2a: Incineroar|move: Leech Seed
|move|p2b: Floette|Dazzling Gleam|p1a: Scovillain|[spread] p1a,p1b
|-resisted|p1a: Scovillain|1
|-damage|p1a: Scovillain|28/100
|-damage|p1b: Pelipper|0 fnt
|faint|p1b: Pelipper
|move|p2a: Incineroar|Parting Shot|p1a: Scovillain
|-unboost|p1a: Scovillain|atk|1
|-unboost|p1a: Scovillain|spa|1
|
|t:|1783436898
|switch|p2a: Sinistcha|Sinistcha-Masterpiece, L50, shiny|100/100|[from] Parting Shot
|-heal|p2b: Floette|100/100|[from] ability: Hospitality|[of] p2a: Sinistcha
|
|-weather|RainDance|[upkeep]
|-damage|p2b: Floette|87/100|[from] Leech Seed|[of] p1a: Scovillain
|-heal|p1a: Scovillain|41/100|[silent]
|-ability|p1a: Scovillain|Moody|boost
|-boost|p1a: Scovillain|def|2
|-unboost|p1a: Scovillain|atk|1
|upkeep
|
|t:|1783436912
|switch|p1b: Grimmsnarl|Grimmsnarl, L50, M|100/100
|turn|3
|
|t:|1783436927
|switch|p2a: Incineroar|Incineroar, L50, F|100/100
|-ability|p2a: Incineroar|Intimidate|boost
|-unboost|p1a: Scovillain|atk|1
|-unboost|p1b: Grimmsnarl|atk|1
|move|p1a: Scovillain|Protect|p1a: Scovillain
|-singleturn|p1a: Scovillain|Protect
|move|p1b: Grimmsnarl|Light Screen|p1b: Grimmsnarl
|-sidestart|p1: OdeioPeugeot|move: Light Screen
|move|p2b: Floette|Dazzling Gleam|p1a: Scovillain|[spread] p1b
|-activate|p1a: Scovillain|move: Protect
|-supereffective|p1b: Grimmsnarl|1
|-damage|p1b: Grimmsnarl|10/100
|
|-weather|RainDance|[upkeep]
|-damage|p2b: Floette|75/100|[from] Leech Seed|[of] p1a: Scovillain
|-heal|p1a: Scovillain|54/100|[silent]
|-ability|p1a: Scovillain|Moody|boost
|-boost|p1a: Scovillain|atk|2
|-unboost|p1a: Scovillain|spd|1
|upkeep
|turn|4
|
|t:|1783436947
|move|p2a: Incineroar|Fake Out|p1a: Scovillain
|-damage|p1a: Scovillain|47/100
|move|p1b: Grimmsnarl|Parting Shot|p2b: Floette
|-unboost|p2b: Floette|atk|1
|-unboost|p2b: Floette|spa|1
|
|t:|1783436953
|switch|p1b: Archaludon|Archaludon, L50, F|100/100|[from] Parting Shot
|cant|p1a: Scovillain|flinch
|move|p2b: Floette|Dazzling Gleam|p1a: Scovillain|[spread] p1a,p1b
|-resisted|p1a: Scovillain|1
|-damage|p1a: Scovillain|8/100
|-damage|p1b: Archaludon|60/100
|-ability|p1b: Archaludon|Stamina|boost
|-boost|p1b: Archaludon|def|1
|
|-weather|RainDance|[upkeep]
|-heal|p1b: Archaludon|67/100|[from] item: Leftovers
|-damage|p2b: Floette|63/100|[from] Leech Seed|[of] p1a: Scovillain
|-heal|p1a: Scovillain|20/100y|[silent]
|-ability|p1a: Scovillain|Moody|boost
|-boost|p1a: Scovillain|spe|2
|-unboost|p1a: Scovillain|spd|1
|upkeep
|turn|5
|inactive|Prepucio Santos has 30 seconds left.
|
|t:|1783436980
|switch|p2a: Sinistcha|Sinistcha-Masterpiece, L50, shiny|100/100
|-heal|p2b: Floette|88/100|[from] ability: Hospitality|[of] p2a: Sinistcha
|move|p1a: Scovillain|Protect|p1a: Scovillain
|-singleturn|p1a: Scovillain|Protect
|move|p2b: Floette|Dazzling Gleam|p1b: Archaludon|[spread] p1b
|-activate|p1a: Scovillain|move: Protect
|-damage|p1b: Archaludon|27/100
|-ability|p1b: Archaludon|Stamina|boost
|-boost|p1b: Archaludon|def|1
|move|p1b: Archaludon|Flash Cannon|p2b: Floette
|-supereffective|p2b: Floette|1
|-damage|p2b: Floette|51/100
|-unboost|p2b: Floette|spd|1
|
|-weather|none
|-heal|p1b: Archaludon|34/100|[from] item: Leftovers
|-damage|p2b: Floette|39/100|[from] Leech Seed|[of] p1a: Scovillain
|-heal|p1a: Scovillain|33/100|[silent]
|-ability|p1a: Scovillain|Moody|boost
|-boost|p1a: Scovillain|spa|2
|-unboost|p1a: Scovillain|def|1
|upkeep
|turn|6
|inactive|OdeioPeugeot has 30 seconds left.
|
|t:|1783437014
|detailschange|p1a: Scovillain|Scovillain-Mega, L50, F
|-mega|p1a: Scovillain|Scovillain|Scovillainite
|move|p1b: Archaludon|Protect|p1b: Archaludon
|-singleturn|p1b: Archaludon|Protect
|move|p1a: Scovillain|Overheat|p2b: Floette
|-damage|p2b: Floette|0 fnt
|-unboost|p1a: Scovillain|spa|2
|faint|p2b: Floette
|move|p2a: Sinistcha|Life Dew||[still]
|-fail|p2a: Sinistcha|heal
|
|-heal|p1b: Archaludon|40/100|[from] item: Leftovers
|upkeep
|
|t:|1783437024
|switch|p2b: Kingambit|Kingambit, L50, F|100/100
|turn|7
|
|t:|1783437044
|move|p1a: Scovillain|Leech Seed|p2b: Kingambit
|-start|p2b: Kingambit|move: Leech Seed
|move|p1b: Archaludon|Dragon Pulse|p2a: Sinistcha
|-damage|p2a: Sinistcha|55/100
|move|p2a: Sinistcha|Life Dew||[still]|[spread] p2a,p2b
|-heal|p2a: Sinistcha|80/100
|-fail|p2b: Kingambit|heal
|move|p2b: Kingambit|Swords Dance|p2b: Kingambit
|-boost|p2b: Kingambit|atk|2
|
|-heal|p1b: Archaludon|46/100|[from] item: Leftovers
|-damage|p2b: Kingambit|87/100|[from] Leech Seed|[of] p1a: Scovillain
|-heal|p1a: Scovillain|48/100|[silent]
|upkeep
|turn|8
|
|t:|1783437065
|switch|p1b: Grimmsnarl|Grimmsnarl, L50, M|10/100
|switch|p2a: Incineroar|Incineroar, L50, F|100/100
|-ability|p2a: Incineroar|Intimidate|boost
|-unboost|p1a: Scovillain|atk|1
|-unboost|p1b: Grimmsnarl|atk|1
|move|p1a: Scovillain|Protect|p1a: Scovillain
|-singleturn|p1a: Scovillain|Protect
|move|p2b: Kingambit|Kowtow Cleave|p1b: Grimmsnarl
|-resisted|p1b: Grimmsnarl|2
|-damage|p1b: Grimmsnarl|0 fnt
|faint|p1b: Grimmsnarl
|
|-damage|p2b: Kingambit|75/100|[from] Leech Seed|[of] p1a: Scovillain
|-heal|p1a: Scovillain|62/100|[silent]
|upkeep
|
|t:|1783437067
|switch|p1b: Archaludon|Archaludon, L50, F|46/100
|turn|9
|
|t:|1783437076
|move|p2a: Incineroar|Fake Out|p1a: Scovillain
|-damage|p1a: Scovillain|55/100
|-immune|p2a: Incineroar
|cant|p1a: Scovillain|flinch
|move|p1b: Archaludon|Electro Shot||[still]
|-prepare|p1b: Archaludon|Electro Shot
|-boost|p1b: Archaludon|spa|1
|move|p2b: Kingambit|Swords Dance|p2b: Kingambit
|-boost|p2b: Kingambit|atk|2
|
|-heal|p1b: Archaludon|52/100|[from] item: Leftovers
|-damage|p2b: Kingambit|63/100|[from] Leech Seed|[of] p1a: Scovillain
|-heal|p1a: Scovillain|70/100|[silent]
|upkeep
|turn|10
|
|t:|1783437085
|switch|p2a: Sinistcha|Sinistcha-Masterpiece, L50, shiny|80/100
|-heal|p2b: Kingambit|88/100|[from] ability: Hospitality|[of] p2a: Sinistcha
|move|p1a: Scovillain|Rage Powder|p1a: Scovillain
|-singleturn|p1a: Scovillain|move: Rage Powder
|move|p1b: Archaludon|Electro Shot|p2b: Kingambit|[from] lockedmove
|-damage|p2b: Kingambit|22/100
|move|p2b: Kingambit|Kowtow Cleave|p1a: Scovillain
|-damage|p1a: Scovillain|0 fnt
|-status|p2b: Kingambit|brn|[from] ability: Spicy Spray|[of] p1a: Scovillain
|faint|p1a: Scovillain
|
|-heal|p1b: Archaludon|59/100|[from] item: Leftovers
|-damage|p2b: Kingambit|16/100 brn|[from] brn
|-sideend|p1: OdeioPeugeot|move: Light Screen
|upkeep
|turn|11
|
|t:|1783437109
|move|p2a: Sinistcha|Rage Powder|p2a: Sinistcha
|-singleturn|p2a: Sinistcha|move: Rage Powder
|move|p1b: Archaludon|Dragon Pulse|p2a: Sinistcha
|-damage|p2a: Sinistcha|16/100
|move|p2b: Kingambit|Kowtow Cleave|p1b: Archaludon
|-damage|p1b: Archaludon|0 fnt
|faint|p1b: Archaludon
|
|win|Prepucio Santos
||OdeioPeugeot is ready for game 2.
||Prepucio Santos is ready for game 2.
|uhtml|next|Next: Game 2 of 3
