|j|☆Hemz0 0
|j|☆mushroom hater
|html|Hemz0 0mushroom hater    
|uhtml|bestof|Game 3 of a best-of-3
|t:|1756263219
|gametype|doubles
|player|p1|Hemz0 0|depotagent|1249
|player|p2|mushroom hater|102|1243
|gen|9
|tier|[Gen 9] VGC 2025 Reg H (Bo3)
|rated|
|rule|Species Clause: Limit one of each Pokémon
|rule|Item Clause: Limit 1 of each item
|clearpoke
|poke|p1|Pelipper, L50, F|
|poke|p1|Archaludon, L50, F|
|poke|p1|Incineroar, L50, F|
|poke|p1|Sneasler, L50, M|
|poke|p1|Rillaboom, L50, F|
|poke|p1|Gholdengo, L50|
|poke|p2|Sneasler, L50, F|
|poke|p2|Indeedee, L50, M|
|poke|p2|Ursaluna-Bloodmoon, L50, M|
|poke|p2|Electabuzz, L50, M|
|poke|p2|Incineroar, L50, F|
|poke|p2|Talonflame, L50, M|
|teampreview|4
|showteam|p1|Pelipper||ChoiceScarf|Drizzle|WeatherBall,Hurricane,Tailwind,Uturn|||F|||50|,,,,,Ghost]Archaludon||PowerHerb|Sturdy|ElectroShot,DragonPulse,FlashCannon,Protect|||F|||50|,,,,,Electric]Incineroar||SafetyGoggles|Intimidate|Taunt,FakeOut,KnockOff,PartingShot|||F|||50|,,,,,Ghost]Sneasler||GrassySeed|Unburden|CloseCombat,DireClaw,ThroatChop,Protect|||M|||50|,,,,,Dark]Rillaboom||AssaultVest|GrassySurge|WoodHammer,GrassyGlide,FakeOut,HighHorsepower|||F|||50|,,,,,Fire]Gholdengo||MetalCoat|GoodasGold|ShadowBall,MakeItRain,NastyPlot,Protect||||||50|,,,,,Fighting
|showteam|p2|Sneasler||PsychicSeed|Unburden|CloseCombat,DireClaw,ThroatChop,Protect|||F|||50|,,,,,Dark]Indeedee||FocusSash|PsychicSurge|ExpandingForce,TrickRoom,HelpingHand,Protect|||M|||50|,,,,,Psychic]Ursaluna-Bloodmoon||LifeOrb|MindsEye|BloodMoon,HyperVoice,EarthPower,Protect|||M|||50|,,,,,Normal]Electabuzz||Eviolite|VitalSpirit|Electroweb,FollowMe,Taunt,Protect|||M|||50|,,,,,Dragon]Incineroar||SafetyGoggles|Intimidate|FlareBlitz,KnockOff,PartingShot,FakeOut|||F|||50|,,,,,Ghost]Talonflame||CovertCloak|GaleWings|FlareBlitz,DualWingbeat,WillOWisp,Tailwind|||M|||50|,,,,,Fairy
|j| We_Are_Toasted
|
|t:|1756263251
|teamsize|p1|4
|teamsize|p2|4
|start
|switch|p1a: Archaludon|Archaludon, L50, F|100/100
|switch|p1b: Pelipper|Pelipper, L50, F|100/100
|switch|p2a: Electabuzz|Electabuzz, L50, M|100/100
|switch|p2b: Ursaluna|Ursaluna-Bloodmoon, L50, M|100/100
|-weather|RainDance|[from] ability: Drizzle|[of] p1b: Pelipper
|turn|1
|inactive|Battle timer is ON: inactive players will automatically lose when time's up. (requested by Hemz0 0)
|
|t:|1756263271
|-terastallize|p2b: Ursaluna|Normal
|move|p1b: Pelipper|Weather Ball|p2b: Ursaluna
|-damage|p2b: Ursaluna|14/100
|move|p2a: Electabuzz|Electroweb|p1b: Pelipper|[spread] p1a
|-miss|p2a: Electabuzz|p1b: Pelipper
|-resisted|p1a: Archaludon
|-damage|p1a: Archaludon|89/100
|-unboost|p1a: Archaludon|spe|1
|move|p2b: Ursaluna|Earth Power|p1a: Archaludon
|-supereffective|p1a: Archaludon
|-damage|p1a: Archaludon|0 fnt
|faint|p1a: Archaludon
|-damage|p2b: Ursaluna|5/100|[from] item: Life Orb
|
|-weather|RainDance|[upkeep]
|upkeep
|
|t:|1756263284
|switch|p1a: Sabzi Wala|Rillaboom, L50, F, shiny|100/100
|-fieldstart|move: Grassy Terrain|[from] ability: Grassy Surge|[of] p1a: Sabzi Wala
|turn|2
|
|t:|1756263291
|switch|p2b: Indeedee|Indeedee, L50, M|100/100
|-fieldstart|move: Psychic Terrain|[from] ability: Psychic Surge|[of] p2b: Indeedee
|move|p1a: Sabzi Wala|Fake Out|p2a: Electabuzz
|-activate|p2a: Electabuzz|move: Psychic Terrain
|move|p1b: Pelipper|Weather Ball|p2b: Indeedee
|-damage|p2b: Indeedee|19/100
|move|p2a: Electabuzz|Electroweb|p1b: Pelipper|[spread] p1a,p1b
|-resisted|p1a: Sabzi Wala
|-supereffective|p1b: Pelipper
|-damage|p1a: Sabzi Wala|96/100
|-damage|p1b: Pelipper|3/100
|-unboost|p1a: Sabzi Wala|spe|1
|-unboost|p1b: Pelipper|spe|1
|
|-weather|RainDance|[upkeep]
|upkeep
|turn|3
|
|t:|1756263310
|switch|p1b: Gholdengo|Gholdengo, L50|100/100
|move|p2a: Electabuzz|Follow Me|p2a: Electabuzz
|-singleturn|p2a: Electabuzz|move: Follow Me
|move|p2b: Indeedee|Expanding Force|p1a: Sabzi Wala|[spread] p1a,p1b
|-resisted|p1b: Gholdengo
|-damage|p1a: Sabzi Wala|58/100
|-damage|p1b: Gholdengo|75/100
|move|p1a: Sabzi Wala|High Horsepower|p2a: Electabuzz
|-supereffective|p2a: Electabuzz
|-damage|p2a: Electabuzz|38/100
|
|-weather|RainDance|[upkeep]
|upkeep
|turn|4
|inactive|mushroom hater has 30 seconds left.
|l| We_Are_Toasted
|j| We_Are_Toasted
|
|t:|1756263344
|switch|p1a: Pelipper|Pelipper, L50, F|3/100
|move|p1b: Gholdengo|Protect|p1b: Gholdengo
|-singleturn|p1b: Gholdengo|Protect
|move|p2a: Electabuzz|Electroweb|p1b: Gholdengo|[spread] p1a
|-activate|p1b: Gholdengo|move: Protect
|-supereffective|p1a: Pelipper
|-damage|p1a: Pelipper|0 fnt
|faint|p1a: Pelipper
|move|p2b: Indeedee|Expanding Force|p1b: Gholdengo
|-activate|p1b: Gholdengo|move: Protect
|
|-weather|RainDance|[upkeep]
|upkeep
|
|t:|1756263350
|switch|p1a: Sabzi Wala|Rillaboom, L50, F, shiny|58/100
|-fieldstart|move: Grassy Terrain|[from] ability: Grassy Surge|[of] p1a: Sabzi Wala
|turn|5
|
|t:|1756263366
|switch|p2b: Ursaluna|Ursaluna-Bloodmoon, L50, M, tera:Normal|5/100
|move|p1a: Sabzi Wala|Fake Out|p2a: Electabuzz
|-damage|p2a: Electabuzz|24/100
|cant|p2a: Electabuzz|flinch
|move|p1b: Gholdengo|Make It Rain|p2b: Ursaluna|[spread] p2a,p2b
|-resisted|p2a: Electabuzz
|-damage|p2a: Electabuzz|2/100
|-damage|p2b: Ursaluna|0 fnt
|-unboost|p1b: Gholdengo|spa|1
|faint|p2b: Ursaluna
|
|-weather|none
|-heal|p2a: Electabuzz|7/100|[from] Grassy Terrain
|-heal|p1b: Gholdengo|81/100|[from] Grassy Terrain
|-heal|p1a: Sabzi Wala|64/100|[from] Grassy Terrain
|upkeep
|
|t:|1756263388
|switch|p2b: Sneasler|Sneasler, L50, F|100/100
|turn|6
|
|t:|1756263394
|switch|p2a: Indeedee|Indeedee, L50, M|19/100
|-fieldstart|move: Psychic Terrain|[from] ability: Psychic Surge|[of] p2a: Indeedee
|-enditem|p2b: Sneasler|Psychic Seed
|-boost|p2b: Sneasler|spd|1|[from] item: Psychic Seed
|-terastallize|p1a: Sabzi Wala|Fire
|move|p2b: Sneasler|Dire Claw|p1a: Sabzi Wala
|-damage|p1a: Sabzi Wala|18/100
|move|p1b: Gholdengo|Make It Rain|p2b: Sneasler|[spread] p2a,p2b
|-crit|p2a: Indeedee
|-crit|p2b: Sneasler
|-damage|p2a: Indeedee|0 fnt
|-damage|p2b: Sneasler|0 fnt
|-unboost|p1b: Gholdengo|spa|1
|faint|p2a: Indeedee
|faint|p2b: Sneasler
|move|p1a: Sabzi Wala|High Horsepower|p2: Indeedee|[notarget]
|-fail|p1a: Sabzi Wala
|
|upkeep
|
|t:|1756263403
|switch|p2b: Electabuzz|Electabuzz, L50, M|7/100
|turn|7
|
|t:|1756263412
|move|p2b: Electabuzz|Electroweb|p1b: Gholdengo|[spread] p1a,p1b
|-damage|p1a: Sabzi Wala|10/100
|-damage|p1b: Gholdengo|69/100
|-unboost|p1a: Sabzi Wala|spe|1
|-unboost|p1b: Gholdengo|spe|1
|move|p1b: Gholdengo|Make It Rain|p2b: Electabuzz
|-resisted|p2b: Electabuzz
|-crit|p2b: Electabuzz
|-damage|p2b: Electabuzz|0 fnt
|-unboost|p1b: Gholdengo|spa|1
|faint|p2b: Electabuzz
|
|win|Hemz0 0
|raw|Hemz0 0's rating: 1249 → 1274(+25 for winning)
|raw|mushroom hater's rating: 1243 → 1218(-25 for losing)
