|j|☆EEEE32
|j|☆CrystalGem02
|html|EEEE32CrystalGem02    
|uhtml|bestof|Game 1 of a best-of-3
|t:|1756236947
|gametype|doubles
|player|p1|EEEE32|2|1111
|player|p2|CrystalGem02|valerie|1227
|gen|9
|tier|[Gen 9] VGC 2025 Reg H (Bo3)
|rated|
|rule|Species Clause: Limit one of each Pokémon
|rule|Item Clause: Limit 1 of each item
|clearpoke
|poke|p1|Arcanine-Hisui, L50, F|
|poke|p1|Ninetales-Alola, L50, F|
|poke|p1|Rillaboom, L50, F|
|poke|p1|Annihilape, L50, M|
|poke|p1|Ursaluna-Bloodmoon, L50, M|
|poke|p1|Amoonguss, L50, M|
|poke|p2|Rillaboom, L50, F|
|poke|p2|Electabuzz, L50, F|
|poke|p2|Archaludon, L50, M|
|poke|p2|Kingambit, L50, M|
|poke|p2|Pelipper, L50, M|
|poke|p2|Basculegion, L50, M|
|teampreview|4
|showteam|p1|Arcanine-Hisui||ChoiceBand|Intimidate|FlareBlitz,RockSlide,ExtremeSpeed,HeadSmash|||F|||50|,,,,,Water]Ninetales-Alola||CovertCloak|SnowWarning|IcyWind,Moonblast,AuroraVeil,HelpingHand|||F|||50|,,,,,Water]Rillaboom||AssaultVest|GrassySurge|FakeOut,GrassyGlide,WoodHammer,Uturn|||F|||50|,,,,,Fire]Annihilape||SafetyGoggles|Defiant|RageFist,DrainPunch,BulkUp,Protect|||M|||50|,,,,,Fire]Ursaluna-Bloodmoon||LifeOrb|MindsEye|BloodMoon,HyperVoice,EarthPower,Protect|||M|||50|,,,,,Fairy]Amoonguss||SitrusBerry|Regenerator|PollenPuff,Spore,RagePowder,Protect|||M|||50|,,,,,Water
|showteam|p2|Rillaboom||LoadedDice|GrassySurge|BulletSeed,GrassyGlide,HighHorsepower,FakeOut|||F|||50|,,,,,Fire]Electabuzz||Eviolite|VitalSpirit|Electroweb,Taunt,FollowMe,Protect|||F|||50|,,,,,Ghost]Archaludon||AssaultVest|Stamina|ElectroShot,DracoMeteor,FlashCannon,BodyPress|||M|||50|,,,,,Fairy]Kingambit||BlackGlasses|Defiant|KowtowCleave,SuckerPunch,SwordsDance,Protect|||M|||50|,,,,,Dark]Pelipper||FocusSash|Drizzle|WeatherBall,Hurricane,Tailwind,Protect|||M|||50|,,,,,Ghost]Basculegion||ChoiceBand|SwiftSwim|WaveCrash,FlipTurn,AquaJet,LastRespects|||M|||50|,,,,,Grass
|inactive|Battle timer is ON: inactive players will automatically lose when time's up. (requested by CrystalGem02)
|inactive|EEEE32 has 60 seconds left.
|inactive|CrystalGem02 has 60 seconds left.
|inactive|CrystalGem02 has 30 seconds left.
|
|t:|1756237010
|teamsize|p1|4
|teamsize|p2|4
|start
|switch|p1a: Rillaboom|Rillaboom, L50, F|100/100
|switch|p1b: Annihilape|Annihilape, L50, M|100/100
|switch|p2a: Basculegion|Basculegion, L50, M|100/100
|switch|p2b: Kingambit|Kingambit, L50, M|100/100
|-fieldstart|move: Grassy Terrain|[from] ability: Grassy Surge|[of] p1a: Rillaboom
|turn|1
|inactive|EEEE32 has 30 seconds left.
|inactive|CrystalGem02 has 30 seconds left.
|inactive|EEEE32 has 20 seconds left.
|inactive|EEEE32 has 15 seconds left.
|
|t:|1756237052
|switch|p2b: Pelipper|Pelipper, L50, M|100/100
|-weather|RainDance|[from] ability: Drizzle|[of] p2b: Pelipper
|move|p1b: Annihilape|Protect|p1b: Annihilape
|-singleturn|p1b: Annihilape|Protect
|move|p1a: Rillaboom|Grassy Glide|p2a: Basculegion
|-supereffective|p2a: Basculegion
|-damage|p2a: Basculegion|10/100
|move|p2a: Basculegion|Wave Crash|p1b: Annihilape
|-activate|p1b: Annihilape|move: Protect
|
|-weather|RainDance|[upkeep]
|-heal|p2a: Basculegion|16/100|[from] Grassy Terrain
|upkeep
|turn|2
|inactive|EEEE32 has 30 seconds left.
|inactive|CrystalGem02 has 30 seconds left.
|inactive|CrystalGem02 has 20 seconds left.
|inactive|CrystalGem02 has 15 seconds left.
|inactive|CrystalGem02 has 10 seconds left.
|
|t:|1756237100
|switch|p2a: Archaludon|Archaludon, L50, M|100/100
|switch|p1b: Ninetales|Ninetales-Alola, L50, F|100/100
|-weather|Snowscape|[from] ability: Snow Warning|[of] p1b: Ninetales
|move|p2b: Pelipper|Hurricane|p1b: Ninetales|[miss]
|-miss|p2b: Pelipper|p1b: Ninetales
|move|p1a: Rillaboom|U-turn|p2a: Archaludon
|-resisted|p2a: Archaludon
|-damage|p2a: Archaludon|92/100
|-ability|p2a: Archaludon|Stamina|boost
|-boost|p2a: Archaludon|def|1
|
|t:|1756237112
|switch|p1a: Arcanine|Arcanine-Hisui, L50, F|100/100|[from] U-turn
|-ability|p1a: Arcanine|Intimidate|boost
|-unboost|p2a: Archaludon|atk|1
|-unboost|p2b: Pelipper|atk|1
|
|-weather|Snowscape|[upkeep]
|-heal|p2a: Archaludon|98/100|[from] Grassy Terrain
|upkeep
|turn|3
|inactive|EEEE32 has 30 seconds left.
|
|t:|1756237138
|switch|p2b: Kingambit|Kingambit, L50, M|100/100
|-terastallize|p1b: Ninetales|Water
|move|p1b: Ninetales|Aurora Veil|p1b: Ninetales
|-sidestart|p1: EEEE32|move: Aurora Veil
|move|p1a: Arcanine|Flare Blitz|p2a: Archaludon
|-damage|p2a: Archaludon|51/100
|-ability|p2a: Archaludon|Stamina|boost
|-boost|p2a: Archaludon|def|1
|-damage|p1a: Arcanine|84/100|[from] Recoil
|move|p2a: Archaludon|Flash Cannon|p1b: Ninetales
|-resisted|p1b: Ninetales
|-damage|p1b: Ninetales|87/100
|
|-weather|Snowscape|[upkeep]
|-heal|p1b: Ninetales|93/100|[from] Grassy Terrain
|-heal|p1a: Arcanine|90/100|[from] Grassy Terrain
|-heal|p2a: Archaludon|57/100|[from] Grassy Terrain
|upkeep
|turn|4
|inactive|EEEE32 has 30 seconds left.
|inactive|EEEE32 has 20 seconds left.
|inactive|EEEE32 has 15 seconds left.
|
|t:|1756237178
|switch|p2b: Pelipper|Pelipper, L50, M|100/100
|-weather|RainDance|[from] ability: Drizzle|[of] p2b: Pelipper
|move|p1b: Ninetales|Helping Hand|p1a: Arcanine
|-singleturn|p1a: Arcanine|Helping Hand|[of] p1b: Ninetales
|move|p1a: Arcanine|Flare Blitz|p2a: Archaludon
|-damage|p2a: Archaludon|34/100
|-ability|p2a: Archaludon|Stamina|boost
|-boost|p2a: Archaludon|def|1
|-damage|p1a: Arcanine|82/100|[from] Recoil
|move|p2a: Archaludon|Electro Shot||[still]
|-prepare|p2a: Archaludon|Electro Shot
|-boost|p2a: Archaludon|spa|1
|-anim|p2a: Archaludon|Electro Shot|p1b: Ninetales
|-supereffective|p1b: Ninetales
|-damage|p1b: Ninetales|13/100
|
|-weather|RainDance|[upkeep]
|-heal|p1b: Ninetales|18/100|[from] Grassy Terrain
|-heal|p1a: Arcanine|88/100|[from] Grassy Terrain
|-heal|p2a: Archaludon|40/100|[from] Grassy Terrain
|upkeep
|turn|5
|inactive|EEEE32 has 30 seconds left.
|inactive|CrystalGem02 has 30 seconds left.
|
|t:|1756237210
|switch|p1a: Rillaboom|Rillaboom, L50, F|100/100
|move|p1b: Ninetales|Icy Wind|p2b: Pelipper|[spread] p2a,p2b
|-damage|p2a: Archaludon|32/100
|-damage|p2b: Pelipper|78/100
|-unboost|p2a: Archaludon|spe|1
|-unboost|p2b: Pelipper|spe|1
|-ability|p2a: Archaludon|Stamina|boost
|-boost|p2a: Archaludon|def|1
|move|p2a: Archaludon|Flash Cannon|p1a: Rillaboom
|-damage|p1a: Rillaboom|74/100
|move|p2b: Pelipper|Hurricane|p1a: Rillaboom
|-supereffective|p1a: Rillaboom
|-damage|p1a: Rillaboom|29/100
|
|-weather|RainDance|[upkeep]
|-heal|p1b: Ninetales|24/100|[from] Grassy Terrain
|-heal|p1a: Rillaboom|34/100|[from] Grassy Terrain
|-heal|p2a: Archaludon|38/100|[from] Grassy Terrain
|-fieldend|move: Grassy Terrain
|upkeep
|turn|6
|inactive|CrystalGem02 has 30 seconds left.
|
|t:|1756237237
|move|p1b: Ninetales|Moonblast|p2a: Archaludon
|-damage|p2a: Archaludon|18/100
|-ability|p2a: Archaludon|Stamina|boost
|-boost|p2a: Archaludon|def|1
|move|p1a: Rillaboom|Wood Hammer|p2b: Pelipper
|-damage|p2b: Pelipper|0 fnt
|faint|p2b: Pelipper
|-damage|p1a: Rillaboom|17/100|[from] Recoil
|move|p2a: Archaludon|Electro Shot||[still]
|-prepare|p2a: Archaludon|Electro Shot
|-boost|p2a: Archaludon|spa|1
|-anim|p2a: Archaludon|Electro Shot|p1b: Ninetales
|-supereffective|p1b: Ninetales
|-damage|p1b: Ninetales|0 fnt
|faint|p1b: Ninetales
|
|-weather|RainDance|[upkeep]
|upkeep
|
|t:|1756237258
|switch|p1b: Annihilape|Annihilape, L50, M|100/100
|switch|p2b: Basculegion|Basculegion, L50, M|16/100
|turn|7
|inactive|EEEE32 has 30 seconds left.
|inactive|CrystalGem02 has 30 seconds left.
|
|t:|1756237292
|move|p1b: Annihilape|Protect|p1b: Annihilape
|-singleturn|p1b: Annihilape|Protect
|move|p2b: Basculegion|Last Respects|p1a: Rillaboom
|-damage|p1a: Rillaboom|0 fnt
|faint|p1a: Rillaboom
|move|p2a: Archaludon|Flash Cannon|p1b: Annihilape
|-activate|p1b: Annihilape|move: Protect
|
|-weather|RainDance|[upkeep]
|-sideend|p1: EEEE32|move: Aurora Veil
|upkeep
|
|t:|1756237300
|switch|p1a: Arcanine|Arcanine-Hisui, L50, F|88/100
|-ability|p1a: Arcanine|Intimidate|boost
|-unboost|p2a: Archaludon|atk|1
|-unboost|p2b: Basculegion|atk|1
|turn|8
|
|t:|1756237325
|move|p2b: Basculegion|Last Respects|p1b: Annihilape
|-supereffective|p1b: Annihilape
|-damage|p1b: Annihilape|0 fnt
|faint|p1b: Annihilape
|move|p1a: Arcanine|Flare Blitz|p2a: Archaludon
|-damage|p2a: Archaludon|8/100
|-ability|p2a: Archaludon|Stamina|boost
|-boost|p2a: Archaludon|def|1
|-damage|p1a: Arcanine|85/100|[from] Recoil
|move|p2a: Archaludon|Electro Shot||[still]
|-prepare|p2a: Archaludon|Electro Shot
|-boost|p2a: Archaludon|spa|1
|-anim|p2a: Archaludon|Electro Shot|p1a: Arcanine
|-damage|p1a: Arcanine|0 fnt
|faint|p1a: Arcanine
|
|win|CrystalGem02
