|j|☆TopekaMelon
|j|☆ohmelia
|html|TopekaMelonohmelia    
|uhtml|bestof|Game 1 of a best-of-3
|t:|1783898791
|gametype|doubles
|player|p1|TopekaMelon|sabrina|
|player|p2|ohmelia|bugcatcher-gen4dp|
|gen|9
|tier|[Gen 9 Champions] VGC 2026 Reg M-B (Bo3)
|rule|Species Clause: Limit one of each Pokémon
|rule|Item Clause: Limit 1 of each item
|clearpoke
|poke|p1|Farigiraf, L50, F|
|poke|p1|Torkoal, L50, M|
|poke|p1|Incineroar, L50, F|
|poke|p1|Vivillon-Elegant, L50, F|
|poke|p1|Gardevoir, L50, F|
|poke|p1|Mudsdale, L50, M|
|poke|p2|Delphox, L50, M|
|poke|p2|Blastoise, L50, M|
|poke|p2|Sneasler, L50, F|
|poke|p2|Incineroar, L50, M|
|poke|p2|Sinistcha, L50|
|poke|p2|Maushold-Four, L50|
|teampreview|4
|showteam|p1|Farigiraf||SitrusBerry|ArmorTail|Protect,TrickRoom,Thunderbolt,Psychic|Sassy||F|||50|]Torkoal||Charcoal|Drought|Protect,SolarBeam,WeatherBall,Eruption|Quiet||M|||50|]Incineroar||WhiteHerb|Intimidate|FlareBlitz,DarkestLariat,CloseCombat,FakeOut|Brave||F|||50|]Vivillon-Elegant||FocusSash|CompoundEyes|Protect,RagePowder,SleepPowder,Hurricane|Timid||F|||50|]Gardevoir||Gardevoirite|Telepathy|Protect,TrickRoom,Psychic,HyperVoice|Quiet||F|||50|]Mudsdale||LifeOrb|InnerFocus|Earthquake,HighHorsepower,HeavySlam,RockSlide|Brave||M|||50|
|showteam|p2|Delphox||Delphoxite|Blaze|Protect,NastyPlot,HeatWave,Psyshock|Modest||M|||50|]Blastoise||Blastoisinite|RainDish|Protect,ShellSmash,WaterSpout,DarkPulse|Modest||M|||50|]Sneasler||WhiteHerb|Unburden|CloseCombat,GunkShot,FakeOut,RainDance|Jolly||F|||50|]Incineroar||SitrusBerry|Intimidate|FlareBlitz,FakeOut,ThroatChop,PartingShot|Impish||M|||50|]Sinistcha||KasibBerry|Hospitality|Protect,MatchaGotcha,RagePowder,LifeDew|Bold|||||50|]Maushold-Four||FocusSash|FriendGuard|Protect,FollowMe,SuperFang,Feint|Jolly|||||50|
|
|t:|1783898863
|teamsize|p1|4
|teamsize|p2|4
|start
|switch|p1a: Incineroar|Incineroar, L50, F|100/100
|switch|p1b: Farigiraf|Farigiraf, L50, F|100/100
|switch|p2a: Blastoise|Blastoise, L50, M|100/100
|switch|p2b: Maushold|Maushold-Four, L50|100/100
|-ability|p1a: Incineroar|Intimidate|boost
|-unboost|p2a: Blastoise|atk|1
|-unboost|p2b: Maushold|atk|1
|turn|1
|
|t:|1783898911
|switch|p2a: Sinistcha|Sinistcha, L50|100/100
|move|p1a: Incineroar|Fake Out|p2a: Sinistcha
|-immune|p2a: Sinistcha
|move|p2b: Maushold|Super Fang|p1b: Farigiraf
|-damage|p1b: Farigiraf|50/100y
|-enditem|p1b: Farigiraf|Sitrus Berry|[eat]
|-heal|p1b: Farigiraf|74/100|[from] item: Sitrus Berry
|move|p1b: Farigiraf|Trick Room|p1b: Farigiraf
|-fieldstart|move: Trick Room|[of] p1b: Farigiraf
|
|upkeep
|turn|2
|
|t:|1783899006
|switch|p1b: Mudsdale|Mudsdale, L50, M|100/100
|switch|p2a: Blastoise|Blastoise, L50, M|100/100
|move|p2b: Maushold|Protect|p2b: Maushold
|-singleturn|p2b: Maushold|Protect
|move|p1a: Incineroar|Close Combat|p2b: Maushold
|-activate|p2b: Maushold|move: Protect
|
|upkeep
|turn|3
|
|t:|1783899032
|switch|p1a: Gardevoir|Gardevoir, L50, F|100/100
|detailschange|p2a: Blastoise|Blastoise-Mega, L50, M
|-mega|p2a: Blastoise|Blastoise|Blastoisinite
|move|p2b: Maushold|Follow Me|p2b: Maushold
|-singleturn|p2b: Maushold|move: Follow Me
|move|p1b: Mudsdale|Earthquake|p2a: Blastoise|[spread] p2a,p2b
|-activate|p1a: Gardevoir|ability: Telepathy
|-damage|p2a: Blastoise|58/100
|-damage|p2b: Maushold|30/100
|-damage|p1b: Mudsdale|90/100|[from] item: Life Orb
|move|p2a: Blastoise|Shell Smash|p2a: Blastoise
|-unboost|p2a: Blastoise|def|1
|-unboost|p2a: Blastoise|spd|1
|-boost|p2a: Blastoise|atk|2
|-boost|p2a: Blastoise|spa|2
|-boost|p2a: Blastoise|spe|2
|
|upkeep
|turn|4
|
|t:|1783899060
|move|p2b: Maushold|Protect|p2b: Maushold
|-singleturn|p2b: Maushold|Protect
|move|p2a: Blastoise|Protect|p2a: Blastoise
|-singleturn|p2a: Blastoise|Protect
|move|p1b: Mudsdale|Earthquake|p2a: Blastoise|[spread] 
|-activate|p2a: Blastoise|move: Protect
|-activate|p2b: Maushold|move: Protect
|-activate|p1a: Gardevoir|ability: Telepathy
|move|p1a: Gardevoir|Hyper Voice|p2a: Blastoise|[spread] 
|-activate|p2a: Blastoise|move: Protect
|-activate|p2b: Maushold|move: Protect
|
|upkeep
|turn|5
|
|t:|1783899094
|switch|p2b: Sinistcha|Sinistcha, L50|100/100
|-heal|p2a: Blastoise|83/100|[from] ability: Hospitality|[of] p2b: Sinistcha
|move|p1b: Mudsdale|Earthquake|p2a: Blastoise|[spread] p2a,p2b
|-activate|p1a: Gardevoir|ability: Telepathy
|-resisted|p2b: Sinistcha|1
|-damage|p2a: Blastoise|2/100
|-damage|p2b: Sinistcha|78/100
|-damage|p1b: Mudsdale|80/100|[from] item: Life Orb
|move|p1a: Gardevoir|Hyper Voice|p2a: Blastoise|[spread] p2a
|-immune|p2b: Sinistcha
|-crit|p2a: Blastoise
|-damage|p2a: Blastoise|0 fnt
|faint|p2a: Blastoise
|
|-fieldend|move: Trick Room
|upkeep
|-message|ohmelia forfeited.
|
|win|TopekaMelon
|l|☆ohmelia
|player|p2|
||TopekaMelon is ready for game 2.
||ohmelia is ready for game 2.
|uhtml|next|Next: Game 2 of 3
|l|☆TopekaMelon
|player|p1|
|j|☆ohmelia
|player|p2|ohmelia|bugcatcher-gen4dp|
