|j|☆dasllamaman
|j|☆adc in 2017
|html|dasllamamanadc in 2017    
|uhtml|bestof|Game 1 of a best-of-3
|t:|1756166756
|gametype|doubles
|player|p1|dasllamaman|266|
|player|p2|adc in 2017|2|
|gen|9
|tier|[Gen 9] VGC 2025 Reg H (Bo3)
|rule|Species Clause: Limit one of each Pokémon
|rule|Item Clause: Limit 1 of each item
|clearpoke
|poke|p1|Sneasler, L50, F|
|poke|p1|Ursaluna-Bloodmoon, L50, M|
|poke|p1|Slaking, L50, M|
|poke|p1|Weezing-Galar, L50, F|
|poke|p1|Volcarona, L50, F|
|poke|p1|Toedscruel, L50, F|
|poke|p2|Pelipper, L50, F|
|poke|p2|Tatsugiri, L50, F|
|poke|p2|Dondozo, L50, F|
|poke|p2|Archaludon, L50, F|
|poke|p2|Basculegion, L50, M|
|poke|p2|Whimsicott, L50, F|
|teampreview|4
|showteam|p1|Sneasler||FocusSash|Unburden|CloseCombat,DireClaw,ThroatChop,FakeOut|||F|||50|,,,,,Stellar]Ursaluna-Bloodmoon||LifeOrb|MindsEye|BloodMoon,EarthPower,HyperVoice,Protect|||M|||50|,,,,,Normal]Slaking||AssaultVest|Truant|ThunderPunch,DrainPunch,KnockOff,TeraBlast|||M|||50|,,,,,Ghost]Weezing-Galar||BlackSludge|NeutralizingGas|AcidSpray,StrangeSteam,Thunder,Protect|||F|||50|,,,,,Steel]Volcarona||SitrusBerry|FlameBody|FieryDance,GigaDrain,Protect,QuiverDance|||F|||50|,,,,,Grass]Toedscruel||ExpertBelt|MyceliumMight|LeafStorm,EarthPower,Spore,RagePowder|||F|||50|,,,,,Grass
|showteam|p2|Pelipper||AbilityShield|Drizzle|Hurricane,HelpingHand,Protect,WeatherBall|||F|||50|,,,,,Steel]Tatsugiri||EjectPack|Commander|DracoMeteor,MuddyWater,HelpingHand,Protect|||F|||50|,,,,,Stellar]Dondozo||Leftovers|Unaware|OrderUp,WaveCrash,Protect,Substitute|||F|||50|,,,,,Dragon]Archaludon||PowerHerb|Stamina|DracoMeteor,FlashCannon,ElectroShot,Protect|||F|||50|,,,,,Flying]Basculegion||LifeOrb|SwiftSwim|LastRespects,WaveCrash,AquaJet,Protect|||M|||50|,,,,,Water]Whimsicott||CovertCloak|Prankster|Moonblast,Taunt,Encore,LightScreen|||F|||50|,,,,,Dark
|j| AWailOfATail
|j| KurosakiTaichou
|j| quatsch5
|c| AWailOfATail|omg fellow viewers hi
|j| Aeraster
|c| KurosakiTaichou|yo
|c| AWailOfATail|ur arpan's ghostwriter right
|c| KurosakiTaichou|I am
|c| AWailOfATail|my goat
|c| KurosakiTaichou|<3
|
|t:|1756166970
|teamsize|p1|4
|teamsize|p2|4
|start
|switch|p1a: Weezing|Weezing-Galar, L50, F|100/100
|switch|p1b: Toedscruel|Toedscruel, L50, F|100/100
|switch|p2a: Pelipper|Pelipper, L50, F|100/100
|switch|p2b: Archaludon|Archaludon, L50, F|100/100
|-ability|p1a: Weezing|Neutralizing Gas
|-block|p2a: Pelipper|item: Ability Shield
|-weather|RainDance|[from] ability: Drizzle|[of] p2a: Pelipper
|turn|1
|j| quatsch5
|
|t:|1756167052
|move|p2b: Archaludon|Protect|p2b: Archaludon
|-singleturn|p2b: Archaludon|Protect
|move|p1b: Toedscruel|Spore|p2b: Archaludon
|-activate|p2b: Archaludon|move: Protect
|move|p2a: Pelipper|Hurricane|p1b: Toedscruel
|-supereffective|p1b: Toedscruel
|-damage|p1b: Toedscruel|34/100
|-start|p1b: Toedscruel|confusion
|move|p1a: Weezing|Thunder|p2a: Pelipper
|-supereffective|p2a: Pelipper
|-damage|p2a: Pelipper|0 fnt
|faint|p2a: Pelipper
|
|-weather|RainDance|[upkeep]
|upkeep
|c| KurosakiTaichou|thunder weezing be like
|
|t:|1756167088
|switch|p2a: Tatsugiri|Tatsugiri, L50, F|100/100
|turn|2
|j| quatsch5
|
|t:|1756167145
|-activate|p1b: Toedscruel|confusion
|move|p1b: Toedscruel|Spore|p2b: Archaludon
|-status|p2b: Archaludon|slp|[from] move: Spore
|move|p2a: Tatsugiri|Muddy Water|p1a: Weezing|[spread] p1a,p1b
|-damage|p1a: Weezing|53/100
|-damage|p1b: Toedscruel|0 fnt
|faint|p1b: Toedscruel
|cant|p2b: Archaludon|slp
|move|p1a: Weezing|Strange Steam|p2a: Tatsugiri
|-supereffective|p2a: Tatsugiri
|-damage|p2a: Tatsugiri|32/100
|-start|p2a: Tatsugiri|confusion
|
|-weather|RainDance|[upkeep]
|-heal|p1a: Weezing|59/100|[from] item: Black Sludge
|upkeep
|
|t:|1756167170
|switch|p1b: Volcarona|Volcarona, L50, F|100/100
|turn|3
|
|t:|1756167310
|-terastallize|p1b: Volcarona|Grass
|move|p1b: Volcarona|Quiver Dance|p1b: Volcarona
|-boost|p1b: Volcarona|spa|1
|-boost|p1b: Volcarona|spd|1
|-boost|p1b: Volcarona|spe|1
|-activate|p2a: Tatsugiri|confusion
|-damage|p2a: Tatsugiri|25/100|[from] confusion
|cant|p2b: Archaludon|slp
|move|p1a: Weezing|Thunder|p2b: Archaludon
|-resisted|p2b: Archaludon
|-damage|p2b: Archaludon|89/100 slp
|
|-weather|RainDance|[upkeep]
|-heal|p1a: Weezing|65/100|[from] item: Black Sludge
|upkeep
|turn|4
|
|t:|1756167415
|-end|p2a: Tatsugiri|confusion
|move|p2a: Tatsugiri|Protect|p2a: Tatsugiri
|-singleturn|p2a: Tatsugiri|Protect
|cant|p2b: Archaludon|slp
|move|p1b: Volcarona|Quiver Dance|p1b: Volcarona
|-boost|p1b: Volcarona|spa|1
|-boost|p1b: Volcarona|spd|1
|-boost|p1b: Volcarona|spe|1
|move|p1a: Weezing|Acid Spray|p2b: Archaludon
|-immune|p2b: Archaludon
|
|-weather|RainDance|[upkeep]
|-heal|p1a: Weezing|71/100|[from] item: Black Sludge
|upkeep
|turn|5
|c| AWailOfATail|the sweepler....
|
|t:|1756167467
|move|p2a: Tatsugiri|Protect|p2a: Tatsugiri
|-singleturn|p2a: Tatsugiri|Protect
|move|p1b: Volcarona|Fiery Dance|p2b: Archaludon
|-damage|p2b: Archaludon|49/100 slp
|-curestatus|p2b: Archaludon|slp|[msg]
|move|p2b: Archaludon|Flash Cannon|p1a: Weezing
|-supereffective|p1a: Weezing
|-damage|p1a: Weezing|0 fnt
|faint|p1a: Weezing
|-end|p1a: Weezing|ability: Neutralizing Gas
|
|-weather|none
|upkeep
|
|t:|1756167479
|switch|p1a: Sneasler|Sneasler, L50, F|100/100
|turn|6
|
|t:|1756167508
|switch|p2b: Dondozo|Dondozo, L50, F|100/100
|-activate|p2a: Tatsugiri|ability: Commander|[of] p2b: Dondozo
|-boost|p2b: Dondozo|atk|2
|-boost|p2b: Dondozo|spa|2
|-boost|p2b: Dondozo|spe|2
|-boost|p2b: Dondozo|def|2
|-boost|p2b: Dondozo|spd|2
|move|p1a: Sneasler|Fake Out|p2a: Tatsugiri|[miss]
|-miss|p1a: Sneasler|p2a: Tatsugiri
|move|p1b: Volcarona|Fiery Dance|p2b: Dondozo
|-resisted|p2b: Dondozo
|-damage|p2b: Dondozo|91/100
|-boost|p1b: Volcarona|spa|1
|
|-heal|p2b: Dondozo|97/100|[from] item: Leftovers
|upkeep
|turn|7
|j| joemama1313
|
|t:|1756167610
|-terastallize|p2b: Dondozo|Dragon
|move|p1b: Volcarona|Giga Drain|p2b: Dondozo
|-resisted|p2b: Dondozo
|-damage|p2b: Dondozo|89/100
|move|p1a: Sneasler|Dire Claw|p2b: Dondozo
|-damage|p2b: Dondozo|78/100
|-status|p2b: Dondozo|par
|move|p2b: Dondozo|Order Up|p1b: Volcarona
|-damage|p1b: Volcarona|25/100
|-enditem|p1b: Volcarona|Sitrus Berry|[eat]
|-heal|p1b: Volcarona|50/100|[from] item: Sitrus Berry
|-boost|p2b: Dondozo|atk|1
|
|-heal|p2b: Dondozo|84/100 par|[from] item: Leftovers
|upkeep
|turn|8
|
|t:|1756167638
|move|p1b: Volcarona|Protect|p1b: Volcarona
|-singleturn|p1b: Volcarona|Protect
|move|p1a: Sneasler|Close Combat|p2b: Dondozo
|-damage|p2b: Dondozo|67/100 par
|-unboost|p1a: Sneasler|def|1
|-unboost|p1a: Sneasler|spd|1
|move|p2b: Dondozo|Order Up|p1b: Volcarona
|-activate|p1b: Volcarona|move: Protect
|
|-heal|p2b: Dondozo|73/100 par|[from] item: Leftovers
|upkeep
|turn|9
|
|t:|1756167665
|move|p1b: Volcarona|Giga Drain|p2b: Dondozo
|-resisted|p2b: Dondozo
|-damage|p2b: Dondozo|64/100 par
|-heal|p1b: Volcarona|56/100|[from] drain|[of] p2b: Dondozo
|move|p1a: Sneasler|Close Combat|p2b: Dondozo
|-damage|p2b: Dondozo|48/100 par
|-unboost|p1a: Sneasler|def|1
|-unboost|p1a: Sneasler|spd|1
|move|p2b: Dondozo|Substitute|p2b: Dondozo
|-start|p2b: Dondozo|Substitute
|-damage|p2b: Dondozo|23/100 par
|
|-heal|p2b: Dondozo|29/100 par|[from] item: Leftovers
|upkeep
|turn|10
|
|t:|1756167714
|move|p1b: Volcarona|Giga Drain|p2b: Dondozo
|-resisted|p2b: Dondozo
|-activate|p2b: Dondozo|move: Substitute|[damage]
|-heal|p1b: Volcarona|61/100|[from] drain|[of] p2b: Dondozo
|move|p1a: Sneasler|Close Combat|p2b: Dondozo
|-activate|p2b: Dondozo|move: Substitute|[damage]
|-unboost|p1a: Sneasler|def|1
|-unboost|p1a: Sneasler|spd|1
|move|p2b: Dondozo|Order Up|p1a: Sneasler
|-enditem|p1a: Sneasler|Focus Sash
|-damage|p1a: Sneasler|1/100
|-boost|p2b: Dondozo|atk|1
|
|-heal|p2b: Dondozo|35/100 par|[from] item: Leftovers
|upkeep
|turn|11
|
|t:|1756167733
|move|p1a: Sneasler|Close Combat|p2b: Dondozo
|-end|p2b: Dondozo|Substitute
|-unboost|p1a: Sneasler|def|1
|-unboost|p1a: Sneasler|spd|1
|move|p1b: Volcarona|Giga Drain|p2b: Dondozo
|-resisted|p2b: Dondozo
|-damage|p2b: Dondozo|27/100 par
|-heal|p1b: Volcarona|67/100|[from] drain|[of] p2b: Dondozo
|move|p2b: Dondozo|Order Up|p1a: Sneasler
|-damage|p1a: Sneasler|0 fnt
|faint|p1a: Sneasler
|-boost|p2b: Dondozo|atk|1
|
|-heal|p2b: Dondozo|33/100 par|[from] item: Leftovers
|upkeep
|turn|12
|
|t:|1756167749
|move|p1b: Volcarona|Giga Drain|p2b: Dondozo
|-resisted|p2b: Dondozo
|-damage|p2b: Dondozo|25/100 par
|-heal|p1b: Volcarona|72/100|[from] drain|[of] p2b: Dondozo
|move|p2b: Dondozo|Order Up|p1b: Volcarona
|-damage|p1b: Volcarona|0 fnt
|faint|p1b: Volcarona
|
|win|adc in 2017
||dasllamaman is ready for game 2.
|inactive|adc in 2017 has 30 seconds to confirm battle start!
||adc in 2017 is ready for game 2.
|uhtml|next|Next: Game 2 of 3
|l| KurosakiTaichou
