|j|☆wowiekazowee
|j|☆ShdaowForece
|html|wowiekazoweeShdaowForece    
|uhtml|bestof|Game 2 of a best-of-3
|t:|1756181529
|gametype|doubles
|player|p1|wowiekazowee|idol|1166
|player|p2|ShdaowForece|lucas|1199
|gen|9
|tier|[Gen 9] VGC 2025 Reg H (Bo3)
|rated|
|rule|Species Clause: Limit one of each Pokémon
|rule|Item Clause: Limit 1 of each item
|clearpoke
|poke|p1|Pelipper, L50, M|
|poke|p1|Basculegion, L50, M|
|poke|p1|Archaludon, L50, M|
|poke|p1|Incineroar, L50, M|
|poke|p1|Sinistcha, L50|
|poke|p1|Ursaluna, L50, M|
|poke|p2|Gholdengo, L50|
|poke|p2|Incineroar, L50, M|
|poke|p2|Rillaboom, L50, M|
|poke|p2|Dragonite, L50, F|
|poke|p2|Sneasler, L50, F|
|poke|p2|Whimsicott, L50, F|
|teampreview|4
|showteam|p1|Pelipper||FocusSash|Drizzle|Hurricane,WeatherBall,Tailwind,WideGuard|||M|||50|,,,,,Ghost]Basculegion||MysticWater|SwiftSwim|Protect,WaveCrash,AquaJet,LastRespects|||M|||50|,,,,,Water]Archaludon||AssaultVest|Stamina|ElectroShot,DracoMeteor,FlashCannon,BodyPress|||M|||50|,,,,,Grass]Incineroar||SafetyGoggles|Intimidate|FakeOut,FlareBlitz,KnockOff,PartingShot|||M|||50|,,,,,Water]Sinistcha||SitrusBerry|Hospitality|MatchaGotcha,LifeDew,RagePowder,TrickRoom||||||50|,,,,,Water]Ursaluna||FlameOrb|Guts|Facade,HeadlongRush,SwordsDance,Protect|||M|||50|,,,,,Ghost
|showteam|p2|Gholdengo||Leftovers|GoodasGold|MakeItRain,ShadowBall,NastyPlot,Protect||||||50|,,,,,Steel]Incineroar||SitrusBerry|Intimidate|FlareBlitz,KnockOff,FakeOut,PartingShot|||M|||50|,,,,,Grass]Rillaboom||AssaultVest|GrassySurge|WoodHammer,FakeOut,GrassyGlide,HighHorsepower|||M|||50|,,,,,Water]Dragonite||ChoiceBand|Multiscale|ExtremeSpeed,Outrage,StompingTantrum,IceSpinner|||F|||50|,,,,,Normal]Sneasler||WhiteHerb|Pressure|CloseCombat,DireClaw,Coaching,Protect|||F|||50|,,,,,Stellar]Whimsicott||CovertCloak|Prankster|Moonblast,Tailwind,Encore,FakeTears|||F|||50|,,,,,Poison
|
|t:|1756181559
|teamsize|p1|4
|teamsize|p2|4
|start
|switch|p1a: Pelipper|Pelipper, L50, M|100/100
|switch|p1b: Archaludon|Archaludon, L50, M|100/100
|switch|p2a: Gholdengo|Gholdengo, L50|100/100
|switch|p2b: Rillaboom|Rillaboom, L50, M|100/100
|-fieldstart|move: Grassy Terrain|[from] ability: Grassy Surge|[of] p2b: Rillaboom
|-weather|RainDance|[from] ability: Drizzle|[of] p1a: Pelipper
|turn|1
|
|t:|1756181576
|move|p2b: Rillaboom|Fake Out|p1b: Archaludon
|-resisted|p1b: Archaludon
|-damage|p1b: Archaludon|96/100
|-ability|p1b: Archaludon|Stamina|boost
|-boost|p1b: Archaludon|def|1
|move|p2a: Gholdengo|Nasty Plot|p2a: Gholdengo
|-boost|p2a: Gholdengo|spa|2
|cant|p1b: Archaludon|flinch
|move|p1a: Pelipper|Hurricane|p2b: Rillaboom
|-supereffective|p2b: Rillaboom
|-damage|p2b: Rillaboom|39/100
|-start|p2b: Rillaboom|confusion
|
|-weather|RainDance|[upkeep]
|-heal|p2b: Rillaboom|44/100|[from] Grassy Terrain
|-heal|p1b: Archaludon|100/100|[from] Grassy Terrain
|upkeep
|turn|2
|
|t:|1756181595
|move|p2a: Gholdengo|Protect|p2a: Gholdengo
|-singleturn|p2a: Gholdengo|Protect
|-activate|p2b: Rillaboom|confusion
|-damage|p2b: Rillaboom|33/100|[from] confusion
|move|p1b: Archaludon|Electro Shot||[still]
|-prepare|p1b: Archaludon|Electro Shot
|-boost|p1b: Archaludon|spa|1
|-anim|p1b: Archaludon|Electro Shot|p2a: Gholdengo
|-activate|p2a: Gholdengo|move: Protect
|move|p1a: Pelipper|Hurricane|p2b: Rillaboom
|-supereffective|p2b: Rillaboom
|-damage|p2b: Rillaboom|0 fnt
|faint|p2b: Rillaboom
|
|-weather|RainDance|[upkeep]
|upkeep
|
|t:|1756181613
|switch|p2b: Whimsicott|Whimsicott, L50, F|100/100
|turn|3
|
|t:|1756181628
|-terastallize|p2b: Whimsicott|Poison
|move|p1a: Pelipper|Wide Guard|p1a: Pelipper
|-singleturn|p1a: Pelipper|Wide Guard
|move|p2b: Whimsicott|Fake Tears|p1b: Archaludon
|-unboost|p1b: Archaludon|spd|2
|move|p2a: Gholdengo|Shadow Ball|p1b: Archaludon
|-damage|p1b: Archaludon|0 fnt
|faint|p1b: Archaludon
|
|-weather|RainDance|[upkeep]
|upkeep
|
|t:|1756181637
|switch|p1b: Basculegion|Basculegion, L50, M|100/100
|turn|4
|
|t:|1756181662
|move|p2a: Gholdengo|Protect|p2a: Gholdengo
|-singleturn|p2a: Gholdengo|Protect
|move|p2b: Whimsicott|Encore|p1a: Pelipper
|-start|p1a: Pelipper|Encore
|move|p1b: Basculegion|Wave Crash|p2a: Gholdengo
|-activate|p2a: Gholdengo|move: Protect
|move|p1a: Pelipper|Wide Guard||[still]
|-fail|p1a: Pelipper
|
|-weather|RainDance|[upkeep]
|upkeep
|turn|5
|
|t:|1756181677
|switch|p1b: Incineroar|Incineroar, L50, M|100/100
|-ability|p1b: Incineroar|Intimidate|boost
|-unboost|p2a: Gholdengo|atk|1
|-unboost|p2b: Whimsicott|atk|1
|move|p1a: Pelipper|Wide Guard|p1a: Pelipper
|-singleturn|p1a: Pelipper|Wide Guard
|move|p2b: Whimsicott|Tailwind|p2b: Whimsicott
|-sidestart|p2: ShdaowForece|move: Tailwind
|move|p2a: Gholdengo|Shadow Ball|p1b: Incineroar
|-resisted|p1b: Incineroar
|-damage|p1b: Incineroar|61/100
|
|-weather|none
|-heal|p1b: Incineroar|66/100|[from] Grassy Terrain
|-fieldend|move: Grassy Terrain
|upkeep
|turn|6
|
|t:|1756181697
|switch|p1a: Basculegion|Basculegion, L50, M|100/100
|move|p1b: Incineroar|Fake Out|p2b: Whimsicott
|-damage|p2b: Whimsicott|81/100
|move|p2b: Whimsicott|Moonblast|p1a: Basculegion
|-damage|p1a: Basculegion|70/100
|-unboost|p1a: Basculegion|spa|1
|move|p2a: Gholdengo|Shadow Ball|p1a: Basculegion
|-supereffective|p1a: Basculegion
|-damage|p1a: Basculegion|0 fnt
|faint|p1a: Basculegion
|
|upkeep
|
|t:|1756181709
|switch|p1a: Pelipper|Pelipper, L50, M|100/100
|-weather|RainDance|[from] ability: Drizzle|[of] p1a: Pelipper
|turn|7
|
|t:|1756181718
|move|p2a: Gholdengo|Protect|p2a: Gholdengo
|-singleturn|p2a: Gholdengo|Protect
|move|p2b: Whimsicott|Moonblast|p1a: Pelipper
|-damage|p1a: Pelipper|59/100
|move|p1b: Incineroar|Knock Off|p2a: Gholdengo
|-activate|p2a: Gholdengo|move: Protect
|move|p1a: Pelipper|Hurricane|p2b: Whimsicott
|-damage|p2b: Whimsicott|21/100
|
|-weather|RainDance|[upkeep]
|upkeep
|turn|8
|
|t:|1756181741
|move|p2b: Whimsicott|Moonblast|p1a: Pelipper
|-damage|p1a: Pelipper|21/100
|move|p2a: Gholdengo|Shadow Ball|p1a: Pelipper
|-damage|p1a: Pelipper|0 fnt
|faint|p1a: Pelipper
|move|p1b: Incineroar|Knock Off|p2b: Whimsicott
|-damage|p2b: Whimsicott|0 fnt
|-enditem|p2b: Whimsicott|Covert Cloak|[from] move: Knock Off|[of] p1b: Incineroar
|faint|p2b: Whimsicott
|
|-weather|RainDance|[upkeep]
|-sideend|p2: ShdaowForece|move: Tailwind
|upkeep
|
|t:|1756181752
|switch|p2b: Sneasler|Sneasler, L50, F|100/100
|-ability|p2b: Sneasler|Pressure
|turn|9
|
|t:|1756181759
|move|p2b: Sneasler|Close Combat|p1b: Incineroar
|-supereffective|p1b: Incineroar
|-damage|p1b: Incineroar|0 fnt
|-unboost|p2b: Sneasler|def|1
|-unboost|p2b: Sneasler|spd|1
|faint|p1b: Incineroar
|-enditem|p2b: Sneasler|White Herb
|-clearnegativeboost|p2b: Sneasler|[silent]
|
|win|ShdaowForece
||wowiekazowee is ready for game 3.
||ShdaowForece is ready for game 3.
|uhtml|next|Next: Game 3 of 3
|l|☆ShdaowForece
|player|p2|
