|j|☆Njstinks
|j|☆eutherians
|html|Njstinkseutherians    
|uhtml|bestof|Game 2 of a best-of-3
|t:|1756990452
|gametype|doubles
|player|p1|Njstinks|266|1363
|player|p2|eutherians|1|1301
|gen|9
|tier|[Gen 9] VGC 2025 Reg H (Bo3)
|rated|
|rule|Species Clause: Limit one of each Pokémon
|rule|Item Clause: Limit 1 of each item
|clearpoke
|poke|p1|Sneasler, L50, F|
|poke|p1|Dondozo, L50, F|
|poke|p1|Tatsugiri, L50, M|
|poke|p1|Indeedee, L50, M|
|poke|p1|Talonflame, L50, F|
|poke|p1|Ursaluna-Bloodmoon, L50, M|
|poke|p2|Archaludon, L50, M|
|poke|p2|Pelipper, L50, F|
|poke|p2|Blastoise, L50, F|
|poke|p2|Dragonite, L50, M|
|poke|p2|Sneasler, L50, M|
|poke|p2|Indeedee-F, L50, F|
|teampreview|4
|showteam|p1|Sneasler||PsychicSeed|Unburden|DireClaw,CloseCombat,Protect,ThroatChop|||F|||50|,,,,,Dark]Dondozo||Leftovers|Unaware|WaveCrash,HeavySlam,OrderUp,Protect|||F|||50|,,,,,Grass]Tatsugiri||ChoiceScarf|Commander|DracoMeteor,MuddyWater,IcyWind,DragonPulse|||M|||50|,,,,,Water]Indeedee||FocusSash|PsychicSurge|ExpandingForce,HelpingHand,TrickRoom,Protect|||M|||50|,,,,,Psychic]Talonflame||CovertCloak|GaleWings|BraveBird,FlareBlitz,Tailwind,WillOWisp|||F|||50|,,,,,Ghost]Ursaluna-Bloodmoon||LifeOrb|MindsEye|HyperVoice,BloodMoon,EarthPower,Protect|||M|||50|,,,,,Normal
|showteam|p2|Archaludon||AssaultVest|Stamina|BodyPress,ElectroShot,DragonPulse,FlashCannon|||M|||50|,,,,,Bug]Pelipper||ChoiceScarf|Drizzle|Hurricane,MuddyWater,Tailwind,HelpingHand|||F|||50|,,,,,Ghost]Blastoise||SplashPlate|Torrent|WaterSpout,WaterPledge,ShellSmash,Protect|||F|||50|,,,,,Water]Dragonite||LoadedDice|Multiscale|ScaleShot,StompingTantrum,Haze,Protect|||M|||50|,,,,,Steel]Sneasler||PsychicSeed|Unburden|DireClaw,CloseCombat,ThroatChop,Protect|||M|||50|,,,,,Dark]Indeedee-F||SafetyGoggles|PsychicSurge|Psychic,Protect,HelpingHand,FollowMe|||F|||50|,,,,,Fairy
|
|t:|1756990461
|teamsize|p1|4
|teamsize|p2|4
|start
|switch|p1a: Talonflame|Talonflame, L50, F|100/100
|switch|p1b: Ursaluna|Ursaluna-Bloodmoon, L50, M|100/100
|switch|p2a: Dragonite|Dragonite, L50, M|100/100
|switch|p2b: Sneasler|Sneasler, L50, M|100/100
|turn|1
|inactive|Battle timer is ON: inactive players will automatically lose when time's up. (requested by eutherians)
|
|t:|1756990510
|move|p2b: Sneasler|Protect|p2b: Sneasler
|-singleturn|p2b: Sneasler|Protect
|move|p1a: Talonflame|Will-O-Wisp|p2a: Dragonite
|-status|p2a: Dragonite|brn
|move|p2a: Dragonite|Scale Shot|p1a: Talonflame|[miss]
|-miss|p2a: Dragonite|p1a: Talonflame
|move|p1b: Ursaluna|Earth Power|p2b: Sneasler
|-activate|p2b: Sneasler|move: Protect
|
|-damage|p2a: Dragonite|95/100 brn|[from] brn
|upkeep
|turn|2
|
|t:|1756990533
|switch|p2a: Indeedee|Indeedee-F, L50, F|100/100
|-fieldstart|move: Psychic Terrain|[from] ability: Psychic Surge|[of] p2a: Indeedee
|-enditem|p2b: Sneasler|Psychic Seed
|-boost|p2b: Sneasler|spd|1|[from] item: Psychic Seed
|move|p1b: Ursaluna|Protect|p1b: Ursaluna
|-singleturn|p1b: Ursaluna|Protect
|move|p1a: Talonflame|Tailwind|p1a: Talonflame
|-sidestart|p1: Njstinks|move: Tailwind
|move|p2b: Sneasler|Close Combat|p1b: Ursaluna
|-activate|p1b: Ursaluna|move: Protect
|
|upkeep
|turn|3
|
|t:|1756990552
|switch|p1a: Dondozo|Dondozo, L50, F|100/100
|switch|p1b: Tatsugiri|Tatsugiri, L50, M|100/100
|-activate|p1b: Tatsugiri|ability: Commander|[of] p1a: Dondozo
|-boost|p1a: Dondozo|atk|2
|-boost|p1a: Dondozo|spa|2
|-boost|p1a: Dondozo|spe|2
|-boost|p1a: Dondozo|def|2
|-boost|p1a: Dondozo|spd|2
|move|p2a: Indeedee|Helping Hand|p2b: Sneasler
|-singleturn|p2b: Sneasler|Helping Hand|[of] p2a: Indeedee
|move|p2b: Sneasler|Close Combat|p1b: Tatsugiri|[miss]
|-miss|p2b: Sneasler|p1b: Tatsugiri
|
|upkeep
|turn|4
|
|t:|1756990560
|move|p2a: Indeedee|Follow Me|p2a: Indeedee
|-singleturn|p2a: Indeedee|move: Follow Me
|move|p1a: Dondozo|Wave Crash|p2a: Indeedee
|-damage|p2a: Indeedee|0 fnt
|faint|p2a: Indeedee
|-damage|p1a: Dondozo|75/100|[from] Recoil
|move|p2b: Sneasler|Dire Claw|p1a: Dondozo
|-crit|p1a: Dondozo
|-damage|p1a: Dondozo|29/100
|
|-heal|p1a: Dondozo|35/100|[from] item: Leftovers
|upkeep
|
|t:|1756990575
|switch|p2a: Dragonite|Dragonite, L50, M|95/100 brn
|turn|5
|
|t:|1756990591
|-terastallize|p2a: Dragonite|Steel
|move|p2b: Sneasler|Protect|p2b: Sneasler
|-singleturn|p2b: Sneasler|Protect
|move|p1a: Dondozo|Order Up|p2a: Dragonite
|-resisted|p2a: Dragonite
|-damage|p2a: Dragonite|63/100 brn
|-boost|p1a: Dondozo|atk|1
|move|p2a: Dragonite|Haze|p2a: Dragonite
|-clearallboost
|
|-heal|p1a: Dondozo|42/100|[from] item: Leftovers
|-damage|p2a: Dragonite|57/100 brn|[from] brn
|-sideend|p1: Njstinks|move: Tailwind
|upkeep
|turn|6
|
|t:|1756990603
|move|p1a: Dondozo|Protect|p1a: Dondozo
|-singleturn|p1a: Dondozo|Protect
|move|p2b: Sneasler|Close Combat|p1a: Dondozo
|-activate|p1a: Dondozo|move: Protect
|move|p2a: Dragonite|Scale Shot|p1b: Tatsugiri|[miss]
|-miss|p2a: Dragonite|p1b: Tatsugiri
|
|-heal|p1a: Dondozo|48/100|[from] item: Leftovers
|-damage|p2a: Dragonite|51/100 brn|[from] brn
|-fieldend|move: Psychic Terrain
|upkeep
|turn|7
|
|t:|1756990612
|move|p2b: Sneasler|Dire Claw|p1a: Dondozo
|-damage|p1a: Dondozo|18/100
|-status|p1a: Dondozo|slp
|move|p2a: Dragonite|Scale Shot|p1a: Dondozo
|-damage|p1a: Dondozo|13/100 slp
|-damage|p1a: Dondozo|8/100 slp
|-damage|p1a: Dondozo|3/100 slp
|-damage|p1a: Dondozo|0 fnt
|faint|p1a: Dondozo
|-hitcount|p1: Dondozo|4
|-unboost|p2a: Dragonite|def|1
|-boost|p2a: Dragonite|spe|1
|
|-damage|p2a: Dragonite|45/100 brn|[from] brn
|upkeep
|
|t:|1756990629
|switch|p1a: Talonflame|Talonflame, L50, F|100/100
|turn|8
|inactive|eutherians has 30 seconds left.
|
|t:|1756990656
|-terastallize|p1b: Tatsugiri|Water
|move|p2b: Sneasler|Protect|p2b: Sneasler
|-singleturn|p2b: Sneasler|Protect
|move|p1a: Talonflame|Brave Bird|p2b: Sneasler
|-activate|p2b: Sneasler|move: Protect
|move|p1b: Tatsugiri|Muddy Water|p2a: Dragonite|[spread] p2a
|-activate|p2b: Sneasler|move: Protect
|-damage|p2a: Dragonite|0 fnt
|faint|p2a: Dragonite
|
|upkeep
|
|t:|1756990667
|switch|p2a: Archaludon|Archaludon, L50, M|100/100
|turn|9
|
|t:|1756990685
|move|p2b: Sneasler|Protect|p2b: Sneasler
|-singleturn|p2b: Sneasler|Protect
|move|p1a: Talonflame|Brave Bird|p2b: Sneasler
|-activate|p2b: Sneasler|move: Protect
|move|p1b: Tatsugiri|Muddy Water|p2a: Archaludon|[spread] 
|-activate|p2b: Sneasler|move: Protect
|-miss|p1b: Tatsugiri|p2a: Archaludon
|move|p2a: Archaludon|Dragon Pulse|p1a: Talonflame
|-damage|p1a: Talonflame|39/100
|
|upkeep
|turn|10
|
|t:|1756990708
|move|p2b: Sneasler|Dire Claw|p1a: Talonflame
|-damage|p1a: Talonflame|0 fnt
|faint|p1a: Talonflame
|move|p1b: Tatsugiri|Muddy Water|p2a: Archaludon|[spread] p2a,p2b
|-resisted|p2a: Archaludon
|-damage|p2a: Archaludon|84/100
|-damage|p2b: Sneasler|33/100
|-unboost|p2a: Archaludon|accuracy|1
|-unboost|p2b: Sneasler|accuracy|1
|-ability|p2a: Archaludon|Stamina|boost
|-boost|p2a: Archaludon|def|1
|move|p2a: Archaludon|Electro Shot||[still]
|-prepare|p2a: Archaludon|Electro Shot
|-boost|p2a: Archaludon|spa|1
|
|upkeep
|
|t:|1756990711
|switch|p1a: Ursaluna|Ursaluna-Bloodmoon, L50, M|100/100
|turn|11
|
|t:|1756990723
|move|p1a: Ursaluna|Protect|p1a: Ursaluna
|-singleturn|p1a: Ursaluna|Protect
|move|p2b: Sneasler|Close Combat|p1a: Ursaluna
|-activate|p1a: Ursaluna|move: Protect
|move|p1b: Tatsugiri|Muddy Water|p2b: Sneasler|[spread] p2a,p2b
|-resisted|p2a: Archaludon
|-damage|p2a: Archaludon|68/100
|-damage|p2b: Sneasler|0 fnt
|-ability|p2a: Archaludon|Stamina|boost
|-boost|p2a: Archaludon|def|1
|faint|p2b: Sneasler
|move|p2a: Archaludon|Electro Shot|p1b: Tatsugiri|[from] lockedmove
|-supereffective|p1b: Tatsugiri
|-damage|p1b: Tatsugiri|0 fnt
|faint|p1b: Tatsugiri
|
|upkeep
|turn|12
|
|t:|1756990734
|move|p2a: Archaludon|Body Press|p1a: Ursaluna
|-supereffective|p1a: Ursaluna
|-damage|p1a: Ursaluna|23/100
|move|p1a: Ursaluna|Earth Power|p2a: Archaludon
|-supereffective|p2a: Archaludon
|-damage|p2a: Archaludon|0 fnt
|faint|p2a: Archaludon
|-damage|p1a: Ursaluna|13/100|[from] item: Life Orb
|
|win|Njstinks
|raw|Njstinks's rating: 1363 → 1379(+16 for winning)
|raw|eutherians's rating: 1301 → 1285(-16 for losing)
|l|☆eutherians
|player|p2|
