|j|☆megaurshifuplease
|j|☆bruh.mov
|html|megaurshifupleasebruh.mov    
|uhtml|bestof|Game 1 of a best-of-3
|t:|1783287826
|gametype|doubles
|player|p1|megaurshifuplease|red|1155
|player|p2|bruh.mov|ghetsis|1129
|gen|9
|tier|[Gen 9 Champions] VGC 2026 Reg M-B (Bo3)
|rated|
|rule|Species Clause: Limit one of each Pokémon
|rule|Item Clause: Limit 1 of each item
|clearpoke
|poke|p1|Mawile, L50, M|
|poke|p1|Sinistcha-Masterpiece, L50|
|poke|p1|Incineroar, L50, F|
|poke|p1|Grimmsnarl, L50, M|
|poke|p1|Garchomp, L50, F|
|poke|p1|Annihilape, L50, F|
|poke|p2|Swampert, L50, M|
|poke|p2|Sableye, L50, M|
|poke|p2|Sinistcha, L50, shiny|
|poke|p2|Archaludon, L50, M, shiny|
|poke|p2|Bellibolt, L50, M, shiny|
|poke|p2|Golurk, L50, shiny|
|teampreview|4
|showteam|p1|Mawile||Mawilite|HyperCutter|PlayRough,SuckerPunch,SwordsDance,Protect|Adamant||M|||50|]Sinistcha-Masterpiece||KasibBerry|Hospitality|LifeDew,TrickRoom,RagePowder,MatchaGotcha|Relaxed|||||50|]Incineroar||PasshoBerry|Intimidate|FakeOut,ThroatChop,FlareBlitz,PartingShot|Adamant||F|||50|]Grimmsnarl||LightClay|Prankster|PartingShot,Reflect,LightScreen,SpiritBreak|Impish||M|||50|]Garchomp||ChoiceScarf|SandVeil|Earthquake,DragonClaw,RockTomb,StompingTantrum|Adamant||F|||50|]Annihilape||SitrusBerry|Defiant|RageFist,DrainPunch,BulkUp,Protect|Adamant||F|||50|
|showteam|p2|Swampert||Swampertite|Torrent|WaveCrash,IcePunch,RockSlide,Earthquake|Jolly||M|||50|]Sableye||LightClay|Prankster|FoulPlay,RainDance,Reflect,LightScreen|Sassy||M|||50|]Sinistcha||SitrusBerry|Hospitality|LifeDew,MatchaGotcha,RagePowder,ShadowBall|Bold|||||50|]Archaludon||Leftovers|Stamina|ElectroShot,DragonPulse,FlashCannon,Protect|Modest||M|||50|]Bellibolt||ShellBell|Electromorphosis|ParabolicCharge,WeatherBall,Soak,Toxic|Quiet||M|||50|]Golurk||WhiteHerb|NoGuard|DynamicPunch,Poltergeist,HeadlongRush,HelpingHand|Jolly|||||50|
|inactive|Battle timer is ON: inactive players will automatically lose when time's up. (requested by megaurshifuplease)
|inactive|megaurshifuplease has 60 seconds left.
|inactive|bruh.mov has 60 seconds left.
|
|t:|1783287866
|teamsize|p1|4
|teamsize|p2|4
|start
|switch|p1a: Mawile|Mawile, L50, M|100/100
|switch|p1b: Incineroar|Incineroar, L50, F|100/100
|switch|p2a: Sableye|Sableye, L50, M|100/100
|switch|p2b: Golurk|Golurk, L50, shiny|100/100
|-ability|p1b: Incineroar|Intimidate|boost
|-unboost|p2a: Sableye|atk|1
|-unboost|p2b: Golurk|atk|1
|-enditem|p2b: Golurk|White Herb
|-clearnegativeboost|p2b: Golurk|[silent]
|turn|1
|inactive|bruh.mov has 30 seconds left.
|
|t:|1783287893
|detailschange|p1a: Mawile|Mawile-Mega, L50, M
|-mega|p1a: Mawile|Mawile|Mawilite
|move|p1a: Mawile|Protect|p1a: Mawile
|-singleturn|p1a: Mawile|Protect
|move|p2a: Sableye|Reflect|p2a: Sableye
|-sidestart|p2: bruh.mov|Reflect
|move|p2b: Golurk|Headlong Rush|p1a: Mawile
|-activate|p1a: Mawile|move: Protect
|move|p1b: Incineroar|Throat Chop|p2b: Golurk
|-supereffective|p2b: Golurk|1
|-damage|p2b: Golurk|39/100
|-start|p2b: Golurk|Throat Chop|[silent]
|
|upkeep
|turn|2
|inactive|megaurshifuplease has 30 seconds left.
|
|t:|1783287924
|switch|p2b: Swampert|Swampert, L50, M|100/100
|move|p1a: Mawile|Sucker Punch||[still]
|-fail|p1a: Mawile
|move|p2a: Sableye|Rain Dance|p2a: Sableye
|-weather|RainDance
|move|p1b: Incineroar|Parting Shot|p2b: Swampert
|-unboost|p2b: Swampert|atk|1
|-unboost|p2b: Swampert|spa|1
|
|t:|1783287934
|switch|p1b: Sinistcha|Sinistcha-Masterpiece, L50|100/100|[from] Parting Shot
|
|-weather|RainDance|[upkeep]
|upkeep
|turn|3
|
|t:|1783287951
|switch|p2b: Golurk|Golurk, L50, shiny|39/100
|move|p1a: Mawile|Protect|p1a: Mawile
|-singleturn|p1a: Mawile|Protect
|move|p1b: Sinistcha|Matcha Gotcha|p2b: Golurk|[spread] p2b
|-miss|p1b: Sinistcha|p2a: Sableye
|-supereffective|p2b: Golurk|1
|-damage|p2b: Golurk|0 fnt
|faint|p2b: Golurk
|move|p2a: Sableye|Foul Play|p1b: Sinistcha
|-supereffective|p1b: Sinistcha|1
|-damage|p1b: Sinistcha|66/100
|
|-weather|RainDance|[upkeep]
|upkeep
|
|t:|1783287963
|switch|p2b: Bellibolt|Bellibolt, L50, M, shiny|100/100
|turn|4
|
|t:|1783287973
|move|p2a: Sableye|Light Screen|p2a: Sableye
|-sidestart|p2: bruh.mov|move: Light Screen
|move|p1a: Mawile|Play Rough|p2a: Sableye
|-supereffective|p2a: Sableye|1
|-damage|p2a: Sableye|0 fnt
|faint|p2a: Sableye
|move|p2b: Bellibolt|Parabolic Charge|p1a: Mawile|[spread] p1a,p1b
|-resisted|p1b: Sinistcha|1
|-damage|p1a: Mawile|71/100
|-damage|p1b: Sinistcha|54/100
|move|p1b: Sinistcha|Trick Room|p1b: Sinistcha
|-fieldstart|move: Trick Room|[of] p1b: Sinistcha
|
|-weather|RainDance|[upkeep]
|upkeep
|
|t:|1783287977
|switch|p2a: Swampert|Swampert, L50, M|100/100
|turn|5
|
|t:|1783287994
|detailschange|p2a: Swampert|Swampert-Mega, L50, M
|-mega|p2a: Swampert|Swampert|Swampertite
|move|p2b: Bellibolt|Soak|p1b: Sinistcha
|-start|p1b: Sinistcha|typechange|Water
|move|p1a: Mawile|Play Rough|p2a: Swampert
|-damage|p2a: Swampert|43/100
|move|p1b: Sinistcha|Matcha Gotcha|p2a: Swampert|[spread] p2a,p2b
|-supereffective|p2a: Swampert|2
|-damage|p2a: Swampert|0 fnt
|-heal|p1b: Sinistcha|76/100|[from] drain|[of] p2a: Swampert
|-damage|p2b: Bellibolt|90/100
|-heal|p1b: Sinistcha|82/100|[from] drain|[of] p2b: Bellibolt
|-start|p2b: Bellibolt|Charge|Matcha Gotcha|[from] ability: Electromorphosis
|faint|p2a: Swampert
|
|-weather|RainDance|[upkeep]
|upkeep
|turn|6
|
|t:|1783288016
|switch|p1b: Garchomp|Garchomp, L50, F|100/100
|move|p1a: Mawile|Protect|p1a: Mawile
|-singleturn|p1a: Mawile|Protect
|move|p2b: Bellibolt|Parabolic Charge|p1b: Garchomp|[spread] 
|-activate|p1a: Mawile|move: Protect
|-immune|p1b: Garchomp
|-end|p2b: Bellibolt|Charge|[silent]
|
|-weather|none
|upkeep
|turn|7
|
|t:|1783288032
|move|p2b: Bellibolt|Soak|p1b: Garchomp
|-start|p1b: Garchomp|typechange|Water
|move|p1a: Mawile|Play Rough|p2b: Bellibolt
|-damage|p2b: Bellibolt|40/100
|-start|p2b: Bellibolt|Charge|Play Rough|[from] ability: Electromorphosis
|move|p1b: Garchomp|Stomping Tantrum|p2b: Bellibolt
|-supereffective|p2b: Bellibolt|1
|-damage|p2b: Bellibolt|4/100
|-start|p2b: Bellibolt|Charge|Stomping Tantrum|[from] ability: Electromorphosis
|
|upkeep
|turn|8
|
|t:|1783288049
|move|p1a: Mawile|Sucker Punch|p2b: Bellibolt
|-damage|p2b: Bellibolt|0 fnt
|faint|p2b: Bellibolt
|
|win|megaurshifuplease
||bruh.mov is ready for game 2.
|raw|megaurshifuplease's rating: 1155 → 1178(+23 for winning)
|raw|bruh.mov's rating: 1129 → 1106(-23 for losing)
|l|☆bruh.mov
|player|p2|
