|j|☆NeonIsNuts
|j|☆f27 BuffLucario
|html|NeonIsNutsf27 BuffLucario    
|uhtml|bestof|Game 2 of a best-of-3
|t:|1783337865
|gametype|doubles
|player|p1|NeonIsNuts|102|1192
|player|p2|f27 BuffLucario|266|1228
|gen|9
|tier|[Gen 9 Champions] VGC 2026 Reg M-B (Bo3)
|rated|
|rule|Species Clause: Limit one of each Pokémon
|rule|Item Clause: Limit 1 of each item
|clearpoke
|poke|p1|Archaludon, L50, M|
|poke|p1|Tyranitar, L50, M|
|poke|p1|Sylveon, L50, F|
|poke|p1|Toxapex, L50, M|
|poke|p1|Aggron, L50, F|
|poke|p1|Sinistcha, L50|
|poke|p2|Lucario, L50, M, shiny|
|poke|p2|Tsareena, L50, F|
|poke|p2|Aerodactyl, L50, F|
|poke|p2|Delphox, L50, M, shiny|
|poke|p2|Garchomp, L50, M|
|poke|p2|Basculegion, L50, M|
|teampreview|4
|showteam|p1|Archaludon||Leftovers|Stamina|Roar,StealthRock,DragonPulse,FlashCannon|Calm||M|||50|]Tyranitar||Tyranitarite|SandStream|StealthRock,Roar,RockSlide,KnockOff|Adamant||M|||50|]Sylveon||FairyFeather|Pixilate|HyperVoice,Roar,MysticalFire,Protect|Quiet||F|||50|]Toxapex||MentalHerb|Regenerator|ToxicSpikes,BanefulBunker,Infestation,Recover|Bold||M|||50|]Aggron||Aggronite|Sturdy|Roar,StealthRock,IronDefense,BodyPress|Calm||F|||50|]Sinistcha||SitrusBerry|Hospitality|MatchaGotcha,LifeDew,RagePowder,Protect|Bold|||||50|
|showteam|p2|Lucario||Lucarionite|InnerFocus|IcePunch,CloseCombat,MeteorMash,Protect|Jolly||M|||50|]Tsareena||SitrusBerry|QueenlyMajesty|TropKick,Taunt,TripleAxel,Protect|Jolly||F|||50|]Aerodactyl||FocusSash|Unnerve|RockSlide,Protect,DualWingbeat,Tailwind|Jolly||F|||50|]Delphox||Delphoxite|Blaze|HeatWave,Psyshock,Substitute,Protect|Timid||M|||50|]Garchomp||LifeOrb|RoughSkin|Earthquake,DragonClaw,RockTomb,Protect|Jolly||M|||50|]Basculegion||ChoiceScarf|Adaptability|AquaJet,WaveCrash,LastRespects,FlipTurn|Jolly||M|||50|
|
|t:|1783337890
|teamsize|p1|4
|teamsize|p2|4
|start
|switch|p1a: Aggron|Aggron, L50, F|100/100
|switch|p1b: Toxapex|Toxapex, L50, M|100/100
|switch|p2a: Lucario|Lucario, L50, M, shiny|100/100
|switch|p2b: Delphox|Delphox, L50, M, shiny|100/100
|turn|1
|
|t:|1783337912
|detailschange|p2b: Delphox|Delphox-Mega, L50, M, shiny
|-mega|p2b: Delphox|Delphox|Delphoxite
|detailschange|p1a: Aggron|Aggron-Mega, L50, F
|-mega|p1a: Aggron|Aggron|Aggronite
|move|p2b: Delphox|Psyshock|p1b: Toxapex
|-supereffective|p1b: Toxapex|1
|-damage|p1b: Toxapex|45/100
|move|p2a: Lucario|Close Combat|p1a: Aggron
|-supereffective|p1a: Aggron|1
|-damage|p1a: Aggron|55/100
|-unboost|p2a: Lucario|def|1
|-unboost|p2a: Lucario|spd|1
|move|p1b: Toxapex|Toxic Spikes|p2b: Delphox
|-sidestart|p2: f27 BuffLucario|move: Toxic Spikes
|move|p1a: Aggron|Roar|p2b: Delphox
|drag|p2b: Tsareena|Tsareena, L50, F|100/100
|-status|p2b: Tsareena|psn
|
|-damage|p2b: Tsareena|87/100 psn|[from] psn
|upkeep
|turn|2
|
|t:|1783337929
|-heal|p1b: Toxapex|78/100|[from] ability: Regenerator|[silent]
|switch|p1b: Sinistcha|Sinistcha, L50|100/100
|-heal|p1a: Aggron|80/100|[from] ability: Hospitality|[of] p1b: Sinistcha
|move|p2a: Lucario|Ice Punch|p1b: Sinistcha
|-supereffective|p1b: Sinistcha|1
|-damage|p1b: Sinistcha|69/100
|move|p2b: Tsareena|Triple Axel|p1b: Sinistcha
|-supereffective|p1b: Sinistcha|1
|-damage|p1b: Sinistcha|60/100
|-supereffective|p1b: Sinistcha|1
|-damage|p1b: Sinistcha|43/100
|-enditem|p1b: Sinistcha|Sitrus Berry|[eat]
|-heal|p1b: Sinistcha|68/100|[from] item: Sitrus Berry
|-supereffective|p1b: Sinistcha|1
|-damage|p1b: Sinistcha|42/100
|-hitcount|p1b: Sinistcha|3
|move|p1a: Aggron|Iron Defense|p1a: Aggron
|-boost|p1a: Aggron|def|2
|
|-damage|p2b: Tsareena|75/100 psn|[from] psn
|upkeep
|turn|3
|
|t:|1783337948
|move|p2a: Lucario|Protect|p2a: Lucario
|-singleturn|p2a: Lucario|Protect
|move|p2b: Tsareena|Taunt|p1a: Aggron
|-start|p1a: Aggron|move: Taunt
|move|p1b: Sinistcha|Life Dew|p1b: Sinistcha|[spread] p1a,p1b
|-heal|p1a: Aggron|100/100
|-heal|p1b: Sinistcha|67/100
|cant|p1a: Aggron|move: Taunt|Iron Defense
|
|-damage|p2b: Tsareena|62/100 psn|[from] psn
|upkeep
|turn|4
|
|t:|1783337965
|switch|p2a: Garchomp|Garchomp, L50, M|100/100
|-status|p2a: Garchomp|psn
|move|p2b: Tsareena|Trop Kick|p1b: Sinistcha
|-resisted|p1b: Sinistcha|1
|-damage|p1b: Sinistcha|55/100
|-unboost|p1b: Sinistcha|atk|1
|move|p1b: Sinistcha|Matcha Gotcha|p2b: Tsareena|[spread] p2a,p2b
|-resisted|p2b: Tsareena|1
|-damage|p2a: Garchomp|70/100 psn
|-heal|p1b: Sinistcha|70/100|[from] drain|[of] p2a: Garchomp
|-damage|p2b: Tsareena|48/100 psn
|-heal|p1b: Sinistcha|76/100|[from] drain|[of] p2b: Tsareena
|-enditem|p2b: Tsareena|Sitrus Berry|[eat]
|-heal|p2b: Tsareena|72/100 psn|[from] item: Sitrus Berry
|move|p1a: Aggron|Body Press|p2a: Garchomp
|-damage|p2a: Garchomp|0 fnt
|-damage|p1a: Aggron|87/100|[from] ability: Rough Skin|[of] p2a: Garchomp
|faint|p2a: Garchomp
|
|-damage|p2b: Tsareena|60/100 psn|[from] psn
|upkeep
|
|t:|1783337969
|switch|p2a: Delphox|Delphox-Mega, L50, M, shiny|100/100
|turn|5
|
|t:|1783338002
|move|p1b: Sinistcha|Protect|p1b: Sinistcha
|-singleturn|p1b: Sinistcha|Protect
|move|p2a: Delphox|Heat Wave|p1a: Aggron|[spread] p1a
|-activate|p1b: Sinistcha|move: Protect
|-supereffective|p1a: Aggron|1
|-damage|p1a: Aggron|38/100
|move|p2b: Tsareena|Trop Kick|p1b: Sinistcha
|-activate|p1b: Sinistcha|move: Protect
|move|p1a: Aggron|Body Press|p2a: Delphox
|-resisted|p2a: Delphox|1
|-damage|p2a: Delphox|55/100
|
|-damage|p2b: Tsareena|48/100 psn|[from] psn
|-end|p1a: Aggron|move: Taunt
|upkeep
|turn|6
|
|t:|1783338026
|switch|p1a: Toxapex|Toxapex, L50, M|78/100
|move|p2a: Delphox|Psyshock|p1b: Sinistcha
|-damage|p1b: Sinistcha|47/100
|move|p2b: Tsareena|Trop Kick|p1b: Sinistcha
|-resisted|p1b: Sinistcha|1
|-damage|p1b: Sinistcha|34/100
|-unboost|p1b: Sinistcha|atk|1
|move|p1b: Sinistcha|Life Dew|p1b: Sinistcha|[spread] p1a,p1b
|-heal|p1a: Toxapex|100/100
|-heal|p1b: Sinistcha|59/100
|
|-damage|p2b: Tsareena|35/100 psn|[from] psn
|upkeep
|turn|7
|
|t:|1783338044
|move|p2a: Delphox|Substitute|p2a: Delphox
|-start|p2a: Delphox|Substitute
|-damage|p2a: Delphox|30/100
|move|p2b: Tsareena|Taunt|p1a: Toxapex
|-start|p1a: Toxapex|move: Taunt
|-enditem|p1a: Toxapex|Mental Herb
|-end|p1a: Toxapex|move: Taunt
|move|p1b: Sinistcha|Matcha Gotcha|p2a: Delphox|[spread] p2a,p2b
|-resisted|p2a: Delphox|1
|-activate|p2a: Delphox|move: Substitute|[damage]
|-heal|p1b: Sinistcha|64/100|[from] drain|[of] p2a: Delphox
|-resisted|p2b: Tsareena|1
|-damage|p2b: Tsareena|20/100y psn
|-heal|p1b: Sinistcha|71/100|[from] drain|[of] p2b: Tsareena
|move|p1a: Toxapex|Infestation|p2a: Delphox
|-activate|p2a: Delphox|move: Substitute|[damage]
|
|-damage|p2b: Tsareena|8/100 psn|[from] psn
|upkeep
|turn|8
|
|t:|1783338067
|switch|p2b: Lucario|Lucario, L50, M, shiny|100/100
|switch|p1a: Archaludon|Archaludon, L50, M|100/100
|move|p1b: Sinistcha|Protect|p1b: Sinistcha
|-singleturn|p1b: Sinistcha|Protect
|move|p2a: Delphox|Heat Wave|p1b: Sinistcha|[spread] p1a
|-activate|p1b: Sinistcha|move: Protect
|-damage|p1a: Archaludon|65/100
|-status|p1a: Archaludon|brn
|-ability|p1a: Archaludon|Stamina|boost
|-boost|p1a: Archaludon|def|1
|
|-heal|p1a: Archaludon|72/100 brn|[from] item: Leftovers
|-damage|p1a: Archaludon|65/100 brn|[from] brn
|upkeep
|turn|9
|
|t:|1783338076
|move|p1b: Sinistcha|Rage Powder|p1b: Sinistcha
|-singleturn|p1b: Sinistcha|move: Rage Powder
|move|p2a: Delphox|Heat Wave|p1b: Sinistcha|[spread] p1a,p1b
|-supereffective|p1b: Sinistcha|1
|-damage|p1a: Archaludon|35/100 brn
|-damage|p1b: Sinistcha|0 fnt
|-ability|p1a: Archaludon|Stamina|boost
|-boost|p1a: Archaludon|def|1
|faint|p1b: Sinistcha
|move|p2b: Lucario|Close Combat|p1a: Archaludon
|-supereffective|p1a: Archaludon|1
|-damage|p1a: Archaludon|0 fnt
|-unboost|p2b: Lucario|def|1
|-unboost|p2b: Lucario|spd|1
|faint|p1a: Archaludon
|
|upkeep
|
|t:|1783338083
|switch|p1a: Aggron|Aggron-Mega, L50, F|38/100
|switch|p1b: Toxapex|Toxapex, L50, M|100/100
|turn|10
|
|t:|1783338099
|move|p2a: Delphox|Heat Wave|p1b: Toxapex|[spread] p1a,p1b
|-supereffective|p1a: Aggron|1
|-crit|p1a: Aggron
|-resisted|p1b: Toxapex|1
|-damage|p1a: Aggron|0 fnt
|-damage|p1b: Toxapex|84/100
|faint|p1a: Aggron
|move|p2b: Lucario|Close Combat|p1b: Toxapex
|-resisted|p1b: Toxapex|1
|-damage|p1b: Toxapex|66/100
|-unboost|p2b: Lucario|def|1
|-unboost|p2b: Lucario|spd|1
|move|p1b: Toxapex|Infestation|p2b: Lucario
|-resisted|p2b: Lucario|2
|-damage|p2b: Lucario|97/100
|-activate|p2b: Lucario|move: Infestation|[of] p1b: Toxapex
|
|-damage|p2b: Lucario|85/100|[from] move: Infestation|[partiallytrapped]
|upkeep
|turn|11
|
|t:|1783338120
|move|p2a: Delphox|Psyshock|p1b: Toxapex
|-supereffective|p1b: Toxapex|1
|-damage|p1b: Toxapex|12/100
|move|p2b: Lucario|Ice Punch|p1b: Toxapex
|-resisted|p1b: Toxapex|1
|-damage|p1b: Toxapex|6/100
|move|p1b: Toxapex|Recover|p1b: Toxapex
|-heal|p1b: Toxapex|56/100
|
|-damage|p2b: Lucario|73/100|[from] move: Infestation|[partiallytrapped]
|upkeep
|turn|12
|
|t:|1783338130
|move|p1b: Toxapex|Baneful Bunker|p1b: Toxapex
|-singleturn|p1b: Toxapex|move: Protect
|move|p2a: Delphox|Psyshock|p1b: Toxapex
|-activate|p1b: Toxapex|move: Protect
|move|p2b: Lucario|Meteor Mash|p1b: Toxapex
|-activate|p1b: Toxapex|move: Protect
|
|-damage|p2b: Lucario|60/100|[from] move: Infestation|[partiallytrapped]
|upkeep
|turn|13
|
|t:|1783338136
|move|p2a: Delphox|Psyshock|p1b: Toxapex
|-supereffective|p1b: Toxapex|1
|-damage|p1b: Toxapex|7/100
|move|p2b: Lucario|Meteor Mash|p1b: Toxapex
|-resisted|p1b: Toxapex|1
|-damage|p1b: Toxapex|0 fnt
|faint|p1b: Toxapex
|
|win|f27 BuffLucario
||NeonIsNuts is ready for game 3.
||f27 BuffLucario is ready for game 3.
|uhtml|next|Next: Game 3 of 3
|l|☆NeonIsNuts
|player|p1|
