|j|☆escanor_cs
|j|☆Gen4lover2
|html|escanor_csGen4lover2    
|uhtml|bestof|Game 2 of a best-of-3
|t:|1785879676
|gametype|doubles
|player|p1|escanor_cs|101|1290
|player|p2|Gen4lover2|wallace|1281
|gen|9
|tier|[Gen 9 Champions] VGC 2026 Reg M-B (Bo3)
|rated|
|rule|Species Clause: Limit one of each Pokémon
|rule|Item Clause: Limit 1 of each item
|clearpoke
|poke|p1|Blastoise, L50, F|
|poke|p1|Farigiraf, L50, M|
|poke|p1|Staraptor, L50, F|
|poke|p1|Torkoal, L50, M|
|poke|p1|Scovillain, L50, M|
|poke|p1|Sylveon, L50, M|
|poke|p2|Tyranitar, L50, M|
|poke|p2|Excadrill, L50, F|
|poke|p2|Staraptor, L50, F|
|poke|p2|Milotic, L50, F|
|poke|p2|Gholdengo, L50|
|poke|p2|Sinistcha-Masterpiece, L50|
|teampreview|4
|showteam|p1|Blastoise||Blastoisinite|Torrent|WaterSpout,DarkPulse,FakeOut,AuraSphere|Quiet||F|||50|]Farigiraf||SitrusBerry|ArmorTail|Psychic,Thunderbolt,TrickRoom,Protect|Bold||M|||50|]Staraptor||ChoiceScarf|Intimidate|CloseCombat,BraveBird,FinalGambit,Uturn|Jolly||F|||50|]Torkoal||Charcoal|Drought|HeatWave,Eruption,EarthPower,Protect|Quiet||M|||50|]Scovillain||Scovillainite|Moody|RagePowder,Overheat,LeechSeed,Protect|Bold||M|||50|]Sylveon||FairyFeather|Pixilate|HyperVoice,HyperBeam,QuickAttack,Protect|Quiet||M|||50|
|showteam|p2|Tyranitar||Tyranitarite|SandStream|RockSlide,KnockOff,LowKick,Protect|Adamant||M|||50|]Excadrill||FocusSash|SandRush|HighHorsepower,IronHead,RockSlide,Protect|Adamant||F|||50|]Staraptor||Staraptite|Intimidate|BraveBird,CloseCombat,Tailwind,Protect|Jolly||F|||50|]Milotic||SitrusBerry|Competitive|Scald,IceBeam,Recover,Protect|Modest||F|||50|]Gholdengo||LifeOrb|GoodasGold|MakeItRain,ShadowBall,NastyPlot,Protect|Modest|||||50|]Sinistcha-Masterpiece||ColburBerry|Hospitality|MatchaGotcha,RagePowder,TrickRoom,Protect|Relaxed|||||50|
|inactive|Battle timer is ON: inactive players will automatically lose when time's up. (requested by Gen4lover2)
|inactive|escanor_cs has 60 seconds left.
|inactive|Gen4lover2 has 60 seconds left.
|
|t:|1785879713
|teamsize|p1|4
|teamsize|p2|4
|start
|switch|p1a: Scovillain|Scovillain, L50, M|100/100
|switch|p1b: Farigiraf|Farigiraf, L50, M|100/100
|switch|p2a: Staraptor|Staraptor, L50, F|100/100
|switch|p2b: Tyranitar|Tyranitar, L50, M|100/100
|-ability|p2a: Staraptor|Intimidate|boost
|-unboost|p1a: Scovillain|atk|1
|-unboost|p1b: Farigiraf|atk|1
|-weather|Sandstorm|[from] ability: Sand Stream|[of] p2b: Tyranitar
|turn|1
|
|t:|1785879734
|detailschange|p2b: Tyranitar|Tyranitar-Mega, L50, M
|-mega|p2b: Tyranitar|Tyranitar|Tyranitarite
|detailschange|p1a: Scovillain|Scovillain-Mega, L50, M
|-mega|p1a: Scovillain|Scovillain|Scovillainite
|move|p1a: Scovillain|Rage Powder|p1a: Scovillain
|-singleturn|p1a: Scovillain|move: Rage Powder
|move|p2a: Staraptor|Brave Bird|p1a: Scovillain
|-supereffective|p1a: Scovillain|1
|-damage|p1a: Scovillain|12/100
|-status|p2a: Staraptor|brn|[from] ability: Spicy Spray|[of] p1a: Scovillain
|-damage|p2a: Staraptor|72/100 brn|[from] Recoil
|move|p2b: Tyranitar|Knock Off|p1a: Scovillain
|-damage|p1a: Scovillain|0 fnt
|-status|p2b: Tyranitar|brn|[from] ability: Spicy Spray|[of] p1a: Scovillain
|faint|p1a: Scovillain
|move|p1b: Farigiraf|Trick Room|p1b: Farigiraf
|-fieldstart|move: Trick Room|[of] p1b: Farigiraf
|
|-weather|Sandstorm|[upkeep]
|-damage|p1b: Farigiraf|93/100|[from] Sandstorm
|-damage|p2a: Staraptor|66/100 brn|[from] Sandstorm
|-damage|p2b: Tyranitar|94/100 brn|[from] brn
|-damage|p2a: Staraptor|60/100 brn|[from] brn
|upkeep
|
|t:|1785879753
|switch|p1a: Sylveon|Sylveon, L50, M|100/100
|turn|2
|
|t:|1785879766
|switch|p1b: Torkoal|Torkoal, L50, M|100/100
|-weather|SunnyDay|[from] ability: Drought|[of] p1b: Torkoal
|move|p2b: Tyranitar|Protect|p2b: Tyranitar
|-singleturn|p2b: Tyranitar|Protect
|move|p2a: Staraptor|Protect|p2a: Staraptor
|-singleturn|p2a: Staraptor|Protect
|move|p1a: Sylveon|Hyper Voice|p2b: Tyranitar|[spread] 
|-activate|p2a: Staraptor|move: Protect
|-activate|p2b: Tyranitar|move: Protect
|
|-weather|SunnyDay|[upkeep]
|-damage|p2b: Tyranitar|88/100 brn|[from] brn
|-damage|p2a: Staraptor|54/100 brn|[from] brn
|upkeep
|turn|3
|
|t:|1785879789
|switch|p2b: Sinistcha|Sinistcha-Masterpiece, L50|100/100
|-heal|p2a: Staraptor|79/100 brn|[from] ability: Hospitality|[of] p2b: Sinistcha
|move|p1b: Torkoal|Eruption|p2a: Staraptor|[spread] p2a,p2b
|-supereffective|p2b: Sinistcha|1
|-damage|p2a: Staraptor|0 fnt
|-damage|p2b: Sinistcha|0 fnt
|faint|p2a: Staraptor
|faint|p2b: Sinistcha
|move|p1a: Sylveon|Hyper Voice|p2: Staraptor|[notarget]
|-fail|p1a: Sylveon
|
|-weather|SunnyDay|[upkeep]
|upkeep
|
|t:|1785879797
|switch|p2b: Tyranitar|Tyranitar-Mega, L50, M|88/100 brn
|switch|p2a: Excadrill|Excadrill, L50, F|100/100
|-weather|Sandstorm|[from] ability: Sand Stream|[of] p2b: Tyranitar
|turn|4
|
|t:|1785879811
|move|p1b: Torkoal|Eruption|p2a: Excadrill|[spread] p2a,p2b
|-supereffective|p2a: Excadrill|1
|-resisted|p2b: Tyranitar|1
|-enditem|p2a: Excadrill|Focus Sash
|-damage|p2a: Excadrill|1/100
|-damage|p2b: Tyranitar|71/100 brn
|move|p1a: Sylveon|Hyper Voice|p2b: Tyranitar|[spread] p2a,p2b
|-resisted|p2a: Excadrill|1
|-supereffective|p2b: Tyranitar|1
|-damage|p2a: Excadrill|0 fnt
|-damage|p2b: Tyranitar|18/100 brn
|faint|p2a: Excadrill
|move|p2b: Tyranitar|Rock Slide|p1b: Torkoal|[spread] p1a,p1b
|-crit|p1a: Sylveon
|-supereffective|p1b: Torkoal|1
|-damage|p1a: Sylveon|69/100
|-damage|p1b: Torkoal|72/100
|
|-weather|Sandstorm|[upkeep]
|-damage|p1b: Torkoal|66/100|[from] Sandstorm
|-damage|p1a: Sylveon|63/100|[from] Sandstorm
|-damage|p2b: Tyranitar|12/100 brn|[from] brn
|upkeep
|turn|5
|-message|Gen4lover2 forfeited.
|
|win|escanor_cs
|raw|escanor_cs's rating: 1290 → 1314(+24 for winning)
|raw|Gen4lover2's rating: 1281 → 1257(-24 for losing)
|l|☆Gen4lover2
|player|p2|
|l|☆escanor_cs
|player|p1|
|j|☆escanor_cs
|player|p1|escanor_cs|101|
