|j|☆porygon-epilepz
|j|☆baichede
|html|porygon-epilepzbaichede    
|uhtml|bestof|Game 1 of a best-of-3
|t:|1757774000
|gametype|doubles
|player|p1|porygon-epilepz|ghetsis-gen5bw|1127
|player|p2|baichede|cyclistf|1107
|gen|9
|tier|[Gen 9] VGC 2025 Reg H (Bo3)
|rated|
|rule|Species Clause: Limit one of each Pokémon
|rule|Item Clause: Limit 1 of each item
|clearpoke
|poke|p1|Porygon2, L50|
|poke|p1|Ursaluna, L50, F|
|poke|p1|Talonflame, L50, M|
|poke|p1|Torkoal, L50, M|
|poke|p1|Porygon-Z, L50|
|poke|p1|Lilligant-Hisui, L50, F|
|poke|p2|Whimsicott, L50, F|
|poke|p2|Pelipper, L50, F|
|poke|p2|Archaludon, L50, F|
|poke|p2|Incineroar, L50, F|
|poke|p2|Rillaboom, L50, M|
|poke|p2|Ursaluna-Bloodmoon, L50, M|
|teampreview|4
|showteam|p1|Porygon2||Eviolite|Download|TeraBlast,IceBeam,Protect,TrickRoom||||||50|,,,,,Fairy]Ursaluna||FlameOrb|Guts|Earthquake,Protect,Facade,HeadlongRush|||F|||50|,,,,,Poison]Talonflame||CovertCloak|GaleWings|Tailwind,BraveBird,WillOWisp,Protect|||M|||50|,,,,,Ground]Torkoal||FlamePlate|Drought|Eruption,EarthPower,HeatWave,Protect|||M|||50|,,,,,Grass]Porygon-Z||ChoiceScarf|Adaptability|TeraBlast,Thunderbolt,ShadowBall,HyperBeam||||||50|,,,,,Fairy]Lilligant-Hisui||FocusSash|Chlorophyll|CloseCombat,SleepPowder,LeafBlade,AfterYou|||F|||50|,,,,,Ghost
|showteam|p2|Whimsicott||CovertCloak|Prankster|BeatUp,Tailwind,Taunt,Encore|||F|||50|,,,,,Dark]Pelipper||FocusSash|Drizzle|Tailwind,Protect,Hurricane,WeatherBall|||F|||50|,,,,,Ground]Archaludon||AssaultVest|Stamina|ElectroShot,FlashCannon,BodyPress,DracoMeteor|||F|||50|,,,,,Grass]Incineroar||SafetyGoggles|Intimidate|WillOWisp,PartingShot,FakeOut,KnockOff|||F|||50|,,,,,Bug]Rillaboom||ChoiceBand|GrassySurge|GrassyGlide,Uturn,HighHorsepower,WoodHammer|||M|||50|,,,,,Grass]Ursaluna-Bloodmoon||ThroatSpray|MindsEye|EarthPower,BloodMoon,HyperVoice,Protect|||M|||50|,,,,,Normal
|inactive|Battle timer is ON: inactive players will automatically lose when time's up. (requested by baichede)
|inactive|porygon-epilepz has 60 seconds left.
|
|t:|1757774039
|teamsize|p1|4
|teamsize|p2|4
|start
|switch|p1a: Talonflame|Talonflame, L50, M|100/100
|switch|p1b: Porygon-Z|Porygon-Z, L50|100/100
|switch|p2a: Whimsicott|Whimsicott, L50, F|100/100
|switch|p2b: Incineroar|Incineroar, L50, F|100/100
|-ability|p2b: Incineroar|Intimidate|boost
|-unboost|p1a: Talonflame|atk|1
|-unboost|p1b: Porygon-Z|atk|1
|turn|1
|inactive|baichede has 30 seconds left.
|
|t:|1757774065
|move|p2b: Incineroar|Fake Out|p1a: Talonflame
|-damage|p1a: Talonflame|85/100
|move|p2a: Whimsicott|Tailwind|p2a: Whimsicott
|-sidestart|p2: baichede|move: Tailwind
|move|p1b: Porygon-Z|Hyper Beam|p2a: Whimsicott|[miss]
|-miss|p1b: Porygon-Z|p2a: Whimsicott
|move|p1a: Talonflame|Tailwind|p1a: Talonflame
|-sidestart|p1: porygon-epilepz|move: Tailwind
|
|upkeep
|turn|2
|
|t:|1757774090
|switch|p1a: Torkoal|Torkoal, L50, M|100/100
|-weather|SunnyDay|[from] ability: Drought|[of] p1a: Torkoal
|move|p2a: Whimsicott|Encore||[still]
|-fail|p2a: Whimsicott
|move|p1b: Porygon-Z|Hyper Beam|p2a: Whimsicott
|-damage|p2a: Whimsicott|0 fnt
|-mustrecharge|p1b: Porygon-Z
|faint|p2a: Whimsicott
|move|p2b: Incineroar|Knock Off|p1b: Porygon-Z
|-damage|p1b: Porygon-Z|46/100
|-enditem|p1b: Porygon-Z|Choice Scarf|[from] move: Knock Off|[of] p2b: Incineroar
|
|-weather|SunnyDay|[upkeep]
|upkeep
|
|t:|1757774106
|switch|p2a: Archaludon|Archaludon, L50, F|100/100
|turn|3
|
|t:|1757774113
|move|p1a: Torkoal|Protect|p1a: Torkoal
|-singleturn|p1a: Torkoal|Protect
|cant|p1b: Porygon-Z|recharge
|move|p2a: Archaludon|Body Press|p1b: Porygon-Z
|-supereffective|p1b: Porygon-Z
|-damage|p1b: Porygon-Z|0 fnt
|faint|p1b: Porygon-Z
|move|p2b: Incineroar|Parting Shot|p1a: Torkoal
|-activate|p1a: Torkoal|move: Protect
|
|-weather|SunnyDay|[upkeep]
|upkeep
|
|t:|1757774120
|switch|p1b: Lilligant|Lilligant-Hisui, L50, F|100/100
|turn|4
|
|t:|1757774147
|switch|p2a: Pelipper|Pelipper, L50, F|100/100
|-weather|RainDance|[from] ability: Drizzle|[of] p2a: Pelipper
|-terastallize|p2b: Incineroar|Bug
|move|p1b: Lilligant|After You|p1a: Torkoal
|-activate|p1a: Torkoal|move: After You
|move|p1a: Torkoal|Eruption|p2a: Pelipper|[spread] p2a,p2b
|-resisted|p2a: Pelipper
|-supereffective|p2b: Incineroar
|-damage|p2a: Pelipper|73/100
|-damage|p2b: Incineroar|49/100
|move|p2b: Incineroar|Will-O-Wisp|p1b: Lilligant
|-status|p1b: Lilligant|brn
|
|-weather|RainDance|[upkeep]
|-damage|p1b: Lilligant|94/100 brn|[from] brn
|-sideend|p1: porygon-epilepz|move: Tailwind
|-sideend|p2: baichede|move: Tailwind
|upkeep
|turn|5
|inactive|porygon-epilepz has 30 seconds left.
|
|t:|1757774173
|switch|p1a: Talonflame|Talonflame, L50, M|85/100
|move|p1b: Lilligant|Sleep Powder|p2a: Pelipper
|-status|p2a: Pelipper|slp|[from] move: Sleep Powder
|cant|p2a: Pelipper|slp
|move|p2b: Incineroar|Parting Shot|p1b: Lilligant
|-unboost|p1b: Lilligant|atk|1
|-unboost|p1b: Lilligant|spa|1
|
|t:|1757774185
|switch|p2b: Archaludon|Archaludon, L50, F|100/100|[from] Parting Shot
|
|-weather|RainDance|[upkeep]
|-damage|p1b: Lilligant|88/100 brn|[from] brn
|upkeep
|turn|6
|inactive|baichede has 30 seconds left.
|
|t:|1757774216
|switch|p2a: Incineroar|Incineroar, L50, F, tera:Bug|49/100
|-ability|p2a: Incineroar|Intimidate|boost
|-unboost|p1a: Talonflame|atk|1
|-unboost|p1b: Lilligant|atk|1
|move|p1a: Talonflame|Tailwind|p1a: Talonflame
|-sidestart|p1: porygon-epilepz|move: Tailwind
|move|p1b: Lilligant|Sleep Powder|p2b: Archaludon
|-status|p2b: Archaludon|slp|[from] move: Sleep Powder
|cant|p2b: Archaludon|slp
|
|-weather|RainDance|[upkeep]
|-damage|p1b: Lilligant|82/100 brn|[from] brn
|upkeep
|turn|7
|inactive|baichede has 30 seconds left.
|
|t:|1757774243
|move|p1a: Talonflame|Brave Bird|p2a: Incineroar
|-supereffective|p2a: Incineroar
|-damage|p2a: Incineroar|0 fnt
|faint|p2a: Incineroar
|-damage|p1a: Talonflame|64/100|[from] Recoil
|move|p1b: Lilligant|Close Combat|p2b: Archaludon
|-supereffective|p2b: Archaludon
|-damage|p2b: Archaludon|78/100 slp
|-unboost|p1b: Lilligant|def|1
|-unboost|p1b: Lilligant|spd|1
|-ability|p2b: Archaludon|Stamina|boost
|-boost|p2b: Archaludon|def|1
|cant|p2b: Archaludon|slp
|
|-weather|RainDance|[upkeep]
|-damage|p1b: Lilligant|76/100 brn|[from] brn
|upkeep
|-message|baichede forfeited.
|
|win|porygon-epilepz
|l|☆baichede
|player|p2|
||baichede is ready for game 2.
|l|☆porygon-epilepz
|player|p1|
||porygon-epilepz is ready for game 2.
|uhtml|next|Next: Game 2 of 3
