|j|☆VerVe1997
|j|☆VenuDaAsco
|html|VerVe1997VenuDaAsco    
|uhtml|bestof|Game 2 of a best-of-3
|t:|1782425491
|gametype|doubles
|player|p1|VerVe1997|steven|1198
|player|p2|VenuDaAsco|169|1325
|gen|9
|tier|[Gen 9 Champions] VGC 2026 Reg M-B (Bo3)
|rated|
|rule|Species Clause: Limit one of each Pokémon
|rule|Item Clause: Limit 1 of each item
|clearpoke
|poke|p1|Kingambit, L50, M|
|poke|p1|Metagross, L50, shiny|
|poke|p1|Gengar, L50, F, shiny|
|poke|p1|Incineroar, L50, F|
|poke|p1|Politoed, L50, F|
|poke|p1|Sinistcha-Masterpiece, L50|
|poke|p2|Garchomp, L50, M, shiny|
|poke|p2|Charizard, L50, M, shiny|
|poke|p2|Whimsicott, L50, M, shiny|
|poke|p2|Farigiraf, L50, M, shiny|
|poke|p2|Basculegion, L50, M, shiny|
|poke|p2|Sylveon, L50, M, shiny|
|teampreview|4
|showteam|p1|Kingambit||BlackGlasses|Defiant|KowtowCleave,SuckerPunch,LowKick,Protect|Serious||M|||50|]Metagross||Metagrossite|ClearBody|PsychicFangs,IronHead,BodyPress,Protect|Adamant|||||50|]Gengar||Gengarite|CursedBody|SludgeBomb,PerishSong,Disable,Protect|Bold||F|||50|]Incineroar||SitrusBerry|Intimidate|PartingShot,FlareBlitz,FakeOut,Protect|Impish||F|||50|]Politoed||Leftovers|Drizzle|PerishSong,IceBeam,WeatherBall,Protect|Calm||F|||50|]Sinistcha-Masterpiece||KasibBerry|Hospitality|RagePowder,MatchaGotcha,StrengthSap,Protect|Bold|||||50|
|showteam|p2|Garchomp||LifeOrb|RoughSkin|Earthquake,DragonClaw,RockSlide,Protect|Jolly||M|||50|]Charizard||CharizarditeY|SolarPower|HeatWave,WeatherBall,SolarBeam,Protect|Modest||M|||50|]Whimsicott||CobaBerry|Prankster|Moonblast,Tailwind,Encore,Protect|Timid||M|||50|]Farigiraf||SitrusBerry|ArmorTail|TwinBeam,FoulPlay,HelpingHand,TrickRoom|Bold||M|||50|]Basculegion||MysticWater|Adaptability|WaveCrash,LastRespects,AquaJet,Protect|Jolly||M|||50|]Sylveon||FairyFeather|Pixilate|HyperVoice,HyperBeam,QuickAttack,Detect|Modest||M|||50|
|inactive|Battle timer is ON: inactive players will automatically lose when time's up. (requested by VenuDaAsco)
|j| fearmyfarts
|inactive|VerVe1997 has 60 seconds left.
|inactive|VenuDaAsco has 60 seconds left.
|
|t:|1782425533
|teamsize|p1|4
|teamsize|p2|4
|start
|switch|p1a: Gengar|Gengar, L50, F, shiny|100/100
|switch|p1b: Incineroar|Incineroar, L50, F|100/100
|switch|p2a: Basculegion|Basculegion, L50, M, shiny|100/100
|switch|p2b: Charizard|Charizard, L50, M, shiny|100/100
|-ability|p1b: Incineroar|Intimidate|boost
|-unboost|p2a: Basculegion|atk|1
|-unboost|p2b: Charizard|atk|1
|turn|1
|
|t:|1782425548
|detailschange|p1a: Gengar|Gengar-Mega, L50, F, shiny
|-mega|p1a: Gengar|Gengar|Gengarite
|move|p1a: Gengar|Protect|p1a: Gengar
|-singleturn|p1a: Gengar|Protect
|move|p1b: Incineroar|Protect|p1b: Incineroar
|-singleturn|p1b: Incineroar|Protect
|move|p2b: Charizard|Heat Wave|p1b: Incineroar|[spread] 
|-activate|p1a: Gengar|move: Protect
|-activate|p1b: Incineroar|move: Protect
|move|p2a: Basculegion|Wave Crash|p1b: Incineroar
|-activate|p1b: Incineroar|move: Protect
|
|upkeep
|turn|2
|inactive|VerVe1997 has 30 seconds left.
|inactive|VerVe1997 has 20 seconds left.
|inactive|VerVe1997 has 15 seconds left.
|inactive|VenuDaAsco has 30 seconds left.
|
|t:|1782425601
|move|p1a: Gengar|Disable|p2b: Charizard
|-start|p2b: Charizard|Disable|Heat Wave
|move|p2b: Charizard|Weather Ball|p1b: Incineroar
|-damage|p1b: Incineroar|87/100
|move|p2a: Basculegion|Wave Crash|p1b: Incineroar
|-supereffective|p1b: Incineroar|1
|-damage|p1b: Incineroar|0 fnt
|faint|p1b: Incineroar
|-damage|p2a: Basculegion|70/100|[from] Recoil
|
|upkeep
|
|t:|1782425619
|switch|p1b: Kingambit|Kingambit, L50, M|100/100
|turn|3
|
|t:|1782425648
|move|p1a: Gengar|Protect|p1a: Gengar
|-singleturn|p1a: Gengar|Protect
|move|p2b: Charizard|Protect|p2b: Charizard
|-singleturn|p2b: Charizard|Protect
|move|p2a: Basculegion|Wave Crash|p1a: Gengar
|-activate|p1a: Gengar|move: Protect
|move|p1b: Kingambit|Kowtow Cleave|p2b: Charizard
|-activate|p2b: Charizard|move: Protect
|
|upkeep
|turn|4
|
|t:|1782425666
|switch|p2a: Farigiraf|Farigiraf, L50, M, shiny|100/100
|detailschange|p2b: Charizard|Charizard-Mega-Y, L50, M, shiny
|-mega|p2b: Charizard|Charizard|Charizardite Y
|-weather|SunnyDay|[from] ability: Drought|[of] p2b: Charizard
|move|p1b: Kingambit|Sucker Punch||[still]
|cant|p2a: Farigiraf|ability: Armor Tail|Sucker Punch|[of] p1b: Kingambit
|move|p1a: Gengar|Sludge Bomb|p2b: Charizard
|-damage|p2b: Charizard|43/100
|move|p2b: Charizard|Weather Ball|p1b: Kingambit
|-supereffective|p1b: Kingambit|1
|-damage|p1b: Kingambit|0 fnt
|faint|p1b: Kingambit
|
|-weather|SunnyDay|[upkeep]
|upkeep
|
|t:|1782425669
|switch|p1b: Politoed|Politoed, L50, F|100/100
|-weather|RainDance|[from] ability: Drizzle|[of] p1b: Politoed
|turn|5
|
|t:|1782425686
|move|p1a: Gengar|Sludge Bomb|p2b: Charizard
|-damage|p2b: Charizard|0 fnt
|faint|p2b: Charizard
|move|p1b: Politoed|Weather Ball|p2a: Farigiraf
|-damage|p2a: Farigiraf|52/100
|move|p2a: Farigiraf|Twin Beam|p1a: Gengar
|-supereffective|p1a: Gengar|1
|-damage|p1a: Gengar|64/100
|-supereffective|p1a: Gengar|1
|-damage|p1a: Gengar|28/100
|-hitcount|p1a: Gengar|2
|
|-weather|RainDance|[upkeep]
|upkeep
|
|t:|1782425695
|switch|p2b: Basculegion|Basculegion, L50, M, shiny|70/100
|turn|6
|-message|VerVe1997 forfeited.
|
|win|VenuDaAsco
