|j|☆tryson69
|j|☆Askurmommy
|html|tryson69Askurmommy    
|uhtml|bestof|Game 1 of a best-of-3
|t:|1783091241
|gametype|doubles
|player|p1|tryson69|crasherwake|1236
|player|p2|Askurmommy|102|1308
|gen|9
|tier|[Gen 9 Champions] VGC 2026 Reg M-B (Bo3)
|rated|
|rule|Species Clause: Limit one of each Pokémon
|rule|Item Clause: Limit 1 of each item
|clearpoke
|poke|p1|Tyranitar, L50, F|
|poke|p1|Sinistcha, L50|
|poke|p1|Sneasler, L50, F|
|poke|p1|Garchomp, L50, F|
|poke|p1|Corviknight, L50, M|
|poke|p1|Gholdengo, L50|
|poke|p2|Charizard, L50, M|
|poke|p2|Metagross, L50|
|poke|p2|Incineroar, L50, F|
|poke|p2|Garchomp, L50, M|
|poke|p2|Aerodactyl, L50, F|
|poke|p2|Sylveon, L50, M|
|teampreview|4
|showteam|p1|Tyranitar||Tyranitarite|SandStream|KnockOff,RockSlide,Protect,DragonDance|Adamant||F|||50|]Sinistcha||SitrusBerry|Hospitality|TrickRoom,MatchaGotcha,RagePowder,Protect|Bold|||||50|]Sneasler||WhiteHerb|Unburden|CloseCombat,DireClaw,FakeOut,Protect|Jolly||F|||50|]Garchomp||LifeOrb|RoughSkin|Earthquake,RockSlide,Protect,DragonClaw|Adamant||F|||50|]Corviknight||Leftovers|MirrorArmor|Tailwind,BulkUp,Protect,BraveBird|Careful||M|||50|]Gholdengo||SpellTag|GoodasGold|MakeItRain,NastyPlot,ShadowBall,Protect|Modest|||||50|
|showteam|p2|Charizard||CharizarditeY|Blaze|HeatWave,WeatherBall,SolarBeam,Protect|Modest||M|||50|]Metagross||Metagrossite|ClearBody|BulletPunch,BodyPress,PsychicFangs,Protect|Adamant|||||50|]Incineroar||SitrusBerry|Intimidate|FlareBlitz,DarkestLariat,FakeOut,PartingShot|Careful||F|||50|]Garchomp||LifeOrb|RoughSkin|Earthquake,DragonClaw,RockSlide,Protect|Jolly||M|||50|]Aerodactyl||FocusSash|RockHead|Tailwind,RockSlide,DualWingbeat,Protect|Jolly||F|||50|]Sylveon||FairyFeather|Pixilate|Detect,HyperBeam,HyperVoice,QuickAttack|Modest||M|||50|
|inactive|Battle timer is ON: inactive players will automatically lose when time's up. (requested by Askurmommy)
|inactive|tryson69 has 60 seconds left.
|inactive|Askurmommy has 60 seconds left.
|
|t:|1783091280
|teamsize|p1|4
|teamsize|p2|4
|start
|switch|p1a: Corviknight|Corviknight, L50, M|100/100
|switch|p1b: Garchomp|Garchomp, L50, F|100/100
|switch|p2a: Incineroar|Incineroar, L50, F|100/100
|switch|p2b: Metagross|Metagross, L50|100/100
|-ability|p2a: Incineroar|Intimidate|boost
|-ability|p1a: Corviknight|Mirror Armor
|-unboost|p2a: Incineroar|atk|1
|-unboost|p1b: Garchomp|atk|1
|turn|1
|
|t:|1783091305
|detailschange|p2b: Metagross|Metagross-Mega, L50
|-mega|p2b: Metagross|Metagross|Metagrossite
|move|p2a: Incineroar|Fake Out|p1b: Garchomp
|-damage|p1b: Garchomp|93/100
|-damage|p2a: Incineroar|87/100|[from] ability: Rough Skin|[of] p1b: Garchomp
|move|p2b: Metagross|Psychic Fangs|p1b: Garchomp
|-damage|p1b: Garchomp|38/100
|-damage|p2b: Metagross|87/100|[from] ability: Rough Skin|[of] p1b: Garchomp
|cant|p1b: Garchomp|flinch
|move|p1a: Corviknight|Bulk Up|p1a: Corviknight
|-boost|p1a: Corviknight|atk|1
|-boost|p1a: Corviknight|def|1
|
|upkeep
|turn|2
|
|t:|1783091324
|move|p1b: Garchomp|Protect|p1b: Garchomp
|-singleturn|p1b: Garchomp|Protect
|move|p2b: Metagross|Psychic Fangs|p1b: Garchomp
|-activate|p1b: Garchomp|move: Protect
|move|p1a: Corviknight|Tailwind|p1a: Corviknight
|-sidestart|p1: tryson69|move: Tailwind
|move|p2a: Incineroar|Flare Blitz|p1a: Corviknight
|-supereffective|p1a: Corviknight|1
|-damage|p1a: Corviknight|64/100
|-damage|p2a: Incineroar|75/100|[from] Recoil
|
|-heal|p1a: Corviknight|70/100|[from] item: Leftovers
|upkeep
|turn|3
|
|t:|1783091337
|switch|p2a: Aerodactyl|Aerodactyl, L50, F|100/100
|move|p2b: Metagross|Protect|p2b: Metagross
|-singleturn|p2b: Metagross|Protect
|move|p1b: Garchomp|Earthquake|p2b: Metagross|[spread] 
|-activate|p2b: Metagross|move: Protect
|-immune|p1a: Corviknight
|-immune|p2a: Aerodactyl
|move|p1a: Corviknight|Bulk Up|p1a: Corviknight
|-boost|p1a: Corviknight|atk|1
|-boost|p1a: Corviknight|def|1
|
|-heal|p1a: Corviknight|76/100|[from] item: Leftovers
|upkeep
|turn|4
|
|t:|1783091349
|switch|p2b: Incineroar|Incineroar, L50, F|75/100
|-ability|p2b: Incineroar|Intimidate|boost
|-ability|p1a: Corviknight|Mirror Armor
|-unboost|p2b: Incineroar|atk|1
|-unboost|p1b: Garchomp|atk|1
|move|p1b: Garchomp|Earthquake|p2a: Aerodactyl|[spread] p2b
|-immune|p1a: Corviknight
|-immune|p2a: Aerodactyl
|-supereffective|p2b: Incineroar|1
|-damage|p2b: Incineroar|28/100
|-enditem|p2b: Incineroar|Sitrus Berry|[eat]
|-heal|p2b: Incineroar|52/100|[from] item: Sitrus Berry
|-damage|p1b: Garchomp|28/100|[from] item: Life Orb
|move|p2a: Aerodactyl|Tailwind|p2a: Aerodactyl
|-sidestart|p2: Askurmommy|move: Tailwind
|move|p1a: Corviknight|Bulk Up|p1a: Corviknight
|-boost|p1a: Corviknight|atk|1
|-boost|p1a: Corviknight|def|1
|
|-heal|p1a: Corviknight|82/100|[from] item: Leftovers
|upkeep
|turn|5
|
|t:|1783091362
|move|p2b: Incineroar|Fake Out|p1a: Corviknight
|-resisted|p1a: Corviknight|1
|-damage|p1a: Corviknight|81/100
|move|p2a: Aerodactyl|Rock Slide|p1a: Corviknight|[spread] p1a,p1b
|-resisted|p1b: Garchomp|1
|-damage|p1a: Corviknight|73/100
|-damage|p1b: Garchomp|17/100
|cant|p1b: Garchomp|flinch
|cant|p1a: Corviknight|flinch
|
|-heal|p1a: Corviknight|79/100|[from] item: Leftovers
|-sideend|p1: tryson69|move: Tailwind
|upkeep
|turn|6
|
|t:|1783091376
|move|p1b: Garchomp|Protect|p1b: Garchomp
|-singleturn|p1b: Garchomp|Protect
|move|p2a: Aerodactyl|Rock Slide|p1a: Corviknight|[spread] p1a
|-activate|p1b: Garchomp|move: Protect
|-damage|p1a: Corviknight|71/100
|move|p2b: Incineroar|Flare Blitz|p1a: Corviknight
|-supereffective|p1a: Corviknight|1
|-damage|p1a: Corviknight|50/100g
|-damage|p2b: Incineroar|45/100|[from] Recoil
|move|p1a: Corviknight|Brave Bird|p2b: Incineroar
|-damage|p2b: Incineroar|0 fnt
|faint|p2b: Incineroar
|-damage|p1a: Corviknight|35/100|[from] Recoil
|
|-heal|p1a: Corviknight|41/100|[from] item: Leftovers
|upkeep
|
|t:|1783091379
|switch|p2b: Metagross|Metagross-Mega, L50|87/100
|turn|7
|
|t:|1783091398
|move|p1a: Corviknight|Protect|p1a: Corviknight
|-singleturn|p1a: Corviknight|Protect
|move|p2a: Aerodactyl|Rock Slide|p1b: Garchomp|[spread] p1b
|-activate|p1a: Corviknight|move: Protect
|-resisted|p1b: Garchomp|1
|-damage|p1b: Garchomp|7/100
|move|p2b: Metagross|Psychic Fangs|p1b: Garchomp
|-damage|p1b: Garchomp|0 fnt
|-damage|p2b: Metagross|75/100|[from] ability: Rough Skin|[of] p1b: Garchomp
|faint|p1b: Garchomp
|
|-heal|p1a: Corviknight|47/100|[from] item: Leftovers
|-sideend|p2: Askurmommy|move: Tailwind
|upkeep
|
|t:|1783091402
|switch|p1b: Sneasler|Sneasler, L50, F|100/100
|turn|8
|
|t:|1783091408
|move|p1b: Sneasler|Fake Out|p2b: Metagross
|-resisted|p2b: Metagross|1
|-damage|p2b: Metagross|70/100
|move|p2a: Aerodactyl|Tailwind|p2a: Aerodactyl
|-sidestart|p2: Askurmommy|move: Tailwind
|cant|p2b: Metagross|flinch
|move|p1a: Corviknight|Bulk Up|p1a: Corviknight
|-boost|p1a: Corviknight|atk|1
|-boost|p1a: Corviknight|def|1
|
|-heal|p1a: Corviknight|53/100|[from] item: Leftovers
|upkeep
|turn|9
|
|t:|1783091418
|switch|p1b: Tyranitar|Tyranitar, L50, F|100/100
|-weather|Sandstorm|[from] ability: Sand Stream|[of] p1b: Tyranitar
|move|p1a: Corviknight|Protect|p1a: Corviknight
|-singleturn|p1a: Corviknight|Protect
|move|p2a: Aerodactyl|Rock Slide|p1b: Tyranitar|[spread] p1b
|-activate|p1a: Corviknight|move: Protect
|-damage|p1b: Tyranitar|79/100
|move|p2b: Metagross|Psychic Fangs|p1b: Tyranitar
|-immune|p1b: Tyranitar
|
|-weather|Sandstorm|[upkeep]
|-heal|p1a: Corviknight|59/100|[from] item: Leftovers
|upkeep
|turn|10
|
|t:|1783091442
|detailschange|p1b: Tyranitar|Tyranitar-Mega, L50, F
|-mega|p1b: Tyranitar|Tyranitar|Tyranitarite
|move|p1b: Tyranitar|Protect|p1b: Tyranitar
|-singleturn|p1b: Tyranitar|Protect
|move|p2a: Aerodactyl|Rock Slide|p1a: Corviknight|[spread] 
|-activate|p1b: Tyranitar|move: Protect
|-miss|p2a: Aerodactyl|p1a: Corviknight
|move|p2b: Metagross|Body Press|p1b: Tyranitar
|-activate|p1b: Tyranitar|move: Protect
|move|p1a: Corviknight|Bulk Up|p1a: Corviknight
|-boost|p1a: Corviknight|atk|1
|-boost|p1a: Corviknight|def|1
|
|-weather|Sandstorm|[upkeep]
|-heal|p1a: Corviknight|64/100|[from] item: Leftovers
|upkeep
|turn|11
|
|t:|1783091455
|move|p2a: Aerodactyl|Rock Slide|p1b: Tyranitar|[spread] p1a
|-miss|p2a: Aerodactyl|p1b: Tyranitar
|-damage|p1a: Corviknight|58/100
|move|p2b: Metagross|Body Press|p1b: Tyranitar
|-supereffective|p1b: Tyranitar|2
|-damage|p1b: Tyranitar|0 fnt
|faint|p1b: Tyranitar
|move|p1a: Corviknight|Bulk Up|p1a: Corviknight
|-boost|p1a: Corviknight|atk|1
|-boost|p1a: Corviknight|def|1
|
|-weather|Sandstorm|[upkeep]
|-heal|p1a: Corviknight|64/100|[from] item: Leftovers
|-sideend|p2: Askurmommy|move: Tailwind
|upkeep
|
|t:|1783091464
|switch|p1b: Sneasler|Sneasler, L50, F|100/100
|turn|12
|
|t:|1783091477
|move|p2a: Aerodactyl|Protect|p2a: Aerodactyl
|-singleturn|p2a: Aerodactyl|Protect
|move|p2b: Metagross|Protect|p2b: Metagross
|-singleturn|p2b: Metagross|Protect
|move|p1b: Sneasler|Fake Out|p2b: Metagross
|-activate|p2b: Metagross|move: Protect
|move|p1a: Corviknight|Brave Bird|p2b: Metagross
|-activate|p2b: Metagross|move: Protect
|
|-weather|Sandstorm|[upkeep]
|-damage|p1b: Sneasler|94/100|[from] Sandstorm
|-heal|p1a: Corviknight|70/100|[from] item: Leftovers
|upkeep
|turn|13
|
|t:|1783091490
|move|p1b: Sneasler|Protect|p1b: Sneasler
|-singleturn|p1b: Sneasler|Protect
|move|p2a: Aerodactyl|Dual Wingbeat|p1b: Sneasler
|-activate|p1b: Sneasler|move: Protect
|move|p2b: Metagross|Body Press|p1a: Corviknight
|-damage|p1a: Corviknight|62/100
|move|p1a: Corviknight|Brave Bird|p2b: Metagross
|-resisted|p2b: Metagross|1
|-damage|p2b: Metagross|13/100
|-damage|p1a: Corviknight|47/100|[from] Recoil
|
|-weather|none
|-heal|p1a: Corviknight|53/100|[from] item: Leftovers
|upkeep
|turn|14
|
|t:|1783091509
|move|p2a: Aerodactyl|Dual Wingbeat|p1b: Sneasler
|-supereffective|p1b: Sneasler|1
|-crit|p1b: Sneasler
|-damage|p1b: Sneasler|0 fnt
|faint|p1b: Sneasler
|-hitcount|p1: Sneasler|1
|move|p2b: Metagross|Body Press|p1a: Corviknight
|-damage|p1a: Corviknight|45/100
|move|p1a: Corviknight|Brave Bird|p2b: Metagross
|-resisted|p2b: Metagross|1
|-damage|p2b: Metagross|0 fnt
|faint|p2b: Metagross
|-damage|p1a: Corviknight|41/100|[from] Recoil
|
|-heal|p1a: Corviknight|47/100|[from] item: Leftovers
|upkeep
|
|t:|1783091512
|switch|p2b: Garchomp|Garchomp, L50, M|100/100
|turn|15
|
|t:|1783091520
|move|p1a: Corviknight|Protect|p1a: Corviknight
|-singleturn|p1a: Corviknight|Protect
|move|p2a: Aerodactyl|Rock Slide|p1a: Corviknight
|-activate|p1a: Corviknight|move: Protect
|move|p2b: Garchomp|Rock Slide|p1a: Corviknight
|-activate|p1a: Corviknight|move: Protect
|
|-heal|p1a: Corviknight|53/100|[from] item: Leftovers
|upkeep
|turn|16
|
|t:|1783091527
|move|p2a: Aerodactyl|Rock Slide|p1a: Corviknight
|-crit|p1a: Corviknight
|-damage|p1a: Corviknight|12/100
|move|p2b: Garchomp|Rock Slide|p1a: Corviknight
|-damage|p1a: Corviknight|4/100
|-damage|p2b: Garchomp|90/100|[from] item: Life Orb
|move|p1a: Corviknight|Brave Bird|p2a: Aerodactyl
|-resisted|p2a: Aerodactyl|1
|-enditem|p2a: Aerodactyl|Focus Sash
|-damage|p2a: Aerodactyl|1/100
|-damage|p1a: Corviknight|0 fnt|[from] Recoil
|faint|p1a: Corviknight
|
|win|Askurmommy
||tryson69 is ready for game 2.
||Askurmommy is ready for game 2.
|uhtml|next|Next: Game 2 of 3
|l|☆Askurmommy
|player|p2|
