|j|☆ilikecsr
|j|☆KMMULLER2020
|html|ilikecsrKMMULLER2020    
|uhtml|bestof|Game 3 of a best-of-3
|t:|1786096830
|gametype|doubles
|player|p1|ilikecsr|volkner|1209
|player|p2|KMMULLER2020|nate|1191
|gen|9
|tier|[Gen 9 Champions] VGC 2026 Reg M-B (Bo3)
|rated|
|rule|Species Clause: Limit one of each Pokémon
|rule|Item Clause: Limit 1 of each item
|clearpoke
|poke|p1|Swampert, L50, M|
|poke|p1|Archaludon, L50, M|
|poke|p1|Sableye, L50, F|
|poke|p1|Sinistcha-Masterpiece, L50|
|poke|p1|Pelipper, L50, F|
|poke|p1|Floette-Eternal, L50, F|
|poke|p2|Gengar, L50, F|
|poke|p2|Politoed, L50, F|
|poke|p2|Incineroar, L50, F|
|poke|p2|Sinistcha, L50|
|poke|p2|Hydreigon, L50, M|
|poke|p2|Aggron, L50, M|
|teampreview|4
|showteam|p1|Swampert||Swampertite|Torrent|WaveCrash,Earthquake,IcePunch,Protect|Adamant||M|||50|]Archaludon||Leftovers|Stamina|ElectroShot,DragonPulse,FlashCannon,Protect|Modest||M|||50|]Sableye||LightClay|Prankster|Reflect,LightScreen,RainDance,Encore|Sassy||F|||50|]Sinistcha-Masterpiece||ColburBerry|Hospitality|MatchaGotcha,RagePowder,TrickRoom,Protect|Sassy|||||50|]Pelipper||FocusSash|Drizzle|WeatherBall,Hurricane,Tailwind,Protect|Modest||F|||50|]Floette-Eternal||Floettite|FlowerVeil|Moonblast,DazzlingGleam,LightofRuin,Protect|Modest||F|||50|
|showteam|p2|Gengar||Gengarite|CursedBody|Protect,PerishSong,Disable,ShadowBall|Timid||F|||50|]Politoed||Leftovers|Drizzle|Protect,PerishSong,Encore,WeatherBall|Sassy||F|||50|]Incineroar||SitrusBerry|Intimidate|Protect,FakeOut,PartingShot,ThroatChop|Relaxed||F|||50|]Sinistcha||FocusSash|Hospitality|Protect,RagePowder,TrickRoom,MatchaGotcha|Relaxed|||||50|]Hydreigon||LifeOrb|Levitate|Protect,NastyPlot,DragonPulse,DarkPulse|Modest||M|||50|]Aggron||Aggronite|Sturdy|Protect,IronDefense,BodyPress,StoneEdge|Sassy||M|||50|
|inactive|Battle timer is ON: inactive players will automatically lose when time's up. (requested by KMMULLER2020)
|inactive|ilikecsr also wants the timer to be on.
|inactive|KMMULLER2020 has 60 seconds left.
|
|t:|1786096874
|teamsize|p1|4
|teamsize|p2|4
|start
|switch|p1a: Katappa|Pelipper, L50, F|100/100
|switch|p1b: Maithan Steel|Archaludon, L50, M|100/100
|switch|p2a: Gengar|Gengar, L50, F|100/100
|switch|p2b: Hydreigon|Hydreigon, L50, M|100/100
|-weather|RainDance|[from] ability: Drizzle|[of] p1a: Katappa
|turn|1
|
|t:|1786096890
|detailschange|p2a: Gengar|Gengar-Mega, L50, F
|-mega|p2a: Gengar|Gengar|Gengarite
|move|p2a: Gengar|Shadow Ball|p1a: Katappa
|-damage|p1a: Katappa|21/100
|move|p2b: Hydreigon|Dragon Pulse|p1a: Katappa
|-damage|p1a: Katappa|0 fnt
|faint|p1a: Katappa
|-damage|p2b: Hydreigon|90/100|[from] item: Life Orb
|move|p1b: Maithan Steel|Dragon Pulse|p2b: Hydreigon
|-supereffective|p2b: Hydreigon|1
|-damage|p2b: Hydreigon|2/100
|
|-weather|RainDance|[upkeep]
|upkeep
|inactive|ilikecsr has 30 seconds left.
|inactive|ilikecsr has 20 seconds left.
|inactive|ilikecsr has 15 seconds left.
|inactive|ilikecsr has 10 seconds left.
|inactive|ilikecsr has 5 seconds left.
|
|t:|1786096945
|switch|p1a: Bahubali|Swampert, L50, M|100/100
|turn|2
|
|t:|1786096961
|switch|p2b: Incineroar|Incineroar, L50, F|100/100
|-ability|p2b: Incineroar|Intimidate|boost
|-unboost|p1a: Bahubali|atk|1
|-unboost|p1b: Maithan Steel|atk|1
|detailschange|p1a: Bahubali|Swampert-Mega, L50, M
|-mega|p1a: Bahubali|Swampert|Swampertite
|move|p2a: Gengar|Protect|p2a: Gengar
|-singleturn|p2a: Gengar|Protect
|move|p1a: Bahubali|Wave Crash|p2a: Gengar
|-activate|p2a: Gengar|move: Protect
|move|p1b: Maithan Steel|Dragon Pulse|p2b: Incineroar
|-damage|p2b: Incineroar|66/100
|
|-weather|RainDance|[upkeep]
|upkeep
|turn|3
|inactive|KMMULLER2020 has 30 seconds left.
|inactive|KMMULLER2020 has 20 seconds left.
|
|t:|1786096997
|move|p2b: Incineroar|Fake Out|p1a: Bahubali
|-damage|p1a: Bahubali|90/100
|cant|p1a: Bahubali|flinch
|move|p2a: Gengar|Perish Song|p2a: Gengar
|-start|p1a: Bahubali|perish3|[silent]
|-start|p1b: Maithan Steel|perish3|[silent]
|-start|p2a: Gengar|perish3|[silent]
|-start|p2b: Incineroar|perish3|[silent]
|-fieldactivate|move: Perish Song
|move|p1b: Maithan Steel|Electro Shot||[still]
|-prepare|p1b: Maithan Steel|Electro Shot
|-boost|p1b: Maithan Steel|spa|1
|-anim|p1b: Maithan Steel|Electro Shot|p2a: Gengar
|-crit|p2a: Gengar
|-damage|p2a: Gengar|0 fnt
|faint|p2a: Gengar
|
|-weather|RainDance|[upkeep]
|-start|p1a: Bahubali|perish3
|-start|p1b: Maithan Steel|perish3
|-start|p2b: Incineroar|perish3
|upkeep
|
|t:|1786097013
|switch|p2a: Sinistcha|Sinistcha, L50|100/100
|-heal|p2b: Incineroar|91/100|[from] ability: Hospitality|[of] p2a: Sinistcha
|turn|4
|
|t:|1786097031
|move|p1a: Bahubali|Ice Punch|p2a: Sinistcha
|-supereffective|p2a: Sinistcha|1
|-damage|p2a: Sinistcha|65/100
|move|p1b: Maithan Steel|Dragon Pulse|p2a: Sinistcha
|-damage|p2a: Sinistcha|5/100
|move|p2a: Sinistcha|Matcha Gotcha|p1a: Bahubali|[spread] p1a,p1b
|-supereffective|p1a: Bahubali|2
|-crit|p1a: Bahubali
|-resisted|p1b: Maithan Steel|2
|-damage|p1a: Bahubali|0 fnt
|-heal|p2a: Sinistcha|51/100|[from] drain|[of] p1a: Bahubali
|-damage|p1b: Maithan Steel|94/100
|-heal|p2a: Sinistcha|54/100|[from] drain|[of] p1b: Maithan Steel
|-ability|p1b: Maithan Steel|Stamina|boost
|-boost|p1b: Maithan Steel|def|1
|faint|p1a: Bahubali
|move|p2b: Incineroar|Parting Shot|p1b: Maithan Steel
|-unboost|p1b: Maithan Steel|atk|1
|-unboost|p1b: Maithan Steel|spa|1
|
|t:|1786097048
|switch|p2b: Hydreigon|Hydreigon, L50, M|2/100|[from] Parting Shot
|
|-weather|RainDance|[upkeep]
|-heal|p1b: Maithan Steel|100/100|[from] item: Leftovers
|-start|p1b: Maithan Steel|perish2
|upkeep
|
|t:|1786097062
|switch|p1a: Floette|Floette-Eternal, L50, F|100/100
|turn|5
|inactive|KMMULLER2020 has 30 seconds left.
|
|t:|1786097091
|move|p2a: Sinistcha|Protect|p2a: Sinistcha
|-singleturn|p2a: Sinistcha|Protect
|move|p1a: Floette|Dazzling Gleam|p2a: Sinistcha|[spread] p2b
|-activate|p2a: Sinistcha|move: Protect
|-supereffective|p2b: Hydreigon|2
|-damage|p2b: Hydreigon|0 fnt
|faint|p2b: Hydreigon
|move|p1b: Maithan Steel|Electro Shot||[still]
|-prepare|p1b: Maithan Steel|Electro Shot
|-boost|p1b: Maithan Steel|spa|1
|-anim|p1b: Maithan Steel|Electro Shot|p2a: Sinistcha
|-activate|p2a: Sinistcha|move: Protect
|
|-weather|none
|-start|p1b: Maithan Steel|perish1
|upkeep
|
|t:|1786097104
|switch|p2b: Incineroar|Incineroar, L50, F|91/100
|-ability|p2b: Incineroar|Intimidate|boost
|-unboost|p1a: Floette|atk|1
|-unboost|p1b: Maithan Steel|atk|1
|turn|6
|
|t:|1786097126
|move|p2b: Incineroar|Fake Out|p1b: Maithan Steel
|-resisted|p1b: Maithan Steel|1
|-damage|p1b: Maithan Steel|97/100
|-ability|p1b: Maithan Steel|Stamina|boost
|-boost|p1b: Maithan Steel|def|1
|move|p1a: Floette|Dazzling Gleam|p2b: Incineroar|[spread] p2a,p2b
|-crit|p2a: Sinistcha
|-damage|p2a: Sinistcha|6/100
|-damage|p2b: Incineroar|61/100
|cant|p1b: Maithan Steel|flinch
|move|p2a: Sinistcha|Trick Room|p2a: Sinistcha
|-fieldstart|move: Trick Room|[of] p2a: Sinistcha
|
|-heal|p1b: Maithan Steel|100/100|[from] item: Leftovers
|-start|p1b: Maithan Steel|perish0
|faint|p1b: Maithan Steel
|upkeep
|turn|7
|
|t:|1786097150
|move|p2b: Incineroar|Throat Chop|p1a: Floette
|-resisted|p1a: Floette|1
|-damage|p1a: Floette|73/100
|-start|p1a: Floette|Throat Chop|[silent]
|move|p2a: Sinistcha|Matcha Gotcha|p1a: Floette
|-damage|p1a: Floette|42/100
|-heal|p2a: Sinistcha|19/100|[from] drain|[of] p1a: Floette
|move|p1a: Floette|Dazzling Gleam|p2a: Sinistcha|[spread] p2a,p2b
|-damage|p2a: Sinistcha|0 fnt
|-damage|p2b: Incineroar|30/100
|-enditem|p2b: Incineroar|Sitrus Berry|[eat]
|-heal|p2b: Incineroar|54/100|[from] item: Sitrus Berry
|faint|p2a: Sinistcha
|
|upkeep
|turn|8
|
|t:|1786097166
|move|p1a: Floette|Protect|p1a: Floette
|-singleturn|p1a: Floette|Protect
|move|p2b: Incineroar|Throat Chop|p1a: Floette
|-activate|p1a: Floette|move: Protect
|
|-end|p1a: Floette|Throat Chop|[silent]
|upkeep
|turn|9
|
|t:|1786097173
|move|p2b: Incineroar|Throat Chop|p1a: Floette
|-resisted|p1a: Floette|1
|-damage|p1a: Floette|18/100
|-start|p1a: Floette|Throat Chop|[silent]
|move|p1a: Floette|Moonblast|p2b: Incineroar
|-damage|p2b: Incineroar|11/100
|
|upkeep
|turn|10
|
|t:|1786097182
|move|p1a: Floette|Protect|p1a: Floette
|-singleturn|p1a: Floette|Protect
|move|p2b: Incineroar|Throat Chop|p1a: Floette
|-activate|p1a: Floette|move: Protect
|
|-end|p1a: Floette|Throat Chop|[silent]
|-fieldend|move: Trick Room
|upkeep
|turn|11
|
|t:|1786097189
|move|p1a: Floette|Moonblast|p2b: Incineroar
|-damage|p2b: Incineroar|0 fnt
|faint|p2b: Incineroar
|
|win|ilikecsr
|raw|ilikecsr's rating: 1209 → 1233(+24 for winning)
|raw|KMMULLER2020's rating: 1191 → 1167(-24 for losing)
|c|☆ilikecsr|gg
|c|☆KMMULLER2020|gg
