|j|☆JvinsVGC
|j|☆FunkleVGC
|html|JvinsVGCFunkleVGC    
|uhtml|bestof|Game 2 of a best-of-3
|t:|1782241113
|gametype|doubles
|player|p1|JvinsVGC|170|1179
|player|p2|FunkleVGC|fisherman-gen4|1176
|gen|9
|tier|[Gen 9 Champions] VGC 2026 Reg M-B (Bo3)
|rated|
|rule|Species Clause: Limit one of each Pokémon
|rule|Item Clause: Limit 1 of each item
|clearpoke
|poke|p1|Staraptor, L50, M|
|poke|p1|Sableye, L50, M|
|poke|p1|Arcanine-Hisui, L50, M|
|poke|p1|Garchomp, L50, F|
|poke|p1|Gholdengo, L50|
|poke|p1|Primarina, L50, M|
|poke|p2|Venusaur, L50, F, shiny|
|poke|p2|Aerodactyl, L50, M, shiny|
|poke|p2|Grimmsnarl, L50, M, shiny|
|poke|p2|Milotic, L50, F, shiny|
|poke|p2|Incineroar, L50, M, shiny|
|poke|p2|Gholdengo, L50, shiny|
|teampreview|4
|showteam|p1|Staraptor||Staraptite|Intimidate|CloseCombat,BraveBird,Tailwind,Roost|Adamant||M|||50|]Sableye||LightClay|Prankster|Reflect,LightScreen,WillOWisp,Quash|Calm||M|||50|]Arcanine-Hisui||HardStone|RockHead|FlareBlitz,RockSlide,HeadSmash,Protect|Adamant||M|||50|]Garchomp||LifeOrb|RoughSkin|Earthquake,DragonClaw,SwordsDance,Protect|Jolly||F|||50|]Gholdengo||SitrusBerry|GoodasGold|MakeItRain,ShadowBall,NastyPlot,Protect|Serious|||||50|]Primarina||Leftovers|LiquidVoice|HyperVoice,Moonblast,CalmMind,Protect|Modest||M|||50|
|showteam|p2|Venusaur||Venusaurite|Chlorophyll|GigaDrain,SludgeBomb,LeechSeed,Protect|Calm||F|||50|]Aerodactyl||Aerodactylite|Unnerve|RockSlide,DualWingbeat,Tailwind,Protect|Jolly||M|||50|]Grimmsnarl||LightClay|Prankster|LightScreen,Reflect,ScaryFace,SpiritBreak|Careful||M|||50|]Milotic||Leftovers|Competitive|MuddyWater,Coil,Hypnosis,Recover|Bold||F|||50|]Incineroar||SitrusBerry|Intimidate|FakeOut,ThroatChop,FlareBlitz,PartingShot|Careful||M|||50|]Gholdengo||LifeOrb|GoodasGold|MakeItRain,ShadowBall,PowerGem,Protect|Modest|||||50|
|inactive|Battle timer is ON: inactive players will automatically lose when time's up. (requested by JvinsVGC)
|
|t:|1782241165
|teamsize|p1|4
|teamsize|p2|4
|start
|switch|p1a: Gholdengo|Gholdengo, L50|100/100
|switch|p1b: Sableye|Sableye, L50, M|100/100
|switch|p2a: Grimmsnarl|Grimmsnarl, L50, M, shiny|100/100
|switch|p2b: Incineroar|Incineroar, L50, M, shiny|100/100
|-ability|p2b: Incineroar|Intimidate|boost
|-unboost|p1a: Gholdengo|atk|1
|-unboost|p1b: Sableye|atk|1
|turn|1
|
|t:|1782241182
|move|p1a: Gholdengo|Protect|p1a: Gholdengo
|-singleturn|p1a: Gholdengo|Protect
|move|p2a: Grimmsnarl|Light Screen|p2a: Grimmsnarl
|-sidestart|p2: FunkleVGC|move: Light Screen
|move|p1b: Sableye|Reflect|p1b: Sableye
|-sidestart|p1: JvinsVGC|Reflect
|move|p2b: Incineroar|Flare Blitz|p1a: Gholdengo
|-activate|p1a: Gholdengo|move: Protect
|
|upkeep
|turn|2
|
|t:|1782241196
|switch|p1a: Garchomp|Garchomp, L50, F|100/100
|switch|p1b: Staraptor|Staraptor, L50, M|100/100
|-ability|p1b: Staraptor|Intimidate|boost
|-unboost|p2a: Grimmsnarl|atk|1
|-unboost|p2b: Incineroar|atk|1
|move|p2a: Grimmsnarl|Reflect|p2a: Grimmsnarl
|-sidestart|p2: FunkleVGC|Reflect
|move|p2b: Incineroar|Flare Blitz|p1a: Garchomp
|-resisted|p1a: Garchomp|1
|-damage|p1a: Garchomp|89/100
|-status|p1a: Garchomp|brn
|-damage|p2b: Incineroar|87/100|[from] ability: Rough Skin|[of] p1a: Garchomp
|-damage|p2b: Incineroar|84/100|[from] Recoil
|
|-damage|p1a: Garchomp|83/100 brn|[from] brn
|upkeep
|turn|3
|
|t:|1782241215
|detailschange|p1b: Staraptor|Staraptor-Mega, L50, M
|-mega|p1b: Staraptor|Staraptor|Staraptite
|move|p1a: Garchomp|Swords Dance|p1a: Garchomp
|-boost|p1a: Garchomp|atk|2
|move|p1b: Staraptor|Close Combat|p2b: Incineroar
|-supereffective|p2b: Incineroar|1
|-damage|p2b: Incineroar|19/100
|-boost|p1b: Staraptor|def|1
|-boost|p1b: Staraptor|spd|1
|-enditem|p2b: Incineroar|Sitrus Berry|[eat]
|-heal|p2b: Incineroar|44/100|[from] item: Sitrus Berry
|move|p2a: Grimmsnarl|Spirit Break|p1a: Garchomp
|-supereffective|p1a: Garchomp|1
|-damage|p1a: Garchomp|53/100 brn
|-unboost|p1a: Garchomp|spa|1
|-damage|p2a: Grimmsnarl|87/100|[from] ability: Rough Skin|[of] p1a: Garchomp
|move|p2b: Incineroar|Parting Shot|p1b: Staraptor
|-boost|p1b: Staraptor|atk|1
|-boost|p1b: Staraptor|spa|1
|
|t:|1782241237
|switch|p2b: Aerodactyl|Aerodactyl, L50, M, shiny|100/100|[from] Parting Shot
|-ability|p2b: Aerodactyl|Unnerve
|
|-damage|p1a: Garchomp|47/100 brn|[from] brn
|upkeep
|turn|4
|
|t:|1782241248
|detailschange|p2b: Aerodactyl|Aerodactyl-Mega, L50, M, shiny
|-mega|p2b: Aerodactyl|Aerodactyl|Aerodactylite
|move|p2b: Aerodactyl|Tailwind|p2b: Aerodactyl
|-sidestart|p2: FunkleVGC|move: Tailwind
|move|p1a: Garchomp|Earthquake|p2b: Aerodactyl|[spread] p2a
|-immune|p1b: Staraptor
|-immune|p2b: Aerodactyl
|-damage|p2a: Grimmsnarl|48/100
|-damage|p1a: Garchomp|37/100 brn|[from] item: Life Orb
|move|p2a: Grimmsnarl|Spirit Break|p1a: Garchomp
|-supereffective|p1a: Garchomp|1
|-damage|p1a: Garchomp|9/100 brn
|-unboost|p1a: Garchomp|spa|1
|-damage|p2a: Grimmsnarl|35/100|[from] ability: Rough Skin|[of] p1a: Garchomp
|move|p1b: Staraptor|Close Combat|p2b: Aerodactyl
|-damage|p2b: Aerodactyl|18/100
|-boost|p1b: Staraptor|def|1
|-boost|p1b: Staraptor|spd|1
|
|-damage|p1a: Garchomp|3/100 brn|[from] brn
|upkeep
|turn|5
|
|t:|1782241272
|move|p2b: Aerodactyl|Rock Slide|p1a: Garchomp|[spread] p1a,p1b
|-resisted|p1a: Garchomp|1
|-damage|p1a: Garchomp|0 fnt
|-damage|p1b: Staraptor|92/100
|faint|p1a: Garchomp
|move|p2a: Grimmsnarl|Spirit Break|p1b: Staraptor
|-supereffective|p1b: Staraptor|1
|-damage|p1b: Staraptor|81/100
|-boost|p1b: Staraptor|spa|1
|cant|p1b: Staraptor|flinch
|
|upkeep
|
|t:|1782241282
|switch|p1a: Gholdengo|Gholdengo, L50|100/100
|turn|6
|
|t:|1782241293
|move|p2b: Aerodactyl|Dual Wingbeat|p1b: Staraptor
|-supereffective|p1b: Staraptor|1
|-damage|p1b: Staraptor|64/100
|-supereffective|p1b: Staraptor|1
|-damage|p1b: Staraptor|47/100
|-hitcount|p1b: Staraptor|2
|move|p2a: Grimmsnarl|Spirit Break|p1a: Gholdengo
|-resisted|p1a: Gholdengo|1
|-damage|p1a: Gholdengo|92/100
|-unboost|p1a: Gholdengo|spa|1
|move|p1a: Gholdengo|Nasty Plot|p1a: Gholdengo
|-boost|p1a: Gholdengo|spa|2
|move|p1b: Staraptor|Tailwind|p1b: Staraptor
|-sidestart|p1: JvinsVGC|move: Tailwind
|
|upkeep
|turn|7
|
|t:|1782241314
|move|p2b: Aerodactyl|Dual Wingbeat|p1b: Staraptor
|-supereffective|p1b: Staraptor|1
|-damage|p1b: Staraptor|31/100
|-supereffective|p1b: Staraptor|1
|-damage|p1b: Staraptor|16/100
|-hitcount|p1b: Staraptor|2
|move|p1a: Gholdengo|Make It Rain|p2b: Aerodactyl|[spread] p2a,p2b
|-supereffective|p2a: Grimmsnarl|1
|-supereffective|p2b: Aerodactyl|1
|-damage|p2a: Grimmsnarl|0 fnt
|-damage|p2b: Aerodactyl|0 fnt
|-unboost|p1a: Gholdengo|spa|2
|faint|p2a: Grimmsnarl
|faint|p2b: Aerodactyl
|move|p1b: Staraptor|Roost|p1b: Staraptor
|-heal|p1b: Staraptor|66/100
|-singleturn|p1b: Staraptor|move: Roost
|
|-sideend|p2: FunkleVGC|move: Tailwind
|upkeep
|-message|FunkleVGC forfeited.
|
|win|JvinsVGC
|raw|JvinsVGC's rating: 1179 → 1204(+25 for winning)
|raw|FunkleVGC's rating: 1176 → 1151(-25 for losing)
