|j|☆Uncreative7452
|j|☆Practivol.t1
|html|Uncreative7452Practivol.t1    
|uhtml|bestof|Game 3 of a best-of-3
|t:|1756750484
|gametype|doubles
|player|p1|Uncreative7452|tuber|1033
|player|p2|Practivol.t1|bugcatcher-gen4dp|1058
|gen|9
|tier|[Gen 9] VGC 2025 Reg H (Bo3)
|rated|
|rule|Species Clause: Limit one of each Pokémon
|rule|Item Clause: Limit 1 of each item
|clearpoke
|poke|p1|Chesnaught, L50, M|
|poke|p1|Rillaboom, L50, M|
|poke|p1|Gallade, L50, M|
|poke|p1|Magmar, L50, F|
|poke|p1|Bronzong, L50|
|poke|p1|Primarina, L50, F|
|poke|p2|Volcarona, L50, M|
|poke|p2|Baxcalibur, L50, F|
|poke|p2|Electabuzz, L50, M|
|poke|p2|Rillaboom, L50, M|
|poke|p2|Dondozo, L50, F|
|poke|p2|Tatsugiri, L50, M|
|teampreview|4
|showteam|p1|Chesnaught||Leftovers|Bulletproof|BellyDrum,GrassyGlide,DrainPunch,SpikyShield|||M|||50|,,,,,Fire]Rillaboom||AssaultVest|GrassySurge|GrassyGlide,WoodHammer,Uturn,FakeOut|||M|||50|,,,,,Fire]Gallade||LifeOrb|Sharpness|PsychoCut,SacredSword,WideGuard,TrickRoom|||M|||50|,,,,,Fire]Magmar||Eviolite|VitalSpirit|FollowMe,HeatWave,WillOWisp,Protect|||F|||50|,,,,,Ghost]Bronzong||MentalHerb|HeavyMetal|Protect,TrickRoom,BodyPress,HeavySlam||||||50|,,,,,Water]Primarina||ThroatSpray|LiquidVoice|HyperVoice,Moonblast,Protect,Encore|||F|||50|,,,,,Water
|showteam|p2|Volcarona||CovertCloak|FlameBody|TeraBlast,HeatWave,QuiverDance,Protect|||M|||50|,,,,,Fairy]Baxcalibur||LoadedDice|ThermalExchange|IcicleSpear,ScaleShot,Protect,StompingTantrum|||F|||50|,,,,,Fairy]Electabuzz||Eviolite|VitalSpirit|FollowMe,Thunderbolt,Taunt,Protect|||M|||50|,,,,,Ghost]Rillaboom||AssaultVest|GrassySurge|FakeOut,GrassyGlide,WoodHammer,Uturn|||M|||50|,,,,,Fire]Dondozo||Leftovers|Unaware|Protect,OrderUp,WaveCrash,Yawn|||F|||50|,,,,,Steel]Tatsugiri||ChoiceScarf|Commander|DragonPulse,DracoMeteor,IcyWind,MuddyWater|||M|||50|,,,,,Stellar
|
|t:|1756750498
|teamsize|p1|4
|teamsize|p2|4
|start
|switch|p1a: Gallade|Gallade, L50, M|100/100
|switch|p1b: Rillaboom|Rillaboom, L50, M|100/100
|switch|p2a: Volcarona|Volcarona, L50, M|100/100
|switch|p2b: Rillaboom|Rillaboom, L50, M|100/100
|-fieldstart|move: Grassy Terrain|[from] ability: Grassy Surge|[of] p2b: Rillaboom
|turn|1
|
|t:|1756750520
|switch|p1b: Magmar|Magmar, L50, F|100/100
|-terastallize|p1a: Gallade|Fire
|move|p2b: Rillaboom|Fake Out|p1a: Gallade
|-damage|p1a: Gallade|83/100
|move|p2a: Volcarona|Heat Wave|p1b: Magmar|[spread] p1a,p1b
|-resisted|p1a: Gallade
|-resisted|p1b: Magmar
|-damage|p1a: Gallade|66/100
|-damage|p1b: Magmar|87/100
|cant|p1a: Gallade|flinch
|
|-heal|p1b: Magmar|93/100|[from] Grassy Terrain
|-heal|p1a: Gallade|73/100|[from] Grassy Terrain
|upkeep
|turn|2
|
|t:|1756750548
|switch|p2b: Baxcalibur|Baxcalibur, L50, F|100/100
|move|p2a: Volcarona|Heat Wave|p1a: Gallade|[spread] p1b
|-miss|p2a: Volcarona|p1a: Gallade
|-resisted|p1b: Magmar
|-damage|p1b: Magmar|80/100
|move|p1b: Magmar|Heat Wave|p2b: Baxcalibur|[spread] p2a,p2b
|-damage|p2a: Volcarona|77/100
|-damage|p2b: Baxcalibur|75/100
|-ability|p2b: Baxcalibur|Thermal Exchange|boost
|-boost|p2b: Baxcalibur|atk|1
|move|p1a: Gallade|Sacred Sword|p2b: Baxcalibur
|-supereffective|p2b: Baxcalibur
|-damage|p2b: Baxcalibur|0 fnt
|faint|p2b: Baxcalibur
|-damage|p1a: Gallade|63/100|[from] item: Life Orb
|
|-heal|p2a: Volcarona|83/100|[from] Grassy Terrain
|-heal|p1b: Magmar|85/100|[from] Grassy Terrain
|-heal|p1a: Gallade|69/100|[from] Grassy Terrain
|upkeep
|
|t:|1756750568
|switch|p2b: Electabuzz|Electabuzz, L50, M|100/100
|turn|3
|
|t:|1756750577
|move|p2b: Electabuzz|Follow Me|p2b: Electabuzz
|-singleturn|p2b: Electabuzz|move: Follow Me
|move|p2a: Volcarona|Quiver Dance|p2a: Volcarona
|-boost|p2a: Volcarona|spa|1
|-boost|p2a: Volcarona|spd|1
|-boost|p2a: Volcarona|spe|1
|move|p1b: Magmar|Heat Wave|p2a: Volcarona|[spread] p2a,p2b
|-damage|p2a: Volcarona|69/100
|-damage|p2b: Electabuzz|79/100
|move|p1a: Gallade|Sacred Sword|p2b: Electabuzz
|-damage|p2b: Electabuzz|2/100
|-damage|p1a: Gallade|59/100|[from] item: Life Orb
|
|-heal|p2a: Volcarona|75/100|[from] Grassy Terrain
|-heal|p2b: Electabuzz|7/100|[from] Grassy Terrain
|-heal|p1b: Magmar|91/100|[from] Grassy Terrain
|-heal|p1a: Gallade|65/100|[from] Grassy Terrain
|upkeep
|turn|4
|
|t:|1756750595
|switch|p1a: Primarina|Primarina, L50, F|100/100
|move|p2a: Volcarona|Heat Wave|p1b: Magmar|[spread] p1a,p1b
|-resisted|p1a: Primarina
|-resisted|p1b: Magmar
|-crit|p1b: Magmar
|-damage|p1a: Primarina|80/100
|-damage|p1b: Magmar|62/100
|move|p2b: Electabuzz|Taunt|p1a: Primarina
|-start|p1a: Primarina|move: Taunt
|move|p1b: Magmar|Heat Wave|p2a: Volcarona|[spread] p2a,p2b
|-damage|p2a: Volcarona|60/100
|-damage|p2b: Electabuzz|0 fnt
|faint|p2b: Electabuzz
|
|-heal|p2a: Volcarona|67/100|[from] Grassy Terrain
|-heal|p1b: Magmar|67/100|[from] Grassy Terrain
|-heal|p1a: Primarina|86/100|[from] Grassy Terrain
|upkeep
|
|t:|1756750610
|switch|p2b: Rillaboom|Rillaboom, L50, M|100/100
|turn|5
|
|t:|1756750621
|switch|p1a: Rillaboom|Rillaboom, L50, M|100/100
|-terastallize|p2b: Rillaboom|Fire
|move|p2a: Volcarona|Heat Wave|p1b: Magmar|[spread] p1a,p1b
|-supereffective|p1a: Rillaboom
|-resisted|p1b: Magmar
|-damage|p1a: Rillaboom|38/100
|-damage|p1b: Magmar|49/100
|move|p2b: Rillaboom|Wood Hammer|p1a: Rillaboom
|-resisted|p1a: Rillaboom
|-damage|p1a: Rillaboom|2/100
|-damage|p2b: Rillaboom|88/100|[from] Recoil
|move|p1b: Magmar|Heat Wave|p2a: Volcarona|[spread] p2a,p2b
|-resisted|p2b: Rillaboom
|-damage|p2a: Volcarona|52/100
|-damage|p2b: Rillaboom|80/100
|
|-heal|p2a: Volcarona|58/100|[from] Grassy Terrain
|-heal|p2b: Rillaboom|86/100|[from] Grassy Terrain
|-heal|p1a: Rillaboom|8/100|[from] Grassy Terrain
|-heal|p1b: Magmar|55/100|[from] Grassy Terrain
|-fieldend|move: Grassy Terrain
|upkeep
|turn|6
|
|t:|1756750651
|move|p1a: Rillaboom|Fake Out|p2b: Rillaboom
|-damage|p2b: Rillaboom|74/100
|move|p2a: Volcarona|Heat Wave|p1a: Rillaboom|[spread] p1a,p1b
|-supereffective|p1a: Rillaboom
|-resisted|p1b: Magmar
|-damage|p1a: Rillaboom|0 fnt
|-damage|p1b: Magmar|36/100
|faint|p1a: Rillaboom
|cant|p2b: Rillaboom|flinch
|move|p1b: Magmar|Heat Wave|p2b: Rillaboom|[spread] p2a,p2b
|-resisted|p2b: Rillaboom
|-damage|p2a: Volcarona|43/100
|-damage|p2b: Rillaboom|66/100
|
|upkeep
|
|t:|1756750655
|switch|p1a: Primarina|Primarina, L50, F|86/100
|turn|7
|
|t:|1756750669
|move|p1b: Magmar|Follow Me|p1b: Magmar
|-singleturn|p1b: Magmar|move: Follow Me
|move|p2a: Volcarona|Tera Blast|p1b: Magmar
|-damage|p1b: Magmar|7/100
|move|p2b: Rillaboom|Wood Hammer|p1b: Magmar
|-resisted|p1b: Magmar
|-damage|p1b: Magmar|0 fnt
|faint|p1b: Magmar
|-damage|p2b: Rillaboom|64/100|[from] Recoil
|move|p1a: Primarina|Hyper Voice|p2b: Rillaboom|[spread] p2a,p2b
|-supereffective|p2a: Volcarona
|-crit|p2a: Volcarona
|-supereffective|p2b: Rillaboom
|-damage|p2a: Volcarona|0 fnt
|-damage|p2b: Rillaboom|15/100
|faint|p2a: Volcarona
|-enditem|p1a: Primarina|Throat Spray
|-boost|p1a: Primarina|spa|1|[from] item: Throat Spray
|
|upkeep
|
|t:|1756750676
|switch|p1b: Gallade|Gallade, L50, M, tera:Fire|65/100
|turn|8
|-message|Practivol.t1 forfeited.
|
|win|Uncreative7452
|raw|Uncreative7452's rating: 1033 → 1071(+38 for winning)
|raw|Practivol.t1's rating: 1058 → 1038(-20 for losing)
