|j|☆SunshineTufo
|j|☆roseradefan123
|html|SunshineTuforoseradefan123    
|uhtml|bestof|Game 1 of a best-of-3
|t:|1784195070
|gametype|doubles
|player|p1|SunshineTufo|li|1132
|player|p2|roseradefan123|102|1026
|gen|9
|tier|[Gen 9 Champions] VGC 2026 Reg M-B (Bo3)
|rated|
|rule|Species Clause: Limit one of each Pokémon
|rule|Item Clause: Limit 1 of each item
|clearpoke
|poke|p1|Charizard, L50, M, shiny|
|poke|p1|Incineroar, L50, M, shiny|
|poke|p1|Sylveon, L50, M, shiny|
|poke|p1|Aerodactyl, L50, M, shiny|
|poke|p1|Garchomp, L50, M, shiny|
|poke|p1|Farigiraf, L50, M, shiny|
|poke|p2|Roserade, L50, F, shiny|
|poke|p2|Tyranitar, L50, F|
|poke|p2|Typhlosion-Hisui, L50, M|
|poke|p2|Primarina, L50, M|
|poke|p2|Grimmsnarl, L50, M|
|poke|p2|Steelix, L50, M|
|teampreview|4
|showteam|p1|Charizard||CharizarditeY|SolarPower|HeatWave,WeatherBall,SolarBeam,Protect|Modest||M|||50|]Incineroar||Charcoal|Intimidate|FlareBlitz,DarkestLariat,PartingShot,FakeOut|Brave||M|||50|]Sylveon||FairyFeather|Pixilate|HyperVoice,QuickAttack,HyperBeam,Detect|Modest||M|||50|]Aerodactyl||Aerodactylite|Unnerve|WideGuard,RockSlide,DualWingbeat,Tailwind|Jolly||M|||50|]Garchomp||LifeOrb|RoughSkin|Protect,RockSlide,DragonClaw,Earthquake|Adamant||M|||50|]Farigiraf||SitrusBerry|ArmorTail|SunnyDay,PsychicFangs,Thunderbolt,TrickRoom|Relaxed||M|||50|
|showteam|p2|Roserade||FocusSash|NaturalCure|Protect,SleepPowder,Extrasensory,SludgeBomb|Timid||F|||50|]Tyranitar||Tyranitarite|SandStream|Protect,HighHorsepower,RockSlide,DragonDance|Adamant||F|||50|]Typhlosion-Hisui||ChoiceScarf|Blaze|Eruption,ShadowBall,HeatWave,LowKick|Hasty||M|||50|]Primarina||LifeOrb|LiquidVoice|Moonblast,HyperVoice,EnergyBall,Protect|Modest||M|||50|]Grimmsnarl||ExpertBelt|Prankster|SuckerPunch,SpiritBreak,PartingShot,FakeOut|Impish||M|||50|]Steelix||Steelixite|Sturdy|HeavySlam,HighHorsepower,Protect,WideGuard|Brave||M|||50|
|inactive|Battle timer is ON: inactive players will automatically lose when time's up. (requested by SunshineTufo)
|inactive|roseradefan123 has 60 seconds left.
|c|☆SunshineTufo|low kick? lol
|
|t:|1784195125
|teamsize|p1|4
|teamsize|p2|4
|start
|switch|p1a: Aerodactyl|Aerodactyl, L50, M, shiny|100/100
|switch|p1b: Farigiraf|Farigiraf, L50, M, shiny|100/100
|switch|p2a: Grimmsnarl|Grimmsnarl, L50, M|100/100
|switch|p2b: Tyranitar|Tyranitar, L50, F|100/100
|-ability|p1a: Aerodactyl|Unnerve
|-weather|Sandstorm|[from] ability: Sand Stream|[of] p2b: Tyranitar
|turn|1
|inactive|SunshineTufo has 30 seconds left.
|inactive|roseradefan123 has 30 seconds left.
|inactive|SunshineTufo has 20 seconds left.
|inactive|roseradefan123 has 20 seconds left.
|inactive|SunshineTufo has 15 seconds left.
|
|t:|1784195165
|switch|p1a: Garchomp|Garchomp, L50, M, shiny|100/100
|detailschange|p2b: Tyranitar|Tyranitar-Mega, L50, F
|-mega|p2b: Tyranitar|Tyranitar|Tyranitarite
|move|p2b: Tyranitar|Dragon Dance|p2b: Tyranitar
|-boost|p2b: Tyranitar|atk|1
|-boost|p2b: Tyranitar|spe|1
|move|p2a: Grimmsnarl|Spirit Break|p1b: Farigiraf
|-damage|p1b: Farigiraf|75/100
|-unboost|p1b: Farigiraf|spa|1
|move|p1b: Farigiraf|Sunny Day|p1b: Farigiraf
|-weather|SunnyDay
|
|-weather|SunnyDay|[upkeep]
|upkeep
|turn|2
|inactive|roseradefan123 has 30 seconds left.
|inactive|roseradefan123 has 20 seconds left.
|
|t:|1784195208
|switch|p1b: Aerodactyl|Aerodactyl, L50, M, shiny|100/100
|-ability|p1b: Aerodactyl|Unnerve
|move|p1a: Garchomp|Earthquake|p2b: Tyranitar|[spread] p2a,p2b
|-immune|p1b: Aerodactyl
|-supereffective|p2b: Tyranitar|1
|-crit|p2b: Tyranitar
|-damage|p2a: Grimmsnarl|53/100
|-damage|p2b: Tyranitar|12/100
|-damage|p1a: Garchomp|90/100|[from] item: Life Orb
|move|p2b: Tyranitar|Dragon Dance|p2b: Tyranitar
|-boost|p2b: Tyranitar|atk|1
|-boost|p2b: Tyranitar|spe|1
|move|p2a: Grimmsnarl|Spirit Break|p1a: Garchomp
|-supereffective|p1a: Garchomp|1
|-damage|p1a: Garchomp|21/100
|-unboost|p1a: Garchomp|spa|1
|-damage|p2a: Grimmsnarl|41/100|[from] ability: Rough Skin|[of] p1a: Garchomp
|
|-weather|SunnyDay|[upkeep]
|upkeep
|turn|3
|inactive|roseradefan123 has 30 seconds left.
|
|t:|1784195235
|detailschange|p1b: Aerodactyl|Aerodactyl-Mega, L50, M, shiny
|-mega|p1b: Aerodactyl|Aerodactyl|Aerodactylite
|move|p1a: Garchomp|Protect|p1a: Garchomp
|-singleturn|p1a: Garchomp|Protect
|move|p2a: Grimmsnarl|Sucker Punch||[still]
|-fail|p2a: Grimmsnarl
|move|p1b: Aerodactyl|Rock Slide|p2a: Grimmsnarl|[spread] p2a,p2b
|-crit|p2a: Grimmsnarl
|-damage|p2a: Grimmsnarl|1/100
|-damage|p2b: Tyranitar|0 fnt
|faint|p2b: Tyranitar
|
|-weather|SunnyDay|[upkeep]
|upkeep
|
|t:|1784195251
|switch|p2b: Primarina|Primarina, L50, M|100/100
|turn|4
|
|t:|1784195267
|switch|p1a: Farigiraf|Farigiraf, L50, M, shiny|75/100
|move|p2a: Grimmsnarl|Sucker Punch||[still]
|cant|p1a: Farigiraf|ability: Armor Tail|Sucker Punch|[of] p2a: Grimmsnarl
|move|p1b: Aerodactyl|Rock Slide|p2b: Primarina|[spread] p2a,p2b
|-damage|p2a: Grimmsnarl|0 fnt
|-damage|p2b: Primarina|71/100
|faint|p2a: Grimmsnarl
|cant|p2b: Primarina|flinch
|
|-weather|SunnyDay|[upkeep]
|upkeep
|
|t:|1784195280
|switch|p2a: Roserade|Roserade, L50, F, shiny|100/100
|turn|5
|
|t:|1784195287
|move|p1b: Aerodactyl|Dual Wingbeat|p2a: Roserade
|-supereffective|p2a: Roserade|1
|-damage|p2a: Roserade|10/100
|-supereffective|p2a: Roserade|1
|-damage|p2a: Roserade|0 fnt
|faint|p2a: Roserade
|-hitcount|p2: Roserade|2
|move|p2b: Primarina|Hyper Voice|p1a: Farigiraf|[spread] p1a,p1b
|-supereffective|p1b: Aerodactyl|1
|-damage|p1a: Farigiraf|55/100
|-damage|p1b: Aerodactyl|55/100
|-damage|p2b: Primarina|61/100|[from] item: Life Orb
|move|p1a: Farigiraf|Thunderbolt|p2b: Primarina
|-supereffective|p2b: Primarina|1
|-crit|p2b: Primarina
|-damage|p2b: Primarina|1/100
|
|-weather|none
|upkeep
|turn|6
|
|t:|1784195311
|move|p1b: Aerodactyl|Tailwind|p1b: Aerodactyl
|-sidestart|p1: SunshineTufo|move: Tailwind
|move|p1a: Farigiraf|Thunderbolt|p2b: Primarina
|-supereffective|p2b: Primarina|1
|-damage|p2b: Primarina|0 fnt
|faint|p2b: Primarina
|
|win|SunshineTufo
||SunshineTufo is ready for game 2.
||roseradefan123 is ready for game 2.
|uhtml|next|Next: Game 2 of 3
