|j|☆Erickm57
|j|☆ClefableBot
|html|Erickm57ClefableBot    
|uhtml|bestof|Game 2 of a best-of-3
|t:|1782241437
|gametype|doubles
|player|p1|Erickm57|265|1113
|player|p2|ClefableBot|koga|1172
|gen|9
|tier|[Gen 9 Champions] VGC 2026 Reg M-B (Bo3)
|rated|
|rule|Species Clause: Limit one of each Pokémon
|rule|Item Clause: Limit 1 of each item
|clearpoke
|poke|p1|Sylveon, L50, F|
|poke|p1|Charizard, L50, M|
|poke|p1|Garchomp, L50, M|
|poke|p1|Aerodactyl, L50, F|
|poke|p1|Kingambit, L50, F|
|poke|p1|Farigiraf, L50, M|
|poke|p2|Floette-Eternal, L50, F|
|poke|p2|Aerodactyl, L50, F|
|poke|p2|Garchomp, L50, M|
|poke|p2|Incineroar, L50, M|
|poke|p2|Sinistcha-Masterpiece, L50|
|poke|p2|Gholdengo, L50|
|teampreview|4
|showteam|p1|Sylveon||FairyFeather|Pixilate|HyperVoice,HyperBeam,QuickAttack,Detect|Modest||F|||50|]Charizard||CharizarditeY|Blaze|WeatherBall,HeatWave,SolarBeam,Protect|Modest||M|||50|]Garchomp||ChoiceScarf|RoughSkin|DragonClaw,Earthquake,StompingTantrum,RockSlide|Adamant||M|||50|]Aerodactyl||FocusSash|Unnerve|RockSlide,WideGuard,Tailwind,Protect|Jolly||F|||50|]Kingambit||BlackGlasses|Defiant|KowtowCleave,IronHead,SuckerPunch,LowKick|Brave||F|||50|]Farigiraf||SitrusBerry|ArmorTail|Psychic,HelpingHand,TrickRoom,AllySwitch|Relaxed||M|||50|
|showteam|p2|Floette-Eternal||Floettite|FlowerVeil|Protect,DrainingKiss,Moonblast,CalmMind|Modest||F|||50|]Aerodactyl||Aerodactylite|Unnerve|Protect,Tailwind,DualWingbeat,RockSlide|Jolly||F|||50|]Garchomp||ChoiceScarf|RoughSkin|RockSlide,DragonClaw,Earthquake,StompingTantrum|Adamant||M|||50|]Incineroar||SitrusBerry|Intimidate|FlareBlitz,PartingShot,ThroatChop,FakeOut|Impish||M|||50|]Sinistcha-Masterpiece||KasibBerry|Hospitality|Protect,RagePowder,MatchaGotcha,LifeDew|Bold|||||50|]Gholdengo||LifeOrb|GoodasGold|Protect,MakeItRain,ShadowBall,NastyPlot|Timid|||||50|
|inactive|Battle timer is ON: inactive players will automatically lose when time's up. (requested by ClefableBot)
|
|t:|1782241471
|teamsize|p1|4
|teamsize|p2|4
|start
|switch|p1a: Farigiraf|Farigiraf, L50, M|100/100
|switch|p1b: Charizard|Charizard, L50, M|100/100
|switch|p2a: Floette|Floette-Eternal, L50, F|100/100
|switch|p2b: Aerodactyl|Aerodactyl, L50, F|100/100
|-ability|p2b: Aerodactyl|Unnerve
|turn|1
|inactive|ClefableBot has 30 seconds left.
|
|t:|1782241506
|switch|p1b: Kingambit|Kingambit, L50, F|100/100
|detailschange|p2a: Floette|Floette-Mega, L50, F
|-mega|p2a: Floette|Floette|Floettite
|-ability|p2a: Floette|Fairy Aura
|move|p2b: Aerodactyl|Rock Slide|p1b: Kingambit|[spread] p1a
|-miss|p2b: Aerodactyl|p1b: Kingambit
|-damage|p1a: Farigiraf|76/100
|move|p2a: Floette|Calm Mind|p2a: Floette
|-boost|p2a: Floette|spa|1
|-boost|p2a: Floette|spd|1
|cant|p1a: Farigiraf|flinch
|
|upkeep
|turn|2
|inactive|Erickm57 has 30 seconds left.
|inactive|ClefableBot has 30 seconds left.
|inactive|ClefableBot has 20 seconds left.
|inactive|ClefableBot has 15 seconds left.
|
|t:|1782241547
|move|p2b: Aerodactyl|Rock Slide|p1a: Farigiraf|[spread] p1a,p1b
|-crit|p1a: Farigiraf
|-resisted|p1b: Kingambit|1
|-damage|p1a: Farigiraf|36/100
|-damage|p1b: Kingambit|91/100
|move|p2a: Floette|Moonblast|p1a: Farigiraf
|-damage|p1a: Farigiraf|0 fnt
|faint|p1a: Farigiraf
|move|p1b: Kingambit|Iron Head|p2a: Floette
|-supereffective|p2a: Floette|1
|-damage|p2a: Floette|1/100
|
|upkeep
|
|t:|1782241559
|switch|p1a: Garchomp|Garchomp, L50, M|100/100
|turn|3
|
|t:|1782241583
|move|p2b: Aerodactyl|Protect|p2b: Aerodactyl
|-singleturn|p2b: Aerodactyl|Protect
|move|p1a: Garchomp|Stomping Tantrum|p2a: Floette
|-crit|p2a: Floette
|-damage|p2a: Floette|0 fnt
|faint|p2a: Floette
|move|p1b: Kingambit|Iron Head|p2b: Aerodactyl
|-activate|p2b: Aerodactyl|move: Protect
|
|upkeep
|
|t:|1782241597
|switch|p2a: Garchomp|Garchomp, L50, M|100/100
|turn|4
|
|t:|1782241618
|switch|p1b: Charizard|Charizard, L50, M|100/100
|move|p2a: Garchomp|Earthquake|p1a: Garchomp|[spread] p1a
|-immune|p2b: Aerodactyl
|-immune|p1b: Charizard
|-damage|p1a: Garchomp|61/100
|move|p1a: Garchomp|Stomping Tantrum|p2a: Garchomp
|-damage|p2a: Garchomp|52/100
|-damage|p1a: Garchomp|48/100|[from] ability: Rough Skin|[of] p2a: Garchomp
|move|p2b: Aerodactyl|Rock Slide|p1b: Charizard|[spread] p1a,p1b
|-resisted|p1a: Garchomp|1
|-supereffective|p1b: Charizard|2
|-damage|p1a: Garchomp|38/100
|-damage|p1b: Charizard|0 fnt
|faint|p1b: Charizard
|
|upkeep
|
|t:|1782241633
|switch|p1b: Kingambit|Kingambit, L50, F|91/100
|turn|5
|inactive|ClefableBot has 30 seconds left.
|
|t:|1782241661
|move|p1b: Kingambit|Sucker Punch|p2a: Garchomp
|-damage|p2a: Garchomp|3/100
|-damage|p1b: Kingambit|79/100|[from] ability: Rough Skin|[of] p2a: Garchomp
|move|p2a: Garchomp|Earthquake|p1a: Garchomp|[spread] p1a,p1b
|-immune|p2b: Aerodactyl
|-supereffective|p1b: Kingambit|1
|-damage|p1a: Garchomp|1/100
|-damage|p1b: Kingambit|21/100
|move|p1a: Garchomp|Stomping Tantrum|p2a: Garchomp
|-damage|p2a: Garchomp|0 fnt
|-damage|p1a: Garchomp|0 fnt|[from] ability: Rough Skin|[of] p2a: Garchomp
|faint|p2a: Garchomp
|faint|p1a: Garchomp
|move|p2b: Aerodactyl|Rock Slide|p1b: Kingambit
|-resisted|p1b: Kingambit|1
|-damage|p1b: Kingambit|9/100
|
|upkeep
|
|t:|1782241677
|switch|p2a: Incineroar|Incineroar, L50, M|100/100
|-ability|p2a: Incineroar|Intimidate|boost
|-unboost|p1b: Kingambit|atk|1
|-ability|p1b: Kingambit|Defiant|boost
|-boost|p1b: Kingambit|atk|2
|turn|6
|
|t:|1782241684
|move|p1b: Kingambit|Sucker Punch||[still]
|-fail|p1b: Kingambit
|move|p2b: Aerodactyl|Tailwind|p2b: Aerodactyl
|-sidestart|p2: ClefableBot|move: Tailwind
|move|p2a: Incineroar|Flare Blitz|p1b: Kingambit
|-supereffective|p1b: Kingambit|1
|-damage|p1b: Kingambit|0 fnt
|faint|p1b: Kingambit
|-damage|p2a: Incineroar|96/100|[from] Recoil
|
|win|ClefableBot
|raw|Erickm57's rating: 1113 → 1092(-21 for losing)
|raw|ClefableBot's rating: 1172 → 1193(+21 for winning)
|l|☆Erickm57
|player|p1|
