|j|☆azuredreamer vg
|j|☆Theverynotsusman
|html|azuredreamer vgTheverynotsusman    
|uhtml|bestof|Game 2 of a best-of-3
|t:|1756257085
|gametype|doubles
|player|p1|azuredreamer vg|1|1137
|player|p2|Theverynotsusman|1|1113
|gen|9
|tier|[Gen 9] VGC 2025 Reg H (Bo3)
|rated|
|rule|Species Clause: Limit one of each Pokémon
|rule|Item Clause: Limit 1 of each item
|clearpoke
|poke|p1|Annihilape, L50, F|
|poke|p1|Archaludon, L50, F|
|poke|p1|Ursaluna-Bloodmoon, L50, M|
|poke|p1|Whimsicott, L50, M|
|poke|p1|Basculegion, L50, M|
|poke|p1|Pelipper, L50, M|
|poke|p2|Dondozo, L50, F|
|poke|p2|Tatsugiri-Droopy, L50, F|
|poke|p2|Volcarona, L50, F|
|poke|p2|Sneasler, L50, M|
|poke|p2|Dragapult, L50, M|
|poke|p2|Murkrow, L50, F|
|teampreview|4
|showteam|p1|Annihilape||ChoiceScarf|Defiant|FinalGambit,RageFist,Uturn,CloseCombat|||F|||50|,,,,,Grass]Archaludon||AssaultVest|Stamina|BodyPress,FlashCannon,ElectroShot,DracoMeteor|||F|||50|,,,,,Water]Ursaluna-Bloodmoon||LifeOrb|MindsEye|EarthPower,BloodMoon,HyperVoice,Protect|||M|||50|,,,,,Normal]Whimsicott||FocusSash|Prankster|Moonblast,BeatUp,Tailwind,Taunt|||M|||50|,,,,,Ghost]Basculegion||ChoiceBand|SwiftSwim|WaveCrash,FlipTurn,LastRespects,AquaJet|||M|||50|,,,,,Water]Pelipper||CovertCloak|Drizzle|WeatherBall,Hurricane,Tailwind,Protect|||M|||50|,,,,,Ground
|showteam|p2|Dondozo||Leftovers|Oblivious|BodyPress,OrderUp,Protect,WaveCrash|||F|||50|,,,,,Grass]Tatsugiri-Droopy||FocusSash|Commander|DracoMeteor,MuddyWater,Protect,IcyWind|||F|||50|,,,,,Stellar]Volcarona||RockyHelmet|FlameBody|QuiverDance,HeatWave,GigaDrain,Protect|||F|||50|,,,,,Grass]Sneasler||ClearAmulet|PoisonTouch|CloseCombat,DireClaw,FakeOut,Protect|||M|||50|,,,,,Stellar]Dragapult||ChoiceBand|ClearBody|PhantomForce,Outrage,DragonDarts,Uturn|||M|||50|,,,,,Dragon]Murkrow||Eviolite|Prankster|Tailwind,Protect,BraveBird,Haze|||F|||50|,,,,,Ghost
|inactive|Battle timer is ON: inactive players will automatically lose when time's up. (requested by azuredreamer vg)
|c|☆Theverynotsusman|😔
|c|☆azuredreamer vg|you were unlucky
|inactive|azuredreamer vg has 60 seconds left.
|inactive|Theverynotsusman has 60 seconds left.
|c|☆azuredreamer vg|although
|c|☆azuredreamer vg|i think i might have lived according to my calc dex
|c|☆azuredreamer vg|1 of them, not both
|
|t:|1756257144
|teamsize|p1|4
|teamsize|p2|4
|start
|switch|p1a: Whimsicott|Whimsicott, L50, M|100/100
|switch|p1b: Annihilape|Annihilape, L50, F|100/100
|switch|p2a: Sneasler|Sneasler, L50, M|100/100
|switch|p2b: Murkrow|Murkrow, L50, F|100/100
|turn|1
|
|t:|1756257164
|-terastallize|p1a: Whimsicott|Ghost
|move|p2a: Sneasler|Fake Out|p1a: Whimsicott
|-immune|p1a: Whimsicott
|move|p2b: Murkrow|Tailwind|p2b: Murkrow
|-sidestart|p2: Theverynotsusman|move: Tailwind
|move|p1a: Whimsicott|Beat Up|p1b: Annihilape
|-damage|p1b: Annihilape|99/100
|-damage|p1b: Annihilape|95/100
|-damage|p1b: Annihilape|92/100
|-damage|p1b: Annihilape|90/100
|-hitcount|p1b: Annihilape|4
|move|p1b: Annihilape|Rage Fist|p2a: Sneasler
|-damage|p2a: Sneasler|0 fnt
|faint|p2a: Sneasler
|
|upkeep
|
|t:|1756257170
|switch|p2a: Dragapult|Dragapult, L50, M|100/100
|turn|2
|
|t:|1756257190
|-terastallize|p2a: Dragapult|Dragon
|move|p1a: Whimsicott|Tailwind|p1a: Whimsicott
|-sidestart|p1: azuredreamer vg|move: Tailwind
|move|p2a: Dragapult|Phantom Force||[still]
|-prepare|p2a: Dragapult|Phantom Force
|move|p1b: Annihilape|Rage Fist|p2a: Dragapult|[miss]
|-miss|p1b: Annihilape|p2a: Dragapult
|move|p2b: Murkrow|Brave Bird|p1a: Whimsicott
|-damage|p1a: Whimsicott|38/100
|-damage|p2b: Murkrow|80/100|[from] Recoil
|
|upkeep
|turn|3
|inactive|azuredreamer vg has 30 seconds left.
|
|t:|1756257217
|switch|p1b: Pelipper|Pelipper, L50, M|100/100
|-weather|RainDance|[from] ability: Drizzle|[of] p1b: Pelipper
|move|p2a: Dragapult|Phantom Force|p1b: Pelipper|[from] lockedmove
|-damage|p1b: Pelipper|12/100
|move|p1a: Whimsicott|Moonblast|p2a: Dragapult
|-supereffective|p2a: Dragapult
|-damage|p2a: Dragapult|0 fnt
|faint|p2a: Dragapult
|move|p2b: Murkrow|Brave Bird|p1a: Whimsicott
|-damage|p1a: Whimsicott|0 fnt
|faint|p1a: Whimsicott
|-damage|p2b: Murkrow|67/100|[from] Recoil
|
|-weather|RainDance|[upkeep]
|upkeep
|
|t:|1756257236
|switch|p2a: Tatsugiri|Tatsugiri-Droopy, L50, F|100/100
|switch|p1a: Annihilape|Annihilape, L50, F|90/100
|turn|4
|
|t:|1756257249
|move|p1b: Pelipper|Protect|p1b: Pelipper
|-singleturn|p1b: Pelipper|Protect
|move|p1a: Annihilape|Rage Fist|p2a: Tatsugiri
|-enditem|p2a: Tatsugiri|Focus Sash
|-damage|p2a: Tatsugiri|1/100
|move|p2a: Tatsugiri|Muddy Water|p1a: Annihilape|[spread] p1a
|-activate|p1b: Pelipper|move: Protect
|-damage|p1a: Annihilape|46/100
|move|p2b: Murkrow|Brave Bird|p1a: Annihilape
|-supereffective|p1a: Annihilape
|-damage|p1a: Annihilape|0 fnt
|faint|p1a: Annihilape
|-damage|p2b: Murkrow|44/100|[from] Recoil
|
|-weather|RainDance|[upkeep]
|-sideend|p2: Theverynotsusman|move: Tailwind
|upkeep
|
|t:|1756257261
|switch|p1a: Archaludon|Archaludon, L50, F, shiny|100/100
|turn|5
|
|t:|1756257274
|move|p2a: Tatsugiri|Protect|p2a: Tatsugiri
|-singleturn|p2a: Tatsugiri|Protect
|move|p2b: Murkrow|Tailwind|p2b: Murkrow
|-sidestart|p2: Theverynotsusman|move: Tailwind
|move|p1b: Pelipper|Weather Ball|p2a: Tatsugiri
|-activate|p2a: Tatsugiri|move: Protect
|move|p1a: Archaludon|Electro Shot||[still]
|-prepare|p1a: Archaludon|Electro Shot
|-boost|p1a: Archaludon|spa|1
|-anim|p1a: Archaludon|Electro Shot|p2b: Murkrow
|-supereffective|p2b: Murkrow
|-damage|p2b: Murkrow|0 fnt
|faint|p2b: Murkrow
|
|-weather|RainDance|[upkeep]
|-sideend|p1: azuredreamer vg|move: Tailwind
|upkeep
|turn|6
|
|t:|1756257288
|move|p1b: Pelipper|Protect|p1b: Pelipper
|-singleturn|p1b: Pelipper|Protect
|move|p2a: Tatsugiri|Muddy Water|p1a: Archaludon|[spread] p1a
|-activate|p1b: Pelipper|move: Protect
|-resisted|p1a: Archaludon
|-damage|p1a: Archaludon|84/100
|-ability|p1a: Archaludon|Stamina|boost
|-boost|p1a: Archaludon|def|1
|move|p1a: Archaludon|Electro Shot||[still]
|-prepare|p1a: Archaludon|Electro Shot
|-boost|p1a: Archaludon|spa|1
|-anim|p1a: Archaludon|Electro Shot|p2a: Tatsugiri
|-damage|p2a: Tatsugiri|0 fnt
|faint|p2a: Tatsugiri
|
|win|azuredreamer vg
|raw|azuredreamer vg's rating: 1137 → 1160(+23 for winning)
|raw|Theverynotsusman's rating: 1113 → 1090(-23 for losing)
|c|☆Theverynotsusman|Gg
