|j|☆ravus9
|j|☆TeyOnTheRox
|html|ravus9TeyOnTheRox    
|uhtml|bestof|Game 1 of a best-of-3
|t:|1757739042
|gametype|doubles
|player|p1|ravus9|hilbert-wonderlauncher|1068
|player|p2|TeyOnTheRox|benga|1128
|gen|9
|tier|[Gen 9] VGC 2025 Reg H (Bo3)
|rated|
|rule|Species Clause: Limit one of each Pokémon
|rule|Item Clause: Limit 1 of each item
|clearpoke
|poke|p1|Volcarona, L50, M|
|poke|p1|Rillaboom, L50, M|
|poke|p1|Kingambit, L50, M|
|poke|p1|Ninetales-Alola, L50, F|
|poke|p1|Sneasler, L50, M|
|poke|p1|Electabuzz, L50, F|
|poke|p2|Tyranitar, L50, F|
|poke|p2|Excadrill, L50, M|
|poke|p2|Sneasler, L50, F|
|poke|p2|Indeedee, L50, M|
|poke|p2|Corviknight, L50, F|
|poke|p2|Annihilape, L50, F|
|teampreview|4
|showteam|p1|Volcarona||CovertCloak|FlameBody|Overheat,TeraBlast,QuiverDance,Protect|||M|||50|,,,,,Fairy]Rillaboom||AssaultVest|GrassySurge|GrassyGlide,WoodHammer,HighHorsepower,FakeOut|||M|||50|,,,,,Fire]Kingambit||BlackGlasses|Defiant|KowtowCleave,SuckerPunch,SwordsDance,Protect|||M|||50|,,,,,Dark]Ninetales-Alola||LightClay|SnowWarning|Protect,Blizzard,AuroraVeil,FreezeDry|||F|||50|,,,,,Ghost]Sneasler||FocusSash|Unburden|CloseCombat,DireClaw,Coaching,FakeOut|||M|||50|,,,,,Stellar]Electabuzz||Eviolite|VitalSpirit|FollowMe,Protect,Electroweb,Taunt|||F|||50|,,,,,Dark
|showteam|p2|Tyranitar||AssaultVest|SandStream|RockSlide,KnockOff,TeraBlast,LowKick|||F|||50|,,,,,Flying]Excadrill||FocusSash|SandRush|IronHead,HighHorsepower,Earthquake,Protect|||M|||50|,,,,,Stellar]Sneasler||PsychicSeed|Unburden|DireClaw,CloseCombat,ThroatChop,Protect|||F|||50|,,,,,Dark]Indeedee||ChoiceScarf|PsychicSurge|ExpandingForce,TeraBlast,Protect,Trick|||M|||50|,,,,,Psychic]Corviknight||Leftovers|MirrorArmor|BraveBird,BulkUp,Roost,Tailwind|||F|||50|,,,,,Dragon]Annihilape||SafetyGoggles|Defiant|CloseCombat,FinalGambit,RageFist,Taunt|||F|||50|,,,,,Water
|
|t:|1757739080
|teamsize|p1|4
|teamsize|p2|4
|start
|switch|p1a: Electabuzz|Electabuzz, L50, F|100/100
|switch|p1b: Volcarona|Volcarona, L50, M|100/100
|switch|p2a: Doc Hudson|Tyranitar, L50, F, shiny|100/100
|switch|p2b: Toe Mater|Excadrill, L50, M|100/100
|-weather|Sandstorm|[from] ability: Sand Stream|[of] p2a: Doc Hudson
|turn|1
|
|t:|1757739119
|switch|p1a: Rillaboom|Rillaboom, L50, M|100/100
|-fieldstart|move: Grassy Terrain|[from] ability: Grassy Surge|[of] p1a: Rillaboom
|move|p1b: Volcarona|Protect|p1b: Volcarona
|-singleturn|p1b: Volcarona|Protect
|move|p2b: Toe Mater|High Horsepower|p1a: Rillaboom
|-resisted|p1a: Rillaboom
|-damage|p1a: Rillaboom|72/100
|move|p2a: Doc Hudson|Rock Slide|p1b: Volcarona|[spread] p1a
|-activate|p1b: Volcarona|move: Protect
|-damage|p1a: Rillaboom|44/100
|
|-weather|Sandstorm|[upkeep]
|-damage|p1b: Volcarona|94/100|[from] Sandstorm
|-damage|p1a: Rillaboom|39/100|[from] Sandstorm
|-heal|p1b: Volcarona|100/100|[from] Grassy Terrain
|-heal|p1a: Rillaboom|44/100|[from] Grassy Terrain
|upkeep
|turn|2
|inactive|Battle timer is ON: inactive players will automatically lose when time's up. (requested by ravus9)
|inactive|TeyOnTheRox has 60 seconds left.
|
|t:|1757739231
|-terastallize|p2a: Doc Hudson|Flying
|move|p1a: Rillaboom|Fake Out|p2a: Doc Hudson
|-damage|p2a: Doc Hudson|87/100
|move|p2b: Toe Mater|Iron Head|p1b: Volcarona
|-resisted|p1b: Volcarona
|-damage|p1b: Volcarona|72/100
|move|p1b: Volcarona|Quiver Dance|p1b: Volcarona
|-boost|p1b: Volcarona|spa|1
|-boost|p1b: Volcarona|spd|1
|-boost|p1b: Volcarona|spe|1
|cant|p2a: Doc Hudson|flinch
|
|-weather|Sandstorm|[upkeep]
|-damage|p1b: Volcarona|66/100|[from] Sandstorm
|-damage|p2a: Doc Hudson|81/100|[from] Sandstorm
|-damage|p1a: Rillaboom|39/100|[from] Sandstorm
|-heal|p1b: Volcarona|72/100|[from] Grassy Terrain
|-heal|p1a: Rillaboom|44/100|[from] Grassy Terrain
|upkeep
|turn|3
|inactive|ravus9 has 30 seconds left.
|inactive|TeyOnTheRox has 30 seconds left.
|inactive|ravus9 has 20 seconds left.
|inactive|TeyOnTheRox has 20 seconds left.
|inactive|ravus9 has 15 seconds left.
|inactive|TeyOnTheRox has 15 seconds left.
|inactive|ravus9 has 10 seconds left.
|inactive|TeyOnTheRox has 10 seconds left.
|inactive|TeyOnTheRox has 5 seconds left.
|
|t:|1757739284
|move|p2b: Toe Mater|High Horsepower|p1b: Volcarona
|-damage|p1b: Volcarona|11/100
|-status|p2b: Toe Mater|brn|[from] ability: Flame Body|[of] p1b: Volcarona
|move|p1b: Volcarona|Overheat|p2a: Doc Hudson
|-damage|p2a: Doc Hudson|19/100
|-unboost|p1b: Volcarona|spa|2
|move|p2a: Doc Hudson|Tera Blast|p1a: Rillaboom|[anim] Tera Blast Flying
|-supereffective|p1a: Rillaboom
|-damage|p1a: Rillaboom|0 fnt
|faint|p1a: Rillaboom
|
|-weather|Sandstorm|[upkeep]
|-damage|p1b: Volcarona|5/100|[from] Sandstorm
|-damage|p2a: Doc Hudson|13/100|[from] Sandstorm
|-heal|p1b: Volcarona|11/100|[from] Grassy Terrain
|-damage|p2b: Toe Mater|95/100 brn|[from] brn
|upkeep
|
|t:|1757739303
|switch|p1a: Electabuzz|Electabuzz, L50, F|100/100
|turn|4
|inactive|TeyOnTheRox has 30 seconds left.
|
|t:|1757739336
|move|p2b: Toe Mater|Earthquake|p1a: Electabuzz|[spread] p1a,p1b
|-immune|p2a: Doc Hudson
|-supereffective|p1a: Electabuzz
|-damage|p1a: Electabuzz|79/100
|-damage|p1b: Volcarona|0 fnt
|faint|p1b: Volcarona
|move|p1a: Electabuzz|Electroweb|p2a: Doc Hudson|[spread] p2a
|-immune|p2b: Toe Mater
|-supereffective|p2a: Doc Hudson
|-damage|p2a: Doc Hudson|0 fnt
|faint|p2a: Doc Hudson
|
|-weather|Sandstorm|[upkeep]
|-damage|p1a: Electabuzz|73/100|[from] Sandstorm
|-heal|p2b: Toe Mater|100/100 brn|[from] Grassy Terrain
|-heal|p1a: Electabuzz|79/100|[from] Grassy Terrain
|-damage|p2b: Toe Mater|95/100 brn|[from] brn
|upkeep
|
|t:|1757739356
|switch|p1b: Sneasler|Sneasler, L50, M|100/100
|switch|p2a: Cars I|Indeedee, L50, M, shiny|100/100
|-fieldstart|move: Psychic Terrain|[from] ability: Psychic Surge|[of] p2a: Cars I
|turn|5
|inactive|ravus9 has 30 seconds left.
|inactive|TeyOnTheRox has 30 seconds left.
|inactive|ravus9 has 20 seconds left.
|inactive|TeyOnTheRox has 20 seconds left.
|inactive|TeyOnTheRox has 15 seconds left.
|inactive|TeyOnTheRox has 10 seconds left.
|
|t:|1757739402
|-terastallize|p1a: Electabuzz|Dark
|move|p2b: Toe Mater|Earthquake|p1b: Sneasler|[spread] p2a,p1a,p1b
|-supereffective|p1b: Sneasler
|-damage|p2a: Cars I|52/100
|-damage|p1a: Electabuzz|58/100
|-damage|p1b: Sneasler|30/100
|move|p2a: Cars I|Expanding Force|p1a: Electabuzz|[spread] p1b
|-immune|p1a: Electabuzz
|-supereffective|p1b: Sneasler
|-damage|p1b: Sneasler|0 fnt
|faint|p1b: Sneasler
|move|p1a: Electabuzz|Taunt|p2a: Cars I
|-start|p2a: Cars I|move: Taunt
|
|-weather|none
|-damage|p2b: Toe Mater|89/100 brn|[from] brn
|upkeep
|turn|6
|-message|ravus9 forfeited.
|
|win|TeyOnTheRox
