|j|☆crimsonkidd
|j|☆Dragonite miss
|html|crimsonkiddDragonite miss    
|uhtml|bestof|Game 3 of a best-of-3
|t:|1755459295
|gametype|doubles
|player|p1|crimsonkidd|lance|1352
|player|p2|Dragonite miss|170|1452
|gen|9
|tier|[Gen 9] VGC 2025 Reg H (Bo3)
|rated|
|rule|Species Clause: Limit one of each Pokémon
|rule|Item Clause: Limit 1 of each item
|clearpoke
|poke|p1|Tyranitar, L50, F|
|poke|p1|Excadrill, L50, M|
|poke|p1|Houndstone, L50, F|
|poke|p1|Milotic, L50, F|
|poke|p1|Amoonguss, L50, M|
|poke|p1|Volcarona, L50, M|
|poke|p2|Ursaluna-Bloodmoon, L50, M|
|poke|p2|Gholdengo, L50|
|poke|p2|Incineroar, L50, M|
|poke|p2|Clefable, L50, M|
|poke|p2|Dragonite, L50, M|
|poke|p2|Annihilape, L50, M|
|teampreview|4
|showteam|p1|Tyranitar||AssaultVest|SandStream|KnockOff,RockSlide,TeraBlast,LowKick|||F|||50|,,,,,Flying]Excadrill||FocusSash|SandRush|HighHorsepower,IronHead,Protect,Earthquake|||M|||50|,,,,,Fire]Houndstone||LifeOrb|SandRush|LastRespects,ShadowSneak,BodyPress,Protect|||F|||50|,,,,,Normal]Milotic||SitrusBerry|Competitive|Scald,IcyWind,Protect,Haze|||F|||50|,,,,,Poison]Amoonguss||RockyHelmet|Regenerator|RagePowder,Spore,PollenPuff,SludgeBomb|||M|||50|,,,,,Water]Volcarona||Leftovers|FlameBody|QuiverDance,HeatWave,GigaDrain,Protect|||M|||50|,,,,,Grass
|showteam|p2|Ursaluna-Bloodmoon||AssaultVest|MindsEye|HyperVoice,EarthPower,BloodMoon,VacuumWave|||M|||50|,,,,,Water]Gholdengo||LifeOrb|GoodasGold|MakeItRain,ShadowBall,NastyPlot,Protect||||||50|,,,,,Water]Incineroar||SafetyGoggles|Intimidate|FlareBlitz,KnockOff,PartingShot,FakeOut|||M|||50|,,,,,Ghost]Clefable||SitrusBerry|Unaware|Moonblast,MistyTerrain,FollowMe,Protect|||M|||50|,,,,,Water]Dragonite||LoadedDice|Multiscale|ScaleShot,Tailwind,Haze,Protect|||M|||50|,,,,,Steel]Annihilape||FocusSash|Defiant|CloseCombat,RageFist,Coaching,FinalGambit|||M|||50|,,,,,Grass
|inactive|Battle timer is ON: inactive players will automatically lose when time's up. (requested by crimsonkidd)
|
|t:|1755459349
|teamsize|p1|4
|teamsize|p2|4
|start
|switch|p1a: Milotic|Milotic, L50, F|100/100
|switch|p1b: Excadrill|Excadrill, L50, M|100/100
|switch|p2a: Annihilape|Annihilape, L50, M|100/100
|switch|p2b: Ursaluna|Ursaluna-Bloodmoon, L50, M|100/100
|turn|1
|inactive|crimsonkidd has 30 seconds left.
|inactive|crimsonkidd has 20 seconds left.
|inactive|crimsonkidd has 15 seconds left.
|
|t:|1755459393
|switch|p1b: Houndstone|Houndstone, L50, F|100/100
|switch|p1a: Tyranitar|Tyranitar, L50, F, shiny|100/100
|-weather|Sandstorm|[from] ability: Sand Stream|[of] p1a: Tyranitar
|move|p2a: Annihilape|Final Gambit|p1a: Tyranitar
|-damage|p1a: Tyranitar|0 fnt
|faint|p2a: Annihilape
|faint|p1a: Tyranitar
|move|p2b: Ursaluna|Earth Power|p1b: Houndstone
|-damage|p1b: Houndstone|43/100
|
|-weather|Sandstorm|[upkeep]
|upkeep
|
|t:|1755459418
|switch|p2a: Dragonite|Dragonite, L50, M|100/100
|switch|p1a: Milotic|Milotic, L50, F|100/100
|turn|2
|inactive|crimsonkidd has 30 seconds left.
|inactive|Dragonite miss has 30 seconds left.
|
|t:|1755459458
|move|p1b: Houndstone|Last Respects|p2a: Dragonite
|-damage|p2a: Dragonite|65/100
|-damage|p1b: Houndstone|34/100|[from] item: Life Orb
|move|p2a: Dragonite|Scale Shot|p1a: Milotic
|-damage|p1a: Milotic|86/100
|-damage|p1a: Milotic|72/100
|-damage|p1a: Milotic|58/100
|-damage|p1a: Milotic|45/100
|-enditem|p1a: Milotic|Sitrus Berry|[eat]
|-heal|p1a: Milotic|70/100|[from] item: Sitrus Berry
|-hitcount|p1a: Milotic|4
|-unboost|p2a: Dragonite|def|1
|-boost|p2a: Dragonite|spe|1
|move|p1a: Milotic|Icy Wind|p2a: Dragonite|[spread] p2a,p2b
|-supereffective|p2a: Dragonite
|-supereffective|p2b: Ursaluna
|-damage|p2a: Dragonite|22/100
|-damage|p2b: Ursaluna|85/100
|-unboost|p2a: Dragonite|spe|1
|-unboost|p2b: Ursaluna|spe|1
|move|p2b: Ursaluna|Earth Power|p1b: Houndstone
|-damage|p1b: Houndstone|0 fnt
|faint|p1b: Houndstone
|
|-weather|Sandstorm|[upkeep]
|-damage|p2a: Dragonite|16/100|[from] Sandstorm
|-damage|p1a: Milotic|64/100|[from] Sandstorm
|upkeep
|
|t:|1755459468
|switch|p1b: Excadrill|Excadrill, L50, M|100/100
|turn|3
|inactive|Dragonite miss has 30 seconds left.
|
|t:|1755459494
|move|p1b: Excadrill|Iron Head|p2a: Dragonite
|-damage|p2a: Dragonite|0 fnt
|faint|p2a: Dragonite
|move|p1a: Milotic|Scald|p2b: Ursaluna
|-supereffective|p2b: Ursaluna
|-damage|p2b: Ursaluna|44/100
|move|p2b: Ursaluna|Earth Power|p1b: Excadrill
|-supereffective|p1b: Excadrill
|-enditem|p1b: Excadrill|Focus Sash
|-damage|p1b: Excadrill|1/100
|
|-weather|Sandstorm|[upkeep]
|-damage|p1a: Milotic|58/100|[from] Sandstorm
|upkeep
|
|t:|1755459498
|switch|p2a: Incineroar|Incineroar, L50, M|100/100
|-ability|p2a: Incineroar|Intimidate|boost
|-unboost|p1a: Milotic|atk|1
|-ability|p1a: Milotic|Competitive|boost
|-boost|p1a: Milotic|spa|2
|-unboost|p1b: Excadrill|atk|1
|turn|4
|
|t:|1755459513
|move|p1b: Excadrill|Protect|p1b: Excadrill
|-singleturn|p1b: Excadrill|Protect
|move|p1a: Milotic|Protect|p1a: Milotic
|-singleturn|p1a: Milotic|Protect
|move|p2a: Incineroar|Fake Out|p1a: Milotic
|-activate|p1a: Milotic|move: Protect
|move|p2b: Ursaluna|Vacuum Wave|p1b: Excadrill
|-activate|p1b: Excadrill|move: Protect
|
|-weather|Sandstorm|[upkeep]
|-damage|p1a: Milotic|52/100|[from] Sandstorm
|upkeep
|turn|5
|inactive|crimsonkidd has 30 seconds left.
|inactive|crimsonkidd has 20 seconds left.
|inactive|crimsonkidd has 15 seconds left.
|
|t:|1755459553
|-terastallize|p2a: Incineroar|Ghost
|move|p1b: Excadrill|Protect||[still]
|-fail|p1b: Excadrill
|move|p2b: Ursaluna|Vacuum Wave|p1b: Excadrill
|-supereffective|p1b: Excadrill
|-damage|p1b: Excadrill|0 fnt
|faint|p1b: Excadrill
|move|p2a: Incineroar|Knock Off|p1a: Milotic
|-damage|p1a: Milotic|28/100
|move|p1a: Milotic|Scald|p2b: Ursaluna
|-supereffective|p2b: Ursaluna
|-damage|p2b: Ursaluna|0 fnt
|faint|p2b: Ursaluna
|
|-weather|none
|upkeep
|turn|6
|
|t:|1755459574
|move|p2a: Incineroar|Knock Off|p1a: Milotic
|-damage|p1a: Milotic|6/100
|move|p1a: Milotic|Icy Wind|p2a: Incineroar
|-damage|p2a: Incineroar|73/100
|-unboost|p2a: Incineroar|spe|1
|
|upkeep
|turn|7
|
|t:|1755459582
|move|p1a: Milotic|Scald|p2a: Incineroar
|-damage|p2a: Incineroar|19/100
|move|p2a: Incineroar|Knock Off|p1a: Milotic
|-damage|p1a: Milotic|0 fnt
|faint|p1a: Milotic
|
|win|Dragonite miss
|raw|crimsonkidd's rating: 1352 → 1338(-14 for losing)
|raw|Dragonite miss's rating: 1452 → 1466(+14 for winning)
|l|☆Dragonite miss
|player|p2|
