|j|☆volkron zz
|j|☆lux raymundi
|html|volkron zzlux raymundi    
|uhtml|bestof|Game 1 of a best-of-3
|t:|1782679235
|gametype|doubles
|player|p1|volkron zz|heroine2-conquest|1114
|player|p2|lux raymundi|169|1218
|gen|9
|tier|[Gen 9 Champions] VGC 2026 Reg M-B (Bo3)
|rated|
|rule|Species Clause: Limit one of each Pokémon
|rule|Item Clause: Limit 1 of each item
|clearpoke
|poke|p1|Decidueye, L50, M|
|poke|p1|Araquanid, L50, M|
|poke|p1|Heliolisk, L50, M|
|poke|p1|Pelipper, L50, M|
|poke|p1|Garchomp, L50, F|
|poke|p1|Lucario, L50, M|
|poke|p2|Garchomp, L50, F|
|poke|p2|Sneasler, L50, F|
|poke|p2|Sinistcha, L50|
|poke|p2|Eelektross, L50, F|
|poke|p2|Delphox, L50, F|
|poke|p2|Basculegion, L50, M|
|teampreview|4
|showteam|p1|Decidueye||SpellTag|LongReach|SpiritShackle,LeafBlade,Protect,ShadowSneak|Adamant||M|||50|]Araquanid||Leftovers|WaterBubble|WideGuard,Liquidation,BugBite,Soak|Brave||M|||50|]Heliolisk||ChoiceScarf|DrySkin|GrassKnot,Thunderbolt,Electrify,ShedTail|Timid||M|||50|]Pelipper||FocusSash|Drizzle|Tailwind,WideGuard,Hurricane,WeatherBall|Timid||M|||50|]Garchomp||LifeOrb|RoughSkin|Earthquake,DragonClaw,RockSlide,Protect|Jolly||F|||50|]Lucario||Lucarionite|Steadfast|AuraSphere,FlashCannon,Coaching,Protect|Timid||M|||50|
|showteam|p2|Garchomp||LifeOrb|RoughSkin|Earthquake,RockTomb,DragonClaw,Protect|Jolly||F|||50|]Sneasler||FocusSash|Unburden|FakeOut,CloseCombat,DireClaw,Protect|Jolly||F|||50|]Sinistcha||SitrusBerry|Hospitality|MatchaGotcha,RagePowder,TrickRoom,Protect|Bold|||||50|]Eelektross||Eelektrossite|Levitate|Protect,Electroweb,Flamethrower,Thunderbolt|Timid||F|||50|]Delphox||Delphoxite|Blaze|NastyPlot,HeatWave,Psychic,Protect|Timid||F|||50|]Basculegion||ChoiceScarf|Adaptability|FlipTurn,AquaJet,WaveCrash,LastRespects|Jolly||M|||50|
|inactive|Battle timer is ON: inactive players will automatically lose when time's up. (requested by volkron zz)
|
|t:|1782679265
|teamsize|p1|4
|teamsize|p2|4
|start
|switch|p1a: Heliolisk|Heliolisk, L50, M|100/100
|switch|p1b: Araquanid|Araquanid, L50, M|100/100
|switch|p2a: Garchomp|Garchomp, L50, F|100/100
|switch|p2b: Eelektross|Eelektross, L50, F|100/100
|turn|1
|inactive|volkron zz has 30 seconds left.
|
|t:|1782679297
|detailschange|p2b: Eelektross|Eelektross-Mega, L50, F
|-mega|p2b: Eelektross|Eelektross|Eelektrossite
|move|p1a: Heliolisk|Shed Tail|p1a: Heliolisk
|-start|p1a: Heliolisk|Substitute|[from] move: Shed Tail
|-damage|p1a: Heliolisk|49/100
|
|t:|1782679302
|switch|p1a: Decidueye|Decidueye, L50, M|100/100|[from] Shed Tail
|move|p2a: Garchomp|Earthquake|p1a: Decidueye|[spread] p1a,p1b
|-immune|p2b: Eelektross|[from] ability: Levitate
|-resisted|p1a: Decidueye|1
|-end|p1a: Decidueye|Substitute
|-resisted|p1b: Araquanid|1
|-damage|p1b: Araquanid|73/100
|-damage|p2a: Garchomp|90/100|[from] item: Life Orb
|move|p2b: Eelektross|Thunderbolt|p1b: Araquanid
|-supereffective|p1b: Araquanid|1
|-damage|p1b: Araquanid|0 fnt
|faint|p1b: Araquanid
|-ability|p2b: Eelektross|Eelevate|boost
|-boost|p2b: Eelektross|spa|1
|
|upkeep
|
|t:|1782679315
|switch|p1b: Heliolisk|Heliolisk, L50, M|49/100
|turn|2
|
|t:|1782679332
|move|p1b: Heliolisk|Grass Knot|p2b: Eelektross
|-damage|p2b: Eelektross|64/100
|move|p2a: Garchomp|Rock Tomb|p1a: Decidueye
|-damage|p1a: Decidueye|66/100
|-unboost|p1a: Decidueye|spe|1
|-damage|p2a: Garchomp|80/100|[from] item: Life Orb
|move|p2b: Eelektross|Electroweb|p1b: Heliolisk|[spread] p1a,p1b
|-resisted|p1a: Decidueye|1
|-resisted|p1b: Heliolisk|1
|-damage|p1a: Decidueye|52/100
|-damage|p1b: Heliolisk|28/100
|-unboost|p1a: Decidueye|spe|1
|-unboost|p1b: Heliolisk|spe|1
|move|p1a: Decidueye|Spirit Shackle|p2b: Eelektross
|-damage|p2b: Eelektross|0 fnt
|faint|p2b: Eelektross
|
|upkeep
|
|t:|1782679344
|switch|p2b: Basculegion|Basculegion, L50, M|100/100
|turn|3
|inactive|lux raymundi has 30 seconds left.
|
|t:|1782679375
|switch|p2b: Sneasler|Sneasler, L50, F|100/100
|move|p1b: Heliolisk|Grass Knot|p2b: Sneasler
|-resisted|p2b: Sneasler|1
|-damage|p2b: Sneasler|86/100
|move|p2a: Garchomp|Dragon Claw|p1a: Decidueye
|-damage|p1a: Decidueye|0 fnt
|faint|p1a: Decidueye
|-damage|p2a: Garchomp|71/100|[from] item: Life Orb
|
|upkeep
|
|t:|1782679383
|switch|p1a: Garchomp|Garchomp, L50, F|100/100
|turn|4
|
|t:|1782679392
|move|p2a: Garchomp|Protect|p2a: Garchomp
|-singleturn|p2a: Garchomp|Protect
|move|p2b: Sneasler|Close Combat|p1b: Heliolisk
|-supereffective|p1b: Heliolisk|1
|-damage|p1b: Heliolisk|0 fnt
|-unboost|p2b: Sneasler|def|1
|-unboost|p2b: Sneasler|spd|1
|faint|p1b: Heliolisk
|move|p1a: Garchomp|Earthquake|p2b: Sneasler|[spread] p2b
|-activate|p2a: Garchomp|move: Protect
|-supereffective|p2b: Sneasler|1
|-damage|p2b: Sneasler|0 fnt
|faint|p2b: Sneasler
|-damage|p1a: Garchomp|90/100|[from] item: Life Orb
|
|upkeep
|
|t:|1782679395
|switch|p2b: Basculegion|Basculegion, L50, M|100/100
|turn|5
|
|t:|1782679403
|move|p2b: Basculegion|Last Respects|p1a: Garchomp
|-damage|p1a: Garchomp|0 fnt
|faint|p1a: Garchomp
|
|win|lux raymundi
