|j|☆thecoolestfridge
|j|☆Mr. Kessler
|html|thecoolestfridgeMr. Kessler    
|uhtml|bestof|Game 3 of a best-of-3
|t:|1785690580
|gametype|doubles
|player|p1|thecoolestfridge|102|
|player|p2|Mr. Kessler|266|
|gen|9
|tier|[Gen 9 Champions] VGC 2026 Reg M-B (Bo3)
|rule|Species Clause: Limit one of each Pokémon
|rule|Item Clause: Limit 1 of each item
|clearpoke
|poke|p1|Weavile, L50, F|
|poke|p1|Decidueye-Hisui, L50, F|
|poke|p1|Charizard, L50, F|
|poke|p1|Gardevoir, L50, F|
|poke|p1|Sableye, L50, M|
|poke|p1|Lycanroc-Midnight, L50, F|
|poke|p2|Gliscor, L50, M|
|poke|p2|Greninja, L50, M|
|poke|p2|Tyrantrum, L50, M|
|poke|p2|Arcanine, L50, M|
|poke|p2|Rotom-Wash, L50|
|poke|p2|Mamoswine, L50, F|
|teampreview|4
|showteam|p1|Weavile||FocusSash|Pressure|TripleAxel,ThroatChop,FakeOut,BrickBreak|Jolly||F|||50|]Decidueye-Hisui||OccaBerry|Scrappy|TripleArrows,LeafBlade,Tailwind,Protect|Adamant||F|||50|]Charizard||CharizarditeY|Blaze|HeatWave,SolarBeam,WeatherBall,Protect|Timid||F|||50|]Gardevoir||Gardevoirite|Trace|HyperVoice,Psyshock,Protect,IcyWind|Timid||F|||50|]Sableye||LightClay|Prankster|Reflect,LightScreen,FoulPlay,FakeOut|Impish||M|||50|]Lycanroc-Midnight||ChoiceScarf|NoGuard|StoneEdge,StompingTantrum,CloseCombat,PsychicFangs|Jolly||F|||50|
|showteam|p2|Gliscor||Leftovers|PoisonHeal|Tailwind,RockSlide,HighHorsepower,StealthRock|Careful||M|||50|]Greninja||Greninjite|Protean|RainDance,HydroPump,DarkPulse,SludgeWave|Timid||M|||50|]Tyrantrum||ChoiceScarf|RockHead|RockSlide,HeadSmash,BreakingSwipe,PlayRough|Jolly||M|||50|]Arcanine||SitrusBerry|FlashFire|Protect,WillOWisp,FlareBlitz,Crunch|Adamant||M|||50|]Rotom-Wash||RindoBerry|Levitate|Discharge,VoltSwitch,HydroPump,Protect|Bold|||||50|]Mamoswine||OccaBerry|ThickFat|RockSlide,Earthquake,IceShard,IcicleCrash|Adamant||F|||50|
|inactive|Battle timer is ON: inactive players will automatically lose when time's up. (requested by Mr. Kessler)
|j| Theaminus
|inactive|thecoolestfridge has 60 seconds left.
|
|t:|1785690616
|teamsize|p1|4
|teamsize|p2|4
|start
|switch|p1a: Decidueye|Decidueye-Hisui, L50, F|100/100
|switch|p1b: Weavile|Weavile, L50, F|100/100
|switch|p2a: Gliscor|Gliscor, L50, M|100/100
|switch|p2b: Rotom|Rotom-Wash, L50|100/100
|-ability|p1b: Weavile|Pressure
|turn|1
|
|t:|1785690633
|move|p1b: Weavile|Fake Out|p2a: Gliscor
|-damage|p2a: Gliscor|89/100
|cant|p2a: Gliscor|flinch
|move|p2b: Rotom|Discharge|p1a: Decidueye|[spread] p1a,p1b
|-immune|p2a: Gliscor
|-resisted|p1a: Decidueye|1
|-damage|p1a: Decidueye|89/100
|-damage|p1b: Weavile|71/100
|move|p1a: Decidueye|Tailwind|p1a: Decidueye
|-sidestart|p1: thecoolestfridge|move: Tailwind
|
|-heal|p2a: Gliscor|95/100|[from] item: Leftovers
|upkeep
|turn|2
|
|t:|1785690648
|move|p1b: Weavile|Triple Axel|p2a: Gliscor
|-supereffective|p2a: Gliscor|2
|-damage|p2a: Gliscor|60/100
|-hitcount|p2a: Gliscor|1
|move|p1a: Decidueye|Leaf Blade|p2b: Rotom
|-supereffective|p2b: Rotom|1
|-crit|p2b: Rotom
|-enditem|p2b: Rotom|Rindo Berry|[eat]
|-enditem|p2b: Rotom|Rindo Berry|[weaken]
|-damage|p2b: Rotom|52/100
|move|p2a: Gliscor|Tailwind|p2a: Gliscor
|-sidestart|p2: Mr. Kessler|move: Tailwind
|move|p2b: Rotom|Discharge|p1a: Decidueye|[spread] p1a,p1b
|-immune|p2a: Gliscor
|-resisted|p1a: Decidueye|1
|-damage|p1a: Decidueye|79/100
|-damage|p1b: Weavile|40/100
|-status|p1a: Decidueye|par
|
|-heal|p2a: Gliscor|66/100|[from] item: Leftovers
|upkeep
|turn|3
|inactive|thecoolestfridge has 30 seconds left.
|
|t:|1785690683
|switch|p1b: Lycanroc|Lycanroc-Midnight, L50, F|100/100
|move|p2a: Gliscor|Stealth Rock|p1a: Decidueye
|-sidestart|p1: thecoolestfridge|move: Stealth Rock
|move|p2b: Rotom|Hydro Pump|p1b: Lycanroc
|-supereffective|p1b: Lycanroc|1
|-damage|p1b: Lycanroc|0 fnt
|faint|p1b: Lycanroc
|move|p1a: Decidueye|Leaf Blade|p2b: Rotom
|-supereffective|p2b: Rotom|1
|-damage|p2b: Rotom|0 fnt
|faint|p2b: Rotom
|
|-heal|p2a: Gliscor|72/100|[from] item: Leftovers
|upkeep
|
|t:|1785690695
|switch|p1b: Weavile|Weavile, L50, F|40/100
|switch|p2b: Tyrantrum|Tyrantrum, L50, M|100/100
|-damage|p1b: Weavile|15/100|[from] Stealth Rock
|-ability|p1b: Weavile|Pressure
|turn|4
|
|t:|1785690707
|move|p1b: Weavile|Fake Out|p2a: Gliscor
|-damage|p2a: Gliscor|60/100
|move|p2b: Tyrantrum|Play Rough|p1a: Decidueye
|-supereffective|p1a: Decidueye|1
|-damage|p1a: Decidueye|32/100 par
|cant|p2a: Gliscor|flinch
|move|p1a: Decidueye|Triple Arrows|p2b: Tyrantrum
|-supereffective|p2b: Tyrantrum|1
|-damage|p2b: Tyrantrum|32/100
|-unboost|p2b: Tyrantrum|def|1
|
|-heal|p2a: Gliscor|67/100|[from] item: Leftovers
|-sideend|p1: thecoolestfridge|move: Tailwind
|upkeep
|turn|5
|
|t:|1785690730
|move|p2b: Tyrantrum|Play Rough|p1a: Decidueye
|-supereffective|p1a: Decidueye|1
|-damage|p1a: Decidueye|0 fnt
|faint|p1a: Decidueye
|move|p2a: Gliscor|Rock Slide|p1b: Weavile
|-supereffective|p1b: Weavile|1
|-damage|p1b: Weavile|0 fnt
|faint|p1b: Weavile
|
|-heal|p2a: Gliscor|73/100|[from] item: Leftovers
|-sideend|p2: Mr. Kessler|move: Tailwind
|upkeep
|
|t:|1785690737
|switch|p1a: Gardevoir|Gardevoir, L50, F|100/100
|-damage|p1a: Gardevoir|87/100|[from] Stealth Rock
|-ability|p1a: Gardevoir|Poison Heal|Trace|[from] ability: Trace|[of] p2a: Gliscor
|turn|6
|
|t:|1785690754
|switch|p2b: Greninja|Greninja, L50, M|100/100
|detailschange|p1a: Gardevoir|Gardevoir-Mega, L50, F
|-mega|p1a: Gardevoir|Gardevoir|Gardevoirite
|move|p1a: Gardevoir|Icy Wind|p2a: Gliscor|[spread] p2a,p2b
|-supereffective|p2a: Gliscor|2
|-resisted|p2b: Greninja|1
|-damage|p2a: Gliscor|15/100
|-damage|p2b: Greninja|85/100
|-unboost|p2a: Gliscor|spe|1
|-unboost|p2b: Greninja|spe|1
|move|p2a: Gliscor|Tailwind|p2a: Gliscor
|-sidestart|p2: Mr. Kessler|move: Tailwind
|
|-heal|p2a: Gliscor|21/100|[from] item: Leftovers
|upkeep
|turn|7
|
|t:|1785690769
|detailschange|p2b: Greninja|Greninja-Mega, L50, M
|-mega|p2b: Greninja|Greninja|Greninjite
|move|p2b: Greninja|Sludge Wave|p1a: Gardevoir|[spread] p2a,p1a
|-start|p2b: Greninja|typechange|Poison|[from] ability: Protean
|-resisted|p2a: Gliscor|1
|-supereffective|p1a: Gardevoir|1
|-damage|p2a: Gliscor|6/100
|-damage|p1a: Gardevoir|18/100
|move|p1a: Gardevoir|Hyper Voice|p2b: Greninja|[spread] p2a,p2b
|-resisted|p2b: Greninja|1
|-damage|p2a: Gliscor|0 fnt
|-damage|p2b: Greninja|49/100
|faint|p2a: Gliscor
|
|upkeep
|
|t:|1785690778
|switch|p2a: Tyrantrum|Tyrantrum, L50, M|32/100
|turn|8
|
|t:|1785690785
|move|p1a: Gardevoir|Protect|p1a: Gardevoir
|-singleturn|p1a: Gardevoir|Protect
|move|p2a: Tyrantrum|Rock Slide|p1a: Gardevoir
|-activate|p1a: Gardevoir|move: Protect
|move|p2b: Greninja|Dark Pulse|p1a: Gardevoir
|-activate|p1a: Gardevoir|move: Protect
|
|upkeep
|turn|9
|
|t:|1785690795
|move|p1a: Gardevoir|Protect||[still]
|-fail|p1a: Gardevoir
|move|p2a: Tyrantrum|Rock Slide|p1a: Gardevoir
|-damage|p1a: Gardevoir|0 fnt
|faint|p1a: Gardevoir
|
|win|Mr. Kessler
|c|☆Mr. Kessler|gg wp
|c|☆thecoolestfridge|ggs
