|j|☆ChalkyCheeks
|j|☆FLAMENETA
|html|ChalkyCheeksFLAMENETA    
|uhtml|bestof|Game 2 of a best-of-3
|t:|1784650464
|gametype|doubles
|player|p1|ChalkyCheeks|266|1107
|player|p2|FLAMENETA|265|1126
|gen|9
|tier|[Gen 9 Champions] VGC 2026 Reg M-B (Bo3)
|rated|
|rule|Species Clause: Limit one of each Pokémon
|rule|Item Clause: Limit 1 of each item
|clearpoke
|poke|p1|Espathra, L50, F|
|poke|p1|Raichu, L50, M, shiny|
|poke|p1|Pelipper, L50, F|
|poke|p1|Archaludon, L50, M|
|poke|p1|Sableye, L50, F|
|poke|p1|Meganium, L50, M|
|poke|p2|Scovillain, L50, F|
|poke|p2|Incineroar, L50, M|
|poke|p2|Gallade, L50, M|
|poke|p2|Farigiraf, L50, F|
|poke|p2|Pelipper, L50, F|
|poke|p2|Kingambit, L50, F|
|teampreview|4
|showteam|p1|Espathra||ColburBerry|SpeedBoost|LuminaCrash,Reflect,Protect,SkillSwap|Timid||F|||50|]Raichu||RaichuniteX|LightningRod|RisingVoltage,Discharge,Protect,FakeOut|Timid||M|||50|]Pelipper||LifeOrb|Drizzle|WeatherBall,Hurricane,WideGuard,Tailwind|Timid||F|||50|]Archaludon||Leftovers|Stamina|ElectroShot,DragonPulse,Protect,FlashCannon|Calm||M|||50|]Sableye||LightClay|Prankster|Swagger,RainDance,LightScreen,Reflect|Calm||F|||50|]Meganium||Meganiumite|Overgrow|SolarBeam,WeatherBall,Protect,DazzlingGleam|Modest||M|||50|
|showteam|p2|Scovillain||Scovillainite|Moody|LeafStorm,Overheat,Protect,RagePowder|Relaxed||F|||50|]Incineroar||WhiteHerb|Intimidate|CloseCombat,FlareBlitz,FakeOut,DarkestLariat|Brave||M|||50|]Gallade||BlackBelt|Sharpness|SacredSword,PsychoCut,Protect,TrickRoom|Brave||M|||50|]Farigiraf||SitrusBerry|ArmorTail|TrickRoom,HyperVoice,NastyPlot,Psychic|Quiet||F|||50|]Pelipper||MysticWater|Drizzle|Hurricane,MuddyWater,WideGuard,WeatherBall|Quiet||F|||50|]Kingambit||BlackGlasses|Defiant|SwordsDance,SuckerPunch,IronHead,KowtowCleave|Brave||F|||50|
|inactive|Battle timer is ON: inactive players will automatically lose when time's up. (requested by FLAMENETA)
|
|t:|1784650488
|teamsize|p1|4
|teamsize|p2|4
|start
|switch|p1a: Sableye|Sableye, L50, F|100/100
|switch|p1b: Meganium|Meganium, L50, M|100/100
|switch|p2a: Incineroar|Incineroar, L50, M|100/100
|switch|p2b: Farigiraf|Farigiraf, L50, F|100/100
|-ability|p2a: Incineroar|Intimidate|boost
|-unboost|p1a: Sableye|atk|1
|-unboost|p1b: Meganium|atk|1
|turn|1
|
|t:|1784650509
|move|p1b: Meganium|Protect|p1b: Meganium
|-singleturn|p1b: Meganium|Protect
|move|p1a: Sableye|Reflect|p1a: Sableye
|-sidestart|p1: ChalkyCheeks|Reflect
|move|p2a: Incineroar|Flare Blitz|p1a: Sableye
|-damage|p1a: Sableye|36/100
|-damage|p2a: Incineroar|83/100|[from] Recoil
|move|p2b: Farigiraf|Trick Room|p2b: Farigiraf
|-fieldstart|move: Trick Room|[of] p2b: Farigiraf
|
|upkeep
|turn|2
|inactive|ChalkyCheeks has 30 seconds left.
|inactive|FLAMENETA has 30 seconds left.
|inactive|ChalkyCheeks has 20 seconds left.
|inactive|ChalkyCheeks has 15 seconds left.
|
|t:|1784650549
|detailschange|p1b: Meganium|Meganium-Mega, L50, M
|-mega|p1b: Meganium|Meganium|Meganiumite
|move|p1a: Sableye|Light Screen|p1a: Sableye
|-sidestart|p1: ChalkyCheeks|move: Light Screen
|move|p2b: Farigiraf|Nasty Plot|p2b: Farigiraf
|-boost|p2b: Farigiraf|spa|2
|move|p2a: Incineroar|Flare Blitz|p1b: Meganium
|-supereffective|p1b: Meganium|1
|-damage|p1b: Meganium|30/100
|-status|p1b: Meganium|brn
|-damage|p2a: Incineroar|62/100|[from] Recoil
|move|p1b: Meganium|Solar Beam||[still]
|-prepare|p1b: Meganium|Solar Beam
|-activate|p1b: Meganium|ability: Mega Sol
|-anim|p1b: Meganium|Solar Beam|p2b: Farigiraf
|-damage|p2b: Farigiraf|36/100
|-enditem|p2b: Farigiraf|Sitrus Berry|[eat]
|-heal|p2b: Farigiraf|61/100|[from] item: Sitrus Berry
|
|-damage|p1b: Meganium|24/100 brn|[from] brn
|upkeep
|turn|3
|
|t:|1784650572
|move|p1b: Meganium|Protect|p1b: Meganium
|-singleturn|p1b: Meganium|Protect
|move|p1a: Sableye|Rain Dance|p1a: Sableye
|-weather|RainDance
|move|p2b: Farigiraf|Nasty Plot|p2b: Farigiraf
|-boost|p2b: Farigiraf|spa|2
|move|p2a: Incineroar|Flare Blitz|p1a: Sableye
|-crit|p1a: Sableye
|-damage|p1a: Sableye|0 fnt
|faint|p1a: Sableye
|-damage|p2a: Incineroar|52/100|[from] Recoil
|
|-weather|RainDance|[upkeep]
|-damage|p1b: Meganium|18/100 brn|[from] brn
|upkeep
|
|t:|1784650577
|switch|p1a: Archaludon|Archaludon, L50, M|100/100
|turn|4
|
|t:|1784650584
|switch|p2a: Gallade|Gallade, L50, M|100/100
|move|p2b: Farigiraf|Hyper Voice|p1b: Meganium|[spread] p1a,p1b
|-resisted|p1a: Archaludon|1
|-damage|p1a: Archaludon|72/100
|-damage|p1b: Meganium|0 fnt
|-ability|p1a: Archaludon|Stamina|boost
|-boost|p1a: Archaludon|def|1
|faint|p1b: Meganium
|move|p1a: Archaludon|Electro Shot||[still]
|-prepare|p1a: Archaludon|Electro Shot
|-boost|p1a: Archaludon|spa|1
|-anim|p1a: Archaludon|Electro Shot|p2b: Farigiraf
|-damage|p2b: Farigiraf|13/100
|
|-weather|RainDance|[upkeep]
|-heal|p1a: Archaludon|79/100|[from] item: Leftovers
|upkeep
|
|t:|1784650594
|switch|p1b: Pelipper|Pelipper, L50, F|100/100
|turn|5
|inactive|ChalkyCheeks has 30 seconds left.
|inactive|ChalkyCheeks has 20 seconds left.
|
|t:|1784650631
|move|p1a: Archaludon|Protect|p1a: Archaludon
|-singleturn|p1a: Archaludon|Protect
|move|p2b: Farigiraf|Psychic|p1b: Pelipper
|-damage|p1b: Pelipper|0 fnt
|faint|p1b: Pelipper
|move|p2a: Gallade|Sacred Sword|p1a: Archaludon
|-activate|p1a: Archaludon|move: Protect
|
|-weather|RainDance|[upkeep]
|-heal|p1a: Archaludon|85/100|[from] item: Leftovers
|-fieldend|move: Trick Room
|upkeep
|turn|6
|
|t:|1784650642
|move|p1a: Archaludon|Electro Shot||[still]
|-prepare|p1a: Archaludon|Electro Shot
|-boost|p1a: Archaludon|spa|1
|-anim|p1a: Archaludon|Electro Shot|p2a: Gallade
|-damage|p2a: Gallade|37/100
|move|p2a: Gallade|Sacred Sword|p1a: Archaludon
|-supereffective|p1a: Archaludon|1
|-damage|p1a: Archaludon|0 fnt
|faint|p1a: Archaludon
|
|win|FLAMENETA
|raw|ChalkyCheeks's rating: 1107 → 1083(-24 for losing)
|raw|FLAMENETA's rating: 1126 → 1150(+24 for winning)
|l|☆ChalkyCheeks
|player|p1|
