|j|☆Coqu1s
|j|☆JBE Zants
|html|Coqu1sJBE Zants    
|uhtml|bestof|Game 1 of a best-of-3
|t:|1784677550
|gametype|doubles
|player|p1|Coqu1s|steven|
|player|p2|JBE Zants|hilbert|
|gen|9
|tier|[Gen 9 Champions] VGC 2026 Reg M-B (Bo3)
|rule|Species Clause: Limit one of each Pokémon
|rule|Item Clause: Limit 1 of each item
|clearpoke
|poke|p1|Excadrill, L50, F|
|poke|p1|Tyranitar, L50, F|
|poke|p1|Sinistcha, L50|
|poke|p1|Milotic, L50, F|
|poke|p1|Gholdengo, L50|
|poke|p1|Staraptor, L50, F|
|poke|p2|Kingambit, L50, M|
|poke|p2|Sneasler, L50, M|
|poke|p2|Basculegion, L50, M|
|poke|p2|Scovillain, L50, M|
|poke|p2|Lycanroc-Dusk, L50, F|
|poke|p2|Froslass, L50, F|
|teampreview|4
|showteam|p1|Excadrill||FocusSash|SandRush|Protect,RockSlide,IronHead,HighHorsepower|Adamant||F|||50|]Tyranitar||Tyranitarite|SandStream|KnockOff,LowKick,Protect,RockSlide|Adamant||F|||50|]Sinistcha||SitrusBerry|Hospitality|MatchaGotcha,RagePowder,TrickRoom,Protect|Relaxed|||||50|]Milotic||Leftovers|Competitive|Scald,IceBeam,IcyWind,Protect|Modest||F|||50|]Gholdengo||LifeOrb|GoodasGold|MakeItRain,NastyPlot,ShadowBall,Protect|Modest|||||50|]Staraptor||Staraptite|Intimidate|BraveBird,CloseCombat,Tailwind,Protect|Jolly||F|||50|
|showteam|p2|Kingambit||BlackGlasses|Defiant|Protect,KowtowCleave,SuckerPunch,SwordsDance|Adamant||M|||50|]Sneasler||WhiteHerb|Unburden|Protect,CloseCombat,PoisonJab,FakeOut|Adamant||M|||50|]Basculegion||LifeOrb|Adaptability|Protect,WaveCrash,LastRespects,AquaJet|Jolly||M|||50|]Scovillain||Scovillainite|Moody|Protect,Overheat,GigaDrain,RagePowder|Bold||M|||50|]Lycanroc-Dusk||FocusSash|ToughClaws|Protect,RockSlide,Accelerock,CloseCombat|Adamant||F|||50|]Froslass||Froslassite|CursedBody|Protect,Blizzard,ShadowBall,Taunt|Timid||F|||50|
|
|t:|1784677606
|teamsize|p1|4
|teamsize|p2|4
|start
|switch|p1a: Excadrill|Excadrill, L50, F|100/100
|switch|p1b: Tyranitar|Tyranitar, L50, F|100/100
|switch|p2a: Scovillain|Scovillain, L50, M|100/100
|switch|p2b: Sneasler|Sneasler, L50, M|100/100
|-weather|Sandstorm|[from] ability: Sand Stream|[of] p1b: Tyranitar
|turn|1
|
|t:|1784677642
|switch|p1b: Sinistcha|Sinistcha, L50|100/100
|detailschange|p2a: Scovillain|Scovillain-Mega, L50, M
|-mega|p2a: Scovillain|Scovillain|Scovillainite
|move|p2b: Sneasler|Fake Out|p1b: Sinistcha
|-immune|p1b: Sinistcha
|move|p2a: Scovillain|Rage Powder|p2a: Scovillain
|-singleturn|p2a: Scovillain|move: Rage Powder
|move|p1a: Excadrill|Rock Slide|p2b: Sneasler|[spread] p2a,p2b
|-supereffective|p2a: Scovillain|1
|-resisted|p2b: Sneasler|1
|-damage|p2a: Scovillain|66/100
|-damage|p2b: Sneasler|85/100
|-status|p1a: Excadrill|brn|[from] ability: Spicy Spray|[of] p2a: Scovillain
|
|-weather|Sandstorm|[upkeep]
|-damage|p2b: Sneasler|80/100|[from] Sandstorm
|-damage|p2a: Scovillain|60/100|[from] Sandstorm
|-damage|p1b: Sinistcha|93/100|[from] Sandstorm
|-damage|p1a: Excadrill|94/100 brn|[from] brn
|upkeep
|turn|2
|
|t:|1784677677
|move|p1a: Excadrill|High Horsepower|p2b: Sneasler
|-supereffective|p2b: Sneasler|1
|-damage|p2b: Sneasler|2/100
|move|p2b: Sneasler|Poison Jab|p1b: Sinistcha
|-damage|p1b: Sinistcha|43/100
|-enditem|p1b: Sinistcha|Sitrus Berry|[eat]
|-heal|p1b: Sinistcha|68/100|[from] item: Sitrus Berry
|move|p2a: Scovillain|Giga Drain|p1a: Excadrill
|-damage|p1a: Excadrill|48/100 brn
|-heal|p2a: Scovillain|84/100|[from] drain|[of] p1a: Excadrill
|move|p1b: Sinistcha|Trick Room|p1b: Sinistcha
|-fieldstart|move: Trick Room|[of] p1b: Sinistcha
|
|-weather|Sandstorm|[upkeep]
|-damage|p1b: Sinistcha|62/100|[from] Sandstorm
|-damage|p2a: Scovillain|79/100|[from] Sandstorm
|-damage|p2b: Sneasler|0 fnt|[from] Sandstorm
|faint|p2b: Sneasler
|-damage|p1a: Excadrill|42/100 brn|[from] brn
|upkeep
|
|t:|1784677696
|switch|p2b: Basculegion|Basculegion, L50, M|100/100
|turn|3
|
|t:|1784677719
|switch|p1b: Tyranitar|Tyranitar, L50, F|100/100
|move|p2b: Basculegion|Protect|p2b: Basculegion
|-singleturn|p2b: Basculegion|Protect
|move|p1a: Excadrill|Protect|p1a: Excadrill
|-singleturn|p1a: Excadrill|Protect
|move|p2a: Scovillain|Overheat|p1b: Tyranitar
|-resisted|p1b: Tyranitar|1
|-damage|p1b: Tyranitar|80/100
|-unboost|p2a: Scovillain|spa|2
|
|-weather|Sandstorm|[upkeep]
|-damage|p2a: Scovillain|73/100|[from] Sandstorm
|-damage|p2b: Basculegion|94/100|[from] Sandstorm
|-damage|p1a: Excadrill|36/100 brn|[from] brn
|upkeep
|turn|4
|
|t:|1784677742
|detailschange|p1b: Tyranitar|Tyranitar-Mega, L50, F
|-mega|p1b: Tyranitar|Tyranitar|Tyranitarite
|move|p2a: Scovillain|Rage Powder|p2a: Scovillain
|-singleturn|p2a: Scovillain|move: Rage Powder
|move|p2b: Basculegion|Aqua Jet|p1a: Excadrill
|-supereffective|p1a: Excadrill|1
|-damage|p1a: Excadrill|0 fnt
|faint|p1a: Excadrill
|-damage|p2b: Basculegion|84/100|[from] item: Life Orb
|move|p1b: Tyranitar|Knock Off|p2a: Scovillain
|-damage|p2a: Scovillain|36/100
|-status|p1b: Tyranitar|brn|[from] ability: Spicy Spray|[of] p2a: Scovillain
|
|-weather|Sandstorm|[upkeep]
|-damage|p2a: Scovillain|30/100|[from] Sandstorm
|-damage|p2b: Basculegion|78/100|[from] Sandstorm
|-damage|p1b: Tyranitar|74/100 brn|[from] brn
|upkeep
|
|t:|1784677757
|switch|p1a: Sinistcha|Sinistcha, L50|62/100
|-heal|p1b: Tyranitar|98/100 brn|[from] ability: Hospitality|[of] p1a: Sinistcha
|turn|5
|
|t:|1784677772
|move|p1b: Tyranitar|Protect|p1b: Tyranitar
|-singleturn|p1b: Tyranitar|Protect
|move|p2b: Basculegion|Protect|p2b: Basculegion
|-singleturn|p2b: Basculegion|Protect
|move|p1a: Sinistcha|Matcha Gotcha|p2b: Basculegion|[spread] p2a
|-activate|p2b: Basculegion|move: Protect
|-resisted|p2a: Scovillain|2
|-damage|p2a: Scovillain|25/100
|-heal|p1a: Sinistcha|65/100|[from] drain|[of] p2a: Scovillain
|-status|p1a: Sinistcha|brn|[from] ability: Spicy Spray|[of] p2a: Scovillain
|move|p2a: Scovillain|Overheat|p1a: Sinistcha
|-supereffective|p1a: Sinistcha|1
|-damage|p1a: Sinistcha|0 fnt
|-unboost|p2a: Scovillain|spa|2
|faint|p1a: Sinistcha
|
|-weather|none
|-damage|p1b: Tyranitar|93/100 brn|[from] brn
|upkeep
|
|t:|1784677791
|switch|p1a: Staraptor|Staraptor, L50, F|100/100
|-ability|p1a: Staraptor|Intimidate|boost
|-unboost|p2a: Scovillain|atk|1
|-unboost|p2b: Basculegion|atk|1
|turn|6
|
|t:|1784677807
|move|p2a: Scovillain|Rage Powder|p2a: Scovillain
|-singleturn|p2a: Scovillain|move: Rage Powder
|move|p1b: Tyranitar|Knock Off|p2a: Scovillain
|-damage|p2a: Scovillain|8/100
|move|p2b: Basculegion|Wave Crash|p1b: Tyranitar
|-supereffective|p1b: Tyranitar|1
|-damage|p1b: Tyranitar|6/100 brn
|-damage|p2b: Basculegion|53/100|[from] Recoil
|-damage|p2b: Basculegion|44/100|[from] item: Life Orb
|move|p1a: Staraptor|Brave Bird|p2a: Scovillain
|-supereffective|p2a: Scovillain|1
|-crit|p2a: Scovillain
|-damage|p2a: Scovillain|0 fnt
|-status|p1a: Staraptor|brn|[from] ability: Spicy Spray|[of] p2a: Scovillain
|faint|p2a: Scovillain
|-damage|p1a: Staraptor|96/100 brn|[from] Recoil
|
|-damage|p1b: Tyranitar|1/100 brn|[from] brn
|-damage|p1a: Staraptor|90/100 brn|[from] brn
|-fieldend|move: Trick Room
|upkeep
|
|t:|1784677823
|switch|p2a: Lycanroc|Lycanroc-Dusk, L50, F|100/100
|turn|7
|
|t:|1784677850
|move|p1b: Tyranitar|Protect|p1b: Tyranitar
|-singleturn|p1b: Tyranitar|Protect
|move|p2a: Lycanroc|Accelerock|p1a: Staraptor
|-supereffective|p1a: Staraptor|1
|-damage|p1a: Staraptor|14/100 brn
|move|p2b: Basculegion|Aqua Jet|p1b: Tyranitar
|-activate|p1b: Tyranitar|move: Protect
|move|p1a: Staraptor|Close Combat|p2a: Lycanroc
|-supereffective|p2a: Lycanroc|1
|-damage|p2a: Lycanroc|45/100
|-unboost|p1a: Staraptor|def|1
|-unboost|p1a: Staraptor|spd|1
|
|-damage|p1a: Staraptor|8/100 brn|[from] brn
|-damage|p1b: Tyranitar|0 fnt|[from] brn
|faint|p1b: Tyranitar
|upkeep
|turn|8
|
|t:|1784677879
|move|p2a: Lycanroc|Accelerock|p1a: Staraptor
|-supereffective|p1a: Staraptor|1
|-damage|p1a: Staraptor|0 fnt
|faint|p1a: Staraptor
|
|win|JBE Zants
||JBE Zants is ready for game 2.
||Coqu1s is ready for game 2.
|uhtml|next|Next: Game 2 of 3
|l|☆Coqu1s
|player|p1|
