|j|☆godoftoasty
|j|☆pawmifleet
|html|godoftoastypawmifleet    
|uhtml|bestof|Game 1 of a best-of-3
|t:|1784136013
|gametype|doubles
|player|p1|godoftoasty|101|1204
|player|p2|pawmifleet|fisherman-gen4|1197
|gen|9
|tier|[Gen 9 Champions] VGC 2026 Reg M-B (Bo3)
|rated|
|rule|Species Clause: Limit one of each Pokémon
|rule|Item Clause: Limit 1 of each item
|clearpoke
|poke|p1|Gengar, L50, M, shiny|
|poke|p1|Incineroar, L50, M|
|poke|p1|Garchomp, L50, F|
|poke|p1|Ninetales-Alola, L50, F|
|poke|p1|Blaziken, L50, F|
|poke|p1|Kingambit, L50, M|
|poke|p2|Incineroar, L50, M|
|poke|p2|Venusaur, L50, M|
|poke|p2|Charizard, L50, M|
|poke|p2|Garchomp, L50, M|
|poke|p2|Toxapex, L50, M|
|poke|p2|Annihilape, L50, F|
|teampreview|4
|showteam|p1|Gengar||Gengarite|CursedBody|ShadowBall,SludgeBomb,PerishSong,Protect|Timid||M|||50|]Incineroar||SitrusBerry|Intimidate|FakeOut,PartingShot,Protect,FlareBlitz|Impish||M|||50|]Garchomp||LifeOrb|RoughSkin|DragonClaw,StompingTantrum,RockSlide,Protect|Jolly||F|||50|]Ninetales-Alola||FocusSash|SnowWarning|Blizzard,Encore,Disable,Protect|Timid||F|||50|]Blaziken||Blazikenite|SpeedBoost|FlareBlitz,CloseCombat,Coaching,Detect|Adamant||F|||50|]Kingambit||ExpertBelt|Defiant|KowtowCleave,SuckerPunch,IronHead,Protect|Adamant||M|||50|
|showteam|p2|Incineroar||SitrusBerry|Intimidate|FakeOut,ThroatChop,FlareBlitz,PartingShot|Impish||M|||50|]Venusaur||LifeOrb|Chlorophyll|SolarBeam,SludgeBomb,EarthPower,Protect|Modest||M|||50|]Charizard||CharizarditeY|Blaze|HeatWave,WeatherBall,HelpingHand,Protect|Modest||M|||50|]Garchomp||ChoiceScarf|RoughSkin|DragonClaw,Earthquake,RockSlide,StompingTantrum|Adamant||M|||50|]Toxapex||Leftovers|Regenerator|Infestation,Toxic,BanefulBunker,WideGuard|Bold||M|||50|]Annihilape||FocusSash|Defiant|PhantomForce,CloseCombat,RockTomb,Protect|Jolly||F|||50|
|inactive|Battle timer is ON: inactive players will automatically lose when time's up. (requested by pawmifleet)
|inactive|godoftoasty has 60 seconds left.
|inactive|pawmifleet has 60 seconds left.
|inactive|godoftoasty has 30 seconds left.
|
|t:|1784136082
|teamsize|p1|4
|teamsize|p2|4
|start
|switch|p1a: Gengar|Gengar, L50, M, shiny|100/100
|switch|p1b: Blaziken|Blaziken, L50, F|100/100
|switch|p2a: Annihilape|Annihilape, L50, F|100/100
|switch|p2b: Garchomp|Garchomp, L50, M|100/100
|turn|1
|inactive|godoftoasty has 30 seconds left.
|inactive|pawmifleet has 30 seconds left.
|inactive|pawmifleet has 20 seconds left.
|
|t:|1784136117
|switch|p1b: Ninetales|Ninetales-Alola, L50, F|100/100
|-weather|Snowscape|[from] ability: Snow Warning|[of] p1b: Ninetales
|detailschange|p1a: Gengar|Gengar-Mega, L50, M, shiny
|-mega|p1a: Gengar|Gengar|Gengarite
|move|p1a: Gengar|Protect|p1a: Gengar
|-singleturn|p1a: Gengar|Protect
|move|p2b: Garchomp|Stomping Tantrum|p1b: Ninetales
|-damage|p1b: Ninetales|65/100
|move|p2a: Annihilape|Phantom Force||[still]
|-prepare|p2a: Annihilape|Phantom Force
|
|-weather|Snowscape|[upkeep]
|upkeep
|turn|2
|
|t:|1784136136
|switch|p1a: Blaziken|Blaziken, L50, F|100/100
|move|p2b: Garchomp|Stomping Tantrum|p1b: Ninetales
|-damage|p1b: Ninetales|26/100
|move|p1b: Ninetales|Blizzard|p2b: Garchomp|[spread] p2b
|-miss|p1b: Ninetales|p2a: Annihilape
|-supereffective|p2b: Garchomp|2
|-damage|p2b: Garchomp|0 fnt
|faint|p2b: Garchomp
|move|p2a: Annihilape|Phantom Force|p1a: Blaziken|[from] lockedmove
|-damage|p1a: Blaziken|28/100
|
|-weather|Snowscape|[upkeep]
|upkeep
|
|t:|1784136150
|switch|p2b: Charizard|Charizard, L50, M|100/100
|turn|3
|
|t:|1784136162
|switch|p1b: Garchomp|Garchomp, L50, F|100/100
|detailschange|p2b: Charizard|Charizard-Mega-Y, L50, M
|-mega|p2b: Charizard|Charizard|Charizardite Y
|-weather|SunnyDay|[from] ability: Drought|[of] p2b: Charizard
|move|p2a: Annihilape|Rock Tomb|p1a: Blaziken
|-damage|p1a: Blaziken|0 fnt
|faint|p1a: Blaziken
|move|p2b: Charizard|Heat Wave|p1b: Garchomp
|-resisted|p1b: Garchomp|1
|-damage|p1b: Garchomp|52/100
|
|-weather|SunnyDay|[upkeep]
|upkeep
|
|t:|1784136170
|switch|p1a: Ninetales|Ninetales-Alola, L50, F|26/100
|-weather|Snowscape|[from] ability: Snow Warning|[of] p1a: Ninetales
|turn|4
|
|t:|1784136185
|switch|p2b: Venusaur|Venusaur, L50, M|100/100
|move|p1a: Ninetales|Blizzard|p2a: Annihilape|[spread] p2a,p2b
|-supereffective|p2b: Venusaur|1
|-damage|p2a: Annihilape|74/100
|-damage|p2b: Venusaur|38/100
|move|p1b: Garchomp|Dragon Claw|p2a: Annihilape
|-damage|p2a: Annihilape|8/100
|-damage|p1b: Garchomp|42/100|[from] item: Life Orb
|move|p2a: Annihilape|Phantom Force||[still]
|-prepare|p2a: Annihilape|Phantom Force
|
|-weather|Snowscape|[upkeep]
|upkeep
|turn|5
|inactive|godoftoasty has 30 seconds left.
|inactive|godoftoasty has 20 seconds left.
|
|t:|1784136224
|switch|p1b: Gengar|Gengar-Mega, L50, M, shiny|100/100
|move|p1a: Ninetales|Blizzard|p2a: Annihilape|[spread] p2b
|-miss|p1a: Ninetales|p2a: Annihilape
|-supereffective|p2b: Venusaur|1
|-damage|p2b: Venusaur|0 fnt
|faint|p2b: Venusaur
|move|p2a: Annihilape|Phantom Force|p1b: Gengar|[from] lockedmove
|-supereffective|p1b: Gengar|1
|-damage|p1b: Gengar|5/100
|
|-weather|Snowscape|[upkeep]
|upkeep
|
|t:|1784136233
|switch|p2b: Charizard|Charizard-Mega-Y, L50, M|100/100
|-weather|SunnyDay|[from] ability: Drought|[of] p2b: Charizard
|turn|6
|
|t:|1784136246
|move|p2a: Annihilape|Protect|p2a: Annihilape
|-singleturn|p2a: Annihilape|Protect
|move|p1b: Gengar|Shadow Ball|p2a: Annihilape
|-activate|p2a: Annihilape|move: Protect
|move|p1a: Ninetales|Blizzard|p2b: Charizard|[spread] 
|-activate|p2a: Annihilape|move: Protect
|-miss|p1a: Ninetales|p2b: Charizard
|move|p2b: Charizard|Heat Wave|p1b: Gengar|[spread] p1a,p1b
|-supereffective|p1a: Ninetales|1
|-damage|p1a: Ninetales|0 fnt
|-damage|p1b: Gengar|0 fnt
|faint|p1a: Ninetales
|faint|p1b: Gengar
|
|-weather|SunnyDay|[upkeep]
|upkeep
|
|t:|1784136248
|switch|p1b: Garchomp|Garchomp, L50, F|42/100
|turn|7
|
|t:|1784136261
|move|p1b: Garchomp|Rock Slide|p2b: Charizard|[spread] p2a,p2b
|-resisted|p2a: Annihilape|1
|-supereffective|p2b: Charizard|2
|-damage|p2a: Annihilape|0 fnt
|-damage|p2b: Charizard|12/100
|faint|p2a: Annihilape
|-damage|p1b: Garchomp|32/100|[from] item: Life Orb
|move|p2b: Charizard|Weather Ball|p1b: Garchomp
|-resisted|p1b: Garchomp|1
|-damage|p1b: Garchomp|0 fnt
|faint|p1b: Garchomp
|
|win|pawmifleet
