|j|☆SelvesterTheYAK
|j|☆MBL25
|html|SelvesterTheYAKMBL25    
|uhtml|bestof|Game 2 of a best-of-3
|t:|1756873255
|gametype|doubles
|player|p1|SelvesterTheYAK|170|1156
|player|p2|MBL25|170|1151
|gen|9
|tier|[Gen 9] VGC 2025 Reg H (Bo3)
|rated|
|rule|Species Clause: Limit one of each Pokémon
|rule|Item Clause: Limit 1 of each item
|clearpoke
|poke|p1|Tyranitar, L50, F|
|poke|p1|Arcanine-Hisui, L50, M|
|poke|p1|Kommo-o, L50, M|
|poke|p1|Gholdengo, L50|
|poke|p1|Rillaboom, L50, F|
|poke|p1|Electabuzz, L50, M|
|poke|p2|Sneasler, L50, F|
|poke|p2|Amoonguss, L50, M|
|poke|p2|Gholdengo, L50|
|poke|p2|Incineroar, L50, M|
|poke|p2|Dragonite, L50, F|
|poke|p2|Ursaluna-Bloodmoon, L50, M|
|teampreview|4
|showteam|p1|Tyranitar||AssaultVest|SandStream|RockSlide,KnockOff,TeraBlast,LowKick|||F|||50|,,,,,Flying]Arcanine-Hisui||SitrusBerry|Intimidate|RockSlide,FlareBlitz,WillOWisp,Howl|||M|||50|,,,,,Water]Kommo-o||Leftovers|Overcoat|IronDefense,BodyPress,Protect,DragonClaw|||M|||50|,,,,,Steel]Gholdengo||LifeOrb|GoodasGold|MakeItRain,ShadowBall,NastyPlot,Protect||||||50|,,,,,Steel]Rillaboom||MiracleSeed|GrassySurge|FakeOut,GrassyGlide,WoodHammer,Protect|||F|||50|,,,,,Grass]Electabuzz||Eviolite|VitalSpirit|Taunt,Protect,Electroweb,FollowMe|||M|||50|,,,,,Ghost
|showteam|p2|Sneasler||FocusSash|Unburden|DireClaw,CloseCombat,Protect,ThroatChop|||F|||50|,,,,,Stellar]Amoonguss||SitrusBerry|Regenerator|RagePowder,Spore,PollenPuff,Protect|||M|||50|,,,,,Water]Gholdengo||LifeOrb|GoodasGold|MakeItRain,ShadowBall,Protect,NastyPlot||||||50|,,,,,Water]Incineroar||SafetyGoggles|Intimidate|FlareBlitz,PartingShot,FakeOut,KnockOff|||M|||50|,,,,,Ghost]Dragonite||LoadedDice|Multiscale|ScaleShot,Tailwind,Protect,Haze|||F|||50|,,,,,Fairy]Ursaluna-Bloodmoon||AssaultVest|MindsEye|BloodMoon,VacuumWave,HyperVoice,EarthPower|||M|||50|,,,,,Water
|inactive|Battle timer is ON: inactive players will automatically lose when time's up. (requested by SelvesterTheYAK)
|
|t:|1756873284
|teamsize|p1|4
|teamsize|p2|4
|start
|switch|p1a: Rillaboom|Rillaboom, L50, F|100/100
|switch|p1b: Arcanine|Arcanine-Hisui, L50, M|100/100
|switch|p2a: Incineroar|Incineroar, L50, M|100/100
|switch|p2b: Amoonguss|Amoonguss, L50, M|100/100
|-ability|p1b: Arcanine|Intimidate|boost
|-unboost|p2a: Incineroar|atk|1
|-unboost|p2b: Amoonguss|atk|1
|-fieldstart|move: Grassy Terrain|[from] ability: Grassy Surge|[of] p1a: Rillaboom
|-ability|p2a: Incineroar|Intimidate|boost
|-unboost|p1a: Rillaboom|atk|1
|-unboost|p1b: Arcanine|atk|1
|turn|1
|inactive|SelvesterTheYAK has 30 seconds left.
|inactive|MBL25 has 30 seconds left.
|
|t:|1756873314
|switch|p2a: Ursaluna|Ursaluna-Bloodmoon, L50, M|100/100
|move|p1a: Rillaboom|Fake Out|p2a: Ursaluna
|-damage|p2a: Ursaluna|92/100
|move|p1b: Arcanine|Rock Slide|p2b: Amoonguss|[spread] p2b
|-miss|p1b: Arcanine|p2a: Ursaluna
|-damage|p2b: Amoonguss|89/100
|cant|p2b: Amoonguss|flinch
|
|-heal|p2a: Ursaluna|98/100|[from] Grassy Terrain
|-heal|p2b: Amoonguss|95/100|[from] Grassy Terrain
|upkeep
|turn|2
|inactive|MBL25 has 30 seconds left.
|
|t:|1756873341
|switch|p1b: Gholdengo|Gholdengo, L50|100/100
|switch|p2a: Incineroar|Incineroar, L50, M|100/100
|-ability|p2a: Incineroar|Intimidate|boost
|-unboost|p1a: Rillaboom|atk|1
|-unboost|p1b: Gholdengo|atk|1
|-terastallize|p1a: Rillaboom|Grass
|move|p1a: Rillaboom|Wood Hammer|p2a: Incineroar
|-resisted|p2a: Incineroar
|-damage|p2a: Incineroar|67/100
|-damage|p1a: Rillaboom|90/100|[from] Recoil
|move|p2b: Amoonguss|Spore|p1b: Gholdengo
|-immune|p1b: Gholdengo|[from] ability: Good as Gold
|
|-heal|p1a: Rillaboom|96/100|[from] Grassy Terrain
|-heal|p2a: Incineroar|73/100|[from] Grassy Terrain
|-heal|p2b: Amoonguss|100/100|[from] Grassy Terrain
|upkeep
|turn|3
|inactive|SelvesterTheYAK has 30 seconds left.
|inactive|MBL25 has 30 seconds left.
|inactive|SelvesterTheYAK has 20 seconds left.
|inactive|SelvesterTheYAK has 15 seconds left.
|inactive|SelvesterTheYAK has 10 seconds left.
|inactive|MBL25 has 20 seconds left.
|
|t:|1756873389
|switch|p1a: Arcanine|Arcanine-Hisui, L50, M|100/100
|-ability|p1a: Arcanine|Intimidate|boost
|-unboost|p2a: Incineroar|atk|1
|-unboost|p2b: Amoonguss|atk|1
|move|p1b: Gholdengo|Make It Rain|p2b: Amoonguss|[spread] p2a,p2b
|-resisted|p2a: Incineroar
|-damage|p2a: Incineroar|45/100
|-damage|p2b: Amoonguss|41/100
|-unboost|p1b: Gholdengo|spa|1
|-enditem|p2b: Amoonguss|Sitrus Berry|[eat]
|-heal|p2b: Amoonguss|66/100|[from] item: Sitrus Berry
|-damage|p1b: Gholdengo|91/100|[from] item: Life Orb
|move|p2a: Incineroar|Knock Off|p1b: Gholdengo
|-supereffective|p1b: Gholdengo
|-damage|p1b: Gholdengo|27/100
|-enditem|p1b: Gholdengo|Life Orb|[from] move: Knock Off|[of] p2a: Incineroar
|move|p2b: Amoonguss|Spore|p1a: Arcanine
|-status|p1a: Arcanine|slp|[from] move: Spore
|
|-heal|p1b: Gholdengo|33/100|[from] Grassy Terrain
|-heal|p2a: Incineroar|51/100|[from] Grassy Terrain
|-heal|p2b: Amoonguss|72/100|[from] Grassy Terrain
|upkeep
|turn|4
|inactive|SelvesterTheYAK has 30 seconds left.
|inactive|MBL25 has 30 seconds left.
|c|☆SelvesterTheYAK|insane predict
|
|t:|1756873424
|cant|p1a: Arcanine|slp
|move|p1b: Gholdengo|Make It Rain|p2a: Incineroar|[spread] p2a,p2b
|-resisted|p2a: Incineroar
|-damage|p2a: Incineroar|36/100
|-damage|p2b: Amoonguss|44/100
|-unboost|p1b: Gholdengo|spa|1
|move|p2a: Incineroar|Knock Off|p1b: Gholdengo
|-supereffective|p1b: Gholdengo
|-damage|p1b: Gholdengo|0 fnt
|faint|p1b: Gholdengo
|move|p2b: Amoonguss|Pollen Puff|p2a: Incineroar
|-heal|p2a: Incineroar|86/100
|
|-heal|p2a: Incineroar|92/100|[from] Grassy Terrain
|-heal|p2b: Amoonguss|50/100|[from] Grassy Terrain
|upkeep
|
|t:|1756873441
|switch|p1b: Tyranitar|Tyranitar, L50, F|100/100
|-weather|Sandstorm|[from] ability: Sand Stream|[of] p1b: Tyranitar
|turn|5
|
|t:|1756873452
|move|p2b: Amoonguss|Rage Powder|p2b: Amoonguss
|-singleturn|p2b: Amoonguss|move: Rage Powder
|-curestatus|p1a: Arcanine|slp|[msg]
|move|p1a: Arcanine|Flare Blitz|p2b: Amoonguss
|-supereffective|p2b: Amoonguss
|-damage|p2b: Amoonguss|0 fnt
|faint|p2b: Amoonguss
|-damage|p1a: Arcanine|82/100|[from] Recoil
|move|p2a: Incineroar|Parting Shot|p1b: Tyranitar
|-unboost|p1b: Tyranitar|atk|1
|-unboost|p1b: Tyranitar|spa|1
|
|t:|1756873464
|switch|p2a: Gholdengo|Gholdengo, L50|100/100|[from] Parting Shot
|move|p1b: Tyranitar|Rock Slide|p2a: Gholdengo
|-resisted|p2a: Gholdengo
|-damage|p2a: Gholdengo|86/100
|
|-weather|Sandstorm|[upkeep]
|-heal|p1a: Arcanine|88/100|[from] Grassy Terrain
|-heal|p2a: Gholdengo|92/100|[from] Grassy Terrain
|-fieldend|move: Grassy Terrain
|upkeep
|
|t:|1756873475
|switch|p2b: Incineroar|Incineroar, L50, M|92/100
|-ability|p2b: Incineroar|Intimidate|boost
|-unboost|p1a: Arcanine|atk|1
|-unboost|p1b: Tyranitar|atk|1
|turn|6
|inactive|MBL25 has 30 seconds left.
|inactive|MBL25 has 20 seconds left.
|inactive|MBL25 has 15 seconds left.
|
|t:|1756873520
|move|p2b: Incineroar|Fake Out|p1a: Arcanine
|-resisted|p1a: Arcanine
|-damage|p1a: Arcanine|81/100
|cant|p1a: Arcanine|flinch
|move|p2a: Gholdengo|Make It Rain|p1b: Tyranitar|[spread] p1a,p1b
|-supereffective|p1b: Tyranitar
|-damage|p1a: Arcanine|38/100
|-damage|p1b: Tyranitar|55/100
|-unboost|p2a: Gholdengo|spa|1
|-enditem|p1a: Arcanine|Sitrus Berry|[eat]
|-heal|p1a: Arcanine|63/100|[from] item: Sitrus Berry
|-damage|p2a: Gholdengo|83/100|[from] item: Life Orb
|move|p1b: Tyranitar|Knock Off|p2a: Gholdengo
|-supereffective|p2a: Gholdengo
|-damage|p2a: Gholdengo|25/100
|-enditem|p2a: Gholdengo|Life Orb|[from] move: Knock Off|[of] p1b: Tyranitar
|
|-weather|Sandstorm|[upkeep]
|upkeep
|turn|7
|inactive|MBL25 has 30 seconds left.
|inactive|SelvesterTheYAK has 30 seconds left.
|inactive|SelvesterTheYAK has 20 seconds left.
|
|t:|1756873560
|move|p2a: Gholdengo|Protect|p2a: Gholdengo
|-singleturn|p2a: Gholdengo|Protect
|move|p1a: Arcanine|Flare Blitz|p2a: Gholdengo
|-activate|p2a: Gholdengo|move: Protect
|move|p2b: Incineroar|Parting Shot|p1a: Arcanine
|-unboost|p1a: Arcanine|atk|1
|-unboost|p1a: Arcanine|spa|1
|
|t:|1756873569
|switch|p2b: Ursaluna|Ursaluna-Bloodmoon, L50, M|98/100|[from] Parting Shot
|move|p1b: Tyranitar|Rock Slide|p2a: Gholdengo|[spread] 
|-activate|p2a: Gholdengo|move: Protect
|-miss|p1b: Tyranitar|p2b: Ursaluna
|
|-weather|Sandstorm|[upkeep]
|upkeep
|turn|8
|inactive|SelvesterTheYAK has 30 seconds left.
|inactive|SelvesterTheYAK has 20 seconds left.
|inactive|SelvesterTheYAK has 15 seconds left.
|
|t:|1756873610
|switch|p2a: Incineroar|Incineroar, L50, M|92/100
|-ability|p2a: Incineroar|Intimidate|boost
|-unboost|p1a: Arcanine|atk|1
|-unboost|p1b: Tyranitar|atk|1
|switch|p1b: Rillaboom|Rillaboom, L50, F, tera:Grass|96/100
|-fieldstart|move: Grassy Terrain|[from] ability: Grassy Surge|[of] p1b: Rillaboom
|move|p1a: Arcanine|Flare Blitz|p2a: Incineroar
|-resisted|p2a: Incineroar
|-crit|p2a: Incineroar
|-damage|p2a: Incineroar|59/100
|-damage|p1a: Arcanine|52/100|[from] Recoil
|move|p2b: Ursaluna|Earth Power|p1a: Arcanine
|-supereffective|p1a: Arcanine
|-damage|p1a: Arcanine|0 fnt
|faint|p1a: Arcanine
|
|-weather|Sandstorm|[upkeep]
|-damage|p1b: Rillaboom|90/100|[from] Sandstorm
|-heal|p1b: Rillaboom|96/100|[from] Grassy Terrain
|-heal|p2a: Incineroar|65/100|[from] Grassy Terrain
|-heal|p2b: Ursaluna|100/100|[from] Grassy Terrain
|upkeep
|
|t:|1756873629
|switch|p1a: Tyranitar|Tyranitar, L50, F|55/100
|turn|9
|
|t:|1756873645
|switch|p2b: Gholdengo|Gholdengo, L50|25/100
|move|p1b: Rillaboom|Fake Out|p2a: Incineroar
|-damage|p2a: Incineroar|51/100
|cant|p2a: Incineroar|flinch
|move|p1a: Tyranitar|Low Kick|p2b: Gholdengo
|-immune|p2b: Gholdengo
|
|-weather|none
|-heal|p2b: Gholdengo|31/100|[from] Grassy Terrain
|-heal|p1b: Rillaboom|100/100|[from] Grassy Terrain
|-heal|p2a: Incineroar|57/100|[from] Grassy Terrain
|-heal|p1a: Tyranitar|61/100|[from] Grassy Terrain
|upkeep
|turn|10
|
|t:|1756873664
|move|p2b: Gholdengo|Protect|p2b: Gholdengo
|-singleturn|p2b: Gholdengo|Protect
|move|p1b: Rillaboom|Wood Hammer|p2a: Incineroar
|-resisted|p2a: Incineroar
|-damage|p2a: Incineroar|0 fnt
|faint|p2a: Incineroar
|-damage|p1b: Rillaboom|82/100|[from] Recoil
|move|p1a: Tyranitar|Rock Slide|p2b: Gholdengo
|-activate|p2b: Gholdengo|move: Protect
|
|-heal|p2b: Gholdengo|37/100|[from] Grassy Terrain
|-heal|p1b: Rillaboom|88/100|[from] Grassy Terrain
|-heal|p1a: Tyranitar|67/100|[from] Grassy Terrain
|upkeep
|
|t:|1756873670
|switch|p2a: Ursaluna|Ursaluna-Bloodmoon, L50, M|100/100
|turn|11
|
|t:|1756873689
|move|p1b: Rillaboom|Grassy Glide|p2a: Ursaluna
|-supereffective|p2a: Ursaluna
|-damage|p2a: Ursaluna|12/100
|move|p2b: Gholdengo|Make It Rain|p1b: Rillaboom|[spread] p1a,p1b
|-supereffective|p1a: Tyranitar
|-damage|p1a: Tyranitar|13/100
|-damage|p1b: Rillaboom|33/100
|-unboost|p2b: Gholdengo|spa|1
|move|p1a: Tyranitar|Knock Off|p2b: Gholdengo
|-supereffective|p2b: Gholdengo
|-damage|p2b: Gholdengo|0 fnt
|faint|p2b: Gholdengo
|move|p2a: Ursaluna|Earth Power|p1a: Tyranitar
|-supereffective|p1a: Tyranitar
|-damage|p1a: Tyranitar|0 fnt
|faint|p1a: Tyranitar
|
|-heal|p1b: Rillaboom|39/100|[from] Grassy Terrain
|-heal|p2a: Ursaluna|17/100|[from] Grassy Terrain
|upkeep
|turn|12
|
|t:|1756873707
|move|p1b: Rillaboom|Grassy Glide|p2a: Ursaluna
|-supereffective|p2a: Ursaluna
|-damage|p2a: Ursaluna|0 fnt
|faint|p2a: Ursaluna
|
|win|SelvesterTheYAK
||SelvesterTheYAK is ready for game 3.
||MBL25 is ready for game 3.
|uhtml|next|Next: Game 3 of 3
|l|☆MBL25
|player|p2|
