|j|☆axcoquette
|j|☆pixlrd
|html|axcoquettepixlrd    
|uhtml|bestof|Game 1 of a best-of-3
|t:|1782350779
|gametype|doubles
|player|p1|axcoquette|maid|1146
|player|p2|pixlrd|102|1089
|gen|9
|tier|[Gen 9 Champions] VGC 2026 Reg M-B (Bo3)
|rated|
|rule|Species Clause: Limit one of each Pokémon
|rule|Item Clause: Limit 1 of each item
|clearpoke
|poke|p1|Charizard, L50, M|
|poke|p1|Floette-Eternal, L50, F|
|poke|p1|Basculegion, L50, M|
|poke|p1|Kingambit, L50, M|
|poke|p1|Garchomp, L50, M|
|poke|p1|Whimsicott, L50, M|
|poke|p2|Starmie, L50|
|poke|p2|Staraptor, L50, F|
|poke|p2|Archaludon, L50, F|
|poke|p2|Pelipper, L50, M|
|poke|p2|Swampert, L50, F|
|poke|p2|Basculegion-F, L50, F|
|teampreview|4
|showteam|p1|Charizard||CharizarditeY|Blaze|HeatWave,WeatherBall,SolarBeam,Protect|Modest||M|||50|]Floette-Eternal||Floettite|FlowerVeil|DazzlingGleam,Moonblast,LightofRuin,Protect|Timid||F|||50|]Basculegion||MysticWater|Adaptability|WaveCrash,LastRespects,AquaJet,Protect|Adamant||M|||50|]Kingambit||BlackGlasses|Defiant|KowtowCleave,IronHead,SuckerPunch,Protect|Lonely||M|||50|]Garchomp||SitrusBerry|RoughSkin|DragonClaw,Earthquake,RockSlide,Protect|Jolly||M|||50|]Whimsicott||FocusSash|Prankster|Tailwind,Moonblast,Encore,Protect|Timid||M|||50|
|showteam|p2|Starmie||Starminite|Analytic|AquaJet,Protect,Scald,Recover|Jolly|||||50|]Staraptor||Staraptite|Intimidate|CloseCombat,Protect,Tailwind,BraveBird|Jolly||F|||50|]Archaludon||FocusSash|Stamina|ElectroShot,DragonTail,Earthquake,DracoMeteor|Rash||F|||50|]Pelipper||LifeOrb|Drizzle|Hurricane,WeatherBall,Protect,IcyWind|Modest||M|||50|]Swampert||Swampertite|Torrent|Earthquake,Liquidation,Protect,KnockOff|Adamant||F|||50|]Basculegion-F||ChoiceScarf|Adaptability|MuddyWater,IceBeam,AquaJet,ShadowBall|Hasty||F|||50|
|inactive|Battle timer is ON: inactive players will automatically lose when time's up. (requested by axcoquette)
|inactive|axcoquette has 60 seconds left.
|
|t:|1782350828
|teamsize|p1|4
|teamsize|p2|4
|start
|switch|p1a: Whimsicott|Whimsicott, L50, M|100/100
|switch|p1b: Floette|Floette-Eternal, L50, F|100/100
|switch|p2a: Staraptor|Staraptor, L50, F|100/100
|switch|p2b: Archaludon|Archaludon, L50, F|100/100
|-ability|p2a: Staraptor|Intimidate|boost
|-block|p1a: Whimsicott|ability: Flower Veil|[of] p1b: Floette
|-unboost|p1b: Floette|atk|1
|turn|1
|inactive|axcoquette has 30 seconds left.
|
|t:|1782350862
|detailschange|p1b: Floette|Floette-Mega, L50, F
|-mega|p1b: Floette|Floette|Floettite
|-ability|p1b: Floette|Fairy Aura
|move|p1a: Whimsicott|Tailwind|p1a: Whimsicott
|-sidestart|p1: axcoquette|move: Tailwind
|move|p1b: Floette|Moonblast|p2a: Staraptor
|-damage|p2a: Staraptor|0 fnt
|faint|p2a: Staraptor
|move|p2b: Archaludon|Earthquake|p1b: Floette|[spread] p1a,p1b
|-resisted|p1a: Whimsicott|1
|-damage|p1a: Whimsicott|86/100
|-damage|p1b: Floette|76/100
|
|upkeep
|
|t:|1782350876
|switch|p2a: Pelipper|Pelipper, L50, M|100/100
|-weather|RainDance|[from] ability: Drizzle|[of] p2a: Pelipper
|turn|2
|
|t:|1782350896
|move|p2a: Pelipper|Protect|p2a: Pelipper
|-singleturn|p2a: Pelipper|Protect
|move|p1a: Whimsicott|Encore|p2b: Archaludon
|-start|p2b: Archaludon|Encore
|move|p1b: Floette|Moonblast|p2a: Pelipper
|-activate|p2a: Pelipper|move: Protect
|move|p2b: Archaludon|Earthquake|p1b: Floette|[spread] p1a,p1b
|-activate|p2a: Pelipper|move: Protect
|-resisted|p1a: Whimsicott|1
|-damage|p1a: Whimsicott|73/100
|-damage|p1b: Floette|54/100
|
|-weather|RainDance|[upkeep]
|upkeep
|turn|3
|
|t:|1782350918
|switch|p2b: Basculegion|Basculegion-F, L50, F|100/100
|move|p1a: Whimsicott|Moonblast|p2a: Pelipper
|-damage|p2a: Pelipper|38/100
|-unboost|p2a: Pelipper|spa|1
|move|p1b: Floette|Dazzling Gleam|p2a: Pelipper|[spread] p2a,p2b
|-damage|p2a: Pelipper|0 fnt
|-damage|p2b: Basculegion|47/100
|faint|p2a: Pelipper
|
|-weather|RainDance|[upkeep]
|upkeep
|
|t:|1782350927
|switch|p2a: Archaludon|Archaludon, L50, F|100/100
|turn|4
|
|t:|1782350948
|move|p1a: Whimsicott|Protect|p1a: Whimsicott
|-singleturn|p1a: Whimsicott|Protect
|move|p1b: Floette|Light of Ruin|p2a: Archaludon
|-enditem|p2a: Archaludon|Focus Sash
|-damage|p2a: Archaludon|1/100
|-ability|p2a: Archaludon|Stamina|boost
|-boost|p2a: Archaludon|def|1
|-damage|p1b: Floette|0 fnt|[from] Recoil
|faint|p1b: Floette
|move|p2b: Basculegion|Muddy Water|p1a: Whimsicott
|-activate|p1a: Whimsicott|move: Protect
|move|p2a: Archaludon|Electro Shot||[still]
|-prepare|p2a: Archaludon|Electro Shot
|-boost|p2a: Archaludon|spa|1
|-anim|p2a: Archaludon|Electro Shot|p1a: Whimsicott
|-activate|p1a: Whimsicott|move: Protect
|
|-weather|RainDance|[upkeep]
|-sideend|p1: axcoquette|move: Tailwind
|upkeep
|
|t:|1782350969
|switch|p1b: Kingambit|Kingambit, L50, M|100/100
|turn|5
|
|t:|1782350982
|move|p1b: Kingambit|Sucker Punch|p2b: Basculegion
|-supereffective|p2b: Basculegion|1
|-damage|p2b: Basculegion|0 fnt
|faint|p2b: Basculegion
|move|p1a: Whimsicott|Moonblast|p2a: Archaludon
|-damage|p2a: Archaludon|0 fnt
|faint|p2a: Archaludon
|
|win|axcoquette
|l|☆pixlrd
|player|p2|
||pixlrd is ready for game 2.
||axcoquette is ready for game 2.
|uhtml|next|Next: Game 2 of 3
