|j|☆waffle991vgc
|j|☆Yippeeeeeeeevgc
|html|waffle991vgcYippeeeeeeeevgc    
|uhtml|bestof|Game 2 of a best-of-3
|t:|1756650192
|gametype|doubles
|player|p1|waffle991vgc|hilda|1021
|player|p2|Yippeeeeeeeevgc|102|1000
|gen|9
|tier|[Gen 9] VGC 2025 Reg H (Bo3)
|rated|
|rule|Species Clause: Limit one of each Pokémon
|rule|Item Clause: Limit 1 of each item
|clearpoke
|poke|p1|Sylveon, L50, F|
|poke|p1|Porygon2, L50|
|poke|p1|Ursaluna, L50, M|
|poke|p1|Gallade, L50, M|
|poke|p1|Farigiraf, L50, M|
|poke|p1|Incineroar, L50, M|
|poke|p2|Talonflame, L50, F|
|poke|p2|Gholdengo, L50|
|poke|p2|Rillaboom, L50, F|
|poke|p2|Ninetales-Alola, L50, F|
|poke|p2|Annihilape, L50, F|
|poke|p2|Maushold-Four, L50|
|teampreview|4
|showteam|p1|Sylveon||ChoiceSpecs|Pixilate|HyperVoice,HyperBeam,ShadowBall,Psychic|||F|||50|,,,,,Fairy]Porygon2||Eviolite|Download|TrickRoom,TeraBlast,IceBeam,Protect||||||50|,,,,,Ghost]Ursaluna||FlameOrb|Guts|HeadlongRush,Facade,Protect,CloseCombat|||M|||50|,,,,,Normal]Gallade||ClearAmulet|Sharpness|SacredSword,WideGuard,TrickRoom,Protect|||M|||50|,,,,,Steel]Farigiraf||SafetyGoggles|ArmorTail|TrickRoom,DazzlingGleam,HyperVoice,Protect|||M|||50|,,,,,Fairy]Incineroar||SitrusBerry|Intimidate|FakeOut,KnockOff,PartingShot,FlareBlitz|||M|||50|,,,,,Ghost
|showteam|p2|Talonflame||CovertCloak|GaleWings|BraveBird,FlareBlitz,Tailwind,Taunt|||F|||50|,,,,,Ghost]Gholdengo||LifeOrb|GoodasGold|MakeItRain,ShadowBall,NastyPlot,Protect||||||50|,,,,,Dragon]Rillaboom||AssaultVest|GrassySurge|WoodHammer,GrassyGlide,Uturn,FakeOut|||F|||50|,,,,,Grass]Ninetales-Alola||LightClay|SnowWarning|FreezeDry,AuroraVeil,Blizzard,Encore|||F|||50|,,,,,Water]Annihilape||LumBerry|Defiant|RageFist,DrainPunch,BulkUp,Protect|||F|||50|,,,,,Fire]Maushold-Four||SafetyGoggles|FriendGuard|Taunt,BeatUp,FollowMe,Protect||||||50|,,,,,Ghost
|inactive|Battle timer is ON: inactive players will automatically lose when time's up. (requested by Yippeeeeeeeevgc)
|
|t:|1756650224
|teamsize|p1|4
|teamsize|p2|4
|start
|switch|p1a: Ursaluna|Ursaluna, L50, M|100/100
|switch|p1b: Farigiraf|Farigiraf, L50, M|100/100
|switch|p2a: Annihilape|Annihilape, L50, F|100/100
|switch|p2b: Ninetales|Ninetales-Alola, L50, F|100/100
|-weather|Snowscape|[from] ability: Snow Warning|[of] p2b: Ninetales
|turn|1
|inactive|Yippeeeeeeeevgc has 30 seconds left.
|inactive|Yippeeeeeeeevgc has 20 seconds left.
|inactive|Yippeeeeeeeevgc has 15 seconds left.
|inactive|Yippeeeeeeeevgc has 10 seconds left.
|
|t:|1756650272
|move|p1a: Ursaluna|Protect|p1a: Ursaluna
|-singleturn|p1a: Ursaluna|Protect
|move|p2b: Ninetales|Aurora Veil|p2b: Ninetales
|-sidestart|p2: Yippeeeeeeeevgc|move: Aurora Veil
|move|p2a: Annihilape|Drain Punch|p1b: Farigiraf
|-damage|p1b: Farigiraf|62/100
|move|p1b: Farigiraf|Trick Room|p1b: Farigiraf
|-fieldstart|move: Trick Room|[of] p1b: Farigiraf
|
|-weather|Snowscape|[upkeep]
|-status|p1a: Ursaluna|brn|[from] item: Flame Orb
|upkeep
|turn|2
|
|t:|1756650289
|move|p2a: Annihilape|Protect|p2a: Annihilape
|-singleturn|p2a: Annihilape|Protect
|move|p1a: Ursaluna|Headlong Rush|p2a: Annihilape
|-activate|p2a: Annihilape|move: Protect
|move|p1b: Farigiraf|Dazzling Gleam|p2a: Annihilape|[spread] p2b
|-activate|p2a: Annihilape|move: Protect
|-damage|p2b: Ninetales|90/100
|move|p2b: Ninetales|Encore|p1a: Ursaluna
|-start|p1a: Ursaluna|Encore
|
|-weather|Snowscape|[upkeep]
|-damage|p1a: Ursaluna|94/100 brn|[from] brn
|upkeep
|turn|3
|
|t:|1756650312
|switch|p2a: Rillaboom|Rillaboom, L50, F|100/100
|-fieldstart|move: Grassy Terrain|[from] ability: Grassy Surge|[of] p2a: Rillaboom
|move|p1a: Ursaluna|Headlong Rush|p2a: Rillaboom
|-resisted|p2a: Rillaboom
|-damage|p2a: Rillaboom|66/100
|-unboost|p1a: Ursaluna|def|1
|-unboost|p1a: Ursaluna|spd|1
|move|p1b: Farigiraf|Dazzling Gleam|p2b: Ninetales|[spread] p2a,p2b
|-damage|p2a: Rillaboom|59/100
|-damage|p2b: Ninetales|80/100
|move|p2b: Ninetales|Blizzard|p1b: Farigiraf|[spread] p1a,p1b
|-supereffective|p1a: Ursaluna
|-damage|p1a: Ursaluna|34/100 brn
|-damage|p1b: Farigiraf|41/100
|
|-weather|Snowscape|[upkeep]
|-heal|p1a: Ursaluna|40/100 brn|[from] Grassy Terrain
|-heal|p1b: Farigiraf|47/100|[from] Grassy Terrain
|-heal|p2a: Rillaboom|65/100|[from] Grassy Terrain
|-heal|p2b: Ninetales|86/100|[from] Grassy Terrain
|-damage|p1a: Ursaluna|34/100 brn|[from] brn
|upkeep
|turn|4
|inactive|Yippeeeeeeeevgc has 30 seconds left.
|
|t:|1756650346
|move|p1a: Ursaluna|Headlong Rush|p2b: Ninetales
|-damage|p2b: Ninetales|21/100
|-unboost|p1a: Ursaluna|def|1
|-unboost|p1a: Ursaluna|spd|1
|move|p1b: Farigiraf|Hyper Voice|p2a: Rillaboom|[spread] p2a,p2b
|-damage|p2a: Rillaboom|53/100
|-damage|p2b: Ninetales|5/100
|move|p2a: Rillaboom|Wood Hammer|p1b: Farigiraf
|-damage|p1b: Farigiraf|0 fnt
|faint|p1b: Farigiraf
|-damage|p2a: Rillaboom|35/100|[from] Recoil
|move|p2b: Ninetales|Blizzard|p1a: Ursaluna
|-supereffective|p1a: Ursaluna
|-damage|p1a: Ursaluna|0 fnt
|faint|p1a: Ursaluna
|
|-weather|Snowscape|[upkeep]
|-heal|p2a: Rillaboom|40/100|[from] Grassy Terrain
|-heal|p2b: Ninetales|11/100|[from] Grassy Terrain
|upkeep
|
|t:|1756650352
|switch|p1a: Gallade|Gallade, L50, M, shiny|100/100
|switch|p1b: Sylveon|Sylveon, L50, F, shiny|100/100
|turn|5
|inactive|Yippeeeeeeeevgc has 30 seconds left.
|inactive|Yippeeeeeeeevgc has 20 seconds left.
|
|t:|1756650390
|-terastallize|p1b: Sylveon|Fairy
|move|p2a: Rillaboom|Grassy Glide|p1b: Sylveon
|-damage|p1b: Sylveon|63/100
|move|p1b: Sylveon|Hyper Voice|p2a: Rillaboom|[spread] p2a,p2b
|-damage|p2a: Rillaboom|4/100
|-damage|p2b: Ninetales|0 fnt
|faint|p2b: Ninetales
|move|p1a: Gallade|Sacred Sword|p2a: Rillaboom
|-damage|p2a: Rillaboom|0 fnt
|faint|p2a: Rillaboom
|
|-weather|none
|-heal|p1b: Sylveon|69/100|[from] Grassy Terrain
|-fieldend|move: Trick Room
|upkeep
|
|t:|1756650408
|switch|p2b: Maushold|Maushold-Four, L50|100/100
|switch|p2a: Annihilape|Annihilape, L50, F|100/100
|turn|6
|
|t:|1756650424
|-terastallize|p2a: Annihilape|Fire
|move|p2b: Maushold|Beat Up|p2a: Annihilape
|-damage|p2a: Annihilape|99/100
|-damage|p2a: Annihilape|97/100
|-hitcount|p2a: Annihilape|2
|move|p2a: Annihilape|Rage Fist|p1a: Gallade
|-supereffective|p1a: Gallade
|-damage|p1a: Gallade|0 fnt
|faint|p1a: Gallade
|move|p1b: Sylveon|Hyper Voice|p2b: Maushold|[spread] p2a,p2b
|-resisted|p2a: Annihilape
|-damage|p2a: Annihilape|77/100
|-damage|p2b: Maushold|23/100
|
|-heal|p2b: Maushold|29/100|[from] Grassy Terrain
|-heal|p2a: Annihilape|83/100|[from] Grassy Terrain
|-heal|p1b: Sylveon|75/100|[from] Grassy Terrain
|upkeep
|turn|7
|
|t:|1756650447
|move|p2b: Maushold|Beat Up|p2a: Annihilape
|-damage|p2a: Annihilape|81/100
|-damage|p2a: Annihilape|79/100
|-hitcount|p2a: Annihilape|2
|move|p2a: Annihilape|Rage Fist|p1b: Sylveon
|-damage|p1b: Sylveon|0 fnt
|faint|p1b: Sylveon
|
|win|Yippeeeeeeeevgc
|raw|waffle991vgc's rating: 1021 → 1007(-14 for losing)
|raw|Yippeeeeeeeevgc's rating: 1000 → 1042(+42 for winning)
|l|☆waffle991vgc
|player|p1|
|c|☆Yippeeeeeeeevgc|Gg
