|j|☆pandabro24711
|j|☆natsukookie
|html|pandabro24711natsukookie    
|uhtml|bestof|Game 1 of a best-of-3
|t:|1785599582
|gametype|doubles
|player|p1|pandabro24711|gentleman-gen4|1000
|player|p2|natsukookie|102|1081
|gen|9
|tier|[Gen 9 Champions] VGC 2026 Reg M-B (Bo3)
|rated|
|rule|Species Clause: Limit one of each Pokémon
|rule|Item Clause: Limit 1 of each item
|clearpoke
|poke|p1|Mawile, L50, M|
|poke|p1|Sneasler, L50, M|
|poke|p1|Sinistcha, L50|
|poke|p1|Meowscarada, L50, F|
|poke|p1|Milotic, L50, F|
|poke|p1|Raichu, L50, M|
|poke|p2|Hatterene, L50, F|
|poke|p2|Oranguru, L50, F|
|poke|p2|Mawile, L50, F|
|poke|p2|Kangaskhan, L50, F|
|poke|p2|Venusaur, L50, M|
|poke|p2|Torkoal, L50, M|
|teampreview|4
|showteam|p1|Mawile||Mawilite|Intimidate|SwordsDance,SuckerPunch,PlayRough,Protect|Adamant||M|||50|]Sneasler||WhiteHerb|Unburden|FakeOut,CloseCombat,RockSlide,Coaching|Jolly||M|||50|]Sinistcha||SitrusBerry|Hospitality|RagePowder,LifeDew,TrickRoom,MatchaGotcha|Relaxed|||||50|]Meowscarada||ChoiceScarf|Protean|TripleAxel,FlowerTrick,KnockOff,PlayRough|Jolly||F|||50|]Milotic||Leftovers|Competitive|MuddyWater,Protect,IceBeam,Scald|Modest||F|||50|]Raichu||RaichuniteY|LightningRod|FakeOut,ZapCannon,FocusBlast,Protect|Hasty||M|||50|
|showteam|p2|Hatterene||LifeOrb|MagicBounce|Protect,Psychic,TrickRoom,DazzlingGleam|Quiet||F|||50|]Oranguru||MentalHerb|InnerFocus|Protect,Instruct,Psychic,TrickRoom|Bold||F|||50|]Mawile||Mawilite|HyperCutter|SuckerPunch,PlayRough,Protect,IronHead|Brave||F|||50|]Kangaskhan||SilkScarf|Scrappy|LastResort,FakeOut|Brave||F|||50|]Venusaur||FocusSash|Chlorophyll|LeafStorm,SludgeBomb,SleepPowder,Protect|Modest||M|||50|]Torkoal||Charcoal|Drought|Eruption,Protect,EarthPower,HeatWave|Quiet||M|||50|
|inactive|Battle timer is ON: inactive players will automatically lose when time's up. (requested by pandabro24711)
|inactive|natsukookie has 60 seconds left.
|
|t:|1785599636
|teamsize|p1|4
|teamsize|p2|4
|start
|switch|p1a: Mawile|Mawile, L50, M|100/100
|switch|p1b: Sneasler|Sneasler, L50, M|100/100
|switch|p2a: Oranguru|Oranguru, L50, F|100/100
|switch|p2b: Kangaskhan|Kangaskhan, L50, F|100/100
|-ability|p1a: Mawile|Intimidate|boost
|-fail|p2a: Oranguru|unboost|Attack|[from] ability: Inner Focus|[of] p2a: Oranguru
|-fail|p2b: Kangaskhan|unboost|Attack|[from] ability: Scrappy|[of] p2b: Kangaskhan
|turn|1
|inactive|natsukookie has 30 seconds left.
|
|t:|1785599666
|detailschange|p1a: Mawile|Mawile-Mega, L50, M
|-mega|p1a: Mawile|Mawile|Mawilite
|move|p1b: Sneasler|Fake Out|p2b: Kangaskhan
|-damage|p2b: Kangaskhan|84/100
|cant|p2b: Kangaskhan|flinch
|move|p2a: Oranguru|Psychic|p1b: Sneasler
|-supereffective|p1b: Sneasler|2
|-damage|p1b: Sneasler|0 fnt
|faint|p1b: Sneasler
|move|p1a: Mawile|Swords Dance|p1a: Mawile
|-boost|p1a: Mawile|atk|2
|
|upkeep
|
|t:|1785599677
|switch|p1b: Milotic|Milotic, L50, F|100/100
|turn|2
|inactive|natsukookie has 30 seconds left.
|
|t:|1785599703
|move|p2a: Oranguru|Protect|p2a: Oranguru
|-singleturn|p2a: Oranguru|Protect
|move|p1b: Milotic|Muddy Water|p2b: Kangaskhan|[spread] p2b
|-activate|p2a: Oranguru|move: Protect
|-damage|p2b: Kangaskhan|53/100
|move|p2b: Kangaskhan|Last Resort||[still]
|-fail|p2b: Kangaskhan
|move|p1a: Mawile|Play Rough|p2b: Kangaskhan
|-damage|p2b: Kangaskhan|0 fnt
|faint|p2b: Kangaskhan
|
|upkeep
|
|t:|1785599725
|switch|p2b: Venusaur|Venusaur, L50, M|100/100
|turn|3
|
|t:|1785599735
|move|p1a: Mawile|Protect|p1a: Mawile
|-singleturn|p1a: Mawile|Protect
|move|p2b: Venusaur|Sleep Powder|p1a: Mawile
|-activate|p1a: Mawile|move: Protect
|move|p1b: Milotic|Ice Beam|p2b: Venusaur
|-supereffective|p2b: Venusaur|1
|-damage|p2b: Venusaur|36/100
|move|p2a: Oranguru|Trick Room|p2a: Oranguru
|-fieldstart|move: Trick Room|[of] p2a: Oranguru
|
|upkeep
|turn|4
|
|t:|1785599758
|move|p2a: Oranguru|Protect|p2a: Oranguru
|-singleturn|p2a: Oranguru|Protect
|move|p1a: Mawile|Play Rough|p2b: Venusaur
|-resisted|p2b: Venusaur|1
|-damage|p2b: Venusaur|0 fnt
|faint|p2b: Venusaur
|move|p1b: Milotic|Muddy Water|p2a: Oranguru
|-activate|p2a: Oranguru|move: Protect
|
|upkeep
|
|t:|1785599766
|switch|p2b: Torkoal|Torkoal, L50, M|100/100
|-weather|SunnyDay|[from] ability: Drought|[of] p2b: Torkoal
|turn|5
|
|t:|1785599776
|move|p1a: Mawile|Sucker Punch|p2b: Torkoal
|-damage|p2b: Torkoal|29/100
|move|p2b: Torkoal|Eruption|p1a: Mawile|[spread] p1a,p1b
|-supereffective|p1a: Mawile|1
|-resisted|p1b: Milotic|1
|-damage|p1a: Mawile|45/100
|-damage|p1b: Milotic|91/100
|move|p2a: Oranguru|Instruct|p2b: Torkoal
|-singleturn|p2b: Torkoal|move: Instruct|[of] p2a: Oranguru
|move|p2b: Torkoal|Eruption|p1b: Milotic|[spread] p1a,p1b
|-supereffective|p1a: Mawile|1
|-resisted|p1b: Milotic|1
|-damage|p1a: Mawile|0 fnt
|-damage|p1b: Milotic|82/100
|faint|p1a: Mawile
|move|p1b: Milotic|Muddy Water|p2a: Oranguru|[spread] p2a,p2b
|-supereffective|p2b: Torkoal|1
|-damage|p2a: Oranguru|87/100
|-damage|p2b: Torkoal|0 fnt
|faint|p2b: Torkoal
|
|-weather|SunnyDay|[upkeep]
|-heal|p1b: Milotic|88/100|[from] item: Leftovers
|upkeep
|
|t:|1785599786
|switch|p1a: Sinistcha|Sinistcha, L50|100/100
|-heal|p1b: Milotic|100/100|[from] ability: Hospitality|[of] p1a: Sinistcha
|turn|6
|-message|natsukookie forfeited.
|
|win|pandabro24711
|l|☆pandabro24711
|player|p1|
||natsukookie is ready for game 2.
||pandabro24711 is ready for game 2.
|uhtml|next|Next: Game 2 of 3
