|j|☆ThierryVGC
|j|☆Cristante terabug
|html|ThierryVGCCristante terabug    
|uhtml|bestof|Game 1 of a best-of-3
|t:|1756737665
|gametype|doubles
|player|p1|ThierryVGC|2|1215
|player|p2|Cristante terabug|kieran-champion|1234
|gen|9
|tier|[Gen 9] VGC 2025 Reg H (Bo3)
|rated|
|rule|Species Clause: Limit one of each Pokémon
|rule|Item Clause: Limit 1 of each item
|clearpoke
|poke|p1|Tyranitar, L50, M|
|poke|p1|Excadrill, L50, M|
|poke|p1|Kilowattrel, L50, F|
|poke|p1|Indeedee, L50, M|
|poke|p1|Sneasler, L50, F|
|poke|p1|Dragonite, L50, M|
|poke|p2|Incineroar, L50, F|
|poke|p2|Pelipper, L50, M|
|poke|p2|Archaludon, L50, M|
|poke|p2|Dragonite, L50, M|
|poke|p2|Sinistcha, L50|
|poke|p2|Ursaluna, L50, M|
|teampreview|4
|showteam|p1|Tyranitar||AssaultVest|SandStream|RockSlide,KnockOff,TeraBlast,LowKick|||M|||50|,,,,,Flying]Excadrill||FocusSash|SandRush|Protect,HighHorsepower,Earthquake,IronHead|||M|||50|,,,,,Fairy]Kilowattrel||CovertCloak|Competitive|Tailwind,Thunderbolt,AirSlash,Discharge|||F|||50|,,,,,Electric]Indeedee||ChoiceScarf|PsychicSurge|TeraBlast,ExpandingForce,Trick,ShadowBall|||M|||50|,,,,,Psychic]Sneasler||PsychicSeed|Unburden|DireClaw,CloseCombat,ThroatChop,Coaching|||F|||50|,,,,,Dark]Dragonite||LoadedDice|Multiscale|ScaleShot,Haze,Tailwind,Protect|||M|||50|,,,,,Fairy
|showteam|p2|Incineroar||SafetyGoggles|Intimidate|FakeOut,PartingShot,KnockOff,FlareBlitz|||F|||50|,,,,,Flying]Pelipper||FocusSash|Drizzle|Hurricane,MuddyWater,Tailwind,Protect|||M|||50|,,,,,Ghost]Archaludon||AssaultVest|Stamina|ElectroShot,Snarl,FlashCannon,BodyPress|||M|||50|,,,,,Bug]Dragonite||LoadedDice|Multiscale|ScaleShot,Tailwind,Haze,Protect|||M|||50|,,,,,Fairy]Sinistcha||SitrusBerry|Hospitality|MatchaGotcha,RagePowder,LifeDew,TrickRoom||||||50|,,,,,Dark]Ursaluna||FlameOrb|Guts|Earthquake,Facade,HeadlongRush,Protect|||M|||50|,,,,,Ghost
|inactive|Battle timer is ON: inactive players will automatically lose when time's up. (requested by Cristante terabug)
|
|t:|1756737720
|teamsize|p1|4
|teamsize|p2|4
|start
|switch|p1a: Kilowattrel|Kilowattrel, L50, F|100/100
|switch|p1b: Excadrill|Excadrill, L50, M|100/100
|switch|p2a: Wanda|Sinistcha, L50, shiny|100/100
|switch|p2b: Paolo|Dragonite, L50, M|100/100
|turn|1
|
|t:|1756737738
|move|p1a: Kilowattrel|Discharge|p2b: Paolo|[spread] p2a,p2b
|-immune|p1b: Excadrill
|-resisted|p2a: Wanda
|-damage|p2a: Wanda|88/100
|-damage|p2b: Paolo|86/100
|-status|p2b: Paolo|par
|move|p1b: Excadrill|Iron Head|p2b: Paolo
|-damage|p2b: Paolo|33/100 par
|move|p2a: Wanda|Matcha Gotcha|p1b: Excadrill|[spread] p1a,p1b
|-resisted|p1a: Kilowattrel
|-damage|p1a: Kilowattrel|78/100
|-heal|p2a: Wanda|97/100|[from] drain|[of] p1a: Kilowattrel
|-damage|p1b: Excadrill|68/100
|-heal|p2a: Wanda|100/100|[from] drain|[of] p1b: Excadrill
|move|p2b: Paolo|Scale Shot|p1a: Kilowattrel
|-damage|p1a: Kilowattrel|53/100
|-damage|p1a: Kilowattrel|25/100
|-damage|p1a: Kilowattrel|0 fnt
|faint|p1a: Kilowattrel
|-hitcount|p1: Kilowattrel|3
|-unboost|p2b: Paolo|def|1
|-boost|p2b: Paolo|spe|1
|
|upkeep
|
|t:|1756737759
|switch|p1a: Tyranitar|Tyranitar, L50, M|100/100
|-weather|Sandstorm|[from] ability: Sand Stream|[of] p1a: Tyranitar
|turn|2
|inactive|Cristante terabug has 30 seconds left.
|inactive|ThierryVGC has 30 seconds left.
|inactive|Cristante terabug has 20 seconds left.
|inactive|Cristante terabug has 15 seconds left.
|inactive|ThierryVGC has 20 seconds left.
|inactive|Cristante terabug has 10 seconds left.
|
|t:|1756737808
|switch|p2b: Silvano|Pelipper, L50, M, shiny|100/100
|-weather|RainDance|[from] ability: Drizzle|[of] p2b: Silvano
|-terastallize|p1a: Tyranitar|Flying
|-terastallize|p2a: Wanda|Dark
|move|p1b: Excadrill|High Horsepower|p2a: Wanda
|-damage|p2a: Wanda|55/100
|move|p1a: Tyranitar|Knock Off|p2a: Wanda
|-resisted|p2a: Wanda
|-damage|p2a: Wanda|32/100
|-enditem|p2a: Wanda|Sitrus Berry|[from] move: Knock Off|[of] p1a: Tyranitar
|move|p2a: Wanda|Matcha Gotcha|p1b: Excadrill|[spread] p1a,p1b
|-resisted|p1a: Tyranitar
|-damage|p1a: Tyranitar|94/100
|-heal|p2a: Wanda|36/100|[from] drain|[of] p1a: Tyranitar
|-damage|p1b: Excadrill|34/100
|-heal|p2a: Wanda|54/100|[from] drain|[of] p1b: Excadrill
|
|-weather|RainDance|[upkeep]
|upkeep
|turn|3
|inactive|Cristante terabug has 30 seconds left.
|
|t:|1756737837
|switch|p1a: Sneasler|Sneasler, L50, F|100/100
|move|p1b: Excadrill|Protect|p1b: Excadrill
|-singleturn|p1b: Excadrill|Protect
|move|p2b: Silvano|Protect|p2b: Silvano
|-singleturn|p2b: Silvano|Protect
|move|p2a: Wanda|Matcha Gotcha|p1a: Sneasler|[spread] p1a
|-activate|p1b: Excadrill|move: Protect
|-resisted|p1a: Sneasler
|-damage|p1a: Sneasler|82/100
|-heal|p2a: Wanda|62/100|[from] drain|[of] p1a: Sneasler
|
|-weather|RainDance|[upkeep]
|upkeep
|turn|4
|
|t:|1756737854
|switch|p1b: Tyranitar|Tyranitar, L50, M, tera:Flying|94/100
|-weather|Sandstorm|[from] ability: Sand Stream|[of] p1b: Tyranitar
|switch|p2a: Paolo|Dragonite, L50, M|33/100 par
|move|p1a: Sneasler|Close Combat|p2a: Paolo
|-resisted|p2a: Paolo
|-damage|p2a: Paolo|0 fnt
|-unboost|p1a: Sneasler|def|1
|-unboost|p1a: Sneasler|spd|1
|faint|p2a: Paolo
|move|p2b: Silvano|Muddy Water|p1b: Tyranitar|[spread] p1b
|-miss|p2b: Silvano|p1a: Sneasler
|-damage|p1b: Tyranitar|78/100
|
|-weather|Sandstorm|[upkeep]
|-damage|p1a: Sneasler|77/100|[from] Sandstorm
|-damage|p2b: Silvano|95/100|[from] Sandstorm
|-damage|p1b: Tyranitar|72/100|[from] Sandstorm
|upkeep
|inactive|Cristante terabug has 30 seconds left.
|
|t:|1756737880
|switch|p2a: Luca|Archaludon, L50, M|100/100
|turn|5
|
|t:|1756737895
|switch|p2b: Wanda|Sinistcha, L50, shiny, tera:Dark|62/100
|move|p1a: Sneasler|Close Combat|p2a: Luca
|-supereffective|p2a: Luca
|-damage|p2a: Luca|9/100
|-unboost|p1a: Sneasler|def|1
|-unboost|p1a: Sneasler|spd|1
|-ability|p2a: Luca|Stamina|boost
|-boost|p2a: Luca|def|1
|move|p2a: Luca|Flash Cannon|p1a: Sneasler
|-damage|p1a: Sneasler|0 fnt
|faint|p1a: Sneasler
|move|p1b: Tyranitar|Rock Slide|p2b: Wanda|[spread] p2a,p2b
|-resisted|p2a: Luca
|-damage|p2a: Luca|2/100
|-damage|p2b: Wanda|31/100
|-ability|p2a: Luca|Stamina|boost
|-boost|p2a: Luca|def|1
|
|-weather|Sandstorm|[upkeep]
|-damage|p1b: Tyranitar|66/100|[from] Sandstorm
|-damage|p2b: Wanda|25/100|[from] Sandstorm
|upkeep
|
|t:|1756737907
|switch|p1a: Excadrill|Excadrill, L50, M|34/100
|turn|6
|
|t:|1756737920
|switch|p2b: Silvano|Pelipper, L50, M, shiny|95/100
|-weather|RainDance|[from] ability: Drizzle|[of] p2b: Silvano
|move|p1a: Excadrill|Earthquake|p2b: Silvano|[spread] p2a
|-immune|p1b: Tyranitar
|-immune|p2b: Silvano
|-supereffective|p2a: Luca
|-damage|p2a: Luca|0 fnt
|faint|p2a: Luca
|move|p1b: Tyranitar|Rock Slide|p2b: Silvano
|-supereffective|p2b: Silvano
|-damage|p2b: Silvano|0 fnt
|faint|p2b: Silvano
|
|-weather|RainDance|[upkeep]
|upkeep
|
|t:|1756737927
|switch|p2b: Wanda|Sinistcha, L50, shiny, tera:Dark|25/100
|turn|7
|
|t:|1756737939
|move|p1a: Excadrill|Iron Head|p2b: Wanda
|-damage|p2b: Wanda|0 fnt
|faint|p2b: Wanda
|
|win|ThierryVGC
