|j|☆czacho
|j|☆leafeon03
|html|czacholeafeon03    
|uhtml|bestof|Game 2 of a best-of-3
|t:|1785439170
|gametype|doubles
|player|p1|czacho|riley|1339
|player|p2|leafeon03|erika|1402
|gen|9
|tier|[Gen 9 Champions] VGC 2026 Reg M-B (Bo3)
|rated|
|rule|Species Clause: Limit one of each Pokémon
|rule|Item Clause: Limit 1 of each item
|clearpoke
|poke|p1|Kommo-o, L50, M|
|poke|p1|Scizor, L50, M|
|poke|p1|Sinistcha, L50|
|poke|p1|Incineroar, L50, F|
|poke|p1|Blastoise, L50, F|
|poke|p1|Sneasler, L50, M|
|poke|p2|Garchomp, L50, F, shiny|
|poke|p2|Charizard, L50, F, shiny|
|poke|p2|Whimsicott, L50, F|
|poke|p2|Floette-Eternal, L50, F|
|poke|p2|Basculegion, L50, M|
|poke|p2|Kingambit, L50, F, shiny|
|teampreview|4
|showteam|p1|Kommo-o||DragonFang|Soundproof|ClangingScales,AuraSphere,Protect,ClangorousSoul|Timid||M|||50|]Scizor||Scizorite|Technician|BulletPunch,BugBite,Protect,SwordsDance|Adamant||M|||50|]Sinistcha||KasibBerry|Hospitality|MatchaGotcha,LifeDew,RagePowder,TrickRoom|Relaxed|||||50|]Incineroar||SitrusBerry|Intimidate|FlareBlitz,FakeOut,PartingShot,Taunt|Careful||F|||50|]Blastoise||Blastoisinite|Torrent|WaterSpout,DarkPulse,Protect,ShellSmash|Modest||F|||50|]Sneasler||FocusSash|PoisonTouch|PoisonJab,CloseCombat,Protect,FakeOut|Jolly||M|||50|
|showteam|p2|Garchomp||LifeOrb|RoughSkin|Earthquake,RockSlide,DragonClaw,Protect|Jolly||F|||50|]Charizard||CharizarditeY|Blaze|HeatWave,WeatherBall,SolarBeam,Protect|Modest||F|||50|]Whimsicott||FocusSash|Prankster|Moonblast,Tailwind,Encore,Protect|Timid||F|||50|]Floette-Eternal||Floettite|FlowerVeil|Moonblast,DazzlingGleam,LightofRuin,Protect|Modest||F|||50|]Basculegion||MysticWater|Adaptability|WaveCrash,LastRespects,AquaJet,Protect|Adamant||M|||50|]Kingambit||ChopleBerry|Defiant|KowtowCleave,SuckerPunch,IronHead,LowKick|Adamant||F|||50|
|inactive|Battle timer is ON: inactive players will automatically lose when time's up. (requested by czacho)
|inactive|leafeon03 has 60 seconds left.
|inactive|czacho has 60 seconds left.
|
|t:|1785439219
|teamsize|p1|4
|teamsize|p2|4
|start
|switch|p1a: Kommo-o|Kommo-o, L50, M|100/100
|switch|p1b: Incineroar|Incineroar, L50, F|100/100
|switch|p2a: Whimsicott|Whimsicott, L50, F|100/100
|switch|p2b: Basculegion|Basculegion, L50, M|100/100
|-ability|p1b: Incineroar|Intimidate|boost
|-unboost|p2a: Whimsicott|atk|1
|-unboost|p2b: Basculegion|atk|1
|turn|1
|
|t:|1785439233
|move|p2a: Whimsicott|Protect|p2a: Whimsicott
|-singleturn|p2a: Whimsicott|Protect
|move|p1b: Incineroar|Fake Out|p2a: Whimsicott
|-activate|p2a: Whimsicott|move: Protect
|move|p1a: Kommo-o|Clangorous Soul|p1a: Kommo-o
|-boost|p1a: Kommo-o|atk|1
|-boost|p1a: Kommo-o|def|1
|-boost|p1a: Kommo-o|spa|1
|-boost|p1a: Kommo-o|spd|1
|-boost|p1a: Kommo-o|spe|1
|-damage|p1a: Kommo-o|67/100
|move|p2b: Basculegion|Wave Crash|p1b: Incineroar
|-supereffective|p1b: Incineroar|1
|-damage|p1b: Incineroar|0 fnt
|faint|p1b: Incineroar
|-damage|p2b: Basculegion|66/100|[from] Recoil
|
|upkeep
|
|t:|1785439241
|switch|p1b: Sneasler|Sneasler, L50, M|100/100
|turn|2
|inactive|leafeon03 has 30 seconds left.
|inactive|leafeon03 has 20 seconds left.
|
|t:|1785439279
|switch|p2a: Charizard|Charizard, L50, F, shiny|100/100
|move|p2b: Basculegion|Protect|p2b: Basculegion
|-singleturn|p2b: Basculegion|Protect
|move|p1a: Kommo-o|Clanging Scales|p2b: Basculegion|[spread] p2a
|-activate|p2b: Basculegion|move: Protect
|-damage|p2a: Charizard|34/100
|-unboost|p1a: Kommo-o|def|1
|move|p1b: Sneasler|Poison Jab|p2a: Charizard
|-damage|p2a: Charizard|0 fnt
|faint|p2a: Charizard
|
|upkeep
|
|t:|1785439292
|switch|p2a: Whimsicott|Whimsicott, L50, F|100/100
|turn|3
|inactive|leafeon03 has 30 seconds left.
|
|t:|1785439323
|move|p2a: Whimsicott|Tailwind|p2a: Whimsicott
|-sidestart|p2: leafeon03|move: Tailwind
|move|p2b: Basculegion|Last Respects|p1b: Sneasler
|-damage|p1b: Sneasler|21/100
|move|p1a: Kommo-o|Clanging Scales|p2b: Basculegion|[spread] p2b
|-immune|p2a: Whimsicott
|-damage|p2b: Basculegion|0 fnt
|faint|p2b: Basculegion
|-unboost|p1a: Kommo-o|def|1
|move|p1b: Sneasler|Poison Jab|p2a: Whimsicott
|-supereffective|p2a: Whimsicott|2
|-enditem|p2a: Whimsicott|Focus Sash
|-damage|p2a: Whimsicott|1/100
|-status|p2a: Whimsicott|psn
|
|-damage|p2a: Whimsicott|0 fnt|[from] psn
|faint|p2a: Whimsicott
|upkeep
|
|t:|1785439341
|switch|p2b: Garchomp|Garchomp, L50, F, shiny|100/100
|turn|4
|
|t:|1785439360
|switch|p1b: Sinistcha|Sinistcha, L50|100/100
|-heal|p1a: Kommo-o|92/100|[from] ability: Hospitality|[of] p1b: Sinistcha
|move|p1a: Kommo-o|Protect|p1a: Kommo-o
|-singleturn|p1a: Kommo-o|Protect
|move|p2b: Garchomp|Dragon Claw|p1a: Kommo-o
|-activate|p1a: Kommo-o|move: Protect
|
|upkeep
|turn|5
|
|t:|1785439380
|move|p1b: Sinistcha|Rage Powder|p1b: Sinistcha
|-singleturn|p1b: Sinistcha|move: Rage Powder
|move|p2b: Garchomp|Rock Slide|p1a: Kommo-o|[spread] p1a,p1b
|-resisted|p1a: Kommo-o|1
|-damage|p1a: Kommo-o|74/100
|-damage|p1b: Sinistcha|80/100
|-damage|p2b: Garchomp|90/100|[from] item: Life Orb
|move|p1a: Kommo-o|Clanging Scales|p2b: Garchomp
|-supereffective|p2b: Garchomp|1
|-damage|p2b: Garchomp|0 fnt
|faint|p2b: Garchomp
|
|win|czacho
|raw|czacho's rating: 1339 → 1363(+24 for winning)
|raw|leafeon03's rating: 1402 → 1378(-24 for losing)
|c|☆czacho|Gg
