|j|☆GrovyleSSJ
|j|☆testy223345
|html|GrovyleSSJtesty223345    
|uhtml|bestof|Game 3 of a best-of-3
|t:|1782649786
|gametype|doubles
|player|p1|GrovyleSSJ|1|1378
|player|p2|testy223345|1|1316
|gen|9
|tier|[Gen 9 Champions] VGC 2026 Reg M-B (Bo3)
|rated|
|rule|Species Clause: Limit one of each Pokémon
|rule|Item Clause: Limit 1 of each item
|clearpoke
|poke|p1|Gengar, L50, F|
|poke|p1|Incineroar, L50, F|
|poke|p1|Ninetales-Alola, L50, F|
|poke|p1|Snorlax, L50, M|
|poke|p1|Dragonite, L50, F|
|poke|p1|Sneasler, L50, M|
|poke|p2|Sinistcha, L50|
|poke|p2|Incineroar, L50, M|
|poke|p2|Milotic, L50, M|
|poke|p2|Raichu, L50, M|
|poke|p2|Floette-Eternal, L50, F|
|poke|p2|Ceruledge, L50, F|
|teampreview|4
|showteam|p1|Gengar||Gengarite|CursedBody|Protect,PerishSong,SludgeBomb,ShadowBall|Timid||F|||50|]Incineroar||SitrusBerry|Intimidate|FakeOut,PartingShot,FlareBlitz,Protect|Sassy||F|||50|]Ninetales-Alola||NeverMeltIce|SnowWarning|Protect,Encore,Disable,Blizzard|Timid||F|||50|]Snorlax||Leftovers|ThickFat|Protect,Yawn,Encore,HighHorsepower|Relaxed||M|||50|]Dragonite||DragonFang|Multiscale|Protect,LowKick,ExtremeSpeed,DragonClaw|Adamant||F|||50|]Sneasler||WhiteHerb|Unburden|Protect,FakeOut,CloseCombat,DireClaw|Adamant||M|||50|
|showteam|p2|Sinistcha||KasibBerry|Hospitality|MatchaGotcha,LifeDew,RagePowder,Protect|Relaxed|||||50|]Incineroar||SitrusBerry|Intimidate|FlareBlitz,ThroatChop,FakeOut,PartingShot|Impish||M|||50|]Milotic||Leftovers|Competitive|MuddyWater,Coil,Hypnosis,Protect|Calm||M|||50|]Raichu||RaichuniteY|LightningRod|ZapCannon,FocusBlast,FakeOut,Protect|Timid||M|||50|]Floette-Eternal||Floettite|FlowerVeil|DazzlingGleam,DrainingKiss,CalmMind,Protect|Timid||F|||50|]Ceruledge||ColburBerry|FlashFire|BitterBlade,ShadowSneak,BulkUp,Protect|Adamant||F|||50|
|inactive|Battle timer is ON: inactive players will automatically lose when time's up. (requested by GrovyleSSJ)
|
|t:|1782649804
|teamsize|p1|4
|teamsize|p2|4
|start
|switch|p1a: Gengar|Gengar, L50, F|100/100
|switch|p1b: Incineroar|Incineroar, L50, F|100/100
|switch|p2a: Milotic|Milotic, L50, M|100/100
|switch|p2b: Incineroar|Incineroar, L50, M|100/100
|-ability|p2b: Incineroar|Intimidate|boost
|-unboost|p1a: Gengar|atk|1
|-unboost|p1b: Incineroar|atk|1
|-ability|p1b: Incineroar|Intimidate|boost
|-unboost|p2a: Milotic|atk|1
|-ability|p2a: Milotic|Competitive|boost
|-boost|p2a: Milotic|spa|2
|-unboost|p2b: Incineroar|atk|1
|turn|1
|
|t:|1782649821
|detailschange|p1a: Gengar|Gengar-Mega, L50, F
|-mega|p1a: Gengar|Gengar|Gengarite
|move|p1b: Incineroar|Fake Out|p2a: Milotic
|-damage|p2a: Milotic|94/100
|move|p1a: Gengar|Perish Song|p1a: Gengar
|-start|p1a: Gengar|perish3|[silent]
|-start|p1b: Incineroar|perish3|[silent]
|-start|p2a: Milotic|perish3|[silent]
|-start|p2b: Incineroar|perish3|[silent]
|-fieldactivate|move: Perish Song
|cant|p2a: Milotic|flinch
|move|p2b: Incineroar|Parting Shot|p1a: Gengar
|-unboost|p1a: Gengar|atk|1
|-unboost|p1a: Gengar|spa|1
|
|t:|1782649833
|switch|p2b: Raichu|Raichu, L50, M|100/100|[from] Parting Shot
|
|-heal|p2a: Milotic|100/100|[from] item: Leftovers
|-start|p1a: Gengar|perish3
|-start|p2a: Milotic|perish3
|-start|p1b: Incineroar|perish3
|upkeep
|turn|2
|
|t:|1782649853
|detailschange|p2b: Raichu|Raichu-Mega-Y, L50, M
|-mega|p2b: Raichu|Raichu|Raichunite Y
|move|p1a: Gengar|Protect|p1a: Gengar
|-singleturn|p1a: Gengar|Protect
|move|p2b: Raichu|Zap Cannon|p1a: Gengar
|-activate|p1a: Gengar|move: Protect
|move|p2a: Milotic|Muddy Water|p1a: Gengar|[spread] p1b
|-activate|p1a: Gengar|move: Protect
|-supereffective|p1b: Incineroar|1
|-damage|p1b: Incineroar|28/100
|-unboost|p1b: Incineroar|accuracy|1
|-enditem|p1b: Incineroar|Sitrus Berry|[eat]
|-heal|p1b: Incineroar|53/100|[from] item: Sitrus Berry
|move|p1b: Incineroar|Parting Shot|p2b: Raichu
|-unboost|p2b: Raichu|atk|1
|-unboost|p2b: Raichu|spa|1
|
|t:|1782649870
|switch|p1b: Sneasler|Sneasler, L50, M|100/100|[from] Parting Shot
|
|-start|p1a: Gengar|perish2
|-start|p2a: Milotic|perish2
|upkeep
|turn|3
|
|t:|1782649889
|move|p1b: Sneasler|Fake Out|p2a: Milotic
|-damage|p2a: Milotic|89/100
|move|p2b: Raichu|Zap Cannon|p1a: Gengar
|-damage|p1a: Gengar|56/100
|-status|p1a: Gengar|par
|cant|p2a: Milotic|flinch
|move|p1a: Gengar|Sludge Bomb|p2b: Raichu
|-damage|p2b: Raichu|54/100
|
|-heal|p2a: Milotic|95/100|[from] item: Leftovers
|-start|p2a: Milotic|perish1
|-start|p1a: Gengar|perish1
|upkeep
|turn|4
|inactive|GrovyleSSJ has 30 seconds left.
|inactive|testy223345 has 30 seconds left.
|
|t:|1782649919
|switch|p1a: Snorlax|Snorlax, L50, M|100/100
|move|p2b: Raichu|Focus Blast|p1a: Snorlax
|-supereffective|p1a: Snorlax|1
|-damage|p1a: Snorlax|64/100
|move|p1b: Sneasler|Close Combat|p2b: Raichu
|-damage|p2b: Raichu|0 fnt
|-unboost|p1b: Sneasler|def|1
|-unboost|p1b: Sneasler|spd|1
|faint|p2b: Raichu
|-enditem|p1b: Sneasler|White Herb
|-clearnegativeboost|p1b: Sneasler|[silent]
|move|p2a: Milotic|Muddy Water|p1b: Sneasler|[spread] p1b
|-miss|p2a: Milotic|p1a: Snorlax
|-damage|p1b: Sneasler|40/100
|
|-heal|p2a: Milotic|100/100|[from] item: Leftovers
|-heal|p1a: Snorlax|70/100|[from] item: Leftovers
|-start|p2a: Milotic|perish0
|upkeep
|faint|p2a: Milotic
|
|t:|1782649933
|switch|p2b: Ceruledge|Ceruledge, L50, F|100/100
|switch|p2a: Incineroar|Incineroar, L50, M|100/100
|-ability|p2a: Incineroar|Intimidate|boost
|-unboost|p1a: Snorlax|atk|1
|-unboost|p1b: Sneasler|atk|1
|turn|5
|
|t:|1782649945
|switch|p1b: Incineroar|Incineroar, L50, F|53/100
|-ability|p1b: Incineroar|Intimidate|boost
|-unboost|p2a: Incineroar|atk|1
|-unboost|p2b: Ceruledge|atk|1
|move|p1a: Snorlax|Protect|p1a: Snorlax
|-singleturn|p1a: Snorlax|Protect
|move|p2a: Incineroar|Fake Out|p1b: Incineroar
|-damage|p1b: Incineroar|48/100
|move|p2b: Ceruledge|Bitter Blade|p1b: Incineroar
|-resisted|p1b: Incineroar|1
|-damage|p1b: Incineroar|34/100
|
|-heal|p1a: Snorlax|76/100|[from] item: Leftovers
|upkeep
|turn|6
|
|t:|1782649966
|move|p2b: Ceruledge|Bitter Blade|p1b: Incineroar
|-resisted|p1b: Incineroar|1
|-damage|p1b: Incineroar|20/100y
|move|p2a: Incineroar|Flare Blitz|p1b: Incineroar
|-resisted|p1b: Incineroar|1
|-damage|p1b: Incineroar|8/100
|-damage|p2a: Incineroar|96/100|[from] Recoil
|move|p1b: Incineroar|Parting Shot|p2a: Incineroar
|-unboost|p2a: Incineroar|atk|1
|-unboost|p2a: Incineroar|spa|1
|
|t:|1782649976
|switch|p1b: Gengar|Gengar-Mega, L50, F|56/100 par|[from] Parting Shot
|move|p1a: Snorlax|Yawn|p2b: Ceruledge
|-start|p2b: Ceruledge|move: Yawn|[of] p1a: Snorlax
|
|-heal|p1a: Snorlax|82/100|[from] item: Leftovers
|upkeep
|turn|7
|
|t:|1782649990
|switch|p1a: Incineroar|Incineroar, L50, F|8/100
|-ability|p1a: Incineroar|Intimidate|boost
|-unboost|p2a: Incineroar|atk|1
|-unboost|p2b: Ceruledge|atk|1
|move|p1b: Gengar|Protect|p1b: Gengar
|-singleturn|p1b: Gengar|Protect
|move|p2b: Ceruledge|Shadow Sneak|p1b: Gengar
|-activate|p1b: Gengar|move: Protect
|move|p2a: Incineroar|Throat Chop|p1b: Gengar
|-activate|p1b: Gengar|move: Protect
|
|-end|p2b: Ceruledge|move: Yawn|[silent]
|-status|p2b: Ceruledge|slp
|upkeep
|turn|8
|-message|testy223345 forfeited.
|
|win|GrovyleSSJ
|raw|GrovyleSSJ's rating: 1378 → 1394(+16 for winning)
|raw|testy223345's rating: 1316 → 1300(-16 for losing)
|l|☆testy223345
|player|p2|
