|j|☆pupusaeater
|j|☆psychic system
|html|pupusaeaterpsychic system    
|uhtml|bestof|Game 2 of a best-of-3
|t:|1757785089
|gametype|doubles
|player|p1|pupusaeater|265|1056
|player|p2|psychic system|dawn|1016
|gen|9
|tier|[Gen 9] VGC 2025 Reg H (Bo3)
|rated|
|rule|Species Clause: Limit one of each Pokémon
|rule|Item Clause: Limit 1 of each item
|clearpoke
|poke|p1|Dragonite, L50, M|
|poke|p1|Sneasler, L50, M|
|poke|p1|Rillaboom, L50, F|
|poke|p1|Gholdengo, L50|
|poke|p1|Incineroar, L50, F|
|poke|p1|Ursaluna-Bloodmoon, L50, M|
|poke|p2|Maushold, L50|
|poke|p2|Basculegion, L50, M|
|poke|p2|Electabuzz, L50, F|
|poke|p2|Rillaboom, L50, F|
|poke|p2|Volcarona, L50, F|
|poke|p2|Annihilape, L50, M|
|teampreview|4
|showteam|p1|Dragonite||LoadedDice|Multiscale|ScaleShot,ExtremeSpeed,Haze,Protect|||M|||50|,,,,,Normal]Sneasler||FocusSash|PoisonTouch|CloseCombat,DireClaw,FakeOut,Coaching|||M|||50|,,,,,Stellar]Rillaboom||AssaultVest|GrassySurge|WoodHammer,GrassyGlide,HighHorsepower,FakeOut|||F|||50|,,,,,Fire]Gholdengo||LifeOrb|GoodasGold|MakeItRain,ShadowBall,NastyPlot,Protect||||||50|,,,,,Water]Incineroar||SafetyGoggles|Intimidate|FlareBlitz,KnockOff,FakeOut,PartingShot|||F|||50|,,,,,Ghost]Ursaluna-Bloodmoon||Leftovers|MindsEye|BloodMoon,EarthPower,CalmMind,Protect|||M|||50|,,,,,Ground
|showteam|p2|Maushold||SafetyGoggles|FriendGuard|BeatUp,FollowMe,Taunt,Protect||||||50|,,,,,Normal]Basculegion||ChoiceScarf|Adaptability|WaveCrash,AquaJet,LastRespects,FlipTurn|||M|||50|,,,,,Water]Electabuzz||Eviolite|VitalSpirit|Electroweb,Taunt,FollowMe,Protect|||F|||50|,,,,,Ghost]Rillaboom||AssaultVest|GrassySurge|WoodHammer,GrassyGlide,HighHorsepower,FakeOut|||F|||50|,,,,,Fire]Volcarona||CovertCloak|FlameBody|HeatWave,TeraBlast,QuiverDance,Protect|||F|||50|,,,,,Fairy]Annihilape||Leftovers|Defiant|DrainPunch,RageFist,BulkUp,Protect|||M|||50|,,,,,Water
|inactive|Battle timer is ON: inactive players will automatically lose when time's up. (requested by pupusaeater)
|inactive|pupusaeater has 60 seconds left.
|
|t:|1757785120
|teamsize|p1|4
|teamsize|p2|4
|start
|switch|p1a: Gholdengo|Gholdengo, L50|100/100
|switch|p1b: Ursaluna|Ursaluna-Bloodmoon, L50, M|100/100
|switch|p2a: Maushold|Maushold, L50|100/100
|switch|p2b: Annihilape|Annihilape, L50, M|100/100
|turn|1
|
|t:|1757785136
|move|p2a: Maushold|Follow Me|p2a: Maushold
|-singleturn|p2a: Maushold|move: Follow Me
|move|p2b: Annihilape|Drain Punch|p1b: Ursaluna
|-supereffective|p1b: Ursaluna
|-damage|p1b: Ursaluna|53/100
|move|p1a: Gholdengo|Make It Rain|p2b: Annihilape|[spread] p2a,p2b
|-damage|p2a: Maushold|24/100
|-damage|p2b: Annihilape|60/100
|-unboost|p1a: Gholdengo|spa|1
|-damage|p1a: Gholdengo|91/100|[from] item: Life Orb
|move|p1b: Ursaluna|Blood Moon|p2a: Maushold
|-damage|p2a: Maushold|0 fnt
|faint|p2a: Maushold
|
|-heal|p2b: Annihilape|66/100|[from] item: Leftovers
|-heal|p1b: Ursaluna|59/100|[from] item: Leftovers
|upkeep
|
|t:|1757785153
|switch|p2a: Electabuzz|Electabuzz, L50, F|100/100
|turn|2
|
|t:|1757785176
|move|p2a: Electabuzz|Follow Me|p2a: Electabuzz
|-singleturn|p2a: Electabuzz|move: Follow Me
|move|p2b: Annihilape|Drain Punch|p1b: Ursaluna
|-supereffective|p1b: Ursaluna
|-damage|p1b: Ursaluna|13/100
|-heal|p2b: Annihilape|90/100|[from] drain|[of] p1b: Ursaluna
|move|p1a: Gholdengo|Make It Rain|p2b: Annihilape|[spread] p2a,p2b
|-resisted|p2a: Electabuzz
|-damage|p2a: Electabuzz|84/100
|-damage|p2b: Annihilape|53/100
|-unboost|p1a: Gholdengo|spa|1
|-damage|p1a: Gholdengo|81/100|[from] item: Life Orb
|move|p1b: Ursaluna|Earth Power|p2a: Electabuzz
|-supereffective|p2a: Electabuzz
|-damage|p2a: Electabuzz|0 fnt
|faint|p2a: Electabuzz
|
|-heal|p2b: Annihilape|59/100|[from] item: Leftovers
|-heal|p1b: Ursaluna|19/100|[from] item: Leftovers
|upkeep
|
|t:|1757785194
|switch|p2a: Basculegion|Basculegion, L50, M|100/100
|turn|3
|
|t:|1757785205
|move|p1a: Gholdengo|Protect|p1a: Gholdengo
|-singleturn|p1a: Gholdengo|Protect
|move|p1b: Ursaluna|Protect|p1b: Ursaluna
|-singleturn|p1b: Ursaluna|Protect
|move|p2a: Basculegion|Last Respects|p1a: Gholdengo
|-activate|p1a: Gholdengo|move: Protect
|move|p2b: Annihilape|Drain Punch|p1b: Ursaluna
|-activate|p1b: Ursaluna|move: Protect
|
|-heal|p2b: Annihilape|65/100|[from] item: Leftovers
|-heal|p1b: Ursaluna|25/100|[from] item: Leftovers
|upkeep
|turn|4
|inactive|pupusaeater has 30 seconds left.
|inactive|pupusaeater has 20 seconds left.
|inactive|pupusaeater has 15 seconds left.
|
|t:|1757785249
|switch|p1a: Glo|Rillaboom, L50, F|100/100
|-fieldstart|move: Grassy Terrain|[from] ability: Grassy Surge|[of] p1a: Glo
|move|p2a: Basculegion|Last Respects|p1a: Glo
|-damage|p1a: Glo|16/100
|move|p2b: Annihilape|Drain Punch|p1b: Ursaluna
|-supereffective|p1b: Ursaluna
|-crit|p1b: Ursaluna
|-damage|p1b: Ursaluna|0 fnt
|-heal|p2b: Annihilape|78/100|[from] drain|[of] p1b: Ursaluna
|faint|p1b: Ursaluna
|
|-heal|p2b: Annihilape|85/100|[from] Grassy Terrain
|-heal|p2b: Annihilape|91/100|[from] item: Leftovers
|-heal|p1a: Glo|22/100|[from] Grassy Terrain
|upkeep
|inactive|pupusaeater has 30 seconds left.
|inactive|pupusaeater has 20 seconds left.
|
|t:|1757785285
|switch|p1b: Mamalona|Dragonite, L50, M, shiny|100/100
|turn|5
|
|t:|1757785295
|move|p1a: Glo|Grassy Glide|p2a: Basculegion
|-supereffective|p2a: Basculegion
|-damage|p2a: Basculegion|8/100
|move|p2a: Basculegion|Last Respects|p1a: Glo
|-damage|p1a: Glo|0 fnt
|faint|p1a: Glo
|move|p2b: Annihilape|Bulk Up|p2b: Annihilape
|-boost|p2b: Annihilape|atk|1
|-boost|p2b: Annihilape|def|1
|move|p1b: Mamalona|Scale Shot|p2a: Basculegion
|-damage|p2a: Basculegion|0 fnt
|faint|p2a: Basculegion
|-hitcount|p2: Basculegion|1
|-unboost|p1b: Mamalona|def|1
|-boost|p1b: Mamalona|spe|1
|
|-heal|p2b: Annihilape|97/100|[from] Grassy Terrain
|-heal|p2b: Annihilape|100/100|[from] item: Leftovers
|upkeep
|
|t:|1757785316
|switch|p1a: Gholdengo|Gholdengo, L50|81/100
|turn|6
|
|t:|1757785328
|-terastallize|p2b: Annihilape|Water
|-terastallize|p1a: Gholdengo|Water
|move|p1b: Mamalona|Haze|p1b: Mamalona
|-clearallboost
|move|p2b: Annihilape|Rage Fist|p1a: Gholdengo
|-damage|p1a: Gholdengo|25/100
|move|p1a: Gholdengo|Shadow Ball|p2b: Annihilape
|-damage|p2b: Annihilape|50/100
|-damage|p1a: Gholdengo|16/100|[from] item: Life Orb
|
|-heal|p2b: Annihilape|56/100|[from] Grassy Terrain
|-heal|p2b: Annihilape|63/100|[from] item: Leftovers
|-heal|p1a: Gholdengo|22/100|[from] Grassy Terrain
|upkeep
|turn|7
|inactive|psychic system has 30 seconds left.
|
|t:|1757785356
|move|p2b: Annihilape|Protect|p2b: Annihilape
|-singleturn|p2b: Annihilape|Protect
|move|p1b: Mamalona|Scale Shot|p2b: Annihilape
|-activate|p2b: Annihilape|move: Protect
|move|p1a: Gholdengo|Shadow Ball|p2b: Annihilape
|-activate|p2b: Annihilape|move: Protect
|
|-heal|p2b: Annihilape|69/100|[from] Grassy Terrain
|-heal|p2b: Annihilape|75/100|[from] item: Leftovers
|-heal|p1a: Gholdengo|27/100|[from] Grassy Terrain
|upkeep
|turn|8
|
|t:|1757785368
|move|p2b: Annihilape|Bulk Up|p2b: Annihilape
|-boost|p2b: Annihilape|atk|1
|-boost|p2b: Annihilape|def|1
|move|p1b: Mamalona|Scale Shot|p2b: Annihilape|[miss]
|-miss|p1b: Mamalona|p2b: Annihilape
|move|p1a: Gholdengo|Shadow Ball|p2b: Annihilape
|-crit|p2b: Annihilape
|-damage|p2b: Annihilape|0 fnt
|faint|p2b: Annihilape
|-damage|p1a: Gholdengo|18/100|[from] item: Life Orb
|
|win|pupusaeater
|raw|pupusaeater's rating: 1056 → 1084(+28 for winning)
|raw|psychic system's rating: 1016 → 1005(-11 for losing)
|c|☆pupusaeater|gg
