|j|☆JulesRen
|j|☆moth.o
|html|JulesRenmoth.o    
|uhtml|bestof|Game 2 of a best-of-3
|t:|1756586213
|gametype|doubles
|player|p1|JulesRen|2|1072
|player|p2|moth.o|roxie|1098
|gen|9
|tier|[Gen 9] VGC 2025 Reg H (Bo3)
|rated|
|rule|Species Clause: Limit one of each Pokémon
|rule|Item Clause: Limit 1 of each item
|clearpoke
|poke|p1|Sneasler, L50, M|
|poke|p1|Garchomp, L50, F|
|poke|p1|Tyranitar, L50, F|
|poke|p1|Murkrow, L50, M|
|poke|p1|Farigiraf, L50, F|
|poke|p1|Ursaluna-Bloodmoon, L50, M|
|poke|p2|Arcanine-Hisui, L50, F|
|poke|p2|Indeedee-F, L50, F|
|poke|p2|Gallade, L50, M|
|poke|p2|Gholdengo, L50|
|poke|p2|Whimsicott, L50, F|
|poke|p2|Hydreigon, L50, F|
|teampreview|4
|showteam|p1|Sneasler||WhiteHerb|Unburden|DireClaw,CloseCombat,ThroatChop,Protect|||M|||50|,,,,,Dark]Garchomp||BrightPowder|SandVeil|Protect,Earthquake,StompingTantrum,DragonClaw|||F|||50|,,,,,Fire]Tyranitar||AssaultVest|SandStream|RockSlide,TeraBlast,KnockOff,LowKick|||F|||50|,,,,,Flying]Murkrow||Eviolite|Prankster|Tailwind,FoulPlay,Haze,Taunt|||M|||50|,,,,,Dark]Farigiraf||ThroatSpray|ArmorTail|HyperVoice,Imprison,Psychic,TrickRoom|||F|||50|,,,,,Fairy]Ursaluna-Bloodmoon||FocusSash|MindsEye|BloodMoon,HyperVoice,EarthPower,Protect|||M|||50|,,,,,Normal
|showteam|p2|Arcanine-Hisui||SafetyGoggles|Intimidate|Protect,RockSlide,FlareBlitz,ExtremeSpeed|||F|||50|,,,,,Fairy]Indeedee-F||SitrusBerry|PsychicSurge|TrickRoom,FollowMe,Psychic,HelpingHand|||F|||50|,,,,,Fairy]Gallade||LifeOrb|Sharpness|Protect,NightSlash,SacredSword,PsychoCut|||M|||50|,,,,,Grass]Gholdengo||ChoiceSpecs|GoodasGold|Trick,ShadowBall,MakeItRain,PowerGem||||||50|,,,,,Water]Whimsicott||CovertCloak|Prankster|SunnyDay,Moonblast,Encore,Tailwind|||F|||50|,,,,,Dark]Hydreigon||AssaultVest|Levitate|Uturn,Snarl,DarkPulse,DracoMeteor|||F|||50|,,,,,Ghost
|
|t:|1756586259
|teamsize|p1|4
|teamsize|p2|4
|start
|switch|p1a: Ursaluna|Ursaluna-Bloodmoon, L50, M|100/100
|switch|p1b: Murkrow|Murkrow, L50, M|100/100
|switch|p2a: Tesorero|Gholdengo, L50|100/100
|switch|p2b: Triquiñuela|Whimsicott, L50, F, shiny|100/100
|turn|1
|
|t:|1756586288
|move|p2b: Triquiñuela|Tailwind|p2b: Triquiñuela
|-sidestart|p2: moth.o|move: Tailwind
|move|p1b: Murkrow|Tailwind|p1b: Murkrow
|-sidestart|p1: JulesRen|move: Tailwind
|move|p2a: Tesorero|Make It Rain|p1b: Murkrow|[spread] p1a,p1b
|-enditem|p1a: Ursaluna|Focus Sash
|-damage|p1a: Ursaluna|1/100
|-damage|p1b: Murkrow|37/100
|-unboost|p2a: Tesorero|spa|1
|move|p1a: Ursaluna|Earth Power|p2a: Tesorero
|-supereffective|p2a: Tesorero
|-damage|p2a: Tesorero|0 fnt
|faint|p2a: Tesorero
|
|upkeep
|
|t:|1756586305
|switch|p2a: Galantería|Gallade, L50, M, shiny|100/100
|turn|2
|
|t:|1756586340
|move|p1a: Ursaluna|Protect|p1a: Ursaluna
|-singleturn|p1a: Ursaluna|Protect
|move|p1b: Murkrow|Taunt|p2b: Triquiñuela
|-start|p2b: Triquiñuela|move: Taunt
|move|p2b: Triquiñuela|Moonblast|p1b: Murkrow
|-supereffective|p1b: Murkrow
|-damage|p1b: Murkrow|0 fnt
|faint|p1b: Murkrow
|move|p2a: Galantería|Sacred Sword|p1a: Ursaluna
|-activate|p1a: Ursaluna|move: Protect
|
|upkeep
|
|t:|1756586347
|switch|p1b: Tyranitar|Tyranitar, L50, F|100/100
|-weather|Sandstorm|[from] ability: Sand Stream|[of] p1b: Tyranitar
|turn|3
|
|t:|1756586383
|-terastallize|p1b: Tyranitar|Flying
|move|p2b: Triquiñuela|Moonblast|p1b: Tyranitar
|-damage|p1b: Tyranitar|81/100
|move|p2a: Galantería|Psycho Cut|p1b: Tyranitar
|-damage|p1b: Tyranitar|12/100
|-damage|p2a: Galantería|91/100|[from] item: Life Orb
|move|p1a: Ursaluna|Hyper Voice|p2a: Galantería|[spread] p2a,p2b
|-damage|p2a: Galantería|48/100
|-damage|p2b: Triquiñuela|44/100
|move|p1b: Tyranitar|Rock Slide|p2a: Galantería|[spread] p2a,p2b
|-resisted|p2a: Galantería
|-damage|p2a: Galantería|24/100
|-damage|p2b: Triquiñuela|9/100
|
|-weather|Sandstorm|[upkeep]
|-damage|p2b: Triquiñuela|4/100|[from] Sandstorm
|-damage|p2a: Galantería|18/100|[from] Sandstorm
|-damage|p1b: Tyranitar|6/100|[from] Sandstorm
|upkeep
|turn|4
|
|t:|1756586421
|switch|p2b: Fenrir|Arcanine-Hisui, L50, F|100/100
|-ability|p2b: Fenrir|Intimidate|boost
|-unboost|p1a: Ursaluna|atk|1
|-unboost|p1b: Tyranitar|atk|1
|move|p1a: Ursaluna|Protect|p1a: Ursaluna
|-singleturn|p1a: Ursaluna|Protect
|move|p2a: Galantería|Sacred Sword|p1b: Tyranitar
|-resisted|p1b: Tyranitar
|-damage|p1b: Tyranitar|0 fnt
|faint|p1b: Tyranitar
|-damage|p2a: Galantería|8/100|[from] item: Life Orb
|
|-weather|Sandstorm|[upkeep]
|-damage|p2a: Galantería|3/100|[from] Sandstorm
|-sideend|p2: moth.o|move: Tailwind
|-sideend|p1: JulesRen|move: Tailwind
|upkeep
|
|t:|1756586430
|switch|p1b: Garchomp|Garchomp, L50, F|100/100
|turn|5
|
|t:|1756586461
|-terastallize|p2b: Fenrir|Fairy
|move|p2b: Fenrir|Extreme Speed|p1a: Ursaluna
|-damage|p1a: Ursaluna|0 fnt
|faint|p1a: Ursaluna
|move|p1b: Garchomp|Earthquake|p2a: Galantería|[spread] p2a,p2b
|-damage|p2a: Galantería|0 fnt
|-damage|p2b: Fenrir|49/100
|faint|p2a: Galantería
|
|-weather|Sandstorm|[upkeep]
|upkeep
|
|t:|1756586473
|switch|p2a: Triquiñuela|Whimsicott, L50, F, shiny|4/100
|turn|6
|
|t:|1756586486
|move|p2b: Fenrir|Extreme Speed|p1b: Garchomp|[miss]
|-miss|p2b: Fenrir|p1b: Garchomp
|move|p2a: Triquiñuela|Moonblast|p1b: Garchomp|[miss]
|-miss|p2a: Triquiñuela|p1b: Garchomp
|move|p1b: Garchomp|Earthquake|p2a: Triquiñuela|[spread] p2a,p2b
|-resisted|p2a: Triquiñuela
|-damage|p2a: Triquiñuela|0 fnt
|-damage|p2b: Fenrir|0 fnt
|faint|p2a: Triquiñuela
|faint|p2b: Fenrir
|
|win|JulesRen
|raw|JulesRen's rating: 1072 → 1103(+31 for winning)
|raw|moth.o's rating: 1098 → 1071(-27 for losing)
|l|☆moth.o
|player|p2|
