|j|‽ilovepyroar
|j|☆akucintaindonesia
|html|ilovepyroarakucintaindonesia    
|uhtml|bestof|Game 1 of a best-of-3
|t:|1783312931
|gametype|doubles
|player|p1|ilovepyroar|101|1076
|player|p2|akucintaindonesia|266|1039
|gen|9
|tier|[Gen 9 Champions] VGC 2026 Reg M-B (Bo3)
|rated|
|rule|Species Clause: Limit one of each Pokémon
|rule|Item Clause: Limit 1 of each item
|clearpoke
|poke|p1|Gengar, L50, M|
|poke|p1|Scrafty, L50, F|
|poke|p1|Snorlax, L50, M|
|poke|p1|Incineroar, L50, M|
|poke|p1|Ninetales-Alola, L50, F|
|poke|p1|Dragonite, L50, F|
|poke|p2|Incineroar, L50, F|
|poke|p2|Farigiraf, L50, M|
|poke|p2|Quaquaval, L50, F|
|poke|p2|Zoroark-Hisui, L50, M|
|poke|p2|Dragonite, L50, F|
|poke|p2|Metagross, L50|
|teampreview|4
|showteam|p1|Gengar||Gengarite|CursedBody|Protect,PerishSong,SludgeBomb,ShadowBall|Modest||M|||50|]Scrafty||Scraftinite|Intimidate|Protect,CloseCombat,FakeOut,KnockOff|Careful||F|||50|]Snorlax||Leftovers|ThickFat|Protect,DoubleEdge,Yawn,HighHorsepower|Relaxed||M|||50|]Incineroar||SitrusBerry|Intimidate|Protect,FakeOut,FlareBlitz,PartingShot|Relaxed||M|||50|]Ninetales-Alola||FocusSash|SnowWarning|Protect,Encore,Disable,Blizzard|Timid||F|||50|]Dragonite||DragonFang|Multiscale|Protect,DragonClaw,LowKick,ExtremeSpeed|Adamant||F|||50|
|showteam|p2|Incineroar||ChopleBerry|Intimidate|FakeOut,PartingShot,FlareBlitz,ThroatChop|Impish||F|||50|]Farigiraf||SitrusBerry|ArmorTail|Protect,Psychic,HyperVoice,TrickRoom|Bold||M|||50|]Quaquaval||LifeOrb|Moxie|AquaStep,CloseCombat,Protect,TripleAxel|Jolly||F|||50|]Zoroark-Hisui||FocusSash|Illusion|HyperVoice,BitterMalice,Snarl,Protect|Timid||M|||50|]Dragonite||Dragoninite|Multiscale|DracoMeteor,DragonPulse,AirSlash,Protect|Bold||F|||50|]Metagross||Metagrossite|ClearBody|MeteorMash,PsychicFangs,Protect,BulletPunch|Careful|||||50|
|inactive|Battle timer is ON: inactive players will automatically lose when time's up. (requested by ilovepyroar)
|inactive|akucintaindonesia has 60 seconds left.
|
|t:|1783313031
|teamsize|p1|4
|teamsize|p2|4
|start
|switch|p1a: Scrafty|Scrafty, L50, F|100/100
|switch|p1b: Ninetales|Ninetales-Alola, L50, F|100/100
|switch|p2a: Dragonite|Dragonite, L50, F|100/100
|switch|p2b: Incineroar|Incineroar, L50, F|100/100
|-weather|Snowscape|[from] ability: Snow Warning|[of] p1b: Ninetales
|-ability|p2b: Incineroar|Intimidate|boost
|-unboost|p1a: Scrafty|atk|1
|-unboost|p1b: Ninetales|atk|1
|-ability|p1a: Scrafty|Intimidate|boost
|-unboost|p2a: Dragonite|atk|1
|-unboost|p2b: Incineroar|atk|1
|turn|1
|
|t:|1783313046
|switch|p1a: Incineroar|Incineroar, L50, M|100/100
|-ability|p1a: Incineroar|Intimidate|boost
|-unboost|p2a: Dragonite|atk|1
|-unboost|p2b: Incineroar|atk|1
|move|p1b: Ninetales|Protect|p1b: Ninetales
|-singleturn|p1b: Ninetales|Protect
|move|p2b: Incineroar|Fake Out|p1b: Ninetales
|-activate|p1b: Ninetales|move: Protect
|move|p2a: Dragonite|Snarl|p1a: Incineroar|[spread] p1a
|-activate|p1b: Ninetales|move: Protect
|-resisted|p1a: Incineroar|1
|-damage|p1a: Incineroar|94/100
|-unboost|p1a: Incineroar|spa|1
|
|-weather|Snowscape|[upkeep]
|upkeep
|turn|2
|inactive|ilovepyroar has 30 seconds left.
|
|t:|1783313074
|move|p1a: Incineroar|Fake Out|p2a: Dragonite
|-immune|p2a: Dragonite
|move|p2a: Dragonite|Snarl|p1b: Ninetales|[spread] p1a,p1b
|-resisted|p1a: Incineroar|1
|-resisted|p1b: Ninetales|1
|-damage|p1a: Incineroar|89/100
|-damage|p1b: Ninetales|91/100
|-unboost|p1a: Incineroar|spa|1
|-unboost|p1b: Ninetales|spa|1
|move|p1b: Ninetales|Encore|p2b: Incineroar
|-start|p2b: Incineroar|Encore
|move|p2b: Incineroar|Fake Out||[still]
|-hint|Fake Out only works on your first turn out.
|-fail|p2b: Incineroar
|
|-weather|Snowscape|[upkeep]
|upkeep
|turn|3
|inactive|akucintaindonesia has 30 seconds left.
|
|t:|1783313101
|switch|p2b: Quaquaval|Quaquaval, L50, F|100/100
|move|p2a: Dragonite|Snarl|p1a: Incineroar|[spread] p1a,p1b
|-resisted|p1a: Incineroar|1
|-resisted|p1b: Ninetales|1
|-damage|p1a: Incineroar|84/100
|-damage|p1b: Ninetales|83/100
|-unboost|p1a: Incineroar|spa|1
|-unboost|p1b: Ninetales|spa|1
|move|p1b: Ninetales|Blizzard|p2a: Dragonite|[spread] p2a,p2b
|-resisted|p2b: Quaquaval|1
|-damage|p2a: Dragonite|69/100
|-damage|p2b: Quaquaval|90/100
|replace|p2a: Zoroark|Zoroark-Hisui, L50, M
|-end|p2a: Zoroark|Illusion
|move|p1a: Incineroar|Flare Blitz|p2a: Zoroark
|-damage|p2a: Zoroark|0 fnt
|faint|p2a: Zoroark
|-damage|p1a: Incineroar|69/100|[from] Recoil
|
|-weather|Snowscape|[upkeep]
|upkeep
|
|t:|1783313114
|switch|p2a: Incineroar|Incineroar, L50, F|100/100
|-ability|p2a: Incineroar|Intimidate|boost
|-unboost|p1a: Incineroar|atk|1
|-unboost|p1b: Ninetales|atk|1
|turn|4
|
|t:|1783313120
|switch|p1a: Dragonite|Dragonite, L50, F|100/100
|move|p1b: Ninetales|Protect|p1b: Ninetales
|-singleturn|p1b: Ninetales|Protect
|move|p2a: Incineroar|Fake Out|p1b: Ninetales
|-activate|p1b: Ninetales|move: Protect
|move|p2b: Quaquaval|Aqua Step|p1a: Dragonite
|-resisted|p1a: Dragonite|1
|-damage|p1a: Dragonite|84/100
|-boost|p2b: Quaquaval|spe|1
|-damage|p2b: Quaquaval|80/100|[from] item: Life Orb
|
|-weather|Snowscape|[upkeep]
|upkeep
|turn|5
|
|t:|1783313131
|switch|p1a: Incineroar|Incineroar, L50, M|69/100
|-ability|p1a: Incineroar|Intimidate|boost
|-unboost|p2a: Incineroar|atk|1
|-unboost|p2b: Quaquaval|atk|1
|move|p2b: Quaquaval|Triple Axel|p1a: Incineroar
|-resisted|p1a: Incineroar|1
|-damage|p1a: Incineroar|67/100
|-resisted|p1a: Incineroar|1
|-damage|p1a: Incineroar|62/100
|-resisted|p1a: Incineroar|1
|-damage|p1a: Incineroar|56/100
|-hitcount|p1a: Incineroar|3
|-damage|p2b: Quaquaval|70/100|[from] item: Life Orb
|move|p1b: Ninetales|Encore|p2a: Incineroar
|-start|p2a: Incineroar|Encore
|move|p2a: Incineroar|Fake Out||[still]
|-hint|Fake Out only works on your first turn out.
|-fail|p2a: Incineroar
|
|-weather|none
|upkeep
|turn|6
|
|t:|1783313150
|switch|p1b: Dragonite|Dragonite, L50, F|84/100
|switch|p2a: Dragonite|Dragonite, L50, F|100/100
|switch|p1a: Scrafty|Scrafty, L50, F|100/100
|-ability|p1a: Scrafty|Intimidate|boost
|-unboost|p2a: Dragonite|atk|1
|-unboost|p2b: Quaquaval|atk|1
|move|p2b: Quaquaval|Aqua Step|p1b: Dragonite
|-resisted|p1b: Dragonite|1
|-damage|p1b: Dragonite|68/100
|-boost|p2b: Quaquaval|spe|1
|-damage|p2b: Quaquaval|60/100|[from] item: Life Orb
|
|upkeep
|turn|7
|inactive|ilovepyroar has 30 seconds left.
|
|t:|1783313178
|switch|p1b: Incineroar|Incineroar, L50, M|56/100
|-ability|p1b: Incineroar|Intimidate|boost
|-unboost|p2a: Dragonite|atk|1
|-unboost|p2b: Quaquaval|atk|1
|detailschange|p1a: Scrafty|Scrafty-Mega, L50, F
|-mega|p1a: Scrafty|Scrafty|Scraftinite
|-ability|p1a: Scrafty|Intimidate|boost
|-unboost|p2a: Dragonite|atk|1
|-unboost|p2b: Quaquaval|atk|1
|move|p2a: Dragonite|Protect|p2a: Dragonite
|-singleturn|p2a: Dragonite|Protect
|move|p2b: Quaquaval|Close Combat|p1a: Scrafty
|-supereffective|p1a: Scrafty|1
|-damage|p1a: Scrafty|58/100
|-unboost|p2b: Quaquaval|def|1
|-unboost|p2b: Quaquaval|spd|1
|-damage|p2b: Quaquaval|50/100g|[from] item: Life Orb
|move|p1a: Scrafty|Close Combat|p2b: Quaquaval
|-damage|p2b: Quaquaval|0 fnt
|-unboost|p1a: Scrafty|def|1
|-unboost|p1a: Scrafty|spd|1
|faint|p2b: Quaquaval
|
|upkeep
|
|t:|1783313196
|switch|p2b: Incineroar|Incineroar, L50, F|100/100
|-ability|p2b: Incineroar|Intimidate|boost
|-unboost|p1a: Scrafty|atk|1
|-unboost|p1b: Incineroar|atk|1
|turn|8
|
|t:|1783313210
|switch|p1a: Ninetales|Ninetales-Alola, L50, F|83/100
|-weather|Snowscape|[from] ability: Snow Warning|[of] p1a: Ninetales
|detailschange|p2a: Dragonite|Dragonite-Mega, L50, F
|-mega|p2a: Dragonite|Dragonite|Dragoninite
|move|p2b: Incineroar|Fake Out|p1b: Incineroar
|-damage|p1b: Incineroar|47/100
|-enditem|p1b: Incineroar|Sitrus Berry|[eat]
|-heal|p1b: Incineroar|72/100|[from] item: Sitrus Berry
|move|p2a: Dragonite|Air Slash|p1a: Ninetales
|-damage|p1a: Ninetales|35/100
|cant|p1b: Incineroar|flinch
|
|-weather|Snowscape|[upkeep]
|upkeep
|turn|9
|-message|akucintaindonesia forfeited.
|raw|ilovepyroar's rating: 1076 → 1102(+26 for winning)
|raw|akucintaindonesia's rating: 1039 → 1025(-14 for losing)
|
|win|ilovepyroar
|l|☆akucintaindonesia
|player|p2|
