|j|☆terapagos theme
|j|☆PaniniWeenie
|html|terapagos themePaniniWeenie    
|uhtml|bestof|Game 2 of a best-of-3
|t:|1755989928
|gametype|doubles
|player|p1|terapagos theme|liko|1278
|player|p2|PaniniWeenie|pokemaniac|1319
|gen|9
|tier|[Gen 9] VGC 2025 Reg H (Bo3)
|rated|
|rule|Species Clause: Limit one of each Pokémon
|rule|Item Clause: Limit 1 of each item
|clearpoke
|poke|p1|Charizard, L50, F|
|poke|p1|Torkoal, L50, M|
|poke|p1|Porygon2, L50|
|poke|p1|Incineroar, L50, F|
|poke|p1|Jumpluff, L50, F|
|poke|p1|Ursaluna, L50, M|
|poke|p2|Sneasler, L50, M|
|poke|p2|Volcarona, L50, F|
|poke|p2|Dragonite, L50, M|
|poke|p2|Rillaboom, L50, M|
|poke|p2|Electabuzz, L50, F|
|poke|p2|Kingambit, L50, F|
|teampreview|4
|showteam|p1|Charizard||ChoiceSpecs|SolarPower|HeatWave,Overheat,WeatherBall,AirSlash|||F|||50|,,,,,Ghost]Torkoal||EjectPack|Drought|Eruption,Overheat,HelpingHand,Protect|||M|||50|,,,,,Fire]Porygon2||Eviolite|Download|TeraBlast,IceBeam,Recover,TrickRoom||||||50|,,,,,Fighting]Incineroar||SitrusBerry|Intimidate|FlareBlitz,KnockOff,FakeOut,PartingShot|||F|||50|,,,,,Ghost]Jumpluff||CovertCloak|Chlorophyll|SleepPowder,SunnyDay,RagePowder,Tailwind|||F|||50|,,,,,Water]Ursaluna||FlameOrb|Guts|HeadlongRush,Facade,Earthquake,Protect|||M|||50|,,,,,Ghost
|showteam|p2|Sneasler||FocusSash|Unburden|DireClaw,CloseCombat,Coaching,FakeOut|||M|||50|,,,,,Stellar]Volcarona||Leftovers|FlameBody|HeatWave,QuiverDance,Protect,TeraBlast|||F|||50|,,,,,Fairy]Dragonite||LoadedDice|Multiscale|ScaleShot,ExtremeSpeed,Haze,Protect|||M|||50|,,,,,Steel]Rillaboom||AssaultVest|GrassySurge|WoodHammer,GrassyGlide,HighHorsepower,FakeOut|||M|||50|,,,,,Fire]Electabuzz||Eviolite|VitalSpirit|FollowMe,Thunderbolt,Taunt,Protect|||F|||50|,,,,,Dragon]Kingambit||BlackGlasses|Defiant|KowtowCleave,SuckerPunch,SwordsDance,Protect|||F|||50|,,,,,Dark
|inactive|Battle timer is ON: inactive players will automatically lose when time's up. (requested by terapagos theme)
|
|t:|1755989957
|teamsize|p1|4
|teamsize|p2|4
|start
|switch|p1a: Snoop Dog|Torkoal, L50, M, shiny|100/100
|switch|p1b: La Mari|Jumpluff, L50, F|100/100
|switch|p2a: Electabuzz|Electabuzz, L50, F|100/100
|switch|p2b: Volcarona|Volcarona, L50, F|100/100
|-weather|SunnyDay|[from] ability: Drought|[of] p1a: Snoop Dog
|turn|1
|
|t:|1755989971
|move|p2a: Electabuzz|Follow Me|p2a: Electabuzz
|-singleturn|p2a: Electabuzz|move: Follow Me
|move|p1b: La Mari|Sleep Powder|p2a: Electabuzz|[miss]
|-miss|p1b: La Mari|p2a: Electabuzz
|move|p2b: Volcarona|Quiver Dance|p2b: Volcarona
|-boost|p2b: Volcarona|spa|1
|-boost|p2b: Volcarona|spd|1
|-boost|p2b: Volcarona|spe|1
|move|p1a: Snoop Dog|Overheat|p2a: Electabuzz
|-damage|p2a: Electabuzz|31/100
|-unboost|p1a: Snoop Dog|spa|2
|-enditem|p1a: Snoop Dog|Eject Pack
|
|t:|1755989981
|switch|p1a: Escandaloso|Ursaluna, L50, M|100/100
|
|-weather|SunnyDay|[upkeep]
|-status|p1a: Escandaloso|brn|[from] item: Flame Orb
|upkeep
|turn|2
|
|t:|1755989990
|move|p2b: Volcarona|Protect|p2b: Volcarona
|-singleturn|p2b: Volcarona|Protect
|move|p2a: Electabuzz|Protect|p2a: Electabuzz
|-singleturn|p2a: Electabuzz|Protect
|move|p1b: La Mari|Tailwind|p1b: La Mari
|-sidestart|p1: terapagos theme|move: Tailwind
|move|p1a: Escandaloso|Earthquake|p2b: Volcarona|[spread] 
|-activate|p2a: Electabuzz|move: Protect
|-activate|p2b: Volcarona|move: Protect
|-immune|p1b: La Mari
|
|-weather|SunnyDay|[upkeep]
|-damage|p1a: Escandaloso|95/100 brn|[from] brn
|upkeep
|turn|3
|
|t:|1755990006
|move|p2a: Electabuzz|Follow Me|p2a: Electabuzz
|-singleturn|p2a: Electabuzz|move: Follow Me
|move|p1b: La Mari|Sleep Powder|p2a: Electabuzz
|-immune|p2a: Electabuzz|[from] ability: Vital Spirit
|move|p2b: Volcarona|Heat Wave|p1b: La Mari|[spread] p1a,p1b
|-supereffective|p1b: La Mari
|-damage|p1a: Escandaloso|14/100 brn
|-damage|p1b: La Mari|0 fnt
|faint|p1b: La Mari
|move|p1a: Escandaloso|Earthquake|p2a: Electabuzz|[spread] p2a,p2b
|-supereffective|p2a: Electabuzz
|-crit|p2b: Volcarona
|-damage|p2a: Electabuzz|0 fnt
|-damage|p2b: Volcarona|0 fnt
|faint|p2a: Electabuzz
|faint|p2b: Volcarona
|
|-weather|SunnyDay|[upkeep]
|-damage|p1a: Escandaloso|8/100 brn|[from] brn
|upkeep
|
|t:|1755990025
|switch|p1b: Heisemberg|Porygon2, L50, shiny|100/100
|switch|p2b: Kingambit|Kingambit, L50, F|100/100
|switch|p2a: Sneasler|Sneasler, L50, M|100/100
|-ability|p1b: Heisemberg|Download|boost
|-boost|p1b: Heisemberg|spa|1
|turn|4
|inactive|terapagos theme has 30 seconds left.
|inactive|PaniniWeenie has 30 seconds left.
|inactive|PaniniWeenie has 20 seconds left.
|inactive|PaniniWeenie has 15 seconds left.
|
|t:|1755990067
|-terastallize|p1b: Heisemberg|Fighting
|-terastallize|p2b: Kingambit|Dark
|move|p2b: Kingambit|Sucker Punch|p1a: Escandaloso
|-damage|p1a: Escandaloso|0 fnt
|faint|p1a: Escandaloso
|move|p2a: Sneasler|Close Combat|p1b: Heisemberg
|-damage|p1b: Heisemberg|58/100
|-unboost|p2a: Sneasler|def|1
|-unboost|p2a: Sneasler|spd|1
|move|p1b: Heisemberg|Tera Blast|p2b: Kingambit|[anim] Tera Blast Fighting
|-supereffective|p2b: Kingambit
|-damage|p2b: Kingambit|0 fnt
|faint|p2b: Kingambit
|
|-weather|SunnyDay|[upkeep]
|upkeep
|
|t:|1755990088
|switch|p1a: Snoop Dog|Torkoal, L50, M, shiny|100/100
|turn|5
|
|t:|1755990097
|move|p2a: Sneasler|Dire Claw|p1b: Heisemberg
|-damage|p1b: Heisemberg|32/100
|move|p1a: Snoop Dog|Eruption|p2a: Sneasler
|-enditem|p2a: Sneasler|Focus Sash
|-damage|p2a: Sneasler|1/100
|move|p1b: Heisemberg|Trick Room|p1b: Heisemberg
|-fieldstart|move: Trick Room|[of] p1b: Heisemberg
|
|-weather|none
|-sideend|p1: terapagos theme|move: Tailwind
|upkeep
|turn|6
|-message|PaniniWeenie forfeited.
|
|win|terapagos theme
|raw|terapagos theme's rating: 1278 → 1306(+28 for winning)
|raw|PaniniWeenie's rating: 1319 → 1297(-22 for losing)
|l|☆PaniniWeenie
|player|p2|
|l|☆terapagos theme
|player|p1|
|j|☆terapagos theme
|player|p1|terapagos theme|liko|
