|j|☆HolgerD
|j|☆bluntmaster9000
|html|HolgerDbluntmaster9000    
|uhtml|bestof|Game 1 of a best-of-3
|t:|1757177980
|gametype|doubles
|player|p1|HolgerD|1|1380
|player|p2|bluntmaster9000|1|1286
|gen|9
|tier|[Gen 9] VGC 2025 Reg H (Bo3)
|rated|
|rule|Species Clause: Limit one of each Pokémon
|rule|Item Clause: Limit 1 of each item
|clearpoke
|poke|p1|Maushold, L50|
|poke|p1|Pelipper, L50, M|
|poke|p1|Archaludon, L50, M|
|poke|p1|Ursaluna, L50, F|
|poke|p1|Sinistcha, L50|
|poke|p1|Basculegion, L50, M|
|poke|p2|Charizard, L50, M|
|poke|p2|Porygon2, L50|
|poke|p2|Torkoal, L50, F|
|poke|p2|Jumpluff, L50, M|
|poke|p2|Ursaluna, L50, F|
|poke|p2|Annihilape, L50, F|
|teampreview|4
|showteam|p1|Maushold||WideLens|Technician|PopulationBomb,FollowMe,Taunt,Protect||||||50|,,,,,Ghost]Pelipper||FocusSash|Drizzle|Hurricane,MuddyWater,Tailwind,Protect|||M|||50|,,,,,Ghost]Archaludon||AssaultVest|Stamina|DragonPulse,ElectroShot,BodyPress,FlashCannon|||M|||50|,,,,,Bug]Ursaluna||FlameOrb|Guts|Facade,HeadlongRush,Earthquake,Protect|||F|||50|,,,,,Ghost]Sinistcha||SitrusBerry|Hospitality|MatchaGotcha,LifeDew,RagePowder,TrickRoom||||||50|,,,,,Dark]Basculegion||ChoiceBand|SwiftSwim|AquaJet,FlipTurn,LastRespects,WaveCrash|||M|||50|,,,,,Water
|showteam|p2|Charizard||ChoiceSpecs|SolarPower|HeatWave,Overheat,WeatherBall,AirSlash|||M|||50|,,,,,Ghost]Porygon2||Eviolite|Download|IceBeam,TeraBlast,TrickRoom,Recover||||||50|,,,,,Fighting]Torkoal||EjectPack|Drought|Eruption,Overheat,HelpingHand,Protect|||F|||50|,,,,,Fire]Jumpluff||CovertCloak|Chlorophyll|SleepPowder,SunnyDay,BulletSeed,Tailwind|||M|||50|,,,,,Water]Ursaluna||FlameOrb|Guts|HeadlongRush,Facade,Earthquake,Protect|||F|||50|,,,,,Ghost]Annihilape||SafetyGoggles|Defiant|RageFist,CloseCombat,Protect,Taunt|||F|||50|,,,,,Fire
|inactive|Battle timer is ON: inactive players will automatically lose when time's up. (requested by bluntmaster9000)
|inactive|HolgerD has 60 seconds left.
|inactive|bluntmaster9000 has 60 seconds left.
|
|t:|1757178028
|teamsize|p1|4
|teamsize|p2|4
|start
|switch|p1a: Maushold|Maushold, L50|100/100
|switch|p1b: Ursaluna|Ursaluna, L50, F|100/100
|switch|p2a: Jumpluff|Jumpluff, L50, M, shiny|100/100
|switch|p2b: Charizard|Charizard, L50, M, shiny|100/100
|turn|1
|inactive|bluntmaster9000 has 30 seconds left.
|inactive|bluntmaster9000 has 20 seconds left.
|
|t:|1757178065
|switch|p1b: Pelipper|Pelipper, L50, M|100/100
|-weather|RainDance|[from] ability: Drizzle|[of] p1b: Pelipper
|-terastallize|p2b: Charizard|Ghost
|move|p1a: Maushold|Population Bomb|p2a: Jumpluff
|-damage|p2a: Jumpluff|88/100
|-damage|p2a: Jumpluff|75/100
|-damage|p2a: Jumpluff|61/100
|-damage|p2a: Jumpluff|48/100
|-damage|p2a: Jumpluff|35/100
|-crit|p2a: Jumpluff
|-damage|p2a: Jumpluff|17/100
|-damage|p2a: Jumpluff|2/100
|-damage|p2a: Jumpluff|0 fnt
|faint|p2a: Jumpluff
|-hitcount|p2: Jumpluff|8
|move|p2b: Charizard|Heat Wave|p1b: Pelipper|[spread] p1a,p1b
|-resisted|p1b: Pelipper
|-damage|p1a: Maushold|64/100
|-damage|p1b: Pelipper|79/100
|
|-weather|RainDance|[upkeep]
|upkeep
|inactive|bluntmaster9000 has 30 seconds left.
|
|t:|1757178094
|switch|p2a: Annihilape|Annihilape, L50, F|100/100
|turn|2
|inactive|HolgerD has 30 seconds left.
|
|t:|1757178119
|switch|p2b: Porygon2|Porygon2, L50, shiny|100/100
|-ability|p2b: Porygon2|Download|boost
|-boost|p2b: Porygon2|spa|1
|move|p2a: Annihilape|Protect|p2a: Annihilape
|-singleturn|p2a: Annihilape|Protect
|move|p1a: Maushold|Follow Me|p1a: Maushold
|-singleturn|p1a: Maushold|move: Follow Me
|move|p1b: Pelipper|Tailwind|p1b: Pelipper
|-sidestart|p1: HolgerD|move: Tailwind
|
|-weather|RainDance|[upkeep]
|upkeep
|turn|3
|inactive|bluntmaster9000 has 30 seconds left.
|
|t:|1757178145
|move|p1a: Maushold|Taunt|p2b: Porygon2
|-start|p2b: Porygon2|move: Taunt
|move|p1b: Pelipper|Hurricane|p2a: Annihilape
|-supereffective|p2a: Annihilape
|-damage|p2a: Annihilape|8/100
|move|p2a: Annihilape|Rage Fist|p1b: Pelipper
|-damage|p1b: Pelipper|19/100
|cant|p2b: Porygon2|move: Taunt|Trick Room
|
|-weather|RainDance|[upkeep]
|upkeep
|turn|4
|
|t:|1757178167
|move|p2a: Annihilape|Protect|p2a: Annihilape
|-singleturn|p2a: Annihilape|Protect
|move|p1a: Maushold|Population Bomb|p2b: Porygon2
|-damage|p2b: Porygon2|93/100
|-damage|p2b: Porygon2|85/100
|-damage|p2b: Porygon2|77/100
|-damage|p2b: Porygon2|69/100
|-damage|p2b: Porygon2|62/100
|-damage|p2b: Porygon2|54/100
|-crit|p2b: Porygon2
|-damage|p2b: Porygon2|43/100
|-damage|p2b: Porygon2|35/100
|-damage|p2b: Porygon2|28/100
|-damage|p2b: Porygon2|20/100
|-hitcount|p2b: Porygon2|10
|move|p1b: Pelipper|Muddy Water|p2a: Annihilape|[spread] p2b
|-activate|p2a: Annihilape|move: Protect
|-damage|p2b: Porygon2|0 fnt
|faint|p2b: Porygon2
|
|-weather|RainDance|[upkeep]
|upkeep
|
|t:|1757178173
|switch|p2b: Charizard|Charizard, L50, M, shiny, tera:Ghost|100/100
|turn|5
|inactive|HolgerD has 30 seconds left.
|
|t:|1757178202
|switch|p1a: Ursaluna|Ursaluna, L50, F|100/100
|move|p2a: Annihilape|Protect||[still]
|-fail|p2a: Annihilape
|move|p1b: Pelipper|Muddy Water|p2a: Annihilape|[spread] p2b
|-miss|p1b: Pelipper|p2a: Annihilape
|-damage|p2b: Charizard|48/100
|move|p2b: Charizard|Heat Wave|p1b: Pelipper|[spread] p1a,p1b
|-resisted|p1b: Pelipper
|-damage|p1a: Ursaluna|77/100
|-damage|p1b: Pelipper|0 fnt
|faint|p1b: Pelipper
|
|-weather|none
|-sideend|p1: HolgerD|move: Tailwind
|-status|p1a: Ursaluna|brn|[from] item: Flame Orb
|upkeep
|
|t:|1757178219
|switch|p1b: Basculegion|Basculegion, L50, M|100/100
|turn|6
|
|t:|1757178253
|move|p1b: Basculegion|Aqua Jet|p2a: Annihilape
|-crit|p2a: Annihilape
|-damage|p2a: Annihilape|0 fnt
|faint|p2a: Annihilape
|move|p2b: Charizard|Heat Wave|p1b: Basculegion|[spread] p1a
|-miss|p2b: Charizard|p1b: Basculegion
|-damage|p1a: Ursaluna|32/100 brn
|move|p1a: Ursaluna|Headlong Rush|p2b: Charizard
|-damage|p2b: Charizard|0 fnt
|-unboost|p1a: Ursaluna|def|1
|-unboost|p1a: Ursaluna|spd|1
|faint|p2b: Charizard
|
|win|HolgerD
||bluntmaster9000 is ready for game 2.
|inactive|HolgerD has 30 seconds to confirm battle start!
||HolgerD is ready for game 2.
|uhtml|next|Next: Game 2 of 3
|l|☆bluntmaster9000
|player|p2|
