|j|â˜†Ducktile
|j|â˜†ScribbleScribble
|html|DucktileScribbleScribble    
|uhtml|bestof|Game 3 of a best-of-3
|t:|1757913301
|gametype|doubles
|player|p1|Ducktile|emmet|1296
|player|p2|ScribbleScribble|mina-lgpe|1193
|gen|9
|tier|[Gen 9] VGC 2025 Reg H (Bo3)
|rated|
|rule|Species Clause: Limit one of each PokÃ©mon
|rule|Item Clause: Limit 1 of each item
|clearpoke
|poke|p1|Rillaboom, L50, F|
|poke|p1|Volcarona, L50, M|
|poke|p1|Basculegion, L50, M|
|poke|p1|Incineroar, L50, F|
|poke|p1|Ninetales-Alola, L50, F|
|poke|p1|Ursaluna-Bloodmoon, L50, M|
|poke|p2|Volcarona, L50, M|
|poke|p2|Rillaboom, L50, F|
|poke|p2|Kingambit, L50, F|
|poke|p2|Basculegion, L50, M|
|poke|p2|Sneasler, L50, F|
|poke|p2|Clefable, L50, F|
|teampreview|4
|showteam|p1|Rillaboom||AssaultVest|GrassySurge|WoodHammer,GrassyGlide,FakeOut,HighHorsepower|||F|||50|,,,,,Fire]Volcarona||GrassySeed|FlameBody|HeatWave,TeraBlast,QuiverDance,Protect|||M|||50|,,,,,Fairy]Basculegion||ChoiceScarf|Adaptability|WaveCrash,LastRespects,FlipTurn,AquaJet|||M|||50|,,,,,Water]Incineroar||SafetyGoggles|Intimidate|FlareBlitz,KnockOff,FakeOut,PartingShot|||F|||50|,,,,,Ghost]Ninetales-Alola||FocusSash|SnowWarning|Blizzard,FreezeDry,AuroraVeil,Protect|||F|||50|,,,,,Ice]Ursaluna-Bloodmoon||Leftovers|MindsEye|BloodMoon,EarthPower,Yawn,Protect|||M|||50|,,,,,Water
|showteam|p2|Volcarona||Leftovers|FlameBody|HeatWave,TeraBlast,QuiverDance,Protect|||M|||50|,,,,,Fairy]Rillaboom||AssaultVest|GrassySurge|WoodHammer,GrassyGlide,HighHorsepower,FakeOut|||F|||50|,,,,,Fire]Kingambit||SafetyGoggles|Defiant|KowtowCleave,SuckerPunch,SwordsDance,Protect|||F|||50|,,,,,Ghost]Basculegion||ChoiceScarf|Adaptability|WaveCrash,FlipTurn,LastRespects,AquaJet|||M|||50|,,,,,Water]Sneasler||GrassySeed|Unburden|CloseCombat,Acrobatics,SwordsDance,Protect|||F|||50|,,,,,Flying]Clefable||SitrusBerry|Unaware|Moonblast,FollowMe,LifeDew,Protect|||F|||50|,,,,,Water
|inactive|Battle timer is ON: inactive players will automatically lose when time's up. (requested by ScribbleScribble)
|
|t:|1757913325
|teamsize|p1|4
|teamsize|p2|4
|start
|switch|p1a: Basculegion|Basculegion, L50, M|100/100
|switch|p1b: Ninetales|Ninetales-Alola, L50, F|100/100
|switch|p2a: Volcarona|Volcarona, L50, M, shiny|100/100
|switch|p2b: Rillaboom|Rillaboom, L50, F|100/100
|-weather|Snowscape|[from] ability: Snow Warning|[of] p1b: Ninetales
|-fieldstart|move: Grassy Terrain|[from] ability: Grassy Surge|[of] p2b: Rillaboom
|turn|1
|
|t:|1757913343
|switch|p1a: Volcarona|Volcarona, L50, M|100/100
|-enditem|p1a: Volcarona|Grassy Seed
|-boost|p1a: Volcarona|def|1|[from] item: Grassy Seed
|-terastallize|p2a: Volcarona|Fairy
|move|p2b: Rillaboom|Fake Out|p1b: Ninetales
|-damage|p1b: Ninetales|87/100
|cant|p1b: Ninetales|flinch
|move|p2a: Volcarona|Quiver Dance|p2a: Volcarona
|-boost|p2a: Volcarona|spa|1
|-boost|p2a: Volcarona|spd|1
|-boost|p2a: Volcarona|spe|1
|
|-weather|Snowscape|[upkeep]
|-heal|p1b: Ninetales|93/100|[from] Grassy Terrain
|upkeep
|turn|2
|
|t:|1757913361
|switch|p2b: Sneasler|Sneasler, L50, F, shiny|100/100
|-enditem|p2b: Sneasler|Grassy Seed
|-boost|p2b: Sneasler|def|1|[from] item: Grassy Seed
|move|p1b: Ninetales|Protect|p1b: Ninetales
|-singleturn|p1b: Ninetales|Protect
|move|p2a: Volcarona|Heat Wave|p1b: Ninetales|[spread] 
|-activate|p1b: Ninetales|move: Protect
|-miss|p2a: Volcarona|p1a: Volcarona
|move|p1a: Volcarona|Quiver Dance|p1a: Volcarona
|-boost|p1a: Volcarona|spa|1
|-boost|p1a: Volcarona|spd|1
|-boost|p1a: Volcarona|spe|1
|
|-weather|Snowscape|[upkeep]
|-heal|p1b: Ninetales|99/100|[from] Grassy Terrain
|upkeep
|turn|3
|
|t:|1757913381
|switch|p1b: Ursaluna|Ursaluna-Bloodmoon, L50, M|100/100
|move|p2b: Sneasler|Acrobatics|p1a: Volcarona
|-supereffective|p1a: Volcarona
|-damage|p1a: Volcarona|42/100
|-status|p2b: Sneasler|brn|[from] ability: Flame Body|[of] p1a: Volcarona
|move|p1a: Volcarona|Heat Wave|p2a: Volcarona|[spread] p2a,p2b
|-damage|p2a: Volcarona|69/100
|-damage|p2b: Sneasler|39/100 brn
|move|p2a: Volcarona|Heat Wave|p1a: Volcarona|[spread] p1a,p1b
|-damage|p1a: Volcarona|8/100
|-damage|p1b: Ursaluna|46/100
|-status|p1b: Ursaluna|brn
|
|-weather|Snowscape|[upkeep]
|-heal|p2b: Sneasler|45/100 brn|[from] Grassy Terrain
|-heal|p1a: Volcarona|14/100|[from] Grassy Terrain
|-heal|p2a: Volcarona|75/100|[from] Grassy Terrain
|-heal|p2a: Volcarona|82/100|[from] item: Leftovers
|-heal|p1b: Ursaluna|52/100 brn|[from] Grassy Terrain
|-heal|p1b: Ursaluna|58/100 brn|[from] item: Leftovers
|-damage|p2b: Sneasler|39/100 brn|[from] brn
|-damage|p1b: Ursaluna|52/100 brn|[from] brn
|upkeep
|turn|4
|inactive|Ducktile has 30 seconds left.
|
|t:|1757913406
|-terastallize|p1b: Ursaluna|Water
|move|p2b: Sneasler|Acrobatics|p1a: Volcarona
|-supereffective|p1a: Volcarona
|-damage|p1a: Volcarona|0 fnt
|faint|p1a: Volcarona
|move|p2a: Volcarona|Tera Blast|p1b: Ursaluna|[anim] Tera Blast Fairy
|-damage|p1b: Ursaluna|0 fnt
|faint|p1b: Ursaluna
|
|-weather|Snowscape|[upkeep]
|-heal|p2b: Sneasler|45/100 brn|[from] Grassy Terrain
|-heal|p2a: Volcarona|88/100|[from] Grassy Terrain
|-heal|p2a: Volcarona|94/100|[from] item: Leftovers
|-damage|p2b: Sneasler|39/100 brn|[from] brn
|upkeep
|
|t:|1757913418
|switch|p1a: Basculegion|Basculegion, L50, M|100/100
|switch|p1b: Ninetales|Ninetales-Alola, L50, F|99/100
|turn|5
|c|â˜†Ducktile|i did not think i died there
|
|t:|1757913435
|move|p1b: Ninetales|Protect|p1b: Ninetales
|-singleturn|p1b: Ninetales|Protect
|move|p2b: Sneasler|Acrobatics|p1b: Ninetales
|-activate|p1b: Ninetales|move: Protect
|move|p2a: Volcarona|Heat Wave|p1a: Basculegion|[spread] p1a
|-activate|p1b: Ninetales|move: Protect
|-resisted|p1a: Basculegion
|-damage|p1a: Basculegion|72/100
|move|p1a: Basculegion|Last Respects|p2a: Volcarona
|-damage|p2a: Volcarona|0 fnt
|faint|p2a: Volcarona
|
|-weather|none
|-heal|p2b: Sneasler|45/100 brn|[from] Grassy Terrain
|-heal|p1a: Basculegion|78/100|[from] Grassy Terrain
|-heal|p1b: Ninetales|100/100|[from] Grassy Terrain
|-damage|p2b: Sneasler|39/100 brn|[from] brn
|-fieldend|move: Grassy Terrain
|upkeep
|
|t:|1757913440
|switch|p2a: Kingambit|Kingambit, L50, F|100/100
|turn|6
|
|t:|1757913458
|move|p2a: Kingambit|Sucker Punch|p1a: Basculegion
|-supereffective|p1a: Basculegion
|-damage|p1a: Basculegion|0 fnt
|faint|p1a: Basculegion
|move|p2b: Sneasler|Swords Dance|p2b: Sneasler
|-boost|p2b: Sneasler|atk|2
|move|p1b: Ninetales|Aurora Veil||[still]
|-fail|p1b: Ninetales
|
|-damage|p2b: Sneasler|33/100 brn|[from] brn
|upkeep
|turn|7
|c|â˜†Ducktile|gg
|c|â˜†ScribbleScribble|ggtile
|
|t:|1757913469
|move|p2b: Sneasler|Close Combat|p1b: Ninetales
|-enditem|p1b: Ninetales|Focus Sash
|-damage|p1b: Ninetales|1/100
|-unboost|p2b: Sneasler|def|1
|-unboost|p2b: Sneasler|spd|1
|move|p1b: Ninetales|Aurora Veil||[still]
|-fail|p1b: Ninetales
|move|p2a: Kingambit|Kowtow Cleave|p1b: Ninetales
|-resisted|p1b: Ninetales
|-damage|p1b: Ninetales|0 fnt
|faint|p1b: Ninetales
|
|win|ScribbleScribble
|raw|Ducktile's rating: 1296 → 1264(-32 for losing)
|raw|ScribbleScribble's rating: 1193 → 1225(+32 for winning)
|c|â˜†Ducktile|i am playing mid af lol
|c|â˜†ScribbleScribble|one of those days lol
|c|â˜†Ducktile|yeah lil bit lol not to downplay that you played that v well lol
|c|â˜†ScribbleScribble|i appreciate that
|c|â˜†ScribbleScribble|this is a new team to me so im figuring things out lol
|c|â˜†Ducktile|yeah i think ive seen this team around before i think the gseed sneasler is kinda interesting
|j| 21Kieran
|c| 21Kieran|yo what
|c|â˜†Ducktile|i still dont have a clue what clefable does
|c| 21Kieran|ducktile v kieran
|c| 21Kieran|or not kieran
|c| 21Kieran|scribb
|c|â˜†ScribbleScribble|how did you replace me with yourself in the 3rd person
|c|â˜†ScribbleScribble|lmao
|c| 21Kieran|idk
|c|â˜†Ducktile|thats maybe the most embarrasing slip oat
|c| 21Kieran|lmao
|c|â˜†ScribbleScribble|anyways ggs
|c|â˜†Ducktile|ggs
|l| 21Kieran
|l|â˜†ScribbleScribble
|player|p2|
|l|â˜†Ducktile
|player|p1|
