|j|☆kimu dora
|j|☆yamamagames
|html|kimu dorayamamagames    
|uhtml|bestof|Game 1 of a best-of-3
|t:|1785994913
|gametype|doubles
|player|p1|kimu dora|170|1173
|player|p2|yamamagames|red|1163
|gen|9
|tier|[Gen 9 Champions] VGC 2026 Reg M-B (Bo3)
|rated|
|rule|Species Clause: Limit one of each Pokémon
|rule|Item Clause: Limit 1 of each item
|clearpoke
|poke|p1|Raichu, L50, M|
|poke|p1|Sylveon, L50, M|
|poke|p1|Farigiraf, L50, M|
|poke|p1|Staraptor, L50, F|
|poke|p1|Arcanine-Hisui, L50, M|
|poke|p1|Kingambit, L50, M|
|poke|p2|Raichu, L50, M|
|poke|p2|Jolteon, L50, F|
|poke|p2|Ninetales-Alola, L50, F|
|poke|p2|Talonflame, L50, M|
|poke|p2|Floette-Eternal, L50, F|
|poke|p2|Meowscarada, L50, F|
|teampreview|4
|showteam|p1|Raichu||RaichuniteY|LightningRod|ZapCannon,FocusBlast,FakeOut,Protect|Timid||M|||50|]Sylveon||FairyFeather|Pixilate|HyperVoice,QuickAttack,HyperBeam,Detect|Modest||M|||50|]Farigiraf||SitrusBerry|ArmorTail|HelpingHand,TrickRoom,Psychic,Protect|Calm||M|||50|]Staraptor||Staraptite|Intimidate|DualWingbeat,CloseCombat,Tailwind,Protect|Jolly||F|||50|]Arcanine-Hisui||FocusSash|RockHead|FlareBlitz,HeadSmash,ExtremeSpeed,Protect|Jolly||M|||50|]Kingambit||LifeOrb|Defiant|KowtowCleave,SuckerPunch,SwordsDance,Protect|Adamant||M|||50|
|showteam|p2|Raichu||RaichuniteX|Static|RisingVoltage,VoltSwitch,FakeOut,Protect|Timid||M|||50|]Jolteon||FocusSash|VoltAbsorb|RisingVoltage,VoltSwitch,WeatherBall,Protect|Timid||F|||50|]Ninetales-Alola||NeverMeltIce|SnowWarning|Blizzard,FreezeDry,AuroraVeil,Protect|Timid||F|||50|]Talonflame||LifeOrb|GaleWings|BraveBird,Tailwind,FlareBlitz,Protect|Jolly||M|||50|]Floette-Eternal||Floettite|FlowerVeil|LightofRuin,Moonblast,DazzlingGleam,Protect|Modest||F|||50|]Meowscarada||ChoiceScarf|Protean|FlowerTrick,SuckerPunch,KnockOff,BrickBreak|Jolly||F|||50|
|
|t:|1785994960
|teamsize|p1|4
|teamsize|p2|4
|start
|switch|p1a: Staraptor|Staraptor, L50, F|100/100
|switch|p1b: Arcanine|Arcanine-Hisui, L50, M|100/100
|switch|p2a: Floette|Floette-Eternal, L50, F|100/100
|switch|p2b: Meowscarada|Meowscarada, L50, F|100/100
|-ability|p1a: Staraptor|Intimidate|boost
|-unboost|p2a: Floette|atk|1
|-block|p2b: Meowscarada|ability: Flower Veil|[of] p2a: Floette
|turn|1
|inactive|Battle timer is ON: inactive players will automatically lose when time's up. (requested by yamamagames)
|
|t:|1785995000
|switch|p1a: Sylveon|Sylveon, L50, M|100/100
|move|p2a: Floette|Protect|p2a: Floette
|-singleturn|p2a: Floette|Protect
|move|p2b: Meowscarada|Flower Trick|p1b: Arcanine
|-start|p2b: Meowscarada|typechange|Grass|[from] ability: Protean
|-crit|p1b: Arcanine
|-damage|p1b: Arcanine|43/100
|move|p1b: Arcanine|Head Smash|p2a: Floette
|-activate|p2a: Floette|move: Protect
|
|upkeep
|turn|2
|inactive|kimu dora has 30 seconds left.
|inactive|yamamagames has 30 seconds left.
|
|t:|1785995029
|move|p1b: Arcanine|Protect|p1b: Arcanine
|-singleturn|p1b: Arcanine|Protect
|move|p2b: Meowscarada|Flower Trick|p1b: Arcanine
|-activate|p1b: Arcanine|move: Protect
|move|p2a: Floette|Moonblast|p1a: Sylveon
|-damage|p1a: Sylveon|62/100
|move|p1a: Sylveon|Hyper Beam|p2b: Meowscarada
|-damage|p2b: Meowscarada|0 fnt
|-mustrecharge|p1a: Sylveon
|faint|p2b: Meowscarada
|
|upkeep
|
|t:|1785995033
|switch|p2b: Talonflame|Talonflame, L50, M|100/100
|turn|3
|
|t:|1785995053
|detailschange|p2a: Floette|Floette-Mega, L50, F
|-mega|p2a: Floette|Floette|Floettite
|-ability|p2a: Floette|Fairy Aura
|move|p2b: Talonflame|Tailwind|p2b: Talonflame
|-sidestart|p2: yamamagames|move: Tailwind
|move|p2a: Floette|Light of Ruin|p1b: Arcanine
|-resisted|p1b: Arcanine|1
|-damage|p1b: Arcanine|0 fnt
|faint|p1b: Arcanine
|-damage|p2a: Floette|74/100|[from] Recoil
|cant|p1a: Sylveon|recharge
|
|upkeep
|
|t:|1785995056
|switch|p1b: Raichu|Raichu, L50, M|100/100
|turn|4
|
|t:|1785995068
|move|p2b: Talonflame|Protect|p2b: Talonflame
|-singleturn|p2b: Talonflame|Protect
|move|p2a: Floette|Protect|p2a: Floette
|-singleturn|p2a: Floette|Protect
|move|p1b: Raichu|Zap Cannon|p1a: Sylveon
|-damage|p1a: Sylveon|35/100
|-status|p1a: Sylveon|par
|move|p1a: Sylveon|Hyper Voice|p2b: Talonflame|[spread] 
|-activate|p2a: Floette|move: Protect
|-activate|p2b: Talonflame|move: Protect
|
|upkeep
|turn|5
|
|t:|1785995079
|detailschange|p1b: Raichu|Raichu-Mega-Y, L50, M
|-mega|p1b: Raichu|Raichu|Raichunite Y
|move|p2b: Talonflame|Brave Bird|p1b: Raichu
|-resisted|p1b: Raichu|1
|-damage|p1b: Raichu|60/100
|-damage|p2b: Talonflame|86/100|[from] Recoil
|-damage|p2b: Talonflame|77/100|[from] item: Life Orb
|move|p2a: Floette|Dazzling Gleam|p1a: Sylveon|[spread] p1a,p1b
|-damage|p1a: Sylveon|0 fnt
|-damage|p1b: Raichu|0 fnt
|faint|p1a: Sylveon
|faint|p1b: Raichu
|
|upkeep
|
|t:|1785995084
|switch|p1b: Staraptor|Staraptor, L50, F|100/100
|-ability|p1b: Staraptor|Intimidate|boost
|-unboost|p2a: Floette|atk|1
|-unboost|p2b: Talonflame|atk|1
|turn|6
|-message|kimu dora forfeited.
|
|win|yamamagames
||yamamagames is ready for game 2.
||kimu dora is ready for game 2.
|uhtml|next|Next: Game 2 of 3
|l|☆yamamagames
|player|p2|
