|j|☆myshirtisdirty
|j|☆TONKMAN
|html|myshirtisdirtyTONKMAN    
|uhtml|bestof|Game 1 of a best-of-3
|t:|1757653116
|gametype|doubles
|player|p1|myshirtisdirty|266|1199
|player|p2|TONKMAN|2|1117
|gen|9
|tier|[Gen 9] VGC 2025 Reg H (Bo3)
|rated|
|rule|Species Clause: Limit one of each Pokémon
|rule|Item Clause: Limit 1 of each item
|clearpoke
|poke|p1|Indeedee-F, L50, F|
|poke|p1|Torkoal, L50, M|
|poke|p1|Gallade, L50, M|
|poke|p1|Hatterene, L50, F|
|poke|p1|Ursaluna, L50, M|
|poke|p1|Delphox, L50, M|
|poke|p2|Vivillon, L50, M|
|poke|p2|Garchomp, L50, F|
|poke|p2|Primarina, L50, M|
|poke|p2|Porygon2, L50|
|poke|p2|Incineroar, L50, F|
|poke|p2|Gholdengo, L50|
|teampreview|4
|showteam|p1|Indeedee-F||SafetyGoggles|PsychicSurge|DazzlingGleam,HelpingHand,TrickRoom,FollowMe|||F|||50|,,,,,Fairy]Torkoal||EjectPack|Drought|Eruption,HeatWave,Protect,Yawn|||M|||50|,,,,,Grass]Gallade||ClearAmulet|Sharpness|PsychoCut,SacredSword,TrickRoom,WideGuard|||M|||50|,,,,,Steel]Hatterene||TwistedSpoon|MagicBounce|ExpandingForce,DazzlingGleam,MysticalFire,TrickRoom|||F|||50|,,,,,Water]Ursaluna||FlameOrb|Guts|Facade,HighHorsepower,ShadowClaw,Protect|||M|||50|,,,,,Ghost]Delphox||LifeOrb|Blaze|Flamethrower,ExpandingForce,NastyPlot,Protect|||M|||50|,,,,,Psychic
|showteam|p2|Vivillon||FocusSash|CompoundEyes|Hurricane,SleepPowder,RagePowder,Protect|||M|||50|,,,,,Ghost]Garchomp||LifeOrb|RoughSkin|DragonClaw,Earthquake,StompingTantrum,Protect|||F|||50|,,,,,Steel]Primarina||SitrusBerry|LiquidVoice|HyperVoice,Moonblast,Haze,Protect|||M|||50|,,,,,Poison]Porygon2||Eviolite|Download|TeraBlast,IceBeam,TrickRoom,Recover||||||50|,,,,,Ground]Incineroar||SafetyGoggles|Intimidate|FakeOut,FlareBlitz,KnockOff,PartingShot|||F|||50|,,,,,Ghost]Gholdengo||Leftovers|GoodasGold|MakeItRain,ShadowBall,NastyPlot,Protect||||||50|,,,,,Flying
|inactive|Battle timer is ON: inactive players will automatically lose when time's up. (requested by TONKMAN)
|inactive|myshirtisdirty has 60 seconds left.
|
|t:|1757653180
|teamsize|p1|4
|teamsize|p2|4
|start
|switch|p1a: Indeedee|Indeedee-F, L50, F|100/100
|switch|p1b: Gallade|Gallade, L50, M, shiny|100/100
|switch|p2a: Vivillon|Vivillon, L50, M|100/100
|switch|p2b: Garchomp|Garchomp, L50, F|100/100
|-fieldstart|move: Psychic Terrain|[from] ability: Psychic Surge|[of] p1a: Indeedee
|turn|1
|
|t:|1757653190
|move|p1a: Indeedee|Follow Me|p1a: Indeedee
|-singleturn|p1a: Indeedee|move: Follow Me
|move|p2b: Garchomp|Earthquake|p1b: Gallade|[spread] p1a,p1b
|-immune|p2a: Vivillon
|-damage|p1a: Indeedee|54/100
|-damage|p1b: Gallade|31/100
|-damage|p2b: Garchomp|91/100|[from] item: Life Orb
|move|p2a: Vivillon|Hurricane|p1a: Indeedee
|-damage|p1a: Indeedee|10/100
|move|p1b: Gallade|Trick Room|p1b: Gallade
|-fieldstart|move: Trick Room|[of] p1b: Gallade
|
|upkeep
|turn|2
|inactive|TONKMAN has 30 seconds left.
|
|t:|1757653218
|move|p2a: Vivillon|Rage Powder|p2a: Vivillon
|-singleturn|p2a: Vivillon|move: Rage Powder
|move|p1b: Gallade|Psycho Cut|p2a: Vivillon
|-enditem|p2a: Vivillon|Focus Sash
|-damage|p2a: Vivillon|1/100
|move|p1a: Indeedee|Dazzling Gleam|p2b: Garchomp|[spread] p2a,p2b
|-supereffective|p2b: Garchomp
|-damage|p2a: Vivillon|0 fnt
|-damage|p2b: Garchomp|62/100
|faint|p2a: Vivillon
|move|p2b: Garchomp|Dragon Claw|p1b: Gallade
|-damage|p1b: Gallade|0 fnt
|faint|p1b: Gallade
|-damage|p2b: Garchomp|52/100|[from] item: Life Orb
|
|upkeep
|
|t:|1757653232
|switch|p1b: Torkoal|Torkoal, L50, M, shiny|100/100
|switch|p2a: Porygon2|Porygon2, L50|100/100
|-weather|SunnyDay|[from] ability: Drought|[of] p1b: Torkoal
|-ability|p2a: Porygon2|Download|boost
|-boost|p2a: Porygon2|spa|1
|turn|3
|
|t:|1757653252
|switch|p1a: Ursaluna|Ursaluna, L50, M|100/100
|-terastallize|p2a: Porygon2|Ground
|move|p2b: Garchomp|Protect|p2b: Garchomp
|-singleturn|p2b: Garchomp|Protect
|move|p1b: Torkoal|Eruption|p2a: Porygon2|[spread] p2a
|-activate|p2b: Garchomp|move: Protect
|-damage|p2a: Porygon2|65/100
|move|p2a: Porygon2|Tera Blast|p1b: Torkoal|[anim] Tera Blast Ground
|-supereffective|p1b: Torkoal
|-damage|p1b: Torkoal|0 fnt
|faint|p1b: Torkoal
|
|-weather|SunnyDay|[upkeep]
|-status|p1a: Ursaluna|brn|[from] item: Flame Orb
|upkeep
|
|t:|1757653269
|switch|p1b: Indeedee|Indeedee-F, L50, F|10/100
|turn|4
|
|t:|1757653287
|move|p1b: Indeedee|Follow Me|p1b: Indeedee
|-singleturn|p1b: Indeedee|move: Follow Me
|move|p1a: Ursaluna|Facade|p2b: Garchomp
|-damage|p2b: Garchomp|0 fnt
|-damage|p1a: Ursaluna|88/100 brn|[from] ability: Rough Skin|[of] p2b: Garchomp
|faint|p2b: Garchomp
|move|p2a: Porygon2|Ice Beam|p1b: Indeedee
|-damage|p1b: Indeedee|0 fnt
|faint|p1b: Indeedee
|
|-weather|SunnyDay|[upkeep]
|-damage|p1a: Ursaluna|82/100 brn|[from] brn
|upkeep
|
|t:|1757653291
|switch|p2b: Primarina|Primarina, L50, M|100/100
|turn|5
|
|t:|1757653314
|-terastallize|p1a: Ursaluna|Ghost
|move|p2b: Primarina|Protect|p2b: Primarina
|-singleturn|p2b: Primarina|Protect
|move|p1a: Ursaluna|Facade|p2a: Porygon2
|-crit|p2a: Porygon2
|-damage|p2a: Porygon2|0 fnt
|faint|p2a: Porygon2
|
|-weather|SunnyDay|[upkeep]
|-damage|p1a: Ursaluna|76/100 brn|[from] brn
|-fieldend|move: Trick Room
|-fieldend|move: Psychic Terrain
|upkeep
|turn|6
|
|t:|1757653326
|move|p2b: Primarina|Moonblast|p1a: Ursaluna
|-damage|p1a: Ursaluna|27/100 brn
|move|p1a: Ursaluna|Facade|p2b: Primarina
|-damage|p2b: Primarina|0 fnt
|faint|p2b: Primarina
|
|win|myshirtisdirty
||TONKMAN is ready for game 2.
||myshirtisdirty is ready for game 2.
|uhtml|next|Next: Game 2 of 3
|l|☆TONKMAN
|player|p2|
|l|☆myshirtisdirty
|player|p1|
