|j|☆berto777
|j|☆ciovy
|html|berto777ciovy    
|uhtml|bestof|Game 1 of a best-of-3
|t:|1782406801
|gametype|doubles
|player|p1|berto777|170|1073
|player|p2|ciovy|169|1107
|gen|9
|tier|[Gen 9 Champions] VGC 2026 Reg M-B (Bo3)
|rated|
|rule|Species Clause: Limit one of each Pokémon
|rule|Item Clause: Limit 1 of each item
|clearpoke
|poke|p1|Charizard, L50, M|
|poke|p1|Floette-Eternal, L50, F|
|poke|p1|Sableye, L50, M|
|poke|p1|Garchomp, L50, F|
|poke|p1|Sinistcha, L50|
|poke|p1|Sneasler, L50, M|
|poke|p2|Aerodactyl, L50, M|
|poke|p2|Garchomp, L50, M|
|poke|p2|Charizard, L50, F|
|poke|p2|Sylveon, L50, M|
|poke|p2|Kingambit, L50, M|
|poke|p2|Farigiraf, L50, F|
|teampreview|4
|showteam|p1|Charizard||CharizarditeY|SolarPower|HeatWave,Protect,SolarBeam,WeatherBall|Timid||M|||50|]Floette-Eternal||Floettite|FlowerVeil|Protect,DazzlingGleam,CalmMind,DrainingKiss|Timid||F|||50|]Sableye||FocusSash|Prankster|Quash,Encore,FakeOut,Detect|Careful||M|||50|]Garchomp||ChoiceScarf|RoughSkin|Earthquake,DragonClaw,BreakingSwipe,RockSlide|Jolly||F|||50|]Sinistcha||SitrusBerry|Hospitality|LifeDew,MatchaGotcha,RagePowder,Protect|Bold|||||50|]Sneasler||WhiteHerb|Unburden|CloseCombat,DireClaw,Protect,FakeOut|Adamant||M|||50|
|showteam|p2|Aerodactyl||Aerodactylite|Unnerve|RockSlide,DualWingbeat,Tailwind,WideGuard|Jolly||M|||50|]Garchomp||SoftSand|RoughSkin|Earthquake,DragonClaw,RockTomb,Protect|Jolly||M|||50|]Charizard||CharizarditeY|Blaze|HeatWave,WeatherBall,SolarBeam,Protect|Modest||F|||50|]Sylveon||FairyFeather|Pixilate|HyperVoice,QuickAttack,HyperBeam,Detect|Modest||M|||50|]Kingambit||FocusSash|Defiant|IronHead,SuckerPunch,KowtowCleave,LowKick|Adamant||M|||50|]Farigiraf||SitrusBerry|ArmorTail|TrickRoom,HelpingHand,Protect,TwinBeam|Bold||F|||50|
|inactive|Battle timer is ON: inactive players will automatically lose when time's up. (requested by berto777)
|inactive|ciovy has 60 seconds left.
|inactive|ciovy has 30 seconds left.
|inactive|ciovy has 20 seconds left.
|
|t:|1782406875
|teamsize|p1|4
|teamsize|p2|4
|start
|switch|p1a: Garchomp|Garchomp, L50, F|100/100
|switch|p1b: Charizard|Charizard, L50, M|100/100
|switch|p2a: Farigiraf|Farigiraf, L50, F|100/100
|switch|p2b: Aerodactyl|Aerodactyl, L50, M|100/100
|-ability|p2b: Aerodactyl|Unnerve
|turn|1
|inactive|ciovy has 30 seconds left.
|inactive|berto777 has 30 seconds left.
|inactive|ciovy has 20 seconds left.
|
|t:|1782406911
|detailschange|p1b: Charizard|Charizard-Mega-Y, L50, M
|-mega|p1b: Charizard|Charizard|Charizardite Y
|-weather|SunnyDay|[from] ability: Drought|[of] p1b: Charizard
|move|p1a: Garchomp|Dragon Claw|p2a: Farigiraf
|-crit|p2a: Farigiraf
|-damage|p2a: Farigiraf|42/100
|-enditem|p2a: Farigiraf|Sitrus Berry|[eat]
|-heal|p2a: Farigiraf|67/100|[from] item: Sitrus Berry
|move|p2b: Aerodactyl|Tailwind|p2b: Aerodactyl
|-sidestart|p2: ciovy|move: Tailwind
|move|p1b: Charizard|Weather Ball|p2a: Farigiraf
|-damage|p2a: Farigiraf|0 fnt
|faint|p2a: Farigiraf
|
|-weather|SunnyDay|[upkeep]
|upkeep
|
|t:|1782406928
|switch|p2a: Sylveon|Sylveon, L50, M|100/100
|turn|2
|
|t:|1782406940
|switch|p1a: Sneasler|Sneasler, L50, M|100/100
|move|p1b: Charizard|Protect|p1b: Charizard
|-singleturn|p1b: Charizard|Protect
|move|p2b: Aerodactyl|Rock Slide|p1a: Sneasler|[spread] p1a
|-activate|p1b: Charizard|move: Protect
|-resisted|p1a: Sneasler|1
|-damage|p1a: Sneasler|80/100
|move|p2a: Sylveon|Hyper Voice|p1b: Charizard|[spread] p1a
|-activate|p1b: Charizard|move: Protect
|-damage|p1a: Sneasler|13/100
|
|-weather|SunnyDay|[upkeep]
|upkeep
|turn|3
|
|t:|1782406959
|switch|p1b: Sinistcha|Sinistcha, L50|100/100
|-heal|p1a: Sneasler|38/100|[from] ability: Hospitality|[of] p1b: Sinistcha
|move|p2a: Sylveon|Detect|p2a: Sylveon
|-singleturn|p2a: Sylveon|Protect
|move|p1a: Sneasler|Fake Out|p2a: Sylveon
|-activate|p2a: Sylveon|move: Protect
|move|p2b: Aerodactyl|Rock Slide|p1b: Sinistcha|[spread] p1a,p1b
|-resisted|p1a: Sneasler|1
|-damage|p1a: Sneasler|21/100
|-damage|p1b: Sinistcha|85/100
|
|-weather|SunnyDay|[upkeep]
|upkeep
|turn|4
|
|t:|1782406980
|move|p1a: Sneasler|Protect|p1a: Sneasler
|-singleturn|p1a: Sneasler|Protect
|move|p2b: Aerodactyl|Dual Wingbeat|p1b: Sinistcha
|-supereffective|p1b: Sinistcha|1
|-damage|p1b: Sinistcha|62/100
|-supereffective|p1b: Sinistcha|1
|-damage|p1b: Sinistcha|41/100
|-hitcount|p1b: Sinistcha|2
|move|p2a: Sylveon|Hyper Voice|p1a: Sneasler|[spread] p1b
|-activate|p1a: Sneasler|move: Protect
|-damage|p1b: Sinistcha|0 fnt
|faint|p1b: Sinistcha
|
|-weather|SunnyDay|[upkeep]
|-sideend|p2: ciovy|move: Tailwind
|upkeep
|
|t:|1782406993
|switch|p1b: Garchomp|Garchomp, L50, F|100/100
|turn|5
|
|t:|1782407006
|move|p2a: Sylveon|Detect|p2a: Sylveon
|-singleturn|p2a: Sylveon|Protect
|move|p1b: Garchomp|Dragon Claw|p2b: Aerodactyl
|-damage|p2b: Aerodactyl|38/100
|move|p2b: Aerodactyl|Tailwind|p2b: Aerodactyl
|-sidestart|p2: ciovy|move: Tailwind
|move|p1a: Sneasler|Close Combat|p2b: Aerodactyl
|-damage|p2b: Aerodactyl|0 fnt
|-unboost|p1a: Sneasler|def|1
|-unboost|p1a: Sneasler|spd|1
|faint|p2b: Aerodactyl
|-enditem|p1a: Sneasler|White Herb
|-clearnegativeboost|p1a: Sneasler|[silent]
|
|-weather|none
|upkeep
|
|t:|1782407022
|switch|p2b: Charizard|Charizard, L50, F|100/100
|turn|6
|
|t:|1782407034
|switch|p1b: Charizard|Charizard-Mega-Y, L50, M|100/100
|-weather|SunnyDay|[from] ability: Drought|[of] p1b: Charizard
|detailschange|p2b: Charizard|Charizard-Mega-Y, L50, F
|-mega|p2b: Charizard|Charizard|Charizardite Y
|move|p1a: Sneasler|Dire Claw|p2a: Sylveon
|-supereffective|p2a: Sylveon|1
|-damage|p2a: Sylveon|6/100
|move|p2b: Charizard|Weather Ball|p1a: Sneasler
|-damage|p1a: Sneasler|0 fnt
|faint|p1a: Sneasler
|move|p2a: Sylveon|Hyper Voice|p1b: Charizard
|-resisted|p1b: Charizard|1
|-damage|p1b: Charizard|70/100
|
|-weather|SunnyDay|[upkeep]
|upkeep
|
|t:|1782407043
|switch|p1a: Garchomp|Garchomp, L50, F|100/100
|turn|7
|
|t:|1782407058
|move|p2b: Charizard|Heat Wave|p1a: Garchomp|[spread] p1a,p1b
|-resisted|p1a: Garchomp|1
|-resisted|p1b: Charizard|1
|-damage|p1a: Garchomp|62/100
|-damage|p1b: Charizard|36/100
|move|p1a: Garchomp|Rock Slide|p2a: Sylveon|[spread] p2a,p2b
|-supereffective|p2b: Charizard|2
|-damage|p2a: Sylveon|0 fnt
|-damage|p2b: Charizard|12/100
|faint|p2a: Sylveon
|move|p1b: Charizard|Weather Ball|p2b: Charizard
|-resisted|p2b: Charizard|1
|-damage|p2b: Charizard|0 fnt
|faint|p2b: Charizard
|
|win|berto777
|inactive|berto777 has 30 seconds to confirm battle start!
|inactive|ciovy has 30 seconds to confirm battle start!
||ciovy is ready for game 2.
||berto777 is ready for game 2.
|uhtml|next|Next: Game 2 of 3
|l|☆berto777
|player|p1|
