|j|☆hihowareyabro
|j|☆Juno48
|html|hihowareyabroJuno48    
|uhtml|bestof|Game 3 of a best-of-3
|t:|1785921705
|gametype|doubles
|player|p1|hihowareyabro|byron|1179
|player|p2|Juno48|1|1098
|gen|9
|tier|[Gen 9 Champions] VGC 2026 Reg M-B (Bo3)
|rated|
|rule|Species Clause: Limit one of each Pokémon
|rule|Item Clause: Limit 1 of each item
|clearpoke
|poke|p1|Blastoise, L50, M|
|poke|p1|Garchomp, L50, F|
|poke|p1|Maushold-Four, L50|
|poke|p1|Sneasler, L50, F|
|poke|p1|Incineroar, L50, F|
|poke|p1|Sinistcha, L50|
|poke|p2|Aerodactyl, L50, M|
|poke|p2|Kingambit, L50, M|
|poke|p2|Sylveon, L50, M|
|poke|p2|Garchomp, L50, F|
|poke|p2|Charizard, L50, M|
|poke|p2|Incineroar, L50, F|
|teampreview|4
|showteam|p1|Blastoise||Blastoisinite|Torrent|Protect,WaterSpout,DarkPulse,ShellSmash|Modest||M|||50|]Garchomp||ChoiceScarf|RoughSkin|RockSlide,DragonClaw,StompingTantrum,BrickBreak|Adamant||F|||50|]Maushold-Four||WideLens|Technician|Taunt,PopulationBomb,FollowMe,HelpingHand|Jolly|||||50|]Sneasler||WhiteHerb|Unburden|DireClaw,CloseCombat,Protect,FakeOut|Adamant||F|||50|]Incineroar||ChopleBerry|Intimidate|DarkestLariat,FlareBlitz,Protect,FakeOut|Brave||F|||50|]Sinistcha||BrightPowder|Hospitality|MatchaGotcha,TrickRoom,RagePowder,ShadowBall|Relaxed|||||50|
|showteam|p2|Aerodactyl||Aerodactylite|Unnerve|RockSlide,IceFang,Tailwind,WideGuard|Jolly||M|||50|]Kingambit||FocusSash|Defiant|KowtowCleave,SuckerPunch,IronHead,LowKick|Adamant||M|||50|]Sylveon||FairyFeather|Pixilate|Detect,HyperVoice,HyperBeam,QuickAttack|Modest||M|||50|]Garchomp||LifeOrb|RoughSkin|Earthquake,DragonClaw,StompingTantrum,Protect|Jolly||F|||50|]Charizard||CharizarditeY|Blaze|Protect,HeatWave,SolarBeam,WeatherBall|Modest||M|||50|]Incineroar||SitrusBerry|Intimidate|DarkestLariat,FlareBlitz,FakeOut,PartingShot|Impish||F|||50|
|inactive|Battle timer is ON: inactive players will automatically lose when time's up. (requested by hihowareyabro)
|inactive|Juno48 has 60 seconds left.
|inactive|hihowareyabro has 30 seconds left.
|inactive|Juno48 has 30 seconds left.
|
|t:|1785921789
|teamsize|p1|4
|teamsize|p2|4
|start
|switch|p1a: Blastoise|Blastoise, L50, M|100/100
|switch|p1b: Sneasler|Sneasler, L50, F|100/100
|switch|p2a: Sylveon|Sylveon, L50, M|100/100
|switch|p2b: Garchomp|Garchomp, L50, F|100/100
|turn|1
|
|t:|1785921803
|detailschange|p1a: Blastoise|Blastoise-Mega, L50, M
|-mega|p1a: Blastoise|Blastoise|Blastoisinite
|move|p1b: Sneasler|Fake Out|p2a: Sylveon
|-damage|p2a: Sylveon|81/100
|move|p2b: Garchomp|Dragon Claw|p1a: Blastoise
|-damage|p1a: Blastoise|46/100
|-damage|p2b: Garchomp|90/100|[from] item: Life Orb
|move|p1a: Blastoise|Shell Smash|p1a: Blastoise
|-unboost|p1a: Blastoise|def|1
|-unboost|p1a: Blastoise|spd|1
|-boost|p1a: Blastoise|atk|2
|-boost|p1a: Blastoise|spa|2
|-boost|p1a: Blastoise|spe|2
|cant|p2a: Sylveon|flinch
|
|upkeep
|turn|2
|inactive|Juno48 has 30 seconds left.
|
|t:|1785921834
|switch|p2b: Incineroar|Incineroar, L50, F|100/100
|-ability|p2b: Incineroar|Intimidate|boost
|-unboost|p1a: Blastoise|atk|1
|-unboost|p1b: Sneasler|atk|1
|-enditem|p1b: Sneasler|White Herb
|-clearnegativeboost|p1b: Sneasler|[silent]
|move|p1a: Blastoise|Protect|p1a: Blastoise
|-singleturn|p1a: Blastoise|Protect
|move|p2a: Sylveon|Detect|p2a: Sylveon
|-singleturn|p2a: Sylveon|Protect
|move|p1b: Sneasler|Dire Claw|p2a: Sylveon
|-activate|p2a: Sylveon|move: Protect
|
|upkeep
|turn|3
|inactive|Juno48 has 30 seconds left.
|inactive|Juno48 has 20 seconds left.
|inactive|Juno48 has 15 seconds left.
|
|t:|1785921877
|move|p2b: Incineroar|Fake Out|p1a: Blastoise
|-damage|p1a: Blastoise|31/100
|move|p1b: Sneasler|Dire Claw|p2a: Sylveon
|-supereffective|p2a: Sylveon|1
|-crit|p2a: Sylveon
|-damage|p2a: Sylveon|0 fnt
|faint|p2a: Sylveon
|cant|p1a: Blastoise|flinch
|
|upkeep
|
|t:|1785921892
|switch|p2a: Charizard|Charizard, L50, M|100/100
|turn|4
|
|t:|1785921912
|detailschange|p2a: Charizard|Charizard-Mega-Y, L50, M
|-mega|p2a: Charizard|Charizard|Charizardite Y
|-weather|SunnyDay|[from] ability: Drought|[of] p2a: Charizard
|move|p1a: Blastoise|Protect|p1a: Blastoise
|-singleturn|p1a: Blastoise|Protect
|move|p1b: Sneasler|Close Combat|p2b: Incineroar
|-supereffective|p2b: Incineroar|1
|-damage|p2b: Incineroar|22/100
|-unboost|p1b: Sneasler|def|1
|-unboost|p1b: Sneasler|spd|1
|-enditem|p2b: Incineroar|Sitrus Berry|[eat]
|-heal|p2b: Incineroar|47/100|[from] item: Sitrus Berry
|move|p2a: Charizard|Heat Wave|p1a: Blastoise|[spread] 
|-activate|p1a: Blastoise|move: Protect
|-miss|p2a: Charizard|p1b: Sneasler
|move|p2b: Incineroar|Darkest Lariat|p1a: Blastoise
|-activate|p1a: Blastoise|move: Protect
|
|-weather|SunnyDay|[upkeep]
|upkeep
|turn|5
|inactive|Juno48 has 30 seconds left.
|inactive|Juno48 has 20 seconds left.
|
|t:|1785921947
|switch|p1b: Sinistcha|Sinistcha, L50|100/100
|-heal|p1a: Blastoise|55/100|[from] ability: Hospitality|[of] p1b: Sinistcha
|move|p1a: Blastoise|Water Spout|p2a: Charizard|[spread] p2a,p2b
|-supereffective|p2a: Charizard|1
|-supereffective|p2b: Incineroar|1
|-damage|p2a: Charizard|38/100
|-damage|p2b: Incineroar|0 fnt
|faint|p2b: Incineroar
|move|p2a: Charizard|Solar Beam||[still]
|-prepare|p2a: Charizard|Solar Beam
|-anim|p2a: Charizard|Solar Beam|p1a: Blastoise
|-supereffective|p1a: Blastoise|1
|-damage|p1a: Blastoise|0 fnt
|faint|p1a: Blastoise
|
|-weather|SunnyDay|[upkeep]
|upkeep
|inactive|hihowareyabro has 30 seconds left.
|
|t:|1785921977
|switch|p1a: Sneasler|Sneasler, L50, F|100/100
|switch|p2b: Garchomp|Garchomp, L50, F|90/100
|turn|6
|inactive|Juno48 has 30 seconds left.
|
|t:|1785922003
|move|p2a: Charizard|Protect|p2a: Charizard
|-singleturn|p2a: Charizard|Protect
|move|p1a: Sneasler|Fake Out|p2a: Charizard
|-activate|p2a: Charizard|move: Protect
|move|p2b: Garchomp|Stomping Tantrum|p1a: Sneasler
|-supereffective|p1a: Sneasler|1
|-damage|p1a: Sneasler|0 fnt
|faint|p1a: Sneasler
|-damage|p2b: Garchomp|80/100|[from] item: Life Orb
|move|p1b: Sinistcha|Matcha Gotcha|p2a: Charizard|[spread] p2b
|-activate|p2a: Charizard|move: Protect
|-damage|p2b: Garchomp|55/100
|-status|p2b: Garchomp|brn
|
|-weather|SunnyDay|[upkeep]
|-damage|p2b: Garchomp|49/100 brn|[from] brn
|upkeep
|
|t:|1785922018
|switch|p1a: Maushold|Maushold-Four, L50|100/100
|turn|7
|
|t:|1785922028
|move|p1a: Maushold|Population Bomb|p2a: Charizard
|-damage|p2a: Charizard|29/100
|-damage|p2a: Charizard|20/100y
|-damage|p2a: Charizard|11/100
|-damage|p2a: Charizard|2/100
|-damage|p2a: Charizard|0 fnt
|faint|p2a: Charizard
|-hitcount|p2: Charizard|5
|move|p2b: Garchomp|Earthquake|p1a: Maushold|[spread] p1a,p1b
|-resisted|p1b: Sinistcha|1
|-damage|p1a: Maushold|66/100
|-damage|p1b: Sinistcha|92/100
|-damage|p2b: Garchomp|39/100 brn|[from] item: Life Orb
|move|p1b: Sinistcha|Matcha Gotcha|p2b: Garchomp
|-damage|p2b: Garchomp|4/100 brn
|-heal|p1b: Sinistcha|100/100|[from] drain|[of] p2b: Garchomp
|
|-weather|SunnyDay|[upkeep]
|-damage|p2b: Garchomp|0 fnt|[from] brn
|faint|p2b: Garchomp
|
|win|hihowareyabro
|raw|hihowareyabro's rating: 1179 → 1198(+19 for winning)
|raw|Juno48's rating: 1098 → 1079(-19 for losing)
|l|☆hihowareyabro
|player|p1|
