|j|☆feraligagor
|j|☆Jakobtc
|html|feraligagorJakobtc    
|uhtml|bestof|Game 3 of a best-of-3
|t:|1756575289
|gametype|doubles
|player|p1|feraligagor|pokemonbreederf-gen4|1079
|player|p2|Jakobtc|riley|1089
|gen|9
|tier|[Gen 9] VGC 2025 Reg H (Bo3)
|rated|
|rule|Species Clause: Limit one of each Pokémon
|rule|Item Clause: Limit 1 of each item
|clearpoke
|poke|p1|Primarina, L50, F|
|poke|p1|Typhlosion-Hisui, L50, F|
|poke|p1|Ursaluna-Bloodmoon, L50, M|
|poke|p1|Porygon2, L50|
|poke|p1|Incineroar, L50, M|
|poke|p1|Amoonguss, L50, F|
|poke|p2|Whimsicott, L50, M|
|poke|p2|Typhlosion-Hisui, L50, M|
|poke|p2|Ursaluna-Bloodmoon, L50, M|
|poke|p2|Farigiraf, L50, M|
|poke|p2|Kingambit, L50, F|
|poke|p2|Clefairy, L50, M|
|teampreview|4
|showteam|p1|Primarina||ThroatSpray|LiquidVoice|HyperVoice,Moonblast,Haze,Protect|||F|||50|,,,,,Water]Typhlosion-Hisui||ChoiceSpecs|Blaze|Eruption,ShadowBall,HeatWave,FocusBlast|||F|||50|,,,,,Fire]Ursaluna-Bloodmoon||Leftovers|MindsEye|BloodMoon,HyperVoice,EarthPower,Protect|||M|||50|,,,,,Ground]Porygon2||Eviolite|Download|TrickRoom,Recover,FoulPlay,IceBeam||||||50|,,,,,Normal]Incineroar||SafetyGoggles|Intimidate|FakeOut,PartingShot,FlareBlitz,KnockOff|||M|||50|,,,,,Fire]Amoonguss||RockyHelmet|Regenerator|Spore,RagePowder,PollenPuff,Protect|||F|||50|,,,,,Grass
|showteam|p2|Whimsicott||CovertCloak|Prankster|Moonblast,Tailwind,SunnyDay,MistyTerrain|||M|||50|,,,,,Dark]Typhlosion-Hisui||ChoiceSpecs|Blaze|Eruption,HeatWave,ShadowBall,Overheat|||M|||50|,,,,,Fire]Ursaluna-Bloodmoon||LifeOrb|MindsEye|BloodMoon,HyperVoice,EarthPower,Protect|||M|||50|,,,,,Normal]Farigiraf||ThroatSpray|ArmorTail|HyperVoice,Psychic,TrickRoom,Protect|||M|||50|,,,,,Fire]Kingambit||AssaultVest|Defiant|KowtowCleave,SuckerPunch,IronHead,TeraBlast|||F|||50|,,,,,Fairy]Clefairy||Eviolite|FriendGuard|FollowMe,HelpingHand,AfterYou,Protect|||M|||50|,,,,,Water
|inactive|Battle timer is ON: inactive players will automatically lose when time's up. (requested by feraligagor)
|
|t:|1756575310
|teamsize|p1|4
|teamsize|p2|4
|start
|switch|p1a: Primarina|Primarina, L50, F, shiny|100/100
|switch|p1b: Amoonguss|Amoonguss, L50, F, shiny|100/100
|switch|p2a: Kingambit|Kingambit, L50, F|100/100
|switch|p2b: Clefairy|Clefairy, L50, M|100/100
|turn|1
|
|t:|1756575335
|-terastallize|p1a: Primarina|Water
|move|p2b: Clefairy|Helping Hand|p2a: Kingambit
|-singleturn|p2a: Kingambit|Helping Hand|[of] p2b: Clefairy
|move|p1a: Primarina|Hyper Voice|p2b: Clefairy|[spread] p2a,p2b
|-damage|p2a: Kingambit|82/100
|-damage|p2b: Clefairy|72/100
|-enditem|p1a: Primarina|Throat Spray
|-boost|p1a: Primarina|spa|1|[from] item: Throat Spray
|move|p2a: Kingambit|Kowtow Cleave|p1b: Amoonguss
|-damage|p1b: Amoonguss|35/100
|-damage|p2a: Kingambit|65/100|[from] item: Rocky Helmet|[of] p1b: Amoonguss
|move|p1b: Amoonguss|Spore|p2b: Clefairy
|-status|p2b: Clefairy|slp|[from] move: Spore
|
|upkeep
|turn|2
|
|t:|1756575358
|cant|p2b: Clefairy|slp
|move|p1a: Primarina|Hyper Voice|p2a: Kingambit|[spread] p2a,p2b
|-damage|p2a: Kingambit|35/100
|-damage|p2b: Clefairy|28/100 slp
|move|p2a: Kingambit|Kowtow Cleave|p1a: Primarina
|-damage|p1a: Primarina|38/100
|move|p1b: Amoonguss|Spore|p2a: Kingambit
|-status|p2a: Kingambit|slp|[from] move: Spore
|
|upkeep
|turn|3
|
|t:|1756575370
|-curestatus|p2b: Clefairy|slp|[msg]
|move|p2b: Clefairy|Follow Me|p2b: Clefairy
|-singleturn|p2b: Clefairy|move: Follow Me
|move|p1a: Primarina|Hyper Voice|p2b: Clefairy|[spread] p2a,p2b
|-damage|p2a: Kingambit|9/100 slp
|-damage|p2b: Clefairy|0 fnt
|faint|p2b: Clefairy
|cant|p2a: Kingambit|slp
|move|p1b: Amoonguss|Pollen Puff|p1a: Primarina
|-heal|p1a: Primarina|88/100
|
|upkeep
|
|t:|1756575385
|switch|p2b: Ursaluna|Ursaluna-Bloodmoon, L50, M|100/100
|turn|4
|
|t:|1756575394
|-terastallize|p2b: Ursaluna|Normal
|cant|p2a: Kingambit|slp
|move|p2b: Ursaluna|Hyper Voice|p1b: Amoonguss|[spread] p1a,p1b
|-damage|p1a: Primarina|46/100
|-damage|p1b: Amoonguss|0 fnt
|faint|p1b: Amoonguss
|-damage|p2b: Ursaluna|91/100|[from] item: Life Orb
|move|p1a: Primarina|Hyper Voice|p2a: Kingambit|[spread] p2a,p2b
|-damage|p2a: Kingambit|0 fnt
|-damage|p2b: Ursaluna|20/100
|faint|p2a: Kingambit
|
|upkeep
|
|t:|1756575405
|switch|p2a: Farigiraf|Farigiraf, L50, M|100/100
|switch|p1b: Incineroar|Incineroar, L50, M, shiny|100/100
|-ability|p1b: Incineroar|Intimidate|boost
|-unboost|p2a: Farigiraf|atk|1
|-unboost|p2b: Ursaluna|atk|1
|turn|5
|
|t:|1756575428
|move|p2b: Ursaluna|Blood Moon|p1b: Incineroar
|-damage|p1b: Incineroar|8/100
|-damage|p2b: Ursaluna|11/100|[from] item: Life Orb
|move|p2a: Farigiraf|Hyper Voice|p1b: Incineroar|[spread] p1a,p1b
|-damage|p1a: Primarina|27/100
|-damage|p1b: Incineroar|0 fnt
|faint|p1b: Incineroar
|-enditem|p2a: Farigiraf|Throat Spray
|-boost|p2a: Farigiraf|spa|1|[from] item: Throat Spray
|move|p1a: Primarina|Hyper Voice|p2a: Farigiraf|[spread] p2a,p2b
|-damage|p2a: Farigiraf|34/100
|-damage|p2b: Ursaluna|0 fnt
|faint|p2b: Ursaluna
|
|upkeep
|
|t:|1756575436
|switch|p1b: Ursaluna|Ursaluna-Bloodmoon, L50, M|100/100
|turn|6
|
|t:|1756575443
|move|p2a: Farigiraf|Hyper Voice|p1a: Primarina|[spread] p1a,p1b
|-damage|p1a: Primarina|0 fnt
|-damage|p1b: Ursaluna|51/100
|faint|p1a: Primarina
|move|p1b: Ursaluna|Blood Moon|p2a: Farigiraf
|-damage|p2a: Farigiraf|0 fnt
|faint|p2a: Farigiraf
|
|win|feraligagor
|raw|feraligagor's rating: 1079 → 1108(+29 for winning)
|raw|Jakobtc's rating: 1089 → 1065(-24 for losing)
|c|☆feraligagor|gg
|c|☆Jakobtc|gg
