|j|☆Talos2BA.G.
|j|☆viatles
|html|Talos2BA.G.viatles    
|uhtml|bestof|Game 3 of a best-of-3
|t:|1756239422
|gametype|doubles
|player|p1|Talos2BA.G.|lucian|1014
|player|p2|viatles|hiker|1057
|gen|9
|tier|[Gen 9] VGC 2025 Reg H (Bo3)
|rated|
|rule|Species Clause: Limit one of each Pokémon
|rule|Item Clause: Limit 1 of each item
|clearpoke
|poke|p1|Politoed, L50, M|
|poke|p1|Kingdra, L50, M|
|poke|p1|Gothitelle, L50, F|
|poke|p1|Incineroar, L50, M|
|poke|p1|Amoonguss, L50, F|
|poke|p1|Archaludon, L50, M|
|poke|p2|Oricorio-Sensu, L50, M|
|poke|p2|Volcarona, L50, F|
|poke|p2|Sylveon, L50, F|
|poke|p2|Murkrow, L50, M|
|poke|p2|Dragapult, L50, M|
|poke|p2|Baxcalibur, L50, M|
|teampreview|4
|showteam|p1|Politoed||Leftovers|Drizzle|WeatherBall,PerishSong,Protect,Encore|||M|||50|,,,,,Grass]Kingdra||LifeOrb|SwiftSwim|WeatherBall,MuddyWater,DracoMeteor,Protect|||M|||50|,,,,,Stellar]Gothitelle||SitrusBerry|ShadowTag|FakeOut,Psychic,Protect,TrickRoom|||F|||50|,,,,,Dark]Incineroar||SafetyGoggles|Intimidate|FakeOut,KnockOff,PartingShot,Protect|||M|||50|,,,,,Ghost]Amoonguss||EjectButton|Regenerator|PollenPuff,Spore,RagePowder,Protect|||F|||50|,,,,,Fairy]Archaludon||PowerHerb|Sturdy|ElectroShot,DragonPulse,FlashCannon,Protect|||M|||50|,,,,,Electric
|showteam|p2|Oricorio-Sensu||FocusSash|Dancer|QuiverDance,BatonPass,RevelationDance,Protect|||M|||50|,,,,,Fighting]Volcarona||SitrusBerry|FlameBody|QuiverDance,GigaDrain,FieryDance,Protect|||F|||50|,,,,,Grass]Sylveon||ChoiceScarf|Pixilate|HyperVoice,TeraBlast,StoredPower,SleepTalk|||F|||50|,,,,,Ground]Murkrow||Eviolite|Prankster|Tailwind,FoulPlay,Haze,FeatherDance|||M|||50|,,,,,Dark]Dragapult||CovertCloak|ClearBody|DragonCheer,DragonDarts,Protect,PhantomForce|||M|||50|,,,,,Stellar]Baxcalibur||LoadedDice|ThermalExchange|IcicleSpear,ScaleShot,GlaiveRush,Protect|||M|||50|,,,,,Grass
|inactive|Battle timer is ON: inactive players will automatically lose when time's up. (requested by Talos2BA.G.)
|
|t:|1756239432
|teamsize|p1|4
|teamsize|p2|4
|start
|switch|p1a: Running wake|Kingdra, L50, M, shiny|100/100
|switch|p1b: Kermit|Politoed, L50, M|100/100
|switch|p2a: Murkrow|Murkrow, L50, M|100/100
|switch|p2b: Dragapult|Dragapult, L50, M|100/100
|-weather|RainDance|[from] ability: Drizzle|[of] p1b: Kermit
|turn|1
|
|t:|1756239448
|switch|p1a: Wednesday|Gothitelle, L50, F|100/100
|move|p2a: Murkrow|Tailwind|p2a: Murkrow
|-sidestart|p2: viatles|move: Tailwind
|move|p2b: Dragapult|Phantom Force||[still]
|-prepare|p2b: Dragapult|Phantom Force
|move|p1b: Kermit|Perish Song|p1b: Kermit
|-start|p1a: Wednesday|perish3|[silent]
|-start|p1b: Kermit|perish3|[silent]
|-start|p2a: Murkrow|perish3|[silent]
|-miss|p1b: Kermit|p2b: Dragapult
|-fieldactivate|move: Perish Song
|
|-weather|RainDance|[upkeep]
|-start|p2a: Murkrow|perish3
|-start|p1b: Kermit|perish3
|-start|p1a: Wednesday|perish3
|upkeep
|turn|2
|inactive|Talos2BA.G. has 30 seconds left.
|
|t:|1756239475
|-terastallize|p1a: Wednesday|Dark
|move|p2b: Dragapult|Phantom Force|p1a: Wednesday|[from] lockedmove
|-resisted|p1a: Wednesday
|-damage|p1a: Wednesday|79/100
|move|p2a: Murkrow|Foul Play|p1b: Kermit
|-damage|p1b: Kermit|77/100
|move|p1b: Kermit|Encore|p2a: Murkrow
|-start|p2a: Murkrow|Encore
|move|p1a: Wednesday|Trick Room|p1a: Wednesday
|-fieldstart|move: Trick Room|[of] p1a: Wednesday
|
|-weather|RainDance|[upkeep]
|-heal|p1b: Kermit|83/100|[from] item: Leftovers
|-start|p1a: Wednesday|perish2
|-start|p1b: Kermit|perish2
|-start|p2a: Murkrow|perish2
|upkeep
|turn|3
|
|t:|1756239496
|move|p1a: Wednesday|Psychic|p2b: Dragapult
|-damage|p2b: Dragapult|58/100
|move|p1b: Kermit|Weather Ball|p2b: Dragapult
|-resisted|p2b: Dragapult
|-damage|p2b: Dragapult|24/100
|move|p2a: Murkrow|Foul Play|p1a: Wednesday
|-resisted|p1a: Wednesday
|-damage|p1a: Wednesday|69/100
|move|p2b: Dragapult|Phantom Force||[still]
|-prepare|p2b: Dragapult|Phantom Force
|
|-weather|RainDance|[upkeep]
|-heal|p1b: Kermit|89/100|[from] item: Leftovers
|-start|p1a: Wednesday|perish1
|-start|p1b: Kermit|perish1
|-start|p2a: Murkrow|perish1
|upkeep
|turn|4
|
|t:|1756239517
|switch|p1b: nya:3|Incineroar, L50, M|100/100
|-ability|p1b: nya:3|Intimidate|boost
|-unboost|p2a: Murkrow|atk|1
|-fail|p2b: Dragapult|unboost|[from] ability: Clear Body|[of] p2b: Dragapult
|move|p1a: Wednesday|Psychic|p2b: Dragapult|[miss]
|-miss|p1a: Wednesday|p2b: Dragapult
|move|p2a: Murkrow|Foul Play|p1b: nya:3
|-resisted|p1b: nya:3
|-damage|p1b: nya:3|83/100
|move|p2b: Dragapult|Phantom Force|p1a: Wednesday|[from] lockedmove
|-resisted|p1a: Wednesday
|-damage|p1a: Wednesday|50/100
|-enditem|p1a: Wednesday|Sitrus Berry|[eat]
|-heal|p1a: Wednesday|75/100|[from] item: Sitrus Berry
|
|-weather|RainDance|[upkeep]
|-start|p1a: Wednesday|perish0
|-start|p2a: Murkrow|perish0
|-sideend|p2: viatles|move: Tailwind
|faint|p1a: Wednesday
|faint|p2a: Murkrow
|upkeep
|
|t:|1756239539
|switch|p1a: Kermit|Politoed, L50, M|89/100
|switch|p2a: Oricorio|Oricorio-Sensu, L50, M|100/100
|turn|5
|inactive|viatles has 30 seconds left.
|
|t:|1756239570
|-terastallize|p2a: Oricorio|Fighting
|move|p1b: nya:3|Knock Off|p2a: Oricorio
|-resisted|p2a: Oricorio
|-damage|p2a: Oricorio|68/100
|-enditem|p2a: Oricorio|Focus Sash|[from] move: Knock Off|[of] p1b: nya:3
|move|p1a: Kermit|Weather Ball|p2b: Dragapult
|-resisted|p2b: Dragapult
|-damage|p2b: Dragapult|0 fnt
|faint|p2b: Dragapult
|move|p2a: Oricorio|Revelation Dance|p1b: nya:3
|-supereffective|p1b: nya:3
|-damage|p1b: nya:3|17/100
|
|-weather|none
|-heal|p1a: Kermit|95/100|[from] item: Leftovers
|upkeep
|
|t:|1756239585
|switch|p2b: Volcarona|Volcarona, L50, F|100/100
|turn|6
|
|t:|1756239600
|switch|p1b: Running wake|Kingdra, L50, M, shiny|100/100
|move|p2a: Oricorio|Protect|p2a: Oricorio
|-singleturn|p2a: Oricorio|Protect
|move|p1a: Kermit|Perish Song|p1a: Kermit
|-start|p1a: Kermit|perish3|[silent]
|-start|p1b: Running wake|perish3|[silent]
|-start|p2a: Oricorio|perish3|[silent]
|-start|p2b: Volcarona|perish3|[silent]
|-fieldactivate|move: Perish Song
|move|p2b: Volcarona|Quiver Dance|p2b: Volcarona
|-boost|p2b: Volcarona|spa|1
|-boost|p2b: Volcarona|spd|1
|-boost|p2b: Volcarona|spe|1
|-activate|p2a: Oricorio|ability: Dancer
|move|p2a: Oricorio|Quiver Dance|p2a: Oricorio|[from] ability: Dancer
|-boost|p2a: Oricorio|spa|1
|-boost|p2a: Oricorio|spd|1
|-boost|p2a: Oricorio|spe|1
|
|-heal|p1a: Kermit|100/100|[from] item: Leftovers
|-start|p1a: Kermit|perish3
|-start|p1b: Running wake|perish3
|-start|p2b: Volcarona|perish3
|-start|p2a: Oricorio|perish3
|-fieldend|move: Trick Room
|upkeep
|turn|7
|inactive|viatles has 30 seconds left.
|inactive|Talos2BA.G. has 30 seconds left.
|
|t:|1756239636
|move|p2a: Oricorio|Revelation Dance|p1b: Running wake
|-damage|p1b: Running wake|34/100
|move|p2b: Volcarona|Fiery Dance|p1b: Running wake
|-resisted|p1b: Running wake
|-damage|p1b: Running wake|14/100
|-boost|p2b: Volcarona|spa|1
|-activate|p2a: Oricorio|ability: Dancer
|move|p2a: Oricorio|Fiery Dance|p1b: Running wake|[from] ability: Dancer
|-resisted|p1b: Running wake
|-damage|p1b: Running wake|4/100
|-boost|p2a: Oricorio|spa|1
|move|p1b: Running wake|Draco Meteor|p2b: Volcarona
|-damage|p2b: Volcarona|55/100
|-unboost|p1b: Running wake|spa|2
|-damage|p1b: Running wake|0 fnt|[from] item: Life Orb
|faint|p1b: Running wake
|move|p1a: Kermit|Encore|p2a: Oricorio
|-start|p2a: Oricorio|Encore
|
|-start|p2a: Oricorio|perish2
|-start|p2b: Volcarona|perish2
|-start|p1a: Kermit|perish2
|upkeep
|
|t:|1756239643
|switch|p1b: nya:3|Incineroar, L50, M|17/100
|-ability|p1b: nya:3|Intimidate|boost
|-unboost|p2a: Oricorio|atk|1
|-unboost|p2b: Volcarona|atk|1
|turn|8
|inactive|Talos2BA.G. has 30 seconds left.
|inactive|viatles has 30 seconds left.
|
|t:|1756239674
|move|p1b: nya:3|Fake Out|p2a: Oricorio
|-damage|p2a: Oricorio|51/100
|cant|p2a: Oricorio|flinch
|move|p2b: Volcarona|Fiery Dance|p1b: nya:3
|-resisted|p1b: nya:3
|-damage|p1b: nya:3|0 fnt
|faint|p1b: nya:3
|-activate|p2a: Oricorio|ability: Dancer
|cant|p2a: Oricorio|flinch
|move|p1a: Kermit|Encore|p2b: Volcarona
|-start|p2b: Volcarona|Encore
|
|-start|p2a: Oricorio|perish1
|-start|p2b: Volcarona|perish1
|-start|p1a: Kermit|perish1
|upkeep
|turn|9
|
|t:|1756239694
|move|p1a: Kermit|Protect|p1a: Kermit
|-singleturn|p1a: Kermit|Protect
|move|p2a: Oricorio|Revelation Dance|p1a: Kermit
|-activate|p1a: Kermit|move: Protect
|move|p2b: Volcarona|Fiery Dance|p1a: Kermit
|-activate|p1a: Kermit|move: Protect
|
|-start|p2a: Oricorio|perish0
|-start|p2b: Volcarona|perish0
|-start|p1a: Kermit|perish0
|faint|p2a: Oricorio
|faint|p2b: Volcarona
|faint|p1a: Kermit
|
|win|Talos2BA.G.
|raw|Talos2BA.G.'s rating: 1014 → 1057(+43 for winning)
|raw|viatles's rating: 1057 → 1036(-21 for losing)
|c|☆viatles|ggs
