|j|☆Zero_BlazeVGC
|j|☆chalizhou
|html|Zero_BlazeVGCchalizhou    
|uhtml|bestof|Game 2 of a best-of-3
|t:|1756739232
|gametype|doubles
|player|p1|Zero_BlazeVGC|flint|1245
|player|p2|chalizhou|rosa|1210
|gen|9
|tier|[Gen 9] VGC 2025 Reg H (Bo3)
|rated|
|rule|Species Clause: Limit one of each Pokémon
|rule|Item Clause: Limit 1 of each item
|clearpoke
|poke|p1|Gholdengo, L50|
|poke|p1|Pelipper, L50, M|
|poke|p1|Basculegion, L50, M|
|poke|p1|Amoonguss, L50, F|
|poke|p1|Archaludon, L50, M|
|poke|p1|Incineroar, L50, M|
|poke|p2|Incineroar, L50, M|
|poke|p2|Rillaboom, L50, M|
|poke|p2|Tatsugiri, L50, M|
|poke|p2|Dondozo, L50, M|
|poke|p2|Dragonite, L50, F|
|poke|p2|Sableye, L50, F|
|teampreview|4
|showteam|p1|Gholdengo||LifeOrb|GoodasGold|Protect,NastyPlot,MakeItRain,ShadowBall||||||50|,,,,,Water]Pelipper||FocusSash|Drizzle|Protect,Tailwind,MuddyWater,Hurricane|||M|||50|,,,,,Stellar]Basculegion||ChoiceBand|SwiftSwim|AquaJet,WaveCrash,FlipTurn,LastRespects|||M|||50|,,,,,Fairy]Amoonguss||SitrusBerry|Regenerator|PollenPuff,Spore,RagePowder,Protect|||F|||50|,,,,,Fairy]Archaludon||AssaultVest|Stamina|ElectroShot,Snarl,FlashCannon,BodyPress|||M|||50|,,,,,Bug]Incineroar||SafetyGoggles|Intimidate|FakeOut,KnockOff,PartingShot,Taunt|||M|||50|,,,,,Ghost
|showteam|p2|Incineroar||AssaultVest|Intimidate|FakeOut,FlareBlitz,KnockOff,Uturn|||M|||50|,,,,,Water]Rillaboom||MiracleSeed|GrassySurge|WoodHammer,FakeOut,Protect,GrassyGlide|||M|||50|,,,,,Grass]Tatsugiri||ChoiceSpecs|Commander|MuddyWater,DracoMeteor,ChillingWater,IcyWind|||M|||50|,,,,,Dragon]Dondozo||Leftovers|Unaware|OrderUp,Protect,WaveCrash,RockSlide|||M|||50|,,,,,Steel]Dragonite||LoadedDice|Multiscale|Roost,Tailwind,ScaleShot,Haze|||F|||50|,,,,,Dragon]Sableye||SitrusBerry|Prankster|Recover,Taunt,Reflect,LightScreen|||F|||50|,,,,,Dark
|
|t:|1756739267
|teamsize|p1|4
|teamsize|p2|4
|start
|switch|p1a: Incineroar|Incineroar, L50, M|100/100
|switch|p1b: Benadryl|Amoonguss, L50, F|100/100
|switch|p2a: Incineroar|Incineroar, L50, M, shiny|100/100
|switch|p2b: Dondozo|Dondozo, L50, M, shiny|100/100
|-ability|p1a: Incineroar|Intimidate|boost
|-unboost|p2a: Incineroar|atk|1
|-unboost|p2b: Dondozo|atk|1
|-ability|p2a: Incineroar|Intimidate|boost
|-unboost|p1a: Incineroar|atk|1
|-unboost|p1b: Benadryl|atk|1
|turn|1
|
|t:|1756739284
|move|p2b: Dondozo|Protect|p2b: Dondozo
|-singleturn|p2b: Dondozo|Protect
|move|p1a: Incineroar|Fake Out|p2b: Dondozo
|-activate|p2b: Dondozo|move: Protect
|move|p2a: Incineroar|Flare Blitz|p1b: Benadryl
|-supereffective|p1b: Benadryl
|-damage|p1b: Benadryl|39/100
|-enditem|p1b: Benadryl|Sitrus Berry|[eat]
|-heal|p1b: Benadryl|64/100|[from] item: Sitrus Berry
|-damage|p2a: Incineroar|78/100|[from] Recoil
|move|p1b: Benadryl|Spore|p2a: Incineroar
|-status|p2a: Incineroar|slp|[from] move: Spore
|
|upkeep
|turn|2
|inactive|Battle timer is ON: inactive players will automatically lose when time's up. (requested by Zero_BlazeVGC)
|inactive|chalizhou has 60 seconds left.
|inactive|chalizhou has 30 seconds left.
|
|t:|1756739375
|switch|p2a: Dragonite|Dragonite, L50, F|100/100
|move|p2b: Dondozo|Protect||[still]
|-fail|p2b: Dondozo
|move|p1a: Incineroar|Parting Shot|p2b: Dondozo
|-unboost|p2b: Dondozo|atk|1
|-unboost|p2b: Dondozo|spa|1
|
|t:|1756739384
|switch|p1a: Metalman|Archaludon, L50, M|100/100|[from] Parting Shot
|move|p1b: Benadryl|Spore|p2b: Dondozo
|-status|p2b: Dondozo|slp|[from] move: Spore
|
|upkeep
|turn|3
|
|t:|1756739400
|switch|p1b: Incineroar|Incineroar, L50, M|100/100
|-ability|p1b: Incineroar|Intimidate|boost
|-unboost|p2a: Dragonite|atk|1
|-unboost|p2b: Dondozo|atk|1
|move|p1a: Metalman|Flash Cannon|p2a: Dragonite
|-damage|p2a: Dragonite|84/100
|move|p2a: Dragonite|Scale Shot|p1b: Incineroar
|-damage|p1b: Incineroar|92/100
|-damage|p1b: Incineroar|83/100
|-damage|p1b: Incineroar|74/100
|-damage|p1b: Incineroar|65/100
|-damage|p1b: Incineroar|57/100
|-hitcount|p1b: Incineroar|5
|-unboost|p2a: Dragonite|def|1
|-boost|p2a: Dragonite|spe|1
|cant|p2b: Dondozo|slp
|
|upkeep
|turn|4
|inactive|chalizhou has 30 seconds left.
|
|t:|1756739426
|cant|p2b: Dondozo|slp
|move|p2a: Dragonite|Tailwind|p2a: Dragonite
|-sidestart|p2: chalizhou|move: Tailwind
|move|p1a: Metalman|Flash Cannon|p2a: Dragonite
|-damage|p2a: Dragonite|52/100
|move|p1b: Incineroar|Knock Off|p2b: Dondozo
|-damage|p2b: Dondozo|76/100 slp
|-enditem|p2b: Dondozo|Leftovers|[from] move: Knock Off|[of] p1b: Incineroar
|
|upkeep
|turn|5
|
|t:|1756739447
|move|p2a: Dragonite|Haze|p2a: Dragonite
|-clearallboost
|move|p1a: Metalman|Flash Cannon|p2a: Dragonite
|-damage|p2a: Dragonite|20/100
|move|p1b: Incineroar|Parting Shot|p2b: Dondozo
|-unboost|p2b: Dondozo|atk|1
|-unboost|p2b: Dondozo|spa|1
|
|t:|1756739455
|switch|p1b: Benadryl|Amoonguss, L50, F|97/100|[from] Parting Shot
|cant|p2b: Dondozo|slp
|
|upkeep
|turn|6
|
|t:|1756739469
|move|p2a: Dragonite|Roost|p2a: Dragonite
|-heal|p2a: Dragonite|70/100
|-singleturn|p2a: Dragonite|move: Roost
|move|p1a: Metalman|Flash Cannon|p2a: Dragonite
|-damage|p2a: Dragonite|38/100
|-curestatus|p2b: Dondozo|slp|[msg]
|move|p2b: Dondozo|Order Up|p1a: Metalman
|-damage|p1a: Metalman|87/100
|-ability|p1a: Metalman|Stamina|boost
|-boost|p1a: Metalman|def|1
|move|p1b: Benadryl|Spore|p2b: Dondozo
|-status|p2b: Dondozo|slp|[from] move: Spore
|
|upkeep
|turn|7
|
|t:|1756739493
|switch|p2b: Tatsugiri|Tatsugiri, L50, M|100/100
|move|p2a: Dragonite|Roost|p2a: Dragonite
|-heal|p2a: Dragonite|88/100
|-singleturn|p2a: Dragonite|move: Roost
|move|p1a: Metalman|Body Press|p2b: Tatsugiri
|-damage|p2b: Tatsugiri|14/100
|move|p1b: Benadryl|Spore|p2a: Dragonite
|-status|p2a: Dragonite|slp|[from] move: Spore
|
|-sideend|p2: chalizhou|move: Tailwind
|upkeep
|turn|8
|
|t:|1756739516
|switch|p1b: Incineroar|Incineroar, L50, M|57/100
|-ability|p1b: Incineroar|Intimidate|boost
|-unboost|p2a: Dragonite|atk|1
|-unboost|p2b: Tatsugiri|atk|1
|move|p1a: Metalman|Body Press|p2b: Tatsugiri
|-damage|p2b: Tatsugiri|0 fnt
|faint|p2b: Tatsugiri
|cant|p2a: Dragonite|slp
|
|upkeep
|-message|chalizhou forfeited.
|
|win|Zero_BlazeVGC
|raw|Zero_BlazeVGC's rating: 1245 → 1267(+22 for winning)
|raw|chalizhou's rating: 1210 → 1188(-22 for losing)
|l|☆chalizhou
|player|p2|
