|j|☆KatKraydel
|j|☆ShadowGhost4488
|html|KatKraydelShadowGhost4488    
|uhtml|bestof|Game 2 of a best-of-3
|t:|1783534193
|gametype|doubles
|player|p1|KatKraydel|lebanne|
|player|p2|ShadowGhost4488|unknownf|
|gen|9
|tier|[Gen 9 Champions] VGC 2026 Reg M-B (Bo3)
|rule|Species Clause: Limit one of each Pokémon
|rule|Item Clause: Limit 1 of each item
|clearpoke
|poke|p1|Tyranitar, L50, M|
|poke|p1|Whimsicott, L50, F|
|poke|p1|Excadrill, L50, M|
|poke|p1|Kommo-o, L50, M|
|poke|p1|Venusaur, L50, M|
|poke|p1|Basculegion, L50, M|
|poke|p2|Scrafty, L50, M, shiny|
|poke|p2|Golurk, L50, shiny|
|poke|p2|Sylveon, L50, F, shiny|
|poke|p2|Torkoal, L50, M, shiny|
|poke|p2|Farigiraf, L50, F, shiny|
|poke|p2|Sinistcha, L50, shiny|
|teampreview|4
|showteam|p1|Tyranitar||Tyranitarite|SandStream|RockSlide,KnockOff,IcePunch,Protect|Adamant||M|||50|]Whimsicott||MentalHerb|Prankster|Moonblast,Tailwind,FakeTears,Protect|Bold||F|||50|]Excadrill||FocusSash|SandRush|HighHorsepower,IronHead,RockTomb,Protect|Adamant||M|||50|]Kommo-o||LifeOrb|Overcoat|ClangingScales,AuraSphere,FlashCannon,Protect|Modest||M|||50|]Venusaur||Venusaurite|Chlorophyll|EnergyBall,SludgeBomb,EarthPower,Protect|Modest||M|||50|]Basculegion||ChoiceScarf|Adaptability|WaveCrash,LastRespects,AquaJet,FlipTurn|Adamant||M|||50|
|showteam|p2|Scrafty||Scraftinite|Intimidate|Detect,CloseCombat,KnockOff,FakeOut|Brave||M|||50|]Golurk||Golurkite|IronFist|HeadlongRush,Poltergeist,Protect,RockSlide|Brave|||||50|]Sylveon||FairyFeather|Pixilate|Detect,QuickAttack,HyperVoice,HyperBeam|Quiet||F|||50|]Torkoal||Charcoal|Drought|Eruption,EarthPower,Protect,WeatherBall|Quiet||M|||50|]Farigiraf||SitrusBerry|ArmorTail|TrickRoom,HelpingHand,Thunderbolt,TwinBeam|Relaxed||F|||50|]Sinistcha||ColburBerry|Hospitality|MatchaGotcha,TrickRoom,RagePowder,LifeDew|Relaxed|||||50|
|inactive|Battle timer is ON: inactive players will automatically lose when time's up. (requested by ShadowGhost4488)
|
|t:|1783534221
|teamsize|p1|4
|teamsize|p2|4
|start
|switch|p1a: Bounce Man|Whimsicott, L50, F|100/100
|switch|p1b: Weeds|Venusaur, L50, M|100/100
|switch|p2a: Farigiraf|Farigiraf, L50, F, shiny|100/100
|switch|p2b: Scrafty|Scrafty, L50, M, shiny|100/100
|-ability|p2b: Scrafty|Intimidate|boost
|-unboost|p1a: Bounce Man|atk|1
|-unboost|p1b: Weeds|atk|1
|turn|1
|
|t:|1783534231
|detailschange|p1b: Weeds|Venusaur-Mega, L50, M
|-mega|p1b: Weeds|Venusaur|Venusaurite
|move|p2b: Scrafty|Fake Out|p1a: Bounce Man
|-damage|p1a: Bounce Man|86/100
|cant|p1a: Bounce Man|flinch
|move|p1b: Weeds|Sludge Bomb|p2a: Farigiraf
|-damage|p2a: Farigiraf|53/100
|move|p2a: Farigiraf|Trick Room|p2a: Farigiraf
|-fieldstart|move: Trick Room|[of] p2a: Farigiraf
|
|upkeep
|turn|2
|inactive|ShadowGhost4488 has 30 seconds left.
|inactive|ShadowGhost4488 has 20 seconds left.
|
|t:|1783534266
|switch|p2b: Sinistcha|Sinistcha, L50, shiny|100/100
|-heal|p2a: Farigiraf|78/100|[from] ability: Hospitality|[of] p2b: Sinistcha
|move|p2a: Farigiraf|Twin Beam|p1b: Weeds
|-supereffective|p1b: Weeds|1
|-damage|p1b: Weeds|74/100
|-supereffective|p1b: Weeds|1
|-damage|p1b: Weeds|48/100
|-hitcount|p1b: Weeds|2
|move|p1b: Weeds|Sludge Bomb|p2b: Sinistcha
|-damage|p2b: Sinistcha|52/100
|move|p1a: Bounce Man|Moonblast|p2b: Sinistcha
|-damage|p2b: Sinistcha|26/100
|
|upkeep
|turn|3
|inactive|ShadowGhost4488 has 30 seconds left.
|
|t:|1783534301
|switch|p1b: Tug of War|Excadrill, L50, M|100/100
|move|p2a: Farigiraf|Twin Beam|p1b: Tug of War
|-resisted|p1b: Tug of War|1
|-damage|p1b: Tug of War|90/100
|-resisted|p1b: Tug of War|1
|-damage|p1b: Tug of War|80/100
|-hitcount|p1b: Tug of War|2
|move|p2b: Sinistcha|Life Dew|p2b: Sinistcha|[spread] p2a,p2b
|-heal|p2a: Farigiraf|100/100
|-heal|p2b: Sinistcha|52/100
|move|p1a: Bounce Man|Moonblast|p2b: Sinistcha
|-damage|p2b: Sinistcha|26/100
|
|upkeep
|turn|4
|inactive|ShadowGhost4488 has 30 seconds left.
|
|t:|1783534335
|switch|p2a: Scrafty|Scrafty, L50, M, shiny|100/100
|-ability|p2a: Scrafty|Intimidate|boost
|-unboost|p1a: Bounce Man|atk|1
|-unboost|p1b: Tug of War|atk|1
|move|p2b: Sinistcha|Matcha Gotcha|p1b: Tug of War|[spread] p1a,p1b
|-resisted|p1a: Bounce Man|1
|-damage|p1a: Bounce Man|73/100
|-heal|p2b: Sinistcha|33/100|[from] drain|[of] p1a: Bounce Man
|-damage|p1b: Tug of War|49/100
|-heal|p2b: Sinistcha|50/100y|[from] drain|[of] p1b: Tug of War
|move|p1a: Bounce Man|Moonblast|p2b: Sinistcha
|-damage|p2b: Sinistcha|24/100
|-unboost|p2b: Sinistcha|spa|1
|move|p1b: Tug of War|Iron Head|p2b: Sinistcha
|-damage|p2b: Sinistcha|1/100
|
|upkeep
|turn|5
|
|t:|1783534356
|switch|p1b: Weeds|Venusaur-Mega, L50, M|48/100
|detailschange|p2a: Scrafty|Scrafty-Mega, L50, M, shiny
|-mega|p2a: Scrafty|Scrafty|Scraftinite
|-ability|p2a: Scrafty|Intimidate|boost
|-unboost|p1a: Bounce Man|atk|1
|-unboost|p1b: Weeds|atk|1
|move|p2a: Scrafty|Fake Out|p1a: Bounce Man
|-damage|p1a: Bounce Man|56/100
|move|p2b: Sinistcha|Matcha Gotcha|p1b: Weeds|[spread] p1a,p1b
|-resisted|p1a: Bounce Man|1
|-resisted|p1b: Weeds|2
|-damage|p1a: Bounce Man|47/100
|-heal|p2b: Sinistcha|5/100|[from] drain|[of] p1a: Bounce Man
|-damage|p1b: Weeds|44/100
|-heal|p2b: Sinistcha|6/100|[from] drain|[of] p1b: Weeds
|cant|p1a: Bounce Man|flinch
|
|-fieldend|move: Trick Room
|upkeep
|turn|6
|
|t:|1783534373
|switch|p2b: Farigiraf|Farigiraf, L50, F, shiny|100/100
|switch|p2a: Sylveon|Sylveon, L50, F, shiny|100/100
|move|p1a: Bounce Man|Moonblast|p2a: Sylveon
|-damage|p2a: Sylveon|80/100
|move|p1b: Weeds|Sludge Bomb|p2b: Farigiraf
|-damage|p2b: Farigiraf|53/100
|
|upkeep
|turn|7
|
|t:|1783534395
|switch|p2a: Sinistcha|Sinistcha, L50, shiny|6/100
|-heal|p2b: Farigiraf|78/100|[from] ability: Hospitality|[of] p2a: Sinistcha
|move|p1a: Bounce Man|Moonblast|p2b: Farigiraf
|-damage|p2b: Farigiraf|53/100
|move|p1b: Weeds|Sludge Bomb|p2b: Farigiraf
|-damage|p2b: Farigiraf|4/100
|-enditem|p2b: Farigiraf|Sitrus Berry|[eat]
|-heal|p2b: Farigiraf|29/100|[from] item: Sitrus Berry
|move|p2b: Farigiraf|Trick Room|p2b: Farigiraf
|-fieldstart|move: Trick Room|[of] p2b: Farigiraf
|
|upkeep
|turn|8
|
|t:|1783534410
|move|p1b: Weeds|Protect|p1b: Weeds
|-singleturn|p1b: Weeds|Protect
|move|p2b: Farigiraf|Twin Beam|p1b: Weeds
|-activate|p1b: Weeds|move: Protect
|move|p2a: Sinistcha|Life Dew|p2a: Sinistcha|[spread] p2a,p2b
|-heal|p2a: Sinistcha|32/100
|-heal|p2b: Farigiraf|54/100
|move|p1a: Bounce Man|Moonblast|p2a: Sinistcha
|-damage|p2a: Sinistcha|2/100
|-unboost|p2a: Sinistcha|spa|1
|
|upkeep
|turn|9
|
|t:|1783534422
|switch|p1b: Tug of War|Excadrill, L50, M|49/100
|move|p2b: Farigiraf|Twin Beam|p1b: Tug of War
|-resisted|p1b: Tug of War|1
|-damage|p1b: Tug of War|39/100
|-resisted|p1b: Tug of War|1
|-damage|p1b: Tug of War|28/100
|-hitcount|p1b: Tug of War|2
|move|p2a: Sinistcha|Life Dew|p2a: Sinistcha|[spread] p2a,p2b
|-heal|p2a: Sinistcha|28/100
|-heal|p2b: Farigiraf|80/100
|move|p1a: Bounce Man|Moonblast|p2b: Farigiraf
|-damage|p2b: Farigiraf|53/100
|
|upkeep
|turn|10
|
|t:|1783534440
|move|p1b: Tug of War|Protect|p1b: Tug of War
|-singleturn|p1b: Tug of War|Protect
|move|p2b: Farigiraf|Twin Beam|p1a: Bounce Man
|-damage|p1a: Bounce Man|31/100
|-damage|p1a: Bounce Man|15/100
|-hitcount|p1a: Bounce Man|2
|move|p2a: Sinistcha|Matcha Gotcha|p1b: Tug of War|[spread] p1a
|-activate|p1b: Tug of War|move: Protect
|-resisted|p1a: Bounce Man|1
|-damage|p1a: Bounce Man|6/100
|-heal|p2a: Sinistcha|32/100|[from] drain|[of] p1a: Bounce Man
|move|p1a: Bounce Man|Moonblast|p2a: Sinistcha
|-damage|p2a: Sinistcha|5/100
|
|upkeep
|turn|11
|
|t:|1783534457
|move|p1a: Bounce Man|Protect|p1a: Bounce Man
|-singleturn|p1a: Bounce Man|Protect
|move|p2b: Farigiraf|Twin Beam|p1b: Tug of War
|-resisted|p1b: Tug of War|1
|-damage|p1b: Tug of War|19/100
|-resisted|p1b: Tug of War|1
|-damage|p1b: Tug of War|9/100
|-hitcount|p1b: Tug of War|2
|move|p2a: Sinistcha|Matcha Gotcha|p1b: Tug of War|[spread] p1b
|-activate|p1a: Bounce Man|move: Protect
|-damage|p1b: Tug of War|0 fnt
|-heal|p2a: Sinistcha|10/100|[from] drain|[of] p1b: Tug of War
|faint|p1b: Tug of War
|
|-fieldend|move: Trick Room
|upkeep
|
|t:|1783534468
|switch|p1b: fishing with you|Basculegion, L50, M|100/100
|turn|12
|
|t:|1783534478
|move|p2a: Sinistcha|Rage Powder|p2a: Sinistcha
|-singleturn|p2a: Sinistcha|move: Rage Powder
|move|p1b: fishing with you|Flip Turn|p2a: Sinistcha
|-resisted|p2a: Sinistcha|1
|-damage|p2a: Sinistcha|0 fnt
|faint|p2a: Sinistcha
|
|t:|1783534481
|switch|p1b: Weeds|Venusaur-Mega, L50, M|44/100|[from] Flip Turn
|move|p1a: Bounce Man|Moonblast|p2b: Farigiraf
|-damage|p2b: Farigiraf|29/100
|move|p2b: Farigiraf|Trick Room|p2b: Farigiraf
|-fieldstart|move: Trick Room|[of] p2b: Farigiraf
|
|upkeep
|
|t:|1783534490
|switch|p2a: Scrafty|Scrafty-Mega, L50, M, shiny|100/100
|-ability|p2a: Scrafty|Intimidate|boost
|-unboost|p1a: Bounce Man|atk|1
|-unboost|p1b: Weeds|atk|1
|turn|13
|
|t:|1783534508
|switch|p1a: fishing with you|Basculegion, L50, M|100/100
|move|p2b: Farigiraf|Twin Beam|p1a: fishing with you
|-damage|p1a: fishing with you|83/100
|-damage|p1a: fishing with you|65/100
|-hitcount|p1a: fishing with you|2
|move|p2a: Scrafty|Close Combat|p1b: Weeds
|-resisted|p1b: Weeds|1
|-damage|p1b: Weeds|17/100
|-unboost|p2a: Scrafty|def|1
|-unboost|p2a: Scrafty|spd|1
|move|p1b: Weeds|Sludge Bomb|p2b: Farigiraf
|-damage|p2b: Farigiraf|0 fnt
|faint|p2b: Farigiraf
|
|upkeep
|
|t:|1783534520
|switch|p2b: Sylveon|Sylveon, L50, F, shiny|80/100
|turn|14
|
|t:|1783534541
|move|p1b: Weeds|Protect|p1b: Weeds
|-singleturn|p1b: Weeds|Protect
|move|p2b: Sylveon|Hyper Voice|p1a: fishing with you|[spread] p1a
|-activate|p1b: Weeds|move: Protect
|-damage|p1a: fishing with you|14/100
|move|p2a: Scrafty|Knock Off|p1a: fishing with you
|-supereffective|p1a: fishing with you|1
|-damage|p1a: fishing with you|0 fnt
|-enditem|p1a: fishing with you|Choice Scarf|[from] move: Knock Off|[of] p2a: Scrafty
|faint|p1a: fishing with you
|
|upkeep
|
|t:|1783534549
|switch|p1a: Bounce Man|Whimsicott, L50, F|6/100
|turn|15
|
|t:|1783534554
|move|p1a: Bounce Man|Protect|p1a: Bounce Man
|-singleturn|p1a: Bounce Man|Protect
|move|p1b: Weeds|Protect||[still]
|-fail|p1b: Weeds
|move|p2b: Sylveon|Hyper Voice|p1b: Weeds|[spread] p1b
|-activate|p1a: Bounce Man|move: Protect
|-resisted|p1b: Weeds|1
|-damage|p1b: Weeds|0 fnt
|faint|p1b: Weeds
|move|p2a: Scrafty|Knock Off|p1a: Bounce Man
|-activate|p1a: Bounce Man|move: Protect
|
|upkeep
|turn|16
|-message|KatKraydel forfeited.
|
|win|ShadowGhost4488
|l|☆KatKraydel
|player|p1|
|c|☆ShadowGhost4488|gg
