|j|☆CookerOcean2007
|j|☆natsukookie
|html|CookerOcean2007natsukookie    
|uhtml|bestof|Game 1 of a best-of-3
|t:|1785594901
|gametype|doubles
|player|p1|CookerOcean2007|170|1098
|player|p2|natsukookie|102|1000
|gen|9
|tier|[Gen 9 Champions] VGC 2026 Reg M-B (Bo3)
|rated|
|rule|Species Clause: Limit one of each Pokémon
|rule|Item Clause: Limit 1 of each item
|clearpoke
|poke|p1|Charizard, L50, M|
|poke|p1|Venusaur, L50, M|
|poke|p1|Mamoswine, L50, M|
|poke|p1|Garchomp, L50, M|
|poke|p1|Incineroar, L50, F|
|poke|p1|Toxapex, L50, F|
|poke|p2|Hatterene, L50, F|
|poke|p2|Oranguru, L50, F|
|poke|p2|Mawile, L50, M|
|poke|p2|Kangaskhan, L50, F|
|poke|p2|Venusaur, L50, M|
|poke|p2|Torkoal, L50, M|
|teampreview|4
|showteam|p1|Charizard||CharizarditeY|Blaze|HeatWave,WeatherBall,HelpingHand,Protect|Modest||M|||50|]Venusaur||LifeOrb|Chlorophyll|LeafStorm,SludgeBomb,EarthPower,Protect|Modest||M|||50|]Mamoswine||FocusSash|Oblivious|HighHorsepower,RockTomb,IceShard,Protect|Jolly||M|||50|]Garchomp||ChoiceScarf|RoughSkin|DragonClaw,Earthquake,RockSlide,StompingTantrum|Adamant||M|||50|]Incineroar||SitrusBerry|Intimidate|FlareBlitz,ThroatChop,PartingShot,FakeOut|Impish||F|||50|]Toxapex||Leftovers|Regenerator|Toxic,Infestation,WideGuard,BanefulBunker|Bold||F|||50|
|showteam|p2|Hatterene||LifeOrb|MagicBounce|Protect,Psychic,TrickRoom,DazzlingGleam|Quiet||F|||50|]Oranguru||MentalHerb|InnerFocus|Protect,Instruct,Psychic,TrickRoom|Bold||F|||50|]Mawile||Mawilite|HyperCutter|SuckerPunch,PlayRough,Protect,IronHead|Brave||M|||50|]Kangaskhan||SilkScarf|Scrappy|LastResort,FakeOut|Brave||F|||50|]Venusaur||FocusSash|Chlorophyll|LeafStorm,SludgeBomb,SleepPowder,Protect|Modest||M|||50|]Torkoal||Charcoal|Drought|Eruption,Protect,EarthPower,HeatWave|Quiet||M|||50|
|inactive|Battle timer is ON: inactive players will automatically lose when time's up. (requested by natsukookie)
|inactive|CookerOcean2007 has 60 seconds left.
|
|t:|1785594982
|teamsize|p1|4
|teamsize|p2|4
|start
|switch|p1a: Charizard|Charizard, L50, M|100/100
|switch|p1b: Toxapex|Toxapex, L50, F|100/100
|switch|p2a: Oranguru|Oranguru, L50, F|100/100
|switch|p2b: Hatterene|Hatterene, L50, F|100/100
|turn|1
|
|t:|1785595006
|detailschange|p1a: Charizard|Charizard-Mega-Y, L50, M
|-mega|p1a: Charizard|Charizard|Charizardite Y
|-weather|SunnyDay|[from] ability: Drought|[of] p1a: Charizard
|move|p1a: Charizard|Heat Wave|p2b: Hatterene|[spread] 
|-miss|p1a: Charizard|p2a: Oranguru
|-miss|p1a: Charizard|p2b: Hatterene
|move|p1b: Toxapex|Toxic|p2a: Oranguru
|-status|p2a: Oranguru|tox
|move|p2b: Hatterene|Psychic|p1b: Toxapex
|-supereffective|p1b: Toxapex|1
|-damage|p1b: Toxapex|0 fnt
|faint|p1b: Toxapex
|-damage|p2b: Hatterene|90/100|[from] item: Life Orb
|move|p2a: Oranguru|Trick Room|p2a: Oranguru
|-fieldstart|move: Trick Room|[of] p2a: Oranguru
|
|-weather|SunnyDay|[upkeep]
|-damage|p2a: Oranguru|93/100 tox|[from] psn
|upkeep
|
|t:|1785595020
|switch|p1b: Garchomp|Garchomp, L50, M|100/100
|turn|2
|
|t:|1785595041
|move|p2b: Hatterene|Dazzling Gleam|p1a: Charizard|[spread] p1a,p1b
|-resisted|p1a: Charizard|1
|-supereffective|p1b: Garchomp|1
|-damage|p1a: Charizard|82/100
|-damage|p1b: Garchomp|0 fnt
|faint|p1b: Garchomp
|-damage|p2b: Hatterene|80/100|[from] item: Life Orb
|move|p2a: Oranguru|Instruct|p2b: Hatterene
|-singleturn|p2b: Hatterene|move: Instruct|[of] p2a: Oranguru
|move|p2b: Hatterene|Dazzling Gleam|p1a: Charizard
|-resisted|p1a: Charizard|1
|-damage|p1a: Charizard|53/100
|-damage|p2b: Hatterene|70/100|[from] item: Life Orb
|move|p1a: Charizard|Heat Wave|p2a: Oranguru|[spread] p2b
|-miss|p1a: Charizard|p2a: Oranguru
|-damage|p2b: Hatterene|0 fnt
|faint|p2b: Hatterene
|
|-weather|SunnyDay|[upkeep]
|-damage|p2a: Oranguru|81/100 tox|[from] psn
|upkeep
|
|t:|1785595060
|switch|p2b: Torkoal|Torkoal, L50, M|100/100
|switch|p1b: Incineroar|Incineroar, L50, F|100/100
|-ability|p1b: Incineroar|Intimidate|boost
|-fail|p2a: Oranguru|unboost|Attack|[from] ability: Inner Focus|[of] p2a: Oranguru
|-unboost|p2b: Torkoal|atk|1
|turn|3
|
|t:|1785595070
|move|p1b: Incineroar|Fake Out|p2b: Torkoal
|-damage|p2b: Torkoal|91/100
|cant|p2b: Torkoal|flinch
|move|p2a: Oranguru|Instruct||[still]
|-fail|p2a: Oranguru
|move|p1a: Charizard|Heat Wave|p2b: Torkoal|[spread] p2b
|-miss|p1a: Charizard|p2a: Oranguru
|-resisted|p2b: Torkoal|1
|-damage|p2b: Torkoal|50/100g
|
|-weather|SunnyDay|[upkeep]
|-damage|p2a: Oranguru|63/100 tox|[from] psn
|upkeep
|turn|4
|
|t:|1785595090
|move|p2b: Torkoal|Earth Power|p1b: Incineroar
|-supereffective|p1b: Incineroar|1
|-damage|p1b: Incineroar|52/100
|move|p2a: Oranguru|Instruct|p2b: Torkoal
|-singleturn|p2b: Torkoal|move: Instruct|[of] p2a: Oranguru
|move|p2b: Torkoal|Earth Power|p1b: Incineroar
|-supereffective|p1b: Incineroar|1
|-damage|p1b: Incineroar|8/100
|-enditem|p1b: Incineroar|Sitrus Berry|[eat]
|-heal|p1b: Incineroar|33/100|[from] item: Sitrus Berry
|move|p1b: Incineroar|Flare Blitz|p2a: Oranguru
|-damage|p2a: Oranguru|4/100 tox
|-damage|p1b: Incineroar|14/100|[from] Recoil
|move|p1a: Charizard|Heat Wave|p2b: Torkoal|[spread] p2b
|-miss|p1a: Charizard|p2a: Oranguru
|-resisted|p2b: Torkoal|1
|-damage|p2b: Torkoal|7/100
|
|-weather|SunnyDay|[upkeep]
|-damage|p2a: Oranguru|0 fnt|[from] psn
|faint|p2a: Oranguru
|upkeep
|
|t:|1785595109
|switch|p2a: Mawile|Mawile, L50, M|100/100
|turn|5
|
|t:|1785595132
|detailschange|p2a: Mawile|Mawile-Mega, L50, M
|-mega|p2a: Mawile|Mawile|Mawilite
|move|p1a: Charizard|Protect|p1a: Charizard
|-singleturn|p1a: Charizard|Protect
|move|p2b: Torkoal|Heat Wave|p1b: Incineroar|[spread] p1b
|-activate|p1a: Charizard|move: Protect
|-resisted|p1b: Incineroar|1
|-damage|p1b: Incineroar|0 fnt
|faint|p1b: Incineroar
|move|p2a: Mawile|Play Rough|p1a: Charizard
|-activate|p1a: Charizard|move: Protect
|
|-weather|none
|-fieldend|move: Trick Room
|upkeep
|turn|6
|
|t:|1785595155
|move|p2a: Mawile|Sucker Punch|p1a: Charizard
|-damage|p1a: Charizard|9/100
|move|p1a: Charizard|Heat Wave|p2b: Torkoal|[spread] p2a,p2b
|-supereffective|p2a: Mawile|1
|-resisted|p2b: Torkoal|1
|-damage|p2a: Mawile|0 fnt
|-damage|p2b: Torkoal|0 fnt
|faint|p2a: Mawile
|faint|p2b: Torkoal
|
|win|CookerOcean2007
||CookerOcean2007 is ready for game 2.
||natsukookie is ready for game 2.
|uhtml|next|Next: Game 2 of 3
