|j|‽CaratroncoSun
|j|☆senzumi_here
|html|CaratroncoSunsenzumi_here    
|uhtml|bestof|Game 2 of a best-of-3
|t:|1782206694
|gametype|doubles
|player|p1|CaratroncoSun|juan|1144
|player|p2|senzumi_here|psychicf-gen4|1206
|gen|9
|tier|[Gen 9 Champions] VGC 2026 Reg M-B (Bo3)
|rated|
|rule|Species Clause: Limit one of each Pokémon
|rule|Item Clause: Limit 1 of each item
|clearpoke
|poke|p1|Overqwil, L50, F, shiny|
|poke|p1|Swampert, L50, F|
|poke|p1|Pelipper, L50, M|
|poke|p1|Metagross, L50, shiny|
|poke|p1|Sneasler, L50, M|
|poke|p1|Sinistcha-Masterpiece, L50|
|poke|p2|Froslass, L50, F|
|poke|p2|Scovillain, L50, M|
|poke|p2|Lycanroc-Dusk, L50, M|
|poke|p2|Sneasler, L50, F|
|poke|p2|Basculegion, L50, M, shiny|
|poke|p2|Kingambit, L50, M, shiny|
|teampreview|4
|showteam|p1|Overqwil||LifeOrb|SwiftSwim|Protect,PoisonJab,ThroatChop,Liquidation|Adamant||F|||50|]Swampert||Swampertite|Damp|Protect,WaveCrash,HighHorsepower,IcePunch|Adamant||F|||50|]Pelipper||FocusSash|Drizzle|Protect,Tailwind,Hurricane,WeatherBall|Modest||M|||50|]Metagross||Metagrossite|ClearBody|Protect,PsychicFangs,MeteorMash,IcePunch|Jolly|||||50|]Sneasler||WhiteHerb|Unburden|Coaching,FakeOut,DireClaw,CloseCombat|Jolly||M|||50|]Sinistcha-Masterpiece||SitrusBerry|Hospitality|MatchaGotcha,TrickRoom,LifeDew,RagePowder|Bold|||||50|
|showteam|p2|Froslass||Froslassite|CursedBody|Protect,Blizzard,ShadowBall,AuroraVeil|Timid||F|||50|]Scovillain||Scovillainite|Moody|Protect,Overheat,GigaDrain,RagePowder|Bold||M|||50|]Lycanroc-Dusk||FocusSash|ToughClaws|Protect,RockSlide,CloseCombat,Accelerock|Adamant||M|||50|]Sneasler||WhiteHerb|Unburden|Protect,GunkShot,CloseCombat,FakeOut|Jolly||F|||50|]Basculegion||SitrusBerry|Adaptability|Protect,WaveCrash,LastRespects,AquaJet|Adamant||M|||50|]Kingambit||BlackGlasses|Defiant|Protect,KowtowCleave,SuckerPunch,SwordsDance|Adamant||M|||50|
|
|t:|1782206749
|teamsize|p1|4
|teamsize|p2|4
|start
|switch|p1a: Overqwil|Overqwil, L50, F, shiny|100/100
|switch|p1b: Sneasler|Sneasler, L50, M|100/100
|switch|p2a: Basculegion|Basculegion, L50, M, shiny|100/100
|switch|p2b: Froslass|Froslass, L50, F|100/100
|turn|1
|
|t:|1782206783
|switch|p1b: Pelipper|Pelipper, L50, M|100/100
|-weather|RainDance|[from] ability: Drizzle|[of] p1b: Pelipper
|detailschange|p2b: Froslass|Froslass-Mega, L50, F
|-mega|p2b: Froslass|Froslass|Froslassite
|-weather|Snowscape|[from] ability: Snow Warning|[of] p2b: Froslass
|move|p2b: Froslass|Aurora Veil|p2b: Froslass
|-sidestart|p2: senzumi_here|move: Aurora Veil
|move|p1a: Overqwil|Throat Chop|p2b: Froslass
|-supereffective|p2b: Froslass|1
|-damage|p2b: Froslass|33/100
|-start|p2b: Froslass|Throat Chop|[silent]
|-damage|p1a: Overqwil|90/100|[from] item: Life Orb
|move|p2a: Basculegion|Wave Crash|p1a: Overqwil
|-damage|p1a: Overqwil|0 fnt
|faint|p1a: Overqwil
|-damage|p2a: Basculegion|75/100|[from] Recoil
|
|-weather|Snowscape|[upkeep]
|upkeep
|inactive|Battle timer is ON: inactive players will automatically lose when time's up. (requested by senzumi_here)
|
|t:|1782206808
|switch|p1a: Sneasler|Sneasler, L50, M|100/100
|turn|2
|
|t:|1782206823
|switch|p1b: Metagross|Metagross, L50, shiny|100/100
|move|p1a: Sneasler|Coaching|p1b: Metagross
|-boost|p1b: Metagross|atk|1
|-boost|p1b: Metagross|def|1
|move|p2b: Froslass|Blizzard|p1a: Sneasler|[spread] p1a,p1b
|-resisted|p1b: Metagross|1
|-damage|p1a: Sneasler|49/100
|-damage|p1b: Metagross|76/100
|-status|p1b: Metagross|frz
|move|p2a: Basculegion|Wave Crash|p1b: Metagross
|-damage|p1b: Metagross|28/100 frz
|-damage|p2a: Basculegion|63/100|[from] Recoil
|
|-weather|Snowscape|[upkeep]
|-end|p2b: Froslass|Throat Chop|[silent]
|upkeep
|turn|3
|inactive|CaratroncoSun has 30 seconds left.
|
|t:|1782206849
|detailschange|p1b: Metagross|Metagross-Mega, L50, shiny
|-mega|p1b: Metagross|Metagross|Metagrossite
|move|p1a: Sneasler|Coaching|p1b: Metagross
|-boost|p1b: Metagross|atk|1
|-boost|p1b: Metagross|def|1
|move|p2b: Froslass|Blizzard|p1b: Metagross|[spread] p1a,p1b
|-resisted|p1b: Metagross|1
|-damage|p1a: Sneasler|0 fnt
|-damage|p1b: Metagross|9/100 frz
|faint|p1a: Sneasler
|-curestatus|p1b: Metagross|frz|[msg]
|move|p1b: Metagross|Psychic Fangs|p2a: Basculegion
|-sideend|p2: senzumi_here|move: Aurora Veil
|-damage|p2a: Basculegion|0 fnt
|faint|p2a: Basculegion
|
|-weather|Snowscape|[upkeep]
|upkeep
|
|t:|1782206865
|switch|p1a: Pelipper|Pelipper, L50, M|100/100
|switch|p2a: Sneasler|Sneasler, L50, F|100/100
|-weather|RainDance|[from] ability: Drizzle|[of] p1a: Pelipper
|turn|4
|
|t:|1782206879
|move|p1b: Metagross|Protect|p1b: Metagross
|-singleturn|p1b: Metagross|Protect
|move|p2a: Sneasler|Fake Out|p1a: Pelipper
|-crit|p1a: Pelipper
|-damage|p1a: Pelipper|75/100
|move|p2b: Froslass|Shadow Ball|p1b: Metagross
|-activate|p1b: Metagross|move: Protect
|cant|p1a: Pelipper|flinch
|
|-weather|RainDance|[upkeep]
|upkeep
|turn|5
|
|t:|1782206891
|move|p1b: Metagross|Protect||[still]
|-fail|p1b: Metagross
|move|p2a: Sneasler|Gunk Shot|p1a: Pelipper
|-damage|p1a: Pelipper|2/100
|-status|p1a: Pelipper|psn
|move|p2b: Froslass|Shadow Ball|p1b: Metagross
|-supereffective|p1b: Metagross|1
|-damage|p1b: Metagross|0 fnt
|faint|p1b: Metagross
|move|p1a: Pelipper|Tailwind|p1a: Pelipper
|-sidestart|p1: CaratroncoSun|move: Tailwind
|
|-weather|RainDance|[upkeep]
|-damage|p1a: Pelipper|0 fnt|[from] psn
|faint|p1a: Pelipper
|
|win|senzumi_here
|raw|CaratroncoSun's rating: 1144 → 1123(-21 for losing)
|raw|senzumi_here's rating: 1206 → 1227(+21 for winning)
