|j|☆Dussehra
|j|☆Cozmoonshowdown
|html|DussehraCozmoonshowdown    
|uhtml|bestof|Game 1 of a best-of-3
|t:|1785326424
|gametype|doubles
|player|p1|Dussehra|lucas|1128
|player|p2|Cozmoonshowdown|kieran-champion|1118
|gen|9
|tier|[Gen 9 Champions] VGC 2026 Reg M-B (Bo3)
|rated|
|rule|Species Clause: Limit one of each Pokémon
|rule|Item Clause: Limit 1 of each item
|clearpoke
|poke|p1|Kangaskhan, L50, F|
|poke|p1|Hydreigon, L50, M|
|poke|p1|Gardevoir, L50, M|
|poke|p1|Scizor, L50, F|
|poke|p1|Meowstic, L50, M|
|poke|p1|Primarina, L50, F|
|poke|p2|Charizard, L50, M|
|poke|p2|Mawile, L50, M|
|poke|p2|Venusaur, L50, M, shiny|
|poke|p2|Farigiraf, L50, F, shiny|
|poke|p2|Torkoal, L50, F|
|poke|p2|Garchomp, L50, M, shiny|
|teampreview|4
|showteam|p1|Kangaskhan||SilkScarf|Scrappy|FakeOut,LastResort|Brave||F|||50|]Hydreigon||ChoiceScarf|Levitate|DracoMeteor,DarkPulse,EarthPower,Flamethrower|Modest||M|||50|]Gardevoir||Gardevoirite|Synchronize|Protect,HyperVoice,TrickRoom,Psychic|Modest||M|||50|]Scizor||Scizorite|Technician|Protect,SwordsDance,BulletPunch,CloseCombat|Adamant||F|||50|]Meowstic||ColburBerry|Prankster|FakeOut,TrickRoom,RainDance,FakeTears|Careful||M|||50|]Primarina||LifeOrb|LiquidVoice|HyperVoice,WeatherBall,Protect,IcyWind|Quiet||F|||50|
|showteam|p2|Charizard||CharizarditeY|Blaze|HeatWave,Protect,WeatherBall,SolarBeam|Modest||M|||50|]Mawile||Mawilite|HyperCutter|PlayRough,IronHead,Protect,BrickBreak|Brave||M|||50|]Venusaur||FocusSash|Chlorophyll|SleepPowder,EarthPower,GigaDrain,SludgeBomb|Modest||M|||50|]Farigiraf||ColburBerry|ArmorTail|Protect,TrickRoom,HyperVoice,Thunderbolt|Quiet||F|||50|]Torkoal||Charcoal|Drought|Protect,HelpingHand,HeatWave,BodyPress|Quiet||F|||50|]Garchomp||LifeOrb|RoughSkin|Protect,Earthquake,RockSlide,DragonClaw|Jolly||M|||50|
|inactive|Battle timer is ON: inactive players will automatically lose when time's up. (requested by Cozmoonshowdown)
|inactive|Dussehra has 60 seconds left.
|inactive|Cozmoonshowdown has 60 seconds left.
|inactive|Dussehra has 30 seconds left.
|
|t:|1785326494
|teamsize|p1|4
|teamsize|p2|4
|start
|switch|p1a: Meowstic|Meowstic, L50, M|100/100
|switch|p1b: Primarina|Primarina, L50, F|100/100
|switch|p2a: Charizard|Charizard, L50, M|100/100
|switch|p2b: Garchomp|Garchomp, L50, M, shiny|100/100
|turn|1
|
|t:|1785326518
|move|p2a: Charizard|Protect|p2a: Charizard
|-singleturn|p2a: Charizard|Protect
|move|p1a: Meowstic|Rain Dance|p1a: Meowstic
|-weather|RainDance
|move|p2b: Garchomp|Earthquake|p1b: Primarina|[spread] p1a,p1b
|-activate|p2a: Charizard|move: Protect
|-damage|p1a: Meowstic|54/100
|-damage|p1b: Primarina|39/100
|-damage|p2b: Garchomp|90/100|[from] item: Life Orb
|move|p1b: Primarina|Hyper Voice|p2b: Garchomp|[spread] p2b
|-activate|p2a: Charizard|move: Protect
|-damage|p2b: Garchomp|16/100
|-damage|p1b: Primarina|29/100|[from] item: Life Orb
|
|-weather|RainDance|[upkeep]
|upkeep
|turn|2
|
|t:|1785326539
|switch|p2a: Torkoal|Torkoal, L50, F|100/100
|-weather|SunnyDay|[from] ability: Drought|[of] p2a: Torkoal
|move|p1b: Primarina|Protect|p1b: Primarina
|-singleturn|p1b: Primarina|Protect
|move|p2b: Garchomp|Dragon Claw|p1a: Meowstic
|-damage|p1a: Meowstic|0 fnt
|faint|p1a: Meowstic
|-damage|p2b: Garchomp|7/100|[from] item: Life Orb
|
|-weather|SunnyDay|[upkeep]
|upkeep
|
|t:|1785326553
|switch|p1a: Kangaskhan|Kangaskhan, L50, F|100/100
|turn|3
|
|t:|1785326571
|move|p2b: Garchomp|Protect|p2b: Garchomp
|-singleturn|p2b: Garchomp|Protect
|move|p1a: Kangaskhan|Fake Out|p2b: Garchomp
|-activate|p2b: Garchomp|move: Protect
|move|p1b: Primarina|Hyper Voice|p2b: Garchomp|[spread] p2a
|-activate|p2b: Garchomp|move: Protect
|-supereffective|p2a: Torkoal|1
|-damage|p2a: Torkoal|41/100
|-damage|p1b: Primarina|19/100|[from] item: Life Orb
|move|p2a: Torkoal|Body Press|p1a: Kangaskhan
|-supereffective|p1a: Kangaskhan|1
|-damage|p1a: Kangaskhan|50/100g
|
|-weather|SunnyDay|[upkeep]
|upkeep
|turn|4
|inactive|Dussehra has 30 seconds left.
|
|t:|1785326596
|move|p1b: Primarina|Protect|p1b: Primarina
|-singleturn|p1b: Primarina|Protect
|move|p2a: Torkoal|Protect|p2a: Torkoal
|-singleturn|p2a: Torkoal|Protect
|move|p2b: Garchomp|Earthquake|p1b: Primarina|[spread] p1a
|-activate|p2a: Torkoal|move: Protect
|-activate|p1b: Primarina|move: Protect
|-damage|p1a: Kangaskhan|0 fnt
|faint|p1a: Kangaskhan
|-damage|p2b: Garchomp|0 fnt|[from] item: Life Orb
|faint|p2b: Garchomp
|
|-weather|SunnyDay|[upkeep]
|upkeep
|
|t:|1785326612
|switch|p2b: Venusaur|Venusaur, L50, M, shiny|100/100
|switch|p1a: Gardevoir|Gardevoir, L50, M|100/100
|turn|5
|
|t:|1785326631
|detailschange|p1a: Gardevoir|Gardevoir-Mega, L50, M
|-mega|p1a: Gardevoir|Gardevoir|Gardevoirite
|move|p1a: Gardevoir|Protect|p1a: Gardevoir
|-singleturn|p1a: Gardevoir|Protect
|move|p2b: Venusaur|Sludge Bomb|p1a: Gardevoir
|-activate|p1a: Gardevoir|move: Protect
|move|p1b: Primarina|Hyper Voice|p2b: Venusaur|[spread] p2a,p2b
|-supereffective|p2a: Torkoal|1
|-resisted|p2b: Venusaur|1
|-damage|p2a: Torkoal|0 fnt
|-damage|p2b: Venusaur|87/100
|faint|p2a: Torkoal
|-damage|p1b: Primarina|10/100|[from] item: Life Orb
|
|-weather|SunnyDay|[upkeep]
|upkeep
|
|t:|1785326640
|switch|p2a: Charizard|Charizard, L50, M|100/100
|turn|6
|inactive|Dussehra has 30 seconds left.
|inactive|Dussehra has 20 seconds left.
|
|t:|1785326676
|detailschange|p2a: Charizard|Charizard-Mega-Y, L50, M
|-mega|p2a: Charizard|Charizard|Charizardite Y
|move|p2b: Venusaur|Giga Drain|p1a: Gardevoir
|-damage|p1a: Gardevoir|70/100
|-heal|p2b: Venusaur|100/100|[from] drain|[of] p1a: Gardevoir
|move|p2a: Charizard|Heat Wave|p1a: Gardevoir|[spread] p1a,p1b
|-resisted|p1b: Primarina|1
|-damage|p1a: Gardevoir|22/100
|-damage|p1b: Primarina|0 fnt
|faint|p1b: Primarina
|move|p1a: Gardevoir|Psychic|p2b: Venusaur
|-supereffective|p2b: Venusaur|1
|-enditem|p2b: Venusaur|Focus Sash
|-damage|p2b: Venusaur|1/100
|
|-weather|none
|upkeep
|turn|7
|
|t:|1785326695
|move|p2a: Charizard|Heat Wave|p1a: Gardevoir|[miss]
|-miss|p2a: Charizard|p1a: Gardevoir
|move|p1a: Gardevoir|Hyper Voice|p2b: Venusaur|[spread] p2a,p2b
|-resisted|p2a: Charizard|1
|-resisted|p2b: Venusaur|1
|-damage|p2a: Charizard|77/100
|-damage|p2b: Venusaur|0 fnt
|faint|p2b: Venusaur
|
|upkeep
|turn|8
|
|t:|1785326709
|move|p2a: Charizard|Heat Wave|p1a: Gardevoir
|-damage|p1a: Gardevoir|0 fnt
|faint|p1a: Gardevoir
|
|win|Cozmoonshowdown
||Dussehra is ready for game 2.
|inactive|Cozmoonshowdown has 30 seconds to confirm battle start!
||Cozmoonshowdown is ready for game 2.
|uhtml|next|Next: Game 2 of 3
|l|☆Cozmoonshowdown
|player|p2|
|l|☆Dussehra
|player|p1|
|j|☆Cozmoonshowdown
|player|p2|Cozmoonshowdown|kieran-champion|
