|j|☆Mahdrescher
|j|☆azuredreamer vg
|html|Mahdrescherazuredreamer vg    
|uhtml|bestof|Game 2 of a best-of-3
|t:|1756426898
|gametype|doubles
|player|p1|Mahdrescher|2|1185
|player|p2|azuredreamer vg|102|1190
|gen|9
|tier|[Gen 9] VGC 2025 Reg H (Bo3)
|rated|
|rule|Species Clause: Limit one of each Pokémon
|rule|Item Clause: Limit 1 of each item
|clearpoke
|poke|p1|Rillaboom, L50, F|
|poke|p1|Electabuzz, L50, M|
|poke|p1|Archaludon, L50, M|
|poke|p1|Kingambit, L50, M|
|poke|p1|Pelipper, L50, M|
|poke|p1|Basculegion, L50, M|
|poke|p2|Annihilape, L50, M|
|poke|p2|Archaludon, L50, M|
|poke|p2|Ursaluna-Bloodmoon, L50, M|
|poke|p2|Whimsicott, L50, F|
|poke|p2|Dragonite, L50, M|
|poke|p2|Pelipper, L50, F|
|teampreview|4
|showteam|p1|Rillaboom||LoadedDice|GrassySurge|BulletSeed,GrassyGlide,HighHorsepower,FakeOut|||F|||50|,,,,,Fire]Electabuzz||Eviolite|VitalSpirit|Electroweb,Taunt,FollowMe,Protect|||M|||50|,,,,,Ghost]Archaludon||AssaultVest|Stamina|ElectroShot,BodyPress,FlashCannon,DragonPulse|||M|||50|,,,,,Bug]Kingambit||BlackGlasses|Defiant|KowtowCleave,SuckerPunch,SwordsDance,Protect|||M|||50|,,,,,Dark]Pelipper||FocusSash|Drizzle|WeatherBall,Hurricane,Tailwind,Protect|||M|||50|,,,,,Ghost]Basculegion||ChoiceBand|SwiftSwim|WaveCrash,AquaJet,FlipTurn,LastRespects|||M|||50|,,,,,Grass
|showteam|p2|Annihilape||ChoiceScarf|Defiant|FinalGambit,RageFist,Uturn,CloseCombat|||M|||50|,,,,,Grass]Archaludon||AssaultVest|Stamina|BodyPress,FlashCannon,ElectroShot,DracoMeteor|||M|||50|,,,,,Water]Ursaluna-Bloodmoon||LifeOrb|MindsEye|EarthPower,BloodMoon,HyperVoice,Protect|||M|||50|,,,,,Normal]Whimsicott||FocusSash|Prankster|Moonblast,BeatUp,Tailwind,Taunt|||F|||50|,,,,,Ghost]Dragonite||LoadedDice|InnerFocus|ScaleShot,IceSpinner,Haze,Protect|||M|||50|,,,,,Steel]Pelipper||CovertCloak|Drizzle|WeatherBall,Hurricane,Tailwind,Protect|||F|||50|,,,,,Ghost
|inactive|Battle timer is ON: inactive players will automatically lose when time's up. (requested by azuredreamer vg)
|
|t:|1756426925
|teamsize|p1|4
|teamsize|p2|4
|start
|switch|p1a: Ikarus|Pelipper, L50, M|100/100
|switch|p1b: Hephaistos|Archaludon, L50, M|100/100
|switch|p2a: Annihilape|Annihilape, L50, M|100/100
|switch|p2b: Whimsicott|Whimsicott, L50, F|100/100
|-weather|RainDance|[from] ability: Drizzle|[of] p1a: Ikarus
|turn|1
|inactive|Mahdrescher has 30 seconds left.
|inactive|azuredreamer vg has 30 seconds left.
|inactive|azuredreamer vg has 20 seconds left.
|inactive|azuredreamer vg has 15 seconds left.
|inactive|azuredreamer vg has 10 seconds left.
|
|t:|1756426975
|-terastallize|p1b: Hephaistos|Bug
|move|p2b: Whimsicott|Moonblast|p1a: Ikarus
|-damage|p1a: Ikarus|38/100
|-unboost|p1a: Ikarus|spa|1
|move|p2a: Annihilape|Rage Fist|p1a: Ikarus
|-damage|p1a: Ikarus|3/100
|move|p1b: Hephaistos|Electro Shot||[still]
|-prepare|p1b: Hephaistos|Electro Shot
|-boost|p1b: Hephaistos|spa|1
|-anim|p1b: Hephaistos|Electro Shot|p2a: Annihilape
|-damage|p2a: Annihilape|41/100
|move|p1a: Ikarus|Hurricane|p2a: Annihilape
|-supereffective|p2a: Annihilape
|-damage|p2a: Annihilape|0 fnt
|faint|p2a: Annihilape
|
|-weather|RainDance|[upkeep]
|upkeep
|
|t:|1756426989
|switch|p2a: Archaludon|Archaludon, L50, M, shiny|100/100
|turn|2
|
|t:|1756427012
|switch|p1a: Gaia|Rillaboom, L50, F|100/100
|-fieldstart|move: Grassy Terrain|[from] ability: Grassy Surge|[of] p1a: Gaia
|move|p2b: Whimsicott|Moonblast|p1b: Hephaistos
|-damage|p1b: Hephaistos|73/100
|-ability|p1b: Hephaistos|Stamina|boost
|-boost|p1b: Hephaistos|def|1
|move|p1b: Hephaistos|Electro Shot||[still]
|-prepare|p1b: Hephaistos|Electro Shot
|-boost|p1b: Hephaistos|spa|1
|-anim|p1b: Hephaistos|Electro Shot|p2b: Whimsicott
|-resisted|p2b: Whimsicott
|-damage|p2b: Whimsicott|32/100
|move|p2a: Archaludon|Electro Shot||[still]
|-prepare|p2a: Archaludon|Electro Shot
|-boost|p2a: Archaludon|spa|1
|-anim|p2a: Archaludon|Electro Shot|p1b: Hephaistos
|-damage|p1b: Hephaistos|25/100
|-ability|p1b: Hephaistos|Stamina|boost
|-boost|p1b: Hephaistos|def|1
|
|-weather|RainDance|[upkeep]
|-heal|p2b: Whimsicott|38/100|[from] Grassy Terrain
|-heal|p1b: Hephaistos|31/100|[from] Grassy Terrain
|upkeep
|turn|3
|inactive|Mahdrescher has 30 seconds left.
|inactive|azuredreamer vg has 30 seconds left.
|inactive|azuredreamer vg has 20 seconds left.
|
|t:|1756427048
|-terastallize|p2a: Archaludon|Water
|move|p1a: Gaia|Fake Out|p2b: Whimsicott
|-damage|p2b: Whimsicott|14/100
|cant|p2b: Whimsicott|flinch
|move|p1b: Hephaistos|Dragon Pulse|p2a: Archaludon
|-damage|p2a: Archaludon|51/100
|-ability|p2a: Archaludon|Stamina|boost
|-boost|p2a: Archaludon|def|1
|move|p2a: Archaludon|Electro Shot||[still]
|-prepare|p2a: Archaludon|Electro Shot
|-boost|p2a: Archaludon|spa|1
|-anim|p2a: Archaludon|Electro Shot|p1b: Hephaistos
|-damage|p1b: Hephaistos|0 fnt
|faint|p1b: Hephaistos
|
|-weather|RainDance|[upkeep]
|-heal|p2b: Whimsicott|20/100|[from] Grassy Terrain
|-heal|p2a: Archaludon|57/100|[from] Grassy Terrain
|upkeep
|
|t:|1756427054
|switch|p1b: Poseidon|Basculegion, L50, M|100/100
|turn|4
|inactive|azuredreamer vg has 30 seconds left.
|
|t:|1756427082
|move|p2b: Whimsicott|Tailwind|p2b: Whimsicott
|-sidestart|p2: azuredreamer vg|move: Tailwind
|move|p1a: Gaia|Grassy Glide|p2a: Archaludon
|-supereffective|p2a: Archaludon
|-damage|p2a: Archaludon|23/100
|-ability|p2a: Archaludon|Stamina|boost
|-boost|p2a: Archaludon|def|1
|move|p1b: Poseidon|Last Respects|p2a: Archaludon
|-damage|p2a: Archaludon|0 fnt
|faint|p2a: Archaludon
|
|-weather|RainDance|[upkeep]
|-heal|p2b: Whimsicott|26/100|[from] Grassy Terrain
|upkeep
|
|t:|1756427090
|switch|p2a: Pelipper|Pelipper, L50, F|100/100
|turn|5
|
|t:|1756427097
|move|p2b: Whimsicott|Moonblast|p1b: Poseidon
|-damage|p1b: Poseidon|62/100
|move|p1b: Poseidon|Last Respects|p2a: Pelipper
|-damage|p2a: Pelipper|0 fnt
|faint|p2a: Pelipper
|move|p1a: Gaia|Bullet Seed|p2b: Whimsicott
|-resisted|p2b: Whimsicott
|-damage|p2b: Whimsicott|12/100
|-resisted|p2b: Whimsicott
|-damage|p2b: Whimsicott|0 fnt
|faint|p2b: Whimsicott
|-hitcount|p2: Whimsicott|2
|
|win|Mahdrescher
||Mahdrescher is ready for game 3.
