|j|☆Phish With A PH
|j|☆CretaceousDraconid
|html|Phish With A PHCretaceousDraconid    
|uhtml|bestof|Game 3 of a best-of-3
|t:|1757830708
|gametype|doubles
|player|p1|Phish With A PH|wallace|1159
|player|p2|CretaceousDraconid|zinnia-masters|1139
|gen|9
|tier|[Gen 9] VGC 2025 Reg H (Bo3)
|rated|
|rule|Species Clause: Limit one of each Pokémon
|rule|Item Clause: Limit 1 of each item
|clearpoke
|poke|p1|Sinistcha-Masterpiece, L50|
|poke|p1|Primarina, L50, F|
|poke|p1|Incineroar, L50, F|
|poke|p1|Porygon2, L50|
|poke|p1|Gliscor, L50, M|
|poke|p1|Archaludon, L50, M|
|poke|p2|Whimsicott, L50, F|
|poke|p2|Incineroar, L50, M|
|poke|p2|Salamence, L50, F|
|poke|p2|Garchomp, L50, M|
|poke|p2|Sneasler, L50, M|
|poke|p2|Ninetales-Alola, L50, F|
|teampreview|4
|showteam|p1|Sinistcha-Masterpiece||MentalHerb|Hospitality|MatchaGotcha,ShadowBall,RagePowder,Protect||||||50|,,,,,Water]Primarina||AssaultVest|LiquidVoice|HyperVoice,Moonblast,IcyWind,Psychic|||F|||50|,,,,,Water]Incineroar||SafetyGoggles|Intimidate|KnockOff,FakeOut,PartingShot,Protect|||F|||50|,,,,,Ghost]Porygon2||Eviolite|Download|TeraBlast,IceBeam,TrickRoom,Protect||||||50|,,,,,Fighting]Gliscor||ToxicOrb|PoisonHeal|HighHorsepower,Tailwind,SwordsDance,Protect|||M|||50|,,,,,Water]Archaludon||PowerHerb|Stamina|BodyPress,ElectroShot,Snarl,Protect|||M|||50|,,,,,Grass
|showteam|p2|Whimsicott||CovertCloak|Prankster|Tailwind,Moonblast,Encore,Taunt|||F|||50|,,,,,Water]Incineroar||SafetyGoggles|Intimidate|FakeOut,Taunt,PartingShot,KnockOff|||M|||50|,,,,,Ghost]Salamence||ChoiceSpecs|Intimidate|Hurricane,HeatWave,DracoMeteor,HydroPump|||F|||50|,,,,,Fire]Garchomp||LoadedDice|RoughSkin|StompingTantrum,Earthquake,ScaleShot,Protect|||M|||50|,,,,,Ghost]Sneasler||FocusSash|PoisonTouch|DireClaw,CloseCombat,Coaching,Protect|||M|||50|,,,,,Fairy]Ninetales-Alola||NeverMeltIce|SnowWarning|FreezeDry,Blizzard,AuroraVeil,Protect|||F|||50|,,,,,Ghost
|
|t:|1757830739
|teamsize|p1|4
|teamsize|p2|4
|start
|switch|p1a: Porygon2|Porygon2, L50|100/100
|switch|p1b: Incineroar|Incineroar, L50, F|100/100
|switch|p2a: Ninetales|Ninetales-Alola, L50, F|100/100
|switch|p2b: Incineroar|Incineroar, L50, M|100/100
|-weather|Snowscape|[from] ability: Snow Warning|[of] p2a: Ninetales
|-ability|p2b: Incineroar|Intimidate|boost
|-unboost|p1a: Porygon2|atk|1
|-unboost|p1b: Incineroar|atk|1
|-ability|p1b: Incineroar|Intimidate|boost
|-unboost|p2a: Ninetales|atk|1
|-unboost|p2b: Incineroar|atk|1
|-ability|p1a: Porygon2|Download|boost
|-boost|p1a: Porygon2|atk|1
|turn|1
|
|t:|1757830774
|switch|p2a: Garchomp|Garchomp, L50, M|100/100
|move|p2b: Incineroar|Fake Out|p1a: Porygon2
|-damage|p1a: Porygon2|96/100
|move|p1b: Incineroar|Fake Out|p2b: Incineroar
|-damage|p2b: Incineroar|94/100
|cant|p1a: Porygon2|flinch
|
|-weather|Snowscape|[upkeep]
|upkeep
|turn|2
|
|t:|1757830793
|switch|p2a: Ninetales|Ninetales-Alola, L50, F|100/100
|move|p1b: Incineroar|Protect|p1b: Incineroar
|-singleturn|p1b: Incineroar|Protect
|move|p2b: Incineroar|Knock Off|p1a: Porygon2
|-damage|p1a: Porygon2|79/100
|-enditem|p1a: Porygon2|Eviolite|[from] move: Knock Off|[of] p2b: Incineroar
|move|p1a: Porygon2|Ice Beam|p2a: Ninetales
|-resisted|p2a: Ninetales
|-damage|p2a: Ninetales|88/100
|
|-weather|Snowscape|[upkeep]
|upkeep
|turn|3
|
|t:|1757830816
|move|p2a: Ninetales|Blizzard|p1b: Incineroar|[spread] p1a,p1b
|-resisted|p1b: Incineroar
|-damage|p1a: Porygon2|60/100
|-damage|p1b: Incineroar|90/100
|move|p2b: Incineroar|Taunt|p1a: Porygon2
|-start|p1a: Porygon2|move: Taunt
|move|p1b: Incineroar|Parting Shot|p2a: Ninetales
|-unboost|p2a: Ninetales|atk|1
|-unboost|p2a: Ninetales|spa|1
|
|t:|1757830823
|switch|p1b: Primarina|Primarina, L50, F|100/100|[from] Parting Shot
|cant|p1a: Porygon2|move: Taunt|Trick Room
|
|-weather|Snowscape|[upkeep]
|upkeep
|turn|4
|
|t:|1757830844
|switch|p2a: Whimsicott|Whimsicott, L50, F|100/100
|switch|p1a: Incineroar|Incineroar, L50, F|90/100
|-ability|p1a: Incineroar|Intimidate|boost
|-unboost|p2a: Whimsicott|atk|1
|-unboost|p2b: Incineroar|atk|1
|move|p2b: Incineroar|Parting Shot|p1b: Primarina
|-unboost|p1b: Primarina|atk|1
|-unboost|p1b: Primarina|spa|1
|
|t:|1757830856
|switch|p2b: Garchomp|Garchomp, L50, M|100/100|[from] Parting Shot
|move|p1b: Primarina|Icy Wind|p2b: Garchomp|[spread] p2a,p2b
|-supereffective|p2a: Whimsicott
|-supereffective|p2b: Garchomp
|-damage|p2a: Whimsicott|75/100
|-damage|p2b: Garchomp|66/100
|-unboost|p2b: Garchomp|spe|1
|
|-weather|Snowscape|[upkeep]
|upkeep
|turn|5
|
|t:|1757830881
|switch|p2b: Incineroar|Incineroar, L50, M|94/100
|-ability|p2b: Incineroar|Intimidate|boost
|-unboost|p1a: Incineroar|atk|1
|-unboost|p1b: Primarina|atk|1
|move|p2a: Whimsicott|Encore|p1b: Primarina
|-start|p1b: Primarina|Encore
|move|p1b: Primarina|Icy Wind|p2b: Incineroar|[spread] p2b
|-miss|p1b: Primarina|p2a: Whimsicott
|-resisted|p2b: Incineroar
|-damage|p2b: Incineroar|89/100
|-unboost|p2b: Incineroar|spe|1
|move|p1a: Incineroar|Knock Off|p2a: Whimsicott
|-resisted|p2a: Whimsicott
|-damage|p2a: Whimsicott|60/100
|-enditem|p2a: Whimsicott|Covert Cloak|[from] move: Knock Off|[of] p1a: Incineroar
|
|-weather|none
|upkeep
|turn|6
|
|t:|1757830894
|move|p1a: Incineroar|Protect|p1a: Incineroar
|-singleturn|p1a: Incineroar|Protect
|move|p2a: Whimsicott|Tailwind|p2a: Whimsicott
|-sidestart|p2: CretaceousDraconid|move: Tailwind
|move|p2b: Incineroar|Taunt|p1a: Incineroar
|-activate|p1a: Incineroar|move: Protect
|move|p1b: Primarina|Icy Wind|p2b: Incineroar|[spread] p2a,p2b
|-supereffective|p2a: Whimsicott
|-resisted|p2b: Incineroar
|-damage|p2a: Whimsicott|37/100
|-damage|p2b: Incineroar|85/100
|-unboost|p2a: Whimsicott|spe|1
|-unboost|p2b: Incineroar|spe|1
|
|upkeep
|turn|7
|
|t:|1757830909
|switch|p2a: Ninetales|Ninetales-Alola, L50, F|88/100
|-weather|Snowscape|[from] ability: Snow Warning|[of] p2a: Ninetales
|switch|p1a: Porygon2|Porygon2, L50|60/100
|-ability|p1a: Porygon2|Download|boost
|-boost|p1a: Porygon2|atk|1
|move|p2b: Incineroar|Knock Off|p1b: Primarina
|-resisted|p1b: Primarina
|-damage|p1b: Primarina|83/100
|-enditem|p1b: Primarina|Assault Vest|[from] move: Knock Off|[of] p2b: Incineroar
|move|p1b: Primarina|Icy Wind|p2a: Ninetales|[spread] p2a,p2b
|-resisted|p2a: Ninetales
|-resisted|p2b: Incineroar
|-damage|p2a: Ninetales|84/100
|-damage|p2b: Incineroar|81/100
|-unboost|p2a: Ninetales|spe|1
|-unboost|p2b: Incineroar|spe|1
|
|-weather|Snowscape|[upkeep]
|-end|p1b: Primarina|Encore
|upkeep
|turn|8
|
|t:|1757830933
|switch|p1b: Incineroar|Incineroar, L50, F|90/100
|-ability|p1b: Incineroar|Intimidate|boost
|-unboost|p2a: Ninetales|atk|1
|-unboost|p2b: Incineroar|atk|1
|-terastallize|p1a: Porygon2|Fighting
|move|p2a: Ninetales|Freeze-Dry|p1b: Incineroar
|-resisted|p1b: Incineroar
|-damage|p1b: Incineroar|82/100
|move|p2b: Incineroar|Taunt|p1a: Porygon2
|-start|p1a: Porygon2|move: Taunt
|move|p1a: Porygon2|Tera Blast|p2a: Ninetales|[anim] Tera Blast Fighting
|-damage|p2a: Ninetales|57/100
|
|-weather|Snowscape|[upkeep]
|upkeep
|turn|9
|
|t:|1757830959
|switch|p2a: Garchomp|Garchomp, L50, M|66/100
|switch|p1a: Primarina|Primarina, L50, F|83/100
|move|p2b: Incineroar|Parting Shot|p1a: Primarina
|-unboost|p1a: Primarina|atk|1
|-unboost|p1a: Primarina|spa|1
|
|t:|1757830964
|switch|p2b: Ninetales|Ninetales-Alola, L50, F|57/100|[from] Parting Shot
|move|p1b: Incineroar|Knock Off|p2a: Garchomp
|-damage|p2a: Garchomp|27/100
|-damage|p1b: Incineroar|70/100|[from] ability: Rough Skin|[of] p2a: Garchomp
|-enditem|p2a: Garchomp|Loaded Dice|[from] move: Knock Off|[of] p1b: Incineroar
|
|-weather|Snowscape|[upkeep]
|-sideend|p2: CretaceousDraconid|move: Tailwind
|upkeep
|turn|10
|
|t:|1757830973
|move|p1b: Incineroar|Protect|p1b: Incineroar
|-singleturn|p1b: Incineroar|Protect
|move|p2b: Ninetales|Freeze-Dry|p1a: Primarina
|-supereffective|p1a: Primarina
|-damage|p1a: Primarina|41/100
|move|p2a: Garchomp|Stomping Tantrum|p1a: Primarina
|-damage|p1a: Primarina|0 fnt
|faint|p1a: Primarina
|
|-weather|Snowscape|[upkeep]
|upkeep
|
|t:|1757830983
|switch|p1a: Porygon2|Porygon2, L50, tera:Fighting|60/100
|-ability|p1a: Porygon2|Download|boost
|-boost|p1a: Porygon2|atk|1
|turn|11
|
|t:|1757830994
|move|p2b: Ninetales|Blizzard|p1b: Incineroar|[spread] p1a,p1b
|-resisted|p1b: Incineroar
|-damage|p1a: Porygon2|39/100
|-damage|p1b: Incineroar|60/100
|move|p2a: Garchomp|Stomping Tantrum|p1a: Porygon2
|-damage|p1a: Porygon2|0 fnt
|faint|p1a: Porygon2
|move|p1b: Incineroar|Knock Off|p2b: Ninetales
|-resisted|p2b: Ninetales
|-damage|p2b: Ninetales|42/100
|-enditem|p2b: Ninetales|Never-Melt Ice|[from] move: Knock Off|[of] p1b: Incineroar
|
|-weather|none
|upkeep
|
|t:|1757831000
|switch|p1a: Gliscor|Gliscor, L50, M|100/100
|turn|12
|
|t:|1757831012
|switch|p2b: Incineroar|Incineroar, L50, M|81/100
|-ability|p2b: Incineroar|Intimidate|boost
|-unboost|p1a: Gliscor|atk|1
|-unboost|p1b: Incineroar|atk|1
|move|p1a: Gliscor|Protect|p1a: Gliscor
|-singleturn|p1a: Gliscor|Protect
|move|p2a: Garchomp|Stomping Tantrum|p1b: Incineroar
|-supereffective|p1b: Incineroar
|-damage|p1b: Incineroar|0 fnt
|faint|p1b: Incineroar
|
|-status|p1a: Gliscor|tox|[from] item: Toxic Orb
|upkeep
|turn|13
|
|t:|1757831025
|move|p2b: Incineroar|Fake Out|p1a: Gliscor
|-damage|p1a: Gliscor|92/100 tox
|move|p2a: Garchomp|Scale Shot|p1a: Gliscor
|-damage|p1a: Gliscor|80/100 tox
|-damage|p1a: Gliscor|69/100 tox
|-damage|p1a: Gliscor|58/100 tox
|-damage|p1a: Gliscor|45/100 tox
|-hitcount|p1a: Gliscor|4
|-unboost|p2a: Garchomp|def|1
|-boost|p2a: Garchomp|spe|1
|cant|p1a: Gliscor|flinch
|
|-heal|p1a: Gliscor|58/100 tox|[from] ability: Poison Heal
|upkeep
|turn|14
|
|t:|1757831038
|move|p2a: Garchomp|Scale Shot|p1a: Gliscor
|-damage|p1a: Gliscor|45/100 tox
|-damage|p1a: Gliscor|33/100 tox
|-damage|p1a: Gliscor|21/100 tox
|-damage|p1a: Gliscor|10/100 tox
|-damage|p1a: Gliscor|0 fnt
|faint|p1a: Gliscor
|-hitcount|p1: Gliscor|5
|
|win|CretaceousDraconid
|raw|Phish With A PH's rating: 1159 → 1133(-26 for losing)
|raw|CretaceousDraconid's rating: 1139 → 1165(+26 for winning)
|c|☆CretaceousDraconid|ggwp
|c|☆Phish With A PH|ggwp
