|j|â˜†grfynnvgc
|j|â˜†shotstopper
|html|grfynnvgcshotstopper    
|uhtml|bestof|Game 2 of a best-of-3
|t:|1785383052
|gametype|doubles
|player|p1|grfynnvgc|1|1154
|player|p2|shotstopper|265|1016
|gen|9
|tier|[Gen 9 Champions] VGC 2026 Reg M-B (Bo3)
|rated|
|rule|Species Clause: Limit one of each PokÃ©mon
|rule|Item Clause: Limit 1 of each item
|clearpoke
|poke|p1|Gengar, L50, M|
|poke|p1|Kommo-o, L50, F|
|poke|p1|Ninetales-Alola, L50, F|
|poke|p1|Primarina, L50, M|
|poke|p1|Volcarona, L50, F|
|poke|p1|Incineroar, L50, M|
|poke|p2|Sinistcha-Masterpiece, L50|
|poke|p2|Incineroar, L50, M|
|poke|p2|Milotic, L50, F, shiny|
|poke|p2|Raichu, L50, F|
|poke|p2|Floette-Eternal, L50, F|
|poke|p2|Ceruledge, L50, F|
|teampreview|4
|showteam|p1|Gengar||Gengarite|CursedBody|ShadowBall,SludgeBomb,PerishSong,Protect|Modest||M|||50|]Kommo-o||Leftovers|Soundproof|ClangingScales,AuraSphere,ClangorousSoul,Protect|Modest||F|||50|]Ninetales-Alola||FocusSash|SnowWarning|Blizzard,FreezeDry,AuroraVeil,Protect|Timid||F|||50|]Primarina||MysticWater|LiquidVoice|HyperVoice,Moonblast,PerishSong,Protect|Modest||M|||50|]Volcarona||SitrusBerry|FlameBody|Flamethrower,StruggleBug,RagePowder,Protect|Bold||F|||50|]Incineroar||ShucaBerry|Intimidate|FakeOut,ThroatChop,PartingShot,Protect|Impish||M|||50|
|showteam|p2|Sinistcha-Masterpiece||SitrusBerry|Hospitality|RagePowder,MatchaGotcha,TrickRoom,LifeDew|Bold|||||50|]Incineroar||ChopleBerry|Intimidate|FakeOut,FlareBlitz,ThroatChop,PartingShot|Impish||M|||50|]Milotic||Leftovers|Competitive|MuddyWater,Coil,Hypnosis,Protect|Calm||F|||50|]Raichu||FocusSash|LightningRod|VoltSwitch,VoltTackle,FakeOut,Protect|Hasty||F|||50|]Floette-Eternal||Floettite|FlowerVeil|DazzlingGleam,DrainingKiss,CalmMind,Protect|Bold||F|||50|]Ceruledge||ColburBerry|FlashFire|BitterBlade,ShadowSneak,BulkUp,Protect|Adamant||F|||50|
|inactive|Battle timer is ON: inactive players will automatically lose when time's up. (requested by shotstopper)
|inactive|grfynnvgc has 60 seconds left.
|inactive|shotstopper has 60 seconds left.
|inactive|shotstopper has 30 seconds left.
|inactive|shotstopper has 20 seconds left.
|
|t:|1785383125
|teamsize|p1|4
|teamsize|p2|4
|start
|switch|p1a: Kommo-o|Kommo-o, L50, F|100/100
|switch|p1b: Gengar|Gengar, L50, M|100/100
|switch|p2a: Incineroar|Incineroar, L50, M|100/100
|switch|p2b: Milotic|Milotic, L50, F, shiny|100/100
|-ability|p2a: Incineroar|Intimidate|boost
|-unboost|p1a: Kommo-o|atk|1
|-unboost|p1b: Gengar|atk|1
|turn|1
|
|t:|1785383149
|detailschange|p1b: Gengar|Gengar-Mega, L50, M
|-mega|p1b: Gengar|Gengar|Gengarite
|move|p1b: Gengar|Perish Song|p1b: Gengar
|-immune|p1a: Kommo-o|[from] ability: Soundproof
|-start|p1b: Gengar|perish3|[silent]
|-start|p2a: Incineroar|perish3|[silent]
|-start|p2b: Milotic|perish3|[silent]
|-fieldactivate|move: Perish Song
|move|p1a: Kommo-o|Aura Sphere|p2a: Incineroar
|-supereffective|p2a: Incineroar|1
|-enditem|p2a: Incineroar|Chople Berry|[eat]
|-enditem|p2a: Incineroar|Chople Berry|[weaken]
|-damage|p2a: Incineroar|66/100
|move|p2b: Milotic|Hypnosis|p1b: Gengar
|-status|p1b: Gengar|slp|[from] move: Hypnosis
|move|p2a: Incineroar|Throat Chop|p1b: Gengar
|-supereffective|p1b: Gengar|1
|-damage|p1b: Gengar|22/100 slp
|-start|p1b: Gengar|Throat Chop|[silent]
|
|-start|p1b: Gengar|perish3
|-start|p2b: Milotic|perish3
|-start|p2a: Incineroar|perish3
|upkeep
|turn|2
|inactive|grfynnvgc has 30 seconds left.
|inactive|shotstopper has 30 seconds left.
|
|t:|1785383183
|cant|p1b: Gengar|slp
|move|p1a: Kommo-o|Clanging Scales|p2b: Milotic|[spread] p2a,p2b
|-damage|p2a: Incineroar|31/100
|-damage|p2b: Milotic|74/100
|-unboost|p1a: Kommo-o|def|1
|move|p2b: Milotic|Hypnosis|p1a: Kommo-o
|-status|p1a: Kommo-o|slp|[from] move: Hypnosis
|move|p2a: Incineroar|Throat Chop|p1b: Gengar
|-supereffective|p1b: Gengar|1
|-damage|p1b: Gengar|0 fnt
|faint|p1b: Gengar
|
|-heal|p2b: Milotic|80/100|[from] item: Leftovers
|-start|p2b: Milotic|perish2
|-start|p2a: Incineroar|perish2
|upkeep
|c|â˜†grfynnvgc|double full odds hypnosis nice
|inactive|grfynnvgc has 30 seconds left.
|
|t:|1785383210
|switch|p1b: Primarina|Primarina, L50, M|100/100
|turn|3
|
|t:|1785383230
|switch|p2a: Floette|Floette-Eternal, L50, F|100/100
|cant|p1a: Kommo-o|slp
|move|p2b: Milotic|Hypnosis|p1b: Primarina|[miss]
|-miss|p2b: Milotic|p1b: Primarina
|move|p1b: Primarina|Hyper Voice|p2a: Floette|[spread] p2a,p2b
|-resisted|p2b: Milotic|1
|-damage|p2a: Floette|62/100
|-damage|p2b: Milotic|65/100
|
|-heal|p2b: Milotic|71/100|[from] item: Leftovers
|-start|p2b: Milotic|perish1
|upkeep
|turn|4
|
|t:|1785383247
|switch|p2b: Sinistcha|Sinistcha-Masterpiece, L50|100/100
|-heal|p2a: Floette|87/100|[from] ability: Hospitality|[of] p2b: Sinistcha
|detailschange|p2a: Floette|Floette-Mega, L50, F
|-mega|p2a: Floette|Floette|Floettite
|-ability|p2a: Floette|Fairy Aura
|cant|p1a: Kommo-o|slp
|move|p2a: Floette|Calm Mind|p2a: Floette
|-boost|p2a: Floette|spa|1
|-boost|p2a: Floette|spd|1
|move|p1b: Primarina|Hyper Voice|p2b: Sinistcha|[spread] p2a,p2b
|-resisted|p2b: Sinistcha|1
|-damage|p2a: Floette|67/100
|-damage|p2b: Sinistcha|78/100
|
|upkeep
|turn|5
|c|â˜†grfynnvgc|and two turn sleep
|c|â˜†grfynnvgc|nice
|inactive|grfynnvgc has 30 seconds left.
|
|t:|1785383278
|switch|p1a: Volcarona|Volcarona, L50, F|100/100
|move|p2a: Floette|Dazzling Gleam|p1b: Primarina|[spread] p1a,p1b
|-resisted|p1a: Volcarona|1
|-damage|p1a: Volcarona|73/100
|-damage|p1b: Primarina|52/100
|move|p2b: Sinistcha|Matcha Gotcha|p1a: Volcarona|[spread] p1a,p1b
|-resisted|p1a: Volcarona|2
|-supereffective|p1b: Primarina|1
|-damage|p1a: Volcarona|69/100
|-heal|p2b: Sinistcha|81/100|[from] drain|[of] p1a: Volcarona
|-damage|p1b: Primarina|13/100
|-heal|p2b: Sinistcha|100/100|[from] drain|[of] p1b: Primarina
|move|p1b: Primarina|Perish Song|p1b: Primarina
|-start|p1a: Volcarona|perish3|[silent]
|-start|p1b: Primarina|perish3|[silent]
|-start|p2a: Floette|perish3|[silent]
|-start|p2b: Sinistcha|perish3|[silent]
|-fieldactivate|move: Perish Song
|
|-start|p2a: Floette|perish3
|-start|p1a: Volcarona|perish3
|-start|p2b: Sinistcha|perish3
|-start|p1b: Primarina|perish3
|upkeep
|turn|6
|inactive|shotstopper has 30 seconds left.
|inactive|shotstopper has 20 seconds left.
|inactive|shotstopper has 15 seconds left.
|inactive|shotstopper has 10 seconds left.
|
|t:|1785383325
|switch|p2a: Milotic|Milotic, L50, F, shiny|71/100
|move|p1b: Primarina|Protect|p1b: Primarina
|-singleturn|p1b: Primarina|Protect
|move|p1a: Volcarona|Flamethrower|p2b: Sinistcha
|-supereffective|p2b: Sinistcha|1
|-damage|p2b: Sinistcha|22/100
|-enditem|p2b: Sinistcha|Sitrus Berry|[eat]
|-heal|p2b: Sinistcha|47/100|[from] item: Sitrus Berry
|move|p2b: Sinistcha|Matcha Gotcha|p1a: Volcarona|[spread] p1a
|-activate|p1b: Primarina|move: Protect
|-resisted|p1a: Volcarona|2
|-damage|p1a: Volcarona|64/100
|-heal|p2b: Sinistcha|50/100y|[from] drain|[of] p1a: Volcarona
|
|-heal|p2a: Milotic|77/100|[from] item: Leftovers
|-start|p1a: Volcarona|perish2
|-start|p2b: Sinistcha|perish2
|-start|p1b: Primarina|perish2
|upkeep
|turn|7
|inactive|shotstopper has 30 seconds left.
|
|t:|1785383359
|switch|p2b: Floette|Floette-Mega, L50, F|67/100
|-ability|p2b: Floette|Fairy Aura
|switch|p1b: Kommo-o|Kommo-o, L50, F|100/100 slp
|move|p1a: Volcarona|Flamethrower|p2b: Floette
|-damage|p2b: Floette|37/100
|move|p2a: Milotic|Muddy Water|p1b: Kommo-o|[spread] p1a,p1b
|-supereffective|p1a: Volcarona|1
|-resisted|p1b: Kommo-o|1
|-damage|p1a: Volcarona|27/100
|-damage|p1b: Kommo-o|86/100 slp
|-unboost|p1a: Volcarona|accuracy|1
|-enditem|p1a: Volcarona|Sitrus Berry|[eat]
|-heal|p1a: Volcarona|52/100|[from] item: Sitrus Berry
|
|-heal|p1b: Kommo-o|92/100 slp|[from] item: Leftovers
|-heal|p2a: Milotic|83/100|[from] item: Leftovers
|-start|p1a: Volcarona|perish1
|upkeep
|turn|8
|
|t:|1785383384
|move|p2b: Floette|Protect|p2b: Floette
|-singleturn|p2b: Floette|Protect
|move|p2a: Milotic|Protect|p2a: Milotic
|-singleturn|p2a: Milotic|Protect
|-curestatus|p1b: Kommo-o|slp|[msg]
|move|p1b: Kommo-o|Aura Sphere|p2b: Floette
|-activate|p2b: Floette|move: Protect
|move|p1a: Volcarona|Flamethrower|p2b: Floette
|-activate|p2b: Floette|move: Protect
|
|-heal|p1b: Kommo-o|98/100|[from] item: Leftovers
|-heal|p2a: Milotic|89/100|[from] item: Leftovers
|-start|p1a: Volcarona|perish0
|faint|p1a: Volcarona
|upkeep
|-message|grfynnvgc forfeited.
|
|win|shotstopper
