|j|☆Ice124567890
|j|☆failandimprove5
|html|Ice124567890failandimprove5    
|uhtml|bestof|Game 2 of a best-of-3
|t:|1782210716
|gametype|doubles
|player|p1|Ice124567890|102|1268
|player|p2|failandimprove5|2|1348
|gen|9
|tier|[Gen 9 Champions] VGC 2026 Reg M-B (Bo3)
|rated|
|rule|Species Clause: Limit one of each Pokémon
|rule|Item Clause: Limit 1 of each item
|clearpoke
|poke|p1|Torkoal, L50, F|
|poke|p1|Venusaur, L50, M|
|poke|p1|Delphox, L50, F|
|poke|p1|Incineroar, L50, M|
|poke|p1|Farigiraf, L50, M|
|poke|p1|Floette-Eternal, L50, F|
|poke|p2|Charizard, L50, F|
|poke|p2|Floette-Eternal, L50, F|
|poke|p2|Whimsicott, L50, M|
|poke|p2|Basculegion, L50, M|
|poke|p2|Incineroar, L50, M|
|poke|p2|Garchomp, L50, M|
|teampreview|4
|showteam|p1|Torkoal||HeatRock|Drought|Eruption,WeatherBall,Yawn,Protect|Quiet||F|||50|]Venusaur||LifeOrb|Chlorophyll|EnergyBall,SludgeBomb,EarthPower,Protect|Modest||M|||50|]Delphox||Delphoxite|Blaze|Psyshock,HeatWave,NastyPlot,Protect|Timid||F|||50|]Incineroar||Charcoal|Intimidate|PartingShot,FakeOut,ThroatChop,FlareBlitz|Adamant||M|||50|]Farigiraf||SitrusBerry|ArmorTail|Psychic,HyperVoice,TrickRoom,Protect|Quiet||M|||50|]Floette-Eternal||Floettite|FlowerVeil|DazzlingGleam,Moonblast,LightofRuin,Protect|Timid||F|||50|
|showteam|p2|Charizard||CharizarditeY|Blaze|HeatWave,WeatherBall,SolarBeam,Protect|Modest||F|||50|]Floette-Eternal||Floettite|FlowerVeil|Moonblast,DazzlingGleam,LightofRuin,Protect|Timid||F|||50|]Whimsicott||FocusSash|Prankster|Moonblast,Tailwind,Encore,Protect|Timid||M|||50|]Basculegion||MysticWater|Adaptability|WaveCrash,LastRespects,AquaJet,Protect|Adamant||M|||50|]Incineroar||SitrusBerry|Intimidate|FlareBlitz,ThroatChop,PartingShot,FakeOut|Careful||M|||50|]Garchomp||LifeOrb|RoughSkin|Earthquake,RockSlide,DragonClaw,Protect|Jolly||M|||50|
|inactive|Battle timer is ON: inactive players will automatically lose when time's up. (requested by failandimprove5)
|inactive|Ice124567890 also wants the timer to be on.
|
|t:|1782210743
|teamsize|p1|4
|teamsize|p2|4
|start
|switch|p1a: Farigiraf|Farigiraf, L50, M|100/100
|switch|p1b: Incineroar|Incineroar, L50, M|100/100
|switch|p2a: Basculegion|Basculegion, L50, M|100/100
|switch|p2b: Incineroar|Incineroar, L50, M|100/100
|-ability|p2b: Incineroar|Intimidate|boost
|-unboost|p1a: Farigiraf|atk|1
|-unboost|p1b: Incineroar|atk|1
|-ability|p1b: Incineroar|Intimidate|boost
|-unboost|p2a: Basculegion|atk|1
|-unboost|p2b: Incineroar|atk|1
|turn|1
|
|t:|1782210764
|move|p1b: Incineroar|Fake Out|p2b: Incineroar
|-damage|p2b: Incineroar|92/100
|move|p2a: Basculegion|Wave Crash|p1a: Farigiraf
|-damage|p1a: Farigiraf|41/100
|-enditem|p1a: Farigiraf|Sitrus Berry|[eat]
|-heal|p1a: Farigiraf|66/100|[from] item: Sitrus Berry
|-damage|p2a: Basculegion|78/100|[from] Recoil
|cant|p2b: Incineroar|flinch
|move|p1a: Farigiraf|Trick Room|p1a: Farigiraf
|-fieldstart|move: Trick Room|[of] p1a: Farigiraf
|
|upkeep
|turn|2
|
|t:|1782210782
|move|p2a: Basculegion|Protect|p2a: Basculegion
|-singleturn|p2a: Basculegion|Protect
|move|p1a: Farigiraf|Hyper Voice|p2a: Basculegion|[spread] p2b
|-activate|p2a: Basculegion|move: Protect
|-damage|p2b: Incineroar|68/100
|move|p1b: Incineroar|Throat Chop|p2b: Incineroar
|-resisted|p2b: Incineroar|1
|-damage|p2b: Incineroar|56/100
|-start|p2b: Incineroar|Throat Chop|[silent]
|cant|p2b: Incineroar|move: Throat Chop
|
|upkeep
|turn|3
|inactive|Ice124567890 has 30 seconds left.
|inactive|failandimprove5 has 30 seconds left.
|
|t:|1782210809
|switch|p2b: Garchomp|Garchomp, L50, M|100/100
|move|p1a: Farigiraf|Psychic|p2a: Basculegion
|-damage|p2a: Basculegion|30/100
|move|p1b: Incineroar|Throat Chop|p2a: Basculegion
|-supereffective|p2a: Basculegion|1
|-damage|p2a: Basculegion|0 fnt
|faint|p2a: Basculegion
|
|upkeep
|
|t:|1782210817
|switch|p2a: Charizard|Charizard, L50, F|100/100
|turn|4
|inactive|Ice124567890 has 30 seconds left.
|
|t:|1782210844
|detailschange|p2a: Charizard|Charizard-Mega-Y, L50, F
|-mega|p2a: Charizard|Charizard|Charizardite Y
|-weather|SunnyDay|[from] ability: Drought|[of] p2a: Charizard
|move|p1a: Farigiraf|Hyper Voice|p2b: Garchomp|[spread] p2a,p2b
|-damage|p2a: Charizard|72/100
|-damage|p2b: Garchomp|63/100
|move|p1b: Incineroar|Throat Chop|p2a: Charizard
|-damage|p2a: Charizard|49/100
|-start|p2a: Charizard|Throat Chop|[silent]
|move|p2a: Charizard|Heat Wave|p1b: Incineroar|[spread] p1a,p1b
|-resisted|p1b: Incineroar|1
|-damage|p1a: Farigiraf|6/100
|-damage|p1b: Incineroar|71/100
|move|p2b: Garchomp|Earthquake|p1a: Farigiraf|[spread] p1a,p1b
|-immune|p2a: Charizard
|-supereffective|p1b: Incineroar|1
|-damage|p1a: Farigiraf|0 fnt
|-damage|p1b: Incineroar|0 fnt
|faint|p1a: Farigiraf
|faint|p1b: Incineroar
|-damage|p2b: Garchomp|53/100|[from] item: Life Orb
|
|-weather|SunnyDay|[upkeep]
|upkeep
|
|t:|1782210846
|switch|p1a: Torkoal|Torkoal, L50, F|100/100
|switch|p1b: Venusaur|Venusaur, L50, M|100/100
|turn|5
|
|t:|1782210857
|move|p2b: Garchomp|Protect|p2b: Garchomp
|-singleturn|p2b: Garchomp|Protect
|move|p1a: Torkoal|Eruption|p2a: Charizard|[spread] p2a
|-activate|p2b: Garchomp|move: Protect
|-resisted|p2a: Charizard|1
|-damage|p2a: Charizard|20/100y
|move|p2a: Charizard|Heat Wave|p1a: Torkoal|[spread] p1a,p1b
|-resisted|p1a: Torkoal|1
|-supereffective|p1b: Venusaur|1
|-damage|p1a: Torkoal|61/100
|-damage|p1b: Venusaur|0 fnt
|faint|p1b: Venusaur
|
|-weather|SunnyDay|[upkeep]
|-end|p2a: Charizard|Throat Chop|[silent]
|-fieldend|move: Trick Room
|upkeep
|turn|6
|-message|Ice124567890 forfeited.
|
|win|failandimprove5
|raw|Ice124567890's rating: 1268 → 1249(-19 for losing)
|raw|failandimprove5's rating: 1348 → 1363(+15 for winning)
|l|☆Ice124567890
|player|p1|
