|j|☆Shaymin frohawk
|j|☆glofer
|html|Shaymin frohawkglofer    
|uhtml|bestof|Game 1 of a best-of-3
|t:|1786113459
|gametype|doubles
|player|p1|Shaymin frohawk|101|1040
|player|p2|glofer|blackbelt|1083
|gen|9
|tier|[Gen 9 Champions] VGC 2026 Reg M-B (Bo3)
|rated|
|rule|Species Clause: Limit one of each Pokémon
|rule|Item Clause: Limit 1 of each item
|clearpoke
|poke|p1|Raichu, L50, M|
|poke|p1|Staraptor, L50, M|
|poke|p1|Arcanine-Hisui, L50, M|
|poke|p1|Sylveon, L50, F|
|poke|p1|Farigiraf, L50, F|
|poke|p1|Kingambit, L50, F|
|poke|p2|Sandaconda, L50, F|
|poke|p2|Mamoswine, L50, M|
|poke|p2|Garchomp, L50, F|
|poke|p2|Steelix, L50, M|
|poke|p2|Krookodile, L50, M|
|poke|p2|Gliscor, L50, F|
|teampreview|4
|showteam|p1|Raichu||RaichuniteY|LightningRod|ZapCannon,FocusBlast,FakeOut,Protect|Hasty||M|||50|]Staraptor||Staraptite|Intimidate|DualWingbeat,CloseCombat,Tailwind,Protect|Jolly||M|||50|]Arcanine-Hisui||FocusSash|RockHead|FlareBlitz,HeadSmash,ExtremeSpeed,Protect|Jolly||M|||50|]Sylveon||FairyFeather|Pixilate|HyperBeam,HyperVoice,QuickAttack,Detect|Modest||F|||50|]Farigiraf||SitrusBerry|ArmorTail|TrickRoom,Protect,Psychic,HelpingHand|Calm||F|||50|]Kingambit||LifeOrb|Defiant|KowtowCleave,SuckerPunch,Protect,SwordsDance|Adamant||F|||50|
|showteam|p2|Sandaconda||Leftovers|SandSpit|SandTomb,DragonRush,Coil,Protect|Careful||F|||50|]Mamoswine||LifeOrb|Oblivious|HighHorsepower,IcicleCrash,IceShard,Protect|Adamant||M|||50|]Garchomp||Garchompite|RoughSkin|Earthquake,DragonClaw,RockSlide,Protect|Adamant||F|||50|]Steelix||Steelixite|Sturdy|DrillRun,HeavySlam,BodyPress,WideGuard|Adamant||M|||50|]Krookodile||ExpertBelt|Intimidate|StompingTantrum,LashOut,SmackDown,Protect|Impish||M|||50|]Gliscor||FocusSash|HyperCutter|Bulldoze,DualWingbeat,Tailwind,Protect|Adamant||F|||50|
|inactive|Battle timer is ON: inactive players will automatically lose when time's up. (requested by glofer)
|inactive|Shaymin frohawk has 60 seconds left.
|
|t:|1786113530
|teamsize|p1|4
|teamsize|p2|4
|start
|switch|p1a: Staraptor|Staraptor, L50, M|100/100
|switch|p1b: Farigiraf|Farigiraf, L50, F|100/100
|switch|p2a: Mamoswine|Mamoswine, L50, M|100/100
|switch|p2b: Krookodile|Krookodile, L50, M|100/100
|-ability|p1a: Staraptor|Intimidate|boost
|-fail|p2a: Mamoswine|unboost|Attack|[from] ability: Oblivious|[of] p2a: Mamoswine
|-unboost|p2b: Krookodile|atk|1
|-ability|p2b: Krookodile|Intimidate|boost
|-unboost|p1a: Staraptor|atk|1
|-unboost|p1b: Farigiraf|atk|1
|turn|1
|inactive|glofer has 30 seconds left.
|
|t:|1786113564
|switch|p1b: Sylveon|Sylveon, L50, F|100/100
|detailschange|p1a: Staraptor|Staraptor-Mega, L50, M
|-mega|p1a: Staraptor|Staraptor|Staraptite
|move|p2a: Mamoswine|Ice Shard|p1a: Staraptor
|-supereffective|p1a: Staraptor|1
|-damage|p1a: Staraptor|42/100
|-damage|p2a: Mamoswine|90/100|[from] item: Life Orb
|move|p1a: Staraptor|Tailwind|p1a: Staraptor
|-sidestart|p1: Shaymin frohawk|move: Tailwind
|move|p2b: Krookodile|Smack Down|p1a: Staraptor
|-damage|p1a: Staraptor|31/100
|-start|p1a: Staraptor|Smack Down
|
|upkeep
|turn|2
|
|t:|1786113585
|switch|p1a: Farigiraf|Farigiraf, L50, F|100/100
|switch|p2b: Sandaconda|Sandaconda, L50, F|100/100
|move|p2a: Mamoswine|Protect|p2a: Mamoswine
|-singleturn|p2a: Mamoswine|Protect
|move|p1b: Sylveon|Hyper Voice|p2b: Sandaconda|[spread] p2b
|-activate|p2a: Mamoswine|move: Protect
|-damage|p2b: Sandaconda|56/100
|-weather|Sandstorm|[from] ability: Sand Spit|[of] p2b: Sandaconda
|
|-weather|Sandstorm|[upkeep]
|-damage|p1b: Sylveon|94/100|[from] Sandstorm
|-damage|p1a: Farigiraf|93/100|[from] Sandstorm
|-heal|p2b: Sandaconda|62/100|[from] item: Leftovers
|upkeep
|turn|3
|
|t:|1786113605
|move|p1a: Farigiraf|Helping Hand|p1b: Sylveon
|-singleturn|p1b: Sylveon|Helping Hand|[of] p1a: Farigiraf
|move|p1b: Sylveon|Hyper Voice|p2b: Sandaconda|[spread] p2a,p2b
|-crit|p2a: Mamoswine
|-damage|p2a: Mamoswine|0 fnt
|-damage|p2b: Sandaconda|0 fnt
|faint|p2a: Mamoswine
|faint|p2b: Sandaconda
|
|-weather|Sandstorm|[upkeep]
|-damage|p1b: Sylveon|88/100|[from] Sandstorm
|-damage|p1a: Farigiraf|87/100|[from] Sandstorm
|upkeep
|
|t:|1786113612
|switch|p2a: Krookodile|Krookodile, L50, M|100/100
|switch|p2b: Steelix|Steelix, L50, M|100/100
|-ability|p2a: Krookodile|Intimidate|boost
|-unboost|p1a: Farigiraf|atk|1
|-unboost|p1b: Sylveon|atk|1
|turn|4
|
|t:|1786113626
|detailschange|p2b: Steelix|Steelix-Mega, L50, M
|-mega|p2b: Steelix|Steelix|Steelixite
|move|p1a: Farigiraf|Helping Hand|p1b: Sylveon
|-singleturn|p1b: Sylveon|Helping Hand|[of] p1a: Farigiraf
|move|p2a: Krookodile|Protect|p2a: Krookodile
|-singleturn|p2a: Krookodile|Protect
|move|p1b: Sylveon|Hyper Voice|p2a: Krookodile|[spread] p2b
|-activate|p2a: Krookodile|move: Protect
|-resisted|p2b: Steelix|1
|-damage|p2b: Steelix|60/100
|move|p2b: Steelix|Heavy Slam|p1b: Sylveon
|-supereffective|p1b: Sylveon|1
|-damage|p1b: Sylveon|0 fnt
|faint|p1b: Sylveon
|
|-weather|Sandstorm|[upkeep]
|-damage|p1a: Farigiraf|81/100|[from] Sandstorm
|-sideend|p1: Shaymin frohawk|move: Tailwind
|upkeep
|
|t:|1786113638
|switch|p1b: Staraptor|Staraptor-Mega, L50, M|31/100
|turn|5
|
|t:|1786113649
|move|p1a: Farigiraf|Helping Hand|p1b: Staraptor
|-singleturn|p1b: Staraptor|Helping Hand|[of] p1a: Farigiraf
|move|p1b: Staraptor|Close Combat|p2a: Krookodile
|-supereffective|p2a: Krookodile|1
|-damage|p2a: Krookodile|0 fnt
|-boost|p1b: Staraptor|def|1
|-boost|p1b: Staraptor|spd|1
|faint|p2a: Krookodile
|move|p2b: Steelix|Heavy Slam|p1b: Staraptor
|-damage|p1b: Staraptor|0 fnt
|faint|p1b: Staraptor
|
|-weather|Sandstorm|[upkeep]
|-damage|p1a: Farigiraf|75/100|[from] Sandstorm
|upkeep
|
|t:|1786113655
|switch|p1b: Kingambit|Kingambit, L50, F|100/100
|turn|6
|
|t:|1786113664
|move|p1b: Kingambit|Protect|p1b: Kingambit
|-singleturn|p1b: Kingambit|Protect
|move|p1a: Farigiraf|Psychic|p2b: Steelix
|-resisted|p2b: Steelix|1
|-damage|p2b: Steelix|40/100
|move|p2b: Steelix|Body Press|p1b: Kingambit
|-activate|p1b: Kingambit|move: Protect
|
|-weather|none
|upkeep
|turn|7
|
|t:|1786113675
|move|p1a: Farigiraf|Psychic|p2b: Steelix
|-resisted|p2b: Steelix|1
|-damage|p2b: Steelix|21/100
|-unboost|p2b: Steelix|spd|1
|move|p1b: Kingambit|Kowtow Cleave|p2b: Steelix
|-damage|p2b: Steelix|0 fnt
|faint|p2b: Steelix
|-damage|p1b: Kingambit|90/100|[from] item: Life Orb
|
|win|Shaymin frohawk
