|j|☆Imaginary Iris
|j|☆Skols
|html|Imaginary IrisSkols    
|uhtml|bestof|Game 2 of a best-of-3
|t:|1757634645
|gametype|doubles
|player|p1|Imaginary Iris|lady|1086
|player|p2|Skols|1|1179
|gen|9
|tier|[Gen 9] VGC 2025 Reg H (Bo3)
|rated|
|rule|Species Clause: Limit one of each Pokémon
|rule|Item Clause: Limit 1 of each item
|clearpoke
|poke|p1|Dachsbun, L50, F|
|poke|p1|Typhlosion-Hisui, L50, F|
|poke|p1|Kingambit, L50, M|
|poke|p1|Jumpluff, L50, F|
|poke|p1|Rillaboom, L50, F|
|poke|p1|Torkoal, L50, F|
|poke|p2|Tyranitar, L50, F|
|poke|p2|Garchomp, L50, M|
|poke|p2|Talonflame, L50, F|
|poke|p2|Gholdengo, L50|
|poke|p2|Porygon2, L50|
|poke|p2|Scrafty, L50, F|
|teampreview|4
|showteam|p1|Dachsbun||Leftovers|WellBakedBody|Protect,BodyPress,HelpingHand,Snarl|||F|||50|,,,,,Steel]Typhlosion-Hisui||ChoiceSpecs|Blaze|Eruption,LavaPlume,Overheat,ShadowBall|||F|||50|,,,,,Fire]Kingambit||SafetyGoggles|Defiant|Protect,KowtowCleave,SuckerPunch,SwordsDance|||M|||50|,,,,,Dark]Jumpluff||CovertCloak|Chlorophyll|LeafStorm,Encore,SleepPowder,Tailwind|||F|||50|,,,,,Water]Rillaboom||AssaultVest|GrassySurge|WoodHammer,FakeOut,GrassyGlide,HighHorsepower|||F|||50|,,,,,Fire]Torkoal||SitrusBerry|Drought|Protect,ClearSmog,HeatWave,LavaPlume|||F|||50|,,,,,Fairy
|showteam|p2|Tyranitar||AssaultVest|SandStream|RockSlide,LowKick,KnockOff,TeraBlast|||F|||50|,,,,,Flying]Garchomp||LifeOrb|SandVeil|StompingTantrum,DragonClaw,Earthquake,Protect|||M|||50|,,,,,Fire]Talonflame||SafetyGoggles|GaleWings|BraveBird,FlareBlitz,Taunt,Tailwind|||F|||50|,,,,,Ghost]Gholdengo||Leftovers|GoodasGold|MakeItRain,ShadowBall,NastyPlot,Protect||||||50|,,,,,Water]Porygon2||Eviolite|Download|TrickRoom,Recover,IceBeam,TeraBlast||||||50|,,,,,Fighting]Scrafty||CovertCloak|Intimidate|FakeOut,Crunch,CloseCombat,Coaching|||F|||50|,,,,,Fairy
|inactive|Battle timer is ON: inactive players will automatically lose when time's up. (requested by Skols)
|inactive|Imaginary Iris has 60 seconds left.
|inactive|Imaginary Iris has 30 seconds left.
|
|t:|1757634718
|teamsize|p1|4
|teamsize|p2|4
|start
|switch|p1a: Dachsbun|Dachsbun, L50, F, shiny|100/100
|switch|p1b: Typhlosion|Typhlosion-Hisui, L50, F|100/100
|switch|p2a: Porygon2|Porygon2, L50|100/100
|switch|p2b: Talonflame|Talonflame, L50, F|100/100
|-ability|p2a: Porygon2|Download|boost
|-boost|p2a: Porygon2|spa|1
|turn|1
|inactive|Imaginary Iris has 30 seconds left.
|inactive|Skols has 30 seconds left.
|inactive|Imaginary Iris has 20 seconds left.
|inactive|Skols has 20 seconds left.
|inactive|Imaginary Iris has 15 seconds left.
|inactive|Skols has 15 seconds left.
|inactive|Skols has 10 seconds left.
|
|t:|1757634763
|move|p2b: Talonflame|Brave Bird|p1b: Typhlosion
|-damage|p1b: Typhlosion|30/100
|-damage|p2b: Talonflame|78/100|[from] Recoil
|move|p1b: Typhlosion|Lava Plume|p2a: Porygon2|[spread] p2a,p2b
|-ability|p1a: Dachsbun|Well-Baked Body|boost
|-boost|p1a: Dachsbun|def|2
|-resisted|p2b: Talonflame
|-damage|p2a: Porygon2|56/100
|-damage|p2b: Talonflame|25/100
|-status|p2a: Porygon2|brn
|move|p1a: Dachsbun|Body Press|p2a: Porygon2
|-supereffective|p2a: Porygon2
|-damage|p2a: Porygon2|1/100 brn
|move|p2a: Porygon2|Trick Room|p2a: Porygon2
|-fieldstart|move: Trick Room|[of] p2a: Porygon2
|
|-damage|p2a: Porygon2|0 fnt|[from] brn
|faint|p2a: Porygon2
|upkeep
|inactive|Skols has 30 seconds left.
|
|t:|1757634788
|switch|p2a: Garchomp|Garchomp, L50, M|100/100
|turn|2
|
|t:|1757634805
|move|p2a: Garchomp|Earthquake|p1b: Typhlosion|[spread] p1a,p1b
|-immune|p2b: Talonflame
|-supereffective|p1b: Typhlosion
|-damage|p1a: Dachsbun|74/100
|-damage|p1b: Typhlosion|0 fnt
|faint|p1b: Typhlosion
|-damage|p2a: Garchomp|91/100|[from] item: Life Orb
|move|p1a: Dachsbun|Body Press|p2a: Garchomp
|-damage|p2a: Garchomp|48/100
|move|p2b: Talonflame|Brave Bird|p1a: Dachsbun
|-damage|p1a: Dachsbun|53/100
|-damage|p2b: Talonflame|17/100|[from] Recoil
|
|-heal|p1a: Dachsbun|59/100|[from] item: Leftovers
|upkeep
|
|t:|1757634817
|switch|p1b: Torkoal|Torkoal, L50, F|100/100
|-weather|SunnyDay|[from] ability: Drought|[of] p1b: Torkoal
|turn|3
|
|t:|1757634829
|-terastallize|p1b: Torkoal|Fairy
|move|p1a: Dachsbun|Helping Hand|p1b: Torkoal
|-singleturn|p1b: Torkoal|Helping Hand|[of] p1a: Dachsbun
|move|p2a: Garchomp|Protect|p2a: Garchomp
|-singleturn|p2a: Garchomp|Protect
|move|p1b: Torkoal|Lava Plume|p2b: Talonflame|[spread] p2b
|-activate|p2a: Garchomp|move: Protect
|-ability|p1a: Dachsbun|Well-Baked Body|boost
|-boost|p1a: Dachsbun|def|2
|-resisted|p2b: Talonflame
|-damage|p2b: Talonflame|0 fnt
|faint|p2b: Talonflame
|
|-weather|SunnyDay|[upkeep]
|-heal|p1a: Dachsbun|65/100|[from] item: Leftovers
|upkeep
|
|t:|1757634842
|switch|p2b: Tyranitar|Tyranitar, L50, F|100/100
|-weather|Sandstorm|[from] ability: Sand Stream|[of] p2b: Tyranitar
|turn|4
|
|t:|1757634853
|-terastallize|p2b: Tyranitar|Flying
|move|p1b: Torkoal|Lava Plume|p2b: Tyranitar|[spread] p2a,p2b
|-ability|p1a: Dachsbun|Well-Baked Body|boost
|-boost|p1a: Dachsbun|def|2
|-resisted|p2a: Garchomp
|-damage|p2a: Garchomp|33/100
|-damage|p2b: Tyranitar|85/100
|move|p2b: Tyranitar|Knock Off|p1b: Torkoal
|-resisted|p1b: Torkoal
|-damage|p1b: Torkoal|82/100
|-enditem|p1b: Torkoal|Sitrus Berry|[from] move: Knock Off|[of] p2b: Tyranitar
|move|p2a: Garchomp|Earthquake|p1a: Dachsbun|[spread] p1a,p1b
|-immune|p2b: Tyranitar
|-damage|p1a: Dachsbun|52/100
|-damage|p1b: Torkoal|40/100
|-damage|p2a: Garchomp|23/100|[from] item: Life Orb
|move|p1a: Dachsbun|Body Press|p2b: Tyranitar
|-resisted|p2b: Tyranitar
|-crit|p2b: Tyranitar
|-damage|p2b: Tyranitar|33/100
|
|-weather|Sandstorm|[upkeep]
|-damage|p1b: Torkoal|33/100|[from] Sandstorm
|-damage|p2b: Tyranitar|27/100|[from] Sandstorm
|-damage|p1a: Dachsbun|46/100|[from] Sandstorm
|-heal|p1a: Dachsbun|52/100|[from] item: Leftovers
|upkeep
|turn|5
|
|t:|1757634872
|switch|p1b: Jumpluff|Jumpluff, L50, F, shiny|100/100
|move|p2b: Tyranitar|Rock Slide|p1a: Dachsbun|[spread] p1a,p1b
|-supereffective|p1b: Jumpluff
|-damage|p1a: Dachsbun|46/100
|-damage|p1b: Jumpluff|23/100
|move|p2a: Garchomp|Earthquake|p1a: Dachsbun|[spread] p1a
|-immune|p2b: Tyranitar
|-immune|p1b: Jumpluff
|-damage|p1a: Dachsbun|33/100
|-damage|p2a: Garchomp|14/100|[from] item: Life Orb
|cant|p1a: Dachsbun|flinch
|
|-weather|Sandstorm|[upkeep]
|-damage|p2b: Tyranitar|22/100|[from] Sandstorm
|-damage|p1a: Dachsbun|27/100|[from] Sandstorm
|-damage|p1b: Jumpluff|17/100|[from] Sandstorm
|-heal|p1a: Dachsbun|33/100|[from] item: Leftovers
|-fieldend|move: Trick Room
|upkeep
|turn|6
|
|t:|1757634895
|move|p1b: Jumpluff|Leaf Storm|p2a: Garchomp
|-damage|p2a: Garchomp|0 fnt
|-unboost|p1b: Jumpluff|spa|2
|faint|p2a: Garchomp
|move|p1a: Dachsbun|Body Press|p2b: Tyranitar
|-resisted|p2b: Tyranitar
|-damage|p2b: Tyranitar|0 fnt
|faint|p2b: Tyranitar
|
|win|Imaginary Iris
