|j|☆LetThatSizzleSpeak
|j|☆void25o
|html|LetThatSizzleSpeakvoid25o    
|uhtml|bestof|Game 1 of a best-of-3
|t:|1757816909
|gametype|doubles
|player|p1|LetThatSizzleSpeak|hiker-gen4|1221
|player|p2|void25o|miku-ghost|1353
|gen|9
|tier|[Gen 9] VGC 2025 Reg H (Bo3)
|rated|
|rule|Species Clause: Limit one of each Pokémon
|rule|Item Clause: Limit 1 of each item
|clearpoke
|poke|p1|Lilligant-Hisui, L50, F|
|poke|p1|Sylveon, L50, M|
|poke|p1|Indeedee-F, L50, F|
|poke|p1|Torkoal, L50, M|
|poke|p1|Tatsugiri-Droopy, L50, M|
|poke|p1|Dondozo, L50, F|
|poke|p2|Volcarona, L50, M|
|poke|p2|Indeedee, L50, M|
|poke|p2|Sneasler, L50, M|
|poke|p2|Amoonguss, L50, M|
|poke|p2|Tyranitar, L50, M|
|poke|p2|Dragonite, L50, F|
|teampreview|4
|showteam|p1|Lilligant-Hisui||FocusSash|Chlorophyll|AfterYou,SolarBlade,CloseCombat,SleepPowder|||F|||50|,,,,,Ghost]Sylveon||ChoiceSpecs|Pixilate|HyperVoice,HyperBeam,TeraBlast,ShadowBall|||M|||50|,,,,,Fire]Indeedee-F||SafetyGoggles|PsychicSurge|Psychic,FollowMe,TrickRoom,Protect|||F|||50|,,,,,Normal]Torkoal||Charcoal|Drought|Eruption,WeatherBall,EarthPower,Protect|||M|||50|,,,,,Fire]Tatsugiri-Droopy||ChoiceScarf|Commander|IcyWind,MuddyWater,DracoMeteor,TeraBlast|||M|||50|,,,,,Fire]Dondozo||Leftovers|Unaware|OrderUp,Earthquake,BodyPress,Protect|||F|||50|,,,,,Grass
|showteam|p2|Volcarona||SafetyGoggles|FlameBody|HeatWave,TeraBlast,QuiverDance,Protect|||M|||50|,,,,,Fairy]Indeedee||FocusSash|PsychicSurge|ExpandingForce,TeraBlast,Imprison,TrickRoom|||M|||50|,,,,,Psychic]Sneasler||PsychicSeed|Unburden|CloseCombat,DireClaw,ThroatChop,Protect|||M|||50|,,,,,Dark]Amoonguss||RockyHelmet|Regenerator|PollenPuff,Spore,RagePowder,Protect|||M|||50|,,,,,Fairy]Tyranitar||AssaultVest|SandStream|KnockOff,RockSlide,TeraBlast,LowKick|||M|||50|,,,,,Flying]Dragonite||LoadedDice|InnerFocus|ScaleShot,Haze,Tailwind,Protect|||F|||50|,,,,,Fairy
|inactive|Battle timer is ON: inactive players will automatically lose when time's up. (requested by void25o)
|j| jeanryupr
|inactive|LetThatSizzleSpeak has 60 seconds left.
|
|t:|1757816940
|teamsize|p1|4
|teamsize|p2|4
|start
|switch|p1a: Tatsugiri|Tatsugiri-Droopy, L50, M|100/100
|switch|p1b: Dondozo|Dondozo, L50, F|100/100
|switch|p2a: Shyarly|Indeedee, L50, M|100/100
|switch|p2b: Magellan|Sneasler, L50, M|100/100
|-fieldstart|move: Psychic Terrain|[from] ability: Psychic Surge|[of] p2a: Shyarly
|-enditem|p2b: Magellan|Psychic Seed
|-boost|p2b: Magellan|spd|1|[from] item: Psychic Seed
|-activate|p1a: Tatsugiri|ability: Commander|[of] p1b: Dondozo
|-boost|p1b: Dondozo|atk|2
|-boost|p1b: Dondozo|spa|2
|-boost|p1b: Dondozo|spe|2
|-boost|p1b: Dondozo|def|2
|-boost|p1b: Dondozo|spd|2
|turn|1
|inactive|LetThatSizzleSpeak has 30 seconds left.
|
|t:|1757816970
|move|p2b: Magellan|Dire Claw|p1b: Dondozo
|-damage|p1b: Dondozo|88/100
|move|p2a: Shyarly|Expanding Force|p1b: Dondozo|[spread] p1b
|-miss|p2a: Shyarly|p1a: Tatsugiri
|-damage|p1b: Dondozo|70/100
|move|p1b: Dondozo|Earthquake|p2a: Shyarly|[spread] p2a,p2b
|-miss|p1b: Dondozo|p1a: Tatsugiri
|-supereffective|p2b: Magellan
|-damage|p2a: Shyarly|27/100
|-damage|p2b: Magellan|0 fnt
|faint|p2b: Magellan
|
|-heal|p1b: Dondozo|76/100|[from] item: Leftovers
|upkeep
|
|t:|1757816979
|switch|p2b: Dragonite|Dragonite, L50, F|100/100
|turn|2
|
|t:|1757816992
|switch|p2a: Tyranitar|Tyranitar, L50, M|100/100
|-weather|Sandstorm|[from] ability: Sand Stream|[of] p2a: Tyranitar
|move|p2b: Dragonite|Haze|p2b: Dragonite
|-clearallboost
|move|p1b: Dondozo|Order Up|p2a: Tyranitar
|-crit|p2a: Tyranitar
|-damage|p2a: Tyranitar|75/100
|-boost|p1b: Dondozo|def|1
|
|-weather|Sandstorm|[upkeep]
|-damage|p1a: Tatsugiri|94/100|[from] Sandstorm
|-damage|p2b: Dragonite|94/100|[from] Sandstorm
|-damage|p1b: Dondozo|70/100|[from] Sandstorm
|-heal|p1b: Dondozo|76/100|[from] item: Leftovers
|upkeep
|turn|3
|
|t:|1757817015
|move|p2b: Dragonite|Scale Shot|p1b: Dondozo
|-crit|p1b: Dondozo
|-damage|p1b: Dondozo|63/100
|-damage|p1b: Dondozo|57/100
|-damage|p1b: Dondozo|51/100
|-damage|p1b: Dondozo|46/100
|-damage|p1b: Dondozo|39/100
|-hitcount|p1b: Dondozo|5
|-unboost|p2b: Dragonite|def|1
|-boost|p2b: Dragonite|spe|1
|move|p2a: Tyranitar|Knock Off|p1b: Dondozo
|-damage|p1b: Dondozo|18/100
|-enditem|p1b: Dondozo|Leftovers|[from] move: Knock Off|[of] p2a: Tyranitar
|move|p1b: Dondozo|Body Press|p2a: Tyranitar
|-supereffective|p2a: Tyranitar
|-damage|p2a: Tyranitar|0 fnt
|faint|p2a: Tyranitar
|
|-weather|Sandstorm|[upkeep]
|-damage|p1a: Tatsugiri|88/100|[from] Sandstorm
|-damage|p2b: Dragonite|88/100|[from] Sandstorm
|-damage|p1b: Dondozo|12/100|[from] Sandstorm
|upkeep
|
|t:|1757817027
|switch|p2a: Shyarly|Indeedee, L50, M|27/100
|turn|4
|
|t:|1757817036
|move|p1b: Dondozo|Protect|p1b: Dondozo
|-singleturn|p1b: Dondozo|Protect
|move|p2b: Dragonite|Scale Shot|p1b: Dondozo
|-activate|p1b: Dondozo|move: Protect
|move|p2a: Shyarly|Expanding Force|p1b: Dondozo|[spread] 
|-miss|p2a: Shyarly|p1a: Tatsugiri
|-activate|p1b: Dondozo|move: Protect
|
|-weather|Sandstorm|[upkeep]
|-damage|p1a: Tatsugiri|82/100|[from] Sandstorm
|-damage|p2b: Dragonite|82/100|[from] Sandstorm
|-damage|p2a: Shyarly|21/100|[from] Sandstorm
|-damage|p1b: Dondozo|6/100|[from] Sandstorm
|upkeep
|turn|5
|
|t:|1757817052
|move|p2b: Dragonite|Scale Shot|p1b: Dondozo
|-damage|p1b: Dondozo|0 fnt
|faint|p1b: Dondozo
|-hitcount|p1: Dondozo|1
|-unboost|p2b: Dragonite|def|1
|-boost|p2b: Dragonite|spe|1
|move|p2a: Shyarly|Expanding Force|p1a: Tatsugiri
|-damage|p1a: Tatsugiri|0 fnt
|faint|p1a: Tatsugiri
|
|-weather|Sandstorm|[upkeep]
|-damage|p2b: Dragonite|76/100|[from] Sandstorm
|-damage|p2a: Shyarly|15/100|[from] Sandstorm
|-fieldend|move: Psychic Terrain
|upkeep
|
|t:|1757817066
|switch|p1a: Torkoal|Torkoal, L50, M|100/100
|switch|p1b: Lilligant|Lilligant-Hisui, L50, F|100/100
|-weather|SunnyDay|[from] ability: Drought|[of] p1a: Torkoal
|turn|6
|
|t:|1757817082
|-terastallize|p1a: Torkoal|Fire
|move|p1b: Lilligant|After You|p1a: Torkoal
|-activate|p1a: Torkoal|move: After You
|move|p1a: Torkoal|Eruption|p2a: Shyarly|[spread] p2a,p2b
|-resisted|p2b: Dragonite
|-damage|p2a: Shyarly|0 fnt
|-damage|p2b: Dragonite|14/100
|faint|p2a: Shyarly
|move|p2b: Dragonite|Scale Shot|p1b: Lilligant
|-damage|p1b: Lilligant|78/100
|-damage|p1b: Lilligant|56/100
|-damage|p1b: Lilligant|38/100
|-damage|p1b: Lilligant|18/100
|-damage|p1b: Lilligant|0 fnt
|faint|p1b: Lilligant
|-hitcount|p1: Lilligant|5
|-unboost|p2b: Dragonite|def|1
|-boost|p2b: Dragonite|spe|1
|
|-weather|SunnyDay|[upkeep]
|upkeep
|turn|7
|
|t:|1757817102
|move|p2b: Dragonite|Scale Shot|p1a: Torkoal|[miss]
|-miss|p2b: Dragonite|p1a: Torkoal
|move|p1a: Torkoal|Weather Ball|p2b: Dragonite
|-resisted|p2b: Dragonite
|-damage|p2b: Dragonite|0 fnt
|faint|p2b: Dragonite
|
|win|LetThatSizzleSpeak
||void25o is ready for game 2.
||LetThatSizzleSpeak is ready for game 2.
|uhtml|next|Next: Game 2 of 3
|l| jeanryupr
