|j|☆spellbreakvgc
|j|☆super nimble mega
|html|spellbreakvgcsuper nimble mega    
|uhtml|bestof|Game 1 of a best-of-3
|t:|1756938590
|gametype|doubles
|player|p1|spellbreakvgc|lance|1139
|player|p2|super nimble mega|brycenman|1040
|gen|9
|tier|[Gen 9] VGC 2025 Reg H (Bo3)
|rated|
|rule|Species Clause: Limit one of each Pokémon
|rule|Item Clause: Limit 1 of each item
|clearpoke
|poke|p1|Dondozo, L50, F|
|poke|p1|Tatsugiri, L50, M|
|poke|p1|Glimmora, L50, F|
|poke|p1|Gholdengo, L50|
|poke|p1|Rillaboom, L50, F|
|poke|p1|Annihilape, L50, M|
|poke|p2|Indeedee, L50, M|
|poke|p2|Sneasler, L50, M|
|poke|p2|Excadrill, L50, F|
|poke|p2|Magmar, L50, F|
|poke|p2|Corviknight, L50, F|
|poke|p2|Tyranitar, L50, M|
|teampreview|4
|showteam|p1|Dondozo||AssaultVest|Unaware|Earthquake,OrderUp,WaveCrash,Protect|||F|||50|,,,,,Grass]Tatsugiri||FocusSash|Commander|DracoMeteor,MuddyWater,HelpingHand,Protect|||M|||50|,,,,,Stellar]Glimmora||CovertCloak|ToxicDebris|MortalSpin,Toxic,EarthPower,SpikyShield|||F|||50|,,,,,Bug]Gholdengo||GrassySeed|GoodasGold|NastyPlot,MakeItRain,ShadowBall,Protect||||||50|,,,,,Water]Rillaboom||LoadedDice|GrassySurge|FakeOut,LeechSeed,BulletSeed,Taunt|||F|||50|,,,,,Fire]Annihilape||ChoiceScarf|Defiant|CloseCombat,Coaching,FinalGambit,RockSlide|||M|||50|,,,,,Fighting
|showteam|p2|Indeedee||ChoiceScarf|PsychicSurge|ExpandingForce,TeraBlast,Trick,Protect|||M|||50|,,,,,Psychic]Sneasler||WhiteHerb|Unburden|FakeOut,CloseCombat,DireClaw,Coaching|||M|||50|,,,,,Flying]Excadrill||FocusSash|SandRush|Earthquake,IronHead,SwordsDance,Protect|||F|||50|,,,,,Ground]Magmar||Eviolite|VitalSpirit|HeatWave,FollowMe,HelpingHand,Protect|||F|||50|,,,,,Flying]Corviknight||PsychicSeed|MirrorArmor|BraveBird,PowerTrip,BulkUp,Roost|||F|||50|,,,,,Water]Tyranitar||AssaultVest|SandStream|RockSlide,KnockOff,LowKick,TeraBlast|||M|||50|,,,,,Flying
|inactive|Battle timer is ON: inactive players will automatically lose when time's up. (requested by super nimble mega)
|inactive|spellbreakvgc has 60 seconds left.
|inactive|super nimble mega has 60 seconds left.
|
|t:|1756938650
|teamsize|p1|4
|teamsize|p2|4
|start
|switch|p1a: Dondozo|Dondozo, L50, F|100/100
|switch|p1b: Rillaboom|Rillaboom, L50, F|100/100
|switch|p2a: Tyranitar|Tyranitar, L50, M|100/100
|switch|p2b: Excadrill|Excadrill, L50, F|100/100
|-fieldstart|move: Grassy Terrain|[from] ability: Grassy Surge|[of] p1b: Rillaboom
|-weather|Sandstorm|[from] ability: Sand Stream|[of] p2a: Tyranitar
|turn|1
|inactive|spellbreakvgc has 30 seconds left.
|inactive|spellbreakvgc has 20 seconds left.
|inactive|spellbreakvgc has 15 seconds left.
|inactive|spellbreakvgc has 10 seconds left.
|inactive|spellbreakvgc has 5 seconds left.
|
|t:|1756938705
|switch|p2b: Indeedee|Indeedee, L50, M|100/100
|-fieldstart|move: Psychic Terrain|[from] ability: Psychic Surge|[of] p2b: Indeedee
|move|p1b: Rillaboom|Fake Out|p2b: Indeedee
|-activate|p2b: Indeedee|move: Psychic Terrain
|move|p2a: Tyranitar|Rock Slide|p1b: Rillaboom|[spread] p1b
|-miss|p2a: Tyranitar|p1a: Dondozo
|-damage|p1b: Rillaboom|76/100
|move|p1a: Dondozo|Earthquake|p2b: Indeedee|[spread] p1b,p2a,p2b
|-resisted|p1b: Rillaboom
|-crit|p1b: Rillaboom
|-supereffective|p2a: Tyranitar
|-damage|p1b: Rillaboom|63/100
|-damage|p2a: Tyranitar|68/100
|-damage|p2b: Indeedee|57/100
|
|-weather|Sandstorm|[upkeep]
|-damage|p2b: Indeedee|51/100|[from] Sandstorm
|-damage|p1b: Rillaboom|58/100|[from] Sandstorm
|-damage|p1a: Dondozo|94/100|[from] Sandstorm
|upkeep
|turn|2
|inactive|spellbreakvgc has 30 seconds left.
|inactive|super nimble mega has 30 seconds left.
|inactive|spellbreakvgc has 20 seconds left.
|
|t:|1756938743
|switch|p1b: Tatsugiri|Tatsugiri, L50, M, shiny|100/100
|-activate|p1b: Tatsugiri|ability: Commander|[of] p1a: Dondozo
|-boost|p1a: Dondozo|atk|2
|-boost|p1a: Dondozo|spa|2
|-boost|p1a: Dondozo|spe|2
|-boost|p1a: Dondozo|def|2
|-boost|p1a: Dondozo|spd|2
|-terastallize|p2b: Indeedee|Psychic
|move|p2b: Indeedee|Expanding Force|p1a: Dondozo|[spread] p1a
|-miss|p2b: Indeedee|p1b: Tatsugiri
|-damage|p1a: Dondozo|73/100
|move|p1a: Dondozo|Wave Crash|p2b: Indeedee
|-damage|p2b: Indeedee|0 fnt
|faint|p2b: Indeedee
|-damage|p1a: Dondozo|64/100|[from] Recoil
|move|p2a: Tyranitar|Rock Slide|p1a: Dondozo|[spread] p1a
|-miss|p2a: Tyranitar|p1b: Tatsugiri
|-damage|p1a: Dondozo|55/100
|
|-weather|Sandstorm|[upkeep]
|-damage|p1b: Tatsugiri|94/100|[from] Sandstorm
|-damage|p1a: Dondozo|49/100|[from] Sandstorm
|upkeep
|inactive|super nimble mega has 30 seconds left.
|
|t:|1756938770
|switch|p2b: Corviknight|Corviknight, L50, F|100/100
|-enditem|p2b: Corviknight|Psychic Seed
|-boost|p2b: Corviknight|spd|1|[from] item: Psychic Seed
|turn|3
|inactive|super nimble mega has 30 seconds left.
|
|t:|1756938803
|move|p1a: Dondozo|Wave Crash|p2a: Tyranitar
|-supereffective|p2a: Tyranitar
|-damage|p2a: Tyranitar|0 fnt
|faint|p2a: Tyranitar
|-damage|p1a: Dondozo|30/100|[from] Recoil
|move|p2b: Corviknight|Bulk Up|p2b: Corviknight
|-boost|p2b: Corviknight|atk|1
|-boost|p2b: Corviknight|def|1
|
|-weather|Sandstorm|[upkeep]
|-damage|p1b: Tatsugiri|88/100|[from] Sandstorm
|-damage|p1a: Dondozo|23/100|[from] Sandstorm
|upkeep
|
|t:|1756938805
|switch|p2a: Excadrill|Excadrill, L50, F|100/100
|turn|4
|
|t:|1756938829
|move|p2a: Excadrill|Protect|p2a: Excadrill
|-singleturn|p2a: Excadrill|Protect
|move|p1a: Dondozo|Wave Crash|p2b: Corviknight
|-damage|p2b: Corviknight|16/100
|-damage|p1a: Dondozo|0 fnt|[from] Recoil
|faint|p1a: Dondozo
|move|p2b: Corviknight|Power Trip|p1b: Tatsugiri
|-damage|p1b: Tatsugiri|30/100
|
|-weather|Sandstorm|[upkeep]
|-damage|p1b: Tatsugiri|23/100|[from] Sandstorm
|upkeep
|
|t:|1756938840
|switch|p1a: Rillaboom|Rillaboom, L50, F|58/100
|-fieldstart|move: Grassy Terrain|[from] ability: Grassy Surge|[of] p1a: Rillaboom
|turn|5
|inactive|spellbreakvgc has 30 seconds left.
|inactive|spellbreakvgc has 20 seconds left.
|inactive|spellbreakvgc has 15 seconds left.
|inactive|spellbreakvgc has 10 seconds left.
|
|t:|1756938890
|move|p1a: Rillaboom|Fake Out|p2b: Corviknight
|-resisted|p2b: Corviknight
|-damage|p2b: Corviknight|13/100
|move|p2a: Excadrill|Iron Head|p1b: Tatsugiri
|-resisted|p1b: Tatsugiri
|-damage|p1b: Tatsugiri|0 fnt
|faint|p1b: Tatsugiri
|cant|p2b: Corviknight|flinch
|
|-weather|none
|-heal|p1a: Rillaboom|63/100|[from] Grassy Terrain
|upkeep
|
|t:|1756938899
|switch|p1b: Gholdengo|Gholdengo, L50|100/100
|-enditem|p1b: Gholdengo|Grassy Seed
|-boost|p1b: Gholdengo|def|1|[from] item: Grassy Seed
|turn|6
|
|t:|1756938914
|-terastallize|p1b: Gholdengo|Water
|move|p2a: Excadrill|Earthquake|p1a: Rillaboom|[spread] p1a,p1b
|-immune|p2b: Corviknight
|-resisted|p1a: Rillaboom
|-damage|p1a: Rillaboom|55/100
|-damage|p1b: Gholdengo|87/100
|move|p1b: Gholdengo|Make It Rain|p2a: Excadrill|[spread] p2a,p2b
|-resisted|p2a: Excadrill
|-resisted|p2b: Corviknight
|-damage|p2a: Excadrill|70/100
|-damage|p2b: Corviknight|0 fnt
|-unboost|p1b: Gholdengo|spa|1
|faint|p2b: Corviknight
|move|p1a: Rillaboom|Bullet Seed|p2a: Excadrill
|-damage|p2a: Excadrill|49/100
|-damage|p2a: Excadrill|31/100
|-damage|p2a: Excadrill|12/100
|-damage|p2a: Excadrill|0 fnt
|faint|p2a: Excadrill
|-hitcount|p2: Excadrill|4
|
|win|spellbreakvgc
||spellbreakvgc is ready for game 2.
|inactive|super nimble mega has 30 seconds to confirm battle start!
||super nimble mega is ready for game 2.
|uhtml|next|Next: Game 2 of 3
