|j|☆MSAtlos
|j|☆Church of Chiyu
|html|MSAtlosChurch of Chiyu    
|uhtml|bestof|Game 1 of a best-of-3
|t:|1757760432
|gametype|doubles
|player|p1|MSAtlos|clair|1079
|player|p2|Church of Chiyu|red|1000
|gen|9
|tier|[Gen 9] VGC 2025 Reg H (Bo3)
|rated|
|rule|Species Clause: Limit one of each Pokémon
|rule|Item Clause: Limit 1 of each item
|clearpoke
|poke|p1|Baxcalibur, L50, M|
|poke|p1|Garchomp, L50, M|
|poke|p1|Gholdengo, L50|
|poke|p1|Amoonguss, L50, M|
|poke|p1|Annihilape, L50, M|
|poke|p1|Incineroar, L50, F|
|poke|p2|Rillaboom, L50, M|
|poke|p2|Incineroar, L50, M|
|poke|p2|Basculegion, L50, M|
|poke|p2|Ninetales-Alola, L50, M|
|poke|p2|Gholdengo, L50|
|poke|p2|Kommo-o, L50, F|
|teampreview|4
|showteam|p1|Baxcalibur||LoadedDice|ThermalExchange|Protect,IcicleSpear,ScaleShot,IceShard|||M|||50|,,,,,Poison]Garchomp||ChoiceBand|RoughSkin|RockSlide,StompingTantrum,DragonClaw,Earthquake|||M|||50|,,,,,Steel]Gholdengo||LifeOrb|GoodasGold|MakeItRain,ShadowBall,NastyPlot,Protect||||||50|,,,,,Water]Amoonguss||SitrusBerry|Regenerator|Spore,PollenPuff,RagePowder,ClearSmog|||M|||50|,,,,,Water]Annihilape||ChoiceScarf|Defiant|FinalGambit,CloseCombat,Uturn,Coaching|||M|||50|,,,,,Flying]Incineroar||SafetyGoggles|Intimidate|KnockOff,Taunt,FakeOut,PartingShot|||F|||50|,,,,,Ghost
|showteam|p2|Rillaboom||AssaultVest|GrassySurge|DrumBeating,GrassyGlide,KnockOff,FakeOut|||M|||50|,,,,,Ghost]Incineroar||SitrusBerry|Intimidate|KnockOff,FlareBlitz,PartingShot,FakeOut|||M|||50|,,,,,Grass]Basculegion||ChoiceScarf|Adaptability|WaveCrash,LastRespects,FlipTurn,TeraBlast|||M|||50|,,,,,Fighting]Ninetales-Alola||FocusSash|SnowWarning|Blizzard,IcyWind,Encore,Protect|||M|||50|,,,,,Ice]Gholdengo||LifeOrb|GoodasGold|MakeItRain,ShadowBall,NastyPlot,Protect||||||50|,,,,,Water]Kommo-o||Leftovers|Overcoat|BodyPress,Flamethrower,IronDefense,Protect|||F|||50|,,,,,Fire
|inactive|Battle timer is ON: inactive players will automatically lose when time's up. (requested by MSAtlos)
|
|t:|1757760567
|teamsize|p1|4
|teamsize|p2|4
|start
|switch|p1a: Baxcalibur|Baxcalibur, L50, M|100/100
|switch|p1b: Annihilape|Annihilape, L50, M|100/100
|switch|p2a: Ninetales|Ninetales-Alola, L50, M|100/100
|switch|p2b: Basculegion|Basculegion, L50, M|100/100
|-weather|Snowscape|[from] ability: Snow Warning|[of] p2a: Ninetales
|turn|1
|inactive|MSAtlos has 30 seconds left.
|inactive|Church of Chiyu has 30 seconds left.
|inactive|MSAtlos has 20 seconds left.
|inactive|MSAtlos has 15 seconds left.
|inactive|MSAtlos has 10 seconds left.
|
|t:|1757760612
|move|p1b: Annihilape|Coaching|p1a: Baxcalibur
|-boost|p1a: Baxcalibur|atk|1
|-boost|p1a: Baxcalibur|def|1
|move|p2b: Basculegion|Flip Turn|p1b: Annihilape
|-damage|p1b: Annihilape|57/100
|
|t:|1757760618
|switch|p2b: Incineroar|Incineroar, L50, M|100/100|[from] Flip Turn
|-ability|p2b: Incineroar|Intimidate|boost
|-unboost|p1a: Baxcalibur|atk|1
|-unboost|p1b: Annihilape|atk|1
|-ability|p1b: Annihilape|Defiant|boost
|-boost|p1b: Annihilape|atk|2
|move|p2a: Ninetales|Blizzard|p1b: Annihilape|[spread] p1a,p1b
|-damage|p1a: Baxcalibur|67/100
|-damage|p1b: Annihilape|29/100
|move|p1a: Baxcalibur|Scale Shot|p2b: Incineroar|[miss]
|-miss|p1a: Baxcalibur|p2b: Incineroar
|
|-weather|Snowscape|[upkeep]
|upkeep
|turn|2
|
|t:|1757760636
|switch|p1b: Gholdengo|Gholdengo, L50|100/100
|move|p1a: Baxcalibur|Protect|p1a: Baxcalibur
|-singleturn|p1a: Baxcalibur|Protect
|move|p2b: Incineroar|Fake Out|p1a: Baxcalibur
|-activate|p1a: Baxcalibur|move: Protect
|move|p2a: Ninetales|Blizzard|p1b: Gholdengo|[spread] p1b
|-activate|p1a: Baxcalibur|move: Protect
|-resisted|p1b: Gholdengo
|-crit|p1b: Gholdengo
|-damage|p1b: Gholdengo|75/100
|
|-weather|Snowscape|[upkeep]
|upkeep
|turn|3
|
|t:|1757760658
|-terastallize|p1b: Gholdengo|Water
|move|p2a: Ninetales|Encore|p1a: Baxcalibur
|-start|p1a: Baxcalibur|Encore
|move|p1b: Gholdengo|Nasty Plot|p1b: Gholdengo
|-boost|p1b: Gholdengo|spa|2
|move|p1a: Baxcalibur|Protect|p1a: Baxcalibur
|-singleturn|p1a: Baxcalibur|Protect
|move|p2b: Incineroar|Knock Off|p1b: Gholdengo
|-damage|p1b: Gholdengo|30/100
|-enditem|p1b: Gholdengo|Life Orb|[from] move: Knock Off|[of] p2b: Incineroar
|
|-weather|Snowscape|[upkeep]
|upkeep
|turn|4
|
|t:|1757760681
|switch|p1a: Annihilape|Annihilape, L50, M|29/100
|move|p1b: Gholdengo|Protect|p1b: Gholdengo
|-singleturn|p1b: Gholdengo|Protect
|move|p2a: Ninetales|Blizzard|p1a: Annihilape|[spread] p1a
|-activate|p1b: Gholdengo|move: Protect
|-damage|p1a: Annihilape|1/100
|move|p2b: Incineroar|Knock Off|p1a: Annihilape
|-damage|p1a: Annihilape|0 fnt
|-enditem|p1a: Annihilape|Choice Scarf|[from] move: Knock Off|[of] p2b: Incineroar
|faint|p1a: Annihilape
|
|-weather|Snowscape|[upkeep]
|upkeep
|
|t:|1757760688
|switch|p1a: Baxcalibur|Baxcalibur, L50, M|67/100
|turn|5
|inactive|Church of Chiyu has 30 seconds left.
|inactive|Church of Chiyu has 20 seconds left.
|inactive|Church of Chiyu has 15 seconds left.
|
|t:|1757760732
|move|p2a: Ninetales|Blizzard|p1a: Baxcalibur|[spread] p1a,p1b
|-resisted|p1b: Gholdengo
|-damage|p1a: Baxcalibur|35/100
|-damage|p1b: Gholdengo|14/100
|move|p1b: Gholdengo|Make It Rain|p2a: Ninetales|[spread] p2a,p2b
|-supereffective|p2a: Ninetales
|-resisted|p2b: Incineroar
|-enditem|p2a: Ninetales|Focus Sash
|-damage|p2a: Ninetales|1/100
|-damage|p2b: Incineroar|64/100
|-unboost|p1b: Gholdengo|spa|1
|move|p1a: Baxcalibur|Scale Shot|p2b: Incineroar
|-damage|p2b: Incineroar|50/100
|-enditem|p2b: Incineroar|Sitrus Berry|[eat]
|-heal|p2b: Incineroar|75/100|[from] item: Sitrus Berry
|-damage|p2b: Incineroar|61/100
|-damage|p2b: Incineroar|46/100
|-damage|p2b: Incineroar|31/100
|-hitcount|p2b: Incineroar|4
|-unboost|p1a: Baxcalibur|def|1
|-boost|p1a: Baxcalibur|spe|1
|move|p2b: Incineroar|Knock Off|p1a: Baxcalibur
|-damage|p1a: Baxcalibur|0 fnt
|-enditem|p1a: Baxcalibur|Loaded Dice|[from] move: Knock Off|[of] p2b: Incineroar
|faint|p1a: Baxcalibur
|
|-weather|none
|upkeep
|
|t:|1757760753
|switch|p1a: Amoonguss|Amoonguss, L50, M|100/100
|turn|6
|inactive|MSAtlos has 30 seconds left.
|
|t:|1757760779
|switch|p2a: Gholdengo|Gholdengo, L50|100/100
|move|p1b: Gholdengo|Protect|p1b: Gholdengo
|-singleturn|p1b: Gholdengo|Protect
|move|p2b: Incineroar|Flare Blitz|p1a: Amoonguss
|-supereffective|p1a: Amoonguss
|-damage|p1a: Amoonguss|9/100
|-enditem|p1a: Amoonguss|Sitrus Berry|[eat]
|-heal|p1a: Amoonguss|34/100|[from] item: Sitrus Berry
|-damage|p2b: Incineroar|0 fnt|[from] Recoil
|faint|p2b: Incineroar
|move|p1a: Amoonguss|Pollen Puff|p2a: Gholdengo
|-resisted|p2a: Gholdengo
|-damage|p2a: Gholdengo|96/100
|
|upkeep
|-message|MSAtlos forfeited.
|
|win|Church of Chiyu
||MSAtlos is ready for game 2.
