|j|☆Tamejo
|j|☆antisbad
|html|Tamejoantisbad    
|uhtml|bestof|Game 2 of a best-of-3
|t:|1756410404
|gametype|doubles
|player|p1|Tamejo|caitlin|
|player|p2|antisbad|hop|
|gen|9
|tier|[Gen 9] VGC 2025 Reg H (Bo3)
|rule|Species Clause: Limit one of each Pokémon
|rule|Item Clause: Limit 1 of each item
|clearpoke
|poke|p1|Garchomp, L50, F|
|poke|p1|Vivillon-Fancy, L50, F|
|poke|p1|Sinistcha-Masterpiece, L50|
|poke|p1|Politoed, L50, F|
|poke|p1|Gholdengo, L50|
|poke|p1|Tauros-Paldea-Blaze, L50, M|
|poke|p2|Archaludon, L50, F|
|poke|p2|Dragonite, L50, F|
|poke|p2|Pelipper, L50, M|
|poke|p2|Ursaluna, L50, M|
|poke|p2|Sinistcha, L50|
|poke|p2|Gholdengo, L50|
|teampreview|4
|showteam|p1|Garchomp||ClearAmulet|RoughSkin|DragonClaw,StompingTantrum,SwordsDance,Protect|||F|||50|,,,,,Fairy]Vivillon-Fancy||FocusSash|CompoundEyes|Hurricane,SleepPowder,Tailwind,Protect|||F|||50|,,,,,Ghost]Sinistcha-Masterpiece||SitrusBerry|Hospitality|MatchaGotcha,RagePowder,TrickRoom,Protect||||||50|,,,,,Fairy]Politoed||AguavBerry|Drizzle|Haze,IcyWind,WeatherBall,Protect|||F|||50|,,,,,Dragon]Gholdengo||MetalCoat|GoodasGold|MakeItRain,ShadowBall,NastyPlot,Protect||||||50|,,,,,Fairy]Tauros-Paldea-Blaze||SafetyGoggles|Intimidate|RagingBull,CloseCombat,WillOWisp,Protect|||M|||50|,,,,,Water
|showteam|p2|Archaludon||AssaultVest|Stamina|FlashCannon,BodyPress,ElectroShot,Snarl|||F|||50|,,,,,Fighting]Dragonite||LoadedDice|Multiscale|ScaleShot,Tailwind,Haze,Protect|||F|||50|,,,,,Fairy]Pelipper||FocusSash|Drizzle|MuddyWater,Hurricane,Tailwind,Protect|||M|||50|,,,,,Ghost]Ursaluna||FlameOrb|Guts|Facade,HeadlongRush,Earthquake,Protect|||M|||50|,,,,,Ghost]Sinistcha||SitrusBerry|Hospitality|MatchaGotcha,LifeDew,RagePowder,TrickRoom||||||50|,,,,,Dark]Gholdengo||ChoiceScarf|GoodasGold|MakeItRain,ShadowBall,Trick,Protect||||||50|,,,,,Flying
|inactive|Battle timer is ON: inactive players will automatically lose when time's up. (requested by Tamejo)
|
|t:|1756410524
|teamsize|p1|4
|teamsize|p2|4
|start
|switch|p1a: Vivillon|Vivillon-Fancy, L50, F|100/100
|switch|p1b: Garchomp|Garchomp, L50, F|100/100
|switch|p2a: Dragonite|Dragonite, L50, F|100/100
|switch|p2b: Gholdengo|Gholdengo, L50|100/100
|turn|1
|inactive|Tamejo has 30 seconds left.
|inactive|Tamejo has 20 seconds left.
|
|t:|1756410561
|-terastallize|p2b: Gholdengo|Flying
|move|p2a: Dragonite|Protect|p2a: Dragonite
|-singleturn|p2a: Dragonite|Protect
|move|p2b: Gholdengo|Make It Rain|p1b: Garchomp|[spread] p1a,p1b
|-damage|p1a: Vivillon|18/100
|-damage|p1b: Garchomp|43/100
|-unboost|p2b: Gholdengo|spa|1
|move|p1b: Garchomp|Stomping Tantrum|p2b: Gholdengo
|-immune|p2b: Gholdengo
|move|p1a: Vivillon|Sleep Powder|p2a: Dragonite
|-activate|p2a: Dragonite|move: Protect
|
|upkeep
|turn|2
|inactive|Tamejo has 30 seconds left.
|inactive|Tamejo has 20 seconds left.
|
|t:|1756410600
|switch|p1a: Sinistcha|Sinistcha-Masterpiece, L50|100/100
|-heal|p1b: Garchomp|68/100|[from] ability: Hospitality|[of] p1a: Sinistcha
|switch|p2a: Archaludon|Archaludon, L50, F|100/100
|move|p1b: Garchomp|Protect|p1b: Garchomp
|-singleturn|p1b: Garchomp|Protect
|move|p2b: Gholdengo|Make It Rain|p1b: Garchomp|[spread] p1a
|-activate|p1b: Garchomp|move: Protect
|-damage|p1a: Sinistcha|66/100
|-unboost|p2b: Gholdengo|spa|1
|
|upkeep
|turn|3
|inactive|Tamejo has 30 seconds left.
|inactive|antisbad has 30 seconds left.
|inactive|Tamejo has 20 seconds left.
|inactive|antisbad has 20 seconds left.
|inactive|Tamejo has 15 seconds left.
|inactive|antisbad has 15 seconds left.
|inactive|Tamejo has 10 seconds left.
|inactive|antisbad has 10 seconds left.
|inactive|antisbad has 5 seconds left.
|
|t:|1756410650
|switch|p2b: Pelipper|Pelipper, L50, M|100/100
|-weather|RainDance|[from] ability: Drizzle|[of] p2b: Pelipper
|switch|p1a: Gholdengo|Gholdengo, L50|100/100
|move|p1b: Garchomp|Stomping Tantrum|p2a: Archaludon
|-supereffective|p2a: Archaludon
|-damage|p2a: Archaludon|52/100
|-ability|p2a: Archaludon|Stamina|boost
|-boost|p2a: Archaludon|def|1
|move|p2a: Archaludon|Body Press|p1b: Garchomp
|-damage|p1b: Garchomp|27/100
|-damage|p2a: Archaludon|40/100|[from] ability: Rough Skin|[of] p1b: Garchomp
|
|-weather|RainDance|[upkeep]
|upkeep
|turn|4
|inactive|Tamejo has 30 seconds left.
|inactive|antisbad has 30 seconds left.
|inactive|Tamejo has 20 seconds left.
|inactive|antisbad has 20 seconds left.
|inactive|Tamejo has 15 seconds left.
|inactive|antisbad has 15 seconds left.
|inactive|Tamejo has 10 seconds left.
|inactive|Tamejo has 5 seconds left.
|
|t:|1756410701
|switch|p2a: Gholdengo|Gholdengo, L50, tera:Flying|100/100
|move|p1b: Garchomp|Dragon Claw|p2b: Pelipper
|-crit|p2b: Pelipper
|-damage|p2b: Pelipper|19/100
|move|p1a: Gholdengo|Shadow Ball|p2b: Pelipper
|-damage|p2b: Pelipper|0 fnt
|faint|p2b: Pelipper
|
|-weather|RainDance|[upkeep]
|upkeep
|
|t:|1756410712
|switch|p2b: Dragonite|Dragonite, L50, F|100/100
|turn|5
|inactive|antisbad has 30 seconds left.
|inactive|Tamejo has 30 seconds left.
|j| fluffym1n
|inactive|antisbad has 20 seconds left.
|
|t:|1756410752
|switch|p2b: Archaludon|Archaludon, L50, F|40/100
|move|p2a: Gholdengo|Make It Rain|p1b: Garchomp|[spread] p1a,p1b
|-resisted|p1a: Gholdengo
|-damage|p1a: Gholdengo|67/100
|-damage|p1b: Garchomp|0 fnt
|-unboost|p2a: Gholdengo|spa|1
|faint|p1b: Garchomp
|move|p1a: Gholdengo|Shadow Ball|p2b: Archaludon
|-damage|p2b: Archaludon|11/100
|-ability|p2b: Archaludon|Stamina|boost
|-boost|p2b: Archaludon|def|1
|
|-weather|RainDance|[upkeep]
|upkeep
|l| fluffym1n
|
|t:|1756410769
|switch|p1b: Sinistcha|Sinistcha-Masterpiece, L50|66/100
|-heal|p1a: Gholdengo|92/100|[from] ability: Hospitality|[of] p1b: Sinistcha
|turn|6
|inactive|Tamejo has 30 seconds left.
|inactive|Tamejo has 20 seconds left.
|
|t:|1756410807
|switch|p2a: Dragonite|Dragonite, L50, F|100/100
|move|p1b: Sinistcha|Protect|p1b: Sinistcha
|-singleturn|p1b: Sinistcha|Protect
|move|p1a: Gholdengo|Shadow Ball|p2b: Archaludon
|-damage|p2b: Archaludon|0 fnt
|faint|p2b: Archaludon
|
|-weather|RainDance|[upkeep]
|upkeep
|
|t:|1756410811
|switch|p2b: Gholdengo|Gholdengo, L50, tera:Flying|100/100
|turn|7
|inactive|Tamejo has 30 seconds left.
|inactive|antisbad has 30 seconds left.
|inactive|Tamejo has 20 seconds left.
|inactive|Tamejo has 15 seconds left.
|inactive|Tamejo has 10 seconds left.
|
|t:|1756410860
|-terastallize|p1b: Sinistcha|Fairy
|move|p1a: Gholdengo|Protect|p1a: Gholdengo
|-singleturn|p1a: Gholdengo|Protect
|move|p2b: Gholdengo|Make It Rain|p1b: Sinistcha|[spread] p1b
|-activate|p1a: Gholdengo|move: Protect
|-supereffective|p1b: Sinistcha
|-damage|p1b: Sinistcha|0 fnt
|-unboost|p2b: Gholdengo|spa|1
|faint|p1b: Sinistcha
|move|p2a: Dragonite|Scale Shot|p1a: Gholdengo
|-activate|p1a: Gholdengo|move: Protect
|
|-weather|none
|upkeep
|
|t:|1756410867
|switch|p1b: Vivillon|Vivillon-Fancy, L50, F|18/100
|turn|8
|
|t:|1756410885
|move|p1b: Vivillon|Protect|p1b: Vivillon
|-singleturn|p1b: Vivillon|Protect
|move|p2b: Gholdengo|Make It Rain|p1a: Gholdengo|[spread] p1a
|-activate|p1b: Vivillon|move: Protect
|-resisted|p1a: Gholdengo
|-damage|p1a: Gholdengo|72/100
|-unboost|p2b: Gholdengo|spa|1
|move|p1a: Gholdengo|Shadow Ball|p2a: Dragonite
|-damage|p2a: Dragonite|77/100
|move|p2a: Dragonite|Scale Shot|p1a: Gholdengo
|-resisted|p1a: Gholdengo
|-damage|p1a: Gholdengo|63/100
|-resisted|p1a: Gholdengo
|-damage|p1a: Gholdengo|54/100
|-resisted|p1a: Gholdengo
|-damage|p1a: Gholdengo|46/100
|-resisted|p1a: Gholdengo
|-damage|p1a: Gholdengo|37/100
|-hitcount|p1a: Gholdengo|4
|-unboost|p2a: Dragonite|def|1
|-boost|p2a: Dragonite|spe|1
|
|upkeep
|turn|9
|
|t:|1756410904
|move|p2b: Gholdengo|Make It Rain|p1b: Vivillon|[spread] p1a,p1b
|-resisted|p1a: Gholdengo
|-damage|p1a: Gholdengo|23/100
|-damage|p1b: Vivillon|0 fnt
|-unboost|p2b: Gholdengo|spa|1
|faint|p1b: Vivillon
|move|p2a: Dragonite|Haze|p2a: Dragonite
|-clearallboost
|move|p1a: Gholdengo|Shadow Ball|p2a: Dragonite
|-damage|p2a: Dragonite|32/100
|
|upkeep
|turn|10
|
|t:|1756410914
|move|p1a: Gholdengo|Protect|p1a: Gholdengo
|-singleturn|p1a: Gholdengo|Protect
|move|p2b: Gholdengo|Make It Rain|p1a: Gholdengo
|-activate|p1a: Gholdengo|move: Protect
|move|p2a: Dragonite|Scale Shot|p1a: Gholdengo
|-activate|p1a: Gholdengo|move: Protect
|
|upkeep
|turn|11
|inactive|Tamejo has 30 seconds left.
|
|t:|1756410943
|move|p2b: Gholdengo|Make It Rain|p1a: Gholdengo
|-resisted|p1a: Gholdengo
|-crit|p1a: Gholdengo
|-damage|p1a: Gholdengo|0 fnt
|-unboost|p2b: Gholdengo|spa|1
|faint|p1a: Gholdengo
|
|win|antisbad
||antisbad is ready for game 3.
||Tamejo is ready for game 3.
|uhtml|next|Next: Game 3 of 3
