|j|☆sweetlysunny
|j|☆DDO15
|html|sweetlysunnyDDO15    
|uhtml|bestof|Game 1 of a best-of-3
|t:|1783302461
|gametype|doubles
|player|p1|sweetlysunny|266|1085
|player|p2|DDO15|2|1165
|gen|9
|tier|[Gen 9 Champions] VGC 2026 Reg M-B (Bo3)
|rated|
|rule|Species Clause: Limit one of each Pokémon
|rule|Item Clause: Limit 1 of each item
|clearpoke
|poke|p1|Torkoal, L50, M|
|poke|p1|Pyroar, L50, F|
|poke|p1|Vileplume, L50, F|
|poke|p1|Scrafty, L50, F|
|poke|p1|Farigiraf, L50, M|
|poke|p1|Sylveon, L50, F|
|poke|p2|Tyranitar, L50, F|
|poke|p2|Excadrill, L50, M|
|poke|p2|Houndstone, L50, F|
|poke|p2|Gardevoir, L50, M|
|poke|p2|Sneasler, L50, F|
|poke|p2|Palafin, L50, F|
|teampreview|4
|showteam|p1|Torkoal||Charcoal|Drought|HeatWave,Eruption,HelpingHand,Protect|Quiet||M|||50|]Pyroar||Pyroarite|Unnerve|HeatWave,Overheat,ScorchingSands,Protect|Timid||F|||50|]Vileplume||FocusSash|Chlorophyll|EnergyBall,SludgeBomb,SleepPowder,AfterYou|Timid||F|||50|]Scrafty||Scraftinite|Intimidate|FakeOut,CloseCombat,PoisonJab,KnockOff|Brave||F|||50|]Farigiraf||SitrusBerry|ArmorTail|HyperVoice,Psychic,HelpingHand,TrickRoom|Bold||M|||50|]Sylveon||FairyFeather|Pixilate|HyperVoice,HyperBeam,QuickAttack,Protect|Quiet||F|||50|
|showteam|p2|Tyranitar||Tyranitarite|SandStream|DragonDance,RockSlide,Protect,Crunch|Adamant||F|||50|]Excadrill||FocusSash|SandRush|Earthquake,RockSlide,IronHead,Protect|Adamant||M|||50|]Houndstone||ChoiceScarf|SandRush|LastRespects,WillOWisp,PsychicFangs,Poltergeist|Jolly||F|||50|]Gardevoir||LifeOrb|Trace|Moonblast,Psychic,AuraSphere,Protect|Modest||M|||50|]Sneasler||WhiteHerb|Unburden|FakeOut,CloseCombat,DireClaw,Coaching|Adamant||F|||50|]Palafin||SitrusBerry|ZerotoHero|BulkUp,WaveCrash,JetPunch,DrainPunch|Careful||F|||50|
|inactive|Battle timer is ON: inactive players will automatically lose when time's up. (requested by sweetlysunny)
|inactive|DDO15 has 60 seconds left.
|
|t:|1783302505
|teamsize|p1|4
|teamsize|p2|4
|start
|switch|p1a: Farigiraf|Farigiraf, L50, M|100/100
|switch|p1b: Scrafty|Scrafty, L50, F|100/100
|switch|p2a: Gardevoir|Gardevoir, L50, M|100/100
|switch|p2b: Tyranitar|Tyranitar, L50, F|100/100
|-weather|Sandstorm|[from] ability: Sand Stream|[of] p2b: Tyranitar
|-ability|p2a: Gardevoir|Intimidate|Trace|[from] ability: Trace|[of] p1b: Scrafty
|-ability|p2a: Gardevoir|Intimidate|boost
|-unboost|p1a: Farigiraf|atk|1
|-unboost|p1b: Scrafty|atk|1
|-ability|p1b: Scrafty|Intimidate|boost
|-unboost|p2a: Gardevoir|atk|1
|-unboost|p2b: Tyranitar|atk|1
|turn|1
|
|t:|1783302525
|detailschange|p1b: Scrafty|Scrafty-Mega, L50, F
|-mega|p1b: Scrafty|Scrafty|Scraftinite
|-ability|p1b: Scrafty|Intimidate|boost
|-unboost|p2a: Gardevoir|atk|1
|-unboost|p2b: Tyranitar|atk|1
|move|p1b: Scrafty|Fake Out|p2a: Gardevoir
|-damage|p2a: Gardevoir|87/100
|move|p2b: Tyranitar|Rock Slide|p1b: Scrafty|[spread] p1a,p1b
|-resisted|p1b: Scrafty|1
|-damage|p1a: Farigiraf|87/100
|-damage|p1b: Scrafty|93/100
|cant|p2a: Gardevoir|flinch
|cant|p1a: Farigiraf|flinch
|
|-weather|Sandstorm|[upkeep]
|-damage|p2a: Gardevoir|81/100|[from] Sandstorm
|-damage|p1a: Farigiraf|81/100|[from] Sandstorm
|-damage|p1b: Scrafty|87/100|[from] Sandstorm
|upkeep
|turn|2
|
|t:|1783302549
|switch|p2b: Sneasler|Sneasler, L50, F|100/100
|move|p2a: Gardevoir|Moonblast|p1b: Scrafty
|-supereffective|p1b: Scrafty|2
|-damage|p1b: Scrafty|0 fnt
|faint|p1b: Scrafty
|-damage|p2a: Gardevoir|71/100|[from] item: Life Orb
|move|p1a: Farigiraf|Trick Room|p1a: Farigiraf
|-fieldstart|move: Trick Room|[of] p1a: Farigiraf
|
|-weather|Sandstorm|[upkeep]
|-damage|p1a: Farigiraf|75/100|[from] Sandstorm
|-damage|p2a: Gardevoir|65/100|[from] Sandstorm
|-damage|p2b: Sneasler|93/100|[from] Sandstorm
|upkeep
|
|t:|1783302559
|switch|p1b: Torkoal|Torkoal, L50, M|100/100
|-weather|SunnyDay|[from] ability: Drought|[of] p1b: Torkoal
|turn|3
|inactive|DDO15 has 30 seconds left.
|
|t:|1783302588
|switch|p1a: Sylveon|Sylveon, L50, F|100/100
|switch|p2a: Tyranitar|Tyranitar, L50, F|100/100
|-weather|Sandstorm|[from] ability: Sand Stream|[of] p2a: Tyranitar
|move|p1b: Torkoal|Eruption|p2a: Tyranitar|[spread] p2a,p2b
|-resisted|p2a: Tyranitar|1
|-damage|p2a: Tyranitar|83/100
|-damage|p2b: Sneasler|27/100
|move|p2b: Sneasler|Close Combat|p1b: Torkoal
|-damage|p1b: Torkoal|53/100
|-unboost|p2b: Sneasler|def|1
|-unboost|p2b: Sneasler|spd|1
|-enditem|p2b: Sneasler|White Herb
|-clearnegativeboost|p2b: Sneasler|[silent]
|
|-weather|Sandstorm|[upkeep]
|-damage|p1b: Torkoal|47/100|[from] Sandstorm
|-damage|p1a: Sylveon|94/100|[from] Sandstorm
|-damage|p2b: Sneasler|21/100|[from] Sandstorm
|upkeep
|turn|4
|inactive|sweetlysunny has 30 seconds left.
|inactive|DDO15 has 30 seconds left.
|
|t:|1783302614
|switch|p2b: Excadrill|Excadrill, L50, M|100/100
|detailschange|p2a: Tyranitar|Tyranitar-Mega, L50, F
|-mega|p2a: Tyranitar|Tyranitar|Tyranitarite
|move|p1b: Torkoal|Heat Wave|p2a: Tyranitar|[spread] p2a,p2b
|-resisted|p2a: Tyranitar|1
|-supereffective|p2b: Excadrill|1
|-damage|p2a: Tyranitar|75/100
|-damage|p2b: Excadrill|5/100
|-status|p2a: Tyranitar|brn
|-status|p2b: Excadrill|brn
|move|p1a: Sylveon|Hyper Beam|p2a: Tyranitar
|-supereffective|p2a: Tyranitar|1
|-damage|p2a: Tyranitar|0 fnt
|-mustrecharge|p1a: Sylveon
|faint|p2a: Tyranitar
|
|-weather|Sandstorm|[upkeep]
|-damage|p1b: Torkoal|41/100|[from] Sandstorm
|-damage|p1a: Sylveon|88/100|[from] Sandstorm
|-damage|p2b: Excadrill|0 fnt|[from] brn
|faint|p2b: Excadrill
|upkeep
|inactive|DDO15 has 30 seconds left.
|
|t:|1783302642
|switch|p2a: Sneasler|Sneasler, L50, F|21/100
|switch|p2b: Gardevoir|Gardevoir, L50, M|65/100
|-ability|p2b: Gardevoir|Pixilate|Trace|[from] ability: Trace|[of] p1a: Sylveon
|turn|5
|
|t:|1783302658
|move|p1b: Torkoal|Protect|p1b: Torkoal
|-singleturn|p1b: Torkoal|Protect
|cant|p1a: Sylveon|recharge
|move|p2b: Gardevoir|Moonblast|p1b: Torkoal
|-activate|p1b: Torkoal|move: Protect
|move|p2a: Sneasler|Dire Claw|p1a: Sylveon
|-supereffective|p1a: Sylveon|1
|-damage|p1a: Sylveon|0 fnt
|faint|p1a: Sylveon
|
|-weather|Sandstorm|[upkeep]
|-damage|p1b: Torkoal|35/100|[from] Sandstorm
|-damage|p2b: Gardevoir|60/100|[from] Sandstorm
|-damage|p2a: Sneasler|15/100|[from] Sandstorm
|upkeep
|
|t:|1783302663
|switch|p1a: Farigiraf|Farigiraf, L50, M|75/100
|turn|6
|
|t:|1783302673
|move|p2b: Gardevoir|Protect|p2b: Gardevoir
|-singleturn|p2b: Gardevoir|Protect
|move|p1b: Torkoal|Heat Wave|p2a: Sneasler|[spread] p2a
|-activate|p2b: Gardevoir|move: Protect
|-crit|p2a: Sneasler
|-damage|p2a: Sneasler|0 fnt
|faint|p2a: Sneasler
|move|p1a: Farigiraf|Hyper Voice|p2b: Gardevoir
|-activate|p2b: Gardevoir|move: Protect
|
|-weather|Sandstorm|[upkeep]
|-damage|p1b: Torkoal|28/100|[from] Sandstorm
|-damage|p1a: Farigiraf|69/100|[from] Sandstorm
|-damage|p2b: Gardevoir|54/100|[from] Sandstorm
|-fieldend|move: Trick Room
|upkeep
|turn|7
|
|t:|1783302689
|move|p1b: Torkoal|Helping Hand|p1a: Farigiraf
|-singleturn|p1a: Farigiraf|Helping Hand|[of] p1b: Torkoal
|move|p2b: Gardevoir|Moonblast|p1a: Farigiraf
|-damage|p1a: Farigiraf|12/100
|-unboost|p1a: Farigiraf|spa|1
|-enditem|p1a: Farigiraf|Sitrus Berry|[eat]
|-heal|p1a: Farigiraf|37/100|[from] item: Sitrus Berry
|-damage|p2b: Gardevoir|44/100|[from] item: Life Orb
|move|p1a: Farigiraf|Hyper Voice|p2b: Gardevoir
|-damage|p2b: Gardevoir|16/100
|
|-weather|none
|upkeep
|turn|8
|
|t:|1783302706
|move|p2b: Gardevoir|Moonblast|p1a: Farigiraf
|-damage|p1a: Farigiraf|0 fnt
|faint|p1a: Farigiraf
|-damage|p2b: Gardevoir|6/100|[from] item: Life Orb
|move|p1b: Torkoal|Heat Wave|p2b: Gardevoir
|-damage|p2b: Gardevoir|0 fnt
|faint|p2b: Gardevoir
|
|win|sweetlysunny
||sweetlysunny is ready for game 2.
|l|☆DDO15
|player|p2|
|inactive|DDO15 has 30 seconds to confirm battle start!
||DDO15 is ready for game 2.
|uhtml|next|Next: Game 2 of 3
|l|☆sweetlysunny
|player|p1|
|j|☆sweetlysunny
|player|p1|sweetlysunny|serena|
