|j|☆angelbee21
|j|☆DKit15
|html|angelbee21DKit15    
|uhtml|bestof|Game 2 of a best-of-3
|t:|1756864406
|gametype|doubles
|player|p1|angelbee21|lenora|1096
|player|p2|DKit15|giovanni|1093
|gen|9
|tier|[Gen 9] VGC 2025 Reg H (Bo3)
|rated|
|rule|Species Clause: Limit one of each Pokémon
|rule|Item Clause: Limit 1 of each item
|clearpoke
|poke|p1|Flamigo, L50, F|
|poke|p1|Garchomp, L50, F|
|poke|p1|Electabuzz, L50, M|
|poke|p1|Kingambit, L50, F|
|poke|p1|Typhlosion-Hisui, L50, F|
|poke|p1|Ninetales-Alola, L50, F|
|poke|p2|Dragonite, L50, M|
|poke|p2|Incineroar, L50, F|
|poke|p2|Ursaluna-Bloodmoon, L50, M|
|poke|p2|Corviknight, L50, F|
|poke|p2|Amoonguss, L50, M|
|poke|p2|Palafin, L50, M|
|teampreview|4
|showteam|p1|Flamigo||FocusSash|Scrappy|CloseCombat,DualWingbeat,WideGuard,Protect|||F|||50|,,,,,Stellar]Garchomp||LifeOrb|RoughSkin|DragonClaw,StompingTantrum,PoisonJab,Protect|||F|||50|,,,,,Poison]Electabuzz||Eviolite|VitalSpirit|Electroweb,Taunt,FollowMe,Protect|||M|||50|,,,,,Grass]Kingambit||BlackGlasses|Defiant|KowtowCleave,SuckerPunch,IronHead,Protect|||F|||50|,,,,,Dark]Typhlosion-Hisui||ChoiceScarf|Blaze|Eruption,ShadowBall,HeatWave,Overheat|||F|||50|,,,,,Fire]Ninetales-Alola||LightClay|SnowWarning|AuroraVeil,FreezeDry,Moonblast,Protect|||F|||50|,,,,,Water
|showteam|p2|Dragonite||LoadedDice|Multiscale|ScaleShot,Protect,ExtremeSpeed,Haze|||M|||50|,,,,,Fairy]Incineroar||SafetyGoggles|Intimidate|FakeOut,FlareBlitz,PartingShot,KnockOff|||F|||50|,,,,,Ghost]Ursaluna-Bloodmoon||LifeOrb|MindsEye|BloodMoon,EarthPower,HyperVoice,Protect|||M|||50|,,,,,Normal]Corviknight||CovertCloak|MirrorArmor|BraveBird,Protect,Tailwind,Roost|||F|||50|,,,,,Flying]Amoonguss||SitrusBerry|Regenerator|Spore,RagePowder,PollenPuff,SludgeBomb|||M|||50|,,,,,Water]Palafin||ChoiceScarf|ZerotoHero|FlipTurn,JetPunch,DrainPunch,Waterfall|||M|||50|,,,,,Water
|inactive|Battle timer is ON: inactive players will automatically lose when time's up. (requested by angelbee21)
|
|t:|1756864416
|teamsize|p1|4
|teamsize|p2|4
|start
|switch|p1a: Ninetales|Ninetales-Alola, L50, F|100/100
|switch|p1b: Kingambit|Kingambit, L50, F|100/100
|switch|p2a: Amoonguss|Amoonguss, L50, M|100/100
|switch|p2b: Palafin|Palafin, L50, M|100/100
|-weather|Snowscape|[from] ability: Snow Warning|[of] p1a: Ninetales
|turn|1
|
|t:|1756864432
|move|p2b: Palafin|Flip Turn|p1b: Kingambit
|-damage|p1b: Kingambit|83/100
|
|t:|1756864436
|detailschange|p2b: Palafin|Palafin-Hero, L50, M
|switch|p2b: Dragonite|Dragonite, L50, M|100/100|[from] Flip Turn
|move|p1a: Ninetales|Aurora Veil|p1a: Ninetales
|-sidestart|p1: angelbee21|move: Aurora Veil
|move|p2a: Amoonguss|Spore|p1a: Ninetales
|-status|p1a: Ninetales|slp|[from] move: Spore
|move|p1b: Kingambit|Kowtow Cleave|p2a: Amoonguss
|-damage|p2a: Amoonguss|48/100
|-enditem|p2a: Amoonguss|Sitrus Berry|[eat]
|-heal|p2a: Amoonguss|73/100|[from] item: Sitrus Berry
|
|-weather|Snowscape|[upkeep]
|upkeep
|turn|2
|
|t:|1756864461
|switch|p2a: Palafin|Palafin-Hero, L50, M|100/100
|-activate|p2a: Palafin|ability: Zero to Hero
|move|p1b: Kingambit|Protect|p1b: Kingambit
|-singleturn|p1b: Kingambit|Protect
|move|p2b: Dragonite|Extreme Speed|p1a: Ninetales
|-damage|p1a: Ninetales|84/100 slp
|cant|p1a: Ninetales|slp
|
|-weather|Snowscape|[upkeep]
|upkeep
|turn|3
|
|t:|1756864484
|switch|p2b: Amoonguss|Amoonguss, L50, M|100/100
|-terastallize|p1b: Kingambit|Dark
|move|p1b: Kingambit|Sucker Punch|p2a: Palafin
|-damage|p2a: Palafin|25/100
|move|p2a: Palafin|Drain Punch|p1b: Kingambit
|-supereffective|p1b: Kingambit
|-damage|p1b: Kingambit|53/100
|-heal|p2a: Palafin|44/100|[from] drain|[of] p1b: Kingambit
|cant|p1a: Ninetales|slp
|
|-weather|Snowscape|[upkeep]
|upkeep
|turn|4
|inactive|DKit15 has 30 seconds left.
|
|t:|1756864516
|switch|p1b: Typhlosion|Typhlosion-Hisui, L50, F|100/100
|move|p2b: Amoonguss|Rage Powder|p2b: Amoonguss
|-singleturn|p2b: Amoonguss|move: Rage Powder
|move|p2a: Palafin|Drain Punch|p1b: Typhlosion
|-immune|p1b: Typhlosion
|cant|p1a: Ninetales|slp
|
|-weather|Snowscape|[upkeep]
|upkeep
|turn|5
|
|t:|1756864534
|switch|p2a: Dragonite|Dragonite, L50, M|100/100
|-terastallize|p2b: Amoonguss|Water
|move|p1b: Typhlosion|Eruption|p2b: Amoonguss|[spread] p2a,p2b
|-resisted|p2a: Dragonite
|-resisted|p2b: Amoonguss
|-damage|p2a: Dragonite|84/100
|-damage|p2b: Amoonguss|77/100
|-curestatus|p1a: Ninetales|slp|[msg]
|move|p1a: Ninetales|Freeze-Dry|p2b: Amoonguss
|-supereffective|p2b: Amoonguss
|-damage|p2b: Amoonguss|38/100
|move|p2b: Amoonguss|Spore|p1b: Typhlosion
|-status|p1b: Typhlosion|slp|[from] move: Spore
|
|-weather|none
|upkeep
|turn|6
|
|t:|1756864558
|switch|p1b: Kingambit|Kingambit, L50, F, tera:Dark|53/100
|switch|p2b: Ursaluna|Ursaluna-Bloodmoon, L50, M|100/100
|move|p1a: Ninetales|Freeze-Dry|p2a: Dragonite
|-supereffective|p2a: Dragonite
|-damage|p2a: Dragonite|0 fnt
|faint|p2a: Dragonite
|
|upkeep
|
|t:|1756864570
|switch|p2a: Palafin|Palafin-Hero, L50, M|44/100
|turn|7
|
|t:|1756864584
|move|p1a: Ninetales|Protect|p1a: Ninetales
|-singleturn|p1a: Ninetales|Protect
|move|p1b: Kingambit|Protect|p1b: Kingambit
|-singleturn|p1b: Kingambit|Protect
|move|p2a: Palafin|Jet Punch|p1a: Ninetales
|-activate|p1a: Ninetales|move: Protect
|move|p2b: Ursaluna|Hyper Voice|p1b: Kingambit|[spread] 
|-activate|p1a: Ninetales|move: Protect
|-activate|p1b: Kingambit|move: Protect
|
|upkeep
|turn|8
|
|t:|1756864605
|move|p2a: Palafin|Jet Punch|p1b: Kingambit
|-damage|p1b: Kingambit|36/100
|move|p1a: Ninetales|Freeze-Dry|p2a: Palafin
|-supereffective|p2a: Palafin
|-damage|p2a: Palafin|0 fnt
|faint|p2a: Palafin
|move|p2b: Ursaluna|Blood Moon|p1a: Ninetales
|-damage|p1a: Ninetales|10/100
|-damage|p2b: Ursaluna|91/100|[from] item: Life Orb
|move|p1b: Kingambit|Kowtow Cleave|p2b: Ursaluna
|-damage|p2b: Ursaluna|29/100
|
|-sideend|p1: angelbee21|move: Aurora Veil
|upkeep
|
|t:|1756864621
|switch|p2a: Amoonguss|Amoonguss, L50, M, tera:Water|71/100
|turn|9
|
|t:|1756864635
|switch|p1a: Flamigo|Flamigo, L50, F|100/100
|move|p1b: Kingambit|Protect|p1b: Kingambit
|-singleturn|p1b: Kingambit|Protect
|move|p2b: Ursaluna|Hyper Voice|p1a: Flamigo|[spread] p1a
|-activate|p1b: Kingambit|move: Protect
|-damage|p1a: Flamigo|19/100
|-damage|p2b: Ursaluna|19/100|[from] item: Life Orb
|move|p2a: Amoonguss|Sludge Bomb|p1a: Flamigo
|-damage|p1a: Flamigo|0 fnt
|faint|p1a: Flamigo
|
|upkeep
|
|t:|1756864639
|switch|p1a: Ninetales|Ninetales-Alola, L50, F|10/100
|-weather|Snowscape|[from] ability: Snow Warning|[of] p1a: Ninetales
|turn|10
|
|t:|1756864659
|move|p2b: Ursaluna|Protect|p2b: Ursaluna
|-singleturn|p2b: Ursaluna|Protect
|move|p1a: Ninetales|Freeze-Dry|p2a: Amoonguss
|-supereffective|p2a: Amoonguss
|-damage|p2a: Amoonguss|30/100
|move|p2a: Amoonguss|Sludge Bomb|p1a: Ninetales
|-supereffective|p1a: Ninetales
|-damage|p1a: Ninetales|0 fnt
|faint|p1a: Ninetales
|move|p1b: Kingambit|Kowtow Cleave|p2a: Amoonguss
|-damage|p2a: Amoonguss|0 fnt
|faint|p2a: Amoonguss
|
|-weather|Snowscape|[upkeep]
|upkeep
|
|t:|1756864666
|switch|p1a: Typhlosion|Typhlosion-Hisui, L50, F|100/100 slp
|turn|11
|
|t:|1756864677
|move|p1b: Kingambit|Sucker Punch|p2b: Ursaluna
|-damage|p2b: Ursaluna|0 fnt
|faint|p2b: Ursaluna
|
|win|angelbee21
|raw|angelbee21's rating: 1096 → 1121(+25 for winning)
|raw|DKit15's rating: 1093 → 1069(-24 for losing)
|c|☆angelbee21|gg
|l|☆DKit15
|player|p2|
