|j|☆lolgz
|j|☆christorietasyt
|html|lolgzchristorietasyt    
|uhtml|bestof|Game 1 of a best-of-3
|t:|1784873854
|gametype|doubles
|player|p1|lolgz|dawn|1325
|player|p2|christorietasyt|ethan|1149
|gen|9
|tier|[Gen 9 Champions] VGC 2026 Reg M-B (Bo3)
|rated|
|rule|Species Clause: Limit one of each Pokémon
|rule|Item Clause: Limit 1 of each item
|clearpoke
|poke|p1|Blastoise, L50, M|
|poke|p1|Vivillon, L50, F|
|poke|p1|Farigiraf, L50, F|
|poke|p1|Gallade, L50, M|
|poke|p1|Kingambit, L50, F|
|poke|p1|Camerupt, L50, M|
|poke|p2|Staraptor, L50, M|
|poke|p2|Vanilluxe, L50, F|
|poke|p2|Farigiraf, L50, M|
|poke|p2|Blastoise, L50, F|
|poke|p2|Kingambit, L50, M|
|poke|p2|Camerupt, L50, M|
|teampreview|4
|showteam|p1|Blastoise||Blastoisinite|Torrent|WaterSpout,DarkPulse,FakeOut,ShellSmash|Modest||M|||50|]Vivillon||ChoiceScarf|CompoundEyes|SleepPowder,RagePowder,Tailwind,Hurricane|Timid||F|||50|]Farigiraf||SitrusBerry|ArmorTail|TrickRoom,Psychic,HelpingHand,Protect|Relaxed||F|||50|]Gallade||IronBall|Sharpness|SacredSword,PsychoCut,LeafBlade,TrickRoom|Brave||M|||50|]Kingambit||LifeOrb|Defiant|SuckerPunch,KowtowCleave,IronHead,Protect|Brave||F|||50|]Camerupt||Cameruptite|MagmaArmor|HeatWave,EarthPower,AncientPower,Protect|Quiet||M|||50|
|showteam|p2|Staraptor||ChoiceScarf|Intimidate|FinalGambit,BraveBird,CloseCombat,Uturn|Jolly||M|||50|]Vanilluxe||NeverMeltIce|SnowWarning|Blizzard,FreezeDry,Protect,IceShard|Quiet||F|||50|]Farigiraf||SitrusBerry|ArmorTail|PsychicFangs,HyperVoice,HelpingHand,TrickRoom|Relaxed||M|||50|]Blastoise||Blastoisinite|RainDish|FakeOut,WaterSpout,AuraSphere,DarkPulse|Quiet||F|||50|]Kingambit||LifeOrb|Defiant|KowtowCleave,IronHead,Protect,SuckerPunch|Brave||M|||50|]Camerupt||Cameruptite|SolidRock|HeatWave,EarthPower,Protect,AncientPower|Quiet||M|||50|
|inactive|Battle timer is ON: inactive players will automatically lose when time's up. (requested by lolgz)
|inactive|lolgz has 60 seconds left.
|inactive|christorietasyt has 60 seconds left.
|inactive|lolgz has 30 seconds left.
|inactive|christorietasyt has 30 seconds left.
|inactive|christorietasyt has 20 seconds left.
|inactive|christorietasyt has 15 seconds left.
|inactive|christorietasyt has 10 seconds left.
|
|t:|1784873936
|teamsize|p1|4
|teamsize|p2|4
|start
|switch|p1a: Vivillon|Vivillon, L50, F|100/100
|switch|p1b: Blastoise|Blastoise, L50, M|100/100
|switch|p2a: Staraptor|Staraptor, L50, M|100/100
|switch|p2b: Camerupt|Camerupt, L50, M|100/100
|-ability|p2a: Staraptor|Intimidate|boost
|-unboost|p1a: Vivillon|atk|1
|-unboost|p1b: Blastoise|atk|1
|turn|1
|
|t:|1784873959
|switch|p2b: Farigiraf|Farigiraf, L50, M|100/100
|detailschange|p1b: Blastoise|Blastoise-Mega, L50, M
|-mega|p1b: Blastoise|Blastoise|Blastoisinite
|move|p1a: Vivillon|Rage Powder|p1a: Vivillon
|-singleturn|p1a: Vivillon|move: Rage Powder
|move|p2a: Staraptor|Final Gambit|p1a: Vivillon
|-damage|p1a: Vivillon|0 fnt
|faint|p2a: Staraptor
|faint|p1a: Vivillon
|move|p1b: Blastoise|Water Spout|p2b: Farigiraf
|-damage|p2b: Farigiraf|19/100
|-enditem|p2b: Farigiraf|Sitrus Berry|[eat]
|-heal|p2b: Farigiraf|44/100|[from] item: Sitrus Berry
|
|upkeep
|
|t:|1784873975
|switch|p1a: Kingambit|Kingambit, L50, F|100/100
|switch|p2a: Blastoise|Blastoise, L50, F|100/100
|turn|2
|
|t:|1784874000
|detailschange|p2a: Blastoise|Blastoise-Mega, L50, F
|-mega|p2a: Blastoise|Blastoise|Blastoisinite
|move|p1b: Blastoise|Dark Pulse|p2b: Farigiraf
|-supereffective|p2b: Farigiraf|1
|-damage|p2b: Farigiraf|0 fnt
|faint|p2b: Farigiraf
|move|p2a: Blastoise|Aura Sphere|p1a: Kingambit
|-supereffective|p1a: Kingambit|2
|-damage|p1a: Kingambit|0 fnt
|faint|p1a: Kingambit
|
|upkeep
|
|t:|1784874012
|switch|p2b: Camerupt|Camerupt, L50, M|100/100
|switch|p1a: Farigiraf|Farigiraf, L50, F|100/100
|turn|3
|
|t:|1784874027
|move|p2b: Camerupt|Protect|p2b: Camerupt
|-singleturn|p2b: Camerupt|Protect
|move|p1b: Blastoise|Water Spout|p2b: Camerupt|[spread] p2a
|-activate|p2b: Camerupt|move: Protect
|-resisted|p2a: Blastoise|1
|-damage|p2a: Blastoise|73/100
|move|p2a: Blastoise|Dark Pulse|p1b: Blastoise
|-damage|p1b: Blastoise|57/100
|move|p1a: Farigiraf|Psychic|p2a: Blastoise
|-damage|p2a: Blastoise|46/100
|
|upkeep
|turn|4
|
|t:|1784874045
|move|p2b: Camerupt|Protect|p2b: Camerupt
|-singleturn|p2b: Camerupt|Protect
|move|p1b: Blastoise|Water Spout|p2b: Camerupt|[spread] p2a
|-activate|p2b: Camerupt|move: Protect
|-resisted|p2a: Blastoise|1
|-damage|p2a: Blastoise|30/100
|move|p2a: Blastoise|Dark Pulse|p1b: Blastoise
|-damage|p1b: Blastoise|11/100
|move|p1a: Farigiraf|Psychic|p2a: Blastoise
|-damage|p2a: Blastoise|1/100
|
|upkeep
|turn|5
|
|t:|1784874070
|move|p1b: Blastoise|Water Spout|p2b: Camerupt|[spread] p2a,p2b
|-resisted|p2a: Blastoise|1
|-supereffective|p2b: Camerupt|2
|-damage|p2a: Blastoise|0 fnt
|-damage|p2b: Camerupt|72/100
|faint|p2a: Blastoise
|move|p1a: Farigiraf|Psychic|p2b: Camerupt
|-damage|p2b: Camerupt|29/100
|move|p2b: Camerupt|Earth Power|p1a: Farigiraf
|-damage|p1a: Farigiraf|58/100
|
|upkeep
|turn|6
|-message|christorietasyt forfeited.
|
|win|lolgz
