|j|☆NX_TEK
|j|‽slckrckyyyy
|html|NX_TEKslckrckyyyy    
|uhtml|bestof|Game 3 of a best-of-3
|t:|1785068847
|gametype|doubles
|player|p1|NX_TEK|silver|1000
|player|p2|slckrckyyyy|lucas|1000
|gen|9
|tier|[Gen 9 Champions] VGC 2026 Reg M-B (Bo3)
|rated|
|rule|Species Clause: Limit one of each Pokémon
|rule|Item Clause: Limit 1 of each item
|clearpoke
|poke|p1|Maushold, L50|
|poke|p1|Annihilape, L50, M|
|poke|p1|Mudsdale, L50, M|
|poke|p1|Whimsicott, L50, M, shiny|
|poke|p1|Aromatisse, L50, M|
|poke|p1|Weavile, L50, M|
|poke|p2|Aerodactyl, L50, M|
|poke|p2|Garchomp, L50, M|
|poke|p2|Charizard, L50, M, shiny|
|poke|p2|Grimmsnarl, L50, M|
|poke|p2|Incineroar, L50, M|
|poke|p2|Dragonite, L50, M|
|teampreview|4
|showteam|p1|Maushold||ChopleBerry|FriendGuard|BeatUp,Encore,FollowMe,Taunt|Timid|||||50|]Annihilape||LifeOrb|Defiant|RageFist,Protect,CloseCombat,RockSlide|Jolly||M|||50|]Mudsdale||SitrusBerry|Stamina|BodyPress,HighHorsepower,Protect,HeavySlam|Brave||M|||50|]Whimsicott||FocusSash|Prankster|TrickRoom,BeatUp,Encore,Moonblast|Modest||M|||50|]Aromatisse||BabiriBerry|AromaVeil|TrickRoom,AllySwitch,HelpingHand,Moonblast|Sassy||M|||50|]Weavile||ExpertBelt|Pressure|IceShard,FakeOut,Trailblaze,Protect|Jolly||M|||50|
|showteam|p2|Aerodactyl||FocusSash|Unnerve|RockSlide,DualWingbeat,Tailwind,WideGuard|Jolly||M|||50|]Garchomp||LifeOrb|RoughSkin|DragonClaw,Earthquake,PoisonJab,Protect|Jolly||M|||50|]Charizard||CharizarditeY|Blaze|HeatWave,DragonPulse,SolarBeam,Protect|Timid||M|||50|]Grimmsnarl||Leftovers|Prankster|FakeOut,PlayRough,SuckerPunch,PartingShot|Adamant||M|||50|]Incineroar||SitrusBerry|Intimidate|FakeOut,FlareBlitz,DarkestLariat,Roar|Adamant||M|||50|]Dragonite||Dragoninite|Multiscale|DragonClaw,FirePunch,ExtremeSpeed,DragonDance|Adamant||M|||50|
|inactive|Battle timer is ON: inactive players will automatically lose when time's up. (requested by slckrckyyyy)
|
|t:|1785068879
|teamsize|p1|4
|teamsize|p2|4
|start
|switch|p1a: Weavile|Weavile, L50, M|100/100
|switch|p1b: Annihilape|Annihilape, L50, M|100/100
|switch|p2a: Charizard|Charizard, L50, M, shiny|100/100
|switch|p2b: Incineroar|Incineroar, L50, M|100/100
|-ability|p1a: Weavile|Pressure
|-ability|p2b: Incineroar|Intimidate|boost
|-unboost|p1a: Weavile|atk|1
|-unboost|p1b: Annihilape|atk|1
|-ability|p1b: Annihilape|Defiant|boost
|-boost|p1b: Annihilape|atk|2
|turn|1
|inactive|slckrckyyyy has 30 seconds left.
|inactive|slckrckyyyy has 20 seconds left.
|inactive|slckrckyyyy has 15 seconds left.
|
|t:|1785068923
|detailschange|p2a: Charizard|Charizard-Mega-Y, L50, M, shiny
|-mega|p2a: Charizard|Charizard|Charizardite Y
|-weather|SunnyDay|[from] ability: Drought|[of] p2a: Charizard
|move|p1a: Weavile|Fake Out|p2a: Charizard
|-damage|p2a: Charizard|85/100
|cant|p2a: Charizard|flinch
|move|p1b: Annihilape|Rock Slide|p2b: Incineroar|[spread] p2a,p2b
|-supereffective|p2a: Charizard|2
|-supereffective|p2b: Incineroar|1
|-damage|p2a: Charizard|0 fnt
|-damage|p2b: Incineroar|34/100
|-enditem|p2b: Incineroar|Sitrus Berry|[eat]
|-heal|p2b: Incineroar|58/100|[from] item: Sitrus Berry
|faint|p2a: Charizard
|-damage|p1b: Annihilape|90/100|[from] item: Life Orb
|move|p2b: Incineroar|Darkest Lariat|p1b: Annihilape
|-crit|p1b: Annihilape
|-damage|p1b: Annihilape|9/100
|
|-weather|SunnyDay|[upkeep]
|upkeep
|
|t:|1785068945
|switch|p2a: Aerodactyl|Aerodactyl, L50, M|100/100
|-ability|p2a: Aerodactyl|Unnerve
|turn|2
|
|t:|1785068960
|move|p1a: Weavile|Ice Shard|p2a: Aerodactyl
|-supereffective|p2a: Aerodactyl|1
|-damage|p2a: Aerodactyl|49/100
|move|p2a: Aerodactyl|Tailwind|p2a: Aerodactyl
|-sidestart|p2: slckrckyyyy|move: Tailwind
|move|p2b: Incineroar|Darkest Lariat|p1b: Annihilape
|-damage|p1b: Annihilape|0 fnt
|faint|p1b: Annihilape
|
|-weather|SunnyDay|[upkeep]
|upkeep
|
|t:|1785068976
|switch|p1b: Whimsicott|Whimsicott, L50, M, shiny|100/100
|turn|3
|
|t:|1785068987
|move|p1a: Weavile|Protect|p1a: Weavile
|-singleturn|p1a: Weavile|Protect
|move|p1b: Whimsicott|Encore|p2a: Aerodactyl
|-start|p2a: Aerodactyl|Encore
|move|p2a: Aerodactyl|Tailwind||[still]
|-fail|p2a: Aerodactyl
|move|p2b: Incineroar|Flare Blitz|p1a: Weavile
|-activate|p1a: Weavile|move: Protect
|
|-weather|SunnyDay|[upkeep]
|upkeep
|turn|4
|inactive|NX_TEK has 30 seconds left.
|inactive|slckrckyyyy has 30 seconds left.
|inactive|slckrckyyyy has 20 seconds left.
|inactive|slckrckyyyy has 15 seconds left.
|inactive|slckrckyyyy has 10 seconds left.
|
|t:|1785069033
|switch|p1a: Mudsdale|Mudsdale, L50, M|100/100
|move|p2a: Aerodactyl|Tailwind||[still]
|-fail|p2a: Aerodactyl
|move|p2b: Incineroar|Flare Blitz|p1a: Mudsdale
|-damage|p1a: Mudsdale|22/100
|-ability|p1a: Mudsdale|Stamina|boost
|-boost|p1a: Mudsdale|def|1
|-damage|p2b: Incineroar|32/100|[from] Recoil
|move|p1b: Whimsicott|Beat Up|p1a: Mudsdale
|-damage|p1a: Mudsdale|20/100y
|-ability|p1a: Mudsdale|Stamina|boost
|-boost|p1a: Mudsdale|def|1
|-damage|p1a: Mudsdale|19/100
|-ability|p1a: Mudsdale|Stamina|boost
|-boost|p1a: Mudsdale|def|1
|-damage|p1a: Mudsdale|18/100
|-ability|p1a: Mudsdale|Stamina|boost
|-boost|p1a: Mudsdale|def|1
|-hitcount|p1a: Mudsdale|3
|
|-weather|SunnyDay|[upkeep]
|upkeep
|turn|5
|
|t:|1785069054
|move|p1a: Mudsdale|Protect|p1a: Mudsdale
|-singleturn|p1a: Mudsdale|Protect
|move|p2a: Aerodactyl|Tailwind||[still]
|-fail|p2a: Aerodactyl
|move|p2b: Incineroar|Darkest Lariat|p1a: Mudsdale
|-activate|p1a: Mudsdale|move: Protect
|move|p1b: Whimsicott|Trick Room|p1b: Whimsicott
|-fieldstart|move: Trick Room|[of] p1b: Whimsicott
|
|-weather|none
|-end|p2a: Aerodactyl|Encore
|-sideend|p2: slckrckyyyy|move: Tailwind
|upkeep
|turn|6
|
|t:|1785069078
|move|p1a: Mudsdale|Body Press|p2a: Aerodactyl
|-damage|p2a: Aerodactyl|0 fnt
|-enditem|p1a: Mudsdale|Sitrus Berry|[eat]
|-heal|p1a: Mudsdale|42/100|[from] item: Sitrus Berry
|faint|p2a: Aerodactyl
|move|p2b: Incineroar|Darkest Lariat|p1a: Mudsdale
|-damage|p1a: Mudsdale|4/100
|-ability|p1a: Mudsdale|Stamina|boost
|-boost|p1a: Mudsdale|def|1
|move|p1b: Whimsicott|Moonblast|p2b: Incineroar
|-damage|p2b: Incineroar|0 fnt
|faint|p2b: Incineroar
|
|upkeep
|inactive|slckrckyyyy has 30 seconds left.
|inactive|slckrckyyyy has 20 seconds left.
|inactive|slckrckyyyy has 15 seconds left.
|inactive|slckrckyyyy has 10 seconds left.
|inactive|slckrckyyyy has 5 seconds left.
|
|t:|1785069133
|switch|p2a: Garchomp|Garchomp, L50, M|100/100
|turn|7
|
|t:|1785069141
|move|p2a: Garchomp|Protect|p2a: Garchomp
|-singleturn|p2a: Garchomp|Protect
|move|p1a: Mudsdale|Body Press|p2a: Garchomp
|-activate|p2a: Garchomp|move: Protect
|move|p1b: Whimsicott|Moonblast|p2a: Garchomp
|-activate|p2a: Garchomp|move: Protect
|
|upkeep
|turn|8
|
|t:|1785069150
|move|p2a: Garchomp|Protect||[still]
|-fail|p2a: Garchomp
|move|p1a: Mudsdale|Body Press|p2a: Garchomp
|-damage|p2a: Garchomp|30/100
|-damage|p1a: Mudsdale|0 fnt|[from] ability: Rough Skin|[of] p2a: Garchomp
|faint|p1a: Mudsdale
|move|p1b: Whimsicott|Moonblast|p2a: Garchomp
|-supereffective|p2a: Garchomp|1
|-damage|p2a: Garchomp|0 fnt
|faint|p2a: Garchomp
|
|win|NX_TEK
|raw|NX_TEK's rating: 1000 → 1040(+40 for winning)
|raw|slckrckyyyy's rating: 1000 → 1000(+0 for losing)
|l|‽slckrckyyyy
|player|p2|
