|j|☆Coperr
|j|☆CalliopeOKBH
|html|CoperrCalliopeOKBH    
|uhtml|bestof|Game 1 of a best-of-3
|t:|1757024742
|gametype|doubles
|player|p1|Coperr|cynthia-gen4|1023
|player|p2|CalliopeOKBH|zinnia|1125
|gen|9
|tier|[Gen 9] VGC 2025 Reg H (Bo3)
|rated|
|rule|Species Clause: Limit one of each Pokémon
|rule|Item Clause: Limit 1 of each item
|clearpoke
|poke|p1|Archaludon, L50, M|
|poke|p1|Sinistcha, L50|
|poke|p1|Gholdengo, L50|
|poke|p1|Mimikyu, L50, M|
|poke|p1|Ursaluna-Bloodmoon, L50, M|
|poke|p1|Pelipper, L50, M|
|poke|p2|Tyranitar, L50, F|
|poke|p2|Sneasler, L50, M|
|poke|p2|Gholdengo, L50|
|poke|p2|Garchomp, L50, F|
|poke|p2|Incineroar, L50, F|
|poke|p2|Corviknight, L50, M|
|teampreview|4
|showteam|p1|Archaludon||AssaultVest|Stamina|FlashCannon,ElectroShot,BodyPress,DracoMeteor|||M|||50|,,,,,Flying]Sinistcha||SitrusBerry|Hospitality|MatchaGotcha,RagePowder,Imprison,TrickRoom||||||50|,,,,,Dark]Gholdengo||Leftovers|GoodasGold|MakeItRain,ShadowBall,NastyPlot,Protect||||||50|,,,,,Steel]Mimikyu||MentalHerb|Disguise|PlayRough,WoodHammer,TrickRoom,WillOWisp|||M|||50|,,,,,Grass]Ursaluna-Bloodmoon||LifeOrb|MindsEye|BloodMoon,HyperVoice,EarthPower,Protect|||M|||50|,,,,,Normal]Pelipper||FocusSash|Drizzle|WeatherBall,Hurricane,Uturn,Tailwind|||M|||50|,,,,,Water
|showteam|p2|Tyranitar||AssaultVest|SandStream|RockSlide,KnockOff,TeraBlast,IceBeam|||F|||50|,,,,,Flying]Sneasler||WhiteHerb|Unburden|DireClaw,CloseCombat,Coaching,Protect|||M|||50|,,,,,Flying]Gholdengo||LifeOrb|GoodasGold|NastyPlot,MakeItRain,ShadowBall,Protect||||||50|,,,,,Steel]Garchomp||BrightPowder|SandVeil|Protect,StompingTantrum,DragonClaw,Earthquake|||F|||50|,,,,,Ghost]Incineroar||SafetyGoggles|Intimidate|FakeOut,FlareBlitz,Taunt,PartingShot|||F|||50|,,,,,Bug]Corviknight||Leftovers|Unnerve|BraveBird,BodyPress,Tailwind,Roost|||M|||50|,,,,,Fighting
|inactive|Battle timer is ON: inactive players will automatically lose when time's up. (requested by CalliopeOKBH)
|inactive|Coperr has 60 seconds left.
|inactive|Coperr has 30 seconds left.
|
|t:|1757024807
|teamsize|p1|4
|teamsize|p2|4
|start
|switch|p1a: Mimikyu|Mimikyu, L50, M|100/100
|switch|p1b: Gholdengo|Gholdengo, L50|100/100
|switch|p2a: Gholdengo|Gholdengo, L50|100/100
|switch|p2b: Incineroar|Incineroar, L50, F|100/100
|-ability|p2b: Incineroar|Intimidate|boost
|-unboost|p1a: Mimikyu|atk|1
|-unboost|p1b: Gholdengo|atk|1
|turn|1
|inactive|Coperr has 30 seconds left.
|
|t:|1757024839
|switch|p1b: Ursaluna|Ursaluna-Bloodmoon, L50, M|100/100
|move|p2a: Gholdengo|Shadow Ball|p1b: Ursaluna
|-immune|p1b: Ursaluna
|move|p2b: Incineroar|Parting Shot|p1a: Mimikyu
|-unboost|p1a: Mimikyu|atk|1
|-unboost|p1a: Mimikyu|spa|1
|
|t:|1757024842
|switch|p2b: Garchomp|Garchomp, L50, F|100/100|[from] Parting Shot
|move|p1a: Mimikyu|Trick Room|p1a: Mimikyu
|-fieldstart|move: Trick Room|[of] p1a: Mimikyu
|
|upkeep
|turn|2
|inactive|Coperr has 30 seconds left.
|
|t:|1757024869
|move|p2a: Gholdengo|Protect|p2a: Gholdengo
|-singleturn|p2a: Gholdengo|Protect
|move|p1b: Ursaluna|Earth Power|p2a: Gholdengo
|-activate|p2a: Gholdengo|move: Protect
|move|p1a: Mimikyu|Will-O-Wisp|p2b: Garchomp
|-status|p2b: Garchomp|brn
|move|p2b: Garchomp|Earthquake|p1b: Ursaluna|[spread] p1a,p1b
|-activate|p2a: Gholdengo|move: Protect
|-activate|p1a: Mimikyu|ability: Disguise
|-damage|p1a: Mimikyu|100/100
|-damage|p1b: Ursaluna|85/100
|detailschange|p1a: Mimikyu|Mimikyu-Busted, L50, M
|-damage|p1a: Mimikyu|89/100|[from] pokemon: Mimikyu-Busted
|
|-damage|p2b: Garchomp|95/100 brn|[from] brn
|upkeep
|turn|3
|inactive|Coperr has 30 seconds left.
|
|t:|1757024897
|switch|p2a: Incineroar|Incineroar, L50, F|100/100
|-ability|p2a: Incineroar|Intimidate|boost
|-unboost|p1a: Mimikyu|atk|1
|-unboost|p1b: Ursaluna|atk|1
|move|p2b: Garchomp|Protect|p2b: Garchomp
|-singleturn|p2b: Garchomp|Protect
|move|p1b: Ursaluna|Blood Moon|p2b: Garchomp
|-activate|p2b: Garchomp|move: Protect
|move|p1a: Mimikyu|Play Rough|p2b: Garchomp
|-activate|p2b: Garchomp|move: Protect
|
|-damage|p2b: Garchomp|89/100 brn|[from] brn
|upkeep
|turn|4
|inactive|Coperr has 30 seconds left.
|
|t:|1757024924
|move|p1b: Ursaluna|Protect|p1b: Ursaluna
|-singleturn|p1b: Ursaluna|Protect
|move|p2a: Incineroar|Fake Out|p1b: Ursaluna
|-activate|p1b: Ursaluna|move: Protect
|move|p1a: Mimikyu|Play Rough|p2b: Garchomp
|-supereffective|p2b: Garchomp
|-damage|p2b: Garchomp|56/100 brn
|move|p2b: Garchomp|Stomping Tantrum|p1a: Mimikyu
|-damage|p1a: Mimikyu|60/100
|
|-damage|p2b: Garchomp|50/100 brn|[from] brn
|upkeep
|turn|5
|inactive|Coperr has 30 seconds left.
|
|t:|1757024950
|switch|p2a: Tyranitar|Tyranitar, L50, F|100/100
|-weather|Sandstorm|[from] ability: Sand Stream|[of] p2a: Tyranitar
|switch|p1a: Pelipper|Pelipper, L50, M|100/100
|-weather|RainDance|[from] ability: Drizzle|[of] p1a: Pelipper
|move|p2b: Garchomp|Protect|p2b: Garchomp
|-singleturn|p2b: Garchomp|Protect
|move|p1b: Ursaluna|Earth Power|p2a: Tyranitar
|-supereffective|p2a: Tyranitar
|-damage|p2a: Tyranitar|24/100
|-damage|p1b: Ursaluna|75/100|[from] item: Life Orb
|
|-weather|RainDance|[upkeep]
|-damage|p2b: Garchomp|45/100 brn|[from] brn
|-fieldend|move: Trick Room
|upkeep
|turn|6
|inactive|Coperr has 30 seconds left.
|
|t:|1757024980
|switch|p2a: Gholdengo|Gholdengo, L50|100/100
|-terastallize|p1b: Ursaluna|Normal
|move|p2b: Garchomp|Dragon Claw|p1b: Ursaluna
|-damage|p1b: Ursaluna|57/100
|move|p1a: Pelipper|Tailwind|p1a: Pelipper
|-sidestart|p1: Coperr|move: Tailwind
|move|p1b: Ursaluna|Earth Power|p2a: Gholdengo
|-supereffective|p2a: Gholdengo
|-damage|p2a: Gholdengo|0 fnt
|faint|p2a: Gholdengo
|-damage|p1b: Ursaluna|47/100|[from] item: Life Orb
|
|-weather|RainDance|[upkeep]
|-damage|p2b: Garchomp|39/100 brn|[from] brn
|upkeep
|
|t:|1757024994
|switch|p2a: Tyranitar|Tyranitar, L50, F|24/100
|-weather|Sandstorm|[from] ability: Sand Stream|[of] p2a: Tyranitar
|turn|7
|
|t:|1757025017
|move|p1b: Ursaluna|Protect|p1b: Ursaluna
|-singleturn|p1b: Ursaluna|Protect
|move|p1a: Pelipper|U-turn|p2b: Garchomp
|-damage|p2b: Garchomp|30/100 brn
|
|t:|1757025025
|switch|p1a: Mimikyu|Mimikyu-Busted, L50, M|60/100|[from] U-turn
|move|p2b: Garchomp|Earthquake|p1b: Ursaluna|[spread] p2a,p1a
|-activate|p1b: Ursaluna|move: Protect
|-supereffective|p2a: Tyranitar
|-crit|p2a: Tyranitar
|-damage|p2a: Tyranitar|0 fnt
|-damage|p1a: Mimikyu|30/100
|faint|p2a: Tyranitar
|
|-weather|Sandstorm|[upkeep]
|-damage|p1a: Mimikyu|24/100|[from] Sandstorm
|-damage|p1b: Ursaluna|41/100|[from] Sandstorm
|-damage|p2b: Garchomp|24/100 brn|[from] brn
|upkeep
|
|t:|1757025031
|switch|p2a: Incineroar|Incineroar, L50, F|100/100
|-ability|p2a: Incineroar|Intimidate|boost
|-unboost|p1a: Mimikyu|atk|1
|-unboost|p1b: Ursaluna|atk|1
|turn|8
|
|t:|1757025049
|switch|p1a: Pelipper|Pelipper, L50, M|100/100
|-weather|RainDance|[from] ability: Drizzle|[of] p1a: Pelipper
|move|p1b: Ursaluna|Hyper Voice|p2a: Incineroar|[spread] p2a,p2b
|-damage|p2a: Incineroar|40/100
|-damage|p2b: Garchomp|0 fnt
|faint|p2b: Garchomp
|-damage|p1b: Ursaluna|32/100|[from] item: Life Orb
|move|p2a: Incineroar|Flare Blitz|p1a: Pelipper
|-resisted|p1a: Pelipper
|-damage|p1a: Pelipper|87/100
|-damage|p2a: Incineroar|37/100|[from] Recoil
|
|-weather|RainDance|[upkeep]
|upkeep
|turn|9
|c|☆CalliopeOKBH|//forfeit
|inactive|CalliopeOKBH has 30 seconds left.
|-message|CalliopeOKBH forfeited.
|
|win|Coperr
