|j|☆Jakobtc
|j|☆2lico
|html|Jakobtc2lico    
|uhtml|bestof|Game 3 of a best-of-3
|t:|1756756452
|gametype|doubles
|player|p1|Jakobtc|riley|1194
|player|p2|2lico|mrstone|1306
|gen|9
|tier|[Gen 9] VGC 2025 Reg H (Bo3)
|rated|
|rule|Species Clause: Limit one of each Pokémon
|rule|Item Clause: Limit 1 of each item
|clearpoke
|poke|p1|Gholdengo, L50|
|poke|p1|Incineroar, L50, M|
|poke|p1|Ursaluna, L50, M|
|poke|p1|Porygon2, L50|
|poke|p1|Kilowattrel, L50, M|
|poke|p1|Sneasler, L50, F|
|poke|p2|Excadrill, L50, M|
|poke|p2|Tyranitar, L50, F|
|poke|p2|Sneasler, L50, F|
|poke|p2|Indeedee, L50, M|
|poke|p2|Corviknight, L50, M|
|poke|p2|Annihilape, L50, M|
|teampreview|4
|showteam|p1|Gholdengo||LifeOrb|GoodasGold|MakeItRain,ShadowBall,NastyPlot,Protect||||||50|,,,,,Dragon]Incineroar||SafetyGoggles|Intimidate|FakeOut,FlareBlitz,KnockOff,PartingShot|||M|||50|,,,,,Bug]Ursaluna||FlameOrb|Guts|Facade,HeadlongRush,Earthquake,Protect|||M|||50|,,,,,Ghost]Porygon2||Eviolite|Download|TeraBlast,IceBeam,Recover,TrickRoom||||||50|,,,,,Flying]Kilowattrel||FocusSash|Competitive|AirSlash,Thunderbolt,Tailwind,Protect|||M|||50|,,,,,Ghost]Sneasler||WhiteHerb|Unburden|DireClaw,CloseCombat,Taunt,Protect|||F|||50|,,,,,Stellar
|showteam|p2|Excadrill||FocusSash|SandRush|IronHead,HighHorsepower,Earthquake,Protect|||M|||50|,,,,,Stellar]Tyranitar||AssaultVest|SandStream|RockSlide,KnockOff,TeraBlast,LowKick|||F|||50|,,,,,Flying]Sneasler||PsychicSeed|Unburden|DireClaw,CloseCombat,ThroatChop,Protect|||F|||50|,,,,,Dark]Indeedee||ChoiceScarf|PsychicSurge|ExpandingForce,TeraBlast,Protect,Trick|||M|||50|,,,,,Psychic]Corviknight||Leftovers|MirrorArmor|BraveBird,BulkUp,Roost,Tailwind|||M|||50|,,,,,Dragon]Annihilape||SafetyGoggles|Defiant|CloseCombat,FinalGambit,RageFist,Taunt|||M|||50|,,,,,Water
|inactive|Battle timer is ON: inactive players will automatically lose when time's up. (requested by Jakobtc)
|
|t:|1756756471
|teamsize|p1|4
|teamsize|p2|4
|start
|switch|p1a: Kilowattrel|Kilowattrel, L50, M|100/100
|switch|p1b: Gholdengo|Gholdengo, L50|100/100
|switch|p2a: Annihilape|Annihilape, L50, M|100/100
|switch|p2b: Tyranitar|Tyranitar, L50, F, shiny|100/100
|-weather|Sandstorm|[from] ability: Sand Stream|[of] p2b: Tyranitar
|turn|1
|inactive|Jakobtc has 30 seconds left.
|inactive|Jakobtc has 20 seconds left.
|inactive|Jakobtc has 15 seconds left.
|inactive|Jakobtc has 10 seconds left.
|inactive|Jakobtc has 5 seconds left.
|
|t:|1756756521
|move|p1a: Kilowattrel|Thunderbolt|p2a: Annihilape
|-damage|p2a: Annihilape|61/100
|move|p2a: Annihilape|Taunt|p1a: Kilowattrel
|-start|p1a: Kilowattrel|move: Taunt
|move|p1b: Gholdengo|Make It Rain|p2a: Annihilape|[spread] p2a,p2b
|-supereffective|p2b: Tyranitar
|-damage|p2a: Annihilape|3/100
|-damage|p2b: Tyranitar|47/100
|-unboost|p1b: Gholdengo|spa|1
|-damage|p1b: Gholdengo|91/100|[from] item: Life Orb
|move|p2b: Tyranitar|Knock Off|p1b: Gholdengo
|-supereffective|p1b: Gholdengo
|-damage|p1b: Gholdengo|0 fnt
|-enditem|p1b: Gholdengo|Life Orb|[from] move: Knock Off|[of] p2b: Tyranitar
|faint|p1b: Gholdengo
|
|-weather|Sandstorm|[upkeep]
|-damage|p1a: Kilowattrel|94/100|[from] Sandstorm
|upkeep
|inactive|Jakobtc has 30 seconds left.
|
|t:|1756756547
|switch|p1b: Sneasler|Sneasler, L50, F|100/100
|turn|2
|
|t:|1756756566
|switch|p1b: Incineroar|Incineroar, L50, M|100/100
|-ability|p1b: Incineroar|Intimidate|boost
|-unboost|p2a: Annihilape|atk|1
|-ability|p2a: Annihilape|Defiant|boost
|-boost|p2a: Annihilape|atk|2
|-unboost|p2b: Tyranitar|atk|1
|switch|p2a: Corviknight|Corviknight, L50, M|100/100
|switch|p2b: Excadrill|Excadrill, L50, M, shiny|100/100
|move|p1a: Kilowattrel|Air Slash|p2a: Corviknight
|-resisted|p2a: Corviknight
|-damage|p2a: Corviknight|84/100
|
|-weather|Sandstorm|[upkeep]
|-damage|p1a: Kilowattrel|88/100|[from] Sandstorm
|-heal|p2a: Corviknight|90/100|[from] item: Leftovers
|upkeep
|turn|3
|inactive|Jakobtc has 30 seconds left.
|inactive|2lico has 30 seconds left.
|
|t:|1756756599
|move|p2b: Excadrill|Earthquake|p1a: Kilowattrel|[spread] p1b
|-immune|p2a: Corviknight
|-immune|p1a: Kilowattrel
|-supereffective|p1b: Incineroar
|-damage|p1b: Incineroar|22/100
|move|p1a: Kilowattrel|Thunderbolt|p2a: Corviknight
|-supereffective|p2a: Corviknight
|-damage|p2a: Corviknight|19/100
|move|p2a: Corviknight|Tailwind|p2a: Corviknight
|-sidestart|p2: 2lico|move: Tailwind
|move|p1b: Incineroar|Flare Blitz|p2a: Corviknight
|-supereffective|p2a: Corviknight
|-damage|p2a: Corviknight|0 fnt
|faint|p2a: Corviknight
|-damage|p1b: Incineroar|16/100|[from] Recoil
|
|-weather|Sandstorm|[upkeep]
|-damage|p1a: Kilowattrel|82/100|[from] Sandstorm
|upkeep
|
|t:|1756756612
|switch|p2a: Tyranitar|Tyranitar, L50, F, shiny|47/100
|turn|4
|
|t:|1756756634
|switch|p1b: Sneasler|Sneasler, L50, F|100/100
|-terastallize|p1a: Kilowattrel|Ghost
|move|p2b: Excadrill|Iron Head|p1a: Kilowattrel
|-damage|p1a: Kilowattrel|0 fnt
|faint|p1a: Kilowattrel
|move|p2a: Tyranitar|Rock Slide|p1b: Sneasler|[miss]
|-miss|p2a: Tyranitar|p1b: Sneasler
|
|-weather|Sandstorm|[upkeep]
|-damage|p1b: Sneasler|94/100|[from] Sandstorm
|upkeep
|
|t:|1756756645
|switch|p1a: Incineroar|Incineroar, L50, M|16/100
|-ability|p1a: Incineroar|Intimidate|boost
|-unboost|p2a: Tyranitar|atk|1
|-unboost|p2b: Excadrill|atk|1
|turn|5
|inactive|Jakobtc has 30 seconds left.
|
|t:|1756756674
|switch|p2a: Annihilape|Annihilape, L50, M|3/100
|move|p2b: Excadrill|Protect|p2b: Excadrill
|-singleturn|p2b: Excadrill|Protect
|move|p1a: Incineroar|Fake Out|p2b: Excadrill
|-activate|p2b: Excadrill|move: Protect
|move|p1b: Sneasler|Dire Claw|p2a: Annihilape
|-resisted|p2a: Annihilape
|-damage|p2a: Annihilape|0 fnt
|faint|p2a: Annihilape
|
|-weather|none
|upkeep
|
|t:|1756756682
|switch|p2a: Tyranitar|Tyranitar, L50, F, shiny|47/100
|-weather|Sandstorm|[from] ability: Sand Stream|[of] p2a: Tyranitar
|turn|6
|
|t:|1756756695
|-terastallize|p2a: Tyranitar|Flying
|move|p1b: Sneasler|Protect|p1b: Sneasler
|-singleturn|p1b: Sneasler|Protect
|move|p2b: Excadrill|Earthquake|p1a: Incineroar|[spread] p1a
|-activate|p1b: Sneasler|move: Protect
|-immune|p2a: Tyranitar
|-supereffective|p1a: Incineroar
|-damage|p1a: Incineroar|0 fnt
|faint|p1a: Incineroar
|move|p2a: Tyranitar|Tera Blast|p1b: Sneasler|[anim] Tera Blast Flying
|-activate|p1b: Sneasler|move: Protect
|
|-weather|Sandstorm|[upkeep]
|-damage|p2a: Tyranitar|42/100|[from] Sandstorm
|-damage|p1b: Sneasler|88/100|[from] Sandstorm
|-sideend|p2: 2lico|move: Tailwind
|upkeep
|turn|7
|
|t:|1756756709
|move|p2b: Excadrill|Earthquake|p1b: Sneasler|[spread] p1b
|-immune|p2a: Tyranitar
|-supereffective|p1b: Sneasler
|-damage|p1b: Sneasler|11/100
|move|p1b: Sneasler|Dire Claw|p2a: Tyranitar
|-damage|p2a: Tyranitar|3/100
|move|p2a: Tyranitar|Tera Blast|p1b: Sneasler|[anim] Tera Blast Flying
|-supereffective|p1b: Sneasler
|-damage|p1b: Sneasler|0 fnt
|faint|p1b: Sneasler
|
|win|2lico
|raw|Jakobtc's rating: 1194 → 1177(-17 for losing)
|raw|2lico's rating: 1306 → 1320(+14 for winning)
