|j|☆ufhednarvgc
|j|☆Talos2BA.G.
|html|ufhednarvgcTalos2BA.G.    
|uhtml|bestof|Game 1 of a best-of-3
|t:|1786044818
|gametype|doubles
|player|p1|ufhednarvgc|lance|1150
|player|p2|Talos2BA.G.|miku-water|1152
|gen|9
|tier|[Gen 9 Champions] VGC 2026 Reg M-B (Bo3)
|rated|
|rule|Species Clause: Limit one of each Pokémon
|rule|Item Clause: Limit 1 of each item
|clearpoke
|poke|p1|Arcanine-Hisui, L50, F|
|poke|p1|Kingambit, L50, F|
|poke|p1|Raichu, L50, M|
|poke|p1|Farigiraf, L50, M|
|poke|p1|Sylveon, L50, F|
|poke|p1|Staraptor, L50, M|
|poke|p2|Gengar, L50, M|
|poke|p2|Archaludon, L50, M|
|poke|p2|Politoed, L50, F|
|poke|p2|Swampert, L50, M|
|poke|p2|Vivillon-Fancy, L50, M|
|poke|p2|Incineroar, L50, F|
|teampreview|4
|showteam|p1|Arcanine-Hisui||FocusSash|RockHead|FlareBlitz,HeadSmash,ExtremeSpeed,Protect|Jolly||F|||50|]Kingambit||LifeOrb|Defiant|KowtowCleave,SuckerPunch,SwordsDance,Protect|Adamant||F|||50|]Raichu||RaichuniteY|LightningRod|ZapCannon,FocusBlast,FakeOut,Protect|Timid||M|||50|]Farigiraf||SitrusBerry|ArmorTail|Psychic,HelpingHand,TrickRoom,Protect|Modest||M|||50|]Sylveon||FairyFeather|Pixilate|HyperVoice,HyperBeam,QuickAttack,Detect|Modest||F|||50|]Staraptor||Staraptite|Intimidate|CloseCombat,DualWingbeat,Roost,Protect|Jolly||M|||50|
|showteam|p2|Gengar||Gengarite|CursedBody|ShadowBall,SludgeBomb,PerishSong,Protect|Modest||M|||50|]Archaludon||Leftovers|Stamina|ElectroShot,DragonPulse,FlashCannon,Protect|Bold||M|||50|]Politoed||SitrusBerry|Drizzle|WeatherBall,Encore,PerishSong,Protect|Calm||F|||50|]Swampert||Swampertite|Torrent|WaveCrash,Earthquake,IcePunch,Protect|Adamant||M|||50|]Vivillon-Fancy||FocusSash|CompoundEyes|Hurricane,SleepPowder,RagePowder,Protect|Timid||M|||50|]Incineroar||PasshoBerry|Intimidate|ThroatChop,FakeOut,PartingShot,Protect|Impish||F|||50|
|
|t:|1786044845
|teamsize|p1|4
|teamsize|p2|4
|start
|switch|p1a: Raichu|Raichu, L50, M|100/100
|switch|p1b: Kingambit|Kingambit, L50, F|100/100
|switch|p2a: Politoed|Politoed, L50, F|100/100
|switch|p2b: Swampert|Swampert, L50, M|100/100
|-weather|RainDance|[from] ability: Drizzle|[of] p2a: Politoed
|turn|1
|
|t:|1786044858
|detailschange|p1a: Raichu|Raichu-Mega-Y, L50, M
|-mega|p1a: Raichu|Raichu|Raichunite Y
|detailschange|p2b: Swampert|Swampert-Mega, L50, M
|-mega|p2b: Swampert|Swampert|Swampertite
|move|p1a: Raichu|Fake Out|p2b: Swampert
|-damage|p2b: Swampert|92/100
|cant|p2b: Swampert|flinch
|move|p2a: Politoed|Weather Ball|p1b: Kingambit
|-damage|p1b: Kingambit|53/100
|move|p1b: Kingambit|Swords Dance|p1b: Kingambit
|-boost|p1b: Kingambit|atk|2
|
|-weather|RainDance|[upkeep]
|upkeep
|turn|2
|
|t:|1786044885
|switch|p1a: Farigiraf|Farigiraf, L50, M|100/100
|move|p2b: Swampert|Protect|p2b: Swampert
|-singleturn|p2b: Swampert|Protect
|move|p1b: Kingambit|Protect|p1b: Kingambit
|-singleturn|p1b: Kingambit|Protect
|move|p2a: Politoed|Encore|p1b: Kingambit
|-activate|p1b: Kingambit|move: Protect
|
|-weather|RainDance|[upkeep]
|upkeep
|turn|3
|
|t:|1786044897
|switch|p2b: Vivillon|Vivillon-Fancy, L50, M|100/100
|move|p1a: Farigiraf|Helping Hand|p1b: Kingambit
|-singleturn|p1b: Kingambit|Helping Hand|[of] p1a: Farigiraf
|move|p1b: Kingambit|Sucker Punch||[still]
|-fail|p1b: Kingambit
|move|p2a: Politoed|Encore|p1b: Kingambit
|-start|p1b: Kingambit|Encore
|
|-weather|RainDance|[upkeep]
|upkeep
|turn|4
|
|t:|1786044920
|move|p1b: Kingambit|Sucker Punch||[still]
|-fail|p1b: Kingambit
|move|p2b: Vivillon|Sleep Powder|p1b: Kingambit
|-status|p1b: Kingambit|slp|[from] move: Sleep Powder
|move|p2a: Politoed|Encore|p1a: Farigiraf
|-start|p1a: Farigiraf|Encore
|move|p1a: Farigiraf|Helping Hand||[still]
|-fail|p1a: Farigiraf
|
|-weather|RainDance|[upkeep]
|upkeep
|turn|5
|
|t:|1786044932
|switch|p2a: Swampert|Swampert-Mega, L50, M|92/100
|switch|p1a: Raichu|Raichu-Mega-Y, L50, M|100/100
|switch|p1b: Sylveon|Sylveon, L50, F|100/100
|move|p2b: Vivillon|Hurricane|p1a: Raichu
|-resisted|p1a: Raichu|1
|-damage|p1a: Raichu|73/100
|
|-weather|none
|upkeep
|turn|6
|
|t:|1786044947
|switch|p2b: Politoed|Politoed, L50, F|100/100
|-weather|RainDance|[from] ability: Drizzle|[of] p2b: Politoed
|move|p1a: Raichu|Fake Out|p2a: Swampert
|-damage|p2a: Swampert|84/100
|cant|p2a: Swampert|flinch
|move|p1b: Sylveon|Hyper Voice|p2b: Politoed|[spread] p2a,p2b
|-damage|p2a: Swampert|37/100
|-damage|p2b: Politoed|63/100
|
|-weather|RainDance|[upkeep]
|upkeep
|turn|7
|
|t:|1786044972
|switch|p2b: Vivillon|Vivillon-Fancy, L50, M|100/100
|move|p1a: Raichu|Protect|p1a: Raichu
|-singleturn|p1a: Raichu|Protect
|move|p2a: Swampert|Earthquake|p1a: Raichu|[spread] p1b
|-activate|p1a: Raichu|move: Protect
|-immune|p2b: Vivillon
|-damage|p1b: Sylveon|47/100
|move|p1b: Sylveon|Hyper Voice|p2b: Vivillon|[spread] p2a,p2b
|-damage|p2a: Swampert|0 fnt
|-damage|p2b: Vivillon|10/100
|faint|p2a: Swampert
|
|-weather|RainDance|[upkeep]
|upkeep
|
|t:|1786044981
|switch|p2a: Archaludon|Archaludon, L50, M|100/100
|turn|8
|
|t:|1786044991
|move|p2b: Vivillon|Protect|p2b: Vivillon
|-singleturn|p2b: Vivillon|Protect
|move|p1a: Raichu|Zap Cannon|p2b: Vivillon
|-activate|p2b: Vivillon|move: Protect
|move|p2a: Archaludon|Flash Cannon|p1b: Sylveon
|-supereffective|p1b: Sylveon|1
|-damage|p1b: Sylveon|0 fnt
|faint|p1b: Sylveon
|
|-weather|RainDance|[upkeep]
|upkeep
|
|t:|1786045004
|switch|p1b: Farigiraf|Farigiraf, L50, M|100/100
|turn|9
|
|t:|1786045021
|move|p1b: Farigiraf|Protect|p1b: Farigiraf
|-singleturn|p1b: Farigiraf|Protect
|move|p2b: Vivillon|Rage Powder|p2b: Vivillon
|-singleturn|p2b: Vivillon|move: Rage Powder
|move|p1a: Raichu|Zap Cannon|p2b: Vivillon
|-supereffective|p2b: Vivillon|1
|-damage|p2b: Vivillon|0 fnt
|faint|p2b: Vivillon
|move|p2a: Archaludon|Electro Shot||[still]
|-prepare|p2a: Archaludon|Electro Shot
|-boost|p2a: Archaludon|spa|1
|-anim|p2a: Archaludon|Electro Shot|p1b: Farigiraf
|-activate|p1b: Farigiraf|move: Protect
|
|-weather|RainDance|[upkeep]
|upkeep
|
|t:|1786045026
|switch|p2b: Politoed|Politoed, L50, F|63/100
|turn|10
|inactive|Battle timer is ON: inactive players will automatically lose when time's up. (requested by Talos2BA.G.)
|
|t:|1786045086
|move|p1b: Farigiraf|Helping Hand|p1a: Raichu
|-singleturn|p1a: Raichu|Helping Hand|[of] p1b: Farigiraf
|move|p2b: Politoed|Protect|p2b: Politoed
|-singleturn|p2b: Politoed|Protect
|move|p1a: Raichu|Focus Blast|p2a: Archaludon
|-supereffective|p2a: Archaludon|1
|-damage|p2a: Archaludon|0 fnt
|faint|p2a: Archaludon
|
|-weather|none
|upkeep
|turn|11
|-message|Talos2BA.G. forfeited.
|
|win|ufhednarvgc
|l|☆Talos2BA.G.
|player|p2|
||Talos2BA.G. is ready for game 2.
||ufhednarvgc is ready for game 2.
|uhtml|next|Next: Game 2 of 3
