|j|☆treinadorzard
|j|☆Pikapoololol
|html|treinadorzardPikapoololol    
|uhtml|bestof|Game 2 of a best-of-3
|t:|1757822827
|gametype|doubles
|player|p1|treinadorzard|169|1283
|player|p2|Pikapoololol|ninjaboy|1254
|gen|9
|tier|[Gen 9] VGC 2025 Reg H (Bo3)
|rated|
|rule|Species Clause: Limit one of each Pokémon
|rule|Item Clause: Limit 1 of each item
|clearpoke
|poke|p1|Ribombee, L50, M|
|poke|p1|Kingambit, L50, F|
|poke|p1|Dragonite, L50, M|
|poke|p1|Incineroar, L50, F|
|poke|p1|Garchomp, L50, M|
|poke|p1|Archaludon, L50, M|
|poke|p2|Pelipper, L50, F|
|poke|p2|Archaludon, L50, F|
|poke|p2|Incineroar, L50, F|
|poke|p2|Kingdra, L50, M|
|poke|p2|Amoonguss, L50, M|
|poke|p2|Rillaboom, L50, M|
|teampreview|4
|showteam|p1|Ribombee||ChoiceSpecs|ShieldDust|Tailwind,Switcheroo,DazzlingGleam,Moonblast|||M|||50|,,,,,Ghost]Kingambit||AssaultVest|Defiant|KowtowCleave,SuckerPunch,IronHead,LowKick|||F|||50|,,,,,Dark]Dragonite||CovertCloak|Multiscale|TeraBlast,IceSpinner,ExtremeSpeed,Protect|||M|||50|,,,,,Flying]Incineroar||SafetyGoggles|Intimidate|FlareBlitz,KnockOff,PartingShot,FakeOut|||F|||50|,,,,,Ghost]Garchomp||ChoiceBand|RoughSkin|StompingTantrum,Earthquake,RockSlide,DragonClaw|||M|||50|,,,,,Steel]Archaludon||PowerHerb|Sturdy|ElectroShot,DracoMeteor,Protect,FlashCannon|||M|||50|,,,,,Stellar
|showteam|p2|Pelipper||FocusSash|Drizzle|Hurricane,WeatherBall,Tailwind,Protect|||F|||50|,,,,,Ground]Archaludon||AssaultVest|Stamina|ElectroShot,DragonPulse,FlashCannon,BodyPress|||F|||50|,,,,,Bug]Incineroar||SafetyGoggles|Intimidate|FlareBlitz,KnockOff,PartingShot,FakeOut|||F|||50|,,,,,Ghost]Kingdra||LifeOrb|SwiftSwim|DracoMeteor,WeatherBall,Protect,MuddyWater|||M|||50|,,,,,Stellar]Amoonguss||SitrusBerry|Regenerator|PollenPuff,Protect,RagePowder,Spore|||M|||50|,,,,,Psychic]Rillaboom||LoadedDice|GrassySurge|BulletSeed,GrassyGlide,HighHorsepower,FakeOut|||M|||50|,,,,,Fire
|inactive|Battle timer is ON: inactive players will automatically lose when time's up. (requested by treinadorzard)
|
|t:|1757822886
|teamsize|p1|4
|teamsize|p2|4
|start
|switch|p1a: Ribombee|Ribombee, L50, M|100/100
|switch|p1b: Dragonite|Dragonite, L50, M|100/100
|switch|p2a: Archaludon|Archaludon, L50, F|100/100
|switch|p2b: Rillaboom|Rillaboom, L50, M|100/100
|-fieldstart|move: Grassy Terrain|[from] ability: Grassy Surge|[of] p2b: Rillaboom
|turn|1
|inactive|treinadorzard has 30 seconds left.
|inactive|Pikapoololol has 30 seconds left.
|
|t:|1757822920
|switch|p2b: Pelipper|Pelipper, L50, F|100/100
|-weather|RainDance|[from] ability: Drizzle|[of] p2b: Pelipper
|-terastallize|p1b: Dragonite|Flying
|move|p1a: Ribombee|Switcheroo|p2a: Archaludon
|-activate|p1a: Ribombee|move: Trick|[of] p2a: Archaludon
|-item|p2a: Archaludon|Choice Specs|[from] move: Switcheroo
|-item|p1a: Ribombee|Assault Vest|[from] move: Switcheroo
|move|p2a: Archaludon|Electro Shot||[still]
|-prepare|p2a: Archaludon|Electro Shot
|-boost|p2a: Archaludon|spa|1
|-anim|p2a: Archaludon|Electro Shot|p1b: Dragonite
|-supereffective|p1b: Dragonite
|-damage|p1b: Dragonite|9/100
|move|p1b: Dragonite|Tera Blast|p2b: Pelipper|[anim] Tera Blast Flying
|-damage|p2b: Pelipper|17/100
|
|-weather|RainDance|[upkeep]
|upkeep
|turn|2
|inactive|treinadorzard has 30 seconds left.
|inactive|Pikapoololol has 30 seconds left.
|
|t:|1757822951
|move|p2b: Pelipper|Protect|p2b: Pelipper
|-singleturn|p2b: Pelipper|Protect
|move|p1b: Dragonite|Protect|p1b: Dragonite
|-singleturn|p1b: Dragonite|Protect
|move|p1a: Ribombee|Dazzling Gleam|p2a: Archaludon|[spread] p2a
|-activate|p2b: Pelipper|move: Protect
|-damage|p2a: Archaludon|75/100
|-ability|p2a: Archaludon|Stamina|boost
|-boost|p2a: Archaludon|def|1
|move|p2a: Archaludon|Electro Shot||[still]
|-prepare|p2a: Archaludon|Electro Shot
|-boost|p2a: Archaludon|spa|1
|-anim|p2a: Archaludon|Electro Shot|p1b: Dragonite
|-activate|p1b: Dragonite|move: Protect
|
|-weather|RainDance|[upkeep]
|-heal|p2a: Archaludon|81/100|[from] Grassy Terrain
|upkeep
|turn|3
|inactive|treinadorzard has 30 seconds left.
|inactive|Pikapoololol has 30 seconds left.
|
|t:|1757822978
|switch|p2b: Amoonguss|Amoonguss, L50, M|100/100
|move|p1b: Dragonite|Extreme Speed|p2b: Amoonguss
|-damage|p2b: Amoonguss|72/100
|move|p1a: Ribombee|Moonblast|p2a: Archaludon
|-damage|p2a: Archaludon|37/100
|-unboost|p2a: Archaludon|spa|1
|-ability|p2a: Archaludon|Stamina|boost
|-boost|p2a: Archaludon|def|1
|move|p2a: Archaludon|Electro Shot||[still]
|-prepare|p2a: Archaludon|Electro Shot
|-boost|p2a: Archaludon|spa|1
|-anim|p2a: Archaludon|Electro Shot|p1b: Dragonite
|-supereffective|p1b: Dragonite
|-damage|p1b: Dragonite|0 fnt
|faint|p1b: Dragonite
|
|-weather|RainDance|[upkeep]
|-heal|p2a: Archaludon|43/100|[from] Grassy Terrain
|-heal|p2b: Amoonguss|78/100|[from] Grassy Terrain
|upkeep
|
|t:|1757823001
|switch|p1b: Archaludon|Archaludon, L50, M|100/100
|turn|4
|
|t:|1757823016
|move|p2b: Amoonguss|Rage Powder|p2b: Amoonguss
|-singleturn|p2b: Amoonguss|move: Rage Powder
|move|p1a: Ribombee|Dazzling Gleam|p2b: Amoonguss|[spread] p2a,p2b
|-resisted|p2b: Amoonguss
|-damage|p2a: Archaludon|17/100
|-damage|p2b: Amoonguss|69/100
|-ability|p2a: Archaludon|Stamina|boost
|-boost|p2a: Archaludon|def|1
|move|p1b: Archaludon|Electro Shot||[still]
|-prepare|p1b: Archaludon|Electro Shot
|-boost|p1b: Archaludon|spa|1
|-anim|p1b: Archaludon|Electro Shot|p2b: Amoonguss
|-resisted|p2b: Amoonguss
|-damage|p2b: Amoonguss|45/100
|-enditem|p2b: Amoonguss|Sitrus Berry|[eat]
|-heal|p2b: Amoonguss|70/100|[from] item: Sitrus Berry
|move|p2a: Archaludon|Electro Shot||[still]
|-prepare|p2a: Archaludon|Electro Shot
|-boost|p2a: Archaludon|spa|1
|-anim|p2a: Archaludon|Electro Shot|p1a: Ribombee
|-damage|p1a: Ribombee|0 fnt
|faint|p1a: Ribombee
|
|-weather|RainDance|[upkeep]
|-heal|p2a: Archaludon|23/100|[from] Grassy Terrain
|-heal|p2b: Amoonguss|76/100|[from] Grassy Terrain
|upkeep
|
|t:|1757823036
|switch|p1a: Incineroar|Incineroar, L50, F, shiny|100/100
|-ability|p1a: Incineroar|Intimidate|boost
|-unboost|p2a: Archaludon|atk|1
|-unboost|p2b: Amoonguss|atk|1
|turn|5
|inactive|Pikapoololol has 30 seconds left.
|
|t:|1757823064
|switch|p2a: Pelipper|Pelipper, L50, F|17/100
|move|p2b: Amoonguss|Protect|p2b: Amoonguss
|-singleturn|p2b: Amoonguss|Protect
|move|p1a: Incineroar|Fake Out|p2b: Amoonguss
|-activate|p2b: Amoonguss|move: Protect
|move|p1b: Archaludon|Electro Shot||[still]
|-prepare|p1b: Archaludon|Electro Shot
|-boost|p1b: Archaludon|spa|1
|-anim|p1b: Archaludon|Electro Shot|p2a: Pelipper
|-supereffective|p2a: Pelipper
|-damage|p2a: Pelipper|0 fnt
|faint|p2a: Pelipper
|
|-weather|none
|-heal|p2b: Amoonguss|82/100|[from] Grassy Terrain
|-fieldend|move: Grassy Terrain
|upkeep
|
|t:|1757823077
|switch|p2a: Rillaboom|Rillaboom, L50, M|100/100
|-fieldstart|move: Grassy Terrain|[from] ability: Grassy Surge|[of] p2a: Rillaboom
|turn|6
|
|t:|1757823092
|-terastallize|p2a: Rillaboom|Fire
|move|p1b: Archaludon|Protect|p1b: Archaludon
|-singleturn|p1b: Archaludon|Protect
|move|p2a: Rillaboom|Fake Out|p1a: Incineroar
|-damage|p1a: Incineroar|89/100
|cant|p1a: Incineroar|flinch
|move|p2b: Amoonguss|Spore|p1b: Archaludon
|-activate|p1b: Archaludon|move: Protect
|
|-heal|p1a: Incineroar|95/100|[from] Grassy Terrain
|-heal|p2b: Amoonguss|88/100|[from] Grassy Terrain
|upkeep
|turn|7
|
|t:|1757823105
|move|p1b: Archaludon|Electro Shot||[still]
|-prepare|p1b: Archaludon|Electro Shot
|-boost|p1b: Archaludon|spa|1
|-enditem|p1b: Archaludon|Power Herb
|-anim|p1b: Archaludon|Electro Shot|p2b: Amoonguss
|-resisted|p2b: Amoonguss
|-damage|p2b: Amoonguss|50/100
|move|p2a: Rillaboom|High Horsepower|p1a: Incineroar
|-supereffective|p1a: Incineroar
|-damage|p1a: Incineroar|37/100
|move|p1a: Incineroar|Flare Blitz|p2b: Amoonguss
|-supereffective|p2b: Amoonguss
|-damage|p2b: Amoonguss|0 fnt
|faint|p2b: Amoonguss
|-damage|p1a: Incineroar|19/100|[from] Recoil
|
|-heal|p1a: Incineroar|25/100|[from] Grassy Terrain
|upkeep
|
|t:|1757823115
|switch|p2b: Archaludon|Archaludon, L50, F|23/100
|turn|8
|
|t:|1757823125
|move|p1b: Archaludon|Draco Meteor|p2b: Archaludon
|-damage|p2b: Archaludon|0 fnt
|-unboost|p1b: Archaludon|spa|2
|faint|p2b: Archaludon
|move|p2a: Rillaboom|High Horsepower|p1b: Archaludon
|-supereffective|p1b: Archaludon
|-damage|p1b: Archaludon|45/100
|move|p1a: Incineroar|Knock Off|p2a: Rillaboom
|-damage|p2a: Rillaboom|63/100
|-enditem|p2a: Rillaboom|Loaded Dice|[from] move: Knock Off|[of] p1a: Incineroar
|
|-heal|p1b: Archaludon|51/100|[from] Grassy Terrain
|-heal|p2a: Rillaboom|68/100|[from] Grassy Terrain
|-heal|p1a: Incineroar|31/100|[from] Grassy Terrain
|upkeep
|turn|9
|
|t:|1757823142
|move|p1b: Archaludon|Draco Meteor|p2a: Rillaboom
|-damage|p2a: Rillaboom|0 fnt
|-unboost|p1b: Archaludon|spa|2
|faint|p2a: Rillaboom
|
|win|treinadorzard
|raw|treinadorzard's rating: 1283 → 1306(+23 for winning)
|raw|Pikapoololol's rating: 1254 → 1231(-23 for losing)
