|j|☆Lewdeon
|j|☆ironpiggie229
|html|Lewdeonironpiggie229    
|uhtml|bestof|Game 1 of a best-of-3
|t:|1784341210
|gametype|doubles
|player|p1|Lewdeon|102|
|player|p2|ironpiggie229|2|
|gen|9
|tier|[Gen 9 Champions] VGC 2026 Reg M-B (Bo3)
|rule|Species Clause: Limit one of each Pokémon
|rule|Item Clause: Limit 1 of each item
|clearpoke
|poke|p1|Politoed, L50, M|
|poke|p1|Incineroar, L50, M|
|poke|p1|Snorlax, L50, F|
|poke|p1|Hawlucha, L50, M|
|poke|p1|Gengar, L50, F|
|poke|p1|Maushold-Four, L50|
|poke|p2|Typhlosion-Hisui, L50, M|
|poke|p2|Ninetales-Alola, L50, F|
|poke|p2|Lopunny, L50, M|
|poke|p2|Dragapult, L50, M|
|poke|p2|Lycanroc-Dusk, L50, F|
|poke|p2|Grimmsnarl, L50, M|
|teampreview|4
|showteam|p1|Politoed||SitrusBerry|Drizzle|Protect,MuddyWater,PerishSong,Encore|Calm||M|||50|]Incineroar||PasshoBerry|Intimidate|FakeOut,PartingShot,Protect,ThroatChop|Sassy||M|||50|]Snorlax||Leftovers|ThickFat|Protect,BodyPress,Stockpile,Fissure|Relaxed||F|||50|]Hawlucha||Hawluchanite|Limber|Detect,Entrainment,CloseCombat,BraveBird|Jolly||M|||50|]Gengar||Gengarite|CursedBody|Protect,ShadowBall,Disable,PerishSong|Timid||F|||50|]Maushold-Four||MentalHerb|FriendGuard|PopulationBomb,Taunt,FollowMe,Protect|Jolly|||||50|
|showteam|p2|Typhlosion-Hisui||Metronome|Frisk|Eruption,InfernalParade,CalmMind,Extrasensory|Timid||M|||50|]Ninetales-Alola||LightClay|SnowWarning|AuroraVeil,Moonblast,Blizzard,Protect|Timid||F|||50|]Lopunny||Lopunnite|CuteCharm|FakeOut,TripleAxel,ThunderPunch,CloseCombat|Jolly||M|||50|]Dragapult||FocusSash|Infiltrator|Thunderbolt,ShadowBall,Flamethrower,DracoMeteor|Timid||M|||50|]Lycanroc-Dusk||ExpertBelt|ToughClaws|Accelerock,ThunderFang,PsychicFangs,CloseCombat|Jolly||F|||50|]Grimmsnarl||Leftovers|Prankster|Taunt,SpiritBreak,Protect,FakeOut|Careful||M|||50|
|
|t:|1784341238
|teamsize|p1|4
|teamsize|p2|4
|start
|switch|p1a: Snorlax|Snorlax, L50, F|100/100
|switch|p1b: Incineroar|Incineroar, L50, M|100/100
|switch|p2a: Ninetales|Ninetales-Alola, L50, F|100/100
|switch|p2b: Typhlosion|Typhlosion-Hisui, L50, M|100/100
|-weather|Snowscape|[from] ability: Snow Warning|[of] p2a: Ninetales
|-item|p1a: Snorlax|Leftovers|[from] ability: Frisk|[of] p2b: Typhlosion
|-item|p1b: Incineroar|Passho Berry|[from] ability: Frisk|[of] p2b: Typhlosion
|-ability|p1b: Incineroar|Intimidate|boost
|-unboost|p2a: Ninetales|atk|1
|-unboost|p2b: Typhlosion|atk|1
|turn|1
|
|t:|1784341266
|move|p1b: Incineroar|Fake Out|p2a: Ninetales
|-damage|p2a: Ninetales|88/100
|cant|p2a: Ninetales|flinch
|move|p2b: Typhlosion|Calm Mind|p2b: Typhlosion
|-boost|p2b: Typhlosion|spa|1
|-boost|p2b: Typhlosion|spd|1
|move|p1a: Snorlax|Stockpile|p1a: Snorlax
|-start|p1a: Snorlax|stockpile1
|-boost|p1a: Snorlax|def|1
|-boost|p1a: Snorlax|spd|1
|
|-weather|Snowscape|[upkeep]
|upkeep
|turn|2
|
|t:|1784341281
|move|p1a: Snorlax|Protect|p1a: Snorlax
|-singleturn|p1a: Snorlax|Protect
|move|p2a: Ninetales|Aurora Veil|p2a: Ninetales
|-sidestart|p2: ironpiggie229|move: Aurora Veil
|move|p2b: Typhlosion|Eruption|p1b: Incineroar|[spread] p1b
|-activate|p1a: Snorlax|move: Protect
|-resisted|p1b: Incineroar|1
|-damage|p1b: Incineroar|67/100
|move|p1b: Incineroar|Parting Shot|p2b: Typhlosion
|-unboost|p2b: Typhlosion|atk|1
|-unboost|p2b: Typhlosion|spa|1
|
|t:|1784341292
|switch|p1b: Hawlucha|Hawlucha, L50, M|100/100|[from] Parting Shot
|
|-weather|Snowscape|[upkeep]
|upkeep
|turn|3
|
|t:|1784341317
|detailschange|p1b: Hawlucha|Hawlucha-Mega, L50, M
|-mega|p1b: Hawlucha|Hawlucha|Hawluchanite
|move|p1b: Hawlucha|Entrainment|p1a: Snorlax
|-ability|p1a: Snorlax|No Guard|Thick Fat|[from] move: Entrainment|[of] p1b: Hawlucha
|move|p2a: Ninetales|Blizzard|p1a: Snorlax|[spread] p1a,p1b
|-supereffective|p1b: Hawlucha|1
|-damage|p1a: Snorlax|87/100
|-damage|p1b: Hawlucha|34/100
|move|p2b: Typhlosion|Eruption|p1a: Snorlax|[spread] p1a,p1b
|-damage|p1a: Snorlax|61/100
|-damage|p1b: Hawlucha|0 fnt
|faint|p1b: Hawlucha
|move|p1a: Snorlax|Fissure|p2b: Typhlosion
|-damage|p2b: Typhlosion|0 fnt
|faint|p2b: Typhlosion
|-ohko
|
|-weather|Snowscape|[upkeep]
|-heal|p1a: Snorlax|67/100|[from] item: Leftovers
|upkeep
|
|t:|1784341348
|switch|p1b: Incineroar|Incineroar, L50, M|67/100
|switch|p2b: Lopunny|Lopunny, L50, M|100/100
|-ability|p1b: Incineroar|Intimidate|boost
|-unboost|p2a: Ninetales|atk|1
|-unboost|p2b: Lopunny|atk|1
|turn|4
|
|t:|1784341377
|detailschange|p2b: Lopunny|Lopunny-Mega, L50, M
|-mega|p2b: Lopunny|Lopunny|Lopunnite
|move|p1a: Snorlax|Protect|p1a: Snorlax
|-singleturn|p1a: Snorlax|Protect
|move|p2b: Lopunny|Fake Out|p1a: Snorlax
|-activate|p1a: Snorlax|move: Protect
|move|p1b: Incineroar|Fake Out|p2b: Lopunny
|-damage|p2b: Lopunny|90/100
|move|p2a: Ninetales|Moonblast|p1b: Incineroar
|-damage|p1b: Incineroar|40/100
|
|-weather|Snowscape|[upkeep]
|-heal|p1a: Snorlax|73/100|[from] item: Leftovers
|upkeep
|turn|5
|
|t:|1784341402
|switch|p1b: Maushold|Maushold-Four, L50|100/100
|move|p2b: Lopunny|Close Combat|p1a: Snorlax
|-supereffective|p1a: Snorlax|1
|-damage|p1a: Snorlax|47/100
|-unboost|p2b: Lopunny|def|1
|-unboost|p2b: Lopunny|spd|1
|move|p2a: Ninetales|Blizzard|p1b: Maushold|[spread] p1a,p1b
|-damage|p1a: Snorlax|38/100
|-damage|p1b: Maushold|61/100
|move|p1a: Snorlax|Fissure|p2b: Lopunny
|-damage|p2b: Lopunny|0 fnt
|faint|p2b: Lopunny
|-ohko
|
|-weather|none
|-heal|p1a: Snorlax|44/100|[from] item: Leftovers
|upkeep
|
|t:|1784341420
|switch|p2b: Dragapult|Dragapult, L50, M|100/100
|turn|6
|
|t:|1784341432
|move|p1b: Maushold|Follow Me|p1b: Maushold
|-singleturn|p1b: Maushold|move: Follow Me
|move|p2b: Dragapult|Thunderbolt|p1b: Maushold
|-damage|p1b: Maushold|30/100
|move|p2a: Ninetales|Blizzard|p1a: Snorlax|[spread] p1a,p1b
|-damage|p1a: Snorlax|34/100
|-damage|p1b: Maushold|0 fnt
|faint|p1b: Maushold
|move|p1a: Snorlax|Fissure|p2b: Dragapult
|-enditem|p2b: Dragapult|Focus Sash
|-damage|p2b: Dragapult|1/100
|
|-heal|p1a: Snorlax|40/100|[from] item: Leftovers
|upkeep
|
|t:|1784341444
|switch|p1b: Incineroar|Incineroar, L50, M|40/100
|-ability|p1b: Incineroar|Intimidate|boost
|-unboost|p2a: Ninetales|atk|1
|-unboost|p2b: Dragapult|atk|1
|turn|7
|
|t:|1784341480
|move|p1a: Snorlax|Protect|p1a: Snorlax
|-singleturn|p1a: Snorlax|Protect
|move|p2b: Dragapult|Thunderbolt|p1b: Incineroar
|-damage|p1b: Incineroar|20/100y
|move|p2a: Ninetales|Moonblast|p1b: Incineroar
|-damage|p1b: Incineroar|0 fnt
|faint|p1b: Incineroar
|
|-heal|p1a: Snorlax|46/100|[from] item: Leftovers
|upkeep
|turn|8
|
|t:|1784341505
|move|p2b: Dragapult|Draco Meteor|p1a: Snorlax
|-damage|p1a: Snorlax|22/100
|-unboost|p2b: Dragapult|spa|2
|move|p2a: Ninetales|Moonblast|p1a: Snorlax
|-damage|p1a: Snorlax|8/100
|move|p1a: Snorlax|Fissure|p2b: Dragapult
|-damage|p2b: Dragapult|0 fnt
|faint|p2b: Dragapult
|-ohko
|
|-heal|p1a: Snorlax|14/100|[from] item: Leftovers
|upkeep
|turn|9
|
|t:|1784341523
|move|p1a: Snorlax|Protect|p1a: Snorlax
|-singleturn|p1a: Snorlax|Protect
|move|p2a: Ninetales|Moonblast|p1a: Snorlax
|-activate|p1a: Snorlax|move: Protect
|
|-heal|p1a: Snorlax|20/100y|[from] item: Leftovers
|-sideend|p2: ironpiggie229|move: Aurora Veil
|upkeep
|turn|10
|
|t:|1784341537
|move|p2a: Ninetales|Blizzard|p1a: Snorlax
|-damage|p1a: Snorlax|4/100
|move|p1a: Snorlax|Fissure|p2a: Ninetales
|-damage|p2a: Ninetales|0 fnt
|faint|p2a: Ninetales
|-ohko
|
|win|Lewdeon
|inactive|Lewdeon has 30 seconds to confirm battle start!
|inactive|ironpiggie229 has 30 seconds to confirm battle start!
||Lewdeon is ready for game 2.
|l|☆ironpiggie229
|player|p2|
|inactive|ironpiggie229 has 20 seconds to confirm battle start!
|inactive|ironpiggie229 has 10 seconds to confirm battle start!
|j|☆ironpiggie229
|player|p2|ironpiggie229|2|
|uhtml|next|Next: Game 2 of 3
|l|☆ironpiggie229
|player|p2|
