|j|☆Mahdrescher
|j|☆Chknadobovgc
|html|MahdrescherChknadobovgc    
|uhtml|bestof|Game 1 of a best-of-3
|t:|1756545910
|gametype|doubles
|player|p1|Mahdrescher|1|1235
|player|p2|Chknadobovgc|2|1087
|gen|9
|tier|[Gen 9] VGC 2025 Reg H (Bo3)
|rated|
|rule|Species Clause: Limit one of each Pokémon
|rule|Item Clause: Limit 1 of each item
|clearpoke
|poke|p1|Indeedee-F, L50, F|
|poke|p1|Delphox, L50, F|
|poke|p1|Sneasler, L50, M|
|poke|p1|Incineroar, L50, M|
|poke|p1|Murkrow, L50, M|
|poke|p1|Maushold, L50|
|poke|p2|Torkoal, L50, M|
|poke|p2|Ursaluna, L50, M|
|poke|p2|Sinistcha, L50|
|poke|p2|Dragonite, L50, M|
|poke|p2|Gholdengo, L50|
|poke|p2|Charizard, L50, M|
|teampreview|4
|showteam|p1|Indeedee-F||RockyHelmet|PsychicSurge|FollowMe,HelpingHand,Imprison,TrickRoom|||F|||50|,,,,,Fairy]Delphox||LifeOrb|Blaze|Protect,NastyPlot,HeatWave,ExpandingForce|||F|||50|,,,,,Psychic]Sneasler||PsychicSeed|Unburden|Protect,CloseCombat,DireClaw,ThroatChop|||M|||50|,,,,,Dark]Incineroar||SafetyGoggles|Intimidate|FakeOut,WillOWisp,KnockOff,PartingShot|||M|||50|,,,,,Ghost]Murkrow||Eviolite|Prankster|FoulPlay,SunnyDay,Haze,Tailwind|||M|||50|,,,,,Ghost]Maushold||WideLens|Technician|Protect,FollowMe,PopulationBomb,Taunt||||||50|,,,,,Normal
|showteam|p2|Torkoal||EjectPack|Drought|Overheat,BodyPress,Eruption,Protect|||M|||50|,,,,,Fighting]Ursaluna||FlameOrb|Guts|Protect,Facade,HeadlongRush,Earthquake|||M|||50|,,,,,Fairy]Sinistcha||SitrusBerry|Hospitality|EnergyBall,RagePowder,TrickRoom,Protect||||||50|,,,,,Dark]Dragonite||LoadedDice|Multiscale|ScaleShot,Tailwind,Haze,ExtremeSpeed|||M|||50|,,,,,Fairy]Gholdengo||ChoiceScarf|GoodasGold|MakeItRain,ShadowBall,Trick,Protect||||||50|,,,,,Steel]Charizard||LifeOrb|SolarPower|HeatWave,AirSlash,Overheat,Protect|||M|||50|,,,,,Fire
|inactive|Battle timer is ON: inactive players will automatically lose when time's up. (requested by Chknadobovgc)
|
|t:|1756545959
|teamsize|p1|4
|teamsize|p2|4
|start
|switch|p1a: Delphox|Delphox, L50, F|100/100
|switch|p1b: Indeedee|Indeedee-F, L50, F|100/100
|switch|p2a: Ursaluna|Ursaluna, L50, M, shiny|100/100
|switch|p2b: Torkoal|Torkoal, L50, M|100/100
|-fieldstart|move: Psychic Terrain|[from] ability: Psychic Surge|[of] p1b: Indeedee
|-weather|SunnyDay|[from] ability: Drought|[of] p2b: Torkoal
|turn|1
|inactive|Mahdrescher has 30 seconds left.
|
|t:|1756545988
|-terastallize|p1a: Delphox|Psychic
|move|p1b: Indeedee|Helping Hand|p1a: Delphox
|-singleturn|p1a: Delphox|Helping Hand|[of] p1b: Indeedee
|move|p2b: Torkoal|Protect|p2b: Torkoal
|-singleturn|p2b: Torkoal|Protect
|move|p1a: Delphox|Expanding Force|p2a: Ursaluna|[spread] p2a
|-activate|p2b: Torkoal|move: Protect
|-damage|p2a: Ursaluna|0 fnt
|faint|p2a: Ursaluna
|-damage|p1a: Delphox|90/100|[from] item: Life Orb
|
|-weather|SunnyDay|[upkeep]
|upkeep
|
|t:|1756546010
|switch|p2a: Dragonite|Dragonite, L50, M|100/100
|turn|2
|
|t:|1756546032
|switch|p1b: Incineroar|Incineroar, L50, M|100/100
|-ability|p1b: Incineroar|Intimidate|boost
|-unboost|p2a: Dragonite|atk|1
|-unboost|p2b: Torkoal|atk|1
|-enditem|p2b: Torkoal|Eject Pack
|
|t:|1756546037
|switch|p2b: Charizard|Charizard, L50, M, shiny|100/100
|move|p1a: Delphox|Protect|p1a: Delphox
|-singleturn|p1a: Delphox|Protect
|move|p2a: Dragonite|Tailwind|p2a: Dragonite
|-sidestart|p2: Chknadobovgc|move: Tailwind
|
|-weather|SunnyDay|[upkeep]
|-damage|p2b: Charizard|88/100|[from] ability: Solar Power|[of] p2b: Charizard
|upkeep
|turn|3
|inactive|Mahdrescher has 30 seconds left.
|
|t:|1756546072
|switch|p1a: Indeedee|Indeedee-F, L50, F|100/100
|-terastallize|p2b: Charizard|Fire
|move|p2b: Charizard|Heat Wave|p1a: Indeedee|[spread] p1a,p1b
|-resisted|p1b: Incineroar
|-crit|p1b: Incineroar
|-damage|p1a: Indeedee|0 fnt
|-damage|p1b: Incineroar|4/100
|faint|p1a: Indeedee
|-damage|p2b: Charizard|78/100|[from] item: Life Orb
|move|p2a: Dragonite|Scale Shot|p1b: Incineroar
|-damage|p1b: Incineroar|0 fnt
|faint|p1b: Incineroar
|-hitcount|p1: Incineroar|1
|-unboost|p2a: Dragonite|def|1
|-boost|p2a: Dragonite|spe|1
|
|-weather|SunnyDay|[upkeep]
|-damage|p2b: Charizard|66/100|[from] ability: Solar Power|[of] p2b: Charizard
|upkeep
|
|t:|1756546089
|switch|p1b: Delphox|Delphox, L50, F, tera:Psychic|90/100
|switch|p1a: Sneasler|Sneasler, L50, M|100/100
|-enditem|p1a: Sneasler|Psychic Seed
|-boost|p1a: Sneasler|spd|1|[from] item: Psychic Seed
|turn|4
|inactive|Mahdrescher has 30 seconds left.
|
|t:|1756546116
|move|p2a: Dragonite|Scale Shot|p1a: Sneasler
|-damage|p1a: Sneasler|84/100
|-damage|p1a: Sneasler|68/100
|-damage|p1a: Sneasler|52/100
|-damage|p1a: Sneasler|34/100
|-damage|p1a: Sneasler|17/100
|-hitcount|p1a: Sneasler|5
|-unboost|p2a: Dragonite|def|1
|-boost|p2a: Dragonite|spe|1
|move|p1a: Sneasler|Close Combat|p2b: Charizard
|-damage|p2b: Charizard|0 fnt
|-unboost|p1a: Sneasler|def|1
|-unboost|p1a: Sneasler|spd|1
|faint|p2b: Charizard
|move|p1b: Delphox|Expanding Force|p2a: Dragonite
|-damage|p2a: Dragonite|36/100
|-damage|p1b: Delphox|80/100|[from] item: Life Orb
|
|-weather|SunnyDay|[upkeep]
|upkeep
|
|t:|1756546129
|switch|p2b: Torkoal|Torkoal, L50, M|100/100
|turn|5
|
|t:|1756546148
|move|p1a: Sneasler|Protect|p1a: Sneasler
|-singleturn|p1a: Sneasler|Protect
|move|p1b: Delphox|Protect|p1b: Delphox
|-singleturn|p1b: Delphox|Protect
|move|p2a: Dragonite|Scale Shot|p1b: Delphox
|-activate|p1b: Delphox|move: Protect
|move|p2b: Torkoal|Eruption|p1a: Sneasler|[spread] 
|-activate|p1a: Sneasler|move: Protect
|-activate|p1b: Delphox|move: Protect
|
|-weather|none
|-sideend|p2: Chknadobovgc|move: Tailwind
|-fieldend|move: Psychic Terrain
|upkeep
|turn|6
|
|t:|1756546167
|move|p2a: Dragonite|Extreme Speed|p1a: Sneasler
|-damage|p1a: Sneasler|0 fnt
|faint|p1a: Sneasler
|move|p1b: Delphox|Expanding Force|p2b: Torkoal
|-damage|p2b: Torkoal|7/100
|-damage|p1b: Delphox|70/100|[from] item: Life Orb
|move|p2b: Torkoal|Overheat|p1b: Delphox
|-damage|p1b: Delphox|20/100
|-unboost|p2b: Torkoal|spa|2
|
|upkeep
|turn|7
|
|t:|1756546185
|move|p2a: Dragonite|Extreme Speed|p1b: Delphox
|-damage|p1b: Delphox|0 fnt
|faint|p1b: Delphox
|
|win|Chknadobovgc
||Mahdrescher is ready for game 2.
|l|☆Chknadobovgc
|player|p2|
|inactive|Chknadobovgc has 30 seconds to confirm battle start!
|j|☆Chknadobovgc
|player|p2|Chknadobovgc|2|
|inactive|Chknadobovgc has 20 seconds to confirm battle start!
||Chknadobovgc is ready for game 2.
|uhtml|next|Next: Game 2 of 3
|l|☆Mahdrescher
|player|p1|
