|j|☆Sculked
|j|☆DrChunkalicious
|html|SculkedDrChunkalicious    
|uhtml|bestof|Game 1 of a best-of-3
|t:|1783788751
|gametype|doubles
|player|p1|Sculked|will|
|player|p2|DrChunkalicious|scientist-gen4|
|gen|9
|tier|[Gen 9 Champions] VGC 2026 Reg M-B (Bo3)
|rule|Species Clause: Limit one of each Pokémon
|rule|Item Clause: Limit 1 of each item
|clearpoke
|poke|p1|Blastoise, L50, M|
|poke|p1|Meowstic, L50, M|
|poke|p1|Raichu, L50, M|
|poke|p1|Dragonite, L50, F|
|poke|p1|Farigiraf, L50, M, shiny|
|poke|p1|Staraptor, L50, M, shiny|
|poke|p2|Raichu, L50, F, shiny|
|poke|p2|Sinistcha-Masterpiece, L50, shiny|
|poke|p2|Sneasler, L50, F, shiny|
|poke|p2|Primarina, L50, M, shiny|
|poke|p2|Gengar, L50, M, shiny|
|poke|p2|Ditto, L50, shiny|
|teampreview|4
|showteam|p1|Blastoise||WhiteHerb|RainDish|ShellSmash,TerrainPulse,AuraSphere,Protect|Modest||M|||50|]Meowstic||BrightPowder|Prankster|PsychicTerrain,ExpandingForce,BatonPass,CalmMind|Modest||M|||50|]Raichu||RaichuniteY|LightningRod|ZapCannon,Discharge,Protect,FocusBlast|Bold||M|||50|]Dragonite||LifeOrb|Multiscale|IceSpinner,DragonDance,ExtremeSpeed,Earthquake|Jolly||F|||50|]Farigiraf||SitrusBerry|CudChew|PsychicTerrain,EnergyBall,ExpandingForce,Wish|Bold||M|||50|]Staraptor||BlackBelt|Intimidate|CloseCombat,Roost,SteelWing,BlazeKick|Jolly||M|||50|
|showteam|p2|Raichu||RaichuniteY|LightningRod|ZapCannon,FocusBlast,Surf,NastyPlot|Timid||F|||50|]Sinistcha-Masterpiece||Leftovers|Hospitality|RagePowder,MatchaGotcha,Hex,LifeDew|Bold|||||50|]Sneasler||WhiteHerb|Unburden|Acrobatics,CloseCombat,DireClaw,FakeOut|Adamant||F|||50|]Primarina||ShedShell|LiquidVoice|PerishSong,HyperVoice,Moonblast,IceBeam|Modest||M|||50|]Gengar||Gengarite|CursedBody|DestinyBond,DarkPulse,SludgeWave,ShadowBall|Timid||M|||50|]Ditto||ChoiceScarf|Imposter|Transform|Bold|||||50|
|c|☆DrChunkalicious|glhf
|c|☆DrChunkalicious|ANOTHER MEGA RAI TRUTHER LETS GO
|c|☆Sculked|YESSS
|
|t:|1783788797
|teamsize|p1|4
|teamsize|p2|4
|start
|switch|p1a: Meowstic|Meowstic, L50, M|100/100
|switch|p1b: Ryu|Blastoise, L50, M|100/100
|switch|p2a: Pavarotti|Primarina, L50, M, shiny|100/100
|switch|p2b: Yoinked|Ditto, L50, shiny|100/100
|-transform|p2b: Yoinked|p1a: Meowstic|[from] ability: Imposter
|turn|1
|
|t:|1783788849
|move|p2b: Yoinked|Baton Pass|p2b: Yoinked
|
|t:|1783788852
|switch|p2b: Salon|Sneasler, L50, F, shiny|100/100|[from] Baton Pass
|move|p1a: Meowstic|Calm Mind|p1a: Meowstic
|-boost|p1a: Meowstic|spa|1
|-boost|p1a: Meowstic|spd|1
|move|p1b: Ryu|Shell Smash|p1b: Ryu
|-unboost|p1b: Ryu|def|1
|-unboost|p1b: Ryu|spd|1
|-boost|p1b: Ryu|atk|2
|-boost|p1b: Ryu|spa|2
|-boost|p1b: Ryu|spe|2
|-enditem|p1b: Ryu|White Herb
|-clearnegativeboost|p1b: Ryu|[silent]
|move|p2a: Pavarotti|Moonblast|p1b: Ryu
|-damage|p1b: Ryu|54/100
|
|upkeep
|turn|2
|c|☆Sculked|i love the dittos name
|c|☆DrChunkalicious|ehehe
|
|t:|1783788881
|move|p2b: Salon|Fake Out|p1b: Ryu
|-damage|p1b: Ryu|40/100
|move|p1a: Meowstic|Psychic Terrain|p1a: Meowstic
|-fieldstart|move: Psychic Terrain
|cant|p1b: Ryu|flinch
|move|p2a: Pavarotti|Moonblast|p1b: Ryu
|-damage|p1b: Ryu|0 fnt
|faint|p1b: Ryu
|
|upkeep
|c|☆DrChunkalicious|ok whew
|c|☆DrChunkalicious|main guy gone
|
|t:|1783788892
|switch|p1b: Mocha|Staraptor, L50, M, shiny|100/100
|-ability|p1b: Mocha|Intimidate|boost
|-unboost|p2a: Pavarotti|atk|1
|-unboost|p2b: Salon|atk|1
|-enditem|p2b: Salon|White Herb
|-clearnegativeboost|p2b: Salon|[silent]
|turn|3
|
|t:|1783788908
|move|p2b: Salon|Dire Claw|p1b: Mocha
|-damage|p1b: Mocha|32/100
|move|p1b: Mocha|Steel Wing|p2a: Pavarotti
|-damage|p2a: Pavarotti|73/100
|move|p1a: Meowstic|Expanding Force|p2b: Salon|[spread] p2a,p2b
|-supereffective|p2b: Salon|2
|-damage|p2a: Pavarotti|9/100
|-damage|p2b: Salon|0 fnt
|faint|p2b: Salon
|move|p2a: Pavarotti|Moonblast|p1b: Mocha
|-damage|p1b: Mocha|0 fnt
|faint|p1b: Mocha
|
|upkeep
|
|t:|1783788920
|switch|p2b: Yoinked|Ditto, L50, shiny|100/100
|switch|p1b: Rhubarb|Farigiraf, L50, M, shiny|100/100
|-transform|p2b: Yoinked|p1a: Meowstic|[from] ability: Imposter
|turn|4
|
|t:|1783788948
|move|p2b: Yoinked|Expanding Force|p1b: Rhubarb|[spread] p1a,p1b
|-resisted|p1a: Meowstic|1
|-resisted|p1b: Rhubarb|1
|-damage|p1a: Meowstic|70/100
|-damage|p1b: Rhubarb|73/100
|move|p1a: Meowstic|Expanding Force|p2a: Pavarotti|[spread] p2a,p2b
|-resisted|p2b: Yoinked|1
|-damage|p2a: Pavarotti|0 fnt
|-damage|p2b: Yoinked|65/100
|faint|p2a: Pavarotti
|move|p1b: Rhubarb|Wish|p1b: Rhubarb
|
|upkeep
|
|t:|1783788951
|switch|p2a: Spatk. go brrrr|Raichu, L50, F, shiny|100/100
|turn|5
|
|t:|1783788964
|detailschange|p2a: Spatk. go brrrr|Raichu-Mega-Y, L50, F, shiny
|-mega|p2a: Spatk. go brrrr|Raichu|Raichunite Y
|move|p2a: Spatk. go brrrr|Focus Blast|p1b: Rhubarb
|-damage|p1b: Rhubarb|37/100
|-enditem|p1b: Rhubarb|Sitrus Berry|[eat]
|-heal|p1b: Rhubarb|61/100|[from] item: Sitrus Berry
|move|p2b: Yoinked|Expanding Force|p1b: Rhubarb|[spread] p1a,p1b
|-resisted|p1a: Meowstic|1
|-resisted|p1b: Rhubarb|1
|-damage|p1a: Meowstic|43/100
|-damage|p1b: Rhubarb|35/100
|move|p1a: Meowstic|Expanding Force|p2a: Spatk. go brrrr|[spread] p2a,p2b
|-resisted|p2b: Yoinked|1
|-damage|p2a: Spatk. go brrrr|0 fnt
|-damage|p2b: Yoinked|29/100
|faint|p2a: Spatk. go brrrr
|move|p1b: Rhubarb|Expanding Force|p2b: Yoinked
|-resisted|p2b: Yoinked|1
|-damage|p2b: Yoinked|1/100
|
|-heal|p1b: Rhubarb|85/100|[from] move: Wish|[wisher] Rhubarb
|upkeep
|turn|6
|c|☆DrChunkalicious|gg
|c|☆Sculked|i had to revert back to my psyspamming ways
|
|t:|1783788993
|move|p2b: Yoinked|Expanding Force|p1a: Meowstic|[spread] p1a,p1b
|-resisted|p1a: Meowstic|1
|-resisted|p1b: Rhubarb|1
|-damage|p1a: Meowstic|13/100
|-damage|p1b: Rhubarb|59/100
|move|p1a: Meowstic|Expanding Force|p2b: Yoinked
|-resisted|p2b: Yoinked|1
|-damage|p2b: Yoinked|0 fnt
|faint|p2b: Yoinked
|
|win|Sculked
||Sculked is ready for game 2.
|inactive|DrChunkalicious has 30 seconds to confirm battle start!
||DrChunkalicious is ready for game 2.
|uhtml|next|Next: Game 2 of 3
