|j|☆SeedDengoTesting
|j|☆marcosdeltasena31
|html|SeedDengoTestingmarcosdeltasena31    
|uhtml|bestof|Game 2 of a best-of-3
|t:|1757206480
|gametype|doubles
|player|p1|SeedDengoTesting|birdkeeper-gen4dp|1213
|player|p2|marcosdeltasena31|hilbert|1303
|gen|9
|tier|[Gen 9] VGC 2025 Reg H (Bo3)
|rated|
|rule|Species Clause: Limit one of each Pokémon
|rule|Item Clause: Limit 1 of each item
|clearpoke
|poke|p1|Gholdengo, L50|
|poke|p1|Sneasler, L50, M|
|poke|p1|Rillaboom, L50, F|
|poke|p1|Dragonite, L50, F|
|poke|p1|Ninetales-Alola, L50, F|
|poke|p1|Arcanine-Hisui, L50, F|
|poke|p2|Dragonite, L50, F|
|poke|p2|Sneasler, L50, F|
|poke|p2|Volcarona, L50, F|
|poke|p2|Rillaboom, L50, M|
|poke|p2|Kingambit, L50, F|
|poke|p2|Electabuzz, L50, F|
|teampreview|4
|showteam|p1|Gholdengo||GrassySeed|GoodasGold|NastyPlot,MakeItRain,ShadowBall,Protect||||||50|,,,,,Water]Sneasler||WhiteHerb|Unburden|CloseCombat,DireClaw,Coaching,Protect|||M|||50|,,,,,Ghost]Rillaboom||AssaultVest|GrassySurge|FakeOut,GrassyGlide,DrumBeating,HighHorsepower|||F|||50|,,,,,Fire]Dragonite||LoadedDice|Multiscale|ScaleShot,StompingTantrum,Tailwind,Protect|||F|||50|,,,,,Ground]Ninetales-Alola||FocusSash|SnowWarning|Blizzard,IcyWind,Encore,AuroraVeil|||F|||50|,,,,,Ghost]Arcanine-Hisui||ClearAmulet|Intimidate|RockSlide,FlareBlitz,ExtremeSpeed,Protect|||F|||50|,,,,,Water
|showteam|p2|Dragonite||LoadedDice|Multiscale|ScaleShot,ExtremeSpeed,Haze,Protect|||F|||50|,,,,,Fairy]Sneasler||FocusSash|PoisonTouch|DireClaw,CloseCombat,FakeOut,Coaching|||F|||50|,,,,,Ghost]Volcarona||CovertCloak|FlameBody|HeatWave,TeraBlast,QuiverDance,Protect|||F|||50|,,,,,Fairy]Rillaboom||AssaultVest|GrassySurge|WoodHammer,FakeOut,GrassyGlide,HighHorsepower|||M|||50|,,,,,Fire]Kingambit||BlackGlasses|Defiant|KowtowCleave,SwordsDance,SuckerPunch,Protect|||F|||50|,,,,,Dark]Electabuzz||Eviolite|VitalSpirit|Thunderbolt,FollowMe,Taunt,Protect|||F|||50|,,,,,Ghost
|
|t:|1757206502
|teamsize|p1|4
|teamsize|p2|4
|start
|switch|p1a: Dragonite|Dragonite, L50, F|100/100
|switch|p1b: Sneasler|Sneasler, L50, M|100/100
|switch|p2a: Dragonite|Dragonite, L50, F|100/100
|switch|p2b: Sneasler|Sneasler, L50, F|100/100
|turn|1
|
|t:|1757206517
|move|p1b: Sneasler|Protect|p1b: Sneasler
|-singleturn|p1b: Sneasler|Protect
|move|p1a: Dragonite|Protect|p1a: Dragonite
|-singleturn|p1a: Dragonite|Protect
|move|p2b: Sneasler|Fake Out|p1a: Dragonite
|-activate|p1a: Dragonite|move: Protect
|move|p2a: Dragonite|Scale Shot|p1b: Sneasler
|-activate|p1b: Sneasler|move: Protect
|
|upkeep
|turn|2
|
|t:|1757206534
|-terastallize|p1a: Dragonite|Ground
|-terastallize|p2a: Dragonite|Fairy
|move|p2b: Sneasler|Coaching|p2a: Dragonite
|-boost|p2a: Dragonite|atk|1
|-boost|p2a: Dragonite|def|1
|move|p1b: Sneasler|Coaching|p1a: Dragonite
|-boost|p1a: Dragonite|atk|1
|-boost|p1a: Dragonite|def|1
|move|p1a: Dragonite|Tailwind|p1a: Dragonite
|-sidestart|p1: SeedDengoTesting|move: Tailwind
|move|p2a: Dragonite|Scale Shot|p1a: Dragonite
|-damage|p1a: Dragonite|92/100
|-crit|p1a: Dragonite
|-damage|p1a: Dragonite|52/100
|-damage|p1a: Dragonite|34/100
|-damage|p1a: Dragonite|17/100
|-hitcount|p1a: Dragonite|4
|-unboost|p2a: Dragonite|def|1
|-boost|p2a: Dragonite|spe|1
|
|upkeep
|turn|3
|
|t:|1757206566
|move|p1a: Dragonite|Protect|p1a: Dragonite
|-singleturn|p1a: Dragonite|Protect
|move|p1b: Sneasler|Dire Claw|p2a: Dragonite
|-supereffective|p2a: Dragonite
|-damage|p2a: Dragonite|56/100
|-status|p2a: Dragonite|par
|move|p2b: Sneasler|Close Combat|p1a: Dragonite
|-activate|p1a: Dragonite|move: Protect
|move|p2a: Dragonite|Scale Shot|p1b: Sneasler
|-damage|p1b: Sneasler|72/100
|-damage|p1b: Sneasler|42/100
|-damage|p1b: Sneasler|13/100
|-damage|p1b: Sneasler|0 fnt
|faint|p1b: Sneasler
|-hitcount|p1: Sneasler|4
|-unboost|p2a: Dragonite|def|1
|-boost|p2a: Dragonite|spe|1
|
|upkeep
|
|t:|1757206583
|switch|p1b: Arcanine|Arcanine-Hisui, L50, F|100/100
|-ability|p1b: Arcanine|Intimidate|boost
|-unboost|p2a: Dragonite|atk|1
|-unboost|p2b: Sneasler|atk|1
|turn|4
|
|t:|1757206601
|switch|p2b: Electabuzz|Electabuzz, L50, F|100/100
|move|p2a: Dragonite|Extreme Speed|p1a: Dragonite
|-damage|p1a: Dragonite|0 fnt
|faint|p1a: Dragonite
|move|p1b: Arcanine|Flare Blitz|p2a: Dragonite
|-crit|p2a: Dragonite
|-damage|p2a: Dragonite|0 fnt
|faint|p2a: Dragonite
|-damage|p1b: Arcanine|83/100|[from] Recoil
|
|upkeep
|
|t:|1757206610
|switch|p1a: Gholdengo|Gholdengo, L50|100/100
|switch|p2a: Kingambit|Kingambit, L50, F|100/100
|turn|5
|
|t:|1757206622
|move|p1a: Gholdengo|Protect|p1a: Gholdengo
|-singleturn|p1a: Gholdengo|Protect
|move|p2b: Electabuzz|Follow Me|p2b: Electabuzz
|-singleturn|p2b: Electabuzz|move: Follow Me
|move|p1b: Arcanine|Flare Blitz|p2b: Electabuzz
|-damage|p2b: Electabuzz|53/100
|-damage|p1b: Arcanine|67/100|[from] Recoil
|move|p2a: Kingambit|Kowtow Cleave|p1a: Gholdengo
|-activate|p1a: Gholdengo|move: Protect
|
|-sideend|p1: SeedDengoTesting|move: Tailwind
|upkeep
|turn|6
|
|t:|1757206641
|move|p2b: Electabuzz|Follow Me|p2b: Electabuzz
|-singleturn|p2b: Electabuzz|move: Follow Me
|move|p1b: Arcanine|Rock Slide|p2b: Electabuzz|[spread] p2a
|-miss|p1b: Arcanine|p2b: Electabuzz
|-resisted|p2a: Kingambit
|-damage|p2a: Kingambit|90/100
|move|p1a: Gholdengo|Make It Rain|p2a: Kingambit|[spread] p2a,p2b
|-resisted|p2a: Kingambit
|-resisted|p2b: Electabuzz
|-damage|p2a: Kingambit|72/100
|-damage|p2b: Electabuzz|36/100
|-unboost|p1a: Gholdengo|spa|1
|cant|p2a: Kingambit|flinch
|
|upkeep
|turn|7
|
|t:|1757206663
|move|p1a: Gholdengo|Protect|p1a: Gholdengo
|-singleturn|p1a: Gholdengo|Protect
|move|p2b: Electabuzz|Follow Me|p2b: Electabuzz
|-singleturn|p2b: Electabuzz|move: Follow Me
|move|p1b: Arcanine|Flare Blitz|p2b: Electabuzz
|-damage|p2b: Electabuzz|0 fnt
|faint|p2b: Electabuzz
|-damage|p1b: Arcanine|55/100|[from] Recoil
|move|p2a: Kingambit|Kowtow Cleave|p1b: Arcanine
|-damage|p1b: Arcanine|0 fnt
|faint|p1b: Arcanine
|
|upkeep
|
|t:|1757206670
|switch|p2b: Sneasler|Sneasler, L50, F|100/100
|turn|8
|
|t:|1757206676
|move|p2b: Sneasler|Coaching|p2a: Kingambit
|-boost|p2a: Kingambit|atk|1
|-boost|p2a: Kingambit|def|1
|move|p1a: Gholdengo|Nasty Plot|p1a: Gholdengo
|-boost|p1a: Gholdengo|spa|2
|move|p2a: Kingambit|Kowtow Cleave|p1a: Gholdengo
|-supereffective|p1a: Gholdengo
|-damage|p1a: Gholdengo|0 fnt
|faint|p1a: Gholdengo
|
|win|marcosdeltasena31
|raw|SeedDengoTesting's rating: 1213 → 1194(-19 for losing)
|raw|marcosdeltasena31's rating: 1303 → 1318(+15 for winning)
|l|☆SeedDengoTesting
|player|p1|
