|j|☆new mental
|j|☆babysha
|html|new mentalbabysha    
|uhtml|bestof|Game 3 of a best-of-3
|t:|1783886145
|gametype|doubles
|player|p1|new mental|volkner|1232
|player|p2|babysha|102|1072
|gen|9
|tier|[Gen 9 Champions] VGC 2026 Reg M-B (Bo3)
|rated|
|rule|Species Clause: Limit one of each Pokémon
|rule|Item Clause: Limit 1 of each item
|clearpoke
|poke|p1|Charizard, L50, F|
|poke|p1|Kingambit, L50, F|
|poke|p1|Sylveon, L50, F|
|poke|p1|Garchomp, L50, F|
|poke|p1|Aerodactyl, L50, M|
|poke|p1|Farigiraf, L50, M|
|poke|p2|Tyranitar, L50, M|
|poke|p2|Corviknight, L50, M|
|poke|p2|Sinistcha, L50|
|poke|p2|Scovillain, L50, F|
|poke|p2|Sneasler, L50, F|
|poke|p2|Pelipper, L50, F|
|teampreview|4
|showteam|p1|Charizard||CharizarditeY|SolarPower|Protect,HeatWave,SolarBeam,WeatherBall|Modest||F|||50|]Kingambit||FocusSash|Defiant|IronHead,SuckerPunch,KowtowCleave,LowKick|Adamant||F|||50|]Sylveon||FairyFeather|Pixilate|Detect,HyperVoice,HyperBeam,QuickAttack|Modest||F|||50|]Garchomp||LifeOrb|RoughSkin|Protect,DragonClaw,Earthquake,RockSlide|Jolly||F|||50|]Aerodactyl||Aerodactylite|Unnerve|IceFang,RockSlide,Tailwind,DualWingbeat|Jolly||M|||50|]Farigiraf||SitrusBerry|ArmorTail|TrickRoom,Psychic,Thunderbolt,Roar|Bold||M|||50|
|showteam|p2|Tyranitar||Tyranitarite|SandStream|DragonDance,RockSlide,KnockOff,Protect|Jolly||M|||50|]Corviknight||WacanBerry|MirrorArmor|BulkUp,BraveBird,IronHead,Roost|Adamant||M|||50|]Sinistcha||SitrusBerry|Hospitality|RagePowder,MatchaGotcha,TrickRoom,Protect|Relaxed|||||50|]Scovillain||Scovillainite|Moody|RagePowder,LeechSeed,Overheat,Protect|Bold||F|||50|]Sneasler||WhiteHerb|Unburden|FakeOut,DireClaw,CloseCombat,Protect|Jolly||F|||50|]Pelipper||FocusSash|Drizzle|Tailwind,Hurricane,WeatherBall,Protect|Modest||F|||50|
|inactive|Battle timer is ON: inactive players will automatically lose when time's up. (requested by babysha)
|inactive|babysha has 60 seconds left.
|
|t:|1783886192
|teamsize|p1|4
|teamsize|p2|4
|start
|switch|p1a: Kingambit|Kingambit, L50, F|100/100
|switch|p1b: Farigiraf|Farigiraf, L50, M|100/100
|switch|p2a: Tyranitar|Tyranitar, L50, M|100/100
|switch|p2b: Sinistcha|Sinistcha, L50|100/100
|-weather|Sandstorm|[from] ability: Sand Stream|[of] p2a: Tyranitar
|turn|1
|inactive|babysha has 30 seconds left.
|
|t:|1783886224
|detailschange|p2a: Tyranitar|Tyranitar-Mega, L50, M
|-mega|p2a: Tyranitar|Tyranitar|Tyranitarite
|move|p2a: Tyranitar|Knock Off|p1b: Farigiraf
|-supereffective|p1b: Farigiraf|1
|-damage|p1b: Farigiraf|10/100
|-enditem|p1b: Farigiraf|Sitrus Berry|[from] move: Knock Off|[of] p2a: Tyranitar
|move|p1a: Kingambit|Kowtow Cleave|p2b: Sinistcha
|-supereffective|p2b: Sinistcha|1
|-damage|p2b: Sinistcha|35/100
|-enditem|p2b: Sinistcha|Sitrus Berry|[eat]
|-heal|p2b: Sinistcha|60/100|[from] item: Sitrus Berry
|move|p2b: Sinistcha|Matcha Gotcha|p1a: Kingambit|[spread] p1a,p1b
|-resisted|p1a: Kingambit|1
|-crit|p1a: Kingambit
|-damage|p1a: Kingambit|81/100
|-heal|p2b: Sinistcha|69/100|[from] drain|[of] p1a: Kingambit
|-damage|p1b: Farigiraf|0 fnt
|-heal|p2b: Sinistcha|75/100|[from] drain|[of] p1b: Farigiraf
|faint|p1b: Farigiraf
|
|-weather|Sandstorm|[upkeep]
|-damage|p2b: Sinistcha|69/100|[from] Sandstorm
|upkeep
|
|t:|1783886235
|switch|p1b: Sylveon|Sylveon, L50, F|100/100
|turn|2
|inactive|babysha has 30 seconds left.
|
|t:|1783886268
|switch|p2a: Scovillain|Scovillain, L50, F|100/100
|move|p2b: Sinistcha|Protect|p2b: Sinistcha
|-singleturn|p2b: Sinistcha|Protect
|move|p1a: Kingambit|Low Kick|p2a: Scovillain
|-damage|p2a: Scovillain|83/100
|move|p1b: Sylveon|Hyper Voice|p2b: Sinistcha|[spread] p2a
|-activate|p2b: Sinistcha|move: Protect
|-resisted|p2a: Scovillain|1
|-damage|p2a: Scovillain|45/100
|
|-weather|Sandstorm|[upkeep]
|-damage|p2a: Scovillain|39/100|[from] Sandstorm
|-damage|p1b: Sylveon|93/100|[from] Sandstorm
|-damage|p2b: Sinistcha|63/100|[from] Sandstorm
|-ability|p2a: Scovillain|Moody|boost
|-boost|p2a: Scovillain|def|2
|-unboost|p2a: Scovillain|spa|1
|upkeep
|turn|3
|inactive|babysha has 30 seconds left.
|
|t:|1783886296
|switch|p1a: Charizard|Charizard, L50, F|100/100
|move|p2a: Scovillain|Overheat|p1a: Charizard
|-resisted|p1a: Charizard|1
|-damage|p1a: Charizard|81/100
|-unboost|p2a: Scovillain|spa|2
|move|p1b: Sylveon|Hyper Voice|p2b: Sinistcha|[spread] p2a,p2b
|-resisted|p2a: Scovillain|1
|-damage|p2a: Scovillain|6/100
|-damage|p2b: Sinistcha|2/100
|move|p2b: Sinistcha|Matcha Gotcha|p1a: Charizard|[spread] p1a,p1b
|-resisted|p1a: Charizard|2
|-damage|p1a: Charizard|74/100
|-heal|p2b: Sinistcha|5/100|[from] drain|[of] p1a: Charizard
|-damage|p1b: Sylveon|75/100
|-heal|p2b: Sinistcha|15/100|[from] drain|[of] p1b: Sylveon
|
|-weather|Sandstorm|[upkeep]
|-damage|p1a: Charizard|68/100|[from] Sandstorm
|-damage|p2a: Scovillain|1/100|[from] Sandstorm
|-damage|p1b: Sylveon|68/100|[from] Sandstorm
|-damage|p2b: Sinistcha|8/100|[from] Sandstorm
|-ability|p2a: Scovillain|Moody|boost
|-boost|p2a: Scovillain|atk|2
|-unboost|p2a: Scovillain|spd|1
|upkeep
|turn|4
|inactive|babysha has 30 seconds left.
|inactive|new mental has 30 seconds left.
|inactive|babysha has 20 seconds left.
|
|t:|1783886334
|switch|p1a: Kingambit|Kingambit, L50, F|81/100
|move|p2a: Scovillain|Protect|p2a: Scovillain
|-singleturn|p2a: Scovillain|Protect
|move|p2b: Sinistcha|Protect|p2b: Sinistcha
|-singleturn|p2b: Sinistcha|Protect
|move|p1b: Sylveon|Hyper Voice|p2a: Scovillain|[spread] 
|-activate|p2a: Scovillain|move: Protect
|-activate|p2b: Sinistcha|move: Protect
|
|-weather|Sandstorm|[upkeep]
|-damage|p2a: Scovillain|0 fnt|[from] Sandstorm
|-damage|p1b: Sylveon|62/100|[from] Sandstorm
|-damage|p2b: Sinistcha|2/100|[from] Sandstorm
|faint|p2a: Scovillain
|upkeep
|
|t:|1783886348
|switch|p2a: Pelipper|Pelipper, L50, F|100/100
|-weather|RainDance|[from] ability: Drizzle|[of] p2a: Pelipper
|turn|5
|
|t:|1783886372
|move|p1a: Kingambit|Kowtow Cleave|p2a: Pelipper
|-damage|p2a: Pelipper|54/100
|move|p1b: Sylveon|Hyper Voice|p2a: Pelipper|[spread] p2a,p2b
|-damage|p2a: Pelipper|0 fnt
|-damage|p2b: Sinistcha|0 fnt
|faint|p2a: Pelipper
|faint|p2b: Sinistcha
|
|-weather|RainDance|[upkeep]
|upkeep
|-message|babysha forfeited.
|raw|new mental's rating: 1232 → 1246(+14 for winning)
|raw|babysha's rating: 1072 → 1060(-12 for losing)
|
|win|new mental
|l|☆babysha
|player|p2|
