|j|☆gene takavic
|j|☆goldenchimchar
|html|gene takavicgoldenchimchar    
|uhtml|bestof|Game 2 of a best-of-3
|t:|1756407091
|gametype|doubles
|player|p1|gene takavic|pryce|1144
|player|p2|goldenchimchar|hilbert|1118
|gen|9
|tier|[Gen 9] VGC 2025 Reg H (Bo3)
|rated|
|rule|Species Clause: Limit one of each Pokémon
|rule|Item Clause: Limit 1 of each item
|clearpoke
|poke|p1|Charizard, L50, M|
|poke|p1|Torkoal, L50, M|
|poke|p1|Porygon2, L50|
|poke|p1|Incineroar, L50, F|
|poke|p1|Jumpluff, L50, M|
|poke|p1|Ursaluna, L50, M|
|poke|p2|Rillaboom, L50, M|
|poke|p2|Dragonite, L50, F|
|poke|p2|Kingambit, L50, F|
|poke|p2|Volcarona, L50, M|
|poke|p2|Sneasler, L50, F|
|poke|p2|Incineroar, L50, M|
|teampreview|4
|showteam|p1|Charizard||ChoiceSpecs|SolarPower|HeatWave,Overheat,WeatherBall,AirSlash|||M|||50|,,,,,Ghost]Torkoal||EjectPack|Drought|Eruption,Overheat,HelpingHand,Protect|||M|||50|,,,,,Fire]Porygon2||Eviolite|Download|TeraBlast,IceBeam,Recover,TrickRoom||||||50|,,,,,Fighting]Incineroar||SitrusBerry|Intimidate|FlareBlitz,KnockOff,FakeOut,PartingShot|||F|||50|,,,,,Ghost]Jumpluff||CovertCloak|Chlorophyll|SleepPowder,SunnyDay,RagePowder,Tailwind|||M|||50|,,,,,Water]Ursaluna||FlameOrb|Guts|HeadlongRush,Facade,Earthquake,Protect|||M|||50|,,,,,Ghost
|showteam|p2|Rillaboom||AssaultVest|GrassySurge|GrassyGlide,FakeOut,WoodHammer,Uturn|||M|||50|,,,,,Fire]Dragonite||LoadedDice|Multiscale|ScaleShot,Protect,Haze,ExtremeSpeed|||F|||50|,,,,,Fairy]Kingambit||BlackGlasses|Defiant|SuckerPunch,KowtowCleave,Protect,SwordsDance|||F|||50|,,,,,Ghost]Volcarona||CovertCloak|FlameBody|HeatWave,StruggleBug,RagePowder,Tailwind|||M|||50|,,,,,Fairy]Sneasler||GrassySeed|Unburden|CloseCombat,DireClaw,Protect,ThroatChop|||F|||50|,,,,,Dark]Incineroar||SafetyGoggles|Intimidate|FakeOut,FlareBlitz,KnockOff,PartingShot|||M|||50|,,,,,Ghost
|inactive|Battle timer is ON: inactive players will automatically lose when time's up. (requested by gene takavic)
|inactive|gene takavic has 60 seconds left.
|inactive|goldenchimchar has 60 seconds left.
|
|t:|1756407146
|teamsize|p1|4
|teamsize|p2|4
|start
|switch|p1a: Porygon2|Porygon2, L50|100/100
|switch|p1b: Torkoal|Torkoal, L50, M|100/100
|switch|p2a: Incineroar|Incineroar, L50, M|100/100
|switch|p2b: Dragonite|Dragonite, L50, F|100/100
|-ability|p2a: Incineroar|Intimidate|boost
|-unboost|p1a: Porygon2|atk|1
|-unboost|p1b: Torkoal|atk|1
|-ability|p1a: Porygon2|Download|boost
|-boost|p1a: Porygon2|atk|1
|-weather|SunnyDay|[from] ability: Drought|[of] p1b: Torkoal
|-enditem|p1b: Torkoal|Eject Pack
|
|t:|1756407151
|switch|p1b: Incineroar|Incineroar, L50, F|100/100
|-ability|p1b: Incineroar|Intimidate|boost
|-unboost|p2a: Incineroar|atk|1
|-unboost|p2b: Dragonite|atk|1
|turn|1
|inactive|goldenchimchar has 30 seconds left.
|
|t:|1756407178
|switch|p1b: Torkoal|Torkoal, L50, M|100/100
|move|p2b: Dragonite|Protect|p2b: Dragonite
|-singleturn|p2b: Dragonite|Protect
|move|p2a: Incineroar|Fake Out|p1a: Porygon2
|-damage|p1a: Porygon2|95/100
|cant|p1a: Porygon2|flinch
|
|-weather|SunnyDay|[upkeep]
|upkeep
|turn|2
|
|t:|1756407191
|switch|p1b: Incineroar|Incineroar, L50, F|100/100
|-ability|p1b: Incineroar|Intimidate|boost
|-unboost|p2a: Incineroar|atk|1
|-unboost|p2b: Dragonite|atk|1
|move|p2b: Dragonite|Haze|p2b: Dragonite
|-clearallboost
|move|p2a: Incineroar|Knock Off|p1a: Porygon2
|-damage|p1a: Porygon2|68/100
|-enditem|p1a: Porygon2|Eviolite|[from] move: Knock Off|[of] p2a: Incineroar
|move|p1a: Porygon2|Trick Room|p1a: Porygon2
|-fieldstart|move: Trick Room|[of] p1a: Porygon2
|
|-weather|SunnyDay|[upkeep]
|upkeep
|turn|3
|inactive|gene takavic has 30 seconds left.
|
|t:|1756407221
|-terastallize|p1a: Porygon2|Fighting
|move|p2b: Dragonite|Protect|p2b: Dragonite
|-singleturn|p2b: Dragonite|Protect
|move|p1a: Porygon2|Tera Blast|p2a: Incineroar|[anim] Tera Blast Fighting
|-supereffective|p2a: Incineroar
|-damage|p2a: Incineroar|34/100
|move|p2a: Incineroar|Parting Shot|p1b: Incineroar
|-unboost|p1b: Incineroar|atk|1
|-unboost|p1b: Incineroar|spa|1
|
|t:|1756407237
|switch|p2a: Rillaboom|Rillaboom, L50, M|100/100|[from] Parting Shot
|-fieldstart|move: Grassy Terrain|[from] ability: Grassy Surge|[of] p2a: Rillaboom
|move|p1b: Incineroar|Parting Shot|p2b: Dragonite
|-activate|p2b: Dragonite|move: Protect
|
|-weather|SunnyDay|[upkeep]
|-heal|p1a: Porygon2|74/100|[from] Grassy Terrain
|upkeep
|turn|4
|
|t:|1756407252
|switch|p2b: Incineroar|Incineroar, L50, M|34/100
|-ability|p2b: Incineroar|Intimidate|boost
|-unboost|p1a: Porygon2|atk|1
|-unboost|p1b: Incineroar|atk|1
|move|p2a: Rillaboom|Fake Out|p1b: Incineroar
|-damage|p1b: Incineroar|87/100
|move|p1a: Porygon2|Ice Beam|p2b: Incineroar
|-resisted|p2b: Incineroar
|-damage|p2b: Incineroar|21/100
|cant|p1b: Incineroar|flinch
|
|-weather|SunnyDay|[upkeep]
|-heal|p1a: Porygon2|81/100|[from] Grassy Terrain
|-heal|p2b: Incineroar|27/100|[from] Grassy Terrain
|-heal|p1b: Incineroar|93/100|[from] Grassy Terrain
|upkeep
|turn|5
|
|t:|1756407267
|move|p2b: Incineroar|Fake Out|p1a: Porygon2
|-damage|p1a: Porygon2|70/100
|cant|p1a: Porygon2|flinch
|move|p1b: Incineroar|Parting Shot|p2a: Rillaboom
|-unboost|p2a: Rillaboom|atk|1
|-unboost|p2a: Rillaboom|spa|1
|
|t:|1756407270
|switch|p1b: Torkoal|Torkoal, L50, M|100/100|[from] Parting Shot
|move|p2a: Rillaboom|U-turn|p1b: Torkoal
|-resisted|p1b: Torkoal
|-damage|p1b: Torkoal|95/100
|
|t:|1756407279
|switch|p2a: Dragonite|Dragonite, L50, F|100/100|[from] U-turn
|
|-weather|none
|-heal|p1b: Torkoal|100/100|[from] Grassy Terrain
|-heal|p1a: Porygon2|76/100|[from] Grassy Terrain
|-heal|p2b: Incineroar|33/100|[from] Grassy Terrain
|upkeep
|turn|6
|
|t:|1756407292
|switch|p2b: Rillaboom|Rillaboom, L50, M|100/100
|move|p2a: Dragonite|Protect|p2a: Dragonite
|-singleturn|p2a: Dragonite|Protect
|move|p1b: Torkoal|Eruption|p2b: Rillaboom|[spread] p2b
|-activate|p2a: Dragonite|move: Protect
|-supereffective|p2b: Rillaboom
|-damage|p2b: Rillaboom|31/100
|move|p1a: Porygon2|Ice Beam|p2a: Dragonite
|-activate|p2a: Dragonite|move: Protect
|
|-heal|p1a: Porygon2|82/100|[from] Grassy Terrain
|-heal|p2b: Rillaboom|37/100|[from] Grassy Terrain
|-fieldend|move: Trick Room
|upkeep
|turn|7
|inactive|goldenchimchar has 30 seconds left.
|inactive|goldenchimchar has 20 seconds left.
|inactive|goldenchimchar has 15 seconds left.
|inactive|goldenchimchar has 10 seconds left.
|
|t:|1756407338
|switch|p1a: Incineroar|Incineroar, L50, F|93/100
|-ability|p1a: Incineroar|Intimidate|boost
|-unboost|p2a: Dragonite|atk|1
|-unboost|p2b: Rillaboom|atk|1
|-terastallize|p2a: Dragonite|Fairy
|move|p2b: Rillaboom|Fake Out|p1a: Incineroar
|-damage|p1a: Incineroar|84/100
|move|p2a: Dragonite|Scale Shot|p1b: Torkoal
|-damage|p1b: Torkoal|93/100
|-damage|p1b: Torkoal|85/100
|-damage|p1b: Torkoal|77/100
|-damage|p1b: Torkoal|69/100
|-hitcount|p1b: Torkoal|4
|-unboost|p2a: Dragonite|def|1
|-boost|p2a: Dragonite|spe|1
|move|p1b: Torkoal|Eruption|p2b: Rillaboom|[spread] p2a,p2b
|-supereffective|p2b: Rillaboom
|-damage|p2a: Dragonite|82/100
|-damage|p2b: Rillaboom|0 fnt
|faint|p2b: Rillaboom
|
|-heal|p2a: Dragonite|88/100|[from] Grassy Terrain
|-heal|p1a: Incineroar|90/100|[from] Grassy Terrain
|-heal|p1b: Torkoal|75/100|[from] Grassy Terrain
|-fieldend|move: Grassy Terrain
|upkeep
|
|t:|1756407346
|switch|p2b: Incineroar|Incineroar, L50, M|33/100
|-ability|p2b: Incineroar|Intimidate|boost
|-unboost|p1a: Incineroar|atk|1
|-unboost|p1b: Torkoal|atk|1
|turn|8
|inactive|gene takavic has 30 seconds left.
|
|t:|1756407377
|switch|p1b: Porygon2|Porygon2, L50, tera:Fighting|82/100
|-ability|p1b: Porygon2|Download|boost
|-boost|p1b: Porygon2|atk|1
|move|p2a: Dragonite|Protect|p2a: Dragonite
|-singleturn|p2a: Dragonite|Protect
|move|p1a: Incineroar|Fake Out|p2a: Dragonite
|-activate|p2a: Dragonite|move: Protect
|move|p2b: Incineroar|Fake Out|p1a: Incineroar
|-damage|p1a: Incineroar|78/100
|
|upkeep
|turn|9
|
|t:|1756407401
|move|p2a: Dragonite|Scale Shot|p1b: Porygon2
|-damage|p1b: Porygon2|72/100
|-crit|p1b: Porygon2
|-damage|p1b: Porygon2|50/100
|-damage|p1b: Porygon2|41/100
|-damage|p1b: Porygon2|31/100
|-hitcount|p1b: Porygon2|4
|-unboost|p2a: Dragonite|def|1
|-boost|p2a: Dragonite|spe|1
|move|p1a: Incineroar|Flare Blitz|p2a: Dragonite
|-damage|p2a: Dragonite|8/100
|-damage|p1a: Incineroar|56/100|[from] Recoil
|move|p2b: Incineroar|Flare Blitz|p1b: Porygon2
|-damage|p1b: Porygon2|0 fnt
|faint|p1b: Porygon2
|-damage|p2b: Incineroar|23/100|[from] Recoil
|
|upkeep
|
|t:|1756407406
|switch|p1b: Torkoal|Torkoal, L50, M|75/100
|-weather|SunnyDay|[from] ability: Drought|[of] p1b: Torkoal
|turn|10
|
|t:|1756407425
|move|p2a: Dragonite|Protect|p2a: Dragonite
|-singleturn|p2a: Dragonite|Protect
|move|p1a: Incineroar|Flare Blitz|p2b: Incineroar
|-resisted|p2b: Incineroar
|-damage|p2b: Incineroar|0 fnt
|faint|p2b: Incineroar
|-damage|p1a: Incineroar|49/100|[from] Recoil
|-enditem|p1a: Incineroar|Sitrus Berry|[eat]
|-heal|p1a: Incineroar|73/100|[from] item: Sitrus Berry
|move|p1b: Torkoal|Eruption|p2a: Dragonite
|-activate|p2a: Dragonite|move: Protect
|
|-weather|SunnyDay|[upkeep]
|upkeep
|
|t:|1756407432
|switch|p2b: Kingambit|Kingambit, L50, F|100/100
|turn|11
|
|t:|1756407455
|move|p2b: Kingambit|Sucker Punch|p1b: Torkoal
|-damage|p1b: Torkoal|38/100
|move|p2a: Dragonite|Haze|p2a: Dragonite
|-clearallboost
|move|p1a: Incineroar|Flare Blitz|p2b: Kingambit
|-supereffective|p2b: Kingambit
|-damage|p2b: Kingambit|0 fnt
|faint|p2b: Kingambit
|-damage|p1a: Incineroar|40/100|[from] Recoil
|move|p1b: Torkoal|Eruption|p2a: Dragonite
|-damage|p2a: Dragonite|0 fnt
|faint|p2a: Dragonite
|
|win|gene takavic
|raw|gene takavic's rating: 1144 → 1167(+23 for winning)
|raw|goldenchimchar's rating: 1118 → 1095(-23 for losing)
|l|☆goldenchimchar
|player|p2|
