|j|☆itzmigue7u7
|j|☆testdigi
|html|itzmigue7u7testdigi    
|uhtml|bestof|Game 1 of a best-of-3
|t:|1784308311
|gametype|doubles
|player|p1|itzmigue7u7|ingo|1029
|player|p2|testdigi|1|1059
|gen|9
|tier|[Gen 9 Champions] VGC 2026 Reg M-B (Bo3)
|rated|
|rule|Species Clause: Limit one of each Pokémon
|rule|Item Clause: Limit 1 of each item
|clearpoke
|poke|p1|Staraptor, L50, M|
|poke|p1|Sinistcha, L50|
|poke|p1|Sylveon, L50, F|
|poke|p1|Garchomp, L50, F|
|poke|p1|Basculegion, L50, M|
|poke|p1|Incineroar, L50, F|
|poke|p2|Sneasler, L50, M|
|poke|p2|Delphox, L50, F, shiny|
|poke|p2|Kingambit, L50, M, shiny|
|poke|p2|Sinistcha, L50|
|poke|p2|Incineroar, L50, F|
|poke|p2|Blastoise, L50, F|
|teampreview|4
|showteam|p1|Staraptor||Staraptite|Intimidate|CloseCombat,Roost,DualWingbeat,Protect|Adamant||M|||50|]Sinistcha||FocusSash|Hospitality|MatchaGotcha,RagePowder,Reflect,StrengthSap|Modest|||||50|]Sylveon||Leftovers|Pixilate|HelpingHand,HyperVoice,Protect,MysticalFire|Calm||F|||50|]Garchomp||LifeOrb|RoughSkin|PoisonJab,DragonClaw,Earthquake,Protect|Jolly||F|||50|]Basculegion||ChoiceScarf|Adaptability|PsychicFangs,WaveCrash,FlipTurn,LastRespects|Hasty||M|||50|]Incineroar||SitrusBerry|Intimidate|FakeOut,PartingShot,FlareBlitz,IronHead|Adamant||F|||50|
|showteam|p2|Sneasler||FocusSash|PoisonTouch|PoisonJab,QuickGuard,CloseCombat,FakeOut|Jolly||M|||50|]Delphox||Delphoxite|Blaze|HeatWave,Psychic,NastyPlot,Protect|Timid||F|||50|]Kingambit||LifeOrb|Defiant|KowtowCleave,SuckerPunch,SwordsDance,Protect|Adamant||M|||50|]Sinistcha||ColburBerry|Hospitality|MatchaGotcha,RagePowder,TrickRoom,Protect|Bold|||||50|]Incineroar||SitrusBerry|Intimidate|FlareBlitz,HelpingHand,PartingShot,FakeOut|Impish||F|||50|]Blastoise||Blastoisinite|RainDish|WaterSpout,DarkPulse,ShellSmash,Protect|Modest||F|||50|
|inactive|Battle timer is ON: inactive players will automatically lose when time's up. (requested by itzmigue7u7)
|inactive|testdigi has 60 seconds left.
|
|t:|1784308354
|teamsize|p1|4
|teamsize|p2|4
|start
|switch|p1a: Staraptor|Staraptor, L50, M|100/100
|switch|p1b: Garchomp|Garchomp, L50, F|100/100
|switch|p2a: Incineroar|Incineroar, L50, F|100/100
|switch|p2b: Kingambit|Kingambit, L50, M, shiny|100/100
|-ability|p1a: Staraptor|Intimidate|boost
|-unboost|p2a: Incineroar|atk|1
|-unboost|p2b: Kingambit|atk|1
|-ability|p2b: Kingambit|Defiant|boost
|-boost|p2b: Kingambit|atk|2
|-ability|p2a: Incineroar|Intimidate|boost
|-unboost|p1a: Staraptor|atk|1
|-unboost|p1b: Garchomp|atk|1
|turn|1
|inactive|testdigi has 30 seconds left.
|inactive|testdigi has 20 seconds left.
|inactive|testdigi has 15 seconds left.
|
|t:|1784308395
|detailschange|p1a: Staraptor|Staraptor-Mega, L50, M
|-mega|p1a: Staraptor|Staraptor|Staraptite
|move|p2b: Kingambit|Protect|p2b: Kingambit
|-singleturn|p2b: Kingambit|Protect
|move|p1b: Garchomp|Earthquake|p2b: Kingambit|[spread] p2a
|-activate|p2b: Kingambit|move: Protect
|-immune|p1a: Staraptor
|-supereffective|p2a: Incineroar|1
|-damage|p2a: Incineroar|52/100
|-damage|p1b: Garchomp|90/100|[from] item: Life Orb
|move|p1a: Staraptor|Close Combat|p2b: Kingambit
|-activate|p2b: Kingambit|move: Protect
|move|p2a: Incineroar|Parting Shot|p1b: Garchomp
|-unboost|p1b: Garchomp|atk|1
|-unboost|p1b: Garchomp|spa|1
|
|t:|1784308408
|switch|p2a: Sinistcha|Sinistcha, L50|100/100|[from] Parting Shot
|
|upkeep
|turn|2
|inactive|testdigi has 30 seconds left.
|
|t:|1784308442
|switch|p1b: Sylveon|Sylveon, L50, F|100/100
|move|p2b: Kingambit|Sucker Punch|p1a: Staraptor
|-resisted|p1a: Staraptor|1
|-damage|p1a: Staraptor|61/100
|-damage|p2b: Kingambit|90/100|[from] item: Life Orb
|move|p1a: Staraptor|Close Combat|p2b: Kingambit
|-supereffective|p2b: Kingambit|2
|-damage|p2b: Kingambit|0 fnt
|-boost|p1a: Staraptor|def|1
|-boost|p1a: Staraptor|spd|1
|faint|p2b: Kingambit
|move|p2a: Sinistcha|Trick Room|p2a: Sinistcha
|-fieldstart|move: Trick Room|[of] p2a: Sinistcha
|
|upkeep
|
|t:|1784308450
|switch|p2b: Delphox|Delphox, L50, F, shiny|100/100
|turn|3
|inactive|itzmigue7u7 has 30 seconds left.
|
|t:|1784308480
|detailschange|p2b: Delphox|Delphox-Mega, L50, F, shiny
|-mega|p2b: Delphox|Delphox|Delphoxite
|move|p1b: Sylveon|Helping Hand|p1a: Staraptor
|-singleturn|p1a: Staraptor|Helping Hand|[of] p1b: Sylveon
|move|p2b: Delphox|Protect|p2b: Delphox
|-singleturn|p2b: Delphox|Protect
|move|p2a: Sinistcha|Matcha Gotcha|p1b: Sylveon|[spread] p1a,p1b
|-resisted|p1a: Staraptor|1
|-damage|p1a: Staraptor|53/100
|-damage|p1b: Sylveon|87/100
|move|p1a: Staraptor|Dual Wingbeat|p2a: Sinistcha
|-supereffective|p2a: Sinistcha|1
|-damage|p2a: Sinistcha|59/100
|-supereffective|p2a: Sinistcha|1
|-damage|p2a: Sinistcha|19/100
|-hitcount|p2a: Sinistcha|2
|
|-heal|p1b: Sylveon|93/100|[from] item: Leftovers
|upkeep
|turn|4
|
|t:|1784308503
|move|p2a: Sinistcha|Rage Powder|p2a: Sinistcha
|-singleturn|p2a: Sinistcha|move: Rage Powder
|move|p1b: Sylveon|Hyper Voice|p2b: Delphox|[spread] p2a,p2b
|-resisted|p2b: Delphox|1
|-damage|p2a: Sinistcha|0 fnt
|-damage|p2b: Delphox|85/100
|faint|p2a: Sinistcha
|move|p1a: Staraptor|Dual Wingbeat|p2b: Delphox|[miss]
|-miss|p1a: Staraptor|p2b: Delphox
|move|p2b: Delphox|Psychic|p1a: Staraptor
|-supereffective|p1a: Staraptor|1
|-crit|p1a: Staraptor
|-damage|p1a: Staraptor|0 fnt
|faint|p1a: Staraptor
|
|-heal|p1b: Sylveon|99/100|[from] item: Leftovers
|upkeep
|
|t:|1784308515
|switch|p2a: Incineroar|Incineroar, L50, F|52/100
|switch|p1a: Incineroar|Incineroar, L50, F|100/100
|-ability|p1a: Incineroar|Intimidate|boost
|-unboost|p2a: Incineroar|atk|1
|-unboost|p2b: Delphox|atk|1
|-ability|p2a: Incineroar|Intimidate|boost
|-unboost|p1a: Incineroar|atk|1
|-unboost|p1b: Sylveon|atk|1
|turn|5
|
|t:|1784308528
|move|p1a: Incineroar|Fake Out|p2a: Incineroar
|-damage|p2a: Incineroar|44/100
|-enditem|p2a: Incineroar|Sitrus Berry|[eat]
|-heal|p2a: Incineroar|69/100|[from] item: Sitrus Berry
|cant|p2a: Incineroar|flinch
|move|p1b: Sylveon|Hyper Voice|p2a: Incineroar|[spread] p2a,p2b
|-resisted|p2b: Delphox|1
|-damage|p2a: Incineroar|41/100
|-damage|p2b: Delphox|72/100
|move|p2b: Delphox|Nasty Plot|p2b: Delphox
|-boost|p2b: Delphox|spa|2
|
|-heal|p1b: Sylveon|100/100|[from] item: Leftovers
|upkeep
|turn|6
|inactive|testdigi has 30 seconds left.
|inactive|itzmigue7u7 has 30 seconds left.
|
|t:|1784308572
|move|p2b: Delphox|Protect|p2b: Delphox
|-singleturn|p2b: Delphox|Protect
|move|p1a: Incineroar|Parting Shot|p2b: Delphox
|-activate|p2b: Delphox|move: Protect
|move|p1b: Sylveon|Hyper Voice|p2b: Delphox|[spread] p2a
|-activate|p2b: Delphox|move: Protect
|-damage|p2a: Incineroar|13/100
|move|p2a: Incineroar|Parting Shot|p1b: Sylveon
|-unboost|p1b: Sylveon|atk|1
|-unboost|p1b: Sylveon|spa|1
|
|-fieldend|move: Trick Room
|upkeep
|turn|7
|
|t:|1784308588
|switch|p1b: Garchomp|Garchomp, L50, F|90/100
|move|p2a: Incineroar|Helping Hand|p2b: Delphox
|-singleturn|p2b: Delphox|Helping Hand|[of] p2a: Incineroar
|move|p2b: Delphox|Heat Wave|p1a: Incineroar|[spread] p1a
|-miss|p2b: Delphox|p1b: Garchomp
|-resisted|p1a: Incineroar|1
|-damage|p1a: Incineroar|44/100
|-enditem|p1a: Incineroar|Sitrus Berry|[eat]
|-heal|p1a: Incineroar|69/100|[from] item: Sitrus Berry
|move|p1a: Incineroar|Flare Blitz|p2a: Incineroar
|-resisted|p2a: Incineroar|1
|-damage|p2a: Incineroar|0 fnt
|faint|p2a: Incineroar
|-damage|p1a: Incineroar|64/100|[from] Recoil
|
|upkeep
|turn|8
|-message|testdigi forfeited.
|
|win|itzmigue7u7
|l|☆testdigi
|player|p2|
||testdigi is ready for game 2.
||itzmigue7u7 is ready for game 2.
|uhtml|next|Next: Game 2 of 3
|l|☆itzmigue7u7
|player|p1|
|j|☆testdigi
|player|p2|testdigi|1|
