|j|☆MuseigenTest
|j|☆buf38 zorrogafas
|html|MuseigenTestbuf38 zorrogafas    
|uhtml|bestof|Game 3 of a best-of-3
|t:|1756337833
|gametype|doubles
|player|p1|MuseigenTest|170|1166
|player|p2|buf38 zorrogafas|ghetsis-gen5bw|1131
|gen|9
|tier|[Gen 9] VGC 2025 Reg H (Bo3)
|rated|
|rule|Species Clause: Limit one of each Pokémon
|rule|Item Clause: Limit 1 of each item
|clearpoke
|poke|p1|Sneasler, L50, F|
|poke|p1|Indeedee, L50, M|
|poke|p1|Volcarona, L50, M|
|poke|p1|Ursaluna-Bloodmoon, L50, M|
|poke|p1|Annihilape, L50, F|
|poke|p1|Tyranitar, L50, M|
|poke|p2|Primarina, L50, F|
|poke|p2|Kingambit, L50, F|
|poke|p2|Zoroark-Hisui, L50, M|
|poke|p2|Rillaboom, L50, F|
|poke|p2|Grimmsnarl, L50, M|
|poke|p2|Volcarona, L50, F|
|teampreview|4
|showteam|p1|Sneasler||PsychicSeed|Unburden|CloseCombat,DireClaw,ThroatChop,Protect|||F|||50|,,,,,Dark]Indeedee||ChoiceScarf|PsychicSurge|ExpandingForce,TeraBlast,Trick,Protect|||M|||50|,,,,,Psychic]Volcarona||SitrusBerry|FlameBody|Overheat,StruggleBug,RagePowder,Tailwind|||M|||50|,,,,,Grass]Ursaluna-Bloodmoon||LifeOrb|MindsEye|BloodMoon,HyperVoice,EarthPower,Protect|||M|||50|,,,,,Normal]Annihilape||SafetyGoggles|Defiant|CloseCombat,RageFist,Taunt,FinalGambit|||F|||50|,,,,,Fairy]Tyranitar||AssaultVest|SandStream|RockSlide,KnockOff,TeraBlast,LowKick|||M|||50|,,,,,Flying
|showteam|p2|Primarina||ThroatSpray|LiquidVoice|HyperVoice,Moonblast,CalmMind,Protect|||F|||50|,,,,,Fire]Kingambit||BlackGlasses|Defiant|SuckerPunch,KowtowCleave,SwordsDance,Protect|||F|||50|,,,,,Dark]Zoroark-Hisui||FocusSash|Illusion|ShadowBall,HyperVoice,Taunt,WillOWisp|||M|||50|,,,,,Normal]Rillaboom||AssaultVest|GrassySurge|GrassyGlide,WoodHammer,FakeOut,HighHorsepower|||F|||50|,,,,,Fire]Grimmsnarl||LightClay|Prankster|SpiritBreak,Reflect,LightScreen,ThunderWave|||M|||50|,,,,,Ghost]Volcarona||Leftovers|FlameBody|Flamethrower,Protect,GigaDrain,QuiverDance|||F|||50|,,,,,Grass
|inactive|Battle timer is ON: inactive players will automatically lose when time's up. (requested by MuseigenTest)
|
|t:|1756337869
|teamsize|p1|4
|teamsize|p2|4
|start
|switch|p1a: Annihilape|Annihilape, L50, F|100/100
|switch|p1b: Ursaluna|Ursaluna-Bloodmoon, L50, M|100/100
|switch|p2a: Volcarona|Volcarona, L50, F|100/100
|switch|p2b: Rillaboom|Rillaboom, L50, F|100/100
|-fieldstart|move: Grassy Terrain|[from] ability: Grassy Surge|[of] p2b: Rillaboom
|turn|1
|inactive|MuseigenTest has 30 seconds left.
|inactive|MuseigenTest has 20 seconds left.
|inactive|MuseigenTest has 15 seconds left.
|inactive|buf38 zorrogafas has 30 seconds left.
|inactive|MuseigenTest has 10 seconds left.
|inactive|MuseigenTest has 5 seconds left.
|inactive|buf38 zorrogafas has 20 seconds left.
|
|t:|1756337923
|move|p1b: Ursaluna|Protect|p1b: Ursaluna
|-singleturn|p1b: Ursaluna|Protect
|move|p1a: Annihilape|Final Gambit|p2a: Volcarona
|-damage|p2a: Volcarona|0 fnt
|faint|p1a: Annihilape
|faint|p2a: Volcarona
|move|p2b: Rillaboom|Wood Hammer|p1b: Ursaluna
|-activate|p1b: Ursaluna|move: Protect
|
|upkeep
|
|t:|1756337933
|switch|p1a: Sneasler|Sneasler, L50, F|100/100
|switch|p2a: Grimmsnarl|Grimmsnarl, L50, M|100/100
|turn|2
|
|t:|1756337955
|-terastallize|p2b: Rillaboom|Fire
|-terastallize|p1b: Ursaluna|Normal
|move|p2a: Grimmsnarl|Light Screen|p2a: Grimmsnarl
|-sidestart|p2: buf38 zorrogafas|move: Light Screen
|move|p1a: Sneasler|Dire Claw|p2b: Rillaboom
|-damage|p2b: Rillaboom|57/100
|move|p2b: Rillaboom|High Horsepower|p1a: Sneasler
|-supereffective|p1a: Sneasler
|-damage|p1a: Sneasler|0 fnt
|faint|p1a: Sneasler
|move|p1b: Ursaluna|Hyper Voice|p2b: Rillaboom|[spread] p2a,p2b
|-damage|p2a: Grimmsnarl|59/100
|-damage|p2b: Rillaboom|20/100
|-damage|p1b: Ursaluna|91/100|[from] item: Life Orb
|
|-heal|p2b: Rillaboom|26/100|[from] Grassy Terrain
|-heal|p1b: Ursaluna|97/100|[from] Grassy Terrain
|-heal|p2a: Grimmsnarl|65/100|[from] Grassy Terrain
|upkeep
|
|t:|1756337971
|switch|p1a: Indeedee|Indeedee, L50, M|100/100
|-fieldstart|move: Psychic Terrain|[from] ability: Psychic Surge|[of] p1a: Indeedee
|turn|3
|
|t:|1756337980
|switch|p2b: Kingambit|Kingambit, L50, F, shiny|100/100
|move|p1a: Indeedee|Expanding Force|p2b: Kingambit|[spread] 
|-immune|p2a: Grimmsnarl
|-immune|p2b: Kingambit
|move|p1b: Ursaluna|Blood Moon|p2a: Grimmsnarl
|-damage|p2a: Grimmsnarl|0 fnt
|faint|p2a: Grimmsnarl
|-damage|p1b: Ursaluna|87/100|[from] item: Life Orb
|
|upkeep
|
|t:|1756337989
|switch|p2a: Rillaboom|Rillaboom, L50, F, tera:Fire|26/100
|-fieldstart|move: Grassy Terrain|[from] ability: Grassy Surge|[of] p2a: Rillaboom
|turn|4
|
|t:|1756337999
|move|p2a: Rillaboom|Fake Out|p1b: Ursaluna
|-damage|p1b: Ursaluna|76/100
|move|p1a: Indeedee|Expanding Force|p2a: Rillaboom
|-damage|p2a: Rillaboom|4/100
|cant|p1b: Ursaluna|flinch
|move|p2b: Kingambit|Swords Dance|p2b: Kingambit
|-boost|p2b: Kingambit|atk|2
|
|-heal|p2a: Rillaboom|10/100|[from] Grassy Terrain
|-heal|p1b: Ursaluna|82/100|[from] Grassy Terrain
|upkeep
|turn|5
|inactive|MuseigenTest has 30 seconds left.
|
|t:|1756338026
|move|p2a: Rillaboom|Grassy Glide|p1b: Ursaluna
|-damage|p1b: Ursaluna|51/100
|move|p1a: Indeedee|Expanding Force|p2a: Rillaboom
|-damage|p2a: Rillaboom|0 fnt
|faint|p2a: Rillaboom
|move|p1b: Ursaluna|Earth Power|p2b: Kingambit
|-supereffective|p2b: Kingambit
|-damage|p2b: Kingambit|19/100
|-damage|p1b: Ursaluna|42/100|[from] item: Life Orb
|move|p2b: Kingambit|Kowtow Cleave|p1a: Indeedee
|-supereffective|p1a: Indeedee
|-damage|p1a: Indeedee|0 fnt
|faint|p1a: Indeedee
|
|-heal|p1b: Ursaluna|48/100|[from] Grassy Terrain
|-heal|p2b: Kingambit|25/100|[from] Grassy Terrain
|upkeep
|turn|6
|
|t:|1756338047
|move|p2b: Kingambit|Sucker Punch|p1b: Ursaluna
|-damage|p1b: Ursaluna|0 fnt
|faint|p1b: Ursaluna
|
|win|buf38 zorrogafas
|raw|MuseigenTest's rating: 1166 → 1138(-28 for losing)
|raw|buf38 zorrogafas's rating: 1131 → 1159(+28 for winning)
|c|☆MuseigenTest|gg
|c|☆buf38 zorrogafas|gg
|l|☆buf38 zorrogafas
|player|p2|
