|j|☆GT=HLR
|j|☆Smasho
|html|GT=HLRSmasho    
|uhtml|bestof|Game 2 of a best-of-3
|t:|1784564766
|gametype|doubles
|player|p1|GT=HLR|liza|1040
|player|p2|Smasho|riley|1157
|gen|9
|tier|[Gen 9 Champions] VGC 2026 Reg M-B (Bo3)
|rated|
|rule|Species Clause: Limit one of each Pokémon
|rule|Item Clause: Limit 1 of each item
|clearpoke
|poke|p1|Feraligatr, L50, M|
|poke|p1|Whimsicott, L50, M|
|poke|p1|Farigiraf, L50, F|
|poke|p1|Chesnaught, L50, F, shiny|
|poke|p1|Aegislash, L50, M|
|poke|p1|Armarouge, L50, F|
|poke|p2|Arcanine, L50, F|
|poke|p2|Farigiraf, L50, M|
|poke|p2|Sinistcha, L50|
|poke|p2|Chesnaught, L50, M|
|poke|p2|Camerupt, L50, M|
|poke|p2|Incineroar, L50, M|
|teampreview|4
|showteam|p1|Feraligatr||Feraligite|SheerForce|Liquidation,Protect,SwordsDance,DoubleEdge|Adamant||M|||50|]Whimsicott||FocusSash|Prankster|Moonblast,Tailwind,Encore,Taunt|Timid||M|||50|]Farigiraf||MentalHerb|ArmorTail|HyperVoice,Imprison,TrickRoom,TwinBeam|Bold||F|||50|]Chesnaught||Chesnaughtite|Bulletproof|BodyPress,WideGuard,WoodHammer,RockSlide|Sassy||F|||50|]Aegislash||OccaBerry|StanceChange|SacredSword,KingsShield,IronHead,Poltergeist|Adamant||M|||50|]Armarouge||LifeOrb|FlashFire|ArmorCannon,Protect,Psychic,AuraSphere|Modest||F|||50|
|showteam|p2|Arcanine||Leftovers|FlashFire|Howl,FlareBlitz,ExtremeSpeed,Protect|Sassy||F|||50|]Farigiraf||SitrusBerry|ArmorTail|Thunderbolt,TwinBeam,TrickRoom,Protect|Sassy||M|||50|]Sinistcha||BigRoot|Hospitality|MatchaGotcha,TrickRoom,RagePowder,Protect|Sassy|||||50|]Chesnaught||Chesnaughtite|Overgrow|BulkUp,DrainPunch,KnockOff,Protect|Sassy||M|||50|]Camerupt||Cameruptite|MagmaArmor|EarthPower,Eruption,FlashCannon,Protect|Quiet||M|||50|]Incineroar||LifeOrb|Intimidate|FlareBlitz,ThroatChop,FakeOut,PartingShot|Sassy||M|||50|
|inactive|Battle timer is ON: inactive players will automatically lose when time's up. (requested by GT=HLR)
|
|t:|1784564788
|teamsize|p1|4
|teamsize|p2|4
|start
|switch|p1a: Feraligatr|Feraligatr, L50, M|100/100
|switch|p1b: Farigiraf|Farigiraf, L50, F|100/100
|switch|p2a: Arcanine|Arcanine, L50, F|100/100
|switch|p2b: Incineroar|Incineroar, L50, M|100/100
|-ability|p2b: Incineroar|Intimidate|boost
|-unboost|p1a: Feraligatr|atk|1
|-unboost|p1b: Farigiraf|atk|1
|turn|1
|
|t:|1784564803
|switch|p2b: Chesnaught|Chesnaught, L50, M|100/100
|detailschange|p1a: Feraligatr|Feraligatr-Mega, L50, M
|-mega|p1a: Feraligatr|Feraligatr|Feraligite
|move|p1a: Feraligatr|Swords Dance|p1a: Feraligatr
|-boost|p1a: Feraligatr|atk|2
|move|p2a: Arcanine|Howl|p2a: Arcanine|[spread] p2a,p2b
|-boost|p2a: Arcanine|atk|1
|-boost|p2b: Chesnaught|atk|1
|move|p1b: Farigiraf|Twin Beam|p2a: Arcanine
|-damage|p2a: Arcanine|87/100
|-damage|p2a: Arcanine|74/100
|-hitcount|p2a: Arcanine|2
|
|-heal|p2a: Arcanine|80/100|[from] item: Leftovers
|upkeep
|turn|2
|
|t:|1784564816
|switch|p2a: Incineroar|Incineroar, L50, M|100/100
|-ability|p2a: Incineroar|Intimidate|boost
|-unboost|p1a: Feraligatr|atk|1
|-unboost|p1b: Farigiraf|atk|1
|detailschange|p2b: Chesnaught|Chesnaught-Mega, L50, M
|-mega|p2b: Chesnaught|Chesnaught|Chesnaughtite
|move|p1a: Feraligatr|Swords Dance|p1a: Feraligatr
|-boost|p1a: Feraligatr|atk|2
|move|p1b: Farigiraf|Hyper Voice|p2a: Incineroar|[spread] p2a,p2b
|-damage|p2a: Incineroar|80/100
|-damage|p2b: Chesnaught|84/100
|move|p2b: Chesnaught|Knock Off|p1b: Farigiraf
|-supereffective|p1b: Farigiraf|1
|-damage|p1b: Farigiraf|30/100
|-enditem|p1b: Farigiraf|Mental Herb|[from] move: Knock Off|[of] p2b: Chesnaught
|
|upkeep
|turn|3
|
|t:|1784564836
|switch|p2a: Sinistcha|Sinistcha, L50|100/100
|-heal|p2b: Chesnaught|100/100|[from] ability: Hospitality|[of] p2a: Sinistcha
|move|p1a: Feraligatr|Protect|p1a: Feraligatr
|-singleturn|p1a: Feraligatr|Protect
|move|p1b: Farigiraf|Hyper Voice|p2b: Chesnaught|[spread] p2b
|-immune|p2a: Sinistcha
|-damage|p2b: Chesnaught|84/100
|move|p2b: Chesnaught|Drain Punch|p1b: Farigiraf
|-damage|p1b: Farigiraf|0 fnt
|-heal|p2b: Chesnaught|100/100|[from] drain|[of] p1b: Farigiraf
|faint|p1b: Farigiraf
|
|upkeep
|
|t:|1784564841
|switch|p1b: Armarouge|Armarouge, L50, F|100/100
|turn|4
|inactive|Smasho has 30 seconds left.
|
|t:|1784564870
|switch|p2a: Incineroar|Incineroar, L50, M|80/100
|-ability|p2a: Incineroar|Intimidate|boost
|-unboost|p1a: Feraligatr|atk|1
|-unboost|p1b: Armarouge|atk|1
|move|p1a: Feraligatr|Double-Edge|p2a: Incineroar
|-damage|p2a: Incineroar|0 fnt
|faint|p2a: Incineroar
|-damage|p1a: Feraligatr|66/100|[from] Recoil
|move|p1b: Armarouge|Armor Cannon|p2b: Chesnaught
|-supereffective|p2b: Chesnaught|1
|-damage|p2b: Chesnaught|0 fnt
|-unboost|p1b: Armarouge|def|1
|-unboost|p1b: Armarouge|spd|1
|faint|p2b: Chesnaught
|-damage|p1b: Armarouge|90/100|[from] item: Life Orb
|
|upkeep
|
|t:|1784564878
|switch|p2a: Sinistcha|Sinistcha, L50|100/100
|switch|p2b: Arcanine|Arcanine, L50, F|80/100
|-heal|p2b: Arcanine|100/100|[from] ability: Hospitality|[of] p2a: Sinistcha
|turn|5
|-message|Smasho forfeited.
|
|win|GT=HLR
|raw|GT=HLR's rating: 1040 → 1085(+45 for winning)
|raw|Smasho's rating: 1157 → 1124(-33 for losing)
|l|☆Smasho
|player|p2|
