|j|☆Daniw9
|j|☆felasmiguel
|html|Daniw9felasmiguel    
|uhtml|bestof|Game 2 of a best-of-3
|t:|1756485652
|gametype|doubles
|player|p1|Daniw9|2|1203
|player|p2|felasmiguel|scientist|1111
|gen|9
|tier|[Gen 9] VGC 2025 Reg H (Bo3)
|rated|
|rule|Species Clause: Limit one of each Pokémon
|rule|Item Clause: Limit 1 of each item
|clearpoke
|poke|p1|Garchomp, L50, F|
|poke|p1|Tyranitar, L50, F|
|poke|p1|Delphox, L50, F|
|poke|p1|Indeedee-F, L50, F|
|poke|p1|Gallade, L50, M|
|poke|p1|Whimsicott, L50, F|
|poke|p2|Metagross, L50|
|poke|p2|Mienshao, L50, M|
|poke|p2|Sinistcha, L50|
|poke|p2|Frosmoth, L50, M|
|poke|p2|Glimmora, L50, F|
|poke|p2|Ninetales-Alola, L50, M|
|teampreview|4
|showteam|p1|Garchomp||LifeOrb|SandVeil|Earthquake,StompingTantrum,Protect,DragonClaw|||F|||50|,,,,,Steel]Tyranitar||AssaultVest|SandStream|RockSlide,TeraBlast,KnockOff,LowKick|||F|||50|,,,,,Flying]Delphox||PsychicSeed|Magician|ExpandingForce,HeatWave,TeraBlast,Protect|||F|||50|,,,,,Fairy]Indeedee-F||SafetyGoggles|PsychicSurge|DazzlingGleam,TrickRoom,FollowMe,HelpingHand|||F|||50|,,,,,Water]Gallade||ClearAmulet|Sharpness|SacredSword,PsychoCut,TrickRoom,Protect|||M|||50|,,,,,Grass]Whimsicott||CovertCloak|Prankster|Moonblast,Tailwind,Encore,Protect|||F|||50|,,,,,Ghost
|showteam|p2|Metagross||AssaultVest|ClearBody|HardPress,PsychicFangs,BulletPunch,StompingTantrum||||||50|,,,,,Dragon]Mienshao||FocusSash|InnerFocus|CloseCombat,WideGuard,Taunt,Coaching|||M|||50|,,,,,Fighting]Sinistcha||RockyHelmet|Hospitality|LifeDew,MatchaGotcha,RagePowder,TrickRoom||||||50|,,,,,Dark]Frosmoth||SafetyGoggles|IceScales|QuiverDance,IceBeam,TeraBlast,Protect|||M|||50|,,,,,Electric]Glimmora||PowerHerb|Corrosion|MeteorBeam,Toxic,SpikyShield,EarthPower|||F|||50|,,,,,Grass]Ninetales-Alola||LightClay|SnowWarning|AuroraVeil,FreezeDry,Encore,Protect|||M|||50|,,,,,Ghost
|
|t:|1756485668
|teamsize|p1|4
|teamsize|p2|4
|start
|switch|p1a: Indeedee|Indeedee-F, L50, F|100/100
|switch|p1b: Delphox|Delphox, L50, F|100/100
|switch|p2a: Metagross|Metagross, L50|100/100
|switch|p2b: Mienshao|Mienshao, L50, M|100/100
|-fieldstart|move: Psychic Terrain|[from] ability: Psychic Surge|[of] p1a: Indeedee
|-enditem|p1b: Delphox|Psychic Seed
|-boost|p1b: Delphox|spd|1|[from] item: Psychic Seed
|turn|1
|
|t:|1756485702
|move|p2b: Mienshao|Wide Guard|p2b: Mienshao
|-singleturn|p2b: Mienshao|Wide Guard
|move|p1a: Indeedee|Follow Me|p1a: Indeedee
|-singleturn|p1a: Indeedee|move: Follow Me
|move|p1b: Delphox|Heat Wave|p2b: Mienshao|[spread] 
|-activate|p2a: Metagross|move: Wide Guard
|-activate|p2b: Mienshao|move: Wide Guard
|move|p2a: Metagross|Stomping Tantrum|p1a: Indeedee
|-damage|p1a: Indeedee|70/100
|
|upkeep
|turn|2
|
|t:|1756485741
|move|p1a: Indeedee|Follow Me|p1a: Indeedee
|-singleturn|p1a: Indeedee|move: Follow Me
|move|p2b: Mienshao|Coaching|p2a: Metagross
|-boost|p2a: Metagross|atk|1
|-boost|p2a: Metagross|def|1
|move|p1b: Delphox|Heat Wave|p2a: Metagross|[spread] p2a,p2b
|-supereffective|p2a: Metagross
|-damage|p2a: Metagross|51/100
|-damage|p2b: Mienshao|35/100
|-item|p1b: Delphox|Focus Sash|[from] ability: Magician|[of] p2b: Mienshao
|move|p2a: Metagross|Hard Press|p1a: Indeedee
|-damage|p1a: Indeedee|8/100
|
|upkeep
|turn|3
|
|t:|1756485767
|move|p2b: Mienshao|Wide Guard|p2b: Mienshao
|-singleturn|p2b: Mienshao|Wide Guard
|move|p1a: Indeedee|Follow Me|p1a: Indeedee
|-singleturn|p1a: Indeedee|move: Follow Me
|move|p1b: Delphox|Tera Blast|p2b: Mienshao
|-damage|p2b: Mienshao|0 fnt
|faint|p2b: Mienshao
|move|p2a: Metagross|Stomping Tantrum|p1a: Indeedee
|-crit|p1a: Indeedee
|-damage|p1a: Indeedee|0 fnt
|faint|p1a: Indeedee
|
|upkeep
|
|t:|1756485776
|switch|p2b: Ninetales|Ninetales-Alola, L50, M|100/100
|switch|p1a: Garchomp|Garchomp, L50, F|100/100
|-weather|Snowscape|[from] ability: Snow Warning|[of] p2b: Ninetales
|turn|4
|
|t:|1756485806
|switch|p1b: Tyranitar|Tyranitar, L50, F|100/100
|-weather|Sandstorm|[from] ability: Sand Stream|[of] p1b: Tyranitar
|-terastallize|p1a: Garchomp|Steel
|-terastallize|p2a: Metagross|Dragon
|move|p2b: Ninetales|Protect|p2b: Ninetales
|-singleturn|p2b: Ninetales|Protect
|move|p1a: Garchomp|Stomping Tantrum|p2a: Metagross
|-damage|p2a: Metagross|24/100
|-damage|p1a: Garchomp|91/100|[from] item: Life Orb
|move|p2a: Metagross|Hard Press|p1b: Tyranitar
|-supereffective|p1b: Tyranitar
|-damage|p1b: Tyranitar|0 fnt
|faint|p1b: Tyranitar
|
|-weather|Sandstorm|[upkeep]
|-damage|p2b: Ninetales|94/100|[from] Sandstorm
|-damage|p2a: Metagross|18/100|[from] Sandstorm
|upkeep
|
|t:|1756485823
|switch|p1b: Delphox|Delphox, L50, F|100/100
|turn|5
|
|t:|1756485844
|switch|p2a: Sinistcha|Sinistcha, L50|100/100
|-heal|p2b: Ninetales|100/100|[from] ability: Hospitality|[of] p2a: Sinistcha
|move|p2b: Ninetales|Encore|p1a: Garchomp|[miss]
|-miss|p2b: Ninetales|p1a: Garchomp
|move|p1b: Delphox|Expanding Force|p2a: Sinistcha|[spread] p2a,p2b
|-damage|p2a: Sinistcha|34/100
|-damage|p2b: Ninetales|48/100
|move|p1a: Garchomp|Stomping Tantrum|p2b: Ninetales
|-crit|p2b: Ninetales
|-damage|p2b: Ninetales|0 fnt
|faint|p2b: Ninetales
|-damage|p1a: Garchomp|81/100|[from] item: Life Orb
|
|-weather|Sandstorm|[upkeep]
|-damage|p1b: Delphox|95/100|[from] Sandstorm
|-damage|p2a: Sinistcha|28/100|[from] Sandstorm
|-fieldend|move: Psychic Terrain
|upkeep
|
|t:|1756485851
|switch|p2b: Metagross|Metagross, L50, tera:Dragon|18/100
|turn|6
|-message|felasmiguel forfeited.
|
|win|Daniw9
|l|☆felasmiguel
|player|p2|
||Daniw9 is ready for game 3.
||felasmiguel is ready for game 3.
|uhtml|next|Next: Game 3 of 3
