|j|☆ToastedArt
|j|☆clevername 30
|html|ToastedArtclevername 30    
|uhtml|bestof|Game 1 of a best-of-3
|t:|1784480845
|gametype|doubles
|player|p1|ToastedArt|clemont|1060
|player|p2|clevername 30|rancher|1037
|gen|9
|tier|[Gen 9 Champions] VGC 2026 Reg M-B (Bo3)
|rated|
|rule|Species Clause: Limit one of each Pokémon
|rule|Item Clause: Limit 1 of each item
|clearpoke
|poke|p1|Falinks, L50, shiny|
|poke|p1|Incineroar, L50, M|
|poke|p1|Vanilluxe, L50, F, shiny|
|poke|p1|Basculegion, L50, M, shiny|
|poke|p1|Sneasler, L50, F|
|poke|p1|Dragonite, L50, M, shiny|
|poke|p2|Houndoom, L50, M|
|poke|p2|Torkoal, L50, F|
|poke|p2|Tauros-Paldea-Aqua, L50, M|
|poke|p2|Whimsicott, L50, F|
|poke|p2|Primarina, L50, M|
|poke|p2|Raichu, L50, M, shiny|
|teampreview|4
|showteam|p1|Falinks||Falinksite|Defiant|NoRetreat,CloseCombat,RockSlide,Protect|Adamant|||||50|]Incineroar||Charcoal|Intimidate|FlareBlitz,ThroatChop,FakeOut,PartingShot|Adamant||M|||50|]Vanilluxe||ChoiceScarf|SnowWarning|Blizzard,FreezeDry,IcyWind,SheerCold|Modest||F|||50|]Basculegion||SitrusBerry|Adaptability|WaveCrash,LastRespects,AquaJet,Protect|Adamant||M|||50|]Sneasler||FocusSash|PoisonTouch|PoisonJab,CloseCombat,FakeOut,Coaching|Jolly||F|||50|]Dragonite||DragonFang|Multiscale|DragonClaw,ExtremeSpeed,LowKick,Tailwind|Adamant||M|||50|
|showteam|p2|Houndoom||Houndoominite|FlashFire|HeatWave,SuckerPunch,Protect,NastyPlot|Hasty||M|||50|]Torkoal||Charcoal|Drought|EarthPower,Eruption,WillOWisp,SunnyDay|Calm||F|||50|]Tauros-Paldea-Aqua||LifeOrb|Intimidate|CloseCombat,Protect,AquaJet,WaveCrash|Jolly||M|||50|]Whimsicott||FocusSash|Prankster|Tailwind,Moonblast,Charm,CottonSpore|Serious||F|||50|]Primarina||SitrusBerry|LiquidVoice|IcyWind,HyperVoice,Protect,FlipTurn|Calm||M|||50|]Raichu||RaichuniteY|Static|ZapCannon,FakeOut,GrassKnot,Protect|Hasty||M|||50|
|inactive|Battle timer is ON: inactive players will automatically lose when time's up. (requested by clevername 30)
|inactive|ToastedArt also wants the timer to be on.
|inactive|ToastedArt has 60 seconds left.
|inactive|clevername 30 has 60 seconds left.
|
|t:|1784480902
|teamsize|p1|4
|teamsize|p2|4
|start
|switch|p1a: Basculegion|Basculegion, L50, M, shiny|100/100
|switch|p1b: Sneasler|Sneasler, L50, F|100/100
|switch|p2a: Primarina|Primarina, L50, M|100/100
|switch|p2b: Tauros|Tauros-Paldea-Aqua, L50, M|100/100
|-ability|p2b: Tauros|Intimidate|boost
|-unboost|p1a: Basculegion|atk|1
|-unboost|p1b: Sneasler|atk|1
|turn|1
|
|t:|1784480924
|move|p2b: Tauros|Protect|p2b: Tauros
|-singleturn|p2b: Tauros|Protect
|move|p1a: Basculegion|Protect|p1a: Basculegion
|-singleturn|p1a: Basculegion|Protect
|move|p1b: Sneasler|Poison Jab|p2a: Primarina
|-supereffective|p2a: Primarina|1
|-damage|p2a: Primarina|39/100
|-status|p2a: Primarina|psn
|-enditem|p2a: Primarina|Sitrus Berry|[eat]
|-heal|p2a: Primarina|63/100 psn|[from] item: Sitrus Berry
|move|p2a: Primarina|Hyper Voice|p1a: Basculegion|[spread] p1b
|-activate|p1a: Basculegion|move: Protect
|-damage|p1b: Sneasler|61/100
|
|-damage|p2a: Primarina|51/100 psn|[from] psn
|upkeep
|turn|2
|inactive|clevername 30 has 30 seconds left.
|inactive|clevername 30 has 20 seconds left.
|
|t:|1784480959
|move|p2a: Primarina|Protect|p2a: Primarina
|-singleturn|p2a: Primarina|Protect
|move|p1b: Sneasler|Coaching|p1a: Basculegion
|-boost|p1a: Basculegion|atk|1
|-boost|p1a: Basculegion|def|1
|move|p2b: Tauros|Wave Crash|p1b: Sneasler
|-damage|p1b: Sneasler|0 fnt
|faint|p1b: Sneasler
|-damage|p2b: Tauros|79/100|[from] Recoil
|-damage|p2b: Tauros|69/100|[from] item: Life Orb
|move|p1a: Basculegion|Wave Crash|p2b: Tauros
|-resisted|p2b: Tauros|1
|-damage|p2b: Tauros|24/100
|-damage|p1a: Basculegion|89/100|[from] Recoil
|
|-damage|p2a: Primarina|39/100 psn|[from] psn
|upkeep
|
|t:|1784480967
|switch|p1b: Vanilluxe|Vanilluxe, L50, F, shiny|100/100
|-weather|Snowscape|[from] ability: Snow Warning|[of] p1b: Vanilluxe
|turn|3
|
|t:|1784480988
|switch|p1b: Falinks|Falinks, L50, shiny|100/100
|move|p2b: Tauros|Close Combat|p1b: Falinks
|-crit|p1b: Falinks
|-damage|p1b: Falinks|0 fnt
|-unboost|p2b: Tauros|def|1
|-unboost|p2b: Tauros|spd|1
|faint|p1b: Falinks
|-damage|p2b: Tauros|14/100|[from] item: Life Orb
|move|p1a: Basculegion|Last Respects|p2b: Tauros
|-damage|p2b: Tauros|0 fnt
|faint|p2b: Tauros
|move|p2a: Primarina|Icy Wind|p1a: Basculegion
|-resisted|p1a: Basculegion|1
|-damage|p1a: Basculegion|81/100
|-unboost|p1a: Basculegion|spe|1
|
|-weather|Snowscape|[upkeep]
|-damage|p2a: Primarina|26/100 psn|[from] psn
|upkeep
|
|t:|1784481010
|switch|p2b: Raichu|Raichu, L50, M, shiny|100/100
|switch|p1b: Vanilluxe|Vanilluxe, L50, F, shiny|100/100
|turn|4
|
|t:|1784481029
|detailschange|p2b: Raichu|Raichu-Mega-Y, L50, M, shiny
|-mega|p2b: Raichu|Raichu|Raichunite Y
|move|p2b: Raichu|Protect|p2b: Raichu
|-singleturn|p2b: Raichu|Protect
|move|p1a: Basculegion|Protect|p1a: Basculegion
|-singleturn|p1a: Basculegion|Protect
|move|p1b: Vanilluxe|Icy Wind|p2b: Raichu|[spread] p2a
|-activate|p2b: Raichu|move: Protect
|-resisted|p2a: Primarina|1
|-damage|p2a: Primarina|20/100y psn
|-unboost|p2a: Primarina|spe|1
|move|p2a: Primarina|Icy Wind|p1a: Basculegion|[spread] p1b
|-activate|p1a: Basculegion|move: Protect
|-resisted|p1b: Vanilluxe|1
|-damage|p1b: Vanilluxe|93/100
|-unboost|p1b: Vanilluxe|spe|1
|
|-weather|Snowscape|[upkeep]
|-damage|p2a: Primarina|8/100 psn|[from] psn
|upkeep
|turn|5
|
|t:|1784481058
|move|p2b: Raichu|Zap Cannon|p1a: Basculegion
|-supereffective|p1a: Basculegion|1
|-damage|p1a: Basculegion|0 fnt
|faint|p1a: Basculegion
|move|p1b: Vanilluxe|Icy Wind|p2a: Primarina|[spread] p2a,p2b
|-resisted|p2a: Primarina|1
|-damage|p2a: Primarina|1/100 psn
|-damage|p2b: Raichu|66/100
|-unboost|p2a: Primarina|spe|1
|-unboost|p2b: Raichu|spe|1
|move|p2a: Primarina|Hyper Voice|p1b: Vanilluxe
|-damage|p1b: Vanilluxe|43/100
|
|-weather|Snowscape|[upkeep]
|-damage|p2a: Primarina|0 fnt|[from] psn
|faint|p2a: Primarina
|upkeep
|-message|ToastedArt forfeited.
|
|win|clevername 30
