|j|☆Ragnix
|j|☆DonVGC
|html|RagnixDonVGC    
|uhtml|bestof|Game 1 of a best-of-3
|t:|1757641076
|gametype|doubles
|player|p1|Ragnix|1|
|player|p2|DonVGC|265|
|gen|9
|tier|[Gen 9] VGC 2025 Reg H (Bo3)
|rule|Species Clause: Limit one of each Pokémon
|rule|Item Clause: Limit 1 of each item
|clearpoke
|poke|p1|Whimsicott, L50, M|
|poke|p1|Ursaluna-Bloodmoon, L50, M|
|poke|p1|Archaludon, L50, M|
|poke|p1|Politoed, L50, M|
|poke|p1|Typhlosion-Hisui, L50, F|
|poke|p1|Indeedee-F, L50, F|
|poke|p2|Clodsire, L50, M|
|poke|p2|Rillaboom, L50, F|
|poke|p2|Pelipper, L50, F|
|poke|p2|Archaludon, L50, F|
|poke|p2|Talonflame, L50, F|
|poke|p2|Kingdra, L50, M|
|teampreview|4
|showteam|p1|Whimsicott||CovertCloak|Prankster|Tailwind,Moonblast,SunnyDay,Encore|||M|||50|,,,,,Fire]Ursaluna-Bloodmoon||LifeOrb|MindsEye|EarthPower,BloodMoon,HyperVoice,Protect|||M|||50|,,,,,Normal]Archaludon||AssaultVest|Stamina|ElectroShot,FlashCannon,BodyPress,DracoMeteor|||M|||50|,,,,,Grass]Politoed||SitrusBerry|Drizzle|PerishSong,Haze,WeatherBall,Protect|||M|||50|,,,,,Grass]Typhlosion-Hisui||ChoiceSpecs|Blaze|Eruption,HeatWave,InfernalParade,SolarBeam|||F|||50|,,,,,Fire]Indeedee-F||PsychicSeed|PsychicSurge|TrickRoom,FollowMe,Imprison,Psychic|||F|||50|,,,,,Fairy
|showteam|p2|Clodsire||FigyBerry|WaterAbsorb|Yawn,HighHorsepower,HelpingHand,Recover|||M|||50|,,,,,Grass]Rillaboom||AssaultVest|GrassySurge|FakeOut,HammerArm,GrassyGlide,WoodHammer|||F|||50|,,,,,Grass]Pelipper||FocusSash|Drizzle|Protect,Tailwind,Hurricane,WeatherBall|||F|||50|,,,,,Flying]Archaludon||PowerHerb|Stamina|AuraSphere,ElectroShot,FlashCannon,DracoMeteor|||F|||50|,,,,,Fighting]Talonflame||ChoiceBand|GaleWings|BraveBird,Uturn,FlareBlitz,Feint|||F|||50|,,,,,Flying]Kingdra||LifeOrb|SwiftSwim|MuddyWater,WeatherBall,Protect,DracoMeteor|||M|||50|,,,,,Water
|
|t:|1757641146
|teamsize|p1|4
|teamsize|p2|4
|start
|switch|p1a: Archaludon|Archaludon, L50, M|100/100
|switch|p1b: Whimsicott|Whimsicott, L50, M|100/100
|switch|p2a: Talonflame|Talonflame, L50, F|100/100
|switch|p2b: Archaludon|Archaludon, L50, F|100/100
|turn|1
|
|t:|1757641225
|move|p1b: Whimsicott|Tailwind|p1b: Whimsicott
|-sidestart|p1: Ragnix|move: Tailwind
|move|p1a: Archaludon|Draco Meteor|p2a: Talonflame
|-damage|p2a: Talonflame|0 fnt
|-unboost|p1a: Archaludon|spa|2
|faint|p2a: Talonflame
|move|p2b: Archaludon|Electro Shot||[still]
|-prepare|p2b: Archaludon|Electro Shot
|-boost|p2b: Archaludon|spa|1
|-enditem|p2b: Archaludon|Power Herb
|-anim|p2b: Archaludon|Electro Shot|p1b: Whimsicott
|-resisted|p1b: Whimsicott
|-damage|p1b: Whimsicott|65/100
|
|upkeep
|
|t:|1757641246
|switch|p2a: Rillaboom|Rillaboom, L50, F|100/100
|-fieldstart|move: Grassy Terrain|[from] ability: Grassy Surge|[of] p2a: Rillaboom
|turn|2
|
|t:|1757641266
|switch|p1a: Typhlosion|Typhlosion-Hisui, L50, F, shiny|100/100
|move|p1b: Whimsicott|Encore|p2b: Archaludon
|-start|p2b: Archaludon|Encore
|move|p2b: Archaludon|Electro Shot||[still]
|-prepare|p2b: Archaludon|Electro Shot
|-boost|p2b: Archaludon|spa|1
|move|p2a: Rillaboom|Wood Hammer|p1a: Typhlosion
|-resisted|p1a: Typhlosion
|-damage|p1a: Typhlosion|34/100
|-damage|p2a: Rillaboom|83/100|[from] Recoil
|
|-heal|p1a: Typhlosion|40/100|[from] Grassy Terrain
|-heal|p1b: Whimsicott|71/100|[from] Grassy Terrain
|-heal|p2a: Rillaboom|89/100|[from] Grassy Terrain
|upkeep
|turn|3
|
|t:|1757641304
|switch|p2a: Pelipper|Pelipper, L50, F|100/100
|-weather|RainDance|[from] ability: Drizzle|[of] p2a: Pelipper
|-terastallize|p1a: Typhlosion|Fire
|move|p1a: Typhlosion|Heat Wave|p2b: Archaludon|[spread] p2b
|-miss|p1a: Typhlosion|p2a: Pelipper
|-damage|p2b: Archaludon|62/100
|-ability|p2b: Archaludon|Stamina|boost
|-boost|p2b: Archaludon|def|1
|move|p1b: Whimsicott|Moonblast|p2b: Archaludon
|-damage|p2b: Archaludon|30/100
|-unboost|p2b: Archaludon|spa|1
|-ability|p2b: Archaludon|Stamina|boost
|-boost|p2b: Archaludon|def|1
|move|p2b: Archaludon|Electro Shot|p1b: Whimsicott|[from] lockedmove
|-resisted|p1b: Whimsicott
|-damage|p1b: Whimsicott|39/100
|
|-weather|RainDance|[upkeep]
|-heal|p1a: Typhlosion|46/100|[from] Grassy Terrain
|-heal|p1b: Whimsicott|45/100|[from] Grassy Terrain
|-heal|p2b: Archaludon|36/100|[from] Grassy Terrain
|upkeep
|turn|4
|
|t:|1757641345
|move|p1b: Whimsicott|Sunny Day|p1b: Whimsicott
|-weather|SunnyDay
|move|p1a: Typhlosion|Heat Wave|p2a: Pelipper|[spread] p2a,p2b
|-resisted|p2a: Pelipper
|-crit|p2b: Archaludon
|-damage|p2a: Pelipper|25/100
|-damage|p2b: Archaludon|0 fnt
|faint|p2b: Archaludon
|move|p2a: Pelipper|Weather Ball|p1a: Typhlosion
|-resisted|p1a: Typhlosion
|-damage|p1a: Typhlosion|17/100
|
|-weather|SunnyDay|[upkeep]
|-heal|p1a: Typhlosion|23/100|[from] Grassy Terrain
|-heal|p1b: Whimsicott|51/100|[from] Grassy Terrain
|-sideend|p1: Ragnix|move: Tailwind
|upkeep
|
|t:|1757641356
|switch|p2b: Rillaboom|Rillaboom, L50, F|89/100
|turn|5
|
|t:|1757641369
|-terastallize|p2b: Rillaboom|Grass
|move|p2a: Pelipper|Protect|p2a: Pelipper
|-singleturn|p2a: Pelipper|Protect
|move|p1b: Whimsicott|Tailwind|p1b: Whimsicott
|-sidestart|p1: Ragnix|move: Tailwind
|move|p2b: Rillaboom|Grassy Glide|p1a: Typhlosion
|-resisted|p1a: Typhlosion
|-damage|p1a: Typhlosion|0 fnt
|faint|p1a: Typhlosion
|
|-weather|SunnyDay|[upkeep]
|-heal|p1b: Whimsicott|57/100|[from] Grassy Terrain
|-heal|p2b: Rillaboom|95/100|[from] Grassy Terrain
|upkeep
|
|t:|1757641403
|switch|p1a: Archaludon|Archaludon, L50, M|100/100
|turn|6
|
|t:|1757641431
|move|p1b: Whimsicott|Encore|p2b: Rillaboom
|-start|p2b: Rillaboom|Encore
|move|p1a: Archaludon|Flash Cannon|p2b: Rillaboom
|-damage|p2b: Rillaboom|68/100
|move|p2b: Rillaboom|Grassy Glide|p1b: Whimsicott
|-resisted|p1b: Whimsicott
|-damage|p1b: Whimsicott|28/100
|move|p2a: Pelipper|Weather Ball|p1b: Whimsicott
|-supereffective|p1b: Whimsicott
|-damage|p1b: Whimsicott|0 fnt
|faint|p1b: Whimsicott
|
|-weather|SunnyDay|[upkeep]
|-heal|p2b: Rillaboom|73/100|[from] Grassy Terrain
|-fieldend|move: Grassy Terrain
|upkeep
|
|t:|1757641445
|switch|p1b: Ursaluna|Ursaluna-Bloodmoon, L50, M|100/100
|turn|7
|
|t:|1757641464
|move|p2a: Pelipper|Protect|p2a: Pelipper
|-singleturn|p2a: Pelipper|Protect
|move|p1a: Archaludon|Draco Meteor|p2b: Rillaboom
|-damage|p2b: Rillaboom|32/100
|-unboost|p1a: Archaludon|spa|2
|move|p1b: Ursaluna|Hyper Voice|p2a: Pelipper|[spread] p2b
|-activate|p2a: Pelipper|move: Protect
|-crit|p2b: Rillaboom
|-damage|p2b: Rillaboom|0 fnt
|faint|p2b: Rillaboom
|-damage|p1b: Ursaluna|91/100|[from] item: Life Orb
|
|-weather|SunnyDay|[upkeep]
|upkeep
|turn|8
|-message|DonVGC forfeited.
|
|win|Ragnix
||DonVGC is ready for game 2.
||Ragnix is ready for game 2.
|uhtml|next|Next: Game 2 of 3
