|j|‽Juaner95
|j|☆ShadowV97
|html|Juaner95ShadowV97    
|uhtml|bestof|Game 2 of a best-of-3
|t:|1783733621
|gametype|doubles
|player|p1|Juaner95|ash-capbackward|1106
|player|p2|ShadowV97|102|1041
|gen|9
|tier|[Gen 9 Champions] VGC 2026 Reg M-B (Bo3)
|rated|
|rule|Species Clause: Limit one of each Pokémon
|rule|Item Clause: Limit 1 of each item
|clearpoke
|poke|p1|Scovillain, L50, M|
|poke|p1|Basculegion, L50, M, shiny|
|poke|p1|Sylveon, L50, F, shiny|
|poke|p1|Garchomp, L50, M|
|poke|p1|Aerodactyl, L50, M|
|poke|p1|Kingambit, L50, M|
|poke|p2|Glaceon, L50, M|
|poke|p2|Falinks, L50|
|poke|p2|Vanilluxe, L50, M|
|poke|p2|Kleavor, L50, M|
|poke|p2|Gholdengo, L50|
|poke|p2|Whimsicott, L50, F|
|teampreview|4
|showteam|p1|Scovillain||Scovillainite|Moody|Overheat,LeechSeed,RagePowder,Protect|Calm||M|||50|]Basculegion||ChoiceScarf|Adaptability|WaveCrash,LastRespects,FlipTurn,AquaJet|Jolly||M|||50|]Sylveon||FairyFeather|Pixilate|HyperVoice,HyperBeam,QuickAttack,Detect|Modest||F|||50|]Garchomp||SitrusBerry|RoughSkin|Earthquake,DragonClaw,PoisonJab,Protect|Adamant||M|||50|]Aerodactyl||Aerodactylite|Unnerve|RockSlide,DualWingbeat,Tailwind,Protect|Jolly||M|||50|]Kingambit||FocusSash|Defiant|KowtowCleave,IronHead,LowKick,SuckerPunch|Adamant||M|||50|
|showteam|p2|Glaceon||BrightPowder|SnowCloak|Blizzard,FreezeDry,IceBeam,Protect|Modest||M|||50|]Falinks||Falinksite|Defiant|NoRetreat,RockSlide,BodyPress,Protect|Impish|||||50|]Vanilluxe||IcyRock|SnowWarning|AuroraVeil,IcyWind,Blizzard,AllySwitch|Calm||M|||50|]Kleavor||ChoiceScarf|Sharpness|StoneAxe,XScissor,NightSlash,CloseCombat|Adamant||M|||50|]Gholdengo||LifeOrb|GoodasGold|NastyPlot,MakeItRain,Protect,ShadowBall|Timid|||||50|]Whimsicott||Leftovers|Prankster|Tailwind,TrickRoom,Encore,LightScreen|Relaxed||F|||50|
|inactive|Battle timer is ON: inactive players will automatically lose when time's up. (requested by ShadowV97)
|inactive|Juaner95 has 60 seconds left.
|inactive|Juaner95 has 30 seconds left.
|inactive|Juaner95 has 20 seconds left.
|
|t:|1783733693
|teamsize|p1|4
|teamsize|p2|4
|start
|switch|p1a: Aerodactyl|Aerodactyl, L50, M|100/100
|switch|p1b: Basculegion|Basculegion, L50, M, shiny|100/100
|switch|p2a: Glaceon|Glaceon, L50, M|100/100
|switch|p2b: Vanilluxe|Vanilluxe, L50, M|100/100
|-ability|p1a: Aerodactyl|Unnerve
|-weather|Snowscape|[from] ability: Snow Warning|[of] p2b: Vanilluxe
|turn|1
|inactive|Juaner95 has 30 seconds left.
|inactive|ShadowV97 has 30 seconds left.
|inactive|ShadowV97 has 20 seconds left.
|inactive|ShadowV97 has 15 seconds left.
|inactive|ShadowV97 has 10 seconds left.
|
|t:|1783733742
|detailschange|p1a: Aerodactyl|Aerodactyl-Mega, L50, M
|-mega|p1a: Aerodactyl|Aerodactyl|Aerodactylite
|move|p1a: Aerodactyl|Tailwind|p1a: Aerodactyl
|-sidestart|p1: Juaner95|move: Tailwind
|move|p1b: Basculegion|Flip Turn|p2b: Vanilluxe
|-damage|p2b: Vanilluxe|74/100
|
|t:|1783733751
|switch|p1b: Sylveon|Sylveon, L50, F, shiny|100/100|[from] Flip Turn
|move|p2b: Vanilluxe|Aurora Veil|p2b: Vanilluxe
|-sidestart|p2: ShadowV97|move: Aurora Veil
|move|p2a: Glaceon|Freeze-Dry|p1b: Sylveon
|-damage|p1b: Sylveon|69/100
|
|-weather|Snowscape|[upkeep]
|upkeep
|turn|2
|inactive|ShadowV97 has 30 seconds left.
|
|t:|1783733777
|move|p1a: Aerodactyl|Rock Slide|p2b: Vanilluxe|[spread] p2a,p2b
|-supereffective|p2a: Glaceon|1
|-supereffective|p2b: Vanilluxe|1
|-damage|p2a: Glaceon|78/100
|-damage|p2b: Vanilluxe|51/100
|move|p1b: Sylveon|Hyper Voice|p2b: Vanilluxe|[spread] p2b
|-miss|p1b: Sylveon|p2a: Glaceon
|-damage|p2b: Vanilluxe|25/100
|cant|p2b: Vanilluxe|flinch
|cant|p2a: Glaceon|flinch
|
|-weather|Snowscape|[upkeep]
|upkeep
|turn|3
|
|t:|1783733798
|switch|p2b: Whimsicott|Whimsicott, L50, F|100/100
|move|p1a: Aerodactyl|Rock Slide|p2b: Whimsicott|[spread] p2a,p2b
|-supereffective|p2a: Glaceon|1
|-damage|p2a: Glaceon|54/100
|-damage|p2b: Whimsicott|84/100
|move|p1b: Sylveon|Hyper Voice|p2a: Glaceon|[spread] p2a,p2b
|-damage|p2a: Glaceon|19/100
|-damage|p2b: Whimsicott|37/100
|move|p2a: Glaceon|Blizzard|p1a: Aerodactyl|[spread] p1a,p1b
|-supereffective|p1a: Aerodactyl|1
|-damage|p1a: Aerodactyl|11/100
|-damage|p1b: Sylveon|32/100
|
|-weather|Snowscape|[upkeep]
|-heal|p2b: Whimsicott|43/100|[from] item: Leftovers
|upkeep
|turn|4
|
|t:|1783733819
|move|p1a: Aerodactyl|Protect|p1a: Aerodactyl
|-singleturn|p1a: Aerodactyl|Protect
|move|p2b: Whimsicott|Tailwind|p2b: Whimsicott
|-sidestart|p2: ShadowV97|move: Tailwind
|move|p1b: Sylveon|Hyper Voice|p2a: Glaceon|[spread] p2a,p2b
|-damage|p2a: Glaceon|0 fnt
|-damage|p2b: Whimsicott|0 fnt
|faint|p2a: Glaceon
|faint|p2b: Whimsicott
|
|-weather|Snowscape|[upkeep]
|-sideend|p1: Juaner95|move: Tailwind
|upkeep
|
|t:|1783733832
|switch|p2b: Vanilluxe|Vanilluxe, L50, M|25/100
|switch|p2a: Falinks|Falinks, L50|100/100
|turn|5
|inactive|ShadowV97 has 30 seconds left.
|
|t:|1783733861
|detailschange|p2a: Falinks|Falinks-Mega, L50
|-mega|p2a: Falinks|Falinks|Falinksite
|move|p2a: Falinks|No Retreat|p2a: Falinks
|-boost|p2a: Falinks|atk|1
|-boost|p2a: Falinks|def|1
|-boost|p2a: Falinks|spa|1
|-boost|p2a: Falinks|spd|1
|-boost|p2a: Falinks|spe|1
|-start|p2a: Falinks|move: No Retreat
|move|p1a: Aerodactyl|Tailwind|p1a: Aerodactyl
|-sidestart|p1: Juaner95|move: Tailwind
|move|p2b: Vanilluxe|Blizzard|p1a: Aerodactyl|[spread] p1a,p1b
|-supereffective|p1a: Aerodactyl|1
|-damage|p1a: Aerodactyl|0 fnt
|-damage|p1b: Sylveon|8/100
|faint|p1a: Aerodactyl
|move|p1b: Sylveon|Hyper Voice|p2a: Falinks|[spread] p2a,p2b
|-supereffective|p2a: Falinks|1
|-damage|p2a: Falinks|46/100
|-damage|p2b: Vanilluxe|0 fnt
|faint|p2b: Vanilluxe
|
|-weather|Snowscape|[upkeep]
|-sideend|p2: ShadowV97|move: Aurora Veil
|upkeep
|inactive|Juaner95 has 30 seconds left.
|inactive|Juaner95 has 20 seconds left.
|inactive|Juaner95 has 15 seconds left.
|inactive|Juaner95 has 10 seconds left.
|inactive|Juaner95 has 5 seconds left.
|
|t:|1783733913
|switch|p1a: Basculegion|Basculegion, L50, M, shiny|100/100
|turn|6
|
|t:|1783733920
|move|p1a: Basculegion|Flip Turn|p2a: Falinks
|-damage|p2a: Falinks|30/100
|
|t:|1783733923
|switch|p1a: Garchomp|Garchomp, L50, M|100/100|[from] Flip Turn
|move|p2a: Falinks|Rock Slide|p1b: Sylveon|[spread] p1a,p1b
|-resisted|p1a: Garchomp|1
|-damage|p1a: Garchomp|89/100
|-damage|p1b: Sylveon|0 fnt
|faint|p1b: Sylveon
|
|-weather|Snowscape|[upkeep]
|upkeep
|
|t:|1783733928
|switch|p1b: Basculegion|Basculegion, L50, M, shiny|100/100
|turn|7
|
|t:|1783733932
|move|p1b: Basculegion|Last Respects|p2a: Falinks
|-damage|p2a: Falinks|0 fnt
|faint|p2a: Falinks
|
|win|Juaner95
||ShadowV97 is ready for game 3.
|inactive|Juaner95 has 30 seconds to confirm battle start!
|inactive|Juaner95 has 20 seconds to confirm battle start!
|inactive|Juaner95 has 10 seconds to confirm battle start!
|uhtml|next|Next: Game 3 of 3
|l|☆ShadowV97
|player|p2|
