|j|☆lobitooooo
|j|☆Garden Monke
|html|lobitoooooGarden Monke    
|uhtml|bestof|Game 2 of a best-of-3
|t:|1784486274
|gametype|doubles
|player|p1|lobitooooo|linebacker|1130
|player|p2|Garden Monke|giacomo|1051
|gen|9
|tier|[Gen 9 Champions] VGC 2026 Reg M-B (Bo3)
|rated|
|rule|Species Clause: Limit one of each Pokémon
|rule|Item Clause: Limit 1 of each item
|clearpoke
|poke|p1|Venusaur, L50, M|
|poke|p1|Staraptor, L50, M|
|poke|p1|Tyranitar, L50, F|
|poke|p1|Excadrill, L50, M|
|poke|p1|Houndstone, L50, F|
|poke|p1|Rotom-Wash, L50|
|poke|p2|Incineroar, L50, F|
|poke|p2|Sinistcha, L50|
|poke|p2|Gengar, L50, M|
|poke|p2|Swampert, L50, M|
|poke|p2|Politoed, L50, M|
|poke|p2|Archaludon, L50, M|
|teampreview|4
|showteam|p1|Venusaur||Venusaurite|Chlorophyll|Protect,SludgeBomb,EarthPower,SleepPowder|Modest||M|||50|]Staraptor||Staraptite|Intimidate|Protect,BraveBird,Tailwind,CloseCombat|Jolly||M|||50|]Tyranitar||ChoiceScarf|SandStream|IcePunch,KnockOff,LowKick,RockSlide|Jolly||F|||50|]Excadrill||FocusSash|SandRush|IronHead,RockSlide,Protect,Earthquake|Adamant||M|||50|]Houndstone||SitrusBerry|SandRush|AllySwitch,Protect,WillOWisp,LastRespects|Adamant||F|||50|]Rotom-Wash||Magnet|Levitate|Protect,HydroPump,VoltSwitch,Thunderbolt|Modest|||||50|
|showteam|p2|Incineroar||PasshoBerry|Intimidate|ThroatChop,FakeOut,PartingShot,Protect|Sassy||F|||50|]Sinistcha||ColburBerry|Hospitality|MatchaGotcha,RagePowder,TrickRoom,Protect|Calm|||||50|]Gengar||Gengarite|CursedBody|ShadowBall,Disable,PerishSong,Protect|Timid||M|||50|]Swampert||Swampertite|Damp|WaveCrash,HighHorsepower,IcePunch,Protect|Adamant||M|||50|]Politoed||SitrusBerry|Drizzle|WeatherBall,Encore,PerishSong,Protect|Calm||M|||50|]Archaludon||Leftovers|Stamina|ElectroShot,DragonPulse,FlashCannon,Protect|Modest||M|||50|
|inactive|Battle timer is ON: inactive players will automatically lose when time's up. (requested by Garden Monke)
|inactive|lobitooooo has 60 seconds left.
|inactive|lobitooooo has 30 seconds left.
|
|t:|1784486340
|teamsize|p1|4
|teamsize|p2|4
|start
|switch|p1a: Excadrill|Excadrill, L50, M|100/100
|switch|p1b: Rotom|Rotom-Wash, L50|100/100
|switch|p2a: Gengar|Gengar, L50, M|100/100
|switch|p2b: Incineroar|Incineroar, L50, F|100/100
|-ability|p2b: Incineroar|Intimidate|boost
|-unboost|p1a: Excadrill|atk|1
|-unboost|p1b: Rotom|atk|1
|turn|1
|inactive|lobitooooo has 30 seconds left.
|
|t:|1784486365
|switch|p1a: Tyranitar|Tyranitar, L50, F|100/100
|-weather|Sandstorm|[from] ability: Sand Stream|[of] p1a: Tyranitar
|detailschange|p2a: Gengar|Gengar-Mega, L50, M
|-mega|p2a: Gengar|Gengar|Gengarite
|move|p2b: Incineroar|Fake Out|p1b: Rotom
|-damage|p1b: Rotom|89/100
|move|p2a: Gengar|Perish Song|p2a: Gengar
|-start|p1a: Tyranitar|perish3|[silent]
|-start|p1b: Rotom|perish3|[silent]
|-start|p2a: Gengar|perish3|[silent]
|-start|p2b: Incineroar|perish3|[silent]
|-fieldactivate|move: Perish Song
|cant|p1b: Rotom|flinch
|
|-weather|Sandstorm|[upkeep]
|-damage|p2a: Gengar|93/100|[from] Sandstorm
|-damage|p1b: Rotom|83/100|[from] Sandstorm
|-damage|p2b: Incineroar|94/100|[from] Sandstorm
|-start|p1a: Tyranitar|perish3
|-start|p2a: Gengar|perish3
|-start|p1b: Rotom|perish3
|-start|p2b: Incineroar|perish3
|upkeep
|turn|2
|inactive|lobitooooo has 30 seconds left.
|inactive|Garden Monke has 30 seconds left.
|
|t:|1784486396
|switch|p2b: Politoed|Politoed, L50, M|100/100
|-weather|RainDance|[from] ability: Drizzle|[of] p2b: Politoed
|move|p2a: Gengar|Protect|p2a: Gengar
|-singleturn|p2a: Gengar|Protect
|move|p1a: Tyranitar|Rock Slide|p2a: Gengar|[spread] p2b
|-activate|p2a: Gengar|move: Protect
|-damage|p2b: Politoed|73/100
|move|p1b: Rotom|Hydro Pump|p2b: Politoed
|-resisted|p2b: Politoed|1
|-damage|p2b: Politoed|47/100
|-enditem|p2b: Politoed|Sitrus Berry|[eat]
|-heal|p2b: Politoed|72/100|[from] item: Sitrus Berry
|
|-weather|RainDance|[upkeep]
|-start|p1a: Tyranitar|perish2
|-start|p2a: Gengar|perish2
|-start|p1b: Rotom|perish2
|upkeep
|turn|3
|inactive|Garden Monke has 30 seconds left.
|
|t:|1784486429
|switch|p2b: Incineroar|Incineroar, L50, F|94/100
|-ability|p2b: Incineroar|Intimidate|boost
|-unboost|p1a: Tyranitar|atk|1
|-unboost|p1b: Rotom|atk|1
|move|p1a: Tyranitar|Rock Slide|p2a: Gengar|[spread] p2a
|-miss|p1a: Tyranitar|p2b: Incineroar
|-damage|p2a: Gengar|70/100
|cant|p2a: Gengar|flinch
|move|p1b: Rotom|Volt Switch|p2a: Gengar
|-damage|p2a: Gengar|34/100
|
|t:|1784486445
|switch|p1b: Excadrill|Excadrill, L50, M|100/100|[from] Volt Switch
|
|-weather|RainDance|[upkeep]
|-start|p1a: Tyranitar|perish1
|-start|p2a: Gengar|perish1
|upkeep
|turn|4
|
|t:|1784486458
|switch|p2a: Sinistcha|Sinistcha, L50|100/100
|-heal|p2b: Incineroar|100/100|[from] ability: Hospitality|[of] p2a: Sinistcha
|move|p1b: Excadrill|Protect|p1b: Excadrill
|-singleturn|p1b: Excadrill|Protect
|move|p2b: Incineroar|Fake Out|p1b: Excadrill
|-activate|p1b: Excadrill|move: Protect
|move|p1a: Tyranitar|Rock Slide|p2a: Sinistcha|[spread] p2a,p2b
|-supereffective|p2b: Incineroar|1
|-damage|p2a: Sinistcha|82/100
|-damage|p2b: Incineroar|66/100
|
|-weather|RainDance|[upkeep]
|-start|p1a: Tyranitar|perish0
|faint|p1a: Tyranitar
|upkeep
|
|t:|1784486474
|switch|p1a: Venusaur|Venusaur, L50, M|100/100
|turn|5
|
|t:|1784486494
|detailschange|p1a: Venusaur|Venusaur-Mega, L50, M
|-mega|p1a: Venusaur|Venusaur|Venusaurite
|move|p2b: Incineroar|Protect|p2b: Incineroar
|-singleturn|p2b: Incineroar|Protect
|move|p1b: Excadrill|Rock Slide|p2a: Sinistcha|[spread] p2a
|-activate|p2b: Incineroar|move: Protect
|-damage|p2a: Sinistcha|64/100
|move|p1a: Venusaur|Sludge Bomb|p2a: Sinistcha
|-damage|p2a: Sinistcha|22/100
|-status|p2a: Sinistcha|psn
|move|p2a: Sinistcha|Trick Room|p2a: Sinistcha
|-fieldstart|move: Trick Room|[of] p2a: Sinistcha
|
|-weather|RainDance|[upkeep]
|-damage|p2a: Sinistcha|9/100 psn|[from] psn
|upkeep
|turn|6
|inactive|Garden Monke has 30 seconds left.
|
|t:|1784486521
|switch|p2a: Politoed|Politoed, L50, M|72/100
|move|p1b: Excadrill|Protect|p1b: Excadrill
|-singleturn|p1b: Excadrill|Protect
|move|p2b: Incineroar|Parting Shot|p1a: Venusaur
|-unboost|p1a: Venusaur|atk|1
|-unboost|p1a: Venusaur|spa|1
|
|t:|1784486530
|switch|p2b: Sinistcha|Sinistcha, L50|9/100 psn|[from] Parting Shot
|-heal|p2a: Politoed|97/100|[from] ability: Hospitality|[of] p2b: Sinistcha
|move|p1a: Venusaur|Sleep Powder|p2b: Sinistcha
|-immune|p2b: Sinistcha
|
|-weather|none
|-damage|p2b: Sinistcha|0 fnt|[from] psn
|faint|p2b: Sinistcha
|upkeep
|
|t:|1784486533
|switch|p2b: Incineroar|Incineroar, L50, F|66/100
|-ability|p2b: Incineroar|Intimidate|boost
|-unboost|p1a: Venusaur|atk|1
|-unboost|p1b: Excadrill|atk|1
|turn|7
|
|t:|1784486556
|switch|p1a: Rotom|Rotom-Wash, L50|83/100
|move|p2b: Incineroar|Parting Shot|p1a: Rotom
|-unboost|p1a: Rotom|atk|1
|-unboost|p1a: Rotom|spa|1
|
|t:|1784486563
|switch|p2b: Gengar|Gengar-Mega, L50, M|34/100|[from] Parting Shot
|move|p2a: Politoed|Encore|p1b: Excadrill
|-start|p1b: Excadrill|Encore
|move|p1b: Excadrill|Protect||[still]
|-fail|p1b: Excadrill
|
|upkeep
|turn|8
|inactive|Garden Monke has 30 seconds left.
|
|t:|1784486598
|switch|p2a: Incineroar|Incineroar, L50, F|66/100
|-ability|p2a: Incineroar|Intimidate|boost
|-unboost|p1a: Rotom|atk|1
|-unboost|p1b: Excadrill|atk|1
|move|p1b: Excadrill|Protect|p1b: Excadrill
|-singleturn|p1b: Excadrill|Protect
|move|p1a: Rotom|Thunderbolt|p2b: Gengar
|-damage|p2b: Gengar|4/100
|move|p2b: Gengar|Shadow Ball|p1a: Rotom
|-damage|p1a: Rotom|33/100
|-unboost|p1a: Rotom|spd|1
|
|upkeep
|turn|9
|
|t:|1784486621
|move|p1b: Excadrill|Protect||[still]
|-fail|p1b: Excadrill
|move|p2a: Incineroar|Throat Chop|p1a: Rotom
|-damage|p1a: Rotom|2/100
|-start|p1a: Rotom|Throat Chop|[silent]
|move|p1a: Rotom|Volt Switch|p2a: Incineroar
|-damage|p2a: Incineroar|46/100
|
|t:|1784486628
|switch|p1a: Venusaur|Venusaur-Mega, L50, M|100/100|[from] Volt Switch
|move|p2b: Gengar|Shadow Ball|p1a: Venusaur
|-damage|p1a: Venusaur|67/100
|
|-end|p1b: Excadrill|Encore
|-fieldend|move: Trick Room
|upkeep
|turn|10
|
|t:|1784486651
|switch|p2a: Politoed|Politoed, L50, M|97/100
|-weather|RainDance|[from] ability: Drizzle|[of] p2a: Politoed
|move|p1a: Venusaur|Protect|p1a: Venusaur
|-singleturn|p1a: Venusaur|Protect
|move|p2b: Gengar|Perish Song|p2b: Gengar
|-start|p1a: Venusaur|perish3|[silent]
|-start|p1b: Excadrill|perish3|[silent]
|-start|p2a: Politoed|perish3|[silent]
|-start|p2b: Gengar|perish3|[silent]
|-fieldactivate|move: Perish Song
|move|p1b: Excadrill|Earthquake|p2a: Politoed|[spread] p2a,p2b
|-activate|p1a: Venusaur|move: Protect
|-supereffective|p2b: Gengar|1
|-damage|p2a: Politoed|75/100
|-damage|p2b: Gengar|0 fnt
|faint|p2b: Gengar
|
|-weather|RainDance|[upkeep]
|-start|p1b: Excadrill|perish3
|-start|p1a: Venusaur|perish3
|-start|p2a: Politoed|perish3
|upkeep
|
|t:|1784486672
|switch|p2b: Incineroar|Incineroar, L50, F|46/100
|-ability|p2b: Incineroar|Intimidate|boost
|-unboost|p1a: Venusaur|atk|1
|-unboost|p1b: Excadrill|atk|1
|turn|11
|
|t:|1784486686
|switch|p1b: Rotom|Rotom-Wash, L50|2/100
|move|p2a: Politoed|Protect|p2a: Politoed
|-singleturn|p2a: Politoed|Protect
|move|p1a: Venusaur|Earth Power|p2b: Incineroar
|-supereffective|p2b: Incineroar|1
|-damage|p2b: Incineroar|1/100
|move|p2b: Incineroar|Throat Chop|p1b: Rotom
|-damage|p1b: Rotom|0 fnt
|faint|p1b: Rotom
|
|-weather|RainDance|[upkeep]
|-start|p1a: Venusaur|perish2
|-start|p2a: Politoed|perish2
|upkeep
|
|t:|1784486702
|switch|p1b: Excadrill|Excadrill, L50, M|100/100
|turn|12
|
|t:|1784486722
|move|p1b: Excadrill|Protect|p1b: Excadrill
|-singleturn|p1b: Excadrill|Protect
|move|p2b: Incineroar|Protect|p2b: Incineroar
|-singleturn|p2b: Incineroar|Protect
|move|p1a: Venusaur|Sleep Powder|p2a: Politoed
|-status|p2a: Politoed|slp|[from] move: Sleep Powder
|cant|p2a: Politoed|slp
|
|-weather|RainDance|[upkeep]
|-start|p1a: Venusaur|perish1
|-start|p2a: Politoed|perish1
|upkeep
|turn|13
|
|t:|1784486737
|move|p1b: Excadrill|Earthquake|p2b: Incineroar|[spread] p1a,p2a,p2b
|-supereffective|p2b: Incineroar|1
|-damage|p1a: Venusaur|31/100
|-damage|p2a: Politoed|37/100 slp
|-damage|p2b: Incineroar|0 fnt
|faint|p2b: Incineroar
|move|p1a: Venusaur|Earth Power|p2a: Politoed
|-damage|p2a: Politoed|14/100 slp
|cant|p2a: Politoed|slp
|
|-weather|RainDance|[upkeep]
|-start|p1a: Venusaur|perish0
|-start|p2a: Politoed|perish0
|upkeep
|faint|p1a: Venusaur
|faint|p2a: Politoed
|
|win|lobitooooo
|inactive|lobitooooo has 30 seconds to confirm battle start!
|inactive|Garden Monke has 30 seconds to confirm battle start!
||Garden Monke is ready for game 3.
||lobitooooo is ready for game 3.
|uhtml|next|Next: Game 3 of 3
|l|☆lobitooooo
|player|p1|
