|j|☆wafflesniffer3000
|j|☆KaiserBN1
|html|wafflesniffer3000KaiserBN1    
|uhtml|bestof|Game 2 of a best-of-3
|t:|1756408188
|gametype|doubles
|player|p1|wafflesniffer3000|169|1059
|player|p2|KaiserBN1|n|1068
|gen|9
|tier|[Gen 9] VGC 2025 Reg H (Bo3)
|rated|
|rule|Species Clause: Limit one of each Pokémon
|rule|Item Clause: Limit 1 of each item
|clearpoke
|poke|p1|Sneasler, L50, F|
|poke|p1|Whimsicott, L50, F|
|poke|p1|Amoonguss, L50, F|
|poke|p1|Gholdengo, L50|
|poke|p1|Goodra-Hisui, L50, F|
|poke|p1|Volcarona, L50, M|
|poke|p2|Amoonguss, L50, M|
|poke|p2|Sneasler, L50, M|
|poke|p2|Gholdengo, L50|
|poke|p2|Incineroar, L50, F|
|poke|p2|Ursaluna-Bloodmoon, L50, M|
|poke|p2|Dragonite, L50, F|
|teampreview|4
|showteam|p1|Sneasler||CovertCloak|PoisonTouch|FakeOut,DireClaw,CloseCombat,ThroatChop|||F|||50|,,,,,Dark]Whimsicott||FocusSash|Prankster|Tailwind,LeechSeed,DazzlingGleam|||F|||50|,,,,,Ghost]Amoonguss||RockyHelmet|Regenerator|PollenPuff,RagePowder,Spore,Synthesis|||F|||50|,,,,,Water]Gholdengo||WiseGlasses|GoodasGold|Protect,NastyPlot,MakeItRain,ShadowBall||||||50|,,,,,Water]Goodra-Hisui||SafetyGoggles|Gooey|AcidArmor,BodyPress,SteelBeam,DracoMeteor|||F|||50|,,,,,Steel]Volcarona||ClearAmulet|FlameBody|QuiverDance,FieryDance,HeatWave,BugBuzz|||M|||50|,,,,,Bug
|showteam|p2|Amoonguss||SitrusBerry|Regenerator|RagePowder,Spore,PollenPuff,Protect|||M|||50|,,,,,Psychic]Sneasler||FocusSash|Unburden|Protect,DireClaw,CloseCombat,ThroatChop|||M|||50|,,,,,Stellar]Gholdengo||LifeOrb|GoodasGold|Protect,MakeItRain,ShadowBall,NastyPlot||||||50|,,,,,Water]Incineroar||SafetyGoggles|Intimidate|KnockOff,PartingShot,FlareBlitz,FakeOut|||F|||50|,,,,,Ghost]Ursaluna-Bloodmoon||AssaultVest|MindsEye|BloodMoon,EarthPower,VacuumWave,HyperVoice|||M|||50|,,,,,Water]Dragonite||LoadedDice|Multiscale|ScaleShot,Tailwind,Haze,Protect|||F|||50|,,,,,Fairy
|inactive|Battle timer is ON: inactive players will automatically lose when time's up. (requested by KaiserBN1)
|inactive|KaiserBN1 has 60 seconds left.
|inactive|wafflesniffer3000 has 60 seconds left.
|inactive|KaiserBN1 has 30 seconds left.
|
|t:|1756408251
|teamsize|p1|4
|teamsize|p2|4
|start
|switch|p1a: Sneasler|Sneasler, L50, F|100/100
|switch|p1b: Volcarona|Volcarona, L50, M|100/100
|switch|p2a: Golden Wind|Dragonite, L50, F|100/100
|switch|p2b: Say Cheese|Gholdengo, L50|100/100
|turn|1
|
|t:|1756408275
|move|p2a: Golden Wind|Protect|p2a: Golden Wind
|-singleturn|p2a: Golden Wind|Protect
|move|p1a: Sneasler|Dire Claw|p2a: Golden Wind
|-activate|p2a: Golden Wind|move: Protect
|move|p2b: Say Cheese|Make It Rain|p1b: Volcarona|[spread] p1a,p1b
|-resisted|p1b: Volcarona
|-damage|p1a: Sneasler|20/100
|-damage|p1b: Volcarona|75/100
|-unboost|p2b: Say Cheese|spa|1
|-damage|p2b: Say Cheese|91/100|[from] item: Life Orb
|move|p1b: Volcarona|Quiver Dance|p1b: Volcarona
|-boost|p1b: Volcarona|spa|1
|-boost|p1b: Volcarona|spd|1
|-boost|p1b: Volcarona|spe|1
|
|upkeep
|turn|2
|
|t:|1756408300
|move|p2b: Say Cheese|Protect|p2b: Say Cheese
|-singleturn|p2b: Say Cheese|Protect
|move|p1b: Volcarona|Fiery Dance|p2a: Golden Wind
|-resisted|p2a: Golden Wind
|-damage|p2a: Golden Wind|81/100
|-boost|p1b: Volcarona|spa|1
|move|p1a: Sneasler|Dire Claw|p2a: Golden Wind
|-damage|p2a: Golden Wind|27/100
|-status|p2a: Golden Wind|slp
|cant|p2a: Golden Wind|slp
|
|upkeep
|turn|3
|inactive|KaiserBN1 has 30 seconds left.
|inactive|KaiserBN1 has 20 seconds left.
|inactive|KaiserBN1 has 15 seconds left.
|
|t:|1756408343
|-terastallize|p2b: Say Cheese|Water
|move|p1b: Volcarona|Heat Wave|p2b: Say Cheese|[spread] p2a,p2b
|-resisted|p2a: Golden Wind
|-resisted|p2b: Say Cheese
|-damage|p2a: Golden Wind|0 fnt
|-damage|p2b: Say Cheese|43/100
|faint|p2a: Golden Wind
|move|p1a: Sneasler|Throat Chop|p2b: Say Cheese
|-damage|p2b: Say Cheese|10/100
|-start|p2b: Say Cheese|Throat Chop|[silent]
|-status|p2b: Say Cheese|psn|[from] ability: Poison Touch|[of] p1a: Sneasler
|move|p2b: Say Cheese|Shadow Ball|p1b: Volcarona
|-damage|p1b: Volcarona|53/100
|-damage|p2b: Say Cheese|0 fnt|[from] item: Life Orb
|faint|p2b: Say Cheese
|
|upkeep
|
|t:|1756408356
|switch|p2b: 8|Sneasler, L50, M|100/100
|switch|p2a: Tony|Ursaluna-Bloodmoon, L50, M|100/100
|turn|4
|
|t:|1756408381
|-terastallize|p1b: Volcarona|Bug
|move|p2a: Tony|Vacuum Wave|p1a: Sneasler
|-resisted|p1a: Sneasler
|-damage|p1a: Sneasler|10/100
|move|p2b: 8|Dire Claw|p1b: Volcarona
|-damage|p1b: Volcarona|0 fnt
|faint|p1b: Volcarona
|move|p1a: Sneasler|Close Combat|p2a: Tony
|-supereffective|p2a: Tony
|-damage|p2a: Tony|0 fnt
|-unboost|p1a: Sneasler|def|1
|-unboost|p1a: Sneasler|spd|1
|faint|p2a: Tony
|
|upkeep
|
|t:|1756408397
|switch|p1b: Amoonguss|Amoonguss, L50, F|100/100
|turn|5
|
|t:|1756408412
|move|p1b: Amoonguss|Rage Powder|p1b: Amoonguss
|-singleturn|p1b: Amoonguss|move: Rage Powder
|move|p2b: 8|Dire Claw|p1b: Amoonguss
|-damage|p1b: Amoonguss|54/100
|-status|p1b: Amoonguss|slp
|-damage|p2b: 8|84/100|[from] item: Rocky Helmet|[of] p1b: Amoonguss
|move|p1a: Sneasler|Dire Claw|p2b: 8
|-resisted|p2b: 8
|-damage|p2b: 8|45/100
|
|upkeep
|turn|6
|
|t:|1756408431
|cant|p1b: Amoonguss|slp
|move|p2b: 8|Dire Claw|p1a: Sneasler
|-resisted|p1a: Sneasler
|-damage|p1a: Sneasler|0 fnt
|faint|p1a: Sneasler
|
|upkeep
|
|t:|1756408439
|switch|p1a: Whimsicott|Whimsicott, L50, F|100/100
|turn|7
|inactive|wafflesniffer3000 has 30 seconds left.
|
|t:|1756408467
|move|p2b: 8|Dire Claw|p1a: Whimsicott
|-supereffective|p1a: Whimsicott
|-enditem|p1a: Whimsicott|Focus Sash
|-damage|p1a: Whimsicott|1/100
|-status|p1a: Whimsicott|psn
|move|p1a: Whimsicott|Dazzling Gleam|p2b: 8
|-damage|p2b: 8|1/100
|cant|p1b: Amoonguss|slp
|
|-damage|p1a: Whimsicott|0 fnt|[from] psn
|faint|p1a: Whimsicott
|upkeep
|turn|8
|
|t:|1756408483
|move|p2b: 8|Dire Claw|p1b: Amoonguss
|-damage|p1b: Amoonguss|11/100 slp
|-damage|p2b: 8|0 fnt|[from] item: Rocky Helmet|[of] p1b: Amoonguss
|faint|p2b: 8
|
|win|wafflesniffer3000
|raw|wafflesniffer3000's rating: 1059 → 1091(+32 for winning)
|raw|KaiserBN1's rating: 1068 → 1047(-21 for losing)
|l|☆wafflesniffer3000
|player|p1|
