|j|☆XelaMaster
|j|☆Zappower
|html|XelaMasterZappower    
|uhtml|bestof|Game 2 of a best-of-3
|t:|1782711597
|gametype|doubles
|player|p1|XelaMaster|volkner|1051
|player|p2|Zappower|102|1057
|gen|9
|tier|[Gen 9 Champions] VGC 2026 Reg M-B (Bo3)
|rated|
|rule|Species Clause: Limit one of each Pokémon
|rule|Item Clause: Limit 1 of each item
|clearpoke
|poke|p1|Gardevoir, L50, F|
|poke|p1|Maushold-Four, L50|
|poke|p1|Basculegion, L50, M|
|poke|p1|Kingambit, L50, M|
|poke|p1|Talonflame, L50, M|
|poke|p1|Garchomp, L50, F|
|poke|p2|Swampert, L50, M|
|poke|p2|Pelipper, L50, M|
|poke|p2|Archaludon, L50, F|
|poke|p2|Sinistcha, L50|
|poke|p2|Maushold, L50|
|poke|p2|Gholdengo, L50|
|teampreview|4
|showteam|p1|Gardevoir||Gardevoirite|Telepathy|HyperVoice,Protect,Psyshock,TrickRoom|Modest||F|||50|]Maushold-Four||FocusSash|FriendGuard|FollowMe,Encore,SuperFang,Protect|Jolly|||||50|]Basculegion||SitrusBerry|Adaptability|AquaJet,LastRespects,WaveCrash,Protect|Adamant||M|||50|]Kingambit||ChopleBerry|Defiant|Protect,SuckerPunch,KowtowCleave,IronHead|Adamant||M|||50|]Talonflame|||GaleWings|Tailwind,WillOWisp,Acrobatics,Protect|Jolly||M|||50|]Garchomp||LifeOrb|RoughSkin|Earthquake,RockSlide,DragonClaw,Protect|Adamant||F|||50|
|showteam|p2|Swampert||Swampertite|Torrent|HighHorsepower,IcePunch,Protect,WaveCrash|Adamant||M|||50|]Pelipper||SitrusBerry|Drizzle|WeatherBall,Hurricane,Tailwind,WideGuard|Modest||M|||50|]Archaludon||Leftovers|Stamina|ElectroShot,DragonPulse,FlashCannon,Protect|Modest||F|||50|]Sinistcha||KasibBerry|Hospitality|RagePowder,MatchaGotcha,TrickRoom,Protect|Quiet|||||50|]Maushold||FocusSash|FriendGuard|FollowMe,SuperFang,RainDance,Protect|Jolly|||||50|]Gholdengo||LifeOrb|GoodasGold|MakeItRain,ShadowBall,NastyPlot,Protect|Modest|||||50|
|inactive|Battle timer is ON: inactive players will automatically lose when time's up. (requested by XelaMaster)
|
|t:|1782711626
|teamsize|p1|4
|teamsize|p2|4
|start
|switch|p1a: Gardevoir|Gardevoir, L50, F|100/100
|switch|p1b: Maushold|Maushold-Four, L50|100/100
|switch|p2a: Pelipper|Pelipper, L50, M|100/100
|switch|p2b: Sinistcha|Sinistcha, L50|100/100
|-weather|RainDance|[from] ability: Drizzle|[of] p2a: Pelipper
|turn|1
|inactive|XelaMaster has 30 seconds left.
|
|t:|1782711662
|detailschange|p1a: Gardevoir|Gardevoir-Mega, L50, F
|-mega|p1a: Gardevoir|Gardevoir|Gardevoirite
|move|p2b: Sinistcha|Protect|p2b: Sinistcha
|-singleturn|p2b: Sinistcha|Protect
|move|p1b: Maushold|Super Fang|p2a: Pelipper
|-damage|p2a: Pelipper|50/100g
|move|p1a: Gardevoir|Psyshock|p2a: Pelipper
|-damage|p2a: Pelipper|0 fnt
|faint|p2a: Pelipper
|
|-weather|RainDance|[upkeep]
|upkeep
|
|t:|1782711677
|switch|p2a: Swampert|Swampert, L50, M|100/100
|turn|2
|
|t:|1782711696
|detailschange|p2a: Swampert|Swampert-Mega, L50, M
|-mega|p2a: Swampert|Swampert|Swampertite
|move|p1b: Maushold|Follow Me|p1b: Maushold
|-singleturn|p1b: Maushold|move: Follow Me
|move|p2a: Swampert|Wave Crash|p1b: Maushold
|-enditem|p1b: Maushold|Focus Sash
|-damage|p1b: Maushold|1/100
|-damage|p2a: Swampert|66/100|[from] Recoil
|move|p1a: Gardevoir|Hyper Voice|p2a: Swampert|[spread] p2a,p2b
|-damage|p2a: Swampert|14/100
|-damage|p2b: Sinistcha|40/100
|move|p2b: Sinistcha|Matcha Gotcha|p1b: Maushold|[spread] p1a,p1b
|-damage|p1a: Gardevoir|82/100
|-heal|p2b: Sinistcha|48/100|[from] drain|[of] p1a: Gardevoir
|-damage|p1b: Maushold|0 fnt
|-heal|p2b: Sinistcha|49/100|[from] drain|[of] p1b: Maushold
|faint|p1b: Maushold
|
|-weather|RainDance|[upkeep]
|upkeep
|inactive|XelaMaster has 30 seconds left.
|
|t:|1782711727
|switch|p1b: Kingambit|Kingambit, L50, M|100/100
|turn|3
|
|t:|1782711740
|move|p1a: Gardevoir|Protect|p1a: Gardevoir
|-singleturn|p1a: Gardevoir|Protect
|move|p2b: Sinistcha|Protect|p2b: Sinistcha
|-singleturn|p2b: Sinistcha|Protect
|move|p1b: Kingambit|Sucker Punch|p2a: Swampert
|-damage|p2a: Swampert|0 fnt
|faint|p2a: Swampert
|
|-weather|RainDance|[upkeep]
|upkeep
|
|t:|1782711748
|switch|p2a: Archaludon|Archaludon, L50, F|100/100
|turn|4
|
|t:|1782711763
|switch|p1b: Garchomp|Garchomp, L50, F|100/100
|move|p1a: Gardevoir|Hyper Voice|p2a: Archaludon|[spread] p2a,p2b
|-damage|p2a: Archaludon|35/100
|-damage|p2b: Sinistcha|0 fnt
|-ability|p2a: Archaludon|Stamina|boost
|-boost|p2a: Archaludon|def|1
|faint|p2b: Sinistcha
|move|p2a: Archaludon|Flash Cannon|p1a: Gardevoir
|-supereffective|p1a: Gardevoir|1
|-damage|p1a: Gardevoir|14/100
|
|-weather|RainDance|[upkeep]
|-heal|p2a: Archaludon|41/100|[from] item: Leftovers
|upkeep
|turn|5
|-message|Zappower forfeited.
|
|win|XelaMaster
|raw|XelaMaster's rating: 1051 → 1084(+33 for winning)
|raw|Zappower's rating: 1057 → 1038(-19 for losing)
|l|☆Zappower
|player|p2|
