|j|☆Blitzenss
|j|☆mil0battles
|html|Blitzenssmil0battles    
|uhtml|bestof|Game 2 of a best-of-3
|t:|1757931947
|gametype|doubles
|player|p1|Blitzenss|steven|1068
|player|p2|mil0battles|266|1109
|gen|9
|tier|[Gen 9] VGC 2025 Reg H (Bo3)
|rated|
|rule|Species Clause: Limit one of each Pokémon
|rule|Item Clause: Limit 1 of each item
|clearpoke
|poke|p1|Kingambit, L50, M|
|poke|p1|Gholdengo, L50|
|poke|p1|Rillaboom, L50, F|
|poke|p1|Ursaluna-Bloodmoon, L50, M|
|poke|p1|Dragonite, L50, M|
|poke|p1|Volcarona, L50, M|
|poke|p2|Ursaluna-Bloodmoon, L50, M|
|poke|p2|Gholdengo, L50|
|poke|p2|Dragonite, L50, F|
|poke|p2|Amoonguss, L50, F|
|poke|p2|Incineroar, L50, M|
|poke|p2|Primarina, L50, M|
|teampreview|4
|showteam|p1|Kingambit||BlackGlasses|Defiant|KowtowCleave,SuckerPunch,Protect,SwordsDance|||M|||50|,,,,,Dark]Gholdengo||ChoiceScarf|GoodasGold|MakeItRain,Trick,NastyPlot,ShadowBall||||||50|,,,,,Steel]Rillaboom||MiracleSeed|GrassySurge|GrassyGlide,WoodHammer,FakeOut,Uturn|||F|||50|,,,,,Grass]Ursaluna-Bloodmoon||LifeOrb|MindsEye|EarthPower,BloodMoon,HyperVoice,Protect|||M|||50|,,,,,Ghost]Dragonite||LoadedDice|Multiscale|Tailwind,Haze,ScaleShot,StompingTantrum|||M|||50|,,,,,Fairy]Volcarona||RockyHelmet|FlameBody|RagePowder,WillOWisp,Overheat,Protect|||M|||50|,,,,,Water
|showteam|p2|Ursaluna-Bloodmoon||AssaultVest|MindsEye|BloodMoon,EarthPower,VacuumWave,HyperVoice|||M|||50|,,,,,Water]Gholdengo||LifeOrb|GoodasGold|Protect,MakeItRain,ShadowBall,NastyPlot||||||50|,,,,,Water]Dragonite||LoadedDice|Multiscale|ScaleShot,Tailwind,ExtremeSpeed,Protect|||F|||50|,,,,,Fairy]Amoonguss||SitrusBerry|Regenerator|Spore,RagePowder,PollenPuff,Protect|||F|||50|,,,,,Water]Incineroar||SafetyGoggles|Intimidate|FakeOut,KnockOff,PartingShot,FlareBlitz|||M|||50|,,,,,Ghost]Primarina||ThroatSpray|LiquidVoice|HyperVoice,Moonblast,Haze,Protect|||M|||50|,,,,,Poison
|inactive|Battle timer is ON: inactive players will automatically lose when time's up. (requested by mil0battles)
|
|t:|1757931984
|teamsize|p1|4
|teamsize|p2|4
|start
|switch|p1a: Volcarona|Volcarona, L50, M|100/100
|switch|p1b: Kingambit|Kingambit, L50, M|100/100
|switch|p2a: Amoonguss|Amoonguss, L50, F|100/100
|switch|p2b: Incineroar|Incineroar, L50, M|100/100
|-ability|p2b: Incineroar|Intimidate|boost
|-unboost|p1a: Volcarona|atk|1
|-unboost|p1b: Kingambit|atk|1
|-ability|p1b: Kingambit|Defiant|boost
|-boost|p1b: Kingambit|atk|2
|turn|1
|
|t:|1757931996
|-terastallize|p2a: Amoonguss|Water
|move|p1b: Kingambit|Protect|p1b: Kingambit
|-singleturn|p1b: Kingambit|Protect
|move|p2b: Incineroar|Flare Blitz|p1b: Kingambit
|-activate|p1b: Kingambit|move: Protect
|move|p1a: Volcarona|Overheat|p2a: Amoonguss
|-resisted|p2a: Amoonguss
|-damage|p2a: Amoonguss|69/100
|-unboost|p1a: Volcarona|spa|2
|move|p2a: Amoonguss|Spore|p1a: Volcarona
|-status|p1a: Volcarona|slp|[from] move: Spore
|
|upkeep
|turn|2
|
|t:|1757932010
|-terastallize|p1b: Kingambit|Dark
|cant|p1a: Volcarona|slp
|move|p2b: Incineroar|Flare Blitz|p1b: Kingambit
|-damage|p1b: Kingambit|62/100
|-damage|p2b: Incineroar|88/100|[from] Recoil
|move|p1b: Kingambit|Kowtow Cleave|p2a: Amoonguss
|-damage|p2a: Amoonguss|0 fnt
|faint|p2a: Amoonguss
|
|upkeep
|
|t:|1757932020
|switch|p2a: Ursaluna|Ursaluna-Bloodmoon, L50, M|100/100
|turn|3
|
|t:|1757932029
|cant|p1a: Volcarona|slp
|move|p1b: Kingambit|Protect|p1b: Kingambit
|-singleturn|p1b: Kingambit|Protect
|move|p2b: Incineroar|Knock Off|p1b: Kingambit
|-activate|p1b: Kingambit|move: Protect
|move|p2a: Ursaluna|Blood Moon|p1b: Kingambit
|-activate|p1b: Kingambit|move: Protect
|
|upkeep
|turn|4
|
|t:|1757932054
|switch|p1b: Dragonite|Dragonite, L50, M|100/100
|-curestatus|p1a: Volcarona|slp|[msg]
|move|p1a: Volcarona|Protect|p1a: Volcarona
|-singleturn|p1a: Volcarona|Protect
|move|p2a: Ursaluna|Vacuum Wave|p1b: Dragonite
|-resisted|p1b: Dragonite
|-damage|p1b: Dragonite|97/100
|move|p2b: Incineroar|Knock Off|p1b: Dragonite
|-damage|p1b: Dragonite|56/100
|-enditem|p1b: Dragonite|Loaded Dice|[from] move: Knock Off|[of] p2b: Incineroar
|
|upkeep
|turn|5
|inactive|Blitzenss has 30 seconds left.
|
|t:|1757932085
|move|p1a: Volcarona|Rage Powder|p1a: Volcarona
|-singleturn|p1a: Volcarona|move: Rage Powder
|move|p1b: Dragonite|Tailwind|p1b: Dragonite
|-sidestart|p1: Blitzenss|move: Tailwind
|move|p2b: Incineroar|Flare Blitz|p1a: Volcarona
|-damage|p1a: Volcarona|50/100
|-damage|p2b: Incineroar|72/100|[from] item: Rocky Helmet|[of] p1a: Volcarona
|-damage|p2b: Incineroar|56/100|[from] Recoil
|move|p2a: Ursaluna|Blood Moon|p1a: Volcarona
|-damage|p1a: Volcarona|0 fnt
|faint|p1a: Volcarona
|
|upkeep
|
|t:|1757932099
|switch|p1a: Kingambit|Kingambit, L50, M, tera:Dark|62/100
|turn|6
|
|t:|1757932114
|move|p1a: Kingambit|Sucker Punch|p2a: Ursaluna
|-damage|p2a: Ursaluna|54/100
|move|p2a: Ursaluna|Vacuum Wave|p1a: Kingambit
|-supereffective|p1a: Kingambit
|-damage|p1a: Kingambit|30/100
|move|p1b: Dragonite|Stomping Tantrum|p2b: Incineroar
|-supereffective|p2b: Incineroar
|-damage|p2b: Incineroar|0 fnt
|faint|p2b: Incineroar
|
|upkeep
|
|t:|1757932122
|switch|p2b: Dragonite|Dragonite, L50, F|100/100
|turn|7
|
|t:|1757932135
|move|p1a: Kingambit|Sucker Punch|p2a: Ursaluna
|-damage|p2a: Ursaluna|8/100
|move|p2a: Ursaluna|Vacuum Wave|p1a: Kingambit
|-supereffective|p1a: Kingambit
|-damage|p1a: Kingambit|0 fnt
|faint|p1a: Kingambit
|move|p1b: Dragonite|Scale Shot|p2b: Dragonite
|-supereffective|p2b: Dragonite
|-damage|p2b: Dragonite|84/100
|-supereffective|p2b: Dragonite
|-damage|p2b: Dragonite|50/100
|-supereffective|p2b: Dragonite
|-damage|p2b: Dragonite|18/100
|-supereffective|p2b: Dragonite
|-damage|p2b: Dragonite|0 fnt
|faint|p2b: Dragonite
|-hitcount|p2: Dragonite|4
|-unboost|p1b: Dragonite|def|1
|-boost|p1b: Dragonite|spe|1
|
|upkeep
|
|t:|1757932139
|switch|p1a: Gholdengo|Gholdengo, L50|100/100
|turn|8
|-message|mil0battles forfeited.
|
|win|Blitzenss
||mil0battles is ready for game 3.
||Blitzenss is ready for game 3.
|uhtml|next|Next: Game 3 of 3
