|j|☆nontelo
|j|☆beeetch
|html|nontelobeeetch    
|uhtml|bestof|Game 1 of a best-of-3
|t:|1755263624
|gametype|doubles
|player|p1|nontelo|cress|1295
|player|p2|beeetch|beauty-gen4dp|1382
|gen|9
|tier|[Gen 9] VGC 2025 Reg H (Bo3)
|rated|
|rule|Species Clause: Limit one of each Pokémon
|rule|Item Clause: Limit 1 of each item
|clearpoke
|poke|p1|Malamar, L50, M|
|poke|p1|Farigiraf, L50, F|
|poke|p1|Torkoal, L50, M|
|poke|p1|Pincurchin, L50, M|
|poke|p1|Smeargle, L50, F|
|poke|p1|Gengar, L50, F|
|poke|p2|Toedscruel, L50, M|
|poke|p2|Weezing-Galar, L50, M|
|poke|p2|Corviknight, L50, F|
|poke|p2|Pawmot, L50, M|
|poke|p2|Garchomp, L50, F|
|poke|p2|Typhlosion-Hisui, L50, F|
|teampreview|4
|showteam|p1|Malamar||LumBerry|Contrary|Superpower,KnockOff,Rest,TrickRoom|||M|||50|,,,,,Fire]Farigiraf||ThroatSpray|ArmorTail|HyperVoice,TwinBeam,TrickRoom,Protect|||F|||50|,,,,,Normal]Torkoal||Charcoal|Drought|Eruption,WeatherBall,ClearSmog,HeatWave|||M|||50|,,,,,Fire]Pincurchin||LifeOrb|ElectricSurge|ZingZap,Liquidation,PoisonJab,Protect|||M|||50|,,,,,Stellar]Smeargle||MentalHerb|Moody|FakeOut,FollowMe,Memento,WideGuard|||F|||50|,,,,,Normal]Gengar||FocusSash|CursedBody|ShadowBall,Protect,Imprison,TrickRoom|||F|||50|,,,,,Ghost
|showteam|p2|Toedscruel||CovertCloak|MyceliumMight|Spore,EarthPower,AcidSpray,RagePowder|||M|||50|,,,,,Water]Weezing-Galar||ChoiceSpecs|NeutralizingGas|DazzlingGleam,SludgeBomb,StrangeSteam,Flamethrower|||M|||50|,,,,,Fire]Corviknight||SitrusBerry|MirrorArmor|Protect,Tailwind,Roost,BraveBird|||F|||50|,,,,,Dragon]Pawmot||FocusSash|NaturalCure|Protect,CloseCombat,DoubleShock,FakeOut|||M|||50|,,,,,Electric]Garchomp||LifeOrb|RoughSkin|Protect,Earthquake,DragonClaw,StompingTantrum|||F|||50|,,,,,Ground]Typhlosion-Hisui||ChoiceScarf|Blaze|Eruption,SleepTalk,HeatWave,ShadowBall|||F|||50|,,,,,Fire
|inactive|Battle timer is ON: inactive players will automatically lose when time's up. (requested by nontelo)
|inactive|nontelo has 60 seconds left.
|inactive|beeetch has 60 seconds left.
|inactive|beeetch has 30 seconds left.
|inactive|beeetch has 20 seconds left.
|
|t:|1755263704
|teamsize|p1|4
|teamsize|p2|4
|start
|switch|p1a: Farigiraf|Farigiraf, L50, F|100/100
|switch|p1b: Smeargle|Smeargle, L50, F|100/100
|switch|p2a: Toedscruel|Toedscruel, L50, M|100/100
|switch|p2b: Weezing|Weezing-Galar, L50, M|100/100
|-ability|p2b: Weezing|Neutralizing Gas
|turn|1
|
|t:|1755263726
|move|p1b: Smeargle|Follow Me|p1b: Smeargle
|-singleturn|p1b: Smeargle|move: Follow Me
|move|p2a: Toedscruel|Spore|p1b: Smeargle
|-status|p1b: Smeargle|slp|[from] move: Spore
|move|p2b: Weezing|Dazzling Gleam|p1a: Farigiraf|[spread] p1a,p1b
|-damage|p1a: Farigiraf|60/100
|-damage|p1b: Smeargle|30/100 slp
|move|p1a: Farigiraf|Trick Room|p1a: Farigiraf
|-fieldstart|move: Trick Room|[of] p1a: Farigiraf
|
|upkeep
|turn|2
|
|t:|1755263743
|-end|p2b: Weezing|ability: Neutralizing Gas
|switch|p2b: Corviknight|Corviknight, L50, F|100/100
|move|p1a: Farigiraf|Protect|p1a: Farigiraf
|-singleturn|p1a: Farigiraf|Protect
|cant|p1b: Smeargle|slp
|move|p2a: Toedscruel|Spore|p1a: Farigiraf
|-activate|p1a: Farigiraf|move: Protect
|
|-ability|p1b: Smeargle|Moody|boost
|-boost|p1b: Smeargle|def|2
|-unboost|p1b: Smeargle|spa|1
|upkeep
|turn|3
|
|t:|1755263766
|-curestatus|p1b: Smeargle|slp|[msg]
|move|p1b: Smeargle|Follow Me|p1b: Smeargle
|-singleturn|p1b: Smeargle|move: Follow Me
|move|p1a: Farigiraf|Hyper Voice|p2a: Toedscruel|[spread] p2a,p2b
|-resisted|p2b: Corviknight
|-damage|p2a: Toedscruel|70/100
|-damage|p2b: Corviknight|85/100
|-enditem|p1a: Farigiraf|Throat Spray
|-boost|p1a: Farigiraf|spa|1|[from] item: Throat Spray
|move|p2b: Corviknight|Brave Bird|p1b: Smeargle
|-crit|p1b: Smeargle
|-damage|p1b: Smeargle|0 fnt
|faint|p1b: Smeargle
|-damage|p2b: Corviknight|78/100|[from] Recoil
|move|p2a: Toedscruel|Spore|p1a: Farigiraf
|-status|p1a: Farigiraf|slp|[from] move: Spore
|
|upkeep
|
|t:|1755263777
|switch|p1b: Torkoal|Torkoal, L50, M|100/100
|-weather|SunnyDay|[from] ability: Drought|[of] p1b: Torkoal
|turn|4
|
|t:|1755263789
|-terastallize|p1b: Torkoal|Fire
|-terastallize|p2a: Toedscruel|Water
|move|p2b: Corviknight|Protect|p2b: Corviknight
|-singleturn|p2b: Corviknight|Protect
|move|p1b: Torkoal|Eruption|p2b: Corviknight|[spread] p2a
|-activate|p2b: Corviknight|move: Protect
|-resisted|p2a: Toedscruel
|-damage|p2a: Toedscruel|25/100
|cant|p1a: Farigiraf|slp
|move|p2a: Toedscruel|Spore|p1b: Torkoal
|-status|p1b: Torkoal|slp|[from] move: Spore
|
|-weather|SunnyDay|[upkeep]
|upkeep
|turn|5
|
|t:|1755263809
|cant|p1b: Torkoal|slp
|cant|p1a: Farigiraf|slp
|move|p2b: Corviknight|Brave Bird|p1b: Torkoal
|-damage|p1b: Torkoal|68/100 slp
|-damage|p2b: Corviknight|68/100|[from] Recoil
|move|p2a: Toedscruel|Earth Power|p1b: Torkoal
|-supereffective|p1b: Torkoal
|-damage|p1b: Torkoal|0 fnt
|faint|p1b: Torkoal
|
|-weather|SunnyDay|[upkeep]
|-fieldend|move: Trick Room
|upkeep
|
|t:|1755263815
|switch|p1b: Gengar|Gengar, L50, F|100/100
|turn|6
|
|t:|1755263828
|move|p1b: Gengar|Shadow Ball|p2b: Corviknight
|-damage|p2b: Corviknight|30/100
|-enditem|p2b: Corviknight|Sitrus Berry|[eat]
|-heal|p2b: Corviknight|55/100|[from] item: Sitrus Berry
|move|p2a: Toedscruel|Earth Power|p1a: Farigiraf
|-damage|p1a: Farigiraf|34/100 slp
|move|p2b: Corviknight|Brave Bird|p1a: Farigiraf
|-damage|p1a: Farigiraf|0 fnt
|faint|p1a: Farigiraf
|-damage|p2b: Corviknight|42/100|[from] Recoil
|
|-weather|SunnyDay|[upkeep]
|upkeep
|turn|7
|-message|nontelo forfeited.
|
|win|beeetch
|l|☆nontelo
|player|p1|
|raw|nontelo's rating: 1295 → 1276(-19 for losing)
|raw|beeetch's rating: 1382 → 1397(+15 for winning)
