|j|☆MSAtlos
|j|☆y-rocko
|html|MSAtlosy-rocko    
|uhtml|bestof|Game 2 of a best-of-3
|t:|1757798076
|gametype|doubles
|player|p1|MSAtlos|clair|1180
|player|p2|y-rocko|2|1102
|gen|9
|tier|[Gen 9] VGC 2025 Reg H (Bo3)
|rated|
|rule|Species Clause: Limit one of each Pokémon
|rule|Item Clause: Limit 1 of each item
|clearpoke
|poke|p1|Ninetales-Alola, L50, F|
|poke|p1|Ursaluna-Bloodmoon, L50, M|
|poke|p1|Maushold-Four, L50|
|poke|p1|Annihilape, L50, F|
|poke|p1|Klefki, L50, M|
|poke|p1|Sinistcha-Masterpiece, L50|
|poke|p2|Riolu, L50, M|
|poke|p2|Typhlosion-Hisui, L50, F|
|poke|p2|Araquanid, L50, F|
|poke|p2|Arcanine, L50, M|
|poke|p2|Rillaboom, L50, M|
|poke|p2|Kingambit, L50, F|
|teampreview|4
|showteam|p1|Ninetales-Alola||CovertCloak|SnowWarning|FreezeDry,AuroraVeil,Encore,Protect|||F|||50|,,,,,Water]Ursaluna-Bloodmoon||AssaultVest|MindsEye|BloodMoon,EarthPower,HyperVoice,VacuumWave|||M|||50|,,,,,Water]Maushold-Four||FocusSash|FriendGuard|BeatUp,Taunt,FollowMe,Protect||||||50|,,,,,Ghost]Annihilape||Leftovers|Defiant|DrainPunch,RageFist,BulkUp,Protect|||F|||50|,,,,,Fire]Klefki||LightClay|Prankster|DazzlingGleam,Reflect,LightScreen,MistyTerrain|||M|||50|,,,,,Ghost]Sinistcha-Masterpiece||SitrusBerry|Hospitality|MatchaGotcha,RagePowder,LifeDew,TrickRoom||||||50|,,,,,Water
|showteam|p2|Riolu||FocusSash|Prankster|QuickGuard,Coaching,SunnyDay,Feint|||M|||50|,,,,,Ghost]Typhlosion-Hisui||ChoiceScarf|Frisk|Eruption,HeatWave,ShadowBall,SolarBeam|||F|||50|,,,,,Fire]Araquanid||SafetyGoggles|WaterBubble|WideGuard,Soak,Liquidation,LeechLife|||F|||50|,,,,,Water]Arcanine||SitrusBerry|Intimidate|Protect,Howl,ExtremeSpeed,FlareBlitz|||M|||50|,,,,,Normal]Rillaboom||ClearAmulet|GrassySurge|FakeOut,GrassyGlide,WoodHammer,HighHorsepower|||M|||50|,,,,,Fire]Kingambit||AssaultVest|Defiant|SuckerPunch,KowtowCleave,IronHead,BrickBreak|||F|||50|,,,,,Water
|
|t:|1757798125
|teamsize|p1|4
|teamsize|p2|4
|start
|switch|p1a: Annihilape|Annihilape, L50, F|100/100
|switch|p1b: Maushold|Maushold-Four, L50|100/100
|switch|p2a: Riolu|Riolu, L50, M|100/100
|switch|p2b: Rillaboom|Rillaboom, L50, M|100/100
|-fieldstart|move: Grassy Terrain|[from] ability: Grassy Surge|[of] p2b: Rillaboom
|turn|1
|j| T-Soro
|l| T-Soro
|
|t:|1757798156
|move|p2b: Rillaboom|Grassy Glide|p1b: Maushold
|-damage|p1b: Maushold|58/100
|move|p2a: Riolu|Coaching|p2b: Rillaboom
|-boost|p2b: Rillaboom|atk|1
|-boost|p2b: Rillaboom|def|1
|move|p1b: Maushold|Beat Up|p1a: Annihilape
|-damage|p1a: Annihilape|99/100
|-damage|p1a: Annihilape|97/100
|-damage|p1a: Annihilape|95/100
|-damage|p1a: Annihilape|93/100
|-hitcount|p1a: Annihilape|4
|move|p1a: Annihilape|Bulk Up|p1a: Annihilape
|-boost|p1a: Annihilape|atk|1
|-boost|p1a: Annihilape|def|1
|
|-heal|p1b: Maushold|64/100|[from] Grassy Terrain
|-heal|p1a: Annihilape|99/100|[from] Grassy Terrain
|-heal|p1a: Annihilape|100/100|[from] item: Leftovers
|upkeep
|turn|2
|
|t:|1757798182
|switch|p1b: Ninetales|Ninetales-Alola, L50, F|100/100
|-weather|Snowscape|[from] ability: Snow Warning|[of] p1b: Ninetales
|move|p2b: Rillaboom|Grassy Glide|p1b: Ninetales
|-damage|p1b: Ninetales|57/100
|move|p2a: Riolu|Coaching|p2b: Rillaboom
|-boost|p2b: Rillaboom|atk|1
|-boost|p2b: Rillaboom|def|1
|move|p1a: Annihilape|Rage Fist|p2b: Rillaboom
|-damage|p2b: Rillaboom|8/100
|
|-weather|Snowscape|[upkeep]
|-heal|p1b: Ninetales|63/100|[from] Grassy Terrain
|-heal|p2b: Rillaboom|15/100|[from] Grassy Terrain
|upkeep
|turn|3
|
|t:|1757798217
|-terastallize|p2b: Rillaboom|Fire
|move|p2a: Riolu|Sunny Day|p2a: Riolu
|-weather|SunnyDay
|move|p1b: Ninetales|Freeze-Dry|p2b: Rillaboom
|-resisted|p2b: Rillaboom
|-damage|p2b: Rillaboom|1/100
|move|p1a: Annihilape|Drain Punch|p2a: Riolu
|-enditem|p2a: Riolu|Focus Sash
|-damage|p2a: Riolu|1/100
|move|p2b: Rillaboom|High Horsepower|p1a: Annihilape
|-damage|p1a: Annihilape|56/100
|
|-weather|SunnyDay|[upkeep]
|-heal|p1b: Ninetales|69/100|[from] Grassy Terrain
|-heal|p1a: Annihilape|62/100|[from] Grassy Terrain
|-heal|p1a: Annihilape|68/100|[from] item: Leftovers
|-heal|p2b: Rillaboom|7/100|[from] Grassy Terrain
|-heal|p2a: Riolu|8/100|[from] Grassy Terrain
|upkeep
|turn|4
|
|t:|1757798239
|move|p2a: Riolu|Feint|p1a: Annihilape
|-immune|p1a: Annihilape
|move|p2b: Rillaboom|Grassy Glide|p1a: Annihilape
|-crit|p1a: Annihilape
|-damage|p1a: Annihilape|0 fnt
|faint|p1a: Annihilape
|move|p1b: Ninetales|Freeze-Dry|p2b: Rillaboom
|-resisted|p2b: Rillaboom
|-damage|p2b: Rillaboom|0 fnt
|faint|p2b: Rillaboom
|
|-weather|SunnyDay|[upkeep]
|-heal|p1b: Ninetales|75/100|[from] Grassy Terrain
|-heal|p2a: Riolu|14/100|[from] Grassy Terrain
|upkeep
|
|t:|1757798252
|switch|p1a: Maushold|Maushold-Four, L50|64/100
|switch|p2b: Typhlosion|Typhlosion-Hisui, L50, F|100/100
|-item|p1a: Maushold|Focus Sash|[from] ability: Frisk|[of] p2b: Typhlosion
|-item|p1b: Ninetales|Covert Cloak|[from] ability: Frisk|[of] p2b: Typhlosion
|turn|5
|
|t:|1757798275
|switch|p1b: Sinistcha|Sinistcha-Masterpiece, L50|100/100
|-heal|p1a: Maushold|89/100|[from] ability: Hospitality|[of] p1b: Sinistcha
|move|p2a: Riolu|Feint|p1b: Sinistcha
|-immune|p1b: Sinistcha
|move|p2b: Typhlosion|Eruption|p1a: Maushold|[spread] p1a,p1b
|-supereffective|p1b: Sinistcha
|-damage|p1a: Maushold|0 fnt
|-damage|p1b: Sinistcha|0 fnt
|faint|p1a: Maushold
|faint|p1b: Sinistcha
|
|-weather|SunnyDay|[upkeep]
|-heal|p2a: Riolu|20/100|[from] Grassy Terrain
|-fieldend|move: Grassy Terrain
|upkeep
|-message|MSAtlos forfeited.
|
|win|y-rocko
||y-rocko is ready for game 3.
||MSAtlos is ready for game 3.
|uhtml|next|Next: Game 3 of 3
|l|☆y-rocko
|player|p2|
|l|☆MSAtlos
|player|p1|
