|j|☆FrancoilCieco777
|j|‽beckaivgccoach
|html|FrancoilCieco777beckaivgccoach    
|uhtml|bestof|Game 2 of a best-of-3
|t:|1756246594
|gametype|doubles
|player|p1|FrancoilCieco777|baker|1025
|player|p2|beckaivgccoach|265|1057
|gen|9
|tier|[Gen 9] VGC 2025 Reg H (Bo3)
|rated|
|rule|Species Clause: Limit one of each Pokémon
|rule|Item Clause: Limit 1 of each item
|clearpoke
|poke|p1|Arcanine, L50, F|
|poke|p1|Haxorus, L50, M|
|poke|p1|Sneasler, L50, F|
|poke|p1|Samurott-Hisui, L50, M|
|poke|p1|Gholdengo, L50|
|poke|p1|Amoonguss, L50, M|
|poke|p2|Garganacl, L50, M|
|poke|p2|Volcarona, L50, F|
|poke|p2|Dondozo, L50, F|
|poke|p2|Grimmsnarl, L50, M|
|poke|p2|Rillaboom, L50, F|
|poke|p2|Tyranitar, L50, M|
|teampreview|4
|showteam|p1|Arcanine||MirrorHerb|Intimidate|ExtremeSpeed,FlareBlitz,Protect,WillOWisp|||F|||50|,,,,,Normal]Haxorus||ClearAmulet|MoldBreaker|DragonClaw,FirstImpression,IronHead,Protect|||M|||50|,,,,,Steel]Sneasler||FocusSash|PoisonTouch|FakeOut,CloseCombat,DireClaw,Coaching|||F|||50|,,,,,Ghost]Samurott-Hisui||AssaultVest|Sharpness|AquaCutter,SacredSword,NightSlash,SuckerPunch|||M|||50|,,,,,Ghost]Gholdengo||ChoiceScarf|GoodasGold|MakeItRain,ShadowBall,Trick,Protect||||||50|,,,,,Steel]Amoonguss||CovertCloak|Regenerator|Spore,RagePowder,ClearSmog,Protect|||M|||50|,,,,,Electric
|showteam|p2|Garganacl||SitrusBerry|PurifyingSalt|SaltCure,Recover,WideGuard,Protect|||M|||50|,,,,,Poison]Volcarona||Leftovers|FlameBody|HeatWave,GigaDrain,QuiverDance,Protect|||F|||50|,,,,,Dragon]Dondozo||SafetyGoggles|Unaware|WaveCrash,Fissure,Yawn,Protect|||F|||50|,,,,,Dragon]Grimmsnarl||LightClay|Prankster|SpiritBreak,ThunderWave,Reflect,LightScreen|||M|||50|,,,,,Ghost]Rillaboom||MiracleSeed|GrassySurge|WoodHammer,GrassyGlide,Uturn,FakeOut|||F|||50|,,,,,Grass]Tyranitar||AssaultVest|SandStream|RockSlide,KnockOff,TeraBlast,SandTomb|||M|||50|,,,,,Flying
|inactive|Battle timer is ON: inactive players will automatically lose when time's up. (requested by FrancoilCieco777)
|inactive|beckaivgccoach has 60 seconds left.
|inactive|beckaivgccoach has 30 seconds left.
|
|t:|1756246663
|teamsize|p1|4
|teamsize|p2|4
|start
|switch|p1a: Samurott|Samurott-Hisui, L50, M|100/100
|switch|p1b: Sneasler|Sneasler, L50, F|100/100
|switch|p2a: Rillaboom|Rillaboom, L50, F|100/100
|switch|p2b: Volcarona|Volcarona, L50, F|100/100
|-fieldstart|move: Grassy Terrain|[from] ability: Grassy Surge|[of] p2a: Rillaboom
|turn|1
|inactive|FrancoilCieco777 has 30 seconds left.
|inactive|FrancoilCieco777 has 20 seconds left.
|l|‽beckaivgccoach
|inactive|beckaivgccoach disconnected and has a minute to reconnect!
|player|p2|
|inactive|FrancoilCieco777 has 15 seconds left.
|
|t:|1756246703
|-terastallize|p2b: Volcarona|Dragon
|move|p1b: Sneasler|Fake Out|p2a: Rillaboom
|-damage|p2a: Rillaboom|85/100
|cant|p2a: Rillaboom|flinch
|move|p1a: Samurott|Aqua Cutter|p2b: Volcarona
|-resisted|p2b: Volcarona
|-damage|p2b: Volcarona|77/100
|move|p2b: Volcarona|Quiver Dance|p2b: Volcarona
|-boost|p2b: Volcarona|spa|1
|-boost|p2b: Volcarona|spd|1
|-boost|p2b: Volcarona|spe|1
|
|-heal|p2b: Volcarona|83/100|[from] Grassy Terrain
|-heal|p2b: Volcarona|88/100|[from] item: Leftovers
|-heal|p2a: Rillaboom|91/100|[from] Grassy Terrain
|upkeep
|turn|2
|j|‽beckaivgccoach
|inactive|beckaivgccoach reconnected and has 55 seconds left.
|player|p2|beckaivgccoach|265|
|n|‽beckaivgccoach|beckaivgccoach
|
|t:|1756246724
|switch|p1a: Arcanine|Arcanine, L50, F|100/100
|-ability|p1a: Arcanine|Intimidate|boost
|-unboost|p2a: Rillaboom|atk|1
|-unboost|p2b: Volcarona|atk|1
|move|p1b: Sneasler|Close Combat|p2b: Volcarona
|-damage|p2b: Volcarona|27/100
|-unboost|p1b: Sneasler|def|1
|-unboost|p1b: Sneasler|spd|1
|-status|p2b: Volcarona|psn|[from] ability: Poison Touch|[of] p1b: Sneasler
|move|p2b: Volcarona|Heat Wave|p1b: Sneasler|[spread] p1a,p1b
|-resisted|p1a: Arcanine
|-damage|p1a: Arcanine|74/100
|-enditem|p1b: Sneasler|Focus Sash
|-damage|p1b: Sneasler|1/100
|move|p2a: Rillaboom|U-turn|p1b: Sneasler
|-resisted|p1b: Sneasler
|-damage|p1b: Sneasler|0 fnt
|faint|p1b: Sneasler
|
|t:|1756246738
|switch|p2a: Garganacl|Garganacl, L50, M|100/100|[from] U-turn
|
|-heal|p2b: Volcarona|32/100 psn|[from] Grassy Terrain
|-heal|p2b: Volcarona|38/100 psn|[from] item: Leftovers
|-heal|p1a: Arcanine|80/100|[from] Grassy Terrain
|-damage|p2b: Volcarona|26/100 psn|[from] psn
|upkeep
|
|t:|1756246748
|switch|p1b: Samurott|Samurott-Hisui, L50, M|100/100
|turn|3
|
|t:|1756246757
|-terastallize|p1a: Arcanine|Normal
|move|p1a: Arcanine|Extreme Speed|p2b: Volcarona
|-crit|p2b: Volcarona
|-damage|p2b: Volcarona|0 fnt
|faint|p2b: Volcarona
|move|p1b: Samurott|Aqua Cutter|p2a: Garganacl
|-supereffective|p2a: Garganacl
|-damage|p2a: Garganacl|30/100
|-enditem|p2a: Garganacl|Sitrus Berry|[eat]
|-heal|p2a: Garganacl|55/100|[from] item: Sitrus Berry
|move|p2a: Garganacl|Salt Cure|p1a: Arcanine
|-damage|p1a: Arcanine|62/100
|-start|p1a: Arcanine|Salt Cure
|
|-heal|p1a: Arcanine|68/100|[from] Grassy Terrain
|-heal|p2a: Garganacl|61/100|[from] Grassy Terrain
|-damage|p1a: Arcanine|56/100|[from] Salt Cure
|upkeep
|
|t:|1756246770
|switch|p2b: Rillaboom|Rillaboom, L50, F|91/100
|turn|4
|
|t:|1756246779
|move|p2b: Rillaboom|Fake Out|p1b: Samurott
|-damage|p1b: Samurott|84/100
|move|p1a: Arcanine|Flare Blitz|p2b: Rillaboom
|-supereffective|p2b: Rillaboom
|-damage|p2b: Rillaboom|0 fnt
|faint|p2b: Rillaboom
|-damage|p1a: Arcanine|22/100|[from] Recoil
|cant|p1b: Samurott|flinch
|move|p2a: Garganacl|Salt Cure|p1b: Samurott
|-damage|p1b: Samurott|65/100
|-start|p1b: Samurott|Salt Cure
|
|-heal|p1a: Arcanine|28/100|[from] Grassy Terrain
|-heal|p1b: Samurott|71/100|[from] Grassy Terrain
|-heal|p2a: Garganacl|67/100|[from] Grassy Terrain
|-damage|p1a: Arcanine|16/100|[from] Salt Cure
|-damage|p1b: Samurott|47/100|[from] Salt Cure
|upkeep
|
|t:|1756246793
|switch|p2b: Grimmsnarl|Grimmsnarl, L50, M|100/100
|turn|5
|
|t:|1756246801
|move|p1a: Arcanine|Will-O-Wisp|p2b: Grimmsnarl
|-status|p2b: Grimmsnarl|brn
|move|p1b: Samurott|Aqua Cutter|p2a: Garganacl
|-supereffective|p2a: Garganacl
|-crit|p2a: Garganacl
|-damage|p2a: Garganacl|0 fnt
|faint|p2a: Garganacl
|move|p2b: Grimmsnarl|Spirit Break|p1b: Samurott
|-supereffective|p1b: Samurott
|-damage|p1b: Samurott|8/100
|-unboost|p1b: Samurott|spa|1
|
|-heal|p1a: Arcanine|22/100|[from] Grassy Terrain
|-heal|p1b: Samurott|14/100|[from] Grassy Terrain
|-damage|p2b: Grimmsnarl|95/100 brn|[from] brn
|-damage|p1a: Arcanine|10/100|[from] Salt Cure
|-damage|p1b: Samurott|0 fnt|[from] Salt Cure
|faint|p1b: Samurott
|-fieldend|move: Grassy Terrain
|upkeep
|
|t:|1756246815
|switch|p1b: Haxorus|Haxorus, L50, M|100/100
|-ability|p1b: Haxorus|Mold Breaker
|turn|6
|
|t:|1756246822
|move|p1a: Arcanine|Flare Blitz|p2b: Grimmsnarl
|-damage|p2b: Grimmsnarl|38/100 brn
|-damage|p1a: Arcanine|0 fnt|[from] Recoil
|faint|p1a: Arcanine
|move|p1b: Haxorus|Iron Head|p2b: Grimmsnarl
|-supereffective|p2b: Grimmsnarl
|-damage|p2b: Grimmsnarl|0 fnt
|faint|p2b: Grimmsnarl
|
|win|FrancoilCieco777
