|j|☆endershovel
|j|☆KatKraydel
|html|endershovelKatKraydel    
|uhtml|bestof|Game 1 of a best-of-3
|t:|1785409776
|gametype|doubles
|player|p1|endershovel|170|1360
|player|p2|KatKraydel|lebanne|1284
|gen|9
|tier|[Gen 9 Champions] VGC 2026 Reg M-B (Bo3)
|rated|
|rule|Species Clause: Limit one of each Pokémon
|rule|Item Clause: Limit 1 of each item
|clearpoke
|poke|p1|Starmie, L50, shiny|
|poke|p1|Sneasler, L50, F|
|poke|p1|Pelipper, L50, M|
|poke|p1|Archaludon, L50, M|
|poke|p1|Sinistcha-Masterpiece, L50|
|poke|p1|Kingambit, L50, F|
|poke|p2|Ninetales-Alola, L50, F|
|poke|p2|Whimsicott, L50, F|
|poke|p2|Kingambit, L50, F|
|poke|p2|Hawlucha, L50, F|
|poke|p2|Ceruledge, L50, M|
|poke|p2|Floette-Eternal, L50, F|
|teampreview|4
|showteam|p1|Starmie||Starminite|NaturalCure|Liquidation,ZenHeadbutt,AquaJet,Protect|Jolly|||||50|]Sneasler||WhiteHerb|Unburden|CloseCombat,DireClaw,Coaching,FakeOut|Adamant||F|||50|]Pelipper||SitrusBerry|Drizzle|Hurricane,MuddyWater,Tailwind,Protect|Modest||M|||50|]Archaludon||Leftovers|Stamina|ElectroShot,FlashCannon,DragonPulse,Protect|Modest||M|||50|]Sinistcha-Masterpiece||ColburBerry|Hospitality|MatchaGotcha,RagePowder,TrickRoom,Protect|Calm|||||50|]Kingambit||BlackGlasses|Defiant|KowtowCleave,SuckerPunch,SwordsDance,Protect|Adamant||F|||50|
|showteam|p2|Ninetales-Alola||NeverMeltIce|SnowWarning|Blizzard,FreezeDry,Disable,Protect|Timid||F|||50|]Whimsicott||FocusSash|Prankster|Moonblast,Tailwind,Encore,Protect|Timid||F|||50|]Kingambit||LifeOrb|Defiant|KowtowCleave,SuckerPunch,IronHead,Protect|Adamant||F|||50|]Hawlucha||Hawluchanite|MoldBreaker|CloseCombat,BraveBird,StoneEdge,Protect|Adamant||F|||50|]Ceruledge||ColburBerry|FlashFire|BitterBlade,ShadowSneak,BulkUp,Protect|Adamant||M|||50|]Floette-Eternal||Floettite|FlowerVeil|Moonblast,DazzlingGleam,LightofRuin,Protect|Modest||F|||50|
|
|t:|1785409810
|teamsize|p1|4
|teamsize|p2|4
|start
|switch|p1a: Sneasler|Sneasler, L50, F|100/100
|switch|p1b: Starmie|Starmie, L50, shiny|100/100
|switch|p2a: WILDFLOWER|Floette-Eternal, L50, F|100/100
|switch|p2b: Bounce Man|Whimsicott, L50, F|100/100
|turn|1
|
|t:|1785409834
|detailschange|p1b: Starmie|Starmie-Mega, L50, shiny
|-mega|p1b: Starmie|Starmie|Starminite
|detailschange|p2a: WILDFLOWER|Floette-Mega, L50, F
|-mega|p2a: WILDFLOWER|Floette|Floettite
|-ability|p2a: WILDFLOWER|Fairy Aura
|move|p2a: WILDFLOWER|Protect|p2a: WILDFLOWER
|-singleturn|p2a: WILDFLOWER|Protect
|move|p2b: Bounce Man|Tailwind|p2b: Bounce Man
|-sidestart|p2: KatKraydel|move: Tailwind
|move|p1a: Sneasler|Coaching|p1b: Starmie
|-boost|p1b: Starmie|atk|1
|-boost|p1b: Starmie|def|1
|move|p1b: Starmie|Liquidation|p2a: WILDFLOWER
|-activate|p2a: WILDFLOWER|move: Protect
|
|upkeep
|turn|2
|
|t:|1785409850
|switch|p1a: Pelipper|Pelipper, L50, M|100/100
|-weather|RainDance|[from] ability: Drizzle|[of] p1a: Pelipper
|move|p1b: Starmie|Aqua Jet|p2a: WILDFLOWER
|-damage|p2a: WILDFLOWER|10/100
|move|p2b: Bounce Man|Moonblast|p1a: Pelipper
|-damage|p1a: Pelipper|43/100
|-enditem|p1a: Pelipper|Sitrus Berry|[eat]
|-heal|p1a: Pelipper|68/100|[from] item: Sitrus Berry
|move|p2a: WILDFLOWER|Dazzling Gleam|p1b: Starmie|[spread] p1a,p1b
|-damage|p1a: Pelipper|0 fnt
|-damage|p1b: Starmie|51/100
|faint|p1a: Pelipper
|
|-weather|RainDance|[upkeep]
|upkeep
|
|t:|1785409853
|switch|p1a: Sneasler|Sneasler, L50, F|100/100
|turn|3
|
|t:|1785409863
|switch|p2a: Midwest Indigo|Ninetales-Alola, L50, F|100/100
|-weather|Snowscape|[from] ability: Snow Warning|[of] p2a: Midwest Indigo
|move|p2b: Bounce Man|Encore|p1b: Starmie
|-start|p1b: Starmie|Encore
|move|p1b: Starmie|Aqua Jet|p2a: Midwest Indigo
|-damage|p2a: Midwest Indigo|55/100
|move|p1a: Sneasler|Close Combat|p2b: Bounce Man
|-resisted|p2b: Bounce Man|1
|-damage|p2b: Bounce Man|49/100
|-unboost|p1a: Sneasler|def|1
|-unboost|p1a: Sneasler|spd|1
|-enditem|p1a: Sneasler|White Herb
|-clearnegativeboost|p1a: Sneasler|[silent]
|
|-weather|Snowscape|[upkeep]
|upkeep
|turn|4
|
|t:|1785409877
|move|p2b: Bounce Man|Encore|p1a: Sneasler
|-start|p1a: Sneasler|Encore
|move|p1b: Starmie|Aqua Jet|p2b: Bounce Man
|-resisted|p2b: Bounce Man|1
|-damage|p2b: Bounce Man|14/100
|move|p1a: Sneasler|Close Combat|p2a: Midwest Indigo
|-damage|p2a: Midwest Indigo|1/100
|-unboost|p1a: Sneasler|def|1
|-unboost|p1a: Sneasler|spd|1
|move|p2a: Midwest Indigo|Freeze-Dry|p1b: Starmie
|-supereffective|p1b: Starmie|1
|-damage|p1b: Starmie|0 fnt
|faint|p1b: Starmie
|
|-weather|Snowscape|[upkeep]
|-sideend|p2: KatKraydel|move: Tailwind
|upkeep
|
|t:|1785409880
|switch|p1b: Archaludon|Archaludon, L50, M|100/100
|turn|5
|
|t:|1785409896
|move|p2a: Midwest Indigo|Protect|p2a: Midwest Indigo
|-singleturn|p2a: Midwest Indigo|Protect
|move|p2b: Bounce Man|Tailwind|p2b: Bounce Man
|-sidestart|p2: KatKraydel|move: Tailwind
|move|p1a: Sneasler|Close Combat|p2a: Midwest Indigo
|-activate|p2a: Midwest Indigo|move: Protect
|move|p1b: Archaludon|Flash Cannon|p2b: Bounce Man
|-supereffective|p2b: Bounce Man|1
|-damage|p2b: Bounce Man|0 fnt
|faint|p2b: Bounce Man
|
|-weather|Snowscape|[upkeep]
|upkeep
|
|t:|1785409911
|switch|p2b: WILDFLOWER|Floette-Mega, L50, F|10/100
|-ability|p2b: WILDFLOWER|Fairy Aura
|turn|6
|
|t:|1785409922
|move|p2b: WILDFLOWER|Protect|p2b: WILDFLOWER
|-singleturn|p2b: WILDFLOWER|Protect
|move|p1b: Archaludon|Protect|p1b: Archaludon
|-singleturn|p1b: Archaludon|Protect
|move|p1a: Sneasler|Close Combat|p2b: WILDFLOWER
|-activate|p2b: WILDFLOWER|move: Protect
|move|p2a: Midwest Indigo|Disable|p1a: Sneasler
|-start|p1a: Sneasler|Disable|Close Combat
|
|-weather|Snowscape|[upkeep]
|-end|p1a: Sneasler|Encore
|upkeep
|turn|7
|
|t:|1785409936
|move|p1a: Sneasler|Dire Claw|p2b: WILDFLOWER
|-supereffective|p2b: WILDFLOWER|1
|-damage|p2b: WILDFLOWER|0 fnt
|faint|p2b: WILDFLOWER
|move|p2a: Midwest Indigo|Blizzard|p1a: Sneasler|[spread] p1a,p1b
|-damage|p1a: Sneasler|31/100
|-damage|p1b: Archaludon|61/100
|-ability|p1b: Archaludon|Stamina|boost
|-boost|p1b: Archaludon|def|1
|move|p1b: Archaludon|Flash Cannon|p2a: Midwest Indigo
|-supereffective|p2a: Midwest Indigo|2
|-damage|p2a: Midwest Indigo|0 fnt
|faint|p2a: Midwest Indigo
|
|-weather|none
|-heal|p1b: Archaludon|68/100|[from] item: Leftovers
|upkeep
|
|t:|1785409940
|switch|p2b: Porcelain|Kingambit, L50, F|100/100
|turn|8
|
|t:|1785409954
|move|p1a: Sneasler|Coaching|p1b: Archaludon
|-boost|p1b: Archaludon|atk|1
|-boost|p1b: Archaludon|def|1
|move|p2b: Porcelain|Kowtow Cleave|p1b: Archaludon
|-damage|p1b: Archaludon|45/100
|-ability|p1b: Archaludon|Stamina|boost
|-boost|p1b: Archaludon|def|1
|-damage|p2b: Porcelain|90/100|[from] item: Life Orb
|move|p1b: Archaludon|Electro Shot||[still]
|-prepare|p1b: Archaludon|Electro Shot
|-boost|p1b: Archaludon|spa|1
|
|-heal|p1b: Archaludon|51/100|[from] item: Leftovers
|-sideend|p2: KatKraydel|move: Tailwind
|upkeep
|turn|9
|
|t:|1785409965
|move|p2b: Porcelain|Sucker Punch||[still]
|-fail|p2b: Porcelain
|move|p1a: Sneasler|Coaching|p1b: Archaludon
|-boost|p1b: Archaludon|atk|1
|-boost|p1b: Archaludon|def|1
|move|p1b: Archaludon|Electro Shot|p2b: Porcelain|[from] lockedmove
|-damage|p2b: Porcelain|25/100
|
|-heal|p1b: Archaludon|57/100|[from] item: Leftovers
|upkeep
|turn|10
|-message|KatKraydel forfeited.
|
|win|endershovel
|l|☆KatKraydel
|player|p2|
||KatKraydel is ready for game 2.
