|j|☆no89
|j|☆palle synchro
|html|no89palle synchro    
|uhtml|bestof|Game 2 of a best-of-3
|t:|1757930997
|gametype|doubles
|player|p1|no89|pokemonbreeder-gen4|1445
|player|p2|palle synchro|volkner|1474
|gen|9
|tier|[Gen 9] VGC 2025 Reg H (Bo3)
|rated|
|rule|Species Clause: Limit one of each Pokémon
|rule|Item Clause: Limit 1 of each item
|clearpoke
|poke|p1|Flamigo, L50, F|
|poke|p1|Gholdengo, L50|
|poke|p1|Milotic, L50, F|
|poke|p1|Archaludon, L50, M|
|poke|p1|Magmar, L50, M|
|poke|p1|Basculegion, L50, M|
|poke|p2|Dondozo, L50, M|
|poke|p2|Kingambit, L50, F|
|poke|p2|Baxcalibur, L50, F|
|poke|p2|Sneasler, L50, M|
|poke|p2|Volcarona, L50, F|
|poke|p2|Rillaboom, L50, F|
|teampreview|4
|showteam|p1|Flamigo||FocusSash|Scrappy|Tailwind,CloseCombat,BraveBird,Protect|||F|||50|,,,,,Ghost]Gholdengo||LifeOrb|GoodasGold|NastyPlot,MakeItRain,ShadowBall,Protect||||||50|,,,,,Steel]Milotic||SafetyGoggles|Competitive|Scald,Haze,IcyWind,Protect|||F|||50|,,,,,Grass]Archaludon||PowerHerb|Stalwart|ElectroShot,AuraSphere,DragonPulse,Protect|||M|||50|,,,,,Electric]Magmar||Eviolite|VitalSpirit|FollowMe,HeatWave,Taunt,Protect|||M|||50|,,,,,Grass]Basculegion||ChoiceScarf|Adaptability|WaveCrash,LastRespects,FlipTurn,IcyWind|||M|||50|,,,,,Water
|showteam|p2|Dondozo||Leftovers|Unaware|Protect,Liquidation,Yawn,Fissure|||M|||50|,,,,,Poison]Kingambit||SafetyGoggles|Defiant|KowtowCleave,SuckerPunch,SwordsDance,Protect|||F|||50|,,,,,Ghost]Baxcalibur||LoadedDice|ThermalExchange|Protect,IcicleSpear,ScaleShot,IceShard|||F|||50|,,,,,Ghost]Sneasler||FocusSash|Unburden|Protect,CloseCombat,DireClaw,Coaching|||M|||50|,,,,,Stellar]Volcarona||CovertCloak|FlameBody|HeatWave,TeraBlast,QuiverDance,RagePowder|||F|||50|,,,,,Fairy]Rillaboom||AssaultVest|GrassySurge|FakeOut,GrassyGlide,WoodHammer,HighHorsepower|||F|||50|,,,,,Water
|inactive|Battle timer is ON: inactive players will automatically lose when time's up. (requested by palle synchro)
|
|t:|1757931049
|teamsize|p1|4
|teamsize|p2|4
|start
|switch|p1a: Flamigo|Flamigo, L50, F|100/100
|switch|p1b: Magmar|Magmar, L50, M|100/100
|switch|p2a: Baxcalibur|Baxcalibur, L50, F|100/100
|switch|p2b: Sneasler|Sneasler, L50, M|100/100
|turn|1
|inactive|no89 has 30 seconds left.
|inactive|no89 has 20 seconds left.
|
|t:|1757931088
|move|p1b: Magmar|Follow Me|p1b: Magmar
|-singleturn|p1b: Magmar|move: Follow Me
|move|p2b: Sneasler|Coaching|p2a: Baxcalibur
|-boost|p2a: Baxcalibur|atk|1
|-boost|p2a: Baxcalibur|def|1
|move|p1a: Flamigo|Tailwind|p1a: Flamigo
|-sidestart|p1: no89|move: Tailwind
|move|p2a: Baxcalibur|Scale Shot|p1b: Magmar
|-damage|p1b: Magmar|79/100
|-damage|p1b: Magmar|62/100
|-damage|p1b: Magmar|42/100
|-damage|p1b: Magmar|22/100
|-hitcount|p1b: Magmar|4
|-unboost|p2a: Baxcalibur|def|1
|-boost|p2a: Baxcalibur|spe|1
|
|upkeep
|turn|2
|
|t:|1757931106
|-terastallize|p2a: Baxcalibur|Ghost
|move|p1a: Flamigo|Close Combat|p2a: Baxcalibur
|-damage|p2a: Baxcalibur|43/100
|-unboost|p1a: Flamigo|def|1
|-unboost|p1a: Flamigo|spd|1
|move|p1b: Magmar|Heat Wave|p2b: Sneasler|[spread] p2a,p2b
|-damage|p2a: Baxcalibur|19/100
|-damage|p2b: Sneasler|64/100
|-ability|p2a: Baxcalibur|Thermal Exchange|boost
|-boost|p2a: Baxcalibur|atk|1
|move|p2a: Baxcalibur|Scale Shot|p1a: Flamigo
|-damage|p1a: Flamigo|41/100
|-damage|p1a: Flamigo|0 fnt
|faint|p1a: Flamigo
|-hitcount|p1: Flamigo|2
|-unboost|p2a: Baxcalibur|def|1
|-boost|p2a: Baxcalibur|spe|1
|move|p2b: Sneasler|Coaching|p2a: Baxcalibur
|-boost|p2a: Baxcalibur|atk|1
|-boost|p2a: Baxcalibur|def|1
|
|upkeep
|
|t:|1757931117
|switch|p1a: Basculegion|Basculegion, L50, M|100/100
|turn|3
|
|t:|1757931134
|switch|p2b: Rillaboom|Rillaboom, L50, F|100/100
|-fieldstart|move: Grassy Terrain|[from] ability: Grassy Surge|[of] p2b: Rillaboom
|move|p2a: Baxcalibur|Protect|p2a: Baxcalibur
|-singleturn|p2a: Baxcalibur|Protect
|move|p1b: Magmar|Protect|p1b: Magmar
|-singleturn|p1b: Magmar|Protect
|move|p1a: Basculegion|Last Respects|p2a: Baxcalibur
|-activate|p2a: Baxcalibur|move: Protect
|
|-heal|p2a: Baxcalibur|25/100|[from] Grassy Terrain
|-heal|p1b: Magmar|28/100|[from] Grassy Terrain
|upkeep
|turn|4
|inactive|no89 has 30 seconds left.
|inactive|palle synchro has 30 seconds left.
|inactive|no89 has 20 seconds left.
|
|t:|1757931172
|switch|p2a: Dondozo|Dondozo, L50, M|100/100
|move|p1b: Magmar|Follow Me|p1b: Magmar
|-singleturn|p1b: Magmar|move: Follow Me
|move|p1a: Basculegion|Last Respects|p2a: Dondozo
|-damage|p2a: Dondozo|63/100
|move|p2b: Rillaboom|High Horsepower|p1b: Magmar
|-supereffective|p1b: Magmar
|-damage|p1b: Magmar|0 fnt
|faint|p1b: Magmar
|
|-heal|p2a: Dondozo|69/100|[from] Grassy Terrain
|-heal|p2a: Dondozo|76/100|[from] item: Leftovers
|-sideend|p1: no89|move: Tailwind
|upkeep
|
|t:|1757931175
|switch|p1b: Archaludon|Archaludon, L50, M|100/100
|turn|5
|inactive|palle synchro has 30 seconds left.
|inactive|palle synchro has 20 seconds left.
|inactive|palle synchro has 15 seconds left.
|
|t:|1757931216
|-terastallize|p1b: Archaludon|Electric
|move|p1a: Basculegion|Last Respects|p2b: Rillaboom
|-damage|p2b: Rillaboom|6/100
|move|p1b: Archaludon|Electro Shot||[still]
|-prepare|p1b: Archaludon|Electro Shot
|-boost|p1b: Archaludon|spa|1
|-enditem|p1b: Archaludon|Power Herb
|-anim|p1b: Archaludon|Electro Shot|p2a: Dondozo
|-supereffective|p2a: Dondozo
|-damage|p2a: Dondozo|0 fnt
|faint|p2a: Dondozo
|move|p2b: Rillaboom|Wood Hammer|p1a: Basculegion
|-supereffective|p1a: Basculegion
|-damage|p1a: Basculegion|0 fnt
|faint|p1a: Basculegion
|-damage|p2b: Rillaboom|0 fnt|[from] Recoil
|faint|p2b: Rillaboom
|
|upkeep
|
|t:|1757931230
|switch|p2b: Sneasler|Sneasler, L50, M|64/100
|switch|p2a: Baxcalibur|Baxcalibur, L50, F, tera:Ghost|25/100
|turn|6
|
|t:|1757931241
|move|p2b: Sneasler|Close Combat|p1b: Archaludon
|-damage|p1b: Archaludon|56/100
|-unboost|p2b: Sneasler|def|1
|-unboost|p2b: Sneasler|spd|1
|move|p2a: Baxcalibur|Icicle Spear|p1b: Archaludon
|-damage|p1b: Archaludon|46/100
|-damage|p1b: Archaludon|35/100
|-damage|p1b: Archaludon|25/100
|-damage|p1b: Archaludon|15/100
|-crit|p1b: Archaludon
|-damage|p1b: Archaludon|0 fnt
|faint|p1b: Archaludon
|-hitcount|p1: Archaludon|5
|
|win|palle synchro
|raw|no89's rating: 1445 → 1427(-18 for losing)
|raw|palle synchro's rating: 1474 → 1492(+18 for winning)
