|j|☆fuhbreaze
|j|☆Papitaslight
|html|fuhbreazePapitaslight    
|uhtml|bestof|Game 2 of a best-of-3
|t:|1785290041
|gametype|doubles
|player|p1|fuhbreaze|102|1108
|player|p2|Papitaslight|265|1000
|gen|9
|tier|[Gen 9 Champions] VGC 2026 Reg M-B (Bo3)
|rated|
|rule|Species Clause: Limit one of each Pokémon
|rule|Item Clause: Limit 1 of each item
|clearpoke
|poke|p1|Staraptor, L50, M|
|poke|p1|Whimsicott, L50, M|
|poke|p1|Kingambit, L50, M|
|poke|p1|Gholdengo, L50|
|poke|p1|Sinistcha, L50|
|poke|p1|Garchomp, L50, M|
|poke|p2|Charizard, L50, M|
|poke|p2|Whimsicott, L50, M|
|poke|p2|Basculegion, L50, M|
|poke|p2|Venusaur, L50, M|
|poke|p2|Farigiraf, L50, F|
|poke|p2|Excadrill, L50, M|
|teampreview|4
|showteam|p1|Staraptor||Staraptite|Intimidate|BraveBird,CloseCombat,Roost,Protect|Jolly||M|||50|]Whimsicott||FocusSash|Prankster|Tailwind,Moonblast,Charm,Encore|Timid||M|||50|]Kingambit||BlackGlasses|Defiant|KowtowCleave,SuckerPunch,BrickBreak,Protect|Adamant||M|||50|]Gholdengo||ChoiceScarf|GoodasGold|MakeItRain,ShadowBall,Thunderbolt,Trick|Timid|||||50|]Sinistcha||SitrusBerry|Hospitality|MatchaGotcha,RagePowder,Imprison,TrickRoom|Relaxed|||||50|]Garchomp||LifeOrb|RoughSkin|StompingTantrum,DragonClaw,RockSlide,Protect|Jolly||M|||50|
|showteam|p2|Charizard||CharizarditeY|Blaze|SolarBeam,Protect,HeatWave,DragonPulse|Modest||M|||50|]Whimsicott||FocusSash|Prankster|Tailwind,DazzlingGleam,HelpingHand,Encore|Timid||M|||50|]Basculegion||LifeOrb|Adaptability|AquaJet,LastRespects,Protect,WaveCrash|Jolly||M|||50|]Venusaur||Leftovers|Chlorophyll|EarthPower,EnergyBall,Roar,SludgeBomb|Modest||M|||50|]Farigiraf||SitrusBerry|ArmorTail|HyperVoice,HelpingHand,Imprison,TrickRoom|Bold||F|||50|]Excadrill||ChoiceScarf|MoldBreaker|Megahorn,IronHead,RockSlide,HighHorsepower|Jolly||M|||50|
|
|t:|1785290093
|teamsize|p1|4
|teamsize|p2|4
|start
|switch|p1a: Staraptor|Staraptor, L50, M|100/100
|switch|p1b: Whimsicott|Whimsicott, L50, M|100/100
|switch|p2a: palíndromo|Farigiraf, L50, F|100/100
|switch|p2b: Drillya|Excadrill, L50, M|100/100
|-ability|p2b: Drillya|Mold Breaker
|-ability|p1a: Staraptor|Intimidate|boost
|-unboost|p2a: palíndromo|atk|1
|-unboost|p2b: Drillya|atk|1
|turn|1
|
|t:|1785290118
|detailschange|p1a: Staraptor|Staraptor-Mega, L50, M
|-mega|p1a: Staraptor|Staraptor|Staraptite
|move|p1b: Whimsicott|Charm|p1a: Staraptor
|-boost|p1a: Staraptor|atk|2
|move|p2b: Drillya|Rock Slide|p1b: Whimsicott|[spread] p1a
|-miss|p2b: Drillya|p1b: Whimsicott
|-damage|p1a: Staraptor|88/100
|move|p1a: Staraptor|Close Combat|p2a: palíndromo
|-damage|p2a: palíndromo|9/100
|-boost|p1a: Staraptor|def|1
|-boost|p1a: Staraptor|spd|1
|-enditem|p2a: palíndromo|Sitrus Berry|[eat]
|-heal|p2a: palíndromo|33/100|[from] item: Sitrus Berry
|move|p2a: palíndromo|Hyper Voice|p1b: Whimsicott|[spread] p1a,p1b
|-crit|p1a: Staraptor
|-damage|p1a: Staraptor|50/100g
|-damage|p1b: Whimsicott|56/100
|
|upkeep
|turn|2
|
|t:|1785290170
|switch|p2b: Algodoncio|Whimsicott, L50, M|100/100
|move|p1b: Whimsicott|Tailwind|p1b: Whimsicott
|-sidestart|p1: fuhbreaze|move: Tailwind
|move|p1a: Staraptor|Close Combat|p2a: palíndromo
|-damage|p2a: palíndromo|0 fnt
|-boost|p1a: Staraptor|def|1
|-boost|p1a: Staraptor|spd|1
|faint|p2a: palíndromo
|
|upkeep
|
|t:|1785290190
|switch|p2a: Magma|Charizard, L50, M|100/100
|turn|3
|
|t:|1785290230
|move|p2a: Magma|Protect|p2a: Magma
|-singleturn|p2a: Magma|Protect
|move|p1b: Whimsicott|Charm|p1a: Staraptor
|-boost|p1a: Staraptor|atk|2
|move|p1a: Staraptor|Roost|p1a: Staraptor
|-heal|p1a: Staraptor|100/100
|-singleturn|p1a: Staraptor|move: Roost
|move|p2b: Algodoncio|Dazzling Gleam|p1b: Whimsicott|[spread] p1a,p1b
|-supereffective|p1a: Staraptor|1
|-crit|p1a: Staraptor
|-damage|p1a: Staraptor|27/100
|-damage|p1b: Whimsicott|16/100
|
|upkeep
|turn|4
|
|t:|1785290273
|move|p1b: Whimsicott|Encore|p2b: Algodoncio
|-start|p2b: Algodoncio|Encore
|move|p1a: Staraptor|Brave Bird|p2a: Magma
|-damage|p2a: Magma|0 fnt
|faint|p2a: Magma
|-damage|p1a: Staraptor|1/100|[from] Recoil
|move|p2b: Algodoncio|Dazzling Gleam|p1b: Whimsicott|[spread] p1a,p1b
|-supereffective|p1a: Staraptor|1
|-damage|p1a: Staraptor|0 fnt
|-damage|p1b: Whimsicott|0 fnt
|faint|p1a: Staraptor
|faint|p1b: Whimsicott
|
|upkeep
|
|t:|1785290287
|switch|p1b: Gholdengo|Gholdengo, L50|100/100
|switch|p1a: Garchomp|Garchomp, L50, M|100/100
|switch|p2a: Drillya|Excadrill, L50, M|100/100
|-ability|p2a: Drillya|Mold Breaker
|turn|5
|
|t:|1785290329
|move|p1b: Gholdengo|Make It Rain|p2a: Drillya|[spread] p2a,p2b
|-resisted|p2a: Drillya|1
|-supereffective|p2b: Algodoncio|1
|-damage|p2a: Drillya|69/100
|-enditem|p2b: Algodoncio|Focus Sash
|-damage|p2b: Algodoncio|1/100
|-unboost|p1b: Gholdengo|spa|2
|move|p1a: Garchomp|Stomping Tantrum|p2b: Algodoncio
|-resisted|p2b: Algodoncio|1
|-damage|p2b: Algodoncio|0 fnt
|faint|p2b: Algodoncio
|-damage|p1a: Garchomp|90/100|[from] item: Life Orb
|move|p2a: Drillya|High Horsepower|p1b: Gholdengo
|-supereffective|p1b: Gholdengo|1
|-damage|p1b: Gholdengo|0 fnt
|faint|p1b: Gholdengo
|
|-sideend|p1: fuhbreaze|move: Tailwind
|upkeep
|turn|6
|
|t:|1785290349
|move|p2a: Drillya|High Horsepower|p1a: Garchomp
|-damage|p1a: Garchomp|36/100
|-damage|p2a: Drillya|57/100|[from] ability: Rough Skin|[of] p1a: Garchomp
|move|p1a: Garchomp|Stomping Tantrum|p2a: Drillya
|-supereffective|p2a: Drillya|1
|-damage|p2a: Drillya|0 fnt
|faint|p2a: Drillya
|-damage|p1a: Garchomp|26/100|[from] item: Life Orb
|
|win|fuhbreaze
|raw|fuhbreaze's rating: 1108 → 1125(+17 for winning)
|raw|Papitaslight's rating: 1000 → 1000(+0 for losing)
|c|☆Papitaslight|bien jugado!
|c|☆fuhbreaze|<3
|c|☆Papitaslight|:D
