|j|☆ZZSACHI
|j|☆KodeBeast0526
|html|ZZSACHIKodeBeast0526    
|uhtml|bestof|Game 1 of a best-of-3
|t:|1783954877
|gametype|doubles
|player|p1|ZZSACHI|170|1308
|player|p2|KodeBeast0526|hiker|1268
|gen|9
|tier|[Gen 9 Champions] VGC 2026 Reg M-B (Bo3)
|rated|
|rule|Species Clause: Limit one of each Pokémon
|rule|Item Clause: Limit 1 of each item
|clearpoke
|poke|p1|Annihilape, L50, M|
|poke|p1|Toxapex, L50, F|
|poke|p1|Charizard, L50, F|
|poke|p1|Venusaur, L50, M|
|poke|p1|Garchomp, L50, F|
|poke|p1|Incineroar, L50, F|
|poke|p2|Aerodactyl, L50, M|
|poke|p2|Kingambit, L50, M|
|poke|p2|Sylveon, L50, M|
|poke|p2|Garchomp, L50, M|
|poke|p2|Charizard, L50, M|
|poke|p2|Incineroar, L50, M|
|teampreview|4
|showteam|p1|Annihilape||FocusSash|Defiant|Protect,RageFist,CloseCombat,PhantomForce|Jolly||M|||50|]Toxapex||Leftovers|Regenerator|BanefulBunker,Toxic,Infestation,WideGuard|Bold||F|||50|]Charizard||CharizarditeY|Blaze|Protect,WeatherBall,HeatWave,SolarBeam|Modest||F|||50|]Venusaur||LifeOrb|Chlorophyll|Protect,SludgeBomb,EarthPower,SleepPowder|Modest||M|||50|]Garchomp||ChoiceScarf|RoughSkin|StompingTantrum,Earthquake,DragonClaw,RockSlide|Jolly||F|||50|]Incineroar||SitrusBerry|Intimidate|FlareBlitz,ThroatChop,PartingShot,FakeOut|Careful||F|||50|
|showteam|p2|Aerodactyl||Aerodactylite|Unnerve|RockSlide,IceFang,Tailwind,WideGuard|Jolly||M|||50|]Kingambit||FocusSash|Defiant|KowtowCleave,SuckerPunch,IronHead,Protect|Adamant||M|||50|]Sylveon||FairyFeather|Pixilate|Detect,HyperVoice,HyperBeam,QuickAttack|Modest||M|||50|]Garchomp||LifeOrb|RoughSkin|Earthquake,DragonClaw,StompingTantrum,Protect|Jolly||M|||50|]Charizard||CharizarditeY|Blaze|Protect,HeatWave,SolarBeam,WeatherBall|Modest||M|||50|]Incineroar||SitrusBerry|Intimidate|DarkestLariat,FlareBlitz,FakeOut,PartingShot|Impish||M|||50|
|inactive|Battle timer is ON: inactive players will automatically lose when time's up. (requested by KodeBeast0526)
|inactive|ZZSACHI has 60 seconds left.
|
|t:|1783954952
|teamsize|p1|4
|teamsize|p2|4
|start
|switch|p1a: Annihilape|Annihilape, L50, M|100/100
|switch|p1b: Garchomp|Garchomp, L50, F|100/100
|switch|p2a: Aerodactyl|Aerodactyl, L50, M|100/100
|switch|p2b: Charizard|Charizard, L50, M|100/100
|-ability|p2a: Aerodactyl|Unnerve
|turn|1
|
|t:|1783954969
|switch|p2b: Garchomp|Garchomp, L50, M|100/100
|move|p1b: Garchomp|Rock Slide|p2a: Aerodactyl|[spread] p2a,p2b
|-supereffective|p2a: Aerodactyl|1
|-resisted|p2b: Garchomp|1
|-damage|p2a: Aerodactyl|54/100
|-damage|p2b: Garchomp|89/100
|move|p2a: Aerodactyl|Tailwind|p2a: Aerodactyl
|-sidestart|p2: KodeBeast0526|move: Tailwind
|move|p1a: Annihilape|Rage Fist|p2a: Aerodactyl
|-damage|p2a: Aerodactyl|24/100
|
|upkeep
|turn|2
|inactive|ZZSACHI has 30 seconds left.
|inactive|KodeBeast0526 has 30 seconds left.
|
|t:|1783955008
|move|p2a: Aerodactyl|Rock Slide|p1b: Garchomp|[spread] p1a,p1b
|-resisted|p1a: Annihilape|1
|-resisted|p1b: Garchomp|1
|-damage|p1a: Annihilape|88/100
|-damage|p1b: Garchomp|89/100
|move|p2b: Garchomp|Earthquake|p1a: Annihilape|[spread] p1a,p1b
|-immune|p2a: Aerodactyl
|-damage|p1a: Annihilape|32/100
|-damage|p1b: Garchomp|34/100
|-damage|p2b: Garchomp|79/100|[from] item: Life Orb
|move|p1b: Garchomp|Rock Slide|p2a: Aerodactyl|[spread] p2a
|-miss|p1b: Garchomp|p2b: Garchomp
|-supereffective|p2a: Aerodactyl|1
|-damage|p2a: Aerodactyl|0 fnt
|faint|p2a: Aerodactyl
|cant|p1a: Annihilape|flinch
|
|upkeep
|
|t:|1783955022
|switch|p2a: Sylveon|Sylveon, L50, M|100/100
|turn|3
|
|t:|1783955040
|switch|p2b: Charizard|Charizard, L50, M|100/100
|move|p1a: Annihilape|Protect|p1a: Annihilape
|-singleturn|p1a: Annihilape|Protect
|move|p1b: Garchomp|Rock Slide|p2a: Sylveon|[spread] p2a,p2b
|-supereffective|p2b: Charizard|2
|-damage|p2a: Sylveon|76/100
|-damage|p2b: Charizard|16/100
|move|p2a: Sylveon|Hyper Voice|p1b: Garchomp|[spread] p1b
|-activate|p1a: Annihilape|move: Protect
|-supereffective|p1b: Garchomp|1
|-damage|p1b: Garchomp|0 fnt
|faint|p1b: Garchomp
|
|upkeep
|
|t:|1783955053
|switch|p1b: Charizard|Charizard, L50, F|100/100
|turn|4
|
|t:|1783955064
|detailschange|p2b: Charizard|Charizard-Mega-Y, L50, M
|-mega|p2b: Charizard|Charizard|Charizardite Y
|-weather|SunnyDay|[from] ability: Drought|[of] p2b: Charizard
|detailschange|p1b: Charizard|Charizard-Mega-Y, L50, F
|-mega|p1b: Charizard|Charizard|Charizardite Y
|move|p1a: Annihilape|Protect||[still]
|-fail|p1a: Annihilape
|move|p1b: Charizard|Protect|p1b: Charizard
|-singleturn|p1b: Charizard|Protect
|move|p2b: Charizard|Heat Wave|p1b: Charizard|[spread] p1a
|-activate|p1b: Charizard|move: Protect
|-damage|p1a: Annihilape|0 fnt
|faint|p1a: Annihilape
|move|p2a: Sylveon|Hyper Voice|p1b: Charizard
|-activate|p1b: Charizard|move: Protect
|
|-weather|SunnyDay|[upkeep]
|-sideend|p2: KodeBeast0526|move: Tailwind
|upkeep
|
|t:|1783955076
|switch|p1a: Venusaur|Venusaur, L50, M|100/100
|turn|5
|
|t:|1783955087
|move|p1a: Venusaur|Sludge Bomb|p2b: Charizard
|-damage|p2b: Charizard|0 fnt
|faint|p2b: Charizard
|-damage|p1a: Venusaur|90/100|[from] item: Life Orb
|move|p1b: Charizard|Weather Ball|p2a: Sylveon
|-damage|p2a: Sylveon|5/100
|move|p2a: Sylveon|Hyper Beam|p1b: Charizard
|-resisted|p1b: Charizard|1
|-damage|p1b: Charizard|50/100g
|-mustrecharge|p2a: Sylveon
|
|-weather|SunnyDay|[upkeep]
|upkeep
|
|t:|1783955090
|switch|p2b: Garchomp|Garchomp, L50, M|79/100
|turn|6
|
|t:|1783955106
|move|p1b: Charizard|Protect|p1b: Charizard
|-singleturn|p1b: Charizard|Protect
|move|p1a: Venusaur|Sleep Powder|p2b: Garchomp
|-status|p2b: Garchomp|slp|[from] move: Sleep Powder
|cant|p2b: Garchomp|slp
|cant|p2a: Sylveon|recharge
|
|-weather|SunnyDay|[upkeep]
|upkeep
|turn|7
|
|t:|1783955121
|move|p2a: Sylveon|Quick Attack|p1b: Charizard
|-resisted|p1b: Charizard|1
|-damage|p1b: Charizard|45/100
|move|p1a: Venusaur|Sludge Bomb|p2b: Garchomp
|-resisted|p2b: Garchomp|1
|-damage|p2b: Garchomp|49/100 slp
|-damage|p1a: Venusaur|80/100|[from] item: Life Orb
|-curestatus|p2b: Garchomp|slp|[msg]
|move|p2b: Garchomp|Dragon Claw|p1a: Venusaur
|-damage|p1a: Venusaur|1/100
|-damage|p2b: Garchomp|39/100|[from] item: Life Orb
|move|p1b: Charizard|Solar Beam||[still]
|-prepare|p1b: Charizard|Solar Beam
|-anim|p1b: Charizard|Solar Beam|p2b: Garchomp
|-damage|p2b: Garchomp|0 fnt
|faint|p2b: Garchomp
|
|-weather|SunnyDay|[upkeep]
|upkeep
|turn|8
|
|t:|1783955140
|move|p1a: Venusaur|Sludge Bomb|p2a: Sylveon
|-supereffective|p2a: Sylveon|1
|-damage|p2a: Sylveon|0 fnt
|faint|p2a: Sylveon
|-damage|p1a: Venusaur|0 fnt|[from] item: Life Orb
|faint|p1a: Venusaur
|
|win|ZZSACHI
||ZZSACHI is ready for game 2.
