|j|☆fangyusuhe
|j|☆syshj
|html|fangyusuhesyshj    
|uhtml|bestof|Game 2 of a best-of-3
|t:|1785071501
|gametype|doubles
|player|p1|fangyusuhe|dawn|
|player|p2|syshj|dawn|
|gen|9
|tier|[Gen 9 Champions] VGC 2026 Reg M-B (Bo3)
|rule|Species Clause: Limit one of each Pokémon
|rule|Item Clause: Limit 1 of each item
|clearpoke
|poke|p1|Swampert, L50, M|
|poke|p1|Sinistcha, L50|
|poke|p1|Sableye, L50, F|
|poke|p1|Archaludon, L50, F|
|poke|p1|Pelipper, L50, F|
|poke|p1|Basculegion, L50, M|
|poke|p2|Delphox, L50, M|
|poke|p2|Sinistcha, L50|
|poke|p2|Sneasler, L50, F|
|poke|p2|Milotic, L50, F|
|poke|p2|Floette-Eternal, L50, F|
|poke|p2|Incineroar, L50, F|
|teampreview|4
|showteam|p1|Swampert||Swampertite|Damp|Earthquake,WaveCrash,Protect,KnockOff|Adamant||M|||50|]Sinistcha||KasibBerry|Hospitality|RagePowder,MatchaGotcha,LifeDew,TrickRoom|Sassy|||||50|]Sableye||LightClay|Prankster|Reflect,LightScreen,Encore,RainDance|Sassy||F|||50|]Archaludon||Leftovers|Stamina|FlashCannon,Protect,ElectroShot,DragonPulse|Modest||F|||50|]Pelipper||LifeOrb|Drizzle|Tailwind,WeatherBall,Hurricane,Protect|Modest||F|||50|]Basculegion||ChoiceScarf|Adaptability|WaveCrash,LastRespects,AquaJet,FlipTurn|Jolly||M|||50|
|showteam|p2|Delphox||Delphoxite|Magician|HeatWave,Psychic,Protect,NastyPlot|Timid||M|||50|]Sinistcha||KasibBerry|Hospitality|LifeDew,RagePowder,MatchaGotcha,Protect|Bold|||||50|]Sneasler||FocusSash|Unburden|CloseCombat,DireClaw,RockSlide,FakeOut|Jolly||F|||50|]Milotic||Leftovers|Competitive|Hypnosis,Protect,Coil,MuddyWater|Bold||F|||50|]Floette-Eternal||Floettite|FlowerVeil|CalmMind,Moonblast,Protect,DazzlingGleam|Modest||F|||50|]Incineroar||SitrusBerry|Intimidate|FlareBlitz,DarkestLariat,PartingShot,FakeOut|Impish||F|||50|
|inactive|Battle timer is ON: inactive players will automatically lose when time's up. (requested by fangyusuhe)
|
|t:|1785071532
|teamsize|p1|4
|teamsize|p2|4
|start
|switch|p1a: Sableye|Sableye, L50, F|100/100
|switch|p1b: Swampert|Swampert, L50, M|100/100
|switch|p2a: Floette|Floette-Eternal, L50, F|100/100
|switch|p2b: Sneasler|Sneasler, L50, F|100/100
|turn|1
|inactive|fangyusuhe has 30 seconds left.
|
|t:|1785071558
|switch|p1a: Pelipper|Pelipper, L50, F|100/100
|-weather|RainDance|[from] ability: Drizzle|[of] p1a: Pelipper
|detailschange|p2a: Floette|Floette-Mega, L50, F
|-mega|p2a: Floette|Floette|Floettite
|-ability|p2a: Floette|Fairy Aura
|detailschange|p1b: Swampert|Swampert-Mega, L50, M
|-mega|p1b: Swampert|Swampert|Swampertite
|move|p2b: Sneasler|Fake Out|p1b: Swampert
|-damage|p1b: Swampert|85/100
|cant|p1b: Swampert|flinch
|move|p2a: Floette|Moonblast|p1a: Pelipper
|-damage|p1a: Pelipper|0 fnt
|faint|p1a: Pelipper
|
|-weather|RainDance|[upkeep]
|upkeep
|inactive|fangyusuhe has 30 seconds left.
|
|t:|1785071587
|switch|p1a: Basculegion|Basculegion, L50, M|100/100
|turn|2
|
|t:|1785071610
|switch|p2a: Milotic|Milotic, L50, F|100/100
|move|p1b: Swampert|Wave Crash|p2a: Milotic
|-resisted|p2a: Milotic|1
|-damage|p2a: Milotic|53/100
|-damage|p1b: Swampert|68/100|[from] Recoil
|move|p1a: Basculegion|Last Respects|p2b: Sneasler
|-enditem|p2b: Sneasler|Focus Sash
|-damage|p2b: Sneasler|1/100
|move|p2b: Sneasler|Dire Claw|p1a: Basculegion
|-resisted|p1a: Basculegion|1
|-damage|p1a: Basculegion|74/100
|-status|p1a: Basculegion|par
|
|-weather|RainDance|[upkeep]
|-heal|p2a: Milotic|59/100|[from] item: Leftovers
|upkeep
|turn|3
|
|t:|1785071634
|switch|p2b: Sinistcha|Sinistcha, L50|100/100
|-heal|p2a: Milotic|84/100|[from] ability: Hospitality|[of] p2b: Sinistcha
|move|p2a: Milotic|Protect|p2a: Milotic
|-singleturn|p2a: Milotic|Protect
|move|p1b: Swampert|Knock Off|p2b: Sinistcha
|-supereffective|p2b: Sinistcha|1
|-damage|p2b: Sinistcha|29/100
|-enditem|p2b: Sinistcha|Kasib Berry|[from] move: Knock Off|[of] p1b: Swampert
|move|p1a: Basculegion|Last Respects|p2a: Milotic
|-activate|p2a: Milotic|move: Protect
|
|-weather|RainDance|[upkeep]
|-heal|p2a: Milotic|90/100|[from] item: Leftovers
|upkeep
|turn|4
|inactive|fangyusuhe has 30 seconds left.
|inactive|syshj has 30 seconds left.
|inactive|syshj has 20 seconds left.
|
|t:|1785071672
|move|p2b: Sinistcha|Rage Powder|p2b: Sinistcha
|-singleturn|p2b: Sinistcha|move: Rage Powder
|move|p1b: Swampert|Knock Off|p2b: Sinistcha
|-supereffective|p2b: Sinistcha|1
|-damage|p2b: Sinistcha|0 fnt
|faint|p2b: Sinistcha
|move|p1a: Basculegion|Last Respects|p2a: Milotic
|-damage|p2a: Milotic|40/100
|move|p2a: Milotic|Hypnosis|p1b: Swampert
|-status|p1b: Swampert|slp|[from] move: Hypnosis
|
|-weather|RainDance|[upkeep]
|-heal|p2a: Milotic|46/100|[from] item: Leftovers
|upkeep
|
|t:|1785071685
|switch|p2b: Floette|Floette-Mega, L50, F|100/100
|-ability|p2b: Floette|Fairy Aura
|turn|5
|
|t:|1785071702
|cant|p1b: Swampert|slp
|move|p2b: Floette|Moonblast|p1a: Basculegion
|-damage|p1a: Basculegion|0 fnt
|faint|p1a: Basculegion
|move|p2a: Milotic|Coil|p2a: Milotic
|-boost|p2a: Milotic|atk|1
|-boost|p2a: Milotic|def|1
|-boost|p2a: Milotic|accuracy|1
|
|-weather|none
|-heal|p2a: Milotic|51/100|[from] item: Leftovers
|upkeep
|
|t:|1785071708
|switch|p1a: Sableye|Sableye, L50, F|100/100
|turn|6
|-message|fangyusuhe forfeited.
|
|win|syshj
|l|☆fangyusuhe
|player|p1|
