|j|☆KingNoahC17
|j|☆b00mer8556
|html|KingNoahC17b00mer8556    
|uhtml|bestof|Game 3 of a best-of-3
|t:|1757745012
|gametype|doubles
|player|p1|KingNoahC17|170|1157
|player|p2|b00mer8556|169|1178
|gen|9
|tier|[Gen 9] VGC 2025 Reg H (Bo3)
|rated|
|rule|Species Clause: Limit one of each Pokémon
|rule|Item Clause: Limit 1 of each item
|clearpoke
|poke|p1|Dragonite, L50, M|
|poke|p1|Volcarona, L50, M|
|poke|p1|Annihilape, L50, M|
|poke|p1|Ninetales-Alola, L50, M|
|poke|p1|Ursaluna-Bloodmoon, L50, M|
|poke|p1|Electabuzz, L50, M|
|poke|p2|Slaking, L50, F|
|poke|p2|Weezing, L50, M|
|poke|p2|Tatsugiri-Droopy, L50, F|
|poke|p2|Dondozo, L50, F|
|poke|p2|Kilowattrel, L50, M|
|poke|p2|Mamoswine, L50, M|
|teampreview|4
|showteam|p1|Dragonite||LoadedDice|Multiscale|ScaleShot,Tailwind,Haze,Protect|||M|||50|,,,,,Fairy]Volcarona||CovertCloak|FlameBody|QuiverDance,Protect,HeatWave,TeraBlast|||M|||50|,,,,,Fairy]Annihilape||SafetyGoggles|Defiant|RageFist,DrainPunch,BulkUp,Protect|||M|||50|,,,,,Fire]Ninetales-Alola||FocusSash|SnowWarning|Blizzard,IcicleSpear,Encore,AuroraVeil|||M|||50|,,,,,Ghost]Ursaluna-Bloodmoon||LifeOrb|MindsEye|EarthPower,BloodMoon,HyperVoice,Protect|||M|||50|,,,,,Normal]Electabuzz||Eviolite|VitalSpirit|FollowMe,Protect,Taunt,Electroweb|||M|||50|,,,,,Ghost
|showteam|p2|Slaking||LifeOrb|Truant|Protect,DoubleEdge,HighHorsepower,SuckerPunch|||F|||50|,,,,,Ghost]Weezing||CovertCloak|NeutralizingGas|Protect,ToxicSpikes,WillOWisp,SludgeBomb|||M|||50|,,,,,Fairy]Tatsugiri-Droopy||AssaultVest|Commander|MuddyWater,DracoMeteor,IcyWind,MirrorCoat|||F|||50|,,,,,Steel]Dondozo||Leftovers|Unaware|Protect,Substitute,WaveCrash,Earthquake|||F|||50|,,,,,Ground]Kilowattrel||ChoiceSpecs|Competitive|VoltSwitch,Discharge,AirSlash,Thunderbolt|||M|||50|,,,,,Ghost]Mamoswine||FocusSash|Oblivious|Protect,Earthquake,IceShard,IcicleCrash|||M|||50|,,,,,Ghost
|inactive|Battle timer is ON: inactive players will automatically lose when time's up. (requested by KingNoahC17)
|
|t:|1757745035
|teamsize|p1|4
|teamsize|p2|4
|start
|switch|p1a: He's Vital|Electabuzz, L50, M|100/100
|switch|p1b: Butoh|Volcarona, L50, M|100/100
|switch|p2a: Kilowattrel|Kilowattrel, L50, M|100/100
|switch|p2b: Mamoswine|Mamoswine, L50, M|100/100
|turn|1
|
|t:|1757745047
|move|p1a: He's Vital|Follow Me|p1a: He's Vital
|-singleturn|p1a: He's Vital|move: Follow Me
|move|p2a: Kilowattrel|Discharge|p1a: He's Vital|[spread] p1a,p1b
|-immune|p2b: Mamoswine
|-resisted|p1a: He's Vital
|-damage|p1a: He's Vital|85/100
|-damage|p1b: Butoh|65/100
|move|p1b: Butoh|Quiver Dance|p1b: Butoh
|-boost|p1b: Butoh|spa|1
|-boost|p1b: Butoh|spd|1
|-boost|p1b: Butoh|spe|1
|move|p2b: Mamoswine|Earthquake|p1b: Butoh|[spread] p1a,p1b
|-immune|p2a: Kilowattrel
|-supereffective|p1a: He's Vital
|-damage|p1a: He's Vital|2/100
|-damage|p1b: Butoh|13/100
|
|upkeep
|turn|2
|
|t:|1757745064
|move|p2b: Mamoswine|Protect|p2b: Mamoswine
|-singleturn|p2b: Mamoswine|Protect
|move|p1a: He's Vital|Follow Me|p1a: He's Vital
|-singleturn|p1a: He's Vital|move: Follow Me
|move|p1b: Butoh|Heat Wave|p2b: Mamoswine|[spread] 
|-activate|p2b: Mamoswine|move: Protect
|-miss|p1b: Butoh|p2a: Kilowattrel
|move|p2a: Kilowattrel|Discharge|p1a: He's Vital|[spread] p1a,p1b
|-activate|p2b: Mamoswine|move: Protect
|-resisted|p1a: He's Vital
|-damage|p1a: He's Vital|0 fnt
|-damage|p1b: Butoh|0 fnt
|faint|p1a: He's Vital
|faint|p1b: Butoh
|
|upkeep
|c|☆KingNoahC17|...
|
|t:|1757745077
|switch|p1a: O7 Freddy|Ursaluna-Bloodmoon, L50, M|100/100
|switch|p1b: My Boi|Dragonite, L50, M|100/100
|turn|3
|inactive|KingNoahC17 has 30 seconds left.
|
|t:|1757745105
|switch|p2a: Dondozo|Dondozo, L50, F|100/100
|move|p2b: Mamoswine|Ice Shard|p1b: My Boi
|-supereffective|p1b: My Boi
|-damage|p1b: My Boi|51/100
|move|p1b: My Boi|Scale Shot|p2b: Mamoswine
|-damage|p2b: Mamoswine|82/100
|-damage|p2b: Mamoswine|64/100
|-damage|p2b: Mamoswine|49/100
|-damage|p2b: Mamoswine|33/100
|-hitcount|p2b: Mamoswine|4
|-unboost|p1b: My Boi|def|1
|-boost|p1b: My Boi|spe|1
|move|p1a: O7 Freddy|Hyper Voice|p2a: Dondozo|[spread] p2a,p2b
|-damage|p2a: Dondozo|50/100
|-damage|p2b: Mamoswine|0 fnt
|faint|p2b: Mamoswine
|-damage|p1a: O7 Freddy|91/100|[from] item: Life Orb
|
|-heal|p2a: Dondozo|56/100|[from] item: Leftovers
|upkeep
|
|t:|1757745120
|switch|p2b: Tatsugiri|Tatsugiri-Droopy, L50, F|100/100
|-activate|p2b: Tatsugiri|ability: Commander|[of] p2a: Dondozo
|-boost|p2a: Dondozo|atk|2
|-boost|p2a: Dondozo|spa|2
|-boost|p2a: Dondozo|spe|2
|-boost|p2a: Dondozo|def|2
|-boost|p2a: Dondozo|spd|2
|turn|4
|
|t:|1757745144
|-terastallize|p1a: O7 Freddy|Normal
|move|p1b: My Boi|Haze|p1b: My Boi
|-clearallboost
|move|p2a: Dondozo|Wave Crash|p1a: O7 Freddy
|-damage|p1a: O7 Freddy|51/100
|-damage|p2a: Dondozo|44/100|[from] Recoil
|move|p1a: O7 Freddy|Hyper Voice|p2b: Tatsugiri|[spread] p2a
|-miss|p1a: O7 Freddy|p2b: Tatsugiri
|-damage|p2a: Dondozo|0 fnt
|faint|p2a: Dondozo
|-damage|p1a: O7 Freddy|42/100|[from] item: Life Orb
|
|upkeep
|
|t:|1757745150
|switch|p2a: Kilowattrel|Kilowattrel, L50, M|100/100
|turn|5
|inactive|b00mer8556 has 30 seconds left.
|
|t:|1757745177
|-terastallize|p2b: Tatsugiri|Steel
|move|p1a: O7 Freddy|Protect|p1a: O7 Freddy
|-singleturn|p1a: O7 Freddy|Protect
|move|p2a: Kilowattrel|Air Slash|p1b: My Boi
|-damage|p1b: My Boi|2/100
|cant|p1b: My Boi|flinch
|move|p2b: Tatsugiri|Muddy Water|p1b: My Boi|[spread] p1b
|-activate|p1a: O7 Freddy|move: Protect
|-resisted|p1b: My Boi
|-damage|p1b: My Boi|0 fnt
|faint|p1b: My Boi
|
|upkeep
|turn|6
|c|☆b00mer8556|never punsihed
|c|☆KingNoahC17|this is some of the dumbest rng ever
|c|☆KingNoahC17|gg
|inactive|KingNoahC17 has 30 seconds left.
|c|☆b00mer8556|gg
|
|t:|1757745206
|move|p2a: Kilowattrel|Air Slash|p1a: O7 Freddy
|-damage|p1a: O7 Freddy|0 fnt
|faint|p1a: O7 Freddy
|
|win|b00mer8556
|raw|KingNoahC17's rating: 1157 → 1134(-23 for losing)
|raw|b00mer8556's rating: 1178 → 1201(+23 for winning)
