|j|☆randomguy1114s
|j|☆Cm3112
|html|randomguy1114sCm3112    
|uhtml|bestof|Game 2 of a best-of-3
|t:|1756747586
|gametype|doubles
|player|p1|randomguy1114s|lillie-masters|1159
|player|p2|Cm3112|266|1220
|gen|9
|tier|[Gen 9] VGC 2025 Reg H (Bo3)
|rated|
|rule|Species Clause: Limit one of each Pokémon
|rule|Item Clause: Limit 1 of each item
|clearpoke
|poke|p1|Gholdengo, L50|
|poke|p1|Incineroar, L50, M|
|poke|p1|Sinistcha, L50|
|poke|p1|Sneasler, L50, F|
|poke|p1|Rillaboom, L50, F|
|poke|p1|Dragonite, L50, M|
|poke|p2|Archaludon, L50, F|
|poke|p2|Annihilape, L50, F|
|poke|p2|Maushold-Four, L50|
|poke|p2|Pelipper, L50, M|
|poke|p2|Basculegion, L50, M|
|poke|p2|Sinistcha, L50|
|teampreview|4
|showteam|p1|Gholdengo||LifeOrb|GoodasGold|NastyPlot,MakeItRain,ShadowBall,Protect||||||50|,,,,,Dragon]Incineroar||SafetyGoggles|Intimidate|FakeOut,KnockOff,Taunt,PartingShot|||M|||50|,,,,,Ghost]Sinistcha||MentalHerb|Hospitality|RagePowder,TrickRoom,MatchaGotcha,Protect||||||50|,,,,,Water]Sneasler||GrassySeed|Unburden|CloseCombat,DireClaw,ThroatChop,Protect|||F|||50|,,,,,Dark]Rillaboom||AssaultVest|GrassySurge|FakeOut,WoodHammer,GrassyGlide,Uturn|||F|||50|,,,,,Fire]Dragonite||LoadedDice|Multiscale|ScaleShot,StompingTantrum,Tailwind,Protect|||M|||50|,,,,,Ground
|showteam|p2|Archaludon||AssaultVest|Stamina|FlashCannon,ElectroShot,DracoMeteor,BodyPress|||F|||50|,,,,,Fairy]Annihilape||SafetyGoggles|Defiant|DrainPunch,RageFist,BulkUp,Protect|||F|||50|,,,,,Dragon]Maushold-Four||WideLens|Technician|PopulationBomb,BeatUp,FollowMe,Protect||||||50|,,,,,Ghost]Pelipper||FocusSash|Drizzle|MuddyWater,Hurricane,WideGuard,Tailwind|||M|||50|,,,,,Water]Basculegion||ChoiceBand|SwiftSwim|WaveCrash,FlipTurn,AquaJet,LastRespects|||M|||50|,,,,,Dark]Sinistcha||RockyHelmet|Hospitality|MatchaGotcha,RagePowder,StrengthSap,TrickRoom||||||50|,,,,,Fairy
|inactive|Battle timer is ON: inactive players will automatically lose when time's up. (requested by Cm3112)
|inactive|randomguy1114s has 60 seconds left.
|
|t:|1756747636
|teamsize|p1|4
|teamsize|p2|4
|start
|switch|p1a: Midcineroar|Incineroar, L50, M, shiny|100/100
|switch|p1b: cheese man|Gholdengo, L50, shiny|100/100
|switch|p2a: Maushold|Maushold-Four, L50|100/100
|switch|p2b: Annihilape|Annihilape, L50, F|100/100
|-ability|p1a: Midcineroar|Intimidate|boost
|-unboost|p2a: Maushold|atk|1
|-unboost|p2b: Annihilape|atk|1
|-ability|p2b: Annihilape|Defiant|boost
|-boost|p2b: Annihilape|atk|2
|turn|1
|inactive|Cm3112 has 30 seconds left.
|
|t:|1756747667
|-terastallize|p2a: Maushold|Ghost
|move|p1b: cheese man|Protect|p1b: cheese man
|-singleturn|p1b: cheese man|Protect
|move|p2a: Maushold|Beat Up|p2b: Annihilape
|-damage|p2b: Annihilape|98/100
|-damage|p2b: Annihilape|94/100
|-crit|p2b: Annihilape
|-damage|p2b: Annihilape|84/100
|-damage|p2b: Annihilape|82/100
|-hitcount|p2b: Annihilape|4
|move|p2b: Annihilape|Rage Fist|p1b: cheese man
|-activate|p1b: cheese man|move: Protect
|move|p1a: Midcineroar|Knock Off|p2a: Maushold
|-supereffective|p2a: Maushold
|-damage|p2a: Maushold|0 fnt
|-enditem|p2a: Maushold|Wide Lens|[from] move: Knock Off|[of] p1a: Midcineroar
|faint|p2a: Maushold
|
|upkeep
|
|t:|1756747673
|switch|p2a: Basculegion|Basculegion, L50, M|100/100
|turn|2
|
|t:|1756747683
|switch|p1b: monke|Rillaboom, L50, F, shiny|100/100
|-fieldstart|move: Grassy Terrain|[from] ability: Grassy Surge|[of] p1b: monke
|move|p2b: Annihilape|Rage Fist|p1b: monke
|-damage|p1b: monke|0 fnt
|faint|p1b: monke
|move|p2a: Basculegion|Flip Turn|p1a: Midcineroar
|-supereffective|p1a: Midcineroar
|-damage|p1a: Midcineroar|15/100
|
|t:|1756747694
|switch|p2a: Pelipper|Pelipper, L50, M|100/100|[from] Flip Turn
|-weather|RainDance|[from] ability: Drizzle|[of] p2a: Pelipper
|move|p1a: Midcineroar|Knock Off|p2a: Pelipper
|-damage|p2a: Pelipper|52/100
|-enditem|p2a: Pelipper|Focus Sash|[from] move: Knock Off|[of] p1a: Midcineroar
|
|-weather|RainDance|[upkeep]
|-heal|p2b: Annihilape|88/100|[from] Grassy Terrain
|-heal|p1a: Midcineroar|21/100|[from] Grassy Terrain
|upkeep
|
|t:|1756747702
|switch|p1b: menacetosociety|Sneasler, L50, F, shiny|100/100
|-enditem|p1b: menacetosociety|Grassy Seed
|-boost|p1b: menacetosociety|def|1|[from] item: Grassy Seed
|turn|3
|
|t:|1756747717
|move|p2b: Annihilape|Protect|p2b: Annihilape
|-singleturn|p2b: Annihilape|Protect
|move|p1b: menacetosociety|Dire Claw|p2a: Pelipper
|-damage|p2a: Pelipper|0 fnt
|faint|p2a: Pelipper
|move|p1a: Midcineroar|Knock Off|p2b: Annihilape
|-activate|p2b: Annihilape|move: Protect
|
|-weather|RainDance|[upkeep]
|-heal|p2b: Annihilape|94/100|[from] Grassy Terrain
|-heal|p1a: Midcineroar|27/100|[from] Grassy Terrain
|upkeep
|
|t:|1756747725
|switch|p2a: Basculegion|Basculegion, L50, M|100/100
|turn|4
|
|t:|1756747747
|-terastallize|p1b: menacetosociety|Dark
|move|p2a: Basculegion|Aqua Jet|p1a: Midcineroar
|-supereffective|p1a: Midcineroar
|-damage|p1a: Midcineroar|0 fnt
|faint|p1a: Midcineroar
|move|p1b: menacetosociety|Throat Chop|p2a: Basculegion
|-supereffective|p2a: Basculegion
|-damage|p2a: Basculegion|0 fnt
|faint|p2a: Basculegion
|move|p2b: Annihilape|Bulk Up|p2b: Annihilape
|-boost|p2b: Annihilape|atk|1
|-boost|p2b: Annihilape|def|1
|
|-weather|RainDance|[upkeep]
|-heal|p2b: Annihilape|99/100|[from] Grassy Terrain
|upkeep
|
|t:|1756747756
|switch|p1a: cheese man|Gholdengo, L50, shiny|100/100
|turn|5
|
|t:|1756747763
|move|p1b: menacetosociety|Dire Claw|p2b: Annihilape
|-resisted|p2b: Annihilape
|-damage|p2b: Annihilape|88/100
|-status|p2b: Annihilape|psn
|move|p2b: Annihilape|Rage Fist|p1a: cheese man
|-supereffective|p1a: cheese man
|-damage|p1a: cheese man|0 fnt
|faint|p1a: cheese man
|
|-weather|RainDance|[upkeep]
|-heal|p2b: Annihilape|94/100 psn|[from] Grassy Terrain
|-damage|p2b: Annihilape|81/100 psn|[from] psn
|upkeep
|turn|6
|
|t:|1756747776
|move|p1b: menacetosociety|Protect|p1b: menacetosociety
|-singleturn|p1b: menacetosociety|Protect
|move|p2b: Annihilape|Drain Punch|p1b: menacetosociety
|-activate|p1b: menacetosociety|move: Protect
|
|-weather|none
|-heal|p2b: Annihilape|87/100 psn|[from] Grassy Terrain
|-damage|p2b: Annihilape|75/100 psn|[from] psn
|-fieldend|move: Grassy Terrain
|upkeep
|turn|7
|
|t:|1756747780
|move|p1b: menacetosociety|Throat Chop|p2b: Annihilape
|-damage|p2b: Annihilape|48/100 psn
|-start|p2b: Annihilape|Throat Chop|[silent]
|move|p2b: Annihilape|Drain Punch|p1b: menacetosociety
|-supereffective|p1b: menacetosociety
|-damage|p1b: menacetosociety|8/100
|-heal|p2b: Annihilape|88/100 psn|[from] drain|[of] p1b: menacetosociety
|
|-damage|p2b: Annihilape|76/100 psn|[from] psn
|upkeep
|turn|8
|
|t:|1756747789
|move|p1b: menacetosociety|Protect|p1b: menacetosociety
|-singleturn|p1b: menacetosociety|Protect
|move|p2b: Annihilape|Drain Punch|p1b: menacetosociety
|-activate|p1b: menacetosociety|move: Protect
|
|-damage|p2b: Annihilape|64/100 psn|[from] psn
|-end|p2b: Annihilape|Throat Chop|[silent]
|upkeep
|turn|9
|
|t:|1756747792
|move|p1b: menacetosociety|Throat Chop|p2b: Annihilape
|-damage|p2b: Annihilape|37/100 psn
|-start|p2b: Annihilape|Throat Chop|[silent]
|move|p2b: Annihilape|Drain Punch|p1b: menacetosociety
|-supereffective|p1b: menacetosociety
|-damage|p1b: menacetosociety|0 fnt
|-heal|p2b: Annihilape|40/100 psn|[from] drain|[of] p1b: menacetosociety
|faint|p1b: menacetosociety
|
|win|Cm3112
||Cm3112 is ready for game 3.
