|j|☆aaronballs
|j|☆BravitoRito
|html|aaronballsBravitoRito    
|uhtml|bestof|Game 1 of a best-of-3
|t:|1783397562
|gametype|doubles
|player|p1|aaronballs|266|1024
|player|p2|BravitoRito|striker|1141
|gen|9
|tier|[Gen 9 Champions] VGC 2026 Reg M-B (Bo3)
|rated|
|rule|Species Clause: Limit one of each Pokémon
|rule|Item Clause: Limit 1 of each item
|clearpoke
|poke|p1|Raichu, L50, F|
|poke|p1|Jolteon, L50, M|
|poke|p1|Whimsicott, L50, M|
|poke|p1|Basculegion, L50, M|
|poke|p1|Annihilape, L50, F|
|poke|p1|Maushold, L50|
|poke|p2|Charizard, L50, M, shiny|
|poke|p2|Aerodactyl, L50, F|
|poke|p2|Farigiraf, L50, M|
|poke|p2|Garchomp, L50, F|
|poke|p2|Sylveon, L50, F|
|poke|p2|Kingambit, L50, M|
|teampreview|4
|showteam|p1|Raichu||RaichuniteX|LightningRod|VoltTackle,FakeOut,PlayRough,Protect|Adamant||F|||50|]Jolteon||Magnet|VoltAbsorb|RisingVoltage,ThunderWave,Detect,AlluringVoice|Modest||M|||50|]Whimsicott||FocusSash|Prankster|Tailwind,Moonblast,Encore,GrassKnot|Timid||M|||50|]Basculegion||LifeOrb|Adaptability|WaveCrash,LastRespects,AquaJet,Protect|Adamant||M|||50|]Annihilape||Leftovers|Defiant|RageFist,DrainPunch,BulkUp,Protect|Jolly||F|||50|]Maushold||WideLens|Technician|PopulationBomb,FollowMe,BeatUp,Protect|Adamant|||||50|
|showteam|p2|Charizard||CharizarditeY|Blaze|HeatWave,SolarBeam,WeatherBall,Protect|Modest||M|||50|]Aerodactyl||Aerodactylite|Unnerve|RockSlide,DualWingbeat,IceFang,Tailwind|Jolly||F|||50|]Farigiraf||SitrusBerry|ArmorTail|Psychic,Thunderbolt,TrickRoom,Roar|Quiet||M|||50|]Garchomp||LifeOrb|RoughSkin|Earthquake,DragonClaw,StompingTantrum,Protect|Jolly||F|||50|]Sylveon||FairyFeather|Pixilate|HyperVoice,HyperBeam,QuickAttack,Detect|Sassy||F|||50|]Kingambit||FocusSash|Defiant|KowtowCleave,IronHead,SuckerPunch,LowKick|Adamant||M|||50|
|inactive|Battle timer is ON: inactive players will automatically lose when time's up. (requested by BravitoRito)
|
|t:|1783397597
|teamsize|p1|4
|teamsize|p2|4
|start
|switch|p1a: Raichu|Raichu, L50, F|100/100
|switch|p1b: Jolteon|Jolteon, L50, M|100/100
|switch|p2a: Aerodactyl|Aerodactyl, L50, F|100/100
|switch|p2b: Garchomp|Garchomp, L50, F|100/100
|-ability|p2a: Aerodactyl|Unnerve
|turn|1
|inactive|BravitoRito has 30 seconds left.
|
|t:|1783397627
|detailschange|p2a: Aerodactyl|Aerodactyl-Mega, L50, F
|-mega|p2a: Aerodactyl|Aerodactyl|Aerodactylite
|detailschange|p1a: Raichu|Raichu-Mega-X, L50, F
|-mega|p1a: Raichu|Raichu|Raichunite X
|-fieldstart|move: Electric Terrain|[from] ability: Electric Surge|[of] p1a: Raichu
|move|p1a: Raichu|Fake Out|p2b: Garchomp
|-damage|p2b: Garchomp|84/100
|-damage|p1a: Raichu|87/100|[from] ability: Rough Skin|[of] p2b: Garchomp
|move|p2a: Aerodactyl|Rock Slide|p1b: Jolteon|[spread] p1a,p1b
|-damage|p1a: Raichu|45/100
|-damage|p1b: Jolteon|40/100
|move|p1b: Jolteon|Rising Voltage|p2a: Aerodactyl
|-supereffective|p2a: Aerodactyl|1
|-damage|p2a: Aerodactyl|0 fnt
|faint|p2a: Aerodactyl
|cant|p2b: Garchomp|flinch
|
|upkeep
|
|t:|1783397641
|switch|p2a: Farigiraf|Farigiraf, L50, M|100/100
|turn|2
|
|t:|1783397651
|move|p2b: Garchomp|Protect|p2b: Garchomp
|-singleturn|p2b: Garchomp|Protect
|move|p1b: Jolteon|Rising Voltage|p2a: Farigiraf
|-hint|Rising Voltage's BP doubled on grounded target.
|-damage|p2a: Farigiraf|0 fnt
|faint|p2a: Farigiraf
|move|p1a: Raichu|Play Rough|p2b: Garchomp
|-activate|p2b: Garchomp|move: Protect
|
|upkeep
|
|t:|1783397671
|switch|p2a: Kingambit|Kingambit, L50, M|100/100
|turn|3
|inactive|aaronballs has 30 seconds left.
|
|t:|1783397702
|switch|p1b: Whimsicott|Whimsicott, L50, M|100/100
|move|p1a: Raichu|Protect|p1a: Raichu
|-singleturn|p1a: Raichu|Protect
|move|p2a: Kingambit|Sucker Punch||[still]
|-fail|p2a: Kingambit
|move|p2b: Garchomp|Stomping Tantrum|p1b: Whimsicott
|-resisted|p1b: Whimsicott|1
|-damage|p1b: Whimsicott|65/100
|-damage|p2b: Garchomp|74/100|[from] item: Life Orb
|
|upkeep
|turn|4
|inactive|aaronballs has 30 seconds left.
|inactive|BravitoRito has 30 seconds left.
|inactive|aaronballs has 20 seconds left.
|inactive|aaronballs has 15 seconds left.
|inactive|aaronballs has 10 seconds left.
|
|t:|1783397750
|switch|p1a: Basculegion|Basculegion, L50, M|100/100
|move|p2b: Garchomp|Protect|p2b: Garchomp
|-singleturn|p2b: Garchomp|Protect
|move|p1b: Whimsicott|Moonblast|p2b: Garchomp
|-activate|p2b: Garchomp|move: Protect
|move|p2a: Kingambit|Iron Head|p1b: Whimsicott
|-supereffective|p1b: Whimsicott|1
|-damage|p1b: Whimsicott|0 fnt
|faint|p1b: Whimsicott
|
|upkeep
|
|t:|1783397758
|switch|p1b: Raichu|Raichu-Mega-X, L50, F|45/100
|turn|5
|
|t:|1783397772
|move|p1b: Raichu|Fake Out|p2a: Kingambit
|-resisted|p2a: Kingambit|1
|-damage|p2a: Kingambit|93/100
|cant|p2a: Kingambit|flinch
|move|p2b: Garchomp|Stomping Tantrum|p1b: Raichu
|-supereffective|p1b: Raichu|1
|-damage|p1b: Raichu|0 fnt
|faint|p1b: Raichu
|-damage|p2b: Garchomp|64/100|[from] item: Life Orb
|move|p1a: Basculegion|Wave Crash|p2b: Garchomp
|-damage|p2b: Garchomp|0 fnt
|-damage|p1a: Basculegion|87/100|[from] ability: Rough Skin|[of] p2b: Garchomp
|faint|p2b: Garchomp
|-damage|p1a: Basculegion|67/100|[from] Recoil
|-damage|p1a: Basculegion|57/100|[from] item: Life Orb
|
|-fieldend|move: Electric Terrain
|upkeep
|
|t:|1783397786
|switch|p1b: Jolteon|Jolteon, L50, M|40/100
|turn|6
|inactive|BravitoRito has 30 seconds left.
|
|t:|1783397815
|move|p1b: Jolteon|Detect|p1b: Jolteon
|-singleturn|p1b: Jolteon|Protect
|move|p1a: Basculegion|Protect|p1a: Basculegion
|-singleturn|p1a: Basculegion|Protect
|move|p2a: Kingambit|Sucker Punch||[still]
|-fail|p2a: Kingambit
|
|upkeep
|turn|7
|
|t:|1783397828
|move|p1a: Basculegion|Aqua Jet|p2a: Kingambit
|-damage|p2a: Kingambit|68/100
|-damage|p1a: Basculegion|47/100|[from] item: Life Orb
|move|p2a: Kingambit|Sucker Punch||[still]
|-fail|p2a: Kingambit
|move|p1b: Jolteon|Thunder Wave|p2a: Kingambit
|-status|p2a: Kingambit|par
|
|upkeep
|turn|8
|
|t:|1783397848
|move|p1b: Jolteon|Rising Voltage|p2a: Kingambit
|-damage|p2a: Kingambit|27/100 par
|move|p1a: Basculegion|Wave Crash|p2a: Kingambit
|-damage|p2a: Kingambit|0 fnt
|faint|p2a: Kingambit
|-damage|p1a: Basculegion|37/100|[from] Recoil
|-damage|p1a: Basculegion|28/100|[from] item: Life Orb
|
|win|aaronballs
||BravitoRito is ready for game 2.
|inactive|aaronballs has 30 seconds to confirm battle start!
||aaronballs is ready for game 2.
|uhtml|next|Next: Game 2 of 3
|l|☆BravitoRito
|player|p2|
