|j|☆simonkofi
|j|☆Joriot
|html|simonkofiJoriot    
|uhtml|bestof|Game 1 of a best-of-3
|t:|1785763622
|gametype|doubles
|player|p1|simonkofi|266|1090
|player|p2|Joriot|falkner|1203
|gen|9
|tier|[Gen 9 Champions] VGC 2026 Reg M-B (Bo3)
|rated|
|rule|Species Clause: Limit one of each Pokémon
|rule|Item Clause: Limit 1 of each item
|clearpoke
|poke|p1|Charizard, L50, M|
|poke|p1|Garchomp, L50, M|
|poke|p1|Whimsicott, L50, F|
|poke|p1|Basculegion, L50, M|
|poke|p1|Kingambit, L50, M|
|poke|p1|Floette-Eternal, L50, F|
|poke|p2|Staraptor, L50, M|
|poke|p2|Arcanine-Hisui, L50, M|
|poke|p2|Kingambit, L50, F|
|poke|p2|Raichu, L50, M|
|poke|p2|Farigiraf, L50, F|
|poke|p2|Sylveon, L50, F|
|teampreview|4
|showteam|p1|Charizard||CharizarditeY|Blaze|HeatWave,WeatherBall,SolarBeam,Protect|Modest||M|||50|]Garchomp||SitrusBerry|RoughSkin|DragonClaw,StompingTantrum,RockSlide,Protect|Adamant||M|||50|]Whimsicott||FocusSash|Prankster|Tailwind,Moonblast,Encore,Protect|Timid||F|||50|]Basculegion||ChoiceScarf|Adaptability|WaveCrash,LastRespects,AquaJet,FlipTurn|Jolly||M|||50|]Kingambit||LifeOrb|Defiant|KowtowCleave,IronHead,SuckerPunch,LowKick|Adamant||M|||50|]Floette-Eternal||Floettite|FlowerVeil|DazzlingGleam,Moonblast,LightofRuin,Protect|Modest||F|||50|
|showteam|p2|Staraptor||Staraptite|Intimidate|DualWingbeat,CloseCombat,Tailwind,Protect|Jolly||M|||50|]Arcanine-Hisui||FocusSash|RockHead|FlareBlitz,HeadSmash,ExtremeSpeed,Protect|Jolly||M|||50|]Kingambit||LifeOrb|Defiant|KowtowCleave,SuckerPunch,SwordsDance,Protect|Adamant||F|||50|]Raichu||RaichuniteY|LightningRod|ZapCannon,FocusBlast,FakeOut,Protect|Timid||M|||50|]Farigiraf||SitrusBerry|ArmorTail|Psychic,HelpingHand,TrickRoom,Protect|Calm||F|||50|]Sylveon||FairyFeather|Pixilate|HyperVoice,HyperBeam,QuickAttack,Detect|Modest||F|||50|
|inactive|Battle timer is ON: inactive players will automatically lose when time's up. (requested by simonkofi)
|inactive|simonkofi has 60 seconds left.
|inactive|Joriot has 60 seconds left.
|
|t:|1785763676
|teamsize|p1|4
|teamsize|p2|4
|start
|switch|p1a: Kingambit|Kingambit, L50, M|100/100
|switch|p1b: Whimsicott|Whimsicott, L50, F|100/100
|switch|p2a: Staraptor|Staraptor, L50, M|100/100
|switch|p2b: Arcanine|Arcanine-Hisui, L50, M|100/100
|-ability|p2a: Staraptor|Intimidate|boost
|-unboost|p1a: Kingambit|atk|1
|-ability|p1a: Kingambit|Defiant|boost
|-boost|p1a: Kingambit|atk|2
|-unboost|p1b: Whimsicott|atk|1
|turn|1
|inactive|simonkofi has 30 seconds left.
|inactive|Joriot has 30 seconds left.
|inactive|simonkofi has 20 seconds left.
|inactive|Joriot has 20 seconds left.
|inactive|simonkofi has 15 seconds left.
|inactive|Joriot has 15 seconds left.
|inactive|simonkofi has 10 seconds left.
|inactive|simonkofi has 5 seconds left.
|
|t:|1785763726
|switch|p1a: Garchomp|Garchomp, L50, M|100/100
|detailschange|p2a: Staraptor|Staraptor-Mega, L50, M
|-mega|p2a: Staraptor|Staraptor|Staraptite
|move|p1b: Whimsicott|Moonblast|p2a: Staraptor
|-supereffective|p2a: Staraptor|1
|-damage|p2a: Staraptor|31/100
|move|p2a: Staraptor|Close Combat|p1a: Garchomp
|-damage|p1a: Garchomp|57/100
|-boost|p2a: Staraptor|def|1
|-boost|p2a: Staraptor|spd|1
|-damage|p2a: Staraptor|18/100|[from] ability: Rough Skin|[of] p1a: Garchomp
|move|p2b: Arcanine|Flare Blitz|p1b: Whimsicott
|-supereffective|p1b: Whimsicott|1
|-crit|p1b: Whimsicott
|-enditem|p1b: Whimsicott|Focus Sash
|-damage|p1b: Whimsicott|1/100
|
|upkeep
|turn|2
|inactive|simonkofi has 30 seconds left.
|inactive|Joriot has 30 seconds left.
|inactive|simonkofi has 20 seconds left.
|inactive|Joriot has 20 seconds left.
|inactive|simonkofi has 15 seconds left.
|inactive|Joriot has 15 seconds left.
|inactive|simonkofi has 10 seconds left.
|
|t:|1785763773
|move|p1b: Whimsicott|Protect|p1b: Whimsicott
|-singleturn|p1b: Whimsicott|Protect
|move|p2b: Arcanine|Extreme Speed|p1b: Whimsicott
|-activate|p1b: Whimsicott|move: Protect
|move|p2a: Staraptor|Close Combat|p1a: Garchomp
|-damage|p1a: Garchomp|12/100
|-boost|p2a: Staraptor|def|1
|-boost|p2a: Staraptor|spd|1
|-damage|p2a: Staraptor|6/100|[from] ability: Rough Skin|[of] p1a: Garchomp
|-enditem|p1a: Garchomp|Sitrus Berry|[eat]
|-heal|p1a: Garchomp|37/100|[from] item: Sitrus Berry
|move|p1a: Garchomp|Stomping Tantrum|p2b: Arcanine
|-supereffective|p2b: Arcanine|2
|-enditem|p2b: Arcanine|Focus Sash
|-damage|p2b: Arcanine|1/100
|
|upkeep
|turn|3
|
|t:|1785763795
|switch|p1b: Kingambit|Kingambit, L50, M|100/100
|move|p2b: Arcanine|Extreme Speed|p1b: Kingambit
|-resisted|p1b: Kingambit|1
|-damage|p1b: Kingambit|88/100
|move|p2a: Staraptor|Close Combat|p1a: Garchomp
|-damage|p1a: Garchomp|0 fnt
|-boost|p2a: Staraptor|def|1
|-boost|p2a: Staraptor|spd|1
|-damage|p2a: Staraptor|0 fnt|[from] ability: Rough Skin|[of] p1a: Garchomp
|faint|p1a: Garchomp
|faint|p2a: Staraptor
|
|upkeep
|
|t:|1785763816
|switch|p2a: Farigiraf|Farigiraf, L50, F|100/100
|switch|p1a: Floette|Floette-Eternal, L50, F|100/100
|turn|4
|inactive|Joriot has 30 seconds left.
|
|t:|1785763846
|detailschange|p1a: Floette|Floette-Mega, L50, F
|-mega|p1a: Floette|Floette|Floettite
|-ability|p1a: Floette|Fairy Aura
|move|p1a: Floette|Protect|p1a: Floette
|-singleturn|p1a: Floette|Protect
|move|p2b: Arcanine|Flare Blitz|p1b: Kingambit
|-supereffective|p1b: Kingambit|1
|-damage|p1b: Kingambit|0 fnt
|faint|p1b: Kingambit
|move|p2a: Farigiraf|Trick Room|p2a: Farigiraf
|-fieldstart|move: Trick Room|[of] p2a: Farigiraf
|
|upkeep
|
|t:|1785763856
|switch|p1b: Whimsicott|Whimsicott, L50, F|1/100
|turn|5
|
|t:|1785763874
|move|p2b: Arcanine|Extreme Speed|p1b: Whimsicott
|-damage|p1b: Whimsicott|0 fnt
|faint|p1b: Whimsicott
|move|p2a: Farigiraf|Psychic|p1a: Floette
|-damage|p1a: Floette|71/100
|move|p1a: Floette|Dazzling Gleam|p2b: Arcanine|[spread] p2a,p2b
|-resisted|p2b: Arcanine|1
|-damage|p2a: Farigiraf|59/100
|-damage|p2b: Arcanine|0 fnt
|faint|p2b: Arcanine
|
|upkeep
|
|t:|1785763881
|switch|p2b: Kingambit|Kingambit, L50, F|100/100
|turn|6
|
|t:|1785763889
|move|p1a: Floette|Protect|p1a: Floette
|-singleturn|p1a: Floette|Protect
|move|p2a: Farigiraf|Psychic|p1a: Floette
|-activate|p1a: Floette|move: Protect
|move|p2b: Kingambit|Swords Dance|p2b: Kingambit
|-boost|p2b: Kingambit|atk|2
|
|upkeep
|turn|7
|
|t:|1785763898
|move|p1a: Floette|Protect||[still]
|-fail|p1a: Floette
|move|p2a: Farigiraf|Psychic|p1a: Floette
|-damage|p1a: Floette|42/100
|move|p2b: Kingambit|Kowtow Cleave|p1a: Floette
|-resisted|p1a: Floette|1
|-crit|p1a: Floette
|-damage|p1a: Floette|0 fnt
|faint|p1a: Floette
|-damage|p2b: Kingambit|90/100|[from] item: Life Orb
|
|win|Joriot
||simonkofi is ready for game 2.
|l|☆simonkofi
|player|p1|
