|j|☆breakstormsamuraix
|j|☆DragonairJordan23
|html|breakstormsamuraixDragonairJordan23    
|uhtml|bestof|Game 2 of a best-of-3
|t:|1785830093
|gametype|doubles
|player|p1|breakstormsamuraix|n|1143
|player|p2|DragonairJordan23|dancer|1195
|gen|9
|tier|[Gen 9 Champions] VGC 2026 Reg M-B (Bo3)
|rated|
|rule|Species Clause: Limit one of each Pokémon
|rule|Item Clause: Limit 1 of each item
|clearpoke
|poke|p1|Aerodactyl, L50, M|
|poke|p1|Kingambit, L50, M|
|poke|p1|Sylveon, L50, M|
|poke|p1|Garchomp, L50, M, shiny|
|poke|p1|Charizard, L50, M, shiny|
|poke|p1|Incineroar, L50, M|
|poke|p2|Grimmsnarl, L50, M|
|poke|p2|Slowbro, L50, M|
|poke|p2|Glimmora, L50, M|
|poke|p2|Sinistcha, L50|
|poke|p2|Blaziken, L50, F|
|poke|p2|Kingambit, L50, M|
|teampreview|4
|showteam|p1|Aerodactyl||Aerodactylite|Unnerve|RockSlide,DualWingbeat,Tailwind,WideGuard|Jolly||M|||50|]Kingambit||FocusSash|Defiant|KowtowCleave,SuckerPunch,IronHead,Protect|Adamant||M|||50|]Sylveon||FairyFeather|Pixilate|Detect,HyperVoice,HyperBeam,QuickAttack|Modest||M|||50|]Garchomp||LumBerry|RoughSkin|Earthquake,RockSlide,StompingTantrum,Protect|Adamant||M|||50|]Charizard||CharizarditeY|Blaze|Protect,HeatWave,SolarBeam,WeatherBall|Modest||M|||50|]Incineroar||SitrusBerry|Intimidate|FlareBlitz,ThroatChop,PartingShot,FakeOut|Careful||M|||50|
|showteam|p2|Grimmsnarl||LightClay|Prankster|FoulPlay,LightScreen,Reflect,PartingShot|Careful||M|||50|]Slowbro||Slowbronite|Regenerator|SlackOff,StoredPower,Scald,CalmMind|Relaxed||M|||50|]Glimmora||SitrusBerry|ToxicDebris|MortalSpin,PowerGem,EarthPower,SludgeBomb|Modest||M|||50|]Sinistcha||KasibBerry|Hospitality|Protect,MatchaGotcha,RagePowder,TrickRoom|Relaxed|||||50|]Blaziken||Blazikenite|SpeedBoost|CloseCombat,FlareBlitz,RockSlide,Protect|Adamant||F|||50|]Kingambit||FocusSash|Defiant|SuckerPunch,KowtowCleave,Protect,IronHead|Adamant||M|||50|
|inactive|Battle timer is ON: inactive players will automatically lose when time's up. (requested by breakstormsamuraix)
|
|t:|1785830119
|teamsize|p1|4
|teamsize|p2|4
|start
|switch|p1a: Garchomp|Garchomp, L50, M, shiny|100/100
|switch|p1b: Incineroar|Incineroar, L50, M|100/100
|switch|p2a: Blaziken|Blaziken, L50, F|100/100
|switch|p2b: Kingambit|Kingambit, L50, M|100/100
|-ability|p1b: Incineroar|Intimidate|boost
|-unboost|p2a: Blaziken|atk|1
|-unboost|p2b: Kingambit|atk|1
|-ability|p2b: Kingambit|Defiant|boost
|-boost|p2b: Kingambit|atk|2
|turn|1
|
|t:|1785830135
|switch|p2a: Sinistcha|Sinistcha, L50|100/100
|switch|p1b: Charizard|Charizard, L50, M, shiny|100/100
|move|p2b: Kingambit|Protect|p2b: Kingambit
|-singleturn|p2b: Kingambit|Protect
|move|p1a: Garchomp|Earthquake|p2a: Sinistcha|[spread] p2a
|-activate|p2b: Kingambit|move: Protect
|-immune|p1b: Charizard
|-resisted|p2a: Sinistcha|1
|-damage|p2a: Sinistcha|84/100
|
|upkeep
|turn|2
|inactive|DragonairJordan23 has 30 seconds left.
|inactive|DragonairJordan23 has 20 seconds left.
|inactive|DragonairJordan23 has 15 seconds left.
|inactive|DragonairJordan23 has 10 seconds left.
|inactive|DragonairJordan23 has 5 seconds left.
|
|t:|1785830185
|detailschange|p1b: Charizard|Charizard-Mega-Y, L50, M, shiny
|-mega|p1b: Charizard|Charizard|Charizardite Y
|-weather|SunnyDay|[from] ability: Drought|[of] p1b: Charizard
|move|p2a: Sinistcha|Protect|p2a: Sinistcha
|-singleturn|p2a: Sinistcha|Protect
|move|p2b: Kingambit|Sucker Punch|p1b: Charizard
|-damage|p1b: Charizard|33/100
|move|p1a: Garchomp|Earthquake|p2b: Kingambit|[spread] p2b
|-activate|p2a: Sinistcha|move: Protect
|-immune|p1b: Charizard
|-supereffective|p2b: Kingambit|1
|-damage|p2b: Kingambit|31/100
|move|p1b: Charizard|Heat Wave|p2b: Kingambit|[spread] p2b
|-activate|p2a: Sinistcha|move: Protect
|-supereffective|p2b: Kingambit|1
|-damage|p2b: Kingambit|0 fnt
|faint|p2b: Kingambit
|
|-weather|SunnyDay|[upkeep]
|upkeep
|
|t:|1785830194
|switch|p2b: Blaziken|Blaziken, L50, F|100/100
|turn|3
|
|t:|1785830217
|switch|p1b: Incineroar|Incineroar, L50, M|100/100
|-ability|p1b: Incineroar|Intimidate|boost
|-unboost|p2a: Sinistcha|atk|1
|-unboost|p2b: Blaziken|atk|1
|switch|p2a: Glimmora|Glimmora, L50, M|100/100
|detailschange|p2b: Blaziken|Blaziken-Mega, L50, F
|-mega|p2b: Blaziken|Blaziken|Blazikenite
|move|p2b: Blaziken|Protect|p2b: Blaziken
|-singleturn|p2b: Blaziken|Protect
|move|p1a: Garchomp|Protect||[still]
|-fail|p1a: Garchomp
|
|-weather|SunnyDay|[upkeep]
|-ability|p2b: Blaziken|Speed Boost|boost
|-boost|p2b: Blaziken|spe|1
|upkeep
|turn|4
|inactive|DragonairJordan23 has 30 seconds left.
|
|t:|1785830243
|switch|p2b: Sinistcha|Sinistcha, L50|84/100
|move|p1a: Garchomp|Stomping Tantrum|p2b: Sinistcha
|-resisted|p2b: Sinistcha|1
|-damage|p2b: Sinistcha|48/100
|move|p2a: Glimmora|Mortal Spin|p1a: Garchomp|[spread] p1a,p1b
|-resisted|p1a: Garchomp|1
|-damage|p1a: Garchomp|97/100
|-damage|p1b: Incineroar|95/100
|-status|p1a: Garchomp|psn
|-enditem|p1a: Garchomp|Lum Berry|[eat]
|-curestatus|p1a: Garchomp|psn|[msg]
|-status|p1b: Incineroar|psn
|-damage|p2a: Glimmora|87/100|[from] ability: Rough Skin|[of] p1a: Garchomp
|move|p1b: Incineroar|Flare Blitz|p2b: Sinistcha
|-supereffective|p2b: Sinistcha|1
|-damage|p2b: Sinistcha|0 fnt
|faint|p2b: Sinistcha
|-damage|p1b: Incineroar|81/100 psn|[from] Recoil
|
|-weather|SunnyDay|[upkeep]
|-damage|p1b: Incineroar|68/100 psn|[from] psn
|upkeep
|
|t:|1785830258
|switch|p2b: Blaziken|Blaziken-Mega, L50, F|100/100
|turn|5
|
|t:|1785830270
|switch|p1b: Charizard|Charizard-Mega-Y, L50, M, shiny|33/100
|move|p1a: Garchomp|Protect|p1a: Garchomp
|-singleturn|p1a: Garchomp|Protect
|move|p2b: Blaziken|Protect|p2b: Blaziken
|-singleturn|p2b: Blaziken|Protect
|move|p2a: Glimmora|Mortal Spin|p1a: Garchomp|[spread] p1b
|-activate|p1a: Garchomp|move: Protect
|-damage|p1b: Charizard|28/100
|-status|p1b: Charizard|psn
|
|-weather|SunnyDay|[upkeep]
|-damage|p1b: Charizard|16/100 psn|[from] psn
|-ability|p2b: Blaziken|Speed Boost|boost
|-boost|p2b: Blaziken|spe|1
|upkeep
|turn|6
|
|t:|1785830290
|switch|p1b: Incineroar|Incineroar, L50, M|68/100 psn
|-ability|p1b: Incineroar|Intimidate|boost
|-unboost|p2a: Glimmora|atk|1
|-unboost|p2b: Blaziken|atk|1
|move|p2b: Blaziken|Rock Slide|p1a: Garchomp|[spread] p1a,p1b
|-resisted|p1a: Garchomp|1
|-supereffective|p1b: Incineroar|1
|-damage|p1a: Garchomp|89/100
|-damage|p1b: Incineroar|39/100 psn
|-enditem|p1b: Incineroar|Sitrus Berry|[eat]
|-heal|p1b: Incineroar|64/100 psn|[from] item: Sitrus Berry
|move|p1a: Garchomp|Earthquake|p2a: Glimmora|[spread] p1b,p2a,p2b
|-supereffective|p1b: Incineroar|1
|-supereffective|p2a: Glimmora|2
|-supereffective|p2b: Blaziken|1
|-damage|p1b: Incineroar|0 fnt
|-damage|p2a: Glimmora|0 fnt
|-damage|p2b: Blaziken|0 fnt
|-activate|p2a: Glimmora|ability: Toxic Debris
|-sidestart|p1: breakstormsamuraix|move: Toxic Spikes
|faint|p1b: Incineroar
|faint|p2a: Glimmora
|faint|p2b: Blaziken
|
|win|breakstormsamuraix
|raw|breakstormsamuraix's rating: 1143 → 1172(+29 for winning)
|raw|DragonairJordan23's rating: 1195 → 1166(-29 for losing)
