|j|☆bonczy
|j|☆seymour747
|html|bonczyseymour747    
|uhtml|bestof|Game 3 of a best-of-3
|t:|1783613654
|gametype|doubles
|player|p1|bonczy|blue-lgpe|
|player|p2|seymour747|acetrainersnowf|
|gen|9
|tier|[Gen 9 Champions] VGC 2026 Reg M-B (Bo3)
|rule|Species Clause: Limit one of each Pokémon
|rule|Item Clause: Limit 1 of each item
|clearpoke
|poke|p1|Metagross, L50|
|poke|p1|Raichu, L50, F|
|poke|p1|Grimmsnarl, L50, M|
|poke|p1|Sinistcha, L50|
|poke|p1|Basculegion, L50, M|
|poke|p1|Pelipper, L50, M|
|poke|p2|Kommo-o, L50, F|
|poke|p2|Gholdengo, L50|
|poke|p2|Floette-Eternal, L50, F|
|poke|p2|Tsareena, L50, F|
|poke|p2|Incineroar, L50, M|
|poke|p2|Aerodactyl, L50, F, shiny|
|teampreview|4
|showteam|p1|Metagross||Metagrossite|ClearBody|MeteorMash,ZenHeadbutt,BrickBreak,Protect|Adamant|||||50|]Raichu||RaichuniteY|LightningRod|ZapCannon,Electroweb,FocusBlast,Protect|Timid||F|||50|]Grimmsnarl||LightClay|Prankster|SpiritBreak,SuckerPunch,LightScreen,Reflect|Adamant||M|||50|]Sinistcha||ColburBerry|Hospitality|MatchaGotcha,ShadowBall,LifeDew,Protect|Bold|||||50|]Basculegion||ChoiceScarf|Adaptability|LastRespects,WaveCrash,Liquidation,FlipTurn|Jolly||M|||50|]Pelipper||DampRock|Drizzle|Hurricane,WeatherBall,Tailwind,Protect|Calm||M|||50|
|showteam|p2|Kommo-o||DragonFang|Soundproof|ClangingScales,AuraSphere,ClangorousSoul,Protect|Modest||F|||50|]Gholdengo||LifeOrb|GoodasGold|MakeItRain,ShadowBall,NastyPlot,Protect|Modest|||||50|]Floette-Eternal||Floettite|FlowerVeil|LightofRuin,DazzlingGleam,CalmMind,Protect|Modest||F|||50|]Tsareena||WideLens|QueenlyMajesty|PowerWhip,TripleAxel,ZenHeadbutt,Protect|Impish||F|||50|]Incineroar||SitrusBerry|Intimidate|FlareBlitz,ThroatChop,PartingShot,FakeOut|Careful||M|||50|]Aerodactyl||Aerodactylite|Unnerve|RockSlide,DualWingbeat,WideGuard,Tailwind|Jolly||F|||50|
|j| Just a teammaker
|c|☆bonczy|glhf
|c|☆seymour747|glhf
|
|t:|1783613719
|teamsize|p1|4
|teamsize|p2|4
|start
|switch|p1a: SURPRISE 2|Grimmsnarl, L50, M|100/100
|switch|p1b: RTX 8090 Ti|Metagross, L50|100/100
|switch|p2a: METHOD_REPLEKIA/.|Aerodactyl, L50, F, shiny|100/100
|switch|p2b: Gewalt|Gholdengo, L50|100/100
|-ability|p2a: METHOD_REPLEKIA/.|Unnerve
|turn|1
|
|t:|1783613767
|detailschange|p2a: METHOD_REPLEKIA/.|Aerodactyl-Mega, L50, F, shiny
|-mega|p2a: METHOD_REPLEKIA/.|Aerodactyl|Aerodactylite
|move|p1a: SURPRISE 2|Light Screen|p1a: SURPRISE 2
|-sidestart|p1: bonczy|move: Light Screen
|move|p2a: METHOD_REPLEKIA/.|Tailwind|p2a: METHOD_REPLEKIA/.
|-sidestart|p2: seymour747|move: Tailwind
|move|p2b: Gewalt|Nasty Plot|p2b: Gewalt
|-boost|p2b: Gewalt|spa|2
|move|p1b: RTX 8090 Ti|Meteor Mash|p2b: Gewalt
|-resisted|p2b: Gewalt|1
|-damage|p2b: Gewalt|76/100
|
|upkeep
|turn|2
|c| Just a teammaker|In champions ots lets u see the pokemons NATURE. What the hell why
|
|t:|1783613791
|detailschange|p1b: RTX 8090 Ti|Metagross-Mega, L50
|-mega|p1b: RTX 8090 Ti|Metagross|Metagrossite
|move|p1a: SURPRISE 2|Sucker Punch|p2b: Gewalt
|-supereffective|p2b: Gewalt|1
|-damage|p2b: Gewalt|5/100
|move|p2a: METHOD_REPLEKIA/.|Rock Slide|p1b: RTX 8090 Ti|[spread] p1a,p1b
|-resisted|p1b: RTX 8090 Ti|1
|-damage|p1a: SURPRISE 2|63/100
|-damage|p1b: RTX 8090 Ti|89/100
|move|p2b: Gewalt|Shadow Ball|p1b: RTX 8090 Ti
|-supereffective|p1b: RTX 8090 Ti|1
|-damage|p1b: RTX 8090 Ti|0 fnt
|faint|p1b: RTX 8090 Ti
|-damage|p2b: Gewalt|0 fnt|[from] item: Life Orb
|faint|p2b: Gewalt
|
|upkeep
|
|t:|1783613817
|switch|p1b: Rain Summoner|Pelipper, L50, M|100/100
|switch|p2b: Cloche|Tsareena, L50, F|100/100
|-weather|RainDance|[from] ability: Drizzle|[of] p1b: Rain Summoner
|turn|3
|
|t:|1783613843
|move|p1a: SURPRISE 2|Reflect|p1a: SURPRISE 2
|-sidestart|p1: bonczy|Reflect
|move|p2a: METHOD_REPLEKIA/.|Rock Slide|p1b: Rain Summoner|[spread] p1a,p1b
|-supereffective|p1b: Rain Summoner|1
|-damage|p1a: SURPRISE 2|40/100
|-damage|p1b: Rain Summoner|59/100
|move|p2b: Cloche|Power Whip|p1b: Rain Summoner
|-damage|p1b: Rain Summoner|22/100
|move|p1b: Rain Summoner|Weather Ball|p2a: METHOD_REPLEKIA/.
|-supereffective|p2a: METHOD_REPLEKIA/.|1
|-damage|p2a: METHOD_REPLEKIA/.|0 fnt
|faint|p2a: METHOD_REPLEKIA/.
|
|-weather|RainDance|[upkeep]
|upkeep
|
|t:|1783613855
|switch|p2a: Audhumla|Incineroar, L50, M|100/100
|-ability|p2a: Audhumla|Intimidate|boost
|-unboost|p1a: SURPRISE 2|atk|1
|-unboost|p1b: Rain Summoner|atk|1
|turn|4
|
|t:|1783613879
|move|p1b: Rain Summoner|Protect|p1b: Rain Summoner
|-singleturn|p1b: Rain Summoner|Protect
|move|p2a: Audhumla|Fake Out|p1b: Rain Summoner
|-activate|p1b: Rain Summoner|move: Protect
|move|p2b: Cloche|Power Whip|p1b: Rain Summoner
|-activate|p1b: Rain Summoner|move: Protect
|move|p1a: SURPRISE 2|Spirit Break|p2b: Cloche
|-damage|p2b: Cloche|76/100
|-unboost|p2b: Cloche|spa|1
|
|-weather|RainDance|[upkeep]
|-sideend|p2: seymour747|move: Tailwind
|upkeep
|turn|5
|
|t:|1783613928
|move|p2b: Cloche|Power Whip|p1a: SURPRISE 2
|-damage|p1a: SURPRISE 2|0 fnt
|faint|p1a: SURPRISE 2
|move|p1b: Rain Summoner|Hurricane|p2b: Cloche
|-supereffective|p2b: Cloche|1
|-damage|p2b: Cloche|15/100
|move|p2a: Audhumla|Throat Chop|p1b: Rain Summoner
|-damage|p1b: Rain Summoner|1/100
|-start|p1b: Rain Summoner|Throat Chop|[silent]
|
|-weather|RainDance|[upkeep]
|upkeep
|
|t:|1783613936
|switch|p1a: Basculegion|Basculegion, L50, M|100/100
|turn|6
|
|t:|1783613961
|move|p1a: Basculegion|Wave Crash|p2a: Audhumla
|-supereffective|p2a: Audhumla|1
|-damage|p2a: Audhumla|0 fnt
|faint|p2a: Audhumla
|-damage|p1a: Basculegion|65/100|[from] Recoil
|move|p2b: Cloche|Power Whip|p1a: Basculegion
|-supereffective|p1a: Basculegion|1
|-damage|p1a: Basculegion|0 fnt
|faint|p1a: Basculegion
|move|p1b: Rain Summoner|Hurricane|p2b: Cloche
|-supereffective|p2b: Cloche|1
|-damage|p2b: Cloche|0 fnt
|faint|p2b: Cloche
|
|win|bonczy
|c|☆bonczy|gg
|c|☆seymour747|gg
