|j|☆mocha gob
|j|☆VenusaurBot
|html|mocha gobVenusaurBot    
|uhtml|bestof|Game 2 of a best-of-3
|t:|1784236938
|gametype|doubles
|player|p1|mocha gob|hiker|1107
|player|p2|VenusaurBot|koga|1114
|gen|9
|tier|[Gen 9 Champions] VGC 2026 Reg M-B (Bo3)
|rated|
|rule|Species Clause: Limit one of each Pokémon
|rule|Item Clause: Limit 1 of each item
|clearpoke
|poke|p1|Glimmora, L50, M|
|poke|p1|Staraptor, L50, F|
|poke|p1|Whimsicott, L50, M|
|poke|p1|Weavile, L50, F|
|poke|p1|Incineroar, L50, F|
|poke|p1|Skeledirge, L50, F|
|poke|p2|Blaziken, L50, F|
|poke|p2|Venusaur, L50, F|
|poke|p2|Ninetales-Alola, L50, M|
|poke|p2|Dragonite, L50, M|
|poke|p2|Kingambit, L50, F|
|poke|p2|Basculegion, L50, M|
|teampreview|4
|showteam|p1|Glimmora||Glimmoranite|ToxicDebris|PowerGem,EarthPower,SludgeBomb,SpikyShield|Modest||M|||50|]Staraptor||Staraptite|Intimidate|CloseCombat,BraveBird,Roost,Protect|Adamant||F|||50|]Whimsicott||MentalHerb|Prankster|Tailwind,SunnyDay,Moonblast,Charm|Bold||M|||50|]Weavile||FocusSash|Pressure|FakeOut,IceSpinner,KnockOff,IceShard|Jolly||F|||50|]Incineroar||SitrusBerry|Intimidate|FakeOut,FlareBlitz,DarkestLariat,PartingShot|Adamant||F|||50|]Skeledirge||Leftovers|Unaware|TorchSong,HeatWave,ShadowBall,Protect|Serious||F|||50|
|showteam|p2|Blaziken||Blazikenite|SpeedBoost|Protect,FlareBlitz,CloseCombat,RockSlide|Adamant||F|||50|]Venusaur||Venusaurite|Chlorophyll|Protect,EarthPower,SludgeBomb,GigaDrain|Modest||F|||50|]Ninetales-Alola||NeverMeltIce|SnowWarning|Protect,Blizzard,FreezeDry,Encore|Timid||M|||50|]Dragonite||LifeOrb|InnerFocus|Protect,ExtremeSpeed,DragonClaw,LowKick|Adamant||M|||50|]Kingambit||BlackGlasses|Defiant|Protect,KowtowCleave,SuckerPunch,IronHead|Adamant||F|||50|]Basculegion||ChoiceScarf|Adaptability|WaveCrash,FlipTurn,AquaJet,LastRespects|Jolly||M|||50|
|inactive|Battle timer is ON: inactive players will automatically lose when time's up. (requested by mocha gob)
|inactive|VenusaurBot has 60 seconds left.
|
|t:|1784236982
|teamsize|p1|4
|teamsize|p2|4
|start
|switch|p1a: Staraptor|Staraptor, L50, F|100/100
|switch|p1b: Whimsicott|Whimsicott, L50, M|100/100
|switch|p2a: Venusaur|Venusaur, L50, F|100/100
|switch|p2b: Basculegion|Basculegion, L50, M|100/100
|-ability|p1a: Staraptor|Intimidate|boost
|-unboost|p2a: Venusaur|atk|1
|-unboost|p2b: Basculegion|atk|1
|turn|1
|inactive|mocha gob has 30 seconds left.
|inactive|VenusaurBot has 30 seconds left.
|
|t:|1784237011
|detailschange|p1a: Staraptor|Staraptor-Mega, L50, F
|-mega|p1a: Staraptor|Staraptor|Staraptite
|detailschange|p2a: Venusaur|Venusaur-Mega, L50, F
|-mega|p2a: Venusaur|Venusaur|Venusaurite
|move|p1b: Whimsicott|Tailwind|p1b: Whimsicott
|-sidestart|p1: mocha gob|move: Tailwind
|move|p1a: Staraptor|Brave Bird|p2b: Basculegion
|-damage|p2b: Basculegion|10/100
|-damage|p1a: Staraptor|69/100|[from] Recoil
|move|p2b: Basculegion|Wave Crash|p1a: Staraptor
|-damage|p1a: Staraptor|20/100y
|-damage|p2b: Basculegion|0 fnt|[from] Recoil
|faint|p2b: Basculegion
|move|p2a: Venusaur|Sludge Bomb|p1b: Whimsicott
|-supereffective|p1b: Whimsicott|2
|-damage|p1b: Whimsicott|0 fnt
|faint|p1b: Whimsicott
|
|upkeep
|inactive|VenusaurBot has 30 seconds left.
|
|t:|1784237037
|switch|p2b: Dragonite|Dragonite, L50, M|100/100
|switch|p1b: Incineroar|Incineroar, L50, F|100/100
|-ability|p1b: Incineroar|Intimidate|boost
|-unboost|p2a: Venusaur|atk|1
|-fail|p2b: Dragonite|unboost|Attack|[from] ability: Inner Focus|[of] p2b: Dragonite
|turn|2
|
|t:|1784237064
|move|p1b: Incineroar|Fake Out|p2a: Venusaur
|-damage|p2a: Venusaur|88/100
|move|p2b: Dragonite|Extreme Speed|p1a: Staraptor
|-damage|p1a: Staraptor|0 fnt
|faint|p1a: Staraptor
|-damage|p2b: Dragonite|90/100|[from] item: Life Orb
|cant|p2a: Venusaur|flinch
|
|upkeep
|
|t:|1784237070
|switch|p1a: Weavile|Weavile, L50, F|100/100
|-ability|p1a: Weavile|Pressure
|turn|3
|inactive|VenusaurBot has 30 seconds left.
|
|t:|1784237098
|switch|p2b: Ninetales|Ninetales-Alola, L50, M|100/100
|-weather|Snowscape|[from] ability: Snow Warning|[of] p2b: Ninetales
|move|p1a: Weavile|Fake Out|p2a: Venusaur
|-damage|p2a: Venusaur|77/100
|move|p1b: Incineroar|Darkest Lariat|p2b: Ninetales
|-resisted|p2b: Ninetales|1
|-damage|p2b: Ninetales|80/100
|cant|p2a: Venusaur|flinch
|
|-weather|Snowscape|[upkeep]
|upkeep
|turn|4
|inactive|VenusaurBot has 30 seconds left.
|
|t:|1784237127
|move|p2b: Ninetales|Protect|p2b: Ninetales
|-singleturn|p2b: Ninetales|Protect
|move|p2a: Venusaur|Protect|p2a: Venusaur
|-singleturn|p2a: Venusaur|Protect
|move|p1a: Weavile|Ice Spinner|p2a: Venusaur
|-activate|p2a: Venusaur|move: Protect
|move|p1b: Incineroar|Flare Blitz|p2b: Ninetales
|-activate|p2b: Ninetales|move: Protect
|
|-weather|Snowscape|[upkeep]
|-sideend|p1: mocha gob|move: Tailwind
|upkeep
|turn|5
|
|t:|1784237145
|move|p1a: Weavile|Ice Spinner|p2a: Venusaur
|-supereffective|p2a: Venusaur|1
|-damage|p2a: Venusaur|44/100
|move|p2b: Ninetales|Blizzard|p1b: Incineroar|[spread] p1a,p1b
|-resisted|p1a: Weavile|1
|-resisted|p1b: Incineroar|1
|-damage|p1a: Weavile|77/100
|-damage|p1b: Incineroar|86/100
|move|p2a: Venusaur|Sludge Bomb|p1b: Incineroar
|-damage|p1b: Incineroar|43/100
|-enditem|p1b: Incineroar|Sitrus Berry|[eat]
|-heal|p1b: Incineroar|68/100|[from] item: Sitrus Berry
|move|p1b: Incineroar|Flare Blitz|p2b: Ninetales
|-supereffective|p2b: Ninetales|1
|-damage|p2b: Ninetales|0 fnt
|faint|p2b: Ninetales
|-damage|p1b: Incineroar|47/100|[from] Recoil
|
|-weather|Snowscape|[upkeep]
|upkeep
|
|t:|1784237160
|switch|p2b: Dragonite|Dragonite, L50, M|90/100
|turn|6
|inactive|VenusaurBot has 30 seconds left.
|
|t:|1784237191
|move|p2b: Dragonite|Extreme Speed|p1a: Weavile
|-damage|p1a: Weavile|32/100
|-damage|p2b: Dragonite|80/100|[from] item: Life Orb
|move|p1a: Weavile|Ice Spinner|p2a: Venusaur
|-supereffective|p2a: Venusaur|1
|-crit|p2a: Venusaur
|-damage|p2a: Venusaur|0 fnt
|faint|p2a: Venusaur
|move|p1b: Incineroar|Flare Blitz|p2b: Dragonite
|-resisted|p2b: Dragonite|1
|-damage|p2b: Dragonite|45/100
|-damage|p1b: Incineroar|37/100|[from] Recoil
|
|-weather|Snowscape|[upkeep]
|upkeep
|turn|7
|
|t:|1784237212
|move|p2b: Dragonite|Extreme Speed|p1a: Weavile
|-damage|p1a: Weavile|0 fnt
|faint|p1a: Weavile
|-damage|p2b: Dragonite|36/100|[from] item: Life Orb
|move|p1b: Incineroar|Darkest Lariat|p2b: Dragonite
|-damage|p2b: Dragonite|0 fnt
|faint|p2b: Dragonite
|
|win|mocha gob
||VenusaurBot is ready for game 3.
||mocha gob is ready for game 3.
|uhtml|next|Next: Game 3 of 3
