|j|☆panijc
|j|☆kk1pper1314
|html|panijckk1pper1314    
|uhtml|bestof|Game 1 of a best-of-3
|t:|1785808989
|gametype|doubles
|player|p1|panijc|266|1214
|player|p2|kk1pper1314|170|1321
|gen|9
|tier|[Gen 9 Champions] VGC 2026 Reg M-B (Bo3)
|rated|
|rule|Species Clause: Limit one of each Pokémon
|rule|Item Clause: Limit 1 of each item
|clearpoke
|poke|p1|Raichu, L50, M|
|poke|p1|Mamoswine, L50, F|
|poke|p1|Sylveon, L50, F|
|poke|p1|Incineroar, L50, F|
|poke|p1|Basculegion, L50, M|
|poke|p1|Whimsicott, L50, M|
|poke|p2|Gardevoir, L50, F|
|poke|p2|Maushold-Four, L50|
|poke|p2|Talonflame, L50, F|
|poke|p2|Garchomp, L50, M|
|poke|p2|Kingambit, L50, F|
|poke|p2|Blastoise, L50, F|
|teampreview|4
|showteam|p1|Raichu||RaichuniteY|LightningRod|ZapCannon,FocusBlast,FakeOut,Protect|Timid||M|||50|]Mamoswine||LifeOrb|Oblivious|IcicleCrash,HighHorsepower,IceShard,Protect|Adamant||F|||50|]Sylveon||FairyFeather|Pixilate|HyperVoice,HyperBeam,Detect,Yawn|Modest||F|||50|]Incineroar||SitrusBerry|Intimidate|ThroatChop,FlareBlitz,FakeOut,PartingShot|Impish||F|||50|]Basculegion||MysticWater|Adaptability|WaveCrash,LastRespects,AquaJet,Protect|Adamant||M|||50|]Whimsicott||FocusSash|Prankster|Moonblast,Tailwind,Protect,Encore|Timid||M|||50|
|showteam|p2|Gardevoir||Gardevoirite|Trace|Protect,HyperVoice,Psyshock,TrickRoom|Modest||F|||50|]Maushold-Four||FocusSash|FriendGuard|Taunt,SuperFang,FollowMe,Protect|Jolly|||||50|]Talonflame|||GaleWings|Protect,Acrobatics,Tailwind,FlareBlitz|Jolly||F|||50|]Garchomp||LumBerry|RoughSkin|DragonClaw,Earthquake,Protect,RockSlide|Adamant||M|||50|]Kingambit||LifeOrb|Defiant|IronHead,KowtowCleave,SuckerPunch,Protect|Adamant||F|||50|]Blastoise||Blastoisinite|Torrent|WaterSpout,AuraSphere,DarkPulse,FakeOut|Modest||F|||50|
|inactive|Battle timer is ON: inactive players will automatically lose when time's up. (requested by kk1pper1314)
|inactive|kk1pper1314 has 60 seconds left.
|
|t:|1785809024
|teamsize|p1|4
|teamsize|p2|4
|start
|switch|p1a: Raichu|Raichu, L50, M|100/100
|switch|p1b: Mamoswine|Mamoswine, L50, F|100/100
|switch|p2a: Gardevoir|Gardevoir, L50, F|100/100
|switch|p2b: Maushold|Maushold-Four, L50|100/100
|-ability|p2a: Gardevoir|Lightning Rod|Trace|[from] ability: Trace|[of] p1a: Raichu
|turn|1
|inactive|panijc has 30 seconds left.
|inactive|panijc has 20 seconds left.
|inactive|panijc has 15 seconds left.
|
|t:|1785809065
|detailschange|p1a: Raichu|Raichu-Mega-Y, L50, M
|-mega|p1a: Raichu|Raichu|Raichunite Y
|detailschange|p2a: Gardevoir|Gardevoir-Mega, L50, F
|-mega|p2a: Gardevoir|Gardevoir|Gardevoirite
|move|p2b: Maushold|Protect|p2b: Maushold
|-singleturn|p2b: Maushold|Protect
|move|p2a: Gardevoir|Protect|p2a: Gardevoir
|-singleturn|p2a: Gardevoir|Protect
|move|p1a: Raichu|Fake Out|p2b: Maushold
|-activate|p2b: Maushold|move: Protect
|move|p1b: Mamoswine|High Horsepower|p2b: Maushold
|-activate|p2b: Maushold|move: Protect
|
|upkeep
|turn|2
|
|t:|1785809083
|move|p2b: Maushold|Follow Me|p2b: Maushold
|-singleturn|p2b: Maushold|move: Follow Me
|move|p1a: Raichu|Focus Blast|p2b: Maushold
|-supereffective|p2b: Maushold|1
|-enditem|p2b: Maushold|Focus Sash
|-damage|p2b: Maushold|1/100
|move|p1b: Mamoswine|Icicle Crash|p2b: Maushold|[miss]
|-miss|p1b: Mamoswine|p2b: Maushold
|move|p2a: Gardevoir|Hyper Voice|p1b: Mamoswine|[spread] p1a,p1b
|-damage|p1a: Raichu|17/100
|-damage|p1b: Mamoswine|22/100
|
|upkeep
|turn|3
|inactive|kk1pper1314 has 30 seconds left.
|
|t:|1785809109
|move|p2b: Maushold|Follow Me|p2b: Maushold
|-singleturn|p2b: Maushold|move: Follow Me
|move|p1b: Mamoswine|Ice Shard|p2b: Maushold
|-damage|p2b: Maushold|0 fnt
|faint|p2b: Maushold
|-damage|p1b: Mamoswine|13/100|[from] item: Life Orb
|move|p1a: Raichu|Zap Cannon|p2a: Gardevoir
|-damage|p2a: Gardevoir|37/100
|-status|p2a: Gardevoir|par
|move|p2a: Gardevoir|Trick Room|p2a: Gardevoir
|-fieldstart|move: Trick Room|[of] p2a: Gardevoir
|
|upkeep
|
|t:|1785809113
|switch|p2b: Kingambit|Kingambit, L50, F|100/100
|turn|4
|
|t:|1785809136
|move|p1a: Raichu|Protect|p1a: Raichu
|-singleturn|p1a: Raichu|Protect
|move|p2b: Kingambit|Sucker Punch|p1b: Mamoswine
|-damage|p1b: Mamoswine|0 fnt
|faint|p1b: Mamoswine
|-damage|p2b: Kingambit|90/100|[from] item: Life Orb
|move|p2a: Gardevoir|Hyper Voice|p1a: Raichu
|-activate|p1a: Raichu|move: Protect
|
|upkeep
|
|t:|1785809146
|switch|p1b: Sylveon|Sylveon, L50, F|100/100
|turn|5
|
|t:|1785809156
|move|p2a: Gardevoir|Hyper Voice|p1a: Raichu|[spread] p1a,p1b
|-damage|p1a: Raichu|0 fnt
|-damage|p1b: Sylveon|54/100
|faint|p1a: Raichu
|move|p2b: Kingambit|Iron Head|p1b: Sylveon
|-supereffective|p1b: Sylveon|1
|-damage|p1b: Sylveon|0 fnt
|faint|p1b: Sylveon
|-damage|p2b: Kingambit|80/100|[from] item: Life Orb
|
|upkeep
|
|t:|1785809166
|switch|p1b: Basculegion|Basculegion, L50, M|100/100
|turn|6
|inactive|kk1pper1314 has 30 seconds left.
|
|t:|1785809193
|move|p2b: Kingambit|Sucker Punch|p1b: Basculegion
|-supereffective|p1b: Basculegion|1
|-damage|p1b: Basculegion|0 fnt
|faint|p1b: Basculegion
|-damage|p2b: Kingambit|70/100|[from] item: Life Orb
|
|win|kk1pper1314
||kk1pper1314 is ready for game 2.
||panijc is ready for game 2.
|uhtml|next|Next: Game 2 of 3
