|j|☆ttsui234
|j|☆huanyu0.0
|html|ttsui234huanyu0.0    
|uhtml|bestof|Game 3 of a best-of-3
|t:|1784990047
|gametype|doubles
|player|p1|ttsui234|169|
|player|p2|huanyu0.0|102|
|gen|9
|tier|[Gen 9 Champions] VGC 2026 Reg M-B (Bo3)
|rule|Species Clause: Limit one of each Pokémon
|rule|Item Clause: Limit 1 of each item
|clearpoke
|poke|p1|Charizard, L50, F|
|poke|p1|Aerodactyl, L50, F|
|poke|p1|Sylveon, L50, F|
|poke|p1|Mamoswine, L50, M|
|poke|p1|Basculegion, L50, M|
|poke|p1|Incineroar, L50, F|
|poke|p2|Charizard, L50, M|
|poke|p2|Aerodactyl, L50, F|
|poke|p2|Garchomp, L50, F|
|poke|p2|Sylveon, L50, F|
|poke|p2|Kingambit, L50, M|
|poke|p2|Farigiraf, L50, M|
|teampreview|4
|showteam|p1|Charizard||CharizarditeY|Blaze|HeatWave,WeatherBall,SolarBeam,Protect|Modest||F|||50|]Aerodactyl||Aerodactylite|Unnerve|RockSlide,DualWingbeat,Tailwind,Protect|Jolly||F|||50|]Sylveon||FairyFeather|Pixilate|HyperVoice,QuickAttack,HyperBeam,Protect|Modest||F|||50|]Mamoswine||FocusSash|Oblivious|IcicleCrash,HighHorsepower,IceShard,Protect|Adamant||M|||50|]Basculegion||ChoiceScarf|Adaptability|LastRespects,WaveCrash,AquaJet,FlipTurn|Jolly||M|||50|]Incineroar||SitrusBerry|Intimidate|FlareBlitz,DarkestLariat,FakeOut,PartingShot|Adamant||F|||50|
|showteam|p2|Charizard||CharizarditeY|Blaze|HeatWave,WeatherBall,SolarBeam,Protect|Modest||M|||50|]Aerodactyl||Aerodactylite|Unnerve|RockSlide,DualWingbeat,Tailwind,IceFang|Jolly||F|||50|]Garchomp||LifeOrb|RoughSkin|DragonClaw,Earthquake,RockSlide,Protect|Jolly||F|||50|]Sylveon||FairyFeather|Pixilate|HyperVoice,HyperBeam,QuickAttack,Detect|Modest||F|||50|]Kingambit||FocusSash|Defiant|KowtowCleave,SuckerPunch,IronHead,LowKick|Adamant||M|||50|]Farigiraf||SitrusBerry|ArmorTail|Psychic,Thunderbolt,HelpingHand,TrickRoom|Bold||M|||50|
|inactive|Battle timer is ON: inactive players will automatically lose when time's up. (requested by huanyu0.0)
|inactive|ttsui234 has 60 seconds left.
|inactive|huanyu0.0 has 60 seconds left.
|inactive|ttsui234 has 30 seconds left.
|inactive|huanyu0.0 has 30 seconds left.
|inactive|ttsui234 has 20 seconds left.
|inactive|huanyu0.0 has 20 seconds left.
|inactive|ttsui234 has 15 seconds left.
|inactive|huanyu0.0 has 15 seconds left.
|inactive|ttsui234 has 10 seconds left.
|inactive|huanyu0.0 has 10 seconds left.
|inactive|ttsui234 has 5 seconds left.
|inactive|huanyu0.0 has 5 seconds left.
|
|t:|1784990138
|teamsize|p1|4
|teamsize|p2|4
|start
|switch|p1a: Mamoswine|Mamoswine, L50, M|100/100
|switch|p1b: Incineroar|Incineroar, L50, F|100/100
|switch|p2a: Aerodactyl|Aerodactyl, L50, F|100/100
|switch|p2b: Sylveon|Sylveon, L50, F|100/100
|-ability|p2a: Aerodactyl|Unnerve
|-ability|p1b: Incineroar|Intimidate|boost
|-unboost|p2a: Aerodactyl|atk|1
|-unboost|p2b: Sylveon|atk|1
|turn|1
|
|t:|1784990157
|detailschange|p2a: Aerodactyl|Aerodactyl-Mega, L50, F
|-mega|p2a: Aerodactyl|Aerodactyl|Aerodactylite
|move|p1b: Incineroar|Fake Out|p2b: Sylveon
|-damage|p2b: Sylveon|85/100
|move|p2a: Aerodactyl|Rock Slide|p1b: Incineroar|[spread] p1a,p1b
|-supereffective|p1b: Incineroar|1
|-damage|p1a: Mamoswine|80/100
|-damage|p1b: Incineroar|70/100
|cant|p1a: Mamoswine|flinch
|cant|p2b: Sylveon|flinch
|
|upkeep
|turn|2
|inactive|huanyu0.0 has 30 seconds left.
|
|t:|1784990186
|switch|p2a: Kingambit|Kingambit, L50, M|100/100
|move|p1a: Mamoswine|Protect|p1a: Mamoswine
|-singleturn|p1a: Mamoswine|Protect
|move|p2b: Sylveon|Hyper Voice|p1b: Incineroar|[spread] p1b
|-activate|p1a: Mamoswine|move: Protect
|-damage|p1b: Incineroar|29/100
|-enditem|p1b: Incineroar|Sitrus Berry|[eat]
|-heal|p1b: Incineroar|54/100|[from] item: Sitrus Berry
|move|p1b: Incineroar|Parting Shot|p2b: Sylveon
|-unboost|p2b: Sylveon|atk|1
|-unboost|p2b: Sylveon|spa|1
|
|t:|1784990200
|switch|p1b: Sylveon|Sylveon, L50, F|100/100|[from] Parting Shot
|
|upkeep
|turn|3
|inactive|huanyu0.0 has 30 seconds left.
|
|t:|1784990230
|switch|p2b: Farigiraf|Farigiraf, L50, M|100/100
|move|p1b: Sylveon|Protect|p1b: Sylveon
|-singleturn|p1b: Sylveon|Protect
|move|p1a: Mamoswine|High Horsepower|p2a: Kingambit
|-supereffective|p2a: Kingambit|1
|-damage|p2a: Kingambit|7/100
|move|p2a: Kingambit|Iron Head|p1b: Sylveon
|-activate|p1b: Sylveon|move: Protect
|
|upkeep
|turn|4
|inactive|ttsui234 has 30 seconds left.
|inactive|huanyu0.0 has 30 seconds left.
|inactive|ttsui234 has 20 seconds left.
|inactive|huanyu0.0 has 20 seconds left.
|inactive|ttsui234 has 15 seconds left.
|inactive|huanyu0.0 has 15 seconds left.
|inactive|ttsui234 has 10 seconds left.
|inactive|ttsui234 has 5 seconds left.
|
|t:|1784990283
|switch|p1b: Aerodactyl|Aerodactyl, L50, F|100/100
|-ability|p1b: Aerodactyl|Unnerve
|move|p2a: Kingambit|Sucker Punch|p1a: Mamoswine
|-damage|p1a: Mamoswine|31/100
|move|p1a: Mamoswine|High Horsepower|p2a: Kingambit
|-supereffective|p2a: Kingambit|1
|-damage|p2a: Kingambit|0 fnt
|faint|p2a: Kingambit
|move|p2b: Farigiraf|Trick Room|p2b: Farigiraf
|-fieldstart|move: Trick Room|[of] p2b: Farigiraf
|
|upkeep
|
|t:|1784990291
|switch|p2a: Sylveon|Sylveon, L50, F|85/100
|turn|5
|inactive|ttsui234 has 30 seconds left.
|inactive|ttsui234 has 20 seconds left.
|inactive|ttsui234 has 15 seconds left.
|inactive|ttsui234 has 10 seconds left.
|
|t:|1784990339
|move|p1b: Aerodactyl|Protect|p1b: Aerodactyl
|-singleturn|p1b: Aerodactyl|Protect
|move|p2b: Farigiraf|Thunderbolt|p1b: Aerodactyl
|-activate|p1b: Aerodactyl|move: Protect
|move|p2a: Sylveon|Hyper Voice|p1a: Mamoswine|[spread] p1a
|-activate|p1b: Aerodactyl|move: Protect
|-damage|p1a: Mamoswine|0 fnt
|faint|p1a: Mamoswine
|
|upkeep
|
|t:|1784990348
|switch|p1a: Sylveon|Sylveon, L50, F|100/100
|turn|6
|inactive|ttsui234 has 30 seconds left.
|inactive|huanyu0.0 has 30 seconds left.
|inactive|ttsui234 has 20 seconds left.
|inactive|ttsui234 has 15 seconds left.
|inactive|ttsui234 has 10 seconds left.
|
|t:|1784990396
|detailschange|p1b: Aerodactyl|Aerodactyl-Mega, L50, F
|-mega|p1b: Aerodactyl|Aerodactyl|Aerodactylite
|move|p2b: Farigiraf|Thunderbolt|p1b: Aerodactyl
|-supereffective|p1b: Aerodactyl|1
|-damage|p1b: Aerodactyl|53/100
|move|p1a: Sylveon|Hyper Beam|p2a: Sylveon
|-damage|p2a: Sylveon|0 fnt
|-mustrecharge|p1a: Sylveon
|faint|p2a: Sylveon
|move|p1b: Aerodactyl|Dual Wingbeat|p2b: Farigiraf
|-damage|p2b: Farigiraf|81/100
|-damage|p2b: Farigiraf|60/100
|-hitcount|p2b: Farigiraf|2
|
|upkeep
|
|t:|1784990407
|switch|p2a: Aerodactyl|Aerodactyl-Mega, L50, F|100/100
|turn|7
|inactive|ttsui234 has 30 seconds left.
|
|t:|1784990442
|switch|p1b: Incineroar|Incineroar, L50, F|54/100
|-ability|p1b: Incineroar|Intimidate|boost
|-unboost|p2a: Aerodactyl|atk|1
|-unboost|p2b: Farigiraf|atk|1
|move|p2b: Farigiraf|Helping Hand|p2a: Aerodactyl
|-singleturn|p2a: Aerodactyl|Helping Hand|[of] p2b: Farigiraf
|cant|p1a: Sylveon|recharge
|move|p2a: Aerodactyl|Rock Slide|p1b: Incineroar|[spread] p1a,p1b
|-supereffective|p1b: Incineroar|1
|-damage|p1a: Sylveon|67/100
|-damage|p1b: Incineroar|5/100
|
|upkeep
|turn|8
|inactive|ttsui234 has 30 seconds left.
|
|t:|1784990472
|move|p2b: Farigiraf|Psychic|p1a: Sylveon
|-damage|p1a: Sylveon|39/100
|move|p1b: Incineroar|Darkest Lariat|p2b: Farigiraf
|-supereffective|p2b: Farigiraf|1
|-damage|p2b: Farigiraf|1/100
|-enditem|p2b: Farigiraf|Sitrus Berry|[eat]
|-heal|p2b: Farigiraf|26/100|[from] item: Sitrus Berry
|move|p1a: Sylveon|Hyper Beam|p2a: Aerodactyl
|-damage|p2a: Aerodactyl|0 fnt
|-mustrecharge|p1a: Sylveon
|faint|p2a: Aerodactyl
|
|-fieldend|move: Trick Room
|upkeep
|turn|9
|
|t:|1784990484
|cant|p1a: Sylveon|recharge
|move|p1b: Incineroar|Flare Blitz|p2b: Farigiraf
|-damage|p2b: Farigiraf|0 fnt
|faint|p2b: Farigiraf
|-damage|p1b: Incineroar|0 fnt|[from] Recoil
|faint|p1b: Incineroar
|
|win|ttsui234
|l|☆ttsui234
|player|p1|
|j|☆ttsui234
|player|p1|ttsui234|169|
