|j|☆DawsonChris
|j|☆CEO of Crawdaunt
|html|DawsonChrisCEO of Crawdaunt    
|uhtml|bestof|Game 3 of a best-of-3
|t:|1756996763
|gametype|doubles
|player|p1|DawsonChris|artist-gen4|
|player|p2|CEO of Crawdaunt|parasollady|
|gen|9
|tier|[Gen 9] VGC 2025 Reg H (Bo3)
|rule|Species Clause: Limit one of each Pokémon
|rule|Item Clause: Limit 1 of each item
|clearpoke
|poke|p1|Ursaluna-Bloodmoon, L50, M|
|poke|p1|Electabuzz, L50, M|
|poke|p1|Sneasler, L50, M|
|poke|p1|Indeedee, L50, M|
|poke|p1|Whimsicott, L50, F|
|poke|p1|Typhlosion-Hisui, L50, F|
|poke|p2|Annihilape, L50, F|
|poke|p2|Garchomp, L50, F|
|poke|p2|Rotom-Heat, L50|
|poke|p2|Gholdengo, L50|
|poke|p2|Murkrow, L50, F|
|poke|p2|Indeedee, L50, M|
|teampreview|4
|showteam|p1|Ursaluna-Bloodmoon||LifeOrb|MindsEye|Protect,BloodMoon,EarthPower,HyperVoice|||M|||50|,,,,,Normal]Electabuzz||Eviolite|VitalSpirit|FollowMe,Taunt,Electroweb,Protect|||M|||50|,,,,,Dragon]Sneasler||PsychicSeed|Unburden|ThroatChop,DireClaw,CloseCombat,Protect|||M|||50|,,,,,Dark]Indeedee||FocusSash|PsychicSurge|ExpandingForce,TrickRoom,HelpingHand,Protect|||M|||50|,,,,,Psychic]Whimsicott||CovertCloak|Prankster|Tailwind,Moonblast,Encore,SunnyDay|||F|||50|,,,,,Ghost]Typhlosion-Hisui||ChoiceSpecs|Blaze|Eruption,ShadowBall,HeatWave,Flamethrower|||F|||50|,,,,,Fire
|showteam|p2|Annihilape||SitrusBerry|Defiant|CloseCombat,RageFist,DrainPunch,Protect|||F|||50|,,,,,Electric]Garchomp||LifeOrb|RoughSkin|Earthquake,RockSlide,DragonClaw,Protect|||F|||50|,,,,,Ground]Rotom-Heat||SafetyGoggles|Levitate|Discharge,Overheat,VoltSwitch,Protect||||||50|,,,,,Steel]Gholdengo||ChoiceSpecs|GoodasGold|MakeItRain,ShadowBall,Thunderbolt,PowerGem||||||50|,,,,,Steel]Murkrow||CovertCloak|Prankster|FoulPlay,Haze,Tailwind,Taunt|||F|||50|,,,,,Dark]Indeedee||FocusSash|PsychicSurge|ExpandingForce,Imprison,TrickRoom,Protect|||M|||50|,,,,,Psychic
|
|t:|1756996798
|teamsize|p1|4
|teamsize|p2|4
|start
|switch|p1a: Indeedee|Indeedee, L50, M|100/100
|switch|p1b: Ursaluna|Ursaluna-Bloodmoon, L50, M|100/100
|switch|p2a: FinchinatorVGC|Garchomp, L50, F|100/100
|switch|p2b: Mr. Crow|Murkrow, L50, F|100/100
|-fieldstart|move: Psychic Terrain|[from] ability: Psychic Surge|[of] p1a: Indeedee
|turn|1
|inactive|Battle timer is ON: inactive players will automatically lose when time's up. (requested by DawsonChris)
|
|t:|1756996815
|-terastallize|p1b: Ursaluna|Normal
|move|p2a: FinchinatorVGC|Protect|p2a: FinchinatorVGC
|-singleturn|p2a: FinchinatorVGC|Protect
|move|p1a: Indeedee|Expanding Force|p2a: FinchinatorVGC|[spread] 
|-activate|p2a: FinchinatorVGC|move: Protect
|-immune|p2b: Mr. Crow
|move|p2b: Mr. Crow|Foul Play|p1a: Indeedee
|-supereffective|p1a: Indeedee
|-damage|p1a: Indeedee|21/100
|move|p1b: Ursaluna|Hyper Voice|p2b: Mr. Crow|[spread] p2b
|-activate|p2a: FinchinatorVGC|move: Protect
|-damage|p2b: Mr. Crow|2/100
|-damage|p1b: Ursaluna|91/100|[from] item: Life Orb
|
|upkeep
|turn|2
|
|t:|1756996840
|move|p1b: Ursaluna|Protect|p1b: Ursaluna
|-singleturn|p1b: Ursaluna|Protect
|move|p2b: Mr. Crow|Tailwind|p2b: Mr. Crow
|-sidestart|p2: CEO of Crawdaunt|move: Tailwind
|move|p2a: FinchinatorVGC|Earthquake|p1a: Indeedee|[spread] p1a
|-activate|p1b: Ursaluna|move: Protect
|-immune|p2b: Mr. Crow
|-damage|p1a: Indeedee|0 fnt
|faint|p1a: Indeedee
|-damage|p2a: FinchinatorVGC|91/100|[from] item: Life Orb
|
|upkeep
|
|t:|1756996850
|switch|p1a: Sneasler|Sneasler, L50, M|100/100
|-enditem|p1a: Sneasler|Psychic Seed
|-boost|p1a: Sneasler|spd|1|[from] item: Psychic Seed
|turn|3
|
|t:|1756996869
|move|p2b: Mr. Crow|Haze|p2b: Mr. Crow
|-clearallboost
|move|p1a: Sneasler|Dire Claw|p2a: FinchinatorVGC
|-resisted|p2a: FinchinatorVGC
|-damage|p2a: FinchinatorVGC|67/100
|-status|p2a: FinchinatorVGC|slp
|-damage|p1a: Sneasler|88/100|[from] ability: Rough Skin|[of] p2a: FinchinatorVGC
|cant|p2a: FinchinatorVGC|slp
|move|p1b: Ursaluna|Hyper Voice|p2b: Mr. Crow|[spread] p2a,p2b
|-damage|p2a: FinchinatorVGC|0 fnt
|-damage|p2b: Mr. Crow|0 fnt
|faint|p2a: FinchinatorVGC
|faint|p2b: Mr. Crow
|-damage|p1b: Ursaluna|81/100|[from] item: Life Orb
|
|upkeep
|
|t:|1756996881
|switch|p2a: Literally me|Gholdengo, L50|100/100
|switch|p2b: Parsley|Indeedee, L50, M|100/100
|turn|4
|inactive|DawsonChris has 30 seconds left.
|
|t:|1756996908
|move|p1b: Ursaluna|Protect|p1b: Ursaluna
|-singleturn|p1b: Ursaluna|Protect
|move|p1a: Sneasler|Dire Claw|p2b: Parsley
|-damage|p2b: Parsley|12/100
|-status|p2b: Parsley|par
|move|p2a: Literally me|Make It Rain|p1a: Sneasler|[spread] p1a
|-activate|p1b: Ursaluna|move: Protect
|-damage|p1a: Sneasler|0 fnt
|-unboost|p2a: Literally me|spa|1
|faint|p1a: Sneasler
|move|p2b: Parsley|Expanding Force|p1b: Ursaluna
|-activate|p1b: Ursaluna|move: Protect
|
|upkeep
|
|t:|1756996923
|switch|p1a: Typhlosion|Typhlosion-Hisui, L50, F|100/100
|turn|5
|
|t:|1756996933
|-terastallize|p2a: Literally me|Steel
|move|p2a: Literally me|Make It Rain|p1b: Ursaluna|[spread] p1a,p1b
|-resisted|p1a: Typhlosion
|-damage|p1a: Typhlosion|51/100
|-damage|p1b: Ursaluna|0 fnt
|-unboost|p2a: Literally me|spa|1
|faint|p1b: Ursaluna
|move|p1a: Typhlosion|Eruption|p2a: Literally me|[spread] p2a,p2b
|-supereffective|p2a: Literally me
|-damage|p2a: Literally me|19/100
|-damage|p2b: Parsley|0 fnt
|faint|p2b: Parsley
|
|-sideend|p2: CEO of Crawdaunt|move: Tailwind
|-fieldend|move: Psychic Terrain
|upkeep
|turn|6
|
|t:|1756996947
|move|p1a: Typhlosion|Eruption|p2a: Literally me
|-supereffective|p2a: Literally me
|-damage|p2a: Literally me|0 fnt
|faint|p2a: Literally me
|
|win|DawsonChris
|c|☆CEO of Crawdaunt|gg
|c|☆DawsonChris|ggs
|l|☆CEO of Crawdaunt
|player|p2|
