|j|☆dont make me walk
|j|☆Lacossg
|html|dont make me walkLacossg    
|uhtml|bestof|Game 2 of a best-of-3
|t:|1754390839
|gametype|doubles
|player|p1|dont make me walk|red-masters3|1279
|player|p2|Lacossg|170|1266
|gen|9
|tier|[Gen 9] VGC 2025 Reg H (Bo3)
|rated|
|rule|Species Clause: Limit one of each Pokémon
|rule|Item Clause: Limit 1 of each item
|clearpoke
|poke|p1|Kommo-o, L50, F|
|poke|p1|Whimsicott, L50, M|
|poke|p1|Electabuzz, L50, F|
|poke|p1|Kingambit, L50, F|
|poke|p1|Tyranitar, L50, M|
|poke|p1|Excadrill, L50, F|
|poke|p2|Espathra, L50, M|
|poke|p2|Annihilape, L50, F|
|poke|p2|Amoonguss, L50, F|
|poke|p2|Typhlosion, L50, F|
|poke|p2|Indeedee-F, L50, F|
|poke|p2|Glimmora, L50, F|
|teampreview|4
|showteam|p1|Kommo-o||ThroatSpray|Overcoat|Protect,ClangorousSoul,ClangingScales,Flamethrower|||F|||50|,,,,,Fire]Whimsicott||CovertCloak|Prankster|Moonblast,Tailwind,Encore,Tickle|||M|||50|,,,,,Fire]Electabuzz||Eviolite|VitalSpirit|FollowMe,Thunderbolt,Taunt,Protect|||F|||50|,,,,,Ghost]Kingambit||BlackGlasses|Defiant|KowtowCleave,SuckerPunch,SwordsDance,Protect|||F|||50|,,,,,Dark]Tyranitar||ChoiceBand|SandStream|LowKick,KnockOff,TeraBlast,RockSlide|||M|||50|,,,,,Flying]Excadrill||ClearAmulet|SandRush|Protect,RockSlide,HighHorsepower,Earthquake|||F|||50|,,,,,Ghost
|showteam|p2|Espathra||FocusSash|SpeedBoost|LuminaCrash,Protect,ExpandingForce,DazzlingGleam|||M|||50|,,,,,Psychic]Annihilape||CovertCloak|Defiant|DrainPunch,RageFist,BulkUp,Protect|||F|||50|,,,,,Fairy]Amoonguss||RockyHelmet|Regenerator|Spore,Protect,SludgeBomb,RagePowder|||F|||50|,,,,,Water]Typhlosion||ChoiceSpecs|FlashFire|ScorchingSands,Eruption,HeatWave,ShadowBall|||F|||50|,,,,,Flying]Indeedee-F||PsychicSeed|PsychicSurge|DazzlingGleam,FollowMe,TrickRoom,HelpingHand|||F|||50|,,,,,Fairy]Glimmora||LifeOrb|ToxicDebris|SpikyShield,SludgeBomb,EarthPower,PowerGem|||F|||50|,,,,,Ground
|inactive|Battle timer is ON: inactive players will automatically lose when time's up. (requested by dont make me walk)
|l|☆Lacossg
|inactive|Lacossg disconnected and has a minute to reconnect!
|player|p2|
|j|☆Lacossg
|inactive|Lacossg reconnected and has 65 seconds left.
|player|p2|Lacossg|170|
|inactive|Lacossg has 60 seconds left.
|
|t:|1754390878
|teamsize|p1|4
|teamsize|p2|4
|start
|switch|p1a: Tyranitar|Tyranitar, L50, M|100/100
|switch|p1b: Excadrill|Excadrill, L50, F|100/100
|switch|p2a: Typhlosion|Typhlosion, L50, F|100/100
|switch|p2b: Indeedee|Indeedee-F, L50, F|100/100
|-weather|Sandstorm|[from] ability: Sand Stream|[of] p1a: Tyranitar
|-fieldstart|move: Psychic Terrain|[from] ability: Psychic Surge|[of] p2b: Indeedee
|-enditem|p2b: Indeedee|Psychic Seed
|-boost|p2b: Indeedee|spd|1|[from] item: Psychic Seed
|turn|1
|inactive|dont make me walk has 30 seconds left.
|
|t:|1754390907
|-terastallize|p2a: Typhlosion|Flying
|-terastallize|p1a: Tyranitar|Flying
|move|p2b: Indeedee|Helping Hand|p2a: Typhlosion
|-singleturn|p2a: Typhlosion|Helping Hand|[of] p2b: Indeedee
|move|p1b: Excadrill|Rock Slide|p2b: Indeedee|[spread] p2a,p2b
|-supereffective|p2a: Typhlosion
|-damage|p2a: Typhlosion|41/100
|-damage|p2b: Indeedee|81/100
|move|p2a: Typhlosion|Heat Wave|p1a: Tyranitar|[spread] p1a,p1b
|-supereffective|p1b: Excadrill
|-damage|p1a: Tyranitar|30/100
|-damage|p1b: Excadrill|0 fnt
|faint|p1b: Excadrill
|move|p1a: Tyranitar|Rock Slide|p2a: Typhlosion|[spread] p2a,p2b
|-supereffective|p2a: Typhlosion
|-damage|p2a: Typhlosion|0 fnt
|-damage|p2b: Indeedee|38/100
|faint|p2a: Typhlosion
|
|-weather|Sandstorm|[upkeep]
|-damage|p1a: Tyranitar|24/100|[from] Sandstorm
|-damage|p2b: Indeedee|32/100|[from] Sandstorm
|upkeep
|
|t:|1754390925
|switch|p2a: Annihilape|Annihilape, L50, F|100/100
|switch|p1b: Kingambit|Kingambit, L50, F|100/100
|turn|2
|
|t:|1754390938
|move|p2b: Indeedee|Follow Me|p2b: Indeedee
|-singleturn|p2b: Indeedee|move: Follow Me
|move|p2a: Annihilape|Rage Fist|p1a: Tyranitar
|-damage|p1a: Tyranitar|1/100
|move|p1a: Tyranitar|Rock Slide|p2b: Indeedee|[spread] p2a,p2b
|-resisted|p2a: Annihilape
|-damage|p2a: Annihilape|76/100
|-damage|p2b: Indeedee|0 fnt
|faint|p2b: Indeedee
|move|p1b: Kingambit|Kowtow Cleave|p2a: Annihilape
|-damage|p2a: Annihilape|16/100
|
|-weather|Sandstorm|[upkeep]
|-damage|p2a: Annihilape|10/100|[from] Sandstorm
|-damage|p1a: Tyranitar|0 fnt|[from] Sandstorm
|faint|p1a: Tyranitar
|upkeep
|
|t:|1754390947
|switch|p1a: Electabuzz|Electabuzz, L50, F|100/100
|switch|p2b: Amoonguss|Amoonguss, L50, F|100/100
|turn|3
|l|☆Lacossg
|inactive|Lacossg disconnected and has a minute to reconnect!
|player|p2|
|j|☆Lacossg
|inactive|Lacossg reconnected and has 35 seconds left.
|player|p2|Lacossg|170|
|inactive|Lacossg has 30 seconds left.
|
|t:|1754390978
|move|p1b: Kingambit|Protect|p1b: Kingambit
|-singleturn|p1b: Kingambit|Protect
|move|p2b: Amoonguss|Protect|p2b: Amoonguss
|-singleturn|p2b: Amoonguss|Protect
|move|p1a: Electabuzz|Taunt|p2b: Amoonguss
|-activate|p2b: Amoonguss|move: Protect
|move|p2a: Annihilape|Drain Punch|p1b: Kingambit
|-activate|p1b: Kingambit|move: Protect
|
|-weather|Sandstorm|[upkeep]
|-damage|p1a: Electabuzz|95/100|[from] Sandstorm
|-damage|p2a: Annihilape|4/100|[from] Sandstorm
|-damage|p2b: Amoonguss|95/100|[from] Sandstorm
|upkeep
|turn|4
|
|t:|1754390990
|move|p1a: Electabuzz|Follow Me|p1a: Electabuzz
|-singleturn|p1a: Electabuzz|move: Follow Me
|move|p2b: Amoonguss|Rage Powder|p2b: Amoonguss
|-singleturn|p2b: Amoonguss|move: Rage Powder
|move|p2a: Annihilape|Drain Punch|p1a: Electabuzz
|-damage|p1a: Electabuzz|66/100
|-heal|p2a: Annihilape|16/100|[from] drain|[of] p1a: Electabuzz
|move|p1b: Kingambit|Swords Dance|p1b: Kingambit
|-boost|p1b: Kingambit|atk|2
|
|-weather|Sandstorm|[upkeep]
|-damage|p1a: Electabuzz|60/100|[from] Sandstorm
|-damage|p2a: Annihilape|10/100|[from] Sandstorm
|-damage|p2b: Amoonguss|89/100|[from] Sandstorm
|upkeep
|turn|5
|l|☆Lacossg
|inactive|Lacossg disconnected and has a minute to reconnect!
|player|p2|
|j|☆Lacossg
|inactive|Lacossg reconnected and has 35 seconds left.
|player|p2|Lacossg|170|
|inactive|Lacossg has 30 seconds left.
|
|t:|1754391023
|move|p1a: Electabuzz|Follow Me|p1a: Electabuzz
|-singleturn|p1a: Electabuzz|move: Follow Me
|move|p2b: Amoonguss|Rage Powder|p2b: Amoonguss
|-singleturn|p2b: Amoonguss|move: Rage Powder
|move|p2a: Annihilape|Drain Punch|p1a: Electabuzz
|-damage|p1a: Electabuzz|34/100
|-heal|p2a: Annihilape|22/100|[from] drain|[of] p1a: Electabuzz
|move|p1b: Kingambit|Kowtow Cleave|p2b: Amoonguss
|-damage|p2b: Amoonguss|0 fnt
|-damage|p1b: Kingambit|84/100|[from] item: Rocky Helmet|[of] p2b: Amoonguss
|faint|p2b: Amoonguss
|
|-weather|none
|-fieldend|move: Psychic Terrain
|upkeep
|turn|6
|-message|Lacossg forfeited.
|
|win|dont make me walk
|raw|dont make me walk's rating: 1279 → 1303(+24 for winning)
|raw|Lacossg's rating: 1266 → 1242(-24 for losing)
|l|☆Lacossg
|player|p2|
