|j|☆TogoVGC
|j|☆CianMck18
|html|TogoVGCCianMck18    
|uhtml|bestof|Game 2 of a best-of-3
|t:|1757767247
|gametype|doubles
|player|p1|TogoVGC|scientist-gen4|1190
|player|p2|CianMck18|170|1175
|gen|9
|tier|[Gen 9] VGC 2025 Reg H (Bo3)
|rated|
|rule|Species Clause: Limit one of each Pokémon
|rule|Item Clause: Limit 1 of each item
|clearpoke
|poke|p1|Riolu, L50, M|
|poke|p1|Kingambit, L50, F|
|poke|p1|Scovillain, L50, F|
|poke|p1|Dragapult, L50, M|
|poke|p1|Porygon2, L50|
|poke|p1|Pincurchin, L50, M|
|poke|p2|Annihilape, L50, F|
|poke|p2|Sinistcha, L50|
|poke|p2|Maushold-Four, L50|
|poke|p2|Klefki, L50, F|
|poke|p2|Ursaluna-Bloodmoon, L50, M|
|poke|p2|Ninetales-Alola, L50, F|
|teampreview|4
|showteam|p1|Riolu||FocusSash|Prankster|CloseCombat,Coaching,QuickGuard,Copycat|||M|||50|,,,,,Dark]Kingambit||AssaultVest|Defiant|KowtowCleave,IronHead,SuckerPunch,StoneEdge|||F|||50|,,,,,Ghost]Scovillain||EjectPack|Moody|RagePowder,LeafStorm,TemperFlare,Protect|||F|||50|,,,,,Steel]Dragapult||ChoiceBand|ClearBody|DragonDarts,PhantomForce,TeraBlast,Uturn|||M|||50|,,,,,Fairy]Porygon2||Eviolite|Download|TeraBlast,IceBeam,TrickRoom,Recover||||||50|,,,,,Ground]Pincurchin||LifeOrb|ElectricSurge|HydroPump,Thunderbolt,MuddyWater,Protect|||M|||50|,,,,,Water
|showteam|p2|Annihilape||Leftovers|Defiant|Protect,BulkUp,DrainPunch,RageFist|||F|||50|,,,,,Fire]Sinistcha||SitrusBerry|Hospitality|MatchaGotcha,TrickRoom,LifeDew,RagePowder||||||50|,,,,,Water]Maushold-Four||SafetyGoggles|FriendGuard|FollowMe,Taunt,BeatUp,Protect||||||50|,,,,,Ghost]Klefki||LightClay|Prankster|Reflect,LightScreen,MistyTerrain,DazzlingGleam|||F|||50|,,,,,Ghost]Ursaluna-Bloodmoon||AssaultVest|MindsEye|BloodMoon,HyperVoice,EarthPower,VacuumWave|||M|||50|,,,,,Water]Ninetales-Alola||FocusSash|SnowWarning|Protect,Encore,FreezeDry,Blizzard|||F|||50|,,,,,Ghost
|inactive|Battle timer is ON: inactive players will automatically lose when time's up. (requested by CianMck18)
|inactive|TogoVGC has 60 seconds left.
|
|t:|1757767291
|teamsize|p1|4
|teamsize|p2|4
|start
|switch|p1a: Porygon2|Porygon2, L50|100/100
|switch|p1b: Riolu|Riolu, L50, M|100/100
|switch|p2a: Annihilape|Annihilape, L50, F, shiny|100/100
|switch|p2b: Maushold|Maushold-Four, L50|100/100
|-ability|p1a: Porygon2|Download|boost
|-boost|p1a: Porygon2|atk|1
|turn|1
|
|t:|1757767310
|move|p2b: Maushold|Taunt|p1a: Porygon2
|-start|p1a: Porygon2|move: Taunt
|move|p2a: Annihilape|Bulk Up|p2a: Annihilape
|-boost|p2a: Annihilape|atk|1
|-boost|p2a: Annihilape|def|1
|move|p1b: Riolu|Close Combat|p2b: Maushold
|-supereffective|p2b: Maushold
|-damage|p2b: Maushold|0 fnt
|-unboost|p1b: Riolu|def|1
|-unboost|p1b: Riolu|spd|1
|faint|p2b: Maushold
|cant|p1a: Porygon2|move: Taunt|Trick Room
|
|upkeep
|
|t:|1757767321
|switch|p2b: Ursaluna|Ursaluna-Bloodmoon, L50, M|100/100
|turn|2
|inactive|TogoVGC has 30 seconds left.
|inactive|TogoVGC has 20 seconds left.
|inactive|TogoVGC has 15 seconds left.
|
|t:|1757767364
|-terastallize|p2b: Ursaluna|Water
|-terastallize|p1a: Porygon2|Ground
|move|p2a: Annihilape|Bulk Up|p2a: Annihilape
|-boost|p2a: Annihilape|atk|1
|-boost|p2a: Annihilape|def|1
|move|p1b: Riolu|Close Combat|p2b: Ursaluna
|-damage|p2b: Ursaluna|68/100
|-unboost|p1b: Riolu|def|1
|-unboost|p1b: Riolu|spd|1
|move|p2b: Ursaluna|Hyper Voice|p1b: Riolu|[spread] p1a,p1b
|-damage|p1a: Porygon2|76/100
|-enditem|p1b: Riolu|Focus Sash
|-damage|p1b: Riolu|1/100
|move|p1a: Porygon2|Tera Blast|p2b: Ursaluna|[anim] Tera Blast Ground
|-damage|p2b: Ursaluna|39/100
|
|upkeep
|turn|3
|
|t:|1757767388
|move|p1b: Riolu|Coaching|p1a: Porygon2
|-boost|p1a: Porygon2|atk|1
|-boost|p1a: Porygon2|def|1
|move|p2b: Ursaluna|Vacuum Wave|p1b: Riolu
|-crit|p1b: Riolu
|-damage|p1b: Riolu|0 fnt
|faint|p1b: Riolu
|move|p2a: Annihilape|Drain Punch|p1a: Porygon2
|-crit|p1a: Porygon2
|-damage|p1a: Porygon2|16/100
|move|p1a: Porygon2|Tera Blast|p2b: Ursaluna|[anim] Tera Blast Ground
|-damage|p2b: Ursaluna|4/100
|
|-end|p1a: Porygon2|move: Taunt
|upkeep
|
|t:|1757767402
|switch|p1b: Scovillain|Scovillain, L50, F|100/100
|turn|4
|
|t:|1757767421
|move|p1b: Scovillain|Rage Powder|p1b: Scovillain
|-singleturn|p1b: Scovillain|move: Rage Powder
|move|p2b: Ursaluna|Vacuum Wave|p1b: Scovillain
|-damage|p1b: Scovillain|81/100
|move|p2a: Annihilape|Drain Punch|p1b: Scovillain
|-damage|p1b: Scovillain|0 fnt
|faint|p1b: Scovillain
|move|p1a: Porygon2|Recover|p1a: Porygon2
|-heal|p1a: Porygon2|66/100
|
|upkeep
|
|t:|1757767429
|switch|p1b: Pincurchin|Pincurchin, L50, M|100/100
|-fieldstart|move: Electric Terrain|[from] ability: Electric Surge|[of] p1b: Pincurchin
|turn|5
|
|t:|1757767437
|move|p1b: Pincurchin|Protect|p1b: Pincurchin
|-singleturn|p1b: Pincurchin|Protect
|move|p2b: Ursaluna|Vacuum Wave|p1b: Pincurchin
|-activate|p1b: Pincurchin|move: Protect
|move|p2a: Annihilape|Drain Punch|p1b: Pincurchin
|-activate|p1b: Pincurchin|move: Protect
|move|p1a: Porygon2|Trick Room|p1a: Porygon2
|-fieldstart|move: Trick Room|[of] p1a: Porygon2
|
|upkeep
|turn|6
|inactive|TogoVGC has 30 seconds left.
|inactive|TogoVGC has 20 seconds left.
|inactive|TogoVGC has 15 seconds left.
|inactive|TogoVGC has 10 seconds left.
|inactive|TogoVGC has 5 seconds left.
|
|t:|1757767489
|move|p2b: Ursaluna|Vacuum Wave|p1a: Porygon2
|-damage|p1a: Porygon2|56/100
|move|p1b: Pincurchin|Thunderbolt|p2a: Annihilape
|-damage|p2a: Annihilape|42/100
|-damage|p1b: Pincurchin|91/100|[from] item: Life Orb
|move|p1a: Porygon2|Tera Blast|p2b: Ursaluna|[anim] Tera Blast Ground
|-crit|p2b: Ursaluna
|-damage|p2b: Ursaluna|0 fnt
|faint|p2b: Ursaluna
|move|p2a: Annihilape|Drain Punch|p1a: Porygon2
|-damage|p1a: Porygon2|30/100
|-heal|p2a: Annihilape|53/100|[from] drain|[of] p1a: Porygon2
|
|-heal|p2a: Annihilape|59/100|[from] item: Leftovers
|upkeep
|
|t:|1757767502
|switch|p2b: Sinistcha|Sinistcha, L50|100/100
|-heal|p2a: Annihilape|84/100|[from] ability: Hospitality|[of] p2b: Sinistcha
|turn|7
|inactive|TogoVGC has 30 seconds left.
|inactive|TogoVGC has 20 seconds left.
|
|t:|1757767542
|move|p1b: Pincurchin|Protect|p1b: Pincurchin
|-singleturn|p1b: Pincurchin|Protect
|move|p1a: Porygon2|Recover|p1a: Porygon2
|-heal|p1a: Porygon2|80/100
|move|p2b: Sinistcha|Matcha Gotcha|p1b: Pincurchin|[spread] 
|-activate|p1b: Pincurchin|move: Protect
|-miss|p2b: Sinistcha|p1a: Porygon2
|move|p2a: Annihilape|Drain Punch|p1a: Porygon2
|-damage|p1a: Porygon2|48/100
|-heal|p2a: Annihilape|97/100|[from] drain|[of] p1a: Porygon2
|
|-heal|p2a: Annihilape|100/100|[from] item: Leftovers
|upkeep
|turn|8
|inactive|TogoVGC has 30 seconds left.
|
|t:|1757767567
|move|p1b: Pincurchin|Thunderbolt|p2a: Annihilape
|-damage|p2a: Annihilape|34/100
|-damage|p1b: Pincurchin|82/100|[from] item: Life Orb
|move|p1a: Porygon2|Tera Blast|p2a: Annihilape|[anim] Tera Blast Ground
|-damage|p2a: Annihilape|7/100
|move|p2b: Sinistcha|Matcha Gotcha|p1a: Porygon2|[spread] p1a,p1b
|-supereffective|p1a: Porygon2
|-damage|p1a: Porygon2|15/100
|-damage|p1b: Pincurchin|49/100
|move|p2a: Annihilape|Drain Punch|p1a: Porygon2
|-damage|p1a: Porygon2|0 fnt
|-heal|p2a: Annihilape|13/100|[from] drain|[of] p1a: Porygon2
|faint|p1a: Porygon2
|
|-heal|p2a: Annihilape|19/100|[from] item: Leftovers
|upkeep
|turn|9
|-message|TogoVGC forfeited.
|
|win|CianMck18
|raw|TogoVGC's rating: 1190 → 1164(-26 for losing)
|raw|CianMck18's rating: 1175 → 1201(+26 for winning)
|l|☆TogoVGC
|player|p1|
|l|☆CianMck18
|player|p2|
