|j|☆uglybeast
|j|☆Vurocz
|html|uglybeastVurocz    
|uhtml|bestof|Game 3 of a best-of-3
|t:|1756756339
|gametype|doubles
|player|p1|uglybeast|lucas|1319
|player|p2|Vurocz|veteran|1262
|gen|9
|tier|[Gen 9] VGC 2025 Reg H (Bo3)
|rated|
|rule|Species Clause: Limit one of each Pokémon
|rule|Item Clause: Limit 1 of each item
|clearpoke
|poke|p1|Murkrow, L50, F|
|poke|p1|Ursaluna-Bloodmoon, L50, M|
|poke|p1|Sneasler, L50, F|
|poke|p1|Dragapult, L50, F|
|poke|p1|Armarouge, L50, F|
|poke|p1|Indeedee-F, L50, F|
|poke|p2|Sneasler, L50, M|
|poke|p2|Ceruledge, L50, M|
|poke|p2|Kingambit, L50, F|
|poke|p2|Swampert, L50, F|
|poke|p2|Glaceon, L50, M|
|poke|p2|Ninetales-Alola, L50, F|
|teampreview|4
|showteam|p1|Murkrow||Eviolite|Prankster|Haze,SunnyDay,Tailwind,BraveBird|||F|||50|,,,,,Ghost]Ursaluna-Bloodmoon||LifeOrb|MindsEye|BloodMoon,HyperVoice,Protect,EarthPower|||M|||50|,,,,,Normal]Sneasler||PsychicSeed|Unburden|ThroatChop,DireClaw,CloseCombat,Protect|||F|||50|,,,,,Dark]Dragapult||ChoiceBand|ClearBody|DragonDarts,Outrage,Uturn,PhantomForce|||F|||50|,,,,,Dragon]Armarouge||PowerHerb|FlashFire|HeatWave,MeteorBeam,ExpandingForce,Protect|||F|||50|,,,,,Grass]Indeedee-F||RockyHelmet|PsychicSurge|DazzlingGleam,FollowMe,HelpingHand,TrickRoom|||F|||50|,,,,,Grass
|showteam|p2|Sneasler||FocusSash|Unburden|DireClaw,CloseCombat,Coaching,Protect|||M|||50|,,,,,Flying]Ceruledge||ClearAmulet|FlashFire|BitterBlade,ShadowSneak,Poltergeist,Protect|||M|||50|,,,,,Fairy]Kingambit||AssaultVest|Defiant|KowtowCleave,SuckerPunch,IronHead,LowKick|||F|||50|,,,,,Ghost]Swampert||LifeOrb|Torrent|Liquidation,Earthquake,WideGuard,Protect|||F|||50|,,,,,Poison]Glaceon||ChoiceSpecs|SnowCloak|Blizzard,FreezeDry,WeatherBall,TeraBlast|||M|||50|,,,,,Fire]Ninetales-Alola||CovertCloak|SnowWarning|Blizzard,Moonblast,AuroraVeil,Protect|||F|||50|,,,,,Water
|j| 13XH
|
|t:|1756756444
|teamsize|p1|4
|teamsize|p2|4
|start
|switch|p1a: Blade|Indeedee-F, L50, F|100/100
|switch|p1b: Giandam|Armarouge, L50, F|100/100
|switch|p2a: Glaceon|Glaceon, L50, M, shiny|100/100
|switch|p2b: Ninetales|Ninetales-Alola, L50, F|100/100
|-weather|Snowscape|[from] ability: Snow Warning|[of] p2b: Ninetales
|-fieldstart|move: Psychic Terrain|[from] ability: Psychic Surge|[of] p1a: Blade
|turn|1
|
|t:|1756756463
|move|p1a: Blade|Helping Hand|p1b: Giandam
|-singleturn|p1b: Giandam|Helping Hand|[of] p1a: Blade
|move|p2b: Ninetales|Aurora Veil|p2b: Ninetales
|-sidestart|p2: Vurocz|move: Aurora Veil
|move|p1b: Giandam|Meteor Beam||[still]
|-prepare|p1b: Giandam|Meteor Beam
|-boost|p1b: Giandam|spa|1
|-enditem|p1b: Giandam|Power Herb
|-anim|p1b: Giandam|Meteor Beam|p2a: Glaceon|[miss]
|-miss|p1b: Giandam|p2a: Glaceon
|move|p2a: Glaceon|Blizzard|p1a: Blade|[spread] p1a,p1b
|-resisted|p1b: Giandam
|-damage|p1a: Blade|41/100
|-damage|p1b: Giandam|58/100
|
|-weather|Snowscape|[upkeep]
|upkeep
|turn|2
|inactive|Battle timer is ON: inactive players will automatically lose when time's up. (requested by Vurocz)
|
|t:|1756756537
|move|p1b: Giandam|Protect|p1b: Giandam
|-singleturn|p1b: Giandam|Protect
|move|p2b: Ninetales|Blizzard|p1b: Giandam|[spread] p1a
|-activate|p1b: Giandam|move: Protect
|-damage|p1a: Blade|12/100
|move|p1a: Blade|Dazzling Gleam|p2b: Ninetales|[spread] p2a,p2b
|-damage|p2a: Glaceon|91/100
|-damage|p2b: Ninetales|90/100
|move|p2a: Glaceon|Blizzard|p1a: Blade|[spread] p1a
|-activate|p1b: Giandam|move: Protect
|-damage|p1a: Blade|0 fnt
|faint|p1a: Blade
|
|-weather|Snowscape|[upkeep]
|upkeep
|
|t:|1756756560
|switch|p1a: Anagnoman|Sneasler, L50, F|100/100
|-enditem|p1a: Anagnoman|Psychic Seed
|-boost|p1a: Anagnoman|spd|1|[from] item: Psychic Seed
|turn|3
|inactive|uglybeast has 30 seconds left.
|inactive|Vurocz has 30 seconds left.
|inactive|Vurocz has 20 seconds left.
|inactive|Vurocz has 15 seconds left.
|inactive|Vurocz has 10 seconds left.
|
|t:|1756756609
|move|p1a: Anagnoman|Dire Claw|p2a: Glaceon
|-damage|p2a: Glaceon|70/100
|move|p2b: Ninetales|Blizzard|p1b: Giandam|[spread] p1a,p1b
|-resisted|p1b: Giandam
|-damage|p1a: Anagnoman|75/100
|-damage|p1b: Giandam|37/100
|move|p1b: Giandam|Expanding Force|p2b: Ninetales|[spread] p2a,p2b
|-damage|p2a: Glaceon|4/100
|-damage|p2b: Ninetales|21/100
|move|p2a: Glaceon|Blizzard|p1b: Giandam|[spread] p1a,p1b
|-resisted|p1b: Giandam
|-damage|p1a: Anagnoman|17/100
|-damage|p1b: Giandam|0 fnt
|faint|p1b: Giandam
|
|-weather|Snowscape|[upkeep]
|upkeep
|
|t:|1756756620
|switch|p1b: Laz|Dragapult, L50, F|100/100
|turn|4
|
|t:|1756756634
|move|p2b: Ninetales|Protect|p2b: Ninetales
|-singleturn|p2b: Ninetales|Protect
|move|p1a: Anagnoman|Dire Claw|p2b: Ninetales
|-activate|p2b: Ninetales|move: Protect
|move|p1b: Laz|Dragon Darts|p2a: Glaceon
|-damage|p2a: Glaceon|0 fnt
|faint|p2a: Glaceon
|
|-weather|Snowscape|[upkeep]
|upkeep
|
|t:|1756756647
|switch|p2a: Ceruledge|Ceruledge, L50, M, shiny|100/100
|turn|5
|inactive|uglybeast has 30 seconds left.
|
|t:|1756756680
|-terastallize|p2a: Ceruledge|Fairy
|move|p1a: Anagnoman|Protect|p1a: Anagnoman
|-singleturn|p1a: Anagnoman|Protect
|move|p1b: Laz|Dragon Darts|p2a: Ceruledge
|move|p2b: Ninetales|Blizzard|p1a: Anagnoman|[spread] p1b
|-activate|p1a: Anagnoman|move: Protect
|-supereffective|p1b: Laz
|-damage|p1b: Laz|23/100
|-status|p1b: Laz|frz
|move|p2a: Ceruledge|Bitter Blade|p1a: Anagnoman
|-activate|p1a: Anagnoman|move: Protect
|
|-weather|none
|-sideend|p2: Vurocz|move: Aurora Veil
|-fieldend|move: Psychic Terrain
|upkeep
|turn|6
|
|t:|1756756704
|move|p2a: Ceruledge|Shadow Sneak|p1a: Anagnoman
|-damage|p1a: Anagnoman|0 fnt
|faint|p1a: Anagnoman
|cant|p1b: Laz|frz
|move|p2b: Ninetales|Moonblast|p1b: Laz
|-supereffective|p1b: Laz
|-damage|p1b: Laz|0 fnt
|faint|p1b: Laz
|
|win|Vurocz
|raw|uglybeast's rating: 1319 → 1296(-23 for losing)
|raw|Vurocz's rating: 1262 → 1291(+29 for winning)
