|j|☆ManBunVGC
|j|☆d1mo22
|html|ManBunVGCd1mo22    
|uhtml|bestof|Game 1 of a best-of-3
|t:|1785180020
|gametype|doubles
|player|p1|ManBunVGC|hilbert-masters|1284
|player|p2|d1mo22|skier|1309
|gen|9
|tier|[Gen 9 Champions] VGC 2026 Reg M-B (Bo3)
|rated|
|rule|Species Clause: Limit one of each Pokémon
|rule|Item Clause: Limit 1 of each item
|clearpoke
|poke|p1|Sneasler, L50, M, shiny|
|poke|p1|Garchomp, L50, F, shiny|
|poke|p1|Charizard, L50, M, shiny|
|poke|p1|Incineroar, L50, M, shiny|
|poke|p1|Kingambit, L50, M, shiny|
|poke|p1|Whimsicott, L50, M, shiny|
|poke|p2|Raichu, L50, M|
|poke|p2|Gyarados, L50, F, shiny|
|poke|p2|Mamoswine, L50, M|
|poke|p2|Ceruledge, L50, F|
|poke|p2|Sinistcha, L50|
|poke|p2|Kingambit, L50, M, shiny|
|teampreview|4
|showteam|p1|Sneasler||WhiteHerb|Unburden|CloseCombat,DireClaw,FakeOut,Protect|Adamant||M|||50|]Garchomp||LifeOrb|RoughSkin|Earthquake,RockSlide,DragonClaw,Protect|Jolly||F|||50|]Charizard||CharizarditeY|Blaze|HeatWave,SolarBeam,Overheat,Protect|Timid||M|||50|]Incineroar||SitrusBerry|Intimidate|FlareBlitz,ThroatChop,FakeOut,PartingShot|Careful||M|||50|]Kingambit||BlackGlasses|Defiant|SuckerPunch,KowtowCleave,SwordsDance,Protect|Adamant||M|||50|]Whimsicott||FocusSash|Prankster|Moonblast,Tailwind,Encore,Protect|Timid||M|||50|
|showteam|p2|Raichu||RaichuniteY|LightningRod|FakeOut,Encore,ZapCannon,FocusBlast|Timid||M|||50|]Gyarados||Gyaradosite|Intimidate|LashOut,Waterfall,DragonDance,Protect|Adamant||F|||50|]Mamoswine||LifeOrb|Oblivious|Protect,IcicleCrash,IceShard,HighHorsepower|Jolly||M|||50|]Ceruledge||ColburBerry|FlashFire|BitterBlade,ShadowSneak,BulkUp,Protect|Adamant||F|||50|]Sinistcha||SitrusBerry|Hospitality|Protect,RagePowder,MatchaGotcha,LifeDew|Bold|||||50|]Kingambit||FocusSash|Defiant|Protect,SuckerPunch,KowtowCleave,IronHead|Adamant||M|||50|
|inactive|Battle timer is ON: inactive players will automatically lose when time's up. (requested by d1mo22)
|inactive|ManBunVGC also wants the timer to be on.
|c|☆ManBunVGC|glhf
|inactive|ManBunVGC has 60 seconds left.
|inactive|d1mo22 has 60 seconds left.
|
|t:|1785180057
|teamsize|p1|4
|teamsize|p2|4
|start
|switch|p1a: Chillrend|Garchomp, L50, F, shiny|100/100
|switch|p1b: Dragonbane|Kingambit, L50, M, shiny|100/100
|switch|p2a: Mamoswine|Mamoswine, L50, M|100/100
|switch|p2b: Raichu|Raichu, L50, M|100/100
|turn|1
|
|t:|1785180079
|move|p1a: Chillrend|Protect|p1a: Chillrend
|-singleturn|p1a: Chillrend|Protect
|move|p2b: Raichu|Fake Out|p1b: Dragonbane
|-resisted|p1b: Dragonbane|1
|-damage|p1b: Dragonbane|97/100
|move|p2a: Mamoswine|Ice Shard|p1a: Chillrend
|-activate|p1a: Chillrend|move: Protect
|cant|p1b: Dragonbane|flinch
|
|upkeep
|turn|2
|
|t:|1785180093
|switch|p1a: Windshear|Whimsicott, L50, M, shiny|100/100
|detailschange|p2b: Raichu|Raichu-Mega-Y, L50, M
|-mega|p2b: Raichu|Raichu|Raichunite Y
|move|p2a: Mamoswine|Ice Shard|p1a: Windshear
|-supereffective|p1a: Windshear|1
|-damage|p1a: Windshear|12/100
|-damage|p2a: Mamoswine|90/100|[from] item: Life Orb
|move|p1b: Dragonbane|Sucker Punch|p2b: Raichu
|-damage|p2b: Raichu|20/100y
|move|p2b: Raichu|Focus Blast|p1b: Dragonbane
|-supereffective|p1b: Dragonbane|2
|-damage|p1b: Dragonbane|0 fnt
|faint|p1b: Dragonbane
|
|upkeep
|
|t:|1785180108
|switch|p1b: Dawnbreaker|Charizard, L50, M, shiny|100/100
|turn|3
|
|t:|1785180126
|detailschange|p1b: Dawnbreaker|Charizard-Mega-Y, L50, M, shiny
|-mega|p1b: Dawnbreaker|Charizard|Charizardite Y
|-weather|SunnyDay|[from] ability: Drought|[of] p1b: Dawnbreaker
|move|p1a: Windshear|Tailwind|p1a: Windshear
|-sidestart|p1: ManBunVGC|move: Tailwind
|move|p2a: Mamoswine|Ice Shard|p1a: Windshear
|-supereffective|p1a: Windshear|1
|-damage|p1a: Windshear|0 fnt
|faint|p1a: Windshear
|-damage|p2a: Mamoswine|80/100|[from] item: Life Orb
|move|p1b: Dawnbreaker|Heat Wave|p2b: Raichu|[spread] p2a,p2b
|-supereffective|p2a: Mamoswine|1
|-damage|p2a: Mamoswine|0 fnt
|-damage|p2b: Raichu|0 fnt
|faint|p2a: Mamoswine
|faint|p2b: Raichu
|
|-weather|SunnyDay|[upkeep]
|upkeep
|
|t:|1785180138
|switch|p2b: Gyarados|Gyarados, L50, F, shiny|100/100
|switch|p1a: Chillrend|Garchomp, L50, F, shiny|100/100
|switch|p2a: Ceruledge|Ceruledge, L50, F|100/100
|-ability|p2b: Gyarados|Intimidate|boost
|-unboost|p1a: Chillrend|atk|1
|-unboost|p1b: Dawnbreaker|atk|1
|turn|4
|
|t:|1785180151
|move|p2b: Gyarados|Protect|p2b: Gyarados
|-singleturn|p2b: Gyarados|Protect
|move|p1a: Chillrend|Earthquake|p2b: Gyarados|[spread] p2a
|-activate|p2b: Gyarados|move: Protect
|-immune|p1b: Dawnbreaker
|-supereffective|p2a: Ceruledge|1
|-damage|p2a: Ceruledge|18/100
|-damage|p1a: Chillrend|90/100|[from] item: Life Orb
|move|p1b: Dawnbreaker|Solar Beam||[still]
|-prepare|p1b: Dawnbreaker|Solar Beam
|-anim|p1b: Dawnbreaker|Solar Beam|p2b: Gyarados
|-activate|p2b: Gyarados|move: Protect
|move|p2a: Ceruledge|Bulk Up|p2a: Ceruledge
|-boost|p2a: Ceruledge|atk|1
|-boost|p2a: Ceruledge|def|1
|
|-weather|SunnyDay|[upkeep]
|upkeep
|turn|5
|
|t:|1785180162
|move|p2a: Ceruledge|Protect|p2a: Ceruledge
|-singleturn|p2a: Ceruledge|Protect
|move|p1a: Chillrend|Rock Slide|p2a: Ceruledge|[spread] 
|-activate|p2a: Ceruledge|move: Protect
|-miss|p1a: Chillrend|p2b: Gyarados
|move|p1b: Dawnbreaker|Solar Beam||[still]
|-prepare|p1b: Dawnbreaker|Solar Beam
|-anim|p1b: Dawnbreaker|Solar Beam|p2b: Gyarados
|-damage|p2b: Gyarados|53/100
|move|p2b: Gyarados|Waterfall|p1b: Dawnbreaker
|-supereffective|p1b: Dawnbreaker|1
|-damage|p1b: Dawnbreaker|48/100
|
|-weather|SunnyDay|[upkeep]
|upkeep
|turn|6
|
|t:|1785180179
|move|p1b: Dawnbreaker|Protect|p1b: Dawnbreaker
|-singleturn|p1b: Dawnbreaker|Protect
|move|p2a: Ceruledge|Shadow Sneak|p1a: Chillrend
|-damage|p1a: Chillrend|58/100
|-damage|p2a: Ceruledge|6/100|[from] ability: Rough Skin|[of] p1a: Chillrend
|move|p1a: Chillrend|Rock Slide|p2b: Gyarados|[spread] 
|-miss|p1a: Chillrend|p2a: Ceruledge
|-miss|p1a: Chillrend|p2b: Gyarados
|move|p2b: Gyarados|Lash Out|p1a: Chillrend
|-damage|p1a: Chillrend|34/100
|-damage|p2b: Gyarados|41/100|[from] ability: Rough Skin|[of] p1a: Chillrend
|
|-weather|SunnyDay|[upkeep]
|-sideend|p1: ManBunVGC|move: Tailwind
|upkeep
|turn|7
|
|t:|1785180200
|move|p2b: Gyarados|Protect|p2b: Gyarados
|-singleturn|p2b: Gyarados|Protect
|move|p2a: Ceruledge|Protect|p2a: Ceruledge
|-singleturn|p2a: Ceruledge|Protect
|move|p1a: Chillrend|Rock Slide|p2b: Gyarados|[spread] 
|-activate|p2a: Ceruledge|move: Protect
|-activate|p2b: Gyarados|move: Protect
|move|p1b: Dawnbreaker|Solar Beam||[still]
|-prepare|p1b: Dawnbreaker|Solar Beam
|-anim|p1b: Dawnbreaker|Solar Beam|p2b: Gyarados
|-activate|p2b: Gyarados|move: Protect
|
|-weather|none
|upkeep
|turn|8
|
|t:|1785180215
|move|p2a: Ceruledge|Shadow Sneak|p1a: Chillrend
|-damage|p1a: Chillrend|1/100
|-damage|p2a: Ceruledge|0 fnt|[from] ability: Rough Skin|[of] p1a: Chillrend
|faint|p2a: Ceruledge
|move|p1a: Chillrend|Rock Slide|p2b: Gyarados
|-supereffective|p2b: Gyarados|1
|-damage|p2b: Gyarados|0 fnt
|faint|p2b: Gyarados
|-damage|p1a: Chillrend|0 fnt|[from] item: Life Orb
|faint|p1a: Chillrend
|
|win|ManBunVGC
||ManBunVGC is ready for game 2.
