|j|☆BuffBuneary
|j|☆RosieAndJim
|html|BuffBunearyRosieAndJim    
|uhtml|bestof|Game 3 of a best-of-3
|t:|1756666485
|gametype|doubles
|player|p1|BuffBuneary|shauntal|1070
|player|p2|RosieAndJim|169|1135
|gen|9
|tier|[Gen 9] VGC 2025 Reg H (Bo3)
|rated|
|rule|Species Clause: Limit one of each Pokémon
|rule|Item Clause: Limit 1 of each item
|clearpoke
|poke|p1|Annihilape, L50, M|
|poke|p1|Ninetales-Alola, L50, F|
|poke|p1|Talonflame, L50, F|
|poke|p1|Garchomp, L50, M|
|poke|p1|Vivillon-Ocean, L50, F|
|poke|p1|Gholdengo, L50|
|poke|p2|Archaludon, L50, F|
|poke|p2|Garchomp, L50, M|
|poke|p2|Incineroar, L50, M|
|poke|p2|Pelipper, L50, M|
|poke|p2|Talonflame, L50, M|
|poke|p2|Rillaboom, L50, M|
|teampreview|4
|showteam|p1|Annihilape||SafetyGoggles|Defiant|RageFist,DrainPunch,BulkUp,Protect|||M|||50|,,,,,Water]Ninetales-Alola||CovertCloak|SnowWarning|Blizzard,FreezeDry,AuroraVeil,Protect|||F|||50|,,,,,Ice]Talonflame||SharpBeak|GaleWings|DualWingbeat,Tailwind,WillOWisp,Protect|||F|||50|,,,,,Ghost]Garchomp||LifeOrb|RoughSkin|Earthquake,StompingTantrum,DragonClaw,Protect|||M|||50|,,,,,Steel]Vivillon-Ocean||FocusSash|CompoundEyes|SleepPowder,Hurricane,RagePowder,Protect|||F|||50|,,,,,Ghost]Gholdengo||IronPlate|GoodasGold|MakeItRain,ShadowBall,NastyPlot,Protect||||||50|,,,,,Steel
|showteam|p2|Archaludon||AssaultVest|Stamina|ElectroShot,DragonPulse,BodyPress,Snarl|||F|||50|,,,,,Grass]Garchomp||LifeOrb|RoughSkin|Earthquake,DragonClaw,StompingTantrum,Protect|||M|||50|,,,,,Ground]Incineroar||SafetyGoggles|Intimidate|FlareBlitz,KnockOff,PartingShot,FakeOut|||M|||50|,,,,,Ghost]Pelipper||FocusSash|Drizzle|WeatherBall,Hurricane,Tailwind,Protect|||M|||50|,,,,,Stellar]Talonflame||CovertCloak|GaleWings|BraveBird,Tailwind,Taunt,RainDance|||M|||50|,,,,,Flying]Rillaboom||ChoiceBand|GrassySurge|WoodHammer,GrassyGlide,HighHorsepower,Uturn|||M|||50|,,,,,Fire
|inactive|Battle timer is ON: inactive players will automatically lose when time's up. (requested by RosieAndJim)
|
|t:|1756666526
|teamsize|p1|4
|teamsize|p2|4
|start
|switch|p1a: Talonflame|Talonflame, L50, F|100/100
|switch|p1b: Ninetales|Ninetales-Alola, L50, F, shiny|100/100
|switch|p2a: Talonflame|Talonflame, L50, M|100/100
|switch|p2b: Garchomp|Garchomp, L50, M|100/100
|-weather|Snowscape|[from] ability: Snow Warning|[of] p1b: Ninetales
|turn|1
|
|t:|1756666550
|move|p2b: Garchomp|Protect|p2b: Garchomp
|-singleturn|p2b: Garchomp|Protect
|move|p1a: Talonflame|Tailwind|p1a: Talonflame
|-sidestart|p1: BuffBuneary|move: Tailwind
|move|p1b: Ninetales|Blizzard|p2b: Garchomp|[spread] p2a
|-activate|p2b: Garchomp|move: Protect
|-damage|p2a: Talonflame|54/100
|move|p2a: Talonflame|Taunt|p1b: Ninetales
|-start|p1b: Ninetales|move: Taunt
|
|-weather|Snowscape|[upkeep]
|upkeep
|turn|2
|inactive|BuffBuneary has 30 seconds left.
|inactive|RosieAndJim has 30 seconds left.
|
|t:|1756666576
|switch|p1a: Annihilape|Annihilape, L50, M, shiny|100/100
|switch|p2b: Incineroar|Incineroar, L50, M|100/100
|-ability|p2b: Incineroar|Intimidate|boost
|-unboost|p1a: Annihilape|atk|1
|-ability|p1a: Annihilape|Defiant|boost
|-boost|p1a: Annihilape|atk|2
|-unboost|p1b: Ninetales|atk|1
|move|p1b: Ninetales|Blizzard|p2a: Talonflame|[spread] p2a,p2b
|-resisted|p2b: Incineroar
|-damage|p2a: Talonflame|6/100
|-damage|p2b: Incineroar|90/100
|move|p2a: Talonflame|Tailwind|p2a: Talonflame
|-sidestart|p2: RosieAndJim|move: Tailwind
|
|-weather|Snowscape|[upkeep]
|upkeep
|turn|3
|inactive|BuffBuneary has 30 seconds left.
|inactive|RosieAndJim has 30 seconds left.
|inactive|BuffBuneary has 20 seconds left.
|inactive|RosieAndJim has 20 seconds left.
|inactive|BuffBuneary has 15 seconds left.
|
|t:|1756666618
|-terastallize|p2b: Incineroar|Ghost
|move|p2a: Talonflame|Brave Bird|p1a: Annihilape
|-supereffective|p1a: Annihilape
|-damage|p1a: Annihilape|8/100
|-damage|p2a: Talonflame|0 fnt|[from] Recoil
|faint|p2a: Talonflame
|move|p1b: Ninetales|Blizzard|p2b: Incineroar
|-damage|p2b: Incineroar|58/100
|move|p1a: Annihilape|Bulk Up|p1a: Annihilape
|-boost|p1a: Annihilape|atk|1
|-boost|p1a: Annihilape|def|1
|move|p2b: Incineroar|Flare Blitz|p1b: Ninetales
|-supereffective|p1b: Ninetales
|-damage|p1b: Ninetales|0 fnt
|faint|p1b: Ninetales
|-damage|p2b: Incineroar|33/100|[from] Recoil
|
|-weather|Snowscape|[upkeep]
|upkeep
|inactive|BuffBuneary has 30 seconds left.
|
|t:|1756666646
|switch|p2a: Garchomp|Garchomp, L50, M|100/100
|switch|p1b: Garchomp|Garchomp, L50, M|100/100
|turn|4
|
|t:|1756666667
|move|p2a: Garchomp|Protect|p2a: Garchomp
|-singleturn|p2a: Garchomp|Protect
|move|p1b: Garchomp|Dragon Claw|p2a: Garchomp
|-activate|p2a: Garchomp|move: Protect
|move|p1a: Annihilape|Rage Fist|p2b: Incineroar
|-supereffective|p2b: Incineroar
|-damage|p2b: Incineroar|0 fnt
|faint|p2b: Incineroar
|
|-weather|Snowscape|[upkeep]
|-sideend|p1: BuffBuneary|move: Tailwind
|upkeep
|
|t:|1756666678
|switch|p2b: Pelipper|Pelipper, L50, M|100/100
|-weather|RainDance|[from] ability: Drizzle|[of] p2b: Pelipper
|turn|5
|inactive|RosieAndJim has 30 seconds left.
|
|t:|1756666706
|move|p1b: Garchomp|Protect|p1b: Garchomp
|-singleturn|p1b: Garchomp|Protect
|move|p1a: Annihilape|Protect|p1a: Annihilape
|-singleturn|p1a: Annihilape|Protect
|move|p2a: Garchomp|Earthquake|p1b: Garchomp|[spread] 
|-activate|p1a: Annihilape|move: Protect
|-activate|p1b: Garchomp|move: Protect
|-immune|p2b: Pelipper
|move|p2b: Pelipper|Weather Ball|p1b: Garchomp
|-activate|p1b: Garchomp|move: Protect
|
|-weather|RainDance|[upkeep]
|-sideend|p2: RosieAndJim|move: Tailwind
|upkeep
|turn|6
|inactive|BuffBuneary has 30 seconds left.
|inactive|RosieAndJim has 30 seconds left.
|inactive|BuffBuneary has 20 seconds left.
|inactive|RosieAndJim has 20 seconds left.
|inactive|BuffBuneary has 15 seconds left.
|inactive|BuffBuneary has 10 seconds left.
|
|t:|1756666751
|move|p2a: Garchomp|Earthquake|p1b: Garchomp|[spread] p1a,p1b
|-immune|p2b: Pelipper
|-damage|p1a: Annihilape|0 fnt
|-damage|p1b: Garchomp|51/100
|faint|p1a: Annihilape
|-damage|p2a: Garchomp|91/100|[from] item: Life Orb
|move|p1b: Garchomp|Dragon Claw|p2a: Garchomp
|-supereffective|p2a: Garchomp
|-damage|p2a: Garchomp|0 fnt
|-damage|p1b: Garchomp|39/100|[from] ability: Rough Skin|[of] p2a: Garchomp
|faint|p2a: Garchomp
|-damage|p1b: Garchomp|29/100|[from] item: Life Orb
|move|p2b: Pelipper|Tailwind|p2b: Pelipper
|-sidestart|p2: RosieAndJim|move: Tailwind
|
|-weather|RainDance|[upkeep]
|upkeep
|
|t:|1756666765
|switch|p1a: Talonflame|Talonflame, L50, F|100/100
|turn|7
|
|t:|1756666786
|-terastallize|p1a: Talonflame|Ghost
|move|p1a: Talonflame|Tailwind|p1a: Talonflame
|-sidestart|p1: BuffBuneary|move: Tailwind
|move|p1b: Garchomp|Dragon Claw|p2b: Pelipper
|-damage|p2b: Pelipper|29/100
|-damage|p1b: Garchomp|20/100|[from] item: Life Orb
|move|p2b: Pelipper|Weather Ball|p1a: Talonflame
|-damage|p1a: Talonflame|0 fnt
|faint|p1a: Talonflame
|
|-weather|RainDance|[upkeep]
|upkeep
|turn|8
|
|t:|1756666803
|move|p1b: Garchomp|Dragon Claw|p2b: Pelipper
|-damage|p2b: Pelipper|0 fnt
|faint|p2b: Pelipper
|-damage|p1b: Garchomp|10/100|[from] item: Life Orb
|
|win|BuffBuneary
|raw|BuffBuneary's rating: 1070 → 1105(+35 for winning)
|raw|RosieAndJim's rating: 1135 → 1105(-30 for losing)
