|j|☆lordtentacle69
|j|☆sergio23perez
|html|lordtentacle69sergio23perez    
|uhtml|bestof|Game 1 of a best-of-3
|t:|1784875935
|gametype|doubles
|player|p1|lordtentacle69|corbeau|1333
|player|p2|sergio23perez|102|1322
|gen|9
|tier|[Gen 9 Champions] VGC 2026 Reg M-B (Bo3)
|rated|
|rule|Species Clause: Limit one of each Pokémon
|rule|Item Clause: Limit 1 of each item
|clearpoke
|poke|p1|Delphox, L50, M|
|poke|p1|Incineroar, L50, M|
|poke|p1|Maushold-Four, L50|
|poke|p1|Sinistcha, L50|
|poke|p1|Sneasler, L50, F|
|poke|p1|Blastoise, L50, M|
|poke|p2|Whimsicott, L50, F|
|poke|p2|Charizard, L50, M, shiny|
|poke|p2|Kingambit, L50, F|
|poke|p2|Floette-Eternal, L50, F|
|poke|p2|Garchomp, L50, M|
|poke|p2|Basculegion, L50, M|
|teampreview|4
|showteam|p1|Delphox||Delphoxite|Blaze|HeatWave,Psychic,NastyPlot,Protect|Timid||M|||50|]Incineroar||SitrusBerry|Intimidate|FakeOut,PartingShot,FlareBlitz,ThroatChop|Impish||M|||50|]Maushold-Four||ChopleBerry|FriendGuard|Feint,HelpingHand,Protect,FollowMe|Impish|||||50|]Sinistcha||ColburBerry|Hospitality|Protect,MatchaGotcha,TrickRoom,RagePowder|Bold|||||50|]Sneasler||FocusSash|PoisonTouch|CloseCombat,PoisonJab,QuickGuard,FakeOut|Adamant||F|||50|]Blastoise||Blastoisinite|RainDish|Protect,WaterSpout,DarkPulse,ShellSmash|Timid||M|||50|
|showteam|p2|Whimsicott||FocusSash|Prankster|Protect,Tailwind,Encore,Moonblast|Timid||F|||50|]Charizard||CharizarditeY|SolarPower|SolarBeam,HeatWave,Protect,WeatherBall|Timid||M|||50|]Kingambit||ChopleBerry|Defiant|Protect,SuckerPunch,KowtowCleave,LowKick|Adamant||F|||50|]Floette-Eternal||Floettite|FlowerVeil|LightofRuin,Moonblast,DazzlingGleam,Protect|Modest||F|||50|]Garchomp||LifeOrb|RoughSkin|RockSlide,Protect,DragonClaw,StompingTantrum|Jolly||M|||50|]Basculegion||ChoiceScarf|Adaptability|AquaJet,LastRespects,WaveCrash,FlipTurn|Jolly||M|||50|
|inactive|Battle timer is ON: inactive players will automatically lose when time's up. (requested by sergio23perez)
|
|t:|1784875956
|teamsize|p1|4
|teamsize|p2|4
|start
|switch|p1a: Unctober|Delphox, L50, M|100/100
|switch|p1b: Gochujang|Incineroar, L50, M|100/100
|switch|p2a: Kingambit|Kingambit, L50, F|100/100
|switch|p2b: Basculegion|Basculegion, L50, M|100/100
|-ability|p1b: Gochujang|Intimidate|boost
|-unboost|p2a: Kingambit|atk|1
|-ability|p2a: Kingambit|Defiant|boost
|-boost|p2a: Kingambit|atk|2
|-unboost|p2b: Basculegion|atk|1
|turn|1
|
|t:|1784875975
|detailschange|p1a: Unctober|Delphox-Mega, L50, M
|-mega|p1a: Unctober|Delphox|Delphoxite
|move|p1a: Unctober|Protect|p1a: Unctober
|-singleturn|p1a: Unctober|Protect
|move|p2b: Basculegion|Flip Turn|p1b: Gochujang
|-supereffective|p1b: Gochujang|1
|-crit|p1b: Gochujang
|-damage|p1b: Gochujang|4/100
|-enditem|p1b: Gochujang|Sitrus Berry|[eat]
|-heal|p1b: Gochujang|29/100|[from] item: Sitrus Berry
|
|t:|1784875985
|switch|p2b: Garchomp|Garchomp, L50, M|100/100|[from] Flip Turn
|move|p1b: Gochujang|Parting Shot|p2b: Garchomp
|-unboost|p2b: Garchomp|atk|1
|-unboost|p2b: Garchomp|spa|1
|
|t:|1784875992
|switch|p1b: MMCH|Maushold-Four, L50|100/100|[from] Parting Shot
|move|p2a: Kingambit|Low Kick|p1b: MMCH
|-supereffective|p1b: MMCH|1
|-enditem|p1b: MMCH|Chople Berry|[eat]
|-enditem|p1b: MMCH|Chople Berry|[weaken]
|-damage|p1b: MMCH|87/100
|
|upkeep
|turn|2
|
|t:|1784876008
|move|p1b: MMCH|Follow Me|p1b: MMCH
|-singleturn|p1b: MMCH|move: Follow Me
|move|p1a: Unctober|Nasty Plot|p1a: Unctober
|-boost|p1a: Unctober|spa|2
|move|p2b: Garchomp|Rock Slide|p1a: Unctober|[spread] p1a,p1b
|-supereffective|p1a: Unctober|1
|-damage|p1a: Unctober|66/100
|-damage|p1b: MMCH|69/100
|-damage|p2b: Garchomp|90/100|[from] item: Life Orb
|move|p2a: Kingambit|Kowtow Cleave|p1b: MMCH
|-damage|p1b: MMCH|0 fnt
|faint|p1b: MMCH
|
|upkeep
|
|t:|1784876020
|switch|p1b: Green Day|Sinistcha, L50|100/100
|-heal|p1a: Unctober|91/100|[from] ability: Hospitality|[of] p1b: Green Day
|turn|3
|
|t:|1784876039
|move|p2a: Kingambit|Protect|p2a: Kingambit
|-singleturn|p2a: Kingambit|Protect
|move|p1b: Green Day|Rage Powder|p1b: Green Day
|-singleturn|p1b: Green Day|move: Rage Powder
|move|p1a: Unctober|Heat Wave|p2b: Garchomp|[spread] p2b
|-activate|p2a: Kingambit|move: Protect
|-resisted|p2b: Garchomp|1
|-damage|p2b: Garchomp|48/100
|move|p2b: Garchomp|Rock Slide|p1b: Green Day|[spread] p1a,p1b
|-supereffective|p1a: Unctober|1
|-damage|p1a: Unctober|44/100
|-damage|p1b: Green Day|87/100
|-damage|p2b: Garchomp|38/100|[from] item: Life Orb
|
|upkeep
|turn|4
|
|t:|1784876058
|switch|p2a: Charizard|Charizard, L50, M, shiny|100/100
|move|p1b: Green Day|Rage Powder|p1b: Green Day
|-singleturn|p1b: Green Day|move: Rage Powder
|move|p1a: Unctober|Heat Wave|p2b: Garchomp|[spread] p2a,p2b
|-resisted|p2a: Charizard|1
|-resisted|p2b: Garchomp|1
|-damage|p2a: Charizard|46/100
|-damage|p2b: Garchomp|0 fnt
|faint|p2b: Garchomp
|
|upkeep
|
|t:|1784876070
|switch|p2b: Basculegion|Basculegion, L50, M|100/100
|turn|5
|
|t:|1784876085
|detailschange|p2a: Charizard|Charizard-Mega-Y, L50, M, shiny
|-mega|p2a: Charizard|Charizard|Charizardite Y
|-weather|SunnyDay|[from] ability: Drought|[of] p2a: Charizard
|move|p1b: Green Day|Rage Powder|p1b: Green Day
|-singleturn|p1b: Green Day|move: Rage Powder
|move|p2b: Basculegion|Last Respects|p1b: Green Day
|-supereffective|p1b: Green Day|1
|-damage|p1b: Green Day|0 fnt
|faint|p1b: Green Day
|move|p1a: Unctober|Psychic|p2b: Basculegion
|-damage|p2b: Basculegion|0 fnt
|faint|p2b: Basculegion
|move|p2a: Charizard|Weather Ball|p1a: Unctober
|-resisted|p1a: Unctober|1
|-damage|p1a: Unctober|5/100
|
|-weather|SunnyDay|[upkeep]
|upkeep
|
|t:|1784876100
|switch|p2b: Kingambit|Kingambit, L50, F|100/100
|switch|p1b: Gochujang|Incineroar, L50, M|29/100
|-ability|p1b: Gochujang|Intimidate|boost
|-unboost|p2a: Charizard|atk|1
|-unboost|p2b: Kingambit|atk|1
|-ability|p2b: Kingambit|Defiant|boost
|-boost|p2b: Kingambit|atk|2
|turn|6
|j| perecer trampa
|
|t:|1784876110
|move|p2a: Charizard|Protect|p2a: Charizard
|-singleturn|p2a: Charizard|Protect
|move|p2b: Kingambit|Protect|p2b: Kingambit
|-singleturn|p2b: Kingambit|Protect
|move|p1b: Gochujang|Fake Out|p2b: Kingambit
|-activate|p2b: Kingambit|move: Protect
|move|p1a: Unctober|Heat Wave|p2a: Charizard|[spread] 
|-activate|p2a: Charizard|move: Protect
|-activate|p2b: Kingambit|move: Protect
|
|-weather|SunnyDay|[upkeep]
|upkeep
|turn|7
|l| perecer trampa
|
|t:|1784876125
|move|p1a: Unctober|Protect|p1a: Unctober
|-singleturn|p1a: Unctober|Protect
|move|p2b: Kingambit|Sucker Punch||[still]
|-fail|p2b: Kingambit
|move|p2a: Charizard|Weather Ball|p1b: Gochujang
|-resisted|p1b: Gochujang|1
|-damage|p1b: Gochujang|0 fnt
|faint|p1b: Gochujang
|
|-weather|SunnyDay|[upkeep]
|upkeep
|turn|8
|-message|lordtentacle69 forfeited.
|
|win|sergio23perez
||lordtentacle69 is ready for game 2.
