|j|☆lolgz
|j|☆the bags12
|html|lolgzthe bags12    
|uhtml|bestof|Game 2 of a best-of-3
|t:|1784870143
|gametype|doubles
|player|p1|lolgz|dawn|1308
|player|p2|the bags12|falkner|1253
|gen|9
|tier|[Gen 9 Champions] VGC 2026 Reg M-B (Bo3)
|rated|
|rule|Species Clause: Limit one of each Pokémon
|rule|Item Clause: Limit 1 of each item
|clearpoke
|poke|p1|Blastoise, L50, M|
|poke|p1|Vivillon, L50, M|
|poke|p1|Farigiraf, L50, M|
|poke|p1|Gallade, L50, M|
|poke|p1|Kingambit, L50, M|
|poke|p1|Camerupt, L50, F|
|poke|p2|Staraptor, L50, M, shiny|
|poke|p2|Garchomp, L50, M, shiny|
|poke|p2|Basculegion, L50, M, shiny|
|poke|p2|Scizor, L50, M, shiny|
|poke|p2|Grimmsnarl, L50, M, shiny|
|poke|p2|Incineroar, L50, M, shiny|
|teampreview|4
|showteam|p1|Blastoise||Blastoisinite|Torrent|WaterSpout,DarkPulse,FakeOut,ShellSmash|Modest||M|||50|]Vivillon||ChoiceScarf|CompoundEyes|SleepPowder,RagePowder,Tailwind,Hurricane|Timid||M|||50|]Farigiraf||SitrusBerry|ArmorTail|TrickRoom,Psychic,HelpingHand,Protect|Relaxed||M|||50|]Gallade||IronBall|Sharpness|SacredSword,PsychoCut,LeafBlade,TrickRoom|Brave||M|||50|]Kingambit||LifeOrb|Defiant|SuckerPunch,KowtowCleave,IronHead,Protect|Brave||M|||50|]Camerupt||Cameruptite|MagmaArmor|HeatWave,EarthPower,AncientPower,Protect|Quiet||F|||50|
|showteam|p2|Staraptor||Staraptite|Intimidate|CloseCombat,DualWingbeat,Roost,Protect|Adamant||M|||50|]Garchomp||LifeOrb|RoughSkin|DragonClaw,Earthquake,IronHead,RockSlide|Adamant||M|||50|]Basculegion||ChoiceScarf|Adaptability|LastRespects,WaveCrash,AquaJet,FlipTurn|Jolly||M|||50|]Scizor||MetalCoat|Technician|Uturn,BulletPunch,KnockOff,CloseCombat|Brave||M|||50|]Grimmsnarl||LightClay|Prankster|PartingShot,ScaryFace,Reflect,LightScreen|Calm||M|||50|]Incineroar||Leftovers|Intimidate|FlareBlitz,PartingShot,FakeOut,DarkestLariat|Adamant||M|||50|
|inactive|Battle timer is ON: inactive players will automatically lose when time's up. (requested by the bags12)
|inactive|lolgz also wants the timer to be on.
|
|t:|1784870157
|teamsize|p1|4
|teamsize|p2|4
|start
|switch|p1a: Farigiraf|Farigiraf, L50, M|100/100
|switch|p1b: Kingambit|Kingambit, L50, M|100/100
|switch|p2a: Mighty Eagle|Staraptor, L50, M, shiny|100/100
|switch|p2b: Niczor|Scizor, L50, M, shiny|100/100
|-ability|p2a: Mighty Eagle|Intimidate|boost
|-unboost|p1a: Farigiraf|atk|1
|-unboost|p1b: Kingambit|atk|1
|-ability|p1b: Kingambit|Defiant|boost
|-boost|p1b: Kingambit|atk|2
|turn|1
|
|t:|1784870172
|detailschange|p2a: Mighty Eagle|Staraptor-Mega, L50, M, shiny
|-mega|p2a: Mighty Eagle|Staraptor|Staraptite
|move|p1a: Farigiraf|Protect|p1a: Farigiraf
|-singleturn|p1a: Farigiraf|Protect
|move|p2a: Mighty Eagle|Close Combat|p1a: Farigiraf
|-activate|p1a: Farigiraf|move: Protect
|move|p2b: Niczor|U-turn|p1a: Farigiraf
|-activate|p1a: Farigiraf|move: Protect
|move|p1b: Kingambit|Iron Head|p2a: Mighty Eagle
|-damage|p2a: Mighty Eagle|20/100y
|-damage|p1b: Kingambit|90/100|[from] item: Life Orb
|
|upkeep
|turn|2
|
|t:|1784870185
|move|p1b: Kingambit|Sucker Punch||[still]
|-fail|p1b: Kingambit
|move|p2a: Mighty Eagle|Roost|p2a: Mighty Eagle
|-heal|p2a: Mighty Eagle|70/100
|-singleturn|p2a: Mighty Eagle|move: Roost
|move|p2b: Niczor|Knock Off|p1a: Farigiraf
|-supereffective|p1a: Farigiraf|1
|-damage|p1a: Farigiraf|45/100
|-enditem|p1a: Farigiraf|Sitrus Berry|[from] move: Knock Off|[of] p2b: Niczor
|move|p1a: Farigiraf|Trick Room|p1a: Farigiraf
|-fieldstart|move: Trick Room|[of] p1a: Farigiraf
|
|upkeep
|turn|3
|
|t:|1784870192
|move|p2a: Mighty Eagle|Protect|p2a: Mighty Eagle
|-singleturn|p2a: Mighty Eagle|Protect
|move|p1b: Kingambit|Kowtow Cleave|p2b: Niczor
|-damage|p2b: Niczor|9/100
|-damage|p1b: Kingambit|80/100|[from] item: Life Orb
|move|p1a: Farigiraf|Psychic|p2a: Mighty Eagle
|-activate|p2a: Mighty Eagle|move: Protect
|move|p2b: Niczor|U-turn|p1a: Farigiraf
|-supereffective|p1a: Farigiraf|1
|-damage|p1a: Farigiraf|0 fnt
|faint|p1a: Farigiraf
|
|t:|1784870205
|switch|p2b: Incin|Incineroar, L50, M, shiny|100/100|[from] U-turn
|-ability|p2b: Incin|Intimidate|boost
|-unboost|p1b: Kingambit|atk|1
|-ability|p1b: Kingambit|Defiant|boost
|-boost|p1b: Kingambit|atk|2
|
|upkeep
|
|t:|1784870210
|switch|p1a: Camerupt|Camerupt, L50, F|100/100
|turn|4
|
|t:|1784870218
|detailschange|p1a: Camerupt|Camerupt-Mega, L50, F
|-mega|p1a: Camerupt|Camerupt|Cameruptite
|move|p1b: Kingambit|Protect|p1b: Kingambit
|-singleturn|p1b: Kingambit|Protect
|move|p2b: Incin|Fake Out|p1b: Kingambit
|-activate|p1b: Kingambit|move: Protect
|move|p1a: Camerupt|Heat Wave|p2b: Incin|[spread] p2a,p2b
|-resisted|p2b: Incin|1
|-damage|p2a: Mighty Eagle|18/100
|-damage|p2b: Incin|73/100
|move|p2a: Mighty Eagle|Close Combat|p1a: Camerupt
|-damage|p1a: Camerupt|25/100
|-boost|p2a: Mighty Eagle|def|1
|-boost|p2a: Mighty Eagle|spd|1
|
|-heal|p2b: Incin|79/100|[from] item: Leftovers
|upkeep
|turn|5
|
|t:|1784870235
|switch|p2b: Niczor|Scizor, L50, M, shiny|9/100
|move|p2a: Mighty Eagle|Protect|p2a: Mighty Eagle
|-singleturn|p2a: Mighty Eagle|Protect
|move|p1a: Camerupt|Earth Power|p2b: Niczor
|-damage|p2b: Niczor|0 fnt
|faint|p2b: Niczor
|move|p1b: Kingambit|Kowtow Cleave|p2a: Mighty Eagle
|-activate|p2a: Mighty Eagle|move: Protect
|
|upkeep
|
|t:|1784870237
|switch|p2b: Incin|Incineroar, L50, M, shiny|79/100
|-ability|p2b: Incin|Intimidate|boost
|-unboost|p1a: Camerupt|atk|1
|-unboost|p1b: Kingambit|atk|1
|-ability|p1b: Kingambit|Defiant|boost
|-boost|p1b: Kingambit|atk|2
|turn|6
|
|t:|1784870246
|move|p2b: Incin|Fake Out|p1b: Kingambit
|-resisted|p1b: Kingambit|1
|-damage|p1b: Kingambit|75/100
|move|p1a: Camerupt|Heat Wave|p2a: Mighty Eagle|[spread] p2a
|-miss|p1a: Camerupt|p2b: Incin
|-damage|p2a: Mighty Eagle|0 fnt
|faint|p2a: Mighty Eagle
|cant|p1b: Kingambit|flinch
|
|-heal|p2b: Incin|85/100|[from] item: Leftovers
|-fieldend|move: Trick Room
|upkeep
|
|t:|1784870249
|switch|p2a: fih|Basculegion, L50, M, shiny|100/100
|turn|7
|
|t:|1784870260
|move|p2a: fih|Aqua Jet|p1a: Camerupt
|-supereffective|p1a: Camerupt|2
|-damage|p1a: Camerupt|0 fnt
|faint|p1a: Camerupt
|move|p2b: Incin|Flare Blitz|p1b: Kingambit
|-supereffective|p1b: Kingambit|1
|-crit|p1b: Kingambit
|-damage|p1b: Kingambit|0 fnt
|faint|p1b: Kingambit
|-damage|p2b: Incin|57/100|[from] Recoil
|
|-heal|p2b: Incin|63/100|[from] item: Leftovers
|upkeep
|
|t:|1784870265
|switch|p1b: Gallade|Gallade, L50, M|100/100
|turn|8
|
|t:|1784870273
|move|p2a: fih|Aqua Jet|p1b: Gallade
|-damage|p1b: Gallade|63/100
|move|p2b: Incin|Flare Blitz|p1b: Gallade
|-damage|p1b: Gallade|0 fnt
|faint|p1b: Gallade
|-damage|p2b: Incin|44/100|[from] Recoil
|
|win|the bags12
