|j|☆AlphaBravoCola
|j|☆repo2
|html|AlphaBravoColarepo2    
|uhtml|bestof|Game 1 of a best-of-3
|t:|1785774676
|gametype|doubles
|player|p1|AlphaBravoCola|169|1099
|player|p2|repo2|pokemonrangerf|1162
|gen|9
|tier|[Gen 9 Champions] VGC 2026 Reg M-B (Bo3)
|rated|
|rule|Species Clause: Limit one of each Pokémon
|rule|Item Clause: Limit 1 of each item
|clearpoke
|poke|p1|Delphox, L50, M, shiny|
|poke|p1|Greninja, L50, F|
|poke|p1|Aerodactyl, L50, F, shiny|
|poke|p1|Metagross, L50, shiny|
|poke|p1|Ninetales, L50, F, shiny|
|poke|p1|Aurorus, L50, M, shiny|
|poke|p2|Staraptor, L50, F|
|poke|p2|Farigiraf, L50, F|
|poke|p2|Incineroar, L50, M|
|poke|p2|Floette-Eternal, L50, F|
|poke|p2|Excadrill, L50, M|
|poke|p2|Milotic, L50, M|
|teampreview|4
|showteam|p1|Delphox||Delphoxite|Blaze|CalmMind,Protect,HeatWave,Psychic|Modest||M|||50|]Greninja||Greninjite|Protean|Blizzard,DarkPulse,Surf,Protect|Timid||F|||50|]Aerodactyl||FocusSash|Unnerve|Tailwind,DualWingbeat,RockSlide,Earthquake|Jolly||F|||50|]Metagross||LifeOrb|ClearBody|BrickBreak,BulletPunch,ThunderPunch,Protect|Jolly|||||50|]Ninetales||Charcoal|Drought|HelpingHand,Roar,WeatherBall,Overheat|Timid||F|||50|]Aurorus||IcyRock|SnowWarning|AuroraVeil,AncientPower,Protect,Snowscape|Calm||M|||50|
|showteam|p2|Staraptor||ChoiceScarf|Intimidate|FinalGambit,CloseCombat,Uturn,BraveBird|Jolly||F|||50|]Farigiraf||SitrusBerry|ArmorTail|TrickRoom,Psychic,Thunderbolt,HelpingHand|Bold||F|||50|]Incineroar||FocusSash|Intimidate|FakeOut,PartingShot,FlareBlitz,ThroatChop|Adamant||M|||50|]Floette-Eternal||Floettite|FlowerVeil|DazzlingGleam,Protect,CalmMind,DrainingKiss|Modest||F|||50|]Excadrill||LifeOrb|MoldBreaker|IronHead,HighHorsepower,Protect,RockSlide|Jolly||M|||50|]Milotic||Leftovers|Competitive|MuddyWater,Hypnosis,Coil,Recover|Calm||M|||50|
|inactive|Battle timer is ON: inactive players will automatically lose when time's up. (requested by repo2)
|
|t:|1785774701
|teamsize|p1|4
|teamsize|p2|4
|start
|switch|p1a: Aerodactyl|Aerodactyl, L50, F, shiny|100/100
|switch|p1b: Metagross|Metagross, L50, shiny|100/100
|switch|p2a: Floette|Floette-Eternal, L50, F|100/100
|switch|p2b: Incineroar|Incineroar, L50, M|100/100
|-ability|p1a: Aerodactyl|Unnerve
|-ability|p2b: Incineroar|Intimidate|boost
|-unboost|p1a: Aerodactyl|atk|1
|-fail|p1b: Metagross|unboost|[from] ability: Clear Body|[of] p1b: Metagross
|turn|1
|inactive|AlphaBravoCola has 30 seconds left.
|inactive|AlphaBravoCola has 20 seconds left.
|
|t:|1785774741
|switch|p2a: Milotic|Milotic, L50, M|100/100
|move|p1b: Metagross|Bullet Punch|p2a: Milotic
|-resisted|p2a: Milotic|1
|-damage|p2a: Milotic|88/100
|-damage|p1b: Metagross|90/100|[from] item: Life Orb
|move|p1a: Aerodactyl|Tailwind|p1a: Aerodactyl
|-sidestart|p1: AlphaBravoCola|move: Tailwind
|move|p2b: Incineroar|Flare Blitz|p1b: Metagross
|-supereffective|p1b: Metagross|1
|-damage|p1b: Metagross|0 fnt
|faint|p1b: Metagross
|-damage|p2b: Incineroar|69/100|[from] Recoil
|
|-heal|p2a: Milotic|94/100|[from] item: Leftovers
|upkeep
|
|t:|1785774757
|switch|p1b: Aurorus|Aurorus, L50, M, shiny|100/100
|-weather|Snowscape|[from] ability: Snow Warning|[of] p1b: Aurorus
|turn|2
|
|t:|1785774765
|move|p1a: Aerodactyl|Rock Slide|p2a: Milotic|[spread] p2a,p2b
|-supereffective|p2b: Incineroar|1
|-damage|p2a: Milotic|80/100
|-damage|p2b: Incineroar|33/100
|move|p1b: Aurorus|Aurora Veil|p1b: Aurorus
|-sidestart|p1: AlphaBravoCola|move: Aurora Veil
|cant|p2b: Incineroar|flinch
|cant|p2a: Milotic|flinch
|
|-weather|Snowscape|[upkeep]
|-heal|p2a: Milotic|86/100|[from] item: Leftovers
|upkeep
|turn|3
|
|t:|1785774784
|move|p1a: Aerodactyl|Rock Slide|p2a: Milotic|[spread] p2b
|-miss|p1a: Aerodactyl|p2a: Milotic
|-supereffective|p2b: Incineroar|1
|-damage|p2b: Incineroar|0 fnt
|faint|p2b: Incineroar
|move|p1b: Aurorus|Ancient Power|p2a: Milotic
|-damage|p2a: Milotic|72/100
|move|p2a: Milotic|Muddy Water|p1b: Aurorus|[spread] p1a,p1b
|-supereffective|p1a: Aerodactyl|1
|-supereffective|p1b: Aurorus|1
|-damage|p1a: Aerodactyl|51/100
|-damage|p1b: Aurorus|82/100
|
|-weather|Snowscape|[upkeep]
|-heal|p2a: Milotic|78/100|[from] item: Leftovers
|upkeep
|
|t:|1785774789
|switch|p2b: Floette|Floette-Eternal, L50, F|100/100
|turn|4
|
|t:|1785774803
|detailschange|p2b: Floette|Floette-Mega, L50, F
|-mega|p2b: Floette|Floette|Floettite
|-ability|p2b: Floette|Fairy Aura
|move|p1a: Aerodactyl|Rock Slide|p2b: Floette|[spread] p2a,p2b
|-damage|p2a: Milotic|65/100
|-damage|p2b: Floette|82/100
|move|p1b: Aurorus|Ancient Power|p2a: Milotic
|-damage|p2a: Milotic|51/100
|-boost|p1b: Aurorus|atk|1
|-boost|p1b: Aurorus|def|1
|-boost|p1b: Aurorus|spa|1
|-boost|p1b: Aurorus|spd|1
|-boost|p1b: Aurorus|spe|1
|move|p2b: Floette|Dazzling Gleam|p1b: Aurorus|[spread] p1a,p1b
|-damage|p1a: Aerodactyl|7/100
|-damage|p1b: Aurorus|70/100
|move|p2a: Milotic|Coil|p2a: Milotic
|-boost|p2a: Milotic|atk|1
|-boost|p2a: Milotic|def|1
|-boost|p2a: Milotic|accuracy|1
|
|-weather|Snowscape|[upkeep]
|-heal|p2a: Milotic|57/100|[from] item: Leftovers
|-sideend|p1: AlphaBravoCola|move: Tailwind
|upkeep
|turn|5
|inactive|AlphaBravoCola has 30 seconds left.
|
|t:|1785774829
|move|p2b: Floette|Protect|p2b: Floette
|-singleturn|p2b: Floette|Protect
|move|p1a: Aerodactyl|Rock Slide|p2a: Milotic|[spread] p2a
|-activate|p2b: Floette|move: Protect
|-damage|p2a: Milotic|48/100
|move|p1b: Aurorus|Ancient Power|p2a: Milotic
|-damage|p2a: Milotic|28/100
|cant|p2a: Milotic|flinch
|
|-weather|Snowscape|[upkeep]
|-heal|p2a: Milotic|34/100|[from] item: Leftovers
|upkeep
|turn|6
|inactive|AlphaBravoCola has 30 seconds left.
|
|t:|1785774855
|move|p1a: Aerodactyl|Rock Slide|p2b: Floette|[spread] p2a,p2b
|-crit|p2a: Milotic
|-damage|p2a: Milotic|3/100
|-damage|p2b: Floette|65/100
|move|p2b: Floette|Dazzling Gleam|p1b: Aurorus|[spread] p1a,p1b
|-damage|p1a: Aerodactyl|0 fnt
|-damage|p1b: Aurorus|60/100
|faint|p1a: Aerodactyl
|move|p1b: Aurorus|Ancient Power|p2a: Milotic
|-damage|p2a: Milotic|0 fnt
|faint|p2a: Milotic
|
|-weather|Snowscape|[upkeep]
|-sideend|p1: AlphaBravoCola|move: Aurora Veil
|upkeep
|
|t:|1785774866
|switch|p1a: Greninja|Greninja, L50, F|100/100
|switch|p2a: Excadrill|Excadrill, L50, M|100/100
|-ability|p2a: Excadrill|Mold Breaker
|turn|7
|
|t:|1785774879
|detailschange|p1a: Greninja|Greninja-Mega, L50, F
|-mega|p1a: Greninja|Greninja|Greninjite
|move|p2a: Excadrill|Protect|p2a: Excadrill
|-singleturn|p2a: Excadrill|Protect
|move|p1a: Greninja|Surf|p2a: Excadrill|[spread] p1b,p2b
|-start|p1a: Greninja|typechange|Water|[from] ability: Protean
|-activate|p2a: Excadrill|move: Protect
|-supereffective|p1b: Aurorus|1
|-damage|p1b: Aurorus|33/100
|-damage|p2b: Floette|41/100
|move|p2b: Floette|Dazzling Gleam|p1b: Aurorus|[spread] p1a,p1b
|-damage|p1a: Greninja|37/100
|-damage|p1b: Aurorus|16/100
|move|p1b: Aurorus|Aurora Veil|p1b: Aurorus
|-sidestart|p1: AlphaBravoCola|move: Aurora Veil
|
|-weather|Snowscape|[upkeep]
|upkeep
|turn|8
|
|t:|1785774911
|move|p2b: Floette|Protect|p2b: Floette
|-singleturn|p2b: Floette|Protect
|move|p1a: Greninja|Blizzard|p2a: Excadrill|[spread] p2a
|-activate|p2b: Floette|move: Protect
|-damage|p2a: Excadrill|58/100
|move|p2a: Excadrill|High Horsepower|p1a: Greninja
|-damage|p1a: Greninja|0 fnt
|faint|p1a: Greninja
|-damage|p2a: Excadrill|48/100|[from] item: Life Orb
|move|p1b: Aurorus|Ancient Power|p2b: Floette
|-activate|p2b: Floette|move: Protect
|
|-weather|Snowscape|[upkeep]
|upkeep
|turn|9
|-message|AlphaBravoCola forfeited.
|
|win|repo2
|l|☆AlphaBravoCola
|player|p1|
||AlphaBravoCola is ready for game 2.
