|j|☆Megamoehre
|j|☆DrXJ13
|html|MegamoehreDrXJ13    
|uhtml|bestof|Game 2 of a best-of-3
|t:|1783267672
|gametype|doubles
|player|p1|Megamoehre|blackbelt-gen4dp|1317
|player|p2|DrXJ13|cyrus|1349
|gen|9
|tier|[Gen 9 Champions] VGC 2026 Reg M-B (Bo3)
|rated|
|rule|Species Clause: Limit one of each Pokémon
|rule|Item Clause: Limit 1 of each item
|clearpoke
|poke|p1|Grimmsnarl, L50, M|
|poke|p1|Swampert, L50, M|
|poke|p1|Pelipper, L50, M|
|poke|p1|Archaludon, L50, M|
|poke|p1|Sinistcha, L50|
|poke|p1|Metagross, L50, shiny|
|poke|p2|Froslass, L50, F|
|poke|p2|Sneasler, L50, F|
|poke|p2|Kingambit, L50, M|
|poke|p2|Scovillain, L50, F|
|poke|p2|Basculegion, L50, M|
|poke|p2|Lycanroc-Dusk, L50, M|
|teampreview|4
|showteam|p1|Grimmsnarl||LightClay|Prankster|FoulPlay,PartingShot,Reflect,LightScreen|Calm||M|||50|]Swampert||Swampertite|Damp|WaveCrash,Earthquake,IcePunch,Protect|Adamant||M|||50|]Pelipper||SitrusBerry|Drizzle|Hurricane,WeatherBall,Tailwind,WideGuard|Modest||M|||50|]Archaludon||Leftovers|Stamina|ElectroShot,DragonPulse,FlashCannon,Protect|Modest||M|||50|]Sinistcha||CobaBerry|Hospitality|MatchaGotcha,RagePowder,TrickRoom,Protect|Relaxed|||||50|]Metagross||Metagrossite|ClearBody|IronHead,PsychicFangs,BodyPress,Protect|Jolly|||||50|
|showteam|p2|Froslass||Froslassite|CursedBody|Blizzard,ShadowBall,AuroraVeil,Protect|Modest||F|||50|]Sneasler||WhiteHerb|Unburden|FakeOut,CloseCombat,DireClaw,Protect|Jolly||F|||50|]Kingambit||BlackGlasses|Defiant|SwordsDance,SuckerPunch,Protect,KowtowCleave|Adamant||M|||50|]Scovillain||Scovillainite|Moody|Overheat,GigaDrain,RagePowder,Protect|Bold||F|||50|]Basculegion||ChoiceScarf|Adaptability|AquaJet,FlipTurn,WaveCrash,LastRespects|Jolly||M|||50|]Lycanroc-Dusk||FocusSash|ToughClaws|Accelerock,CloseCombat,RockSlide,Protect|Adamant||M|||50|
|inactive|Battle timer is ON: inactive players will automatically lose when time's up. (requested by DrXJ13)
|inactive|Megamoehre has 60 seconds left.
|inactive|DrXJ13 has 60 seconds left.
|
|t:|1783267729
|teamsize|p1|4
|teamsize|p2|4
|start
|switch|p1a: Grimmsnarl|Grimmsnarl, L50, M|100/100
|switch|p1b: Swampert|Swampert, L50, M|100/100
|switch|p2a: Scovillain|Scovillain, L50, F|100/100
|switch|p2b: Kingambit|Kingambit, L50, M|100/100
|turn|1
|
|t:|1783267752
|detailschange|p2a: Scovillain|Scovillain-Mega, L50, F
|-mega|p2a: Scovillain|Scovillain|Scovillainite
|move|p1b: Swampert|Protect|p1b: Swampert
|-singleturn|p1b: Swampert|Protect
|move|p1a: Grimmsnarl|Reflect|p1a: Grimmsnarl
|-sidestart|p1: Megamoehre|Reflect
|move|p2a: Scovillain|Giga Drain|p1b: Swampert
|-activate|p1b: Swampert|move: Protect
|move|p2b: Kingambit|Swords Dance|p2b: Kingambit
|-boost|p2b: Kingambit|atk|2
|
|upkeep
|turn|2
|
|t:|1783267766
|detailschange|p1b: Swampert|Swampert-Mega, L50, M
|-mega|p1b: Swampert|Swampert|Swampertite
|move|p2b: Kingambit|Protect|p2b: Kingambit
|-singleturn|p2b: Kingambit|Protect
|move|p1a: Grimmsnarl|Parting Shot|p2a: Scovillain
|-unboost|p2a: Scovillain|atk|1
|-unboost|p2a: Scovillain|spa|1
|
|t:|1783267772
|switch|p1a: Pelipper|Pelipper, L50, M|100/100|[from] Parting Shot
|-weather|RainDance|[from] ability: Drizzle|[of] p1a: Pelipper
|move|p1b: Swampert|Earthquake|p2a: Scovillain|[spread] p2a
|-activate|p2b: Kingambit|move: Protect
|-immune|p1a: Pelipper
|-damage|p2a: Scovillain|52/100
|-status|p1b: Swampert|brn|[from] ability: Spicy Spray|[of] p2a: Scovillain
|move|p2a: Scovillain|Giga Drain|p1b: Swampert
|-supereffective|p1b: Swampert|2
|-damage|p1b: Swampert|15/100 brn
|-heal|p2a: Scovillain|98/100|[from] drain|[of] p1b: Swampert
|
|-weather|RainDance|[upkeep]
|-damage|p1b: Swampert|9/100 brn|[from] brn
|upkeep
|turn|3
|
|t:|1783267792
|switch|p1b: Archaludon|Archaludon, L50, M|100/100
|move|p2a: Scovillain|Protect|p2a: Scovillain
|-singleturn|p2a: Scovillain|Protect
|move|p2b: Kingambit|Sucker Punch|p1a: Pelipper
|-damage|p1a: Pelipper|33/100
|-enditem|p1a: Pelipper|Sitrus Berry|[eat]
|-heal|p1a: Pelipper|58/100|[from] item: Sitrus Berry
|move|p1a: Pelipper|Hurricane|p2a: Scovillain
|-activate|p2a: Scovillain|move: Protect
|
|-weather|RainDance|[upkeep]
|upkeep
|turn|4
|
|t:|1783267811
|move|p2a: Scovillain|Rage Powder|p2a: Scovillain
|-singleturn|p2a: Scovillain|move: Rage Powder
|move|p2b: Kingambit|Sucker Punch||[still]
|-fail|p2b: Kingambit
|move|p1b: Archaludon|Electro Shot||[still]
|-prepare|p1b: Archaludon|Electro Shot
|-boost|p1b: Archaludon|spa|1
|-anim|p1b: Archaludon|Electro Shot|p2a: Scovillain
|-resisted|p2a: Scovillain|1
|-damage|p2a: Scovillain|68/100
|-status|p1b: Archaludon|brn|[from] ability: Spicy Spray|[of] p2a: Scovillain
|move|p1a: Pelipper|Tailwind|p1a: Pelipper
|-sidestart|p1: Megamoehre|move: Tailwind
|
|-weather|RainDance|[upkeep]
|-damage|p1b: Archaludon|93/100 brn|[from] brn
|upkeep
|turn|5
|
|t:|1783267834
|switch|p1a: Grimmsnarl|Grimmsnarl, L50, M|100/100
|move|p2a: Scovillain|Protect|p2a: Scovillain
|-singleturn|p2a: Scovillain|Protect
|move|p2b: Kingambit|Protect|p2b: Kingambit
|-singleturn|p2b: Kingambit|Protect
|move|p1b: Archaludon|Electro Shot||[still]
|-prepare|p1b: Archaludon|Electro Shot
|-boost|p1b: Archaludon|spa|1
|-anim|p1b: Archaludon|Electro Shot|p2b: Kingambit
|-activate|p2b: Kingambit|move: Protect
|
|-weather|RainDance|[upkeep]
|-heal|p1b: Archaludon|100/100 brn|[from] item: Leftovers
|-damage|p1b: Archaludon|93/100 brn|[from] brn
|upkeep
|turn|6
|
|t:|1783267854
|move|p1b: Archaludon|Protect|p1b: Archaludon
|-singleturn|p1b: Archaludon|Protect
|move|p2a: Scovillain|Rage Powder|p2a: Scovillain
|-singleturn|p2a: Scovillain|move: Rage Powder
|move|p1a: Grimmsnarl|Foul Play|p2a: Scovillain
|-damage|p2a: Scovillain|43/100
|-status|p1a: Grimmsnarl|brn|[from] ability: Spicy Spray|[of] p2a: Scovillain
|move|p2b: Kingambit|Kowtow Cleave|p1b: Archaludon
|-activate|p1b: Archaludon|move: Protect
|
|-weather|none
|-heal|p1b: Archaludon|100/100 brn|[from] item: Leftovers
|-damage|p1b: Archaludon|93/100 brn|[from] brn
|-damage|p1a: Grimmsnarl|94/100 brn|[from] brn
|upkeep
|turn|7
|
|t:|1783267877
|move|p2a: Scovillain|Rage Powder|p2a: Scovillain
|-singleturn|p2a: Scovillain|move: Rage Powder
|move|p1b: Archaludon|Dragon Pulse|p2a: Scovillain
|-damage|p2a: Scovillain|0 fnt
|faint|p2a: Scovillain
|move|p1a: Grimmsnarl|Foul Play|p2b: Kingambit
|-resisted|p2b: Kingambit|1
|-damage|p2b: Kingambit|82/100
|move|p2b: Kingambit|Kowtow Cleave|p1b: Archaludon
|-damage|p1b: Archaludon|38/100 brn
|-ability|p1b: Archaludon|Stamina|boost
|-boost|p1b: Archaludon|def|1
|
|-heal|p1b: Archaludon|44/100 brn|[from] item: Leftovers
|-damage|p1b: Archaludon|38/100 brn|[from] brn
|-damage|p1a: Grimmsnarl|88/100 brn|[from] brn
|-sideend|p1: Megamoehre|move: Tailwind
|upkeep
|
|t:|1783267891
|switch|p2a: Sneasler|Sneasler, L50, F|100/100
|turn|8
|
|t:|1783267907
|move|p1b: Archaludon|Protect|p1b: Archaludon
|-singleturn|p1b: Archaludon|Protect
|move|p1a: Grimmsnarl|Light Screen|p1a: Grimmsnarl
|-sidestart|p1: Megamoehre|move: Light Screen
|move|p2a: Sneasler|Close Combat|p1b: Archaludon
|-activate|p1b: Archaludon|move: Protect
|move|p2b: Kingambit|Kowtow Cleave|p1a: Grimmsnarl
|-resisted|p1a: Grimmsnarl|2
|-damage|p1a: Grimmsnarl|69/100 brn
|
|-heal|p1b: Archaludon|44/100 brn|[from] item: Leftovers
|-damage|p1b: Archaludon|38/100 brn|[from] brn
|-damage|p1a: Grimmsnarl|63/100 brn|[from] brn
|-sideend|p1: Megamoehre|Reflect
|upkeep
|turn|9
|
|t:|1783267927
|move|p1a: Grimmsnarl|Reflect|p1a: Grimmsnarl
|-sidestart|p1: Megamoehre|Reflect
|move|p2a: Sneasler|Close Combat|p1b: Archaludon
|-supereffective|p1b: Archaludon|1
|-damage|p1b: Archaludon|4/100 brn
|-unboost|p2a: Sneasler|def|1
|-unboost|p2a: Sneasler|spd|1
|-ability|p1b: Archaludon|Stamina|boost
|-boost|p1b: Archaludon|def|1
|-enditem|p2a: Sneasler|White Herb
|-clearnegativeboost|p2a: Sneasler|[silent]
|move|p1b: Archaludon|Electro Shot||[still]
|-prepare|p1b: Archaludon|Electro Shot
|-boost|p1b: Archaludon|spa|1
|move|p2b: Kingambit|Kowtow Cleave|p1a: Grimmsnarl
|-resisted|p1a: Grimmsnarl|2
|-damage|p1a: Grimmsnarl|43/100 brn
|
|-heal|p1b: Archaludon|10/100 brn|[from] item: Leftovers
|-damage|p1b: Archaludon|4/100 brn|[from] brn
|-damage|p1a: Grimmsnarl|37/100 brn|[from] brn
|upkeep
|turn|10
|c|☆Megamoehre|Ups
|inactive|Megamoehre has 30 seconds left.
|
|t:|1783267952
|move|p1a: Grimmsnarl|Parting Shot|p2a: Sneasler
|-unboost|p2a: Sneasler|atk|1
|-unboost|p2a: Sneasler|spa|1
|
|t:|1783267957
|switch|p1a: Pelipper|Pelipper, L50, M|58/100|[from] Parting Shot
|-weather|RainDance|[from] ability: Drizzle|[of] p1a: Pelipper
|move|p2b: Kingambit|Sucker Punch|p1b: Archaludon
|-damage|p1b: Archaludon|0 fnt
|faint|p1b: Archaludon
|move|p2a: Sneasler|Dire Claw|p1a: Pelipper
|-damage|p1a: Pelipper|39/100
|
|-weather|RainDance|[upkeep]
|upkeep
|
|t:|1783267969
|switch|p1b: Grimmsnarl|Grimmsnarl, L50, M|37/100 brn
|turn|11
|
|t:|1783267981
|switch|p2a: Basculegion|Basculegion, L50, M|100/100
|move|p2b: Kingambit|Sucker Punch|p1a: Pelipper
|-damage|p1a: Pelipper|0 fnt
|faint|p1a: Pelipper
|move|p1b: Grimmsnarl|Foul Play|p2b: Kingambit
|-resisted|p2b: Kingambit|1
|-damage|p2b: Kingambit|64/100
|
|-weather|RainDance|[upkeep]
|-damage|p1b: Grimmsnarl|31/100 brn|[from] brn
|upkeep
|
|t:|1783267991
|switch|p1a: Swampert|Swampert-Mega, L50, M|9/100 brn
|turn|12
|
|t:|1783268001
|move|p1a: Swampert|Protect|p1a: Swampert
|-singleturn|p1a: Swampert|Protect
|move|p2a: Basculegion|Aqua Jet|p1b: Grimmsnarl
|-damage|p1b: Grimmsnarl|7/100 brn
|move|p2b: Kingambit|Sucker Punch||[still]
|-fail|p2b: Kingambit
|move|p1b: Grimmsnarl|Foul Play|p2a: Basculegion
|-supereffective|p2a: Basculegion|1
|-damage|p2a: Basculegion|52/100
|
|-weather|RainDance|[upkeep]
|-damage|p1a: Swampert|3/100 brn|[from] brn
|-damage|p1b: Grimmsnarl|1/100 brn|[from] brn
|upkeep
|turn|13
|inactive|DrXJ13 has 30 seconds left.
|
|t:|1783268026
|move|p2a: Basculegion|Aqua Jet|p1b: Grimmsnarl
|-damage|p1b: Grimmsnarl|0 fnt
|faint|p1b: Grimmsnarl
|move|p2b: Kingambit|Sucker Punch|p1a: Swampert
|-damage|p1a: Swampert|0 fnt
|faint|p1a: Swampert
|
|win|DrXJ13
