|j|☆neuesspielzeug
|j|☆ctjn17
|html|neuesspielzeugctjn17    
|uhtml|bestof|Game 2 of a best-of-3
|t:|1784521311
|gametype|doubles
|player|p1|neuesspielzeug|2|1223
|player|p2|ctjn17|101|1263
|gen|9
|tier|[Gen 9 Champions] VGC 2026 Reg M-B (Bo3)
|rated|
|rule|Species Clause: Limit one of each Pokémon
|rule|Item Clause: Limit 1 of each item
|clearpoke
|poke|p1|Scrafty, L50, M|
|poke|p1|Toxapex, L50, F|
|poke|p1|Metagross, L50|
|poke|p1|Chandelure, L50, M|
|poke|p1|Hydreigon, L50, F|
|poke|p1|Sneasler, L50, F|
|poke|p2|Milotic, L50, M|
|poke|p2|Scovillain, L50, M|
|poke|p2|Tyranitar, L50, F|
|poke|p2|Gholdengo, L50|
|poke|p2|Sneasler, L50, M|
|poke|p2|Hydreigon, L50, F|
|teampreview|4
|showteam|p1|Scrafty||Scraftinite|Intimidate|FakeOut,DrainPunch,KnockOff,PoisonJab|Careful||M|||50|]Toxapex||Leftovers|Regenerator|Infestation,Toxic,BanefulBunker,WideGuard|Bold||F|||50|]Metagross||Metagrossite|ClearBody|PsychicFangs,StompingTantrum,IcePunch,Protect|Jolly|||||50|]Chandelure||FocusSash|FlashFire|EnergyBall,HeatWave,ShadowBall,Protect|Timid||M|||50|]Hydreigon||ChoiceScarf|Levitate|DracoMeteor,Snarl,DarkPulse,EarthPower|Modest||F|||50|]Sneasler||LifeOrb|PoisonTouch|FakeOut,CloseCombat,DireClaw,Protect|Jolly||F|||50|
|showteam|p2|Milotic||SitrusBerry|Competitive|Scald,IcyWind,Haze,Protect|Modest||M|||50|]Scovillain||Scovillainite|Moody|RagePowder,Protect,Overheat,LeechSeed|Bold||M|||50|]Tyranitar||Tyranitarite|SandStream|RockSlide,KnockOff,HighHorsepower,Protect|Jolly||F|||50|]Gholdengo||LifeOrb|GoodasGold|MakeItRain,ShadowBall,NastyPlot,Protect|Modest|||||50|]Sneasler||WhiteHerb|Unburden|FakeOut,CloseCombat,DireClaw,Protect|Adamant||M|||50|]Hydreigon||ChoiceScarf|Levitate|DarkPulse,DracoMeteor,Snarl,EarthPower|Modest||F|||50|
|
|t:|1784521374
|teamsize|p1|4
|teamsize|p2|4
|start
|switch|p1a: Chandelure|Chandelure, L50, M|100/100
|switch|p1b: Sneasler|Sneasler, L50, F|100/100
|switch|p2a: Hydreigon|Hydreigon, L50, F|100/100
|switch|p2b: Scovillain|Scovillain, L50, M|100/100
|turn|1
|
|t:|1784521434
|detailschange|p2b: Scovillain|Scovillain-Mega, L50, M
|-mega|p2b: Scovillain|Scovillain|Scovillainite
|move|p1a: Chandelure|Protect|p1a: Chandelure
|-singleturn|p1a: Chandelure|Protect
|move|p2b: Scovillain|Rage Powder|p2b: Scovillain
|-singleturn|p2b: Scovillain|move: Rage Powder
|move|p2a: Hydreigon|Dark Pulse|p1a: Chandelure
|-activate|p1a: Chandelure|move: Protect
|move|p1b: Sneasler|Close Combat|p2b: Scovillain
|-damage|p2b: Scovillain|27/100
|-unboost|p1b: Sneasler|def|1
|-unboost|p1b: Sneasler|spd|1
|-status|p1b: Sneasler|brn|[from] ability: Spicy Spray|[of] p2b: Scovillain
|-damage|p1b: Sneasler|90/100 brn|[from] item: Life Orb
|
|-damage|p1b: Sneasler|84/100 brn|[from] brn
|upkeep
|turn|2
|
|t:|1784521472
|switch|p1a: Hydreigon|Hydreigon, L50, F|100/100
|switch|p2b: Milotic|Milotic, L50, M|100/100
|move|p1b: Sneasler|Protect|p1b: Sneasler
|-singleturn|p1b: Sneasler|Protect
|move|p2a: Hydreigon|Dark Pulse|p1a: Hydreigon
|-resisted|p1a: Hydreigon|1
|-damage|p1a: Hydreigon|74/100
|
|-damage|p1b: Sneasler|78/100 brn|[from] brn
|upkeep
|turn|3
|
|t:|1784521494
|switch|p2a: Scovillain|Scovillain-Mega, L50, M|27/100
|move|p1a: Hydreigon|Draco Meteor|p2b: Milotic
|-damage|p2b: Milotic|46/100
|-unboost|p1a: Hydreigon|spa|2
|-enditem|p2b: Milotic|Sitrus Berry|[eat]
|-heal|p2b: Milotic|70/100|[from] item: Sitrus Berry
|move|p1b: Sneasler|Dire Claw|p2b: Milotic
|-damage|p2b: Milotic|47/100
|-status|p2b: Milotic|psn|[from] ability: Poison Touch|[of] p1b: Sneasler
|-damage|p1b: Sneasler|69/100 brn|[from] item: Life Orb
|move|p2b: Milotic|Icy Wind|p1a: Hydreigon|[spread] 
|-miss|p2b: Milotic|p1a: Hydreigon
|-miss|p2b: Milotic|p1b: Sneasler
|
|-damage|p2b: Milotic|35/100 psn|[from] psn
|-damage|p1b: Sneasler|63/100 brn|[from] brn
|upkeep
|turn|4
|
|t:|1784521524
|move|p1a: Hydreigon|Draco Meteor|p2b: Milotic|[miss]
|-miss|p1a: Hydreigon|p2b: Milotic
|move|p1b: Sneasler|Dire Claw|p2a: Scovillain
|-supereffective|p2a: Scovillain|1
|-damage|p2a: Scovillain|0 fnt
|faint|p2a: Scovillain
|-damage|p1b: Sneasler|54/100 brn|[from] item: Life Orb
|move|p2b: Milotic|Icy Wind|p1b: Sneasler|[spread] p1a,p1b
|-supereffective|p1a: Hydreigon|1
|-damage|p1a: Hydreigon|47/100
|-damage|p1b: Sneasler|32/100 brn
|-unboost|p1a: Hydreigon|spe|1
|-unboost|p1b: Sneasler|spe|1
|
|-damage|p2b: Milotic|22/100 psn|[from] psn
|-damage|p1b: Sneasler|26/100 brn|[from] brn
|upkeep
|
|t:|1784521547
|switch|p2a: Hydreigon|Hydreigon, L50, F|100/100
|turn|5
|
|t:|1784521568
|move|p2a: Hydreigon|Earth Power|p1b: Sneasler
|-supereffective|p1b: Sneasler|1
|-damage|p1b: Sneasler|0 fnt
|faint|p1b: Sneasler
|move|p1a: Hydreigon|Draco Meteor|p2a: Hydreigon
|-supereffective|p2a: Hydreigon|1
|-damage|p2a: Hydreigon|7/100
|-unboost|p1a: Hydreigon|spa|2
|move|p2b: Milotic|Icy Wind|p1a: Hydreigon
|-supereffective|p1a: Hydreigon|1
|-damage|p1a: Hydreigon|11/100
|-unboost|p1a: Hydreigon|spe|1
|
|-damage|p2b: Milotic|10/100 psn|[from] psn
|upkeep
|
|t:|1784521586
|switch|p1b: Chandelure|Chandelure, L50, M|100/100
|turn|6
|
|t:|1784521596
|switch|p1a: Metagross|Metagross, L50|100/100
|move|p2a: Hydreigon|Earth Power|p1b: Chandelure
|-supereffective|p1b: Chandelure|1
|-damage|p1b: Chandelure|1/100
|move|p1b: Chandelure|Heat Wave|p2b: Milotic|[spread] p2b
|-miss|p1b: Chandelure|p2a: Hydreigon
|-resisted|p2b: Milotic|1
|-damage|p2b: Milotic|0 fnt
|faint|p2b: Milotic
|
|upkeep
|
|t:|1784521609
|switch|p2b: Gholdengo|Gholdengo, L50|100/100
|turn|7
|
|t:|1784521654
|detailschange|p1a: Metagross|Metagross-Mega, L50
|-mega|p1a: Metagross|Metagross|Metagrossite
|move|p1b: Chandelure|Protect|p1b: Chandelure
|-singleturn|p1b: Chandelure|Protect
|move|p2a: Hydreigon|Earth Power|p1a: Metagross
|-supereffective|p1a: Metagross|1
|-damage|p1a: Metagross|28/100
|move|p1a: Metagross|Ice Punch|p2a: Hydreigon
|-supereffective|p2a: Hydreigon|1
|-damage|p2a: Hydreigon|0 fnt
|faint|p2a: Hydreigon
|move|p2b: Gholdengo|Shadow Ball|p1a: Metagross
|-supereffective|p1a: Metagross|1
|-damage|p1a: Metagross|0 fnt
|faint|p1a: Metagross
|-damage|p2b: Gholdengo|90/100|[from] item: Life Orb
|
|upkeep
|
|t:|1784521665
|switch|p1a: Hydreigon|Hydreigon, L50, F|11/100
|turn|8
|
|t:|1784521673
|move|p1a: Hydreigon|Dark Pulse|p2b: Gholdengo
|-supereffective|p2b: Gholdengo|1
|-damage|p2b: Gholdengo|0 fnt
|faint|p2b: Gholdengo
|
|win|neuesspielzeug
