|j|☆liamj vgc!
|j|☆LynnLynnLynn
|html|liamj vgc!LynnLynnLynn    
|uhtml|bestof|Game 2 of a best-of-3
|t:|1783712129
|gametype|doubles
|player|p1|liamj vgc!|leon-tower|1261
|player|p2|LynnLynnLynn|iris-gen5bw2|1216
|gen|9
|tier|[Gen 9 Champions] VGC 2026 Reg M-B (Bo3)
|rated|
|rule|Species Clause: Limit one of each Pokémon
|rule|Item Clause: Limit 1 of each item
|clearpoke
|poke|p1|Venusaur, L50, M|
|poke|p1|Grimmsnarl, L50, M, shiny|
|poke|p1|Rotom-Wash, L50|
|poke|p1|Ceruledge, L50, M|
|poke|p1|Blastoise, L50, F|
|poke|p1|Farigiraf, L50, M|
|poke|p2|Mawile, L50, M, shiny|
|poke|p2|Charizard, L50, M|
|poke|p2|Farigiraf, L50, M|
|poke|p2|Aerodactyl, L50, F|
|poke|p2|Garchomp, L50, F|
|poke|p2|Sylveon, L50, F|
|teampreview|4
|showteam|p1|Venusaur||Venusaurite|Overgrow|GigaDrain,SludgeBomb,EarthPower,Protect|Modest||M|||50|]Grimmsnarl||LightClay|Prankster|FakeOut,LightScreen,Reflect,PartingShot|Impish||M|||50|]Rotom-Wash||SitrusBerry|Levitate|Thunderbolt,VoltSwitch,WillOWisp,Protect|Modest|||||50|]Ceruledge||ColburBerry|FlashFire|BitterBlade,ShadowSneak,BulkUp,Protect|Jolly||M|||50|]Blastoise||Blastoisinite|Torrent|WaterSpout,DarkPulse,FakeOut,Protect|Modest||F|||50|]Farigiraf||MentalHerb|ArmorTail|TrickRoom,HelpingHand,TwinBeam,RainDance|Bold||M|||50|
|showteam|p2|Mawile||Mawilite|HyperCutter|SuckerPunch,PlayRough,IronHead,Protect|Adamant||M|||50|]Charizard||CharizarditeY|Blaze|HeatWave,SolarBeam,WeatherBall,Protect|Modest||M|||50|]Farigiraf||SitrusBerry|ArmorTail|HyperVoice,Thunderbolt,TrickRoom,Protect|Quiet||M|||50|]Aerodactyl||FocusSash|Unnerve|Tailwind,RockSlide,DualWingbeat,WideGuard|Jolly||F|||50|]Garchomp||LifeOrb|RoughSkin|RockSlide,StompingTantrum,DragonClaw,Protect|Jolly||F|||50|]Sylveon||FairyFeather|Pixilate|HyperVoice,QuickAttack,Yawn,Protect|Modest||F|||50|
|inactive|Battle timer is ON: inactive players will automatically lose when time's up. (requested by liamj vgc!)
|
|t:|1783712144
|teamsize|p1|4
|teamsize|p2|4
|start
|switch|p1a: Venusaur|Venusaur, L50, M|100/100
|switch|p1b: Grimmsnarl|Grimmsnarl, L50, M, shiny|100/100
|switch|p2a: Charizard|Charizard, L50, M|100/100
|switch|p2b: Garchomp|Garchomp, L50, F|100/100
|turn|1
|
|t:|1783712162
|detailschange|p2a: Charizard|Charizard-Mega-Y, L50, M
|-mega|p2a: Charizard|Charizard|Charizardite Y
|-weather|SunnyDay|[from] ability: Drought|[of] p2a: Charizard
|detailschange|p1a: Venusaur|Venusaur-Mega, L50, M
|-mega|p1a: Venusaur|Venusaur|Venusaurite
|move|p1b: Grimmsnarl|Fake Out|p2a: Charizard
|-damage|p2a: Charizard|89/100
|move|p2b: Garchomp|Stomping Tantrum|p1a: Venusaur
|-damage|p1a: Venusaur|54/100
|-damage|p2b: Garchomp|90/100|[from] item: Life Orb
|cant|p2a: Charizard|flinch
|move|p1a: Venusaur|Sludge Bomb|p2a: Charizard
|-damage|p2a: Charizard|46/100
|
|-weather|SunnyDay|[upkeep]
|upkeep
|turn|2
|inactive|liamj vgc! has 30 seconds left.
|inactive|liamj vgc! has 20 seconds left.
|
|t:|1783712202
|move|p1a: Venusaur|Protect|p1a: Venusaur
|-singleturn|p1a: Venusaur|Protect
|move|p1b: Grimmsnarl|Light Screen|p1b: Grimmsnarl
|-sidestart|p1: liamj vgc!|move: Light Screen
|move|p2b: Garchomp|Stomping Tantrum|p1a: Venusaur
|-activate|p1a: Venusaur|move: Protect
|move|p2a: Charizard|Heat Wave|p1b: Grimmsnarl|[spread] p1b
|-activate|p1a: Venusaur|move: Protect
|-damage|p1b: Grimmsnarl|59/100
|
|-weather|SunnyDay|[upkeep]
|upkeep
|turn|3
|
|t:|1783712216
|move|p1b: Grimmsnarl|Reflect|p1b: Grimmsnarl
|-sidestart|p1: liamj vgc!|Reflect
|move|p2b: Garchomp|Stomping Tantrum|p1a: Venusaur
|-damage|p1a: Venusaur|27/100
|-damage|p2b: Garchomp|80/100|[from] item: Life Orb
|move|p2a: Charizard|Heat Wave|p1a: Venusaur|[spread] p1a
|-miss|p2a: Charizard|p1b: Grimmsnarl
|-supereffective|p1a: Venusaur|1
|-damage|p1a: Venusaur|0 fnt
|faint|p1a: Venusaur
|
|-weather|SunnyDay|[upkeep]
|upkeep
|
|t:|1783712225
|switch|p1a: Ceruledge|Ceruledge, L50, M|100/100
|turn|4
|
|t:|1783712237
|move|p1b: Grimmsnarl|Parting Shot|p2b: Garchomp
|-unboost|p2b: Garchomp|atk|1
|-unboost|p2b: Garchomp|spa|1
|
|t:|1783712241
|switch|p1b: Rotom|Rotom-Wash, L50|100/100|[from] Parting Shot
|move|p2b: Garchomp|Stomping Tantrum|p1a: Ceruledge
|-supereffective|p1a: Ceruledge|1
|-damage|p1a: Ceruledge|33/100
|-damage|p2b: Garchomp|70/100|[from] item: Life Orb
|move|p1a: Ceruledge|Bulk Up|p1a: Ceruledge
|-boost|p1a: Ceruledge|atk|1
|-boost|p1a: Ceruledge|def|1
|move|p2a: Charizard|Weather Ball|p1b: Rotom
|-resisted|p1b: Rotom|1
|-damage|p1b: Rotom|68/100
|
|-weather|SunnyDay|[upkeep]
|upkeep
|turn|5
|
|t:|1783712257
|switch|p2a: Farigiraf|Farigiraf, L50, M|100/100
|move|p1a: Ceruledge|Protect|p1a: Ceruledge
|-singleturn|p1a: Ceruledge|Protect
|move|p2b: Garchomp|Stomping Tantrum|p1a: Ceruledge
|-activate|p1a: Ceruledge|move: Protect
|move|p1b: Rotom|Will-O-Wisp|p2b: Garchomp
|-status|p2b: Garchomp|brn
|
|-weather|none
|-damage|p2b: Garchomp|64/100 brn|[from] brn
|upkeep
|turn|6
|j| ssuausasj
|inactive|liamj vgc! has 30 seconds left.
|inactive|LynnLynnLynn has 30 seconds left.
|
|t:|1783712292
|move|p2b: Garchomp|Protect|p2b: Garchomp
|-singleturn|p2b: Garchomp|Protect
|move|p1a: Ceruledge|Bitter Blade|p2a: Farigiraf
|-damage|p2a: Farigiraf|42/100
|-heal|p1a: Ceruledge|76/100|[from] drain|[of] p2a: Farigiraf
|-enditem|p2a: Farigiraf|Sitrus Berry|[eat]
|-heal|p2a: Farigiraf|67/100|[from] item: Sitrus Berry
|move|p1b: Rotom|Thunderbolt|p2a: Farigiraf
|-damage|p2a: Farigiraf|34/100
|move|p2a: Farigiraf|Trick Room|p2a: Farigiraf
|-fieldstart|move: Trick Room|[of] p2a: Farigiraf
|
|-damage|p2b: Garchomp|58/100 brn|[from] brn
|upkeep
|turn|7
|inactive|liamj vgc! has 30 seconds left.
|inactive|LynnLynnLynn has 30 seconds left.
|inactive|liamj vgc! has 20 seconds left.
|inactive|liamj vgc! has 15 seconds left.
|
|t:|1783712333
|switch|p2b: Aerodactyl|Aerodactyl, L50, F|100/100
|-ability|p2b: Aerodactyl|Unnerve
|move|p2a: Farigiraf|Thunderbolt|p1a: Ceruledge
|-damage|p1a: Ceruledge|53/100
|move|p1b: Rotom|Thunderbolt|p2a: Farigiraf
|-damage|p2a: Farigiraf|0 fnt
|faint|p2a: Farigiraf
|move|p1a: Ceruledge|Bitter Blade|p2b: Aerodactyl
|-resisted|p2b: Aerodactyl|1
|-damage|p2b: Aerodactyl|41/100
|-heal|p1a: Ceruledge|84/100|[from] drain|[of] p2b: Aerodactyl
|
|upkeep
|
|t:|1783712347
|switch|p2a: Garchomp|Garchomp, L50, F|58/100 brn
|turn|8
|
|t:|1783712357
|move|p1b: Rotom|Thunderbolt|p2b: Aerodactyl
|-supereffective|p2b: Aerodactyl|1
|-crit|p2b: Aerodactyl
|-damage|p2b: Aerodactyl|0 fnt
|faint|p2b: Aerodactyl
|move|p1a: Ceruledge|Bitter Blade|p2a: Garchomp
|-resisted|p2a: Garchomp|1
|-damage|p2a: Garchomp|26/100 brn
|-heal|p1a: Ceruledge|100/100|[from] drain|[of] p2a: Garchomp
|-damage|p1a: Ceruledge|88/100|[from] ability: Rough Skin|[of] p2a: Garchomp
|move|p2a: Garchomp|Stomping Tantrum|p1a: Ceruledge
|-supereffective|p1a: Ceruledge|1
|-damage|p1a: Ceruledge|58/100
|-damage|p2a: Garchomp|16/100 brn|[from] item: Life Orb
|
|-damage|p2a: Garchomp|10/100 brn|[from] brn
|upkeep
|-message|LynnLynnLynn forfeited.
|
|win|liamj vgc!
|l|☆LynnLynnLynn
|player|p2|
||LynnLynnLynn is ready for game 3.
|inactive|liamj vgc! has 30 seconds to confirm battle start!
||liamj vgc! is ready for game 3.
|uhtml|next|Next: Game 3 of 3
|l|☆liamj vgc!
|player|p1|
|l| ssuausasj
|j|☆liamj vgc!
|player|p1|liamj vgc!|leon-tower|
