|j|☆TeyVgc
|j|☆mertering
|html|TeyVgcmertering    
|uhtml|bestof|Game 2 of a best-of-3
|t:|1783435764
|gametype|doubles
|player|p1|TeyVgc|rood|1313
|player|p2|mertering|steven|1465
|gen|9
|tier|[Gen 9 Champions] VGC 2026 Reg M-B (Bo3)
|rated|
|rule|Species Clause: Limit one of each Pokémon
|rule|Item Clause: Limit 1 of each item
|clearpoke
|poke|p1|Raichu, L50, F|
|poke|p1|Sinistcha, L50|
|poke|p1|Ceruledge, L50, M|
|poke|p1|Milotic, L50, F|
|poke|p1|Incineroar, L50, F|
|poke|p1|Floette-Eternal, L50, F|
|poke|p2|Incineroar, L50, F|
|poke|p2|Delphox, L50, F|
|poke|p2|Sneasler, L50, M|
|poke|p2|Kingambit, L50, M|
|poke|p2|Sinistcha, L50|
|poke|p2|Blastoise, L50, F|
|teampreview|4
|showteam|p1|Raichu||RaichuniteY|LightningRod|ZapCannon,FocusBlast,FakeOut,Protect|Timid||F|||50|]Sinistcha||KasibBerry|Hospitality|MatchaGotcha,LifeDew,RagePowder,Protect|Relaxed|||||50|]Ceruledge||ColburBerry|FlashFire|BitterBlade,ShadowSneak,BulkUp,Protect|Adamant||M|||50|]Milotic||Leftovers|Competitive|MuddyWater,Coil,Hypnosis,Protect|Calm||F|||50|]Incineroar||SitrusBerry|Intimidate|FlareBlitz,ThroatChop,FakeOut,PartingShot|Impish||F|||50|]Floette-Eternal||Floettite|FlowerVeil|CalmMind,Protect,Moonblast,DazzlingGleam|Modest||F|||50|
|showteam|p2|Incineroar||SitrusBerry|Intimidate|FakeOut,PartingShot,HelpingHand,ThroatChop|Impish||F|||50|]Delphox||Delphoxite|Blaze|HeatWave,Psyshock,NastyPlot,Protect|Timid||F|||50|]Sneasler||FocusSash|PoisonTouch|FakeOut,DireClaw,CloseCombat,QuickGuard|Jolly||M|||50|]Kingambit||BlackGlasses|Defiant|KowtowCleave,SuckerPunch,SwordsDance,Protect|Adamant||M|||50|]Sinistcha||ColburBerry|Hospitality|MatchaGotcha,RagePowder,LifeDew,Protect|Relaxed|||||50|]Blastoise||Blastoisinite|Torrent|WaterSpout,DarkPulse,ShellSmash,Protect|Timid||F|||50|
|inactive|Battle timer is ON: inactive players will automatically lose when time's up. (requested by mertering)
|
|t:|1783435784
|teamsize|p1|4
|teamsize|p2|4
|start
|switch|p1a: Raichu|Raichu, L50, F|100/100
|switch|p1b: Sinistcha|Sinistcha, L50|100/100
|switch|p2a: Blastoise|Blastoise, L50, F|100/100
|switch|p2b: Sneasler|Sneasler, L50, M|100/100
|turn|1
|
|t:|1783435802
|switch|p2a: Sinistcha|Sinistcha, L50|100/100
|detailschange|p1a: Raichu|Raichu-Mega-Y, L50, F
|-mega|p1a: Raichu|Raichu|Raichunite Y
|move|p1a: Raichu|Fake Out|p2a: Sinistcha
|-immune|p2a: Sinistcha
|move|p2b: Sneasler|Dire Claw|p1a: Raichu
|-damage|p1a: Raichu|37/100
|move|p1b: Sinistcha|Matcha Gotcha|p2b: Sneasler|[spread] p2a
|-miss|p1b: Sinistcha|p2b: Sneasler
|-resisted|p2a: Sinistcha|1
|-damage|p2a: Sinistcha|88/100
|-status|p2a: Sinistcha|brn
|
|-damage|p2a: Sinistcha|82/100 brn|[from] brn
|upkeep
|turn|2
|
|t:|1783435824
|switch|p1b: Ceruledge|Ceruledge, L50, M|100/100
|move|p1a: Raichu|Protect|p1a: Raichu
|-singleturn|p1a: Raichu|Protect
|move|p2a: Sinistcha|Rage Powder|p2a: Sinistcha
|-singleturn|p2a: Sinistcha|move: Rage Powder
|move|p2b: Sneasler|Dire Claw|p1b: Ceruledge
|-resisted|p1b: Ceruledge|1
|-damage|p1b: Ceruledge|79/100
|-status|p1b: Ceruledge|psn
|
|-damage|p1b: Ceruledge|66/100 psn|[from] psn
|-damage|p2a: Sinistcha|75/100 brn|[from] brn
|upkeep
|turn|3
|
|t:|1783435839
|switch|p1a: Sinistcha|Sinistcha, L50|100/100
|-heal|p1b: Ceruledge|91/100 psn|[from] ability: Hospitality|[of] p1a: Sinistcha
|move|p2a: Sinistcha|Rage Powder|p2a: Sinistcha
|-singleturn|p2a: Sinistcha|move: Rage Powder
|move|p2b: Sneasler|Dire Claw|p1a: Sinistcha
|-damage|p1a: Sinistcha|62/100
|-status|p1a: Sinistcha|par
|move|p1b: Ceruledge|Bulk Up|p1b: Ceruledge
|-boost|p1b: Ceruledge|atk|1
|-boost|p1b: Ceruledge|def|1
|
|-damage|p1b: Ceruledge|79/100 psn|[from] psn
|-damage|p2a: Sinistcha|69/100 brn|[from] brn
|upkeep
|turn|4
|
|t:|1783435857
|switch|p2a: Blastoise|Blastoise, L50, F|100/100
|move|p2b: Sneasler|Dire Claw|p1a: Sinistcha
|-damage|p1a: Sinistcha|28/100 par
|move|p1b: Ceruledge|Bulk Up|p1b: Ceruledge
|-boost|p1b: Ceruledge|atk|1
|-boost|p1b: Ceruledge|def|1
|move|p1a: Sinistcha|Life Dew|p1a: Sinistcha|[spread] p1a,p1b
|-heal|p1a: Sinistcha|53/100 par
|-heal|p1b: Ceruledge|100/100 psn
|
|-damage|p1b: Ceruledge|87/100 psn|[from] psn
|upkeep
|turn|5
|
|t:|1783435874
|detailschange|p2a: Blastoise|Blastoise-Mega, L50, F
|-mega|p2a: Blastoise|Blastoise|Blastoisinite
|move|p1b: Ceruledge|Shadow Sneak|p2a: Blastoise
|-damage|p2a: Blastoise|60/100
|move|p2b: Sneasler|Dire Claw|p1a: Sinistcha
|-damage|p1a: Sinistcha|19/100 par
|move|p2a: Blastoise|Water Spout|p1a: Sinistcha|[spread] p1a,p1b
|-resisted|p1a: Sinistcha|1
|-supereffective|p1b: Ceruledge|1
|-damage|p1a: Sinistcha|3/100 par
|-damage|p1b: Ceruledge|21/100 psn
|move|p1a: Sinistcha|Matcha Gotcha|p2a: Blastoise|[spread] p2a,p2b
|-supereffective|p2a: Blastoise|1
|-resisted|p2b: Sneasler|1
|-damage|p2a: Blastoise|10/100
|-heal|p1a: Sinistcha|25/100 par|[from] drain|[of] p2a: Blastoise
|-damage|p2b: Sneasler|84/100
|-heal|p1a: Sinistcha|32/100 par|[from] drain|[of] p2b: Sneasler
|
|-damage|p1b: Ceruledge|9/100 psn|[from] psn
|upkeep
|turn|6
|inactive|TeyVgc has 30 seconds left.
|
|t:|1783435900
|move|p2a: Blastoise|Protect|p2a: Blastoise
|-singleturn|p2a: Blastoise|Protect
|move|p1b: Ceruledge|Protect|p1b: Ceruledge
|-singleturn|p1b: Ceruledge|Protect
|move|p2b: Sneasler|Dire Claw|p1a: Sinistcha
|-damage|p1a: Sinistcha|0 fnt
|faint|p1a: Sinistcha
|
|-damage|p1b: Ceruledge|0 fnt|[from] psn
|faint|p1b: Ceruledge
|upkeep
|
|t:|1783435908
|switch|p1b: Milotic|Milotic, L50, F|100/100
|switch|p1a: Raichu|Raichu-Mega-Y, L50, F|37/100
|turn|7
|
|t:|1783435923
|switch|p2b: Sinistcha|Sinistcha, L50|69/100 brn
|-heal|p2a: Blastoise|34/100|[from] ability: Hospitality|[of] p2b: Sinistcha
|move|p1a: Raichu|Zap Cannon|p2b: Sinistcha
|-resisted|p2b: Sinistcha|1
|-damage|p2b: Sinistcha|35/100 brn
|move|p2a: Blastoise|Water Spout|p1a: Raichu|[spread] p1a,p1b
|-resisted|p1b: Milotic|1
|-crit|p1b: Milotic
|-damage|p1a: Raichu|8/100
|-damage|p1b: Milotic|90/100
|move|p1b: Milotic|Coil|p1b: Milotic
|-boost|p1b: Milotic|atk|1
|-boost|p1b: Milotic|def|1
|-boost|p1b: Milotic|accuracy|1
|
|-heal|p1b: Milotic|96/100|[from] item: Leftovers
|-damage|p2b: Sinistcha|29/100 brn|[from] brn
|upkeep
|turn|8
|
|t:|1783435940
|move|p1a: Raichu|Protect|p1a: Raichu
|-singleturn|p1a: Raichu|Protect
|move|p2a: Blastoise|Water Spout|p1a: Raichu|[spread] p1b
|-activate|p1a: Raichu|move: Protect
|-resisted|p1b: Milotic|1
|-crit|p1b: Milotic
|-damage|p1b: Milotic|87/100
|move|p1b: Milotic|Muddy Water|p2a: Blastoise|[spread] p2a,p2b
|-resisted|p2a: Blastoise|1
|-resisted|p2b: Sinistcha|1
|-damage|p2a: Blastoise|23/100
|-damage|p2b: Sinistcha|16/100 brn
|-unboost|p2a: Blastoise|accuracy|1
|move|p2b: Sinistcha|Matcha Gotcha|p1b: Milotic|[spread] p1b
|-activate|p1a: Raichu|move: Protect
|-supereffective|p1b: Milotic|1
|-crit|p1b: Milotic
|-damage|p1b: Milotic|42/100
|-heal|p2b: Sinistcha|41/100 brn|[from] drain|[of] p1b: Milotic
|
|-heal|p1b: Milotic|48/100|[from] item: Leftovers
|-damage|p2b: Sinistcha|35/100 brn|[from] brn
|upkeep
|turn|9
|
|t:|1783435961
|move|p1a: Raichu|Zap Cannon|p2b: Sinistcha
|-resisted|p2b: Sinistcha|1
|-damage|p2b: Sinistcha|2/100 brn
|move|p2a: Blastoise|Dark Pulse|p1b: Milotic
|-damage|p1b: Milotic|19/100
|move|p1b: Milotic|Muddy Water|p2a: Blastoise|[spread] p2a,p2b
|-resisted|p2a: Blastoise|1
|-resisted|p2b: Sinistcha|1
|-damage|p2a: Blastoise|10/100
|-damage|p2b: Sinistcha|0 fnt
|faint|p2b: Sinistcha
|
|-heal|p1b: Milotic|25/100|[from] item: Leftovers
|upkeep
|
|t:|1783435976
|switch|p2b: Sneasler|Sneasler, L50, M|84/100
|turn|10
|
|t:|1783435985
|move|p1a: Raichu|Protect|p1a: Raichu
|-singleturn|p1a: Raichu|Protect
|move|p1b: Milotic|Protect|p1b: Milotic
|-singleturn|p1b: Milotic|Protect
|move|p2b: Sneasler|Close Combat|p1b: Milotic
|-activate|p1b: Milotic|move: Protect
|move|p2a: Blastoise|Dark Pulse|p1a: Raichu
|-activate|p1a: Raichu|move: Protect
|
|-heal|p1b: Milotic|31/100|[from] item: Leftovers
|upkeep
|turn|11
|
|t:|1783436001
|move|p1a: Raichu|Zap Cannon|p2b: Sneasler
|-damage|p2b: Sneasler|2/100
|-status|p2b: Sneasler|par
|move|p2a: Blastoise|Dark Pulse|p1b: Milotic|[miss]
|-miss|p2a: Blastoise|p1b: Milotic
|move|p1b: Milotic|Muddy Water|p2b: Sneasler|[spread] p2a,p2b
|-resisted|p2a: Blastoise|1
|-damage|p2a: Blastoise|0 fnt
|-damage|p2b: Sneasler|0 fnt
|faint|p2a: Blastoise
|faint|p2b: Sneasler
|
|-heal|p1b: Milotic|37/100|[from] item: Leftovers
|upkeep
|
|t:|1783436015
|switch|p2b: Incineroar|Incineroar, L50, F|100/100
|-ability|p2b: Incineroar|Intimidate|boost
|-unboost|p1a: Raichu|atk|1
|-unboost|p1b: Milotic|atk|1
|-ability|p1b: Milotic|Competitive|boost
|-boost|p1b: Milotic|spa|2
|turn|12
|
|t:|1783436022
|move|p2b: Incineroar|Helping Hand|p2: Blastoise|[notarget]
|-fail|p2b: Incineroar
|move|p1a: Raichu|Protect|p1a: Raichu
|-singleturn|p1a: Raichu|Protect
|move|p1b: Milotic|Protect||[still]
|-fail|p1b: Milotic
|
|-heal|p1b: Milotic|43/100|[from] item: Leftovers
|upkeep
|turn|13
|
|t:|1783436031
|move|p2b: Incineroar|Helping Hand|p2: Blastoise|[notarget]
|-fail|p2b: Incineroar
|move|p1a: Raichu|Zap Cannon|p2b: Incineroar
|-damage|p2b: Incineroar|42/100
|-status|p2b: Incineroar|par
|-enditem|p2b: Incineroar|Sitrus Berry|[eat]
|-heal|p2b: Incineroar|67/100 par|[from] item: Sitrus Berry
|move|p1b: Milotic|Muddy Water|p2b: Incineroar
|-supereffective|p2b: Incineroar|1
|-damage|p2b: Incineroar|0 fnt
|faint|p2b: Incineroar
|
|win|TeyVgc
