|j|☆rolandruina
|j|☆SercioDaniel
|html|rolandruinaSercioDaniel    
|uhtml|bestof|Game 1 of a best-of-3
|t:|1782682898
|gametype|doubles
|player|p1|rolandruina|265|1143
|player|p2|SercioDaniel|1|1039
|gen|9
|tier|[Gen 9 Champions] VGC 2026 Reg M-B (Bo3)
|rated|
|rule|Species Clause: Limit one of each Pokémon
|rule|Item Clause: Limit 1 of each item
|clearpoke
|poke|p1|Swampert, L50, M|
|poke|p1|Metagross, L50|
|poke|p1|Archaludon, L50, M|
|poke|p1|Grimmsnarl, L50, M|
|poke|p1|Pelipper, L50, F|
|poke|p1|Sinistcha, L50|
|poke|p2|Kingambit, L50, F|
|poke|p2|Aerodactyl, L50, M|
|poke|p2|Charizard, L50, F|
|poke|p2|Sylveon, L50, M|
|poke|p2|Farigiraf, L50, F|
|poke|p2|Garchomp, L50, F|
|teampreview|4
|showteam|p1|Swampert||Swampertite|Damp|WaveCrash,HighHorsepower,IcePunch,Protect|Adamant||M|||50|]Metagross||Metagrossite|ClearBody|IronHead,PsychicFangs,BodyPress,Protect|Jolly|||||50|]Archaludon||Leftovers|Stamina|DragonPulse,FlashCannon,ElectroShot,Protect|Calm||M|||50|]Grimmsnarl||LightClay|Prankster|FoulPlay,PartingShot,LightScreen,Reflect|Calm||M|||50|]Pelipper||FocusSash|Drizzle|Hurricane,WeatherBall,Tailwind,Protect|Modest||F|||50|]Sinistcha||KasibBerry|Hospitality|MatchaGotcha,RagePowder,LifeDew,TrickRoom|Bold|||||50|
|showteam|p2|Kingambit||FocusSash|Defiant|KowtowCleave,IronHead,SuckerPunch,LowKick|Adamant||F|||50|]Aerodactyl||Aerodactylite|RockHead|RockSlide,DualWingbeat,Tailwind,IceFang|Jolly||M|||50|]Charizard||CharizarditeY|Blaze|Protect,HeatWave,SolarBeam,WeatherBall|Timid||F|||50|]Sylveon||FairyFeather|Pixilate|Protect,HyperVoice,HyperBeam,QuickAttack|Sassy||M|||50|]Farigiraf||SitrusBerry|ArmorTail|TwinBeam,Thunderbolt,TrickRoom,GrassKnot|Quiet||F|||50|]Garchomp||LifeOrb|RoughSkin|Protect,StompingTantrum,DragonClaw,Earthquake|Jolly||F|||50|
|inactive|Battle timer is ON: inactive players will automatically lose when time's up. (requested by rolandruina)
|
|t:|1782682928
|teamsize|p1|4
|teamsize|p2|4
|start
|switch|p1a: Swampert|Swampert, L50, M|100/100
|switch|p1b: Grimmsnarl|Grimmsnarl, L50, M|100/100
|switch|p2a: Farigiraf|Farigiraf, L50, F|100/100
|switch|p2b: Garchomp|Garchomp, L50, F|100/100
|turn|1
|
|t:|1782682948
|detailschange|p1a: Swampert|Swampert-Mega, L50, M
|-mega|p1a: Swampert|Swampert|Swampertite
|move|p2b: Garchomp|Protect|p2b: Garchomp
|-singleturn|p2b: Garchomp|Protect
|move|p1b: Grimmsnarl|Reflect|p1b: Grimmsnarl
|-sidestart|p1: rolandruina|Reflect
|move|p1a: Swampert|Ice Punch|p2b: Garchomp
|-activate|p2b: Garchomp|move: Protect
|move|p2a: Farigiraf|Grass Knot|p1a: Swampert
|-supereffective|p1a: Swampert|2
|-damage|p1a: Swampert|0 fnt
|faint|p1a: Swampert
|
|upkeep
|
|t:|1782682954
|switch|p1a: Archaludon|Archaludon, L50, M|100/100
|turn|2
|inactive|SercioDaniel has 30 seconds left.
|
|t:|1782682987
|switch|p2a: Charizard|Charizard, L50, F|100/100
|move|p2b: Garchomp|Earthquake|p1b: Grimmsnarl|[spread] p1a,p1b
|-immune|p2a: Charizard
|-supereffective|p1a: Archaludon|1
|-damage|p1a: Archaludon|51/100
|-damage|p1b: Grimmsnarl|67/100
|-ability|p1a: Archaludon|Stamina|boost
|-boost|p1a: Archaludon|def|1
|-damage|p2b: Garchomp|90/100|[from] item: Life Orb
|move|p1a: Archaludon|Dragon Pulse|p2b: Garchomp
|-supereffective|p2b: Garchomp|1
|-damage|p2b: Garchomp|5/100
|move|p1b: Grimmsnarl|Foul Play|p2a: Charizard
|-damage|p2a: Charizard|65/100
|
|-heal|p1a: Archaludon|57/100|[from] item: Leftovers
|upkeep
|turn|3
|
|t:|1782683006
|detailschange|p2a: Charizard|Charizard-Mega-Y, L50, F
|-mega|p2a: Charizard|Charizard|Charizardite Y
|-weather|SunnyDay|[from] ability: Drought|[of] p2a: Charizard
|move|p1b: Grimmsnarl|Parting Shot|p2a: Charizard
|-unboost|p2a: Charizard|atk|1
|-unboost|p2a: Charizard|spa|1
|
|t:|1782683011
|switch|p1b: Pelipper|Pelipper, L50, F|100/100|[from] Parting Shot
|-weather|RainDance|[from] ability: Drizzle|[of] p1b: Pelipper
|move|p2b: Garchomp|Earthquake|p1b: Pelipper|[spread] p1a
|-immune|p2a: Charizard
|-immune|p1b: Pelipper
|-supereffective|p1a: Archaludon|1
|-damage|p1a: Archaludon|23/100
|-ability|p1a: Archaludon|Stamina|boost
|-boost|p1a: Archaludon|def|1
|-damage|p2b: Garchomp|0 fnt|[from] item: Life Orb
|faint|p2b: Garchomp
|move|p2a: Charizard|Heat Wave|p1b: Pelipper|[spread] p1a,p1b
|-resisted|p1b: Pelipper|1
|-damage|p1a: Archaludon|10/100
|-damage|p1b: Pelipper|89/100
|-ability|p1a: Archaludon|Stamina|boost
|-boost|p1a: Archaludon|def|1
|move|p1a: Archaludon|Dragon Pulse|p2a: Charizard
|-damage|p2a: Charizard|25/100
|
|-weather|RainDance|[upkeep]
|-heal|p1a: Archaludon|17/100|[from] item: Leftovers
|upkeep
|
|t:|1782683030
|switch|p2b: Farigiraf|Farigiraf, L50, F|100/100
|turn|4
|
|t:|1782683039
|move|p2a: Charizard|Protect|p2a: Charizard
|-singleturn|p2a: Charizard|Protect
|move|p1a: Archaludon|Electro Shot||[still]
|-prepare|p1a: Archaludon|Electro Shot
|-boost|p1a: Archaludon|spa|1
|-anim|p1a: Archaludon|Electro Shot|p2b: Farigiraf
|-damage|p2b: Farigiraf|46/100
|-enditem|p2b: Farigiraf|Sitrus Berry|[eat]
|-heal|p2b: Farigiraf|70/100|[from] item: Sitrus Berry
|move|p1b: Pelipper|Weather Ball|p2b: Farigiraf
|-damage|p2b: Farigiraf|0 fnt
|faint|p2b: Farigiraf
|
|-weather|RainDance|[upkeep]
|-heal|p1a: Archaludon|23/100|[from] item: Leftovers
|upkeep
|
|t:|1782683054
|switch|p2b: Kingambit|Kingambit, L50, F|100/100
|turn|5
|
|t:|1782683074
|move|p2a: Charizard|Protect|p2a: Charizard
|-singleturn|p2a: Charizard|Protect
|move|p1a: Archaludon|Protect|p1a: Archaludon
|-singleturn|p1a: Archaludon|Protect
|move|p1b: Pelipper|Weather Ball|p2a: Charizard
|-activate|p2a: Charizard|move: Protect
|move|p2b: Kingambit|Low Kick|p1a: Archaludon
|-activate|p1a: Archaludon|move: Protect
|
|-weather|RainDance|[upkeep]
|-heal|p1a: Archaludon|29/100|[from] item: Leftovers
|upkeep
|turn|6
|
|t:|1782683085
|move|p2a: Charizard|Protect||[still]
|-fail|p2a: Charizard
|move|p1a: Archaludon|Electro Shot||[still]
|-prepare|p1a: Archaludon|Electro Shot
|-boost|p1a: Archaludon|spa|1
|-anim|p1a: Archaludon|Electro Shot|p2b: Kingambit
|-damage|p2b: Kingambit|27/100
|move|p1b: Pelipper|Weather Ball|p2a: Charizard
|-supereffective|p2a: Charizard|1
|-damage|p2a: Charizard|0 fnt
|faint|p2a: Charizard
|move|p2b: Kingambit|Low Kick|p1a: Archaludon
|-supereffective|p1a: Archaludon|1
|-damage|p1a: Archaludon|15/100
|-ability|p1a: Archaludon|Stamina|boost
|-boost|p1a: Archaludon|def|1
|
|-weather|RainDance|[upkeep]
|-heal|p1a: Archaludon|21/100|[from] item: Leftovers
|upkeep
|turn|7
|
|t:|1782683102
|move|p1a: Archaludon|Electro Shot||[still]
|-prepare|p1a: Archaludon|Electro Shot
|-boost|p1a: Archaludon|spa|1
|-anim|p1a: Archaludon|Electro Shot|p2b: Kingambit
|-crit|p2b: Kingambit
|-damage|p2b: Kingambit|0 fnt
|faint|p2b: Kingambit
|
|win|rolandruina
||rolandruina is ready for game 2.
||SercioDaniel is ready for game 2.
|uhtml|next|Next: Game 2 of 3
|l|☆SercioDaniel
|player|p2|
