|j|☆TobiYume
|j|☆ReonaReona
|html|TobiYumeReonaReona    
|uhtml|bestof|Game 1 of a best-of-3
|t:|1757008674
|gametype|doubles
|player|p1|TobiYume|roxie|1092
|player|p2|ReonaReona|dawn|1088
|gen|9
|tier|[Gen 9] VGC 2025 Reg H (Bo3)
|rated|
|rule|Species Clause: Limit one of each Pokémon
|rule|Item Clause: Limit 1 of each item
|clearpoke
|poke|p1|Garchomp, L50, M|
|poke|p1|Talonflame, L50, F|
|poke|p1|Sylveon, L50, F|
|poke|p1|Tyranitar, L50, M|
|poke|p1|Decidueye-Hisui, L50, F|
|poke|p1|Gholdengo, L50|
|poke|p2|Talonflame, L50, F|
|poke|p2|Indeedee, L50, M|
|poke|p2|Garchomp, L50, F|
|poke|p2|Sneasler, L50, M|
|poke|p2|Glaceon, L50, M|
|poke|p2|Ninetales-Alola, L50, M|
|teampreview|4
|showteam|p1|Garchomp||LifeOrb|RoughSkin|DragonClaw,StompingTantrum,Earthquake,Protect|||M|||50|,,,,,Steel]Talonflame||CovertCloak|GaleWings|Tailwind,WillOWisp,BraveBird,Taunt|||F|||50|,,,,,Grass]Sylveon||ThroatSpray|Pixilate|HyperVoice,HyperBeam,TeraBlast,Protect|||F|||50|,,,,,Water]Tyranitar||AssaultVest|SandStream|RockSlide,KnockOff,TeraBlast,LowKick|||M|||50|,,,,,Flying]Decidueye-Hisui||RazorClaw|Scrappy|TripleArrows,LeafBlade,SuckerPunch,Protect|||F|||50|,,,,,Fire]Gholdengo||Leftovers|GoodasGold|MakeItRain,ShadowBall,NastyPlot,Protect||||||50|,,,,,Dragon
|showteam|p2|Talonflame||CovertCloak|GaleWings|Tailwind,BraveBird,TemperFlare,DualWingbeat|||F|||50|,,,,,Fire]Indeedee||FocusSash|PsychicSurge|ExpandingForce,TeraBlast,Protect,DazzlingGleam|||M|||50|,,,,,Fighting]Garchomp||ChoiceBand|RoughSkin|Earthquake,RockSlide,DragonClaw,Outrage|||F|||50|,,,,,Ground]Sneasler||PsychicSeed|Unburden|DireClaw,CloseCombat,ThroatChop,Protect|||M|||50|,,,,,Fighting]Glaceon||BrightPowder|SnowCloak|Blizzard,FreezeDry,TeraBlast,Protect|||M|||50|,,,,,Fire]Ninetales-Alola||ChoiceSpecs|SnowWarning|Blizzard,FreezeDry,DazzlingGleam,Protect|||M|||50|,,,,,Ice
|inactive|Battle timer is ON: inactive players will automatically lose when time's up. (requested by ReonaReona)
|
|t:|1757008691
|teamsize|p1|4
|teamsize|p2|4
|start
|switch|p1a: Randy|Tyranitar, L50, M|100/100
|switch|p1b: Lloyd|Garchomp, L50, M|100/100
|switch|p2a: Talonflame|Talonflame, L50, F|100/100
|switch|p2b: Garchomp|Garchomp, L50, F|100/100
|-weather|Sandstorm|[from] ability: Sand Stream|[of] p1a: Randy
|turn|1
|inactive|ReonaReona has 30 seconds left.
|inactive|ReonaReona has 20 seconds left.
|inactive|ReonaReona has 15 seconds left.
|inactive|ReonaReona has 10 seconds left.
|inactive|ReonaReona has 5 seconds left.
|
|t:|1757008742
|-terastallize|p1a: Randy|Flying
|move|p2a: Talonflame|Tailwind|p2a: Talonflame
|-sidestart|p2: ReonaReona|move: Tailwind
|move|p2b: Garchomp|Rock Slide|p1b: Lloyd|[spread] p1a,p1b
|-supereffective|p1a: Randy
|-resisted|p1b: Lloyd
|-damage|p1a: Randy|57/100
|-damage|p1b: Lloyd|85/100
|cant|p1b: Lloyd|flinch
|cant|p1a: Randy|flinch
|
|-weather|Sandstorm|[upkeep]
|-damage|p2a: Talonflame|95/100|[from] Sandstorm
|-damage|p1a: Randy|51/100|[from] Sandstorm
|upkeep
|turn|2
|inactive|ReonaReona has 30 seconds left.
|inactive|ReonaReona has 20 seconds left.
|inactive|ReonaReona has 15 seconds left.
|
|t:|1757008786
|switch|p1a: Tio|Sylveon, L50, F, shiny|100/100
|move|p2a: Talonflame|Brave Bird|p1b: Lloyd
|-damage|p1b: Lloyd|29/100
|-damage|p2a: Talonflame|82/100|[from] ability: Rough Skin|[of] p1b: Lloyd
|-damage|p2a: Talonflame|60/100|[from] Recoil
|move|p2b: Garchomp|Rock Slide|p1b: Lloyd|[spread] p1a,p1b
|-resisted|p1b: Lloyd
|-damage|p1a: Tio|66/100
|-damage|p1b: Lloyd|12/100
|move|p1b: Lloyd|Dragon Claw|p2b: Garchomp
|-supereffective|p2b: Garchomp
|-damage|p2b: Garchomp|0 fnt
|-damage|p1b: Lloyd|0 fnt|[from] ability: Rough Skin|[of] p2b: Garchomp
|faint|p2b: Garchomp
|faint|p1b: Lloyd
|
|-weather|Sandstorm|[upkeep]
|-damage|p2a: Talonflame|54/100|[from] Sandstorm
|-damage|p1a: Tio|60/100|[from] Sandstorm
|upkeep
|
|t:|1757008800
|switch|p1b: Randy|Tyranitar, L50, M, tera:Flying|51/100
|switch|p2b: Glaceon|Glaceon, L50, M|100/100
|turn|3
|
|t:|1757008814
|switch|p2a: Ninetales|Ninetales-Alola, L50, M|100/100
|-weather|Snowscape|[from] ability: Snow Warning|[of] p2a: Ninetales
|-terastallize|p2b: Glaceon|Fire
|move|p1a: Tio|Protect|p1a: Tio
|-singleturn|p1a: Tio|Protect
|move|p2b: Glaceon|Blizzard|p1a: Tio|[spread] p1b
|-activate|p1a: Tio|move: Protect
|-supereffective|p1b: Randy
|-damage|p1b: Randy|0 fnt
|faint|p1b: Randy
|
|-weather|Snowscape|[upkeep]
|upkeep
|
|t:|1757008826
|switch|p1b: Wazy|Gholdengo, L50|100/100
|turn|4
|
|t:|1757008835
|move|p2a: Ninetales|Blizzard|p1a: Tio|[spread] p1a,p1b
|-crit|p1a: Tio
|-resisted|p1b: Wazy
|-damage|p1a: Tio|9/100
|-damage|p1b: Wazy|79/100
|-status|p1b: Wazy|frz
|move|p2b: Glaceon|Tera Blast|p1b: Wazy|[anim] Tera Blast Fire
|-supereffective|p1b: Wazy
|-damage|p1b: Wazy|0 fnt
|faint|p1b: Wazy
|move|p1a: Tio|Hyper Voice|p2a: Ninetales|[spread] p2a,p2b
|-resisted|p2b: Glaceon
|-damage|p2a: Ninetales|52/100
|-damage|p2b: Glaceon|78/100
|-enditem|p1a: Tio|Throat Spray
|-boost|p1a: Tio|spa|1|[from] item: Throat Spray
|
|-weather|Snowscape|[upkeep]
|-sideend|p2: ReonaReona|move: Tailwind
|upkeep
|turn|5
|-message|TobiYume forfeited.
|
|win|ReonaReona
||ReonaReona is ready for game 2.
||TobiYume is ready for game 2.
|uhtml|next|Next: Game 2 of 3
