|j|☆chatgptdraftduel
|j|☆rager88
|html|chatgptdraftduelrager88    
|uhtml|bestof|Game 2 of a best-of-3
|t:|1785357861
|gametype|doubles
|player|p1|chatgptdraftduel|169|
|player|p2|rager88|266|
|gen|9
|tier|[Gen 9 Champions] VGC 2026 Reg M-B (Bo3)
|rule|Species Clause: Limit one of each Pokémon
|rule|Item Clause: Limit 1 of each item
|clearpoke
|poke|p1|Milotic, L50, F|
|poke|p1|Tinkaton, L50, F|
|poke|p1|Swampert, L50, F|
|poke|p1|Gliscor, L50, M|
|poke|p1|Garganacl, L50, M|
|poke|p1|Sceptile, L50, M|
|poke|p2|Scovillain, L50, M|
|poke|p2|Krookodile, L50, M|
|poke|p2|Charizard, L50, M|
|poke|p2|Floette-Eternal, L50, F|
|poke|p2|Gengar, L50, F|
|poke|p2|Maushold, L50|
|teampreview|4
|showteam|p1|Milotic||Leftovers|Competitive|Scald,IceBeam,Recover,Protect|Bold||F|||50|]Tinkaton||MetalCoat|MoldBreaker|FakeOut,GigatonHammer,PlayRough,Protect|Careful||F|||50|]Swampert||Swampertite|Torrent|Waterfall,Earthquake,IcePunch,Protect|Adamant||F|||50|]Gliscor||FocusSash|HyperCutter|Earthquake,Protect,Acrobatics,KnockOff|Jolly||M|||50|]Garganacl||SitrusBerry|PurifyingSalt|SaltCure,Recover,WideGuard,Protect|Careful||M|||50|]Sceptile||Sceptilite|Overgrow|LeafStorm,DragonPulse,Protect,FocusBlast|Timid||M|||50|
|showteam|p2|Scovillain||Leftovers|Moody|Substitute,Protect,GigaDrain,Flamethrower|Timid||M|||50|]Krookodile||PasshoBerry|Intimidate|Torment,Protect,HighHorsepower,KnockOff|Jolly||M|||50|]Charizard||CharizarditeY|Blaze|HeatWave,SolarBeam,Protect,WillOWisp|Timid||M|||50|]Floette-Eternal||LightClay|FlowerVeil|Moonblast,Charm,PollenPuff,LightScreen|Timid||F|||50|]Gengar||Gengarite|CursedBody|Protect,IcyWind,PsychUp,ShadowBall|Timid||F|||50|]Maushold||SitrusBerry|FriendGuard|SuperFang,ThunderWave,Charm,FollowMe|Jolly|||||50|
|
|t:|1785357953
|teamsize|p1|4
|teamsize|p2|4
|start
|switch|p1a: Tinkaton|Tinkaton, L50, F|100/100
|switch|p1b: Sceptile|Sceptile, L50, M|100/100
|switch|p2a: Krookodile|Krookodile, L50, M|100/100
|switch|p2b: Scovillain|Scovillain, L50, M|100/100
|-ability|p2a: Krookodile|Intimidate|boost
|-unboost|p1a: Tinkaton|atk|1
|-unboost|p1b: Sceptile|atk|1
|-ability|p1a: Tinkaton|Mold Breaker
|turn|1
|
|t:|1785358040
|switch|p2a: Charizard|Charizard, L50, M|100/100
|detailschange|p1b: Sceptile|Sceptile-Mega, L50, M
|-mega|p1b: Sceptile|Sceptile|Sceptilite
|move|p2b: Scovillain|Protect|p2b: Scovillain
|-singleturn|p2b: Scovillain|Protect
|move|p1a: Tinkaton|Fake Out|p2b: Scovillain
|-activate|p2b: Scovillain|move: Protect
|move|p1b: Sceptile|Dragon Pulse|p2b: Scovillain
|-activate|p2b: Scovillain|move: Protect
|
|-ability|p2b: Scovillain|Moody|boost
|-boost|p2b: Scovillain|spe|2
|-unboost|p2b: Scovillain|atk|1
|upkeep
|turn|2
|j| liamvgc1
|l| liamvgc1
|
|t:|1785358146
|detailschange|p2a: Charizard|Charizard-Mega-Y, L50, M
|-mega|p2a: Charizard|Charizard|Charizardite Y
|-weather|SunnyDay|[from] ability: Drought|[of] p2a: Charizard
|move|p1a: Tinkaton|Protect|p1a: Tinkaton
|-singleturn|p1a: Tinkaton|Protect
|move|p2b: Scovillain|Substitute|p2b: Scovillain
|-start|p2b: Scovillain|Substitute
|-damage|p2b: Scovillain|75/100
|move|p1b: Sceptile|Dragon Pulse|p2a: Charizard
|-damage|p2a: Charizard|60/100
|move|p2a: Charizard|Heat Wave|p1b: Sceptile|[spread] p1b
|-activate|p1a: Tinkaton|move: Protect
|-damage|p1b: Sceptile|25/100
|
|-weather|SunnyDay|[upkeep]
|-heal|p2b: Scovillain|80/100|[from] item: Leftovers
|-ability|p2b: Scovillain|Moody|boost
|-boost|p2b: Scovillain|def|2
|-unboost|p2b: Scovillain|spa|1
|upkeep
|turn|3
|
|t:|1785358330
|move|p2a: Charizard|Protect|p2a: Charizard
|-singleturn|p2a: Charizard|Protect
|move|p2b: Scovillain|Flamethrower|p1b: Sceptile
|-damage|p1b: Sceptile|0 fnt
|faint|p1b: Sceptile
|move|p1a: Tinkaton|Gigaton Hammer|p2b: Scovillain
|-resisted|p2b: Scovillain|1
|-activate|p2b: Scovillain|move: Substitute|[damage]
|
|-weather|SunnyDay|[upkeep]
|-heal|p2b: Scovillain|86/100|[from] item: Leftovers
|-ability|p2b: Scovillain|Moody|boost
|-boost|p2b: Scovillain|atk|2
|-unboost|p2b: Scovillain|def|1
|upkeep
|
|t:|1785358409
|switch|p1b: Milotic|Milotic, L50, F|100/100
|turn|4
|
|t:|1785358479
|move|p1a: Tinkaton|Protect|p1a: Tinkaton
|-singleturn|p1a: Tinkaton|Protect
|move|p2b: Scovillain|Flamethrower|p1a: Tinkaton
|-activate|p1a: Tinkaton|move: Protect
|move|p2a: Charizard|Solar Beam||[still]
|-prepare|p2a: Charizard|Solar Beam
|-anim|p2a: Charizard|Solar Beam|p1b: Milotic
|-supereffective|p1b: Milotic|1
|-damage|p1b: Milotic|42/100
|move|p1b: Milotic|Scald|p2b: Scovillain
|-end|p2b: Scovillain|Substitute
|
|-weather|SunnyDay|[upkeep]
|-heal|p2b: Scovillain|92/100|[from] item: Leftovers
|-heal|p1b: Milotic|48/100|[from] item: Leftovers
|-ability|p2b: Scovillain|Moody|boost
|-boost|p2b: Scovillain|spa|2
|-unboost|p2b: Scovillain|atk|1
|upkeep
|turn|5
|
|t:|1785358589
|move|p2b: Scovillain|Protect|p2b: Scovillain
|-singleturn|p2b: Scovillain|Protect
|move|p2a: Charizard|Heat Wave|p1a: Tinkaton|[spread] p1a,p1b
|-supereffective|p1a: Tinkaton|1
|-resisted|p1b: Milotic|1
|-damage|p1a: Tinkaton|14/100
|-damage|p1b: Milotic|26/100
|move|p1a: Tinkaton|Gigaton Hammer|p2b: Scovillain
|-activate|p2b: Scovillain|move: Protect
|move|p1b: Milotic|Scald|p2b: Scovillain
|-activate|p2b: Scovillain|move: Protect
|
|-weather|SunnyDay|[upkeep]
|-heal|p2b: Scovillain|98/100|[from] item: Leftovers
|-heal|p1b: Milotic|32/100|[from] item: Leftovers
|-ability|p2b: Scovillain|Moody|boost
|-boost|p2b: Scovillain|spa|2
|-unboost|p2b: Scovillain|spe|1
|upkeep
|turn|6
|
|t:|1785358682
|switch|p2a: Maushold|Maushold, L50|100/100
|move|p2b: Scovillain|Substitute|p2b: Scovillain
|-start|p2b: Scovillain|Substitute
|-damage|p2b: Scovillain|73/100
|move|p1a: Tinkaton|Play Rough|p2b: Scovillain
|-resisted|p2b: Scovillain|1
|-activate|p2b: Scovillain|move: Substitute|[damage]
|move|p1b: Milotic|Scald|p2b: Scovillain
|-activate|p2b: Scovillain|move: Substitute|[damage]
|
|-weather|none
|-heal|p2b: Scovillain|79/100|[from] item: Leftovers
|-heal|p1b: Milotic|38/100|[from] item: Leftovers
|-ability|p2b: Scovillain|Moody|boost
|-boost|p2b: Scovillain|spa|2
|-unboost|p2b: Scovillain|def|1
|upkeep
|turn|7
|
|t:|1785358761
|move|p2a: Maushold|Follow Me|p2a: Maushold
|-singleturn|p2a: Maushold|move: Follow Me
|move|p2b: Scovillain|Flamethrower|p1a: Tinkaton
|-supereffective|p1a: Tinkaton|1
|-damage|p1a: Tinkaton|0 fnt
|faint|p1a: Tinkaton
|move|p1b: Milotic|Scald|p2a: Maushold
|-damage|p2a: Maushold|61/100
|
|-heal|p2b: Scovillain|84/100|[from] item: Leftovers
|-heal|p1b: Milotic|44/100|[from] item: Leftovers
|-ability|p2b: Scovillain|Moody|boost
|-boost|p2b: Scovillain|spa|1
|-unboost|p2b: Scovillain|atk|1
|upkeep
|
|t:|1785358798
|switch|p1a: Gliscor|Gliscor, L50, M|100/100
|turn|8
|
|t:|1785358846
|move|p2a: Maushold|Follow Me|p2a: Maushold
|-singleturn|p2a: Maushold|move: Follow Me
|move|p2b: Scovillain|Flamethrower|p1a: Gliscor
|-enditem|p1a: Gliscor|Focus Sash
|-damage|p1a: Gliscor|1/100
|move|p1a: Gliscor|Knock Off|p2a: Maushold
|-damage|p2a: Maushold|31/100
|-enditem|p2a: Maushold|Sitrus Berry|[from] move: Knock Off|[of] p1a: Gliscor
|move|p1b: Milotic|Scald|p2a: Maushold
|-damage|p2a: Maushold|0 fnt
|faint|p2a: Maushold
|
|-heal|p2b: Scovillain|90/100|[from] item: Leftovers
|-heal|p1b: Milotic|50/100y|[from] item: Leftovers
|-ability|p2b: Scovillain|Moody|boost
|-boost|p2b: Scovillain|spd|2
|-unboost|p2b: Scovillain|def|1
|upkeep
|
|t:|1785358881
|switch|p2a: Charizard|Charizard-Mega-Y, L50, M|60/100
|-weather|SunnyDay|[from] ability: Drought|[of] p2a: Charizard
|turn|9
|
|t:|1785358948
|move|p1b: Milotic|Protect|p1b: Milotic
|-singleturn|p1b: Milotic|Protect
|move|p2b: Scovillain|Giga Drain|p1a: Gliscor
|-crit|p1a: Gliscor
|-damage|p1a: Gliscor|0 fnt
|-heal|p2b: Scovillain|91/100|[from] drain|[of] p1a: Gliscor
|faint|p1a: Gliscor
|move|p2a: Charizard|Solar Beam||[still]
|-prepare|p2a: Charizard|Solar Beam
|-anim|p2a: Charizard|Solar Beam|p1b: Milotic
|-activate|p1b: Milotic|move: Protect
|
|-weather|SunnyDay|[upkeep]
|-heal|p2b: Scovillain|97/100|[from] item: Leftovers
|-heal|p1b: Milotic|55/100|[from] item: Leftovers
|-ability|p2b: Scovillain|Moody|boost
|-boost|p2b: Scovillain|def|2
|-unboost|p2b: Scovillain|spe|1
|upkeep
|turn|10
|
|t:|1785359020
|move|p2a: Charizard|Solar Beam||[still]
|-prepare|p2a: Charizard|Solar Beam
|-anim|p2a: Charizard|Solar Beam|p1b: Milotic
|-supereffective|p1b: Milotic|1
|-damage|p1b: Milotic|0 fnt
|faint|p1b: Milotic
|
|win|rager88
