|j|ÔİåTMJS01
|j|ÔİåIl Mule
|html|TMJS01Il Mule    
|uhtml|bestof|Game 3 of a best-of-3
|t:|1783438436
|gametype|doubles
|player|p1|TMJS01|unknown|1334
|player|p2|Il Mule|salvatore|1632
|gen|9
|tier|[Gen 9 Champions] VGC 2026 Reg M-B (Bo3)
|rated|
|rule|Species Clause: Limit one of each Pok├®mon
|rule|Item Clause: Limit 1 of each item
|clearpoke
|poke|p1|Sinistcha, L50|
|poke|p1|Incineroar, L50, F|
|poke|p1|Floette-Eternal, L50, F|
|poke|p1|Kingambit, L50, M|
|poke|p1|Camerupt, L50, M|
|poke|p1|Farigiraf, L50, M|
|poke|p2|Excadrill, L50, M|
|poke|p2|Tyranitar, L50, M|
|poke|p2|Sneasler, L50, M|
|poke|p2|Incineroar, L50, F|
|poke|p2|Froslass, L50, F|
|poke|p2|Sinistcha, L50|
|teampreview|4
|showteam|p1|Sinistcha||ColburBerry|Hospitality|MatchaGotcha,RagePowder,TrickRoom,LifeDew|Relaxed|||||50|]Incineroar||PasshoBerry|Intimidate|ThroatChop,FlareBlitz,PartingShot,FakeOut|Adamant||F|||50|]Floette-Eternal||Floettite|FlowerVeil|Protect,CalmMind,Moonblast,DazzlingGleam|Modest||F|||50|]Kingambit||FocusSash|Defiant|SuckerPunch,IronHead,KowtowCleave,LowKick|Brave||M|||50|]Camerupt||Cameruptite|SolidRock|AncientPower,HeatWave,EarthPower,Protect|Quiet||M|||50|]Farigiraf||SitrusBerry|ArmorTail|Thunderbolt,TwinBeam,TrickRoom,HelpingHand|Relaxed||M|||50|
|showteam|p2|Excadrill||FocusSash|SandRush|HighHorsepower,RockSlide,IronHead,Protect|Adamant||M|||50|]Tyranitar||Tyranitarite|SandStream|KnockOff,RockSlide,DragonDance,Protect|Adamant||M|||50|]Sneasler||WhiteHerb|Unburden|CloseCombat,DireClaw,Coaching,FakeOut|Jolly||M|||50|]Incineroar||SitrusBerry|Intimidate|FlareBlitz,HelpingHand,PartingShot,FakeOut|Impish||F|||50|]Froslass||Froslassite|CursedBody|Blizzard,ShadowBall,NastyPlot,Protect|Timid||F|||50|]Sinistcha||ColburBerry|Hospitality|MatchaGotcha,ShadowBall,RagePowder,Protect|Bold|||||50|
|inactive|Battle timer is ON: inactive players will automatically lose when time's up. (requested by TMJS01)
|j| rovesciaporci
|c|ÔİåTMJS01|Ahora veamos si es autolose o no rey
|c|ÔİåIl Mule|beh se fai twin beam invece di tr certo che posso vincere
|inactive|Il Mule has 60 seconds left.
|
|t:|1783438490
|teamsize|p1|4
|teamsize|p2|4
|start
|switch|p1a: Incineroar|Incineroar, L50, F|100/100
|switch|p1b: Farigiraf|Farigiraf, L50, M|100/100
|switch|p2a: Sabotage|Sneasler, L50, M|100/100
|switch|p2b: Quando provo|Tyranitar, L50, M|100/100
|-weather|Sandstorm|[from] ability: Sand Stream|[of] p2b: Quando provo
|-ability|p1a: Incineroar|Intimidate|boost
|-unboost|p2a: Sabotage|atk|1
|-unboost|p2b: Quando provo|atk|1
|-enditem|p2a: Sabotage|White Herb
|-clearnegativeboost|p2a: Sabotage|[silent]
|turn|1
|
|t:|1783438500
|detailschange|p2b: Quando provo|Tyranitar-Mega, L50, M
|-mega|p2b: Quando provo|Tyranitar|Tyranitarite
|move|p2a: Sabotage|Coaching|p2b: Quando provo
|-boost|p2b: Quando provo|atk|1
|-boost|p2b: Quando provo|def|1
|move|p2b: Quando provo|Rock Slide|p1b: Farigiraf|[spread] p1a
|-miss|p2b: Quando provo|p1b: Farigiraf
|-supereffective|p1a: Incineroar|1
|-damage|p1a: Incineroar|37/100
|move|p1a: Incineroar|Parting Shot|p2a: Sabotage
|-unboost|p2a: Sabotage|atk|1
|-unboost|p2a: Sabotage|spa|1
|
|t:|1783438507
|switch|p1a: Camerupt|Camerupt, L50, M|100/100|[from] Parting Shot
|move|p1b: Farigiraf|Trick Room|p1b: Farigiraf
|-fieldstart|move: Trick Room|[of] p1b: Farigiraf
|
|-weather|Sandstorm|[upkeep]
|-damage|p1b: Farigiraf|93/100|[from] Sandstorm
|-damage|p2a: Sabotage|93/100|[from] Sandstorm
|upkeep
|turn|2
|c|ÔİåIl Mule|e boia per├▓
|c|ÔİåTMJS01|Pucha
|c|ÔİåTMJS01|que pena amigo
|
|t:|1783438530
|switch|p1b: Incineroar|Incineroar, L50, F|37/100
|-ability|p1b: Incineroar|Intimidate|boost
|-unboost|p2a: Sabotage|atk|1
|-unboost|p2b: Quando provo|atk|1
|switch|p2a: Sidy|Incineroar, L50, F|100/100
|-ability|p2a: Sidy|Intimidate|boost
|-unboost|p1a: Camerupt|atk|1
|-unboost|p1b: Incineroar|atk|1
|detailschange|p1a: Camerupt|Camerupt-Mega, L50, M
|-mega|p1a: Camerupt|Camerupt|Cameruptite
|move|p2b: Quando provo|Protect|p2b: Quando provo
|-singleturn|p2b: Quando provo|Protect
|move|p1a: Camerupt|Earth Power|p2a: Sidy
|-supereffective|p2a: Sidy|1
|-damage|p2a: Sidy|0 fnt
|faint|p2a: Sidy
|
|-weather|Sandstorm|[upkeep]
|-damage|p1b: Incineroar|31/100|[from] Sandstorm
|upkeep
|c|ÔİåTMJS01|Ala que ez
|c|ÔİåIl Mule|hai ragione bro, gi├á ├¿ impossibile, se poi eviti perdo anche l'unica wincon
|inactive|Il Mule has 30 seconds left.
|
|t:|1783438557
|switch|p2a: Sabotage|Sneasler, L50, M|93/100
|turn|3
|c|ÔİåTMJS01|Era knock off a la jirafa
|c|ÔİåTMJS01|no hagas rock slide
|c|ÔİåTMJS01|asegura la jill en el tr
|
|t:|1783438578
|move|p1b: Incineroar|Fake Out|p2a: Sabotage
|-damage|p2a: Sabotage|82/100
|cant|p2a: Sabotage|flinch
|move|p1a: Camerupt|Earth Power|p2b: Quando provo
|-supereffective|p2b: Quando provo|1
|-damage|p2b: Quando provo|25/100
|move|p2b: Quando provo|Rock Slide|p1a: Camerupt|[spread] p1a,p1b
|-supereffective|p1b: Incineroar|1
|-damage|p1a: Camerupt|77/100
|-damage|p1b: Incineroar|0 fnt
|faint|p1b: Incineroar
|
|-weather|Sandstorm|[upkeep]
|-damage|p2a: Sabotage|76/100|[from] Sandstorm
|upkeep
|
|t:|1783438581
|switch|p1b: Farigiraf|Farigiraf, L50, M|93/100
|turn|4
|c|ÔİåIl Mule|ma che stai dicendo bro
|j| Tridello
|
|t:|1783438597
|switch|p2a: Gervasoni|Excadrill, L50, M|100/100
|move|p1b: Farigiraf|Helping Hand|p1a: Camerupt
|-singleturn|p1a: Camerupt|Helping Hand|[of] p1b: Farigiraf
|move|p2b: Quando provo|Protect|p2b: Quando provo
|-singleturn|p2b: Quando provo|Protect
|move|p1a: Camerupt|Heat Wave|p2a: Gervasoni|[spread] p2a
|-activate|p2b: Quando provo|move: Protect
|-supereffective|p2a: Gervasoni|1
|-enditem|p2a: Gervasoni|Focus Sash
|-damage|p2a: Gervasoni|1/100
|
|-weather|Sandstorm|[upkeep]
|-damage|p1b: Farigiraf|87/100|[from] Sandstorm
|upkeep
|turn|5
|
|t:|1783438612
|switch|p2b: Sabotage|Sneasler, L50, M|76/100
|move|p2a: Gervasoni|Protect|p2a: Gervasoni
|-singleturn|p2a: Gervasoni|Protect
|move|p1a: Camerupt|Earth Power|p2b: Sabotage
|-supereffective|p2b: Sabotage|1
|-damage|p2b: Sabotage|0 fnt
|faint|p2b: Sabotage
|move|p1b: Farigiraf|Twin Beam|p2a: Gervasoni
|-activate|p2a: Gervasoni|move: Protect
|
|-weather|none
|-fieldend|move: Trick Room
|upkeep
|
|t:|1783438618
|switch|p2b: Quando provo|Tyranitar-Mega, L50, M|25/100
|-weather|Sandstorm|[from] ability: Sand Stream|[of] p2b: Quando provo
|turn|6
|c| Tridello|a la jiraiya
|c|ÔİåIl Mule|sora lella
|c|ÔİåTMJS01|Todo a la jirafa rey
|c|ÔİåTMJS01|No hagas rock slide
|inactive|TMJS01 has 30 seconds left.
|c|ÔİåTMJS01|No cedas
|c| Tridello|immagina vivere nell'anno domini 2026 e avere autoloss dal team giraffa cammello
|c|ÔİåIl Mule|le seadas
|inactive|TMJS01 has 20 seconds left.
|c| Tridello|siamo alla frutta come si suol dire
|c|ÔİåTMJS01|Eartquake knock off
|c|ÔİåIl Mule|e i culurgiones
|inactive|TMJS01 has 15 seconds left.
|
|t:|1783438660
|move|p2a: Gervasoni|High Horsepower|p1a: Camerupt|[miss]
|-miss|p2a: Gervasoni|p1a: Camerupt
|move|p2b: Quando provo|Knock Off|p1b: Farigiraf
|-supereffective|p1b: Farigiraf|1
|-damage|p1b: Farigiraf|1/100
|-enditem|p1b: Farigiraf|Sitrus Berry|[from] move: Knock Off|[of] p2b: Quando provo
|move|p1a: Camerupt|Heat Wave|p2a: Gervasoni|[spread] p2a,p2b
|-supereffective|p2a: Gervasoni|1
|-resisted|p2b: Quando provo|1
|-damage|p2a: Gervasoni|0 fnt
|-damage|p2b: Quando provo|10/100
|faint|p2a: Gervasoni
|move|p1b: Farigiraf|Trick Room|p1b: Farigiraf
|-fieldstart|move: Trick Room|[of] p1b: Farigiraf
|
|-weather|Sandstorm|[upkeep]
|-damage|p1b: Farigiraf|0 fnt|[from] Sandstorm
|faint|p1b: Farigiraf
|upkeep
|c|ÔİåIl Mule|BOIA
|c|ÔİåIl Mule|BOIA
|c| Tridello|si vabb├¿
|c|ÔİåTMJS01|Ala
|c|ÔİåTMJS01|f amigo
|
|t:|1783438670
|switch|p1b: Kingambit|Kingambit, L50, M|100/100
|turn|7
|c|ÔİåTMJS01|Gg ez
|c|ÔİåTMJS01|te veo
|c|ÔİåTMJS01|en qorld
|c|ÔİåTMJS01|papi
|c|ÔİåIl Mule|papichulo
|c|ÔİåTMJS01|Gaaaa
|c|ÔİåTMJS01|Jajaja
|c|ÔİåTMJS01|saludos a fab
|c|ÔİåIl Mule|fabio
|
|t:|1783438694
|move|p1b: Kingambit|Sucker Punch|p2b: Quando provo
|-resisted|p2b: Quando provo|1
|-damage|p2b: Quando provo|0 fnt
|faint|p2b: Quando provo
|
|win|TMJS01
|raw|TMJS01's rating: 1334 → 1368(+34 for winning)
|raw|Il Mule's rating: 1632 → 1598(-34 for losing)
|c| Tridello|papi no te preocupas
|c|ÔİåTMJS01|Ggs
|l|ÔİåIl Mule
|player|p2|
|l| Tridello
|l|ÔİåTMJS01
|player|p1|
|l| rovesciaporci
|j|ÔİåTMJS01
|player|p1|TMJS01|unknown|
