|j|☆takedownmy
|j|☆CosmicIvy3
|html|takedownmyCosmicIvy3    
|uhtml|bestof|Game 1 of a best-of-3
|t:|1756431597
|gametype|doubles
|player|p1|takedownmy|102|1177
|player|p2|CosmicIvy3|gambler|1086
|gen|9
|tier|[Gen 9] VGC 2025 Reg H (Bo3)
|rated|
|rule|Species Clause: Limit one of each Pokémon
|rule|Item Clause: Limit 1 of each item
|clearpoke
|poke|p1|Glalie, L50, F|
|poke|p1|Incineroar, L50, M|
|poke|p1|Rillaboom, L50, M|
|poke|p1|Ninetales-Alola, L50, F|
|poke|p1|Gholdengo, L50|
|poke|p1|Sneasler, L50, M|
|poke|p2|Dragonite, L50, M|
|poke|p2|Gholdengo, L50|
|poke|p2|Ursaluna, L50, M|
|poke|p2|Sinistcha, L50|
|poke|p2|Pelipper, L50, M|
|poke|p2|Archaludon, L50, M|
|teampreview|4
|showteam|p1|Glalie||Leftovers|Moody|IceBeam,TeraBlast,Substitute,Protect|||F|||50|,,,,,Electric]Incineroar||SafetyGoggles|Intimidate|FlareBlitz,KnockOff,PartingShot,FakeOut|||M|||50|,,,,,Ghost]Rillaboom||AssaultVest|GrassySurge|FakeOut,GrassyGlide,DrumBeating,HighHorsepower|||M|||50|,,,,,Fire]Ninetales-Alola||FocusSash|SnowWarning|Blizzard,IcyWind,Encore,AuroraVeil|||F|||50|,,,,,Ghost]Gholdengo||GrassySeed|GoodasGold|NastyPlot,MakeItRain,ShadowBall,Protect||||||50|,,,,,Water]Sneasler||WhiteHerb|Unburden|CloseCombat,DireClaw,ThroatChop,Protect|||M|||50|,,,,,Dark
|showteam|p2|Dragonite||LoadedDice|Multiscale|ScaleShot,Tailwind,Haze,ExtremeSpeed|||M|||50|,,,,,Fairy]Gholdengo||ChoiceScarf|GoodasGold|MakeItRain,ShadowBall,Trick,PowerGem||||||50|,,,,,Flying]Ursaluna||FlameOrb|Guts|Facade,HeadlongRush,Protect,Earthquake|||M|||50|,,,,,Dragon]Sinistcha||SitrusBerry|Hospitality|MatchaGotcha,RagePowder,LifeDew,TrickRoom||||||50|,,,,,Dark]Pelipper||FocusSash|Drizzle|MuddyWater,Hurricane,WideGuard,Protect|||M|||50|,,,,,Grass]Archaludon||AssaultVest|Stamina|ElectroShot,DracoMeteor,BodyPress,Snarl|||M|||50|,,,,,Fighting
|inactive|Battle timer is ON: inactive players will automatically lose when time's up. (requested by takedownmy)
|inactive|takedownmy has 60 seconds left.
|inactive|CosmicIvy3 has 60 seconds left.
|
|t:|1756431648
|teamsize|p1|4
|teamsize|p2|4
|start
|switch|p1a: Glalie|Glalie, L50, F|100/100
|switch|p1b: Incineroar|Incineroar, L50, M|100/100
|switch|p2a: Gholdengo|Gholdengo, L50|100/100
|switch|p2b: Dragonite|Dragonite, L50, M|100/100
|-ability|p1b: Incineroar|Intimidate|boost
|-unboost|p2a: Gholdengo|atk|1
|-unboost|p2b: Dragonite|atk|1
|turn|1
|inactive|takedownmy has 30 seconds left.
|
|t:|1756431677
|move|p1a: Glalie|Protect|p1a: Glalie
|-singleturn|p1a: Glalie|Protect
|move|p1b: Incineroar|Fake Out|p2b: Dragonite
|-damage|p2b: Dragonite|95/100
|move|p2a: Gholdengo|Power Gem|p1b: Incineroar
|-supereffective|p1b: Incineroar
|-damage|p1b: Incineroar|54/100
|cant|p2b: Dragonite|flinch
|
|-ability|p1a: Glalie|Moody|boost
|-boost|p1a: Glalie|spd|2
|-unboost|p1a: Glalie|def|1
|upkeep
|turn|2
|
|t:|1756431698
|switch|p1a: Ninetales|Ninetales-Alola, L50, F|100/100
|-weather|Snowscape|[from] ability: Snow Warning|[of] p1a: Ninetales
|move|p2a: Gholdengo|Power Gem|p1b: Incineroar
|-supereffective|p1b: Incineroar
|-damage|p1b: Incineroar|12/100
|move|p2b: Dragonite|Scale Shot|p1b: Incineroar|[miss]
|-miss|p2b: Dragonite|p1b: Incineroar
|move|p1b: Incineroar|Flare Blitz|p2a: Gholdengo
|-supereffective|p2a: Gholdengo
|-damage|p2a: Gholdengo|12/100
|-damage|p1b: Incineroar|0 fnt|[from] Recoil
|faint|p1b: Incineroar
|
|-weather|Snowscape|[upkeep]
|upkeep
|
|t:|1756431709
|switch|p1b: Glalie|Glalie, L50, F|100/100
|turn|3
|
|t:|1756431725
|switch|p2a: Pelipper|Pelipper, L50, M, shiny|100/100
|-weather|RainDance|[from] ability: Drizzle|[of] p2a: Pelipper
|-terastallize|p2b: Dragonite|Fairy
|move|p1a: Ninetales|Blizzard|p2b: Dragonite|[spread] p2a,p2b
|-damage|p2a: Pelipper|45/100
|-damage|p2b: Dragonite|59/100
|-status|p2b: Dragonite|frz
|move|p1b: Glalie|Substitute|p1b: Glalie
|-start|p1b: Glalie|Substitute
|-damage|p1b: Glalie|75/100
|cant|p2b: Dragonite|frz
|
|-weather|RainDance|[upkeep]
|-heal|p1b: Glalie|82/100|[from] item: Leftovers
|-ability|p1b: Glalie|Moody|boost
|-boost|p1b: Glalie|spe|2
|-unboost|p1b: Glalie|atk|1
|upkeep
|turn|4
|inactive|takedownmy has 30 seconds left.
|inactive|CosmicIvy3 has 30 seconds left.
|inactive|CosmicIvy3 has 20 seconds left.
|
|t:|1756431761
|switch|p1a: Sneasler|Sneasler, L50, M|100/100
|-terastallize|p1b: Glalie|Electric
|move|p1b: Glalie|Tera Blast|p2a: Pelipper|[anim] Tera Blast Electric
|-supereffective|p2a: Pelipper
|-damage|p2a: Pelipper|0 fnt
|faint|p2a: Pelipper
|cant|p2b: Dragonite|frz
|
|-weather|RainDance|[upkeep]
|-heal|p1b: Glalie|88/100|[from] item: Leftovers
|-ability|p1b: Glalie|Moody|boost
|-boost|p1b: Glalie|atk|2
|-unboost|p1b: Glalie|spa|1
|upkeep
|
|t:|1756431779
|switch|p2a: Gholdengo|Gholdengo, L50|12/100
|turn|5
|
|t:|1756431790
|-curestatus|p2b: Dragonite|frz|[msg]
|move|p2b: Dragonite|Extreme Speed|p1a: Sneasler
|-crit|p1a: Sneasler
|-damage|p1a: Sneasler|41/100
|move|p1b: Glalie|Tera Blast|p2a: Gholdengo|[anim] Tera Blast Electric
|-damage|p2a: Gholdengo|0 fnt
|faint|p2a: Gholdengo
|move|p1a: Sneasler|Dire Claw|p2b: Dragonite
|-supereffective|p2b: Dragonite
|-damage|p2b: Dragonite|0 fnt
|faint|p2b: Dragonite
|
|-weather|RainDance|[upkeep]
|-heal|p1b: Glalie|94/100|[from] item: Leftovers
|-ability|p1b: Glalie|Moody|boost
|-boost|p1b: Glalie|atk|2
|-unboost|p1b: Glalie|def|1
|upkeep
|
|t:|1756431810
|switch|p2b: Archaludon|Archaludon, L50, M, shiny|100/100
|turn|6
|
|t:|1756431823
|move|p1b: Glalie|Protect|p1b: Glalie
|-singleturn|p1b: Glalie|Protect
|move|p1a: Sneasler|Close Combat|p2b: Archaludon
|-supereffective|p2b: Archaludon
|-damage|p2b: Archaludon|37/100
|-unboost|p1a: Sneasler|def|1
|-unboost|p1a: Sneasler|spd|1
|-ability|p2b: Archaludon|Stamina|boost
|-boost|p2b: Archaludon|def|1
|-enditem|p1a: Sneasler|White Herb
|-clearnegativeboost|p1a: Sneasler|[silent]
|move|p2b: Archaludon|Electro Shot||[still]
|-prepare|p2b: Archaludon|Electro Shot
|-boost|p2b: Archaludon|spa|1
|-anim|p2b: Archaludon|Electro Shot|p1a: Sneasler
|-damage|p1a: Sneasler|0 fnt
|faint|p1a: Sneasler
|
|-weather|RainDance|[upkeep]
|-heal|p1b: Glalie|100/100|[from] item: Leftovers
|-ability|p1b: Glalie|Moody|boost
|-boost|p1b: Glalie|spe|2
|-unboost|p1b: Glalie|spd|1
|upkeep
|
|t:|1756431838
|switch|p1a: Ninetales|Ninetales-Alola, L50, F|100/100
|-weather|Snowscape|[from] ability: Snow Warning|[of] p1a: Ninetales
|turn|7
|
|t:|1756431849
|move|p1b: Glalie|Ice Beam|p2b: Archaludon
|-damage|p2b: Archaludon|21/100
|-ability|p2b: Archaludon|Stamina|boost
|-boost|p2b: Archaludon|def|1
|move|p1a: Ninetales|Encore|p2b: Archaludon
|-start|p2b: Archaludon|Encore
|move|p2b: Archaludon|Electro Shot||[still]
|-prepare|p2b: Archaludon|Electro Shot
|-boost|p2b: Archaludon|spa|1
|
|-weather|Snowscape|[upkeep]
|-ability|p1b: Glalie|Moody|boost
|-boost|p1b: Glalie|atk|2
|-unboost|p1b: Glalie|def|1
|upkeep
|turn|8
|
|t:|1756431866
|move|p1b: Glalie|Ice Beam|p2b: Archaludon
|-damage|p2b: Archaludon|6/100
|-ability|p2b: Archaludon|Stamina|boost
|-boost|p2b: Archaludon|def|1
|move|p1a: Ninetales|Aurora Veil|p1a: Ninetales
|-sidestart|p1: takedownmy|move: Aurora Veil
|move|p2b: Archaludon|Electro Shot|p1a: Ninetales|[from] lockedmove
|-damage|p1a: Ninetales|44/100
|
|-weather|Snowscape|[upkeep]
|-ability|p1b: Glalie|Moody|boost
|-boost|p1b: Glalie|spa|2
|-unboost|p1b: Glalie|def|1
|upkeep
|turn|9
|
|t:|1756431880
|move|p1b: Glalie|Ice Beam|p2b: Archaludon
|-damage|p2b: Archaludon|0 fnt
|faint|p2b: Archaludon
|
|win|takedownmy
||takedownmy is ready for game 2.
||CosmicIvy3 is ready for game 2.
|uhtml|next|Next: Game 2 of 3
