|j|☆25th_mang
|j|☆Zacharykeith
|html|25th_mangZacharykeith    
|uhtml|bestof|Game 2 of a best-of-3
|t:|1757760977
|gametype|doubles
|player|p1|25th_mang|ballguy|1022
|player|p2|Zacharykeith|fisherman-gen4|1099
|gen|9
|tier|[Gen 9] VGC 2025 Reg H (Bo3)
|rated|
|rule|Species Clause: Limit one of each Pokémon
|rule|Item Clause: Limit 1 of each item
|clearpoke
|poke|p1|Pelipper, L50, F|
|poke|p1|Archaludon, L50, F|
|poke|p1|Quaquaval, L50, F|
|poke|p1|Kingambit, L50, F|
|poke|p1|Rillaboom, L50, F|
|poke|p1|Dragapult, L50, F|
|poke|p2|Baxcalibur, L50, M|
|poke|p2|Kingambit, L50, M|
|poke|p2|Dondozo, L50, F|
|poke|p2|Rillaboom, L50, M|
|poke|p2|Magmar, L50, F|
|poke|p2|Sneasler, L50, M|
|teampreview|4
|showteam|p1|Pelipper||ChoiceScarf|Drizzle|Hurricane,WeatherBall,Tailwind,Uturn|||F|||50|,,,,,Ghost]Archaludon||ChoiceSpecs|Sturdy|ElectroShot,FlashCannon,DracoMeteor,DragonPulse|||F|||50|,,,,,Electric]Quaquaval||FocusSash|Moxie|AquaStep,UpperHand,CloseCombat,Protect|||F|||50|,,,,,Water]Kingambit||BlackGlasses|Defiant|KowtowCleave,SuckerPunch,IronHead,Protect|||F|||50|,,,,,Dark]Rillaboom||AssaultVest|GrassySurge|FakeOut,WoodHammer,GrassyGlide,Uturn|||F|||50|,,,,,Fire]Dragapult||ChoiceBand|ClearBody|DragonDarts,Outrage,PhantomForce,Uturn|||F|||50|,,,,,Dragon
|showteam|p2|Baxcalibur||LoadedDice|ThermalExchange|IcicleSpear,IceShard,ScaleShot,Protect|||M|||50|,,,,,Ghost]Kingambit||BlackGlasses|Defiant|SuckerPunch,KowtowCleave,SwordsDance,Protect|||M|||50|,,,,,Dark]Dondozo||Leftovers|Unaware|WaveCrash,Fissure,Yawn,Protect|||F|||50|,,,,,Grass]Rillaboom||AssaultVest|GrassySurge|FakeOut,GrassyGlide,WoodHammer,Uturn|||M|||50|,,,,,Fire]Magmar||Eviolite|VitalSpirit|Overheat,WillOWisp,FollowMe,Protect|||F|||50|,,,,,Fairy]Sneasler||FocusSash|PoisonTouch|DireClaw,CloseCombat,Coaching,Protect|||M|||50|,,,,,Stellar
|inactive|Battle timer is ON: inactive players will automatically lose when time's up. (requested by 25th_mang)
|
|t:|1757760995
|teamsize|p1|4
|teamsize|p2|4
|start
|switch|p1a: jeongsachaeng|Dragapult, L50, F, shiny|100/100
|switch|p1b: jihyo|Rillaboom, L50, F, shiny|100/100
|switch|p2a: King Bug|Kingambit, L50, M, shiny|100/100
|switch|p2b: Forest Dude|Rillaboom, L50, M, shiny|100/100
|-fieldstart|move: Grassy Terrain|[from] ability: Grassy Surge|[of] p2b: Forest Dude
|turn|1
|inactive|25th_mang has 30 seconds left.
|
|t:|1757761022
|move|p2a: King Bug|Protect|p2a: King Bug
|-singleturn|p2a: King Bug|Protect
|move|p1a: jeongsachaeng|U-turn|p2b: Forest Dude
|-supereffective|p2b: Forest Dude
|-damage|p2b: Forest Dude|30/100
|
|t:|1757761031
|switch|p1a: tzuyu|Archaludon, L50, F, shiny|100/100|[from] U-turn
|move|p2b: Forest Dude|U-turn|p1b: jihyo
|-supereffective|p1b: jihyo
|-damage|p1b: jihyo|53/100
|
|t:|1757761039
|switch|p2b: Metal T-Rex|Baxcalibur, L50, M|100/100|[from] U-turn
|move|p1b: jihyo|U-turn|p2b: Metal T-Rex
|-damage|p2b: Metal T-Rex|78/100
|
|t:|1757761047
|switch|p1b: dahyun|Pelipper, L50, F|100/100|[from] U-turn
|-weather|RainDance|[from] ability: Drizzle|[of] p1b: dahyun
|
|-weather|RainDance|[upkeep]
|-heal|p2b: Metal T-Rex|84/100|[from] Grassy Terrain
|upkeep
|turn|2
|inactive|Zacharykeith has 30 seconds left.
|
|t:|1757761073
|-terastallize|p1a: tzuyu|Electric
|-terastallize|p2a: King Bug|Dark
|move|p2a: King Bug|Sucker Punch|p1b: dahyun
|-damage|p1b: dahyun|20/100
|move|p1b: dahyun|U-turn|p2a: King Bug
|-supereffective|p2a: King Bug
|-damage|p2a: King Bug|89/100
|
|t:|1757761083
|switch|p1b: jihyo|Rillaboom, L50, F, shiny|53/100|[from] U-turn
|move|p1a: tzuyu|Electro Shot||[still]
|-prepare|p1a: tzuyu|Electro Shot
|-boost|p1a: tzuyu|spa|1
|-anim|p1a: tzuyu|Electro Shot|p2a: King Bug
|-crit|p2a: King Bug
|-damage|p2a: King Bug|0 fnt
|faint|p2a: King Bug
|move|p2b: Metal T-Rex|Scale Shot|p1a: tzuyu
|-damage|p1a: tzuyu|87/100
|-damage|p1a: tzuyu|74/100
|-damage|p1a: tzuyu|61/100
|-damage|p1a: tzuyu|49/100
|-damage|p1a: tzuyu|34/100
|-hitcount|p1a: tzuyu|5
|-unboost|p2b: Metal T-Rex|def|1
|-boost|p2b: Metal T-Rex|spe|1
|
|-weather|RainDance|[upkeep]
|-heal|p2b: Metal T-Rex|90/100|[from] Grassy Terrain
|-heal|p1a: tzuyu|40/100|[from] Grassy Terrain
|-heal|p1b: jihyo|59/100|[from] Grassy Terrain
|upkeep
|
|t:|1757761099
|switch|p2a: Forest Dude|Rillaboom, L50, M, shiny|30/100
|turn|3
|
|t:|1757761121
|move|p2a: Forest Dude|Fake Out|p1b: jihyo
|-damage|p1b: jihyo|45/100
|move|p2b: Metal T-Rex|Scale Shot|p1a: tzuyu
|-damage|p1a: tzuyu|26/100
|-damage|p1a: tzuyu|13/100
|-damage|p1a: tzuyu|0 fnt
|faint|p1a: tzuyu
|-hitcount|p1: tzuyu|3
|-unboost|p2b: Metal T-Rex|def|1
|-boost|p2b: Metal T-Rex|spe|1
|cant|p1b: jihyo|flinch
|
|-weather|RainDance|[upkeep]
|-heal|p2b: Metal T-Rex|96/100|[from] Grassy Terrain
|-heal|p2a: Forest Dude|36/100|[from] Grassy Terrain
|-heal|p1b: jihyo|51/100|[from] Grassy Terrain
|upkeep
|
|t:|1757761135
|switch|p1a: jeongsachaeng|Dragapult, L50, F, shiny|100/100
|turn|4
|
|t:|1757761143
|move|p1b: jihyo|Grassy Glide|p2b: Metal T-Rex
|-resisted|p2b: Metal T-Rex
|-damage|p2b: Metal T-Rex|57/100
|move|p2b: Metal T-Rex|Icicle Spear|p1a: jeongsachaeng
|-supereffective|p1a: jeongsachaeng
|-damage|p1a: jeongsachaeng|60/100
|-supereffective|p1a: jeongsachaeng
|-damage|p1a: jeongsachaeng|18/100
|-supereffective|p1a: jeongsachaeng
|-damage|p1a: jeongsachaeng|0 fnt
|faint|p1a: jeongsachaeng
|-hitcount|p1: jeongsachaeng|3
|move|p2a: Forest Dude|U-turn|p1b: jihyo
|-supereffective|p1b: jihyo
|-damage|p1b: jihyo|6/100
|
|t:|1757761155
|switch|p2a: Donbozo|Dondozo, L50, F, shiny|100/100|[from] U-turn
|
|-weather|RainDance|[upkeep]
|-heal|p2b: Metal T-Rex|64/100|[from] Grassy Terrain
|-heal|p1b: jihyo|12/100|[from] Grassy Terrain
|upkeep
|
|t:|1757761159
|switch|p1a: dahyun|Pelipper, L50, F|20/100
|turn|5
|
|t:|1757761167
|move|p2b: Metal T-Rex|Ice Shard|p1a: dahyun
|-damage|p1a: dahyun|0 fnt
|faint|p1a: dahyun
|move|p1b: jihyo|Grassy Glide|p2a: Donbozo
|-supereffective|p2a: Donbozo
|-damage|p2a: Donbozo|56/100
|move|p2a: Donbozo|Wave Crash|p1b: jihyo
|-resisted|p1b: jihyo
|-crit|p1b: jihyo
|-damage|p1b: jihyo|0 fnt
|faint|p1b: jihyo
|-damage|p2a: Donbozo|53/100|[from] Recoil
|
|win|Zacharykeith
