|j|‽Streisten
|j|☆Felipe Antonelli
|html|StreistenFelipe Antonelli    
|uhtml|bestof|Game 3 of a best-of-3
|t:|1756521302
|gametype|doubles
|player|p1|Streisten|preschooler|1045
|player|p2|Felipe Antonelli|169|1178
|gen|9
|tier|[Gen 9] VGC 2025 Reg H (Bo3)
|rated|
|rule|Species Clause: Limit one of each Pokémon
|rule|Item Clause: Limit 1 of each item
|clearpoke
|poke|p1|Gholdengo, L50|
|poke|p1|Amoonguss, L50, M|
|poke|p1|Porygon2, L50|
|poke|p1|Incineroar, L50, M|
|poke|p1|Ursaluna, L50, M|
|poke|p1|Hydreigon, L50, M|
|poke|p2|Rillaboom, L50, M|
|poke|p2|Talonflame, L50, M|
|poke|p2|Kingambit, L50, M|
|poke|p2|Kommo-o, L50, M|
|poke|p2|Ursaluna-Bloodmoon, L50, M|
|poke|p2|Palafin, L50, F|
|teampreview|4
|showteam|p1|Gholdengo||MetalCoat|GoodasGold|MakeItRain,ShadowBall,NastyPlot,Protect||||||50|,,,,,Dragon]Amoonguss||CovertCloak|Regenerator|PollenPuff,Spore,RagePowder,Protect|||M|||50|,,,,,Fire]Porygon2||Eviolite|Download|TeraBlast,IceBeam,TrickRoom,Recover||||||50|,,,,,Fighting]Incineroar||SitrusBerry|Intimidate|FakeOut,FlareBlitz,KnockOff,PartingShot|||M|||50|,,,,,Grass]Ursaluna||FlameOrb|Guts|Facade,HeadlongRush,Earthquake,Protect|||M|||50|,,,,,Ghost]Hydreigon||SafetyGoggles|Levitate|DracoMeteor,Snarl,Tailwind,Protect|||M|||50|,,,,,Ghost
|showteam|p2|Rillaboom||AssaultVest|GrassySurge|GrassyGlide,FakeOut,WoodHammer,Uturn|||M|||50|,,,,,Fire]Talonflame||GrassySeed|GaleWings|Acrobatics,Tailwind,Protect,FlareBlitz|||M|||50|,,,,,Ground]Kingambit||CovertCloak|Defiant|SuckerPunch,ThroatChop,LowKick,IronHead|||M|||50|,,,,,Dragon]Kommo-o||ThroatSpray|Overcoat|ClangingScales,ClangorousSoul,Protect,AuraSphere|||M|||50|,,,,,Steel]Ursaluna-Bloodmoon||LifeOrb|MindsEye|BloodMoon,VacuumWave,Protect,EarthPower|||M|||50|,,,,,Ghost]Palafin||MysticWater|ZerotoHero|WaveCrash,JetPunch,IcePunch,Protect|||F|||50|,,,,,Grass
|
|t:|1756521351
|teamsize|p1|4
|teamsize|p2|4
|start
|switch|p1a: Amoonguss|Amoonguss, L50, M, shiny|100/100
|switch|p1b: Porygon2|Porygon2, L50, shiny|100/100
|switch|p2a: Rillaboom|Rillaboom, L50, M|100/100
|switch|p2b: Palafin|Palafin, L50, F|100/100
|-fieldstart|move: Grassy Terrain|[from] ability: Grassy Surge|[of] p2a: Rillaboom
|-ability|p1b: Porygon2|Download|boost
|-boost|p1b: Porygon2|spa|1
|turn|1
|
|t:|1756521382
|detailschange|p2b: Palafin|Palafin-Hero, L50, F
|switch|p2b: Talonflame|Talonflame, L50, M|100/100
|-enditem|p2b: Talonflame|Grassy Seed
|-boost|p2b: Talonflame|def|1|[from] item: Grassy Seed
|switch|p1a: Incineroar|Incineroar, L50, M, shiny|100/100
|-ability|p1a: Incineroar|Intimidate|boost
|-unboost|p2a: Rillaboom|atk|1
|-unboost|p2b: Talonflame|atk|1
|move|p2a: Rillaboom|Fake Out|p1b: Porygon2
|-damage|p1b: Porygon2|94/100
|cant|p1b: Porygon2|flinch
|
|-heal|p1b: Porygon2|99/100|[from] Grassy Terrain
|upkeep
|turn|2
|
|t:|1756521443
|move|p2b: Talonflame|Protect|p2b: Talonflame
|-singleturn|p2b: Talonflame|Protect
|move|p2a: Rillaboom|U-turn|p1b: Porygon2
|-damage|p1b: Porygon2|88/100
|
|t:|1756521454
|switch|p2a: Palafin|Palafin-Hero, L50, F|100/100|[from] U-turn
|-activate|p2a: Palafin|ability: Zero to Hero
|move|p1a: Incineroar|Flare Blitz|p2a: Palafin
|-resisted|p2a: Palafin
|-damage|p2a: Palafin|75/100
|-status|p2a: Palafin|brn
|-damage|p1a: Incineroar|93/100|[from] Recoil
|move|p1b: Porygon2|Trick Room|p1b: Porygon2
|-fieldstart|move: Trick Room|[of] p1b: Porygon2
|
|-heal|p1b: Porygon2|94/100|[from] Grassy Terrain
|-heal|p1a: Incineroar|99/100|[from] Grassy Terrain
|-heal|p2a: Palafin|81/100 brn|[from] Grassy Terrain
|-damage|p2a: Palafin|75/100 brn|[from] brn
|upkeep
|turn|3
|
|t:|1756521490
|switch|p2b: Kommo-o|Kommo-o, L50, M|100/100
|move|p1b: Porygon2|Tera Blast|p2b: Kommo-o
|-damage|p2b: Kommo-o|39/100
|move|p1a: Incineroar|Parting Shot|p2b: Kommo-o
|-unboost|p2b: Kommo-o|atk|1
|-unboost|p2b: Kommo-o|spa|1
|
|t:|1756521505
|switch|p1a: Ursaluna|Ursaluna, L50, M, shiny|100/100|[from] Parting Shot
|move|p2a: Palafin|Wave Crash|p1b: Porygon2
|-damage|p1b: Porygon2|63/100
|-damage|p2a: Palafin|64/100 brn|[from] Recoil
|
|-heal|p1b: Porygon2|69/100|[from] Grassy Terrain
|-heal|p2b: Kommo-o|44/100|[from] Grassy Terrain
|-heal|p2a: Palafin|70/100 brn|[from] Grassy Terrain
|-damage|p2a: Palafin|64/100 brn|[from] brn
|-status|p1a: Ursaluna|brn|[from] item: Flame Orb
|upkeep
|turn|4
|
|t:|1756521538
|move|p2a: Palafin|Protect|p2a: Palafin
|-singleturn|p2a: Palafin|Protect
|move|p1b: Porygon2|Tera Blast|p2a: Palafin
|-activate|p2a: Palafin|move: Protect
|move|p1a: Ursaluna|Facade|p2b: Kommo-o
|-damage|p2b: Kommo-o|0 fnt
|faint|p2b: Kommo-o
|
|-heal|p1b: Porygon2|75/100|[from] Grassy Terrain
|-heal|p2a: Palafin|70/100 brn|[from] Grassy Terrain
|-damage|p1a: Ursaluna|94/100 brn|[from] brn
|-damage|p2a: Palafin|64/100 brn|[from] brn
|upkeep
|
|t:|1756521554
|switch|p2b: Rillaboom|Rillaboom, L50, M|100/100
|turn|5
|
|t:|1756521565
|-terastallize|p1a: Ursaluna|Ghost
|move|p1b: Porygon2|Tera Blast|p2a: Palafin
|-crit|p2a: Palafin
|-damage|p2a: Palafin|0 fnt
|faint|p2a: Palafin
|move|p1a: Ursaluna|Facade|p2b: Rillaboom
|-damage|p2b: Rillaboom|0 fnt
|faint|p2b: Rillaboom
|
|-heal|p1b: Porygon2|82/100|[from] Grassy Terrain
|-heal|p1a: Ursaluna|100/100 brn|[from] Grassy Terrain
|-damage|p1a: Ursaluna|94/100 brn|[from] brn
|-fieldend|move: Grassy Terrain
|upkeep
|-message|Felipe Antonelli forfeited.
|
|win|Streisten
|raw|Streisten's rating: 1045 → 1090(+45 for winning)
|raw|Felipe Antonelli's rating: 1178 → 1144(-34 for losing)
|l|☆Felipe Antonelli
|player|p2|
