|j|☆NightshadeAI
|j|☆NathanaelW19
|html|NightshadeAINathanaelW19    
|uhtml|bestof|Game 1 of a best-of-3
|t:|1783523083
|gametype|doubles
|player|p1|NightshadeAI|265|1144
|player|p2|NathanaelW19|265|1116
|gen|9
|tier|[Gen 9 Champions] VGC 2026 Reg M-B (Bo3)
|rated|
|rule|Species Clause: Limit one of each Pokémon
|rule|Item Clause: Limit 1 of each item
|clearpoke
|poke|p1|Whimsicott, L50, M|
|poke|p1|Charizard, L50, F|
|poke|p1|Basculegion, L50, M|
|poke|p1|Garchomp, L50, M|
|poke|p1|Floette-Eternal, L50, F|
|poke|p1|Kingambit, L50, M|
|poke|p2|Scrafty, L50, F|
|poke|p2|Farigiraf, L50, F, shiny|
|poke|p2|Houndoom, L50, F, shiny|
|poke|p2|Torkoal, L50, M|
|poke|p2|Aerodactyl, L50, M, shiny|
|poke|p2|Garchomp, L50, M, shiny|
|teampreview|4
|showteam|p1|Whimsicott||FocusSash|Prankster|Moonblast,Tailwind,Encore,Protect|Timid||M|||50|]Charizard||CharizarditeY|Blaze|WeatherBall,SolarBeam,HeatWave,Protect|Modest||F|||50|]Basculegion||MysticWater|Adaptability|LastRespects,WaveCrash,AquaJet,Protect|Adamant||M|||50|]Garchomp||LifeOrb|RoughSkin|DragonClaw,Earthquake,RockSlide,Protect|Adamant||M|||50|]Floette-Eternal||Floettite|FlowerVeil|DazzlingGleam,LightofRuin,Moonblast,Protect|Modest||F|||50|]Kingambit||ChopleBerry|Defiant|KowtowCleave,SuckerPunch,IronHead,LowKick|Adamant||M|||50|
|showteam|p2|Scrafty||Scraftinite|Intimidate|Curse,FakeOut,DrainPunch,KnockOff|Brave||F|||50|]Farigiraf||ColburBerry|ArmorTail|TrickRoom,TwinBeam,AllySwitch,Protect|Calm||F|||50|]Houndoom||Houndoominite|Unnerve|SolarBeam,Overheat,DarkPulse,HeatWave|Timid||F|||50|]Torkoal||Charcoal|Drought|Eruption,EarthPower,WeatherBall,Protect|Quiet||M|||50|]Aerodactyl||FocusSash|Unnerve|RockSlide,WideGuard,Tailwind,Protect|Jolly||M|||50|]Garchomp||LifeOrb|RoughSkin|Earthquake,StompingTantrum,DragonClaw,Protect|Jolly||M|||50|
|inactive|Battle timer is ON: inactive players will automatically lose when time's up. (requested by NightshadeAI)
|inactive|NathanaelW19 also wants the timer to be on.
|c|☆NathanaelW19|glhf
|inactive|NathanaelW19 has 60 seconds left.
|
|t:|1783523138
|teamsize|p1|4
|teamsize|p2|4
|start
|switch|p1a: Whimsicott|Whimsicott, L50, M|100/100
|switch|p1b: Charizard|Charizard, L50, F|100/100
|switch|p2a: Houndoom|Houndoom, L50, F, shiny|100/100
|switch|p2b: Aerodactyl|Aerodactyl, L50, M, shiny|100/100
|-ability|p2b: Aerodactyl|Unnerve
|-ability|p2a: Houndoom|Unnerve
|turn|1
|
|t:|1783523150
|detailschange|p2a: Houndoom|Houndoom-Mega, L50, F, shiny
|-mega|p2a: Houndoom|Houndoom|Houndoominite
|detailschange|p1b: Charizard|Charizard-Mega-Y, L50, F
|-mega|p1b: Charizard|Charizard|Charizardite Y
|-weather|SunnyDay|[from] ability: Drought|[of] p1b: Charizard
|move|p1a: Whimsicott|Tailwind|p1a: Whimsicott
|-sidestart|p1: NightshadeAI|move: Tailwind
|move|p1b: Charizard|Heat Wave|p2b: Aerodactyl|[spread] p2a
|-miss|p1b: Charizard|p2b: Aerodactyl
|-resisted|p2a: Houndoom|1
|-damage|p2a: Houndoom|50/100g
|move|p2b: Aerodactyl|Tailwind|p2b: Aerodactyl
|-sidestart|p2: NathanaelW19|move: Tailwind
|move|p2a: Houndoom|Heat Wave|p1b: Charizard|[spread] p1a,p1b
|-supereffective|p1a: Whimsicott|1
|-resisted|p1b: Charizard|1
|-crit|p1b: Charizard
|-enditem|p1a: Whimsicott|Focus Sash
|-damage|p1a: Whimsicott|1/100
|-damage|p1b: Charizard|41/100
|
|-weather|SunnyDay|[upkeep]
|-damage|p2a: Houndoom|38/100|[from] ability: Solar Power|[of] p2a: Houndoom
|upkeep
|turn|2
|
|t:|1783523175
|move|p1a: Whimsicott|Protect|p1a: Whimsicott
|-singleturn|p1a: Whimsicott|Protect
|move|p1b: Charizard|Protect|p1b: Charizard
|-singleturn|p1b: Charizard|Protect
|move|p2b: Aerodactyl|Rock Slide|p1b: Charizard|[spread] 
|-activate|p1a: Whimsicott|move: Protect
|-activate|p1b: Charizard|move: Protect
|move|p2a: Houndoom|Heat Wave|p1b: Charizard|[spread] 
|-activate|p1a: Whimsicott|move: Protect
|-activate|p1b: Charizard|move: Protect
|
|-weather|SunnyDay|[upkeep]
|-damage|p2a: Houndoom|26/100|[from] ability: Solar Power|[of] p2a: Houndoom
|upkeep
|turn|3
|
|t:|1783523181
|switch|p1a: Garchomp|Garchomp, L50, M|100/100
|move|p2b: Aerodactyl|Rock Slide|p1b: Charizard|[spread] p1b
|-miss|p2b: Aerodactyl|p1a: Garchomp
|-supereffective|p1b: Charizard|2
|-damage|p1b: Charizard|0 fnt
|faint|p1b: Charizard
|move|p2a: Houndoom|Heat Wave|p1a: Garchomp
|-resisted|p1a: Garchomp|1
|-damage|p1a: Garchomp|41/100
|
|-weather|SunnyDay|[upkeep]
|-damage|p2a: Houndoom|14/100|[from] ability: Solar Power|[of] p2a: Houndoom
|upkeep
|
|t:|1783523181
|switch|p1b: Whimsicott|Whimsicott, L50, M|1/100
|turn|4
|
|t:|1783523194
|switch|p2a: Farigiraf|Farigiraf, L50, F, shiny|100/100
|move|p1b: Whimsicott|Protect|p1b: Whimsicott
|-singleturn|p1b: Whimsicott|Protect
|move|p2b: Aerodactyl|Rock Slide|p1b: Whimsicott|[spread] p1a
|-activate|p1b: Whimsicott|move: Protect
|-resisted|p1a: Garchomp|1
|-damage|p1a: Garchomp|30/100
|move|p1a: Garchomp|Earthquake|p2b: Aerodactyl|[spread] p2a
|-activate|p1b: Whimsicott|move: Protect
|-immune|p2b: Aerodactyl
|-damage|p2a: Farigiraf|48/100
|-damage|p1a: Garchomp|21/100|[from] item: Life Orb
|
|-weather|SunnyDay|[upkeep]
|-sideend|p1: NightshadeAI|move: Tailwind
|-sideend|p2: NathanaelW19|move: Tailwind
|upkeep
|turn|5
|
|t:|1783523207
|move|p1b: Whimsicott|Tailwind|p1b: Whimsicott
|-sidestart|p1: NightshadeAI|move: Tailwind
|move|p1a: Garchomp|Earthquake|p2b: Aerodactyl|[spread] p1b,p2a
|-immune|p2b: Aerodactyl
|-resisted|p1b: Whimsicott|1
|-damage|p1b: Whimsicott|0 fnt
|-damage|p2a: Farigiraf|0 fnt
|faint|p1b: Whimsicott
|faint|p2a: Farigiraf
|-damage|p1a: Garchomp|11/100|[from] item: Life Orb
|move|p2b: Aerodactyl|Rock Slide|p1a: Garchomp
|-resisted|p1a: Garchomp|1
|-damage|p1a: Garchomp|0 fnt
|faint|p1a: Garchomp
|
|-weather|none
|upkeep
|
|t:|1783523218
|switch|p1a: Basculegion|Basculegion, L50, M|100/100
|switch|p2a: Torkoal|Torkoal, L50, M|100/100
|-weather|SunnyDay|[from] ability: Drought|[of] p2a: Torkoal
|turn|6
|
|t:|1783523227
|move|p1a: Basculegion|Last Respects|p2a: Torkoal
|-damage|p2a: Torkoal|0 fnt
|faint|p2a: Torkoal
|move|p2b: Aerodactyl|Rock Slide|p1a: Basculegion
|-damage|p1a: Basculegion|62/100
|
|-weather|SunnyDay|[upkeep]
|upkeep
|
|t:|1783523231
|switch|p2a: Houndoom|Houndoom-Mega, L50, F, shiny|14/100
|turn|7
|
|t:|1783523236
|move|p1a: Basculegion|Last Respects|p2a: Houndoom
|-resisted|p2a: Houndoom|1
|-damage|p2a: Houndoom|0 fnt
|faint|p2a: Houndoom
|move|p2b: Aerodactyl|Rock Slide|p1a: Basculegion
|-damage|p1a: Basculegion|22/100
|
|-weather|SunnyDay|[upkeep]
|upkeep
|turn|8
|
|t:|1783523240
|move|p1a: Basculegion|Last Respects|p2b: Aerodactyl
|-enditem|p2b: Aerodactyl|Focus Sash
|-damage|p2b: Aerodactyl|1/100
|move|p2b: Aerodactyl|Rock Slide|p1a: Basculegion
|-damage|p1a: Basculegion|0 fnt
|faint|p1a: Basculegion
|
|win|NathanaelW19
