|j|☆ranagasu22
|j|☆Pelosis
|html|ranagasu22Pelosis    
|uhtml|bestof|Game 1 of a best-of-3
|t:|1783953891
|gametype|doubles
|player|p1|ranagasu22|riley|1061
|player|p2|Pelosis|265|1050
|gen|9
|tier|[Gen 9 Champions] VGC 2026 Reg M-B (Bo3)
|rated|
|rule|Species Clause: Limit one of each Pokémon
|rule|Item Clause: Limit 1 of each item
|clearpoke
|poke|p1|Charizard, L50, M, shiny|
|poke|p1|Garchomp, L50, M|
|poke|p1|Sneasler, L50, M|
|poke|p1|Grimmsnarl, L50, M|
|poke|p1|Aerodactyl, L50, M|
|poke|p1|Farigiraf, L50, F|
|poke|p2|Mawile, L50, M|
|poke|p2|Farigiraf, L50, M|
|poke|p2|Incineroar, L50, M|
|poke|p2|Torkoal, L50, F|
|poke|p2|Venusaur, L50, M|
|poke|p2|Scrafty, L50, F|
|teampreview|4
|showteam|p1|Charizard||CharizarditeY|Blaze|Protect,SolarBeam,HeatWave,AirSlash|Timid||M|||50|]Garchomp||ChoiceScarf|RoughSkin|Earthquake,IronHead,RockSlide,Outrage|Adamant||M|||50|]Sneasler||FocusSash|PoisonTouch|FakeOut,CloseCombat,DireClaw,Protect|Jolly||M|||50|]Grimmsnarl||LightClay|Prankster|Reflect,FakeOut,SpiritBreak,Taunt|Careful||M|||50|]Aerodactyl||Aerodactylite|RockHead|Tailwind,Protect,Earthquake,RockSlide|Jolly||M|||50|]Farigiraf||SitrusBerry|ArmorTail|TrickRoom,Wish,Psychic,Protect|Calm||F|||50|
|showteam|p2|Mawile||Mawilite|HyperCutter|Protect,PlayRough,RockSlide,SuckerPunch|Brave||M|||50|]Farigiraf||SitrusBerry|ArmorTail|TrickRoom,TwinBeam,Thunderbolt,HelpingHand|Quiet||M|||50|]Incineroar||WhiteHerb|Intimidate|FakeOut,CloseCombat,FlareBlitz,ThroatChop|Brave||M|||50|]Torkoal||Charcoal|Drought|Protect,Eruption,HeatWave,WeatherBall|Quiet||F|||50|]Venusaur||FocusSash|Chlorophyll|SleepPowder,EarthPower,EnergyBall,SludgeBomb|Modest||M|||50|]Scrafty||Scraftinite|Intimidate|FakeOut,CloseCombat,KnockOff,IcePunch|Brave||F|||50|
|inactive|Battle timer is ON: inactive players will automatically lose when time's up. (requested by Pelosis)
|inactive|Pelosis has 60 seconds left.
|inactive|Pelosis has 30 seconds left.
|inactive|Pelosis has 20 seconds left.
|inactive|Pelosis has 15 seconds left.
|inactive|Pelosis has 10 seconds left.
|
|t:|1783953999
|teamsize|p1|4
|teamsize|p2|4
|start
|switch|p1a: Farigiraf|Farigiraf, L50, F|100/100
|switch|p1b: Aerodactyl|Aerodactyl, L50, M|100/100
|switch|p2a: Mawile|Mawile, L50, M|100/100
|switch|p2b: Farigiraf|Farigiraf, L50, M|100/100
|turn|1
|inactive|ranagasu22 has 30 seconds left.
|inactive|Pelosis has 30 seconds left.
|
|t:|1783954033
|switch|p2a: Incineroar|Incineroar, L50, M|100/100
|-ability|p2a: Incineroar|Intimidate|boost
|-unboost|p1a: Farigiraf|atk|1
|-unboost|p1b: Aerodactyl|atk|1
|move|p1b: Aerodactyl|Rock Slide|p2b: Farigiraf|[spread] p2a,p2b
|-supereffective|p2a: Incineroar|1
|-damage|p2a: Incineroar|69/100
|-damage|p2b: Farigiraf|84/100
|move|p1a: Farigiraf|Wish|p1a: Farigiraf
|move|p2b: Farigiraf|Thunderbolt|p1b: Aerodactyl
|-supereffective|p1b: Aerodactyl|1
|-damage|p1b: Aerodactyl|26/100
|
|upkeep
|turn|2
|inactive|Pelosis has 30 seconds left.
|inactive|Pelosis has 20 seconds left.
|
|t:|1783954069
|move|p2b: Farigiraf|Helping Hand|p2a: Incineroar
|-singleturn|p2a: Incineroar|Helping Hand|[of] p2b: Farigiraf
|move|p1b: Aerodactyl|Rock Slide|p2b: Farigiraf|[spread] p2a,p2b
|-supereffective|p2a: Incineroar|1
|-damage|p2a: Incineroar|39/100
|-damage|p2b: Farigiraf|70/100
|move|p1a: Farigiraf|Psychic|p2b: Farigiraf
|-resisted|p2b: Farigiraf|1
|-damage|p2b: Farigiraf|54/100
|cant|p2a: Incineroar|flinch
|
|upkeep
|turn|3
|inactive|ranagasu22 has 30 seconds left.
|
|t:|1783954094
|move|p1b: Aerodactyl|Rock Slide|p2b: Farigiraf|[spread] p2a,p2b
|-supereffective|p2a: Incineroar|1
|-damage|p2a: Incineroar|5/100
|-damage|p2b: Farigiraf|39/100
|-enditem|p2b: Farigiraf|Sitrus Berry|[eat]
|-heal|p2b: Farigiraf|64/100|[from] item: Sitrus Berry
|move|p1a: Farigiraf|Wish|p1a: Farigiraf
|move|p2a: Incineroar|Throat Chop|p1a: Farigiraf
|-supereffective|p1a: Farigiraf|1
|-damage|p1a: Farigiraf|21/100
|-start|p1a: Farigiraf|Throat Chop|[silent]
|-enditem|p1a: Farigiraf|Sitrus Berry|[eat]
|-heal|p1a: Farigiraf|46/100|[from] item: Sitrus Berry
|move|p2b: Farigiraf|Trick Room|p2b: Farigiraf
|-fieldstart|move: Trick Room|[of] p2b: Farigiraf
|
|upkeep
|turn|4
|inactive|ranagasu22 has 30 seconds left.
|inactive|ranagasu22 has 20 seconds left.
|
|t:|1783954133
|move|p1a: Farigiraf|Protect|p1a: Farigiraf
|-singleturn|p1a: Farigiraf|Protect
|move|p2b: Farigiraf|Thunderbolt|p1b: Aerodactyl
|-supereffective|p1b: Aerodactyl|1
|-damage|p1b: Aerodactyl|0 fnt
|faint|p1b: Aerodactyl
|move|p2a: Incineroar|Flare Blitz|p1a: Farigiraf
|-activate|p1a: Farigiraf|move: Protect
|
|-heal|p1a: Farigiraf|96/100|[from] move: Wish|[wisher] Farigiraf
|-end|p1a: Farigiraf|Throat Chop|[silent]
|upkeep
|
|t:|1783954147
|switch|p1b: Charizard|Charizard, L50, M, shiny|100/100
|turn|5
|
|t:|1783954157
|detailschange|p1b: Charizard|Charizard-Mega-Y, L50, M, shiny
|-mega|p1b: Charizard|Charizard|Charizardite Y
|-weather|SunnyDay|[from] ability: Drought|[of] p1b: Charizard
|move|p1b: Charizard|Protect|p1b: Charizard
|-singleturn|p1b: Charizard|Protect
|move|p2b: Farigiraf|Thunderbolt|p1b: Charizard
|-activate|p1b: Charizard|move: Protect
|move|p2a: Incineroar|Throat Chop|p1a: Farigiraf
|-supereffective|p1a: Farigiraf|1
|-damage|p1a: Farigiraf|18/100
|-start|p1a: Farigiraf|Throat Chop|[silent]
|move|p1a: Farigiraf|Trick Room|p1a: Farigiraf
|-fieldend|move: Trick Room
|
|-weather|SunnyDay|[upkeep]
|upkeep
|turn|6
|inactive|ranagasu22 has 30 seconds left.
|inactive|Pelosis has 30 seconds left.
|inactive|Pelosis has 20 seconds left.
|
|t:|1783954197
|switch|p2a: Torkoal|Torkoal, L50, F|100/100
|move|p1b: Charizard|Heat Wave|p2b: Farigiraf|[spread] p2a,p2b
|-resisted|p2a: Torkoal|1
|-damage|p2a: Torkoal|57/100
|-damage|p2b: Farigiraf|9/100
|move|p1a: Farigiraf|Psychic|p2b: Farigiraf
|-resisted|p2b: Farigiraf|1
|-damage|p2b: Farigiraf|0 fnt
|faint|p2b: Farigiraf
|
|-weather|SunnyDay|[upkeep]
|-end|p1a: Farigiraf|Throat Chop|[silent]
|upkeep
|
|t:|1783954212
|switch|p2b: Incineroar|Incineroar, L50, M|5/100
|-ability|p2b: Incineroar|Intimidate|boost
|-unboost|p1a: Farigiraf|atk|1
|-unboost|p1b: Charizard|atk|1
|turn|7
|
|t:|1783954228
|move|p1b: Charizard|Heat Wave|p2b: Incineroar|[spread] p2a,p2b
|-resisted|p2a: Torkoal|1
|-resisted|p2b: Incineroar|1
|-damage|p2a: Torkoal|17/100
|-damage|p2b: Incineroar|0 fnt
|faint|p2b: Incineroar
|move|p1a: Farigiraf|Wish|p1a: Farigiraf
|move|p2a: Torkoal|Heat Wave|p1b: Charizard|[spread] p1a,p1b
|-resisted|p1b: Charizard|1
|-damage|p1a: Farigiraf|0 fnt
|-damage|p1b: Charizard|73/100
|faint|p1a: Farigiraf
|
|-weather|SunnyDay|[upkeep]
|upkeep
|
|t:|1783954240
|switch|p1a: Garchomp|Garchomp, L50, M|100/100
|switch|p2b: Mawile|Mawile, L50, M|100/100
|turn|8
|
|t:|1783954251
|detailschange|p2b: Mawile|Mawile-Mega, L50, M
|-mega|p2b: Mawile|Mawile|Mawilite
|move|p2b: Mawile|Sucker Punch|p1b: Charizard
|-damage|p1b: Charizard|7/100
|move|p1a: Garchomp|Earthquake|p2b: Mawile|[spread] p2a,p2b
|-immune|p1b: Charizard
|-supereffective|p2a: Torkoal|1
|-supereffective|p2b: Mawile|1
|-damage|p2a: Torkoal|0 fnt
|-damage|p2b: Mawile|23/100
|faint|p2a: Torkoal
|move|p1b: Charizard|Heat Wave|p2b: Mawile
|-supereffective|p2b: Mawile|1
|-damage|p2b: Mawile|0 fnt
|faint|p2b: Mawile
|
|win|ranagasu22
||Pelosis is ready for game 2.
|inactive|ranagasu22 has 30 seconds to confirm battle start!
