|j|☆Bonome Negrata
|j|☆xNimxZ
|html|Bonome NegrataxNimxZ    
|uhtml|bestof|Game 2 of a best-of-3
|t:|1783534549
|gametype|doubles
|player|p1|Bonome Negrata|burglar|
|player|p2|xNimxZ|guzma|
|gen|9
|tier|[Gen 9 Champions] VGC 2026 Reg M-B (Bo3)
|rule|Species Clause: Limit one of each Pokémon
|rule|Item Clause: Limit 1 of each item
|clearpoke
|poke|p1|Staraptor, L50, F|
|poke|p1|Mawile, L50, M|
|poke|p1|Farigiraf, L50, F|
|poke|p1|Gholdengo, L50|
|poke|p1|Grimmsnarl, L50, M|
|poke|p1|Diggersby, L50, F|
|poke|p2|Sylveon, L50, F|
|poke|p2|Incineroar, L50, F|
|poke|p2|Aerodactyl, L50, F|
|poke|p2|Charizard, L50, M|
|poke|p2|Metagross, L50|
|poke|p2|Garchomp, L50, M|
|teampreview|4
|showteam|p1|Staraptor||Staraptite|Intimidate|BraveBird,CloseCombat,Roost,Protect|Jolly||F|||50|]Mawile||Mawilite|Intimidate|IronHead,BrickBreak,SuckerPunch,SwordsDance|Brave||M|||50|]Farigiraf||ColburBerry|ArmorTail|TwinBeam,Thunderbolt,HelpingHand,TrickRoom|Relaxed||F|||50|]Gholdengo||LifeOrb|GoodasGold|ShadowBall,MakeItRain,PowerGem,Protect|Modest|||||50|]Grimmsnarl||RoseliBerry|Prankster|SpiritBreak,Taunt,FakeOut,PartingShot|Careful||M|||50|]Diggersby||ChoiceScarf|HugePower|HighHorsepower,IcePunch,RockTomb,FoulPlay|Jolly||F|||50|
|showteam|p2|Sylveon||FairyFeather|Pixilate|Detect,HyperVoice,HyperBeam,QuickAttack|Modest||F|||50|]Incineroar||SitrusBerry|Intimidate|FakeOut,DarkestLariat,FlareBlitz,PartingShot|Careful||F|||50|]Aerodactyl||FocusSash|Unnerve|Protect,Tailwind,DualWingbeat,RockSlide|Jolly||F|||50|]Charizard||CharizarditeY|Blaze|Protect,HeatWave,SolarBeam,WeatherBall|Modest||M|||50|]Metagross||Metagrossite|ClearBody|BulletPunch,BodyPress,PsychicFangs,Protect|Adamant|||||50|]Garchomp||LifeOrb|RoughSkin|Protect,RockSlide,Earthquake,DragonClaw|Jolly||M|||50|
|inactive|Battle timer is ON: inactive players will automatically lose when time's up. (requested by Bonome Negrata)
|inactive|xNimxZ also wants the timer to be on.
|inactive|Bonome Negrata has 60 seconds left.
|inactive|xNimxZ has 60 seconds left.
|inactive|xNimxZ has 30 seconds left.
|inactive|xNimxZ has 20 seconds left.
|
|t:|1783534624
|teamsize|p1|4
|teamsize|p2|4
|start
|switch|p1a: Staraptor|Staraptor, L50, F|100/100
|switch|p1b: Diggersby|Diggersby, L50, F|100/100
|switch|p2a: Charizard|Charizard, L50, M|100/100
|switch|p2b: Sylveon|Sylveon, L50, F|100/100
|-ability|p1a: Staraptor|Intimidate|boost
|-unboost|p2a: Charizard|atk|1
|-unboost|p2b: Sylveon|atk|1
|turn|1
|
|t:|1783534644
|detailschange|p1a: Staraptor|Staraptor-Mega, L50, F
|-mega|p1a: Staraptor|Staraptor|Staraptite
|move|p2a: Charizard|Protect|p2a: Charizard
|-singleturn|p2a: Charizard|Protect
|move|p2b: Sylveon|Detect|p2b: Sylveon
|-singleturn|p2b: Sylveon|Protect
|move|p1b: Diggersby|Rock Tomb|p2b: Sylveon
|-activate|p2b: Sylveon|move: Protect
|move|p1a: Staraptor|Brave Bird|p2b: Sylveon
|-activate|p2b: Sylveon|move: Protect
|
|upkeep
|turn|2
|
|t:|1783534663
|detailschange|p2a: Charizard|Charizard-Mega-Y, L50, M
|-mega|p2a: Charizard|Charizard|Charizardite Y
|-weather|SunnyDay|[from] ability: Drought|[of] p2a: Charizard
|move|p1b: Diggersby|Rock Tomb|p2b: Sylveon
|-damage|p2b: Sylveon|69/100
|-unboost|p2b: Sylveon|spe|1
|move|p1a: Staraptor|Brave Bird|p2b: Sylveon
|-damage|p2b: Sylveon|0 fnt
|faint|p2b: Sylveon
|-damage|p1a: Staraptor|77/100|[from] Recoil
|move|p2a: Charizard|Heat Wave|p1b: Diggersby|[spread] p1a,p1b
|-damage|p1a: Staraptor|5/100
|-damage|p1b: Diggersby|22/100
|
|-weather|SunnyDay|[upkeep]
|upkeep
|
|t:|1783534684
|switch|p2b: Incineroar|Incineroar, L50, F|100/100
|-ability|p2b: Incineroar|Intimidate|boost
|-boost|p1a: Staraptor|atk|1
|-unboost|p1b: Diggersby|atk|1
|turn|3
|inactive|xNimxZ has 30 seconds left.
|
|t:|1783534710
|switch|p1b: Grimmsnarl|Grimmsnarl, L50, M|100/100
|move|p1a: Staraptor|Protect|p1a: Staraptor
|-singleturn|p1a: Staraptor|Protect
|move|p2b: Incineroar|Fake Out|p1b: Grimmsnarl
|-damage|p1b: Grimmsnarl|88/100
|move|p2a: Charizard|Heat Wave|p1b: Grimmsnarl|[spread] p1b
|-activate|p1a: Staraptor|move: Protect
|-damage|p1b: Grimmsnarl|33/100
|
|-weather|SunnyDay|[upkeep]
|upkeep
|turn|4
|
|t:|1783534735
|move|p1b: Grimmsnarl|Fake Out|p2a: Charizard
|-damage|p2a: Charizard|89/100
|move|p1a: Staraptor|Close Combat|p2b: Incineroar
|-supereffective|p2b: Incineroar|1
|-damage|p2b: Incineroar|0 fnt
|-boost|p1a: Staraptor|def|1
|-boost|p1a: Staraptor|spd|1
|faint|p2b: Incineroar
|cant|p2a: Charizard|flinch
|
|-weather|SunnyDay|[upkeep]
|upkeep
|
|t:|1783534740
|switch|p2b: Garchomp|Garchomp, L50, M|100/100
|turn|5
|
|t:|1783534760
|move|p1a: Staraptor|Protect|p1a: Staraptor
|-singleturn|p1a: Staraptor|Protect
|move|p1b: Grimmsnarl|Parting Shot|p2b: Garchomp
|-unboost|p2b: Garchomp|atk|1
|-unboost|p2b: Garchomp|spa|1
|
|t:|1783534766
|switch|p1b: Gholdengo|Gholdengo, L50|100/100|[from] Parting Shot
|move|p2b: Garchomp|Rock Slide|p1a: Staraptor|[spread] p1b
|-activate|p1a: Staraptor|move: Protect
|-resisted|p1b: Gholdengo|1
|-crit|p1b: Gholdengo
|-damage|p1b: Gholdengo|78/100
|-damage|p2b: Garchomp|90/100|[from] item: Life Orb
|move|p2a: Charizard|Heat Wave|p1a: Staraptor|[spread] p1b
|-activate|p1a: Staraptor|move: Protect
|-supereffective|p1b: Gholdengo|1
|-damage|p1b: Gholdengo|0 fnt
|faint|p1b: Gholdengo
|
|-weather|SunnyDay|[upkeep]
|upkeep
|
|t:|1783534778
|switch|p1b: Diggersby|Diggersby, L50, F|22/100
|turn|6
|inactive|Bonome Negrata has 30 seconds left.
|
|t:|1783534805
|move|p2a: Charizard|Protect|p2a: Charizard
|-singleturn|p2a: Charizard|Protect
|move|p1b: Diggersby|Ice Punch|p2b: Garchomp
|-supereffective|p2b: Garchomp|2
|-damage|p2b: Garchomp|0 fnt
|-damage|p1b: Diggersby|10/100|[from] ability: Rough Skin|[of] p2b: Garchomp
|faint|p2b: Garchomp
|move|p1a: Staraptor|Brave Bird|p2a: Charizard
|-activate|p2a: Charizard|move: Protect
|
|-weather|none
|upkeep
|turn|7
|
|t:|1783534818
|switch|p1b: Grimmsnarl|Grimmsnarl, L50, M|33/100
|move|p1a: Staraptor|Protect|p1a: Staraptor
|-singleturn|p1a: Staraptor|Protect
|move|p2a: Charizard|Heat Wave|p1b: Grimmsnarl|[spread] p1b
|-activate|p1a: Staraptor|move: Protect
|-crit|p1b: Grimmsnarl
|-damage|p1b: Grimmsnarl|0 fnt
|faint|p1b: Grimmsnarl
|
|upkeep
|
|t:|1783534821
|switch|p1b: Diggersby|Diggersby, L50, F|10/100
|turn|8
|
|t:|1783534829
|move|p1b: Diggersby|Rock Tomb|p2a: Charizard|[miss]
|-miss|p1b: Diggersby|p2a: Charizard
|move|p1a: Staraptor|Brave Bird|p2a: Charizard
|-damage|p2a: Charizard|0 fnt
|faint|p2a: Charizard
|-damage|p1a: Staraptor|0 fnt|[from] Recoil
|faint|p1a: Staraptor
|
|win|Bonome Negrata
||xNimxZ is ready for game 3.
|inactive|Bonome Negrata has 30 seconds to confirm battle start!
||Bonome Negrata is ready for game 3.
|uhtml|next|Next: Game 3 of 3
