|j|☆Traindelpivgc
|j|☆turbogoddi
|html|Traindelpivgcturbogoddi    
|uhtml|bestof|Game 1 of a best-of-3
|t:|1756327975
|gametype|doubles
|player|p1|Traindelpivgc|hilbert-wonderlauncher|1104
|player|p2|turbogoddi|102|1226
|gen|9
|tier|[Gen 9] VGC 2025 Reg H (Bo3)
|rated|
|rule|Species Clause: Limit one of each Pokémon
|rule|Item Clause: Limit 1 of each item
|clearpoke
|poke|p1|Incineroar, L50, F|
|poke|p1|Amoonguss, L50, M|
|poke|p1|Ursaluna-Bloodmoon, L50, M|
|poke|p1|Sneasler, L50, F|
|poke|p1|Gholdengo, L50|
|poke|p1|Dragonite, L50, M|
|poke|p2|Dondozo, L50, M|
|poke|p2|Tatsugiri-Droopy, L50, F|
|poke|p2|Ursaluna-Bloodmoon, L50, M|
|poke|p2|Rillaboom, L50, F|
|poke|p2|Whimsicott, L50, F|
|poke|p2|Garchomp, L50, M|
|teampreview|4
|showteam|p1|Incineroar||SafetyGoggles|Intimidate|FlareBlitz,KnockOff,PartingShot,FakeOut|||F|||50|,,,,,Ghost]Amoonguss||SitrusBerry|Regenerator|Spore,RagePowder,PollenPuff,Protect|||M|||50|,,,,,Psychic]Ursaluna-Bloodmoon||AssaultVest|MindsEye|HyperVoice,BloodMoon,EarthPower,VacuumWave|||M|||50|,,,,,Water]Sneasler||FocusSash|Unburden|CloseCombat,DireClaw,ThroatChop,Protect|||F|||50|,,,,,Stellar]Gholdengo||LifeOrb|GoodasGold|MakeItRain,ShadowBall,NastyPlot,Protect||||||50|,,,,,Water]Dragonite||LoadedDice|Multiscale|ScaleShot,Tailwind,Haze,Protect|||M|||50|,,,,,Fairy
|showteam|p2|Dondozo||Leftovers|Unaware|HeavySlam,OrderUp,BodyPress,Substitute|||M|||50|,,,,,Steel]Tatsugiri-Droopy||FocusSash|Commander|DragonPulse,IcyWind,Taunt,Protect|||F|||50|,,,,,Dragon]Ursaluna-Bloodmoon||LifeOrb|MindsEye|EarthPower,HyperVoice,BloodMoon,Protect|||M|||50|,,,,,Normal]Rillaboom||MiracleSeed|GrassySurge|GrassyGlide,WoodHammer,FakeOut,Uturn|||F|||50|,,,,,Grass]Whimsicott||CovertCloak|Prankster|WorrySeed,Tailwind,Encore,Moonblast|||F|||50|,,,,,Dark]Garchomp||ChoiceBand|RoughSkin|StompingTantrum,IronHead,Outrage,DragonClaw|||M|||50|,,,,,Steel
|inactive|Battle timer is ON: inactive players will automatically lose when time's up. (requested by turbogoddi)
|inactive|Traindelpivgc has 60 seconds left.
|inactive|Traindelpivgc has 30 seconds left.
|
|t:|1756328036
|teamsize|p1|4
|teamsize|p2|4
|start
|switch|p1a: Gholdengo|Gholdengo, L50|100/100
|switch|p1b: Incineroar|Incineroar, L50, F|100/100
|switch|p2a: Whimsicott|Whimsicott, L50, F|100/100
|switch|p2b: Garchomp|Garchomp, L50, M, shiny|100/100
|-ability|p1b: Incineroar|Intimidate|boost
|-unboost|p2a: Whimsicott|atk|1
|-unboost|p2b: Garchomp|atk|1
|turn|1
|inactive|Traindelpivgc has 30 seconds left.
|inactive|Traindelpivgc has 20 seconds left.
|inactive|Traindelpivgc has 15 seconds left.
|
|t:|1756328078
|move|p1b: Incineroar|Fake Out|p2b: Garchomp
|-damage|p2b: Garchomp|90/100
|-damage|p1b: Incineroar|88/100|[from] ability: Rough Skin|[of] p2b: Garchomp
|move|p2a: Whimsicott|Tailwind|p2a: Whimsicott
|-sidestart|p2: turbogoddi|move: Tailwind
|cant|p2b: Garchomp|flinch
|move|p1a: Gholdengo|Make It Rain|p2b: Garchomp|[spread] p2a,p2b
|-supereffective|p2a: Whimsicott
|-damage|p2a: Whimsicott|0 fnt
|-damage|p2b: Garchomp|17/100
|-unboost|p1a: Gholdengo|spa|1
|faint|p2a: Whimsicott
|-damage|p1a: Gholdengo|91/100|[from] item: Life Orb
|
|upkeep
|
|t:|1756328086
|switch|p2a: Ursaluna|Ursaluna-Bloodmoon, L50, M|100/100
|turn|2
|inactive|Traindelpivgc has 30 seconds left.
|
|t:|1756328116
|switch|p1a: Dragonite|Dragonite, L50, M|100/100
|-terastallize|p2a: Ursaluna|Normal
|move|p2b: Garchomp|Stomping Tantrum|p1b: Incineroar
|-supereffective|p1b: Incineroar
|-damage|p1b: Incineroar|0 fnt
|faint|p1b: Incineroar
|move|p2a: Ursaluna|Hyper Voice|p1a: Dragonite
|-damage|p1a: Dragonite|53/100
|-damage|p2a: Ursaluna|91/100|[from] item: Life Orb
|
|upkeep
|
|t:|1756328140
|switch|p1b: Sneasler|Sneasler, L50, F|100/100
|turn|3
|inactive|Traindelpivgc has 30 seconds left.
|inactive|Traindelpivgc has 20 seconds left.
|inactive|Traindelpivgc has 15 seconds left.
|
|t:|1756328184
|move|p1b: Sneasler|Protect|p1b: Sneasler
|-singleturn|p1b: Sneasler|Protect
|move|p1a: Dragonite|Protect|p1a: Dragonite
|-singleturn|p1a: Dragonite|Protect
|move|p2b: Garchomp|Stomping Tantrum|p1a: Dragonite
|-activate|p1a: Dragonite|move: Protect
|move|p2a: Ursaluna|Hyper Voice|p1b: Sneasler|[spread] 
|-activate|p1a: Dragonite|move: Protect
|-activate|p1b: Sneasler|move: Protect
|
|upkeep
|turn|4
|inactive|Traindelpivgc has 30 seconds left.
|
|t:|1756328216
|switch|p1b: Gholdengo|Gholdengo, L50|91/100
|move|p2b: Garchomp|Stomping Tantrum|p1a: Dragonite
|-immune|p1a: Dragonite
|move|p2a: Ursaluna|Hyper Voice|p1a: Dragonite|[spread] p1a,p1b
|-resisted|p1b: Gholdengo
|-damage|p1a: Dragonite|0 fnt
|-damage|p1b: Gholdengo|56/100
|faint|p1a: Dragonite
|-damage|p2a: Ursaluna|81/100|[from] item: Life Orb
|
|-sideend|p2: turbogoddi|move: Tailwind
|upkeep
|
|t:|1756328227
|switch|p1a: Sneasler|Sneasler, L50, F|100/100
|turn|5
|inactive|Traindelpivgc has 30 seconds left.
|
|t:|1756328257
|move|p2a: Ursaluna|Protect|p2a: Ursaluna
|-singleturn|p2a: Ursaluna|Protect
|move|p1a: Sneasler|Close Combat|p2b: Garchomp
|-damage|p2b: Garchomp|0 fnt
|-unboost|p1a: Sneasler|def|1
|-unboost|p1a: Sneasler|spd|1
|-damage|p1a: Sneasler|88/100|[from] ability: Rough Skin|[of] p2b: Garchomp
|faint|p2b: Garchomp
|move|p1b: Gholdengo|Nasty Plot|p1b: Gholdengo
|-boost|p1b: Gholdengo|spa|2
|
|upkeep
|
|t:|1756328262
|switch|p2b: Rillaboom|Rillaboom, L50, F|100/100
|-fieldstart|move: Grassy Terrain|[from] ability: Grassy Surge|[of] p2b: Rillaboom
|turn|6
|inactive|Traindelpivgc has 30 seconds left.
|inactive|turbogoddi has 30 seconds left.
|inactive|Traindelpivgc has 20 seconds left.
|
|t:|1756328300
|-terastallize|p1a: Sneasler|Stellar
|move|p2b: Rillaboom|Grassy Glide|p1b: Gholdengo
|-resisted|p1b: Gholdengo
|-damage|p1b: Gholdengo|29/100
|move|p1a: Sneasler|Close Combat|p2a: Ursaluna
|-supereffective|p2a: Ursaluna
|-crit|p2a: Ursaluna
|-damage|p2a: Ursaluna|0 fnt
|-unboost|p1a: Sneasler|def|1
|-unboost|p1a: Sneasler|spd|1
|faint|p2a: Ursaluna
|move|p1b: Gholdengo|Make It Rain|p2b: Rillaboom
|-damage|p2b: Rillaboom|0 fnt
|-unboost|p1b: Gholdengo|spa|1
|faint|p2b: Rillaboom
|-damage|p1b: Gholdengo|19/100|[from] item: Life Orb
|
|win|Traindelpivgc
||turbogoddi is ready for game 2.
|inactive|Traindelpivgc has 30 seconds to confirm battle start!
||Traindelpivgc is ready for game 2.
|uhtml|next|Next: Game 2 of 3
