|j|☆TheOneAndOnlyChat
|j|☆LanternComic
|html|TheOneAndOnlyChatLanternComic    
|uhtml|bestof|Game 1 of a best-of-3
|t:|1783207211
|gametype|doubles
|player|p1|TheOneAndOnlyChat|iono-masters|1248
|player|p2|LanternComic|silver-masters|1187
|gen|9
|tier|[Gen 9 Champions] VGC 2026 Reg M-B (Bo3)
|rated|
|rule|Species Clause: Limit one of each Pokémon
|rule|Item Clause: Limit 1 of each item
|clearpoke
|poke|p1|Ceruledge, L50, M|
|poke|p1|Basculegion, L50, M|
|poke|p1|Staraptor, L50, M|
|poke|p1|Whimsicott, L50, M|
|poke|p1|Sinistcha-Masterpiece, L50|
|poke|p1|Incineroar, L50, F|
|poke|p2|Mawile, L50, F|
|poke|p2|Farigiraf, L50, F|
|poke|p2|Sneasler, L50, M|
|poke|p2|Swampert, L50, F|
|poke|p2|Pelipper, L50, F|
|poke|p2|Hydreigon, L50, M|
|teampreview|4
|showteam|p1|Ceruledge||Leftovers|FlashFire|BulkUp,BitterBlade,ShadowSneak,Protect|Adamant||M|||50|]Basculegion||ChoiceScarf|Adaptability|WaveCrash,LastRespects,AquaJet,FlipTurn|Adamant||M|||50|]Staraptor||Staraptite|Intimidate|CloseCombat,BraveBird,Roost,Protect|Jolly||M|||50|]Whimsicott||FocusSash|Prankster|Moonblast,Tailwind,Charm,Protect|Timid||M|||50|]Sinistcha-Masterpiece||ColburBerry|Hospitality|MatchaGotcha,TrickRoom,LifeDew,RagePowder|Calm|||||50|]Incineroar||SitrusBerry|Intimidate|FakeOut,DarkestLariat,FlareBlitz,PartingShot|Impish||F|||50|
|showteam|p2|Mawile||Mawilite|Intimidate|PlayRough,IronHead,SuckerPunch,Protect|Adamant||F|||50|]Farigiraf||ColburBerry|ArmorTail|Psychic,Thunderbolt,TrickRoom,Protect|Relaxed||F|||50|]Sneasler||WhiteHerb|Unburden|CloseCombat,DireClaw,FakeOut,Coaching|Jolly||M|||50|]Swampert||Swampertite|Torrent|WaveCrash,Earthquake,HighHorsepower,Protect|Adamant||F|||50|]Pelipper||FocusSash|Drizzle|Hurricane,WeatherBall,Tailwind,WideGuard|Modest||F|||50|]Hydreigon||ChoiceScarf|Levitate|DracoMeteor,DarkPulse,Snarl,EarthPower|Modest||M|||50|
|j| weird perish thing
|inactive|Battle timer is ON: inactive players will automatically lose when time's up. (requested by TheOneAndOnlyChat)
|c|☆TheOneAndOnlyChat|glhf
|c|☆TheOneAndOnlyChat|hello weird perish thing
|c| weird perish thing|sup
|c|☆TheOneAndOnlyChat|how's it goin
|c| weird perish thing|p good!
|c| weird perish thing|just watchin some games b/c i'm bored lol
|inactive|LanternComic has 60 seconds left.
|c|☆TheOneAndOnlyChat|fair
|c| weird perish thing|wbu
|
|t:|1783207262
|teamsize|p1|4
|teamsize|p2|4
|start
|switch|p1a: Staraptor|Staraptor, L50, M|100/100
|switch|p1b: Whimsicott|Whimsicott, L50, M|100/100
|switch|p2a: Mawile|Mawile, L50, F|100/100
|switch|p2b: Sneasler|Sneasler, L50, M|100/100
|-ability|p1a: Staraptor|Intimidate|boost
|-unboost|p2a: Mawile|atk|1
|-unboost|p2b: Sneasler|atk|1
|-ability|p2a: Mawile|Intimidate|boost
|-unboost|p1a: Staraptor|atk|1
|-unboost|p1b: Whimsicott|atk|1
|-enditem|p2b: Sneasler|White Herb
|-clearnegativeboost|p2b: Sneasler|[silent]
|turn|1
|c|☆TheOneAndOnlyChat|p good as well
|c|☆TheOneAndOnlyChat|might be cooked
|c| weird perish thing|lol
|inactive|TheOneAndOnlyChat has 30 seconds left.
|c|☆LanternComic|Happens
|
|t:|1783207294
|detailschange|p1a: Staraptor|Staraptor-Mega, L50, M
|-mega|p1a: Staraptor|Staraptor|Staraptite
|detailschange|p2a: Mawile|Mawile-Mega, L50, F
|-mega|p2a: Mawile|Mawile|Mawilite
|move|p2b: Sneasler|Fake Out|p1b: Whimsicott
|-damage|p1b: Whimsicott|81/100
|cant|p1b: Whimsicott|flinch
|move|p1a: Staraptor|Close Combat|p2a: Mawile
|-damage|p2a: Mawile|61/100
|-boost|p1a: Staraptor|def|1
|-boost|p1a: Staraptor|spd|1
|move|p2a: Mawile|Iron Head|p1b: Whimsicott
|-supereffective|p1b: Whimsicott|1
|-damage|p1b: Whimsicott|0 fnt
|faint|p1b: Whimsicott
|
|upkeep
|
|t:|1783207308
|switch|p1b: Incineroar|Incineroar, L50, F|100/100
|-ability|p1b: Incineroar|Intimidate|boost
|-unboost|p2a: Mawile|atk|1
|-unboost|p2b: Sneasler|atk|1
|turn|2
|
|t:|1783207324
|move|p1b: Incineroar|Fake Out|p2b: Sneasler
|-damage|p2b: Sneasler|83/100
|cant|p2b: Sneasler|flinch
|move|p1a: Staraptor|Brave Bird|p2b: Sneasler
|-supereffective|p2b: Sneasler|1
|-damage|p2b: Sneasler|0 fnt
|faint|p2b: Sneasler
|-damage|p1a: Staraptor|71/100|[from] Recoil
|move|p2a: Mawile|Play Rough|p1a: Staraptor
|-supereffective|p1a: Staraptor|1
|-damage|p1a: Staraptor|9/100
|
|upkeep
|
|t:|1783207340
|switch|p2b: Hydreigon|Hydreigon, L50, M|100/100
|turn|3
|
|t:|1783207351
|switch|p2a: Pelipper|Pelipper, L50, F|100/100
|-weather|RainDance|[from] ability: Drizzle|[of] p2a: Pelipper
|move|p1a: Staraptor|Protect|p1a: Staraptor
|-singleturn|p1a: Staraptor|Protect
|move|p2b: Hydreigon|Dark Pulse|p1a: Staraptor
|-activate|p1a: Staraptor|move: Protect
|move|p1b: Incineroar|Flare Blitz|p2a: Pelipper
|-resisted|p2a: Pelipper|1
|-damage|p2a: Pelipper|84/100
|-damage|p1b: Incineroar|96/100|[from] Recoil
|
|-weather|RainDance|[upkeep]
|upkeep
|turn|4
|
|t:|1783207359
|switch|p1b: Sinistcha|Sinistcha-Masterpiece, L50|100/100
|-heal|p1a: Staraptor|34/100|[from] ability: Hospitality|[of] p1b: Sinistcha
|move|p2b: Hydreigon|Dark Pulse|p1a: Staraptor
|-resisted|p1a: Staraptor|1
|-damage|p1a: Staraptor|17/100
|move|p1a: Staraptor|Close Combat|p2b: Hydreigon
|-supereffective|p2b: Hydreigon|1
|-damage|p2b: Hydreigon|0 fnt
|-boost|p1a: Staraptor|def|1
|-boost|p1a: Staraptor|spd|1
|faint|p2b: Hydreigon
|move|p2a: Pelipper|Weather Ball|p1b: Sinistcha
|-resisted|p1b: Sinistcha|1
|-crit|p1b: Sinistcha
|-damage|p1b: Sinistcha|49/100
|
|-weather|RainDance|[upkeep]
|upkeep
|
|t:|1783207363
|switch|p2b: Mawile|Mawile-Mega, L50, F|61/100
|turn|5
|inactive|TheOneAndOnlyChat has 30 seconds left.
|
|t:|1783207388
|move|p1b: Sinistcha|Rage Powder|p1b: Sinistcha
|-singleturn|p1b: Sinistcha|move: Rage Powder
|move|p1a: Staraptor|Roost|p1a: Staraptor
|-heal|p1a: Staraptor|67/100
|-singleturn|p1a: Staraptor|move: Roost
|move|p2a: Pelipper|Hurricane|p1b: Sinistcha
|-supereffective|p1b: Sinistcha|1
|-damage|p1b: Sinistcha|0 fnt
|faint|p1b: Sinistcha
|move|p2b: Mawile|Play Rough|p1a: Staraptor|[miss]
|-miss|p2b: Mawile|p1a: Staraptor
|
|-weather|RainDance|[upkeep]
|upkeep
|c|☆LanternComic|Oof
|c|☆TheOneAndOnlyChat|rip
|c| weird perish thing|that was needed
|
|t:|1783207403
|switch|p1b: Incineroar|Incineroar, L50, F|96/100
|-ability|p1b: Incineroar|Intimidate|boost
|-unboost|p2a: Pelipper|atk|1
|-unboost|p2b: Mawile|atk|1
|turn|6
|c| weird perish thing|yowch
|
|t:|1783207428
|move|p1b: Incineroar|Fake Out|p2a: Pelipper
|-damage|p2a: Pelipper|69/100
|move|p1a: Staraptor|Close Combat|p2a: Pelipper
|-resisted|p2a: Pelipper|1
|-damage|p2a: Pelipper|42/100
|-boost|p1a: Staraptor|def|1
|-boost|p1a: Staraptor|spd|1
|cant|p2a: Pelipper|flinch
|move|p2b: Mawile|Play Rough|p1a: Staraptor
|-supereffective|p1a: Staraptor|1
|-damage|p1a: Staraptor|16/100
|
|-weather|RainDance|[upkeep]
|upkeep
|turn|7
|inactive|TheOneAndOnlyChat has 30 seconds left.
|inactive|TheOneAndOnlyChat has 20 seconds left.
|inactive|TheOneAndOnlyChat has 15 seconds left.
|
|t:|1783207470
|move|p1a: Staraptor|Roost|p1a: Staraptor
|-heal|p1a: Staraptor|66/100
|-singleturn|p1a: Staraptor|move: Roost
|move|p2a: Pelipper|Weather Ball|p1b: Incineroar
|-supereffective|p1b: Incineroar|1
|-damage|p1b: Incineroar|0 fnt
|faint|p1b: Incineroar
|move|p2b: Mawile|Play Rough|p1a: Staraptor
|-supereffective|p1a: Staraptor|1
|-damage|p1a: Staraptor|18/100
|
|-weather|none
|upkeep
|turn|8
|
|t:|1783207489
|move|p1a: Staraptor|Roost|p1a: Staraptor
|-heal|p1a: Staraptor|68/100
|-singleturn|p1a: Staraptor|move: Roost
|move|p2a: Pelipper|Tailwind|p2a: Pelipper
|-sidestart|p2: LanternComic|move: Tailwind
|move|p2b: Mawile|Play Rough|p1a: Staraptor
|-supereffective|p1a: Staraptor|1
|-damage|p1a: Staraptor|14/100
|
|upkeep
|turn|9
|c|☆TheOneAndOnlyChat|ggwp
|c|☆LanternComic|Gg wp
|
|t:|1783207502
|move|p2a: Pelipper|Weather Ball|p1a: Staraptor
|-damage|p1a: Staraptor|7/100
|move|p1a: Staraptor|Brave Bird|p2a: Pelipper
|-damage|p2a: Pelipper|0 fnt
|faint|p2a: Pelipper
|-damage|p1a: Staraptor|0 fnt|[from] Recoil
|faint|p1a: Staraptor
|
|win|LanternComic
||LanternComic is ready for game 2.
||TheOneAndOnlyChat is ready for game 2.
|uhtml|next|Next: Game 2 of 3
|l| weird perish thing
