|j|☆Felixavi
|j|☆Alysonz
|html|FelixaviAlysonz    
|uhtml|bestof|Game 1 of a best-of-3
|t:|1784292639
|gametype|doubles
|player|p1|Felixavi|giovanni|1081
|player|p2|Alysonz|steven|1000
|gen|9
|tier|[Gen 9 Champions] VGC 2026 Reg M-B (Bo3)
|rated|
|rule|Species Clause: Limit one of each Pokémon
|rule|Item Clause: Limit 1 of each item
|clearpoke
|poke|p1|Garchomp, L50, M|
|poke|p1|Delphox, L50, M|
|poke|p1|Sinistcha, L50|
|poke|p1|Whimsicott, L50, F|
|poke|p1|Toxapex, L50, F|
|poke|p1|Grimmsnarl, L50, M|
|poke|p2|Tyranitar, L50, M|
|poke|p2|Pelipper, L50, F|
|poke|p2|Aerodactyl, L50, F|
|poke|p2|Scizor, L50, F|
|poke|p2|Swampert, L50, F|
|poke|p2|Eelektross, L50, F|
|teampreview|4
|showteam|p1|Garchomp||LifeOrb|RoughSkin|Earthquake,RockSlide,DragonClaw,Protect|Adamant||M|||50|]Delphox||Delphoxite|Blaze|Protect,HeatWave,Psyshock,NastyPlot|Bold||M|||50|]Sinistcha||SitrusBerry|Hospitality|TrickRoom,MatchaGotcha,RagePowder,Protect|Bold|||||50|]Whimsicott||FocusSash|Prankster|Tailwind,SunnyDay,Moonblast,Protect|Modest||F|||50|]Toxapex||Leftovers|Regenerator|Toxic,Infestation,BanefulBunker,PainSplit|Bold||F|||50|]Grimmsnarl||LightClay|Prankster|PartingShot,LightScreen,Reflect,FakeOut|Careful||M|||50|
|showteam|p2|Tyranitar||Tyranitarite|SandStream|Earthquake,KnockOff,LowKick,Protect|Adamant||M|||50|]Pelipper||DampRock|Drizzle|Protect,Hurricane,IceBeam,Surf|Modest||F|||50|]Aerodactyl||FocusSash|Unnerve|Protect,Tailwind,DualWingbeat,RockSlide|Jolly||F|||50|]Scizor||Leftovers|Technician|BulletPunch,CloseCombat,BugBite,Protect|Adamant||F|||50|]Swampert||Swampertite|Damp|Earthquake,WaveCrash,IcePunch,Protect|Jolly||F|||50|]Eelektross||Eelektrossite|Levitate|Thunder,Flamethrower,GigaDrain,Protect|Modest||F|||50|
|inactive|Battle timer is ON: inactive players will automatically lose when time's up. (requested by Alysonz)
|inactive|Felixavi has 60 seconds left.
|j| Lidorkork
|inactive|Felixavi has 30 seconds left.
|inactive|Felixavi has 20 seconds left.
|inactive|Felixavi has 15 seconds left.
|inactive|Felixavi has 10 seconds left.
|inactive|Felixavi has 5 seconds left.
|
|t:|1784292727
|teamsize|p1|4
|teamsize|p2|4
|start
|switch|p1a: Grimmsnarl|Grimmsnarl, L50, M|100/100
|switch|p1b: Delphox|Delphox, L50, M|100/100
|switch|p2a: Aerodactyl|Aerodactyl, L50, F|100/100
|switch|p2b: Swampert|Swampert, L50, F|100/100
|-ability|p2a: Aerodactyl|Unnerve
|turn|1
|
|t:|1784292751
|detailschange|p1b: Delphox|Delphox-Mega, L50, M
|-mega|p1b: Delphox|Delphox|Delphoxite
|move|p2b: Swampert|Protect|p2b: Swampert
|-singleturn|p2b: Swampert|Protect
|move|p1a: Grimmsnarl|Fake Out|p2b: Swampert
|-activate|p2b: Swampert|move: Protect
|move|p2a: Aerodactyl|Tailwind|p2a: Aerodactyl
|-sidestart|p2: Alysonz|move: Tailwind
|move|p1b: Delphox|Nasty Plot|p1b: Delphox
|-boost|p1b: Delphox|spa|2
|
|upkeep
|turn|2
|inactive|Alysonz has 30 seconds left.
|
|t:|1784292779
|move|p1b: Delphox|Protect|p1b: Delphox
|-singleturn|p1b: Delphox|Protect
|move|p1a: Grimmsnarl|Parting Shot|p2b: Swampert
|-unboost|p2b: Swampert|atk|1
|-unboost|p2b: Swampert|spa|1
|
|t:|1784292789
|switch|p1a: Sinistcha|Sinistcha, L50|100/100|[from] Parting Shot
|move|p2a: Aerodactyl|Rock Slide|p1b: Delphox|[spread] p1a
|-activate|p1b: Delphox|move: Protect
|-damage|p1a: Sinistcha|78/100
|move|p2b: Swampert|Wave Crash|p1b: Delphox
|-activate|p1b: Delphox|move: Protect
|
|upkeep
|turn|3
|inactive|Felixavi has 30 seconds left.
|inactive|Felixavi has 20 seconds left.
|inactive|Felixavi has 15 seconds left.
|inactive|Felixavi has 10 seconds left.
|
|t:|1784292836
|switch|p2a: Pelipper|Pelipper, L50, F|100/100
|-weather|RainDance|[from] ability: Drizzle|[of] p2a: Pelipper
|detailschange|p2b: Swampert|Swampert-Mega, L50, F
|-mega|p2b: Swampert|Swampert|Swampertite
|move|p1a: Sinistcha|Rage Powder|p1a: Sinistcha
|-singleturn|p1a: Sinistcha|move: Rage Powder
|move|p2b: Swampert|Wave Crash|p1a: Sinistcha
|-resisted|p1a: Sinistcha|1
|-damage|p1a: Sinistcha|47/100
|-enditem|p1a: Sinistcha|Sitrus Berry|[eat]
|-heal|p1a: Sinistcha|72/100|[from] item: Sitrus Berry
|-damage|p2b: Swampert|89/100|[from] Recoil
|move|p1b: Delphox|Heat Wave|p2b: Swampert|[spread] p2a,p2b
|-resisted|p2a: Pelipper|1
|-resisted|p2b: Swampert|1
|-damage|p2a: Pelipper|65/100
|-damage|p2b: Swampert|71/100
|
|-weather|RainDance|[upkeep]
|upkeep
|turn|4
|inactive|Felixavi has 30 seconds left.
|inactive|Alysonz has 30 seconds left.
|inactive|Felixavi has 20 seconds left.
|inactive|Felixavi has 15 seconds left.
|inactive|Felixavi has 10 seconds left.
|
|t:|1784292884
|move|p2b: Swampert|Protect|p2b: Swampert
|-singleturn|p2b: Swampert|Protect
|move|p1b: Delphox|Protect|p1b: Delphox
|-singleturn|p1b: Delphox|Protect
|move|p1a: Sinistcha|Protect|p1a: Sinistcha
|-singleturn|p1a: Sinistcha|Protect
|move|p2a: Pelipper|Surf|p1b: Delphox|[spread] 
|-activate|p2b: Swampert|move: Protect
|-activate|p1a: Sinistcha|move: Protect
|-activate|p1b: Delphox|move: Protect
|
|-weather|RainDance|[upkeep]
|-sideend|p2: Alysonz|move: Tailwind
|upkeep
|turn|5
|inactive|Felixavi has 30 seconds left.
|
|t:|1784292918
|move|p1a: Sinistcha|Rage Powder|p1a: Sinistcha
|-singleturn|p1a: Sinistcha|move: Rage Powder
|move|p2b: Swampert|Ice Punch|p1a: Sinistcha
|-supereffective|p1a: Sinistcha|1
|-damage|p1a: Sinistcha|41/100
|move|p1b: Delphox|Psyshock|p2b: Swampert
|-damage|p2b: Swampert|0 fnt
|faint|p2b: Swampert
|move|p2a: Pelipper|Surf|p1b: Delphox|[spread] p1a,p1b
|-resisted|p1a: Sinistcha|1
|-supereffective|p1b: Delphox|1
|-damage|p1a: Sinistcha|20/100y
|-damage|p1b: Delphox|25/100
|
|-weather|RainDance|[upkeep]
|upkeep
|
|t:|1784292934
|switch|p2b: Scizor|Scizor, L50, F|100/100
|turn|6
|inactive|Felixavi has 30 seconds left.
|inactive|Felixavi has 20 seconds left.
|
|t:|1784292973
|switch|p1a: Grimmsnarl|Grimmsnarl, L50, M|100/100
|move|p2b: Scizor|Bullet Punch|p1b: Delphox
|-resisted|p1b: Delphox|1
|-damage|p1b: Delphox|10/100
|move|p1b: Delphox|Psyshock|p2a: Pelipper
|-damage|p2a: Pelipper|0 fnt
|faint|p2a: Pelipper
|
|-weather|RainDance|[upkeep]
|upkeep
|
|t:|1784292984
|switch|p2a: Aerodactyl|Aerodactyl, L50, F|100/100
|-ability|p2a: Aerodactyl|Unnerve
|turn|7
|inactive|Felixavi has 30 seconds left.
|inactive|Felixavi has 20 seconds left.
|inactive|Felixavi has 15 seconds left.
|
|t:|1784293028
|move|p2a: Aerodactyl|Protect|p2a: Aerodactyl
|-singleturn|p2a: Aerodactyl|Protect
|move|p1b: Delphox|Protect|p1b: Delphox
|-singleturn|p1b: Delphox|Protect
|move|p2b: Scizor|Protect|p2b: Scizor
|-singleturn|p2b: Scizor|Protect
|move|p1a: Grimmsnarl|Reflect|p1a: Grimmsnarl
|-sidestart|p1: Felixavi|Reflect
|
|-weather|RainDance|[upkeep]
|upkeep
|turn|8
|inactive|Felixavi has 30 seconds left.
|inactive|Felixavi has 20 seconds left.
|
|t:|1784293064
|move|p2b: Scizor|Bullet Punch|p1a: Grimmsnarl
|-supereffective|p1a: Grimmsnarl|1
|-damage|p1a: Grimmsnarl|40/100
|move|p1a: Grimmsnarl|Parting Shot|p2a: Aerodactyl
|-unboost|p2a: Aerodactyl|atk|1
|-unboost|p2a: Aerodactyl|spa|1
|
|t:|1784293069
|switch|p1a: Garchomp|Garchomp, L50, M|100/100|[from] Parting Shot
|move|p2a: Aerodactyl|Rock Slide|p1b: Delphox|[spread] p1a,p1b
|-resisted|p1a: Garchomp|1
|-supereffective|p1b: Delphox|1
|-damage|p1a: Garchomp|94/100
|-damage|p1b: Delphox|0 fnt
|faint|p1b: Delphox
|
|-weather|RainDance|[upkeep]
|upkeep
|
|t:|1784293086
|switch|p1b: Grimmsnarl|Grimmsnarl, L50, M|40/100
|turn|9
|
|t:|1784293104
|move|p1b: Grimmsnarl|Fake Out|p2b: Scizor
|-resisted|p2b: Scizor|1
|-damage|p2b: Scizor|92/100
|cant|p2b: Scizor|flinch
|move|p2a: Aerodactyl|Tailwind|p2a: Aerodactyl
|-sidestart|p2: Alysonz|move: Tailwind
|move|p1a: Garchomp|Dragon Claw|p2a: Aerodactyl
|-damage|p2a: Aerodactyl|1/100
|-damage|p1a: Garchomp|84/100|[from] item: Life Orb
|
|-weather|RainDance|[upkeep]
|-heal|p2b: Scizor|98/100|[from] item: Leftovers
|upkeep
|turn|10
|inactive|Felixavi has 30 seconds left.
|inactive|Felixavi has 20 seconds left.
|inactive|Felixavi has 15 seconds left.
|
|t:|1784293148
|move|p1b: Grimmsnarl|Parting Shot|p2b: Scizor
|-unboost|p2b: Scizor|atk|1
|-unboost|p2b: Scizor|spa|1
|
|t:|1784293152
|switch|p1b: Sinistcha|Sinistcha, L50|20/100y|[from] Parting Shot
|-heal|p1a: Garchomp|100/100|[from] ability: Hospitality|[of] p1b: Sinistcha
|move|p2a: Aerodactyl|Dual Wingbeat|p1a: Garchomp
|-damage|p1a: Garchomp|92/100
|-damage|p2a: Aerodactyl|0 fnt|[from] ability: Rough Skin|[of] p1a: Garchomp
|faint|p2a: Aerodactyl
|-hitcount|p1a: Garchomp|1
|move|p2b: Scizor|Close Combat|p1a: Garchomp
|-damage|p1a: Garchomp|71/100
|-unboost|p2b: Scizor|def|1
|-unboost|p2b: Scizor|spd|1
|-damage|p2b: Scizor|86/100|[from] ability: Rough Skin|[of] p1a: Garchomp
|move|p1a: Garchomp|Dragon Claw|p2b: Scizor
|-resisted|p2b: Scizor|1
|-damage|p2b: Scizor|29/100
|-damage|p1a: Garchomp|61/100|[from] item: Life Orb
|
|-weather|none
|-heal|p2b: Scizor|35/100|[from] item: Leftovers
|upkeep
|turn|11
|-message|Alysonz forfeited.
|
|win|Felixavi
