|j|☆KingXiltz
|j|☆MaxwellBaker
|html|KingXiltzMaxwellBaker    
|uhtml|bestof|Game 1 of a best-of-3
|t:|1784922763
|gametype|doubles
|player|p1|KingXiltz|101|1102
|player|p2|MaxwellBaker|102|1107
|gen|9
|tier|[Gen 9 Champions] VGC 2026 Reg M-B (Bo3)
|rated|
|rule|Species Clause: Limit one of each Pokémon
|rule|Item Clause: Limit 1 of each item
|clearpoke
|poke|p1|Kangaskhan, L50, F|
|poke|p1|Medicham, L50, M|
|poke|p1|Kingambit, L50, F|
|poke|p1|Meowscarada, L50, M|
|poke|p1|Incineroar, L50, M|
|poke|p1|Whimsicott, L50, M|
|poke|p2|Decidueye-Hisui, L50, M|
|poke|p2|Florges, L50, F|
|poke|p2|Raichu, L50, F|
|poke|p2|Incineroar, L50, M|
|poke|p2|Staraptor, L50, M|
|poke|p2|Milotic, L50, M|
|teampreview|4
|showteam|p1|Kangaskhan||SilkScarf|Scrappy|LastResort,FakeOut|Adamant||F|||50|]Medicham||Medichamite|Telepathy|CloseCombat,PsychoCut,RockSlide,Protect|Jolly||M|||50|]Kingambit||ChopleBerry|Defiant|KowtowCleave,SuckerPunch,IronHead,Protect|Adamant||F|||50|]Meowscarada||ChoiceScarf|Protean|FlowerTrick,KnockOff,TripleAxel,Uturn|Adamant||M|||50|]Incineroar||SitrusBerry|Intimidate|FlareBlitz,DarkestLariat,PartingShot,FakeOut|Careful||M|||50|]Whimsicott||FocusSash|Prankster|Moonblast,Tailwind,Encore,Protect|Timid||M|||50|
|showteam|p2|Decidueye-Hisui||ScopeLens|Scrappy|TripleArrows,LeafBlade,SuckerPunch,Protect|Jolly||M|||50|]Florges||LifeOrb|FlowerVeil|Moonblast,Psychic,PollenPuff,Protect|Modest||F|||50|]Raichu||RaichuniteY|LightningRod|FakeOut,ZapCannon,FocusBlast,Protect|Timid||F|||50|]Incineroar||SitrusBerry|Intimidate|FakeOut,FlareBlitz,ThroatChop,PartingShot|Careful||M|||50|]Staraptor||Staraptite|Intimidate|BraveBird,CloseCombat,Tailwind,Protect|Jolly||M|||50|]Milotic||Leftovers|Competitive|Scald,IceBeam,Haze,Protect|Bold||M|||50|
|inactive|Battle timer is ON: inactive players will automatically lose when time's up. (requested by KingXiltz)
|
|t:|1784922848
|teamsize|p1|4
|teamsize|p2|4
|start
|switch|p1a: Medicham|Medicham, L50, M|100/100
|switch|p1b: Whimsicott|Whimsicott, L50, M|100/100
|switch|p2a: Raichu|Raichu, L50, F|100/100
|switch|p2b: Decidueye|Decidueye-Hisui, L50, M|100/100
|turn|1
|inactive|KingXiltz has 30 seconds left.
|inactive|MaxwellBaker has 30 seconds left.
|inactive|KingXiltz has 20 seconds left.
|inactive|MaxwellBaker has 20 seconds left.
|inactive|MaxwellBaker has 15 seconds left.
|
|t:|1784922888
|detailschange|p2a: Raichu|Raichu-Mega-Y, L50, F
|-mega|p2a: Raichu|Raichu|Raichunite Y
|detailschange|p1a: Medicham|Medicham-Mega, L50, M
|-mega|p1a: Medicham|Medicham|Medichamite
|move|p2a: Raichu|Fake Out|p1a: Medicham
|-damage|p1a: Medicham|86/100
|move|p1b: Whimsicott|Tailwind|p1b: Whimsicott
|-sidestart|p1: KingXiltz|move: Tailwind
|cant|p1a: Medicham|flinch
|move|p2b: Decidueye|Leaf Blade|p1a: Medicham
|-damage|p1a: Medicham|24/100
|
|upkeep
|turn|2
|inactive|KingXiltz has 30 seconds left.
|inactive|MaxwellBaker has 30 seconds left.
|
|t:|1784922914
|switch|p2a: Incineroar|Incineroar, L50, M|100/100
|-ability|p2a: Incineroar|Intimidate|boost
|-unboost|p1a: Medicham|atk|1
|-unboost|p1b: Whimsicott|atk|1
|move|p1b: Whimsicott|Encore|p2a: Incineroar
|-hint|Since gen 7, Dark is immune to Prankster moves.
|-immune|p2a: Incineroar
|move|p2b: Decidueye|Sucker Punch|p1a: Medicham
|-crit|p1a: Medicham
|-damage|p1a: Medicham|0 fnt
|faint|p1a: Medicham
|
|upkeep
|
|t:|1784922926
|switch|p1a: Kangaskhan|Kangaskhan, L50, F|100/100
|turn|3
|inactive|MaxwellBaker has 30 seconds left.
|
|t:|1784922956
|move|p2b: Decidueye|Protect|p2b: Decidueye
|-singleturn|p2b: Decidueye|Protect
|move|p1a: Kangaskhan|Fake Out|p2a: Incineroar
|-damage|p2a: Incineroar|80/100
|move|p1b: Whimsicott|Moonblast|p2b: Decidueye
|-activate|p2b: Decidueye|move: Protect
|cant|p2a: Incineroar|flinch
|
|upkeep
|turn|4
|
|t:|1784922981
|switch|p2b: Milotic|Milotic, L50, M|100/100
|move|p1b: Whimsicott|Moonblast|p2b: Milotic
|-damage|p2b: Milotic|75/100
|move|p1a: Kangaskhan|Last Resort|p2b: Milotic
|-damage|p2b: Milotic|17/100
|move|p2a: Incineroar|Parting Shot|p1a: Kangaskhan
|-unboost|p1a: Kangaskhan|atk|1
|-unboost|p1a: Kangaskhan|spa|1
|
|t:|1784922993
|switch|p2a: Raichu|Raichu-Mega-Y, L50, F|100/100|[from] Parting Shot
|
|-heal|p2b: Milotic|23/100|[from] item: Leftovers
|-sideend|p1: KingXiltz|move: Tailwind
|upkeep
|turn|5
|inactive|MaxwellBaker has 30 seconds left.
|
|t:|1784923025
|move|p2a: Raichu|Fake Out|p1a: Kangaskhan
|-damage|p1a: Kangaskhan|91/100
|move|p1b: Whimsicott|Moonblast|p2b: Milotic
|-damage|p2b: Milotic|0 fnt
|faint|p2b: Milotic
|cant|p1a: Kangaskhan|flinch
|
|upkeep
|
|t:|1784923035
|switch|p2b: Incineroar|Incineroar, L50, M|80/100
|-ability|p2b: Incineroar|Intimidate|boost
|-fail|p1a: Kangaskhan|unboost|Attack|[from] ability: Scrappy|[of] p1a: Kangaskhan
|-unboost|p1b: Whimsicott|atk|1
|turn|6
|inactive|KingXiltz has 30 seconds left.
|inactive|KingXiltz has 20 seconds left.
|inactive|KingXiltz has 15 seconds left.
|inactive|KingXiltz has 10 seconds left.
|
|t:|1784923080
|move|p2b: Incineroar|Fake Out|p1b: Whimsicott
|-damage|p1b: Whimsicott|85/100
|cant|p1b: Whimsicott|flinch
|move|p2a: Raichu|Focus Blast|p1a: Kangaskhan
|-supereffective|p1a: Kangaskhan|1
|-damage|p1a: Kangaskhan|9/100
|-unboost|p1a: Kangaskhan|spd|1
|move|p1a: Kangaskhan|Last Resort|p2b: Incineroar
|-damage|p2b: Incineroar|35/100
|-enditem|p2b: Incineroar|Sitrus Berry|[eat]
|-heal|p2b: Incineroar|60/100|[from] item: Sitrus Berry
|
|upkeep
|turn|7
|inactive|KingXiltz has 30 seconds left.
|inactive|MaxwellBaker has 30 seconds left.
|inactive|KingXiltz has 20 seconds left.
|inactive|MaxwellBaker has 20 seconds left.
|
|t:|1784923119
|move|p1b: Whimsicott|Protect|p1b: Whimsicott
|-singleturn|p1b: Whimsicott|Protect
|move|p2a: Raichu|Zap Cannon|p1b: Whimsicott
|-activate|p1b: Whimsicott|move: Protect
|move|p1a: Kangaskhan|Last Resort|p2b: Incineroar
|-damage|p2b: Incineroar|18/100
|move|p2b: Incineroar|Flare Blitz|p1b: Whimsicott
|-activate|p1b: Whimsicott|move: Protect
|
|upkeep
|turn|8
|
|t:|1784923137
|switch|p2b: Decidueye|Decidueye-Hisui, L50, M|100/100
|move|p1b: Whimsicott|Tailwind|p1b: Whimsicott
|-sidestart|p1: KingXiltz|move: Tailwind
|move|p1a: Kangaskhan|Last Resort|p2b: Decidueye
|-damage|p2b: Decidueye|32/100
|move|p2a: Raichu|Focus Blast|p1a: Kangaskhan
|-supereffective|p1a: Kangaskhan|1
|-damage|p1a: Kangaskhan|0 fnt
|faint|p1a: Kangaskhan
|
|upkeep
|
|t:|1784923149
|switch|p1a: Meowscarada|Meowscarada, L50, M|100/100
|turn|9
|
|t:|1784923169
|switch|p2a: Incineroar|Incineroar, L50, M|18/100
|-ability|p2a: Incineroar|Intimidate|boost
|-unboost|p1a: Meowscarada|atk|1
|-unboost|p1b: Whimsicott|atk|1
|move|p2b: Decidueye|Protect|p2b: Decidueye
|-singleturn|p2b: Decidueye|Protect
|move|p1a: Meowscarada|Flower Trick|p2a: Incineroar
|-start|p1a: Meowscarada|typechange|Grass|[from] ability: Protean
|-resisted|p2a: Incineroar|1
|-crit|p2a: Incineroar
|-damage|p2a: Incineroar|0 fnt
|faint|p2a: Incineroar
|move|p1b: Whimsicott|Moonblast|p2b: Decidueye
|-activate|p2b: Decidueye|move: Protect
|
|upkeep
|
|t:|1784923183
|switch|p2a: Raichu|Raichu-Mega-Y, L50, F|100/100
|turn|10
|inactive|MaxwellBaker has 30 seconds left.
|inactive|MaxwellBaker has 20 seconds left.
|
|t:|1784923223
|move|p2a: Raichu|Fake Out|p1b: Whimsicott
|-damage|p1b: Whimsicott|72/100
|cant|p1b: Whimsicott|flinch
|move|p1a: Meowscarada|Flower Trick|p2a: Raichu
|-crit|p2a: Raichu
|-damage|p2a: Raichu|25/100
|move|p2b: Decidueye|Triple Arrows|p1a: Meowscarada
|-crit|p1a: Meowscarada
|-damage|p1a: Meowscarada|7/100
|-unboost|p1a: Meowscarada|def|1
|
|upkeep
|turn|11
|inactive|MaxwellBaker has 30 seconds left.
|
|t:|1784923251
|move|p2a: Raichu|Protect|p2a: Raichu
|-singleturn|p2a: Raichu|Protect
|move|p2b: Decidueye|Sucker Punch|p1a: Meowscarada
|-damage|p1a: Meowscarada|0 fnt
|faint|p1a: Meowscarada
|move|p1b: Whimsicott|Moonblast|p2b: Decidueye
|-supereffective|p2b: Decidueye|1
|-damage|p2b: Decidueye|0 fnt
|faint|p2b: Decidueye
|
|-sideend|p1: KingXiltz|move: Tailwind
|upkeep
|turn|12
|
|t:|1784923264
|move|p1b: Whimsicott|Encore|p2a: Raichu
|-start|p2a: Raichu|Encore
|move|p2a: Raichu|Protect||[still]
|-fail|p2a: Raichu
|
|upkeep
|turn|13
|
|t:|1784923272
|move|p2a: Raichu|Protect|p2a: Raichu
|-singleturn|p2a: Raichu|Protect
|move|p1b: Whimsicott|Tailwind|p1b: Whimsicott
|-sidestart|p1: KingXiltz|move: Tailwind
|
|upkeep
|turn|14
|
|t:|1784923284
|move|p2a: Raichu|Protect||[still]
|-fail|p2a: Raichu
|move|p1b: Whimsicott|Moonblast|p2a: Raichu
|-damage|p2a: Raichu|0 fnt
|faint|p2a: Raichu
|
|win|KingXiltz
