|j|☆mroreo328
|j|☆JTechtonic
|html|mroreo328JTechtonic    
|uhtml|bestof|Game 2 of a best-of-3
|t:|1782432025
|gametype|doubles
|player|p1|mroreo328|youngster-gen4dp|1169
|player|p2|JTechtonic|n|1189
|gen|9
|tier|[Gen 9 Champions] VGC 2026 Reg M-B (Bo3)
|rated|
|rule|Species Clause: Limit one of each Pokémon
|rule|Item Clause: Limit 1 of each item
|clearpoke
|poke|p1|Hatterene, L50, F|
|poke|p1|Farigiraf, L50, M, shiny|
|poke|p1|Vivillon-Pokeball, L50, F, shiny|
|poke|p1|Raichu, L50, M|
|poke|p1|Kangaskhan, L50, F|
|poke|p1|Camerupt, L50, F|
|poke|p2|Grimmsnarl, L50, M|
|poke|p2|Sinistcha, L50|
|poke|p2|Incineroar, L50, F|
|poke|p2|Gholdengo, L50|
|poke|p2|Garchomp, L50, M|
|poke|p2|Staraptor, L50, F|
|teampreview|4
|showteam|p1|Hatterene||FocusSash|MagicBounce|DazzlingGleam,Psychic,ShadowBall,TrickRoom|Quiet||F|||50|]Farigiraf||ColburBerry|ArmorTail|Psychic,LowKick,SunnyDay,TrickRoom|Relaxed||M|||50|]Vivillon-Pokeball||ChoiceScarf|CompoundEyes|Hurricane,StruggleBug,PollenPuff,SleepPowder|Timid||F|||50|]Raichu||RaichuniteY|Static|ZapCannon,FocusBlast,DazzlingGleam,FakeOut|Hasty||M|||50|]Kangaskhan||SilkScarf|Scrappy|LastResort,FakeOut|Brave||F|||50|]Camerupt||Cameruptite|SolidRock|Eruption,EarthPower,AncientPower,Protect|Quiet||F|||50|
|showteam|p2|Grimmsnarl||LightClay|Prankster|Reflect,LightScreen,PartingShot,SpiritBreak|Careful||M|||50|]Sinistcha||KasibBerry|Hospitality|MatchaGotcha,RagePowder,StrengthSap,Protect|Sassy|||||50|]Incineroar||SitrusBerry|Intimidate|FlareBlitz,DarkestLariat,PartingShot,FakeOut|Sassy||F|||50|]Gholdengo||WiseGlasses|GoodasGold|MakeItRain,ShadowBall,NastyPlot,Protect|Modest|||||50|]Garchomp||LifeOrb|RoughSkin|StompingTantrum,DragonClaw,RockSlide,Protect|Jolly||M|||50|]Staraptor||Staraptite|Intimidate|CloseCombat,BraveBird,Roost,Protect|Adamant||F|||50|
|inactive|Battle timer is ON: inactive players will automatically lose when time's up. (requested by JTechtonic)
|inactive|mroreo328 also wants the timer to be on.
|inactive|JTechtonic has 60 seconds left.
|inactive|JTechtonic has 30 seconds left.
|
|t:|1782432089
|teamsize|p1|4
|teamsize|p2|4
|start
|switch|p1a: Raichu|Raichu, L50, M|100/100
|switch|p1b: Vivillon|Vivillon-Pokeball, L50, F, shiny|100/100
|switch|p2a: Sinistcha|Sinistcha, L50|100/100
|switch|p2b: Staraptor|Staraptor, L50, F|100/100
|-ability|p2b: Staraptor|Intimidate|boost
|-unboost|p1a: Raichu|atk|1
|-unboost|p1b: Vivillon|atk|1
|turn|1
|inactive|mroreo328 has 30 seconds left.
|inactive|JTechtonic has 30 seconds left.
|inactive|JTechtonic has 20 seconds left.
|
|t:|1782432144
|detailschange|p1a: Raichu|Raichu-Mega-Y, L50, M
|-mega|p1a: Raichu|Raichu|Raichunite Y
|detailschange|p2b: Staraptor|Staraptor-Mega, L50, F
|-mega|p2b: Staraptor|Staraptor|Staraptite
|move|p2b: Staraptor|Protect|p2b: Staraptor
|-singleturn|p2b: Staraptor|Protect
|move|p2a: Sinistcha|Protect|p2a: Sinistcha
|-singleturn|p2a: Sinistcha|Protect
|move|p1b: Vivillon|Hurricane|p2a: Sinistcha
|-activate|p2a: Sinistcha|move: Protect
|move|p1a: Raichu|Zap Cannon|p2b: Staraptor
|-activate|p2b: Staraptor|move: Protect
|
|upkeep
|turn|2
|
|t:|1782432161
|switch|p2b: Garchomp|Garchomp, L50, M|100/100
|switch|p2a: Grimmsnarl|Grimmsnarl, L50, M|100/100
|move|p1b: Vivillon|Hurricane|p2b: Garchomp
|-damage|p2b: Garchomp|54/100
|-start|p2b: Garchomp|confusion
|move|p1a: Raichu|Dazzling Gleam|p2b: Garchomp|[spread] p2a,p2b
|-supereffective|p2a: Grimmsnarl|1
|-supereffective|p2b: Garchomp|1
|-damage|p2a: Grimmsnarl|55/100
|-damage|p2b: Garchomp|0 fnt
|faint|p2b: Garchomp
|
|upkeep
|
|t:|1782432179
|switch|p2b: Staraptor|Staraptor-Mega, L50, F|100/100
|turn|3
|
|t:|1782432187
|move|p2b: Staraptor|Protect|p2b: Staraptor
|-singleturn|p2b: Staraptor|Protect
|move|p2a: Grimmsnarl|Light Screen|p2a: Grimmsnarl
|-sidestart|p2: JTechtonic|move: Light Screen
|move|p1b: Vivillon|Hurricane|p2a: Grimmsnarl
|-damage|p2a: Grimmsnarl|29/100
|move|p1a: Raichu|Zap Cannon|p2a: Grimmsnarl
|-damage|p2a: Grimmsnarl|0 fnt
|faint|p2a: Grimmsnarl
|
|upkeep
|
|t:|1782432196
|switch|p2a: Sinistcha|Sinistcha, L50|100/100
|turn|4
|
|t:|1782432206
|switch|p1a: Farigiraf|Farigiraf, L50, M, shiny|100/100
|move|p2a: Sinistcha|Rage Powder|p2a: Sinistcha
|-singleturn|p2a: Sinistcha|move: Rage Powder
|move|p1b: Vivillon|Hurricane|p2a: Sinistcha
|-supereffective|p2a: Sinistcha|1
|-damage|p2a: Sinistcha|50/100y
|move|p2b: Staraptor|Close Combat|p1a: Farigiraf
|-damage|p1a: Farigiraf|53/100
|-boost|p2b: Staraptor|def|1
|-boost|p2b: Staraptor|spd|1
|
|upkeep
|turn|5
|
|t:|1782432224
|move|p1b: Vivillon|Hurricane|p2a: Sinistcha
|-supereffective|p2a: Sinistcha|1
|-damage|p2a: Sinistcha|0 fnt
|faint|p2a: Sinistcha
|move|p2b: Staraptor|Close Combat|p1a: Farigiraf
|-damage|p1a: Farigiraf|8/100
|-boost|p2b: Staraptor|def|1
|-boost|p2b: Staraptor|spd|1
|move|p1a: Farigiraf|Psychic|p2b: Staraptor
|-supereffective|p2b: Staraptor|1
|-damage|p2b: Staraptor|78/100
|
|upkeep
|turn|6
|
|t:|1782432245
|switch|p1b: Kangaskhan|Kangaskhan, L50, F|100/100
|move|p2b: Staraptor|Brave Bird|p1b: Kangaskhan
|-damage|p1b: Kangaskhan|34/100
|-damage|p2b: Staraptor|54/100|[from] Recoil
|move|p1a: Farigiraf|Psychic|p2b: Staraptor
|-supereffective|p2b: Staraptor|1
|-damage|p2b: Staraptor|35/100
|
|upkeep
|turn|7
|-message|JTechtonic forfeited.
|
|win|mroreo328
||JTechtonic is ready for game 3.
||mroreo328 is ready for game 3.
|uhtml|next|Next: Game 3 of 3
|l|☆mroreo328
|player|p1|
