|j|☆Omaruco
|j|☆big blakc men
|html|Omarucobig blakc men    
|uhtml|bestof|Game 3 of a best-of-3
|t:|1785938146
|gametype|doubles
|player|p1|Omaruco|arven-s|1126
|player|p2|big blakc men|hiker-gen4|1126
|gen|9
|tier|[Gen 9 Champions] VGC 2026 Reg M-B (Bo3)
|rated|
|rule|Species Clause: Limit one of each Pokémon
|rule|Item Clause: Limit 1 of each item
|clearpoke
|poke|p1|Charizard, L50, M|
|poke|p1|Garchomp, L50, F|
|poke|p1|Incineroar, L50, M|
|poke|p1|Venusaur, L50, F|
|poke|p1|Raichu, L50, F|
|poke|p1|Sylveon, L50, F|
|poke|p2|Hawlucha, L50, M|
|poke|p2|Snorlax, L50, F|
|poke|p2|Sinistcha-Masterpiece, L50|
|poke|p2|Incineroar, L50, F|
|poke|p2|Mawile, L50, F|
|poke|p2|Farigiraf, L50, F|
|teampreview|4
|showteam|p1|Charizard||CharizarditeY|Blaze|WeatherBall,HeatWave,HelpingHand,Protect|Modest||M|||50|]Garchomp||ChoiceScarf|RoughSkin|RockSlide,DragonClaw,Earthquake,StompingTantrum|Adamant||F|||50|]Incineroar||SitrusBerry|Intimidate|FlareBlitz,FakeOut,DarkestLariat,PartingShot|Impish||M|||50|]Venusaur||LifeOrb|Chlorophyll|SludgeBomb,LeafStorm,EarthPower,Protect|Modest||F|||50|]Raichu||RaichuniteY|LightningRod|Protect,ZapCannon,FakeOut,FocusBlast|Timid||F|||50|]Sylveon||FairyFeather|Pixilate|HyperVoice,QuickAttack,HyperBeam,Detect|Modest||F|||50|
|showteam|p2|Hawlucha||Hawluchanite|Limber|Entrainment,Uturn,CloseCombat,ZenHeadbutt|Jolly||M|||50|]Snorlax||ChopleBerry|ThickFat|BodySlam,Fissure,SmackDown,Protect|Impish||F|||50|]Sinistcha-Masterpiece||ColburBerry|Hospitality|TrickRoom,LifeDew,MatchaGotcha,Protect|Relaxed|||||50|]Incineroar||SitrusBerry|Intimidate|FakeOut,PartingShot,FlareBlitz,Protect|Careful||F|||50|]Mawile||Mawilite|HyperCutter|PlayRough,IronHead,Facade,Protect|Adamant||F|||50|]Farigiraf||LifeOrb|ArmorTail|TrickRoom,HyperVoice,Psychic,Protect|Serious||F|||50|
|inactive|Battle timer is ON: inactive players will automatically lose when time's up. (requested by Omaruco)
|inactive|big blakc men has 60 seconds left.
|
|t:|1785938182
|teamsize|p1|4
|teamsize|p2|4
|start
|switch|p1a: Raichu|Raichu, L50, F|100/100
|switch|p1b: Venusaur|Venusaur, L50, F|100/100
|switch|p2a: Hawlucha|Hawlucha, L50, M|100/100
|switch|p2b: Snorlax|Snorlax, L50, F|100/100
|turn|1
|inactive|big blakc men has 30 seconds left.
|inactive|big blakc men has 20 seconds left.
|inactive|big blakc men has 15 seconds left.
|inactive|big blakc men has 10 seconds left.
|inactive|big blakc men has 5 seconds left.
|
|t:|1785938235
|switch|p2a: Incineroar|Incineroar, L50, F|100/100
|-ability|p2a: Incineroar|Intimidate|boost
|-unboost|p1a: Raichu|atk|1
|-unboost|p1b: Venusaur|atk|1
|detailschange|p1a: Raichu|Raichu-Mega-Y, L50, F
|-mega|p1a: Raichu|Raichu|Raichunite Y
|move|p2b: Snorlax|Protect|p2b: Snorlax
|-singleturn|p2b: Snorlax|Protect
|move|p1a: Raichu|Zap Cannon|p2a: Incineroar
|-damage|p2a: Incineroar|51/100
|-status|p2a: Incineroar|par
|move|p1b: Venusaur|Sludge Bomb|p2b: Snorlax
|-activate|p2b: Snorlax|move: Protect
|
|upkeep
|turn|2
|
|t:|1785938252
|move|p2a: Incineroar|Fake Out|p1a: Raichu
|-damage|p1a: Raichu|83/100
|cant|p1a: Raichu|flinch
|move|p1b: Venusaur|Sludge Bomb|p2b: Snorlax
|-damage|p2b: Snorlax|66/100
|-status|p2b: Snorlax|psn
|-damage|p1b: Venusaur|90/100|[from] item: Life Orb
|move|p2b: Snorlax|Body Slam|p1a: Raichu
|-damage|p1a: Raichu|31/100
|
|-damage|p2b: Snorlax|53/100 psn|[from] psn
|upkeep
|turn|3
|
|t:|1785938274
|move|p1a: Raichu|Protect|p1a: Raichu
|-singleturn|p1a: Raichu|Protect
|move|p1b: Venusaur|Earth Power|p2a: Incineroar
|-supereffective|p2a: Incineroar|1
|-damage|p2a: Incineroar|1/100 par
|-enditem|p2a: Incineroar|Sitrus Berry|[eat]
|-heal|p2a: Incineroar|26/100 par|[from] item: Sitrus Berry
|-damage|p1b: Venusaur|80/100|[from] item: Life Orb
|move|p2b: Snorlax|Body Slam|p1a: Raichu
|-activate|p1a: Raichu|move: Protect
|move|p2a: Incineroar|Flare Blitz|p1b: Venusaur
|-supereffective|p1b: Venusaur|1
|-damage|p1b: Venusaur|0 fnt
|faint|p1b: Venusaur
|-damage|p2a: Incineroar|5/100 par|[from] Recoil
|
|-damage|p2b: Snorlax|41/100 psn|[from] psn
|upkeep
|
|t:|1785938283
|switch|p1b: Sylveon|Sylveon, L50, F|100/100
|turn|4
|inactive|big blakc men has 30 seconds left.
|
|t:|1785938314
|move|p2b: Snorlax|Protect|p2b: Snorlax
|-singleturn|p2b: Snorlax|Protect
|move|p1a: Raichu|Zap Cannon|p2b: Snorlax
|-activate|p2b: Snorlax|move: Protect
|move|p1b: Sylveon|Hyper Voice|p2b: Snorlax|[spread] p2a
|-activate|p2b: Snorlax|move: Protect
|-damage|p2a: Incineroar|0 fnt
|faint|p2a: Incineroar
|
|-damage|p2b: Snorlax|29/100 psn|[from] psn
|upkeep
|
|t:|1785938321
|switch|p2a: Sinistcha|Sinistcha-Masterpiece, L50|100/100
|-heal|p2b: Snorlax|53/100 psn|[from] ability: Hospitality|[of] p2a: Sinistcha
|turn|5
|
|t:|1785938332
|switch|p1a: Incineroar|Incineroar, L50, M|100/100
|-ability|p1a: Incineroar|Intimidate|boost
|-unboost|p2a: Sinistcha|atk|1
|-unboost|p2b: Snorlax|atk|1
|move|p1b: Sylveon|Hyper Voice|p2a: Sinistcha|[spread] p2a,p2b
|-damage|p2a: Sinistcha|51/100
|-damage|p2b: Snorlax|25/100 psn
|move|p2b: Snorlax|Body Slam|p1a: Incineroar
|-damage|p1a: Incineroar|84/100
|move|p2a: Sinistcha|Trick Room|p2a: Sinistcha
|-fieldstart|move: Trick Room|[of] p2a: Sinistcha
|
|-damage|p2b: Snorlax|13/100 psn|[from] psn
|upkeep
|turn|6
|inactive|big blakc men has 30 seconds left.
|inactive|big blakc men has 20 seconds left.
|
|t:|1785938369
|move|p2b: Snorlax|Body Slam|p1b: Sylveon
|-damage|p1b: Sylveon|78/100
|move|p1b: Sylveon|Hyper Voice|p2b: Snorlax|[spread] p2a,p2b
|-damage|p2a: Sinistcha|0 fnt
|-damage|p2b: Snorlax|0 fnt
|faint|p2a: Sinistcha
|faint|p2b: Snorlax
|move|p1a: Incineroar|Flare Blitz|p2: Sinistcha|[notarget]
|-fail|p1a: Incineroar
|
|upkeep
|
|t:|1785938378
|switch|p2b: Hawlucha|Hawlucha, L50, M|100/100
|turn|7
|
|t:|1785938386
|detailschange|p2b: Hawlucha|Hawlucha-Mega, L50, M
|-mega|p2b: Hawlucha|Hawlucha|Hawluchanite
|move|p1b: Sylveon|Hyper Voice|p2b: Hawlucha
|-supereffective|p2b: Hawlucha|1
|-damage|p2b: Hawlucha|0 fnt
|faint|p2b: Hawlucha
|
|win|Omaruco
|raw|Omaruco's rating: 1126 → 1151(+25 for winning)
|raw|big blakc men's rating: 1126 → 1101(-25 for losing)
