|j|☆LollerinoBasic
|j|☆Lewis94
|html|LollerinoBasicLewis94    
|uhtml|bestof|Game 2 of a best-of-3
|t:|1756217215
|gametype|doubles
|player|p1|LollerinoBasic|hilbert|1146
|player|p2|Lewis94|ethan-gen2|1141
|gen|9
|tier|[Gen 9] VGC 2025 Reg H (Bo3)
|rated|
|rule|Species Clause: Limit one of each Pokémon
|rule|Item Clause: Limit 1 of each item
|clearpoke
|poke|p1|Gholdengo, L50|
|poke|p1|Incineroar, L50, M|
|poke|p1|Amoonguss, L50, M|
|poke|p1|Archaludon, L50, F|
|poke|p1|Pelipper, L50, F|
|poke|p1|Basculegion, L50, M|
|poke|p2|Garchomp, L50, F|
|poke|p2|Whimsicott, L50, F|
|poke|p2|Dragonite, L50, M|
|poke|p2|Typhlosion-Hisui, L50, F|
|poke|p2|Torkoal, L50, M|
|poke|p2|Kingambit, L50, F|
|teampreview|4
|showteam|p1|Gholdengo||LifeOrb|GoodasGold|MakeItRain,ShadowBall,NastyPlot,Protect||||||50|,,,,,Water]Incineroar||RockyHelmet|Intimidate|Taunt,KnockOff,PartingShot,FakeOut|||M|||50|,,,,,Ghost]Amoonguss||SitrusBerry|Regenerator|PollenPuff,Spore,RagePowder,Protect|||M|||50|,,,,,Water]Archaludon||AssaultVest|Stamina|DragonPulse,FlashCannon,ElectroShot,BodyPress|||F|||50|,,,,,Bug]Pelipper||FocusSash|Drizzle|WeatherBall,Hurricane,Tailwind,Protect|||F|||50|,,,,,Ground]Basculegion||ChoiceBand|SwiftSwim|WaveCrash,LastRespects,FlipTurn,AquaJet|||M|||50|,,,,,Water
|showteam|p2|Garchomp||LifeOrb|RoughSkin|DragonClaw,StompingTantrum,Earthquake,Protect|||F|||50|,,,,,Ground]Whimsicott||CovertCloak|Prankster|Tailwind,SunnyDay,Moonblast,Encore|||F|||50|,,,,,Dark]Dragonite||LoadedDice|Multiscale|ExtremeSpeed,ScaleShot,IceSpinner,Protect|||M|||50|,,,,,Normal]Typhlosion-Hisui||ChoiceSpecs|Blaze|Eruption,ShadowBall,HeatWave,Protect|||F|||50|,,,,,Fire]Torkoal||EjectPack|Drought|Overheat,Eruption,HelpingHand,Protect|||M|||50|,,,,,Flying]Kingambit||AssaultVest|Defiant|IronHead,Assurance,SuckerPunch,LowKick|||F|||50|,,,,,Flying
|inactive|Battle timer is ON: inactive players will automatically lose when time's up. (requested by LollerinoBasic)
|inactive|Lewis94 also wants the timer to be on.
|inactive|LollerinoBasic has 60 seconds left.
|
|t:|1756217271
|teamsize|p1|4
|teamsize|p2|4
|start
|switch|p1a: Archaludon|Archaludon, L50, F|100/100
|switch|p1b: Pelipper|Pelipper, L50, F|100/100
|switch|p2a: Torkoal|Torkoal, L50, M|100/100
|switch|p2b: Typhlosion|Typhlosion-Hisui, L50, F|100/100
|-weather|RainDance|[from] ability: Drizzle|[of] p1b: Pelipper
|-weather|SunnyDay|[from] ability: Drought|[of] p2a: Torkoal
|turn|1
|inactive|LollerinoBasic has 30 seconds left.
|inactive|Lewis94 has 30 seconds left.
|
|t:|1756217301
|switch|p1b: Incineroar|Incineroar, L50, M|100/100
|-ability|p1b: Incineroar|Intimidate|boost
|-unboost|p2a: Torkoal|atk|1
|-unboost|p2b: Typhlosion|atk|1
|-enditem|p2a: Torkoal|Eject Pack
|
|t:|1756217311
|switch|p2a: Whimsicott|Whimsicott, L50, F|100/100
|-terastallize|p2b: Typhlosion|Fire
|move|p2b: Typhlosion|Eruption|p1a: Archaludon|[spread] p1a,p1b
|-resisted|p1b: Incineroar
|-damage|p1a: Archaludon|0 fnt
|-damage|p1b: Incineroar|20/100
|faint|p1a: Archaludon
|
|-weather|SunnyDay|[upkeep]
|upkeep
|
|t:|1756217321
|switch|p1a: Pelipper|Pelipper, L50, F|100/100
|-weather|RainDance|[from] ability: Drizzle|[of] p1a: Pelipper
|turn|2
|
|t:|1756217331
|switch|p2b: Torkoal|Torkoal, L50, M|100/100
|-weather|SunnyDay|[from] ability: Drought|[of] p2b: Torkoal
|move|p1b: Incineroar|Fake Out|p2b: Torkoal
|-damage|p2b: Torkoal|91/100
|move|p2a: Whimsicott|Tailwind|p2a: Whimsicott
|-sidestart|p2: Lewis94|move: Tailwind
|move|p1a: Pelipper|Tailwind|p1a: Pelipper
|-sidestart|p1: LollerinoBasic|move: Tailwind
|
|-weather|SunnyDay|[upkeep]
|upkeep
|turn|3
|
|t:|1756217353
|switch|p1a: Basculegion|Basculegion, L50, M|100/100
|move|p2a: Whimsicott|Encore||[still]
|-fail|p2a: Whimsicott
|move|p1b: Incineroar|Parting Shot|p2b: Torkoal
|-unboost|p2b: Torkoal|atk|1
|-unboost|p2b: Torkoal|spa|1
|
|t:|1756217363
|switch|p1b: Pelipper|Pelipper, L50, F|100/100|[from] Parting Shot
|-weather|RainDance|[from] ability: Drizzle|[of] p1b: Pelipper
|move|p2b: Torkoal|Eruption|p1a: Basculegion|[spread] p1a,p1b
|-resisted|p1a: Basculegion
|-crit|p1a: Basculegion
|-resisted|p1b: Pelipper
|-damage|p1a: Basculegion|82/100
|-damage|p1b: Pelipper|87/100
|
|-weather|RainDance|[upkeep]
|upkeep
|turn|4
|
|t:|1756217385
|switch|p1b: Incineroar|Incineroar, L50, M|20/100
|-ability|p1b: Incineroar|Intimidate|boost
|-unboost|p2a: Whimsicott|atk|1
|-unboost|p2b: Torkoal|atk|1
|-terastallize|p1a: Basculegion|Water
|move|p2b: Torkoal|Protect|p2b: Torkoal
|-singleturn|p2b: Torkoal|Protect
|move|p2a: Whimsicott|Sunny Day|p2a: Whimsicott
|-weather|SunnyDay
|move|p1a: Basculegion|Flip Turn|p2b: Torkoal
|-activate|p2b: Torkoal|move: Protect
|
|-weather|SunnyDay|[upkeep]
|upkeep
|turn|5
|inactive|Lewis94 has 30 seconds left.
|
|t:|1756217414
|move|p2a: Whimsicott|Moonblast|p1b: Incineroar
|-damage|p1b: Incineroar|0 fnt
|faint|p1b: Incineroar
|move|p1a: Basculegion|Flip Turn|p2b: Torkoal
|-supereffective|p2b: Torkoal
|-damage|p2b: Torkoal|45/100
|
|t:|1756217421
|switch|p1a: Pelipper|Pelipper, L50, F|87/100|[from] Flip Turn
|-weather|RainDance|[from] ability: Drizzle|[of] p1a: Pelipper
|move|p2b: Torkoal|Overheat|p1a: Pelipper
|-resisted|p1a: Pelipper
|-damage|p1a: Pelipper|72/100
|-unboost|p2b: Torkoal|spa|2
|
|-weather|RainDance|[upkeep]
|-sideend|p2: Lewis94|move: Tailwind
|-sideend|p1: LollerinoBasic|move: Tailwind
|upkeep
|
|t:|1756217428
|switch|p1b: Basculegion|Basculegion, L50, M, tera:Water|82/100
|turn|6
|
|t:|1756217442
|move|p2b: Torkoal|Protect|p2b: Torkoal
|-singleturn|p2b: Torkoal|Protect
|move|p2a: Whimsicott|Sunny Day|p2a: Whimsicott
|-weather|SunnyDay
|move|p1b: Basculegion|Last Respects|p2b: Torkoal
|-activate|p2b: Torkoal|move: Protect
|move|p1a: Pelipper|Hurricane|p2a: Whimsicott
|-supereffective|p2a: Whimsicott
|-damage|p2a: Whimsicott|0 fnt
|faint|p2a: Whimsicott
|
|-weather|SunnyDay|[upkeep]
|upkeep
|
|t:|1756217453
|switch|p2a: Typhlosion|Typhlosion-Hisui, L50, F, tera:Fire|100/100
|turn|7
|
|t:|1756217458
|move|p2b: Torkoal|Helping Hand|p2a: Typhlosion
|-singleturn|p2a: Typhlosion|Helping Hand|[of] p2b: Torkoal
|move|p2a: Typhlosion|Eruption|p1b: Basculegion|[spread] p1a,p1b
|-resisted|p1a: Pelipper
|-resisted|p1b: Basculegion
|-damage|p1a: Pelipper|0 fnt
|-damage|p1b: Basculegion|0 fnt
|faint|p1a: Pelipper
|faint|p1b: Basculegion
|
|win|Lewis94
||LollerinoBasic is ready for game 3.
||Lewis94 is ready for game 3.
|uhtml|next|Next: Game 3 of 3
|l|☆LollerinoBasic
|player|p1|
