|j|☆sopa de moscas
|j|☆katkraydel
|html|sopa de moscaskatkraydel    
|uhtml|bestof|Game 2 of a best-of-3
|t:|1783176661
|gametype|doubles
|player|p1|sopa de moscas|miku-ghost|1325
|player|p2|katkraydel|lebanne|1321
|gen|9
|tier|[Gen 9 Champions] VGC 2026 Reg M-B (Bo3)
|rated|
|rule|Species Clause: Limit one of each Pokémon
|rule|Item Clause: Limit 1 of each item
|clearpoke
|poke|p1|Incineroar, L50, F|
|poke|p1|Farigiraf, L50, M|
|poke|p1|Torkoal, L50, M|
|poke|p1|Floette-Eternal, L50, F|
|poke|p1|Maushold-Four, L50|
|poke|p1|Golurk, L50|
|poke|p2|Tyranitar, L50, F|
|poke|p2|Whimsicott, L50, F|
|poke|p2|Excadrill, L50, F|
|poke|p2|Kommo-o, L50, M|
|poke|p2|Venusaur, L50, F|
|poke|p2|Basculegion, L50, M|
|teampreview|4
|showteam|p1|Incineroar||ChopleBerry|Intimidate|ThroatChop,FakeOut,FlareBlitz,PartingShot|Careful||F|||50|]Farigiraf||SitrusBerry|ArmorTail|Thunderbolt,Psychic,TrickRoom,Protect|Sassy||M|||50|]Torkoal||Charcoal|Drought|Eruption,HeatWave,WeatherBall,Protect|Quiet||M|||50|]Floette-Eternal||Floettite|FlowerVeil|Moonblast,DazzlingGleam,LightofRuin,Protect|Modest||F|||50|]Maushold-Four||WideLens|Technician|PopulationBomb,FollowMe,HelpingHand,Protect|Jolly|||||50|]Golurk||LifeOrb|NoGuard|HeadlongRush,Poltergeist,Protect,StoneEdge|Brave|||||50|
|showteam|p2|Tyranitar||Tyranitarite|SandStream|RockSlide,KnockOff,IcePunch,Protect|Adamant||F|||50|]Whimsicott||MentalHerb|Prankster|Moonblast,Tailwind,FakeTears,Protect|Bold||F|||50|]Excadrill||FocusSash|SandRush|HighHorsepower,IronHead,RockTomb,Protect|Adamant||F|||50|]Kommo-o||LifeOrb|Overcoat|ClangingScales,AuraSphere,FlashCannon,Protect|Modest||M|||50|]Venusaur||Venusaurite|Chlorophyll|EnergyBall,SludgeBomb,EarthPower,Protect|Modest||F|||50|]Basculegion||ChoiceScarf|Adaptability|WaveCrash,LastRespects,AquaJet,PsychicFangs|Adamant||M|||50|
|inactive|Battle timer is ON: inactive players will automatically lose when time's up. (requested by sopa de moscas)
|inactive|katkraydel has 60 seconds left.
|
|t:|1783176696
|teamsize|p1|4
|teamsize|p2|4
|start
|switch|p1a: Incineroar|Incineroar, L50, F|100/100
|switch|p1b: Farigiraf|Farigiraf, L50, M|100/100
|switch|p2a: fishing with you|Basculegion, L50, M|100/100
|switch|p2b: Weeds|Venusaur, L50, F|100/100
|-ability|p1a: Incineroar|Intimidate|boost
|-unboost|p2a: fishing with you|atk|1
|-unboost|p2b: Weeds|atk|1
|turn|1
|
|t:|1783176713
|detailschange|p2b: Weeds|Venusaur-Mega, L50, F
|-mega|p2b: Weeds|Venusaur|Venusaurite
|move|p1a: Incineroar|Fake Out|p2b: Weeds
|-damage|p2b: Weeds|90/100
|move|p2a: fishing with you|Wave Crash|p1b: Farigiraf
|-damage|p1b: Farigiraf|53/100
|-damage|p2a: fishing with you|82/100|[from] Recoil
|cant|p2b: Weeds|flinch
|move|p1b: Farigiraf|Trick Room|p1b: Farigiraf
|-fieldstart|move: Trick Room|[of] p1b: Farigiraf
|
|upkeep
|turn|2
|
|t:|1783176737
|move|p1b: Farigiraf|Psychic|p2b: Weeds
|-supereffective|p2b: Weeds|1
|-damage|p2b: Weeds|24/100
|move|p1a: Incineroar|Throat Chop|p2a: fishing with you
|-supereffective|p2a: fishing with you|1
|-damage|p2a: fishing with you|21/100
|-start|p2a: fishing with you|Throat Chop|[silent]
|move|p2b: Weeds|Sludge Bomb|p1b: Farigiraf
|-damage|p1b: Farigiraf|8/100
|-status|p1b: Farigiraf|psn
|-enditem|p1b: Farigiraf|Sitrus Berry|[eat]
|-heal|p1b: Farigiraf|33/100 psn|[from] item: Sitrus Berry
|move|p2a: fishing with you|Wave Crash|p1a: Incineroar
|-supereffective|p1a: Incineroar|1
|-damage|p1a: Incineroar|8/100
|-damage|p2a: fishing with you|0 fnt|[from] Recoil
|faint|p2a: fishing with you
|
|-damage|p1b: Farigiraf|20/100y psn|[from] psn
|upkeep
|
|t:|1783176754
|switch|p2a: my way|Tyranitar, L50, F|100/100
|-weather|Sandstorm|[from] ability: Sand Stream|[of] p2a: my way
|turn|3
|
|t:|1783176771
|move|p1b: Farigiraf|Protect|p1b: Farigiraf
|-singleturn|p1b: Farigiraf|Protect
|move|p2b: Weeds|Protect|p2b: Weeds
|-singleturn|p2b: Weeds|Protect
|move|p1a: Incineroar|Parting Shot|p2a: my way
|-unboost|p2a: my way|atk|1
|-unboost|p2a: my way|spa|1
|
|t:|1783176776
|switch|p1a: Golurk|Golurk, L50|100/100|[from] Parting Shot
|move|p2a: my way|Rock Slide|p1a: Golurk|[spread] p1a
|-activate|p1b: Farigiraf|move: Protect
|-resisted|p1a: Golurk|1
|-damage|p1a: Golurk|88/100
|
|-weather|Sandstorm|[upkeep]
|-damage|p1b: Farigiraf|14/100 psn|[from] Sandstorm
|-damage|p2b: Weeds|18/100|[from] Sandstorm
|-damage|p1b: Farigiraf|2/100 psn|[from] psn
|upkeep
|turn|4
|
|t:|1783176784
|switch|p2b: Drum Show|Kommo-o, L50, M|100/100
|move|p2a: my way|Protect|p2a: my way
|-singleturn|p2a: my way|Protect
|move|p1a: Golurk|Headlong Rush|p2a: my way
|-activate|p2a: my way|move: Protect
|move|p1b: Farigiraf|Psychic|p2b: Drum Show
|-supereffective|p2b: Drum Show|1
|-damage|p2b: Drum Show|27/100
|
|-weather|Sandstorm|[upkeep]
|-damage|p1b: Farigiraf|0 fnt|[from] Sandstorm
|faint|p1b: Farigiraf
|upkeep
|
|t:|1783176791
|switch|p1b: Floette|Floette-Eternal, L50, F|100/100
|turn|5
|
|t:|1783176814
|detailschange|p1b: Floette|Floette-Mega, L50, F
|-mega|p1b: Floette|Floette|Floettite
|-ability|p1b: Floette|Fairy Aura
|move|p1a: Golurk|Headlong Rush|p2a: my way
|-supereffective|p2a: my way|1
|-damage|p2a: my way|0 fnt
|-unboost|p1a: Golurk|def|1
|-unboost|p1a: Golurk|spd|1
|faint|p2a: my way
|-damage|p1a: Golurk|78/100|[from] item: Life Orb
|move|p2b: Drum Show|Flash Cannon|p1b: Floette
|-supereffective|p1b: Floette|1
|-damage|p1b: Floette|50/100g
|-damage|p2b: Drum Show|18/100|[from] item: Life Orb
|move|p1b: Floette|Dazzling Gleam|p2b: Drum Show
|-supereffective|p2b: Drum Show|2
|-damage|p2b: Drum Show|0 fnt
|faint|p2b: Drum Show
|
|-weather|Sandstorm|[upkeep]
|-damage|p1b: Floette|45/100|[from] Sandstorm
|-fieldend|move: Trick Room
|upkeep
|-message|katkraydel forfeited.
|
|win|sopa de moscas
|l|☆katkraydel
|player|p2|
||katkraydel is ready for game 3.
||sopa de moscas is ready for game 3.
|uhtml|next|Next: Game 3 of 3
