|j|☆go to vr
|j|☆jagheter
|html|go to vrjagheter    
|uhtml|bestof|Game 1 of a best-of-3
|t:|1756662537
|gametype|doubles
|player|p1|go to vr|colress|
|player|p2|jagheter|worker|
|gen|9
|tier|[Gen 9] VGC 2025 Reg H (Bo3)
|rule|Species Clause: Limit one of each Pokémon
|rule|Item Clause: Limit 1 of each item
|clearpoke
|poke|p1|Kilowattrel, L50, M|
|poke|p1|Gholdengo, L50|
|poke|p1|Ursaluna, L50, F|
|poke|p1|Incineroar, L50, M|
|poke|p1|Dragonite, L50, M|
|poke|p1|Ninetales-Alola, L50, M|
|poke|p2|Venusaur, L50, F|
|poke|p2|Incineroar, L50, M|
|poke|p2|Dondozo, L50, M|
|poke|p2|Volcarona, L50, F|
|poke|p2|Rillaboom, L50, F|
|poke|p2|Sneasler, L50, M|
|teampreview|4
|showteam|p1|Kilowattrel||FocusSash|Competitive|Tailwind,Protect,Thunderbolt,AirSlash|||M|||50|,,,,,Ghost]Gholdengo||LifeOrb|GoodasGold|NastyPlot,Protect,ShadowBall,MakeItRain||||||50|,,,,,Dragon]Ursaluna||FlameOrb|Guts|Earthquake,Protect,Facade,HeadlongRush|||F|||50|,,,,,Fairy]Incineroar||RockyHelmet|Intimidate|PartingShot,FlareBlitz,KnockOff,FakeOut|||M|||50|,,,,,Bug]Dragonite||LoadedDice|Multiscale|ScaleShot,Tailwind,Haze,Protect|||M|||50|,,,,,Fairy]Ninetales-Alola||NeverMeltIce|SnowWarning|Encore,Blizzard,FreezeDry,Protect|||M|||50|,,,,,Ghost
|showteam|p2|Venusaur||WideLens|Chlorophyll|SleepPowder,Protect,SludgeBomb,EarthPower|||F|||50|,,,,,Ghost]Incineroar||MirrorHerb|Intimidate|FakeOut,KnockOff,PartingShot,FlareBlitz|||M|||50|,,,,,Ghost]Dondozo||Leftovers|Unaware|Fissure,Protect,Liquidation,Yawn|||M|||50|,,,,,Poison]Volcarona||CovertCloak|FlameBody|FieryDance,TeraBlast,QuiverDance,Protect|||F|||50|,,,,,Fairy]Rillaboom||AssaultVest|GrassySurge|FakeOut,WoodHammer,GrassyGlide,HighHorsepower|||F|||50|,,,,,Fire]Sneasler||GrassySeed|Unburden|Coaching,DireClaw,CloseCombat,Protect|||M|||50|,,,,,Ghost
|inactive|Battle timer is ON: inactive players will automatically lose when time's up. (requested by go to vr)
|inactive|go to vr has 60 seconds left.
|inactive|jagheter has 60 seconds left.
|inactive|go to vr has 30 seconds left.
|inactive|jagheter has 30 seconds left.
|inactive|jagheter has 20 seconds left.
|inactive|jagheter has 15 seconds left.
|inactive|jagheter has 10 seconds left.
|
|t:|1756662629
|teamsize|p1|4
|teamsize|p2|4
|start
|switch|p1a: Kilowattrel|Kilowattrel, L50, M, shiny|100/100
|switch|p1b: Incineroar|Incineroar, L50, M, shiny|100/100
|switch|p2a: Venusaur|Venusaur, L50, F, shiny|100/100
|switch|p2b: Volcarona|Volcarona, L50, F, shiny|100/100
|-ability|p1b: Incineroar|Intimidate|boost
|-unboost|p2a: Venusaur|atk|1
|-unboost|p2b: Volcarona|atk|1
|turn|1
|inactive|go to vr has 30 seconds left.
|inactive|jagheter has 30 seconds left.
|inactive|go to vr has 20 seconds left.
|
|t:|1756662665
|switch|p2b: Incineroar|Incineroar, L50, M, shiny|100/100
|-ability|p2b: Incineroar|Intimidate|boost
|-unboost|p1a: Kilowattrel|atk|1
|-ability|p1a: Kilowattrel|Competitive|boost
|-boost|p1a: Kilowattrel|spa|2
|-unboost|p1b: Incineroar|atk|1
|-enditem|p2b: Incineroar|Mirror Herb
|-boost|p2b: Incineroar|spa|2|[from] item: Mirror Herb
|-terastallize|p2a: Venusaur|Ghost
|move|p1a: Kilowattrel|Tailwind|p1a: Kilowattrel
|-sidestart|p1: go to vr|move: Tailwind
|move|p1b: Incineroar|Flare Blitz|p2a: Venusaur
|-damage|p2a: Venusaur|62/100
|-damage|p1b: Incineroar|88/100|[from] Recoil
|move|p2a: Venusaur|Sleep Powder|p1a: Kilowattrel|[miss]
|-miss|p2a: Venusaur|p1a: Kilowattrel
|
|upkeep
|turn|2
|inactive|go to vr has 30 seconds left.
|inactive|jagheter has 30 seconds left.
|
|t:|1756662693
|move|p1a: Kilowattrel|Protect|p1a: Kilowattrel
|-singleturn|p1a: Kilowattrel|Protect
|move|p2a: Venusaur|Protect|p2a: Venusaur
|-singleturn|p2a: Venusaur|Protect
|move|p1b: Incineroar|Parting Shot|p2b: Incineroar
|-unboost|p2b: Incineroar|atk|1
|-unboost|p2b: Incineroar|spa|1
|
|t:|1756662716
|switch|p1b: Ninetales|Ninetales-Alola, L50, M|100/100|[from] Parting Shot
|-weather|Snowscape|[from] ability: Snow Warning|[of] p1b: Ninetales
|move|p2b: Incineroar|Parting Shot|p1b: Ninetales
|-unboost|p1b: Ninetales|atk|1
|-unboost|p1b: Ninetales|spa|1
|
|t:|1756662733
|switch|p2b: Volcarona|Volcarona, L50, F, shiny|100/100|[from] Parting Shot
|
|-weather|Snowscape|[upkeep]
|upkeep
|turn|3
|
|t:|1756662750
|move|p2b: Volcarona|Protect|p2b: Volcarona
|-singleturn|p2b: Volcarona|Protect
|move|p1a: Kilowattrel|Air Slash|p2b: Volcarona
|-activate|p2b: Volcarona|move: Protect
|move|p1b: Ninetales|Encore|p2a: Venusaur
|-start|p2a: Venusaur|Encore
|move|p2a: Venusaur|Protect||[still]
|-fail|p2a: Venusaur
|
|-weather|Snowscape|[upkeep]
|upkeep
|turn|4
|inactive|go to vr has 30 seconds left.
|
|t:|1756662779
|switch|p2b: Incineroar|Incineroar, L50, M, shiny|100/100
|-ability|p2b: Incineroar|Intimidate|boost
|-unboost|p1a: Kilowattrel|atk|1
|-ability|p1a: Kilowattrel|Competitive|boost
|-boost|p1a: Kilowattrel|spa|2
|-unboost|p1b: Ninetales|atk|1
|move|p2a: Venusaur|Protect|p2a: Venusaur
|-singleturn|p2a: Venusaur|Protect
|move|p1a: Kilowattrel|Thunderbolt|p2a: Venusaur
|-activate|p2a: Venusaur|move: Protect
|move|p1b: Ninetales|Encore||[still]
|-fail|p1b: Ninetales
|
|-weather|Snowscape|[upkeep]
|-sideend|p1: go to vr|move: Tailwind
|upkeep
|turn|5
|inactive|go to vr has 30 seconds left.
|inactive|jagheter has 30 seconds left.
|
|t:|1756662811
|switch|p2a: Dondozo|Dondozo, L50, M, shiny|100/100
|-terastallize|p1a: Kilowattrel|Ghost
|move|p1b: Ninetales|Protect|p1b: Ninetales
|-singleturn|p1b: Ninetales|Protect
|move|p2b: Incineroar|Fake Out|p1a: Kilowattrel
|-immune|p1a: Kilowattrel
|move|p1a: Kilowattrel|Thunderbolt|p2b: Incineroar
|-damage|p2b: Incineroar|0 fnt
|faint|p2b: Incineroar
|
|-weather|Snowscape|[upkeep]
|upkeep
|
|t:|1756662819
|switch|p2b: Venusaur|Venusaur, L50, F, shiny, tera:Ghost|62/100
|turn|6
|inactive|go to vr has 30 seconds left.
|inactive|go to vr has 20 seconds left.
|
|t:|1756662858
|move|p1a: Kilowattrel|Thunderbolt|p2b: Venusaur
|-damage|p2b: Venusaur|0 fnt
|faint|p2b: Venusaur
|move|p1b: Ninetales|Freeze-Dry|p2a: Dondozo
|-supereffective|p2a: Dondozo
|-damage|p2a: Dondozo|55/100
|move|p2a: Dondozo|Yawn|p1a: Kilowattrel
|-start|p1a: Kilowattrel|move: Yawn|[of] p2a: Dondozo
|
|-weather|none
|-heal|p2a: Dondozo|61/100|[from] item: Leftovers
|upkeep
|
|t:|1756662865
|switch|p2b: Volcarona|Volcarona, L50, F, shiny|100/100
|turn|7
|inactive|go to vr has 30 seconds left.
|inactive|go to vr has 20 seconds left.
|inactive|go to vr has 15 seconds left.
|inactive|go to vr has 10 seconds left.
|inactive|go to vr has 5 seconds left.
|
|t:|1756662917
|switch|p1a: Incineroar|Incineroar, L50, M, shiny|88/100
|-ability|p1a: Incineroar|Intimidate|boost
|-unboost|p2a: Dondozo|atk|1
|-unboost|p2b: Volcarona|atk|1
|switch|p1b: Dragonite|Dragonite, L50, M, shiny|100/100
|move|p2b: Volcarona|Quiver Dance|p2b: Volcarona
|-boost|p2b: Volcarona|spa|1
|-boost|p2b: Volcarona|spd|1
|-boost|p2b: Volcarona|spe|1
|move|p2a: Dondozo|Fissure|p1a: Incineroar|[miss]
|-miss|p2a: Dondozo|p1a: Incineroar
|
|-heal|p2a: Dondozo|68/100|[from] item: Leftovers
|upkeep
|turn|8
|inactive|jagheter has 30 seconds left.
|
|t:|1756662943
|move|p1a: Incineroar|Fake Out|p2b: Volcarona
|-damage|p2b: Volcarona|86/100
|move|p2b: Volcarona|Fiery Dance|p1a: Incineroar
|-resisted|p1a: Incineroar
|-damage|p1a: Incineroar|57/100
|move|p1b: Dragonite|Haze|p1b: Dragonite
|-clearallboost
|move|p2a: Dondozo|Liquidation|p1a: Incineroar
|-supereffective|p1a: Incineroar
|-damage|p1a: Incineroar|4/100
|-damage|p2a: Dondozo|51/100|[from] item: Rocky Helmet|[of] p1a: Incineroar
|
|-heal|p2a: Dondozo|57/100|[from] item: Leftovers
|upkeep
|turn|9
|
|t:|1756662967
|move|p2b: Volcarona|Fiery Dance|p1a: Incineroar
|-resisted|p1a: Incineroar
|-damage|p1a: Incineroar|0 fnt
|faint|p1a: Incineroar
|move|p1b: Dragonite|Scale Shot|p2b: Volcarona
|-damage|p2b: Volcarona|69/100
|-damage|p2b: Volcarona|51/100
|-damage|p2b: Volcarona|35/100
|-damage|p2b: Volcarona|16/100
|-damage|p2b: Volcarona|0 fnt
|faint|p2b: Volcarona
|-hitcount|p2: Volcarona|5
|-unboost|p1b: Dragonite|def|1
|-boost|p1b: Dragonite|spe|1
|move|p2a: Dondozo|Yawn|p1b: Dragonite
|-start|p1b: Dragonite|move: Yawn|[of] p2a: Dondozo
|
|-heal|p2a: Dondozo|64/100|[from] item: Leftovers
|upkeep
|
|t:|1756662974
|switch|p1a: Kilowattrel|Kilowattrel, L50, M, shiny, tera:Ghost|100/100
|turn|10
|
|t:|1756662991
|switch|p1b: Ninetales|Ninetales-Alola, L50, M|100/100
|-weather|Snowscape|[from] ability: Snow Warning|[of] p1b: Ninetales
|move|p2a: Dondozo|Protect|p2a: Dondozo
|-singleturn|p2a: Dondozo|Protect
|move|p1a: Kilowattrel|Thunderbolt|p2a: Dondozo
|-activate|p2a: Dondozo|move: Protect
|
|-weather|Snowscape|[upkeep]
|-heal|p2a: Dondozo|70/100|[from] item: Leftovers
|upkeep
|turn|11
|
|t:|1756663002
|move|p1a: Kilowattrel|Thunderbolt|p2a: Dondozo
|-supereffective|p2a: Dondozo
|-damage|p2a: Dondozo|5/100
|move|p1b: Ninetales|Freeze-Dry|p2a: Dondozo
|-supereffective|p2a: Dondozo
|-damage|p2a: Dondozo|0 fnt
|faint|p2a: Dondozo
|
|win|go to vr
||jagheter is ready for game 2.
|l|☆go to vr
|player|p1|
||go to vr is ready for game 2.
|uhtml|next|Next: Game 2 of 3
|l|☆jagheter
|player|p2|
|j|☆go to vr
|player|p1|go to vr|colress|
|j|☆jagheter
|player|p2|jagheter|worker|
