|j|☆HADES055
|j|☆eklyst
|html|HADES055eklyst    
|uhtml|bestof|Game 3 of a best-of-3
|t:|1756868549
|gametype|doubles
|player|p1|HADES055|pokemaniac|1160
|player|p2|eklyst|pokemaniac|1066
|gen|9
|tier|[Gen 9] VGC 2025 Reg H (Bo3)
|rated|
|rule|Species Clause: Limit one of each Pokémon
|rule|Item Clause: Limit 1 of each item
|clearpoke
|poke|p1|Pelipper, L50, M|
|poke|p1|Archaludon, L50, F|
|poke|p1|Incineroar, L50, M|
|poke|p1|Amoonguss, L50, M|
|poke|p1|Dragonite, L50, M|
|poke|p1|Rillaboom, L50, F|
|poke|p2|Ursaluna-Bloodmoon, L50, M|
|poke|p2|Incineroar, L50, F|
|poke|p2|Rillaboom, L50, M|
|poke|p2|Farigiraf, L50, M|
|poke|p2|Sneasler, L50, M|
|poke|p2|Volcarona, L50, F|
|teampreview|4
|showteam|p1|Pelipper||FocusSash|Drizzle|Hurricane,WeatherBall,Tailwind,WideGuard|||M|||50|,,,,,Ghost]Archaludon||AssaultVest|Stamina|ElectroShot,DracoMeteor,FlashCannon,BodyPress|||F|||50|,,,,,Dragon]Incineroar||SafetyGoggles|Intimidate|FakeOut,KnockOff,FlareBlitz,PartingShot|||M|||50|,,,,,Water]Amoonguss||RockyHelmet|Regenerator|RagePowder,Spore,PollenPuff,Protect|||M|||50|,,,,,Water]Dragonite||LoadedDice|Multiscale|ScaleShot,ExtremeSpeed,FirePunch,Tailwind|||M|||50|,,,,,Normal]Rillaboom||MeadowPlate|GrassySurge|FakeOut,GrassyGlide,WoodHammer,Uturn|||F|||50|,,,,,Grass
|showteam|p2|Ursaluna-Bloodmoon||LifeOrb|MindsEye|HyperVoice,BloodMoon,EarthPower,Protect|||M|||50|,,,,,Normal]Incineroar||SitrusBerry|Intimidate|FakeOut,FlareBlitz,KnockOff,PartingShot|||F|||50|,,,,,Bug]Rillaboom||AssaultVest|GrassySurge|Uturn,WoodHammer,GrassyGlide,FakeOut|||M|||50|,,,,,Fire]Farigiraf||ThroatSpray|ArmorTail|HyperVoice,Protect,Psychic,TrickRoom|||M|||50|,,,,,Fairy]Sneasler||FocusSash|Unburden|CloseCombat,Protect,FakeOut,ThroatChop|||M|||50|,,,,,Dark]Volcarona||CovertCloak|FlameBody|HeatWave,Protect,StruggleBug,RagePowder|||F|||50|,,,,,Water
|inactive|Battle timer is ON: inactive players will automatically lose when time's up. (requested by HADES055)
|
|t:|1756868572
|teamsize|p1|4
|teamsize|p2|4
|start
|switch|p1a: Pelipper|Pelipper, L50, M|100/100
|switch|p1b: Amoonguss|Amoonguss, L50, M|100/100
|switch|p2a: Farigiraf|Farigiraf, L50, M|100/100
|switch|p2b: Incineroar|Incineroar, L50, F|100/100
|-weather|RainDance|[from] ability: Drizzle|[of] p1a: Pelipper
|-ability|p2b: Incineroar|Intimidate|boost
|-unboost|p1a: Pelipper|atk|1
|-unboost|p1b: Amoonguss|atk|1
|turn|1
|
|t:|1756868601
|switch|p2b: Rillaboom|Rillaboom, L50, M|100/100
|-fieldstart|move: Grassy Terrain|[from] ability: Grassy Surge|[of] p2b: Rillaboom
|-terastallize|p1b: Amoonguss|Water
|move|p2a: Farigiraf|Protect|p2a: Farigiraf
|-singleturn|p2a: Farigiraf|Protect
|move|p1a: Pelipper|Weather Ball|p2b: Rillaboom
|-resisted|p2b: Rillaboom
|-damage|p2b: Rillaboom|81/100
|move|p1b: Amoonguss|Spore|p2a: Farigiraf
|-activate|p2a: Farigiraf|move: Protect
|
|-weather|RainDance|[upkeep]
|-heal|p2b: Rillaboom|87/100|[from] Grassy Terrain
|upkeep
|turn|2
|
|t:|1756868617
|move|p2b: Rillaboom|Grassy Glide|p1b: Amoonguss
|-supereffective|p1b: Amoonguss
|-crit|p1b: Amoonguss
|-damage|p1b: Amoonguss|10/100
|-damage|p2b: Rillaboom|70/100|[from] item: Rocky Helmet|[of] p1b: Amoonguss
|move|p1a: Pelipper|Hurricane|p2b: Rillaboom
|-supereffective|p2b: Rillaboom
|-damage|p2b: Rillaboom|12/100
|-start|p2b: Rillaboom|confusion
|move|p2a: Farigiraf|Hyper Voice|p1b: Amoonguss|[spread] p1a,p1b
|-damage|p1a: Pelipper|40/100
|-damage|p1b: Amoonguss|0 fnt
|faint|p1b: Amoonguss
|-enditem|p2a: Farigiraf|Throat Spray
|-boost|p2a: Farigiraf|spa|1|[from] item: Throat Spray
|
|-weather|RainDance|[upkeep]
|-heal|p2b: Rillaboom|18/100|[from] Grassy Terrain
|upkeep
|
|t:|1756868629
|switch|p1b: Dragonite|Dragonite, L50, M|100/100
|turn|3
|inactive|HADES055 has 30 seconds left.
|
|t:|1756868660
|switch|p1a: Archaludon|Archaludon, L50, F|100/100
|-terastallize|p2a: Farigiraf|Fairy
|move|p1b: Dragonite|Scale Shot|p2a: Farigiraf
|-immune|p2a: Farigiraf
|-activate|p2b: Rillaboom|confusion
|-damage|p2b: Rillaboom|6/100|[from] confusion
|move|p2a: Farigiraf|Trick Room|p2a: Farigiraf
|-fieldstart|move: Trick Room|[of] p2a: Farigiraf
|
|-weather|RainDance|[upkeep]
|-heal|p2b: Rillaboom|12/100|[from] Grassy Terrain
|upkeep
|turn|4
|
|t:|1756868678
|move|p2a: Farigiraf|Psychic|p1b: Dragonite
|-damage|p1b: Dragonite|69/100
|-end|p2b: Rillaboom|confusion
|move|p2b: Rillaboom|U-turn|p1b: Dragonite
|-resisted|p1b: Dragonite
|-damage|p1b: Dragonite|57/100
|
|t:|1756868687
|switch|p2b: Ursaluna|Ursaluna-Bloodmoon, L50, M|100/100|[from] U-turn
|move|p1a: Archaludon|Electro Shot||[still]
|-prepare|p1a: Archaludon|Electro Shot
|-boost|p1a: Archaludon|spa|1
|-anim|p1a: Archaludon|Electro Shot|p2a: Farigiraf
|-damage|p2a: Farigiraf|38/100
|move|p1b: Dragonite|Fire Punch|p2a: Farigiraf
|-damage|p2a: Farigiraf|22/100
|
|-weather|RainDance|[upkeep]
|-heal|p2a: Farigiraf|28/100|[from] Grassy Terrain
|upkeep
|turn|5
|inactive|HADES055 has 30 seconds left.
|inactive|HADES055 has 20 seconds left.
|inactive|HADES055 has 15 seconds left.
|inactive|HADES055 has 10 seconds left.
|inactive|HADES055 has 5 seconds left.
|
|t:|1756868739
|move|p2a: Farigiraf|Psychic|p1b: Dragonite
|-damage|p1b: Dragonite|0 fnt
|faint|p1b: Dragonite
|move|p2b: Ursaluna|Earth Power|p1a: Archaludon
|-supereffective|p1a: Archaludon
|-damage|p1a: Archaludon|0 fnt
|faint|p1a: Archaludon
|-damage|p2b: Ursaluna|90/100|[from] item: Life Orb
|
|-weather|none
|-heal|p2a: Farigiraf|34/100|[from] Grassy Terrain
|-heal|p2b: Ursaluna|96/100|[from] Grassy Terrain
|-fieldend|move: Grassy Terrain
|upkeep
|-message|HADES055 forfeited.
|
|win|eklyst
|raw|HADES055's rating: 1160 → 1128(-32 for losing)
|raw|eklyst's rating: 1066 → 1104(+38 for winning)
|l|☆HADES055
|player|p1|
