|j|☆glitchy_potat
|j|☆boonanar
|html|glitchy_potatboonanar    
|uhtml|bestof|Game 3 of a best-of-3
|t:|1755655182
|gametype|doubles
|player|p1|glitchy_potat|fantina|1296
|player|p2|boonanar|veteranf|1146
|gen|9
|tier|[Gen 9] VGC 2025 Reg H (Bo3)
|rated|
|rule|Species Clause: Limit one of each Pokémon
|rule|Item Clause: Limit 1 of each item
|clearpoke
|poke|p1|Kingambit, L50, F|
|poke|p1|Sneasler, L50, F|
|poke|p1|Electabuzz, L50, F|
|poke|p1|Dragonite, L50, F|
|poke|p1|Rillaboom, L50, M|
|poke|p1|Volcarona, L50, M|
|poke|p2|Kingambit, L50, F|
|poke|p2|Primarina, L50, F|
|poke|p2|Sneasler, L50, M|
|poke|p2|Magmar, L50, F|
|poke|p2|Rillaboom, L50, M|
|poke|p2|Dragapult, L50, F|
|teampreview|4
|showteam|p1|Kingambit||BlackGlasses|Defiant|KowtowCleave,SuckerPunch,SwordsDance,Protect|||F|||50|,,,,,Flying]Sneasler||FocusSash|Unburden|DireClaw,CloseCombat,Coaching,Protect|||F|||50|,,,,,Stellar]Electabuzz||Eviolite|VitalSpirit|Electroweb,Taunt,FollowMe,Protect|||F|||50|,,,,,Ghost]Dragonite||LoadedDice|Multiscale|ScaleShot,Tailwind,ExtremeSpeed,Protect|||F|||50|,,,,,Fairy]Rillaboom||AssaultVest|GrassySurge|WoodHammer,GrassyGlide,Uturn,FakeOut|||M|||50|,,,,,Fire]Volcarona||CovertCloak|FlameBody|QuiverDance,HeatWave,TeraBlast,Protect|||M|||50|,,,,,Fairy
|showteam|p2|Kingambit||BlackGlasses|Defiant|KowtowCleave,SuckerPunch,SwordsDance,Protect|||F|||50|,,,,,Dark]Primarina||SitrusBerry|LiquidVoice|HyperVoice,Moonblast,Haze,Protect|||F|||50|,,,,,Poison]Sneasler||FocusSash|Unburden|CloseCombat,DireClaw,FakeOut,Protect|||M|||50|,,,,,Ghost]Magmar||Eviolite|VitalSpirit|Overheat,WillOWisp,FollowMe,Protect|||F|||50|,,,,,Ghost]Rillaboom||AssaultVest|GrassySurge|WoodHammer,GrassyGlide,HighHorsepower,FakeOut|||M|||50|,,,,,Fire]Dragapult||ChoiceBand|ClearBody|DragonDarts,PhantomForce,Outrage,Uturn|||F|||50|,,,,,Dragon
|inactive|Battle timer is ON: inactive players will automatically lose when time's up. (requested by boonanar)
|inactive|glitchy_potat has 60 seconds left.
|
|t:|1755655222
|teamsize|p1|4
|teamsize|p2|4
|start
|switch|p1a: Dragonite|Dragonite, L50, F|100/100
|switch|p1b: Rillaboom|Rillaboom, L50, M|100/100
|switch|p2a: Sneasler|Sneasler, L50, M|100/100
|switch|p2b: Primarina|Primarina, L50, F|100/100
|-fieldstart|move: Grassy Terrain|[from] ability: Grassy Surge|[of] p1b: Rillaboom
|turn|1
|inactive|boonanar has 30 seconds left.
|
|t:|1755655252
|-terastallize|p2b: Primarina|Poison
|move|p1b: Rillaboom|Fake Out|p2b: Primarina
|-damage|p2b: Primarina|87/100
|move|p2a: Sneasler|Dire Claw|p1a: Dragonite
|-damage|p1a: Dragonite|78/100
|move|p1a: Dragonite|Tailwind|p1a: Dragonite
|-sidestart|p1: glitchy_potat|move: Tailwind
|cant|p2b: Primarina|flinch
|
|-heal|p2b: Primarina|93/100|[from] Grassy Terrain
|upkeep
|turn|2
|j| teamthief420
|
|t:|1755655275
|-terastallize|p1a: Dragonite|Fairy
|move|p1a: Dragonite|Scale Shot|p2a: Sneasler|[miss]
|-miss|p1a: Dragonite|p2a: Sneasler
|move|p1b: Rillaboom|Wood Hammer|p2b: Primarina
|-resisted|p2b: Primarina
|-damage|p2b: Primarina|53/100
|-damage|p1b: Rillaboom|89/100|[from] Recoil
|move|p2a: Sneasler|Dire Claw|p1b: Rillaboom
|-supereffective|p1b: Rillaboom
|-damage|p1b: Rillaboom|11/100
|-status|p1b: Rillaboom|slp
|move|p2b: Primarina|Moonblast|p1a: Dragonite
|-damage|p1a: Dragonite|33/100
|
|-heal|p1a: Dragonite|39/100|[from] Grassy Terrain
|-heal|p1b: Rillaboom|16/100 slp|[from] Grassy Terrain
|-heal|p2b: Primarina|59/100|[from] Grassy Terrain
|upkeep
|turn|3
|inactive|glitchy_potat has 30 seconds left.
|inactive|glitchy_potat has 20 seconds left.
|inactive|glitchy_potat has 15 seconds left.
|
|t:|1755655317
|switch|p2a: Magmar|Magmar, L50, F|100/100
|move|p1a: Dragonite|Protect|p1a: Dragonite
|-singleturn|p1a: Dragonite|Protect
|cant|p1b: Rillaboom|slp
|move|p2b: Primarina|Moonblast|p1a: Dragonite
|-activate|p1a: Dragonite|move: Protect
|
|-heal|p1a: Dragonite|45/100|[from] Grassy Terrain
|-heal|p1b: Rillaboom|22/100 slp|[from] Grassy Terrain
|-heal|p2b: Primarina|65/100|[from] Grassy Terrain
|upkeep
|turn|4
|
|t:|1755655338
|switch|p2b: Dragapult|Dragapult, L50, F|100/100
|move|p1a: Dragonite|Scale Shot|p2b: Dragapult
|-supereffective|p2b: Dragapult
|-damage|p2b: Dragapult|57/100
|-supereffective|p2b: Dragapult
|-damage|p2b: Dragapult|19/100
|-supereffective|p2b: Dragapult
|-crit|p2b: Dragapult
|-damage|p2b: Dragapult|0 fnt
|faint|p2b: Dragapult
|-hitcount|p2: Dragapult|3
|-unboost|p1a: Dragonite|def|1
|-boost|p1a: Dragonite|spe|1
|-curestatus|p1b: Rillaboom|slp|[msg]
|move|p1b: Rillaboom|Wood Hammer|p2a: Magmar
|-resisted|p2a: Magmar
|-damage|p2a: Magmar|65/100
|-damage|p1b: Rillaboom|13/100|[from] Recoil
|move|p2a: Magmar|Will-O-Wisp|p1a: Dragonite
|-status|p1a: Dragonite|brn
|
|-heal|p1a: Dragonite|51/100 brn|[from] Grassy Terrain
|-heal|p1b: Rillaboom|18/100|[from] Grassy Terrain
|-heal|p2a: Magmar|71/100|[from] Grassy Terrain
|-damage|p1a: Dragonite|45/100 brn|[from] brn
|-sideend|p1: glitchy_potat|move: Tailwind
|upkeep
|
|t:|1755655344
|switch|p2b: Sneasler|Sneasler, L50, M|100/100
|turn|5
|inactive|glitchy_potat has 30 seconds left.
|
|t:|1755655377
|move|p1a: Dragonite|Protect|p1a: Dragonite
|-singleturn|p1a: Dragonite|Protect
|move|p2a: Magmar|Follow Me|p2a: Magmar
|-singleturn|p2a: Magmar|move: Follow Me
|move|p2b: Sneasler|Dire Claw|p1b: Rillaboom
|-supereffective|p1b: Rillaboom
|-damage|p1b: Rillaboom|0 fnt
|faint|p1b: Rillaboom
|
|-heal|p1a: Dragonite|51/100 brn|[from] Grassy Terrain
|-heal|p2a: Magmar|77/100|[from] Grassy Terrain
|-damage|p1a: Dragonite|45/100 brn|[from] brn
|-fieldend|move: Grassy Terrain
|upkeep
|
|t:|1755655398
|switch|p1b: Sneasler|Sneasler, L50, F|100/100
|turn|6
|
|t:|1755655416
|move|p2a: Magmar|Follow Me|p2a: Magmar
|-singleturn|p2a: Magmar|move: Follow Me
|move|p1a: Dragonite|Scale Shot|p2a: Magmar
|-damage|p2a: Magmar|70/100
|-damage|p2a: Magmar|64/100
|-damage|p2a: Magmar|58/100
|-damage|p2a: Magmar|51/100
|-damage|p2a: Magmar|45/100
|-hitcount|p2a: Magmar|5
|-unboost|p1a: Dragonite|def|1
|-boost|p1a: Dragonite|spe|1
|move|p2b: Sneasler|Dire Claw|p1a: Dragonite
|-supereffective|p1a: Dragonite
|-damage|p1a: Dragonite|0 fnt
|faint|p1a: Dragonite
|move|p1b: Sneasler|Close Combat|p2a: Magmar
|-damage|p2a: Magmar|0 fnt
|-unboost|p1b: Sneasler|def|1
|-unboost|p1b: Sneasler|spd|1
|faint|p2a: Magmar
|
|upkeep
|
|t:|1755655425
|switch|p1a: Electabuzz|Electabuzz, L50, F|100/100
|switch|p2a: Primarina|Primarina, L50, F, tera:Poison|65/100
|turn|7
|
|t:|1755655445
|move|p1b: Sneasler|Protect|p1b: Sneasler
|-singleturn|p1b: Sneasler|Protect
|move|p2b: Sneasler|Dire Claw|p1b: Sneasler
|-activate|p1b: Sneasler|move: Protect
|move|p1a: Electabuzz|Electroweb|p2b: Sneasler|[spread] p2a,p2b
|-damage|p2a: Primarina|54/100
|-damage|p2b: Sneasler|81/100
|-unboost|p2a: Primarina|spe|1
|-unboost|p2b: Sneasler|spe|1
|move|p2a: Primarina|Hyper Voice|p1a: Electabuzz|[spread] p1a
|-activate|p1b: Sneasler|move: Protect
|-damage|p1a: Electabuzz|77/100
|
|upkeep
|turn|8
|inactive|glitchy_potat has 30 seconds left.
|
|t:|1755655471
|move|p1a: Electabuzz|Follow Me|p1a: Electabuzz
|-singleturn|p1a: Electabuzz|move: Follow Me
|move|p1b: Sneasler|Close Combat|p2a: Primarina
|-resisted|p2a: Primarina
|-damage|p2a: Primarina|21/100
|-unboost|p1b: Sneasler|def|1
|-unboost|p1b: Sneasler|spd|1
|-enditem|p2a: Primarina|Sitrus Berry|[eat]
|-heal|p2a: Primarina|46/100|[from] item: Sitrus Berry
|move|p2b: Sneasler|Dire Claw|p1a: Electabuzz
|-damage|p1a: Electabuzz|44/100
|move|p2a: Primarina|Hyper Voice|p1a: Electabuzz|[spread] p1a,p1b
|-damage|p1a: Electabuzz|16/100
|-damage|p1b: Sneasler|9/100
|
|upkeep
|turn|9
|
|t:|1755655491
|move|p1b: Sneasler|Protect|p1b: Sneasler
|-singleturn|p1b: Sneasler|Protect
|move|p1a: Electabuzz|Protect|p1a: Electabuzz
|-singleturn|p1a: Electabuzz|Protect
|move|p2b: Sneasler|Dire Claw|p1a: Electabuzz
|-activate|p1a: Electabuzz|move: Protect
|move|p2a: Primarina|Hyper Voice|p1b: Sneasler|[spread] 
|-activate|p1a: Electabuzz|move: Protect
|-activate|p1b: Sneasler|move: Protect
|
|upkeep
|turn|10
|
|t:|1755655509
|move|p1b: Sneasler|Close Combat|p2a: Primarina
|-resisted|p2a: Primarina
|-damage|p2a: Primarina|16/100
|-unboost|p1b: Sneasler|def|1
|-unboost|p1b: Sneasler|spd|1
|move|p1a: Electabuzz|Electroweb|p2b: Sneasler|[spread] p2a,p2b
|-damage|p2a: Primarina|6/100
|-damage|p2b: Sneasler|63/100
|-unboost|p2a: Primarina|spe|1
|-unboost|p2b: Sneasler|spe|1
|move|p2b: Sneasler|Dire Claw|p1b: Sneasler
|-resisted|p1b: Sneasler
|-damage|p1b: Sneasler|0 fnt
|faint|p1b: Sneasler
|move|p2a: Primarina|Hyper Voice|p1a: Electabuzz
|-damage|p1a: Electabuzz|0 fnt
|faint|p1a: Electabuzz
|
|win|boonanar
|raw|glitchy_potat's rating: 1296 → 1261(-35 for losing)
|raw|boonanar's rating: 1146 → 1181(+35 for winning)
|l|☆glitchy_potat
|player|p1|
|l| teamthief420
