|j|☆snailboss
|j|☆Gyra78
|html|snailbossGyra78    
|uhtml|bestof|Game 3 of a best-of-3
|t:|1756696509
|gametype|doubles
|player|p1|snailboss|102|1155
|player|p2|Gyra78|volkner|1246
|gen|9
|tier|[Gen 9] VGC 2025 Reg H (Bo3)
|rated|
|rule|Species Clause: Limit one of each Pokémon
|rule|Item Clause: Limit 1 of each item
|clearpoke
|poke|p1|Zoroark-Hisui, L50, F|
|poke|p1|Tyranitar, L50, M|
|poke|p1|Excadrill, L50, M|
|poke|p1|Indeedee-F, L50, F|
|poke|p1|Gallade, L50, M|
|poke|p1|Noivern, L50, M|
|poke|p2|Basculegion, L50, M|
|poke|p2|Pelipper, L50, M|
|poke|p2|Archaludon, L50, M|
|poke|p2|Incineroar, L50, M|
|poke|p2|Gholdengo, L50|
|poke|p2|Amoonguss, L50, M|
|teampreview|4
|showteam|p1|Zoroark-Hisui||ChoiceSpecs|Illusion|HyperVoice,Flamethrower,ShadowBall,HyperBeam|||F|||50|,,,,,Normal]Tyranitar||AssaultVest|SandStream|RockSlide,KnockOff,LowKick,TeraBlast|||M|||50|,,,,,Flying]Excadrill||FocusSash|SandRush|IronHead,Protect,SwordsDance,Earthquake|||M|||50|,,,,,Ground]Indeedee-F||SafetyGoggles|PsychicSurge|TrickRoom,FollowMe,Psychic,HelpingHand|||F|||50|,,,,,Water]Gallade||ClearAmulet|Sharpness|PsychoCut,TrickRoom,WideGuard,SacredSword|||M|||50|,,,,,Grass]Noivern||CovertCloak|Telepathy|SuperFang,Tailwind,Taunt,DracoMeteor|||M|||50|,,,,,Fairy
|showteam|p2|Basculegion||LifeOrb|SwiftSwim|WaveCrash,LastRespects,Protect,FlipTurn|||M|||50|,,,,,Grass]Pelipper||FocusSash|Drizzle|Protect,Hurricane,WeatherBall,Tailwind|||M|||50|,,,,,Ghost]Archaludon||AssaultVest|Stamina|ElectroShot,DracoMeteor,Snarl,BodyPress|||M|||50|,,,,,Grass]Incineroar||SafetyGoggles|Intimidate|FakeOut,PartingShot,Taunt,KnockOff|||M|||50|,,,,,Bug]Gholdengo||SitrusBerry|GoodasGold|MakeItRain,ShadowBall,NastyPlot,Protect||||||50|,,,,,Dragon]Amoonguss||RockyHelmet|Regenerator|Spore,RagePowder,PollenPuff,Protect|||M|||50|,,,,,Water
|j| bfwpikadrew
|inactive|Battle timer is ON: inactive players will automatically lose when time's up. (requested by Gyra78)
|inactive|Gyra78 has 60 seconds left.
|inactive|Gyra78 has 30 seconds left.
|inactive|Gyra78 has 20 seconds left.
|inactive|Gyra78 has 15 seconds left.
|inactive|Gyra78 has 10 seconds left.
|inactive|Gyra78 has 5 seconds left.
|
|t:|1756696634
|teamsize|p1|4
|teamsize|p2|4
|start
|switch|p1a: Noivern|Noivern, L50, M|100/100
|switch|p1b: Dr. Drills|Excadrill, L50, M|100/100
|switch|p2a: Tarik Skubal|Incineroar, L50, M, shiny|100/100
|switch|p2b: PennyBoard|Gholdengo, L50, shiny|100/100
|-ability|p2a: Tarik Skubal|Intimidate|boost
|-unboost|p1a: Noivern|atk|1
|-unboost|p1b: Dr. Drills|atk|1
|turn|1
|c|☆snailboss|bruh
|
|t:|1756696650
|move|p2b: PennyBoard|Protect|p2b: PennyBoard
|-singleturn|p2b: PennyBoard|Protect
|move|p1a: Noivern|Super Fang|p2a: Tarik Skubal
|-damage|p2a: Tarik Skubal|51/100
|move|p1b: Dr. Drills|Shadow Ball|p2b: PennyBoard
|-activate|p2b: PennyBoard|move: Protect
|move|p2a: Tarik Skubal|Knock Off|p1b: Dr. Drills
|-supereffective|p1b: Dr. Drills
|-damage|p1b: Dr. Drills|0 fnt
|replace|p1b: Zoroark|Zoroark-Hisui, L50, F
|-end|p1b: Zoroark|Illusion
|-enditem|p1b: Zoroark|Choice Specs|[from] move: Knock Off|[of] p2a: Tarik Skubal
|faint|p1b: Zoroark
|
|upkeep
|
|t:|1756696661
|switch|p1b: Dr. Drills|Excadrill, L50, M|100/100
|turn|2
|inactive|Gyra78 has 30 seconds left.
|inactive|Gyra78 has 20 seconds left.
|inactive|Gyra78 has 15 seconds left.
|inactive|Gyra78 has 10 seconds left.
|
|t:|1756696708
|switch|p2a: Sticky Feet|Pelipper, L50, M, shiny|100/100
|-weather|RainDance|[from] ability: Drizzle|[of] p2a: Sticky Feet
|-terastallize|p1b: Dr. Drills|Ground
|move|p1a: Noivern|Tailwind|p1a: Noivern
|-sidestart|p1: snailboss|move: Tailwind
|move|p1b: Dr. Drills|Earthquake|p2a: Sticky Feet|[spread] p2b
|-activate|p1a: Noivern|ability: Telepathy
|-immune|p2a: Sticky Feet
|-supereffective|p2b: PennyBoard
|-damage|p2b: PennyBoard|0 fnt
|faint|p2b: PennyBoard
|
|-weather|RainDance|[upkeep]
|upkeep
|
|t:|1756696721
|switch|p2b: Tarik Skubal|Incineroar, L50, M, shiny|51/100
|-ability|p2b: Tarik Skubal|Intimidate|boost
|-unboost|p1a: Noivern|atk|1
|-unboost|p1b: Dr. Drills|atk|1
|turn|3
|inactive|Gyra78 has 30 seconds left.
|
|t:|1756696747
|switch|p2a: Davy Jones|Basculegion, L50, M, shiny|100/100
|move|p1b: Dr. Drills|Protect|p1b: Dr. Drills
|-singleturn|p1b: Dr. Drills|Protect
|move|p2b: Tarik Skubal|Fake Out|p1b: Dr. Drills
|-activate|p1b: Dr. Drills|move: Protect
|move|p1a: Noivern|Taunt|p2a: Davy Jones
|-start|p2a: Davy Jones|move: Taunt
|
|-weather|RainDance|[upkeep]
|upkeep
|turn|4
|inactive|snailboss has 30 seconds left.
|
|t:|1756696780
|switch|p1a: Alice|Tyranitar, L50, M|100/100
|-weather|Sandstorm|[from] ability: Sand Stream|[of] p1a: Alice
|switch|p2b: Sticky Feet|Pelipper, L50, M, shiny|100/100
|-weather|RainDance|[from] ability: Drizzle|[of] p2b: Sticky Feet
|move|p1b: Dr. Drills|Swords Dance|p1b: Dr. Drills
|-boost|p1b: Dr. Drills|atk|2
|move|p2a: Davy Jones|Flip Turn|p1b: Dr. Drills
|-supereffective|p1b: Dr. Drills
|-enditem|p1b: Dr. Drills|Focus Sash
|-damage|p1b: Dr. Drills|1/100
|-damage|p2a: Davy Jones|90/100|[from] item: Life Orb
|
|t:|1756696791
|switch|p2a: Tarik Skubal|Incineroar, L50, M, shiny|51/100|[from] Flip Turn
|-ability|p2a: Tarik Skubal|Intimidate|boost
|-unboost|p1a: Alice|atk|1
|-unboost|p1b: Dr. Drills|atk|1
|
|-weather|RainDance|[upkeep]
|upkeep
|turn|5
|
|t:|1756696811
|switch|p1b: Noivern|Noivern, L50, M|100/100
|move|p2a: Tarik Skubal|Fake Out|p1a: Alice
|-resisted|p1a: Alice
|-damage|p1a: Alice|95/100
|cant|p1a: Alice|flinch
|move|p2b: Sticky Feet|Tailwind|p2b: Sticky Feet
|-sidestart|p2: Gyra78|move: Tailwind
|
|-weather|RainDance|[upkeep]
|-sideend|p1: snailboss|move: Tailwind
|upkeep
|turn|6
|inactive|Gyra78 has 30 seconds left.
|inactive|Gyra78 has 20 seconds left.
|inactive|Gyra78 has 15 seconds left.
|
|t:|1756696853
|move|p2b: Sticky Feet|Weather Ball|p1a: Alice
|-supereffective|p1a: Alice
|-damage|p1a: Alice|5/100
|move|p1b: Noivern|Draco Meteor|p2b: Sticky Feet
|-damage|p2b: Sticky Feet|16/100
|-unboost|p1b: Noivern|spa|2
|move|p2a: Tarik Skubal|Knock Off|p1a: Alice
|-resisted|p1a: Alice
|-damage|p1a: Alice|0 fnt
|-enditem|p1a: Alice|Assault Vest|[from] move: Knock Off|[of] p2a: Tarik Skubal
|faint|p1a: Alice
|
|-weather|RainDance|[upkeep]
|upkeep
|
|t:|1756696871
|switch|p1a: Dr. Drills|Excadrill, L50, M, tera:Ground|1/100
|turn|7
|inactive|Gyra78 has 30 seconds left.
|inactive|Gyra78 has 20 seconds left.
|inactive|Gyra78 has 15 seconds left.
|
|t:|1756696914
|move|p1a: Dr. Drills|Protect|p1a: Dr. Drills
|-singleturn|p1a: Dr. Drills|Protect
|move|p2b: Sticky Feet|Weather Ball|p1a: Dr. Drills
|-activate|p1a: Dr. Drills|move: Protect
|move|p1b: Noivern|Tailwind|p1b: Noivern
|-sidestart|p1: snailboss|move: Tailwind
|move|p2a: Tarik Skubal|Parting Shot|p1b: Noivern
|-unboost|p1b: Noivern|atk|1
|-unboost|p1b: Noivern|spa|1
|
|t:|1756696923
|switch|p2a: Davy Jones|Basculegion, L50, M, shiny|90/100|[from] Parting Shot
|
|-weather|RainDance|[upkeep]
|upkeep
|turn|8
|inactive|Gyra78 has 30 seconds left.
|
|t:|1756696950
|switch|p2b: Tarik Skubal|Incineroar, L50, M, shiny|51/100
|-ability|p2b: Tarik Skubal|Intimidate|boost
|-unboost|p1a: Dr. Drills|atk|1
|-unboost|p1b: Noivern|atk|1
|move|p1a: Dr. Drills|Protect||[still]
|-fail|p1a: Dr. Drills
|move|p2a: Davy Jones|Wave Crash|p1a: Dr. Drills
|-supereffective|p1a: Dr. Drills
|-damage|p1a: Dr. Drills|0 fnt
|faint|p1a: Dr. Drills
|-damage|p2a: Davy Jones|90/100|[from] Recoil
|-damage|p2a: Davy Jones|80/100|[from] item: Life Orb
|move|p1b: Noivern|Draco Meteor|p2b: Tarik Skubal
|-damage|p2b: Tarik Skubal|36/100
|-unboost|p1b: Noivern|spa|2
|
|-weather|none
|-sideend|p2: Gyra78|move: Tailwind
|upkeep
|turn|9
|-message|snailboss forfeited.
|
|win|Gyra78
|raw|snailboss's rating: 1155 → 1136(-19 for losing)
|raw|Gyra78's rating: 1246 → 1265(+19 for winning)
|l| bfwpikadrew
|c|☆snailboss|ggs!
|c|☆snailboss|did you see any way i could have dealt with basc
|c|☆snailboss|i feel like i have to lead zoro in case you lead it but then its hard for zoro to com eback in and deal with it later
|c|☆Gyra78|If you had tera available for ttar it would've been tougher for me
|c|☆snailboss|idk
|c|☆snailboss|wave crash still kills me tera flying
|c|☆snailboss|oh fuck wait youre tera grass
|c|☆snailboss|damn
|l|☆Gyra78
|player|p2|
|c|☆snailboss|yeah nah still
|c|☆snailboss|220+ Atk Life Orb Tera Grass Basculegion Wave Crash (120 BP) vs. 0 HP / 76 Def Tera Flying Tyranitar in Rain: 168-199 (96 - 113.7%) -- 75% chance to OHKO
