|j|☆Bellsproutfanwill
|j|☆emptinessmach
|html|Bellsproutfanwillemptinessmach    
|uhtml|bestof|Game 2 of a best-of-3
|t:|1757036025
|gametype|doubles
|player|p1|Bellsproutfanwill|2|1246
|player|p2|emptinessmach|red|1160
|gen|9
|tier|[Gen 9] VGC 2025 Reg H (Bo3)
|rated|
|rule|Species Clause: Limit one of each Pokémon
|rule|Item Clause: Limit 1 of each item
|clearpoke
|poke|p1|Torkoal, L50, M|
|poke|p1|Oranguru, L50, F|
|poke|p1|Hariyama, L50, F|
|poke|p1|Sinistcha, L50|
|poke|p1|Annihilape, L50, F|
|poke|p1|Ursaluna-Bloodmoon, L50, M|
|poke|p2|Porygon2, L50|
|poke|p2|Incineroar, L50, M|
|poke|p2|Garchomp, L50, M|
|poke|p2|Gholdengo, L50|
|poke|p2|Amoonguss, L50, M|
|poke|p2|Sneasler, L50, F|
|teampreview|4
|showteam|p1|Torkoal||Charcoal|Drought|Eruption,HeatWave,BodyPress,Protect|||M|||50|,,,,,Fire]Oranguru||MentalHerb|InnerFocus|Instruct,TrickRoom,Encore,Taunt|||F|||50|,,,,,Fairy]Hariyama||FlameOrb|Guts|DrainPunch,ThunderPunch,BulkUp,FakeOut|||F|||50|,,,,,Electric]Sinistcha||FocusSash|Hospitality|MatchaGotcha,ShadowBall,RagePowder,TrickRoom||||||50|,,,,,Normal]Annihilape||ChoiceScarf|Defiant|RageFist,Uturn,FinalGambit,Taunt|||F|||50|,,,,,Grass]Ursaluna-Bloodmoon||ThroatSpray|MindsEye|HyperVoice,EarthPower,BloodMoon,Protect|||M|||50|,,,,,Ghost
|showteam|p2|Porygon2||Eviolite|Download|TeraBlast,IceBeam,Recover,TrickRoom||||||50|,,,,,Ground]Incineroar||SafetyGoggles|Intimidate|FlareBlitz,KnockOff,FakeOut,PartingShot|||M|||50|,,,,,Ghost]Garchomp||ClearAmulet|RoughSkin|Earthquake,Protect,StompingTantrum,DragonClaw|||M|||50|,,,,,Fire]Gholdengo||LifeOrb|GoodasGold|Protect,NastyPlot,MakeItRain,ShadowBall||||||50|,,,,,Water]Amoonguss||SitrusBerry|Regenerator|Spore,RagePowder,Protect,PollenPuff|||M|||50|,,,,,Fairy]Sneasler||FocusSash|PoisonTouch|DireClaw,CloseCombat,Coaching,Protect|||F|||50|,,,,,Flying
|inactive|Battle timer is ON: inactive players will automatically lose when time's up. (requested by Bellsproutfanwill)
|
|t:|1757036051
|teamsize|p1|4
|teamsize|p2|4
|start
|switch|p1a: Oranguru|Oranguru, L50, F|100/100
|switch|p1b: Sinistcha|Sinistcha, L50|100/100
|switch|p2a: Incineroar|Incineroar, L50, M|100/100
|switch|p2b: Garchomp|Garchomp, L50, M|100/100
|-ability|p2a: Incineroar|Intimidate|boost
|-fail|p1a: Oranguru|unboost|Attack|[from] ability: Inner Focus|[of] p1a: Oranguru
|-unboost|p1b: Sinistcha|atk|1
|turn|1
|inactive|Bellsproutfanwill has 30 seconds left.
|inactive|emptinessmach has 30 seconds left.
|inactive|Bellsproutfanwill has 20 seconds left.
|inactive|emptinessmach has 20 seconds left.
|
|t:|1757036089
|switch|p2b: Porygon2|Porygon2, L50|100/100
|-ability|p2b: Porygon2|Download|boost
|-boost|p2b: Porygon2|atk|1
|-terastallize|p1a: Oranguru|Fairy
|move|p2a: Incineroar|Flare Blitz|p1b: Sinistcha
|-supereffective|p1b: Sinistcha
|-damage|p1b: Sinistcha|8/100
|-damage|p2a: Incineroar|74/100|[from] Recoil
|move|p1b: Sinistcha|Matcha Gotcha|p2a: Incineroar|[spread] p2a,p2b
|-resisted|p2a: Incineroar
|-damage|p2a: Incineroar|62/100
|-heal|p1b: Sinistcha|15/100|[from] drain|[of] p2a: Incineroar
|-damage|p2b: Porygon2|81/100
|-heal|p1b: Sinistcha|26/100|[from] drain|[of] p2b: Porygon2
|move|p1a: Oranguru|Trick Room|p1a: Oranguru
|-fieldstart|move: Trick Room|[of] p1a: Oranguru
|
|upkeep
|turn|2
|
|t:|1757036112
|switch|p1b: Ursaluna|Ursaluna-Bloodmoon, L50, M|100/100
|move|p1a: Oranguru|Taunt|p2b: Porygon2
|-start|p2b: Porygon2|move: Taunt
|move|p2a: Incineroar|Knock Off|p1b: Ursaluna
|-damage|p1b: Ursaluna|71/100
|-enditem|p1b: Ursaluna|Throat Spray|[from] move: Knock Off|[of] p2a: Incineroar
|cant|p2b: Porygon2|move: Taunt|Trick Room
|
|upkeep
|turn|3
|inactive|emptinessmach has 30 seconds left.
|inactive|emptinessmach has 20 seconds left.
|inactive|emptinessmach has 15 seconds left.
|
|t:|1757036156
|move|p1b: Ursaluna|Earth Power|p2a: Incineroar
|-supereffective|p2a: Incineroar
|-damage|p2a: Incineroar|0 fnt
|faint|p2a: Incineroar
|move|p2b: Porygon2|Tera Blast|p1b: Ursaluna
|-damage|p1b: Ursaluna|32/100
|move|p1a: Oranguru|Instruct|p1b: Ursaluna
|-singleturn|p1b: Ursaluna|move: Instruct|[of] p1a: Oranguru
|move|p1b: Ursaluna|Earth Power|p2b: Porygon2
|-damage|p2b: Porygon2|45/100
|
|upkeep
|
|t:|1757036161
|switch|p2a: Sneasler|Sneasler, L50, F|100/100
|turn|4
|
|t:|1757036187
|-terastallize|p2a: Sneasler|Flying
|move|p1b: Ursaluna|Blood Moon|p2b: Porygon2
|-damage|p2b: Porygon2|0 fnt
|faint|p2b: Porygon2
|move|p1a: Oranguru|Instruct|p1b: Ursaluna
|-singleturn|p1b: Ursaluna|move: Instruct|[of] p1a: Oranguru
|move|p1b: Ursaluna|Blood Moon|p2a: Sneasler
|-enditem|p2a: Sneasler|Focus Sash
|-damage|p2a: Sneasler|1/100
|-hint|Some effects can force a Pokemon to use Blood Moon again in a row.
|move|p2a: Sneasler|Dire Claw|p1a: Oranguru
|-supereffective|p1a: Oranguru
|-damage|p1a: Oranguru|23/100
|
|upkeep
|
|t:|1757036193
|switch|p2b: Garchomp|Garchomp, L50, M|100/100
|turn|5
|inactive|Bellsproutfanwill has 30 seconds left.
|
|t:|1757036224
|switch|p1b: Sinistcha|Sinistcha, L50|26/100
|-heal|p1a: Oranguru|48/100|[from] ability: Hospitality|[of] p1b: Sinistcha
|move|p2b: Garchomp|Protect|p2b: Garchomp
|-singleturn|p2b: Garchomp|Protect
|move|p2a: Sneasler|Protect|p2a: Sneasler
|-singleturn|p2a: Sneasler|Protect
|move|p1a: Oranguru|Taunt|p2b: Garchomp
|-activate|p2b: Garchomp|move: Protect
|
|-fieldend|move: Trick Room
|upkeep
|turn|6
|
|t:|1757036240
|move|p1b: Sinistcha|Rage Powder|p1b: Sinistcha
|-singleturn|p1b: Sinistcha|move: Rage Powder
|move|p2a: Sneasler|Coaching|p2b: Garchomp
|-boost|p2b: Garchomp|atk|1
|-boost|p2b: Garchomp|def|1
|move|p2b: Garchomp|Earthquake|p1a: Oranguru|[spread] p1a,p1b
|-immune|p2a: Sneasler
|-resisted|p1b: Sinistcha
|-damage|p1a: Oranguru|0 fnt
|-damage|p1b: Sinistcha|0 fnt
|faint|p1a: Oranguru
|faint|p1b: Sinistcha
|
|upkeep
|
|t:|1757036256
|switch|p1b: Torkoal|Torkoal, L50, M|100/100
|switch|p1a: Ursaluna|Ursaluna-Bloodmoon, L50, M|32/100
|-weather|SunnyDay|[from] ability: Drought|[of] p1b: Torkoal
|turn|7
|
|t:|1757036265
|move|p1a: Ursaluna|Protect|p1a: Ursaluna
|-singleturn|p1a: Ursaluna|Protect
|move|p2a: Sneasler|Coaching|p2b: Garchomp
|-boost|p2b: Garchomp|atk|1
|-boost|p2b: Garchomp|def|1
|move|p2b: Garchomp|Earthquake|p1a: Ursaluna|[spread] p1b
|-activate|p1a: Ursaluna|move: Protect
|-immune|p2a: Sneasler
|-supereffective|p1b: Torkoal
|-damage|p1b: Torkoal|0 fnt
|faint|p1b: Torkoal
|
|-weather|SunnyDay|[upkeep]
|upkeep
|turn|8
|
|t:|1757036288
|move|p2a: Sneasler|Close Combat|p1a: Ursaluna
|-supereffective|p1a: Ursaluna
|-damage|p1a: Ursaluna|0 fnt
|-unboost|p2a: Sneasler|def|1
|-unboost|p2a: Sneasler|spd|1
|faint|p1a: Ursaluna
|
|win|emptinessmach
|inactive|Bellsproutfanwill has 30 seconds to confirm battle start!
|inactive|emptinessmach has 30 seconds to confirm battle start!
||Bellsproutfanwill is ready for game 3.
||emptinessmach is ready for game 3.
|uhtml|next|Next: Game 3 of 3
|l|☆Bellsproutfanwill
|player|p1|
