|j|☆T0123456789
|j|☆beeetch
|html|T0123456789beeetch    
|uhtml|bestof|Game 3 of a best-of-3
|t:|1754575488
|gametype|doubles
|player|p1|T0123456789|dawn|1148
|player|p2|beeetch|beauty-gen4dp|1254
|gen|9
|tier|[Gen 9] VGC 2025 Reg H (Bo3)
|rated|
|rule|Species Clause: Limit one of each Pokémon
|rule|Item Clause: Limit 1 of each item
|clearpoke
|poke|p1|Tyranitar, L50, M|
|poke|p1|Excadrill, L50, M|
|poke|p1|Indeedee, L50, M|
|poke|p1|Hydrapple, L50, F|
|poke|p1|Sneasler, L50, F|
|poke|p1|Dragonite, L50, F|
|poke|p2|Toedscruel, L50, F|
|poke|p2|Weezing-Galar, L50, M|
|poke|p2|Corviknight, L50, M|
|poke|p2|Pawmot, L50, F|
|poke|p2|Garchomp, L50, F|
|poke|p2|Typhlosion-Hisui, L50, F|
|teampreview|4
|showteam|p1|Tyranitar||ClearAmulet|SandStream|Protect,RockSlide,DragonDance,KnockOff|||M|||50|,,,,,Flying]Excadrill||FocusSash|SandRush|Protect,RockSlide,IronHead,HighHorsepower|||M|||50|,,,,,Ghost]Indeedee||ChoiceScarf|PsychicSurge|ExpandingForce,DazzlingGleam,HyperVoice,Trick|||M|||50|,,,,,Fairy]Hydrapple||AssaultVest|StickyHold|FickleBeam,EarthPower,EnergyBall,PollenPuff|||F|||50|,,,,,Fire]Sneasler||WhiteHerb|Unburden|Protect,DireClaw,ThroatChop,CloseCombat|||F|||50|,,,,,Dark]Dragonite||LoadedDice|InnerFocus|Protect,ScaleShot,Haze,ExtremeSpeed|||F|||50|,,,,,Steel
|showteam|p2|Toedscruel||CovertCloak|MyceliumMight|Spore,EarthPower,AcidSpray,RagePowder|||F|||50|,,,,,Water]Weezing-Galar||ChoiceSpecs|NeutralizingGas|DazzlingGleam,SludgeBomb,StrangeSteam,Flamethrower|||M|||50|,,,,,Fire]Corviknight||SitrusBerry|MirrorArmor|Protect,Tailwind,Roost,BraveBird|||M|||50|,,,,,Dragon]Pawmot||FocusSash|NaturalCure|Protect,CloseCombat,DoubleShock,FakeOut|||F|||50|,,,,,Electric]Garchomp||LifeOrb|RoughSkin|Protect,Earthquake,DragonClaw,StompingTantrum|||F|||50|,,,,,Ground]Typhlosion-Hisui||ChoiceScarf|Blaze|Eruption,SleepTalk,HeatWave,ShadowBall|||F|||50|,,,,,Fire
|inactive|Battle timer is ON: inactive players will automatically lose when time's up. (requested by T0123456789)
|inactive|T0123456789 has 60 seconds left.
|
|t:|1754575520
|teamsize|p1|4
|teamsize|p2|4
|start
|switch|p1a: Indeedee|Indeedee, L50, M|100/100
|switch|p1b: Hydrapple|Hydrapple, L50, F|100/100
|switch|p2a: Weezing|Weezing-Galar, L50, M|100/100
|switch|p2b: Toedscruel|Toedscruel, L50, F|100/100
|-ability|p2a: Weezing|Neutralizing Gas
|turn|1
|
|t:|1754575534
|move|p1a: Indeedee|Expanding Force|p2a: Weezing
|-supereffective|p2a: Weezing
|-damage|p2a: Weezing|4/100
|move|p2b: Toedscruel|Spore|p1a: Indeedee
|-status|p1a: Indeedee|slp|[from] move: Spore
|move|p2a: Weezing|Dazzling Gleam|p1b: Hydrapple|[spread] p1a,p1b
|-supereffective|p1b: Hydrapple
|-damage|p1a: Indeedee|51/100 slp
|-damage|p1b: Hydrapple|50/100
|move|p1b: Hydrapple|Earth Power|p2a: Weezing
|-supereffective|p2a: Weezing
|-damage|p2a: Weezing|0 fnt
|faint|p2a: Weezing
|-end|p2a: Weezing|ability: Neutralizing Gas
|-fieldstart|move: Psychic Terrain|[from] ability: Psychic Surge|[of] p1a: Indeedee
|
|upkeep
|
|t:|1754575546
|switch|p2a: Corviknight|Corviknight, L50, M|100/100
|turn|2
|
|t:|1754575565
|cant|p1a: Indeedee|slp
|move|p2b: Toedscruel|Earth Power|p1a: Indeedee
|-damage|p1a: Indeedee|16/100 slp
|move|p2a: Corviknight|Brave Bird|p1a: Indeedee
|-damage|p1a: Indeedee|0 fnt
|faint|p1a: Indeedee
|-damage|p2a: Corviknight|97/100|[from] Recoil
|move|p1b: Hydrapple|Fickle Beam|p2b: Toedscruel
|-damage|p2b: Toedscruel|62/100
|
|upkeep
|
|t:|1754575579
|switch|p1a: Dragonite|Dragonite, L50, F|100/100
|turn|3
|
|t:|1754575590
|move|p1a: Dragonite|Scale Shot|p2b: Toedscruel
|-damage|p2b: Toedscruel|42/100
|-damage|p2b: Toedscruel|23/100
|-damage|p2b: Toedscruel|4/100
|-damage|p2b: Toedscruel|0 fnt
|faint|p2b: Toedscruel
|-hitcount|p2: Toedscruel|4
|-unboost|p1a: Dragonite|def|1
|-boost|p1a: Dragonite|spe|1
|move|p2a: Corviknight|Brave Bird|p1b: Hydrapple
|-supereffective|p1b: Hydrapple
|-damage|p1b: Hydrapple|0 fnt
|faint|p1b: Hydrapple
|-damage|p2a: Corviknight|80/100|[from] Recoil
|
|upkeep
|
|t:|1754575606
|switch|p2b: Pawmot|Pawmot, L50, F|100/100
|switch|p1b: Tyranitar|Tyranitar, L50, M|100/100
|-weather|Sandstorm|[from] ability: Sand Stream|[of] p1b: Tyranitar
|turn|4
|
|t:|1754575631
|move|p2b: Pawmot|Protect|p2b: Pawmot
|-singleturn|p2b: Pawmot|Protect
|move|p1a: Dragonite|Scale Shot|p2b: Pawmot
|-activate|p2b: Pawmot|move: Protect
|move|p1b: Tyranitar|Dragon Dance|p1b: Tyranitar
|-boost|p1b: Tyranitar|atk|1
|-boost|p1b: Tyranitar|spe|1
|move|p2a: Corviknight|Brave Bird|p1a: Dragonite
|-damage|p1a: Dragonite|35/100
|-damage|p2a: Corviknight|59/100|[from] Recoil
|
|-weather|Sandstorm|[upkeep]
|-damage|p2b: Pawmot|94/100|[from] Sandstorm
|-damage|p1a: Dragonite|29/100|[from] Sandstorm
|upkeep
|turn|5
|inactive|beeetch has 30 seconds left.
|
|t:|1754575659
|-terastallize|p1b: Tyranitar|Flying
|move|p2b: Pawmot|Close Combat|p1b: Tyranitar
|-resisted|p1b: Tyranitar
|-damage|p1b: Tyranitar|76/100
|-unboost|p2b: Pawmot|def|1
|-unboost|p2b: Pawmot|spd|1
|move|p1a: Dragonite|Scale Shot|p2b: Pawmot
|-damage|p2b: Pawmot|61/100
|-damage|p2b: Pawmot|30/100
|-damage|p2b: Pawmot|0 fnt
|faint|p2b: Pawmot
|-hitcount|p2: Pawmot|3
|-unboost|p1a: Dragonite|def|1
|-boost|p1a: Dragonite|spe|1
|move|p1b: Tyranitar|Rock Slide|p2a: Corviknight
|-crit|p2a: Corviknight
|-damage|p2a: Corviknight|0 fnt
|faint|p2a: Corviknight
|
|win|T0123456789
|raw|T0123456789's rating: 1148 → 1180(+32 for winning)
|raw|beeetch's rating: 1254 → 1222(-32 for losing)
