|j|☆castoriceball
|j|☆Hitherepapichulo)
|html|castoriceballHitherepapichulo)    
|uhtml|bestof|Game 3 of a best-of-3
|t:|1783391991
|gametype|doubles
|player|p1|castoriceball|miku-flying|1178
|player|p2|Hitherepapichulo)|265|1108
|gen|9
|tier|[Gen 9 Champions] VGC 2026 Reg M-B (Bo3)
|rated|
|rule|Species Clause: Limit one of each Pokémon
|rule|Item Clause: Limit 1 of each item
|clearpoke
|poke|p1|Garchomp, L50, M|
|poke|p1|Floette-Eternal, L50, F|
|poke|p1|Talonflame, L50, F|
|poke|p1|Rotom-Wash, L50, shiny|
|poke|p1|Sneasler, L50, F|
|poke|p1|Kingambit, L50, M, shiny|
|poke|p2|Archaludon, L50, M|
|poke|p2|Dragonite, L50, M|
|poke|p2|Politoed, L50, F|
|poke|p2|Klefki, L50, M|
|poke|p2|Basculegion, L50, M|
|poke|p2|Sneasler, L50, F|
|teampreview|4
|showteam|p1|Garchomp||LifeOrb|RoughSkin|DragonClaw,Earthquake,RockSlide,Protect|Adamant||M|||50|]Floette-Eternal||Floettite|FlowerVeil|Moonblast,DazzlingGleam,LightofRuin,Protect|Modest||F|||50|]Talonflame||SharpBeak|GaleWings|Tailwind,DualWingbeat,RainDance,Protect|Jolly||F|||50|]Rotom-Wash||Magnet|Levitate|Thunderbolt,HydroPump,Electroweb,Protect|Modest|||||50|]Sneasler||FocusSash|Unburden|FakeOut,DireClaw,CloseCombat,SwordsDance|Naughty||F|||50|]Kingambit||BlackGlasses|Defiant|KowtowCleave,SuckerPunch,IronHead,Protect|Adamant||M|||50|
|showteam|p2|Archaludon||Leftovers|Stamina|ElectroShot,FlashCannon,Protect,Thunderbolt|Quiet||M|||50|]Dragonite||Dragoninite|InnerFocus|Hurricane,Protect,DragonPulse,ExtremeSpeed|Quiet||M|||50|]Politoed||DampRock|Drizzle|Protect,WeatherBall,IcyWind,HelpingHand|Bold||F|||50|]Klefki||MentalHerb|Prankster|LightScreen,Reflect,DazzlingGleam,Protect|Relaxed||M|||50|]Basculegion||MysticWater|SwiftSwim|WaveCrash,LastRespects,Protect,FlipTurn|Adamant||M|||50|]Sneasler||SitrusBerry|Unburden|CloseCombat,FakeOut,Uturn,RockSlide|Adamant||F|||50|
|inactive|Battle timer is ON: inactive players will automatically lose when time's up. (requested by Hitherepapichulo))
|
|t:|1783392021
|teamsize|p1|4
|teamsize|p2|4
|start
|switch|p1a: Laundry List|Rotom-Wash, L50, shiny|100/100
|switch|p1b: jarchomp|Garchomp, L50, M|100/100
|switch|p2a: Sneasler|Sneasler, L50, F|100/100
|switch|p2b: Politoed|Politoed, L50, F|100/100
|-weather|RainDance|[from] ability: Drizzle|[of] p2b: Politoed
|turn|1
|
|t:|1783392040
|move|p1b: jarchomp|Protect|p1b: jarchomp
|-singleturn|p1b: jarchomp|Protect
|move|p1a: Laundry List|Protect|p1a: Laundry List
|-singleturn|p1a: Laundry List|Protect
|move|p2a: Sneasler|Fake Out|p1b: jarchomp
|-activate|p1b: jarchomp|move: Protect
|move|p2b: Politoed|Icy Wind|p1b: jarchomp|[spread] 
|-activate|p1a: Laundry List|move: Protect
|-activate|p1b: jarchomp|move: Protect
|
|-weather|RainDance|[upkeep]
|upkeep
|turn|2
|inactive|castoriceball has 30 seconds left.
|
|t:|1783392073
|move|p2a: Sneasler|Close Combat|p1a: Laundry List
|-damage|p1a: Laundry List|33/100
|-unboost|p2a: Sneasler|def|1
|-unboost|p2a: Sneasler|spd|1
|move|p1b: jarchomp|Dragon Claw|p2a: Sneasler
|-damage|p2a: Sneasler|0 fnt
|faint|p2a: Sneasler
|-damage|p1b: jarchomp|90/100|[from] item: Life Orb
|move|p1a: Laundry List|Thunderbolt|p2b: Politoed
|-supereffective|p2b: Politoed|1
|-damage|p2b: Politoed|14/100
|-status|p2b: Politoed|par
|move|p2b: Politoed|Icy Wind|p1a: Laundry List|[spread] p1a,p1b
|-resisted|p1a: Laundry List|1
|-supereffective|p1b: jarchomp|2
|-damage|p1a: Laundry List|28/100
|-damage|p1b: jarchomp|45/100
|-unboost|p1a: Laundry List|spe|1
|-unboost|p1b: jarchomp|spe|1
|
|-weather|RainDance|[upkeep]
|upkeep
|
|t:|1783392088
|switch|p2a: Klefki|Klefki, L50, M|100/100
|turn|3
|
|t:|1783392091
|move|p2b: Politoed|Helping Hand|p2a: Klefki
|-singleturn|p2a: Klefki|Helping Hand|[of] p2b: Politoed
|move|p1b: jarchomp|Earthquake|p2a: Klefki|[spread] p2a,p2b
|-immune|p1a: Laundry List|[from] ability: Levitate
|-supereffective|p2a: Klefki|1
|-damage|p2a: Klefki|0 fnt
|-damage|p2b: Politoed|0 fnt
|faint|p2a: Klefki
|faint|p2b: Politoed
|-damage|p1b: jarchomp|35/100|[from] item: Life Orb
|move|p1a: Laundry List|Electroweb|p2: Klefki|[notarget]
|-fail|p1a: Laundry List
|
|-weather|RainDance|[upkeep]
|upkeep
|
|t:|1783392099
|switch|p2b: Basculegion|Basculegion, L50, M|100/100
|turn|4
|
|t:|1783392105
|move|p2b: Basculegion|Last Respects|p1a: Laundry List
|-damage|p1a: Laundry List|0 fnt
|faint|p1a: Laundry List
|move|p1b: jarchomp|Earthquake|p2b: Basculegion
|-damage|p2b: Basculegion|3/100
|-damage|p1b: jarchomp|26/100|[from] item: Life Orb
|
|-weather|RainDance|[upkeep]
|upkeep
|
|t:|1783392109
|switch|p1a: Cringegambit|Kingambit, L50, M, shiny|100/100
|turn|5
|
|t:|1783392115
|move|p1a: Cringegambit|Sucker Punch|p2b: Basculegion
|-supereffective|p2b: Basculegion|1
|-damage|p2b: Basculegion|0 fnt
|faint|p2b: Basculegion
|
|win|castoriceball
|raw|castoriceball's rating: 1178 → 1198(+20 for winning)
|raw|Hitherepapichulo)'s rating: 1108 → 1088(-20 for losing)
|l|☆Hitherepapichulo)
|player|p2|
