|j|☆GionnyBravo
|j|☆dialghite
|html|GionnyBravodialghite    
|uhtml|bestof|Game 1 of a best-of-3
|t:|1756667908
|gametype|doubles
|player|p1|GionnyBravo|rood|1265
|player|p2|dialghite|volkner|1396
|gen|9
|tier|[Gen 9] VGC 2025 Reg H (Bo3)
|rated|
|rule|Species Clause: Limit one of each Pokémon
|rule|Item Clause: Limit 1 of each item
|clearpoke
|poke|p1|Dragonite, L50, F|
|poke|p1|Gholdengo, L50|
|poke|p1|Rillaboom, L50, M|
|poke|p1|Ursaluna-Bloodmoon, L50, M|
|poke|p1|Maushold-Four, L50|
|poke|p1|Annihilape, L50, F|
|poke|p2|Indeedee, L50, M|
|poke|p2|Sneasler, L50, F|
|poke|p2|Tyranitar, L50, F|
|poke|p2|Excadrill, L50, F|
|poke|p2|Corviknight, L50, M|
|poke|p2|Annihilape, L50, F|
|teampreview|4
|showteam|p1|Dragonite||LoadedDice|Multiscale|Tailwind,Haze,Protect,ScaleShot|||F|||50|,,,,,Fairy]Gholdengo||LifeOrb|GoodasGold|MakeItRain,ShadowBall,NastyPlot,Protect||||||50|,,,,,Water]Rillaboom||MiracleSeed|GrassySurge|WoodHammer,GrassyGlide,FakeOut,HighHorsepower|||M|||50|,,,,,Fire]Ursaluna-Bloodmoon||AssaultVest|MindsEye|BloodMoon,EarthPower,HyperVoice,VacuumWave|||M|||50|,,,,,Water]Maushold-Four||FocusSash|FriendGuard|SuperFang,FollowMe,BeatUp,Protect||||||50|,,,,,Ghost]Annihilape||SitrusBerry|Defiant|RageFist,DrainPunch,BulkUp,Protect|||F|||50|,,,,,Fire
|showteam|p2|Indeedee||ChoiceScarf|PsychicSurge|ExpandingForce,TeraBlast,Trick,Protect|||M|||50|,,,,,Psychic]Sneasler||PsychicSeed|Unburden|CloseCombat,DireClaw,ThroatChop,Protect|||F|||50|,,,,,Dark]Tyranitar||AssaultVest|SandStream|RockSlide,KnockOff,TeraBlast,LowKick|||F|||50|,,,,,Flying]Excadrill||FocusSash|SandRush|Earthquake,IronHead,HighHorsepower,Protect|||F|||50|,,,,,Ground]Corviknight||Leftovers|MirrorArmor|BraveBird,Tailwind,Roost,BulkUp|||M|||50|,,,,,Dragon]Annihilape||SafetyGoggles|Defiant|CloseCombat,RageFist,FinalGambit,Taunt|||F|||50|,,,,,Water
|inactive|Battle timer is ON: inactive players will automatically lose when time's up. (requested by dialghite)
|inactive|GionnyBravo has 60 seconds left.
|inactive|dialghite has 60 seconds left.
|
|t:|1756667953
|teamsize|p1|4
|teamsize|p2|4
|start
|switch|p1a: Ursaluna|Ursaluna-Bloodmoon, L50, M|100/100
|switch|p1b: Rillaboom|Rillaboom, L50, M|100/100
|switch|p2a: Annihilape|Annihilape, L50, F|100/100
|switch|p2b: Indeedee|Indeedee, L50, M|100/100
|-fieldstart|move: Psychic Terrain|[from] ability: Psychic Surge|[of] p2b: Indeedee
|-fieldstart|move: Grassy Terrain|[from] ability: Grassy Surge|[of] p1b: Rillaboom
|turn|1
|inactive|GionnyBravo has 30 seconds left.
|
|t:|1756667978
|switch|p2b: Corviknight|Corviknight, L50, M|100/100
|switch|p1a: Gholdengo|Gholdengo, L50|100/100
|move|p2a: Annihilape|Rage Fist|p1b: Rillaboom
|-damage|p1b: Rillaboom|83/100
|move|p1b: Rillaboom|Wood Hammer|p2b: Corviknight
|-resisted|p2b: Corviknight
|-crit|p2b: Corviknight
|-damage|p2b: Corviknight|72/100
|-damage|p1b: Rillaboom|74/100|[from] Recoil
|
|-heal|p1b: Rillaboom|80/100|[from] Grassy Terrain
|-heal|p2b: Corviknight|78/100|[from] item: Leftovers
|upkeep
|turn|2
|inactive|GionnyBravo has 30 seconds left.
|
|t:|1756668013
|switch|p1b: Maushold|Maushold-Four, L50|100/100
|move|p2a: Annihilape|Rage Fist|p1a: Gholdengo
|-supereffective|p1a: Gholdengo
|-damage|p1a: Gholdengo|70/100
|move|p1a: Gholdengo|Nasty Plot|p1a: Gholdengo
|-boost|p1a: Gholdengo|spa|2
|move|p2b: Corviknight|Bulk Up|p2b: Corviknight
|-boost|p2b: Corviknight|atk|1
|-boost|p2b: Corviknight|def|1
|
|-heal|p1a: Gholdengo|76/100|[from] Grassy Terrain
|-heal|p2b: Corviknight|84/100|[from] item: Leftovers
|upkeep
|turn|3
|inactive|dialghite has 30 seconds left.
|
|t:|1756668042
|move|p1b: Maushold|Protect|p1b: Maushold
|-singleturn|p1b: Maushold|Protect
|move|p2a: Annihilape|Taunt|p1b: Maushold
|-activate|p1b: Maushold|move: Protect
|move|p1a: Gholdengo|Shadow Ball|p2b: Corviknight
|-damage|p2b: Corviknight|0 fnt
|faint|p2b: Corviknight
|-damage|p1a: Gholdengo|67/100|[from] item: Life Orb
|
|-heal|p1a: Gholdengo|73/100|[from] Grassy Terrain
|upkeep
|
|t:|1756668048
|switch|p2b: Excadrill|Excadrill, L50, F|100/100
|turn|4
|inactive|GionnyBravo has 30 seconds left.
|
|t:|1756668081
|-terastallize|p1a: Gholdengo|Water
|-terastallize|p2b: Excadrill|Ground
|move|p1b: Maushold|Follow Me|p1b: Maushold
|-singleturn|p1b: Maushold|move: Follow Me
|move|p2a: Annihilape|Taunt|p1b: Maushold
|-start|p1b: Maushold|move: Taunt
|move|p1a: Gholdengo|Make It Rain|p2a: Annihilape|[spread] p2a,p2b
|-damage|p2a: Annihilape|0 fnt
|-enditem|p2b: Excadrill|Focus Sash
|-damage|p2b: Excadrill|1/100
|-unboost|p1a: Gholdengo|spa|1
|faint|p2a: Annihilape
|-damage|p1a: Gholdengo|64/100|[from] item: Life Orb
|move|p2b: Excadrill|High Horsepower|p1b: Maushold
|-damage|p1b: Maushold|4/100
|
|-heal|p1b: Maushold|10/100|[from] Grassy Terrain
|-heal|p1a: Gholdengo|70/100|[from] Grassy Terrain
|-heal|p2b: Excadrill|7/100|[from] Grassy Terrain
|upkeep
|
|t:|1756668091
|switch|p2a: Indeedee|Indeedee, L50, M|100/100
|-fieldstart|move: Psychic Terrain|[from] ability: Psychic Surge|[of] p2a: Indeedee
|turn|5
|-message|dialghite forfeited.
|
|win|GionnyBravo
