|j|☆mesochob0
|j|☆saboyita
|html|mesochob0saboyita    
|uhtml|bestof|Game 1 of a best-of-3
|t:|1756765826
|gametype|doubles
|player|p1|mesochob0|1|1124
|player|p2|saboyita|grimsley|1124
|gen|9
|tier|[Gen 9] VGC 2025 Reg H (Bo3)
|rated|
|rule|Species Clause: Limit one of each Pokémon
|rule|Item Clause: Limit 1 of each item
|clearpoke
|poke|p1|Torkoal, L50, M|
|poke|p1|Indeedee-F, L50, F|
|poke|p1|Hatterene, L50, F|
|poke|p1|Sneasler, L50, M|
|poke|p1|Exeggutor, L50, M|
|poke|p1|Typhlosion, L50, F|
|poke|p2|Amoonguss, L50, M|
|poke|p2|Hydreigon, L50, M|
|poke|p2|Whimsicott, L50, M|
|poke|p2|Maushold-Four, L50|
|poke|p2|Annihilape, L50, M|
|poke|p2|Ursaluna-Bloodmoon, L50, M|
|teampreview|4
|showteam|p1|Torkoal||ChoiceSpecs|Drought|Eruption,HeatWave,EarthPower,SolarBeam|||M|||50|,,,,,Fire]Indeedee-F||EjectButton|PsychicSurge|FollowMe,TrickRoom,Psychic,HelpingHand|||F|||50|,,,,,Steel]Hatterene||LifeOrb|MagicBounce|ExpandingForce,DazzlingGleam,Protect,TrickRoom|||F|||50|,,,,,Water]Sneasler||PsychicSeed|Unburden|CloseCombat,DireClaw,Protect,ThroatChop|||M|||50|,,,,,Dark]Exeggutor||FocusSash|Chlorophyll|ExpandingForce,EnergyBall,Protect,TeraBlast|||M|||50|,,,,,Rock]Typhlosion||ChoiceScarf|FlashFire|Eruption,HeatWave,ShadowBall,Overheat|||F|||50|,,,,,Fire
|showteam|p2|Amoonguss||MentalHerb|Regenerator|ClearSmog,Spore,RagePowder,Protect|||M|||50|,,,,,Water]Hydreigon||ChoiceSpecs|Levitate|Snarl,HeatWave,DarkPulse,DracoMeteor|||M|||50|,,,,,Ghost]Whimsicott||CovertCloak|Prankster|BeatUp,Encore,HelpingHand,Tailwind|||M|||50|,,,,,Dark]Maushold-Four||WideLens|Technician|PopulationBomb,Taunt,FollowMe,Protect||||||50|,,,,,Ghost]Annihilape||Leftovers|Defiant|RageFist,CloseCombat,FinalGambit,Protect|||M|||50|,,,,,Fire]Ursaluna-Bloodmoon||LifeOrb|MindsEye|HyperVoice,EarthPower,BloodMoon,Protect|||M|||50|,,,,,Water
|inactive|Battle timer is ON: inactive players will automatically lose when time's up. (requested by saboyita)
|inactive|mesochob0 has 60 seconds left.
|inactive|saboyita has 60 seconds left.
|
|t:|1756765875
|teamsize|p1|4
|teamsize|p2|4
|start
|switch|p1a: Typhlosion|Typhlosion, L50, F|100/100
|switch|p1b: Indeedee|Indeedee-F, L50, F|100/100
|switch|p2a: Hydreigon|Hydreigon, L50, M|100/100
|switch|p2b: Ursaluna|Ursaluna-Bloodmoon, L50, M|100/100
|-fieldstart|move: Psychic Terrain|[from] ability: Psychic Surge|[of] p1b: Indeedee
|turn|1
|inactive|mesochob0 has 30 seconds left.
|
|t:|1756765906
|switch|p1b: Torkoal|Torkoal, L50, M|100/100
|-weather|SunnyDay|[from] ability: Drought|[of] p1b: Torkoal
|-terastallize|p1a: Typhlosion|Fire
|-terastallize|p2b: Ursaluna|Water
|move|p1a: Typhlosion|Eruption|p2a: Hydreigon|[spread] p2a,p2b
|-resisted|p2a: Hydreigon
|-resisted|p2b: Ursaluna
|-damage|p2a: Hydreigon|31/100
|-damage|p2b: Ursaluna|33/100
|move|p2a: Hydreigon|Snarl|p1b: Torkoal|[spread] p1a
|-miss|p2a: Hydreigon|p1b: Torkoal
|-damage|p1a: Typhlosion|58/100
|-unboost|p1a: Typhlosion|spa|1
|move|p2b: Ursaluna|Hyper Voice|p1b: Torkoal|[spread] p1a,p1b
|-damage|p1a: Typhlosion|0 fnt
|-damage|p1b: Torkoal|29/100
|faint|p1a: Typhlosion
|-damage|p2b: Ursaluna|24/100|[from] item: Life Orb
|
|-weather|SunnyDay|[upkeep]
|upkeep
|
|t:|1756765931
|switch|p1a: Sneasler|Sneasler, L50, M|100/100
|-enditem|p1a: Sneasler|Psychic Seed
|-boost|p1a: Sneasler|spd|1|[from] item: Psychic Seed
|turn|2
|
|t:|1756765953
|switch|p1b: Indeedee|Indeedee-F, L50, F|100/100
|move|p2b: Ursaluna|Protect|p2b: Ursaluna
|-singleturn|p2b: Ursaluna|Protect
|move|p1a: Sneasler|Dire Claw|p2b: Ursaluna
|-activate|p2b: Ursaluna|move: Protect
|move|p2a: Hydreigon|Snarl|p1a: Sneasler|[spread] p1a,p1b
|-resisted|p1a: Sneasler
|-crit|p1a: Sneasler
|-supereffective|p1b: Indeedee
|-damage|p1a: Sneasler|67/100
|-damage|p1b: Indeedee|35/100
|-unboost|p1a: Sneasler|spa|1
|-unboost|p1b: Indeedee|spa|1
|-enditem|p1b: Indeedee|Eject Button
|
|t:|1756765968
|switch|p1b: Torkoal|Torkoal, L50, M|29/100
|
|-weather|SunnyDay|[upkeep]
|upkeep
|turn|3
|
|t:|1756765984
|move|p1a: Sneasler|Dire Claw|p2b: Ursaluna
|-damage|p2b: Ursaluna|0 fnt
|faint|p2b: Ursaluna
|move|p2a: Hydreigon|Snarl|p1b: Torkoal|[spread] p1a,p1b
|-resisted|p1a: Sneasler
|-damage|p1a: Sneasler|51/100
|-damage|p1b: Torkoal|0 fnt
|-unboost|p1a: Sneasler|spa|1
|faint|p1b: Torkoal
|
|-weather|SunnyDay|[upkeep]
|upkeep
|
|t:|1756766006
|switch|p2b: Amoonguss|Amoonguss, L50, M|100/100
|switch|p1b: Indeedee|Indeedee-F, L50, F|35/100
|turn|4
|inactive|mesochob0 has 30 seconds left.
|
|t:|1756766037
|move|p2b: Amoonguss|Rage Powder|p2b: Amoonguss
|-singleturn|p2b: Amoonguss|move: Rage Powder
|move|p1a: Sneasler|Dire Claw|p2b: Amoonguss
|-damage|p2b: Amoonguss|55/100
|-status|p2b: Amoonguss|slp
|move|p2a: Hydreigon|Snarl|p1a: Sneasler|[spread] p1a,p1b
|-resisted|p1a: Sneasler
|-supereffective|p1b: Indeedee
|-damage|p1a: Sneasler|35/100
|-damage|p1b: Indeedee|0 fnt
|-unboost|p1a: Sneasler|spa|1
|faint|p1b: Indeedee
|
|-weather|SunnyDay|[upkeep]
|upkeep
|turn|5
|
|t:|1756766057
|move|p1a: Sneasler|Close Combat|p2a: Hydreigon
|-supereffective|p2a: Hydreigon
|-damage|p2a: Hydreigon|0 fnt
|-unboost|p1a: Sneasler|def|1
|-unboost|p1a: Sneasler|spd|1
|faint|p2a: Hydreigon
|cant|p2b: Amoonguss|slp
|
|-weather|none
|-fieldend|move: Psychic Terrain
|upkeep
|
|t:|1756766064
|switch|p2a: Annihilape|Annihilape, L50, M|100/100
|turn|6
|
|t:|1756766078
|-curestatus|p2b: Amoonguss|slp|[msg]
|move|p2b: Amoonguss|Rage Powder|p2b: Amoonguss
|-singleturn|p2b: Amoonguss|move: Rage Powder
|move|p1a: Sneasler|Dire Claw|p2b: Amoonguss
|-damage|p2b: Amoonguss|14/100
|-status|p2b: Amoonguss|slp
|move|p2a: Annihilape|Final Gambit|p1a: Sneasler
|-damage|p1a: Sneasler|0 fnt
|faint|p2a: Annihilape
|faint|p1a: Sneasler
|
|win|saboyita
||mesochob0 is ready for game 2.
