|j|☆wester7
|j|☆darkzerocl
|html|wester7darkzerocl    
|uhtml|bestof|Game 1 of a best-of-3
|t:|1757726541
|gametype|doubles
|player|p1|wester7|1|1195
|player|p2|darkzerocl|roughneck|1112
|gen|9
|tier|[Gen 9] VGC 2025 Reg H (Bo3)
|rated|
|rule|Species Clause: Limit one of each Pokémon
|rule|Item Clause: Limit 1 of each item
|clearpoke
|poke|p1|Gastrodon-East, L50, F|
|poke|p1|Hydreigon, L50, F|
|poke|p1|Flamigo, L50, F|
|poke|p1|Arboliva, L50, M|
|poke|p1|Arcanine, L50, F|
|poke|p1|Scizor, L50, M|
|poke|p2|Gholdengo, L50|
|poke|p2|Amoonguss, L50, M|
|poke|p2|Ursaluna-Bloodmoon, L50, M|
|poke|p2|Sneasler, L50, F|
|poke|p2|Incineroar, L50, M|
|poke|p2|Dragonite, L50, M|
|teampreview|4
|showteam|p1|Gastrodon-East||Leftovers|StormDrain|EarthPower,IceBeam,Yawn,Protect|||F|||50|,,,,,Fairy]Hydreigon||ChoiceSpecs|Levitate|DracoMeteor,DarkPulse,TeraBlast,Surf|||F|||50|,,,,,Poison]Flamigo||EjectPack|Scrappy|BraveBird,CloseCombat,Tailwind,Detect|||F|||50|,,,,,Fire]Arboliva||AssaultVest|SeedSower|TerrainPulse,GigaDrain,DazzlingGleam,EarthPower|||M|||50|,,,,,Fairy]Arcanine||SafetyGoggles|Intimidate|FlareBlitz,ExtremeSpeed,WillOWisp,Protect|||F|||50|,,,,,Normal]Scizor||ChoiceBand|Technician|BulletPunch,Uturn,BugBite,CloseCombat|||M|||50|,,,,,Fire
|showteam|p2|Gholdengo||LifeOrb|GoodasGold|MakeItRain,ShadowBall,NastyPlot,Protect||||||50|,,,,,Water]Amoonguss||SitrusBerry|Regenerator|PollenPuff,Spore,RagePowder,Protect|||M|||50|,,,,,Psychic]Ursaluna-Bloodmoon||AssaultVest|MindsEye|EarthPower,HyperVoice,BloodMoon,Protect|||M|||50|,,,,,Water]Sneasler||FocusSash|Unburden|CloseCombat,DireClaw,ThroatChop,Protect|||F|||50|,,,,,Stellar]Incineroar||SafetyGoggles|Intimidate|FlareBlitz,KnockOff,PartingShot,FakeOut|||M|||50|,,,,,Ghost]Dragonite||LoadedDice|Multiscale|ScaleShot,Tailwind,Haze,Protect|||M|||50|,,,,,Fairy
|inactive|Battle timer is ON: inactive players will automatically lose when time's up. (requested by darkzerocl)
|inactive|wester7 has 60 seconds left.
|inactive|darkzerocl has 60 seconds left.
|inactive|wester7 has 30 seconds left.
|inactive|darkzerocl has 30 seconds left.
|inactive|wester7 has 20 seconds left.
|inactive|darkzerocl has 20 seconds left.
|
|t:|1757726638
|teamsize|p1|4
|teamsize|p2|4
|start
|switch|p1a: Scizor|Scizor, L50, M|100/100
|switch|p1b: Arcanine|Arcanine, L50, F|100/100
|switch|p2a: Dragonite|Dragonite, L50, M|100/100
|switch|p2b: Incineroar|Incineroar, L50, M|100/100
|-ability|p1b: Arcanine|Intimidate|boost
|-unboost|p2a: Dragonite|atk|1
|-unboost|p2b: Incineroar|atk|1
|-ability|p2b: Incineroar|Intimidate|boost
|-unboost|p1a: Scizor|atk|1
|-unboost|p1b: Arcanine|atk|1
|turn|1
|inactive|wester7 has 30 seconds left.
|inactive|darkzerocl has 30 seconds left.
|
|t:|1757726671
|move|p2b: Incineroar|Fake Out|p1b: Arcanine
|-damage|p1b: Arcanine|93/100
|move|p2a: Dragonite|Tailwind|p2a: Dragonite
|-sidestart|p2: darkzerocl|move: Tailwind
|cant|p1b: Arcanine|flinch
|move|p1a: Scizor|U-turn|p2b: Incineroar
|-damage|p2b: Incineroar|64/100
|
|t:|1757726681
|switch|p1a: Gastrodon|Gastrodon-East, L50, F|100/100|[from] U-turn
|
|upkeep
|turn|2
|inactive|darkzerocl has 30 seconds left.
|inactive|darkzerocl has 20 seconds left.
|inactive|darkzerocl has 15 seconds left.
|
|t:|1757726724
|move|p2a: Dragonite|Scale Shot|p1b: Arcanine
|-damage|p1b: Arcanine|82/100
|-damage|p1b: Arcanine|73/100
|-damage|p1b: Arcanine|63/100
|-damage|p1b: Arcanine|52/100
|-damage|p1b: Arcanine|43/100
|-hitcount|p1b: Arcanine|5
|-unboost|p2a: Dragonite|def|1
|-boost|p2a: Dragonite|spe|1
|move|p2b: Incineroar|Parting Shot|p1b: Arcanine
|-unboost|p1b: Arcanine|atk|1
|-unboost|p1b: Arcanine|spa|1
|
|t:|1757726737
|switch|p2b: Sneasler|Sneasler, L50, F|100/100|[from] Parting Shot
|move|p1b: Arcanine|Will-O-Wisp|p2a: Dragonite
|-status|p2a: Dragonite|brn
|move|p1a: Gastrodon|Earth Power|p2b: Sneasler
|-supereffective|p2b: Sneasler
|-damage|p2b: Sneasler|23/100
|
|-damage|p2a: Dragonite|95/100 brn|[from] brn
|upkeep
|turn|3
|inactive|darkzerocl has 30 seconds left.
|inactive|darkzerocl has 20 seconds left.
|
|t:|1757726775
|switch|p1b: Scizor|Scizor, L50, M|100/100
|move|p2a: Dragonite|Scale Shot|p1a: Gastrodon
|-damage|p1a: Gastrodon|97/100
|-damage|p1a: Gastrodon|93/100
|-damage|p1a: Gastrodon|90/100
|-damage|p1a: Gastrodon|86/100
|-damage|p1a: Gastrodon|83/100
|-hitcount|p1a: Gastrodon|5
|-unboost|p2a: Dragonite|def|1
|-boost|p2a: Dragonite|spe|1
|move|p2b: Sneasler|Close Combat|p1b: Scizor
|-damage|p1b: Scizor|25/100
|-unboost|p2b: Sneasler|def|1
|-unboost|p2b: Sneasler|spd|1
|move|p1a: Gastrodon|Ice Beam|p2a: Dragonite
|-supereffective|p2a: Dragonite
|-damage|p2a: Dragonite|14/100 brn
|
|-heal|p1a: Gastrodon|89/100|[from] item: Leftovers
|-damage|p2a: Dragonite|8/100 brn|[from] brn
|upkeep
|turn|4
|inactive|wester7 has 30 seconds left.
|inactive|darkzerocl has 30 seconds left.
|inactive|wester7 has 20 seconds left.
|inactive|darkzerocl has 20 seconds left.
|inactive|wester7 has 15 seconds left.
|inactive|darkzerocl has 15 seconds left.
|inactive|wester7 has 10 seconds left.
|
|t:|1757726822
|move|p1b: Scizor|Bullet Punch|p2b: Sneasler
|-damage|p2b: Sneasler|0 fnt
|faint|p2b: Sneasler
|move|p2a: Dragonite|Scale Shot|p1b: Scizor
|-resisted|p1b: Scizor
|-damage|p1b: Scizor|23/100
|-resisted|p1b: Scizor
|-damage|p1b: Scizor|21/100
|-resisted|p1b: Scizor
|-damage|p1b: Scizor|19/100
|-resisted|p1b: Scizor
|-damage|p1b: Scizor|16/100
|-resisted|p1b: Scizor
|-damage|p1b: Scizor|14/100
|-hitcount|p1b: Scizor|5
|-unboost|p2a: Dragonite|def|1
|-boost|p2a: Dragonite|spe|1
|move|p1a: Gastrodon|Ice Beam|p2a: Dragonite
|-supereffective|p2a: Dragonite
|-damage|p2a: Dragonite|0 fnt
|faint|p2a: Dragonite
|
|-heal|p1a: Gastrodon|95/100|[from] item: Leftovers
|-sideend|p2: darkzerocl|move: Tailwind
|upkeep
|
|t:|1757726842
|switch|p2b: Incineroar|Incineroar, L50, M|64/100
|switch|p2a: Gholdengo|Gholdengo, L50|100/100
|-ability|p2b: Incineroar|Intimidate|boost
|-unboost|p1a: Gastrodon|atk|1
|-unboost|p1b: Scizor|atk|1
|turn|5
|inactive|wester7 has 30 seconds left.
|inactive|darkzerocl has 30 seconds left.
|
|t:|1757726869
|switch|p1b: Arcanine|Arcanine, L50, F|43/100
|-ability|p1b: Arcanine|Intimidate|boost
|-unboost|p2a: Gholdengo|atk|1
|-unboost|p2b: Incineroar|atk|1
|move|p2b: Incineroar|Fake Out|p1a: Gastrodon
|-damage|p1a: Gastrodon|89/100
|move|p2a: Gholdengo|Shadow Ball|p1b: Arcanine
|-damage|p1b: Arcanine|0 fnt
|faint|p1b: Arcanine
|-damage|p2a: Gholdengo|91/100|[from] item: Life Orb
|cant|p1a: Gastrodon|flinch
|
|-heal|p1a: Gastrodon|95/100|[from] item: Leftovers
|upkeep
|
|t:|1757726881
|switch|p1b: Hydreigon|Hydreigon, L50, F|100/100
|turn|6
|inactive|darkzerocl has 30 seconds left.
|
|t:|1757726915
|-terastallize|p2b: Incineroar|Ghost
|move|p1b: Hydreigon|Surf|p2b: Incineroar|[spread] p2a,p2b
|-ability|p1a: Gastrodon|Storm Drain|boost
|-boost|p1a: Gastrodon|spa|1
|-damage|p2a: Gholdengo|47/100
|-damage|p2b: Incineroar|35/100
|move|p2a: Gholdengo|Shadow Ball|p1b: Hydreigon
|-resisted|p1b: Hydreigon
|-damage|p1b: Hydreigon|67/100
|-damage|p2a: Gholdengo|38/100|[from] item: Life Orb
|move|p2b: Incineroar|Flare Blitz|p1b: Hydreigon
|-resisted|p1b: Hydreigon
|-damage|p1b: Hydreigon|48/100
|-damage|p2b: Incineroar|30/100|[from] Recoil
|move|p1a: Gastrodon|Earth Power|p2a: Gholdengo
|-supereffective|p2a: Gholdengo
|-damage|p2a: Gholdengo|0 fnt
|faint|p2a: Gholdengo
|
|-heal|p1a: Gastrodon|100/100|[from] item: Leftovers
|upkeep
|turn|7
|
|t:|1757726937
|move|p2b: Incineroar|Fake Out||[still]
|-hint|Fake Out only works on your first turn out.
|-fail|p2b: Incineroar
|move|p1b: Hydreigon|Surf|p2b: Incineroar|[spread] p2b
|-ability|p1a: Gastrodon|Storm Drain|boost
|-boost|p1a: Gastrodon|spa|1
|-damage|p2b: Incineroar|0 fnt
|faint|p2b: Incineroar
|
|win|wester7
||darkzerocl is ready for game 2.
|inactive|wester7 has 30 seconds to confirm battle start!
||wester7 is ready for game 2.
|uhtml|next|Next: Game 2 of 3
