|j|☆devinlewisd
|j|☆vilan333
|html|devinlewisdvilan333    
|uhtml|bestof|Game 1 of a best-of-3
|t:|1783355834
|gametype|doubles
|player|p1|devinlewisd|hiker-gen4|1104
|player|p2|vilan333|marshal|1130
|gen|9
|tier|[Gen 9 Champions] VGC 2026 Reg M-B (Bo3)
|rated|
|rule|Species Clause: Limit one of each Pokémon
|rule|Item Clause: Limit 1 of each item
|clearpoke
|poke|p1|Ninetales-Alola, L50, F|
|poke|p1|Volcarona, L50, M|
|poke|p1|Farigiraf, L50, F|
|poke|p1|Raichu, L50, F|
|poke|p1|Basculegion, L50, M|
|poke|p1|Decidueye-Hisui, L50, M|
|poke|p2|Charizard, L50, F|
|poke|p2|Mawile, L50, F|
|poke|p2|Basculegion, L50, M|
|poke|p2|Garchomp, L50, M|
|poke|p2|Whimsicott, L50, M|
|poke|p2|Farigiraf, L50, F|
|teampreview|4
|showteam|p1|Ninetales-Alola||LightClay|SnowWarning|Blizzard,FreezeDry,AuroraVeil,Protect|Timid||F|||50|]Volcarona||Leftovers|FlameBody|RagePowder,QuiverDance,Protect,HeatWave|Modest||M|||50|]Farigiraf||MentalHerb|ArmorTail|TrickRoom,Imprison,HelpingHand,DazzlingGleam|Sassy||F|||50|]Raichu||RaichuniteY|LightningRod|FakeOut,ZapCannon,FocusBlast,Protect|Hasty||F|||50|]Basculegion||ChoiceScarf|Adaptability|Liquidation,FlipTurn,LastRespects,HeadSmash|Jolly||M|||50|]Decidueye-Hisui||ExpertBelt|Scrappy|TripleArrows,BraveBird,Protect,LeafBlade|Adamant||M|||50|
|showteam|p2|Charizard||CharizarditeY|Blaze|WeatherBall,HeatWave,SolarBeam,Protect|Timid||F|||50|]Mawile||Mawilite|HyperCutter|PlayRough,SuckerPunch,BrickBreak,Protect|Adamant||F|||50|]Basculegion||MysticWater|Adaptability|WaveCrash,LastRespects,AquaJet,Protect|Adamant||M|||50|]Garchomp||LifeOrb|RoughSkin|Earthquake,DragonClaw,RockSlide,Protect|Jolly||M|||50|]Whimsicott||FocusSash|Prankster|Moonblast,Encore,Tailwind,Protect|Timid||M|||50|]Farigiraf||SitrusBerry|ArmorTail|TwinBeam,Thunderbolt,TrickRoom,HelpingHand|Bold||F|||50|
|inactive|Battle timer is ON: inactive players will automatically lose when time's up. (requested by devinlewisd)
|inactive|devinlewisd has 60 seconds left.
|inactive|devinlewisd has 30 seconds left.
|inactive|devinlewisd has 20 seconds left.
|
|t:|1783355911
|teamsize|p1|4
|teamsize|p2|4
|start
|switch|p1a: Basculegion|Basculegion, L50, M|100/100
|switch|p1b: Raichu|Raichu, L50, F|100/100
|switch|p2a: Whimsicott|Whimsicott, L50, M|100/100
|switch|p2b: Garchomp|Garchomp, L50, M|100/100
|turn|1
|
|t:|1783355935
|switch|p1b: Ninetales|Ninetales-Alola, L50, F|100/100
|-weather|Snowscape|[from] ability: Snow Warning|[of] p1b: Ninetales
|move|p2a: Whimsicott|Protect|p2a: Whimsicott
|-singleturn|p2a: Whimsicott|Protect
|move|p2b: Garchomp|Protect|p2b: Garchomp
|-singleturn|p2b: Garchomp|Protect
|move|p1a: Basculegion|Liquidation|p2b: Garchomp
|-activate|p2b: Garchomp|move: Protect
|
|-weather|Snowscape|[upkeep]
|upkeep
|turn|2
|inactive|devinlewisd has 30 seconds left.
|
|t:|1783355964
|move|p2a: Whimsicott|Tailwind|p2a: Whimsicott
|-sidestart|p2: vilan333|move: Tailwind
|move|p2b: Garchomp|Rock Slide|p1b: Ninetales|[spread] p1a,p1b
|-supereffective|p1b: Ninetales|1
|-damage|p1a: Basculegion|67/100
|-damage|p1b: Ninetales|53/100
|-damage|p2b: Garchomp|90/100|[from] item: Life Orb
|cant|p1a: Basculegion|flinch
|move|p1b: Ninetales|Freeze-Dry|p2a: Whimsicott
|-supereffective|p2a: Whimsicott|1
|-crit|p2a: Whimsicott
|-enditem|p2a: Whimsicott|Focus Sash
|-damage|p2a: Whimsicott|1/100
|
|-weather|Snowscape|[upkeep]
|upkeep
|turn|3
|inactive|vilan333 has 30 seconds left.
|
|t:|1783355991
|move|p2a: Whimsicott|Moonblast|p1b: Ninetales
|-damage|p1b: Ninetales|10/100
|move|p2b: Garchomp|Rock Slide|p1b: Ninetales|[spread] p1a,p1b
|-crit|p1a: Basculegion
|-supereffective|p1b: Ninetales|1
|-damage|p1a: Basculegion|20/100y
|-damage|p1b: Ninetales|0 fnt
|faint|p1b: Ninetales
|-damage|p2b: Garchomp|80/100|[from] item: Life Orb
|move|p1a: Basculegion|Liquidation|p2b: Garchomp
|-damage|p2b: Garchomp|23/100
|-damage|p1a: Basculegion|8/100|[from] ability: Rough Skin|[of] p2b: Garchomp
|
|-weather|Snowscape|[upkeep]
|upkeep
|
|t:|1783356005
|switch|p1b: Decidueye|Decidueye-Hisui, L50, M|100/100
|turn|4
|
|t:|1783356022
|move|p2a: Whimsicott|Moonblast|p1b: Decidueye
|-supereffective|p1b: Decidueye|1
|-damage|p1b: Decidueye|28/100
|move|p2b: Garchomp|Dragon Claw|p1a: Basculegion
|-damage|p1a: Basculegion|0 fnt
|faint|p1a: Basculegion
|-damage|p2b: Garchomp|14/100|[from] item: Life Orb
|move|p1b: Decidueye|Leaf Blade|p2b: Garchomp
|-damage|p2b: Garchomp|0 fnt
|-damage|p1b: Decidueye|15/100|[from] ability: Rough Skin|[of] p2b: Garchomp
|faint|p2b: Garchomp
|
|-weather|Snowscape|[upkeep]
|upkeep
|
|t:|1783356038
|switch|p2b: Charizard|Charizard, L50, F|100/100
|switch|p1a: Raichu|Raichu, L50, F|100/100
|turn|5
|
|t:|1783356051
|detailschange|p1a: Raichu|Raichu-Mega-Y, L50, F
|-mega|p1a: Raichu|Raichu|Raichunite Y
|move|p2a: Whimsicott|Protect|p2a: Whimsicott
|-singleturn|p2a: Whimsicott|Protect
|move|p2b: Charizard|Protect|p2b: Charizard
|-singleturn|p2b: Charizard|Protect
|move|p1a: Raichu|Zap Cannon|p2b: Charizard
|-activate|p2b: Charizard|move: Protect
|move|p1b: Decidueye|Triple Arrows|p2a: Whimsicott
|-activate|p2a: Whimsicott|move: Protect
|
|-weather|none
|-sideend|p2: vilan333|move: Tailwind
|upkeep
|turn|6
|
|t:|1783356076
|detailschange|p2b: Charizard|Charizard-Mega-Y, L50, F
|-mega|p2b: Charizard|Charizard|Charizardite Y
|-weather|SunnyDay|[from] ability: Drought|[of] p2b: Charizard
|move|p2a: Whimsicott|Tailwind|p2a: Whimsicott
|-sidestart|p2: vilan333|move: Tailwind
|move|p2b: Charizard|Heat Wave|p1b: Decidueye|[spread] p1a,p1b
|-supereffective|p1b: Decidueye|1
|-crit|p1b: Decidueye
|-damage|p1a: Raichu|0 fnt
|-damage|p1b: Decidueye|0 fnt
|faint|p1a: Raichu
|faint|p1b: Decidueye
|
|win|vilan333
|l|☆devinlewisd
|player|p1|
||devinlewisd is ready for game 2.
|inactive|vilan333 has 30 seconds to confirm battle start!
