|j|☆Talos2BA.G.
|j|☆viatles
|html|Talos2BA.G.viatles    
|uhtml|bestof|Game 2 of a best-of-3
|t:|1756239214
|gametype|doubles
|player|p1|Talos2BA.G.|lucian|1014
|player|p2|viatles|hiker|1057
|gen|9
|tier|[Gen 9] VGC 2025 Reg H (Bo3)
|rated|
|rule|Species Clause: Limit one of each Pokémon
|rule|Item Clause: Limit 1 of each item
|clearpoke
|poke|p1|Politoed, L50, M|
|poke|p1|Kingdra, L50, M|
|poke|p1|Gothitelle, L50, F|
|poke|p1|Incineroar, L50, M|
|poke|p1|Amoonguss, L50, F|
|poke|p1|Archaludon, L50, M|
|poke|p2|Oricorio-Sensu, L50, M|
|poke|p2|Volcarona, L50, F|
|poke|p2|Sylveon, L50, F|
|poke|p2|Murkrow, L50, M|
|poke|p2|Dragapult, L50, M|
|poke|p2|Baxcalibur, L50, M|
|teampreview|4
|showteam|p1|Politoed||Leftovers|Drizzle|WeatherBall,PerishSong,Protect,Encore|||M|||50|,,,,,Grass]Kingdra||LifeOrb|SwiftSwim|WeatherBall,MuddyWater,DracoMeteor,Protect|||M|||50|,,,,,Stellar]Gothitelle||SitrusBerry|ShadowTag|FakeOut,Psychic,Protect,TrickRoom|||F|||50|,,,,,Dark]Incineroar||SafetyGoggles|Intimidate|FakeOut,KnockOff,PartingShot,Protect|||M|||50|,,,,,Ghost]Amoonguss||EjectButton|Regenerator|PollenPuff,Spore,RagePowder,Protect|||F|||50|,,,,,Fairy]Archaludon||PowerHerb|Sturdy|ElectroShot,DragonPulse,FlashCannon,Protect|||M|||50|,,,,,Electric
|showteam|p2|Oricorio-Sensu||FocusSash|Dancer|QuiverDance,BatonPass,RevelationDance,Protect|||M|||50|,,,,,Fighting]Volcarona||SitrusBerry|FlameBody|QuiverDance,GigaDrain,FieryDance,Protect|||F|||50|,,,,,Grass]Sylveon||ChoiceScarf|Pixilate|HyperVoice,TeraBlast,StoredPower,SleepTalk|||F|||50|,,,,,Ground]Murkrow||Eviolite|Prankster|Tailwind,FoulPlay,Haze,FeatherDance|||M|||50|,,,,,Dark]Dragapult||CovertCloak|ClearBody|DragonCheer,DragonDarts,Protect,PhantomForce|||M|||50|,,,,,Stellar]Baxcalibur||LoadedDice|ThermalExchange|IcicleSpear,ScaleShot,GlaiveRush,Protect|||M|||50|,,,,,Grass
|inactive|Battle timer is ON: inactive players will automatically lose when time's up. (requested by Talos2BA.G.)
|
|t:|1756239224
|teamsize|p1|4
|teamsize|p2|4
|start
|switch|p1a: Kermit|Politoed, L50, M|100/100
|switch|p1b: Running wake|Kingdra, L50, M, shiny|100/100
|switch|p2a: Oricorio|Oricorio-Sensu, L50, M|100/100
|switch|p2b: Volcarona|Volcarona, L50, F|100/100
|-weather|RainDance|[from] ability: Drizzle|[of] p1a: Kermit
|turn|1
|inactive|viatles has 30 seconds left.
|
|t:|1756239249
|switch|p1a: nya:3|Incineroar, L50, M|100/100
|-ability|p1a: nya:3|Intimidate|boost
|-unboost|p2a: Oricorio|atk|1
|-unboost|p2b: Volcarona|atk|1
|-terastallize|p1b: Running wake|Stellar
|move|p2a: Oricorio|Protect|p2a: Oricorio
|-singleturn|p2a: Oricorio|Protect
|move|p1b: Running wake|Muddy Water|p2b: Volcarona|[spread] p2b
|-activate|p2a: Oricorio|move: Protect
|-supereffective|p2b: Volcarona
|-damage|p2b: Volcarona|0 fnt
|faint|p2b: Volcarona
|-damage|p1b: Running wake|90/100|[from] item: Life Orb
|
|-weather|RainDance|[upkeep]
|upkeep
|
|t:|1756239264
|switch|p2b: Dragapult|Dragapult, L50, M|100/100
|turn|2
|inactive|Talos2BA.G. has 30 seconds left.
|inactive|viatles has 30 seconds left.
|
|t:|1756239291
|move|p2b: Dragapult|Protect|p2b: Dragapult
|-singleturn|p2b: Dragapult|Protect
|move|p1b: Running wake|Draco Meteor|p2b: Dragapult
|-activate|p2b: Dragapult|move: Protect
|move|p2a: Oricorio|Revelation Dance|p1b: Running wake
|-damage|p1b: Running wake|40/100
|move|p1a: nya:3|Knock Off|p2a: Oricorio
|-supereffective|p2a: Oricorio
|-enditem|p2a: Oricorio|Focus Sash
|-damage|p2a: Oricorio|1/100
|
|-weather|RainDance|[upkeep]
|upkeep
|turn|3
|inactive|viatles has 30 seconds left.
|inactive|viatles has 20 seconds left.
|
|t:|1756239330
|-terastallize|p2a: Oricorio|Fighting
|move|p1b: Running wake|Muddy Water|p2b: Dragapult|[spread] p2a,p2b
|-resisted|p2b: Dragapult
|-damage|p2a: Oricorio|0 fnt
|-damage|p2b: Dragapult|61/100
|faint|p2a: Oricorio
|-damage|p1b: Running wake|30/100|[from] item: Life Orb
|move|p2b: Dragapult|Dragon Darts|p1b: Running wake
|-supereffective|p1b: Running wake
|-damage|p1b: Running wake|0 fnt
|-anim|p2b: Dragapult|Dragon Darts|p1a: nya:3
|-damage|p1a: nya:3|76/100
|faint|p1b: Running wake
|move|p1a: nya:3|Knock Off|p2b: Dragapult
|-supereffective|p2b: Dragapult
|-damage|p2b: Dragapult|0 fnt
|-enditem|p2b: Dragapult|Covert Cloak|[from] move: Knock Off|[of] p1a: nya:3
|faint|p2b: Dragapult
|
|-weather|RainDance|[upkeep]
|upkeep
|
|t:|1756239346
|switch|p2b: Sylveon|Sylveon, L50, F|100/100
|switch|p1b: Kermit|Politoed, L50, M|100/100
|turn|4
|
|t:|1756239359
|move|p2b: Sylveon|Hyper Voice|p1a: nya:3|[spread] p1a,p1b
|-damage|p1a: nya:3|44/100
|-damage|p1b: Kermit|70/100
|move|p1b: Kermit|Perish Song|p1b: Kermit
|-start|p1a: nya:3|perish3|[silent]
|-start|p1b: Kermit|perish3|[silent]
|-start|p2b: Sylveon|perish3|[silent]
|-fieldactivate|move: Perish Song
|move|p1a: nya:3|Parting Shot|p2b: Sylveon
|-unboost|p2b: Sylveon|atk|1
|-unboost|p2b: Sylveon|spa|1
|
|t:|1756239363
|switch|p1a: Wednesday|Gothitelle, L50, F|100/100|[from] Parting Shot
|
|-weather|RainDance|[upkeep]
|-heal|p1b: Kermit|76/100|[from] item: Leftovers
|-start|p2b: Sylveon|perish3
|-start|p1b: Kermit|perish3
|upkeep
|turn|5
|
|t:|1756239383
|move|p1a: Wednesday|Fake Out|p2b: Sylveon
|-damage|p2b: Sylveon|91/100
|cant|p2b: Sylveon|flinch
|move|p1b: Kermit|Weather Ball|p2b: Sylveon
|-damage|p2b: Sylveon|48/100
|
|-weather|none
|-heal|p1b: Kermit|82/100|[from] item: Leftovers
|-start|p2b: Sylveon|perish2
|-start|p1b: Kermit|perish2
|upkeep
|turn|6
|
|t:|1756239395
|move|p1b: Kermit|Protect|p1b: Kermit
|-singleturn|p1b: Kermit|Protect
|move|p1a: Wednesday|Protect|p1a: Wednesday
|-singleturn|p1a: Wednesday|Protect
|move|p2b: Sylveon|Hyper Voice|p1b: Kermit|[spread] 
|-activate|p1a: Wednesday|move: Protect
|-activate|p1b: Kermit|move: Protect
|
|-heal|p1b: Kermit|88/100|[from] item: Leftovers
|-start|p2b: Sylveon|perish1
|-start|p1b: Kermit|perish1
|upkeep
|turn|7
|
|t:|1756239407
|switch|p1b: nya:3|Incineroar, L50, M|44/100
|-ability|p1b: nya:3|Intimidate|boost
|-unboost|p2b: Sylveon|atk|1
|move|p2b: Sylveon|Hyper Voice|p1a: Wednesday|[spread] p1a,p1b
|-damage|p1a: Wednesday|81/100
|-damage|p1b: nya:3|21/100
|move|p1a: Wednesday|Trick Room|p1a: Wednesday
|-fieldstart|move: Trick Room|[of] p1a: Wednesday
|
|-start|p2b: Sylveon|perish0
|faint|p2b: Sylveon
|
|win|Talos2BA.G.
||viatles is ready for game 3.
|inactive|Talos2BA.G. has 30 seconds to confirm battle start!
||Talos2BA.G. is ready for game 3.
|uhtml|next|Next: Game 3 of 3
