|j|☆anonfy
|j|☆defrnm
|html|anonfydefrnm    
|uhtml|bestof|Game 1 of a best-of-3
|t:|1784892551
|gametype|doubles
|player|p1|anonfy|dawn|
|player|p2|defrnm|iris-gen5bw2|
|gen|9
|tier|[Gen 9 Champions] VGC 2026 Reg M-B (Bo3)
|rule|Species Clause: Limit one of each Pokémon
|rule|Item Clause: Limit 1 of each item
|clearpoke
|poke|p1|Basculegion, L50, M|
|poke|p1|Talonflame, L50, M|
|poke|p1|Kingambit, L50, F|
|poke|p1|Garchomp, L50, M|
|poke|p1|Gardevoir, L50, F|
|poke|p1|Maushold-Four, L50|
|poke|p2|Charizard, L50, M|
|poke|p2|Venusaur, L50, M|
|poke|p2|Aerodactyl, L50, F|
|poke|p2|Incineroar, L50, F|
|poke|p2|Garchomp, L50, M|
|poke|p2|Sneasler, L50, M|
|teampreview|4
|showteam|p1|Basculegion||ChoiceScarf|Adaptability|WaveCrash,LastRespects,FlipTurn,AquaJet|Jolly||M|||50|]Talonflame||SharpBeak|GaleWings|DualWingbeat,FlareBlitz,Tailwind,Protect|Jolly||M|||50|]Kingambit||ExpertBelt|Defiant|KowtowCleave,SuckerPunch,IronHead,LowKick|Jolly||F|||50|]Garchomp||LifeOrb|RoughSkin|DragonClaw,RockSlide,StompingTantrum,Protect|Jolly||M|||50|]Gardevoir||Gardevoirite|Trace|Psychic,HyperVoice,Protect,TrickRoom|Modest||F|||50|]Maushold-Four||FocusSash|FriendGuard|Taunt,Protect,FollowMe,SuperFang|Timid|||||50|
|showteam|p2|Charizard||CharizarditeY|Blaze|HeatWave,Protect,WeatherBall,HelpingHand|Modest||M|||50|]Venusaur||LifeOrb|Chlorophyll|SludgeBomb,Protect,EarthPower,SolarBeam|Modest||M|||50|]Aerodactyl||Aerodactylite|RockHead|Tailwind,RockSlide,DualWingbeat,WideGuard|Jolly||F|||50|]Incineroar||SitrusBerry|Intimidate|DarkestLariat,FakeOut,PartingShot,FlareBlitz|Impish||F|||50|]Garchomp||ChoiceScarf|RoughSkin|Earthquake,DragonClaw,RockSlide,StompingTantrum|Jolly||M|||50|]Sneasler||FocusSash|Unburden|CloseCombat,FakeOut,DireClaw,Coaching|Jolly||M|||50|
|inactive|Battle timer is ON: inactive players will automatically lose when time's up. (requested by defrnm)
|
|t:|1784892574
|teamsize|p1|4
|teamsize|p2|4
|start
|switch|p1a: Basculegion|Basculegion, L50, M|100/100
|switch|p1b: Talonflame|Talonflame, L50, M|100/100
|switch|p2a: Charizard|Charizard, L50, M|100/100
|switch|p2b: Aerodactyl|Aerodactyl, L50, F|100/100
|turn|1
|
|t:|1784892603
|detailschange|p2a: Charizard|Charizard-Mega-Y, L50, M
|-mega|p2a: Charizard|Charizard|Charizardite Y
|-weather|SunnyDay|[from] ability: Drought|[of] p2a: Charizard
|move|p1b: Talonflame|Dual Wingbeat|p2a: Charizard
|-damage|p2a: Charizard|79/100
|-damage|p2a: Charizard|62/100
|-hitcount|p2a: Charizard|2
|move|p1a: Basculegion|Wave Crash|p2a: Charizard
|-supereffective|p2a: Charizard|1
|-damage|p2a: Charizard|0 fnt
|faint|p2a: Charizard
|-damage|p1a: Basculegion|81/100|[from] Recoil
|move|p2b: Aerodactyl|Rock Slide|p1a: Basculegion|[spread] p1a,p1b
|-supereffective|p1b: Talonflame|2
|-damage|p1a: Basculegion|57/100
|-damage|p1b: Talonflame|0 fnt
|faint|p1b: Talonflame
|
|-weather|SunnyDay|[upkeep]
|upkeep
|
|t:|1784892622
|switch|p1b: Gardevoir|Gardevoir, L50, F|100/100
|switch|p2a: Venusaur|Venusaur, L50, M|100/100
|-ability|p1b: Gardevoir|Rock Head|Trace|[from] ability: Trace|[of] p2b: Aerodactyl
|turn|2
|
|t:|1784892642
|detailschange|p1b: Gardevoir|Gardevoir-Mega, L50, F
|-mega|p1b: Gardevoir|Gardevoir|Gardevoirite
|move|p2a: Venusaur|Sludge Bomb|p1b: Gardevoir
|-supereffective|p1b: Gardevoir|1
|-damage|p1b: Gardevoir|1/100
|-damage|p2a: Venusaur|90/100|[from] item: Life Orb
|move|p1a: Basculegion|Wave Crash|p2b: Aerodactyl
|-supereffective|p2b: Aerodactyl|1
|-damage|p2b: Aerodactyl|0 fnt
|faint|p2b: Aerodactyl
|-damage|p1a: Basculegion|27/100|[from] Recoil
|move|p1b: Gardevoir|Trick Room|p1b: Gardevoir
|-fieldstart|move: Trick Room|[of] p1b: Gardevoir
|
|-weather|SunnyDay|[upkeep]
|upkeep
|
|t:|1784892654
|switch|p2b: Incineroar|Incineroar, L50, F|100/100
|-ability|p2b: Incineroar|Intimidate|boost
|-unboost|p1a: Basculegion|atk|1
|-unboost|p1b: Gardevoir|atk|1
|turn|3
|inactive|defrnm has 30 seconds left.
|
|t:|1784892679
|move|p1b: Gardevoir|Protect|p1b: Gardevoir
|-singleturn|p1b: Gardevoir|Protect
|move|p2a: Venusaur|Protect|p2a: Venusaur
|-singleturn|p2a: Venusaur|Protect
|move|p2b: Incineroar|Darkest Lariat|p1a: Basculegion
|-supereffective|p1a: Basculegion|1
|-damage|p1a: Basculegion|0 fnt
|faint|p1a: Basculegion
|
|-weather|SunnyDay|[upkeep]
|upkeep
|
|t:|1784892689
|switch|p1a: Garchomp|Garchomp, L50, M|100/100
|turn|4
|
|t:|1784892699
|move|p1b: Gardevoir|Protect||[still]
|-fail|p1b: Gardevoir
|move|p2b: Incineroar|Darkest Lariat|p1b: Gardevoir
|-damage|p1b: Gardevoir|0 fnt
|faint|p1b: Gardevoir
|move|p1a: Garchomp|Stomping Tantrum|p2b: Incineroar
|-supereffective|p2b: Incineroar|1
|-damage|p2b: Incineroar|22/100
|-enditem|p2b: Incineroar|Sitrus Berry|[eat]
|-heal|p2b: Incineroar|47/100|[from] item: Sitrus Berry
|-damage|p1a: Garchomp|90/100|[from] item: Life Orb
|move|p2a: Venusaur|Solar Beam||[still]
|-prepare|p2a: Venusaur|Solar Beam
|-anim|p2a: Venusaur|Solar Beam|p1a: Garchomp
|-damage|p1a: Garchomp|8/100
|-damage|p2a: Venusaur|81/100|[from] item: Life Orb
|
|-weather|SunnyDay|[upkeep]
|upkeep
|turn|5
|
|t:|1784892716
|move|p2b: Incineroar|Darkest Lariat|p1a: Garchomp
|-damage|p1a: Garchomp|0 fnt
|-damage|p2b: Incineroar|35/100|[from] ability: Rough Skin|[of] p1a: Garchomp
|faint|p1a: Garchomp
|
|win|defrnm
||anonfy is ready for game 2.
||defrnm is ready for game 2.
|uhtml|next|Next: Game 2 of 3
|l|☆defrnm
|player|p2|
|j|☆defrnm
|player|p2|defrnm|iris-gen5bw2|
