|j|☆Tomo05
|j|☆Calabria_Fan
|html|Tomo05Calabria_Fan    
|uhtml|bestof|Game 3 of a best-of-3
|t:|1756390076
|gametype|doubles
|player|p1|Tomo05|169|1298
|player|p2|Calabria_Fan|101|1369
|gen|9
|tier|[Gen 9] VGC 2025 Reg H (Bo3)
|rated|
|rule|Species Clause: Limit one of each Pokémon
|rule|Item Clause: Limit 1 of each item
|clearpoke
|poke|p1|Volcarona, L50, M|
|poke|p1|Rillaboom, L50, M|
|poke|p1|Archaludon, L50, M|
|poke|p1|Basculegion, L50, M|
|poke|p1|Politoed, L50, F|
|poke|p1|Comfey, L50, F|
|poke|p2|Basculegion, L50, M|
|poke|p2|Pelipper, L50, M|
|poke|p2|Archaludon, L50, M|
|poke|p2|Incineroar, L50, M|
|poke|p2|Gholdengo, L50|
|poke|p2|Amoonguss, L50, M|
|teampreview|4
|showteam|p1|Volcarona||RockyHelmet|FlameBody|Tailwind,RagePowder,Overheat,StruggleBug|||M|||50|,,,,,Water]Rillaboom||LoadedDice|GrassySurge|FakeOut,GrassyGlide,BulletSeed,Taunt|||M|||50|,,,,,Fire]Archaludon||AssaultVest|Stamina|ElectroShot,FlashCannon,DragonPulse,BodyPress|||M|||50|,,,,,Grass]Basculegion||ChoiceBand|SwiftSwim|WaveCrash,LastRespects,FlipTurn,AquaJet|||M|||50|,,,,,Grass]Politoed||Leftovers|Drizzle|Protect,Haze,HelpingHand,MuddyWater|||F|||50|,,,,,Poison]Comfey||WikiBerry|Triage|Protect,FloralHealing,TrickRoom,DrainingKiss|||F|||50|,,,,,Steel
|showteam|p2|Basculegion||ChoiceBand|SwiftSwim|WaveCrash,AquaJet,FlipTurn,LastRespects|||M|||50|,,,,,Water]Pelipper||FocusSash|Drizzle|WeatherBall,Hurricane,Tailwind,Protect|||M|||50|,,,,,Ghost]Archaludon||AssaultVest|Stamina|ElectroShot,DragonPulse,FlashCannon,BodyPress|||M|||50|,,,,,Grass]Incineroar||SafetyGoggles|Intimidate|FakeOut,KnockOff,Taunt,PartingShot|||M|||50|,,,,,Ghost]Gholdengo||LifeOrb|GoodasGold|MakeItRain,ShadowBall,NastyPlot,Protect||||||50|,,,,,Water]Amoonguss||SitrusBerry|Regenerator|RagePowder,Spore,PollenPuff,Protect|||M|||50|,,,,,Psychic
|
|t:|1756390141
|teamsize|p1|4
|teamsize|p2|4
|start
|switch|p1a: Volcarona|Volcarona, L50, M|100/100
|switch|p1b: Rillaboom|Rillaboom, L50, M|100/100
|switch|p2a: Amoonguss|Amoonguss, L50, M|100/100
|switch|p2b: Gholdengo|Gholdengo, L50|100/100
|-fieldstart|move: Grassy Terrain|[from] ability: Grassy Surge|[of] p1b: Rillaboom
|turn|1
|
|t:|1756390198
|switch|p2a: Pelipper|Pelipper, L50, M|100/100
|-weather|RainDance|[from] ability: Drizzle|[of] p2a: Pelipper
|move|p1a: Volcarona|Struggle Bug|p2a: Pelipper|[spread] p2a,p2b
|-resisted|p2a: Pelipper
|-resisted|p2b: Gholdengo
|-damage|p2a: Pelipper|87/100
|-damage|p2b: Gholdengo|97/100
|-unboost|p2a: Pelipper|spa|1
|-unboost|p2b: Gholdengo|spa|1
|move|p2b: Gholdengo|Nasty Plot|p2b: Gholdengo
|-boost|p2b: Gholdengo|spa|2
|move|p1b: Rillaboom|Taunt|p2a: Pelipper
|-start|p2a: Pelipper|move: Taunt
|
|-weather|RainDance|[upkeep]
|-heal|p2b: Gholdengo|100/100|[from] Grassy Terrain
|upkeep
|turn|2
|
|t:|1756390276
|switch|p1b: Archaludon|Archaludon, L50, M|100/100
|switch|p2a: Archaludon|Archaludon, L50, M|100/100
|move|p1a: Volcarona|Struggle Bug|p2a: Archaludon|[spread] p2a,p2b
|-resisted|p2a: Archaludon
|-resisted|p2b: Gholdengo
|-damage|p2a: Archaludon|95/100
|-damage|p2b: Gholdengo|97/100
|-unboost|p2a: Archaludon|spa|1
|-unboost|p2b: Gholdengo|spa|1
|-ability|p2a: Archaludon|Stamina|boost
|-boost|p2a: Archaludon|def|1
|move|p2b: Gholdengo|Nasty Plot|p2b: Gholdengo
|-boost|p2b: Gholdengo|spa|2
|
|-weather|RainDance|[upkeep]
|-heal|p2b: Gholdengo|100/100|[from] Grassy Terrain
|-heal|p2a: Archaludon|100/100|[from] Grassy Terrain
|upkeep
|turn|3
|
|t:|1756390293
|move|p1a: Volcarona|Struggle Bug|p2b: Gholdengo|[spread] p2a,p2b
|-resisted|p2a: Archaludon
|-resisted|p2b: Gholdengo
|-damage|p2a: Archaludon|94/100
|-damage|p2b: Gholdengo|97/100
|-unboost|p2a: Archaludon|spa|1
|-unboost|p2b: Gholdengo|spa|1
|-ability|p2a: Archaludon|Stamina|boost
|-boost|p2a: Archaludon|def|1
|move|p2b: Gholdengo|Shadow Ball|p1b: Archaludon
|-damage|p1b: Archaludon|45/100
|-ability|p1b: Archaludon|Stamina|boost
|-boost|p1b: Archaludon|def|1
|-damage|p2b: Gholdengo|87/100|[from] item: Life Orb
|move|p2a: Archaludon|Electro Shot||[still]
|-prepare|p2a: Archaludon|Electro Shot
|-boost|p2a: Archaludon|spa|1
|-anim|p2a: Archaludon|Electro Shot|p1a: Volcarona
|-damage|p1a: Volcarona|73/100
|move|p1b: Archaludon|Electro Shot||[still]
|-prepare|p1b: Archaludon|Electro Shot
|-boost|p1b: Archaludon|spa|1
|-anim|p1b: Archaludon|Electro Shot|p2b: Gholdengo
|-damage|p2b: Gholdengo|26/100
|
|-weather|RainDance|[upkeep]
|-heal|p1a: Volcarona|80/100|[from] Grassy Terrain
|-heal|p2b: Gholdengo|32/100|[from] Grassy Terrain
|-heal|p2a: Archaludon|99/100|[from] Grassy Terrain
|-heal|p1b: Archaludon|51/100|[from] Grassy Terrain
|upkeep
|turn|4
|
|t:|1756390352
|-terastallize|p2a: Archaludon|Grass
|move|p2b: Gholdengo|Protect|p2b: Gholdengo
|-singleturn|p2b: Gholdengo|Protect
|move|p1a: Volcarona|Tailwind|p1a: Volcarona
|-sidestart|p1: Tomo05|move: Tailwind
|move|p1b: Archaludon|Electro Shot||[still]
|-prepare|p1b: Archaludon|Electro Shot
|-boost|p1b: Archaludon|spa|1
|-anim|p1b: Archaludon|Electro Shot|p2b: Gholdengo
|-activate|p2b: Gholdengo|move: Protect
|move|p2a: Archaludon|Body Press|p1b: Archaludon
|-supereffective|p1b: Archaludon
|-damage|p1b: Archaludon|6/100
|-ability|p1b: Archaludon|Stamina|boost
|-boost|p1b: Archaludon|def|1
|
|-weather|RainDance|[upkeep]
|-heal|p1a: Volcarona|86/100|[from] Grassy Terrain
|-heal|p1b: Archaludon|12/100|[from] Grassy Terrain
|-heal|p2b: Gholdengo|38/100|[from] Grassy Terrain
|-heal|p2a: Archaludon|100/100|[from] Grassy Terrain
|upkeep
|turn|5
|
|t:|1756390395
|move|p1a: Volcarona|Rage Powder|p1a: Volcarona
|-singleturn|p1a: Volcarona|move: Rage Powder
|move|p1b: Archaludon|Electro Shot||[still]
|-prepare|p1b: Archaludon|Electro Shot
|-boost|p1b: Archaludon|spa|1
|-anim|p1b: Archaludon|Electro Shot|p2b: Gholdengo
|-damage|p2b: Gholdengo|0 fnt
|faint|p2b: Gholdengo
|move|p2a: Archaludon|Body Press|p1b: Archaludon
|-supereffective|p1b: Archaludon
|-damage|p1b: Archaludon|0 fnt
|faint|p1b: Archaludon
|
|-weather|none
|-heal|p1a: Volcarona|92/100|[from] Grassy Terrain
|-fieldend|move: Grassy Terrain
|upkeep
|
|t:|1756390405
|switch|p2b: Pelipper|Pelipper, L50, M|87/100
|switch|p1b: Rillaboom|Rillaboom, L50, M|100/100
|-fieldstart|move: Grassy Terrain|[from] ability: Grassy Surge|[of] p1b: Rillaboom
|-weather|RainDance|[from] ability: Drizzle|[of] p2b: Pelipper
|turn|6
|
|t:|1756390419
|switch|p2b: Amoonguss|Amoonguss, L50, M|100/100
|move|p1a: Volcarona|Struggle Bug|p2a: Archaludon|[spread] p2a,p2b
|-supereffective|p2a: Archaludon
|-damage|p2a: Archaludon|78/100
|-damage|p2b: Amoonguss|87/100
|-unboost|p2a: Archaludon|spa|1
|-unboost|p2b: Amoonguss|spa|1
|-ability|p2a: Archaludon|Stamina|boost
|-boost|p2a: Archaludon|def|1
|move|p1b: Rillaboom|Bullet Seed|p2b: Amoonguss
|-resisted|p2b: Amoonguss
|-damage|p2b: Amoonguss|83/100
|-resisted|p2b: Amoonguss
|-damage|p2b: Amoonguss|79/100
|-resisted|p2b: Amoonguss
|-damage|p2b: Amoonguss|74/100
|-resisted|p2b: Amoonguss
|-damage|p2b: Amoonguss|70/100
|-hitcount|p2b: Amoonguss|4
|move|p2a: Archaludon|Electro Shot||[still]
|-prepare|p2a: Archaludon|Electro Shot
|-boost|p2a: Archaludon|spa|1
|-anim|p2a: Archaludon|Electro Shot|p1a: Volcarona
|-damage|p1a: Volcarona|65/100
|
|-weather|RainDance|[upkeep]
|-heal|p1a: Volcarona|71/100|[from] Grassy Terrain
|-heal|p2a: Archaludon|84/100|[from] Grassy Terrain
|-heal|p2b: Amoonguss|76/100|[from] Grassy Terrain
|upkeep
|turn|7
|
|t:|1756390440
|move|p1a: Volcarona|Struggle Bug|p2b: Amoonguss|[spread] p2a,p2b
|-supereffective|p2a: Archaludon
|-damage|p2a: Archaludon|58/100
|-damage|p2b: Amoonguss|63/100
|-unboost|p2a: Archaludon|spa|1
|-unboost|p2b: Amoonguss|spa|1
|-ability|p2a: Archaludon|Stamina|boost
|-boost|p2a: Archaludon|def|1
|move|p1b: Rillaboom|Taunt|p2b: Amoonguss
|-start|p2b: Amoonguss|move: Taunt
|move|p2a: Archaludon|Electro Shot||[still]
|-prepare|p2a: Archaludon|Electro Shot
|-boost|p2a: Archaludon|spa|1
|-anim|p2a: Archaludon|Electro Shot|p1a: Volcarona
|-damage|p1a: Volcarona|44/100
|move|p2b: Amoonguss|Pollen Puff|p2a: Archaludon
|-heal|p2a: Archaludon|100/100
|
|-weather|RainDance|[upkeep]
|-heal|p1a: Volcarona|50/100|[from] Grassy Terrain
|-heal|p2b: Amoonguss|69/100|[from] Grassy Terrain
|-sideend|p1: Tomo05|move: Tailwind
|upkeep
|turn|8
|
|t:|1756390478
|switch|p1b: Comfey|Comfey, L50, F|100/100
|move|p1a: Volcarona|Struggle Bug|p2b: Amoonguss|[spread] p2a,p2b
|-supereffective|p2a: Archaludon
|-damage|p2a: Archaludon|78/100
|-damage|p2b: Amoonguss|54/100
|-unboost|p2a: Archaludon|spa|1
|-unboost|p2b: Amoonguss|spa|1
|-ability|p2a: Archaludon|Stamina|boost
|-boost|p2a: Archaludon|def|1
|move|p2a: Archaludon|Body Press|p1b: Comfey
|-resisted|p1b: Comfey
|-damage|p1b: Comfey|65/100
|move|p2b: Amoonguss|Pollen Puff|p2a: Archaludon
|-heal|p2a: Archaludon|100/100
|
|-weather|RainDance|[upkeep]
|-heal|p1a: Volcarona|56/100|[from] Grassy Terrain
|-heal|p1b: Comfey|71/100|[from] Grassy Terrain
|-heal|p2b: Amoonguss|60/100|[from] Grassy Terrain
|upkeep
|turn|9
|
|t:|1756390509
|move|p1b: Comfey|Floral Healing|p1a: Volcarona
|-heal|p1a: Volcarona|100/100
|move|p1a: Volcarona|Rage Powder|p1a: Volcarona
|-singleturn|p1a: Volcarona|move: Rage Powder
|move|p2a: Archaludon|Body Press|p1b: Comfey
|-resisted|p1b: Comfey
|-damage|p1b: Comfey|35/100
|move|p2b: Amoonguss|Pollen Puff|p2a: Archaludon
|
|-weather|RainDance|[upkeep]
|-heal|p1b: Comfey|40/100|[from] Grassy Terrain
|-heal|p2b: Amoonguss|66/100|[from] Grassy Terrain
|-end|p2b: Amoonguss|move: Taunt
|upkeep
|turn|10
|
|t:|1756390538
|switch|p1b: Rillaboom|Rillaboom, L50, M|100/100
|move|p1a: Volcarona|Overheat|p2b: Amoonguss
|-supereffective|p2b: Amoonguss
|-damage|p2b: Amoonguss|19/100
|-unboost|p1a: Volcarona|spa|2
|-enditem|p2b: Amoonguss|Sitrus Berry|[eat]
|-heal|p2b: Amoonguss|43/100|[from] item: Sitrus Berry
|move|p2a: Archaludon|Body Press|p1b: Rillaboom
|-damage|p1b: Rillaboom|7/100
|move|p2b: Amoonguss|Pollen Puff|p1b: Rillaboom
|-supereffective|p1b: Rillaboom
|-crit|p1b: Rillaboom
|-damage|p1b: Rillaboom|0 fnt
|faint|p1b: Rillaboom
|
|-weather|none
|-heal|p2b: Amoonguss|49/100|[from] Grassy Terrain
|-fieldend|move: Grassy Terrain
|upkeep
|
|t:|1756390542
|switch|p1b: Comfey|Comfey, L50, F|40/100
|turn|11
|
|t:|1756390560
|switch|p2b: Pelipper|Pelipper, L50, M|87/100
|-weather|RainDance|[from] ability: Drizzle|[of] p2b: Pelipper
|move|p1b: Comfey|Draining Kiss|p2a: Archaludon
|-damage|p2a: Archaludon|89/100
|-heal|p1b: Comfey|51/100|[from] drain|[of] p2a: Archaludon
|-ability|p2a: Archaludon|Stamina|boost
|-boost|p2a: Archaludon|def|1
|move|p1a: Volcarona|Overheat|p2a: Archaludon
|-supereffective|p2a: Archaludon
|-damage|p2a: Archaludon|68/100
|-unboost|p1a: Volcarona|spa|2
|move|p2a: Archaludon|Body Press|p1b: Comfey
|-resisted|p1b: Comfey
|-damage|p1b: Comfey|6/100
|-enditem|p1b: Comfey|Wiki Berry|[eat]
|-heal|p1b: Comfey|38/100|[from] item: Wiki Berry
|
|-weather|RainDance|[upkeep]
|upkeep
|turn|12
|
|t:|1756390612
|-terastallize|p1a: Volcarona|Water
|move|p1b: Comfey|Draining Kiss|p2a: Archaludon
|-damage|p2a: Archaludon|57/100
|-heal|p1b: Comfey|49/100|[from] drain|[of] p2a: Archaludon
|move|p1a: Volcarona|Overheat|p2a: Archaludon
|-supereffective|p2a: Archaludon
|-damage|p2a: Archaludon|43/100
|-unboost|p1a: Volcarona|spa|2
|move|p2b: Pelipper|Weather Ball|p1a: Volcarona
|-resisted|p1a: Volcarona
|-damage|p1a: Volcarona|73/100
|move|p2a: Archaludon|Body Press|p1b: Comfey
|-resisted|p1b: Comfey
|-damage|p1b: Comfey|1/100
|
|-weather|RainDance|[upkeep]
|upkeep
|turn|13
|
|t:|1756390652
|move|p1b: Comfey|Protect|p1b: Comfey
|-singleturn|p1b: Comfey|Protect
|move|p1a: Volcarona|Overheat|p2a: Archaludon
|-supereffective|p2a: Archaludon
|-damage|p2a: Archaludon|33/100
|move|p2b: Pelipper|Hurricane|p1b: Comfey
|-activate|p1b: Comfey|move: Protect
|move|p2a: Archaludon|Body Press|p1a: Volcarona
|-damage|p1a: Volcarona|0 fnt
|-damage|p2a: Archaludon|16/100|[from] item: Rocky Helmet|[of] p1a: Volcarona
|faint|p1a: Volcarona
|
|-weather|RainDance|[upkeep]
|upkeep
|turn|14
|-message|Tomo05 forfeited.
|
|win|Calabria_Fan
|raw|Tomo05's rating: 1298 → 1278(-20 for losing)
|raw|Calabria_Fan's rating: 1369 → 1385(+16 for winning)
|l|☆Tomo05
|player|p1|
