|j|☆PaniniWeenie
|j|☆The_AG_Is_Real
|html|PaniniWeenieThe_AG_Is_Real    
|uhtml|bestof|Game 1 of a best-of-3
|t:|1783269270
|gametype|doubles
|player|p1|PaniniWeenie|170|
|player|p2|The_AG_Is_Real|rika|
|gen|9
|tier|[Gen 9 Champions] VGC 2026 Reg M-B (Bo3)
|rule|Species Clause: Limit one of each Pokémon
|rule|Item Clause: Limit 1 of each item
|clearpoke
|poke|p1|Kingambit, L50, F|
|poke|p1|Sneasler, L50, M|
|poke|p1|Incineroar, L50, F|
|poke|p1|Sinistcha, L50|
|poke|p1|Floette-Eternal, L50, F|
|poke|p1|Delphox, L50, M|
|poke|p2|Floette-Eternal, L50, F|
|poke|p2|Kommo-o, L50, M|
|poke|p2|Kingambit, L50, M|
|poke|p2|Maushold, L50|
|poke|p2|Incineroar, L50, M|
|poke|p2|Basculegion, L50, M|
|teampreview|4
|showteam|p1|Kingambit||BlackGlasses|Defiant|KowtowCleave,SuckerPunch,SwordsDance,Protect|Adamant||F|||50|]Sneasler||FocusSash|PoisonTouch|FakeOut,PoisonJab,CloseCombat,QuickGuard|Jolly||M|||50|]Incineroar||SitrusBerry|Intimidate|FlareBlitz,PartingShot,HelpingHand,FakeOut|Careful||F|||50|]Sinistcha||ColburBerry|Hospitality|MatchaGotcha,RagePowder,TrickRoom,Protect|Bold|||||50|]Floette-Eternal||Floettite|FlowerVeil|DazzlingGleam,DrainingKiss,CalmMind,Protect|Modest||F|||50|]Delphox||Delphoxite|Blaze|HeatWave,Psyshock,NastyPlot,Protect|Timid||M|||50|
|showteam|p2|Floette-Eternal||Floettite|FlowerVeil|DrainingKiss,DazzlingGleam,CalmMind,Protect|Modest||F|||50|]Kommo-o||Leftovers|Soundproof|ClangingScales,AuraSphere,ClangorousSoul,Protect|Modest||M|||50|]Kingambit||BlackGlasses|Defiant|KowtowCleave,SuckerPunch,IronHead,Protect|Adamant||M|||50|]Maushold||ChopleBerry|FriendGuard|FollowMe,HelpingHand,Feint,Protect|Impish|||||50|]Incineroar||SitrusBerry|Intimidate|FlareBlitz,DarkestLariat,FakeOut,PartingShot|Adamant||M|||50|]Basculegion||ChoiceScarf|Adaptability|FlipTurn,AquaJet,WaveCrash,LastRespects|Jolly||M|||50|
|inactive|Battle timer is ON: inactive players will automatically lose when time's up. (requested by The_AG_Is_Real)
|c|☆The_AG_Is_Real|glhf :)
|c|☆PaniniWeenie|glhf!
|j| Loomo
|inactive|PaniniWeenie has 60 seconds left.
|inactive|The_AG_Is_Real has 60 seconds left.
|j| philjonesvgc
|j| delucieous
|j| DDXDonYT
|n| Cynthia's grippers|ddxdonyt
|inactive|PaniniWeenie has 30 seconds left.
|inactive|The_AG_Is_Real has 30 seconds left.
|c| Cynthia's grippers|Glhf
|
|t:|1783269340
|teamsize|p1|4
|teamsize|p2|4
|start
|switch|p1a: Incineroar|Incineroar, L50, F|100/100
|switch|p1b: Floette|Floette-Eternal, L50, F|100/100
|switch|p2a: Floette|Floette-Eternal, L50, F|100/100
|switch|p2b: Kaidou|Basculegion, L50, M|100/100
|-ability|p1a: Incineroar|Intimidate|boost
|-unboost|p2a: Floette|atk|1
|-unboost|p2b: Kaidou|atk|1
|turn|1
|j| munchie2ff
|
|t:|1783269363
|detailschange|p1b: Floette|Floette-Mega, L50, F
|-mega|p1b: Floette|Floette|Floettite
|-ability|p1b: Floette|Fairy Aura
|detailschange|p2a: Floette|Floette-Mega, L50, F
|-mega|p2a: Floette|Floette|Floettite
|-ability|p2a: Floette|Fairy Aura
|move|p1a: Incineroar|Fake Out|p2a: Floette
|-damage|p2a: Floette|87/100
|move|p2b: Kaidou|Flip Turn|p1a: Incineroar
|-supereffective|p1a: Incineroar|1
|-damage|p1a: Incineroar|54/100
|
|t:|1783269370
|switch|p2b: Usagi|Incineroar, L50, M|100/100|[from] Flip Turn
|-ability|p2b: Usagi|Intimidate|boost
|-unboost|p1a: Incineroar|atk|1
|-unboost|p1b: Floette|atk|1
|move|p1b: Floette|Calm Mind|p1b: Floette
|-boost|p1b: Floette|spa|1
|-boost|p1b: Floette|spd|1
|cant|p2a: Floette|flinch
|
|upkeep
|turn|2
|
|t:|1783269383
|move|p2b: Usagi|Fake Out|p1b: Floette
|-damage|p1b: Floette|86/100
|cant|p1b: Floette|flinch
|move|p2a: Floette|Calm Mind|p2a: Floette
|-boost|p2a: Floette|spa|1
|-boost|p2a: Floette|spd|1
|move|p1a: Incineroar|Parting Shot|p2a: Floette
|-unboost|p2a: Floette|atk|1
|-unboost|p2a: Floette|spa|1
|
|t:|1783269393
|switch|p1a: Sneasler|Sneasler, L50, M|100/100|[from] Parting Shot
|
|upkeep
|turn|3
|l| Cynthia's grippers
|inactive|The_AG_Is_Real has 30 seconds left.
|j| oscar rafonee
|inactive|The_AG_Is_Real has 20 seconds left.
|
|t:|1783269433
|move|p2a: Floette|Protect|p2a: Floette
|-singleturn|p2a: Floette|Protect
|move|p1a: Sneasler|Close Combat|p2b: Usagi
|-supereffective|p2b: Usagi|1
|-damage|p2b: Usagi|0 fnt
|-unboost|p1a: Sneasler|def|1
|-unboost|p1a: Sneasler|spd|1
|faint|p2b: Usagi
|move|p1b: Floette|Dazzling Gleam|p2a: Floette
|-activate|p2a: Floette|move: Protect
|
|upkeep
|
|t:|1783269444
|switch|p2b: Kaidou|Basculegion, L50, M|100/100
|turn|4
|l| oscar rafonee
|j| RadiantSteelix
|
|t:|1783269461
|switch|p1a: Incineroar|Incineroar, L50, F|54/100
|-ability|p1a: Incineroar|Intimidate|boost
|-unboost|p2a: Floette|atk|1
|-unboost|p2b: Kaidou|atk|1
|move|p2b: Kaidou|Flip Turn|p1a: Incineroar
|-supereffective|p1a: Incineroar|1
|-damage|p1a: Incineroar|8/100
|-enditem|p1a: Incineroar|Sitrus Berry|[eat]
|-heal|p1a: Incineroar|33/100|[from] item: Sitrus Berry
|
|t:|1783269467
|switch|p2b: DragonaJstar|Maushold, L50|100/100|[from] Flip Turn
|move|p1b: Floette|Draining Kiss|p2b: DragonaJstar
|-damage|p2b: DragonaJstar|33/100
|-heal|p1b: Floette|100/100|[from] drain|[of] p2b: DragonaJstar
|move|p2a: Floette|Draining Kiss|p1b: Floette
|-damage|p1b: Floette|77/100
|-heal|p2a: Floette|100/100|[from] drain|[of] p1b: Floette
|
|upkeep
|turn|5
|j| escaperoomvgc
|
|t:|1783269487
|switch|p2b: Kaidou|Basculegion, L50, M|100/100
|move|p2a: Floette|Protect|p2a: Floette
|-singleturn|p2a: Floette|Protect
|move|p1a: Incineroar|Fake Out|p2a: Floette
|-activate|p2a: Floette|move: Protect
|move|p1b: Floette|Calm Mind|p1b: Floette
|-boost|p1b: Floette|spa|1
|-boost|p1b: Floette|spd|1
|
|upkeep
|turn|6
|j| p2ursaslop
|
|t:|1783269511
|move|p1b: Floette|Protect|p1b: Floette
|-singleturn|p1b: Floette|Protect
|move|p2b: Kaidou|Wave Crash|p1b: Floette
|-activate|p1b: Floette|move: Protect
|move|p2a: Floette|Dazzling Gleam|p1a: Incineroar|[spread] p1a
|-activate|p1b: Floette|move: Protect
|-damage|p1a: Incineroar|0 fnt
|faint|p1a: Incineroar
|
|upkeep
|
|t:|1783269520
|switch|p1a: Sinistcha|Sinistcha, L50|100/100
|-heal|p1b: Floette|100/100|[from] ability: Hospitality|[of] p1a: Sinistcha
|turn|7
|
|t:|1783269532
|switch|p2b: DragonaJstar|Maushold, L50|33/100
|move|p1a: Sinistcha|Rage Powder|p1a: Sinistcha
|-singleturn|p1a: Sinistcha|move: Rage Powder
|move|p1b: Floette|Dazzling Gleam|p2b: DragonaJstar|[spread] p2a,p2b
|-damage|p2a: Floette|62/100
|-damage|p2b: DragonaJstar|0 fnt
|faint|p2b: DragonaJstar
|move|p2a: Floette|Calm Mind|p2a: Floette
|-boost|p2a: Floette|spa|1
|-boost|p2a: Floette|spd|1
|
|upkeep
|
|t:|1783269540
|switch|p2b: Kaidou|Basculegion, L50, M|100/100
|turn|8
|
|t:|1783269555
|move|p1a: Sinistcha|Rage Powder|p1a: Sinistcha
|-singleturn|p1a: Sinistcha|move: Rage Powder
|move|p2b: Kaidou|Last Respects|p1a: Sinistcha
|-supereffective|p1a: Sinistcha|1
|-damage|p1a: Sinistcha|0 fnt
|faint|p1a: Sinistcha
|move|p1b: Floette|Dazzling Gleam|p2a: Floette|[spread] p2a,p2b
|-damage|p2a: Floette|22/100
|-damage|p2b: Kaidou|0 fnt
|faint|p2b: Kaidou
|move|p2a: Floette|Draining Kiss|p1b: Floette
|-damage|p1b: Floette|77/100
|-heal|p2a: Floette|39/100|[from] drain|[of] p1b: Floette
|
|upkeep
|l| delucieous
|
|t:|1783269563
|switch|p1a: Sneasler|Sneasler, L50, M|100/100
|turn|9
|
|t:|1783269568
|move|p2a: Floette|Protect|p2a: Floette
|-singleturn|p2a: Floette|Protect
|move|p1a: Sneasler|Poison Jab|p2a: Floette
|-activate|p2a: Floette|move: Protect
|move|p1b: Floette|Draining Kiss|p2a: Floette
|-activate|p2a: Floette|move: Protect
|
|upkeep
|turn|10
|
|t:|1783269573
|move|p1a: Sneasler|Poison Jab|p2a: Floette
|-supereffective|p2a: Floette|1
|-damage|p2a: Floette|0 fnt
|faint|p2a: Floette
|
|win|PaniniWeenie
||PaniniWeenie is ready for game 2.
||The_AG_Is_Real is ready for game 2.
|uhtml|next|Next: Game 2 of 3
|l|☆The_AG_Is_Real
|player|p2|
|l| philjonesvgc
|l| RadiantSteelix
|l| munchie2ff
|l| Loomo
|l| escaperoomvgc
