|j|☆lordtentacle69
|j|☆ggfsb
|html|lordtentacle69ggfsb    
|uhtml|bestof|Game 2 of a best-of-3
|t:|1784690160
|gametype|doubles
|player|p1|lordtentacle69|corbeau|1429
|player|p2|ggfsb|palmer|1317
|gen|9
|tier|[Gen 9 Champions] VGC 2026 Reg M-B (Bo3)
|rated|
|rule|Species Clause: Limit one of each Pokémon
|rule|Item Clause: Limit 1 of each item
|clearpoke
|poke|p1|Delphox, L50, F|
|poke|p1|Incineroar, L50, M|
|poke|p1|Maushold-Four, L50|
|poke|p1|Sinistcha, L50|
|poke|p1|Sneasler, L50, F|
|poke|p1|Blastoise, L50, M|
|poke|p2|Blastoise, L50, M|
|poke|p2|Incineroar, L50, M|
|poke|p2|Delphox, L50, M|
|poke|p2|Sneasler, L50, M|
|poke|p2|Sinistcha, L50|
|poke|p2|Kingambit, L50, F|
|teampreview|4
|showteam|p1|Delphox||Delphoxite|Blaze|HeatWave,Psychic,NastyPlot,Protect|Timid||F|||50|]Incineroar||SitrusBerry|Intimidate|FakeOut,PartingShot,FlareBlitz,ThroatChop|Impish||M|||50|]Maushold-Four||ChopleBerry|FriendGuard|Feint,HelpingHand,Protect,FollowMe|Impish|||||50|]Sinistcha||KasibBerry|Hospitality|Protect,MatchaGotcha,TrickRoom,RagePowder|Bold|||||50|]Sneasler||FocusSash|PoisonTouch|CloseCombat,PoisonJab,QuickGuard,FakeOut|Adamant||F|||50|]Blastoise||Blastoisinite|RainDish|Protect,WaterSpout,DarkPulse,ShellSmash|Modest||M|||50|
|showteam|p2|Blastoise||Blastoisinite|RainDish|WaterSpout,DarkPulse,ShellSmash,Protect|Modest||M|||50|]Incineroar||SitrusBerry|Intimidate|FakeOut,PartingShot,ThroatChop,FlareBlitz|Careful||M|||50|]Delphox||Delphoxite|Blaze|HeatWave,Psychic,NastyPlot,Protect|Timid||M|||50|]Sneasler||FocusSash|PoisonTouch|FakeOut,CloseCombat,DireClaw,QuickGuard|Jolly||M|||50|]Sinistcha||ColburBerry|Hospitality|MatchaGotcha,RagePowder,TrickRoom,Protect|Relaxed|||||50|]Kingambit||BlackGlasses|Defiant|KowtowCleave,SuckerPunch,SwordsDance,Protect|Adamant||F|||50|
|inactive|Battle timer is ON: inactive players will automatically lose when time's up. (requested by ggfsb)
|inactive|ggfsb has 60 seconds left.
|
|t:|1784690202
|teamsize|p1|4
|teamsize|p2|4
|start
|switch|p1a: Brent|Blastoise, L50, M|100/100
|switch|p1b: Sarahn's OC|Sneasler, L50, F|100/100
|switch|p2a: Blastoise|Blastoise, L50, M|100/100
|switch|p2b: Sinistcha|Sinistcha, L50|100/100
|turn|1
|
|t:|1784690216
|switch|p1a: Gochujang|Incineroar, L50, M|100/100
|-ability|p1a: Gochujang|Intimidate|boost
|-unboost|p2a: Blastoise|atk|1
|-unboost|p2b: Sinistcha|atk|1
|detailschange|p2a: Blastoise|Blastoise-Mega, L50, M
|-mega|p2a: Blastoise|Blastoise|Blastoisinite
|move|p1b: Sarahn's OC|Fake Out|p2a: Blastoise
|-damage|p2a: Blastoise|85/100
|-status|p2a: Blastoise|psn|[from] ability: Poison Touch|[of] p1b: Sarahn's OC
|cant|p2a: Blastoise|flinch
|move|p2b: Sinistcha|Matcha Gotcha|p1a: Gochujang|[spread] p1a,p1b
|-resisted|p1a: Gochujang|1
|-resisted|p1b: Sarahn's OC|1
|-damage|p1a: Gochujang|90/100
|-damage|p1b: Sarahn's OC|84/100
|-status|p1b: Sarahn's OC|brn
|
|-damage|p2a: Blastoise|73/100 psn|[from] psn
|-damage|p1b: Sarahn's OC|78/100 brn|[from] brn
|upkeep
|turn|2
|inactive|ggfsb has 30 seconds left.
|inactive|ggfsb has 20 seconds left.
|
|t:|1784690252
|switch|p2a: Incineroar|Incineroar, L50, M|100/100
|-ability|p2a: Incineroar|Intimidate|boost
|-unboost|p1a: Gochujang|atk|1
|-unboost|p1b: Sarahn's OC|atk|1
|move|p1a: Gochujang|Fake Out|p2a: Incineroar
|-damage|p2a: Incineroar|93/100
|move|p1b: Sarahn's OC|Poison Jab|p2b: Sinistcha
|-damage|p2b: Sinistcha|89/100
|-status|p2b: Sinistcha|psn
|move|p2b: Sinistcha|Trick Room|p2b: Sinistcha
|-fieldstart|move: Trick Room|[of] p2b: Sinistcha
|
|-damage|p2b: Sinistcha|77/100 psn|[from] psn
|-damage|p1b: Sarahn's OC|72/100 brn|[from] brn
|upkeep
|turn|3
|inactive|lordtentacle69 has 30 seconds left.
|inactive|lordtentacle69 has 20 seconds left.
|
|t:|1784690292
|switch|p2b: Blastoise|Blastoise-Mega, L50, M|73/100 psn
|move|p1a: Gochujang|Flare Blitz|p2b: Blastoise
|-resisted|p2b: Blastoise|1
|-damage|p2b: Blastoise|58/100 psn
|-damage|p1a: Gochujang|86/100|[from] Recoil
|move|p2a: Incineroar|Parting Shot|p1a: Gochujang
|-unboost|p1a: Gochujang|atk|1
|-unboost|p1a: Gochujang|spa|1
|
|t:|1784690301
|switch|p2a: Sinistcha|Sinistcha, L50|77/100 psn|[from] Parting Shot
|-heal|p2b: Blastoise|82/100 psn|[from] ability: Hospitality|[of] p2a: Sinistcha
|move|p1b: Sarahn's OC|Close Combat|p2a: Sinistcha
|-immune|p2a: Sinistcha
|
|-damage|p2a: Sinistcha|65/100 psn|[from] psn
|-damage|p2b: Blastoise|70/100 psn|[from] psn
|-damage|p1b: Sarahn's OC|67/100 brn|[from] brn
|upkeep
|turn|4
|
|t:|1784690318
|switch|p2a: Incineroar|Incineroar, L50, M|93/100
|-ability|p2a: Incineroar|Intimidate|boost
|-unboost|p1a: Gochujang|atk|1
|-unboost|p1b: Sarahn's OC|atk|1
|switch|p1b: Green Day|Sinistcha, L50|100/100
|-heal|p1a: Gochujang|100/100|[from] ability: Hospitality|[of] p1b: Green Day
|move|p1a: Gochujang|Parting Shot|p2b: Blastoise
|-unboost|p2b: Blastoise|atk|1
|-unboost|p2b: Blastoise|spa|1
|
|t:|1784690334
|switch|p1a: Brent|Blastoise, L50, M|100/100|[from] Parting Shot
|move|p2b: Blastoise|Water Spout|p1a: Brent|[spread] p1a,p1b
|-resisted|p1a: Brent|1
|-crit|p1a: Brent
|-resisted|p1b: Green Day|1
|-damage|p1a: Brent|64/100
|-damage|p1b: Green Day|84/100
|
|-damage|p2b: Blastoise|58/100 psn|[from] psn
|upkeep
|turn|5
|inactive|ggfsb has 30 seconds left.
|inactive|ggfsb has 20 seconds left.
|inactive|ggfsb has 15 seconds left.
|
|t:|1784690378
|detailschange|p1a: Brent|Blastoise-Mega, L50, M
|-mega|p1a: Brent|Blastoise|Blastoisinite
|move|p1b: Green Day|Matcha Gotcha|p2a: Incineroar|[spread] p2b
|-miss|p1b: Green Day|p2a: Incineroar
|-supereffective|p2b: Blastoise|1
|-damage|p2b: Blastoise|7/100 psn
|-heal|p1b: Green Day|100/100|[from] drain|[of] p2b: Blastoise
|move|p2a: Incineroar|Parting Shot|p1a: Brent
|-unboost|p1a: Brent|atk|1
|-unboost|p1a: Brent|spa|1
|
|t:|1784690390
|switch|p2a: Sinistcha|Sinistcha, L50|65/100 psn|[from] Parting Shot
|-heal|p2b: Blastoise|32/100 psn|[from] ability: Hospitality|[of] p2a: Sinistcha
|move|p2b: Blastoise|Dark Pulse|p1b: Green Day
|-supereffective|p1b: Green Day|1
|-damage|p1b: Green Day|32/100
|move|p1a: Brent|Water Spout|p2b: Blastoise|[spread] p2a,p2b
|-resisted|p2a: Sinistcha|1
|-resisted|p2b: Blastoise|1
|-damage|p2a: Sinistcha|47/100 psn
|-damage|p2b: Blastoise|18/100 psn
|
|-damage|p2a: Sinistcha|35/100 psn|[from] psn
|-damage|p2b: Blastoise|5/100 psn|[from] psn
|upkeep
|turn|6
|
|t:|1784690412
|switch|p1a: Gochujang|Incineroar, L50, M|100/100
|-ability|p1a: Gochujang|Intimidate|boost
|-unboost|p2a: Sinistcha|atk|1
|-unboost|p2b: Blastoise|atk|1
|switch|p2b: Kingambit|Kingambit, L50, F|100/100
|move|p2a: Sinistcha|Matcha Gotcha|p1a: Gochujang|[spread] p1a,p1b
|-resisted|p1a: Gochujang|1
|-resisted|p1b: Green Day|1
|-damage|p1a: Gochujang|89/100
|-heal|p2a: Sinistcha|41/100 psn|[from] drain|[of] p1a: Gochujang
|-damage|p1b: Green Day|19/100
|-heal|p2a: Sinistcha|47/100 psn|[from] drain|[of] p1b: Green Day
|-status|p1b: Green Day|brn
|move|p1b: Green Day|Matcha Gotcha|p2a: Sinistcha|[spread] p2a,p2b
|-resisted|p2a: Sinistcha|1
|-resisted|p2b: Kingambit|1
|-damage|p2a: Sinistcha|33/100 psn
|-heal|p1b: Green Day|27/100 brn|[from] drain|[of] p2a: Sinistcha
|-damage|p2b: Kingambit|89/100
|-heal|p1b: Green Day|33/100 brn|[from] drain|[of] p2b: Kingambit
|-status|p2b: Kingambit|brn
|
|-damage|p2a: Sinistcha|21/100 psn|[from] psn
|-damage|p2b: Kingambit|84/100 brn|[from] brn
|-damage|p1b: Green Day|27/100 brn|[from] brn
|-fieldend|move: Trick Room
|upkeep
|turn|7
|inactive|lordtentacle69 has 30 seconds left.
|
|t:|1784690446
|switch|p1b: Sarahn's OC|Sneasler, L50, F|67/100 brn
|switch|p2a: Incineroar|Incineroar, L50, M|93/100
|-ability|p2a: Incineroar|Intimidate|boost
|-unboost|p1a: Gochujang|atk|1
|-unboost|p1b: Sarahn's OC|atk|1
|move|p1a: Gochujang|Fake Out|p2b: Kingambit
|-resisted|p2b: Kingambit|1
|-damage|p2b: Kingambit|81/100 brn
|cant|p2b: Kingambit|flinch
|
|-damage|p1b: Sarahn's OC|61/100 brn|[from] brn
|-damage|p2b: Kingambit|75/100 brn|[from] brn
|upkeep
|turn|8
|inactive|ggfsb has 30 seconds left.
|
|t:|1784690474
|move|p2b: Kingambit|Protect|p2b: Kingambit
|-singleturn|p2b: Kingambit|Protect
|move|p1b: Sarahn's OC|Fake Out|p2a: Incineroar
|-damage|p2a: Incineroar|88/100
|cant|p2a: Incineroar|flinch
|move|p1a: Gochujang|Flare Blitz|p2b: Kingambit
|-activate|p2b: Kingambit|move: Protect
|
|-damage|p1b: Sarahn's OC|55/100 brn|[from] brn
|-damage|p2b: Kingambit|70/100 brn|[from] brn
|upkeep
|turn|9
|inactive|lordtentacle69 has 30 seconds left.
|inactive|ggfsb has 30 seconds left.
|
|t:|1784690507
|switch|p2b: Blastoise|Blastoise-Mega, L50, M|5/100 psn
|move|p1b: Sarahn's OC|Close Combat|p2a: Incineroar
|-supereffective|p2a: Incineroar|1
|-damage|p2a: Incineroar|48/100
|-unboost|p1b: Sarahn's OC|def|1
|-unboost|p1b: Sarahn's OC|spd|1
|-status|p2a: Incineroar|psn|[from] ability: Poison Touch|[of] p1b: Sarahn's OC
|-enditem|p2a: Incineroar|Sitrus Berry|[eat]
|-heal|p2a: Incineroar|72/100 psn|[from] item: Sitrus Berry
|move|p2a: Incineroar|Flare Blitz|p1b: Sarahn's OC
|-damage|p1b: Sarahn's OC|0 fnt
|faint|p1b: Sarahn's OC
|-damage|p2a: Incineroar|58/100 psn|[from] Recoil
|move|p1a: Gochujang|Parting Shot|p2a: Incineroar
|-unboost|p2a: Incineroar|atk|1
|-unboost|p2a: Incineroar|spa|1
|
|t:|1784690524
|switch|p1a: Brent|Blastoise-Mega, L50, M|64/100|[from] Parting Shot
|
|-damage|p2b: Blastoise|0 fnt|[from] psn
|faint|p2b: Blastoise
|-damage|p2a: Incineroar|46/100 psn|[from] psn
|upkeep
|
|t:|1784690535
|switch|p1b: Gochujang|Incineroar, L50, M|89/100
|switch|p2b: Sinistcha|Sinistcha, L50|21/100 psn
|-ability|p1b: Gochujang|Intimidate|boost
|-unboost|p2a: Incineroar|atk|1
|-unboost|p2b: Sinistcha|atk|1
|-heal|p2a: Incineroar|71/100 psn|[from] ability: Hospitality|[of] p2b: Sinistcha
|turn|10
|-message|ggfsb forfeited.
|raw|lordtentacle69's rating: 1429 → 1443(+14 for winning)
|raw|ggfsb's rating: 1317 → 1303(-14 for losing)
|
|win|lordtentacle69
|l|☆ggfsb
|player|p2|
