|j|â˜†EmbyPlays
|j|â˜†Thiaguitoomencito
|html|EmbyPlaysThiaguitoomencito    
|uhtml|bestof|Game 2 of a best-of-3
|t:|1757176779
|gametype|doubles
|player|p1|EmbyPlays|lucas|1075
|player|p2|Thiaguitoomencito|steven|1005
|gen|9
|tier|[Gen 9] VGC 2025 Reg H (Bo3)
|rated|
|rule|Species Clause: Limit one of each PokÃ©mon
|rule|Item Clause: Limit 1 of each item
|clearpoke
|poke|p1|Lilligant-Hisui, L50, F|
|poke|p1|Hatterene, L50, F|
|poke|p1|Ursaluna, L50, M|
|poke|p1|Indeedee-F, L50, F|
|poke|p1|Torkoal, L50, F|
|poke|p1|Gallade, L50, M|
|poke|p2|Sneasler, L50, F|
|poke|p2|Ceruledge, L50, M|
|poke|p2|Dragonite, L50, M|
|poke|p2|Dondozo, L50, M|
|poke|p2|Kingambit, L50, M|
|poke|p2|Rillaboom, L50, F|
|teampreview|4
|showteam|p1|Lilligant-Hisui||FocusSash|Chlorophyll|TripleAxel,AfterYou,CloseCombat,SleepPowder|||F|||50|,,,,,Ghost]Hatterene||CovertCloak|MagicBounce|DazzlingGleam,ExpandingForce,TrickRoom,MysticalFire|||F|||50|,,,,,Fire]Ursaluna||FlameOrb|Guts|Facade,HeadlongRush,Earthquake,Protect|||M|||50|,,,,,Ghost]Indeedee-F||PsychicSeed|PsychicSurge|Psychic,TrickRoom,HelpingHand,FollowMe|||F|||50|,,,,,Dragon]Torkoal||Charcoal|Drought|Eruption,WeatherBall,HeatWave,Protect|||F|||50|,,,,,Fire]Gallade||ClearAmulet|Sharpness|PsychoCut,SacredSword,TrickRoom,WideGuard|||M|||50|,,,,,Grass
|showteam|p2|Sneasler||FocusSash|Unburden|CloseCombat,DireClaw,Coaching,FakeOut|||F|||50|,,,,,Ghost]Ceruledge||SitrusBerry|FlashFire|Protect,BitterBlade,ShadowSneak,BulkUp|||M|||50|,,,,,Grass]Dragonite||LoadedDice|Multiscale|Protect,ScaleShot,Haze,ExtremeSpeed|||M|||50|,,,,,Fairy]Dondozo||Leftovers|Unaware|Liquidation,Fissure,Yawn,Protect|||M|||50|,,,,,Poison]Kingambit||AssaultVest|Defiant|KowtowCleave,SuckerPunch,IronHead,TeraBlast|||M|||50|,,,,,Flying]Rillaboom||MiracleSeed|GrassySurge|WoodHammer,GrassyGlide,HighHorsepower,FakeOut|||F|||50|,,,,,Fire
|
|t:|1757176811
|teamsize|p1|4
|teamsize|p2|4
|start
|switch|p1a: Indeedee|Indeedee-F, L50, F|100/100
|switch|p1b: Gallade|Gallade, L50, M|100/100
|switch|p2a: Sneasler|Sneasler, L50, F|100/100
|switch|p2b: Kingambit|Kingambit, L50, M|100/100
|-fieldstart|move: Psychic Terrain|[from] ability: Psychic Surge|[of] p1a: Indeedee
|-enditem|p1a: Indeedee|Psychic Seed
|-boost|p1a: Indeedee|spd|1|[from] item: Psychic Seed
|turn|1
|
|t:|1757176828
|move|p1a: Indeedee|Follow Me|p1a: Indeedee
|-singleturn|p1a: Indeedee|move: Follow Me
|move|p2a: Sneasler|Coaching|p2b: Kingambit
|-boost|p2b: Kingambit|atk|1
|-boost|p2b: Kingambit|def|1
|move|p2b: Kingambit|Kowtow Cleave|p1a: Indeedee
|-supereffective|p1a: Indeedee
|-damage|p1a: Indeedee|0 fnt
|faint|p1a: Indeedee
|move|p1b: Gallade|Trick Room|p1b: Gallade
|-fieldstart|move: Trick Room|[of] p1b: Gallade
|
|upkeep
|
|t:|1757176837
|switch|p1a: Torkoal|Torkoal, L50, F|100/100
|-weather|SunnyDay|[from] ability: Drought|[of] p1a: Torkoal
|turn|2
|
|t:|1757176875
|switch|p2b: Dondozo|Dondozo, L50, M|100/100
|-terastallize|p1a: Torkoal|Fire
|move|p1a: Torkoal|Eruption|p2a: Sneasler|[spread] p2a,p2b
|-resisted|p2b: Dondozo
|-enditem|p2a: Sneasler|Focus Sash
|-damage|p2a: Sneasler|1/100
|-damage|p2b: Dondozo|62/100
|move|p1b: Gallade|Psycho Cut|p2a: Sneasler
|-supereffective|p2a: Sneasler
|-damage|p2a: Sneasler|0 fnt
|faint|p2a: Sneasler
|
|-weather|SunnyDay|[upkeep]
|-heal|p2b: Dondozo|68/100|[from] item: Leftovers
|upkeep
|
|t:|1757176889
|switch|p2a: Ceruledge|Ceruledge, L50, M|100/100
|turn|3
|
|t:|1757176901
|move|p1a: Torkoal|Weather Ball|p2b: Dondozo
|-resisted|p2b: Dondozo
|-damage|p2b: Dondozo|32/100
|move|p2b: Dondozo|Fissure|p1a: Torkoal
|-damage|p1a: Torkoal|0 fnt
|faint|p1a: Torkoal
|-ohko
|move|p1b: Gallade|Psycho Cut|p2a: Ceruledge
|-damage|p2a: Ceruledge|13/100
|-enditem|p2a: Ceruledge|Sitrus Berry|[eat]
|-heal|p2a: Ceruledge|38/100|[from] item: Sitrus Berry
|move|p2a: Ceruledge|Bitter Blade|p1b: Gallade
|-damage|p1b: Gallade|0 fnt
|-heal|p2a: Ceruledge|85/100|[from] drain|[of] p1b: Gallade
|faint|p1b: Gallade
|
|-weather|SunnyDay|[upkeep]
|-heal|p2b: Dondozo|38/100|[from] item: Leftovers
|upkeep
|
|t:|1757176909
|switch|p1b: Ursaluna|Ursaluna, L50, M|100/100
|turn|4
|
|t:|1757176963
|-terastallize|p2a: Ceruledge|Grass
|move|p1b: Ursaluna|Earthquake|p2a: Ceruledge|[spread] p2a,p2b
|-resisted|p2a: Ceruledge
|-crit|p2a: Ceruledge
|-crit|p2b: Dondozo
|-damage|p2a: Ceruledge|44/100
|-damage|p2b: Dondozo|0 fnt
|faint|p2b: Dondozo
|move|p2a: Ceruledge|Bitter Blade|p1b: Ursaluna
|-damage|p1b: Ursaluna|53/100
|-heal|p2a: Ceruledge|76/100|[from] drain|[of] p1b: Ursaluna
|
|-weather|SunnyDay|[upkeep]
|-status|p1b: Ursaluna|brn|[from] item: Flame Orb
|upkeep
|
|t:|1757176974
|switch|p2b: Kingambit|Kingambit, L50, M|100/100
|turn|5
|
|t:|1757177010
|move|p1b: Ursaluna|Facade|p2b: Kingambit
|-resisted|p2b: Kingambit
|-damage|p2b: Kingambit|52/100
|move|p2b: Kingambit|Kowtow Cleave|p1b: Ursaluna
|-damage|p1b: Ursaluna|19/100 brn
|move|p2a: Ceruledge|Bitter Blade|p1b: Ursaluna
|-damage|p1b: Ursaluna|0 fnt
|-heal|p2a: Ceruledge|89/100|[from] drain|[of] p1b: Ursaluna
|faint|p1b: Ursaluna
|
|win|Thiaguitoomencito
|inactive|EmbyPlays has 30 seconds to confirm battle start!
|inactive|Thiaguitoomencito has 30 seconds to confirm battle start!
||Thiaguitoomencito is ready for game 3.
|inactive|EmbyPlays has 20 seconds to confirm battle start!
||EmbyPlays is ready for game 3.
|uhtml|next|Next: Game 3 of 3
|l|â˜†EmbyPlays
|player|p1|
|l|â˜†Thiaguitoomencito
|player|p2|
|j|â˜†Thiaguitoomencito
|player|p2|Thiaguitoomencito|steven|
