|j|☆raksbach
|j|‽Exel12
|html|raksbachExel12    
|uhtml|bestof|Game 3 of a best-of-3
|t:|1783511757
|gametype|doubles
|player|p1|raksbach|266|1176
|player|p2|Exel12|barry|1100
|gen|9
|tier|[Gen 9 Champions] VGC 2026 Reg M-B (Bo3)
|rated|
|rule|Species Clause: Limit one of each Pokémon
|rule|Item Clause: Limit 1 of each item
|clearpoke
|poke|p1|Incineroar, L50, M|
|poke|p1|Maushold, L50|
|poke|p1|Sinistcha, L50|
|poke|p1|Sneasler, L50, M|
|poke|p1|Blastoise, L50, M|
|poke|p1|Delphox, L50, F|
|poke|p2|Blaziken, L50, M|
|poke|p2|Grimmsnarl, L50, M|
|poke|p2|Gyarados, L50, M|
|poke|p2|Farigiraf, L50, F|
|poke|p2|Kingambit, L50, F|
|poke|p2|Ceruledge, L50, M|
|teampreview|4
|showteam|p1|Incineroar||SitrusBerry|Intimidate|FakeOut,FlareBlitz,DarkestLariat,PartingShot|Impish||M|||50|]Maushold||ChopleBerry|FriendGuard|SuperFang,FollowMe,Protect,Feint|Impish|||||50|]Sinistcha||OccaBerry|Hospitality|MatchaGotcha,LifeDew,RagePowder,Protect|Bold|||||50|]Sneasler||FocusSash|PoisonTouch|FakeOut,CloseCombat,DireClaw,QuickGuard|Jolly||M|||50|]Blastoise||Blastoisinite|Torrent|WaterSpout,DarkPulse,ShellSmash,Protect|Modest||M|||50|]Delphox||Delphoxite|Blaze|HeatWave,Psychic,NastyPlot,Protect|Timid||F|||50|
|showteam|p2|Blaziken||Blazikenite|SpeedBoost|Protect,BulkUp,CloseCombat,FlareBlitz|Jolly||M|||50|]Grimmsnarl||RoseliBerry|Prankster|FakeOut,Reflect,LightScreen,SpiritBreak|Careful||M|||50|]Gyarados||Gyaradosite|Intimidate|Waterfall,HelpingHand,ThunderWave,Protect|Adamant||M|||50|]Farigiraf||MentalHerb|ArmorTail|TrickRoom,Protect,Imprison,HyperVoice|Calm||F|||50|]Kingambit||ChopleBerry|Defiant|KowtowCleave,SuckerPunch,IronHead,Protect|Adamant||F|||50|]Ceruledge||FocusSash|WeakArmor|BitterBlade,SwordsDance,CloseCombat,Protect|Jolly||M|||50|
|inactive|Battle timer is ON: inactive players will automatically lose when time's up. (requested by raksbach)
|inactive|Exel12 also wants the timer to be on.
|
|t:|1783511785
|teamsize|p1|4
|teamsize|p2|4
|start
|switch|p1a: Blastoise|Blastoise, L50, M|100/100
|switch|p1b: Maushold|Maushold, L50|100/100
|switch|p2a: Blaziken|Blaziken, L50, M|100/100
|switch|p2b: Grimmsnarl|Grimmsnarl, L50, M|100/100
|turn|1
|inactive|raksbach has 30 seconds left.
|
|t:|1783511817
|detailschange|p2a: Blaziken|Blaziken-Mega, L50, M
|-mega|p2a: Blaziken|Blaziken|Blazikenite
|detailschange|p1a: Blastoise|Blastoise-Mega, L50, M
|-mega|p1a: Blastoise|Blastoise|Blastoisinite
|move|p2b: Grimmsnarl|Fake Out|p1a: Blastoise
|-damage|p1a: Blastoise|91/100
|move|p2a: Blaziken|Bulk Up|p2a: Blaziken
|-boost|p2a: Blaziken|atk|1
|-boost|p2a: Blaziken|def|1
|move|p1b: Maushold|Super Fang|p2b: Grimmsnarl
|-damage|p2b: Grimmsnarl|50/100y
|cant|p1a: Blastoise|flinch
|
|-ability|p2a: Blaziken|Speed Boost|boost
|-boost|p2a: Blaziken|spe|1
|upkeep
|turn|2
|
|t:|1783511840
|move|p1b: Maushold|Follow Me|p1b: Maushold
|-singleturn|p1b: Maushold|move: Follow Me
|move|p2b: Grimmsnarl|Light Screen|p2b: Grimmsnarl
|-sidestart|p2: Exel12|move: Light Screen
|move|p2a: Blaziken|Flare Blitz|p1b: Maushold
|-damage|p1b: Maushold|13/100
|-damage|p2a: Blaziken|72/100|[from] Recoil
|move|p1a: Blastoise|Shell Smash|p1a: Blastoise
|-unboost|p1a: Blastoise|def|1
|-unboost|p1a: Blastoise|spd|1
|-boost|p1a: Blastoise|atk|2
|-boost|p1a: Blastoise|spa|2
|-boost|p1a: Blastoise|spe|2
|
|-ability|p2a: Blaziken|Speed Boost|boost
|-boost|p2a: Blaziken|spe|1
|upkeep
|turn|3
|
|t:|1783511859
|switch|p2b: Gyarados|Gyarados, L50, M|100/100
|-ability|p2b: Gyarados|Intimidate|boost
|-unboost|p1a: Blastoise|atk|1
|-unboost|p1b: Maushold|atk|1
|move|p2a: Blaziken|Protect|p2a: Blaziken
|-singleturn|p2a: Blaziken|Protect
|move|p1b: Maushold|Follow Me|p1b: Maushold
|-singleturn|p1b: Maushold|move: Follow Me
|move|p1a: Blastoise|Water Spout|p2b: Gyarados|[spread] p2b
|-activate|p2a: Blaziken|move: Protect
|-resisted|p2b: Gyarados|1
|-damage|p2b: Gyarados|69/100
|
|-ability|p2a: Blaziken|Speed Boost|boost
|-boost|p2a: Blaziken|spe|1
|upkeep
|turn|4
|
|t:|1783511882
|move|p1b: Maushold|Follow Me|p1b: Maushold
|-singleturn|p1b: Maushold|move: Follow Me
|move|p2a: Blaziken|Flare Blitz|p1b: Maushold
|-damage|p1b: Maushold|0 fnt
|faint|p1b: Maushold
|-damage|p2a: Blaziken|68/100|[from] Recoil
|move|p1a: Blastoise|Water Spout|p2a: Blaziken|[spread] p2a,p2b
|-supereffective|p2a: Blaziken|1
|-resisted|p2b: Gyarados|1
|-damage|p2a: Blaziken|0 fnt
|-damage|p2b: Gyarados|41/100
|faint|p2a: Blaziken
|move|p2b: Gyarados|Waterfall|p1a: Blastoise
|-resisted|p1a: Blastoise|1
|-damage|p1a: Blastoise|64/100
|
|upkeep
|inactive|Exel12 has 30 seconds left.
|
|t:|1783511914
|switch|p2a: Kingambit|Kingambit, L50, F|100/100
|switch|p1b: Sinistcha|Sinistcha, L50|100/100
|-heal|p1a: Blastoise|89/100|[from] ability: Hospitality|[of] p1b: Sinistcha
|turn|5
|
|t:|1783511929
|move|p2b: Gyarados|Helping Hand|p2a: Kingambit
|-singleturn|p2a: Kingambit|Helping Hand|[of] p2b: Gyarados
|move|p1b: Sinistcha|Rage Powder|p1b: Sinistcha
|-singleturn|p1b: Sinistcha|move: Rage Powder
|move|p1a: Blastoise|Water Spout|p2b: Gyarados|[spread] p2a,p2b
|-resisted|p2b: Gyarados|1
|-damage|p2a: Kingambit|20/100y
|-damage|p2b: Gyarados|13/100
|move|p2a: Kingambit|Kowtow Cleave|p1b: Sinistcha
|-supereffective|p1b: Sinistcha|1
|-damage|p1b: Sinistcha|0 fnt
|faint|p1b: Sinistcha
|
|upkeep
|
|t:|1783511938
|switch|p1b: Sneasler|Sneasler, L50, M|100/100
|turn|6
|inactive|Exel12 has 30 seconds left.
|inactive|Exel12 has 20 seconds left.
|
|t:|1783511977
|move|p1b: Sneasler|Fake Out|p2a: Kingambit
|-resisted|p2a: Kingambit|1
|-damage|p2a: Kingambit|14/100
|cant|p2a: Kingambit|flinch
|move|p1a: Blastoise|Water Spout|p2a: Kingambit|[spread] p2a,p2b
|-resisted|p2b: Gyarados|1
|-damage|p2a: Kingambit|0 fnt
|-damage|p2b: Gyarados|0 fnt
|faint|p2a: Kingambit
|faint|p2b: Gyarados
|
|-sideend|p2: Exel12|move: Light Screen
|upkeep
|
|t:|1783511980
|switch|p2b: Grimmsnarl|Grimmsnarl, L50, M|50/100y
|turn|7
|-message|Exel12 forfeited.
|
|win|raksbach
|raw|raksbach's rating: 1176 → 1196(+20 for winning)
|raw|Exel12's rating: 1100 → 1080(-20 for losing)
