|j|☆Practivol.t1
|j|☆anderitur
|html|Practivol.t1anderitur    
|uhtml|bestof|Game 2 of a best-of-3
|t:|1756238602
|gametype|doubles
|player|p1|Practivol.t1|bugcatcher-gen4dp|1079
|player|p2|anderitur|170|1217
|gen|9
|tier|[Gen 9] VGC 2025 Reg H (Bo3)
|rated|
|rule|Species Clause: Limit one of each Pokémon
|rule|Item Clause: Limit 1 of each item
|clearpoke
|poke|p1|Volcarona, L50, F|
|poke|p1|Dragonite, L50, F|
|poke|p1|Electabuzz, L50, F|
|poke|p1|Kingambit, L50, F|
|poke|p1|Rillaboom, L50, M|
|poke|p1|Sneasler, L50, M|
|poke|p2|Grimmsnarl, L50, M|
|poke|p2|Sinistcha, L50|
|poke|p2|Archaludon, L50, M|
|poke|p2|Maushold, L50|
|poke|p2|Pelipper, L50, F|
|poke|p2|Annihilape, L50, M|
|teampreview|4
|showteam|p1|Volcarona||CovertCloak|FlameBody|BugBuzz,HeatWave,QuiverDance,Protect|||F|||50|,,,,,Fairy]Dragonite||LoadedDice|Multiscale|ScaleShot,ExtremeSpeed,Haze,Protect|||F|||50|,,,,,Fairy]Electabuzz||Eviolite|VitalSpirit|FollowMe,Thunderbolt,Taunt,Protect|||F|||50|,,,,,Ghost]Kingambit||SafetyGoggles|Defiant|KowtowCleave,SuckerPunch,Protect,LowKick|||F|||50|,,,,,Poison]Rillaboom||AssaultVest|GrassySurge|FakeOut,GrassyGlide,WoodHammer,Uturn|||M|||50|,,,,,Normal]Sneasler||FocusSash|Unburden|DireClaw,CloseCombat,Coaching,FakeOut|||M|||50|,,,,,Stellar
|showteam|p2|Grimmsnarl||LightClay|Prankster|SpiritBreak,ThunderWave,Reflect,LightScreen|||M|||50|,,,,,Ghost]Sinistcha||SitrusBerry|Hospitality|MatchaGotcha,LifeDew,RagePowder,TrickRoom||||||50|,,,,,Dark]Archaludon||AssaultVest|Stamina|ElectroShot,FlashCannon,BodyPress,Snarl|||M|||50|,,,,,Grass]Maushold||SafetyGoggles|FriendGuard|BeatUp,Taunt,FollowMe,Protect||||||50|,,,,,Ghost]Pelipper||FocusSash|Drizzle|Hurricane,WeatherBall,Tailwind,Protect|||F|||50|,,,,,Ghost]Annihilape||Leftovers|Defiant|DrainPunch,RageFist,BulkUp,Protect|||M|||50|,,,,,Water
|inactive|Battle timer is ON: inactive players will automatically lose when time's up. (requested by anderitur)
|inactive|Practivol.t1 has 60 seconds left.
|inactive|Practivol.t1 has 30 seconds left.
|inactive|Practivol.t1 has 20 seconds left.
|inactive|Practivol.t1 has 15 seconds left.
|
|t:|1756238682
|teamsize|p1|4
|teamsize|p2|4
|start
|switch|p1a: Electabuzz|Electabuzz, L50, F|100/100
|switch|p1b: Dragonite|Dragonite, L50, F|100/100
|switch|p2a: Maushold|Maushold, L50|100/100
|switch|p2b: Annihilape|Annihilape, L50, M|100/100
|turn|1
|inactive|anderitur has 30 seconds left.
|inactive|anderitur has 20 seconds left.
|inactive|anderitur has 15 seconds left.
|inactive|anderitur has 10 seconds left.
|
|t:|1756238729
|switch|p2b: Archaludon|Archaludon, L50, M|100/100
|move|p1a: Electabuzz|Follow Me|p1a: Electabuzz
|-singleturn|p1a: Electabuzz|move: Follow Me
|move|p2a: Maushold|Taunt|p1a: Electabuzz
|-start|p1a: Electabuzz|move: Taunt
|move|p1b: Dragonite|Scale Shot|p2a: Maushold
|-damage|p2a: Maushold|82/100
|-damage|p2a: Maushold|62/100
|-damage|p2a: Maushold|44/100
|-damage|p2a: Maushold|25/100
|-damage|p2a: Maushold|7/100
|-hitcount|p2a: Maushold|5
|-unboost|p1b: Dragonite|def|1
|-boost|p1b: Dragonite|spe|1
|
|upkeep
|turn|2
|inactive|Practivol.t1 has 30 seconds left.
|
|t:|1756238756
|switch|p2a: Pelipper|Pelipper, L50, F|100/100
|-weather|RainDance|[from] ability: Drizzle|[of] p2a: Pelipper
|switch|p1a: Sneasler|Sneasler, L50, M|100/100
|move|p1b: Dragonite|Scale Shot|p2a: Pelipper
|-damage|p2a: Pelipper|80/100
|-damage|p2a: Pelipper|61/100
|-damage|p2a: Pelipper|43/100
|-damage|p2a: Pelipper|24/100
|-hitcount|p2a: Pelipper|4
|-unboost|p1b: Dragonite|def|1
|-boost|p1b: Dragonite|spe|1
|move|p2b: Archaludon|Electro Shot||[still]
|-prepare|p2b: Archaludon|Electro Shot
|-boost|p2b: Archaludon|spa|1
|-anim|p2b: Archaludon|Electro Shot|p1b: Dragonite
|-damage|p1b: Dragonite|71/100
|
|-weather|RainDance|[upkeep]
|upkeep
|turn|3
|inactive|Practivol.t1 has 30 seconds left.
|inactive|anderitur has 30 seconds left.
|inactive|Practivol.t1 has 20 seconds left.
|inactive|anderitur has 20 seconds left.
|inactive|Practivol.t1 has 15 seconds left.
|
|t:|1756238799
|-terastallize|p2b: Archaludon|Grass
|move|p1b: Dragonite|Protect|p1b: Dragonite
|-singleturn|p1b: Dragonite|Protect
|move|p2a: Pelipper|Protect|p2a: Pelipper
|-singleturn|p2a: Pelipper|Protect
|move|p1a: Sneasler|Dire Claw|p2a: Pelipper
|-activate|p2a: Pelipper|move: Protect
|move|p2b: Archaludon|Electro Shot||[still]
|-prepare|p2b: Archaludon|Electro Shot
|-boost|p2b: Archaludon|spa|1
|-anim|p2b: Archaludon|Electro Shot|p1b: Dragonite
|-activate|p1b: Dragonite|move: Protect
|
|-weather|RainDance|[upkeep]
|upkeep
|turn|4
|inactive|Practivol.t1 has 30 seconds left.
|inactive|anderitur has 30 seconds left.
|
|t:|1756238833
|switch|p2a: Maushold|Maushold, L50|7/100
|move|p1b: Dragonite|Haze|p1b: Dragonite
|-clearallboost
|move|p1a: Sneasler|Dire Claw|p2a: Maushold
|-damage|p2a: Maushold|0 fnt
|faint|p2a: Maushold
|move|p2b: Archaludon|Electro Shot||[still]
|-prepare|p2b: Archaludon|Electro Shot
|-boost|p2b: Archaludon|spa|1
|-anim|p2b: Archaludon|Electro Shot|p1b: Dragonite
|-damage|p1b: Dragonite|12/100
|
|-weather|RainDance|[upkeep]
|upkeep
|inactive|anderitur has 30 seconds left.
|
|t:|1756238859
|switch|p2a: Annihilape|Annihilape, L50, M|100/100
|turn|5
|
|t:|1756238882
|switch|p1a: Electabuzz|Electabuzz, L50, F|100/100
|move|p1b: Dragonite|Protect|p1b: Dragonite
|-singleturn|p1b: Dragonite|Protect
|move|p2a: Annihilape|Bulk Up|p2a: Annihilape
|-boost|p2a: Annihilape|atk|1
|-boost|p2a: Annihilape|def|1
|move|p2b: Archaludon|Electro Shot||[still]
|-prepare|p2b: Archaludon|Electro Shot
|-boost|p2b: Archaludon|spa|1
|-anim|p2b: Archaludon|Electro Shot|p1a: Electabuzz
|-resisted|p1a: Electabuzz
|-damage|p1a: Electabuzz|71/100
|
|-weather|RainDance|[upkeep]
|upkeep
|turn|6
|inactive|anderitur has 30 seconds left.
|
|t:|1756238909
|move|p1a: Electabuzz|Follow Me|p1a: Electabuzz
|-singleturn|p1a: Electabuzz|move: Follow Me
|move|p2a: Annihilape|Drain Punch|p1a: Electabuzz
|-damage|p1a: Electabuzz|37/100
|move|p1b: Dragonite|Haze|p1b: Dragonite
|-clearallboost
|move|p2b: Archaludon|Electro Shot||[still]
|-prepare|p2b: Archaludon|Electro Shot
|-boost|p2b: Archaludon|spa|1
|-anim|p2b: Archaludon|Electro Shot|p1a: Electabuzz
|-resisted|p1a: Electabuzz
|-damage|p1a: Electabuzz|17/100
|
|-weather|none
|upkeep
|turn|7
|inactive|Practivol.t1 has 30 seconds left.
|
|t:|1756238935
|switch|p2a: Pelipper|Pelipper, L50, F|24/100
|-weather|RainDance|[from] ability: Drizzle|[of] p2a: Pelipper
|move|p1a: Electabuzz|Protect|p1a: Electabuzz
|-singleturn|p1a: Electabuzz|Protect
|move|p1b: Dragonite|Scale Shot|p2a: Pelipper
|-damage|p2a: Pelipper|3/100
|-damage|p2a: Pelipper|0 fnt
|faint|p2a: Pelipper
|-hitcount|p2: Pelipper|2
|-unboost|p1b: Dragonite|def|1
|-boost|p1b: Dragonite|spe|1
|move|p2b: Archaludon|Electro Shot||[still]
|-prepare|p2b: Archaludon|Electro Shot
|-boost|p2b: Archaludon|spa|1
|-anim|p2b: Archaludon|Electro Shot|p1b: Dragonite
|-damage|p1b: Dragonite|0 fnt
|faint|p1b: Dragonite
|
|-weather|RainDance|[upkeep]
|upkeep
|
|t:|1756238957
|switch|p1b: Volcarona|Volcarona, L50, F|100/100
|switch|p2a: Annihilape|Annihilape, L50, M|100/100
|turn|8
|
|t:|1756238979
|switch|p1a: Sneasler|Sneasler, L50, M|100/100
|move|p1b: Volcarona|Protect|p1b: Volcarona
|-singleturn|p1b: Volcarona|Protect
|move|p2a: Annihilape|Bulk Up|p2a: Annihilape
|-boost|p2a: Annihilape|atk|1
|-boost|p2a: Annihilape|def|1
|move|p2b: Archaludon|Snarl|p1a: Sneasler|[spread] p1a
|-activate|p1b: Volcarona|move: Protect
|-resisted|p1a: Sneasler
|-damage|p1a: Sneasler|85/100
|-unboost|p1a: Sneasler|spa|1
|
|-weather|RainDance|[upkeep]
|upkeep
|turn|9
|inactive|anderitur has 30 seconds left.
|
|t:|1756239005
|-terastallize|p1a: Sneasler|Stellar
|move|p1a: Sneasler|Dire Claw|p2b: Archaludon
|-supereffective|p2b: Archaludon
|-damage|p2b: Archaludon|31/100
|-status|p2b: Archaludon|psn
|-ability|p2b: Archaludon|Stamina|boost
|-boost|p2b: Archaludon|def|1
|move|p2a: Annihilape|Drain Punch|p1b: Volcarona
|-resisted|p1b: Volcarona
|-damage|p1b: Volcarona|72/100
|move|p1b: Volcarona|Quiver Dance|p1b: Volcarona
|-boost|p1b: Volcarona|spa|1
|-boost|p1b: Volcarona|spd|1
|-boost|p1b: Volcarona|spe|1
|move|p2b: Archaludon|Electro Shot||[still]
|-prepare|p2b: Archaludon|Electro Shot
|-boost|p2b: Archaludon|spa|1
|-anim|p2b: Archaludon|Electro Shot|p1a: Sneasler
|-damage|p1a: Sneasler|0 fnt
|faint|p1a: Sneasler
|
|-weather|RainDance|[upkeep]
|-damage|p2b: Archaludon|19/100 psn|[from] psn
|upkeep
|
|t:|1756239026
|switch|p1a: Electabuzz|Electabuzz, L50, F|17/100
|turn|10
|
|t:|1756239034
|move|p1b: Volcarona|Protect|p1b: Volcarona
|-singleturn|p1b: Volcarona|Protect
|move|p1a: Electabuzz|Protect|p1a: Electabuzz
|-singleturn|p1a: Electabuzz|Protect
|move|p2a: Annihilape|Bulk Up|p2a: Annihilape
|-boost|p2a: Annihilape|atk|1
|-boost|p2a: Annihilape|def|1
|move|p2b: Archaludon|Snarl|p1a: Electabuzz|[spread] 
|-activate|p1a: Electabuzz|move: Protect
|-activate|p1b: Volcarona|move: Protect
|
|-weather|RainDance|[upkeep]
|-damage|p2b: Archaludon|7/100 psn|[from] psn
|upkeep
|turn|11
|
|t:|1756239049
|move|p1a: Electabuzz|Follow Me|p1a: Electabuzz
|-singleturn|p1a: Electabuzz|move: Follow Me
|move|p1b: Volcarona|Bug Buzz|p2b: Archaludon
|-supereffective|p2b: Archaludon
|-damage|p2b: Archaludon|0 fnt
|faint|p2b: Archaludon
|move|p2a: Annihilape|Drain Punch|p1a: Electabuzz
|-damage|p1a: Electabuzz|0 fnt
|faint|p1a: Electabuzz
|
|-weather|none
|upkeep
|turn|12
|
|t:|1756239062
|move|p1b: Volcarona|Quiver Dance|p1b: Volcarona
|-boost|p1b: Volcarona|spa|1
|-boost|p1b: Volcarona|spd|1
|-boost|p1b: Volcarona|spe|1
|move|p2a: Annihilape|Drain Punch|p1b: Volcarona
|-resisted|p1b: Volcarona
|-damage|p1b: Volcarona|38/100
|
|upkeep
|turn|13
|
|t:|1756239075
|move|p1b: Volcarona|Heat Wave|p2a: Annihilape|[miss]
|-miss|p1b: Volcarona|p2a: Annihilape
|move|p2a: Annihilape|Drain Punch|p1b: Volcarona
|-resisted|p1b: Volcarona
|-damage|p1b: Volcarona|4/100
|
|upkeep
|turn|14
|
|t:|1756239084
|move|p1b: Volcarona|Heat Wave|p2a: Annihilape
|-damage|p2a: Annihilape|12/100
|move|p2a: Annihilape|Drain Punch|p1b: Volcarona
|-resisted|p1b: Volcarona
|-damage|p1b: Volcarona|0 fnt
|-heal|p2a: Annihilape|14/100|[from] drain|[of] p1b: Volcarona
|-status|p2a: Annihilape|brn|[from] ability: Flame Body|[of] p1b: Volcarona
|faint|p1b: Volcarona
|
|win|anderitur
|raw|Practivol.t1's rating: 1079 → 1065(-14 for losing)
|raw|anderitur's rating: 1217 → 1233(+16 for winning)
