|j|☆Thiaguitoomencito
|j|☆FLIGHT30FLIGHT4
|html|ThiaguitoomencitoFLIGHT30FLIGHT4    
|uhtml|bestof|Game 2 of a best-of-3
|t:|1757127834
|gametype|doubles
|player|p1|Thiaguitoomencito|steven|1027
|player|p2|FLIGHT30FLIGHT4|101|1040
|gen|9
|tier|[Gen 9] VGC 2025 Reg H (Bo3)
|rated|
|rule|Species Clause: Limit one of each Pokémon
|rule|Item Clause: Limit 1 of each item
|clearpoke
|poke|p1|Sneasler, L50, F|
|poke|p1|Ceruledge, L50, F|
|poke|p1|Dragonite, L50, F|
|poke|p1|Dondozo, L50, F|
|poke|p1|Kingambit, L50, F|
|poke|p1|Rillaboom, L50, M|
|poke|p2|Ursaluna-Bloodmoon, L50, M|
|poke|p2|Clefable, L50, F|
|poke|p2|Rillaboom, L50, F|
|poke|p2|Porygon2, L50|
|poke|p2|Gholdengo, L50|
|poke|p2|Sneasler, L50, F|
|teampreview|4
|showteam|p1|Sneasler||FocusSash|Unburden|CloseCombat,DireClaw,Coaching,FakeOut|||F|||50|,,,,,Ghost]Ceruledge||SitrusBerry|FlashFire|Protect,BitterBlade,ShadowSneak,BulkUp|||F|||50|,,,,,Grass]Dragonite||LoadedDice|Multiscale|Protect,ScaleShot,Haze,ExtremeSpeed|||F|||50|,,,,,Fairy]Dondozo||Leftovers|Unaware|Liquidation,Fissure,Yawn,Protect|||F|||50|,,,,,Poison]Kingambit||AssaultVest|Defiant|KowtowCleave,SuckerPunch,IronHead,TeraBlast|||F|||50|,,,,,Flying]Rillaboom||MiracleSeed|GrassySurge|WoodHammer,GrassyGlide,HighHorsepower,FakeOut|||M|||50|,,,,,Fire
|showteam|p2|Ursaluna-Bloodmoon||AssaultVest|MindsEye|BloodMoon,EarthPower,HyperBeam,VacuumWave|||M|||50|,,,,,Grass]Clefable||RockyHelmet|Unaware|Moonblast,IcyWind,FollowMe,Protect|||F|||50|,,,,,Water]Rillaboom||ChoiceBand|GrassySurge|GrassyGlide,WoodHammer,Uturn,HighHorsepower|||F|||50|,,,,,Grass]Porygon2||Eviolite|Download|TeraBlast,IceBeam,Recover,TrickRoom||||||50|,,,,,Flying]Gholdengo||LifeOrb|GoodasGold|MakeItRain,ShadowBall,NastyPlot,Protect||||||50|,,,,,Water]Sneasler||GrassySeed|Unburden|DireClaw,CloseCombat,Protect,Acrobatics|||F|||50|,,,,,Flying
|j| frankina
|
|t:|1757127877
|teamsize|p1|4
|teamsize|p2|4
|start
|switch|p1a: Sneasler|Sneasler, L50, F|100/100
|switch|p1b: Ceruledge|Ceruledge, L50, F|100/100
|switch|p2a: Rillaboom|Rillaboom, L50, F|100/100
|switch|p2b: Sneasler|Sneasler, L50, F|100/100
|-fieldstart|move: Grassy Terrain|[from] ability: Grassy Surge|[of] p2a: Rillaboom
|-enditem|p2b: Sneasler|Grassy Seed
|-boost|p2b: Sneasler|def|1|[from] item: Grassy Seed
|turn|1
|
|t:|1757127904
|switch|p2a: Porygon2|Porygon2, L50|100/100
|-ability|p2a: Porygon2|Download|boost
|-boost|p2a: Porygon2|atk|1
|move|p2b: Sneasler|Dire Claw|p1b: Ceruledge
|-resisted|p1b: Ceruledge
|-damage|p1b: Ceruledge|73/100
|move|p1a: Sneasler|Coaching|p1b: Ceruledge
|-boost|p1b: Ceruledge|atk|1
|-boost|p1b: Ceruledge|def|1
|move|p1b: Ceruledge|Bitter Blade|p2a: Porygon2
|-damage|p2a: Porygon2|63/100
|-heal|p1b: Ceruledge|94/100|[from] drain|[of] p2a: Porygon2
|
|-heal|p1b: Ceruledge|99/100|[from] Grassy Terrain
|-heal|p2a: Porygon2|69/100|[from] Grassy Terrain
|upkeep
|turn|2
|
|t:|1757127956
|move|p2b: Sneasler|Acrobatics|p1a: Sneasler
|-supereffective|p1a: Sneasler
|-enditem|p1a: Sneasler|Focus Sash
|-damage|p1a: Sneasler|1/100
|move|p1a: Sneasler|Close Combat|p2a: Porygon2
|-supereffective|p2a: Porygon2
|-damage|p2a: Porygon2|0 fnt
|-unboost|p1a: Sneasler|def|1
|-unboost|p1a: Sneasler|spd|1
|faint|p2a: Porygon2
|move|p1b: Ceruledge|Bitter Blade|p2b: Sneasler
|-damage|p2b: Sneasler|24/100
|-heal|p1b: Ceruledge|100/100|[from] drain|[of] p2b: Sneasler
|
|-heal|p1a: Sneasler|7/100|[from] Grassy Terrain
|-heal|p2b: Sneasler|30/100|[from] Grassy Terrain
|upkeep
|
|t:|1757127963
|switch|p2a: Gholdengo|Gholdengo, L50|100/100
|turn|3
|
|t:|1757127993
|-terastallize|p2a: Gholdengo|Water
|move|p1b: Ceruledge|Protect|p1b: Ceruledge
|-singleturn|p1b: Ceruledge|Protect
|move|p1a: Sneasler|Coaching|p1b: Ceruledge
|-boost|p1b: Ceruledge|atk|1
|-boost|p1b: Ceruledge|def|1
|move|p2b: Sneasler|Dire Claw|p1a: Sneasler
|-resisted|p1a: Sneasler
|-damage|p1a: Sneasler|0 fnt
|faint|p1a: Sneasler
|move|p2a: Gholdengo|Shadow Ball|p1b: Ceruledge
|-activate|p1b: Ceruledge|move: Protect
|
|-heal|p2b: Sneasler|36/100|[from] Grassy Terrain
|upkeep
|
|t:|1757128012
|switch|p1a: Kingambit|Kingambit, L50, F|100/100
|turn|4
|
|t:|1757128029
|move|p2a: Gholdengo|Protect|p2a: Gholdengo
|-singleturn|p2a: Gholdengo|Protect
|move|p1b: Ceruledge|Shadow Sneak|p2a: Gholdengo
|-activate|p2a: Gholdengo|move: Protect
|move|p2b: Sneasler|Close Combat|p1a: Kingambit
|-supereffective|p1a: Kingambit
|-damage|p1a: Kingambit|0 fnt
|-unboost|p2b: Sneasler|def|1
|-unboost|p2b: Sneasler|spd|1
|faint|p1a: Kingambit
|
|-heal|p2b: Sneasler|42/100|[from] Grassy Terrain
|upkeep
|
|t:|1757128040
|switch|p1a: Dondozo|Dondozo, L50, F|100/100
|turn|5
|
|t:|1757128060
|move|p1b: Ceruledge|Protect|p1b: Ceruledge
|-singleturn|p1b: Ceruledge|Protect
|move|p2b: Sneasler|Dire Claw|p1b: Ceruledge
|-activate|p1b: Ceruledge|move: Protect
|move|p2a: Gholdengo|Shadow Ball|p1b: Ceruledge
|-activate|p1b: Ceruledge|move: Protect
|move|p1a: Dondozo|Fissure|p2a: Gholdengo|[miss]
|-miss|p1a: Dondozo|p2a: Gholdengo
|
|-heal|p2b: Sneasler|48/100|[from] Grassy Terrain
|-fieldend|move: Grassy Terrain
|upkeep
|turn|6
|
|t:|1757128095
|move|p1b: Ceruledge|Shadow Sneak|p2a: Gholdengo
|-damage|p2a: Gholdengo|50/100
|move|p2b: Sneasler|Dire Claw|p1b: Ceruledge
|-resisted|p1b: Ceruledge
|-damage|p1b: Ceruledge|87/100
|-status|p1b: Ceruledge|psn
|move|p2a: Gholdengo|Shadow Ball|p1b: Ceruledge
|-supereffective|p1b: Ceruledge
|-damage|p1b: Ceruledge|0 fnt
|faint|p1b: Ceruledge
|-damage|p2a: Gholdengo|40/100|[from] item: Life Orb
|move|p1a: Dondozo|Fissure|p2a: Gholdengo|[miss]
|-miss|p1a: Dondozo|p2a: Gholdengo
|
|upkeep
|turn|7
|
|t:|1757128123
|-terastallize|p1a: Dondozo|Poison
|move|p2a: Gholdengo|Protect|p2a: Gholdengo
|-singleturn|p2a: Gholdengo|Protect
|move|p2b: Sneasler|Dire Claw|p1a: Dondozo
|-resisted|p1a: Dondozo
|-damage|p1a: Dondozo|87/100
|move|p1a: Dondozo|Fissure|p2a: Gholdengo
|-activate|p2a: Gholdengo|move: Protect
|
|-heal|p1a: Dondozo|93/100|[from] item: Leftovers
|upkeep
|turn|8
|
|t:|1757128139
|move|p2b: Sneasler|Dire Claw|p1a: Dondozo
|-resisted|p1a: Dondozo
|-damage|p1a: Dondozo|80/100
|move|p2a: Gholdengo|Nasty Plot|p2a: Gholdengo
|-boost|p2a: Gholdengo|spa|2
|move|p1a: Dondozo|Fissure|p2a: Gholdengo|[miss]
|-miss|p1a: Dondozo|p2a: Gholdengo
|
|-heal|p1a: Dondozo|86/100|[from] item: Leftovers
|upkeep
|turn|9
|
|t:|1757128156
|move|p2a: Gholdengo|Protect|p2a: Gholdengo
|-singleturn|p2a: Gholdengo|Protect
|move|p1a: Dondozo|Protect|p1a: Dondozo
|-singleturn|p1a: Dondozo|Protect
|move|p2b: Sneasler|Dire Claw|p1a: Dondozo
|-activate|p1a: Dondozo|move: Protect
|
|-heal|p1a: Dondozo|93/100|[from] item: Leftovers
|upkeep
|turn|10
|
|t:|1757128168
|move|p2b: Sneasler|Close Combat|p1a: Dondozo
|-resisted|p1a: Dondozo
|-damage|p1a: Dondozo|72/100
|-unboost|p2b: Sneasler|def|1
|-unboost|p2b: Sneasler|spd|1
|move|p2a: Gholdengo|Shadow Ball|p1a: Dondozo
|-damage|p1a: Dondozo|32/100
|-damage|p2a: Gholdengo|30/100|[from] item: Life Orb
|move|p1a: Dondozo|Fissure|p2a: Gholdengo|[miss]
|-miss|p1a: Dondozo|p2a: Gholdengo
|
|-heal|p1a: Dondozo|38/100|[from] item: Leftovers
|upkeep
|turn|11
|
|t:|1757128183
|move|p1a: Dondozo|Protect|p1a: Dondozo
|-singleturn|p1a: Dondozo|Protect
|move|p2b: Sneasler|Close Combat|p1a: Dondozo
|-activate|p1a: Dondozo|move: Protect
|move|p2a: Gholdengo|Shadow Ball|p1a: Dondozo
|-activate|p1a: Dondozo|move: Protect
|
|-heal|p1a: Dondozo|45/100|[from] item: Leftovers
|upkeep
|turn|12
|
|t:|1757128196
|move|p2b: Sneasler|Close Combat|p1a: Dondozo
|-resisted|p1a: Dondozo
|-damage|p1a: Dondozo|25/100
|-unboost|p2b: Sneasler|def|1
|-unboost|p2b: Sneasler|spd|1
|move|p2a: Gholdengo|Shadow Ball|p1a: Dondozo
|-damage|p1a: Dondozo|0 fnt
|faint|p1a: Dondozo
|-damage|p2a: Gholdengo|20/100|[from] item: Life Orb
|
|win|FLIGHT30FLIGHT4
||FLIGHT30FLIGHT4 is ready for game 3.
|inactive|Thiaguitoomencito has 30 seconds to confirm battle start!
||Thiaguitoomencito is ready for game 3.
|uhtml|next|Next: Game 3 of 3
