|j|☆Jbl08
|j|☆ChimpDoppio
|html|Jbl08ChimpDoppio    
|uhtml|bestof|Game 2 of a best-of-3
|t:|1756895436
|gametype|doubles
|player|p1|Jbl08|266|1104
|player|p2|ChimpDoppio|ingo|1040
|gen|9
|tier|[Gen 9] VGC 2025 Reg H (Bo3)
|rated|
|rule|Species Clause: Limit one of each Pokémon
|rule|Item Clause: Limit 1 of each item
|clearpoke
|poke|p1|Annihilape, L50, M|
|poke|p1|Maushold, L50|
|poke|p1|Archaludon, L50, M|
|poke|p1|Amoonguss, L50, M|
|poke|p1|Incineroar, L50, M|
|poke|p1|Gholdengo, L50|
|poke|p2|Porygon2, L50|
|poke|p2|Ursaluna, L50, M|
|poke|p2|Volcarona, L50, F|
|poke|p2|Grimmsnarl, L50, M|
|poke|p2|Annihilape, L50, M|
|poke|p2|Hydreigon, L50, F|
|teampreview|4
|showteam|p1|Annihilape||Leftovers|Defiant|RageFist,DrainPunch,BulkUp,Coaching|||M|||50|,,,,,Fire]Maushold||SafetyGoggles|FriendGuard|FollowMe,Encore,PopulationBomb,Taunt||||||50|,,,,,Ghost]Archaludon||PowerHerb|Stamina|ElectroShot,BodyPress,DracoMeteor,Protect|||M|||50|,,,,,Electric]Amoonguss||SitrusBerry|Regenerator|Spore,RagePowder,PollenPuff,ClearSmog|||M|||50|,,,,,Water]Incineroar||AguavBerry|Intimidate|FakeOut,KnockOff,PartingShot,FlareBlitz|||M|||50|,,,,,Ghost]Gholdengo||LifeOrb|GoodasGold|MakeItRain,ShadowBall,Protect,NastyPlot||||||50|,,,,,Steel
|showteam|p2|Porygon2||Eviolite|Download|IceBeam,TeraBlast,Recover,TrickRoom||||||50|,,,,,Flying]Ursaluna||FlameOrb|Guts|Facade,Earthquake,HeadlongRush,Protect|||M|||50|,,,,,Ghost]Volcarona||SitrusBerry|FlameBody|GigaDrain,HeatWave,QuiverDance,RagePowder|||F|||50|,,,,,Dragon]Grimmsnarl||LightClay|Prankster|SpiritBreak,Reflect,LightScreen,PartingShot|||M|||50|,,,,,Ghost]Annihilape||SafetyGoggles|Defiant|Protect,BulkUp,DrainPunch,RageFist|||M|||50|,,,,,Water]Hydreigon||AssaultVest|Levitate|DracoMeteor,DarkPulse,EarthPower,FlashCannon|||F|||50|,,,,,Steel
|inactive|Battle timer is ON: inactive players will automatically lose when time's up. (requested by ChimpDoppio)
|inactive|Jbl08 has 60 seconds left.
|
|t:|1756895488
|teamsize|p1|4
|teamsize|p2|4
|start
|switch|p1a: Maushold|Maushold, L50|100/100
|switch|p1b: Annihilape|Annihilape, L50, M, shiny|100/100
|switch|p2a: Grimmsnarl|Grimmsnarl, L50, M|100/100
|switch|p2b: Porygon2|Porygon2, L50, shiny|100/100
|-ability|p2b: Porygon2|Download|boost
|-boost|p2b: Porygon2|atk|1
|turn|1
|inactive|Jbl08 has 30 seconds left.
|inactive|ChimpDoppio has 30 seconds left.
|
|t:|1756895517
|-terastallize|p2b: Porygon2|Flying
|move|p2a: Grimmsnarl|Reflect|p2a: Grimmsnarl
|-sidestart|p2: ChimpDoppio|Reflect
|move|p1a: Maushold|Taunt|p2a: Grimmsnarl
|-start|p2a: Grimmsnarl|move: Taunt
|move|p1b: Annihilape|Bulk Up|p1b: Annihilape
|-boost|p1b: Annihilape|atk|1
|-boost|p1b: Annihilape|def|1
|move|p2b: Porygon2|Tera Blast|p1b: Annihilape|[anim] Tera Blast Flying
|-supereffective|p1b: Annihilape
|-damage|p1b: Annihilape|59/100
|
|-heal|p1b: Annihilape|65/100|[from] item: Leftovers
|upkeep
|turn|2
|
|t:|1756895541
|switch|p2a: Volcarona|Volcarona, L50, F, shiny|100/100
|move|p1a: Maushold|Follow Me|p1a: Maushold
|-singleturn|p1a: Maushold|move: Follow Me
|move|p1b: Annihilape|Rage Fist|p2b: Porygon2
|-damage|p2b: Porygon2|72/100
|move|p2b: Porygon2|Tera Blast|p1a: Maushold|[anim] Tera Blast Flying
|-damage|p1a: Maushold|66/100
|
|-heal|p1b: Annihilape|71/100|[from] item: Leftovers
|upkeep
|turn|3
|inactive|Jbl08 has 30 seconds left.
|inactive|Jbl08 has 20 seconds left.
|inactive|Jbl08 has 15 seconds left.
|
|t:|1756895583
|move|p1a: Maushold|Taunt|p2a: Volcarona
|-start|p2a: Volcarona|move: Taunt
|move|p2a: Volcarona|Heat Wave|p1a: Maushold|[spread] p1a,p1b
|-damage|p1a: Maushold|37/100
|-damage|p1b: Annihilape|53/100
|move|p1b: Annihilape|Bulk Up|p1b: Annihilape
|-boost|p1b: Annihilape|atk|1
|-boost|p1b: Annihilape|def|1
|move|p2b: Porygon2|Trick Room|p2b: Porygon2
|-fieldstart|move: Trick Room|[of] p2b: Porygon2
|
|-heal|p1b: Annihilape|60/100|[from] item: Leftovers
|upkeep
|turn|4
|inactive|ChimpDoppio has 30 seconds left.
|inactive|ChimpDoppio has 20 seconds left.
|
|t:|1756895619
|move|p1a: Maushold|Follow Me|p1a: Maushold
|-singleturn|p1a: Maushold|move: Follow Me
|move|p2b: Porygon2|Tera Blast|p1a: Maushold|[anim] Tera Blast Flying
|-damage|p1a: Maushold|7/100
|move|p1b: Annihilape|Rage Fist|p2a: Volcarona
|-damage|p2a: Volcarona|16/100
|-enditem|p2a: Volcarona|Sitrus Berry|[eat]
|-heal|p2a: Volcarona|41/100|[from] item: Sitrus Berry
|move|p2a: Volcarona|Giga Drain|p1a: Maushold
|-damage|p1a: Maushold|0 fnt
|-heal|p2a: Volcarona|44/100|[from] drain|[of] p1a: Maushold
|faint|p1a: Maushold
|
|-heal|p1b: Annihilape|66/100|[from] item: Leftovers
|upkeep
|inactive|Jbl08 has 30 seconds left.
|
|t:|1756895647
|switch|p1a: Archaludon|Archaludon, L50, M, shiny|100/100
|turn|5
|
|t:|1756895662
|switch|p2a: Ursaluna|Ursaluna, L50, M|100/100
|move|p2b: Porygon2|Tera Blast|p1b: Annihilape|[anim] Tera Blast Flying
|-supereffective|p1b: Annihilape
|-damage|p1b: Annihilape|17/100
|move|p1a: Archaludon|Electro Shot||[still]
|-prepare|p1a: Archaludon|Electro Shot
|-boost|p1a: Archaludon|spa|1
|-enditem|p1a: Archaludon|Power Herb
|-anim|p1a: Archaludon|Electro Shot|p2b: Porygon2
|-supereffective|p2b: Porygon2
|-damage|p2b: Porygon2|15/100
|move|p1b: Annihilape|Rage Fist|p2a: Ursaluna
|-immune|p2a: Ursaluna
|
|-heal|p1b: Annihilape|23/100|[from] item: Leftovers
|-status|p2a: Ursaluna|brn|[from] item: Flame Orb
|upkeep
|turn|6
|inactive|ChimpDoppio has 30 seconds left.
|
|t:|1756895694
|move|p1a: Archaludon|Protect|p1a: Archaludon
|-singleturn|p1a: Archaludon|Protect
|move|p2a: Ursaluna|Earthquake|p1b: Annihilape|[spread] p1b
|-activate|p1a: Archaludon|move: Protect
|-immune|p2b: Porygon2
|-damage|p1b: Annihilape|0 fnt
|faint|p1b: Annihilape
|move|p2b: Porygon2|Tera Blast|p1a: Archaludon|[anim] Tera Blast Flying
|-activate|p1a: Archaludon|move: Protect
|
|-damage|p2a: Ursaluna|95/100 brn|[from] brn
|upkeep
|
|t:|1756895705
|switch|p1b: Gholdengo|Gholdengo, L50|100/100
|turn|7
|
|t:|1756895718
|move|p1b: Gholdengo|Protect|p1b: Gholdengo
|-singleturn|p1b: Gholdengo|Protect
|move|p2a: Ursaluna|Headlong Rush|p1a: Archaludon
|-supereffective|p1a: Archaludon
|-damage|p1a: Archaludon|0 fnt
|-unboost|p2a: Ursaluna|def|1
|-unboost|p2a: Ursaluna|spd|1
|faint|p1a: Archaludon
|move|p2b: Porygon2|Recover|p2b: Porygon2
|-heal|p2b: Porygon2|65/100
|
|-damage|p2a: Ursaluna|89/100 brn|[from] brn
|-fieldend|move: Trick Room
|upkeep
|turn|8
|
|t:|1756895730
|move|p2a: Ursaluna|Protect|p2a: Ursaluna
|-singleturn|p2a: Ursaluna|Protect
|move|p1b: Gholdengo|Make It Rain|p2b: Porygon2|[spread] p2b
|-activate|p2a: Ursaluna|move: Protect
|-damage|p2b: Porygon2|35/100
|-unboost|p1b: Gholdengo|spa|1
|-damage|p1b: Gholdengo|90/100|[from] item: Life Orb
|move|p2b: Porygon2|Trick Room|p2b: Porygon2
|-fieldstart|move: Trick Room|[of] p2b: Porygon2
|
|-damage|p2a: Ursaluna|83/100 brn|[from] brn
|-sideend|p2: ChimpDoppio|Reflect
|upkeep
|turn|9
|
|t:|1756895750
|switch|p2a: Volcarona|Volcarona, L50, F, shiny|44/100
|move|p1b: Gholdengo|Protect|p1b: Gholdengo
|-singleturn|p1b: Gholdengo|Protect
|move|p2b: Porygon2|Tera Blast|p1b: Gholdengo|[anim] Tera Blast Flying
|-activate|p1b: Gholdengo|move: Protect
|
|upkeep
|turn|10
|
|t:|1756895765
|-terastallize|p1b: Gholdengo|Steel
|move|p2b: Porygon2|Recover|p2b: Porygon2
|-heal|p2b: Porygon2|85/100
|move|p2a: Volcarona|Heat Wave|p1b: Gholdengo|[miss]
|-miss|p2a: Volcarona|p1b: Gholdengo
|move|p1b: Gholdengo|Nasty Plot|p1b: Gholdengo
|-boost|p1b: Gholdengo|spa|2
|
|upkeep
|turn|11
|
|t:|1756895782
|move|p2b: Porygon2|Tera Blast|p1b: Gholdengo|[anim] Tera Blast Flying
|-resisted|p1b: Gholdengo
|-damage|p1b: Gholdengo|75/100
|move|p2a: Volcarona|Heat Wave|p1b: Gholdengo
|-supereffective|p1b: Gholdengo
|-damage|p1b: Gholdengo|0 fnt
|faint|p1b: Gholdengo
|
|win|ChimpDoppio
|raw|Jbl08's rating: 1104 → 1074(-30 for losing)
|raw|ChimpDoppio's rating: 1040 → 1080(+40 for winning)
|l|☆Jbl08
|player|p1|
