|j|☆BierSV
|j|☆gostzin
|html|BierSVgostzin    
|uhtml|bestof|Game 3 of a best-of-3
|t:|1756172322
|gametype|doubles
|player|p1|BierSV|lance|
|player|p2|gostzin|102|
|gen|9
|tier|[Gen 9] VGC 2025 Reg H (Bo3)
|rule|Species Clause: Limit one of each Pokémon
|rule|Item Clause: Limit 1 of each item
|clearpoke
|poke|p1|Sneasler, L50, M|
|poke|p1|Electabuzz, L50, M|
|poke|p1|Rillaboom, L50, F|
|poke|p1|Volcarona, L50, F|
|poke|p1|Dragonite, L50, M|
|poke|p1|Gholdengo, L50|
|poke|p2|Incineroar, L50, M|
|poke|p2|Volcarona, L50, F|
|poke|p2|Amoonguss, L50, F|
|poke|p2|Ninetales-Alola, L50, M|
|poke|p2|Ursaluna-Bloodmoon, L50, M|
|poke|p2|Kingambit, L50, M|
|teampreview|4
|showteam|p1|Sneasler||FocusSash|PoisonTouch|CloseCombat,DireClaw,ThroatChop,FakeOut|||M|||50|,,,,,Stellar]Electabuzz||Eviolite|VitalSpirit|FollowMe,Electroweb,Taunt,Protect|||M|||50|,,,,,Ghost]Rillaboom||AssaultVest|GrassySurge|WoodHammer,GrassyGlide,HighHorsepower,FakeOut|||F|||50|,,,,,Fire]Volcarona||Leftovers|FlameBody|Protect,QuiverDance,HeatWave,TeraBlast|||F|||50|,,,,,Fairy]Dragonite||LoadedDice|Multiscale|Protect,ExtremeSpeed,Haze,ScaleShot|||M|||50|,,,,,Fairy]Gholdengo||LifeOrb|GoodasGold|MakeItRain,ShadowBall,NastyPlot,Protect||||||50|,,,,,Water
|showteam|p2|Incineroar||SafetyGoggles|Intimidate|WillOWisp,FakeOut,Taunt,KnockOff|||M|||50|,,,,,Ghost]Volcarona||CovertCloak|FlameBody|QuiverDance,FieryDance,GigaDrain,Protect|||F|||50|,,,,,Fairy]Amoonguss||RockyHelmet|Regenerator|Spore,ClearSmog,PollenPuff,RagePowder|||F|||50|,,,,,Water]Ninetales-Alola||FocusSash|SnowWarning|Blizzard,FreezeDry,IcyWind,AuroraVeil|||M|||50|,,,,,Ghost]Ursaluna-Bloodmoon||AssaultVest|MindsEye|BloodMoon,EarthPower,HyperVoice,VacuumWave|||M|||50|,,,,,Ghost]Kingambit||BlackGlasses|Defiant|SuckerPunch,Protect,KowtowCleave,SwordsDance|||M|||50|,,,,,Dark
|j| moreiraxyz07
|j| drd0712
|j| DoubleBad17
|j| wonderfulnewghost
|inactive|Battle timer is ON: inactive players will automatically lose when time's up. (requested by gostzin)
|j| kiminha17
|j| LuSante
|j| int shinji
|j| janmartinez
|j| tapadelunala
|inactive|BierSV has 60 seconds left.
|inactive|gostzin has 60 seconds left.
|inactive|gostzin has 30 seconds left.
|l| tapadelunala
|inactive|gostzin has 20 seconds left.
|j| tapadelunala
|inactive|gostzin has 15 seconds left.
|
|t:|1756172405
|teamsize|p1|4
|teamsize|p2|4
|start
|switch|p1a: Electabuzz|Electabuzz, L50, M|100/100
|switch|p1b: Volcarona|Volcarona, L50, F|100/100
|switch|p2a: Incineroar|Incineroar, L50, M, shiny|100/100
|switch|p2b: Volcarona|Volcarona, L50, F, shiny|100/100
|-ability|p2a: Incineroar|Intimidate|boost
|-unboost|p1a: Electabuzz|atk|1
|-unboost|p1b: Volcarona|atk|1
|turn|1
|
|t:|1756172418
|move|p2a: Incineroar|Fake Out|p1a: Electabuzz
|-damage|p1a: Electabuzz|88/100
|cant|p1a: Electabuzz|flinch
|move|p2b: Volcarona|Quiver Dance|p2b: Volcarona
|-boost|p2b: Volcarona|spa|1
|-boost|p2b: Volcarona|spd|1
|-boost|p2b: Volcarona|spe|1
|move|p1b: Volcarona|Quiver Dance|p1b: Volcarona
|-boost|p1b: Volcarona|spa|1
|-boost|p1b: Volcarona|spd|1
|-boost|p1b: Volcarona|spe|1
|
|upkeep
|turn|2
|
|t:|1756172434
|move|p2b: Volcarona|Quiver Dance|p2b: Volcarona
|-boost|p2b: Volcarona|spa|1
|-boost|p2b: Volcarona|spd|1
|-boost|p2b: Volcarona|spe|1
|move|p1b: Volcarona|Quiver Dance|p1b: Volcarona
|-boost|p1b: Volcarona|spa|1
|-boost|p1b: Volcarona|spd|1
|-boost|p1b: Volcarona|spe|1
|move|p1a: Electabuzz|Taunt|p2b: Volcarona
|-start|p2b: Volcarona|move: Taunt
|move|p2a: Incineroar|Knock Off|p1b: Volcarona
|-damage|p1b: Volcarona|60/100
|-enditem|p1b: Volcarona|Leftovers|[from] move: Knock Off|[of] p2a: Incineroar
|
|upkeep
|turn|3
|
|t:|1756172452
|move|p1a: Electabuzz|Follow Me|p1a: Electabuzz
|-singleturn|p1a: Electabuzz|move: Follow Me
|move|p2b: Volcarona|Fiery Dance|p1a: Electabuzz
|-damage|p1a: Electabuzz|24/100
|-boost|p2b: Volcarona|spa|1
|move|p1b: Volcarona|Quiver Dance|p1b: Volcarona
|-boost|p1b: Volcarona|spa|1
|-boost|p1b: Volcarona|spd|1
|-boost|p1b: Volcarona|spe|1
|move|p2a: Incineroar|Knock Off|p1a: Electabuzz
|-damage|p1a: Electabuzz|0 fnt
|-enditem|p1a: Electabuzz|Eviolite|[from] move: Knock Off|[of] p2a: Incineroar
|faint|p1a: Electabuzz
|
|upkeep
|
|t:|1756172464
|switch|p1a: Gholdengo|Gholdengo, L50|100/100
|turn|4
|
|t:|1756172479
|move|p1a: Gholdengo|Protect|p1a: Gholdengo
|-singleturn|p1a: Gholdengo|Protect
|move|p1b: Volcarona|Heat Wave|p2b: Volcarona|[spread] p2a,p2b
|-resisted|p2a: Incineroar
|-damage|p2a: Incineroar|65/100
|-damage|p2b: Volcarona|62/100
|move|p2b: Volcarona|Fiery Dance|p1a: Gholdengo
|-activate|p1a: Gholdengo|move: Protect
|move|p2a: Incineroar|Taunt|p1b: Volcarona
|-start|p1b: Volcarona|move: Taunt
|
|upkeep
|turn|5
|inactive|BierSV has 30 seconds left.
|inactive|gostzin has 30 seconds left.
|
|t:|1756172514
|move|p1b: Volcarona|Heat Wave|p2a: Incineroar|[spread] p2a,p2b
|-resisted|p2a: Incineroar
|-damage|p2a: Incineroar|30/100
|-damage|p2b: Volcarona|25/100
|move|p2b: Volcarona|Fiery Dance|p1b: Volcarona
|-damage|p1b: Volcarona|23/100
|move|p1a: Gholdengo|Shadow Ball|p2b: Volcarona
|-damage|p2b: Volcarona|4/100
|-damage|p1a: Gholdengo|91/100|[from] item: Life Orb
|move|p2a: Incineroar|Knock Off|p1b: Volcarona
|-damage|p1b: Volcarona|0 fnt
|faint|p1b: Volcarona
|
|-end|p2b: Volcarona|move: Taunt
|upkeep
|
|t:|1756172528
|switch|p1b: Sneasler|Sneasler, L50, M|100/100
|turn|6
|inactive|gostzin has 30 seconds left.
|inactive|gostzin has 20 seconds left.
|
|t:|1756172566
|-terastallize|p1a: Gholdengo|Water
|move|p2b: Volcarona|Protect|p2b: Volcarona
|-singleturn|p2b: Volcarona|Protect
|move|p1b: Sneasler|Fake Out|p2b: Volcarona
|-activate|p2b: Volcarona|move: Protect
|move|p1a: Gholdengo|Nasty Plot|p1a: Gholdengo
|-boost|p1a: Gholdengo|spa|2
|move|p2a: Incineroar|Knock Off|p1b: Sneasler
|-resisted|p1b: Sneasler
|-damage|p1b: Sneasler|63/100
|-enditem|p1b: Sneasler|Focus Sash|[from] move: Knock Off|[of] p2a: Incineroar
|
|upkeep
|turn|7
|
|t:|1756172588
|move|p2b: Volcarona|Fiery Dance|p1b: Sneasler
|-damage|p1b: Sneasler|0 fnt
|faint|p1b: Sneasler
|move|p1a: Gholdengo|Make It Rain|p2a: Incineroar|[spread] p2a,p2b
|-resisted|p2a: Incineroar
|-resisted|p2b: Volcarona
|-damage|p2a: Incineroar|0 fnt
|-damage|p2b: Volcarona|0 fnt
|-unboost|p1a: Gholdengo|spa|1
|faint|p2a: Incineroar
|faint|p2b: Volcarona
|-damage|p1a: Gholdengo|81/100|[from] item: Life Orb
|
|upkeep
|
|t:|1756172599
|switch|p2b: Kingambit|Kingambit, L50, M, shiny|100/100
|switch|p2a: Ursaluna|Ursaluna-Bloodmoon, L50, M|100/100
|turn|8
|
|t:|1756172613
|move|p2b: Kingambit|Sucker Punch|p1a: Gholdengo
|-damage|p1a: Gholdengo|33/100
|move|p1a: Gholdengo|Make It Rain|p2b: Kingambit|[spread] p2a,p2b
|-resisted|p2b: Kingambit
|-damage|p2a: Ursaluna|44/100
|-damage|p2b: Kingambit|58/100
|-unboost|p1a: Gholdengo|spa|1
|-damage|p1a: Gholdengo|24/100|[from] item: Life Orb
|move|p2a: Ursaluna|Blood Moon|p1a: Gholdengo
|-damage|p1a: Gholdengo|0 fnt
|faint|p1a: Gholdengo
|
|win|gostzin
|c|☆BierSV|gg mano
|c|☆BierSV|jogaço
|c|☆gostzin|jogaaaao
|l| tapadelunala
|l| moreiraxyz07
|l| drd0712
|l| LuSante
|l| int shinji
|l| janmartinez
|l| kiminha17
|l| wonderfulnewghost
|j| wonderfulnewghost
|l| wonderfulnewghost
