|j|☆bruinbroker01
|j|☆hermit5
|html|bruinbroker01hermit5    
|uhtml|bestof|Game 1 of a best-of-3
|t:|1756405316
|gametype|doubles
|player|p1|bruinbroker01|2|1012
|player|p2|hermit5|red|1095
|gen|9
|tier|[Gen 9] VGC 2025 Reg H (Bo3)
|rated|
|rule|Species Clause: Limit one of each Pokémon
|rule|Item Clause: Limit 1 of each item
|clearpoke
|poke|p1|Primarina, L50, F|
|poke|p1|Sylveon, L50, M|
|poke|p1|Indeedee, L50, M|
|poke|p1|Meowscarada, L50, F|
|poke|p1|Sneasler, L50, M|
|poke|p1|Decidueye-Hisui, L50, F|
|poke|p2|Dragonite, L50, F|
|poke|p2|Sneasler, L50, F|
|poke|p2|Incineroar, L50, F|
|poke|p2|Archaludon, L50, M|
|poke|p2|Basculegion, L50, M|
|poke|p2|Murkrow, L50, M|
|teampreview|4
|showteam|p1|Primarina||LifeOrb|LiquidVoice|WaterPledge,HyperVoice,Moonblast,Protect|||F|||50|,,,,,Steel]Sylveon||ChoiceSpecs|Pixilate|HyperVoice,ShadowBall,HyperBeam,Psychic|||M|||50|,,,,,Ghost]Indeedee||SafetyGoggles|PsychicSurge|ExpandingForce,TeraBlast,TrickRoom,Imprison|||M|||50|,,,,,Fire]Meowscarada||FocusSash|Overgrow|KnockOff,FlowerTrick,Protect,GrassPledge|||F|||50|,,,,,Fairy]Sneasler||PsychicSeed|Unburden|DireClaw,Acrobatics,CloseCombat,Protect|||M|||50|,,,,,Grass]Decidueye-Hisui||RazorClaw|Scrappy|TripleArrows,Haze,LeafBlade,Protect|||F|||50|,,,,,Fire
|showteam|p2|Dragonite||LoadedDice|Multiscale|ScaleShot,Protect,Haze,ExtremeSpeed|||F|||50|,,,,,Fairy]Sneasler||FocusSash|PoisonTouch|Coaching,CloseCombat,DireClaw,Protect|||F|||50|,,,,,Flying]Incineroar||SafetyGoggles|Intimidate|FakeOut,KnockOff,FlareBlitz,PartingShot|||F|||50|,,,,,Ghost]Archaludon||AssaultVest|Stamina|ElectroShot,BodyPress,FlashCannon,DracoMeteor|||M|||50|,,,,,Grass]Basculegion||ClearAmulet|SwiftSwim|WaveCrash,Crunch,TeraBlast,Protect|||M|||50|,,,,,Grass]Murkrow||Eviolite|Prankster|FoulPlay,RainDance,Tailwind,Protect|||M|||50|,,,,,Dark
|
|t:|1756405373
|teamsize|p1|4
|teamsize|p2|4
|start
|switch|p1a: Primarina|Primarina, L50, F, shiny|100/100
|switch|p1b: Meowscarada|Meowscarada, L50, F, shiny|100/100
|switch|p2a: Dragonite|Dragonite, L50, F, shiny|100/100
|switch|p2b: Sneasler|Sneasler, L50, F|100/100
|turn|1
|
|t:|1756405396
|-terastallize|p2a: Dragonite|Fairy
|move|p1b: Meowscarada|Grass Pledge|p2b: Sneasler
|-waiting|p1b: Meowscarada|p1a: Primarina
|move|p1a: Primarina|Water Pledge|p2b: Sneasler|[from] move: Grass Pledge
|-combine
|-resisted|p2b: Sneasler
|-damage|p2b: Sneasler|28/100
|-sidestart|p2: hermit5|Grass Pledge
|-damage|p1a: Primarina|91/100|[from] item: Life Orb
|move|p2b: Sneasler|Dire Claw|p1a: Primarina
|-supereffective|p1a: Primarina
|-damage|p1a: Primarina|0 fnt
|faint|p1a: Primarina
|move|p2a: Dragonite|Scale Shot|p1b: Meowscarada
|-damage|p1b: Meowscarada|77/100
|-damage|p1b: Meowscarada|53/100
|-damage|p1b: Meowscarada|29/100
|-damage|p1b: Meowscarada|5/100
|-hitcount|p1b: Meowscarada|4
|-unboost|p2a: Dragonite|def|1
|-boost|p2a: Dragonite|spe|1
|
|upkeep
|
|t:|1756405418
|switch|p1a: Indeedee|Indeedee, L50, M, shiny|100/100
|-fieldstart|move: Psychic Terrain|[from] ability: Psychic Surge|[of] p1a: Indeedee
|turn|2
|
|t:|1756405437
|move|p2b: Sneasler|Protect|p2b: Sneasler
|-singleturn|p2b: Sneasler|Protect
|move|p1b: Meowscarada|Knock Off|p2a: Dragonite
|-resisted|p2a: Dragonite
|-damage|p2a: Dragonite|81/100
|-enditem|p2a: Dragonite|Loaded Dice|[from] move: Knock Off|[of] p1b: Meowscarada
|move|p1a: Indeedee|Expanding Force|p2b: Sneasler|[spread] p2a
|-activate|p2b: Sneasler|move: Protect
|-crit|p2a: Dragonite
|-damage|p2a: Dragonite|0 fnt
|faint|p2a: Dragonite
|
|upkeep
|
|t:|1756405450
|switch|p2a: Incineroar|Incineroar, L50, F|100/100
|-ability|p2a: Incineroar|Intimidate|boost
|-unboost|p1a: Indeedee|atk|1
|-unboost|p1b: Meowscarada|atk|1
|turn|3
|
|t:|1756405491
|-terastallize|p1a: Indeedee|Fire
|move|p1b: Meowscarada|Flower Trick|p2a: Incineroar
|-resisted|p2a: Incineroar
|-crit|p2a: Incineroar
|-damage|p2a: Incineroar|68/100
|move|p1a: Indeedee|Expanding Force|p2b: Sneasler|[spread] p2b
|-immune|p2a: Incineroar
|-supereffective|p2b: Sneasler
|-damage|p2b: Sneasler|0 fnt
|faint|p2b: Sneasler
|move|p2a: Incineroar|Flare Blitz|p1b: Meowscarada
|-supereffective|p1b: Meowscarada
|-damage|p1b: Meowscarada|0 fnt
|faint|p1b: Meowscarada
|-damage|p2a: Incineroar|67/100|[from] Recoil
|
|upkeep
|
|t:|1756405505
|switch|p1b: Sylveon|Sylveon, L50, M|100/100
|switch|p2b: Archaludon|Archaludon, L50, M|100/100
|turn|4
|
|t:|1756405519
|move|p1a: Indeedee|Expanding Force|p2a: Incineroar|[spread] p2b
|-immune|p2a: Incineroar
|-resisted|p2b: Archaludon
|-damage|p2b: Archaludon|84/100
|-ability|p2b: Archaludon|Stamina|boost
|-boost|p2b: Archaludon|def|1
|move|p1b: Sylveon|Hyper Voice|p2b: Archaludon|[spread] p2a,p2b
|-damage|p2a: Incineroar|14/100
|-damage|p2b: Archaludon|44/100
|-ability|p2b: Archaludon|Stamina|boost
|-boost|p2b: Archaludon|def|1
|move|p2b: Archaludon|Flash Cannon|p1b: Sylveon
|-supereffective|p1b: Sylveon
|-damage|p1b: Sylveon|33/100
|move|p2a: Incineroar|Knock Off|p1a: Indeedee
|-damage|p1a: Indeedee|46/100
|-enditem|p1a: Indeedee|Safety Goggles|[from] move: Knock Off|[of] p2a: Incineroar
|
|-sideend|p2: hermit5|Grass Pledge
|upkeep
|turn|5
|
|t:|1756405544
|move|p1a: Indeedee|Expanding Force|p2a: Incineroar|[spread] p2b
|-immune|p2a: Incineroar
|-resisted|p2b: Archaludon
|-damage|p2b: Archaludon|28/100
|-ability|p2b: Archaludon|Stamina|boost
|-boost|p2b: Archaludon|def|1
|move|p2b: Archaludon|Draco Meteor|p1a: Indeedee
|-damage|p1a: Indeedee|0 fnt
|-unboost|p2b: Archaludon|spa|2
|faint|p1a: Indeedee
|move|p1b: Sylveon|Hyper Voice|p2b: Archaludon|[spread] p2a,p2b
|-damage|p2a: Incineroar|0 fnt
|-damage|p2b: Archaludon|0 fnt
|faint|p2a: Incineroar
|faint|p2b: Archaludon
|
|win|bruinbroker01
|inactive|bruinbroker01 has 30 seconds to confirm battle start!
|inactive|hermit5 has 30 seconds to confirm battle start!
||hermit5 is ready for game 2.
||bruinbroker01 is ready for game 2.
|uhtml|next|Next: Game 2 of 3
