|j|☆WASHINGTONGARGACHA
|j|☆trchlt1
|html|WASHINGTONGARGACHAtrchlt1    
|uhtml|bestof|Game 2 of a best-of-3
|t:|1757768408
|gametype|doubles
|player|p1|WASHINGTONGARGACHA|101|1177
|player|p2|trchlt1|2|1322
|gen|9
|tier|[Gen 9] VGC 2025 Reg H (Bo3)
|rated|
|rule|Species Clause: Limit one of each Pokémon
|rule|Item Clause: Limit 1 of each item
|clearpoke
|poke|p1|Gholdengo, L50|
|poke|p1|Ursaluna, L50, F|
|poke|p1|Archaludon, L50, F|
|poke|p1|Murkrow, L50, F|
|poke|p1|Indeedee-F, L50, F|
|poke|p1|Sneasler, L50, M|
|poke|p2|Whimsicott, L50, M|
|poke|p2|Gholdengo, L50|
|poke|p2|Sneasler, L50, F|
|poke|p2|Garchomp, L50, M|
|poke|p2|Dragonite, L50, F|
|poke|p2|Incineroar, L50, F|
|teampreview|4
|showteam|p1|Gholdengo||ChoiceSpecs|GoodasGold|ShadowBall,MakeItRain,SteelBeam,PowerGem||||||50|,,,,,Steel]Ursaluna||FlameOrb|Guts|Facade,HeadlongRush,Earthquake,Protect|||F|||50|,,,,,Ghost]Archaludon||PowerHerb|Sturdy|ElectroShot,FlashCannon,DracoMeteor,Protect|||F|||50|,,,,,Grass]Murkrow||Eviolite|Prankster|Tailwind,RainDance,FoulPlay,Haze|||F|||50|,,,,,Dark]Indeedee-F||SitrusBerry|PsychicSurge|FollowMe,TrickRoom,Psychic,Imprison|||F|||50|,,,,,Fire]Sneasler||PsychicSeed|Unburden|CloseCombat,DireClaw,ThroatChop,Protect|||M|||50|,,,,,Dark
|showteam|p2|Whimsicott||FocusSash|Prankster|Protect,Moonblast,Tailwind,Encore|||M|||50|,,,,,Ghost]Gholdengo||ChoiceSpecs|GoodasGold|MakeItRain,ShadowBall,Trick,PowerGem||||||50|,,,,,Steel]Sneasler||WhiteHerb|Unburden|Protect,DireClaw,CloseCombat,FakeOut|||F|||50|,,,,,Stellar]Garchomp||LifeOrb|RoughSkin|Protect,Earthquake,StompingTantrum,DragonClaw|||M|||50|,,,,,Ground]Dragonite||ChoiceBand|InnerFocus|ExtremeSpeed,Outrage,IceSpinner,StompingTantrum|||F|||50|,,,,,Normal]Incineroar||AssaultVest|Intimidate|FlareBlitz,KnockOff,Uturn,FakeOut|||F|||50|,,,,,Grass
|inactive|Battle timer is ON: inactive players will automatically lose when time's up. (requested by trchlt1)
|
|t:|1757768439
|teamsize|p1|4
|teamsize|p2|4
|start
|switch|p1a: Murkrow|Murkrow, L50, F|100/100
|switch|p1b: Archaludon|Archaludon, L50, F|100/100
|switch|p2a: Garchomp|Garchomp, L50, M|100/100
|switch|p2b: Dragonite|Dragonite, L50, F|100/100
|turn|1
|inactive|trchlt1 has 30 seconds left.
|inactive|trchlt1 has 20 seconds left.
|inactive|trchlt1 has 15 seconds left.
|
|t:|1757768482
|switch|p2a: Gholdengo|Gholdengo, L50|100/100
|-terastallize|p1b: Archaludon|Grass
|move|p1a: Murkrow|Tailwind|p1a: Murkrow
|-sidestart|p1: WASHINGTONGARGACHA|move: Tailwind
|move|p1b: Archaludon|Electro Shot||[still]
|-prepare|p1b: Archaludon|Electro Shot
|-boost|p1b: Archaludon|spa|1
|-enditem|p1b: Archaludon|Power Herb
|-anim|p1b: Archaludon|Electro Shot|p2b: Dragonite
|-damage|p2b: Dragonite|37/100
|move|p2b: Dragonite|Outrage|p1a: Murkrow
|-damage|p1a: Murkrow|0 fnt
|faint|p1a: Murkrow
|
|upkeep
|
|t:|1757768500
|switch|p1a: Sneasler|Sneasler, L50, M|100/100
|turn|2
|
|t:|1757768513
|-terastallize|p2a: Gholdengo|Steel
|move|p1a: Sneasler|Protect|p1a: Sneasler
|-singleturn|p1a: Sneasler|Protect
|move|p1b: Archaludon|Protect|p1b: Archaludon
|-singleturn|p1b: Archaludon|Protect
|move|p2a: Gholdengo|Make It Rain|p1a: Sneasler|[spread] 
|-activate|p1a: Sneasler|move: Protect
|-activate|p1b: Archaludon|move: Protect
|move|p2b: Dragonite|Outrage|p1a: Sneasler|[from] lockedmove
|-activate|p1a: Sneasler|move: Protect
|
|upkeep
|turn|3
|inactive|WASHINGTONGARGACHA has 30 seconds left.
|
|t:|1757768539
|switch|p2a: Garchomp|Garchomp, L50, M|100/100
|switch|p2b: Incineroar|Incineroar, L50, F|100/100
|-ability|p2b: Incineroar|Intimidate|boost
|-unboost|p1a: Sneasler|atk|1
|-unboost|p1b: Archaludon|atk|1
|move|p1a: Sneasler|Close Combat|p2a: Garchomp
|-damage|p2a: Garchomp|50/100
|-unboost|p1a: Sneasler|def|1
|-unboost|p1a: Sneasler|spd|1
|-damage|p1a: Sneasler|88/100|[from] ability: Rough Skin|[of] p2a: Garchomp
|move|p1b: Archaludon|Flash Cannon|p2b: Incineroar
|-resisted|p2b: Incineroar
|-damage|p2b: Incineroar|80/100
|
|upkeep
|turn|4
|inactive|WASHINGTONGARGACHA has 30 seconds left.
|
|t:|1757768571
|move|p2b: Incineroar|Fake Out|p1b: Archaludon
|-damage|p1b: Archaludon|90/100
|move|p1a: Sneasler|Close Combat|p2b: Incineroar
|-supereffective|p2b: Incineroar
|-damage|p2b: Incineroar|0 fnt
|-unboost|p1a: Sneasler|def|1
|-unboost|p1a: Sneasler|spd|1
|faint|p2b: Incineroar
|cant|p1b: Archaludon|flinch
|move|p2a: Garchomp|Stomping Tantrum|p1a: Sneasler
|-supereffective|p1a: Sneasler
|-damage|p1a: Sneasler|0 fnt
|faint|p1a: Sneasler
|-damage|p2a: Garchomp|40/100|[from] item: Life Orb
|
|-sideend|p1: WASHINGTONGARGACHA|move: Tailwind
|upkeep
|
|t:|1757768588
|switch|p1a: Indeedee|Indeedee-F, L50, F|100/100
|switch|p2b: Dragonite|Dragonite, L50, F|37/100
|-fieldstart|move: Psychic Terrain|[from] ability: Psychic Surge|[of] p1a: Indeedee
|turn|5
|
|t:|1757768602
|move|p1a: Indeedee|Follow Me|p1a: Indeedee
|-singleturn|p1a: Indeedee|move: Follow Me
|move|p2a: Garchomp|Earthquake|p1b: Archaludon|[spread] p1a,p1b
|-immune|p2b: Dragonite
|-resisted|p1b: Archaludon
|-damage|p1a: Indeedee|45/100
|-damage|p1b: Archaludon|68/100
|-enditem|p1a: Indeedee|Sitrus Berry|[eat]
|-heal|p1a: Indeedee|69/100|[from] item: Sitrus Berry
|-damage|p2a: Garchomp|30/100|[from] item: Life Orb
|move|p1b: Archaludon|Flash Cannon|p2a: Garchomp
|-damage|p2a: Garchomp|0 fnt
|faint|p2a: Garchomp
|move|p2b: Dragonite|Outrage|p1a: Indeedee
|-damage|p1a: Indeedee|0 fnt
|faint|p1a: Indeedee
|
|upkeep
|
|t:|1757768616
|switch|p2a: Gholdengo|Gholdengo, L50, tera:Steel|100/100
|turn|6
|
|t:|1757768623
|move|p1b: Archaludon|Protect|p1b: Archaludon
|-singleturn|p1b: Archaludon|Protect
|move|p2a: Gholdengo|Make It Rain|p1b: Archaludon
|-activate|p1b: Archaludon|move: Protect
|move|p2b: Dragonite|Outrage|p1b: Archaludon|[from] lockedmove
|-activate|p1b: Archaludon|move: Protect
|-start|p2b: Dragonite|confusion|[fatigue]
|
|upkeep
|turn|7
|
|t:|1757768642
|move|p1b: Archaludon|Draco Meteor|p2a: Gholdengo
|-resisted|p2a: Gholdengo
|-damage|p2a: Gholdengo|45/100
|-unboost|p1b: Archaludon|spa|2
|move|p2a: Gholdengo|Make It Rain|p1b: Archaludon
|-damage|p1b: Archaludon|0 fnt
|-unboost|p2a: Gholdengo|spa|1
|faint|p1b: Archaludon
|
|win|trchlt1
|raw|WASHINGTONGARGACHA's rating: 1177 → 1162(-15 for losing)
|raw|trchlt1's rating: 1322 → 1334(+12 for winning)
