|j|☆jamesbake
|j|☆SnowBusiness
|html|jamesbakeSnowBusiness    
|uhtml|bestof|Game 3 of a best-of-3
|t:|1756951699
|gametype|doubles
|player|p1|jamesbake|1|1103
|player|p2|SnowBusiness|blue|1000
|gen|9
|tier|[Gen 9] VGC 2025 Reg H (Bo3)
|rated|
|rule|Species Clause: Limit one of each Pokémon
|rule|Item Clause: Limit 1 of each item
|clearpoke
|poke|p1|Gyarados, L50, M|
|poke|p1|Indeedee, L50, M|
|poke|p1|Sneasler, L50, F|
|poke|p1|Tyranitar, L50, M|
|poke|p1|Ursaluna-Bloodmoon, L50, M|
|poke|p1|Volcarona, L50, F|
|poke|p2|Dragonite, L50, M|
|poke|p2|Gholdengo, L50|
|poke|p2|Sneasler, L50, M|
|poke|p2|Garchomp, L50, F|
|poke|p2|Ninetales-Alola, L50, M|
|poke|p2|Arcanine-Hisui, L50, M|
|teampreview|4
|showteam|p1|Gyarados||SafetyGoggles|Intimidate|Taunt,ThunderWave,Waterfall,Protect|||M|||50|,,,,,Steel]Indeedee||ChoiceScarf|PsychicSurge|ExpandingForce,TeraBlast,Trick,Protect|||M|||50|,,,,,Psychic]Sneasler||PsychicSeed|Unburden|CloseCombat,DireClaw,ThroatChop,Protect|||F|||50|,,,,,Dark]Tyranitar||AssaultVest|SandStream|LowKick,TeraBlast,KnockOff,RockSlide|||M|||50|,,,,,Flying]Ursaluna-Bloodmoon||LifeOrb|MindsEye|HyperVoice,BloodMoon,EarthPower,Protect|||M|||50|,,,,,Normal]Volcarona||SitrusBerry|FlameBody|Overheat,StruggleBug,RagePowder,Tailwind|||F|||50|,,,,,Grass
|showteam|p2|Dragonite||LoadedDice|Multiscale|ScaleShot,Tailwind,Haze,Protect|||M|||50|,,,,,Fairy]Gholdengo||LifeOrb|GoodasGold|MakeItRain,ShadowBall,NastyPlot,Protect||||||50|,,,,,Water]Sneasler||FocusSash|Unburden|CloseCombat,DireClaw,FakeOut,Coaching|||M|||50|,,,,,Stellar]Garchomp||ClearAmulet|RoughSkin|Earthquake,StompingTantrum,DragonClaw,Protect|||F|||50|,,,,,Steel]Ninetales-Alola||ChoiceSpecs|SnowWarning|Blizzard,IcyWind,Moonblast,FreezeDry|||M|||50|,,,,,Ghost]Arcanine-Hisui||MirrorHerb|Intimidate|RockSlide,FlareBlitz,ExtremeSpeed,Protect|||M|||50|,,,,,Ghost
|j| teamthief420
|l| teamthief420
|inactive|Battle timer is ON: inactive players will automatically lose when time's up. (requested by SnowBusiness)
|inactive|jamesbake has 60 seconds left.
|
|t:|1756951767
|teamsize|p1|4
|teamsize|p2|4
|start
|switch|p1a: Seraphiel|Volcarona, L50, F|100/100
|switch|p1b: Tsukuyomi|Ursaluna-Bloodmoon, L50, M|100/100
|switch|p2a: sharktile|Garchomp, L50, F|100/100
|switch|p2b: scale shot misses|Dragonite, L50, M, shiny|100/100
|turn|1
|
|t:|1756951790
|move|p2a: sharktile|Stomping Tantrum|p1a: Seraphiel
|-damage|p1a: Seraphiel|49/100
|-enditem|p1a: Seraphiel|Sitrus Berry|[eat]
|-heal|p1a: Seraphiel|74/100|[from] item: Sitrus Berry
|move|p1a: Seraphiel|Tailwind|p1a: Seraphiel
|-sidestart|p1: jamesbake|move: Tailwind
|move|p1b: Tsukuyomi|Hyper Voice|p2b: scale shot misses|[spread] p2a,p2b
|-damage|p2a: sharktile|46/100
|-damage|p2b: scale shot misses|74/100
|-damage|p1b: Tsukuyomi|91/100|[from] item: Life Orb
|move|p2b: scale shot misses|Scale Shot|p1a: Seraphiel
|-damage|p1a: Seraphiel|57/100
|-damage|p1a: Seraphiel|38/100
|-damage|p1a: Seraphiel|20/100
|-damage|p1a: Seraphiel|1/100
|-damage|p1a: Seraphiel|0 fnt
|faint|p1a: Seraphiel
|-hitcount|p1: Seraphiel|5
|-unboost|p2b: scale shot misses|def|1
|-boost|p2b: scale shot misses|spe|1
|
|upkeep
|
|t:|1756951812
|switch|p1a: Pythia|Indeedee, L50, M|100/100
|-fieldstart|move: Psychic Terrain|[from] ability: Psychic Surge|[of] p1a: Pythia
|turn|2
|
|t:|1756951825
|move|p2a: sharktile|Protect|p2a: sharktile
|-singleturn|p2a: sharktile|Protect
|move|p1a: Pythia|Expanding Force|p2b: scale shot misses|[spread] p2b
|-activate|p2a: sharktile|move: Protect
|-damage|p2b: scale shot misses|14/100
|move|p2b: scale shot misses|Tailwind|p2b: scale shot misses
|-sidestart|p2: SnowBusiness|move: Tailwind
|move|p1b: Tsukuyomi|Blood Moon|p2b: scale shot misses
|-damage|p2b: scale shot misses|0 fnt
|faint|p2b: scale shot misses
|-damage|p1b: Tsukuyomi|81/100|[from] item: Life Orb
|
|upkeep
|
|t:|1756951841
|switch|p2b: Arcanine|Arcanine-Hisui, L50, M|100/100
|-ability|p2b: Arcanine|Intimidate|boost
|-unboost|p1a: Pythia|atk|1
|-unboost|p1b: Tsukuyomi|atk|1
|turn|3
|
|t:|1756951857
|move|p1a: Pythia|Expanding Force|p2a: sharktile|[spread] p2a,p2b
|-damage|p2a: sharktile|0 fnt
|-damage|p2b: Arcanine|28/100
|faint|p2a: sharktile
|move|p2b: Arcanine|Rock Slide|p1b: Tsukuyomi|[spread] p1a,p1b
|-resisted|p1b: Tsukuyomi
|-damage|p1a: Pythia|43/100
|-damage|p1b: Tsukuyomi|70/100
|cant|p1b: Tsukuyomi|flinch
|
|upkeep
|
|t:|1756951865
|switch|p2a: icetile|Ninetales-Alola, L50, M|100/100
|-weather|Snowscape|[from] ability: Snow Warning|[of] p2a: icetile
|turn|4
|
|t:|1756951884
|switch|p1b: Sirocco|Tyranitar, L50, M|100/100
|-weather|Sandstorm|[from] ability: Sand Stream|[of] p1b: Sirocco
|-terastallize|p1a: Pythia|Psychic
|move|p2b: Arcanine|Protect|p2b: Arcanine
|-singleturn|p2b: Arcanine|Protect
|move|p1a: Pythia|Expanding Force|p2b: Arcanine|[spread] p2a
|-activate|p2b: Arcanine|move: Protect
|-crit|p2a: icetile
|-damage|p2a: icetile|0 fnt
|faint|p2a: icetile
|
|-weather|Sandstorm|[upkeep]
|-damage|p1a: Pythia|37/100|[from] Sandstorm
|-sideend|p1: jamesbake|move: Tailwind
|upkeep
|turn|5
|
|t:|1756951903
|move|p2b: Arcanine|Rock Slide|p1b: Sirocco|[spread] p1a,p1b
|-damage|p1a: Pythia|0 fnt
|-damage|p1b: Sirocco|75/100
|faint|p1a: Pythia
|move|p1b: Sirocco|Low Kick|p2b: Arcanine
|-supereffective|p2b: Arcanine
|-damage|p2b: Arcanine|0 fnt
|faint|p2b: Arcanine
|
|win|jamesbake
|raw|jamesbake's rating: 1103 → 1121(+18 for winning)
|raw|SnowBusiness's rating: 1000 → 1000(+0 for losing)
