|j|☆Camilo997
|j|☆krizmartinz
|html|Camilo997krizmartinz    
|uhtml|bestof|Game 3 of a best-of-3
|t:|1784402037
|gametype|doubles
|player|p1|Camilo997|101|
|player|p2|krizmartinz|gambler|
|gen|9
|tier|[Gen 9 Champions] VGC 2026 Reg M-B (Bo3)
|rule|Species Clause: Limit one of each Pokémon
|rule|Item Clause: Limit 1 of each item
|clearpoke
|poke|p1|Krookodile, L50, M|
|poke|p1|Rotom-Frost, L50|
|poke|p1|Meowstic-F, L50, F|
|poke|p1|Quaquaval, L50, M|
|poke|p1|Hydrapple, L50, F|
|poke|p1|Steelix, L50, F|
|poke|p2|Vaporeon, L50, F|
|poke|p2|Jolteon, L50, F|
|poke|p2|Krookodile, L50, M|
|poke|p2|Cofagrigus, L50, F|
|poke|p2|Typhlosion, L50, F|
|poke|p2|Vileplume, L50, M|
|teampreview|4
|showteam|p1|Krookodile||LifeOrb|Intimidate|Protect,Earthquake,KnockOff,GunkShot|Jolly||M|||50|]Rotom-Frost||ChoiceScarf|Levitate|Blizzard,Electroweb,VoltSwitch,Trick|Timid|||||50|]Meowstic-F||FocusSash|Competitive|Protect,FakeOut,Psychic,EnergyBall|Timid||F|||50|]Quaquaval||WhiteHerb|Moxie|Protect,AquaStep,IceSpinner,CloseCombat|Adamant||M|||50|]Hydrapple||Leftovers|StickyHold|PollenPuff,GigaDrain,FickleBeam,Protect|Quiet||F|||50|]Steelix||MetalCoat|Sturdy|WideGuard,HeavySlam,BodyPress,HighHorsepower|Brave||F|||50|
|showteam|p2|Vaporeon||Leftovers|WaterAbsorb|CalmMind,Scald,IceBeam,Detect|Modest||F|||50|]Jolteon||FocusSash|VoltAbsorb|Charm,Electroweb,SunnyDay,Thunderbolt|Modest||F|||50|]Krookodile||RoseliBerry|Intimidate|HighHorsepower,KnockOff,Taunt,Protect|Adamant||M|||50|]Cofagrigus||SitrusBerry|Mummy|Hex,WillOWisp,BodyPress,TrickRoom|Relaxed||F|||50|]Typhlosion||Charcoal|FlashFire|Eruption,HeatWave,Protect,SolarBeam|Modest||F|||50|]Vileplume||LifeOrb|Chlorophyll|GigaDrain,StrengthSap,PollenPuff,SludgeBomb|Modest||M|||50|
|
|t:|1784402089
|teamsize|p1|4
|teamsize|p2|4
|start
|switch|p1a: Meowstic|Meowstic-F, L50, F|100/100
|switch|p1b: Quaquaval|Quaquaval, L50, M|100/100
|switch|p2a: Cofagrigus|Cofagrigus, L50, F|100/100
|switch|p2b: Typhlosion|Typhlosion, L50, F|100/100
|turn|1
|
|t:|1784402103
|switch|p2b: Vaporeon|Vaporeon, L50, F|100/100
|move|p1a: Meowstic|Psychic|p2a: Cofagrigus
|-damage|p2a: Cofagrigus|68/100
|move|p1b: Quaquaval|Aqua Step|p2a: Cofagrigus
|-damage|p2a: Cofagrigus|39/100
|-boost|p1b: Quaquaval|spe|1
|-activate|p2a: Cofagrigus|ability: Mummy|p1b: Quaquaval|[ability] Moxie
|-enditem|p2a: Cofagrigus|Sitrus Berry|[eat]
|-heal|p2a: Cofagrigus|64/100|[from] item: Sitrus Berry
|move|p2a: Cofagrigus|Will-O-Wisp|p1b: Quaquaval
|-status|p1b: Quaquaval|brn
|
|-damage|p1b: Quaquaval|94/100 brn|[from] brn
|upkeep
|turn|2
|
|t:|1784402139
|move|p1b: Quaquaval|Close Combat|p2b: Vaporeon
|-damage|p2b: Vaporeon|74/100
|-unboost|p1b: Quaquaval|def|1
|-unboost|p1b: Quaquaval|spd|1
|-enditem|p1b: Quaquaval|White Herb
|-clearnegativeboost|p1b: Quaquaval|[silent]
|move|p1a: Meowstic|Energy Ball|p2b: Vaporeon
|-supereffective|p2b: Vaporeon|1
|-damage|p2b: Vaporeon|37/100
|move|p2b: Vaporeon|Calm Mind|p2b: Vaporeon
|-boost|p2b: Vaporeon|spa|1
|-boost|p2b: Vaporeon|spd|1
|move|p2a: Cofagrigus|Trick Room|p2a: Cofagrigus
|-fieldstart|move: Trick Room|[of] p2a: Cofagrigus
|
|-heal|p2b: Vaporeon|43/100|[from] item: Leftovers
|-damage|p1b: Quaquaval|88/100 brn|[from] brn
|upkeep
|turn|3
|
|t:|1784402165
|switch|p1a: Hydrapple|Hydrapple, L50, F|100/100
|move|p2a: Cofagrigus|Will-O-Wisp|p1a: Hydrapple|[miss]
|-miss|p2a: Cofagrigus|p1a: Hydrapple
|move|p2b: Vaporeon|Calm Mind|p2b: Vaporeon
|-boost|p2b: Vaporeon|spa|1
|-boost|p2b: Vaporeon|spd|1
|move|p1b: Quaquaval|Close Combat|p2b: Vaporeon
|-damage|p2b: Vaporeon|17/100
|-unboost|p1b: Quaquaval|def|1
|-unboost|p1b: Quaquaval|spd|1
|
|-heal|p2b: Vaporeon|24/100|[from] item: Leftovers
|-damage|p1b: Quaquaval|82/100 brn|[from] brn
|upkeep
|turn|4
|
|t:|1784402193
|switch|p2b: Vileplume|Vileplume, L50, M|100/100
|switch|p1b: Meowstic|Meowstic-F, L50, F|100/100
|move|p2a: Cofagrigus|Body Press|p1a: Hydrapple
|-damage|p1a: Hydrapple|76/100
|move|p1a: Hydrapple|Giga Drain|p2b: Vileplume
|-resisted|p2b: Vileplume|2
|-damage|p2b: Vileplume|91/100
|-heal|p1a: Hydrapple|80/100|[from] drain|[of] p2b: Vileplume
|
|-heal|p1a: Hydrapple|86/100|[from] item: Leftovers
|upkeep
|turn|5
|
|t:|1784402217
|switch|p1a: Quaquaval|Quaquaval, L50, M|82/100 brn
|move|p2a: Cofagrigus|Hex|p1b: Meowstic
|-supereffective|p1b: Meowstic|1
|-damage|p1b: Meowstic|36/100
|move|p2b: Vileplume|Sludge Bomb|p1b: Meowstic
|-damage|p1b: Meowstic|0 fnt
|faint|p1b: Meowstic
|-damage|p2b: Vileplume|81/100|[from] item: Life Orb
|
|-damage|p1a: Quaquaval|76/100 brn|[from] brn
|upkeep
|
|t:|1784402227
|switch|p1b: Hydrapple|Hydrapple, L50, F|86/100
|turn|6
|
|t:|1784402252
|switch|p1a: Rotom|Rotom-Frost, L50|100/100
|move|p2a: Cofagrigus|Body Press|p1b: Hydrapple
|-damage|p1b: Hydrapple|65/100
|move|p1b: Hydrapple|Fickle Beam|p2a: Cofagrigus
|-damage|p2a: Cofagrigus|29/100
|move|p2b: Vileplume|Strength Sap|p1a: Rotom
|-unboost|p1a: Rotom|atk|1
|-heal|p2b: Vileplume|100/100
|
|-heal|p1b: Hydrapple|71/100|[from] item: Leftovers
|-fieldend|move: Trick Room
|upkeep
|turn|7
|
|t:|1784402285
|switch|p1b: Quaquaval|Quaquaval, L50, M|76/100 brn
|move|p1a: Rotom|Blizzard|p2b: Vileplume|[spread] p2a,p2b
|-supereffective|p2b: Vileplume|1
|-damage|p2a: Cofagrigus|0 fnt
|-damage|p2b: Vileplume|26/100
|faint|p2a: Cofagrigus
|move|p2b: Vileplume|Sludge Bomb|p1b: Quaquaval
|-damage|p1b: Quaquaval|15/100 brn
|-damage|p2b: Vileplume|16/100|[from] item: Life Orb
|
|-damage|p1b: Quaquaval|9/100 brn|[from] brn
|upkeep
|
|t:|1784402300
|switch|p2a: Vaporeon|Vaporeon, L50, F|24/100
|turn|8
|
|t:|1784402314
|switch|p1a: Hydrapple|Hydrapple, L50, F|71/100
|move|p2a: Vaporeon|Detect|p2a: Vaporeon
|-singleturn|p2a: Vaporeon|Protect
|move|p1b: Quaquaval|Ice Spinner|p2b: Vileplume
|-supereffective|p2b: Vileplume|1
|-damage|p2b: Vileplume|0 fnt
|faint|p2b: Vileplume
|-ability|p1b: Quaquaval|Moxie|boost
|-boost|p1b: Quaquaval|atk|1
|
|-heal|p2a: Vaporeon|30/100|[from] item: Leftovers
|-heal|p1a: Hydrapple|77/100|[from] item: Leftovers
|-damage|p1b: Quaquaval|3/100 brn|[from] brn
|upkeep
|
|t:|1784402329
|switch|p2b: Typhlosion|Typhlosion, L50, F|100/100
|turn|9
|
|t:|1784402341
|move|p1a: Hydrapple|Protect|p1a: Hydrapple
|-singleturn|p1a: Hydrapple|Protect
|move|p2b: Typhlosion|Eruption|p1b: Quaquaval|[spread] p1b
|-activate|p1a: Hydrapple|move: Protect
|-resisted|p1b: Quaquaval|1
|-damage|p1b: Quaquaval|0 fnt
|faint|p1b: Quaquaval
|move|p2a: Vaporeon|Ice Beam|p1a: Hydrapple
|-activate|p1a: Hydrapple|move: Protect
|
|-heal|p2a: Vaporeon|36/100|[from] item: Leftovers
|-heal|p1a: Hydrapple|84/100|[from] item: Leftovers
|upkeep
|
|t:|1784402347
|switch|p1b: Rotom|Rotom-Frost, L50|100/100
|turn|10
|
|t:|1784402357
|move|p2b: Typhlosion|Protect|p2b: Typhlosion
|-singleturn|p2b: Typhlosion|Protect
|move|p2a: Vaporeon|Detect|p2a: Vaporeon
|-singleturn|p2a: Vaporeon|Protect
|move|p1b: Rotom|Electroweb|p2a: Vaporeon|[spread] 
|-activate|p2a: Vaporeon|move: Protect
|-activate|p2b: Typhlosion|move: Protect
|move|p1a: Hydrapple|Fickle Beam|p2b: Typhlosion
|-activate|p2b: Typhlosion|move: Protect
|
|-heal|p2a: Vaporeon|42/100|[from] item: Leftovers
|-heal|p1a: Hydrapple|90/100|[from] item: Leftovers
|upkeep
|turn|11
|
|t:|1784402376
|move|p1b: Rotom|Electroweb|p2a: Vaporeon|[spread] p2a,p2b
|-supereffective|p2a: Vaporeon|1
|-damage|p2a: Vaporeon|13/100
|-damage|p2b: Typhlosion|76/100
|-unboost|p2a: Vaporeon|spe|1
|-unboost|p2b: Typhlosion|spe|1
|move|p2b: Typhlosion|Heat Wave|p1a: Hydrapple|[spread] p1a,p1b
|-supereffective|p1b: Rotom|1
|-damage|p1a: Hydrapple|50/100y
|-damage|p1b: Rotom|0 fnt
|faint|p1b: Rotom
|move|p1a: Hydrapple|Giga Drain|p2a: Vaporeon
|-supereffective|p2a: Vaporeon|1
|-damage|p2a: Vaporeon|0 fnt
|-heal|p1a: Hydrapple|57/100|[from] drain|[of] p2a: Vaporeon
|faint|p2a: Vaporeon
|
|-heal|p1a: Hydrapple|63/100|[from] item: Leftovers
|upkeep
|turn|12
|
|t:|1784402395
|move|p1a: Hydrapple|Protect|p1a: Hydrapple
|-singleturn|p1a: Hydrapple|Protect
|move|p2b: Typhlosion|Eruption|p1a: Hydrapple
|-activate|p1a: Hydrapple|move: Protect
|
|-heal|p1a: Hydrapple|69/100|[from] item: Leftovers
|upkeep
|turn|13
|
|t:|1784402404
|move|p2b: Typhlosion|Eruption|p1a: Hydrapple
|-damage|p1a: Hydrapple|6/100
|move|p1a: Hydrapple|Fickle Beam|p2b: Typhlosion
|-damage|p2b: Typhlosion|19/100
|
|-heal|p1a: Hydrapple|12/100|[from] item: Leftovers
|upkeep
|turn|14
|
|t:|1784402414
|move|p1a: Hydrapple|Protect|p1a: Hydrapple
|-singleturn|p1a: Hydrapple|Protect
|move|p2b: Typhlosion|Heat Wave|p1a: Hydrapple
|-activate|p1a: Hydrapple|move: Protect
|
|-heal|p1a: Hydrapple|18/100|[from] item: Leftovers
|upkeep
|turn|15
|
|t:|1784402422
|move|p2b: Typhlosion|Heat Wave|p1a: Hydrapple
|-crit|p1a: Hydrapple
|-damage|p1a: Hydrapple|0 fnt
|faint|p1a: Hydrapple
|
|win|krizmartinz
