|j|☆chaplin73
|j|☆CaratroncoSun
|html|chaplin73CaratroncoSun    
|uhtml|bestof|Game 3 of a best-of-3
|t:|1782416340
|gametype|doubles
|player|p1|chaplin73|102|1177
|player|p2|CaratroncoSun|juan|1253
|gen|9
|tier|[Gen 9 Champions] VGC 2026 Reg M-B (Bo3)
|rated|
|rule|Species Clause: Limit one of each Pokémon
|rule|Item Clause: Limit 1 of each item
|clearpoke
|poke|p1|Swampert, L50, F, shiny|
|poke|p1|Pelipper, L50, F|
|poke|p1|Garchomp, L50, M|
|poke|p1|Grimmsnarl, L50, M|
|poke|p1|Kingambit, L50, M|
|poke|p1|Sinistcha, L50|
|poke|p2|Overqwil, L50, F, shiny|
|poke|p2|Swampert, L50, F|
|poke|p2|Pelipper, L50, F|
|poke|p2|Metagross, L50, shiny|
|poke|p2|Sneasler, L50, F|
|poke|p2|Sinistcha-Masterpiece, L50|
|teampreview|4
|showteam|p1|Swampert||Swampertite|Torrent|WaveCrash,Protect,HighHorsepower,RockSlide|Adamant||F|||50|]Pelipper||DampRock|Drizzle|Protect,WeatherBall,Tailwind,Hurricane|Modest||F|||50|]Garchomp||MuscleBand|RoughSkin|DragonClaw,RockSlide,Protect,StompingTantrum|Jolly||M|||50|]Grimmsnarl||LightClay|Prankster|SpiritBreak,LightScreen,Reflect,PartingShot|Serious||M|||50|]Kingambit||BlackGlasses|Defiant|IronHead,SuckerPunch,Protect,KowtowCleave|Adamant||M|||50|]Sinistcha||SitrusBerry|Hospitality|MatchaGotcha,LifeDew,Protect,RagePowder|Bold|||||50|
|showteam|p2|Overqwil||LifeOrb|SwiftSwim|Protect,PoisonJab,ThroatChop,Liquidation|Adamant||F|||50|]Swampert||Swampertite|Damp|Protect,WaveCrash,HighHorsepower,IcePunch|Adamant||F|||50|]Pelipper||FocusSash|Drizzle|RainDance,Tailwind,Hurricane,WeatherBall|Modest||F|||50|]Metagross||Metagrossite|ClearBody|Protect,PsychicFangs,IronHead,IcePunch|Jolly|||||50|]Sneasler||WhiteHerb|Unburden|Coaching,FakeOut,DireClaw,CloseCombat|Jolly||F|||50|]Sinistcha-Masterpiece||SitrusBerry|Hospitality|MatchaGotcha,TrickRoom,LifeDew,RagePowder|Bold|||||50|
|
|t:|1782416363
|teamsize|p1|4
|teamsize|p2|4
|start
|switch|p1a: Grimmsnarl|Grimmsnarl, L50, M|100/100
|switch|p1b: Swampert|Swampert, L50, F, shiny|100/100
|switch|p2a: Swampert|Swampert, L50, F|100/100
|switch|p2b: Sneasler|Sneasler, L50, F|100/100
|turn|1
|
|t:|1782416378
|detailschange|p2a: Swampert|Swampert-Mega, L50, F
|-mega|p2a: Swampert|Swampert|Swampertite
|detailschange|p1b: Swampert|Swampert-Mega, L50, F, shiny
|-mega|p1b: Swampert|Swampert|Swampertite
|move|p2b: Sneasler|Fake Out|p1a: Grimmsnarl
|-damage|p1a: Grimmsnarl|87/100
|cant|p1a: Grimmsnarl|flinch
|move|p2a: Swampert|High Horsepower|p1a: Grimmsnarl
|-damage|p1a: Grimmsnarl|32/100
|move|p1b: Swampert|High Horsepower|p2b: Sneasler
|-supereffective|p2b: Sneasler|1
|-crit|p2b: Sneasler
|-damage|p2b: Sneasler|0 fnt
|faint|p2b: Sneasler
|
|upkeep
|
|t:|1782416393
|switch|p2b: Sinistcha|Sinistcha-Masterpiece, L50|100/100
|turn|2
|
|t:|1782416405
|move|p1b: Swampert|Protect|p1b: Swampert
|-singleturn|p1b: Swampert|Protect
|move|p2a: Swampert|Wave Crash|p1b: Swampert
|-activate|p1b: Swampert|move: Protect
|move|p2b: Sinistcha|Matcha Gotcha|p1a: Grimmsnarl|[spread] p1a
|-activate|p1b: Swampert|move: Protect
|-damage|p1a: Grimmsnarl|9/100
|move|p1a: Grimmsnarl|Spirit Break|p2b: Sinistcha
|-damage|p2b: Sinistcha|74/100
|-unboost|p2b: Sinistcha|spa|1
|
|upkeep
|turn|3
|
|t:|1782416442
|switch|p1b: Sinistcha|Sinistcha, L50|100/100
|-heal|p1a: Grimmsnarl|34/100|[from] ability: Hospitality|[of] p1b: Sinistcha
|move|p1a: Grimmsnarl|Parting Shot|p2a: Swampert
|-unboost|p2a: Swampert|atk|1
|-unboost|p2a: Swampert|spa|1
|
|t:|1782416449
|switch|p1a: Pelipper|Pelipper, L50, F|100/100|[from] Parting Shot
|-weather|RainDance|[from] ability: Drizzle|[of] p1a: Pelipper
|move|p2a: Swampert|Wave Crash|p1b: Sinistcha
|-resisted|p1b: Sinistcha|1
|-damage|p1b: Sinistcha|73/100
|-damage|p2a: Swampert|90/100|[from] Recoil
|move|p2b: Sinistcha|Matcha Gotcha|p1a: Pelipper|[spread] p1a,p1b
|-resisted|p1b: Sinistcha|1
|-damage|p1a: Pelipper|73/100
|-heal|p2b: Sinistcha|84/100|[from] drain|[of] p1a: Pelipper
|-damage|p1b: Sinistcha|65/100
|-heal|p2b: Sinistcha|88/100|[from] drain|[of] p1b: Sinistcha
|-status|p1b: Sinistcha|brn
|
|-weather|RainDance|[upkeep]
|-damage|p1b: Sinistcha|58/100 brn|[from] brn
|upkeep
|turn|4
|
|t:|1782416480
|switch|p2a: Overqwil|Overqwil, L50, F, shiny|100/100
|move|p1b: Sinistcha|Protect|p1b: Sinistcha
|-singleturn|p1b: Sinistcha|Protect
|move|p1a: Pelipper|Hurricane|p2b: Sinistcha
|-supereffective|p2b: Sinistcha|1
|-damage|p2b: Sinistcha|0 fnt
|faint|p2b: Sinistcha
|
|-weather|RainDance|[upkeep]
|-damage|p1b: Sinistcha|52/100 brn|[from] brn
|upkeep
|
|t:|1782416491
|switch|p2b: Swampert|Swampert-Mega, L50, F|90/100
|turn|5
|
|t:|1782416509
|move|p2a: Overqwil|Throat Chop|p1b: Sinistcha
|-supereffective|p1b: Sinistcha|1
|-damage|p1b: Sinistcha|0 fnt
|faint|p1b: Sinistcha
|-damage|p2a: Overqwil|90/100|[from] item: Life Orb
|move|p2b: Swampert|Ice Punch|p1a: Pelipper
|-damage|p1a: Pelipper|30/100
|move|p1a: Pelipper|Weather Ball|p2b: Swampert
|-damage|p2b: Swampert|35/100
|
|-weather|RainDance|[upkeep]
|upkeep
|
|t:|1782416520
|switch|p1b: Grimmsnarl|Grimmsnarl, L50, M|34/100
|turn|6
|
|t:|1782416532
|move|p1a: Pelipper|Protect|p1a: Pelipper
|-singleturn|p1a: Pelipper|Protect
|move|p1b: Grimmsnarl|Reflect|p1b: Grimmsnarl
|-sidestart|p1: chaplin73|Reflect
|move|p2a: Overqwil|Poison Jab|p1a: Pelipper
|-activate|p1a: Pelipper|move: Protect
|move|p2b: Swampert|Wave Crash|p1b: Grimmsnarl
|-damage|p1b: Grimmsnarl|0 fnt
|faint|p1b: Grimmsnarl
|-damage|p2b: Swampert|22/100|[from] Recoil
|
|-weather|RainDance|[upkeep]
|upkeep
|
|t:|1782416543
|switch|p1b: Swampert|Swampert-Mega, L50, F, shiny|100/100
|turn|7
|
|t:|1782416566
|move|p2a: Overqwil|Poison Jab|p1a: Pelipper
|-damage|p1a: Pelipper|0 fnt
|faint|p1a: Pelipper
|-damage|p2a: Overqwil|80/100|[from] item: Life Orb
|move|p2b: Swampert|Wave Crash|p1b: Swampert
|-damage|p1b: Swampert|35/100
|-damage|p2b: Swampert|1/100|[from] Recoil
|move|p1b: Swampert|High Horsepower|p2a: Overqwil
|-supereffective|p2a: Overqwil|1
|-damage|p2a: Overqwil|0 fnt
|faint|p2a: Overqwil
|
|-weather|RainDance|[upkeep]
|upkeep
|turn|8
|
|t:|1782416584
|move|p1b: Swampert|Protect|p1b: Swampert
|-singleturn|p1b: Swampert|Protect
|move|p2b: Swampert|Wave Crash|p1b: Swampert
|-activate|p1b: Swampert|move: Protect
|
|-weather|RainDance|[upkeep]
|upkeep
|turn|9
|
|t:|1782416592
|move|p2b: Swampert|Wave Crash|p1b: Swampert
|-damage|p1b: Swampert|0 fnt
|faint|p1b: Swampert
|-damage|p2b: Swampert|0 fnt|[from] Recoil
|faint|p2b: Swampert
|
|win|CaratroncoSun
|raw|chaplin73's rating: 1177 → 1157(-20 for losing)
|raw|CaratroncoSun's rating: 1253 → 1273(+20 for winning)
|l|☆chaplin73
|player|p1|
