|j|☆ivanmrtnnez
|j|☆flaminanmol
|html|ivanmrtnnezflaminanmol    
|uhtml|bestof|Game 1 of a best-of-3
|t:|1783932953
|gametype|doubles
|player|p1|ivanmrtnnez|alder|1206
|player|p2|flaminanmol|red|1096
|gen|9
|tier|[Gen 9 Champions] VGC 2026 Reg M-B (Bo3)
|rated|
|rule|Species Clause: Limit one of each Pokémon
|rule|Item Clause: Limit 1 of each item
|clearpoke
|poke|p1|Charizard, L50, F|
|poke|p1|Aerodactyl, L50, F|
|poke|p1|Farigiraf, L50, M|
|poke|p1|Kingambit, L50, F|
|poke|p1|Garchomp, L50, M|
|poke|p1|Sylveon, L50, F|
|poke|p2|Sneasler, L50, F|
|poke|p2|Whimsicott, L50, M|
|poke|p2|Incineroar, L50, M|
|poke|p2|Staraptor, L50, F|
|poke|p2|Garchomp, L50, M|
|poke|p2|Farigiraf, L50, M|
|teampreview|4
|showteam|p1|Charizard||CharizarditeY|Blaze|WeatherBall,HeatWave,SolarBeam,Protect|Modest||F|||50|]Aerodactyl||Aerodactylite|Pressure|RockSlide,DualWingbeat,Tailwind,Protect|Jolly||F|||50|]Farigiraf||SitrusBerry|ArmorTail|TrickRoom,TwinBeam,Thunderbolt,Roar|Bold||M|||50|]Kingambit||FocusSash|Defiant|SuckerPunch,KowtowCleave,IronHead,LowKick|Adamant||F|||50|]Garchomp||LifeOrb|RoughSkin|DragonClaw,Earthquake,StompingTantrum,Protect|Jolly||M|||50|]Sylveon||FairyFeather|Pixilate|Detect,HyperVoice,QuickAttack,HyperBeam|Modest||F|||50|
|showteam|p2|Sneasler||FocusSash|Unburden|DireClaw,CloseCombat,FakeOut,Protect|Adamant||F|||50|]Whimsicott||MentalHerb|Prankster|Tailwind,Protect,Moonblast,Charm|Timid||M|||50|]Incineroar||SitrusBerry|Intimidate|FakeOut,FlareBlitz,DarkestLariat,PartingShot|Brave||M|||50|]Staraptor||Staraptite|Intimidate|CloseCombat,BraveBird,Protect,Roost|Adamant||F|||50|]Garchomp||ChoiceScarf|RoughSkin|DragonClaw,Earthquake,Outrage,RockSlide|Adamant||M|||50|]Farigiraf||SilkScarf|ArmorTail|HyperVoice,TrickRoom,HelpingHand,Protect|Quiet||M|||50|
|
|t:|1783932983
|teamsize|p1|4
|teamsize|p2|4
|start
|switch|p1a: Farigiraf|Farigiraf, L50, M|100/100
|switch|p1b: Kingambit|Kingambit, L50, F|100/100
|switch|p2a: Whimsicott|Whimsicott, L50, M|100/100
|switch|p2b: Staraptor|Staraptor, L50, F|100/100
|-ability|p2b: Staraptor|Intimidate|boost
|-unboost|p1a: Farigiraf|atk|1
|-unboost|p1b: Kingambit|atk|1
|-ability|p1b: Kingambit|Defiant|boost
|-boost|p1b: Kingambit|atk|2
|turn|1
|
|t:|1783933008
|detailschange|p2b: Staraptor|Staraptor-Mega, L50, F
|-mega|p2b: Staraptor|Staraptor|Staraptite
|move|p2a: Whimsicott|Charm|p2b: Staraptor
|-boost|p2b: Staraptor|atk|2
|move|p2b: Staraptor|Close Combat|p1a: Farigiraf
|-crit|p1a: Farigiraf
|-damage|p1a: Farigiraf|0 fnt
|-boost|p2b: Staraptor|def|1
|-boost|p2b: Staraptor|spd|1
|faint|p1a: Farigiraf
|move|p1b: Kingambit|Iron Head|p2a: Whimsicott
|-supereffective|p2a: Whimsicott|1
|-damage|p2a: Whimsicott|0 fnt
|faint|p2a: Whimsicott
|
|upkeep
|
|t:|1783933025
|switch|p2a: Garchomp|Garchomp, L50, M|100/100
|switch|p1a: Aerodactyl|Aerodactyl, L50, F|100/100
|-ability|p1a: Aerodactyl|Pressure
|turn|2
|
|t:|1783933043
|detailschange|p1a: Aerodactyl|Aerodactyl-Mega, L50, F
|-mega|p1a: Aerodactyl|Aerodactyl|Aerodactylite
|move|p2a: Garchomp|Rock Slide|p1b: Kingambit|[spread] p1a,p1b
|-supereffective|p1a: Aerodactyl|1
|-resisted|p1b: Kingambit|1
|-damage|p1a: Aerodactyl|50/100g
|-damage|p1b: Kingambit|90/100
|move|p1a: Aerodactyl|Tailwind|p1a: Aerodactyl
|-sidestart|p1: ivanmrtnnez|move: Tailwind
|cant|p1b: Kingambit|flinch
|move|p2b: Staraptor|Close Combat|p1a: Aerodactyl
|-damage|p1a: Aerodactyl|0 fnt
|-boost|p2b: Staraptor|def|1
|-boost|p2b: Staraptor|spd|1
|faint|p1a: Aerodactyl
|
|upkeep
|
|t:|1783933055
|switch|p1a: Sylveon|Sylveon, L50, F|100/100
|turn|3
|
|t:|1783933073
|move|p2b: Staraptor|Protect|p2b: Staraptor
|-singleturn|p2b: Staraptor|Protect
|move|p2a: Garchomp|Rock Slide|p1a: Sylveon|[spread] p1b
|-miss|p2a: Garchomp|p1a: Sylveon
|-resisted|p1b: Kingambit|1
|-damage|p1b: Kingambit|81/100
|cant|p1b: Kingambit|flinch
|move|p1a: Sylveon|Hyper Voice|p2a: Garchomp|[spread] p2a
|-activate|p2b: Staraptor|move: Protect
|-supereffective|p2a: Garchomp|1
|-damage|p2a: Garchomp|0 fnt
|faint|p2a: Garchomp
|
|upkeep
|
|t:|1783933088
|switch|p2a: Sneasler|Sneasler, L50, F|100/100
|turn|4
|
|t:|1783933102
|move|p2a: Sneasler|Fake Out|p1a: Sylveon
|-crit|p1a: Sylveon
|-damage|p1a: Sylveon|73/100
|move|p1b: Kingambit|Iron Head|p2b: Staraptor
|-damage|p2b: Staraptor|61/100
|cant|p1a: Sylveon|flinch
|move|p2b: Staraptor|Close Combat|p1b: Kingambit
|-supereffective|p1b: Kingambit|2
|-damage|p1b: Kingambit|0 fnt
|-boost|p2b: Staraptor|def|1
|-boost|p2b: Staraptor|spd|1
|faint|p1b: Kingambit
|
|upkeep
|turn|5
|
|t:|1783933118
|move|p2a: Sneasler|Protect|p2a: Sneasler
|-singleturn|p2a: Sneasler|Protect
|move|p2b: Staraptor|Protect|p2b: Staraptor
|-singleturn|p2b: Staraptor|Protect
|move|p1a: Sylveon|Hyper Voice|p2b: Staraptor|[spread] 
|-activate|p2a: Sneasler|move: Protect
|-activate|p2b: Staraptor|move: Protect
|
|-sideend|p1: ivanmrtnnez|move: Tailwind
|upkeep
|turn|6
|
|t:|1783933136
|move|p2a: Sneasler|Protect||[still]
|-fail|p2a: Sneasler
|move|p2b: Staraptor|Brave Bird|p1a: Sylveon
|-damage|p1a: Sylveon|0 fnt
|faint|p1a: Sylveon
|-damage|p2b: Staraptor|35/100|[from] Recoil
|
|win|flaminanmol
||ivanmrtnnez is ready for game 2.
||flaminanmol is ready for game 2.
|uhtml|next|Next: Game 2 of 3
