|j|☆ShmebKing
|j|☆bananamandoge420
|html|ShmebKingbananamandoge420    
|uhtml|bestof|Game 1 of a best-of-3
|t:|1783314138
|gametype|doubles
|player|p1|ShmebKing|juan|
|player|p2|bananamandoge420|102|
|gen|9
|tier|[Gen 9 Champions] VGC 2026 Reg M-B (Bo3)
|rule|Species Clause: Limit one of each Pokémon
|rule|Item Clause: Limit 1 of each item
|clearpoke
|poke|p1|Scolipede, L50, F|
|poke|p1|Staraptor, L50, F|
|poke|p1|Zoroark-Hisui, L50, F|
|poke|p1|Aerodactyl, L50, M|
|poke|p1|Sylveon, L50, F|
|poke|p1|Liepard, L50, F|
|poke|p2|Sinistcha, L50|
|poke|p2|Farigiraf, L50, M|
|poke|p2|Kingambit, L50, M|
|poke|p2|Skarmory, L50, F, shiny|
|poke|p2|Dragonite, L50, M|
|poke|p2|Pelipper, L50, M|
|teampreview|4
|showteam|p1|Scolipede||FocusSash|SpeedBoost|Megahorn,Round,Protect,RockSlide|Jolly||F|||50|]Staraptor||Staraptite|Reckless|CloseCombat,BraveBird,Protect,Roost|Jolly||F|||50|]Zoroark-Hisui||ChoiceScarf|Illusion|Round,BitterMalice,Flamethrower,Trick|Timid||F|||50|]Aerodactyl||ChartiBerry|RockHead|RockSlide,IceFang,Protect,Tailwind|Jolly||M|||50|]Sylveon||LifeOrb|Pixilate|Round,QuickAttack,HyperVoice,Protect|Quiet||F|||50|]Liepard||MentalHerb|Prankster|FakeOut,KnockOff,Protect,Copycat|Jolly||F|||50|
|showteam|p2|Sinistcha||Leftovers|Hospitality|MatchaGotcha,ShadowBall,RagePowder,Protect|Quiet|||||50|]Farigiraf||SitrusBerry|ArmorTail|TwinBeam,Protect,TrickRoom,HelpingHand|Sassy||M|||50|]Kingambit||FocusSash|SupremeOverlord|SuckerPunch,LowKick,ThroatChop,IronHead|Brave||M|||50|]Skarmory||Skarmorite|KeenEye|Protect,BraveBird,BodyPress,IronHead|Adamant||F|||50|]Dragonite||IronBall|Multiscale|Fling,DragonRush,ExtremeSpeed,LightScreen|Adamant||M|||50|]Pelipper||LifeOrb|Drizzle|Hurricane,WeatherBall,Tailwind,Uturn|Modest||M|||50|
|inactive|Battle timer is ON: inactive players will automatically lose when time's up. (requested by ShmebKing)
|j| Diglett1
|inactive|ShmebKing has 60 seconds left.
|inactive|bananamandoge420 has 60 seconds left.
|inactive|ShmebKing has 30 seconds left.
|inactive|ShmebKing has 20 seconds left.
|inactive|ShmebKing has 15 seconds left.
|inactive|ShmebKing has 10 seconds left.
|
|t:|1783314220
|teamsize|p1|4
|teamsize|p2|4
|start
|switch|p1a: Bane|Scolipede, L50, F|100/100
|switch|p1b: Dynamic|Aerodactyl, L50, M|100/100
|switch|p2a: Figga|Farigiraf, L50, M|100/100
|switch|p2b: Queen's Gambit|Kingambit, L50, M|100/100
|turn|1
|inactive|ShmebKing has 30 seconds left.
|
|t:|1783314255
|switch|p1b: Zoraork-Hisui|Liepard, L50, F|100/100
|move|p2a: Figga|Protect|p2a: Figga
|-singleturn|p2a: Figga|Protect
|move|p2b: Queen's Gambit|Sucker Punch||[still]
|-fail|p2b: Queen's Gambit
|move|p1a: Bane|Flamethrower|p2b: Queen's Gambit
|-supereffective|p2b: Queen's Gambit|1
|-damage|p2b: Queen's Gambit|42/100
|
|upkeep
|turn|2
|inactive|ShmebKing has 30 seconds left.
|inactive|bananamandoge420 has 30 seconds left.
|inactive|bananamandoge420 has 20 seconds left.
|inactive|bananamandoge420 has 15 seconds left.
|inactive|bananamandoge420 has 10 seconds left.
|inactive|bananamandoge420 has 5 seconds left.
|
|t:|1783314308
|switch|p1a: Bane|Scolipede, L50, F|100/100
|move|p1b: Zoraork-Hisui|Knock Off|p2a: Figga
|-supereffective|p2a: Figga|1
|-damage|p2a: Figga|36/100
|-enditem|p2a: Figga|Sitrus Berry|[from] move: Knock Off|[of] p1b: Zoraork-Hisui
|move|p2b: Queen's Gambit|Iron Head|p1a: Bane
|-damage|p1a: Bane|31/100
|move|p2a: Figga|Trick Room|p2a: Figga
|-fieldstart|move: Trick Room|[of] p2a: Figga
|
|upkeep
|turn|3
|inactive|bananamandoge420 has 30 seconds left.
|inactive|bananamandoge420 has 20 seconds left.
|
|t:|1783314344
|move|p1a: Bane|Protect|p1a: Bane
|-singleturn|p1a: Bane|Protect
|move|p1b: Zoraork-Hisui|Copycat||[still]
|-fail|p1b: Zoraork-Hisui
|move|p2b: Queen's Gambit|Iron Head|p1b: Zoraork-Hisui
|-crit|p1b: Zoraork-Hisui
|-damage|p1b: Zoraork-Hisui|0 fnt
|faint|p1b: Zoraork-Hisui
|move|p2a: Figga|Twin Beam|p1a: Bane
|-activate|p1a: Bane|move: Protect
|
|-ability|p1a: Bane|Speed Boost|boost
|-boost|p1a: Bane|spe|1
|upkeep
|
|t:|1783314359
|switch|p1b: Dynamic|Aerodactyl, L50, M|100/100
|turn|4
|inactive|ShmebKing has 30 seconds left.
|
|t:|1783314386
|switch|p1a: Dynamic|Aerodactyl, L50, M|100/100
|move|p2b: Queen's Gambit|Iron Head|p1b: Dynamic
|-damage|p1b: Dynamic|14/100
|replace|p1b: Hi Andy|Zoroark-Hisui, L50, F
|-end|p1b: Hi Andy|Illusion
|move|p2a: Figga|Twin Beam|p1a: Dynamic
|-damage|p1a: Dynamic|76/100
|-damage|p1a: Dynamic|52/100
|-hitcount|p1a: Dynamic|2
|move|p1b: Hi Andy|Flamethrower|p2b: Queen's Gambit
|-supereffective|p2b: Queen's Gambit|1
|-damage|p2b: Queen's Gambit|0 fnt
|faint|p2b: Queen's Gambit
|-end|p2b: Queen's Gambit|fallenundefined|[silent]
|
|upkeep
|
|t:|1783314400
|switch|p2b: John Cena|Dragonite, L50, M|100/100
|turn|5
|
|t:|1783314420
|move|p1a: Dynamic|Protect|p1a: Dynamic
|-singleturn|p1a: Dynamic|Protect
|move|p2b: John Cena|Dragon Rush|p1a: Dynamic
|-activate|p1a: Dynamic|move: Protect
|move|p2a: Figga|Twin Beam|p1b: Hi Andy
|-damage|p1b: Hi Andy|0 fnt
|faint|p1b: Hi Andy
|-hitcount|p1: Hi Andy|1
|
|upkeep
|
|t:|1783314427
|switch|p1b: Bane|Scolipede, L50, F|31/100
|turn|6
|inactive|bananamandoge420 has 30 seconds left.
|
|t:|1783314461
|move|p1b: Bane|Protect|p1b: Bane
|-singleturn|p1b: Bane|Protect
|move|p1a: Dynamic|Protect||[still]
|-fail|p1a: Dynamic
|move|p2b: John Cena|Fling|p1a: Dynamic
|-damage|p1a: Dynamic|0 fnt
|-enditem|p2b: John Cena|Iron Ball|[from] move: Fling
|faint|p1a: Dynamic
|move|p2a: Figga|Twin Beam|p1b: Bane
|-activate|p1b: Bane|move: Protect
|
|-fieldend|move: Trick Room
|-ability|p1b: Bane|Speed Boost|boost
|-boost|p1b: Bane|spe|1
|upkeep
|turn|7
|
|t:|1783314481
|move|p1b: Bane|Rock Slide|p2b: John Cena|[spread] p2a,p2b
|-supereffective|p2b: John Cena|1
|-damage|p2a: Figga|22/100
|-damage|p2b: John Cena|85/100
|move|p2b: John Cena|Dragon Rush|p1b: Bane|[miss]
|-miss|p2b: John Cena|p1b: Bane
|move|p2a: Figga|Twin Beam|p1b: Bane
|-supereffective|p1b: Bane|1
|-damage|p1b: Bane|0 fnt
|faint|p1b: Bane
|-hitcount|p1: Bane|1
|
|win|bananamandoge420
||ShmebKing is ready for game 2.
|inactive|bananamandoge420 has 30 seconds to confirm battle start!
|l|☆bananamandoge420
|player|p2|
||bananamandoge420 is ready for game 2.
|uhtml|next|Next: Game 2 of 3
