|j|☆DDyarados29
|j|☆dont make me walk
|html|DDyarados29dont make me walk    
|uhtml|bestof|Game 2 of a best-of-3
|t:|1757018846
|gametype|doubles
|player|p1|DDyarados29|wallace-gen6|1410
|player|p2|dont make me walk|red-masters3|1401
|gen|9
|tier|[Gen 9] VGC 2025 Reg H (Bo3)
|rated|
|rule|Species Clause: Limit one of each Pokémon
|rule|Item Clause: Limit 1 of each item
|clearpoke
|poke|p1|Ninetales-Alola, L50, M|
|poke|p1|Rillaboom, L50, M|
|poke|p1|Magmar, L50, F|
|poke|p1|Sneasler, L50, M|
|poke|p1|Kingambit, L50, M|
|poke|p1|Basculegion, L50, M|
|poke|p2|Ursaluna-Bloodmoon, L50, M|
|poke|p2|Indeedee, L50, M|
|poke|p2|Sneasler, L50, F|
|poke|p2|Incineroar, L50, M|
|poke|p2|Talonflame, L50, M|
|poke|p2|Garchomp, L50, F|
|teampreview|4
|showteam|p1|Ninetales-Alola||LifeOrb|SnowWarning|Blizzard,FreezeDry,Encore,Protect|||M|||50|,,,,,Ghost]Rillaboom||AssaultVest|GrassySurge|WoodHammer,FakeOut,Uturn,GrassyGlide|||M|||50|,,,,,Ghost]Magmar||Eviolite|VitalSpirit|Protect,HeatWave,Taunt,FollowMe|||F|||50|,,,,,Ghost]Sneasler||FocusSash|PoisonTouch|FakeOut,DireClaw,CloseCombat,Protect|||M|||50|,,,,,Ghost]Kingambit||BlackGlasses|Defiant|KowtowCleave,SwordsDance,SuckerPunch,Protect|||M|||50|,,,,,Fire]Basculegion||ChoiceScarf|Adaptability|WaveCrash,LastRespects,FlipTurn,TeraBlast|||M|||50|,,,,,Fighting
|showteam|p2|Ursaluna-Bloodmoon||LifeOrb|MindsEye|Protect,EarthPower,HyperVoice,BloodMoon|||M|||50|,,,,,Normal]Indeedee||FocusSash|PsychicSurge|ExpandingForce,Protect,TrickRoom,Imprison|||M|||50|,,,,,Psychic]Sneasler||PsychicSeed|Unburden|DireClaw,CloseCombat,ThroatChop,Protect|||F|||50|,,,,,Dark]Incineroar||SafetyGoggles|Intimidate|FakeOut,KnockOff,FlareBlitz,PartingShot|||M|||50|,,,,,Ghost]Talonflame||CovertCloak|GaleWings|FlareBlitz,DualWingbeat,WillOWisp,Tailwind|||M|||50|,,,,,Fairy]Garchomp||ClearAmulet|RoughSkin|Earthquake,StompingTantrum,DragonClaw,Protect|||F|||50|,,,,,Fairy
|inactive|Battle timer is ON: inactive players will automatically lose when time's up. (requested by dont make me walk)
|inactive|DDyarados29 also wants the timer to be on.
|inactive|DDyarados29 has 60 seconds left.
|inactive|dont make me walk has 60 seconds left.
|
|t:|1757018906
|teamsize|p1|4
|teamsize|p2|4
|start
|switch|p1a: Sneasler|Sneasler, L50, M|100/100
|switch|p1b: Basculegion|Basculegion, L50, M|100/100
|switch|p2a: Incineroar|Incineroar, L50, M|100/100
|switch|p2b: Ursaluna|Ursaluna-Bloodmoon, L50, M|100/100
|-ability|p2a: Incineroar|Intimidate|boost
|-unboost|p1a: Sneasler|atk|1
|-unboost|p1b: Basculegion|atk|1
|turn|1
|
|t:|1757018923
|-terastallize|p2b: Ursaluna|Normal
|move|p1a: Sneasler|Protect|p1a: Sneasler
|-singleturn|p1a: Sneasler|Protect
|move|p2a: Incineroar|Fake Out|p1a: Sneasler
|-activate|p1a: Sneasler|move: Protect
|move|p1b: Basculegion|Flip Turn|p2a: Incineroar
|-supereffective|p2a: Incineroar
|-damage|p2a: Incineroar|51/100
|
|t:|1757018928
|switch|p1b: Kingambit|Kingambit, L50, M|100/100|[from] Flip Turn
|move|p2b: Ursaluna|Hyper Voice|p1a: Sneasler|[spread] p1b
|-activate|p1a: Sneasler|move: Protect
|-resisted|p1b: Kingambit
|-damage|p1b: Kingambit|63/100
|-damage|p2b: Ursaluna|91/100|[from] item: Life Orb
|
|upkeep
|turn|2
|
|t:|1757018946
|switch|p1b: Rillaboom|Rillaboom, L50, M|100/100
|-fieldstart|move: Grassy Terrain|[from] ability: Grassy Surge|[of] p1b: Rillaboom
|move|p1a: Sneasler|Close Combat|p2b: Ursaluna
|-supereffective|p2b: Ursaluna
|-crit|p2b: Ursaluna
|-damage|p2b: Ursaluna|0 fnt
|-unboost|p1a: Sneasler|def|1
|-unboost|p1a: Sneasler|spd|1
|faint|p2b: Ursaluna
|move|p2a: Incineroar|Parting Shot|p1a: Sneasler
|-unboost|p1a: Sneasler|atk|1
|-unboost|p1a: Sneasler|spa|1
|
|t:|1757018952
|switch|p2a: Indeedee|Indeedee, L50, M|100/100|[from] Parting Shot
|-fieldstart|move: Psychic Terrain|[from] ability: Psychic Surge|[of] p2a: Indeedee
|
|upkeep
|
|t:|1757018954
|switch|p2b: Sneasler|Sneasler, L50, F|100/100
|-enditem|p2b: Sneasler|Psychic Seed
|-boost|p2b: Sneasler|spd|1|[from] item: Psychic Seed
|turn|3
|
|t:|1757018972
|switch|p1b: Kingambit|Kingambit, L50, M|63/100
|move|p2b: Sneasler|Close Combat|p1b: Kingambit
|-supereffective|p1b: Kingambit
|-crit|p1b: Kingambit
|-damage|p1b: Kingambit|0 fnt
|-unboost|p2b: Sneasler|def|1
|-unboost|p2b: Sneasler|spd|1
|faint|p1b: Kingambit
|move|p1a: Sneasler|Dire Claw|p2a: Indeedee
|-crit|p2a: Indeedee
|-enditem|p2a: Indeedee|Focus Sash
|-damage|p2a: Indeedee|1/100
|move|p2a: Indeedee|Expanding Force|p1a: Sneasler
|-supereffective|p1a: Sneasler
|-enditem|p1a: Sneasler|Focus Sash
|-damage|p1a: Sneasler|1/100
|
|upkeep
|
|t:|1757018983
|switch|p1b: Basculegion|Basculegion, L50, M|100/100
|turn|4
|inactive|DDyarados29 has 30 seconds left.
|inactive|DDyarados29 has 20 seconds left.
|
|t:|1757019019
|switch|p1a: Rillaboom|Rillaboom, L50, M|100/100
|-fieldstart|move: Grassy Terrain|[from] ability: Grassy Surge|[of] p1a: Rillaboom
|switch|p2a: Incineroar|Incineroar, L50, M|51/100
|-ability|p2a: Incineroar|Intimidate|boost
|-unboost|p1a: Rillaboom|atk|1
|-unboost|p1b: Basculegion|atk|1
|move|p2b: Sneasler|Protect|p2b: Sneasler
|-singleturn|p2b: Sneasler|Protect
|move|p1b: Basculegion|Flip Turn|p2a: Incineroar
|-supereffective|p2a: Incineroar
|-damage|p2a: Incineroar|7/100
|
|t:|1757019021
|switch|p1b: Sneasler|Sneasler, L50, M|1/100|[from] Flip Turn
|
|-heal|p1b: Sneasler|7/100|[from] Grassy Terrain
|-heal|p2a: Incineroar|13/100|[from] Grassy Terrain
|upkeep
|turn|5
|inactive|DDyarados29 has 30 seconds left.
|inactive|DDyarados29 has 20 seconds left.
|
|t:|1757019057
|switch|p2a: Indeedee|Indeedee, L50, M|1/100
|-fieldstart|move: Psychic Terrain|[from] ability: Psychic Surge|[of] p2a: Indeedee
|move|p1b: Sneasler|Fake Out|p2a: Indeedee
|-activate|p2a: Indeedee|move: Psychic Terrain
|move|p2b: Sneasler|Dire Claw|p1b: Sneasler
|-resisted|p1b: Sneasler
|-damage|p1b: Sneasler|0 fnt
|faint|p1b: Sneasler
|move|p1a: Rillaboom|U-turn|p2a: Indeedee
|-supereffective|p2a: Indeedee
|-damage|p2a: Indeedee|0 fnt
|faint|p2a: Indeedee
|
|t:|1757019061
|switch|p1a: Basculegion|Basculegion, L50, M|100/100|[from] U-turn
|
|upkeep
|
|t:|1757019068
|switch|p1b: Rillaboom|Rillaboom, L50, M|100/100
|switch|p2a: Incineroar|Incineroar, L50, M|13/100
|-fieldstart|move: Grassy Terrain|[from] ability: Grassy Surge|[of] p1b: Rillaboom
|-ability|p2a: Incineroar|Intimidate|boost
|-unboost|p1a: Basculegion|atk|1
|-unboost|p1b: Rillaboom|atk|1
|turn|6
|
|t:|1757019081
|move|p1b: Rillaboom|Fake Out|p2b: Sneasler
|-damage|p2b: Sneasler|77/100
|move|p2a: Incineroar|Fake Out|p1b: Rillaboom
|-damage|p1b: Rillaboom|89/100
|cant|p2b: Sneasler|flinch
|move|p1a: Basculegion|Wave Crash|p2a: Incineroar
|-supereffective|p2a: Incineroar
|-damage|p2a: Incineroar|0 fnt
|faint|p2a: Incineroar
|-damage|p1a: Basculegion|96/100|[from] Recoil
|
|-heal|p2b: Sneasler|82/100|[from] Grassy Terrain
|-heal|p1a: Basculegion|100/100|[from] Grassy Terrain
|-heal|p1b: Rillaboom|95/100|[from] Grassy Terrain
|upkeep
|turn|7
|
|t:|1757019094
|-terastallize|p1a: Basculegion|Fighting
|move|p2b: Sneasler|Dire Claw|p1a: Basculegion
|-crit|p1a: Basculegion
|-damage|p1a: Basculegion|17/100
|move|p1a: Basculegion|Wave Crash|p2b: Sneasler
|-damage|p2b: Sneasler|0 fnt
|faint|p2b: Sneasler
|-damage|p1a: Basculegion|0 fnt|[from] Recoil
|faint|p1a: Basculegion
|
|win|DDyarados29
|raw|DDyarados29's rating: 1410 → 1429(+19 for winning)
|raw|dont make me walk's rating: 1401 → 1382(-19 for losing)
