|j|☆Nasch1312
|j|☆Turin0-3Spritz
|html|Nasch1312Turin0-3Spritz    
|uhtml|bestof|Game 2 of a best-of-3
|t:|1783131845
|gametype|doubles
|player|p1|Nasch1312|hilbert|1223
|player|p2|Turin0-3Spritz|2|1266
|gen|9
|tier|[Gen 9 Champions] VGC 2026 Reg M-B (Bo3)
|rated|
|rule|Species Clause: Limit one of each Pokémon
|rule|Item Clause: Limit 1 of each item
|clearpoke
|poke|p1|Dragonite, L50, M|
|poke|p1|Pelipper, L50, F|
|poke|p1|Basculegion, L50, M|
|poke|p1|Archaludon, L50, F|
|poke|p1|Sinistcha, L50|
|poke|p1|Gholdengo, L50, shiny|
|poke|p2|Pelipper, L50, M|
|poke|p2|Archaludon, L50, F|
|poke|p2|Grimmsnarl, L50, M|
|poke|p2|Basculegion, L50, M|
|poke|p2|Venusaur, L50, F|
|poke|p2|Aegislash, L50, M|
|teampreview|4
|showteam|p1|Dragonite||Dragoninite|InnerFocus|DragonPulse,Thunderbolt,Hurricane,Protect|Modest||M|||50|]Pelipper||SitrusBerry|Drizzle|Hurricane,WeatherBall,Tailwind,WideGuard|Modest||F|||50|]Basculegion||LifeOrb|SwiftSwim|WaveCrash,LastRespects,AquaJet,Protect|Adamant||M|||50|]Archaludon||Leftovers|Stamina|ElectroShot,DragonPulse,FlashCannon,Protect|Modest||F|||50|]Sinistcha||KasibBerry|Hospitality|RagePowder,MatchaGotcha,TrickRoom,LifeDew|Bold|||||50|]Gholdengo||ChoiceScarf|GoodasGold|MakeItRain,ShadowBall,PowerGem,Trick|Modest|||||50|
|showteam|p2|Pelipper||SitrusBerry|Drizzle|WeatherBall,Hurricane,Tailwind,HelpingHand|Modest||M|||50|]Archaludon||Leftovers|Stamina|ElectroShot,DragonPulse,FlashCannon,Protect|Calm||F|||50|]Grimmsnarl||LightClay|Prankster|FoulPlay,LightScreen,Reflect,PartingShot|Calm||M|||50|]Basculegion||ChoiceScarf|Adaptability|WaveCrash,FlipTurn,LastRespects,AquaJet|Jolly||M|||50|]Venusaur||Venusaurite|Chlorophyll|GigaDrain,SludgeBomb,EarthPower,Protect|Modest||F|||50|]Aegislash||FocusSash|StanceChange|IronHead,ShadowSneak,CloseCombat,KingsShield|Adamant||M|||50|
|
|t:|1783131870
|teamsize|p1|4
|teamsize|p2|4
|start
|switch|p1a: Archaly|Archaludon, L50, F|100/100
|switch|p1b: Dragonite|Dragonite, L50, M|100/100
|switch|p2a: Grimmsnarl|Grimmsnarl, L50, M|100/100
|switch|p2b: Venusaur|Venusaur, L50, F|100/100
|turn|1
|
|t:|1783131886
|detailschange|p1b: Dragonite|Dragonite-Mega, L50, M
|-mega|p1b: Dragonite|Dragonite|Dragoninite
|detailschange|p2b: Venusaur|Venusaur-Mega, L50, F
|-mega|p2b: Venusaur|Venusaur|Venusaurite
|move|p2a: Grimmsnarl|Light Screen|p2a: Grimmsnarl
|-sidestart|p2: Turin0-3Spritz|move: Light Screen
|move|p1b: Dragonite|Thunderbolt|p2a: Grimmsnarl
|-damage|p2a: Grimmsnarl|77/100
|move|p2b: Venusaur|Earth Power|p1a: Archaly
|-supereffective|p1a: Archaly|1
|-damage|p1a: Archaly|42/100
|-ability|p1a: Archaly|Stamina|boost
|-boost|p1a: Archaly|def|1
|move|p1a: Archaly|Flash Cannon|p2a: Grimmsnarl
|-supereffective|p2a: Grimmsnarl|1
|-damage|p2a: Grimmsnarl|33/100
|
|-heal|p1a: Archaly|48/100|[from] item: Leftovers
|upkeep
|turn|2
|
|t:|1783131907
|switch|p1b: Sinisty|Sinistcha, L50|100/100
|-heal|p1a: Archaly|73/100|[from] ability: Hospitality|[of] p1b: Sinisty
|move|p1a: Archaly|Protect|p1a: Archaly
|-singleturn|p1a: Archaly|Protect
|move|p2a: Grimmsnarl|Parting Shot|p1b: Sinisty
|-unboost|p1b: Sinisty|atk|1
|-unboost|p1b: Sinisty|spa|1
|
|t:|1783131915
|switch|p2a: Archaludon|Archaludon, L50, F|100/100|[from] Parting Shot
|move|p2b: Venusaur|Sludge Bomb|p1b: Sinisty
|-damage|p1b: Sinisty|53/100
|
|-heal|p1a: Archaly|80/100|[from] item: Leftovers
|upkeep
|turn|3
|
|t:|1783131936
|move|p2a: Archaludon|Electro Shot||[still]
|-prepare|p2a: Archaludon|Electro Shot
|-boost|p2a: Archaludon|spa|1
|move|p2b: Venusaur|Sludge Bomb|p1b: Sinisty
|-damage|p1b: Sinisty|5/100
|move|p1a: Archaly|Dragon Pulse|p2a: Archaludon
|-damage|p2a: Archaludon|73/100
|-ability|p2a: Archaludon|Stamina|boost
|-boost|p2a: Archaludon|def|1
|move|p1b: Sinisty|Life Dew|p1b: Sinisty|[spread] p1a,p1b
|-heal|p1a: Archaly|100/100
|-heal|p1b: Sinisty|30/100
|
|-heal|p2a: Archaludon|79/100|[from] item: Leftovers
|upkeep
|turn|4
|
|t:|1783131956
|switch|p1b: Dragonite|Dragonite-Mega, L50, M|100/100
|move|p2a: Archaludon|Electro Shot|p1b: Dragonite|[from] lockedmove
|-damage|p1b: Dragonite|75/100
|move|p2b: Venusaur|Sludge Bomb|p1b: Dragonite
|-damage|p1b: Dragonite|35/100
|move|p1a: Archaly|Dragon Pulse|p2a: Archaludon
|-damage|p2a: Archaludon|52/100
|-ability|p2a: Archaludon|Stamina|boost
|-boost|p2a: Archaludon|def|1
|
|-heal|p2a: Archaludon|58/100|[from] item: Leftovers
|upkeep
|turn|5
|
|t:|1783131972
|move|p1b: Dragonite|Protect|p1b: Dragonite
|-singleturn|p1b: Dragonite|Protect
|move|p2a: Archaludon|Dragon Pulse|p1b: Dragonite
|-activate|p1b: Dragonite|move: Protect
|move|p2b: Venusaur|Earth Power|p1a: Archaly
|-supereffective|p1a: Archaly|1
|-damage|p1a: Archaly|43/100
|-ability|p1a: Archaly|Stamina|boost
|-boost|p1a: Archaly|def|1
|move|p1a: Archaly|Dragon Pulse|p2a: Archaludon
|-damage|p2a: Archaludon|34/100
|-ability|p2a: Archaludon|Stamina|boost
|-boost|p2a: Archaludon|def|1
|
|-heal|p2a: Archaludon|40/100|[from] item: Leftovers
|-heal|p1a: Archaly|50/100y|[from] item: Leftovers
|upkeep
|turn|6
|
|t:|1783132009
|move|p1a: Archaly|Protect|p1a: Archaly
|-singleturn|p1a: Archaly|Protect
|move|p1b: Dragonite|Hurricane|p2b: Venusaur
|-supereffective|p2b: Venusaur|1
|-damage|p2b: Venusaur|20/100y
|move|p2a: Archaludon|Dragon Pulse|p1b: Dragonite
|-supereffective|p1b: Dragonite|1
|-crit|p1b: Dragonite
|-damage|p1b: Dragonite|0 fnt
|faint|p1b: Dragonite
|move|p2b: Venusaur|Earth Power|p1a: Archaly
|-activate|p1a: Archaly|move: Protect
|
|-heal|p2a: Archaludon|46/100|[from] item: Leftovers
|-heal|p1a: Archaly|56/100|[from] item: Leftovers
|upkeep
|
|t:|1783132023
|switch|p1b: Gholdey|Gholdengo, L50, shiny|100/100
|turn|7
|
|t:|1783132056
|move|p2a: Archaludon|Protect|p2a: Archaludon
|-singleturn|p2a: Archaludon|Protect
|move|p1b: Gholdey|Shadow Ball|p2b: Venusaur
|-damage|p2b: Venusaur|0 fnt
|faint|p2b: Venusaur
|move|p1a: Archaly|Dragon Pulse|p2a: Archaludon
|-activate|p2a: Archaludon|move: Protect
|
|-heal|p2a: Archaludon|53/100|[from] item: Leftovers
|-heal|p1a: Archaly|62/100|[from] item: Leftovers
|upkeep
|
|t:|1783132062
|switch|p2b: Basculegion|Basculegion, L50, M|100/100
|turn|8
|
|t:|1783132148
|move|p1b: Gholdey|Shadow Ball|p2a: Archaludon
|-damage|p2a: Archaludon|23/100
|-ability|p2a: Archaludon|Stamina|boost
|-boost|p2a: Archaludon|def|1
|move|p2b: Basculegion|Last Respects|p1b: Gholdey
|-supereffective|p1b: Gholdey|1
|-damage|p1b: Gholdey|0 fnt
|faint|p1b: Gholdey
|move|p2a: Archaludon|Dragon Pulse|p1a: Archaly
|-damage|p1a: Archaly|9/100
|-ability|p1a: Archaly|Stamina|boost
|-boost|p1a: Archaly|def|1
|move|p1a: Archaly|Dragon Pulse|p2a: Archaludon
|-damage|p2a: Archaludon|0 fnt
|faint|p2a: Archaludon
|
|-heal|p1a: Archaly|15/100|[from] item: Leftovers
|-sideend|p2: Turin0-3Spritz|move: Light Screen
|upkeep
|
|t:|1783132163
|switch|p1b: Sinisty|Sinistcha, L50|30/100
|switch|p2a: Grimmsnarl|Grimmsnarl, L50, M|33/100
|-heal|p1a: Archaly|40/100|[from] ability: Hospitality|[of] p1b: Sinisty
|turn|9
|
|t:|1783132176
|move|p2a: Grimmsnarl|Parting Shot|p1a: Archaly
|-unboost|p1a: Archaly|atk|1
|-unboost|p1a: Archaly|spa|1
|move|p2b: Basculegion|Last Respects|p1b: Sinisty
|-supereffective|p1b: Sinisty|1
|-enditem|p1b: Sinisty|Kasib Berry|[eat]
|-enditem|p1b: Sinisty|Kasib Berry|[weaken]
|-damage|p1b: Sinisty|0 fnt
|faint|p1b: Sinisty
|move|p1a: Archaly|Flash Cannon|p2a: Grimmsnarl
|-supereffective|p2a: Grimmsnarl|1
|-damage|p2a: Grimmsnarl|0 fnt
|faint|p2a: Grimmsnarl
|
|-heal|p1a: Archaly|46/100|[from] item: Leftovers
|upkeep
|turn|10
|
|t:|1783132194
|move|p1a: Archaly|Protect|p1a: Archaly
|-singleturn|p1a: Archaly|Protect
|move|p2b: Basculegion|Last Respects|p1a: Archaly
|-activate|p1a: Archaly|move: Protect
|
|-heal|p1a: Archaly|53/100|[from] item: Leftovers
|upkeep
|turn|11
|
|t:|1783132202
|move|p2b: Basculegion|Last Respects|p1a: Archaly
|-damage|p1a: Archaly|14/100
|-ability|p1a: Archaly|Stamina|boost
|-boost|p1a: Archaly|def|1
|move|p1a: Archaly|Dragon Pulse|p2b: Basculegion
|-damage|p2b: Basculegion|69/100
|
|-heal|p1a: Archaly|20/100y|[from] item: Leftovers
|upkeep
|turn|12
|
|t:|1783132211
|move|p1a: Archaly|Protect|p1a: Archaly
|-singleturn|p1a: Archaly|Protect
|move|p2b: Basculegion|Last Respects|p1a: Archaly
|-activate|p1a: Archaly|move: Protect
|
|-heal|p1a: Archaly|27/100|[from] item: Leftovers
|upkeep
|turn|13
|
|t:|1783132219
|move|p2b: Basculegion|Last Respects|p1a: Archaly
|-damage|p1a: Archaly|0 fnt
|faint|p1a: Archaly
|
|win|Turin0-3Spritz
|raw|Nasch1312's rating: 1223 → 1201(-22 for losing)
|raw|Turin0-3Spritz's rating: 1266 → 1288(+22 for winning)
