|j|☆Infinity7410
|j|☆ClasiusClap
|html|Infinity7410ClasiusClap    
|uhtml|bestof|Game 3 of a best-of-3
|t:|1786101412
|gametype|doubles
|player|p1|Infinity7410|2|1076
|player|p2|ClasiusClap|benga|1000
|gen|9
|tier|[Gen 9 Champions] VGC 2026 Reg M-B (Bo3)
|rated|
|rule|Species Clause: Limit one of each Pokémon
|rule|Item Clause: Limit 1 of each item
|clearpoke
|poke|p1|Charizard, L50, F|
|poke|p1|Garchomp, L50, M|
|poke|p1|Incineroar, L50, F|
|poke|p1|Venusaur, L50, M|
|poke|p1|Toxapex, L50, M|
|poke|p1|Sylveon, L50, F|
|poke|p2|Charizard, L50, F|
|poke|p2|Garchomp, L50, M|
|poke|p2|Sylveon, L50, M|
|poke|p2|Incineroar, L50, M|
|poke|p2|Whimsicott, L50, F|
|poke|p2|Basculegion, L50, M|
|teampreview|4
|showteam|p1|Charizard||CharizarditeY|SolarPower|WeatherBall,HeatWave,AncientPower,Protect|Modest||F|||50|]Garchomp||ChoiceScarf|RoughSkin|RockSlide,DragonClaw,Earthquake,StompingTantrum|Adamant||M|||50|]Incineroar||SitrusBerry|Intimidate|FlareBlitz,FakeOut,DarkestLariat,PartingShot|Impish||F|||50|]Venusaur||LifeOrb|Chlorophyll|SludgeBomb,LeafStorm,EarthPower,Protect|Modest||M|||50|]Toxapex||Leftovers|Regenerator|Infestation,Toxic,WideGuard,BanefulBunker|Bold||M|||50|]Sylveon||FairyFeather|Pixilate|HyperVoice,QuickAttack,Yawn,Detect|Modest||F|||50|
|showteam|p2|Charizard||CharizarditeY|Blaze|HeatWave,SolarBeam,WeatherBall,Protect|Timid||F|||50|]Garchomp||LifeOrb|RoughSkin|Earthquake,DragonClaw,StompingTantrum,Protect|Jolly||M|||50|]Sylveon||FairyFeather|Pixilate|HyperVoice,HyperBeam,Yawn,Detect|Modest||M|||50|]Incineroar||PasshoBerry|Intimidate|ThroatChop,FlareBlitz,FakeOut,PartingShot|Impish||M|||50|]Whimsicott||FocusSash|Prankster|Tailwind,Moonblast,Encore,Protect|Timid||F|||50|]Basculegion||MysticWater|Adaptability|WaveCrash,AquaJet,LastRespects,Protect|Adamant||M|||50|
|
|t:|1786101470
|teamsize|p1|4
|teamsize|p2|4
|start
|switch|p1a: Incineroar|Incineroar, L50, F|100/100
|switch|p1b: Sylveon|Sylveon, L50, F|100/100
|switch|p2a: Basculegion|Basculegion, L50, M|100/100
|switch|p2b: Whimsicott|Whimsicott, L50, F|100/100
|-ability|p1a: Incineroar|Intimidate|boost
|-unboost|p2a: Basculegion|atk|1
|-unboost|p2b: Whimsicott|atk|1
|turn|1
|
|t:|1786101520
|move|p2b: Whimsicott|Tailwind|p2b: Whimsicott
|-sidestart|p2: ClasiusClap|move: Tailwind
|move|p2a: Basculegion|Wave Crash|p1b: Sylveon
|-damage|p1b: Sylveon|44/100
|-damage|p2a: Basculegion|83/100|[from] Recoil
|move|p1b: Sylveon|Yawn|p2a: Basculegion
|-start|p2a: Basculegion|move: Yawn|[of] p1b: Sylveon
|move|p1a: Incineroar|Parting Shot|p2a: Basculegion
|-unboost|p2a: Basculegion|atk|1
|-unboost|p2a: Basculegion|spa|1
|inactive|Battle timer is ON: inactive players will automatically lose when time's up. (requested by Infinity7410)
|
|t:|1786101533
|switch|p1a: Charizard|Charizard, L50, F|100/100|[from] Parting Shot
|
|upkeep
|turn|2
|
|t:|1786101561
|switch|p1b: Venusaur|Venusaur, L50, M|100/100
|detailschange|p1a: Charizard|Charizard-Mega-Y, L50, F
|-mega|p1a: Charizard|Charizard|Charizardite Y
|-weather|SunnyDay|[from] ability: Drought|[of] p1a: Charizard
|move|p2b: Whimsicott|Encore||[still]
|-fail|p2b: Whimsicott
|move|p2a: Basculegion|Wave Crash|p1a: Charizard
|-supereffective|p1a: Charizard|1
|-damage|p1a: Charizard|58/100
|-damage|p2a: Basculegion|71/100|[from] Recoil
|move|p1a: Charizard|Heat Wave|p2b: Whimsicott|[spread] p2a,p2b
|-resisted|p2a: Basculegion|1
|-supereffective|p2b: Whimsicott|1
|-damage|p2a: Basculegion|40/100
|-enditem|p2b: Whimsicott|Focus Sash
|-damage|p2b: Whimsicott|1/100
|
|-weather|SunnyDay|[upkeep]
|-end|p2a: Basculegion|move: Yawn|[silent]
|-status|p2a: Basculegion|slp
|upkeep
|turn|3
|inactive|Infinity7410 has 30 seconds left.
|inactive|ClasiusClap has 30 seconds left.
|
|t:|1786101594
|move|p2b: Whimsicott|Protect|p2b: Whimsicott
|-singleturn|p2b: Whimsicott|Protect
|cant|p2a: Basculegion|slp
|move|p1b: Venusaur|Sludge Bomb|p2b: Whimsicott
|-activate|p2b: Whimsicott|move: Protect
|move|p1a: Charizard|Heat Wave|p2a: Basculegion|[spread] p2a
|-activate|p2b: Whimsicott|move: Protect
|-resisted|p2a: Basculegion|1
|-damage|p2a: Basculegion|10/100 slp
|
|-weather|SunnyDay|[upkeep]
|upkeep
|turn|4
|inactive|ClasiusClap has 30 seconds left.
|inactive|ClasiusClap has 20 seconds left.
|inactive|Infinity7410 has 30 seconds left.
|
|t:|1786101639
|switch|p2a: Garchomp|Garchomp, L50, M|100/100
|move|p2b: Whimsicott|Protect||[still]
|-fail|p2b: Whimsicott
|move|p1b: Venusaur|Sludge Bomb|p2b: Whimsicott
|-supereffective|p2b: Whimsicott|2
|-damage|p2b: Whimsicott|0 fnt
|faint|p2b: Whimsicott
|-damage|p1b: Venusaur|90/100|[from] item: Life Orb
|move|p1a: Charizard|Ancient Power|p2a: Garchomp
|-resisted|p2a: Garchomp|1
|-damage|p2a: Garchomp|88/100
|
|-weather|SunnyDay|[upkeep]
|-sideend|p2: ClasiusClap|move: Tailwind
|upkeep
|
|t:|1786101655
|switch|p2b: Basculegion|Basculegion, L50, M|10/100 slp
|turn|5
|
|t:|1786101678
|move|p2a: Garchomp|Protect|p2a: Garchomp
|-singleturn|p2a: Garchomp|Protect
|move|p1a: Charizard|Protect|p1a: Charizard
|-singleturn|p1a: Charizard|Protect
|cant|p2b: Basculegion|slp
|move|p1b: Venusaur|Leaf Storm|p2a: Garchomp
|-activate|p2a: Garchomp|move: Protect
|
|-weather|SunnyDay|[upkeep]
|upkeep
|turn|6
|
|t:|1786101695
|switch|p1a: Incineroar|Incineroar, L50, F|100/100
|-ability|p1a: Incineroar|Intimidate|boost
|-unboost|p2a: Garchomp|atk|1
|-unboost|p2b: Basculegion|atk|1
|switch|p2b: Charizard|Charizard, L50, F|100/100
|move|p1b: Venusaur|Sludge Bomb|p2b: Charizard
|-damage|p2b: Charizard|36/100
|-damage|p1b: Venusaur|81/100|[from] item: Life Orb
|move|p2a: Garchomp|Earthquake|p1b: Venusaur|[spread] p1a,p1b
|-immune|p2b: Charizard
|-supereffective|p1a: Incineroar|1
|-damage|p1a: Incineroar|50/100y
|-damage|p1b: Venusaur|44/100
|-enditem|p1a: Incineroar|Sitrus Berry|[eat]
|-heal|p1a: Incineroar|74/100|[from] item: Sitrus Berry
|-damage|p2a: Garchomp|78/100|[from] item: Life Orb
|
|-weather|none
|upkeep
|turn|7
|inactive|Infinity7410 has 30 seconds left.
|
|t:|1786101721
|switch|p2a: Basculegion|Basculegion, L50, M|10/100 slp
|switch|p1a: Charizard|Charizard-Mega-Y, L50, F|58/100
|-weather|SunnyDay|[from] ability: Drought|[of] p1a: Charizard
|move|p2b: Charizard|Protect|p2b: Charizard
|-singleturn|p2b: Charizard|Protect
|move|p1b: Venusaur|Sludge Bomb|p2b: Charizard
|-activate|p2b: Charizard|move: Protect
|
|-weather|SunnyDay|[upkeep]
|upkeep
|turn|8
|
|t:|1786101745
|switch|p2b: Garchomp|Garchomp, L50, M|78/100
|move|p1b: Venusaur|Sludge Bomb|p2a: Basculegion
|-resisted|p2a: Basculegion|1
|-damage|p2a: Basculegion|0 fnt
|faint|p2a: Basculegion
|-damage|p1b: Venusaur|35/100|[from] item: Life Orb
|move|p1a: Charizard|Weather Ball|p2b: Garchomp
|-resisted|p2b: Garchomp|1
|-damage|p2b: Garchomp|29/100
|
|-weather|SunnyDay|[upkeep]
|upkeep
|
|t:|1786101750
|switch|p2a: Charizard|Charizard, L50, F|36/100
|turn|9
|-message|ClasiusClap forfeited.
|
|win|Infinity7410
|raw|Infinity7410's rating: 1076 → 1098(+22 for winning)
|raw|ClasiusClap's rating: 1000 → 1000(+0 for losing)
|l|☆ClasiusClap
|player|p2|
