|j|☆hamlessmel
|j|☆marcusquinn
|html|hamlessmelmarcusquinn    
|uhtml|bestof|Game 2 of a best-of-3
|t:|1757648503
|gametype|doubles
|player|p1|hamlessmel|dawn-gen4pt|1051
|player|p2|marcusquinn|hilbert-wonderlauncher|1173
|gen|9
|tier|[Gen 9] VGC 2025 Reg H (Bo3)
|rated|
|rule|Species Clause: Limit one of each Pokémon
|rule|Item Clause: Limit 1 of each item
|clearpoke
|poke|p1|Excadrill, L50, F|
|poke|p1|Tyranitar, L50, M|
|poke|p1|Sneasler, L50, M|
|poke|p1|Indeedee, L50, M|
|poke|p1|Annihilape, L50, M|
|poke|p1|Corviknight, L50, M|
|poke|p2|Archaludon, L50, F|
|poke|p2|Porygon2, L50|
|poke|p2|Incineroar, L50, M|
|poke|p2|Ursaluna, L50, M|
|poke|p2|Sneasler, L50, F|
|poke|p2|Dragonite, L50, M|
|teampreview|4
|showteam|p1|Excadrill||FocusSash|SandRush|Protect,IronHead,HighHorsepower,Earthquake|||F|||50|,,,,,Stellar]Tyranitar||AssaultVest|SandStream|KnockOff,RockSlide,TeraBlast,LowKick|||M|||50|,,,,,Flying]Sneasler||PsychicSeed|Unburden|ThroatChop,CloseCombat,Protect,DireClaw|||M|||50|,,,,,Dark]Indeedee||ChoiceScarf|PsychicSurge|TeraBlast,ExpandingForce,Protect,Trick|||M|||50|,,,,,Fighting]Annihilape||SafetyGoggles|VitalSpirit|Taunt,RageFist,CloseCombat,FinalGambit|||M|||50|,,,,,Water]Corviknight||Leftovers|MirrorArmor|Tailwind,BulkUp,Roost,BraveBird|||M|||50|,,,,,Dragon
|showteam|p2|Archaludon||PowerHerb|Sturdy|Protect,ElectroShot,DracoMeteor,FlashCannon|||F|||50|,,,,,Electric]Porygon2||Eviolite|Download|TeraBlast,IceBeam,Recover,TrickRoom||||||50|,,,,,Fighting]Incineroar||SafetyGoggles|Intimidate|FlareBlitz,KnockOff,FakeOut,PartingShot|||M|||50|,,,,,Ghost]Ursaluna||FlameOrb|Guts|HeadlongRush,Facade,Earthquake,Protect|||M|||50|,,,,,Ghost]Sneasler||FocusSash|Unburden|Protect,CloseCombat,DireClaw,ThroatChop|||F|||50|,,,,,Stellar]Dragonite||LoadedDice|Multiscale|ScaleShot,Tailwind,Haze,Protect|||M|||50|,,,,,Fairy
|inactive|Battle timer is ON: inactive players will automatically lose when time's up. (requested by marcusquinn)
|inactive|hamlessmel has 60 seconds left.
|
|t:|1757648548
|teamsize|p1|4
|teamsize|p2|4
|start
|switch|p1a: Annihilape|Annihilape, L50, M, shiny|100/100
|switch|p1b: Indeedee|Indeedee, L50, M|100/100
|switch|p2a: Ursaluna|Ursaluna, L50, M|100/100
|switch|p2b: Dragonite|Dragonite, L50, M, shiny|100/100
|-fieldstart|move: Psychic Terrain|[from] ability: Psychic Surge|[of] p1b: Indeedee
|turn|1
|inactive|hamlessmel has 30 seconds left.
|inactive|hamlessmel has 20 seconds left.
|inactive|hamlessmel has 15 seconds left.
|inactive|hamlessmel has 10 seconds left.
|
|t:|1757648598
|move|p2b: Dragonite|Protect|p2b: Dragonite
|-singleturn|p2b: Dragonite|Protect
|move|p2a: Ursaluna|Protect|p2a: Ursaluna
|-singleturn|p2a: Ursaluna|Protect
|move|p1b: Indeedee|Trick|p2a: Ursaluna
|-activate|p2a: Ursaluna|move: Protect
|move|p1a: Annihilape|Final Gambit|p2b: Dragonite
|-activate|p2b: Dragonite|move: Protect
|
|-status|p2a: Ursaluna|brn|[from] item: Flame Orb
|upkeep
|turn|2
|inactive|hamlessmel has 30 seconds left.
|
|t:|1757648624
|switch|p2b: Sneasler|Sneasler, L50, F|100/100
|move|p1b: Indeedee|Trick|p2b: Sneasler
|-activate|p1b: Indeedee|move: Trick|[of] p2b: Sneasler
|-item|p2b: Sneasler|Choice Scarf|[from] move: Trick
|-item|p1b: Indeedee|Focus Sash|[from] move: Trick
|move|p1a: Annihilape|Close Combat|p2a: Ursaluna
|-supereffective|p2a: Ursaluna
|-damage|p2a: Ursaluna|30/100 brn
|-unboost|p1a: Annihilape|def|1
|-unboost|p1a: Annihilape|spd|1
|move|p2a: Ursaluna|Facade|p1b: Indeedee
|-enditem|p1b: Indeedee|Focus Sash
|-damage|p1b: Indeedee|1/100
|
|-damage|p2a: Ursaluna|24/100 brn|[from] brn
|upkeep
|turn|3
|inactive|marcusquinn has 30 seconds left.
|inactive|hamlessmel has 30 seconds left.
|inactive|marcusquinn has 20 seconds left.
|
|t:|1757648670
|-terastallize|p2a: Ursaluna|Ghost
|move|p1b: Indeedee|Protect|p1b: Indeedee
|-singleturn|p1b: Indeedee|Protect
|move|p2b: Sneasler|Dire Claw|p1b: Indeedee
|-activate|p1b: Indeedee|move: Protect
|move|p1a: Annihilape|Final Gambit|p2b: Sneasler
|-damage|p2b: Sneasler|0 fnt
|faint|p1a: Annihilape
|faint|p2b: Sneasler
|move|p2a: Ursaluna|Headlong Rush|p1b: Indeedee
|-activate|p1b: Indeedee|move: Protect
|
|-damage|p2a: Ursaluna|18/100 brn|[from] brn
|upkeep
|
|t:|1757648690
|switch|p2b: Dragonite|Dragonite, L50, M, shiny|100/100
|switch|p1a: Excadrill|Excadrill, L50, F, shiny|100/100
|turn|4
|
|t:|1757648719
|move|p2b: Dragonite|Protect|p2b: Dragonite
|-singleturn|p2b: Dragonite|Protect
|move|p1b: Indeedee|Expanding Force|p2a: Ursaluna|[spread] p2a
|-activate|p2b: Dragonite|move: Protect
|-damage|p2a: Ursaluna|0 fnt
|faint|p2a: Ursaluna
|move|p1a: Excadrill|Iron Head|p2b: Dragonite
|-activate|p2b: Dragonite|move: Protect
|
|upkeep
|
|t:|1757648727
|switch|p2a: Incineroar|Incineroar, L50, M, shiny|100/100
|-ability|p2a: Incineroar|Intimidate|boost
|-unboost|p1a: Excadrill|atk|1
|-unboost|p1b: Indeedee|atk|1
|turn|5
|
|t:|1757648744
|-terastallize|p1b: Indeedee|Fighting
|move|p1b: Indeedee|Tera Blast|p2a: Incineroar|[anim] Tera Blast Fighting
|-supereffective|p2a: Incineroar
|-damage|p2a: Incineroar|32/100
|move|p1a: Excadrill|Earthquake|p2b: Dragonite|[spread] p1b,p2a
|-immune|p2b: Dragonite
|-supereffective|p2a: Incineroar
|-damage|p1b: Indeedee|0 fnt
|-damage|p2a: Incineroar|0 fnt
|faint|p1b: Indeedee
|faint|p2a: Incineroar
|move|p2b: Dragonite|Scale Shot|p1a: Excadrill
|-resisted|p1a: Excadrill
|-damage|p1a: Excadrill|89/100
|-resisted|p1a: Excadrill
|-damage|p1a: Excadrill|78/100
|-resisted|p1a: Excadrill
|-damage|p1a: Excadrill|68/100
|-resisted|p1a: Excadrill
|-damage|p1a: Excadrill|56/100
|-resisted|p1a: Excadrill
|-damage|p1a: Excadrill|46/100
|-hitcount|p1a: Excadrill|5
|-unboost|p2b: Dragonite|def|1
|-boost|p2b: Dragonite|spe|1
|
|-fieldend|move: Psychic Terrain
|upkeep
|
|t:|1757648764
|switch|p1b: Tyranitar|Tyranitar, L50, M, shiny|100/100
|-weather|Sandstorm|[from] ability: Sand Stream|[of] p1b: Tyranitar
|turn|6
|
|t:|1757648775
|move|p1a: Excadrill|Protect|p1a: Excadrill
|-singleturn|p1a: Excadrill|Protect
|move|p2b: Dragonite|Scale Shot|p1a: Excadrill
|-activate|p1a: Excadrill|move: Protect
|move|p1b: Tyranitar|Knock Off|p2b: Dragonite
|-damage|p2b: Dragonite|55/100
|-enditem|p2b: Dragonite|Loaded Dice|[from] move: Knock Off|[of] p1b: Tyranitar
|
|-weather|Sandstorm|[upkeep]
|-damage|p2b: Dragonite|49/100|[from] Sandstorm
|upkeep
|turn|7
|-message|marcusquinn forfeited.
|
|win|hamlessmel
|raw|hamlessmel's rating: 1051 → 1094(+43 for winning)
|raw|marcusquinn's rating: 1173 → 1140(-33 for losing)
|l|☆marcusquinn
|player|p2|
|l|☆hamlessmel
|player|p1|
|j|☆marcusquinn
|player|p2|marcusquinn|hilbert-wonderlauncher|
