|j|☆psychic system
|j|☆TrevenantHugger
|html|psychic systemTrevenantHugger    
|uhtml|bestof|Game 1 of a best-of-3
|t:|1757078913
|gametype|doubles
|player|p1|psychic system|lucas|1140
|player|p2|TrevenantHugger|swimmer-gen4dp|1222
|gen|9
|tier|[Gen 9] VGC 2025 Reg H (Bo3)
|rated|
|rule|Species Clause: Limit one of each Pokémon
|rule|Item Clause: Limit 1 of each item
|clearpoke
|poke|p1|Rillaboom, L50, M|
|poke|p1|Florges, L50, F|
|poke|p1|Amoonguss, L50, M|
|poke|p1|Kingambit, L50, M|
|poke|p1|Incineroar, L50, F|
|poke|p1|Pelipper, L50, F|
|poke|p2|Electabuzz, L50, M|
|poke|p2|Incineroar, L50, M|
|poke|p2|Rillaboom, L50, F|
|poke|p2|Annihilape, L50, F|
|poke|p2|Sneasler, L50, F|
|poke|p2|Primarina, L50, M|
|teampreview|4
|showteam|p1|Rillaboom||MiracleSeed|GrassySurge|WoodHammer,GrassyGlide,HighHorsepower,SwordsDance|||M|||50|,,,,,Fire]Florges||PixiePlate|FlowerVeil|DrainingKiss,DazzlingGleam,CalmMind,Protect|||F|||50|,,,,,Grass]Amoonguss||SitrusBerry|Regenerator|ClearSmog,Spore,PollenPuff,RagePowder|||M|||50|,,,,,Water]Kingambit||BlackGlasses|Defiant|Protect,KowtowCleave,SuckerPunch,SwordsDance|||M|||50|,,,,,Ghost]Incineroar||SafetyGoggles|Intimidate|FakeOut,KnockOff,FlareBlitz,PartingShot|||F|||50|,,,,,Ghost]Pelipper||ChoiceScarf|Drizzle|MuddyWater,Hurricane,IcyWind,WeatherBall|||F|||50|,,,,,Water
|showteam|p2|Electabuzz||Eviolite|VitalSpirit|VoltSwitch,Taunt,Electroweb,FollowMe|||M|||50|,,,,,Ghost]Incineroar||SafetyGoggles|Intimidate|FakeOut,PartingShot,FlareBlitz,KnockOff|||M|||50|,,,,,Grass]Rillaboom||AssaultVest|GrassySurge|GrassyGlide,FakeOut,DrumBeating,Uturn|||F|||50|,,,,,Fire]Annihilape||Leftovers|Defiant|DrainPunch,RageFist,Protect,BulkUp|||F|||50|,,,,,Fire]Sneasler||FocusSash|Unburden|CloseCombat,Protect,FakeOut,DireClaw|||F|||50|,,,,,Ghost]Primarina||SitrusBerry|LiquidVoice|Protect,HyperVoice,Moonblast,CalmMind|||M|||50|,,,,,Poison
|inactive|Battle timer is ON: inactive players will automatically lose when time's up. (requested by TrevenantHugger)
|inactive|TrevenantHugger has 60 seconds left.
|
|t:|1757078951
|teamsize|p1|4
|teamsize|p2|4
|start
|switch|p1a: Florges|Florges, L50, F|100/100
|switch|p1b: Pelipper|Pelipper, L50, F|100/100
|switch|p2a: Electabuzz|Electabuzz, L50, M|100/100
|switch|p2b: Rillaboom|Rillaboom, L50, F|100/100
|-weather|RainDance|[from] ability: Drizzle|[of] p1b: Pelipper
|-fieldstart|move: Grassy Terrain|[from] ability: Grassy Surge|[of] p2b: Rillaboom
|turn|1
|
|t:|1757078967
|switch|p1b: Incineroar|Incineroar, L50, F|100/100
|-ability|p1b: Incineroar|Intimidate|boost
|-unboost|p2a: Electabuzz|atk|1
|-unboost|p2b: Rillaboom|atk|1
|move|p2b: Rillaboom|Fake Out|p1b: Incineroar
|-damage|p1b: Incineroar|92/100
|move|p2a: Electabuzz|Electroweb|p1a: Florges|[spread] p1a,p1b
|-damage|p1a: Florges|91/100
|-damage|p1b: Incineroar|80/100
|-unboost|p1a: Florges|spe|1
|-unboost|p1b: Incineroar|spe|1
|move|p1a: Florges|Dazzling Gleam|p2b: Rillaboom|[spread] p2a,p2b
|-damage|p2a: Electabuzz|77/100
|-damage|p2b: Rillaboom|81/100
|
|-weather|RainDance|[upkeep]
|-heal|p2a: Electabuzz|83/100|[from] Grassy Terrain
|-heal|p2b: Rillaboom|87/100|[from] Grassy Terrain
|-heal|p1a: Florges|98/100|[from] Grassy Terrain
|-heal|p1b: Incineroar|86/100|[from] Grassy Terrain
|upkeep
|turn|2
|
|t:|1757078987
|switch|p2a: Annihilape|Annihilape, L50, F|100/100
|move|p1b: Incineroar|Fake Out|p2a: Annihilape
|-immune|p2a: Annihilape
|move|p2b: Rillaboom|U-turn|p2a: Annihilape
|-resisted|p2a: Annihilape
|-damage|p2a: Annihilape|98/100
|
|t:|1757078994
|switch|p2b: Electabuzz|Electabuzz, L50, M|83/100|[from] U-turn
|move|p1a: Florges|Calm Mind|p1a: Florges
|-boost|p1a: Florges|spa|1
|-boost|p1a: Florges|spd|1
|
|-weather|RainDance|[upkeep]
|-heal|p2b: Electabuzz|89/100|[from] Grassy Terrain
|-heal|p2a: Annihilape|100/100|[from] Grassy Terrain
|-heal|p1a: Florges|100/100|[from] Grassy Terrain
|-heal|p1b: Incineroar|92/100|[from] Grassy Terrain
|upkeep
|turn|3
|
|t:|1757079013
|switch|p1b: Rillaboom|Rillaboom, L50, M|100/100
|-terastallize|p2a: Annihilape|Fire
|move|p2b: Electabuzz|Taunt|p1a: Florges
|-start|p1a: Florges|move: Taunt
|move|p2a: Annihilape|Bulk Up|p2a: Annihilape
|-boost|p2a: Annihilape|atk|1
|-boost|p2a: Annihilape|def|1
|move|p1a: Florges|Dazzling Gleam|p2a: Annihilape|[spread] p2a,p2b
|-resisted|p2a: Annihilape
|-damage|p2a: Annihilape|83/100
|-damage|p2b: Electabuzz|52/100
|
|-weather|RainDance|[upkeep]
|-heal|p2b: Electabuzz|57/100|[from] Grassy Terrain
|-heal|p2a: Annihilape|89/100|[from] Grassy Terrain
|-heal|p2a: Annihilape|95/100|[from] item: Leftovers
|upkeep
|turn|4
|
|t:|1757079035
|move|p2b: Electabuzz|Electroweb|p1a: Florges|[spread] p1a,p1b
|-resisted|p1b: Rillaboom
|-damage|p1a: Florges|95/100
|-damage|p1b: Rillaboom|94/100
|-unboost|p1a: Florges|spe|1
|move|p2a: Annihilape|Rage Fist|p1a: Florges
|-damage|p1a: Florges|14/100
|move|p1b: Rillaboom|High Horsepower|p2a: Annihilape
|-supereffective|p2a: Annihilape
|-damage|p2a: Annihilape|61/100
|move|p1a: Florges|Draining Kiss|p2b: Electabuzz
|-damage|p2b: Electabuzz|24/100
|-heal|p1a: Florges|39/100|[from] drain|[of] p2b: Electabuzz
|
|-weather|RainDance|[upkeep]
|-heal|p2b: Electabuzz|30/100|[from] Grassy Terrain
|-heal|p2a: Annihilape|67/100|[from] Grassy Terrain
|-heal|p2a: Annihilape|73/100|[from] item: Leftovers
|-heal|p1b: Rillaboom|99/100|[from] Grassy Terrain
|-heal|p1a: Florges|45/100|[from] Grassy Terrain
|upkeep
|turn|5
|inactive|TrevenantHugger has 30 seconds left.
|
|t:|1757079061
|move|p2b: Electabuzz|Volt Switch|p1a: Florges
|-damage|p1a: Florges|35/100
|
|t:|1757079064
|switch|p2b: Rillaboom|Rillaboom, L50, F|87/100|[from] Volt Switch
|move|p2a: Annihilape|Rage Fist|p1b: Rillaboom
|-damage|p1b: Rillaboom|0 fnt
|faint|p1b: Rillaboom
|move|p1a: Florges|Draining Kiss|p2b: Rillaboom
|-crit|p2b: Rillaboom
|-damage|p2b: Rillaboom|46/100
|-heal|p1a: Florges|69/100|[from] drain|[of] p2b: Rillaboom
|
|-weather|none
|-heal|p2b: Rillaboom|52/100|[from] Grassy Terrain
|-heal|p2a: Annihilape|79/100|[from] Grassy Terrain
|-heal|p2a: Annihilape|85/100|[from] item: Leftovers
|-heal|p1a: Florges|75/100|[from] Grassy Terrain
|-end|p1a: Florges|move: Taunt
|-fieldend|move: Grassy Terrain
|upkeep
|
|t:|1757079084
|switch|p1b: Pelipper|Pelipper, L50, F|100/100
|-weather|RainDance|[from] ability: Drizzle|[of] p1b: Pelipper
|turn|6
|
|t:|1757079092
|switch|p1b: Incineroar|Incineroar, L50, F|92/100
|-ability|p1b: Incineroar|Intimidate|boost
|-unboost|p2a: Annihilape|atk|1
|-ability|p2a: Annihilape|Defiant|boost
|-boost|p2a: Annihilape|atk|2
|-unboost|p2b: Rillaboom|atk|1
|move|p2b: Rillaboom|Fake Out|p1b: Incineroar
|-damage|p1b: Incineroar|85/100
|move|p2a: Annihilape|Rage Fist|p1b: Incineroar
|-resisted|p1b: Incineroar
|-damage|p1b: Incineroar|21/100
|move|p1a: Florges|Draining Kiss|p2b: Rillaboom
|-damage|p2b: Rillaboom|25/100
|-heal|p1a: Florges|99/100|[from] drain|[of] p2b: Rillaboom
|
|-weather|RainDance|[upkeep]
|-heal|p2a: Annihilape|91/100|[from] item: Leftovers
|upkeep
|turn|7
|inactive|psychic system has 30 seconds left.
|
|t:|1757079124
|move|p2b: Rillaboom|U-turn|p1b: Incineroar
|-damage|p1b: Incineroar|7/100
|
|t:|1757079136
|switch|p2b: Electabuzz|Electabuzz, L50, M|30/100|[from] U-turn
|move|p2a: Annihilape|Rage Fist|p1a: Florges
|-damage|p1a: Florges|0 fnt
|faint|p1a: Florges
|move|p1b: Incineroar|Parting Shot|p2b: Electabuzz
|-unboost|p2b: Electabuzz|atk|1
|-unboost|p2b: Electabuzz|spa|1
|
|t:|1757079146
|switch|p1b: Pelipper|Pelipper, L50, F|100/100|[from] Parting Shot
|
|-weather|RainDance|[upkeep]
|-heal|p2a: Annihilape|97/100|[from] item: Leftovers
|upkeep
|
|t:|1757079151
|switch|p1a: Incineroar|Incineroar, L50, F|7/100
|-ability|p1a: Incineroar|Intimidate|boost
|-unboost|p2a: Annihilape|atk|1
|-ability|p2a: Annihilape|Defiant|boost
|-boost|p2a: Annihilape|atk|2
|-unboost|p2b: Electabuzz|atk|1
|turn|8
|
|t:|1757079161
|move|p2a: Annihilape|Protect|p2a: Annihilape
|-singleturn|p2a: Annihilape|Protect
|move|p1b: Pelipper|Muddy Water|p2a: Annihilape|[spread] p2b
|-activate|p2a: Annihilape|move: Protect
|-damage|p2b: Electabuzz|0 fnt
|faint|p2b: Electabuzz
|move|p1a: Incineroar|Knock Off|p2a: Annihilape
|-activate|p2a: Annihilape|move: Protect
|
|-weather|RainDance|[upkeep]
|-heal|p2a: Annihilape|100/100|[from] item: Leftovers
|upkeep
|
|t:|1757079167
|switch|p2b: Sneasler|Sneasler, L50, F|100/100
|turn|9
|
|t:|1757079176
|move|p2b: Sneasler|Fake Out|p1b: Pelipper
|-damage|p1b: Pelipper|80/100
|cant|p1b: Pelipper|flinch
|move|p2a: Annihilape|Rage Fist|p1a: Incineroar
|-resisted|p1a: Incineroar
|-damage|p1a: Incineroar|0 fnt
|faint|p1a: Incineroar
|
|-weather|RainDance|[upkeep]
|upkeep
|turn|10
|
|t:|1757079182
|switch|p2b: Rillaboom|Rillaboom, L50, F|25/100
|-fieldstart|move: Grassy Terrain|[from] ability: Grassy Surge|[of] p2b: Rillaboom
|move|p2a: Annihilape|Protect|p2a: Annihilape
|-singleturn|p2a: Annihilape|Protect
|move|p1b: Pelipper|Muddy Water|p2b: Rillaboom|[spread] p2b
|-activate|p2a: Annihilape|move: Protect
|-resisted|p2b: Rillaboom
|-damage|p2b: Rillaboom|12/100
|
|-weather|none
|-heal|p2b: Rillaboom|18/100|[from] Grassy Terrain
|upkeep
|turn|11
|
|t:|1757079187
|move|p2b: Rillaboom|Fake Out|p1b: Pelipper
|-damage|p1b: Pelipper|62/100
|cant|p1b: Pelipper|flinch
|move|p2a: Annihilape|Rage Fist|p1b: Pelipper
|-damage|p1b: Pelipper|0 fnt
|faint|p1b: Pelipper
|
|win|TrevenantHugger
||psychic system is ready for game 2.
||TrevenantHugger is ready for game 2.
|uhtml|next|Next: Game 2 of 3
|l|☆TrevenantHugger
|player|p2|
