|j|Ōśåmanukuru
|j|ŌśåSorhana11
|html|manukuruSorhana11    
|uhtml|bestof|Game 1 of a best-of-3
|t:|1785670738
|gametype|doubles
|player|p1|manukuru|shauntal|
|player|p2|Sorhana11|101|
|gen|9
|tier|[Gen 9 Champions] VGC 2026 Reg M-B (Bo3)
|rule|Species Clause: Limit one of each Pok├®mon
|rule|Item Clause: Limit 1 of each item
|clearpoke
|poke|p1|Oranguru, L50, M|
|poke|p1|Flareon, L50, F|
|poke|p1|Hatterene, L50, F|
|poke|p1|Audino, L50, F|
|poke|p1|Crabominable, L50, M|
|poke|p1|Trevenant, L50, F|
|poke|p2|Malamar, L50, M|
|poke|p2|Cofagrigus, L50, M|
|poke|p2|Heliolisk, L50, F|
|poke|p2|Ninetales, L50, M|
|poke|p2|Vileplume, L50, F|
|poke|p2|Sableye, L50, M|
|teampreview|4
|showteam|p1|Oranguru||MentalHerb|InnerFocus|TrickRoom,Instruct,PsychicTerrain,Psychic|Bold||M|||50|]Flareon||LifeOrb|FlashFire|Detect,FlareBlitz,QuickAttack,DoubleEdge|Adamant||F|||50|]Hatterene||FairyFeather|MagicBounce|Protect,TrickRoom,DazzlingGleam,ExpandingForce|Quiet||F|||50|]Audino||Leftovers|Regenerator|AllySwitch,HealPulse,DazzlingGleam,HelpingHand|Calm||F|||50|]Crabominable||Crabominite|AngerPoint|IceHammer,DrainPunch,Protect,WideGuard|Brave||M|||50|]Trevenant||SitrusBerry|Harvest|Protect,WoodHammer,Poltergeist,LeechSeed|Sassy||F|||50|
|showteam|p2|Malamar||SitrusBerry|Contrary|Superpower,TrickRoom,KnockOff,PoisonJab|Brave||M|||50|]Cofagrigus||Leftovers|Mummy|TrickRoom,Protect,IronDefense,BodyPress|Relaxed||M|||50|]Heliolisk||LifeOrb|SolarPower|Thunderbolt,VoltSwitch,HyperVoice,DragonTail|Modest||F|||50|]Ninetales||Charcoal|Drought|HeatWave,SolarBeam,Overheat,Roar|Modest||M|||50|]Vileplume||WideLens|Chlorophyll|SludgeBomb,Moonblast,SleepPowder,Protect|Modest||F|||50|]Sableye||Sablenite|KeenEye|FakeOut,WillOWisp,Encore,LightScreen|Relaxed||M|||50|
|c|Ōśåmanukuru|gl hf
|c|ŌśåSorhana11|Isn't it supposed to be CTS?
|c|ŌśåSorhana11|Regardless GL!!!
|c|Ōśåmanukuru|czs?
|c|Ōśåmanukuru|did we mess up sth?
|c|ŌśåSorhana11|I think it's supposed to be closed teamsheets but ut's fine hahaha
|c|Ōśåmanukuru|i guess too but why doesnt it worked?
|c|ŌśåSorhana11|Idk haha, we'll figure it out another time! I'm happy to just play?
|c|Ōśåmanukuru|ye alright
|c|Ōśåmanukuru|gl hf
|c|ŌśåSorhana11|You too!!!
|
|t:|1785670992
|teamsize|p1|4
|teamsize|p2|4
|start
|switch|p1a: Oranguru|Oranguru, L50, M|100/100
|switch|p1b: Hatterene|Hatterene, L50, F|100/100
|switch|p2a: Ninetales|Ninetales, L50, M|100/100
|switch|p2b: Heliolisk|Heliolisk, L50, F|100/100
|-weather|SunnyDay|[from] ability: Drought|[of] p2a: Ninetales
|turn|1
|
|t:|1785671115
|switch|p1a: Audino|Audino, L50, F|100/100
|move|p2b: Heliolisk|Hyper Voice|p1a: Audino|[spread] p1a,p1b
|-damage|p1a: Audino|52/100
|-damage|p1b: Hatterene|31/100
|-damage|p2b: Heliolisk|90/100|[from] item: Life Orb
|move|p2a: Ninetales|Heat Wave|p1a: Audino|[spread] p1a,p1b
|-damage|p1a: Audino|17/100
|-damage|p1b: Hatterene|0 fnt
|faint|p1b: Hatterene
|
|-weather|SunnyDay|[upkeep]
|-damage|p2b: Heliolisk|78/100|[from] ability: Solar Power|[of] p2b: Heliolisk
|-heal|p1a: Audino|23/100|[from] item: Leftovers
|upkeep
|
|t:|1785671131
|switch|p1b: Oranguru|Oranguru, L50, M|100/100
|turn|2
|
|t:|1785671145
|move|p2b: Heliolisk|Hyper Voice|p1a: Audino|[spread] p1a,p1b
|-damage|p1a: Audino|0 fnt
|-damage|p1b: Oranguru|44/100
|faint|p1a: Audino
|-damage|p2b: Heliolisk|68/100|[from] item: Life Orb
|move|p2a: Ninetales|Solar Beam||[still]
|-prepare|p2a: Ninetales|Solar Beam
|-anim|p2a: Ninetales|Solar Beam|p1b: Oranguru
|-damage|p1b: Oranguru|17/100
|move|p1b: Oranguru|Trick Room|p1b: Oranguru
|-fieldstart|move: Trick Room|[of] p1b: Oranguru
|
|-weather|SunnyDay|[upkeep]
|-damage|p2b: Heliolisk|56/100|[from] ability: Solar Power|[of] p2b: Heliolisk
|upkeep
|
|t:|1785671157
|switch|p1a: Crabominable|Crabominable, L50, M|100/100
|turn|3
|c|ŌśåSorhana11|The no miss chance tempted me too much hahahah
|
|t:|1785671195
|detailschange|p1a: Crabominable|Crabominable-Mega, L50, M
|-mega|p1a: Crabominable|Crabominable|Crabominite
|move|p1a: Crabominable|Drain Punch|p2a: Ninetales
|-damage|p2a: Ninetales|21/100
|move|p1b: Oranguru|Instruct|p1a: Crabominable
|-singleturn|p1a: Crabominable|move: Instruct|[of] p1b: Oranguru
|move|p1a: Crabominable|Drain Punch|p2a: Ninetales
|-crit|p2a: Ninetales
|-damage|p2a: Ninetales|0 fnt
|faint|p2a: Ninetales
|move|p2b: Heliolisk|Volt Switch|p1b: Oranguru
|-damage|p1b: Oranguru|0 fnt
|faint|p1b: Oranguru
|-damage|p2b: Heliolisk|46/100|[from] item: Life Orb
|
|t:|1785671206
|switch|p2b: Cofagrigus|Cofagrigus, L50, M|100/100|[from] Volt Switch
|
|-weather|SunnyDay|[upkeep]
|upkeep
|
|t:|1785671212
|switch|p2a: Malamar|Malamar, L50, M|100/100
|turn|4
|
|t:|1785671244
|move|p1a: Crabominable|Ice Hammer|p2a: Malamar|[miss]
|-miss|p1a: Crabominable|p2a: Malamar
|move|p2a: Malamar|Superpower|p1a: Crabominable
|-supereffective|p1a: Crabominable|1
|-damage|p1a: Crabominable|41/100
|-boost|p2a: Malamar|atk|1
|-boost|p2a: Malamar|def|1
|move|p2b: Cofagrigus|Trick Room|p2b: Cofagrigus
|-fieldend|move: Trick Room
|
|-weather|SunnyDay|[upkeep]
|upkeep
|turn|5
|
|t:|1785671259
|move|p2a: Malamar|Superpower|p1a: Crabominable
|-supereffective|p1a: Crabominable|1
|-damage|p1a: Crabominable|0 fnt
|-boost|p2a: Malamar|atk|1
|-boost|p2a: Malamar|def|1
|faint|p1a: Crabominable
|
|win|Sorhana11
||Sorhana11 is ready for game 2.
||manukuru is ready for game 2.
|uhtml|next|Next: Game 2 of 3
|l|ŌśåSorhana11
|player|p2|
