|j|☆Permasona
|j|☆sorecruiser
|html|Permasonasorecruiser    
|uhtml|bestof|Game 2 of a best-of-3
|t:|1757637841
|gametype|doubles
|player|p1|Permasona|sabrina|1244
|player|p2|sorecruiser|furisodegirl-black|1117
|gen|9
|tier|[Gen 9] VGC 2025 Reg H (Bo3)
|rated|
|rule|Species Clause: Limit one of each Pokémon
|rule|Item Clause: Limit 1 of each item
|clearpoke
|poke|p1|Primarina, L50, F|
|poke|p1|Gothitelle, L50, M|
|poke|p1|Incineroar, L50, M|
|poke|p1|Ursaluna-Bloodmoon, L50, M|
|poke|p1|Gholdengo, L50|
|poke|p1|Electabuzz, L50, M|
|poke|p2|Gholdengo, L50|
|poke|p2|Whimsicott, L50, M|
|poke|p2|Sneasler, L50, M|
|poke|p2|Rillaboom, L50, M|
|poke|p2|Hydreigon, L50, M|
|poke|p2|Magmar, L50, F|
|teampreview|4
|showteam|p1|Primarina||IapapaBerry|LiquidVoice|HyperVoice,Protect,Moonblast,PerishSong|||F|||50|,,,,,Poison]Gothitelle||SitrusBerry|ShadowTag|FakeOut,Protect,TrickRoom,Psychic|||M|||50|,,,,,Fairy]Incineroar||SafetyGoggles|Intimidate|Protect,FakeOut,PartingShot,FlareBlitz|||M|||50|,,,,,Ghost]Ursaluna-Bloodmoon||LifeOrb|MindsEye|EarthPower,BloodMoon,Protect,HyperVoice|||M|||50|,,,,,Ghost]Gholdengo||MetalCoat|GoodasGold|MakeItRain,Protect,NastyPlot,ShadowBall||||||50|,,,,,Water]Electabuzz||Eviolite|VitalSpirit|FollowMe,Taunt,Thunderbolt,Protect|||M|||50|,,,,,Ghost
|showteam|p2|Gholdengo||MetalCoat|GoodasGold|MakeItRain,ShadowBall,NastyPlot,Protect||||||50|,,,,,Water]Whimsicott||CovertCloak|Prankster|Tailwind,Encore,SunnyDay,Moonblast|||M|||50|,,,,,Dark]Sneasler||WhiteHerb|Unburden|DireClaw,CloseCombat,ThroatChop,Protect|||M|||50|,,,,,Dark]Rillaboom||AssaultVest|GrassySurge|GrassyGlide,WoodHammer,HighHorsepower,FakeOut|||M|||50|,,,,,Fire]Hydreigon||ChoiceSpecs|Levitate|DarkPulse,DracoMeteor,Snarl,HeatWave|||M|||50|,,,,,Fairy]Magmar||Eviolite|VitalSpirit|FollowMe,HeatWave,Taunt,Protect|||F|||50|,,,,,Ghost
|inactive|Battle timer is ON: inactive players will automatically lose when time's up. (requested by Permasona)
|
|t:|1757637872
|teamsize|p1|4
|teamsize|p2|4
|start
|switch|p1a: Electabuzz|Electabuzz, L50, M|100/100
|switch|p1b: Gholdengo|Gholdengo, L50|100/100
|switch|p2a: Gholdengo|Gholdengo, L50|100/100
|switch|p2b: Rillaboom|Rillaboom, L50, M|100/100
|-fieldstart|move: Grassy Terrain|[from] ability: Grassy Surge|[of] p2b: Rillaboom
|turn|1
|
|t:|1757637888
|switch|p2a: Hydreigon|Hydreigon, L50, M|100/100
|switch|p1b: Incineroar|Incineroar, L50, M|100/100
|-ability|p1b: Incineroar|Intimidate|boost
|-unboost|p2a: Hydreigon|atk|1
|-unboost|p2b: Rillaboom|atk|1
|move|p2b: Rillaboom|Fake Out|p1a: Electabuzz
|-damage|p1a: Electabuzz|93/100
|cant|p1a: Electabuzz|flinch
|
|-heal|p1a: Electabuzz|99/100|[from] Grassy Terrain
|upkeep
|turn|2
|
|t:|1757637907
|switch|p1a: Primarina|Primarina, L50, F|100/100
|move|p2a: Hydreigon|Draco Meteor|p1a: Primarina
|-immune|p1a: Primarina
|move|p2b: Rillaboom|High Horsepower|p1a: Primarina
|-damage|p1a: Primarina|82/100
|move|p1b: Incineroar|Flare Blitz|p2b: Rillaboom
|-supereffective|p2b: Rillaboom
|-damage|p2b: Rillaboom|19/100
|-status|p2b: Rillaboom|brn
|-damage|p1b: Incineroar|73/100|[from] Recoil
|
|-heal|p2b: Rillaboom|25/100 brn|[from] Grassy Terrain
|-heal|p1a: Primarina|88/100|[from] Grassy Terrain
|-heal|p1b: Incineroar|79/100|[from] Grassy Terrain
|-damage|p2b: Rillaboom|19/100 brn|[from] brn
|upkeep
|turn|3
|inactive|Permasona has 30 seconds left.
|
|t:|1757637940
|switch|p1b: Gholdengo|Gholdengo, L50|100/100
|move|p2a: Hydreigon|Draco Meteor|p1b: Gholdengo
|-resisted|p1b: Gholdengo
|-damage|p1b: Gholdengo|44/100
|-unboost|p2a: Hydreigon|spa|2
|move|p2b: Rillaboom|Wood Hammer|p1a: Primarina
|-supereffective|p1a: Primarina
|-damage|p1a: Primarina|43/100
|-damage|p2b: Rillaboom|6/100 brn|[from] Recoil
|move|p1a: Primarina|Hyper Voice|p2b: Rillaboom|[spread] p2a,p2b
|-resisted|p2a: Hydreigon
|-resisted|p2b: Rillaboom
|-damage|p2a: Hydreigon|81/100
|-damage|p2b: Rillaboom|0 fnt
|faint|p2b: Rillaboom
|
|-heal|p1b: Gholdengo|50/100|[from] Grassy Terrain
|-heal|p1a: Primarina|49/100|[from] Grassy Terrain
|upkeep
|
|t:|1757637952
|switch|p2b: Sneasler|Sneasler, L50, M|100/100
|turn|4
|inactive|Permasona has 30 seconds left.
|
|t:|1757637978
|switch|p2a: Gholdengo|Gholdengo, L50|100/100
|switch|p1a: Incineroar|Incineroar, L50, M|79/100
|-ability|p1a: Incineroar|Intimidate|boost
|-unboost|p2a: Gholdengo|atk|1
|-unboost|p2b: Sneasler|atk|1
|-enditem|p2b: Sneasler|White Herb
|-clearnegativeboost|p2b: Sneasler|[silent]
|-terastallize|p2b: Sneasler|Dark
|move|p1b: Gholdengo|Protect|p1b: Gholdengo
|-singleturn|p1b: Gholdengo|Protect
|move|p2b: Sneasler|Dire Claw|p1a: Incineroar
|-damage|p1a: Incineroar|50/100
|
|-heal|p1b: Gholdengo|56/100|[from] Grassy Terrain
|-heal|p1a: Incineroar|56/100|[from] Grassy Terrain
|upkeep
|turn|5
|inactive|Permasona has 30 seconds left.
|inactive|sorecruiser has 30 seconds left.
|inactive|sorecruiser has 20 seconds left.
|inactive|sorecruiser has 15 seconds left.
|
|t:|1757638023
|switch|p2a: Hydreigon|Hydreigon, L50, M|81/100
|switch|p1a: Electabuzz|Electabuzz, L50, M|99/100
|move|p1b: Gholdengo|Protect|p1b: Gholdengo
|-singleturn|p1b: Gholdengo|Protect
|move|p2b: Sneasler|Throat Chop|p1b: Gholdengo
|-activate|p1b: Gholdengo|move: Protect
|
|-heal|p1a: Electabuzz|100/100|[from] Grassy Terrain
|-heal|p1b: Gholdengo|62/100|[from] Grassy Terrain
|-fieldend|move: Grassy Terrain
|upkeep
|turn|6
|inactive|Permasona has 30 seconds left.
|
|t:|1757638049
|move|p1a: Electabuzz|Follow Me|p1a: Electabuzz
|-singleturn|p1a: Electabuzz|move: Follow Me
|move|p2b: Sneasler|Dire Claw|p1a: Electabuzz
|-damage|p1a: Electabuzz|71/100
|move|p2a: Hydreigon|Snarl|p1b: Gholdengo|[spread] p1a,p1b
|-crit|p1a: Electabuzz
|-supereffective|p1b: Gholdengo
|-damage|p1a: Electabuzz|29/100
|-damage|p1b: Gholdengo|0 fnt
|-unboost|p1a: Electabuzz|spa|1
|faint|p1b: Gholdengo
|
|upkeep
|
|t:|1757638059
|switch|p1b: Primarina|Primarina, L50, F|49/100
|turn|7
|
|t:|1757638072
|move|p1a: Electabuzz|Follow Me|p1a: Electabuzz
|-singleturn|p1a: Electabuzz|move: Follow Me
|move|p2b: Sneasler|Dire Claw|p1a: Electabuzz
|-damage|p1a: Electabuzz|0 fnt
|faint|p1a: Electabuzz
|move|p2a: Hydreigon|Snarl|p1b: Primarina
|-resisted|p1b: Primarina
|-damage|p1b: Primarina|29/100
|-unboost|p1b: Primarina|spa|1
|move|p1b: Primarina|Moonblast|p2a: Hydreigon
|-supereffective|p2a: Hydreigon
|-damage|p2a: Hydreigon|0 fnt
|faint|p2a: Hydreigon
|
|upkeep
|
|t:|1757638082
|switch|p2a: Gholdengo|Gholdengo, L50|100/100
|switch|p1a: Incineroar|Incineroar, L50, M|56/100
|-ability|p1a: Incineroar|Intimidate|boost
|-unboost|p2a: Gholdengo|atk|1
|-unboost|p2b: Sneasler|atk|1
|turn|8
|
|t:|1757638095
|-terastallize|p1b: Primarina|Poison
|move|p2b: Sneasler|Protect|p2b: Sneasler
|-singleturn|p2b: Sneasler|Protect
|move|p2a: Gholdengo|Protect|p2a: Gholdengo
|-singleturn|p2a: Gholdengo|Protect
|move|p1b: Primarina|Moonblast|p2b: Sneasler
|-activate|p2b: Sneasler|move: Protect
|move|p1a: Incineroar|Flare Blitz|p2a: Gholdengo
|-activate|p2a: Gholdengo|move: Protect
|
|upkeep
|turn|9
|
|t:|1757638107
|move|p2b: Sneasler|Close Combat|p1a: Incineroar
|-supereffective|p1a: Incineroar
|-damage|p1a: Incineroar|0 fnt
|-unboost|p2b: Sneasler|def|1
|-unboost|p2b: Sneasler|spd|1
|faint|p1a: Incineroar
|move|p2a: Gholdengo|Make It Rain|p1b: Primarina
|-damage|p1b: Primarina|0 fnt
|-unboost|p2a: Gholdengo|spa|1
|faint|p1b: Primarina
|
|win|sorecruiser
|raw|Permasona's rating: 1244 → 1210(-34 for losing)
|raw|sorecruiser's rating: 1117 → 1151(+34 for winning)
|l|☆Permasona
|player|p1|
