|j|☆LuisLM95
|j|☆SuprEpcGuy
|html|LuisLM95SuprEpcGuy    
|uhtml|bestof|Game 1 of a best-of-3
|t:|1784997992
|gametype|doubles
|player|p1|LuisLM95|riley|1178
|player|p2|SuprEpcGuy|shauntal|1164
|gen|9
|tier|[Gen 9 Champions] VGC 2026 Reg M-B (Bo3)
|rated|
|rule|Species Clause: Limit one of each Pokémon
|rule|Item Clause: Limit 1 of each item
|clearpoke
|poke|p1|Charizard, L50, M|
|poke|p1|Krookodile, L50, M|
|poke|p1|Sneasler, L50, M|
|poke|p1|Raichu, L50, M|
|poke|p1|Whimsicott, L50, F|
|poke|p1|Maushold-Four, L50|
|poke|p2|Zoroark-Hisui, L50, F|
|poke|p2|Torkoal, L50, F|
|poke|p2|Farigiraf, L50, F|
|poke|p2|Floette-Eternal, L50, F|
|poke|p2|Aerodactyl, L50, M|
|poke|p2|Incineroar, L50, M|
|teampreview|4
|showteam|p1|Charizard||CharizarditeY|SolarPower|HeatWave,AirSlash,WeatherBall,Protect|Timid||M|||50|]Krookodile||SitrusBerry|Intimidate|Earthquake,KnockOff,RockSlide,Protect|Jolly||M|||50|]Sneasler||WhiteHerb|Unburden|DireClaw,CloseCombat,FakeOut,Protect|Impish||M|||50|]Raichu||RaichuniteY|LightningRod|ZapCannon,DazzlingGleam,FocusBlast,Protect|Modest||M|||50|]Whimsicott||FocusSash|Prankster|EnergyBall,DazzlingGleam,Tailwind,Protect|Modest||F|||50|]Maushold-Four||WideLens|Technician|PopulationBomb,Bite,Taunt,Protect|Adamant|||||50|
|showteam|p2|Zoroark-Hisui||ChoiceScarf|Illusion|IcyWind,BitterMalice,HyperVoice,Taunt|Timid||F|||50|]Torkoal||Charcoal|Drought|Eruption,WeatherBall,EarthPower,Protect|Quiet||F|||50|]Farigiraf||ColburBerry|ArmorTail|Psychic,Thunderbolt,TrickRoom,HelpingHand|Quiet||F|||50|]Floette-Eternal||Floettite|FlowerVeil|Moonblast,DazzlingGleam,CalmMind,Protect|Modest||F|||50|]Aerodactyl||FocusSash|Unnerve|RockSlide,DualWingbeat,Tailwind,Protect|Jolly||M|||50|]Incineroar||LifeOrb|Intimidate|FakeOut,DarkestLariat,FlareBlitz,PartingShot|Adamant||M|||50|
|inactive|Battle timer is ON: inactive players will automatically lose when time's up. (requested by SuprEpcGuy)
|inactive|LuisLM95 has 60 seconds left.
|inactive|SuprEpcGuy has 60 seconds left.
|inactive|SuprEpcGuy has 30 seconds left.
|inactive|SuprEpcGuy has 20 seconds left.
|inactive|SuprEpcGuy has 15 seconds left.
|
|t:|1784998071
|teamsize|p1|4
|teamsize|p2|4
|start
|switch|p1a: Krookodile|Krookodile, L50, M|100/100
|switch|p1b: Whimsicott|Whimsicott, L50, F|100/100
|switch|p2a: Steve|Aerodactyl, L50, M|100/100
|switch|p2b: Big Purr|Incineroar, L50, M|100/100
|-ability|p2a: Steve|Unnerve
|-ability|p1a: Krookodile|Intimidate|boost
|-unboost|p2a: Steve|atk|1
|-unboost|p2b: Big Purr|atk|1
|-ability|p2b: Big Purr|Intimidate|boost
|-unboost|p1a: Krookodile|atk|1
|-unboost|p1b: Whimsicott|atk|1
|turn|1
|inactive|SuprEpcGuy has 30 seconds left.
|inactive|SuprEpcGuy has 20 seconds left.
|
|t:|1784998110
|move|p1b: Whimsicott|Tailwind|p1b: Whimsicott
|-sidestart|p1: LuisLM95|move: Tailwind
|move|p1a: Krookodile|Rock Slide|p2a: Steve|[spread] p2a
|-miss|p1a: Krookodile|p2b: Big Purr
|-supereffective|p2a: Steve|1
|-damage|p2a: Steve|64/100
|move|p2a: Steve|Tailwind|p2a: Steve
|-sidestart|p2: SuprEpcGuy|move: Tailwind
|move|p2b: Big Purr|Flare Blitz|p1b: Whimsicott
|-supereffective|p1b: Whimsicott|1
|-enditem|p1b: Whimsicott|Focus Sash
|-damage|p1b: Whimsicott|1/100
|-damage|p2b: Big Purr|74/100|[from] Recoil
|-damage|p2b: Big Purr|64/100|[from] item: Life Orb
|
|upkeep
|turn|2
|inactive|SuprEpcGuy has 30 seconds left.
|
|t:|1784998143
|switch|p1a: Maushold|Maushold-Four, L50|100/100
|move|p1b: Whimsicott|Protect|p1b: Whimsicott
|-singleturn|p1b: Whimsicott|Protect
|move|p2a: Steve|Rock Slide|p1b: Whimsicott|[spread] 
|-activate|p1b: Whimsicott|move: Protect
|-miss|p2a: Steve|p1a: Maushold
|move|p2b: Big Purr|Parting Shot|p1a: Maushold
|-unboost|p1a: Maushold|atk|1
|-unboost|p1a: Maushold|spa|1
|
|t:|1784998166
|switch|p2b: Floette|Floette-Eternal, L50, F|100/100|[from] Parting Shot
|
|upkeep
|turn|3
|
|t:|1784998182
|detailschange|p2b: Floette|Floette-Mega, L50, F
|-mega|p2b: Floette|Floette|Floettite
|-ability|p2b: Floette|Fairy Aura
|move|p2a: Steve|Rock Slide|p1b: Whimsicott|[spread] p1b
|-miss|p2a: Steve|p1a: Maushold
|-damage|p1b: Whimsicott|0 fnt
|faint|p1b: Whimsicott
|move|p1a: Maushold|Population Bomb|p2b: Floette
|-crit|p2b: Floette
|-damage|p2b: Floette|78/100
|-damage|p2b: Floette|70/100
|-hitcount|p2b: Floette|2
|move|p2b: Floette|Dazzling Gleam|p1a: Maushold
|-damage|p1a: Maushold|6/100
|
|upkeep
|
|t:|1784998197
|switch|p1b: Krookodile|Krookodile, L50, M|100/100
|-ability|p1b: Krookodile|Intimidate|boost
|-unboost|p2a: Steve|atk|1
|-unboost|p2b: Floette|atk|1
|turn|4
|
|t:|1784998216
|move|p2a: Steve|Protect|p2a: Steve
|-singleturn|p2a: Steve|Protect
|move|p2b: Floette|Protect|p2b: Floette
|-singleturn|p2b: Floette|Protect
|move|p1b: Krookodile|Rock Slide|p2b: Floette|[spread] 
|-activate|p2a: Steve|move: Protect
|-activate|p2b: Floette|move: Protect
|move|p1a: Maushold|Population Bomb|p2b: Floette
|-activate|p2b: Floette|move: Protect
|
|-sideend|p2: SuprEpcGuy|move: Tailwind
|-sideend|p1: LuisLM95|move: Tailwind
|upkeep
|turn|5
|inactive|LuisLM95 has 30 seconds left.
|inactive|LuisLM95 has 20 seconds left.
|inactive|LuisLM95 has 15 seconds left.
|inactive|LuisLM95 has 10 seconds left.
|inactive|LuisLM95 has 5 seconds left.
|
|t:|1784998271
|move|p2a: Steve|Tailwind|p2a: Steve
|-sidestart|p2: SuprEpcGuy|move: Tailwind
|move|p2b: Floette|Dazzling Gleam|p1b: Krookodile|[spread] p1a,p1b
|-supereffective|p1b: Krookodile|1
|-damage|p1a: Maushold|0 fnt
|-damage|p1b: Krookodile|0 fnt
|faint|p1a: Maushold
|faint|p1b: Krookodile
|
|upkeep
|-message|LuisLM95 forfeited.
|
|win|SuprEpcGuy
