|j|‽Livnlarge27
|j|☆The median voter
|html|Livnlarge27The median voter    
|uhtml|bestof|Game 2 of a best-of-3
|t:|1754838814
|gametype|doubles
|player|p1|Livnlarge27|red|1512
|player|p2|The median voter|scientist-gen4dp|1510
|gen|9
|tier|[Gen 9] VGC 2025 Reg H (Bo3)
|rated|
|rule|Species Clause: Limit one of each Pokémon
|rule|Item Clause: Limit 1 of each item
|clearpoke
|poke|p1|Blastoise, L50, M|
|poke|p1|Dragapult, L50, M|
|poke|p1|Indeedee-F, L50, F|
|poke|p1|Sneasler, L50, F|
|poke|p1|Armarouge, L50, M|
|poke|p1|Whimsicott, L50, F|
|poke|p2|Kommo-o, L50, F|
|poke|p2|Volcarona, L50, F|
|poke|p2|Rillaboom, L50, M|
|poke|p2|Kingambit, L50, M|
|poke|p2|Ninetales-Alola, L50, F|
|poke|p2|Arcanine-Hisui, L50, M|
|teampreview|4
|showteam|p1|Blastoise||MysticWater|Torrent|Protect,WaterSpout,HydroCannon,ShellSmash|||M|||50|,,,,,Water]Dragapult||ChoiceBand|ClearBody|DragonDarts,Uturn,PhantomForce,Outrage|||M|||50|,,,,,Dragon]Indeedee-F||SafetyGoggles|PsychicSurge|Imprison,FollowMe,HelpingHand,TrickRoom|||F|||50|,,,,,Fairy]Sneasler||PsychicSeed|Unburden|FakeOut,CloseCombat,DireClaw,ThroatChop|||F|||50|,,,,,Dark]Armarouge||LifeOrb|FlashFire|ExpandingForce,ArmorCannon,ClearSmog,AuraSphere|||M|||50|,,,,,Grass]Whimsicott||CovertCloak|Prankster|Tailwind,Moonblast,Encore,Taunt|||F|||50|,,,,,Dark
|showteam|p2|Kommo-o||GrassySeed|Overcoat|BodyPress,IronDefense,Protect,Flamethrower|||F|||50|,,,,,Fire]Volcarona||SitrusBerry|FlameBody|HeatWave,GigaDrain,QuiverDance,Protect|||F|||50|,,,,,Grass]Rillaboom||AssaultVest|GrassySurge|FakeOut,GrassyGlide,WoodHammer,HighHorsepower|||M|||50|,,,,,Fire]Kingambit||BlackGlasses|Defiant|KowtowCleave,SuckerPunch,SwordsDance,Protect|||M|||50|,,,,,Dark]Ninetales-Alola||LifeOrb|SnowWarning|Blizzard,Protect,Encore,FreezeDry|||F|||50|,,,,,Ghost]Arcanine-Hisui||FocusSash|Intimidate|RockSlide,FlareBlitz,ExtremeSpeed,Protect|||M|||50|,,,,,Ghost
|inactive|Battle timer is ON: inactive players will automatically lose when time's up. (requested by Livnlarge27)
|
|t:|1754838832
|teamsize|p1|4
|teamsize|p2|4
|start
|switch|p1a: Blastoise|Blastoise, L50, M|100/100
|switch|p1b: Sneasler|Sneasler, L50, F|100/100
|switch|p2a: Kommo-o|Kommo-o, L50, F|100/100
|switch|p2b: Rillaboom|Rillaboom, L50, M|100/100
|-fieldstart|move: Grassy Terrain|[from] ability: Grassy Surge|[of] p2b: Rillaboom
|-enditem|p2a: Kommo-o|Grassy Seed
|-boost|p2a: Kommo-o|def|1|[from] item: Grassy Seed
|turn|1
|
|t:|1754838850
|switch|p2b: Kingambit|Kingambit, L50, M|100/100
|move|p1b: Sneasler|Fake Out|p2b: Kingambit
|-resisted|p2b: Kingambit
|-damage|p2b: Kingambit|95/100
|move|p2a: Kommo-o|Body Press|p1a: Blastoise
|-damage|p1a: Blastoise|36/100
|move|p1a: Blastoise|Shell Smash|p1a: Blastoise
|-unboost|p1a: Blastoise|def|1
|-unboost|p1a: Blastoise|spd|1
|-boost|p1a: Blastoise|atk|2
|-boost|p1a: Blastoise|spa|2
|-boost|p1a: Blastoise|spe|2
|
|-heal|p1a: Blastoise|42/100|[from] Grassy Terrain
|-heal|p2b: Kingambit|100/100|[from] Grassy Terrain
|upkeep
|turn|2
|
|t:|1754838874
|switch|p1b: Indeedee|Indeedee-F, L50, F|100/100
|-fieldstart|move: Psychic Terrain|[from] ability: Psychic Surge|[of] p1b: Indeedee
|-terastallize|p1a: Blastoise|Water
|move|p2b: Kingambit|Protect|p2b: Kingambit
|-singleturn|p2b: Kingambit|Protect
|move|p1a: Blastoise|Hydro Cannon|p2a: Kommo-o
|-resisted|p2a: Kommo-o
|-damage|p2a: Kommo-o|0 fnt
|-mustrecharge|p1a: Blastoise
|faint|p2a: Kommo-o
|
|upkeep
|
|t:|1754838877
|switch|p2a: Rillaboom|Rillaboom, L50, M|100/100
|-fieldstart|move: Grassy Terrain|[from] ability: Grassy Surge|[of] p2a: Rillaboom
|turn|3
|
|t:|1754838897
|switch|p1b: Sneasler|Sneasler, L50, F|100/100
|cant|p1a: Blastoise|recharge
|move|p2a: Rillaboom|High Horsepower|p1b: Sneasler
|-supereffective|p1b: Sneasler
|-damage|p1b: Sneasler|0 fnt
|faint|p1b: Sneasler
|move|p2b: Kingambit|Swords Dance|p2b: Kingambit
|-boost|p2b: Kingambit|atk|2
|
|-heal|p1a: Blastoise|48/100|[from] Grassy Terrain
|upkeep
|
|t:|1754838904
|switch|p1b: Indeedee|Indeedee-F, L50, F|100/100
|-fieldstart|move: Psychic Terrain|[from] ability: Psychic Surge|[of] p1b: Indeedee
|turn|4
|inactive|Livnlarge27 has 30 seconds left.
|inactive|The median voter has 30 seconds left.
|
|t:|1754838937
|switch|p2a: Ninetales|Ninetales-Alola, L50, F|100/100
|-weather|Snowscape|[from] ability: Snow Warning|[of] p2a: Ninetales
|switch|p1b: Armarouge|Armarouge, L50, M|100/100
|move|p1a: Blastoise|Hydro Cannon|p2b: Kingambit
|-damage|p2b: Kingambit|0 fnt
|-mustrecharge|p1a: Blastoise
|faint|p2b: Kingambit
|
|-weather|Snowscape|[upkeep]
|upkeep
|
|t:|1754838943
|switch|p2b: Rillaboom|Rillaboom, L50, M|100/100
|-fieldstart|move: Grassy Terrain|[from] ability: Grassy Surge|[of] p2b: Rillaboom
|turn|5
|inactive|The median voter has 30 seconds left.
|inactive|The median voter has 20 seconds left.
|
|t:|1754838981
|-terastallize|p2b: Rillaboom|Fire
|cant|p1a: Blastoise|recharge
|move|p2a: Ninetales|Blizzard|p1b: Armarouge|[spread] p1a,p1b
|-resisted|p1a: Blastoise
|-resisted|p1b: Armarouge
|-damage|p1a: Blastoise|15/100
|-damage|p1b: Armarouge|78/100
|-damage|p2a: Ninetales|91/100|[from] item: Life Orb
|move|p2b: Rillaboom|High Horsepower|p1b: Armarouge
|-supereffective|p1b: Armarouge
|-damage|p1b: Armarouge|18/100
|move|p1b: Armarouge|Armor Cannon|p2a: Ninetales
|-supereffective|p2a: Ninetales
|-damage|p2a: Ninetales|0 fnt
|-unboost|p1b: Armarouge|def|1
|-unboost|p1b: Armarouge|spd|1
|faint|p2a: Ninetales
|-damage|p1b: Armarouge|9/100|[from] item: Life Orb
|
|-weather|Snowscape|[upkeep]
|-heal|p1a: Blastoise|20/100|[from] Grassy Terrain
|-heal|p1b: Armarouge|14/100|[from] Grassy Terrain
|upkeep
|turn|6
|
|t:|1754838999
|switch|p1b: Indeedee|Indeedee-F, L50, F|100/100
|-fieldstart|move: Psychic Terrain|[from] ability: Psychic Surge|[of] p1b: Indeedee
|move|p1a: Blastoise|Hydro Cannon|p2b: Rillaboom
|-supereffective|p2b: Rillaboom
|-damage|p2b: Rillaboom|0 fnt
|-mustrecharge|p1a: Blastoise
|faint|p2b: Rillaboom
|
|win|Livnlarge27
|raw|Livnlarge27's rating: 1512 → 1532(+20 for winning)
|raw|The median voter's rating: 1510 → 1490(-20 for losing)
