|j|☆OssiGT
|j|☆ak47akimbo
|html|OssiGTak47akimbo    
|uhtml|bestof|Game 2 of a best-of-3
|t:|1783678760
|gametype|doubles
|player|p1|OssiGT|colress|1125
|player|p2|ak47akimbo|scientist-gen4dp|1135
|gen|9
|tier|[Gen 9 Champions] VGC 2026 Reg M-B (Bo3)
|rated|
|rule|Species Clause: Limit one of each Pokémon
|rule|Item Clause: Limit 1 of each item
|clearpoke
|poke|p1|Raichu, L50, F|
|poke|p1|Mawile, L50, F|
|poke|p1|Sinistcha, L50|
|poke|p1|Ceruledge, L50, F|
|poke|p1|Milotic, L50, F|
|poke|p1|Incineroar, L50, M|
|poke|p2|Staraptor, L50, M|
|poke|p2|Farigiraf, L50, M|
|poke|p2|Torkoal, L50, F|
|poke|p2|Gholdengo, L50|
|poke|p2|Hatterene, L50, F|
|poke|p2|Grimmsnarl, L50, M|
|teampreview|4
|showteam|p1|Raichu||RaichuniteY|LightningRod|ZapCannon,FocusBlast,FakeOut,Protect|Timid||F|||50|]Mawile||Mawilite|HyperCutter|PlayRough,SuckerPunch,SwordsDance,Protect|Adamant||F|||50|]Sinistcha||KasibBerry|Hospitality|MatchaGotcha,LifeDew,RagePowder,Protect|Relaxed|||||50|]Ceruledge||ColburBerry|FlashFire|BitterBlade,ShadowSneak,BulkUp,Protect|Adamant||F|||50|]Milotic||Leftovers|Competitive|MuddyWater,Coil,Hypnosis,Protect|Calm||F|||50|]Incineroar||SitrusBerry|Intimidate|FlareBlitz,ThroatChop,FakeOut,PartingShot|Impish||M|||50|
|showteam|p2|Staraptor||Staraptite|Intimidate|CloseCombat,BraveBird,Roost,Protect|Adamant||M|||50|]Farigiraf||ColburBerry|ArmorTail|Protect,TrickRoom,FoulPlay,Psychic|Bold||M|||50|]Torkoal||Charcoal|Drought|Eruption,Protect,EarthPower,SolarBeam|Quiet||F|||50|]Gholdengo||LifeOrb|GoodasGold|MakeItRain,NastyPlot,ShadowBall,Protect|Modest|||||50|]Hatterene||SitrusBerry|MagicBounce|TrickRoom,DazzlingGleam,ShadowBall,CalmMind|Sassy||F|||50|]Grimmsnarl||LightClay|Prankster|PartingShot,FakeOut,Reflect,PlayRough|Careful||M|||50|
|inactive|Battle timer is ON: inactive players will automatically lose when time's up. (requested by OssiGT)
|
|t:|1783678799
|teamsize|p1|4
|teamsize|p2|4
|start
|switch|p1a: Incineroar|Incineroar, L50, M|100/100
|switch|p1b: Ceruledge|Ceruledge, L50, F|100/100
|switch|p2a: Grimmsnarl|Grimmsnarl, L50, M|100/100
|switch|p2b: Staraptor|Staraptor, L50, M|100/100
|-ability|p2b: Staraptor|Intimidate|boost
|-unboost|p1a: Incineroar|atk|1
|-unboost|p1b: Ceruledge|atk|1
|-ability|p1a: Incineroar|Intimidate|boost
|-unboost|p2a: Grimmsnarl|atk|1
|-unboost|p2b: Staraptor|atk|1
|turn|1
|
|t:|1783678816
|detailschange|p2b: Staraptor|Staraptor-Mega, L50, M
|-mega|p2b: Staraptor|Staraptor|Staraptite
|move|p1a: Incineroar|Fake Out|p2b: Staraptor
|-damage|p2b: Staraptor|93/100
|move|p2a: Grimmsnarl|Fake Out|p1a: Incineroar
|-damage|p1a: Incineroar|94/100
|cant|p2b: Staraptor|flinch
|move|p1b: Ceruledge|Bulk Up|p1b: Ceruledge
|-boost|p1b: Ceruledge|atk|1
|-boost|p1b: Ceruledge|def|1
|
|upkeep
|turn|2
|
|t:|1783678839
|move|p2a: Grimmsnarl|Parting Shot|p2b: Staraptor
|-boost|p2b: Staraptor|atk|1
|-boost|p2b: Staraptor|spa|1
|
|t:|1783678844
|switch|p2a: Hatterene|Hatterene, L50, F|100/100|[from] Parting Shot
|move|p2b: Staraptor|Close Combat|p1a: Incineroar
|-supereffective|p1a: Incineroar|1
|-damage|p1a: Incineroar|0 fnt
|-boost|p2b: Staraptor|def|1
|-boost|p2b: Staraptor|spd|1
|faint|p1a: Incineroar
|move|p1b: Ceruledge|Bitter Blade|p2b: Staraptor
|-damage|p2b: Staraptor|60/100
|
|upkeep
|
|t:|1783678855
|switch|p1a: Raichu|Raichu, L50, F|100/100
|turn|3
|
|t:|1783678875
|detailschange|p1a: Raichu|Raichu-Mega-Y, L50, F
|-mega|p1a: Raichu|Raichu|Raichunite Y
|move|p2b: Staraptor|Protect|p2b: Staraptor
|-singleturn|p2b: Staraptor|Protect
|move|p1a: Raichu|Zap Cannon|p2b: Staraptor
|-activate|p2b: Staraptor|move: Protect
|move|p1b: Ceruledge|Bitter Blade|p2a: Hatterene
|-damage|p2a: Hatterene|59/100
|move|p2a: Hatterene|Trick Room|p2a: Hatterene
|-fieldstart|move: Trick Room|[of] p2a: Hatterene
|
|upkeep
|turn|4
|inactive|ak47akimbo has 30 seconds left.
|
|t:|1783678900
|move|p1a: Raichu|Protect|p1a: Raichu
|-singleturn|p1a: Raichu|Protect
|move|p2a: Hatterene|Shadow Ball|p1b: Ceruledge
|-supereffective|p1b: Ceruledge|1
|-damage|p1b: Ceruledge|49/100
|move|p1b: Ceruledge|Bulk Up|p1b: Ceruledge
|-boost|p1b: Ceruledge|atk|1
|-boost|p1b: Ceruledge|def|1
|move|p2b: Staraptor|Close Combat|p1a: Raichu
|-activate|p1a: Raichu|move: Protect
|
|upkeep
|turn|5
|
|t:|1783678920
|move|p1b: Ceruledge|Shadow Sneak|p2a: Hatterene
|-supereffective|p2a: Hatterene|1
|-damage|p2a: Hatterene|1/100
|-enditem|p2a: Hatterene|Sitrus Berry|[eat]
|-heal|p2a: Hatterene|25/100|[from] item: Sitrus Berry
|move|p2a: Hatterene|Shadow Ball|p1b: Ceruledge
|-supereffective|p1b: Ceruledge|1
|-damage|p1b: Ceruledge|1/100
|move|p2b: Staraptor|Close Combat|p1a: Raichu
|-crit|p1a: Raichu
|-damage|p1a: Raichu|0 fnt
|-boost|p2b: Staraptor|def|1
|-boost|p2b: Staraptor|spd|1
|faint|p1a: Raichu
|
|upkeep
|
|t:|1783678929
|switch|p1a: Milotic|Milotic, L50, F|100/100
|turn|6
|inactive|ak47akimbo has 30 seconds left.
|
|t:|1783678955
|switch|p2a: Torkoal|Torkoal, L50, F|100/100
|-weather|SunnyDay|[from] ability: Drought|[of] p2a: Torkoal
|move|p1b: Ceruledge|Protect|p1b: Ceruledge
|-singleturn|p1b: Ceruledge|Protect
|move|p2b: Staraptor|Protect|p2b: Staraptor
|-singleturn|p2b: Staraptor|Protect
|move|p1a: Milotic|Coil|p1a: Milotic
|-boost|p1a: Milotic|atk|1
|-boost|p1a: Milotic|def|1
|-boost|p1a: Milotic|accuracy|1
|
|-weather|SunnyDay|[upkeep]
|upkeep
|turn|7
|inactive|ak47akimbo has 30 seconds left.
|
|t:|1783678987
|move|p1b: Ceruledge|Shadow Sneak|p2a: Torkoal
|-damage|p2a: Torkoal|74/100
|move|p2a: Torkoal|Earth Power|p1b: Ceruledge
|-supereffective|p1b: Ceruledge|1
|-crit|p1b: Ceruledge
|-damage|p1b: Ceruledge|0 fnt
|faint|p1b: Ceruledge
|move|p1a: Milotic|Hypnosis|p2b: Staraptor
|-status|p2b: Staraptor|slp|[from] move: Hypnosis
|cant|p2b: Staraptor|slp
|
|-weather|SunnyDay|[upkeep]
|-fieldend|move: Trick Room
|upkeep
|turn|8
|
|t:|1783679003
|cant|p2b: Staraptor|slp
|move|p1a: Milotic|Muddy Water|p2b: Staraptor|[spread] p2a,p2b
|-supereffective|p2a: Torkoal|1
|-damage|p2a: Torkoal|45/100
|-damage|p2b: Staraptor|55/100 slp
|move|p2a: Torkoal|Solar Beam||[still]
|-prepare|p2a: Torkoal|Solar Beam
|-anim|p2a: Torkoal|Solar Beam|p1a: Milotic
|-supereffective|p1a: Milotic|1
|-damage|p1a: Milotic|51/100
|
|-weather|SunnyDay|[upkeep]
|-heal|p1a: Milotic|57/100|[from] item: Leftovers
|upkeep
|turn|9
|
|t:|1783679015
|-curestatus|p2b: Staraptor|slp|[msg]
|move|p2b: Staraptor|Close Combat|p1a: Milotic
|-damage|p1a: Milotic|15/100
|-boost|p2b: Staraptor|def|1
|-boost|p2b: Staraptor|spd|1
|move|p1a: Milotic|Muddy Water|p2a: Torkoal|[spread] p2a,p2b
|-supereffective|p2a: Torkoal|1
|-damage|p2a: Torkoal|14/100
|-damage|p2b: Staraptor|50/100y
|move|p2a: Torkoal|Solar Beam||[still]
|-prepare|p2a: Torkoal|Solar Beam
|-anim|p2a: Torkoal|Solar Beam|p1a: Milotic
|-supereffective|p1a: Milotic|1
|-damage|p1a: Milotic|0 fnt
|faint|p1a: Milotic
|
|win|ak47akimbo
|inactive|OssiGT has 30 seconds to confirm battle start!
|inactive|ak47akimbo has 30 seconds to confirm battle start!
||ak47akimbo is ready for game 3.
||OssiGT is ready for game 3.
|uhtml|next|Next: Game 3 of 3
