|j|☆jacre22
|j|☆Djjwjwwjj
|html|jacre22Djjwjwwjj    
|uhtml|bestof|Game 3 of a best-of-3
|t:|1756184684
|gametype|doubles
|player|p1|jacre22|iris-gen5bw2|1320
|player|p2|Djjwjwwjj|102|1241
|gen|9
|tier|[Gen 9] VGC 2025 Reg H (Bo3)
|rated|
|rule|Species Clause: Limit one of each Pokémon
|rule|Item Clause: Limit 1 of each item
|clearpoke
|poke|p1|Whimsicott, L50, F|
|poke|p1|Garchomp, L50, F|
|poke|p1|Gholdengo, L50|
|poke|p1|Incineroar, L50, M|
|poke|p1|Sneasler, L50, F|
|poke|p1|Dragonite, L50, M|
|poke|p2|Palafin, L50, F|
|poke|p2|Archaludon, L50, F|
|poke|p2|Pelipper, L50, F|
|poke|p2|Incineroar, L50, M|
|poke|p2|Sinistcha-Masterpiece, L50|
|poke|p2|Dragonite, L50, M|
|teampreview|4
|showteam|p1|Whimsicott||FocusSash|Prankster|Moonblast,Tailwind,Encore,Protect|||F|||50|,,,,,Ghost]Garchomp||LifeOrb|RoughSkin|Earthquake,DragonClaw,StompingTantrum,Protect|||F|||50|,,,,,Ground]Gholdengo||ChoiceSpecs|GoodasGold|MakeItRain,ShadowBall,Trick,PowerGem||||||50|,,,,,Steel]Incineroar||AssaultVest|Intimidate|FakeOut,FlareBlitz,KnockOff,Uturn|||M|||50|,,,,,Grass]Sneasler||WhiteHerb|Unburden|FakeOut,DireClaw,CloseCombat,Protect|||F|||50|,,,,,Stellar]Dragonite||ChoiceBand|InnerFocus|ExtremeSpeed,Outrage,IceSpinner,StompingTantrum|||M|||50|,,,,,Normal
|showteam|p2|Palafin||MysticWater|ZerotoHero|Protect,FlipTurn,JetPunch,WaveCrash|||F|||50|,,,,,Water]Archaludon||AssaultVest|Stamina|Snarl,BodyPress,ElectroShot,DragonPulse|||F|||50|,,,,,Grass]Pelipper||CovertCloak|Drizzle|Protect,Uturn,Hurricane,WeatherBall|||F|||50|,,,,,Steel]Incineroar||SafetyGoggles|Intimidate|FakeOut,PartingShot,KnockOff,Taunt|||M|||50|,,,,,Ghost]Sinistcha-Masterpiece||SitrusBerry|Hospitality|RagePowder,MatchaGotcha,StrengthSap,Protect||||||50|,,,,,Dark]Dragonite||LoadedDice|Multiscale|Protect,Tailwind,ScaleShot,Haze|||M|||50|,,,,,Fairy
|inactive|Battle timer is ON: inactive players will automatically lose when time's up. (requested by Djjwjwwjj)
|inactive|jacre22 has 60 seconds left.
|
|t:|1756184717
|teamsize|p1|4
|teamsize|p2|4
|start
|switch|p1a: Whimsicott|Whimsicott, L50, F|100/100
|switch|p1b: Gholdengo|Gholdengo, L50|100/100
|switch|p2a: Palafin|Palafin, L50, F|100/100
|switch|p2b: Incineroar|Incineroar, L50, M|100/100
|-ability|p2b: Incineroar|Intimidate|boost
|-unboost|p1a: Whimsicott|atk|1
|-unboost|p1b: Gholdengo|atk|1
|turn|1
|
|t:|1756184740
|switch|p2b: Archaludon|Archaludon, L50, F|100/100
|-terastallize|p1a: Whimsicott|Ghost
|move|p1a: Whimsicott|Tailwind|p1a: Whimsicott
|-sidestart|p1: jacre22|move: Tailwind
|move|p1b: Gholdengo|Shadow Ball|p2a: Palafin
|-damage|p2a: Palafin|9/100
|move|p2a: Palafin|Flip Turn|p1a: Whimsicott
|-damage|p1a: Whimsicott|58/100
|
|t:|1756184756
|detailschange|p2a: Palafin|Palafin-Hero, L50, F
|switch|p2a: Incineroar|Incineroar, L50, M|100/100|[from] Flip Turn
|-ability|p2a: Incineroar|Intimidate|boost
|-unboost|p1a: Whimsicott|atk|1
|-unboost|p1b: Gholdengo|atk|1
|
|upkeep
|turn|2
|inactive|Djjwjwwjj has 30 seconds left.
|inactive|jacre22 has 30 seconds left.
|
|t:|1756184788
|switch|p1a: Dragonite|Dragonite, L50, M|100/100
|move|p1b: Gholdengo|Shadow Ball|p2b: Archaludon
|-damage|p2b: Archaludon|47/100
|-ability|p2b: Archaludon|Stamina|boost
|-boost|p2b: Archaludon|def|1
|move|p2a: Incineroar|Knock Off|p1b: Gholdengo
|-supereffective|p1b: Gholdengo
|-damage|p1b: Gholdengo|12/100
|-enditem|p1b: Gholdengo|Choice Specs|[from] move: Knock Off|[of] p2a: Incineroar
|move|p2b: Archaludon|Snarl|p1a: Dragonite|[spread] p1a
|-miss|p2b: Archaludon|p1b: Gholdengo
|-damage|p1a: Dragonite|89/100
|-unboost|p1a: Dragonite|spa|1
|
|upkeep
|turn|3
|inactive|Djjwjwwjj has 30 seconds left.
|inactive|Djjwjwwjj has 20 seconds left.
|inactive|jacre22 has 30 seconds left.
|
|t:|1756184837
|move|p1b: Gholdengo|Shadow Ball|p2b: Archaludon
|-damage|p2b: Archaludon|11/100
|-ability|p2b: Archaludon|Stamina|boost
|-boost|p2b: Archaludon|def|1
|move|p1a: Dragonite|Outrage|p2b: Archaludon
|-damage|p2b: Archaludon|0 fnt
|faint|p2b: Archaludon
|move|p2a: Incineroar|Knock Off|p1a: Dragonite
|-damage|p1a: Dragonite|52/100
|-enditem|p1a: Dragonite|Choice Band|[from] move: Knock Off|[of] p2a: Incineroar
|
|upkeep
|
|t:|1756184858
|switch|p2b: Palafin|Palafin-Hero, L50, F|9/100
|-activate|p2b: Palafin|ability: Zero to Hero
|turn|4
|
|t:|1756184878
|switch|p1b: Incineroar|Incineroar, L50, M|100/100
|-ability|p1b: Incineroar|Intimidate|boost
|-unboost|p2a: Incineroar|atk|1
|-unboost|p2b: Palafin|atk|1
|move|p2b: Palafin|Jet Punch|p1b: Incineroar
|-supereffective|p1b: Incineroar
|-damage|p1b: Incineroar|38/100
|move|p1a: Dragonite|Outrage|p2a: Incineroar|[from] lockedmove
|-damage|p2a: Incineroar|28/100
|-start|p1a: Dragonite|confusion|[fatigue]
|move|p2a: Incineroar|Parting Shot|p1a: Dragonite
|-unboost|p1a: Dragonite|atk|1
|-unboost|p1a: Dragonite|spa|1
|
|t:|1756184891
|switch|p2a: Pelipper|Pelipper, L50, F|100/100|[from] Parting Shot
|-weather|RainDance|[from] ability: Drizzle|[of] p2a: Pelipper
|
|-weather|RainDance|[upkeep]
|-sideend|p1: jacre22|move: Tailwind
|upkeep
|turn|5
|inactive|jacre22 has 30 seconds left.
|inactive|Djjwjwwjj has 30 seconds left.
|inactive|jacre22 has 20 seconds left.
|
|t:|1756184931
|switch|p1a: Gholdengo|Gholdengo, L50|12/100
|move|p2b: Palafin|Protect|p2b: Palafin
|-singleturn|p2b: Palafin|Protect
|move|p1b: Incineroar|Fake Out|p2b: Palafin
|-activate|p2b: Palafin|move: Protect
|move|p2a: Pelipper|Weather Ball|p1b: Incineroar
|-supereffective|p1b: Incineroar
|-damage|p1b: Incineroar|0 fnt
|faint|p1b: Incineroar
|
|-weather|RainDance|[upkeep]
|upkeep
|
|t:|1756184948
|switch|p1b: Dragonite|Dragonite, L50, M|52/100
|turn|6
|inactive|Djjwjwwjj has 30 seconds left.
|inactive|Djjwjwwjj has 20 seconds left.
|inactive|jacre22 has 30 seconds left.
|
|t:|1756184992
|switch|p2b: Incineroar|Incineroar, L50, M|28/100
|-ability|p2b: Incineroar|Intimidate|boost
|-unboost|p1a: Gholdengo|atk|1
|-fail|p1b: Dragonite|unboost|Attack|[from] ability: Inner Focus|[of] p1b: Dragonite
|-terastallize|p2a: Pelipper|Steel
|move|p1b: Dragonite|Extreme Speed|p2b: Incineroar
|-damage|p2b: Incineroar|0 fnt
|faint|p2b: Incineroar
|move|p1a: Gholdengo|Shadow Ball|p2a: Pelipper
|-damage|p2a: Pelipper|27/100
|move|p2a: Pelipper|Weather Ball|p1a: Gholdengo
|-damage|p1a: Gholdengo|0 fnt
|faint|p1a: Gholdengo
|
|-weather|RainDance|[upkeep]
|upkeep
|
|t:|1756185008
|switch|p1a: Whimsicott|Whimsicott, L50, F, tera:Ghost|58/100
|switch|p2b: Palafin|Palafin-Hero, L50, F|9/100
|turn|7
|
|t:|1756185028
|move|p2b: Palafin|Protect|p2b: Palafin
|-singleturn|p2b: Palafin|Protect
|move|p1b: Dragonite|Extreme Speed|p2b: Palafin
|-activate|p2b: Palafin|move: Protect
|move|p1a: Whimsicott|Moonblast|p2a: Pelipper
|-resisted|p2a: Pelipper
|-damage|p2a: Pelipper|2/100
|move|p2a: Pelipper|Weather Ball|p1a: Whimsicott
|-damage|p1a: Whimsicott|0 fnt
|faint|p1a: Whimsicott
|
|-weather|RainDance|[upkeep]
|upkeep
|turn|8
|
|t:|1756185047
|move|p1b: Dragonite|Extreme Speed|p2b: Palafin
|-damage|p2b: Palafin|0 fnt
|faint|p2b: Palafin
|move|p2a: Pelipper|Hurricane|p1b: Dragonite
|-damage|p1b: Dragonite|6/100
|-start|p1b: Dragonite|confusion
|
|-weather|none
|upkeep
|turn|9
|c|☆jacre22|lol gl
|c|☆jacre22|GULP
|
|t:|1756185061
|-activate|p1b: Dragonite|confusion
|-damage|p1b: Dragonite|0 fnt|[from] confusion
|faint|p1b: Dragonite
|
|win|Djjwjwwjj
|raw|jacre22's rating: 1320 → 1296(-24 for losing)
|raw|Djjwjwwjj's rating: 1241 → 1272(+31 for winning)
|c|☆jacre22|ggs
