|j|☆chachidaripper
|j|☆ToastedArt
|html|chachidaripperToastedArt    
|uhtml|bestof|Game 1 of a best-of-3
|t:|1785508898
|gametype|doubles
|player|p1|chachidaripper|169|1092
|player|p2|ToastedArt|iris|1000
|gen|9
|tier|[Gen 9 Champions] VGC 2026 Reg M-B (Bo3)
|rated|
|rule|Species Clause: Limit one of each Pokémon
|rule|Item Clause: Limit 1 of each item
|clearpoke
|poke|p1|Aggron, L50, M|
|poke|p1|Incineroar, L50, F|
|poke|p1|Sinistcha-Masterpiece, L50|
|poke|p1|Tyranitar, L50, M, shiny|
|poke|p1|Toxapex, L50, F, shiny|
|poke|p1|Houndstone, L50, F, shiny|
|poke|p2|Gholdengo, L50|
|poke|p2|Maushold, L50|
|poke|p2|Falinks, L50, shiny|
|poke|p2|Ninetales-Alola, L50, M|
|poke|p2|Hydreigon, L50, M|
|poke|p2|Arcanine-Hisui, L50, M|
|teampreview|4
|showteam|p1|Aggron||Aggronite|Sturdy|BodyPress,HeavySlam,IronDefense,Protect|Impish||M|||50|]Incineroar||SitrusBerry|Intimidate|FakeOut,FlareBlitz,PartingShot,Snarl|Impish||F|||50|]Sinistcha-Masterpiece||KasibBerry|Hospitality|Protect,LifeDew,MatchaGotcha,RagePowder|Calm|||||50|]Tyranitar||Tyranitarite|SandStream|RockSlide,KnockOff,Protect,DragonDance|Adamant||M|||50|]Toxapex||Leftovers|Regenerator|Infestation,Toxic,WideGuard,BanefulBunker|Calm||F|||50|]Houndstone||FocusSash|SandRush|Endeavor,LastRespects,Howl,Protect|Adamant||F|||50|
|showteam|p2|Gholdengo||LifeOrb|GoodasGold|MakeItRain,ShadowBall,NastyPlot,Protect|Modest|||||50|]Maushold||WideLens|Technician|PopulationBomb,FollowMe,Encore,Protect|Jolly|||||50|]Falinks||Falinksite|Defiant|CloseCombat,RockSlide,NoRetreat,Protect|Adamant|||||50|]Ninetales-Alola||NeverMeltIce|SnowWarning|Blizzard,FreezeDry,AuroraVeil,Protect|Timid||M|||50|]Hydreigon||HabanBerry|Levitate|DracoMeteor,DarkPulse,Tailwind,Protect|Modest||M|||50|]Arcanine-Hisui||FocusSash|RockHead|FlareBlitz,HeadSmash,ExtremeSpeed,Protect|Jolly||M|||50|
|inactive|Battle timer is ON: inactive players will automatically lose when time's up. (requested by ToastedArt)
|inactive|chachidaripper has 60 seconds left.
|inactive|ToastedArt has 60 seconds left.
|
|t:|1785508950
|teamsize|p1|4
|teamsize|p2|4
|start
|switch|p1a: Incineroar|Incineroar, L50, F|100/100
|switch|p1b: Aggron|Aggron, L50, M|100/100
|switch|p2a: Falinks|Falinks, L50, shiny|100/100
|switch|p2b: Maushold|Maushold, L50|100/100
|-ability|p1a: Incineroar|Intimidate|boost
|-unboost|p2a: Falinks|atk|1
|-ability|p2a: Falinks|Defiant|boost
|-boost|p2a: Falinks|atk|2
|-unboost|p2b: Maushold|atk|1
|turn|1
|
|t:|1785508967
|detailschange|p2a: Falinks|Falinks-Mega, L50, shiny
|-mega|p2a: Falinks|Falinks|Falinksite
|detailschange|p1b: Aggron|Aggron-Mega, L50, M
|-mega|p1b: Aggron|Aggron|Aggronite
|move|p2b: Maushold|Protect|p2b: Maushold
|-singleturn|p2b: Maushold|Protect
|move|p1a: Incineroar|Fake Out|p2a: Falinks
|-damage|p2a: Falinks|89/100
|cant|p2a: Falinks|flinch
|move|p1b: Aggron|Body Press|p2b: Maushold
|-activate|p2b: Maushold|move: Protect
|
|upkeep
|turn|2
|inactive|chachidaripper has 30 seconds left.
|
|t:|1785508996
|move|p2b: Maushold|Encore|p1a: Incineroar
|-start|p1a: Incineroar|Encore
|move|p1a: Incineroar|Fake Out||[still]
|-hint|Fake Out only works on your first turn out.
|-fail|p1a: Incineroar
|move|p2a: Falinks|No Retreat|p2a: Falinks
|-boost|p2a: Falinks|atk|1
|-boost|p2a: Falinks|def|1
|-boost|p2a: Falinks|spa|1
|-boost|p2a: Falinks|spd|1
|-boost|p2a: Falinks|spe|1
|-start|p2a: Falinks|move: No Retreat
|move|p1b: Aggron|Body Press|p2b: Maushold
|-supereffective|p2b: Maushold|1
|-damage|p2b: Maushold|0 fnt
|faint|p2b: Maushold
|
|upkeep
|
|t:|1785509011
|switch|p2b: Ninetales|Ninetales-Alola, L50, M|100/100
|-weather|Snowscape|[from] ability: Snow Warning|[of] p2b: Ninetales
|turn|3
|
|t:|1785509022
|switch|p1a: Toxapex|Toxapex, L50, F, shiny|100/100
|move|p2a: Falinks|Close Combat|p1b: Aggron
|-supereffective|p1b: Aggron|1
|-crit|p1b: Aggron
|-damage|p1b: Aggron|0 fnt
|-unboost|p2a: Falinks|def|1
|-unboost|p2a: Falinks|spd|1
|faint|p1b: Aggron
|move|p2b: Ninetales|Aurora Veil|p2b: Ninetales
|-sidestart|p2: ToastedArt|move: Aurora Veil
|
|-weather|Snowscape|[upkeep]
|upkeep
|
|t:|1785509042
|switch|p1b: Incineroar|Incineroar, L50, F|100/100
|-ability|p1b: Incineroar|Intimidate|boost
|-unboost|p2a: Falinks|atk|1
|-ability|p2a: Falinks|Defiant|boost
|-boost|p2a: Falinks|atk|2
|-unboost|p2b: Ninetales|atk|1
|turn|4
|
|t:|1785509052
|move|p2a: Falinks|Protect|p2a: Falinks
|-singleturn|p2a: Falinks|Protect
|move|p2b: Ninetales|Protect|p2b: Ninetales
|-singleturn|p2b: Ninetales|Protect
|move|p1b: Incineroar|Fake Out|p2a: Falinks
|-activate|p2a: Falinks|move: Protect
|move|p1a: Toxapex|Toxic|p2a: Falinks
|-activate|p2a: Falinks|move: Protect
|
|-weather|Snowscape|[upkeep]
|upkeep
|turn|5
|
|t:|1785509074
|move|p2a: Falinks|Rock Slide|p1b: Incineroar|[spread] p1a,p1b
|-supereffective|p1b: Incineroar|1
|-damage|p1a: Toxapex|61/100
|-damage|p1b: Incineroar|11/100
|-enditem|p1b: Incineroar|Sitrus Berry|[eat]
|-heal|p1b: Incineroar|36/100|[from] item: Sitrus Berry
|move|p2b: Ninetales|Freeze-Dry|p1a: Toxapex
|-supereffective|p1a: Toxapex|1
|-damage|p1a: Toxapex|26/100
|move|p1b: Incineroar|Flare Blitz|p2b: Ninetales
|-supereffective|p2b: Ninetales|1
|-damage|p2b: Ninetales|49/100
|-damage|p1b: Incineroar|22/100|[from] Recoil
|move|p1a: Toxapex|Toxic|p2a: Falinks
|-status|p2a: Falinks|tox
|
|-weather|Snowscape|[upkeep]
|-heal|p1a: Toxapex|32/100|[from] item: Leftovers
|-damage|p2a: Falinks|83/100 tox|[from] psn
|upkeep
|turn|6
|inactive|chachidaripper has 30 seconds left.
|
|t:|1785509107
|move|p1a: Toxapex|Wide Guard|p1a: Toxapex
|-singleturn|p1a: Toxapex|Wide Guard
|move|p2a: Falinks|Rock Slide|p1a: Toxapex|[spread] 
|-activate|p1a: Toxapex|move: Wide Guard
|-activate|p1b: Incineroar|move: Wide Guard
|move|p2b: Ninetales|Freeze-Dry|p1a: Toxapex
|-supereffective|p1a: Toxapex|1
|-damage|p1a: Toxapex|0 fnt
|faint|p1a: Toxapex
|move|p1b: Incineroar|Flare Blitz|p2b: Ninetales
|-supereffective|p2b: Ninetales|1
|-damage|p2b: Ninetales|1/100
|-damage|p1b: Incineroar|8/100|[from] Recoil
|
|-weather|Snowscape|[upkeep]
|-damage|p2a: Falinks|72/100 tox|[from] psn
|upkeep
|
|t:|1785509119
|switch|p1a: Sinistcha|Sinistcha-Masterpiece, L50|100/100
|-heal|p1b: Incineroar|33/100|[from] ability: Hospitality|[of] p1a: Sinistcha
|turn|7
|
|t:|1785509131
|move|p1a: Sinistcha|Protect|p1a: Sinistcha
|-singleturn|p1a: Sinistcha|Protect
|move|p2a: Falinks|Rock Slide|p1a: Sinistcha|[spread] p1b
|-activate|p1a: Sinistcha|move: Protect
|-supereffective|p1b: Incineroar|1
|-damage|p1b: Incineroar|0 fnt
|faint|p1b: Incineroar
|move|p2b: Ninetales|Blizzard|p1a: Sinistcha
|-activate|p1a: Sinistcha|move: Protect
|
|-weather|none
|-damage|p2a: Falinks|55/100 tox|[from] psn
|-sideend|p2: ToastedArt|move: Aurora Veil
|upkeep
|turn|8
|
|t:|1785509143
|move|p2a: Falinks|Rock Slide|p1a: Sinistcha
|-damage|p1a: Sinistcha|31/100
|move|p2b: Ninetales|Blizzard|p1a: Sinistcha
|-supereffective|p1a: Sinistcha|1
|-damage|p1a: Sinistcha|0 fnt
|faint|p1a: Sinistcha
|
|win|ToastedArt
