|j|☆pinogrezzo
|j|☆VenusaurBot
|html|pinogrezzoVenusaurBot    
|uhtml|bestof|Game 1 of a best-of-3
|t:|1784541858
|gametype|doubles
|player|p1|pinogrezzo|265|1273
|player|p2|VenusaurBot|koga|1234
|gen|9
|tier|[Gen 9 Champions] VGC 2026 Reg M-B (Bo3)
|rated|
|rule|Species Clause: Limit one of each Pokémon
|rule|Item Clause: Limit 1 of each item
|clearpoke
|poke|p1|Staraptor, L50, M, shiny|
|poke|p1|Metagross, L50, shiny|
|poke|p1|Primarina, L50, F, shiny|
|poke|p1|Ceruledge, L50, F, shiny|
|poke|p1|Grimmsnarl, L50, M, shiny|
|poke|p1|Glimmora, L50, F, shiny|
|poke|p2|Blaziken, L50, M|
|poke|p2|Venusaur, L50, F|
|poke|p2|Ninetales-Alola, L50, M|
|poke|p2|Dragonite, L50, F|
|poke|p2|Kingambit, L50, F|
|poke|p2|Basculegion, L50, M|
|teampreview|4
|showteam|p1|Staraptor||Staraptite|Intimidate|Protect,CloseCombat,DualWingbeat,Roost|Adamant||M|||50|]Metagross||Metagrossite|ClearBody|Protect,IronHead,PsychicFangs,StompingTantrum|Jolly|||||50|]Primarina||MysticWater|LiquidVoice|Protect,Moonblast,HyperVoice,EnergyBall|Modest||F|||50|]Ceruledge||ColburBerry|FlashFire|Protect,BulkUp,BitterBlade,ShadowSneak|Adamant||F|||50|]Grimmsnarl||LightClay|Prankster|PartingShot,SpiritBreak,LightScreen,Reflect|Careful||M|||50|]Glimmora||FocusSash|ToxicDebris|SpikyShield,PowerGem,SludgeBomb,EarthPower|Modest||F|||50|
|showteam|p2|Blaziken||Blazikenite|SpeedBoost|Protect,FlareBlitz,CloseCombat,RockSlide|Adamant||M|||50|]Venusaur||Venusaurite|Chlorophyll|Protect,EarthPower,SludgeBomb,GigaDrain|Modest||F|||50|]Ninetales-Alola||NeverMeltIce|SnowWarning|Protect,Blizzard,FreezeDry,Encore|Timid||M|||50|]Dragonite||LifeOrb|InnerFocus|Protect,ExtremeSpeed,DragonClaw,LowKick|Adamant||F|||50|]Kingambit||BlackGlasses|Defiant|Protect,KowtowCleave,SuckerPunch,IronHead|Adamant||F|||50|]Basculegion||ChoiceScarf|Adaptability|WaveCrash,FlipTurn,AquaJet,LastRespects|Jolly||M|||50|
|inactive|Battle timer is ON: inactive players will automatically lose when time's up. (requested by VenusaurBot)
|
|t:|1784541889
|teamsize|p1|4
|teamsize|p2|4
|start
|switch|p1a: Staraptor|Staraptor, L50, M, shiny|100/100
|switch|p1b: Grimmsnarl|Grimmsnarl, L50, M, shiny|100/100
|switch|p2a: Venusaur|Venusaur, L50, F|100/100
|switch|p2b: Basculegion|Basculegion, L50, M|100/100
|-ability|p1a: Staraptor|Intimidate|boost
|-unboost|p2a: Venusaur|atk|1
|-unboost|p2b: Basculegion|atk|1
|turn|1
|inactive|VenusaurBot has 30 seconds left.
|
|t:|1784541917
|detailschange|p1a: Staraptor|Staraptor-Mega, L50, M, shiny
|-mega|p1a: Staraptor|Staraptor|Staraptite
|detailschange|p2a: Venusaur|Venusaur-Mega, L50, F
|-mega|p2a: Venusaur|Venusaur|Venusaurite
|move|p1b: Grimmsnarl|Reflect|p1b: Grimmsnarl
|-sidestart|p1: pinogrezzo|Reflect
|move|p2b: Basculegion|Flip Turn|p1b: Grimmsnarl
|-damage|p1b: Grimmsnarl|80/100
|
|t:|1784541928
|switch|p2b: Ninetales|Ninetales-Alola, L50, M|100/100|[from] Flip Turn
|-weather|Snowscape|[from] ability: Snow Warning|[of] p2b: Ninetales
|move|p1a: Staraptor|Dual Wingbeat|p2b: Ninetales
|-damage|p2b: Ninetales|80/100
|-damage|p2b: Ninetales|61/100
|-hitcount|p2b: Ninetales|2
|move|p2a: Venusaur|Sludge Bomb|p1b: Grimmsnarl
|-supereffective|p1b: Grimmsnarl|1
|-damage|p1b: Grimmsnarl|2/100
|
|-weather|Snowscape|[upkeep]
|upkeep
|turn|2
|inactive|VenusaurBot has 30 seconds left.
|
|t:|1784541957
|move|p2b: Ninetales|Protect|p2b: Ninetales
|-singleturn|p2b: Ninetales|Protect
|move|p1b: Grimmsnarl|Light Screen|p1b: Grimmsnarl
|-sidestart|p1: pinogrezzo|move: Light Screen
|move|p1a: Staraptor|Close Combat|p2b: Ninetales
|-activate|p2b: Ninetales|move: Protect
|move|p2a: Venusaur|Earth Power|p1b: Grimmsnarl
|-damage|p1b: Grimmsnarl|0 fnt
|faint|p1b: Grimmsnarl
|
|-weather|Snowscape|[upkeep]
|upkeep
|
|t:|1784541961
|switch|p1b: Ceruledge|Ceruledge, L50, F, shiny|100/100
|turn|3
|inactive|VenusaurBot has 30 seconds left.
|
|t:|1784541986
|switch|p2b: Basculegion|Basculegion, L50, M|100/100
|move|p1a: Staraptor|Close Combat|p2b: Basculegion
|-immune|p2b: Basculegion
|move|p2a: Venusaur|Sludge Bomb|p1a: Staraptor
|-damage|p1a: Staraptor|64/100
|move|p1b: Ceruledge|Bulk Up|p1b: Ceruledge
|-boost|p1b: Ceruledge|atk|1
|-boost|p1b: Ceruledge|def|1
|
|-weather|Snowscape|[upkeep]
|upkeep
|turn|4
|
|t:|1784542004
|move|p1b: Ceruledge|Protect|p1b: Ceruledge
|-singleturn|p1b: Ceruledge|Protect
|move|p2b: Basculegion|Wave Crash|p1b: Ceruledge
|-activate|p1b: Ceruledge|move: Protect
|move|p1a: Staraptor|Roost|p1a: Staraptor
|-heal|p1a: Staraptor|100/100
|-singleturn|p1a: Staraptor|move: Roost
|move|p2a: Venusaur|Sludge Bomb|p1a: Staraptor
|-damage|p1a: Staraptor|63/100
|-status|p1a: Staraptor|psn
|
|-weather|Snowscape|[upkeep]
|-damage|p1a: Staraptor|51/100 psn|[from] psn
|upkeep
|turn|5
|
|t:|1784542020
|move|p1b: Ceruledge|Shadow Sneak|p2b: Basculegion
|-supereffective|p2b: Basculegion|1
|-damage|p2b: Basculegion|22/100
|move|p2b: Basculegion|Wave Crash|p1a: Staraptor
|-damage|p1a: Staraptor|1/100 psn
|-damage|p2b: Basculegion|7/100|[from] Recoil
|move|p1a: Staraptor|Dual Wingbeat|p2a: Venusaur|[miss]
|-miss|p1a: Staraptor|p2a: Venusaur
|move|p2a: Venusaur|Earth Power|p1b: Ceruledge
|-supereffective|p1b: Ceruledge|1
|-damage|p1b: Ceruledge|58/100
|
|-weather|none
|-damage|p1a: Staraptor|0 fnt|[from] psn
|faint|p1a: Staraptor
|upkeep
|
|t:|1784542028
|switch|p1a: Primarina|Primarina, L50, F, shiny|100/100
|turn|6
|
|t:|1784542042
|move|p2b: Basculegion|Wave Crash|p1b: Ceruledge
|-supereffective|p1b: Ceruledge|1
|-damage|p1b: Ceruledge|0 fnt
|faint|p1b: Ceruledge
|-damage|p2b: Basculegion|0 fnt|[from] Recoil
|faint|p2b: Basculegion
|move|p2a: Venusaur|Sludge Bomb|p1a: Primarina
|-supereffective|p1a: Primarina|1
|-damage|p1a: Primarina|52/100
|move|p1a: Primarina|Energy Ball|p2a: Venusaur
|-resisted|p2a: Venusaur|2
|-damage|p2a: Venusaur|93/100
|
|upkeep
|-message|pinogrezzo forfeited.
|
|win|VenusaurBot
|l|☆pinogrezzo
|player|p1|
||pinogrezzo is ready for game 2.
||VenusaurBot is ready for game 2.
|uhtml|next|Next: Game 2 of 3
