|j|☆Elipick
|j|☆francoilforteprep
|html|Elipickfrancoilforteprep    
|uhtml|bestof|Game 3 of a best-of-3
|t:|1756244762
|gametype|doubles
|player|p1|Elipick|cynthia-gen4|1023
|player|p2|francoilforteprep|266|1000
|gen|9
|tier|[Gen 9] VGC 2025 Reg H (Bo3)
|rated|
|rule|Species Clause: Limit one of each Pokémon
|rule|Item Clause: Limit 1 of each item
|clearpoke
|poke|p1|Arcanine-Hisui, L50, F|
|poke|p1|Gholdengo, L50|
|poke|p1|Whimsicott, L50, F|
|poke|p1|Sneasler, L50, M|
|poke|p1|Indeedee-F, L50, F|
|poke|p1|Primarina, L50, M|
|poke|p2|Toxapex, L50, F|
|poke|p2|Chesnaught, L50, F|
|poke|p2|Grimmsnarl, L50, M|
|poke|p2|Incineroar, L50, M|
|poke|p2|Sinistcha, L50|
|poke|p2|Torkoal, L50, M|
|teampreview|4
|showteam|p1|Arcanine-Hisui||ClearAmulet|Intimidate|ExtremeSpeed,RockSlide,FlareBlitz,Protect|||F|||50|,,,,,Fire]Gholdengo||LifeOrb|GoodasGold|MakeItRain,ShadowBall,NastyPlot,Protect||||||50|,,,,,Water]Whimsicott||FocusSash|Prankster|Endeavor,Tailwind,Moonblast,Encore|||F|||50|,,,,,Ghost]Sneasler||PsychicSeed|Unburden|DireClaw,CloseCombat,ThroatChop,Protect|||M|||50|,,,,,Dark]Indeedee-F||SafetyGoggles|PsychicSurge|Psyshock,FollowMe,DrainingKiss,Protect|||F|||50|,,,,,Psychic]Primarina||AssaultVest|LiquidVoice|Moonblast,HyperVoice,TeraBlast,FlipTurn|||M|||50|,,,,,Fire
|showteam|p2|Toxapex||BlackSludge|Regenerator|Toxic,BanefulBunker,Infestation,Recover|||F|||50|,,,,,Ghost]Chesnaught||Leftovers|Bulletproof|SpikyShield,LeechSeed,KnockOff,DrainPunch|||F|||50|,,,,,Water]Grimmsnarl||LightClay|Prankster|PartingShot,LightScreen,Reflect,SpiritBreak|||M|||50|,,,,,Ghost]Incineroar||SafetyGoggles|Intimidate|FlareBlitz,KnockOff,FakeOut,PartingShot|||M|||50|,,,,,Ghost]Sinistcha||SitrusBerry|Hospitality|LifeDew,RagePowder,StrengthSap,ShadowBall||||||50|,,,,,Dragon]Torkoal||AssaultVest|Drought|FireSpin,WeatherBall,HeatWave,EarthPower|||M|||50|,,,,,Grass
|
|t:|1756244787
|teamsize|p1|4
|teamsize|p2|4
|start
|switch|p1a: Whimsicott|Whimsicott, L50, F|100/100
|switch|p1b: Gholdengo|Gholdengo, L50|100/100
|switch|p2a: Grimmsnarl|Grimmsnarl, L50, M|100/100
|switch|p2b: Chesnaught|Chesnaught, L50, F|100/100
|turn|1
|
|t:|1756244799
|-terastallize|p2b: Chesnaught|Water
|move|p2a: Grimmsnarl|Light Screen|p2a: Grimmsnarl
|-sidestart|p2: francoilforteprep|move: Light Screen
|move|p1a: Whimsicott|Moonblast|p2b: Chesnaught
|-damage|p2b: Chesnaught|83/100
|move|p1b: Gholdengo|Make It Rain|p2a: Grimmsnarl|[spread] p2a,p2b
|-supereffective|p2a: Grimmsnarl
|-resisted|p2b: Chesnaught
|-damage|p2a: Grimmsnarl|26/100
|-damage|p2b: Chesnaught|66/100
|-unboost|p1b: Gholdengo|spa|1
|-damage|p1b: Gholdengo|91/100|[from] item: Life Orb
|move|p2b: Chesnaught|Knock Off|p1b: Gholdengo
|-supereffective|p1b: Gholdengo
|-damage|p1b: Gholdengo|38/100
|-enditem|p1b: Gholdengo|Life Orb|[from] move: Knock Off|[of] p2b: Chesnaught
|
|-heal|p2b: Chesnaught|72/100|[from] item: Leftovers
|upkeep
|turn|2
|inactive|Battle timer is ON: inactive players will automatically lose when time's up. (requested by francoilforteprep)
|
|t:|1756244840
|switch|p1b: Arcanine|Arcanine-Hisui, L50, F|100/100
|-ability|p1b: Arcanine|Intimidate|boost
|-unboost|p2a: Grimmsnarl|atk|1
|-unboost|p2b: Chesnaught|atk|1
|switch|p2a: Incineroar|Incineroar, L50, M|100/100
|-ability|p2a: Incineroar|Intimidate|boost
|-unboost|p1a: Whimsicott|atk|1
|-fail|p1b: Arcanine|unboost|[from] item: Clear Amulet|[of] p1b: Arcanine
|move|p2b: Chesnaught|Spiky Shield|p2b: Chesnaught
|-singleturn|p2b: Chesnaught|move: Protect
|move|p1a: Whimsicott|Moonblast|p2a: Incineroar
|-damage|p2a: Incineroar|76/100
|-unboost|p2a: Incineroar|spa|1
|
|-heal|p2b: Chesnaught|78/100|[from] item: Leftovers
|upkeep
|turn|3
|inactive|francoilforteprep has 30 seconds left.
|
|t:|1756244872
|move|p2a: Incineroar|Fake Out|p1b: Arcanine
|-resisted|p1b: Arcanine
|-damage|p1b: Arcanine|93/100
|move|p1a: Whimsicott|Encore|p2b: Chesnaught
|-start|p2b: Chesnaught|Encore
|cant|p1b: Arcanine|flinch
|move|p2b: Chesnaught|Spiky Shield||[still]
|-fail|p2b: Chesnaught
|
|-heal|p2b: Chesnaught|84/100|[from] item: Leftovers
|upkeep
|turn|4
|
|t:|1756244896
|switch|p2b: Toxapex|Toxapex, L50, F|100/100
|move|p1a: Whimsicott|Moonblast|p2b: Toxapex
|-resisted|p2b: Toxapex
|-damage|p2b: Toxapex|92/100
|-unboost|p2b: Toxapex|spa|1
|move|p1b: Arcanine|Rock Slide|p2b: Toxapex|[spread] p2a,p2b
|-supereffective|p2a: Incineroar
|-crit|p2a: Incineroar
|-damage|p2a: Incineroar|0 fnt
|-damage|p2b: Toxapex|71/100
|faint|p2a: Incineroar
|
|-heal|p2b: Toxapex|77/100|[from] item: Black Sludge
|upkeep
|
|t:|1756244911
|switch|p2a: Grimmsnarl|Grimmsnarl, L50, M|26/100
|turn|5
|
|t:|1756244920
|move|p2a: Grimmsnarl|Reflect|p2a: Grimmsnarl
|-sidestart|p2: francoilforteprep|Reflect
|move|p1a: Whimsicott|Moonblast|p2a: Grimmsnarl
|-supereffective|p2a: Grimmsnarl
|-damage|p2a: Grimmsnarl|0 fnt
|faint|p2a: Grimmsnarl
|move|p1b: Arcanine|Rock Slide|p2b: Toxapex
|-damage|p2b: Toxapex|59/100
|move|p2b: Toxapex|Toxic|p1b: Arcanine
|-status|p1b: Arcanine|tox
|
|-heal|p2b: Toxapex|65/100|[from] item: Black Sludge
|-damage|p1b: Arcanine|88/100 tox|[from] psn
|upkeep
|
|t:|1756244935
|switch|p2a: Chesnaught|Chesnaught, L50, F, tera:Water|84/100
|turn|6
|
|t:|1756244947
|move|p1a: Whimsicott|Moonblast|p2a: Chesnaught
|-damage|p2a: Chesnaught|64/100
|move|p1b: Arcanine|Rock Slide|p2b: Toxapex|[spread] p2a
|-miss|p1b: Arcanine|p2b: Toxapex
|-damage|p2a: Chesnaught|51/100
|move|p2a: Chesnaught|Drain Punch|p1b: Arcanine
|-supereffective|p1b: Arcanine
|-damage|p1b: Arcanine|16/100 tox
|-heal|p2a: Chesnaught|83/100|[from] drain|[of] p1b: Arcanine
|move|p2b: Toxapex|Toxic|p1a: Whimsicott
|-status|p1a: Whimsicott|tox
|
|-heal|p2a: Chesnaught|89/100|[from] item: Leftovers
|-heal|p2b: Toxapex|71/100|[from] item: Black Sludge
|-damage|p1a: Whimsicott|95/100 tox|[from] psn
|-damage|p1b: Arcanine|4/100 tox|[from] psn
|upkeep
|turn|7
|inactive|Elipick has 30 seconds left.
|
|t:|1756244976
|switch|p1b: Gholdengo|Gholdengo, L50|38/100
|move|p2a: Chesnaught|Spiky Shield|p2a: Chesnaught
|-singleturn|p2a: Chesnaught|move: Protect
|move|p1a: Whimsicott|Moonblast|p2b: Toxapex
|-resisted|p2b: Toxapex
|-damage|p2b: Toxapex|62/100
|move|p2b: Toxapex|Infestation|p1a: Whimsicott
|-damage|p1a: Whimsicott|92/100 tox
|-activate|p1a: Whimsicott|move: Infestation|[of] p2b: Toxapex
|
|-heal|p2a: Chesnaught|95/100|[from] item: Leftovers
|-heal|p2b: Toxapex|67/100|[from] item: Black Sludge
|-damage|p1a: Whimsicott|80/100 tox|[from] psn
|-damage|p1a: Whimsicott|67/100 tox|[from] move: Infestation|[partiallytrapped]
|upkeep
|turn|8
|
|t:|1756244999
|move|p1a: Whimsicott|Moonblast|p2b: Toxapex
|-resisted|p2b: Toxapex
|-damage|p2b: Toxapex|58/100
|-unboost|p2b: Toxapex|spa|1
|move|p1b: Gholdengo|Shadow Ball|p2b: Toxapex
|-damage|p2b: Toxapex|37/100
|move|p2a: Chesnaught|Knock Off|p1b: Gholdengo
|-supereffective|p1b: Gholdengo
|-crit|p1b: Gholdengo
|-damage|p1b: Gholdengo|0 fnt
|faint|p1b: Gholdengo
|move|p2b: Toxapex|Recover|p2b: Toxapex
|-heal|p2b: Toxapex|87/100
|
|-heal|p2a: Chesnaught|100/100|[from] item: Leftovers
|-heal|p2b: Toxapex|93/100|[from] item: Black Sludge
|-damage|p1a: Whimsicott|50/100 tox|[from] psn
|-damage|p1a: Whimsicott|37/100 tox|[from] move: Infestation|[partiallytrapped]
|-sideend|p2: francoilforteprep|move: Light Screen
|upkeep
|
|t:|1756245021
|switch|p1b: Arcanine|Arcanine-Hisui, L50, F|4/100 tox
|-ability|p1b: Arcanine|Intimidate|boost
|-unboost|p2a: Chesnaught|atk|1
|-unboost|p2b: Toxapex|atk|1
|turn|9
|inactive|Elipick has 30 seconds left.
|inactive|Elipick has 20 seconds left.
|inactive|Elipick has 15 seconds left.
|
|t:|1756245063
|move|p2a: Chesnaught|Spiky Shield|p2a: Chesnaught
|-singleturn|p2a: Chesnaught|move: Protect
|move|p1a: Whimsicott|Moonblast|p2a: Chesnaught
|-activate|p2a: Chesnaught|move: Protect
|move|p1b: Arcanine|Rock Slide|p2b: Toxapex|[spread] p2b
|-activate|p2a: Chesnaught|move: Protect
|-damage|p2b: Toxapex|79/100
|cant|p2b: Toxapex|flinch
|
|-heal|p2b: Toxapex|85/100|[from] item: Black Sludge
|-damage|p1a: Whimsicott|14/100 tox|[from] psn
|-damage|p1b: Arcanine|0 fnt|[from] psn
|faint|p1b: Arcanine
|-damage|p1a: Whimsicott|1/100 tox|[from] move: Infestation|[partiallytrapped]
|upkeep
|
|t:|1756245082
|switch|p1b: Primarina|Primarina, L50, M|100/100
|turn|10
|
|t:|1756245096
|move|p1a: Whimsicott|Endeavor|p2a: Chesnaught
|-damage|p2a: Chesnaught|1/100
|move|p2a: Chesnaught|Leech Seed|p1b: Primarina
|-start|p1b: Primarina|move: Leech Seed
|move|p1b: Primarina|Hyper Voice|p2a: Chesnaught|[spread] p2a,p2b
|-resisted|p2a: Chesnaught
|-resisted|p2b: Toxapex
|-damage|p2a: Chesnaught|0 fnt
|-damage|p2b: Toxapex|74/100
|faint|p2a: Chesnaught
|move|p2b: Toxapex|Toxic|p1b: Primarina
|-status|p1b: Primarina|tox
|
|-heal|p2b: Toxapex|79/100|[from] item: Black Sludge
|-damage|p1a: Whimsicott|0 fnt|[from] psn
|faint|p1a: Whimsicott
|-damage|p1b: Primarina|95/100 tox|[from] psn
|upkeep
|turn|11
|inactive|Elipick has 30 seconds left.
|
|t:|1756245128
|move|p1b: Primarina|Hyper Voice|p2b: Toxapex
|-resisted|p2b: Toxapex
|-damage|p2b: Toxapex|62/100
|move|p2b: Toxapex|Infestation|p1b: Primarina
|-resisted|p1b: Primarina
|-damage|p1b: Primarina|94/100 tox
|-activate|p1b: Primarina|move: Infestation|[of] p2b: Toxapex
|
|-heal|p2b: Toxapex|68/100|[from] item: Black Sludge
|-damage|p1b: Primarina|82/100 tox|[from] psn
|-damage|p1b: Primarina|70/100 tox|[from] move: Infestation|[partiallytrapped]
|upkeep
|turn|12
|
|t:|1756245141
|move|p2b: Toxapex|Baneful Bunker|p2b: Toxapex
|-singleturn|p2b: Toxapex|move: Protect
|move|p1b: Primarina|Moonblast|p2b: Toxapex
|-activate|p2b: Toxapex|move: Protect
|
|-heal|p2b: Toxapex|74/100|[from] item: Black Sludge
|-damage|p1b: Primarina|52/100 tox|[from] psn
|-damage|p1b: Primarina|40/100 tox|[from] move: Infestation|[partiallytrapped]
|-sideend|p2: francoilforteprep|Reflect
|upkeep
|turn|13
|
|t:|1756245152
|move|p1b: Primarina|Hyper Voice|p2b: Toxapex
|-resisted|p2b: Toxapex
|-damage|p2b: Toxapex|57/100
|move|p2b: Toxapex|Recover|p2b: Toxapex
|-heal|p2b: Toxapex|100/100
|
|-damage|p1b: Primarina|17/100 tox|[from] psn
|-damage|p1b: Primarina|4/100 tox|[from] move: Infestation|[partiallytrapped]
|upkeep
|turn|14
|
|t:|1756245165
|move|p2b: Toxapex|Baneful Bunker|p2b: Toxapex
|-singleturn|p2b: Toxapex|move: Protect
|move|p1b: Primarina|Moonblast|p2b: Toxapex
|-activate|p2b: Toxapex|move: Protect
|
|-damage|p1b: Primarina|0 fnt|[from] psn
|faint|p1b: Primarina
|
|win|francoilforteprep
|raw|Elipick's rating: 1023 → 1009(-14 for losing)
|raw|francoilforteprep's rating: 1000 → 1043(+43 for winning)
