|j|☆red gate 0
|j|☆franny6767
|html|red gate 0franny6767    
|uhtml|bestof|Game 1 of a best-of-3
|t:|1757132874
|gametype|doubles
|player|p1|red gate 0|n|1338
|player|p2|franny6767|169|1219
|gen|9
|tier|[Gen 9] VGC 2025 Reg H (Bo3)
|rated|
|rule|Species Clause: Limit one of each Pokémon
|rule|Item Clause: Limit 1 of each item
|clearpoke
|poke|p1|Sneasler, L50, M|
|poke|p1|Gholdengo, L50|
|poke|p1|Ninetales-Alola, L50, F|
|poke|p1|Arcanine-Hisui, L50, M|
|poke|p1|Amoonguss, L50, F|
|poke|p1|Rillaboom, L50, M|
|poke|p2|Dragonite, L50, F|
|poke|p2|Annihilape, L50, M|
|poke|p2|Garchomp, L50, F|
|poke|p2|Whimsicott, L50, M|
|poke|p2|Incineroar, L50, M|
|poke|p2|Gholdengo, L50|
|teampreview|4
|showteam|p1|Sneasler||FocusSash|PoisonTouch|DireClaw,CloseCombat,FakeOut,Protect|||M|||50|,,,,,Stellar]Gholdengo||GrassySeed|GoodasGold|MakeItRain,ShadowBall,NastyPlot,Protect||||||50|,,,,,Water]Ninetales-Alola||LightClay|SnowWarning|IcyWind,FreezeDry,AuroraVeil,Protect|||F|||50|,,,,,Ghost]Arcanine-Hisui||ClearAmulet|Intimidate|FlareBlitz,RockSlide,ExtremeSpeed,Protect|||M|||50|,,,,,Ghost]Amoonguss||SitrusBerry|Regenerator|ClearSmog,PollenPuff,Spore,RagePowder|||F|||50|,,,,,Water]Rillaboom||AssaultVest|GrassySurge|WoodHammer,GrassyGlide,HighHorsepower,FakeOut|||M|||50|,,,,,Fire
|showteam|p2|Dragonite||LoadedDice|Multiscale|ScaleShot,Protect,Tailwind,Haze|||F|||50|,,,,,Fairy]Annihilape||SafetyGoggles|Defiant|CloseCombat,FinalGambit,RageFist,Coaching|||M|||50|,,,,,Fire]Garchomp||LifeOrb|RoughSkin|Earthquake,DragonClaw,StompingTantrum,Protect|||F|||50|,,,,,Fairy]Whimsicott||FocusSash|Prankster|Moonblast,Taunt,Tailwind,BeatUp|||M|||50|,,,,,Ghost]Incineroar||MirrorHerb|Intimidate|KnockOff,FlareBlitz,FakeOut,PartingShot|||M|||50|,,,,,Ghost]Gholdengo||ChoiceSpecs|GoodasGold|MakeItRain,SteelBeam,ShadowBall,PowerGem||||||50|,,,,,Flying
|inactive|Battle timer is ON: inactive players will automatically lose when time's up. (requested by franny6767)
|inactive|red gate 0 also wants the timer to be on.
|inactive|red gate 0 has 60 seconds left.
|inactive|franny6767 has 60 seconds left.
|
|t:|1757132934
|teamsize|p1|4
|teamsize|p2|4
|start
|switch|p1a: Gholdengo|Gholdengo, L50|100/100
|switch|p1b: Rillaboom|Rillaboom, L50, M|100/100
|switch|p2a: Whimsicott|Whimsicott, L50, M|100/100
|switch|p2b: Gholdengo|Gholdengo, L50|100/100
|-fieldstart|move: Grassy Terrain|[from] ability: Grassy Surge|[of] p1b: Rillaboom
|-enditem|p1a: Gholdengo|Grassy Seed
|-boost|p1a: Gholdengo|def|1|[from] item: Grassy Seed
|turn|1
|inactive|red gate 0 has 30 seconds left.
|
|t:|1757132962
|-terastallize|p2a: Whimsicott|Ghost
|move|p1a: Gholdengo|Protect|p1a: Gholdengo
|-singleturn|p1a: Gholdengo|Protect
|move|p2a: Whimsicott|Moonblast|p1a: Gholdengo
|-activate|p1a: Gholdengo|move: Protect
|move|p2b: Gholdengo|Shadow Ball|p1a: Gholdengo
|-activate|p1a: Gholdengo|move: Protect
|move|p1b: Rillaboom|High Horsepower|p2b: Gholdengo
|-supereffective|p2b: Gholdengo
|-damage|p2b: Gholdengo|33/100
|
|-heal|p2b: Gholdengo|39/100|[from] Grassy Terrain
|upkeep
|turn|2
|
|t:|1757132980
|switch|p1b: Amoonguss|Amoonguss, L50, F, shiny|100/100
|-terastallize|p1a: Gholdengo|Water
|move|p2a: Whimsicott|Tailwind|p2a: Whimsicott
|-sidestart|p2: franny6767|move: Tailwind
|move|p2b: Gholdengo|Shadow Ball|p1a: Gholdengo
|-damage|p1a: Gholdengo|25/100
|-unboost|p1a: Gholdengo|spd|1
|move|p1a: Gholdengo|Nasty Plot|p1a: Gholdengo
|-boost|p1a: Gholdengo|spa|2
|
|-heal|p2b: Gholdengo|45/100|[from] Grassy Terrain
|-heal|p1a: Gholdengo|31/100|[from] Grassy Terrain
|upkeep
|turn|3
|
|t:|1757132998
|move|p1b: Amoonguss|Rage Powder|p1b: Amoonguss
|-singleturn|p1b: Amoonguss|move: Rage Powder
|move|p2a: Whimsicott|Taunt|p1b: Amoonguss
|-start|p1b: Amoonguss|move: Taunt
|move|p2b: Gholdengo|Shadow Ball|p1b: Amoonguss
|-damage|p1b: Amoonguss|51/100
|move|p1a: Gholdengo|Make It Rain|p2b: Gholdengo|[spread] p2a,p2b
|-resisted|p2b: Gholdengo
|-enditem|p2a: Whimsicott|Focus Sash
|-damage|p2a: Whimsicott|1/100
|-damage|p2b: Gholdengo|0 fnt
|-unboost|p1a: Gholdengo|spa|1
|faint|p2b: Gholdengo
|
|-heal|p2a: Whimsicott|7/100|[from] Grassy Terrain
|-heal|p1a: Gholdengo|37/100|[from] Grassy Terrain
|-heal|p1b: Amoonguss|57/100|[from] Grassy Terrain
|upkeep
|
|t:|1757133011
|switch|p2b: Incineroar|Incineroar, L50, M|100/100
|-ability|p2b: Incineroar|Intimidate|boost
|-unboost|p1a: Gholdengo|atk|1
|-unboost|p1b: Amoonguss|atk|1
|turn|4
|
|t:|1757133021
|switch|p1b: Ninetales|Ninetales-Alola, L50, F, shiny|100/100
|-weather|Snowscape|[from] ability: Snow Warning|[of] p1b: Ninetales
|move|p1a: Gholdengo|Protect|p1a: Gholdengo
|-singleturn|p1a: Gholdengo|Protect
|move|p2a: Whimsicott|Moonblast|p1a: Gholdengo
|-activate|p1a: Gholdengo|move: Protect
|move|p2b: Incineroar|Flare Blitz|p1b: Ninetales
|-supereffective|p1b: Ninetales
|-damage|p1b: Ninetales|0 fnt
|faint|p1b: Ninetales
|-damage|p2b: Incineroar|75/100|[from] Recoil
|
|-weather|Snowscape|[upkeep]
|-heal|p2a: Whimsicott|13/100|[from] Grassy Terrain
|-heal|p2b: Incineroar|81/100|[from] Grassy Terrain
|-heal|p1a: Gholdengo|44/100|[from] Grassy Terrain
|upkeep
|
|t:|1757133039
|switch|p1b: Rillaboom|Rillaboom, L50, M|100/100
|turn|5
|
|t:|1757133049
|switch|p2a: Annihilape|Annihilape, L50, M|100/100
|move|p1b: Rillaboom|Grassy Glide|p2a: Annihilape
|-crit|p2a: Annihilape
|-damage|p2a: Annihilape|47/100
|move|p2b: Incineroar|Flare Blitz|p1b: Rillaboom
|-supereffective|p1b: Rillaboom
|-damage|p1b: Rillaboom|0 fnt
|faint|p1b: Rillaboom
|-damage|p2b: Incineroar|47/100|[from] Recoil
|move|p1a: Gholdengo|Nasty Plot|p1a: Gholdengo
|-boost|p1a: Gholdengo|spa|2
|-enditem|p2b: Incineroar|Mirror Herb
|-boost|p2b: Incineroar|spa|2|[from] item: Mirror Herb
|
|-weather|Snowscape|[upkeep]
|-heal|p2a: Annihilape|53/100|[from] Grassy Terrain
|-heal|p2b: Incineroar|53/100|[from] Grassy Terrain
|-heal|p1a: Gholdengo|50/100|[from] Grassy Terrain
|-sideend|p2: franny6767|move: Tailwind
|-fieldend|move: Grassy Terrain
|upkeep
|
|t:|1757133067
|switch|p1b: Amoonguss|Amoonguss, L50, F, shiny|90/100
|turn|6
|
|t:|1757133074
|move|p2a: Annihilape|Final Gambit|p1a: Gholdengo
|-damage|p1a: Gholdengo|0 fnt
|faint|p2a: Annihilape
|faint|p1a: Gholdengo
|move|p2b: Incineroar|Flare Blitz|p1b: Amoonguss
|-supereffective|p1b: Amoonguss
|-damage|p1b: Amoonguss|0 fnt
|faint|p1b: Amoonguss
|-damage|p2b: Incineroar|21/100|[from] Recoil
|
|win|franny6767
||franny6767 is ready for game 2.
