|j|☆Ahsanul
|j|☆FizzureX
|html|AhsanulFizzureX    
|uhtml|bestof|Game 3 of a best-of-3
|t:|1784634581
|gametype|doubles
|player|p1|Ahsanul|2|1000
|player|p2|FizzureX|wattson|1025
|gen|9
|tier|[Gen 9 Champions] VGC 2026 Reg M-B (Bo3)
|rated|
|rule|Species Clause: Limit one of each Pokémon
|rule|Item Clause: Limit 1 of each item
|clearpoke
|poke|p1|Eelektross, L50, M|
|poke|p1|Garchomp, L50, F|
|poke|p1|Talonflame, L50, M|
|poke|p1|Tsareena, L50, F|
|poke|p1|Altaria, L50, M|
|poke|p1|Vivillon-Ocean, L50, M|
|poke|p2|Charizard, L50, F|
|poke|p2|Farigiraf, L50, M|
|poke|p2|Venusaur, L50, M|
|poke|p2|Garchomp, L50, F|
|poke|p2|Incineroar, L50, F|
|poke|p2|Sylveon, L50, M|
|teampreview|4
|showteam|p1|Eelektross||Eelektrossite|Levitate|Discharge,Thunderbolt,GigaDrain,Protect|Modest||M|||50|]Garchomp||LifeOrb|RoughSkin|RockSlide,Earthquake,PoisonJab,Protect|Jolly||F|||50|]Talonflame|||GaleWings|Overheat,Acrobatics,Tailwind,WillOWisp|Naive||M|||50|]Tsareena||WideLens|QueenlyMajesty|TropKick,TripleAxel,Protect,Taunt|Jolly||F|||50|]Altaria||Altarianite|CloudNine|CottonGuard,Earthquake,DoubleEdge,DragonDance|Serious||M|||50|]Vivillon-Ocean||FocusSash|CompoundEyes|SleepPowder,Hurricane,RagePowder,BugBuzz|Timid||M|||50|
|showteam|p2|Charizard||CharizarditeY|Blaze|HeatWave,WeatherBall,SolarBeam,Protect|Modest||F|||50|]Farigiraf||ColburBerry|ArmorTail|Psychic,Thunderbolt,HelpingHand,TrickRoom|Modest||M|||50|]Venusaur||FocusSash|Chlorophyll|LeafStorm,SludgeBomb,SleepPowder,Protect|Modest||M|||50|]Garchomp||LifeOrb|RoughSkin|RockSlide,DragonClaw,Earthquake,Protect|Jolly||F|||50|]Incineroar||SitrusBerry|Intimidate|FlareBlitz,DarkestLariat,PartingShot,FakeOut|Careful||F|||50|]Sylveon||FairyFeather|Pixilate|HyperVoice,HyperBeam,QuickAttack,Protect|Modest||M|||50|
|
|t:|1784634608
|teamsize|p1|4
|teamsize|p2|4
|start
|switch|p1a: Vivillon|Vivillon-Ocean, L50, M|100/100
|switch|p1b: Garchomp|Garchomp, L50, F|100/100
|switch|p2a: Incineroar|Incineroar, L50, F|100/100
|switch|p2b: Garchomp|Garchomp, L50, F|100/100
|-ability|p2a: Incineroar|Intimidate|boost
|-unboost|p1a: Vivillon|atk|1
|-unboost|p1b: Garchomp|atk|1
|turn|1
|
|t:|1784634633
|switch|p1a: Altaria|Altaria, L50, M|100/100
|-ability|p1a: Altaria|Cloud Nine
|move|p1b: Garchomp|Protect|p1b: Garchomp
|-singleturn|p1b: Garchomp|Protect
|move|p2b: Garchomp|Protect|p2b: Garchomp
|-singleturn|p2b: Garchomp|Protect
|move|p2a: Incineroar|Fake Out|p1a: Altaria
|-damage|p1a: Altaria|87/100
|
|upkeep
|turn|2
|
|t:|1784634669
|switch|p1b: Talonflame|Talonflame, L50, M|100/100
|detailschange|p1a: Altaria|Altaria-Mega, L50, M
|-mega|p1a: Altaria|Altaria|Altarianite
|move|p2b: Garchomp|Dragon Claw|p1b: Talonflame
|-damage|p1b: Talonflame|42/100
|-damage|p2b: Garchomp|90/100|[from] item: Life Orb
|move|p1a: Altaria|Dragon Dance|p1a: Altaria
|-boost|p1a: Altaria|atk|1
|-boost|p1a: Altaria|spe|1
|move|p2a: Incineroar|Parting Shot|p1a: Altaria
|-unboost|p1a: Altaria|atk|1
|-unboost|p1a: Altaria|spa|1
|
|t:|1784634698
|switch|p2a: Charizard|Charizard, L50, F|100/100|[from] Parting Shot
|
|upkeep
|turn|3
|
|t:|1784634730
|detailschange|p2a: Charizard|Charizard-Mega-Y, L50, F
|-mega|p2a: Charizard|Charizard|Charizardite Y
|-weather|SunnyDay|[from] ability: Drought|[of] p2a: Charizard
|move|p2b: Garchomp|Protect|p2b: Garchomp
|-singleturn|p2b: Garchomp|Protect
|move|p2a: Charizard|Protect|p2a: Charizard
|-singleturn|p2a: Charizard|Protect
|move|p1a: Altaria|Dragon Dance|p1a: Altaria
|-boost|p1a: Altaria|atk|1
|-boost|p1a: Altaria|spe|1
|move|p1b: Talonflame|Tailwind|p1b: Talonflame
|-sidestart|p1: Ahsanul|move: Tailwind
|
|-weather|SunnyDay|[upkeep]
|upkeep
|turn|4
|
|t:|1784634761
|switch|p2a: Incineroar|Incineroar, L50, F|100/100
|-ability|p2a: Incineroar|Intimidate|boost
|-unboost|p1a: Altaria|atk|1
|-unboost|p1b: Talonflame|atk|1
|move|p1a: Altaria|Double-Edge|p2a: Incineroar
|-damage|p2a: Incineroar|31/100
|-enditem|p2a: Incineroar|Sitrus Berry|[eat]
|-heal|p2a: Incineroar|55/100|[from] item: Sitrus Berry
|-damage|p1a: Altaria|61/100|[from] Recoil
|move|p1b: Talonflame|Acrobatics|p2a: Incineroar
|-damage|p2a: Incineroar|30/100
|move|p2b: Garchomp|Rock Slide|p1a: Altaria|[spread] p1a,p1b
|-supereffective|p1b: Talonflame|2
|-damage|p1a: Altaria|38/100
|-damage|p1b: Talonflame|0 fnt
|faint|p1b: Talonflame
|-damage|p2b: Garchomp|80/100|[from] item: Life Orb
|
|-weather|SunnyDay|[upkeep]
|upkeep
|
|t:|1784634777
|switch|p1b: Garchomp|Garchomp, L50, F|100/100
|turn|5
|
|t:|1784634784
|move|p2a: Incineroar|Fake Out|p1b: Garchomp
|-damage|p1b: Garchomp|88/100
|-damage|p2a: Incineroar|18/100|[from] ability: Rough Skin|[of] p1b: Garchomp
|move|p1a: Altaria|Double-Edge|p2b: Garchomp
|-supereffective|p2b: Garchomp|1
|-damage|p2b: Garchomp|0 fnt
|-damage|p1a: Altaria|25/100|[from] ability: Rough Skin|[of] p2b: Garchomp
|faint|p2b: Garchomp
|-damage|p1a: Altaria|0 fnt|[from] Recoil
|faint|p1a: Altaria
|cant|p1b: Garchomp|flinch
|
|-weather|SunnyDay|[upkeep]
|upkeep
|
|t:|1784634800
|switch|p2b: Venusaur|Venusaur, L50, M|100/100
|switch|p1a: Vivillon|Vivillon-Ocean, L50, M|100/100
|turn|6
|
|t:|1784634814
|move|p2b: Venusaur|Protect|p2b: Venusaur
|-singleturn|p2b: Venusaur|Protect
|move|p1a: Vivillon|Rage Powder|p1a: Vivillon
|-singleturn|p1a: Vivillon|move: Rage Powder
|move|p1b: Garchomp|Rock Slide|p2a: Incineroar|[spread] p2a
|-activate|p2b: Venusaur|move: Protect
|-supereffective|p2a: Incineroar|1
|-damage|p2a: Incineroar|0 fnt
|faint|p2a: Incineroar
|-damage|p1b: Garchomp|78/100|[from] item: Life Orb
|
|-weather|SunnyDay|[upkeep]
|-sideend|p1: Ahsanul|move: Tailwind
|upkeep
|
|t:|1784634825
|switch|p2a: Charizard|Charizard-Mega-Y, L50, F|100/100
|turn|7
|
|t:|1784634841
|move|p1b: Garchomp|Protect|p1b: Garchomp
|-singleturn|p1b: Garchomp|Protect
|move|p2b: Venusaur|Leaf Storm|p1b: Garchomp
|-activate|p1b: Garchomp|move: Protect
|move|p1a: Vivillon|Hurricane|p2b: Venusaur
|-supereffective|p2b: Venusaur|1
|-damage|p2b: Venusaur|1/100
|move|p2a: Charizard|Heat Wave|p1a: Vivillon|[spread] p1a
|-activate|p1b: Garchomp|move: Protect
|-supereffective|p1a: Vivillon|1
|-enditem|p1a: Vivillon|Focus Sash
|-damage|p1a: Vivillon|1/100
|
|-weather|none
|upkeep
|turn|8
|
|t:|1784634860
|move|p1a: Vivillon|Rage Powder|p1a: Vivillon
|-singleturn|p1a: Vivillon|move: Rage Powder
|move|p1b: Garchomp|Rock Slide|p2a: Charizard|[spread] p2b
|-miss|p1b: Garchomp|p2a: Charizard
|-damage|p2b: Venusaur|0 fnt
|faint|p2b: Venusaur
|-damage|p1b: Garchomp|69/100|[from] item: Life Orb
|move|p2a: Charizard|Heat Wave|p1a: Vivillon|[spread] p1a,p1b
|-supereffective|p1a: Vivillon|1
|-resisted|p1b: Garchomp|1
|-damage|p1a: Vivillon|0 fnt
|-damage|p1b: Garchomp|45/100
|faint|p1a: Vivillon
|
|upkeep
|turn|9
|
|t:|1784634890
|move|p2a: Charizard|Protect|p2a: Charizard
|-singleturn|p2a: Charizard|Protect
|move|p1b: Garchomp|Rock Slide|p2a: Charizard
|-activate|p2a: Charizard|move: Protect
|
|upkeep
|turn|10
|inactive|Battle timer is ON: inactive players will automatically lose when time's up. (requested by Ahsanul)
|
|t:|1784634903
|move|p1b: Garchomp|Rock Slide|p2a: Charizard|[miss]
|-miss|p1b: Garchomp|p2a: Charizard
|move|p2a: Charizard|Heat Wave|p1b: Garchomp
|-resisted|p1b: Garchomp|1
|-damage|p1b: Garchomp|15/100
|
|upkeep
|turn|11
|
|t:|1784634910
|move|p1b: Garchomp|Rock Slide|p2a: Charizard
|-supereffective|p2a: Charizard|2
|-damage|p2a: Charizard|0 fnt
|faint|p2a: Charizard
|-damage|p1b: Garchomp|5/100|[from] item: Life Orb
|
|win|Ahsanul
|raw|Ahsanul's rating: 1000 → 1043(+43 for winning)
|raw|FizzureX's rating: 1025 → 1010(-15 for losing)
