|j|☆Wilk0__
|j|☆rurik2
|html|Wilk0__rurik2    
|uhtml|bestof|Game 1 of a best-of-3
|t:|1782378176
|gametype|doubles
|player|p1|Wilk0__|1|1000
|player|p2|rurik2|hugh|1057
|gen|9
|tier|[Gen 9 Champions] VGC 2026 Reg M-B (Bo3)
|rated|
|rule|Species Clause: Limit one of each Pokémon
|rule|Item Clause: Limit 1 of each item
|clearpoke
|poke|p1|Whimsicott, L50, M|
|poke|p1|Sneasler, L50, M|
|poke|p1|Staraptor, L50, F|
|poke|p1|Gholdengo, L50|
|poke|p1|Garchomp, L50, M|
|poke|p1|Kingambit, L50, F|
|poke|p2|Farigiraf, L50, F|
|poke|p2|Gallade, L50, M|
|poke|p2|Torkoal, L50, M|
|poke|p2|Hatterene, L50, F|
|poke|p2|Kangaskhan, L50, F|
|poke|p2|Blastoise, L50, M|
|teampreview|4
|showteam|p1|Whimsicott||FocusSash|Prankster|Tailwind,Charm,FakeTears,Moonblast|Calm||M|||50|]Sneasler||WhiteHerb|Unburden|Protect,FakeOut,DireClaw,CloseCombat|Jolly||M|||50|]Staraptor||Staraptite|Intimidate|Protect,Roost,BraveBird,CloseCombat|Jolly||F|||50|]Gholdengo||MetalCoat|GoodasGold|Protect,NastyPlot,ShadowBall,MakeItRain|Modest|||||50|]Garchomp||LifeOrb|RoughSkin|Protect,Earthquake,RockSlide,DragonClaw|Jolly||M|||50|]Kingambit||ChopleBerry|Defiant|Protect,IronHead,SuckerPunch,KowtowCleave|Adamant||F|||50|
|showteam|p2|Farigiraf||ColburBerry|ArmorTail|ExpandingForce,TrickRoom,RainDance,PsychicTerrain|Sassy||F|||50|]Gallade||FocusSash|Sharpness|PsychoCut,SacredSword,TrickRoom,WideGuard|Brave||M|||50|]Torkoal||Charcoal|Drought|Eruption,WeatherBall,EarthPower,Protect|Quiet||M|||50|]Hatterene||LifeOrb|MagicBounce|DazzlingGleam,ExpandingForce,TrickRoom,Protect|Quiet||F|||50|]Kangaskhan||SilkScarf|Scrappy|FakeOut,LastResort|Brave||F|||50|]Blastoise||Blastoisinite|Torrent|FakeOut,Protect,DarkPulse,WaterSpout|Quiet||M|||50|
|inactive|Battle timer is ON: inactive players will automatically lose when time's up. (requested by rurik2)
|
|t:|1782378241
|teamsize|p1|4
|teamsize|p2|4
|start
|switch|p1a: Gholdengo|Gholdengo, L50|100/100
|switch|p1b: Kingambit|Kingambit, L50, F|100/100
|switch|p2a: Farigiraf|Farigiraf, L50, F|100/100
|switch|p2b: Kangaskhan|Kangaskhan, L50, F|100/100
|turn|1
|inactive|Wilk0__ has 30 seconds left.
|
|t:|1782378269
|move|p1b: Kingambit|Protect|p1b: Kingambit
|-singleturn|p1b: Kingambit|Protect
|move|p2b: Kangaskhan|Fake Out|p1a: Gholdengo
|-resisted|p1a: Gholdengo|1
|-damage|p1a: Gholdengo|86/100
|cant|p1a: Gholdengo|flinch
|move|p2a: Farigiraf|Trick Room|p2a: Farigiraf
|-fieldstart|move: Trick Room|[of] p2a: Farigiraf
|
|upkeep
|turn|2
|
|t:|1782378287
|move|p1b: Kingambit|Kowtow Cleave|p2a: Farigiraf
|-supereffective|p2a: Farigiraf|1
|-enditem|p2a: Farigiraf|Colbur Berry|[eat]
|-enditem|p2a: Farigiraf|Colbur Berry|[weaken]
|-damage|p2a: Farigiraf|57/100
|move|p2a: Farigiraf|Psychic Terrain|p2a: Farigiraf
|-fieldstart|move: Psychic Terrain
|move|p2b: Kangaskhan|Last Resort|p1a: Gholdengo
|-resisted|p1a: Gholdengo|1
|-damage|p1a: Gholdengo|39/100
|move|p1a: Gholdengo|Nasty Plot|p1a: Gholdengo
|-boost|p1a: Gholdengo|spa|2
|
|upkeep
|turn|3
|
|t:|1782378305
|move|p1a: Gholdengo|Protect|p1a: Gholdengo
|-singleturn|p1a: Gholdengo|Protect
|move|p1b: Kingambit|Kowtow Cleave|p2b: Kangaskhan
|-damage|p2b: Kangaskhan|51/100
|move|p2a: Farigiraf|Expanding Force|p1b: Kingambit|[spread] 
|-activate|p1a: Gholdengo|move: Protect
|-immune|p1b: Kingambit
|move|p2b: Kangaskhan|Last Resort|p1b: Kingambit
|-resisted|p1b: Kingambit|1
|-damage|p1b: Kingambit|71/100
|
|upkeep
|turn|4
|inactive|Wilk0__ has 30 seconds left.
|inactive|rurik2 has 30 seconds left.
|
|t:|1782378342
|switch|p2a: Torkoal|Torkoal, L50, M|100/100
|-weather|SunnyDay|[from] ability: Drought|[of] p2a: Torkoal
|move|p1b: Kingambit|Iron Head|p2a: Torkoal
|-resisted|p2a: Torkoal|1
|-damage|p2a: Torkoal|80/100
|move|p2b: Kangaskhan|Last Resort|p1a: Gholdengo
|-resisted|p1a: Gholdengo|1
|-damage|p1a: Gholdengo|0 fnt
|faint|p1a: Gholdengo
|
|-weather|SunnyDay|[upkeep]
|upkeep
|
|t:|1782378355
|switch|p1a: Staraptor|Staraptor, L50, F|100/100
|-ability|p1a: Staraptor|Intimidate|boost
|-unboost|p2a: Torkoal|atk|1
|-fail|p2b: Kangaskhan|unboost|Attack|[from] ability: Scrappy|[of] p2b: Kangaskhan
|turn|5
|
|t:|1782378363
|switch|p2a: Hatterene|Hatterene, L50, F|100/100
|switch|p2b: Farigiraf|Farigiraf, L50, F|57/100
|move|p1b: Kingambit|Protect|p1b: Kingambit
|-singleturn|p1b: Kingambit|Protect
|move|p1a: Staraptor|Protect||[still]
|-fail|p1a: Staraptor
|
|-weather|SunnyDay|[upkeep]
|-fieldend|move: Trick Room
|upkeep
|turn|6
|
|t:|1782378387
|detailschange|p1a: Staraptor|Staraptor-Mega, L50, F
|-mega|p1a: Staraptor|Staraptor|Staraptite
|move|p1a: Staraptor|Brave Bird|p2a: Hatterene
|-damage|p2a: Hatterene|25/100
|-damage|p1a: Staraptor|74/100|[from] Recoil
|move|p1b: Kingambit|Iron Head|p2a: Hatterene
|-supereffective|p2a: Hatterene|1
|-damage|p2a: Hatterene|0 fnt
|faint|p2a: Hatterene
|move|p2b: Farigiraf|Trick Room|p2b: Farigiraf
|-fieldstart|move: Trick Room|[of] p2b: Farigiraf
|
|-weather|SunnyDay|[upkeep]
|-fieldend|move: Psychic Terrain
|upkeep
|
|t:|1782378401
|switch|p2a: Torkoal|Torkoal, L50, M|80/100
|turn|7
|
|t:|1782378413
|move|p1a: Staraptor|Protect|p1a: Staraptor
|-singleturn|p1a: Staraptor|Protect
|move|p2a: Torkoal|Eruption|p1b: Kingambit|[spread] p1b
|-activate|p1a: Staraptor|move: Protect
|-supereffective|p1b: Kingambit|1
|-damage|p1b: Kingambit|0 fnt
|faint|p1b: Kingambit
|move|p2b: Farigiraf|Psychic Terrain|p2b: Farigiraf
|-fieldstart|move: Psychic Terrain
|
|-weather|SunnyDay|[upkeep]
|upkeep
|
|t:|1782378424
|switch|p1b: Garchomp|Garchomp, L50, M|100/100
|turn|8
|
|t:|1782378433
|move|p2a: Torkoal|Eruption|p1b: Garchomp|[spread] p1a,p1b
|-resisted|p1b: Garchomp|1
|-damage|p1a: Staraptor|0 fnt
|-damage|p1b: Garchomp|57/100
|faint|p1a: Staraptor
|move|p2b: Farigiraf|Expanding Force|p1b: Garchomp
|-damage|p1b: Garchomp|0 fnt
|faint|p1b: Garchomp
|
|win|rurik2
||Wilk0__ is ready for game 2.
