|j|☆Its Sushiii
|j|☆EchoShadowYT
|html|Its SushiiiEchoShadowYT    
|uhtml|bestof|Game 2 of a best-of-3
|t:|1783711680
|gametype|doubles
|player|p1|Its Sushiii|265|1375
|player|p2|EchoShadowYT|skierf|1319
|gen|9
|tier|[Gen 9 Champions] VGC 2026 Reg M-B (Bo3)
|rated|
|rule|Species Clause: Limit one of each Pokémon
|rule|Item Clause: Limit 1 of each item
|clearpoke
|poke|p1|Kingambit, L50, M|
|poke|p1|Charizard, L50, F|
|poke|p1|Aerodactyl, L50, M|
|poke|p1|Farigiraf, L50, F|
|poke|p1|Sylveon, L50, M|
|poke|p1|Greninja, L50, M|
|poke|p2|Delphox, L50, M|
|poke|p2|Sneasler, L50, F|
|poke|p2|Floette-Eternal, L50, F|
|poke|p2|Kingambit, L50, F|
|poke|p2|Incineroar, L50, F|
|poke|p2|Sinistcha, L50|
|teampreview|4
|showteam|p1|Kingambit||FocusSash|Defiant|KowtowCleave,IronHead,SuckerPunch,LowKick|Adamant||M|||50|]Charizard||CharizarditeY|Blaze|HeatWave,SolarBeam,WeatherBall,Protect|Modest||F|||50|]Aerodactyl||Aerodactylite|Unnerve|RockSlide,DualWingbeat,IceFang,Tailwind|Jolly||M|||50|]Farigiraf||SitrusBerry|ArmorTail|TwinBeam,Thunderbolt,TrickRoom,Protect|Bold||F|||50|]Sylveon||FairyFeather|Pixilate|HyperVoice,HyperBeam,QuickAttack,Detect|Modest||M|||50|]Greninja||ChoiceScarf|Protean|HydroPump,IcyWind,IceBeam,LowKick|Modest||M|||50|
|showteam|p2|Delphox||Delphoxite|Blaze|HeatWave,Psyshock,NastyPlot,Protect|Timid||M|||50|]Sneasler||FocusSash|PoisonTouch|DireClaw,CloseCombat,FakeOut,Protect|Jolly||F|||50|]Floette-Eternal||Floettite|FlowerVeil|DazzlingGleam,DrainingKiss,CalmMind,Protect|Modest||F|||50|]Kingambit||BlackGlasses|Defiant|KowtowCleave,SuckerPunch,SwordsDance,Protect|Adamant||F|||50|]Incineroar||SitrusBerry|Intimidate|ThroatChop,FlareBlitz,PartingShot,FakeOut|Impish||F|||50|]Sinistcha||KasibBerry|Hospitality|MatchaGotcha,RagePowder,TrickRoom,Protect|Calm|||||50|
|inactive|Battle timer is ON: inactive players will automatically lose when time's up. (requested by EchoShadowYT)
|
|t:|1783711695
|teamsize|p1|4
|teamsize|p2|4
|start
|switch|p1a: Aerodactyl|Aerodactyl, L50, M|100/100
|switch|p1b: Kingambit|Kingambit, L50, M|100/100
|switch|p2a: Delphox|Delphox, L50, M|100/100
|switch|p2b: Incineroar|Incineroar, L50, F|100/100
|-ability|p1a: Aerodactyl|Unnerve
|-ability|p2b: Incineroar|Intimidate|boost
|-unboost|p1a: Aerodactyl|atk|1
|-unboost|p1b: Kingambit|atk|1
|-ability|p1b: Kingambit|Defiant|boost
|-boost|p1b: Kingambit|atk|2
|turn|1
|inactive|Its Sushiii has 30 seconds left.
|
|t:|1783711724
|switch|p1a: Farigiraf|Farigiraf, L50, F|100/100
|switch|p2a: Sneasler|Sneasler, L50, F|100/100
|move|p1b: Kingambit|Kowtow Cleave|p2a: Sneasler
|-resisted|p2a: Sneasler|1
|-damage|p2a: Sneasler|41/100
|move|p2b: Incineroar|Flare Blitz|p1b: Kingambit
|-supereffective|p1b: Kingambit|1
|-damage|p1b: Kingambit|17/100
|-damage|p2b: Incineroar|76/100|[from] Recoil
|
|upkeep
|turn|2
|inactive|Its Sushiii has 30 seconds left.
|
|t:|1783711753
|switch|p2a: Delphox|Delphox, L50, M|100/100
|move|p1b: Kingambit|Low Kick|p2b: Incineroar
|-supereffective|p2b: Incineroar|1
|-damage|p2b: Incineroar|3/100
|-enditem|p2b: Incineroar|Sitrus Berry|[eat]
|-heal|p2b: Incineroar|28/100|[from] item: Sitrus Berry
|move|p2b: Incineroar|Flare Blitz|p1b: Kingambit
|-supereffective|p1b: Kingambit|1
|-damage|p1b: Kingambit|0 fnt
|faint|p1b: Kingambit
|-damage|p2b: Incineroar|23/100|[from] Recoil
|move|p1a: Farigiraf|Trick Room|p1a: Farigiraf
|-fieldstart|move: Trick Room|[of] p1a: Farigiraf
|
|upkeep
|
|t:|1783711770
|switch|p1b: Aerodactyl|Aerodactyl, L50, M|100/100
|-ability|p1b: Aerodactyl|Unnerve
|turn|3
|
|t:|1783711787
|detailschange|p2a: Delphox|Delphox-Mega, L50, M
|-mega|p2a: Delphox|Delphox|Delphoxite
|move|p2b: Incineroar|Throat Chop|p1b: Aerodactyl
|-damage|p1b: Aerodactyl|58/100
|-start|p1b: Aerodactyl|Throat Chop|[silent]
|move|p1a: Farigiraf|Thunderbolt|p2a: Delphox
|-damage|p2a: Delphox|79/100
|move|p1b: Aerodactyl|Rock Slide|p2a: Delphox|[spread] p2a,p2b
|-supereffective|p2a: Delphox|1
|-supereffective|p2b: Incineroar|1
|-damage|p2a: Delphox|18/100
|-damage|p2b: Incineroar|0 fnt
|faint|p2b: Incineroar
|cant|p2a: Delphox|flinch
|
|upkeep
|
|t:|1783711800
|switch|p2b: Sinistcha|Sinistcha, L50|100/100
|-heal|p2a: Delphox|43/100|[from] ability: Hospitality|[of] p2b: Sinistcha
|turn|4
|inactive|Its Sushiii has 30 seconds left.
|
|t:|1783711832
|move|p2a: Delphox|Protect|p2a: Delphox
|-singleturn|p2a: Delphox|Protect
|move|p1a: Farigiraf|Twin Beam|p2b: Sinistcha
|-damage|p2b: Sinistcha|86/100
|-damage|p2b: Sinistcha|73/100
|-hitcount|p2b: Sinistcha|2
|move|p2b: Sinistcha|Matcha Gotcha|p1b: Aerodactyl|[spread] p1a,p1b
|-damage|p1a: Farigiraf|79/100
|-heal|p2b: Sinistcha|85/100|[from] drain|[of] p1a: Farigiraf
|-damage|p1b: Aerodactyl|29/100
|-heal|p2b: Sinistcha|100/100|[from] drain|[of] p1b: Aerodactyl
|move|p1b: Aerodactyl|Dual Wingbeat|p2b: Sinistcha|[miss]
|-miss|p1b: Aerodactyl|p2b: Sinistcha
|
|-end|p1b: Aerodactyl|Throat Chop|[silent]
|upkeep
|turn|5
|
|t:|1783711856
|switch|p2a: Sneasler|Sneasler, L50, F|41/100
|move|p1a: Farigiraf|Twin Beam|p2a: Sneasler
|-supereffective|p2a: Sneasler|2
|-damage|p2a: Sneasler|0 fnt
|faint|p2a: Sneasler
|-hitcount|p2: Sneasler|1
|move|p2b: Sinistcha|Matcha Gotcha|p1b: Aerodactyl|[spread] p1a,p1b
|-damage|p1a: Farigiraf|59/100
|-damage|p1b: Aerodactyl|1/100
|move|p1b: Aerodactyl|Rock Slide|p2b: Sinistcha
|-damage|p2b: Sinistcha|76/100
|
|upkeep
|
|t:|1783711870
|switch|p2a: Delphox|Delphox-Mega, L50, M|43/100
|turn|6
|inactive|Its Sushiii has 30 seconds left.
|
|t:|1783711898
|switch|p1b: Charizard|Charizard, L50, F|100/100
|move|p1a: Farigiraf|Protect|p1a: Farigiraf
|-singleturn|p1a: Farigiraf|Protect
|move|p2a: Delphox|Protect|p2a: Delphox
|-singleturn|p2a: Delphox|Protect
|move|p2b: Sinistcha|Matcha Gotcha|p1a: Farigiraf|[spread] p1b
|-activate|p1a: Farigiraf|move: Protect
|-resisted|p1b: Charizard|2
|-damage|p1b: Charizard|92/100
|-heal|p2b: Sinistcha|80/100|[from] drain|[of] p1b: Charizard
|
|-fieldend|move: Trick Room
|upkeep
|turn|7
|
|t:|1783711917
|move|p1b: Charizard|Protect|p1b: Charizard
|-singleturn|p1b: Charizard|Protect
|move|p2b: Sinistcha|Rage Powder|p2b: Sinistcha
|-singleturn|p2b: Sinistcha|move: Rage Powder
|move|p2a: Delphox|Heat Wave|p1b: Charizard|[spread] p1a
|-activate|p1b: Charizard|move: Protect
|-damage|p1a: Farigiraf|24/100
|-enditem|p1a: Farigiraf|Sitrus Berry|[eat]
|-heal|p1a: Farigiraf|49/100|[from] item: Sitrus Berry
|move|p1a: Farigiraf|Trick Room|p1a: Farigiraf
|-fieldstart|move: Trick Room|[of] p1a: Farigiraf
|
|upkeep
|turn|8
|
|t:|1783711937
|detailschange|p1b: Charizard|Charizard-Mega-Y, L50, F
|-mega|p1b: Charizard|Charizard|Charizardite Y
|-weather|SunnyDay|[from] ability: Drought|[of] p1b: Charizard
|move|p2b: Sinistcha|Protect|p2b: Sinistcha
|-singleturn|p2b: Sinistcha|Protect
|move|p1a: Farigiraf|Twin Beam|p2a: Delphox
|-resisted|p2a: Delphox|1
|-damage|p2a: Delphox|37/100
|-resisted|p2a: Delphox|1
|-damage|p2a: Delphox|29/100
|-hitcount|p2a: Delphox|2
|move|p1b: Charizard|Heat Wave|p2a: Delphox|[spread] p2a
|-activate|p2b: Sinistcha|move: Protect
|-resisted|p2a: Delphox|1
|-damage|p2a: Delphox|0 fnt
|faint|p2a: Delphox
|
|-weather|SunnyDay|[upkeep]
|upkeep
|turn|9
|-message|EchoShadowYT forfeited.
|
|win|Its Sushiii
||Its Sushiii is ready for game 3.
||EchoShadowYT is ready for game 3.
|uhtml|next|Next: Game 3 of 3
