|j|☆Welosethose!
|j|☆WILLIWONKINEITOR
|html|Welosethose!WILLIWONKINEITOR    
|uhtml|bestof|Game 1 of a best-of-3
|t:|1756505661
|gametype|doubles
|player|p1|Welosethose!|hilbert|1122
|player|p2|WILLIWONKINEITOR|101|1116
|gen|9
|tier|[Gen 9] VGC 2025 Reg H (Bo3)
|rated|
|rule|Species Clause: Limit one of each Pokémon
|rule|Item Clause: Limit 1 of each item
|clearpoke
|poke|p1|Archaludon, L50, F|
|poke|p1|Whimsicott, L50, F|
|poke|p1|Dragapult, L50, M|
|poke|p1|Sylveon, L50, M|
|poke|p1|Rillaboom, L50, M|
|poke|p1|Incineroar, L50, M|
|poke|p2|Porygon2, L50|
|poke|p2|Incineroar, L50, F|
|poke|p2|Ursaluna, L50, M|
|poke|p2|Jumpluff, L50, M|
|poke|p2|Charizard, L50, M|
|poke|p2|Torkoal, L50, M|
|teampreview|4
|showteam|p1|Archaludon||PowerHerb|Stalwart|ElectroShot,DracoMeteor,Thunderbolt,Protect|||F|||50|,,,,,Electric]Whimsicott||FocusSash|Prankster|Tailwind,Moonblast,Endeavor,Encore|||F|||50|,,,,,Ghost]Dragapult||ChoiceBand|ClearBody|DragonDarts,Outrage,TeraBlast,Uturn|||M|||50|,,,,,Ghost]Sylveon||GrassySeed|Pixilate|Protect,CalmMind,HyperVoice,TeraBlast|||M|||50|,,,,,Fire]Rillaboom||AssaultVest|GrassySurge|FakeOut,HighHorsepower,GrassyGlide,WoodHammer|||M|||50|,,,,,Poison]Incineroar||SafetyGoggles|Intimidate|Taunt,PartingShot,FakeOut,KnockOff|||M|||50|,,,,,Ghost
|showteam|p2|Porygon2||Eviolite|Download|TeraBlast,IceBeam,TrickRoom,Recover||||||50|,,,,,Fighting]Incineroar||SitrusBerry|Intimidate|FakeOut,KnockOff,FlareBlitz,PartingShot|||F|||50|,,,,,Ghost]Ursaluna||FlameOrb|Guts|HeadlongRush,Facade,Earthquake,Protect|||M|||50|,,,,,Ghost]Jumpluff||CovertCloak|Chlorophyll|RagePowder,SunnyDay,Tailwind,SleepPowder|||M|||50|,,,,,Fire]Charizard||ChoiceSpecs|SolarPower|HeatWave,SolarBeam,WeatherBall,DragonPulse|||M|||50|,,,,,Ghost]Torkoal||EjectPack|Drought|Overheat,Eruption,HelpingHand,Protect|||M|||50|,,,,,Fire
|inactive|Battle timer is ON: inactive players will automatically lose when time's up. (requested by WILLIWONKINEITOR)
|inactive|Welosethose! has 60 seconds left.
|
|t:|1756505716
|teamsize|p1|4
|teamsize|p2|4
|start
|switch|p1a: Whimsicott|Whimsicott, L50, F|100/100
|switch|p1b: Shaobey|Sylveon, L50, M, shiny|100/100
|switch|p2a: Charizard|Charizard, L50, M|100/100
|switch|p2b: Torkoal|Torkoal, L50, M|100/100
|-weather|SunnyDay|[from] ability: Drought|[of] p2b: Torkoal
|turn|1
|inactive|Welosethose! has 30 seconds left.
|
|t:|1756505742
|switch|p1a: Komba|Incineroar, L50, M|100/100
|-ability|p1a: Komba|Intimidate|boost
|-unboost|p2a: Charizard|atk|1
|-unboost|p2b: Torkoal|atk|1
|-enditem|p2b: Torkoal|Eject Pack
|
|t:|1756505749
|switch|p2b: Jumpluff|Jumpluff, L50, M|100/100
|-terastallize|p1b: Shaobey|Fire
|move|p2a: Charizard|Heat Wave|p1a: Komba|[spread] p1a,p1b
|-resisted|p1a: Komba
|-resisted|p1b: Shaobey
|-crit|p1b: Shaobey
|-damage|p1a: Komba|50/100
|-damage|p1b: Shaobey|30/100
|move|p1b: Shaobey|Calm Mind|p1b: Shaobey
|-boost|p1b: Shaobey|spa|1
|-boost|p1b: Shaobey|spd|1
|
|-weather|SunnyDay|[upkeep]
|-damage|p2a: Charizard|88/100|[from] ability: Solar Power|[of] p2a: Charizard
|upkeep
|turn|2
|inactive|Welosethose! has 30 seconds left.
|inactive|Welosethose! has 20 seconds left.
|inactive|Welosethose! has 15 seconds left.
|
|t:|1756505789
|-terastallize|p2a: Charizard|Ghost
|move|p1a: Komba|Fake Out|p2a: Charizard
|-immune|p2a: Charizard
|move|p2b: Jumpluff|Sleep Powder|p1b: Shaobey|[miss]
|-miss|p2b: Jumpluff|p1b: Shaobey
|move|p2a: Charizard|Heat Wave|p1a: Komba|[spread] p1a,p1b
|-resisted|p1a: Komba
|-resisted|p1b: Shaobey
|-damage|p1a: Komba|0 fnt
|-damage|p1b: Shaobey|0 fnt
|faint|p1a: Komba
|faint|p1b: Shaobey
|
|-weather|SunnyDay|[upkeep]
|-damage|p2a: Charizard|76/100|[from] ability: Solar Power|[of] p2a: Charizard
|upkeep
|
|t:|1756505791
|switch|p1b: Dragapult|Dragapult, L50, M|100/100
|switch|p1a: Whimsicott|Whimsicott, L50, F|100/100
|turn|3
|
|t:|1756505815
|switch|p2a: Ursaluna|Ursaluna, L50, M|100/100
|move|p1a: Whimsicott|Tailwind|p1a: Whimsicott
|-sidestart|p1: Welosethose!|move: Tailwind
|move|p1b: Dragapult|Dragon Darts|p2a: Ursaluna
|-crit|p2a: Ursaluna
|-damage|p2a: Ursaluna|57/100
|-anim|p1b: Dragapult|Dragon Darts|p2b: Jumpluff
|-damage|p2b: Jumpluff|59/100
|move|p2b: Jumpluff|Tailwind|p2b: Jumpluff
|-sidestart|p2: WILLIWONKINEITOR|move: Tailwind
|
|-weather|SunnyDay|[upkeep]
|-status|p2a: Ursaluna|brn|[from] item: Flame Orb
|upkeep
|turn|4
|
|t:|1756505839
|move|p2b: Jumpluff|Sleep Powder|p1b: Dragapult
|-status|p1b: Dragapult|slp|[from] move: Sleep Powder
|cant|p1b: Dragapult|slp
|move|p1a: Whimsicott|Moonblast|p2a: Ursaluna
|-damage|p2a: Ursaluna|27/100 brn
|-unboost|p2a: Ursaluna|spa|1
|move|p2a: Ursaluna|Earthquake|p1a: Whimsicott|[spread] p1a,p1b
|-immune|p2b: Jumpluff
|-resisted|p1a: Whimsicott
|-damage|p1a: Whimsicott|53/100
|-damage|p1b: Dragapult|8/100 slp
|
|-weather|SunnyDay|[upkeep]
|-damage|p2a: Ursaluna|21/100 brn|[from] brn
|upkeep
|turn|5
|
|t:|1756505858
|switch|p2b: Charizard|Charizard, L50, M, tera:Ghost|76/100
|move|p2a: Ursaluna|Protect|p2a: Ursaluna
|-singleturn|p2a: Ursaluna|Protect
|cant|p1b: Dragapult|slp
|move|p1a: Whimsicott|Moonblast|p2a: Ursaluna
|-activate|p2a: Ursaluna|move: Protect
|
|-weather|none
|-damage|p2a: Ursaluna|15/100 brn|[from] brn
|upkeep
|turn|6
|
|t:|1756505868
|switch|p2a: Torkoal|Torkoal, L50, M|100/100
|-weather|SunnyDay|[from] ability: Drought|[of] p2a: Torkoal
|move|p1a: Whimsicott|Encore||[still]
|-fail|p1a: Whimsicott
|cant|p1b: Dragapult|slp
|move|p2b: Charizard|Heat Wave|p1b: Dragapult|[spread] p1a,p1b
|-supereffective|p1a: Whimsicott
|-resisted|p1b: Dragapult
|-damage|p1a: Whimsicott|0 fnt
|-damage|p1b: Dragapult|0 fnt
|faint|p1a: Whimsicott
|faint|p1b: Dragapult
|
|win|WILLIWONKINEITOR
||Welosethose! is ready for game 2.
|inactive|WILLIWONKINEITOR has 30 seconds to confirm battle start!
||WILLIWONKINEITOR is ready for game 2.
|uhtml|next|Next: Game 2 of 3
