|j|☆Ywise
|j|☆RadarUndetectable
|html|YwiseRadarUndetectable    
|uhtml|bestof|Game 2 of a best-of-3
|t:|1783536855
|gametype|doubles
|player|p1|Ywise|nita|
|player|p2|RadarUndetectable|dawn|
|gen|9
|tier|[Gen 9 Champions] VGC 2026 Reg M-B (Bo3)
|rule|Species Clause: Limit one of each Pokémon
|rule|Item Clause: Limit 1 of each item
|clearpoke
|poke|p1|Falinks, L50|
|poke|p1|Ninetales-Alola, L50, F|
|poke|p1|Tsareena, L50, F|
|poke|p1|Gholdengo, L50|
|poke|p1|Aerodactyl, L50, F|
|poke|p1|Maushold, L50|
|poke|p2|Meowscarada, L50, F|
|poke|p2|Raichu, L50, F|
|poke|p2|Pelipper, L50, M|
|poke|p2|Swampert, L50, F|
|poke|p2|Archaludon, L50, F|
|poke|p2|Drampa, L50, F|
|teampreview|4
|showteam|p1|Falinks||Falinksite|Defiant|NoRetreat,Protect,CloseCombat,RockSlide|Adamant|||||50|]Ninetales-Alola||FocusSash|SnowWarning|AuroraVeil,Blizzard,FreezeDry,Protect|Timid||F|||50|]Tsareena||ChoiceScarf|QueenlyMajesty|TropKick,LowKick,TripleAxel,Uturn|Jolly||F|||50|]Gholdengo||ColburBerry|GoodasGold|ShadowBall,MakeItRain,NastyPlot,Protect|Modest|||||50|]Aerodactyl||SharpBeak|RockHead|RockSlide,DualWingbeat,Tailwind,WideGuard|Jolly||F|||50|]Maushold||ChopleBerry|FriendGuard|Protect,FollowMe,Feint,HelpingHand|Impish|||||50|
|showteam|p2|Meowscarada||ChoiceScarf|Protean|FlowerTrick,Uturn,TripleAxel,KnockOff|Jolly||F|||50|]Raichu||RaichuniteX|LightningRod|RainDance,FakeOut,Electroweb,RisingVoltage|Modest||F|||50|]Pelipper||FocusSash|Drizzle|Hurricane,Tailwind,Soak,WideGuard|Timid||M|||50|]Swampert||Swampertite|Torrent|Earthquake,WaveCrash,PoisonJab,Protect|Adamant||F|||50|]Archaludon||Leftovers|Stalwart|ElectroShot,DracoMeteor,FlashCannon,Protect|Modest||F|||50|]Drampa||SitrusBerry|CloudNine|IcyWind,HyperVoice,Thunderbolt,Protect|Calm||F|||50|
|
|t:|1783536936
|teamsize|p1|4
|teamsize|p2|4
|start
|switch|p1a: THE BOIZ'S dog/cat|Ninetales-Alola, L50, F|100/100
|switch|p1b: THE BOIZ'S ARMOR|Gholdengo, L50|100/100
|switch|p2a: Pelipper|Pelipper, L50, M|100/100
|switch|p2b: Archaludon|Archaludon, L50, F|100/100
|-weather|Snowscape|[from] ability: Snow Warning|[of] p1a: THE BOIZ'S dog/cat
|-weather|RainDance|[from] ability: Drizzle|[of] p2a: Pelipper
|turn|1
|
|t:|1783536976
|move|p2a: Pelipper|Wide Guard|p2a: Pelipper
|-singleturn|p2a: Pelipper|Wide Guard
|move|p1a: THE BOIZ'S dog/cat|Freeze-Dry|p2a: Pelipper
|-supereffective|p2a: Pelipper|2
|-enditem|p2a: Pelipper|Focus Sash
|-damage|p2a: Pelipper|1/100
|move|p1b: THE BOIZ'S ARMOR|Shadow Ball|p2b: Archaludon
|-damage|p2b: Archaludon|53/100
|move|p2b: Archaludon|Electro Shot||[still]
|-prepare|p2b: Archaludon|Electro Shot
|-boost|p2b: Archaludon|spa|1
|-anim|p2b: Archaludon|Electro Shot|p1b: THE BOIZ'S ARMOR
|-damage|p1b: THE BOIZ'S ARMOR|28/100
|
|-weather|RainDance|[upkeep]
|-heal|p2b: Archaludon|59/100|[from] item: Leftovers
|upkeep
|turn|2
|
|t:|1783537023
|move|p1b: THE BOIZ'S ARMOR|Protect|p1b: THE BOIZ'S ARMOR
|-singleturn|p1b: THE BOIZ'S ARMOR|Protect
|move|p1a: THE BOIZ'S dog/cat|Freeze-Dry|p2a: Pelipper
|-supereffective|p2a: Pelipper|2
|-damage|p2a: Pelipper|0 fnt
|faint|p2a: Pelipper
|move|p2b: Archaludon|Flash Cannon|p1a: THE BOIZ'S dog/cat
|-supereffective|p1a: THE BOIZ'S dog/cat|2
|-enditem|p1a: THE BOIZ'S dog/cat|Focus Sash
|-damage|p1a: THE BOIZ'S dog/cat|1/100
|
|-weather|RainDance|[upkeep]
|-heal|p2b: Archaludon|65/100|[from] item: Leftovers
|upkeep
|
|t:|1783537044
|switch|p2a: Meowscarada|Meowscarada, L50, F|100/100
|turn|3
|
|t:|1783537077
|switch|p1b: THE BOIZ|Falinks, L50|100/100
|move|p1a: THE BOIZ'S dog/cat|Protect|p1a: THE BOIZ'S dog/cat
|-singleturn|p1a: THE BOIZ'S dog/cat|Protect
|move|p2a: Meowscarada|Knock Off|p1b: THE BOIZ
|-start|p2a: Meowscarada|typechange|Dark|[from] ability: Protean
|-resisted|p1b: THE BOIZ|1
|-damage|p1b: THE BOIZ|83/100
|move|p2b: Archaludon|Electro Shot||[still]
|-prepare|p2b: Archaludon|Electro Shot
|-boost|p2b: Archaludon|spa|1
|-anim|p2b: Archaludon|Electro Shot|p1a: THE BOIZ'S dog/cat
|-activate|p1a: THE BOIZ'S dog/cat|move: Protect
|
|-weather|RainDance|[upkeep]
|-heal|p2b: Archaludon|72/100|[from] item: Leftovers
|upkeep
|turn|4
|
|t:|1783537113
|switch|p2a: Raichu|Raichu, L50, F|100/100
|switch|p1a: THE BOIZ'S wife|Tsareena, L50, F|100/100
|detailschange|p1b: THE BOIZ|Falinks-Mega, L50
|-mega|p1b: THE BOIZ|Falinks|Falinksite
|move|p2b: Archaludon|Protect|p2b: Archaludon
|-singleturn|p2b: Archaludon|Protect
|move|p1b: THE BOIZ|No Retreat|p1b: THE BOIZ
|-boost|p1b: THE BOIZ|atk|1
|-boost|p1b: THE BOIZ|def|1
|-boost|p1b: THE BOIZ|spa|1
|-boost|p1b: THE BOIZ|spd|1
|-boost|p1b: THE BOIZ|spe|1
|-start|p1b: THE BOIZ|move: No Retreat
|
|-weather|RainDance|[upkeep]
|-heal|p2b: Archaludon|78/100|[from] item: Leftovers
|upkeep
|turn|5
|
|t:|1783537179
|detailschange|p2a: Raichu|Raichu-Mega-X, L50, F
|-mega|p2a: Raichu|Raichu|Raichunite X
|-fieldstart|move: Electric Terrain|[from] ability: Electric Surge|[of] p2a: Raichu
|move|p1b: THE BOIZ|Close Combat|p2b: Archaludon
|-supereffective|p2b: Archaludon|1
|-damage|p2b: Archaludon|0 fnt
|-unboost|p1b: THE BOIZ|def|1
|-unboost|p1b: THE BOIZ|spd|1
|faint|p2b: Archaludon
|move|p1a: THE BOIZ'S wife|Low Kick|p2a: Raichu
|-damage|p2a: Raichu|75/100
|move|p2a: Raichu|Rising Voltage|p1b: THE BOIZ
|-hint|Rising Voltage's BP doubled on grounded target.
|-damage|p1b: THE BOIZ|0 fnt
|faint|p1b: THE BOIZ
|
|-weather|none
|upkeep
|
|t:|1783537199
|switch|p1b: THE BOIZ'S dog/cat|Ninetales-Alola, L50, F|1/100
|switch|p2b: Meowscarada|Meowscarada, L50, F|100/100
|-weather|Snowscape|[from] ability: Snow Warning|[of] p1b: THE BOIZ'S dog/cat
|turn|6
|
|t:|1783537278
|switch|p1a: THE BOIZ'S ARMOR|Gholdengo, L50|28/100
|move|p1b: THE BOIZ'S dog/cat|Protect|p1b: THE BOIZ'S dog/cat
|-singleturn|p1b: THE BOIZ'S dog/cat|Protect
|move|p2b: Meowscarada|Triple Axel|p1a: THE BOIZ'S ARMOR
|-start|p2b: Meowscarada|typechange|Ice|[from] ability: Protean
|-resisted|p1a: THE BOIZ'S ARMOR|1
|-damage|p1a: THE BOIZ'S ARMOR|22/100
|-resisted|p1a: THE BOIZ'S ARMOR|1
|-damage|p1a: THE BOIZ'S ARMOR|11/100
|-resisted|p1a: THE BOIZ'S ARMOR|1
|-damage|p1a: THE BOIZ'S ARMOR|0 fnt
|faint|p1a: THE BOIZ'S ARMOR
|-hitcount|p1: THE BOIZ'S ARMOR|3
|move|p2a: Raichu|Electroweb|p1b: THE BOIZ'S dog/cat
|-activate|p1b: THE BOIZ'S dog/cat|move: Protect
|
|-weather|Snowscape|[upkeep]
|upkeep
|
|t:|1783537296
|switch|p1a: THE BOIZ'S wife|Tsareena, L50, F|100/100
|turn|7
|j| clutcheye_.
|
|t:|1783537317
|move|p2b: Meowscarada|Triple Axel|p1a: THE BOIZ'S wife
|-supereffective|p1a: THE BOIZ'S wife|1
|-crit|p1a: THE BOIZ'S wife
|-damage|p1a: THE BOIZ'S wife|64/100
|-supereffective|p1a: THE BOIZ'S wife|1
|-damage|p1a: THE BOIZ'S wife|22/100
|-supereffective|p1a: THE BOIZ'S wife|1
|-damage|p1a: THE BOIZ'S wife|0 fnt
|faint|p1a: THE BOIZ'S wife
|-hitcount|p1: THE BOIZ'S wife|3
|move|p1b: THE BOIZ'S dog/cat|Blizzard|p2b: Meowscarada|[spread] p2a,p2b
|-crit|p2a: Raichu
|-resisted|p2b: Meowscarada|1
|-damage|p2a: Raichu|9/100
|-damage|p2b: Meowscarada|76/100
|move|p2a: Raichu|Electroweb|p1b: THE BOIZ'S dog/cat
|-damage|p1b: THE BOIZ'S dog/cat|0 fnt
|faint|p1b: THE BOIZ'S dog/cat
|
|win|RadarUndetectable
|l|☆Ywise
|player|p1|
|l| clutcheye_.
