|j|☆shiro_blast
|j|☆Gen4lover2
|html|shiro_blastGen4lover2    
|uhtml|bestof|Game 1 of a best-of-3
|t:|1785850161
|gametype|doubles
|player|p1|shiro_blast|170|1153
|player|p2|Gen4lover2|wallace|1243
|gen|9
|tier|[Gen 9 Champions] VGC 2026 Reg M-B (Bo3)
|rated|
|rule|Species Clause: Limit one of each Pokémon
|rule|Item Clause: Limit 1 of each item
|clearpoke
|poke|p1|Swampert, L50, F|
|poke|p1|Archaludon, L50, M|
|poke|p1|Tyranitar, L50, F|
|poke|p1|Pelipper, L50, F|
|poke|p1|Mawile, L50, M|
|poke|p1|Sinistcha-Masterpiece, L50|
|poke|p2|Tyranitar, L50, M|
|poke|p2|Excadrill, L50, F|
|poke|p2|Staraptor, L50, F|
|poke|p2|Milotic, L50, F|
|poke|p2|Gholdengo, L50|
|poke|p2|Sinistcha-Masterpiece, L50|
|teampreview|4
|showteam|p1|Swampert||Swampertite|Torrent|WaveCrash,FlipTurn,Earthquake,Protect|Adamant||F|||50|]Archaludon||Leftovers|Stamina|DragonPulse,ElectroShot,FlashCannon,Protect|Calm||M|||50|]Tyranitar||LifeOrb|SandStream|KnockOff,RockSlide,StompingTantrum,Protect|Jolly||F|||50|]Pelipper||FocusSash|Drizzle|Hurricane,HelpingHand,Tailwind,WideGuard|Timid||F|||50|]Mawile||Mawilite|Intimidate|SuckerPunch,PlayRough,SwordsDance,Protect|Adamant||M|||50|]Sinistcha-Masterpiece||CobaBerry|Hospitality|RagePowder,MatchaGotcha,TrickRoom,Protect|Calm|||||50|
|showteam|p2|Tyranitar||Tyranitarite|SandStream|RockSlide,KnockOff,LowKick,Protect|Adamant||M|||50|]Excadrill||FocusSash|SandRush|HighHorsepower,IronHead,RockSlide,Protect|Adamant||F|||50|]Staraptor||Staraptite|Intimidate|BraveBird,CloseCombat,Tailwind,Protect|Jolly||F|||50|]Milotic||SitrusBerry|Competitive|Scald,IceBeam,Recover,Protect|Modest||F|||50|]Gholdengo||LifeOrb|GoodasGold|MakeItRain,ShadowBall,NastyPlot,Protect|Modest|||||50|]Sinistcha-Masterpiece||ColburBerry|Hospitality|MatchaGotcha,RagePowder,TrickRoom,Protect|Relaxed|||||50|
|inactive|Battle timer is ON: inactive players will automatically lose when time's up. (requested by Gen4lover2)
|inactive|shiro_blast has 60 seconds left.
|inactive|Gen4lover2 has 60 seconds left.
|
|t:|1785850221
|teamsize|p1|4
|teamsize|p2|4
|start
|switch|p1a: Pelipper|Pelipper, L50, F|100/100
|switch|p1b: Archaludon|Archaludon, L50, M|100/100
|switch|p2a: Tyranitar|Tyranitar, L50, M|100/100
|switch|p2b: Staraptor|Staraptor, L50, F|100/100
|-ability|p2b: Staraptor|Intimidate|boost
|-unboost|p1a: Pelipper|atk|1
|-unboost|p1b: Archaludon|atk|1
|-weather|RainDance|[from] ability: Drizzle|[of] p1a: Pelipper
|-weather|Sandstorm|[from] ability: Sand Stream|[of] p2a: Tyranitar
|turn|1
|inactive|shiro_blast has 30 seconds left.
|
|t:|1785850248
|switch|p1b: Sinistcha|Sinistcha-Masterpiece, L50|100/100
|detailschange|p2b: Staraptor|Staraptor-Mega, L50, F
|-mega|p2b: Staraptor|Staraptor|Staraptite
|move|p1a: Pelipper|Wide Guard|p1a: Pelipper
|-singleturn|p1a: Pelipper|Wide Guard
|move|p2b: Staraptor|Close Combat|p1b: Sinistcha
|-immune|p1b: Sinistcha
|move|p2a: Tyranitar|Knock Off|p1a: Pelipper
|-damage|p1a: Pelipper|36/100
|-enditem|p1a: Pelipper|Focus Sash|[from] move: Knock Off|[of] p2a: Tyranitar
|
|-weather|Sandstorm|[upkeep]
|-damage|p2b: Staraptor|93/100|[from] Sandstorm
|-damage|p1a: Pelipper|30/100|[from] Sandstorm
|-damage|p1b: Sinistcha|93/100|[from] Sandstorm
|upkeep
|turn|2
|inactive|shiro_blast has 30 seconds left.
|inactive|Gen4lover2 has 30 seconds left.
|inactive|Gen4lover2 has 20 seconds left.
|
|t:|1785850288
|switch|p1a: Swampert|Swampert, L50, F|100/100
|move|p2b: Staraptor|Brave Bird|p1a: Swampert
|-damage|p1a: Swampert|36/100
|-damage|p2b: Staraptor|73/100|[from] Recoil
|move|p2a: Tyranitar|Knock Off|p1b: Sinistcha
|-supereffective|p1b: Sinistcha|1
|-damage|p1b: Sinistcha|4/100
|-enditem|p1b: Sinistcha|Coba Berry|[from] move: Knock Off|[of] p2a: Tyranitar
|move|p1b: Sinistcha|Trick Room|p1b: Sinistcha
|-fieldstart|move: Trick Room|[of] p1b: Sinistcha
|
|-weather|Sandstorm|[upkeep]
|-damage|p1b: Sinistcha|0 fnt|[from] Sandstorm
|-damage|p2b: Staraptor|67/100|[from] Sandstorm
|faint|p1b: Sinistcha
|upkeep
|
|t:|1785850309
|switch|p1b: Pelipper|Pelipper, L50, F|30/100
|-weather|RainDance|[from] ability: Drizzle|[of] p1b: Pelipper
|turn|3
|
|t:|1785850328
|switch|p2a: Sinistcha|Sinistcha-Masterpiece, L50|100/100
|-heal|p2b: Staraptor|92/100|[from] ability: Hospitality|[of] p2a: Sinistcha
|move|p1b: Pelipper|Helping Hand|p1a: Swampert
|-singleturn|p1a: Swampert|Helping Hand|[of] p1b: Pelipper
|move|p1a: Swampert|Wave Crash|p2a: Sinistcha
|-resisted|p2a: Sinistcha|1
|-damage|p2a: Sinistcha|42/100
|-damage|p1a: Swampert|17/100|[from] Recoil
|move|p2b: Staraptor|Close Combat|p1a: Swampert
|-damage|p1a: Swampert|0 fnt
|-boost|p2b: Staraptor|def|1
|-boost|p2b: Staraptor|spd|1
|faint|p1a: Swampert
|
|-weather|RainDance|[upkeep]
|upkeep
|
|t:|1785850347
|switch|p1a: Archaludon|Archaludon, L50, M|100/100
|turn|4
|
|t:|1785850360
|switch|p2a: Tyranitar|Tyranitar, L50, M|100/100
|-weather|Sandstorm|[from] ability: Sand Stream|[of] p2a: Tyranitar
|move|p1a: Archaludon|Flash Cannon|p2a: Tyranitar
|-supereffective|p2a: Tyranitar|1
|-damage|p2a: Tyranitar|58/100
|move|p1b: Pelipper|Hurricane|p2b: Staraptor
|-supereffective|p2b: Staraptor|1
|-damage|p2b: Staraptor|26/100
|move|p2b: Staraptor|Close Combat|p1a: Archaludon
|-supereffective|p1a: Archaludon|1
|-damage|p1a: Archaludon|23/100
|-boost|p2b: Staraptor|def|1
|-boost|p2b: Staraptor|spd|1
|-ability|p1a: Archaludon|Stamina|boost
|-boost|p1a: Archaludon|def|1
|
|-weather|Sandstorm|[upkeep]
|-damage|p1b: Pelipper|24/100|[from] Sandstorm
|-damage|p2b: Staraptor|20/100y|[from] Sandstorm
|-heal|p1a: Archaludon|30/100|[from] item: Leftovers
|upkeep
|turn|5
|inactive|shiro_blast has 30 seconds left.
|
|t:|1785850386
|switch|p2a: Sinistcha|Sinistcha-Masterpiece, L50|42/100
|-heal|p2b: Staraptor|45/100|[from] ability: Hospitality|[of] p2a: Sinistcha
|move|p1a: Archaludon|Flash Cannon|p2a: Sinistcha
|-damage|p2a: Sinistcha|11/100
|move|p1b: Pelipper|Hurricane|p2b: Staraptor
|-supereffective|p2b: Staraptor|1
|-damage|p2b: Staraptor|0 fnt
|faint|p2b: Staraptor
|
|-weather|Sandstorm|[upkeep]
|-damage|p2a: Sinistcha|5/100|[from] Sandstorm
|-damage|p1b: Pelipper|18/100|[from] Sandstorm
|-heal|p1a: Archaludon|36/100|[from] item: Leftovers
|upkeep
|
|t:|1785850400
|switch|p2b: Tyranitar|Tyranitar, L50, M|58/100
|turn|6
|
|t:|1785850411
|move|p2a: Sinistcha|Rage Powder|p2a: Sinistcha
|-singleturn|p2a: Sinistcha|move: Rage Powder
|move|p1a: Archaludon|Flash Cannon|p2a: Sinistcha
|-damage|p2a: Sinistcha|0 fnt
|faint|p2a: Sinistcha
|move|p2b: Tyranitar|Knock Off|p1a: Archaludon
|-damage|p1a: Archaludon|11/100
|-ability|p1a: Archaludon|Stamina|boost
|-boost|p1a: Archaludon|def|1
|-enditem|p1a: Archaludon|Leftovers|[from] move: Knock Off|[of] p2b: Tyranitar
|move|p1b: Pelipper|Hurricane|p2b: Tyranitar
|-resisted|p2b: Tyranitar|1
|-damage|p2b: Tyranitar|44/100
|
|-weather|Sandstorm|[upkeep]
|-damage|p1b: Pelipper|13/100|[from] Sandstorm
|-fieldend|move: Trick Room
|upkeep
|
|t:|1785850427
|switch|p2a: Excadrill|Excadrill, L50, F|100/100
|turn|7
|
|t:|1785850439
|move|p1a: Archaludon|Protect|p1a: Archaludon
|-singleturn|p1a: Archaludon|Protect
|move|p2a: Excadrill|High Horsepower|p1a: Archaludon
|-activate|p1a: Archaludon|move: Protect
|move|p1b: Pelipper|Hurricane|p2a: Excadrill
|-resisted|p2a: Excadrill|1
|-damage|p2a: Excadrill|68/100
|move|p2b: Tyranitar|Knock Off|p1b: Pelipper
|-damage|p1b: Pelipper|0 fnt
|faint|p1b: Pelipper
|
|-weather|Sandstorm|[upkeep]
|upkeep
|turn|8
|
|t:|1785850458
|move|p2a: Excadrill|High Horsepower|p1a: Archaludon
|-supereffective|p1a: Archaludon|1
|-damage|p1a: Archaludon|0 fnt
|faint|p1a: Archaludon
|
|win|Gen4lover2
|inactive|shiro_blast has 30 seconds to confirm battle start!
|inactive|Gen4lover2 has 30 seconds to confirm battle start!
|l|☆shiro_blast
|player|p1|
|l|☆Gen4lover2
|player|p2|
|j|☆Gen4lover2
|player|p2|Gen4lover2|wallace|
