|j|☆TheTestingBuds0017
|j|☆Gancelot
|html|TheTestingBuds0017Gancelot    
|uhtml|bestof|Game 1 of a best-of-3
|t:|1784126669
|gametype|doubles
|player|p1|TheTestingBuds0017|boarder|1459
|player|p2|Gancelot|morty|1384
|gen|9
|tier|[Gen 9 Champions] VGC 2026 Reg M-B (Bo3)
|rated|
|rule|Species Clause: Limit one of each Pokémon
|rule|Item Clause: Limit 1 of each item
|clearpoke
|poke|p1|Charizard, L50, M|
|poke|p1|Venusaur, L50, M|
|poke|p1|Grimmsnarl, L50, M|
|poke|p1|Pelipper, L50, F|
|poke|p1|Archaludon, L50, F|
|poke|p1|Basculegion, L50, M|
|poke|p2|Garchomp, L50, M|
|poke|p2|Venusaur, L50, M|
|poke|p2|Incineroar, L50, M|
|poke|p2|Charizard, L50, M|
|poke|p2|Toxapex, L50, M|
|poke|p2|Annihilape, L50, M|
|teampreview|4
|showteam|p1|Charizard||CharizarditeY|Blaze|HeatWave,WeatherBall,SolarBeam,Protect|Modest||M|||50|]Venusaur||Venusaurite|Chlorophyll|SludgeBomb,EarthPower,SleepPowder,Protect|Modest||M|||50|]Grimmsnarl||LightClay|Prankster|SpiritBreak,Reflect,LightScreen,PartingShot|Careful||M|||50|]Pelipper||SitrusBerry|Drizzle|WeatherBall,Hurricane,Tailwind,WideGuard|Modest||F|||50|]Archaludon||Leftovers|Stamina|ElectroShot,DragonPulse,FlashCannon,Protect|Modest||F|||50|]Basculegion||ChoiceScarf|Adaptability|WaveCrash,FlipTurn,LastRespects,AquaJet|Jolly||M|||50|
|showteam|p2|Garchomp||ChoiceScarf|RoughSkin|Earthquake,RockSlide,DragonClaw,StompingTantrum|Adamant||M|||50|]Venusaur||LifeOrb|Chlorophyll|SludgeBomb,SolarBeam,EarthPower,Protect|Modest||M|||50|]Incineroar||SitrusBerry|Intimidate|FakeOut,FlareBlitz,ThroatChop,PartingShot|Impish||M|||50|]Charizard||CharizarditeY|Blaze|HeatWave,WeatherBall,Protect,HelpingHand|Modest||M|||50|]Toxapex||Leftovers|Regenerator|Infestation,Toxic,WideGuard,BanefulBunker|Impish||M|||50|]Annihilape||FocusSash|Defiant|CloseCombat,PhantomForce,RockTomb,Protect|Jolly||M|||50|
|inactive|Battle timer is ON: inactive players will automatically lose when time's up. (requested by Gancelot)
|inactive|Gancelot has 60 seconds left.
|
|t:|1784126706
|teamsize|p1|4
|teamsize|p2|4
|start
|switch|p1a: Basculegion|Basculegion, L50, M|100/100
|switch|p1b: Archaludon|Archaludon, L50, F|100/100
|switch|p2a: Venusaur|Venusaur, L50, M|100/100
|switch|p2b: Charizard|Charizard, L50, M|100/100
|turn|1
|inactive|TheTestingBuds0017 has 30 seconds left.
|inactive|TheTestingBuds0017 has 20 seconds left.
|inactive|TheTestingBuds0017 has 15 seconds left.
|inactive|TheTestingBuds0017 has 10 seconds left.
|
|t:|1784126754
|detailschange|p2b: Charizard|Charizard-Mega-Y, L50, M
|-mega|p2b: Charizard|Charizard|Charizardite Y
|-weather|SunnyDay|[from] ability: Drought|[of] p2b: Charizard
|move|p2b: Charizard|Helping Hand|p2a: Venusaur
|-singleturn|p2a: Venusaur|Helping Hand|[of] p2b: Charizard
|move|p2a: Venusaur|Earth Power|p1b: Archaludon
|-supereffective|p1b: Archaludon|1
|-damage|p1b: Archaludon|0 fnt
|faint|p1b: Archaludon
|-damage|p2a: Venusaur|90/100|[from] item: Life Orb
|move|p1a: Basculegion|Flip Turn|p1: Archaludon|[notarget]
|-fail|p1a: Basculegion
|
|-weather|SunnyDay|[upkeep]
|upkeep
|
|t:|1784126761
|switch|p1b: Pelipper|Pelipper, L50, F|100/100
|-weather|RainDance|[from] ability: Drizzle|[of] p1b: Pelipper
|turn|2
|
|t:|1784126779
|switch|p2b: Toxapex|Toxapex, L50, M|100/100
|move|p2a: Venusaur|Protect|p2a: Venusaur
|-singleturn|p2a: Venusaur|Protect
|move|p1a: Basculegion|Flip Turn|p2a: Venusaur
|-activate|p2a: Venusaur|move: Protect
|move|p1b: Pelipper|Hurricane|p2a: Venusaur
|-activate|p2a: Venusaur|move: Protect
|
|-weather|RainDance|[upkeep]
|upkeep
|turn|3
|
|t:|1784126797
|switch|p1a: Venusaur|Venusaur, L50, M|100/100
|switch|p2b: Charizard|Charizard-Mega-Y, L50, M|100/100
|-weather|SunnyDay|[from] ability: Drought|[of] p2b: Charizard
|move|p2a: Venusaur|Solar Beam||[still]
|-prepare|p2a: Venusaur|Solar Beam
|-anim|p2a: Venusaur|Solar Beam|p1a: Venusaur
|-resisted|p1a: Venusaur|2
|-damage|p1a: Venusaur|80/100
|-damage|p2a: Venusaur|81/100|[from] item: Life Orb
|move|p1b: Pelipper|Weather Ball|p2a: Venusaur
|-supereffective|p2a: Venusaur|1
|-damage|p2a: Venusaur|0 fnt
|faint|p2a: Venusaur
|
|-weather|SunnyDay|[upkeep]
|upkeep
|
|t:|1784126811
|switch|p2a: Incineroar|Incineroar, L50, M|100/100
|-ability|p2a: Incineroar|Intimidate|boost
|-unboost|p1a: Venusaur|atk|1
|-unboost|p1b: Pelipper|atk|1
|turn|4
|inactive|TheTestingBuds0017 has 30 seconds left.
|inactive|TheTestingBuds0017 has 20 seconds left.
|
|t:|1784126846
|switch|p1b: Basculegion|Basculegion, L50, M|100/100
|move|p1a: Venusaur|Protect|p1a: Venusaur
|-singleturn|p1a: Venusaur|Protect
|move|p2a: Incineroar|Fake Out|p1a: Venusaur
|-activate|p1a: Venusaur|move: Protect
|move|p2b: Charizard|Weather Ball|p1b: Basculegion
|-resisted|p1b: Basculegion|1
|-damage|p1b: Basculegion|52/100
|
|-weather|SunnyDay|[upkeep]
|upkeep
|turn|5
|
|t:|1784126859
|move|p2b: Charizard|Protect|p2b: Charizard
|-singleturn|p2b: Charizard|Protect
|move|p1a: Venusaur|Sleep Powder|p2a: Incineroar
|-status|p2a: Incineroar|slp|[from] move: Sleep Powder
|move|p1b: Basculegion|Flip Turn|p2a: Incineroar
|-supereffective|p2a: Incineroar|1
|-damage|p2a: Incineroar|70/100 slp
|
|t:|1784126864
|switch|p1b: Pelipper|Pelipper, L50, F|100/100|[from] Flip Turn
|-weather|RainDance|[from] ability: Drizzle|[of] p1b: Pelipper
|cant|p2a: Incineroar|slp
|
|-weather|RainDance|[upkeep]
|upkeep
|turn|6
|
|t:|1784126880
|detailschange|p1a: Venusaur|Venusaur-Mega, L50, M
|-mega|p1a: Venusaur|Venusaur|Venusaurite
|move|p2b: Charizard|Weather Ball|p1b: Pelipper
|-resisted|p1b: Pelipper|1
|-damage|p1b: Pelipper|68/100
|move|p1a: Venusaur|Earth Power|p2b: Charizard
|-immune|p2b: Charizard
|move|p1b: Pelipper|Tailwind|p1b: Pelipper
|-sidestart|p1: TheTestingBuds0017|move: Tailwind
|-curestatus|p2a: Incineroar|slp|[msg]
|move|p2a: Incineroar|Parting Shot|p1a: Venusaur
|-unboost|p1a: Venusaur|atk|1
|-unboost|p1a: Venusaur|spa|1
|
|t:|1784126885
|switch|p2a: Toxapex|Toxapex, L50, M|100/100|[from] Parting Shot
|
|-weather|RainDance|[upkeep]
|upkeep
|turn|7
|inactive|TheTestingBuds0017 has 30 seconds left.
|inactive|TheTestingBuds0017 has 20 seconds left.
|inactive|TheTestingBuds0017 has 15 seconds left.
|
|t:|1784126927
|switch|p2b: Incineroar|Incineroar, L50, M|70/100
|-ability|p2b: Incineroar|Intimidate|boost
|-unboost|p1a: Venusaur|atk|1
|-unboost|p1b: Pelipper|atk|1
|move|p1a: Venusaur|Earth Power|p2a: Toxapex
|-supereffective|p2a: Toxapex|1
|-damage|p2a: Toxapex|68/100
|move|p1b: Pelipper|Hurricane|p2a: Toxapex
|-damage|p2a: Toxapex|35/100
|-start|p2a: Toxapex|confusion
|-activate|p2a: Toxapex|confusion
|-damage|p2a: Toxapex|29/100|[from] confusion
|
|-weather|RainDance|[upkeep]
|-heal|p2a: Toxapex|35/100|[from] item: Leftovers
|upkeep
|turn|8
|
|t:|1784126951
|switch|p1a: Basculegion|Basculegion, L50, M|52/100
|-heal|p2a: Toxapex|68/100|[from] ability: Regenerator|[silent]
|switch|p2a: Charizard|Charizard-Mega-Y, L50, M|100/100
|-weather|SunnyDay|[from] ability: Drought|[of] p2a: Charizard
|move|p1b: Pelipper|Hurricane|p2a: Charizard|[miss]
|-miss|p1b: Pelipper|p2a: Charizard
|move|p2b: Incineroar|Parting Shot|p1b: Pelipper
|-unboost|p1b: Pelipper|atk|1
|-unboost|p1b: Pelipper|spa|1
|
|t:|1784126962
|switch|p2b: Toxapex|Toxapex, L50, M|68/100|[from] Parting Shot
|
|-weather|SunnyDay|[upkeep]
|-heal|p2b: Toxapex|74/100|[from] item: Leftovers
|upkeep
|turn|9
|inactive|TheTestingBuds0017 has 30 seconds left.
|inactive|TheTestingBuds0017 has 20 seconds left.
|inactive|TheTestingBuds0017 has 15 seconds left.
|inactive|TheTestingBuds0017 has 10 seconds left.
|
|t:|1784127007
|switch|p1b: Venusaur|Venusaur-Mega, L50, M|80/100
|-heal|p2b: Toxapex|100/100|[from] ability: Regenerator|[silent]
|switch|p2b: Incineroar|Incineroar, L50, M|70/100
|-ability|p2b: Incineroar|Intimidate|boost
|-unboost|p1a: Basculegion|atk|1
|-unboost|p1b: Venusaur|atk|1
|move|p1a: Basculegion|Flip Turn|p2a: Charizard
|-supereffective|p2a: Charizard|1
|-damage|p2a: Charizard|75/100
|
|t:|1784127012
|switch|p1a: Pelipper|Pelipper, L50, F|68/100|[from] Flip Turn
|-weather|RainDance|[from] ability: Drizzle|[of] p1a: Pelipper
|move|p2a: Charizard|Weather Ball|p1a: Pelipper
|-resisted|p1a: Pelipper|1
|-damage|p1a: Pelipper|31/100
|-enditem|p1a: Pelipper|Sitrus Berry|[eat]
|-heal|p1a: Pelipper|56/100|[from] item: Sitrus Berry
|
|-weather|RainDance|[upkeep]
|-sideend|p1: TheTestingBuds0017|move: Tailwind
|upkeep
|turn|10
|
|t:|1784127028
|switch|p2a: Toxapex|Toxapex, L50, M|100/100
|move|p2b: Incineroar|Fake Out|p1b: Venusaur
|-damage|p1b: Venusaur|72/100
|cant|p1b: Venusaur|flinch
|move|p1a: Pelipper|Tailwind|p1a: Pelipper
|-sidestart|p1: TheTestingBuds0017|move: Tailwind
|
|-weather|RainDance|[upkeep]
|upkeep
|turn|11
|inactive|TheTestingBuds0017 has 30 seconds left.
|inactive|Gancelot has 30 seconds left.
|inactive|TheTestingBuds0017 has 20 seconds left.
|inactive|TheTestingBuds0017 has 15 seconds left.
|inactive|TheTestingBuds0017 has 10 seconds left.
|
|t:|1784127077
|switch|p1a: Basculegion|Basculegion, L50, M|52/100
|move|p2a: Toxapex|Baneful Bunker|p2a: Toxapex
|-singleturn|p2a: Toxapex|move: Protect
|move|p1b: Venusaur|Earth Power|p2a: Toxapex
|-activate|p2a: Toxapex|move: Protect
|move|p2b: Incineroar|Parting Shot|p1a: Basculegion
|-unboost|p1a: Basculegion|atk|1
|-unboost|p1a: Basculegion|spa|1
|
|t:|1784127087
|switch|p2b: Charizard|Charizard-Mega-Y, L50, M|75/100|[from] Parting Shot
|-weather|SunnyDay|[from] ability: Drought|[of] p2b: Charizard
|
|-weather|SunnyDay|[upkeep]
|upkeep
|turn|12
|inactive|Gancelot has 30 seconds left.
|
|t:|1784127115
|move|p1a: Basculegion|Flip Turn|p2a: Toxapex
|-resisted|p2a: Toxapex|1
|-damage|p2a: Toxapex|96/100
|
|t:|1784127117
|switch|p1a: Pelipper|Pelipper, L50, F|56/100|[from] Flip Turn
|-weather|RainDance|[from] ability: Drizzle|[of] p1a: Pelipper
|move|p1b: Venusaur|Earth Power|p2a: Toxapex
|-supereffective|p2a: Toxapex|1
|-damage|p2a: Toxapex|45/100
|move|p2b: Charizard|Weather Ball|p1a: Pelipper
|-resisted|p1a: Pelipper|1
|-damage|p1a: Pelipper|23/100
|move|p2a: Toxapex|Toxic|p1a: Pelipper
|-status|p1a: Pelipper|tox
|
|-weather|RainDance|[upkeep]
|-heal|p2a: Toxapex|50/100g|[from] item: Leftovers
|-damage|p1a: Pelipper|17/100 tox|[from] psn
|upkeep
|turn|13
|
|t:|1784127138
|-heal|p2a: Toxapex|84/100|[from] ability: Regenerator|[silent]
|switch|p2a: Incineroar|Incineroar, L50, M|70/100
|-ability|p2a: Incineroar|Intimidate|boost
|-unboost|p1a: Pelipper|atk|1
|-unboost|p1b: Venusaur|atk|1
|move|p2b: Charizard|Protect|p2b: Charizard
|-singleturn|p2b: Charizard|Protect
|move|p1b: Venusaur|Earth Power|p2a: Incineroar
|-supereffective|p2a: Incineroar|1
|-damage|p2a: Incineroar|13/100
|-enditem|p2a: Incineroar|Sitrus Berry|[eat]
|-heal|p2a: Incineroar|38/100|[from] item: Sitrus Berry
|move|p1a: Pelipper|Weather Ball|p2b: Charizard
|-activate|p2b: Charizard|move: Protect
|
|-weather|RainDance|[upkeep]
|-damage|p1a: Pelipper|5/100 tox|[from] psn
|-sideend|p1: TheTestingBuds0017|move: Tailwind
|upkeep
|turn|14
|inactive|Gancelot has 30 seconds left.
|
|t:|1784127172
|switch|p2b: Toxapex|Toxapex, L50, M|84/100
|move|p2a: Incineroar|Fake Out|p1b: Venusaur
|-damage|p1b: Venusaur|62/100
|cant|p1b: Venusaur|flinch
|move|p1a: Pelipper|Tailwind|p1a: Pelipper
|-sidestart|p1: TheTestingBuds0017|move: Tailwind
|
|-weather|RainDance|[upkeep]
|-heal|p2b: Toxapex|89/100|[from] item: Leftovers
|-damage|p1a: Pelipper|0 fnt|[from] psn
|faint|p1a: Pelipper
|upkeep
|
|t:|1784127178
|switch|p1a: Basculegion|Basculegion, L50, M|52/100
|turn|15
|
|t:|1784127197
|move|p2b: Toxapex|Baneful Bunker|p2b: Toxapex
|-singleturn|p2b: Toxapex|move: Protect
|move|p1a: Basculegion|Last Respects|p2a: Incineroar
|-resisted|p2a: Incineroar|1
|-damage|p2a: Incineroar|6/100
|move|p1b: Venusaur|Earth Power|p2a: Incineroar
|-supereffective|p2a: Incineroar|1
|-damage|p2a: Incineroar|0 fnt
|faint|p2a: Incineroar
|
|-weather|RainDance|[upkeep]
|-heal|p2b: Toxapex|95/100|[from] item: Leftovers
|upkeep
|
|t:|1784127200
|switch|p2a: Charizard|Charizard-Mega-Y, L50, M|75/100
|-weather|SunnyDay|[from] ability: Drought|[of] p2a: Charizard
|turn|16
|inactive|Gancelot has 30 seconds left.
|
|t:|1784127231
|move|p1a: Basculegion|Last Respects|p2a: Charizard
|-damage|p2a: Charizard|0 fnt
|faint|p2a: Charizard
|move|p1b: Venusaur|Sludge Bomb|p2b: Toxapex
|-resisted|p2b: Toxapex|1
|-damage|p2b: Toxapex|76/100
|move|p2b: Toxapex|Toxic|p1a: Basculegion
|-status|p1a: Basculegion|tox
|
|-weather|SunnyDay|[upkeep]
|-heal|p2b: Toxapex|82/100|[from] item: Leftovers
|-damage|p1a: Basculegion|46/100 tox|[from] psn
|upkeep
|turn|17
|
|t:|1784127248
|move|p2b: Toxapex|Baneful Bunker|p2b: Toxapex
|-singleturn|p2b: Toxapex|move: Protect
|move|p1a: Basculegion|Last Respects|p2b: Toxapex
|-activate|p2b: Toxapex|move: Protect
|move|p1b: Venusaur|Earth Power|p2b: Toxapex
|-activate|p2b: Toxapex|move: Protect
|
|-weather|SunnyDay|[upkeep]
|-heal|p2b: Toxapex|87/100|[from] item: Leftovers
|-damage|p1a: Basculegion|34/100 tox|[from] psn
|-sideend|p1: TheTestingBuds0017|move: Tailwind
|upkeep
|turn|18
|-message|Gancelot forfeited.
|
|win|TheTestingBuds0017
