|j|☆138mysx
|j|☆pipou666999
|html|138mysxpipou666999    
|uhtml|bestof|Game 3 of a best-of-3
|t:|1783413394
|gametype|doubles
|player|p1|138mysx|266|1063
|player|p2|pipou666999|koga|1040
|gen|9
|tier|[Gen 9 Champions] VGC 2026 Reg M-B (Bo3)
|rated|
|rule|Species Clause: Limit one of each Pokémon
|rule|Item Clause: Limit 1 of each item
|clearpoke
|poke|p1|Charizard, L50, M, shiny|
|poke|p1|Aerodactyl, L50, M, shiny|
|poke|p1|Garchomp, L50, F, shiny|
|poke|p1|Sylveon, L50, F, shiny|
|poke|p1|Kingambit, L50, M|
|poke|p1|Incineroar, L50, M, shiny|
|poke|p2|Incineroar, L50, F, shiny|
|poke|p2|Bellibolt, L50, F, shiny|
|poke|p2|Sinistcha, L50, shiny|
|poke|p2|Snorlax, L50, F, shiny|
|poke|p2|Farigiraf, L50, F|
|poke|p2|Blastoise, L50, F|
|teampreview|4
|showteam|p1|Charizard||CharizarditeY|Blaze|SolarBeam,WeatherBall,HeatWave,Protect|Modest||M|||50|]Aerodactyl||Aerodactylite|Unnerve|RockSlide,Tailwind,WideGuard,Protect|Jolly||M|||50|]Garchomp||RoseliBerry|RoughSkin|DragonClaw,Earthquake,RockTomb,Protect|Jolly||F|||50|]Sylveon||FairyFeather|Pixilate|HyperBeam,HyperVoice,QuickAttack,Detect|Modest||F|||50|]Kingambit||BlackGlasses|Defiant|KowtowCleave,SuckerPunch,IronHead,Protect|Adamant||M|||50|]Incineroar||SitrusBerry|Intimidate|FakeOut,FlareBlitz,ThroatChop,PartingShot|Impish||M|||50|
|showteam|p2|Incineroar||ShucaBerry|Intimidate|FlareBlitz,FakeOut,PartingShot,DrainPunch|Impish||F|||50|]Bellibolt||Leftovers|Electromorphosis|Electroweb,WeatherBall,SlackOff,EerieImpulse|Bold||F|||50|]Sinistcha||KasibBerry|Hospitality|MatchaGotcha,Protect,LifeDew,RagePowder|Bold|||||50|]Snorlax||ChopleBerry|ThickFat|IcyWind,Stockpile,Protect,BodyPress|Bold||F|||50|]Farigiraf||SitrusBerry|ArmorTail|TwinBeam,TrickRoom,Protect,Thunderbolt|Calm||F|||50|]Blastoise||Blastoisinite|Torrent|WaterSpout,DarkPulse,ShellSmash,Protect|Modest||F|||50|
|inactive|Battle timer is ON: inactive players will automatically lose when time's up. (requested by 138mysx)
|
|t:|1783413453
|teamsize|p1|4
|teamsize|p2|4
|start
|switch|p1a: Sylveon|Sylveon, L50, F, shiny|100/100
|switch|p1b: Incineroar|Incineroar, L50, M, shiny|100/100
|switch|p2a: Sinistcha|Sinistcha, L50, shiny|100/100
|switch|p2b: Blastoise|Blastoise, L50, F|100/100
|-ability|p1b: Incineroar|Intimidate|boost
|-unboost|p2a: Sinistcha|atk|1
|-unboost|p2b: Blastoise|atk|1
|turn|1
|
|t:|1783413475
|switch|p2a: Incineroar|Incineroar, L50, F, shiny|100/100
|-ability|p2a: Incineroar|Intimidate|boost
|-unboost|p1a: Sylveon|atk|1
|-unboost|p1b: Incineroar|atk|1
|move|p2b: Blastoise|Protect|p2b: Blastoise
|-singleturn|p2b: Blastoise|Protect
|move|p1b: Incineroar|Fake Out|p2b: Blastoise
|-activate|p2b: Blastoise|move: Protect
|move|p1a: Sylveon|Hyper Voice|p2a: Incineroar|[spread] p2a
|-activate|p2b: Blastoise|move: Protect
|-damage|p2a: Incineroar|53/100
|
|upkeep
|turn|2
|
|t:|1783413495
|detailschange|p2b: Blastoise|Blastoise-Mega, L50, F
|-mega|p2b: Blastoise|Blastoise|Blastoisinite
|move|p2a: Incineroar|Fake Out|p1a: Sylveon
|-damage|p1a: Sylveon|86/100
|move|p2b: Blastoise|Shell Smash|p2b: Blastoise
|-unboost|p2b: Blastoise|def|1
|-unboost|p2b: Blastoise|spd|1
|-boost|p2b: Blastoise|atk|2
|-boost|p2b: Blastoise|spa|2
|-boost|p2b: Blastoise|spe|2
|cant|p1a: Sylveon|flinch
|move|p1b: Incineroar|Parting Shot|p2b: Blastoise
|-unboost|p2b: Blastoise|atk|1
|-unboost|p2b: Blastoise|spa|1
|
|t:|1783413502
|switch|p1b: Kingambit|Kingambit, L50, M|100/100|[from] Parting Shot
|
|upkeep
|turn|3
|inactive|pipou666999 has 30 seconds left.
|inactive|pipou666999 has 20 seconds left.
|inactive|pipou666999 has 15 seconds left.
|
|t:|1783413544
|move|p2b: Blastoise|Protect|p2b: Blastoise
|-singleturn|p2b: Blastoise|Protect
|move|p1b: Kingambit|Sucker Punch||[still]
|-fail|p1b: Kingambit
|move|p1a: Sylveon|Hyper Voice|p2a: Incineroar|[spread] p2a
|-activate|p2b: Blastoise|move: Protect
|-damage|p2a: Incineroar|11/100
|move|p2a: Incineroar|Drain Punch|p1b: Kingambit
|-supereffective|p1b: Kingambit|2
|-damage|p1b: Kingambit|37/100
|-heal|p2a: Incineroar|43/100|[from] drain|[of] p1b: Kingambit
|
|upkeep
|turn|4
|inactive|138mysx has 30 seconds left.
|inactive|pipou666999 has 30 seconds left.
|inactive|pipou666999 has 20 seconds left.
|inactive|pipou666999 has 15 seconds left.
|inactive|pipou666999 has 10 seconds left.
|
|t:|1783413594
|move|p2b: Blastoise|Protect|p2b: Blastoise
|-singleturn|p2b: Blastoise|Protect
|move|p1b: Kingambit|Sucker Punch||[still]
|-fail|p1b: Kingambit
|move|p1a: Sylveon|Hyper Voice|p2b: Blastoise|[spread] p2a
|-activate|p2b: Blastoise|move: Protect
|-damage|p2a: Incineroar|0 fnt
|faint|p2a: Incineroar
|
|upkeep
|
|t:|1783413604
|switch|p2a: Sinistcha|Sinistcha, L50, shiny|100/100
|turn|5
|
|t:|1783413615
|move|p1b: Kingambit|Protect|p1b: Kingambit
|-singleturn|p1b: Kingambit|Protect
|move|p2a: Sinistcha|Rage Powder|p2a: Sinistcha
|-singleturn|p2a: Sinistcha|move: Rage Powder
|move|p2b: Blastoise|Water Spout|p1b: Kingambit|[spread] p1a
|-activate|p1b: Kingambit|move: Protect
|-damage|p1a: Sylveon|4/100
|move|p1a: Sylveon|Hyper Voice|p2a: Sinistcha|[spread] p2a,p2b
|-crit|p2b: Blastoise
|-damage|p2a: Sinistcha|52/100
|-damage|p2b: Blastoise|0 fnt
|faint|p2b: Blastoise
|
|upkeep
|
|t:|1783413628
|switch|p2b: Bellibolt|Bellibolt, L50, F, shiny|100/100
|turn|6
|inactive|138mysx has 30 seconds left.
|
|t:|1783413655
|move|p1a: Sylveon|Detect|p1a: Sylveon
|-singleturn|p1a: Sylveon|Protect
|move|p2a: Sinistcha|Protect|p2a: Sinistcha
|-singleturn|p2a: Sinistcha|Protect
|move|p1b: Kingambit|Kowtow Cleave|p2b: Bellibolt
|-damage|p2b: Bellibolt|59/100
|-start|p2b: Bellibolt|Charge|Kowtow Cleave|[from] ability: Electromorphosis
|move|p2b: Bellibolt|Electroweb|p1b: Kingambit|[spread] 
|-activate|p1a: Sylveon|move: Protect
|-miss|p2b: Bellibolt|p1b: Kingambit
|-end|p2b: Bellibolt|Charge|[silent]
|
|-heal|p2b: Bellibolt|66/100|[from] item: Leftovers
|upkeep
|turn|7
|inactive|pipou666999 has 30 seconds left.
|
|t:|1783413680
|move|p1a: Sylveon|Hyper Voice|p2b: Bellibolt|[spread] p2a,p2b
|-damage|p2a: Sinistcha|4/100
|-damage|p2b: Bellibolt|24/100
|-start|p2b: Bellibolt|Charge|Hyper Voice|[from] ability: Electromorphosis
|move|p2a: Sinistcha|Matcha Gotcha|p1b: Kingambit|[spread] p1a,p1b
|-resisted|p1b: Kingambit|1
|-damage|p1a: Sylveon|0 fnt
|-heal|p2a: Sinistcha|6/100|[from] drain|[of] p1a: Sylveon
|-damage|p1b: Kingambit|25/100
|-heal|p2a: Sinistcha|13/100|[from] drain|[of] p1b: Kingambit
|faint|p1a: Sylveon
|move|p1b: Kingambit|Kowtow Cleave|p2a: Sinistcha
|-supereffective|p2a: Sinistcha|1
|-damage|p2a: Sinistcha|0 fnt
|faint|p2a: Sinistcha
|move|p2b: Bellibolt|Electroweb|p1b: Kingambit
|-damage|p1b: Kingambit|0 fnt
|faint|p1b: Kingambit
|-end|p2b: Bellibolt|Charge|[silent]
|
|-heal|p2b: Bellibolt|30/100|[from] item: Leftovers
|upkeep
|
|t:|1783413687
|switch|p1a: Incineroar|Incineroar, L50, M, shiny|100/100
|switch|p1b: Charizard|Charizard, L50, M, shiny|100/100
|-ability|p1a: Incineroar|Intimidate|boost
|-unboost|p2b: Bellibolt|atk|1
|turn|8
|
|t:|1783413695
|detailschange|p1b: Charizard|Charizard-Mega-Y, L50, M, shiny
|-mega|p1b: Charizard|Charizard|Charizardite Y
|-weather|SunnyDay|[from] ability: Drought|[of] p1b: Charizard
|move|p1a: Incineroar|Fake Out|p2b: Bellibolt
|-damage|p2b: Bellibolt|22/100
|-start|p2b: Bellibolt|Charge|Fake Out|[from] ability: Electromorphosis
|move|p1b: Charizard|Weather Ball|p2b: Bellibolt
|-damage|p2b: Bellibolt|0 fnt
|faint|p2b: Bellibolt
|
|win|138mysx
|raw|138mysx's rating: 1063 → 1092(+29 for winning)
|raw|pipou666999's rating: 1040 → 1025(-15 for losing)
|l|☆pipou666999
|player|p2|
