|j|☆Ribombees believer
|j|☆TheMismatcher
|html|Ribombees believerTheMismatcher    
|uhtml|bestof|Game 3 of a best-of-3
|t:|1755906527
|gametype|doubles
|player|p1|Ribombees believer|skier|1278
|player|p2|TheMismatcher|265|1205
|gen|9
|tier|[Gen 9] VGC 2025 Reg H (Bo3)
|rated|
|rule|Species Clause: Limit one of each Pokémon
|rule|Item Clause: Limit 1 of each item
|clearpoke
|poke|p1|Dondozo, L50, M|
|poke|p1|Tatsugiri, L50, F|
|poke|p1|Indeedee, L50, M|
|poke|p1|Dragapult, L50, F|
|poke|p1|Hydreigon, L50, F|
|poke|p1|Ribombee, L50, M|
|poke|p2|Pelipper, L50, M|
|poke|p2|Basculegion, L50, M|
|poke|p2|Amoonguss, L50, F|
|poke|p2|Archaludon, L50, M|
|poke|p2|Greninja-*, L50, M|
|poke|p2|Annihilape, L50, F|
|teampreview|4
|showteam|p1|Dondozo||Leftovers|Unaware|WaveCrash,Earthquake,OrderUp,Protect|||M|||50|,,,,,Grass]Tatsugiri||ChoiceScarf|Commander|MuddyWater,DracoMeteor,DragonPulse,TeraBlast|||F|||50|,,,,,Fairy]Indeedee||FocusSash|PsychicSurge|ExpandingForce,TeraBlast,HyperVoice,Protect|||M|||50|,,,,,Fighting]Dragapult||ChoiceBand|ClearBody|DragonDarts,Outrage,PhantomForce,Uturn|||F|||50|,,,,,Dragon]Hydreigon||AssaultVest|Levitate|EarthPower,Snarl,DarkPulse,DracoMeteor|||F|||50|,,,,,Steel]Ribombee||ChoiceSpecs|ShieldDust|Moonblast,PollenPuff,DazzlingGleam,TeraBlast|||M|||50|,,,,,Ground
|showteam|p2|Pelipper||FocusSash|Drizzle|WeatherBall,Hurricane,Tailwind,WideGuard|||M|||50|,,,,,Stellar]Basculegion||ChoiceBand|SwiftSwim|WaveCrash,FlipTurn,LastRespects,AquaJet|||M|||50|,,,,,Grass]Amoonguss||SitrusBerry|Regenerator|Spore,RagePowder,PollenPuff,ClearSmog|||F|||50|,,,,,Dark]Archaludon||AssaultVest|Stamina|DragonPulse,FlashCannon,ElectroShot,BodyPress|||M|||50|,,,,,Grass]Greninja||LoadedDice|Torrent|WaterShuriken,Protect,Taunt,RainDance|||M|||50|,,,,,Ghost]Annihilape||ChoiceScarf|Defiant|CloseCombat,RageFist,Uturn,FinalGambit|||F|||50|,,,,,Grass
|inactive|Battle timer is ON: inactive players will automatically lose when time's up. (requested by Ribombees believer)
|inactive|TheMismatcher has 60 seconds left.
|
|t:|1755906579
|teamsize|p1|4
|teamsize|p2|4
|start
|switch|p1a: Dondozo|Dondozo, L50, M|100/100
|switch|p1b: Dragapult|Dragapult, L50, F|100/100
|switch|p2a: Amoonguss|Amoonguss, L50, F, shiny|100/100
|switch|p2b: Annihilape|Annihilape, L50, F|100/100
|turn|1
|inactive|TheMismatcher has 30 seconds left.
|
|t:|1755906611
|-terastallize|p1b: Dragapult|Dragon
|move|p1a: Dondozo|Protect|p1a: Dondozo
|-singleturn|p1a: Dondozo|Protect
|move|p2b: Annihilape|Rage Fist|p1b: Dragapult
|-damage|p1b: Dragapult|69/100
|move|p1b: Dragapult|Dragon Darts|p2a: Amoonguss
|-damage|p2a: Amoonguss|58/100
|-anim|p1b: Dragapult|Dragon Darts|p2b: Annihilape
|-damage|p2b: Annihilape|47/100
|move|p2a: Amoonguss|Spore|p1b: Dragapult
|-status|p1b: Dragapult|slp|[from] move: Spore
|
|upkeep
|turn|2
|
|t:|1755906630
|switch|p1b: Tatsugiri|Tatsugiri, L50, F|100/100
|-activate|p1b: Tatsugiri|ability: Commander|[of] p1a: Dondozo
|-boost|p1a: Dondozo|atk|2
|-boost|p1a: Dondozo|spa|2
|-boost|p1a: Dondozo|spe|2
|-boost|p1a: Dondozo|def|2
|-boost|p1a: Dondozo|spd|2
|move|p2b: Annihilape|Rage Fist|p1b: Tatsugiri|[miss]
|-miss|p2b: Annihilape|p1b: Tatsugiri
|move|p1a: Dondozo|Earthquake|p2b: Annihilape|[spread] p2a,p2b
|-miss|p1a: Dondozo|p1b: Tatsugiri
|-damage|p2a: Amoonguss|26/100
|-damage|p2b: Annihilape|3/100
|-enditem|p2a: Amoonguss|Sitrus Berry|[eat]
|-heal|p2a: Amoonguss|51/100|[from] item: Sitrus Berry
|move|p2a: Amoonguss|Spore|p1a: Dondozo
|-status|p1a: Dondozo|slp|[from] move: Spore
|
|upkeep
|turn|3
|
|t:|1755906649
|move|p2b: Annihilape|Rage Fist|p1a: Dondozo
|-damage|p1a: Dondozo|78/100 slp
|cant|p1a: Dondozo|slp
|move|p2a: Amoonguss|Clear Smog|p1a: Dondozo
|-damage|p1a: Dondozo|69/100 slp
|-clearboost|p1a: Dondozo
|
|-heal|p1a: Dondozo|75/100 slp|[from] item: Leftovers
|upkeep
|turn|4
|
|t:|1755906662
|move|p2b: Annihilape|Rage Fist|p1a: Dondozo
|-damage|p1a: Dondozo|35/100 slp
|cant|p1a: Dondozo|slp
|move|p2a: Amoonguss|Spore|p1a: Dondozo
|-fail|p1a: Dondozo|slp
|
|-heal|p1a: Dondozo|41/100 slp|[from] item: Leftovers
|upkeep
|turn|5
|
|t:|1755906677
|move|p2b: Annihilape|Rage Fist|p1a: Dondozo
|-damage|p1a: Dondozo|0 fnt
|faint|p1a: Dondozo
|move|p2a: Amoonguss|Spore|p1b: Tatsugiri
|-status|p1b: Tatsugiri|slp|[from] move: Spore
|
|upkeep
|
|t:|1755906684
|switch|p1a: Indeedee|Indeedee, L50, M|100/100
|-fieldstart|move: Psychic Terrain|[from] ability: Psychic Surge|[of] p1a: Indeedee
|turn|6
|
|t:|1755906701
|-terastallize|p2a: Amoonguss|Dark
|move|p1a: Indeedee|Protect|p1a: Indeedee
|-singleturn|p1a: Indeedee|Protect
|move|p2b: Annihilape|Rage Fist|p1b: Tatsugiri
|-damage|p1b: Tatsugiri|0 fnt
|faint|p1b: Tatsugiri
|move|p2a: Amoonguss|Spore|p1a: Indeedee
|-activate|p1a: Indeedee|move: Protect
|
|upkeep
|
|t:|1755906709
|switch|p1b: Dragapult|Dragapult, L50, F, tera:Dragon|69/100 slp
|turn|7
|
|t:|1755906716
|move|p2b: Annihilape|Rage Fist|p1b: Dragapult
|-damage|p1b: Dragapult|0 fnt
|faint|p1b: Dragapult
|move|p1a: Indeedee|Hyper Voice|p2a: Amoonguss|[spread] p2a
|-immune|p2b: Annihilape
|-damage|p2a: Amoonguss|24/100
|move|p2a: Amoonguss|Spore|p1a: Indeedee
|-status|p1a: Indeedee|slp|[from] move: Spore
|
|upkeep
|turn|8
|
|t:|1755906734
|switch|p2b: Basculegion|Basculegion, L50, M|100/100
|cant|p1a: Indeedee|slp
|move|p2a: Amoonguss|Pollen Puff|p1a: Indeedee
|-supereffective|p1a: Indeedee
|-damage|p1a: Indeedee|52/100 slp
|
|upkeep
|turn|9
|
|t:|1755906752
|cant|p1a: Indeedee|slp
|move|p2b: Basculegion|Flip Turn|p1a: Indeedee
|-damage|p1a: Indeedee|0 fnt
|faint|p1a: Indeedee
|
|win|TheMismatcher
|raw|Ribombees believer's rating: 1278 → 1248(-30 for losing)
|raw|TheMismatcher's rating: 1205 → 1235(+30 for winning)
