|j|☆Hackervgc
|j|☆joaennavgc
|html|Hackervgcjoaennavgc    
|uhtml|bestof|Game 2 of a best-of-3
|t:|1756996503
|gametype|doubles
|player|p1|Hackervgc|gentleman-gen4|
|player|p2|joaennavgc|pokemonbreederf-gen4|
|gen|9
|tier|[Gen 9] VGC 2025 Reg H (Bo3)
|rule|Species Clause: Limit one of each Pokémon
|rule|Item Clause: Limit 1 of each item
|clearpoke
|poke|p1|Kingambit, L50, M|
|poke|p1|Magmar, L50, M|
|poke|p1|Dragonite, L50, F|
|poke|p1|Sneasler, L50, F|
|poke|p1|Ursaluna-Bloodmoon, L50, M|
|poke|p1|Farigiraf, L50, F|
|poke|p2|Torkoal, L50, F|
|poke|p2|Oranguru, L50, F|
|poke|p2|Volcarona, L50, F|
|poke|p2|Lilligant-Hisui, L50, F|
|poke|p2|Ursaluna, L50, M|
|poke|p2|Kingambit, L50, M|
|teampreview|4
|showteam|p1|Kingambit||AssaultVest|Defiant|KowtowCleave,SuckerPunch,LowKick,TeraBlast|||M|||50|,,,,,Flying]Magmar||Eviolite|VitalSpirit|FollowMe,Protect,Flamethrower,WillOWisp|||M|||50|,,,,,Dragon]Dragonite||LoadedDice|Multiscale|ScaleShot,Protect,Tailwind,Haze|||F|||50|,,,,,Fairy]Sneasler||FocusSash|Unburden|ThroatChop,DireClaw,CloseCombat,Protect|||F|||50|,,,,,Stellar]Ursaluna-Bloodmoon||LifeOrb|MindsEye|BloodMoon,Protect,EarthPower,HyperVoice|||M|||50|,,,,,Normal]Farigiraf||SitrusBerry|ArmorTail|TrickRoom,HelpingHand,Psychic,Protect|||F|||50|,,,,,Water
|showteam|p2|Torkoal||EjectPack|Drought|Overheat,Eruption,HelpingHand,Protect|||F|||50|,,,,,Fire]Oranguru||SitrusBerry|Telepathy|TrickRoom,Psychic,Instruct,Protect|||F|||50|,,,,,Dark]Volcarona||CovertCloak|FlameBody|QuiverDance,GigaDrain,HeatWave,Protect|||F|||50|,,,,,Grass]Lilligant-Hisui||FocusSash|Chlorophyll|AfterYou,CloseCombat,LeafBlade,Protect|||F|||50|,,,,,Flying]Ursaluna||FlameOrb|Guts|Facade,HeadlongRush,Earthquake,Protect|||M|||50|,,,,,Ghost]Kingambit||RockyHelmet|Defiant|SuckerPunch,SwordsDance,KowtowCleave,Protect|||M|||50|,,,,,Dark
|j| 6monkeyman
|
|t:|1756996553
|teamsize|p1|4
|teamsize|p2|4
|start
|switch|p1a: Dragonita|Dragonite, L50, F|100/100
|switch|p1b: Sneasler|Sneasler, L50, F|100/100
|switch|p2a: Oranguru|Oranguru, L50, F|100/100
|switch|p2b: Volcarona|Volcarona, L50, F|100/100
|turn|1
|
|t:|1756996571
|move|p1b: Sneasler|Dire Claw|p2b: Volcarona
|-damage|p2b: Volcarona|40/100
|-status|p1b: Sneasler|brn|[from] ability: Flame Body|[of] p2b: Volcarona
|move|p2b: Volcarona|Heat Wave|p1a: Dragonita|[spread] p1b
|-miss|p2b: Volcarona|p1a: Dragonita
|-damage|p1b: Sneasler|44/100 brn
|move|p1a: Dragonita|Scale Shot|p2b: Volcarona|[miss]
|-miss|p1a: Dragonita|p2b: Volcarona
|move|p2a: Oranguru|Trick Room|p2a: Oranguru
|-fieldstart|move: Trick Room|[of] p2a: Oranguru
|
|-damage|p1b: Sneasler|38/100 brn|[from] brn
|upkeep
|turn|2
|
|t:|1756996603
|switch|p1b: Magmar|Magmar, L50, M|100/100
|move|p2a: Oranguru|Instruct|p2b: Volcarona
|-singleturn|p2b: Volcarona|move: Instruct|[of] p2a: Oranguru
|move|p2b: Volcarona|Heat Wave|p1a: Dragonita|[spread] p1a,p1b
|-resisted|p1a: Dragonita
|-resisted|p1b: Magmar
|-damage|p1a: Dragonita|90/100
|-damage|p1b: Magmar|87/100
|move|p1a: Dragonita|Scale Shot|p2b: Volcarona
|-damage|p2b: Volcarona|19/100
|-damage|p2b: Volcarona|0 fnt
|faint|p2b: Volcarona
|-hitcount|p2: Volcarona|2
|-unboost|p1a: Dragonita|def|1
|-boost|p1a: Dragonita|spe|1
|
|upkeep
|
|t:|1756996617
|switch|p2b: Ursaluna|Ursaluna, L50, M|100/100
|turn|3
|
|t:|1756996639
|move|p2b: Ursaluna|Protect|p2b: Ursaluna
|-singleturn|p2b: Ursaluna|Protect
|move|p1b: Magmar|Follow Me|p1b: Magmar
|-singleturn|p1b: Magmar|move: Follow Me
|move|p2a: Oranguru|Psychic|p1b: Magmar
|-damage|p1b: Magmar|67/100
|move|p1a: Dragonita|Scale Shot|p2b: Ursaluna
|-activate|p2b: Ursaluna|move: Protect
|
|-status|p2b: Ursaluna|brn|[from] item: Flame Orb
|upkeep
|turn|4
|
|t:|1756996673
|move|p1a: Dragonita|Protect|p1a: Dragonita
|-singleturn|p1a: Dragonita|Protect
|move|p2b: Ursaluna|Facade|p1b: Magmar
|-damage|p1b: Magmar|0 fnt
|faint|p1b: Magmar
|move|p2a: Oranguru|Instruct|p2b: Ursaluna
|-singleturn|p2b: Ursaluna|move: Instruct|[of] p2a: Oranguru
|move|p2b: Ursaluna|Facade|p1a: Dragonita
|-activate|p1a: Dragonita|move: Protect
|
|-damage|p2b: Ursaluna|94/100 brn|[from] brn
|upkeep
|
|t:|1756996679
|switch|p1b: Sneasler|Sneasler, L50, F|38/100 brn
|turn|5
|
|t:|1756996695
|switch|p1a: Kingambit|Kingambit, L50, M|100/100
|move|p1b: Sneasler|Protect|p1b: Sneasler
|-singleturn|p1b: Sneasler|Protect
|move|p2b: Ursaluna|Facade|p1a: Kingambit
|-resisted|p1a: Kingambit
|-damage|p1a: Kingambit|55/100
|move|p2a: Oranguru|Instruct|p2b: Ursaluna
|-singleturn|p2b: Ursaluna|move: Instruct|[of] p2a: Oranguru
|move|p2b: Ursaluna|Facade|p1a: Kingambit
|-resisted|p1a: Kingambit
|-damage|p1a: Kingambit|8/100
|
|-damage|p2b: Ursaluna|88/100 brn|[from] brn
|-damage|p1b: Sneasler|33/100 brn|[from] brn
|-fieldend|move: Trick Room
|upkeep
|turn|6
|
|t:|1756996726
|move|p1b: Sneasler|Close Combat|p2a: Oranguru
|-damage|p2a: Oranguru|75/100
|-unboost|p1b: Sneasler|def|1
|-unboost|p1b: Sneasler|spd|1
|move|p1a: Kingambit|Low Kick|p2a: Oranguru
|-damage|p2a: Oranguru|52/100
|move|p2b: Ursaluna|Earthquake|p1b: Sneasler|[spread] p1a,p1b
|-activate|p2a: Oranguru|ability: Telepathy
|-supereffective|p1a: Kingambit
|-supereffective|p1b: Sneasler
|-damage|p1a: Kingambit|0 fnt
|-damage|p1b: Sneasler|0 fnt
|faint|p1a: Kingambit
|faint|p1b: Sneasler
|move|p2a: Oranguru|Trick Room|p2a: Oranguru
|-fieldstart|move: Trick Room|[of] p2a: Oranguru
|
|-damage|p2b: Ursaluna|82/100 brn|[from] brn
|upkeep
|
|t:|1756996730
|switch|p1b: Dragonita|Dragonite, L50, F|90/100
|turn|7
|
|t:|1756996744
|move|p2b: Ursaluna|Facade|p1b: Dragonita
|-damage|p1b: Dragonita|0 fnt
|faint|p1b: Dragonita
|
|win|joaennavgc
||joaennavgc is ready for game 3.
||Hackervgc is ready for game 3.
|uhtml|next|Next: Game 3 of 3
|l| 6monkeyman
|l|☆Hackervgc
|player|p1|
