|j|☆vpandur
|j|☆TYRGHASAD
|html|vpandurTYRGHASAD    
|uhtml|bestof|Game 2 of a best-of-3
|t:|1785383365
|gametype|doubles
|player|p1|vpandur|101|
|player|p2|TYRGHASAD|2|
|gen|9
|tier|[Gen 9 Champions] VGC 2026 Reg M-B (Bo3)
|rule|Species Clause: Limit one of each Pokémon
|rule|Item Clause: Limit 1 of each item
|clearpoke
|poke|p1|Incineroar, L50, M|
|poke|p1|Palafin, L50, M|
|poke|p1|Floette-Eternal, L50, F|
|poke|p1|Rotom-Fan, L50|
|poke|p1|Chesnaught, L50, F|
|poke|p1|Ariados, L50, F|
|poke|p2|Emboar, L50, F, shiny|
|poke|p2|Whimsicott, L50, M|
|poke|p2|Metagross, L50|
|poke|p2|Corviknight, L50, M|
|poke|p2|Primarina, L50, F|
|poke|p2|Tsareena, L50, F|
|teampreview|4
|showteam|p1|Incineroar||Leftovers|Intimidate|FakeOut,FlareBlitz,PartingShot,Protect|Adamant||M|||50|]Palafin||MysticWater|ZerotoHero|WaveCrash,JetPunch,FlipTurn,Protect|Jolly||M|||50|]Floette-Eternal||Floettite|FlowerVeil|CalmMind,DazzlingGleam,DrainingKiss,Protect|Modest||F|||50|]Rotom-Fan||LifeOrb|Levitate|Thunderbolt,AirSlash,Protect,WillOWisp|Timid|||||50|]Chesnaught||ChopleBerry|Bulletproof|BodyPress,SpikyShield,SeedBomb,WoodHammer|Careful||F|||50|]Ariados||FocusSash|Insomnia|RagePowder,PoisonJab,StickyWeb,Protect|Careful||F|||50|
|showteam|p2|Emboar||Emboarite|Blaze|FlareBlitz,Protect,CloseCombat,SuckerPunch|Adamant||F|||50|]Whimsicott||FocusSash|Prankster|Endeavor,DazzlingGleam,Protect,Tailwind|Timid||M|||50|]Metagross||Leftovers|ClearBody|BodyPress,Earthquake,PsychicFangs,BulletPunch|Relaxed|||||50|]Corviknight||SitrusBerry|Pressure|BraveBird,IronDefense,Uturn,Roost|Impish||M|||50|]Primarina||LifeOrb|Torrent|CalmMind,Surf,Moonblast,Substitute|Modest||F|||50|]Tsareena||LumBerry|QueenlyMajesty|PowerWhip,KnockOff,Protect,Uturn|Jolly||F|||50|
|
|t:|1785383435
|teamsize|p1|4
|teamsize|p2|4
|start
|switch|p1a: Ariados|Ariados, L50, F|100/100
|switch|p1b: Incineroar|Incineroar, L50, M|100/100
|switch|p2a: Whimsicott|Whimsicott, L50, M|100/100
|switch|p2b: Corviknight|Corviknight, L50, M|100/100
|-ability|p2b: Corviknight|Pressure
|-ability|p1b: Incineroar|Intimidate|boost
|-unboost|p2a: Whimsicott|atk|1
|-unboost|p2b: Corviknight|atk|1
|turn|1
|
|t:|1785383460
|move|p1b: Incineroar|Fake Out|p2a: Whimsicott
|-damage|p2a: Whimsicott|80/100
|cant|p2a: Whimsicott|flinch
|move|p2b: Corviknight|Iron Defense|p2b: Corviknight
|-boost|p2b: Corviknight|def|2
|move|p1a: Ariados|Poison Jab|p2a: Whimsicott
|-supereffective|p2a: Whimsicott|2
|-damage|p2a: Whimsicott|0 fnt
|faint|p2a: Whimsicott
|
|upkeep
|
|t:|1785383470
|switch|p2a: Metagross|Metagross, L50|100/100
|turn|2
|
|t:|1785383506
|move|p2b: Corviknight|Iron Defense|p2b: Corviknight
|-boost|p2b: Corviknight|def|2
|move|p2a: Metagross|Earthquake|p1a: Ariados|[spread] p1a,p1b
|-immune|p2b: Corviknight
|-supereffective|p1b: Incineroar|1
|-damage|p1a: Ariados|68/100
|-damage|p1b: Incineroar|57/100
|move|p1b: Incineroar|Flare Blitz|p2a: Metagross
|-supereffective|p2a: Metagross|1
|-crit|p2a: Metagross
|-damage|p2a: Metagross|0 fnt
|faint|p2a: Metagross
|-damage|p1b: Incineroar|26/100|[from] Recoil
|move|p1a: Ariados|Sticky Web|p2b: Corviknight
|-sidestart|p2: TYRGHASAD|move: Sticky Web
|
|-heal|p1b: Incineroar|32/100|[from] item: Leftovers
|upkeep
|
|t:|1785383520
|switch|p2a: Emboar|Emboar, L50, F, shiny|100/100
|-activate|p2a: Emboar|move: Sticky Web
|-unboost|p2a: Emboar|spe|1
|turn|3
|
|t:|1785383556
|detailschange|p2a: Emboar|Emboar-Mega, L50, F, shiny
|-mega|p2a: Emboar|Emboar|Emboarite
|-ability|p2a: Emboar|Mold Breaker
|move|p2b: Corviknight|Brave Bird|p1b: Incineroar
|-damage|p1b: Incineroar|8/100
|-damage|p2b: Corviknight|92/100|[from] Recoil
|move|p1b: Incineroar|Parting Shot|p2a: Emboar
|-unboost|p2a: Emboar|atk|1
|-unboost|p2a: Emboar|spa|1
|
|t:|1785383567
|switch|p1b: Rotom|Rotom-Fan, L50|100/100|[from] Parting Shot
|move|p2a: Emboar|Flare Blitz|p1a: Ariados
|-supereffective|p1a: Ariados|1
|-damage|p1a: Ariados|0 fnt
|faint|p1a: Ariados
|-damage|p2a: Emboar|81/100|[from] Recoil
|
|upkeep
|
|t:|1785383575
|switch|p1a: Incineroar|Incineroar, L50, M|8/100
|-ability|p1a: Incineroar|Intimidate|boost
|-unboost|p2a: Emboar|atk|1
|-unboost|p2b: Corviknight|atk|1
|turn|4
|
|t:|1785383592
|move|p1a: Incineroar|Fake Out|p2b: Corviknight
|-resisted|p2b: Corviknight|1
|-damage|p2b: Corviknight|90/100
|move|p2a: Emboar|Sucker Punch||[still]
|-fail|p2a: Emboar
|move|p1b: Rotom|Air Slash|p2a: Emboar
|-supereffective|p2a: Emboar|1
|-damage|p2a: Emboar|11/100
|-damage|p1b: Rotom|90/100|[from] item: Life Orb
|cant|p2b: Corviknight|flinch
|
|-heal|p1a: Incineroar|14/100|[from] item: Leftovers
|upkeep
|turn|5
|
|t:|1785383632
|move|p2a: Emboar|Protect|p2a: Emboar
|-singleturn|p2a: Emboar|Protect
|move|p1b: Rotom|Thunderbolt|p2b: Corviknight
|-supereffective|p2b: Corviknight|1
|-damage|p2b: Corviknight|10/100
|-enditem|p2b: Corviknight|Sitrus Berry|[eat]
|-heal|p2b: Corviknight|35/100|[from] item: Sitrus Berry
|-damage|p1b: Rotom|80/100|[from] item: Life Orb
|move|p2b: Corviknight|Brave Bird|p1a: Incineroar
|-damage|p1a: Incineroar|0 fnt
|faint|p1a: Incineroar
|-damage|p2b: Corviknight|30/100|[from] Recoil
|
|upkeep
|
|t:|1785383638
|switch|p1a: Chesnaught|Chesnaught, L50, F|100/100
|turn|6
|
|t:|1785383667
|move|p1b: Rotom|Thunderbolt|p2a: Emboar
|-damage|p2a: Emboar|0 fnt
|faint|p2a: Emboar
|-damage|p1b: Rotom|71/100|[from] item: Life Orb
|move|p2b: Corviknight|Roost|p2b: Corviknight
|-heal|p2b: Corviknight|80/100
|-singleturn|p2b: Corviknight|move: Roost
|move|p1a: Chesnaught|Body Press|p2b: Corviknight
|-supereffective|p2b: Corviknight|1
|-damage|p2b: Corviknight|64/100
|
|upkeep
|turn|7
|
|t:|1785383678
|move|p1b: Rotom|Thunderbolt|p2b: Corviknight
|-supereffective|p2b: Corviknight|1
|-damage|p2b: Corviknight|0 fnt
|faint|p2b: Corviknight
|-damage|p1b: Rotom|61/100|[from] item: Life Orb
|
|win|vpandur
