|j|☆25th_mang
|j|☆135x155
|html|25th_mang135x155    
|uhtml|bestof|Game 1 of a best-of-3
|t:|1783408464
|gametype|doubles
|player|p1|25th_mang|ballguy|1212
|player|p2|135x155|biker-gen4|1131
|gen|9
|tier|[Gen 9 Champions] VGC 2026 Reg M-B (Bo3)
|rated|
|rule|Species Clause: Limit one of each Pokémon
|rule|Item Clause: Limit 1 of each item
|clearpoke
|poke|p1|Chandelure, L50, M|
|poke|p1|Garchomp, L50, M|
|poke|p1|Kingambit, L50, M|
|poke|p1|Tsareena, L50, F|
|poke|p1|Whimsicott, L50, F|
|poke|p1|Starmie, L50|
|poke|p2|Sinistcha, L50|
|poke|p2|Blaziken, L50, M|
|poke|p2|Ninetales-Alola, L50, M|
|poke|p2|Kingambit, L50, M|
|poke|p2|Pelipper, L50, M|
|poke|p2|Swampert, L50, F|
|teampreview|4
|showteam|p1|Chandelure||Chandelurite|FlashFire|HeatWave,ShadowBall,TrickRoom,Protect|Modest||M|||50|]Garchomp||LifeOrb|RoughSkin|StompingTantrum,DragonClaw,RockSlide,Protect|Jolly||M|||50|]Kingambit||ChopleBerry|Defiant|IronHead,SuckerPunch,LowKick,Protect|Adamant||M|||50|]Tsareena||WideLens|QueenlyMajesty|PowerWhip,TripleAxel,HelpingHand,Protect|Adamant||F|||50|]Whimsicott||FocusSash|Prankster|Moonblast,Tailwind,Encore,SunnyDay|Modest||F|||50|]Starmie||ChoiceScarf|NaturalCure|Scald,IcyWind,Psychic,Thunderbolt|Modest|||||50|
|showteam|p2|Sinistcha||SitrusBerry|Hospitality|MatchaGotcha,LifeDew,TrickRoom,RagePowder|Relaxed|||||50|]Blaziken||Blazikenite|SpeedBoost|CloseCombat,FlareBlitz,RockSlide,Protect|Adamant||M|||50|]Ninetales-Alola||LightClay|SnowWarning|FreezeDry,Blizzard,Protect,AuroraVeil|Timid||M|||50|]Kingambit||ChopleBerry|Defiant|KowtowCleave,SuckerPunch,IronHead,LowKick|Adamant||M|||50|]Pelipper||DampRock|Drizzle|Hurricane,Protect,WeatherBall,Tailwind|Bold||M|||50|]Swampert||Swampertite|Damp|Earthquake,RockSlide,WaveCrash,Protect|Adamant||F|||50|
|inactive|Battle timer is ON: inactive players will automatically lose when time's up. (requested by 25th_mang)
|inactive|135x155 also wants the timer to be on.
|inactive|25th_mang has 60 seconds left.
|inactive|135x155 has 60 seconds left.
|inactive|135x155 has 30 seconds left.
|
|t:|1783408528
|teamsize|p1|4
|teamsize|p2|4
|start
|switch|p1a: Whimsicott|Whimsicott, L50, F|100/100
|switch|p1b: Chandelure|Chandelure, L50, M|100/100
|switch|p2a: Swampert|Swampert, L50, F|100/100
|switch|p2b: Sinistcha|Sinistcha, L50|100/100
|turn|1
|
|t:|1783408550
|switch|p2b: Pelipper|Pelipper, L50, M|100/100
|-weather|RainDance|[from] ability: Drizzle|[of] p2b: Pelipper
|detailschange|p1b: Chandelure|Chandelure-Mega, L50, M
|-mega|p1b: Chandelure|Chandelure|Chandelurite
|detailschange|p2a: Swampert|Swampert-Mega, L50, F
|-mega|p2a: Swampert|Swampert|Swampertite
|move|p1a: Whimsicott|Sunny Day|p1a: Whimsicott
|-weather|SunnyDay
|move|p1b: Chandelure|Heat Wave|p2b: Pelipper|[spread] 
|-miss|p1b: Chandelure|p2a: Swampert
|-miss|p1b: Chandelure|p2b: Pelipper
|move|p2a: Swampert|Wave Crash|p1b: Chandelure
|-supereffective|p1b: Chandelure|1
|-damage|p1b: Chandelure|21/100
|-damage|p2a: Swampert|76/100|[from] Recoil
|
|-weather|SunnyDay|[upkeep]
|upkeep
|turn|2
|inactive|25th_mang has 30 seconds left.
|inactive|135x155 has 30 seconds left.
|
|t:|1783408582
|switch|p1b: Tsareena|Tsareena, L50, F|100/100
|move|p1a: Whimsicott|Encore|p2a: Swampert
|-start|p2a: Swampert|Encore
|move|p2a: Swampert|Wave Crash|p1b: Tsareena
|-resisted|p1b: Tsareena|1
|-damage|p1b: Tsareena|78/100
|-damage|p2a: Swampert|69/100|[from] Recoil
|move|p2b: Pelipper|Weather Ball|p1a: Whimsicott
|-supereffective|p1a: Whimsicott|1
|-crit|p1a: Whimsicott
|-enditem|p1a: Whimsicott|Focus Sash
|-damage|p1a: Whimsicott|1/100
|
|-weather|SunnyDay|[upkeep]
|upkeep
|turn|3
|inactive|25th_mang has 30 seconds left.
|
|t:|1783408616
|switch|p2a: Ninetales|Ninetales-Alola, L50, M|100/100
|-weather|Snowscape|[from] ability: Snow Warning|[of] p2a: Ninetales
|move|p1a: Whimsicott|Tailwind|p1a: Whimsicott
|-sidestart|p1: 25th_mang|move: Tailwind
|move|p1b: Tsareena|Power Whip|p2b: Pelipper
|-damage|p2b: Pelipper|58/100
|move|p2b: Pelipper|Weather Ball|p1b: Tsareena
|-supereffective|p1b: Tsareena|1
|-damage|p1b: Tsareena|30/100
|
|-weather|Snowscape|[upkeep]
|upkeep
|turn|4
|
|t:|1783408641
|switch|p1b: Chandelure|Chandelure-Mega, L50, M|21/100
|move|p1a: Whimsicott|Sunny Day|p1a: Whimsicott
|-weather|SunnyDay
|move|p2a: Ninetales|Freeze-Dry|p1b: Chandelure
|-resisted|p1b: Chandelure|1
|-damage|p1b: Chandelure|10/100
|move|p2b: Pelipper|Tailwind|p2b: Pelipper
|-sidestart|p2: 135x155|move: Tailwind
|
|-weather|SunnyDay|[upkeep]
|upkeep
|turn|5
|
|t:|1783408662
|switch|p2a: Swampert|Swampert-Mega, L50, F|69/100
|move|p1a: Whimsicott|Encore|p2b: Pelipper
|-start|p2b: Pelipper|Encore
|move|p1b: Chandelure|Heat Wave|p2a: Swampert|[spread] p2a,p2b
|-resisted|p2a: Swampert|1
|-resisted|p2b: Pelipper|1
|-damage|p2a: Swampert|35/100
|-damage|p2b: Pelipper|4/100
|move|p2b: Pelipper|Tailwind||[still]
|-fail|p2b: Pelipper
|
|-weather|SunnyDay|[upkeep]
|upkeep
|turn|6
|
|t:|1783408684
|switch|p2b: Sinistcha|Sinistcha, L50|100/100
|-heal|p2a: Swampert|60/100|[from] ability: Hospitality|[of] p2b: Sinistcha
|move|p1a: Whimsicott|Moonblast|p2a: Swampert
|-damage|p2a: Swampert|23/100
|move|p1b: Chandelure|Shadow Ball|p2a: Swampert
|-damage|p2a: Swampert|0 fnt
|faint|p2a: Swampert
|
|-weather|SunnyDay|[upkeep]
|-sideend|p1: 25th_mang|move: Tailwind
|upkeep
|
|t:|1783408693
|switch|p2a: Ninetales|Ninetales-Alola, L50, M|100/100
|-weather|Snowscape|[from] ability: Snow Warning|[of] p2a: Ninetales
|turn|7
|inactive|25th_mang has 30 seconds left.
|
|t:|1783408726
|switch|p1b: Kingambit|Kingambit, L50, M|100/100
|move|p1a: Whimsicott|Sunny Day|p1a: Whimsicott
|-weather|SunnyDay
|move|p2a: Ninetales|Freeze-Dry|p1b: Kingambit
|-resisted|p1b: Kingambit|1
|-crit|p1b: Kingambit
|-damage|p1b: Kingambit|84/100
|move|p2b: Sinistcha|Matcha Gotcha|p1a: Whimsicott|[spread] p1a,p1b
|-resisted|p1a: Whimsicott|1
|-resisted|p1b: Kingambit|1
|-damage|p1a: Whimsicott|0 fnt
|-damage|p1b: Kingambit|71/100
|faint|p1a: Whimsicott
|
|-weather|SunnyDay|[upkeep]
|-sideend|p2: 135x155|move: Tailwind
|upkeep
|
|t:|1783408743
|switch|p1a: Chandelure|Chandelure-Mega, L50, M|10/100
|turn|8
|
|t:|1783408759
|switch|p2a: Pelipper|Pelipper, L50, M|4/100
|-weather|RainDance|[from] ability: Drizzle|[of] p2a: Pelipper
|move|p1a: Chandelure|Shadow Ball|p2b: Sinistcha
|-supereffective|p2b: Sinistcha|1
|-damage|p2b: Sinistcha|0 fnt
|faint|p2b: Sinistcha
|move|p1b: Kingambit|Iron Head|p2a: Pelipper
|-resisted|p2a: Pelipper|1
|-damage|p2a: Pelipper|0 fnt
|faint|p2a: Pelipper
|
|-weather|RainDance|[upkeep]
|upkeep
|
|t:|1783408768
|switch|p2b: Ninetales|Ninetales-Alola, L50, M|100/100
|-weather|Snowscape|[from] ability: Snow Warning|[of] p2b: Ninetales
|turn|9
|
|t:|1783408790
|move|p2b: Ninetales|Blizzard|p1b: Kingambit|[spread] p1a,p1b
|-resisted|p1a: Chandelure|1
|-resisted|p1b: Kingambit|1
|-damage|p1a: Chandelure|0 fnt
|-damage|p1b: Kingambit|58/100
|-status|p1b: Kingambit|frz
|faint|p1a: Chandelure
|-curestatus|p1b: Kingambit|frz|[msg]
|move|p1b: Kingambit|Iron Head|p2b: Ninetales
|-supereffective|p2b: Ninetales|2
|-damage|p2b: Ninetales|0 fnt
|faint|p2b: Ninetales
|
|win|25th_mang
||135x155 is ready for game 2.
|l|☆135x155
|player|p2|
|inactive|25th_mang has 30 seconds to confirm battle start!
