|j|☆dcerza127
|j|☆Vuultur
|html|dcerza127Vuultur    
|uhtml|bestof|Game 2 of a best-of-3
|t:|1754616376
|gametype|doubles
|player|p1|dcerza127|169|1237
|player|p2|Vuultur|hilbert-wonderlauncher|1311
|gen|9
|tier|[Gen 9] VGC 2025 Reg H (Bo3)
|rated|
|rule|Species Clause: Limit one of each Pokémon
|rule|Item Clause: Limit 1 of each item
|clearpoke
|poke|p1|Meowscarada, L50, M|
|poke|p1|Primarina, L50, F|
|poke|p1|Sneasler, L50, M|
|poke|p1|Indeedee, L50, M|
|poke|p1|Typhlosion-Hisui, L50, M|
|poke|p1|Decidueye-Hisui, L50, F|
|poke|p2|Pelipper, L50, M|
|poke|p2|Archaludon, L50, M|
|poke|p2|Annihilape, L50, F|
|poke|p2|Maushold, L50|
|poke|p2|Rillaboom, L50, F|
|poke|p2|Basculegion, L50, M|
|teampreview|4
|showteam|p1|Meowscarada||FocusSash|Overgrow|GrassPledge,FlowerTrick,KnockOff,Protect|||M|||50|,,,,,Ghost]Primarina||CovertCloak|LiquidVoice|WaterPledge,HyperVoice,Moonblast,Protect|||F|||50|,,,,,Poison]Sneasler||PsychicSeed|Unburden|DireClaw,CloseCombat,ThroatChop,Protect|||M|||50|,,,,,Dark]Indeedee||SafetyGoggles|PsychicSurge|ExpandingForce,Imprison,TrickRoom,Protect|||M|||50|,,,,,Fairy]Typhlosion-Hisui||ChoiceSpecs|Blaze|Eruption,HeatWave,FirePledge,ShadowBall|||M|||50|,,,,,Fire]Decidueye-Hisui||RazorClaw|Scrappy|TripleArrows,LeafBlade,Tailwind,Protect|||F|||50|,,,,,Fire
|showteam|p2|Pelipper||FocusSash|Drizzle|WeatherBall,Hurricane,Protect,Tailwind|||M|||50|,,,,,Ghost]Archaludon||AssaultVest|Stamina|ElectroShot,DragonPulse,FlashCannon,BodyPress|||M|||50|,,,,,Grass]Annihilape||SafetyGoggles|Defiant|RageFist,DrainPunch,BulkUp,Protect|||F|||50|,,,,,Fire]Maushold||SitrusBerry|FriendGuard|BeatUp,FollowMe,Taunt,Protect||||||50|,,,,,Ghost]Rillaboom||MiracleSeed|GrassySurge|FakeOut,GrassyGlide,WoodHammer,Uturn|||F|||50|,,,,,Fire]Basculegion||ChoiceBand|SwiftSwim|WaveCrash,AquaJet,LastRespects,FlipTurn|||M|||50|,,,,,Water
|inactive|Battle timer is ON: inactive players will automatically lose when time's up. (requested by dcerza127)
|
|t:|1754616406
|teamsize|p1|4
|teamsize|p2|4
|start
|switch|p1a: Meowscarada|Meowscarada, L50, M|100/100
|switch|p1b: Primarina|Primarina, L50, F|100/100
|switch|p2a: Pelipper|Pelipper, L50, M|100/100
|switch|p2b: Basculegion|Basculegion, L50, M|100/100
|-weather|RainDance|[from] ability: Drizzle|[of] p2a: Pelipper
|turn|1
|inactive|dcerza127 has 30 seconds left.
|inactive|Vuultur has 30 seconds left.
|inactive|dcerza127 has 20 seconds left.
|inactive|Vuultur has 20 seconds left.
|inactive|dcerza127 has 15 seconds left.
|inactive|Vuultur has 15 seconds left.
|
|t:|1754616448
|move|p2a: Pelipper|Protect|p2a: Pelipper
|-singleturn|p2a: Pelipper|Protect
|move|p2b: Basculegion|Flip Turn|p1a: Meowscarada
|-resisted|p1a: Meowscarada
|-damage|p1a: Meowscarada|47/100
|
|t:|1754616457
|switch|p2b: Archaludon|Archaludon, L50, M, shiny|100/100|[from] Flip Turn
|move|p1a: Meowscarada|Knock Off|p2b: Archaludon
|-damage|p2b: Archaludon|68/100
|-ability|p2b: Archaludon|Stamina|boost
|-boost|p2b: Archaludon|def|1
|-enditem|p2b: Archaludon|Assault Vest|[from] move: Knock Off|[of] p1a: Meowscarada
|move|p1b: Primarina|Moonblast|p2b: Archaludon
|-damage|p2b: Archaludon|11/100
|-ability|p2b: Archaludon|Stamina|boost
|-boost|p2b: Archaludon|def|1
|
|-weather|RainDance|[upkeep]
|upkeep
|turn|2
|inactive|Vuultur has 30 seconds left.
|
|t:|1754616491
|switch|p2b: Rillaboom|Rillaboom, L50, F|100/100
|-fieldstart|move: Grassy Terrain|[from] ability: Grassy Surge|[of] p2b: Rillaboom
|move|p1a: Meowscarada|Grass Pledge|p2b: Rillaboom
|-waiting|p1a: Meowscarada|p1b: Primarina
|move|p1b: Primarina|Water Pledge|p2b: Rillaboom|[from] move: Grass Pledge
|-combine
|-resisted|p2b: Rillaboom
|-damage|p2b: Rillaboom|54/100
|-sidestart|p2: Vuultur|Grass Pledge
|move|p2a: Pelipper|Hurricane|p1a: Meowscarada
|-supereffective|p1a: Meowscarada
|-damage|p1a: Meowscarada|0 fnt
|faint|p1a: Meowscarada
|
|-weather|RainDance|[upkeep]
|-heal|p2b: Rillaboom|60/100|[from] Grassy Terrain
|upkeep
|
|t:|1754616505
|switch|p1a: Indeedee|Indeedee, L50, M|100/100
|-fieldstart|move: Psychic Terrain|[from] ability: Psychic Surge|[of] p1a: Indeedee
|turn|3
|inactive|Vuultur has 30 seconds left.
|
|t:|1754616536
|switch|p2b: Archaludon|Archaludon, L50, M, shiny|11/100
|move|p2a: Pelipper|Protect|p2a: Pelipper
|-singleturn|p2a: Pelipper|Protect
|move|p1a: Indeedee|Expanding Force|p2b: Archaludon|[spread] p2b
|-activate|p2a: Pelipper|move: Protect
|-resisted|p2b: Archaludon
|-damage|p2b: Archaludon|0 fnt
|faint|p2b: Archaludon
|move|p1b: Primarina|Moonblast|p2a: Pelipper
|-activate|p2a: Pelipper|move: Protect
|
|-weather|RainDance|[upkeep]
|upkeep
|inactive|Vuultur has 30 seconds left.
|inactive|Vuultur has 20 seconds left.
|
|t:|1754616571
|switch|p2b: Basculegion|Basculegion, L50, M|100/100
|turn|4
|inactive|dcerza127 has 30 seconds left.
|inactive|Vuultur has 30 seconds left.
|inactive|dcerza127 has 20 seconds left.
|inactive|dcerza127 has 15 seconds left.
|inactive|dcerza127 has 10 seconds left.
|inactive|dcerza127 has 5 seconds left.
|
|t:|1754616622
|switch|p2b: Rillaboom|Rillaboom, L50, F|60/100
|-fieldstart|move: Grassy Terrain|[from] ability: Grassy Surge|[of] p2b: Rillaboom
|move|p1a: Indeedee|Protect|p1a: Indeedee
|-singleturn|p1a: Indeedee|Protect
|move|p1b: Primarina|Moonblast|p2b: Rillaboom
|-damage|p2b: Rillaboom|11/100
|-unboost|p2b: Rillaboom|spa|1
|move|p2a: Pelipper|Weather Ball|p1a: Indeedee
|-activate|p1a: Indeedee|move: Protect
|
|-weather|RainDance|[upkeep]
|-heal|p2b: Rillaboom|17/100|[from] Grassy Terrain
|upkeep
|turn|5
|inactive|Vuultur has 30 seconds left.
|inactive|Vuultur has 20 seconds left.
|inactive|Vuultur has 15 seconds left.
|inactive|Vuultur has 10 seconds left.
|
|t:|1754616670
|switch|p1a: Sneasler|Sneasler, L50, M|100/100
|switch|p2b: Basculegion|Basculegion, L50, M|100/100
|-terastallize|p1b: Primarina|Poison
|move|p1b: Primarina|Hyper Voice|p2a: Pelipper|[spread] p2a,p2b
|-resisted|p2a: Pelipper
|-resisted|p2b: Basculegion
|-damage|p2a: Pelipper|60/100
|-damage|p2b: Basculegion|71/100
|move|p2a: Pelipper|Weather Ball|p1a: Sneasler
|-damage|p1a: Sneasler|12/100
|
|-weather|none
|-heal|p1a: Sneasler|18/100|[from] Grassy Terrain
|-heal|p2b: Basculegion|77/100|[from] Grassy Terrain
|-sideend|p2: Vuultur|Grass Pledge
|upkeep
|turn|6
|inactive|dcerza127 has 30 seconds left.
|inactive|Vuultur has 30 seconds left.
|inactive|dcerza127 has 20 seconds left.
|inactive|Vuultur has 20 seconds left.
|inactive|dcerza127 has 15 seconds left.
|inactive|Vuultur has 15 seconds left.
|inactive|Vuultur has 10 seconds left.
|
|t:|1754616715
|switch|p2a: Rillaboom|Rillaboom, L50, F|17/100
|switch|p1b: Indeedee|Indeedee, L50, M|100/100
|-fieldstart|move: Psychic Terrain|[from] ability: Psychic Surge|[of] p1b: Indeedee
|-enditem|p1a: Sneasler|Psychic Seed
|-boost|p1a: Sneasler|spd|1|[from] item: Psychic Seed
|-terastallize|p2b: Basculegion|Water
|move|p1a: Sneasler|Close Combat|p2b: Basculegion
|-damage|p2b: Basculegion|0 fnt
|-unboost|p1a: Sneasler|def|1
|-unboost|p1a: Sneasler|spd|1
|faint|p2b: Basculegion
|
|upkeep
|
|t:|1754616728
|switch|p2b: Pelipper|Pelipper, L50, M|60/100
|-weather|RainDance|[from] ability: Drizzle|[of] p2b: Pelipper
|turn|7
|
|t:|1754616738
|move|p1a: Sneasler|Dire Claw|p2b: Pelipper
|-damage|p2b: Pelipper|0 fnt
|faint|p2b: Pelipper
|move|p1b: Indeedee|Expanding Force|p2a: Rillaboom
|-damage|p2a: Rillaboom|0 fnt
|faint|p2a: Rillaboom
|
|win|dcerza127
|raw|dcerza127's rating: 1237 → 1267(+30 for winning)
|raw|Vuultur's rating: 1311 → 1287(-24 for losing)
|l|☆Vuultur
|player|p2|
