|j|‚òÜKyleTampy
|j|‚òÜOldcow
|html|KyleTampyOldcow    
|uhtml|bestof|Game 3 of a best-of-3
|t:|1784568467
|gametype|doubles
|player|p1|KyleTampy|lucian|
|player|p2|Oldcow|shadowtriad|
|gen|9
|tier|[Gen 9 Champions] VGC 2026 Reg M-B (Bo3)
|rule|Species Clause: Limit one of each Pok√©mon
|rule|Item Clause: Limit 1 of each item
|clearpoke
|poke|p1|Charizard, L50, M|
|poke|p1|Pelipper, L50, F, shiny|
|poke|p1|Basculegion, L50, M|
|poke|p1|Archaludon, L50, M|
|poke|p1|Farigiraf, L50, M|
|poke|p1|Meganium, L50, F, shiny|
|poke|p2|Raichu, L50, F|
|poke|p2|Staraptor, L50, F, shiny|
|poke|p2|Tyranitar, L50, M, shiny|
|poke|p2|Drampa, L50, M|
|poke|p2|Grimmsnarl, L50, M, shiny|
|poke|p2|Sinistcha, L50|
|teampreview|4
|showteam|p1|Charizard||CharizarditeY|Blaze|HeatWave,AncientPower,WeatherBall,Protect|Modest||M|||50|]Pelipper||FocusSash|Drizzle|Hurricane,WeatherBall,Tailwind,Protect|Timid||F|||50|]Basculegion||ChoiceScarf|Adaptability|WaveCrash,AquaJet,LastRespects,FlipTurn|Jolly||M|||50|]Archaludon||Leftovers|Stamina|ElectroShot,DragonPulse,FlashCannon,Protect|Modest||M|||50|]Farigiraf||SitrusBerry|ArmorTail|TrickRoom,Thunderbolt,Psychic,HelpingHand|Relaxed||M|||50|]Meganium||Meganiumite|Overgrow|SolarBeam,DazzlingGleam,Protect,WeatherBall|Modest||F|||50|
|showteam|p2|Raichu||RaichuniteY|LightningRod|ZapCannon,FocusBlast,VoltSwitch,Protect|Timid||F|||50|]Staraptor||Staraptite|Intimidate|BraveBird,CloseCombat,Tailwind,Protect|Jolly||F|||50|]Tyranitar||PasshoBerry|SandStream|RockSlide,KnockOff,HighHorsepower,Protect|Adamant||M|||50|]Drampa||Leftovers|CloudNine|HyperVoice,Flamethrower,EarthPower,Protect|Quiet||M|||50|]Grimmsnarl||LightClay|Prankster|FoulPlay,Reflect,LightScreen,PartingShot|Calm||M|||50|]Sinistcha||CobaBerry|Hospitality|MatchaGotcha,RagePowder,TrickRoom,Imprison|Calm|||||50|
|c|‚òÜKyleTampy|Kasi you don't want megan to fire off gleams
|c|‚òÜKyleTampy|Without being punished
|c|‚òÜOldcow|yep
|c|‚òÜKyleTampy|So i would think bird lead
|c|‚òÜOldcow|if i want to use drampa
|c|‚òÜOldcow|dapat after screens
|c|‚òÜKyleTampy|Lagi syang nasa likod
|c|‚òÜOldcow|and parting maybe
|c|‚òÜKyleTampy|Yeah
|c|‚òÜKyleTampy|Sitting duck sya sa harap
|c|‚òÜKyleTampy|Free hit sa magswswitch for it
|c|‚òÜKyleTampy|Unless may tr of course
|c|‚òÜOldcow|yeah
|c|‚òÜOldcow|sini dont do much hahaha
|
|t:|1784568611
|teamsize|p1|4
|teamsize|p2|4
|start
|switch|p1a: Pink Pony Club|Meganium, L50, F, shiny|100/100
|switch|p1b: Archaludon|Archaludon, L50, M|100/100
|switch|p2a: Staraptor|Staraptor, L50, F, shiny|100/100
|switch|p2b: Grimmsnarl|Grimmsnarl, L50, M, shiny|100/100
|-ability|p2a: Staraptor|Intimidate|boost
|-unboost|p1a: Pink Pony Club|atk|1
|-unboost|p1b: Archaludon|atk|1
|turn|1
|c|‚òÜKyleTampy|Not against this siguro
|
|t:|1784568645
|detailschange|p1a: Pink Pony Club|Meganium-Mega, L50, F, shiny
|-mega|p1a: Pink Pony Club|Meganium|Meganiumite
|move|p2a: Staraptor|Protect|p2a: Staraptor
|-singleturn|p2a: Staraptor|Protect
|move|p1a: Pink Pony Club|Protect|p1a: Pink Pony Club
|-singleturn|p1a: Pink Pony Club|Protect
|move|p2b: Grimmsnarl|Light Screen|p2b: Grimmsnarl
|-sidestart|p2: Oldcow|move: Light Screen
|move|p1b: Archaludon|Flash Cannon|p2b: Grimmsnarl
|-supereffective|p2b: Grimmsnarl|1
|-damage|p2b: Grimmsnarl|55/100
|
|upkeep
|turn|2
|
|t:|1784568664
|switch|p1b: Pelipper|Pelipper, L50, F, shiny|100/100
|-weather|RainDance|[from] ability: Drizzle|[of] p1b: Pelipper
|detailschange|p2a: Staraptor|Staraptor-Mega, L50, F, shiny
|-mega|p2a: Staraptor|Staraptor|Staraptite
|move|p2b: Grimmsnarl|Parting Shot|p2a: Staraptor
|-boost|p2a: Staraptor|atk|1
|-boost|p2a: Staraptor|spa|1
|
|t:|1784568676
|switch|p2b: Tyranitar|Tyranitar, L50, M, shiny|100/100|[from] Parting Shot
|-weather|Sandstorm|[from] ability: Sand Stream|[of] p2b: Tyranitar
|move|p2a: Staraptor|Close Combat|p1b: Pelipper
|-resisted|p1b: Pelipper|1
|-damage|p1b: Pelipper|53/100
|-boost|p2a: Staraptor|def|1
|-boost|p2a: Staraptor|spd|1
|move|p1a: Pink Pony Club|Dazzling Gleam|p2a: Staraptor|[spread] p2a,p2b
|-supereffective|p2a: Staraptor|1
|-supereffective|p2b: Tyranitar|1
|-damage|p2a: Staraptor|68/100
|-damage|p2b: Tyranitar|57/100
|
|-weather|Sandstorm|[upkeep]
|-damage|p2a: Staraptor|61/100|[from] Sandstorm
|-damage|p1a: Pink Pony Club|94/100|[from] Sandstorm
|-damage|p1b: Pelipper|47/100|[from] Sandstorm
|upkeep
|turn|3
|
|t:|1784568712
|switch|p1a: Archaludon|Archaludon, L50, M|100/100
|move|p2a: Staraptor|Protect|p2a: Staraptor
|-singleturn|p2a: Staraptor|Protect
|move|p1b: Pelipper|Protect|p1b: Pelipper
|-singleturn|p1b: Pelipper|Protect
|move|p2b: Tyranitar|Rock Slide|p1a: Archaludon|[spread] p1a
|-activate|p1b: Pelipper|move: Protect
|-resisted|p1a: Archaludon|1
|-damage|p1a: Archaludon|87/100
|-ability|p1a: Archaludon|Stamina|boost
|-boost|p1a: Archaludon|def|1
|
|-weather|Sandstorm|[upkeep]
|-damage|p2a: Staraptor|55/100|[from] Sandstorm
|-damage|p1b: Pelipper|41/100|[from] Sandstorm
|-heal|p1a: Archaludon|93/100|[from] item: Leftovers
|upkeep
|turn|4
|c|‚òÜOldcow|nice
|c|‚òÜOldcow|iniisip ko rin un eh
|
|t:|1784568738
|switch|p1b: Basculegion|Basculegion, L50, M|100/100
|move|p2a: Staraptor|Close Combat|p1a: Archaludon
|-supereffective|p1a: Archaludon|1
|-damage|p1a: Archaludon|2/100
|-boost|p2a: Staraptor|def|1
|-boost|p2a: Staraptor|spd|1
|-ability|p1a: Archaludon|Stamina|boost
|-boost|p1a: Archaludon|def|1
|move|p1a: Archaludon|Flash Cannon|p2b: Tyranitar
|-supereffective|p2b: Tyranitar|1
|-crit|p2b: Tyranitar
|-damage|p2b: Tyranitar|0 fnt
|faint|p2b: Tyranitar
|
|-weather|Sandstorm|[upkeep]
|-damage|p1b: Basculegion|94/100|[from] Sandstorm
|-damage|p2a: Staraptor|49/100|[from] Sandstorm
|-heal|p1a: Archaludon|8/100|[from] item: Leftovers
|upkeep
|
|t:|1784568756
|switch|p2b: Grimmsnarl|Grimmsnarl, L50, M, shiny|55/100
|turn|5
|c|‚òÜKyleTampy|Ang safe mo naman maglaro kay raptor kek
|c|‚òÜOldcow|crit mattered kaya?
|c|‚òÜOldcow|protect bird
|c|‚òÜOldcow|bird alone kills megan
|
|t:|1784568802
|move|p1b: Basculegion|Flip Turn|p2b: Grimmsnarl
|-damage|p2b: Grimmsnarl|12/100
|
|t:|1784568812
|switch|p1b: Pink Pony Club|Meganium-Mega, L50, F, shiny|94/100|[from] Flip Turn
|move|p2a: Staraptor|Close Combat|p1a: Archaludon
|-supereffective|p1a: Archaludon|1
|-damage|p1a: Archaludon|0 fnt
|-boost|p2a: Staraptor|def|1
|-boost|p2a: Staraptor|spd|1
|faint|p1a: Archaludon
|move|p2b: Grimmsnarl|Foul Play|p1b: Pink Pony Club
|-resisted|p1b: Pink Pony Club|1
|-damage|p1b: Pink Pony Club|82/100
|
|-weather|Sandstorm|[upkeep]
|-damage|p2a: Staraptor|43/100|[from] Sandstorm
|-damage|p1b: Pink Pony Club|77/100|[from] Sandstorm
|-damage|p2b: Grimmsnarl|6/100|[from] Sandstorm
|upkeep
|
|t:|1784568817
|switch|p1a: Pelipper|Pelipper, L50, F, shiny|41/100
|-weather|RainDance|[from] ability: Drizzle|[of] p1a: Pelipper
|turn|6
|c|‚òÜKyleTampy|Also yes
|c|‚òÜKyleTampy|It mattered 100%
|c|‚òÜKyleTampy|Light screen + sandstorm
|
|t:|1784568851
|move|p2b: Grimmsnarl|Parting Shot|p1a: Pelipper
|-unboost|p1a: Pelipper|atk|1
|-unboost|p1a: Pelipper|spa|1
|
|t:|1784568855
|switch|p2b: Drampa|Drampa, L50, M|100/100|[from] Parting Shot
|-ability|p2b: Drampa|Cloud Nine
|move|p2a: Staraptor|Brave Bird|p1b: Pink Pony Club
|-supereffective|p1b: Pink Pony Club|1
|-damage|p1b: Pink Pony Club|0 fnt
|faint|p1b: Pink Pony Club
|-damage|p2a: Staraptor|18/100|[from] Recoil
|move|p1a: Pelipper|Hurricane|p2a: Staraptor
|-supereffective|p2a: Staraptor|1
|-damage|p2a: Staraptor|1/100
|
|-weather|RainDance|[upkeep]
|upkeep
|
|t:|1784568859
|switch|p1b: Basculegion|Basculegion, L50, M|94/100
|turn|7
|
|t:|1784568889
|move|p2a: Staraptor|Protect|p2a: Staraptor
|-singleturn|p2a: Staraptor|Protect
|move|p1b: Basculegion|Wave Crash|p2b: Drampa
|-resisted|p2b: Drampa|1
|-damage|p2b: Drampa|64/100
|-damage|p1b: Basculegion|83/100|[from] Recoil
|move|p1a: Pelipper|Tailwind|p1a: Pelipper
|-sidestart|p1: KyleTampy|move: Tailwind
|move|p2b: Drampa|Hyper Voice|p1a: Pelipper|[spread] p1a
|-immune|p1b: Basculegion
|-damage|p1a: Pelipper|0 fnt
|faint|p1a: Pelipper
|
|-weather|RainDance|[upkeep]
|-heal|p2b: Drampa|70/100|[from] item: Leftovers
|upkeep
|turn|8
|c|‚òÜOldcow|rip bird
|
|t:|1784568909
|move|p1b: Basculegion|Wave Crash|p2a: Staraptor
|-damage|p2a: Staraptor|0 fnt
|faint|p2a: Staraptor
|-damage|p1b: Basculegion|83/100|[from] Recoil
|move|p2b: Drampa|Earth Power|p1b: Basculegion
|-damage|p1b: Basculegion|47/100
|
|-weather|RainDance|[upkeep]
|-heal|p2b: Drampa|76/100|[from] item: Leftovers
|-sideend|p2: Oldcow|move: Light Screen
|upkeep
|c|‚òÜKyleTampy|Ayos di ba
|
|t:|1784568917
|switch|p2a: Grimmsnarl|Grimmsnarl, L50, M, shiny|6/100
|turn|9
|
|t:|1784568926
|move|p1b: Basculegion|Wave Crash|p2a: Grimmsnarl
|-damage|p2a: Grimmsnarl|0 fnt
|faint|p2a: Grimmsnarl
|-damage|p1b: Basculegion|45/100|[from] Recoil
|move|p2b: Drampa|Earth Power|p1b: Basculegion
|-damage|p1b: Basculegion|9/100
|
|-weather|RainDance|[upkeep]
|-heal|p2b: Drampa|82/100|[from] item: Leftovers
|upkeep
|turn|10
|
|t:|1784568933
|move|p2b: Drampa|Protect|p2b: Drampa
|-singleturn|p2b: Drampa|Protect
|move|p1b: Basculegion|Wave Crash|p2b: Drampa
|-activate|p2b: Drampa|move: Protect
|
|-weather|none
|-heal|p2b: Drampa|88/100|[from] item: Leftovers
|-sideend|p1: KyleTampy|move: Tailwind
|upkeep
|turn|11
|
|t:|1784568940
|move|p1b: Basculegion|Wave Crash|p2b: Drampa
|-resisted|p2b: Drampa|1
|-damage|p2b: Drampa|54/100
|-damage|p1b: Basculegion|0 fnt|[from] Recoil
|faint|p1b: Basculegion
|
|win|Oldcow
|c|‚òÜOldcow|drampa is the goat
|c|‚òÜKyleTampy|Nice pivoting
|c|‚òÜOldcow|as long as hindi lead
|c|‚òÜOldcow|thanks
|c|‚òÜKyleTampy|Di talaga pwede lead si drampa
|c|‚òÜKyleTampy|Unless ipapangbait mo
|c|‚òÜKyleTampy|And if the opp even takes the bait
|c|‚òÜOldcow|pero wala akong switch in into fairy eh
|c|‚òÜOldcow|not safe
|c|‚òÜKyleTampy|Like scoli lead tas ceruledge sa likod kinda shenanigans
|c|‚òÜKyleTampy|Yep
|c|‚òÜOldcow|true
|c|‚òÜKyleTampy|And maganda position nung ibon sa lead with grimm
|c|‚òÜKyleTampy|Unless may farig
|c|‚òÜOldcow|i think in general best lead si ibon
|c|‚òÜKyleTampy|Yeah
|c|‚òÜKyleTampy|Try natin farig
|c|‚òÜOldcow|oks
|c|‚òÜOldcow|last na hshaha
|c|‚òÜKyleTampy|Di ko kasi majustify eh
|c|‚òÜKyleTampy|Gege
|l|‚òÜOldcow
|player|p2|
