|j|☆Someoneofficial
|j|☆brodiewhat
|html|Someoneofficialbrodiewhat    
|uhtml|bestof|Game 1 of a best-of-3
|t:|1784661432
|gametype|doubles
|player|p1|Someoneofficial|clown|
|player|p2|brodiewhat|palmer|
|gen|9
|tier|[Gen 9 Champions] VGC 2026 Reg M-B (Bo3)
|rule|Species Clause: Limit one of each Pokémon
|rule|Item Clause: Limit 1 of each item
|clearpoke
|poke|p1|Raichu, L50, M, shiny|
|poke|p1|Venusaur, L50, M, shiny|
|poke|p1|Talonflame, L50, M, shiny|
|poke|p1|Kingambit, L50, M, shiny|
|poke|p1|Milotic, L50, M, shiny|
|poke|p1|Sylveon, L50, M, shiny|
|poke|p2|Malamar, L50, M|
|poke|p2|Blastoise, L50, F|
|poke|p2|Incineroar, L50, F|
|poke|p2|Basculegion, L50, M|
|poke|p2|Whimsicott, L50, M|
|poke|p2|Conkeldurr, L50, M|
|teampreview|4
|showteam|p1|Raichu||RaichuniteY|LightningRod|FakeOut,Protect,FocusBlast,ZapCannon|Timid||M|||50|]Venusaur||Venusaurite|Chlorophyll|EarthPower,GigaDrain,SludgeBomb,Protect|Calm||M|||50|]Talonflame||SharpBeak|GaleWings|QuickGuard,DualWingbeat,Tailwind,FlareBlitz|Jolly||M|||50|]Kingambit||FocusSash|Defiant|SuckerPunch,KowtowCleave,LowKick,IronHead|Adamant||M|||50|]Milotic||Leftovers|Competitive|MuddyWater,Coil,Hypnosis,Protect|Calm||M|||50|]Sylveon||FairyFeather|Pixilate|HyperBeam,HyperVoice,Detect,QuickAttack|Modest||M|||50|
|showteam|p2|Malamar||Malamarite|Contrary|TrickRoom,Superpower,KnockOff,PoisonJab|Brave||M|||50|]Blastoise||MysticWater|Torrent|FakeOut,WaterSpout,MuddyWater,IceBeam|Quiet||F|||50|]Incineroar||LifeOrb|Intimidate|FakeOut,FlareBlitz,ThroatChop,CloseCombat|Brave||F|||50|]Basculegion||FocusSash|Adaptability|Liquidation,AquaJet,LastRespects,WaveCrash|Brave||M|||50|]Whimsicott||IronBall|Prankster|Moonblast,Encore,LightScreen,GrassKnot|Quiet||M|||50|]Conkeldurr||SitrusBerry|Guts|Coaching,CloseCombat,IcePunch,KnockOff|Brave||M|||50|
|inactive|Battle timer is ON: inactive players will automatically lose when time's up. (requested by brodiewhat)
|inactiveoff|Battle timer is now OFF.
|
|t:|1784661488
|teamsize|p1|4
|teamsize|p2|4
|start
|switch|p1a: Chonka chi|Raichu, L50, M, shiny|100/100
|switch|p1b: Sylveon|Sylveon, L50, M, shiny|100/100
|switch|p2a: FAKIN KID|Incineroar, L50, F|100/100
|switch|p2b: Whimsicott|Whimsicott, L50, M|100/100
|-ability|p2a: FAKIN KID|Intimidate|boost
|-unboost|p1a: Chonka chi|atk|1
|-unboost|p1b: Sylveon|atk|1
|turn|1
|j| delio26
|
|t:|1784661514
|detailschange|p1a: Chonka chi|Raichu-Mega-Y, L50, M, shiny
|-mega|p1a: Chonka chi|Raichu|Raichunite Y
|move|p2b: Whimsicott|Light Screen|p2b: Whimsicott
|-sidestart|p2: brodiewhat|move: Light Screen
|move|p1a: Chonka chi|Zap Cannon|p2a: FAKIN KID
|-damage|p2a: FAKIN KID|62/100
|-status|p2a: FAKIN KID|par
|move|p1b: Sylveon|Hyper Voice|p2a: FAKIN KID|[spread] p2a,p2b
|-damage|p2a: FAKIN KID|32/100 par
|-damage|p2b: Whimsicott|57/100
|move|p2a: FAKIN KID|Flare Blitz|p1b: Sylveon
|-damage|p1b: Sylveon|0 fnt
|faint|p1b: Sylveon
|-damage|p2a: FAKIN KID|0 fnt|[from] Recoil
|faint|p2a: FAKIN KID
|
|upkeep
|
|t:|1784661530
|switch|p1b: Kingambit|Kingambit, L50, M, shiny|100/100
|switch|p2a: Malamar|Malamar, L50, M|100/100
|turn|2
|j| Calmmind75
|
|t:|1784661543
|detailschange|p2a: Malamar|Malamar-Mega, L50, M
|-mega|p2a: Malamar|Malamar|Malamarite
|move|p1a: Chonka chi|Zap Cannon|p2a: Malamar
|-damage|p2a: Malamar|69/100
|-status|p2a: Malamar|par
|move|p1b: Kingambit|Kowtow Cleave|p2a: Malamar
|-damage|p2a: Malamar|25/100 par
|move|p2b: Whimsicott|Moonblast|p1b: Kingambit
|-damage|p1b: Kingambit|56/100
|move|p2a: Malamar|Trick Room|p2a: Malamar
|-fieldstart|move: Trick Room|[of] p2a: Malamar
|
|upkeep
|turn|3
|c| Calmmind75|What in the actual is that whimsi set
|c| Calmmind75|Tr build?
|
|t:|1784661578
|switch|p2a: BIG|Blastoise, L50, F|100/100
|move|p1b: Kingambit|Sucker Punch||[still]
|-fail|p1b: Kingambit
|move|p2b: Whimsicott|Moonblast|p1b: Kingambit
|-damage|p1b: Kingambit|13/100
|move|p1a: Chonka chi|Zap Cannon|p2b: Whimsicott
|-resisted|p2b: Whimsicott|1
|-damage|p2b: Whimsicott|26/100
|-status|p2b: Whimsicott|par
|
|upkeep
|turn|4
|c| delio26|big man
|
|t:|1784661602
|switch|p1b: Milotic|Milotic, L50, M, shiny|100/100
|move|p1a: Chonka chi|Protect|p1a: Chonka chi
|-singleturn|p1a: Chonka chi|Protect
|cant|p2b: Whimsicott|par
|move|p2a: BIG|Water Spout|p1b: Milotic|[spread] p1b
|-activate|p1a: Chonka chi|move: Protect
|-resisted|p1b: Milotic|1
|-crit|p1b: Milotic
|-damage|p1b: Milotic|71/100
|
|-heal|p1b: Milotic|77/100|[from] item: Leftovers
|upkeep
|turn|5
|
|t:|1784661620
|move|p2b: Whimsicott|Moonblast|p1a: Chonka chi
|-damage|p1a: Chonka chi|50/100g
|move|p2a: BIG|Water Spout|p1b: Milotic|[spread] p1a,p1b
|-resisted|p1b: Milotic|1
|-damage|p1a: Chonka chi|0 fnt
|-damage|p1b: Milotic|58/100
|faint|p1a: Chonka chi
|move|p1b: Milotic|Muddy Water|p2a: BIG|[spread] 
|-miss|p1b: Milotic|p2a: BIG
|-miss|p1b: Milotic|p2b: Whimsicott
|
|-heal|p1b: Milotic|64/100|[from] item: Leftovers
|-sideend|p2: brodiewhat|move: Light Screen
|upkeep
|c| delio26|LOL
|
|t:|1784661631
|switch|p1a: Kingambit|Kingambit, L50, M, shiny|13/100
|turn|6
|
|t:|1784661639
|move|p1a: Kingambit|Sucker Punch|p2a: BIG
|-damage|p2a: BIG|59/100
|move|p2b: Whimsicott|Grass Knot|p1b: Milotic
|-supereffective|p1b: Milotic|1
|-damage|p1b: Milotic|10/100
|move|p2a: BIG|Water Spout|p1b: Milotic|[spread] p1a,p1b
|-resisted|p1b: Milotic|1
|-damage|p1a: Kingambit|0 fnt
|-damage|p1b: Milotic|1/100
|faint|p1a: Kingambit
|move|p1b: Milotic|Muddy Water|p2a: BIG|[spread] p2a,p2b
|-resisted|p2a: BIG|1
|-resisted|p2b: Whimsicott|1
|-damage|p2a: BIG|48/100
|-damage|p2b: Whimsicott|10/100 par
|
|-heal|p1b: Milotic|6/100|[from] item: Leftovers
|-fieldend|move: Trick Room
|upkeep
|turn|7
|
|t:|1784661660
|move|p1b: Milotic|Muddy Water|p2b: Whimsicott|[spread] p2a,p2b
|-resisted|p2a: BIG|1
|-resisted|p2b: Whimsicott|1
|-damage|p2a: BIG|37/100
|-damage|p2b: Whimsicott|0 fnt
|-unboost|p2a: BIG|accuracy|1
|faint|p2b: Whimsicott
|move|p2a: BIG|Ice Beam|p1b: Milotic|[miss]
|-miss|p2a: BIG|p1b: Milotic
|
|-heal|p1b: Milotic|12/100|[from] item: Leftovers
|upkeep
|
|t:|1784661667
|switch|p2b: Malamar|Malamar-Mega, L50, M|25/100 par
|turn|8
|
|t:|1784661673
|move|p1b: Milotic|Muddy Water|p2a: BIG|[spread] p2b
|-miss|p1b: Milotic|p2a: BIG
|-damage|p2b: Malamar|8/100 par
|-boost|p2b: Malamar|accuracy|1
|move|p2a: BIG|Ice Beam|p1b: Milotic
|-resisted|p1b: Milotic|1
|-crit|p1b: Milotic
|-damage|p1b: Milotic|1/100
|move|p2b: Malamar|Trick Room|p2b: Malamar
|-fieldstart|move: Trick Room|[of] p2b: Malamar
|
|-heal|p1b: Milotic|6/100|[from] item: Leftovers
|upkeep
|turn|9
|c| delio26|ty brodie
|
|t:|1784661688
|move|p1b: Milotic|Protect|p1b: Milotic
|-singleturn|p1b: Milotic|Protect
|move|p2b: Malamar|Knock Off|p1b: Milotic
|-activate|p1b: Milotic|move: Protect
|move|p2a: BIG|Water Spout|p1b: Milotic
|-activate|p1b: Milotic|move: Protect
|
|-heal|p1b: Milotic|12/100|[from] item: Leftovers
|upkeep
|turn|10
|
|t:|1784661697
|move|p1b: Milotic|Protect||[still]
|-fail|p1b: Milotic
|cant|p2b: Malamar|par
|move|p2a: BIG|Water Spout|p1b: Milotic|[miss]
|-miss|p2a: BIG|p1b: Milotic
|
|-heal|p1b: Milotic|18/100|[from] item: Leftovers
|upkeep
|turn|11
|
|t:|1784661707
|move|p2b: Malamar|Knock Off|p1b: Milotic
|-damage|p1b: Milotic|0 fnt
|-enditem|p1b: Milotic|Leftovers|[from] move: Knock Off|[of] p2b: Malamar
|faint|p1b: Milotic
|
|win|brodiewhat
||brodiewhat is ready for game 2.
||Someoneofficial is ready for game 2.
|uhtml|next|Next: Game 2 of 3
|l| delio26
|l| Calmmind75
|j| Calmmind75
