|j|‽LorGhez
|j|☆RTMV
|html|LorGhezRTMV    
|uhtml|bestof|Game 1 of a best-of-3
|t:|1783168221
|gametype|doubles
|player|p1|LorGhez|265|1147
|player|p2|RTMV|sage|1040
|gen|9
|tier|[Gen 9 Champions] VGC 2026 Reg M-B (Bo3)
|rated|
|rule|Species Clause: Limit one of each Pokémon
|rule|Item Clause: Limit 1 of each item
|clearpoke
|poke|p1|Venusaur, L50, M|
|poke|p1|Incineroar, L50, M|
|poke|p1|Primarina, L50, F|
|poke|p1|Aerodactyl, L50, F|
|poke|p1|Kingambit, L50, M|
|poke|p1|Farigiraf, L50, M|
|poke|p2|Trevenant, L50, M, shiny|
|poke|p2|Tyranitar, L50, M|
|poke|p2|Excadrill, L50, M|
|poke|p2|Houndstone, L50, F|
|poke|p2|Staraptor, L50, M|
|poke|p2|Krookodile, L50, M|
|teampreview|4
|showteam|p1|Venusaur||Venusaurite|Chlorophyll|Protect,GigaDrain,SludgeBomb,EarthPower|Modest||M|||50|]Incineroar||Charcoal|Intimidate|FakeOut,PartingShot,CloseCombat,FlareBlitz|Adamant||M|||50|]Primarina||LifeOrb|LiquidVoice|Protect,CalmMind,HyperVoice,Moonblast|Modest||F|||50|]Aerodactyl||Aerodactylite|Unnerve|DualWingbeat,Tailwind,RockSlide,IceFang|Adamant||F|||50|]Kingambit||BlackGlasses|Defiant|Protect,SuckerPunch,KowtowCleave,SwordsDance|Adamant||M|||50|]Farigiraf||ColburBerry|ArmorTail|TwinBeam,TrickRoom,Thunderbolt,HelpingHand|Sassy||M|||50|
|showteam|p2|Trevenant||SitrusBerry|Harvest|WoodHammer,WillOWisp,AllySwitch,Protect|Careful||M|||50|]Tyranitar||Tyranitarite|SandStream|RockSlide,KnockOff,DragonDance,Protect|Adamant||M|||50|]Excadrill||FocusSash|SandRush|IronHead,HighHorsepower,RockSlide,Protect|Adamant||M|||50|]Houndstone||KasibBerry|SandRush|PsychicFangs,LastRespects,AllySwitch,DestinyBond|Adamant||F|||50|]Staraptor||Staraptite|Intimidate|CloseCombat,BraveBird,Roost,Protect|Adamant||M|||50|]Krookodile||ChoiceScarf|Intimidate|Earthquake,KnockOff,GunkShot,Snarl|Jolly||M|||50|
|inactive|Battle timer is ON: inactive players will automatically lose when time's up. (requested by LorGhez)
|inactive|LorGhez has 60 seconds left.
|
|t:|1783168276
|teamsize|p1|4
|teamsize|p2|4
|start
|switch|p1a: Kingambit|Kingambit, L50, M|100/100
|switch|p1b: Venusaur|Venusaur, L50, M|100/100
|switch|p2a: White Oak|Trevenant, L50, M, shiny|100/100
|switch|p2b: Gojira|Tyranitar, L50, M|100/100
|-weather|Sandstorm|[from] ability: Sand Stream|[of] p2b: Gojira
|turn|1
|inactive|LorGhez has 30 seconds left.
|inactive|RTMV has 30 seconds left.
|inactive|RTMV has 20 seconds left.
|
|t:|1783168316
|switch|p1a: Incineroar|Incineroar, L50, M|100/100
|-ability|p1a: Incineroar|Intimidate|boost
|-unboost|p2a: White Oak|atk|1
|-unboost|p2b: Gojira|atk|1
|detailschange|p2b: Gojira|Tyranitar-Mega, L50, M
|-mega|p2b: Gojira|Tyranitar|Tyranitarite
|detailschange|p1b: Venusaur|Venusaur-Mega, L50, M
|-mega|p1b: Venusaur|Venusaur|Venusaurite
|move|p1b: Venusaur|Protect|p1b: Venusaur
|-singleturn|p1b: Venusaur|Protect
|move|p2a: White Oak|Ally Switch|p2a: White Oak
|swap|p2a: White Oak|1|[from] move: Ally Switch
|move|p2a: Gojira|Knock Off|p1a: Incineroar
|-resisted|p1a: Incineroar|1
|-damage|p1a: Incineroar|81/100
|-enditem|p1a: Incineroar|Charcoal|[from] move: Knock Off|[of] p2a: Gojira
|
|-weather|Sandstorm|[upkeep]
|-damage|p1b: Venusaur|93/100|[from] Sandstorm
|-damage|p1a: Incineroar|75/100|[from] Sandstorm
|-damage|p2b: White Oak|93/100|[from] Sandstorm
|upkeep
|turn|2
|inactive|LorGhez has 30 seconds left.
|
|t:|1783168350
|move|p2b: White Oak|Ally Switch||[still]
|-fail|p2b: White Oak
|move|p2a: Gojira|Dragon Dance|p2a: Gojira
|-boost|p2a: Gojira|atk|1
|-boost|p2a: Gojira|spe|1
|move|p1b: Venusaur|Giga Drain|p2a: Gojira
|-supereffective|p2a: Gojira|1
|-damage|p2a: Gojira|49/100
|-heal|p1b: Venusaur|100/100|[from] drain|[of] p2a: Gojira
|move|p1a: Incineroar|Parting Shot|p2b: White Oak
|-unboost|p2b: White Oak|atk|1
|-unboost|p2b: White Oak|spa|1
|
|t:|1783168363
|switch|p1a: Primarina|Primarina, L50, F|100/100|[from] Parting Shot
|
|-weather|Sandstorm|[upkeep]
|-damage|p1b: Venusaur|93/100|[from] Sandstorm
|-damage|p1a: Primarina|93/100|[from] Sandstorm
|-damage|p2b: White Oak|87/100|[from] Sandstorm
|upkeep
|turn|3
|inactive|RTMV has 30 seconds left.
|inactive|RTMV has 20 seconds left.
|
|t:|1783168399
|switch|p2a: Scarfdrill|Excadrill, L50, M|100/100
|switch|p1a: Incineroar|Incineroar, L50, M|75/100
|-ability|p1a: Incineroar|Intimidate|boost
|-unboost|p2a: Scarfdrill|atk|1
|-unboost|p2b: White Oak|atk|1
|move|p1b: Venusaur|Earth Power|p2a: Scarfdrill
|-supereffective|p2a: Scarfdrill|1
|-damage|p2a: Scarfdrill|12/100
|move|p2b: White Oak|Will-O-Wisp|p1b: Venusaur
|-status|p1b: Venusaur|brn
|
|-weather|Sandstorm|[upkeep]
|-damage|p1b: Venusaur|87/100 brn|[from] Sandstorm
|-damage|p1a: Incineroar|69/100|[from] Sandstorm
|-damage|p2b: White Oak|81/100|[from] Sandstorm
|-damage|p1b: Venusaur|81/100 brn|[from] brn
|upkeep
|turn|4
|inactive|LorGhez has 30 seconds left.
|inactive|RTMV has 30 seconds left.
|
|t:|1783168433
|move|p1a: Incineroar|Fake Out|p2a: Scarfdrill
|-resisted|p2a: Scarfdrill|1
|-damage|p2a: Scarfdrill|2/100
|move|p2b: White Oak|Ally Switch|p2b: White Oak
|swap|p2b: White Oak|0|[from] move: Ally Switch
|cant|p2b: Scarfdrill|flinch
|move|p1b: Venusaur|Sludge Bomb|p2b: Scarfdrill
|-immune|p2b: Scarfdrill
|
|-weather|Sandstorm|[upkeep]
|-damage|p1b: Venusaur|75/100 brn|[from] Sandstorm
|-damage|p1a: Incineroar|63/100|[from] Sandstorm
|-damage|p2a: White Oak|75/100|[from] Sandstorm
|-damage|p1b: Venusaur|69/100 brn|[from] brn
|upkeep
|turn|5
|inactive|LorGhez has 30 seconds left.
|inactive|RTMV has 30 seconds left.
|
|t:|1783168465
|switch|p1a: Kingambit|Kingambit, L50, M|100/100
|move|p2b: Scarfdrill|Protect|p2b: Scarfdrill
|-singleturn|p2b: Scarfdrill|Protect
|move|p2a: White Oak|Protect|p2a: White Oak
|-singleturn|p2a: White Oak|Protect
|move|p1b: Venusaur|Earth Power|p2a: White Oak
|-activate|p2a: White Oak|move: Protect
|
|-weather|none
|-damage|p1b: Venusaur|63/100 brn|[from] brn
|upkeep
|turn|6
|
|t:|1783168490
|switch|p1a: Incineroar|Incineroar, L50, M|63/100
|-ability|p1a: Incineroar|Intimidate|boost
|-unboost|p2a: White Oak|atk|1
|-unboost|p2b: Scarfdrill|atk|1
|move|p2a: White Oak|Ally Switch|p2a: White Oak
|swap|p2a: White Oak|1|[from] move: Ally Switch
|move|p2a: Scarfdrill|High Horsepower|p1a: Incineroar
|-supereffective|p1a: Incineroar|1
|-damage|p1a: Incineroar|9/100
|move|p1b: Venusaur|Earth Power|p2a: Scarfdrill
|-supereffective|p2a: Scarfdrill|1
|-damage|p2a: Scarfdrill|0 fnt
|faint|p2a: Scarfdrill
|
|-damage|p1b: Venusaur|57/100 brn|[from] brn
|upkeep
|
|t:|1783168504
|switch|p2a: Gojira|Tyranitar-Mega, L50, M|49/100
|-weather|Sandstorm|[from] ability: Sand Stream|[of] p2a: Gojira
|turn|7
|
|t:|1783168522
|switch|p1a: Kingambit|Kingambit, L50, M|100/100
|move|p2b: White Oak|Protect|p2b: White Oak
|-singleturn|p2b: White Oak|Protect
|move|p2a: Gojira|Rock Slide|p1b: Venusaur|[spread] p1a,p1b
|-resisted|p1a: Kingambit|1
|-damage|p1a: Kingambit|85/100
|-damage|p1b: Venusaur|27/100 brn
|move|p1b: Venusaur|Giga Drain|p2a: Gojira
|-supereffective|p2a: Gojira|1
|-damage|p2a: Gojira|3/100
|-heal|p1b: Venusaur|49/100 brn|[from] drain|[of] p2a: Gojira
|
|-weather|Sandstorm|[upkeep]
|-damage|p1b: Venusaur|43/100 brn|[from] Sandstorm
|-damage|p2b: White Oak|68/100|[from] Sandstorm
|-damage|p1b: Venusaur|37/100 brn|[from] brn
|upkeep
|turn|8
|inactive|RTMV has 30 seconds left.
|
|t:|1783168548
|move|p2a: Gojira|Dragon Dance|p2a: Gojira
|-boost|p2a: Gojira|atk|1
|-boost|p2a: Gojira|spe|1
|move|p1b: Venusaur|Sludge Bomb|p2b: White Oak
|-damage|p2b: White Oak|27/100
|-status|p2b: White Oak|psn
|-enditem|p2b: White Oak|Sitrus Berry|[eat]
|-heal|p2b: White Oak|52/100 psn|[from] item: Sitrus Berry
|move|p2b: White Oak|Will-O-Wisp|p1a: Kingambit
|-status|p1a: Kingambit|brn
|move|p1a: Kingambit|Kowtow Cleave|p2a: Gojira
|-resisted|p2a: Gojira|1
|-damage|p2a: Gojira|0 fnt
|faint|p2a: Gojira
|
|-weather|Sandstorm|[upkeep]
|-damage|p1b: Venusaur|31/100 brn|[from] Sandstorm
|-damage|p2b: White Oak|46/100 psn|[from] Sandstorm
|-damage|p2b: White Oak|33/100 psn|[from] psn
|-damage|p1b: Venusaur|25/100 brn|[from] brn
|-damage|p1a: Kingambit|79/100 brn|[from] brn
|-item|p2b: White Oak|Sitrus Berry|[from] ability: Harvest
|upkeep
|-enditem|p2b: White Oak|Sitrus Berry|[eat]
|-heal|p2b: White Oak|58/100 psn|[from] item: Sitrus Berry
|
|t:|1783168571
|switch|p2a: She dead bruh|Houndstone, L50, F|100/100
|turn|9
|inactive|RTMV has 30 seconds left.
|
|t:|1783168599
|move|p2a: She dead bruh|Psychic Fangs|p1b: Venusaur
|-supereffective|p1b: Venusaur|1
|-damage|p1b: Venusaur|0 fnt
|faint|p1b: Venusaur
|move|p2b: White Oak|Wood Hammer|p1a: Kingambit
|-resisted|p1a: Kingambit|1
|-damage|p1a: Kingambit|74/100 brn
|-damage|p2b: White Oak|56/100 psn|[from] Recoil
|move|p1a: Kingambit|Kowtow Cleave|p2a: She dead bruh
|-supereffective|p2a: She dead bruh|1
|-damage|p2a: She dead bruh|25/100
|
|-weather|Sandstorm|[upkeep]
|-damage|p2b: White Oak|50/100g psn|[from] Sandstorm
|-damage|p2b: White Oak|38/100 psn|[from] psn
|-damage|p1a: Kingambit|68/100 brn|[from] brn
|-item|p2b: White Oak|Sitrus Berry|[from] ability: Harvest
|upkeep
|-enditem|p2b: White Oak|Sitrus Berry|[eat]
|-heal|p2b: White Oak|63/100 psn|[from] item: Sitrus Berry
|
|t:|1783168616
|switch|p1b: Incineroar|Incineroar, L50, M|9/100
|-ability|p1b: Incineroar|Intimidate|boost
|-unboost|p2a: She dead bruh|atk|1
|-unboost|p2b: White Oak|atk|1
|turn|10
|inactive|RTMV has 30 seconds left.
|
|t:|1783168649
|move|p2b: White Oak|Protect|p2b: White Oak
|-singleturn|p2b: White Oak|Protect
|move|p1a: Kingambit|Sucker Punch||[still]
|-fail|p1a: Kingambit
|move|p2a: She dead bruh|Destiny Bond|p2a: She dead bruh
|-singlemove|p2a: She dead bruh|Destiny Bond
|move|p1b: Incineroar|Flare Blitz|p2b: White Oak
|-activate|p2b: White Oak|move: Protect
|
|-weather|Sandstorm|[upkeep]
|-damage|p1b: Incineroar|3/100|[from] Sandstorm
|-damage|p2b: White Oak|56/100 psn|[from] Sandstorm
|-damage|p2b: White Oak|44/100 psn|[from] psn
|-damage|p1a: Kingambit|62/100 brn|[from] brn
|-item|p2b: White Oak|Sitrus Berry|[from] ability: Harvest
|upkeep
|-enditem|p2b: White Oak|Sitrus Berry|[eat]
|-heal|p2b: White Oak|69/100 psn|[from] item: Sitrus Berry
|turn|11
|inactive|RTMV has 30 seconds left.
|
|t:|1783168682
|move|p2a: She dead bruh|Last Respects|p1a: Kingambit
|-resisted|p1a: Kingambit|1
|-damage|p1a: Kingambit|43/100 brn
|move|p1b: Incineroar|Parting Shot|p2a: She dead bruh
|-unboost|p2a: She dead bruh|atk|1
|-unboost|p2a: She dead bruh|spa|1
|
|t:|1783168688
|switch|p1b: Primarina|Primarina, L50, F|93/100|[from] Parting Shot
|move|p2b: White Oak|Wood Hammer|p1a: Kingambit
|-resisted|p1a: Kingambit|1
|-damage|p1a: Kingambit|38/100 brn
|-damage|p2b: White Oak|67/100 psn|[from] Recoil
|move|p1a: Kingambit|Kowtow Cleave|p2b: White Oak
|-supereffective|p2b: White Oak|1
|-damage|p2b: White Oak|4/100 psn
|
|-weather|none
|-damage|p2b: White Oak|0 fnt|[from] psn
|faint|p2b: White Oak
|-damage|p1a: Kingambit|32/100 brn|[from] brn
|upkeep
|turn|12
|
|t:|1783168705
|move|p2a: She dead bruh|Destiny Bond|p2a: She dead bruh
|-singlemove|p2a: She dead bruh|Destiny Bond
|move|p1b: Primarina|Moonblast|p2a: She dead bruh
|-damage|p2a: She dead bruh|0 fnt
|faint|p2a: She dead bruh
|-activate|p2a: She dead bruh|move: Destiny Bond
|faint|p1b: Primarina
|
|win|LorGhez
||RTMV is ready for game 2.
|inactive|LorGhez has 30 seconds to confirm battle start!
|inactive|LorGhez has 20 seconds to confirm battle start!
|inactive|LorGhez has 10 seconds to confirm battle start!
||LorGhez is ready for game 2.
|uhtml|next|Next: Game 2 of 3
|l|☆RTMV
|player|p2|
