|j|☆HyphyJavi
|j|☆KarmaPoliceVGC
|html|HyphyJaviKarmaPoliceVGC    
|uhtml|bestof|Game 2 of a best-of-3
|t:|1756699024
|gametype|doubles
|player|p1|HyphyJavi|dancer|1125
|player|p2|KarmaPoliceVGC|101|1088
|gen|9
|tier|[Gen 9] VGC 2025 Reg H (Bo3)
|rated|
|rule|Species Clause: Limit one of each Pokémon
|rule|Item Clause: Limit 1 of each item
|clearpoke
|poke|p1|Sneasler, L50, M|
|poke|p1|Indeedee, L50, M|
|poke|p1|Talonflame, L50, M|
|poke|p1|Ursaluna, L50, F|
|poke|p1|Dragapult, L50, F|
|poke|p1|Electabuzz, L50, F|
|poke|p2|Empoleon, L50, M|
|poke|p2|Bronzong, L50|
|poke|p2|Kleavor, L50, F|
|poke|p2|Meowscarada, L50, F|
|poke|p2|Murkrow, L50, F|
|poke|p2|Skeledirge, L50, F|
|teampreview|4
|showteam|p1|Sneasler||PsychicSeed|Unburden|DireClaw,CloseCombat,ThroatChop,RockSlide|||M|||50|,,,,,Stellar]Indeedee||FocusSash|PsychicSurge|Imprison,ExpandingForce,TrickRoom,ShadowBall|||M|||50|,,,,,Stellar]Talonflame||CovertCloak|GaleWings|DualWingbeat,FlareBlitz,Tailwind,WillOWisp|||M|||50|,,,,,Stellar]Ursaluna||FlameOrb|Guts|Earthquake,HeadlongRush,Facade,Protect|||F|||50|,,,,,Fairy]Dragapult||ChoiceBand|ClearBody|DragonDarts,TeraBlast,PhantomForce,Uturn|||F|||50|,,,,,Poison]Electabuzz||Eviolite|VitalSpirit|Electroweb,FollowMe,Taunt,HelpingHand|||F|||50|,,,,,Flying
|showteam|p2|Empoleon||Leftovers|Competitive|Protect,WaterPledge,IceBeam,Yawn|||M|||50|,,,,,Grass]Bronzong||SitrusBerry|Levitate|Protect,TrickRoom,ZenHeadbutt,BodyPress||||||50|,,,,,Water]Kleavor||AssaultVest|Sharpness|XScissor,StoneAxe,CloseCombat,NightSlash|||F|||50|,,,,,Fairy]Meowscarada||FocusSash|Protean|GrassPledge,KnockOff,FlowerTrick,Uturn|||F|||50|,,,,,Grass]Murkrow||Eviolite|Prankster|Protect,Tailwind,Haze,FoulPlay|||F|||50|,,,,,Ghost]Skeledirge||Charcoal|Unaware|Protect,FirePledge,TorchSong,ShadowBall|||F|||50|,,,,,Dark
|c|☆HyphyJavi|gg
|
|t:|1756699065
|teamsize|p1|4
|teamsize|p2|4
|start
|switch|p1a: Talonflame|Talonflame, L50, M|100/100
|switch|p1b: Sneasler|Sneasler, L50, M|100/100
|switch|p2a: Kleavor|Kleavor, L50, F|100/100
|switch|p2b: Murkrow|Murkrow, L50, F|100/100
|turn|1
|
|t:|1756699120
|switch|p1a: Indeedee|Indeedee, L50, M|100/100
|-fieldstart|move: Psychic Terrain|[from] ability: Psychic Surge|[of] p1a: Indeedee
|-enditem|p1b: Sneasler|Psychic Seed
|-boost|p1b: Sneasler|spd|1|[from] item: Psychic Seed
|-terastallize|p1b: Sneasler|Stellar
|move|p2b: Murkrow|Tailwind|p2b: Murkrow
|-sidestart|p2: KarmaPoliceVGC|move: Tailwind
|move|p1b: Sneasler|Dire Claw|p2a: Kleavor
|-resisted|p2a: Kleavor
|-damage|p2a: Kleavor|60/100
|-status|p2a: Kleavor|slp
|cant|p2a: Kleavor|slp
|
|upkeep
|turn|2
|
|t:|1756699149
|switch|p1a: Ursaluna|Ursaluna, L50, F|100/100
|move|p1b: Sneasler|Rock Slide|p2b: Murkrow|[spread] p2a,p2b
|-supereffective|p2a: Kleavor
|-supereffective|p2b: Murkrow
|-damage|p2a: Kleavor|0 fnt
|-damage|p2b: Murkrow|49/100
|faint|p2a: Kleavor
|move|p2b: Murkrow|Foul Play|p1a: Ursaluna
|-damage|p1a: Ursaluna|53/100
|
|-status|p1a: Ursaluna|brn|[from] item: Flame Orb
|upkeep
|
|t:|1756699161
|switch|p2a: Bronzong|Bronzong, L50|100/100
|turn|3
|
|t:|1756699185
|move|p1b: Sneasler|Close Combat|p2b: Murkrow
|-damage|p2b: Murkrow|0 fnt
|-unboost|p1b: Sneasler|def|1
|-unboost|p1b: Sneasler|spd|1
|faint|p2b: Murkrow
|move|p2a: Bronzong|Zen Headbutt|p1b: Sneasler
|-supereffective|p1b: Sneasler
|-damage|p1b: Sneasler|0 fnt
|faint|p1b: Sneasler
|move|p1a: Ursaluna|Facade|p2a: Bronzong
|-resisted|p2a: Bronzong
|-damage|p2a: Bronzong|54/100
|
|-damage|p1a: Ursaluna|48/100 brn|[from] brn
|upkeep
|
|t:|1756699199
|switch|p1b: Talonflame|Talonflame, L50, M|100/100
|switch|p2b: Empoleon|Empoleon, L50, M|100/100
|turn|4
|
|t:|1756699232
|move|p2b: Empoleon|Protect|p2b: Empoleon
|-singleturn|p2b: Empoleon|Protect
|move|p1a: Ursaluna|Protect|p1a: Ursaluna
|-singleturn|p1a: Ursaluna|Protect
|move|p1b: Talonflame|Will-O-Wisp|p2a: Bronzong
|-status|p2a: Bronzong|brn
|move|p2a: Bronzong|Body Press|p1a: Ursaluna
|-activate|p1a: Ursaluna|move: Protect
|
|-damage|p2a: Bronzong|48/100 brn|[from] brn
|-damage|p1a: Ursaluna|42/100 brn|[from] brn
|-sideend|p2: KarmaPoliceVGC|move: Tailwind
|upkeep
|-enditem|p2a: Bronzong|Sitrus Berry|[eat]
|-heal|p2a: Bronzong|73/100 brn|[from] item: Sitrus Berry
|turn|5
|
|t:|1756699261
|-terastallize|p2b: Empoleon|Grass
|move|p1b: Talonflame|Tailwind|p1b: Talonflame
|-sidestart|p1: HyphyJavi|move: Tailwind
|move|p1a: Ursaluna|Earthquake|p2b: Empoleon|[spread] p2b
|-immune|p1b: Talonflame
|-immune|p2a: Bronzong|[from] ability: Levitate
|-resisted|p2b: Empoleon
|-damage|p2b: Empoleon|67/100
|move|p2b: Empoleon|Water Pledge|p1b: Talonflame
|-supereffective|p1b: Talonflame
|-damage|p1b: Talonflame|0 fnt
|faint|p1b: Talonflame
|move|p2a: Bronzong|Trick Room|p2a: Bronzong
|-fieldstart|move: Trick Room|[of] p2a: Bronzong
|
|-heal|p2b: Empoleon|73/100|[from] item: Leftovers
|-damage|p2a: Bronzong|67/100 brn|[from] brn
|-damage|p1a: Ursaluna|36/100 brn|[from] brn
|-fieldend|move: Psychic Terrain
|upkeep
|
|t:|1756699277
|switch|p1b: Indeedee|Indeedee, L50, M|100/100
|-fieldstart|move: Psychic Terrain|[from] ability: Psychic Surge|[of] p1b: Indeedee
|turn|6
|
|t:|1756699311
|move|p2a: Bronzong|Zen Headbutt|p1b: Indeedee
|-resisted|p1b: Indeedee
|-damage|p1b: Indeedee|88/100
|move|p2b: Empoleon|Water Pledge|p1a: Ursaluna
|-supereffective|p1a: Ursaluna
|-damage|p1a: Ursaluna|0 fnt
|faint|p1a: Ursaluna
|move|p1b: Indeedee|Shadow Ball|p2a: Bronzong
|-supereffective|p2a: Bronzong
|-damage|p2a: Bronzong|27/100 brn
|
|-heal|p2b: Empoleon|79/100|[from] item: Leftovers
|-damage|p2a: Bronzong|21/100 brn|[from] brn
|upkeep
|turn|7
|
|t:|1756699334
|move|p2a: Bronzong|Body Press|p1b: Indeedee
|-damage|p1b: Indeedee|63/100
|move|p2b: Empoleon|Yawn|p1b: Indeedee
|-start|p1b: Indeedee|move: Yawn|[of] p2b: Empoleon
|move|p1b: Indeedee|Expanding Force|p2a: Bronzong|[spread] p2a,p2b
|-resisted|p2a: Bronzong
|-damage|p2a: Bronzong|9/100 brn
|-damage|p2b: Empoleon|31/100
|
|-heal|p2b: Empoleon|36/100|[from] item: Leftovers
|-damage|p2a: Bronzong|3/100 brn|[from] brn
|upkeep
|turn|8
|
|t:|1756699360
|move|p2a: Bronzong|Protect|p2a: Bronzong
|-singleturn|p2a: Bronzong|Protect
|move|p2b: Empoleon|Protect|p2b: Empoleon
|-singleturn|p2b: Empoleon|Protect
|move|p1b: Indeedee|Expanding Force|p2b: Empoleon|[spread] 
|-activate|p2a: Bronzong|move: Protect
|-activate|p2b: Empoleon|move: Protect
|
|-heal|p2b: Empoleon|42/100|[from] item: Leftovers
|-damage|p2a: Bronzong|0 fnt|[from] brn
|faint|p2a: Bronzong
|-end|p1b: Indeedee|move: Yawn|[silent]
|-status|p1b: Indeedee|slp
|-sideend|p1: HyphyJavi|move: Tailwind
|upkeep
|turn|9
|
|t:|1756699374
|move|p2b: Empoleon|Water Pledge|p1b: Indeedee
|-damage|p1b: Indeedee|12/100 slp
|cant|p1b: Indeedee|slp
|
|-heal|p2b: Empoleon|48/100|[from] item: Leftovers
|-fieldend|move: Trick Room
|upkeep
|turn|10
|
|t:|1756699381
|-curestatus|p1b: Indeedee|slp|[msg]
|move|p1b: Indeedee|Expanding Force|p2b: Empoleon
|-damage|p2b: Empoleon|0 fnt
|faint|p2b: Empoleon
|
|win|HyphyJavi
|raw|HyphyJavi's rating: 1125 → 1147(+22 for winning)
|raw|KarmaPoliceVGC's rating: 1088 → 1067(-21 for losing)
|c|☆HyphyJavi|GG
|l|☆KarmaPoliceVGC
|player|p2|
