|j|☆KudenaVGC
|j|☆Pranag140
|html|KudenaVGCPranag140    
|uhtml|bestof|Game 3 of a best-of-3
|t:|1756714281
|gametype|doubles
|player|p1|KudenaVGC|ethan|1136
|player|p2|Pranag140|2|1143
|gen|9
|tier|[Gen 9] VGC 2025 Reg H (Bo3)
|rated|
|rule|Species Clause: Limit one of each Pokémon
|rule|Item Clause: Limit 1 of each item
|clearpoke
|poke|p1|Dragonite, L50, M|
|poke|p1|Gholdengo, L50|
|poke|p1|Rillaboom, L50, M|
|poke|p1|Ursaluna-Bloodmoon, L50, M|
|poke|p1|Maushold-Four, L50|
|poke|p1|Annihilape, L50, M|
|poke|p2|Archaludon, L50, F|
|poke|p2|Kingdra, L50, M|
|poke|p2|Politoed, L50, M|
|poke|p2|Gothitelle, L50, M|
|poke|p2|Amoonguss, L50, M|
|poke|p2|Incineroar, L50, M|
|teampreview|4
|showteam|p1|Dragonite||LoadedDice|Multiscale|Tailwind,Haze,Protect,ScaleShot|||M|||50|,,,,,Fairy]Gholdengo||LifeOrb|GoodasGold|MakeItRain,ShadowBall,NastyPlot,Protect||||||50|,,,,,Water]Rillaboom||MiracleSeed|GrassySurge|WoodHammer,GrassyGlide,FakeOut,HighHorsepower|||M|||50|,,,,,Fire]Ursaluna-Bloodmoon||AssaultVest|MindsEye|BloodMoon,EarthPower,HyperVoice,VacuumWave|||M|||50|,,,,,Water]Maushold-Four||FocusSash|FriendGuard|SuperFang,FollowMe,BeatUp,Protect||||||50|,,,,,Ghost]Annihilape||SitrusBerry|Defiant|RageFist,DrainPunch,BulkUp,Protect|||M|||50|,,,,,Fire
|showteam|p2|Archaludon||PowerHerb|Sturdy|Protect,ElectroShot,FlashCannon,DragonPulse|||F|||50|,,,,,Electric]Kingdra||LifeOrb|SwiftSwim|Protect,DracoMeteor,WeatherBall,MuddyWater|||M|||50|,,,,,Stellar]Politoed||Leftovers|Drizzle|Protect,WeatherBall,PerishSong,Encore|||M|||50|,,,,,Grass]Gothitelle||SitrusBerry|ShadowTag|FakeOut,Protect,Psychic,TrickRoom|||M|||50|,,,,,Dark]Amoonguss||EjectButton|Regenerator|Protect,Spore,RagePowder,PollenPuff|||M|||50|,,,,,Fairy]Incineroar||SafetyGoggles|Intimidate|FakeOut,KnockOff,PartingShot,Protect|||M|||50|,,,,,Ghost
|inactive|Battle timer is ON: inactive players will automatically lose when time's up. (requested by KudenaVGC)
|
|t:|1756714318
|teamsize|p1|4
|teamsize|p2|4
|start
|switch|p1a: Gholdengo|Gholdengo, L50|100/100
|switch|p1b: Rillaboom|Rillaboom, L50, M|100/100
|switch|p2a: Kingdra|Kingdra, L50, M|100/100
|switch|p2b: Amoonguss|Amoonguss, L50, M|100/100
|-fieldstart|move: Grassy Terrain|[from] ability: Grassy Surge|[of] p1b: Rillaboom
|turn|1
|
|t:|1756714336
|switch|p2a: Archaludon|Archaludon, L50, F|100/100
|move|p1b: Rillaboom|Fake Out|p2a: Archaludon
|-resisted|p2a: Archaludon
|-damage|p2a: Archaludon|95/100
|move|p1a: Gholdengo|Nasty Plot|p1a: Gholdengo
|-boost|p1a: Gholdengo|spa|2
|move|p2b: Amoonguss|Pollen Puff|p2a: Archaludon
|-heal|p2a: Archaludon|100/100
|
|upkeep
|turn|2
|inactive|KudenaVGC has 30 seconds left.
|inactive|Pranag140 has 30 seconds left.
|
|t:|1756714361
|-terastallize|p2a: Archaludon|Electric
|move|p1b: Rillaboom|Grassy Glide|p2a: Archaludon
|-damage|p2a: Archaludon|60/100
|move|p2a: Archaludon|Electro Shot||[still]
|-prepare|p2a: Archaludon|Electro Shot
|-boost|p2a: Archaludon|spa|1
|-enditem|p2a: Archaludon|Power Herb
|-anim|p2a: Archaludon|Electro Shot|p1a: Gholdengo
|-damage|p1a: Gholdengo|0 fnt
|faint|p1a: Gholdengo
|move|p2b: Amoonguss|Pollen Puff|p2a: Archaludon
|-heal|p2a: Archaludon|100/100
|
|upkeep
|
|t:|1756714375
|switch|p1a: Annihilape|Annihilape, L50, M|100/100
|turn|3
|
|t:|1756714398
|move|p1a: Annihilape|Protect|p1a: Annihilape
|-singleturn|p1a: Annihilape|Protect
|move|p2a: Archaludon|Protect|p2a: Archaludon
|-singleturn|p2a: Archaludon|Protect
|move|p1b: Rillaboom|High Horsepower|p2a: Archaludon
|-activate|p2a: Archaludon|move: Protect
|move|p2b: Amoonguss|Spore|p1a: Annihilape
|-activate|p1a: Annihilape|move: Protect
|
|upkeep
|turn|4
|l|☆Pranag140
|inactive|Pranag140 disconnected and has a minute to reconnect!
|player|p2|
|j|☆Pranag140
|inactive|Pranag140 reconnected and has 45 seconds left.
|player|p2|Pranag140|2|
|inactive|KudenaVGC has 30 seconds left.
|inactive|Pranag140 has 30 seconds left.
|
|t:|1756714430
|switch|p2b: Politoed|Politoed, L50, M|100/100
|-weather|RainDance|[from] ability: Drizzle|[of] p2b: Politoed
|move|p1a: Annihilape|Rage Fist|p2b: Politoed
|-damage|p2b: Politoed|80/100
|move|p2a: Archaludon|Electro Shot||[still]
|-prepare|p2a: Archaludon|Electro Shot
|-boost|p2a: Archaludon|spa|1
|-anim|p2a: Archaludon|Electro Shot|p1a: Annihilape
|-damage|p1a: Annihilape|0 fnt
|faint|p1a: Annihilape
|move|p1b: Rillaboom|High Horsepower|p2a: Archaludon
|-supereffective|p2a: Archaludon
|-damage|p2a: Archaludon|49/100
|
|-weather|RainDance|[upkeep]
|-heal|p2a: Archaludon|55/100|[from] Grassy Terrain
|-heal|p2b: Politoed|86/100|[from] Grassy Terrain
|-heal|p2b: Politoed|92/100|[from] item: Leftovers
|upkeep
|
|t:|1756714446
|switch|p1a: Maushold|Maushold-Four, L50|100/100
|turn|5
|
|t:|1756714460
|move|p1a: Maushold|Super Fang|p2a: Archaludon
|-damage|p2a: Archaludon|28/100
|move|p2a: Archaludon|Dragon Pulse|p1b: Rillaboom
|-damage|p1b: Rillaboom|37/100
|move|p1b: Rillaboom|Wood Hammer|p2b: Politoed
|-supereffective|p2b: Politoed
|-damage|p2b: Politoed|0 fnt
|faint|p2b: Politoed
|-damage|p1b: Rillaboom|7/100|[from] Recoil
|
|-weather|RainDance|[upkeep]
|-heal|p2a: Archaludon|34/100|[from] Grassy Terrain
|-heal|p1b: Rillaboom|13/100|[from] Grassy Terrain
|-fieldend|move: Grassy Terrain
|upkeep
|
|t:|1756714472
|switch|p2b: Kingdra|Kingdra, L50, M|100/100
|turn|6
|
|t:|1756714488
|move|p1a: Maushold|Follow Me|p1a: Maushold
|-singleturn|p1a: Maushold|move: Follow Me
|move|p2b: Kingdra|Weather Ball|p1a: Maushold
|-enditem|p1a: Maushold|Focus Sash
|-damage|p1a: Maushold|1/100
|-damage|p2b: Kingdra|91/100|[from] item: Life Orb
|move|p2a: Archaludon|Dragon Pulse|p1a: Maushold
|-damage|p1a: Maushold|0 fnt
|faint|p1a: Maushold
|move|p1b: Rillaboom|High Horsepower|p2a: Archaludon
|-supereffective|p2a: Archaludon
|-damage|p2a: Archaludon|0 fnt
|faint|p2a: Archaludon
|
|-weather|RainDance|[upkeep]
|upkeep
|
|t:|1756714501
|switch|p2a: Amoonguss|Amoonguss, L50, M|100/100
|turn|7
|c|☆KudenaVGC|gg
|-message|KudenaVGC forfeited.
|
|win|Pranag140
|raw|KudenaVGC's rating: 1136 → 1112(-24 for losing)
|raw|Pranag140's rating: 1143 → 1167(+24 for winning)
|c|☆Pranag140|gg wp
|l|☆KudenaVGC
|player|p1|
