|j|☆josejuan69
|j|☆ClefableBot
|html|josejuan69ClefableBot    
|uhtml|bestof|Game 1 of a best-of-3
|t:|1782490042
|gametype|doubles
|player|p1|josejuan69|101|1290
|player|p2|ClefableBot|koga|1192
|gen|9
|tier|[Gen 9 Champions] VGC 2026 Reg M-B (Bo3)
|rated|
|rule|Species Clause: Limit one of each Pokémon
|rule|Item Clause: Limit 1 of each item
|clearpoke
|poke|p1|Grimmsnarl, L50, M, shiny|
|poke|p1|Archaludon, L50, F, shiny|
|poke|p1|Pelipper, L50, F|
|poke|p1|Mawile, L50, M|
|poke|p1|Sinistcha, L50|
|poke|p1|Swampert, L50, F, shiny|
|poke|p2|Floette-Eternal, L50, F|
|poke|p2|Aerodactyl, L50, M|
|poke|p2|Garchomp, L50, M|
|poke|p2|Incineroar, L50, M|
|poke|p2|Sinistcha-Masterpiece, L50|
|poke|p2|Gholdengo, L50|
|teampreview|4
|showteam|p1|Grimmsnarl||LightClay|Prankster|FakeOut,Reflect,LightScreen,PartingShot|Careful||M|||50|]Archaludon||Leftovers|Stamina|Protect,DragonPulse,FlashCannon,ElectroShot|Modest||F|||50|]Pelipper||LifeOrb|Drizzle|WeatherBall,Hurricane,Tailwind,HelpingHand|Modest||F|||50|]Mawile||Mawilite|HyperCutter|Protect,SuckerPunch,PlayRough,SwordsDance|Adamant||M|||50|]Sinistcha||KasibBerry|Hospitality|Protect,RagePowder,MatchaGotcha,TrickRoom|Bold|||||50|]Swampert||Swampertite|Damp|Protect,WaveCrash,HighHorsepower,IcePunch|Adamant||F|||50|
|showteam|p2|Floette-Eternal||Floettite|FlowerVeil|Protect,DrainingKiss,Moonblast,CalmMind|Modest||F|||50|]Aerodactyl||Aerodactylite|Unnerve|Protect,Tailwind,DualWingbeat,RockSlide|Jolly||M|||50|]Garchomp||ChoiceScarf|RoughSkin|RockSlide,DragonClaw,Earthquake,StompingTantrum|Adamant||M|||50|]Incineroar||SitrusBerry|Intimidate|FlareBlitz,PartingShot,ThroatChop,FakeOut|Impish||M|||50|]Sinistcha-Masterpiece||KasibBerry|Hospitality|Protect,RagePowder,MatchaGotcha,LifeDew|Bold|||||50|]Gholdengo||LifeOrb|GoodasGold|Protect,MakeItRain,ShadowBall,NastyPlot|Timid|||||50|
|inactive|Battle timer is ON: inactive players will automatically lose when time's up. (requested by ClefableBot)
|inactive|ClefableBot has 60 seconds left.
|
|t:|1782490124
|teamsize|p1|4
|teamsize|p2|4
|start
|switch|p1a: Grimmsnarl|Grimmsnarl, L50, M, shiny|100/100
|switch|p1b: Mawile|Mawile, L50, M|100/100
|switch|p2a: Floette|Floette-Eternal, L50, F|100/100
|switch|p2b: Gholdengo|Gholdengo, L50|100/100
|turn|1
|inactive|josejuan69 has 30 seconds left.
|inactive|ClefableBot has 30 seconds left.
|inactive|josejuan69 has 20 seconds left.
|inactive|ClefableBot has 20 seconds left.
|inactive|josejuan69 has 15 seconds left.
|inactive|ClefableBot has 15 seconds left.
|inactive|josejuan69 has 10 seconds left.
|inactive|ClefableBot has 10 seconds left.
|
|t:|1782490172
|detailschange|p2a: Floette|Floette-Mega, L50, F
|-mega|p2a: Floette|Floette|Floettite
|-ability|p2a: Floette|Fairy Aura
|detailschange|p1b: Mawile|Mawile-Mega, L50, M
|-mega|p1b: Mawile|Mawile|Mawilite
|move|p2a: Floette|Protect|p2a: Floette
|-singleturn|p2a: Floette|Protect
|move|p1a: Grimmsnarl|Fake Out|p2a: Floette
|-activate|p2a: Floette|move: Protect
|move|p2b: Gholdengo|Nasty Plot|p2b: Gholdengo
|-boost|p2b: Gholdengo|spa|2
|move|p1b: Mawile|Swords Dance|p1b: Mawile
|-boost|p1b: Mawile|atk|2
|
|upkeep
|turn|2
|
|t:|1782490196
|switch|p2a: Incineroar|Incineroar, L50, M|100/100
|-ability|p2a: Incineroar|Intimidate|boost
|-unboost|p1a: Grimmsnarl|atk|1
|-unboost|p1b: Mawile|atk|1
|move|p1a: Grimmsnarl|Light Screen|p1a: Grimmsnarl
|-sidestart|p1: josejuan69|move: Light Screen
|move|p2b: Gholdengo|Nasty Plot|p2b: Gholdengo
|-boost|p2b: Gholdengo|spa|2
|move|p1b: Mawile|Play Rough|p2a: Incineroar
|-damage|p2a: Incineroar|0 fnt
|faint|p2a: Incineroar
|
|upkeep
|
|t:|1782490217
|switch|p2a: Garchomp|Garchomp, L50, M|100/100
|turn|3
|inactive|josejuan69 has 30 seconds left.
|
|t:|1782490249
|move|p1a: Grimmsnarl|Reflect|p1a: Grimmsnarl
|-sidestart|p1: josejuan69|Reflect
|move|p2a: Garchomp|Rock Slide|p1b: Mawile|[spread] p1a,p1b
|-resisted|p1b: Mawile|1
|-damage|p1a: Grimmsnarl|84/100
|-damage|p1b: Mawile|93/100
|move|p2b: Gholdengo|Make It Rain|p1b: Mawile|[spread] p1a,p1b
|-supereffective|p1a: Grimmsnarl|1
|-damage|p1a: Grimmsnarl|0 fnt
|-damage|p1b: Mawile|0 fnt
|-unboost|p2b: Gholdengo|spa|2
|faint|p1a: Grimmsnarl
|faint|p1b: Mawile
|-damage|p2b: Gholdengo|90/100|[from] item: Life Orb
|
|upkeep
|
|t:|1782490259
|switch|p1a: Pelipper|Pelipper, L50, F|100/100
|switch|p1b: Sinistcha|Sinistcha, L50|100/100
|-weather|RainDance|[from] ability: Drizzle|[of] p1a: Pelipper
|turn|4
|
|t:|1782490278
|move|p1b: Sinistcha|Protect|p1b: Sinistcha
|-singleturn|p1b: Sinistcha|Protect
|move|p2a: Garchomp|Rock Slide|p1a: Pelipper|[spread] p1a
|-activate|p1b: Sinistcha|move: Protect
|-supereffective|p1a: Pelipper|1
|-damage|p1a: Pelipper|69/100
|move|p2b: Gholdengo|Shadow Ball|p1a: Pelipper
|-damage|p1a: Pelipper|0 fnt
|faint|p1a: Pelipper
|-damage|p2b: Gholdengo|81/100|[from] item: Life Orb
|
|-weather|RainDance|[upkeep]
|upkeep
|turn|5
|
|t:|1782490292
|move|p2a: Garchomp|Rock Slide|p1b: Sinistcha
|-damage|p1b: Sinistcha|83/100
|move|p2b: Gholdengo|Shadow Ball|p1b: Sinistcha
|-supereffective|p1b: Sinistcha|1
|-enditem|p1b: Sinistcha|Kasib Berry|[eat]
|-enditem|p1b: Sinistcha|Kasib Berry|[weaken]
|-damage|p1b: Sinistcha|22/100
|-unboost|p1b: Sinistcha|spd|1
|-damage|p2b: Gholdengo|71/100|[from] item: Life Orb
|move|p1b: Sinistcha|Matcha Gotcha|p2a: Garchomp|[spread] p2b
|-miss|p1b: Sinistcha|p2a: Garchomp
|-resisted|p2b: Gholdengo|1
|-damage|p2b: Gholdengo|58/100
|-heal|p1b: Sinistcha|29/100|[from] drain|[of] p2b: Gholdengo
|-status|p2b: Gholdengo|brn
|
|-weather|RainDance|[upkeep]
|-damage|p2b: Gholdengo|51/100 brn|[from] brn
|upkeep
|turn|6
|
|t:|1782490306
|move|p1b: Sinistcha|Protect|p1b: Sinistcha
|-singleturn|p1b: Sinistcha|Protect
|move|p2a: Garchomp|Rock Slide|p1b: Sinistcha
|-activate|p1b: Sinistcha|move: Protect
|move|p2b: Gholdengo|Shadow Ball|p1b: Sinistcha
|-activate|p1b: Sinistcha|move: Protect
|
|-weather|RainDance|[upkeep]
|-damage|p2b: Gholdengo|45/100 brn|[from] brn
|upkeep
|turn|7
|
|t:|1782490314
|move|p2a: Garchomp|Rock Slide|p1b: Sinistcha
|-damage|p1b: Sinistcha|12/100
|move|p2b: Gholdengo|Shadow Ball|p1b: Sinistcha
|-supereffective|p1b: Sinistcha|1
|-damage|p1b: Sinistcha|0 fnt
|faint|p1b: Sinistcha
|-damage|p2b: Gholdengo|36/100 brn|[from] item: Life Orb
|
|win|ClefableBot
||ClefableBot is ready for game 2.
||josejuan69 is ready for game 2.
|uhtml|next|Next: Game 2 of 3
|l|☆josejuan69
|player|p1|
