|j|☆xxxPlayer5xxx
|j|☆Volanr
|html|xxxPlayer5xxxVolanr    
|uhtml|bestof|Game 2 of a best-of-3
|t:|1757712859
|gametype|doubles
|player|p1|xxxPlayer5xxx|101|1335
|player|p2|Volanr|cynthia-masters3|1409
|gen|9
|tier|[Gen 9] VGC 2025 Reg H (Bo3)
|rated|
|rule|Species Clause: Limit one of each Pokémon
|rule|Item Clause: Limit 1 of each item
|clearpoke
|poke|p1|Corviknight, L50, F|
|poke|p1|Palafin, L50, F|
|poke|p1|Amoonguss, L50, F|
|poke|p1|Incineroar, L50, M|
|poke|p1|Archaludon, L50, F|
|poke|p1|Chandelure, L50, M|
|poke|p2|Archaludon, L50, F|
|poke|p2|Sinistcha-Masterpiece, L50|
|poke|p2|Dragonite, L50, F|
|poke|p2|Pelipper, L50, F|
|poke|p2|Ursaluna, L50, F|
|poke|p2|Gholdengo, L50|
|teampreview|4
|showteam|p1|Corviknight||Leftovers|MirrorArmor|BraveBird,BodyPress,Roost,BulkUp|||F|||50|,,,,,Fire]Palafin||ChoiceBand|ZerotoHero|JetPunch,WaveCrash,FlipTurn,CloseCombat|||F|||50|,,,,,Water]Amoonguss||SitrusBerry|Regenerator|RagePowder,Spore,SludgeBomb,Protect|||F|||50|,,,,,Water]Incineroar||SafetyGoggles|Intimidate|FlareBlitz,KnockOff,FakeOut,PartingShot|||M|||50|,,,,,Grass]Archaludon||PowerHerb|Stalwart|ElectroShot,DragonPulse,Thunderbolt,Protect|||F|||50|,,,,,Electric]Chandelure||ChoiceScarf|FlashFire|HeatWave,ShadowBall,EnergyBall,Flamethrower|||M|||50|,,,,,Grass
|showteam|p2|Archaludon||AssaultVest|Stamina|BodyPress,Snarl,ElectroShot,FlashCannon|||F|||50|,,,,,Fighting]Sinistcha-Masterpiece||SitrusBerry|Hospitality|MatchaGotcha,RagePowder,TrickRoom,LifeDew||||||50|,,,,,Dark]Dragonite||LoadedDice|Multiscale|ScaleShot,Protect,Tailwind,Haze|||F|||50|,,,,,Steel]Pelipper||FocusSash|Drizzle|MuddyWater,Hurricane,Tailwind,Protect|||F|||50|,,,,,Ghost]Ursaluna||FlameOrb|Guts|Facade,HeadlongRush,Earthquake,Protect|||F|||50|,,,,,Ghost]Gholdengo||ChoiceScarf|GoodasGold|MakeItRain,TeraBlast,ShadowBall,Trick||||||50|,,,,,Water
|inactive|Battle timer is ON: inactive players will automatically lose when time's up. (requested by xxxPlayer5xxx)
|inactive|Volanr has 60 seconds left.
|inactive|Volanr has 30 seconds left.
|inactive|Volanr has 20 seconds left.
|inactive|Volanr has 15 seconds left.
|
|t:|1757712940
|teamsize|p1|4
|teamsize|p2|4
|start
|switch|p1a: Corviknight|Corviknight, L50, F|100/100
|switch|p1b: Palafin|Palafin, L50, F|100/100
|switch|p2a: Dragonite|Dragonite, L50, F|100/100
|switch|p2b: Ursaluna|Ursaluna, L50, F|100/100
|turn|1
|inactive|Volanr has 30 seconds left.
|inactive|Volanr has 20 seconds left.
|inactive|Volanr has 15 seconds left.
|
|t:|1757712983
|-terastallize|p2b: Ursaluna|Ghost
|move|p1b: Palafin|Flip Turn|p2a: Dragonite
|-resisted|p2a: Dragonite
|-damage|p2a: Dragonite|92/100
|
|t:|1757712991
|detailschange|p1b: Palafin|Palafin-Hero, L50, F
|switch|p1b: Chandelure|Chandelure, L50, M|100/100|[from] Flip Turn
|move|p2a: Dragonite|Tailwind|p2a: Dragonite
|-sidestart|p2: Volanr|move: Tailwind
|move|p2b: Ursaluna|Facade|p1b: Chandelure
|-immune|p1b: Chandelure
|move|p1a: Corviknight|Bulk Up|p1a: Corviknight
|-boost|p1a: Corviknight|atk|1
|-boost|p1a: Corviknight|def|1
|
|-status|p2b: Ursaluna|brn|[from] item: Flame Orb
|upkeep
|turn|2
|
|t:|1757713002
|move|p2b: Ursaluna|Protect|p2b: Ursaluna
|-singleturn|p2b: Ursaluna|Protect
|move|p2a: Dragonite|Haze|p2a: Dragonite
|-clearallboost
|move|p1b: Chandelure|Shadow Ball|p2b: Ursaluna
|-activate|p2b: Ursaluna|move: Protect
|move|p1a: Corviknight|Bulk Up|p1a: Corviknight
|-boost|p1a: Corviknight|atk|1
|-boost|p1a: Corviknight|def|1
|
|-damage|p2b: Ursaluna|95/100 brn|[from] brn
|upkeep
|turn|3
|
|t:|1757713018
|move|p2a: Dragonite|Haze|p2a: Dragonite
|-clearallboost
|move|p2b: Ursaluna|Headlong Rush|p1b: Chandelure
|-supereffective|p1b: Chandelure
|-damage|p1b: Chandelure|0 fnt
|-unboost|p2b: Ursaluna|def|1
|-unboost|p2b: Ursaluna|spd|1
|faint|p1b: Chandelure
|move|p1a: Corviknight|Brave Bird|p2a: Dragonite
|-damage|p2a: Dragonite|47/100
|-damage|p1a: Corviknight|87/100|[from] Recoil
|
|-heal|p1a: Corviknight|94/100|[from] item: Leftovers
|-damage|p2b: Ursaluna|89/100 brn|[from] brn
|upkeep
|
|t:|1757713026
|switch|p1b: Archaludon|Archaludon, L50, F|100/100
|turn|4
|
|t:|1757713035
|move|p2b: Ursaluna|Protect|p2b: Ursaluna
|-singleturn|p2b: Ursaluna|Protect
|move|p1b: Archaludon|Protect|p1b: Archaludon
|-singleturn|p1b: Archaludon|Protect
|move|p2a: Dragonite|Scale Shot|p1a: Corviknight
|-resisted|p1a: Corviknight
|-damage|p1a: Corviknight|89/100
|-resisted|p1a: Corviknight
|-damage|p1a: Corviknight|83/100
|-resisted|p1a: Corviknight
|-damage|p1a: Corviknight|77/100
|-resisted|p1a: Corviknight
|-damage|p1a: Corviknight|71/100
|-hitcount|p1a: Corviknight|4
|-unboost|p2a: Dragonite|def|1
|-boost|p2a: Dragonite|spe|1
|move|p1a: Corviknight|Brave Bird|p2a: Dragonite
|-crit|p2a: Dragonite
|-damage|p2a: Dragonite|0 fnt
|faint|p2a: Dragonite
|-damage|p1a: Corviknight|58/100|[from] Recoil
|
|-heal|p1a: Corviknight|64/100|[from] item: Leftovers
|-damage|p2b: Ursaluna|83/100 brn|[from] brn
|-sideend|p2: Volanr|move: Tailwind
|upkeep
|
|t:|1757713049
|switch|p2a: Gholdengo|Gholdengo, L50|100/100
|turn|5
|
|t:|1757713061
|switch|p2b: Archaludon|Archaludon, L50, F|100/100
|-terastallize|p1b: Archaludon|Electric
|move|p2a: Gholdengo|Shadow Ball|p1b: Archaludon
|-damage|p1b: Archaludon|37/100
|move|p1b: Archaludon|Electro Shot||[still]
|-prepare|p1b: Archaludon|Electro Shot
|-boost|p1b: Archaludon|spa|1
|-enditem|p1b: Archaludon|Power Herb
|-anim|p1b: Archaludon|Electro Shot|p2a: Gholdengo
|-damage|p2a: Gholdengo|0 fnt
|faint|p2a: Gholdengo
|move|p1a: Corviknight|Roost|p1a: Corviknight
|-heal|p1a: Corviknight|100/100
|-singleturn|p1a: Corviknight|move: Roost
|
|upkeep
|
|t:|1757713070
|switch|p2a: Ursaluna|Ursaluna, L50, F, tera:Ghost|83/100 brn
|turn|6
|
|t:|1757713084
|move|p1b: Archaludon|Protect|p1b: Archaludon
|-singleturn|p1b: Archaludon|Protect
|move|p2a: Ursaluna|Protect|p2a: Ursaluna
|-singleturn|p2a: Ursaluna|Protect
|move|p2b: Archaludon|Body Press|p1b: Archaludon
|-activate|p1b: Archaludon|move: Protect
|move|p1a: Corviknight|Bulk Up|p1a: Corviknight
|-boost|p1a: Corviknight|atk|1
|-boost|p1a: Corviknight|def|1
|
|-damage|p2a: Ursaluna|77/100 brn|[from] brn
|upkeep
|turn|7
|
|t:|1757713097
|move|p1b: Archaludon|Thunderbolt|p2a: Ursaluna
|-damage|p2a: Ursaluna|5/100 brn
|move|p2b: Archaludon|Body Press|p1b: Archaludon
|-damage|p1b: Archaludon|12/100
|move|p2a: Ursaluna|Facade|p1a: Corviknight
|-resisted|p1a: Corviknight
|-damage|p1a: Corviknight|70/100
|move|p1a: Corviknight|Bulk Up|p1a: Corviknight
|-boost|p1a: Corviknight|atk|1
|-boost|p1a: Corviknight|def|1
|
|-heal|p1a: Corviknight|77/100|[from] item: Leftovers
|-damage|p2a: Ursaluna|0 fnt|[from] brn
|faint|p2a: Ursaluna
|upkeep
|turn|8
|-message|Volanr forfeited.
|
|win|xxxPlayer5xxx
||xxxPlayer5xxx is ready for game 3.
||Volanr is ready for game 3.
|uhtml|next|Next: Game 3 of 3
