|j|☆tedidn
|j|☆sbhaga34
|html|tedidnsbhaga34    
|uhtml|bestof|Game 1 of a best-of-3
|t:|1756863274
|gametype|doubles
|player|p1|tedidn|marshal|1276
|player|p2|sbhaga34|hugh|1229
|gen|9
|tier|[Gen 9] VGC 2025 Reg H (Bo3)
|rated|
|rule|Species Clause: Limit one of each Pokémon
|rule|Item Clause: Limit 1 of each item
|clearpoke
|poke|p1|Ninetales, L50, M|
|poke|p1|Jumpluff, L50, F|
|poke|p1|Dragonite, L50, M|
|poke|p1|Kingambit, L50, M|
|poke|p1|Sneasler, L50, F|
|poke|p1|Garchomp, L50, M|
|poke|p2|Indeedee-F, L50, F|
|poke|p2|Hydreigon, L50, M|
|poke|p2|Tyranitar, L50, F|
|poke|p2|Excadrill, L50, M|
|poke|p2|Gardevoir, L50, M|
|poke|p2|Incineroar, L50, M|
|teampreview|4
|showteam|p1|Ninetales||ChoiceSpecs|Drought|Overheat,HeatWave,SolarBeam,WeatherBall|||M|||50|,,,,,Grass]Jumpluff||CovertCloak|Chlorophyll|SleepPowder,RagePowder,Tailwind,SunnyDay|||F|||50|,,,,,Steel]Dragonite||LoadedDice|Multiscale|ScaleShot,ExtremeSpeed,Haze,Protect|||M|||50|,,,,,Fairy]Kingambit||SafetyGoggles|Defiant|KowtowCleave,SuckerPunch,SwordsDance,Protect|||M|||50|,,,,,Dark]Sneasler||FocusSash|Unburden|CloseCombat,Coaching,DireClaw,FakeOut|||F|||50|,,,,,Stellar]Garchomp||LifeOrb|RoughSkin|Earthquake,StompingTantrum,DragonClaw,Protect|||M|||50|,,,,,Fire
|showteam|p2|Indeedee-F||SafetyGoggles|PsychicSurge|FollowMe,TrickRoom,Imprison,Psychic|||F|||50|,,,,,Fairy]Hydreigon||CovertCloak|Levitate|DracoMeteor,DarkPulse,Tailwind,Taunt|||M|||50|,,,,,Ghost]Tyranitar||WeaknessPolicy|SandStream|RockSlide,KnockOff,LowKick,Protect|||F|||50|,,,,,Flying]Excadrill||FocusSash|SandRush|Earthquake,IronHead,SwordsDance,Protect|||M|||50|,,,,,Ground]Gardevoir||ChoiceScarf|Telepathy|ExpandingForce,DazzlingGleam,Moonblast,IcyWind|||M|||50|,,,,,Psychic]Incineroar||RockyHelmet|Intimidate|FakeOut,FlareBlitz,WillOWisp,PartingShot|||M|||50|,,,,,Grass
|inactive|Battle timer is ON: inactive players will automatically lose when time's up. (requested by tedidn)
|j| We_Are_Toasted
|inactive|tedidn has 60 seconds left.
|inactive|sbhaga34 has 60 seconds left.
|
|t:|1756863332
|teamsize|p1|4
|teamsize|p2|4
|start
|switch|p1a: Cordyceps|Jumpluff, L50, F|100/100
|switch|p1b: Thrasher|Garchomp, L50, M|100/100
|switch|p2a: Indeedee|Indeedee-F, L50, F|100/100
|switch|p2b: Gardevoir|Gardevoir, L50, M, shiny|100/100
|-fieldstart|move: Psychic Terrain|[from] ability: Psychic Surge|[of] p2a: Indeedee
|turn|1
|inactive|tedidn has 30 seconds left.
|inactive|sbhaga34 has 30 seconds left.
|inactive|sbhaga34 has 20 seconds left.
|inactive|sbhaga34 has 15 seconds left.
|inactive|sbhaga34 has 10 seconds left.
|
|t:|1756863378
|-terastallize|p2b: Gardevoir|Psychic
|move|p1b: Thrasher|Protect|p1b: Thrasher
|-singleturn|p1b: Thrasher|Protect
|move|p2a: Indeedee|Follow Me|p2a: Indeedee
|-singleturn|p2a: Indeedee|move: Follow Me
|move|p2b: Gardevoir|Expanding Force|p1a: Cordyceps|[spread] p1a
|-activate|p1b: Thrasher|move: Protect
|-damage|p1a: Cordyceps|15/100
|move|p1a: Cordyceps|Tailwind|p1a: Cordyceps
|-sidestart|p1: tedidn|move: Tailwind
|
|upkeep
|turn|2
|
|t:|1756863394
|move|p2a: Indeedee|Follow Me|p2a: Indeedee
|-singleturn|p2a: Indeedee|move: Follow Me
|move|p1a: Cordyceps|Sleep Powder|p2a: Indeedee
|-activate|p2a: Indeedee|item: Safety Goggles|Sleep Powder
|move|p1b: Thrasher|Earthquake|p2b: Gardevoir|[spread] p2a,p2b
|-immune|p1a: Cordyceps
|-damage|p2a: Indeedee|45/100
|-damage|p2b: Gardevoir|25/100
|-damage|p1b: Thrasher|91/100|[from] item: Life Orb
|move|p2b: Gardevoir|Expanding Force|p1b: Thrasher|[spread] p1a,p1b
|-crit|p1b: Thrasher
|-damage|p1a: Cordyceps|0 fnt
|-damage|p1b: Thrasher|0 fnt
|faint|p1a: Cordyceps
|faint|p1b: Thrasher
|
|upkeep
|
|t:|1756863399
|switch|p1a: Swiper|Ninetales, L50, M|100/100
|switch|p1b: Noxia|Sneasler, L50, F|100/100
|-weather|SunnyDay|[from] ability: Drought|[of] p1a: Swiper
|turn|3
|
|t:|1756863414
|switch|p2b: Tyranitar|Tyranitar, L50, F|100/100
|-weather|Sandstorm|[from] ability: Sand Stream|[of] p2b: Tyranitar
|move|p1b: Noxia|Close Combat|p2a: Indeedee
|-damage|p2a: Indeedee|0 fnt
|-unboost|p1b: Noxia|def|1
|-unboost|p1b: Noxia|spd|1
|faint|p2a: Indeedee
|move|p1a: Swiper|Heat Wave|p2b: Tyranitar
|-resisted|p2b: Tyranitar
|-damage|p2b: Tyranitar|80/100
|
|-weather|Sandstorm|[upkeep]
|-damage|p1b: Noxia|95/100|[from] Sandstorm
|-damage|p1a: Swiper|94/100|[from] Sandstorm
|upkeep
|
|t:|1756863433
|switch|p2a: Excadrill|Excadrill, L50, M, shiny|100/100
|turn|4
|inactive|tedidn has 30 seconds left.
|
|t:|1756863466
|-terastallize|p1a: Swiper|Grass
|move|p2a: Excadrill|Protect|p2a: Excadrill
|-singleturn|p2a: Excadrill|Protect
|move|p2b: Tyranitar|Protect|p2b: Tyranitar
|-singleturn|p2b: Tyranitar|Protect
|move|p1b: Noxia|Close Combat|p2b: Tyranitar
|-activate|p2b: Tyranitar|move: Protect
|move|p1a: Swiper|Heat Wave|p2a: Excadrill|[spread] 
|-activate|p2a: Excadrill|move: Protect
|-activate|p2b: Tyranitar|move: Protect
|
|-weather|Sandstorm|[upkeep]
|-damage|p1b: Noxia|89/100|[from] Sandstorm
|-damage|p1a: Swiper|88/100|[from] Sandstorm
|-sideend|p1: tedidn|move: Tailwind
|upkeep
|turn|5
|
|t:|1756863482
|switch|p2b: Gardevoir|Gardevoir, L50, M, shiny, tera:Psychic|25/100
|move|p2a: Excadrill|Earthquake|p1a: Swiper|[spread] p1a,p1b
|-activate|p2b: Gardevoir|ability: Telepathy
|-resisted|p1a: Swiper
|-supereffective|p1b: Noxia
|-damage|p1a: Swiper|58/100
|-damage|p1b: Noxia|0 fnt
|faint|p1b: Noxia
|move|p1a: Swiper|Heat Wave|p2b: Gardevoir|[spread] p2a,p2b
|-supereffective|p2a: Excadrill
|-enditem|p2a: Excadrill|Focus Sash
|-damage|p2a: Excadrill|1/100
|-damage|p2b: Gardevoir|0 fnt
|faint|p2b: Gardevoir
|
|-weather|Sandstorm|[upkeep]
|-damage|p1a: Swiper|52/100|[from] Sandstorm
|-fieldend|move: Psychic Terrain
|upkeep
|
|t:|1756863497
|switch|p2b: Tyranitar|Tyranitar, L50, F|80/100
|turn|6
|
|t:|1756863502
|move|p2a: Excadrill|Iron Head|p1a: Swiper
|-damage|p1a: Swiper|0 fnt
|faint|p1a: Swiper
|
|win|sbhaga34
