|j|☆HOPE AND DESIRE
|j|☆rouzthunder
|html|HOPE AND DESIRErouzthunder    
|uhtml|bestof|Game 1 of a best-of-3
|t:|1783857473
|gametype|doubles
|player|p1|HOPE AND DESIRE|gambler|1184
|player|p2|rouzthunder|phoebe-masters|1079
|gen|9
|tier|[Gen 9 Champions] VGC 2026 Reg M-B (Bo3)
|rated|
|rule|Species Clause: Limit one of each Pokémon
|rule|Item Clause: Limit 1 of each item
|clearpoke
|poke|p1|Charizard, L50, F|
|poke|p1|Whimsicott, L50, F|
|poke|p1|Garchomp, L50, M|
|poke|p1|Basculegion, L50, M|
|poke|p1|Glimmora, L50, M|
|poke|p1|Kingambit, L50, F|
|poke|p2|Falinks, L50|
|poke|p2|Pelipper, L50, M|
|poke|p2|Archaludon, L50, F|
|poke|p2|Sinistcha, L50|
|poke|p2|Incineroar, L50, M|
|poke|p2|Garchomp, L50, F|
|teampreview|4
|showteam|p1|Charizard||CharizarditeY|Blaze|WeatherBall,HeatWave,SolarBeam,Protect|Modest||F|||50|]Whimsicott||FairyFeather|Prankster|Moonblast,TrickRoom,Encore,Tailwind|Bold||F|||50|]Garchomp||SitrusBerry|RoughSkin|DragonClaw,Earthquake,RockSlide,Protect|Adamant||M|||50|]Basculegion||MysticWater|Adaptability|WaveCrash,AquaJet,LastRespects,Protect|Adamant||M|||50|]Glimmora||FocusSash|ToxicDebris|PowerGem,SludgeBomb,SpikyShield,EarthPower|Modest||M|||50|]Kingambit||ChopleBerry|Defiant|KowtowCleave,SuckerPunch,IronHead,LowKick|Adamant||F|||50|
|showteam|p2|Falinks||Falinksite|Defiant|CloseCombat,NoRetreat,FirstImpression,Protect|Adamant|||||50|]Pelipper||SitrusBerry|Drizzle|Hurricane,WeatherBall,Tailwind,WideGuard|Bold||M|||50|]Archaludon||Leftovers|Stamina|ElectroShot,Protect,DragonPulse,FlashCannon|Modest||F|||50|]Sinistcha||KasibBerry|Hospitality|MatchaGotcha,RagePowder,Protect,TrickRoom|Bold|||||50|]Incineroar||PasshoBerry|Intimidate|FakeOut,PartingShot,FlareBlitz,Protect|Relaxed||M|||50|]Garchomp||LifeOrb|RoughSkin|DragonClaw,Earthquake,Protect,RockSlide|Jolly||F|||50|
|inactive|Battle timer is ON: inactive players will automatically lose when time's up. (requested by HOPE AND DESIRE)
|
|t:|1783857497
|teamsize|p1|4
|teamsize|p2|4
|start
|switch|p1a: Golden Mushroom|Whimsicott, L50, F|100/100
|switch|p1b: Poison Blooper|Glimmora, L50, M|100/100
|switch|p2a: Garchomp|Garchomp, L50, F|100/100
|switch|p2b: Archaludon|Archaludon, L50, F|100/100
|turn|1
|inactive|rouzthunder has 30 seconds left.
|
|t:|1783857526
|move|p2a: Garchomp|Protect|p2a: Garchomp
|-singleturn|p2a: Garchomp|Protect
|move|p1a: Golden Mushroom|Tailwind|p1a: Golden Mushroom
|-sidestart|p1: HOPE AND DESIRE|move: Tailwind
|move|p1b: Poison Blooper|Power Gem|p2a: Garchomp
|-activate|p2a: Garchomp|move: Protect
|move|p2b: Archaludon|Flash Cannon|p1a: Golden Mushroom
|-supereffective|p1a: Golden Mushroom|1
|-damage|p1a: Golden Mushroom|12/100
|
|upkeep
|turn|2
|
|t:|1783857544
|move|p2b: Archaludon|Protect|p2b: Archaludon
|-singleturn|p2b: Archaludon|Protect
|move|p1b: Poison Blooper|Earth Power|p2b: Archaludon
|-activate|p2b: Archaludon|move: Protect
|move|p1a: Golden Mushroom|Moonblast|p2a: Garchomp
|-supereffective|p2a: Garchomp|1
|-damage|p2a: Garchomp|25/100
|-unboost|p2a: Garchomp|spa|1
|move|p2a: Garchomp|Earthquake|p1b: Poison Blooper|[spread] p1a,p1b
|-activate|p2b: Archaludon|move: Protect
|-resisted|p1a: Golden Mushroom|1
|-supereffective|p1b: Poison Blooper|2
|-damage|p1a: Golden Mushroom|0 fnt
|-enditem|p1b: Poison Blooper|Focus Sash
|-damage|p1b: Poison Blooper|1/100
|-activate|p1b: Poison Blooper|ability: Toxic Debris
|-sidestart|p2: rouzthunder|move: Toxic Spikes
|faint|p1a: Golden Mushroom
|-damage|p2a: Garchomp|15/100|[from] item: Life Orb
|
|upkeep
|
|t:|1783857563
|switch|p1a: Bascullet Bill|Basculegion, L50, M|100/100
|turn|3
|
|t:|1783857586
|move|p2a: Garchomp|Protect|p2a: Garchomp
|-singleturn|p2a: Garchomp|Protect
|move|p1b: Poison Blooper|Earth Power|p2b: Archaludon
|-supereffective|p2b: Archaludon|1
|-damage|p2b: Archaludon|20/100y
|-ability|p2b: Archaludon|Stamina|boost
|-boost|p2b: Archaludon|def|1
|move|p1a: Bascullet Bill|Last Respects|p2b: Archaludon
|-damage|p2b: Archaludon|0 fnt
|faint|p2b: Archaludon
|
|upkeep
|
|t:|1783857608
|switch|p2b: Pelipper|Pelipper, L50, M|100/100
|-weather|RainDance|[from] ability: Drizzle|[of] p2b: Pelipper
|turn|4
|
|t:|1783857628
|switch|p2a: Falinks|Falinks, L50|100/100
|-status|p2a: Falinks|psn
|move|p1b: Poison Blooper|Earth Power|p2a: Falinks
|-damage|p2a: Falinks|41/100 psn
|move|p1a: Bascullet Bill|Last Respects|p2b: Pelipper
|-damage|p2b: Pelipper|25/100
|-enditem|p2b: Pelipper|Sitrus Berry|[eat]
|-heal|p2b: Pelipper|50/100y|[from] item: Sitrus Berry
|move|p2b: Pelipper|Tailwind|p2b: Pelipper
|-sidestart|p2: rouzthunder|move: Tailwind
|
|-weather|RainDance|[upkeep]
|-damage|p2a: Falinks|29/100 psn|[from] psn
|-sideend|p1: HOPE AND DESIRE|move: Tailwind
|upkeep
|turn|5
|inactive|rouzthunder has 30 seconds left.
|
|t:|1783857662
|detailschange|p2a: Falinks|Falinks-Mega, L50
|-mega|p2a: Falinks|Falinks|Falinksite
|move|p1b: Poison Blooper|Spiky Shield|p1b: Poison Blooper
|-singleturn|p1b: Poison Blooper|move: Protect
|move|p2a: Falinks|First Impression|p1b: Poison Blooper
|-activate|p1b: Poison Blooper|move: Protect
|-damage|p2a: Falinks|17/100 psn|[from] Spiky Shield|[of] p1b: Poison Blooper
|move|p1a: Bascullet Bill|Aqua Jet|p2a: Falinks
|-damage|p2a: Falinks|0 fnt
|faint|p2a: Falinks
|move|p2b: Pelipper|Hurricane|p1a: Bascullet Bill
|-damage|p1a: Bascullet Bill|58/100
|-start|p1a: Bascullet Bill|confusion
|
|-weather|RainDance|[upkeep]
|upkeep
|
|t:|1783857682
|switch|p2a: Garchomp|Garchomp, L50, F|15/100
|-status|p2a: Garchomp|psn
|turn|6
|
|t:|1783857691
|-activate|p1a: Bascullet Bill|confusion
|-damage|p1a: Bascullet Bill|40/100|[from] confusion
|move|p2a: Garchomp|Earthquake|p1a: Bascullet Bill|[spread] p1a,p1b
|-immune|p2b: Pelipper
|-supereffective|p1b: Poison Blooper|2
|-damage|p1a: Bascullet Bill|0 fnt
|-damage|p1b: Poison Blooper|0 fnt
|-activate|p1b: Poison Blooper|ability: Toxic Debris
|-sidestart|p2: rouzthunder|move: Toxic Spikes
|faint|p1a: Bascullet Bill
|faint|p1b: Poison Blooper
|-damage|p2a: Garchomp|5/100 psn|[from] item: Life Orb
|move|p2b: Pelipper|Hurricane|p1: Bascullet Bill|[notarget]
|-fail|p2b: Pelipper
|
|-weather|RainDance|[upkeep]
|-damage|p2a: Garchomp|0 fnt|[from] psn
|faint|p2a: Garchomp
|upkeep
|
|t:|1783857706
|switch|p1a: SuperStar|Charizard, L50, F|100/100
|turn|7
|
|t:|1783857713
|detailschange|p1a: SuperStar|Charizard-Mega-Y, L50, F
|-mega|p1a: SuperStar|Charizard|Charizardite Y
|-weather|SunnyDay|[from] ability: Drought|[of] p1a: SuperStar
|move|p2b: Pelipper|Weather Ball|p1a: SuperStar
|-resisted|p1a: SuperStar|1
|-damage|p1a: SuperStar|85/100
|move|p1a: SuperStar|Solar Beam||[still]
|-prepare|p1a: SuperStar|Solar Beam
|-anim|p1a: SuperStar|Solar Beam|p2b: Pelipper
|-damage|p2b: Pelipper|0 fnt
|faint|p2b: Pelipper
|
|win|HOPE AND DESIRE
|c|☆HOPE AND DESIRE|Gg
||rouzthunder is ready for game 2.
|inactive|HOPE AND DESIRE has 30 seconds to confirm battle start!
