|j|☆FireKing002
|j|☆Retking
|html|FireKing002Retking    
|uhtml|bestof|Game 1 of a best-of-3
|t:|1756263817
|gametype|doubles
|player|p1|FireKing002|roxie|1065
|player|p2|Retking|n|1118
|gen|9
|tier|[Gen 9] VGC 2025 Reg H (Bo3)
|rated|
|rule|Species Clause: Limit one of each Pokémon
|rule|Item Clause: Limit 1 of each item
|clearpoke
|poke|p1|Kommo-o, L50, F|
|poke|p1|Drifblim, L50, M|
|poke|p1|Hydreigon, L50, F|
|poke|p1|Toxtricity-Low-Key, L50, F|
|poke|p1|Volcarona, L50, F|
|poke|p1|Indeedee, L50, M|
|poke|p2|Gholdengo, L50|
|poke|p2|Sneasler, L50, M|
|poke|p2|Rillaboom, L50, F|
|poke|p2|Dragonite, L50, M|
|poke|p2|Ninetales-Alola, L50, M|
|poke|p2|Arcanine-Hisui, L50, M|
|teampreview|4
|showteam|p1|Kommo-o||CovertCloak|Soundproof|BodyPress,Flamethrower,IronDefense,Protect|||F|||50|,,,,,Fire]Drifblim||PsychicSeed|Unburden|Acrobatics,WillOWisp,StrengthSap,Tailwind|||M|||50|,,,,,Grass]Hydreigon||AssaultVest|Levitate|DarkPulse,DracoMeteor,EarthPower,Snarl|||F|||50|,,,,,Ghost]Toxtricity-Low-Key||ChoiceSpecs|PunkRock|Boomburst,VoltSwitch,Overdrive,SludgeBomb|||F|||50|,,,,,Normal]Volcarona||LifeOrb|FlameBody|BugBuzz,HeatWave,TeraBlast,Protect|||F|||50|,,,,,Fairy]Indeedee||FocusSash|PsychicSurge|ExpandingForce,TeraBlast,Imprison,TrickRoom|||M|||50|,,,,,Ground
|showteam|p2|Gholdengo||GrassySeed|GoodasGold|NastyPlot,MakeItRain,ShadowBall,Protect||||||50|,,,,,Water]Sneasler||WhiteHerb|Unburden|CloseCombat,DireClaw,Coaching,Protect|||M|||50|,,,,,Ghost]Rillaboom||AssaultVest|GrassySurge|FakeOut,GrassyGlide,DrumBeating,HighHorsepower|||F|||50|,,,,,Fire]Dragonite||LoadedDice|Multiscale|ScaleShot,StompingTantrum,Tailwind,Protect|||M|||50|,,,,,Ground]Ninetales-Alola||FocusSash|SnowWarning|Blizzard,IcyWind,Encore,AuroraVeil|||M|||50|,,,,,Ghost]Arcanine-Hisui||ClearAmulet|Intimidate|RockSlide,FlareBlitz,ExtremeSpeed,Protect|||M|||50|,,,,,Water
|inactive|Battle timer is ON: inactive players will automatically lose when time's up. (requested by Retking)
|inactive|Retking has 60 seconds left.
|inactive|Retking has 30 seconds left.
|inactive|Retking has 20 seconds left.
|inactive|Retking has 15 seconds left.
|inactive|Retking has 10 seconds left.
|inactive|Retking has 5 seconds left.
|
|t:|1756263907
|teamsize|p1|4
|teamsize|p2|4
|start
|switch|p1a: Drifblim|Drifblim, L50, M|100/100
|switch|p1b: Indeedee|Indeedee, L50, M|100/100
|switch|p2a: Gholdengo|Gholdengo, L50|100/100
|switch|p2b: Sneasler|Sneasler, L50, M|100/100
|-fieldstart|move: Psychic Terrain|[from] ability: Psychic Surge|[of] p1b: Indeedee
|-enditem|p1a: Drifblim|Psychic Seed
|-boost|p1a: Drifblim|spd|1|[from] item: Psychic Seed
|turn|1
|inactive|Retking has 30 seconds left.
|inactive|Retking has 20 seconds left.
|inactive|Retking has 15 seconds left.
|
|t:|1756263948
|switch|p2b: Rillaboom|Rillaboom, L50, F|100/100
|-fieldstart|move: Grassy Terrain|[from] ability: Grassy Surge|[of] p2b: Rillaboom
|-enditem|p2a: Gholdengo|Grassy Seed
|-boost|p2a: Gholdengo|def|1|[from] item: Grassy Seed
|-terastallize|p2a: Gholdengo|Water
|move|p1a: Drifblim|Acrobatics|p2b: Rillaboom
|-supereffective|p2b: Rillaboom
|-damage|p2b: Rillaboom|31/100
|move|p2a: Gholdengo|Nasty Plot|p2a: Gholdengo
|-boost|p2a: Gholdengo|spa|2
|move|p1b: Indeedee|Expanding Force|p2a: Gholdengo
|-crit|p2a: Gholdengo
|-damage|p2a: Gholdengo|43/100
|
|-heal|p2b: Rillaboom|36/100|[from] Grassy Terrain
|-heal|p2a: Gholdengo|49/100|[from] Grassy Terrain
|upkeep
|turn|2
|
|t:|1756263971
|switch|p1b: Hydreigon|Hydreigon, L50, F|100/100
|move|p2b: Rillaboom|Fake Out|p1b: Hydreigon
|-damage|p1b: Hydreigon|84/100
|move|p1a: Drifblim|Tailwind|p1a: Drifblim
|-sidestart|p1: FireKing002|move: Tailwind
|move|p2a: Gholdengo|Make It Rain|p1b: Hydreigon|[spread] p1a,p1b
|-damage|p1a: Drifblim|33/100
|-damage|p1b: Hydreigon|16/100
|-unboost|p2a: Gholdengo|spa|1
|
|-heal|p2b: Rillaboom|42/100|[from] Grassy Terrain
|-heal|p2a: Gholdengo|55/100|[from] Grassy Terrain
|upkeep
|turn|3
|inactive|Retking has 30 seconds left.
|
|t:|1756263999
|switch|p1b: Indeedee|Indeedee, L50, M|100/100
|-fieldstart|move: Psychic Terrain|[from] ability: Psychic Surge|[of] p1b: Indeedee
|move|p1a: Drifblim|Acrobatics|p2b: Rillaboom
|-supereffective|p2b: Rillaboom
|-damage|p2b: Rillaboom|0 fnt
|faint|p2b: Rillaboom
|move|p2a: Gholdengo|Shadow Ball|p1a: Drifblim
|-supereffective|p1a: Drifblim
|-damage|p1a: Drifblim|0 fnt
|faint|p1a: Drifblim
|
|upkeep
|
|t:|1756264013
|switch|p2b: Dragonite|Dragonite, L50, M|100/100
|switch|p1a: Hydreigon|Hydreigon, L50, F|16/100
|turn|4
|
|t:|1756264032
|move|p2a: Gholdengo|Protect|p2a: Gholdengo
|-singleturn|p2a: Gholdengo|Protect
|move|p1a: Hydreigon|Snarl|p2a: Gholdengo|[spread] p2b
|-activate|p2a: Gholdengo|move: Protect
|-damage|p2b: Dragonite|89/100
|-unboost|p2b: Dragonite|spa|1
|move|p1b: Indeedee|Expanding Force|p2a: Gholdengo|[spread] p2b
|-activate|p2a: Gholdengo|move: Protect
|-damage|p2b: Dragonite|24/100
|move|p2b: Dragonite|Tailwind|p2b: Dragonite
|-sidestart|p2: Retking|move: Tailwind
|
|upkeep
|turn|5
|inactive|Retking has 30 seconds left.
|inactive|FireKing002 has 30 seconds left.
|inactive|Retking has 20 seconds left.
|inactive|Retking has 15 seconds left.
|inactive|Retking has 10 seconds left.
|inactive|Retking has 5 seconds left.
|
|t:|1756264087
|move|p2b: Dragonite|Protect|p2b: Dragonite
|-singleturn|p2b: Dragonite|Protect
|move|p1a: Hydreigon|Draco Meteor|p2b: Dragonite
|-activate|p2b: Dragonite|move: Protect
|move|p2a: Gholdengo|Make It Rain|p1b: Indeedee|[spread] p1a,p1b
|-damage|p1a: Hydreigon|0 fnt
|-damage|p1b: Indeedee|25/100
|-unboost|p2a: Gholdengo|spa|1
|faint|p1a: Hydreigon
|move|p1b: Indeedee|Trick Room|p1b: Indeedee
|-fieldstart|move: Trick Room|[of] p1b: Indeedee
|
|-sideend|p1: FireKing002|move: Tailwind
|upkeep
|
|t:|1756264100
|switch|p1a: Pinkshift|Toxtricity-Low-Key, L50, F, shiny|100/100
|turn|6
|inactive|Retking has 30 seconds left.
|inactive|Retking has 20 seconds left.
|inactive|Retking has 15 seconds left.
|inactive|Retking has 10 seconds left.
|
|t:|1756264150
|move|p2a: Gholdengo|Protect|p2a: Gholdengo
|-singleturn|p2a: Gholdengo|Protect
|move|p1a: Pinkshift|Overdrive|p2b: Dragonite|[spread] p2b
|-activate|p2a: Gholdengo|move: Protect
|-damage|p2b: Dragonite|0 fnt
|faint|p2b: Dragonite
|move|p1b: Indeedee|Expanding Force|p2a: Gholdengo
|-activate|p2a: Gholdengo|move: Protect
|
|upkeep
|
|t:|1756264160
|switch|p2b: Sneasler|Sneasler, L50, M|100/100
|turn|7
|inactive|Retking has 30 seconds left.
|inactive|Retking has 20 seconds left.
|
|t:|1756264196
|move|p1a: Pinkshift|Overdrive|p2a: Gholdengo|[spread] p2a,p2b
|-supereffective|p2a: Gholdengo
|-damage|p2a: Gholdengo|0 fnt
|-damage|p2b: Sneasler|34/100
|faint|p2a: Gholdengo
|move|p1b: Indeedee|Expanding Force|p2b: Sneasler
|-supereffective|p2b: Sneasler
|-damage|p2b: Sneasler|0 fnt
|faint|p2b: Sneasler
|
|win|FireKing002
||Retking is ready for game 2.
