|j|☆GZN
|j|☆Funnylion
|html|GZNFunnylion    
|uhtml|bestof|Game 1 of a best-of-3
|t:|1756822447
|gametype|doubles
|player|p1|GZN|boarder|1000
|player|p2|Funnylion|102|1063
|gen|9
|tier|[Gen 9] VGC 2025 Reg H (Bo3)
|rated|
|rule|Species Clause: Limit one of each Pokémon
|rule|Item Clause: Limit 1 of each item
|clearpoke
|poke|p1|Sneasler, L50, M|
|poke|p1|Ursaluna-Bloodmoon, L50, M|
|poke|p1|Gholdengo, L50|
|poke|p1|Dragonite, L50, M|
|poke|p1|Electabuzz, L50, F|
|poke|p1|Sinistcha-Masterpiece, L50|
|poke|p2|Archaludon, L50, F|
|poke|p2|Pelipper, L50, M|
|poke|p2|Rillaboom, L50, M|
|poke|p2|Basculegion, L50, M|
|poke|p2|Incineroar, L50, F|
|poke|p2|Gholdengo, L50|
|teampreview|4
|showteam|p1|Sneasler||WhiteHerb|Unburden|CloseCombat,DireClaw,FakeOut,Protect|||M|||50|,,,,,Dark]Ursaluna-Bloodmoon||AssaultVest|MindsEye|BloodMoon,HyperVoice,EarthPower,VacuumWave|||M|||50|,,,,,Fighting]Gholdengo||LifeOrb|GoodasGold|MakeItRain,ShadowBall,NastyPlot,Protect||||||50|,,,,,Steel]Dragonite||LoadedDice|Multiscale|ScaleShot,Tailwind,Haze,Protect|||M|||50|,,,,,Fairy]Electabuzz||Eviolite|VitalSpirit|Thunderbolt,FollowMe,Taunt,Protect|||F|||50|,,,,,Ghost]Sinistcha-Masterpiece||CovertCloak|Hospitality|RagePowder,TrickRoom,MatchaGotcha,ShadowBall||||||50|,,,,,Water
|showteam|p2|Archaludon||PowerHerb|Stamina|ElectroShot,DracoMeteor,FlashCannon,Protect|||F|||50|,,,,,Grass]Pelipper||FocusSash|Drizzle|Hurricane,WeatherBall,Tailwind,Protect|||M|||50|,,,,,Stellar]Rillaboom||AssaultVest|GrassySurge|WoodHammer,GrassyGlide,FakeOut,Uturn|||M|||50|,,,,,Fire]Basculegion||LifeOrb|SwiftSwim|LastRespects,WaveCrash,AquaJet,Protect|||M|||50|,,,,,Ghost]Incineroar||SafetyGoggles|Intimidate|FakeOut,KnockOff,FlareBlitz,PartingShot|||F|||50|,,,,,Ghost]Gholdengo||ChoiceScarf|GoodasGold|MakeItRain,ShadowBall,Thunderbolt,Trick||||||50|,,,,,Dragon
|inactive|Battle timer is ON: inactive players will automatically lose when time's up. (requested by Funnylion)
|c|☆Funnylion|glhf
|c|☆GZN|glhf
|inactive|GZN has 60 seconds left.
|inactive|GZN has 30 seconds left.
|inactive|GZN has 20 seconds left.
|inactive|GZN has 15 seconds left.
|inactive|GZN has 10 seconds left.
|
|t:|1756822531
|teamsize|p1|4
|teamsize|p2|4
|start
|switch|p1a: Tea|Sinistcha-Masterpiece, L50|100/100
|switch|p1b: Twink Fu|Sneasler, L50, M|100/100
|switch|p2a: Pelipper|Pelipper, L50, M|100/100
|switch|p2b: Rillaboom|Rillaboom, L50, M|100/100
|-weather|RainDance|[from] ability: Drizzle|[of] p2a: Pelipper
|-fieldstart|move: Grassy Terrain|[from] ability: Grassy Surge|[of] p2b: Rillaboom
|turn|1
|inactive|GZN has 30 seconds left.
|
|t:|1756822566
|switch|p1b: Draggin Deez|Dragonite, L50, M|100/100
|switch|p2b: Basculegion|Basculegion, L50, M|100/100
|move|p2a: Pelipper|Protect|p2a: Pelipper
|-singleturn|p2a: Pelipper|Protect
|move|p1a: Tea|Matcha Gotcha|p2a: Pelipper|[spread] p2b
|-activate|p2a: Pelipper|move: Protect
|-supereffective|p2b: Basculegion
|-damage|p2b: Basculegion|18/100
|
|-weather|RainDance|[upkeep]
|-heal|p2b: Basculegion|24/100|[from] Grassy Terrain
|upkeep
|turn|2
|inactive|GZN has 30 seconds left.
|inactive|Funnylion has 30 seconds left.
|
|t:|1756822593
|switch|p2b: Rillaboom|Rillaboom, L50, M|100/100
|-terastallize|p1a: Tea|Water
|move|p1a: Tea|Rage Powder|p1a: Tea
|-singleturn|p1a: Tea|move: Rage Powder
|move|p2a: Pelipper|Hurricane|p1a: Tea
|-damage|p1a: Tea|48/100
|move|p1b: Draggin Deez|Scale Shot|p2b: Rillaboom
|-damage|p2b: Rillaboom|89/100
|-damage|p2b: Rillaboom|77/100
|-damage|p2b: Rillaboom|65/100
|-damage|p2b: Rillaboom|52/100
|-hitcount|p2b: Rillaboom|4
|-unboost|p1b: Draggin Deez|def|1
|-boost|p1b: Draggin Deez|spe|1
|
|-weather|RainDance|[upkeep]
|-heal|p2b: Rillaboom|58/100|[from] Grassy Terrain
|-heal|p1a: Tea|54/100|[from] Grassy Terrain
|upkeep
|turn|3
|inactive|GZN has 30 seconds left.
|
|t:|1756822622
|switch|p1a: $$$$$$$$$$$$|Gholdengo, L50|100/100
|move|p2b: Rillaboom|Grassy Glide|p1a: $$$$$$$$$$$$
|-resisted|p1a: $$$$$$$$$$$$
|-damage|p1a: $$$$$$$$$$$$|80/100
|move|p1b: Draggin Deez|Tailwind|p1b: Draggin Deez
|-sidestart|p1: GZN|move: Tailwind
|move|p2a: Pelipper|Hurricane|p1b: Draggin Deez
|-damage|p1b: Draggin Deez|82/100
|-start|p1b: Draggin Deez|confusion
|
|-weather|RainDance|[upkeep]
|-heal|p1a: $$$$$$$$$$$$|86/100|[from] Grassy Terrain
|-heal|p2b: Rillaboom|63/100|[from] Grassy Terrain
|upkeep
|turn|4
|
|t:|1756822643
|-activate|p1b: Draggin Deez|confusion
|move|p1b: Draggin Deez|Scale Shot|p2a: Pelipper
|-damage|p2a: Pelipper|83/100
|-damage|p2a: Pelipper|67/100
|-damage|p2a: Pelipper|48/100
|-damage|p2a: Pelipper|32/100
|-hitcount|p2a: Pelipper|4
|-unboost|p1b: Draggin Deez|def|1
|-boost|p1b: Draggin Deez|spe|1
|move|p1a: $$$$$$$$$$$$|Nasty Plot|p1a: $$$$$$$$$$$$
|-boost|p1a: $$$$$$$$$$$$|spa|2
|move|p2a: Pelipper|Weather Ball|p1a: $$$$$$$$$$$$
|-damage|p1a: $$$$$$$$$$$$|6/100
|move|p2b: Rillaboom|U-turn|p1b: Draggin Deez
|-resisted|p1b: Draggin Deez
|-damage|p1b: Draggin Deez|58/100
|
|t:|1756822656
|switch|p2b: Basculegion|Basculegion, L50, M|24/100|[from] U-turn
|
|-weather|RainDance|[upkeep]
|-heal|p1a: $$$$$$$$$$$$|12/100|[from] Grassy Terrain
|-heal|p2b: Basculegion|30/100|[from] Grassy Terrain
|upkeep
|turn|5
|
|t:|1756822679
|switch|p2a: Archaludon|Archaludon, L50, F|100/100
|move|p2b: Basculegion|Aqua Jet|p1a: $$$$$$$$$$$$
|-damage|p1a: $$$$$$$$$$$$|0 fnt
|faint|p1a: $$$$$$$$$$$$
|-damage|p2b: Basculegion|21/100|[from] item: Life Orb
|-activate|p1b: Draggin Deez|confusion
|move|p1b: Draggin Deez|Scale Shot|p2b: Basculegion
|-damage|p2b: Basculegion|7/100
|-damage|p2b: Basculegion|0 fnt
|faint|p2b: Basculegion
|-hitcount|p2: Basculegion|2
|-unboost|p1b: Draggin Deez|def|1
|-boost|p1b: Draggin Deez|spe|1
|
|-weather|none
|-fieldend|move: Grassy Terrain
|upkeep
|
|t:|1756822703
|switch|p1a: Twink Fu|Sneasler, L50, M|100/100
|switch|p2b: Rillaboom|Rillaboom, L50, M|63/100
|-fieldstart|move: Grassy Terrain|[from] ability: Grassy Surge|[of] p2b: Rillaboom
|turn|6
|
|t:|1756822730
|-end|p1b: Draggin Deez|confusion
|move|p1b: Draggin Deez|Protect|p1b: Draggin Deez
|-singleturn|p1b: Draggin Deez|Protect
|move|p1a: Twink Fu|Protect|p1a: Twink Fu
|-singleturn|p1a: Twink Fu|Protect
|move|p2b: Rillaboom|Fake Out|p1a: Twink Fu
|-activate|p1a: Twink Fu|move: Protect
|move|p2a: Archaludon|Electro Shot||[still]
|-prepare|p2a: Archaludon|Electro Shot
|-boost|p2a: Archaludon|spa|1
|-enditem|p2a: Archaludon|Power Herb
|-anim|p2a: Archaludon|Electro Shot|p1b: Draggin Deez
|-activate|p1b: Draggin Deez|move: Protect
|
|-heal|p2b: Rillaboom|69/100|[from] Grassy Terrain
|-sideend|p1: GZN|move: Tailwind
|upkeep
|turn|7
|inactive|GZN has 30 seconds left.
|inactive|Funnylion has 30 seconds left.
|inactive|GZN has 20 seconds left.
|inactive|GZN has 15 seconds left.
|inactive|GZN has 10 seconds left.
|inactive|Funnylion has 20 seconds left.
|
|t:|1756822780
|-terastallize|p2a: Archaludon|Grass
|move|p1b: Draggin Deez|Scale Shot|p2b: Rillaboom
|-damage|p2b: Rillaboom|56/100
|-damage|p2b: Rillaboom|44/100
|-damage|p2b: Rillaboom|32/100
|-damage|p2b: Rillaboom|20/100
|-hitcount|p2b: Rillaboom|4
|-unboost|p1b: Draggin Deez|def|1
|-boost|p1b: Draggin Deez|spe|1
|move|p1a: Twink Fu|Close Combat|p2a: Archaludon
|-damage|p2a: Archaludon|41/100
|-unboost|p1a: Twink Fu|def|1
|-unboost|p1a: Twink Fu|spd|1
|-ability|p2a: Archaludon|Stamina|boost
|-boost|p2a: Archaludon|def|1
|-enditem|p1a: Twink Fu|White Herb
|-clearnegativeboost|p1a: Twink Fu|[silent]
|move|p2a: Archaludon|Draco Meteor|p1b: Draggin Deez
|-supereffective|p1b: Draggin Deez
|-damage|p1b: Draggin Deez|0 fnt
|-unboost|p2a: Archaludon|spa|2
|faint|p1b: Draggin Deez
|move|p2b: Rillaboom|U-turn|p1a: Twink Fu
|-resisted|p1a: Twink Fu
|-damage|p1a: Twink Fu|91/100
|
|t:|1756822786
|switch|p2b: Pelipper|Pelipper, L50, M|32/100|[from] U-turn
|-weather|RainDance|[from] ability: Drizzle|[of] p2b: Pelipper
|
|-weather|RainDance|[upkeep]
|-heal|p1a: Twink Fu|97/100|[from] Grassy Terrain
|-heal|p2a: Archaludon|47/100|[from] Grassy Terrain
|upkeep
|
|t:|1756822808
|switch|p1b: Tea|Sinistcha-Masterpiece, L50, tera:Water|54/100
|-heal|p1a: Twink Fu|100/100|[from] ability: Hospitality|[of] p1b: Tea
|turn|8
|inactive|GZN has 30 seconds left.
|inactive|GZN has 20 seconds left.
|inactive|GZN has 15 seconds left.
|
|t:|1756822848
|move|p1a: Twink Fu|Dire Claw|p2b: Pelipper
|-crit|p2b: Pelipper
|-damage|p2b: Pelipper|0 fnt
|faint|p2b: Pelipper
|move|p2a: Archaludon|Electro Shot||[still]
|-prepare|p2a: Archaludon|Electro Shot
|-boost|p2a: Archaludon|spa|1
|-anim|p2a: Archaludon|Electro Shot|p1b: Tea
|-supereffective|p1b: Tea
|-damage|p1b: Tea|0 fnt
|faint|p1b: Tea
|
|-weather|RainDance|[upkeep]
|-heal|p2a: Archaludon|53/100|[from] Grassy Terrain
|upkeep
|
|t:|1756822854
|switch|p2b: Rillaboom|Rillaboom, L50, M|20/100
|turn|9
|
|t:|1756822864
|move|p1a: Twink Fu|Protect|p1a: Twink Fu
|-singleturn|p1a: Twink Fu|Protect
|move|p2b: Rillaboom|Fake Out|p1a: Twink Fu
|-activate|p1a: Twink Fu|move: Protect
|move|p2a: Archaludon|Electro Shot||[still]
|-prepare|p2a: Archaludon|Electro Shot
|-boost|p2a: Archaludon|spa|1
|-anim|p2a: Archaludon|Electro Shot|p1a: Twink Fu
|-activate|p1a: Twink Fu|move: Protect
|
|-weather|RainDance|[upkeep]
|-heal|p2a: Archaludon|59/100|[from] Grassy Terrain
|-heal|p2b: Rillaboom|26/100|[from] Grassy Terrain
|upkeep
|turn|10
|
|t:|1756822880
|move|p2b: Rillaboom|Grassy Glide|p2a: Archaludon
|-resisted|p2a: Archaludon
|-damage|p2a: Archaludon|48/100
|-ability|p2a: Archaludon|Stamina|boost
|-boost|p2a: Archaludon|def|1
|move|p1a: Twink Fu|Dire Claw|p2a: Archaludon
|-supereffective|p2a: Archaludon
|-damage|p2a: Archaludon|5/100
|-status|p2a: Archaludon|par
|-ability|p2a: Archaludon|Stamina|boost
|-boost|p2a: Archaludon|def|1
|move|p2a: Archaludon|Electro Shot||[still]
|-prepare|p2a: Archaludon|Electro Shot
|-boost|p2a: Archaludon|spa|1
|-anim|p2a: Archaludon|Electro Shot|p1a: Twink Fu
|-damage|p1a: Twink Fu|0 fnt
|faint|p1a: Twink Fu
|
|win|Funnylion
|inactive|GZN has 30 seconds to confirm battle start!
|inactive|Funnylion has 30 seconds to confirm battle start!
|c|☆Funnylion|dang
