|j|☆ultraclaw1
|j|☆new mental
|html|ultraclaw1new mental    
|uhtml|bestof|Game 2 of a best-of-3
|t:|1784920947
|gametype|doubles
|player|p1|ultraclaw1|brycenman|1461
|player|p2|new mental|volkner|1342
|gen|9
|tier|[Gen 9 Champions] VGC 2026 Reg M-B (Bo3)
|rated|
|rule|Species Clause: Limit one of each Pokémon
|rule|Item Clause: Limit 1 of each item
|clearpoke
|poke|p1|Maushold, L50|
|poke|p1|Kingambit, L50, M|
|poke|p1|Garchomp, L50, M|
|poke|p1|Basculegion, L50, M|
|poke|p1|Talonflame, L50, M|
|poke|p1|Floette-Eternal, L50, F|
|poke|p2|Charizard, L50, F|
|poke|p2|Garchomp, L50, F|
|poke|p2|Incineroar, L50, F|
|poke|p2|Venusaur, L50, M|
|poke|p2|Toxapex, L50, M|
|poke|p2|Sylveon, L50, M|
|teampreview|4
|showteam|p1|Maushold||FocusSash|FriendGuard|SuperFang,Taunt,FollowMe,Protect|Timid|||||50|]Kingambit||ChopleBerry|Defiant|KowtowCleave,SuckerPunch,LowKick,IronHead|Adamant||M|||50|]Garchomp||LifeOrb|RoughSkin|RockSlide,Earthquake,DragonClaw,Protect|Jolly||M|||50|]Basculegion||MysticWater|Adaptability|WaveCrash,LastRespects,AquaJet,Protect|Adamant||M|||50|]Talonflame||SharpBeak|GaleWings|QuickGuard,DualWingbeat,Tailwind,Protect|Jolly||M|||50|]Floette-Eternal||Floettite|FlowerVeil|LightofRuin,Protect,Moonblast,DazzlingGleam|Modest||F|||50|
|showteam|p2|Charizard||CharizarditeY|SolarPower|WeatherBall,HeatWave,AncientPower,Protect|Modest||F|||50|]Garchomp||ChoiceScarf|RoughSkin|RockSlide,DragonClaw,Earthquake,StompingTantrum|Adamant||F|||50|]Incineroar||SitrusBerry|Intimidate|FlareBlitz,FakeOut,DarkestLariat,PartingShot|Impish||F|||50|]Venusaur||LifeOrb|Chlorophyll|SludgeBomb,LeafStorm,EarthPower,Protect|Modest||M|||50|]Toxapex||Leftovers|Regenerator|Infestation,Toxic,WideGuard,BanefulBunker|Bold||M|||50|]Sylveon||FairyFeather|Pixilate|HyperVoice,QuickAttack,Yawn,Detect|Modest||M|||50|
|inactive|Battle timer is ON: inactive players will automatically lose when time's up. (requested by ultraclaw1)
|
|t:|1784920957
|teamsize|p1|4
|teamsize|p2|4
|start
|switch|p1a: Floette|Floette-Eternal, L50, F|100/100
|switch|p1b: Garchomp|Garchomp, L50, M|100/100
|switch|p2a: Charizard|Charizard, L50, F|100/100
|switch|p2b: Toxapex|Toxapex, L50, M|100/100
|turn|1
|
|t:|1784920970
|switch|p2a: Incineroar|Incineroar, L50, F|100/100
|-ability|p2a: Incineroar|Intimidate|boost
|-unboost|p1a: Floette|atk|1
|-unboost|p1b: Garchomp|atk|1
|move|p1b: Garchomp|Protect|p1b: Garchomp
|-singleturn|p1b: Garchomp|Protect
|move|p1a: Floette|Protect|p1a: Floette
|-singleturn|p1a: Floette|Protect
|move|p2b: Toxapex|Toxic|p1b: Garchomp
|-activate|p1b: Garchomp|move: Protect
|
|upkeep
|turn|2
|inactive|ultraclaw1 has 30 seconds left.
|
|t:|1784921002
|switch|p1b: Talonflame|Talonflame, L50, M|100/100
|detailschange|p1a: Floette|Floette-Mega, L50, F
|-mega|p1a: Floette|Floette|Floettite
|-ability|p1a: Floette|Fairy Aura
|move|p2a: Incineroar|Fake Out|p1b: Talonflame
|-damage|p1b: Talonflame|84/100
|move|p1a: Floette|Light of Ruin|p2a: Incineroar
|-damage|p2a: Incineroar|2/100
|-enditem|p2a: Incineroar|Sitrus Berry|[eat]
|-heal|p2a: Incineroar|27/100|[from] item: Sitrus Berry
|-damage|p1a: Floette|35/100|[from] Recoil
|move|p2b: Toxapex|Toxic|p1a: Floette
|-status|p1a: Floette|tox
|
|-damage|p1a: Floette|29/100 tox|[from] psn
|upkeep
|turn|3
|
|t:|1784921015
|switch|p1a: Garchomp|Garchomp, L50, M|100/100
|move|p1b: Talonflame|Dual Wingbeat|p2a: Incineroar
|-damage|p2a: Incineroar|14/100
|-damage|p2a: Incineroar|0 fnt
|faint|p2a: Incineroar
|-hitcount|p2: Incineroar|2
|move|p2b: Toxapex|Infestation|p1b: Talonflame
|-resisted|p1b: Talonflame|2
|-damage|p1b: Talonflame|83/100
|-activate|p1b: Talonflame|move: Infestation|[of] p2b: Toxapex
|
|-damage|p1b: Talonflame|70/100|[from] move: Infestation|[partiallytrapped]
|upkeep
|
|t:|1784921021
|switch|p2a: Charizard|Charizard, L50, F|100/100
|turn|4
|
|t:|1784921026
|detailschange|p2a: Charizard|Charizard-Mega-Y, L50, F
|-mega|p2a: Charizard|Charizard|Charizardite Y
|-weather|SunnyDay|[from] ability: Drought|[of] p2a: Charizard
|move|p1b: Talonflame|Dual Wingbeat|p2a: Charizard
|-damage|p2a: Charizard|82/100
|-damage|p2a: Charizard|64/100
|-hitcount|p2a: Charizard|2
|move|p1a: Garchomp|Dragon Claw|p2a: Charizard
|-crit|p2a: Charizard
|-damage|p2a: Charizard|0 fnt
|faint|p2a: Charizard
|-damage|p1a: Garchomp|90/100|[from] item: Life Orb
|move|p2b: Toxapex|Toxic|p1a: Garchomp
|-status|p1a: Garchomp|tox
|
|-weather|SunnyDay|[upkeep]
|-damage|p1a: Garchomp|84/100 tox|[from] psn
|-damage|p1b: Talonflame|58/100|[from] move: Infestation|[partiallytrapped]
|upkeep
|
|t:|1784921041
|switch|p2a: Venusaur|Venusaur, L50, M|100/100
|turn|5
|
|t:|1784921057
|move|p2a: Venusaur|Sludge Bomb|p1b: Talonflame
|-damage|p1b: Talonflame|0 fnt
|faint|p1b: Talonflame
|-damage|p2a: Venusaur|90/100|[from] item: Life Orb
|move|p1a: Garchomp|Earthquake|p2b: Toxapex|[spread] p2a,p2b
|-supereffective|p2b: Toxapex|1
|-damage|p2a: Venusaur|35/100
|-damage|p2b: Toxapex|25/100
|-damage|p1a: Garchomp|74/100 tox|[from] item: Life Orb
|move|p2b: Toxapex|Infestation|p1a: Garchomp
|-damage|p1a: Garchomp|71/100 tox
|-activate|p1a: Garchomp|move: Infestation|[of] p2b: Toxapex
|-damage|p2b: Toxapex|13/100|[from] ability: Rough Skin|[of] p1a: Garchomp
|
|-weather|SunnyDay|[upkeep]
|-heal|p2b: Toxapex|19/100|[from] item: Leftovers
|-damage|p1a: Garchomp|59/100 tox|[from] psn
|-damage|p1a: Garchomp|47/100 tox|[from] move: Infestation|[partiallytrapped]
|upkeep
|
|t:|1784921062
|switch|p1b: Basculegion|Basculegion, L50, M|100/100
|turn|6
|
|t:|1784921070
|move|p2b: Toxapex|Baneful Bunker|p2b: Toxapex
|-singleturn|p2b: Toxapex|move: Protect
|move|p2a: Venusaur|Leaf Storm|p1b: Basculegion
|-supereffective|p1b: Basculegion|1
|-damage|p1b: Basculegion|0 fnt
|-unboost|p2a: Venusaur|spa|2
|faint|p1b: Basculegion
|-damage|p2a: Venusaur|26/100|[from] item: Life Orb
|move|p1a: Garchomp|Dragon Claw|p2a: Venusaur
|-damage|p2a: Venusaur|0 fnt
|faint|p2a: Venusaur
|-damage|p1a: Garchomp|37/100 tox|[from] item: Life Orb
|
|-weather|SunnyDay|[upkeep]
|-heal|p2b: Toxapex|24/100|[from] item: Leftovers
|-damage|p1a: Garchomp|19/100 tox|[from] psn
|-damage|p1a: Garchomp|7/100 tox|[from] move: Infestation|[partiallytrapped]
|upkeep
|
|t:|1784921074
|switch|p1b: Floette|Floette-Mega, L50, F|29/100 tox
|-ability|p1b: Floette|Fairy Aura
|turn|7
|
|t:|1784921078
|move|p2b: Toxapex|Wide Guard|p2b: Toxapex
|-singleturn|p2b: Toxapex|Wide Guard
|move|p1a: Garchomp|Dragon Claw|p2b: Toxapex
|-damage|p2b: Toxapex|0 fnt
|faint|p2b: Toxapex
|-damage|p1a: Garchomp|0 fnt|[from] item: Life Orb
|faint|p1a: Garchomp
|
|win|ultraclaw1
