|j|☆abtoty
|j|☆The Bongo Time
|html|abtotyThe Bongo Time    
|uhtml|bestof|Game 2 of a best-of-3
|t:|1757785527
|gametype|doubles
|player|p1|abtoty|102|1081
|player|p2|The Bongo Time|janitor|1059
|gen|9
|tier|[Gen 9] VGC 2025 Reg H (Bo3)
|rated|
|rule|Species Clause: Limit one of each Pokémon
|rule|Item Clause: Limit 1 of each item
|clearpoke
|poke|p1|Gholdengo, L50|
|poke|p1|Dragonite, L50, F|
|poke|p1|Sneasler, L50, F|
|poke|p1|Rillaboom, L50, F|
|poke|p1|Ursaluna, L50, F|
|poke|p1|Porygon2, L50|
|poke|p2|Dondozo, L50, F|
|poke|p2|Tatsugiri, L50, M|
|poke|p2|Glimmora, L50, M|
|poke|p2|Rillaboom, L50, M|
|poke|p2|Ninetales-Alola, L50, F|
|poke|p2|Gholdengo, L50|
|teampreview|4
|showteam|p1|Gholdengo||MetalCoat|GoodasGold|MakeItRain,ShadowBall,NastyPlot,Protect||||||50|,,,,,Water]Dragonite||LoadedDice|Multiscale|ScaleShot,StompingTantrum,Tailwind,Protect|||F|||50|,,,,,Fairy]Sneasler||FocusSash|Unburden|DireClaw,CloseCombat,Coaching,Protect|||F|||50|,,,,,Ghost]Rillaboom||AssaultVest|GrassySurge|GrassyGlide,WoodHammer,FakeOut,HighHorsepower|||F|||50|,,,,,Fire]Ursaluna||FlameOrb|Guts|Facade,Protect,HeadlongRush,Earthquake|||F|||50|,,,,,Ground]Porygon2||Eviolite|Download|TeraBlast,IceBeam,TrickRoom,Recover||||||50|,,,,,Fighting
|showteam|p2|Dondozo||Leftovers|Unaware|WaveCrash,OrderUp,Earthquake,Protect|||F|||50|,,,,,Grass]Tatsugiri||FocusSash|Commander|DracoMeteor,MuddyWater,HelpingHand,Protect|||M|||50|,,,,,Dragon]Glimmora||PowerHerb|ToxicDebris|MeteorBeam,SludgeBomb,EarthPower,Protect|||M|||50|,,,,,Grass]Rillaboom||MiracleSeed|GrassySurge|GrassyGlide,WoodHammer,FakeOut,Uturn|||M|||50|,,,,,Grass]Ninetales-Alola||LightClay|SnowWarning|Blizzard,Moonblast,AuroraVeil,Protect|||F|||50|,,,,,Steel]Gholdengo||MetalCoat|GoodasGold|MakeItRain,NastyPlot,ShadowBall,Protect||||||50|,,,,,Dragon
|inactive|Battle timer is ON: inactive players will automatically lose when time's up. (requested by The Bongo Time)
|
|t:|1757785576
|teamsize|p1|4
|teamsize|p2|4
|start
|switch|p1a: Gholdengo|Gholdengo, L50|100/100
|switch|p1b: Dragonite|Dragonite, L50, F|100/100
|switch|p2a: Megatron|Glimmora, L50, M|100/100
|switch|p2b: Lars|Rillaboom, L50, M|100/100
|-fieldstart|move: Grassy Terrain|[from] ability: Grassy Surge|[of] p2b: Lars
|turn|1
|
|t:|1757785593
|move|p2b: Lars|Fake Out|p1b: Dragonite
|-damage|p1b: Dragonite|93/100
|move|p2a: Megatron|Earth Power|p1a: Gholdengo
|-supereffective|p1a: Gholdengo
|-damage|p1a: Gholdengo|28/100
|move|p1a: Gholdengo|Nasty Plot|p1a: Gholdengo
|-boost|p1a: Gholdengo|spa|2
|cant|p1b: Dragonite|flinch
|
|-heal|p1a: Gholdengo|34/100|[from] Grassy Terrain
|upkeep
|turn|2
|
|t:|1757785619
|move|p1a: Gholdengo|Protect|p1a: Gholdengo
|-singleturn|p1a: Gholdengo|Protect
|move|p2a: Megatron|Meteor Beam||[still]
|-prepare|p2a: Megatron|Meteor Beam
|-boost|p2a: Megatron|spa|1
|-enditem|p2a: Megatron|Power Herb
|-anim|p2a: Megatron|Meteor Beam|p1b: Dragonite
|-supereffective|p1b: Dragonite
|-damage|p1b: Dragonite|0 fnt
|faint|p1b: Dragonite
|move|p2b: Lars|Wood Hammer|p1a: Gholdengo
|-activate|p1a: Gholdengo|move: Protect
|
|-heal|p1a: Gholdengo|40/100|[from] Grassy Terrain
|upkeep
|
|t:|1757785636
|switch|p1b: Sneasler|Sneasler, L50, F|100/100
|turn|3
|inactive|abtoty has 30 seconds left.
|inactive|abtoty has 20 seconds left.
|inactive|abtoty has 15 seconds left.
|
|t:|1757785678
|move|p2a: Megatron|Protect|p2a: Megatron
|-singleturn|p2a: Megatron|Protect
|move|p1b: Sneasler|Dire Claw|p2b: Lars
|-supereffective|p2b: Lars
|-damage|p2b: Lars|14/100
|-status|p2b: Lars|par
|move|p1a: Gholdengo|Make It Rain|p2b: Lars|[spread] p2b
|-activate|p2a: Megatron|move: Protect
|-damage|p2b: Lars|0 fnt
|-unboost|p1a: Gholdengo|spa|1
|faint|p2b: Lars
|
|-heal|p1a: Gholdengo|46/100|[from] Grassy Terrain
|upkeep
|
|t:|1757785687
|switch|p2b: Notorious F.I.S.H|Dondozo, L50, F|100/100
|turn|4
|inactive|abtoty has 30 seconds left.
|inactive|abtoty has 20 seconds left.
|
|t:|1757785723
|-terastallize|p1a: Gholdengo|Water
|move|p2b: Notorious F.I.S.H|Protect|p2b: Notorious F.I.S.H
|-singleturn|p2b: Notorious F.I.S.H|Protect
|move|p1b: Sneasler|Dire Claw|p2b: Notorious F.I.S.H
|-activate|p2b: Notorious F.I.S.H|move: Protect
|move|p2a: Megatron|Earth Power|p1b: Sneasler
|-supereffective|p1b: Sneasler
|-enditem|p1b: Sneasler|Focus Sash
|-damage|p1b: Sneasler|1/100
|move|p1a: Gholdengo|Make It Rain|p2a: Megatron|[spread] p2a
|-activate|p2b: Notorious F.I.S.H|move: Protect
|-supereffective|p2a: Megatron
|-damage|p2a: Megatron|0 fnt
|-unboost|p1a: Gholdengo|spa|1
|faint|p2a: Megatron
|
|-heal|p1b: Sneasler|7/100|[from] Grassy Terrain
|-heal|p1a: Gholdengo|52/100|[from] Grassy Terrain
|upkeep
|
|t:|1757785734
|switch|p2a: Tatsugiri|Tatsugiri, L50, M|100/100
|-activate|p2a: Tatsugiri|ability: Commander|[of] p2b: Notorious F.I.S.H
|-boost|p2b: Notorious F.I.S.H|atk|2
|-boost|p2b: Notorious F.I.S.H|spa|2
|-boost|p2b: Notorious F.I.S.H|spe|2
|-boost|p2b: Notorious F.I.S.H|def|2
|-boost|p2b: Notorious F.I.S.H|spd|2
|turn|5
|inactive|abtoty has 30 seconds left.
|inactive|abtoty has 20 seconds left.
|inactive|abtoty has 15 seconds left.
|
|t:|1757785776
|move|p1b: Sneasler|Dire Claw|p2b: Notorious F.I.S.H
|-damage|p2b: Notorious F.I.S.H|88/100
|move|p1a: Gholdengo|Make It Rain|p2b: Notorious F.I.S.H|[spread] p2b
|-miss|p1a: Gholdengo|p2a: Tatsugiri
|-resisted|p2b: Notorious F.I.S.H
|-damage|p2b: Notorious F.I.S.H|75/100
|-unboost|p1a: Gholdengo|spa|1
|move|p2b: Notorious F.I.S.H|Order Up|p1a: Gholdengo
|-damage|p1a: Gholdengo|0 fnt
|faint|p1a: Gholdengo
|-boost|p2b: Notorious F.I.S.H|atk|1
|
|-heal|p1b: Sneasler|13/100|[from] Grassy Terrain
|-heal|p2b: Notorious F.I.S.H|81/100|[from] Grassy Terrain
|-heal|p2b: Notorious F.I.S.H|87/100|[from] item: Leftovers
|-fieldend|move: Grassy Terrain
|upkeep
|
|t:|1757785789
|switch|p1a: Ursaluna|Ursaluna, L50, F|100/100
|turn|6
|
|t:|1757785797
|move|p1a: Ursaluna|Protect|p1a: Ursaluna
|-singleturn|p1a: Ursaluna|Protect
|move|p1b: Sneasler|Dire Claw|p2b: Notorious F.I.S.H
|-damage|p2b: Notorious F.I.S.H|74/100
|move|p2b: Notorious F.I.S.H|Order Up|p1b: Sneasler
|-damage|p1b: Sneasler|0 fnt
|faint|p1b: Sneasler
|-boost|p2b: Notorious F.I.S.H|atk|1
|
|-heal|p2b: Notorious F.I.S.H|80/100|[from] item: Leftovers
|-status|p1a: Ursaluna|brn|[from] item: Flame Orb
|upkeep
|turn|7
|c|☆The Bongo Time|ggwp
|c|☆abtoty|gg
|
|t:|1757785812
|-terastallize|p2b: Notorious F.I.S.H|Grass
|move|p2b: Notorious F.I.S.H|Wave Crash|p1a: Ursaluna
|-supereffective|p1a: Ursaluna
|-damage|p1a: Ursaluna|0 fnt
|faint|p1a: Ursaluna
|-damage|p2b: Notorious F.I.S.H|52/100|[from] Recoil
|
|win|The Bongo Time
|raw|abtoty's rating: 1081 → 1057(-24 for losing)
|raw|The Bongo Time's rating: 1059 → 1092(+33 for winning)
|l|☆The Bongo Time
|player|p2|
