|j|☆ChalkyCheeks
|j|☆natsukivgc
|html|ChalkyCheeksnatsukivgc    
|uhtml|bestof|Game 3 of a best-of-3
|t:|1785469480
|gametype|doubles
|player|p1|ChalkyCheeks|2|1172
|player|p2|natsukivgc|1|1101
|gen|9
|tier|[Gen 9 Champions] VGC 2026 Reg M-B (Bo3)
|rated|
|rule|Species Clause: Limit one of each Pokémon
|rule|Item Clause: Limit 1 of each item
|clearpoke
|poke|p1|Chesnaught, L50, F|
|poke|p1|Incineroar, L50, M|
|poke|p1|Basculegion, L50, M|
|poke|p1|Lycanroc-Dusk, L50, F, shiny|
|poke|p1|Sylveon, L50, F|
|poke|p1|Farigiraf, L50, M|
|poke|p2|Charizard, L50, F|
|poke|p2|Sneasler, L50, M|
|poke|p2|Kingambit, L50, M|
|poke|p2|Dragonite, L50, M|
|poke|p2|Floette-Eternal, L50, F|
|poke|p2|Whimsicott, L50, F|
|teampreview|4
|showteam|p1|Chesnaught||Chesnaughtite|Bulletproof|BodyPress,GrassyGlide,SpikyShield,GrassyTerrain|Careful||F|||50|]Incineroar||ChopleBerry|Intimidate|FlareBlitz,ThroatChop,PartingShot,FakeOut|Adamant||M|||50|]Basculegion||SitrusBerry|Adaptability|WaveCrash,LastRespects,Protect,AquaJet|Adamant||M|||50|]Lycanroc-Dusk||FocusSash|ToughClaws|Accelerock,CloseCombat,Protect,RockTomb|Adamant||F|||50|]Sylveon||FairyFeather|Pixilate|HyperVoice,HyperBeam,Protect,QuickAttack|Modest||F|||50|]Farigiraf||ColburBerry|ArmorTail|HyperVoice,Psychic,HelpingHand,TrickRoom|Bold||M|||50|
|showteam|p2|Charizard||CharizarditeY|Blaze|HeatWave,SolarBeam,WeatherBall,Protect|Modest||F|||50|]Sneasler||WhiteHerb|Unburden|CloseCombat,DireClaw,FakeOut,Coaching|Jolly||M|||50|]Kingambit||BlackGlasses|Defiant|KowtowCleave,SuckerPunch,SwordsDance,Protect|Adamant||M|||50|]Dragonite||LifeOrb|InnerFocus|DragonClaw,LowKick,ExtremeSpeed,Protect|Adamant||M|||50|]Floette-Eternal||Floettite|FlowerVeil|Moonblast,DazzlingGleam,LightofRuin,Protect|Modest||F|||50|]Whimsicott||FocusSash|Prankster|Moonblast,Tailwind,Encore,Protect|Timid||F|||50|
|
|t:|1785469499
|teamsize|p1|4
|teamsize|p2|4
|start
|switch|p1a: Farigiraf|Farigiraf, L50, M|100/100
|switch|p1b: Incineroar|Incineroar, L50, M|100/100
|switch|p2a: Sneasler|Sneasler, L50, M|100/100
|switch|p2b: Dragonite|Dragonite, L50, M|100/100
|-ability|p1b: Incineroar|Intimidate|boost
|-unboost|p2a: Sneasler|atk|1
|-fail|p2b: Dragonite|unboost|Attack|[from] ability: Inner Focus|[of] p2b: Dragonite
|-enditem|p2a: Sneasler|White Herb
|-clearnegativeboost|p2a: Sneasler|[silent]
|turn|1
|
|t:|1785469530
|move|p1b: Incineroar|Fake Out|p2a: Sneasler
|-damage|p2a: Sneasler|78/100
|cant|p2a: Sneasler|flinch
|move|p2b: Dragonite|Dragon Claw|p1a: Farigiraf
|-crit|p1a: Farigiraf
|-damage|p1a: Farigiraf|30/100
|-damage|p2b: Dragonite|90/100|[from] item: Life Orb
|move|p1a: Farigiraf|Trick Room|p1a: Farigiraf
|-fieldstart|move: Trick Room|[of] p1a: Farigiraf
|
|upkeep
|turn|2
|
|t:|1785469566
|switch|p2a: Kingambit|Kingambit, L50, M|100/100
|move|p1a: Farigiraf|Hyper Voice|p2b: Dragonite|[spread] p2a,p2b
|-resisted|p2a: Kingambit|1
|-damage|p2a: Kingambit|88/100
|-damage|p2b: Dragonite|63/100
|move|p1b: Incineroar|Flare Blitz|p2a: Kingambit
|-supereffective|p2a: Kingambit|1
|-damage|p2a: Kingambit|9/100
|-damage|p1b: Incineroar|73/100|[from] Recoil
|move|p2b: Dragonite|Dragon Claw|p1a: Farigiraf
|-damage|p1a: Farigiraf|0 fnt
|faint|p1a: Farigiraf
|-damage|p2b: Dragonite|54/100|[from] item: Life Orb
|
|upkeep
|
|t:|1785469581
|switch|p1a: Sylveon|Sylveon, L50, F|100/100
|turn|3
|
|t:|1785469586
|switch|p1b: Chesnaught|Chesnaught, L50, F|100/100
|move|p2a: Kingambit|Protect|p2a: Kingambit
|-singleturn|p2a: Kingambit|Protect
|move|p2b: Dragonite|Protect|p2b: Dragonite
|-singleturn|p2b: Dragonite|Protect
|move|p1a: Sylveon|Hyper Voice|p2b: Dragonite|[spread] 
|-activate|p2a: Kingambit|move: Protect
|-activate|p2b: Dragonite|move: Protect
|
|upkeep
|turn|4
|
|t:|1785469646
|switch|p2a: Sneasler|Sneasler, L50, M|78/100
|detailschange|p1b: Chesnaught|Chesnaught-Mega, L50, F
|-mega|p1b: Chesnaught|Chesnaught|Chesnaughtite
|move|p2b: Dragonite|Extreme Speed|p1a: Sylveon
|-damage|p1a: Sylveon|53/100
|-damage|p2b: Dragonite|44/100|[from] item: Life Orb
|move|p1b: Chesnaught|Grassy Terrain|p1b: Chesnaught
|-fieldstart|move: Grassy Terrain
|move|p1a: Sylveon|Hyper Voice|p2a: Sneasler|[spread] p2a,p2b
|-supereffective|p2b: Dragonite|1
|-damage|p2a: Sneasler|11/100
|-damage|p2b: Dragonite|0 fnt
|faint|p2b: Dragonite
|
|-heal|p1a: Sylveon|59/100|[from] Grassy Terrain
|-heal|p2a: Sneasler|17/100|[from] Grassy Terrain
|upkeep
|
|t:|1785469671
|switch|p2b: Floette|Floette-Eternal, L50, F|100/100
|turn|5
|
|t:|1785469721
|switch|p1b: Incineroar|Incineroar, L50, M|73/100
|-ability|p1b: Incineroar|Intimidate|boost
|-unboost|p2a: Sneasler|atk|1
|-unboost|p2b: Floette|atk|1
|detailschange|p2b: Floette|Floette-Mega, L50, F
|-mega|p2b: Floette|Floette|Floettite
|-ability|p2b: Floette|Fairy Aura
|move|p2a: Sneasler|Fake Out|p1b: Incineroar
|-damage|p1b: Incineroar|64/100
|move|p1a: Sylveon|Hyper Voice|p2a: Sneasler|[spread] p2a,p2b
|-crit|p2b: Floette
|-damage|p2a: Sneasler|0 fnt
|-damage|p2b: Floette|32/100
|faint|p2a: Sneasler
|move|p2b: Floette|Moonblast|p1b: Incineroar
|-damage|p1b: Incineroar|0 fnt
|faint|p1b: Incineroar
|
|-heal|p1a: Sylveon|65/100|[from] Grassy Terrain
|-heal|p2b: Floette|38/100|[from] Grassy Terrain
|-fieldend|move: Trick Room
|upkeep
|
|t:|1785469739
|switch|p2a: Kingambit|Kingambit, L50, M|9/100
|switch|p1b: Chesnaught|Chesnaught-Mega, L50, F|100/100
|turn|6
|
|t:|1785469768
|move|p2a: Kingambit|Protect|p2a: Kingambit
|-singleturn|p2a: Kingambit|Protect
|move|p1a: Sylveon|Quick Attack|p2a: Kingambit
|-activate|p2a: Kingambit|move: Protect
|move|p1b: Chesnaught|Grassy Glide|p2b: Floette
|-damage|p2b: Floette|0 fnt
|faint|p2b: Floette
|
|-heal|p1a: Sylveon|71/100|[from] Grassy Terrain
|-heal|p2a: Kingambit|15/100|[from] Grassy Terrain
|upkeep
|turn|7
|-message|natsukivgc forfeited.
|
|win|ChalkyCheeks
|raw|ChalkyCheeks's rating: 1172 → 1192(+20 for winning)
|raw|natsukivgc's rating: 1101 → 1081(-20 for losing)
