|j|☆castoriceball
|j|☆tha worldo
|html|castoriceballtha worldo    
|uhtml|bestof|Game 2 of a best-of-3
|t:|1783716526
|gametype|doubles
|player|p1|castoriceball|miku-flying|1296
|player|p2|tha worldo|102|1213
|gen|9
|tier|[Gen 9 Champions] VGC 2026 Reg M-B (Bo3)
|rated|
|rule|Species Clause: Limit one of each Pokémon
|rule|Item Clause: Limit 1 of each item
|clearpoke
|poke|p1|Garchomp, L50, M|
|poke|p1|Floette-Eternal, L50, F|
|poke|p1|Talonflame, L50, F|
|poke|p1|Rotom-Wash, L50, shiny|
|poke|p1|Ceruledge, L50, M|
|poke|p1|Sneasler, L50, M|
|poke|p2|Garchomp, L50, M|
|poke|p2|Venusaur, L50, M|
|poke|p2|Incineroar, L50, M|
|poke|p2|Charizard, L50, M|
|poke|p2|Toxapex, L50, F|
|poke|p2|Annihilape, L50, M|
|teampreview|4
|showteam|p1|Garchomp||LifeOrb|RoughSkin|DragonClaw,Earthquake,RockSlide,Protect|Adamant||M|||50|]Floette-Eternal||Floettite|FlowerVeil|Moonblast,DazzlingGleam,LightofRuin,Protect|Modest||F|||50|]Talonflame||SharpBeak|GaleWings|Tailwind,DualWingbeat,WillOWisp,Protect|Jolly||F|||50|]Rotom-Wash||Magnet|Levitate|Thunderbolt,HydroPump,Electroweb,Protect|Modest|||||50|]Ceruledge||ColburBerry|FlashFire|Poltergeist,BitterBlade,ShadowSneak,Protect|Adamant||M|||50|]Sneasler||FocusSash|Unburden|FakeOut,DireClaw,CloseCombat,Taunt|Naughty||M|||50|
|showteam|p2|Garchomp||ChoiceScarf|RoughSkin|Earthquake,RockSlide,DragonClaw,StompingTantrum|Adamant||M|||50|]Venusaur||LifeOrb|Chlorophyll|SludgeBomb,SolarBeam,EarthPower,Protect|Modest||M|||50|]Incineroar||SitrusBerry|Intimidate|FakeOut,FlareBlitz,ThroatChop,PartingShot|Impish||M|||50|]Charizard||CharizarditeY|Blaze|HeatWave,WeatherBall,Protect,HelpingHand|Modest||M|||50|]Toxapex||Leftovers|Regenerator|Infestation,Toxic,WideGuard,BanefulBunker|Impish||F|||50|]Annihilape||FocusSash|Defiant|CloseCombat,PhantomForce,RockTomb,Protect|Jolly||M|||50|
|
|t:|1783716627
|teamsize|p1|4
|teamsize|p2|4
|start
|switch|p1a: BIRDD|Talonflame, L50, F|100/100
|switch|p1b: $70 flutter|Floette-Eternal, L50, F|100/100
|switch|p2a: Toxapex|Toxapex, L50, F|100/100
|switch|p2b: Incineroar|Incineroar, L50, M|100/100
|-ability|p2b: Incineroar|Intimidate|boost
|-unboost|p1a: BIRDD|atk|1
|-unboost|p1b: $70 flutter|atk|1
|turn|1
|
|t:|1783716660
|switch|p1b: jarchomp|Garchomp, L50, M|100/100
|move|p1a: BIRDD|Protect|p1a: BIRDD
|-singleturn|p1a: BIRDD|Protect
|move|p2b: Incineroar|Fake Out|p1a: BIRDD
|-activate|p1a: BIRDD|move: Protect
|move|p2a: Toxapex|Toxic|p1b: jarchomp
|-status|p1b: jarchomp|tox
|
|-damage|p1b: jarchomp|94/100 tox|[from] psn
|upkeep
|turn|2
|
|t:|1783716686
|switch|p1a: Laundry List|Rotom-Wash, L50, shiny|100/100
|move|p1b: jarchomp|Protect|p1b: jarchomp
|-singleturn|p1b: jarchomp|Protect
|move|p2a: Toxapex|Wide Guard|p2a: Toxapex
|-singleturn|p2a: Toxapex|Wide Guard
|move|p2b: Incineroar|Parting Shot|p1b: jarchomp
|-activate|p1b: jarchomp|move: Protect
|
|-damage|p1b: jarchomp|82/100 tox|[from] psn
|upkeep
|turn|3
|
|t:|1783716716
|move|p2a: Toxapex|Wide Guard|p2a: Toxapex
|-singleturn|p2a: Toxapex|Wide Guard
|move|p1b: jarchomp|Dragon Claw|p2b: Incineroar
|-damage|p2b: Incineroar|55/100
|-damage|p1b: jarchomp|72/100 tox|[from] item: Life Orb
|move|p1a: Laundry List|Hydro Pump|p2b: Incineroar
|-supereffective|p2b: Incineroar|1
|-damage|p2b: Incineroar|0 fnt
|faint|p2b: Incineroar
|
|-damage|p1b: jarchomp|55/100 tox|[from] psn
|upkeep
|
|t:|1783716730
|switch|p2b: Venusaur|Venusaur, L50, M|100/100
|turn|4
|
|t:|1783716744
|move|p1b: jarchomp|Dragon Claw|p2a: Toxapex
|-damage|p2a: Toxapex|61/100
|-damage|p1b: jarchomp|45/100 tox|[from] item: Life Orb
|move|p2b: Venusaur|Earth Power|p1b: jarchomp
|-damage|p1b: jarchomp|4/100 tox
|-damage|p2b: Venusaur|90/100|[from] item: Life Orb
|move|p1a: Laundry List|Thunderbolt|p2a: Toxapex
|-supereffective|p2a: Toxapex|1
|-damage|p2a: Toxapex|0 fnt
|faint|p2a: Toxapex
|
|-damage|p1b: jarchomp|0 fnt|[from] psn
|faint|p1b: jarchomp
|upkeep
|
|t:|1783716754
|switch|p1b: BIRDD|Talonflame, L50, F|100/100
|switch|p2a: Garchomp|Garchomp, L50, M|100/100
|turn|5
|
|t:|1783716765
|move|p1b: BIRDD|Protect|p1b: BIRDD
|-singleturn|p1b: BIRDD|Protect
|move|p2a: Garchomp|Rock Slide|p1b: BIRDD|[spread] p1a
|-activate|p1b: BIRDD|move: Protect
|-damage|p1a: Laundry List|80/100
|move|p2b: Venusaur|Sludge Bomb|p1a: Laundry List
|-damage|p1a: Laundry List|22/100
|-status|p1a: Laundry List|psn
|-damage|p2b: Venusaur|81/100|[from] item: Life Orb
|move|p1a: Laundry List|Hydro Pump|p2a: Garchomp
|-damage|p2a: Garchomp|40/100
|
|-damage|p1a: Laundry List|10/100 psn|[from] psn
|upkeep
|turn|6
|
|t:|1783716777
|move|p1b: BIRDD|Tailwind|p1b: BIRDD
|-sidestart|p1: castoriceball|move: Tailwind
|move|p2a: Garchomp|Rock Slide|p1b: BIRDD|[spread] p1a,p1b
|-supereffective|p1b: BIRDD|2
|-damage|p1a: Laundry List|0 fnt
|-damage|p1b: BIRDD|0 fnt
|faint|p1a: Laundry List
|faint|p1b: BIRDD
|move|p2b: Venusaur|Sludge Bomb|p1: Laundry List|[notarget]
|-fail|p2b: Venusaur
|
|upkeep
|
|t:|1783716782
|switch|p1b: $70 flutter|Floette-Eternal, L50, F|100/100
|turn|7
|
|t:|1783716787
|detailschange|p1b: $70 flutter|Floette-Mega, L50, F
|-mega|p1b: $70 flutter|Floette|Floettite
|-ability|p1b: $70 flutter|Fairy Aura
|move|p1b: $70 flutter|Dazzling Gleam|p2b: Venusaur|[spread] p2a,p2b
|-supereffective|p2a: Garchomp|1
|-resisted|p2b: Venusaur|1
|-damage|p2a: Garchomp|0 fnt
|-damage|p2b: Venusaur|53/100
|faint|p2a: Garchomp
|move|p2b: Venusaur|Sludge Bomb|p1b: $70 flutter
|-supereffective|p1b: $70 flutter|1
|-damage|p1b: $70 flutter|1/100
|-damage|p2b: Venusaur|44/100|[from] item: Life Orb
|
|upkeep
|turn|8
|c|☆castoriceball|GOATED floette spread
|
|t:|1783716795
|move|p2b: Venusaur|Protect|p2b: Venusaur
|-singleturn|p2b: Venusaur|Protect
|move|p1b: $70 flutter|Light of Ruin|p2b: Venusaur
|-activate|p2b: Venusaur|move: Protect
|
|upkeep
|turn|9
|
|t:|1783716799
|move|p2b: Venusaur|Protect||[still]
|-fail|p2b: Venusaur
|move|p1b: $70 flutter|Light of Ruin|p2b: Venusaur
|-resisted|p2b: Venusaur|1
|-damage|p2b: Venusaur|0 fnt
|faint|p2b: Venusaur
|-damage|p1b: $70 flutter|0 fnt|[from] Recoil
|faint|p1b: $70 flutter
|
|win|castoriceball
|raw|castoriceball's rating: 1296 → 1315(+19 for winning)
|raw|tha worldo's rating: 1213 → 1194(-19 for losing)
