|j|☆efwefwefwefweifier
|j|☆lalalaing
|html|efwefwefwefweifierlalalaing    
|uhtml|bestof|Game 3 of a best-of-3
|t:|1784073469
|gametype|doubles
|player|p1|efwefwefwefweifier|clown|1291
|player|p2|lalalaing|chili|1408
|gen|9
|tier|[Gen 9 Champions] VGC 2026 Reg M-B (Bo3)
|rated|
|rule|Species Clause: Limit one of each Pokémon
|rule|Item Clause: Limit 1 of each item
|clearpoke
|poke|p1|Armarouge, L50, F|
|poke|p1|Sinistcha, L50|
|poke|p1|Floette-Eternal, L50, F|
|poke|p1|Incineroar, L50, M, shiny|
|poke|p1|Sneasler, L50, F|
|poke|p1|Hydreigon, L50, M|
|poke|p2|Swampert, L50, F|
|poke|p2|Gengar, L50, M|
|poke|p2|Pelipper, L50, M|
|poke|p2|Archaludon, L50, F|
|poke|p2|Maushold-Four, L50|
|poke|p2|Incineroar, L50, M|
|teampreview|4
|showteam|p1|Armarouge||ColburBerry|FlashFire|HeatWave,Psychic,CalmMind,Protect|Modest||F|||50|]Sinistcha||KasibBerry|Hospitality|MatchaGotcha,RagePowder,LifeDew,TrickRoom|Calm|||||50|]Floette-Eternal||Floettite|FlowerVeil|Moonblast,DrainingKiss,CalmMind,Protect|Modest||F|||50|]Incineroar||SitrusBerry|Intimidate|FlareBlitz,FakeOut,PartingShot,Taunt|Impish||M|||50|]Sneasler||FocusSash|PoisonTouch|CloseCombat,PoisonJab,FakeOut,QuickGuard|Jolly||F|||50|]Hydreigon||ChoiceScarf|Levitate|DracoMeteor,DarkPulse,Snarl,EarthPower|Modest||M|||50|
|showteam|p2|Swampert||Swampertite|Damp|WaveCrash,Earthquake,IcePunch,Protect|Adamant||F|||50|]Gengar||Gengarite|CursedBody|ShadowBall,SludgeBomb,Disable,Protect|Timid||M|||50|]Pelipper||FocusSash|Drizzle|WeatherBall,Hurricane,Tailwind,Protect|Modest||M|||50|]Archaludon||Leftovers|Stamina|ElectroShot,DragonPulse,FlashCannon,Protect|Modest||F|||50|]Maushold-Four||ChopleBerry|FriendGuard|SuperFang,FollowMe,Encore,Protect|Timid|||||50|]Incineroar||PasshoBerry|Intimidate|FlareBlitz,ThroatChop,FakeOut,PartingShot|Careful||M|||50|
|inactive|Battle timer is ON: inactive players will automatically lose when time's up. (requested by efwefwefwefweifier)
|inactive|efwefwefwefweifier has 60 seconds left.
|inactive|efwefwefwefweifier has 30 seconds left.
|
|t:|1784073537
|teamsize|p1|4
|teamsize|p2|4
|start
|switch|p1a: Merry Berry|Incineroar, L50, M, shiny|100/100
|switch|p1b: Flowa Powa|Floette-Eternal, L50, F|100/100
|switch|p2a: Incineroar|Incineroar, L50, M|100/100
|switch|p2b: Swampert|Swampert, L50, F|100/100
|-ability|p2a: Incineroar|Intimidate|boost
|-unboost|p1a: Merry Berry|atk|1
|-unboost|p1b: Flowa Powa|atk|1
|-ability|p1a: Merry Berry|Intimidate|boost
|-unboost|p2a: Incineroar|atk|1
|-unboost|p2b: Swampert|atk|1
|turn|1
|
|t:|1784073557
|switch|p2b: Pelipper|Pelipper, L50, M|100/100
|-weather|RainDance|[from] ability: Drizzle|[of] p2b: Pelipper
|detailschange|p1b: Flowa Powa|Floette-Mega, L50, F
|-mega|p1b: Flowa Powa|Floette|Floettite
|-ability|p1b: Flowa Powa|Fairy Aura
|move|p2a: Incineroar|Fake Out|p1b: Flowa Powa
|-damage|p1b: Flowa Powa|91/100
|move|p1a: Merry Berry|Fake Out|p2b: Pelipper
|-damage|p2b: Pelipper|89/100
|cant|p1b: Flowa Powa|flinch
|
|-weather|RainDance|[upkeep]
|upkeep
|turn|2
|inactive|efwefwefwefweifier has 30 seconds left.
|inactive|efwefwefwefweifier has 20 seconds left.
|inactive|efwefwefwefweifier has 15 seconds left.
|inactive|efwefwefwefweifier has 10 seconds left.
|inactive|efwefwefwefweifier has 5 seconds left.
|
|t:|1784073613
|move|p1b: Flowa Powa|Moonblast|p2b: Pelipper
|-damage|p2b: Pelipper|0 fnt
|faint|p2b: Pelipper
|move|p2a: Incineroar|Throat Chop|p1a: Merry Berry
|-resisted|p1a: Merry Berry|1
|-damage|p1a: Merry Berry|91/100
|-start|p1a: Merry Berry|Throat Chop|[silent]
|move|p1a: Merry Berry|Flare Blitz|p2a: Incineroar
|-resisted|p2a: Incineroar|1
|-damage|p2a: Incineroar|92/100
|-damage|p1a: Merry Berry|88/100|[from] Recoil
|
|-weather|RainDance|[upkeep]
|upkeep
|
|t:|1784073616
|switch|p2b: Swampert|Swampert, L50, F|100/100
|turn|3
|inactive|efwefwefwefweifier has 30 seconds left.
|inactive|efwefwefwefweifier has 20 seconds left.
|inactive|efwefwefwefweifier has 15 seconds left.
|inactive|efwefwefwefweifier has 10 seconds left.
|inactive|efwefwefwefweifier has 5 seconds left.
|
|t:|1784073671
|detailschange|p2b: Swampert|Swampert-Mega, L50, F
|-mega|p2b: Swampert|Swampert|Swampertite
|move|p2b: Swampert|Ice Punch|p1a: Merry Berry
|-resisted|p1a: Merry Berry|1
|-damage|p1a: Merry Berry|75/100
|move|p1b: Flowa Powa|Moonblast|p2b: Swampert
|-damage|p2b: Swampert|38/100
|move|p2a: Incineroar|Parting Shot|p1a: Merry Berry
|-unboost|p1a: Merry Berry|atk|1
|-unboost|p1a: Merry Berry|spa|1
|
|t:|1784073681
|switch|p2a: Archaludon|Archaludon, L50, F|100/100|[from] Parting Shot
|move|p1a: Merry Berry|Flare Blitz|p2b: Swampert
|-resisted|p2b: Swampert|1
|-damage|p2b: Swampert|33/100
|-damage|p1a: Merry Berry|74/100|[from] Recoil
|
|-weather|RainDance|[upkeep]
|-end|p1a: Merry Berry|Throat Chop|[silent]
|upkeep
|turn|4
|inactive|efwefwefwefweifier has 30 seconds left.
|inactive|efwefwefwefweifier has 20 seconds left.
|inactive|efwefwefwefweifier has 15 seconds left.
|inactive|efwefwefwefweifier has 10 seconds left.
|inactive|efwefwefwefweifier has 5 seconds left.
|
|t:|1784073736
|move|p2b: Swampert|Wave Crash|p1b: Flowa Powa
|-damage|p1b: Flowa Powa|0 fnt
|faint|p1b: Flowa Powa
|-damage|p2b: Swampert|3/100|[from] Recoil
|move|p2a: Archaludon|Electro Shot||[still]
|-prepare|p2a: Archaludon|Electro Shot
|-boost|p2a: Archaludon|spa|1
|-anim|p2a: Archaludon|Electro Shot|p1a: Merry Berry
|-damage|p1a: Merry Berry|14/100
|-enditem|p1a: Merry Berry|Sitrus Berry|[eat]
|-heal|p1a: Merry Berry|39/100|[from] item: Sitrus Berry
|move|p1a: Merry Berry|Flare Blitz|p2a: Archaludon
|-damage|p2a: Archaludon|90/100
|-ability|p2a: Archaludon|Stamina|boost
|-boost|p2a: Archaludon|def|1
|-damage|p1a: Merry Berry|36/100|[from] Recoil
|
|-weather|RainDance|[upkeep]
|-heal|p2a: Archaludon|96/100|[from] item: Leftovers
|upkeep
|inactive|efwefwefwefweifier has 30 seconds left.
|inactive|efwefwefwefweifier has 20 seconds left.
|inactive|efwefwefwefweifier has 15 seconds left.
|inactive|efwefwefwefweifier has 10 seconds left.
|inactive|efwefwefwefweifier has 5 seconds left.
|
|t:|1784073791
|switch|p1b: Bartholomews|Hydreigon, L50, M|100/100
|turn|5
|inactive|efwefwefwefweifier has 30 seconds left.
|inactive|efwefwefwefweifier has 20 seconds left.
|inactive|efwefwefwefweifier has 15 seconds left.
|inactive|efwefwefwefweifier has 10 seconds left.
|inactive|efwefwefwefweifier has 5 seconds left.
|
|t:|1784073846
|move|p2b: Swampert|Wave Crash|p1a: Merry Berry
|-supereffective|p1a: Merry Berry|1
|-damage|p1a: Merry Berry|0 fnt
|faint|p1a: Merry Berry
|-damage|p2b: Swampert|0 fnt|[from] Recoil
|faint|p2b: Swampert
|move|p1b: Bartholomews|Draco Meteor|p2a: Archaludon
|-damage|p2a: Archaludon|3/100
|-unboost|p1b: Bartholomews|spa|2
|-ability|p2a: Archaludon|Stamina|boost
|-boost|p2a: Archaludon|def|1
|move|p2a: Archaludon|Dragon Pulse|p1b: Bartholomews
|-supereffective|p1b: Bartholomews|1
|-damage|p1b: Bartholomews|0 fnt
|faint|p1b: Bartholomews
|
|-weather|none
|-heal|p2a: Archaludon|9/100|[from] item: Leftovers
|upkeep
|inactive|efwefwefwefweifier has 30 seconds left.
|inactive|efwefwefwefweifier has 20 seconds left.
|inactive|efwefwefwefweifier has 15 seconds left.
|inactive|efwefwefwefweifier has 10 seconds left.
|inactive|efwefwefwefweifier has 5 seconds left.
|
|t:|1784073901
|switch|p2b: Incineroar|Incineroar, L50, M|92/100
|switch|p1a: Spinny Sinny|Sinistcha, L50|100/100
|-ability|p2b: Incineroar|Intimidate|boost
|-unboost|p1a: Spinny Sinny|atk|1
|turn|6
|inactive|efwefwefwefweifier has 30 seconds left.
|c|☆lalalaing|Dude just get it over with
|inactive|efwefwefwefweifier has 20 seconds left.
|c|☆lalalaing|Don't make us both lose time
|inactive|efwefwefwefweifier has 15 seconds left.
|inactive|efwefwefwefweifier has 10 seconds left.
|inactive|efwefwefwefweifier has 5 seconds left.
|
|t:|1784073956
|move|p2a: Archaludon|Dragon Pulse|p1a: Spinny Sinny
|-damage|p1a: Spinny Sinny|41/100
|move|p1a: Spinny Sinny|Matcha Gotcha|p2b: Incineroar|[spread] p2a,p2b
|-resisted|p2a: Archaludon|2
|-resisted|p2b: Incineroar|1
|-damage|p2a: Archaludon|2/100
|-heal|p1a: Spinny Sinny|44/100|[from] drain|[of] p2a: Archaludon
|-damage|p2b: Incineroar|82/100
|-heal|p1a: Spinny Sinny|50/100g|[from] drain|[of] p2b: Incineroar
|-ability|p2a: Archaludon|Stamina|boost
|-boost|p2a: Archaludon|def|1
|move|p2b: Incineroar|Flare Blitz|p1a: Spinny Sinny
|-supereffective|p1a: Spinny Sinny|1
|-damage|p1a: Spinny Sinny|0 fnt
|faint|p1a: Spinny Sinny
|-damage|p2b: Incineroar|68/100|[from] Recoil
|
|win|lalalaing
|raw|efwefwefwefweifier's rating: 1291 → 1274(-17 for losing)
|raw|lalalaing's rating: 1408 → 1422(+14 for winning)
|l|☆efwefwefwefweifier
|player|p1|
|l|☆lalalaing
|player|p2|
|j|☆lalalaing
|player|p2|lalalaing|chili|
