|j|☆B0mb3r6969
|j|☆lukashz
|html|B0mb3r6969lukashz    
|uhtml|bestof|Game 2 of a best-of-3
|t:|1782269940
|gametype|doubles
|player|p1|B0mb3r6969|cynthia-gen4|1036
|player|p2|lukashz|elesa|1156
|gen|9
|tier|[Gen 9 Champions] VGC 2026 Reg M-B (Bo3)
|rated|
|rule|Species Clause: Limit one of each Pokémon
|rule|Item Clause: Limit 1 of each item
|clearpoke
|poke|p1|Gholdengo, L50|
|poke|p1|Toxapex, L50, M|
|poke|p1|Delphox, L50, F|
|poke|p1|Swampert, L50, F|
|poke|p1|Talonflame, L50, M|
|poke|p1|Raichu, L50, M|
|poke|p2|Incineroar, L50, M|
|poke|p2|Floette-Eternal, L50, F|
|poke|p2|Kingambit, L50, M|
|poke|p2|Sinistcha, L50|
|poke|p2|Basculegion, L50, M|
|poke|p2|Sneasler, L50, F|
|teampreview|4
|showteam|p1|Gholdengo||ChoiceScarf|GoodasGold|DazzlingGleam,FlashCannon,MakeItRain,ShadowBall|Modest|||||50|]Toxapex||Leftovers|Regenerator|BanefulBunker,Hex,Recover,Toxic|Sassy||M|||50|]Delphox||Delphoxite|Blaze|Protect,DazzlingGleam,ScorchingSands,HeatWave|Timid||F|||50|]Swampert||RindoBerry|Damp|HighHorsepower,IcePunch,Liquidation,PoisonJab|Adamant||F|||50|]Talonflame||SharpBeak|GaleWings|Protect,BraveBird,UpperHand,Tailwind|Jolly||M|||50|]Raichu||RaichuniteY|LightningRod|AlluringVoice,Electroweb,ZapCannon,Protect|Timid||M|||50|
|showteam|p2|Incineroar||SitrusBerry|Intimidate|FakeOut,PartingShot,FlareBlitz,HelpingHand|Careful||M|||50|]Floette-Eternal||Floettite|FlowerVeil|Protect,DazzlingGleam,CalmMind,DrainingKiss|Timid||F|||50|]Kingambit||BlackGlasses|Defiant|Protect,SuckerPunch,KowtowCleave,SwordsDance|Adamant||M|||50|]Sinistcha||FocusSash|Hospitality|Protect,RagePowder,TrickRoom,MatchaGotcha|Modest|||||50|]Basculegion||ChoiceScarf|Adaptability|FlipTurn,WaveCrash,AquaJet,LastRespects|Jolly||M|||50|]Sneasler||WhiteHerb|Unburden|Protect,FakeOut,DireClaw,CloseCombat|Adamant||F|||50|
|inactive|Battle timer is ON: inactive players will automatically lose when time's up. (requested by B0mb3r6969)
|inactive|lukashz has 60 seconds left.
|
|t:|1782269987
|teamsize|p1|4
|teamsize|p2|4
|start
|switch|p1a: Talonflame|Talonflame, L50, M|100/100
|switch|p1b: Delphox|Delphox, L50, F|100/100
|switch|p2a: Kingambit|Kingambit, L50, M|100/100
|switch|p2b: Incineroar|Incineroar, L50, M|100/100
|-ability|p2b: Incineroar|Intimidate|boost
|-unboost|p1a: Talonflame|atk|1
|-unboost|p1b: Delphox|atk|1
|turn|1
|
|t:|1782269999
|move|p1a: Talonflame|Protect|p1a: Talonflame
|-singleturn|p1a: Talonflame|Protect
|move|p1b: Delphox|Protect|p1b: Delphox
|-singleturn|p1b: Delphox|Protect
|move|p2a: Kingambit|Protect|p2a: Kingambit
|-singleturn|p2a: Kingambit|Protect
|move|p2b: Incineroar|Parting Shot|p1b: Delphox
|-activate|p1b: Delphox|move: Protect
|
|upkeep
|turn|2
|inactive|lukashz has 30 seconds left.
|inactive|lukashz has 20 seconds left.
|inactive|lukashz has 15 seconds left.
|inactive|lukashz has 10 seconds left.
|inactive|lukashz has 5 seconds left.
|
|t:|1782270054
|detailschange|p1b: Delphox|Delphox-Mega, L50, F
|-mega|p1b: Delphox|Delphox|Delphoxite
|move|p2a: Kingambit|Protect||[still]
|-fail|p2a: Kingambit
|move|p1a: Talonflame|Upper Hand||[still]
|-fail|p1a: Talonflame
|move|p1b: Delphox|Heat Wave|p2a: Kingambit|[spread] p2a,p2b
|-supereffective|p2a: Kingambit|1
|-resisted|p2b: Incineroar|1
|-damage|p2a: Kingambit|18/100
|-damage|p2b: Incineroar|83/100
|move|p2b: Incineroar|Parting Shot|p1a: Talonflame
|-unboost|p1a: Talonflame|atk|1
|-unboost|p1a: Talonflame|spa|1
|
|t:|1782270077
|switch|p2b: Sinistcha|Sinistcha, L50|100/100|[from] Parting Shot
|-heal|p2a: Kingambit|43/100|[from] ability: Hospitality|[of] p2b: Sinistcha
|
|upkeep
|turn|3
|inactive|B0mb3r6969 has 30 seconds left.
|inactive|B0mb3r6969 has 20 seconds left.
|
|t:|1782270112
|move|p2a: Kingambit|Protect|p2a: Kingambit
|-singleturn|p2a: Kingambit|Protect
|move|p1a: Talonflame|Tailwind|p1a: Talonflame
|-sidestart|p1: B0mb3r6969|move: Tailwind
|move|p1b: Delphox|Heat Wave|p2a: Kingambit|[spread] p2b
|-activate|p2a: Kingambit|move: Protect
|-supereffective|p2b: Sinistcha|1
|-damage|p2b: Sinistcha|8/100
|move|p2b: Sinistcha|Trick Room|p2b: Sinistcha
|-fieldstart|move: Trick Room|[of] p2b: Sinistcha
|
|upkeep
|turn|4
|
|t:|1782270137
|move|p1b: Delphox|Protect|p1b: Delphox
|-singleturn|p1b: Delphox|Protect
|move|p2b: Sinistcha|Rage Powder|p2b: Sinistcha
|-singleturn|p2b: Sinistcha|move: Rage Powder
|move|p1a: Talonflame|Brave Bird|p2b: Sinistcha
|-supereffective|p2b: Sinistcha|1
|-damage|p2b: Sinistcha|0 fnt
|faint|p2b: Sinistcha
|-damage|p1a: Talonflame|96/100|[from] Recoil
|move|p2a: Kingambit|Kowtow Cleave|p1b: Delphox
|-activate|p1b: Delphox|move: Protect
|
|upkeep
|
|t:|1782270144
|switch|p2b: Basculegion|Basculegion, L50, M|100/100
|turn|5
|
|t:|1782270164
|switch|p1b: Swampert|Swampert, L50, F|100/100
|move|p1a: Talonflame|Protect|p1a: Talonflame
|-singleturn|p1a: Talonflame|Protect
|move|p2a: Kingambit|Kowtow Cleave|p1b: Swampert
|-damage|p1b: Swampert|42/100
|move|p2b: Basculegion|Wave Crash|p1a: Talonflame
|-activate|p1a: Talonflame|move: Protect
|
|upkeep
|turn|6
|
|t:|1782270187
|switch|p1a: Raichu|Raichu, L50, M|100/100
|move|p2a: Kingambit|Kowtow Cleave|p1b: Swampert
|-damage|p1b: Swampert|0 fnt
|faint|p1b: Swampert
|move|p2b: Basculegion|Wave Crash|p1a: Raichu
|-damage|p1a: Raichu|0 fnt
|faint|p1a: Raichu
|-damage|p2b: Basculegion|78/100|[from] Recoil
|
|-sideend|p1: B0mb3r6969|move: Tailwind
|upkeep
|
|t:|1782270201
|switch|p1b: Talonflame|Talonflame, L50, M|96/100
|switch|p1a: Delphox|Delphox-Mega, L50, F|100/100
|turn|7
|
|t:|1782270206
|switch|p2a: Incineroar|Incineroar, L50, M|83/100
|-ability|p2a: Incineroar|Intimidate|boost
|-unboost|p1a: Delphox|atk|1
|-unboost|p1b: Talonflame|atk|1
|move|p1b: Talonflame|Protect|p1b: Talonflame
|-singleturn|p1b: Talonflame|Protect
|move|p1a: Delphox|Protect|p1a: Delphox
|-singleturn|p1a: Delphox|Protect
|move|p2b: Basculegion|Wave Crash|p1b: Talonflame
|-activate|p1b: Talonflame|move: Protect
|
|-fieldend|move: Trick Room
|upkeep
|turn|8
|
|t:|1782270228
|move|p2a: Incineroar|Fake Out|p1a: Delphox
|-damage|p1a: Delphox|82/100
|move|p2b: Basculegion|Wave Crash|p1b: Talonflame
|-supereffective|p1b: Talonflame|1
|-damage|p1b: Talonflame|0 fnt
|faint|p1b: Talonflame
|-damage|p2b: Basculegion|53/100|[from] Recoil
|cant|p1a: Delphox|flinch
|
|upkeep
|turn|9
|-message|B0mb3r6969 forfeited.
|raw|B0mb3r6969's rating: 1036 → 1026(-10 for losing)
|raw|lukashz's rating: 1156 → 1173(+17 for winning)
|
|win|lukashz
|l|☆B0mb3r6969
|player|p1|
