|j|☆Heny_Thing
|j|☆dxdtoramdxd
|html|Heny_Thingdxdtoramdxd    
|uhtml|bestof|Game 1 of a best-of-3
|t:|1782663642
|gametype|doubles
|player|p1|Heny_Thing|170|1000
|player|p2|dxdtoramdxd|guitarist|1000
|gen|9
|tier|[Gen 9 Champions] VGC 2026 Reg M-B (Bo3)
|rated|
|rule|Species Clause: Limit one of each Pokémon
|rule|Item Clause: Limit 1 of each item
|clearpoke
|poke|p1|Snorlax, L50, F|
|poke|p1|Farigiraf, L50, M|
|poke|p1|Sinistcha, L50|
|poke|p1|Torkoal, L50, F|
|poke|p1|Camerupt, L50, M|
|poke|p1|Garchomp, L50, F|
|poke|p2|Maushold-Four, L50|
|poke|p2|Oranguru, L50, F|
|poke|p2|Lucario, L50, F|
|poke|p2|Archaludon, L50, M|
|poke|p2|Pelipper, L50, M|
|poke|p2|Whimsicott, L50, M|
|teampreview|4
|showteam|p1|Snorlax||SitrusBerry|Gluttony|Facade,BellyDrum,Earthquake,Protect|Adamant||F|||50|]Farigiraf||ColburBerry|ArmorTail|TrickRoom,BatonPass,CalmMind,DazzlingGleam|Quiet||M|||50|]Sinistcha||Leftovers|Hospitality|MatchaGotcha,LifeDew,TrickRoom,Protect|Bold|||||50|]Torkoal||WhiteHerb|Drought|Overheat,BodyPress,IronDefense,Protect|Calm||F|||50|]Camerupt||Cameruptite|MagmaArmor|Eruption,Protect,Earthquake,Substitute|Sassy||M|||50|]Garchomp||Garchompite|SandVeil|SwordsDance,DragonClaw,PoisonJab,Protect|Jolly||F|||50|
|showteam|p2|Maushold-Four||WideLens|FriendGuard|FollowMe,PopulationBomb,SuperFang,Protect|Jolly|||||50|]Oranguru||MentalHerb|InnerFocus|Instruct,Protect,TrickRoom,Taunt|Bold||F|||50|]Lucario||Lucarionite|InnerFocus|BrickBreak,CloseCombat,Detect,SwordsDance|Jolly||F|||50|]Archaludon||SitrusBerry|Stamina|FlashCannon,Protect,ElectroShot,Earthquake|Sassy||M|||50|]Pelipper||DampRock|Drizzle|Hurricane,HelpingHand,Protect,Waterfall|Bold||M|||50|]Whimsicott||FocusSash|Prankster|Tailwind,Encore,Protect,Moonblast|Timid||M|||50|
|
|t:|1782663686
|teamsize|p1|4
|teamsize|p2|4
|start
|switch|p1a: Farigiraf|Farigiraf, L50, M|100/100
|switch|p1b: Snorlax|Snorlax, L50, F|100/100
|switch|p2a: Oranguru|Oranguru, L50, F|100/100
|switch|p2b: Maushold|Maushold-Four, L50|100/100
|turn|1
|
|t:|1782663722
|move|p2b: Maushold|Protect|p2b: Maushold
|-singleturn|p2b: Maushold|Protect
|move|p2a: Oranguru|Taunt|p1a: Farigiraf
|-start|p1a: Farigiraf|move: Taunt
|move|p1b: Snorlax|Belly Drum|p1b: Snorlax
|-damage|p1b: Snorlax|50/100g
|-setboost|p1b: Snorlax|atk|6|[from] move: Belly Drum
|cant|p1a: Farigiraf|move: Taunt|Trick Room
|
|upkeep
|turn|2
|inactive|Battle timer is ON: inactive players will automatically lose when time's up. (requested by Heny_Thing)
|
|t:|1782663746
|switch|p1a: Sinistcha|Sinistcha, L50|100/100
|-heal|p1b: Snorlax|75/100|[from] ability: Hospitality|[of] p1a: Sinistcha
|move|p2b: Maushold|Population Bomb|p1a: Sinistcha
|-immune|p1a: Sinistcha
|move|p2a: Oranguru|Instruct|p2b: Maushold
|-singleturn|p2b: Maushold|move: Instruct|[of] p2a: Oranguru
|move|p2b: Maushold|Population Bomb|p1a: Sinistcha
|-immune|p1a: Sinistcha
|move|p1b: Snorlax|Earthquake|p2a: Oranguru|[spread] p1a,p2a,p2b
|-resisted|p1a: Sinistcha|1
|-damage|p1a: Sinistcha|64/100
|-damage|p2a: Oranguru|47/100
|-damage|p2b: Maushold|0 fnt
|faint|p2b: Maushold
|
|-heal|p1a: Sinistcha|70/100|[from] item: Leftovers
|upkeep
|inactive|dxdtoramdxd has 30 seconds left.
|
|t:|1782663773
|switch|p2b: Pelipper|Pelipper, L50, M|100/100
|-weather|RainDance|[from] ability: Drizzle|[of] p2b: Pelipper
|turn|3
|
|t:|1782663791
|switch|p2a: Archaludon|Archaludon, L50, M|100/100
|move|p1b: Snorlax|Protect|p1b: Snorlax
|-singleturn|p1b: Snorlax|Protect
|move|p2b: Pelipper|Hurricane|p1a: Sinistcha
|-supereffective|p1a: Sinistcha|1
|-damage|p1a: Sinistcha|0 fnt
|faint|p1a: Sinistcha
|
|-weather|RainDance|[upkeep]
|upkeep
|
|t:|1782663803
|switch|p1a: Torkoal|Torkoal, L50, F|100/100
|-weather|SunnyDay|[from] ability: Drought|[of] p1a: Torkoal
|turn|4
|
|t:|1782663823
|move|p2b: Pelipper|Helping Hand|p2a: Archaludon
|-singleturn|p2a: Archaludon|Helping Hand|[of] p2b: Pelipper
|move|p2a: Archaludon|Earthquake|p1b: Snorlax|[spread] p1a,p1b
|-immune|p2b: Pelipper
|-supereffective|p1a: Torkoal|1
|-damage|p1a: Torkoal|59/100
|-damage|p1b: Snorlax|48/100
|-enditem|p1b: Snorlax|Sitrus Berry|[eat]
|-heal|p1b: Snorlax|73/100|[from] item: Sitrus Berry
|move|p1b: Snorlax|Earthquake|p2a: Archaludon|[spread] p1a,p2a
|-immune|p2b: Pelipper
|-supereffective|p1a: Torkoal|1
|-supereffective|p2a: Archaludon|1
|-damage|p1a: Torkoal|0 fnt
|-damage|p2a: Archaludon|0 fnt
|faint|p1a: Torkoal
|faint|p2a: Archaludon
|
|-weather|SunnyDay|[upkeep]
|upkeep
|
|t:|1782663843
|switch|p2a: Oranguru|Oranguru, L50, F|47/100
|switch|p1a: Farigiraf|Farigiraf, L50, M|100/100
|turn|5
|inactive|dxdtoramdxd has 30 seconds left.
|
|t:|1782663868
|move|p2b: Pelipper|Waterfall|p1b: Snorlax
|-damage|p1b: Snorlax|66/100
|move|p2a: Oranguru|Taunt|p1a: Farigiraf
|-start|p1a: Farigiraf|move: Taunt
|cant|p1b: Snorlax|flinch
|cant|p1a: Farigiraf|move: Taunt|Trick Room
|
|-weather|SunnyDay|[upkeep]
|upkeep
|turn|6
|-message|dxdtoramdxd forfeited.
|
|win|Heny_Thing
|l|☆dxdtoramdxd
|player|p2|
||Heny_Thing is ready for game 2.
|inactive|dxdtoramdxd has 30 seconds to confirm battle start!
|inactive|dxdtoramdxd has 20 seconds to confirm battle start!
