|j|☆MAYBE_I_AM_WASHED
|j|☆mixxserenade
|html|MAYBE_I_AM_WASHEDmixxserenade    
|uhtml|bestof|Game 1 of a best-of-3
|t:|1782343843
|gametype|doubles
|player|p1|MAYBE_I_AM_WASHED|lucas|1076
|player|p2|mixxserenade|1|1080
|gen|9
|tier|[Gen 9 Champions] VGC 2026 Reg M-B (Bo3)
|rated|
|rule|Species Clause: Limit one of each Pokémon
|rule|Item Clause: Limit 1 of each item
|clearpoke
|poke|p1|Floette-Eternal, L50, F|
|poke|p1|Delphox, L50, M, shiny|
|poke|p1|Incineroar, L50, M, shiny|
|poke|p1|Basculegion, L50, M, shiny|
|poke|p1|Sneasler, L50, F|
|poke|p1|Sinistcha, L50|
|poke|p2|Floette-Eternal, L50, F|
|poke|p2|Whimsicott, L50, F|
|poke|p2|Basculegion, L50, M|
|poke|p2|Charizard, L50, M|
|poke|p2|Kingambit, L50, F|
|poke|p2|Garchomp, L50, F|
|teampreview|4
|showteam|p1|Floette-Eternal||Floettite|FlowerVeil|Moonblast,DazzlingGleam,CalmMind,Protect|Modest||F|||50|]Delphox||Delphoxite|Blaze|Psychic,HeatWave,NastyPlot,Protect|Timid||M|||50|]Incineroar||Charcoal|Intimidate|FlareBlitz,ThroatChop,FakeOut,PartingShot|Adamant||M|||50|]Basculegion||FocusSash|Adaptability|Liquidation,LastRespects,AquaJet,Protect|Adamant||M|||50|]Sneasler||WhiteHerb|Unburden|CloseCombat,DireClaw,FakeOut,Protect|Adamant||F|||50|]Sinistcha||KasibBerry|Hospitality|MatchaGotcha,RagePowder,TrickRoom,Protect|Sassy|||||50|
|showteam|p2|Floette-Eternal||Floettite|FlowerVeil|DazzlingGleam,Moonblast,LightofRuin,Protect|Timid||F|||50|]Whimsicott||FocusSash|Prankster|Moonblast,Encore,Tailwind,Protect|Timid||F|||50|]Basculegion||MysticWater|Adaptability|WaveCrash,AquaJet,LastRespects,Protect|Adamant||M|||50|]Charizard||CharizarditeY|Blaze|HeatWave,WeatherBall,SolarBeam,Protect|Modest||M|||50|]Kingambit||OccaBerry|Defiant|KowtowCleave,SuckerPunch,IronHead,Protect|Adamant||F|||50|]Garchomp||RoseliBerry|RoughSkin|Earthquake,DragonClaw,RockSlide,PoisonJab|Jolly||F|||50|
|inactive|Battle timer is ON: inactive players will automatically lose when time's up. (requested by MAYBE_I_AM_WASHED)
|inactive|MAYBE_I_AM_WASHED has 60 seconds left.
|inactive|mixxserenade has 60 seconds left.
|inactive|mixxserenade has 30 seconds left.
|inactive|mixxserenade has 20 seconds left.
|
|t:|1782343917
|teamsize|p1|4
|teamsize|p2|4
|start
|switch|p1a: Foxy|Delphox, L50, M, shiny|100/100
|switch|p1b: Arizona|Sinistcha, L50|100/100
|switch|p2a: Basculegion|Basculegion, L50, M|100/100
|switch|p2b: Whimsicott|Whimsicott, L50, F|100/100
|turn|1
|
|t:|1782343936
|detailschange|p1a: Foxy|Delphox-Mega, L50, M, shiny
|-mega|p1a: Foxy|Delphox|Delphoxite
|move|p1b: Arizona|Rage Powder|p1b: Arizona
|-singleturn|p1b: Arizona|move: Rage Powder
|move|p2b: Whimsicott|Tailwind|p2b: Whimsicott
|-sidestart|p2: mixxserenade|move: Tailwind
|move|p1a: Foxy|Heat Wave|p2a: Basculegion|[spread] p2a,p2b
|-resisted|p2a: Basculegion|1
|-supereffective|p2b: Whimsicott|1
|-crit|p2b: Whimsicott
|-damage|p2a: Basculegion|75/100
|-enditem|p2b: Whimsicott|Focus Sash
|-damage|p2b: Whimsicott|1/100
|move|p2a: Basculegion|Wave Crash|p1b: Arizona
|-resisted|p1b: Arizona|1
|-crit|p1b: Arizona
|-damage|p1b: Arizona|42/100
|-damage|p2a: Basculegion|57/100|[from] Recoil
|
|upkeep
|turn|2
|inactive|mixxserenade has 30 seconds left.
|
|t:|1782343969
|move|p2b: Whimsicott|Protect|p2b: Whimsicott
|-singleturn|p2b: Whimsicott|Protect
|move|p1a: Foxy|Protect|p1a: Foxy
|-singleturn|p1a: Foxy|Protect
|move|p2a: Basculegion|Last Respects|p1a: Foxy
|-activate|p1a: Foxy|move: Protect
|move|p1b: Arizona|Matcha Gotcha|p2a: Basculegion|[spread] p2a
|-activate|p2b: Whimsicott|move: Protect
|-supereffective|p2a: Basculegion|1
|-damage|p2a: Basculegion|0 fnt
|-heal|p1b: Arizona|74/100|[from] drain|[of] p2a: Basculegion
|faint|p2a: Basculegion
|
|upkeep
|
|t:|1782343987
|switch|p2a: Garchomp|Garchomp, L50, F|100/100
|turn|3
|
|t:|1782344012
|move|p2b: Whimsicott|Encore|p1a: Foxy
|-start|p1a: Foxy|Encore
|move|p1a: Foxy|Protect||[still]
|-fail|p1a: Foxy
|move|p2a: Garchomp|Rock Slide|p1a: Foxy|[spread] p1a,p1b
|-supereffective|p1a: Foxy|1
|-damage|p1a: Foxy|52/100
|-damage|p1b: Arizona|59/100
|cant|p1b: Arizona|flinch
|
|upkeep
|turn|4
|
|t:|1782344034
|switch|p1a: THE Sneasler|Sneasler, L50, F|100/100
|move|p2b: Whimsicott|Moonblast|p1a: THE Sneasler
|-damage|p1a: THE Sneasler|69/100
|move|p2a: Garchomp|Rock Slide|p1b: Arizona|[spread] p1a,p1b
|-resisted|p1a: THE Sneasler|1
|-damage|p1a: THE Sneasler|56/100
|-damage|p1b: Arizona|45/100
|move|p1b: Arizona|Matcha Gotcha|p2a: Garchomp|[spread] p2a,p2b
|-resisted|p2b: Whimsicott|1
|-damage|p2a: Garchomp|72/100
|-heal|p1b: Arizona|59/100|[from] drain|[of] p2a: Garchomp
|-damage|p2b: Whimsicott|0 fnt
|-heal|p1b: Arizona|60/100|[from] drain|[of] p2b: Whimsicott
|faint|p2b: Whimsicott
|
|-sideend|p2: mixxserenade|move: Tailwind
|upkeep
|
|t:|1782344054
|switch|p2b: Kingambit|Kingambit, L50, F|100/100
|turn|5
|inactive|MAYBE_I_AM_WASHED has 30 seconds left.
|inactive|mixxserenade has 30 seconds left.
|
|t:|1782344084
|move|p1b: Arizona|Protect|p1b: Arizona
|-singleturn|p1b: Arizona|Protect
|move|p2b: Kingambit|Sucker Punch||[still]
|-fail|p2b: Kingambit
|move|p1a: THE Sneasler|Close Combat|p2a: Garchomp
|-damage|p2a: Garchomp|9/100
|-unboost|p1a: THE Sneasler|def|1
|-unboost|p1a: THE Sneasler|spd|1
|-damage|p1a: THE Sneasler|44/100|[from] ability: Rough Skin|[of] p2a: Garchomp
|-enditem|p1a: THE Sneasler|White Herb
|-clearnegativeboost|p1a: THE Sneasler|[silent]
|move|p2a: Garchomp|Rock Slide|p1b: Arizona|[spread] p1a
|-activate|p1b: Arizona|move: Protect
|-resisted|p1a: THE Sneasler|1
|-damage|p1a: THE Sneasler|29/100
|
|upkeep
|turn|6
|inactive|mixxserenade has 30 seconds left.
|
|t:|1782344112
|move|p2b: Kingambit|Protect|p2b: Kingambit
|-singleturn|p2b: Kingambit|Protect
|move|p1b: Arizona|Rage Powder|p1b: Arizona
|-singleturn|p1b: Arizona|move: Rage Powder
|move|p1a: THE Sneasler|Close Combat|p2a: Garchomp
|-damage|p2a: Garchomp|0 fnt
|-unboost|p1a: THE Sneasler|def|1
|-unboost|p1a: THE Sneasler|spd|1
|-damage|p1a: THE Sneasler|17/100|[from] ability: Rough Skin|[of] p2a: Garchomp
|faint|p2a: Garchomp
|
|upkeep
|turn|7
|
|t:|1782344135
|move|p1b: Arizona|Rage Powder|p1b: Arizona
|-singleturn|p1b: Arizona|move: Rage Powder
|move|p2b: Kingambit|Sucker Punch||[still]
|-fail|p2b: Kingambit
|move|p1a: THE Sneasler|Close Combat|p2b: Kingambit
|-supereffective|p2b: Kingambit|2
|-damage|p2b: Kingambit|0 fnt
|-unboost|p1a: THE Sneasler|def|1
|-unboost|p1a: THE Sneasler|spd|1
|faint|p2b: Kingambit
|
|win|MAYBE_I_AM_WASHED
||MAYBE_I_AM_WASHED is ready for game 2.
|inactive|mixxserenade has 30 seconds to confirm battle start!
||mixxserenade is ready for game 2.
|uhtml|next|Next: Game 2 of 3
