|j|☆Barney7
|j|☆Daniw9
|html|Barney7Daniw9    
|uhtml|bestof|Game 2 of a best-of-3
|t:|1756580483
|gametype|doubles
|player|p1|Barney7|266|1174
|player|p2|Daniw9|266|1208
|gen|9
|tier|[Gen 9] VGC 2025 Reg H (Bo3)
|rated|
|rule|Species Clause: Limit one of each Pokémon
|rule|Item Clause: Limit 1 of each item
|clearpoke
|poke|p1|Pelipper, L50, M|
|poke|p1|Archaludon, L50, F|
|poke|p1|Sinistcha-Masterpiece, L50|
|poke|p1|Ursaluna, L50, F|
|poke|p1|Dragonite, L50, M|
|poke|p1|Gholdengo, L50|
|poke|p2|Garchomp, L50, M|
|poke|p2|Tyranitar, L50, F|
|poke|p2|Delphox, L50, F|
|poke|p2|Indeedee-F, L50, F|
|poke|p2|Gallade, L50, M|
|poke|p2|Whimsicott, L50, F|
|teampreview|4
|showteam|p1|Pelipper||FocusSash|Drizzle|Protect,Hurricane,WeatherBall,WideGuard|||M|||50|,,,,,Ghost]Archaludon||AssaultVest|Stamina|ElectroShot,BodyPress,DracoMeteor,Snarl|||F|||50|,,,,,Bug]Sinistcha-Masterpiece||SitrusBerry|Hospitality|MatchaGotcha,RagePowder,LifeDew,TrickRoom||||||50|,,,,,Water]Ursaluna||FlameOrb|Guts|HeadlongRush,Protect,Earthquake,Facade|||F|||50|,,,,,Ghost]Dragonite||LoadedDice|Multiscale|ScaleShot,Tailwind,Protect,Haze|||M|||50|,,,,,Fairy]Gholdengo||ChoiceScarf|GoodasGold|MakeItRain,ShadowBall,Protect,Trick||||||50|,,,,,Water
|showteam|p2|Garchomp||LifeOrb|SandVeil|Earthquake,StompingTantrum,Protect,DragonClaw|||M|||50|,,,,,Steel]Tyranitar||AssaultVest|SandStream|RockSlide,TeraBlast,KnockOff,LowKick|||F|||50|,,,,,Flying]Delphox||PsychicSeed|Magician|ExpandingForce,HeatWave,NastyPlot,Protect|||F|||50|,,,,,Fighting]Indeedee-F||SafetyGoggles|PsychicSurge|DazzlingGleam,TrickRoom,FollowMe,HelpingHand|||F|||50|,,,,,Water]Gallade||ClearAmulet|Sharpness|SacredSword,PsychoCut,TrickRoom,Protect|||M|||50|,,,,,Grass]Whimsicott||CovertCloak|Prankster|Moonblast,Tailwind,Encore,Protect|||F|||50|,,,,,Ghost
|inactive|Battle timer is ON: inactive players will automatically lose when time's up. (requested by Barney7)
|
|t:|1756580508
|teamsize|p1|4
|teamsize|p2|4
|start
|switch|p1a: Sporky|Pelipper, L50, M, shiny|100/100
|switch|p1b: Sinistcha|Sinistcha-Masterpiece, L50|100/100
|switch|p2a: Garchomp|Garchomp, L50, M|100/100
|switch|p2b: Delphox|Delphox, L50, F|100/100
|-weather|RainDance|[from] ability: Drizzle|[of] p1a: Sporky
|turn|1
|
|t:|1756580529
|switch|p2b: Tyranitar|Tyranitar, L50, F|100/100
|-weather|Sandstorm|[from] ability: Sand Stream|[of] p2b: Tyranitar
|move|p1a: Sporky|Wide Guard|p1a: Sporky
|-singleturn|p1a: Sporky|Wide Guard
|move|p2a: Garchomp|Dragon Claw|p1a: Sporky
|-damage|p1a: Sporky|18/100
|-damage|p2a: Garchomp|91/100|[from] item: Life Orb
|move|p1b: Sinistcha|Trick Room|p1b: Sinistcha
|-fieldstart|move: Trick Room|[of] p1b: Sinistcha
|
|-weather|Sandstorm|[upkeep]
|-damage|p1b: Sinistcha|94/100|[from] Sandstorm
|-damage|p1a: Sporky|12/100|[from] Sandstorm
|upkeep
|turn|2
|
|t:|1756580546
|switch|p1a: Archaludon|Archaludon, L50, F|100/100
|-terastallize|p1b: Sinistcha|Water
|move|p2b: Tyranitar|Knock Off|p1b: Sinistcha
|-damage|p1b: Sinistcha|52/100
|-enditem|p1b: Sinistcha|Sitrus Berry|[from] move: Knock Off|[of] p2b: Tyranitar
|move|p1b: Sinistcha|Matcha Gotcha|p2b: Tyranitar|[spread] p2a,p2b
|-supereffective|p2b: Tyranitar
|-crit|p2b: Tyranitar
|-damage|p2a: Garchomp|62/100
|-heal|p1b: Sinistcha|67/100|[from] drain|[of] p2a: Garchomp
|-damage|p2b: Tyranitar|73/100
|-heal|p1b: Sinistcha|83/100|[from] drain|[of] p2b: Tyranitar
|-status|p2a: Garchomp|brn
|-status|p2b: Tyranitar|brn
|move|p2a: Garchomp|Dragon Claw|p1a: Archaludon
|-damage|p1a: Archaludon|82/100
|-ability|p1a: Archaludon|Stamina|boost
|-boost|p1a: Archaludon|def|1
|-damage|p2a: Garchomp|52/100 brn|[from] item: Life Orb
|
|-weather|Sandstorm|[upkeep]
|-damage|p1b: Sinistcha|77/100|[from] Sandstorm
|-damage|p2b: Tyranitar|67/100 brn|[from] brn
|-damage|p2a: Garchomp|46/100 brn|[from] brn
|upkeep
|turn|3
|inactive|Barney7 has 30 seconds left.
|inactive|Daniw9 has 30 seconds left.
|
|t:|1756580580
|move|p1b: Sinistcha|Life Dew|p1b: Sinistcha|[spread] p1a,p1b
|-heal|p1a: Archaludon|100/100
|-heal|p1b: Sinistcha|100/100
|move|p2b: Tyranitar|Knock Off|p1b: Sinistcha
|-damage|p1b: Sinistcha|87/100
|move|p1a: Archaludon|Body Press|p2a: Garchomp
|-damage|p2a: Garchomp|4/100 brn
|move|p2a: Garchomp|Dragon Claw|p1b: Sinistcha
|-damage|p1b: Sinistcha|65/100
|-damage|p2a: Garchomp|0 fnt|[from] item: Life Orb
|faint|p2a: Garchomp
|
|-weather|Sandstorm|[upkeep]
|-damage|p1b: Sinistcha|59/100|[from] Sandstorm
|-damage|p2b: Tyranitar|62/100 brn|[from] brn
|upkeep
|
|t:|1756580594
|switch|p2a: Delphox|Delphox, L50, F|100/100
|turn|4
|
|t:|1756580605
|switch|p2b: Indeedee|Indeedee-F, L50, F|100/100
|-fieldstart|move: Psychic Terrain|[from] ability: Psychic Surge|[of] p2b: Indeedee
|-enditem|p2a: Delphox|Psychic Seed
|-boost|p2a: Delphox|spd|1|[from] item: Psychic Seed
|switch|p1b: Sporky|Pelipper, L50, M, shiny|12/100
|-weather|RainDance|[from] ability: Drizzle|[of] p1b: Sporky
|move|p2a: Delphox|Protect|p2a: Delphox
|-singleturn|p2a: Delphox|Protect
|move|p1a: Archaludon|Snarl|p2b: Indeedee|[spread] p2b
|-activate|p2a: Delphox|move: Protect
|-supereffective|p2b: Indeedee
|-damage|p2b: Indeedee|77/100
|-unboost|p2b: Indeedee|spa|1
|
|-weather|RainDance|[upkeep]
|upkeep
|turn|5
|inactive|Barney7 has 30 seconds left.
|
|t:|1756580638
|switch|p2a: Tyranitar|Tyranitar, L50, F|62/100 brn
|-weather|Sandstorm|[from] ability: Sand Stream|[of] p2a: Tyranitar
|move|p1b: Sporky|Wide Guard|p1b: Sporky
|-singleturn|p1b: Sporky|Wide Guard
|move|p2b: Indeedee|Dazzling Gleam|p1a: Archaludon|[spread] 
|-activate|p1a: Archaludon|move: Wide Guard
|-activate|p1b: Sporky|move: Wide Guard
|move|p1a: Archaludon|Snarl|p2b: Indeedee|[spread] p2a,p2b
|-resisted|p2a: Tyranitar
|-supereffective|p2b: Indeedee
|-damage|p2a: Tyranitar|60/100 brn
|-damage|p2b: Indeedee|53/100
|-unboost|p2a: Tyranitar|spa|1
|-unboost|p2b: Indeedee|spa|1
|
|-weather|Sandstorm|[upkeep]
|-damage|p1b: Sporky|6/100|[from] Sandstorm
|-damage|p2a: Tyranitar|54/100 brn|[from] brn
|-fieldend|move: Trick Room
|upkeep
|turn|6
|inactive|Barney7 has 30 seconds left.
|
|t:|1756580666
|switch|p2a: Delphox|Delphox, L50, F|100/100
|move|p1b: Sporky|Wide Guard|p1b: Sporky
|-singleturn|p1b: Sporky|Wide Guard
|move|p2b: Indeedee|Follow Me|p2b: Indeedee
|-singleturn|p2b: Indeedee|move: Follow Me
|move|p1a: Archaludon|Body Press|p2b: Indeedee
|-damage|p2b: Indeedee|15/100
|
|-weather|Sandstorm|[upkeep]
|-damage|p2a: Delphox|95/100|[from] Sandstorm
|-damage|p1b: Sporky|0 fnt|[from] Sandstorm
|faint|p1b: Sporky
|upkeep
|inactive|Barney7 has 30 seconds left.
|
|t:|1756580695
|switch|p1b: Sinistcha|Sinistcha-Masterpiece, L50, tera:Water|59/100
|turn|7
|
|t:|1756580711
|move|p2b: Indeedee|Helping Hand|p2a: Delphox
|-singleturn|p2a: Delphox|Helping Hand|[of] p2b: Indeedee
|move|p2a: Delphox|Expanding Force|p1a: Archaludon|[spread] p1a,p1b
|-resisted|p1a: Archaludon
|-damage|p1a: Archaludon|70/100
|-damage|p1b: Sinistcha|0 fnt
|-ability|p1a: Archaludon|Stamina|boost
|-boost|p1a: Archaludon|def|1
|faint|p1b: Sinistcha
|-item|p2a: Delphox|Assault Vest|[from] ability: Magician|[of] p1a: Archaludon
|move|p1a: Archaludon|Snarl|p2a: Delphox|[spread] p2a,p2b
|-supereffective|p2a: Delphox
|-supereffective|p2b: Indeedee
|-damage|p2a: Delphox|76/100
|-damage|p2b: Indeedee|0 fnt
|-unboost|p2a: Delphox|spa|1
|faint|p2b: Indeedee
|
|-weather|Sandstorm|[upkeep]
|-damage|p2a: Delphox|70/100|[from] Sandstorm
|upkeep
|
|t:|1756580724
|switch|p1b: capitalism|Gholdengo, L50|100/100
|switch|p2b: Tyranitar|Tyranitar, L50, F|54/100 brn
|turn|8
|inactive|Barney7 has 30 seconds left.
|inactive|Barney7 has 20 seconds left.
|inactive|Barney7 has 15 seconds left.
|
|t:|1756580765
|-terastallize|p2b: Tyranitar|Flying
|move|p1b: capitalism|Trick|p2b: Tyranitar
|-activate|p1b: capitalism|move: Trick|[of] p2b: Tyranitar
|-item|p2b: Tyranitar|Choice Scarf|[from] move: Trick
|-item|p1b: capitalism|Assault Vest|[from] move: Trick
|move|p2a: Delphox|Heat Wave|p1b: capitalism|[spread] p1a,p1b
|-supereffective|p1b: capitalism
|-damage|p1a: Archaludon|46/100
|-damage|p1b: capitalism|65/100
|-ability|p1a: Archaludon|Stamina|boost
|-boost|p1a: Archaludon|def|1
|move|p2b: Tyranitar|Knock Off|p1b: capitalism
|-supereffective|p1b: capitalism
|-damage|p1b: capitalism|6/100
|-enditem|p1b: capitalism|Assault Vest|[from] move: Knock Off|[of] p2b: Tyranitar
|move|p1a: Archaludon|Body Press|p2b: Tyranitar
|-resisted|p2b: Tyranitar
|-damage|p2b: Tyranitar|27/100 brn
|
|-weather|Sandstorm|[upkeep]
|-damage|p2a: Delphox|64/100|[from] Sandstorm
|-damage|p2b: Tyranitar|21/100 brn|[from] Sandstorm
|-damage|p2b: Tyranitar|15/100 brn|[from] brn
|-fieldend|move: Psychic Terrain
|upkeep
|turn|9
|inactive|Barney7 has 30 seconds left.
|
|t:|1756580794
|move|p1b: capitalism|Protect|p1b: capitalism
|-singleturn|p1b: capitalism|Protect
|move|p2a: Delphox|Heat Wave|p1a: Archaludon|[spread] p1a
|-activate|p1b: capitalism|move: Protect
|-damage|p1a: Archaludon|21/100
|-status|p1a: Archaludon|brn
|-ability|p1a: Archaludon|Stamina|boost
|-boost|p1a: Archaludon|def|1
|move|p2b: Tyranitar|Knock Off|p1a: Archaludon
|-damage|p1a: Archaludon|17/100 brn
|-ability|p1a: Archaludon|Stamina|boost
|-boost|p1a: Archaludon|def|1
|move|p1a: Archaludon|Snarl|p2b: Tyranitar|[spread] p2a,p2b
|-supereffective|p2a: Delphox
|-damage|p2a: Delphox|43/100
|-damage|p2b: Tyranitar|5/100 brn
|-unboost|p2a: Delphox|spa|1
|-unboost|p2b: Tyranitar|spa|1
|
|-weather|none
|-damage|p2b: Tyranitar|0 fnt|[from] brn
|faint|p2b: Tyranitar
|-damage|p1a: Archaludon|11/100 brn|[from] brn
|upkeep
|turn|10
|
|t:|1756580814
|move|p2a: Delphox|Heat Wave|p1a: Archaludon|[spread] p1a,p1b
|-supereffective|p1b: capitalism
|-damage|p1a: Archaludon|0 fnt
|-damage|p1b: capitalism|0 fnt
|faint|p1a: Archaludon
|faint|p1b: capitalism
|
|win|Daniw9
|raw|Barney7's rating: 1174 → 1151(-23 for losing)
|raw|Daniw9's rating: 1208 → 1231(+23 for winning)
|l|☆Barney7
|player|p1|
