|j|☆chrizanagi
|j|☆gray_Gak
|html|chrizanagigray_Gak    
|uhtml|bestof|Game 1 of a best-of-3
|t:|1757099231
|gametype|doubles
|player|p1|chrizanagi|wattson|1113
|player|p2|gray_Gak|flannery|1131
|gen|9
|tier|[Gen 9] VGC 2025 Reg H (Bo3)
|rated|
|rule|Species Clause: Limit one of each Pokémon
|rule|Item Clause: Limit 1 of each item
|clearpoke
|poke|p1|Kingambit, L50, M|
|poke|p1|Rillaboom, L50, M|
|poke|p1|Dragapult, L50, M|
|poke|p1|Sneasler, L50, M|
|poke|p1|Incineroar, L50, M|
|poke|p1|Ninetales-Alola, L50, F|
|poke|p2|Wyrdeer, L50, F|
|poke|p2|Indeedee-F, L50, F|
|poke|p2|Annihilape, L50, F|
|poke|p2|Torkoal, L50, F|
|poke|p2|Delphox, L50, F|
|poke|p2|Kingambit, L50, F|
|teampreview|4
|showteam|p1|Kingambit||BlackGlasses|Defiant|KowtowCleave,SuckerPunch,SwordsDance,Protect|||M|||50|,,,,,Dark]Rillaboom||AssaultVest|GrassySurge|WoodHammer,GrassyGlide,HighHorsepower,FakeOut|||M|||50|,,,,,Fire]Dragapult||ChoiceBand|ClearBody|DragonDarts,PhantomForce,Outrage,Uturn|||M|||50|,,,,,Dragon]Sneasler||FocusSash|PoisonTouch|CloseCombat,DireClaw,FakeOut,Protect|||M|||50|,,,,,Stellar]Incineroar||SafetyGoggles|Intimidate|FakeOut,KnockOff,PartingShot,Protect|||M|||50|,,,,,Ghost]Ninetales-Alola||LightClay|SnowWarning|Blizzard,Encore,IcyWind,AuroraVeil|||F|||50|,,,,,Ghost
|showteam|p2|Wyrdeer||LifeOrb|Intimidate|Protect,TrickRoom,ExpandingForce,EarthPower|||F|||50|,,,,,Ground]Indeedee-F||RockyHelmet|PsychicSurge|Imprison,FollowMe,TrickRoom,Psychic|||F|||50|,,,,,Grass]Annihilape||SafetyGoggles|Defiant|DrainPunch,ThroatChop,RageFist,Protect|||F|||50|,,,,,Fire]Torkoal||Charcoal|Drought|Eruption,HelpingHand,Protect,WeatherBall|||F|||50|,,,,,Grass]Delphox||ChoiceScarf|Blaze|HeatWave,ExpandingForce,DazzlingGleam,Flamethrower|||F|||50|,,,,,Fairy]Kingambit||AssaultVest|Defiant|KowtowCleave,SuckerPunch,PoisonJab,LowKick|||F|||50|,,,,,Poison
|inactive|Battle timer is ON: inactive players will automatically lose when time's up. (requested by chrizanagi)
|inactive|chrizanagi has 60 seconds left.
|inactive|gray_Gak has 60 seconds left.
|inactive|chrizanagi has 30 seconds left.
|inactive|chrizanagi has 20 seconds left.
|inactive|chrizanagi has 15 seconds left.
|inactive|chrizanagi has 10 seconds left.
|
|t:|1757099312
|teamsize|p1|4
|teamsize|p2|4
|start
|switch|p1a: Dragapult|Dragapult, L50, M|100/100
|switch|p1b: Incineroar|Incineroar, L50, M|100/100
|switch|p2a: Delphox|Delphox, L50, F|100/100
|switch|p2b: Torkoal|Torkoal, L50, F|100/100
|-ability|p1b: Incineroar|Intimidate|boost
|-unboost|p2a: Delphox|atk|1
|-unboost|p2b: Torkoal|atk|1
|-weather|SunnyDay|[from] ability: Drought|[of] p2b: Torkoal
|turn|1
|inactive|chrizanagi has 30 seconds left.
|
|t:|1757099338
|switch|p2b: Indeedee|Indeedee-F, L50, F|100/100
|-fieldstart|move: Psychic Terrain|[from] ability: Psychic Surge|[of] p2b: Indeedee
|-terastallize|p2a: Delphox|Fairy
|move|p1b: Incineroar|Fake Out|p2b: Indeedee
|-activate|p2b: Indeedee|move: Psychic Terrain
|move|p2a: Delphox|Dazzling Gleam|p1a: Dragapult|[spread] p1a,p1b
|-supereffective|p1a: Dragapult
|-damage|p1a: Dragapult|16/100
|-damage|p1b: Incineroar|72/100
|move|p1a: Dragapult|Phantom Force||[still]
|-prepare|p1a: Dragapult|Phantom Force
|
|-weather|SunnyDay|[upkeep]
|upkeep
|turn|2
|inactive|gray_Gak has 30 seconds left.
|
|t:|1757099369
|switch|p2a: Wyrdeer|Wyrdeer, L50, F|100/100
|-ability|p2a: Wyrdeer|Intimidate|boost
|-fail|p1a: Dragapult|unboost|[from] ability: Clear Body|[of] p1a: Dragapult
|-unboost|p1b: Incineroar|atk|1
|move|p1a: Dragapult|Phantom Force|p2a: Wyrdeer|[from] lockedmove
|-immune|p2a: Wyrdeer
|move|p1b: Incineroar|Knock Off|p2b: Indeedee
|-supereffective|p2b: Indeedee
|-damage|p2b: Indeedee|53/100
|-damage|p1b: Incineroar|55/100|[from] item: Rocky Helmet|[of] p2b: Indeedee
|-enditem|p2b: Indeedee|Rocky Helmet|[from] move: Knock Off|[of] p1b: Incineroar
|move|p2b: Indeedee|Trick Room|p2b: Indeedee
|-fieldstart|move: Trick Room|[of] p2b: Indeedee
|
|-weather|SunnyDay|[upkeep]
|upkeep
|turn|3
|
|t:|1757099391
|switch|p1a: Rillaboom|Rillaboom, L50, M|100/100
|-fieldstart|move: Grassy Terrain|[from] ability: Grassy Surge|[of] p1a: Rillaboom
|move|p2a: Wyrdeer|Earth Power|p1b: Incineroar
|-supereffective|p1b: Incineroar
|-damage|p1b: Incineroar|0 fnt
|faint|p1b: Incineroar
|-damage|p2a: Wyrdeer|90/100|[from] item: Life Orb
|move|p2b: Indeedee|Psychic|p1a: Rillaboom
|-damage|p1a: Rillaboom|75/100
|
|-weather|SunnyDay|[upkeep]
|-heal|p2a: Wyrdeer|97/100|[from] Grassy Terrain
|-heal|p2b: Indeedee|59/100|[from] Grassy Terrain
|-heal|p1a: Rillaboom|80/100|[from] Grassy Terrain
|upkeep
|
|t:|1757099404
|switch|p1b: Dragapult|Dragapult, L50, M|16/100
|turn|4
|
|t:|1757099421
|switch|p2b: Torkoal|Torkoal, L50, F|100/100
|move|p2a: Wyrdeer|Protect|p2a: Wyrdeer
|-singleturn|p2a: Wyrdeer|Protect
|move|p1a: Rillaboom|Fake Out|p2a: Wyrdeer
|-activate|p2a: Wyrdeer|move: Protect
|move|p1b: Dragapult|U-turn|p2b: Torkoal
|-resisted|p2b: Torkoal
|-damage|p2b: Torkoal|83/100
|
|t:|1757099430
|switch|p1b: Sneasler|Sneasler, L50, M|100/100|[from] U-turn
|
|-weather|SunnyDay|[upkeep]
|-heal|p2b: Torkoal|90/100|[from] Grassy Terrain
|-heal|p2a: Wyrdeer|100/100|[from] Grassy Terrain
|-heal|p1a: Rillaboom|86/100|[from] Grassy Terrain
|upkeep
|turn|5
|inactive|chrizanagi has 30 seconds left.
|
|t:|1757099462
|switch|p2b: Indeedee|Indeedee-F, L50, F|59/100
|-fieldstart|move: Psychic Terrain|[from] ability: Psychic Surge|[of] p2b: Indeedee
|switch|p1a: Dragapult|Dragapult, L50, M|16/100
|-terastallize|p1b: Sneasler|Stellar
|move|p2a: Wyrdeer|Expanding Force|p1b: Sneasler|[spread] p1a,p1b
|-supereffective|p1b: Sneasler
|-damage|p1a: Dragapult|0 fnt
|-enditem|p1b: Sneasler|Focus Sash
|-damage|p1b: Sneasler|1/100
|faint|p1a: Dragapult
|-damage|p2a: Wyrdeer|90/100|[from] item: Life Orb
|move|p1b: Sneasler|Close Combat|p2a: Wyrdeer
|-damage|p2a: Wyrdeer|0 fnt
|-unboost|p1b: Sneasler|def|1
|-unboost|p1b: Sneasler|spd|1
|faint|p2a: Wyrdeer
|
|-weather|none
|upkeep
|
|t:|1757099486
|switch|p2a: Torkoal|Torkoal, L50, F|90/100
|switch|p1a: Rillaboom|Rillaboom, L50, M|86/100
|-weather|SunnyDay|[from] ability: Drought|[of] p2a: Torkoal
|-fieldstart|move: Grassy Terrain|[from] ability: Grassy Surge|[of] p1a: Rillaboom
|turn|6
|
|t:|1757099504
|move|p1b: Sneasler|Protect|p1b: Sneasler
|-singleturn|p1b: Sneasler|Protect
|move|p1a: Rillaboom|Fake Out|p2a: Torkoal
|-damage|p2a: Torkoal|77/100
|cant|p2a: Torkoal|flinch
|move|p2b: Indeedee|Psychic|p1b: Sneasler
|-activate|p1b: Sneasler|move: Protect
|
|-weather|SunnyDay|[upkeep]
|-heal|p2a: Torkoal|83/100|[from] Grassy Terrain
|-heal|p2b: Indeedee|65/100|[from] Grassy Terrain
|-heal|p1a: Rillaboom|92/100|[from] Grassy Terrain
|-heal|p1b: Sneasler|7/100|[from] Grassy Terrain
|-fieldend|move: Trick Room
|upkeep
|turn|7
|inactive|chrizanagi has 30 seconds left.
|
|t:|1757099530
|move|p2b: Indeedee|Follow Me|p2b: Indeedee
|-singleturn|p2b: Indeedee|move: Follow Me
|move|p1b: Sneasler|Dire Claw|p2b: Indeedee
|-damage|p2b: Indeedee|13/100
|-status|p2b: Indeedee|psn
|move|p1a: Rillaboom|High Horsepower|p2b: Indeedee
|-damage|p2b: Indeedee|0 fnt
|faint|p2b: Indeedee
|move|p2a: Torkoal|Eruption|p1a: Rillaboom|[spread] p1a,p1b
|-supereffective|p1a: Rillaboom
|-crit|p1b: Sneasler
|-damage|p1a: Rillaboom|0 fnt
|-damage|p1b: Sneasler|0 fnt
|faint|p1a: Rillaboom
|faint|p1b: Sneasler
|
|win|gray_Gak
||gray_Gak is ready for game 2.
||chrizanagi is ready for game 2.
|uhtml|next|Next: Game 2 of 3
|l|☆chrizanagi
|player|p1|
