|j|☆blazikenisgoated
|j|☆PikelLord
|html|blazikenisgoatedPikelLord    
|uhtml|bestof|Game 2 of a best-of-3
|t:|1785654827
|gametype|doubles
|player|p1|blazikenisgoated|dawn|1045
|player|p2|PikelLord|lucas|1177
|gen|9
|tier|[Gen 9 Champions] VGC 2026 Reg M-B (Bo3)
|rated|
|rule|Species Clause: Limit one of each Pokémon
|rule|Item Clause: Limit 1 of each item
|clearpoke
|poke|p1|Staraptor, L50, M|
|poke|p1|Whimsicott, L50, M|
|poke|p1|Ceruledge, L50, M|
|poke|p1|Farigiraf, L50, M|
|poke|p1|Garchomp, L50, F|
|poke|p1|Metagross, L50|
|poke|p2|Rotom-Wash, L50|
|poke|p2|Incineroar, L50, M|
|poke|p2|Farigiraf, L50, M|
|poke|p2|Drampa, L50, F|
|poke|p2|Camerupt, L50, M, shiny|
|poke|p2|Basculegion, L50, M|
|teampreview|4
|showteam|p1|Staraptor||Staraptite|Intimidate|BraveBird,CloseCombat,Roost,Protect|Jolly||M|||50|]Whimsicott||FocusSash|Prankster|Charm,Tailwind,Moonblast,Encore|Timid||M|||50|]Ceruledge||ColburBerry|FlashFire|BitterBlade,ShadowSneak,BulkUp,Protect|Adamant||M|||50|]Farigiraf||SitrusBerry|ArmorTail|TrickRoom,HelpingHand,Psychic,Thunderbolt|Calm||M|||50|]Garchomp||LifeOrb|RoughSkin|DragonClaw,StompingTantrum,RockSlide,Protect|Jolly||F|||50|]Metagross||Metagrossite|ClearBody|PsychicFangs,MeteorMash,StompingTantrum,Protect|Adamant|||||50|
|showteam|p2|Rotom-Wash||Magnet|Levitate|HydroPump,Thunderbolt,VoltSwitch,Protect|Quiet|||||50|]Incineroar||Charcoal|Intimidate|FakeOut,CloseCombat,DarkestLariat,FlareBlitz|Brave||M|||50|]Farigiraf||ColburBerry|ArmorTail|TrickRoom,HelpingHand,Psychic,SunnyDay|Sassy||M|||50|]Drampa||LifeOrb|CloudNine|EnergyBall,FocusBlast,HyperVoice,DragonPulse|Quiet||F|||50|]Camerupt||Cameruptite|SolidRock|EarthPower,Eruption,HeatWave,Protect|Quiet||M|||50|]Basculegion||ChoiceScarf|Adaptability|LastRespects,WaveCrash,FlipTurn,AquaJet|Adamant||M|||50|
|
|t:|1785654849
|teamsize|p1|4
|teamsize|p2|4
|start
|switch|p1a: Staraptor|Staraptor, L50, M|100/100
|switch|p1b: Whimsicott|Whimsicott, L50, M|100/100
|switch|p2a: Incineroar|Incineroar, L50, M|100/100
|switch|p2b: Farigiraf|Farigiraf, L50, M|100/100
|-ability|p1a: Staraptor|Intimidate|boost
|-unboost|p2a: Incineroar|atk|1
|-unboost|p2b: Farigiraf|atk|1
|-ability|p2a: Incineroar|Intimidate|boost
|-unboost|p1a: Staraptor|atk|1
|-unboost|p1b: Whimsicott|atk|1
|turn|1
|
|t:|1785654866
|detailschange|p1a: Staraptor|Staraptor-Mega, L50, M
|-mega|p1a: Staraptor|Staraptor|Staraptite
|move|p2a: Incineroar|Fake Out|p1a: Staraptor
|-damage|p1a: Staraptor|91/100
|move|p1b: Whimsicott|Charm|p1a: Staraptor
|-boost|p1a: Staraptor|atk|2
|cant|p1a: Staraptor|flinch
|move|p2b: Farigiraf|Trick Room|p2b: Farigiraf
|-fieldstart|move: Trick Room|[of] p2b: Farigiraf
|
|upkeep
|turn|2
|
|t:|1785654895
|move|p2b: Farigiraf|Psychic|p1a: Staraptor
|-supereffective|p1a: Staraptor|1
|-damage|p1a: Staraptor|25/100
|-boost|p1a: Staraptor|spd|1
|move|p2a: Incineroar|Flare Blitz|p1b: Whimsicott
|-supereffective|p1b: Whimsicott|1
|-enditem|p1b: Whimsicott|Focus Sash
|-damage|p1b: Whimsicott|1/100
|-damage|p2a: Incineroar|77/100|[from] Recoil
|move|p1a: Staraptor|Close Combat|p2a: Incineroar
|-supereffective|p2a: Incineroar|1
|-damage|p2a: Incineroar|0 fnt
|-boost|p1a: Staraptor|def|1
|-boost|p1a: Staraptor|spd|1
|faint|p2a: Incineroar
|move|p1b: Whimsicott|Moonblast|p2b: Farigiraf
|-damage|p2b: Farigiraf|69/100
|
|upkeep
|
|t:|1785654912
|switch|p2a: Camerupt|Camerupt, L50, M, shiny|100/100
|turn|3
|
|t:|1785654923
|switch|p1b: Ceruledge|Ceruledge, L50, M|100/100
|detailschange|p2a: Camerupt|Camerupt-Mega, L50, M, shiny
|-mega|p2a: Camerupt|Camerupt|Cameruptite
|move|p1a: Staraptor|Protect|p1a: Staraptor
|-singleturn|p1a: Staraptor|Protect
|move|p2a: Camerupt|Eruption|p1a: Staraptor|[spread] 
|-activate|p1a: Staraptor|move: Protect
|-start|p1b: Ceruledge|ability: Flash Fire
|move|p2b: Farigiraf|Sunny Day|p2b: Farigiraf
|-weather|SunnyDay
|
|-weather|SunnyDay|[upkeep]
|upkeep
|turn|4
|
|t:|1785654957
|move|p1b: Ceruledge|Protect|p1b: Ceruledge
|-singleturn|p1b: Ceruledge|Protect
|move|p2a: Camerupt|Earth Power|p1b: Ceruledge
|-activate|p1b: Ceruledge|move: Protect
|move|p2b: Farigiraf|Psychic|p1a: Staraptor
|-supereffective|p1a: Staraptor|1
|-damage|p1a: Staraptor|0 fnt
|faint|p1a: Staraptor
|
|-weather|SunnyDay|[upkeep]
|upkeep
|
|t:|1785654968
|switch|p1a: Garchomp|Garchomp, L50, F|100/100
|turn|5
|
|t:|1785654982
|move|p2a: Camerupt|Eruption|p1a: Garchomp|[spread] p1a
|-immune|p1b: Ceruledge|[from] ability: Flash Fire
|-resisted|p1a: Garchomp|1
|-damage|p1a: Garchomp|43/100
|move|p2b: Farigiraf|Psychic|p1b: Ceruledge
|-damage|p1b: Ceruledge|64/100
|move|p1b: Ceruledge|Bitter Blade|p2a: Camerupt
|-resisted|p2a: Camerupt|1
|-damage|p2a: Camerupt|50/100g
|-heal|p1b: Ceruledge|89/100|[from] drain|[of] p2a: Camerupt
|move|p1a: Garchomp|Stomping Tantrum|p2a: Camerupt
|-supereffective|p2a: Camerupt|1
|-damage|p2a: Camerupt|0 fnt
|faint|p2a: Camerupt
|-damage|p1a: Garchomp|33/100|[from] item: Life Orb
|
|-weather|SunnyDay|[upkeep]
|-fieldend|move: Trick Room
|upkeep
|l|☆PikelLord
|player|p2|
|j|☆PikelLord
|player|p2|PikelLord|lucas|
|
|t:|1785655003
|switch|p2a: Basculegion|Basculegion, L50, M|100/100
|turn|6
|
|t:|1785655016
|move|p1b: Ceruledge|Protect|p1b: Ceruledge
|-singleturn|p1b: Ceruledge|Protect
|move|p2a: Basculegion|Last Respects|p1b: Ceruledge
|-activate|p1b: Ceruledge|move: Protect
|move|p1a: Garchomp|Dragon Claw|p2b: Farigiraf
|-damage|p2b: Farigiraf|17/100
|-damage|p1a: Garchomp|23/100|[from] item: Life Orb
|move|p2b: Farigiraf|Psychic|p1a: Garchomp
|-damage|p1a: Garchomp|0 fnt
|faint|p1a: Garchomp
|
|-weather|SunnyDay|[upkeep]
|upkeep
|
|t:|1785655026
|switch|p1a: Whimsicott|Whimsicott, L50, M|1/100
|turn|7
|
|t:|1785655037
|move|p1a: Whimsicott|Tailwind|p1a: Whimsicott
|-sidestart|p1: blazikenisgoated|move: Tailwind
|move|p1b: Ceruledge|Bitter Blade|p2a: Basculegion
|-resisted|p2a: Basculegion|1
|-damage|p2a: Basculegion|29/100
|-heal|p1b: Ceruledge|100/100|[from] drain|[of] p2a: Basculegion
|move|p2a: Basculegion|Last Respects|p1b: Ceruledge
|-supereffective|p1b: Ceruledge|1
|-damage|p1b: Ceruledge|0 fnt
|faint|p1b: Ceruledge
|move|p2b: Farigiraf|Psychic|p1a: Whimsicott
|-damage|p1a: Whimsicott|0 fnt
|faint|p1a: Whimsicott
|
|win|PikelLord
|raw|blazikenisgoated's rating: 1045 → 1034(-11 for losing)
|raw|PikelLord's rating: 1177 → 1193(+16 for winning)
