|j|☆TrashTest6116
|j|☆Najroy
|html|TrashTest6116Najroy    
|uhtml|bestof|Game 2 of a best-of-3
|t:|1784566069
|gametype|doubles
|player|p1|TrashTest6116|colress|1140
|player|p2|Najroy|101|1060
|gen|9
|tier|[Gen 9 Champions] VGC 2026 Reg M-B (Bo3)
|rated|
|rule|Species Clause: Limit one of each Pokémon
|rule|Item Clause: Limit 1 of each item
|clearpoke
|poke|p1|Blastoise, L50, F|
|poke|p1|Delphox, L50, M|
|poke|p1|Incineroar, L50, F|
|poke|p1|Sneasler, L50, M|
|poke|p1|Sinistcha-Masterpiece, L50|
|poke|p1|Kingambit, L50, F|
|poke|p2|Meganium, L50, F|
|poke|p2|Pelipper, L50, M|
|poke|p2|Archaludon, L50, F|
|poke|p2|Incineroar, L50, M|
|poke|p2|Basculegion, L50, M|
|poke|p2|Rampardos, L50, M|
|teampreview|4
|showteam|p1|Blastoise||Blastoisinite|Torrent|Protect,ShellSmash,WaterSpout,DarkPulse|Modest||F|||50|]Delphox||Delphoxite|Blaze|Protect,NastyPlot,HeatWave,Psyshock|Timid||M|||50|]Incineroar||SitrusBerry|Intimidate|FakeOut,FlareBlitz,HelpingHand,PartingShot|Impish||F|||50|]Sneasler||FocusSash|PoisonTouch|CloseCombat,PoisonJab,FakeOut,QuickGuard|Jolly||M|||50|]Sinistcha-Masterpiece||OccaBerry|Hospitality|Protect,MatchaGotcha,RagePowder,LifeDew|Bold|||||50|]Kingambit||LifeOrb|Defiant|KowtowCleave,SuckerPunch,SwordsDance,Protect|Adamant||F|||50|
|showteam|p2|Meganium||Meganiumite|Overgrow|SolarBeam,DazzlingGleam,Synthesis,Protect|Modest||F|||50|]Pelipper||SitrusBerry|Drizzle|WeatherBall,Hurricane,Tailwind,Protect|Quiet||M|||50|]Archaludon||Leftovers|Stamina|FlashCannon,ElectroShot,DragonPulse,Protect|Modest||F|||50|]Incineroar||ChopleBerry|Intimidate|FakeOut,DarkestLariat,PartingShot,FlareBlitz|Adamant||M|||50|]Basculegion||LifeOrb|SwiftSwim|WaveCrash,LastRespects,FlipTurn,Protect|Jolly||M|||50|]Rampardos||ChoiceScarf|MoldBreaker|RockSlide,Earthquake,Superpower,StompingTantrum|Jolly||M|||50|
|inactive|Battle timer is ON: inactive players will automatically lose when time's up. (requested by TrashTest6116)
|
|t:|1784566098
|teamsize|p1|4
|teamsize|p2|4
|start
|switch|p1a: Incineroar|Incineroar, L50, F|100/100
|switch|p1b: Blastoise|Blastoise, L50, F|100/100
|switch|p2a: Rampardos|Rampardos, L50, M|100/100
|switch|p2b: Meganium|Meganium, L50, F|100/100
|-ability|p2a: Rampardos|Mold Breaker
|-ability|p1a: Incineroar|Intimidate|boost
|-unboost|p2a: Rampardos|atk|1
|-unboost|p2b: Meganium|atk|1
|turn|1
|
|t:|1784566122
|detailschange|p2b: Meganium|Meganium-Mega, L50, F
|-mega|p2b: Meganium|Meganium|Meganiumite
|move|p1b: Blastoise|Protect|p1b: Blastoise
|-singleturn|p1b: Blastoise|Protect
|move|p2a: Rampardos|Rock Slide|p1a: Incineroar|[spread] p1a
|-activate|p1b: Blastoise|move: Protect
|-supereffective|p1a: Incineroar|1
|-damage|p1a: Incineroar|67/100
|move|p2b: Meganium|Solar Beam||[still]
|-prepare|p2b: Meganium|Solar Beam
|-activate|p2b: Meganium|ability: Mega Sol
|-anim|p2b: Meganium|Solar Beam|p1b: Blastoise
|-activate|p1b: Blastoise|move: Protect
|cant|p1a: Incineroar|flinch
|
|upkeep
|turn|2
|
|t:|1784566142
|switch|p1b: Sinistcha|Sinistcha-Masterpiece, L50|100/100
|-heal|p1a: Incineroar|92/100|[from] ability: Hospitality|[of] p1b: Sinistcha
|move|p2a: Rampardos|Rock Slide|p1b: Sinistcha|[spread] p1b
|-miss|p2a: Rampardos|p1a: Incineroar
|-damage|p1b: Sinistcha|83/100
|move|p2b: Meganium|Solar Beam||[still]
|-prepare|p2b: Meganium|Solar Beam
|-activate|p2b: Meganium|ability: Mega Sol
|-anim|p2b: Meganium|Solar Beam|p1b: Sinistcha
|-resisted|p1b: Sinistcha|1
|-damage|p1b: Sinistcha|45/100
|move|p1a: Incineroar|Parting Shot|p2a: Rampardos
|-unboost|p2a: Rampardos|atk|1
|-unboost|p2a: Rampardos|spa|1
|
|t:|1784566151
|switch|p1a: Sneasler|Sneasler, L50, M|100/100|[from] Parting Shot
|
|upkeep
|turn|3
|
|t:|1784566174
|switch|p2a: Pelipper|Pelipper, L50, M|100/100
|-weather|RainDance|[from] ability: Drizzle|[of] p2a: Pelipper
|move|p2b: Meganium|Protect|p2b: Meganium
|-singleturn|p2b: Meganium|Protect
|move|p1a: Sneasler|Poison Jab|p2b: Meganium
|-activate|p2b: Meganium|move: Protect
|move|p1b: Sinistcha|Matcha Gotcha|p2a: Pelipper|[spread] p2a
|-activate|p2b: Meganium|move: Protect
|-damage|p2a: Pelipper|67/100
|-heal|p1b: Sinistcha|60/100|[from] drain|[of] p2a: Pelipper
|
|-weather|RainDance|[upkeep]
|upkeep
|turn|4
|
|t:|1784566195
|switch|p2b: Rampardos|Rampardos, L50, M|100/100
|-ability|p2b: Rampardos|Mold Breaker
|move|p1a: Sneasler|Poison Jab|p2a: Pelipper
|-damage|p2a: Pelipper|20/100y
|-enditem|p2a: Pelipper|Sitrus Berry|[eat]
|-heal|p2a: Pelipper|44/100|[from] item: Sitrus Berry
|move|p1b: Sinistcha|Matcha Gotcha|p2b: Rampardos|[spread] p2a,p2b
|-supereffective|p2b: Rampardos|1
|-damage|p2a: Pelipper|10/100
|-heal|p1b: Sinistcha|76/100|[from] drain|[of] p2a: Pelipper
|-damage|p2b: Rampardos|16/100
|-heal|p1b: Sinistcha|100/100|[from] drain|[of] p2b: Rampardos
|-status|p2a: Pelipper|brn
|move|p2a: Pelipper|Tailwind|p2a: Pelipper
|-sidestart|p2: Najroy|move: Tailwind
|
|-weather|RainDance|[upkeep]
|-damage|p2a: Pelipper|4/100 brn|[from] brn
|upkeep
|turn|5
|inactive|Najroy has 30 seconds left.
|inactive|Najroy has 20 seconds left.
|
|t:|1784566235
|switch|p1a: Incineroar|Incineroar, L50, F|92/100
|-ability|p1a: Incineroar|Intimidate|boost
|-unboost|p2a: Pelipper|atk|1
|-unboost|p2b: Rampardos|atk|1
|move|p1b: Sinistcha|Protect|p1b: Sinistcha
|-singleturn|p1b: Sinistcha|Protect
|move|p2b: Rampardos|Earthquake|p1a: Incineroar|[spread] p1a
|-activate|p1b: Sinistcha|move: Protect
|-immune|p2a: Pelipper
|-supereffective|p1a: Incineroar|1
|-crit|p1a: Incineroar
|-damage|p1a: Incineroar|24/100
|-enditem|p1a: Incineroar|Sitrus Berry|[eat]
|-heal|p1a: Incineroar|49/100|[from] item: Sitrus Berry
|move|p2a: Pelipper|Hurricane|p1a: Incineroar
|-damage|p1a: Incineroar|3/100
|-start|p1a: Incineroar|confusion
|
|-weather|RainDance|[upkeep]
|-damage|p2a: Pelipper|0 fnt|[from] brn
|faint|p2a: Pelipper
|upkeep
|inactive|Najroy has 30 seconds left.
|
|t:|1784566265
|switch|p2a: Meganium|Meganium-Mega, L50, F|100/100
|turn|6
|
|t:|1784566272
|-activate|p1a: Incineroar|confusion
|move|p1a: Incineroar|Fake Out|p2a: Meganium
|-damage|p2a: Meganium|90/100
|move|p2b: Rampardos|Earthquake|p1a: Incineroar|[spread] p2a,p1a,p1b
|-resisted|p2a: Meganium|1
|-crit|p2a: Meganium
|-supereffective|p1a: Incineroar|1
|-resisted|p1b: Sinistcha|1
|-damage|p2a: Meganium|72/100
|-damage|p1a: Incineroar|0 fnt
|-damage|p1b: Sinistcha|92/100
|faint|p1a: Incineroar
|cant|p2a: Meganium|flinch
|move|p1b: Sinistcha|Matcha Gotcha|p2a: Meganium|[spread] p2a,p2b
|-resisted|p2a: Meganium|1
|-supereffective|p2b: Rampardos|1
|-damage|p2a: Meganium|62/100
|-heal|p1b: Sinistcha|97/100|[from] drain|[of] p2a: Meganium
|-damage|p2b: Rampardos|0 fnt
|-heal|p1b: Sinistcha|100/100|[from] drain|[of] p2b: Rampardos
|-status|p2a: Meganium|brn
|faint|p2b: Rampardos
|
|-weather|RainDance|[upkeep]
|-damage|p2a: Meganium|56/100 brn|[from] brn
|upkeep
|
|t:|1784566292
|switch|p2b: Archaludon|Archaludon, L50, F|100/100
|switch|p1a: Sneasler|Sneasler, L50, M|100/100
|turn|7
|inactive|Najroy has 30 seconds left.
|
|t:|1784566320
|move|p1a: Sneasler|Fake Out|p2a: Meganium
|-damage|p2a: Meganium|44/100 brn
|move|p1b: Sinistcha|Rage Powder|p1b: Sinistcha
|-singleturn|p1b: Sinistcha|move: Rage Powder
|move|p2b: Archaludon|Electro Shot||[still]
|-prepare|p2b: Archaludon|Electro Shot
|-boost|p2b: Archaludon|spa|1
|-anim|p2b: Archaludon|Electro Shot|p1b: Sinistcha
|-resisted|p1b: Sinistcha|1
|-damage|p1b: Sinistcha|62/100
|cant|p2a: Meganium|flinch
|
|-weather|none
|-damage|p2a: Meganium|38/100 brn|[from] brn
|-sideend|p2: Najroy|move: Tailwind
|upkeep
|turn|8
|inactive|Najroy has 30 seconds left.
|
|t:|1784566355
|move|p1b: Sinistcha|Rage Powder|p1b: Sinistcha
|-singleturn|p1b: Sinistcha|move: Rage Powder
|move|p1a: Sneasler|Close Combat|p2b: Archaludon
|-supereffective|p2b: Archaludon|1
|-damage|p2b: Archaludon|4/100
|-unboost|p1a: Sneasler|def|1
|-unboost|p1a: Sneasler|spd|1
|-ability|p2b: Archaludon|Stamina|boost
|-boost|p2b: Archaludon|def|1
|move|p2b: Archaludon|Flash Cannon|p1b: Sinistcha
|-damage|p1b: Sinistcha|0 fnt
|faint|p1b: Sinistcha
|move|p2a: Meganium|Dazzling Gleam|p1a: Sneasler
|-enditem|p1a: Sneasler|Focus Sash
|-damage|p1a: Sneasler|1/100
|
|-heal|p2b: Archaludon|10/100|[from] item: Leftovers
|-damage|p2a: Meganium|32/100 brn|[from] brn
|upkeep
|
|t:|1784566359
|switch|p1b: Blastoise|Blastoise, L50, F|100/100
|turn|9
|inactive|TrashTest6116 has 30 seconds left.
|inactive|Najroy has 30 seconds left.
|
|t:|1784566403
|detailschange|p1b: Blastoise|Blastoise-Mega, L50, F
|-mega|p1b: Blastoise|Blastoise|Blastoisinite
|move|p1a: Sneasler|Close Combat|p2b: Archaludon
|-supereffective|p2b: Archaludon|1
|-damage|p2b: Archaludon|0 fnt
|-unboost|p1a: Sneasler|def|1
|-unboost|p1a: Sneasler|spd|1
|faint|p2b: Archaludon
|move|p1b: Blastoise|Water Spout|p2a: Meganium
|-resisted|p2a: Meganium|1
|-damage|p2a: Meganium|0 fnt
|faint|p2a: Meganium
|
|win|TrashTest6116
|raw|TrashTest6116's rating: 1140 → 1159(+19 for winning)
|raw|Najroy's rating: 1060 → 1045(-15 for losing)
