|j|☆neuesspielzeug
|j|☆Darknight918
|html|neuesspielzeugDarknight918    
|uhtml|bestof|Game 1 of a best-of-3
|t:|1784523747
|gametype|doubles
|player|p1|neuesspielzeug|2|1277
|player|p2|Darknight918|will|1201
|gen|9
|tier|[Gen 9 Champions] VGC 2026 Reg M-B (Bo3)
|rated|
|rule|Species Clause: Limit one of each Pokémon
|rule|Item Clause: Limit 1 of each item
|clearpoke
|poke|p1|Scrafty, L50, F|
|poke|p1|Toxapex, L50, F|
|poke|p1|Metagross, L50|
|poke|p1|Chandelure, L50, M|
|poke|p1|Hydreigon, L50, F|
|poke|p1|Sneasler, L50, F|
|poke|p2|Whimsicott, L50, M, shiny|
|poke|p2|Garchomp, L50, M, shiny|
|poke|p2|Kingambit, L50, F, shiny|
|poke|p2|Basculegion, L50, M|
|poke|p2|Charizard, L50, F|
|poke|p2|Floette-Eternal, L50, F|
|teampreview|4
|showteam|p1|Scrafty||Scraftinite|Intimidate|FakeOut,DrainPunch,KnockOff,PoisonJab|Careful||F|||50|]Toxapex||Leftovers|Regenerator|Infestation,Toxic,BanefulBunker,WideGuard|Bold||F|||50|]Metagross||Metagrossite|ClearBody|PsychicFangs,StompingTantrum,IcePunch,Protect|Jolly|||||50|]Chandelure||FocusSash|FlashFire|EnergyBall,HeatWave,ShadowBall,Protect|Timid||M|||50|]Hydreigon||ChoiceScarf|Levitate|DracoMeteor,Snarl,DarkPulse,EarthPower|Modest||F|||50|]Sneasler||LifeOrb|PoisonTouch|FakeOut,CloseCombat,DireClaw,Protect|Jolly||F|||50|
|showteam|p2|Whimsicott||FocusSash|Prankster|Moonblast,Tailwind,Encore,Protect|Timid||M|||50|]Garchomp||SitrusBerry|RoughSkin|DragonClaw,StompingTantrum,RockSlide,Protect|Adamant||M|||50|]Kingambit||ChopleBerry|Defiant|KowtowCleave,LowKick,SuckerPunch,IronHead|Adamant||F|||50|]Basculegion||MysticWater|Adaptability|WaveCrash,LastRespects,AquaJet,Protect|Adamant||M|||50|]Charizard||CharizarditeY|Blaze|HeatWave,WeatherBall,SolarBeam,Protect|Modest||F|||50|]Floette-Eternal||Floettite|FlowerVeil|Moonblast,DazzlingGleam,LightofRuin,Protect|Modest||F|||50|
|inactive|Battle timer is ON: inactive players will automatically lose when time's up. (requested by Darknight918)
|inactive|neuesspielzeug has 60 seconds left.
|inactive|Darknight918 has 60 seconds left.
|inactive|Darknight918 has 30 seconds left.
|
|t:|1784523813
|teamsize|p1|4
|teamsize|p2|4
|start
|switch|p1a: Chandelure|Chandelure, L50, M|100/100
|switch|p1b: Hydreigon|Hydreigon, L50, F|100/100
|switch|p2a: Whimsicott|Whimsicott, L50, M, shiny|100/100
|switch|p2b: Floette|Floette-Eternal, L50, F|100/100
|turn|1
|
|t:|1784523827
|switch|p1b: Sneasler|Sneasler, L50, F|100/100
|detailschange|p2b: Floette|Floette-Mega, L50, F
|-mega|p2b: Floette|Floette|Floettite
|-ability|p2b: Floette|Fairy Aura
|move|p2a: Whimsicott|Tailwind|p2a: Whimsicott
|-sidestart|p2: Darknight918|move: Tailwind
|move|p2b: Floette|Dazzling Gleam|p1a: Chandelure|[spread] p1a,p1b
|-resisted|p1a: Chandelure|1
|-crit|p1a: Chandelure
|-damage|p1a: Chandelure|49/100
|-damage|p1b: Sneasler|36/100
|move|p1a: Chandelure|Heat Wave|p2b: Floette|[spread] p2a,p2b
|-supereffective|p2a: Whimsicott|1
|-enditem|p2a: Whimsicott|Focus Sash
|-damage|p2a: Whimsicott|1/100
|-damage|p2b: Floette|69/100
|
|upkeep
|turn|2
|
|t:|1784523844
|switch|p2a: Garchomp|Garchomp, L50, M, shiny|100/100
|move|p2b: Floette|Protect|p2b: Floette
|-singleturn|p2b: Floette|Protect
|move|p1b: Sneasler|Fake Out|p2b: Floette
|-activate|p2b: Floette|move: Protect
|move|p1a: Chandelure|Heat Wave|p2b: Floette|[spread] p2a
|-activate|p2b: Floette|move: Protect
|-resisted|p2a: Garchomp|1
|-damage|p2a: Garchomp|80/100
|
|upkeep
|turn|3
|
|t:|1784523853
|move|p1b: Sneasler|Protect|p1b: Sneasler
|-singleturn|p1b: Sneasler|Protect
|move|p1a: Chandelure|Protect|p1a: Chandelure
|-singleturn|p1a: Chandelure|Protect
|move|p2b: Floette|Moonblast|p1b: Sneasler
|-activate|p1b: Sneasler|move: Protect
|move|p2a: Garchomp|Stomping Tantrum|p1a: Chandelure
|-activate|p1a: Chandelure|move: Protect
|
|upkeep
|turn|4
|
|t:|1784523872
|switch|p1b: Scrafty|Scrafty, L50, F|100/100
|-ability|p1b: Scrafty|Intimidate|boost
|-unboost|p2a: Garchomp|atk|1
|-unboost|p2b: Floette|atk|1
|switch|p1a: Hydreigon|Hydreigon, L50, F|100/100
|move|p2b: Floette|Light of Ruin|p1a: Hydreigon
|-supereffective|p1a: Hydreigon|2
|-damage|p1a: Hydreigon|0 fnt
|faint|p1a: Hydreigon
|-damage|p2b: Floette|15/100|[from] Recoil
|move|p2a: Garchomp|Stomping Tantrum|p1b: Scrafty
|-damage|p1b: Scrafty|75/100
|
|-sideend|p2: Darknight918|move: Tailwind
|upkeep
|
|t:|1784523892
|switch|p1a: Sneasler|Sneasler, L50, F|36/100
|turn|5
|
|t:|1784523914
|switch|p2a: Kingambit|Kingambit, L50, F, shiny|100/100
|detailschange|p1b: Scrafty|Scrafty-Mega, L50, F
|-mega|p1b: Scrafty|Scrafty|Scraftinite
|-ability|p1b: Scrafty|Intimidate|boost
|-unboost|p2a: Kingambit|atk|1
|-ability|p2a: Kingambit|Defiant|boost
|-boost|p2a: Kingambit|atk|2
|-unboost|p2b: Floette|atk|1
|move|p2b: Floette|Protect|p2b: Floette
|-singleturn|p2b: Floette|Protect
|move|p1b: Scrafty|Fake Out|p2a: Kingambit
|-resisted|p2a: Kingambit|1
|-damage|p2a: Kingambit|94/100
|move|p1a: Sneasler|Close Combat|p2b: Floette
|-activate|p2b: Floette|move: Protect
|
|upkeep
|turn|6
|
|t:|1784523934
|move|p2a: Kingambit|Sucker Punch|p1a: Sneasler
|-resisted|p1a: Sneasler|1
|-damage|p1a: Sneasler|0 fnt
|faint|p1a: Sneasler
|move|p2b: Floette|Moonblast|p1b: Scrafty
|-supereffective|p1b: Scrafty|2
|-damage|p1b: Scrafty|0 fnt
|faint|p1b: Scrafty
|
|upkeep
|
|t:|1784523937
|switch|p1b: Chandelure|Chandelure, L50, M|49/100
|turn|7
|-message|neuesspielzeug forfeited.
|
|win|Darknight918
||Darknight918 is ready for game 2.
||neuesspielzeug is ready for game 2.
|uhtml|next|Next: Game 2 of 3
