|j|☆ParroTiest
|j|☆robby w
|html|ParroTiestrobby w    
|uhtml|bestof|Game 1 of a best-of-3
|t:|1756439916
|gametype|doubles
|player|p1|ParroTiest|266|1133
|player|p2|robby w|pokekid|1296
|gen|9
|tier|[Gen 9] VGC 2025 Reg H (Bo3)
|rated|
|rule|Species Clause: Limit one of each Pokémon
|rule|Item Clause: Limit 1 of each item
|clearpoke
|poke|p1|Grimmsnarl, L50, M|
|poke|p1|Ursaluna-Bloodmoon, L50, M|
|poke|p1|Farigiraf, L50, F|
|poke|p1|Gholdengo, L50|
|poke|p1|Rillaboom, L50, M|
|poke|p1|Volcarona, L50, M|
|poke|p2|Dondozo, L50, M|
|poke|p2|Tatsugiri, L50, F|
|poke|p2|Sneasler, L50, F|
|poke|p2|Indeedee, L50, M|
|poke|p2|Ursaluna-Bloodmoon, L50, M|
|poke|p2|Electabuzz, L50, F|
|teampreview|4
|showteam|p1|Grimmsnarl||LightClay|Prankster|Reflect,LightScreen,SpiritBreak,Taunt|||M|||50|,,,,,Ghost]Ursaluna-Bloodmoon||LifeOrb|MindsEye|BloodMoon,HyperVoice,EarthPower,Protect|||M|||50|,,,,,Normal]Farigiraf||ThroatSpray|ArmorTail|HyperVoice,Psychic,TrickRoom,Protect|||F|||50|,,,,,Fairy]Gholdengo||ChoiceSpecs|GoodasGold|MakeItRain,ShadowBall,PowerGem,Trick||||||50|,,,,,Water]Rillaboom||AssaultVest|GrassySurge|FakeOut,WoodHammer,GrassyGlide,Uturn|||M|||50|,,,,,Fire]Volcarona||Leftovers|FlameBody|QuiverDance,HeatWave,GigaDrain,Protect|||M|||50|,,,,,Grass
|showteam|p2|Dondozo||Leftovers|Unaware|Protect,WaveCrash,Earthquake,OrderUp|||M|||50|,,,,,Grass]Tatsugiri||ChoiceScarf|Commander|DragonPulse,IcyWind,DracoMeteor,MuddyWater|||F|||50|,,,,,Stellar]Sneasler||PsychicSeed|Unburden|DireClaw,CloseCombat,Protect,ThroatChop|||F|||50|,,,,,Dark]Indeedee||FocusSash|PsychicSurge|DazzlingGleam,TrickRoom,ExpandingForce,Protect|||M|||50|,,,,,Fairy]Ursaluna-Bloodmoon||LifeOrb|MindsEye|BloodMoon,Protect,HyperVoice,EarthPower|||M|||50|,,,,,Normal]Electabuzz||Eviolite|VitalSpirit|Electroweb,Protect,FollowMe,Taunt|||F|||50|,,,,,Ghost
|inactive|Battle timer is ON: inactive players will automatically lose when time's up. (requested by ParroTiest)
|inactive|ParroTiest has 60 seconds left.
|inactive|robby w has 60 seconds left.
|inactive|robby w has 30 seconds left.
|
|t:|1756439977
|teamsize|p1|4
|teamsize|p2|4
|start
|switch|p1a: gremlin|Grimmsnarl, L50, M, shiny|100/100
|switch|p1b: no fake out|Farigiraf, L50, F|100/100
|switch|p2a: Ursaluna|Ursaluna-Bloodmoon, L50, M|100/100
|switch|p2b: Electabuzz|Electabuzz, L50, F, shiny|100/100
|turn|1
|inactive|ParroTiest has 30 seconds left.
|inactive|robby w has 30 seconds left.
|
|t:|1756440008
|switch|p2a: Indeedee|Indeedee, L50, M|100/100
|-fieldstart|move: Psychic Terrain|[from] ability: Psychic Surge|[of] p2a: Indeedee
|move|p1b: no fake out|Protect|p1b: no fake out
|-singleturn|p1b: no fake out|Protect
|move|p1a: gremlin|Taunt|p2b: Electabuzz
|-activate|p2b: Electabuzz|move: Psychic Terrain
|move|p2b: Electabuzz|Taunt|p1b: no fake out
|-activate|p1b: no fake out|move: Protect
|
|upkeep
|turn|2
|
|t:|1756440030
|switch|p1b: monke|Rillaboom, L50, M|100/100
|-fieldstart|move: Grassy Terrain|[from] ability: Grassy Surge|[of] p1b: monke
|move|p1a: gremlin|Light Screen|p1a: gremlin
|-sidestart|p1: ParroTiest|move: Light Screen
|move|p2b: Electabuzz|Taunt|p1b: monke
|-start|p1b: monke|move: Taunt
|move|p2a: Indeedee|Dazzling Gleam|p1b: monke|[spread] p1a,p1b
|-supereffective|p1a: gremlin
|-damage|p1a: gremlin|77/100
|-damage|p1b: monke|93/100
|
|-heal|p1b: monke|99/100|[from] Grassy Terrain
|-heal|p1a: gremlin|83/100|[from] Grassy Terrain
|upkeep
|turn|3
|inactive|robby w has 30 seconds left.
|inactive|robby w has 20 seconds left.
|
|t:|1756440068
|switch|p2a: Sneasler|Sneasler, L50, F|100/100
|move|p2b: Electabuzz|Protect|p2b: Electabuzz
|-singleturn|p2b: Electabuzz|Protect
|move|p1a: gremlin|Taunt|p2b: Electabuzz
|-activate|p2b: Electabuzz|move: Protect
|move|p1b: monke|U-turn|p2a: Sneasler
|-resisted|p2a: Sneasler
|-damage|p2a: Sneasler|92/100
|
|t:|1756440082
|switch|p1b: no fake out|Farigiraf, L50, F|100/100|[from] U-turn
|
|-heal|p2a: Sneasler|98/100|[from] Grassy Terrain
|-heal|p1a: gremlin|89/100|[from] Grassy Terrain
|upkeep
|turn|4
|inactive|ParroTiest has 30 seconds left.
|inactive|robby w has 30 seconds left.
|
|t:|1756440107
|switch|p2a: Indeedee|Indeedee, L50, M|100/100
|-fieldstart|move: Psychic Terrain|[from] ability: Psychic Surge|[of] p2a: Indeedee
|move|p1a: gremlin|Taunt|p2b: Electabuzz
|-activate|p2b: Electabuzz|move: Psychic Terrain
|move|p2b: Electabuzz|Taunt|p1a: gremlin
|-start|p1a: gremlin|move: Taunt
|move|p1b: no fake out|Trick Room|p1b: no fake out
|-fieldstart|move: Trick Room|[of] p1b: no fake out
|
|upkeep
|turn|5
|
|t:|1756440124
|switch|p1a: monke|Rillaboom, L50, M|99/100
|-fieldstart|move: Grassy Terrain|[from] ability: Grassy Surge|[of] p1a: monke
|move|p1b: no fake out|Hyper Voice|p2b: Electabuzz|[spread] p2a,p2b
|-damage|p2a: Indeedee|60/100
|-damage|p2b: Electabuzz|72/100
|-enditem|p1b: no fake out|Throat Spray
|-boost|p1b: no fake out|spa|1|[from] item: Throat Spray
|move|p2b: Electabuzz|Electroweb|p1a: monke|[spread] p1a,p1b
|-resisted|p1a: monke
|-damage|p1a: monke|97/100
|-damage|p1b: no fake out|92/100
|-unboost|p1a: monke|spe|1
|-unboost|p1b: no fake out|spe|1
|move|p2a: Indeedee|Trick Room|p2a: Indeedee
|-fieldend|move: Trick Room
|
|-heal|p2b: Electabuzz|77/100|[from] Grassy Terrain
|-heal|p2a: Indeedee|66/100|[from] Grassy Terrain
|-heal|p1a: monke|100/100|[from] Grassy Terrain
|-heal|p1b: no fake out|99/100|[from] Grassy Terrain
|upkeep
|turn|6
|inactive|robby w has 30 seconds left.
|inactive|robby w has 20 seconds left.
|
|t:|1756440162
|-terastallize|p2b: Electabuzz|Ghost
|move|p2a: Indeedee|Protect|p2a: Indeedee
|-singleturn|p2a: Indeedee|Protect
|move|p2b: Electabuzz|Taunt|p1b: no fake out
|-start|p1b: no fake out|move: Taunt
|move|p1a: monke|U-turn|p2a: Indeedee
|-activate|p2a: Indeedee|move: Protect
|move|p1b: no fake out|Psychic|p2a: Indeedee
|-activate|p2a: Indeedee|move: Protect
|
|-heal|p2b: Electabuzz|83/100|[from] Grassy Terrain
|-heal|p2a: Indeedee|72/100|[from] Grassy Terrain
|-heal|p1b: no fake out|100/100|[from] Grassy Terrain
|upkeep
|turn|7
|
|t:|1756440184
|switch|p2b: Sneasler|Sneasler, L50, F|98/100
|move|p2a: Indeedee|Dazzling Gleam|p1b: no fake out|[spread] p1a,p1b
|-damage|p1a: monke|93/100
|-damage|p1b: no fake out|90/100
|move|p1a: monke|U-turn|p2a: Indeedee
|-supereffective|p2a: Indeedee
|-damage|p2a: Indeedee|0 fnt
|faint|p2a: Indeedee
|
|t:|1756440197
|switch|p1a: instakill button|Ursaluna-Bloodmoon, L50, M|100/100|[from] U-turn
|move|p1b: no fake out|Psychic|p2b: Sneasler
|-supereffective|p2b: Sneasler
|-damage|p2b: Sneasler|0 fnt
|faint|p2b: Sneasler
|
|-heal|p1b: no fake out|96/100|[from] Grassy Terrain
|upkeep
|
|t:|1756440206
|switch|p2b: Ursaluna|Ursaluna-Bloodmoon, L50, M|100/100
|switch|p2a: Electabuzz|Electabuzz, L50, F, shiny, tera:Ghost|83/100
|turn|8
|
|t:|1756440224
|-terastallize|p1a: instakill button|Normal
|move|p2a: Electabuzz|Follow Me|p2a: Electabuzz
|-singleturn|p2a: Electabuzz|move: Follow Me
|move|p2b: Ursaluna|Blood Moon|p1a: instakill button
|-damage|p1a: instakill button|9/100
|-damage|p2b: Ursaluna|91/100|[from] item: Life Orb
|move|p1a: instakill button|Hyper Voice|p2b: Ursaluna|[spread] p2a,p2b
|-damage|p2a: Electabuzz|21/100
|-damage|p2b: Ursaluna|6/100
|-damage|p1a: instakill button|0 fnt|[from] item: Life Orb
|faint|p1a: instakill button
|move|p1b: no fake out|Psychic|p2a: Electabuzz
|-damage|p2a: Electabuzz|0 fnt
|faint|p2a: Electabuzz
|
|-heal|p2b: Ursaluna|12/100|[from] Grassy Terrain
|-heal|p1b: no fake out|100/100|[from] Grassy Terrain
|-end|p1b: no fake out|move: Taunt
|upkeep
|
|t:|1756440235
|switch|p1a: monke|Rillaboom, L50, M|93/100
|turn|9
|-message|robby w forfeited.
|
|win|ParroTiest
