|j|☆zachlobbed
|j|☆servence
|html|zachlobbedservence    
|uhtml|bestof|Game 2 of a best-of-3
|t:|1784490710
|gametype|doubles
|player|p1|zachlobbed|brock|1278
|player|p2|servence|265|1161
|gen|9
|tier|[Gen 9 Champions] VGC 2026 Reg M-B (Bo3)
|rated|
|rule|Species Clause: Limit one of each Pokémon
|rule|Item Clause: Limit 1 of each item
|clearpoke
|poke|p1|Charizard, L50, F|
|poke|p1|Floette-Eternal, L50, F|
|poke|p1|Whimsicott, L50, F|
|poke|p1|Garchomp, L50, F|
|poke|p1|Basculegion, L50, M|
|poke|p1|Kingambit, L50, M|
|poke|p2|Tyranitar, L50, F|
|poke|p2|Clefable, L50, F|
|poke|p2|Garchomp, L50, M|
|poke|p2|Sneasler, L50, M|
|poke|p2|Basculegion, L50, M|
|poke|p2|Zoroark-Hisui, L50, M|
|teampreview|4
|showteam|p1|Charizard||CharizarditeY|Blaze|Protect,HeatWave,SolarBeam,WeatherBall|Modest||F|||50|]Floette-Eternal||Floettite|FlowerVeil|Protect,LightofRuin,Moonblast,DazzlingGleam|Timid||F|||50|]Whimsicott||FocusSash|Prankster|Protect,Tailwind,Moonblast,Encore|Timid||F|||50|]Garchomp||LifeOrb|RoughSkin|Protect,DragonClaw,Earthquake,RockSlide|Jolly||F|||50|]Basculegion||MysticWater|Adaptability|Protect,AquaJet,WaveCrash,LastRespects|Adamant||M|||50|]Kingambit||BlackGlasses|Defiant|Protect,LowKick,SuckerPunch,KowtowCleave|Adamant||M|||50|
|showteam|p2|Tyranitar||Tyranitarite|SandStream|RockSlide,KnockOff,DragonDance,Protect|Jolly||F|||50|]Clefable||Clefablite|CuteCharm|Moonblast,AirSlash,DazzlingGleam,Protect|Modest||F|||50|]Garchomp||LifeOrb|RoughSkin|Earthquake,RockSlide,DragonClaw,Protect|Jolly||M|||50|]Sneasler||WhiteHerb|Unburden|FakeOut,CloseCombat,PoisonJab,Protect|Adamant||M|||50|]Basculegion||MysticWater|Adaptability|WaveCrash,LastRespects,AquaJet,Protect|Adamant||M|||50|]Zoroark-Hisui||ChoiceScarf|Illusion|ShadowBall,Psychic,GrassKnot,Flamethrower|Modest||M|||50|
|inactive|Battle timer is ON: inactive players will automatically lose when time's up. (requested by zachlobbed)
|inactive|servence also wants the timer to be on.
|inactive|servence has 60 seconds left.
|inactive|servence has 30 seconds left.
|
|t:|1784490780
|teamsize|p1|4
|teamsize|p2|4
|start
|switch|p1a: Whimsicott|Whimsicott, L50, F|100/100
|switch|p1b: Garchomp|Garchomp, L50, F|100/100
|switch|p2a: Clefable|Clefable, L50, F|100/100
|switch|p2b: Sneasler|Sneasler, L50, M|100/100
|turn|1
|
|t:|1784490800
|detailschange|p2a: Clefable|Clefable-Mega, L50, F
|-mega|p2a: Clefable|Clefable|Clefablite
|move|p1b: Garchomp|Protect|p1b: Garchomp
|-singleturn|p1b: Garchomp|Protect
|move|p2b: Sneasler|Fake Out|p1a: Whimsicott
|-damage|p1a: Whimsicott|74/100
|cant|p1a: Whimsicott|flinch
|move|p2a: Clefable|Air Slash|p1a: Whimsicott
|-supereffective|p1a: Whimsicott|1
|-damage|p1a: Whimsicott|0 fnt
|faint|p1a: Whimsicott
|
|upkeep
|
|t:|1784490810
|switch|p1a: Charizard|Charizard, L50, F|100/100
|turn|2
|
|t:|1784490824
|detailschange|p1a: Charizard|Charizard-Mega-Y, L50, F
|-mega|p1a: Charizard|Charizard|Charizardite Y
|-weather|SunnyDay|[from] ability: Drought|[of] p1a: Charizard
|move|p2b: Sneasler|Protect|p2b: Sneasler
|-singleturn|p2b: Sneasler|Protect
|move|p1b: Garchomp|Earthquake|p2a: Clefable|[spread] 
|-activate|p2b: Sneasler|move: Protect
|-immune|p1a: Charizard
|-immune|p2a: Clefable
|move|p1a: Charizard|Weather Ball|p2a: Clefable
|-damage|p2a: Clefable|19/100
|move|p2a: Clefable|Moonblast|p1b: Garchomp
|-supereffective|p1b: Garchomp|1
|-damage|p1b: Garchomp|0 fnt
|faint|p1b: Garchomp
|
|-weather|SunnyDay|[upkeep]
|upkeep
|
|t:|1784490828
|switch|p1b: Basculegion|Basculegion, L50, M|100/100
|turn|3
|inactive|servence has 30 seconds left.
|inactive|servence has 20 seconds left.
|inactive|servence has 15 seconds left.
|inactive|servence has 10 seconds left.
|inactive|servence has 5 seconds left.
|
|t:|1784490879
|move|p1b: Basculegion|Protect|p1b: Basculegion
|-singleturn|p1b: Basculegion|Protect
|move|p2a: Clefable|Protect|p2a: Clefable
|-singleturn|p2a: Clefable|Protect
|move|p2b: Sneasler|Close Combat|p1a: Charizard
|-resisted|p1a: Charizard|1
|-damage|p1a: Charizard|65/100
|-unboost|p2b: Sneasler|def|1
|-unboost|p2b: Sneasler|spd|1
|-enditem|p2b: Sneasler|White Herb
|-clearnegativeboost|p2b: Sneasler|[silent]
|move|p1a: Charizard|Heat Wave|p2b: Sneasler|[spread] p2b
|-activate|p2a: Clefable|move: Protect
|-damage|p2b: Sneasler|4/100
|
|-weather|SunnyDay|[upkeep]
|upkeep
|turn|4
|
|t:|1784490902
|move|p2b: Sneasler|Protect|p2b: Sneasler
|-singleturn|p2b: Sneasler|Protect
|move|p1b: Basculegion|Aqua Jet|p2b: Sneasler
|-activate|p2b: Sneasler|move: Protect
|move|p1a: Charizard|Weather Ball|p2a: Clefable
|-damage|p2a: Clefable|0 fnt
|faint|p2a: Clefable
|
|-weather|SunnyDay|[upkeep]
|upkeep
|
|t:|1784490911
|switch|p2a: Garchomp|Garchomp, L50, M|100/100
|turn|5
|
|t:|1784490925
|move|p1a: Charizard|Protect|p1a: Charizard
|-singleturn|p1a: Charizard|Protect
|move|p2b: Sneasler|Close Combat|p1a: Charizard
|-activate|p1a: Charizard|move: Protect
|move|p2a: Garchomp|Shadow Ball|p1b: Basculegion
|-supereffective|p1b: Basculegion|1
|-damage|p1b: Basculegion|3/100
|move|p1b: Basculegion|Last Respects|p2a: Garchomp
|-immune|p2a: Garchomp
|
|-weather|SunnyDay|[upkeep]
|upkeep
|turn|6
|
|t:|1784490941
|move|p1b: Basculegion|Aqua Jet|p2b: Sneasler
|-damage|p2b: Sneasler|0 fnt
|faint|p2b: Sneasler
|move|p2a: Garchomp|Shadow Ball|p1b: Basculegion
|-supereffective|p1b: Basculegion|1
|-damage|p1b: Basculegion|0 fnt
|faint|p1b: Basculegion
|move|p1a: Charizard|Weather Ball|p2a: Garchomp
|-crit|p2a: Garchomp
|-damage|p2a: Garchomp|0 fnt
|replace|p2a: Zoroark|Zoroark-Hisui, L50, M
|-end|p2a: Zoroark|Illusion
|faint|p2a: Zoroark
|
|-weather|none
|upkeep
|-message|zachlobbed forfeited.
|
|win|servence
