|j|☆Lightoz
|j|☆palle synchro
|html|Lightozpalle synchro    
|uhtml|bestof|Game 1 of a best-of-3
|t:|1756459424
|gametype|doubles
|player|p1|Lightoz|blue-gen2|1337
|player|p2|palle synchro|volkner|1493
|gen|9
|tier|[Gen 9] VGC 2025 Reg H (Bo3)
|rated|
|rule|Species Clause: Limit one of each Pokémon
|rule|Item Clause: Limit 1 of each item
|clearpoke
|poke|p1|Incineroar, L50, M|
|poke|p1|Annihilape, L50, F|
|poke|p1|Dragonite, L50, M|
|poke|p1|Volcarona, L50, F|
|poke|p1|Rillaboom, L50, M|
|poke|p1|Ursaluna-Bloodmoon, L50, M|
|poke|p2|Whimsicott, L50, F|
|poke|p2|Gholdengo, L50|
|poke|p2|Indeedee, L50, M|
|poke|p2|Sneasler, L50, M|
|poke|p2|Ursaluna-Bloodmoon, L50, M|
|poke|p2|Archaludon, L50, M|
|teampreview|4
|showteam|p1|Incineroar||SitrusBerry|Intimidate|FlareBlitz,KnockOff,FakeOut,PartingShot|||M|||50|,,,,,Ghost]Annihilape||SafetyGoggles|Defiant|CloseCombat,RageFist,Coaching,FinalGambit|||F|||50|,,,,,Water]Dragonite||LoadedDice|Multiscale|ScaleShot,Tailwind,Haze,Protect|||M|||50|,,,,,Fairy]Volcarona||CovertCloak|FlameBody|HeatWave,TeraBlast,QuiverDance,Protect|||F|||50|,,,,,Fairy]Rillaboom||AssaultVest|GrassySurge|WoodHammer,GrassyGlide,HighHorsepower,FakeOut|||M|||50|,,,,,Fire]Ursaluna-Bloodmoon||FocusSash|MindsEye|BloodMoon,EarthPower,HyperVoice,Protect|||M|||50|,,,,,Normal
|showteam|p2|Whimsicott||CovertCloak|Prankster|Moonblast,Taunt,Tailwind,FakeTears|||F|||50|,,,,,Water]Gholdengo||ChoiceSpecs|GoodasGold|MakeItRain,ShadowBall,DazzlingGleam,Trick||||||50|,,,,,Fairy]Indeedee||FocusSash|PsychicSurge|ExpandingForce,TeraBlast,Imprison,TrickRoom|||M|||50|,,,,,Psychic]Sneasler||PsychicSeed|Unburden|CloseCombat,DireClaw,ThroatChop,Protect|||M|||50|,,,,,Dark]Ursaluna-Bloodmoon||LifeOrb|MindsEye|HyperVoice,BloodMoon,EarthPower,Protect|||M|||50|,,,,,Normal]Archaludon||PowerHerb|Stalwart|ElectroShot,DragonPulse,Thunderbolt,Protect|||M|||50|,,,,,Electric
|inactive|Battle timer is ON: inactive players will automatically lose when time's up. (requested by palle synchro)
|
|t:|1756459457
|teamsize|p1|4
|teamsize|p2|4
|start
|switch|p1a: Ursaluna|Ursaluna-Bloodmoon, L50, M|100/100
|switch|p1b: Dragonite|Dragonite, L50, M|100/100
|switch|p2a: Whimsicott|Whimsicott, L50, F|100/100
|switch|p2b: Ursaluna|Ursaluna-Bloodmoon, L50, M|100/100
|turn|1
|
|t:|1756459475
|move|p2a: Whimsicott|Tailwind|p2a: Whimsicott
|-sidestart|p2: palle synchro|move: Tailwind
|move|p2b: Ursaluna|Hyper Voice|p1b: Dragonite|[spread] p1a,p1b
|-damage|p1a: Ursaluna|36/100
|-damage|p1b: Dragonite|76/100
|-damage|p2b: Ursaluna|91/100|[from] item: Life Orb
|move|p1b: Dragonite|Tailwind|p1b: Dragonite
|-sidestart|p1: Lightoz|move: Tailwind
|move|p1a: Ursaluna|Blood Moon|p2b: Ursaluna
|-damage|p2b: Ursaluna|0 fnt
|faint|p2b: Ursaluna
|
|upkeep
|
|t:|1756459487
|switch|p2b: Gholdengo|Gholdengo, L50|100/100
|turn|2
|
|t:|1756459497
|switch|p2a: Sneasler|Sneasler, L50, M|100/100
|move|p1b: Dragonite|Protect|p1b: Dragonite
|-singleturn|p1b: Dragonite|Protect
|move|p2b: Gholdengo|Make It Rain|p1b: Dragonite|[spread] p1a
|-activate|p1b: Dragonite|move: Protect
|-damage|p1a: Ursaluna|0 fnt
|-unboost|p2b: Gholdengo|spa|1
|faint|p1a: Ursaluna
|
|upkeep
|
|t:|1756459505
|switch|p1a: Incineroar|Incineroar, L50, M|100/100
|-ability|p1a: Incineroar|Intimidate|boost
|-unboost|p2a: Sneasler|atk|1
|-unboost|p2b: Gholdengo|atk|1
|turn|3
|
|t:|1756459514
|switch|p2a: Whimsicott|Whimsicott, L50, F|100/100
|move|p2b: Gholdengo|Make It Rain|p1a: Incineroar|[spread] p1a,p1b
|-resisted|p1a: Incineroar
|-damage|p1a: Incineroar|84/100
|-damage|p1b: Dragonite|26/100
|-unboost|p2b: Gholdengo|spa|1
|move|p1b: Dragonite|Scale Shot|p2a: Whimsicott
|-immune|p2a: Whimsicott
|move|p1a: Incineroar|Flare Blitz|p2b: Gholdengo
|-supereffective|p2b: Gholdengo
|-damage|p2b: Gholdengo|0 fnt
|faint|p2b: Gholdengo
|-damage|p1a: Incineroar|57/100|[from] Recoil
|
|upkeep
|
|t:|1756459521
|switch|p2b: Sneasler|Sneasler, L50, M|100/100
|turn|4
|
|t:|1756459546
|switch|p1b: Rillaboom|Rillaboom, L50, M|100/100
|-fieldstart|move: Grassy Terrain|[from] ability: Grassy Surge|[of] p1b: Rillaboom
|-terastallize|p2b: Sneasler|Dark
|-terastallize|p1a: Incineroar|Ghost
|move|p2a: Whimsicott|Moonblast|p1b: Rillaboom
|-damage|p1b: Rillaboom|80/100
|move|p2b: Sneasler|Throat Chop|p1a: Incineroar
|-supereffective|p1a: Incineroar
|-damage|p1a: Incineroar|0 fnt
|faint|p1a: Incineroar
|
|-heal|p1b: Rillaboom|86/100|[from] Grassy Terrain
|-sideend|p1: Lightoz|move: Tailwind
|-sideend|p2: palle synchro|move: Tailwind
|upkeep
|
|t:|1756459554
|switch|p1a: Dragonite|Dragonite, L50, M|26/100
|turn|5
|
|t:|1756459564
|move|p2b: Sneasler|Protect|p2b: Sneasler
|-singleturn|p2b: Sneasler|Protect
|move|p1a: Dragonite|Protect|p1a: Dragonite
|-singleturn|p1a: Dragonite|Protect
|move|p2a: Whimsicott|Moonblast|p1a: Dragonite
|-activate|p1a: Dragonite|move: Protect
|move|p1b: Rillaboom|Wood Hammer|p2a: Whimsicott
|-resisted|p2a: Whimsicott
|-damage|p2a: Whimsicott|46/100
|-damage|p1b: Rillaboom|72/100|[from] Recoil
|
|-heal|p2a: Whimsicott|52/100|[from] Grassy Terrain
|-heal|p1b: Rillaboom|78/100|[from] Grassy Terrain
|upkeep
|turn|6
|
|t:|1756459571
|move|p2a: Whimsicott|Moonblast|p1a: Dragonite
|-supereffective|p1a: Dragonite
|-damage|p1a: Dragonite|0 fnt
|faint|p1a: Dragonite
|move|p2b: Sneasler|Dire Claw|p1b: Rillaboom
|-supereffective|p1b: Rillaboom
|-damage|p1b: Rillaboom|0 fnt
|faint|p1b: Rillaboom
|
|win|palle synchro
