|j|☆RICHARDHAVOC
|j|☆Cyberman152
|html|RICHARDHAVOCCyberman152    
|uhtml|bestof|Game 3 of a best-of-3
|t:|1754696874
|gametype|doubles
|player|p1|RICHARDHAVOC|101|1303
|player|p2|Cyberman152|266|1283
|gen|9
|tier|[Gen 9] VGC 2025 Reg H (Bo3)
|rated|
|rule|Species Clause: Limit one of each Pokémon
|rule|Item Clause: Limit 1 of each item
|clearpoke
|poke|p1|Whimsicott, L50, F|
|poke|p1|Garchomp, L50, M|
|poke|p1|Gholdengo, L50|
|poke|p1|Incineroar, L50, M|
|poke|p1|Dragonite, L50, M|
|poke|p1|Sneasler, L50, F|
|poke|p2|Volcarona, L50, F|
|poke|p2|Sneasler, L50, M|
|poke|p2|Kommo-o, L50, M|
|poke|p2|Rillaboom, L50, M|
|poke|p2|Incineroar, L50, M|
|poke|p2|Archaludon, L50, M|
|teampreview|4
|showteam|p1|Whimsicott||FocusSash|Prankster|Moonblast,Tailwind,Encore,Protect|||F|||50|,,,,,Ghost]Garchomp||LifeOrb|RoughSkin|Earthquake,DragonClaw,StompingTantrum,Protect|||M|||50|,,,,,Steel]Gholdengo||ChoiceSpecs|GoodasGold|MakeItRain,ShadowBall,Trick,Protect||||||50|,,,,,Steel]Incineroar||AssaultVest|Intimidate|FakeOut,Uturn,KnockOff,FlareBlitz|||M|||50|,,,,,Ghost]Dragonite||ChoiceBand|InnerFocus|ExtremeSpeed,Haze,IceSpinner,Outrage|||M|||50|,,,,,Normal]Sneasler||WhiteHerb|Unburden|FakeOut,DireClaw,CloseCombat,Protect|||F|||50|,,,,,Stellar
|showteam|p2|Volcarona||GrassySeed|FlameBody|FieryDance,TeraBlast,QuiverDance,Protect|||F|||50|,,,,,Fairy]Sneasler||FocusSash|PoisonTouch|CloseCombat,DireClaw,FakeOut,Coaching|||M|||50|,,,,,Stellar]Kommo-o||Leftovers|Overcoat|BodyPress,DragonPulse,ClangorousSoul,Protect|||M|||50|,,,,,Fairy]Rillaboom||AssaultVest|Overgrow|WoodHammer,GrassyGlide,Uturn,FakeOut|||M|||50|,,,,,Fire]Incineroar||SafetyGoggles|Intimidate|KnockOff,FakeOut,Taunt,PartingShot|||M|||50|,,,,,Ghost]Archaludon||PowerHerb|Sturdy|ElectroShot,Thunderbolt,FlashCannon,Protect|||M|||50|,,,,,Electric
|
|t:|1754696959
|teamsize|p1|4
|teamsize|p2|4
|start
|switch|p1a: Dragonite|Dragonite, L50, M, shiny|100/100
|switch|p1b: Gholdengo|Gholdengo, L50, shiny|100/100
|switch|p2a: Volcarona|Volcarona, L50, F, shiny|100/100
|switch|p2b: Incineroar|Incineroar, L50, M, shiny|100/100
|-ability|p2b: Incineroar|Intimidate|boost
|-fail|p1a: Dragonite|unboost|Attack|[from] ability: Inner Focus|[of] p1a: Dragonite
|-unboost|p1b: Gholdengo|atk|1
|turn|1
|
|t:|1754697001
|switch|p1b: Garchomp|Garchomp, L50, M, shiny|100/100
|-terastallize|p1a: Dragonite|Normal
|move|p2a: Volcarona|Protect|p2a: Volcarona
|-singleturn|p2a: Volcarona|Protect
|move|p1a: Dragonite|Extreme Speed|p2a: Volcarona
|-activate|p2a: Volcarona|move: Protect
|move|p2b: Incineroar|Parting Shot|p1a: Dragonite
|-unboost|p1a: Dragonite|atk|1
|-unboost|p1a: Dragonite|spa|1
|
|t:|1754697014
|switch|p2b: Sneasler|Sneasler, L50, M, shiny|100/100|[from] Parting Shot
|
|upkeep
|turn|2
|
|t:|1754697023
|switch|p2a: Incineroar|Incineroar, L50, M, shiny|100/100
|-ability|p2a: Incineroar|Intimidate|boost
|-fail|p1a: Dragonite|unboost|Attack|[from] ability: Inner Focus|[of] p1a: Dragonite
|-unboost|p1b: Garchomp|atk|1
|move|p1a: Dragonite|Extreme Speed|p2a: Incineroar
|-damage|p2a: Incineroar|54/100
|move|p2b: Sneasler|Close Combat|p1a: Dragonite
|-supereffective|p1a: Dragonite
|-damage|p1a: Dragonite|0 fnt
|-unboost|p2b: Sneasler|def|1
|-unboost|p2b: Sneasler|spd|1
|faint|p1a: Dragonite
|move|p1b: Garchomp|Stomping Tantrum|p2a: Incineroar
|-supereffective|p2a: Incineroar
|-damage|p2a: Incineroar|0 fnt
|faint|p2a: Incineroar
|-damage|p1b: Garchomp|91/100|[from] item: Life Orb
|
|upkeep
|
|t:|1754697040
|switch|p1a: Sneasler|Sneasler, L50, F, shiny|100/100
|switch|p2a: Volcarona|Volcarona, L50, F, shiny|100/100
|turn|3
|
|t:|1754697073
|move|p2b: Sneasler|Coaching|p2a: Volcarona
|-boost|p2a: Volcarona|atk|1
|-boost|p2a: Volcarona|def|1
|move|p1a: Sneasler|Dire Claw|p2a: Volcarona
|-damage|p2a: Volcarona|68/100
|-status|p1a: Sneasler|brn|[from] ability: Flame Body|[of] p2a: Volcarona
|move|p1b: Garchomp|Dragon Claw|p2a: Volcarona
|-crit|p2a: Volcarona
|-damage|p2a: Volcarona|0 fnt
|-status|p1b: Garchomp|brn|[from] ability: Flame Body|[of] p2a: Volcarona
|faint|p2a: Volcarona
|-damage|p1b: Garchomp|81/100 brn|[from] item: Life Orb
|
|-damage|p1a: Sneasler|94/100 brn|[from] brn
|-damage|p1b: Garchomp|75/100 brn|[from] brn
|upkeep
|
|t:|1754697119
|switch|p2a: Archaludon|Archaludon, L50, M, shiny|100/100
|turn|4
|
|t:|1754697135
|-terastallize|p2b: Sneasler|Stellar
|move|p1a: Sneasler|Protect|p1a: Sneasler
|-singleturn|p1a: Sneasler|Protect
|move|p2b: Sneasler|Close Combat|p1b: Garchomp
|-damage|p1b: Garchomp|0 fnt
|-unboost|p2b: Sneasler|def|1
|-unboost|p2b: Sneasler|spd|1
|-damage|p2b: Sneasler|88/100|[from] ability: Rough Skin|[of] p1b: Garchomp
|faint|p1b: Garchomp
|move|p2a: Archaludon|Electro Shot||[still]
|-prepare|p2a: Archaludon|Electro Shot
|-boost|p2a: Archaludon|spa|1
|-enditem|p2a: Archaludon|Power Herb
|-anim|p2a: Archaludon|Electro Shot|p1a: Sneasler
|-activate|p1a: Sneasler|move: Protect
|
|-damage|p1a: Sneasler|88/100 brn|[from] brn
|upkeep
|
|t:|1754697162
|switch|p1b: Gholdengo|Gholdengo, L50, shiny|100/100
|turn|5
|
|t:|1754697195
|move|p2b: Sneasler|Close Combat|p1a: Sneasler
|-resisted|p1a: Sneasler
|-damage|p1a: Sneasler|39/100 brn
|-unboost|p2b: Sneasler|def|1
|-unboost|p2b: Sneasler|spd|1
|move|p1a: Sneasler|Close Combat|p2a: Archaludon
|-supereffective|p2a: Archaludon
|-damage|p2a: Archaludon|51/100
|-unboost|p1a: Sneasler|def|1
|-unboost|p1a: Sneasler|spd|1
|-enditem|p1a: Sneasler|White Herb
|-clearnegativeboost|p1a: Sneasler|[silent]
|move|p1b: Gholdengo|Shadow Ball|p2a: Archaludon
|-damage|p2a: Archaludon|0 fnt
|faint|p2a: Archaludon
|
|-damage|p1a: Sneasler|32/100 brn|[from] brn
|upkeep
|turn|6
|
|t:|1754697211
|move|p1a: Sneasler|Dire Claw|p2b: Sneasler
|-resisted|p2b: Sneasler
|-damage|p2b: Sneasler|47/100
|-status|p2b: Sneasler|par
|move|p1b: Gholdengo|Shadow Ball|p2b: Sneasler
|-damage|p2b: Sneasler|0 fnt
|faint|p2b: Sneasler
|
|win|RICHARDHAVOC
|raw|RICHARDHAVOC's rating: 1303 → 1322(+19 for winning)
|raw|Cyberman152's rating: 1283 → 1259(-24 for losing)
