|j|☆Albe_AP
|j|☆gundot
|html|Albe_APgundot    
|uhtml|bestof|Game 1 of a best-of-3
|t:|1783510844
|gametype|doubles
|player|p1|Albe_AP|265|1212
|player|p2|gundot|169|1197
|gen|9
|tier|[Gen 9 Champions] VGC 2026 Reg M-B (Bo3)
|rated|
|rule|Species Clause: Limit one of each Pokémon
|rule|Item Clause: Limit 1 of each item
|clearpoke
|poke|p1|Blaziken, L50, F|
|poke|p1|Kingambit, L50, F|
|poke|p1|Tsareena, L50, F|
|poke|p1|Ninetales-Alola, L50, M|
|poke|p1|Basculegion, L50, M|
|poke|p1|Raichu, L50, M|
|poke|p2|Charizard, L50, F, shiny|
|poke|p2|Whimsicott, L50, F|
|poke|p2|Farigiraf, L50, F, shiny|
|poke|p2|Garchomp, L50, M|
|poke|p2|Mawile, L50, F, shiny|
|poke|p2|Basculegion, L50, M|
|teampreview|4
|showteam|p1|Blaziken||Blazikenite|SpeedBoost|FlareBlitz,CloseCombat,RockSlide,Protect|Adamant||F|||50|]Kingambit||LifeOrb|Defiant|KowtowCleave,SuckerPunch,IronHead,Protect|Adamant||F|||50|]Tsareena||WideLens|QueenlyMajesty|PowerWhip,TripleAxel,Uturn,Taunt|Adamant||F|||50|]Ninetales-Alola||FocusSash|SnowWarning|Blizzard,FreezeDry,Encore,Protect|Timid||M|||50|]Basculegion||ChoiceScarf|Adaptability|WaveCrash,LastRespects,FlipTurn,AquaJet|Jolly||M|||50|]Raichu||RaichuniteY|LightningRod|VoltSwitch,ZapCannon,FocusBlast,FakeOut|Timid||M|||50|
|showteam|p2|Charizard||CharizarditeY|SolarPower|HeatWave,WeatherBall,SolarBeam,Protect|Modest||F|||50|]Whimsicott||FocusSash|Prankster|Moonblast,Tailwind,Encore,Protect|Timid||F|||50|]Farigiraf||SitrusBerry|ArmorTail|Psychic,Thunderbolt,TrickRoom,HelpingHand|Modest||F|||50|]Garchomp||LifeOrb|RoughSkin|Earthquake,DragonClaw,RockSlide,Protect|Jolly||M|||50|]Mawile||Mawilite|HyperCutter|PlayRough,RockSlide,SuckerPunch,Protect|Adamant||F|||50|]Basculegion||MysticWater|Adaptability|WaveCrash,AquaJet,LastRespects,Protect|Adamant||M|||50|
|inactive|Battle timer is ON: inactive players will automatically lose when time's up. (requested by gundot)
|inactive|Albe_AP has 60 seconds left.
|inactive|gundot has 60 seconds left.
|inactive|Albe_AP has 30 seconds left.
|inactive|Albe_AP has 20 seconds left.
|
|t:|1783510918
|teamsize|p1|4
|teamsize|p2|4
|start
|switch|p1a: Peace Walker|Tsareena, L50, F|100/100
|switch|p1b: Mk II|Raichu, L50, M|100/100
|switch|p2a: Charizard|Charizard, L50, F, shiny|100/100
|switch|p2b: Whimsicott|Whimsicott, L50, F|100/100
|turn|1
|inactive|Albe_AP has 30 seconds left.
|inactive|Albe_AP has 20 seconds left.
|
|t:|1783510957
|detailschange|p1b: Mk II|Raichu-Mega-Y, L50, M
|-mega|p1b: Mk II|Raichu|Raichunite Y
|move|p2b: Whimsicott|Protect|p2b: Whimsicott
|-singleturn|p2b: Whimsicott|Protect
|move|p2a: Charizard|Protect|p2a: Charizard
|-singleturn|p2a: Charizard|Protect
|move|p1b: Mk II|Fake Out|p2a: Charizard
|-activate|p2a: Charizard|move: Protect
|move|p1a: Peace Walker|Triple Axel|p2b: Whimsicott
|-activate|p2b: Whimsicott|move: Protect
|
|upkeep
|turn|2
|
|t:|1783510978
|switch|p1a: Shagohod|Basculegion, L50, M|100/100
|detailschange|p2a: Charizard|Charizard-Mega-Y, L50, F, shiny
|-mega|p2a: Charizard|Charizard|Charizardite Y
|-weather|SunnyDay|[from] ability: Drought|[of] p2a: Charizard
|move|p2b: Whimsicott|Tailwind|p2b: Whimsicott
|-sidestart|p2: gundot|move: Tailwind
|move|p2a: Charizard|Heat Wave|p1b: Mk II|[spread] p1a,p1b
|-resisted|p1a: Shagohod|1
|-damage|p1a: Shagohod|64/100
|-damage|p1b: Mk II|3/100
|move|p1b: Mk II|Zap Cannon|p2a: Charizard
|-supereffective|p2a: Charizard|1
|-damage|p2a: Charizard|0 fnt
|faint|p2a: Charizard
|
|-weather|SunnyDay|[upkeep]
|upkeep
|inactive|gundot has 30 seconds left.
|inactive|gundot has 20 seconds left.
|inactive|gundot has 15 seconds left.
|inactive|gundot has 10 seconds left.
|inactive|gundot has 5 seconds left.
|
|t:|1783511032
|switch|p2a: Basculegion|Basculegion, L50, M|100/100
|turn|3
|
|t:|1783511052
|switch|p1a: Peace Walker|Tsareena, L50, F|100/100
|move|p2b: Whimsicott|Moonblast|p1b: Mk II
|-damage|p1b: Mk II|0 fnt
|faint|p1b: Mk II
|move|p2a: Basculegion|Last Respects|p1a: Peace Walker
|-damage|p1a: Peace Walker|32/100
|
|-weather|SunnyDay|[upkeep]
|upkeep
|
|t:|1783511060
|switch|p1b: Ray|Ninetales-Alola, L50, M|100/100
|-weather|Snowscape|[from] ability: Snow Warning|[of] p1b: Ray
|turn|4
|inactive|gundot has 30 seconds left.
|inactive|gundot has 20 seconds left.
|inactive|gundot has 15 seconds left.
|inactive|gundot has 10 seconds left.
|
|t:|1783511108
|move|p2b: Whimsicott|Moonblast|p1b: Ray
|-damage|p1b: Ray|59/100
|move|p2a: Basculegion|Last Respects|p1a: Peace Walker
|-damage|p1a: Peace Walker|0 fnt
|faint|p1a: Peace Walker
|move|p1b: Ray|Freeze-Dry|p2a: Basculegion
|-supereffective|p2a: Basculegion|1
|-damage|p2a: Basculegion|36/100
|
|-weather|Snowscape|[upkeep]
|upkeep
|
|t:|1783511116
|switch|p1a: Shagohod|Basculegion, L50, M|64/100
|turn|5
|inactive|Albe_AP has 30 seconds left.
|
|t:|1783511151
|move|p2b: Whimsicott|Protect|p2b: Whimsicott
|-singleturn|p2b: Whimsicott|Protect
|move|p2a: Basculegion|Protect|p2a: Basculegion
|-singleturn|p2a: Basculegion|Protect
|move|p1a: Shagohod|Last Respects|p2a: Basculegion
|-activate|p2a: Basculegion|move: Protect
|move|p1b: Ray|Blizzard|p2a: Basculegion|[spread] 
|-activate|p2a: Basculegion|move: Protect
|-activate|p2b: Whimsicott|move: Protect
|
|-weather|Snowscape|[upkeep]
|-sideend|p2: gundot|move: Tailwind
|upkeep
|turn|6
|
|t:|1783511166
|move|p2b: Whimsicott|Tailwind|p2b: Whimsicott
|-sidestart|p2: gundot|move: Tailwind
|move|p2a: Basculegion|Last Respects|p1a: Shagohod
|-supereffective|p1a: Shagohod|1
|-damage|p1a: Shagohod|0 fnt
|faint|p1a: Shagohod
|move|p1b: Ray|Blizzard|p2a: Basculegion|[spread] p2a,p2b
|-resisted|p2a: Basculegion|1
|-supereffective|p2b: Whimsicott|1
|-damage|p2a: Basculegion|18/100
|-enditem|p2b: Whimsicott|Focus Sash
|-damage|p2b: Whimsicott|1/100
|-status|p2b: Whimsicott|frz
|
|-weather|Snowscape|[upkeep]
|upkeep
|turn|7
|inactive|Albe_AP has 30 seconds left.
|inactive|Albe_AP has 20 seconds left.
|inactive|Albe_AP has 15 seconds left.
|inactive|Albe_AP has 10 seconds left.
|inactive|Albe_AP has 5 seconds left.
|
|t:|1783511221
|cant|p2b: Whimsicott|frz
|move|p2a: Basculegion|Last Respects|p1b: Ray
|-damage|p1b: Ray|0 fnt
|faint|p1b: Ray
|
|win|gundot
