|j|☆DragonairJordan23
|j|☆FoulScowl
|html|DragonairJordan23FoulScowl    
|uhtml|bestof|Game 3 of a best-of-3
|t:|1785824017
|gametype|doubles
|player|p1|DragonairJordan23|dancer|1170
|player|p2|FoulScowl|grimsley|1168
|gen|9
|tier|[Gen 9 Champions] VGC 2026 Reg M-B (Bo3)
|rated|
|rule|Species Clause: Limit one of each Pokémon
|rule|Item Clause: Limit 1 of each item
|clearpoke
|poke|p1|Grimmsnarl, L50, M|
|poke|p1|Slowbro, L50, F|
|poke|p1|Glimmora, L50, M|
|poke|p1|Sinistcha, L50|
|poke|p1|Blaziken, L50, M|
|poke|p1|Kingambit, L50, F|
|poke|p2|Scrafty, L50, M|
|poke|p2|Delphox, L50, F|
|poke|p2|Sinistcha, L50|
|poke|p2|Rotom-Wash, L50|
|poke|p2|Metagross, L50|
|poke|p2|Ninetales-Alola, L50, F|
|teampreview|4
|showteam|p1|Grimmsnarl||LightClay|Prankster|FoulPlay,LightScreen,Reflect,PartingShot|Careful||M|||50|]Slowbro||Slowbronite|Regenerator|SlackOff,StoredPower,Scald,CalmMind|Relaxed||F|||50|]Glimmora||SitrusBerry|ToxicDebris|MortalSpin,PowerGem,EarthPower,SludgeBomb|Modest||M|||50|]Sinistcha||KasibBerry|Hospitality|Protect,MatchaGotcha,RagePowder,TrickRoom|Relaxed|||||50|]Blaziken||Blazikenite|SpeedBoost|CloseCombat,FlareBlitz,RockSlide,Protect|Adamant||M|||50|]Kingambit||FocusSash|Defiant|SuckerPunch,KowtowCleave,Protect,IronHead|Adamant||F|||50|
|showteam|p2|Scrafty||Scraftinite|Intimidate|KnockOff,DrainPunch,FakeOut,Detect|Adamant||M|||50|]Delphox||Delphoxite|Blaze|HeatWave,Psyshock,NastyPlot,Protect|Timid||F|||50|]Sinistcha||KasibBerry|Hospitality|MatchaGotcha,RagePowder,LifeDew,Protect|Sassy|||||50|]Rotom-Wash||ChoiceScarf|Levitate|HydroPump,Electroweb,WillOWisp,VoltSwitch|Modest|||||50|]Metagross||LifeOrb|ClearBody|MeteorMash,BulletPunch,RockTomb,Protect|Jolly|||||50|]Ninetales-Alola||NeverMeltIce|SnowWarning|Blizzard,FreezeDry,Moonblast,Protect|Timid||F|||50|
|
|t:|1785824040
|teamsize|p1|4
|teamsize|p2|4
|start
|switch|p1a: Glimmora|Glimmora, L50, M|100/100
|switch|p1b: Sinistcha|Sinistcha, L50|100/100
|switch|p2a: Delphox|Delphox, L50, F|100/100
|switch|p2b: Rotom|Rotom-Wash, L50|100/100
|turn|1
|
|t:|1785824076
|detailschange|p2a: Delphox|Delphox-Mega, L50, F
|-mega|p2a: Delphox|Delphox|Delphoxite
|move|p2b: Rotom|Hydro Pump|p1a: Glimmora|[miss]
|-miss|p2b: Rotom|p1a: Glimmora
|move|p2a: Delphox|Nasty Plot|p2a: Delphox
|-boost|p2a: Delphox|spa|2
|move|p1a: Glimmora|Power Gem|p2a: Delphox
|-supereffective|p2a: Delphox|1
|-damage|p2a: Delphox|39/100
|move|p1b: Sinistcha|Trick Room|p1b: Sinistcha
|-fieldstart|move: Trick Room|[of] p1b: Sinistcha
|
|upkeep
|turn|2
|
|t:|1785824089
|switch|p2b: Scrafty|Scrafty, L50, M|100/100
|-ability|p2b: Scrafty|Intimidate|boost
|-unboost|p1a: Glimmora|atk|1
|-unboost|p1b: Sinistcha|atk|1
|move|p2a: Delphox|Protect|p2a: Delphox
|-singleturn|p2a: Delphox|Protect
|move|p1b: Sinistcha|Matcha Gotcha|p2a: Delphox|[spread] p2b
|-activate|p2a: Delphox|move: Protect
|-damage|p2b: Scrafty|81/100
|move|p1a: Glimmora|Mortal Spin|p2b: Scrafty|[spread] p2b
|-activate|p2a: Delphox|move: Protect
|-damage|p2b: Scrafty|79/100
|-status|p2b: Scrafty|psn
|
|-damage|p2b: Scrafty|67/100 psn|[from] psn
|upkeep
|turn|3
|
|t:|1785824105
|move|p1b: Sinistcha|Protect|p1b: Sinistcha
|-singleturn|p1b: Sinistcha|Protect
|move|p2b: Scrafty|Fake Out|p1a: Glimmora
|-resisted|p1a: Glimmora|1
|-damage|p1a: Glimmora|94/100
|-activate|p1a: Glimmora|ability: Toxic Debris
|-sidestart|p2: FoulScowl|move: Toxic Spikes
|cant|p1a: Glimmora|flinch
|move|p2a: Delphox|Heat Wave|p1a: Glimmora|[spread] 
|-activate|p1b: Sinistcha|move: Protect
|-miss|p2a: Delphox|p1a: Glimmora
|
|-damage|p2b: Scrafty|55/100 psn|[from] psn
|upkeep
|turn|4
|
|t:|1785824116
|move|p2b: Scrafty|Drain Punch|p1a: Glimmora
|-damage|p1a: Glimmora|65/100
|-heal|p2b: Scrafty|71/100 psn|[from] drain|[of] p1a: Glimmora
|-activate|p1a: Glimmora|ability: Toxic Debris
|-sidestart|p2: FoulScowl|move: Toxic Spikes
|move|p1b: Sinistcha|Matcha Gotcha|p2a: Delphox|[spread] p2b
|-miss|p1b: Sinistcha|p2a: Delphox
|-damage|p2b: Scrafty|50/100g psn
|move|p1a: Glimmora|Power Gem|p2a: Delphox
|-supereffective|p2a: Delphox|1
|-damage|p2a: Delphox|0 fnt
|faint|p2a: Delphox
|
|-damage|p2b: Scrafty|38/100 psn|[from] psn
|upkeep
|
|t:|1785824128
|switch|p2a: Rotom|Rotom-Wash, L50|100/100
|turn|5
|
|t:|1785824133
|switch|p2a: Sinistcha|Sinistcha, L50|100/100
|-status|p2a: Sinistcha|tox
|-heal|p2b: Scrafty|63/100 psn|[from] ability: Hospitality|[of] p2a: Sinistcha
|move|p2b: Scrafty|Knock Off|p1b: Sinistcha
|-supereffective|p1b: Sinistcha|1
|-damage|p1b: Sinistcha|38/100
|-enditem|p1b: Sinistcha|Kasib Berry|[from] move: Knock Off|[of] p2b: Scrafty
|move|p1b: Sinistcha|Matcha Gotcha|p2a: Sinistcha|[spread] p2a,p2b
|-resisted|p2a: Sinistcha|1
|-damage|p2a: Sinistcha|89/100 tox
|-heal|p1b: Sinistcha|43/100|[from] drain|[of] p2a: Sinistcha
|-damage|p2b: Scrafty|44/100 psn
|-heal|p1b: Sinistcha|53/100|[from] drain|[of] p2b: Scrafty
|move|p1a: Glimmora|Mortal Spin|p2b: Scrafty|[spread] p2a,p2b
|-damage|p2a: Sinistcha|87/100 tox
|-damage|p2b: Scrafty|40/100 psn
|
|-damage|p2a: Sinistcha|80/100 tox|[from] psn
|-damage|p2b: Scrafty|28/100 psn|[from] psn
|-fieldend|move: Trick Room
|upkeep
|turn|6
|
|t:|1785824153
|move|p1b: Sinistcha|Protect|p1b: Sinistcha
|-singleturn|p1b: Sinistcha|Protect
|move|p1a: Glimmora|Sludge Bomb|p2a: Sinistcha
|-damage|p2a: Sinistcha|45/100 tox
|move|p2b: Scrafty|Knock Off|p1a: Glimmora
|-damage|p1a: Glimmora|29/100
|-enditem|p1a: Glimmora|Sitrus Berry|[from] move: Knock Off|[of] p2b: Scrafty
|move|p2a: Sinistcha|Matcha Gotcha|p1a: Glimmora|[spread] p1a
|-activate|p1b: Sinistcha|move: Protect
|-damage|p1a: Glimmora|1/100
|-heal|p2a: Sinistcha|61/100 tox|[from] drain|[of] p1a: Glimmora
|
|-damage|p2a: Sinistcha|48/100 tox|[from] psn
|-damage|p2b: Scrafty|16/100 psn|[from] psn
|upkeep
|turn|7
|
|t:|1785824165
|move|p1a: Glimmora|Sludge Bomb|p2a: Sinistcha
|-damage|p2a: Sinistcha|13/100 tox
|move|p2a: Sinistcha|Matcha Gotcha|p1a: Glimmora|[spread] p1a,p1b
|-resisted|p1b: Sinistcha|1
|-damage|p1a: Glimmora|0 fnt
|-heal|p2a: Sinistcha|14/100 tox|[from] drain|[of] p1a: Glimmora
|-damage|p1b: Sinistcha|41/100
|-heal|p2a: Sinistcha|20/100y tox|[from] drain|[of] p1b: Sinistcha
|faint|p1a: Glimmora
|move|p1b: Sinistcha|Matcha Gotcha|p2a: Sinistcha|[spread] p2a,p2b
|-resisted|p2a: Sinistcha|1
|-crit|p2b: Scrafty
|-damage|p2a: Sinistcha|8/100 tox
|-heal|p1b: Sinistcha|47/100|[from] drain|[of] p2a: Sinistcha
|-damage|p2b: Scrafty|0 fnt
|-heal|p1b: Sinistcha|55/100|[from] drain|[of] p2b: Scrafty
|faint|p2b: Scrafty
|
|-damage|p2a: Sinistcha|0 fnt|[from] psn
|faint|p2a: Sinistcha
|upkeep
|
|t:|1785824177
|switch|p1a: Blaziken|Blaziken, L50, M|100/100
|switch|p2a: Rotom|Rotom-Wash, L50|100/100
|turn|8
|-message|FoulScowl forfeited.
|
|win|DragonairJordan23
|raw|DragonairJordan23's rating: 1170 → 1195(+25 for winning)
|raw|FoulScowl's rating: 1168 → 1143(-25 for losing)
