|j|☆Alysonz
|j|☆nillythekid
|html|Alysonznillythekid    
|uhtml|bestof|Game 1 of a best-of-3
|t:|1782566913
|gametype|doubles
|player|p1|Alysonz|266|1079
|player|p2|nillythekid|hiker-gen4|1055
|gen|9
|tier|[Gen 9 Champions] VGC 2026 Reg M-B (Bo3)
|rated|
|rule|Species Clause: Limit one of each Pokémon
|rule|Item Clause: Limit 1 of each item
|clearpoke
|poke|p1|Pelipper, L50, M|
|poke|p1|Basculegion, L50, M|
|poke|p1|Whimsicott, L50, M|
|poke|p1|Scizor, L50, M|
|poke|p1|Dragonite, L50, F|
|poke|p1|Sceptile, L50, F|
|poke|p2|Sinistcha, L50|
|poke|p2|Incineroar, L50, M|
|poke|p2|Milotic, L50, M|
|poke|p2|Raichu, L50, M|
|poke|p2|Floette-Eternal, L50, F|
|poke|p2|Ceruledge, L50, F|
|teampreview|4
|showteam|p1|Pelipper||DampRock|Drizzle|Protect,Surf,Hurricane,IceBeam|Modest||M|||50|]Basculegion||LifeOrb|SwiftSwim|AquaJet,Protect,WaveCrash,LastRespects|Adamant||M|||50|]Whimsicott||FocusSash|Prankster|Encore,Tailwind,Taunt,DazzlingGleam|Timid||M|||50|]Scizor||Scizorite|Technician|BugBite,BulletPunch,CloseCombat,Protect|Adamant||M|||50|]Dragonite||Dragoninite|Multiscale|Thunder,RockSlide,Hurricane,Haze|Naive||F|||50|]Sceptile||WhiteHerb|Unburden|LeafStorm,EarthPower,DragonPulse,Protect|Modest||F|||50|
|showteam|p2|Sinistcha||KasibBerry|Hospitality|MatchaGotcha,LifeDew,RagePowder,Protect|Relaxed|||||50|]Incineroar||SitrusBerry|Intimidate|FlareBlitz,ThroatChop,FakeOut,PartingShot|Impish||M|||50|]Milotic||Leftovers|Competitive|MuddyWater,Coil,Hypnosis,Protect|Calm||M|||50|]Raichu||RaichuniteY|LightningRod|ZapCannon,FocusBlast,FakeOut,Protect|Timid||M|||50|]Floette-Eternal||Floettite|FlowerVeil|DazzlingGleam,DrainingKiss,CalmMind,Protect|Timid||F|||50|]Ceruledge||ColburBerry|FlashFire|BitterBlade,ShadowSneak,BulkUp,Protect|Adamant||F|||50|
|j| mercsp
|
|t:|1782566959
|teamsize|p1|4
|teamsize|p2|4
|start
|switch|p1a: Echidna|Whimsicott, L50, M|100/100
|switch|p1b: Dragonite|Dragonite, L50, F|100/100
|switch|p2a: Incineroar|Incineroar, L50, M|100/100
|switch|p2b: Floette|Floette-Eternal, L50, F|100/100
|-ability|p2a: Incineroar|Intimidate|boost
|-unboost|p1a: Echidna|atk|1
|-unboost|p1b: Dragonite|atk|1
|turn|1
|
|t:|1782566978
|switch|p1b: Scizor|Scizor, L50, M|100/100
|detailschange|p2b: Floette|Floette-Mega, L50, F
|-mega|p2b: Floette|Floette|Floettite
|-ability|p2b: Floette|Fairy Aura
|move|p2a: Incineroar|Fake Out|p1b: Scizor
|-resisted|p1b: Scizor|1
|-damage|p1b: Scizor|94/100
|move|p1a: Echidna|Tailwind|p1a: Echidna
|-sidestart|p1: Alysonz|move: Tailwind
|move|p2b: Floette|Dazzling Gleam|p1b: Scizor|[spread] p1a,p1b
|-resisted|p1b: Scizor|1
|-damage|p1a: Echidna|38/100
|-damage|p1b: Scizor|72/100
|
|upkeep
|turn|2
|
|t:|1782567006
|switch|p2b: Milotic|Milotic, L50, M|100/100
|move|p1b: Scizor|Protect|p1b: Scizor
|-singleturn|p1b: Scizor|Protect
|move|p1a: Echidna|Dazzling Gleam|p2a: Incineroar|[spread] p2a,p2b
|-damage|p2a: Incineroar|80/100
|-damage|p2b: Milotic|83/100
|move|p2a: Incineroar|Flare Blitz|p1b: Scizor
|-activate|p1b: Scizor|move: Protect
|
|-heal|p2b: Milotic|89/100|[from] item: Leftovers
|upkeep
|turn|3
|
|t:|1782567046
|switch|p1a: Dragonite|Dragonite, L50, F|100/100
|switch|p2a: Sinistcha|Sinistcha, L50|100/100
|-heal|p2b: Milotic|100/100|[from] ability: Hospitality|[of] p2a: Sinistcha
|detailschange|p1b: Scizor|Scizor-Mega, L50, M
|-mega|p1b: Scizor|Scizor|Scizorite
|move|p1b: Scizor|Close Combat|p2a: Sinistcha
|-immune|p2a: Sinistcha
|move|p2b: Milotic|Muddy Water|p1a: Dragonite|[spread] p1a,p1b
|-resisted|p1a: Dragonite|1
|-damage|p1a: Dragonite|94/100
|-damage|p1b: Scizor|49/100
|-unboost|p1a: Dragonite|accuracy|1
|
|upkeep
|turn|4
|
|t:|1782567075
|switch|p1b: Betelgeulse|Pelipper, L50, M|100/100
|-weather|RainDance|[from] ability: Drizzle|[of] p1b: Betelgeulse
|switch|p2b: Incineroar|Incineroar, L50, M|80/100
|-ability|p2b: Incineroar|Intimidate|boost
|-unboost|p1a: Dragonite|atk|1
|-unboost|p1b: Betelgeulse|atk|1
|move|p2a: Sinistcha|Protect|p2a: Sinistcha
|-singleturn|p2a: Sinistcha|Protect
|move|p1a: Dragonite|Thunder|p2b: Incineroar
|-damage|p2b: Incineroar|51/100
|
|-weather|RainDance|[upkeep]
|-sideend|p1: Alysonz|move: Tailwind
|upkeep
|turn|5
|
|t:|1782567103
|switch|p2a: Floette|Floette-Mega, L50, F|100/100
|-ability|p2a: Floette|Fairy Aura
|move|p2b: Incineroar|Fake Out|p1b: Betelgeulse
|-damage|p1b: Betelgeulse|85/100
|move|p1a: Dragonite|Haze|p1a: Dragonite
|-clearallboost
|cant|p1b: Betelgeulse|flinch
|
|-weather|RainDance|[upkeep]
|upkeep
|turn|6
|
|t:|1782567125
|move|p2a: Floette|Dazzling Gleam|p1b: Betelgeulse|[spread] p1a,p1b
|-supereffective|p1a: Dragonite|1
|-damage|p1a: Dragonite|17/100
|-damage|p1b: Betelgeulse|30/100
|move|p1a: Dragonite|Rock Slide|p2a: Floette|[spread] p2a,p2b
|-supereffective|p2b: Incineroar|1
|-damage|p2a: Floette|82/100
|-damage|p2b: Incineroar|25/100
|-enditem|p2b: Incineroar|Sitrus Berry|[eat]
|-heal|p2b: Incineroar|50/100g|[from] item: Sitrus Berry
|move|p1b: Betelgeulse|Hurricane|p2a: Floette
|-damage|p2a: Floette|37/100
|move|p2b: Incineroar|Parting Shot|p1a: Dragonite
|-unboost|p1a: Dragonite|atk|1
|-unboost|p1a: Dragonite|spa|1
|
|t:|1782567138
|switch|p2b: Sinistcha|Sinistcha, L50|100/100|[from] Parting Shot
|-heal|p2a: Floette|62/100|[from] ability: Hospitality|[of] p2b: Sinistcha
|
|-weather|RainDance|[upkeep]
|upkeep
|turn|7
|
|t:|1782567152
|switch|p1a: Scizor|Scizor-Mega, L50, M|49/100
|move|p2a: Floette|Dazzling Gleam|p1a: Scizor|[spread] p1a,p1b
|-resisted|p1a: Scizor|1
|-damage|p1a: Scizor|31/100
|-damage|p1b: Betelgeulse|0 fnt
|faint|p1b: Betelgeulse
|move|p2b: Sinistcha|Life Dew||[still]|[spread] p2a,p2b
|-heal|p2a: Floette|87/100
|-fail|p2b: Sinistcha|heal
|
|-weather|RainDance|[upkeep]
|upkeep
|
|t:|1782567163
|switch|p1b: Dragonite|Dragonite, L50, F|17/100
|turn|8
|
|t:|1782567182
|move|p2b: Sinistcha|Rage Powder|p2b: Sinistcha
|-singleturn|p2b: Sinistcha|move: Rage Powder
|move|p1a: Scizor|Bullet Punch|p2b: Sinistcha
|-damage|p2b: Sinistcha|69/100
|move|p2a: Floette|Dazzling Gleam|p1a: Scizor|[spread] p1a,p1b
|-resisted|p1a: Scizor|1
|-supereffective|p1b: Dragonite|1
|-damage|p1a: Scizor|13/100
|-damage|p1b: Dragonite|0 fnt
|faint|p1b: Dragonite
|
|-weather|RainDance|[upkeep]
|upkeep
|-message|Alysonz forfeited.
|
|win|nillythekid
|l|☆Alysonz
|player|p1|
