|j|☆chaoskiwi
|j|☆Chewe_60111
|html|chaoskiwiChewe_60111    
|uhtml|bestof|Game 2 of a best-of-3
|t:|1783410804
|gametype|doubles
|player|p1|chaoskiwi|volkner|1150
|player|p2|Chewe_60111|266|1078
|gen|9
|tier|[Gen 9 Champions] VGC 2026 Reg M-B (Bo3)
|rated|
|rule|Species Clause: Limit one of each Pokémon
|rule|Item Clause: Limit 1 of each item
|clearpoke
|poke|p1|Swampert, L50, M|
|poke|p1|Pelipper, L50, M|
|poke|p1|Sinistcha, L50|
|poke|p1|Sableye, L50, F|
|poke|p1|Kingambit, L50, F|
|poke|p1|Garchomp, L50, F|
|poke|p2|Rotom-Wash, L50|
|poke|p2|Charizard, L50, F|
|poke|p2|Kingambit, L50, M|
|poke|p2|Sneasler, L50, M|
|poke|p2|Kangaskhan, L50, F|
|poke|p2|Sinistcha-Masterpiece, L50|
|teampreview|4
|showteam|p1|Swampert||Swampertite|Torrent|WaveCrash,HighHorsepower,IcePunch,Protect|Adamant||M|||50|]Pelipper||FocusSash|Drizzle|WeatherBall,Hurricane,WideGuard,Protect|Modest||M|||50|]Sinistcha||SitrusBerry|Hospitality|MatchaGotcha,ShadowBall,RagePowder,Imprison|Bold|||||50|]Sableye||Leftovers|Prankster|FoulPlay,LightScreen,RainDance,Encore|Impish||F|||50|]Kingambit||ChopleBerry|Defiant|KowtowCleave,SuckerPunch,IronHead,Protect|Brave||F|||50|]Garchomp||LifeOrb|RoughSkin|Earthquake,RockSlide,DragonClaw,Protect|Jolly||F|||50|
|showteam|p2|Rotom-Wash||SitrusBerry|Levitate|WillOWisp,Electroweb,LightScreen,HydroPump|Calm|||||50|]Charizard||CharizarditeY|Blaze|HeatWave,WeatherBall,SolarBeam,Protect|Modest||F|||50|]Kingambit||BlackGlasses|Defiant|KowtowCleave,SuckerPunch,SwordsDance,Protect|Adamant||M|||50|]Sneasler||FocusSash|PoisonTouch|FakeOut,DireClaw,CloseCombat,Coaching|Jolly||M|||50|]Kangaskhan||Kangaskhanite|Scrappy|FakeOut,DoubleEdge,DrainPunch,IcePunch|Adamant||F|||50|]Sinistcha-Masterpiece||Leftovers|Hospitality|MatchaGotcha,TrickRoom,RagePowder,Protect|Bold|||||50|
|inactive|Battle timer is ON: inactive players will automatically lose when time's up. (requested by chaoskiwi)
|inactive|Chewe_60111 has 60 seconds left.
|
|t:|1783410839
|teamsize|p1|4
|teamsize|p2|4
|start
|switch|p1a: Garchomp|Garchomp, L50, F|100/100
|switch|p1b: Swampert|Swampert, L50, M|100/100
|switch|p2a: Kangaskhan|Kangaskhan, L50, F|100/100
|switch|p2b: Sinistcha|Sinistcha-Masterpiece, L50|100/100
|turn|1
|inactive|Chewe_60111 has 30 seconds left.
|
|t:|1783410869
|detailschange|p2a: Kangaskhan|Kangaskhan-Mega, L50, F
|-mega|p2a: Kangaskhan|Kangaskhan|Kangaskhanite
|detailschange|p1b: Swampert|Swampert-Mega, L50, M
|-mega|p1b: Swampert|Swampert|Swampertite
|move|p1b: Swampert|Protect|p1b: Swampert
|-singleturn|p1b: Swampert|Protect
|move|p1a: Garchomp|Dragon Claw|p2b: Sinistcha
|-damage|p2b: Sinistcha|53/100
|-damage|p1a: Garchomp|90/100|[from] item: Life Orb
|move|p2a: Kangaskhan|Ice Punch|p1a: Garchomp
|-supereffective|p1a: Garchomp|2
|-damage|p1a: Garchomp|0 fnt
|-damage|p2a: Kangaskhan|87/100|[from] ability: Rough Skin|[of] p1a: Garchomp
|faint|p1a: Garchomp
|move|p2b: Sinistcha|Matcha Gotcha|p1b: Swampert
|-activate|p1b: Swampert|move: Protect
|
|-heal|p2b: Sinistcha|59/100|[from] item: Leftovers
|upkeep
|
|t:|1783410882
|switch|p1a: Sinistcha|Sinistcha, L50|100/100
|turn|2
|
|t:|1783410900
|move|p2a: Kangaskhan|Ice Punch|p1a: Sinistcha
|-supereffective|p1a: Sinistcha|1
|-damage|p1a: Sinistcha|52/100
|-supereffective|p1a: Sinistcha|1
|-damage|p1a: Sinistcha|42/100
|-enditem|p1a: Sinistcha|Sitrus Berry|[eat]
|-heal|p1a: Sinistcha|67/100|[from] item: Sitrus Berry
|-hitcount|p1a: Sinistcha|2
|move|p1b: Swampert|Wave Crash|p2a: Kangaskhan
|-damage|p2a: Kangaskhan|25/100
|-damage|p1b: Swampert|77/100|[from] Recoil
|move|p1a: Sinistcha|Imprison|p1a: Sinistcha
|-start|p1a: Sinistcha|move: Imprison
|cant|p2b: Sinistcha|move: Imprison|Matcha Gotcha
|
|-heal|p2b: Sinistcha|65/100|[from] item: Leftovers
|upkeep
|turn|3
|inactive|Chewe_60111 has 30 seconds left.
|inactive|chaoskiwi has 30 seconds left.
|inactive|Chewe_60111 has 20 seconds left.
|
|t:|1783410937
|switch|p2b: Charizard|Charizard, L50, F|100/100
|move|p2a: Kangaskhan|Ice Punch|p1a: Sinistcha
|-supereffective|p1a: Sinistcha|1
|-damage|p1a: Sinistcha|16/100
|-supereffective|p1a: Sinistcha|1
|-damage|p1a: Sinistcha|4/100
|-hitcount|p1a: Sinistcha|2
|move|p1b: Swampert|Ice Punch|p2b: Charizard
|-damage|p2b: Charizard|61/100
|move|p1a: Sinistcha|Matcha Gotcha|p2a: Kangaskhan|[spread] p2a
|-miss|p1a: Sinistcha|p2b: Charizard
|-crit|p2a: Kangaskhan
|-damage|p2a: Kangaskhan|0 fnt
|-heal|p1a: Sinistcha|18/100|[from] drain|[of] p2a: Kangaskhan
|faint|p2a: Kangaskhan
|
|upkeep
|
|t:|1783410961
|switch|p2a: Rotom|Rotom-Wash, L50|100/100
|turn|4
|inactive|chaoskiwi has 30 seconds left.
|
|t:|1783410993
|move|p2b: Charizard|Protect|p2b: Charizard
|-singleturn|p2b: Charizard|Protect
|move|p1a: Sinistcha|Rage Powder|p1a: Sinistcha
|-singleturn|p1a: Sinistcha|move: Rage Powder
|move|p2a: Rotom|Will-O-Wisp|p1a: Sinistcha
|-status|p1a: Sinistcha|brn
|move|p1b: Swampert|Wave Crash|p2a: Rotom
|-resisted|p2a: Rotom|1
|-damage|p2a: Rotom|60/100
|-damage|p1b: Swampert|66/100|[from] Recoil
|
|-damage|p1a: Sinistcha|12/100 brn|[from] brn
|upkeep
|turn|5
|inactive|Chewe_60111 has 30 seconds left.
|inactive|Chewe_60111 has 20 seconds left.
|inactive|Chewe_60111 has 15 seconds left.
|
|t:|1783411035
|switch|p2b: Sinistcha|Sinistcha-Masterpiece, L50|65/100
|-heal|p2a: Rotom|85/100|[from] ability: Hospitality|[of] p2b: Sinistcha
|move|p2a: Rotom|Hydro Pump|p1b: Swampert
|-damage|p1b: Swampert|34/100
|move|p1b: Swampert|Ice Punch|p2b: Sinistcha
|-supereffective|p2b: Sinistcha|1
|-damage|p2b: Sinistcha|11/100
|move|p1a: Sinistcha|Matcha Gotcha|p2b: Sinistcha|[spread] p2a,p2b
|-supereffective|p2a: Rotom|1
|-resisted|p2b: Sinistcha|1
|-damage|p2a: Rotom|47/100
|-heal|p1a: Sinistcha|29/100 brn|[from] drain|[of] p2a: Rotom
|-damage|p2b: Sinistcha|1/100
|-heal|p1a: Sinistcha|34/100 brn|[from] drain|[of] p2b: Sinistcha
|-enditem|p2a: Rotom|Sitrus Berry|[eat]
|-heal|p2a: Rotom|71/100|[from] item: Sitrus Berry
|
|-heal|p2b: Sinistcha|6/100|[from] item: Leftovers
|-damage|p1a: Sinistcha|28/100 brn|[from] brn
|upkeep
|turn|6
|inactive|chaoskiwi has 30 seconds left.
|inactive|Chewe_60111 has 30 seconds left.
|inactive|Chewe_60111 has 20 seconds left.
|inactive|chaoskiwi has 20 seconds left.
|inactive|Chewe_60111 has 15 seconds left.
|inactive|chaoskiwi has 15 seconds left.
|inactive|Chewe_60111 has 10 seconds left.
|inactive|chaoskiwi has 10 seconds left.
|inactive|Chewe_60111 has 5 seconds left.
|
|t:|1783411088
|move|p2b: Sinistcha|Protect|p2b: Sinistcha
|-singleturn|p2b: Sinistcha|Protect
|move|p2a: Rotom|Hydro Pump|p1b: Swampert|[miss]
|-miss|p2a: Rotom|p1b: Swampert
|move|p1b: Swampert|Wave Crash|p2a: Rotom
|-resisted|p2a: Rotom|1
|-damage|p2a: Rotom|32/100
|-damage|p1b: Swampert|23/100|[from] Recoil
|move|p1a: Sinistcha|Matcha Gotcha|p2b: Sinistcha|[spread] p2a
|-activate|p2b: Sinistcha|move: Protect
|-supereffective|p2a: Rotom|1
|-damage|p2a: Rotom|0 fnt
|-heal|p1a: Sinistcha|43/100 brn|[from] drain|[of] p2a: Rotom
|faint|p2a: Rotom
|
|-heal|p2b: Sinistcha|12/100|[from] item: Leftovers
|-damage|p1a: Sinistcha|37/100 brn|[from] brn
|upkeep
|
|t:|1783411105
|switch|p2a: Charizard|Charizard, L50, F|61/100
|turn|7
|
|t:|1783411124
|switch|p1a: Pelipper|Pelipper, L50, M|100/100
|-weather|RainDance|[from] ability: Drizzle|[of] p1a: Pelipper
|move|p2b: Sinistcha|Protect||[still]
|-fail|p2b: Sinistcha
|move|p1b: Swampert|Ice Punch|p2b: Sinistcha
|-supereffective|p2b: Sinistcha|1
|-damage|p2b: Sinistcha|0 fnt
|faint|p2b: Sinistcha
|move|p2a: Charizard|Heat Wave|p1b: Swampert|[spread] p1a,p1b
|-resisted|p1a: Pelipper|1
|-resisted|p1b: Swampert|1
|-damage|p1a: Pelipper|88/100
|-damage|p1b: Swampert|17/100
|
|-weather|RainDance|[upkeep]
|upkeep
|turn|8
|-message|Chewe_60111 forfeited.
|
|win|chaoskiwi
|raw|chaoskiwi's rating: 1150 → 1170(+20 for winning)
|raw|Chewe_60111's rating: 1078 → 1061(-17 for losing)
|l|☆Chewe_60111
|player|p2|
