|j|☆NightshadeAI
|j|☆znivs
|html|NightshadeAIznivs    
|uhtml|bestof|Game 1 of a best-of-3
|t:|1783493258
|gametype|doubles
|player|p1|NightshadeAI|265|1085
|player|p2|znivs|265|1076
|gen|9
|tier|[Gen 9 Champions] VGC 2026 Reg M-B (Bo3)
|rated|
|rule|Species Clause: Limit one of each Pokémon
|rule|Item Clause: Limit 1 of each item
|clearpoke
|poke|p1|Whimsicott, L50, F|
|poke|p1|Charizard, L50, F|
|poke|p1|Basculegion, L50, M|
|poke|p1|Garchomp, L50, M|
|poke|p1|Floette-Eternal, L50, F|
|poke|p1|Kingambit, L50, F|
|poke|p2|Meganium, L50, M|
|poke|p2|Aerodactyl, L50, F|
|poke|p2|Sableye, L50, M|
|poke|p2|Samurott-Hisui, L50, M|
|poke|p2|Aegislash, L50, F|
|poke|p2|Archaludon, L50, M|
|teampreview|4
|showteam|p1|Whimsicott||FocusSash|Prankster|Moonblast,Tailwind,Encore,Protect|Timid||F|||50|]Charizard||CharizarditeY|Blaze|WeatherBall,SolarBeam,HeatWave,Protect|Modest||F|||50|]Basculegion||MysticWater|Adaptability|LastRespects,WaveCrash,AquaJet,Protect|Adamant||M|||50|]Garchomp||LifeOrb|RoughSkin|DragonClaw,Earthquake,RockSlide,Protect|Adamant||M|||50|]Floette-Eternal||Floettite|FlowerVeil|DazzlingGleam,LightofRuin,Moonblast,Protect|Modest||F|||50|]Kingambit||ChopleBerry|Defiant|KowtowCleave,SuckerPunch,IronHead,LowKick|Adamant||F|||50|
|showteam|p2|Meganium||Meganiumite|LeafGuard|SolarBeam,DazzlingGleam,EarthPower,Protect|Calm||M|||50|]Aerodactyl||Aerodactylite|Unnerve|RockSlide,Protect,Tailwind,DualWingbeat|Jolly||F|||50|]Sableye||LightClay|Prankster|LightScreen,Reflect,RainDance,Encore|Bold||M|||50|]Samurott-Hisui||FocusSash|Sharpness|CeaselessEdge,AquaJet,RazorShell,Protect|Adamant||M|||50|]Aegislash||LifeOrb|StanceChange|SacredSword,ShadowSneak,KingsShield,IronHead|Adamant||F|||50|]Archaludon||Leftovers|Stamina|ElectroShot,Protect,DragonPulse,AuraSphere|Calm||M|||50|
|inactive|Battle timer is ON: inactive players will automatically lose when time's up. (requested by NightshadeAI)
|inactive|znivs has 60 seconds left.
|inactive|znivs has 30 seconds left.
|
|t:|1783493323
|teamsize|p1|4
|teamsize|p2|4
|start
|switch|p1a: Whimsicott|Whimsicott, L50, F|100/100
|switch|p1b: Charizard|Charizard, L50, F|100/100
|switch|p2a: Aerodactyl|Aerodactyl, L50, F|100/100
|switch|p2b: Aegislash|Aegislash, L50, F|100/100
|-ability|p2a: Aerodactyl|Unnerve
|turn|1
|inactive|znivs has 30 seconds left.
|inactive|znivs has 20 seconds left.
|inactive|znivs has 15 seconds left.
|
|t:|1783493366
|detailschange|p2a: Aerodactyl|Aerodactyl-Mega, L50, F
|-mega|p2a: Aerodactyl|Aerodactyl|Aerodactylite
|detailschange|p1b: Charizard|Charizard-Mega-Y, L50, F
|-mega|p1b: Charizard|Charizard|Charizardite Y
|-weather|SunnyDay|[from] ability: Drought|[of] p1b: Charizard
|move|p2b: Aegislash|King's Shield|p2b: Aegislash
|-singleturn|p2b: Aegislash|Protect
|move|p1a: Whimsicott|Tailwind|p1a: Whimsicott
|-sidestart|p1: NightshadeAI|move: Tailwind
|move|p1b: Charizard|Weather Ball|p2b: Aegislash
|-activate|p2b: Aegislash|move: Protect
|move|p2a: Aerodactyl|Dual Wingbeat|p1a: Whimsicott
|-supereffective|p1a: Whimsicott|1
|-damage|p1a: Whimsicott|31/100
|-supereffective|p1a: Whimsicott|1
|-damage|p1a: Whimsicott|0 fnt
|faint|p1a: Whimsicott
|-hitcount|p1: Whimsicott|2
|
|-weather|SunnyDay|[upkeep]
|upkeep
|
|t:|1783493366
|switch|p1a: Garchomp|Garchomp, L50, M|100/100
|turn|2
|inactive|znivs has 30 seconds left.
|inactive|znivs has 20 seconds left.
|
|t:|1783493406
|switch|p2b: Samurott|Samurott-Hisui, L50, M|100/100
|move|p2a: Aerodactyl|Protect|p2a: Aerodactyl
|-singleturn|p2a: Aerodactyl|Protect
|move|p1a: Garchomp|Rock Slide|p2a: Aerodactyl|[spread] p2b
|-activate|p2a: Aerodactyl|move: Protect
|-damage|p2b: Samurott|66/100
|-damage|p1a: Garchomp|90/100|[from] item: Life Orb
|move|p1b: Charizard|Weather Ball|p2b: Samurott
|-resisted|p2b: Samurott|1
|-damage|p2b: Samurott|0 fnt
|faint|p2b: Samurott
|
|-weather|SunnyDay|[upkeep]
|upkeep
|
|t:|1783493418
|switch|p2b: Aegislash|Aegislash, L50, F|100/100
|turn|3
|
|t:|1783493423
|move|p2b: Aegislash|King's Shield|p2b: Aegislash
|-singleturn|p2b: Aegislash|Protect
|move|p1a: Garchomp|Rock Slide|p2b: Aegislash|[spread] 
|-activate|p2b: Aegislash|move: Protect
|-miss|p1a: Garchomp|p2a: Aerodactyl
|move|p1b: Charizard|Weather Ball|p2b: Aegislash
|-activate|p2b: Aegislash|move: Protect
|move|p2a: Aerodactyl|Tailwind|p2a: Aerodactyl
|-sidestart|p2: znivs|move: Tailwind
|
|-weather|SunnyDay|[upkeep]
|upkeep
|turn|4
|
|t:|1783493444
|switch|p2b: Archaludon|Archaludon, L50, M|100/100
|move|p2a: Aerodactyl|Rock Slide|p1b: Charizard|[spread] p1b
|-miss|p2a: Aerodactyl|p1a: Garchomp
|-supereffective|p1b: Charizard|2
|-damage|p1b: Charizard|0 fnt
|faint|p1b: Charizard
|move|p1a: Garchomp|Rock Slide|p2b: Archaludon|[spread] p2a,p2b
|-supereffective|p2a: Aerodactyl|1
|-resisted|p2b: Archaludon|1
|-crit|p2b: Archaludon
|-damage|p2a: Aerodactyl|29/100
|-damage|p2b: Archaludon|85/100
|-ability|p2b: Archaludon|Stamina|boost
|-boost|p2b: Archaludon|def|1
|-damage|p1a: Garchomp|80/100|[from] item: Life Orb
|
|-weather|SunnyDay|[upkeep]
|-heal|p2b: Archaludon|92/100|[from] item: Leftovers
|-sideend|p1: NightshadeAI|move: Tailwind
|upkeep
|
|t:|1783493444
|switch|p1b: Basculegion|Basculegion, L50, M|100/100
|turn|5
|
|t:|1783493461
|switch|p2a: Aegislash|Aegislash, L50, F|100/100
|move|p1a: Garchomp|Protect|p1a: Garchomp
|-singleturn|p1a: Garchomp|Protect
|move|p1b: Basculegion|Protect|p1b: Basculegion
|-singleturn|p1b: Basculegion|Protect
|move|p2b: Archaludon|Dragon Pulse|p1a: Garchomp
|-activate|p1a: Garchomp|move: Protect
|
|-weather|none
|-heal|p2b: Archaludon|98/100|[from] item: Leftovers
|upkeep
|turn|6
|
|t:|1783493473
|move|p2a: Aegislash|King's Shield|p2a: Aegislash
|-singleturn|p2a: Aegislash|Protect
|move|p1b: Basculegion|Protect||[still]
|-fail|p1b: Basculegion
|move|p2b: Archaludon|Dragon Pulse|p1a: Garchomp
|-supereffective|p1a: Garchomp|1
|-damage|p1a: Garchomp|1/100
|move|p1a: Garchomp|Earthquake|p2b: Archaludon|[spread] p1b,p2b
|-activate|p2a: Aegislash|move: Protect
|-supereffective|p2b: Archaludon|1
|-damage|p1b: Basculegion|30/100
|-damage|p2b: Archaludon|45/100
|-ability|p2b: Archaludon|Stamina|boost
|-boost|p2b: Archaludon|def|1
|-damage|p1a: Garchomp|0 fnt|[from] item: Life Orb
|faint|p1a: Garchomp
|
|-heal|p2b: Archaludon|52/100|[from] item: Leftovers
|-sideend|p2: znivs|move: Tailwind
|upkeep
|turn|7
|
|t:|1783493481
|-formechange|p2a: Aegislash|Aegislash-Blade|
|move|p2a: Aegislash|Shadow Sneak|p1b: Basculegion
|-supereffective|p1b: Basculegion|1
|-damage|p1b: Basculegion|0 fnt
|faint|p1b: Basculegion
|-damage|p2a: Aegislash|90/100|[from] item: Life Orb
|
|win|znivs
|l|☆NightshadeAI
|player|p1|
||znivs is ready for game 2.
|inactive|NightshadeAI has 30 seconds to confirm battle start!
|inactive|NightshadeAI has 20 seconds to confirm battle start!
|inactive|NightshadeAI has 10 seconds to confirm battle start!
|uhtml|next|Next: Game 2 of 3
