|j|☆razorsharp01
|j|☆blayneh
|html|razorsharp01blayneh    
|uhtml|bestof|Game 1 of a best-of-3
|t:|1757045961
|gametype|doubles
|player|p1|razorsharp01|falkner|1144
|player|p2|blayneh|1|1030
|gen|9
|tier|[Gen 9] VGC 2025 Reg H (Bo3)
|rated|
|rule|Species Clause: Limit one of each Pokémon
|rule|Item Clause: Limit 1 of each item
|clearpoke
|poke|p1|Gothitelle, L50, F|
|poke|p1|Incineroar, L50, F|
|poke|p1|Amoonguss, L50, M|
|poke|p1|Politoed, L50, F|
|poke|p1|Archaludon, L50, F|
|poke|p1|Kingdra, L50, F|
|poke|p2|Murkrow, L50, F|
|poke|p2|Pelipper, L50, M|
|poke|p2|Archaludon, L50, F|
|poke|p2|Basculegion, L50, M|
|poke|p2|Electrode-Hisui, L50|
|poke|p2|Garchomp, L50, F|
|teampreview|4
|showteam|p1|Gothitelle||SitrusBerry|ShadowTag|FakeOut,Protect,Psychic,TrickRoom|||F|||50|,,,,,Dark]Incineroar||SafetyGoggles|Intimidate|Protect,KnockOff,FakeOut,PartingShot|||F|||50|,,,,,Ghost]Amoonguss||EjectButton|Regenerator|Spore,SludgeBomb,RagePowder,Protect|||M|||50|,,,,,Dark]Politoed||Leftovers|Drizzle|PerishSong,Encore,Protect,WeatherBall|||F|||50|,,,,,Water]Archaludon||PowerHerb|Stalwart|ElectroShot,FlashCannon,DracoMeteor,Protect|||F|||50|,,,,,Electric]Kingdra||LifeOrb|SwiftSwim|DracoMeteor,MuddyWater,Protect,WeatherBall|||F|||50|,,,,,Stellar
|showteam|p2|Murkrow||Eviolite|Prankster|Tailwind,Taunt,RainDance,FoulPlay|||F|||50|,,,,,Ghost]Pelipper||DampRock|Drizzle|Tailwind,Hurricane,WideGuard,Protect|||M|||50|,,,,,Grass]Archaludon||AssaultVest|Stamina|ElectroShot,FlashCannon,DracoMeteor,BodyPress|||F|||50|,,,,,Grass]Basculegion||ChoiceBand|SwiftSwim|WaveCrash,AquaJet,FlipTurn,PsychicFangs|||M|||50|,,,,,Water]Electrode-Hisui||LoadedDice|Aftermath|RainDance,Taunt,Thunder,BulletSeed||||||50|,,,,,Electric]Garchomp||LifeOrb|RoughSkin|EarthPower,DragonClaw,RockSlide,Protect|||F|||50|,,,,,Ground
|
|t:|1757046015
|teamsize|p1|4
|teamsize|p2|4
|start
|switch|p1a: Politoed|Politoed, L50, F|100/100
|switch|p1b: Gothitelle|Gothitelle, L50, F|100/100
|switch|p2a: Electrode|Electrode-Hisui, L50|100/100
|switch|p2b: Archaludon|Archaludon, L50, F|100/100
|-weather|RainDance|[from] ability: Drizzle|[of] p1a: Politoed
|turn|1
|
|t:|1757046049
|move|p1b: Gothitelle|Fake Out|p2b: Archaludon
|-resisted|p2b: Archaludon
|-damage|p2b: Archaludon|98/100
|-ability|p2b: Archaludon|Stamina|boost
|-boost|p2b: Archaludon|def|1
|move|p2a: Electrode|Bullet Seed|p2b: Archaludon
|-resisted|p2b: Archaludon
|-damage|p2b: Archaludon|98/100
|-ability|p2b: Archaludon|Stamina|boost
|-boost|p2b: Archaludon|def|1
|-resisted|p2b: Archaludon
|-damage|p2b: Archaludon|97/100
|-ability|p2b: Archaludon|Stamina|boost
|-boost|p2b: Archaludon|def|1
|-resisted|p2b: Archaludon
|-damage|p2b: Archaludon|97/100
|-ability|p2b: Archaludon|Stamina|boost
|-boost|p2b: Archaludon|def|1
|-resisted|p2b: Archaludon
|-damage|p2b: Archaludon|96/100
|-ability|p2b: Archaludon|Stamina|boost
|-boost|p2b: Archaludon|def|1
|-resisted|p2b: Archaludon
|-damage|p2b: Archaludon|96/100
|-ability|p2b: Archaludon|Stamina|boost
|-boost|p2b: Archaludon|def|1
|-hitcount|p2b: Archaludon|5
|cant|p2b: Archaludon|flinch
|move|p1a: Politoed|Perish Song|p1a: Politoed
|-start|p1a: Politoed|perish3|[silent]
|-start|p1b: Gothitelle|perish3|[silent]
|-start|p2a: Electrode|perish3|[silent]
|-start|p2b: Archaludon|perish3|[silent]
|-fieldactivate|move: Perish Song
|
|-weather|RainDance|[upkeep]
|-start|p2a: Electrode|perish3
|-start|p2b: Archaludon|perish3
|-start|p1a: Politoed|perish3
|-start|p1b: Gothitelle|perish3
|upkeep
|turn|2
|
|t:|1757046091
|switch|p1a: Kingdra|Kingdra, L50, F|100/100
|move|p1b: Gothitelle|Protect|p1b: Gothitelle
|-singleturn|p1b: Gothitelle|Protect
|move|p2a: Electrode|Taunt|p1b: Gothitelle
|-activate|p1b: Gothitelle|move: Protect
|move|p2b: Archaludon|Body Press|p1b: Gothitelle
|-activate|p1b: Gothitelle|move: Protect
|
|-weather|RainDance|[upkeep]
|-start|p2a: Electrode|perish2
|-start|p2b: Archaludon|perish2
|-start|p1b: Gothitelle|perish2
|upkeep
|turn|3
|
|t:|1757046111
|switch|p1b: Amoonguss|Amoonguss, L50, M|100/100
|move|p1a: Kingdra|Protect|p1a: Kingdra
|-singleturn|p1a: Kingdra|Protect
|move|p2a: Electrode|Thunder|p1a: Kingdra
|-activate|p1a: Kingdra|move: Protect
|move|p2b: Archaludon|Body Press|p1b: Amoonguss
|-resisted|p1b: Amoonguss
|-damage|p1b: Amoonguss|59/100
|-enditem|p1b: Amoonguss|Eject Button
|
|t:|1757046123
|switch|p1b: Gothitelle|Gothitelle, L50, F|100/100
|
|-weather|RainDance|[upkeep]
|-start|p2a: Electrode|perish1
|-start|p2b: Archaludon|perish1
|upkeep
|turn|4
|
|t:|1757046135
|move|p1b: Gothitelle|Fake Out|p2b: Archaludon
|-resisted|p2b: Archaludon
|-damage|p2b: Archaludon|95/100
|move|p1a: Kingdra|Muddy Water|p2b: Archaludon|[spread] p2a,p2b
|-resisted|p2a: Electrode
|-resisted|p2b: Archaludon
|-damage|p2a: Electrode|53/100
|-damage|p2b: Archaludon|71/100
|-damage|p1a: Kingdra|91/100|[from] item: Life Orb
|move|p2a: Electrode|Thunder|p1a: Kingdra
|-damage|p1a: Kingdra|38/100
|cant|p2b: Archaludon|flinch
|
|-weather|RainDance|[upkeep]
|-start|p2a: Electrode|perish0
|-start|p2b: Archaludon|perish0
|upkeep
|faint|p2a: Electrode
|faint|p2b: Archaludon
|
|t:|1757046152
|switch|p2a: Basculegion|Basculegion, L50, M|100/100
|switch|p2b: Garchomp|Garchomp, L50, F|100/100
|turn|5
|
|t:|1757046183
|move|p1b: Gothitelle|Protect|p1b: Gothitelle
|-singleturn|p1b: Gothitelle|Protect
|move|p2a: Basculegion|Psychic Fangs|p1b: Gothitelle
|-activate|p1b: Gothitelle|move: Protect
|move|p1a: Kingdra|Draco Meteor|p2b: Garchomp
|-supereffective|p2b: Garchomp
|-damage|p2b: Garchomp|0 fnt
|-unboost|p1a: Kingdra|spa|2
|faint|p2b: Garchomp
|-damage|p1a: Kingdra|28/100|[from] item: Life Orb
|
|-weather|none
|upkeep
|turn|6
|c|☆blayneh|forfeit
|
|t:|1757046208
|-terastallize|p1b: Gothitelle|Dark
|move|p2a: Basculegion|Psychic Fangs|p1b: Gothitelle
|-immune|p1b: Gothitelle
|move|p1a: Kingdra|Muddy Water|p2a: Basculegion
|-resisted|p2a: Basculegion
|-damage|p2a: Basculegion|87/100
|-unboost|p2a: Basculegion|accuracy|1
|-damage|p1a: Kingdra|18/100|[from] item: Life Orb
|move|p1b: Gothitelle|Psychic|p2a: Basculegion
|-damage|p2a: Basculegion|52/100
|
|upkeep
|turn|7
|
|t:|1757046225
|move|p2a: Basculegion|Psychic Fangs|p1a: Kingdra|[miss]
|-miss|p2a: Basculegion|p1a: Kingdra
|move|p1a: Kingdra|Draco Meteor|p2a: Basculegion
|-damage|p2a: Basculegion|12/100
|-unboost|p1a: Kingdra|spa|2
|-damage|p1a: Kingdra|8/100|[from] item: Life Orb
|move|p1b: Gothitelle|Psychic|p2a: Basculegion
|-damage|p2a: Basculegion|0 fnt
|faint|p2a: Basculegion
|
|win|razorsharp01
|inactive|razorsharp01 has 30 seconds to confirm battle start!
|inactive|blayneh has 30 seconds to confirm battle start!
||razorsharp01 is ready for game 2.
|l|☆blayneh
|player|p2|
|raw|razorsharp01's rating: 1144 → 1161(+17 for winning)
|raw|blayneh's rating: 1030 → 1020(-10 for losing)
