|j|☆exposniffer
|j|☆P!nkbearz07
|html|exposnifferP!nkbearz07    
|uhtml|bestof|Game 1 of a best-of-3
|t:|1757739382
|gametype|doubles
|player|p1|exposniffer|blue|1058
|player|p2|P!nkbearz07|marlon|1133
|gen|9
|tier|[Gen 9] VGC 2025 Reg H (Bo3)
|rated|
|rule|Species Clause: Limit one of each Pokémon
|rule|Item Clause: Limit 1 of each item
|clearpoke
|poke|p1|Dragonite, L50, M|
|poke|p1|Ninetales-Alola, L50, F|
|poke|p1|Annihilape, L50, M|
|poke|p1|Rillaboom, L50, M|
|poke|p1|Gholdengo, L50|
|poke|p1|Ursaluna-Bloodmoon, L50, M|
|poke|p2|Tyranitar, L50, F|
|poke|p2|Excadrill, L50, F|
|poke|p2|Empoleon, L50, F|
|poke|p2|Annihilape, L50, F|
|poke|p2|Gholdengo, L50|
|poke|p2|Hydreigon, L50, F|
|teampreview|4
|showteam|p1|Dragonite||LoadedDice|Multiscale|ScaleShot,ExtremeSpeed,Haze,Protect|||M|||50|,,,,,Fairy]Ninetales-Alola||LightClay|SnowWarning|IcicleSpear,AuroraVeil,Blizzard,IcyWind|||F|||50|,,,,,Ghost]Annihilape||SafetyGoggles|Defiant|RageFist,DrainPunch,BulkUp,Protect|||M|||50|,,,,,Fire]Rillaboom||MiracleSeed|GrassySurge|WoodHammer,GrassyGlide,FakeOut,Protect|||M|||50|,,,,,Grass]Gholdengo||LifeOrb|GoodasGold|MakeItRain,ShadowBall,NastyPlot,Protect||||||50|,,,,,Water]Ursaluna-Bloodmoon||AssaultVest|MindsEye|BloodMoon,HyperVoice,EarthPower,VacuumWave|||M|||50|,,,,,Ghost
|showteam|p2|Tyranitar||AssaultVest|SandStream|RockSlide,KnockOff,TeraBlast,LowKick|||F|||50|,,,,,Flying]Excadrill||FocusSash|SandRush|Earthquake,HighHorsepower,IronHead,Protect|||F|||50|,,,,,Ground]Empoleon||CovertCloak|Competitive|HydroPump,FlashCannon,IcyWind,Protect|||F|||50|,,,,,Grass]Annihilape||ChoiceScarf|Defiant|RageFist,CloseCombat,FinalGambit,Coaching|||F|||50|,,,,,Grass]Gholdengo||LifeOrb|GoodasGold|Protect,NastyPlot,ShadowBall,MakeItRain||||||50|,,,,,Steel]Hydreigon||ChoiceSpecs|Levitate|HeatWave,Snarl,DarkPulse,DracoMeteor|||F|||50|,,,,,Fire
|inactive|Battle timer is ON: inactive players will automatically lose when time's up. (requested by P!nkbearz07)
|
|t:|1757739411
|teamsize|p1|4
|teamsize|p2|4
|start
|switch|p1a: Dragonite|Dragonite, L50, M|100/100
|switch|p1b: Rillaboom|Rillaboom, L50, M|100/100
|switch|p2a: DK|Annihilape, L50, F|100/100
|switch|p2b: Richie Rich|Gholdengo, L50|100/100
|-fieldstart|move: Grassy Terrain|[from] ability: Grassy Surge|[of] p1b: Rillaboom
|turn|1
|inactive|exposniffer has 30 seconds left.
|
|t:|1757739437
|-terastallize|p1b: Rillaboom|Grass
|move|p1a: Dragonite|Protect|p1a: Dragonite
|-singleturn|p1a: Dragonite|Protect
|move|p2a: DK|Final Gambit|p1a: Dragonite
|-activate|p1a: Dragonite|move: Protect
|move|p2b: Richie Rich|Make It Rain|p1a: Dragonite|[spread] p1b
|-activate|p1a: Dragonite|move: Protect
|-damage|p1b: Rillaboom|27/100
|-unboost|p2b: Richie Rich|spa|1
|-damage|p2b: Richie Rich|91/100|[from] item: Life Orb
|move|p1b: Rillaboom|Wood Hammer|p2a: DK
|-crit|p2a: DK
|-damage|p2a: DK|0 fnt
|faint|p2a: DK
|-damage|p1b: Rillaboom|0 fnt|[from] Recoil
|faint|p1b: Rillaboom
|
|-heal|p2b: Richie Rich|97/100|[from] Grassy Terrain
|upkeep
|inactive|P!nkbearz07 has 30 seconds left.
|
|t:|1757739470
|switch|p2a: Nightmare|Hydreigon, L50, F|100/100
|switch|p1b: Ursaluna|Ursaluna-Bloodmoon, L50, M|100/100
|turn|2
|inactive|P!nkbearz07 has 30 seconds left.
|
|t:|1757739499
|move|p2b: Richie Rich|Protect|p2b: Richie Rich
|-singleturn|p2b: Richie Rich|Protect
|move|p2a: Nightmare|Draco Meteor|p1a: Dragonite
|-supereffective|p1a: Dragonite
|-damage|p1a: Dragonite|0 fnt
|-unboost|p2a: Nightmare|spa|2
|faint|p1a: Dragonite
|move|p1b: Ursaluna|Earth Power|p2b: Richie Rich
|-activate|p2b: Richie Rich|move: Protect
|
|-heal|p2b: Richie Rich|100/100|[from] Grassy Terrain
|upkeep
|
|t:|1757739506
|switch|p1a: Gholdengo|Gholdengo, L50|100/100
|turn|3
|
|t:|1757739528
|switch|p2a: Oil Rig|Excadrill, L50, F, shiny|100/100
|move|p2b: Richie Rich|Shadow Ball|p1a: Gholdengo
|-supereffective|p1a: Gholdengo
|-damage|p1a: Gholdengo|21/100
|-damage|p2b: Richie Rich|91/100|[from] item: Life Orb
|move|p1a: Gholdengo|Shadow Ball|p2a: Oil Rig
|-damage|p2a: Oil Rig|32/100
|-damage|p1a: Gholdengo|11/100|[from] item: Life Orb
|move|p1b: Ursaluna|Blood Moon|p2a: Oil Rig
|-resisted|p2a: Oil Rig
|-damage|p2a: Oil Rig|0 fnt
|faint|p2a: Oil Rig
|
|-heal|p1a: Gholdengo|17/100|[from] Grassy Terrain
|-heal|p2b: Richie Rich|97/100|[from] Grassy Terrain
|upkeep
|
|t:|1757739536
|switch|p2a: Nightmare|Hydreigon, L50, F|100/100
|turn|4
|
|t:|1757739547
|move|p1a: Gholdengo|Protect|p1a: Gholdengo
|-singleturn|p1a: Gholdengo|Protect
|move|p2a: Nightmare|Snarl|p1a: Gholdengo|[spread] p1b
|-activate|p1a: Gholdengo|move: Protect
|-damage|p1b: Ursaluna|78/100
|-unboost|p1b: Ursaluna|spa|1
|move|p2b: Richie Rich|Make It Rain|p1b: Ursaluna|[spread] p1b
|-activate|p1a: Gholdengo|move: Protect
|-damage|p1b: Ursaluna|54/100
|-unboost|p2b: Richie Rich|spa|1
|-damage|p2b: Richie Rich|87/100|[from] item: Life Orb
|move|p1b: Ursaluna|Earth Power|p2b: Richie Rich
|-supereffective|p2b: Richie Rich
|-damage|p2b: Richie Rich|15/100
|
|-heal|p2b: Richie Rich|21/100|[from] Grassy Terrain
|-heal|p1a: Gholdengo|23/100|[from] Grassy Terrain
|-heal|p1b: Ursaluna|59/100|[from] Grassy Terrain
|upkeep
|turn|5
|inactive|exposniffer has 30 seconds left.
|
|t:|1757739575
|-terastallize|p2b: Richie Rich|Steel
|move|p1a: Gholdengo|Protect||[still]
|-fail|p1a: Gholdengo
|move|p2a: Nightmare|Snarl|p1a: Gholdengo|[spread] p1a,p1b
|-supereffective|p1a: Gholdengo
|-damage|p1a: Gholdengo|0 fnt
|-damage|p1b: Ursaluna|36/100
|-unboost|p1b: Ursaluna|spa|1
|faint|p1a: Gholdengo
|move|p2b: Richie Rich|Make It Rain|p1b: Ursaluna
|-damage|p1b: Ursaluna|1/100
|-unboost|p2b: Richie Rich|spa|1
|-damage|p2b: Richie Rich|12/100|[from] item: Life Orb
|move|p1b: Ursaluna|Hyper Voice|p2a: Nightmare|[spread] p2a,p2b
|-resisted|p2b: Richie Rich
|-damage|p2a: Nightmare|81/100
|-damage|p2b: Richie Rich|1/100
|
|-heal|p2b: Richie Rich|7/100|[from] Grassy Terrain
|-heal|p1b: Ursaluna|7/100|[from] Grassy Terrain
|-fieldend|move: Grassy Terrain
|upkeep
|turn|6
|
|t:|1757739585
|move|p1b: Ursaluna|Vacuum Wave|p2b: Richie Rich
|-supereffective|p2b: Richie Rich
|-crit|p2b: Richie Rich
|-damage|p2b: Richie Rich|0 fnt
|faint|p2b: Richie Rich
|move|p2a: Nightmare|Snarl|p1b: Ursaluna
|-damage|p1b: Ursaluna|0 fnt
|faint|p1b: Ursaluna
|
|win|P!nkbearz07
||P!nkbearz07 is ready for game 2.
||exposniffer is ready for game 2.
|uhtml|next|Next: Game 2 of 3
|l|☆exposniffer
|player|p1|
|l|☆P!nkbearz07
|player|p2|
