|j|☆the winking dol
|j|☆cocacolaindahhouse
|html|the winking dolcocacolaindahhouse    
|uhtml|bestof|Game 2 of a best-of-3
|t:|1755455512
|gametype|doubles
|player|p1|the winking dol|dawn|1127
|player|p2|cocacolaindahhouse|170|1198
|gen|9
|tier|[Gen 9] VGC 2025 Reg H (Bo3)
|rated|
|rule|Species Clause: Limit one of each Pokémon
|rule|Item Clause: Limit 1 of each item
|clearpoke
|poke|p1|Rillaboom, L50, M|
|poke|p1|Typhlosion-Hisui, L50, M|
|poke|p1|Glimmora, L50, M|
|poke|p1|Volcarona, L50, M|
|poke|p1|Murkrow, L50, F|
|poke|p1|Kingambit, L50, M|
|poke|p2|Archaludon, L50, M|
|poke|p2|Pelipper, L50, F|
|poke|p2|Basculegion, L50, M|
|poke|p2|Gholdengo, L50|
|poke|p2|Amoonguss, L50, F|
|poke|p2|Incineroar, L50, M|
|teampreview|4
|showteam|p1|Rillaboom||AssaultVest|GrassySurge|WoodHammer,GrassyGlide,FakeOut,Uturn|||M|||50|,,,,,Fire]Typhlosion-Hisui||ChoiceSpecs|Blaze|Eruption,HeatWave,ShadowBall,FocusBlast|||M|||50|,,,,,Ghost]Glimmora||LifeOrb|ToxicDebris|PowerGem,SludgeWave,EarthPower,SpikyShield|||M|||50|,,,,,Ghost]Volcarona||SitrusBerry|FlameBody|HeatWave,FieryDance,StruggleBug,RagePowder|||M|||50|,,,,,Water]Murkrow||Eviolite|Prankster|FoulPlay,Tailwind,Haze,SunnyDay|||F|||50|,,,,,Ground]Kingambit||Leftovers|Defiant|KowtowCleave,SuckerPunch,LowKick,SwordsDance|||M|||50|,,,,,Fighting
|showteam|p2|Archaludon||AssaultVest|Stamina|DragonPulse,ElectroShot,FlashCannon,BodyPress|||M|||50|,,,,,Grass]Pelipper||FocusSash|Drizzle|WeatherBall,Hurricane,Tailwind,Protect|||F|||50|,,,,,Ground]Basculegion||ChoiceBand|SwiftSwim|WaveCrash,LastRespects,AquaJet,FlipTurn|||M|||50|,,,,,Water]Gholdengo||LifeOrb|GoodasGold|MakeItRain,ShadowBall,NastyPlot,Protect||||||50|,,,,,Water]Amoonguss||SitrusBerry|Regenerator|PollenPuff,Spore,RagePowder,Protect|||F|||50|,,,,,Fairy]Incineroar||SafetyGoggles|Intimidate|KnockOff,Taunt,PartingShot,FakeOut|||M|||50|,,,,,Ghost
|inactive|Battle timer is ON: inactive players will automatically lose when time's up. (requested by the winking dol)
|inactive|the winking dol has 60 seconds left.
|
|t:|1755455566
|teamsize|p1|4
|teamsize|p2|4
|start
|switch|p1a: Typhlosion|Typhlosion-Hisui, L50, M|100/100
|switch|p1b: Murkrow|Murkrow, L50, F|100/100
|switch|p2a: Basculegion|Basculegion, L50, M, shiny|100/100
|switch|p2b: Incineroar|Incineroar, L50, M, shiny|100/100
|-ability|p2b: Incineroar|Intimidate|boost
|-unboost|p1a: Typhlosion|atk|1
|-unboost|p1b: Murkrow|atk|1
|turn|1
|inactive|the winking dol has 30 seconds left.
|inactive|cocacolaindahhouse has 30 seconds left.
|inactive|cocacolaindahhouse has 20 seconds left.
|
|t:|1755455608
|-terastallize|p2a: Basculegion|Water
|move|p1b: Murkrow|Sunny Day|p1b: Murkrow
|-weather|SunnyDay
|move|p1a: Typhlosion|Shadow Ball|p2a: Basculegion
|-damage|p2a: Basculegion|31/100
|move|p2a: Basculegion|Flip Turn|p1a: Typhlosion
|-supereffective|p1a: Typhlosion
|-damage|p1a: Typhlosion|4/100
|
|t:|1755455617
|switch|p2a: Archaludon|Archaludon, L50, M, shiny|100/100|[from] Flip Turn
|move|p2b: Incineroar|Knock Off|p1a: Typhlosion
|-supereffective|p1a: Typhlosion
|-damage|p1a: Typhlosion|0 fnt
|-enditem|p1a: Typhlosion|Choice Specs|[from] move: Knock Off|[of] p2b: Incineroar
|faint|p1a: Typhlosion
|
|-weather|SunnyDay|[upkeep]
|upkeep
|
|t:|1755455629
|switch|p1a: Glimmora|Glimmora, L50, M|100/100
|turn|2
|inactive|cocacolaindahhouse has 30 seconds left.
|inactive|cocacolaindahhouse has 20 seconds left.
|inactive|the winking dol has 30 seconds left.
|inactive|cocacolaindahhouse has 15 seconds left.
|inactive|cocacolaindahhouse has 10 seconds left.
|inactive|the winking dol has 20 seconds left.
|
|t:|1755455689
|move|p1a: Glimmora|Spiky Shield|p1a: Glimmora
|-singleturn|p1a: Glimmora|move: Protect
|move|p1b: Murkrow|Tailwind|p1b: Murkrow
|-sidestart|p1: the winking dol|move: Tailwind
|move|p2a: Archaludon|Flash Cannon|p1a: Glimmora
|-activate|p1a: Glimmora|move: Protect
|move|p2b: Incineroar|Knock Off|p1a: Glimmora
|-activate|p1a: Glimmora|move: Protect
|-damage|p2b: Incineroar|88/100|[from] Spiky Shield|[of] p1a: Glimmora
|
|-weather|SunnyDay|[upkeep]
|upkeep
|turn|3
|inactive|the winking dol has 30 seconds left.
|
|t:|1755455722
|switch|p2b: Pelipper|Pelipper, L50, F, shiny|100/100
|-weather|RainDance|[from] ability: Drizzle|[of] p2b: Pelipper
|move|p1b: Murkrow|Sunny Day|p1b: Murkrow
|-weather|SunnyDay
|move|p1a: Glimmora|Earth Power|p2a: Archaludon
|-supereffective|p2a: Archaludon
|-damage|p2a: Archaludon|40/100
|-ability|p2a: Archaludon|Stamina|boost
|-boost|p2a: Archaludon|def|1
|-damage|p1a: Glimmora|90/100|[from] item: Life Orb
|move|p2a: Archaludon|Flash Cannon|p1a: Glimmora
|-supereffective|p1a: Glimmora
|-damage|p1a: Glimmora|7/100
|-unboost|p1a: Glimmora|spd|1
|
|-weather|SunnyDay|[upkeep]
|upkeep
|turn|4
|l|☆the winking dol
|inactive|the winking dol disconnected and has a minute to reconnect!
|player|p1|
|inactive|the winking dol has 30 seconds left.
|inactive|cocacolaindahhouse has 30 seconds left.
|j|☆the winking dol
|inactive|the winking dol reconnected and has 25 seconds left.
|player|p1|the winking dol|dawn|
|inactive|the winking dol has 20 seconds left.
|inactive|cocacolaindahhouse has 20 seconds left.
|inactive|the winking dol has 15 seconds left.
|inactive|the winking dol has 10 seconds left.
|inactive|cocacolaindahhouse has 15 seconds left.
|inactive|the winking dol has 5 seconds left.
|
|t:|1755455777
|move|p1b: Murkrow|Foul Play|p2b: Pelipper
|-damage|p2b: Pelipper|78/100
|move|p1a: Glimmora|Earth Power|p2a: Archaludon
|-supereffective|p2a: Archaludon
|-damage|p2a: Archaludon|0 fnt
|faint|p2a: Archaludon
|-damage|p1a: Glimmora|0 fnt|[from] item: Life Orb
|faint|p1a: Glimmora
|move|p2b: Pelipper|Weather Ball|p1b: Murkrow
|-damage|p1b: Murkrow|51/100
|
|-weather|SunnyDay|[upkeep]
|upkeep
|
|t:|1755455801
|switch|p2a: Incineroar|Incineroar, L50, M, shiny|88/100
|switch|p1a: Kingambit|Kingambit, L50, M|100/100
|-ability|p2a: Incineroar|Intimidate|boost
|-unboost|p1a: Kingambit|atk|1
|-ability|p1a: Kingambit|Defiant|boost
|-boost|p1a: Kingambit|atk|2
|-unboost|p1b: Murkrow|atk|1
|turn|5
|inactive|the winking dol has 30 seconds left.
|inactive|the winking dol has 20 seconds left.
|
|t:|1755455843
|-terastallize|p1a: Kingambit|Fighting
|move|p2a: Incineroar|Fake Out|p1a: Kingambit
|-damage|p1a: Kingambit|91/100
|move|p1b: Murkrow|Foul Play|p2a: Incineroar
|-resisted|p2a: Incineroar
|-damage|p2a: Incineroar|72/100
|cant|p1a: Kingambit|flinch
|move|p2b: Pelipper|Weather Ball|p1b: Murkrow
|-damage|p1b: Murkrow|5/100
|
|-weather|SunnyDay|[upkeep]
|-heal|p1a: Kingambit|97/100|[from] item: Leftovers
|-sideend|p1: the winking dol|move: Tailwind
|upkeep
|turn|6
|
|t:|1755455865
|switch|p2b: Basculegion|Basculegion, L50, M, shiny, tera:Water|31/100
|move|p1b: Murkrow|Tailwind|p1b: Murkrow
|-sidestart|p1: the winking dol|move: Tailwind
|move|p1a: Kingambit|Kowtow Cleave|p2b: Basculegion
|-damage|p2b: Basculegion|0 fnt
|faint|p2b: Basculegion
|move|p2a: Incineroar|Knock Off|p1b: Murkrow
|-resisted|p1b: Murkrow
|-damage|p1b: Murkrow|0 fnt
|-enditem|p1b: Murkrow|Eviolite|[from] move: Knock Off|[of] p2a: Incineroar
|faint|p1b: Murkrow
|
|-weather|SunnyDay|[upkeep]
|-heal|p1a: Kingambit|100/100|[from] item: Leftovers
|upkeep
|
|t:|1755455880
|switch|p2b: Pelipper|Pelipper, L50, F, shiny|78/100
|-weather|RainDance|[from] ability: Drizzle|[of] p2b: Pelipper
|turn|7
|-message|cocacolaindahhouse forfeited.
|
|win|the winking dol
|raw|the winking dol's rating: 1127 → 1157(+30 for winning)
|raw|cocacolaindahhouse's rating: 1198 → 1168(-30 for losing)
