|j|☆LotadLover
|j|☆MasamuneTL
|html|LotadLoverMasamuneTL    
|uhtml|bestof|Game 2 of a best-of-3
|t:|1785979633
|gametype|doubles
|player|p1|LotadLover|fisherman-gen4|
|player|p2|MasamuneTL|170|
|gen|9
|tier|[Gen 9 Champions] VGC 2026 Reg M-B (Bo3)
|rule|Species Clause: Limit one of each Pokémon
|rule|Item Clause: Limit 1 of each item
|clearpoke
|poke|p1|Orthworm, L50, M|
|poke|p1|Blaziken, L50, F, shiny|
|poke|p1|Krookodile, L50, F|
|poke|p1|Rotom-Wash, L50|
|poke|p1|Hydrapple, L50, F|
|poke|p1|Talonflame, L50, F|
|poke|p2|Excadrill, L50, M|
|poke|p2|Sinistcha-Masterpiece, L50|
|poke|p2|Mawile, L50, F, shiny|
|poke|p2|Starmie, L50|
|poke|p2|Tyranitar, L50, F|
|poke|p2|Sableye, L50, M|
|teampreview|4
|showteam|p1|Orthworm||SitrusBerry|EarthEater|ShedTail,Earthquake,HelpingHand,BodyPress|Impish||M|||50|]Blaziken||Blazikenite|SpeedBoost|Protect,SwordsDance,BrickBreak,FlareBlitz|Adamant||F|||50|]Krookodile||WhiteHerb|Intimidate|Protect,KnockOff,Taunt,HighHorsepower|Adamant||F|||50|]Rotom-Wash||LightClay|Levitate|Reflect,VoltSwitch,LightScreen,HelpingHand|Bold|||||50|]Hydrapple||QuickClaw|Regenerator|GigaDrain,NastyPlot,EarthPower,Protect|Modest||F|||50|]Talonflame||ChartiBerry|GaleWings|Tailwind,WillOWisp,Uturn,SunnyDay|Impish||F|||50|
|showteam|p2|Excadrill||FocusSash|SandRush|XScissor,HighHorsepower,RockSlide,Protect|Adamant||M|||50|]Sinistcha-Masterpiece||Leftovers|Hospitality|MatchaGotcha,Scald,TrickRoom,RagePowder|Quiet|||||50|]Mawile||Mawilite|Intimidate|PlayRough,SuckerPunch,Protect,ThunderPunch|Adamant||F|||50|]Starmie||WacanBerry|NaturalCure|AllySwitch,TrickRoom,IceBeam,Scald|Modest|||||50|]Tyranitar||ChopleBerry|SandStream|PowerGem,Flamethrower,Protect,IceBeam|Modest||F|||50|]Sableye||SitrusBerry|Prankster|FakeOut,Quash,Encore,Taunt|Impish||M|||50|
|
|t:|1785979671
|teamsize|p1|4
|teamsize|p2|4
|start
|switch|p1a: Orthworm|Orthworm, L50, M|100/100
|switch|p1b: Talonflame|Talonflame, L50, F|100/100
|switch|p2a: Mawile|Mawile, L50, F, shiny|100/100
|switch|p2b: Sableye|Sableye, L50, M|100/100
|-ability|p2a: Mawile|Intimidate|boost
|-unboost|p1a: Orthworm|atk|1
|-unboost|p1b: Talonflame|atk|1
|turn|1
|
|t:|1785979700
|switch|p2a: Tyranitar|Tyranitar, L50, F|100/100
|-weather|Sandstorm|[from] ability: Sand Stream|[of] p2a: Tyranitar
|move|p2b: Sableye|Fake Out|p1a: Orthworm
|-resisted|p1a: Orthworm|1
|-damage|p1a: Orthworm|97/100
|move|p1b: Talonflame|U-turn|p2b: Sableye
|-damage|p2b: Sableye|89/100
|
|t:|1785979711
|switch|p1b: Krookodile|Krookodile, L50, F|100/100|[from] U-turn
|-ability|p1b: Krookodile|Intimidate|boost
|-unboost|p2a: Tyranitar|atk|1
|-unboost|p2b: Sableye|atk|1
|cant|p1a: Orthworm|flinch
|
|-weather|Sandstorm|[upkeep]
|-damage|p2b: Sableye|84/100|[from] Sandstorm
|upkeep
|turn|2
|
|t:|1785979764
|switch|p1a: Talonflame|Talonflame, L50, F|100/100
|move|p2b: Sableye|Taunt|p1a: Talonflame
|-start|p1a: Talonflame|move: Taunt
|move|p1b: Krookodile|Taunt|p2b: Sableye
|-start|p2b: Sableye|move: Taunt
|move|p2a: Tyranitar|Flamethrower|p1a: Talonflame
|-resisted|p1a: Talonflame|1
|-damage|p1a: Talonflame|82/100
|
|-weather|Sandstorm|[upkeep]
|-damage|p1a: Talonflame|76/100|[from] Sandstorm
|-damage|p2b: Sableye|78/100|[from] Sandstorm
|upkeep
|turn|3
|
|t:|1785979790
|switch|p2b: Mawile|Mawile, L50, F, shiny|100/100
|-ability|p2b: Mawile|Intimidate|boost
|-unboost|p1a: Talonflame|atk|1
|-unboost|p1b: Krookodile|atk|1
|-enditem|p1b: Krookodile|White Herb
|-clearnegativeboost|p1b: Krookodile|[silent]
|move|p1a: Talonflame|U-turn|p2b: Mawile
|-resisted|p2b: Mawile|2
|-damage|p2b: Mawile|96/100
|
|t:|1785979803
|switch|p1a: Hydrapple|Hydrapple, L50, F|100/100|[from] U-turn
|move|p1b: Krookodile|High Horsepower|p2a: Tyranitar
|-supereffective|p2a: Tyranitar|1
|-damage|p2a: Tyranitar|16/100
|move|p2a: Tyranitar|Ice Beam|p1b: Krookodile
|-supereffective|p1b: Krookodile|1
|-damage|p1b: Krookodile|25/100
|
|-weather|Sandstorm|[upkeep]
|-damage|p1a: Hydrapple|93/100|[from] Sandstorm
|upkeep
|turn|4
|
|t:|1785979866
|switch|p1b: Talonflame|Talonflame, L50, F|76/100
|switch|p2b: Sableye|Sableye, L50, M|78/100
|-heal|p1a: Hydrapple|100/100|[from] ability: Regenerator|[silent]
|switch|p1a: Orthworm|Orthworm, L50, M|97/100
|move|p2a: Tyranitar|Protect||[still]
|-fail|p2a: Tyranitar
|
|-weather|Sandstorm|[upkeep]
|-damage|p1b: Talonflame|70/100|[from] Sandstorm
|-damage|p2b: Sableye|72/100|[from] Sandstorm
|upkeep
|turn|5
|
|t:|1785979897
|move|p2b: Sableye|Fake Out|p1b: Talonflame
|-damage|p1b: Talonflame|64/100
|cant|p1b: Talonflame|flinch
|move|p2a: Tyranitar|Flamethrower|p1a: Orthworm
|-supereffective|p1a: Orthworm|1
|-damage|p1a: Orthworm|23/100
|-enditem|p1a: Orthworm|Sitrus Berry|[eat]
|-heal|p1a: Orthworm|48/100|[from] item: Sitrus Berry
|move|p1a: Orthworm|Earthquake|p2a: Tyranitar|[spread] p2a,p2b
|-immune|p1b: Talonflame
|-supereffective|p2a: Tyranitar|1
|-damage|p2a: Tyranitar|0 fnt
|-damage|p2b: Sableye|57/100
|faint|p2a: Tyranitar
|
|-weather|none
|upkeep
|
|t:|1785979912
|switch|p2a: Mawile|Mawile, L50, F, shiny|96/100
|-ability|p2a: Mawile|Intimidate|boost
|-unboost|p1a: Orthworm|atk|1
|-unboost|p1b: Talonflame|atk|1
|turn|6
|
|t:|1785979941
|detailschange|p2a: Mawile|Mawile-Mega, L50, F, shiny
|-mega|p2a: Mawile|Mawile|Mawilite
|move|p2b: Sableye|Quash|p1b: Talonflame
|-activate|p1b: Talonflame|move: Quash
|move|p1a: Orthworm|Body Press|p2a: Mawile
|-damage|p2a: Mawile|66/100
|move|p2a: Mawile|Thunder Punch|p1b: Talonflame
|-supereffective|p1b: Talonflame|1
|-damage|p1b: Talonflame|0 fnt
|faint|p1b: Talonflame
|
|upkeep
|
|t:|1785979952
|switch|p1b: Krookodile|Krookodile, L50, F|25/100
|-ability|p1b: Krookodile|Intimidate|boost
|-unboost|p2a: Mawile|atk|1
|-unboost|p2b: Sableye|atk|1
|turn|7
|
|t:|1785980020
|move|p2b: Sableye|Quash|p1a: Orthworm
|-activate|p1a: Orthworm|move: Quash
|move|p1b: Krookodile|High Horsepower|p2a: Mawile
|-supereffective|p2a: Mawile|1
|-damage|p2a: Mawile|0 fnt
|faint|p2a: Mawile
|move|p1a: Orthworm|Body Press|p2b: Sableye
|-immune|p2b: Sableye
|
|upkeep
|
|t:|1785980023
|switch|p2a: Excadrill|Excadrill, L50, M|100/100
|turn|8
|
|t:|1785980071
|move|p2b: Sableye|Encore|p1a: Orthworm
|-start|p1a: Orthworm|Encore
|move|p1b: Krookodile|High Horsepower|p2a: Excadrill
|-supereffective|p2a: Excadrill|1
|-enditem|p2a: Excadrill|Focus Sash
|-damage|p2a: Excadrill|1/100
|move|p2a: Excadrill|X-Scissor|p1b: Krookodile
|-supereffective|p1b: Krookodile|1
|-damage|p1b: Krookodile|0 fnt
|faint|p1b: Krookodile
|move|p1a: Orthworm|Body Press|p2a: Excadrill
|-supereffective|p2a: Excadrill|1
|-damage|p2a: Excadrill|0 fnt
|faint|p2a: Excadrill
|
|upkeep
|
|t:|1785980084
|switch|p1b: Hydrapple|Hydrapple, L50, F|100/100
|turn|9
|
|t:|1785980095
|move|p2b: Sableye|Encore||[still]
|-fail|p2b: Sableye
|move|p1a: Orthworm|Body Press|p2b: Sableye
|-immune|p2b: Sableye
|move|p1b: Hydrapple|Giga Drain|p2b: Sableye
|-damage|p2b: Sableye|0 fnt
|faint|p2b: Sableye
|
|win|LotadLover
||MasamuneTL is ready for game 3.
||LotadLover is ready for game 3.
|uhtml|next|Next: Game 3 of 3
