|j|☆fookinraw42
|j|☆tortilla sorpresa
|html|fookinraw42tortilla sorpresa    
|uhtml|bestof|Game 1 of a best-of-3
|t:|1756333481
|gametype|doubles
|player|p1|fookinraw42|flannery|1143
|player|p2|tortilla sorpresa|ghetsis-gen5bw|1138
|gen|9
|tier|[Gen 9] VGC 2025 Reg H (Bo3)
|rated|
|rule|Species Clause: Limit one of each Pokémon
|rule|Item Clause: Limit 1 of each item
|clearpoke
|poke|p1|Gholdengo, L50|
|poke|p1|Amoonguss, L50, M|
|poke|p1|Basculegion, L50, M|
|poke|p1|Incineroar, L50, M|
|poke|p1|Archaludon, L50, F|
|poke|p1|Pelipper, L50, M|
|poke|p2|Weezing-Galar, L50, F|
|poke|p2|Sneasler, L50, F|
|poke|p2|Toedscruel, L50, F|
|poke|p2|Pelipper, L50, F|
|poke|p2|Basculegion, L50, M|
|poke|p2|Armarouge, L50, M|
|teampreview|4
|showteam|p1|Gholdengo||LifeOrb|GoodasGold|MakeItRain,ShadowBall,NastyPlot,Protect||||||50|,,,,,Water]Amoonguss||SitrusBerry|Regenerator|Spore,RagePowder,PollenPuff,ClearSmog|||M|||50|,,,,,Electric]Basculegion||ChoiceBand|SwiftSwim|WaveCrash,FlipTurn,AquaJet,LastRespects|||M|||50|,,,,,Water]Incineroar||SafetyGoggles|Intimidate|KnockOff,PartingShot,WillOWisp,FakeOut|||M|||50|,,,,,Ghost]Archaludon||AssaultVest|Stamina|FlashCannon,DracoMeteor,ElectroShot,BodyPress|||F|||50|,,,,,Bug]Pelipper||CovertCloak|Drizzle|WeatherBall,Hurricane,Tailwind,Protect|||M|||50|,,,,,Dragon
|showteam|p2|Weezing-Galar||SitrusBerry|NeutralizingGas|DazzlingGleam,Taunt,Protect,SludgeBomb|||F|||50|,,,,,Fire]Sneasler||ExpertBelt|PoisonTouch|ThroatChop,DireClaw,CloseCombat,FakeOut|||F|||50|,,,,,Dark]Toedscruel||CovertCloak|MyceliumMight|Spore,RagePowder,LeafStorm,EarthPower|||F|||50|,,,,,Ground]Pelipper||AbilityShield|Drizzle|Tailwind,Hurricane,Protect,WideGuard|||F|||50|,,,,,Ground]Basculegion||LifeOrb|SwiftSwim|AquaJet,WaveCrash,Protect,LastRespects|||M|||50|,,,,,Ghost]Armarouge||AssaultVest|FlashFire|HeatWave,EnergyBall,ScorchingSands,Psyshock|||M|||50|,,,,,Grass
|inactive|Battle timer is ON: inactive players will automatically lose when time's up. (requested by tortilla sorpresa)
|inactive|fookinraw42 also wants the timer to be on.
|inactive|fookinraw42 has 60 seconds left.
|inactive|fookinraw42 has 30 seconds left.
|inactive|fookinraw42 has 20 seconds left.
|
|t:|1756333553
|teamsize|p1|4
|teamsize|p2|4
|start
|switch|p1a: Incineroar|Incineroar, L50, M|100/100
|switch|p1b: Gholdengo|Gholdengo, L50|100/100
|switch|p2a: Weezing|Weezing-Galar, L50, F|100/100
|switch|p2b: Toedscruel|Toedscruel, L50, F|100/100
|-ability|p2a: Weezing|Neutralizing Gas
|turn|1
|inactive|fookinraw42 has 30 seconds left.
|
|t:|1756333582
|move|p1b: Gholdengo|Protect|p1b: Gholdengo
|-singleturn|p1b: Gholdengo|Protect
|move|p2a: Weezing|Protect|p2a: Weezing
|-singleturn|p2a: Weezing|Protect
|move|p2b: Toedscruel|Spore|p1b: Gholdengo
|-activate|p1b: Gholdengo|move: Protect
|move|p1a: Incineroar|Knock Off|p2b: Toedscruel
|-damage|p2b: Toedscruel|42/100
|-enditem|p2b: Toedscruel|Covert Cloak|[from] move: Knock Off|[of] p1a: Incineroar
|
|upkeep
|turn|2
|inactive|fookinraw42 has 30 seconds left.
|
|t:|1756333612
|move|p2b: Toedscruel|Spore|p1b: Gholdengo
|-status|p1b: Gholdengo|slp|[from] move: Spore
|cant|p1b: Gholdengo|slp
|move|p2a: Weezing|Dazzling Gleam|p1a: Incineroar|[spread] p1a,p1b
|-resisted|p1b: Gholdengo
|-damage|p1a: Incineroar|78/100
|-damage|p1b: Gholdengo|88/100 slp
|move|p1a: Incineroar|Parting Shot|p2b: Toedscruel
|-unboost|p2b: Toedscruel|atk|1
|-unboost|p2b: Toedscruel|spa|1
|
|t:|1756333624
|switch|p1a: Basculegion|Basculegion, L50, M|100/100|[from] Parting Shot
|
|upkeep
|turn|3
|
|t:|1756333639
|switch|p1a: Incineroar|Incineroar, L50, M|78/100
|move|p2b: Toedscruel|Spore|p1a: Incineroar
|-activate|p1a: Incineroar|item: Safety Goggles|Spore
|cant|p1b: Gholdengo|slp
|move|p2a: Weezing|Taunt|p1b: Gholdengo
|-start|p1b: Gholdengo|move: Taunt
|
|upkeep
|turn|4
|
|t:|1756333657
|-terastallize|p2a: Weezing|Fire
|move|p1a: Incineroar|Fake Out|p2b: Toedscruel
|-damage|p2b: Toedscruel|27/100
|cant|p2b: Toedscruel|flinch
|-curestatus|p1b: Gholdengo|slp|[msg]
|move|p1b: Gholdengo|Make It Rain|p2a: Weezing|[spread] p2a,p2b
|-resisted|p2a: Weezing
|-damage|p2a: Weezing|63/100
|-damage|p2b: Toedscruel|0 fnt
|-unboost|p1b: Gholdengo|spa|1
|faint|p2b: Toedscruel
|-damage|p1b: Gholdengo|79/100|[from] item: Life Orb
|move|p2a: Weezing|Dazzling Gleam|p1a: Incineroar|[spread] p1a,p1b
|-resisted|p1b: Gholdengo
|-damage|p1a: Incineroar|55/100
|-damage|p1b: Gholdengo|65/100
|
|upkeep
|
|t:|1756333667
|switch|p2b: Sneasler|Sneasler, L50, F|100/100
|turn|5
|inactive|fookinraw42 has 30 seconds left.
|inactive|fookinraw42 has 20 seconds left.
|
|t:|1756333703
|switch|p1a: Pelipper|Pelipper, L50, M|100/100
|move|p2b: Sneasler|Throat Chop|p1a: Pelipper
|-damage|p1a: Pelipper|76/100
|move|p1b: Gholdengo|Shadow Ball|p2a: Weezing
|-damage|p2a: Weezing|15/100
|-enditem|p2a: Weezing|Sitrus Berry|[eat]
|-heal|p2a: Weezing|40/100|[from] item: Sitrus Berry
|-damage|p1b: Gholdengo|56/100|[from] item: Life Orb
|move|p2a: Weezing|Dazzling Gleam|p1a: Pelipper|[spread] p1a,p1b
|-resisted|p1b: Gholdengo
|-damage|p1a: Pelipper|47/100
|-damage|p1b: Gholdengo|42/100
|
|upkeep
|turn|6
|
|t:|1756333726
|switch|p1b: Incineroar|Incineroar, L50, M|55/100
|move|p2a: Weezing|Protect|p2a: Weezing
|-singleturn|p2a: Weezing|Protect
|move|p2b: Sneasler|Throat Chop|p1b: Incineroar
|-resisted|p1b: Incineroar
|-damage|p1b: Incineroar|43/100
|-start|p1b: Incineroar|Throat Chop|[silent]
|move|p1a: Pelipper|Hurricane|p2b: Sneasler
|-supereffective|p2b: Sneasler
|-damage|p2b: Sneasler|0 fnt
|faint|p2b: Sneasler
|
|upkeep
|
|t:|1756333735
|switch|p2b: Basculegion|Basculegion, L50, M, shiny|100/100
|turn|7
|inactive|fookinraw42 has 30 seconds left.
|
|t:|1756333764
|move|p2b: Basculegion|Last Respects|p1b: Incineroar
|-resisted|p1b: Incineroar
|-damage|p1b: Incineroar|0 fnt
|faint|p1b: Incineroar
|-damage|p2b: Basculegion|91/100|[from] item: Life Orb
|move|p1a: Pelipper|Weather Ball|p2a: Weezing
|-damage|p2a: Weezing|25/100
|move|p2a: Weezing|Dazzling Gleam|p1a: Pelipper
|-damage|p1a: Pelipper|9/100
|
|upkeep
|
|t:|1756333776
|switch|p1b: Gholdengo|Gholdengo, L50|42/100
|turn|8
|
|t:|1756333793
|-terastallize|p1b: Gholdengo|Water
|move|p2b: Basculegion|Protect|p2b: Basculegion
|-singleturn|p2b: Basculegion|Protect
|move|p1a: Pelipper|Protect|p1a: Pelipper
|-singleturn|p1a: Pelipper|Protect
|move|p1b: Gholdengo|Nasty Plot|p1b: Gholdengo
|-boost|p1b: Gholdengo|spa|2
|move|p2a: Weezing|Dazzling Gleam|p1a: Pelipper|[spread] p1b
|-activate|p1a: Pelipper|move: Protect
|-damage|p1b: Gholdengo|15/100
|
|upkeep
|turn|9
|
|t:|1756333811
|move|p2b: Basculegion|Aqua Jet|p1b: Gholdengo
|-resisted|p1b: Gholdengo
|-damage|p1b: Gholdengo|1/100
|-damage|p2b: Basculegion|81/100|[from] item: Life Orb
|move|p1b: Gholdengo|Make It Rain|p2a: Weezing|[spread] p2a,p2b
|-resisted|p2a: Weezing
|-resisted|p2b: Basculegion
|-damage|p2a: Weezing|0 fnt
|-damage|p2b: Basculegion|13/100
|-unboost|p1b: Gholdengo|spa|1
|faint|p2a: Weezing
|-end|p2a: Weezing|ability: Neutralizing Gas
|-weather|RainDance|[from] ability: Drizzle|[of] p1a: Pelipper
|-damage|p1b: Gholdengo|0 fnt|[from] item: Life Orb
|faint|p1b: Gholdengo
|move|p1a: Pelipper|Tailwind|p1a: Pelipper
|-sidestart|p1: fookinraw42|move: Tailwind
|
|-weather|RainDance|[upkeep]
|upkeep
|
|t:|1756333827
|switch|p1b: Basculegion|Basculegion, L50, M|100/100
|turn|10
|
|t:|1756333836
|move|p2b: Basculegion|Aqua Jet|p1a: Pelipper
|-resisted|p1a: Pelipper
|-damage|p1a: Pelipper|0 fnt
|faint|p1a: Pelipper
|-damage|p2b: Basculegion|4/100|[from] item: Life Orb
|move|p1b: Basculegion|Last Respects|p2b: Basculegion
|-supereffective|p2b: Basculegion
|-damage|p2b: Basculegion|0 fnt
|faint|p2b: Basculegion
|
|win|fookinraw42
||fookinraw42 is ready for game 2.
||tortilla sorpresa is ready for game 2.
|uhtml|next|Next: Game 2 of 3
|l|☆tortilla sorpresa
|player|p2|
