|j|‽tavinn_n
|j|☆mikelpoyarzabal
|html|tavinn_nmikelpoyarzabal    
|uhtml|bestof|Game 1 of a best-of-3
|t:|1785770793
|gametype|doubles
|player|p1|tavinn_n|ghetsis|1319
|player|p2|mikelpoyarzabal|arven-s|1359
|gen|9
|tier|[Gen 9 Champions] VGC 2026 Reg M-B (Bo3)
|rated|
|rule|Species Clause: Limit one of each Pokémon
|rule|Item Clause: Limit 1 of each item
|clearpoke
|poke|p1|Tyranitar, L50, M|
|poke|p1|Excadrill, L50, M|
|poke|p1|Milotic, L50, M|
|poke|p1|Sinistcha, L50|
|poke|p1|Staraptor, L50, M|
|poke|p1|Gholdengo, L50|
|poke|p2|Gengar, L50, F|
|poke|p2|Swampert, L50, M|
|poke|p2|Incineroar, L50, F|
|poke|p2|Politoed, L50, F|
|poke|p2|Archaludon, L50, F|
|poke|p2|Vivillon, L50, M|
|teampreview|4
|showteam|p1|Tyranitar||Tyranitarite|SandStream|KnockOff,RockSlide,HighHorsepower,Protect|Jolly||M|||50|]Excadrill||FocusSash|SandRush|HighHorsepower,IronHead,RockSlide,Protect|Jolly||M|||50|]Milotic||SitrusBerry|Competitive|Scald,IcyWind,Haze,Protect|Calm||M|||50|]Sinistcha||ColburBerry|Hospitality|MatchaGotcha,ShadowBall,Protect,RagePowder|Bold|||||50|]Staraptor||Staraptite|Intimidate|CloseCombat,BraveBird,Tailwind,Protect|Jolly||M|||50|]Gholdengo||LifeOrb|GoodasGold|MakeItRain,ShadowBall,NastyPlot,Protect|Modest|||||50|
|showteam|p2|Gengar||Gengarite|CursedBody|ShadowBall,SludgeBomb,Protect,PerishSong|Timid||F|||50|]Swampert||Swampertite|Torrent|WaveCrash,Earthquake,IcePunch,Protect|Adamant||M|||50|]Incineroar||PasshoBerry|Intimidate|ThroatChop,PartingShot,FakeOut,Protect|Sassy||F|||50|]Politoed||SitrusBerry|Drizzle|WeatherBall,PerishSong,Encore,Protect|Calm||F|||50|]Archaludon||Leftovers|Stamina|DragonPulse,FlashCannon,ElectroShot,Protect|Bold||F|||50|]Vivillon||FocusSash|CompoundEyes|Hurricane,SleepPowder,RagePowder,Protect|Timid||M|||50|
|inactive|Battle timer is ON: inactive players will automatically lose when time's up. (requested by mikelpoyarzabal)
|inactive|tavinn_n also wants the timer to be on.
|
|t:|1785770821
|teamsize|p1|4
|teamsize|p2|4
|start
|switch|p1a: Tyranitar|Tyranitar, L50, M|100/100
|switch|p1b: Sinistcha|Sinistcha, L50|100/100
|switch|p2a: Swampert|Swampert, L50, M|100/100
|switch|p2b: Vivillon|Vivillon, L50, M|100/100
|-weather|Sandstorm|[from] ability: Sand Stream|[of] p1a: Tyranitar
|turn|1
|inactive|tavinn_n has 30 seconds left.
|
|t:|1785770846
|detailschange|p2a: Swampert|Swampert-Mega, L50, M
|-mega|p2a: Swampert|Swampert|Swampertite
|move|p1b: Sinistcha|Protect|p1b: Sinistcha
|-singleturn|p1b: Sinistcha|Protect
|move|p2b: Vivillon|Hurricane|p1b: Sinistcha
|-activate|p1b: Sinistcha|move: Protect
|move|p1a: Tyranitar|Rock Slide|p2a: Swampert|[spread] p2a,p2b
|-resisted|p2a: Swampert|1
|-supereffective|p2b: Vivillon|2
|-damage|p2a: Swampert|86/100
|-enditem|p2b: Vivillon|Focus Sash
|-damage|p2b: Vivillon|1/100
|cant|p2a: Swampert|flinch
|
|-weather|Sandstorm|[upkeep]
|-damage|p2b: Vivillon|0 fnt|[from] Sandstorm
|-damage|p1b: Sinistcha|94/100|[from] Sandstorm
|faint|p2b: Vivillon
|upkeep
|
|t:|1785770857
|switch|p2b: Archaludon|Archaludon, L50, F|100/100
|turn|2
|
|t:|1785770866
|move|p1a: Tyranitar|Protect|p1a: Tyranitar
|-singleturn|p1a: Tyranitar|Protect
|move|p2a: Swampert|Protect|p2a: Swampert
|-singleturn|p2a: Swampert|Protect
|move|p2b: Archaludon|Protect|p2b: Archaludon
|-singleturn|p2b: Archaludon|Protect
|move|p1b: Sinistcha|Rage Powder|p1b: Sinistcha
|-singleturn|p1b: Sinistcha|move: Rage Powder
|
|-weather|Sandstorm|[upkeep]
|-damage|p1b: Sinistcha|88/100|[from] Sandstorm
|upkeep
|turn|3
|
|t:|1785770889
|move|p1b: Sinistcha|Rage Powder|p1b: Sinistcha
|-singleturn|p1b: Sinistcha|move: Rage Powder
|move|p1a: Tyranitar|Knock Off|p2b: Archaludon
|-damage|p2b: Archaludon|70/100
|-ability|p2b: Archaludon|Stamina|boost
|-boost|p2b: Archaludon|def|1
|-enditem|p2b: Archaludon|Leftovers|[from] move: Knock Off|[of] p1a: Tyranitar
|move|p2a: Swampert|Ice Punch|p1b: Sinistcha
|-supereffective|p1b: Sinistcha|1
|-damage|p1b: Sinistcha|36/100
|move|p2b: Archaludon|Flash Cannon|p1b: Sinistcha
|-damage|p1b: Sinistcha|0 fnt
|faint|p1b: Sinistcha
|
|-weather|Sandstorm|[upkeep]
|upkeep
|
|t:|1785770902
|switch|p1b: Staraptor|Staraptor, L50, M|100/100
|-ability|p1b: Staraptor|Intimidate|boost
|-unboost|p2a: Swampert|atk|1
|-unboost|p2b: Archaludon|atk|1
|turn|4
|inactive|tavinn_n has 30 seconds left.
|
|t:|1785770941
|detailschange|p1b: Staraptor|Staraptor-Mega, L50, M
|-mega|p1b: Staraptor|Staraptor|Staraptite
|move|p2a: Swampert|Protect|p2a: Swampert
|-singleturn|p2a: Swampert|Protect
|move|p2b: Archaludon|Protect|p2b: Archaludon
|-singleturn|p2b: Archaludon|Protect
|move|p1b: Staraptor|Close Combat|p2b: Archaludon
|-activate|p2b: Archaludon|move: Protect
|move|p1a: Tyranitar|Rock Slide|p2b: Archaludon|[spread] 
|-activate|p2a: Swampert|move: Protect
|-activate|p2b: Archaludon|move: Protect
|
|-weather|Sandstorm|[upkeep]
|-damage|p1b: Staraptor|94/100|[from] Sandstorm
|upkeep
|turn|5
|
|t:|1785770958
|switch|p1a: Excadrill|Excadrill, L50, M|100/100
|switch|p2a: Politoed|Politoed, L50, F|100/100
|-weather|RainDance|[from] ability: Drizzle|[of] p2a: Politoed
|move|p1b: Staraptor|Tailwind|p1b: Staraptor
|-sidestart|p1: tavinn_n|move: Tailwind
|move|p2b: Archaludon|Electro Shot||[still]
|-prepare|p2b: Archaludon|Electro Shot
|-boost|p2b: Archaludon|spa|1
|-anim|p2b: Archaludon|Electro Shot|p1b: Staraptor
|-supereffective|p1b: Staraptor|1
|-damage|p1b: Staraptor|0 fnt
|faint|p1b: Staraptor
|
|-weather|RainDance|[upkeep]
|upkeep
|
|t:|1785770964
|switch|p1b: Tyranitar|Tyranitar, L50, M|100/100
|-weather|Sandstorm|[from] ability: Sand Stream|[of] p1b: Tyranitar
|turn|6
|
|t:|1785770983
|switch|p2a: Swampert|Swampert-Mega, L50, M|86/100
|move|p1a: Excadrill|Iron Head|p2a: Swampert
|-resisted|p2a: Swampert|1
|-damage|p2a: Swampert|68/100
|move|p1b: Tyranitar|Knock Off|p2a: Swampert
|-damage|p2a: Swampert|38/100
|move|p2b: Archaludon|Flash Cannon|p1b: Tyranitar
|-supereffective|p1b: Tyranitar|1
|-damage|p1b: Tyranitar|37/100
|
|-weather|Sandstorm|[upkeep]
|upkeep
|turn|7
|
|t:|1785771000
|switch|p2b: Politoed|Politoed, L50, F|100/100
|-weather|RainDance|[from] ability: Drizzle|[of] p2b: Politoed
|move|p1a: Excadrill|Iron Head|p2a: Swampert
|-resisted|p2a: Swampert|1
|-damage|p2a: Swampert|19/100
|move|p1b: Tyranitar|Knock Off|p2a: Swampert
|-damage|p2a: Swampert|0 fnt
|faint|p2a: Swampert
|
|-weather|RainDance|[upkeep]
|upkeep
|
|t:|1785771009
|switch|p2a: Archaludon|Archaludon, L50, F|70/100
|turn|8
|
|t:|1785771023
|move|p2a: Archaludon|Protect|p2a: Archaludon
|-singleturn|p2a: Archaludon|Protect
|move|p1a: Excadrill|Iron Head|p2b: Politoed
|-resisted|p2b: Politoed|1
|-damage|p2b: Politoed|81/100
|move|p1b: Tyranitar|Knock Off|p2b: Politoed
|-damage|p2b: Politoed|35/100
|-enditem|p2b: Politoed|Sitrus Berry|[from] move: Knock Off|[of] p1b: Tyranitar
|move|p2b: Politoed|Perish Song|p2b: Politoed
|-start|p1a: Excadrill|perish3|[silent]
|-start|p1b: Tyranitar|perish3|[silent]
|-start|p2a: Archaludon|perish3|[silent]
|-start|p2b: Politoed|perish3|[silent]
|-fieldactivate|move: Perish Song
|
|-weather|RainDance|[upkeep]
|-start|p1a: Excadrill|perish3
|-start|p1b: Tyranitar|perish3
|-start|p2a: Archaludon|perish3
|-start|p2b: Politoed|perish3
|-sideend|p1: tavinn_n|move: Tailwind
|upkeep
|turn|9
|
|t:|1785771039
|move|p1a: Excadrill|High Horsepower|p2a: Archaludon
|-supereffective|p2a: Archaludon|1
|-damage|p2a: Archaludon|8/100
|-ability|p2a: Archaludon|Stamina|boost
|-boost|p2a: Archaludon|def|1
|move|p1b: Tyranitar|High Horsepower|p2a: Archaludon
|-supereffective|p2a: Archaludon|1
|-damage|p2a: Archaludon|0 fnt
|faint|p2a: Archaludon
|move|p2b: Politoed|Weather Ball|p1a: Excadrill
|-supereffective|p1a: Excadrill|1
|-enditem|p1a: Excadrill|Focus Sash
|-damage|p1a: Excadrill|1/100
|
|-weather|RainDance|[upkeep]
|-start|p1a: Excadrill|perish2
|-start|p1b: Tyranitar|perish2
|-start|p2b: Politoed|perish2
|upkeep
|turn|10
|
|t:|1785771047
|move|p2b: Politoed|Protect|p2b: Politoed
|-singleturn|p2b: Politoed|Protect
|move|p1a: Excadrill|Iron Head|p2b: Politoed
|-activate|p2b: Politoed|move: Protect
|move|p1b: Tyranitar|Knock Off|p2b: Politoed
|-activate|p2b: Politoed|move: Protect
|
|-weather|RainDance|[upkeep]
|-start|p1a: Excadrill|perish1
|-start|p1b: Tyranitar|perish1
|-start|p2b: Politoed|perish1
|upkeep
|turn|11
|
|t:|1785771055
|move|p1a: Excadrill|Iron Head|p2b: Politoed
|-resisted|p2b: Politoed|1
|-damage|p2b: Politoed|16/100
|move|p1b: Tyranitar|Rock Slide|p2b: Politoed
|-damage|p2b: Politoed|0 fnt
|faint|p2b: Politoed
|
|win|tavinn_n
