|j|☆Kaizer_Ifrit
|j|☆olciax34
|html|Kaizer_Ifritolciax34    
|uhtml|bestof|Game 1 of a best-of-3
|t:|1756813265
|gametype|doubles
|player|p1|Kaizer_Ifrit|caitlin|1142
|player|p2|olciax34|clair|1152
|gen|9
|tier|[Gen 9] VGC 2025 Reg H (Bo3)
|rated|
|rule|Species Clause: Limit one of each Pokémon
|rule|Item Clause: Limit 1 of each item
|clearpoke
|poke|p1|Charizard, L50, M|
|poke|p1|Torkoal, L50, M|
|poke|p1|Incineroar, L50, M|
|poke|p1|Porygon2, L50|
|poke|p1|Ursaluna, L50, M|
|poke|p1|Jumpluff, L50, F|
|poke|p2|Typhlosion-Hisui, L50, F|
|poke|p2|Whimsicott, L50, M|
|poke|p2|Ursaluna-Bloodmoon, L50, M|
|poke|p2|Annihilape, L50, M|
|poke|p2|Ninetales-Alola, L50, F|
|poke|p2|Incineroar, L50, M|
|teampreview|4
|showteam|p1|Charizard||ChoiceSpecs|SolarPower|HeatWave,Overheat,ScorchingSands,WeatherBall|||M|||50|,,,,,Ghost]Torkoal||EjectPack|Drought|Overheat,Eruption,HelpingHand,Protect|||M|||50|,,,,,Grass]Incineroar||SafetyGoggles|Intimidate|FlareBlitz,KnockOff,FakeOut,PartingShot|||M|||50|,,,,,Ghost]Porygon2||Eviolite|Download|TeraBlast,IceBeam,TrickRoom,Recover||||||50|,,,,,Fighting]Ursaluna||FlameOrb|Guts|HeadlongRush,Facade,Earthquake,Protect|||M|||50|,,,,,Ghost]Jumpluff||CovertCloak|Chlorophyll|SleepPowder,Tailwind,SunnyDay,RagePowder|||F|||50|,,,,,Dark
|showteam|p2|Typhlosion-Hisui||ChoiceSpecs|Blaze|HeatWave,Overheat,Eruption,ShadowBall|||F|||50|,,,,,Fire]Whimsicott||CovertCloak|Prankster|Tailwind,Moonblast,BeatUp,SunnyDay|||M|||50|,,,,,Water]Ursaluna-Bloodmoon||AssaultVest|MindsEye|BloodMoon,HyperVoice,EarthPower,VacuumWave|||M|||50|,,,,,Water]Annihilape||Leftovers|Defiant|DrainPunch,BulkUp,RageFist,Protect|||M|||50|,,,,,Fire]Ninetales-Alola||LightClay|SnowWarning|Blizzard,FreezeDry,Protect,AuroraVeil|||F|||50|,,,,,Ghost]Incineroar||SitrusBerry|Intimidate|KnockOff,FlareBlitz,PartingShot,FakeOut|||M|||50|,,,,,Ghost
|inactive|Battle timer is ON: inactive players will automatically lose when time's up. (requested by Kaizer_Ifrit)
|inactive|Kaizer_Ifrit has 60 seconds left.
|inactive|olciax34 has 60 seconds left.
|inactive|olciax34 has 30 seconds left.
|
|t:|1756813329
|teamsize|p1|4
|teamsize|p2|4
|start
|switch|p1a: Tutel|Torkoal, L50, M|100/100
|switch|p1b: Puyo|Jumpluff, L50, F|100/100
|switch|p2a: Whimsicott|Whimsicott, L50, M|100/100
|switch|p2b: Typhlosion|Typhlosion-Hisui, L50, F|100/100
|-weather|SunnyDay|[from] ability: Drought|[of] p1a: Tutel
|turn|1
|
|t:|1756813348
|move|p2a: Whimsicott|Tailwind|p2a: Whimsicott
|-sidestart|p2: olciax34|move: Tailwind
|move|p1b: Puyo|Sleep Powder|p2b: Typhlosion
|-status|p2b: Typhlosion|slp|[from] move: Sleep Powder
|cant|p2b: Typhlosion|slp
|move|p1a: Tutel|Overheat|p2a: Whimsicott|[miss]
|-miss|p1a: Tutel|p2a: Whimsicott
|
|-weather|SunnyDay|[upkeep]
|upkeep
|turn|2
|
|t:|1756813362
|switch|p2a: Incineroar|Incineroar, L50, M|100/100
|-ability|p2a: Incineroar|Intimidate|boost
|-unboost|p1a: Tutel|atk|1
|-unboost|p1b: Puyo|atk|1
|-enditem|p1a: Tutel|Eject Pack
|
|t:|1756813370
|switch|p1a: Rawr|Charizard, L50, M, shiny|100/100
|move|p1b: Puyo|Tailwind|p1b: Puyo
|-sidestart|p1: Kaizer_Ifrit|move: Tailwind
|-curestatus|p2b: Typhlosion|slp|[msg]
|move|p2b: Typhlosion|Heat Wave|p1a: Rawr|[spread] p1a,p1b
|-resisted|p1a: Rawr
|-supereffective|p1b: Puyo
|-damage|p1a: Rawr|46/100
|-damage|p1b: Puyo|0 fnt
|faint|p1b: Puyo
|
|-weather|SunnyDay|[upkeep]
|-damage|p1a: Rawr|34/100|[from] ability: Solar Power|[of] p1a: Rawr
|upkeep
|
|t:|1756813376
|switch|p1b: Armor King|Incineroar, L50, M|100/100
|-ability|p1b: Armor King|Intimidate|boost
|-unboost|p2a: Incineroar|atk|1
|-unboost|p2b: Typhlosion|atk|1
|turn|3
|inactive|olciax34 has 30 seconds left.
|inactive|olciax34 has 20 seconds left.
|
|t:|1756813413
|-terastallize|p2a: Incineroar|Ghost
|move|p1b: Armor King|Fake Out|p2a: Incineroar
|-immune|p2a: Incineroar
|move|p1a: Rawr|Scorching Sands|p2b: Typhlosion
|-supereffective|p2b: Typhlosion
|-crit|p2b: Typhlosion
|-damage|p2b: Typhlosion|0 fnt
|faint|p2b: Typhlosion
|move|p2a: Incineroar|Knock Off|p1a: Rawr
|-damage|p1a: Rawr|0 fnt
|-enditem|p1a: Rawr|Choice Specs|[from] move: Knock Off|[of] p2a: Incineroar
|faint|p1a: Rawr
|
|-weather|SunnyDay|[upkeep]
|upkeep
|
|t:|1756813428
|switch|p1a: Tutel|Torkoal, L50, M|100/100
|switch|p2b: Ursaluna|Ursaluna-Bloodmoon, L50, M|100/100
|turn|4
|
|t:|1756813440
|move|p1a: Tutel|Helping Hand|p1b: Armor King
|-singleturn|p1b: Armor King|Helping Hand|[of] p1a: Tutel
|move|p1b: Armor King|Flare Blitz|p2b: Ursaluna
|-damage|p2b: Ursaluna|0 fnt
|faint|p2b: Ursaluna
|-damage|p1b: Armor King|68/100|[from] Recoil
|move|p2a: Incineroar|Parting Shot|p1b: Armor King
|-unboost|p1b: Armor King|atk|1
|-unboost|p1b: Armor King|spa|1
|
|t:|1756813451
|switch|p2a: Whimsicott|Whimsicott, L50, M|100/100|[from] Parting Shot
|
|-weather|SunnyDay|[upkeep]
|-sideend|p2: olciax34|move: Tailwind
|upkeep
|
|t:|1756813458
|switch|p2b: Incineroar|Incineroar, L50, M, tera:Ghost|100/100
|-ability|p2b: Incineroar|Intimidate|boost
|-unboost|p1a: Tutel|atk|1
|-unboost|p1b: Armor King|atk|1
|turn|5
|inactive|Kaizer_Ifrit has 30 seconds left.
|inactive|olciax34 has 30 seconds left.
|
|t:|1756813490
|move|p2b: Incineroar|Fake Out|p1a: Tutel
|-damage|p1a: Tutel|90/100
|move|p2a: Whimsicott|Moonblast|p1b: Armor King
|-damage|p1b: Armor King|41/100
|-unboost|p1b: Armor King|spa|1
|move|p1b: Armor King|Flare Blitz|p2a: Whimsicott
|-supereffective|p2a: Whimsicott
|-damage|p2a: Whimsicott|0 fnt
|faint|p2a: Whimsicott
|-damage|p1b: Armor King|16/100|[from] Recoil
|cant|p1a: Tutel|flinch
|
|-weather|none
|-sideend|p1: Kaizer_Ifrit|move: Tailwind
|upkeep
|turn|6
|
|t:|1756813509
|move|p1a: Tutel|Helping Hand|p1b: Armor King
|-singleturn|p1b: Armor King|Helping Hand|[of] p1a: Tutel
|move|p1b: Armor King|Knock Off|p2b: Incineroar
|-supereffective|p2b: Incineroar
|-damage|p2b: Incineroar|40/100
|-enditem|p2b: Incineroar|Sitrus Berry|[from] move: Knock Off|[of] p1b: Armor King
|move|p2b: Incineroar|Flare Blitz|p1b: Armor King
|-resisted|p1b: Armor King
|-damage|p1b: Armor King|0 fnt
|faint|p1b: Armor King
|-damage|p2b: Incineroar|35/100|[from] Recoil
|
|upkeep
|turn|7
|
|t:|1756813525
|move|p2b: Incineroar|Knock Off|p1a: Tutel
|-damage|p1a: Tutel|67/100
|move|p1a: Tutel|Overheat|p2b: Incineroar
|-damage|p2b: Incineroar|0 fnt
|-unboost|p1a: Tutel|spa|2
|faint|p2b: Incineroar
|
|win|Kaizer_Ifrit
||Kaizer_Ifrit is ready for game 2.
||Kaizer_Ifrit is ready for game 2.
||olciax34 is ready for game 2.
|uhtml|next|Next: Game 2 of 3
|l|☆olciax34
|player|p2|
