|j|☆bujero
|j|☆Welosethose!
|html|bujeroWelosethose!    
|uhtml|bestof|Game 3 of a best-of-3
|t:|1756945337
|gametype|doubles
|player|p1|bujero|acetrainercouple|1108
|player|p2|Welosethose!|hilbert|1187
|gen|9
|tier|[Gen 9] VGC 2025 Reg H (Bo3)
|rated|
|rule|Species Clause: Limit one of each Pokémon
|rule|Item Clause: Limit 1 of each item
|clearpoke
|poke|p1|Rillaboom, L50, M|
|poke|p1|Kingambit, L50, M|
|poke|p1|Sneasler, L50, M|
|poke|p1|Electabuzz, L50, M|
|poke|p1|Dragonite, L50, M|
|poke|p1|Volcarona, L50, F|
|poke|p2|Politoed, L50, M|
|poke|p2|Gothitelle, L50, F|
|poke|p2|Kingdra, L50, F|
|poke|p2|Archaludon, L50, M|
|poke|p2|Amoonguss, L50, M|
|poke|p2|Incineroar, L50, F|
|teampreview|4
|showteam|p1|Rillaboom||AssaultVest|GrassySurge|FakeOut,WoodHammer,HighHorsepower,GrassyGlide|||M|||50|,,,,,Fire]Kingambit||BlackGlasses|Defiant|KowtowCleave,SuckerPunch,SwordsDance,Protect|||M|||50|,,,,,Dark]Sneasler||GrassySeed|Unburden|CloseCombat,DireClaw,Protect,Coaching|||M|||50|,,,,,Stellar]Electabuzz||Eviolite|VitalSpirit|Electroweb,Taunt,FollowMe,Protect|||M|||50|,,,,,Dragon]Dragonite||LoadedDice|Multiscale|ScaleShot,Tailwind,Protect,Haze|||M|||50|,,,,,Fairy]Volcarona||CovertCloak|FlameBody|QuiverDance,TeraBlast,HeatWave,Protect|||F|||50|,,,,,Fairy
|showteam|p2|Politoed||Leftovers|Drizzle|WeatherBall,Encore,PerishSong,Protect|||M|||50|,,,,,Grass]Gothitelle||SitrusBerry|ShadowTag|FakeOut,Psychic,TrickRoom,Protect|||F|||50|,,,,,Dark]Kingdra||LifeOrb|SwiftSwim|WeatherBall,MuddyWater,DracoMeteor,Protect|||F|||50|,,,,,Stellar]Archaludon||PowerHerb|Sturdy|ElectroShot,FlashCannon,DragonPulse,Protect|||M|||50|,,,,,Electric]Amoonguss||EjectButton|Regenerator|PollenPuff,Spore,RagePowder,Protect|||M|||50|,,,,,Fairy]Incineroar||SafetyGoggles|Intimidate|FakeOut,KnockOff,PartingShot,Protect|||F|||50|,,,,,Ghost
|inactive|Battle timer is ON: inactive players will automatically lose when time's up. (requested by bujero)
|
|t:|1756945360
|teamsize|p1|4
|teamsize|p2|4
|start
|switch|p1a: Rillaboom|Rillaboom, L50, M, shiny|100/100
|switch|p1b: Electabuzz|Electabuzz, L50, M, shiny|100/100
|switch|p2a: Incineroar|Incineroar, L50, F|100/100
|switch|p2b: Gothitelle|Gothitelle, L50, F|100/100
|-fieldstart|move: Grassy Terrain|[from] ability: Grassy Surge|[of] p1a: Rillaboom
|-ability|p2a: Incineroar|Intimidate|boost
|-unboost|p1a: Rillaboom|atk|1
|-unboost|p1b: Electabuzz|atk|1
|turn|1
|
|t:|1756945381
|move|p1a: Rillaboom|Fake Out|p2b: Gothitelle
|-damage|p2b: Gothitelle|91/100
|cant|p2b: Gothitelle|flinch
|move|p1b: Electabuzz|Taunt|p2b: Gothitelle
|-start|p2b: Gothitelle|move: Taunt
|move|p2a: Incineroar|Parting Shot|p1b: Electabuzz
|-unboost|p1b: Electabuzz|atk|1
|-unboost|p1b: Electabuzz|spa|1
|
|t:|1756945389
|switch|p2a: Politoed|Politoed, L50, M|100/100|[from] Parting Shot
|-weather|RainDance|[from] ability: Drizzle|[of] p2a: Politoed
|
|-weather|RainDance|[upkeep]
|-heal|p2b: Gothitelle|98/100|[from] Grassy Terrain
|upkeep
|turn|2
|inactive|bujero has 30 seconds left.
|inactive|Welosethose! has 30 seconds left.
|
|t:|1756945423
|switch|p2a: Incineroar|Incineroar, L50, F|100/100
|-ability|p2a: Incineroar|Intimidate|boost
|-unboost|p1a: Rillaboom|atk|1
|-unboost|p1b: Electabuzz|atk|1
|move|p1b: Electabuzz|Taunt|p2a: Incineroar
|-start|p2a: Incineroar|move: Taunt
|move|p1a: Rillaboom|Wood Hammer|p2b: Gothitelle
|-damage|p2b: Gothitelle|59/100
|-damage|p1a: Rillaboom|89/100|[from] Recoil
|move|p2b: Gothitelle|Psychic|p1b: Electabuzz
|-damage|p1b: Electabuzz|73/100
|
|-weather|RainDance|[upkeep]
|-heal|p1b: Electabuzz|79/100|[from] Grassy Terrain
|-heal|p1a: Rillaboom|95/100|[from] Grassy Terrain
|-heal|p2b: Gothitelle|65/100|[from] Grassy Terrain
|upkeep
|turn|3
|
|t:|1756945442
|switch|p2b: Archaludon|Archaludon, L50, M|100/100
|move|p1b: Electabuzz|Electroweb|p2b: Archaludon|[spread] p2a,p2b
|-resisted|p2b: Archaludon
|-damage|p2a: Incineroar|94/100
|-damage|p2b: Archaludon|93/100
|-unboost|p2a: Incineroar|spe|1
|-unboost|p2b: Archaludon|spe|1
|move|p1a: Rillaboom|Wood Hammer|p2b: Archaludon
|-resisted|p2b: Archaludon
|-damage|p2b: Archaludon|84/100
|-damage|p1a: Rillaboom|92/100|[from] Recoil
|move|p2a: Incineroar|Knock Off|p1b: Electabuzz
|-damage|p1b: Electabuzz|49/100
|-enditem|p1b: Electabuzz|Eviolite|[from] move: Knock Off|[of] p2a: Incineroar
|
|-weather|RainDance|[upkeep]
|-heal|p1b: Electabuzz|55/100|[from] Grassy Terrain
|-heal|p1a: Rillaboom|98/100|[from] Grassy Terrain
|-heal|p2b: Archaludon|90/100|[from] Grassy Terrain
|-heal|p2a: Incineroar|99/100|[from] Grassy Terrain
|upkeep
|turn|4
|
|t:|1756945461
|switch|p1a: Sneasler|Sneasler, L50, M, shiny|100/100
|-enditem|p1a: Sneasler|Grassy Seed
|-boost|p1a: Sneasler|def|1|[from] item: Grassy Seed
|move|p1b: Electabuzz|Follow Me|p1b: Electabuzz
|-singleturn|p1b: Electabuzz|move: Follow Me
|move|p2b: Archaludon|Electro Shot||[still]
|-prepare|p2b: Archaludon|Electro Shot
|-boost|p2b: Archaludon|spa|1
|-anim|p2b: Archaludon|Electro Shot|p1b: Electabuzz
|-resisted|p1b: Electabuzz
|-damage|p1b: Electabuzz|11/100
|move|p2a: Incineroar|Knock Off|p1b: Electabuzz
|-damage|p1b: Electabuzz|0 fnt
|faint|p1b: Electabuzz
|
|-weather|RainDance|[upkeep]
|-heal|p2b: Archaludon|96/100|[from] Grassy Terrain
|-heal|p2a: Incineroar|100/100|[from] Grassy Terrain
|-end|p2a: Incineroar|move: Taunt
|upkeep
|
|t:|1756945475
|switch|p1b: Rillaboom|Rillaboom, L50, M, shiny|98/100
|turn|5
|inactive|Welosethose! has 30 seconds left.
|
|t:|1756945511
|switch|p2b: Gothitelle|Gothitelle, L50, F|65/100
|move|p1a: Sneasler|Close Combat|p2b: Gothitelle
|-resisted|p2b: Gothitelle
|-damage|p2b: Gothitelle|33/100
|-unboost|p1a: Sneasler|def|1
|-unboost|p1a: Sneasler|spd|1
|-enditem|p2b: Gothitelle|Sitrus Berry|[eat]
|-heal|p2b: Gothitelle|58/100|[from] item: Sitrus Berry
|move|p1b: Rillaboom|High Horsepower|p2b: Gothitelle
|-damage|p2b: Gothitelle|28/100
|move|p2a: Incineroar|Parting Shot|p1b: Rillaboom
|-unboost|p1b: Rillaboom|atk|1
|-unboost|p1b: Rillaboom|spa|1
|
|t:|1756945531
|switch|p2a: Politoed|Politoed, L50, M|100/100|[from] Parting Shot
|
|-weather|none
|-heal|p1b: Rillaboom|100/100|[from] Grassy Terrain
|-heal|p2b: Gothitelle|34/100|[from] Grassy Terrain
|-fieldend|move: Grassy Terrain
|upkeep
|turn|6
|
|t:|1756945549
|-terastallize|p2a: Politoed|Grass
|move|p2b: Gothitelle|Fake Out|p1a: Sneasler
|-damage|p1a: Sneasler|90/100
|cant|p1a: Sneasler|flinch
|move|p1b: Rillaboom|High Horsepower|p2b: Gothitelle
|-damage|p2b: Gothitelle|15/100
|move|p2a: Politoed|Perish Song|p2a: Politoed
|-start|p1a: Sneasler|perish3|[silent]
|-start|p1b: Rillaboom|perish3|[silent]
|-start|p2a: Politoed|perish3|[silent]
|-start|p2b: Gothitelle|perish3|[silent]
|-fieldactivate|move: Perish Song
|
|-start|p1a: Sneasler|perish3
|-start|p1b: Rillaboom|perish3
|-start|p2a: Politoed|perish3
|-start|p2b: Gothitelle|perish3
|upkeep
|turn|7
|
|t:|1756945566
|switch|p2a: Incineroar|Incineroar, L50, F|100/100
|-ability|p2a: Incineroar|Intimidate|boost
|-unboost|p1a: Sneasler|atk|1
|-unboost|p1b: Rillaboom|atk|1
|move|p2b: Gothitelle|Protect|p2b: Gothitelle
|-singleturn|p2b: Gothitelle|Protect
|move|p1a: Sneasler|Coaching|p1b: Rillaboom
|-boost|p1b: Rillaboom|atk|1
|-boost|p1b: Rillaboom|def|1
|move|p1b: Rillaboom|High Horsepower|p2b: Gothitelle
|-activate|p2b: Gothitelle|move: Protect
|
|-start|p1a: Sneasler|perish2
|-start|p1b: Rillaboom|perish2
|-start|p2b: Gothitelle|perish2
|upkeep
|turn|8
|
|t:|1756945578
|switch|p2b: Politoed|Politoed, L50, M, tera:Grass|100/100
|-weather|RainDance|[from] ability: Drizzle|[of] p2b: Politoed
|move|p1a: Sneasler|Dire Claw|p2b: Politoed
|-supereffective|p2b: Politoed
|-damage|p2b: Politoed|40/100
|move|p1b: Rillaboom|Wood Hammer|p2b: Politoed
|-resisted|p2b: Politoed
|-damage|p2b: Politoed|20/100
|-damage|p1b: Rillaboom|94/100|[from] Recoil
|move|p2a: Incineroar|Parting Shot|p1b: Rillaboom
|-unboost|p1b: Rillaboom|atk|1
|-unboost|p1b: Rillaboom|spa|1
|
|t:|1756945592
|switch|p2a: Gothitelle|Gothitelle, L50, F|15/100|[from] Parting Shot
|
|-weather|RainDance|[upkeep]
|-heal|p2b: Politoed|26/100|[from] item: Leftovers
|-start|p1a: Sneasler|perish1
|-start|p1b: Rillaboom|perish1
|upkeep
|turn|9
|
|t:|1756945615
|switch|p2a: Incineroar|Incineroar, L50, F|100/100
|-ability|p2a: Incineroar|Intimidate|boost
|-unboost|p1a: Sneasler|atk|1
|-unboost|p1b: Rillaboom|atk|1
|move|p2b: Politoed|Protect|p2b: Politoed
|-singleturn|p2b: Politoed|Protect
|move|p1a: Sneasler|Dire Claw|p2a: Incineroar
|-damage|p2a: Incineroar|79/100
|move|p1b: Rillaboom|Wood Hammer|p2a: Incineroar
|-resisted|p2a: Incineroar
|-damage|p2a: Incineroar|69/100
|-damage|p1b: Rillaboom|90/100|[from] Recoil
|
|-weather|RainDance|[upkeep]
|-heal|p2b: Politoed|32/100|[from] item: Leftovers
|-start|p1a: Sneasler|perish0
|-start|p1b: Rillaboom|perish0
|faint|p1a: Sneasler
|faint|p1b: Rillaboom
|upkeep
|
|t:|1756945628
|switch|p1b: Kingambit|Kingambit, L50, M, shiny|100/100
|turn|10
|
|t:|1756945632
|move|p2a: Incineroar|Fake Out|p1b: Kingambit
|-resisted|p1b: Kingambit
|-damage|p1b: Kingambit|96/100
|move|p2b: Politoed|Perish Song|p2b: Politoed
|-start|p1b: Kingambit|perish3|[silent]
|-start|p2a: Incineroar|perish3|[silent]
|-start|p2b: Politoed|perish3|[silent]
|-fieldactivate|move: Perish Song
|cant|p1b: Kingambit|flinch
|
|-weather|RainDance|[upkeep]
|-heal|p2b: Politoed|38/100|[from] item: Leftovers
|-start|p2b: Politoed|perish3
|-start|p1b: Kingambit|perish3
|-start|p2a: Incineroar|perish3
|upkeep
|turn|11
|l|☆bujero
|inactive|bujero disconnected and has a minute to reconnect!
|player|p1|
|inactive|bujero has 30 seconds left.
|j|☆bujero
|inactive|bujero reconnected and has 30 seconds left.
|player|p1|bujero|acetrainercouple|
|-message|bujero forfeited.
|
|win|Welosethose!
|raw|bujero's rating: 1108 → 1089(-19 for losing)
|raw|Welosethose!'s rating: 1187 → 1206(+19 for winning)
|l|☆bujero
|player|p1|
