|j|☆1OO% Jesus
|j|☆dingolino
|html|1OO% Jesusdingolino    
|uhtml|bestof|Game 2 of a best-of-3
|t:|1783524913
|gametype|doubles
|player|p1|1OO% Jesus|lillie-z|1176
|player|p2|dingolino|musician|1136
|gen|9
|tier|[Gen 9 Champions] VGC 2026 Reg M-B (Bo3)
|rated|
|rule|Species Clause: Limit one of each Pokémon
|rule|Item Clause: Limit 1 of each item
|clearpoke
|poke|p1|Delphox, L50, M|
|poke|p1|Sneasler, L50, M|
|poke|p1|Incineroar, L50, F|
|poke|p1|Sinistcha, L50|
|poke|p1|Maushold-Four, L50|
|poke|p1|Blastoise, L50, M|
|poke|p2|Blastoise, L50, M|
|poke|p2|Sneasler, L50, M|
|poke|p2|Liepard, L50, F|
|poke|p2|Sinistcha, L50|
|poke|p2|Delphox, L50, M|
|poke|p2|Dragonite, L50, F|
|teampreview|4
|showteam|p1|Delphox||Delphoxite|Blaze|HeatWave,Psyshock,NastyPlot,Protect|Timid||M|||50|]Sneasler||FocusSash|PoisonTouch|CloseCombat,PoisonJab,FakeOut,QuickGuard|Jolly||M|||50|]Incineroar||SitrusBerry|Intimidate|FlareBlitz,ThroatChop,FakeOut,PartingShot|Impish||F|||50|]Sinistcha||OccaBerry|Hospitality|MatchaGotcha,RagePowder,LifeDew,Protect|Bold|||||50|]Maushold-Four||ChopleBerry|FriendGuard|FollowMe,Feint,HelpingHand,Protect|Impish|||||50|]Blastoise||Blastoisinite|RainDish|WaterSpout,DarkPulse,ShellSmash,Protect|Modest||M|||50|
|showteam|p2|Blastoise||Blastoisinite|RainDish|WaterSpout,DarkPulse,Protect,ShellSmash|Modest||M|||50|]Sneasler||FocusSash|Unburden|QuickGuard,FakeOut,DireClaw,CloseCombat|Adamant||M|||50|]Liepard||ChopleBerry|Prankster|FakeOut,Yawn,Encore,KnockOff|Adamant||F|||50|]Sinistcha||KasibBerry|Hospitality|RagePowder,MatchaGotcha,TrickRoom,Protect|Bold|||||50|]Delphox||Delphoxite|Blaze|HeatWave,NastyPlot,Psyshock,Protect|Timid||M|||50|]Dragonite||RoseliBerry|Multiscale|Tailwind,DragonClaw,Protect,ExtremeSpeed|Adamant||F|||50|
|inactive|Battle timer is ON: inactive players will automatically lose when time's up. (requested by dingolino)
|inactive|1OO% Jesus has 60 seconds left.
|
|t:|1783524970
|teamsize|p1|4
|teamsize|p2|4
|start
|switch|p1a: Sneasler|Sneasler, L50, M|100/100
|switch|p1b: Blastoise|Blastoise, L50, M|100/100
|switch|p2a: Sneasler|Sneasler, L50, M|100/100
|switch|p2b: Delphox|Delphox, L50, M|100/100
|turn|1
|
|t:|1783524995
|switch|p2b: Dragonite|Dragonite, L50, F|100/100
|detailschange|p1b: Blastoise|Blastoise-Mega, L50, M
|-mega|p1b: Blastoise|Blastoise|Blastoisinite
|move|p1a: Sneasler|Fake Out|p2a: Sneasler
|-damage|p2a: Sneasler|75/100
|cant|p2a: Sneasler|flinch
|move|p1b: Blastoise|Shell Smash|p1b: Blastoise
|-unboost|p1b: Blastoise|def|1
|-unboost|p1b: Blastoise|spd|1
|-boost|p1b: Blastoise|atk|2
|-boost|p1b: Blastoise|spa|2
|-boost|p1b: Blastoise|spe|2
|
|upkeep
|turn|2
|inactive|dingolino has 30 seconds left.
|
|t:|1783525025
|move|p1b: Blastoise|Water Spout|p2a: Sneasler|[spread] p2a,p2b
|-resisted|p2b: Dragonite|1
|-damage|p2a: Sneasler|0 fnt
|-damage|p2b: Dragonite|71/100
|faint|p2a: Sneasler
|move|p1a: Sneasler|Poison Jab|p2b: Dragonite
|-damage|p2b: Dragonite|29/100
|-status|p2b: Dragonite|psn
|move|p2b: Dragonite|Tailwind|p2b: Dragonite
|-sidestart|p2: dingolino|move: Tailwind
|
|-damage|p2b: Dragonite|17/100 psn|[from] psn
|upkeep
|
|t:|1783525043
|switch|p2a: Delphox|Delphox, L50, M|100/100
|turn|3
|inactive|1OO% Jesus has 30 seconds left.
|
|t:|1783525072
|detailschange|p2a: Delphox|Delphox-Mega, L50, M
|-mega|p2a: Delphox|Delphox|Delphoxite
|move|p1b: Blastoise|Protect|p1b: Blastoise
|-singleturn|p1b: Blastoise|Protect
|move|p2a: Delphox|Psyshock|p1a: Sneasler
|-supereffective|p1a: Sneasler|2
|-enditem|p1a: Sneasler|Focus Sash
|-damage|p1a: Sneasler|1/100
|move|p2b: Dragonite|Dragon Claw|p1a: Sneasler
|-damage|p1a: Sneasler|0 fnt
|faint|p1a: Sneasler
|
|-damage|p2b: Dragonite|5/100 psn|[from] psn
|upkeep
|
|t:|1783525081
|switch|p1a: Sinistcha|Sinistcha, L50|100/100
|turn|4
|inactive|dingolino has 30 seconds left.
|
|t:|1783525106
|move|p1a: Sinistcha|Rage Powder|p1a: Sinistcha
|-singleturn|p1a: Sinistcha|move: Rage Powder
|move|p2a: Delphox|Heat Wave|p1b: Blastoise|[spread] p1a
|-miss|p2a: Delphox|p1b: Blastoise
|-supereffective|p1a: Sinistcha|1
|-enditem|p1a: Sinistcha|Occa Berry|[eat]
|-enditem|p1a: Sinistcha|Occa Berry|[weaken]
|-damage|p1a: Sinistcha|58/100
|move|p1b: Blastoise|Water Spout|p2a: Delphox|[spread] p2a,p2b
|-supereffective|p2a: Delphox|1
|-resisted|p2b: Dragonite|1
|-damage|p2a: Delphox|0 fnt
|-damage|p2b: Dragonite|0 fnt
|faint|p2a: Delphox
|faint|p2b: Dragonite
|
|upkeep
|
|t:|1783525122
|switch|p2a: Liepard|Liepard, L50, F|100/100
|turn|5
|
|t:|1783525128
|switch|p1a: Incineroar|Incineroar, L50, F|100/100
|-ability|p1a: Incineroar|Intimidate|boost
|-unboost|p2a: Liepard|atk|1
|move|p1b: Blastoise|Protect|p1b: Blastoise
|-singleturn|p1b: Blastoise|Protect
|move|p2a: Liepard|Yawn|p1b: Blastoise
|-activate|p1b: Blastoise|move: Protect
|
|-sideend|p2: dingolino|move: Tailwind
|upkeep
|turn|6
|
|t:|1783525137
|move|p1a: Incineroar|Fake Out|p2a: Liepard
|-damage|p2a: Liepard|85/100
|cant|p2a: Liepard|flinch
|move|p1b: Blastoise|Water Spout|p2a: Liepard
|-damage|p2a: Liepard|0 fnt
|faint|p2a: Liepard
|
|win|1OO% Jesus
