|j|☆Balester
|j|☆saboyita
|html|Balestersaboyita    
|uhtml|bestof|Game 2 of a best-of-3
|t:|1756423091
|gametype|doubles
|player|p1|Balester|colress|1099
|player|p2|saboyita|grimsley|1116
|gen|9
|tier|[Gen 9] VGC 2025 Reg H (Bo3)
|rated|
|rule|Species Clause: Limit one of each Pokémon
|rule|Item Clause: Limit 1 of each item
|clearpoke
|poke|p1|Frosmoth, L50, F|
|poke|p1|Ninetales-Alola, L50, F|
|poke|p1|Garchomp, L50, M|
|poke|p1|Incineroar, L50, M|
|poke|p1|Rillaboom, L50, M|
|poke|p1|Mandibuzz, L50, F|
|poke|p2|Amoonguss, L50, F|
|poke|p2|Hydreigon, L50, F|
|poke|p2|Whimsicott, L50, M|
|poke|p2|Maushold-Four, L50|
|poke|p2|Annihilape, L50, M|
|poke|p2|Ursaluna-Bloodmoon, L50, M|
|teampreview|4
|showteam|p1|Frosmoth||Leftovers|IceScales|QuiverDance,Blizzard,TeraBlast,WideGuard|||F|||50|,,,,,Water]Ninetales-Alola||LifeOrb|SnowWarning|FreezeDry,IcyWind,Moonblast,AuroraVeil|||F|||50|,,,,,Ghost]Garchomp||ClearAmulet|RoughSkin|StompingTantrum,BreakingSwipe,RockSlide,Protect|||M|||50|,,,,,Fire]Incineroar||SitrusBerry|Intimidate|FakeOut,FlareBlitz,KnockOff,PartingShot|||M|||50|,,,,,Ghost]Rillaboom||AssaultVest|GrassySurge|FakeOut,WoodHammer,GrassyGlide,HighHorsepower|||M|||50|,,,,,Fire]Mandibuzz||RockyHelmet|Overcoat|Tailwind,Snarl,FoulPlay,Taunt|||F|||50|,,,,,Dark
|showteam|p2|Amoonguss||MentalHerb|Regenerator|ClearSmog,Spore,RagePowder,Protect|||F|||50|,,,,,Water]Hydreigon||ChoiceSpecs|Levitate|Snarl,HeatWave,DarkPulse,DracoMeteor|||F|||50|,,,,,Ghost]Whimsicott||CovertCloak|Prankster|BeatUp,Encore,HelpingHand,Tailwind|||M|||50|,,,,,Dark]Maushold-Four||WideLens|Technician|PopulationBomb,Taunt,FollowMe,Protect||||||50|,,,,,Ghost]Annihilape||Leftovers|Defiant|RageFist,CloseCombat,FinalGambit,Protect|||M|||50|,,,,,Fire]Ursaluna-Bloodmoon||LifeOrb|MindsEye|HyperVoice,EarthPower,BloodMoon,Protect|||M|||50|,,,,,Water
|inactive|Battle timer is ON: inactive players will automatically lose when time's up. (requested by saboyita)
|inactive|saboyita has 60 seconds left.
|
|t:|1756423149
|teamsize|p1|4
|teamsize|p2|4
|start
|switch|p1a: Ninetales|Ninetales-Alola, L50, F|100/100
|switch|p1b: Rillaboom|Rillaboom, L50, M|100/100
|switch|p2a: Whimsicott|Whimsicott, L50, M|100/100
|switch|p2b: Annihilape|Annihilape, L50, M|100/100
|-weather|Snowscape|[from] ability: Snow Warning|[of] p1a: Ninetales
|-fieldstart|move: Grassy Terrain|[from] ability: Grassy Surge|[of] p1b: Rillaboom
|turn|1
|inactive|saboyita has 30 seconds left.
|
|t:|1756423176
|-terastallize|p2b: Annihilape|Fire
|move|p2a: Whimsicott|Beat Up|p2b: Annihilape
|-damage|p2b: Annihilape|98/100
|-damage|p2b: Annihilape|96/100
|-damage|p2b: Annihilape|94/100
|-damage|p2b: Annihilape|91/100
|-hitcount|p2b: Annihilape|4
|move|p1a: Ninetales|Aurora Veil|p1a: Ninetales
|-sidestart|p1: Balester|move: Aurora Veil
|move|p2b: Annihilape|Rage Fist|p1a: Ninetales
|-damage|p1a: Ninetales|27/100
|move|p1b: Rillaboom|High Horsepower|p2b: Annihilape
|-supereffective|p2b: Annihilape
|-damage|p2b: Annihilape|12/100
|
|-weather|Snowscape|[upkeep]
|-heal|p1a: Ninetales|33/100|[from] Grassy Terrain
|-heal|p2b: Annihilape|18/100|[from] Grassy Terrain
|-heal|p2b: Annihilape|25/100|[from] item: Leftovers
|upkeep
|turn|2
|inactive|saboyita has 30 seconds left.
|
|t:|1756423204
|switch|p1b: Frosmoth|Frosmoth, L50, F|100/100
|move|p2a: Whimsicott|Tailwind|p2a: Whimsicott
|-sidestart|p2: saboyita|move: Tailwind
|move|p2b: Annihilape|Rage Fist|p1b: Frosmoth
|-damage|p1b: Frosmoth|33/100
|move|p1a: Ninetales|Moonblast|p2b: Annihilape
|-resisted|p2b: Annihilape
|-damage|p2b: Annihilape|2/100
|-damage|p1a: Ninetales|24/100|[from] item: Life Orb
|
|-weather|Snowscape|[upkeep]
|-heal|p2b: Annihilape|8/100|[from] Grassy Terrain
|-heal|p2b: Annihilape|14/100|[from] item: Leftovers
|-heal|p1a: Ninetales|30/100|[from] Grassy Terrain
|-heal|p1b: Frosmoth|39/100|[from] Grassy Terrain
|-heal|p1b: Frosmoth|45/100|[from] item: Leftovers
|upkeep
|turn|3
|inactive|saboyita has 30 seconds left.
|
|t:|1756423236
|switch|p2a: Maushold|Maushold-Four, L50|100/100
|move|p2b: Annihilape|Protect|p2b: Annihilape
|-singleturn|p2b: Annihilape|Protect
|move|p1a: Ninetales|Moonblast|p2b: Annihilape
|-activate|p2b: Annihilape|move: Protect
|move|p1b: Frosmoth|Blizzard|p2a: Maushold|[spread] p2a
|-activate|p2b: Annihilape|move: Protect
|-damage|p2a: Maushold|44/100
|-status|p2a: Maushold|frz
|
|-weather|Snowscape|[upkeep]
|-heal|p2a: Maushold|50/100 frz|[from] Grassy Terrain
|-heal|p2b: Annihilape|20/100|[from] Grassy Terrain
|-heal|p2b: Annihilape|26/100|[from] item: Leftovers
|-heal|p1a: Ninetales|36/100|[from] Grassy Terrain
|-heal|p1b: Frosmoth|51/100|[from] Grassy Terrain
|-heal|p1b: Frosmoth|58/100|[from] item: Leftovers
|upkeep
|turn|4
|
|t:|1756423256
|cant|p2a: Maushold|frz
|move|p2b: Annihilape|Rage Fist|p1a: Ninetales
|-damage|p1a: Ninetales|0 fnt
|faint|p1a: Ninetales
|move|p1b: Frosmoth|Blizzard|p2b: Annihilape|[spread] p2a,p2b
|-resisted|p2b: Annihilape
|-damage|p2a: Maushold|0 fnt
|-damage|p2b: Annihilape|10/100
|faint|p2a: Maushold
|
|-weather|Snowscape|[upkeep]
|-heal|p2b: Annihilape|16/100|[from] Grassy Terrain
|-heal|p2b: Annihilape|22/100|[from] item: Leftovers
|-heal|p1b: Frosmoth|64/100|[from] Grassy Terrain
|-heal|p1b: Frosmoth|70/100|[from] item: Leftovers
|upkeep
|
|t:|1756423272
|switch|p2a: Hydreigon|Hydreigon, L50, F|100/100
|switch|p1a: Rillaboom|Rillaboom, L50, M|100/100
|turn|5
|
|t:|1756423291
|move|p1a: Rillaboom|Fake Out|p2a: Hydreigon
|-damage|p2a: Hydreigon|81/100
|cant|p2a: Hydreigon|flinch
|move|p2b: Annihilape|Rage Fist|p1a: Rillaboom
|-damage|p1a: Rillaboom|0 fnt
|faint|p1a: Rillaboom
|move|p1b: Frosmoth|Blizzard|p2a: Hydreigon|[spread] p2a,p2b
|-supereffective|p2a: Hydreigon
|-resisted|p2b: Annihilape
|-damage|p2a: Hydreigon|0 fnt
|-damage|p2b: Annihilape|4/100
|faint|p2a: Hydreigon
|
|-weather|none
|-heal|p2b: Annihilape|10/100|[from] Grassy Terrain
|-heal|p2b: Annihilape|16/100|[from] item: Leftovers
|-heal|p1b: Frosmoth|76/100|[from] Grassy Terrain
|-heal|p1b: Frosmoth|82/100|[from] item: Leftovers
|-sideend|p2: saboyita|move: Tailwind
|-sideend|p1: Balester|move: Aurora Veil
|-fieldend|move: Grassy Terrain
|upkeep
|
|t:|1756423301
|switch|p2a: Whimsicott|Whimsicott, L50, M|100/100
|switch|p1a: Garchomp|Garchomp, L50, M|100/100
|turn|6
|inactive|saboyita has 30 seconds left.
|
|t:|1756423330
|-terastallize|p1b: Frosmoth|Water
|move|p2b: Annihilape|Protect|p2b: Annihilape
|-singleturn|p2b: Annihilape|Protect
|move|p2a: Whimsicott|Tailwind|p2a: Whimsicott
|-sidestart|p2: saboyita|move: Tailwind
|move|p1a: Garchomp|Breaking Swipe|p2b: Annihilape|[spread] 
|-activate|p2b: Annihilape|move: Protect
|-immune|p2a: Whimsicott
|move|p1b: Frosmoth|Tera Blast|p2b: Annihilape|[anim] Tera Blast Water
|-activate|p2b: Annihilape|move: Protect
|
|-heal|p2b: Annihilape|22/100|[from] item: Leftovers
|-heal|p1b: Frosmoth|89/100|[from] item: Leftovers
|upkeep
|turn|7
|
|t:|1756423352
|move|p2a: Whimsicott|Encore|p1a: Garchomp
|-start|p1a: Garchomp|Encore
|move|p2b: Annihilape|Rage Fist|p1b: Frosmoth
|-damage|p1b: Frosmoth|0 fnt
|faint|p1b: Frosmoth
|move|p1a: Garchomp|Breaking Swipe|p2b: Annihilape|[spread] p2b
|-immune|p2a: Whimsicott
|-damage|p2b: Annihilape|0 fnt
|faint|p2b: Annihilape
|
|upkeep
|turn|8
|
|t:|1756423364
|move|p2a: Whimsicott|Beat Up|p1a: Garchomp
|-damage|p1a: Garchomp|99/100
|-hitcount|p1a: Garchomp|1
|move|p1a: Garchomp|Breaking Swipe|p2a: Whimsicott
|-immune|p2a: Whimsicott
|
|upkeep
|turn|9
|
|t:|1756423371
|move|p2a: Whimsicott|Beat Up|p1a: Garchomp
|-crit|p1a: Garchomp
|-damage|p1a: Garchomp|96/100
|-hitcount|p1a: Garchomp|1
|move|p1a: Garchomp|Breaking Swipe|p2a: Whimsicott
|-immune|p2a: Whimsicott
|
|-end|p1a: Garchomp|Encore
|-sideend|p2: saboyita|move: Tailwind
|upkeep
|turn|10
|
|t:|1756423384
|move|p2a: Whimsicott|Encore|p1a: Garchomp
|-start|p1a: Garchomp|Encore
|move|p1a: Garchomp|Breaking Swipe|p2a: Whimsicott
|-immune|p2a: Whimsicott
|
|upkeep
|turn|11
|
|t:|1756423393
|move|p2a: Whimsicott|Beat Up|p1a: Garchomp
|-damage|p1a: Garchomp|94/100
|-hitcount|p1a: Garchomp|1
|move|p1a: Garchomp|Breaking Swipe|p2a: Whimsicott
|-immune|p2a: Whimsicott
|
|upkeep
|turn|12
|
|t:|1756423399
|move|p2a: Whimsicott|Beat Up|p1a: Garchomp
|-damage|p1a: Garchomp|93/100
|-hitcount|p1a: Garchomp|1
|move|p1a: Garchomp|Breaking Swipe|p2a: Whimsicott
|-immune|p2a: Whimsicott
|
|-end|p1a: Garchomp|Encore
|upkeep
|turn|13
|
|t:|1756423408
|move|p2a: Whimsicott|Helping Hand|p2: Annihilape|[notarget]
|-fail|p2a: Whimsicott
|move|p1a: Garchomp|Protect||[still]
|-fail|p1a: Garchomp
|
|upkeep
|turn|14
|
|t:|1756423415
|move|p2a: Whimsicott|Helping Hand|p2: Annihilape|[notarget]
|-fail|p2a: Whimsicott
|move|p1a: Garchomp|Stomping Tantrum|p2a: Whimsicott
|-resisted|p2a: Whimsicott
|-damage|p2a: Whimsicott|54/100
|
|upkeep
|turn|15
|
|t:|1756423422
|move|p2a: Whimsicott|Tailwind|p2a: Whimsicott
|-sidestart|p2: saboyita|move: Tailwind
|move|p1a: Garchomp|Stomping Tantrum|p2a: Whimsicott
|-resisted|p2a: Whimsicott
|-damage|p2a: Whimsicott|30/100
|
|upkeep
|turn|16
|
|t:|1756423428
|move|p2a: Whimsicott|Tailwind||[still]
|-fail|p2a: Whimsicott
|move|p1a: Garchomp|Stomping Tantrum|p2a: Whimsicott
|-resisted|p2a: Whimsicott
|-damage|p2a: Whimsicott|5/100
|
|upkeep
|turn|17
|
|t:|1756423435
|move|p2a: Whimsicott|Beat Up|p1a: Garchomp
|-damage|p1a: Garchomp|91/100
|-hitcount|p1a: Garchomp|1
|move|p1a: Garchomp|Stomping Tantrum|p2a: Whimsicott
|-resisted|p2a: Whimsicott
|-damage|p2a: Whimsicott|0 fnt
|faint|p2a: Whimsicott
|
|win|Balester
