|j|Ōśåspratznacken
|j|Ōśåmarcoslegui
|html|spratznackenmarcoslegui    
|uhtml|bestof|Game 2 of a best-of-3
|t:|1756387062
|gametype|doubles
|player|p1|spratznacken|265|1160
|player|p2|marcoslegui|pokekid|1180
|gen|9
|tier|[Gen 9] VGC 2025 Reg H (Bo3)
|rated|
|rule|Species Clause: Limit one of each Pok├®mon
|rule|Item Clause: Limit 1 of each item
|clearpoke
|poke|p1|Indeedee, L50, M|
|poke|p1|Tatsugiri, L50, M|
|poke|p1|Ursaluna-Bloodmoon, L50, M|
|poke|p1|Sneasler, L50, F|
|poke|p1|Dondozo, L50, F|
|poke|p1|Talonflame, L50, M|
|poke|p2|Sneasler, L50, F|
|poke|p2|Volcarona, L50, M|
|poke|p2|Kingambit, L50, M|
|poke|p2|Baxcalibur, L50, F|
|poke|p2|Basculegion, L50, M|
|poke|p2|Rillaboom, L50, M|
|teampreview|4
|showteam|p1|Indeedee||FocusSash|PsychicSurge|ExpandingForce,HelpingHand,TrickRoom,Protect|||M|||50|,,,,,Psychic]Tatsugiri||ChoiceScarf|Commander|MuddyWater,IcyWind,DracoMeteor,DragonPulse|||M|||50|,,,,,Ghost]Ursaluna-Bloodmoon||LifeOrb|MindsEye|BloodMoon,HyperVoice,EarthPower,Protect|||M|||50|,,,,,Normal]Sneasler||PsychicSeed|Unburden|DireClaw,CloseCombat,ThroatChop,Protect|||F|||50|,,,,,Dark]Dondozo||Leftovers|Unaware|WaveCrash,OrderUp,Earthquake,Protect|||F|||50|,,,,,Grass]Talonflame||CovertCloak|GaleWings|DualWingbeat,FlareBlitz,Tailwind,WillOWisp|||M|||50|,,,,,Stellar
|showteam|p2|Sneasler||FocusSash|Unburden|DireClaw,CloseCombat,Protect,Coaching|||F|||50|,,,,,Stellar]Volcarona||CovertCloak|FlameBody|HeatWave,TeraBlast,QuiverDance,Protect|||M|||50|,,,,,Fairy]Kingambit||AssaultVest|Defiant|KowtowCleave,SuckerPunch,IronHead,LowKick|||M|||50|,,,,,Ghost]Baxcalibur||LoadedDice|ThermalExchange|IcicleSpear,ScaleShot,IceShard,Protect|||F|||50|,,,,,Ghost]Basculegion||ChoiceScarf|Adaptability|WaveCrash,FlipTurn,LastRespects,TeraBlast|||M|||50|,,,,,Fairy]Rillaboom||MiracleSeed|GrassySurge|WoodHammer,GrassyGlide,HighHorsepower,FakeOut|||M|||50|,,,,,Fire
|inactive|Battle timer is ON: inactive players will automatically lose when time's up. (requested by spratznacken)
|l|Ōśåspratznacken
|inactive|spratznacken disconnected and has a minute to reconnect!
|player|p1|
|j|Ōśåspratznacken
|inactive|spratznacken reconnected and has 65 seconds left.
|player|p1|spratznacken|265|
|inactive|spratznacken has 60 seconds left.
|
|t:|1756387099
|teamsize|p1|4
|teamsize|p2|4
|start
|switch|p1a: Talonflame|Talonflame, L50, M|100/100
|switch|p1b: Sneasler|Sneasler, L50, F|100/100
|switch|p2a: Basculegion|Basculegion, L50, M|100/100
|switch|p2b: Volcarona|Volcarona, L50, M|100/100
|turn|1
|
|t:|1756387119
|move|p2b: Volcarona|Protect|p2b: Volcarona
|-singleturn|p2b: Volcarona|Protect
|move|p1a: Talonflame|Tailwind|p1a: Talonflame
|-sidestart|p1: spratznacken|move: Tailwind
|move|p1b: Sneasler|Dire Claw|p2b: Volcarona
|-activate|p2b: Volcarona|move: Protect
|move|p2a: Basculegion|Flip Turn|p1a: Talonflame
|-supereffective|p1a: Talonflame
|-damage|p1a: Talonflame|4/100
|l|Ōśåspratznacken
|inactive|spratznacken disconnected and has a minute to reconnect!
|player|p1|
|
|t:|1756387135
|switch|p2a: Rillaboom|Rillaboom, L50, M|100/100|[from] Flip Turn
|-fieldstart|move: Grassy Terrain|[from] ability: Grassy Surge|[of] p2a: Rillaboom
|
|upkeep
|turn|2
|j|Ōśåspratznacken
|inactive|spratznacken reconnected and has 50 seconds left.
|player|p1|spratznacken|265|
|
|t:|1756387155
|move|p2a: Rillaboom|Fake Out|p1b: Sneasler
|-damage|p1b: Sneasler|76/100
|move|p1a: Talonflame|Dual Wingbeat|p2b: Volcarona
|-supereffective|p2b: Volcarona
|-damage|p2b: Volcarona|65/100
|-supereffective|p2b: Volcarona
|-damage|p2b: Volcarona|28/100
|-hitcount|p2b: Volcarona|2
|cant|p1b: Sneasler|flinch
|move|p2b: Volcarona|Quiver Dance|p2b: Volcarona
|-boost|p2b: Volcarona|spa|1
|-boost|p2b: Volcarona|spd|1
|-boost|p2b: Volcarona|spe|1
|
|-heal|p1b: Sneasler|82/100|[from] Grassy Terrain
|-heal|p2b: Volcarona|34/100|[from] Grassy Terrain
|upkeep
|turn|3
|l|Ōśåspratznacken
|inactive|spratznacken disconnected and has a minute to reconnect!
|player|p1|
|inactive|spratznacken has 30 seconds left.
|inactive|marcoslegui has 30 seconds left.
|j|Ōśåspratznacken
|inactive|spratznacken reconnected and has 30 seconds left.
|player|p1|spratznacken|265|
|inactive|spratznacken has 20 seconds left.
|
|t:|1756387191
|switch|p1a: Tatsugiri|Tatsugiri, L50, M|100/100
|switch|p1b: Dondozo|Dondozo, L50, F|100/100
|-activate|p1a: Tatsugiri|ability: Commander|[of] p1b: Dondozo
|-boost|p1b: Dondozo|atk|2
|-boost|p1b: Dondozo|spa|2
|-boost|p1b: Dondozo|spe|2
|-boost|p1b: Dondozo|def|2
|-boost|p1b: Dondozo|spd|2
|move|p2a: Rillaboom|Grassy Glide|p1a: Tatsugiri|[miss]
|-miss|p2a: Rillaboom|p1a: Tatsugiri
|move|p2b: Volcarona|Heat Wave|p1b: Dondozo|[spread] p1b
|-miss|p2b: Volcarona|p1a: Tatsugiri
|-resisted|p1b: Dondozo
|-damage|p1b: Dondozo|92/100
|
|-heal|p1b: Dondozo|98/100|[from] Grassy Terrain
|-heal|p1b: Dondozo|100/100|[from] item: Leftovers
|-heal|p2b: Volcarona|40/100|[from] Grassy Terrain
|upkeep
|turn|4
|inactive|spratznacken has 30 seconds left.
|inactive|marcoslegui has 30 seconds left.
|
|t:|1756387224
|-terastallize|p1b: Dondozo|Grass
|move|p2b: Volcarona|Protect|p2b: Volcarona
|-singleturn|p2b: Volcarona|Protect
|move|p1b: Dondozo|Wave Crash|p2b: Volcarona
|-activate|p2b: Volcarona|move: Protect
|move|p2a: Rillaboom|Wood Hammer|p1b: Dondozo
|-resisted|p1b: Dondozo
|-damage|p1b: Dondozo|84/100
|-damage|p2a: Rillaboom|94/100|[from] Recoil
|
|-heal|p1b: Dondozo|90/100|[from] Grassy Terrain
|-heal|p1b: Dondozo|96/100|[from] item: Leftovers
|-heal|p2b: Volcarona|46/100|[from] Grassy Terrain
|-heal|p2a: Rillaboom|99/100|[from] Grassy Terrain
|-sideend|p1: spratznacken|move: Tailwind
|upkeep
|turn|5
|
|t:|1756387237
|switch|p2a: Sneasler|Sneasler, L50, F|100/100
|move|p2b: Volcarona|Heat Wave|p1b: Dondozo|[spread] p1b
|-miss|p2b: Volcarona|p1a: Tatsugiri
|-supereffective|p1b: Dondozo
|-damage|p1b: Dondozo|58/100
|move|p1b: Dondozo|Wave Crash|p2b: Volcarona
|-supereffective|p2b: Volcarona
|-damage|p2b: Volcarona|0 fnt
|faint|p2b: Volcarona
|-damage|p1b: Dondozo|46/100|[from] Recoil
|
|-heal|p1b: Dondozo|52/100|[from] Grassy Terrain
|-heal|p1b: Dondozo|58/100|[from] item: Leftovers
|-fieldend|move: Grassy Terrain
|upkeep
|l|Ōśåspratznacken
|inactive|spratznacken disconnected and has a minute to reconnect!
|player|p1|
|
|t:|1756387254
|switch|p2b: Basculegion|Basculegion, L50, M|100/100
|turn|6
|j|Ōśåspratznacken
|inactive|spratznacken reconnected and has 50 seconds left.
|player|p1|spratznacken|265|
|
|t:|1756387264
|move|p1b: Dondozo|Protect|p1b: Dondozo
|-singleturn|p1b: Dondozo|Protect
|move|p2b: Basculegion|Flip Turn|p1b: Dondozo
|-activate|p1b: Dondozo|move: Protect
|move|p2a: Sneasler|Dire Claw|p1b: Dondozo
|-activate|p1b: Dondozo|move: Protect
|
|-heal|p1b: Dondozo|64/100|[from] item: Leftovers
|upkeep
|turn|7
|l|Ōśåspratznacken
|inactive|spratznacken disconnected and has a minute to reconnect!
|player|p1|
|j|Ōśåspratznacken
|inactive|spratznacken reconnected and has 35 seconds left.
|player|p1|spratznacken|265|
|inactive|spratznacken has 30 seconds left.
|
|t:|1756387290
|move|p2b: Basculegion|Flip Turn|p1b: Dondozo
|-resisted|p1b: Dondozo
|-damage|p1b: Dondozo|57/100
|
|t:|1756387294
|switch|p2b: Rillaboom|Rillaboom, L50, M|99/100|[from] Flip Turn
|-fieldstart|move: Grassy Terrain|[from] ability: Grassy Surge|[of] p2b: Rillaboom
|move|p2a: Sneasler|Dire Claw|p1b: Dondozo
|-supereffective|p1b: Dondozo
|-damage|p1b: Dondozo|29/100
|move|p1b: Dondozo|Earthquake|p2b: Rillaboom|[spread] p2a,p2b
|-miss|p1b: Dondozo|p1a: Tatsugiri
|-supereffective|p2a: Sneasler
|-resisted|p2b: Rillaboom
|-damage|p2a: Sneasler|32/100
|-damage|p2b: Rillaboom|89/100
|
|-heal|p2a: Sneasler|38/100|[from] Grassy Terrain
|-heal|p1b: Dondozo|35/100|[from] Grassy Terrain
|-heal|p1b: Dondozo|41/100|[from] item: Leftovers
|-heal|p2b: Rillaboom|95/100|[from] Grassy Terrain
|upkeep
|turn|8
|
|t:|1756387315
|move|p1b: Dondozo|Protect|p1b: Dondozo
|-singleturn|p1b: Dondozo|Protect
|move|p2b: Rillaboom|Fake Out|p1b: Dondozo
|-activate|p1b: Dondozo|move: Protect
|move|p2a: Sneasler|Dire Claw|p1b: Dondozo
|-activate|p1b: Dondozo|move: Protect
|
|-heal|p2a: Sneasler|44/100|[from] Grassy Terrain
|-heal|p1b: Dondozo|47/100|[from] Grassy Terrain
|-heal|p1b: Dondozo|53/100|[from] item: Leftovers
|-heal|p2b: Rillaboom|100/100|[from] Grassy Terrain
|upkeep
|turn|9
|l|Ōśåspratznacken
|inactive|spratznacken disconnected and has a minute to reconnect!
|player|p1|
|j|Ōśåspratznacken
|inactive|spratznacken reconnected and has 35 seconds left.
|player|p1|spratznacken|265|
|
|t:|1756387339
|-terastallize|p2a: Sneasler|Stellar
|move|p2a: Sneasler|Dire Claw|p1b: Dondozo
|-supereffective|p1b: Dondozo
|-damage|p1b: Dondozo|14/100
|-status|p1b: Dondozo|psn
|move|p1b: Dondozo|Order Up|p2a: Sneasler
|-damage|p2a: Sneasler|0 fnt
|faint|p2a: Sneasler
|-boost|p1b: Dondozo|atk|1
|move|p2b: Rillaboom|Wood Hammer|p1b: Dondozo
|-resisted|p1b: Dondozo
|-damage|p1b: Dondozo|0 fnt
|faint|p1b: Dondozo
|-damage|p2b: Rillaboom|95/100|[from] Recoil
|
|-heal|p2b: Rillaboom|100/100|[from] Grassy Terrain
|upkeep
|l|Ōśåspratznacken
|inactive|spratznacken disconnected and has a minute to reconnect!
|player|p1|
|j|Ōśåspratznacken
|inactive|spratznacken reconnected and has 35 seconds left.
|player|p1|spratznacken|265|
|inactive|spratznacken has 30 seconds left.
|inactive|spratznacken has 20 seconds left.
|
|t:|1756387377
|switch|p2a: Basculegion|Basculegion, L50, M|100/100
|switch|p1b: Sneasler|Sneasler, L50, F|82/100
|turn|10
|l|Ōśåspratznacken
|inactive|spratznacken disconnected and has a minute to reconnect!
|player|p1|
|inactive|spratznacken has 30 seconds left.
|j|Ōśåspratznacken
|inactive|spratznacken reconnected and has 30 seconds left.
|player|p1|spratznacken|265|
|inactive|spratznacken has 20 seconds left.
|
|t:|1756387412
|switch|p1b: Talonflame|Talonflame, L50, M|4/100
|move|p2a: Basculegion|Last Respects|p1b: Talonflame
|-damage|p1b: Talonflame|0 fnt
|faint|p1b: Talonflame
|move|p1a: Tatsugiri|Draco Meteor|p2a: Basculegion
|-damage|p2a: Basculegion|24/100
|-unboost|p1a: Tatsugiri|spa|2
|move|p2b: Rillaboom|Wood Hammer|p1a: Tatsugiri
|-damage|p1a: Tatsugiri|0 fnt
|faint|p1a: Tatsugiri
|-damage|p2b: Rillaboom|76/100|[from] Recoil
|
|-heal|p2a: Basculegion|30/100|[from] Grassy Terrain
|-heal|p2b: Rillaboom|82/100|[from] Grassy Terrain
|upkeep
|
|t:|1756387422
|switch|p1b: Sneasler|Sneasler, L50, F|82/100
|turn|11
|
|t:|1756387437
|move|p2a: Basculegion|Last Respects|p1b: Sneasler
|-damage|p1b: Sneasler|0 fnt
|faint|p1b: Sneasler
|
|win|marcoslegui
||spratznacken is ready for game 3.
|inactive|marcoslegui has 30 seconds to confirm battle start!
|inactive|marcoslegui has 20 seconds to confirm battle start!
||marcoslegui is ready for game 3.
|uhtml|next|Next: Game 3 of 3
