|j|☆phoenix burner
|j|☆sky yeh
|html|phoenix burnersky yeh    
|uhtml|bestof|Game 2 of a best-of-3
|t:|1785246490
|gametype|doubles
|player|p1|phoenix burner|101|
|player|p2|sky yeh|perrin|
|gen|9
|tier|[Gen 9 Champions] VGC 2026 Reg M-B (Bo3)
|rule|Species Clause: Limit one of each Pokémon
|rule|Item Clause: Limit 1 of each item
|clearpoke
|poke|p1|Camerupt, L50, M, shiny|
|poke|p1|Kingambit, L50, M, shiny|
|poke|p1|Basculegion, L50, M, shiny|
|poke|p1|Kangaskhan, L50, F, shiny|
|poke|p1|Glimmora, L50, M, shiny|
|poke|p1|Farigiraf, L50, F, shiny|
|poke|p2|Charizard, L50, M, shiny|
|poke|p2|Venusaur, L50, M|
|poke|p2|Archaludon, L50, F|
|poke|p2|Pelipper, L50, M|
|poke|p2|Basculegion, L50, M|
|poke|p2|Grimmsnarl, L50, M, shiny|
|teampreview|4
|showteam|p1|Camerupt||Cameruptite|SolidRock|HeatWave,EarthPower,Protect,AncientPower|Quiet||M|||50|]Kingambit||BlackGlasses|Defiant|KowtowCleave,IronHead,Protect,SuckerPunch|Adamant||M|||50|]Basculegion||MysticWater|Adaptability|WaveCrash,LastRespects,Protect,AquaJet|Adamant||M|||50|]Kangaskhan||LifeOrb|Scrappy|DoubleEdge,LowKick,IcePunch,FakeOut|Adamant||F|||50|]Glimmora||FocusSash|ToxicDebris|PowerGem,SludgeBomb,SpikyShield,EarthPower|Modest||M|||50|]Farigiraf||SitrusBerry|ArmorTail|Psychic,HyperVoice,TrickRoom,HelpingHand|Bold||F|||50|
|showteam|p2|Charizard||CharizarditeY|Blaze|WeatherBall,HeatWave,SolarBeam,Protect|Modest||M|||50|]Venusaur||FocusSash|Chlorophyll|SludgeBomb,EarthPower,SleepPowder,Protect|Timid||M|||50|]Archaludon||Leftovers|Stamina|DragonPulse,FlashCannon,ElectroShot,Protect|Calm||F|||50|]Pelipper||SitrusBerry|Drizzle|Hurricane,WeatherBall,Tailwind,WideGuard|Modest||M|||50|]Basculegion||ChoiceScarf|Adaptability|LastRespects,WaveCrash,FlipTurn,AquaJet|Jolly||M|||50|]Grimmsnarl||LightClay|Prankster|SpiritBreak,Reflect,LightScreen,PartingShot|Impish||M|||50|
|inactive|Battle timer is ON: inactive players will automatically lose when time's up. (requested by phoenix burner)
|inactive|phoenix burner has 60 seconds left.
|inactive|sky yeh has 60 seconds left.
|inactive|sky yeh has 30 seconds left.
|inactive|sky yeh has 20 seconds left.
|
|t:|1785246564
|teamsize|p1|4
|teamsize|p2|4
|start
|switch|p1a: Kingambit|Kingambit, L50, M, shiny|100/100
|switch|p1b: Farigiraf|Farigiraf, L50, F, shiny|100/100
|switch|p2a: Basculegion|Basculegion, L50, M|100/100
|switch|p2b: Grimmsnarl|Grimmsnarl, L50, M, shiny|100/100
|turn|1
|inactive|sky yeh has 30 seconds left.
|
|t:|1785246591
|move|p2b: Grimmsnarl|Reflect|p2b: Grimmsnarl
|-sidestart|p2: sky yeh|Reflect
|move|p2a: Basculegion|Flip Turn|p1b: Farigiraf
|-damage|p1b: Farigiraf|69/100
|
|t:|1785246596
|switch|p2a: Pelipper|Pelipper, L50, M|100/100|[from] Flip Turn
|-weather|RainDance|[from] ability: Drizzle|[of] p2a: Pelipper
|move|p1a: Kingambit|Iron Head|p2b: Grimmsnarl
|-supereffective|p2b: Grimmsnarl|1
|-damage|p2b: Grimmsnarl|40/100
|move|p1b: Farigiraf|Trick Room|p1b: Farigiraf
|-fieldstart|move: Trick Room|[of] p1b: Farigiraf
|
|-weather|RainDance|[upkeep]
|upkeep
|turn|2
|
|t:|1785246616
|move|p2b: Grimmsnarl|Light Screen|p2b: Grimmsnarl
|-sidestart|p2: sky yeh|move: Light Screen
|move|p1a: Kingambit|Kowtow Cleave|p2a: Pelipper
|-damage|p2a: Pelipper|54/100
|move|p1b: Farigiraf|Psychic|p2a: Pelipper
|-damage|p2a: Pelipper|25/100
|-enditem|p2a: Pelipper|Sitrus Berry|[eat]
|-heal|p2a: Pelipper|50/100y|[from] item: Sitrus Berry
|move|p2a: Pelipper|Weather Ball|p1a: Kingambit
|-damage|p1a: Kingambit|47/100
|
|-weather|RainDance|[upkeep]
|upkeep
|turn|3
|
|t:|1785246638
|switch|p1b: Basculegion|Basculegion, L50, M, shiny|100/100
|move|p1a: Kingambit|Iron Head|p2b: Grimmsnarl
|-supereffective|p2b: Grimmsnarl|1
|-damage|p2b: Grimmsnarl|0 fnt
|faint|p2b: Grimmsnarl
|move|p2a: Pelipper|Weather Ball|p1a: Kingambit
|-damage|p1a: Kingambit|0 fnt
|faint|p1a: Kingambit
|
|-weather|RainDance|[upkeep]
|upkeep
|inactive|sky yeh has 30 seconds left.
|
|t:|1785246672
|switch|p1a: Camerupt|Camerupt, L50, M, shiny|100/100
|switch|p2b: Basculegion|Basculegion, L50, M|100/100
|turn|4
|inactive|sky yeh has 30 seconds left.
|inactive|sky yeh has 20 seconds left.
|inactive|sky yeh has 15 seconds left.
|inactive|sky yeh has 10 seconds left.
|inactive|sky yeh has 5 seconds left.
|
|t:|1785246725
|move|p1a: Camerupt|Protect|p1a: Camerupt
|-singleturn|p1a: Camerupt|Protect
|move|p2a: Pelipper|Weather Ball|p1a: Camerupt
|-activate|p1a: Camerupt|move: Protect
|move|p1b: Basculegion|Last Respects|p2b: Basculegion
|-supereffective|p2b: Basculegion|1
|-damage|p2b: Basculegion|0 fnt
|faint|p2b: Basculegion
|
|-weather|RainDance|[upkeep]
|upkeep
|
|t:|1785246734
|switch|p2b: Charizard|Charizard, L50, M, shiny|100/100
|turn|5
|inactive|sky yeh has 30 seconds left.
|inactive|sky yeh has 20 seconds left.
|inactive|sky yeh has 15 seconds left.
|inactive|sky yeh has 10 seconds left.
|
|t:|1785246782
|detailschange|p1a: Camerupt|Camerupt-Mega, L50, M, shiny
|-mega|p1a: Camerupt|Camerupt|Cameruptite
|move|p1b: Basculegion|Aqua Jet|p2a: Pelipper
|-resisted|p2a: Pelipper|1
|-damage|p2a: Pelipper|32/100
|move|p1a: Camerupt|Ancient Power|p2a: Pelipper
|-supereffective|p2a: Pelipper|1
|-damage|p2a: Pelipper|0 fnt
|faint|p2a: Pelipper
|move|p2b: Charizard|Weather Ball|p1a: Camerupt
|-supereffective|p1a: Camerupt|2
|-damage|p1a: Camerupt|0 fnt
|faint|p1a: Camerupt
|
|-weather|none
|-fieldend|move: Trick Room
|upkeep
|
|t:|1785246794
|switch|p1a: Farigiraf|Farigiraf, L50, F, shiny|69/100
|turn|6
|inactive|sky yeh has 30 seconds left.
|
|t:|1785246823
|detailschange|p2b: Charizard|Charizard-Mega-Y, L50, M, shiny
|-mega|p2b: Charizard|Charizard|Charizardite Y
|-weather|SunnyDay|[from] ability: Drought|[of] p2b: Charizard
|move|p1b: Basculegion|Protect|p1b: Basculegion
|-singleturn|p1b: Basculegion|Protect
|move|p2b: Charizard|Solar Beam||[still]
|-prepare|p2b: Charizard|Solar Beam
|-anim|p2b: Charizard|Solar Beam|p1b: Basculegion
|-activate|p1b: Basculegion|move: Protect
|move|p1a: Farigiraf|Trick Room|p1a: Farigiraf
|-fieldstart|move: Trick Room|[of] p1a: Farigiraf
|
|-weather|SunnyDay|[upkeep]
|upkeep
|turn|7
|
|t:|1785246838
|move|p1a: Farigiraf|Helping Hand|p1b: Basculegion
|-singleturn|p1b: Basculegion|Helping Hand|[of] p1a: Farigiraf
|move|p1b: Basculegion|Last Respects|p2b: Charizard
|-damage|p2b: Charizard|0 fnt
|faint|p2b: Charizard
|
|win|phoenix burner
||sky yeh is ready for game 3.
||phoenix burner is ready for game 3.
|uhtml|next|Next: Game 3 of 3
|l|☆sky yeh
|player|p2|
