|j|☆25th_mang
|j|☆Zacharykeith
|html|25th_mangZacharykeith    
|uhtml|bestof|Game 3 of a best-of-3
|t:|1757761181
|gametype|doubles
|player|p1|25th_mang|ballguy|1022
|player|p2|Zacharykeith|fisherman-gen4|1099
|gen|9
|tier|[Gen 9] VGC 2025 Reg H (Bo3)
|rated|
|rule|Species Clause: Limit one of each Pokémon
|rule|Item Clause: Limit 1 of each item
|clearpoke
|poke|p1|Pelipper, L50, F|
|poke|p1|Archaludon, L50, F|
|poke|p1|Quaquaval, L50, F|
|poke|p1|Kingambit, L50, F|
|poke|p1|Rillaboom, L50, F|
|poke|p1|Dragapult, L50, F|
|poke|p2|Baxcalibur, L50, M|
|poke|p2|Kingambit, L50, M|
|poke|p2|Dondozo, L50, F|
|poke|p2|Rillaboom, L50, M|
|poke|p2|Magmar, L50, F|
|poke|p2|Sneasler, L50, M|
|teampreview|4
|showteam|p1|Pelipper||ChoiceScarf|Drizzle|Hurricane,WeatherBall,Tailwind,Uturn|||F|||50|,,,,,Ghost]Archaludon||ChoiceSpecs|Sturdy|ElectroShot,FlashCannon,DracoMeteor,DragonPulse|||F|||50|,,,,,Electric]Quaquaval||FocusSash|Moxie|AquaStep,UpperHand,CloseCombat,Protect|||F|||50|,,,,,Water]Kingambit||BlackGlasses|Defiant|KowtowCleave,SuckerPunch,IronHead,Protect|||F|||50|,,,,,Dark]Rillaboom||AssaultVest|GrassySurge|FakeOut,WoodHammer,GrassyGlide,Uturn|||F|||50|,,,,,Fire]Dragapult||ChoiceBand|ClearBody|DragonDarts,Outrage,PhantomForce,Uturn|||F|||50|,,,,,Dragon
|showteam|p2|Baxcalibur||LoadedDice|ThermalExchange|IcicleSpear,IceShard,ScaleShot,Protect|||M|||50|,,,,,Ghost]Kingambit||BlackGlasses|Defiant|SuckerPunch,KowtowCleave,SwordsDance,Protect|||M|||50|,,,,,Dark]Dondozo||Leftovers|Unaware|WaveCrash,Fissure,Yawn,Protect|||F|||50|,,,,,Grass]Rillaboom||AssaultVest|GrassySurge|FakeOut,GrassyGlide,WoodHammer,Uturn|||M|||50|,,,,,Fire]Magmar||Eviolite|VitalSpirit|Overheat,WillOWisp,FollowMe,Protect|||F|||50|,,,,,Fairy]Sneasler||FocusSash|PoisonTouch|DireClaw,CloseCombat,Coaching,Protect|||M|||50|,,,,,Stellar
|inactive|Battle timer is ON: inactive players will automatically lose when time's up. (requested by 25th_mang)
|inactive|25th_mang has 60 seconds left.
|
|t:|1757761235
|teamsize|p1|4
|teamsize|p2|4
|start
|switch|p1a: dahyun|Pelipper, L50, F|100/100
|switch|p1b: jeongsachaeng|Dragapult, L50, F, shiny|100/100
|switch|p2a: King Bug|Kingambit, L50, M, shiny|100/100
|switch|p2b: Forest Dude|Rillaboom, L50, M, shiny|100/100
|-weather|RainDance|[from] ability: Drizzle|[of] p1a: dahyun
|-fieldstart|move: Grassy Terrain|[from] ability: Grassy Surge|[of] p2b: Forest Dude
|turn|1
|
|t:|1757761257
|move|p2a: King Bug|Sucker Punch|p1b: jeongsachaeng
|-supereffective|p1b: jeongsachaeng
|-damage|p1b: jeongsachaeng|0 fnt
|faint|p1b: jeongsachaeng
|move|p1a: dahyun|Weather Ball|p2a: King Bug
|-damage|p2a: King Bug|41/100
|move|p2b: Forest Dude|Wood Hammer|p1a: dahyun
|-damage|p1a: dahyun|0 fnt
|faint|p1a: dahyun
|-damage|p2b: Forest Dude|79/100|[from] Recoil
|
|-weather|RainDance|[upkeep]
|-heal|p2b: Forest Dude|85/100|[from] Grassy Terrain
|-heal|p2a: King Bug|46/100|[from] Grassy Terrain
|upkeep
|
|t:|1757761267
|switch|p1b: momo|Quaquaval, L50, F, shiny|100/100
|switch|p1a: jihyo|Rillaboom, L50, F, shiny|100/100
|turn|2
|
|t:|1757761280
|-terastallize|p1b: momo|Water
|move|p2a: King Bug|Protect|p2a: King Bug
|-singleturn|p2a: King Bug|Protect
|move|p1a: jihyo|Fake Out|p2b: Forest Dude
|-damage|p2b: Forest Dude|72/100
|move|p1b: momo|Aqua Step|p2a: King Bug
|-activate|p2a: King Bug|move: Protect
|cant|p2b: Forest Dude|flinch
|
|-weather|RainDance|[upkeep]
|-heal|p2b: Forest Dude|78/100|[from] Grassy Terrain
|-heal|p2a: King Bug|52/100|[from] Grassy Terrain
|upkeep
|turn|3
|
|t:|1757761302
|switch|p2a: Donbozo|Dondozo, L50, F, shiny|100/100
|move|p1b: momo|Close Combat|p2a: Donbozo
|-damage|p2a: Donbozo|57/100
|-unboost|p1b: momo|def|1
|-unboost|p1b: momo|spd|1
|move|p2b: Forest Dude|U-turn|p1a: jihyo
|-supereffective|p1a: jihyo
|-damage|p1a: jihyo|52/100
|
|t:|1757761324
|switch|p2b: Metal T-Rex|Baxcalibur, L50, M|100/100|[from] U-turn
|move|p1a: jihyo|U-turn|p2b: Metal T-Rex
|-damage|p2b: Metal T-Rex|77/100
|
|-weather|RainDance|[upkeep]
|-heal|p2b: Metal T-Rex|83/100|[from] Grassy Terrain
|-heal|p1a: jihyo|58/100|[from] Grassy Terrain
|-heal|p2a: Donbozo|63/100|[from] Grassy Terrain
|-heal|p2a: Donbozo|69/100|[from] item: Leftovers
|upkeep
|turn|4
|
|t:|1757761345
|-terastallize|p2a: Donbozo|Grass
|move|p1a: jihyo|Grassy Glide|p2a: Donbozo
|-resisted|p2a: Donbozo
|-damage|p2a: Donbozo|58/100
|move|p1b: momo|Aqua Step|p2b: Metal T-Rex
|-resisted|p2b: Metal T-Rex
|-damage|p2b: Metal T-Rex|43/100
|-boost|p1b: momo|spe|1
|move|p2b: Metal T-Rex|Scale Shot|p1a: jihyo
|-damage|p1a: jihyo|42/100
|-damage|p1a: jihyo|28/100
|-damage|p1a: jihyo|14/100
|-damage|p1a: jihyo|0 fnt
|faint|p1a: jihyo
|-hitcount|p1: jihyo|4
|-unboost|p2b: Metal T-Rex|def|1
|-boost|p2b: Metal T-Rex|spe|1
|move|p2a: Donbozo|Wave Crash|p1b: momo
|-resisted|p1b: momo
|-damage|p1b: momo|52/100
|-damage|p2a: Donbozo|48/100|[from] Recoil
|
|-weather|RainDance|[upkeep]
|-heal|p1b: momo|58/100|[from] Grassy Terrain
|-heal|p2b: Metal T-Rex|49/100|[from] Grassy Terrain
|-heal|p2a: Donbozo|54/100|[from] Grassy Terrain
|-heal|p2a: Donbozo|60/100|[from] item: Leftovers
|upkeep
|turn|5
|
|t:|1757761368
|move|p2b: Metal T-Rex|Protect|p2b: Metal T-Rex
|-singleturn|p2b: Metal T-Rex|Protect
|move|p1b: momo|Aqua Step|p2b: Metal T-Rex
|-activate|p2b: Metal T-Rex|move: Protect
|move|p2a: Donbozo|Yawn|p1b: momo
|-start|p1b: momo|move: Yawn|[of] p2a: Donbozo
|
|-weather|none
|-heal|p1b: momo|64/100|[from] Grassy Terrain
|-heal|p2b: Metal T-Rex|55/100|[from] Grassy Terrain
|-heal|p2a: Donbozo|67/100|[from] Grassy Terrain
|-heal|p2a: Donbozo|73/100|[from] item: Leftovers
|-fieldend|move: Grassy Terrain
|upkeep
|turn|6
|c|☆25th_mang|Gg. Love the names
|
|t:|1757761384
|move|p1b: momo|Close Combat|p2b: Metal T-Rex
|-supereffective|p2b: Metal T-Rex
|-damage|p2b: Metal T-Rex|0 fnt
|-unboost|p1b: momo|def|1
|-unboost|p1b: momo|spd|1
|faint|p2b: Metal T-Rex
|-ability|p1b: momo|Moxie|boost
|-boost|p1b: momo|atk|1
|move|p2a: Donbozo|Wave Crash|p1b: momo
|-resisted|p1b: momo
|-damage|p1b: momo|35/100
|-damage|p2a: Donbozo|67/100|[from] Recoil
|
|-heal|p2a: Donbozo|73/100|[from] item: Leftovers
|-end|p1b: momo|move: Yawn|[silent]
|-status|p1b: momo|slp
|upkeep
|
|t:|1757761397
|switch|p2b: Forest Dude|Rillaboom, L50, M, shiny|78/100
|-fieldstart|move: Grassy Terrain|[from] ability: Grassy Surge|[of] p2b: Forest Dude
|turn|7
|
|t:|1757761404
|move|p2b: Forest Dude|Grassy Glide|p1b: momo
|-supereffective|p1b: momo
|-damage|p1b: momo|0 fnt
|faint|p1b: momo
|
|win|Zacharykeith
|raw|25th_mang's rating: 1022 → 1012(-10 for losing)
|raw|Zacharykeith's rating: 1099 → 1119(+20 for winning)
