|j|Ōśåregitron 21
|j|Ōśåpimi19
|html|regitron 21pimi19    
|uhtml|bestof|Game 2 of a best-of-3
|t:|1756535863
|gametype|doubles
|player|p1|regitron 21|shauntal|1064
|player|p2|pimi19|101|1116
|gen|9
|tier|[Gen 9] VGC 2025 Reg H (Bo3)
|rated|
|rule|Species Clause: Limit one of each Pok├®mon
|rule|Item Clause: Limit 1 of each item
|clearpoke
|poke|p1|Palafin, L50, M|
|poke|p1|Farigiraf, L50, F|
|poke|p1|Volcarona, L50, M|
|poke|p1|Typhlosion-Hisui, L50, F|
|poke|p1|Whimsicott, L50, F|
|poke|p1|Dragonite, L50, F|
|poke|p2|Amoonguss, L50, M|
|poke|p2|Kilowattrel, L50, M|
|poke|p2|Tyranitar, L50, F|
|poke|p2|Gholdengo, L50|
|poke|p2|Gyarados, L50, F|
|poke|p2|Garchomp, L50, M|
|teampreview|4
|showteam|p1|Palafin||ExpertBelt|ZerotoHero|IcePunch,ThroatChop,JetPunch,CloseCombat|||M|||50|,,,,,Water]Farigiraf||ThroatSpray|ArmorTail|TrickRoom,Imprison,HyperVoice,DazzlingGleam|||F|||50|,,,,,Fairy]Volcarona||Leftovers|FlameBody|GigaDrain,QuiverDance,BugBuzz,HeatWave|||M|||50|,,,,,Grass]Typhlosion-Hisui||LifeOrb|Blaze|Eruption,ShadowBall,HeatWave,Protect|||F|||50|,,,,,Fire]Whimsicott||FocusSash|Prankster|Moonblast,Taunt,Protect,Tailwind|||F|||50|,,,,,Dark]Dragonite||ClearAmulet|Multiscale|Tailwind,DragonDance,ExtremeSpeed,DragonClaw|||F|||50|,,,,,Normal
|showteam|p2|Amoonguss||MentalHerb|Regenerator|Protect,PollenPuff,Spore,RagePowder|||M|||50|,,,,,Fairy]Kilowattrel||CovertCloak|Competitive|Thunderbolt,AirSlash,Tailwind,Protect|||M|||50|,,,,,Steel]Tyranitar||AssaultVest|SandStream|RockSlide,KnockOff,LowKick,TeraBlast|||F|||50|,,,,,Flying]Gholdengo||ChoiceSpecs|GoodasGold|MakeItRain,ShadowBall,Protect,Trick||||||50|,,,,,Steel]Gyarados||SafetyGoggles|Intimidate|Waterfall,ThunderWave,Taunt,Protect|||F|||50|,,,,,Ground]Garchomp||ClearAmulet|SandVeil|DragonClaw,Earthquake,StompingTantrum,Protect|||M|||50|,,,,,Fairy
|c|Ōśåregitron 21|hey good luck again
|inactive|Battle timer is ON: inactive players will automatically lose when time's up. (requested by pimi19)
|
|t:|1756535901
|teamsize|p1|4
|teamsize|p2|4
|start
|switch|p1a: Amelia|Farigiraf, L50, F|100/100
|switch|p1b: Carlk Ent|Palafin, L50, M|100/100
|switch|p2a: Kilowattrel|Kilowattrel, L50, M|100/100
|switch|p2b: Gyarados|Gyarados, L50, F|100/100
|-ability|p2b: Gyarados|Intimidate|boost
|-unboost|p1a: Amelia|atk|1
|-unboost|p1b: Carlk Ent|atk|1
|turn|1
|
|t:|1756535925
|detailschange|p1b: Carlk Ent|Palafin-Hero, L50, M
|switch|p1b: Sugar|Whimsicott, L50, F|100/100
|move|p2a: Kilowattrel|Thunderbolt|p1b: Sugar
|-resisted|p1b: Sugar
|-crit|p1b: Sugar
|-damage|p1b: Sugar|48/100
|-status|p1b: Sugar|par
|move|p2b: Gyarados|Thunder Wave|p1a: Amelia
|-status|p1a: Amelia|par
|move|p1a: Amelia|Hyper Voice|p2b: Gyarados|[spread] p2a,p2b
|-damage|p2a: Kilowattrel|54/100
|-damage|p2b: Gyarados|78/100
|-enditem|p1a: Amelia|Throat Spray
|-boost|p1a: Amelia|spa|1|[from] item: Throat Spray
|
|upkeep
|turn|2
|c|Ōśåregitron 21|bruh
|c|Ōśåregitron 21|well i said good luck lol
|inactive|regitron 21 has 30 seconds left.
|inactive|pimi19 has 30 seconds left.
|
|t:|1756535953
|move|p1b: Sugar|Taunt|p2b: Gyarados
|-start|p2b: Gyarados|move: Taunt
|move|p2a: Kilowattrel|Air Slash|p1b: Sugar
|-supereffective|p1b: Sugar
|-damage|p1b: Sugar|0 fnt
|faint|p1b: Sugar
|move|p2b: Gyarados|Waterfall|p1a: Amelia
|-damage|p1a: Amelia|67/100 par
|cant|p1a: Amelia|par
|
|upkeep
|
|t:|1756535966
|switch|p1b: Jully|Typhlosion-Hisui, L50, F|100/100
|turn|3
|c|Ōśåpimi19|Lol
|inactive|pimi19 has 30 seconds left.
|
|t:|1756535994
|move|p1b: Jully|Protect|p1b: Jully
|-singleturn|p1b: Jully|Protect
|move|p2a: Kilowattrel|Air Slash|p1a: Amelia
|-damage|p1a: Amelia|41/100 par
|move|p2b: Gyarados|Waterfall|p1b: Jully
|-activate|p1b: Jully|move: Protect
|move|p1a: Amelia|Trick Room|p1a: Amelia
|-fieldstart|move: Trick Room|[of] p1a: Amelia
|
|upkeep
|turn|4
|
|t:|1756536009
|switch|p2a: Tyranitar|Tyranitar, L50, F|100/100
|-weather|Sandstorm|[from] ability: Sand Stream|[of] p2a: Tyranitar
|-terastallize|p1b: Jully|Fire
|move|p1a: Amelia|Hyper Voice|p2b: Gyarados|[spread] p2a,p2b
|-resisted|p2a: Tyranitar
|-damage|p2a: Tyranitar|94/100
|-damage|p2b: Gyarados|45/100
|move|p2b: Gyarados|Waterfall|p1b: Jully
|-supereffective|p1b: Jully
|-damage|p1b: Jully|0 fnt
|faint|p1b: Jully
|
|-weather|Sandstorm|[upkeep]
|-damage|p1a: Amelia|35/100 par|[from] Sandstorm
|-end|p2b: Gyarados|move: Taunt
|upkeep
|
|t:|1756536013
|switch|p1b: Carlk Ent|Palafin-Hero, L50, M|100/100
|-activate|p1b: Carlk Ent|ability: Zero to Hero
|turn|5
|
|t:|1756536033
|-terastallize|p2a: Tyranitar|Flying
|move|p1b: Carlk Ent|Jet Punch|p2a: Tyranitar
|-damage|p2a: Tyranitar|60/100
|move|p1a: Amelia|Hyper Voice|p2a: Tyranitar|[spread] p2a,p2b
|-damage|p2a: Tyranitar|40/100
|-damage|p2b: Gyarados|11/100
|move|p2a: Tyranitar|Knock Off|p1a: Amelia
|-supereffective|p1a: Amelia
|-damage|p1a: Amelia|0 fnt
|faint|p1a: Amelia
|move|p2b: Gyarados|Thunder Wave|p1b: Carlk Ent
|-status|p1b: Carlk Ent|par
|
|-weather|Sandstorm|[upkeep]
|-damage|p1b: Carlk Ent|94/100 par|[from] Sandstorm
|-damage|p2a: Tyranitar|34/100|[from] Sandstorm
|upkeep
|turn|6
|c|Ōśåregitron 21|well gg
|
|t:|1756536045
|move|p1b: Carlk Ent|Jet Punch|p2a: Tyranitar
|-damage|p2a: Tyranitar|0 fnt
|faint|p2a: Tyranitar
|move|p2b: Gyarados|Waterfall|p1b: Carlk Ent
|-resisted|p1b: Carlk Ent
|-damage|p1b: Carlk Ent|75/100 par
|
|-weather|Sandstorm|[upkeep]
|-damage|p1b: Carlk Ent|69/100 par|[from] Sandstorm
|upkeep
|
|t:|1756536049
|switch|p2a: Kilowattrel|Kilowattrel, L50, M|54/100
|turn|7
|c|Ōśåregitron 21|idk why im playing
|c|Ōśåregitron 21|i hate this reg
|inactive|regitron 21 has 30 seconds left.
|c|Ōśåregitron 21|i think im a little dumb for still playing this
|
|t:|1756536080
|move|p2b: Gyarados|Protect|p2b: Gyarados
|-singleturn|p2b: Gyarados|Protect
|move|p2a: Kilowattrel|Protect|p2a: Kilowattrel
|-singleturn|p2a: Kilowattrel|Protect
|cant|p1b: Carlk Ent|par
|
|-weather|Sandstorm|[upkeep]
|-damage|p1b: Carlk Ent|63/100 par|[from] Sandstorm
|-damage|p2a: Kilowattrel|48/100|[from] Sandstorm
|-fieldend|move: Trick Room
|upkeep
|turn|8
|
|t:|1756536085
|move|p1b: Carlk Ent|Jet Punch|p2a: Kilowattrel
|-damage|p2a: Kilowattrel|0 fnt
|faint|p2a: Kilowattrel
|move|p2b: Gyarados|Waterfall|p1b: Carlk Ent
|-resisted|p1b: Carlk Ent
|-damage|p1b: Carlk Ent|43/100 par
|
|-weather|none
|upkeep
|
|t:|1756536088
|switch|p2a: Garchomp|Garchomp, L50, M|100/100
|turn|9
|
|t:|1756536093
|move|p2a: Garchomp|Dragon Claw|p1b: Carlk Ent
|-crit|p1b: Carlk Ent
|-damage|p1b: Carlk Ent|0 fnt
|faint|p1b: Carlk Ent
|
|win|pimi19
|raw|regitron 21's rating: 1064 → 1047(-17 for losing)
|raw|pimi19's rating: 1116 → 1137(+21 for winning)
