|j|☆wait for swarley
|j|☆vomitblood27
|html|wait for swarleyvomitblood27    
|uhtml|bestof|Game 1 of a best-of-3
|t:|1784674945
|gametype|doubles
|player|p1|wait for swarley|volo|1251
|player|p2|vomitblood27|clair|1164
|gen|9
|tier|[Gen 9 Champions] VGC 2026 Reg M-B (Bo3)
|rated|
|rule|Species Clause: Limit one of each Pokémon
|rule|Item Clause: Limit 1 of each item
|clearpoke
|poke|p1|Grimmsnarl, L50, M|
|poke|p1|Incineroar, L50, F|
|poke|p1|Maushold-Four, L50|
|poke|p1|Annihilape, L50, M|
|poke|p1|Floette-Eternal, L50, F|
|poke|p1|Venusaur, L50, M|
|poke|p2|Garchomp, L50, F|
|poke|p2|Venusaur, L50, M|
|poke|p2|Incineroar, L50, M|
|poke|p2|Charizard, L50, F|
|poke|p2|Toxapex, L50, M|
|poke|p2|Annihilape, L50, M|
|teampreview|4
|showteam|p1|Grimmsnarl||LightClay|Prankster|SpiritBreak,Reflect,LightScreen,PartingShot|Careful||M|||50|]Incineroar||SitrusBerry|Intimidate|FakeOut,FlareBlitz,ThroatChop,PartingShot|Careful||F|||50|]Maushold-Four||FocusSash|FriendGuard|FollowMe,SuperFang,Encore,Protect|Timid|||||50|]Annihilape||Leftovers|Defiant|RageFist,DrainPunch,BulkUp,Protect|Adamant||M|||50|]Floette-Eternal||Floettite|FlowerVeil|Moonblast,DrainingKiss,CalmMind,Protect|Modest||F|||50|]Venusaur||Venusaurite|Overgrow|GigaDrain,SludgeBomb,EarthPower,Protect|Modest||M|||50|
|showteam|p2|Garchomp||ChoiceScarf|RoughSkin|Earthquake,RockSlide,DragonClaw,StompingTantrum|Adamant||F|||50|]Venusaur||LifeOrb|Chlorophyll|SludgeBomb,SolarBeam,EarthPower,Protect|Modest||M|||50|]Incineroar||SitrusBerry|Intimidate|FakeOut,FlareBlitz,ThroatChop,PartingShot|Impish||M|||50|]Charizard||CharizarditeY|Blaze|HeatWave,WeatherBall,Protect,HelpingHand|Modest||F|||50|]Toxapex||Leftovers|Regenerator|Infestation,Toxic,WideGuard,BanefulBunker|Impish||M|||50|]Annihilape||FocusSash|Defiant|CloseCombat,PhantomForce,RockTomb,Protect|Jolly||M|||50|
|inactive|Battle timer is ON: inactive players will automatically lose when time's up. (requested by wait for swarley)
|inactive|wait for swarley has 60 seconds left.
|inactive|vomitblood27 has 60 seconds left.
|inactive|vomitblood27 has 30 seconds left.
|inactive|vomitblood27 has 20 seconds left.
|inactive|vomitblood27 has 15 seconds left.
|inactive|vomitblood27 has 10 seconds left.
|
|t:|1784675034
|teamsize|p1|4
|teamsize|p2|4
|start
|switch|p1a: Grimmsnarl|Grimmsnarl, L50, M|100/100
|switch|p1b: Incineroar|Incineroar, L50, F|100/100
|switch|p2a: Charizard|Charizard, L50, F|100/100
|switch|p2b: Annihilape|Annihilape, L50, M|100/100
|-ability|p1b: Incineroar|Intimidate|boost
|-unboost|p2a: Charizard|atk|1
|-unboost|p2b: Annihilape|atk|1
|-ability|p2b: Annihilape|Defiant|boost
|-boost|p2b: Annihilape|atk|2
|turn|1
|inactive|wait for swarley has 30 seconds left.
|inactive|vomitblood27 has 30 seconds left.
|
|t:|1784675065
|detailschange|p2a: Charizard|Charizard-Mega-Y, L50, F
|-mega|p2a: Charizard|Charizard|Charizardite Y
|-weather|SunnyDay|[from] ability: Drought|[of] p2a: Charizard
|move|p1a: Grimmsnarl|Reflect|p1a: Grimmsnarl
|-sidestart|p1: wait for swarley|Reflect
|move|p2b: Annihilape|Close Combat|p1b: Incineroar
|-supereffective|p1b: Incineroar|1
|-damage|p1b: Incineroar|0 fnt
|-unboost|p2b: Annihilape|def|1
|-unboost|p2b: Annihilape|spd|1
|faint|p1b: Incineroar
|move|p2a: Charizard|Heat Wave|p1a: Grimmsnarl
|-damage|p1a: Grimmsnarl|23/100
|
|-weather|SunnyDay|[upkeep]
|upkeep
|
|t:|1784675081
|switch|p1b: Annihilape|Annihilape, L50, M|100/100
|turn|2
|inactive|vomitblood27 has 30 seconds left.
|
|t:|1784675111
|move|p1a: Grimmsnarl|Parting Shot|p2a: Charizard
|-unboost|p2a: Charizard|atk|1
|-unboost|p2a: Charizard|spa|1
|
|t:|1784675115
|switch|p1a: Maushold|Maushold-Four, L50|100/100|[from] Parting Shot
|move|p2b: Annihilape|Phantom Force||[still]
|-prepare|p2b: Annihilape|Phantom Force
|move|p1b: Annihilape|Bulk Up|p1b: Annihilape
|-boost|p1b: Annihilape|atk|1
|-boost|p1b: Annihilape|def|1
|move|p2a: Charizard|Heat Wave|p1a: Maushold|[spread] p1a,p1b
|-damage|p1a: Maushold|50/100g
|-damage|p1b: Annihilape|72/100
|
|-weather|SunnyDay|[upkeep]
|-heal|p1b: Annihilape|78/100|[from] item: Leftovers
|upkeep
|turn|3
|inactive|vomitblood27 has 30 seconds left.
|
|t:|1784675143
|move|p1a: Maushold|Follow Me|p1a: Maushold
|-singleturn|p1a: Maushold|move: Follow Me
|move|p2b: Annihilape|Phantom Force|p1a: Maushold|[from] lockedmove
|-immune|p1a: Maushold
|move|p1b: Annihilape|Rage Fist|p2b: Annihilape
|-supereffective|p2b: Annihilape|1
|-enditem|p2b: Annihilape|Focus Sash
|-damage|p2b: Annihilape|1/100
|move|p2a: Charizard|Heat Wave|p1b: Annihilape|[spread] p1a
|-miss|p2a: Charizard|p1b: Annihilape
|-damage|p1a: Maushold|0 fnt
|faint|p1a: Maushold
|
|-weather|SunnyDay|[upkeep]
|-heal|p1b: Annihilape|85/100|[from] item: Leftovers
|upkeep
|
|t:|1784675162
|switch|p1a: Grimmsnarl|Grimmsnarl, L50, M|23/100
|turn|4
|inactive|vomitblood27 has 30 seconds left.
|
|t:|1784675187
|move|p1a: Grimmsnarl|Light Screen|p1a: Grimmsnarl
|-sidestart|p1: wait for swarley|move: Light Screen
|move|p2b: Annihilape|Phantom Force||[still]
|-prepare|p2b: Annihilape|Phantom Force
|move|p1b: Annihilape|Rage Fist|p2a: Charizard
|-damage|p2a: Charizard|30/100
|move|p2a: Charizard|Heat Wave|p1a: Grimmsnarl|[spread] p1a
|-miss|p2a: Charizard|p1b: Annihilape
|-damage|p1a: Grimmsnarl|0 fnt
|faint|p1a: Grimmsnarl
|
|-weather|SunnyDay|[upkeep]
|-heal|p1b: Annihilape|91/100|[from] item: Leftovers
|upkeep
|turn|5
|inactive|vomitblood27 has 30 seconds left.
|inactive|vomitblood27 has 20 seconds left.
|
|t:|1784675225
|switch|p2a: Toxapex|Toxapex, L50, M|100/100
|move|p2b: Annihilape|Phantom Force|p1b: Annihilape|[from] lockedmove
|-supereffective|p1b: Annihilape|1
|-damage|p1b: Annihilape|35/100
|move|p1b: Annihilape|Rage Fist|p2b: Annihilape
|-supereffective|p2b: Annihilape|1
|-damage|p2b: Annihilape|0 fnt
|faint|p2b: Annihilape
|
|-weather|none
|-heal|p1b: Annihilape|41/100|[from] item: Leftovers
|upkeep
|
|t:|1784675232
|switch|p2b: Charizard|Charizard-Mega-Y, L50, F|30/100
|-weather|SunnyDay|[from] ability: Drought|[of] p2b: Charizard
|turn|6
|
|t:|1784675247
|move|p1b: Annihilape|Drain Punch|p2b: Charizard
|-resisted|p2b: Charizard|1
|-damage|p2b: Charizard|7/100
|-heal|p1b: Annihilape|51/100|[from] drain|[of] p2b: Charizard
|move|p2b: Charizard|Weather Ball|p1b: Annihilape
|-damage|p1b: Annihilape|0 fnt
|faint|p1b: Annihilape
|
|win|vomitblood27
||wait for swarley is ready for game 2.
||wait for swarley is ready for game 2.
|inactive|vomitblood27 has 30 seconds to confirm battle start!
||vomitblood27 is ready for game 2.
|uhtml|next|Next: Game 2 of 3
|l|☆vomitblood27
|player|p2|
