|j|☆borntobethegoat
|j|☆SuprEpcGuy
|html|borntobethegoatSuprEpcGuy    
|uhtml|bestof|Game 1 of a best-of-3
|t:|1784995620
|gametype|doubles
|player|p1|borntobethegoat|caitlin|1293
|player|p2|SuprEpcGuy|shauntal|1193
|gen|9
|tier|[Gen 9 Champions] VGC 2026 Reg M-B (Bo3)
|rated|
|rule|Species Clause: Limit one of each Pokémon
|rule|Item Clause: Limit 1 of each item
|clearpoke
|poke|p1|Sneasler, L50, M|
|poke|p1|Blastoise, L50, M|
|poke|p1|Kingambit, L50, M|
|poke|p1|Incineroar, L50, M|
|poke|p1|Delphox, L50, F|
|poke|p1|Sinistcha, L50|
|poke|p2|Zoroark-Hisui, L50, M|
|poke|p2|Torkoal, L50, M|
|poke|p2|Farigiraf, L50, F|
|poke|p2|Floette-Eternal, L50, F|
|poke|p2|Aerodactyl, L50, M|
|poke|p2|Incineroar, L50, M|
|teampreview|4
|showteam|p1|Sneasler||FocusSash|PoisonTouch|PoisonJab,CloseCombat,FakeOut,QuickGuard|Jolly||M|||50|]Blastoise||Blastoisinite|RainDish|DarkPulse,WaterSpout,ShellSmash,Protect|Modest||M|||50|]Kingambit||BlackGlasses|Defiant|KowtowCleave,SuckerPunch,SwordsDance,Protect|Adamant||M|||50|]Incineroar||SitrusBerry|Intimidate|FlareBlitz,HelpingHand,PartingShot,FakeOut|Careful||M|||50|]Delphox||Delphoxite|Blaze|HeatWave,NastyPlot,Psyshock,Protect|Modest||F|||50|]Sinistcha||KasibBerry|Hospitality|MatchaGotcha,RagePowder,TrickRoom,Protect|Bold|||||50|
|showteam|p2|Zoroark-Hisui||ChoiceScarf|Illusion|IcyWind,BitterMalice,HyperVoice,Taunt|Timid||M|||50|]Torkoal||Charcoal|Drought|Eruption,WeatherBall,EarthPower,Protect|Quiet||M|||50|]Farigiraf||ColburBerry|ArmorTail|Psychic,Thunderbolt,TrickRoom,HelpingHand|Quiet||F|||50|]Floette-Eternal||Floettite|FlowerVeil|Moonblast,DazzlingGleam,LightofRuin,Protect|Timid||F|||50|]Aerodactyl||FocusSash|Unnerve|RockSlide,DualWingbeat,Tailwind,Protect|Jolly||M|||50|]Incineroar||LifeOrb|Intimidate|FakeOut,DarkestLariat,FlareBlitz,PartingShot|Adamant||M|||50|
|inactive|Battle timer is ON: inactive players will automatically lose when time's up. (requested by SuprEpcGuy)
|inactive|borntobethegoat has 60 seconds left.
|inactive|SuprEpcGuy has 60 seconds left.
|
|t:|1784995665
|teamsize|p1|4
|teamsize|p2|4
|start
|switch|p1a: Incineroar|Incineroar, L50, M|100/100
|switch|p1b: Blastoise|Blastoise, L50, M|100/100
|switch|p2a: Racecar|Farigiraf, L50, F|100/100
|switch|p2b: Floette|Floette-Eternal, L50, F|100/100
|-ability|p1a: Incineroar|Intimidate|boost
|-unboost|p2a: Racecar|atk|1
|-unboost|p2b: Floette|atk|1
|turn|1
|
|t:|1784995682
|detailschange|p2b: Floette|Floette-Mega, L50, F
|-mega|p2b: Floette|Floette|Floettite
|-ability|p2b: Floette|Fairy Aura
|detailschange|p1b: Blastoise|Blastoise-Mega, L50, M
|-mega|p1b: Blastoise|Blastoise|Blastoisinite
|move|p1b: Blastoise|Protect|p1b: Blastoise
|-singleturn|p1b: Blastoise|Protect
|move|p2a: Racecar|Icy Wind|p1b: Blastoise|[spread] p1a
|-activate|p1b: Blastoise|move: Protect
|-resisted|p1a: Incineroar|1
|-damage|p1a: Incineroar|94/100
|-unboost|p1a: Incineroar|spe|1
|move|p2b: Floette|Dazzling Gleam|p1b: Blastoise|[spread] p1a
|-activate|p1b: Blastoise|move: Protect
|-damage|p1a: Incineroar|56/100
|move|p1a: Incineroar|Parting Shot|p2b: Floette
|-unboost|p2b: Floette|atk|1
|-unboost|p2b: Floette|spa|1
|inactive|borntobethegoat has 30 seconds left.
|
|t:|1784995711
|switch|p1a: Sinistcha|Sinistcha, L50|100/100|[from] Parting Shot
|
|upkeep
|turn|2
|
|t:|1784995721
|move|p1a: Sinistcha|Rage Powder|p1a: Sinistcha
|-singleturn|p1a: Sinistcha|move: Rage Powder
|move|p2a: Racecar|Icy Wind|p1b: Blastoise|[spread] p1a,p1b
|-supereffective|p1a: Sinistcha|1
|-resisted|p1b: Blastoise|1
|-damage|p1a: Sinistcha|74/100
|-damage|p1b: Blastoise|92/100
|-unboost|p1a: Sinistcha|spe|1
|-unboost|p1b: Blastoise|spe|1
|move|p2b: Floette|Dazzling Gleam|p1b: Blastoise|[spread] p1a,p1b
|-damage|p1a: Sinistcha|43/100
|-damage|p1b: Blastoise|59/100
|move|p1b: Blastoise|Water Spout|p2a: Racecar|[spread] p2a,p2b
|-damage|p2a: Racecar|15/100
|-damage|p2b: Floette|66/100
|replace|p2a: Boo|Zoroark-Hisui, L50, M
|-end|p2a: Boo|Illusion
|
|upkeep
|turn|3
|inactive|borntobethegoat has 30 seconds left.
|
|t:|1784995746
|switch|p1a: Incineroar|Incineroar, L50, M|56/100
|-ability|p1a: Incineroar|Intimidate|boost
|-unboost|p2a: Boo|atk|1
|-unboost|p2b: Floette|atk|1
|move|p2a: Boo|Icy Wind|p1a: Incineroar|[spread] p1a,p1b
|-resisted|p1a: Incineroar|1
|-resisted|p1b: Blastoise|1
|-damage|p1a: Incineroar|50/100g
|-damage|p1b: Blastoise|51/100
|-unboost|p1a: Incineroar|spe|1
|-unboost|p1b: Blastoise|spe|1
|move|p2b: Floette|Dazzling Gleam|p1b: Blastoise|[spread] p1a,p1b
|-damage|p1a: Incineroar|26/100
|-damage|p1b: Blastoise|18/100
|-enditem|p1a: Incineroar|Sitrus Berry|[eat]
|-heal|p1a: Incineroar|51/100|[from] item: Sitrus Berry
|move|p1b: Blastoise|Water Spout|p2a: Boo|[spread] p2a,p2b
|-damage|p2a: Boo|0 fnt
|-damage|p2b: Floette|54/100
|faint|p2a: Boo
|
|upkeep
|inactive|SuprEpcGuy has 30 seconds left.
|
|t:|1784995779
|switch|p2a: Racecar|Farigiraf, L50, F|100/100
|turn|4
|
|t:|1784995789
|switch|p1a: Sinistcha|Sinistcha, L50|43/100
|-heal|p1b: Blastoise|43/100|[from] ability: Hospitality|[of] p1a: Sinistcha
|move|p2a: Racecar|Helping Hand|p2b: Floette
|-singleturn|p2b: Floette|Helping Hand|[of] p2a: Racecar
|move|p2b: Floette|Dazzling Gleam|p1a: Sinistcha|[spread] p1a,p1b
|-damage|p1a: Sinistcha|2/100
|-damage|p1b: Blastoise|0 fnt
|faint|p1b: Blastoise
|
|upkeep
|
|t:|1784995800
|switch|p1b: Kingambit|Kingambit, L50, M|100/100
|turn|5
|
|t:|1784995807
|move|p2a: Racecar|Helping Hand|p2b: Floette
|-singleturn|p2b: Floette|Helping Hand|[of] p2a: Racecar
|move|p2b: Floette|Dazzling Gleam|p1a: Sinistcha|[spread] p1a,p1b
|-damage|p1a: Sinistcha|0 fnt
|-damage|p1b: Kingambit|65/100
|faint|p1a: Sinistcha
|move|p1b: Kingambit|Swords Dance|p1b: Kingambit
|-boost|p1b: Kingambit|atk|2
|
|upkeep
|
|t:|1784995812
|switch|p1a: Incineroar|Incineroar, L50, M|51/100
|-ability|p1a: Incineroar|Intimidate|boost
|-unboost|p2a: Racecar|atk|1
|-unboost|p2b: Floette|atk|1
|turn|6
|
|t:|1784995824
|move|p2a: Racecar|Helping Hand|p2b: Floette
|-singleturn|p2b: Floette|Helping Hand|[of] p2a: Racecar
|move|p2b: Floette|Dazzling Gleam|p1a: Incineroar|[spread] p1a,p1b
|-damage|p1a: Incineroar|11/100
|-damage|p1b: Kingambit|25/100
|move|p1a: Incineroar|Flare Blitz|p2b: Floette
|-damage|p2b: Floette|0 fnt
|faint|p2b: Floette
|-damage|p1a: Incineroar|0 fnt|[from] Recoil
|faint|p1a: Incineroar
|move|p1b: Kingambit|Kowtow Cleave|p2a: Racecar
|-supereffective|p2a: Racecar|1
|-enditem|p2a: Racecar|Colbur Berry|[eat]
|-enditem|p2a: Racecar|Colbur Berry|[weaken]
|-damage|p2a: Racecar|0 fnt
|faint|p2a: Racecar
|
|upkeep
|
|t:|1784995839
|switch|p2a: Big Purr|Incineroar, L50, M|100/100
|-ability|p2a: Big Purr|Intimidate|boost
|-unboost|p1b: Kingambit|atk|1
|-ability|p1b: Kingambit|Defiant|boost
|-boost|p1b: Kingambit|atk|2
|turn|7
|
|t:|1784995846
|move|p1b: Kingambit|Protect|p1b: Kingambit
|-singleturn|p1b: Kingambit|Protect
|move|p2a: Big Purr|Flare Blitz|p1b: Kingambit
|-activate|p1b: Kingambit|move: Protect
|
|upkeep
|turn|8
|
|t:|1784995851
|move|p2a: Big Purr|Flare Blitz|p1b: Kingambit
|-supereffective|p1b: Kingambit|1
|-damage|p1b: Kingambit|0 fnt
|faint|p1b: Kingambit
|-damage|p2a: Big Purr|91/100|[from] Recoil
|-damage|p2a: Big Purr|81/100|[from] item: Life Orb
|
|win|SuprEpcGuy
