|j|☆grfynnvgc
|j|☆rolfyd
|html|grfynnvgcrolfyd    
|uhtml|bestof|Game 1 of a best-of-3
|t:|1784664141
|gametype|doubles
|player|p1|grfynnvgc|boarder|1071
|player|p2|rolfyd|169|1183
|gen|9
|tier|[Gen 9 Champions] VGC 2026 Reg M-B (Bo3)
|rated|
|rule|Species Clause: Limit one of each Pokémon
|rule|Item Clause: Limit 1 of each item
|clearpoke
|poke|p1|Primarina, L50, F|
|poke|p1|Kingambit, L50, M|
|poke|p1|Froslass, L50, F|
|poke|p1|Sneasler, L50, F|
|poke|p1|Lycanroc-Dusk, L50, F|
|poke|p1|Dragonite, L50, M|
|poke|p2|Farigiraf, L50, F|
|poke|p2|Aegislash, L50, M|
|poke|p2|Primarina, L50, M|
|poke|p2|Drampa, L50, F|
|poke|p2|Glimmora, L50, M|
|poke|p2|Talonflame, L50, F|
|teampreview|4
|showteam|p1|Primarina||LifeOrb|LiquidVoice|HyperVoice,Moonblast,Haze,Protect|Modest||F|||50|]Kingambit||BlackGlasses|Defiant|KowtowCleave,SuckerPunch,SwordsDance,Protect|Adamant||M|||50|]Froslass||Froslassite|CursedBody|Blizzard,ShadowBall,AuroraVeil,Protect|Timid||F|||50|]Sneasler||WhiteHerb|Unburden|GunkShot,CloseCombat,FakeOut,Protect|Adamant||F|||50|]Lycanroc-Dusk||FocusSash|ToughClaws|RockSlide,Accelerock,CloseCombat,Protect|Adamant||F|||50|]Dragonite||Dragoninite|Multiscale|DragonPulse,Flamethrower,Tailwind,Protect|Modest||M|||50|
|showteam|p2|Farigiraf||SitrusBerry|ArmorTail|TrickRoom,Psychic,Thunderbolt,Protect|Bold||F|||50|]Aegislash||SpellTag|StanceChange|IronHead,Poltergeist,ShadowSneak,KingsShield|Adamant||M|||50|]Primarina||Leftovers|LiquidVoice|HyperVoice,Moonblast,Haze,Protect|Quiet||M|||50|]Drampa||Drampanite|CloudNine|DragonPulse,EarthPower,HyperVoice,Protect|Modest||F|||50|]Glimmora||Glimmoranite|ToxicDebris|EarthPower,PowerGem,SludgeBomb,SpikyShield|Modest||M|||50|]Talonflame||FocusSash|GaleWings|Tailwind,Uturn,FlareBlitz,WillOWisp|Jolly||F|||50|
|inactive|Battle timer is ON: inactive players will automatically lose when time's up. (requested by rolfyd)
|inactive|grfynnvgc has 60 seconds left.
|
|t:|1784664230
|teamsize|p1|4
|teamsize|p2|4
|start
|switch|p1a: Kingambit|Kingambit, L50, M|100/100
|switch|p1b: Lycanroc|Lycanroc-Dusk, L50, F|100/100
|switch|p2a: Farigiraf|Farigiraf, L50, F|100/100
|switch|p2b: Primarina|Primarina, L50, M|100/100
|turn|1
|
|t:|1784664249
|move|p2a: Farigiraf|Protect|p2a: Farigiraf
|-singleturn|p2a: Farigiraf|Protect
|move|p1b: Lycanroc|Rock Slide|p2b: Primarina|[spread] p2b
|-activate|p2a: Farigiraf|move: Protect
|-damage|p2b: Primarina|63/100
|move|p1a: Kingambit|Kowtow Cleave|p2a: Farigiraf
|-activate|p2a: Farigiraf|move: Protect
|move|p2b: Primarina|Moonblast|p1a: Kingambit
|-damage|p1a: Kingambit|45/100
|
|-heal|p2b: Primarina|68/100|[from] item: Leftovers
|upkeep
|turn|2
|
|t:|1784664266
|move|p1b: Lycanroc|Rock Slide|p2a: Farigiraf|[spread] p2a,p2b
|-damage|p2a: Farigiraf|73/100
|-damage|p2b: Primarina|35/100
|move|p1a: Kingambit|Kowtow Cleave|p2a: Farigiraf
|-supereffective|p2a: Farigiraf|1
|-damage|p2a: Farigiraf|0 fnt
|faint|p2a: Farigiraf
|cant|p2b: Primarina|flinch
|
|-heal|p2b: Primarina|41/100|[from] item: Leftovers
|upkeep
|
|t:|1784664277
|switch|p2a: Drampa|Drampa, L50, F|100/100
|-ability|p2a: Drampa|Cloud Nine
|turn|3
|inactive|grfynnvgc has 30 seconds left.
|
|t:|1784664306
|detailschange|p2a: Drampa|Drampa-Mega, L50, F
|-mega|p2a: Drampa|Drampa|Drampanite
|move|p1b: Lycanroc|Close Combat|p2a: Drampa
|-supereffective|p2a: Drampa|1
|-damage|p2a: Drampa|0 fnt
|-unboost|p1b: Lycanroc|def|1
|-unboost|p1b: Lycanroc|spd|1
|faint|p2a: Drampa
|move|p1a: Kingambit|Kowtow Cleave|p2b: Primarina
|-resisted|p2b: Primarina|1
|-damage|p2b: Primarina|4/100
|move|p2b: Primarina|Hyper Voice|p1b: Lycanroc|[spread] p1a,p1b
|-supereffective|p1b: Lycanroc|1
|-damage|p1a: Kingambit|9/100
|-enditem|p1b: Lycanroc|Focus Sash
|-damage|p1b: Lycanroc|1/100
|
|-heal|p2b: Primarina|10/100|[from] item: Leftovers
|upkeep
|
|t:|1784664315
|switch|p2a: Aegislash|Aegislash, L50, M|100/100
|turn|4
|
|t:|1784664331
|move|p2b: Primarina|Protect|p2b: Primarina
|-singleturn|p2b: Primarina|Protect
|-formechange|p2a: Aegislash|Aegislash-Blade|
|move|p2a: Aegislash|Shadow Sneak|p1a: Kingambit
|-resisted|p1a: Kingambit|1
|-damage|p1a: Kingambit|0 fnt
|faint|p1a: Kingambit
|move|p1b: Lycanroc|Rock Slide|p2a: Aegislash|[spread] 
|-activate|p2b: Primarina|move: Protect
|-miss|p1b: Lycanroc|p2a: Aegislash
|
|-heal|p2b: Primarina|16/100|[from] item: Leftovers
|upkeep
|
|t:|1784664345
|switch|p1a: Primarina|Primarina, L50, F|100/100
|turn|5
|
|t:|1784664352
|-formechange|p2a: Aegislash|Aegislash|
|move|p2a: Aegislash|King's Shield|p2a: Aegislash
|-singleturn|p2a: Aegislash|Protect
|move|p1b: Lycanroc|Rock Slide|p2b: Primarina|[spread] p2b
|-activate|p2a: Aegislash|move: Protect
|-damage|p2b: Primarina|0 fnt
|faint|p2b: Primarina
|move|p1a: Primarina|Hyper Voice|p2a: Aegislash
|-activate|p2a: Aegislash|move: Protect
|
|upkeep
|turn|6
|
|t:|1784664365
|-formechange|p2a: Aegislash|Aegislash-Blade|
|move|p2a: Aegislash|Shadow Sneak|p1b: Lycanroc
|-damage|p1b: Lycanroc|0 fnt
|faint|p1b: Lycanroc
|move|p1a: Primarina|Hyper Voice|p2a: Aegislash
|-damage|p2a: Aegislash|0 fnt
|faint|p2a: Aegislash
|-damage|p1a: Primarina|90/100|[from] item: Life Orb
|
|win|grfynnvgc
