|j|â˜†RaikuDraco
|j|â˜†efwefwefwefweifier
|html|RaikuDracoefwefwefwefweifier    
|uhtml|bestof|Game 1 of a best-of-3
|t:|1756883461
|gametype|doubles
|player|p1|RaikuDraco|drake-gen3|1149
|player|p2|efwefwefwefweifier|juan|1225
|gen|9
|tier|[Gen 9] VGC 2025 Reg H (Bo3)
|rated|
|rule|Species Clause: Limit one of each PokÃ©mon
|rule|Item Clause: Limit 1 of each item
|clearpoke
|poke|p1|Archaludon, L50, F|
|poke|p1|Sinistcha-Masterpiece, L50|
|poke|p1|Dragonite, L50, M|
|poke|p1|Pelipper, L50, F|
|poke|p1|Ursaluna, L50, M|
|poke|p1|Gholdengo, L50|
|poke|p2|Gholdengo, L50|
|poke|p2|Rillaboom, L50, M|
|poke|p2|Ursaluna-Bloodmoon, L50, M|
|poke|p2|Annihilape, L50, M|
|poke|p2|Ninetales-Alola, L50, M|
|poke|p2|Talonflame, L50, F|
|teampreview|4
|showteam|p1|Archaludon||AssaultVest|Stamina|BodyPress,Snarl,ElectroShot,FlashCannon|||F|||50|,,,,,Fighting]Sinistcha-Masterpiece||SitrusBerry|Hospitality|MatchaGotcha,RagePowder,TrickRoom,LifeDew||||||50|,,,,,Dark]Dragonite||LoadedDice|Multiscale|ScaleShot,Protect,Tailwind,Haze|||M|||50|,,,,,Steel]Pelipper||FocusSash|Drizzle|WeatherBall,Hurricane,Tailwind,Protect|||F|||50|,,,,,Ground]Ursaluna||FlameOrb|Guts|Facade,HeadlongRush,Earthquake,Protect|||M|||50|,,,,,Ghost]Gholdengo||ChoiceScarf|GoodasGold|MakeItRain,TeraBlast,ShadowBall,Trick||||||50|,,,,,Water
|showteam|p2|Gholdengo||LifeOrb|GoodasGold|MakeItRain,ShadowBall,NastyPlot,Protect||||||50|,,,,,Dragon]Rillaboom||MiracleSeed|GrassySurge|WoodHammer,GrassyGlide,Uturn,FakeOut|||M|||50|,,,,,Fire]Ursaluna-Bloodmoon||AssaultVest|MindsEye|BloodMoon,HyperVoice,EarthPower,VacuumWave|||M|||50|,,,,,Normal]Annihilape||SafetyGoggles|Defiant|DrainPunch,RageFist,BulkUp,Protect|||M|||50|,,,,,Fire]Ninetales-Alola||LightClay|SnowWarning|Blizzard,IcicleSpear,Moonblast,AuroraVeil|||M|||50|,,,,,Water]Talonflame||CovertCloak|GaleWings|BraveBird,Tailwind,WillOWisp,Taunt|||F|||50|,,,,,Dark
|inactive|Battle timer is ON: inactive players will automatically lose when time's up. (requested by efwefwefwefweifier)
|inactive|RaikuDraco has 60 seconds left.
|inactive|efwefwefwefweifier has 60 seconds left.
|l|â˜†RaikuDraco
|inactive|RaikuDraco disconnected and has a minute to reconnect!
|player|p1|
|inactive|RaikuDraco has 30 seconds left.
|inactive|efwefwefwefweifier has 30 seconds left.
|j|â˜†RaikuDraco
|inactive|RaikuDraco reconnected and has 25 seconds left.
|player|p1|RaikuDraco|drake-gen3|
|inactive|RaikuDraco has 20 seconds left.
|inactive|RaikuDraco has 15 seconds left.
|
|t:|1756883540
|teamsize|p1|4
|teamsize|p2|4
|start
|switch|p1a: Archaludon|Archaludon, L50, F|100/100
|switch|p1b: Dragonite|Dragonite, L50, M|100/100
|switch|p2a: Ursaluna|Ursaluna-Bloodmoon, L50, M|100/100
|switch|p2b: Talonflame|Talonflame, L50, F|100/100
|turn|1
|inactive|RaikuDraco has 30 seconds left.
|inactive|efwefwefwefweifier has 30 seconds left.
|inactive|efwefwefwefweifier has 20 seconds left.
|
|t:|1756883576
|-terastallize|p1a: Archaludon|Fighting
|move|p2b: Talonflame|Will-O-Wisp|p1a: Archaludon|[miss]
|-miss|p2b: Talonflame|p1a: Archaludon
|move|p1b: Dragonite|Scale Shot|p1a: Archaludon
|-damage|p1a: Archaludon|91/100
|-ability|p1a: Archaludon|Stamina|boost
|-boost|p1a: Archaludon|def|1
|-damage|p1a: Archaludon|85/100
|-ability|p1a: Archaludon|Stamina|boost
|-boost|p1a: Archaludon|def|1
|-damage|p1a: Archaludon|80/100
|-ability|p1a: Archaludon|Stamina|boost
|-boost|p1a: Archaludon|def|1
|-damage|p1a: Archaludon|75/100
|-ability|p1a: Archaludon|Stamina|boost
|-boost|p1a: Archaludon|def|1
|-damage|p1a: Archaludon|71/100
|-ability|p1a: Archaludon|Stamina|boost
|-boost|p1a: Archaludon|def|1
|-hitcount|p1a: Archaludon|5
|-unboost|p1b: Dragonite|def|1
|-boost|p1b: Dragonite|spe|1
|move|p1a: Archaludon|Body Press|p2a: Ursaluna
|-supereffective|p2a: Ursaluna
|-damage|p2a: Ursaluna|0 fnt
|faint|p2a: Ursaluna
|
|upkeep
|
|t:|1756883599
|switch|p2a: Gholdengo|Gholdengo, L50|100/100
|turn|2
|inactive|RaikuDraco has 30 seconds left.
|inactive|RaikuDraco has 20 seconds left.
|inactive|RaikuDraco has 15 seconds left.
|inactive|RaikuDraco has 10 seconds left.
|
|t:|1756883646
|move|p2b: Talonflame|Tailwind|p2b: Talonflame
|-sidestart|p2: efwefwefwefweifier|move: Tailwind
|move|p2a: Gholdengo|Nasty Plot|p2a: Gholdengo
|-boost|p2a: Gholdengo|spa|2
|move|p1b: Dragonite|Tailwind|p1b: Dragonite
|-sidestart|p1: RaikuDraco|move: Tailwind
|move|p1a: Archaludon|Snarl|p2b: Talonflame|[spread] p2a,p2b
|-supereffective|p2a: Gholdengo
|-damage|p2a: Gholdengo|77/100
|-damage|p2b: Talonflame|84/100
|-unboost|p2a: Gholdengo|spa|1
|
|upkeep
|turn|3
|inactive|RaikuDraco has 30 seconds left.
|inactive|efwefwefwefweifier has 30 seconds left.
|inactive|RaikuDraco has 20 seconds left.
|
|t:|1756883685
|switch|p1b: Pelipper|Pelipper, L50, F|100/100
|-weather|RainDance|[from] ability: Drizzle|[of] p1b: Pelipper
|move|p2b: Talonflame|Brave Bird|p1b: Pelipper
|-damage|p1b: Pelipper|30/100
|-damage|p2b: Talonflame|63/100|[from] Recoil
|move|p2a: Gholdengo|Make It Rain|p1a: Archaludon|[spread] p1a,p1b
|-resisted|p1b: Pelipper
|-damage|p1a: Archaludon|10/100
|-damage|p1b: Pelipper|0 fnt
|-unboost|p2a: Gholdengo|spa|1
|-ability|p1a: Archaludon|Stamina|boost
|-boost|p1a: Archaludon|def|1
|faint|p1b: Pelipper
|-damage|p2a: Gholdengo|68/100|[from] item: Life Orb
|move|p1a: Archaludon|Electro Shot||[still]
|-prepare|p1a: Archaludon|Electro Shot
|-boost|p1a: Archaludon|spa|1
|-anim|p1a: Archaludon|Electro Shot|p2a: Gholdengo
|-damage|p2a: Gholdengo|11/100
|
|-weather|RainDance|[upkeep]
|upkeep
|
|t:|1756883710
|switch|p1b: Sinistcha|Sinistcha-Masterpiece, L50|100/100
|-heal|p1a: Archaludon|35/100|[from] ability: Hospitality|[of] p1b: Sinistcha
|turn|4
|inactive|RaikuDraco has 30 seconds left.
|inactive|RaikuDraco has 20 seconds left.
|inactive|RaikuDraco has 15 seconds left.
|
|t:|1756883754
|switch|p1b: Dragonite|Dragonite, L50, M|100/100
|move|p2b: Talonflame|Brave Bird|p1b: Dragonite
|-damage|p1b: Dragonite|73/100
|-damage|p2b: Talonflame|53/100|[from] Recoil
|move|p2a: Gholdengo|Make It Rain|p1a: Archaludon|[spread] p1a,p1b
|-damage|p1a: Archaludon|0 fnt
|-damage|p1b: Dragonite|5/100
|-unboost|p2a: Gholdengo|spa|1
|faint|p1a: Archaludon
|-damage|p2a: Gholdengo|1/100|[from] item: Life Orb
|
|-weather|RainDance|[upkeep]
|upkeep
|
|t:|1756883768
|switch|p1a: Sinistcha|Sinistcha-Masterpiece, L50|100/100
|-heal|p1b: Dragonite|30/100|[from] ability: Hospitality|[of] p1a: Sinistcha
|turn|5
|l|â˜†RaikuDraco
|inactive|RaikuDraco disconnected and has a minute to reconnect!
|player|p1|
|inactive|RaikuDraco has 30 seconds left.
|inactive|efwefwefwefweifier has 30 seconds left.
|j|â˜†RaikuDraco
|inactive|RaikuDraco reconnected and has 25 seconds left.
|player|p1|RaikuDraco|drake-gen3|
|inactive|RaikuDraco has 20 seconds left.
|inactive|efwefwefwefweifier has 20 seconds left.
|inactive|RaikuDraco has 15 seconds left.
|
|t:|1756883812
|move|p1b: Dragonite|Protect|p1b: Dragonite
|-singleturn|p1b: Dragonite|Protect
|move|p2b: Talonflame|Brave Bird|p1a: Sinistcha
|-supereffective|p1a: Sinistcha
|-damage|p1a: Sinistcha|22/100
|-enditem|p1a: Sinistcha|Sitrus Berry|[eat]
|-heal|p1a: Sinistcha|47/100|[from] item: Sitrus Berry
|-damage|p2b: Talonflame|23/100|[from] Recoil
|move|p2a: Gholdengo|Shadow Ball|p1a: Sinistcha
|-supereffective|p1a: Sinistcha
|-damage|p1a: Sinistcha|0 fnt
|faint|p1a: Sinistcha
|-damage|p2a: Gholdengo|0 fnt|[from] item: Life Orb
|faint|p2a: Gholdengo
|
|-weather|RainDance|[upkeep]
|-sideend|p1: RaikuDraco|move: Tailwind
|-sideend|p2: efwefwefwefweifier|move: Tailwind
|upkeep
|
|t:|1756883825
|switch|p2a: Annihilape|Annihilape, L50, M|100/100
|turn|6
|
|t:|1756883833
|move|p2b: Talonflame|Brave Bird|p1b: Dragonite
|-damage|p1b: Dragonite|0 fnt
|faint|p1b: Dragonite
|-damage|p2b: Talonflame|13/100|[from] Recoil
|
|win|efwefwefwefweifier
||efwefwefwefweifier is ready for game 2.
||RaikuDraco is ready for game 2.
|uhtml|next|Next: Game 2 of 3
|l|â˜†efwefwefwefweifier
|player|p2|
