|j|☆stoffor
|j|☆int shadowbtl
|html|stofforint shadowbtl    
|uhtml|bestof|Game 1 of a best-of-3
|t:|1786039656
|gametype|doubles
|player|p1|stoffor|2|1000
|player|p2|int shadowbtl|backpacker|1081
|gen|9
|tier|[Gen 9 Champions] VGC 2026 Reg M-B (Bo3)
|rated|
|rule|Species Clause: Limit one of each Pokémon
|rule|Item Clause: Limit 1 of each item
|clearpoke
|poke|p1|Decidueye-Hisui, L50, M|
|poke|p1|Garchomp, L50, F|
|poke|p1|Tyranitar, L50, M|
|poke|p1|Sylveon, L50, M|
|poke|p1|Chandelure, L50, M|
|poke|p1|Sneasler, L50, F|
|poke|p2|Venusaur, L50, M|
|poke|p2|Basculegion, L50, M|
|poke|p2|Ninetales-Alola, L50, M|
|poke|p2|Kingambit, L50, M|
|poke|p2|Lycanroc-Dusk, L50, M|
|poke|p2|Blaziken, L50, M|
|teampreview|4
|showteam|p1|Decidueye-Hisui||FocusSash|Scrappy|Tailwind,LeafBlade,TripleArrows,Protect|Serious||M|||50|]Garchomp||Garchompite|RoughSkin|Protect,EarthPower,DracoMeteor,IronHead|Quiet||F|||50|]Tyranitar||Tyranitarite|SandStream|Protect,KnockOff,RockSlide,DragonDance|Serious||M|||50|]Sylveon||FairyFeather|Pixilate|HyperBeam,HyperVoice,QuickAttack,Detect|Serious||M|||50|]Chandelure||LifeOrb|FlashFire|HeatWave,ShadowBall,Protect,TrickRoom|Serious||M|||50|]Sneasler||WhiteHerb|Unburden|Protect,CloseCombat,DireClaw,FakeOut|Brave||F|||50|
|showteam|p2|Venusaur||Venusaurite|Chlorophyll|SludgeBomb,GigaDrain,EarthPower,Protect|Modest||M|||50|]Basculegion||ChoiceScarf|Adaptability|WaveCrash,FlipTurn,LastRespects,AquaJet|Jolly||M|||50|]Ninetales-Alola||NeverMeltIce|SnowWarning|Blizzard,FreezeDry,Encore,Protect|Timid||M|||50|]Kingambit||BlackGlasses|Defiant|KowtowCleave,IronHead,SuckerPunch,Protect|Adamant||M|||50|]Lycanroc-Dusk||FocusSash|ToughClaws|RockSlide,CloseCombat,Accelerock,Protect|Adamant||M|||50|]Blaziken||Blazikenite|SpeedBoost|CloseCombat,FlareBlitz,RockSlide,Detect|Adamant||M|||50|
|inactive|Battle timer is ON: inactive players will automatically lose when time's up. (requested by int shadowbtl)
|
|t:|1786039701
|teamsize|p1|4
|teamsize|p2|4
|start
|switch|p1a: Decidueye|Decidueye-Hisui, L50, M|100/100
|switch|p1b: Sneasler|Sneasler, L50, F|100/100
|switch|p2a: Blaziken|Blaziken, L50, M|100/100
|switch|p2b: Basculegion|Basculegion, L50, M|100/100
|turn|1
|inactive|stoffor has 30 seconds left.
|inactive|int shadowbtl has 30 seconds left.
|
|t:|1786039730
|detailschange|p2a: Blaziken|Blaziken-Mega, L50, M
|-mega|p2a: Blaziken|Blaziken|Blazikenite
|move|p1b: Sneasler|Fake Out|p2a: Blaziken
|-damage|p2a: Blaziken|79/100
|move|p2b: Basculegion|Wave Crash|p1b: Sneasler
|-damage|p1b: Sneasler|0 fnt
|faint|p1b: Sneasler
|-damage|p2b: Basculegion|68/100|[from] Recoil
|cant|p2a: Blaziken|flinch
|move|p1a: Decidueye|Tailwind|p1a: Decidueye
|-sidestart|p1: stoffor|move: Tailwind
|
|-ability|p2a: Blaziken|Speed Boost|boost
|-boost|p2a: Blaziken|spe|1
|upkeep
|
|t:|1786039747
|switch|p1b: Garchomp|Garchomp, L50, F|100/100
|turn|2
|
|t:|1786039766
|switch|p2b: Lycanroc|Lycanroc-Dusk, L50, M|100/100
|detailschange|p1b: Garchomp|Garchomp-Mega, L50, F
|-mega|p1b: Garchomp|Garchomp|Garchompite
|move|p2a: Blaziken|Detect|p2a: Blaziken
|-singleturn|p2a: Blaziken|Protect
|move|p1b: Garchomp|Earth Power|p2a: Blaziken
|-activate|p2a: Blaziken|move: Protect
|move|p1a: Decidueye|Leaf Blade|p2b: Lycanroc
|-supereffective|p2b: Lycanroc|1
|-enditem|p2b: Lycanroc|Focus Sash
|-damage|p2b: Lycanroc|1/100
|
|-ability|p2a: Blaziken|Speed Boost|boost
|-boost|p2a: Blaziken|spe|1
|upkeep
|turn|3
|inactive|stoffor has 30 seconds left.
|inactive|stoffor has 20 seconds left.
|inactive|stoffor has 15 seconds left.
|
|t:|1786039809
|switch|p2a: Basculegion|Basculegion, L50, M|68/100
|switch|p1a: Tyranitar|Tyranitar, L50, M|100/100
|-weather|Sandstorm|[from] ability: Sand Stream|[of] p1a: Tyranitar
|move|p2b: Lycanroc|Protect|p2b: Lycanroc
|-singleturn|p2b: Lycanroc|Protect
|move|p1b: Garchomp|Earth Power|p2a: Basculegion
|-damage|p2a: Basculegion|0 fnt
|faint|p2a: Basculegion
|
|-weather|Sandstorm|[upkeep]
|upkeep
|
|t:|1786039832
|switch|p2a: Blaziken|Blaziken-Mega, L50, M|79/100
|turn|4
|inactive|stoffor has 30 seconds left.
|inactive|stoffor has 20 seconds left.
|inactive|stoffor has 15 seconds left.
|
|t:|1786039876
|switch|p1b: Decidueye|Decidueye-Hisui, L50, M|100/100
|switch|p2b: Ninetales|Ninetales-Alola, L50, M|100/100
|-weather|Snowscape|[from] ability: Snow Warning|[of] p2b: Ninetales
|move|p2a: Blaziken|Detect|p2a: Blaziken
|-singleturn|p2a: Blaziken|Protect
|move|p1a: Tyranitar|Rock Slide|p2a: Blaziken|[spread] p2b
|-activate|p2a: Blaziken|move: Protect
|-supereffective|p2b: Ninetales|1
|-damage|p2b: Ninetales|58/100
|
|-weather|Snowscape|[upkeep]
|-sideend|p1: stoffor|move: Tailwind
|-ability|p2a: Blaziken|Speed Boost|boost
|-boost|p2a: Blaziken|spe|1
|upkeep
|turn|5
|inactive|stoffor has 30 seconds left.
|inactive|int shadowbtl has 30 seconds left.
|
|t:|1786039910
|move|p1b: Decidueye|Protect|p1b: Decidueye
|-singleturn|p1b: Decidueye|Protect
|move|p2a: Blaziken|Flare Blitz|p1b: Decidueye
|-activate|p1b: Decidueye|move: Protect
|move|p2b: Ninetales|Blizzard|p1a: Tyranitar|[spread] p1a
|-activate|p1b: Decidueye|move: Protect
|-damage|p1a: Tyranitar|71/100
|-status|p1a: Tyranitar|frz
|-curestatus|p1a: Tyranitar|frz|[msg]
|move|p1a: Tyranitar|Rock Slide|p2a: Blaziken|[spread] p2a,p2b
|-supereffective|p2b: Ninetales|1
|-damage|p2a: Blaziken|45/100
|-damage|p2b: Ninetales|13/100
|
|-weather|Snowscape|[upkeep]
|-ability|p2a: Blaziken|Speed Boost|boost
|-boost|p2a: Blaziken|spe|1
|upkeep
|turn|6
|inactive|stoffor has 30 seconds left.
|inactive|int shadowbtl has 30 seconds left.
|
|t:|1786039943
|move|p2a: Blaziken|Close Combat|p1a: Tyranitar
|-supereffective|p1a: Tyranitar|2
|-damage|p1a: Tyranitar|0 fnt
|-unboost|p2a: Blaziken|def|1
|-unboost|p2a: Blaziken|spd|1
|faint|p1a: Tyranitar
|move|p2b: Ninetales|Encore|p1b: Decidueye
|-start|p1b: Decidueye|Encore
|move|p1b: Decidueye|Protect||[still]
|-fail|p1b: Decidueye
|
|-weather|Snowscape|[upkeep]
|-ability|p2a: Blaziken|Speed Boost|boost
|-boost|p2a: Blaziken|spe|1
|upkeep
|
|t:|1786039956
|switch|p1a: Garchomp|Garchomp-Mega, L50, F|100/100
|turn|7
|-message|stoffor forfeited.
|
|win|int shadowbtl
|l|☆stoffor
|player|p1|
|raw|stoffor's rating: 1000 → 1000(+0 for losing)
|raw|int shadowbtl's rating: 1081 → 1102(+21 for winning)
|l|☆int shadowbtl
|player|p2|
|j|☆int shadowbtl
|player|p2|int shadowbtl|backpacker|
