|j|☆Moose32
|j|☆Whim5
|html|Moose32Whim5    
|uhtml|bestof|Game 1 of a best-of-3
|t:|1783989705
|gametype|doubles
|player|p1|Moose32|tateandliza-gen6|
|player|p2|Whim5|backers|
|gen|9
|tier|[Gen 9 Champions] VGC 2026 Reg M-B (Bo3)
|rule|Species Clause: Limit one of each Pokémon
|rule|Item Clause: Limit 1 of each item
|clearpoke
|poke|p1|Pelipper, L50, F|
|poke|p1|Whimsicott, L50, F, shiny|
|poke|p1|Quaquaval, L50, M|
|poke|p1|Basculegion-F, L50, F|
|poke|p1|Archaludon, L50, M, shiny|
|poke|p1|Incineroar, L50, M|
|poke|p2|Lucario, L50, M|
|poke|p2|Meowstic, L50, M, shiny|
|poke|p2|Hydreigon, L50, F, shiny|
|poke|p2|Rotom-Frost, L50|
|poke|p2|Sinistcha, L50|
|poke|p2|Delphox, L50, F|
|teampreview|4
|showteam|p1|Pelipper||FocusSash|Drizzle|WeatherBall,Hurricane,Tailwind,Protect|Modest||F|||50|]Whimsicott||MentalHerb|Prankster|Moonblast,BeatUp,Encore,Tailwind|Timid||F|||50|]Quaquaval||WacanBerry|Moxie|AquaStep,CloseCombat,BraveBird,Protect|Jolly||M|||50|]Basculegion-F||LifeOrb|SwiftSwim|AquaJet,WaveCrash,LastRespects,Protect|Jolly||F|||50|]Archaludon||ChopleBerry|Stamina|ElectroShot,DracoMeteor,AuraSphere,Protect|Modest||M|||50|]Incineroar||SitrusBerry|Intimidate|FakeOut,DarkestLariat,HelpingHand,PartingShot|Careful||M|||50|
|showteam|p2|Lucario||Lucarionite|InnerFocus|AuraSphere,FlashCannon,ThunderPunch,Protect|Mild||M|||50|]Meowstic||FocusSash|Prankster|SunnyDay,FakeOut,PsychicNoise,LightScreen|Timid||M|||50|]Hydreigon||LifeOrb|Levitate|DarkPulse,DracoMeteor,FlashCannon,Protect|Timid||F|||50|]Rotom-Frost||ChoiceScarf|Levitate|Discharge,Blizzard,Trick,VoltSwitch|Timid|||||50|]Sinistcha||SitrusBerry|Hospitality|MatchaGotcha,Imprison,RagePowder,Protect|Calm|||||50|]Delphox||Delphoxite|Blaze|HeatWave,Psychic,SolarBeam,Protect|Modest||F|||50|
|c|☆Whim5|glhf!
|c|☆Moose32|o7
|j| QuickClawExplosion
|j| bushidobayleef
|j| ropplebees
|c| ropplebees|FROSTY !!
|
|t:|1783990201
|teamsize|p1|4
|teamsize|p2|4
|start
|switch|p1a: JUBILEE|Whimsicott, L50, F, shiny|100/100
|switch|p1b: JUGGERNAUT|Incineroar, L50, M|100/100
|switch|p2a: The Sludge|Sinistcha, L50|100/100
|switch|p2b: The Fighter|Lucario, L50, M|100/100
|-ability|p1b: JUGGERNAUT|Intimidate|boost
|-unboost|p2a: The Sludge|atk|1
|-fail|p2b: The Fighter|unboost|Attack|[from] ability: Inner Focus|[of] p2b: The Fighter
|turn|1
|l| ropplebees
|
|t:|1783990403
|move|p2a: The Sludge|Protect|p2a: The Sludge
|-singleturn|p2a: The Sludge|Protect
|move|p1a: JUBILEE|Tailwind|p1a: JUBILEE
|-sidestart|p1: Moose32|move: Tailwind
|move|p1b: JUGGERNAUT|Parting Shot|p2b: The Fighter
|-unboost|p2b: The Fighter|atk|1
|-unboost|p2b: The Fighter|spa|1
|
|t:|1783990447
|switch|p1b: STORM|Pelipper, L50, F|100/100|[from] Parting Shot
|-weather|RainDance|[from] ability: Drizzle|[of] p1b: STORM
|move|p2b: The Fighter|Aura Sphere|p1b: STORM
|-resisted|p1b: STORM|1
|-damage|p1b: STORM|78/100
|
|-weather|RainDance|[upkeep]
|upkeep
|turn|2
|
|t:|1783990704
|detailschange|p2b: The Fighter|Lucario-Mega, L50, M
|-mega|p2b: The Fighter|Lucario|Lucarionite
|move|p2a: The Sludge|Rage Powder|p2a: The Sludge
|-singleturn|p2a: The Sludge|move: Rage Powder
|move|p1a: JUBILEE|Encore|p2b: The Fighter
|-start|p2b: The Fighter|Encore
|move|p1b: STORM|Hurricane|p2a: The Sludge
|-supereffective|p2a: The Sludge|1
|-damage|p2a: The Sludge|21/100
|-start|p2a: The Sludge|confusion
|-enditem|p2a: The Sludge|Sitrus Berry|[eat]
|-heal|p2a: The Sludge|46/100|[from] item: Sitrus Berry
|move|p2b: The Fighter|Aura Sphere|p1a: JUBILEE
|-resisted|p1a: JUBILEE|1
|-damage|p1a: JUBILEE|67/100
|
|-weather|RainDance|[upkeep]
|upkeep
|turn|3
|
|t:|1783990813
|switch|p2b: PLOT FOR CLOUT|Rotom-Frost, L50|100/100
|-activate|p2a: The Sludge|confusion
|move|p2a: The Sludge|Protect|p2a: The Sludge
|-singleturn|p2a: The Sludge|Protect
|move|p1a: JUBILEE|Moonblast|p2b: PLOT FOR CLOUT
|-damage|p2b: PLOT FOR CLOUT|54/100
|move|p1b: STORM|Hurricane|p2a: The Sludge
|-activate|p2a: The Sludge|move: Protect
|
|-weather|RainDance|[upkeep]
|upkeep
|turn|4
|l| bushidobayleef
|
|t:|1783990923
|switch|p1b: JUGGERNAUT|Incineroar, L50, M|100/100
|-ability|p1b: JUGGERNAUT|Intimidate|boost
|-unboost|p2a: The Sludge|atk|1
|-unboost|p2b: PLOT FOR CLOUT|atk|1
|-activate|p2a: The Sludge|confusion
|-damage|p2a: The Sludge|43/100|[from] confusion
|move|p1a: JUBILEE|Moonblast|p2b: PLOT FOR CLOUT
|-damage|p2b: PLOT FOR CLOUT|4/100
|move|p2b: PLOT FOR CLOUT|Discharge|p1a: JUBILEE|[spread] p2a,p1a,p1b
|-resisted|p2a: The Sludge|1
|-resisted|p1a: JUBILEE|1
|-damage|p2a: The Sludge|32/100
|-damage|p1a: JUBILEE|44/100
|-damage|p1b: JUGGERNAUT|77/100
|-status|p1b: JUGGERNAUT|par
|
|-weather|RainDance|[upkeep]
|-sideend|p1: Moose32|move: Tailwind
|upkeep
|turn|5
|j| bushidobayleef
|
|t:|1783991006
|switch|p2b: The Fighter|Lucario-Mega, L50, M|100/100
|cant|p1b: JUGGERNAUT|par
|move|p1a: JUBILEE|Tailwind|p1a: JUBILEE
|-sidestart|p1: Moose32|move: Tailwind
|-activate|p2a: The Sludge|confusion
|-damage|p2a: The Sludge|29/100|[from] confusion
|
|-weather|none
|upkeep
|turn|6
|l| bushidobayleef
|
|t:|1783991212
|-end|p2a: The Sludge|confusion
|move|p2a: The Sludge|Rage Powder|p2a: The Sludge
|-singleturn|p2a: The Sludge|move: Rage Powder
|move|p1a: JUBILEE|Moonblast|p2b: The Fighter
|-damage|p2b: The Fighter|44/100
|move|p2b: The Fighter|Flash Cannon|p1a: JUBILEE
|-supereffective|p1a: JUBILEE|1
|-damage|p1a: JUBILEE|0 fnt
|faint|p1a: JUBILEE
|move|p1b: JUGGERNAUT|Darkest Lariat|p2a: The Sludge
|-supereffective|p2a: The Sludge|1
|-damage|p2a: The Sludge|0 fnt
|faint|p2a: The Sludge
|
|upkeep
|
|t:|1783991262
|switch|p1a: STORM|Pelipper, L50, F|78/100
|switch|p2a: PLOT FOR CLOUT|Rotom-Frost, L50|4/100
|-weather|RainDance|[from] ability: Drizzle|[of] p1a: STORM
|turn|7
|
|t:|1783991317
|move|p1a: STORM|Protect|p1a: STORM
|-singleturn|p1a: STORM|Protect
|move|p2a: PLOT FOR CLOUT|Volt Switch|p1a: STORM
|-activate|p1a: STORM|move: Protect
|move|p2b: The Fighter|Aura Sphere|p1b: JUGGERNAUT
|-supereffective|p1b: JUGGERNAUT|1
|-damage|p1b: JUGGERNAUT|0 fnt
|faint|p1b: JUGGERNAUT
|
|-weather|RainDance|[upkeep]
|upkeep
|
|t:|1783991406
|switch|p1b: NIGHTCRAWLER|Basculegion-F, L50, F|100/100
|turn|8
|
|t:|1783991518
|switch|p2a: Green Meanie|Hydreigon, L50, F, shiny|100/100
|move|p2b: The Fighter|Protect|p2b: The Fighter
|-singleturn|p2b: The Fighter|Protect
|move|p1b: NIGHTCRAWLER|Wave Crash|p2a: Green Meanie
|-resisted|p2a: Green Meanie|1
|-damage|p2a: Green Meanie|42/100
|-damage|p1b: NIGHTCRAWLER|83/100|[from] Recoil
|-damage|p1b: NIGHTCRAWLER|74/100|[from] item: Life Orb
|move|p1a: STORM|Hurricane|p2b: The Fighter
|-activate|p2b: The Fighter|move: Protect
|
|-weather|RainDance|[upkeep]
|-sideend|p1: Moose32|move: Tailwind
|upkeep
|turn|9
|
|t:|1783991786
|move|p1a: STORM|Protect|p1a: STORM
|-singleturn|p1a: STORM|Protect
|move|p1b: NIGHTCRAWLER|Wave Crash|p2a: Green Meanie
|-resisted|p2a: Green Meanie|1
|-damage|p2a: Green Meanie|0 fnt
|faint|p2a: Green Meanie
|-damage|p1b: NIGHTCRAWLER|62/100|[from] Recoil
|-damage|p1b: NIGHTCRAWLER|52/100|[from] item: Life Orb
|move|p2b: The Fighter|Thunder Punch|p1b: NIGHTCRAWLER
|-supereffective|p1b: NIGHTCRAWLER|1
|-damage|p1b: NIGHTCRAWLER|0 fnt
|faint|p1b: NIGHTCRAWLER
|
|-weather|RainDance|[upkeep]
|upkeep
|
|t:|1783991798
|switch|p2a: PLOT FOR CLOUT|Rotom-Frost, L50|4/100
|turn|10
|
|t:|1783991807
|move|p2a: PLOT FOR CLOUT|Volt Switch|p1a: STORM
|-supereffective|p1a: STORM|2
|-damage|p1a: STORM|0 fnt
|faint|p1a: STORM
|
|win|Whim5
|c|☆Moose32|gg
|c|☆Whim5|gg
||Whim5 is ready for game 2.
|inactive|Moose32 has 30 seconds to confirm battle start!
||Moose32 is ready for game 2.
|uhtml|next|Next: Game 2 of 3
|j| ropplebees
|l| ropplebees
