|j|☆homerj71
|j|☆KatKraydel
|html|homerj71KatKraydel    
|uhtml|bestof|Game 2 of a best-of-3
|t:|1785346898
|gametype|doubles
|player|p1|homerj71|101|
|player|p2|KatKraydel|lebanne|
|gen|9
|tier|[Gen 9 Champions] VGC 2026 Reg M-B (Bo3)
|rule|Species Clause: Limit one of each Pokémon
|rule|Item Clause: Limit 1 of each item
|clearpoke
|poke|p1|Tyranitar, L50, F|
|poke|p1|Staraptor, L50, M|
|poke|p1|Gholdengo, L50|
|poke|p1|Excadrill, L50, M|
|poke|p1|Sinistcha, L50|
|poke|p1|Milotic, L50, F|
|poke|p2|Ninetales-Alola, L50, M|
|poke|p2|Whimsicott, L50, F|
|poke|p2|Kingambit, L50, M|
|poke|p2|Hawlucha, L50, M|
|poke|p2|Ceruledge, L50, M|
|poke|p2|Floette-Eternal, L50, F|
|teampreview|4
|showteam|p1|Tyranitar||Tyranitarite|SandStream|KnockOff,LowKick,RockSlide,Protect|Jolly||F|||50|]Staraptor||Staraptite|Intimidate|BraveBird,CloseCombat,Tailwind,Protect|Jolly||M|||50|]Gholdengo||LifeOrb|GoodasGold|MakeItRain,NastyPlot,ShadowBall,Protect|Modest|||||50|]Excadrill||FocusSash|SandRush|RockSlide,HighHorsepower,IronHead,Protect|Adamant||M|||50|]Sinistcha||SitrusBerry|Hospitality|MatchaGotcha,RagePowder,ShadowBall,Protect|Bold|||||50|]Milotic||Leftovers|Competitive|Scald,IcyWind,IceBeam,Protect|Calm||F|||50|
|showteam|p2|Ninetales-Alola||NeverMeltIce|SnowWarning|Blizzard,FreezeDry,Disable,Protect|Timid||M|||50|]Whimsicott||FocusSash|Prankster|Moonblast,Tailwind,Encore,Protect|Timid||F|||50|]Kingambit||LifeOrb|Defiant|KowtowCleave,SuckerPunch,IronHead,Protect|Adamant||M|||50|]Hawlucha||Hawluchanite|MoldBreaker|CloseCombat,BraveBird,StoneEdge,Protect|Adamant||M|||50|]Ceruledge||ColburBerry|FlashFire|BitterBlade,ShadowSneak,BulkUp,Protect|Adamant||M|||50|]Floette-Eternal||Floettite|FlowerVeil|Moonblast,DazzlingGleam,LightofRuin,Protect|Modest||F|||50|
|inactive|Battle timer is ON: inactive players will automatically lose when time's up. (requested by homerj71)
|
|t:|1785346917
|teamsize|p1|4
|teamsize|p2|4
|start
|switch|p1a: Tyranitar|Tyranitar, L50, F|100/100
|switch|p1b: Excadrill|Excadrill, L50, M|100/100
|switch|p2a: expectations|Hawlucha, L50, M|100/100
|switch|p2b: Bounce Man|Whimsicott, L50, F|100/100
|-ability|p2a: expectations|Mold Breaker
|-weather|Sandstorm|[from] ability: Sand Stream|[of] p1a: Tyranitar
|turn|1
|inactive|homerj71 has 30 seconds left.
|
|t:|1785346951
|detailschange|p2a: expectations|Hawlucha-Mega, L50, M
|-mega|p2a: expectations|Hawlucha|Hawluchanite
|detailschange|p1a: Tyranitar|Tyranitar-Mega, L50, F
|-mega|p1a: Tyranitar|Tyranitar|Tyranitarite
|move|p2b: Bounce Man|Tailwind|p2b: Bounce Man
|-sidestart|p2: KatKraydel|move: Tailwind
|move|p2a: expectations|Stone Edge|p1b: Excadrill
|-resisted|p1b: Excadrill|2
|-damage|p1b: Excadrill|86/100
|move|p1b: Excadrill|Rock Slide|p2b: Bounce Man|[spread] p2a,p2b
|-damage|p2a: expectations|76/100
|-damage|p2b: Bounce Man|66/100
|move|p1a: Tyranitar|Rock Slide|p2a: expectations|[spread] p2a,p2b
|-damage|p2a: expectations|34/100
|-damage|p2b: Bounce Man|18/100
|
|-weather|Sandstorm|[upkeep]
|-damage|p2b: Bounce Man|12/100|[from] Sandstorm
|-damage|p2a: expectations|28/100|[from] Sandstorm
|upkeep
|turn|2
|l|☆KatKraydel
|inactive|KatKraydel disconnected and has 300 seconds to reconnect!
|player|p2|
|inactive|KatKraydel has 270 seconds to reconnect!
|inactive|KatKraydel has 240 seconds to reconnect!
|inactive|KatKraydel has 210 seconds to reconnect!
|j|☆KatKraydel
|inactive|KatKraydel reconnected and has 40 seconds left.
|player|p2|KatKraydel|lebanne|
|inactive|KatKraydel has 30 seconds left.
|
|t:|1785347069
|switch|p1a: Sinistcha|Sinistcha, L50|100/100
|-heal|p1b: Excadrill|100/100|[from] ability: Hospitality|[of] p1a: Sinistcha
|move|p2b: Bounce Man|Encore|p1b: Excadrill
|-start|p1b: Excadrill|Encore
|move|p2a: expectations|Close Combat|p1a: Sinistcha
|-immune|p1a: Sinistcha
|move|p1b: Excadrill|Rock Slide|p2b: Bounce Man|[spread] p2a,p2b
|-damage|p2a: expectations|3/100
|-damage|p2b: Bounce Man|0 fnt
|faint|p2b: Bounce Man
|
|-weather|Sandstorm|[upkeep]
|-damage|p2a: expectations|0 fnt|[from] Sandstorm
|-damage|p1a: Sinistcha|94/100|[from] Sandstorm
|faint|p2a: expectations
|upkeep
|j| BrabreiVGC
|
|t:|1785347082
|switch|p2b: HOT TO GO!|Ceruledge, L50, M|100/100
|switch|p2a: Midwest Indigo|Ninetales-Alola, L50, M|100/100
|-weather|Snowscape|[from] ability: Snow Warning|[of] p2a: Midwest Indigo
|turn|3
|
|t:|1785347096
|switch|p1b: Tyranitar|Tyranitar-Mega, L50, F|100/100
|-weather|Sandstorm|[from] ability: Sand Stream|[of] p1b: Tyranitar
|move|p2a: Midwest Indigo|Blizzard|p1b: Tyranitar|[spread] p1a
|-miss|p2a: Midwest Indigo|p1b: Tyranitar
|-supereffective|p1a: Sinistcha|1
|-damage|p1a: Sinistcha|24/100
|-enditem|p1a: Sinistcha|Sitrus Berry|[eat]
|-heal|p1a: Sinistcha|49/100|[from] item: Sitrus Berry
|move|p2b: HOT TO GO!|Bitter Blade|p1b: Tyranitar
|-resisted|p1b: Tyranitar|1
|-damage|p1b: Tyranitar|84/100
|move|p1a: Sinistcha|Shadow Ball|p2b: HOT TO GO!
|-supereffective|p2b: HOT TO GO!|1
|-damage|p2b: HOT TO GO!|39/100
|
|-weather|Sandstorm|[upkeep]
|-damage|p2a: Midwest Indigo|93/100|[from] Sandstorm
|-damage|p2b: HOT TO GO!|33/100|[from] Sandstorm
|-damage|p1a: Sinistcha|43/100|[from] Sandstorm
|upkeep
|turn|4
|
|t:|1785347118
|move|p1a: Sinistcha|Rage Powder|p1a: Sinistcha
|-singleturn|p1a: Sinistcha|move: Rage Powder
|move|p2a: Midwest Indigo|Disable|p1a: Sinistcha
|-start|p1a: Sinistcha|Disable|Rage Powder
|move|p2b: HOT TO GO!|Bitter Blade|p1a: Sinistcha
|-supereffective|p1a: Sinistcha|1
|-damage|p1a: Sinistcha|0 fnt
|-heal|p2b: HOT TO GO!|54/100|[from] drain|[of] p1a: Sinistcha
|faint|p1a: Sinistcha
|move|p1b: Tyranitar|Rock Slide|p2b: HOT TO GO!|[spread] p2a
|-miss|p1b: Tyranitar|p2b: HOT TO GO!
|-supereffective|p2a: Midwest Indigo|1
|-damage|p2a: Midwest Indigo|0 fnt
|faint|p2a: Midwest Indigo
|
|-weather|Sandstorm|[upkeep]
|-damage|p2b: HOT TO GO!|48/100|[from] Sandstorm
|-sideend|p2: KatKraydel|move: Tailwind
|upkeep
|
|t:|1785347131
|switch|p1a: Excadrill|Excadrill, L50, M|100/100
|turn|5
|-message|KatKraydel forfeited.
|
|win|homerj71
