|j|☆erporros
|j|☆NotThinkingVGC
|html|erporrosNotThinkingVGC    
|uhtml|bestof|Game 2 of a best-of-3
|t:|1783491753
|gametype|doubles
|player|p1|erporros|101|1300
|player|p2|NotThinkingVGC|volkner|1293
|gen|9
|tier|[Gen 9 Champions] VGC 2026 Reg M-B (Bo3)
|rated|
|rule|Species Clause: Limit one of each Pokémon
|rule|Item Clause: Limit 1 of each item
|clearpoke
|poke|p1|Blastoise, L50, M|
|poke|p1|Maushold-Four, L50|
|poke|p1|Sneasler, L50, M|
|poke|p1|Incineroar, L50, M|
|poke|p1|Gengar, L50, F|
|poke|p1|Sinistcha, L50|
|poke|p2|Delphox, L50, M|
|poke|p2|Incineroar, L50, F|
|poke|p2|Maushold-Four, L50|
|poke|p2|Sinistcha, L50|
|poke|p2|Sneasler, L50, M|
|poke|p2|Blastoise, L50, M|
|teampreview|4
|showteam|p1|Blastoise||Blastoisinite|Torrent|ShellSmash,Protect,WaterSpout,DarkPulse|Modest||M|||50|]Maushold-Four||FocusSash|FriendGuard|Encore,FollowMe,Protect,Uturn|Jolly|||||50|]Sneasler||WhiteHerb|Unburden|DireClaw,FakeOut,CloseCombat,Protect|Jolly||M|||50|]Incineroar||PasshoBerry|Intimidate|Protect,FlareBlitz,FakeOut,PartingShot|Relaxed||M|||50|]Gengar||Gengarite|CursedBody|ShadowBall,PerishSong,Protect,Disable|Modest||F|||50|]Sinistcha||SitrusBerry|Hospitality|RagePowder,MatchaGotcha,TrickRoom,Protect|Bold|||||50|
|showteam|p2|Delphox||Delphoxite|Blaze|HeatWave,Psychic,NastyPlot,Protect|Timid||M|||50|]Incineroar||PasshoBerry|Intimidate|ThroatChop,FlareBlitz,PartingShot,FakeOut|Impish||F|||50|]Maushold-Four||ChopleBerry|FriendGuard|FollowMe,Feint,HelpingHand,Protect|Impish|||||50|]Sinistcha||KasibBerry|Hospitality|Protect,MatchaGotcha,LifeDew,RagePowder|Bold|||||50|]Sneasler||FocusSash|PoisonTouch|PoisonJab,CloseCombat,FakeOut,QuickGuard|Jolly||M|||50|]Blastoise||Blastoisinite|RainDish|Protect,WaterSpout,DarkPulse,ShellSmash|Modest||M|||50|
|inactive|Battle timer is ON: inactive players will automatically lose when time's up. (requested by NotThinkingVGC)
|inactive|NotThinkingVGC has 60 seconds left.
|
|t:|1783491791
|teamsize|p1|4
|teamsize|p2|4
|start
|switch|p1a: Incineroar|Incineroar, L50, M|100/100
|switch|p1b: Gengar|Gengar, L50, F|100/100
|switch|p2a: Blastoise|Blastoise, L50, M|100/100
|switch|p2b: Sneasler|Sneasler, L50, M|100/100
|-ability|p1a: Incineroar|Intimidate|boost
|-unboost|p2a: Blastoise|atk|1
|-unboost|p2b: Sneasler|atk|1
|turn|1
|inactive|erporros has 30 seconds left.
|
|t:|1783491825
|switch|p1a: Maushold|Maushold-Four, L50|100/100
|detailschange|p1b: Gengar|Gengar-Mega, L50, F
|-mega|p1b: Gengar|Gengar|Gengarite
|move|p1b: Gengar|Protect|p1b: Gengar
|-singleturn|p1b: Gengar|Protect
|move|p2b: Sneasler|Fake Out|p1a: Maushold
|-damage|p1a: Maushold|87/100
|-status|p1a: Maushold|psn|[from] ability: Poison Touch|[of] p2b: Sneasler
|move|p2a: Blastoise|Shell Smash|p2a: Blastoise
|-unboost|p2a: Blastoise|def|1
|-unboost|p2a: Blastoise|spd|1
|-boost|p2a: Blastoise|atk|2
|-boost|p2a: Blastoise|spa|2
|-boost|p2a: Blastoise|spe|2
|
|-damage|p1a: Maushold|75/100 psn|[from] psn
|upkeep
|turn|2
|inactive|erporros has 30 seconds left.
|inactive|NotThinkingVGC has 30 seconds left.
|inactive|NotThinkingVGC has 20 seconds left.
|inactive|NotThinkingVGC has 15 seconds left.
|inactive|NotThinkingVGC has 10 seconds left.
|
|t:|1783491881
|move|p1a: Maushold|Protect|p1a: Maushold
|-singleturn|p1a: Maushold|Protect
|move|p2a: Blastoise|Water Spout|p1a: Maushold|[spread] p1b
|-activate|p1a: Maushold|move: Protect
|-damage|p1b: Gengar|6/100
|move|p2b: Sneasler|Poison Jab|p1b: Gengar
|-resisted|p1b: Gengar|2
|-damage|p1b: Gengar|1/100
|move|p1b: Gengar|Perish Song|p1b: Gengar
|-start|p1a: Maushold|perish3|[silent]
|-start|p1b: Gengar|perish3|[silent]
|-start|p2a: Blastoise|perish3|[silent]
|-start|p2b: Sneasler|perish3|[silent]
|-fieldactivate|move: Perish Song
|
|-damage|p1a: Maushold|62/100 psn|[from] psn
|-start|p2a: Blastoise|perish3
|-start|p2b: Sneasler|perish3
|-start|p1b: Gengar|perish3
|-start|p1a: Maushold|perish3
|upkeep
|turn|3
|inactive|erporros has 30 seconds left.
|inactive|erporros has 20 seconds left.
|inactive|erporros has 15 seconds left.
|inactive|erporros has 10 seconds left.
|inactive|erporros has 5 seconds left.
|
|t:|1783491936
|switch|p1b: Sinistcha|Sinistcha, L50|100/100
|-heal|p1a: Maushold|87/100 psn|[from] ability: Hospitality|[of] p1b: Sinistcha
|move|p2a: Blastoise|Water Spout|p1a: Maushold|[spread] p1a,p1b
|-resisted|p1b: Sinistcha|1
|-damage|p1a: Maushold|0 fnt
|-damage|p1b: Sinistcha|64/100
|faint|p1a: Maushold
|move|p2b: Sneasler|Close Combat|p1b: Sinistcha
|-immune|p1b: Sinistcha
|
|-start|p2a: Blastoise|perish2
|-start|p2b: Sneasler|perish2
|upkeep
|
|t:|1783491958
|switch|p1a: Gengar|Gengar-Mega, L50, F|1/100
|turn|4
|inactive|NotThinkingVGC has 30 seconds left.
|inactive|NotThinkingVGC has 20 seconds left.
|inactive|NotThinkingVGC has 15 seconds left.
|
|t:|1783492000
|move|p1a: Gengar|Protect|p1a: Gengar
|-singleturn|p1a: Gengar|Protect
|move|p1b: Sinistcha|Protect|p1b: Sinistcha
|-singleturn|p1b: Sinistcha|Protect
|move|p2a: Blastoise|Water Spout|p1b: Sinistcha|[spread] 
|-activate|p1a: Gengar|move: Protect
|-activate|p1b: Sinistcha|move: Protect
|move|p2b: Sneasler|Poison Jab|p1b: Sinistcha
|-activate|p1b: Sinistcha|move: Protect
|
|-start|p2a: Blastoise|perish1
|-start|p2b: Sneasler|perish1
|upkeep
|turn|5
|inactive|erporros has 30 seconds left.
|
|t:|1783492029
|switch|p1a: Incineroar|Incineroar, L50, M|100/100
|-ability|p1a: Incineroar|Intimidate|boost
|-unboost|p2a: Blastoise|atk|1
|-unboost|p2b: Sneasler|atk|1
|move|p2a: Blastoise|Water Spout|p1b: Sinistcha|[spread] p1a,p1b
|-supereffective|p1a: Incineroar|1
|-enditem|p1a: Incineroar|Passho Berry|[eat]
|-enditem|p1a: Incineroar|Passho Berry|[weaken]
|-resisted|p1b: Sinistcha|1
|-damage|p1a: Incineroar|23/100
|-damage|p1b: Sinistcha|17/100
|-enditem|p1b: Sinistcha|Sitrus Berry|[eat]
|-heal|p1b: Sinistcha|42/100|[from] item: Sitrus Berry
|move|p2b: Sneasler|Close Combat|p1b: Sinistcha
|-immune|p1b: Sinistcha
|move|p1b: Sinistcha|Matcha Gotcha|p2b: Sneasler|[spread] p2a,p2b
|-supereffective|p2a: Blastoise|1
|-resisted|p2b: Sneasler|1
|-damage|p2a: Blastoise|21/100
|-heal|p1b: Sinistcha|77/100|[from] drain|[of] p2a: Blastoise
|-damage|p2b: Sneasler|83/100
|-heal|p1b: Sinistcha|84/100|[from] drain|[of] p2b: Sneasler
|
|-start|p2a: Blastoise|perish0
|-start|p2b: Sneasler|perish0
|upkeep
|faint|p2a: Blastoise
|faint|p2b: Sneasler
|
|t:|1783492034
|switch|p2b: Sinistcha|Sinistcha, L50|100/100
|switch|p2a: Delphox|Delphox, L50, M|100/100
|turn|6
|inactive|erporros has 30 seconds left.
|inactive|erporros has 20 seconds left.
|inactive|erporros has 15 seconds left.
|inactive|erporros has 10 seconds left.
|inactive|erporros has 5 seconds left.
|
|t:|1783492089
|detailschange|p2a: Delphox|Delphox-Mega, L50, M
|-mega|p2a: Delphox|Delphox|Delphoxite
|move|p2a: Delphox|Heat Wave|p1b: Sinistcha|[spread] 
|-miss|p2a: Delphox|p1a: Incineroar
|-miss|p2a: Delphox|p1b: Sinistcha
|move|p1b: Sinistcha|Matcha Gotcha|p2b: Sinistcha|[spread] p2a,p2b
|-resisted|p2a: Delphox|1
|-resisted|p2b: Sinistcha|1
|-damage|p2a: Delphox|88/100
|-heal|p1b: Sinistcha|90/100|[from] drain|[of] p2a: Delphox
|-damage|p2b: Sinistcha|88/100
|-heal|p1b: Sinistcha|96/100|[from] drain|[of] p2b: Sinistcha
|move|p2b: Sinistcha|Matcha Gotcha|p1b: Sinistcha|[spread] p1a,p1b
|-resisted|p1a: Incineroar|1
|-resisted|p1b: Sinistcha|1
|-damage|p1a: Incineroar|13/100
|-heal|p2b: Sinistcha|94/100|[from] drain|[of] p1a: Incineroar
|-damage|p1b: Sinistcha|83/100
|-heal|p2b: Sinistcha|100/100|[from] drain|[of] p1b: Sinistcha
|move|p1a: Incineroar|Flare Blitz|p2b: Sinistcha
|-supereffective|p2b: Sinistcha|1
|-damage|p2b: Sinistcha|28/100
|-damage|p1a: Incineroar|0 fnt|[from] Recoil
|faint|p1a: Incineroar
|
|upkeep
|inactive|erporros has 30 seconds left.
|
|t:|1783492122
|switch|p1a: Gengar|Gengar-Mega, L50, F|1/100
|turn|7
|
|t:|1783492138
|move|p1b: Sinistcha|Rage Powder|p1b: Sinistcha
|-singleturn|p1b: Sinistcha|move: Rage Powder
|move|p2a: Delphox|Heat Wave|p1a: Gengar|[spread] p1a,p1b
|-supereffective|p1b: Sinistcha|1
|-damage|p1a: Gengar|0 fnt
|-damage|p1b: Sinistcha|7/100
|faint|p1a: Gengar
|move|p2b: Sinistcha|Life Dew|p2b: Sinistcha|[spread] p2a,p2b
|-heal|p2a: Delphox|100/100
|-heal|p2b: Sinistcha|53/100
|
|upkeep
|turn|8
|-message|erporros forfeited.
|
|win|NotThinkingVGC
||erporros is ready for game 3.
||NotThinkingVGC is ready for game 3.
|uhtml|next|Next: Game 3 of 3
|l|☆erporros
|player|p1|
