|j|â˜†cuethequeue
|j|â˜†OmarWott
|html|cuethequeueOmarWott    
|uhtml|bestof|Game 1 of a best-of-3
|t:|1756690771
|gametype|doubles
|player|p1|cuethequeue|lady-gen4|
|player|p2|OmarWott|n|
|gen|9
|tier|[Gen 9] VGC 2025 Reg H (Bo3)
|rule|Tera Type Preview: Tera Types are shown at Team Preview
|rule|Species Clause: Limit one of each PokÃ©mon
|rule|Item Clause: Limit 1 of each item
|raw|2 custom rules: Tera Type Preview, !Force Open Team Sheets
|clearpoke
|poke|p1|Sneasler, L50, F|
|poke|p1|Arcanine-Hisui, L50, M|
|poke|p1|Primarina, L50, F|
|poke|p1|Corviknight, L50, M|
|poke|p1|Sceptile, L50, F|
|poke|p1|Spiritomb, L50, M|
|poke|p2|Grimmsnarl, L50, M|
|poke|p2|Typhlosion-Hisui, L50, F|
|poke|p2|Braviary, L50, M|
|poke|p2|Magnezone, L50|
|poke|p2|Rillaboom, L50, M|
|poke|p2|Milotic, L50, F|
|raw|cuethequeue's Tera Types: /  /  /  /  / 
|raw|OmarWott's Tera Types: /  /  /  /  / 
|teampreview|4
|j| Criee
|c|â˜†OmarWott|im r
|j| zuiyyy
|c| Criee|BIG FAN
|j| jfwarriors
|c|â˜†cuethequeue|READY
|c| zuiyyy|put it on the big screen
|c|â˜†cuethequeue|HEY
|c|â˜†cuethequeue|STOP IT
|c| Criee|:D
|c|â˜†OmarWott|BIG SCREEN
|j| Harridino
|c| Harridino|Im streaming btw
|
|t:|1756690861
|teamsize|p1|4
|teamsize|p2|4
|start
|switch|p1a: Arcanine|Arcanine-Hisui, L50, M|100/100
|switch|p1b: Sneasler|Sneasler, L50, F|100/100
|switch|p2a: à¶žà¶žà¶žà¶žà¶žà¶ž|Milotic, L50, F|100/100
|switch|p2b: à¶žà¶žà¶žà¶ž|Magnezone, L50|100/100
|-ability|p1a: Arcanine|Intimidate|boost
|-unboost|p2a: à¶žà¶žà¶žà¶žà¶žà¶ž|atk|1
|-unboost|p2b: à¶žà¶žà¶žà¶ž|atk|1
|turn|1
|l| Harridino
|j| Harridino
|c|â˜†cuethequeue|what are their names
|l| Harridino
|c| zuiyyy|omar ur sus meter is off the chart rn
|c|â˜†cuethequeue|is that amongus
|j| Harridino
|c|â˜†OmarWott|i have no idea what you mean
|j| BussInPoots8
|
|t:|1756690932
|switch|p2a: à¶žà¶ž|Typhlosion-Hisui, L50, F|100/100
|-item|p1a: Arcanine|Assault Vest|[from] ability: Frisk|[of] p2a: à¶žà¶ž
|-item|p1b: Sneasler|Focus Sash|[from] ability: Frisk|[of] p2a: à¶žà¶ž
|move|p1b: Sneasler|Fake Out|p2a: à¶žà¶ž
|-immune|p2a: à¶žà¶ž
|move|p1a: Arcanine|Flare Blitz|p2b: à¶žà¶žà¶žà¶ž
|-supereffective|p2b: à¶žà¶žà¶žà¶ž
|-ability|p2b: à¶žà¶žà¶žà¶ž|Sturdy
|-damage|p2b: à¶žà¶žà¶žà¶ž|1/100
|-damage|p1a: Arcanine|73/100|[from] Recoil
|move|p2b: à¶žà¶žà¶žà¶ž|Thunder Wave|p1b: Sneasler
|-status|p1b: Sneasler|par
|
|upkeep
|turn|2
|c| BussInPoots8|vent now quick
|
|t:|1756690980
|cant|p1b: Sneasler|par
|move|p2b: à¶žà¶žà¶žà¶ž|Protect|p2b: à¶žà¶žà¶žà¶ž
|-singleturn|p2b: à¶žà¶žà¶žà¶ž|Protect
|move|p1a: Arcanine|Extreme Speed|p2b: à¶žà¶žà¶žà¶ž
|-activate|p2b: à¶žà¶žà¶žà¶ž|move: Protect
|move|p2a: à¶žà¶ž|Heat Wave|p1a: Arcanine|[spread] p1b
|-miss|p2a: à¶žà¶ž|p1a: Arcanine
|-damage|p1b: Sneasler|24/100 par
|
|upkeep
|turn|3
|l| Harridino
|
|t:|1756691003
|switch|p1b: Sceptile|Sceptile, L50, F|100/100
|switch|p2b: à¶žà¶žà¶žà¶žà¶žà¶ž|Milotic, L50, F|100/100
|move|p1a: Arcanine|Rock Slide|p2a: à¶žà¶ž|[spread] p2a,p2b
|-supereffective|p2a: à¶žà¶ž
|-damage|p2a: à¶žà¶ž|30/100
|-damage|p2b: à¶žà¶žà¶žà¶žà¶žà¶ž|72/100
|move|p2a: à¶žà¶ž|Heat Wave|p1b: Sceptile|[spread] p1a,p1b
|-resisted|p1a: Arcanine
|-supereffective|p1b: Sceptile
|-damage|p1a: Arcanine|62/100
|-damage|p1b: Sceptile|0 fnt
|faint|p1b: Sceptile
|
|-heal|p2b: à¶žà¶žà¶žà¶žà¶žà¶ž|78/100|[from] item: Leftovers
|upkeep
|
|t:|1756691021
|switch|p1b: Primarina|Primarina, L50, F|100/100
|turn|4
|c|â˜†OmarWott|wait the big screen left
|
|t:|1756691077
|move|p1a: Arcanine|Rock Slide|p2a: à¶žà¶ž|[spread] p2a,p2b
|-supereffective|p2a: à¶žà¶ž
|-damage|p2a: à¶žà¶ž|0 fnt
|-damage|p2b: à¶žà¶žà¶žà¶žà¶žà¶ž|51/100
|faint|p2a: à¶žà¶ž
|move|p2b: à¶žà¶žà¶žà¶žà¶žà¶ž|Scald|p1a: Arcanine
|-supereffective|p1a: Arcanine
|-damage|p1a: Arcanine|0 fnt
|faint|p1a: Arcanine
|move|p1b: Primarina|Hyper Voice|p2b: à¶žà¶žà¶žà¶žà¶žà¶ž
|-resisted|p2b: à¶žà¶žà¶žà¶žà¶žà¶ž
|-damage|p2b: à¶žà¶žà¶žà¶žà¶žà¶ž|34/100
|-enditem|p1b: Primarina|Throat Spray
|-boost|p1b: Primarina|spa|1|[from] item: Throat Spray
|
|-heal|p2b: à¶žà¶žà¶žà¶žà¶žà¶ž|40/100|[from] item: Leftovers
|upkeep
|c| Criee|i can hear the among us trap music
|
|t:|1756691093
|switch|p1a: Sneasler|Sneasler, L50, F|24/100 par
|switch|p2a: à¶žà¶žà¶ž|Braviary, L50, M|100/100
|turn|5
|j| Harridino
|
|t:|1756691122
|-terastallize|p2a: à¶žà¶žà¶ž|Electric
|move|p2b: à¶žà¶žà¶žà¶žà¶žà¶ž|Protect|p2b: à¶žà¶žà¶žà¶žà¶žà¶ž
|-singleturn|p2b: à¶žà¶žà¶žà¶žà¶žà¶ž|Protect
|cant|p1a: Sneasler|par
|move|p2a: à¶žà¶žà¶ž|Rock Slide|p1b: Primarina|[spread] p1a,p1b
|-resisted|p1a: Sneasler
|-damage|p1a: Sneasler|0 fnt
|-damage|p1b: Primarina|61/100
|faint|p1a: Sneasler
|move|p1b: Primarina|Dazzling Gleam|p2b: à¶žà¶žà¶žà¶žà¶žà¶ž|[spread] p2a
|-activate|p2b: à¶žà¶žà¶žà¶žà¶žà¶ž|move: Protect
|-damage|p2a: à¶žà¶žà¶ž|45/100
|
|-heal|p2b: à¶žà¶žà¶žà¶žà¶žà¶ž|47/100|[from] item: Leftovers
|upkeep
|turn|6
|c| Harridino|XDDD
|c| Harridino|Sneasler a bum
|
|t:|1756691149
|-terastallize|p1b: Primarina|Poison
|move|p2a: à¶žà¶žà¶ž|Brave Bird|p1b: Primarina
|-damage|p1b: Primarina|0 fnt
|faint|p1b: Primarina
|-damage|p2a: à¶žà¶žà¶ž|24/100|[from] Recoil
|-damage|p2a: à¶žà¶žà¶ž|15/100|[from] item: Life Orb
|
|win|OmarWott
||cuethequeue is ready for game 2.
|inactive|OmarWott has 30 seconds to confirm battle start!
|c|â˜†OmarWott|à¶žà¶žà¶žà¶ž
||OmarWott is ready for game 2.
|uhtml|next|Next: Game 2 of 3
|l| jfwarriors
|l| Harridino
|l| Criee
|j| eeermmm
|l| zuiyyy
|l| eeermmm
|l|â˜†cuethequeue
|player|p1|
|l|â˜†OmarWott
|player|p2|
|j|â˜†OmarWott
|player|p2|OmarWott|n|
|l|â˜†OmarWott
|player|p2|
|j|â˜†OmarWott
|player|p2|OmarWott|n|
|l|â˜†OmarWott
|player|p2|
|j|â˜†OmarWott
|player|p2|OmarWott|n|
