|j|☆bbob415
|j|☆tennerps
|html|bbob415tennerps    
|uhtml|bestof|Game 2 of a best-of-3
|t:|1785683461
|gametype|doubles
|player|p1|bbob415|1|
|player|p2|tennerps|veteranf|
|gen|9
|tier|[Gen 9 Champions] VGC 2026 Reg M-B (Bo3)
|rule|Species Clause: Limit one of each Pokémon
|rule|Item Clause: Limit 1 of each item
|clearpoke
|poke|p1|Avalugg-Hisui, L50, M|
|poke|p1|Sinistcha, L50|
|poke|p1|Flareon, L50, M|
|poke|p1|Farigiraf, L50, F|
|poke|p1|Mawile, L50, M|
|poke|p1|Drampa, L50, M|
|poke|p2|Staraptor, L50, M|
|poke|p2|Glimmora, L50, F|
|poke|p2|Whimsicott, L50, M|
|poke|p2|Kingambit, L50, M|
|poke|p2|Garchomp, L50, M|
|poke|p2|Delphox, L50, M|
|teampreview|4
|showteam|p1|Avalugg-Hisui||ExpertBelt|Sturdy|MountainGale,RockSlide,BodyPress,WideGuard|Brave||M|||50|]Sinistcha||KasibBerry|Hospitality|MatchaGotcha,RagePowder,TrickRoom,LifeDew|Relaxed|||||50|]Flareon||Charcoal|FlashFire|FlareBlitz,QuickAttack,Yawn,WillOWisp|Brave||M|||50|]Farigiraf||ColburBerry|ArmorTail|HyperVoice,Psychic,HelpingHand,TrickRoom|Relaxed||F|||50|]Mawile||Mawilite|HyperCutter|PlayRough,IronHead,RockSlide,SuckerPunch|Adamant||M|||50|]Drampa||Drampanite|CloudNine|HyperVoice,EarthPower,DragonPulse,Protect|Modest||M|||50|
|showteam|p2|Staraptor||Staraptite|Intimidate|Protect,Roost,CloseCombat,BraveBird|Jolly||M|||50|]Glimmora||FocusSash|ToxicDebris|PowerGem,SludgeBomb,EarthPower,SpikyShield|Modest||F|||50|]Whimsicott||OccaBerry|Prankster|Moonblast,Tailwind,Charm,LightScreen|Timid||M|||50|]Kingambit||ChopleBerry|Defiant|KowtowCleave,IronHead,LowKick,SuckerPunch|Adamant||M|||50|]Garchomp||LifeOrb|RoughSkin|Protect,RockSlide,Earthquake,DragonClaw|Jolly||M|||50|]Delphox||Delphoxite|Blaze|HeatWave,Psychic,Encore,Protect|Timid||M|||50|
|j| Hudie EU
|j| PolaroidVGC
|j| Blizz.vg
|j| RunningRad
|j| magnetman210
|j| RK_pocoyo
|j| reanschawrzer
|
|t:|1785683516
|teamsize|p1|4
|teamsize|p2|4
|start
|switch|p1a: Epitaph|Farigiraf, L50, F|100/100
|switch|p1b: White Album|Avalugg-Hisui, L50, M|100/100
|switch|p2a: Staraptor|Staraptor, L50, M|100/100
|switch|p2b: Whimsicott|Whimsicott, L50, M|100/100
|-ability|p2a: Staraptor|Intimidate|boost
|-unboost|p1a: Epitaph|atk|1
|-unboost|p1b: White Album|atk|1
|turn|1
|
|t:|1785683543
|detailschange|p2a: Staraptor|Staraptor-Mega, L50, M
|-mega|p2a: Staraptor|Staraptor|Staraptite
|move|p2b: Whimsicott|Charm|p2a: Staraptor
|-boost|p2a: Staraptor|atk|2
|move|p2a: Staraptor|Close Combat|p1a: Epitaph
|-damage|p1a: Epitaph|3/100
|-boost|p2a: Staraptor|def|1
|-boost|p2a: Staraptor|spd|1
|move|p1b: White Album|Mountain Gale|p2a: Staraptor
|-supereffective|p2a: Staraptor|1
|-damage|p2a: Staraptor|31/100
|move|p1a: Epitaph|Trick Room|p1a: Epitaph
|-fieldstart|move: Trick Room|[of] p1a: Epitaph
|
|upkeep
|turn|2
|
|t:|1785683560
|move|p2a: Staraptor|Protect|p2a: Staraptor
|-singleturn|p2a: Staraptor|Protect
|move|p2b: Whimsicott|Light Screen|p2b: Whimsicott
|-sidestart|p2: tennerps|move: Light Screen
|move|p1b: White Album|Mountain Gale|p2b: Whimsicott
|-supereffective|p2b: Whimsicott|1
|-crit|p2b: Whimsicott
|-damage|p2b: Whimsicott|0 fnt
|faint|p2b: Whimsicott
|move|p1a: Epitaph|Psychic|p2a: Staraptor
|-activate|p2a: Staraptor|move: Protect
|
|upkeep
|
|t:|1785683577
|switch|p2b: Garchomp|Garchomp, L50, M|100/100
|turn|3
|
|t:|1785683606
|move|p2a: Staraptor|Protect|p2a: Staraptor
|-singleturn|p2a: Staraptor|Protect
|move|p1b: White Album|Mountain Gale|p2b: Garchomp
|-supereffective|p2b: Garchomp|2
|-damage|p2b: Garchomp|0 fnt
|faint|p2b: Garchomp
|move|p1a: Epitaph|Psychic|p2a: Staraptor
|-activate|p2a: Staraptor|move: Protect
|
|upkeep
|c|☆tennerps|yeah i uh
|c|☆tennerps|didnt expect the lugg
|c|☆tennerps|lol
|
|t:|1785683626
|switch|p2b: Kingambit|Kingambit, L50, M|100/100
|turn|4
|c|☆bbob415|nobody ever does lol
|c|☆bbob415|ive been wanting to use it all season
|
|t:|1785683639
|move|p2a: Staraptor|Protect||[still]
|-fail|p2a: Staraptor
|move|p1b: White Album|Body Press|p2b: Kingambit
|-supereffective|p2b: Kingambit|2
|-enditem|p2b: Kingambit|Chople Berry|[eat]
|-enditem|p2b: Kingambit|Chople Berry|[weaken]
|-damage|p2b: Kingambit|33/100
|move|p2b: Kingambit|Kowtow Cleave|p1a: Epitaph
|-supereffective|p1a: Epitaph|1
|-enditem|p1a: Epitaph|Colbur Berry|[eat]
|-enditem|p1a: Epitaph|Colbur Berry|[weaken]
|-damage|p1a: Epitaph|0 fnt
|faint|p1a: Epitaph
|
|upkeep
|c|☆tennerps|insane potential mon
|
|t:|1785683651
|switch|p1a: Love Deluxe|Mawile, L50, M|100/100
|turn|5
|c|☆bbob415|i used it last season and did pretty okay with it
|
|t:|1785683675
|detailschange|p1a: Love Deluxe|Mawile-Mega, L50, M
|-mega|p1a: Love Deluxe|Mawile|Mawilite
|move|p2a: Staraptor|Protect|p2a: Staraptor
|-singleturn|p2a: Staraptor|Protect
|move|p2b: Kingambit|Sucker Punch|p1b: White Album
|-damage|p1b: White Album|79/100
|move|p1b: White Album|Body Press|p2b: Kingambit
|-supereffective|p2b: Kingambit|2
|-damage|p2b: Kingambit|0 fnt
|faint|p2b: Kingambit
|move|p1a: Love Deluxe|Play Rough|p2a: Staraptor
|-activate|p2a: Staraptor|move: Protect
|
|-fieldend|move: Trick Room
|upkeep
|turn|6
|
|t:|1785683691
|move|p2a: Staraptor|Close Combat|p1a: Love Deluxe
|-damage|p1a: Love Deluxe|0 fnt
|-boost|p2a: Staraptor|def|1
|-boost|p2a: Staraptor|spd|1
|faint|p1a: Love Deluxe
|move|p1b: White Album|Mountain Gale|p2a: Staraptor
|-supereffective|p2a: Staraptor|1
|-damage|p2a: Staraptor|0 fnt
|faint|p2a: Staraptor
|
|win|bbob415
|c|☆bbob415|ggs
|c|☆tennerps|ggs
|l| RK_pocoyo
|l| magnetman210
|l| PolaroidVGC
|l| reanschawrzer
|l| Blizz.vg
|l| RunningRad
|l|☆tennerps
|player|p2|
|j| RunningRad
