|j|☆underlinegui
|j|☆Ma maybe
|html|underlineguiMa maybe    
|uhtml|bestof|Game 2 of a best-of-3
|t:|1784398973
|gametype|doubles
|player|p1|underlinegui|265|1089
|player|p2|Ma maybe|265|1040
|gen|9
|tier|[Gen 9 Champions] VGC 2026 Reg M-B (Bo3)
|rated|
|rule|Species Clause: Limit one of each Pokémon
|rule|Item Clause: Limit 1 of each item
|clearpoke
|poke|p1|Garchomp, L50, M|
|poke|p1|Whimsicott, L50, M|
|poke|p1|Annihilape, L50, M|
|poke|p1|Charizard, L50, M|
|poke|p1|Maushold, L50|
|poke|p1|Floette-Eternal, L50, F|
|poke|p2|Mawile, L50, M|
|poke|p2|Sinistcha, L50|
|poke|p2|Archaludon, L50, M|
|poke|p2|Pelipper, L50, F|
|poke|p2|Swampert, L50, F|
|poke|p2|Incineroar, L50, M|
|teampreview|4
|showteam|p1|Garchomp||ChoiceScarf|RoughSkin|Earthquake,StompingTantrum,RockSlide,DragonClaw|Adamant||M|||50|]Whimsicott||FocusSash|Prankster|EnergyBall,Tailwind,Encore,Protect|Timid||M|||50|]Annihilape||Leftovers|Defiant|Protect,RageFist,CloseCombat,BulkUp|Jolly||M|||50|]Charizard||CharizarditeY|Blaze|Protect,HeatWave,WeatherBall,SolarBeam|Timid||M|||50|]Maushold||WideLens|Technician|PopulationBomb,FollowMe,Uturn,Protect|Jolly|||||50|]Floette-Eternal||Floettite|FlowerVeil|Protect,LightofRuin,Moonblast,DazzlingGleam|Timid||F|||50|
|showteam|p2|Mawile||Mawilite|Intimidate|PlayRough,Protect,SwordsDance,SuckerPunch|Brave||M|||50|]Sinistcha||CobaBerry|Hospitality|TrickRoom,MatchaGotcha,LifeDew,RagePowder|Relaxed|||||50|]Archaludon||Leftovers|Stamina|FlashCannon,ElectroShot,Protect,DragonPulse|Modest||M|||50|]Pelipper||FocusSash|Drizzle|HydroPump,Tailwind,Protect,Hurricane|Bold||F|||50|]Swampert||Swampertite|Damp|Protect,WaveCrash,Earthquake,HighHorsepower|Adamant||F|||50|]Incineroar||SitrusBerry|Intimidate|FakeOut,PartingShot,DarkestLariat,FlareBlitz|Impish||M|||50|
|inactive|Battle timer is ON: inactive players will automatically lose when time's up. (requested by underlinegui)
|inactive|Ma maybe has 60 seconds left.
|
|t:|1784399020
|teamsize|p1|4
|teamsize|p2|4
|start
|switch|p1a: Whimsicott|Whimsicott, L50, M|100/100
|switch|p1b: Maushold|Maushold, L50|100/100
|switch|p2a: Sinistcha|Sinistcha, L50|100/100
|switch|p2b: Mawile|Mawile, L50, M|100/100
|-ability|p2b: Mawile|Intimidate|boost
|-unboost|p1a: Whimsicott|atk|1
|-unboost|p1b: Maushold|atk|1
|turn|1
|inactive|underlinegui has 30 seconds left.
|inactive|Ma maybe has 30 seconds left.
|inactive|Ma maybe has 20 seconds left.
|inactive|Ma maybe has 15 seconds left.
|inactive|Ma maybe has 10 seconds left.
|
|t:|1784399067
|detailschange|p2b: Mawile|Mawile-Mega, L50, M
|-mega|p2b: Mawile|Mawile|Mawilite
|move|p1a: Whimsicott|Energy Ball|p2b: Mawile
|-resisted|p2b: Mawile|1
|-damage|p2b: Mawile|81/100
|move|p1b: Maushold|Population Bomb|p2b: Mawile
|-resisted|p2b: Mawile|1
|-damage|p2b: Mawile|77/100
|-resisted|p2b: Mawile|1
|-damage|p2b: Mawile|73/100
|-resisted|p2b: Mawile|1
|-damage|p2b: Mawile|69/100
|-resisted|p2b: Mawile|1
|-damage|p2b: Mawile|66/100
|-resisted|p2b: Mawile|1
|-damage|p2b: Mawile|62/100
|-resisted|p2b: Mawile|1
|-damage|p2b: Mawile|58/100
|-resisted|p2b: Mawile|1
|-damage|p2b: Mawile|54/100
|-resisted|p2b: Mawile|1
|-damage|p2b: Mawile|51/100
|-resisted|p2b: Mawile|1
|-damage|p2b: Mawile|47/100
|-resisted|p2b: Mawile|1
|-damage|p2b: Mawile|43/100
|-hitcount|p2b: Mawile|10
|move|p2b: Mawile|Play Rough|p1a: Whimsicott
|-enditem|p1a: Whimsicott|Focus Sash
|-damage|p1a: Whimsicott|1/100
|move|p2a: Sinistcha|Trick Room|p2a: Sinistcha
|-fieldstart|move: Trick Room|[of] p2a: Sinistcha
|
|upkeep
|turn|2
|inactive|Ma maybe has 30 seconds left.
|
|t:|1784399098
|switch|p2a: Pelipper|Pelipper, L50, F|100/100
|-weather|RainDance|[from] ability: Drizzle|[of] p2a: Pelipper
|move|p1b: Maushold|Follow Me|p1b: Maushold
|-singleturn|p1b: Maushold|move: Follow Me
|move|p1a: Whimsicott|Encore|p2b: Mawile
|-start|p2b: Mawile|Encore
|move|p2b: Mawile|Play Rough|p1b: Maushold
|-damage|p1b: Maushold|0 fnt
|faint|p1b: Maushold
|
|-weather|RainDance|[upkeep]
|upkeep
|
|t:|1784399107
|switch|p1b: Charizard|Charizard, L50, M|100/100
|turn|3
|inactive|Ma maybe has 30 seconds left.
|
|t:|1784399132
|switch|p2a: Sinistcha|Sinistcha, L50|100/100
|-heal|p2b: Mawile|68/100|[from] ability: Hospitality|[of] p2a: Sinistcha
|detailschange|p1b: Charizard|Charizard-Mega-Y, L50, M
|-mega|p1b: Charizard|Charizard|Charizardite Y
|-weather|SunnyDay|[from] ability: Drought|[of] p1b: Charizard
|move|p1a: Whimsicott|Protect|p1a: Whimsicott
|-singleturn|p1a: Whimsicott|Protect
|move|p2b: Mawile|Play Rough|p1a: Whimsicott
|-activate|p1a: Whimsicott|move: Protect
|move|p1b: Charizard|Heat Wave|p2b: Mawile|[spread] p2a,p2b
|-supereffective|p2a: Sinistcha|1
|-supereffective|p2b: Mawile|1
|-damage|p2a: Sinistcha|0 fnt
|-damage|p2b: Mawile|0 fnt
|faint|p2a: Sinistcha
|faint|p2b: Mawile
|
|-weather|SunnyDay|[upkeep]
|upkeep
|
|t:|1784399147
|switch|p2b: Archaludon|Archaludon, L50, M|100/100
|switch|p2a: Pelipper|Pelipper, L50, F|100/100
|-weather|RainDance|[from] ability: Drizzle|[of] p2a: Pelipper
|turn|4
|
|t:|1784399170
|switch|p1a: Garchomp|Garchomp, L50, M|100/100
|move|p1b: Charizard|Protect|p1b: Charizard
|-singleturn|p1b: Charizard|Protect
|move|p2b: Archaludon|Electro Shot||[still]
|-prepare|p2b: Archaludon|Electro Shot
|-boost|p2b: Archaludon|spa|1
|-anim|p2b: Archaludon|Electro Shot|p1a: Garchomp
|-immune|p1a: Garchomp
|move|p2a: Pelipper|Hurricane|p1b: Charizard
|-activate|p1b: Charizard|move: Protect
|
|-weather|RainDance|[upkeep]
|upkeep
|turn|5
|inactive|Ma maybe has 30 seconds left.
|
|t:|1784399197
|switch|p1b: Whimsicott|Whimsicott, L50, M|1/100
|move|p2b: Archaludon|Electro Shot||[still]
|-prepare|p2b: Archaludon|Electro Shot
|-boost|p2b: Archaludon|spa|1
|-anim|p2b: Archaludon|Electro Shot|p1b: Whimsicott
|-resisted|p1b: Whimsicott|1
|-damage|p1b: Whimsicott|0 fnt
|faint|p1b: Whimsicott
|move|p2a: Pelipper|Hurricane|p2b: Archaludon
|-resisted|p2b: Archaludon|1
|-damage|p2b: Archaludon|77/100
|-start|p2b: Archaludon|confusion
|-ability|p2b: Archaludon|Stamina|boost
|-boost|p2b: Archaludon|def|1
|move|p1a: Garchomp|Earthquake|p2b: Archaludon|[spread] p2b
|-immune|p2a: Pelipper
|-supereffective|p2b: Archaludon|1
|-damage|p2b: Archaludon|34/100
|-ability|p2b: Archaludon|Stamina|boost
|-boost|p2b: Archaludon|def|1
|
|-weather|RainDance|[upkeep]
|-heal|p2b: Archaludon|40/100|[from] item: Leftovers
|-fieldend|move: Trick Room
|upkeep
|
|t:|1784399213
|switch|p1b: Charizard|Charizard-Mega-Y, L50, M|100/100
|-weather|SunnyDay|[from] ability: Drought|[of] p1b: Charizard
|turn|6
|
|t:|1784399225
|-activate|p2b: Archaludon|confusion
|-damage|p2b: Archaludon|37/100|[from] confusion
|move|p1a: Garchomp|Earthquake|p2b: Archaludon|[spread] p2b
|-immune|p1b: Charizard
|-immune|p2a: Pelipper
|-supereffective|p2b: Archaludon|1
|-damage|p2b: Archaludon|4/100
|-ability|p2b: Archaludon|Stamina|boost
|-boost|p2b: Archaludon|def|1
|move|p1b: Charizard|Heat Wave|p2a: Pelipper|[spread] p2a,p2b
|-resisted|p2a: Pelipper|1
|-crit|p2a: Pelipper
|-damage|p2a: Pelipper|34/100
|-damage|p2b: Archaludon|0 fnt
|faint|p2b: Archaludon
|move|p2a: Pelipper|Tailwind|p2a: Pelipper
|-sidestart|p2: Ma maybe|move: Tailwind
|
|-weather|SunnyDay|[upkeep]
|upkeep
|turn|7
|-message|Ma maybe forfeited.
|
|win|underlinegui
|l|☆Ma maybe
|player|p2|
||underlinegui is ready for game 3.
||Ma maybe is ready for game 3.
|uhtml|next|Next: Game 3 of 3
