|j|☆sazar saifi
|j|☆elmono11
|html|sazar saifielmono11    
|uhtml|bestof|Game 1 of a best-of-3
|t:|1784139280
|gametype|doubles
|player|p1|sazar saifi|1|1367
|player|p2|elmono11|266|1438
|gen|9
|tier|[Gen 9 Champions] VGC 2026 Reg M-B (Bo3)
|rated|
|rule|Species Clause: Limit one of each Pokémon
|rule|Item Clause: Limit 1 of each item
|clearpoke
|poke|p1|Charizard, L50, M|
|poke|p1|Archaludon, L50, M|
|poke|p1|Venusaur, L50, F|
|poke|p1|Grimmsnarl, L50, M|
|poke|p1|Pelipper, L50, M|
|poke|p1|Basculegion, L50, M|
|poke|p2|Dragonite, L50, M|
|poke|p2|Sneasler, L50, F|
|poke|p2|Sinistcha, L50|
|poke|p2|Incineroar, L50, F|
|poke|p2|Floette-Eternal, L50, F|
|poke|p2|Kingambit, L50, M|
|teampreview|4
|showteam|p1|Charizard||CharizarditeY|Blaze|HeatWave,WeatherBall,SolarBeam,Protect|Modest||M|||50|]Archaludon||Leftovers|Stamina|ElectroShot,DragonPulse,FlashCannon,Protect|Calm||M|||50|]Venusaur||FocusSash|Chlorophyll|EarthPower,SludgeBomb,SleepPowder,Protect|Modest||F|||50|]Grimmsnarl||LightClay|Prankster|Reflect,LightScreen,PartingShot,SpiritBreak|Sassy||M|||50|]Pelipper||SitrusBerry|Drizzle|Hurricane,WeatherBall,Tailwind,WideGuard|Modest||M|||50|]Basculegion||ChoiceScarf|Adaptability|WaveCrash,FlipTurn,LastRespects,AquaJet|Jolly||M|||50|
|showteam|p2|Dragonite||LumBerry|Multiscale|DragonClaw,ExtremeSpeed,FirePunch,Protect|Adamant||M|||50|]Sneasler||FocusSash|PoisonTouch|FakeOut,CloseCombat,PoisonJab,Coaching|Jolly||F|||50|]Sinistcha||Leftovers|Hospitality|TrickRoom,MatchaGotcha,RagePowder,Protect|Bold|||||50|]Incineroar||SitrusBerry|Intimidate|FlareBlitz,DarkestLariat,PartingShot,FakeOut|Careful||F|||50|]Floette-Eternal||Floettite|FlowerVeil|DazzlingGleam,DrainingKiss,CalmMind,Protect|Modest||F|||50|]Kingambit||BlackGlasses|Defiant|KowtowCleave,SwordsDance,SuckerPunch,Protect|Adamant||M|||50|
|inactive|Battle timer is ON: inactive players will automatically lose when time's up. (requested by elmono11)
|c|☆sazar saifi|does this team win indian national legue?
|inactive|sazar saifi has 60 seconds left.
|inactive|elmono11 has 60 seconds left.
|c|☆elmono11|i dont know
|inactive|sazar saifi has 30 seconds left.
|
|t:|1784139349
|teamsize|p1|4
|teamsize|p2|4
|start
|switch|p1a: Charizard|Charizard, L50, M|100/100
|switch|p1b: Venusaur|Venusaur, L50, F|100/100
|switch|p2a: Floette|Floette-Eternal, L50, F|100/100
|switch|p2b: Sneasler|Sneasler, L50, F|100/100
|turn|1
|inactive|elmono11 has 30 seconds left.
|inactive|elmono11 has 20 seconds left.
|inactive|elmono11 has 15 seconds left.
|inactive|elmono11 has 10 seconds left.
|
|t:|1784139394
|detailschange|p1a: Charizard|Charizard-Mega-Y, L50, M
|-mega|p1a: Charizard|Charizard|Charizardite Y
|-weather|SunnyDay|[from] ability: Drought|[of] p1a: Charizard
|detailschange|p2a: Floette|Floette-Mega, L50, F
|-mega|p2a: Floette|Floette|Floettite
|-ability|p2a: Floette|Fairy Aura
|move|p2b: Sneasler|Fake Out|p1a: Charizard
|-damage|p1a: Charizard|80/100
|-status|p1a: Charizard|psn|[from] ability: Poison Touch|[of] p2b: Sneasler
|move|p1b: Venusaur|Sleep Powder|p2a: Floette
|-status|p2a: Floette|slp|[from] move: Sleep Powder
|cant|p1a: Charizard|flinch
|cant|p2a: Floette|slp
|
|-weather|SunnyDay|[upkeep]
|-damage|p1a: Charizard|68/100 psn|[from] psn
|upkeep
|turn|2
|inactive|elmono11 has 30 seconds left.
|inactive|elmono11 has 20 seconds left.
|
|t:|1784139430
|switch|p2b: Incineroar|Incineroar, L50, F|100/100
|-ability|p2b: Incineroar|Intimidate|boost
|-unboost|p1a: Charizard|atk|1
|-unboost|p1b: Venusaur|atk|1
|move|p1b: Venusaur|Earth Power|p2b: Incineroar
|-supereffective|p2b: Incineroar|1
|-damage|p2b: Incineroar|51/100
|move|p1a: Charizard|Heat Wave|p2a: Floette|[spread] p2a,p2b
|-resisted|p2b: Incineroar|1
|-damage|p2a: Floette|45/100 slp
|-damage|p2b: Incineroar|24/100
|-enditem|p2b: Incineroar|Sitrus Berry|[eat]
|-heal|p2b: Incineroar|49/100|[from] item: Sitrus Berry
|cant|p2a: Floette|slp
|
|-weather|SunnyDay|[upkeep]
|-damage|p1a: Charizard|56/100 psn|[from] psn
|upkeep
|turn|3
|
|t:|1784139445
|move|p2b: Incineroar|Fake Out|p1a: Charizard
|-damage|p1a: Charizard|41/100 psn
|move|p1b: Venusaur|Earth Power|p2b: Incineroar
|-supereffective|p2b: Incineroar|1
|-damage|p2b: Incineroar|3/100
|cant|p1a: Charizard|flinch
|-curestatus|p2a: Floette|slp|[msg]
|move|p2a: Floette|Dazzling Gleam|p1a: Charizard|[spread] p1a,p1b
|-resisted|p1a: Charizard|1
|-resisted|p1b: Venusaur|1
|-damage|p1a: Charizard|20/100r psn
|-damage|p1b: Venusaur|75/100
|
|-weather|SunnyDay|[upkeep]
|-damage|p1a: Charizard|7/100 psn|[from] psn
|upkeep
|turn|4
|
|t:|1784139462
|switch|p1a: Archaludon|Archaludon, L50, M|100/100
|switch|p2b: Dragonite|Dragonite, L50, M|100/100
|move|p2a: Floette|Protect|p2a: Floette
|-singleturn|p2a: Floette|Protect
|move|p1b: Venusaur|Sleep Powder|p2b: Dragonite
|-status|p2b: Dragonite|slp|[from] move: Sleep Powder
|-enditem|p2b: Dragonite|Lum Berry|[eat]
|-curestatus|p2b: Dragonite|slp|[msg]
|
|-weather|SunnyDay|[upkeep]
|upkeep
|turn|5
|
|t:|1784139477
|move|p2b: Dragonite|Protect|p2b: Dragonite
|-singleturn|p2b: Dragonite|Protect
|move|p1b: Venusaur|Sludge Bomb|p2a: Floette
|-supereffective|p2a: Floette|1
|-damage|p2a: Floette|0 fnt
|faint|p2a: Floette
|move|p1a: Archaludon|Dragon Pulse|p2b: Dragonite
|-activate|p2b: Dragonite|move: Protect
|
|-weather|none
|upkeep
|
|t:|1784139480
|switch|p2a: Sneasler|Sneasler, L50, F|100/100
|turn|6
|inactive|sazar saifi has 30 seconds left.
|
|t:|1784139507
|switch|p1a: Pelipper|Pelipper, L50, M|100/100
|-weather|RainDance|[from] ability: Drizzle|[of] p1a: Pelipper
|move|p2a: Sneasler|Close Combat|p1a: Pelipper
|-resisted|p1a: Pelipper|1
|-damage|p1a: Pelipper|65/100
|-unboost|p2a: Sneasler|def|1
|-unboost|p2a: Sneasler|spd|1
|move|p1b: Venusaur|Sludge Bomb|p2a: Sneasler
|-resisted|p2a: Sneasler|1
|-damage|p2a: Sneasler|52/100
|move|p2b: Dragonite|Dragon Claw|p1a: Pelipper
|-damage|p1a: Pelipper|17/100
|-enditem|p1a: Pelipper|Sitrus Berry|[eat]
|-heal|p1a: Pelipper|41/100|[from] item: Sitrus Berry
|
|-weather|RainDance|[upkeep]
|upkeep
|turn|7
|
|t:|1784139528
|switch|p1a: Charizard|Charizard-Mega-Y, L50, M|7/100 psn
|-weather|SunnyDay|[from] ability: Drought|[of] p1a: Charizard
|move|p2b: Dragonite|Extreme Speed|p1b: Venusaur
|-damage|p1b: Venusaur|34/100
|move|p1b: Venusaur|Earth Power|p2a: Sneasler
|-supereffective|p2a: Sneasler|1
|-damage|p2a: Sneasler|0 fnt
|faint|p2a: Sneasler
|
|-weather|SunnyDay|[upkeep]
|-damage|p1a: Charizard|0 fnt|[from] psn
|faint|p1a: Charizard
|upkeep
|-message|elmono11 forfeited.
|
|win|sazar saifi
