|j|☆tuckered out1
|j|☆owbd
|html|tuckered out1owbd    
|uhtml|bestof|Game 2 of a best-of-3
|t:|1757662283
|gametype|doubles
|player|p1|tuckered out1|gentleman-gen4|1028
|player|p2|owbd|cynthia-gen4|1101
|gen|9
|tier|[Gen 9] VGC 2025 Reg H (Bo3)
|rated|
|rule|Species Clause: Limit one of each Pokémon
|rule|Item Clause: Limit 1 of each item
|clearpoke
|poke|p1|Gyarados, L50, F|
|poke|p1|Pachirisu, L50, F|
|poke|p1|Gothitelle, L50, F|
|poke|p1|Gardevoir, L50, M|
|poke|p1|Garchomp, L50, F|
|poke|p1|Talonflame, L50, F|
|poke|p2|Gholdengo, L50|
|poke|p2|Milotic, L50, F|
|poke|p2|Rillaboom, L50, F|
|poke|p2|Incineroar, L50, F|
|poke|p2|Volcarona, L50, F|
|poke|p2|Dragonite, L50, M|
|teampreview|4
|showteam|p1|Gyarados||MysticWater|Intimidate|DragonDance,Waterfall,Earthquake,Protect|||F|||50|,,,,,Water]Pachirisu||SitrusBerry|VoltAbsorb|Nuzzle,FollowMe,SuperFang,Protect|||F|||50|,,,,,Electric]Gothitelle||Leftovers|ShadowTag|Psyshock,ThunderWave,Tickle,Protect|||F|||50|,,,,,Psychic]Gardevoir||ChoiceScarf|Telepathy|DazzlingGleam,Psychic,Moonblast,Trick|||M|||50|,,,,,Psychic]Garchomp||FocusSash|RoughSkin|Earthquake,DragonClaw,RockSlide,Protect|||F|||50|,,,,,Dragon]Talonflame||LifeOrb|GaleWings|BraveBird,Overheat,Taunt,Tailwind|||F|||50|,,,,,Fire
|showteam|p2|Gholdengo||LifeOrb|GoodasGold|NastyPlot,MakeItRain,ShadowBall,Protect||||||50|,,,,,Steel]Milotic||SitrusBerry|Competitive|Scald,IceBeam,Protect,Haze|||F|||50|,,,,,Fairy]Rillaboom||AssaultVest|GrassySurge|FakeOut,GrassyGlide,WoodHammer,Uturn|||F|||50|,,,,,Fire]Incineroar||SafetyGoggles|Intimidate|FlareBlitz,FakeOut,KnockOff,PartingShot|||F|||50|,,,,,Ghost]Volcarona||Leftovers|FlameBody|HeatWave,FieryDance,QuiverDance,Protect|||F|||50|,,,,,Grass]Dragonite||LoadedDice|Multiscale|ScaleShot,ExtremeSpeed,Protect,Tailwind|||M|||50|,,,,,Normal
|inactive|Battle timer is ON: inactive players will automatically lose when time's up. (requested by tuckered out1)
|inactive|owbd has 60 seconds left.
|
|t:|1757662344
|teamsize|p1|4
|teamsize|p2|4
|start
|switch|p1a: Talonflame|Talonflame, L50, F|100/100
|switch|p1b: Pachirisu|Pachirisu, L50, F|100/100
|switch|p2a: Dragonite|Dragonite, L50, M|100/100
|switch|p2b: Volcarona|Volcarona, L50, F|100/100
|turn|1
|
|t:|1757662356
|move|p1b: Pachirisu|Follow Me|p1b: Pachirisu
|-singleturn|p1b: Pachirisu|move: Follow Me
|move|p1a: Talonflame|Taunt|p2b: Volcarona
|-start|p2b: Volcarona|move: Taunt
|cant|p2b: Volcarona|move: Taunt|Quiver Dance
|move|p2a: Dragonite|Scale Shot|p1b: Pachirisu
|-damage|p1b: Pachirisu|86/100
|-damage|p1b: Pachirisu|74/100
|-damage|p1b: Pachirisu|59/100
|-damage|p1b: Pachirisu|46/100
|-enditem|p1b: Pachirisu|Sitrus Berry|[eat]
|-heal|p1b: Pachirisu|71/100|[from] item: Sitrus Berry
|-hitcount|p1b: Pachirisu|4
|-unboost|p2a: Dragonite|def|1
|-boost|p2a: Dragonite|spe|1
|
|upkeep
|turn|2
|
|t:|1757662380
|switch|p1a: Gyarados|Gyarados, L50, F|100/100
|-ability|p1a: Gyarados|Intimidate|boost
|-unboost|p2a: Dragonite|atk|1
|-unboost|p2b: Volcarona|atk|1
|move|p2a: Dragonite|Scale Shot|p1a: Gyarados
|-damage|p1a: Gyarados|89/100
|-damage|p1a: Gyarados|77/100
|-damage|p1a: Gyarados|65/100
|-damage|p1a: Gyarados|52/100
|-damage|p1a: Gyarados|40/100
|-hitcount|p1a: Gyarados|5
|-unboost|p2a: Dragonite|def|1
|-boost|p2a: Dragonite|spe|1
|move|p2b: Volcarona|Heat Wave|p1a: Gyarados|[spread] p1a,p1b
|-resisted|p1a: Gyarados
|-damage|p1a: Gyarados|23/100
|-damage|p1b: Pachirisu|36/100
|move|p1b: Pachirisu|Nuzzle|p2a: Dragonite
|-damage|p2a: Dragonite|97/100
|-status|p2a: Dragonite|par
|
|upkeep
|turn|3
|
|t:|1757662403
|-terastallize|p1a: Gyarados|Water
|move|p2a: Dragonite|Extreme Speed|p1a: Gyarados
|-damage|p1a: Gyarados|0 fnt
|faint|p1a: Gyarados
|move|p2b: Volcarona|Heat Wave|p1b: Pachirisu
|-damage|p1b: Pachirisu|0 fnt
|faint|p1b: Pachirisu
|
|-end|p2b: Volcarona|move: Taunt
|upkeep
|
|t:|1757662410
|switch|p1a: Talonflame|Talonflame, L50, F|100/100
|switch|p1b: Gardevoir|Gardevoir, L50, M|100/100
|turn|4
|
|t:|1757662423
|move|p2a: Dragonite|Extreme Speed|p1a: Talonflame
|-damage|p1a: Talonflame|69/100
|move|p1b: Gardevoir|Moonblast|p2a: Dragonite
|-supereffective|p2a: Dragonite
|-damage|p2a: Dragonite|15/100 par
|-unboost|p2a: Dragonite|spa|1
|move|p1a: Talonflame|Brave Bird|p2b: Volcarona
|-supereffective|p2b: Volcarona
|-damage|p2b: Volcarona|0 fnt
|faint|p2b: Volcarona
|-damage|p1a: Talonflame|28/100|[from] Recoil
|-damage|p1a: Talonflame|18/100|[from] item: Life Orb
|
|upkeep
|inactive|owbd has 30 seconds left.
|
|t:|1757662454
|switch|p2b: Gholdengo|Gholdengo, L50|100/100
|turn|5
|
|t:|1757662461
|move|p2a: Dragonite|Extreme Speed|p1a: Talonflame
|-damage|p1a: Talonflame|0 fnt
|faint|p1a: Talonflame
|move|p1b: Gardevoir|Moonblast|p2a: Dragonite
|-supereffective|p2a: Dragonite
|-damage|p2a: Dragonite|0 fnt
|faint|p2a: Dragonite
|move|p2b: Gholdengo|Make It Rain|p1b: Gardevoir
|-supereffective|p1b: Gardevoir
|-damage|p1b: Gardevoir|0 fnt
|-unboost|p2b: Gholdengo|spa|1
|faint|p1b: Gardevoir
|-damage|p2b: Gholdengo|91/100|[from] item: Life Orb
|
|win|owbd
||tuckered out1 is ready for game 3.
||owbd is ready for game 3.
|uhtml|next|Next: Game 3 of 3
