|j|☆Zephrhills
|j|☆doatzmgoatz
|html|Zephrhillsdoatzmgoatz    
|uhtml|bestof|Game 3 of a best-of-3
|t:|1783311475
|gametype|doubles
|player|p1|Zephrhills|miku-ghost|
|player|p2|doatzmgoatz|wallace|
|gen|9
|tier|[Gen 9 Champions] VGC 2026 Reg M-B (Bo3)
|rule|Species Clause: Limit one of each Pokémon
|rule|Item Clause: Limit 1 of each item
|clearpoke
|poke|p1|Dragapult, L50, F|
|poke|p1|Rotom-Wash, L50, shiny|
|poke|p1|Tyranitar, L50, M, shiny|
|poke|p1|Meowstic, L50, M|
|poke|p1|Greninja, L50, M, shiny|
|poke|p1|Scizor, L50, M|
|poke|p2|Gengar, L50, F|
|poke|p2|Incineroar, L50, M|
|poke|p2|Clefable, L50, F|
|poke|p2|Hydreigon, L50, M|
|poke|p2|Liepard, L50, F|
|poke|p2|Bastiodon, L50, F|
|teampreview|4
|showteam|p1|Dragapult||LifeOrb|Infiltrator|SuckerPunch,ShadowBall,DragonDarts,DracoMeteor|Hasty||F|||50|]Rotom-Wash||Leftovers|Levitate|Discharge,ShadowBall,LightScreen,WillOWisp|Modest|||||50|]Tyranitar||WhiteHerb|SandStream|HeavySlam,Superpower,Crunch,DragonDance|Adamant||M|||50|]Meowstic||Meowsticite|Prankster|ThunderWave,Psychic,TrickRoom,FakeOut|Modest||M|||50|]Greninja||FocusSash|Protean|Surf,GunkShot,MudShot,Blizzard|Mild||M|||50|]Scizor||OccaBerry|Technician|BugBite,BulletPunch,Tailwind,Superpower|Impish||M|||50|
|showteam|p2|Gengar||Gengarite|CursedBody|PerishSong,Protect,ShadowBall,SludgeBomb|Timid||F|||50|]Incineroar||LumBerry|Intimidate|FakeOut,PartingShot,WillOWisp,FlareBlitz|Careful||M|||50|]Clefable||Leftovers|Unaware|FollowMe,Moonlight,Protect,DazzlingGleam|Bold||F|||50|]Hydreigon||WideLens|Levitate|NastyPlot,EarthPower,Uturn,DracoMeteor|Timid||M|||50|]Liepard||FocusSash|Prankster|FakeOut,Yawn,Protect,ThunderWave|Careful||F|||50|]Bastiodon||SitrusBerry|Soundproof|BodyPress,IronDefense,Bulldoze,StoneEdge|Relaxed||F|||50|
|
|t:|1783311504
|teamsize|p1|4
|teamsize|p2|4
|start
|switch|p1a: Rotom|Rotom-Wash, L50, shiny|100/100
|switch|p1b: Tyranitar|Tyranitar, L50, M, shiny|100/100
|switch|p2a: Clefable|Clefable, L50, F|100/100
|switch|p2b: Hydreigon|Hydreigon, L50, M|100/100
|-weather|Sandstorm|[from] ability: Sand Stream|[of] p1b: Tyranitar
|turn|1
|
|t:|1783311548
|move|p2b: Hydreigon|U-turn|p1a: Rotom
|-damage|p1a: Rotom|82/100
|
|t:|1783311551
|switch|p2b: Incineroar|Incineroar, L50, M|100/100|[from] U-turn
|-ability|p2b: Incineroar|Intimidate|boost
|-unboost|p1a: Rotom|atk|1
|-unboost|p1b: Tyranitar|atk|1
|-enditem|p1b: Tyranitar|White Herb
|-clearnegativeboost|p1b: Tyranitar|[silent]
|move|p1a: Rotom|Light Screen|p1a: Rotom
|-sidestart|p1: Zephrhills|move: Light Screen
|move|p1b: Tyranitar|Superpower|p2b: Incineroar
|-supereffective|p2b: Incineroar|1
|-damage|p2b: Incineroar|22/100
|-unboost|p1b: Tyranitar|atk|1
|-unboost|p1b: Tyranitar|def|1
|move|p2a: Clefable|Dazzling Gleam|p1a: Rotom|[spread] p1a,p1b
|-supereffective|p1b: Tyranitar|1
|-damage|p1a: Rotom|69/100
|-damage|p1b: Tyranitar|83/100
|
|-weather|Sandstorm|[upkeep]
|-damage|p1a: Rotom|63/100|[from] Sandstorm
|-damage|p2a: Clefable|94/100|[from] Sandstorm
|-damage|p2b: Incineroar|16/100|[from] Sandstorm
|-heal|p1a: Rotom|69/100|[from] item: Leftovers
|-heal|p2a: Clefable|100/100|[from] item: Leftovers
|upkeep
|turn|2
|
|t:|1783311584
|move|p2a: Clefable|Follow Me|p2a: Clefable
|-singleturn|p2a: Clefable|move: Follow Me
|move|p1a: Rotom|Discharge|p2a: Clefable|[spread] p1b,p2a,p2b
|-damage|p1b: Tyranitar|73/100
|-damage|p2a: Clefable|73/100
|-damage|p2b: Incineroar|0 fnt
|faint|p2b: Incineroar
|move|p1b: Tyranitar|Heavy Slam|p2a: Clefable
|-supereffective|p2a: Clefable|1
|-damage|p2a: Clefable|5/100
|
|-weather|Sandstorm|[upkeep]
|-damage|p1a: Rotom|63/100|[from] Sandstorm
|-damage|p2a: Clefable|0 fnt|[from] Sandstorm
|faint|p2a: Clefable
|-heal|p1a: Rotom|69/100|[from] item: Leftovers
|upkeep
|
|t:|1783311596
|switch|p2a: Gengar|Gengar, L50, F|100/100
|switch|p2b: Hydreigon|Hydreigon, L50, M|100/100
|turn|3
|
|t:|1783311617
|detailschange|p2a: Gengar|Gengar-Mega, L50, F
|-mega|p2a: Gengar|Gengar|Gengarite
|move|p2a: Gengar|Sludge Bomb|p1a: Rotom
|-damage|p1a: Rotom|27/100
|move|p2b: Hydreigon|Earth Power|p1b: Tyranitar
|-supereffective|p1b: Tyranitar|1
|-damage|p1b: Tyranitar|49/100
|move|p1a: Rotom|Shadow Ball|p2a: Gengar
|-supereffective|p2a: Gengar|1
|-damage|p2a: Gengar|27/100
|-unboost|p2a: Gengar|spd|1
|move|p1b: Tyranitar|Superpower|p2b: Hydreigon
|-supereffective|p2b: Hydreigon|1
|-damage|p2b: Hydreigon|33/100
|-unboost|p1b: Tyranitar|atk|1
|-unboost|p1b: Tyranitar|def|1
|
|-weather|Sandstorm|[upkeep]
|-damage|p2a: Gengar|21/100|[from] Sandstorm
|-damage|p2b: Hydreigon|27/100|[from] Sandstorm
|-damage|p1a: Rotom|21/100|[from] Sandstorm
|-heal|p1a: Rotom|27/100|[from] item: Leftovers
|upkeep
|turn|4
|
|t:|1783311659
|move|p2a: Gengar|Sludge Bomb|p1a: Rotom
|-damage|p1a: Rotom|0 fnt
|faint|p1a: Rotom
|move|p2b: Hydreigon|Earth Power|p1b: Tyranitar
|-supereffective|p1b: Tyranitar|1
|-damage|p1b: Tyranitar|25/100
|move|p1b: Tyranitar|Superpower|p2b: Hydreigon
|-supereffective|p2b: Hydreigon|1
|-damage|p2b: Hydreigon|0 fnt
|-unboost|p1b: Tyranitar|atk|1
|-unboost|p1b: Tyranitar|def|1
|faint|p2b: Hydreigon
|
|-weather|Sandstorm|[upkeep]
|-damage|p2a: Gengar|15/100|[from] Sandstorm
|upkeep
|
|t:|1783311672
|switch|p1a: Dragapult|Dragapult, L50, F|100/100
|turn|5
|
|t:|1783311680
|move|p2a: Gengar|Protect|p2a: Gengar
|-singleturn|p2a: Gengar|Protect
|move|p1a: Dragapult|Sucker Punch||[still]
|-fail|p1a: Dragapult
|move|p1b: Tyranitar|Heavy Slam|p2a: Gengar
|-activate|p2a: Gengar|move: Protect
|
|-weather|none
|-sideend|p1: Zephrhills|move: Light Screen
|upkeep
|turn|6
|
|t:|1783311693
|move|p1a: Dragapult|Dragon Darts|p2a: Gengar
|-crit|p2a: Gengar
|-damage|p2a: Gengar|0 fnt
|faint|p2a: Gengar
|-damage|p1a: Dragapult|90/100|[from] item: Life Orb
|
|win|Zephrhills
