|j|☆Onemagician4496
|j|☆dialghite
|html|Onemagician4496dialghite    
|uhtml|bestof|Game 3 of a best-of-3
|t:|1754492482
|gametype|doubles
|player|p1|Onemagician4496|ingo|1321
|player|p2|dialghite|volkner|1352
|gen|9
|tier|[Gen 9] VGC 2025 Reg H (Bo3)
|rated|
|rule|Species Clause: Limit one of each Pokémon
|rule|Item Clause: Limit 1 of each item
|clearpoke
|poke|p1|Indeedee, L50, M|
|poke|p1|Sneasler, L50, F|
|poke|p1|Excadrill, L50, F|
|poke|p1|Magmar, L50, M|
|poke|p1|Corviknight, L50, F|
|poke|p1|Tyranitar, L50, M|
|poke|p2|Whimsicott, L50, F|
|poke|p2|Dragonite, L50, M|
|poke|p2|Indeedee, L50, M|
|poke|p2|Sneasler, L50, M|
|poke|p2|Ursaluna-Bloodmoon, L50, M|
|poke|p2|Archaludon, L50, M|
|teampreview|4
|showteam|p1|Indeedee||ChoiceScarf|PsychicSurge|ExpandingForce,TeraBlast,Trick,Protect|||M|||50|,,,,,Psychic]Sneasler||WhiteHerb|Unburden|FakeOut,CloseCombat,DireClaw,Coaching|||F|||50|,,,,,Flying]Excadrill||FocusSash|SandRush|Earthquake,IronHead,SwordsDance,Protect|||F|||50|,,,,,Ground]Magmar||Eviolite|VitalSpirit|HeatWave,FollowMe,HelpingHand,Protect|||M|||50|,,,,,Flying]Corviknight||PsychicSeed|MirrorArmor|BraveBird,PowerTrip,BulkUp,Roost|||F|||50|,,,,,Water]Tyranitar||AssaultVest|SandStream|RockSlide,KnockOff,LowKick,TeraBlast|||M|||50|,,,,,Flying
|showteam|p2|Whimsicott||CovertCloak|Prankster|Moonblast,Taunt,Tailwind,FakeTears|||F|||50|,,,,,Water]Dragonite||LoadedDice|Multiscale|ScaleShot,StompingTantrum,Haze,Protect|||M|||50|,,,,,Steel]Indeedee||FocusSash|PsychicSurge|ExpandingForce,TeraBlast,Imprison,TrickRoom|||M|||50|,,,,,Psychic]Sneasler||PsychicSeed|Unburden|CloseCombat,DireClaw,ThroatChop,Protect|||M|||50|,,,,,Dark]Ursaluna-Bloodmoon||LifeOrb|MindsEye|HyperVoice,BloodMoon,EarthPower,Protect|||M|||50|,,,,,Normal]Archaludon||PowerHerb|Stalwart|ElectroShot,DragonPulse,Thunderbolt,Protect|||M|||50|,,,,,Electric
|inactive|Battle timer is ON: inactive players will automatically lose when time's up. (requested by Onemagician4496)
|inactive|Onemagician4496 has 60 seconds left.
|
|t:|1754492526
|teamsize|p1|4
|teamsize|p2|4
|start
|switch|p1a: Corviknight|Corviknight, L50, F|100/100
|switch|p1b: Indeedee|Indeedee, L50, M|100/100
|switch|p2a: Indeedee|Indeedee, L50, M|100/100
|switch|p2b: Sneasler|Sneasler, L50, M|100/100
|-fieldstart|move: Psychic Terrain|[from] ability: Psychic Surge|[of] p1b: Indeedee
|-enditem|p2b: Sneasler|Psychic Seed
|-boost|p2b: Sneasler|spd|1|[from] item: Psychic Seed
|-enditem|p1a: Corviknight|Psychic Seed
|-boost|p1a: Corviknight|spd|1|[from] item: Psychic Seed
|turn|1
|inactive|dialghite has 30 seconds left.
|inactive|dialghite has 20 seconds left.
|
|t:|1754492564
|switch|p2a: Archaludon|Archaludon, L50, M|100/100
|move|p2b: Sneasler|Close Combat|p1b: Indeedee
|-damage|p1b: Indeedee|0 fnt
|-unboost|p2b: Sneasler|def|1
|-unboost|p2b: Sneasler|spd|1
|faint|p1b: Indeedee
|move|p1a: Corviknight|Bulk Up|p1a: Corviknight
|-boost|p1a: Corviknight|atk|1
|-boost|p1a: Corviknight|def|1
|
|upkeep
|
|t:|1754492587
|switch|p1b: Sneasler|Sneasler, L50, F|100/100
|turn|2
|inactive|Onemagician4496 has 30 seconds left.
|
|t:|1754492613
|switch|p1a: Tyranitar|Tyranitar, L50, M|100/100
|-weather|Sandstorm|[from] ability: Sand Stream|[of] p1a: Tyranitar
|-terastallize|p2a: Archaludon|Electric
|move|p2b: Sneasler|Dire Claw|p1b: Sneasler
|-resisted|p1b: Sneasler
|-damage|p1b: Sneasler|66/100
|move|p1b: Sneasler|Close Combat|p2a: Archaludon
|-damage|p2a: Archaludon|46/100
|-unboost|p1b: Sneasler|def|1
|-unboost|p1b: Sneasler|spd|1
|-enditem|p1b: Sneasler|White Herb
|-clearnegativeboost|p1b: Sneasler|[silent]
|move|p2a: Archaludon|Electro Shot||[still]
|-prepare|p2a: Archaludon|Electro Shot
|-boost|p2a: Archaludon|spa|1
|-enditem|p2a: Archaludon|Power Herb
|-anim|p2a: Archaludon|Electro Shot|p1a: Tyranitar
|-damage|p1a: Tyranitar|63/100
|
|-weather|Sandstorm|[upkeep]
|-damage|p1b: Sneasler|60/100|[from] Sandstorm
|-damage|p2b: Sneasler|95/100|[from] Sandstorm
|-damage|p2a: Archaludon|40/100|[from] Sandstorm
|upkeep
|turn|3
|inactive|dialghite has 30 seconds left.
|
|t:|1754492647
|switch|p2a: Indeedee|Indeedee, L50, M|100/100
|-terastallize|p1a: Tyranitar|Flying
|move|p2b: Sneasler|Protect|p2b: Sneasler
|-singleturn|p2b: Sneasler|Protect
|move|p1b: Sneasler|Close Combat|p2a: Indeedee
|-enditem|p2a: Indeedee|Focus Sash
|-damage|p2a: Indeedee|1/100
|-unboost|p1b: Sneasler|def|1
|-unboost|p1b: Sneasler|spd|1
|move|p1a: Tyranitar|Tera Blast|p2b: Sneasler|[anim] Tera Blast Flying
|-activate|p2b: Sneasler|move: Protect
|
|-weather|Sandstorm|[upkeep]
|-damage|p1b: Sneasler|54/100|[from] Sandstorm
|-damage|p2b: Sneasler|89/100|[from] Sandstorm
|-damage|p2a: Indeedee|0 fnt|[from] Sandstorm
|-damage|p1a: Tyranitar|58/100|[from] Sandstorm
|faint|p2a: Indeedee
|upkeep
|
|t:|1754492660
|switch|p2a: Dragonite|Dragonite, L50, M|100/100
|turn|4
|
|t:|1754492673
|switch|p1b: Corviknight|Corviknight, L50, F|100/100
|move|p2b: Sneasler|Dire Claw|p1a: Tyranitar
|-damage|p1a: Tyranitar|22/100
|move|p2a: Dragonite|Scale Shot|p1a: Tyranitar
|-damage|p1a: Tyranitar|10/100
|-damage|p1a: Tyranitar|0 fnt
|faint|p1a: Tyranitar
|-hitcount|p1: Tyranitar|2
|-unboost|p2a: Dragonite|def|1
|-boost|p2a: Dragonite|spe|1
|
|-weather|Sandstorm|[upkeep]
|-damage|p2b: Sneasler|83/100|[from] Sandstorm
|-damage|p2a: Dragonite|95/100|[from] Sandstorm
|upkeep
|
|t:|1754492681
|switch|p1a: Sneasler|Sneasler, L50, F|54/100
|turn|5
|
|t:|1754492705
|move|p2a: Dragonite|Protect|p2a: Dragonite
|-singleturn|p2a: Dragonite|Protect
|move|p1a: Sneasler|Fake Out|p2a: Dragonite
|-hint|Psychic Terrain doesn't affect Pokémon immune to Ground.
|-activate|p2a: Dragonite|move: Protect
|move|p2b: Sneasler|Close Combat|p1a: Sneasler
|-resisted|p1a: Sneasler
|-damage|p1a: Sneasler|2/100
|-unboost|p2b: Sneasler|def|1
|-unboost|p2b: Sneasler|spd|1
|move|p1b: Corviknight|Brave Bird|p2a: Dragonite
|-activate|p2a: Dragonite|move: Protect
|
|-weather|Sandstorm|[upkeep]
|-damage|p2b: Sneasler|77/100|[from] Sandstorm
|-damage|p2a: Dragonite|89/100|[from] Sandstorm
|-damage|p1a: Sneasler|0 fnt|[from] Sandstorm
|faint|p1a: Sneasler
|-fieldend|move: Psychic Terrain
|upkeep
|turn|6
|
|t:|1754492721
|move|p2b: Sneasler|Close Combat|p1b: Corviknight
|-damage|p1b: Corviknight|46/100
|-unboost|p2b: Sneasler|def|1
|-unboost|p2b: Sneasler|spd|1
|move|p2a: Dragonite|Scale Shot|p1b: Corviknight
|-resisted|p1b: Corviknight
|-damage|p1b: Corviknight|40/100
|-resisted|p1b: Corviknight
|-damage|p1b: Corviknight|34/100
|-resisted|p1b: Corviknight
|-damage|p1b: Corviknight|28/100
|-resisted|p1b: Corviknight
|-damage|p1b: Corviknight|21/100
|-resisted|p1b: Corviknight
|-damage|p1b: Corviknight|15/100
|-hitcount|p1b: Corviknight|5
|-unboost|p2a: Dragonite|def|1
|-boost|p2a: Dragonite|spe|1
|move|p1b: Corviknight|Bulk Up|p1b: Corviknight
|-boost|p1b: Corviknight|atk|1
|-boost|p1b: Corviknight|def|1
|
|-weather|none
|upkeep
|turn|7
|
|t:|1754492728
|move|p2b: Sneasler|Close Combat|p1b: Corviknight
|-damage|p1b: Corviknight|0 fnt
|-unboost|p2b: Sneasler|def|1
|-unboost|p2b: Sneasler|spd|1
|faint|p1b: Corviknight
|
|win|dialghite
|raw|Onemagician4496's rating: 1321 → 1303(-18 for losing)
|raw|dialghite's rating: 1352 → 1370(+18 for winning)
