|j|☆bobsparents
|j|☆davidxrt
|html|bobsparentsdavidxrt    
|uhtml|bestof|Game 1 of a best-of-3
|t:|1784327686
|gametype|doubles
|player|p1|bobsparents|cynthia|1032
|player|p2|davidxrt|hilbert-wonderlauncher|1148
|gen|9
|tier|[Gen 9 Champions] VGC 2026 Reg M-B (Bo3)
|rated|
|rule|Species Clause: Limit one of each Pokémon
|rule|Item Clause: Limit 1 of each item
|clearpoke
|poke|p1|Clawitzer, L50, F|
|poke|p1|Farigiraf, L50, F|
|poke|p1|Camerupt, L50, F|
|poke|p1|Mawile, L50, M|
|poke|p1|Vanilluxe, L50, F|
|poke|p1|Staraptor, L50, F|
|poke|p2|Klefki, L50, M|
|poke|p2|Lycanroc-Dusk, L50, F|
|poke|p2|Pelipper, L50, M|
|poke|p2|Archaludon, L50, F|
|poke|p2|Basculegion, L50, M|
|poke|p2|Floette-Eternal, L50, F|
|teampreview|4
|showteam|p1|Clawitzer||LifeOrb|MegaLauncher|WaterPulse,DarkPulse,AuraSphere,Protect|Quiet||F|||50|]Farigiraf||SitrusBerry|ArmorTail|HyperVoice,AllySwitch,TrickRoom,Protect|Relaxed||F|||50|]Camerupt||Cameruptite|AngerPoint|HeatWave,EarthPower,AncientPower,Protect|Quiet||F|||50|]Mawile||Mawilite|HyperCutter|PlayRough,IronHead,SuckerPunch,RockSlide|Brave||M|||50|]Vanilluxe||NeverMeltIce|SnowWarning|Blizzard,IceShard,FreezeDry,Protect|Quiet||F|||50|]Staraptor||ChoiceScarf|Intimidate|FinalGambit,CloseCombat,BraveBird,Uturn|Jolly||F|||50|
|showteam|p2|Klefki||LightClay|Prankster|Reflect,LightScreen,RainDance,TrickRoom|Bold||M|||50|]Lycanroc-Dusk||FocusSash|ToughClaws|Accelerock,CloseCombat,PsychicFangs,RockSlide|Adamant||F|||50|]Pelipper||SitrusBerry|Drizzle|Protect,Tailwind,WeatherBall,Hurricane|Modest||M|||50|]Archaludon||QuickClaw|Stamina|Protect,ElectroShot,DracoMeteor,FlashCannon|Modest||F|||50|]Basculegion||LifeOrb|SwiftSwim|Protect,AquaJet,WaveCrash,LastRespects|Adamant||M|||50|]Floette-Eternal||Floettite|FlowerVeil|Protect,DazzlingGleam,Moonblast,LightofRuin|Modest||F|||50|
|inactive|Battle timer is ON: inactive players will automatically lose when time's up. (requested by davidxrt)
|inactive|bobsparents has 60 seconds left.
|inactive|davidxrt has 60 seconds left.
|
|t:|1784327744
|teamsize|p1|4
|teamsize|p2|4
|start
|switch|p1a: Farigiraf|Farigiraf, L50, F|100/100
|switch|p1b: Staraptor|Staraptor, L50, F|100/100
|switch|p2a: Archaludon|Archaludon, L50, F|100/100
|switch|p2b: Klefki|Klefki, L50, M|100/100
|-ability|p1b: Staraptor|Intimidate|boost
|-unboost|p2a: Archaludon|atk|1
|-unboost|p2b: Klefki|atk|1
|turn|1
|inactive|bobsparents has 30 seconds left.
|inactive|davidxrt has 30 seconds left.
|
|t:|1784327779
|move|p2a: Archaludon|Protect|p2a: Archaludon
|-singleturn|p2a: Archaludon|Protect
|move|p2b: Klefki|Rain Dance|p2b: Klefki
|-weather|RainDance
|move|p1b: Staraptor|Final Gambit|p2b: Klefki
|-damage|p2b: Klefki|0 fnt
|faint|p1b: Staraptor
|faint|p2b: Klefki
|move|p1a: Farigiraf|Trick Room|p1a: Farigiraf
|-fieldstart|move: Trick Room|[of] p1a: Farigiraf
|
|-weather|RainDance|[upkeep]
|upkeep
|
|t:|1784327797
|switch|p2b: Basculegion|Basculegion, L50, M|100/100
|switch|p1b: Vanilluxe|Vanilluxe, L50, F|100/100
|-weather|Snowscape|[from] ability: Snow Warning|[of] p1b: Vanilluxe
|turn|2
|inactive|bobsparents has 30 seconds left.
|
|t:|1784327823
|move|p2b: Basculegion|Protect|p2b: Basculegion
|-singleturn|p2b: Basculegion|Protect
|move|p1a: Farigiraf|Ally Switch|p1a: Farigiraf
|swap|p1a: Farigiraf|1|[from] move: Ally Switch
|move|p1a: Vanilluxe|Freeze-Dry|p2b: Basculegion
|-activate|p2b: Basculegion|move: Protect
|move|p2a: Archaludon|Flash Cannon|p1b: Farigiraf
|-damage|p1b: Farigiraf|66/100
|
|-weather|Snowscape|[upkeep]
|upkeep
|turn|3
|
|t:|1784327841
|switch|p1b: Mawile|Mawile, L50, M|100/100
|move|p2b: Basculegion|Aqua Jet|p1a: Vanilluxe
|-damage|p1a: Vanilluxe|77/100
|-damage|p2b: Basculegion|90/100|[from] item: Life Orb
|move|p1a: Vanilluxe|Freeze-Dry|p2b: Basculegion
|-supereffective|p2b: Basculegion|1
|-damage|p2b: Basculegion|0 fnt
|faint|p2b: Basculegion
|move|p2a: Archaludon|Flash Cannon|p1a: Vanilluxe
|-supereffective|p1a: Vanilluxe|1
|-damage|p1a: Vanilluxe|0 fnt
|faint|p1a: Vanilluxe
|
|-weather|Snowscape|[upkeep]
|upkeep
|
|t:|1784327859
|switch|p1a: Farigiraf|Farigiraf, L50, F|66/100
|switch|p2b: Lycanroc|Lycanroc-Dusk, L50, F|100/100
|turn|4
|
|t:|1784327881
|detailschange|p1b: Mawile|Mawile-Mega, L50, M
|-mega|p1b: Mawile|Mawile|Mawilite
|move|p1b: Mawile|Iron Head|p2b: Lycanroc
|-supereffective|p2b: Lycanroc|1
|-enditem|p2b: Lycanroc|Focus Sash
|-damage|p2b: Lycanroc|1/100
|move|p1a: Farigiraf|Hyper Voice|p2b: Lycanroc|[spread] p2a,p2b
|-resisted|p2a: Archaludon|1
|-resisted|p2b: Lycanroc|1
|-damage|p2a: Archaludon|88/100
|-damage|p2b: Lycanroc|0 fnt
|-ability|p2a: Archaludon|Stamina|boost
|-boost|p2a: Archaludon|def|1
|faint|p2b: Lycanroc
|move|p2a: Archaludon|Flash Cannon|p1a: Farigiraf
|-damage|p1a: Farigiraf|34/100
|-unboost|p1a: Farigiraf|spd|1
|-enditem|p1a: Farigiraf|Sitrus Berry|[eat]
|-heal|p1a: Farigiraf|59/100|[from] item: Sitrus Berry
|
|-weather|Snowscape|[upkeep]
|upkeep
|turn|5
|
|t:|1784327901
|move|p1a: Farigiraf|Protect|p1a: Farigiraf
|-singleturn|p1a: Farigiraf|Protect
|move|p2a: Archaludon|Protect|p2a: Archaludon
|-singleturn|p2a: Archaludon|Protect
|move|p1b: Mawile|Play Rough|p2a: Archaludon
|-activate|p2a: Archaludon|move: Protect
|
|-weather|Snowscape|[upkeep]
|-fieldend|move: Trick Room
|upkeep
|turn|6
|
|t:|1784327915
|move|p2a: Archaludon|Flash Cannon|p1b: Mawile
|-damage|p1b: Mawile|57/100
|move|p1b: Mawile|Play Rough|p2a: Archaludon|[miss]
|-miss|p1b: Mawile|p2a: Archaludon
|move|p1a: Farigiraf|Trick Room|p1a: Farigiraf
|-fieldstart|move: Trick Room|[of] p1a: Farigiraf
|
|-weather|none
|upkeep
|turn|7
|
|t:|1784327926
|move|p1a: Farigiraf|Ally Switch|p1a: Farigiraf
|swap|p1a: Farigiraf|1|[from] move: Ally Switch
|move|p1a: Mawile|Iron Head|p2a: Archaludon
|-resisted|p2a: Archaludon|1
|-damage|p2a: Archaludon|69/100
|-ability|p2a: Archaludon|Stamina|boost
|-boost|p2a: Archaludon|def|1
|move|p2a: Archaludon|Flash Cannon|p1b: Farigiraf
|-damage|p1b: Farigiraf|10/100
|
|upkeep
|turn|8
|
|t:|1784327936
|move|p1b: Farigiraf|Protect|p1b: Farigiraf
|-singleturn|p1b: Farigiraf|Protect
|move|p2a: Archaludon|Protect|p2a: Archaludon
|-singleturn|p2a: Archaludon|Protect
|move|p1a: Mawile|Play Rough|p2a: Archaludon
|-activate|p2a: Archaludon|move: Protect
|
|upkeep
|turn|9
|-activate|p2a: Archaludon|item: Quick Claw
|
|t:|1784327946
|move|p2a: Archaludon|Flash Cannon|p1b: Farigiraf
|-damage|p1b: Farigiraf|0 fnt
|faint|p1b: Farigiraf
|move|p1a: Mawile|Play Rough|p2a: Archaludon
|-damage|p2a: Archaludon|35/100
|-ability|p2a: Archaludon|Stamina|boost
|-boost|p2a: Archaludon|def|1
|
|upkeep
|turn|10
|-activate|p2a: Archaludon|item: Quick Claw
|
|t:|1784327955
|move|p2a: Archaludon|Protect|p2a: Archaludon
|-singleturn|p2a: Archaludon|Protect
|move|p1a: Mawile|Play Rough|p2a: Archaludon
|-activate|p2a: Archaludon|move: Protect
|
|-fieldend|move: Trick Room
|upkeep
|turn|11
|
|t:|1784327965
|move|p2a: Archaludon|Flash Cannon|p1a: Mawile
|-damage|p1a: Mawile|15/100
|move|p1a: Mawile|Play Rough|p2a: Archaludon
|-damage|p2a: Archaludon|11/100
|-ability|p2a: Archaludon|Stamina|boost
|-boost|p2a: Archaludon|def|1
|
|upkeep
|turn|12
|-activate|p2a: Archaludon|item: Quick Claw
|
|t:|1784327973
|move|p1a: Mawile|Sucker Punch|p2a: Archaludon
|-damage|p2a: Archaludon|0 fnt
|faint|p2a: Archaludon
|
|win|bobsparents
