|j|☆Beeetch
|j|☆caZISA
|html|BeeetchcaZISA    
|uhtml|bestof|Game 2 of a best-of-3
|t:|1756586071
|gametype|doubles
|player|p1|Beeetch|beauty-gen4dp|1316
|player|p2|caZISA|red|1477
|gen|9
|tier|[Gen 9] VGC 2025 Reg H (Bo3)
|rated|
|rule|Species Clause: Limit one of each Pokémon
|rule|Item Clause: Limit 1 of each item
|clearpoke
|poke|p1|Toedscruel, L50, F|
|poke|p1|Weezing-Galar, L50, M|
|poke|p1|Corviknight, L50, F|
|poke|p1|Pawmot, L50, M|
|poke|p1|Garchomp, L50, M|
|poke|p1|Typhlosion-Hisui, L50, F|
|poke|p2|Amoonguss, L50, M|
|poke|p2|Incineroar, L50, M|
|poke|p2|Pelipper, L50, M|
|poke|p2|Basculegion, L50, M|
|poke|p2|Archaludon, L50, M|
|poke|p2|Maushold-Four, L50|
|teampreview|4
|showteam|p1|Toedscruel||CovertCloak|MyceliumMight|Spore,EarthPower,AcidSpray,RagePowder|||F|||50|,,,,,Water]Weezing-Galar||ChoiceSpecs|NeutralizingGas|DazzlingGleam,SludgeBomb,StrangeSteam,Flamethrower|||M|||50|,,,,,Flying]Corviknight||SitrusBerry|MirrorArmor|Protect,Tailwind,Roost,BraveBird|||F|||50|,,,,,Dragon]Pawmot||FocusSash|NaturalCure|Protect,CloseCombat,DoubleShock,FakeOut|||M|||50|,,,,,Electric]Garchomp||LifeOrb|RoughSkin|Protect,Earthquake,DragonClaw,StompingTantrum|||M|||50|,,,,,Ground]Typhlosion-Hisui||ChoiceScarf|Blaze|Eruption,SleepTalk,HeatWave,ShadowBall|||F|||50|,,,,,Fire
|showteam|p2|Amoonguss||RockyHelmet|Regenerator|Spore,RagePowder,PollenPuff,Protect|||M|||50|,,,,,Water]Incineroar||SafetyGoggles|Intimidate|FakeOut,WillOWisp,KnockOff,PartingShot|||M|||50|,,,,,Ghost]Pelipper||FocusSash|Drizzle|Hurricane,WeatherBall,WideGuard,Protect|||M|||50|,,,,,Ghost]Basculegion||MysticWater|SwiftSwim|WaveCrash,LastRespects,AquaJet,Protect|||M|||50|,,,,,Grass]Archaludon||AssaultVest|Stamina|FlashCannon,DracoMeteor,ElectroShot,BodyPress|||M|||50|,,,,,Bug]Maushold-Four||WideLens|Technician|PopulationBomb,Taunt,FollowMe,Protect||||||50|,,,,,Ghost
|
|t:|1756586114
|teamsize|p1|4
|teamsize|p2|4
|start
|switch|p1a: Typhlosion|Typhlosion-Hisui, L50, F|100/100
|switch|p1b: Weezing|Weezing-Galar, L50, M|100/100
|switch|p2a: Maushold|Maushold-Four, L50|100/100
|switch|p2b: Sporini|Amoonguss, L50, M|100/100
|-ability|p1b: Weezing|Neutralizing Gas
|turn|1
|
|t:|1756586133
|move|p2a: Maushold|Protect|p2a: Maushold
|-singleturn|p2a: Maushold|Protect
|move|p2b: Sporini|Protect|p2b: Sporini
|-singleturn|p2b: Sporini|Protect
|move|p1a: Typhlosion|Shadow Ball|p2b: Sporini
|-activate|p2b: Sporini|move: Protect
|move|p1b: Weezing|Sludge Bomb|p2b: Sporini
|-activate|p2b: Sporini|move: Protect
|
|upkeep
|turn|2
|inactive|Battle timer is ON: inactive players will automatically lose when time's up. (requested by caZISA)
|
|t:|1756586150
|switch|p1a: Pawmot|Pawmot, L50, M|100/100
|move|p2a: Maushold|Follow Me|p2a: Maushold
|-singleturn|p2a: Maushold|move: Follow Me
|move|p1b: Weezing|Sludge Bomb|p2a: Maushold
|-damage|p2a: Maushold|32/100
|-status|p2a: Maushold|psn
|move|p2b: Sporini|Spore|p1a: Pawmot
|-status|p1a: Pawmot|slp|[from] move: Spore
|
|-damage|p2a: Maushold|20/100 psn|[from] psn
|upkeep
|turn|3
|inactive|Beeetch has 30 seconds left.
|
|t:|1756586177
|switch|p1a: Typhlosion|Typhlosion-Hisui, L50, F|100/100
|move|p2a: Maushold|Population Bomb|p1b: Weezing
|-damage|p1b: Weezing|95/100
|-damage|p1b: Weezing|89/100
|-damage|p1b: Weezing|83/100
|-damage|p1b: Weezing|77/100
|-damage|p1b: Weezing|71/100
|-damage|p1b: Weezing|66/100
|-damage|p1b: Weezing|60/100
|-damage|p1b: Weezing|53/100
|-damage|p1b: Weezing|48/100
|-damage|p1b: Weezing|42/100
|-hitcount|p1b: Weezing|10
|move|p1b: Weezing|Sludge Bomb|p2b: Sporini
|-damage|p2b: Sporini|51/100
|move|p2b: Sporini|Spore|p1b: Weezing
|-status|p1b: Weezing|slp|[from] move: Spore
|
|-damage|p2a: Maushold|8/100 psn|[from] psn
|upkeep
|turn|4
|
|t:|1756586198
|-end|p1b: Weezing|ability: Neutralizing Gas
|switch|p1b: Pawmot|Pawmot, L50, M|100/100 slp
|-terastallize|p1a: Typhlosion|Fire
|move|p2a: Maushold|Protect|p2a: Maushold
|-singleturn|p2a: Maushold|Protect
|move|p2b: Sporini|Protect|p2b: Sporini
|-singleturn|p2b: Sporini|Protect
|move|p1a: Typhlosion|Eruption|p2b: Sporini|[spread] 
|-activate|p2a: Maushold|move: Protect
|-activate|p2b: Sporini|move: Protect
|
|-damage|p2a: Maushold|0 fnt|[from] psn
|faint|p2a: Maushold
|upkeep
|
|t:|1756586207
|switch|p2a: Nigel|Pelipper, L50, M|100/100
|-weather|RainDance|[from] ability: Drizzle|[of] p2a: Nigel
|turn|5
|
|t:|1756586221
|-curestatus|p1b: Pawmot|slp|[from] ability: Natural Cure
|switch|p1b: Weezing|Weezing-Galar, L50, M|42/100 slp
|-ability|p1b: Weezing|Neutralizing Gas
|switch|p2b: E.R.M.A.C|Basculegion, L50, M|100/100
|move|p1a: Typhlosion|Eruption|p2a: Nigel|[spread] p2a,p2b
|-resisted|p2a: Nigel
|-resisted|p2b: E.R.M.A.C
|-damage|p2a: Nigel|67/100
|-damage|p2b: E.R.M.A.C|77/100
|move|p2a: Nigel|Weather Ball|p1a: Typhlosion
|-supereffective|p1a: Typhlosion
|-damage|p1a: Typhlosion|0 fnt
|faint|p1a: Typhlosion
|
|-weather|RainDance|[upkeep]
|upkeep
|
|t:|1756586236
|switch|p1a: Corviknight|Corviknight, L50, F|100/100
|turn|6
|
|t:|1756586244
|move|p1a: Corviknight|Protect|p1a: Corviknight
|-singleturn|p1a: Corviknight|Protect
|move|p2b: E.R.M.A.C|Wave Crash|p1a: Corviknight
|-activate|p1a: Corviknight|move: Protect
|move|p2a: Nigel|Weather Ball|p1b: Weezing
|-damage|p1b: Weezing|0 fnt
|faint|p1b: Weezing
|-end|p1b: Weezing|ability: Neutralizing Gas
|
|-weather|RainDance|[upkeep]
|upkeep
|
|t:|1756586253
|switch|p1b: Pawmot|Pawmot, L50, M|100/100
|turn|7
|
|t:|1756586259
|switch|p2a: Sporini|Amoonguss, L50, M|51/100
|move|p2b: E.R.M.A.C|Wave Crash|p1a: Corviknight
|-damage|p1a: Corviknight|7/100
|-enditem|p1a: Corviknight|Sitrus Berry|[eat]
|-heal|p1a: Corviknight|32/100|[from] item: Sitrus Berry
|-damage|p2b: E.R.M.A.C|45/100|[from] Recoil
|move|p1b: Pawmot|Double Shock|p2b: E.R.M.A.C
|-supereffective|p2b: E.R.M.A.C
|-damage|p2b: E.R.M.A.C|0 fnt
|-start|p1b: Pawmot|typechange|???/Fighting|[from] move: Double Shock
|faint|p2b: E.R.M.A.C
|move|p1a: Corviknight|Tailwind|p1a: Corviknight
|-sidestart|p1: Beeetch|move: Tailwind
|
|-weather|RainDance|[upkeep]
|upkeep
|
|t:|1756586264
|switch|p2b: Nigel|Pelipper, L50, M|67/100
|turn|8
|inactive|Beeetch has 30 seconds left.
|
|t:|1756586296
|move|p2a: Sporini|Rage Powder|p2a: Sporini
|-singleturn|p2a: Sporini|move: Rage Powder
|move|p1b: Pawmot|Close Combat|p2a: Sporini
|-resisted|p2a: Sporini
|-damage|p2a: Sporini|27/100
|-unboost|p1b: Pawmot|def|1
|-unboost|p1b: Pawmot|spd|1
|-damage|p1b: Pawmot|84/100|[from] item: Rocky Helmet|[of] p2a: Sporini
|move|p1a: Corviknight|Brave Bird|p2a: Sporini
|-supereffective|p2a: Sporini
|-damage|p2a: Sporini|0 fnt
|-damage|p1a: Corviknight|15/100|[from] item: Rocky Helmet|[of] p2a: Sporini
|faint|p2a: Sporini
|-damage|p1a: Corviknight|6/100|[from] Recoil
|move|p2b: Nigel|Weather Ball|p1b: Pawmot
|-damage|p1b: Pawmot|0 fnt
|faint|p1b: Pawmot
|
|-weather|RainDance|[upkeep]
|upkeep
|turn|9
|
|t:|1756586320
|move|p1a: Corviknight|Protect|p1a: Corviknight
|-singleturn|p1a: Corviknight|Protect
|move|p2b: Nigel|Weather Ball|p1a: Corviknight
|-activate|p1a: Corviknight|move: Protect
|
|-weather|none
|upkeep
|turn|10
|
|t:|1756586331
|move|p1a: Corviknight|Roost|p1a: Corviknight
|-heal|p1a: Corviknight|56/100
|-singleturn|p1a: Corviknight|move: Roost
|move|p2b: Nigel|Hurricane|p1a: Corviknight
|-resisted|p1a: Corviknight
|-damage|p1a: Corviknight|36/100
|
|-sideend|p1: Beeetch|move: Tailwind
|upkeep
|turn|11
|
|t:|1756586339
|move|p2b: Nigel|Hurricane|p1a: Corviknight
|-resisted|p1a: Corviknight
|-damage|p1a: Corviknight|17/100
|move|p1a: Corviknight|Roost|p1a: Corviknight
|-heal|p1a: Corviknight|67/100
|-singleturn|p1a: Corviknight|move: Roost
|
|upkeep
|turn|12
|
|t:|1756586347
|move|p1a: Corviknight|Protect|p1a: Corviknight
|-singleturn|p1a: Corviknight|Protect
|move|p2b: Nigel|Hurricane|p1a: Corviknight
|-activate|p1a: Corviknight|move: Protect
|
|upkeep
|turn|13
|
|t:|1756586352
|move|p2b: Nigel|Hurricane|p1a: Corviknight|[miss]
|-miss|p2b: Nigel|p1a: Corviknight
|move|p1a: Corviknight|Roost|p1a: Corviknight
|-heal|p1a: Corviknight|100/100
|-singleturn|p1a: Corviknight|move: Roost
|
|upkeep
|turn|14
|
|t:|1756586362
|move|p2b: Nigel|Hurricane|p1a: Corviknight|[miss]
|-miss|p2b: Nigel|p1a: Corviknight
|move|p1a: Corviknight|Tailwind|p1a: Corviknight
|-sidestart|p1: Beeetch|move: Tailwind
|
|upkeep
|turn|15
|
|t:|1756586367
|move|p1a: Corviknight|Brave Bird|p2b: Nigel
|-damage|p2b: Nigel|11/100
|-damage|p1a: Corviknight|88/100|[from] Recoil
|move|p2b: Nigel|Hurricane|p1a: Corviknight
|-resisted|p1a: Corviknight
|-damage|p1a: Corviknight|67/100
|
|upkeep
|turn|16
|-message|caZISA forfeited.
|
|win|Beeetch
|l|☆caZISA
|player|p2|
