|j|â˜†meguquaaa
|j|â˜†freudianbreath
|html|meguquaaafreudianbreath    
|uhtml|bestof|Game 1 of a best-of-3
|t:|1785697872
|gametype|doubles
|player|p1|meguquaaa|phoebe-masters|1054
|player|p2|freudianbreath|169|1044
|gen|9
|tier|[Gen 9 Champions] VGC 2026 Reg M-B (Bo3)
|rated|
|rule|Species Clause: Limit one of each PokÃ©mon
|rule|Item Clause: Limit 1 of each item
|clearpoke
|poke|p1|Decidueye-Hisui, L50, F|
|poke|p1|Floette-Eternal, L50, F|
|poke|p1|Kingambit, L50, M|
|poke|p1|Incineroar, L50, M|
|poke|p1|Raichu, L50, F|
|poke|p1|Garchomp, L50, F|
|poke|p2|Gholdengo, L50|
|poke|p2|Palafin, L50, F|
|poke|p2|Whimsicott, L50, M|
|poke|p2|Blastoise, L50, M|
|poke|p2|Mamoswine, L50, M|
|poke|p2|Incineroar, L50, M|
|teampreview|4
|showteam|p1|Decidueye-Hisui||ChoiceScarf|Scrappy|TripleArrows,LeafBlade,Uturn,KnockOff|Jolly||F|||50|]Floette-Eternal||Floettite|FlowerVeil|CalmMind,DrainingKiss,DazzlingGleam,Protect|Timid||F|||50|]Kingambit||BlackGlasses|Defiant|SuckerPunch,KowtowCleave,Protect,SwordsDance|Adamant||M|||50|]Incineroar||SitrusBerry|Intimidate|Taunt,FakeOut,PartingShot,FlareBlitz|Impish||M|||50|]Raichu||RaichuniteY|Static|ZapCannon,FakeOut,FocusBlast,Protect|Hasty||F|||50|]Garchomp||LifeOrb|RoughSkin|Earthquake,StompingTantrum,RockSlide,DragonClaw|Jolly||F|||50|
|showteam|p2|Gholdengo||ChoiceScarf|GoodasGold|Trick,MakeItRain,Thunderbolt,ShadowBall|Timid|||||50|]Palafin||MysticWater|ZerotoHero|FlipTurn,Protect,JetPunch,WaveCrash|Jolly||F|||50|]Whimsicott||FocusSash|Prankster|Moonblast,Encore,Tailwind,Protect|Timid||M|||50|]Blastoise||Blastoisinite|Torrent|MuddyWater,ShellSmash,DarkPulse,AuraSphere|Modest||M|||50|]Mamoswine||WhiteHerb|ThickFat|IceShard,IcicleCrash,Protect,HighHorsepower|Jolly||M|||50|]Incineroar||SitrusBerry|Intimidate|FakeOut,PartingShot,FlareBlitz,BrickBreak|Adamant||M|||50|
|inactive|Battle timer is ON: inactive players will automatically lose when time's up. (requested by meguquaaa)
|
|t:|1785697973
|teamsize|p1|4
|teamsize|p2|4
|start
|switch|p1a: Raichu|Raichu, L50, F|100/100
|switch|p1b: Incineroar|Incineroar, L50, M|100/100
|switch|p2a: Whimsicott|Whimsicott, L50, M|100/100
|switch|p2b: Mamoswine|Mamoswine, L50, M|100/100
|-ability|p1b: Incineroar|Intimidate|boost
|-unboost|p2a: Whimsicott|atk|1
|-unboost|p2b: Mamoswine|atk|1
|-enditem|p2b: Mamoswine|White Herb
|-clearnegativeboost|p2b: Mamoswine|[silent]
|turn|1
|inactive|meguquaaa has 30 seconds left.
|inactive|freudianbreath has 30 seconds left.
|
|t:|1785698008
|detailschange|p1a: Raichu|Raichu-Mega-Y, L50, F
|-mega|p1a: Raichu|Raichu|Raichunite Y
|move|p2a: Whimsicott|Protect|p2a: Whimsicott
|-singleturn|p2a: Whimsicott|Protect
|move|p1a: Raichu|Fake Out|p2a: Whimsicott
|-activate|p2a: Whimsicott|move: Protect
|move|p1b: Incineroar|Fake Out|p2b: Mamoswine
|-damage|p2b: Mamoswine|86/100
|cant|p2b: Mamoswine|flinch
|
|upkeep
|turn|2
|inactive|meguquaaa has 30 seconds left.
|inactive|meguquaaa has 20 seconds left.
|inactive|meguquaaa has 15 seconds left.
|
|t:|1785698051
|move|p1a: Raichu|Protect|p1a: Raichu
|-singleturn|p1a: Raichu|Protect
|move|p2a: Whimsicott|Encore|p1a: Raichu
|-activate|p1a: Raichu|move: Protect
|move|p2b: Mamoswine|High Horsepower|p1b: Incineroar
|-supereffective|p1b: Incineroar|1
|-damage|p1b: Incineroar|30/100
|-enditem|p1b: Incineroar|Sitrus Berry|[eat]
|-heal|p1b: Incineroar|55/100|[from] item: Sitrus Berry
|move|p1b: Incineroar|Taunt|p2a: Whimsicott
|-start|p2a: Whimsicott|move: Taunt
|
|upkeep
|turn|3
|inactive|meguquaaa has 30 seconds left.
|inactive|freudianbreath has 30 seconds left.
|inactive|meguquaaa has 20 seconds left.
|inactive|meguquaaa has 15 seconds left.
|
|t:|1785698093
|switch|p1a: Decidueye|Decidueye-Hisui, L50, F|100/100
|switch|p2a: Incineroar|Incineroar, L50, M|100/100
|-ability|p2a: Incineroar|Intimidate|boost
|-fail|p1a: Decidueye|unboost|Attack|[from] ability: Scrappy|[of] p1a: Decidueye
|-unboost|p1b: Incineroar|atk|1
|move|p2b: Mamoswine|High Horsepower|p1a: Decidueye
|-resisted|p1a: Decidueye|1
|-damage|p1a: Decidueye|69/100
|move|p1b: Incineroar|Parting Shot|p2b: Mamoswine
|-unboost|p2b: Mamoswine|atk|1
|-unboost|p2b: Mamoswine|spa|1
|
|t:|1785698108
|switch|p1b: Raichu|Raichu-Mega-Y, L50, F|100/100|[from] Parting Shot
|
|upkeep
|turn|4
|inactive|freudianbreath has 30 seconds left.
|inactive|freudianbreath has 20 seconds left.
|inactive|freudianbreath has 15 seconds left.
|inactive|freudianbreath has 10 seconds left.
|inactive|freudianbreath has 5 seconds left.
|
|t:|1785698160
|switch|p2a: Whimsicott|Whimsicott, L50, M|100/100
|move|p1b: Raichu|Fake Out|p2a: Whimsicott
|-damage|p2a: Whimsicott|88/100
|move|p2b: Mamoswine|Ice Shard|p1a: Decidueye
|-supereffective|p1a: Decidueye|1
|-damage|p1a: Decidueye|35/100
|move|p1a: Decidueye|Triple Arrows|p2a: Whimsicott
|-resisted|p2a: Whimsicott|1
|-damage|p2a: Whimsicott|65/100
|
|upkeep
|turn|5
|inactive|meguquaaa has 30 seconds left.
|inactive|freudianbreath has 30 seconds left.
|inactive|freudianbreath has 20 seconds left.
|inactive|freudianbreath has 15 seconds left.
|inactive|freudianbreath has 10 seconds left.
|
|t:|1785698209
|switch|p1b: Incineroar|Incineroar, L50, M|55/100
|-ability|p1b: Incineroar|Intimidate|boost
|-unboost|p2a: Whimsicott|atk|1
|-unboost|p2b: Mamoswine|atk|1
|switch|p1a: Kingambit|Kingambit, L50, M|100/100
|move|p2a: Whimsicott|Tailwind|p2a: Whimsicott
|-sidestart|p2: freudianbreath|move: Tailwind
|move|p2b: Mamoswine|Icicle Crash|p1a: Kingambit
|-resisted|p1a: Kingambit|1
|-damage|p1a: Kingambit|91/100
|
|upkeep
|turn|6
|inactive|freudianbreath has 30 seconds left.
|inactive|freudianbreath has 20 seconds left.
|inactive|freudianbreath has 15 seconds left.
|inactive|freudianbreath has 10 seconds left.
|
|t:|1785698257
|move|p2a: Whimsicott|Protect|p2a: Whimsicott
|-singleturn|p2a: Whimsicott|Protect
|move|p2b: Mamoswine|High Horsepower|p1a: Kingambit
|-supereffective|p1a: Kingambit|1
|-damage|p1a: Kingambit|55/100
|move|p1b: Incineroar|Flare Blitz|p2a: Whimsicott
|-activate|p2a: Whimsicott|move: Protect
|move|p1a: Kingambit|Swords Dance|p1a: Kingambit
|-boost|p1a: Kingambit|atk|2
|
|upkeep
|turn|7
|inactive|freudianbreath has 30 seconds left.
|inactive|freudianbreath has 20 seconds left.
|inactive|freudianbreath has 15 seconds left.
|inactive|freudianbreath has 10 seconds left.
|inactive|freudianbreath has 5 seconds left.
|
|t:|1785698308
|move|p1a: Kingambit|Protect|p1a: Kingambit
|-singleturn|p1a: Kingambit|Protect
|move|p2a: Whimsicott|Moonblast|p1a: Kingambit
|-activate|p1a: Kingambit|move: Protect
|move|p2b: Mamoswine|High Horsepower|p1a: Kingambit
|-activate|p1a: Kingambit|move: Protect
|move|p1b: Incineroar|Flare Blitz|p2a: Whimsicott
|-supereffective|p2a: Whimsicott|1
|-damage|p2a: Whimsicott|0 fnt
|faint|p2a: Whimsicott
|-damage|p1b: Incineroar|41/100|[from] Recoil
|
|upkeep
|inactive|freudianbreath has 30 seconds left.
|
|t:|1785698335
|switch|p2a: Gholdengo|Gholdengo, L50|100/100
|turn|8
|inactive|freudianbreath has 30 seconds left.
|
|t:|1785698363
|move|p2a: Gholdengo|Trick|p1a: Kingambit
|-activate|p2a: Gholdengo|move: Trick|[of] p1a: Kingambit
|-item|p1a: Kingambit|Choice Scarf|[from] move: Trick
|-item|p2a: Gholdengo|Black Glasses|[from] move: Trick
|move|p2b: Mamoswine|High Horsepower|p1b: Incineroar
|-supereffective|p1b: Incineroar|1
|-damage|p1b: Incineroar|5/100
|move|p1a: Kingambit|Kowtow Cleave|p2a: Gholdengo
|-supereffective|p2a: Gholdengo|1
|-damage|p2a: Gholdengo|0 fnt
|faint|p2a: Gholdengo
|move|p1b: Incineroar|Parting Shot|p2b: Mamoswine
|-unboost|p2b: Mamoswine|atk|1
|-unboost|p2b: Mamoswine|spa|1
|
|t:|1785698377
|switch|p1b: Raichu|Raichu-Mega-Y, L50, F|100/100|[from] Parting Shot
|
|-sideend|p2: freudianbreath|move: Tailwind
|upkeep
|c|â˜†freudianbreath|I was expecting sucker punch :/
|
|t:|1785698382
|switch|p2a: Incineroar|Incineroar, L50, M|100/100
|-ability|p2a: Incineroar|Intimidate|boost
|-unboost|p1a: Kingambit|atk|1
|-ability|p1a: Kingambit|Defiant|boost
|-boost|p1a: Kingambit|atk|2
|-unboost|p1b: Raichu|atk|1
|turn|9
|c|â˜†meguquaaa|yea but i can see u have trick
|c|â˜†meguquaaa|open team sheets
|inactive|meguquaaa has 30 seconds left.
|inactive|freudianbreath has 30 seconds left.
|inactive|freudianbreath has 20 seconds left.
|inactive|freudianbreath has 15 seconds left.
|
|t:|1785698423
|move|p1b: Raichu|Fake Out|p2a: Incineroar
|-damage|p2a: Incineroar|94/100
|move|p2b: Mamoswine|High Horsepower|p1b: Raichu
|-supereffective|p1b: Raichu|1
|-damage|p1b: Raichu|2/100
|move|p1a: Kingambit|Kowtow Cleave|p2b: Mamoswine
|-damage|p2b: Mamoswine|0 fnt
|faint|p2b: Mamoswine
|cant|p2a: Incineroar|flinch
|
|upkeep
|turn|10
|
|t:|1785698436
|move|p1b: Raichu|Focus Blast|p2a: Incineroar
|-supereffective|p2a: Incineroar|1
|-damage|p2a: Incineroar|9/100
|-enditem|p2a: Incineroar|Sitrus Berry|[eat]
|-heal|p2a: Incineroar|34/100|[from] item: Sitrus Berry
|move|p1a: Kingambit|Kowtow Cleave|p2a: Incineroar
|-resisted|p2a: Incineroar|1
|-damage|p2a: Incineroar|0 fnt
|faint|p2a: Incineroar
|
|win|meguquaaa
||meguquaaa is ready for game 2.
||freudianbreath is ready for game 2.
|uhtml|next|Next: Game 2 of 3
