|j|☆MenOfStrat
|j|☆Bobbo1
|html|MenOfStratBobbo1    
|uhtml|bestof|Game 1 of a best-of-3
|t:|1756913581
|gametype|doubles
|player|p1|MenOfStrat|li|1225
|player|p2|Bobbo1|ghetsis|1152
|gen|9
|tier|[Gen 9] VGC 2025 Reg H (Bo3)
|rated|
|rule|Species Clause: Limit one of each Pokémon
|rule|Item Clause: Limit 1 of each item
|clearpoke
|poke|p1|Sneasler, L50, M|
|poke|p1|Indeedee, L50, M|
|poke|p1|Volcarona, L50, M|
|poke|p1|Ursaluna-Bloodmoon, L50, M|
|poke|p1|Annihilape, L50, F|
|poke|p1|Tyranitar, L50, M|
|poke|p2|Palafin, L50, F|
|poke|p2|Incineroar, L50, F|
|poke|p2|Rillaboom, L50, F|
|poke|p2|Volcarona, L50, F|
|poke|p2|Ninetales-Alola, L50, F|
|poke|p2|Gholdengo, L50|
|teampreview|4
|showteam|p1|Sneasler||PsychicSeed|Unburden|CloseCombat,DireClaw,ThroatChop,Protect|||M|||50|,,,,,Dark]Indeedee||ChoiceScarf|PsychicSurge|ExpandingForce,TeraBlast,Trick,Protect|||M|||50|,,,,,Psychic]Volcarona||SitrusBerry|FlameBody|Overheat,StruggleBug,RagePowder,Tailwind|||M|||50|,,,,,Fairy]Ursaluna-Bloodmoon||LifeOrb|MindsEye|BloodMoon,HyperVoice,EarthPower,Protect|||M|||50|,,,,,Normal]Annihilape||SafetyGoggles|Defiant|CloseCombat,RageFist,Taunt,FinalGambit|||F|||50|,,,,,Fairy]Tyranitar||AssaultVest|SandStream|RockSlide,KnockOff,TeraBlast,LowKick|||M|||50|,,,,,Flying
|showteam|p2|Palafin||MysticWater|ZerotoHero|IcePunch,JetPunch,WaveCrash,Protect|||F|||50|,,,,,Water]Incineroar||SafetyGoggles|Intimidate|FakeOut,KnockOff,FlareBlitz,PartingShot|||F|||50|,,,,,Ghost]Rillaboom||AssaultVest|GrassySurge|FakeOut,GrassyGlide,WoodHammer,Uturn|||F|||50|,,,,,Fire]Volcarona||GrassySeed|FlameBody|QuiverDance,FieryDance,GigaDrain,Protect|||F|||50|,,,,,Grass]Ninetales-Alola||LightClay|SnowWarning|AuroraVeil,Blizzard,Moonblast,Protect|||F|||50|,,,,,Fire]Gholdengo||LifeOrb|GoodasGold|NastyPlot,MakeItRain,ShadowBall,Protect||||||50|,,,,,Water
|inactive|Battle timer is ON: inactive players will automatically lose when time's up. (requested by Bobbo1)
|
|t:|1756913673
|teamsize|p1|4
|teamsize|p2|4
|start
|switch|p1a: Indeedee|Indeedee, L50, M|100/100
|switch|p1b: Sneasler|Sneasler, L50, M|100/100
|switch|p2a: Palafin|Palafin, L50, F|100/100
|switch|p2b: Volcarona|Volcarona, L50, F|100/100
|-fieldstart|move: Psychic Terrain|[from] ability: Psychic Surge|[of] p1a: Indeedee
|-enditem|p1b: Sneasler|Psychic Seed
|-boost|p1b: Sneasler|spd|1|[from] item: Psychic Seed
|turn|1
|inactive|MenOfStrat has 30 seconds left.
|inactive|Bobbo1 has 30 seconds left.
|
|t:|1756913702
|detailschange|p2a: Palafin|Palafin-Hero, L50, F
|switch|p2a: Rillaboom|Rillaboom, L50, F|100/100
|-fieldstart|move: Grassy Terrain|[from] ability: Grassy Surge|[of] p2a: Rillaboom
|-enditem|p2b: Volcarona|Grassy Seed
|-boost|p2b: Volcarona|def|1|[from] item: Grassy Seed
|move|p1b: Sneasler|Dire Claw|p2a: Rillaboom
|-supereffective|p2a: Rillaboom
|-damage|p2a: Rillaboom|15/100
|-status|p2a: Rillaboom|par
|move|p1a: Indeedee|Expanding Force|p2a: Rillaboom
|-damage|p2a: Rillaboom|0 fnt
|faint|p2a: Rillaboom
|move|p2b: Volcarona|Quiver Dance|p2b: Volcarona
|-boost|p2b: Volcarona|spa|1
|-boost|p2b: Volcarona|spd|1
|-boost|p2b: Volcarona|spe|1
|
|upkeep
|
|t:|1756913718
|switch|p2a: Incineroar|Incineroar, L50, F|100/100
|-ability|p2a: Incineroar|Intimidate|boost
|-unboost|p1a: Indeedee|atk|1
|-unboost|p1b: Sneasler|atk|1
|turn|2
|
|t:|1756913742
|switch|p1a: Volcarona|Volcarona, L50, M|100/100
|-terastallize|p2a: Incineroar|Ghost
|move|p1b: Sneasler|Protect|p1b: Sneasler
|-singleturn|p1b: Sneasler|Protect
|move|p2b: Volcarona|Quiver Dance|p2b: Volcarona
|-boost|p2b: Volcarona|spa|1
|-boost|p2b: Volcarona|spd|1
|-boost|p2b: Volcarona|spe|1
|move|p2a: Incineroar|Knock Off|p1b: Sneasler
|-activate|p1b: Sneasler|move: Protect
|
|upkeep
|turn|3
|
|t:|1756913766
|move|p1b: Sneasler|Dire Claw|p2b: Volcarona
|-damage|p2b: Volcarona|75/100
|-status|p2b: Volcarona|slp
|cant|p2b: Volcarona|slp
|move|p1a: Volcarona|Tailwind|p1a: Volcarona
|-sidestart|p1: MenOfStrat|move: Tailwind
|move|p2a: Incineroar|Flare Blitz|p1b: Sneasler
|-damage|p1b: Sneasler|11/100
|-damage|p2a: Incineroar|78/100|[from] Recoil
|
|-heal|p1b: Sneasler|17/100|[from] Grassy Terrain
|-heal|p2b: Volcarona|81/100 slp|[from] Grassy Terrain
|-heal|p2a: Incineroar|84/100|[from] Grassy Terrain
|upkeep
|turn|4
|inactive|MenOfStrat has 30 seconds left.
|
|t:|1756913793
|move|p1b: Sneasler|Dire Claw|p2b: Volcarona
|-damage|p2b: Volcarona|59/100 slp
|move|p1a: Volcarona|Overheat|p2b: Volcarona
|-damage|p2b: Volcarona|33/100 slp
|-unboost|p1a: Volcarona|spa|2
|cant|p2b: Volcarona|slp
|move|p2a: Incineroar|Parting Shot|p1a: Volcarona
|-unboost|p1a: Volcarona|atk|1
|-unboost|p1a: Volcarona|spa|1
|
|t:|1756913804
|switch|p2a: Palafin|Palafin-Hero, L50, F|100/100|[from] Parting Shot
|-activate|p2a: Palafin|ability: Zero to Hero
|
|-heal|p1b: Sneasler|23/100|[from] Grassy Terrain
|-heal|p2b: Volcarona|40/100 slp|[from] Grassy Terrain
|upkeep
|turn|5
|inactive|MenOfStrat has 30 seconds left.
|
|t:|1756913830
|switch|p1a: Indeedee|Indeedee, L50, M|100/100
|-fieldstart|move: Psychic Terrain|[from] ability: Psychic Surge|[of] p1a: Indeedee
|cant|p2b: Volcarona|slp
|move|p1b: Sneasler|Dire Claw|p2a: Palafin
|-damage|p2a: Palafin|67/100
|move|p2a: Palafin|Wave Crash|p1a: Indeedee
|-damage|p1a: Indeedee|0 fnt
|faint|p1a: Indeedee
|-damage|p2a: Palafin|42/100|[from] Recoil
|
|upkeep
|
|t:|1756913850
|switch|p1a: Ursaluna|Ursaluna-Bloodmoon, L50, M|100/100
|turn|6
|
|t:|1756913861
|move|p1a: Ursaluna|Protect|p1a: Ursaluna
|-singleturn|p1a: Ursaluna|Protect
|move|p1b: Sneasler|Dire Claw|p2b: Volcarona
|-damage|p2b: Volcarona|15/100 slp
|-curestatus|p2b: Volcarona|slp|[msg]
|move|p2b: Volcarona|Giga Drain|p1a: Ursaluna
|-activate|p1a: Ursaluna|move: Protect
|move|p2a: Palafin|Wave Crash|p1b: Sneasler
|-damage|p1b: Sneasler|0 fnt
|faint|p1b: Sneasler
|-damage|p2a: Palafin|35/100|[from] Recoil
|
|-sideend|p1: MenOfStrat|move: Tailwind
|upkeep
|
|t:|1756913863
|switch|p1b: Volcarona|Volcarona, L50, M|100/100
|turn|7
|
|t:|1756913877
|-terastallize|p1a: Ursaluna|Normal
|move|p1b: Volcarona|Rage Powder|p1b: Volcarona
|-singleturn|p1b: Volcarona|move: Rage Powder
|move|p2b: Volcarona|Giga Drain|p1b: Volcarona
|-resisted|p1b: Volcarona
|-damage|p1b: Volcarona|89/100
|-heal|p2b: Volcarona|20/100|[from] drain|[of] p1b: Volcarona
|move|p2a: Palafin|Wave Crash|p1b: Volcarona
|-supereffective|p1b: Volcarona
|-damage|p1b: Volcarona|0 fnt
|faint|p1b: Volcarona
|-damage|p2a: Palafin|6/100|[from] Recoil
|move|p1a: Ursaluna|Hyper Voice|p2b: Volcarona|[spread] p2a,p2b
|-damage|p2a: Palafin|0 fnt
|-damage|p2b: Volcarona|0 fnt
|faint|p2a: Palafin
|faint|p2b: Volcarona
|-damage|p1a: Ursaluna|91/100|[from] item: Life Orb
|
|upkeep
|
|t:|1756913893
|switch|p2b: Incineroar|Incineroar, L50, F, tera:Ghost|84/100
|-ability|p2b: Incineroar|Intimidate|boost
|-unboost|p1a: Ursaluna|atk|1
|turn|8
|
|t:|1756913901
|move|p1a: Ursaluna|Blood Moon|p2b: Incineroar
|-damage|p2b: Incineroar|0 fnt
|faint|p2b: Incineroar
|-damage|p1a: Ursaluna|81/100|[from] item: Life Orb
|
|win|MenOfStrat
||Bobbo1 is ready for game 2.
||MenOfStrat is ready for game 2.
|uhtml|next|Next: Game 2 of 3
|l|☆Bobbo1
|player|p2|
