|j|☆is_katabo
|j|☆yung elmers glue
|html|is_kataboyung elmers glue    
|uhtml|bestof|Game 3 of a best-of-3
|t:|1754690560
|gametype|doubles
|player|p1|is_katabo|caitlin|1182
|player|p2|yung elmers glue|caitlin|1144
|gen|9
|tier|[Gen 9] VGC 2025 Reg H (Bo3)
|rated|
|rule|Species Clause: Limit one of each Pokémon
|rule|Item Clause: Limit 1 of each item
|clearpoke
|poke|p1|Incineroar, L50, F|
|poke|p1|Sneasler, L50, F|
|poke|p1|Dragonite, L50, M|
|poke|p1|Ursaluna-Bloodmoon, L50, M|
|poke|p1|Porygon2, L50|
|poke|p1|Amoonguss, L50, F|
|poke|p2|Dragonite, L50, M|
|poke|p2|Clefable, L50, F|
|poke|p2|Gholdengo, L50|
|poke|p2|Ursaluna-Bloodmoon, L50, M|
|poke|p2|Kingambit, L50, M|
|poke|p2|Sneasler, L50, F|
|teampreview|4
|showteam|p1|Incineroar||SafetyGoggles|Intimidate|FakeOut,KnockOff,FlareBlitz,PartingShot|||F|||50|,,,,,Ghost]Sneasler||FocusSash|PoisonTouch|DireClaw,CloseCombat,ThroatChop,Protect|||F|||50|,,,,,Stellar]Dragonite||LoadedDice|Multiscale|ScaleShot,StompingTantrum,Haze,Protect|||M|||50|,,,,,Steel]Ursaluna-Bloodmoon||AssaultVest|MindsEye|BloodMoon,HyperVoice,EarthPower,VacuumWave|||M|||50|,,,,,Ghost]Porygon2||Eviolite|Download|TeraBlast,IceBeam,Recover,TrickRoom||||||50|,,,,,Fighting]Amoonguss||SitrusBerry|Regenerator|PollenPuff,RagePowder,Spore,Protect|||F|||50|,,,,,Water
|showteam|p2|Dragonite||LoadedDice|Multiscale|ScaleShot,TeraBlast,Protect,LowKick|||M|||50|,,,,,Flying]Clefable||SafetyGoggles|Unaware|Moonblast,Protect,HelpingHand,FollowMe|||F|||50|,,,,,Steel]Gholdengo||LifeOrb|GoodasGold|MakeItRain,ShadowBall,NastyPlot,Protect||||||50|,,,,,Water]Ursaluna-Bloodmoon||AssaultVest|MindsEye|BloodMoon,HyperVoice,EarthPower,Snarl|||M|||50|,,,,,Ghost]Kingambit||BlackGlasses|Defiant|Protect,SuckerPunch,IronHead,KowtowCleave|||M|||50|,,,,,Dark]Sneasler||FocusSash|PoisonTouch|CloseCombat,DireClaw,FakeOut,Protect|||F|||50|,,,,,Stellar
|inactive|Battle timer is ON: inactive players will automatically lose when time's up. (requested by yung elmers glue)
|
|t:|1754690616
|teamsize|p1|4
|teamsize|p2|4
|start
|switch|p1a: Gl Babe!|Dragonite, L50, M|100/100
|switch|p1b: OddEyeCircle|Ursaluna-Bloodmoon, L50, M|100/100
|switch|p2a: Gholdengo|Gholdengo, L50|100/100
|switch|p2b: Sneasler|Sneasler, L50, F|100/100
|turn|1
|inactive|is_katabo has 30 seconds left.
|
|t:|1754690647
|-terastallize|p2a: Gholdengo|Water
|move|p1a: Gl Babe!|Protect|p1a: Gl Babe!
|-singleturn|p1a: Gl Babe!|Protect
|move|p2b: Sneasler|Fake Out|p1a: Gl Babe!
|-activate|p1a: Gl Babe!|move: Protect
|move|p2a: Gholdengo|Nasty Plot|p2a: Gholdengo
|-boost|p2a: Gholdengo|spa|2
|move|p1b: OddEyeCircle|Hyper Voice|p2b: Sneasler|[spread] p2a,p2b
|-damage|p2a: Gholdengo|61/100
|-damage|p2b: Sneasler|48/100
|
|upkeep
|turn|2
|inactive|is_katabo has 30 seconds left.
|inactive|is_katabo has 20 seconds left.
|inactive|is_katabo has 15 seconds left.
|inactive|is_katabo has 10 seconds left.
|inactive|is_katabo has 5 seconds left.
|
|t:|1754690699
|move|p2b: Sneasler|Close Combat|p1a: Gl Babe!
|-resisted|p1a: Gl Babe!
|-damage|p1a: Gl Babe!|84/100
|-unboost|p2b: Sneasler|def|1
|-unboost|p2b: Sneasler|spd|1
|move|p2a: Gholdengo|Make It Rain|p1a: Gl Babe!|[spread] p1a,p1b
|-damage|p1a: Gl Babe!|0 fnt
|-damage|p1b: OddEyeCircle|23/100
|-unboost|p2a: Gholdengo|spa|1
|faint|p1a: Gl Babe!
|-damage|p2a: Gholdengo|51/100|[from] item: Life Orb
|move|p1b: OddEyeCircle|Hyper Voice|p2b: Sneasler|[spread] p2a,p2b
|-damage|p2a: Gholdengo|13/100
|-damage|p2b: Sneasler|0 fnt
|faint|p2b: Sneasler
|
|upkeep
|
|t:|1754690716
|switch|p2b: Clefable|Clefable, L50, F|100/100
|switch|p1a: claws|Sneasler, L50, F|100/100
|turn|3
|
|t:|1754690736
|switch|p1b: moneymachine|Incineroar, L50, F, shiny|100/100
|-ability|p1b: moneymachine|Intimidate|boost
|-unboost|p2a: Gholdengo|atk|1
|-unboost|p2b: Clefable|atk|1
|move|p2a: Gholdengo|Protect|p2a: Gholdengo
|-singleturn|p2a: Gholdengo|Protect
|move|p2b: Clefable|Protect|p2b: Clefable
|-singleturn|p2b: Clefable|Protect
|move|p1a: claws|Dire Claw|p2b: Clefable
|-activate|p2b: Clefable|move: Protect
|
|upkeep
|turn|4
|
|t:|1754690752
|switch|p2a: Dragonite|Dragonite, L50, M|100/100
|move|p1b: moneymachine|Fake Out|p2a: Dragonite
|-damage|p2a: Dragonite|93/100
|move|p2b: Clefable|Follow Me|p2b: Clefable
|-singleturn|p2b: Clefable|move: Follow Me
|move|p1a: claws|Dire Claw|p2b: Clefable
|-supereffective|p2b: Clefable
|-damage|p2b: Clefable|35/100
|-status|p2b: Clefable|psn|[from] ability: Poison Touch|[of] p1a: claws
|
|-damage|p2b: Clefable|23/100 psn|[from] psn
|upkeep
|turn|5
|
|t:|1754690776
|move|p2b: Clefable|Helping Hand|p2a: Dragonite
|-singleturn|p2a: Dragonite|Helping Hand|[of] p2b: Clefable
|move|p1a: claws|Protect|p1a: claws
|-singleturn|p1a: claws|Protect
|move|p2a: Dragonite|Scale Shot|p1b: moneymachine
|-damage|p1b: moneymachine|80/100
|-damage|p1b: moneymachine|59/100
|-damage|p1b: moneymachine|41/100
|-damage|p1b: moneymachine|23/100
|-damage|p1b: moneymachine|3/100
|-hitcount|p1b: moneymachine|5
|-unboost|p2a: Dragonite|def|1
|-boost|p2a: Dragonite|spe|1
|move|p1b: moneymachine|Flare Blitz|p2b: Clefable
|-damage|p2b: Clefable|0 fnt
|faint|p2b: Clefable
|-damage|p1b: moneymachine|0 fnt|[from] Recoil
|faint|p1b: moneymachine
|
|upkeep
|
|t:|1754690795
|switch|p1b: OddEyeCircle|Ursaluna-Bloodmoon, L50, M|23/100
|switch|p2b: Gholdengo|Gholdengo, L50, tera:Water|13/100
|turn|6
|
|t:|1754690807
|move|p2a: Dragonite|Scale Shot|p1a: claws
|-damage|p1a: claws|77/100
|-damage|p1a: claws|51/100
|-damage|p1a: claws|26/100
|-damage|p1a: claws|0 fnt
|faint|p1a: claws
|-hitcount|p1: claws|4
|-unboost|p2a: Dragonite|def|1
|-boost|p2a: Dragonite|spe|1
|move|p2b: Gholdengo|Make It Rain|p1b: OddEyeCircle
|-damage|p1b: OddEyeCircle|0 fnt
|-unboost|p2b: Gholdengo|spa|1
|faint|p1b: OddEyeCircle
|-damage|p2b: Gholdengo|4/100|[from] item: Life Orb
|
|win|yung elmers glue
|raw|is_katabo's rating: 1182 → 1154(-28 for losing)
|raw|yung elmers glue's rating: 1144 → 1172(+28 for winning)
