|j|☆artyowls
|j|☆dambro222
|html|artyowlsdambro222    
|uhtml|bestof|Game 3 of a best-of-3
|t:|1756847140
|gametype|doubles
|player|p1|artyowls|plasmagrunt|1096
|player|p2|dambro222|ethan|1084
|gen|9
|tier|[Gen 9] VGC 2025 Reg H (Bo3)
|rated|
|rule|Species Clause: Limit one of each Pokémon
|rule|Item Clause: Limit 1 of each item
|clearpoke
|poke|p1|Incineroar, L50, M|
|poke|p1|Amoonguss, L50, F|
|poke|p1|Ursaluna-Bloodmoon, L50, M|
|poke|p1|Sneasler, L50, F|
|poke|p1|Gholdengo, L50|
|poke|p1|Dragonite, L50, F|
|poke|p2|Dragonite, L50, M|
|poke|p2|Volcarona, L50, F|
|poke|p2|Sneasler, L50, M|
|poke|p2|Rillaboom, L50, M|
|poke|p2|Electabuzz, L50, M|
|poke|p2|Kingambit, L50, M|
|teampreview|4
|showteam|p1|Incineroar||SafetyGoggles|Intimidate|FlareBlitz,KnockOff,PartingShot,FakeOut|||M|||50|,,,,,Ghost]Amoonguss||SitrusBerry|Regenerator|Spore,RagePowder,PollenPuff,Protect|||F|||50|,,,,,Psychic]Ursaluna-Bloodmoon||AssaultVest|MindsEye|HyperVoice,BloodMoon,EarthPower,VacuumWave|||M|||50|,,,,,Water]Sneasler||FocusSash|Unburden|CloseCombat,DireClaw,ThroatChop,Protect|||F|||50|,,,,,Stellar]Gholdengo||LifeOrb|GoodasGold|MakeItRain,ShadowBall,NastyPlot,Protect||||||50|,,,,,Water]Dragonite||LoadedDice|Multiscale|ScaleShot,Tailwind,Haze,Protect|||F|||50|,,,,,Fairy
|showteam|p2|Dragonite||LoadedDice|Multiscale|ScaleShot,ExtremeSpeed,Haze,Protect|||M|||50|,,,,,Fairy]Volcarona||CovertCloak|FlameBody|HeatWave,TeraBlast,QuiverDance,Protect|||F|||50|,,,,,Fairy]Sneasler||FocusSash|Unburden|CloseCombat,DireClaw,RockSlide,Protect|||M|||50|,,,,,Stellar]Rillaboom||AssaultVest|GrassySurge|WoodHammer,GrassyGlide,HighHorsepower,FakeOut|||M|||50|,,,,,Water]Electabuzz||Eviolite|VitalSpirit|Electroweb,FollowMe,Taunt,Protect|||M|||50|,,,,,Ghost]Kingambit||BlackGlasses|Defiant|KowtowCleave,SuckerPunch,SwordsDance,Protect|||M|||50|,,,,,Dark
|inactive|Battle timer is ON: inactive players will automatically lose when time's up. (requested by dambro222)
|inactive|artyowls has 60 seconds left.
|
|t:|1756847197
|teamsize|p1|4
|teamsize|p2|4
|start
|switch|p1a: Dragonite|Dragonite, L50, F|100/100
|switch|p1b: Gholdengo|Gholdengo, L50|100/100
|switch|p2a: Kingambit|Kingambit, L50, M, shiny|100/100
|switch|p2b: Electabuzz|Electabuzz, L50, M|100/100
|turn|1
|inactive|artyowls has 30 seconds left.
|inactive|artyowls has 20 seconds left.
|
|t:|1756847233
|move|p1b: Gholdengo|Protect|p1b: Gholdengo
|-singleturn|p1b: Gholdengo|Protect
|move|p2b: Electabuzz|Electroweb|p1a: Dragonite|[spread] p1a
|-activate|p1b: Gholdengo|move: Protect
|-damage|p1a: Dragonite|93/100
|-unboost|p1a: Dragonite|spe|1
|move|p1a: Dragonite|Scale Shot|p2b: Electabuzz|[miss]
|-miss|p1a: Dragonite|p2b: Electabuzz
|move|p2a: Kingambit|Kowtow Cleave|p1b: Gholdengo
|-activate|p1b: Gholdengo|move: Protect
|
|upkeep
|turn|2
|
|t:|1756847252
|switch|p1b: Amoonguss|Amoonguss, L50, F|100/100
|move|p2b: Electabuzz|Electroweb|p1b: Amoonguss|[spread] p1a,p1b
|-resisted|p1b: Amoonguss
|-damage|p1a: Dragonite|79/100
|-damage|p1b: Amoonguss|95/100
|-unboost|p1a: Dragonite|spe|1
|-unboost|p1b: Amoonguss|spe|1
|move|p2a: Kingambit|Kowtow Cleave|p1b: Amoonguss
|-damage|p1b: Amoonguss|42/100
|-enditem|p1b: Amoonguss|Sitrus Berry|[eat]
|-heal|p1b: Amoonguss|67/100|[from] item: Sitrus Berry
|move|p1a: Dragonite|Tailwind|p1a: Dragonite
|-sidestart|p1: artyowls|move: Tailwind
|
|upkeep
|turn|3
|
|t:|1756847274
|move|p2b: Electabuzz|Taunt|p1b: Amoonguss
|-start|p1b: Amoonguss|move: Taunt
|move|p1a: Dragonite|Scale Shot|p2b: Electabuzz
|-damage|p2b: Electabuzz|89/100
|-damage|p2b: Electabuzz|77/100
|-damage|p2b: Electabuzz|66/100
|-damage|p2b: Electabuzz|55/100
|-hitcount|p2b: Electabuzz|4
|-unboost|p1a: Dragonite|def|1
|-boost|p1a: Dragonite|spe|1
|move|p2a: Kingambit|Swords Dance|p2a: Kingambit
|-boost|p2a: Kingambit|atk|2
|cant|p1b: Amoonguss|move: Taunt|Spore
|
|upkeep
|turn|4
|
|t:|1756847293
|move|p1a: Dragonite|Haze|p1a: Dragonite
|-clearallboost
|move|p2b: Electabuzz|Electroweb|p1b: Amoonguss|[spread] p1a,p1b
|-resisted|p1b: Amoonguss
|-damage|p1a: Dragonite|63/100
|-damage|p1b: Amoonguss|61/100
|-unboost|p1a: Dragonite|spe|1
|-unboost|p1b: Amoonguss|spe|1
|move|p2a: Kingambit|Kowtow Cleave|p1a: Dragonite
|-damage|p1a: Dragonite|0 fnt
|faint|p1a: Dragonite
|move|p1b: Amoonguss|Pollen Puff|p1: Dragonite|[notarget]
|-fail|p1b: Amoonguss
|
|upkeep
|
|t:|1756847308
|switch|p1a: Ursaluna|Ursaluna-Bloodmoon, L50, M|100/100
|turn|5
|inactive|artyowls has 30 seconds left.
|
|t:|1756847336
|move|p2b: Electabuzz|Follow Me|p2b: Electabuzz
|-singleturn|p2b: Electabuzz|move: Follow Me
|move|p1a: Ursaluna|Earth Power|p2b: Electabuzz
|-supereffective|p2b: Electabuzz
|-damage|p2b: Electabuzz|0 fnt
|faint|p2b: Electabuzz
|move|p2a: Kingambit|Swords Dance|p2a: Kingambit
|-boost|p2a: Kingambit|atk|2
|move|p1b: Amoonguss|Pollen Puff|p1a: Ursaluna
|
|-end|p1b: Amoonguss|move: Taunt
|-sideend|p1: artyowls|move: Tailwind
|upkeep
|
|t:|1756847349
|switch|p2b: Rillaboom|Rillaboom, L50, M|100/100
|-fieldstart|move: Grassy Terrain|[from] ability: Grassy Surge|[of] p2b: Rillaboom
|turn|6
|inactive|artyowls has 30 seconds left.
|
|t:|1756847382
|-terastallize|p1a: Ursaluna|Water
|move|p1b: Amoonguss|Rage Powder|p1b: Amoonguss
|-singleturn|p1b: Amoonguss|move: Rage Powder
|move|p2b: Rillaboom|Wood Hammer|p1a: Ursaluna
|-supereffective|p1a: Ursaluna
|-damage|p1a: Ursaluna|0 fnt
|faint|p1a: Ursaluna
|-damage|p2b: Rillaboom|65/100|[from] Recoil
|move|p2a: Kingambit|Kowtow Cleave|p1b: Amoonguss
|-damage|p1b: Amoonguss|0 fnt
|faint|p1b: Amoonguss
|
|-heal|p2b: Rillaboom|71/100|[from] Grassy Terrain
|upkeep
|
|t:|1756847393
|switch|p1b: Gholdengo|Gholdengo, L50|100/100
|turn|7
|inactive|artyowls has 30 seconds left.
|
|t:|1756847420
|move|p2a: Kingambit|Sucker Punch||[still]
|-fail|p2a: Kingambit
|move|p1b: Gholdengo|Nasty Plot|p1b: Gholdengo
|-boost|p1b: Gholdengo|spa|2
|move|p2b: Rillaboom|High Horsepower|p1b: Gholdengo
|-supereffective|p1b: Gholdengo
|-damage|p1b: Gholdengo|25/100
|
|-heal|p1b: Gholdengo|31/100|[from] Grassy Terrain
|-heal|p2b: Rillaboom|78/100|[from] Grassy Terrain
|upkeep
|turn|8
|inactive|artyowls has 30 seconds left.
|
|t:|1756847446
|move|p1b: Gholdengo|Protect|p1b: Gholdengo
|-singleturn|p1b: Gholdengo|Protect
|move|p2a: Kingambit|Sucker Punch||[still]
|-fail|p2a: Kingambit
|move|p2b: Rillaboom|High Horsepower|p1b: Gholdengo
|-activate|p1b: Gholdengo|move: Protect
|
|-heal|p1b: Gholdengo|37/100|[from] Grassy Terrain
|-heal|p2b: Rillaboom|84/100|[from] Grassy Terrain
|upkeep
|turn|9
|inactive|artyowls has 30 seconds left.
|
|t:|1756847476
|move|p2a: Kingambit|Sucker Punch|p1b: Gholdengo
|-supereffective|p1b: Gholdengo
|-damage|p1b: Gholdengo|0 fnt
|faint|p1b: Gholdengo
|
|win|dambro222
|raw|artyowls's rating: 1096 → 1071(-25 for losing)
|raw|dambro222's rating: 1084 → 1112(+28 for winning)
|c|☆dambro222|gg
