|j|☆Poe Jar
|j|☆Toquill
|html|Poe JarToquill    
|uhtml|bestof|Game 3 of a best-of-3
|t:|1785097226
|gametype|doubles
|player|p1|Poe Jar|2|
|player|p2|Toquill|rika|
|gen|9
|tier|[Gen 9 Champions] VGC 2026 Reg M-B (Bo3)
|rule|Species Clause: Limit one of each Pokémon
|rule|Item Clause: Limit 1 of each item
|clearpoke
|poke|p1|Gholdengo, L50|
|poke|p1|Garchomp, L50, M|
|poke|p1|Whimsicott, L50, M|
|poke|p1|Sneasler, L50, M|
|poke|p1|Charizard, L50, M|
|poke|p1|Basculegion, L50, M|
|poke|p2|Venusaur, L50, F|
|poke|p2|Charizard, L50, F|
|poke|p2|Garchomp, L50, F|
|poke|p2|Annihilape, L50, F|
|poke|p2|Incineroar, L50, F|
|poke|p2|Toxapex, L50, M|
|teampreview|4
|showteam|p1|Gholdengo||ColburBerry|GoodasGold|MakeItRain,ShadowBall,NastyPlot,Protect|Modest|||||50|]Garchomp||LifeOrb|RoughSkin|Earthquake,DragonClaw,RockSlide,Protect|Jolly||M|||50|]Whimsicott||FocusSash|Prankster|Moonblast,Tailwind,Encore,Protect|Timid||M|||50|]Sneasler||WhiteHerb|Unburden|FakeOut,CloseCombat,DireClaw,Protect|Adamant||M|||50|]Charizard||CharizarditeY|Blaze|WeatherBall,HeatWave,SolarBeam,Protect|Modest||M|||50|]Basculegion||ChoiceScarf|Adaptability|WaveCrash,LastRespects,AquaJet,FlipTurn|Jolly||M|||50|
|showteam|p2|Venusaur||LifeOrb|Chlorophyll|SolarBeam,EarthPower,SludgeBomb,Protect|Modest||F|||50|]Charizard||CharizarditeY|Blaze|HeatWave,WeatherBall,HelpingHand,Protect|Modest||F|||50|]Garchomp||ChoiceScarf|RoughSkin|DragonClaw,StompingTantrum,Earthquake,RockSlide|Adamant||F|||50|]Annihilape||FocusSash|Defiant|CloseCombat,PhantomForce,RockTomb,Protect|Jolly||F|||50|]Incineroar||SitrusBerry|Intimidate|FlareBlitz,ThroatChop,PartingShot,FakeOut|Impish||F|||50|]Toxapex||Leftovers|Regenerator|Infestation,Toxic,WideGuard,BanefulBunker|Bold||M|||50|
|j| the gong lady
|inactive|Battle timer is ON: inactive players will automatically lose when time's up. (requested by Poe Jar)
|j| IkeFAR
|inactive|Poe Jar has 60 seconds left.
|inactive|Toquill has 60 seconds left.
|inactive|Toquill has 30 seconds left.
|inactive|Toquill has 20 seconds left.
|inactive|Toquill has 15 seconds left.
|j| MrGardnHose
|
|t:|1785097305
|teamsize|p1|4
|teamsize|p2|4
|start
|switch|p1a: Whimsicott|Whimsicott, L50, M|100/100
|switch|p1b: Charizard|Charizard, L50, M|100/100
|switch|p2a: Charizard|Charizard, L50, F|100/100
|switch|p2b: Toxapex|Toxapex, L50, M|100/100
|turn|1
|inactive|Poe Jar has 30 seconds left.
|
|t:|1785097336
|detailschange|p1b: Charizard|Charizard-Mega-Y, L50, M
|-mega|p1b: Charizard|Charizard|Charizardite Y
|-weather|SunnyDay|[from] ability: Drought|[of] p1b: Charizard
|detailschange|p2a: Charizard|Charizard-Mega-Y, L50, F
|-mega|p2a: Charizard|Charizard|Charizardite Y
|move|p1a: Whimsicott|Protect|p1a: Whimsicott
|-singleturn|p1a: Whimsicott|Protect
|move|p1b: Charizard|Heat Wave|p2b: Toxapex|[spread] p2a,p2b
|-resisted|p2a: Charizard|1
|-resisted|p2b: Toxapex|1
|-damage|p2a: Charizard|69/100
|-damage|p2b: Toxapex|75/100
|move|p2a: Charizard|Heat Wave|p1b: Charizard|[spread] p1b
|-activate|p1a: Whimsicott|move: Protect
|-resisted|p1b: Charizard|1
|-damage|p1b: Charizard|73/100
|move|p2b: Toxapex|Infestation|p1b: Charizard
|-resisted|p1b: Charizard|2
|-damage|p1b: Charizard|72/100
|-activate|p1b: Charizard|move: Infestation|[of] p2b: Toxapex
|
|-weather|SunnyDay|[upkeep]
|-heal|p2b: Toxapex|80/100|[from] item: Leftovers
|-damage|p1b: Charizard|60/100|[from] move: Infestation|[partiallytrapped]
|upkeep
|turn|2
|j| Blackfyredaemon
|inactive|Poe Jar has 30 seconds left.
|inactive|Toquill has 30 seconds left.
|l| MrGardnHose
|inactive|Poe Jar has 20 seconds left.
|inactive|Toquill has 20 seconds left.
|inactive|Toquill has 15 seconds left.
|inactive|Toquill has 10 seconds left.
|
|t:|1785097382
|move|p2b: Toxapex|Baneful Bunker|p2b: Toxapex
|-singleturn|p2b: Toxapex|move: Protect
|move|p1a: Whimsicott|Tailwind|p1a: Whimsicott
|-sidestart|p1: Poe Jar|move: Tailwind
|move|p1b: Charizard|Solar Beam||[still]
|-prepare|p1b: Charizard|Solar Beam
|-anim|p1b: Charizard|Solar Beam|p2b: Toxapex
|-activate|p2b: Toxapex|move: Protect
|move|p2a: Charizard|Heat Wave|p1b: Charizard|[spread] p1a,p1b
|-supereffective|p1a: Whimsicott|1
|-resisted|p1b: Charizard|1
|-enditem|p1a: Whimsicott|Focus Sash
|-damage|p1a: Whimsicott|1/100
|-damage|p1b: Charizard|33/100
|
|-weather|SunnyDay|[upkeep]
|-heal|p2b: Toxapex|86/100|[from] item: Leftovers
|-damage|p1b: Charizard|21/100|[from] move: Infestation|[partiallytrapped]
|upkeep
|turn|3
|inactive|Poe Jar has 30 seconds left.
|inactive|Toquill has 30 seconds left.
|
|t:|1785097413
|-heal|p2b: Toxapex|100/100|[from] ability: Regenerator|[silent]
|switch|p2b: Incineroar|Incineroar, L50, F|100/100
|-ability|p2b: Incineroar|Intimidate|boost
|-unboost|p1a: Whimsicott|atk|1
|-unboost|p1b: Charizard|atk|1
|move|p2a: Charizard|Protect|p2a: Charizard
|-singleturn|p2a: Charizard|Protect
|move|p1a: Whimsicott|Moonblast|p2b: Incineroar
|-damage|p2b: Incineroar|71/100
|move|p1b: Charizard|Solar Beam||[still]
|-prepare|p1b: Charizard|Solar Beam
|-anim|p1b: Charizard|Solar Beam|p2b: Incineroar
|-resisted|p2b: Incineroar|1
|-damage|p2b: Incineroar|49/100
|-enditem|p2b: Incineroar|Sitrus Berry|[eat]
|-heal|p2b: Incineroar|73/100|[from] item: Sitrus Berry
|
|-weather|SunnyDay|[upkeep]
|-end|p1b: Charizard|Infestation|[partiallytrapped]|[silent]
|upkeep
|turn|4
|j| MrGardnHose
|inactive|Toquill has 30 seconds left.
|inactive|Toquill has 20 seconds left.
|inactive|Toquill has 15 seconds left.
|inactive|Toquill has 10 seconds left.
|
|t:|1785097458
|switch|p1b: Garchomp|Garchomp, L50, M|100/100
|move|p1a: Whimsicott|Protect|p1a: Whimsicott
|-singleturn|p1a: Whimsicott|Protect
|move|p2b: Incineroar|Fake Out|p1a: Whimsicott
|-activate|p1a: Whimsicott|move: Protect
|move|p2a: Charizard|Heat Wave|p1b: Garchomp|[spread] p1b
|-activate|p1a: Whimsicott|move: Protect
|-resisted|p1b: Garchomp|1
|-damage|p1b: Garchomp|71/100
|
|-weather|SunnyDay|[upkeep]
|upkeep
|turn|5
|inactive|Poe Jar has 30 seconds left.
|inactive|Toquill has 30 seconds left.
|
|t:|1785097486
|switch|p1a: Charizard|Charizard-Mega-Y, L50, M|21/100
|move|p2a: Charizard|Protect|p2a: Charizard
|-singleturn|p2a: Charizard|Protect
|move|p1b: Garchomp|Earthquake|p2b: Incineroar|[spread] p2b
|-activate|p2a: Charizard|move: Protect
|-immune|p1a: Charizard
|-supereffective|p2b: Incineroar|1
|-damage|p2b: Incineroar|7/100
|-damage|p1b: Garchomp|61/100|[from] item: Life Orb
|move|p2b: Incineroar|Throat Chop|p1a: Charizard
|-damage|p1a: Charizard|0 fnt
|faint|p1a: Charizard
|
|-weather|none
|-sideend|p1: Poe Jar|move: Tailwind
|upkeep
|
|t:|1785097508
|switch|p1a: Whimsicott|Whimsicott, L50, M|1/100
|turn|6
|
|t:|1785097526
|switch|p2a: Garchomp|Garchomp, L50, F|100/100
|move|p1a: Whimsicott|Moonblast|p2b: Incineroar
|-damage|p2b: Incineroar|0 fnt
|faint|p2b: Incineroar
|move|p1b: Garchomp|Dragon Claw|p2a: Garchomp
|-supereffective|p2a: Garchomp|1
|-damage|p2a: Garchomp|0 fnt
|-damage|p1b: Garchomp|49/100|[from] ability: Rough Skin|[of] p2a: Garchomp
|faint|p2a: Garchomp
|-damage|p1b: Garchomp|39/100|[from] item: Life Orb
|
|upkeep
|
|t:|1785097531
|switch|p2a: Charizard|Charizard-Mega-Y, L50, F|69/100
|switch|p2b: Toxapex|Toxapex, L50, M|100/100
|-weather|SunnyDay|[from] ability: Drought|[of] p2a: Charizard
|turn|7
|inactive|Poe Jar has 30 seconds left.
|
|t:|1785097565
|move|p1a: Whimsicott|Protect|p1a: Whimsicott
|-singleturn|p1a: Whimsicott|Protect
|move|p2b: Toxapex|Wide Guard|p2b: Toxapex
|-singleturn|p2b: Toxapex|Wide Guard
|move|p1b: Garchomp|Dragon Claw|p2a: Charizard
|-damage|p2a: Charizard|17/100
|-damage|p1b: Garchomp|29/100|[from] item: Life Orb
|move|p2a: Charizard|Heat Wave|p1a: Whimsicott|[spread] 
|-activate|p1a: Whimsicott|move: Protect
|-miss|p2a: Charizard|p1b: Garchomp
|
|-weather|SunnyDay|[upkeep]
|upkeep
|turn|8
|
|t:|1785097586
|move|p1a: Whimsicott|Encore|p2b: Toxapex
|-start|p2b: Toxapex|Encore
|move|p2b: Toxapex|Wide Guard|p2b: Toxapex
|-singleturn|p2b: Toxapex|Wide Guard
|move|p1b: Garchomp|Dragon Claw|p2a: Charizard
|-damage|p2a: Charizard|0 fnt
|faint|p2a: Charizard
|-damage|p1b: Garchomp|19/100|[from] item: Life Orb
|
|-weather|SunnyDay|[upkeep]
|upkeep
|turn|9
|-message|Toquill forfeited.
|
|win|Poe Jar
|c|☆Toquill|ggs
|l| Blackfyredaemon
|c|☆Poe Jar|ggs!
|l| MrGardnHose
|l| the gong lady
|c|☆Toquill|defo tried to play too fancy to stall tailwind
|c|☆Toquill|wp wp
|c|☆Poe Jar|wp to you too
|c|☆Poe Jar|thought i might get game 2 on the lucky hw miss
|j| Combustandy
|l| Combustandy
|c|☆Toquill|i think incin was the right adjustment in the end ^^
|l| IkeFAR
|c|☆Toquill|have a good one pal :)
|l|☆Toquill
|player|p2|
