|j|☆Huasometa
|j|☆zefhkb505
|html|Huasometazefhkb505    
|uhtml|bestof|Game 2 of a best-of-3
|t:|1783741528
|gametype|doubles
|player|p1|Huasometa|elesa|1320
|player|p2|zefhkb505|hilbert|1269
|gen|9
|tier|[Gen 9 Champions] VGC 2026 Reg M-B (Bo3)
|rated|
|rule|Species Clause: Limit one of each Pokémon
|rule|Item Clause: Limit 1 of each item
|clearpoke
|poke|p1|Chandelure, L50, M|
|poke|p1|Kangaskhan, L50, F|
|poke|p1|Sylveon, L50, F|
|poke|p1|Kingambit, L50, F|
|poke|p1|Rotom-Wash, L50|
|poke|p1|Venusaur, L50, M|
|poke|p2|Azumarill, L50, M|
|poke|p2|Sinistcha, L50|
|poke|p2|Farigiraf, L50, M|
|poke|p2|Pelipper, L50, F|
|poke|p2|Tinkaton, L50, F|
|poke|p2|Raichu, L50, F|
|teampreview|4
|showteam|p1|Chandelure||FocusSash|FlashFire|HeatWave,ShadowBall,TrickRoom,Taunt|Quiet||M|||50|]Kangaskhan||Kangaskhanite|InnerFocus|FakeOut,DoubleEdge,SuckerPunch,HammerArm|Brave||F|||50|]Sylveon||FairyFeather|Pixilate|HyperVoice,Protect,HyperBeam,QuickAttack|Quiet||F|||50|]Kingambit||BlackGlasses|Defiant|KowtowCleave,SuckerPunch,IronHead,Protect|Brave||F|||50|]Rotom-Wash||SitrusBerry|Levitate|ThunderWave,VoltSwitch,HydroPump,Protect|Calm|||||50|]Venusaur||Venusaurite|Chlorophyll|EarthPower,SleepPowder,GigaDrain,Protect|Modest||M|||50|
|showteam|p2|Azumarill||SitrusBerry|HugePower|BellyDrum,AquaJet,PlayRough,Protect|Adamant||M|||50|]Sinistcha||CobaBerry|Hospitality|RagePowder,MatchaGotcha,TrickRoom,LifeDew|Relaxed|||||50|]Farigiraf||ColburBerry|ArmorTail|TwinBeam,TrickRoom,LightScreen,HyperVoice|Quiet||M|||50|]Pelipper||LifeOrb|Drizzle|Hurricane,WeatherBall,Roost,WideGuard|Modest||F|||50|]Tinkaton||FocusSash|MoldBreaker|FakeOut,GigatonHammer,SkillSwap,Encore|Jolly||F|||50|]Raichu||RaichuniteY|LightningRod|FakeOut,FocusBlast,ZapCannon,Protect|Timid||F|||50|
|
|t:|1783741539
|teamsize|p1|4
|teamsize|p2|4
|start
|switch|p1a: Rotom|Rotom-Wash, L50|100/100
|switch|p1b: Venusaur|Venusaur, L50, M|100/100
|switch|p2a: Pelipper|Pelipper, L50, F|100/100
|switch|p2b: Tinkaton|Tinkaton, L50, F|100/100
|-ability|p2b: Tinkaton|Mold Breaker
|-weather|RainDance|[from] ability: Drizzle|[of] p2a: Pelipper
|turn|1
|
|t:|1783741561
|switch|p1b: Kingambit|Kingambit, L50, F|100/100
|move|p2b: Tinkaton|Fake Out|p1b: Kingambit
|-resisted|p1b: Kingambit|1
|-damage|p1b: Kingambit|96/100
|move|p1a: Rotom|Hydro Pump|p2b: Tinkaton
|-damage|p2b: Tinkaton|34/100
|move|p2a: Pelipper|Hurricane|p1b: Kingambit
|-resisted|p1b: Kingambit|1
|-damage|p1b: Kingambit|68/100
|-damage|p2a: Pelipper|90/100|[from] item: Life Orb
|
|-weather|RainDance|[upkeep]
|upkeep
|turn|2
|
|t:|1783741582
|switch|p2b: Raichu|Raichu, L50, F|100/100
|move|p1a: Rotom|Volt Switch|p2b: Raichu
|-activate|p2b: Raichu|ability: Lightning Rod
|-ability|p2b: Raichu|Lightning Rod|boost
|-boost|p2b: Raichu|spa|1
|move|p2a: Pelipper|Weather Ball|p1b: Kingambit
|-damage|p1b: Kingambit|0 fnt
|faint|p1b: Kingambit
|-damage|p2a: Pelipper|80/100|[from] item: Life Orb
|
|-weather|RainDance|[upkeep]
|upkeep
|
|t:|1783741603
|switch|p1b: Sylveon|Sylveon, L50, F|100/100
|turn|3
|
|t:|1783741624
|switch|p1a: Venusaur|Venusaur, L50, M|100/100
|move|p1b: Sylveon|Protect|p1b: Sylveon
|-singleturn|p1b: Sylveon|Protect
|move|p2b: Raichu|Fake Out|p1a: Venusaur
|-damage|p1a: Venusaur|90/100
|move|p2a: Pelipper|Weather Ball|p1b: Sylveon
|-activate|p1b: Sylveon|move: Protect
|
|-weather|RainDance|[upkeep]
|upkeep
|turn|4
|
|t:|1783741653
|detailschange|p2b: Raichu|Raichu-Mega-Y, L50, F
|-mega|p2b: Raichu|Raichu|Raichunite Y
|detailschange|p1a: Venusaur|Venusaur-Mega, L50, M
|-mega|p1a: Venusaur|Venusaur|Venusaurite
|move|p2b: Raichu|Zap Cannon|p1a: Venusaur
|-resisted|p1a: Venusaur|1
|-crit|p1a: Venusaur
|-damage|p1a: Venusaur|32/100
|-status|p1a: Venusaur|par
|move|p2a: Pelipper|Hurricane|p1a: Venusaur
|-supereffective|p1a: Venusaur|1
|-damage|p1a: Venusaur|0 fnt
|faint|p1a: Venusaur
|-damage|p2a: Pelipper|71/100|[from] item: Life Orb
|move|p1b: Sylveon|Hyper Beam|p2b: Raichu
|-damage|p2b: Raichu|0 fnt
|-mustrecharge|p1b: Sylveon
|faint|p2b: Raichu
|
|-weather|RainDance|[upkeep]
|upkeep
|
|t:|1783741670
|switch|p2b: Tinkaton|Tinkaton, L50, F|34/100
|switch|p1a: Rotom|Rotom-Wash, L50|100/100
|-ability|p2b: Tinkaton|Mold Breaker
|turn|5
|
|t:|1783741686
|move|p2b: Tinkaton|Fake Out|p1a: Rotom
|-damage|p1a: Rotom|89/100
|cant|p1a: Rotom|flinch
|move|p2a: Pelipper|Weather Ball|p1a: Rotom
|-resisted|p1a: Rotom|1
|-damage|p1a: Rotom|56/100
|-damage|p2a: Pelipper|61/100|[from] item: Life Orb
|cant|p1b: Sylveon|recharge
|
|-weather|none
|upkeep
|turn|6
|
|t:|1783741712
|switch|p2b: Farigiraf|Farigiraf, L50, M|100/100
|move|p1b: Sylveon|Protect|p1b: Sylveon
|-singleturn|p1b: Sylveon|Protect
|move|p2a: Pelipper|Wide Guard|p2a: Pelipper
|-singleturn|p2a: Pelipper|Wide Guard
|move|p1a: Rotom|Thunder Wave|p2b: Farigiraf
|-status|p2b: Farigiraf|par
|
|upkeep
|turn|7
|
|t:|1783741724
|move|p2a: Pelipper|Wide Guard|p2a: Pelipper
|-singleturn|p2a: Pelipper|Wide Guard
|move|p1a: Rotom|Volt Switch|p2a: Pelipper
|-supereffective|p2a: Pelipper|2
|-damage|p2a: Pelipper|0 fnt
|faint|p2a: Pelipper
|move|p1b: Sylveon|Hyper Voice|p2b: Farigiraf
|-activate|p2b: Farigiraf|move: Wide Guard
|move|p2b: Farigiraf|Light Screen|p2b: Farigiraf
|-sidestart|p2: zefhkb505|move: Light Screen
|
|upkeep
|
|t:|1783741733
|switch|p2a: Tinkaton|Tinkaton, L50, F|34/100
|-ability|p2a: Tinkaton|Mold Breaker
|turn|8
|
|t:|1783741745
|move|p2a: Tinkaton|Encore|p1a: Rotom
|-start|p1a: Rotom|Encore
|move|p1a: Rotom|Volt Switch|p2b: Farigiraf
|-damage|p2b: Farigiraf|82/100 par
|move|p1b: Sylveon|Hyper Voice|p2a: Tinkaton|[spread] p2a,p2b
|-resisted|p2a: Tinkaton|1
|-damage|p2a: Tinkaton|17/100
|-damage|p2b: Farigiraf|53/100 par
|move|p2b: Farigiraf|Trick Room|p2b: Farigiraf
|-fieldstart|move: Trick Room|[of] p2b: Farigiraf
|
|upkeep
|turn|9
|
|t:|1783741759
|cant|p2b: Farigiraf|par
|move|p1b: Sylveon|Hyper Voice|p2b: Farigiraf|[spread] p2a,p2b
|-resisted|p2a: Tinkaton|1
|-damage|p2a: Tinkaton|1/100
|-damage|p2b: Farigiraf|25/100 par
|move|p1a: Rotom|Volt Switch|p2a: Tinkaton
|-damage|p2a: Tinkaton|0 fnt
|faint|p2a: Tinkaton
|
|upkeep
|turn|10
|-message|zefhkb505 forfeited.
|
|win|Huasometa
|l|☆zefhkb505
|player|p2|
||zefhkb505 is ready for game 3.
||Huasometa is ready for game 3.
|uhtml|next|Next: Game 3 of 3
