|j|☆Misaiku
|j|☆sorecruiser
|html|Misaikusorecruiser    
|uhtml|bestof|Game 2 of a best-of-3
|t:|1756926046
|gametype|doubles
|player|p1|Misaiku|giovanni|1052
|player|p2|sorecruiser|furisodegirl-black|1109
|gen|9
|tier|[Gen 9] VGC 2025 Reg H (Bo3)
|rated|
|rule|Species Clause: Limit one of each Pokémon
|rule|Item Clause: Limit 1 of each item
|clearpoke
|poke|p1|Gholdengo, L50|
|poke|p1|Volcarona, L50, M|
|poke|p1|Porygon2, L50|
|poke|p1|Primarina, L50, M|
|poke|p1|Ursaluna, L50, M|
|poke|p1|Grimmsnarl, L50, M|
|poke|p2|Gholdengo, L50|
|poke|p2|Whimsicott, L50, F|
|poke|p2|Sneasler, L50, F|
|poke|p2|Basculegion, L50, M|
|poke|p2|Hydreigon, L50, F|
|poke|p2|Magmar, L50, F|
|teampreview|4
|showteam|p1|Gholdengo||ChoiceSpecs|GoodasGold|ShadowBall,MakeItRain,PowerGem,Trick||||||50|,,,,,Dragon]Volcarona||CovertCloak|FlameBody|StruggleBug,RagePowder,WillOWisp,Overheat|||M|||50|,,,,,Dragon]Porygon2||Eviolite|Download|TrickRoom,TeraBlast,IceBeam,Recover||||||50|,,,,,Fighting]Primarina||ThroatSpray|LiquidVoice|HyperVoice,Moonblast,Haze,Protect|||M|||50|,,,,,Poison]Ursaluna||FlameOrb|Guts|Facade,Protect,HeadlongRush,Substitute|||M|||50|,,,,,Ghost]Grimmsnarl||LightClay|Prankster|SpiritBreak,LightScreen,Reflect,Taunt|||M|||50|,,,,,Steel
|showteam|p2|Gholdengo||MetalCoat|GoodasGold|MakeItRain,ShadowBall,NastyPlot,Protect||||||50|,,,,,Steel]Whimsicott||CovertCloak|Prankster|Tailwind,Encore,FakeTears,Moonblast|||F|||50|,,,,,Dark]Sneasler||FocusSash|PoisonTouch|Protect,CloseCombat,DireClaw,ThroatChop|||F|||50|,,,,,Dark]Basculegion||ChoiceScarf|Adaptability|LastRespects,WaveCrash,AquaJet,FlipTurn|||M|||50|,,,,,Ghost]Hydreigon||ChoiceSpecs|Levitate|DarkPulse,DracoMeteor,Snarl,HeatWave|||F|||50|,,,,,Fire]Magmar||Eviolite|VitalSpirit|Protect,FollowMe,HeatWave,Taunt|||F|||50|,,,,,Water
|inactive|Battle timer is ON: inactive players will automatically lose when time's up. (requested by Misaiku)
|inactive|Misaiku has 60 seconds left.
|inactive|sorecruiser has 60 seconds left.
|
|t:|1756926101
|teamsize|p1|4
|teamsize|p2|4
|start
|switch|p1a: Volcarona|Volcarona, L50, M|100/100
|switch|p1b: Porygon2|Porygon2, L50|100/100
|switch|p2a: Sneasler|Sneasler, L50, F|100/100
|switch|p2b: Basculegion|Basculegion, L50, M|100/100
|-ability|p1b: Porygon2|Download|boost
|-boost|p1b: Porygon2|atk|1
|turn|1
|inactive|Misaiku has 30 seconds left.
|inactive|Misaiku has 20 seconds left.
|inactive|Misaiku has 15 seconds left.
|inactive|Misaiku has 10 seconds left.
|
|t:|1756926147
|-terastallize|p1a: Volcarona|Dragon
|move|p2b: Basculegion|Wave Crash|p1a: Volcarona
|-resisted|p1a: Volcarona
|-damage|p1a: Volcarona|55/100
|-damage|p2b: Basculegion|86/100|[from] Recoil
|move|p2a: Sneasler|Close Combat|p1b: Porygon2
|-supereffective|p1b: Porygon2
|-damage|p1b: Porygon2|20/100
|-unboost|p2a: Sneasler|def|1
|-unboost|p2a: Sneasler|spd|1
|move|p1a: Volcarona|Will-O-Wisp|p2b: Basculegion
|-status|p2b: Basculegion|brn
|move|p1b: Porygon2|Trick Room|p1b: Porygon2
|-fieldstart|move: Trick Room|[of] p1b: Porygon2
|
|-damage|p2b: Basculegion|80/100 brn|[from] brn
|upkeep
|turn|2
|inactive|Misaiku has 30 seconds left.
|inactive|sorecruiser has 30 seconds left.
|inactive|Misaiku has 20 seconds left.
|
|t:|1756926184
|switch|p1b: Primarina|Primarina, L50, M|100/100
|move|p2a: Sneasler|Protect|p2a: Sneasler
|-singleturn|p2a: Sneasler|Protect
|move|p1a: Volcarona|Struggle Bug|p2a: Sneasler|[spread] p2b
|-activate|p2a: Sneasler|move: Protect
|-resisted|p2b: Basculegion
|-damage|p2b: Basculegion|70/100 brn
|-unboost|p2b: Basculegion|spa|1
|move|p2b: Basculegion|Wave Crash|p1b: Primarina
|-resisted|p1b: Primarina
|-damage|p1b: Primarina|75/100
|-damage|p2b: Basculegion|62/100 brn|[from] Recoil
|
|-damage|p2b: Basculegion|56/100 brn|[from] brn
|upkeep
|turn|3
|
|t:|1756926206
|switch|p2b: Magmar|Magmar, L50, F|100/100
|move|p1a: Volcarona|Rage Powder|p1a: Volcarona
|-singleturn|p1a: Volcarona|move: Rage Powder
|move|p1b: Primarina|Hyper Voice|p2a: Sneasler|[spread] p2a,p2b
|-supereffective|p2b: Magmar
|-damage|p2a: Sneasler|23/100
|-damage|p2b: Magmar|36/100
|-enditem|p1b: Primarina|Throat Spray
|-boost|p1b: Primarina|spa|1|[from] item: Throat Spray
|move|p2a: Sneasler|Dire Claw|p1a: Volcarona
|-damage|p1a: Volcarona|1/100
|
|upkeep
|turn|4
|
|t:|1756926224
|-terastallize|p2b: Magmar|Water
|move|p2a: Sneasler|Protect|p2a: Sneasler
|-singleturn|p2a: Sneasler|Protect
|move|p1b: Primarina|Hyper Voice|p2a: Sneasler|[spread] p2b
|-activate|p2a: Sneasler|move: Protect
|-resisted|p2b: Magmar
|-damage|p2b: Magmar|13/100
|move|p2b: Magmar|Heat Wave|p1a: Volcarona|[spread] p1a
|-miss|p2b: Magmar|p1b: Primarina
|-resisted|p1a: Volcarona
|-damage|p1a: Volcarona|0 fnt
|faint|p1a: Volcarona
|
|upkeep
|
|t:|1756926239
|switch|p1a: Porygon2|Porygon2, L50|20/100
|-ability|p1a: Porygon2|Download|boost
|-boost|p1a: Porygon2|atk|1
|turn|5
|
|t:|1756926262
|switch|p2a: Hydreigon|Hydreigon, L50, F|100/100
|move|p1a: Porygon2|Recover|p1a: Porygon2
|-heal|p1a: Porygon2|70/100
|move|p1b: Primarina|Hyper Voice|p2b: Magmar|[spread] p2a,p2b
|-resisted|p2a: Hydreigon
|-resisted|p2b: Magmar
|-damage|p2a: Hydreigon|67/100
|-damage|p2b: Magmar|0 fnt
|faint|p2b: Magmar
|
|-fieldend|move: Trick Room
|upkeep
|
|t:|1756926269
|switch|p2b: Sneasler|Sneasler, L50, F|23/100
|turn|6
|
|t:|1756926277
|move|p2b: Sneasler|Dire Claw|p1b: Primarina
|-supereffective|p1b: Primarina
|-damage|p1b: Primarina|0 fnt
|faint|p1b: Primarina
|move|p2a: Hydreigon|Draco Meteor|p1a: Porygon2
|-damage|p1a: Porygon2|4/100
|-unboost|p2a: Hydreigon|spa|2
|move|p1a: Porygon2|Trick Room|p1a: Porygon2
|-fieldstart|move: Trick Room|[of] p1a: Porygon2
|
|upkeep
|
|t:|1756926281
|switch|p1b: Ursaluna|Ursaluna, L50, M|100/100
|turn|7
|
|t:|1756926296
|switch|p2a: Basculegion|Basculegion, L50, M|56/100 brn
|move|p1b: Ursaluna|Headlong Rush|p2a: Basculegion
|-damage|p2a: Basculegion|0 fnt
|-unboost|p1b: Ursaluna|def|1
|-unboost|p1b: Ursaluna|spd|1
|faint|p2a: Basculegion
|move|p1a: Porygon2|Ice Beam|p2b: Sneasler
|-crit|p2b: Sneasler
|-damage|p2b: Sneasler|0 fnt
|faint|p2b: Sneasler
|
|-status|p1b: Ursaluna|brn|[from] item: Flame Orb
|upkeep
|
|t:|1756926306
|switch|p2b: Hydreigon|Hydreigon, L50, F|67/100
|turn|8
|
|t:|1756926319
|move|p1b: Ursaluna|Facade|p2b: Hydreigon
|-damage|p2b: Hydreigon|0 fnt
|faint|p2b: Hydreigon
|
|win|Misaiku
|raw|Misaiku's rating: 1052 → 1089(+37 for winning)
|raw|sorecruiser's rating: 1109 → 1080(-29 for losing)
|c|☆sorecruiser|ggwp
|c|☆Misaiku|gg
|c|☆sorecruiser|ur team is tough
