|j|â˜†Electropeu
|j|â˜†mariodepor
|html|Electropeumariodepor    
|uhtml|bestof|Game 1 of a best-of-3
|t:|1756931524
|gametype|doubles
|player|p1|Electropeu|170|
|player|p2|mariodepor|clown|
|gen|9
|tier|[Gen 9] VGC 2025 Reg H (Bo3)
|rule|Species Clause: Limit one of each PokÃ©mon
|rule|Item Clause: Limit 1 of each item
|clearpoke
|poke|p1|Whimsicott, L50, M|
|poke|p1|Gholdengo, L50|
|poke|p1|Ursaluna-Bloodmoon, L50, M|
|poke|p1|Pelipper, L50, F|
|poke|p1|Archaludon, L50, F|
|poke|p1|Basculegion, L50, M|
|poke|p2|Ninetales-Alola, L50, F|
|poke|p2|Sneasler, L50, M|
|poke|p2|Dragonite, L50, F|
|poke|p2|Magmar, L50, F|
|poke|p2|Gholdengo, L50|
|poke|p2|Ursaluna-Bloodmoon, L50, M|
|teampreview|4
|showteam|p1|Whimsicott||CovertCloak|Prankster|Moonblast,Taunt,FakeTears,Tailwind|||M|||50|,,,,,Steel]Gholdengo||LifeOrb|GoodasGold|MakeItRain,ShadowBall,TeraBlast,Protect||||||50|,,,,,Fighting]Ursaluna-Bloodmoon||AssaultVest|MindsEye|HyperVoice,BloodMoon,EarthPower,VacuumWave|||M|||50|,,,,,Fighting]Pelipper||JabocaBerry|Drizzle|WeatherBall,Hurricane,MuddyWater,WideGuard|||F|||50|,,,,,Steel]Archaludon||PowerHerb|Sturdy|ElectroShot,DracoMeteor,FlashCannon,Protect|||F|||50|,,,,,Electric]Basculegion||FocusSash|Adaptability|Liquidation,LastRespects,AquaJet,Protect|||M|||50|,,,,,Ghost
|showteam|p2|Ninetales-Alola||CovertCloak|SnowWarning|Blizzard,FreezeDry,AuroraVeil,IcyWind|||F|||50|,,,,,Water]Sneasler||FocusSash|Unburden|DireClaw,CloseCombat,Coaching,FakeOut|||M|||50|,,,,,Ghost]Dragonite||LoadedDice|Multiscale|ScaleShot,StompingTantrum,Tailwind,Protect|||F|||50|,,,,,Fairy]Magmar||Eviolite|VitalSpirit|Flamethrower,WillOWisp,Protect,FollowMe|||F|||50|,,,,,Ghost]Gholdengo||LifeOrb|GoodasGold|MakeItRain,ShadowBall,NastyPlot,Protect||||||50|,,,,,Water]Ursaluna-Bloodmoon||AssaultVest|MindsEye|BloodMoon,EarthPower,HyperVoice,VacuumWave|||M|||50|,,,,,Ghost
|c|â˜†Electropeu|suerte
|inactive|Battle timer is ON: inactive players will automatically lose when time's up. (requested by mariodepor)
|inactiveoff|Battle timer is now OFF.
|c|â˜†mariodepor|glhf
|c|â˜†mariodepor|puse el timer por inercia, quieres ponerlo?
|c|â˜†Electropeu|como veas jajaja
|
|t:|1756931619
|teamsize|p1|4
|teamsize|p2|4
|start
|switch|p1a: Archaludon|Archaludon, L50, F|100/100
|switch|p1b: Pelipper|Pelipper, L50, F|100/100
|switch|p2a: Sneasler|Sneasler, L50, M|100/100
|switch|p2b: Dragonite|Dragonite, L50, F|100/100
|-weather|RainDance|[from] ability: Drizzle|[of] p1b: Pelipper
|turn|1
|
|t:|1756931660
|move|p2a: Sneasler|Fake Out|p1a: Archaludon
|-resisted|p1a: Archaludon
|-damage|p1a: Archaludon|94/100
|cant|p1a: Archaludon|flinch
|move|p2b: Dragonite|Scale Shot|p1b: Pelipper
|-damage|p1b: Pelipper|84/100
|-enditem|p1b: Pelipper|Jaboca Berry|[eat]
|-damage|p2b: Dragonite|88/100|[from] item: Jaboca Berry|[of] p1b: Pelipper
|-damage|p1b: Pelipper|65/100
|-damage|p1b: Pelipper|48/100
|-damage|p1b: Pelipper|29/100
|-damage|p1b: Pelipper|13/100
|-hitcount|p1b: Pelipper|5
|-unboost|p2b: Dragonite|def|1
|-boost|p2b: Dragonite|spe|1
|move|p1b: Pelipper|Hurricane|p2a: Sneasler
|-supereffective|p2a: Sneasler
|-enditem|p2a: Sneasler|Focus Sash
|-damage|p2a: Sneasler|1/100
|
|-weather|RainDance|[upkeep]
|upkeep
|turn|2
|
|t:|1756931715
|move|p2a: Sneasler|Dire Claw|p1b: Pelipper
|-damage|p1b: Pelipper|0 fnt
|faint|p1b: Pelipper
|move|p2b: Dragonite|Tailwind|p2b: Dragonite
|-sidestart|p2: mariodepor|move: Tailwind
|move|p1a: Archaludon|Electro Shot||[still]
|-prepare|p1a: Archaludon|Electro Shot
|-boost|p1a: Archaludon|spa|1
|-anim|p1a: Archaludon|Electro Shot|p2b: Dragonite
|-damage|p2b: Dragonite|17/100
|
|-weather|RainDance|[upkeep]
|upkeep
|
|t:|1756931727
|switch|p1b: Basculegion|Basculegion, L50, M|100/100
|turn|3
|
|t:|1756931761
|switch|p2a: Ninetales|Ninetales-Alola, L50, F|100/100
|-weather|Snowscape|[from] ability: Snow Warning|[of] p2a: Ninetales
|move|p1b: Basculegion|Aqua Jet|p2a: Ninetales
|-damage|p2a: Ninetales|75/100
|move|p2b: Dragonite|Scale Shot|p1b: Basculegion
|-damage|p1b: Basculegion|82/100
|-damage|p1b: Basculegion|65/100
|-damage|p1b: Basculegion|44/100
|-damage|p1b: Basculegion|25/100
|-hitcount|p1b: Basculegion|4
|-unboost|p2b: Dragonite|def|1
|-boost|p2b: Dragonite|spe|1
|move|p1a: Archaludon|Electro Shot||[still]
|-prepare|p1a: Archaludon|Electro Shot
|-boost|p1a: Archaludon|spa|1
|-enditem|p1a: Archaludon|Power Herb
|-anim|p1a: Archaludon|Electro Shot|p2b: Dragonite
|-damage|p2b: Dragonite|0 fnt
|faint|p2b: Dragonite
|
|-weather|Snowscape|[upkeep]
|upkeep
|
|t:|1756931784
|switch|p2b: Ursaluna|Ursaluna-Bloodmoon, L50, M|100/100
|turn|4
|
|t:|1756931810
|move|p2a: Ninetales|Freeze-Dry|p1b: Basculegion
|-supereffective|p1b: Basculegion
|-damage|p1b: Basculegion|0 fnt
|faint|p1b: Basculegion
|move|p2b: Ursaluna|Earth Power|p1a: Archaludon
|-supereffective|p1a: Archaludon
|-damage|p1a: Archaludon|0 fnt
|faint|p1a: Archaludon
|
|-weather|Snowscape|[upkeep]
|upkeep
|
|t:|1756931825
|switch|p1b: Ursaluna|Ursaluna-Bloodmoon, L50, M|100/100
|turn|5
|
|t:|1756931846
|move|p2a: Ninetales|Blizzard|p1b: Ursaluna
|-supereffective|p1b: Ursaluna
|-damage|p1b: Ursaluna|34/100
|move|p2b: Ursaluna|Blood Moon|p1b: Ursaluna
|-damage|p1b: Ursaluna|0 fnt
|faint|p1b: Ursaluna
|
|win|mariodepor
||mariodepor is ready for game 2.
||Electropeu is ready for game 2.
|uhtml|next|Next: Game 2 of 3
