|j|☆escanor_cs
|j|☆winda claudia
|html|escanor_cswinda claudia    
|uhtml|bestof|Game 1 of a best-of-3
|t:|1785880496
|gametype|doubles
|player|p1|escanor_cs|101|1299
|player|p2|winda claudia|169|1289
|gen|9
|tier|[Gen 9 Champions] VGC 2026 Reg M-B (Bo3)
|rated|
|rule|Species Clause: Limit one of each Pokémon
|rule|Item Clause: Limit 1 of each item
|clearpoke
|poke|p1|Blastoise, L50, F|
|poke|p1|Farigiraf, L50, F|
|poke|p1|Staraptor, L50, M|
|poke|p1|Torkoal, L50, F|
|poke|p1|Scovillain, L50, F|
|poke|p1|Sylveon, L50, M|
|poke|p2|Staraptor, L50, F|
|poke|p2|Tyranitar, L50, F|
|poke|p2|Excadrill, L50, F|
|poke|p2|Milotic, L50, F|
|poke|p2|Gholdengo, L50|
|poke|p2|Sinistcha, L50|
|teampreview|4
|showteam|p1|Blastoise||Blastoisinite|Torrent|WaterSpout,DarkPulse,FakeOut,AuraSphere|Quiet||F|||50|]Farigiraf||SitrusBerry|ArmorTail|Psychic,Thunderbolt,TrickRoom,Protect|Bold||F|||50|]Staraptor||ChoiceScarf|Intimidate|CloseCombat,BraveBird,FinalGambit,Uturn|Jolly||M|||50|]Torkoal||Charcoal|Drought|HeatWave,Eruption,EarthPower,Protect|Quiet||F|||50|]Scovillain||Scovillainite|Moody|RagePowder,Overheat,LeechSeed,Protect|Bold||F|||50|]Sylveon||LifeOrb|Pixilate|HyperVoice,HyperBeam,QuickAttack,Protect|Quiet||M|||50|
|showteam|p2|Staraptor||Staraptite|Intimidate|BraveBird,CloseCombat,Tailwind,Protect|Jolly||F|||50|]Tyranitar||Tyranitarite|SandStream|RockSlide,KnockOff,LowKick,Protect|Jolly||F|||50|]Excadrill||FocusSash|SandRush|HighHorsepower,IronHead,RockSlide,Protect|Adamant||F|||50|]Milotic||SitrusBerry|Competitive|Scald,IceBeam,IcyWind,Protect|Modest||F|||50|]Gholdengo||LifeOrb|GoodasGold|MakeItRain,ShadowBall,NastyPlot,Protect|Modest|||||50|]Sinistcha||ColburBerry|Hospitality|MatchaGotcha,RagePowder,TrickRoom,Protect|Calm|||||50|
|inactive|Battle timer is ON: inactive players will automatically lose when time's up. (requested by winda claudia)
|inactive|winda claudia has 60 seconds left.
|
|t:|1785880536
|teamsize|p1|4
|teamsize|p2|4
|start
|switch|p1a: Scovillain|Scovillain, L50, F|100/100
|switch|p1b: Farigiraf|Farigiraf, L50, F|100/100
|switch|p2a: Milotic|Milotic, L50, F|100/100
|switch|p2b: Gholdengo|Gholdengo, L50|100/100
|turn|1
|
|t:|1785880558
|detailschange|p1a: Scovillain|Scovillain-Mega, L50, F
|-mega|p1a: Scovillain|Scovillain|Scovillainite
|move|p1b: Farigiraf|Protect|p1b: Farigiraf
|-singleturn|p1b: Farigiraf|Protect
|move|p2b: Gholdengo|Shadow Ball|p1a: Scovillain
|-damage|p1a: Scovillain|36/100
|-status|p2b: Gholdengo|brn|[from] ability: Spicy Spray|[of] p1a: Scovillain
|-damage|p2b: Gholdengo|90/100 brn|[from] item: Life Orb
|move|p2a: Milotic|Scald|p1a: Scovillain
|-damage|p1a: Scovillain|2/100
|-status|p2a: Milotic|brn|[from] ability: Spicy Spray|[of] p1a: Scovillain
|move|p1a: Scovillain|Leech Seed|p2a: Milotic
|-start|p2a: Milotic|move: Leech Seed
|
|-damage|p2a: Milotic|87/100 brn|[from] Leech Seed|[of] p1a: Scovillain
|-heal|p1a: Scovillain|17/100|[silent]
|-damage|p2b: Gholdengo|84/100 brn|[from] brn
|-damage|p2a: Milotic|81/100 brn|[from] brn
|upkeep
|turn|2
|
|t:|1785880576
|move|p1a: Scovillain|Rage Powder|p1a: Scovillain
|-singleturn|p1a: Scovillain|move: Rage Powder
|move|p2b: Gholdengo|Make It Rain|p1a: Scovillain|[spread] p1a,p1b
|-resisted|p1a: Scovillain|1
|-damage|p1a: Scovillain|0 fnt
|-damage|p1b: Farigiraf|46/100
|-unboost|p2b: Gholdengo|spa|2
|-enditem|p1b: Farigiraf|Sitrus Berry|[eat]
|-heal|p1b: Farigiraf|70/100|[from] item: Sitrus Berry
|faint|p1a: Scovillain
|-damage|p2b: Gholdengo|75/100 brn|[from] item: Life Orb
|move|p2a: Milotic|Scald|p1b: Farigiraf
|-damage|p1b: Farigiraf|43/100
|move|p1b: Farigiraf|Trick Room|p1b: Farigiraf
|-fieldstart|move: Trick Room|[of] p1b: Farigiraf
|
|-damage|p2a: Milotic|75/100 brn|[from] brn
|-damage|p2b: Gholdengo|69/100 brn|[from] brn
|upkeep
|
|t:|1785880583
|switch|p1a: Sylveon|Sylveon, L50, M|100/100
|turn|3
|
|t:|1785880606
|switch|p2a: Sinistcha|Sinistcha, L50|100/100
|-heal|p2b: Gholdengo|94/100 brn|[from] ability: Hospitality|[of] p2a: Sinistcha
|move|p1a: Sylveon|Hyper Voice|p2b: Gholdengo|[spread] p2a,p2b
|-resisted|p2b: Gholdengo|1
|-damage|p2a: Sinistcha|57/100
|-damage|p2b: Gholdengo|69/100 brn
|-damage|p1a: Sylveon|90/100|[from] item: Life Orb
|move|p1b: Farigiraf|Thunderbolt|p2b: Gholdengo
|-crit|p2b: Gholdengo
|-damage|p2b: Gholdengo|37/100 brn
|move|p2b: Gholdengo|Make It Rain|p1a: Sylveon|[spread] p1a,p1b
|-supereffective|p1a: Sylveon|1
|-damage|p1a: Sylveon|51/100
|-damage|p1b: Farigiraf|17/100
|-unboost|p2b: Gholdengo|spa|2
|-damage|p2b: Gholdengo|27/100 brn|[from] item: Life Orb
|
|-damage|p2b: Gholdengo|21/100 brn|[from] brn
|upkeep
|turn|4
|
|t:|1785880622
|switch|p2b: Milotic|Milotic, L50, F|75/100 brn
|move|p1a: Sylveon|Hyper Voice|p2a: Sinistcha|[spread] p2a,p2b
|-damage|p2a: Sinistcha|11/100
|-damage|p2b: Milotic|37/100 brn
|-enditem|p2b: Milotic|Sitrus Berry|[eat]
|-heal|p2b: Milotic|61/100 brn|[from] item: Sitrus Berry
|-damage|p1a: Sylveon|41/100|[from] item: Life Orb
|move|p1b: Farigiraf|Psychic|p2a: Sinistcha
|-damage|p2a: Sinistcha|0 fnt
|faint|p2a: Sinistcha
|
|-damage|p2b: Milotic|55/100 brn|[from] brn
|upkeep
|
|t:|1785880634
|switch|p2a: Gholdengo|Gholdengo, L50|21/100 brn
|turn|5
|
|t:|1785880639
|move|p2b: Milotic|Protect|p2b: Milotic
|-singleturn|p2b: Milotic|Protect
|move|p2a: Gholdengo|Protect|p2a: Gholdengo
|-singleturn|p2a: Gholdengo|Protect
|move|p1a: Sylveon|Hyper Voice|p2b: Milotic|[spread] 
|-activate|p2a: Gholdengo|move: Protect
|-activate|p2b: Milotic|move: Protect
|move|p1b: Farigiraf|Thunderbolt|p2b: Milotic
|-activate|p2b: Milotic|move: Protect
|
|-damage|p2b: Milotic|50/100y brn|[from] brn
|-damage|p2a: Gholdengo|15/100 brn|[from] brn
|upkeep
|turn|6
|
|t:|1785880652
|switch|p2a: Tyranitar|Tyranitar, L50, F|100/100
|-weather|Sandstorm|[from] ability: Sand Stream|[of] p2a: Tyranitar
|move|p1a: Sylveon|Hyper Voice|p2a: Tyranitar|[spread] p2a,p2b
|-supereffective|p2a: Tyranitar|1
|-damage|p2a: Tyranitar|29/100
|-damage|p2b: Milotic|10/100 brn
|-damage|p1a: Sylveon|31/100|[from] item: Life Orb
|move|p1b: Farigiraf|Thunderbolt|p2b: Milotic
|-supereffective|p2b: Milotic|1
|-damage|p2b: Milotic|0 fnt
|faint|p2b: Milotic
|
|-weather|Sandstorm|[upkeep]
|-damage|p1a: Sylveon|25/100|[from] Sandstorm
|-damage|p1b: Farigiraf|11/100|[from] Sandstorm
|-fieldend|move: Trick Room
|upkeep
|
|t:|1785880655
|switch|p2b: Gholdengo|Gholdengo, L50|15/100 brn
|turn|7
|
|t:|1785880665
|move|p1b: Farigiraf|Protect|p1b: Farigiraf
|-singleturn|p1b: Farigiraf|Protect
|move|p1a: Sylveon|Protect|p1a: Sylveon
|-singleturn|p1a: Sylveon|Protect
|move|p2a: Tyranitar|Rock Slide|p1b: Farigiraf|[spread] 
|-activate|p1a: Sylveon|move: Protect
|-activate|p1b: Farigiraf|move: Protect
|move|p2b: Gholdengo|Nasty Plot|p2b: Gholdengo
|-boost|p2b: Gholdengo|spa|2
|
|-weather|Sandstorm|[upkeep]
|-damage|p1b: Farigiraf|4/100|[from] Sandstorm
|-damage|p1a: Sylveon|19/100|[from] Sandstorm
|-damage|p2b: Gholdengo|10/100 brn|[from] brn
|upkeep
|turn|8
|
|t:|1785880684
|switch|p1b: Torkoal|Torkoal, L50, F|100/100
|-weather|SunnyDay|[from] ability: Drought|[of] p1b: Torkoal
|move|p1a: Sylveon|Quick Attack|p2a: Tyranitar
|-supereffective|p2a: Tyranitar|1
|-damage|p2a: Tyranitar|1/100
|-damage|p1a: Sylveon|9/100|[from] item: Life Orb
|move|p2a: Tyranitar|Rock Slide|p1b: Torkoal|[spread] 
|-miss|p2a: Tyranitar|p1a: Sylveon
|-miss|p2a: Tyranitar|p1b: Torkoal
|move|p2b: Gholdengo|Make It Rain|p1b: Torkoal|[spread] p1a,p1b
|-supereffective|p1a: Sylveon|1
|-resisted|p1b: Torkoal|1
|-damage|p1a: Sylveon|0 fnt
|-damage|p1b: Torkoal|16/100
|-unboost|p2b: Gholdengo|spa|2
|faint|p1a: Sylveon
|-damage|p2b: Gholdengo|1/100 brn|[from] item: Life Orb
|
|-weather|SunnyDay|[upkeep]
|-damage|p2b: Gholdengo|0 fnt|[from] brn
|faint|p2b: Gholdengo
|upkeep
|
|t:|1785880691
|switch|p1a: Farigiraf|Farigiraf, L50, F|4/100
|turn|9
|
|t:|1785880700
|detailschange|p2a: Tyranitar|Tyranitar-Mega, L50, F
|-mega|p2a: Tyranitar|Tyranitar|Tyranitarite
|-weather|Sandstorm|[from] ability: Sand Stream|[of] p2a: Tyranitar
|move|p2a: Tyranitar|Rock Slide|p1b: Torkoal|[spread] p1a,p1b
|-supereffective|p1b: Torkoal|1
|-damage|p1a: Farigiraf|0 fnt
|-damage|p1b: Torkoal|0 fnt
|faint|p1a: Farigiraf
|faint|p1b: Torkoal
|
|win|winda claudia
|l|☆winda claudia
|player|p2|
||winda claudia is ready for game 2.
||escanor_cs is ready for game 2.
|uhtml|next|Next: Game 2 of 3
