|j|☆PomeloThePolitoed
|j|☆FluffyFowl
|html|PomeloThePolitoedFluffyFowl    
|uhtml|bestof|Game 3 of a best-of-3
|t:|1782497966
|gametype|doubles
|player|p1|PomeloThePolitoed|caitlin|1000
|player|p2|FluffyFowl|marnie|1093
|gen|9
|tier|[Gen 9 Champions] VGC 2026 Reg M-B (Bo3)
|rated|
|rule|Species Clause: Limit one of each Pokémon
|rule|Item Clause: Limit 1 of each item
|clearpoke
|poke|p1|Salazzle, L50, F|
|poke|p1|Dragonite, L50, M|
|poke|p1|Farigiraf, L50, F|
|poke|p1|Eelektross, L50, M|
|poke|p1|Gholdengo, L50|
|poke|p1|Toxapex, L50, F|
|poke|p2|Tsareena, L50, F, shiny|
|poke|p2|Alcremie, L50, F|
|poke|p2|Espeon, L50, M|
|poke|p2|Grimmsnarl, L50, M|
|poke|p2|Aerodactyl, L50, M|
|poke|p2|Camerupt, L50, M|
|teampreview|4
|showteam|p1|Salazzle||WideLens|Corrosion|Toxic,Flamethrower,SludgeBomb,Protect|Timid||F|||50|]Dragonite||Dragoninite|Multiscale|Whirlwind,DragonClaw,ExtremeSpeed,IronHead|Adamant||M|||50|]Farigiraf||Leftovers|ArmorTail|AllySwitch,Roar,Psychic,HyperVoice|Modest||F|||50|]Eelektross||Eelektrossite|Levitate|Hex,Thunderbolt,Protect,Flamethrower|Timid||M|||50|]Gholdengo||WiseGlasses|GoodasGold|FlashCannon,Hex,Protect,DazzlingGleam|Timid|||||50|]Toxapex||MuscleBand|Merciless|BanefulBunker,Liquidation,PoisonJab,ToxicSpikes|Adamant||F|||50|
|showteam|p2|Tsareena||CobaBerry|QueenlyMajesty|TropKick,KnockOff,LowKick,Protect|Adamant||F|||50|]Alcremie||FocusSash|AromaVeil|Decorate,DazzlingGleam,DrainingKiss,Protect|Modest||F|||50|]Espeon||SitrusBerry|Synchronize|PowerGem,TrickRoom,Protect,Imprison|Modest||M|||50|]Grimmsnarl||LightClay|Prankster|PowerSwap,LightScreen,Reflect,SpiritBreak|Impish||M|||50|]Aerodactyl||Aerodactylite|Unnerve|Tailwind,RockSlide,PsychicFangs,Protect|Jolly||M|||50|]Camerupt||Cameruptite|SolidRock|HeatWave,EarthPower,Curse,Protect|Calm||M|||50|
|
|t:|1782498004
|teamsize|p1|4
|teamsize|p2|4
|start
|switch|p1a: Salazzle|Salazzle, L50, F|100/100
|switch|p1b: Gholdengo|Gholdengo, L50|100/100
|switch|p2a: Kitty|Espeon, L50, M|100/100
|switch|p2b: Camel|Camerupt, L50, M|100/100
|turn|1
|
|t:|1782498022
|detailschange|p2b: Camel|Camerupt-Mega, L50, M
|-mega|p2b: Camel|Camerupt|Cameruptite
|move|p2b: Camel|Protect|p2b: Camel
|-singleturn|p2b: Camel|Protect
|move|p1a: Salazzle|Toxic|p2a: Kitty
|-status|p2a: Kitty|tox
|-activate|p2a: Kitty|ability: Synchronize
|-immune|p1a: Salazzle
|move|p1b: Gholdengo|Hex|p2a: Kitty
|-supereffective|p2a: Kitty|1
|-damage|p2a: Kitty|0 fnt
|faint|p2a: Kitty
|
|upkeep
|
|t:|1782498036
|switch|p2a: IwantedPan:(|Alcremie, L50, F|100/100
|turn|2
|
|t:|1782498057
|move|p1a: Salazzle|Protect|p1a: Salazzle
|-singleturn|p1a: Salazzle|Protect
|move|p1b: Gholdengo|Protect|p1b: Gholdengo
|-singleturn|p1b: Gholdengo|Protect
|move|p2a: IwantedPan:(|Decorate|p2b: Camel
|-boost|p2b: Camel|atk|2
|-boost|p2b: Camel|spa|2
|move|p2b: Camel|Heat Wave|p1b: Gholdengo|[spread] 
|-activate|p1a: Salazzle|move: Protect
|-activate|p1b: Gholdengo|move: Protect
|
|upkeep
|turn|3
|
|t:|1782498084
|switch|p2a: My Queen|Tsareena, L50, F, shiny|100/100
|move|p1a: Salazzle|Toxic|p2b: Camel
|-status|p2b: Camel|tox
|move|p1b: Gholdengo|Flash Cannon|p2a: My Queen
|-damage|p2a: My Queen|49/100
|-unboost|p2a: My Queen|spd|1
|move|p2b: Camel|Heat Wave|p1b: Gholdengo|[spread] p1a,p1b
|-resisted|p1a: Salazzle|1
|-supereffective|p1b: Gholdengo|1
|-damage|p1a: Salazzle|26/100
|-damage|p1b: Gholdengo|0 fnt
|faint|p1b: Gholdengo
|
|-damage|p2b: Camel|93/100 tox|[from] psn
|upkeep
|
|t:|1782498101
|switch|p1b: Toxapex|Toxapex, L50, F|100/100
|turn|4
|
|t:|1782498120
|move|p1a: Salazzle|Sludge Bomb|p2a: My Queen
|-supereffective|p2a: My Queen|1
|-damage|p2a: My Queen|0 fnt
|faint|p2a: My Queen
|move|p1b: Toxapex|Liquidation|p2b: Camel
|-supereffective|p2b: Camel|2
|-crit|p2b: Camel
|-damage|p2b: Camel|0 fnt
|faint|p2b: Camel
|
|upkeep
|
|t:|1782498130
|switch|p2b: IwantedPan:(|Alcremie, L50, F|100/100
|turn|5
|
|t:|1782498137
|move|p1a: Salazzle|Sludge Bomb|p2b: IwantedPan:(
|-supereffective|p2b: IwantedPan:(|1
|-damage|p2b: IwantedPan:(|32/100
|-status|p2b: IwantedPan:(|psn
|move|p2b: IwantedPan:(|Dazzling Gleam|p1a: Salazzle|[spread] p1a,p1b
|-resisted|p1a: Salazzle|2
|-resisted|p1b: Toxapex|1
|-damage|p1a: Salazzle|13/100
|-damage|p1b: Toxapex|88/100
|move|p1b: Toxapex|Poison Jab|p2b: IwantedPan:(
|-supereffective|p2b: IwantedPan:(|1
|-crit|p2b: IwantedPan:(
|-damage|p2b: IwantedPan:(|0 fnt
|faint|p2b: IwantedPan:(
|
|win|PomeloThePolitoed
|raw|PomeloThePolitoed's rating: 1000 → 1050(+50 for winning)
|raw|FluffyFowl's rating: 1093 → 1063(-30 for losing)
