|j|☆Refanner
|j|☆SFmrmimers
|html|RefannerSFmrmimers    
|uhtml|bestof|Game 2 of a best-of-3
|t:|1756581387
|gametype|doubles
|player|p1|Refanner|169|1179
|player|p2|SFmrmimers|n|1040
|gen|9
|tier|[Gen 9] VGC 2025 Reg H (Bo3)
|rated|
|rule|Species Clause: Limit one of each Pokémon
|rule|Item Clause: Limit 1 of each item
|clearpoke
|poke|p1|Garchomp, L50, M|
|poke|p1|Incineroar, L50, F|
|poke|p1|Tyranitar, L50, F|
|poke|p1|Gholdengo, L50|
|poke|p1|Primarina, L50, F|
|poke|p1|Talonflame, L50, F|
|poke|p2|Sneasler, L50, M|
|poke|p2|Kingambit, L50, F|
|poke|p2|Rillaboom, L50, M|
|poke|p2|Basculegion, L50, M|
|poke|p2|Magmar, L50, F|
|poke|p2|Ninetales-Alola, L50, M|
|teampreview|4
|showteam|p1|Garchomp||LifeOrb|RoughSkin|Earthquake,DragonClaw,StompingTantrum,Protect|||M|||50|,,,,,Fire]Incineroar||SitrusBerry|Intimidate|FlareBlitz,KnockOff,PartingShot,FakeOut|||F|||50|,,,,,Grass]Tyranitar||AssaultVest|SandStream|KnockOff,RockSlide,TeraBlast,LowKick|||F|||50|,,,,,Flying]Gholdengo||Leftovers|GoodasGold|MakeItRain,ShadowBall,NastyPlot,Protect||||||50|,,,,,Flying]Primarina||MagoBerry|LiquidVoice|HyperVoice,Moonblast,CalmMind,Protect|||F|||50|,,,,,Poison]Talonflame||CovertCloak|GaleWings|BraveBird,Tailwind,WillOWisp,Taunt|||F|||50|,,,,,Flying
|showteam|p2|Sneasler||FocusSash|PoisonTouch|DireClaw,CloseCombat,FakeOut,Protect|||M|||50|,,,,,Ghost]Kingambit||BlackGlasses|Defiant|KowtowCleave,SuckerPunch,SwordsDance,Protect|||F|||50|,,,,,Fire]Rillaboom||AssaultVest|GrassySurge|FakeOut,Uturn,GrassyGlide,WoodHammer|||M|||50|,,,,,Fire]Basculegion||ChoiceScarf|Adaptability|WaveCrash,LastRespects,TeraBlast,FlipTurn|||M|||50|,,,,,Fairy]Magmar||Eviolite|VitalSpirit|FollowMe,HeatWave,Taunt,Protect|||F|||50|,,,,,Ghost]Ninetales-Alola||NeverMeltIce|SnowWarning|Blizzard,FreezeDry,Encore,Protect|||M|||50|,,,,,Ghost
|
|t:|1756581482
|teamsize|p1|4
|teamsize|p2|4
|start
|switch|p1a: Garchomp|Garchomp, L50, M|100/100
|switch|p1b: Tyranitar|Tyranitar, L50, F|100/100
|switch|p2a: Basculegion|Basculegion, L50, M, shiny|100/100
|switch|p2b: Kingambit|Kingambit, L50, F, shiny|100/100
|-weather|Sandstorm|[from] ability: Sand Stream|[of] p1b: Tyranitar
|turn|1
|
|t:|1756581562
|move|p2b: Kingambit|Sucker Punch|p1a: Garchomp
|-damage|p1a: Garchomp|52/100
|-damage|p2b: Kingambit|88/100|[from] ability: Rough Skin|[of] p1a: Garchomp
|move|p2a: Basculegion|Flip Turn|p1b: Tyranitar
|-supereffective|p1b: Tyranitar
|-damage|p1b: Tyranitar|38/100
|
|t:|1756581569
|switch|p2a: Sneasler|Sneasler, L50, M|100/100|[from] Flip Turn
|move|p1a: Garchomp|Stomping Tantrum|p2b: Kingambit
|-supereffective|p2b: Kingambit
|-damage|p2b: Kingambit|7/100
|-damage|p1a: Garchomp|42/100|[from] item: Life Orb
|move|p1b: Tyranitar|Low Kick|p2b: Kingambit
|-supereffective|p2b: Kingambit
|-damage|p2b: Kingambit|0 fnt
|faint|p2b: Kingambit
|
|-weather|Sandstorm|[upkeep]
|-damage|p2a: Sneasler|95/100|[from] Sandstorm
|upkeep
|
|t:|1756581583
|switch|p2b: Ninetales|Ninetales-Alola, L50, M|100/100
|-weather|Snowscape|[from] ability: Snow Warning|[of] p2b: Ninetales
|turn|2
|
|t:|1756581629
|move|p1a: Garchomp|Protect|p1a: Garchomp
|-singleturn|p1a: Garchomp|Protect
|move|p2a: Sneasler|Close Combat|p1b: Tyranitar
|-supereffective|p1b: Tyranitar
|-damage|p1b: Tyranitar|0 fnt
|-unboost|p2a: Sneasler|def|1
|-unboost|p2a: Sneasler|spd|1
|faint|p1b: Tyranitar
|move|p2b: Ninetales|Blizzard|p1a: Garchomp
|-activate|p1a: Garchomp|move: Protect
|
|-weather|Snowscape|[upkeep]
|upkeep
|
|t:|1756581639
|switch|p1b: Talonflame|Talonflame, L50, F|100/100
|turn|3
|
|t:|1756581675
|switch|p2a: Basculegion|Basculegion, L50, M, shiny|100/100
|-terastallize|p1a: Garchomp|Fire
|move|p1b: Talonflame|Tailwind|p1b: Talonflame
|-sidestart|p1: Refanner|move: Tailwind
|move|p1a: Garchomp|Earthquake|p2b: Ninetales|[spread] p2a,p2b
|-immune|p1b: Talonflame
|-damage|p2a: Basculegion|28/100
|-damage|p2b: Ninetales|47/100
|-damage|p1a: Garchomp|32/100|[from] item: Life Orb
|move|p2b: Ninetales|Blizzard|p1b: Talonflame|[spread] p1a,p1b
|-resisted|p1a: Garchomp
|-damage|p1a: Garchomp|11/100
|-damage|p1b: Talonflame|47/100
|-status|p1a: Garchomp|frz
|
|-weather|Snowscape|[upkeep]
|upkeep
|turn|4
|
|t:|1756581730
|move|p1b: Talonflame|Brave Bird|p2a: Basculegion
|-damage|p2a: Basculegion|0 fnt
|faint|p2a: Basculegion
|-damage|p1b: Talonflame|35/100|[from] Recoil
|-curestatus|p1a: Garchomp|frz|[msg]
|move|p1a: Garchomp|Earthquake|p2b: Ninetales|[spread] p2b
|-immune|p1b: Talonflame
|-damage|p2b: Ninetales|0 fnt
|faint|p2b: Ninetales
|-damage|p1a: Garchomp|2/100|[from] item: Life Orb
|
|-weather|Snowscape|[upkeep]
|upkeep
|
|t:|1756581748
|switch|p2a: Sneasler|Sneasler, L50, M|95/100
|turn|5
|
|t:|1756581768
|-terastallize|p2a: Sneasler|Ghost
|move|p2a: Sneasler|Fake Out|p1a: Garchomp
|-damage|p1a: Garchomp|0 fnt
|-damage|p2a: Sneasler|83/100|[from] ability: Rough Skin|[of] p1a: Garchomp
|faint|p1a: Garchomp
|move|p1b: Talonflame|Brave Bird|p2a: Sneasler
|-damage|p2a: Sneasler|0 fnt
|faint|p2a: Sneasler
|-damage|p1b: Talonflame|8/100|[from] Recoil
|
|win|Refanner
|raw|Refanner's rating: 1179 → 1194(+15 for winning)
|raw|SFmrmimers's rating: 1040 → 1030(-10 for losing)
|l|☆SFmrmimers
|player|p2|
