|j|☆spellbreakvgc
|j|☆BANKAI_545
|html|spellbreakvgcBANKAI_545    
|uhtml|bestof|Game 3 of a best-of-3
|t:|1756989620
|gametype|doubles
|player|p1|spellbreakvgc|lance|1094
|player|p2|BANKAI_545|n|1065
|gen|9
|tier|[Gen 9] VGC 2025 Reg H (Bo3)
|rated|
|rule|Species Clause: Limit one of each Pokémon
|rule|Item Clause: Limit 1 of each item
|clearpoke
|poke|p1|Baxcalibur, L50, F|
|poke|p1|Kingambit, L50, M|
|poke|p1|Volcarona, L50, M|
|poke|p1|Dondozo, L50, M|
|poke|p1|Sneasler, L50, F|
|poke|p1|Rillaboom, L50, M|
|poke|p2|Indeedee-F, L50, F|
|poke|p2|Annihilape, L50, M|
|poke|p2|Whimsicott, L50, M|
|poke|p2|Incineroar, L50, M|
|poke|p2|Kingambit, L50, F|
|poke|p2|Hatterene, L50, F|
|teampreview|4
|showteam|p1|Baxcalibur||LoadedDice|ThermalExchange|Protect,IcicleSpear,ScaleShot,IceShard|||F|||50|,,,,,Ghost]Kingambit||SafetyGoggles|Defiant|Protect,KowtowCleave,SuckerPunch,SwordsDance|||M|||50|,,,,,Ghost]Volcarona||CovertCloak|FlameBody|HeatWave,TeraBlast,QuiverDance,RagePowder|||M|||50|,,,,,Fairy]Dondozo||Leftovers|Unaware|Protect,Liquidation,Yawn,Fissure|||M|||50|,,,,,Poison]Sneasler||FocusSash|Unburden|Protect,CloseCombat,DireClaw,Coaching|||F|||50|,,,,,Stellar]Rillaboom||AssaultVest|GrassySurge|WoodHammer,GrassyGlide,FakeOut,HighHorsepower|||M|||50|,,,,,Water
|showteam|p2|Indeedee-F||SafetyGoggles|PsychicSurge|FollowMe,Protect,Psychic,TrickRoom|||F|||50|,,,,,Ghost]Annihilape||AssaultVest|Defiant|RageFist,CloseCombat,StompingTantrum,DrainPunch|||M|||50|,,,,,Normal]Whimsicott||CovertCloak|Prankster|Tailwind,Protect,Encore,BeatUp|||M|||50|,,,,,Ghost]Incineroar||RockyHelmet|Intimidate|FakeOut,PartingShot,KnockOff,FlareBlitz|||M|||50|,,,,,Fire]Kingambit||BlackGlasses|Defiant|KowtowCleave,SuckerPunch,Protect,TeraBlast|||F|||50|,,,,,Flying]Hatterene||ChoiceSpecs|MagicBounce|ExpandingForce,DazzlingGleam,TeraBlast,DrainingKiss|||F|||50|,,,,,Psychic
|inactive|Battle timer is ON: inactive players will automatically lose when time's up. (requested by BANKAI_545)
|
|t:|1756989648
|teamsize|p1|4
|teamsize|p2|4
|start
|switch|p1a: Kingambit|Kingambit, L50, M|100/100
|switch|p1b: Dondozo|Dondozo, L50, M|100/100
|switch|p2a: Indeedee|Indeedee-F, L50, F|100/100
|switch|p2b: Hatterene|Hatterene, L50, F|100/100
|-fieldstart|move: Psychic Terrain|[from] ability: Psychic Surge|[of] p2a: Indeedee
|turn|1
|inactive|spellbreakvgc has 30 seconds left.
|inactive|BANKAI_545 has 30 seconds left.
|inactive|spellbreakvgc has 20 seconds left.
|inactive|spellbreakvgc has 15 seconds left.
|inactive|spellbreakvgc has 10 seconds left.
|
|t:|1756989697
|move|p2a: Indeedee|Follow Me|p2a: Indeedee
|-singleturn|p2a: Indeedee|move: Follow Me
|move|p1a: Kingambit|Kowtow Cleave|p2a: Indeedee
|-supereffective|p2a: Indeedee
|-damage|p2a: Indeedee|0 fnt
|faint|p2a: Indeedee
|move|p1b: Dondozo|Fissure|p2b: Hatterene|[miss]
|-miss|p1b: Dondozo|p2b: Hatterene
|move|p2b: Hatterene|Dazzling Gleam|p1b: Dondozo|[spread] p1a,p1b
|-damage|p1a: Kingambit|50/100
|-damage|p1b: Dondozo|65/100
|
|-heal|p1b: Dondozo|71/100|[from] item: Leftovers
|upkeep
|
|t:|1756989709
|switch|p2a: Annihilape|Annihilape, L50, M|100/100
|turn|2
|
|t:|1756989727
|move|p1a: Kingambit|Protect|p1a: Kingambit
|-singleturn|p1a: Kingambit|Protect
|move|p2a: Annihilape|Drain Punch|p1a: Kingambit
|-activate|p1a: Kingambit|move: Protect
|move|p1b: Dondozo|Yawn|p2a: Annihilape
|-start|p2a: Annihilape|move: Yawn|[of] p1b: Dondozo
|move|p2b: Hatterene|Dazzling Gleam|p1a: Kingambit|[spread] p1b
|-activate|p1a: Kingambit|move: Protect
|-damage|p1b: Dondozo|38/100
|
|-heal|p1b: Dondozo|44/100|[from] item: Leftovers
|upkeep
|turn|3
|inactive|spellbreakvgc has 30 seconds left.
|
|t:|1756989752
|switch|p2a: Incineroar|Incineroar, L50, M|100/100
|-ability|p2a: Incineroar|Intimidate|boost
|-unboost|p1a: Kingambit|atk|1
|-ability|p1a: Kingambit|Defiant|boost
|-boost|p1a: Kingambit|atk|2
|-unboost|p1b: Dondozo|atk|1
|switch|p1a: Rillaboom|Rillaboom, L50, M|100/100
|-fieldstart|move: Grassy Terrain|[from] ability: Grassy Surge|[of] p1a: Rillaboom
|move|p1b: Dondozo|Fissure|p2b: Hatterene|[miss]
|-miss|p1b: Dondozo|p2b: Hatterene
|move|p2b: Hatterene|Dazzling Gleam|p1b: Dondozo|[spread] p1a,p1b
|-damage|p1a: Rillaboom|66/100
|-damage|p1b: Dondozo|10/100
|
|-heal|p1a: Rillaboom|72/100|[from] Grassy Terrain
|-heal|p1b: Dondozo|17/100|[from] Grassy Terrain
|-heal|p1b: Dondozo|23/100|[from] item: Leftovers
|upkeep
|turn|4
|
|t:|1756989777
|switch|p1a: Volcarona|Volcarona, L50, M|100/100
|move|p1b: Dondozo|Protect|p1b: Dondozo
|-singleturn|p1b: Dondozo|Protect
|move|p2a: Incineroar|Fake Out|p1b: Dondozo
|-activate|p1b: Dondozo|move: Protect
|move|p2b: Hatterene|Dazzling Gleam|p1a: Volcarona|[spread] p1a
|-activate|p1b: Dondozo|move: Protect
|-resisted|p1a: Volcarona
|-damage|p1a: Volcarona|75/100
|
|-heal|p1a: Volcarona|82/100|[from] Grassy Terrain
|-heal|p1b: Dondozo|29/100|[from] Grassy Terrain
|-heal|p1b: Dondozo|35/100|[from] item: Leftovers
|upkeep
|turn|5
|inactive|spellbreakvgc has 30 seconds left.
|
|t:|1756989806
|switch|p2b: Annihilape|Annihilape, L50, M|100/100
|-terastallize|p1a: Volcarona|Fairy
|move|p1a: Volcarona|Quiver Dance|p1a: Volcarona
|-boost|p1a: Volcarona|spa|1
|-boost|p1a: Volcarona|spd|1
|-boost|p1a: Volcarona|spe|1
|move|p2a: Incineroar|Knock Off|p1a: Volcarona
|-resisted|p1a: Volcarona
|-damage|p1a: Volcarona|58/100
|-enditem|p1a: Volcarona|Covert Cloak|[from] move: Knock Off|[of] p2a: Incineroar
|move|p1b: Dondozo|Yawn|p2a: Incineroar
|-start|p2a: Incineroar|move: Yawn|[of] p1b: Dondozo
|
|-heal|p1a: Volcarona|64/100|[from] Grassy Terrain
|-heal|p1b: Dondozo|42/100|[from] Grassy Terrain
|-heal|p1b: Dondozo|48/100|[from] item: Leftovers
|upkeep
|turn|6
|inactive|spellbreakvgc has 30 seconds left.
|inactive|BANKAI_545 has 30 seconds left.
|inactive|spellbreakvgc has 20 seconds left.
|inactive|spellbreakvgc has 15 seconds left.
|inactive|spellbreakvgc has 10 seconds left.
|inactive|spellbreakvgc has 5 seconds left.
|
|t:|1756989857
|switch|p2a: Hatterene|Hatterene, L50, F|100/100
|switch|p1b: Rillaboom|Rillaboom, L50, M|72/100
|move|p1a: Volcarona|Heat Wave|p2b: Annihilape|[spread] p2a,p2b
|-damage|p2a: Hatterene|45/100
|-damage|p2b: Annihilape|65/100
|move|p2b: Annihilape|Rage Fist|p1a: Volcarona
|-damage|p1a: Volcarona|9/100
|
|-heal|p1a: Volcarona|16/100|[from] Grassy Terrain
|-heal|p2b: Annihilape|71/100|[from] Grassy Terrain
|-heal|p1b: Rillaboom|78/100|[from] Grassy Terrain
|-heal|p2a: Hatterene|51/100|[from] Grassy Terrain
|upkeep
|turn|7
|inactive|spellbreakvgc has 30 seconds left.
|inactive|BANKAI_545 has 30 seconds left.
|inactive|BANKAI_545 has 20 seconds left.
|
|t:|1756989895
|switch|p2a: Incineroar|Incineroar, L50, M|100/100
|-ability|p2a: Incineroar|Intimidate|boost
|-unboost|p1a: Volcarona|atk|1
|-unboost|p1b: Rillaboom|atk|1
|move|p1b: Rillaboom|Fake Out|p2a: Incineroar
|-damage|p2a: Incineroar|93/100
|-damage|p1b: Rillaboom|61/100|[from] item: Rocky Helmet|[of] p2a: Incineroar
|move|p1a: Volcarona|Tera Blast|p2b: Annihilape|[anim] Tera Blast Fairy
|-supereffective|p2b: Annihilape
|-damage|p2b: Annihilape|0 fnt
|faint|p2b: Annihilape
|
|-heal|p1a: Volcarona|22/100|[from] Grassy Terrain
|-heal|p1b: Rillaboom|67/100|[from] Grassy Terrain
|-heal|p2a: Incineroar|99/100|[from] Grassy Terrain
|-fieldend|move: Grassy Terrain
|upkeep
|
|t:|1756989909
|switch|p2b: Hatterene|Hatterene, L50, F|51/100
|turn|8
|inactive|spellbreakvgc has 30 seconds left.
|
|t:|1756989945
|switch|p1b: Kingambit|Kingambit, L50, M|50/100
|move|p1a: Volcarona|Heat Wave|p2b: Hatterene|[spread] p2a,p2b
|-resisted|p2a: Incineroar
|-damage|p2a: Incineroar|78/100
|-damage|p2b: Hatterene|0 fnt
|faint|p2b: Hatterene
|move|p2a: Incineroar|Flare Blitz|p1a: Volcarona
|-damage|p1a: Volcarona|0 fnt
|faint|p1a: Volcarona
|-damage|p2a: Incineroar|71/100|[from] Recoil
|
|upkeep
|
|t:|1756989956
|switch|p1a: Dondozo|Dondozo, L50, M|48/100
|turn|9
|
|t:|1756989963
|move|p1b: Kingambit|Protect|p1b: Kingambit
|-singleturn|p1b: Kingambit|Protect
|move|p2a: Incineroar|Flare Blitz|p1b: Kingambit
|-activate|p1b: Kingambit|move: Protect
|move|p1a: Dondozo|Yawn|p2a: Incineroar
|-start|p2a: Incineroar|move: Yawn|[of] p1a: Dondozo
|
|-heal|p1a: Dondozo|54/100|[from] item: Leftovers
|upkeep
|turn|10
|
|t:|1756989977
|move|p1b: Kingambit|Sucker Punch|p2a: Incineroar
|-resisted|p2a: Incineroar
|-damage|p2a: Incineroar|57/100
|-damage|p1b: Kingambit|33/100|[from] item: Rocky Helmet|[of] p2a: Incineroar
|move|p2a: Incineroar|Flare Blitz|p1b: Kingambit
|-supereffective|p1b: Kingambit
|-damage|p1b: Kingambit|0 fnt
|faint|p1b: Kingambit
|-damage|p2a: Incineroar|47/100|[from] Recoil
|move|p1a: Dondozo|Liquidation|p2a: Incineroar
|-supereffective|p2a: Incineroar
|-damage|p2a: Incineroar|1/100
|-damage|p1a: Dondozo|38/100|[from] item: Rocky Helmet|[of] p2a: Incineroar
|
|-heal|p1a: Dondozo|44/100|[from] item: Leftovers
|-end|p2a: Incineroar|move: Yawn|[silent]
|-status|p2a: Incineroar|slp
|upkeep
|
|t:|1756989994
|switch|p1b: Rillaboom|Rillaboom, L50, M|67/100
|-fieldstart|move: Grassy Terrain|[from] ability: Grassy Surge|[of] p1b: Rillaboom
|turn|11
|
|t:|1756990010
|move|p1b: Rillaboom|Grassy Glide|p2a: Incineroar
|-resisted|p2a: Incineroar
|-damage|p2a: Incineroar|0 fnt
|-damage|p1b: Rillaboom|51/100|[from] item: Rocky Helmet|[of] p2a: Incineroar
|faint|p2a: Incineroar
|
|win|spellbreakvgc
