|j|☆we_are_toasted
|j|☆baggedchikin
|html|we_are_toastedbaggedchikin    
|uhtml|bestof|Game 1 of a best-of-3
|t:|1784651400
|gametype|doubles
|player|p1|we_are_toasted|102|1337
|player|p2|baggedchikin|1|1240
|gen|9
|tier|[Gen 9 Champions] VGC 2026 Reg M-B (Bo3)
|rated|
|rule|Species Clause: Limit one of each Pokémon
|rule|Item Clause: Limit 1 of each item
|clearpoke
|poke|p1|Froslass, L50, F|
|poke|p1|Sneasler, L50, F, shiny|
|poke|p1|Lycanroc-Dusk, L50, M, shiny|
|poke|p1|Basculegion, L50, M|
|poke|p1|Kingambit, L50, M, shiny|
|poke|p1|Scovillain, L50, M, shiny|
|poke|p2|Mawile, L50, M|
|poke|p2|Farigiraf, L50, F|
|poke|p2|Torkoal, L50, M|
|poke|p2|Vivillon-Monsoon, L50, M|
|poke|p2|Incineroar, L50, M|
|poke|p2|Gallade, L50, M|
|teampreview|4
|showteam|p1|Froslass||Froslassite|CursedBody|Blizzard,ShadowBall,AuroraVeil,Protect|Timid||F|||50|]Sneasler||WhiteHerb|Unburden|FakeOut,CloseCombat,GunkShot,Protect|Adamant||F|||50|]Lycanroc-Dusk||FocusSash|ToughClaws|RockSlide,CloseCombat,Accelerock,Protect|Adamant||M|||50|]Basculegion||SitrusBerry|Adaptability|AquaJet,LastRespects,WaveCrash,Protect|Adamant||M|||50|]Kingambit||LifeOrb|Defiant|SuckerPunch,KowtowCleave,SwordsDance,Protect|Adamant||M|||50|]Scovillain||Scovillainite|Moody|GigaDrain,RagePowder,Overheat,Protect|Bold||M|||50|
|showteam|p2|Mawile||Mawilite|HyperCutter|PlayRough,SuckerPunch,RockSlide,Protect|Brave||M|||50|]Farigiraf||SitrusBerry|ArmorTail|Psychic,Thunderbolt,TrickRoom,Protect|Quiet||F|||50|]Torkoal||Charcoal|Drought|Eruption,WeatherBall,HelpingHand,Protect|Quiet||M|||50|]Vivillon-Monsoon||FocusSash|CompoundEyes|Hurricane,SleepPowder,RagePowder,Protect|Timid||M|||50|]Incineroar||LifeOrb|Intimidate|FlareBlitz,DarkestLariat,CloseCombat,FakeOut|Brave||M|||50|]Gallade||IronBall|Sharpness|SacredSword,PsychoCut,LeafBlade,TrickRoom|Brave||M|||50|
|inactive|Battle timer is ON: inactive players will automatically lose when time's up. (requested by we_are_toasted)
|inactive|we_are_toasted has 60 seconds left.
|inactive|baggedchikin has 60 seconds left.
|inactive|we_are_toasted has 30 seconds left.
|inactive|we_are_toasted has 20 seconds left.
|inactive|we_are_toasted has 15 seconds left.
|inactive|we_are_toasted has 10 seconds left.
|inactive|we_are_toasted has 5 seconds left.
|
|t:|1784651494
|teamsize|p1|4
|teamsize|p2|4
|start
|switch|p1a: Froslass|Froslass, L50, F|100/100
|switch|p1b: Sneasler|Sneasler, L50, F, shiny|100/100
|switch|p2a: Incineroar|Incineroar, L50, M|100/100
|switch|p2b: Farigiraf|Farigiraf, L50, F|100/100
|-ability|p2a: Incineroar|Intimidate|boost
|-unboost|p1a: Froslass|atk|1
|-unboost|p1b: Sneasler|atk|1
|-enditem|p1b: Sneasler|White Herb
|-clearnegativeboost|p1b: Sneasler|[silent]
|turn|1
|inactive|we_are_toasted has 30 seconds left.
|
|t:|1784651523
|switch|p1b: Basculegion|Basculegion, L50, M|100/100
|detailschange|p1a: Froslass|Froslass-Mega, L50, F
|-mega|p1a: Froslass|Froslass|Froslassite
|-weather|Snowscape|[from] ability: Snow Warning|[of] p1a: Froslass
|move|p2a: Incineroar|Fake Out|p1b: Basculegion
|-immune|p1b: Basculegion
|move|p1a: Froslass|Aurora Veil|p1a: Froslass
|-sidestart|p1: we_are_toasted|move: Aurora Veil
|move|p2b: Farigiraf|Trick Room|p2b: Farigiraf
|-fieldstart|move: Trick Room|[of] p2b: Farigiraf
|
|-weather|Snowscape|[upkeep]
|upkeep
|turn|2
|inactive|we_are_toasted has 30 seconds left.
|inactive|we_are_toasted has 20 seconds left.
|
|t:|1784651561
|switch|p1a: Sneasler|Sneasler, L50, F, shiny|100/100
|move|p2b: Farigiraf|Thunderbolt|p1b: Basculegion
|-supereffective|p1b: Basculegion|1
|-damage|p1b: Basculegion|68/100
|move|p2a: Incineroar|Darkest Lariat|p1b: Basculegion
|-supereffective|p1b: Basculegion|1
|-damage|p1b: Basculegion|0 fnt
|faint|p1b: Basculegion
|-damage|p2a: Incineroar|90/100|[from] item: Life Orb
|
|-weather|Snowscape|[upkeep]
|upkeep
|
|t:|1784651570
|switch|p1b: Lycanroc|Lycanroc-Dusk, L50, M, shiny|100/100
|turn|3
|inactive|baggedchikin has 30 seconds left.
|inactive|baggedchikin has 20 seconds left.
|inactive|baggedchikin has 15 seconds left.
|inactive|baggedchikin has 10 seconds left.
|inactive|baggedchikin has 5 seconds left.
|
|t:|1784651621
|switch|p2a: Mawile|Mawile, L50, M|100/100
|move|p1a: Sneasler|Protect|p1a: Sneasler
|-singleturn|p1a: Sneasler|Protect
|move|p1b: Lycanroc|Rock Slide|p2a: Mawile|[spread] p2b
|-miss|p1b: Lycanroc|p2a: Mawile
|-damage|p2b: Farigiraf|75/100
|move|p2b: Farigiraf|Trick Room|p2b: Farigiraf
|-fieldend|move: Trick Room
|
|-weather|Snowscape|[upkeep]
|upkeep
|turn|4
|inactive|we_are_toasted has 30 seconds left.
|inactive|baggedchikin has 30 seconds left.
|inactive|baggedchikin has 20 seconds left.
|inactive|baggedchikin has 15 seconds left.
|
|t:|1784651661
|detailschange|p2a: Mawile|Mawile-Mega, L50, M
|-mega|p2a: Mawile|Mawile|Mawilite
|move|p1b: Lycanroc|Rock Slide|p2b: Farigiraf|[spread] p2a,p2b
|-resisted|p2a: Mawile|1
|-damage|p2a: Mawile|86/100
|-damage|p2b: Farigiraf|48/100
|-enditem|p2b: Farigiraf|Sitrus Berry|[eat]
|-heal|p2b: Farigiraf|73/100|[from] item: Sitrus Berry
|move|p1a: Sneasler|Gunk Shot|p2b: Farigiraf|[miss]
|-miss|p1a: Sneasler|p2b: Farigiraf
|cant|p2a: Mawile|flinch
|cant|p2b: Farigiraf|flinch
|
|-weather|Snowscape|[upkeep]
|upkeep
|turn|5
|
|t:|1784651675
|switch|p2a: Incineroar|Incineroar, L50, M|90/100
|-ability|p2a: Incineroar|Intimidate|boost
|-unboost|p1a: Sneasler|atk|1
|-unboost|p1b: Lycanroc|atk|1
|move|p1b: Lycanroc|Rock Slide|p2b: Farigiraf|[spread] p2a,p2b
|-supereffective|p2a: Incineroar|1
|-damage|p2a: Incineroar|53/100
|-damage|p2b: Farigiraf|55/100
|move|p1a: Sneasler|Gunk Shot|p2b: Farigiraf
|-damage|p2b: Farigiraf|23/100
|-status|p2b: Farigiraf|psn
|cant|p2b: Farigiraf|flinch
|
|-weather|none
|-damage|p2b: Farigiraf|10/100 psn|[from] psn
|-sideend|p1: we_are_toasted|move: Aurora Veil
|upkeep
|turn|6
|
|t:|1784651697
|move|p2a: Incineroar|Fake Out|p1b: Lycanroc
|-resisted|p1b: Lycanroc|1
|-damage|p1b: Lycanroc|86/100
|-damage|p2a: Incineroar|43/100|[from] item: Life Orb
|cant|p1b: Lycanroc|flinch
|move|p1a: Sneasler|Close Combat|p2b: Farigiraf
|-crit|p2b: Farigiraf
|-damage|p2b: Farigiraf|0 fnt
|-unboost|p1a: Sneasler|def|1
|-unboost|p1a: Sneasler|spd|1
|faint|p2b: Farigiraf
|
|upkeep
|
|t:|1784651702
|switch|p2b: Mawile|Mawile-Mega, L50, M|86/100
|turn|7
|
|t:|1784651723
|move|p1b: Lycanroc|Rock Slide|p2b: Mawile|[spread] p2b
|-miss|p1b: Lycanroc|p2a: Incineroar
|-resisted|p2b: Mawile|1
|-damage|p2b: Mawile|77/100
|move|p1a: Sneasler|Close Combat|p2b: Mawile
|-damage|p2b: Mawile|42/100
|-unboost|p1a: Sneasler|def|1
|-unboost|p1a: Sneasler|spd|1
|move|p2a: Incineroar|Flare Blitz|p1a: Sneasler
|-damage|p1a: Sneasler|0 fnt
|faint|p1a: Sneasler
|-damage|p2a: Incineroar|13/100|[from] Recoil
|-damage|p2a: Incineroar|3/100|[from] item: Life Orb
|move|p2b: Mawile|Play Rough|p1b: Lycanroc
|-damage|p1b: Lycanroc|0 fnt
|faint|p1b: Lycanroc
|
|upkeep
|
|t:|1784651741
|switch|p1b: Froslass|Froslass-Mega, L50, F|100/100
|-weather|Snowscape|[from] ability: Snow Warning|[of] p1b: Froslass
|turn|8
|
|t:|1784651746
|switch|p2a: Torkoal|Torkoal, L50, M|100/100
|-weather|SunnyDay|[from] ability: Drought|[of] p2a: Torkoal
|move|p1b: Froslass|Blizzard|p2b: Mawile|[spread] p2a,p2b
|-resisted|p2a: Torkoal|1
|-resisted|p2b: Mawile|1
|-damage|p2a: Torkoal|74/100
|-damage|p2b: Mawile|20/100y
|move|p2b: Mawile|Play Rough|p1b: Froslass
|-damage|p1b: Froslass|0 fnt
|faint|p1b: Froslass
|
|win|baggedchikin
