|j|☆Hugebowlofzaman
|j|☆Ly_likes_Ceruledge
|html|HugebowlofzamanLy_likes_Ceruledge    
|uhtml|bestof|Game 3 of a best-of-3
|t:|1783108805
|gametype|doubles
|player|p1|Hugebowlofzaman|102|
|player|p2|Ly_likes_Ceruledge|n|
|gen|9
|tier|[Gen 9 Champions] VGC 2026 Reg M-B (Bo3)
|rule|Species Clause: Limit one of each Pokémon
|rule|Item Clause: Limit 1 of each item
|clearpoke
|poke|p1|Banette, L50, M|
|poke|p1|Dragapult, L50, F|
|poke|p1|Samurott-Hisui, L50, M|
|poke|p1|Vivillon, L50, F|
|poke|p1|Goodra-Hisui, L50, M|
|poke|p1|Kangaskhan, L50, F|
|poke|p2|Tauros-Paldea-Combat, L50, M|
|poke|p2|Aerodactyl, L50, F|
|poke|p2|Garchomp, L50, M|
|poke|p2|Kingambit, L50, M|
|poke|p2|Tsareena, L50, F|
|poke|p2|Zoroark-Hisui, L50, F|
|teampreview|4
|showteam|p1|Banette||Banettite|Insomnia|WillOWisp,Poltergeist,Disable,Protect|Adamant||M|||50|]Dragapult||SitrusBerry|ClearBody|WillOWisp,DracoMeteor,Flamethrower,Disable|Timid||F|||50|]Samurott-Hisui||FocusSash|Sharpness|SacredSword,AquaCutter,CeaselessEdge,Protect|Jolly||M|||50|]Vivillon||ChoiceScarf|CompoundEyes|SleepPowder,RagePowder,Tailwind,Uturn|Jolly||F|||50|]Goodra-Hisui||Leftovers|ShellArmor|BodyPress,Flamethrower,Shelter,DragonPulse|Modest||M|||50|]Kangaskhan||Kangaskhanite|Scrappy|FakeOut,IcePunch,DrainPunch,Protect|Adamant||F|||50|
|showteam|p2|Tauros-Paldea-Combat||MuscleBand|Intimidate|CloseCombat,HighHorsepower,RockSlide,Protect|Adamant||M|||50|]Aerodactyl||Aerodactylite|Unnerve|DualWingbeat,RockSlide,Tailwind,Protect|Jolly||F|||50|]Garchomp||LifeOrb|RoughSkin|DragonClaw,RockSlide,Earthquake,Protect|Jolly||M|||50|]Kingambit||ChopleBerry|SupremeOverlord|SuckerPunch,KowtowCleave,IronHead,Protect|Adamant||M|||50|]Tsareena||SitrusBerry|QueenlyMajesty|KnockOff,TropKick,PlayRough,Protect|Adamant||F|||50|]Zoroark-Hisui||ChoiceScarf|Illusion|Flamethrower,ShadowBall,HyperVoice,IcyWind|Timid||F|||50|
|j| purpen
|j| DinisDenis
|j| NiightFuryy
|j| LewBoiiiiiii
|
|t:|1783108855
|teamsize|p1|4
|teamsize|p2|4
|start
|switch|p1a: Samurott|Samurott-Hisui, L50, M|100/100
|switch|p1b: Dragapult|Dragapult, L50, F|100/100
|switch|p2a: Garchomp|Garchomp, L50, M|100/100
|switch|p2b: Aerodactyl|Aerodactyl, L50, F|100/100
|-ability|p2b: Aerodactyl|Unnerve
|turn|1
|
|t:|1783108875
|detailschange|p2b: Aerodactyl|Aerodactyl-Mega, L50, F
|-mega|p2b: Aerodactyl|Aerodactyl|Aerodactylite
|move|p2a: Garchomp|Shadow Ball|p1b: Dragapult
|-supereffective|p1b: Dragapult|1
|-damage|p1b: Dragapult|10/100
|-enditem|p1b: Dragapult|Sitrus Berry|[eat]
|-heal|p1b: Dragapult|35/100|[from] item: Sitrus Berry
|move|p2b: Aerodactyl|Dual Wingbeat|p1a: Samurott
|-damage|p1a: Samurott|63/100
|-damage|p1a: Samurott|27/100
|-hitcount|p1a: Samurott|2
|move|p1b: Dragapult|Will-O-Wisp|p2a: Garchomp
|-status|p2a: Garchomp|brn
|move|p1a: Samurott|Aqua Cutter|p2b: Aerodactyl
|-supereffective|p2b: Aerodactyl|1
|-damage|p2b: Aerodactyl|0 fnt
|faint|p2b: Aerodactyl
|
|-damage|p2a: Garchomp|93/100 brn|[from] brn
|upkeep
|
|t:|1783108901
|switch|p2b: Garchomp|Garchomp, L50, M|100/100
|turn|2
|c| DinisDenis|illegal
|c| DinisDenis|wtf
|c| LewBoiiiiiii|ok then
|c| DinisDenis|jk
|c| NiightFuryy|hmm i wonder which one's which
|c| purpen|Wait that took me so long to realize
|
|t:|1783108961
|switch|p1b: Goodra|Goodra-Hisui, L50, M|100/100
|move|p1a: Samurott|Protect|p1a: Samurott
|-singleturn|p1a: Samurott|Protect
|move|p2a: Garchomp|Shadow Ball|p1b: Goodra
|-damage|p1b: Goodra|74/100
|-unboost|p1b: Goodra|spd|1
|move|p2b: Garchomp|Dragon Claw|p1a: Samurott
|-activate|p1a: Samurott|move: Protect
|
|-heal|p1b: Goodra|80/100|[from] item: Leftovers
|-damage|p2a: Garchomp|87/100 brn|[from] brn
|upkeep
|turn|3
|
|t:|1783108993
|switch|p2a: Tsareena|Tsareena, L50, F|100/100
|move|p2b: Garchomp|Protect|p2b: Garchomp
|-singleturn|p2b: Garchomp|Protect
|move|p1a: Samurott|Ceaseless Edge|p2a: Tsareena
|-damage|p2a: Tsareena|60/100
|-sidestart|p2: Ly_likes_Ceruledge|Spikes
|move|p1b: Goodra|Dragon Pulse|p2b: Garchomp
|-activate|p2b: Garchomp|move: Protect
|
|-heal|p1b: Goodra|86/100|[from] item: Leftovers
|upkeep
|turn|4
|
|t:|1783109014
|move|p2a: Tsareena|Protect|p2a: Tsareena
|-singleturn|p2a: Tsareena|Protect
|move|p2b: Garchomp|Earthquake|p1b: Goodra|[spread] p1a,p1b
|-activate|p2a: Tsareena|move: Protect
|-supereffective|p1b: Goodra|1
|-damage|p1a: Samurott|0 fnt
|-damage|p1b: Goodra|2/100
|faint|p1a: Samurott
|-damage|p2b: Garchomp|90/100|[from] item: Life Orb
|move|p1b: Goodra|Shelter|p1b: Goodra
|-boost|p1b: Goodra|def|2
|
|-heal|p1b: Goodra|8/100|[from] item: Leftovers
|upkeep
|
|t:|1783109031
|switch|p1a: Dragapult|Dragapult, L50, F|35/100
|turn|5
|
|t:|1783109045
|move|p2b: Garchomp|Protect|p2b: Garchomp
|-singleturn|p2b: Garchomp|Protect
|move|p1a: Dragapult|Draco Meteor|p2b: Garchomp
|-activate|p2b: Garchomp|move: Protect
|move|p2a: Tsareena|Knock Off|p1a: Dragapult
|-supereffective|p1a: Dragapult|1
|-damage|p1a: Dragapult|0 fnt
|faint|p1a: Dragapult
|move|p1b: Goodra|Flamethrower|p2a: Tsareena
|-supereffective|p2a: Tsareena|1
|-damage|p2a: Tsareena|6/100
|-enditem|p2a: Tsareena|Sitrus Berry|[eat]
|-heal|p2a: Tsareena|30/100|[from] item: Sitrus Berry
|
|-heal|p1b: Goodra|14/100|[from] item: Leftovers
|upkeep
|
|t:|1783109057
|switch|p1a: Vivillon|Vivillon, L50, F|100/100
|turn|6
|
|t:|1783109075
|move|p1a: Vivillon|Sleep Powder|p2b: Garchomp
|-status|p2b: Garchomp|slp|[from] move: Sleep Powder
|cant|p2b: Garchomp|slp
|move|p2a: Tsareena|Play Rough|p1b: Goodra
|-damage|p1b: Goodra|1/100
|move|p1b: Goodra|Flamethrower|p2a: Tsareena
|-supereffective|p2a: Tsareena|1
|-damage|p2a: Tsareena|0 fnt
|faint|p2a: Tsareena
|
|-heal|p1b: Goodra|6/100|[from] item: Leftovers
|upkeep
|c| DinisDenis|W
|
|t:|1783109084
|switch|p2a: Garchomp|Garchomp, L50, M|87/100 brn
|-damage|p2a: Garchomp|75/100 brn|[from] Spikes
|turn|7
|c| LewBoiiiiiii|oh wow
|
|t:|1783109115
|move|p2a: Garchomp|Icy Wind|p1a: Vivillon|[spread] p1b
|-miss|p2a: Garchomp|p1a: Vivillon
|-damage|p1b: Goodra|0 fnt
|faint|p1b: Goodra
|move|p1a: Vivillon|Sleep Powder||[still]
|-fail|p1a: Vivillon
|cant|p2b: Garchomp|slp
|
|-damage|p2a: Garchomp|69/100 brn|[from] brn
|upkeep
|turn|8
|c|☆Hugebowlofzaman|yeahhh bringing no mega was a mistake lmao
|c|☆Hugebowlofzaman|ggs
|
|t:|1783109135
|move|p2a: Garchomp|Icy Wind|p1a: Vivillon
|-supereffective|p1a: Vivillon|1
|-damage|p1a: Vivillon|39/100
|-unboost|p1a: Vivillon|spe|1
|-curestatus|p2b: Garchomp|slp|[msg]
|move|p2b: Garchomp|Rock Slide|p1a: Vivillon
|-supereffective|p1a: Vivillon|2
|-damage|p1a: Vivillon|0 fnt
|faint|p1a: Vivillon
|-damage|p2b: Garchomp|80/100|[from] item: Life Orb
|
|win|Ly_likes_Ceruledge
|c|☆Ly_likes_Ceruledge|ggs
|c| DinisDenis|ggs
|l| NiightFuryy
|l| purpen
