|j|☆Camilo997
|j|☆krizmartinz
|html|Camilo997krizmartinz    
|uhtml|bestof|Game 2 of a best-of-3
|t:|1784401713
|gametype|doubles
|player|p1|Camilo997|101|
|player|p2|krizmartinz|gambler|
|gen|9
|tier|[Gen 9 Champions] VGC 2026 Reg M-B (Bo3)
|rule|Species Clause: Limit one of each Pokémon
|rule|Item Clause: Limit 1 of each item
|clearpoke
|poke|p1|Krookodile, L50, F|
|poke|p1|Rotom-Frost, L50|
|poke|p1|Meowstic-F, L50, F|
|poke|p1|Quaquaval, L50, F|
|poke|p1|Hydrapple, L50, F|
|poke|p1|Steelix, L50, M|
|poke|p2|Vaporeon, L50, M|
|poke|p2|Jolteon, L50, F|
|poke|p2|Krookodile, L50, M|
|poke|p2|Cofagrigus, L50, M|
|poke|p2|Typhlosion, L50, F|
|poke|p2|Vileplume, L50, F|
|teampreview|4
|showteam|p1|Krookodile||LifeOrb|Intimidate|Protect,Earthquake,KnockOff,GunkShot|Jolly||F|||50|]Rotom-Frost||ChoiceScarf|Levitate|Blizzard,Electroweb,VoltSwitch,Trick|Timid|||||50|]Meowstic-F||FocusSash|Competitive|Protect,FakeOut,Psychic,EnergyBall|Timid||F|||50|]Quaquaval||WhiteHerb|Moxie|Protect,AquaStep,IceSpinner,CloseCombat|Adamant||F|||50|]Hydrapple||Leftovers|StickyHold|PollenPuff,GigaDrain,FickleBeam,Protect|Quiet||F|||50|]Steelix||MetalCoat|Sturdy|WideGuard,HeavySlam,BodyPress,HighHorsepower|Brave||M|||50|
|showteam|p2|Vaporeon||Leftovers|WaterAbsorb|CalmMind,Scald,IceBeam,Detect|Modest||M|||50|]Jolteon||FocusSash|VoltAbsorb|Charm,Electroweb,SunnyDay,Thunderbolt|Modest||F|||50|]Krookodile||RoseliBerry|Intimidate|HighHorsepower,KnockOff,Taunt,Protect|Adamant||M|||50|]Cofagrigus||SitrusBerry|Mummy|Hex,WillOWisp,BodyPress,TrickRoom|Relaxed||M|||50|]Typhlosion||Charcoal|FlashFire|Eruption,HeatWave,Protect,SolarBeam|Modest||F|||50|]Vileplume||LifeOrb|Chlorophyll|GigaDrain,StrengthSap,PollenPuff,SludgeBomb|Modest||F|||50|
|
|t:|1784401744
|teamsize|p1|4
|teamsize|p2|4
|start
|switch|p1a: Meowstic|Meowstic-F, L50, F|100/100
|switch|p1b: Quaquaval|Quaquaval, L50, F|100/100
|switch|p2a: Jolteon|Jolteon, L50, F|100/100
|switch|p2b: Typhlosion|Typhlosion, L50, F|100/100
|turn|1
|
|t:|1784401771
|switch|p2a: Vileplume|Vileplume, L50, F|100/100
|move|p2b: Typhlosion|Protect|p2b: Typhlosion
|-singleturn|p2b: Typhlosion|Protect
|move|p1a: Meowstic|Fake Out|p2a: Vileplume
|-damage|p2a: Vileplume|94/100
|move|p1b: Quaquaval|Aqua Step|p1a: Meowstic
|-damage|p1a: Meowstic|47/100
|-boost|p1b: Quaquaval|spe|1
|
|upkeep
|turn|2
|
|t:|1784401800
|switch|p2b: Vaporeon|Vaporeon, L50, M|100/100
|move|p1b: Quaquaval|Protect|p1b: Quaquaval
|-singleturn|p1b: Quaquaval|Protect
|move|p1a: Meowstic|Psychic|p2a: Vileplume
|-supereffective|p2a: Vileplume|1
|-damage|p2a: Vileplume|29/100
|move|p2a: Vileplume|Strength Sap|p1b: Quaquaval
|-activate|p1b: Quaquaval|move: Protect
|
|upkeep
|turn|3
|
|t:|1784401825
|move|p1b: Quaquaval|Aqua Step|p2a: Vileplume
|-resisted|p2a: Vileplume|1
|-damage|p2a: Vileplume|7/100
|-boost|p1b: Quaquaval|spe|1
|move|p1a: Meowstic|Energy Ball|p2b: Vaporeon
|-supereffective|p2b: Vaporeon|1
|-damage|p2b: Vaporeon|65/100
|move|p2b: Vaporeon|Calm Mind|p2b: Vaporeon
|-boost|p2b: Vaporeon|spa|1
|-boost|p2b: Vaporeon|spd|1
|move|p2a: Vileplume|Strength Sap|p1b: Quaquaval
|-unboost|p1b: Quaquaval|atk|1
|-heal|p2a: Vileplume|100/100
|-enditem|p1b: Quaquaval|White Herb
|-clearnegativeboost|p1b: Quaquaval|[silent]
|
|-heal|p2b: Vaporeon|71/100|[from] item: Leftovers
|upkeep
|turn|4
|
|t:|1784401852
|move|p1b: Quaquaval|Ice Spinner|p2a: Vileplume
|-supereffective|p2a: Vileplume|1
|-damage|p2a: Vileplume|37/100
|move|p1a: Meowstic|Psychic|p2a: Vileplume
|-supereffective|p2a: Vileplume|1
|-damage|p2a: Vileplume|0 fnt
|faint|p2a: Vileplume
|move|p2b: Vaporeon|Scald|p1b: Quaquaval
|-resisted|p1b: Quaquaval|1
|-damage|p1b: Quaquaval|69/100
|
|-heal|p2b: Vaporeon|77/100|[from] item: Leftovers
|upkeep
|
|t:|1784401865
|switch|p2a: Jolteon|Jolteon, L50, F|100/100
|turn|5
|
|t:|1784401878
|move|p1b: Quaquaval|Close Combat|p2a: Jolteon
|-enditem|p2a: Jolteon|Focus Sash
|-damage|p2a: Jolteon|1/100
|-unboost|p1b: Quaquaval|def|1
|-unboost|p1b: Quaquaval|spd|1
|move|p2a: Jolteon|Charm|p1b: Quaquaval
|-unboost|p1b: Quaquaval|atk|2
|move|p1a: Meowstic|Energy Ball|p2b: Vaporeon
|-supereffective|p2b: Vaporeon|1
|-damage|p2b: Vaporeon|52/100
|move|p2b: Vaporeon|Scald|p1a: Meowstic
|-damage|p1a: Meowstic|0 fnt
|faint|p1a: Meowstic
|
|-heal|p2b: Vaporeon|58/100|[from] item: Leftovers
|upkeep
|
|t:|1784401893
|switch|p1a: Rotom|Rotom-Frost, L50|100/100
|turn|6
|
|t:|1784401910
|move|p1b: Quaquaval|Aqua Step|p2a: Jolteon
|-damage|p2a: Jolteon|0 fnt
|-boost|p1b: Quaquaval|spe|1
|faint|p2a: Jolteon
|-ability|p1b: Quaquaval|Moxie|boost
|-boost|p1b: Quaquaval|atk|1
|move|p1a: Rotom|Electroweb|p2b: Vaporeon
|-supereffective|p2b: Vaporeon|1
|-damage|p2b: Vaporeon|29/100
|-unboost|p2b: Vaporeon|spe|1
|move|p2b: Vaporeon|Scald|p1a: Rotom
|-damage|p1a: Rotom|26/100
|-status|p1a: Rotom|brn
|
|-heal|p2b: Vaporeon|35/100|[from] item: Leftovers
|-damage|p1a: Rotom|20/100y brn|[from] brn
|upkeep
|
|t:|1784401933
|switch|p2a: Typhlosion|Typhlosion, L50, F|100/100
|turn|7
|
|t:|1784401941
|switch|p1b: Hydrapple|Hydrapple, L50, F|100/100
|move|p2a: Typhlosion|Protect|p2a: Typhlosion
|-singleturn|p2a: Typhlosion|Protect
|move|p1a: Rotom|Electroweb|p2a: Typhlosion|[spread] p2b
|-activate|p2a: Typhlosion|move: Protect
|-supereffective|p2b: Vaporeon|1
|-damage|p2b: Vaporeon|16/100
|-unboost|p2b: Vaporeon|spe|1
|move|p2b: Vaporeon|Scald|p1b: Hydrapple
|-resisted|p1b: Hydrapple|2
|-damage|p1b: Hydrapple|87/100
|
|-heal|p1b: Hydrapple|93/100|[from] item: Leftovers
|-heal|p2b: Vaporeon|22/100|[from] item: Leftovers
|-damage|p1a: Rotom|14/100 brn|[from] brn
|upkeep
|turn|8
|
|t:|1784401970
|move|p2b: Vaporeon|Detect|p2b: Vaporeon
|-singleturn|p2b: Vaporeon|Protect
|move|p1a: Rotom|Electroweb|p2b: Vaporeon|[spread] p2a
|-activate|p2b: Vaporeon|move: Protect
|-damage|p2a: Typhlosion|76/100
|-unboost|p2a: Typhlosion|spe|1
|move|p2a: Typhlosion|Eruption|p1b: Hydrapple|[spread] p1a,p1b
|-supereffective|p1a: Rotom|1
|-damage|p1a: Rotom|0 fnt
|-damage|p1b: Hydrapple|47/100
|faint|p1a: Rotom
|move|p1b: Hydrapple|Giga Drain|p2b: Vaporeon
|-activate|p2b: Vaporeon|move: Protect
|
|-heal|p1b: Hydrapple|53/100|[from] item: Leftovers
|-heal|p2b: Vaporeon|28/100|[from] item: Leftovers
|upkeep
|
|t:|1784401973
|switch|p1a: Quaquaval|Quaquaval, L50, F|69/100
|turn|9
|
|t:|1784402018
|move|p1a: Quaquaval|Close Combat|p2b: Vaporeon
|-damage|p2b: Vaporeon|0 fnt
|-unboost|p1a: Quaquaval|def|1
|-unboost|p1a: Quaquaval|spd|1
|faint|p2b: Vaporeon
|-ability|p1a: Quaquaval|Moxie|boost
|-boost|p1a: Quaquaval|atk|1
|move|p2a: Typhlosion|Heat Wave|p1b: Hydrapple|[spread] p1a,p1b
|-resisted|p1a: Quaquaval|1
|-damage|p1a: Quaquaval|24/100
|-damage|p1b: Hydrapple|16/100
|move|p1b: Hydrapple|Fickle Beam|p2a: Typhlosion|[anim] Fickle Beam All Out
|-activate|p1b: Hydrapple|move: Fickle Beam
|-damage|p2a: Typhlosion|0 fnt
|faint|p2a: Typhlosion
|
|win|Camilo997
|inactive|Camilo997 has 30 seconds to confirm battle start!
|inactive|krizmartinz has 30 seconds to confirm battle start!
||Camilo997 is ready for game 3.
||krizmartinz is ready for game 3.
|uhtml|next|Next: Game 3 of 3
|l|☆krizmartinz
|player|p2|
