|j|☆TheMochiMan
|j|☆Blitzball Ace
|html|TheMochiManBlitzball Ace    
|uhtml|bestof|Game 2 of a best-of-3
|t:|1757207824
|gametype|doubles
|player|p1|TheMochiMan|doctor|1435
|player|p2|Blitzball Ace|kamado-armor|1295
|gen|9
|tier|[Gen 9] VGC 2025 Reg H (Bo3)
|rated|
|rule|Species Clause: Limit one of each Pokémon
|rule|Item Clause: Limit 1 of each item
|clearpoke
|poke|p1|Ursaluna, L50, F|
|poke|p1|Jumpluff, L50, M|
|poke|p1|Charizard, L50, M|
|poke|p1|Torkoal, L50, F|
|poke|p1|Incineroar, L50, M|
|poke|p1|Porygon2, L50|
|poke|p2|Porygon2, L50|
|poke|p2|Incineroar, L50, F|
|poke|p2|Ursaluna, L50, F|
|poke|p2|Amoonguss, L50, F|
|poke|p2|Gholdengo, L50|
|poke|p2|Dragonite, L50, F|
|teampreview|4
|showteam|p1|Ursaluna||FlameOrb|Guts|HeadlongRush,Facade,Earthquake,Protect|||F|||50|,,,,,Ghost]Jumpluff||CovertCloak|Chlorophyll|SleepPowder,SunnyDay,Tailwind,RagePowder|||M|||50|,,,,,Water]Charizard||ChoiceSpecs|SolarPower|AirSlash,HeatWave,Overheat,WeatherBall|||M|||50|,,,,,Ghost]Torkoal||EjectPack|Drought|HelpingHand,Eruption,Overheat,Protect|||F|||50|,,,,,Fire]Incineroar||SitrusBerry|Intimidate|FlareBlitz,KnockOff,PartingShot,FakeOut|||M|||50|,,,,,Ghost]Porygon2||Eviolite|Download|TeraBlast,IceBeam,Recover,TrickRoom||||||50|,,,,,Fighting
|showteam|p2|Porygon2||Eviolite|Download|TeraBlast,IceBeam,Recover,TrickRoom||||||50|,,,,,Fighting]Incineroar||SafetyGoggles|Intimidate|FakeOut,KnockOff,FlareBlitz,PartingShot|||F|||50|,,,,,Ghost]Ursaluna||FlameOrb|Guts|HeadlongRush,Facade,Earthquake,Protect|||F|||50|,,,,,Ghost]Amoonguss||SitrusBerry|Regenerator|PollenPuff,Spore,RagePowder,Protect|||F|||50|,,,,,Water]Gholdengo||LifeOrb|GoodasGold|MakeItRain,ShadowBall,NastyPlot,Protect||||||50|,,,,,Dragon]Dragonite||LoadedDice|Multiscale|ScaleShot,Haze,Tailwind,Protect|||F|||50|,,,,,Steel
|
|t:|1757207849
|teamsize|p1|4
|teamsize|p2|4
|start
|switch|p1a: Slow and steady|Torkoal, L50, F|100/100
|switch|p1b: Gainesville|Charizard, L50, M|100/100
|switch|p2a: Ursaluna|Ursaluna, L50, F|100/100
|switch|p2b: Porygon2|Porygon2, L50, shiny|100/100
|-ability|p2b: Porygon2|Download|boost
|-boost|p2b: Porygon2|spa|1
|-weather|SunnyDay|[from] ability: Drought|[of] p1a: Slow and steady
|turn|1
|
|t:|1757207883
|switch|p2a: Incineroar|Incineroar, L50, F, shiny|100/100
|-ability|p2a: Incineroar|Intimidate|boost
|-unboost|p1a: Slow and steady|atk|1
|-unboost|p1b: Gainesville|atk|1
|-enditem|p1a: Slow and steady|Eject Pack
|
|t:|1757207890
|switch|p1a: Brown bear|Ursaluna, L50, F|100/100
|move|p1b: Gainesville|Heat Wave|p2a: Incineroar|[spread] p2b
|-miss|p1b: Gainesville|p2a: Incineroar
|-damage|p2b: Porygon2|38/100
|move|p2b: Porygon2|Trick Room|p2b: Porygon2
|-fieldstart|move: Trick Room|[of] p2b: Porygon2
|
|-weather|SunnyDay|[upkeep]
|-damage|p1b: Gainesville|88/100|[from] ability: Solar Power|[of] p1b: Gainesville
|-status|p1a: Brown bear|brn|[from] item: Flame Orb
|upkeep
|turn|2
|
|t:|1757207930
|-terastallize|p2a: Incineroar|Ghost
|move|p2b: Porygon2|Recover|p2b: Porygon2
|-heal|p2b: Porygon2|88/100
|move|p1a: Brown bear|Earthquake|p2a: Incineroar|[spread] p2a,p2b
|-immune|p1b: Gainesville
|-damage|p2a: Incineroar|35/100
|-damage|p2b: Porygon2|43/100
|move|p2a: Incineroar|Parting Shot|p1a: Brown bear
|-unboost|p1a: Brown bear|atk|1
|-unboost|p1a: Brown bear|spa|1
|
|t:|1757207943
|switch|p2a: Ursaluna|Ursaluna, L50, F|100/100|[from] Parting Shot
|move|p1b: Gainesville|Heat Wave|p2a: Ursaluna|[spread] p2a,p2b
|-damage|p2a: Ursaluna|0 fnt
|-damage|p2b: Porygon2|0 fnt
|faint|p2a: Ursaluna
|faint|p2b: Porygon2
|
|-weather|SunnyDay|[upkeep]
|-damage|p1b: Gainesville|76/100|[from] ability: Solar Power|[of] p1b: Gainesville
|-damage|p1a: Brown bear|95/100 brn|[from] brn
|upkeep
|
|t:|1757207953
|switch|p2b: Incineroar|Incineroar, L50, F, shiny, tera:Ghost|35/100
|switch|p2a: Amoonguss|Amoonguss, L50, F, shiny|100/100
|-ability|p2b: Incineroar|Intimidate|boost
|-unboost|p1a: Brown bear|atk|1
|-unboost|p1b: Gainesville|atk|1
|turn|3
|
|t:|1757207963
|switch|p1b: Dandelion|Jumpluff, L50, M|100/100
|move|p2b: Incineroar|Fake Out|p1a: Brown bear
|-damage|p1a: Brown bear|84/100 brn
|move|p2a: Amoonguss|Spore|p1b: Dandelion
|-immune|p1b: Dandelion
|cant|p1a: Brown bear|flinch
|
|-weather|SunnyDay|[upkeep]
|-damage|p1a: Brown bear|78/100 brn|[from] brn
|upkeep
|turn|4
|
|t:|1757207978
|switch|p1b: Gainesville|Charizard, L50, M|76/100
|move|p2a: Amoonguss|Pollen Puff|p2b: Incineroar
|-heal|p2b: Incineroar|85/100
|move|p1a: Brown bear|Earthquake|p2a: Amoonguss|[spread] p2a,p2b
|-immune|p1b: Gainesville
|-crit|p2a: Amoonguss
|-damage|p2a: Amoonguss|23/100
|-damage|p2b: Incineroar|50/100
|-enditem|p2a: Amoonguss|Sitrus Berry|[eat]
|-heal|p2a: Amoonguss|48/100|[from] item: Sitrus Berry
|move|p2b: Incineroar|Flare Blitz|p1a: Brown bear
|-damage|p1a: Brown bear|9/100 brn
|-damage|p2b: Incineroar|24/100|[from] Recoil
|
|-weather|SunnyDay|[upkeep]
|-damage|p1b: Gainesville|63/100|[from] ability: Solar Power|[of] p1b: Gainesville
|-damage|p1a: Brown bear|3/100 brn|[from] brn
|upkeep
|turn|5
|
|t:|1757208004
|switch|p1b: Dandelion|Jumpluff, L50, M|100/100
|move|p2a: Amoonguss|Pollen Puff|p1a: Brown bear
|-damage|p1a: Brown bear|0 fnt
|faint|p1a: Brown bear
|move|p2b: Incineroar|Knock Off|p1b: Dandelion
|-damage|p1b: Dandelion|47/100
|-enditem|p1b: Dandelion|Covert Cloak|[from] move: Knock Off|[of] p2b: Incineroar
|
|-weather|none
|-fieldend|move: Trick Room
|upkeep
|
|t:|1757208013
|switch|p1a: Gainesville|Charizard, L50, M|63/100
|turn|6
|
|t:|1757208037
|move|p2a: Amoonguss|Protect|p2a: Amoonguss
|-singleturn|p2a: Amoonguss|Protect
|move|p1b: Dandelion|Sunny Day|p1b: Dandelion
|-weather|SunnyDay
|move|p1a: Gainesville|Weather Ball|p2b: Incineroar
|-damage|p2b: Incineroar|0 fnt
|faint|p2b: Incineroar
|
|-weather|SunnyDay|[upkeep]
|-damage|p1a: Gainesville|51/100|[from] ability: Solar Power|[of] p1a: Gainesville
|upkeep
|turn|7
|
|t:|1757208047
|move|p1b: Dandelion|Tailwind|p1b: Dandelion
|-sidestart|p1: TheMochiMan|move: Tailwind
|move|p1a: Gainesville|Weather Ball|p2a: Amoonguss
|-supereffective|p2a: Amoonguss
|-damage|p2a: Amoonguss|0 fnt
|faint|p2a: Amoonguss
|
|win|TheMochiMan
