|j|☆marcosdeltasena31
|j|☆abadanriyi92
|html|marcosdeltasena31abadanriyi92    
|uhtml|bestof|Game 2 of a best-of-3
|t:|1785886124
|gametype|doubles
|player|p1|marcosdeltasena31|hilbert|1335
|player|p2|abadanriyi92|colress|1301
|gen|9
|tier|[Gen 9 Champions] VGC 2026 Reg M-B (Bo3)
|rated|
|rule|Species Clause: Limit one of each Pokémon
|rule|Item Clause: Limit 1 of each item
|clearpoke
|poke|p1|Staraptor, L50, M|
|poke|p1|Delphox, L50, M|
|poke|p1|Whimsicott, L50, M|
|poke|p1|Glimmora, L50, M|
|poke|p1|Garchomp, L50, M|
|poke|p1|Kingambit, L50, M|
|poke|p2|Tyranitar, L50, F|
|poke|p2|Excadrill, L50, M|
|poke|p2|Milotic, L50, M|
|poke|p2|Sinistcha, L50|
|poke|p2|Staraptor, L50, M|
|poke|p2|Gholdengo, L50|
|teampreview|4
|showteam|p1|Staraptor||Staraptite|Intimidate|Protect,Roost,CloseCombat,BraveBird|Jolly||M|||50|]Delphox||Delphoxite|Blaze|Protect,Psychic,HeatWave,Substitute|Timid||M|||50|]Whimsicott||OccaBerry|Prankster|Moonblast,Tailwind,Charm,LightScreen|Timid||M|||50|]Glimmora||FocusSash|ToxicDebris|SpikyShield,SludgeBomb,EarthPower,PowerGem|Timid||M|||50|]Garchomp||LifeOrb|RoughSkin|Protect,RockSlide,Earthquake,DragonClaw|Jolly||M|||50|]Kingambit||ChopleBerry|Defiant|SuckerPunch,LowKick,IronHead,KowtowCleave|Adamant||M|||50|
|showteam|p2|Tyranitar||Tyranitarite|SandStream|KnockOff,RockSlide,HighHorsepower,Protect|Jolly||F|||50|]Excadrill||FocusSash|SandRush|Earthquake,IronHead,RockSlide,Protect|Adamant||M|||50|]Milotic||SitrusBerry|Competitive|Scald,IcyWind,Haze,Protect|Calm||M|||50|]Sinistcha||ColburBerry|Hospitality|MatchaGotcha,ShadowBall,Protect,RagePowder|Bold|||||50|]Staraptor||Staraptite|Intimidate|CloseCombat,BraveBird,Tailwind,Protect|Jolly||M|||50|]Gholdengo||LifeOrb|GoodasGold|MakeItRain,ShadowBall,NastyPlot,Protect|Modest|||||50|
|
|t:|1785886145
|teamsize|p1|4
|teamsize|p2|4
|start
|switch|p1a: Staraptor|Staraptor, L50, M|100/100
|switch|p1b: Whimsicott|Whimsicott, L50, M|100/100
|switch|p2a: Staraptor|Staraptor, L50, M|100/100
|switch|p2b: Milotic|Milotic, L50, M|100/100
|-ability|p1a: Staraptor|Intimidate|boost
|-unboost|p2a: Staraptor|atk|1
|-unboost|p2b: Milotic|atk|1
|-ability|p2b: Milotic|Competitive|boost
|-boost|p2b: Milotic|spa|2
|-ability|p2a: Staraptor|Intimidate|boost
|-unboost|p1a: Staraptor|atk|1
|-unboost|p1b: Whimsicott|atk|1
|turn|1
|
|t:|1785886165
|move|p1a: Staraptor|Protect|p1a: Staraptor
|-singleturn|p1a: Staraptor|Protect
|move|p2b: Milotic|Protect|p2b: Milotic
|-singleturn|p2b: Milotic|Protect
|move|p2a: Staraptor|Tailwind|p2a: Staraptor
|-sidestart|p2: abadanriyi92|move: Tailwind
|move|p1b: Whimsicott|Moonblast|p2b: Milotic
|-activate|p2b: Milotic|move: Protect
|
|upkeep
|turn|2
|
|t:|1785886189
|switch|p2b: Sinistcha|Sinistcha, L50|100/100
|detailschange|p1a: Staraptor|Staraptor-Mega, L50, M
|-mega|p1a: Staraptor|Staraptor|Staraptite
|move|p2a: Staraptor|Protect|p2a: Staraptor
|-singleturn|p2a: Staraptor|Protect
|move|p1b: Whimsicott|Tailwind|p1b: Whimsicott
|-sidestart|p1: marcosdeltasena31|move: Tailwind
|move|p1a: Staraptor|Close Combat|p2b: Sinistcha
|-immune|p2b: Sinistcha
|
|upkeep
|turn|3
|
|t:|1785886220
|switch|p2b: Tyranitar|Tyranitar, L50, F|100/100
|-weather|Sandstorm|[from] ability: Sand Stream|[of] p2b: Tyranitar
|detailschange|p2a: Staraptor|Staraptor-Mega, L50, M
|-mega|p2a: Staraptor|Staraptor|Staraptite
|move|p1b: Whimsicott|Charm|p1a: Staraptor
|-boost|p1a: Staraptor|atk|2
|move|p2a: Staraptor|Brave Bird|p1a: Staraptor
|-supereffective|p1a: Staraptor|1
|-damage|p1a: Staraptor|30/100
|-damage|p2a: Staraptor|76/100|[from] Recoil
|move|p1a: Staraptor|Brave Bird|p2b: Tyranitar
|-resisted|p2b: Tyranitar|1
|-crit|p2b: Tyranitar
|-damage|p2b: Tyranitar|42/100
|-damage|p1a: Staraptor|10/100|[from] Recoil
|
|-weather|Sandstorm|[upkeep]
|-damage|p1a: Staraptor|4/100|[from] Sandstorm
|-damage|p2a: Staraptor|70/100|[from] Sandstorm
|-damage|p1b: Whimsicott|93/100|[from] Sandstorm
|upkeep
|turn|4
|
|t:|1785886246
|switch|p1a: Garchomp|Garchomp, L50, M|100/100
|switch|p2b: Sinistcha|Sinistcha, L50|100/100
|-heal|p2a: Staraptor|95/100|[from] ability: Hospitality|[of] p2b: Sinistcha
|move|p2a: Staraptor|Protect|p2a: Staraptor
|-singleturn|p2a: Staraptor|Protect
|move|p1b: Whimsicott|Moonblast|p2a: Staraptor
|-activate|p2a: Staraptor|move: Protect
|
|-weather|Sandstorm|[upkeep]
|-damage|p2a: Staraptor|89/100|[from] Sandstorm
|-damage|p1b: Whimsicott|87/100|[from] Sandstorm
|-damage|p2b: Sinistcha|94/100|[from] Sandstorm
|-sideend|p2: abadanriyi92|move: Tailwind
|upkeep
|turn|5
|
|t:|1785886270
|move|p2b: Sinistcha|Rage Powder|p2b: Sinistcha
|-singleturn|p2b: Sinistcha|move: Rage Powder
|move|p1a: Garchomp|Rock Slide|p2b: Sinistcha|[spread] p2a,p2b
|-damage|p2a: Staraptor|65/100
|-damage|p2b: Sinistcha|74/100
|-damage|p1a: Garchomp|90/100|[from] item: Life Orb
|move|p1b: Whimsicott|Moonblast|p2a: Staraptor
|-supereffective|p2a: Staraptor|1
|-damage|p2a: Staraptor|10/100
|cant|p2a: Staraptor|flinch
|
|-weather|Sandstorm|[upkeep]
|-damage|p1b: Whimsicott|81/100|[from] Sandstorm
|-damage|p2a: Staraptor|4/100|[from] Sandstorm
|-damage|p2b: Sinistcha|68/100|[from] Sandstorm
|-sideend|p1: marcosdeltasena31|move: Tailwind
|upkeep
|turn|6
|
|t:|1785886285
|switch|p2a: Milotic|Milotic, L50, M|100/100
|move|p1a: Garchomp|Rock Slide|p2b: Sinistcha|[spread] p2a,p2b
|-damage|p2a: Milotic|77/100
|-damage|p2b: Sinistcha|46/100
|-damage|p1a: Garchomp|80/100|[from] item: Life Orb
|move|p1b: Whimsicott|Moonblast|p2b: Sinistcha
|-damage|p2b: Sinistcha|19/100
|move|p2b: Sinistcha|Matcha Gotcha|p1a: Garchomp|[spread] p1a,p1b
|-resisted|p1b: Whimsicott|1
|-damage|p1a: Garchomp|53/100
|-heal|p2b: Sinistcha|33/100|[from] drain|[of] p1a: Garchomp
|-damage|p1b: Whimsicott|65/100
|-heal|p2b: Sinistcha|41/100|[from] drain|[of] p1b: Whimsicott
|
|-weather|Sandstorm|[upkeep]
|-damage|p1b: Whimsicott|59/100|[from] Sandstorm
|-damage|p2a: Milotic|71/100|[from] Sandstorm
|-damage|p2b: Sinistcha|35/100|[from] Sandstorm
|upkeep
|turn|7
|
|t:|1785886306
|move|p2b: Sinistcha|Protect|p2b: Sinistcha
|-singleturn|p2b: Sinistcha|Protect
|move|p1a: Garchomp|Earthquake|p2b: Sinistcha|[spread] p1b,p2a
|-activate|p2b: Sinistcha|move: Protect
|-resisted|p1b: Whimsicott|1
|-crit|p2a: Milotic
|-damage|p1b: Whimsicott|36/100
|-damage|p2a: Milotic|5/100
|-enditem|p2a: Milotic|Sitrus Berry|[eat]
|-heal|p2a: Milotic|30/100|[from] item: Sitrus Berry
|-damage|p1a: Garchomp|43/100|[from] item: Life Orb
|move|p1b: Whimsicott|Moonblast|p2b: Sinistcha
|-activate|p2b: Sinistcha|move: Protect
|move|p2a: Milotic|Icy Wind|p1b: Whimsicott|[spread] p1a,p1b
|-supereffective|p1a: Garchomp|2
|-supereffective|p1b: Whimsicott|1
|-damage|p1a: Garchomp|0 fnt
|-damage|p1b: Whimsicott|9/100
|-unboost|p1b: Whimsicott|spe|1
|faint|p1a: Garchomp
|
|-weather|none
|upkeep
|
|t:|1785886314
|switch|p1a: Kingambit|Kingambit, L50, M|100/100
|turn|8
|c|☆abadanriyi92|come on 2 crits lol
|
|t:|1785886344
|switch|p2b: Tyranitar|Tyranitar, L50, F|42/100
|-weather|Sandstorm|[from] ability: Sand Stream|[of] p2b: Tyranitar
|move|p2a: Milotic|Protect|p2a: Milotic
|-singleturn|p2a: Milotic|Protect
|move|p1b: Whimsicott|Tailwind|p1b: Whimsicott
|-sidestart|p1: marcosdeltasena31|move: Tailwind
|move|p1a: Kingambit|Kowtow Cleave|p2b: Tyranitar
|-resisted|p2b: Tyranitar|1
|-damage|p2b: Tyranitar|21/100
|
|-weather|Sandstorm|[upkeep]
|-damage|p1b: Whimsicott|3/100|[from] Sandstorm
|-damage|p2a: Milotic|24/100|[from] Sandstorm
|upkeep
|turn|9
|
|t:|1785886363
|switch|p2a: Sinistcha|Sinistcha, L50|35/100
|-heal|p2b: Tyranitar|46/100|[from] ability: Hospitality|[of] p2a: Sinistcha
|move|p2b: Tyranitar|Protect|p2b: Tyranitar
|-singleturn|p2b: Tyranitar|Protect
|move|p1b: Whimsicott|Moonblast|p2b: Tyranitar
|-activate|p2b: Tyranitar|move: Protect
|move|p1a: Kingambit|Kowtow Cleave|p2a: Sinistcha
|-supereffective|p2a: Sinistcha|1
|-enditem|p2a: Sinistcha|Colbur Berry|[eat]
|-enditem|p2a: Sinistcha|Colbur Berry|[weaken]
|-damage|p2a: Sinistcha|0 fnt
|faint|p2a: Sinistcha
|
|-weather|Sandstorm|[upkeep]
|-damage|p1b: Whimsicott|0 fnt|[from] Sandstorm
|faint|p1b: Whimsicott
|upkeep
|
|t:|1785886410
|switch|p1b: Staraptor|Staraptor-Mega, L50, M|4/100
|switch|p2a: Staraptor|Staraptor-Mega, L50, M|4/100
|turn|10
|
|t:|1785886422
|switch|p2a: Milotic|Milotic, L50, M|24/100
|move|p2b: Tyranitar|Protect|p2b: Tyranitar
|-singleturn|p2b: Tyranitar|Protect
|move|p1a: Kingambit|Sucker Punch||[still]
|-fail|p1a: Kingambit
|move|p1b: Staraptor|Roost|p1b: Staraptor
|-heal|p1b: Staraptor|55/100
|-singleturn|p1b: Staraptor|move: Roost
|
|-weather|Sandstorm|[upkeep]
|-damage|p1b: Staraptor|49/100|[from] Sandstorm
|-damage|p2a: Milotic|18/100|[from] Sandstorm
|upkeep
|turn|11
|
|t:|1785886451
|move|p1b: Staraptor|Close Combat|p2b: Tyranitar
|-supereffective|p2b: Tyranitar|2
|-damage|p2b: Tyranitar|0 fnt
|-boost|p1b: Staraptor|def|1
|-boost|p1b: Staraptor|spd|1
|faint|p2b: Tyranitar
|move|p1a: Kingambit|Kowtow Cleave|p2a: Milotic
|-damage|p2a: Milotic|0 fnt
|faint|p2a: Milotic
|
|-weather|Sandstorm|[upkeep]
|-damage|p1b: Staraptor|43/100|[from] Sandstorm
|-sideend|p1: marcosdeltasena31|move: Tailwind
|upkeep
|
|t:|1785886467
|switch|p2b: Staraptor|Staraptor-Mega, L50, M|4/100
|turn|12
|
|t:|1785886476
|move|p1a: Kingambit|Sucker Punch|p2b: Staraptor
|-resisted|p2b: Staraptor|1
|-damage|p2b: Staraptor|0 fnt
|faint|p2b: Staraptor
|
|win|marcosdeltasena31
|raw|marcosdeltasena31's rating: 1335 → 1353(+18 for winning)
|raw|abadanriyi92's rating: 1301 → 1283(-18 for losing)
