|j|☆Elbovino
|j|☆ILoveMIR
|html|ElbovinoILoveMIR    
|uhtml|bestof|Game 2 of a best-of-3
|t:|1783627480
|gametype|doubles
|player|p1|Elbovino|266|1283
|player|p2|ILoveMIR|shauntal|1476
|gen|9
|tier|[Gen 9 Champions] VGC 2026 Reg M-B (Bo3)
|rated|
|rule|Species Clause: Limit one of each Pokémon
|rule|Item Clause: Limit 1 of each item
|clearpoke
|poke|p1|Kingambit, L50, M|
|poke|p1|Charizard, L50, M|
|poke|p1|Aerodactyl, L50, M|
|poke|p1|Farigiraf, L50, M|
|poke|p1|Garchomp, L50, F|
|poke|p1|Sylveon, L50, F|
|poke|p2|Blaziken, L50, F|
|poke|p2|Basculegion, L50, M|
|poke|p2|Kingambit, L50, M|
|poke|p2|Ninetales-Alola, L50, F|
|poke|p2|Tsareena, L50, F|
|poke|p2|Talonflame, L50, M|
|teampreview|4
|showteam|p1|Kingambit||FocusSash|Defiant|KowtowCleave,IronHead,SuckerPunch,LowKick|Adamant||M|||50|]Charizard||CharizarditeY|Blaze|HeatWave,SolarBeam,WeatherBall,Protect|Modest||M|||50|]Aerodactyl||Aerodactylite|Unnerve|RockSlide,DualWingbeat,IceFang,Tailwind|Jolly||M|||50|]Farigiraf||SitrusBerry|ArmorTail|Psychic,Thunderbolt,TrickRoom,Protect|Bold||M|||50|]Garchomp||LifeOrb|RoughSkin|Earthquake,DragonClaw,StompingTantrum,Protect|Jolly||F|||50|]Sylveon||FairyFeather|Pixilate|HyperVoice,HyperBeam,QuickAttack,Protect|Modest||F|||50|
|showteam|p2|Blaziken||Blazikenite|SpeedBoost|FlareBlitz,CloseCombat,RockSlide,Protect|Adamant||F|||50|]Basculegion||MysticWater|Adaptability|WaveCrash,LastRespects,AquaJet,Protect|Adamant||M|||50|]Kingambit||LifeOrb|Defiant|SuckerPunch,KowtowCleave,IronHead,Protect|Adamant||M|||50|]Ninetales-Alola||NeverMeltIce|SnowWarning|Blizzard,FreezeDry,Encore,Protect|Timid||F|||50|]Tsareena||WideLens|QueenlyMajesty|PowerWhip,TripleAxel,LowKick,Taunt|Adamant||F|||50|]Talonflame|||GaleWings|Acrobatics,WillOWisp,Tailwind,Protect|Jolly||M|||50|
|inactive|Battle timer is ON: inactive players will automatically lose when time's up. (requested by ILoveMIR)
|
|t:|1783627510
|teamsize|p1|4
|teamsize|p2|4
|start
|switch|p1a: Kingambit|Kingambit, L50, M|100/100
|switch|p1b: Aerodactyl|Aerodactyl, L50, M|100/100
|switch|p2a: Tsareena|Tsareena, L50, F|100/100
|switch|p2b: Talonflame|Talonflame, L50, M|100/100
|-ability|p1b: Aerodactyl|Unnerve
|turn|1
|
|t:|1783627527
|detailschange|p1b: Aerodactyl|Aerodactyl-Mega, L50, M
|-mega|p1b: Aerodactyl|Aerodactyl|Aerodactylite
|move|p2b: Talonflame|Tailwind|p2b: Talonflame
|-sidestart|p2: ILoveMIR|move: Tailwind
|move|p2a: Tsareena|Triple Axel|p1b: Aerodactyl
|-supereffective|p1b: Aerodactyl|1
|-damage|p1b: Aerodactyl|83/100
|-supereffective|p1b: Aerodactyl|1
|-damage|p1b: Aerodactyl|51/100
|-supereffective|p1b: Aerodactyl|1
|-damage|p1b: Aerodactyl|1/100
|-hitcount|p1b: Aerodactyl|3
|move|p1b: Aerodactyl|Tailwind|p1b: Aerodactyl
|-sidestart|p1: Elbovino|move: Tailwind
|move|p1a: Kingambit|Kowtow Cleave|p2b: Talonflame
|-damage|p2b: Talonflame|27/100
|
|upkeep
|turn|2
|
|t:|1783627550
|move|p1b: Aerodactyl|Rock Slide|p2b: Talonflame|[spread] p2a,p2b
|-supereffective|p2b: Talonflame|2
|-damage|p2a: Tsareena|70/100
|-damage|p2b: Talonflame|0 fnt
|faint|p2b: Talonflame
|move|p2a: Tsareena|Low Kick|p1a: Kingambit
|-supereffective|p1a: Kingambit|2
|-enditem|p1a: Kingambit|Focus Sash
|-damage|p1a: Kingambit|1/100
|move|p1a: Kingambit|Kowtow Cleave|p2a: Tsareena
|-damage|p2a: Tsareena|16/100
|
|upkeep
|
|t:|1783627554
|switch|p2b: Blaziken|Blaziken, L50, F|100/100
|turn|3
|
|t:|1783627574
|detailschange|p2b: Blaziken|Blaziken-Mega, L50, F
|-mega|p2b: Blaziken|Blaziken|Blazikenite
|move|p2b: Blaziken|Protect|p2b: Blaziken
|-singleturn|p2b: Blaziken|Protect
|move|p1b: Aerodactyl|Rock Slide|p2b: Blaziken|[spread] p2a
|-activate|p2b: Blaziken|move: Protect
|-damage|p2a: Tsareena|0 fnt
|faint|p2a: Tsareena
|move|p1a: Kingambit|Kowtow Cleave|p2b: Blaziken
|-activate|p2b: Blaziken|move: Protect
|
|-ability|p2b: Blaziken|Speed Boost|boost
|-boost|p2b: Blaziken|spe|1
|upkeep
|
|t:|1783627580
|switch|p2a: Ninetales|Ninetales-Alola, L50, F|100/100
|-weather|Snowscape|[from] ability: Snow Warning|[of] p2a: Ninetales
|turn|4
|
|t:|1783627596
|move|p1a: Kingambit|Sucker Punch|p2b: Blaziken
|-resisted|p2b: Blaziken|1
|-damage|p2b: Blaziken|71/100
|move|p2b: Blaziken|Rock Slide|p1b: Aerodactyl|[spread] p1b
|-miss|p2b: Blaziken|p1a: Kingambit
|-supereffective|p1b: Aerodactyl|1
|-damage|p1b: Aerodactyl|0 fnt
|faint|p1b: Aerodactyl
|move|p2a: Ninetales|Blizzard|p1a: Kingambit
|-resisted|p1a: Kingambit|1
|-damage|p1a: Kingambit|0 fnt
|faint|p1a: Kingambit
|
|-weather|Snowscape|[upkeep]
|-sideend|p2: ILoveMIR|move: Tailwind
|-sideend|p1: Elbovino|move: Tailwind
|-ability|p2b: Blaziken|Speed Boost|boost
|-boost|p2b: Blaziken|spe|1
|upkeep
|
|t:|1783627602
|switch|p1b: Sylveon|Sylveon, L50, F|100/100
|switch|p1a: Farigiraf|Farigiraf, L50, M|100/100
|turn|5
|
|t:|1783627613
|move|p1b: Sylveon|Protect|p1b: Sylveon
|-singleturn|p1b: Sylveon|Protect
|move|p2b: Blaziken|Rock Slide|p1a: Farigiraf|[spread] p1a
|-activate|p1b: Sylveon|move: Protect
|-damage|p1a: Farigiraf|79/100
|move|p2a: Ninetales|Blizzard|p1a: Farigiraf|[spread] p1a
|-activate|p1b: Sylveon|move: Protect
|-damage|p1a: Farigiraf|49/100
|-enditem|p1a: Farigiraf|Sitrus Berry|[eat]
|-heal|p1a: Farigiraf|73/100|[from] item: Sitrus Berry
|move|p1a: Farigiraf|Trick Room|p1a: Farigiraf
|-fieldstart|move: Trick Room|[of] p1a: Farigiraf
|
|-weather|Snowscape|[upkeep]
|-ability|p2b: Blaziken|Speed Boost|boost
|-boost|p2b: Blaziken|spe|1
|upkeep
|turn|6
|
|t:|1783627632
|move|p2b: Blaziken|Protect|p2b: Blaziken
|-singleturn|p2b: Blaziken|Protect
|move|p1a: Farigiraf|Psychic|p2a: Ninetales
|-damage|p2a: Ninetales|64/100
|move|p1b: Sylveon|Hyper Voice|p2a: Ninetales|[spread] p2a
|-activate|p2b: Blaziken|move: Protect
|-damage|p2a: Ninetales|5/100
|move|p2a: Ninetales|Blizzard|p1a: Farigiraf|[spread] p1a,p1b
|-damage|p1a: Farigiraf|44/100
|-damage|p1b: Sylveon|72/100
|
|-weather|Snowscape|[upkeep]
|-ability|p2b: Blaziken|Speed Boost|boost
|-boost|p2b: Blaziken|spe|1
|upkeep
|turn|7
|
|t:|1783627645
|move|p2a: Ninetales|Protect|p2a: Ninetales
|-singleturn|p2a: Ninetales|Protect
|move|p1a: Farigiraf|Psychic|p2b: Blaziken
|-supereffective|p2b: Blaziken|1
|-damage|p2b: Blaziken|0 fnt
|faint|p2b: Blaziken
|move|p1b: Sylveon|Hyper Voice|p2a: Ninetales
|-activate|p2a: Ninetales|move: Protect
|
|-weather|Snowscape|[upkeep]
|upkeep
|turn|8
|-message|ILoveMIR forfeited.
|
|win|Elbovino
