|j|☆kotamager34
|j|☆pinba2
|html|kotamager34pinba2    
|uhtml|bestof|Game 1 of a best-of-3
|t:|1756914578
|gametype|doubles
|player|p1|kotamager34|grimsley|1079
|player|p2|pinba2|nate|1000
|gen|9
|tier|[Gen 9] VGC 2025 Reg H (Bo3)
|rated|
|rule|Species Clause: Limit one of each Pokémon
|rule|Item Clause: Limit 1 of each item
|clearpoke
|poke|p1|Dragonite, L50, M|
|poke|p1|Volcarona, L50, F|
|poke|p1|Gholdengo, L50|
|poke|p1|Ninetales-Alola, L50, M|
|poke|p1|Garchomp, L50, M|
|poke|p1|Rillaboom, L50, M|
|poke|p2|Annihilape, L50, M|
|poke|p2|Garchomp, L50, M|
|poke|p2|Incineroar, L50, M|
|poke|p2|Whimsicott, L50, F|
|poke|p2|Rillaboom, L50, M|
|poke|p2|Palafin, L50, F|
|teampreview|4
|showteam|p1|Dragonite||LoadedDice|Multiscale|ScaleShot,Tailwind,Haze,Protect|||M|||50|,,,,,Fairy]Volcarona||CovertCloak|FlameBody|QuiverDance,TeraBlast,HeatWave,RagePowder|||F|||50|,,,,,Fairy]Gholdengo||ChoiceScarf|GoodasGold|MakeItRain,ShadowBall,Trick,Protect||||||50|,,,,,Steel]Ninetales-Alola||FocusSash|SnowWarning|FreezeDry,IcyWind,DazzlingGleam,Protect|||M|||50|,,,,,Ghost]Garchomp||LifeOrb|RoughSkin|DragonClaw,Earthquake,StompingTantrum,Protect|||M|||50|,,,,,Steel]Rillaboom||AssaultVest|GrassySurge|FakeOut,GrassyGlide,WoodHammer,HighHorsepower|||M|||50|,,,,,Grass
|showteam|p2|Annihilape||ChoiceScarf|Defiant|IcePunch,PoisonJab,RageFist,CloseCombat|||M|||50|,,,,,Dark]Garchomp||LifeOrb|RoughSkin|ScaleShot,RockSlide,Earthquake,Protect|||M|||50|,,,,,Fairy]Incineroar||CovertCloak|Intimidate|FlareBlitz,PartingShot,KnockOff,FakeOut|||M|||50|,,,,,Bug]Whimsicott||FocusSash|Prankster|Endeavor,Tailwind,DazzlingGleam,TrickRoom|||F|||50|,,,,,Dark]Rillaboom||MiracleSeed|GrassySurge|FakeOut,GrassyGlide,WoodHammer,Taunt|||M|||50|,,,,,Fire]Palafin||MysticWater|ZerotoHero|CloseCombat,WaveCrash,Encore,Mist|||F|||50|,,,,,Water
|inactive|Battle timer is ON: inactive players will automatically lose when time's up. (requested by kotamager34)
|inactive|pinba2 has 60 seconds left.
|inactive|kotamager34 has 60 seconds left.
|inactive|pinba2 has 30 seconds left.
|inactive|pinba2 has 20 seconds left.
|inactive|pinba2 has 15 seconds left.
|
|t:|1756914657
|teamsize|p1|4
|teamsize|p2|4
|start
|switch|p1a: Rillaboom|Rillaboom, L50, M|100/100
|switch|p1b: Ninetales|Ninetales-Alola, L50, M|100/100
|switch|p2a: Garchomp|Garchomp, L50, M|100/100
|switch|p2b: Whimsicott|Whimsicott, L50, F|100/100
|-weather|Snowscape|[from] ability: Snow Warning|[of] p1b: Ninetales
|-fieldstart|move: Grassy Terrain|[from] ability: Grassy Surge|[of] p1a: Rillaboom
|turn|1
|inactive|pinba2 has 30 seconds left.
|inactive|pinba2 has 20 seconds left.
|
|t:|1756914692
|-terastallize|p2a: Garchomp|Fairy
|move|p2b: Whimsicott|Tailwind|p2b: Whimsicott
|-sidestart|p2: pinba2|move: Tailwind
|move|p2a: Garchomp|Earthquake|p1b: Ninetales|[spread] p2b,p1a,p1b
|-resisted|p2b: Whimsicott
|-resisted|p1a: Rillaboom
|-damage|p2b: Whimsicott|81/100
|-damage|p1a: Rillaboom|89/100
|-damage|p1b: Ninetales|76/100
|-damage|p2a: Garchomp|91/100|[from] item: Life Orb
|move|p1b: Ninetales|Icy Wind|p2a: Garchomp|[spread] p2a,p2b
|-supereffective|p2b: Whimsicott
|-damage|p2a: Garchomp|74/100
|-damage|p2b: Whimsicott|32/100
|-unboost|p2a: Garchomp|spe|1
|-unboost|p2b: Whimsicott|spe|1
|move|p1a: Rillaboom|Wood Hammer|p2a: Garchomp
|-damage|p2a: Garchomp|0 fnt
|-damage|p1a: Rillaboom|77/100|[from] ability: Rough Skin|[of] p2a: Garchomp
|faint|p2a: Garchomp
|-damage|p1a: Rillaboom|56/100|[from] Recoil
|
|-weather|Snowscape|[upkeep]
|-heal|p2b: Whimsicott|38/100|[from] Grassy Terrain
|-heal|p1b: Ninetales|82/100|[from] Grassy Terrain
|-heal|p1a: Rillaboom|62/100|[from] Grassy Terrain
|upkeep
|inactive|pinba2 has 30 seconds left.
|
|t:|1756914719
|switch|p2a: Incineroar|Incineroar, L50, M|100/100
|-ability|p2a: Incineroar|Intimidate|boost
|-unboost|p1a: Rillaboom|atk|1
|-unboost|p1b: Ninetales|atk|1
|turn|2
|
|t:|1756914738
|switch|p1a: Garchomp|Garchomp, L50, M|100/100
|move|p2b: Whimsicott|Endeavor|p1b: Ninetales
|-damage|p1b: Ninetales|35/100
|move|p1b: Ninetales|Freeze-Dry|p2b: Whimsicott
|-supereffective|p2b: Whimsicott
|-damage|p2b: Whimsicott|0 fnt
|faint|p2b: Whimsicott
|move|p2a: Incineroar|Flare Blitz|p1a: Garchomp
|-resisted|p1a: Garchomp
|-damage|p1a: Garchomp|71/100
|-damage|p2a: Incineroar|88/100|[from] ability: Rough Skin|[of] p1a: Garchomp
|-damage|p2a: Incineroar|78/100|[from] Recoil
|
|-weather|Snowscape|[upkeep]
|-heal|p1b: Ninetales|41/100|[from] Grassy Terrain
|-heal|p2a: Incineroar|84/100|[from] Grassy Terrain
|-heal|p1a: Garchomp|78/100|[from] Grassy Terrain
|upkeep
|
|t:|1756914758
|switch|p2b: Annihilape|Annihilape, L50, M|100/100
|turn|3
|
|t:|1756914769
|move|p1a: Garchomp|Protect|p1a: Garchomp
|-singleturn|p1a: Garchomp|Protect
|move|p2b: Annihilape|Ice Punch|p1a: Garchomp
|-activate|p1a: Garchomp|move: Protect
|move|p1b: Ninetales|Dazzling Gleam|p2b: Annihilape|[spread] p2a,p2b
|-supereffective|p2b: Annihilape
|-damage|p2a: Incineroar|63/100
|-damage|p2b: Annihilape|49/100
|move|p2a: Incineroar|Flare Blitz|p1b: Ninetales
|-supereffective|p1b: Ninetales
|-damage|p1b: Ninetales|0 fnt
|faint|p1b: Ninetales
|-damage|p2a: Incineroar|53/100|[from] Recoil
|
|-weather|Snowscape|[upkeep]
|-heal|p2b: Annihilape|55/100|[from] Grassy Terrain
|-heal|p2a: Incineroar|59/100|[from] Grassy Terrain
|-heal|p1a: Garchomp|84/100|[from] Grassy Terrain
|upkeep
|
|t:|1756914780
|switch|p1b: Dragonite|Dragonite, L50, M|100/100
|turn|4
|inactive|pinba2 has 30 seconds left.
|inactive|pinba2 has 20 seconds left.
|inactive|pinba2 has 15 seconds left.
|
|t:|1756914821
|switch|p1a: Rillaboom|Rillaboom, L50, M|62/100
|move|p2b: Annihilape|Ice Punch|p1a: Rillaboom
|-supereffective|p1a: Rillaboom
|-damage|p1a: Rillaboom|19/100
|move|p2a: Incineroar|Knock Off|p1b: Dragonite
|-damage|p1b: Dragonite|68/100
|-enditem|p1b: Dragonite|Loaded Dice|[from] move: Knock Off|[of] p2a: Incineroar
|move|p1b: Dragonite|Tailwind|p1b: Dragonite
|-sidestart|p1: kotamager34|move: Tailwind
|
|-weather|Snowscape|[upkeep]
|-heal|p2b: Annihilape|60/100|[from] Grassy Terrain
|-heal|p1a: Rillaboom|25/100|[from] Grassy Terrain
|-heal|p2a: Incineroar|65/100|[from] Grassy Terrain
|-sideend|p2: pinba2|move: Tailwind
|upkeep
|turn|5
|
|t:|1756914840
|move|p1b: Dragonite|Scale Shot|p2a: Incineroar
|-damage|p2a: Incineroar|51/100
|-damage|p2a: Incineroar|36/100
|-damage|p2a: Incineroar|24/100
|-hitcount|p2a: Incineroar|3
|-unboost|p1b: Dragonite|def|1
|-boost|p1b: Dragonite|spe|1
|move|p1a: Rillaboom|Wood Hammer|p2b: Annihilape
|-damage|p2b: Annihilape|0 fnt
|faint|p2b: Annihilape
|-damage|p1a: Rillaboom|7/100|[from] Recoil
|move|p2a: Incineroar|Flare Blitz|p1a: Rillaboom
|-supereffective|p1a: Rillaboom
|-damage|p1a: Rillaboom|0 fnt
|faint|p1a: Rillaboom
|-damage|p2a: Incineroar|21/100|[from] Recoil
|
|-weather|none
|-heal|p2a: Incineroar|27/100|[from] Grassy Terrain
|-fieldend|move: Grassy Terrain
|upkeep
|
|t:|1756914847
|switch|p1a: Garchomp|Garchomp, L50, M|84/100
|turn|6
|-message|pinba2 forfeited.
|
|win|kotamager34
|l|☆pinba2
|player|p2|
||pinba2 is ready for game 2.
|inactive|kotamager34 has 30 seconds to confirm battle start!
|inactive|kotamager34 has 20 seconds to confirm battle start!
||kotamager34 is ready for game 2.
|uhtml|next|Next: Game 2 of 3
|l|☆kotamager34
|player|p1|
|j|☆pinba2
|player|p2|pinba2|nate|
