|j|☆Nathanlikestoes
|j|☆kaalaas7
|html|Nathanlikestoeskaalaas7    
|uhtml|bestof|Game 2 of a best-of-3
|t:|1785687164
|gametype|doubles
|player|p1|Nathanlikestoes|170|
|player|p2|kaalaas7|rocketgruntf|
|gen|9
|tier|[Gen 9 Champions] VGC 2026 Reg M-B (Bo3)
|rule|Species Clause: Limit one of each Pokémon
|rule|Item Clause: Limit 1 of each item
|clearpoke
|poke|p1|Tyranitar, L50, M|
|poke|p1|Excadrill, L50, M|
|poke|p1|Houndstone, L50, F|
|poke|p1|Hydreigon, L50, M|
|poke|p1|Rotom-Wash, L50|
|poke|p1|Scovillain, L50, F|
|poke|p2|Heracross, L50, F|
|poke|p2|Incineroar, L50, F|
|poke|p2|Torterra, L50, F|
|poke|p2|Gyarados, L50, F|
|poke|p2|Kingambit, L50, F|
|poke|p2|Slowking-Galar, L50, M|
|teampreview|4
|showteam|p1|Tyranitar||Tyranitarite|SandStream|RockSlide,KnockOff,StealthRock,Protect|Adamant||M|||50|]Excadrill||FocusSash|SandRush|Earthquake,IronHead,RockSlide,Protect|Adamant||M|||50|]Houndstone||SitrusBerry|SandRush|LastRespects,WillOWisp,StompingTantrum,Protect|Jolly||F|||50|]Hydreigon||LifeOrb|Levitate|DarkPulse,DracoMeteor,HeatWave,Protect|Modest||M|||50|]Rotom-Wash||LightClay|Levitate|LightScreen,Protect,Thunderbolt,HydroPump|Modest|||||50|]Scovillain||Scovillainite|Chlorophyll|Flamethrower,GigaDrain,LeechSeed,RagePowder|Modest||F|||50|
|showteam|p2|Heracross||Heracronite|Moxie|CloseCombat,BulletSeed,PinMissile,RockBlast|Adamant||F|||50|]Incineroar||PasshoBerry|Intimidate|FakeOut,PartingShot,HelpingHand,FlareBlitz|Adamant||F|||50|]Torterra||YacheBerry|Overgrow|SolarBeam,Protect,HeadlongRush,WideGuard|Relaxed||F|||50|]Gyarados|||Intimidate|IceFang,Protect,Waterfall,Earthquake|Jolly||F|||50|]Kingambit||BlackGlasses|SupremeOverlord|SuckerPunch,Protect,SwordsDance,KowtowCleave|Adamant||F|||50|]Slowking-Galar||Leftovers|Regenerator|TrickRoom,ChillingWater,PsychicNoise,Surf|Quiet||M|||50|
|j| Tearamizuu
|j| OroRosaXIV
|j| Noir-Grey
|
|t:|1785687197
|teamsize|p1|4
|teamsize|p2|4
|start
|switch|p1a: Scovillain|Scovillain, L50, F|100/100
|switch|p1b: Rotom|Rotom-Wash, L50|100/100
|switch|p2a: Heracross|Heracross, L50, F|100/100
|switch|p2b: Incineroar|Incineroar, L50, F|100/100
|-ability|p2b: Incineroar|Intimidate|boost
|-unboost|p1a: Scovillain|atk|1
|-unboost|p1b: Rotom|atk|1
|turn|1
|
|t:|1785687243
|switch|p1b: Houndstone|Houndstone, L50, F|100/100
|detailschange|p2a: Heracross|Heracross-Mega, L50, F
|-mega|p2a: Heracross|Heracross|Heracronite
|detailschange|p1a: Scovillain|Scovillain-Mega, L50, F
|-mega|p1a: Scovillain|Scovillain|Scovillainite
|move|p2b: Incineroar|Fake Out|p1a: Scovillain
|-damage|p1a: Scovillain|85/100
|-immune|p2b: Incineroar
|cant|p1a: Scovillain|flinch
|move|p2a: Heracross|Rock Blast|p1a: Scovillain
|-supereffective|p1a: Scovillain|1
|-damage|p1a: Scovillain|60/100
|-status|p2a: Heracross|brn|[from] ability: Spicy Spray|[of] p1a: Scovillain
|-supereffective|p1a: Scovillain|1
|-damage|p1a: Scovillain|46/100
|-supereffective|p1a: Scovillain|1
|-damage|p1a: Scovillain|32/100
|-supereffective|p1a: Scovillain|1
|-damage|p1a: Scovillain|18/100
|-supereffective|p1a: Scovillain|1
|-damage|p1a: Scovillain|4/100
|-hitcount|p1a: Scovillain|5
|
|-damage|p2a: Heracross|94/100 brn|[from] brn
|upkeep
|turn|2
|
|t:|1785687298
|switch|p1a: Rotom|Rotom-Wash, L50|100/100
|move|p1b: Houndstone|Protect|p1b: Houndstone
|-singleturn|p1b: Houndstone|Protect
|move|p2a: Heracross|Rock Blast|p1a: Rotom
|-crit|p1a: Rotom
|-damage|p1a: Rotom|89/100
|-damage|p1a: Rotom|82/100
|-damage|p1a: Rotom|76/100
|-damage|p1a: Rotom|69/100
|-damage|p1a: Rotom|62/100
|-hitcount|p1a: Rotom|5
|move|p2b: Incineroar|Parting Shot|p1b: Houndstone
|-activate|p1b: Houndstone|move: Protect
|
|-damage|p2a: Heracross|88/100 brn|[from] brn
|upkeep
|turn|3
|
|t:|1785687350
|switch|p1b: Hydreigon|Hydreigon, L50, M|100/100
|move|p1a: Rotom|Hydro Pump|p2b: Incineroar
|-supereffective|p2b: Incineroar|1
|-enditem|p2b: Incineroar|Passho Berry|[eat]
|-enditem|p2b: Incineroar|Passho Berry|[weaken]
|-damage|p2b: Incineroar|54/100
|move|p2a: Heracross|Bullet Seed|p1a: Rotom
|-supereffective|p1a: Rotom|1
|-damage|p1a: Rotom|48/100
|-supereffective|p1a: Rotom|1
|-damage|p1a: Rotom|35/100
|-supereffective|p1a: Rotom|1
|-damage|p1a: Rotom|23/100
|-supereffective|p1a: Rotom|1
|-damage|p1a: Rotom|8/100
|-supereffective|p1a: Rotom|1
|-damage|p1a: Rotom|0 fnt
|faint|p1a: Rotom
|-hitcount|p1: Rotom|5
|move|p2b: Incineroar|Parting Shot|p1b: Hydreigon
|-unboost|p1b: Hydreigon|atk|1
|-unboost|p1b: Hydreigon|spa|1
|
|t:|1785687371
|switch|p2b: Gyarados|Gyarados, L50, F|100/100|[from] Parting Shot
|-ability|p2b: Gyarados|Intimidate|boost
|-unboost|p1b: Hydreigon|atk|1
|
|-damage|p2a: Heracross|82/100 brn|[from] brn
|upkeep
|
|t:|1785687379
|switch|p1a: Scovillain|Scovillain-Mega, L50, F|4/100
|turn|4
|
|t:|1785687392
|move|p1a: Scovillain|Rage Powder|p1a: Scovillain
|-singleturn|p1a: Scovillain|move: Rage Powder
|move|p1b: Hydreigon|Heat Wave|p2a: Heracross|[spread] p2a,p2b
|-supereffective|p2a: Heracross|1
|-resisted|p2b: Gyarados|1
|-damage|p2a: Heracross|42/100 brn
|-damage|p2b: Gyarados|89/100
|-damage|p1b: Hydreigon|90/100|[from] item: Life Orb
|move|p2b: Gyarados|Ice Fang|p1a: Scovillain
|-damage|p1a: Scovillain|0 fnt
|-status|p2b: Gyarados|brn|[from] ability: Spicy Spray|[of] p1a: Scovillain
|faint|p1a: Scovillain
|move|p2a: Heracross|Pin Missile|p1b: Hydreigon
|-supereffective|p1b: Hydreigon|1
|-damage|p1b: Hydreigon|66/100
|-supereffective|p1b: Hydreigon|1
|-damage|p1b: Hydreigon|45/100
|-supereffective|p1b: Hydreigon|1
|-damage|p1b: Hydreigon|20/100y
|-supereffective|p1b: Hydreigon|1
|-damage|p1b: Hydreigon|0 fnt
|faint|p1b: Hydreigon
|-hitcount|p1: Hydreigon|4
|
|-damage|p2b: Gyarados|83/100 brn|[from] brn
|-damage|p2a: Heracross|36/100 brn|[from] brn
|upkeep
|
|t:|1785687419
|switch|p1a: Houndstone|Houndstone, L50, F|100/100
|turn|5
|
|t:|1785687471
|move|p2b: Gyarados|Waterfall|p1a: Houndstone
|-damage|p1a: Houndstone|81/100
|move|p1a: Houndstone|Last Respects|p2b: Gyarados
|-damage|p2b: Gyarados|0 fnt
|faint|p2b: Gyarados
|move|p2a: Heracross|Bullet Seed|p1a: Houndstone
|-damage|p1a: Houndstone|74/100
|-damage|p1a: Houndstone|68/100
|-damage|p1a: Houndstone|62/100
|-damage|p1a: Houndstone|55/100
|-damage|p1a: Houndstone|50/100g
|-hitcount|p1a: Houndstone|5
|
|-damage|p2a: Heracross|30/100 brn|[from] brn
|upkeep
|
|t:|1785687478
|switch|p2b: Incineroar|Incineroar, L50, F|54/100
|-ability|p2b: Incineroar|Intimidate|boost
|-unboost|p1a: Houndstone|atk|1
|turn|6
|
|t:|1785687527
|move|p1a: Houndstone|Last Respects|p2b: Incineroar
|-resisted|p2b: Incineroar|1
|-damage|p2b: Incineroar|31/100
|move|p2a: Heracross|Bullet Seed|p1a: Houndstone
|-damage|p1a: Houndstone|44/100
|-enditem|p1a: Houndstone|Sitrus Berry|[eat]
|-heal|p1a: Houndstone|69/100|[from] item: Sitrus Berry
|-damage|p1a: Houndstone|62/100
|-damage|p1a: Houndstone|55/100
|-damage|p1a: Houndstone|49/100
|-damage|p1a: Houndstone|44/100
|-hitcount|p1a: Houndstone|5
|move|p2b: Incineroar|Flare Blitz|p1a: Houndstone
|-damage|p1a: Houndstone|0 fnt
|faint|p1a: Houndstone
|-damage|p2b: Incineroar|18/100|[from] Recoil
|
|win|kaalaas7
