|j|☆ApostrofoRosaVGC
|j|☆Recadeco
|html|ApostrofoRosaVGCRecadeco    
|uhtml|bestof|Game 2 of a best-of-3
|t:|1755770562
|gametype|doubles
|player|p1|ApostrofoRosaVGC|2|1267
|player|p2|Recadeco|lucas|1239
|gen|9
|tier|[Gen 9] VGC 2025 Reg H (Bo3)
|rated|
|rule|Species Clause: Limit one of each Pokémon
|rule|Item Clause: Limit 1 of each item
|clearpoke
|poke|p1|Gholdengo, L50|
|poke|p1|Archaludon, L50, M|
|poke|p1|Dragonite, L50, M|
|poke|p1|Pelipper, L50, M|
|poke|p1|Maushold-Four, L50|
|poke|p1|Grimmsnarl, L50, M|
|poke|p2|Kingambit, L50, M|
|poke|p2|Maushold-Four, L50|
|poke|p2|Talonflame, L50, M|
|poke|p2|Primarina, L50, F|
|poke|p2|Rillaboom, L50, F|
|poke|p2|Gholdengo, L50|
|teampreview|4
|showteam|p1|Gholdengo||LifeOrb|GoodasGold|MakeItRain,ShadowBall,NastyPlot,Protect||||||50|,,,,,Water]Archaludon||AssaultVest|Stamina|DragonPulse,ElectroShot,BodyPress,Snarl|||M|||50|,,,,,Bug]Dragonite||LoadedDice|Multiscale|ScaleShot,ExtremeSpeed,Tailwind,Protect|||M|||50|,,,,,Steel]Pelipper||FocusSash|Drizzle|WeatherBall,Hurricane,Tailwind,Protect|||M|||50|,,,,,Ground]Maushold-Four||SafetyGoggles|FriendGuard|BeatUp,Taunt,FollowMe,Protect||||||50|,,,,,Ghost]Grimmsnarl||LightClay|Prankster|SpiritBreak,ThunderWave,Reflect,LightScreen|||M|||50|,,,,,Ghost
|showteam|p2|Kingambit||BlackGlasses|Defiant|KowtowCleave,SuckerPunch,SwordsDance,Protect|||M|||50|,,,,,Dark]Maushold-Four||SafetyGoggles|FriendGuard|SuperFang,HelpingHand,FollowMe,Taunt||||||50|,,,,,Ghost]Talonflame||CovertCloak|GaleWings|BraveBird,FlareBlitz,WillOWisp,Tailwind|||M|||50|,,,,,Stellar]Primarina||LifeOrb|LiquidVoice|HyperVoice,Moonblast,Haze,Protect|||F|||50|,,,,,Poison]Rillaboom||AssaultVest|GrassySurge|WoodHammer,HighHorsepower,Uturn,FakeOut|||F|||50|,,,,,Fire]Gholdengo||ChoiceSpecs|GoodasGold|MakeItRain,ShadowBall,Thunderbolt,PowerGem||||||50|,,,,,Steel
|inactive|Battle timer is ON: inactive players will automatically lose when time's up. (requested by Recadeco)
|
|t:|1755770592
|teamsize|p1|4
|teamsize|p2|4
|start
|switch|p1a: Maushold|Maushold-Four, L50|100/100
|switch|p1b: Gholdengo|Gholdengo, L50|100/100
|switch|p2a: Eugine|Gholdengo, L50|100/100
|switch|p2b: Ariel|Primarina, L50, F|100/100
|turn|1
|
|t:|1755770617
|-terastallize|p2a: Eugine|Steel
|move|p1a: Maushold|Protect|p1a: Maushold
|-singleturn|p1a: Maushold|Protect
|move|p1b: Gholdengo|Protect|p1b: Gholdengo
|-singleturn|p1b: Gholdengo|Protect
|move|p2a: Eugine|Make It Rain|p1a: Maushold|[spread] 
|-activate|p1a: Maushold|move: Protect
|-activate|p1b: Gholdengo|move: Protect
|move|p2b: Ariel|Haze|p2b: Ariel
|-clearallboost
|
|upkeep
|turn|2
|
|t:|1755770640
|move|p1a: Maushold|Taunt|p2b: Ariel
|-start|p2b: Ariel|move: Taunt
|move|p1b: Gholdengo|Nasty Plot|p1b: Gholdengo
|-boost|p1b: Gholdengo|spa|2
|move|p2a: Eugine|Make It Rain|p1b: Gholdengo|[spread] p1a,p1b
|-resisted|p1b: Gholdengo
|-damage|p1a: Maushold|0 fnt
|-damage|p1b: Gholdengo|52/100
|-unboost|p2a: Eugine|spa|1
|faint|p1a: Maushold
|move|p2b: Ariel|Hyper Voice|p1b: Gholdengo
|-damage|p1b: Gholdengo|0 fnt
|faint|p1b: Gholdengo
|-damage|p2b: Ariel|91/100|[from] item: Life Orb
|
|upkeep
|
|t:|1755770655
|switch|p1a: Pelipper|Pelipper, L50, M|100/100
|switch|p1b: Archaludon|Archaludon, L50, M|100/100
|-weather|RainDance|[from] ability: Drizzle|[of] p1a: Pelipper
|turn|3
|
|t:|1755770669
|switch|p2a: Shreder|Kingambit, L50, M, shiny|100/100
|switch|p2b: Flying Gorilla|Rillaboom, L50, F|100/100
|-fieldstart|move: Grassy Terrain|[from] ability: Grassy Surge|[of] p2b: Flying Gorilla
|move|p1b: Archaludon|Electro Shot||[still]
|-prepare|p1b: Archaludon|Electro Shot
|-boost|p1b: Archaludon|spa|1
|-anim|p1b: Archaludon|Electro Shot|p2b: Flying Gorilla
|-resisted|p2b: Flying Gorilla
|-damage|p2b: Flying Gorilla|79/100
|move|p1a: Pelipper|Tailwind|p1a: Pelipper
|-sidestart|p1: ApostrofoRosaVGC|move: Tailwind
|
|-weather|RainDance|[upkeep]
|-heal|p2b: Flying Gorilla|85/100|[from] Grassy Terrain
|upkeep
|turn|4
|inactive|Recadeco has 30 seconds left.
|
|t:|1755770702
|move|p2b: Flying Gorilla|Fake Out|p1b: Archaludon
|-resisted|p1b: Archaludon
|-damage|p1b: Archaludon|96/100
|-ability|p1b: Archaludon|Stamina|boost
|-boost|p1b: Archaludon|def|1
|cant|p1b: Archaludon|flinch
|move|p1a: Pelipper|Hurricane|p2b: Flying Gorilla
|-supereffective|p2b: Flying Gorilla
|-damage|p2b: Flying Gorilla|8/100
|move|p2a: Shreder|Swords Dance|p2a: Shreder
|-boost|p2a: Shreder|atk|2
|
|-weather|RainDance|[upkeep]
|-heal|p1b: Archaludon|100/100|[from] Grassy Terrain
|-heal|p2b: Flying Gorilla|14/100|[from] Grassy Terrain
|upkeep
|turn|5
|inactive|Recadeco has 30 seconds left.
|
|t:|1755770736
|switch|p2b: Ariel|Primarina, L50, F|91/100
|move|p1a: Pelipper|Protect|p1a: Pelipper
|-singleturn|p1a: Pelipper|Protect
|move|p2a: Shreder|Sucker Punch|p1b: Archaludon
|-damage|p1b: Archaludon|54/100
|-ability|p1b: Archaludon|Stamina|boost
|-boost|p1b: Archaludon|def|1
|move|p1b: Archaludon|Electro Shot||[still]
|-prepare|p1b: Archaludon|Electro Shot
|-boost|p1b: Archaludon|spa|1
|-anim|p1b: Archaludon|Electro Shot|p2b: Ariel
|-supereffective|p2b: Ariel
|-damage|p2b: Ariel|0 fnt
|faint|p2b: Ariel
|
|-weather|RainDance|[upkeep]
|-heal|p1b: Archaludon|60/100|[from] Grassy Terrain
|upkeep
|
|t:|1755770755
|switch|p2b: Flying Gorilla|Rillaboom, L50, F|14/100
|turn|6
|
|t:|1755770761
|move|p2b: Flying Gorilla|Fake Out|p1b: Archaludon
|-resisted|p1b: Archaludon
|-damage|p1b: Archaludon|57/100
|-ability|p1b: Archaludon|Stamina|boost
|-boost|p1b: Archaludon|def|1
|cant|p1b: Archaludon|flinch
|move|p1a: Pelipper|Weather Ball|p2a: Shreder
|-damage|p2a: Shreder|33/100
|move|p2a: Shreder|Swords Dance|p2a: Shreder
|-boost|p2a: Shreder|atk|2
|
|-weather|RainDance|[upkeep]
|-heal|p1b: Archaludon|64/100|[from] Grassy Terrain
|-heal|p2b: Flying Gorilla|20/100|[from] Grassy Terrain
|-heal|p2a: Shreder|39/100|[from] Grassy Terrain
|-sideend|p1: ApostrofoRosaVGC|move: Tailwind
|upkeep
|turn|7
|inactive|Recadeco has 30 seconds left.
|
|t:|1755770786
|move|p2a: Shreder|Sucker Punch|p1b: Archaludon
|-damage|p1b: Archaludon|26/100
|-ability|p1b: Archaludon|Stamina|boost
|-boost|p1b: Archaludon|def|1
|move|p1b: Archaludon|Body Press|p2a: Shreder
|-supereffective|p2a: Shreder
|-damage|p2a: Shreder|0 fnt
|faint|p2a: Shreder
|move|p2b: Flying Gorilla|High Horsepower|p1b: Archaludon
|-supereffective|p1b: Archaludon
|-damage|p1b: Archaludon|10/100
|-ability|p1b: Archaludon|Stamina|boost
|-boost|p1b: Archaludon|def|1
|move|p1a: Pelipper|Tailwind|p1a: Pelipper
|-sidestart|p1: ApostrofoRosaVGC|move: Tailwind
|
|-weather|none
|-heal|p1b: Archaludon|17/100|[from] Grassy Terrain
|-heal|p2b: Flying Gorilla|26/100|[from] Grassy Terrain
|-fieldend|move: Grassy Terrain
|upkeep
|
|t:|1755770791
|switch|p2a: Eugine|Gholdengo, L50, tera:Steel|100/100
|turn|8
|
|t:|1755770803
|move|p1b: Archaludon|Body Press|p2a: Eugine
|-supereffective|p2a: Eugine
|-damage|p2a: Eugine|0 fnt
|faint|p2a: Eugine
|move|p1a: Pelipper|Hurricane|p2b: Flying Gorilla
|-supereffective|p2b: Flying Gorilla
|-damage|p2b: Flying Gorilla|0 fnt
|faint|p2b: Flying Gorilla
|
|win|ApostrofoRosaVGC
|raw|ApostrofoRosaVGC's rating: 1267 → 1290(+23 for winning)
|raw|Recadeco's rating: 1239 → 1216(-23 for losing)
