|j|☆Thenestball
|j|☆fleamarketninja
|html|Thenestballfleamarketninja    
|uhtml|bestof|Game 1 of a best-of-3
|t:|1756822408
|gametype|doubles
|player|p1|Thenestball|hiker-gen4|1026
|player|p2|fleamarketninja|baker|1051
|gen|9
|tier|[Gen 9] VGC 2025 Reg H (Bo3)
|rated|
|rule|Species Clause: Limit one of each Pokémon
|rule|Item Clause: Limit 1 of each item
|clearpoke
|poke|p1|Weezing, L50, F|
|poke|p1|Amoonguss, L50, F|
|poke|p1|Garchomp, L50, M|
|poke|p1|Yanma, L50, M|
|poke|p1|Incineroar, L50, F|
|poke|p1|Primarina, L50, F|
|poke|p2|Incineroar, L50, M|
|poke|p2|Amoonguss, L50, M|
|poke|p2|Ursaluna-Bloodmoon, L50, M|
|poke|p2|Sneasler, L50, M|
|poke|p2|Gholdengo, L50|
|poke|p2|Dragonite, L50, M|
|teampreview|4
|showteam|p1|Weezing||SitrusBerry|NeutralizingGas|SludgeBomb,WillOWisp,Haze,Protect|||F|||50|,,,,,Grass]Amoonguss||RockyHelmet|Regenerator|PollenPuff,Spore,RagePowder,Protect|||F|||50|,,,,,Water]Garchomp||LifeOrb|RoughSkin|Earthquake,RockSlide,StompingTantrum,Protect|||M|||50|,,,,,Ground]Yanma||FocusSash|CompoundEyes|Screech,Tailwind,Protect,Hypnosis|||M|||50|,,,,,Ghost]Incineroar||AbilityShield|Intimidate|FlareBlitz,FakeOut,PartingShot,KnockOff|||F|||50|,,,,,Grass]Primarina||MysticWater|LiquidVoice|HyperVoice,Moonblast,Protect,CalmMind|||F|||50|,,,,,Grass
|showteam|p2|Incineroar||SafetyGoggles|Intimidate|FlareBlitz,KnockOff,PartingShot,FakeOut|||M|||50|,,,,,Ghost]Amoonguss||SitrusBerry|Regenerator|Spore,RagePowder,PollenPuff,Protect|||M|||50|,,,,,Psychic]Ursaluna-Bloodmoon||AssaultVest|MindsEye|HyperVoice,BloodMoon,EarthPower,VacuumWave|||M|||50|,,,,,Water]Sneasler||FocusSash|Unburden|CloseCombat,DireClaw,ThroatChop,Protect|||M|||50|,,,,,Stellar]Gholdengo||LifeOrb|GoodasGold|MakeItRain,ShadowBall,NastyPlot,Protect||||||50|,,,,,Water]Dragonite||LoadedDice|Multiscale|ScaleShot,Tailwind,Haze,Protect|||M|||50|,,,,,Fairy
|inactive|Battle timer is ON: inactive players will automatically lose when time's up. (requested by Thenestball)
|
|t:|1756822440
|teamsize|p1|4
|teamsize|p2|4
|start
|switch|p1a: Weezing|Weezing, L50, F, shiny|100/100
|switch|p1b: Incineroar|Incineroar, L50, F, shiny|100/100
|switch|p2a: Amoonguss|Amoonguss, L50, M|100/100
|switch|p2b: Dragonite|Dragonite, L50, M|100/100
|-ability|p1a: Weezing|Neutralizing Gas
|-block|p1b: Incineroar|item: Ability Shield
|-ability|p1b: Incineroar|Intimidate|boost
|-unboost|p2a: Amoonguss|atk|1
|-unboost|p2b: Dragonite|atk|1
|turn|1
|
|t:|1756822462
|move|p2b: Dragonite|Protect|p2b: Dragonite
|-singleturn|p2b: Dragonite|Protect
|move|p1a: Weezing|Will-O-Wisp|p2b: Dragonite
|-activate|p2b: Dragonite|move: Protect
|move|p1b: Incineroar|Flare Blitz|p2a: Amoonguss
|-supereffective|p2a: Amoonguss
|-damage|p2a: Amoonguss|0 fnt
|faint|p2a: Amoonguss
|-damage|p1b: Incineroar|63/100|[from] Recoil
|
|upkeep
|
|t:|1756822474
|switch|p2a: Sneasler|Sneasler, L50, M|100/100
|turn|2
|
|t:|1756822497
|switch|p1b: Primarina|Primarina, L50, F, shiny|100/100
|move|p2a: Sneasler|Protect|p2a: Sneasler
|-singleturn|p2a: Sneasler|Protect
|move|p2b: Dragonite|Tailwind|p2b: Dragonite
|-sidestart|p2: fleamarketninja|move: Tailwind
|move|p1a: Weezing|Will-O-Wisp|p2a: Sneasler
|-activate|p2a: Sneasler|move: Protect
|
|upkeep
|turn|3
|
|t:|1756822516
|switch|p2b: Ursaluna|Ursaluna-Bloodmoon, L50, M|100/100
|switch|p1b: Incineroar|Incineroar, L50, F, shiny|63/100
|-ability|p1b: Incineroar|Intimidate|boost
|-unboost|p2a: Sneasler|atk|1
|-unboost|p2b: Ursaluna|atk|1
|move|p2a: Sneasler|Throat Chop|p1b: Incineroar
|-resisted|p1b: Incineroar
|-damage|p1b: Incineroar|55/100
|-start|p1b: Incineroar|Throat Chop|[silent]
|move|p1a: Weezing|Will-O-Wisp|p2a: Sneasler
|-status|p2a: Sneasler|brn
|
|-damage|p2a: Sneasler|95/100 brn|[from] brn
|upkeep
|turn|4
|
|t:|1756822540
|move|p1b: Incineroar|Fake Out|p2b: Ursaluna
|-damage|p2b: Ursaluna|90/100
|move|p2a: Sneasler|Dire Claw|p1a: Weezing
|-resisted|p1a: Weezing
|-damage|p1a: Weezing|95/100
|cant|p2b: Ursaluna|flinch
|move|p1a: Weezing|Sludge Bomb|p2b: Ursaluna
|-resisted|p2b: Ursaluna
|-damage|p2b: Ursaluna|82/100
|-status|p2b: Ursaluna|psn
|
|-damage|p2b: Ursaluna|70/100 psn|[from] psn
|-damage|p2a: Sneasler|89/100 brn|[from] brn
|-end|p1b: Incineroar|Throat Chop|[silent]
|upkeep
|turn|5
|inactive|fleamarketninja has 30 seconds left.
|
|t:|1756822569
|move|p2a: Sneasler|Close Combat|p1b: Incineroar
|-supereffective|p1b: Incineroar
|-damage|p1b: Incineroar|14/100
|-unboost|p2a: Sneasler|def|1
|-unboost|p2a: Sneasler|spd|1
|move|p2b: Ursaluna|Blood Moon|p1a: Weezing
|-damage|p1a: Weezing|16/100
|-enditem|p1a: Weezing|Sitrus Berry|[eat]
|-heal|p1a: Weezing|41/100|[from] item: Sitrus Berry
|move|p1a: Weezing|Sludge Bomb|p2b: Ursaluna
|-resisted|p2b: Ursaluna
|-damage|p2b: Ursaluna|61/100 psn
|move|p1b: Incineroar|Knock Off|p2b: Ursaluna
|-damage|p2b: Ursaluna|28/100 psn
|-enditem|p2b: Ursaluna|Assault Vest|[from] move: Knock Off|[of] p1b: Incineroar
|
|-damage|p2b: Ursaluna|15/100 psn|[from] psn
|-damage|p2a: Sneasler|83/100 brn|[from] brn
|-sideend|p2: fleamarketninja|move: Tailwind
|upkeep
|turn|6
|
|t:|1756822589
|move|p1a: Weezing|Protect|p1a: Weezing
|-singleturn|p1a: Weezing|Protect
|move|p2a: Sneasler|Close Combat|p1b: Incineroar
|-supereffective|p1b: Incineroar
|-damage|p1b: Incineroar|0 fnt
|-unboost|p2a: Sneasler|def|1
|-unboost|p2a: Sneasler|spd|1
|faint|p1b: Incineroar
|move|p2b: Ursaluna|Hyper Voice|p1a: Weezing
|-activate|p1a: Weezing|move: Protect
|
|-damage|p2b: Ursaluna|3/100 psn|[from] psn
|-damage|p2a: Sneasler|77/100 brn|[from] brn
|upkeep
|
|t:|1756822602
|switch|p1b: Garchomp|Garchomp, L50, M, shiny|100/100
|turn|7
|
|t:|1756822618
|move|p2b: Ursaluna|Vacuum Wave|p1a: Weezing
|-resisted|p1a: Weezing
|-damage|p1a: Weezing|33/100
|move|p2a: Sneasler|Dire Claw|p1b: Garchomp
|-resisted|p1b: Garchomp
|-damage|p1b: Garchomp|93/100
|move|p1b: Garchomp|Stomping Tantrum|p2a: Sneasler
|-supereffective|p2a: Sneasler
|-damage|p2a: Sneasler|0 fnt
|faint|p2a: Sneasler
|-damage|p1b: Garchomp|84/100|[from] item: Life Orb
|move|p1a: Weezing|Sludge Bomb|p2b: Ursaluna
|-resisted|p2b: Ursaluna
|-damage|p2b: Ursaluna|0 fnt
|faint|p2b: Ursaluna
|
|upkeep
|
|t:|1756822628
|switch|p2b: Dragonite|Dragonite, L50, M|100/100
|turn|8
|
|t:|1756822637
|-terastallize|p2b: Dragonite|Fairy
|move|p1b: Garchomp|Rock Slide|p2b: Dragonite
|-damage|p2b: Dragonite|58/100
|-damage|p1b: Garchomp|74/100|[from] item: Life Orb
|move|p2b: Dragonite|Scale Shot|p1b: Garchomp
|-supereffective|p1b: Garchomp
|-damage|p1b: Garchomp|43/100
|-supereffective|p1b: Garchomp
|-damage|p1b: Garchomp|10/100
|-supereffective|p1b: Garchomp
|-damage|p1b: Garchomp|0 fnt
|faint|p1b: Garchomp
|-hitcount|p1: Garchomp|3
|-unboost|p2b: Dragonite|def|1
|-boost|p2b: Dragonite|spe|1
|move|p1a: Weezing|Will-O-Wisp|p2b: Dragonite|[miss]
|-miss|p1a: Weezing|p2b: Dragonite
|
|upkeep
|
|t:|1756822652
|switch|p1b: Primarina|Primarina, L50, F, shiny|100/100
|turn|9
|
|t:|1756822659
|move|p2b: Dragonite|Scale Shot|p1a: Weezing
|-damage|p1a: Weezing|20/100
|-damage|p1a: Weezing|7/100
|-damage|p1a: Weezing|0 fnt
|faint|p1a: Weezing
|-end|p1a: Weezing|ability: Neutralizing Gas
|-hitcount|p1: Weezing|3
|-unboost|p2b: Dragonite|def|1
|-boost|p2b: Dragonite|spe|1
|move|p1b: Primarina|Hyper Voice|p2b: Dragonite
|-damage|p2b: Dragonite|0 fnt
|faint|p2b: Dragonite
|
|win|Thenestball
||Thenestball is ready for game 2.
||fleamarketninja is ready for game 2.
|uhtml|next|Next: Game 2 of 3
|l|☆fleamarketninja
|player|p2|
