|j|☆puli95
|j|☆LeonardPlayz
|html|puli95LeonardPlayz    
|uhtml|bestof|Game 3 of a best-of-3
|t:|1756870480
|gametype|doubles
|player|p1|puli95|1|1000
|player|p2|LeonardPlayz|hilbert-wonderlauncher|1088
|gen|9
|tier|[Gen 9] VGC 2025 Reg H (Bo3)
|rated|
|rule|Species Clause: Limit one of each Pokémon
|rule|Item Clause: Limit 1 of each item
|clearpoke
|poke|p1|Weezing, L50, F|
|poke|p1|Toedscruel, L50, M|
|poke|p1|Dragapult, L50, F|
|poke|p1|Incineroar, L50, M|
|poke|p1|Murkrow, L50, F|
|poke|p1|Kingdra, L50, F|
|poke|p2|Blastoise, L50, M|
|poke|p2|Pelipper, L50, M|
|poke|p2|Indeedee-F, L50, F|
|poke|p2|Archaludon, L50, M|
|poke|p2|Foongus, L50, F|
|poke|p2|Sinistcha, L50|
|teampreview|4
|showteam|p1|Weezing||ShucaBerry|NeutralizingGas|SludgeBomb,WillOWisp,Taunt,Protect|||F|||50|,,,,,Water]Toedscruel||CovertCloak|MyceliumMight|EarthPower,EnergyBall,RagePowder,Spore|||M|||50|,,,,,Ground]Dragapult||ChoiceSpecs|ClearBody|DragonPulse,ShadowBall,TeraBlast,Uturn|||F|||50|,,,,,Steel]Incineroar||SafetyGoggles|Intimidate|KnockOff,FlareBlitz,FakeOut,PartingShot|||M|||50|,,,,,Bug]Murkrow||FocusSash|Insomnia|FoulPlay,Tailwind,Haze,Taunt|||F|||50|,,,,,Dark]Kingdra||LifeOrb|SwiftSwim|MuddyWater,DragonPulse,WeatherBall,Protect|||F|||50|,,,,,Stellar
|showteam|p2|Blastoise||ChoiceSpecs|Torrent|WaterSpout,AuraSphere,MuddyWater,FlipTurn|||M|||50|,,,,,Ghost]Pelipper||CovertCloak|Drizzle|Tailwind,WeatherBall,Hurricane,Protect|||M|||50|,,,,,Dark]Indeedee-F||PsychicSeed|PsychicSurge|FollowMe,HelpingHand,AlluringVoice,TrickRoom|||F|||50|,,,,,Fairy]Archaludon||AssaultVest|Stamina|ElectroShot,BodyPress,FlashCannon,DracoMeteor|||M|||50|,,,,,Bug]Foongus||Eviolite|Regenerator|RagePowder,Spore,ClearSmog,Protect|||F|||50|,,,,,Water]Sinistcha||SitrusBerry|Hospitality|RagePowder,MatchaGotcha,ShadowBall,TrickRoom||||||50|,,,,,Water
|inactive|Battle timer is ON: inactive players will automatically lose when time's up. (requested by LeonardPlayz)
|inactive|LeonardPlayz has 60 seconds left.
|inactive|LeonardPlayz has 30 seconds left.
|
|t:|1756870543
|teamsize|p1|4
|teamsize|p2|4
|start
|switch|p1a: Toedscruel|Toedscruel, L50, M|100/100
|switch|p1b: Incineroar|Incineroar, L50, M|100/100
|switch|p2a: Indeedee|Indeedee-F, L50, F|100/100
|switch|p2b: Blastoise|Blastoise, L50, M|100/100
|-fieldstart|move: Psychic Terrain|[from] ability: Psychic Surge|[of] p2a: Indeedee
|-enditem|p2a: Indeedee|Psychic Seed
|-boost|p2a: Indeedee|spd|1|[from] item: Psychic Seed
|-ability|p1b: Incineroar|Intimidate|boost
|-unboost|p2a: Indeedee|atk|1
|-unboost|p2b: Blastoise|atk|1
|turn|1
|inactive|puli95 has 30 seconds left.
|inactive|puli95 has 20 seconds left.
|inactive|puli95 has 15 seconds left.
|
|t:|1756870586
|-terastallize|p1b: Incineroar|Bug
|move|p2a: Indeedee|Follow Me|p2a: Indeedee
|-singleturn|p2a: Indeedee|move: Follow Me
|move|p2b: Blastoise|Water Spout|p1b: Incineroar|[spread] p1a,p1b
|-damage|p1a: Toedscruel|36/100
|-damage|p1b: Incineroar|42/100
|move|p1b: Incineroar|Knock Off|p2a: Indeedee
|-supereffective|p2a: Indeedee
|-damage|p2a: Indeedee|52/100
|move|p1a: Toedscruel|Spore|p2a: Indeedee
|-status|p2a: Indeedee|slp|[from] move: Spore
|
|upkeep
|turn|2
|
|t:|1756870609
|switch|p2a: Pelipper|Pelipper, L50, M|100/100
|-weather|RainDance|[from] ability: Drizzle|[of] p2a: Pelipper
|move|p1a: Toedscruel|Energy Ball|p2b: Blastoise
|-supereffective|p2b: Blastoise
|-damage|p2b: Blastoise|41/100
|move|p2b: Blastoise|Water Spout|p1a: Toedscruel|[spread] p1a,p1b
|-damage|p1a: Toedscruel|0 fnt
|-damage|p1b: Incineroar|6/100
|faint|p1a: Toedscruel
|move|p1b: Incineroar|Knock Off|p2b: Blastoise
|-damage|p2b: Blastoise|3/100
|-enditem|p2b: Blastoise|Choice Specs|[from] move: Knock Off|[of] p1b: Incineroar
|
|-weather|RainDance|[upkeep]
|upkeep
|
|t:|1756870630
|switch|p1a: Kingdra|Kingdra, L50, F|100/100
|turn|3
|
|t:|1756870638
|switch|p2b: Bridge of Greed|Archaludon, L50, M|100/100
|switch|p1b: Dragapult|Dragapult, L50, F|100/100
|move|p1a: Kingdra|Muddy Water|p2a: Pelipper|[spread] p2a,p2b
|-resisted|p2a: Pelipper
|-resisted|p2b: Bridge of Greed
|-damage|p2a: Pelipper|49/100
|-damage|p2b: Bridge of Greed|78/100
|-ability|p2b: Bridge of Greed|Stamina|boost
|-boost|p2b: Bridge of Greed|def|1
|-damage|p1a: Kingdra|91/100|[from] item: Life Orb
|move|p2a: Pelipper|Tailwind|p2a: Pelipper
|-sidestart|p2: LeonardPlayz|move: Tailwind
|
|-weather|RainDance|[upkeep]
|upkeep
|turn|4
|inactive|LeonardPlayz has 30 seconds left.
|
|t:|1756870669
|move|p1a: Kingdra|Dragon Pulse|p2b: Bridge of Greed
|-damage|p2b: Bridge of Greed|42/100
|-ability|p2b: Bridge of Greed|Stamina|boost
|-boost|p2b: Bridge of Greed|def|1
|-damage|p1a: Kingdra|81/100|[from] item: Life Orb
|move|p2a: Pelipper|Hurricane|p1a: Kingdra
|-damage|p1a: Kingdra|25/100
|move|p2b: Bridge of Greed|Draco Meteor|p1b: Dragapult
|-supereffective|p1b: Dragapult
|-damage|p1b: Dragapult|0 fnt
|-unboost|p2b: Bridge of Greed|spa|2
|faint|p1b: Dragapult
|
|-weather|RainDance|[upkeep]
|upkeep
|
|t:|1756870690
|switch|p1b: Incineroar|Incineroar, L50, M, tera:Bug|6/100
|-ability|p1b: Incineroar|Intimidate|boost
|-unboost|p2a: Pelipper|atk|1
|-unboost|p2b: Bridge of Greed|atk|1
|turn|5
|
|t:|1756870705
|move|p1b: Incineroar|Fake Out|p2a: Pelipper
|-hint|Psychic Terrain doesn't affect Pokémon immune to Ground.
|-damage|p2a: Pelipper|36/100
|move|p1a: Kingdra|Dragon Pulse|p2b: Bridge of Greed
|-damage|p2b: Bridge of Greed|5/100
|-ability|p2b: Bridge of Greed|Stamina|boost
|-boost|p2b: Bridge of Greed|def|1
|-damage|p1a: Kingdra|15/100|[from] item: Life Orb
|move|p2a: Pelipper|Hurricane|p1b: Incineroar
|-supereffective|p1b: Incineroar
|-damage|p1b: Incineroar|0 fnt
|faint|p1b: Incineroar
|move|p2b: Bridge of Greed|Body Press|p1a: Kingdra
|-damage|p1a: Kingdra|0 fnt
|faint|p1a: Kingdra
|
|win|LeonardPlayz
|raw|puli95's rating: 1000 → 1000(+0 for losing)
|raw|LeonardPlayz's rating: 1088 → 1108(+20 for winning)
|l|☆LeonardPlayz
|player|p2|
|j|☆LeonardPlayz
|player|p2|LeonardPlayz|hilbert-wonderlauncher|
