|j|☆Ogerpon(W)VGC
|j|☆liamvgc1
|html|Ogerpon(W)VGCliamvgc1    
|uhtml|bestof|Game 2 of a best-of-3
|t:|1783537975
|gametype|doubles
|player|p1|Ogerpon(W)VGC|265|
|player|p2|liamvgc1|giovanni|
|gen|9
|tier|[Gen 9 Champions] VGC 2026 Reg M-B (Bo3)
|rule|Species Clause: Limit one of each Pokémon
|rule|Item Clause: Limit 1 of each item
|clearpoke
|poke|p1|Metagross, L50, shiny|
|poke|p1|Floette-Eternal, L50, F|
|poke|p1|Talonflame, L50, F|
|poke|p1|Hydreigon, L50, M|
|poke|p1|Ceruledge, L50, F|
|poke|p1|Ninetales-Alola, L50, F|
|poke|p2|Basculegion, L50, M|
|poke|p2|Floette-Eternal, L50, F|
|poke|p2|Whimsicott, L50, M|
|poke|p2|Garchomp, L50, M|
|poke|p2|Charizard, L50, M|
|poke|p2|Kingambit, L50, M|
|teampreview|4
|showteam|p1|Metagross||Metagrossite|ClearBody|IronHead,IcePunch,PsychicFangs,Protect|Jolly|||||50|]Floette-Eternal||Floettite|FlowerVeil|Moonblast,DazzlingGleam,LightofRuin,Protect|Timid||F|||50|]Talonflame||SharpBeak|GaleWings|Tailwind,DualWingbeat,FlareBlitz,Protect|Jolly||F|||50|]Hydreigon||LifeOrb|Levitate|DracoMeteor,DarkPulse,Protect,EarthPower|Timid||M|||50|]Ceruledge||ColburBerry|FlashFire|BitterBlade,BulkUp,ShadowSneak,Protect|Adamant||F|||50|]Ninetales-Alola||NeverMeltIce|SnowWarning|Blizzard,FreezeDry,Encore,Protect|Timid||F|||50|
|showteam|p2|Basculegion||MysticWater|Adaptability|WaveCrash,LastRespects,AquaJet,Protect|Adamant||M|||50|]Floette-Eternal||Floettite|FlowerVeil|Moonblast,DazzlingGleam,LightofRuin,Protect|Timid||F|||50|]Whimsicott||FocusSash|Prankster|Moonblast,Tailwind,Encore,Protect|Timid||M|||50|]Garchomp||LifeOrb|RoughSkin|Earthquake,DragonClaw,RockSlide,Protect|Jolly||M|||50|]Charizard||CharizarditeY|Blaze|HeatWave,SolarBeam,WeatherBall,Protect|Modest||M|||50|]Kingambit||ChopleBerry|Defiant|SuckerPunch,KowtowCleave,IronHead,LowKick|Adamant||M|||50|
|
|t:|1783538003
|teamsize|p1|4
|teamsize|p2|4
|start
|switch|p1a: Talonflame|Talonflame, L50, F|100/100
|switch|p1b: Hydreigon|Hydreigon, L50, M|100/100
|switch|p2a: Kingambit|Kingambit, L50, M|100/100
|switch|p2b: Basculegion|Basculegion, L50, M|100/100
|turn|1
|
|t:|1783538017
|switch|p2a: Whimsicott|Whimsicott, L50, M|100/100
|move|p1a: Talonflame|Protect|p1a: Talonflame
|-singleturn|p1a: Talonflame|Protect
|move|p2b: Basculegion|Aqua Jet|p1a: Talonflame
|-activate|p1a: Talonflame|move: Protect
|move|p1b: Hydreigon|Earth Power|p2a: Whimsicott
|-resisted|p2a: Whimsicott|1
|-damage|p2a: Whimsicott|67/100
|-damage|p1b: Hydreigon|90/100|[from] item: Life Orb
|
|upkeep
|turn|2
|
|t:|1783538035
|switch|p2b: Kingambit|Kingambit, L50, M|100/100
|move|p1a: Talonflame|Dual Wingbeat|p2a: Whimsicott
|-supereffective|p2a: Whimsicott|1
|-damage|p2a: Whimsicott|9/100
|-supereffective|p2a: Whimsicott|1
|-damage|p2a: Whimsicott|0 fnt
|faint|p2a: Whimsicott
|-hitcount|p2: Whimsicott|2
|move|p1b: Hydreigon|Dark Pulse|p2b: Kingambit
|-resisted|p2b: Kingambit|1
|-damage|p2b: Kingambit|75/100
|-damage|p1b: Hydreigon|80/100|[from] item: Life Orb
|
|upkeep
|
|t:|1783538041
|switch|p2a: Floette|Floette-Eternal, L50, F|100/100
|turn|3
|
|t:|1783538068
|detailschange|p2a: Floette|Floette-Mega, L50, F
|-mega|p2a: Floette|Floette|Floettite
|-ability|p2a: Floette|Fairy Aura
|move|p1a: Talonflame|Tailwind|p1a: Talonflame
|-sidestart|p1: Ogerpon(W)VGC|move: Tailwind
|move|p1b: Hydreigon|Earth Power|p2b: Kingambit
|-supereffective|p2b: Kingambit|1
|-damage|p2b: Kingambit|0 fnt
|faint|p2b: Kingambit
|-damage|p1b: Hydreigon|71/100|[from] item: Life Orb
|move|p2a: Floette|Dazzling Gleam|p1b: Hydreigon|[spread] p1a,p1b
|-resisted|p1a: Talonflame|1
|-supereffective|p1b: Hydreigon|2
|-damage|p1a: Talonflame|64/100
|-damage|p1b: Hydreigon|0 fnt
|faint|p1b: Hydreigon
|
|upkeep
|
|t:|1783538085
|switch|p1b: Metagross|Metagross, L50, shiny|100/100
|switch|p2b: Basculegion|Basculegion, L50, M|100/100
|turn|4
|
|t:|1783538098
|detailschange|p1b: Metagross|Metagross-Mega, L50, shiny
|-mega|p1b: Metagross|Metagross|Metagrossite
|move|p1b: Metagross|Protect|p1b: Metagross
|-singleturn|p1b: Metagross|Protect
|move|p2b: Basculegion|Protect|p2b: Basculegion
|-singleturn|p2b: Basculegion|Protect
|move|p1a: Talonflame|Dual Wingbeat|p2b: Basculegion
|-activate|p2b: Basculegion|move: Protect
|move|p2a: Floette|Dazzling Gleam|p1a: Talonflame|[spread] p1a
|-activate|p1b: Metagross|move: Protect
|-resisted|p1a: Talonflame|1
|-damage|p1a: Talonflame|26/100
|
|upkeep
|turn|5
|
|t:|1783538115
|move|p2b: Basculegion|Protect|p2b: Basculegion
|-singleturn|p2b: Basculegion|Protect
|move|p1a: Talonflame|Dual Wingbeat|p2b: Basculegion
|-activate|p2b: Basculegion|move: Protect
|move|p1b: Metagross|Psychic Fangs|p2b: Basculegion
|-activate|p2b: Basculegion|move: Protect
|move|p2a: Floette|Dazzling Gleam|p1a: Talonflame|[spread] p1a,p1b
|-resisted|p1a: Talonflame|1
|-resisted|p1b: Metagross|1
|-damage|p1a: Talonflame|0 fnt
|-damage|p1b: Metagross|80/100
|faint|p1a: Talonflame
|
|upkeep
|
|t:|1783538129
|switch|p1a: Ceruledge|Ceruledge, L50, F|100/100
|turn|6
|
|t:|1783538142
|move|p2b: Basculegion|Protect||[still]
|-fail|p2b: Basculegion
|move|p1a: Ceruledge|Shadow Sneak|p2b: Basculegion
|-supereffective|p2b: Basculegion|1
|-damage|p2b: Basculegion|57/100
|move|p1b: Metagross|Psychic Fangs|p2b: Basculegion
|-damage|p2b: Basculegion|0 fnt
|faint|p2b: Basculegion
|move|p2a: Floette|Light of Ruin|p1a: Ceruledge
|-resisted|p1a: Ceruledge|1
|-damage|p1a: Ceruledge|43/100
|-damage|p2a: Floette|69/100|[from] Recoil
|
|-sideend|p1: Ogerpon(W)VGC|move: Tailwind
|upkeep
|turn|7
|-message|liamvgc1 forfeited.
|
|win|Ogerpon(W)VGC
|l|☆liamvgc1
|player|p2|
