|j|☆robby w
|j|☆mysteriousmothman
|html|robby wmysteriousmothman    
|uhtml|bestof|Game 2 of a best-of-3
|t:|1756569797
|gametype|doubles
|player|p1|robby w|pokekid|1311
|player|p2|mysteriousmothman|skier|1281
|gen|9
|tier|[Gen 9] VGC 2025 Reg H (Bo3)
|rated|
|rule|Species Clause: Limit one of each Pokémon
|rule|Item Clause: Limit 1 of each item
|clearpoke
|poke|p1|Dondozo, L50, F|
|poke|p1|Tatsugiri, L50, M|
|poke|p1|Sneasler, L50, F|
|poke|p1|Indeedee, L50, M|
|poke|p1|Ursaluna-Bloodmoon, L50, M|
|poke|p1|Electabuzz, L50, F|
|poke|p2|Porygon2, L50|
|poke|p2|Hydreigon, L50, M|
|poke|p2|Incineroar, L50, M|
|poke|p2|Ursaluna, L50, F|
|poke|p2|Amoonguss, L50, F|
|poke|p2|Gholdengo, L50|
|teampreview|4
|showteam|p1|Dondozo||Leftovers|Unaware|Protect,WaveCrash,Earthquake,OrderUp|||F|||50|,,,,,Grass]Tatsugiri||ChoiceScarf|Commander|DragonPulse,IcyWind,DracoMeteor,MuddyWater|||M|||50|,,,,,Stellar]Sneasler||PsychicSeed|Unburden|DireClaw,CloseCombat,Protect,ThroatChop|||F|||50|,,,,,Dark]Indeedee||FocusSash|PsychicSurge|DazzlingGleam,TrickRoom,ExpandingForce,Protect|||M|||50|,,,,,Fairy]Ursaluna-Bloodmoon||LifeOrb|MindsEye|BloodMoon,Protect,HyperVoice,EarthPower|||M|||50|,,,,,Normal]Electabuzz||Eviolite|VitalSpirit|Electroweb,Protect,FollowMe,Taunt|||F|||50|,,,,,Ghost
|showteam|p2|Porygon2||Eviolite|Download|TeraBlast,IceBeam,TrickRoom,Recover||||||50|,,,,,Fighting]Hydreigon||SafetyGoggles|Levitate|Snarl,DracoMeteor,Tailwind,Protect|||M|||50|,,,,,Ghost]Incineroar||SitrusBerry|Intimidate|FlareBlitz,KnockOff,PartingShot,FakeOut|||M|||50|,,,,,Grass]Ursaluna||FlameOrb|Guts|Facade,HeadlongRush,Earthquake,Protect|||F|||50|,,,,,Water]Amoonguss||CovertCloak|Regenerator|PollenPuff,Spore,RagePowder,Protect|||F|||50|,,,,,Fire]Gholdengo||MetalCoat|GoodasGold|MakeItRain,ShadowBall,NastyPlot,Protect||||||50|,,,,,Flying
|
|t:|1756569816
|teamsize|p1|4
|teamsize|p2|4
|start
|switch|p1a: Ursaluna|Ursaluna-Bloodmoon, L50, M|100/100
|switch|p1b: Electabuzz|Electabuzz, L50, F, shiny|100/100
|switch|p2a: Incineroar|Incineroar, L50, M, shiny|100/100
|switch|p2b: Gholdengo|Gholdengo, L50, shiny|100/100
|-ability|p2a: Incineroar|Intimidate|boost
|-unboost|p1a: Ursaluna|atk|1
|-unboost|p1b: Electabuzz|atk|1
|turn|1
|
|t:|1756569856
|move|p1b: Electabuzz|Protect|p1b: Electabuzz
|-singleturn|p1b: Electabuzz|Protect
|move|p1a: Ursaluna|Protect|p1a: Ursaluna
|-singleturn|p1a: Ursaluna|Protect
|move|p2a: Incineroar|Fake Out|p1a: Ursaluna
|-activate|p1a: Ursaluna|move: Protect
|move|p2b: Gholdengo|Nasty Plot|p2b: Gholdengo
|-boost|p2b: Gholdengo|spa|2
|
|upkeep
|turn|2
|inactive|Battle timer is ON: inactive players will automatically lose when time's up. (requested by robby w)
|
|t:|1756569878
|move|p1b: Electabuzz|Electroweb|p2a: Incineroar|[spread] p2a,p2b
|-damage|p2a: Incineroar|86/100
|-damage|p2b: Gholdengo|87/100
|-unboost|p2a: Incineroar|spe|1
|-unboost|p2b: Gholdengo|spe|1
|move|p1a: Ursaluna|Blood Moon|p2a: Incineroar
|-damage|p2a: Incineroar|0 fnt
|faint|p2a: Incineroar
|-damage|p1a: Ursaluna|91/100|[from] item: Life Orb
|move|p2b: Gholdengo|Make It Rain|p1a: Ursaluna|[spread] p1a,p1b
|-resisted|p1b: Electabuzz
|-damage|p1a: Ursaluna|0 fnt
|-damage|p1b: Electabuzz|47/100
|-unboost|p2b: Gholdengo|spa|1
|faint|p1a: Ursaluna
|
|upkeep
|
|t:|1756569895
|switch|p2a: Porygon2|Porygon2, L50, shiny|100/100
|switch|p1a: Dondozo|Dondozo, L50, F, shiny|100/100
|-ability|p2a: Porygon2|Download|boost
|-boost|p2a: Porygon2|spa|1
|turn|3
|inactive|robby w has 30 seconds left.
|inactive|mysteriousmothman has 30 seconds left.
|inactive|robby w has 20 seconds left.
|
|t:|1756569930
|switch|p2b: Amoonguss|Amoonguss, L50, F, shiny|100/100
|move|p1b: Electabuzz|Taunt|p2a: Porygon2
|-start|p2a: Porygon2|move: Taunt
|move|p1a: Dondozo|Wave Crash|p2a: Porygon2
|-damage|p2a: Porygon2|61/100
|-damage|p1a: Dondozo|89/100|[from] Recoil
|cant|p2a: Porygon2|move: Taunt|Trick Room
|
|-heal|p1a: Dondozo|96/100|[from] item: Leftovers
|upkeep
|turn|4
|inactive|robby w has 30 seconds left.
|
|t:|1756569955
|switch|p1b: Tatsugiri|Tatsugiri, L50, M|100/100
|-activate|p1b: Tatsugiri|ability: Commander|[of] p1a: Dondozo
|-boost|p1a: Dondozo|atk|2
|-boost|p1a: Dondozo|spa|2
|-boost|p1a: Dondozo|spe|2
|-boost|p1a: Dondozo|def|2
|-boost|p1a: Dondozo|spd|2
|-terastallize|p1a: Dondozo|Grass
|move|p1a: Dondozo|Earthquake|p2b: Amoonguss|[spread] p2a,p2b
|-miss|p1a: Dondozo|p1b: Tatsugiri
|-damage|p2a: Porygon2|29/100
|-damage|p2b: Amoonguss|56/100
|move|p2a: Porygon2|Tera Blast|p1a: Dondozo
|-damage|p1a: Dondozo|73/100
|move|p2b: Amoonguss|Pollen Puff|p2a: Porygon2
|-heal|p2a: Porygon2|79/100
|
|-heal|p1a: Dondozo|79/100|[from] item: Leftovers
|upkeep
|turn|5
|
|t:|1756569978
|move|p1a: Dondozo|Earthquake|p2a: Porygon2|[spread] p2a,p2b
|-miss|p1a: Dondozo|p1b: Tatsugiri
|-damage|p2a: Porygon2|47/100
|-damage|p2b: Amoonguss|10/100
|move|p2a: Porygon2|Ice Beam|p1a: Dondozo
|-supereffective|p1a: Dondozo
|-damage|p1a: Dondozo|47/100
|move|p2b: Amoonguss|Pollen Puff|p1a: Dondozo
|-supereffective|p1a: Dondozo
|-damage|p1a: Dondozo|26/100
|
|-heal|p1a: Dondozo|32/100|[from] item: Leftovers
|-end|p2a: Porygon2|move: Taunt
|upkeep
|turn|6
|
|t:|1756570000
|move|p1a: Dondozo|Earthquake|p2a: Porygon2|[spread] p2a,p2b
|-miss|p1a: Dondozo|p1b: Tatsugiri
|-crit|p2b: Amoonguss
|-damage|p2a: Porygon2|17/100
|-damage|p2b: Amoonguss|0 fnt
|faint|p2b: Amoonguss
|move|p2a: Porygon2|Trick Room|p2a: Porygon2
|-fieldstart|move: Trick Room|[of] p2a: Porygon2
|
|-heal|p1a: Dondozo|39/100|[from] item: Leftovers
|upkeep
|
|t:|1756570008
|switch|p2b: Gholdengo|Gholdengo, L50, shiny|87/100
|turn|7
|
|t:|1756570019
|-terastallize|p2b: Gholdengo|Flying
|move|p2a: Porygon2|Recover|p2a: Porygon2
|-heal|p2a: Porygon2|67/100
|move|p2b: Gholdengo|Nasty Plot|p2b: Gholdengo
|-boost|p2b: Gholdengo|spa|2
|move|p1a: Dondozo|Earthquake|p2a: Porygon2|[spread] p2a
|-miss|p1a: Dondozo|p1b: Tatsugiri
|-immune|p2b: Gholdengo
|-damage|p2a: Porygon2|35/100
|
|-heal|p1a: Dondozo|45/100|[from] item: Leftovers
|upkeep
|turn|8
|
|t:|1756570048
|move|p2a: Porygon2|Recover|p2a: Porygon2
|-heal|p2a: Porygon2|85/100
|move|p2b: Gholdengo|Shadow Ball|p1a: Dondozo
|-damage|p1a: Dondozo|18/100
|move|p1a: Dondozo|Order Up|p2a: Porygon2
|-damage|p2a: Porygon2|54/100
|-boost|p1a: Dondozo|atk|1
|
|-heal|p1a: Dondozo|24/100|[from] item: Leftovers
|upkeep
|turn|9
|
|t:|1756570064
|move|p1a: Dondozo|Protect|p1a: Dondozo
|-singleturn|p1a: Dondozo|Protect
|move|p2a: Porygon2|Ice Beam|p1a: Dondozo
|-activate|p1a: Dondozo|move: Protect
|move|p2b: Gholdengo|Shadow Ball|p1b: Tatsugiri|[miss]
|-miss|p2b: Gholdengo|p1b: Tatsugiri
|
|-heal|p1a: Dondozo|31/100|[from] item: Leftovers
|upkeep
|turn|10
|
|t:|1756570079
|move|p2a: Porygon2|Ice Beam|p1a: Dondozo
|-supereffective|p1a: Dondozo
|-damage|p1a: Dondozo|0 fnt
|faint|p1a: Dondozo
|move|p2b: Gholdengo|Shadow Ball|p1b: Tatsugiri
|-damage|p1b: Tatsugiri|0 fnt
|faint|p1b: Tatsugiri
|
|-fieldend|move: Trick Room
|upkeep
|
|t:|1756570090
|switch|p1a: Electabuzz|Electabuzz, L50, F, shiny|47/100
|turn|11
|c|☆mysteriousmothman|ggs
|
|t:|1756570095
|move|p1a: Electabuzz|Electroweb|p2a: Porygon2|[spread] p2a,p2b
|-supereffective|p2b: Gholdengo
|-damage|p2a: Porygon2|44/100
|-damage|p2b: Gholdengo|61/100
|-unboost|p2a: Porygon2|spe|1
|-unboost|p2b: Gholdengo|spe|1
|move|p2b: Gholdengo|Shadow Ball|p1a: Electabuzz
|-damage|p1a: Electabuzz|0 fnt
|faint|p1a: Electabuzz
|
|win|mysteriousmothman
|raw|robby w's rating: 1311 → 1289(-22 for losing)
|raw|mysteriousmothman's rating: 1281 → 1308(+27 for winning)
|c|☆robby w|gg
|l|☆mysteriousmothman
|player|p2|
