|j|☆MiraiQuaza
|j|☆marcosdeltasena31
|html|MiraiQuazamarcosdeltasena31    
|uhtml|bestof|Game 2 of a best-of-3
|t:|1757713800
|gametype|doubles
|player|p1|MiraiQuaza|lucas|1283
|player|p2|marcosdeltasena31|hilbert|1414
|gen|9
|tier|[Gen 9] VGC 2025 Reg H (Bo3)
|rated|
|rule|Species Clause: Limit one of each Pokémon
|rule|Item Clause: Limit 1 of each item
|clearpoke
|poke|p1|Charizard, L50, M|
|poke|p1|Whimsicott, L50, M|
|poke|p1|Archaludon, L50, M|
|poke|p1|Dragapult, L50, F|
|poke|p1|Torkoal, L50, F|
|poke|p1|Baxcalibur, L50, F|
|poke|p2|Dragonite, L50, F|
|poke|p2|Sneasler, L50, F|
|poke|p2|Volcarona, L50, F|
|poke|p2|Rillaboom, L50, M|
|poke|p2|Kingambit, L50, F|
|poke|p2|Electabuzz, L50, F|
|teampreview|4
|showteam|p1|Charizard||LifeOrb|SolarPower|HeatWave,AirSlash,SolarBeam,Protect|||M|||50|,,,,,Fire]Whimsicott||FocusSash|Prankster|Tailwind,SunnyDay,Moonblast,BeatUp|||M|||50|,,,,,Ghost]Archaludon||AssaultVest|Stamina|DracoMeteor,ElectroShot,BodyPress,Snarl|||M|||50|,,,,,Grass]Dragapult||ChoiceBand|ClearBody|DragonDarts,PhantomForce,TeraBlast,Uturn|||F|||50|,,,,,Steel]Torkoal||ChoiceSpecs|Drought|Eruption,HeatWave,EarthPower,WeatherBall|||F|||50|,,,,,Fire]Baxcalibur||LoadedDice|ThermalExchange|GlaiveRush,IcicleSpear,DragonDance,Protect|||F|||50|,,,,,Poison
|showteam|p2|Dragonite||LoadedDice|Multiscale|ScaleShot,ExtremeSpeed,Haze,Protect|||F|||50|,,,,,Fairy]Sneasler||FocusSash|PoisonTouch|DireClaw,CloseCombat,FakeOut,Coaching|||F|||50|,,,,,Ghost]Volcarona||CovertCloak|FlameBody|HeatWave,TeraBlast,QuiverDance,Protect|||F|||50|,,,,,Fairy]Rillaboom||AssaultVest|GrassySurge|WoodHammer,FakeOut,GrassyGlide,HighHorsepower|||M|||50|,,,,,Fire]Kingambit||BlackGlasses|Defiant|KowtowCleave,SwordsDance,SuckerPunch,Protect|||F|||50|,,,,,Dark]Electabuzz||Eviolite|VitalSpirit|Thunderbolt,FollowMe,Taunt,Protect|||F|||50|,,,,,Ghost
|inactive|Battle timer is ON: inactive players will automatically lose when time's up. (requested by MiraiQuaza)
|
|t:|1757713830
|teamsize|p1|4
|teamsize|p2|4
|start
|switch|p1a: Whimsicott|Whimsicott, L50, M|100/100
|switch|p1b: Charizard|Charizard, L50, M, shiny|100/100
|switch|p2a: Dragonite|Dragonite, L50, F|100/100
|switch|p2b: Electabuzz|Electabuzz, L50, F|100/100
|turn|1
|
|t:|1757713842
|switch|p1b: Archaludon|Archaludon, L50, M|100/100
|move|p1a: Whimsicott|Beat Up|p1b: Archaludon
|-damage|p1b: Archaludon|99/100
|-ability|p1b: Archaludon|Stamina|boost
|-boost|p1b: Archaludon|def|1
|-damage|p1b: Archaludon|97/100
|-ability|p1b: Archaludon|Stamina|boost
|-boost|p1b: Archaludon|def|1
|-damage|p1b: Archaludon|96/100
|-ability|p1b: Archaludon|Stamina|boost
|-boost|p1b: Archaludon|def|1
|-damage|p1b: Archaludon|95/100
|-ability|p1b: Archaludon|Stamina|boost
|-boost|p1b: Archaludon|def|1
|-hitcount|p1b: Archaludon|4
|move|p2b: Electabuzz|Thunderbolt|p1a: Whimsicott
|-resisted|p1a: Whimsicott
|-damage|p1a: Whimsicott|79/100
|move|p2a: Dragonite|Scale Shot|p1b: Archaludon
|-damage|p1b: Archaludon|91/100
|-ability|p1b: Archaludon|Stamina|boost
|-boost|p1b: Archaludon|def|1
|-crit|p1b: Archaludon
|-damage|p1b: Archaludon|75/100
|-ability|p1b: Archaludon|Stamina|boost
|-boost|p1b: Archaludon|def|1
|-damage|p1b: Archaludon|72/100
|-damage|p1b: Archaludon|69/100
|-damage|p1b: Archaludon|66/100
|-hitcount|p1b: Archaludon|5
|-unboost|p2a: Dragonite|def|1
|-boost|p2a: Dragonite|spe|1
|
|upkeep
|turn|2
|inactive|MiraiQuaza has 30 seconds left.
|inactive|MiraiQuaza has 20 seconds left.
|
|t:|1757713877
|move|p2b: Electabuzz|Follow Me|p2b: Electabuzz
|-singleturn|p2b: Electabuzz|move: Follow Me
|move|p1a: Whimsicott|Tailwind|p1a: Whimsicott
|-sidestart|p1: MiraiQuaza|move: Tailwind
|move|p1b: Archaludon|Body Press|p2b: Electabuzz
|-damage|p2b: Electabuzz|24/100
|move|p2a: Dragonite|Haze|p2a: Dragonite
|-clearallboost
|
|upkeep
|turn|3
|inactive|MiraiQuaza has 30 seconds left.
|
|t:|1757713903
|switch|p1a: Baxcalibur|Baxcalibur, L50, F|100/100
|move|p2b: Electabuzz|Follow Me|p2b: Electabuzz
|-singleturn|p2b: Electabuzz|move: Follow Me
|move|p2a: Dragonite|Extreme Speed|p1a: Baxcalibur
|-damage|p1a: Baxcalibur|72/100
|move|p1b: Archaludon|Draco Meteor|p2b: Electabuzz
|-damage|p2b: Electabuzz|0 fnt
|-unboost|p1b: Archaludon|spa|2
|faint|p2b: Electabuzz
|
|upkeep
|
|t:|1757713916
|switch|p2b: Rillaboom|Rillaboom, L50, M|100/100
|-fieldstart|move: Grassy Terrain|[from] ability: Grassy Surge|[of] p2b: Rillaboom
|turn|4
|
|t:|1757713927
|move|p1a: Baxcalibur|Protect|p1a: Baxcalibur
|-singleturn|p1a: Baxcalibur|Protect
|move|p2b: Rillaboom|Fake Out|p1a: Baxcalibur
|-activate|p1a: Baxcalibur|move: Protect
|move|p1b: Archaludon|Draco Meteor|p2a: Dragonite
|-supereffective|p2a: Dragonite
|-damage|p2a: Dragonite|66/100
|-unboost|p1b: Archaludon|spa|2
|move|p2a: Dragonite|Scale Shot|p1a: Baxcalibur
|-activate|p1a: Baxcalibur|move: Protect
|
|-heal|p1a: Baxcalibur|79/100|[from] Grassy Terrain
|-heal|p1b: Archaludon|72/100|[from] Grassy Terrain
|upkeep
|turn|5
|inactive|marcosdeltasena31 has 30 seconds left.
|
|t:|1757713954
|switch|p1a: Whimsicott|Whimsicott, L50, M|79/100
|move|p2a: Dragonite|Extreme Speed|p1a: Whimsicott
|-damage|p1a: Whimsicott|43/100
|move|p1b: Archaludon|Draco Meteor|p2a: Dragonite
|-supereffective|p2a: Dragonite
|-damage|p2a: Dragonite|21/100
|-unboost|p1b: Archaludon|spa|2
|move|p2b: Rillaboom|High Horsepower|p1a: Whimsicott
|-resisted|p1a: Whimsicott
|-damage|p1a: Whimsicott|25/100
|
|-heal|p1a: Whimsicott|31/100|[from] Grassy Terrain
|-heal|p1b: Archaludon|78/100|[from] Grassy Terrain
|-sideend|p1: MiraiQuaza|move: Tailwind
|upkeep
|turn|6
|inactive|MiraiQuaza has 30 seconds left.
|inactive|MiraiQuaza has 20 seconds left.
|
|t:|1757713993
|switch|p2b: Volcarona|Volcarona, L50, F|100/100
|-terastallize|p1a: Whimsicott|Ghost
|move|p2a: Dragonite|Extreme Speed|p1a: Whimsicott
|-immune|p1a: Whimsicott
|move|p1a: Whimsicott|Tailwind|p1a: Whimsicott
|-sidestart|p1: MiraiQuaza|move: Tailwind
|move|p1b: Archaludon|Body Press|p2b: Volcarona
|-resisted|p2b: Volcarona
|-damage|p2b: Volcarona|86/100
|
|-heal|p1a: Whimsicott|37/100|[from] Grassy Terrain
|-heal|p1b: Archaludon|84/100|[from] Grassy Terrain
|-heal|p2b: Volcarona|92/100|[from] Grassy Terrain
|upkeep
|turn|7
|
|t:|1757714015
|switch|p1b: Charizard|Charizard, L50, M, shiny|100/100
|move|p1a: Whimsicott|Moonblast|p2a: Dragonite
|-supereffective|p2a: Dragonite
|-damage|p2a: Dragonite|0 fnt
|faint|p2a: Dragonite
|move|p2b: Volcarona|Quiver Dance|p2b: Volcarona
|-boost|p2b: Volcarona|spa|1
|-boost|p2b: Volcarona|spd|1
|-boost|p2b: Volcarona|spe|1
|
|-heal|p1a: Whimsicott|43/100|[from] Grassy Terrain
|-heal|p2b: Volcarona|98/100|[from] Grassy Terrain
|upkeep
|
|t:|1757714024
|switch|p2a: Rillaboom|Rillaboom, L50, M|100/100
|turn|8
|
|t:|1757714034
|switch|p1a: Baxcalibur|Baxcalibur, L50, F|79/100
|move|p2a: Rillaboom|Fake Out|p1b: Charizard
|-damage|p1b: Charizard|83/100
|cant|p1b: Charizard|flinch
|move|p2b: Volcarona|Heat Wave|p1a: Baxcalibur|[spread] p1a,p1b
|-resisted|p1b: Charizard
|-damage|p1a: Baxcalibur|18/100
|-damage|p1b: Charizard|47/100
|-ability|p1a: Baxcalibur|Thermal Exchange|boost
|-boost|p1a: Baxcalibur|atk|1
|
|-heal|p1a: Baxcalibur|24/100|[from] Grassy Terrain
|-heal|p2b: Volcarona|100/100|[from] Grassy Terrain
|-fieldend|move: Grassy Terrain
|upkeep
|turn|9
|
|t:|1757714058
|move|p2b: Volcarona|Protect|p2b: Volcarona
|-singleturn|p2b: Volcarona|Protect
|move|p1b: Charizard|Air Slash|p2b: Volcarona
|-activate|p2b: Volcarona|move: Protect
|move|p1a: Baxcalibur|Icicle Spear|p2a: Rillaboom
|-supereffective|p2a: Rillaboom
|-damage|p2a: Rillaboom|59/100
|-supereffective|p2a: Rillaboom
|-damage|p2a: Rillaboom|20/100
|-supereffective|p2a: Rillaboom
|-damage|p2a: Rillaboom|0 fnt
|faint|p2a: Rillaboom
|-hitcount|p2: Rillaboom|3
|
|-sideend|p1: MiraiQuaza|move: Tailwind
|upkeep
|turn|10
|inactive|MiraiQuaza has 30 seconds left.
|
|t:|1757714093
|switch|p1a: Archaludon|Archaludon, L50, M|84/100
|-terastallize|p2b: Volcarona|Fairy
|move|p2b: Volcarona|Heat Wave|p1a: Archaludon|[spread] p1a
|-miss|p2b: Volcarona|p1b: Charizard
|-damage|p1a: Archaludon|38/100
|-ability|p1a: Archaludon|Stamina|boost
|-boost|p1a: Archaludon|def|1
|move|p1b: Charizard|Air Slash|p2b: Volcarona
|-damage|p2b: Volcarona|74/100
|-damage|p1b: Charizard|38/100|[from] item: Life Orb
|
|upkeep
|turn|11
|
|t:|1757714110
|move|p2b: Volcarona|Quiver Dance|p2b: Volcarona
|-boost|p2b: Volcarona|spa|1
|-boost|p2b: Volcarona|spd|1
|-boost|p2b: Volcarona|spe|1
|move|p1b: Charizard|Air Slash|p2b: Volcarona
|-damage|p2b: Volcarona|52/100
|-damage|p1b: Charizard|28/100|[from] item: Life Orb
|move|p1a: Archaludon|Body Press|p2b: Volcarona
|-resisted|p2b: Volcarona
|-damage|p2b: Volcarona|29/100
|
|upkeep
|turn|12
|
|t:|1757714124
|move|p1b: Charizard|Protect|p1b: Charizard
|-singleturn|p1b: Charizard|Protect
|move|p2b: Volcarona|Heat Wave|p1a: Archaludon|[spread] p1a
|-activate|p1b: Charizard|move: Protect
|-damage|p1a: Archaludon|0 fnt
|faint|p1a: Archaludon
|
|upkeep
|
|t:|1757714132
|switch|p1a: Whimsicott|Whimsicott, L50, M, tera:Ghost|43/100
|turn|13
|
|t:|1757714138
|move|p1a: Whimsicott|Tailwind|p1a: Whimsicott
|-sidestart|p1: MiraiQuaza|move: Tailwind
|move|p1b: Charizard|Air Slash|p2b: Volcarona
|-damage|p2b: Volcarona|7/100
|-damage|p1b: Charizard|19/100|[from] item: Life Orb
|move|p2b: Volcarona|Heat Wave|p1a: Whimsicott|[spread] p1a,p1b
|-resisted|p1b: Charizard
|-damage|p1a: Whimsicott|0 fnt
|-damage|p1b: Charizard|0 fnt
|faint|p1a: Whimsicott
|faint|p1b: Charizard
|
|upkeep
|
|t:|1757714150
|switch|p1b: Baxcalibur|Baxcalibur, L50, F|24/100
|turn|14
|
|t:|1757714160
|move|p2b: Volcarona|Tera Blast|p1b: Baxcalibur|[anim] Tera Blast Fairy
|-supereffective|p1b: Baxcalibur
|-damage|p1b: Baxcalibur|0 fnt
|faint|p1b: Baxcalibur
|
|win|marcosdeltasena31
|raw|MiraiQuaza's rating: 1283 → 1267(-16 for losing)
|raw|marcosdeltasena31's rating: 1414 → 1427(+13 for winning)
|l|☆MiraiQuaza
|player|p1|
