|j|☆dollartreehero
|j|☆boooobthebuilder
|html|dollartreeheroboooobthebuilder    
|uhtml|bestof|Game 2 of a best-of-3
|t:|1757777450
|gametype|doubles
|player|p1|dollartreehero|bugcatcher-gen4dp|1135
|player|p2|boooobthebuilder|101|1046
|gen|9
|tier|[Gen 9] VGC 2025 Reg H (Bo3)
|rated|
|rule|Species Clause: Limit one of each Pokémon
|rule|Item Clause: Limit 1 of each item
|clearpoke
|poke|p1|Talonflame, L50, F|
|poke|p1|Garchomp, L50, M|
|poke|p1|Tyranitar, L50, F|
|poke|p1|Milotic, L50, F|
|poke|p1|Sinistcha, L50|
|poke|p1|Gholdengo, L50|
|poke|p2|Rillaboom, L50, F|
|poke|p2|Magnezone, L50|
|poke|p2|Ninetales-Alola, L50, F|
|poke|p2|Volcarona, L50, F|
|poke|p2|Salamence, L50, M|
|poke|p2|Baxcalibur, L50, M|
|teampreview|4
|showteam|p1|Talonflame||CovertCloak|GaleWings|DualWingbeat,Tailwind,WillOWisp,Taunt|||F|||50|,,,,,Flying]Garchomp||LifeOrb|RoughSkin|Protect,StompingTantrum,Earthquake,DragonClaw|||M|||50|,,,,,Ground]Tyranitar||AssaultVest|SandStream|RockSlide,KnockOff,LowKick,TeraBlast|||F|||50|,,,,,Flying]Milotic||SafetyGoggles|Competitive|Scald,IcyWind,Haze,Protect|||F|||50|,,,,,Poison]Sinistcha||SitrusBerry|Hospitality|MatchaGotcha,TrickRoom,RagePowder,Imprison||||||50|,,,,,Water]Gholdengo||MetalCoat|GoodasGold|MakeItRain,ShadowBall,NastyPlot,Protect||||||50|,,,,,Flying
|showteam|p2|Rillaboom||AssaultVest|GrassySurge|FakeOut,GrassyGlide,WoodHammer,Uturn|||F|||50|,,,,,Fire]Magnezone||ChoiceSpecs|Analytic|Discharge,FlashCannon,TeraBlast,VoltSwitch||||||50|,,,,,Flying]Ninetales-Alola||FocusSash|SnowWarning|Protect,Blizzard,Moonblast,AuroraVeil|||F|||50|,,,,,Water]Volcarona||Leftovers|FlameBody|Protect,FieryDance,GigaDrain,QuiverDance|||F|||50|,,,,,Grass]Salamence||LifeOrb|Intimidate|Protect,AirSlash,DracoMeteor,Tailwind|||M|||50|,,,,,Flying]Baxcalibur||LoadedDice|ThermalExchange|Protect,IcicleSpear,GlaiveRush,IceShard|||M|||50|,,,,,Ghost
|inactive|Battle timer is ON: inactive players will automatically lose when time's up. (requested by boooobthebuilder)
|inactive|dollartreehero also wants the timer to be on.
|
|t:|1757777478
|teamsize|p1|4
|teamsize|p2|4
|start
|switch|p1a: Milotic|Milotic, L50, F|100/100
|switch|p1b: Talonflame|Talonflame, L50, F|100/100
|switch|p2a: Volcarona|Volcarona, L50, F|100/100
|switch|p2b: Rillaboom|Rillaboom, L50, F|100/100
|-fieldstart|move: Grassy Terrain|[from] ability: Grassy Surge|[of] p2b: Rillaboom
|turn|1
|inactive|dollartreehero has 30 seconds left.
|
|t:|1757777505
|move|p1a: Milotic|Protect|p1a: Milotic
|-singleturn|p1a: Milotic|Protect
|move|p2b: Rillaboom|Fake Out|p1a: Milotic
|-activate|p1a: Milotic|move: Protect
|move|p1b: Talonflame|Will-O-Wisp|p2b: Rillaboom
|-status|p2b: Rillaboom|brn
|move|p2a: Volcarona|Quiver Dance|p2a: Volcarona
|-boost|p2a: Volcarona|spa|1
|-boost|p2a: Volcarona|spd|1
|-boost|p2a: Volcarona|spe|1
|
|-damage|p2b: Rillaboom|94/100 brn|[from] brn
|upkeep
|turn|2
|
|t:|1757777527
|-terastallize|p2a: Volcarona|Grass
|move|p1b: Talonflame|Dual Wingbeat|p2b: Rillaboom|[miss]
|-miss|p1b: Talonflame|p2b: Rillaboom
|move|p2b: Rillaboom|Grassy Glide|p1b: Talonflame
|-resisted|p1b: Talonflame
|-damage|p1b: Talonflame|94/100
|move|p2a: Volcarona|Giga Drain|p1a: Milotic
|-supereffective|p1a: Milotic
|-damage|p1a: Milotic|0 fnt
|faint|p1a: Milotic
|
|-heal|p2b: Rillaboom|100/100 brn|[from] Grassy Terrain
|-damage|p2b: Rillaboom|94/100 brn|[from] brn
|upkeep
|
|t:|1757777540
|switch|p1a: Gholdengo|Gholdengo, L50|100/100
|turn|3
|
|t:|1757777550
|move|p1b: Talonflame|Dual Wingbeat|p2a: Volcarona
|-supereffective|p2a: Volcarona
|-damage|p2a: Volcarona|64/100
|-supereffective|p2a: Volcarona
|-damage|p2a: Volcarona|32/100
|-hitcount|p2a: Volcarona|2
|move|p2a: Volcarona|Fiery Dance|p1a: Gholdengo
|-supereffective|p1a: Gholdengo
|-damage|p1a: Gholdengo|0 fnt
|-boost|p2a: Volcarona|spa|1
|faint|p1a: Gholdengo
|move|p2b: Rillaboom|U-turn|p1b: Talonflame
|-resisted|p1b: Talonflame
|-damage|p1b: Talonflame|89/100
|
|t:|1757777560
|switch|p2b: Magnezone|Magnezone, L50|100/100|[from] U-turn
|
|-heal|p2a: Volcarona|38/100|[from] Grassy Terrain
|-heal|p2a: Volcarona|44/100|[from] item: Leftovers
|upkeep
|
|t:|1757777562
|switch|p1a: Tyranitar|Tyranitar, L50, F, shiny|100/100
|-weather|Sandstorm|[from] ability: Sand Stream|[of] p1a: Tyranitar
|turn|4
|inactive|boooobthebuilder has 30 seconds left.
|
|t:|1757777593
|move|p2a: Volcarona|Protect|p2a: Volcarona
|-singleturn|p2a: Volcarona|Protect
|move|p1b: Talonflame|Dual Wingbeat|p2a: Volcarona
|-activate|p2a: Volcarona|move: Protect
|move|p1a: Tyranitar|Low Kick|p2b: Magnezone
|-supereffective|p2b: Magnezone
|-damage|p2b: Magnezone|38/100
|move|p2b: Magnezone|Volt Switch|p1b: Talonflame
|-supereffective|p1b: Talonflame
|-damage|p1b: Talonflame|0 fnt
|faint|p1b: Talonflame
|
|t:|1757777604
|switch|p2b: Ninetales|Ninetales-Alola, L50, F|100/100|[from] Volt Switch
|-weather|Snowscape|[from] ability: Snow Warning|[of] p2b: Ninetales
|
|-weather|Snowscape|[upkeep]
|-heal|p2a: Volcarona|50/100|[from] Grassy Terrain
|-heal|p2a: Volcarona|56/100|[from] item: Leftovers
|upkeep
|turn|5
|
|t:|1757777612
|-terastallize|p1a: Tyranitar|Flying
|move|p2a: Volcarona|Giga Drain|p1a: Tyranitar
|-resisted|p1a: Tyranitar
|-damage|p1a: Tyranitar|73/100
|-heal|p2a: Volcarona|72/100|[from] drain|[of] p1a: Tyranitar
|move|p2b: Ninetales|Blizzard|p1a: Tyranitar
|-supereffective|p1a: Tyranitar
|-damage|p1a: Tyranitar|20/100
|move|p1a: Tyranitar|Rock Slide|p2a: Volcarona|[spread] p2a
|-miss|p1a: Tyranitar|p2b: Ninetales
|-damage|p2a: Volcarona|35/100
|
|-weather|Snowscape|[upkeep]
|-heal|p2a: Volcarona|41/100|[from] Grassy Terrain
|-heal|p2a: Volcarona|47/100|[from] item: Leftovers
|-fieldend|move: Grassy Terrain
|upkeep
|turn|6
|
|t:|1757777622
|move|p2a: Volcarona|Giga Drain|p1a: Tyranitar
|-resisted|p1a: Tyranitar
|-damage|p1a: Tyranitar|0 fnt
|-heal|p2a: Volcarona|58/100|[from] drain|[of] p1a: Tyranitar
|faint|p1a: Tyranitar
|
|win|boooobthebuilder
||dollartreehero is ready for game 3.
||boooobthebuilder is ready for game 3.
|uhtml|next|Next: Game 3 of 3
