|j|☆Reg H merchant
|j|☆Sonja Hilmer
|html|Reg H merchantSonja Hilmer    
|uhtml|bestof|Game 2 of a best-of-3
|t:|1757017977
|gametype|doubles
|player|p1|Reg H merchant|hilbert|1369
|player|p2|Sonja Hilmer|lady|1398
|gen|9
|tier|[Gen 9] VGC 2025 Reg H (Bo3)
|rated|
|rule|Species Clause: Limit one of each Pokémon
|rule|Item Clause: Limit 1 of each item
|clearpoke
|poke|p1|Electabuzz, L50, F|
|poke|p1|Sneasler, L50, F|
|poke|p1|Ursaluna-Bloodmoon, L50, M|
|poke|p1|Indeedee, L50, M|
|poke|p1|Incineroar, L50, F|
|poke|p1|Dragonite, L50, F|
|poke|p2|Dachsbun, L50, M|
|poke|p2|Typhlosion-Hisui, L50, F|
|poke|p2|Kingambit, L50, F|
|poke|p2|Jumpluff, L50, M|
|poke|p2|Rillaboom, L50, M|
|poke|p2|Torkoal, L50, M|
|teampreview|4
|showteam|p1|Electabuzz||Eviolite|VitalSpirit|Electroweb,FollowMe,Taunt,Protect|||F|||50|,,,,,Dragon]Sneasler||PsychicSeed|Unburden|DireClaw,ThroatChop,CloseCombat,Protect|||F|||50|,,,,,Dark]Ursaluna-Bloodmoon||LifeOrb|MindsEye|HyperVoice,BloodMoon,EarthPower,Protect|||M|||50|,,,,,Normal]Indeedee||FocusSash|PsychicSurge|ExpandingForce,Protect,TrickRoom,HelpingHand|||M|||50|,,,,,Psychic]Incineroar||SafetyGoggles|Intimidate|FakeOut,KnockOff,FlareBlitz,PartingShot|||F|||50|,,,,,Ghost]Dragonite||LoadedDice|Multiscale|ScaleShot,Haze,Protect,Tailwind|||F|||50|,,,,,Fairy
|showteam|p2|Dachsbun||Leftovers|WellBakedBody|BodyPress,Snarl,HelpingHand,Protect|||M|||50|,,,,,Steel]Typhlosion-Hisui||ChoiceSpecs|Blaze|Eruption,LavaPlume,Overheat,ShadowBall|||F|||50|,,,,,Fire]Kingambit||AssaultVest|Defiant|KowtowCleave,SuckerPunch,LowKick,TeraBlast|||F|||50|,,,,,Fairy]Jumpluff||CovertCloak|Chlorophyll|SleepPowder,SunnyDay,RagePowder,Tailwind|||M|||50|,,,,,Water]Rillaboom||LifeOrb|GrassySurge|WoodHammer,GrassyGlide,HighHorsepower,FakeOut|||M|||50|,,,,,Water]Torkoal||SitrusBerry|Drought|HeatWave,LavaPlume,ClearSmog,Protect|||M|||50|,,,,,Fairy
|inactive|Battle timer is ON: inactive players will automatically lose when time's up. (requested by Sonja Hilmer)
|inactive|Reg H merchant has 60 seconds left.
|inactive|Sonja Hilmer has 60 seconds left.
|
|t:|1757018013
|teamsize|p1|4
|teamsize|p2|4
|start
|switch|p1a: Electabuzz|Electabuzz, L50, F|100/100
|switch|p1b: Ursaluna|Ursaluna-Bloodmoon, L50, M|100/100
|switch|p2a: Typhlosion|Typhlosion-Hisui, L50, F|100/100
|switch|p2b: Jumpluff|Jumpluff, L50, M|100/100
|turn|1
|inactive|Reg H merchant has 30 seconds left.
|inactive|Sonja Hilmer has 30 seconds left.
|inactive|Reg H merchant has 20 seconds left.
|
|t:|1757018048
|switch|p1b: Incineroar|Incineroar, L50, F|100/100
|-ability|p1b: Incineroar|Intimidate|boost
|-unboost|p2a: Typhlosion|atk|1
|-unboost|p2b: Jumpluff|atk|1
|-terastallize|p1a: Electabuzz|Dragon
|-terastallize|p2a: Typhlosion|Fire
|move|p2b: Jumpluff|Tailwind|p2b: Jumpluff
|-sidestart|p2: Sonja Hilmer|move: Tailwind
|move|p2a: Typhlosion|Eruption|p1a: Electabuzz|[spread] p1a,p1b
|-resisted|p1a: Electabuzz
|-resisted|p1b: Incineroar
|-damage|p1a: Electabuzz|55/100
|-damage|p1b: Incineroar|53/100
|move|p1a: Electabuzz|Electroweb|p2a: Typhlosion|[spread] p2a,p2b
|-damage|p2a: Typhlosion|84/100
|-damage|p2b: Jumpluff|85/100
|-unboost|p2a: Typhlosion|spe|1
|
|upkeep
|turn|2
|inactive|Reg H merchant has 30 seconds left.
|
|t:|1757018082
|switch|p2b: Rillaboom|Rillaboom, L50, M|100/100
|-fieldstart|move: Grassy Terrain|[from] ability: Grassy Surge|[of] p2b: Rillaboom
|move|p1b: Incineroar|Fake Out|p2a: Typhlosion
|-crit|p2a: Typhlosion
|-damage|p2a: Typhlosion|59/100
|cant|p2a: Typhlosion|flinch
|move|p1a: Electabuzz|Electroweb|p2b: Rillaboom|[spread] p2a,p2b
|-resisted|p2b: Rillaboom
|-damage|p2a: Typhlosion|40/100
|-damage|p2b: Rillaboom|93/100
|-unboost|p2a: Typhlosion|spe|1
|-unboost|p2b: Rillaboom|spe|1
|
|-heal|p1a: Electabuzz|61/100|[from] Grassy Terrain
|-heal|p2a: Typhlosion|46/100|[from] Grassy Terrain
|-heal|p2b: Rillaboom|99/100|[from] Grassy Terrain
|-heal|p1b: Incineroar|59/100|[from] Grassy Terrain
|upkeep
|turn|3
|inactive|Reg H merchant has 30 seconds left.
|inactive|Reg H merchant has 20 seconds left.
|
|t:|1757018120
|move|p1a: Electabuzz|Protect|p1a: Electabuzz
|-singleturn|p1a: Electabuzz|Protect
|move|p2a: Typhlosion|Eruption|p1a: Electabuzz|[spread] p1b
|-activate|p1a: Electabuzz|move: Protect
|-resisted|p1b: Incineroar
|-damage|p1b: Incineroar|36/100
|move|p2b: Rillaboom|High Horsepower|p1b: Incineroar
|-supereffective|p1b: Incineroar
|-damage|p1b: Incineroar|0 fnt
|faint|p1b: Incineroar
|-damage|p2b: Rillaboom|90/100|[from] item: Life Orb
|
|-heal|p1a: Electabuzz|67/100|[from] Grassy Terrain
|-heal|p2a: Typhlosion|51/100|[from] Grassy Terrain
|-heal|p2b: Rillaboom|96/100|[from] Grassy Terrain
|upkeep
|
|t:|1757018138
|switch|p1b: Sneasler|Sneasler, L50, F|100/100
|turn|4
|
|t:|1757018150
|switch|p2b: Kingambit|Kingambit, L50, F|100/100
|move|p1b: Sneasler|Dire Claw|p2b: Kingambit
|-immune|p2b: Kingambit
|move|p1a: Electabuzz|Electroweb|p2b: Kingambit|[spread] p2a,p2b
|-damage|p2a: Typhlosion|32/100
|-damage|p2b: Kingambit|89/100
|-unboost|p2a: Typhlosion|spe|1
|-unboost|p2b: Kingambit|spe|1
|-ability|p2b: Kingambit|Defiant|boost
|-boost|p2b: Kingambit|atk|2
|move|p2a: Typhlosion|Eruption|p1a: Electabuzz|[spread] p1a,p1b
|-resisted|p1a: Electabuzz
|-damage|p1a: Electabuzz|46/100
|-damage|p1b: Sneasler|37/100
|
|-heal|p1a: Electabuzz|51/100|[from] Grassy Terrain
|-heal|p1b: Sneasler|43/100|[from] Grassy Terrain
|-heal|p2a: Typhlosion|38/100|[from] Grassy Terrain
|-heal|p2b: Kingambit|95/100|[from] Grassy Terrain
|-sideend|p2: Sonja Hilmer|move: Tailwind
|upkeep
|turn|5
|inactive|Reg H merchant has 30 seconds left.
|inactive|Reg H merchant has 20 seconds left.
|
|t:|1757018187
|switch|p2b: Jumpluff|Jumpluff, L50, M|85/100
|move|p1a: Electabuzz|Protect|p1a: Electabuzz
|-singleturn|p1a: Electabuzz|Protect
|move|p1b: Sneasler|Protect|p1b: Sneasler
|-singleturn|p1b: Sneasler|Protect
|move|p2a: Typhlosion|Eruption|p1b: Sneasler|[spread] 
|-activate|p1a: Electabuzz|move: Protect
|-activate|p1b: Sneasler|move: Protect
|
|-heal|p1b: Sneasler|49/100|[from] Grassy Terrain
|-heal|p1a: Electabuzz|57/100|[from] Grassy Terrain
|-heal|p2a: Typhlosion|44/100|[from] Grassy Terrain
|upkeep
|turn|6
|inactive|Sonja Hilmer has 30 seconds left.
|
|t:|1757018215
|switch|p2a: Rillaboom|Rillaboom, L50, M|96/100
|move|p2b: Jumpluff|Tailwind|p2b: Jumpluff
|-sidestart|p2: Sonja Hilmer|move: Tailwind
|move|p1b: Sneasler|Dire Claw|p2b: Jumpluff
|-supereffective|p2b: Jumpluff
|-damage|p2b: Jumpluff|0 fnt
|faint|p2b: Jumpluff
|move|p1a: Electabuzz|Electroweb|p2a: Rillaboom
|-resisted|p2a: Rillaboom
|-damage|p2a: Rillaboom|85/100
|-unboost|p2a: Rillaboom|spe|1
|
|-heal|p1b: Sneasler|55/100|[from] Grassy Terrain
|-heal|p1a: Electabuzz|63/100|[from] Grassy Terrain
|-heal|p2a: Rillaboom|91/100|[from] Grassy Terrain
|-fieldend|move: Grassy Terrain
|upkeep
|
|t:|1757018239
|switch|p2b: Typhlosion|Typhlosion-Hisui, L50, F, tera:Fire|44/100
|turn|7
|
|t:|1757018263
|switch|p2a: Kingambit|Kingambit, L50, F|95/100
|move|p1b: Sneasler|Protect|p1b: Sneasler
|-singleturn|p1b: Sneasler|Protect
|move|p1a: Electabuzz|Protect|p1a: Electabuzz
|-singleturn|p1a: Electabuzz|Protect
|move|p2b: Typhlosion|Eruption|p1b: Sneasler|[spread] 
|-activate|p1a: Electabuzz|move: Protect
|-activate|p1b: Sneasler|move: Protect
|
|upkeep
|turn|8
|inactive|Reg H merchant has 30 seconds left.
|inactive|Reg H merchant has 20 seconds left.
|inactive|Reg H merchant has 15 seconds left.
|
|t:|1757018307
|move|p2b: Typhlosion|Eruption|p1b: Sneasler|[spread] p1a,p1b
|-resisted|p1a: Electabuzz
|-damage|p1a: Electabuzz|45/100
|-damage|p1b: Sneasler|0 fnt
|faint|p1b: Sneasler
|move|p2a: Kingambit|Kowtow Cleave|p1a: Electabuzz
|-damage|p1a: Electabuzz|0 fnt
|faint|p1a: Electabuzz
|
|upkeep
|-message|Reg H merchant forfeited.
|
|win|Sonja Hilmer
