|j|☆davirru5
|j|☆PerryAgent
|html|davirru5PerryAgent    
|uhtml|bestof|Game 3 of a best-of-3
|t:|1756742019
|gametype|doubles
|player|p1|davirru5|ghetsis|1122
|player|p2|PerryAgent|170|1128
|gen|9
|tier|[Gen 9] VGC 2025 Reg H (Bo3)
|rated|
|rule|Species Clause: Limit one of each Pokémon
|rule|Item Clause: Limit 1 of each item
|clearpoke
|poke|p1|Sneasler, L50, F|
|poke|p1|Rillaboom, L50, F|
|poke|p1|Electabuzz, L50, M|
|poke|p1|Dragonite, L50, F|
|poke|p1|Volcarona, L50, F|
|poke|p1|Kingambit, L50, F|
|poke|p2|Typhlosion-Hisui, L50, F|
|poke|p2|Whimsicott, L50, M|
|poke|p2|Ursaluna-Bloodmoon, L50, M|
|poke|p2|Primarina, L50, M|
|poke|p2|Meowscarada, L50, M|
|poke|p2|Farigiraf, L50, M|
|teampreview|4
|showteam|p1|Sneasler||FocusSash|PoisonTouch|CloseCombat,DireClaw,Coaching,FakeOut|||F|||50|,,,,,Ghost]Rillaboom||AssaultVest|GrassySurge|WoodHammer,GrassyGlide,HighHorsepower,FakeOut|||F|||50|,,,,,Water]Electabuzz||Eviolite|VitalSpirit|Thunderbolt,FollowMe,Taunt,Protect|||M|||50|,,,,,Ghost]Dragonite||LoadedDice|Multiscale|ScaleShot,ExtremeSpeed,Haze,Protect|||F|||50|,,,,,Fairy]Volcarona||CovertCloak|FlameBody|HeatWave,TeraBlast,QuiverDance,Protect|||F|||50|,,,,,Fairy]Kingambit||BlackGlasses|Defiant|KowtowCleave,SuckerPunch,SwordsDance,Protect|||F|||50|,,,,,Dark
|showteam|p2|Typhlosion-Hisui||Charcoal|Blaze|Eruption,HeatWave,ShadowBall,Protect|||F|||50|,,,,,Fire]Whimsicott||CovertCloak|Prankster|Tailwind,Moonblast,SunnyDay,Encore|||M|||50|,,,,,Dark]Ursaluna-Bloodmoon||LifeOrb|MindsEye|HyperVoice,BloodMoon,EarthPower,Protect|||M|||50|,,,,,Normal]Primarina||ThroatSpray|LiquidVoice|Moonblast,HyperVoice,Haze,Protect|||M|||50|,,,,,Grass]Meowscarada||FocusSash|Protean|FlowerTrick,KnockOff,Uturn,Protect|||M|||50|,,,,,Grass]Farigiraf||SafetyGoggles|ArmorTail|PsychicNoise,HyperVoice,HelpingHand,TrickRoom|||M|||50|,,,,,Fire
|inactive|Battle timer is ON: inactive players will automatically lose when time's up. (requested by davirru5)
|
|t:|1756742053
|teamsize|p1|4
|teamsize|p2|4
|start
|switch|p1a: Dragonite|Dragonite, L50, F|100/100
|switch|p1b: Kingambit|Kingambit, L50, F|100/100
|switch|p2a: Whimsicott|Whimsicott, L50, M|100/100
|switch|p2b: Ursaluna|Ursaluna-Bloodmoon, L50, M|100/100
|turn|1
|inactive|davirru5 has 30 seconds left.
|inactive|PerryAgent has 30 seconds left.
|inactive|davirru5 has 20 seconds left.
|
|t:|1756742089
|move|p1b: Kingambit|Protect|p1b: Kingambit
|-singleturn|p1b: Kingambit|Protect
|move|p2a: Whimsicott|Tailwind|p2a: Whimsicott
|-sidestart|p2: PerryAgent|move: Tailwind
|move|p2b: Ursaluna|Earth Power|p1b: Kingambit
|-activate|p1b: Kingambit|move: Protect
|move|p1a: Dragonite|Scale Shot|p2b: Ursaluna
|-damage|p2b: Ursaluna|89/100
|-damage|p2b: Ursaluna|78/100
|-damage|p2b: Ursaluna|67/100
|-damage|p2b: Ursaluna|54/100
|-hitcount|p2b: Ursaluna|4
|-unboost|p1a: Dragonite|def|1
|-boost|p1a: Dragonite|spe|1
|
|upkeep
|turn|2
|inactive|davirru5 has 30 seconds left.
|inactive|PerryAgent has 30 seconds left.
|inactive|davirru5 has 20 seconds left.
|inactive|davirru5 has 15 seconds left.
|
|t:|1756742132
|move|p1a: Dragonite|Extreme Speed|p2b: Ursaluna
|-damage|p2b: Ursaluna|27/100
|move|p2a: Whimsicott|Encore|p1a: Dragonite
|-start|p1a: Dragonite|Encore
|move|p1b: Kingambit|Sucker Punch|p2b: Ursaluna
|-damage|p2b: Ursaluna|0 fnt
|faint|p2b: Ursaluna
|
|upkeep
|
|t:|1756742141
|switch|p2b: Typhlosion|Typhlosion-Hisui, L50, F|100/100
|turn|3
|
|t:|1756742166
|switch|p2a: Farigiraf|Farigiraf, L50, M|100/100
|-terastallize|p1b: Kingambit|Dark
|move|p1a: Dragonite|Extreme Speed||[still]
|cant|p2a: Farigiraf|ability: Armor Tail|Extreme Speed|[of] p1a: Dragonite
|move|p1b: Kingambit|Sucker Punch||[still]
|cant|p2a: Farigiraf|ability: Armor Tail|Sucker Punch|[of] p1b: Kingambit
|move|p2b: Typhlosion|Eruption|p1b: Kingambit|[spread] p1a,p1b
|-resisted|p1a: Dragonite
|-damage|p1a: Dragonite|84/100
|-damage|p1b: Kingambit|39/100
|
|upkeep
|turn|4
|inactive|PerryAgent has 30 seconds left.
|inactive|PerryAgent has 20 seconds left.
|
|t:|1756742202
|switch|p1a: Rillaboom|Rillaboom, L50, F|100/100
|-fieldstart|move: Grassy Terrain|[from] ability: Grassy Surge|[of] p1a: Rillaboom
|-terastallize|p2b: Typhlosion|Fire
|move|p1b: Kingambit|Protect|p1b: Kingambit
|-singleturn|p1b: Kingambit|Protect
|move|p2b: Typhlosion|Eruption|p1a: Rillaboom|[spread] p1a
|-activate|p1b: Kingambit|move: Protect
|-supereffective|p1a: Rillaboom
|-damage|p1a: Rillaboom|0 fnt
|faint|p1a: Rillaboom
|move|p2a: Farigiraf|Psychic Noise|p1b: Kingambit
|-activate|p1b: Kingambit|move: Protect
|
|-heal|p1b: Kingambit|44/100|[from] Grassy Terrain
|-sideend|p2: PerryAgent|move: Tailwind
|upkeep
|
|t:|1756742206
|switch|p1a: Sneasler|Sneasler, L50, F|100/100
|turn|5
|inactive|PerryAgent has 30 seconds left.
|
|t:|1756742233
|move|p2b: Typhlosion|Protect|p2b: Typhlosion
|-singleturn|p2b: Typhlosion|Protect
|move|p1a: Sneasler|Close Combat|p2b: Typhlosion
|-activate|p2b: Typhlosion|move: Protect
|move|p1b: Kingambit|Kowtow Cleave|p2a: Farigiraf
|-supereffective|p2a: Farigiraf
|-damage|p2a: Farigiraf|0 fnt
|faint|p2a: Farigiraf
|
|-heal|p1b: Kingambit|50/100|[from] Grassy Terrain
|upkeep
|
|t:|1756742242
|switch|p2a: Whimsicott|Whimsicott, L50, M|100/100
|turn|6
|
|t:|1756742262
|move|p2a: Whimsicott|Tailwind|p2a: Whimsicott
|-sidestart|p2: PerryAgent|move: Tailwind
|move|p1b: Kingambit|Sucker Punch|p2b: Typhlosion
|-damage|p2b: Typhlosion|3/100
|move|p2b: Typhlosion|Eruption|p1a: Sneasler|[spread] p1a,p1b
|-damage|p1a: Sneasler|95/100
|-damage|p1b: Kingambit|46/100
|move|p1a: Sneasler|Close Combat|p2b: Typhlosion
|-damage|p2b: Typhlosion|0 fnt
|-unboost|p1a: Sneasler|def|1
|-unboost|p1a: Sneasler|spd|1
|faint|p2b: Typhlosion
|
|-heal|p1a: Sneasler|100/100|[from] Grassy Terrain
|-heal|p1b: Kingambit|52/100|[from] Grassy Terrain
|upkeep
|turn|7
|c|☆davirru5|gg
|
|t:|1756742274
|move|p2a: Whimsicott|Moonblast|p1b: Kingambit
|-supereffective|p1b: Kingambit
|-damage|p1b: Kingambit|1/100
|-unboost|p1b: Kingambit|spa|1
|-ability|p1b: Kingambit|Defiant|boost
|-boost|p1b: Kingambit|atk|2
|move|p1a: Sneasler|Dire Claw|p2a: Whimsicott
|-supereffective|p2a: Whimsicott
|-damage|p2a: Whimsicott|0 fnt
|faint|p2a: Whimsicott
|
|win|davirru5
|raw|davirru5's rating: 1122 → 1147(+25 for winning)
|raw|PerryAgent's rating: 1128 → 1103(-25 for losing)
|l|☆PerryAgent
|player|p2|
