|j|☆cooledoregon
|j|☆zady11
|html|cooledoregonzady11    
|uhtml|bestof|Game 2 of a best-of-3
|t:|1783606902
|gametype|doubles
|player|p1|cooledoregon|1|1223
|player|p2|zady11|guitarist|1186
|gen|9
|tier|[Gen 9 Champions] VGC 2026 Reg M-B (Bo3)
|rated|
|rule|Species Clause: Limit one of each Pokémon
|rule|Item Clause: Limit 1 of each item
|clearpoke
|poke|p1|Meganium, L50, F|
|poke|p1|Pelipper, L50, M|
|poke|p1|Swampert, L50, M|
|poke|p1|Archaludon, L50, M|
|poke|p1|Grimmsnarl, L50, M|
|poke|p1|Incineroar, L50, F|
|poke|p2|Charizard, L50, F|
|poke|p2|Aerodactyl, L50, F|
|poke|p2|Kingambit, L50, F|
|poke|p2|Sylveon, L50, M|
|poke|p2|Garchomp, L50, F|
|poke|p2|Farigiraf, L50, F|
|teampreview|4
|showteam|p1|Meganium||Meganiumite|Overgrow|SolarBeam,WeatherBall,DazzlingGleam,Protect|Modest||F|||50|]Pelipper||FocusSash|Drizzle|WeatherBall,Hurricane,Tailwind,WideGuard|Modest||M|||50|]Swampert||Swampertite|Torrent|WaveCrash,Earthquake,IcePunch,Protect|Adamant||M|||50|]Archaludon||Leftovers|Stamina|ElectroShot,DragonPulse,Protect,FlashCannon|Calm||M|||50|]Grimmsnarl||LightClay|Prankster|SuckerPunch,PartingShot,LightScreen,Reflect|Careful||M|||50|]Incineroar||ShucaBerry|Intimidate|PartingShot,FakeOut,Snarl,ThroatChop|Careful||F|||50|
|showteam|p2|Charizard||CharizarditeY|Blaze|HeatWave,WeatherBall,SolarBeam,Protect|Modest||F|||50|]Aerodactyl||Aerodactylite|RockHead|RockSlide,DualWingbeat,IceFang,Tailwind|Jolly||F|||50|]Kingambit||FocusSash|Defiant|KowtowCleave,SuckerPunch,IronHead,LowKick|Adamant||F|||50|]Sylveon||FairyFeather|Pixilate|HyperVoice,QuickAttack,HyperBeam,Protect|Modest||M|||50|]Garchomp||LifeOrb|RoughSkin|DragonClaw,StompingTantrum,Earthquake,Protect|Jolly||F|||50|]Farigiraf||SitrusBerry|ArmorTail|TwinBeam,Thunderbolt,Roar,TrickRoom|Bold||F|||50|
|inactive|Battle timer is ON: inactive players will automatically lose when time's up. (requested by cooledoregon)
|inactive|cooledoregon has 60 seconds left.
|
|t:|1783606935
|teamsize|p1|4
|teamsize|p2|4
|start
|switch|p1a: Incineroar|Incineroar, L50, F|100/100
|switch|p1b: Grimmsnarl|Grimmsnarl, L50, M|100/100
|switch|p2a: Kingambit|Kingambit, L50, F|100/100
|switch|p2b: Farigiraf|Farigiraf, L50, F|100/100
|-ability|p1a: Incineroar|Intimidate|boost
|-unboost|p2a: Kingambit|atk|1
|-ability|p2a: Kingambit|Defiant|boost
|-boost|p2a: Kingambit|atk|2
|-unboost|p2b: Farigiraf|atk|1
|turn|1
|
|t:|1783606956
|move|p1b: Grimmsnarl|Reflect|p1b: Grimmsnarl
|-sidestart|p1: cooledoregon|Reflect
|move|p2a: Kingambit|Iron Head|p1b: Grimmsnarl
|-supereffective|p1b: Grimmsnarl|1
|-damage|p1b: Grimmsnarl|10/100
|move|p1a: Incineroar|Throat Chop|p2b: Farigiraf
|-supereffective|p2b: Farigiraf|1
|-damage|p2b: Farigiraf|45/100
|-start|p2b: Farigiraf|Throat Chop|[silent]
|-enditem|p2b: Farigiraf|Sitrus Berry|[eat]
|-heal|p2b: Farigiraf|70/100|[from] item: Sitrus Berry
|move|p2b: Farigiraf|Trick Room|p2b: Farigiraf
|-fieldstart|move: Trick Room|[of] p2b: Farigiraf
|
|upkeep
|turn|2
|
|t:|1783606979
|switch|p2b: Sylveon|Sylveon, L50, M|100/100
|move|p1b: Grimmsnarl|Light Screen|p1b: Grimmsnarl
|-sidestart|p1: cooledoregon|move: Light Screen
|move|p1a: Incineroar|Throat Chop|p2b: Sylveon
|-resisted|p2b: Sylveon|1
|-damage|p2b: Sylveon|80/100
|-start|p2b: Sylveon|Throat Chop|[silent]
|move|p2a: Kingambit|Low Kick|p1a: Incineroar
|-supereffective|p1a: Incineroar|1
|-damage|p1a: Incineroar|46/100
|
|upkeep
|turn|3
|
|t:|1783607001
|move|p1b: Grimmsnarl|Sucker Punch|p2a: Kingambit
|-resisted|p2a: Kingambit|1
|-damage|p2a: Kingambit|88/100
|move|p2b: Sylveon|Quick Attack|p1b: Grimmsnarl
|-supereffective|p1b: Grimmsnarl|1
|-damage|p1b: Grimmsnarl|0 fnt
|faint|p1b: Grimmsnarl
|move|p1a: Incineroar|Parting Shot|p2b: Sylveon
|-unboost|p2b: Sylveon|atk|1
|-unboost|p2b: Sylveon|spa|1
|
|t:|1783607014
|switch|p1a: Pelipper|Pelipper, L50, M|100/100|[from] Parting Shot
|-weather|RainDance|[from] ability: Drizzle|[of] p1a: Pelipper
|move|p2a: Kingambit|Low Kick|p1a: Pelipper
|-resisted|p1a: Pelipper|1
|-damage|p1a: Pelipper|88/100
|
|-weather|RainDance|[upkeep]
|-end|p2b: Sylveon|Throat Chop|[silent]
|upkeep
|
|t:|1783607017
|switch|p1b: Swampert|Swampert, L50, M|100/100
|turn|4
|inactive|zady11 has 30 seconds left.
|
|t:|1783607042
|switch|p2b: Farigiraf|Farigiraf, L50, F|70/100
|detailschange|p1b: Swampert|Swampert-Mega, L50, M
|-mega|p1b: Swampert|Swampert|Swampertite
|move|p2a: Kingambit|Sucker Punch|p1b: Swampert
|-damage|p1b: Swampert|63/100
|move|p1a: Pelipper|Weather Ball|p2a: Kingambit
|-damage|p2a: Kingambit|24/100
|move|p1b: Swampert|Earthquake|p2a: Kingambit|[spread] p2a,p2b
|-immune|p1a: Pelipper
|-supereffective|p2a: Kingambit|1
|-crit|p2b: Farigiraf
|-damage|p2a: Kingambit|0 fnt
|-damage|p2b: Farigiraf|13/100
|faint|p2a: Kingambit
|
|-weather|RainDance|[upkeep]
|upkeep
|
|t:|1783607057
|switch|p2a: Charizard|Charizard, L50, F|100/100
|turn|5
|inactive|cooledoregon has 30 seconds left.
|inactive|zady11 has 30 seconds left.
|inactive|cooledoregon has 20 seconds left.
|inactive|zady11 has 20 seconds left.
|
|t:|1783607095
|switch|p1b: Incineroar|Incineroar, L50, F|46/100
|-ability|p1b: Incineroar|Intimidate|boost
|-unboost|p2a: Charizard|atk|1
|-unboost|p2b: Farigiraf|atk|1
|detailschange|p2a: Charizard|Charizard-Mega-Y, L50, F
|-mega|p2a: Charizard|Charizard|Charizardite Y
|-weather|SunnyDay|[from] ability: Drought|[of] p2a: Charizard
|move|p2b: Farigiraf|Thunderbolt|p1a: Pelipper
|-supereffective|p1a: Pelipper|2
|-damage|p1a: Pelipper|20/100y
|move|p1a: Pelipper|Tailwind|p1a: Pelipper
|-sidestart|p1: cooledoregon|move: Tailwind
|move|p2a: Charizard|Weather Ball|p1a: Pelipper
|-resisted|p1a: Pelipper|1
|-damage|p1a: Pelipper|0 fnt
|faint|p1a: Pelipper
|
|-weather|SunnyDay|[upkeep]
|-fieldend|move: Trick Room
|upkeep
|
|t:|1783607109
|switch|p1a: Swampert|Swampert-Mega, L50, M|63/100
|turn|6
|
|t:|1783607129
|switch|p2b: Sylveon|Sylveon, L50, M|80/100
|move|p1a: Swampert|Protect|p1a: Swampert
|-singleturn|p1a: Swampert|Protect
|move|p2a: Charizard|Protect|p2a: Charizard
|-singleturn|p2a: Charizard|Protect
|move|p1b: Incineroar|Snarl|p2b: Sylveon|[spread] 
|-activate|p2a: Charizard|move: Protect
|-miss|p1b: Incineroar|p2b: Sylveon
|
|-weather|SunnyDay|[upkeep]
|upkeep
|turn|7
|
|t:|1783607149
|switch|p2a: Farigiraf|Farigiraf, L50, F|13/100
|move|p1a: Swampert|Wave Crash|p2a: Farigiraf
|-damage|p2a: Farigiraf|0 fnt
|faint|p2a: Farigiraf
|-damage|p1a: Swampert|57/100|[from] Recoil
|move|p1b: Incineroar|Throat Chop|p2b: Sylveon
|-resisted|p2b: Sylveon|1
|-damage|p2b: Sylveon|63/100
|-start|p2b: Sylveon|Throat Chop|[silent]
|cant|p2b: Sylveon|move: Throat Chop
|
|-weather|SunnyDay|[upkeep]
|upkeep
|
|t:|1783607160
|switch|p2a: Charizard|Charizard-Mega-Y, L50, F|100/100
|turn|8
|
|t:|1783607176
|move|p2a: Charizard|Protect|p2a: Charizard
|-singleturn|p2a: Charizard|Protect
|move|p2b: Sylveon|Protect|p2b: Sylveon
|-singleturn|p2b: Sylveon|Protect
|move|p1a: Swampert|Ice Punch|p2b: Sylveon
|-activate|p2b: Sylveon|move: Protect
|move|p1b: Incineroar|Snarl|p2b: Sylveon|[spread] 
|-activate|p2a: Charizard|move: Protect
|-activate|p2b: Sylveon|move: Protect
|
|-weather|SunnyDay|[upkeep]
|-end|p2b: Sylveon|Throat Chop|[silent]
|-sideend|p1: cooledoregon|Reflect
|-sideend|p1: cooledoregon|move: Tailwind
|upkeep
|turn|9
|inactive|zady11 has 30 seconds left.
|inactive|cooledoregon has 30 seconds left.
|inactive|zady11 has 20 seconds left.
|inactive|zady11 has 15 seconds left.
|
|t:|1783607218
|move|p1a: Swampert|Protect|p1a: Swampert
|-singleturn|p1a: Swampert|Protect
|move|p2b: Sylveon|Quick Attack|p1b: Incineroar
|-damage|p1b: Incineroar|35/100
|move|p2a: Charizard|Weather Ball|p1b: Incineroar
|-resisted|p1b: Incineroar|1
|-damage|p1b: Incineroar|7/100
|move|p1b: Incineroar|Snarl|p2b: Sylveon|[spread] p2a,p2b
|-resisted|p2b: Sylveon|1
|-damage|p2a: Charizard|88/100
|-damage|p2b: Sylveon|59/100
|-unboost|p2a: Charizard|spa|1
|-unboost|p2b: Sylveon|spa|1
|
|-weather|none
|-sideend|p1: cooledoregon|move: Light Screen
|upkeep
|turn|10
|
|t:|1783607240
|move|p2a: Charizard|Heat Wave|p1b: Incineroar|[spread] p1a,p1b
|-resisted|p1a: Swampert|1
|-resisted|p1b: Incineroar|1
|-damage|p1a: Swampert|45/100
|-damage|p1b: Incineroar|0 fnt
|faint|p1b: Incineroar
|move|p1a: Swampert|Wave Crash|p2b: Sylveon
|-damage|p2b: Sylveon|0 fnt
|faint|p2b: Sylveon
|-damage|p1a: Swampert|27/100|[from] Recoil
|
|upkeep
|turn|11
|inactive|zady11 has 30 seconds left.
|
|t:|1783607267
|move|p2a: Charizard|Heat Wave|p1a: Swampert
|-resisted|p1a: Swampert|1
|-damage|p1a: Swampert|9/100
|move|p1a: Swampert|Wave Crash|p2a: Charizard
|-supereffective|p2a: Charizard|1
|-damage|p2a: Charizard|0 fnt
|faint|p2a: Charizard
|-damage|p1a: Swampert|0 fnt|[from] Recoil
|faint|p1a: Swampert
|
|win|cooledoregon
|raw|cooledoregon's rating: 1223 → 1245(+22 for winning)
|raw|zady11's rating: 1186 → 1164(-22 for losing)
