|j|☆TMJS01
|j|☆eriksp
|html|TMJS01eriksp    
|uhtml|bestof|Game 1 of a best-of-3
|t:|1783822619
|gametype|doubles
|player|p1|TMJS01|unknown|
|player|p2|eriksp|cynthia-masters4|
|gen|9
|tier|[Gen 9 Champions] VGC 2026 Reg M-B (Bo3)
|rule|Species Clause: Limit one of each Pokémon
|rule|Item Clause: Limit 1 of each item
|clearpoke
|poke|p1|Grimmsnarl, L50, M|
|poke|p1|Swampert, L50, M|
|poke|p1|Pelipper, L50, F|
|poke|p1|Archaludon, L50, M|
|poke|p1|Venusaur, L50, M|
|poke|p1|Basculegion, L50, M|
|poke|p2|Floette-Eternal, L50, F|
|poke|p2|Charizard, L50, M|
|poke|p2|Whimsicott, L50, M|
|poke|p2|Garchomp, L50, M|
|poke|p2|Basculegion, L50, M|
|poke|p2|Kingambit, L50, M|
|teampreview|4
|showteam|p1|Grimmsnarl||LightClay|Prankster|FakeOut,Reflect,LightScreen,PartingShot|Impish||M|||50|]Swampert||Swampertite|Torrent|WaveCrash,Earthquake,IcePunch,Protect|Adamant||M|||50|]Pelipper||FocusSash|Drizzle|WeatherBall,Hurricane,Tailwind,Protect|Timid||F|||50|]Archaludon||Leftovers|Stamina|ElectroShot,DragonPulse,FlashCannon,Protect|Calm||M|||50|]Venusaur||Venusaurite|Chlorophyll|GigaDrain,SludgeBomb,EarthPower,Protect|Modest||M|||50|]Basculegion||ChoiceScarf|Adaptability|WaveCrash,LastRespects,AquaJet,FlipTurn|Jolly||M|||50|
|showteam|p2|Floette-Eternal||Floettite|FlowerVeil|Moonblast,DazzlingGleam,LightofRuin,Protect|Modest||F|||50|]Charizard||CharizarditeY|Blaze|HeatWave,WeatherBall,SolarBeam,Protect|Timid||M|||50|]Whimsicott||FocusSash|Prankster|Moonblast,Tailwind,Encore,Protect|Timid||M|||50|]Garchomp||LifeOrb|RoughSkin|DragonClaw,Earthquake,Protect,RockSlide|Jolly||M|||50|]Basculegion||MysticWater|Adaptability|WaveCrash,LastRespects,AquaJet,Protect|Adamant||M|||50|]Kingambit||ChopleBerry|Defiant|KowtowCleave,IronHead,SuckerPunch,LowKick|Adamant||M|||50|
|inactive|Battle timer is ON: inactive players will automatically lose when time's up. (requested by TMJS01)
|inactive|eriksp has 60 seconds left.
|
|t:|1783822666
|teamsize|p1|4
|teamsize|p2|4
|start
|switch|p1a: Grimmsnarl|Grimmsnarl, L50, M|100/100
|switch|p1b: Venusaur|Venusaur, L50, M|100/100
|switch|p2a: Whimsicott|Whimsicott, L50, M|100/100
|switch|p2b: Floette|Floette-Eternal, L50, F|100/100
|turn|1
|
|t:|1783822679
|switch|p2a: Kingambit|Kingambit, L50, M|100/100
|detailschange|p1b: Venusaur|Venusaur-Mega, L50, M
|-mega|p1b: Venusaur|Venusaur|Venusaurite
|move|p2b: Floette|Protect|p2b: Floette
|-singleturn|p2b: Floette|Protect
|move|p1a: Grimmsnarl|Fake Out|p2b: Floette
|-activate|p2b: Floette|move: Protect
|move|p1b: Venusaur|Sludge Bomb|p2a: Kingambit
|-immune|p2a: Kingambit
|
|upkeep
|turn|2
|
|t:|1783822696
|detailschange|p2b: Floette|Floette-Mega, L50, F
|-mega|p2b: Floette|Floette|Floettite
|-ability|p2b: Floette|Fairy Aura
|move|p1a: Grimmsnarl|Reflect|p1a: Grimmsnarl
|-sidestart|p1: TMJS01|Reflect
|move|p2b: Floette|Moonblast|p1b: Venusaur
|-resisted|p1b: Venusaur|1
|-damage|p1b: Venusaur|70/100
|move|p1b: Venusaur|Earth Power|p2a: Kingambit
|-supereffective|p2a: Kingambit|1
|-crit|p2a: Kingambit
|-damage|p2a: Kingambit|13/100
|move|p2a: Kingambit|Kowtow Cleave|p1b: Venusaur
|-damage|p1b: Venusaur|44/100
|
|upkeep
|turn|3
|
|t:|1783822719
|move|p2b: Floette|Protect|p2b: Floette
|-singleturn|p2b: Floette|Protect
|move|p1a: Grimmsnarl|Light Screen|p1a: Grimmsnarl
|-sidestart|p1: TMJS01|move: Light Screen
|move|p1b: Venusaur|Giga Drain|p2a: Kingambit
|-resisted|p2a: Kingambit|1
|-damage|p2a: Kingambit|0 fnt
|-heal|p1b: Venusaur|52/100|[from] drain|[of] p2a: Kingambit
|faint|p2a: Kingambit
|
|upkeep
|
|t:|1783822728
|switch|p2a: Whimsicott|Whimsicott, L50, M|100/100
|turn|4
|
|t:|1783822735
|move|p2a: Whimsicott|Encore|p1b: Venusaur
|-start|p1b: Venusaur|Encore
|move|p1a: Grimmsnarl|Parting Shot|p2b: Floette
|-unboost|p2b: Floette|atk|1
|-unboost|p2b: Floette|spa|1
|
|t:|1783822742
|switch|p1a: Pelipper|Pelipper, L50, F|100/100|[from] Parting Shot
|-weather|RainDance|[from] ability: Drizzle|[of] p1a: Pelipper
|move|p2b: Floette|Dazzling Gleam|p1b: Venusaur|[spread] p1a,p1b
|-resisted|p1b: Venusaur|1
|-damage|p1a: Pelipper|58/100
|-damage|p1b: Venusaur|43/100
|move|p1b: Venusaur|Giga Drain|p2b: Floette
|-damage|p2b: Floette|68/100
|-heal|p1b: Venusaur|56/100|[from] drain|[of] p2b: Floette
|
|-weather|RainDance|[upkeep]
|upkeep
|turn|5
|
|t:|1783822761
|move|p2a: Whimsicott|Tailwind|p2a: Whimsicott
|-sidestart|p2: eriksp|move: Tailwind
|move|p2b: Floette|Moonblast|p1a: Pelipper
|-damage|p1a: Pelipper|0 fnt
|faint|p1a: Pelipper
|move|p1b: Venusaur|Giga Drain|p2b: Floette
|-damage|p2b: Floette|36/100
|-heal|p1b: Venusaur|70/100|[from] drain|[of] p2b: Floette
|
|-weather|RainDance|[upkeep]
|upkeep
|
|t:|1783822767
|switch|p1a: Grimmsnarl|Grimmsnarl, L50, M|100/100
|turn|6
|
|t:|1783822782
|move|p2b: Floette|Protect|p2b: Floette
|-singleturn|p2b: Floette|Protect
|move|p1a: Grimmsnarl|Fake Out|p2a: Whimsicott
|-damage|p2a: Whimsicott|81/100
|cant|p2a: Whimsicott|flinch
|move|p1b: Venusaur|Giga Drain|p2b: Floette
|-activate|p2b: Floette|move: Protect
|
|-weather|RainDance|[upkeep]
|-end|p1b: Venusaur|Encore
|upkeep
|turn|7
|
|t:|1783822803
|move|p1a: Grimmsnarl|Reflect||[still]
|-fail|p1a: Grimmsnarl
|move|p2a: Whimsicott|Moonblast|p1a: Grimmsnarl
|-supereffective|p1a: Grimmsnarl|1
|-damage|p1a: Grimmsnarl|42/100
|move|p2b: Floette|Moonblast|p1a: Grimmsnarl
|-supereffective|p1a: Grimmsnarl|1
|-damage|p1a: Grimmsnarl|0 fnt
|faint|p1a: Grimmsnarl
|move|p1b: Venusaur|Sludge Bomb|p2b: Floette
|-supereffective|p2b: Floette|1
|-damage|p2b: Floette|0 fnt
|faint|p2b: Floette
|
|-weather|RainDance|[upkeep]
|upkeep
|
|t:|1783822808
|switch|p2b: Basculegion|Basculegion, L50, M|100/100
|switch|p1a: Archaludon|Archaludon, L50, M|100/100
|turn|8
|inactive|eriksp has 30 seconds left.
|
|t:|1783822837
|move|p2b: Basculegion|Protect|p2b: Basculegion
|-singleturn|p2b: Basculegion|Protect
|move|p2a: Whimsicott|Encore|p1b: Venusaur
|-start|p1b: Venusaur|Encore
|move|p1a: Archaludon|Electro Shot||[still]
|-prepare|p1a: Archaludon|Electro Shot
|-boost|p1a: Archaludon|spa|1
|-anim|p1a: Archaludon|Electro Shot|p2b: Basculegion
|-activate|p2b: Basculegion|move: Protect
|move|p1b: Venusaur|Sludge Bomb|p2a: Whimsicott
|-supereffective|p2a: Whimsicott|2
|-damage|p2a: Whimsicott|0 fnt
|faint|p2a: Whimsicott
|
|-weather|none
|-sideend|p2: eriksp|move: Tailwind
|upkeep
|turn|9
|
|t:|1783822849
|move|p2b: Basculegion|Last Respects|p1a: Archaludon
|-damage|p1a: Archaludon|28/100
|-ability|p1a: Archaludon|Stamina|boost
|-boost|p1a: Archaludon|def|1
|move|p1a: Archaludon|Electro Shot||[still]
|-prepare|p1a: Archaludon|Electro Shot
|-boost|p1a: Archaludon|spa|1
|move|p1b: Venusaur|Sludge Bomb|p2b: Basculegion
|-resisted|p2b: Basculegion|1
|-crit|p2b: Basculegion
|-damage|p2b: Basculegion|60/100
|
|-heal|p1a: Archaludon|34/100|[from] item: Leftovers
|-sideend|p1: TMJS01|Reflect
|upkeep
|turn|10
|
|t:|1783822860
|move|p2b: Basculegion|Last Respects|p1a: Archaludon
|-damage|p1a: Archaludon|0 fnt
|faint|p1a: Archaludon
|move|p1b: Venusaur|Sludge Bomb|p2b: Basculegion
|-resisted|p2b: Basculegion|1
|-damage|p2b: Basculegion|32/100
|-status|p2b: Basculegion|psn
|
|-damage|p2b: Basculegion|20/100r psn|[from] psn
|-end|p1b: Venusaur|Encore
|-sideend|p1: TMJS01|move: Light Screen
|upkeep
|turn|11
|
|t:|1783822863
|move|p1b: Venusaur|Protect|p1b: Venusaur
|-singleturn|p1b: Venusaur|Protect
|move|p2b: Basculegion|Last Respects|p1b: Venusaur
|-activate|p1b: Venusaur|move: Protect
|
|-damage|p2b: Basculegion|7/100 psn|[from] psn
|upkeep
|turn|12
|
|t:|1783822865
|move|p1b: Venusaur|Protect||[still]
|-fail|p1b: Venusaur
|move|p2b: Basculegion|Last Respects|p1b: Venusaur
|-damage|p1b: Venusaur|0 fnt
|faint|p1b: Venusaur
|
|win|eriksp
