|j|☆Elsa Lamance
|j|☆Alecat
|html|Elsa LamanceAlecat    
|uhtml|bestof|Game 1 of a best-of-3
|t:|1756351297
|gametype|doubles
|player|p1|Elsa Lamance|hugh|1247
|player|p2|Alecat|scientistf|1136
|gen|9
|tier|[Gen 9] VGC 2025 Reg H (Bo3)
|rated|
|rule|Species Clause: Limit one of each Pokémon
|rule|Item Clause: Limit 1 of each item
|clearpoke
|poke|p1|Ninetales-Alola, L50, F|
|poke|p1|Sandslash-Alola, L50, M|
|poke|p1|Annihilape, L50, M|
|poke|p1|Kommo-o, L50, M|
|poke|p1|Rillaboom, L50, F|
|poke|p1|Magmar, L50, F|
|poke|p2|Pawmot, L50, F|
|poke|p2|Gyarados, L50, M|
|poke|p2|Volcarona, L50, F|
|poke|p2|Murkrow, L50, F|
|poke|p2|Incineroar, L50, M|
|poke|p2|Archaludon, L50, F|
|teampreview|4
|showteam|p1|Ninetales-Alola||FocusSash|SnowWarning|FreezeDry,Blizzard,Protect,Encore|||F|||50|,,,,,Ghost]Sandslash-Alola||ChoiceBand|SlushRush|IcePunch,IronHead,KnockOff,AerialAce|||M|||50|,,,,,Flying]Annihilape||SafetyGoggles|Defiant|DrainPunch,RageFist,BulkUp,Protect|||M|||50|,,,,,Water]Kommo-o||ThroatSpray|Soundproof|ClangingScales,Flamethrower,Protect,ClangorousSoul|||M|||50|,,,,,Fire]Rillaboom||AssaultVest|GrassySurge|FakeOut,GrassyGlide,WoodHammer,Uturn|||F|||50|,,,,,Fire]Magmar||Eviolite|FlameBody|Overheat,FollowMe,ClearSmog,Protect|||F|||50|,,,,,Ghost
|showteam|p2|Pawmot||FocusSash|VoltAbsorb|DoubleShock,Coaching,CloseCombat,Protect|||F|||50|,,,,,Electric]Gyarados||ClearAmulet|Moxie|Waterfall,DragonDance,Earthquake,Protect|||M|||50|,,,,,Ground]Volcarona||SitrusBerry|FlameBody|Overheat,StruggleBug,RagePowder,Tailwind|||F|||50|,,,,,Grass]Murkrow||Eviolite|Prankster|FoulPlay,RainDance,Taunt,SunnyDay|||F|||50|,,,,,Dark]Incineroar||AssaultVest|Intimidate|FlareBlitz,FakeOut,Bulldoze,KnockOff|||M|||50|,,,,,Ghost]Archaludon||PowerHerb|Stalwart|DragonTail,FlashCannon,ElectroShot,Protect|||F|||50|,,,,,Grass
|inactive|Battle timer is ON: inactive players will automatically lose when time's up. (requested by Alecat)
|inactive|Alecat has 60 seconds left.
|
|t:|1756351341
|teamsize|p1|4
|teamsize|p2|4
|start
|switch|p1a: Annihilape|Annihilape, L50, M|100/100
|switch|p1b: Kommo-o|Kommo-o, L50, M|100/100
|switch|p2a: Volcarona|Volcarona, L50, F|100/100
|switch|p2b: Murkrow|Murkrow, L50, F|100/100
|turn|1
|
|t:|1756351362
|move|p2b: Murkrow|Taunt|p1b: Kommo-o
|-start|p1b: Kommo-o|move: Taunt
|move|p2a: Volcarona|Tailwind|p2a: Volcarona
|-sidestart|p2: Alecat|move: Tailwind
|move|p1a: Annihilape|Bulk Up|p1a: Annihilape
|-boost|p1a: Annihilape|atk|1
|-boost|p1a: Annihilape|def|1
|cant|p1b: Kommo-o|move: Taunt|Clangorous Soul
|
|upkeep
|turn|2
|
|t:|1756351374
|move|p2b: Murkrow|Sunny Day|p2b: Murkrow
|-weather|SunnyDay
|move|p2a: Volcarona|Overheat|p1a: Annihilape
|-damage|p1a: Annihilape|19/100
|-unboost|p2a: Volcarona|spa|2
|move|p1a: Annihilape|Drain Punch|p2b: Murkrow
|-damage|p2b: Murkrow|43/100
|-heal|p1a: Annihilape|42/100|[from] drain|[of] p2b: Murkrow
|move|p1b: Kommo-o|Clanging Scales|p2b: Murkrow|[spread] p2a,p2b
|-damage|p2a: Volcarona|67/100
|-damage|p2b: Murkrow|14/100
|-unboost|p1b: Kommo-o|def|1
|-enditem|p1b: Kommo-o|Throat Spray
|-boost|p1b: Kommo-o|spa|1|[from] item: Throat Spray
|
|-weather|SunnyDay|[upkeep]
|upkeep
|turn|3
|
|t:|1756351392
|move|p1a: Annihilape|Protect|p1a: Annihilape
|-singleturn|p1a: Annihilape|Protect
|move|p2a: Volcarona|Struggle Bug|p1a: Annihilape|[spread] p1b
|-activate|p1a: Annihilape|move: Protect
|-resisted|p1b: Kommo-o
|-damage|p1b: Kommo-o|97/100
|-unboost|p1b: Kommo-o|spa|1
|move|p2b: Murkrow|Foul Play|p1a: Annihilape
|-activate|p1a: Annihilape|move: Protect
|move|p1b: Kommo-o|Clanging Scales|p2b: Murkrow|[spread] p2a,p2b
|-damage|p2a: Volcarona|31/100
|-damage|p2b: Murkrow|0 fnt
|-enditem|p2a: Volcarona|Sitrus Berry|[eat]
|-heal|p2a: Volcarona|56/100|[from] item: Sitrus Berry
|faint|p2b: Murkrow
|-unboost|p1b: Kommo-o|def|1
|
|-weather|SunnyDay|[upkeep]
|-end|p1b: Kommo-o|move: Taunt
|upkeep
|inactive|Alecat has 30 seconds left.
|
|t:|1756351423
|switch|p2b: Archaludon|Archaludon, L50, F|100/100
|turn|4
|
|t:|1756351436
|move|p2a: Volcarona|Overheat|p1a: Annihilape
|-damage|p1a: Annihilape|5/100
|-unboost|p2a: Volcarona|spa|2
|move|p1a: Annihilape|Bulk Up|p1a: Annihilape
|-boost|p1a: Annihilape|atk|1
|-boost|p1a: Annihilape|def|1
|move|p1b: Kommo-o|Clangorous Soul|p1b: Kommo-o
|-boost|p1b: Kommo-o|atk|1
|-boost|p1b: Kommo-o|def|1
|-boost|p1b: Kommo-o|spa|1
|-boost|p1b: Kommo-o|spd|1
|-boost|p1b: Kommo-o|spe|1
|-damage|p1b: Kommo-o|64/100
|move|p2b: Archaludon|Dragon Tail|p1b: Kommo-o
|-supereffective|p1b: Kommo-o
|-damage|p1b: Kommo-o|0 fnt
|faint|p1b: Kommo-o
|
|-weather|SunnyDay|[upkeep]
|-sideend|p2: Alecat|move: Tailwind
|upkeep
|
|t:|1756351454
|switch|p1b: Ninetales|Ninetales-Alola, L50, F|100/100
|-weather|Snowscape|[from] ability: Snow Warning|[of] p1b: Ninetales
|turn|5
|
|t:|1756351470
|-terastallize|p1b: Ninetales|Ghost
|move|p1a: Annihilape|Protect|p1a: Annihilape
|-singleturn|p1a: Annihilape|Protect
|move|p2b: Archaludon|Protect|p2b: Archaludon
|-singleturn|p2b: Archaludon|Protect
|move|p1b: Ninetales|Encore|p2b: Archaludon
|-activate|p2b: Archaludon|move: Protect
|move|p2a: Volcarona|Tailwind|p2a: Volcarona
|-sidestart|p2: Alecat|move: Tailwind
|
|-weather|Snowscape|[upkeep]
|upkeep
|turn|6
|inactive|Alecat has 30 seconds left.
|inactive|Alecat has 20 seconds left.
|inactive|Alecat has 15 seconds left.
|inactive|Alecat has 10 seconds left.
|
|t:|1756351517
|move|p2a: Volcarona|Overheat|p1a: Annihilape
|-damage|p1a: Annihilape|0 fnt
|-unboost|p2a: Volcarona|spa|2
|faint|p1a: Annihilape
|move|p2b: Archaludon|Electro Shot||[still]
|-prepare|p2b: Archaludon|Electro Shot
|-boost|p2b: Archaludon|spa|1
|-enditem|p2b: Archaludon|Power Herb
|-anim|p2b: Archaludon|Electro Shot|p1b: Ninetales
|-damage|p1b: Ninetales|16/100
|move|p1b: Ninetales|Encore|p2b: Archaludon
|-start|p2b: Archaludon|Encore
|
|-weather|Snowscape|[upkeep]
|upkeep
|
|t:|1756351526
|switch|p1a: Sandslash|Sandslash-Alola, L50, M|100/100
|turn|7
|
|t:|1756351543
|switch|p2a: Gyarados|Gyarados, L50, M|100/100
|move|p2b: Archaludon|Electro Shot||[still]
|-prepare|p2b: Archaludon|Electro Shot
|-boost|p2b: Archaludon|spa|1
|move|p1a: Sandslash|Ice Punch|p2b: Archaludon
|-damage|p2b: Archaludon|53/100
|move|p1b: Ninetales|Blizzard|p2a: Gyarados|[spread] p2a,p2b
|-damage|p2a: Gyarados|70/100
|-damage|p2b: Archaludon|0 fnt
|-status|p2a: Gyarados|frz
|faint|p2b: Archaludon
|
|-weather|Snowscape|[upkeep]
|upkeep
|
|t:|1756351557
|switch|p2b: Volcarona|Volcarona, L50, F|56/100
|turn|8
|
|t:|1756351581
|move|p2b: Volcarona|Overheat|p2a: Gyarados
|-resisted|p2a: Gyarados
|-damage|p2a: Gyarados|40/100 frz
|-unboost|p2b: Volcarona|spa|2
|-curestatus|p2a: Gyarados|frz|[msg]
|move|p2a: Gyarados|Earthquake|p1a: Sandslash|[spread] p2b,p1a,p1b
|-supereffective|p1a: Sandslash
|-damage|p2b: Volcarona|23/100
|-damage|p1a: Sandslash|66/100
|-damage|p1b: Ninetales|0 fnt
|faint|p1b: Ninetales
|-ability|p2a: Gyarados|Moxie|boost
|-boost|p2a: Gyarados|atk|1
|move|p1a: Sandslash|Ice Punch|p2b: Volcarona
|-resisted|p2b: Volcarona
|-damage|p2b: Volcarona|0 fnt
|-status|p1a: Sandslash|brn|[from] ability: Flame Body|[of] p2b: Volcarona
|faint|p2b: Volcarona
|
|-weather|Snowscape|[upkeep]
|-damage|p1a: Sandslash|60/100 brn|[from] brn
|-sideend|p2: Alecat|move: Tailwind
|upkeep
|turn|9
|
|t:|1756351599
|move|p2a: Gyarados|Protect|p2a: Gyarados
|-singleturn|p2a: Gyarados|Protect
|move|p1a: Sandslash|Ice Punch|p2a: Gyarados
|-activate|p2a: Gyarados|move: Protect
|
|-weather|none
|-damage|p1a: Sandslash|54/100 brn|[from] brn
|upkeep
|turn|10
|c|☆Elsa Lamance|Gg
|
|t:|1756351609
|move|p2a: Gyarados|Waterfall|p1a: Sandslash
|-damage|p1a: Sandslash|0 fnt
|faint|p1a: Sandslash
|
|win|Alecat
||Elsa Lamance is ready for game 2.
|c|☆Alecat|gg
|inactive|Alecat has 30 seconds to confirm battle start!
||Alecat is ready for game 2.
|uhtml|next|Next: Game 2 of 3
|l|☆Elsa Lamance
|player|p1|
