|j|☆phenomsteelers08
|j|☆Urkin' Pincurchin
|html|phenomsteelers08Urkin' Pincurchin    
|uhtml|bestof|Game 1 of a best-of-3
|t:|1756694694
|gametype|doubles
|player|p1|phenomsteelers08|265|1458
|player|p2|Urkin' Pincurchin|fisherman-gen4|1391
|gen|9
|tier|[Gen 9] VGC 2025 Reg H (Bo3)
|rated|
|rule|Species Clause: Limit one of each Pokémon
|rule|Item Clause: Limit 1 of each item
|clearpoke
|poke|p1|Indeedee-F, L50, F|
|poke|p1|Whimsicott, L50, M|
|poke|p1|Annihilape, L50, M|
|poke|p1|Armarouge, L50, F|
|poke|p1|Typhlosion-Hisui, L50, M|
|poke|p1|Dragapult, L50, F|
|poke|p2|Ninetales-Alola, L50, F|
|poke|p2|Dragonite, L50, M|
|poke|p2|Incineroar, L50, M|
|poke|p2|Annihilape, L50, M|
|poke|p2|Gholdengo, L50|
|poke|p2|Ursaluna-Bloodmoon, L50, M|
|teampreview|4
|showteam|p1|Indeedee-F||RockyHelmet|PsychicSurge|Psychic,FollowMe,TrickRoom,HelpingHand|||F|||50|,,,,,Fairy]Whimsicott||FocusSash|Prankster|Moonblast,Tailwind,BeatUp,SunnyDay|||M|||50|,,,,,Ghost]Annihilape||Leftovers|Defiant|DrainPunch,RageFist,BulkUp,Protect|||M|||50|,,,,,Fairy]Armarouge||TwistedSpoon|FlashFire|ExpandingForce,HeatWave,TrickRoom,Protect|||F|||50|,,,,,Psychic]Typhlosion-Hisui||Charcoal|Blaze|Eruption,Flamethrower,ShadowBall,Protect|||M|||50|,,,,,Fire]Dragapult||ChoiceBand|ClearBody|DragonDarts,Outrage,PhantomForce,Uturn|||F|||50|,,,,,Dragon
|showteam|p2|Ninetales-Alola||FocusSash|SnowWarning|Blizzard,IcyWind,Protect,Encore|||F|||50|,,,,,Ice]Dragonite||LoadedDice|Multiscale|ScaleShot,Tailwind,Protect,Haze|||M|||50|,,,,,Fairy]Incineroar||SafetyGoggles|Intimidate|FlareBlitz,KnockOff,FakeOut,PartingShot|||M|||50|,,,,,Ghost]Annihilape||SitrusBerry|Defiant|CloseCombat,RageFist,FinalGambit,Taunt|||M|||50|,,,,,Grass]Gholdengo||LifeOrb|GoodasGold|MakeItRain,ShadowBall,Protect,NastyPlot||||||50|,,,,,Water]Ursaluna-Bloodmoon||AssaultVest|MindsEye|BloodMoon,EarthPower,HyperVoice,VacuumWave|||M|||50|,,,,,Water
|inactive|Battle timer is ON: inactive players will automatically lose when time's up. (requested by Urkin' Pincurchin)
|inactive|phenomsteelers08 also wants the timer to be on.
|j| Tindall64
|j| teamthief420
|inactive|phenomsteelers08 has 60 seconds left.
|inactive|Urkin' Pincurchin has 60 seconds left.
|inactive|phenomsteelers08 has 30 seconds left.
|inactive|Urkin' Pincurchin has 30 seconds left.
|inactive|Urkin' Pincurchin has 20 seconds left.
|inactive|Urkin' Pincurchin has 15 seconds left.
|inactive|Urkin' Pincurchin has 10 seconds left.
|inactive|Urkin' Pincurchin has 5 seconds left.
|
|t:|1756694782
|teamsize|p1|4
|teamsize|p2|4
|start
|switch|p1a: Whimsicott|Whimsicott, L50, M|100/100
|switch|p1b: Annihilape|Annihilape, L50, M|100/100
|switch|p2a: Ursaluna|Ursaluna-Bloodmoon, L50, M|100/100
|switch|p2b: Dragonite|Dragonite, L50, M|100/100
|turn|1
|inactive|phenomsteelers08 has 30 seconds left.
|inactive|phenomsteelers08 has 20 seconds left.
|
|t:|1756694817
|move|p1b: Annihilape|Protect|p1b: Annihilape
|-singleturn|p1b: Annihilape|Protect
|move|p1a: Whimsicott|Moonblast|p2a: Ursaluna
|-damage|p2a: Ursaluna|79/100
|move|p2b: Dragonite|Tailwind|p2b: Dragonite
|-sidestart|p2: Urkin' Pincurchin|move: Tailwind
|move|p2a: Ursaluna|Blood Moon|p1a: Whimsicott
|-enditem|p1a: Whimsicott|Focus Sash
|-damage|p1a: Whimsicott|1/100
|
|upkeep
|turn|2
|inactive|phenomsteelers08 has 30 seconds left.
|inactive|phenomsteelers08 has 20 seconds left.
|inactive|phenomsteelers08 has 15 seconds left.
|
|t:|1756694859
|switch|p2b: Ninetales|Ninetales-Alola, L50, F|100/100
|-weather|Snowscape|[from] ability: Snow Warning|[of] p2b: Ninetales
|-terastallize|p1b: Annihilape|Fairy
|move|p1a: Whimsicott|Tailwind|p1a: Whimsicott
|-sidestart|p1: phenomsteelers08|move: Tailwind
|move|p2a: Ursaluna|Vacuum Wave|p1a: Whimsicott
|-resisted|p1a: Whimsicott
|-damage|p1a: Whimsicott|0 fnt
|faint|p1a: Whimsicott
|move|p1b: Annihilape|Drain Punch|p2a: Ursaluna
|-supereffective|p2a: Ursaluna
|-damage|p2a: Ursaluna|29/100
|
|-weather|Snowscape|[upkeep]
|upkeep
|inactive|phenomsteelers08 has 30 seconds left.
|inactive|phenomsteelers08 has 20 seconds left.
|inactive|phenomsteelers08 has 15 seconds left.
|
|t:|1756694901
|switch|p1a: Typhlosion|Typhlosion-Hisui, L50, M|100/100
|turn|3
|
|t:|1756694923
|move|p2b: Ninetales|Protect|p2b: Ninetales
|-singleturn|p2b: Ninetales|Protect
|move|p2a: Ursaluna|Vacuum Wave|p1a: Typhlosion
|-damage|p1a: Typhlosion|79/100
|move|p1a: Typhlosion|Eruption|p2b: Ninetales|[spread] p2a
|-activate|p2b: Ninetales|move: Protect
|-damage|p2a: Ursaluna|0 fnt
|faint|p2a: Ursaluna
|move|p1b: Annihilape|Drain Punch|p2b: Ninetales
|-activate|p2b: Ninetales|move: Protect
|
|-weather|Snowscape|[upkeep]
|upkeep
|
|t:|1756694927
|switch|p2a: Incineroar|Incineroar, L50, M|100/100
|-ability|p2a: Incineroar|Intimidate|boost
|-unboost|p1a: Typhlosion|atk|1
|-unboost|p1b: Annihilape|atk|1
|-ability|p1b: Annihilape|Defiant|boost
|-boost|p1b: Annihilape|atk|2
|turn|4
|inactive|phenomsteelers08 has 30 seconds left.
|
|t:|1756694957
|-terastallize|p2a: Incineroar|Ghost
|move|p2b: Ninetales|Encore|p1b: Annihilape
|-start|p1b: Annihilape|Encore
|move|p1a: Typhlosion|Eruption|p2b: Ninetales|[spread] p2a,p2b
|-supereffective|p2b: Ninetales
|-damage|p2a: Incineroar|50/100
|-enditem|p2b: Ninetales|Focus Sash
|-damage|p2b: Ninetales|1/100
|move|p1b: Annihilape|Drain Punch|p2b: Ninetales
|-damage|p2b: Ninetales|0 fnt
|faint|p2b: Ninetales
|move|p2a: Incineroar|Knock Off|p1a: Typhlosion
|-supereffective|p1a: Typhlosion
|-damage|p1a: Typhlosion|0 fnt
|-enditem|p1a: Typhlosion|Charcoal|[from] move: Knock Off|[of] p2a: Incineroar
|faint|p1a: Typhlosion
|
|-weather|Snowscape|[upkeep]
|-sideend|p2: Urkin' Pincurchin|move: Tailwind
|upkeep
|
|t:|1756694974
|switch|p2b: Dragonite|Dragonite, L50, M|100/100
|switch|p1a: Dragapult|Dragapult, L50, F|100/100
|turn|5
|inactive|phenomsteelers08 has 30 seconds left.
|
|t:|1756695003
|move|p1a: Dragapult|Phantom Force||[still]
|-prepare|p1a: Dragapult|Phantom Force
|move|p1b: Annihilape|Drain Punch|p2b: Dragonite
|-resisted|p2b: Dragonite
|-damage|p2b: Dragonite|85/100
|move|p2b: Dragonite|Tailwind|p2b: Dragonite
|-sidestart|p2: Urkin' Pincurchin|move: Tailwind
|move|p2a: Incineroar|Knock Off|p1a: Dragapult|[miss]
|-miss|p2a: Incineroar|p1a: Dragapult
|
|-weather|Snowscape|[upkeep]
|-sideend|p1: phenomsteelers08|move: Tailwind
|upkeep
|turn|6
|
|t:|1756695015
|move|p2b: Dragonite|Scale Shot|p1b: Annihilape
|-immune|p1b: Annihilape
|move|p2a: Incineroar|Flare Blitz|p1b: Annihilape
|-damage|p1b: Annihilape|36/100
|-damage|p2a: Incineroar|30/100|[from] Recoil
|move|p1a: Dragapult|Phantom Force|p2a: Incineroar|[from] lockedmove
|-supereffective|p2a: Incineroar
|-damage|p2a: Incineroar|0 fnt
|faint|p2a: Incineroar
|move|p1b: Annihilape|Drain Punch|p2b: Dragonite
|-resisted|p2b: Dragonite
|-damage|p2b: Dragonite|54/100
|-heal|p1b: Annihilape|50/100|[from] drain|[of] p2b: Dragonite
|
|-weather|none
|-heal|p1b: Annihilape|56/100|[from] item: Leftovers
|-end|p1b: Annihilape|Encore
|upkeep
|turn|7
|-message|Urkin' Pincurchin forfeited.
|
|win|phenomsteelers08
||Urkin' Pincurchin is ready for game 2.
||phenomsteelers08 is ready for game 2.
|uhtml|next|Next: Game 2 of 3
