|j|☆54Rook54
|j|☆iota_002
|html|54Rook54iota_002    
|uhtml|bestof|Game 1 of a best-of-3
|t:|1785460866
|gametype|doubles
|player|p1|54Rook54|dawn|1161
|player|p2|iota_002|ethan|1090
|gen|9
|tier|[Gen 9 Champions] VGC 2026 Reg M-B (Bo3)
|rated|
|rule|Species Clause: Limit one of each Pokémon
|rule|Item Clause: Limit 1 of each item
|clearpoke
|poke|p1|Pelipper, L50, F|
|poke|p1|Swampert, L50, M|
|poke|p1|Basculegion, L50, M|
|poke|p1|Archaludon, L50, F|
|poke|p1|Sinistcha, L50|
|poke|p1|Kingambit, L50, F|
|poke|p2|Beedrill, L50, F|
|poke|p2|Aegislash, L50, M|
|poke|p2|Talonflame, L50, M|
|poke|p2|Gardevoir, L50, M|
|poke|p2|Glimmora, L50, M|
|poke|p2|Weavile, L50, M|
|teampreview|4
|showteam|p1|Pelipper||DampRock|Drizzle|Hurricane,WeatherBall,WideGuard,Protect|Bold||F|||50|]Swampert||Swampertite|Torrent|Liquidation,HighHorsepower,IcePunch,Protect|Adamant||M|||50|]Basculegion||MysticWater|Adaptability|WaveCrash,LastRespects,AquaJet,FlipTurn|Adamant||M|||50|]Archaludon||SitrusBerry|Stamina|ElectroShot,FlashCannon,DragonPulse,Protect|Timid||F|||50|]Sinistcha||Leftovers|Hospitality|MatchaGotcha,RagePowder,StrengthSap,Protect|Bold|||||50|]Kingambit||BlackGlasses|Defiant|KowtowCleave,SuckerPunch,IronHead,Protect|Adamant||F|||50|
|showteam|p2|Beedrill||Beedrillite|Sniper|Uturn,PoisonJab,DrillRun,Protect|Jolly||F|||50|]Aegislash||SitrusBerry|StanceChange|Poltergeist,SacredSword,WideGuard,KingsShield|Brave||M|||50|]Talonflame||SharpBeak|GaleWings|DualWingbeat,Tailwind,QuickGuard,Taunt|Jolly||M|||50|]Gardevoir||ExpertBelt|Trace|Thunderbolt,Moonblast,Encore,Protect|Modest||M|||50|]Glimmora||FocusSash|ToxicDebris|EnergyBall,PowerGem,EarthPower,SpikyShield|Modest||M|||50|]Weavile||KingsRock|Pressure|FakeOut,Fling,KnockOff,IceSpinner|Jolly||M|||50|
|inactive|Battle timer is ON: inactive players will automatically lose when time's up. (requested by 54Rook54)
|
|t:|1785460897
|teamsize|p1|4
|teamsize|p2|4
|start
|switch|p1a: Pelipper|Pelipper, L50, F|100/100
|switch|p1b: Archaludon|Archaludon, L50, F|100/100
|switch|p2a: Talonflame|Talonflame, L50, M|100/100
|switch|p2b: Glimmora|Glimmora, L50, M|100/100
|-weather|RainDance|[from] ability: Drizzle|[of] p1a: Pelipper
|turn|1
|inactive|54Rook54 has 30 seconds left.
|
|t:|1785460923
|move|p2a: Talonflame|Tailwind|p2a: Talonflame
|-sidestart|p2: iota_002|move: Tailwind
|move|p2b: Glimmora|Earth Power|p1b: Archaludon
|-supereffective|p1b: Archaludon|1
|-damage|p1b: Archaludon|19/100
|-ability|p1b: Archaludon|Stamina|boost
|-boost|p1b: Archaludon|def|1
|-enditem|p1b: Archaludon|Sitrus Berry|[eat]
|-heal|p1b: Archaludon|44/100|[from] item: Sitrus Berry
|move|p1a: Pelipper|Weather Ball|p2a: Talonflame
|-supereffective|p2a: Talonflame|1
|-damage|p2a: Talonflame|0 fnt
|faint|p2a: Talonflame
|move|p1b: Archaludon|Electro Shot||[still]
|-prepare|p1b: Archaludon|Electro Shot
|-boost|p1b: Archaludon|spa|1
|-anim|p1b: Archaludon|Electro Shot|p2b: Glimmora
|-damage|p2b: Glimmora|9/100
|
|-weather|RainDance|[upkeep]
|upkeep
|
|t:|1785460941
|switch|p2a: Aegislash|Aegislash, L50, M|100/100
|turn|2
|inactive|54Rook54 has 30 seconds left.
|
|t:|1785460969
|move|p2b: Glimmora|Spiky Shield|p2b: Glimmora
|-singleturn|p2b: Glimmora|move: Protect
|-formechange|p2a: Aegislash|Aegislash-Blade|
|move|p2a: Aegislash|Sacred Sword|p1b: Archaludon
|-supereffective|p1b: Archaludon|1
|-crit|p1b: Archaludon
|-damage|p1b: Archaludon|0 fnt
|faint|p1b: Archaludon
|move|p1a: Pelipper|Weather Ball|p2b: Glimmora
|-activate|p2b: Glimmora|move: Protect
|
|-weather|RainDance|[upkeep]
|upkeep
|
|t:|1785460983
|switch|p1b: Swampert|Swampert, L50, M|100/100
|turn|3
|
|t:|1785460991
|detailschange|p1b: Swampert|Swampert-Mega, L50, M
|-mega|p1b: Swampert|Swampert|Swampertite
|move|p2b: Glimmora|Energy Ball|p1b: Swampert
|-supereffective|p1b: Swampert|2
|-damage|p1b: Swampert|0 fnt
|faint|p1b: Swampert
|move|p2a: Aegislash|Poltergeist|p1a: Pelipper|[miss]
|-miss|p2a: Aegislash|p1a: Pelipper
|move|p1a: Pelipper|Weather Ball|p2b: Glimmora
|-supereffective|p2b: Glimmora|1
|-damage|p2b: Glimmora|0 fnt
|faint|p2b: Glimmora
|
|-weather|RainDance|[upkeep]
|upkeep
|
|t:|1785461003
|switch|p2b: Weavile|Weavile, L50, M|100/100
|switch|p1b: Kingambit|Kingambit, L50, F|100/100
|-ability|p2b: Weavile|Pressure
|turn|4
|
|t:|1785461021
|move|p2b: Weavile|Fake Out|p1b: Kingambit
|-resisted|p1b: Kingambit|1
|-crit|p1b: Kingambit
|-damage|p1b: Kingambit|93/100
|move|p2a: Aegislash|Sacred Sword|p1b: Kingambit
|-supereffective|p1b: Kingambit|2
|-damage|p1b: Kingambit|0 fnt
|faint|p1b: Kingambit
|move|p1a: Pelipper|Weather Ball|p2a: Aegislash
|-damage|p2a: Aegislash|4/100
|-enditem|p2a: Aegislash|Sitrus Berry|[eat]
|-heal|p2a: Aegislash|28/100|[from] item: Sitrus Berry
|
|-weather|RainDance|[upkeep]
|-sideend|p2: iota_002|move: Tailwind
|upkeep
|turn|5
|
|t:|1785461035
|move|p2b: Weavile|Fling|p1a: Pelipper
|-damage|p1a: Pelipper|85/100
|-enditem|p2b: Weavile|King's Rock|[from] move: Fling
|cant|p1a: Pelipper|flinch
|move|p2a: Aegislash|Poltergeist|p1a: Pelipper
|-activate|p1a: Pelipper|move: Poltergeist|Damp Rock
|-damage|p1a: Pelipper|14/100
|
|-weather|RainDance|[upkeep]
|upkeep
|turn|6
|
|t:|1785461045
|move|p2b: Weavile|Knock Off|p1a: Pelipper
|-damage|p1a: Pelipper|0 fnt
|-enditem|p1a: Pelipper|Damp Rock|[from] move: Knock Off|[of] p2b: Weavile
|faint|p1a: Pelipper
|
|win|iota_002
|l|☆54Rook54
|player|p1|
||iota_002 is ready for game 2.
||54Rook54 is ready for game 2.
|uhtml|next|Next: Game 2 of 3
