|j|☆strawhatronin
|j|☆puli95
|html|strawhatroninpuli95    
|uhtml|bestof|Game 2 of a best-of-3
|t:|1784045297
|gametype|doubles
|player|p1|strawhatronin|morty|1099
|player|p2|puli95|266|1039
|gen|9
|tier|[Gen 9 Champions] VGC 2026 Reg M-B (Bo3)
|rated|
|rule|Species Clause: Limit one of each Pokémon
|rule|Item Clause: Limit 1 of each item
|clearpoke
|poke|p1|Gengar, L50, F|
|poke|p1|Incineroar, L50, F|
|poke|p1|Maushold, L50|
|poke|p1|Archaludon, L50, M|
|poke|p1|Politoed, L50, F|
|poke|p1|Venusaur, L50, F|
|poke|p2|Metagross, L50|
|poke|p2|Talonflame, L50, M|
|poke|p2|Hydreigon, L50, M|
|poke|p2|Sneasler, L50, F|
|poke|p2|Incineroar, L50, F|
|poke|p2|Basculegion, L50, M|
|teampreview|4
|showteam|p1|Gengar||Gengarite|CursedBody|Protect,PerishSong,ShadowBall,SludgeBomb|Timid||F|||50|]Incineroar||ChopleBerry|Intimidate|Protect,FakeOut,PartingShot,FlareBlitz|Adamant||F|||50|]Maushold||FocusSash|FriendGuard|Protect,FollowMe,BeatUp,SuperFang|Jolly|||||50|]Archaludon||Leftovers|Stamina|Protect,ElectroShot,FlashCannon,DragonPulse|Modest||M|||50|]Politoed||SitrusBerry|Drizzle|Protect,PerishSong,WeatherBall,MuddyWater|Bold||F|||50|]Venusaur||Venusaurite|Overgrow|Protect,LeechSeed,EarthPower,GigaDrain|Modest||F|||50|
|showteam|p2|Metagross||Metagrossite|ClearBody|BulletPunch,PsychicFangs,RockSlide,Protect|Adamant|||||50|]Talonflame||Charcoal|GaleWings|Overheat,WillOWisp,Tailwind,QuickGuard|Naive||M|||50|]Hydreigon||ExpertBelt|Levitate|DarkPulse,DracoMeteor,EarthPower,Protect|Modest||M|||50|]Sneasler||FocusSash|Unburden|CloseCombat,DireClaw,FakeOut,QuickGuard|Adamant||F|||50|]Incineroar||PasshoBerry|Intimidate|FlareBlitz,ThroatChop,FakeOut,PartingShot|Careful||F|||50|]Basculegion||LifeOrb|Adaptability|WaveCrash,LastRespects,AquaJet,Protect|Adamant||M|||50|
|inactive|Battle timer is ON: inactive players will automatically lose when time's up. (requested by strawhatronin)
|
|t:|1784045325
|teamsize|p1|4
|teamsize|p2|4
|start
|switch|p1a: Maushold|Maushold, L50|100/100
|switch|p1b: Archaludon|Archaludon, L50, M|100/100
|switch|p2a: Talonflame|Talonflame, L50, M|100/100
|switch|p2b: Sneasler|Sneasler, L50, F|100/100
|turn|1
|inactive|strawhatronin has 30 seconds left.
|
|t:|1784045356
|move|p2a: Talonflame|Tailwind|p2a: Talonflame
|-sidestart|p2: puli95|move: Tailwind
|move|p2b: Sneasler|Close Combat|p1a: Maushold
|-supereffective|p1a: Maushold|1
|-enditem|p1a: Maushold|Focus Sash
|-damage|p1a: Maushold|1/100
|-unboost|p2b: Sneasler|def|1
|-unboost|p2b: Sneasler|spd|1
|move|p1a: Maushold|Beat Up|p1b: Archaludon
|-damage|p1b: Archaludon|98/100
|-ability|p1b: Archaludon|Stamina|boost
|-boost|p1b: Archaludon|def|1
|-damage|p1b: Archaludon|97/100
|-ability|p1b: Archaludon|Stamina|boost
|-boost|p1b: Archaludon|def|1
|-damage|p1b: Archaludon|96/100
|-ability|p1b: Archaludon|Stamina|boost
|-boost|p1b: Archaludon|def|1
|-damage|p1b: Archaludon|95/100
|-ability|p1b: Archaludon|Stamina|boost
|-boost|p1b: Archaludon|def|1
|-hitcount|p1b: Archaludon|4
|move|p1b: Archaludon|Dragon Pulse|p2a: Talonflame
|-damage|p2a: Talonflame|21/100
|
|-heal|p1b: Archaludon|100/100|[from] item: Leftovers
|upkeep
|turn|2
|inactive|strawhatronin has 30 seconds left.
|inactive|puli95 has 30 seconds left.
|
|t:|1784045385
|switch|p1a: Politoed|Politoed, L50, F|100/100
|-weather|RainDance|[from] ability: Drizzle|[of] p1a: Politoed
|move|p2a: Talonflame|Overheat|p1b: Archaludon
|-damage|p1b: Archaludon|72/100
|-unboost|p2a: Talonflame|spa|2
|-ability|p1b: Archaludon|Stamina|boost
|-boost|p1b: Archaludon|def|1
|move|p2b: Sneasler|Close Combat|p1b: Archaludon
|-supereffective|p1b: Archaludon|1
|-damage|p1b: Archaludon|41/100
|-unboost|p2b: Sneasler|def|1
|-unboost|p2b: Sneasler|spd|1
|-ability|p1b: Archaludon|Stamina|boost
|-boost|p1b: Archaludon|def|1
|move|p1b: Archaludon|Electro Shot||[still]
|-prepare|p1b: Archaludon|Electro Shot
|-boost|p1b: Archaludon|spa|1
|-anim|p1b: Archaludon|Electro Shot|p2b: Sneasler
|-enditem|p2b: Sneasler|Focus Sash
|-damage|p2b: Sneasler|1/100
|
|-weather|RainDance|[upkeep]
|-heal|p1b: Archaludon|47/100|[from] item: Leftovers
|upkeep
|turn|3
|inactive|strawhatronin has 30 seconds left.
|inactive|puli95 has 30 seconds left.
|
|t:|1784045411
|move|p1b: Archaludon|Protect|p1b: Archaludon
|-singleturn|p1b: Archaludon|Protect
|move|p2b: Sneasler|Dire Claw|p1a: Politoed
|-damage|p1a: Politoed|62/100
|-status|p1a: Politoed|par
|move|p2a: Talonflame|Will-O-Wisp|p1b: Archaludon
|-activate|p1b: Archaludon|move: Protect
|move|p1a: Politoed|Muddy Water|p2b: Sneasler|[spread] 
|-miss|p1a: Politoed|p2a: Talonflame
|-miss|p1a: Politoed|p2b: Sneasler
|
|-weather|RainDance|[upkeep]
|-heal|p1b: Archaludon|53/100|[from] item: Leftovers
|upkeep
|turn|4
|
|t:|1784045436
|move|p2b: Sneasler|Close Combat|p1b: Archaludon
|-supereffective|p1b: Archaludon|1
|-damage|p1b: Archaludon|26/100
|-unboost|p2b: Sneasler|def|1
|-unboost|p2b: Sneasler|spd|1
|move|p2a: Talonflame|Will-O-Wisp|p1b: Archaludon
|-status|p1b: Archaludon|brn
|move|p1b: Archaludon|Electro Shot||[still]
|-prepare|p1b: Archaludon|Electro Shot
|-boost|p1b: Archaludon|spa|1
|-anim|p1b: Archaludon|Electro Shot|p2a: Talonflame
|-supereffective|p2a: Talonflame|1
|-damage|p2a: Talonflame|0 fnt
|faint|p2a: Talonflame
|move|p1a: Politoed|Muddy Water|p2b: Sneasler
|-damage|p2b: Sneasler|0 fnt
|faint|p2b: Sneasler
|
|-weather|RainDance|[upkeep]
|-heal|p1b: Archaludon|32/100 brn|[from] item: Leftovers
|-damage|p1b: Archaludon|26/100 brn|[from] brn
|-sideend|p2: puli95|move: Tailwind
|upkeep
|
|t:|1784045458
|switch|p2a: Hydreigon|Hydreigon, L50, M|100/100
|switch|p2b: Metagross|Metagross, L50|100/100
|turn|5
|
|t:|1784045481
|detailschange|p2b: Metagross|Metagross-Mega, L50
|-mega|p2b: Metagross|Metagross|Metagrossite
|move|p1b: Archaludon|Protect|p1b: Archaludon
|-singleturn|p1b: Archaludon|Protect
|move|p2b: Metagross|Psychic Fangs|p1a: Politoed
|-damage|p1a: Politoed|4/100 par
|-enditem|p1a: Politoed|Sitrus Berry|[eat]
|-heal|p1a: Politoed|29/100 par|[from] item: Sitrus Berry
|move|p2a: Hydreigon|Earth Power|p1b: Archaludon
|-activate|p1b: Archaludon|move: Protect
|move|p1a: Politoed|Perish Song|p1a: Politoed
|-start|p1a: Politoed|perish3|[silent]
|-start|p1b: Archaludon|perish3|[silent]
|-start|p2a: Hydreigon|perish3|[silent]
|-start|p2b: Metagross|perish3|[silent]
|-fieldactivate|move: Perish Song
|
|-weather|RainDance|[upkeep]
|-heal|p1b: Archaludon|32/100 brn|[from] item: Leftovers
|-damage|p1b: Archaludon|26/100 brn|[from] brn
|-start|p2b: Metagross|perish3
|-start|p2a: Hydreigon|perish3
|-start|p1b: Archaludon|perish3
|-start|p1a: Politoed|perish3
|upkeep
|turn|6
|inactive|strawhatronin has 30 seconds left.
|
|t:|1784045507
|move|p1b: Archaludon|Protect||[still]
|-fail|p1b: Archaludon
|move|p1a: Politoed|Protect|p1a: Politoed
|-singleturn|p1a: Politoed|Protect
|move|p2b: Metagross|Rock Slide|p1a: Politoed|[spread] p1b
|-activate|p1a: Politoed|move: Protect
|-resisted|p1b: Archaludon|1
|-damage|p1b: Archaludon|24/100 brn
|move|p2a: Hydreigon|Earth Power|p1b: Archaludon
|-supereffective|p1b: Archaludon|1
|-damage|p1b: Archaludon|0 fnt
|faint|p1b: Archaludon
|
|-weather|none
|-start|p2b: Metagross|perish2
|-start|p2a: Hydreigon|perish2
|-start|p1a: Politoed|perish2
|upkeep
|
|t:|1784045526
|switch|p1b: Maushold|Maushold, L50|1/100
|turn|7
|
|t:|1784045535
|move|p1b: Maushold|Protect|p1b: Maushold
|-singleturn|p1b: Maushold|Protect
|move|p1a: Politoed|Protect||[still]
|-fail|p1a: Politoed
|move|p2b: Metagross|Bullet Punch|p1b: Maushold
|-activate|p1b: Maushold|move: Protect
|move|p2a: Hydreigon|Dark Pulse|p1a: Politoed
|-damage|p1a: Politoed|1/100 par
|
|-start|p2b: Metagross|perish1
|-start|p2a: Hydreigon|perish1
|-start|p1a: Politoed|perish1
|upkeep
|turn|8
|-message|puli95 forfeited.
|
|win|strawhatronin
|raw|strawhatronin's rating: 1099 → 1120(+21 for winning)
|raw|puli95's rating: 1039 → 1026(-13 for losing)
|l|☆puli95
|player|p2|
