|j|☆CalvosForever
|j|☆someguyonthisgame
|html|CalvosForeversomeguyonthisgame    
|uhtml|bestof|Game 1 of a best-of-3
|t:|1784047793
|gametype|doubles
|player|p1|CalvosForever|2|1136
|player|p2|someguyonthisgame|yellow|1032
|gen|9
|tier|[Gen 9 Champions] VGC 2026 Reg M-B (Bo3)
|rated|
|rule|Species Clause: Limit one of each Pokémon
|rule|Item Clause: Limit 1 of each item
|clearpoke
|poke|p1|Delphox, L50, F|
|poke|p1|Sneasler, L50, M|
|poke|p1|Incineroar, L50, F|
|poke|p1|Sinistcha, L50|
|poke|p1|Maushold-Four, L50|
|poke|p1|Blastoise, L50, M|
|poke|p2|Scrafty, L50, F, shiny|
|poke|p2|Whimsicott, L50, M, shiny|
|poke|p2|Dragapult, L50, F, shiny|
|poke|p2|Raichu, L50, M, shiny|
|poke|p2|Corviknight, L50, M, shiny|
|poke|p2|Arcanine-Hisui, L50, F, shiny|
|teampreview|4
|showteam|p1|Delphox||Delphoxite|Blaze|HeatWave,Psyshock,NastyPlot,Protect|Timid||F|||50|]Sneasler||FocusSash|PoisonTouch|CloseCombat,PoisonJab,FakeOut,QuickGuard|Jolly||M|||50|]Incineroar||SitrusBerry|Intimidate|FlareBlitz,ThroatChop,FakeOut,PartingShot|Impish||F|||50|]Sinistcha||OccaBerry|Hospitality|MatchaGotcha,RagePowder,LifeDew,Protect|Bold|||||50|]Maushold-Four||ChopleBerry|FriendGuard|FollowMe,Feint,HelpingHand,Protect|Impish|||||50|]Blastoise||Blastoisinite|RainDish|WaterSpout,DarkPulse,ShellSmash,Protect|Modest||M|||50|
|showteam|p2|Scrafty||Scraftinite|Intimidate|DrainPunch,KnockOff,Protect,Roar|Jolly||F|||50|]Whimsicott||FocusSash|Prankster|Protect,Moonblast,Tailwind,Encore|Timid||M|||50|]Dragapult||LifeOrb|Infiltrator|ShadowBall,DracoMeteor,Protect,Flamethrower|Timid||F|||50|]Raichu||RaichuniteY|LightningRod|ZapCannon,GrassKnot,Protect,DazzlingGleam|Modest||M|||50|]Corviknight||SitrusBerry|MirrorArmor|BulkUp,BraveBird,Protect,Roost|Adamant||M|||50|]Arcanine-Hisui||HardStone|RockHead|FlareBlitz,HeadSmash,Protect,ExtremeSpeed|Adamant||F|||50|
|l|☆someguyonthisgame
|player|p2|
|j|☆someguyonthisgame
|player|p2|someguyonthisgame|yellow|
|inactive|Battle timer is ON: inactive players will automatically lose when time's up. (requested by someguyonthisgame)
|
|t:|1784047883
|teamsize|p1|4
|teamsize|p2|4
|start
|switch|p1a: Delphox|Delphox, L50, F|100/100
|switch|p1b: Maushold|Maushold-Four, L50|100/100
|switch|p2a: Gon Freecss|Scrafty, L50, F, shiny|100/100
|switch|p2b: WhimsiGOAT|Whimsicott, L50, M, shiny|100/100
|-ability|p2a: Gon Freecss|Intimidate|boost
|-unboost|p1a: Delphox|atk|1
|-unboost|p1b: Maushold|atk|1
|turn|1
|
|t:|1784047908
|detailschange|p1a: Delphox|Delphox-Mega, L50, F
|-mega|p1a: Delphox|Delphox|Delphoxite
|detailschange|p2a: Gon Freecss|Scrafty-Mega, L50, F, shiny
|-mega|p2a: Gon Freecss|Scrafty|Scraftinite
|-ability|p2a: Gon Freecss|Intimidate|boost
|-unboost|p1a: Delphox|atk|1
|-unboost|p1b: Maushold|atk|1
|move|p1b: Maushold|Helping Hand|p1a: Delphox
|-singleturn|p1a: Delphox|Helping Hand|[of] p1b: Maushold
|move|p2b: WhimsiGOAT|Tailwind|p2b: WhimsiGOAT
|-sidestart|p2: someguyonthisgame|move: Tailwind
|move|p2a: Gon Freecss|Knock Off|p1a: Delphox
|-supereffective|p1a: Delphox|1
|-damage|p1a: Delphox|32/100
|move|p1a: Delphox|Heat Wave|p2a: Gon Freecss|[spread] p2a,p2b
|-supereffective|p2b: WhimsiGOAT|1
|-damage|p2a: Gon Freecss|44/100
|-enditem|p2b: WhimsiGOAT|Focus Sash
|-damage|p2b: WhimsiGOAT|1/100
|-status|p2a: Gon Freecss|brn
|
|-damage|p2a: Gon Freecss|38/100 brn|[from] brn
|upkeep
|turn|2
|
|t:|1784047927
|move|p1b: Maushold|Follow Me|p1b: Maushold
|-singleturn|p1b: Maushold|move: Follow Me
|move|p2b: WhimsiGOAT|Moonblast|p1b: Maushold
|-damage|p1b: Maushold|63/100
|move|p2a: Gon Freecss|Drain Punch|p1b: Maushold
|-supereffective|p1b: Maushold|1
|-enditem|p1b: Maushold|Chople Berry|[eat]
|-enditem|p1b: Maushold|Chople Berry|[weaken]
|-damage|p1b: Maushold|43/100
|-heal|p2a: Gon Freecss|50/100g brn|[from] drain|[of] p1b: Maushold
|move|p1a: Delphox|Heat Wave|p2b: WhimsiGOAT|[spread] p2a,p2b
|-supereffective|p2b: WhimsiGOAT|1
|-damage|p2a: Gon Freecss|10/100 brn
|-damage|p2b: WhimsiGOAT|0 fnt
|faint|p2b: WhimsiGOAT
|
|-damage|p2a: Gon Freecss|4/100 brn|[from] brn
|upkeep
|
|t:|1784047939
|switch|p2b: Sweep or die|Arcanine-Hisui, L50, F, shiny|100/100
|turn|3
|
|t:|1784047957
|move|p1a: Delphox|Protect|p1a: Delphox
|-singleturn|p1a: Delphox|Protect
|move|p2b: Sweep or die|Extreme Speed|p1a: Delphox
|-activate|p1a: Delphox|move: Protect
|move|p1b: Maushold|Feint|p2b: Sweep or die
|-resisted|p2b: Sweep or die|1
|-damage|p2b: Sweep or die|97/100
|move|p2a: Gon Freecss|Drain Punch|p1b: Maushold
|-supereffective|p1b: Maushold|1
|-damage|p1b: Maushold|6/100
|-heal|p2a: Gon Freecss|27/100 brn|[from] drain|[of] p1b: Maushold
|
|-damage|p2a: Gon Freecss|21/100 brn|[from] brn
|upkeep
|turn|4
|inactive|CalvosForever has 30 seconds left.
|inactive|CalvosForever has 20 seconds left.
|
|t:|1784047994
|switch|p1a: Incineroar|Incineroar, L50, F|100/100
|-ability|p1a: Incineroar|Intimidate|boost
|-unboost|p2a: Gon Freecss|atk|1
|-unboost|p2b: Sweep or die|atk|1
|move|p2b: Sweep or die|Extreme Speed|p1a: Incineroar
|-damage|p1a: Incineroar|88/100
|move|p1b: Maushold|Feint|p2a: Gon Freecss
|-damage|p2a: Gon Freecss|16/100 brn
|move|p2a: Gon Freecss|Drain Punch|p1b: Maushold
|-supereffective|p1b: Maushold|1
|-damage|p1b: Maushold|0 fnt
|-heal|p2a: Gon Freecss|20/100y brn|[from] drain|[of] p1b: Maushold
|faint|p1b: Maushold
|
|-damage|p2a: Gon Freecss|14/100 brn|[from] brn
|-sideend|p2: someguyonthisgame|move: Tailwind
|upkeep
|
|t:|1784048004
|switch|p1b: Sneasler|Sneasler, L50, M|100/100
|turn|5
|inactive|CalvosForever has 30 seconds left.
|
|t:|1784048030
|move|p2b: Sweep or die|Protect|p2b: Sweep or die
|-singleturn|p2b: Sweep or die|Protect
|move|p2a: Gon Freecss|Protect|p2a: Gon Freecss
|-singleturn|p2a: Gon Freecss|Protect
|move|p1b: Sneasler|Close Combat|p2b: Sweep or die
|-activate|p2b: Sweep or die|move: Protect
|move|p1a: Incineroar|Flare Blitz|p2a: Gon Freecss
|-activate|p2a: Gon Freecss|move: Protect
|
|-damage|p2a: Gon Freecss|8/100 brn|[from] brn
|upkeep
|turn|6
|
|t:|1784048049
|switch|p2b: Cutie|Dragapult, L50, F, shiny|100/100
|move|p1b: Sneasler|Poison Jab|p2a: Gon Freecss
|-damage|p2a: Gon Freecss|0 fnt
|faint|p2a: Gon Freecss
|move|p1a: Incineroar|Throat Chop|p2b: Cutie
|-supereffective|p2b: Cutie|1
|-damage|p2b: Cutie|18/100
|-start|p2b: Cutie|Throat Chop|[silent]
|
|upkeep
|
|t:|1784048058
|switch|p2a: Sweep or die|Arcanine-Hisui, L50, F, shiny|97/100
|turn|7
|inactive|CalvosForever has 30 seconds left.
|inactive|CalvosForever has 20 seconds left.
|inactive|CalvosForever has 15 seconds left.
|inactive|CalvosForever has 10 seconds left.
|inactive|CalvosForever has 5 seconds left.
|
|t:|1784048111
|move|p2b: Cutie|Draco Meteor|p1b: Sneasler
|-enditem|p1b: Sneasler|Focus Sash
|-damage|p1b: Sneasler|1/100
|-unboost|p2b: Cutie|spa|2
|-damage|p2b: Cutie|9/100|[from] item: Life Orb
|move|p1b: Sneasler|Close Combat|p2a: Sweep or die
|-supereffective|p2a: Sweep or die|1
|-damage|p2a: Sweep or die|0 fnt
|-unboost|p1b: Sneasler|def|1
|-unboost|p1b: Sneasler|spd|1
|faint|p2a: Sweep or die
|move|p1a: Incineroar|Flare Blitz|p2b: Cutie
|-resisted|p2b: Cutie|1
|-damage|p2b: Cutie|0 fnt
|faint|p2b: Cutie
|-damage|p1a: Incineroar|85/100|[from] Recoil
|
|win|CalvosForever
|inactive|CalvosForever has 30 seconds to confirm battle start!
|inactive|someguyonthisgame has 30 seconds to confirm battle start!
||CalvosForever is ready for game 2.
|inactive|someguyonthisgame has 20 seconds to confirm battle start!
|l|☆someguyonthisgame
|player|p2|
|inactive|someguyonthisgame has 10 seconds to confirm battle start!
|uhtml|next|Next: Game 2 of 3
