|j|☆pakaan64
|j|☆jonen
|html|pakaan64jonen    
|uhtml|bestof|Game 2 of a best-of-3
|t:|1756472155
|gametype|doubles
|player|p1|pakaan64|2|1104
|player|p2|jonen|ruinmaniac-gen3|1208
|gen|9
|tier|[Gen 9] VGC 2025 Reg H (Bo3)
|rated|
|rule|Species Clause: Limit one of each Pokémon
|rule|Item Clause: Limit 1 of each item
|clearpoke
|poke|p1|Ursaluna, L50, M|
|poke|p1|Indeedee-F, L50, F|
|poke|p1|Hydreigon, L50, F|
|poke|p1|Electabuzz, L50, M|
|poke|p1|Delphox, L50, F|
|poke|p1|Amoonguss, L50, F|
|poke|p2|Garchomp, L50, F|
|poke|p2|Weezing-Galar, L50, F|
|poke|p2|Archaludon, L50, F|
|poke|p2|Gholdengo, L50|
|poke|p2|Talonflame, L50, M|
|poke|p2|Annihilape, L50, F|
|teampreview|4
|showteam|p1|Ursaluna||FlameOrb|Guts|HeadlongRush,Protect,Earthquake,Facade|||M|||50|,,,,,Ghost]Indeedee-F||SitrusBerry|PsychicSurge|Protect,FollowMe,Psychic,TrickRoom|||F|||50|,,,,,Fairy]Hydreigon||CovertCloak|Levitate|Tailwind,DracoMeteor,DarkPulse,Protect|||F|||50|,,,,,Poison]Electabuzz||Eviolite|VitalSpirit|FollowMe,Protect,Electroweb,HelpingHand|||M|||50|,,,,,Fairy]Delphox||LifeOrb|Blaze|TeraBlast,ExpandingForce,Protect,HeatWave|||F|||50|,,,,,Fighting]Amoonguss||RockyHelmet|Regenerator|Spore,Protect,PollenPuff,SludgeBomb|||F|||50|,,,,,Fire
|showteam|p2|Garchomp||LifeOrb|RoughSkin|DragonClaw,Earthquake,StompingTantrum,Protect|||F|||50|,,,,,Ground]Weezing-Galar||FocusSash|NeutralizingGas|Protect,SludgeBomb,Taunt,StrangeSteam|||F|||50|,,,,,Flying]Archaludon||PowerHerb|Sturdy|ElectroShot,Thunderbolt,DracoMeteor,Protect|||F|||50|,,,,,Electric]Gholdengo||ChoiceSpecs|GoodasGold|ShadowBall,DazzlingGleam,PowerGem,MakeItRain||||||50|,,,,,Fairy]Talonflame||CovertCloak|GaleWings|Tailwind,DualWingbeat,WillOWisp,FlareBlitz|||M|||50|,,,,,Fairy]Annihilape||AssaultVest|Defiant|CloseCombat,RageFist,FinalGambit,IcePunch|||F|||50|,,,,,Grass
|
|t:|1756472168
|teamsize|p1|4
|teamsize|p2|4
|start
|switch|p1a: Delphox|Delphox, L50, F|100/100
|switch|p1b: Hydreigon|Hydreigon, L50, F|100/100
|switch|p2a: Garchomp|Garchomp, L50, F|100/100
|switch|p2b: Talonflame|Talonflame, L50, M|100/100
|turn|1
|
|t:|1756472193
|switch|p1b: Indeedee|Indeedee-F, L50, F|100/100
|-fieldstart|move: Psychic Terrain|[from] ability: Psychic Surge|[of] p1b: Indeedee
|-terastallize|p2a: Garchomp|Ground
|move|p2b: Talonflame|Tailwind|p2b: Talonflame
|-sidestart|p2: jonen|move: Tailwind
|move|p2a: Garchomp|Stomping Tantrum|p1a: Delphox
|-supereffective|p1a: Delphox
|-damage|p1a: Delphox|0 fnt
|faint|p1a: Delphox
|-damage|p2a: Garchomp|91/100|[from] item: Life Orb
|
|upkeep
|
|t:|1756472209
|switch|p1a: Ursaluna|Ursaluna, L50, M|100/100
|turn|2
|
|t:|1756472225
|-terastallize|p1b: Indeedee|Fairy
|move|p1a: Ursaluna|Protect|p1a: Ursaluna
|-singleturn|p1a: Ursaluna|Protect
|move|p2b: Talonflame|Flare Blitz|p1b: Indeedee
|-damage|p1b: Indeedee|46/100
|-enditem|p1b: Indeedee|Sitrus Berry|[eat]
|-heal|p1b: Indeedee|71/100|[from] item: Sitrus Berry
|-damage|p2b: Talonflame|80/100|[from] Recoil
|move|p2a: Garchomp|Earthquake|p1a: Ursaluna|[spread] p1b
|-activate|p1a: Ursaluna|move: Protect
|-immune|p2b: Talonflame
|-damage|p1b: Indeedee|0 fnt
|faint|p1b: Indeedee
|-damage|p2a: Garchomp|81/100|[from] item: Life Orb
|
|-status|p1a: Ursaluna|brn|[from] item: Flame Orb
|upkeep
|
|t:|1756472239
|switch|p1b: Hydreigon|Hydreigon, L50, F|100/100
|turn|3
|
|t:|1756472252
|switch|p2b: Weezing|Weezing-Galar, L50, F|100/100
|-ability|p2b: Weezing|Neutralizing Gas
|move|p1b: Hydreigon|Protect|p1b: Hydreigon
|-singleturn|p1b: Hydreigon|Protect
|move|p2a: Garchomp|Earthquake|p1a: Ursaluna|[spread] p2b,p1a
|-activate|p1b: Hydreigon|move: Protect
|-supereffective|p2b: Weezing
|-enditem|p2b: Weezing|Focus Sash
|-damage|p2b: Weezing|1/100
|-damage|p1a: Ursaluna|50/100 brn
|-damage|p2a: Garchomp|71/100|[from] item: Life Orb
|move|p1a: Ursaluna|Facade|p2a: Garchomp
|-damage|p2a: Garchomp|0 fnt
|faint|p2a: Garchomp
|
|-damage|p1a: Ursaluna|44/100 brn|[from] brn
|upkeep
|
|t:|1756472262
|switch|p2a: Gholdengo|Gholdengo, L50|100/100
|turn|4
|
|t:|1756472282
|move|p1b: Hydreigon|Protect|p1b: Hydreigon
|-singleturn|p1b: Hydreigon|Protect
|move|p1a: Ursaluna|Protect|p1a: Ursaluna
|-singleturn|p1a: Ursaluna|Protect
|move|p2a: Gholdengo|Make It Rain|p1b: Hydreigon|[spread] 
|-activate|p1a: Ursaluna|move: Protect
|-activate|p1b: Hydreigon|move: Protect
|move|p2b: Weezing|Strange Steam|p1a: Ursaluna
|-activate|p1a: Ursaluna|move: Protect
|
|-damage|p1a: Ursaluna|38/100 brn|[from] brn
|-sideend|p2: jonen|move: Tailwind
|upkeep
|turn|5
|inactive|Battle timer is ON: inactive players will automatically lose when time's up. (requested by jonen)
|
|t:|1756472354
|switch|p2a: Talonflame|Talonflame, L50, M|80/100
|move|p1b: Hydreigon|Dark Pulse|p2a: Talonflame
|-damage|p2a: Talonflame|17/100
|move|p2b: Weezing|Strange Steam|p1b: Hydreigon
|-supereffective|p1b: Hydreigon
|-damage|p1b: Hydreigon|0 fnt
|faint|p1b: Hydreigon
|move|p1a: Ursaluna|Facade|p2b: Weezing
|-damage|p2b: Weezing|0 fnt
|faint|p2b: Weezing
|-end|p2b: Weezing|ability: Neutralizing Gas
|
|-damage|p1a: Ursaluna|32/100 brn|[from] brn
|-fieldend|move: Psychic Terrain
|upkeep
|
|t:|1756472363
|switch|p2b: Gholdengo|Gholdengo, L50|100/100
|turn|6
|
|t:|1756472374
|move|p2a: Talonflame|Flare Blitz|p1a: Ursaluna
|-damage|p1a: Ursaluna|0 fnt
|faint|p1a: Ursaluna
|-damage|p2a: Talonflame|2/100|[from] Recoil
|
|win|jonen
