|j|☆ohnol
|j|☆hinoky
|html|ohnolhinoky    
|uhtml|bestof|Game 2 of a best-of-3
|t:|1785760021
|gametype|doubles
|player|p1|ohnol|youngster-gen4dp|1062
|player|p2|hinoky|wattson|1108
|gen|9
|tier|[Gen 9 Champions] VGC 2026 Reg M-B (Bo3)
|rated|
|rule|Species Clause: Limit one of each Pokémon
|rule|Item Clause: Limit 1 of each item
|clearpoke
|poke|p1|Charizard, L50, F|
|poke|p1|Whimsicott, L50, M|
|poke|p1|Kingambit, L50, F|
|poke|p1|Basculegion, L50, M|
|poke|p1|Garchomp, L50, M|
|poke|p1|Floette-Eternal, L50, F|
|poke|p2|Whimsicott, L50, M|
|poke|p2|Basculegion, L50, M|
|poke|p2|Charizard, L50, F|
|poke|p2|Garchomp, L50, M|
|poke|p2|Kingambit, L50, M|
|poke|p2|Floette-Eternal, L50, F|
|teampreview|4
|showteam|p1|Charizard||CharizarditeY|Blaze|HeatWave,WeatherBall,SolarBeam,Protect|Modest||F|||50|]Whimsicott||FocusSash|Prankster|Protect,Moonblast,Encore,Tailwind|Timid||M|||50|]Kingambit||ChopleBerry|Defiant|KowtowCleave,SuckerPunch,IronHead,LowKick|Adamant||F|||50|]Basculegion||LifeOrb|Adaptability|WaveCrash,LastRespects,AquaJet,Protect|Adamant||M|||50|]Garchomp||SitrusBerry|RoughSkin|Earthquake,RockSlide,DragonClaw,Protect|Adamant||M|||50|]Floette-Eternal||Floettite|FlowerVeil|Moonblast,DazzlingGleam,LightofRuin,Protect|Modest||F|||50|
|showteam|p2|Whimsicott||FocusSash|Prankster|Moonblast,Tailwind,Encore,Protect|Timid||M|||50|]Basculegion||MysticWater|Adaptability|Protect,WaveCrash,LastRespects,AquaJet|Adamant||M|||50|]Charizard||CharizarditeY|Blaze|HeatWave,SolarBeam,WeatherBall,Protect|Modest||F|||50|]Garchomp||LifeOrb|RoughSkin|Earthquake,RockSlide,DragonClaw,Protect|Jolly||M|||50|]Kingambit||BlackGlasses|Defiant|SuckerPunch,KowtowCleave,IronHead,Protect|Adamant||M|||50|]Floette-Eternal||Floettite|FlowerVeil|Protect,DazzlingGleam,Moonblast,LightofRuin|Modest||F|||50|
|inactive|Battle timer is ON: inactive players will automatically lose when time's up. (requested by ohnol)
|
|t:|1785760073
|teamsize|p1|4
|teamsize|p2|4
|start
|switch|p1a: Whimsicott|Whimsicott, L50, M|100/100
|switch|p1b: Charizard|Charizard, L50, F|100/100
|switch|p2a: Whimsicott|Whimsicott, L50, M|100/100
|switch|p2b: Floette|Floette-Eternal, L50, F|100/100
|turn|1
|inactive|ohnol has 30 seconds left.
|inactive|hinoky has 30 seconds left.
|
|t:|1785760103
|detailschange|p2b: Floette|Floette-Mega, L50, F
|-mega|p2b: Floette|Floette|Floettite
|-ability|p2b: Floette|Fairy Aura
|detailschange|p1b: Charizard|Charizard-Mega-Y, L50, F
|-mega|p1b: Charizard|Charizard|Charizardite Y
|-weather|SunnyDay|[from] ability: Drought|[of] p1b: Charizard
|move|p1a: Whimsicott|Tailwind|p1a: Whimsicott
|-sidestart|p1: ohnol|move: Tailwind
|move|p1b: Charizard|Heat Wave|p2a: Whimsicott|[spread] p2b
|-miss|p1b: Charizard|p2a: Whimsicott
|-damage|p2b: Floette|51/100
|move|p2a: Whimsicott|Moonblast|p1a: Whimsicott
|-damage|p1a: Whimsicott|24/100
|move|p2b: Floette|Moonblast|p1a: Whimsicott
|-damage|p1a: Whimsicott|0 fnt
|faint|p1a: Whimsicott
|
|-weather|SunnyDay|[upkeep]
|upkeep
|
|t:|1785760117
|switch|p1a: Kingambit|Kingambit, L50, F|100/100
|turn|2
|
|t:|1785760129
|move|p2a: Whimsicott|Tailwind|p2a: Whimsicott
|-sidestart|p2: hinoky|move: Tailwind
|move|p1a: Kingambit|Sucker Punch||[still]
|-fail|p1a: Kingambit
|move|p2b: Floette|Light of Ruin|p1a: Kingambit|[miss]
|-miss|p2b: Floette|p1a: Kingambit
|move|p1b: Charizard|Heat Wave|p2b: Floette|[spread] 
|-miss|p1b: Charizard|p2a: Whimsicott
|-miss|p1b: Charizard|p2b: Floette
|
|-weather|SunnyDay|[upkeep]
|upkeep
|turn|3
|inactive|ohnol has 30 seconds left.
|
|t:|1785760159
|move|p2a: Whimsicott|Protect|p2a: Whimsicott
|-singleturn|p2a: Whimsicott|Protect
|move|p1a: Kingambit|Sucker Punch||[still]
|-fail|p1a: Kingambit
|move|p2b: Floette|Light of Ruin|p1a: Kingambit
|-damage|p1a: Kingambit|0 fnt
|faint|p1a: Kingambit
|-damage|p2b: Floette|0 fnt|[from] Recoil
|faint|p2b: Floette
|move|p1b: Charizard|Heat Wave|p2a: Whimsicott
|-activate|p2a: Whimsicott|move: Protect
|
|-weather|SunnyDay|[upkeep]
|upkeep
|
|t:|1785760171
|switch|p2b: Garchomp|Garchomp, L50, M|100/100
|switch|p1a: Basculegion|Basculegion, L50, M|100/100
|turn|4
|
|t:|1785760181
|move|p1b: Charizard|Protect|p1b: Charizard
|-singleturn|p1b: Charizard|Protect
|move|p2a: Whimsicott|Moonblast|p1a: Basculegion
|-damage|p1a: Basculegion|56/100
|move|p2b: Garchomp|Rock Slide|p1b: Charizard|[spread] p1a
|-activate|p1b: Charizard|move: Protect
|-damage|p1a: Basculegion|25/100
|-damage|p2b: Garchomp|90/100|[from] item: Life Orb
|move|p1a: Basculegion|Last Respects|p2b: Garchomp
|-damage|p2b: Garchomp|0 fnt
|faint|p2b: Garchomp
|-damage|p1a: Basculegion|15/100|[from] item: Life Orb
|
|-weather|SunnyDay|[upkeep]
|-sideend|p1: ohnol|move: Tailwind
|upkeep
|
|t:|1785760196
|switch|p2b: Basculegion|Basculegion, L50, M|100/100
|turn|5
|
|t:|1785760213
|move|p2a: Whimsicott|Encore|p1b: Charizard
|-start|p1b: Charizard|Encore
|move|p1b: Charizard|Protect||[still]
|-fail|p1b: Charizard
|move|p2b: Basculegion|Aqua Jet|p1a: Basculegion
|-resisted|p1a: Basculegion|1
|-damage|p1a: Basculegion|4/100
|move|p1a: Basculegion|Last Respects|p2b: Basculegion
|-supereffective|p2b: Basculegion|1
|-damage|p2b: Basculegion|0 fnt
|faint|p2b: Basculegion
|-damage|p1a: Basculegion|0 fnt|[from] item: Life Orb
|faint|p1a: Basculegion
|
|-weather|none
|-sideend|p2: hinoky|move: Tailwind
|upkeep
|turn|6
|
|t:|1785760231
|move|p1b: Charizard|Protect|p1b: Charizard
|-singleturn|p1b: Charizard|Protect
|move|p2a: Whimsicott|Moonblast|p1b: Charizard
|-activate|p1b: Charizard|move: Protect
|
|upkeep
|turn|7
|
|t:|1785760237
|move|p1b: Charizard|Protect||[still]
|-fail|p1b: Charizard
|move|p2a: Whimsicott|Moonblast|p1b: Charizard
|-resisted|p1b: Charizard|1
|-crit|p1b: Charizard
|-damage|p1b: Charizard|75/100
|-unboost|p1b: Charizard|spa|1
|
|-end|p1b: Charizard|Encore
|upkeep
|turn|8
|
|t:|1785760246
|move|p2a: Whimsicott|Encore|p1b: Charizard
|-start|p1b: Charizard|Encore
|move|p1b: Charizard|Protect||[still]
|-fail|p1b: Charizard
|
|upkeep
|turn|9
|
|t:|1785760251
|move|p1b: Charizard|Protect|p1b: Charizard
|-singleturn|p1b: Charizard|Protect
|move|p2a: Whimsicott|Moonblast|p1b: Charizard
|-activate|p1b: Charizard|move: Protect
|
|upkeep
|turn|10
|
|t:|1785760257
|move|p1b: Charizard|Protect|p1b: Charizard
|-singleturn|p1b: Charizard|Protect
|move|p2a: Whimsicott|Moonblast|p1b: Charizard
|-activate|p1b: Charizard|move: Protect
|
|-end|p1b: Charizard|Encore
|upkeep
|turn|11
|
|t:|1785760264
|move|p2a: Whimsicott|Encore|p1b: Charizard
|-start|p1b: Charizard|Encore
|move|p1b: Charizard|Protect||[still]
|-fail|p1b: Charizard
|
|-end|p1b: Charizard|Encore
|upkeep
|turn|12
|
|t:|1785760274
|move|p2a: Whimsicott|Encore||[still]
|-fail|p2a: Whimsicott
|move|p1b: Charizard|Heat Wave|p2a: Whimsicott
|-supereffective|p2a: Whimsicott|1
|-enditem|p2a: Whimsicott|Focus Sash
|-damage|p2a: Whimsicott|1/100
|-status|p2a: Whimsicott|brn
|
|-damage|p2a: Whimsicott|0 fnt|[from] brn
|faint|p2a: Whimsicott
|
|win|ohnol
||ohnol is ready for game 3.
|inactive|hinoky has 30 seconds to confirm battle start!
