|j|☆hytgogogo
|j|☆Il Mule
|html|hytgogogoIl Mule    
|uhtml|bestof|Game 1 of a best-of-3
|t:|1756293926
|gametype|doubles
|player|p1|hytgogogo|2|1582
|player|p2|Il Mule|salvatore|1455
|gen|9
|tier|[Gen 9] VGC 2025 Reg H (Bo3)
|rated|
|rule|Species Clause: Limit one of each Pokémon
|rule|Item Clause: Limit 1 of each item
|clearpoke
|poke|p1|Dragonite, L50, F|
|poke|p1|Annihilape, L50, M|
|poke|p1|Electabuzz, L50, M|
|poke|p1|Gholdengo, L50|
|poke|p1|Ursaluna, L50, F|
|poke|p1|Incineroar, L50, F|
|poke|p2|Corviknight, L50, M|
|poke|p2|Garchomp, L50, M|
|poke|p2|Tyranitar, L50, M|
|poke|p2|Gholdengo, L50|
|poke|p2|Sneasler, L50, M|
|poke|p2|Incineroar, L50, M|
|teampreview|4
|showteam|p1|Dragonite||LoadedDice|Multiscale|ScaleShot,Tailwind,Haze,Protect|||F|||50|,,,,,Steel]Annihilape||SafetyGoggles|Defiant|CloseCombat,FinalGambit,RageFist,Coaching|||M|||50|,,,,,Steel]Electabuzz||Eviolite|VitalSpirit|Electroweb,FollowMe,Taunt,Protect|||M|||50|,,,,,Dragon]Gholdengo||LifeOrb|GoodasGold|MakeItRain,ShadowBall,NastyPlot,Protect||||||50|,,,,,Water]Ursaluna||FlameOrb|Guts|Facade,Earthquake,HeadlongRush,Protect|||F|||50|,,,,,Ghost]Incineroar||AssaultVest|Intimidate|FakeOut,FlareBlitz,KnockOff,Uturn|||F|||50|,,,,,Grass
|showteam|p2|Corviknight||CovertCloak|MirrorArmor|BraveBird,Taunt,Roost,Tailwind|||M|||50|,,,,,Dragon]Garchomp||ClearAmulet|RoughSkin|Earthquake,DragonClaw,StompingTantrum,Protect|||M|||50|,,,,,Steel]Tyranitar||AssaultVest|SandStream|RockSlide,KnockOff,TeraBlast,LowKick|||M|||50|,,,,,Flying]Gholdengo||LifeOrb|GoodasGold|MakeItRain,ShadowBall,NastyPlot,Protect||||||50|,,,,,Water]Sneasler||WhiteHerb|Unburden|DireClaw,CloseCombat,Coaching,Protect|||M|||50|,,,,,Ghost]Incineroar||SitrusBerry|Intimidate|FlareBlitz,WillOWisp,PartingShot,FakeOut|||M|||50|,,,,,Grass
|
|t:|1756294012
|teamsize|p1|4
|teamsize|p2|4
|start
|switch|p1a: Dragonite|Dragonite, L50, F|100/100
|switch|p1b: Electabuzz|Electabuzz, L50, M|100/100
|switch|p2a: Sneasler|Sneasler, L50, M|100/100
|switch|p2b: Garchomp|Garchomp, L50, M|100/100
|turn|1
|inactive|Battle timer is ON: inactive players will automatically lose when time's up. (requested by Il Mule)
|inactive|hytgogogo has 60 seconds left.
|
|t:|1756294047
|move|p1b: Electabuzz|Follow Me|p1b: Electabuzz
|-singleturn|p1b: Electabuzz|move: Follow Me
|move|p2a: Sneasler|Coaching|p2b: Garchomp
|-boost|p2b: Garchomp|atk|1
|-boost|p2b: Garchomp|def|1
|move|p2b: Garchomp|Dragon Claw|p1b: Electabuzz
|-damage|p1b: Electabuzz|39/100
|move|p1a: Dragonite|Scale Shot|p2b: Garchomp
|-supereffective|p2b: Garchomp
|-crit|p2b: Garchomp
|-damage|p2b: Garchomp|57/100
|-supereffective|p2b: Garchomp
|-damage|p2b: Garchomp|34/100
|-supereffective|p2b: Garchomp
|-damage|p2b: Garchomp|13/100
|-supereffective|p2b: Garchomp
|-damage|p2b: Garchomp|0 fnt
|faint|p2b: Garchomp
|-hitcount|p2: Garchomp|4
|-unboost|p1a: Dragonite|def|1
|-boost|p1a: Dragonite|spe|1
|
|upkeep
|
|t:|1756294059
|switch|p2b: Incineroar|Incineroar, L50, M|100/100
|-ability|p2b: Incineroar|Intimidate|boost
|-unboost|p1a: Dragonite|atk|1
|-unboost|p1b: Electabuzz|atk|1
|turn|2
|j| segapagoss
|
|t:|1756294074
|move|p1a: Dragonite|Protect|p1a: Dragonite
|-singleturn|p1a: Dragonite|Protect
|move|p1b: Electabuzz|Protect|p1b: Electabuzz
|-singleturn|p1b: Electabuzz|Protect
|move|p2a: Sneasler|Close Combat|p1b: Electabuzz
|-activate|p1b: Electabuzz|move: Protect
|move|p2b: Incineroar|Will-O-Wisp|p1b: Electabuzz
|-activate|p1b: Electabuzz|move: Protect
|
|upkeep
|turn|3
|j| adult only
|inactive|hytgogogo has 30 seconds left.
|inactive|hytgogogo has 20 seconds left.
|inactive|hytgogogo has 15 seconds left.
|
|t:|1756294117
|move|p1a: Dragonite|Tailwind|p1a: Dragonite
|-sidestart|p1: hytgogogo|move: Tailwind
|move|p1b: Electabuzz|Taunt|p2b: Incineroar
|-start|p2b: Incineroar|move: Taunt
|move|p2a: Sneasler|Close Combat|p1b: Electabuzz
|-damage|p1b: Electabuzz|0 fnt
|-unboost|p2a: Sneasler|def|1
|-unboost|p2a: Sneasler|spd|1
|faint|p1b: Electabuzz
|-enditem|p2a: Sneasler|White Herb
|-clearnegativeboost|p2a: Sneasler|[silent]
|cant|p2b: Incineroar|move: Taunt|Will-O-Wisp
|
|upkeep
|
|t:|1756294134
|switch|p1b: Ursaluna|Ursaluna, L50, F|100/100
|turn|4
|inactive|hytgogogo has 30 seconds left.
|inactive|Il Mule has 30 seconds left.
|inactive|hytgogogo has 20 seconds left.
|c|☆Il Mule|g2
|inactive|hytgogogo has 15 seconds left.
|inactive|hytgogogo has 10 seconds left.
|
|t:|1756294183
|switch|p2b: Corviknight|Corviknight, L50, M, shiny|100/100
|-terastallize|p2a: Sneasler|Ghost
|move|p1b: Ursaluna|Protect|p1b: Ursaluna
|-singleturn|p1b: Ursaluna|Protect
|move|p1a: Dragonite|Scale Shot|p2a: Sneasler
|-damage|p2a: Sneasler|85/100
|-damage|p2a: Sneasler|70/100
|-damage|p2a: Sneasler|54/100
|-damage|p2a: Sneasler|39/100
|-damage|p2a: Sneasler|23/100
|-hitcount|p2a: Sneasler|5
|-unboost|p1a: Dragonite|def|1
|-boost|p1a: Dragonite|spe|1
|move|p2a: Sneasler|Dire Claw|p1a: Dragonite
|-damage|p1a: Dragonite|60/100
|
|-status|p1b: Ursaluna|brn|[from] item: Flame Orb
|upkeep
|turn|5
|inactive|hytgogogo has 30 seconds left.
|inactive|hytgogogo has 20 seconds left.
|inactive|hytgogogo has 15 seconds left.
|c| segapagoss|Corvi da strapazzo
|inactive|hytgogogo has 10 seconds left.
|inactive|hytgogogo has 5 seconds left.
|
|t:|1756294238
|-terastallize|p1b: Ursaluna|Ghost
|move|p1a: Dragonite|Protect|p1a: Dragonite
|-singleturn|p1a: Dragonite|Protect
|move|p2a: Sneasler|Protect|p2a: Sneasler
|-singleturn|p2a: Sneasler|Protect
|move|p1b: Ursaluna|Facade|p2b: Corviknight
|-resisted|p2b: Corviknight
|-damage|p2b: Corviknight|51/100
|move|p2b: Corviknight|Tailwind|p2b: Corviknight
|-sidestart|p2: Il Mule|move: Tailwind
|
|-damage|p1b: Ursaluna|95/100 brn|[from] brn
|upkeep
|turn|6
|inactive|hytgogogo has 30 seconds left.
|
|t:|1756294266
|switch|p1a: Gholdengo|Gholdengo, L50|100/100
|move|p2a: Sneasler|Dire Claw|p1a: Gholdengo
|-immune|p1a: Gholdengo
|move|p2b: Corviknight|Roost|p2b: Corviknight
|-heal|p2b: Corviknight|100/100
|-singleturn|p2b: Corviknight|move: Roost
|move|p1b: Ursaluna|Headlong Rush|p2a: Sneasler
|-damage|p2a: Sneasler|0 fnt
|-unboost|p1b: Ursaluna|def|1
|-unboost|p1b: Ursaluna|spd|1
|faint|p2a: Sneasler
|
|-damage|p1b: Ursaluna|89/100 brn|[from] brn
|-sideend|p1: hytgogogo|move: Tailwind
|upkeep
|
|t:|1756294276
|switch|p2a: Incineroar|Incineroar, L50, M|100/100
|-ability|p2a: Incineroar|Intimidate|boost
|-unboost|p1a: Gholdengo|atk|1
|-unboost|p1b: Ursaluna|atk|1
|turn|7
|c| adult only|che sia persa
|c|☆Il Mule|dici?
|inactive|hytgogogo has 30 seconds left.
|
|t:|1756294302
|switch|p1b: Dragonite|Dragonite, L50, F|60/100
|move|p2b: Corviknight|Brave Bird|p1b: Dragonite
|-damage|p1b: Dragonite|12/100
|-damage|p2b: Corviknight|88/100|[from] Recoil
|move|p2a: Incineroar|Flare Blitz|p1b: Dragonite
|-resisted|p1b: Dragonite
|-damage|p1b: Dragonite|0 fnt
|faint|p1b: Dragonite
|-damage|p2a: Incineroar|97/100|[from] Recoil
|move|p1a: Gholdengo|Nasty Plot|p1a: Gholdengo
|-boost|p1a: Gholdengo|spa|2
|
|upkeep
|
|t:|1756294310
|switch|p1b: Ursaluna|Ursaluna, L50, F, tera:Ghost|89/100 brn
|turn|8
|
|t:|1756294324
|move|p1a: Gholdengo|Protect|p1a: Gholdengo
|-singleturn|p1a: Gholdengo|Protect
|move|p1b: Ursaluna|Protect|p1b: Ursaluna
|-singleturn|p1b: Ursaluna|Protect
|move|p2b: Corviknight|Brave Bird|p1b: Ursaluna
|-activate|p1b: Ursaluna|move: Protect
|move|p2a: Incineroar|Parting Shot|p1b: Ursaluna
|-activate|p1b: Ursaluna|move: Protect
|
|-damage|p1b: Ursaluna|83/100 brn|[from] brn
|-sideend|p2: Il Mule|move: Tailwind
|upkeep
|turn|9
|
|t:|1756294335
|move|p1a: Gholdengo|Shadow Ball|p2b: Corviknight
|-damage|p2b: Corviknight|0 fnt
|faint|p2b: Corviknight
|-damage|p1a: Gholdengo|91/100|[from] item: Life Orb
|move|p1b: Ursaluna|Headlong Rush|p2a: Incineroar
|-supereffective|p2a: Incineroar
|-damage|p2a: Incineroar|0 fnt
|-unboost|p1b: Ursaluna|def|1
|-unboost|p1b: Ursaluna|spd|1
|faint|p2a: Incineroar
|
|win|hytgogogo
||hytgogogo is ready for game 2.
||Il Mule is ready for game 2.
|uhtml|next|Next: Game 2 of 3
|l| adult only
|l| segapagoss
|l|☆hytgogogo
|player|p1|
|j|☆hytgogogo
|player|p1|hytgogogo|2|
