|j|☆ApostrofoRosaVGC
|j|☆damage77
|html|ApostrofoRosaVGCdamage77    
|uhtml|bestof|Game 2 of a best-of-3
|t:|1756143820
|gametype|doubles
|player|p1|ApostrofoRosaVGC|169|1257
|player|p2|damage77|flint|1333
|gen|9
|tier|[Gen 9] VGC 2025 Reg H (Bo3)
|rated|
|rule|Species Clause: Limit one of each Pokémon
|rule|Item Clause: Limit 1 of each item
|clearpoke
|poke|p1|Gholdengo, L50|
|poke|p1|Sneasler, L50, M|
|poke|p1|Ursaluna-Bloodmoon, L50, M|
|poke|p1|Dragonite, L50, M|
|poke|p1|Incineroar, L50, M|
|poke|p1|Amoonguss, L50, M|
|poke|p2|Ninetales-Alola, L50, F|
|poke|p2|Gholdengo, L50|
|poke|p2|Dragonite, L50, F|
|poke|p2|Annihilape, L50, M|
|poke|p2|Ursaluna-Bloodmoon, L50, M|
|poke|p2|Rillaboom, L50, F|
|teampreview|4
|showteam|p1|Gholdengo||LifeOrb|GoodasGold|MakeItRain,ShadowBall,NastyPlot,Protect||||||50|,,,,,Water]Sneasler||FocusSash|Unburden|CloseCombat,DireClaw,ThroatChop,Protect|||M|||50|,,,,,Stellar]Ursaluna-Bloodmoon||AssaultVest|MindsEye|EarthPower,BloodMoon,HyperVoice,VacuumWave|||M|||50|,,,,,Water]Dragonite||LoadedDice|Multiscale|ScaleShot,Tailwind,Haze,Protect|||M|||50|,,,,,Fairy]Incineroar||SafetyGoggles|Intimidate|FlareBlitz,KnockOff,FakeOut,PartingShot|||M|||50|,,,,,Ghost]Amoonguss||SitrusBerry|Regenerator|PollenPuff,Spore,RagePowder,Protect|||M|||50|,,,,,Psychic
|showteam|p2|Ninetales-Alola||LightClay|SnowWarning|IcicleSpear,Blizzard,AuroraVeil,IcyWind|||F|||50|,,,,,Ghost]Gholdengo||ChoiceScarf|GoodasGold|MakeItRain,ShadowBall,Protect,Trick||||||50|,,,,,Steel]Dragonite||LoadedDice|Multiscale|ScaleShot,ExtremeSpeed,Protect,LowKick|||F|||50|,,,,,Normal]Annihilape||SafetyGoggles|Defiant|DrainPunch,RageFist,BulkUp,Protect|||M|||50|,,,,,Fire]Ursaluna-Bloodmoon||AssaultVest|MindsEye|HyperVoice,BloodMoon,EarthPower,VacuumWave|||M|||50|,,,,,Water]Rillaboom||MiracleSeed|GrassySurge|WoodHammer,FakeOut,GrassyGlide,Taunt|||F|||50|,,,,,Fire
|j| teamthief420
|inactive|Battle timer is ON: inactive players will automatically lose when time's up. (requested by damage77)
|
|t:|1756143854
|teamsize|p1|4
|teamsize|p2|4
|start
|switch|p1a: Dragonite|Dragonite, L50, M|100/100
|switch|p1b: Ursaluna|Ursaluna-Bloodmoon, L50, M|100/100
|switch|p2a: Gholdengo|Gholdengo, L50|100/100
|switch|p2b: Dragonite|Dragonite, L50, F|100/100
|turn|1
|inactive|ApostrofoRosaVGC has 30 seconds left.
|inactive|damage77 has 30 seconds left.
|inactive|damage77 has 20 seconds left.
|inactive|damage77 has 15 seconds left.
|inactive|damage77 has 10 seconds left.
|
|t:|1756143903
|move|p2a: Gholdengo|Make It Rain|p1b: Ursaluna|[spread] p1a,p1b
|-damage|p1a: Dragonite|75/100
|-damage|p1b: Ursaluna|67/100
|-unboost|p2a: Gholdengo|spa|1
|move|p1a: Dragonite|Tailwind|p1a: Dragonite
|-sidestart|p1: ApostrofoRosaVGC|move: Tailwind
|move|p1b: Ursaluna|Earth Power|p2a: Gholdengo
|-supereffective|p2a: Gholdengo
|-damage|p2a: Gholdengo|0 fnt
|faint|p2a: Gholdengo
|move|p2b: Dragonite|Scale Shot|p1b: Ursaluna
|-damage|p1b: Ursaluna|56/100
|-damage|p1b: Ursaluna|46/100
|-damage|p1b: Ursaluna|35/100
|-crit|p1b: Ursaluna
|-damage|p1b: Ursaluna|20/100
|-damage|p1b: Ursaluna|10/100
|-hitcount|p1b: Ursaluna|5
|-unboost|p2b: Dragonite|def|1
|-boost|p2b: Dragonite|spe|1
|
|upkeep
|
|t:|1756143924
|switch|p2a: Ursaluna|Ursaluna-Bloodmoon, L50, M|100/100
|turn|2
|inactive|ApostrofoRosaVGC has 30 seconds left.
|inactive|damage77 has 30 seconds left.
|inactive|damage77 has 20 seconds left.
|
|t:|1756143964
|move|p2b: Dragonite|Extreme Speed|p1b: Ursaluna
|-damage|p1b: Ursaluna|0 fnt
|faint|p1b: Ursaluna
|move|p1a: Dragonite|Scale Shot|p2a: Ursaluna
|-damage|p2a: Ursaluna|89/100
|-damage|p2a: Ursaluna|79/100
|-damage|p2a: Ursaluna|68/100
|-damage|p2a: Ursaluna|57/100
|-damage|p2a: Ursaluna|46/100
|-hitcount|p2a: Ursaluna|5
|-unboost|p1a: Dragonite|def|1
|-boost|p1a: Dragonite|spe|1
|move|p2a: Ursaluna|Blood Moon|p1a: Dragonite
|-damage|p1a: Dragonite|0 fnt
|faint|p1a: Dragonite
|
|upkeep
|
|t:|1756143978
|switch|p1a: Incineroar|Incineroar, L50, M|100/100
|switch|p1b: Gholdengo|Gholdengo, L50|100/100
|-ability|p1a: Incineroar|Intimidate|boost
|-unboost|p2a: Ursaluna|atk|1
|-unboost|p2b: Dragonite|atk|1
|turn|3
|inactive|damage77 has 30 seconds left.
|inactive|damage77 has 20 seconds left.
|inactive|damage77 has 15 seconds left.
|inactive|damage77 has 10 seconds left.
|
|t:|1756144024
|move|p1a: Incineroar|Fake Out|p2a: Ursaluna
|-damage|p2a: Ursaluna|38/100
|move|p1b: Gholdengo|Nasty Plot|p1b: Gholdengo
|-boost|p1b: Gholdengo|spa|2
|move|p2b: Dragonite|Scale Shot|p1b: Gholdengo
|-resisted|p1b: Gholdengo
|-damage|p1b: Gholdengo|95/100
|-resisted|p1b: Gholdengo
|-damage|p1b: Gholdengo|90/100
|-resisted|p1b: Gholdengo
|-damage|p1b: Gholdengo|85/100
|-resisted|p1b: Gholdengo
|-damage|p1b: Gholdengo|80/100
|-resisted|p1b: Gholdengo
|-damage|p1b: Gholdengo|75/100
|-hitcount|p1b: Gholdengo|5
|-unboost|p2b: Dragonite|def|1
|-boost|p2b: Dragonite|spe|1
|cant|p2a: Ursaluna|flinch
|
|upkeep
|turn|4
|
|t:|1756144048
|move|p2b: Dragonite|Protect|p2b: Dragonite
|-singleturn|p2b: Dragonite|Protect
|move|p2a: Ursaluna|Vacuum Wave|p1b: Gholdengo
|-supereffective|p1b: Gholdengo
|-damage|p1b: Gholdengo|46/100
|move|p1b: Gholdengo|Make It Rain|p2b: Dragonite|[spread] p2a
|-activate|p2b: Dragonite|move: Protect
|-damage|p2a: Ursaluna|0 fnt
|-unboost|p1b: Gholdengo|spa|1
|faint|p2a: Ursaluna
|-damage|p1b: Gholdengo|37/100|[from] item: Life Orb
|move|p1a: Incineroar|Knock Off|p2b: Dragonite
|-activate|p2b: Dragonite|move: Protect
|
|-sideend|p1: ApostrofoRosaVGC|move: Tailwind
|upkeep
|
|t:|1756144061
|switch|p2a: Annihilape|Annihilape, L50, M|100/100
|turn|5
|inactive|damage77 has 30 seconds left.
|inactive|damage77 has 20 seconds left.
|
|t:|1756144099
|-terastallize|p2a: Annihilape|Fire
|-terastallize|p1a: Incineroar|Ghost
|move|p1b: Gholdengo|Protect|p1b: Gholdengo
|-singleturn|p1b: Gholdengo|Protect
|move|p2b: Dragonite|Extreme Speed|p1b: Gholdengo
|-activate|p1b: Gholdengo|move: Protect
|move|p2a: Annihilape|Rage Fist|p1b: Gholdengo
|-activate|p1b: Gholdengo|move: Protect
|move|p1a: Incineroar|Flare Blitz|p2a: Annihilape
|-resisted|p2a: Annihilape
|-damage|p2a: Annihilape|72/100
|-damage|p1a: Incineroar|91/100|[from] Recoil
|
|upkeep
|turn|6
|
|t:|1756144121
|move|p1b: Gholdengo|Protect|p1b: Gholdengo
|-singleturn|p1b: Gholdengo|Protect
|move|p2b: Dragonite|Scale Shot|p1a: Incineroar
|-damage|p1a: Incineroar|81/100
|-damage|p1a: Incineroar|71/100
|-damage|p1a: Incineroar|61/100
|-damage|p1a: Incineroar|51/100
|-damage|p1a: Incineroar|42/100
|-hitcount|p1a: Incineroar|5
|-unboost|p2b: Dragonite|def|1
|-boost|p2b: Dragonite|spe|1
|move|p2a: Annihilape|Rage Fist|p1b: Gholdengo
|-activate|p1b: Gholdengo|move: Protect
|move|p1a: Incineroar|Knock Off|p2a: Annihilape
|-damage|p2a: Annihilape|28/100
|-enditem|p2a: Annihilape|Safety Goggles|[from] move: Knock Off|[of] p1a: Incineroar
|
|upkeep
|turn|7
|
|t:|1756144143
|move|p1b: Gholdengo|Protect||[still]
|-fail|p1b: Gholdengo
|move|p2b: Dragonite|Scale Shot|p1a: Incineroar
|-damage|p1a: Incineroar|32/100
|-damage|p1a: Incineroar|23/100
|-damage|p1a: Incineroar|12/100
|-damage|p1a: Incineroar|3/100
|-damage|p1a: Incineroar|0 fnt
|faint|p1a: Incineroar
|-hitcount|p1: Incineroar|5
|-unboost|p2b: Dragonite|def|1
|-boost|p2b: Dragonite|spe|1
|move|p2a: Annihilape|Rage Fist|p1b: Gholdengo
|-supereffective|p1b: Gholdengo
|-damage|p1b: Gholdengo|0 fnt
|faint|p1b: Gholdengo
|
|win|damage77
|raw|ApostrofoRosaVGC's rating: 1257 → 1237(-20 for losing)
|raw|damage77's rating: 1333 → 1349(+16 for winning)
