|j|☆knkjxgfzs
|j|☆TheFire722
|html|knkjxgfzsTheFire722    
|uhtml|bestof|Game 1 of a best-of-3
|t:|1783127591
|gametype|doubles
|player|p1|knkjxgfzs|101|1000
|player|p2|TheFire722|n|1000
|gen|9
|tier|[Gen 9 Champions] VGC 2026 Reg M-B (Bo3)
|rated|
|rule|Species Clause: Limit one of each Pokémon
|rule|Item Clause: Limit 1 of each item
|clearpoke
|poke|p1|Grimmsnarl, L50, M|
|poke|p1|Pelipper, L50, F|
|poke|p1|Gholdengo, L50|
|poke|p1|Sinistcha, L50|
|poke|p1|Swampert, L50, F|
|poke|p1|Archaludon, L50, F|
|poke|p2|Swampert, L50, F|
|poke|p2|Grimmsnarl, L50, M|
|poke|p2|Pelipper, L50, F|
|poke|p2|Archaludon, L50, F|
|poke|p2|Sinistcha, L50|
|poke|p2|Metagross, L50|
|teampreview|4
|showteam|p1|Grimmsnarl||LightClay|Prankster|Reflect,LightScreen,FoulPlay,PartingShot|Careful||M|||50|]Pelipper||SitrusBerry|Drizzle|Hurricane,WeatherBall,WideGuard,Tailwind|Modest||F|||50|]Gholdengo||LifeOrb|GoodasGold|NastyPlot,ShadowBall,MakeItRain,Protect|Modest|||||50|]Sinistcha||CobaBerry|Hospitality|Protect,RagePowder,MatchaGotcha,LifeDew|Bold|||||50|]Swampert||Swampertite|Damp|WaveCrash,Earthquake,IcePunch,Protect|Adamant||F|||50|]Archaludon||Leftovers|Stamina|ElectroShot,FlashCannon,DragonPulse,Protect|Modest||F|||50|
|showteam|p2|Swampert||Swampertite|Torrent|WaveCrash,Earthquake,FlipTurn,Protect|Adamant||F|||50|]Grimmsnarl||LightClay|Prankster|SpiritBreak,PartingShot,Reflect,LightScreen|Careful||M|||50|]Pelipper||SitrusBerry|Drizzle|WideGuard,Hurricane,WeatherBall,Tailwind|Modest||F|||50|]Archaludon||Leftovers|Stamina|ElectroShot,DragonPulse,FlashCannon,Protect|Modest||F|||50|]Sinistcha||KasibBerry|Hospitality|MatchaGotcha,RagePowder,TrickRoom,Protect|Relaxed|||||50|]Metagross||Metagrossite|ClearBody|IronHead,PsychicFangs,IcePunch,Protect|Adamant|||||50|
|
|t:|1783127612
|teamsize|p1|4
|teamsize|p2|4
|start
|switch|p1a: Grimmsnarl|Grimmsnarl, L50, M|100/100
|switch|p1b: Archaludon|Archaludon, L50, F|100/100
|switch|p2a: Archaludon|Archaludon, L50, F|100/100
|switch|p2b: Grimmsnarl|Grimmsnarl, L50, M|100/100
|turn|1
|
|t:|1783127631
|move|p1a: Grimmsnarl|Parting Shot|p2a: Archaludon
|-unboost|p2a: Archaludon|atk|1
|-unboost|p2a: Archaludon|spa|1
|
|t:|1783127636
|switch|p1a: Gholdengo|Gholdengo, L50|100/100|[from] Parting Shot
|move|p2b: Grimmsnarl|Light Screen|p2b: Grimmsnarl
|-sidestart|p2: TheFire722|move: Light Screen
|move|p2a: Archaludon|Dragon Pulse|p1b: Archaludon
|-damage|p1b: Archaludon|72/100
|-ability|p1b: Archaludon|Stamina|boost
|-boost|p1b: Archaludon|def|1
|move|p1b: Archaludon|Flash Cannon|p2b: Grimmsnarl
|-supereffective|p2b: Grimmsnarl|1
|-damage|p2b: Grimmsnarl|54/100
|
|-heal|p1b: Archaludon|78/100|[from] item: Leftovers
|upkeep
|turn|2
|
|t:|1783127660
|move|p2b: Grimmsnarl|Parting Shot|p1b: Archaludon
|-unboost|p1b: Archaludon|atk|1
|-unboost|p1b: Archaludon|spa|1
|
|t:|1783127665
|switch|p2b: Swampert|Swampert, L50, F|100/100|[from] Parting Shot
|move|p1a: Gholdengo|Nasty Plot|p1a: Gholdengo
|-boost|p1a: Gholdengo|spa|2
|move|p2a: Archaludon|Dragon Pulse|p1b: Archaludon
|-damage|p1b: Archaludon|55/100
|-ability|p1b: Archaludon|Stamina|boost
|-boost|p1b: Archaludon|def|1
|move|p1b: Archaludon|Electro Shot||[still]
|-prepare|p1b: Archaludon|Electro Shot
|-boost|p1b: Archaludon|spa|1
|
|-heal|p1b: Archaludon|61/100|[from] item: Leftovers
|upkeep
|turn|3
|
|t:|1783127708
|detailschange|p2b: Swampert|Swampert-Mega, L50, F
|-mega|p2b: Swampert|Swampert|Swampertite
|move|p1a: Gholdengo|Protect|p1a: Gholdengo
|-singleturn|p1a: Gholdengo|Protect
|move|p2a: Archaludon|Protect|p2a: Archaludon
|-singleturn|p2a: Archaludon|Protect
|move|p2b: Swampert|Earthquake|p1a: Gholdengo|[spread] p1b
|-activate|p2a: Archaludon|move: Protect
|-activate|p1a: Gholdengo|move: Protect
|-supereffective|p1b: Archaludon|1
|-damage|p1b: Archaludon|29/100
|-ability|p1b: Archaludon|Stamina|boost
|-boost|p1b: Archaludon|def|1
|move|p1b: Archaludon|Electro Shot|p2b: Swampert|[from] lockedmove
|-immune|p2b: Swampert
|
|-heal|p1b: Archaludon|36/100|[from] item: Leftovers
|upkeep
|turn|4
|
|t:|1783127733
|switch|p2a: Pelipper|Pelipper, L50, F|100/100
|-weather|RainDance|[from] ability: Drizzle|[of] p2a: Pelipper
|move|p1b: Archaludon|Protect|p1b: Archaludon
|-singleturn|p1b: Archaludon|Protect
|move|p2b: Swampert|Earthquake|p1b: Archaludon|[spread] p1a
|-activate|p1b: Archaludon|move: Protect
|-immune|p2a: Pelipper
|-supereffective|p1a: Gholdengo|1
|-damage|p1a: Gholdengo|0 fnt
|faint|p1a: Gholdengo
|
|-weather|RainDance|[upkeep]
|-heal|p1b: Archaludon|42/100|[from] item: Leftovers
|upkeep
|
|t:|1783127747
|switch|p1a: Sinistcha|Sinistcha, L50|100/100
|-heal|p1b: Archaludon|67/100|[from] ability: Hospitality|[of] p1a: Sinistcha
|turn|5
|
|t:|1783127754
|move|p2b: Swampert|Protect|p2b: Swampert
|-singleturn|p2b: Swampert|Protect
|move|p1a: Sinistcha|Protect|p1a: Sinistcha
|-singleturn|p1a: Sinistcha|Protect
|move|p1b: Archaludon|Electro Shot||[still]
|-prepare|p1b: Archaludon|Electro Shot
|-boost|p1b: Archaludon|spa|1
|-anim|p1b: Archaludon|Electro Shot|p2a: Pelipper
|-supereffective|p2a: Pelipper|2
|-damage|p2a: Pelipper|0 fnt
|faint|p2a: Pelipper
|
|-weather|RainDance|[upkeep]
|-heal|p1b: Archaludon|73/100|[from] item: Leftovers
|upkeep
|
|t:|1783127766
|switch|p2a: Archaludon|Archaludon, L50, F|100/100
|turn|6
|
|t:|1783127787
|move|p2b: Swampert|Flip Turn|p1a: Sinistcha
|-resisted|p1a: Sinistcha|1
|-crit|p1a: Sinistcha
|-damage|p1a: Sinistcha|62/100
|
|t:|1783127791
|switch|p2b: Grimmsnarl|Grimmsnarl, L50, M|54/100|[from] Flip Turn
|move|p2a: Archaludon|Electro Shot||[still]
|-prepare|p2a: Archaludon|Electro Shot
|-boost|p2a: Archaludon|spa|1
|-anim|p2a: Archaludon|Electro Shot|p1b: Archaludon
|-resisted|p1b: Archaludon|1
|-damage|p1b: Archaludon|43/100
|-ability|p1b: Archaludon|Stamina|boost
|-boost|p1b: Archaludon|def|1
|move|p1b: Archaludon|Electro Shot||[still]
|-prepare|p1b: Archaludon|Electro Shot
|-boost|p1b: Archaludon|spa|1
|-anim|p1b: Archaludon|Electro Shot|p2b: Grimmsnarl
|-damage|p2b: Grimmsnarl|5/100
|move|p1a: Sinistcha|Matcha Gotcha|p2a: Archaludon|[spread] p2a,p2b
|-resisted|p2a: Archaludon|2
|-damage|p2a: Archaludon|95/100
|-heal|p1a: Sinistcha|65/100|[from] drain|[of] p2a: Archaludon
|-damage|p2b: Grimmsnarl|0 fnt
|-heal|p1a: Sinistcha|68/100|[from] drain|[of] p2b: Grimmsnarl
|-status|p2a: Archaludon|brn
|-ability|p2a: Archaludon|Stamina|boost
|-boost|p2a: Archaludon|def|1
|faint|p2b: Grimmsnarl
|
|-weather|RainDance|[upkeep]
|-heal|p2a: Archaludon|100/100 brn|[from] item: Leftovers
|-heal|p1b: Archaludon|49/100|[from] item: Leftovers
|-damage|p2a: Archaludon|93/100 brn|[from] brn
|upkeep
|
|t:|1783127813
|switch|p2b: Swampert|Swampert-Mega, L50, F|100/100
|turn|7
|inactive|Battle timer is ON: inactive players will automatically lose when time's up. (requested by TheFire722)
|
|t:|1783127842
|switch|p1a: Grimmsnarl|Grimmsnarl, L50, M|100/100
|move|p2b: Swampert|Protect|p2b: Swampert
|-singleturn|p2b: Swampert|Protect
|move|p1b: Archaludon|Protect|p1b: Archaludon
|-singleturn|p1b: Archaludon|Protect
|move|p2a: Archaludon|Electro Shot||[still]
|-prepare|p2a: Archaludon|Electro Shot
|-boost|p2a: Archaludon|spa|1
|-anim|p2a: Archaludon|Electro Shot|p1b: Archaludon
|-activate|p1b: Archaludon|move: Protect
|
|-weather|RainDance|[upkeep]
|-heal|p2a: Archaludon|100/100 brn|[from] item: Leftovers
|-heal|p1b: Archaludon|55/100|[from] item: Leftovers
|-damage|p2a: Archaludon|93/100 brn|[from] brn
|upkeep
|turn|8
|inactive|knkjxgfzs has 30 seconds left.
|
|t:|1783127870
|move|p1a: Grimmsnarl|Light Screen|p1a: Grimmsnarl
|-sidestart|p1: knkjxgfzs|move: Light Screen
|move|p2b: Swampert|Flip Turn|p1a: Grimmsnarl
|-damage|p1a: Grimmsnarl|42/100
|move|p1b: Archaludon|Electro Shot||[still]
|-prepare|p1b: Archaludon|Electro Shot
|-boost|p1b: Archaludon|spa|1
|-anim|p1b: Archaludon|Electro Shot|p2a: Archaludon
|-resisted|p2a: Archaludon|1
|-damage|p2a: Archaludon|61/100 brn
|-ability|p2a: Archaludon|Stamina|boost
|-boost|p2a: Archaludon|def|1
|move|p2a: Archaludon|Electro Shot||[still]
|-prepare|p2a: Archaludon|Electro Shot
|-boost|p2a: Archaludon|spa|1
|-anim|p2a: Archaludon|Electro Shot|p1b: Archaludon
|-resisted|p1b: Archaludon|1
|-damage|p1b: Archaludon|22/100
|-ability|p1b: Archaludon|Stamina|boost
|-boost|p1b: Archaludon|def|1
|
|-weather|none
|-heal|p2a: Archaludon|67/100 brn|[from] item: Leftovers
|-heal|p1b: Archaludon|28/100|[from] item: Leftovers
|-damage|p2a: Archaludon|61/100 brn|[from] brn
|-sideend|p2: TheFire722|move: Light Screen
|upkeep
|turn|9
|inactive|knkjxgfzs has 30 seconds left.
|inactive|TheFire722 has 30 seconds left.
|inactive|TheFire722 has 20 seconds left.
|
|t:|1783127909
|move|p1b: Archaludon|Protect|p1b: Archaludon
|-singleturn|p1b: Archaludon|Protect
|move|p1a: Grimmsnarl|Parting Shot|p2b: Swampert
|-unboost|p2b: Swampert|atk|1
|-unboost|p2b: Swampert|spa|1
|
|t:|1783127914
|switch|p1a: Sinistcha|Sinistcha, L50|68/100|[from] Parting Shot
|-heal|p1b: Archaludon|53/100|[from] ability: Hospitality|[of] p1a: Sinistcha
|move|p2b: Swampert|Flip Turn|p1a: Sinistcha
|-resisted|p1a: Sinistcha|1
|-damage|p1a: Sinistcha|57/100
|move|p2a: Archaludon|Dragon Pulse|p1b: Archaludon
|-activate|p1b: Archaludon|move: Protect
|
|-heal|p2a: Archaludon|67/100 brn|[from] item: Leftovers
|-heal|p1b: Archaludon|59/100|[from] item: Leftovers
|-damage|p2a: Archaludon|61/100 brn|[from] brn
|upkeep
|turn|10
|
|t:|1783127931
|move|p1a: Sinistcha|Rage Powder|p1a: Sinistcha
|-singleturn|p1a: Sinistcha|move: Rage Powder
|move|p2b: Swampert|Wave Crash|p1a: Sinistcha
|-resisted|p1a: Sinistcha|1
|-damage|p1a: Sinistcha|35/100
|-damage|p2b: Swampert|93/100|[from] Recoil
|move|p2a: Archaludon|Dragon Pulse|p1a: Sinistcha
|-damage|p1a: Sinistcha|0 fnt
|faint|p1a: Sinistcha
|move|p1b: Archaludon|Dragon Pulse|p2a: Archaludon
|-damage|p2a: Archaludon|0 fnt
|faint|p2a: Archaludon
|
|-heal|p1b: Archaludon|65/100|[from] item: Leftovers
|upkeep
|
|t:|1783127943
|switch|p1a: Grimmsnarl|Grimmsnarl, L50, M|42/100
|turn|11
|
|t:|1783127951
|move|p1b: Archaludon|Protect|p1b: Archaludon
|-singleturn|p1b: Archaludon|Protect
|move|p1a: Grimmsnarl|Reflect|p1a: Grimmsnarl
|-sidestart|p1: knkjxgfzs|Reflect
|move|p2b: Swampert|Earthquake|p1a: Grimmsnarl|[spread] p1a
|-activate|p1b: Archaludon|move: Protect
|-damage|p1a: Grimmsnarl|19/100
|
|-heal|p1b: Archaludon|72/100|[from] item: Leftovers
|upkeep
|turn|12
|
|t:|1783127963
|move|p1a: Grimmsnarl|Parting Shot|p2b: Swampert
|-unboost|p2b: Swampert|atk|1
|-unboost|p2b: Swampert|spa|1
|move|p2b: Swampert|Earthquake|p1b: Archaludon|[spread] p1a,p1b
|-supereffective|p1b: Archaludon|1
|-damage|p1a: Grimmsnarl|2/100
|-damage|p1b: Archaludon|65/100
|-ability|p1b: Archaludon|Stamina|boost
|-boost|p1b: Archaludon|def|1
|move|p1b: Archaludon|Dragon Pulse|p2b: Swampert
|-damage|p2b: Swampert|1/100
|
|-heal|p1b: Archaludon|71/100|[from] item: Leftovers
|upkeep
|turn|13
|
|t:|1783127978
|move|p2b: Swampert|Earthquake|p1a: Grimmsnarl|[spread] p1a,p1b
|-supereffective|p1b: Archaludon|1
|-damage|p1a: Grimmsnarl|0 fnt
|-damage|p1b: Archaludon|65/100
|faint|p1a: Grimmsnarl
|move|p1b: Archaludon|Dragon Pulse|p2b: Swampert
|-damage|p2b: Swampert|0 fnt
|faint|p2b: Swampert
|
|win|knkjxgfzs
||knkjxgfzs is ready for game 2.
|inactive|TheFire722 has 30 seconds to confirm battle start!
||TheFire722 is ready for game 2.
|uhtml|next|Next: Game 2 of 3
|l|☆TheFire722
|player|p2|
