|j|‽leonidos1
|j|☆kurapika404
|html|leonidos1kurapika404    
|uhtml|bestof|Game 3 of a best-of-3
|t:|1783195171
|gametype|doubles
|player|p1|leonidos1|2|1142
|player|p2|kurapika404|alder|1234
|gen|9
|tier|[Gen 9 Champions] VGC 2026 Reg M-B (Bo3)
|rated|
|rule|Species Clause: Limit one of each Pokémon
|rule|Item Clause: Limit 1 of each item
|clearpoke
|poke|p1|Charizard, L50, F|
|poke|p1|Incineroar, L50, M|
|poke|p1|Garchomp, L50, M|
|poke|p1|Farigiraf, L50, F|
|poke|p1|Sylveon, L50, M|
|poke|p1|Venusaur, L50, F|
|poke|p2|Gholdengo, L50|
|poke|p2|Charizard, L50, M|
|poke|p2|Whimsicott, L50, F|
|poke|p2|Garchomp, L50, M|
|poke|p2|Basculegion, L50, M|
|poke|p2|Sneasler, L50, F|
|teampreview|4
|showteam|p1|Charizard||CharizarditeY|Blaze|WeatherBall,HeatWave,SolarBeam,Protect|Modest||F|||50|]Incineroar||SitrusBerry|Intimidate|FakeOut,FlareBlitz,DarkestLariat,PartingShot|Adamant||M|||50|]Garchomp||LifeOrb|RoughSkin|DragonClaw,RockSlide,Earthquake,Protect|Jolly||M|||50|]Farigiraf||ColburBerry|ArmorTail|TwinBeam,Thunderbolt,HelpingHand,TrickRoom|Sassy||F|||50|]Sylveon||FairyFeather|Pixilate|HyperVoice,HyperBeam,QuickAttack,Protect|Quiet||M|||50|]Venusaur||FocusSash|Chlorophyll|SleepPowder,EnergyBall,SludgeBomb,Protect|Modest||F|||50|
|showteam|p2|Gholdengo||MetalCoat|GoodasGold|MakeItRain,ShadowBall,NastyPlot,Protect|Modest|||||50|]Charizard||CharizarditeY|Blaze|HeatWave,WeatherBall,SolarBeam,Protect|Modest||M|||50|]Whimsicott||FocusSash|Prankster|Moonblast,Tailwind,Encore,Protect|Timid||F|||50|]Garchomp||LifeOrb|RoughSkin|Earthquake,RockSlide,DragonClaw,Protect|Jolly||M|||50|]Basculegion||MysticWater|Adaptability|WaveCrash,LastRespects,AquaJet,Protect|Adamant||M|||50|]Sneasler||WhiteHerb|Unburden|FakeOut,DireClaw,CloseCombat,Protect|Adamant||F|||50|
|inactive|Battle timer is ON: inactive players will automatically lose when time's up. (requested by kurapika404)
|
|t:|1783195223
|teamsize|p1|4
|teamsize|p2|4
|start
|switch|p1a: Incineroar|Incineroar, L50, M|100/100
|switch|p1b: Garchomp|Garchomp, L50, M|100/100
|switch|p2a: Sneasler|Sneasler, L50, F|100/100
|switch|p2b: Whimsicott|Whimsicott, L50, F|100/100
|-ability|p1a: Incineroar|Intimidate|boost
|-unboost|p2a: Sneasler|atk|1
|-unboost|p2b: Whimsicott|atk|1
|-enditem|p2a: Sneasler|White Herb
|-clearnegativeboost|p2a: Sneasler|[silent]
|turn|1
|inactive|leonidos1 has 30 seconds left.
|
|t:|1783195248
|switch|p1a: Charizard|Charizard, L50, F|100/100
|move|p2a: Sneasler|Fake Out|p1a: Charizard
|-damage|p1a: Charizard|79/100
|move|p2b: Whimsicott|Moonblast|p1b: Garchomp
|-supereffective|p1b: Garchomp|1
|-damage|p1b: Garchomp|28/100
|move|p1b: Garchomp|Earthquake|p2a: Sneasler|[spread] p2a,p2b
|-immune|p1a: Charizard
|-supereffective|p2a: Sneasler|1
|-resisted|p2b: Whimsicott|1
|-damage|p2a: Sneasler|0 fnt
|-damage|p2b: Whimsicott|62/100
|faint|p2a: Sneasler
|-damage|p1b: Garchomp|19/100|[from] item: Life Orb
|
|upkeep
|
|t:|1783195260
|switch|p2a: Garchomp|Garchomp, L50, M|100/100
|turn|2
|inactive|leonidos1 has 30 seconds left.
|
|t:|1783195286
|switch|p1b: Incineroar|Incineroar, L50, M|100/100
|-ability|p1b: Incineroar|Intimidate|boost
|-unboost|p2a: Garchomp|atk|1
|-unboost|p2b: Whimsicott|atk|1
|move|p1a: Charizard|Protect|p1a: Charizard
|-singleturn|p1a: Charizard|Protect
|move|p2b: Whimsicott|Moonblast|p1b: Incineroar
|-damage|p1b: Incineroar|71/100
|move|p2a: Garchomp|Rock Slide|p1a: Charizard|[spread] p1b
|-activate|p1a: Charizard|move: Protect
|-supereffective|p1b: Incineroar|1
|-damage|p1b: Incineroar|41/100
|-enditem|p1b: Incineroar|Sitrus Berry|[eat]
|-heal|p1b: Incineroar|66/100|[from] item: Sitrus Berry
|-damage|p2a: Garchomp|90/100|[from] item: Life Orb
|
|upkeep
|turn|3
|inactive|leonidos1 has 30 seconds left.
|
|t:|1783195316
|switch|p1a: Sylveon|Sylveon, L50, M|100/100
|move|p2b: Whimsicott|Encore||[still]
|-fail|p2b: Whimsicott
|move|p2a: Garchomp|Rock Slide|p1a: Sylveon|[spread] p1a,p1b
|-supereffective|p1b: Incineroar|1
|-damage|p1a: Sylveon|81/100
|-damage|p1b: Incineroar|40/100
|-damage|p2a: Garchomp|80/100|[from] item: Life Orb
|move|p1b: Incineroar|Flare Blitz|p2b: Whimsicott
|-supereffective|p2b: Whimsicott|1
|-damage|p2b: Whimsicott|0 fnt
|faint|p2b: Whimsicott
|-damage|p1b: Incineroar|26/100|[from] Recoil
|
|upkeep
|
|t:|1783195326
|switch|p2b: Charizard|Charizard, L50, M|100/100
|turn|4
|
|t:|1783195345
|switch|p1b: Charizard|Charizard, L50, F|79/100
|detailschange|p2b: Charizard|Charizard-Mega-Y, L50, M
|-mega|p2b: Charizard|Charizard|Charizardite Y
|-weather|SunnyDay|[from] ability: Drought|[of] p2b: Charizard
|move|p1a: Sylveon|Protect|p1a: Sylveon
|-singleturn|p1a: Sylveon|Protect
|move|p2a: Garchomp|Earthquake|p1a: Sylveon|[spread] 
|-activate|p1a: Sylveon|move: Protect
|-immune|p2b: Charizard
|-immune|p1b: Charizard
|move|p2b: Charizard|Weather Ball|p1a: Sylveon
|-activate|p1a: Sylveon|move: Protect
|
|-weather|SunnyDay|[upkeep]
|upkeep
|turn|5
|
|t:|1783195367
|switch|p1b: Incineroar|Incineroar, L50, M|26/100
|-ability|p1b: Incineroar|Intimidate|boost
|-unboost|p2a: Garchomp|atk|1
|-unboost|p2b: Charizard|atk|1
|move|p2a: Garchomp|Rock Slide|p1a: Sylveon|[spread] p1a,p1b
|-supereffective|p1b: Incineroar|1
|-damage|p1a: Sylveon|66/100
|-damage|p1b: Incineroar|5/100
|-damage|p2a: Garchomp|71/100|[from] item: Life Orb
|move|p2b: Charizard|Weather Ball|p1a: Sylveon
|-damage|p1a: Sylveon|5/100
|move|p1a: Sylveon|Hyper Voice|p2a: Garchomp|[spread] p2a,p2b
|-supereffective|p2a: Garchomp|1
|-crit|p2a: Garchomp
|-resisted|p2b: Charizard|1
|-damage|p2a: Garchomp|0 fnt
|-damage|p2b: Charizard|78/100
|faint|p2a: Garchomp
|
|-weather|SunnyDay|[upkeep]
|upkeep
|turn|6
|
|t:|1783195392
|switch|p1a: Garchomp|Garchomp, L50, M|19/100
|move|p2b: Charizard|Protect|p2b: Charizard
|-singleturn|p2b: Charizard|Protect
|move|p1b: Incineroar|Fake Out|p2b: Charizard
|-activate|p2b: Charizard|move: Protect
|
|-weather|SunnyDay|[upkeep]
|upkeep
|turn|7
|
|t:|1783195405
|move|p1a: Garchomp|Rock Slide|p2b: Charizard
|-supereffective|p2b: Charizard|2
|-damage|p2b: Charizard|0 fnt
|faint|p2b: Charizard
|-damage|p1a: Garchomp|9/100|[from] item: Life Orb
|
|win|leonidos1
|raw|leonidos1's rating: 1142 → 1173(+31 for winning)
|raw|kurapika404's rating: 1234 → 1203(-31 for losing)
|l|☆kurapika404
|player|p2|
