|j|☆yveltyy
|j|☆porygon-epilepz
|html|yveltyyporygon-epilepz    
|uhtml|bestof|Game 3 of a best-of-3
|t:|1757770659
|gametype|doubles
|player|p1|yveltyy|plasmagruntf-gen5bw|1046
|player|p2|porygon-epilepz|ghetsis-gen5bw|1128
|gen|9
|tier|[Gen 9] VGC 2025 Reg H (Bo3)
|rated|
|rule|Species Clause: Limit one of each Pokémon
|rule|Item Clause: Limit 1 of each item
|clearpoke
|poke|p1|Corviknight, L50, M|
|poke|p1|Volcarona, L50, M|
|poke|p1|Garchomp, L50, F|
|poke|p1|Dragonite, L50, F|
|poke|p1|Sneasler, L50, M|
|poke|p1|Ninetales-Alola, L50, F|
|poke|p2|Farigiraf, L50, F|
|poke|p2|Incineroar, L50, M|
|poke|p2|Sneasler, L50, F|
|poke|p2|Pelipper, L50, F|
|poke|p2|Archaludon, L50, M|
|poke|p2|Porygon-Z, L50|
|teampreview|4
|showteam|p1|Corviknight||SitrusBerry|MirrorArmor|BraveBird,BodyPress,BulkUp,Roost|||M|||50|,,,,,Fire]Volcarona||CovertCloak|FlameBody|Flamethrower,GigaDrain,QuiverDance,Protect|||M|||50|,,,,,Grass]Garchomp||ChoiceScarf|RoughSkin|Earthquake,DragonClaw,StompingTantrum,RockSlide|||F|||50|,,,,,Ground]Dragonite||LifeOrb|InnerFocus|TeraBlast,ExtremeSpeed,StompingTantrum,Protect|||F|||50|,,,,,Flying]Sneasler||FocusSash|Unburden|CloseCombat,DireClaw,FakeOut,Coaching|||M|||50|,,,,,Stellar]Ninetales-Alola||LightClay|SnowWarning|Blizzard,Encore,AuroraVeil,Protect|||F|||50|,,,,,Water
|showteam|p2|Farigiraf||ThroatSpray|ArmorTail|TrickRoom,HyperVoice,Psychic,HelpingHand|||F|||50|,,,,,Fairy]Incineroar||SafetyGoggles|Intimidate|FakeOut,KnockOff,PartingShot,Taunt|||M|||50|,,,,,Ghost]Sneasler||WhiteHerb|Unburden|DireClaw,CloseCombat,ThroatChop,FakeOut|||F|||50|,,,,,Dark]Pelipper||FocusSash|Drizzle|Hurricane,WeatherBall,Tailwind,Protect|||F|||50|,,,,,Grass]Archaludon||AssaultVest|Stamina|ElectroShot,FlashCannon,DracoMeteor,BodyPress|||M|||50|,,,,,Bug]Porygon-Z||ChoiceScarf|Adaptability|TeraBlast,HyperBeam,ShadowBall,IceBeam||||||50|,,,,,Fairy
|inactive|Battle timer is ON: inactive players will automatically lose when time's up. (requested by yveltyy)
|c|☆yveltyy|glhf
|
|t:|1757770677
|teamsize|p1|4
|teamsize|p2|4
|start
|switch|p1a: Corviknight|Corviknight, L50, M|100/100
|switch|p1b: Sneasler|Sneasler, L50, M|100/100
|switch|p2a: Sneasler|Sneasler, L50, F|100/100
|switch|p2b: Porygon-Z|Porygon-Z, L50|100/100
|turn|1
|
|t:|1757770701
|switch|p2b: Archaludon|Archaludon, L50, M|100/100
|move|p1b: Sneasler|Fake Out|p2a: Sneasler
|-damage|p2a: Sneasler|76/100
|cant|p2a: Sneasler|flinch
|move|p1a: Corviknight|Bulk Up|p1a: Corviknight
|-boost|p1a: Corviknight|atk|1
|-boost|p1a: Corviknight|def|1
|
|upkeep
|turn|2
|
|t:|1757770722
|-terastallize|p2b: Archaludon|Bug
|move|p1b: Sneasler|Close Combat|p2b: Archaludon
|-resisted|p2b: Archaludon
|-damage|p2b: Archaludon|78/100
|-unboost|p1b: Sneasler|def|1
|-unboost|p1b: Sneasler|spd|1
|-ability|p2b: Archaludon|Stamina|boost
|-boost|p2b: Archaludon|def|1
|move|p2a: Sneasler|Close Combat|p1b: Sneasler
|-resisted|p1b: Sneasler
|-damage|p1b: Sneasler|10/100
|-unboost|p2a: Sneasler|def|1
|-unboost|p2a: Sneasler|spd|1
|-enditem|p2a: Sneasler|White Herb
|-clearnegativeboost|p2a: Sneasler|[silent]
|move|p2b: Archaludon|Electro Shot||[still]
|-prepare|p2b: Archaludon|Electro Shot
|-boost|p2b: Archaludon|spa|1
|move|p1a: Corviknight|Bulk Up|p1a: Corviknight
|-boost|p1a: Corviknight|atk|1
|-boost|p1a: Corviknight|def|1
|
|upkeep
|turn|3
|inactive|yveltyy has 30 seconds left.
|inactive|yveltyy has 20 seconds left.
|
|t:|1757770758
|-terastallize|p1a: Corviknight|Fire
|move|p2a: Sneasler|Dire Claw|p1b: Sneasler
|-resisted|p1b: Sneasler
|-damage|p1b: Sneasler|0 fnt
|faint|p1b: Sneasler
|move|p2b: Archaludon|Electro Shot|p1a: Corviknight|[from] lockedmove
|-damage|p1a: Corviknight|46/100
|-enditem|p1a: Corviknight|Sitrus Berry|[eat]
|-heal|p1a: Corviknight|71/100|[from] item: Sitrus Berry
|move|p1a: Corviknight|Roost|p1a: Corviknight
|-heal|p1a: Corviknight|100/100
|
|upkeep
|
|t:|1757770768
|switch|p1b: Dragonite|Dragonite, L50, F|100/100
|turn|4
|
|t:|1757770791
|switch|p2a: Pelipper|Pelipper, L50, F|100/100
|-weather|RainDance|[from] ability: Drizzle|[of] p2a: Pelipper
|move|p1b: Dragonite|Extreme Speed|p2a: Pelipper
|-crit|p2a: Pelipper
|-damage|p2a: Pelipper|26/100
|-damage|p1b: Dragonite|91/100|[from] item: Life Orb
|move|p2b: Archaludon|Electro Shot||[still]
|-prepare|p2b: Archaludon|Electro Shot
|-boost|p2b: Archaludon|spa|1
|-anim|p2b: Archaludon|Electro Shot|p1b: Dragonite
|-damage|p1b: Dragonite|7/100
|move|p1a: Corviknight|Brave Bird|p2b: Archaludon
|-supereffective|p2b: Archaludon
|-damage|p2b: Archaludon|0 fnt
|faint|p2b: Archaludon
|-damage|p1a: Corviknight|75/100|[from] Recoil
|
|-weather|RainDance|[upkeep]
|upkeep
|
|t:|1757770810
|switch|p2b: Sneasler|Sneasler, L50, F|76/100
|turn|5
|
|t:|1757770817
|switch|p1b: Ninetales|Ninetales-Alola, L50, F|100/100
|-weather|Snowscape|[from] ability: Snow Warning|[of] p1b: Ninetales
|move|p2b: Sneasler|Fake Out|p1a: Corviknight
|-damage|p1a: Corviknight|68/100
|move|p2a: Pelipper|Tailwind|p2a: Pelipper
|-sidestart|p2: porygon-epilepz|move: Tailwind
|cant|p1a: Corviknight|flinch
|
|-weather|Snowscape|[upkeep]
|upkeep
|turn|6
|
|t:|1757770835
|switch|p2a: Porygon-Z|Porygon-Z, L50|100/100
|move|p2b: Sneasler|Dire Claw|p1b: Ninetales
|-supereffective|p1b: Ninetales
|-damage|p1b: Ninetales|23/100
|move|p1b: Ninetales|Aurora Veil|p1b: Ninetales
|-sidestart|p1: yveltyy|move: Aurora Veil
|move|p1a: Corviknight|Roost|p1a: Corviknight
|-heal|p1a: Corviknight|100/100
|
|-weather|Snowscape|[upkeep]
|upkeep
|turn|7
|inactive|porygon-epilepz has 30 seconds left.
|
|t:|1757770867
|switch|p2a: Pelipper|Pelipper, L50, F|26/100
|-weather|RainDance|[from] ability: Drizzle|[of] p2a: Pelipper
|move|p2b: Sneasler|Dire Claw|p1b: Ninetales
|-supereffective|p1b: Ninetales
|-damage|p1b: Ninetales|0 fnt
|faint|p1b: Ninetales
|move|p1a: Corviknight|Body Press|p2a: Pelipper
|-resisted|p2a: Pelipper
|-damage|p2a: Pelipper|1/100
|
|-weather|RainDance|[upkeep]
|upkeep
|
|t:|1757770874
|switch|p1b: Dragonite|Dragonite, L50, F|7/100
|turn|8
|
|t:|1757770890
|move|p1b: Dragonite|Protect|p1b: Dragonite
|-singleturn|p1b: Dragonite|Protect
|move|p2b: Sneasler|Dire Claw|p1b: Dragonite
|-activate|p1b: Dragonite|move: Protect
|move|p2a: Pelipper|Weather Ball|p1a: Corviknight
|-supereffective|p1a: Corviknight
|-damage|p1a: Corviknight|24/100
|move|p1a: Corviknight|Brave Bird|p2b: Sneasler
|-supereffective|p2b: Sneasler
|-crit|p2b: Sneasler
|-damage|p2b: Sneasler|0 fnt
|faint|p2b: Sneasler
|-damage|p1a: Corviknight|4/100|[from] Recoil
|
|-weather|RainDance|[upkeep]
|-sideend|p2: porygon-epilepz|move: Tailwind
|upkeep
|
|t:|1757770901
|switch|p2b: Porygon-Z|Porygon-Z, L50|100/100
|turn|9
|c|☆porygon-epilepz|gg
|
|t:|1757770916
|move|p1b: Dragonite|Extreme Speed|p2b: Porygon-Z
|-damage|p2b: Porygon-Z|39/100
|-damage|p1b: Dragonite|0 fnt|[from] item: Life Orb
|faint|p1b: Dragonite
|move|p2b: Porygon-Z|Ice Beam|p1a: Corviknight
|-resisted|p1a: Corviknight
|-damage|p1a: Corviknight|0 fnt
|faint|p1a: Corviknight
|
|win|porygon-epilepz
|raw|yveltyy's rating: 1046 → 1033(-13 for losing)
|raw|porygon-epilepz's rating: 1128 → 1147(+19 for winning)
