|j|☆papalima
|j|☆MrRaffa
|html|papalimaMrRaffa    
|uhtml|bestof|Game 1 of a best-of-3
|t:|1785161378
|gametype|doubles
|player|p1|papalima|265|1251
|player|p2|MrRaffa|n|1240
|gen|9
|tier|[Gen 9 Champions] VGC 2026 Reg M-B (Bo3)
|rated|
|rule|Species Clause: Limit one of each Pokémon
|rule|Item Clause: Limit 1 of each item
|clearpoke
|poke|p1|Froslass, L50, F|
|poke|p1|Scovillain, L50, F|
|poke|p1|Kingambit, L50, M|
|poke|p1|Sneasler, L50, M|
|poke|p1|Basculegion, L50, M|
|poke|p1|Lycanroc-Dusk, L50, F|
|poke|p2|Incineroar, L50, F|
|poke|p2|Sinistcha, L50|
|poke|p2|Kingambit, L50, M|
|poke|p2|Floette-Eternal, L50, F|
|poke|p2|Sneasler, L50, M|
|poke|p2|Gyarados, L50, M, shiny|
|teampreview|4
|showteam|p1|Froslass||Froslassite|CursedBody|Blizzard,ShadowBall,AuroraVeil,Protect|Modest||F|||50|]Scovillain||Scovillainite|Moody|Protect,Overheat,GigaDrain,RagePowder|Modest||F|||50|]Kingambit||BlackGlasses|Defiant|Protect,KowtowCleave,IronHead,SuckerPunch|Adamant||M|||50|]Sneasler||WhiteHerb|Unburden|FakeOut,GunkShot,CloseCombat,Protect|Adamant||M|||50|]Basculegion||SitrusBerry|Adaptability|Protect,LastRespects,WaveCrash,AquaJet|Adamant||M|||50|]Lycanroc-Dusk||FocusSash|ToughClaws|Protect,Accelerock,RockSlide,CloseCombat|Adamant||F|||50|
|showteam|p2|Incineroar||SitrusBerry|Intimidate|FakeOut,FlareBlitz,PartingShot,ThroatChop|Careful||F|||50|]Sinistcha||OccaBerry|Hospitality|MatchaGotcha,RagePowder,TrickRoom,Protect|Calm|||||50|]Kingambit||BlackGlasses|Defiant|KowtowCleave,SwordsDance,SuckerPunch,Protect|Adamant||M|||50|]Floette-Eternal||Floettite|FlowerVeil|Moonblast,DazzlingGleam,CalmMind,Protect|Modest||F|||50|]Sneasler||FocusSash|PoisonTouch|FakeOut,CloseCombat,PoisonJab,Coaching|Jolly||M|||50|]Gyarados||Gyaradosite|Intimidate|Waterfall,Crunch,DragonDance,Protect|Jolly||M|||50|
|inactive|Battle timer is ON: inactive players will automatically lose when time's up. (requested by papalima)
|inactive|papalima has 60 seconds left.
|inactive|MrRaffa has 60 seconds left.
|
|t:|1785161433
|teamsize|p1|4
|teamsize|p2|4
|start
|switch|p1a: Kingambit|Kingambit, L50, M|100/100
|switch|p1b: Scovillain|Scovillain, L50, F|100/100
|switch|p2a: Gyarados|Gyarados, L50, M, shiny|100/100
|switch|p2b: Sneasler|Sneasler, L50, M|100/100
|-ability|p2a: Gyarados|Intimidate|boost
|-unboost|p1a: Kingambit|atk|1
|-ability|p1a: Kingambit|Defiant|boost
|-boost|p1a: Kingambit|atk|2
|-unboost|p1b: Scovillain|atk|1
|turn|1
|
|t:|1785161455
|detailschange|p1b: Scovillain|Scovillain-Mega, L50, F
|-mega|p1b: Scovillain|Scovillain|Scovillainite
|move|p1a: Kingambit|Protect|p1a: Kingambit
|-singleturn|p1a: Kingambit|Protect
|move|p2b: Sneasler|Fake Out|p1a: Kingambit
|-activate|p1a: Kingambit|move: Protect
|move|p2a: Gyarados|Dragon Dance|p2a: Gyarados
|-boost|p2a: Gyarados|atk|1
|-boost|p2a: Gyarados|spe|1
|move|p1b: Scovillain|Overheat|p2b: Sneasler|[miss]
|-miss|p1b: Scovillain|p2b: Sneasler
|
|upkeep
|turn|2
|inactive|MrRaffa has 30 seconds left.
|inactive|MrRaffa has 20 seconds left.
|
|t:|1785161495
|move|p2a: Gyarados|Protect|p2a: Gyarados
|-singleturn|p2a: Gyarados|Protect
|move|p1b: Scovillain|Rage Powder|p1b: Scovillain
|-singleturn|p1b: Scovillain|move: Rage Powder
|move|p2b: Sneasler|Poison Jab|p1b: Scovillain
|-supereffective|p1b: Scovillain|1
|-damage|p1b: Scovillain|11/100
|-status|p1b: Scovillain|psn
|-status|p2b: Sneasler|brn|[from] ability: Spicy Spray|[of] p1b: Scovillain
|move|p1a: Kingambit|Kowtow Cleave|p2a: Gyarados
|-activate|p2a: Gyarados|move: Protect
|
|-damage|p1b: Scovillain|0 fnt|[from] psn
|faint|p1b: Scovillain
|-damage|p2b: Sneasler|94/100 brn|[from] brn
|upkeep
|
|t:|1785161508
|switch|p1b: Sneasler|Sneasler, L50, M|100/100
|turn|3
|
|t:|1785161517
|switch|p2a: Kingambit|Kingambit, L50, M|100/100
|move|p1b: Sneasler|Fake Out|p2a: Kingambit
|-resisted|p2a: Kingambit|1
|-damage|p2a: Kingambit|94/100
|move|p2b: Sneasler|Coaching|p2a: Kingambit
|-boost|p2a: Kingambit|atk|1
|-boost|p2a: Kingambit|def|1
|move|p1a: Kingambit|Kowtow Cleave|p2a: Kingambit
|-resisted|p2a: Kingambit|1
|-damage|p2a: Kingambit|72/100
|
|-damage|p2b: Sneasler|88/100 brn|[from] brn
|upkeep
|turn|4
|
|t:|1785161530
|move|p2a: Kingambit|Protect|p2a: Kingambit
|-singleturn|p2a: Kingambit|Protect
|move|p2b: Sneasler|Coaching|p2a: Kingambit
|-boost|p2a: Kingambit|atk|1
|-boost|p2a: Kingambit|def|1
|move|p1b: Sneasler|Close Combat|p2a: Kingambit
|-activate|p2a: Kingambit|move: Protect
|move|p1a: Kingambit|Kowtow Cleave|p2b: Sneasler
|-resisted|p2b: Sneasler|1
|-damage|p2b: Sneasler|17/100 brn
|
|-damage|p2b: Sneasler|12/100 brn|[from] brn
|upkeep
|turn|5
|
|t:|1785161549
|move|p2a: Kingambit|Sucker Punch|p1b: Sneasler
|-resisted|p1b: Sneasler|1
|-damage|p1b: Sneasler|31/100
|move|p2b: Sneasler|Close Combat|p1a: Kingambit
|-supereffective|p1a: Kingambit|2
|-damage|p1a: Kingambit|0 fnt
|-unboost|p2b: Sneasler|def|1
|-unboost|p2b: Sneasler|spd|1
|faint|p1a: Kingambit
|move|p1b: Sneasler|Close Combat|p2a: Kingambit
|-supereffective|p2a: Kingambit|2
|-damage|p2a: Kingambit|0 fnt
|-unboost|p1b: Sneasler|def|1
|-unboost|p1b: Sneasler|spd|1
|faint|p2a: Kingambit
|-enditem|p1b: Sneasler|White Herb
|-clearnegativeboost|p1b: Sneasler|[silent]
|
|-damage|p2b: Sneasler|6/100 brn|[from] brn
|upkeep
|
|t:|1785161562
|switch|p1a: Lycanroc|Lycanroc-Dusk, L50, F|100/100
|switch|p2a: Gyarados|Gyarados, L50, M, shiny|100/100
|-ability|p2a: Gyarados|Intimidate|boost
|-unboost|p1a: Lycanroc|atk|1
|-unboost|p1b: Sneasler|atk|1
|turn|6
|
|t:|1785161572
|detailschange|p2a: Gyarados|Gyarados-Mega, L50, M, shiny
|-mega|p2a: Gyarados|Gyarados|Gyaradosite
|-ability|p2a: Gyarados|Mold Breaker
|move|p2a: Gyarados|Protect|p2a: Gyarados
|-singleturn|p2a: Gyarados|Protect
|move|p1a: Lycanroc|Accelerock|p2b: Sneasler
|-resisted|p2b: Sneasler|1
|-damage|p2b: Sneasler|0 fnt
|faint|p2b: Sneasler
|move|p1b: Sneasler|Close Combat|p2a: Gyarados
|-activate|p2a: Gyarados|move: Protect
|
|upkeep
|
|t:|1785161579
|switch|p2b: Sinistcha|Sinistcha, L50|100/100
|turn|7
|
|t:|1785161588
|move|p2b: Sinistcha|Rage Powder|p2b: Sinistcha
|-singleturn|p2b: Sinistcha|move: Rage Powder
|move|p1b: Sneasler|Gunk Shot|p2b: Sinistcha
|-damage|p2b: Sinistcha|67/100
|move|p1a: Lycanroc|Rock Slide|p2a: Gyarados|[spread] p2a
|-miss|p1a: Lycanroc|p2b: Sinistcha
|-damage|p2a: Gyarados|82/100
|move|p2a: Gyarados|Dragon Dance|p2a: Gyarados
|-boost|p2a: Gyarados|atk|1
|-boost|p2a: Gyarados|spe|1
|
|upkeep
|turn|8
|
|t:|1785161605
|move|p1b: Sneasler|Gunk Shot|p2b: Sinistcha
|-damage|p2b: Sinistcha|33/100
|move|p2a: Gyarados|Waterfall|p1b: Sneasler
|-crit|p1b: Sneasler
|-damage|p1b: Sneasler|0 fnt
|faint|p1b: Sneasler
|move|p1a: Lycanroc|Rock Slide|p2a: Gyarados|[spread] p2a,p2b
|-damage|p2a: Gyarados|62/100
|-damage|p2b: Sinistcha|14/100
|move|p2b: Sinistcha|Matcha Gotcha|p1a: Lycanroc
|-supereffective|p1a: Lycanroc|1
|-enditem|p1a: Lycanroc|Focus Sash
|-damage|p1a: Lycanroc|1/100
|-heal|p2b: Sinistcha|57/100|[from] drain|[of] p1a: Lycanroc
|
|upkeep
|turn|9
|-message|papalima forfeited.
|
|win|MrRaffa
|l|☆papalima
|player|p1|
||MrRaffa is ready for game 2.
||papalima is ready for game 2.
|uhtml|next|Next: Game 2 of 3
