|j|☆25thFloor
|j|☆palle synchro
|html|25thFloorpalle synchro    
|uhtml|bestof|Game 2 of a best-of-3
|t:|1754315654
|gametype|doubles
|player|p1|25thFloor|volo|1177
|player|p2|palle synchro|volkner|1310
|gen|9
|tier|[Gen 9] VGC 2025 Reg H (Bo3)
|rated|
|rule|Species Clause: Limit one of each Pokémon
|rule|Item Clause: Limit 1 of each item
|clearpoke
|poke|p1|Salamence, L50, F|
|poke|p1|Electabuzz, L50, F|
|poke|p1|Annihilape, L50, F|
|poke|p1|Whimsicott, L50, F|
|poke|p1|Tyranitar, L50, F|
|poke|p1|Ursaluna-Bloodmoon, L50, M|
|poke|p2|Whimsicott, L50, F|
|poke|p2|Dragonite, L50, F|
|poke|p2|Indeedee, L50, M|
|poke|p2|Sneasler, L50, M|
|poke|p2|Ursaluna-Bloodmoon, L50, M|
|poke|p2|Archaludon, L50, F|
|teampreview|4
|showteam|p1|Salamence||ClearAmulet|Intimidate|Protect,DualWingbeat,TemperFlare,BreakingSwipe|||F|||50|,,,,,Fire]Electabuzz||Eviolite|VitalSpirit|Protect,Electroweb,FollowMe,HelpingHand|||F|||50|,,,,,Ghost]Annihilape||SpellTag|Defiant|Protect,CloseCombat,RageFist,Taunt|||F|||50|,,,,,Water]Whimsicott||CovertCloak|Prankster|Moonblast,Tailwind,Encore,BeatUp|||F|||50|,,,,,Ghost]Tyranitar||AssaultVest|SandStream|RockSlide,KnockOff,LowKick,TeraBlast|||F|||50|,,,,,Flying]Ursaluna-Bloodmoon||LifeOrb|MindsEye|Protect,HyperVoice,EarthPower,BloodMoon|||M|||50|,,,,,Normal
|showteam|p2|Whimsicott||CovertCloak|Prankster|Moonblast,Taunt,Tailwind,FakeTears|||F|||50|,,,,,Water]Dragonite||LoadedDice|Multiscale|ScaleShot,StompingTantrum,Haze,Protect|||F|||50|,,,,,Steel]Indeedee||FocusSash|PsychicSurge|ExpandingForce,TeraBlast,Imprison,TrickRoom|||M|||50|,,,,,Psychic]Sneasler||PsychicSeed|Unburden|CloseCombat,DireClaw,ThroatChop,Protect|||M|||50|,,,,,Dark]Ursaluna-Bloodmoon||LifeOrb|MindsEye|HyperVoice,BloodMoon,EarthPower,Protect|||M|||50|,,,,,Normal]Archaludon||PowerHerb|Stalwart|ElectroShot,DragonPulse,Thunderbolt,Protect|||F|||50|,,,,,Electric
|inactive|Battle timer is ON: inactive players will automatically lose when time's up. (requested by palle synchro)
|
|t:|1754315677
|teamsize|p1|4
|teamsize|p2|4
|start
|switch|p1a: Tyranitar|Tyranitar, L50, F, shiny|100/100
|switch|p1b: Electabuzz|Electabuzz, L50, F, shiny|100/100
|switch|p2a: Indeedee|Indeedee, L50, M|100/100
|switch|p2b: Sneasler|Sneasler, L50, M|100/100
|-fieldstart|move: Psychic Terrain|[from] ability: Psychic Surge|[of] p2a: Indeedee
|-enditem|p2b: Sneasler|Psychic Seed
|-boost|p2b: Sneasler|spd|1|[from] item: Psychic Seed
|-weather|Sandstorm|[from] ability: Sand Stream|[of] p1a: Tyranitar
|turn|1
|
|t:|1754315688
|move|p1b: Electabuzz|Follow Me|p1b: Electabuzz
|-singleturn|p1b: Electabuzz|move: Follow Me
|move|p2b: Sneasler|Dire Claw|p1b: Electabuzz
|-damage|p1b: Electabuzz|67/100
|-status|p1b: Electabuzz|psn
|move|p2a: Indeedee|Expanding Force|p1b: Electabuzz|[spread] p1b
|-immune|p1a: Tyranitar
|-damage|p1b: Electabuzz|30/100 psn
|move|p1a: Tyranitar|Knock Off|p2a: Indeedee
|-supereffective|p2a: Indeedee
|-enditem|p2a: Indeedee|Focus Sash
|-damage|p2a: Indeedee|1/100
|
|-weather|Sandstorm|[upkeep]
|-damage|p2b: Sneasler|95/100|[from] Sandstorm
|-damage|p2a: Indeedee|0 fnt|[from] Sandstorm
|-damage|p1b: Electabuzz|24/100 psn|[from] Sandstorm
|faint|p2a: Indeedee
|-damage|p1b: Electabuzz|12/100 psn|[from] psn
|upkeep
|
|t:|1754315702
|switch|p2a: Ursaluna|Ursaluna-Bloodmoon, L50, M|100/100
|turn|2
|
|t:|1754315722
|switch|p1b: Salamence|Salamence, L50, F, shiny|100/100
|-ability|p1b: Salamence|Intimidate|boost
|-unboost|p2a: Ursaluna|atk|1
|-unboost|p2b: Sneasler|atk|1
|-terastallize|p1a: Tyranitar|Flying
|-terastallize|p2a: Ursaluna|Normal
|move|p2b: Sneasler|Protect|p2b: Sneasler
|-singleturn|p2b: Sneasler|Protect
|move|p1a: Tyranitar|Knock Off|p2a: Ursaluna
|-damage|p2a: Ursaluna|54/100
|-enditem|p2a: Ursaluna|Life Orb|[from] move: Knock Off|[of] p1a: Tyranitar
|move|p2a: Ursaluna|Hyper Voice|p1a: Tyranitar|[spread] p1a,p1b
|-damage|p1a: Tyranitar|66/100
|-damage|p1b: Salamence|35/100
|
|-weather|Sandstorm|[upkeep]
|-damage|p2b: Sneasler|89/100|[from] Sandstorm
|-damage|p1b: Salamence|29/100|[from] Sandstorm
|-damage|p1a: Tyranitar|60/100|[from] Sandstorm
|-damage|p2a: Ursaluna|49/100|[from] Sandstorm
|upkeep
|turn|3
|
|t:|1754315742
|switch|p2a: Whimsicott|Whimsicott, L50, F|100/100
|move|p1b: Salamence|Protect|p1b: Salamence
|-singleturn|p1b: Salamence|Protect
|move|p2b: Sneasler|Dire Claw|p1b: Salamence
|-activate|p1b: Salamence|move: Protect
|move|p1a: Tyranitar|Tera Blast|p2b: Sneasler|[anim] Tera Blast Flying
|-supereffective|p2b: Sneasler
|-damage|p2b: Sneasler|0 fnt
|faint|p2b: Sneasler
|
|-weather|Sandstorm|[upkeep]
|-damage|p2a: Whimsicott|95/100|[from] Sandstorm
|-damage|p1b: Salamence|23/100|[from] Sandstorm
|-damage|p1a: Tyranitar|54/100|[from] Sandstorm
|upkeep
|
|t:|1754315752
|switch|p2b: Ursaluna|Ursaluna-Bloodmoon, L50, M, tera:Normal|49/100
|turn|4
|
|t:|1754315758
|move|p2a: Whimsicott|Tailwind|p2a: Whimsicott
|-sidestart|p2: palle synchro|move: Tailwind
|move|p2b: Ursaluna|Blood Moon|p1a: Tyranitar
|-damage|p1a: Tyranitar|0 fnt
|faint|p1a: Tyranitar
|move|p1b: Salamence|Dual Wingbeat|p2a: Whimsicott
|-supereffective|p2a: Whimsicott
|-damage|p2a: Whimsicott|41/100
|-supereffective|p2a: Whimsicott
|-damage|p2a: Whimsicott|0 fnt
|faint|p2a: Whimsicott
|-hitcount|p2: Whimsicott|2
|
|-weather|Sandstorm|[upkeep]
|-damage|p2b: Ursaluna|43/100|[from] Sandstorm
|-damage|p1b: Salamence|17/100|[from] Sandstorm
|upkeep
|
|t:|1754315767
|switch|p1a: Ursaluna|Ursaluna-Bloodmoon, L50, M|100/100
|turn|5
|
|t:|1754315779
|move|p1b: Salamence|Protect|p1b: Salamence
|-singleturn|p1b: Salamence|Protect
|move|p1a: Ursaluna|Protect|p1a: Ursaluna
|-singleturn|p1a: Ursaluna|Protect
|move|p2b: Ursaluna|Hyper Voice|p1a: Ursaluna|[spread] 
|-activate|p1a: Ursaluna|move: Protect
|-activate|p1b: Salamence|move: Protect
|
|-weather|none
|-fieldend|move: Psychic Terrain
|upkeep
|turn|6
|
|t:|1754315789
|switch|p1b: Electabuzz|Electabuzz, L50, F, shiny|12/100 psn
|move|p2b: Ursaluna|Blood Moon|p1a: Ursaluna
|-damage|p1a: Ursaluna|0 fnt
|faint|p1a: Ursaluna
|
|-damage|p1b: Electabuzz|0 fnt|[from] psn
|faint|p1b: Electabuzz
|upkeep
|
|t:|1754315795
|switch|p1b: Salamence|Salamence, L50, F, shiny|17/100
|-ability|p1b: Salamence|Intimidate|boost
|-unboost|p2b: Ursaluna|atk|1
|turn|7
|
|t:|1754315801
|move|p1b: Salamence|Protect|p1b: Salamence
|-singleturn|p1b: Salamence|Protect
|move|p2b: Ursaluna|Hyper Voice|p1b: Salamence
|-activate|p1b: Salamence|move: Protect
|
|-sideend|p2: palle synchro|move: Tailwind
|upkeep
|turn|8
|
|t:|1754315804
|move|p1b: Salamence|Dual Wingbeat|p2b: Ursaluna
|-damage|p2b: Ursaluna|25/100
|-damage|p2b: Ursaluna|6/100
|-hitcount|p2b: Ursaluna|2
|move|p2b: Ursaluna|Hyper Voice|p1b: Salamence
|-damage|p1b: Salamence|0 fnt
|faint|p1b: Salamence
|
|win|palle synchro
|raw|25thFloor's rating: 1177 → 1161(-16 for losing)
|raw|palle synchro's rating: 1310 → 1323(+13 for winning)
