|j|☆Jasonjam8907
|j|☆prod_axel
|html|Jasonjam8907prod_axel    
|uhtml|bestof|Game 1 of a best-of-3
|t:|1782234099
|gametype|doubles
|player|p1|Jasonjam8907|steven|1025
|player|p2|prod_axel|unknown|1069
|gen|9
|tier|[Gen 9 Champions] VGC 2026 Reg M-B (Bo3)
|rated|
|rule|Species Clause: Limit one of each Pokémon
|rule|Item Clause: Limit 1 of each item
|clearpoke
|poke|p1|Aggron, L50, M|
|poke|p1|Sinistcha, L50|
|poke|p1|Milotic, L50, F|
|poke|p1|Pelipper, L50, M|
|poke|p1|Incineroar, L50, M|
|poke|p1|Araquanid, L50, F|
|poke|p2|Delphox, L50, F|
|poke|p2|Floette-Eternal, L50, F|
|poke|p2|Kingambit, L50, F|
|poke|p2|Sneasler, L50, M|
|poke|p2|Incineroar, L50, M|
|poke|p2|Sinistcha, L50|
|teampreview|4
|showteam|p1|Aggron||Aggronite|Sturdy|HeavySlam,BodyPress,IronDefense,Protect|Sassy||M|||50|]Sinistcha||ColburBerry|Hospitality|TrickRoom,LifeDew,MatchaGotcha,RagePowder|Calm|||||50|]Milotic||Leftovers|Competitive|Protect,Recover,IceBeam,Scald|Bold||F|||50|]Pelipper||DampRock|Drizzle|Hurricane,Roost,Tailwind,WeatherBall|Bold||M|||50|]Incineroar||ChopleBerry|Intimidate|FakeOut,PartingShot,FlareBlitz,DarkestLariat|Careful||M|||50|]Araquanid||MysticWater|WaterBubble|Liquidation,StickyWeb,XScissor,Protect|Adamant||F|||50|
|showteam|p2|Delphox||Delphoxite|Blaze|HeatWave,Psyshock,NastyPlot,Protect|Timid||F|||50|]Floette-Eternal||Floettite|FlowerVeil|Moonblast,DazzlingGleam,CalmMind,Protect|Modest||F|||50|]Kingambit||BlackGlasses|Defiant|SuckerPunch,KowtowCleave,SwordsDance,Protect|Adamant||F|||50|]Sneasler||FocusSash|PoisonTouch|FakeOut,CloseCombat,DireClaw,QuickGuard|Jolly||M|||50|]Incineroar||SitrusBerry|Intimidate|PartingShot,FlareBlitz,ThroatChop,FakeOut|Impish||M|||50|]Sinistcha||KasibBerry|Hospitality|RagePowder,MatchaGotcha,TrickRoom,Protect|Bold|||||50|
|inactive|Battle timer is ON: inactive players will automatically lose when time's up. (requested by prod_axel)
|inactive|prod_axel has 60 seconds left.
|inactive|prod_axel has 30 seconds left.
|inactive|prod_axel has 20 seconds left.
|inactive|prod_axel has 15 seconds left.
|inactive|prod_axel has 10 seconds left.
|inactive|prod_axel has 5 seconds left.
|
|t:|1782234189
|teamsize|p1|4
|teamsize|p2|4
|start
|switch|p1a: Aggron|Aggron, L50, M|100/100
|switch|p1b: Sinistcha|Sinistcha, L50|100/100
|switch|p2a: Delphox|Delphox, L50, F|100/100
|switch|p2b: Sinistcha|Sinistcha, L50|100/100
|turn|1
|inactive|prod_axel has 30 seconds left.
|inactive|prod_axel has 20 seconds left.
|inactive|prod_axel has 15 seconds left.
|inactive|prod_axel has 10 seconds left.
|
|t:|1782234237
|detailschange|p2a: Delphox|Delphox-Mega, L50, F
|-mega|p2a: Delphox|Delphox|Delphoxite
|detailschange|p1a: Aggron|Aggron-Mega, L50, M
|-mega|p1a: Aggron|Aggron|Aggronite
|move|p1a: Aggron|Protect|p1a: Aggron
|-singleturn|p1a: Aggron|Protect
|move|p2a: Delphox|Nasty Plot|p2a: Delphox
|-boost|p2a: Delphox|spa|2
|move|p2b: Sinistcha|Trick Room|p2b: Sinistcha
|-fieldstart|move: Trick Room|[of] p2b: Sinistcha
|move|p1b: Sinistcha|Trick Room|p1b: Sinistcha
|-fieldend|move: Trick Room
|
|upkeep
|turn|2
|inactive|Jasonjam8907 has 30 seconds left.
|inactive|prod_axel has 30 seconds left.
|inactive|prod_axel has 20 seconds left.
|inactive|prod_axel has 15 seconds left.
|
|t:|1782234279
|switch|p1a: Pelipper|Pelipper, L50, M|100/100
|-weather|RainDance|[from] ability: Drizzle|[of] p1a: Pelipper
|move|p2b: Sinistcha|Rage Powder|p2b: Sinistcha
|-singleturn|p2b: Sinistcha|move: Rage Powder
|move|p2a: Delphox|Heat Wave|p1b: Sinistcha|[spread] p1a
|-miss|p2a: Delphox|p1b: Sinistcha
|-resisted|p1a: Pelipper|1
|-damage|p1a: Pelipper|73/100
|-status|p1a: Pelipper|brn
|move|p1b: Sinistcha|Trick Room|p1b: Sinistcha
|-fieldstart|move: Trick Room|[of] p1b: Sinistcha
|
|-weather|RainDance|[upkeep]
|-damage|p1a: Pelipper|67/100 brn|[from] brn
|upkeep
|turn|3
|inactive|Jasonjam8907 has 30 seconds left.
|inactive|prod_axel has 30 seconds left.
|
|t:|1782234304
|switch|p1b: Milotic|Milotic, L50, F|100/100
|move|p2a: Delphox|Protect|p2a: Delphox
|-singleturn|p2a: Delphox|Protect
|move|p1a: Pelipper|Hurricane|p2b: Sinistcha
|-supereffective|p2b: Sinistcha|1
|-damage|p2b: Sinistcha|14/100
|move|p2b: Sinistcha|Trick Room|p2b: Sinistcha
|-fieldend|move: Trick Room
|
|-weather|RainDance|[upkeep]
|-damage|p1a: Pelipper|61/100 brn|[from] brn
|upkeep
|turn|4
|inactive|prod_axel has 30 seconds left.
|
|t:|1782234332
|move|p2b: Sinistcha|Rage Powder|p2b: Sinistcha
|-singleturn|p2b: Sinistcha|move: Rage Powder
|move|p2a: Delphox|Psyshock|p1a: Pelipper
|-damage|p1a: Pelipper|0 fnt
|faint|p1a: Pelipper
|move|p1b: Milotic|Ice Beam|p2b: Sinistcha
|-supereffective|p2b: Sinistcha|1
|-damage|p2b: Sinistcha|0 fnt
|faint|p2b: Sinistcha
|
|-weather|RainDance|[upkeep]
|upkeep
|
|t:|1782234349
|switch|p2b: Kingambit|Kingambit, L50, F|100/100
|switch|p1a: Sinistcha|Sinistcha, L50|100/100
|turn|5
|
|t:|1782234372
|move|p2a: Delphox|Heat Wave|p1b: Milotic|[spread] p1a,p1b
|-supereffective|p1a: Sinistcha|1
|-resisted|p1b: Milotic|1
|-damage|p1a: Sinistcha|29/100
|-damage|p1b: Milotic|86/100
|move|p1b: Milotic|Scald|p2a: Delphox
|-supereffective|p2a: Delphox|1
|-damage|p2a: Delphox|27/100
|move|p2b: Kingambit|Swords Dance|p2b: Kingambit
|-boost|p2b: Kingambit|atk|2
|move|p1a: Sinistcha|Trick Room|p1a: Sinistcha
|-fieldstart|move: Trick Room|[of] p1a: Sinistcha
|
|-weather|RainDance|[upkeep]
|-heal|p1b: Milotic|92/100|[from] item: Leftovers
|upkeep
|turn|6
|inactive|Jasonjam8907 has 30 seconds left.
|
|t:|1782234402
|switch|p1a: Aggron|Aggron-Mega, L50, M|100/100
|move|p1b: Milotic|Protect|p1b: Milotic
|-singleturn|p1b: Milotic|Protect
|move|p2a: Delphox|Protect|p2a: Delphox
|-singleturn|p2a: Delphox|Protect
|move|p2b: Kingambit|Kowtow Cleave|p1a: Aggron
|-damage|p1a: Aggron|45/100
|
|-weather|RainDance|[upkeep]
|-heal|p1b: Milotic|98/100|[from] item: Leftovers
|upkeep
|turn|7
|inactive|prod_axel has 30 seconds left.
|inactive|prod_axel has 20 seconds left.
|inactive|prod_axel has 15 seconds left.
|inactive|prod_axel has 10 seconds left.
|
|t:|1782234449
|switch|p2a: Incineroar|Incineroar, L50, M|100/100
|-ability|p2a: Incineroar|Intimidate|boost
|-unboost|p1a: Aggron|atk|1
|-unboost|p1b: Milotic|atk|1
|-ability|p1b: Milotic|Competitive|boost
|-boost|p1b: Milotic|spa|2
|move|p2b: Kingambit|Sucker Punch|p1a: Aggron
|-damage|p1a: Aggron|0 fnt
|faint|p1a: Aggron
|move|p1b: Milotic|Scald|p2a: Incineroar
|-supereffective|p2a: Incineroar|1
|-damage|p2a: Incineroar|0 fnt
|faint|p2a: Incineroar
|
|-weather|RainDance|[upkeep]
|-heal|p1b: Milotic|100/100|[from] item: Leftovers
|upkeep
|
|t:|1782234463
|switch|p1a: Sinistcha|Sinistcha, L50|29/100
|switch|p2a: Delphox|Delphox-Mega, L50, F|27/100
|turn|8
|
|t:|1782234477
|move|p1b: Milotic|Protect|p1b: Milotic
|-singleturn|p1b: Milotic|Protect
|move|p2a: Delphox|Protect|p2a: Delphox
|-singleturn|p2a: Delphox|Protect
|move|p2b: Kingambit|Kowtow Cleave|p1a: Sinistcha
|-supereffective|p1a: Sinistcha|1
|-enditem|p1a: Sinistcha|Colbur Berry|[eat]
|-enditem|p1a: Sinistcha|Colbur Berry|[weaken]
|-damage|p1a: Sinistcha|0 fnt
|faint|p1a: Sinistcha
|
|-weather|RainDance|[upkeep]
|upkeep
|turn|9
|
|t:|1782234500
|move|p2b: Kingambit|Kowtow Cleave|p1b: Milotic
|-damage|p1b: Milotic|10/100
|move|p1b: Milotic|Scald|p2a: Delphox
|-supereffective|p2a: Delphox|1
|-damage|p2a: Delphox|0 fnt
|faint|p2a: Delphox
|
|-weather|none
|-heal|p1b: Milotic|16/100|[from] item: Leftovers
|-fieldend|move: Trick Room
|upkeep
|turn|10
|
|t:|1782234511
|move|p1b: Milotic|Protect|p1b: Milotic
|-singleturn|p1b: Milotic|Protect
|move|p2b: Kingambit|Kowtow Cleave|p1b: Milotic
|-activate|p1b: Milotic|move: Protect
|
|-heal|p1b: Milotic|22/100|[from] item: Leftovers
|upkeep
|turn|11
|
|t:|1782234522
|move|p1b: Milotic|Recover|p1b: Milotic
|-heal|p1b: Milotic|72/100
|move|p2b: Kingambit|Kowtow Cleave|p1b: Milotic
|-damage|p1b: Milotic|0 fnt
|faint|p1b: Milotic
|
|win|prod_axel
