|j|☆barozj1
|j|☆angusgrind13
|html|barozj1angusgrind13    
|uhtml|bestof|Game 2 of a best-of-3
|t:|1784820881
|gametype|doubles
|player|p1|barozj1|169|1179
|player|p2|angusgrind13|steven|1250
|gen|9
|tier|[Gen 9 Champions] VGC 2026 Reg M-B (Bo3)
|rated|
|rule|Species Clause: Limit one of each Pokémon
|rule|Item Clause: Limit 1 of each item
|clearpoke
|poke|p1|Raichu, L50, M|
|poke|p1|Sinistcha, L50|
|poke|p1|Ceruledge, L50, M|
|poke|p1|Incineroar, L50, F|
|poke|p1|Sneasler, L50, M|
|poke|p1|Froslass, L50, F, shiny|
|poke|p2|Primarina, L50, F|
|poke|p2|Kingambit, L50, M|
|poke|p2|Froslass, L50, F|
|poke|p2|Sneasler, L50, F|
|poke|p2|Lycanroc-Dusk, L50, F|
|poke|p2|Dragonite, L50, M|
|teampreview|4
|showteam|p1|Raichu||RaichuniteY|LightningRod|ZapCannon,FocusBlast,FakeOut,Protect|Timid||M|||50|]Sinistcha||KasibBerry|Hospitality|MatchaGotcha,LifeDew,RagePowder,Protect|Relaxed|||||50|]Ceruledge||ColburBerry|FlashFire|BitterBlade,ShadowSneak,BulkUp,Protect|Adamant||M|||50|]Incineroar||SitrusBerry|Intimidate|FlareBlitz,ThroatChop,FakeOut,PartingShot|Impish||F|||50|]Sneasler||FocusSash|PoisonTouch|FakeOut,CloseCombat,DireClaw,Protect|Jolly||M|||50|]Froslass||Froslassite|CursedBody|Protect,Blizzard,ShadowBall,NastyPlot|Timid||F|||50|
|showteam|p2|Primarina||LifeOrb|LiquidVoice|HyperVoice,Moonblast,Haze,Protect|Modest||F|||50|]Kingambit||BlackGlasses|Defiant|KowtowCleave,SuckerPunch,SwordsDance,Protect|Adamant||M|||50|]Froslass||Froslassite|CursedBody|Blizzard,ShadowBall,AuroraVeil,Protect|Timid||F|||50|]Sneasler||WhiteHerb|Unburden|GunkShot,CloseCombat,FakeOut,Protect|Adamant||F|||50|]Lycanroc-Dusk||FocusSash|ToughClaws|RockSlide,Accelerock,CloseCombat,Protect|Adamant||F|||50|]Dragonite||Dragoninite|Multiscale|DragonPulse,Flamethrower,Tailwind,Protect|Modest||M|||50|
|
|t:|1784820916
|teamsize|p1|4
|teamsize|p2|4
|start
|switch|p1a: Incineroar|Incineroar, L50, F|100/100
|switch|p1b: Froslass|Froslass, L50, F, shiny|100/100
|switch|p2a: Sneasler|Sneasler, L50, F|100/100
|switch|p2b: Lycanroc|Lycanroc-Dusk, L50, F|100/100
|-ability|p1a: Incineroar|Intimidate|boost
|-unboost|p2a: Sneasler|atk|1
|-unboost|p2b: Lycanroc|atk|1
|-enditem|p2a: Sneasler|White Herb
|-clearnegativeboost|p2a: Sneasler|[silent]
|turn|1
|
|t:|1784820947
|switch|p1a: Sneasler|Sneasler, L50, M|100/100
|detailschange|p1b: Froslass|Froslass-Mega, L50, F, shiny
|-mega|p1b: Froslass|Froslass|Froslassite
|-weather|Snowscape|[from] ability: Snow Warning|[of] p1b: Froslass
|move|p2a: Sneasler|Fake Out|p1a: Sneasler
|-damage|p1a: Sneasler|76/100
|move|p1b: Froslass|Nasty Plot|p1b: Froslass
|-boost|p1b: Froslass|spa|2
|move|p2b: Lycanroc|Rock Slide|p1a: Sneasler|[spread] p1a,p1b
|-resisted|p1a: Sneasler|1
|-supereffective|p1b: Froslass|1
|-damage|p1a: Sneasler|59/100
|-damage|p1b: Froslass|65/100
|
|-weather|Snowscape|[upkeep]
|upkeep
|turn|2
|
|t:|1784820974
|move|p2b: Lycanroc|Protect|p2b: Lycanroc
|-singleturn|p2b: Lycanroc|Protect
|move|p1a: Sneasler|Fake Out|p2b: Lycanroc
|-activate|p2b: Lycanroc|move: Protect
|move|p2a: Sneasler|Gunk Shot|p1b: Froslass
|-resisted|p1b: Froslass|1
|-damage|p1b: Froslass|41/100
|move|p1b: Froslass|Nasty Plot|p1b: Froslass
|-boost|p1b: Froslass|spa|2
|
|-weather|Snowscape|[upkeep]
|upkeep
|turn|3
|
|t:|1784820994
|switch|p1a: Incineroar|Incineroar, L50, F|100/100
|-ability|p1a: Incineroar|Intimidate|boost
|-unboost|p2a: Sneasler|atk|1
|-unboost|p2b: Lycanroc|atk|1
|move|p1b: Froslass|Protect|p1b: Froslass
|-singleturn|p1b: Froslass|Protect
|move|p2b: Lycanroc|Accelerock|p1b: Froslass
|-activate|p1b: Froslass|move: Protect
|move|p2a: Sneasler|Close Combat|p1a: Incineroar
|-supereffective|p1a: Incineroar|1
|-damage|p1a: Incineroar|40/100
|-unboost|p2a: Sneasler|def|1
|-unboost|p2a: Sneasler|spd|1
|-enditem|p1a: Incineroar|Sitrus Berry|[eat]
|-heal|p1a: Incineroar|65/100|[from] item: Sitrus Berry
|
|-weather|Snowscape|[upkeep]
|upkeep
|turn|4
|
|t:|1784821005
|move|p1a: Incineroar|Fake Out|p2b: Lycanroc
|-resisted|p2b: Lycanroc|1
|-damage|p2b: Lycanroc|91/100
|move|p2a: Sneasler|Close Combat|p1a: Incineroar
|-supereffective|p1a: Incineroar|1
|-damage|p1a: Incineroar|0 fnt
|-unboost|p2a: Sneasler|def|1
|-unboost|p2a: Sneasler|spd|1
|faint|p1a: Incineroar
|move|p1b: Froslass|Shadow Ball|p2a: Sneasler
|-damage|p2a: Sneasler|0 fnt
|faint|p2a: Sneasler
|cant|p2b: Lycanroc|flinch
|
|-weather|Snowscape|[upkeep]
|upkeep
|
|t:|1784821015
|switch|p2a: Primarina|Primarina, L50, F|100/100
|switch|p1a: Sneasler|Sneasler, L50, M|59/100
|turn|5
|
|t:|1784821026
|move|p2a: Primarina|Protect|p2a: Primarina
|-singleturn|p2a: Primarina|Protect
|move|p2b: Lycanroc|Accelerock|p1b: Froslass
|-supereffective|p1b: Froslass|1
|-damage|p1b: Froslass|19/100
|move|p1b: Froslass|Shadow Ball|p2a: Primarina
|-activate|p2a: Primarina|move: Protect
|move|p1a: Sneasler|Close Combat|p2b: Lycanroc
|-supereffective|p2b: Lycanroc|1
|-damage|p2b: Lycanroc|0 fnt
|-unboost|p1a: Sneasler|def|1
|-unboost|p1a: Sneasler|spd|1
|faint|p2b: Lycanroc
|
|-weather|none
|upkeep
|
|t:|1784821030
|switch|p2b: Dragonite|Dragonite, L50, M|100/100
|turn|6
|
|t:|1784821044
|detailschange|p2b: Dragonite|Dragonite-Mega, L50, M
|-mega|p2b: Dragonite|Dragonite|Dragoninite
|move|p2b: Dragonite|Protect|p2b: Dragonite
|-singleturn|p2b: Dragonite|Protect
|move|p1a: Sneasler|Dire Claw|p2a: Primarina
|-supereffective|p2a: Primarina|1
|-damage|p2a: Primarina|0 fnt
|faint|p2a: Primarina
|move|p1b: Froslass|Blizzard|p2b: Dragonite
|-activate|p2b: Dragonite|move: Protect
|
|upkeep
|turn|7
|
|t:|1784821055
|move|p1a: Sneasler|Dire Claw|p2b: Dragonite
|-damage|p2b: Dragonite|79/100
|move|p1b: Froslass|Blizzard|p2b: Dragonite|[miss]
|-miss|p1b: Froslass|p2b: Dragonite
|move|p2b: Dragonite|Flamethrower|p1b: Froslass
|-supereffective|p1b: Froslass|1
|-damage|p1b: Froslass|0 fnt
|faint|p1b: Froslass
|
|upkeep
|
|t:|1784821060
|switch|p1b: Ceruledge|Ceruledge, L50, M|100/100
|turn|8
|
|t:|1784821074
|move|p1a: Sneasler|Dire Claw|p2b: Dragonite
|-damage|p2b: Dragonite|39/100
|-status|p2b: Dragonite|psn|[from] ability: Poison Touch|[of] p1a: Sneasler
|move|p2b: Dragonite|Dragon Pulse|p1b: Ceruledge
|-damage|p1b: Ceruledge|43/100
|move|p1b: Ceruledge|Bulk Up|p1b: Ceruledge
|-boost|p1b: Ceruledge|atk|1
|-boost|p1b: Ceruledge|def|1
|
|-damage|p2b: Dragonite|27/100 psn|[from] psn
|upkeep
|turn|9
|
|t:|1784821087
|move|p1b: Ceruledge|Shadow Sneak|p2b: Dragonite
|-damage|p2b: Dragonite|0 fnt
|faint|p2b: Dragonite
|
|win|barozj1
|raw|barozj1's rating: 1179 → 1209(+30 for winning)
|raw|angusgrind13's rating: 1250 → 1220(-30 for losing)
|c|☆barozj1|gg
|c|☆angusgrind13|gg
|l|☆angusgrind13
|player|p2|
|j|☆angusgrind13
|player|p2|angusgrind13|steven|
