|j|☆ChrisJHall13
|j|☆the_frantic_franxx
|html|ChrisJHall13the_frantic_franxx    
|uhtml|bestof|Game 2 of a best-of-3
|t:|1784735059
|gametype|doubles
|player|p1|ChrisJHall13|1|1241
|player|p2|the_frantic_franxx|2|1292
|gen|9
|tier|[Gen 9 Champions] VGC 2026 Reg M-B (Bo3)
|rated|
|rule|Species Clause: Limit one of each Pokémon
|rule|Item Clause: Limit 1 of each item
|clearpoke
|poke|p1|Incineroar, L50, M|
|poke|p1|Ninetales-Alola, L50, M|
|poke|p1|Gengar, L50, M|
|poke|p1|Dragonite, L50, M|
|poke|p1|Snorlax, L50, M|
|poke|p1|Scrafty, L50, F|
|poke|p2|Froslass, L50, F|
|poke|p2|Dragonite, L50, M|
|poke|p2|Toxapex, L50, F|
|poke|p2|Sneasler, L50, F|
|poke|p2|Kingambit, L50, F|
|poke|p2|Blaziken, L50, M|
|teampreview|4
|showteam|p1|Incineroar||ShucaBerry|Intimidate|FakeOut,DarkestLariat,Protect,PartingShot|Careful||M|||50|]Ninetales-Alola||FocusSash|SnowWarning|Blizzard,Protect,Encore,Disable|Timid||M|||50|]Gengar||Gengarite|CursedBody|PerishSong,ShadowBall,Protect,SludgeBomb|Modest||M|||50|]Dragonite||LifeOrb|InnerFocus|DragonClaw,ExtremeSpeed,Protect,LowKick|Adamant||M|||50|]Snorlax||Leftovers|ThickFat|Yawn,Fissure,DoubleEdge,Protect|Relaxed||M|||50|]Scrafty||Scraftinite|Intimidate|CloseCombat,KnockOff,FakeOut,Protect|Adamant||F|||50|
|showteam|p2|Froslass||Froslassite|CursedBody|Blizzard,ShadowBall,AuroraVeil,Protect|Timid||F|||50|]Dragonite||LifeOrb|InnerFocus|DragonClaw,ExtremeSpeed,LowKick,Protect|Adamant||M|||50|]Toxapex||Leftovers|Regenerator|Infestation,Toxic,WideGuard,BanefulBunker|Bold||F|||50|]Sneasler||FocusSash|PoisonTouch|CloseCombat,PoisonJab,FakeOut,Protect|Jolly||F|||50|]Kingambit||BlackGlasses|Defiant|KowtowCleave,IronHead,SuckerPunch,Protect|Adamant||F|||50|]Blaziken||Blazikenite|SpeedBoost|CloseCombat,FlareBlitz,RockSlide,Protect|Adamant||M|||50|
|
|t:|1784735081
|teamsize|p1|4
|teamsize|p2|4
|start
|switch|p1a: Gengar|Gengar, L50, M|100/100
|switch|p1b: Scrafty|Scrafty, L50, F|100/100
|switch|p2a: Froslass|Froslass, L50, F|100/100
|switch|p2b: Toxapex|Toxapex, L50, F|100/100
|-ability|p1b: Scrafty|Intimidate|boost
|-unboost|p2a: Froslass|atk|1
|-unboost|p2b: Toxapex|atk|1
|turn|1
|
|t:|1784735129
|switch|p1a: Incineroar|Incineroar, L50, M|100/100
|-ability|p1a: Incineroar|Intimidate|boost
|-unboost|p2a: Froslass|atk|1
|-unboost|p2b: Toxapex|atk|1
|move|p2a: Froslass|Protect|p2a: Froslass
|-singleturn|p2a: Froslass|Protect
|move|p1b: Scrafty|Knock Off|p2a: Froslass
|-activate|p2a: Froslass|move: Protect
|move|p2b: Toxapex|Infestation|p1b: Scrafty
|-damage|p1b: Scrafty|97/100
|-activate|p1b: Scrafty|move: Infestation|[of] p2b: Toxapex
|
|-damage|p1b: Scrafty|84/100|[from] move: Infestation|[partiallytrapped]
|upkeep
|turn|2
|
|t:|1784735150
|detailschange|p2a: Froslass|Froslass-Mega, L50, F
|-mega|p2a: Froslass|Froslass|Froslassite
|-weather|Snowscape|[from] ability: Snow Warning|[of] p2a: Froslass
|move|p2a: Froslass|Blizzard|p1b: Scrafty|[spread] p1a,p1b
|-resisted|p1a: Incineroar|1
|-damage|p1a: Incineroar|85/100
|-damage|p1b: Scrafty|50/100y
|-status|p1b: Scrafty|frz
|cant|p1b: Scrafty|frz
|move|p1a: Incineroar|Parting Shot|p2a: Froslass
|-unboost|p2a: Froslass|atk|1
|-unboost|p2a: Froslass|spa|1
|c|☆the_frantic_franxx|sorry for the freexe
|
|t:|1784735163
|switch|p1a: Snorlax|Snorlax, L50, M|100/100|[from] Parting Shot
|move|p2b: Toxapex|Toxic||[still]
|-fail|p2b: Toxapex
|
|-weather|Snowscape|[upkeep]
|-damage|p1b: Scrafty|37/100 frz|[from] move: Infestation|[partiallytrapped]
|upkeep
|turn|3
|
|t:|1784735174
|move|p2a: Froslass|Aurora Veil|p2a: Froslass
|-sidestart|p2: the_frantic_franxx|move: Aurora Veil
|-curestatus|p1b: Scrafty|frz|[msg]
|move|p1b: Scrafty|Knock Off|p2a: Froslass
|-supereffective|p2a: Froslass|1
|-damage|p2a: Froslass|73/100
|move|p2b: Toxapex|Toxic|p1a: Snorlax
|-status|p1a: Snorlax|tox
|move|p1a: Snorlax|Yawn|p2a: Froslass
|-start|p2a: Froslass|move: Yawn|[of] p1a: Snorlax
|
|-weather|Snowscape|[upkeep]
|-damage|p1a: Snorlax|94/100 tox|[from] psn
|-damage|p1b: Scrafty|25/100|[from] move: Infestation|[partiallytrapped]
|upkeep
|turn|4
|
|t:|1784735194
|switch|p2a: Sneasler|Sneasler, L50, F|100/100
|move|p1b: Scrafty|Knock Off|p2b: Toxapex
|-damage|p2b: Toxapex|84/100
|-enditem|p2b: Toxapex|Leftovers|[from] move: Knock Off|[of] p1b: Scrafty
|move|p2b: Toxapex|Infestation|p1a: Snorlax
|-damage|p1a: Snorlax|92/100 tox
|-activate|p1a: Snorlax|move: Infestation|[of] p2b: Toxapex
|move|p1a: Snorlax|Yawn|p2b: Toxapex
|-start|p2b: Toxapex|move: Yawn|[of] p1a: Snorlax
|
|-weather|Snowscape|[upkeep]
|-heal|p1a: Snorlax|98/100 tox|[from] item: Leftovers
|-damage|p1a: Snorlax|86/100 tox|[from] psn
|-damage|p1b: Scrafty|13/100|[from] move: Infestation|[partiallytrapped]
|-damage|p1a: Snorlax|74/100 tox|[from] move: Infestation|[partiallytrapped]
|upkeep
|turn|5
|
|t:|1784735213
|-heal|p2b: Toxapex|100/100|[from] ability: Regenerator|[silent]
|switch|p2b: Kingambit|Kingambit, L50, F|100/100
|move|p2a: Sneasler|Fake Out|p1b: Scrafty
|-crit|p1b: Scrafty
|-damage|p1b: Scrafty|0 fnt
|faint|p1b: Scrafty
|move|p1a: Snorlax|Yawn|p2b: Kingambit
|-start|p2b: Kingambit|move: Yawn|[of] p1a: Snorlax
|
|-weather|Snowscape|[upkeep]
|-heal|p1a: Snorlax|80/100 tox|[from] item: Leftovers
|-damage|p1a: Snorlax|62/100 tox|[from] psn
|-end|p1a: Snorlax|Infestation|[partiallytrapped]|[silent]
|upkeep
|
|t:|1784735225
|switch|p1b: Gengar|Gengar, L50, M|100/100
|turn|6
|
|t:|1784735240
|switch|p2b: Toxapex|Toxapex, L50, F|100/100
|detailschange|p1b: Gengar|Gengar-Mega, L50, M
|-mega|p1b: Gengar|Gengar|Gengarite
|move|p2a: Sneasler|Close Combat|p1a: Snorlax
|-supereffective|p1a: Snorlax|1
|-damage|p1a: Snorlax|0 fnt
|-unboost|p2a: Sneasler|def|1
|-unboost|p2a: Sneasler|spd|1
|faint|p1a: Snorlax
|move|p1b: Gengar|Perish Song|p1b: Gengar
|-start|p1b: Gengar|perish3|[silent]
|-start|p2a: Sneasler|perish3|[silent]
|-start|p2b: Toxapex|perish3|[silent]
|-fieldactivate|move: Perish Song
|
|-weather|none
|-start|p2a: Sneasler|perish3
|-start|p1b: Gengar|perish3
|-start|p2b: Toxapex|perish3
|upkeep
|-message|ChrisJHall13 forfeited.
|
|win|the_frantic_franxx
|l|☆ChrisJHall13
|player|p1|
||ChrisJHall13 is ready for game 3.
||the_frantic_franxx is ready for game 3.
|uhtml|next|Next: Game 3 of 3
|l|☆the_frantic_franxx
|player|p2|
|j|☆ChrisJHall13
|player|p1|ChrisJHall13|1|
