|j|☆carmelotb
|j|☆tajinvgc
|html|carmelotbtajinvgc    
|uhtml|bestof|Game 2 of a best-of-3
|t:|1784332186
|gametype|doubles
|player|p1|carmelotb|pilot|1092
|player|p2|tajinvgc|palmer|1145
|gen|9
|tier|[Gen 9 Champions] VGC 2026 Reg M-B (Bo3)
|rated|
|rule|Species Clause: Limit one of each Pokémon
|rule|Item Clause: Limit 1 of each item
|clearpoke
|poke|p1|Whimsicott, L50, F|
|poke|p1|Sceptile, L50, M|
|poke|p1|Rotom-Wash, L50|
|poke|p1|Charizard, L50, M|
|poke|p1|Excadrill, L50, M|
|poke|p1|Salazzle, L50, F|
|poke|p2|Venusaur, L50, F, shiny|
|poke|p2|Charizard, L50, F, shiny|
|poke|p2|Pelipper, L50, M, shiny|
|poke|p2|Grimmsnarl, L50, M, shiny|
|poke|p2|Archaludon, L50, M, shiny|
|poke|p2|Basculegion, L50, M|
|teampreview|4
|showteam|p1|Whimsicott||MentalHerb|Prankster|GrassyTerrain,EnergyBall,Tailwind,SunnyDay|Timid||F|||50|]Sceptile||Sceptilite|Overgrow|EarthPower,Substitute,GigaDrain,DragonPulse|Timid||M|||50|]Rotom-Wash||Magnet|Levitate|Discharge,HydroPump,VoltSwitch,Protect|Modest|||||50|]Charizard||CharizarditeX|Blaze|Protect,DragonDance,DragonClaw,FlareBlitz|Jolly||M|||50|]Excadrill||ChoiceScarf|MoldBreaker|Earthquake,IronHead,RockSlide,DrillRun|Adamant||M|||50|]Salazzle||FocusSash|Corrosion|FakeOut,SludgeBomb,Overheat,Toxic|Timid||F|||50|
|showteam|p2|Venusaur||FocusSash|Chlorophyll|Protect,SludgeBomb,EarthPower,SleepPowder|Modest||F|||50|]Charizard||CharizarditeY|Blaze|Protect,HeatWave,WeatherBall,SolarBeam|Modest||F|||50|]Pelipper||SitrusBerry|Drizzle|Hurricane,Tailwind,WeatherBall,WideGuard|Modest||M|||50|]Grimmsnarl||LightClay|Prankster|SpiritBreak,Reflect,LightScreen,PartingShot|Sassy||M|||50|]Archaludon||Leftovers|Stamina|ElectroShot,Protect,DragonPulse,FlashCannon|Calm||M|||50|]Basculegion||ChoiceScarf|Adaptability|WaveCrash,AquaJet,FlipTurn,LastRespects|Jolly||M|||50|
|inactive|Battle timer is ON: inactive players will automatically lose when time's up. (requested by tajinvgc)
|inactive|tajinvgc has 60 seconds left.
|inactive|carmelotb has 60 seconds left.
|
|t:|1784332241
|teamsize|p1|4
|teamsize|p2|4
|start
|switch|p1a: Whimsicott|Whimsicott, L50, F|100/100
|switch|p1b: Sceptile|Sceptile, L50, M|100/100
|switch|p2a: Venusaur|Venusaur, L50, F, shiny|100/100
|switch|p2b: Grimmsnarl|Grimmsnarl, L50, M, shiny|100/100
|turn|1
|
|t:|1784332264
|detailschange|p1b: Sceptile|Sceptile-Mega, L50, M
|-mega|p1b: Sceptile|Sceptile|Sceptilite
|move|p1a: Whimsicott|Tailwind|p1a: Whimsicott
|-sidestart|p1: carmelotb|move: Tailwind
|move|p2b: Grimmsnarl|Light Screen|p2b: Grimmsnarl
|-sidestart|p2: tajinvgc|move: Light Screen
|move|p1b: Sceptile|Substitute|p1b: Sceptile
|-start|p1b: Sceptile|Substitute
|-damage|p1b: Sceptile|75/100
|move|p2a: Venusaur|Sludge Bomb|p1b: Sceptile
|-supereffective|p1b: Sceptile|1
|-end|p1b: Sceptile|Substitute
|
|upkeep
|turn|2
|
|t:|1784332279
|switch|p1b: Excadrill|Excadrill, L50, M|100/100
|-ability|p1b: Excadrill|Mold Breaker
|move|p1a: Whimsicott|Grassy Terrain|p1a: Whimsicott
|-fieldstart|move: Grassy Terrain
|move|p2a: Venusaur|Sludge Bomb|p1b: Excadrill
|-immune|p1b: Excadrill
|move|p2b: Grimmsnarl|Spirit Break|p1b: Excadrill
|-resisted|p1b: Excadrill|1
|-damage|p1b: Excadrill|77/100
|-unboost|p1b: Excadrill|spa|1
|
|-heal|p1b: Excadrill|82/100|[from] Grassy Terrain
|upkeep
|turn|3
|inactive|carmelotb has 30 seconds left.
|inactive|tajinvgc has 30 seconds left.
|
|t:|1784332312
|move|p2b: Grimmsnarl|Reflect|p2b: Grimmsnarl
|-sidestart|p2: tajinvgc|Reflect
|move|p1b: Excadrill|Iron Head|p2b: Grimmsnarl
|-supereffective|p2b: Grimmsnarl|1
|-damage|p2b: Grimmsnarl|30/100
|move|p1a: Whimsicott|Energy Ball|p2b: Grimmsnarl
|-damage|p2b: Grimmsnarl|2/100
|move|p2a: Venusaur|Earth Power|p1b: Excadrill
|-supereffective|p1b: Excadrill|1
|-damage|p1b: Excadrill|4/100
|
|-heal|p1b: Excadrill|10/100|[from] Grassy Terrain
|-heal|p2b: Grimmsnarl|8/100|[from] Grassy Terrain
|upkeep
|turn|4
|
|t:|1784332334
|switch|p2b: Charizard|Charizard, L50, F, shiny|100/100
|move|p1b: Excadrill|Iron Head|p2a: Venusaur
|-damage|p2a: Venusaur|56/100
|move|p1a: Whimsicott|Energy Ball|p2b: Charizard
|-resisted|p2b: Charizard|2
|-damage|p2b: Charizard|91/100
|cant|p2a: Venusaur|flinch
|
|-heal|p1b: Excadrill|16/100|[from] Grassy Terrain
|-heal|p2a: Venusaur|62/100|[from] Grassy Terrain
|-sideend|p1: carmelotb|move: Tailwind
|upkeep
|turn|5
|inactive|tajinvgc has 30 seconds left.
|
|t:|1784332360
|switch|p2a: Grimmsnarl|Grimmsnarl, L50, M, shiny|8/100
|detailschange|p2b: Charizard|Charizard-Mega-Y, L50, F, shiny
|-mega|p2b: Charizard|Charizard|Charizardite Y
|-weather|SunnyDay|[from] ability: Drought|[of] p2b: Charizard
|move|p1a: Whimsicott|Tailwind|p1a: Whimsicott
|-sidestart|p1: carmelotb|move: Tailwind
|move|p1b: Excadrill|Iron Head|p2b: Charizard
|-resisted|p2b: Charizard|1
|-damage|p2b: Charizard|76/100
|move|p2b: Charizard|Heat Wave|p1a: Whimsicott|[spread] p1a,p1b
|-supereffective|p1a: Whimsicott|1
|-supereffective|p1b: Excadrill|1
|-damage|p1a: Whimsicott|0 fnt
|-damage|p1b: Excadrill|0 fnt
|faint|p1a: Whimsicott
|faint|p1b: Excadrill
|
|-weather|SunnyDay|[upkeep]
|-heal|p2a: Grimmsnarl|14/100|[from] Grassy Terrain
|upkeep
|
|t:|1784332373
|switch|p1a: Rotom|Rotom-Wash, L50|100/100
|switch|p1b: Sceptile|Sceptile-Mega, L50, M|75/100
|turn|6
|inactive|tajinvgc has 30 seconds left.
|inactive|tajinvgc has 20 seconds left.
|inactive|tajinvgc has 15 seconds left.
|inactive|tajinvgc has 10 seconds left.
|
|t:|1784332420
|move|p2b: Charizard|Protect|p2b: Charizard
|-singleturn|p2b: Charizard|Protect
|move|p2a: Grimmsnarl|Parting Shot|p1b: Sceptile
|-unboost|p1b: Sceptile|atk|1
|-unboost|p1b: Sceptile|spa|1
|
|t:|1784332428
|switch|p2a: Venusaur|Venusaur, L50, F, shiny|62/100|[from] Parting Shot
|move|p1b: Sceptile|Substitute|p1b: Sceptile
|-start|p1b: Sceptile|Substitute
|-damage|p1b: Sceptile|51/100
|move|p1a: Rotom|Discharge|p2a: Venusaur|[spread] p2a
|-activate|p2b: Charizard|move: Protect
|-ability|p1b: Sceptile|Lightning Rod|boost
|-boost|p1b: Sceptile|spa|1
|-resisted|p2a: Venusaur|1
|-damage|p2a: Venusaur|50/100g
|
|-weather|SunnyDay|[upkeep]
|-heal|p1b: Sceptile|57/100|[from] Grassy Terrain
|-heal|p2a: Venusaur|56/100|[from] Grassy Terrain
|-fieldend|move: Grassy Terrain
|upkeep
|turn|7
|
|t:|1784332453
|move|p1b: Sceptile|Earth Power|p2a: Venusaur
|-damage|p2a: Venusaur|28/100
|move|p2a: Venusaur|Sleep Powder|p1a: Rotom
|-status|p1a: Rotom|slp|[from] move: Sleep Powder
|cant|p1a: Rotom|slp
|move|p2b: Charizard|Heat Wave|p1b: Sceptile|[spread] p1a,p1b
|-end|p1b: Sceptile|Substitute
|-resisted|p1a: Rotom|1
|-damage|p1a: Rotom|71/100 slp
|
|-weather|SunnyDay|[upkeep]
|upkeep
|turn|8
|inactive|tajinvgc has 30 seconds left.
|
|t:|1784332480
|switch|p2b: Grimmsnarl|Grimmsnarl, L50, M, shiny|14/100
|move|p1b: Sceptile|Substitute|p1b: Sceptile
|-start|p1b: Sceptile|Substitute
|-damage|p1b: Sceptile|32/100
|move|p2a: Venusaur|Sludge Bomb|p1b: Sceptile
|-supereffective|p1b: Sceptile|1
|-end|p1b: Sceptile|Substitute
|cant|p1a: Rotom|slp
|
|-weather|SunnyDay|[upkeep]
|-sideend|p2: tajinvgc|move: Light Screen
|-sideend|p1: carmelotb|move: Tailwind
|upkeep
|turn|9
|
|t:|1784332505
|move|p2a: Venusaur|Sludge Bomb|p1b: Sceptile
|-supereffective|p1b: Sceptile|1
|-damage|p1b: Sceptile|0 fnt
|faint|p1b: Sceptile
|-curestatus|p1a: Rotom|slp|[msg]
|move|p1a: Rotom|Discharge|p2a: Venusaur|[spread] p2a,p2b
|-resisted|p2a: Venusaur|1
|-damage|p2a: Venusaur|10/100
|-damage|p2b: Grimmsnarl|0 fnt
|faint|p2b: Grimmsnarl
|
|-weather|none
|upkeep
|
|t:|1784332516
|switch|p2b: Charizard|Charizard-Mega-Y, L50, F, shiny|76/100
|-weather|SunnyDay|[from] ability: Drought|[of] p2b: Charizard
|turn|10
|
|t:|1784332523
|move|p2a: Venusaur|Sludge Bomb|p1a: Rotom
|-damage|p1a: Rotom|29/100
|move|p2b: Charizard|Solar Beam||[still]
|-prepare|p2b: Charizard|Solar Beam
|-anim|p2b: Charizard|Solar Beam|p1a: Rotom
|-supereffective|p1a: Rotom|1
|-damage|p1a: Rotom|0 fnt
|faint|p1a: Rotom
|
|win|tajinvgc
|l|☆carmelotb
|player|p1|
||carmelotb is ready for game 3.
|inactive|tajinvgc has 30 seconds to confirm battle start!
