|j|☆SuperPokeVGC
|j|☆dnut1
|html|SuperPokeVGCdnut1    
|uhtml|bestof|Game 2 of a best-of-3
|t:|1756413643
|gametype|doubles
|player|p1|SuperPokeVGC|ltsurge|1129
|player|p2|dnut1|266|1204
|gen|9
|tier|[Gen 9] VGC 2025 Reg H (Bo3)
|rated|
|rule|Species Clause: Limit one of each Pokémon
|rule|Item Clause: Limit 1 of each item
|clearpoke
|poke|p1|Tyranitar, L50, F|
|poke|p1|Garchomp, L50, M|
|poke|p1|Gholdengo, L50|
|poke|p1|Sinistcha, L50|
|poke|p1|Yanmega, L50, F|
|poke|p1|Arcanine, L50, F|
|poke|p2|Indeedee-F, L50, F|
|poke|p2|Hatterene, L50, F|
|poke|p2|Gallade, L50, M|
|poke|p2|Ursaluna, L50, M|
|poke|p2|Lilligant-Hisui, L50, F|
|poke|p2|Torkoal, L50, M|
|teampreview|4
|showteam|p1|Tyranitar||LifeOrb|SandStream|KnockOff,RockSlide,TeraBlast,Protect|||F|||50|,,,,,Flying]Garchomp||ClearAmulet|SandVeil|DragonClaw,StompingTantrum,Earthquake,Protect|||M|||50|,,,,,Fire]Gholdengo||Leftovers|GoodasGold|MakeItRain,ShadowBall,NastyPlot,Protect||||||50|,,,,,Water]Sinistcha||SitrusBerry|Hospitality|RagePowder,MatchaGotcha,TrickRoom,Protect||||||50|,,,,,Water]Yanmega||FocusSash|SpeedBoost|Tailwind,AirSlash,BugBuzz,Detect|||F|||50|,,,,,Ghost]Arcanine||MirrorHerb|Intimidate|ExtremeSpeed,FlareBlitz,WillOWisp,Protect|||F|||50|,,,,,Normal
|showteam|p2|Indeedee-F||PsychicSeed|PsychicSurge|TrickRoom,FollowMe,HelpingHand,Psyshock|||F|||50|,,,,,Fire]Hatterene||LifeOrb|MagicBounce|ExpandingForce,TrickRoom,DazzlingGleam,Protect|||F|||50|,,,,,Psychic]Gallade||ClearAmulet|Sharpness|PsychoCut,TrickRoom,SacredSword,WideGuard|||M|||50|,,,,,Grass]Ursaluna||FlameOrb|Guts|HeadlongRush,Facade,SwordsDance,Protect|||M|||50|,,,,,Ghost]Lilligant-Hisui||FocusSash|Chlorophyll|SolarBlade,SleepPowder,CloseCombat,AfterYou|||F|||50|,,,,,Ghost]Torkoal||ChoiceSpecs|Drought|Eruption,HeatWave,WeatherBall,EarthPower|||M|||50|,,,,,Fire
|inactive|Battle timer is ON: inactive players will automatically lose when time's up. (requested by SuperPokeVGC)
|
|t:|1756413664
|teamsize|p1|4
|teamsize|p2|4
|start
|switch|p1a: Yanmega|Yanmega, L50, F, shiny|100/100
|switch|p1b: Garchomp|Garchomp, L50, M|100/100
|switch|p2a: Indeedee|Indeedee-F, L50, F, shiny|100/100
|switch|p2b: Gallade|Gallade, L50, M, shiny|100/100
|-fieldstart|move: Psychic Terrain|[from] ability: Psychic Surge|[of] p2a: Indeedee
|-enditem|p2a: Indeedee|Psychic Seed
|-boost|p2a: Indeedee|spd|1|[from] item: Psychic Seed
|turn|1
|
|t:|1756413678
|move|p1b: Garchomp|Dragon Claw|p2b: Gallade
|-damage|p2b: Gallade|40/100
|move|p1a: Yanmega|Bug Buzz|p2b: Gallade
|-damage|p2b: Gallade|0 fnt
|faint|p2b: Gallade
|move|p2a: Indeedee|Trick Room|p2a: Indeedee
|-fieldstart|move: Trick Room|[of] p2a: Indeedee
|
|-ability|p1a: Yanmega|Speed Boost|boost
|-boost|p1a: Yanmega|spe|1
|upkeep
|
|t:|1756413687
|switch|p2b: Hatterene|Hatterene, L50, F, shiny|100/100
|turn|2
|
|t:|1756413697
|-terastallize|p1b: Garchomp|Fire
|move|p2b: Hatterene|Dazzling Gleam|p1b: Garchomp|[spread] p1a,p1b
|-resisted|p1b: Garchomp
|-damage|p1a: Yanmega|16/100
|-damage|p1b: Garchomp|75/100
|-damage|p2b: Hatterene|91/100|[from] item: Life Orb
|move|p2a: Indeedee|Psyshock|p1a: Yanmega
|-damage|p1a: Yanmega|0 fnt
|faint|p1a: Yanmega
|move|p1b: Garchomp|Earthquake|p2a: Indeedee|[spread] p2a,p2b
|-damage|p2a: Indeedee|60/100
|-damage|p2b: Hatterene|48/100
|
|upkeep
|inactive|SuperPokeVGC has 30 seconds left.
|
|t:|1756413725
|switch|p1a: Tyranitar|Tyranitar, L50, F|100/100
|-weather|Sandstorm|[from] ability: Sand Stream|[of] p1a: Tyranitar
|turn|3
|
|t:|1756413741
|move|p2a: Indeedee|Helping Hand|p2b: Hatterene
|-singleturn|p2b: Hatterene|Helping Hand|[of] p2a: Indeedee
|move|p1a: Tyranitar|Protect|p1a: Tyranitar
|-singleturn|p1a: Tyranitar|Protect
|move|p2b: Hatterene|Dazzling Gleam|p1b: Garchomp|[spread] p1b
|-activate|p1a: Tyranitar|move: Protect
|-resisted|p1b: Garchomp
|-damage|p1b: Garchomp|40/100
|-damage|p2b: Hatterene|38/100|[from] item: Life Orb
|move|p1b: Garchomp|Stomping Tantrum|p2b: Hatterene
|-damage|p2b: Hatterene|0 fnt
|faint|p2b: Hatterene
|
|-weather|Sandstorm|[upkeep]
|-damage|p2a: Indeedee|54/100|[from] Sandstorm
|upkeep
|
|t:|1756413746
|switch|p2b: Ursaluna|Ursaluna, L50, M, shiny|100/100
|turn|4
|
|t:|1756413759
|switch|p1a: Sinistcha|Sinistcha, L50|100/100
|-heal|p1b: Garchomp|65/100|[from] ability: Hospitality|[of] p1a: Sinistcha
|move|p1b: Garchomp|Protect|p1b: Garchomp
|-singleturn|p1b: Garchomp|Protect
|move|p2a: Indeedee|Follow Me|p2a: Indeedee
|-singleturn|p2a: Indeedee|move: Follow Me
|move|p2b: Ursaluna|Headlong Rush|p1a: Sinistcha
|-resisted|p1a: Sinistcha
|-damage|p1a: Sinistcha|67/100
|-unboost|p2b: Ursaluna|def|1
|-unboost|p2b: Ursaluna|spd|1
|
|-weather|Sandstorm|[upkeep]
|-damage|p1a: Sinistcha|61/100|[from] Sandstorm
|-damage|p2a: Indeedee|47/100|[from] Sandstorm
|-status|p2b: Ursaluna|brn|[from] item: Flame Orb
|upkeep
|turn|5
|
|t:|1756413781
|move|p2b: Ursaluna|Headlong Rush|p1b: Garchomp
|-supereffective|p1b: Garchomp
|-damage|p1b: Garchomp|0 fnt
|-unboost|p2b: Ursaluna|def|1
|-unboost|p2b: Ursaluna|spd|1
|faint|p1b: Garchomp
|move|p1a: Sinistcha|Matcha Gotcha|p2a: Indeedee|[spread] p2a,p2b
|-supereffective|p2b: Ursaluna
|-damage|p2a: Indeedee|32/100
|-heal|p1a: Sinistcha|69/100|[from] drain|[of] p2a: Indeedee
|-damage|p2b: Ursaluna|9/100 brn
|-heal|p1a: Sinistcha|100/100|[from] drain|[of] p2b: Ursaluna
|move|p2a: Indeedee|Psyshock|p1a: Sinistcha
|-damage|p1a: Sinistcha|71/100
|
|-weather|Sandstorm|[upkeep]
|-damage|p1a: Sinistcha|65/100|[from] Sandstorm
|-damage|p2a: Indeedee|26/100|[from] Sandstorm
|-damage|p2b: Ursaluna|3/100 brn|[from] brn
|-fieldend|move: Trick Room
|-fieldend|move: Psychic Terrain
|upkeep
|-message|dnut1 forfeited.
|
|win|SuperPokeVGC
|raw|SuperPokeVGC's rating: 1129 → 1159(+30 for winning)
|raw|dnut1's rating: 1204 → 1174(-30 for losing)
|l|☆dnut1
|player|p2|
