|j|☆The Bradicus
|j|☆babysha
|html|The Bradicusbabysha    
|uhtml|bestof|Game 2 of a best-of-3
|t:|1783887937
|gametype|doubles
|player|p1|The Bradicus|richboy-gen6xy|1000
|player|p2|babysha|102|1060
|gen|9
|tier|[Gen 9 Champions] VGC 2026 Reg M-B (Bo3)
|rated|
|rule|Species Clause: Limit one of each Pokémon
|rule|Item Clause: Limit 1 of each item
|clearpoke
|poke|p1|Annihilape, L50, M|
|poke|p1|Malamar, L50, M|
|poke|p1|Blastoise, L50, F|
|poke|p1|Incineroar, L50, F|
|poke|p1|Glimmora, L50, F|
|poke|p1|Whimsicott, L50, M|
|poke|p2|Sneasler, L50, F|
|poke|p2|Floette-Eternal, L50, F|
|poke|p2|Aerodactyl, L50, M|
|poke|p2|Pelipper, L50, F|
|poke|p2|Toxicroak, L50, M|
|poke|p2|Lycanroc-Dusk, L50, M|
|teampreview|4
|showteam|p1|Annihilape||ChoiceScarf|Defiant|CloseCombat,ShadowClaw,IcePunch,Uturn|Adamant||M|||50|]Malamar||Malamarite|Contrary|Superpower,KnockOff,PsychoCut,Protect|Adamant||M|||50|]Blastoise||WideLens|Torrent|MuddyWater,IceBeam,FakeOut,FlipTurn|Calm||F|||50|]Incineroar||SitrusBerry|Intimidate|FlareBlitz,DarkestLariat,FakeOut,PartingShot|Impish||F|||50|]Glimmora||Glimmoranite|ToxicDebris|SludgeBomb,PowerGem,DazzlingGleam,SpikyShield|Timid||F|||50|]Whimsicott||FocusSash|Prankster|Moonblast,FakeTears,Tailwind,Protect|Timid||M|||50|
|showteam|p2|Sneasler||ShucaBerry|PoisonTouch|FakeOut,DireClaw,CloseCombat,Protect|Jolly||F|||50|]Floette-Eternal||Floettite|FlowerVeil|CalmMind,LightofRuin,Moonblast,Protect|Timid||F|||50|]Aerodactyl||Aerodactylite|Unnerve|Tailwind,DualWingbeat,RockSlide,WideGuard|Jolly||M|||50|]Pelipper||SharpBeak|Drizzle|Tailwind,Hurricane,WeatherBall,WideGuard|Modest||F|||50|]Toxicroak||LifeOrb|PoisonTouch|PoisonJab,CloseCombat,SuckerPunch,Protect|Jolly||M|||50|]Lycanroc-Dusk||FocusSash|ToughClaws|Accelerock,CloseCombat,RockSlide,Protect|Jolly||M|||50|
|inactive|Battle timer is ON: inactive players will automatically lose when time's up. (requested by babysha)
|inactive|The Bradicus also wants the timer to be on.
|inactive|The Bradicus has 60 seconds left.
|
|t:|1783887975
|teamsize|p1|4
|teamsize|p2|4
|start
|switch|p1a: Whimsicott|Whimsicott, L50, M|100/100
|switch|p1b: Incineroar|Incineroar, L50, F|100/100
|switch|p2a: Lycanroc|Lycanroc-Dusk, L50, M|100/100
|switch|p2b: Toxicroak|Toxicroak, L50, M|100/100
|-ability|p1b: Incineroar|Intimidate|boost
|-unboost|p2a: Lycanroc|atk|1
|-unboost|p2b: Toxicroak|atk|1
|turn|1
|
|t:|1783887993
|move|p1b: Incineroar|Fake Out|p2b: Toxicroak
|-damage|p2b: Toxicroak|82/100
|move|p1a: Whimsicott|Tailwind|p1a: Whimsicott
|-sidestart|p1: The Bradicus|move: Tailwind
|move|p2a: Lycanroc|Close Combat|p1b: Incineroar
|-supereffective|p1b: Incineroar|1
|-damage|p1b: Incineroar|43/100
|-unboost|p2a: Lycanroc|def|1
|-unboost|p2a: Lycanroc|spd|1
|-enditem|p1b: Incineroar|Sitrus Berry|[eat]
|-heal|p1b: Incineroar|67/100|[from] item: Sitrus Berry
|cant|p2b: Toxicroak|flinch
|
|upkeep
|turn|2
|inactive|The Bradicus has 30 seconds left.
|inactive|The Bradicus has 20 seconds left.
|
|t:|1783888030
|switch|p1a: Glimmora|Glimmora, L50, F|100/100
|move|p2a: Lycanroc|Close Combat|p1b: Incineroar
|-supereffective|p1b: Incineroar|1
|-damage|p1b: Incineroar|17/100
|-unboost|p2a: Lycanroc|def|1
|-unboost|p2a: Lycanroc|spd|1
|move|p1b: Incineroar|Flare Blitz|p2b: Toxicroak
|-damage|p2b: Toxicroak|1/100
|-damage|p1b: Incineroar|0 fnt|[from] Recoil
|faint|p1b: Incineroar
|move|p2b: Toxicroak|Poison Jab|p1a: Glimmora
|-resisted|p1a: Glimmora|2
|-damage|p1a: Glimmora|89/100
|-activate|p1a: Glimmora|ability: Toxic Debris
|-sidestart|p2: babysha|move: Toxic Spikes
|-damage|p2b: Toxicroak|0 fnt|[from] item: Life Orb
|faint|p2b: Toxicroak
|
|upkeep
|inactive|babysha has 30 seconds left.
|
|t:|1783888063
|switch|p2b: Aerodactyl|Aerodactyl, L50, M|100/100
|switch|p1b: Blastoise|Blastoise, L50, F|100/100
|-ability|p2b: Aerodactyl|Unnerve
|turn|3
|
|t:|1783888079
|detailschange|p1a: Glimmora|Glimmora-Mega, L50, F
|-mega|p1a: Glimmora|Glimmora|Glimmoranite
|move|p1b: Blastoise|Fake Out|p2b: Aerodactyl
|-resisted|p2b: Aerodactyl|1
|-crit|p2b: Aerodactyl
|-damage|p2b: Aerodactyl|91/100
|cant|p2b: Aerodactyl|flinch
|move|p1a: Glimmora|Power Gem|p2b: Aerodactyl
|-supereffective|p2b: Aerodactyl|1
|-damage|p2b: Aerodactyl|0 fnt
|faint|p2b: Aerodactyl
|move|p2a: Lycanroc|Close Combat|p1a: Glimmora
|-damage|p1a: Glimmora|55/100
|-unboost|p2a: Lycanroc|def|1
|-unboost|p2a: Lycanroc|spd|1
|
|upkeep
|
|t:|1783888089
|switch|p2b: Floette|Floette-Eternal, L50, F|100/100
|-status|p2b: Floette|psn
|turn|4
|
|t:|1783888105
|move|p2a: Lycanroc|Protect|p2a: Lycanroc
|-singleturn|p2a: Lycanroc|Protect
|move|p2b: Floette|Protect|p2b: Floette
|-singleturn|p2b: Floette|Protect
|move|p1a: Glimmora|Sludge Bomb|p2b: Floette
|-activate|p2b: Floette|move: Protect
|move|p1b: Blastoise|Flip Turn|p2a: Lycanroc
|-activate|p2a: Lycanroc|move: Protect
|
|-damage|p2b: Floette|88/100 psn|[from] psn
|-sideend|p1: The Bradicus|move: Tailwind
|upkeep
|turn|5
|
|t:|1783888124
|detailschange|p2b: Floette|Floette-Mega, L50, F
|-mega|p2b: Floette|Floette|Floettite
|-ability|p2b: Floette|Fairy Aura
|move|p1a: Glimmora|Spiky Shield|p1a: Glimmora
|-singleturn|p1a: Glimmora|move: Protect
|move|p2a: Lycanroc|Close Combat|p1a: Glimmora
|-activate|p1a: Glimmora|move: Protect
|-damage|p2a: Lycanroc|88/100|[from] Spiky Shield|[of] p1a: Glimmora
|move|p2b: Floette|Light of Ruin|p1a: Glimmora
|-activate|p1a: Glimmora|move: Protect
|move|p1b: Blastoise|Flip Turn|p2a: Lycanroc
|-supereffective|p2a: Lycanroc|1
|-damage|p2a: Lycanroc|0 fnt
|faint|p2a: Lycanroc
|
|t:|1783888138
|switch|p1b: Whimsicott|Whimsicott, L50, M|100/100|[from] Flip Turn
|
|-damage|p2b: Floette|76/100 psn|[from] psn
|upkeep
|turn|6
|
|t:|1783888154
|move|p1b: Whimsicott|Tailwind|p1b: Whimsicott
|-sidestart|p1: The Bradicus|move: Tailwind
|move|p1a: Glimmora|Sludge Bomb|p2b: Floette
|-supereffective|p2b: Floette|1
|-damage|p2b: Floette|0 fnt
|faint|p2b: Floette
|
|win|The Bradicus
||babysha is ready for game 3.
||The Bradicus is ready for game 3.
|uhtml|next|Next: Game 3 of 3
