|j|☆DeluToto
|j|☆Tacos4VGC
|html|DeluTotoTacos4VGC    
|uhtml|bestof|Game 1 of a best-of-3
|t:|1756309196
|gametype|doubles
|player|p1|DeluToto|lenora|1072
|player|p2|Tacos4VGC|cyclist|1000
|gen|9
|tier|[Gen 9] VGC 2025 Reg H (Bo3)
|rated|
|rule|Species Clause: Limit one of each Pokémon
|rule|Item Clause: Limit 1 of each item
|clearpoke
|poke|p1|Gholdengo, L50|
|poke|p1|Pincurchin, L50, M|
|poke|p1|Archaludon, L50, M|
|poke|p1|Sneasler, L50, M|
|poke|p1|Ursaluna-Bloodmoon, L50, M|
|poke|p1|Dragonite, L50, M|
|poke|p2|Sneasler, L50, F|
|poke|p2|Dragapult, L50, M|
|poke|p2|Archaludon, L50, F|
|poke|p2|Sinistcha-Masterpiece, L50|
|poke|p2|Ursaluna-Bloodmoon, L50, M|
|poke|p2|Indeedee-F, L50, F|
|teampreview|4
|showteam|p1|Gholdengo||MetalCoat|GoodasGold|MakeItRain,ShadowBall,Protect,NastyPlot||||||50|,,,,,Steel]Pincurchin||TerrainExtender|ElectricSurge|Electroweb,ToxicSpikes,ThunderWave,SuckerPunch|||M|||50|,,,,,Electric]Archaludon||PowerHerb|Stamina|ElectroShot,Protect,FlashCannon,DracoMeteor|||M|||50|,,,,,Steel]Sneasler||ElectricSeed|Unburden|DireClaw,CloseCombat,ThroatChop,Protect|||M|||50|,,,,,Dark]Ursaluna-Bloodmoon||AssaultVest|MindsEye|HyperVoice,BloodMoon,EarthPower,VacuumWave|||M|||50|,,,,,Normal]Dragonite||LoadedDice|Multiscale|ScaleShot,Haze,Tailwind,StompingTantrum|||M|||50|,,,,,Dragon
|showteam|p2|Sneasler||FocusSash|Unburden|DireClaw,CloseCombat,FakeOut,Protect|||F|||50|,,,,,Ghost]Dragapult||LifeOrb|ClearBody|DragonDarts,Uturn,Protect,PhantomForce|||M|||50|,,,,,Fairy]Archaludon||PowerHerb|Stamina|ElectroShot,BodyPress,FlashCannon,Protect|||F|||50|,,,,,Grass]Sinistcha-Masterpiece||Leftovers|Hospitality|TrickRoom,MatchaGotcha,RagePowder,ShadowBall||||||50|,,,,,Dark]Ursaluna-Bloodmoon||ThroatSpray|MindsEye|BloodMoon,HyperVoice,EarthPower,Protect|||M|||50|,,,,,Normal]Indeedee-F||PsychicSeed|PsychicSurge|FollowMe,Psychic,TrickRoom,HelpingHand|||F|||50|,,,,,Water
|inactive|Battle timer is ON: inactive players will automatically lose when time's up. (requested by Tacos4VGC)
|inactive|Tacos4VGC has 60 seconds left.
|inactive|Tacos4VGC has 30 seconds left.
|inactive|Tacos4VGC has 20 seconds left.
|inactive|Tacos4VGC has 15 seconds left.
|inactive|Tacos4VGC has 10 seconds left.
|inactive|Tacos4VGC has 5 seconds left.
|
|t:|1756309287
|teamsize|p1|4
|teamsize|p2|4
|start
|switch|p1a: Surprise|Pincurchin, L50, M, shiny|100/100
|switch|p1b: Cooky|Sneasler, L50, M, shiny|100/100
|switch|p2a: Sneasler|Sneasler, L50, F|100/100
|switch|p2b: Dragapult|Dragapult, L50, M|100/100
|-fieldstart|move: Electric Terrain|[from] ability: Electric Surge|[of] p1a: Surprise
|-enditem|p1b: Cooky|Electric Seed
|-boost|p1b: Cooky|def|1|[from] item: Electric Seed
|turn|1
|inactive|DeluToto has 30 seconds left.
|inactive|Tacos4VGC has 30 seconds left.
|inactive|DeluToto has 20 seconds left.
|inactive|DeluToto has 15 seconds left.
|inactive|DeluToto has 10 seconds left.
|
|t:|1756309333
|move|p2b: Dragapult|Protect|p2b: Dragapult
|-singleturn|p2b: Dragapult|Protect
|move|p1b: Cooky|Throat Chop|p2b: Dragapult
|-activate|p2b: Dragapult|move: Protect
|move|p2a: Sneasler|Dire Claw|p1b: Cooky
|-resisted|p1b: Cooky
|-damage|p1b: Cooky|75/100
|move|p1a: Surprise|Electroweb|p2b: Dragapult|[spread] p2a
|-activate|p2b: Dragapult|move: Protect
|-damage|p2a: Sneasler|75/100
|-unboost|p2a: Sneasler|spe|1
|
|upkeep
|turn|2
|inactive|Tacos4VGC has 30 seconds left.
|
|t:|1756309368
|switch|p2b: Archaludon|Archaludon, L50, F|100/100
|move|p1b: Cooky|Protect|p1b: Cooky
|-singleturn|p1b: Cooky|Protect
|move|p2a: Sneasler|Protect|p2a: Sneasler
|-singleturn|p2a: Sneasler|Protect
|move|p1a: Surprise|Toxic Spikes|p2b: Archaludon
|-sidestart|p2: Tacos4VGC|move: Toxic Spikes
|
|upkeep
|turn|3
|inactive|DeluToto has 30 seconds left.
|inactive|Tacos4VGC has 30 seconds left.
|
|t:|1756309398
|move|p1b: Cooky|Close Combat|p2b: Archaludon
|-supereffective|p2b: Archaludon
|-damage|p2b: Archaludon|3/100
|-unboost|p1b: Cooky|def|1
|-unboost|p1b: Cooky|spd|1
|-ability|p2b: Archaludon|Stamina|boost
|-boost|p2b: Archaludon|def|1
|move|p2a: Sneasler|Dire Claw|p1b: Cooky
|-resisted|p1b: Cooky
|-damage|p1b: Cooky|33/100
|move|p2b: Archaludon|Electro Shot||[still]
|-prepare|p2b: Archaludon|Electro Shot
|-boost|p2b: Archaludon|spa|1
|-enditem|p2b: Archaludon|Power Herb
|-anim|p2b: Archaludon|Electro Shot|p1b: Cooky
|-damage|p1b: Cooky|0 fnt
|faint|p1b: Cooky
|move|p1a: Surprise|Thunder Wave|p2b: Archaludon
|-status|p2b: Archaludon|par
|
|upkeep
|
|t:|1756309413
|switch|p1b: Snatchy|Archaludon, L50, M|100/100
|turn|4
|inactive|Tacos4VGC has 30 seconds left.
|
|t:|1756309443
|switch|p2a: Sinistcha|Sinistcha-Masterpiece, L50|100/100
|-status|p2a: Sinistcha|psn
|-heal|p2b: Archaludon|28/100 par|[from] ability: Hospitality|[of] p2a: Sinistcha
|move|p2b: Archaludon|Protect|p2b: Archaludon
|-singleturn|p2b: Archaludon|Protect
|move|p1b: Snatchy|Electro Shot||[still]
|-prepare|p1b: Snatchy|Electro Shot
|-boost|p1b: Snatchy|spa|1
|-enditem|p1b: Snatchy|Power Herb
|-anim|p1b: Snatchy|Electro Shot|p2a: Sinistcha
|-resisted|p2a: Sinistcha
|-damage|p2a: Sinistcha|58/100 psn
|move|p1a: Surprise|Electroweb|p2b: Archaludon|[spread] p2a
|-activate|p2b: Archaludon|move: Protect
|-resisted|p2a: Sinistcha
|-damage|p2a: Sinistcha|50/100 psn
|-unboost|p2a: Sinistcha|spe|1
|
|-heal|p2a: Sinistcha|56/100 psn|[from] item: Leftovers
|-damage|p2a: Sinistcha|44/100 psn|[from] psn
|upkeep
|turn|5
|
|t:|1756309467
|move|p2a: Sinistcha|Rage Powder|p2a: Sinistcha
|-singleturn|p2a: Sinistcha|move: Rage Powder
|move|p1b: Snatchy|Draco Meteor|p2a: Sinistcha
|-damage|p2a: Sinistcha|0 fnt
|-unboost|p1b: Snatchy|spa|2
|faint|p2a: Sinistcha
|move|p2b: Archaludon|Body Press|p1a: Surprise
|-damage|p1a: Surprise|70/100
|move|p1a: Surprise|Electroweb|p2b: Archaludon
|-resisted|p2b: Archaludon
|-damage|p2b: Archaludon|16/100 par
|-unboost|p2b: Archaludon|spe|1
|-ability|p2b: Archaludon|Stamina|boost
|-boost|p2b: Archaludon|def|1
|
|upkeep
|
|t:|1756309483
|switch|p2a: Dragapult|Dragapult, L50, M|100/100
|-status|p2a: Dragapult|psn
|turn|6
|
|t:|1756309507
|switch|p1b: Marshmao|Ursaluna-Bloodmoon, L50, M|100/100
|move|p1a: Surprise|Sucker Punch|p2a: Dragapult
|-supereffective|p2a: Dragapult
|-damage|p2a: Dragapult|57/100 psn
|move|p2a: Dragapult|Dragon Darts|p1a: Surprise
|-damage|p1a: Surprise|39/100
|-anim|p2a: Dragapult|Dragon Darts|p1b: Marshmao
|-damage|p1b: Marshmao|73/100
|-damage|p2a: Dragapult|47/100 psn|[from] item: Life Orb
|move|p2b: Archaludon|Body Press|p1b: Marshmao
|-supereffective|p1b: Marshmao
|-damage|p1b: Marshmao|11/100
|
|-damage|p2a: Dragapult|35/100 psn|[from] psn
|upkeep
|turn|7
|
|t:|1756309529
|move|p1b: Marshmao|Vacuum Wave|p2b: Archaludon
|-supereffective|p2b: Archaludon
|-damage|p2b: Archaludon|0 fnt
|faint|p2b: Archaludon
|move|p1a: Surprise|Sucker Punch|p2a: Dragapult
|-supereffective|p2a: Dragapult
|-damage|p2a: Dragapult|0 fnt
|faint|p2a: Dragapult
|
|upkeep
|-message|Tacos4VGC forfeited.
|
|win|DeluToto
|l|☆Tacos4VGC
|player|p2|
||Tacos4VGC is ready for game 2.
