|j|☆new mental
|j|☆tdea
|html|new mentaltdea    
|uhtml|bestof|Game 1 of a best-of-3
|t:|1783959770
|gametype|doubles
|player|p1|new mental|volkner|1313
|player|p2|tdea|veteran|1389
|gen|9
|tier|[Gen 9 Champions] VGC 2026 Reg M-B (Bo3)
|rated|
|rule|Species Clause: Limit one of each Pokémon
|rule|Item Clause: Limit 1 of each item
|clearpoke
|poke|p1|Charizard, L50, F|
|poke|p1|Kingambit, L50, F|
|poke|p1|Sylveon, L50, F|
|poke|p1|Garchomp, L50, F|
|poke|p1|Aerodactyl, L50, F|
|poke|p1|Farigiraf, L50, M|
|poke|p2|Charizard, L50, M|
|poke|p2|Grimmsnarl, L50, M|
|poke|p2|Pelipper, L50, F|
|poke|p2|Archaludon, L50, M|
|poke|p2|Basculegion, L50, M|
|poke|p2|Venusaur, L50, F|
|teampreview|4
|showteam|p1|Charizard||CharizarditeY|SolarPower|Protect,HeatWave,SolarBeam,WeatherBall|Modest||F|||50|]Kingambit||FocusSash|Defiant|IronHead,SuckerPunch,KowtowCleave,LowKick|Adamant||F|||50|]Sylveon||FairyFeather|Pixilate|Detect,HyperVoice,HyperBeam,QuickAttack|Modest||F|||50|]Garchomp||LifeOrb|RoughSkin|Protect,DragonClaw,Earthquake,RockSlide|Jolly||F|||50|]Aerodactyl||Aerodactylite|Unnerve|IceFang,RockSlide,Tailwind,DualWingbeat|Jolly||F|||50|]Farigiraf||SitrusBerry|ArmorTail|TrickRoom,Psychic,Thunderbolt,Roar|Bold||M|||50|
|showteam|p2|Charizard||CharizarditeY|Blaze|Protect,HeatWave,WeatherBall,SolarBeam|Modest||M|||50|]Grimmsnarl||LightClay|Prankster|SpiritBreak,Reflect,LightScreen,PartingShot|Sassy||M|||50|]Pelipper||SitrusBerry|Drizzle|Hurricane,WeatherBall,Tailwind,WideGuard|Modest||F|||50|]Archaludon||Leftovers|Stamina|Protect,ElectroShot,DragonPulse,FlashCannon|Calm||M|||50|]Basculegion||ChoiceScarf|Adaptability|FlipTurn,WaveCrash,AquaJet,LastRespects|Jolly||M|||50|]Venusaur||LifeOrb|Chlorophyll|Protect,EnergyBall,SludgeBomb,EarthPower|Modest||F|||50|
|inactive|Battle timer is ON: inactive players will automatically lose when time's up. (requested by tdea)
|inactive|new mental has 60 seconds left.
|inactive|new mental has 30 seconds left.
|inactive|new mental has 20 seconds left.
|inactive|new mental has 15 seconds left.
|inactive|new mental has 10 seconds left.
|
|t:|1783959851
|teamsize|p1|4
|teamsize|p2|4
|start
|switch|p1a: Sylveon|Sylveon, L50, F|100/100
|switch|p1b: Farigiraf|Farigiraf, L50, M|100/100
|switch|p2a: Grimmsnarl|Grimmsnarl, L50, M|100/100
|switch|p2b: Archaludon|Archaludon, L50, M|100/100
|turn|1
|
|t:|1783959869
|move|p2a: Grimmsnarl|Light Screen|p2a: Grimmsnarl
|-sidestart|p2: tdea|move: Light Screen
|move|p2b: Archaludon|Flash Cannon|p1a: Sylveon
|-supereffective|p1a: Sylveon|1
|-damage|p1a: Sylveon|41/100
|move|p1a: Sylveon|Hyper Beam|p2b: Archaludon|[miss]
|-miss|p1a: Sylveon|p2b: Archaludon
|move|p1b: Farigiraf|Roar|p1a: Sylveon
|drag|p1a: Charizard|Charizard, L50, F|100/100
|
|upkeep
|turn|2
|
|t:|1783959894
|detailschange|p1a: Charizard|Charizard-Mega-Y, L50, F
|-mega|p1a: Charizard|Charizard|Charizardite Y
|-weather|SunnyDay|[from] ability: Drought|[of] p1a: Charizard
|move|p2b: Archaludon|Protect|p2b: Archaludon
|-singleturn|p2b: Archaludon|Protect
|move|p1a: Charizard|Heat Wave|p2b: Archaludon|[spread] p2a
|-activate|p2b: Archaludon|move: Protect
|-crit|p2a: Grimmsnarl
|-damage|p2a: Grimmsnarl|14/100
|move|p1b: Farigiraf|Thunderbolt|p2a: Grimmsnarl
|-damage|p2a: Grimmsnarl|0 fnt
|faint|p2a: Grimmsnarl
|
|-weather|SunnyDay|[upkeep]
|upkeep
|
|t:|1783959904
|switch|p2a: Pelipper|Pelipper, L50, F|100/100
|-weather|RainDance|[from] ability: Drizzle|[of] p2a: Pelipper
|turn|3
|
|t:|1783959918
|switch|p1a: Garchomp|Garchomp, L50, F|100/100
|move|p2b: Archaludon|Electro Shot||[still]
|-prepare|p2b: Archaludon|Electro Shot
|-boost|p2b: Archaludon|spa|1
|-anim|p2b: Archaludon|Electro Shot|p1b: Farigiraf
|-damage|p1b: Farigiraf|51/100
|move|p2a: Pelipper|Weather Ball|p1b: Farigiraf
|-damage|p1b: Farigiraf|2/100
|-enditem|p1b: Farigiraf|Sitrus Berry|[eat]
|-heal|p1b: Farigiraf|27/100|[from] item: Sitrus Berry
|move|p1b: Farigiraf|Thunderbolt|p2a: Pelipper
|-supereffective|p2a: Pelipper|2
|-damage|p2a: Pelipper|28/100
|-enditem|p2a: Pelipper|Sitrus Berry|[eat]
|-heal|p2a: Pelipper|52/100|[from] item: Sitrus Berry
|
|-weather|RainDance|[upkeep]
|upkeep
|turn|4
|inactive|tdea has 30 seconds left.
|
|t:|1783959943
|switch|p1b: Charizard|Charizard-Mega-Y, L50, F|100/100
|-weather|SunnyDay|[from] ability: Drought|[of] p1b: Charizard
|move|p2a: Pelipper|Wide Guard|p2a: Pelipper
|-singleturn|p2a: Pelipper|Wide Guard
|move|p1a: Garchomp|Dragon Claw|p2a: Pelipper
|-damage|p2a: Pelipper|0 fnt
|faint|p2a: Pelipper
|-damage|p1a: Garchomp|90/100|[from] item: Life Orb
|move|p2b: Archaludon|Dragon Pulse|p1a: Garchomp
|-supereffective|p1a: Garchomp|1
|-damage|p1a: Garchomp|0 fnt
|faint|p1a: Garchomp
|
|-weather|SunnyDay|[upkeep]
|upkeep
|
|t:|1783959963
|switch|p1a: Farigiraf|Farigiraf, L50, M|27/100
|switch|p2a: Venusaur|Venusaur, L50, F|100/100
|turn|5
|
|t:|1783959974
|move|p2a: Venusaur|Sludge Bomb|p1b: Charizard
|-damage|p1b: Charizard|48/100
|-damage|p2a: Venusaur|90/100|[from] item: Life Orb
|move|p1b: Charizard|Heat Wave|p2b: Archaludon|[spread] p2a
|-miss|p1b: Charizard|p2b: Archaludon
|-supereffective|p2a: Venusaur|1
|-damage|p2a: Venusaur|1/100
|move|p2b: Archaludon|Flash Cannon|p1a: Farigiraf
|-damage|p1a: Farigiraf|0 fnt
|faint|p1a: Farigiraf
|
|-weather|SunnyDay|[upkeep]
|upkeep
|
|t:|1783959983
|switch|p1a: Sylveon|Sylveon, L50, F|41/100
|turn|6
|
|t:|1783959990
|move|p2a: Venusaur|Protect|p2a: Venusaur
|-singleturn|p2a: Venusaur|Protect
|move|p1a: Sylveon|Quick Attack|p2a: Venusaur
|-activate|p2a: Venusaur|move: Protect
|move|p1b: Charizard|Weather Ball|p2b: Archaludon
|-damage|p2b: Archaludon|44/100
|-ability|p2b: Archaludon|Stamina|boost
|-boost|p2b: Archaludon|def|1
|move|p2b: Archaludon|Flash Cannon|p1a: Sylveon
|-supereffective|p1a: Sylveon|1
|-damage|p1a: Sylveon|0 fnt
|faint|p1a: Sylveon
|
|-weather|SunnyDay|[upkeep]
|-heal|p2b: Archaludon|50/100g|[from] item: Leftovers
|upkeep
|turn|7
|
|t:|1783960008
|move|p2b: Archaludon|Protect|p2b: Archaludon
|-singleturn|p2b: Archaludon|Protect
|move|p2a: Venusaur|Sludge Bomb|p1b: Charizard
|-damage|p1b: Charizard|1/100
|-status|p1b: Charizard|psn
|-damage|p2a: Venusaur|0 fnt|[from] item: Life Orb
|faint|p2a: Venusaur
|move|p1b: Charizard|Heat Wave|p2b: Archaludon
|-activate|p2b: Archaludon|move: Protect
|
|-weather|SunnyDay|[upkeep]
|-heal|p2b: Archaludon|56/100|[from] item: Leftovers
|-damage|p1b: Charizard|0 fnt|[from] psn
|faint|p1b: Charizard
|
|win|tdea
||tdea is ready for game 2.
||new mental is ready for game 2.
|uhtml|next|Next: Game 2 of 3
|l|☆tdea
|player|p2|
