|j|☆Money03
|j|☆TheMochiMan
|html|Money03TheMochiMan    
|uhtml|bestof|Game 2 of a best-of-3
|t:|1757193975
|gametype|doubles
|player|p1|Money03|wattson|1326
|player|p2|TheMochiMan|doctor|1358
|gen|9
|tier|[Gen 9] VGC 2025 Reg H (Bo3)
|rated|
|rule|Species Clause: Limit one of each Pokémon
|rule|Item Clause: Limit 1 of each item
|clearpoke
|poke|p1|Arcanine-Hisui, L50, M|
|poke|p1|Rillaboom, L50, M|
|poke|p1|Dragonite, L50, F|
|poke|p1|Sneasler, L50, F|
|poke|p1|Ninetales-Alola, L50, F|
|poke|p1|Gholdengo, L50|
|poke|p2|Ursaluna, L50, F|
|poke|p2|Jumpluff, L50, F|
|poke|p2|Charizard, L50, F|
|poke|p2|Torkoal, L50, M|
|poke|p2|Incineroar, L50, F|
|poke|p2|Porygon2, L50|
|teampreview|4
|showteam|p1|Arcanine-Hisui||ClearAmulet|Intimidate|FlareBlitz,RockSlide,ExtremeSpeed,Protect|||M|||50|,,,,,Water]Rillaboom||AssaultVest|GrassySurge|DrumBeating,GrassyGlide,HighHorsepower,FakeOut|||M|||50|,,,,,Fire]Dragonite||LoadedDice|Multiscale|ScaleShot,StompingTantrum,Tailwind,Protect|||F|||50|,,,,,Ground]Sneasler||WhiteHerb|Unburden|DireClaw,CloseCombat,Coaching,Protect|||F|||50|,,,,,Ghost]Ninetales-Alola||FocusSash|SnowWarning|Blizzard,Encore,IcyWind,AuroraVeil|||F|||50|,,,,,Ghost]Gholdengo||GrassySeed|GoodasGold|MakeItRain,ShadowBall,NastyPlot,Protect||||||50|,,,,,Water
|showteam|p2|Ursaluna||FlameOrb|Guts|HeadlongRush,Facade,Earthquake,Protect|||F|||50|,,,,,Ghost]Jumpluff||CovertCloak|Chlorophyll|SleepPowder,SunnyDay,Tailwind,RagePowder|||F|||50|,,,,,Water]Charizard||ChoiceSpecs|SolarPower|AirSlash,HeatWave,Overheat,WeatherBall|||F|||50|,,,,,Ghost]Torkoal||EjectPack|Drought|HelpingHand,Eruption,Overheat,Protect|||M|||50|,,,,,Fire]Incineroar||SitrusBerry|Intimidate|FlareBlitz,KnockOff,PartingShot,FakeOut|||F|||50|,,,,,Ghost]Porygon2||Eviolite|Download|TeraBlast,IceBeam,Recover,TrickRoom||||||50|,,,,,Fighting
|inactive|Battle timer is ON: inactive players will automatically lose when time's up. (requested by Money03)
|inactive|Money03 has 60 seconds left.
|inactive|Money03 has 30 seconds left.
|inactive|Money03 has 20 seconds left.
|inactive|Money03 has 15 seconds left.
|
|t:|1757194060
|teamsize|p1|4
|teamsize|p2|4
|start
|switch|p1a: Ninetales|Ninetales-Alola, L50, F|100/100
|switch|p1b: Arcanine|Arcanine-Hisui, L50, M|100/100
|switch|p2a: Dandelion|Jumpluff, L50, F|100/100
|switch|p2b: Gainesville|Charizard, L50, F|100/100
|-weather|Snowscape|[from] ability: Snow Warning|[of] p1a: Ninetales
|-ability|p1b: Arcanine|Intimidate|boost
|-unboost|p2a: Dandelion|atk|1
|-unboost|p2b: Gainesville|atk|1
|turn|1
|inactive|Money03 has 30 seconds left.
|inactive|Money03 has 20 seconds left.
|inactive|Money03 has 15 seconds left.
|
|t:|1757194101
|-terastallize|p2a: Dandelion|Water
|move|p1b: Arcanine|Protect|p1b: Arcanine
|-singleturn|p1b: Arcanine|Protect
|move|p1a: Ninetales|Blizzard|p2b: Gainesville|[spread] p2a,p2b
|-resisted|p2a: Dandelion
|-damage|p2a: Dandelion|83/100
|-damage|p2b: Gainesville|59/100
|move|p2a: Dandelion|Sleep Powder|p1b: Arcanine
|-activate|p1b: Arcanine|move: Protect
|move|p2b: Gainesville|Heat Wave|p1b: Arcanine|[spread] p1a
|-activate|p1b: Arcanine|move: Protect
|-supereffective|p1a: Ninetales
|-enditem|p1a: Ninetales|Focus Sash
|-damage|p1a: Ninetales|1/100
|
|-weather|Snowscape|[upkeep]
|upkeep
|turn|2
|
|t:|1757194124
|move|p1b: Arcanine|Extreme Speed|p2b: Gainesville
|-damage|p2b: Gainesville|24/100
|move|p1a: Ninetales|Blizzard|p2b: Gainesville|[spread] p2a,p2b
|-resisted|p2a: Dandelion
|-damage|p2a: Dandelion|67/100
|-damage|p2b: Gainesville|0 fnt
|faint|p2b: Gainesville
|move|p2a: Dandelion|Sleep Powder|p1b: Arcanine|[miss]
|-miss|p2a: Dandelion|p1b: Arcanine
|
|-weather|Snowscape|[upkeep]
|upkeep
|
|t:|1757194132
|switch|p2b: Tony’s family|Porygon2, L50|100/100
|-ability|p2b: Tony’s family|Download|boost
|-boost|p2b: Tony’s family|atk|1
|turn|3
|
|t:|1757194153
|switch|p1b: Rillaboom|Rillaboom, L50, M|100/100
|-fieldstart|move: Grassy Terrain|[from] ability: Grassy Surge|[of] p1b: Rillaboom
|move|p1a: Ninetales|Aurora Veil|p1a: Ninetales
|-sidestart|p1: Money03|move: Aurora Veil
|move|p2a: Dandelion|Sleep Powder|p1b: Rillaboom
|-immune|p1b: Rillaboom
|move|p2b: Tony’s family|Trick Room|p2b: Tony’s family
|-fieldstart|move: Trick Room|[of] p2b: Tony’s family
|
|-weather|Snowscape|[upkeep]
|-heal|p2a: Dandelion|72/100|[from] Grassy Terrain
|-heal|p1a: Ninetales|7/100|[from] Grassy Terrain
|upkeep
|turn|4
|
|t:|1757194177
|switch|p1a: Arcanine|Arcanine-Hisui, L50, M|100/100
|-ability|p1a: Arcanine|Intimidate|boost
|-unboost|p2a: Dandelion|atk|1
|-unboost|p2b: Tony’s family|atk|1
|move|p2b: Tony’s family|Ice Beam|p1b: Rillaboom
|-supereffective|p1b: Rillaboom
|-damage|p1b: Rillaboom|73/100
|move|p1b: Rillaboom|Drum Beating|p2a: Dandelion
|-supereffective|p2a: Dandelion
|-damage|p2a: Dandelion|0 fnt
|faint|p2a: Dandelion
|
|-weather|Snowscape|[upkeep]
|-heal|p1b: Rillaboom|80/100|[from] Grassy Terrain
|upkeep
|
|t:|1757194186
|switch|p2a: Brown bear|Ursaluna, L50, F|100/100
|turn|5
|inactive|Money03 has 30 seconds left.
|inactive|Money03 has 20 seconds left.
|inactive|Money03 has 15 seconds left.
|inactive|Money03 has 10 seconds left.
|
|t:|1757194233
|move|p2b: Tony’s family|Ice Beam|p1b: Rillaboom
|-supereffective|p1b: Rillaboom
|-damage|p1b: Rillaboom|54/100
|move|p2a: Brown bear|Headlong Rush|p1a: Arcanine
|-supereffective|p1a: Arcanine
|-damage|p1a: Arcanine|0 fnt
|-unboost|p2a: Brown bear|def|1
|-unboost|p2a: Brown bear|spd|1
|faint|p1a: Arcanine
|move|p1b: Rillaboom|Drum Beating|p2a: Brown bear
|-supereffective|p2a: Brown bear
|-damage|p2a: Brown bear|0 fnt
|faint|p2a: Brown bear
|
|-weather|none
|-heal|p1b: Rillaboom|60/100|[from] Grassy Terrain
|upkeep
|
|t:|1757194253
|switch|p1a: Ninetales|Ninetales-Alola, L50, F|7/100
|-weather|Snowscape|[from] ability: Snow Warning|[of] p1a: Ninetales
|turn|6
|
|t:|1757194264
|move|p2b: Tony’s family|Ice Beam|p1b: Rillaboom
|-supereffective|p1b: Rillaboom
|-damage|p1b: Rillaboom|34/100
|move|p1b: Rillaboom|Drum Beating|p2b: Tony’s family
|-damage|p2b: Tony’s family|73/100
|-unboost|p2b: Tony’s family|spe|1
|move|p1a: Ninetales|Blizzard|p2b: Tony’s family
|-damage|p2b: Tony’s family|50/100
|
|-weather|Snowscape|[upkeep]
|-heal|p2b: Tony’s family|56/100|[from] Grassy Terrain
|-heal|p1b: Rillaboom|40/100|[from] Grassy Terrain
|-heal|p1a: Ninetales|13/100|[from] Grassy Terrain
|upkeep
|turn|7
|
|t:|1757194282
|switch|p1b: Sneasler|Sneasler, L50, F|100/100
|move|p2b: Tony’s family|Ice Beam|p1b: Sneasler
|-damage|p1b: Sneasler|78/100
|move|p1a: Ninetales|Blizzard|p2b: Tony’s family
|-damage|p2b: Tony’s family|30/100
|
|-weather|Snowscape|[upkeep]
|-heal|p2b: Tony’s family|36/100|[from] Grassy Terrain
|-heal|p1b: Sneasler|84/100|[from] Grassy Terrain
|-heal|p1a: Ninetales|19/100|[from] Grassy Terrain
|-sideend|p1: Money03|move: Aurora Veil
|-fieldend|move: Trick Room
|-fieldend|move: Grassy Terrain
|upkeep
|turn|8
|-message|TheMochiMan forfeited.
|
|win|Money03
||TheMochiMan is ready for game 3.
||Money03 is ready for game 3.
|uhtml|next|Next: Game 3 of 3
|l|☆TheMochiMan
|player|p2|
