|j|‚òÜGgttmmhh
|j|‚òÜUntilBreakingFree
|html|GgttmmhhUntilBreakingFree    
|uhtml|bestof|Game 2 of a best-of-3
|t:|1755908091
|gametype|doubles
|player|p1|Ggttmmhh|169|1388
|player|p2|UntilBreakingFree|gambler|1369
|gen|9
|tier|[Gen 9] VGC 2025 Reg H (Bo3)
|rated|
|rule|Species Clause: Limit one of each Pok√©mon
|rule|Item Clause: Limit 1 of each item
|clearpoke
|poke|p1|Malamar, L50, M|
|poke|p1|Ursaluna-Bloodmoon, L50, M|
|poke|p1|Zoroark-Hisui, L50, F|
|poke|p1|Gholdengo, L50|
|poke|p1|Dragonite, L50, M|
|poke|p1|Amoonguss, L50, M|
|poke|p2|Charizard, L50, M|
|poke|p2|Dragapult, L50, M|
|poke|p2|Sneasler, L50, F|
|poke|p2|Incineroar, L50, M|
|poke|p2|Ursaluna-Bloodmoon, L50, M|
|poke|p2|Whimsicott, L50, F|
|teampreview|4
|showteam|p1|Malamar||AguavBerry|Contrary|Superpower,Protect,TrickRoom,KnockOff|||M|||50|,,,,,Fire]Ursaluna-Bloodmoon||LifeOrb|MindsEye|Protect,HyperVoice,EarthPower,BloodMoon|||M|||50|,,,,,Normal]Zoroark-Hisui||FocusSash|Illusion|Taunt,FakeTears,HyperVoice,ShadowBall|||F|||50|,,,,,Stellar]Gholdengo||MetalCoat|GoodasGold|Protect,NastyPlot,MakeItRain,ShadowBall||||||50|,,,,,Water]Dragonite||LoadedDice|Multiscale|Protect,Encore,Tailwind,ScaleShot|||M|||50|,,,,,Fairy]Amoonguss||SitrusBerry|Regenerator|Protect,PollenPuff,RagePowder,Spore|||M|||50|,,,,,Electric
|showteam|p2|Charizard||ChoiceSpecs|SolarPower|HeatWave,Overheat,WeatherBall,SolarBeam|||M|||50|,,,,,Ghost]Dragapult||ChoiceBand|ClearBody|DragonDarts,Outrage,PhantomForce,Uturn|||M|||50|,,,,,Dragon]Sneasler||FocusSash|Unburden|DireClaw,CloseCombat,ThroatChop,Protect|||F|||50|,,,,,Dark]Incineroar||SafetyGoggles|Intimidate|FakeOut,KnockOff,FlareBlitz,PartingShot|||M|||50|,,,,,Ghost]Ursaluna-Bloodmoon||LifeOrb|MindsEye|BloodMoon,HyperVoice,EarthPower,Protect|||M|||50|,,,,,Normal]Whimsicott||CovertCloak|Prankster|Moonblast,Tailwind,Encore,SunnyDay|||F|||50|,,,,,Poison
|inactive|Battle timer is ON: inactive players will automatically lose when time's up. (requested by UntilBreakingFree)
|inactive|Ggttmmhh has 60 seconds left.
|
|t:|1755908145
|teamsize|p1|4
|teamsize|p2|4
|start
|switch|p1a: Malamar|Malamar, L50, M|100/100
|switch|p1b: Gholdengo|Gholdengo, L50|100/100
|switch|p2a: Agni|Charizard, L50, M|100/100
|switch|p2b: Mary|Whimsicott, L50, F|100/100
|turn|1
|inactive|Ggttmmhh has 30 seconds left.
|inactive|UntilBreakingFree has 30 seconds left.
|
|t:|1755908179
|-terastallize|p1b: Gholdengo|Water
|move|p2b: Mary|Sunny Day|p2b: Mary
|-weather|SunnyDay
|move|p1a: Malamar|Hyper Voice|p2b: Mary|[spread] p2a,p2b
|-crit|p2b: Mary
|-damage|p2a: Agni|53/100
|-damage|p2b: Mary|31/100
|move|p2a: Agni|Heat Wave|p1a: Malamar|[spread] p1a,p1b
|-resisted|p1b: Gholdengo
|-enditem|p1a: Malamar|Focus Sash
|-damage|p1a: Malamar|1/100
|-damage|p1b: Gholdengo|41/100
|-status|p1a: Malamar|brn
|replace|p1a: Zoroark|Zoroark-Hisui, L50, F
|-end|p1a: Zoroark|Illusion
|move|p1b: Gholdengo|Make It Rain|p2b: Mary|[spread] p2a,p2b
|-resisted|p2a: Agni
|-crit|p2a: Agni
|-supereffective|p2b: Mary
|-damage|p2a: Agni|0 fnt
|-damage|p2b: Mary|0 fnt
|-unboost|p1b: Gholdengo|spa|1
|faint|p2a: Agni
|faint|p2b: Mary
|
|-weather|SunnyDay|[upkeep]
|-damage|p1a: Zoroark|0 fnt|[from] brn
|faint|p1a: Zoroark
|upkeep
|
|t:|1755908197
|switch|p2b: D'oro|Sneasler, L50, F|100/100
|switch|p1a: Dragonite|Dragonite, L50, M|100/100
|switch|p2a: ShƒÅhmat|Ursaluna-Bloodmoon, L50, M|100/100
|turn|2
|inactive|Ggttmmhh has 30 seconds left.
|inactive|Ggttmmhh has 20 seconds left.
|inactive|Ggttmmhh has 15 seconds left.
|inactive|Ggttmmhh has 10 seconds left.
|
|t:|1755908245
|-terastallize|p2a: ShƒÅhmat|Normal
|move|p1b: Gholdengo|Protect|p1b: Gholdengo
|-singleturn|p1b: Gholdengo|Protect
|move|p1a: Dragonite|Protect|p1a: Dragonite
|-singleturn|p1a: Dragonite|Protect
|move|p2b: D'oro|Dire Claw|p1a: Dragonite
|-activate|p1a: Dragonite|move: Protect
|move|p2a: ShƒÅhmat|Hyper Voice|p1b: Gholdengo|[spread] 
|-activate|p1a: Dragonite|move: Protect
|-activate|p1b: Gholdengo|move: Protect
|
|-weather|SunnyDay|[upkeep]
|upkeep
|turn|3
|
|t:|1755908258
|move|p2b: D'oro|Dire Claw|p1a: Dragonite
|-damage|p1a: Dragonite|76/100
|-status|p1a: Dragonite|par
|move|p1b: Gholdengo|Make It Rain|p2a: ShƒÅhmat|[spread] p2a,p2b
|-damage|p2a: ShƒÅhmat|44/100
|-damage|p2b: D'oro|41/100
|-unboost|p1b: Gholdengo|spa|1
|move|p2a: ShƒÅhmat|Hyper Voice|p1a: Dragonite|[spread] p1a,p1b
|-damage|p1a: Dragonite|0 fnt
|-damage|p1b: Gholdengo|0 fnt
|faint|p1a: Dragonite
|faint|p1b: Gholdengo
|-damage|p2a: ShƒÅhmat|34/100|[from] item: Life Orb
|
|-weather|SunnyDay|[upkeep]
|upkeep
|
|t:|1755908270
|switch|p1b: Malamar|Malamar, L50, M|100/100
|turn|4
|
|t:|1755908278
|move|p1b: Malamar|Protect|p1b: Malamar
|-singleturn|p1b: Malamar|Protect
|move|p2b: D'oro|Close Combat|p1b: Malamar
|-activate|p1b: Malamar|move: Protect
|move|p2a: ShƒÅhmat|Blood Moon|p1b: Malamar
|-activate|p1b: Malamar|move: Protect
|
|-weather|SunnyDay|[upkeep]
|upkeep
|turn|5
|
|t:|1755908285
|move|p2b: D'oro|Close Combat|p1b: Malamar
|-damage|p1b: Malamar|28/100
|-unboost|p2b: D'oro|def|1
|-unboost|p2b: D'oro|spd|1
|move|p1b: Malamar|Superpower|p2a: ShƒÅhmat
|-supereffective|p2a: ShƒÅhmat
|-damage|p2a: ShƒÅhmat|0 fnt
|-boost|p1b: Malamar|atk|1
|-boost|p1b: Malamar|def|1
|faint|p2a: ShƒÅhmat
|
|-weather|none
|upkeep
|turn|6
|
|t:|1755908293
|move|p2b: D'oro|Close Combat|p1b: Malamar
|-damage|p1b: Malamar|0 fnt
|-unboost|p2b: D'oro|def|1
|-unboost|p2b: D'oro|spd|1
|faint|p1b: Malamar
|
|win|UntilBreakingFree
|raw|Ggttmmhh's rating: 1388 → 1367(-21 for losing)
|raw|UntilBreakingFree's rating: 1369 → 1390(+21 for winning)
|l|‚òÜUntilBreakingFree
|player|p2|
