|j|☆Ssamuuelll
|j|☆Garden Monke
|html|SsamuuelllGarden Monke    
|uhtml|bestof|Game 1 of a best-of-3
|t:|1785012836
|gametype|doubles
|player|p1|Ssamuuelll|170|1199
|player|p2|Garden Monke|giacomo|1196
|gen|9
|tier|[Gen 9 Champions] VGC 2026 Reg M-B (Bo3)
|rated|
|rule|Species Clause: Limit one of each Pokémon
|rule|Item Clause: Limit 1 of each item
|clearpoke
|poke|p1|Staraptor, L50, M|
|poke|p1|Maushold-Four, L50|
|poke|p1|Sinistcha-Masterpiece, L50|
|poke|p1|Gholdengo, L50|
|poke|p1|Tyranitar, L50, F|
|poke|p1|Excadrill, L50, F|
|poke|p2|Incineroar, L50, M|
|poke|p2|Sinistcha, L50|
|poke|p2|Gengar, L50, F|
|poke|p2|Swampert, L50, F|
|poke|p2|Politoed, L50, F|
|poke|p2|Archaludon, L50, F|
|teampreview|4
|showteam|p1|Staraptor||Staraptite|Intimidate|CloseCombat,BraveBird,Tailwind,Protect|Jolly||M|||50|]Maushold-Four||ChopleBerry|FriendGuard|Charm,FollowMe,SuperFang,Protect|Timid|||||50|]Sinistcha-Masterpiece||SitrusBerry|Hospitality|MatchaGotcha,TrickRoom,RagePowder,Protect|Bold|||||50|]Gholdengo||LifeOrb|GoodasGold|MakeItRain,ShadowBall,NastyPlot,Protect|Modest|||||50|]Tyranitar||ChoiceScarf|SandStream|RockSlide,KnockOff,IcePunch,LowKick|Jolly||F|||50|]Excadrill||FocusSash|SandRush|HighHorsepower,IronHead,RockSlide,Protect|Adamant||F|||50|
|showteam|p2|Incineroar||PasshoBerry|Intimidate|ThroatChop,FakeOut,PartingShot,Protect|Sassy||M|||50|]Sinistcha||ColburBerry|Hospitality|MatchaGotcha,RagePowder,TrickRoom,Protect|Calm|||||50|]Gengar||Gengarite|CursedBody|ShadowBall,Disable,PerishSong,Protect|Timid||F|||50|]Swampert||Swampertite|Damp|WaveCrash,HighHorsepower,IcePunch,Protect|Adamant||F|||50|]Politoed||SitrusBerry|Drizzle|WeatherBall,Encore,PerishSong,Protect|Calm||F|||50|]Archaludon||Leftovers|Stamina|ElectroShot,DragonPulse,FlashCannon,Protect|Modest||F|||50|
|inactive|Battle timer is ON: inactive players will automatically lose when time's up. (requested by Garden Monke)
|
|t:|1785012865
|teamsize|p1|4
|teamsize|p2|4
|start
|switch|p1a: Gholdengo|Gholdengo, L50|100/100
|switch|p1b: Sinistcha|Sinistcha-Masterpiece, L50|100/100
|switch|p2a: Gengar|Gengar, L50, F|100/100
|switch|p2b: Incineroar|Incineroar, L50, M|100/100
|-ability|p2b: Incineroar|Intimidate|boost
|-unboost|p1a: Gholdengo|atk|1
|-unboost|p1b: Sinistcha|atk|1
|turn|1
|inactive|Ssamuuelll has 30 seconds left.
|inactive|Garden Monke has 30 seconds left.
|inactive|Ssamuuelll has 20 seconds left.
|inactive|Ssamuuelll has 15 seconds left.
|inactive|Ssamuuelll has 10 seconds left.
|inactive|Ssamuuelll has 5 seconds left.
|
|t:|1785012918
|switch|p1a: Staraptor|Staraptor, L50, M|100/100
|-ability|p1a: Staraptor|Intimidate|boost
|-unboost|p2a: Gengar|atk|1
|-unboost|p2b: Incineroar|atk|1
|detailschange|p2a: Gengar|Gengar-Mega, L50, F
|-mega|p2a: Gengar|Gengar|Gengarite
|move|p1b: Sinistcha|Rage Powder|p1b: Sinistcha
|-singleturn|p1b: Sinistcha|move: Rage Powder
|move|p2a: Gengar|Shadow Ball|p1b: Sinistcha
|-supereffective|p1b: Sinistcha|1
|-damage|p1b: Sinistcha|14/100
|-unboost|p1b: Sinistcha|spd|1
|-enditem|p1b: Sinistcha|Sitrus Berry|[eat]
|-heal|p1b: Sinistcha|39/100|[from] item: Sitrus Berry
|move|p2b: Incineroar|Throat Chop|p1b: Sinistcha
|-supereffective|p1b: Sinistcha|1
|-damage|p1b: Sinistcha|2/100
|-start|p1b: Sinistcha|Throat Chop|[silent]
|
|upkeep
|turn|2
|inactive|Ssamuuelll has 30 seconds left.
|inactive|Garden Monke has 30 seconds left.
|inactive|Ssamuuelll has 20 seconds left.
|inactive|Garden Monke has 20 seconds left.
|inactive|Garden Monke has 15 seconds left.
|inactive|Garden Monke has 10 seconds left.
|
|t:|1785012967
|switch|p1b: Gholdengo|Gholdengo, L50|100/100
|switch|p2b: Politoed|Politoed, L50, F|100/100
|-weather|RainDance|[from] ability: Drizzle|[of] p2b: Politoed
|detailschange|p1a: Staraptor|Staraptor-Mega, L50, M
|-mega|p1a: Staraptor|Staraptor|Staraptite
|move|p1a: Staraptor|Close Combat|p2b: Politoed
|-damage|p2b: Politoed|48/100
|-boost|p1a: Staraptor|def|1
|-boost|p1a: Staraptor|spd|1
|-enditem|p2b: Politoed|Sitrus Berry|[eat]
|-heal|p2b: Politoed|73/100|[from] item: Sitrus Berry
|move|p2a: Gengar|Shadow Ball|p1a: Staraptor
|-damage|p1a: Staraptor|66/100
|
|-weather|RainDance|[upkeep]
|upkeep
|turn|3
|inactive|Ssamuuelll has 30 seconds left.
|inactive|Garden Monke has 30 seconds left.
|inactive|Ssamuuelll has 20 seconds left.
|inactive|Ssamuuelll has 15 seconds left.
|inactive|Ssamuuelll has 10 seconds left.
|
|t:|1785013016
|switch|p1b: Sinistcha|Sinistcha-Masterpiece, L50|2/100
|-heal|p1a: Staraptor|91/100|[from] ability: Hospitality|[of] p1b: Sinistcha
|move|p1a: Staraptor|Brave Bird|p2a: Gengar
|-damage|p2a: Gengar|25/100
|-damage|p1a: Staraptor|68/100|[from] Recoil
|move|p2a: Gengar|Shadow Ball|p1b: Sinistcha
|-supereffective|p1b: Sinistcha|1
|-damage|p1b: Sinistcha|0 fnt
|faint|p1b: Sinistcha
|move|p2b: Politoed|Weather Ball|p1a: Staraptor
|-damage|p1a: Staraptor|35/100
|
|-weather|RainDance|[upkeep]
|upkeep
|
|t:|1785013036
|switch|p1b: Tyranitar|Tyranitar, L50, F|100/100
|-weather|Sandstorm|[from] ability: Sand Stream|[of] p1b: Tyranitar
|turn|4
|inactive|Ssamuuelll has 30 seconds left.
|
|t:|1785013062
|switch|p2a: Sinistcha|Sinistcha, L50|100/100
|-heal|p2b: Politoed|98/100|[from] ability: Hospitality|[of] p2a: Sinistcha
|move|p1b: Tyranitar|Rock Slide|p2a: Sinistcha|[spread] p2a,p2b
|-damage|p2a: Sinistcha|71/100
|-damage|p2b: Politoed|71/100
|move|p1a: Staraptor|Close Combat|p2b: Politoed
|-damage|p2b: Politoed|11/100
|-boost|p1a: Staraptor|def|1
|-boost|p1a: Staraptor|spd|1
|move|p2b: Politoed|Weather Ball|p1a: Staraptor
|-damage|p1a: Staraptor|23/100
|
|-weather|Sandstorm|[upkeep]
|-damage|p1a: Staraptor|17/100|[from] Sandstorm
|-damage|p2b: Politoed|5/100|[from] Sandstorm
|-damage|p2a: Sinistcha|64/100|[from] Sandstorm
|upkeep
|turn|5
|inactive|Ssamuuelll has 30 seconds left.
|inactive|Garden Monke has 30 seconds left.
|
|t:|1785013095
|move|p2b: Politoed|Protect|p2b: Politoed
|-singleturn|p2b: Politoed|Protect
|move|p1b: Tyranitar|Rock Slide|p2b: Politoed|[spread] p2a
|-activate|p2b: Politoed|move: Protect
|-damage|p2a: Sinistcha|40/100
|move|p1a: Staraptor|Brave Bird|p2a: Sinistcha
|-supereffective|p2a: Sinistcha|1
|-damage|p2a: Sinistcha|0 fnt
|faint|p2a: Sinistcha
|-damage|p1a: Staraptor|4/100|[from] Recoil
|
|-weather|Sandstorm|[upkeep]
|-damage|p1a: Staraptor|0 fnt|[from] Sandstorm
|-damage|p2b: Politoed|0 fnt|[from] Sandstorm
|faint|p1a: Staraptor
|faint|p2b: Politoed
|upkeep
|
|t:|1785013113
|switch|p1a: Gholdengo|Gholdengo, L50|100/100
|switch|p2a: Incineroar|Incineroar, L50, M|100/100
|switch|p2b: Gengar|Gengar-Mega, L50, F|25/100
|-ability|p2a: Incineroar|Intimidate|boost
|-unboost|p1a: Gholdengo|atk|1
|-unboost|p1b: Tyranitar|atk|1
|turn|6
|
|t:|1785013134
|move|p2a: Incineroar|Fake Out|p1b: Tyranitar
|-resisted|p1b: Tyranitar|1
|-damage|p1b: Tyranitar|95/100
|cant|p1b: Tyranitar|flinch
|move|p2b: Gengar|Disable|p1b: Tyranitar
|-start|p1b: Tyranitar|Disable|Rock Slide
|move|p1a: Gholdengo|Make It Rain|p2a: Incineroar|[spread] p2a
|-miss|p1a: Gholdengo|p2b: Gengar
|-resisted|p2a: Incineroar|1
|-damage|p2a: Incineroar|78/100
|-unboost|p1a: Gholdengo|spa|2
|-damage|p1a: Gholdengo|90/100|[from] item: Life Orb
|
|-weather|Sandstorm|[upkeep]
|-damage|p2b: Gengar|19/100|[from] Sandstorm
|-damage|p2a: Incineroar|72/100|[from] Sandstorm
|upkeep
|turn|7
|
|t:|1785013155
|-activate|p1b: Tyranitar|move: Struggle
|move|p1b: Tyranitar|Struggle|p2b: Gengar
|-damage|p2b: Gengar|6/100
|-damage|p1b: Tyranitar|70/100|[from] recoil
|move|p2b: Gengar|Shadow Ball|p1a: Gholdengo
|-supereffective|p1a: Gholdengo|1
|-damage|p1a: Gholdengo|0 fnt
|faint|p1a: Gholdengo
|move|p2a: Incineroar|Throat Chop|p1b: Tyranitar
|-resisted|p1b: Tyranitar|1
|-damage|p1b: Tyranitar|54/100
|-start|p1b: Tyranitar|Throat Chop|[silent]
|
|-weather|Sandstorm|[upkeep]
|-damage|p2b: Gengar|0 fnt|[from] Sandstorm
|-damage|p2a: Incineroar|66/100|[from] Sandstorm
|faint|p2b: Gengar
|upkeep
|turn|8
|c|☆Garden Monke|Unfortunate
|
|t:|1785013172
|-activate|p1b: Tyranitar|move: Struggle
|move|p1b: Tyranitar|Struggle|p2a: Incineroar
|-damage|p2a: Incineroar|56/100
|-damage|p1b: Tyranitar|29/100|[from] recoil
|move|p2a: Incineroar|Parting Shot|p1b: Tyranitar
|-unboost|p1b: Tyranitar|atk|1
|-unboost|p1b: Tyranitar|spa|1
|
|-weather|none
|-end|p1b: Tyranitar|Throat Chop|[silent]
|upkeep
|turn|9
|
|t:|1785013183
|-activate|p1b: Tyranitar|move: Struggle
|move|p1b: Tyranitar|Struggle|p2a: Incineroar
|-damage|p2a: Incineroar|47/100
|-damage|p1b: Tyranitar|4/100|[from] recoil
|move|p2a: Incineroar|Parting Shot|p1b: Tyranitar
|-unboost|p1b: Tyranitar|atk|1
|-unboost|p1b: Tyranitar|spa|1
|
|upkeep
|turn|10
|
|t:|1785013195
|-activate|p1b: Tyranitar|move: Struggle
|move|p1b: Tyranitar|Struggle|p2a: Incineroar
|-damage|p2a: Incineroar|41/100
|-damage|p1b: Tyranitar|0 fnt|[from] recoil
|faint|p1b: Tyranitar
|
|win|Garden Monke
||Ssamuuelll is ready for game 2.
|inactive|Garden Monke has 30 seconds to confirm battle start!
||Garden Monke is ready for game 2.
|uhtml|next|Next: Game 2 of 3
