|j|☆uglybeast
|j|☆John Cena Calvo
|html|uglybeastJohn Cena Calvo    
|uhtml|bestof|Game 2 of a best-of-3
|t:|1755432225
|gametype|doubles
|player|p1|uglybeast|lucas|1310
|player|p2|John Cena Calvo|rosa|1241
|gen|9
|tier|[Gen 9] VGC 2025 Reg H (Bo3)
|rated|
|rule|Species Clause: Limit one of each Pokémon
|rule|Item Clause: Limit 1 of each item
|clearpoke
|poke|p1|Volcarona, L50, F|
|poke|p1|Samurott-Hisui, L50, M|
|poke|p1|Gholdengo, L50|
|poke|p1|Sneasler, L50, F|
|poke|p1|Ursaluna-Bloodmoon, L50, M|
|poke|p1|Indeedee, L50, M|
|poke|p2|Maushold-Four, L50|
|poke|p2|Annihilape, L50, F|
|poke|p2|Rillaboom, L50, F|
|poke|p2|Incineroar, L50, M|
|poke|p2|Volcarona, L50, F|
|poke|p2|Primarina, L50, M|
|teampreview|4
|showteam|p1|Volcarona||SitrusBerry|FlameBody|FieryDance,StruggleBug,Tailwind,RagePowder|||F|||50|,,,,,Dragon]Samurott-Hisui||AssaultVest|Sharpness|AquaCutter,SacredSword,SuckerPunch,FlipTurn|||M|||50|,,,,,Poison]Gholdengo||Leftovers|GoodasGold|MakeItRain,ShadowBall,NastyPlot,Protect||||||50|,,,,,Water]Sneasler||PsychicSeed|Unburden|DireClaw,CloseCombat,ThroatChop,Protect|||F|||50|,,,,,Dark]Ursaluna-Bloodmoon||LifeOrb|MindsEye|BloodMoon,HyperVoice,EarthPower,Protect|||M|||50|,,,,,Normal]Indeedee||FocusSash|PsychicSurge|ExpandingForce,TeraBlast,Imprison,TrickRoom|||M|||50|,,,,,Fighting
|showteam|p2|Maushold-Four||SafetyGoggles|FriendGuard|BeatUp,FollowMe,Taunt,Protect||||||50|,,,,,Ghost]Annihilape||Leftovers|Defiant|RageFist,DrainPunch,BulkUp,Protect|||F|||50|,,,,,Fire]Rillaboom||AssaultVest|GrassySurge|FakeOut,GrassyGlide,WoodHammer,Uturn|||F|||50|,,,,,Fire]Incineroar||SitrusBerry|Intimidate|FakeOut,FlareBlitz,KnockOff,PartingShot|||M|||50|,,,,,Grass]Volcarona||CovertCloak|FlameBody|QuiverDance,FieryDance,GigaDrain,Protect|||F|||50|,,,,,Grass]Primarina||ThroatSpray|LiquidVoice|HyperVoice,Moonblast,Protect,Haze|||M|||50|,,,,,Poison
|inactive|Battle timer is ON: inactive players will automatically lose when time's up. (requested by John Cena Calvo)
|inactive|uglybeast has 60 seconds left.
|
|t:|1755432282
|teamsize|p1|4
|teamsize|p2|4
|start
|switch|p1a: Tyrotrela|Gholdengo, L50, shiny|100/100
|switch|p1b: Salmonella|Volcarona, L50, F, shiny|100/100
|switch|p2a: Maushold|Maushold-Four, L50|100/100
|switch|p2b: Annihilape|Annihilape, L50, F|100/100
|turn|1
|inactive|uglybeast has 30 seconds left.
|
|t:|1755432313
|-terastallize|p2b: Annihilape|Fire
|move|p1b: Salmonella|Rage Powder|p1b: Salmonella
|-singleturn|p1b: Salmonella|move: Rage Powder
|move|p2a: Maushold|Beat Up|p2b: Annihilape
|-damage|p2b: Annihilape|99/100
|-damage|p2b: Annihilape|97/100
|-damage|p2b: Annihilape|94/100
|-damage|p2b: Annihilape|92/100
|-hitcount|p2b: Annihilape|4
|move|p1a: Tyrotrela|Nasty Plot|p1a: Tyrotrela
|-boost|p1a: Tyrotrela|spa|2
|move|p2b: Annihilape|Rage Fist|p1b: Salmonella
|-damage|p1b: Salmonella|0 fnt
|faint|p1b: Salmonella
|
|-heal|p2b: Annihilape|99/100|[from] item: Leftovers
|upkeep
|inactive|uglybeast has 30 seconds left.
|inactive|uglybeast has 20 seconds left.
|inactive|uglybeast has 15 seconds left.
|inactive|uglybeast has 10 seconds left.
|
|t:|1755432362
|switch|p1b: Sangria|Ursaluna-Bloodmoon, L50, M|100/100
|turn|2
|inactive|uglybeast has 30 seconds left.
|inactive|John Cena Calvo has 30 seconds left.
|
|t:|1755432392
|switch|p2a: Incineroar|Incineroar, L50, M|100/100
|-ability|p2a: Incineroar|Intimidate|boost
|-unboost|p1a: Tyrotrela|atk|1
|-unboost|p1b: Sangria|atk|1
|-terastallize|p1b: Sangria|Normal
|move|p2b: Annihilape|Protect|p2b: Annihilape
|-singleturn|p2b: Annihilape|Protect
|move|p1a: Tyrotrela|Make It Rain|p2a: Incineroar|[spread] p2a
|-activate|p2b: Annihilape|move: Protect
|-resisted|p2a: Incineroar
|-damage|p2a: Incineroar|65/100
|-unboost|p1a: Tyrotrela|spa|1
|move|p1b: Sangria|Blood Moon|p2b: Annihilape
|-activate|p2b: Annihilape|move: Protect
|
|-heal|p2b: Annihilape|100/100|[from] item: Leftovers
|upkeep
|turn|3
|
|t:|1755432414
|move|p1a: Tyrotrela|Protect|p1a: Tyrotrela
|-singleturn|p1a: Tyrotrela|Protect
|move|p2a: Incineroar|Fake Out|p1b: Sangria
|-damage|p1b: Sangria|90/100
|move|p2b: Annihilape|Bulk Up|p2b: Annihilape
|-boost|p2b: Annihilape|atk|1
|-boost|p2b: Annihilape|def|1
|cant|p1b: Sangria|flinch
|
|upkeep
|turn|4
|
|t:|1755432437
|switch|p1b: Gillette|Samurott-Hisui, L50, M, shiny|100/100
|move|p2b: Annihilape|Drain Punch|p1b: Gillette
|-supereffective|p1b: Gillette
|-damage|p1b: Gillette|0 fnt
|faint|p1b: Gillette
|move|p1a: Tyrotrela|Shadow Ball|p2b: Annihilape
|-damage|p2b: Annihilape|44/100
|move|p2a: Incineroar|Flare Blitz|p1a: Tyrotrela
|-supereffective|p1a: Tyrotrela
|-damage|p1a: Tyrotrela|0 fnt
|faint|p1a: Tyrotrela
|-damage|p2a: Incineroar|36/100|[from] Recoil
|-enditem|p2a: Incineroar|Sitrus Berry|[eat]
|-heal|p2a: Incineroar|61/100|[from] item: Sitrus Berry
|
|-heal|p2b: Annihilape|50/100|[from] item: Leftovers
|upkeep
|
|t:|1755432447
|switch|p1b: Sangria|Ursaluna-Bloodmoon, L50, M, tera:Normal|90/100
|turn|5
|
|t:|1755432456
|move|p2b: Annihilape|Drain Punch|p1b: Sangria
|-supereffective|p1b: Sangria
|-damage|p1b: Sangria|15/100
|-heal|p2b: Annihilape|87/100|[from] drain|[of] p1b: Sangria
|move|p1b: Sangria|Hyper Voice|p2b: Annihilape|[spread] p2a,p2b
|-damage|p2a: Incineroar|9/100
|-damage|p2b: Annihilape|32/100
|-damage|p1b: Sangria|6/100|[from] item: Life Orb
|move|p2a: Incineroar|Knock Off|p1b: Sangria
|-damage|p1b: Sangria|0 fnt
|-enditem|p1b: Sangria|Life Orb|[from] move: Knock Off|[of] p2a: Incineroar
|faint|p1b: Sangria
|
|win|John Cena Calvo
|raw|uglybeast's rating: 1310 → 1286(-24 for losing)
|raw|John Cena Calvo's rating: 1241 → 1271(+30 for winning)
