|j|☆chatgptdraftduel
|j|☆rager88
|html|chatgptdraftduelrager88    
|uhtml|bestof|Game 2 of a best-of-3
|t:|1785788226
|gametype|doubles
|player|p1|chatgptdraftduel|266|
|player|p2|rager88|102|
|gen|9
|tier|[Gen 9 Champions] VGC 2026 Reg M-B (Bo3)
|rule|Species Clause: Limit one of each Pokémon
|rule|Item Clause: Limit 1 of each item
|clearpoke
|poke|p1|Metagross, L50|
|poke|p1|Torkoal, L50, F|
|poke|p1|Hatterene, L50, F|
|poke|p1|Talonflame, L50, M|
|poke|p1|Annihilape, L50, M|
|poke|p1|Gardevoir, L50, F|
|poke|p2|Ninetales-Alola, L50, M|
|poke|p2|Scovillain, L50, F|
|poke|p2|Blastoise, L50, F|
|poke|p2|Aerodactyl, L50, F|
|poke|p2|Garchomp, L50, F|
|poke|p2|Hydreigon, L50, F|
|teampreview|4
|showteam|p1|Metagross||Metagrossite|ClearBody|MeteorMash,ZenHeadbutt,IcePunch,Protect|Adamant|||||50|]Torkoal||Charcoal|Drought|Eruption,HeatWave,Yawn,Protect|Quiet||F|||50|]Hatterene||FocusSash|MagicBounce|TrickRoom,DazzlingGleam,MysticalFire,Protect|Quiet||F|||50|]Talonflame||SharpBeak|GaleWings|Tailwind,BraveBird,FlareBlitz,Protect|Adamant||M|||50|]Annihilape||Leftovers|Defiant|RageFist,DrainPunch,BulkUp,Protect|Adamant||M|||50|]Gardevoir||Gardevoirite|Synchronize|HyperVoice,Psychic,TrickRoom,Protect|Quiet||F|||50|
|showteam|p2|Ninetales-Alola||FocusSash|SnowWarning|AuroraVeil,Blizzard,Moonblast,Encore|Timid||M|||50|]Scovillain||Scovillainite|Moody|RagePowder,Flamethrower,LeechSeed,Protect|Bold||F|||50|]Blastoise||ShellBell|Torrent|FakeOut,WaterSpout,IceBeam,Protect|Modest||F|||50|]Aerodactyl||Aerodactylite|RockHead|RockSlide,Tailwind,DualWingbeat,Protect|Adamant||F|||50|]Garchomp||SitrusBerry|SandVeil|Earthquake,SwordsDance,DragonClaw,Protect|Adamant||F|||50|]Hydreigon||ChoiceScarf|Levitate|Snarl,DracoMeteor,DarkPulse,HeatWave|Modest||F|||50|
|
|t:|1785788371
|teamsize|p1|4
|teamsize|p2|4
|start
|switch|p1a: Talonflame|Talonflame, L50, M|100/100
|switch|p1b: Metagross|Metagross, L50|100/100
|switch|p2a: Ninetales|Ninetales-Alola, L50, M|100/100
|switch|p2b: Scovillain|Scovillain, L50, F|100/100
|-weather|Snowscape|[from] ability: Snow Warning|[of] p2a: Ninetales
|turn|1
|
|t:|1785788453
|detailschange|p1b: Metagross|Metagross-Mega, L50
|-mega|p1b: Metagross|Metagross|Metagrossite
|move|p1b: Metagross|Protect|p1b: Metagross
|-singleturn|p1b: Metagross|Protect
|move|p2a: Ninetales|Aurora Veil|p2a: Ninetales
|-sidestart|p2: rager88|move: Aurora Veil
|move|p1a: Talonflame|Flare Blitz|p2a: Ninetales
|-supereffective|p2a: Ninetales|1
|-damage|p2a: Ninetales|33/100
|-status|p2a: Ninetales|brn
|-damage|p1a: Talonflame|80/100|[from] Recoil
|move|p2b: Scovillain|Leech Seed|p1b: Metagross
|-activate|p1b: Metagross|move: Protect
|
|-weather|Snowscape|[upkeep]
|-damage|p2a: Ninetales|27/100 brn|[from] brn
|-ability|p2b: Scovillain|Moody|boost
|-boost|p2b: Scovillain|spa|2
|-unboost|p2b: Scovillain|def|1
|upkeep
|turn|2
|j| Raxxantess
|l| Raxxantess
|
|t:|1785788575
|move|p2b: Scovillain|Protect|p2b: Scovillain
|-singleturn|p2b: Scovillain|Protect
|move|p2a: Ninetales|Encore|p1b: Metagross
|-start|p1b: Metagross|Encore
|move|p1b: Metagross|Protect||[still]
|-fail|p1b: Metagross
|move|p1a: Talonflame|Flare Blitz|p2a: Ninetales
|-supereffective|p2a: Ninetales|1
|-damage|p2a: Ninetales|0 fnt
|faint|p2a: Ninetales
|-damage|p1a: Talonflame|72/100|[from] Recoil
|
|-weather|Snowscape|[upkeep]
|-ability|p2b: Scovillain|Moody|boost
|-boost|p2b: Scovillain|spa|2
|-unboost|p2b: Scovillain|atk|1
|upkeep
|
|t:|1785788611
|switch|p2a: Blastoise|Blastoise, L50, F|100/100
|turn|3
|
|t:|1785788685
|switch|p1b: Torkoal|Torkoal, L50, F|100/100
|-weather|SunnyDay|[from] ability: Drought|[of] p1b: Torkoal
|move|p2a: Blastoise|Fake Out|p1a: Talonflame
|-damage|p1a: Talonflame|63/100
|cant|p1a: Talonflame|flinch
|move|p2b: Scovillain|Leech Seed|p1b: Torkoal
|-start|p1b: Torkoal|move: Leech Seed
|
|-weather|SunnyDay|[upkeep]
|-damage|p1b: Torkoal|87/100|[from] Leech Seed|[of] p2b: Scovillain
|-ability|p2b: Scovillain|Moody|boost
|-boost|p2b: Scovillain|spa|2
|-unboost|p2b: Scovillain|def|1
|upkeep
|turn|4
|
|t:|1785788805
|move|p2b: Scovillain|Protect|p2b: Scovillain
|-singleturn|p2b: Scovillain|Protect
|move|p1a: Talonflame|Flare Blitz|p2b: Scovillain
|-activate|p2b: Scovillain|move: Protect
|move|p2a: Blastoise|Water Spout|p1a: Talonflame|[spread] p1a,p1b
|-supereffective|p1a: Talonflame|1
|-supereffective|p1b: Torkoal|1
|-damage|p1a: Talonflame|0 fnt
|-damage|p1b: Torkoal|22/100
|faint|p1a: Talonflame
|move|p1b: Torkoal|Heat Wave|p2b: Scovillain|[spread] p2a
|-activate|p2b: Scovillain|move: Protect
|-resisted|p2a: Blastoise|1
|-damage|p2a: Blastoise|81/100
|
|-weather|SunnyDay|[upkeep]
|-damage|p1b: Torkoal|9/100|[from] Leech Seed|[of] p2b: Scovillain
|-ability|p2b: Scovillain|Moody|boost
|-boost|p2b: Scovillain|spe|2
|-unboost|p2b: Scovillain|def|1
|upkeep
|
|t:|1785788897
|switch|p1a: Gardevoir|Gardevoir, L50, F|100/100
|turn|5
|
|t:|1785788927
|move|p1b: Torkoal|Protect|p1b: Torkoal
|-singleturn|p1b: Torkoal|Protect
|move|p2b: Scovillain|Flamethrower|p1a: Gardevoir
|-crit|p1a: Gardevoir
|-damage|p1a: Gardevoir|0 fnt
|faint|p1a: Gardevoir
|move|p2a: Blastoise|Water Spout|p1b: Torkoal
|-activate|p1b: Torkoal|move: Protect
|
|-weather|SunnyDay|[upkeep]
|-damage|p1b: Torkoal|0 fnt|[from] Leech Seed|[of] p2b: Scovillain
|faint|p1b: Torkoal
|-sideend|p2: rager88|move: Aurora Veil
|-ability|p2b: Scovillain|Moody|boost
|-boost|p2b: Scovillain|spe|2
|-unboost|p2b: Scovillain|atk|1
|upkeep
|
|t:|1785789020
|switch|p1b: Metagross|Metagross-Mega, L50|100/100
|turn|6
|
|t:|1785789039
|switch|p2a: Garchomp|Garchomp, L50, F|100/100
|detailschange|p2b: Scovillain|Scovillain-Mega, L50, F
|-mega|p2b: Scovillain|Scovillain|Scovillainite
|move|p2b: Scovillain|Flamethrower|p1b: Metagross
|-supereffective|p1b: Metagross|1
|-damage|p1b: Metagross|0 fnt
|faint|p1b: Metagross
|
|win|rager88
