|j|☆mythicalslol
|j|☆Quill86
|html|mythicalslolQuill86    
|uhtml|bestof|Game 3 of a best-of-3
|t:|1757643548
|gametype|doubles
|player|p1|mythicalslol|102|1243
|player|p2|Quill86|lucas|1245
|gen|9
|tier|[Gen 9] VGC 2025 Reg H (Bo3)
|rated|
|rule|Species Clause: Limit one of each Pokémon
|rule|Item Clause: Limit 1 of each item
|clearpoke
|poke|p1|Archaludon, L50, M|
|poke|p1|Dragonite, L50, M|
|poke|p1|Pelipper, L50, F|
|poke|p1|Ursaluna, L50, F|
|poke|p1|Sinistcha, L50|
|poke|p1|Gholdengo, L50|
|poke|p2|Incineroar, L50, M|
|poke|p2|Gholdengo, L50|
|poke|p2|Ursaluna-Bloodmoon, L50, M|
|poke|p2|Amoonguss, L50, F|
|poke|p2|Indeedee-F, L50, F|
|poke|p2|Gallade, L50, M|
|teampreview|4
|showteam|p1|Archaludon||AssaultVest|Stamina|FlashCannon,BodyPress,ElectroShot,Snarl|||M|||50|,,,,,Fighting]Dragonite||LoadedDice|Multiscale|ScaleShot,Tailwind,Haze,Protect|||M|||50|,,,,,Fairy]Pelipper||FocusSash|Drizzle|MuddyWater,Hurricane,Tailwind,Protect|||F|||50|,,,,,Ghost]Ursaluna||FlameOrb|Guts|Facade,HeadlongRush,Earthquake,Protect|||F|||50|,,,,,Ghost]Sinistcha||SitrusBerry|Hospitality|MatchaGotcha,LifeDew,RagePowder,TrickRoom||||||50|,,,,,Dark]Gholdengo||ChoiceScarf|GoodasGold|MakeItRain,ShadowBall,Trick,Protect||||||50|,,,,,Flying
|showteam|p2|Incineroar||SafetyGoggles|Intimidate|FakeOut,FlareBlitz,KnockOff,PartingShot|||M|||50|,,,,,Ghost]Gholdengo||SitrusBerry|GoodasGold|MakeItRain,ShadowBall,NastyPlot,Protect||||||50|,,,,,Water]Ursaluna-Bloodmoon||LifeOrb|MindsEye|BloodMoon,HyperVoice,EarthPower,Protect|||M|||50|,,,,,Normal]Amoonguss||MentalHerb|Regenerator|Spore,RagePowder,PollenPuff,ClearSmog|||F|||50|,,,,,Dragon]Indeedee-F||PsychicSeed|PsychicSurge|FollowMe,TrickRoom,HelpingHand,DazzlingGleam|||F|||50|,,,,,Fairy]Gallade||ClearAmulet|Sharpness|SacredSword,PsychoCut,WideGuard,TrickRoom|||M|||50|,,,,,Grass
|inactive|Battle timer is ON: inactive players will automatically lose when time's up. (requested by Quill86)
|inactive|mythicalslol has 60 seconds left.
|
|t:|1757643599
|teamsize|p1|4
|teamsize|p2|4
|start
|switch|p1a: Gholdengo|Gholdengo, L50|100/100
|switch|p1b: Archaludon|Archaludon, L50, M|100/100
|switch|p2a: Indeedee|Indeedee-F, L50, F|100/100
|switch|p2b: Gallade|Gallade, L50, M|100/100
|-fieldstart|move: Psychic Terrain|[from] ability: Psychic Surge|[of] p2a: Indeedee
|-enditem|p2a: Indeedee|Psychic Seed
|-boost|p2a: Indeedee|spd|1|[from] item: Psychic Seed
|turn|1
|inactive|mythicalslol has 30 seconds left.
|inactive|Quill86 has 30 seconds left.
|
|t:|1757643634
|move|p2a: Indeedee|Follow Me|p2a: Indeedee
|-singleturn|p2a: Indeedee|move: Follow Me
|move|p1a: Gholdengo|Make It Rain|p2a: Indeedee|[spread] p2a,p2b
|-damage|p2a: Indeedee|65/100
|-damage|p2b: Gallade|57/100
|-unboost|p1a: Gholdengo|spa|1
|move|p1b: Archaludon|Snarl|p2a: Indeedee|[spread] p2a,p2b
|-supereffective|p2a: Indeedee
|-damage|p2a: Indeedee|50/100
|-damage|p2b: Gallade|46/100
|-unboost|p2a: Indeedee|spa|1
|move|p2b: Gallade|Sacred Sword|p1b: Archaludon
|-supereffective|p1b: Archaludon
|-damage|p1b: Archaludon|14/100
|-ability|p1b: Archaludon|Stamina|boost
|-boost|p1b: Archaludon|def|1
|
|upkeep
|turn|2
|
|t:|1757643655
|switch|p1b: Pelipper|Pelipper, L50, F|100/100
|-weather|RainDance|[from] ability: Drizzle|[of] p1b: Pelipper
|move|p2b: Gallade|Wide Guard|p2b: Gallade
|-singleturn|p2b: Gallade|Wide Guard
|move|p1a: Gholdengo|Make It Rain|p2a: Indeedee|[spread] 
|-activate|p2a: Indeedee|move: Wide Guard
|-activate|p2b: Gallade|move: Wide Guard
|move|p2a: Indeedee|Trick Room|p2a: Indeedee
|-fieldstart|move: Trick Room|[of] p2a: Indeedee
|
|-weather|RainDance|[upkeep]
|upkeep
|turn|3
|
|t:|1757643665
|switch|p1a: Archaludon|Archaludon, L50, M|14/100
|move|p1b: Pelipper|Protect|p1b: Pelipper
|-singleturn|p1b: Pelipper|Protect
|move|p2b: Gallade|Psycho Cut|p1b: Pelipper
|-activate|p1b: Pelipper|move: Protect
|move|p2a: Indeedee|Dazzling Gleam|p1b: Pelipper|[spread] p1a
|-activate|p1b: Pelipper|move: Protect
|-damage|p1a: Archaludon|8/100
|-ability|p1a: Archaludon|Stamina|boost
|-boost|p1a: Archaludon|def|1
|
|-weather|RainDance|[upkeep]
|upkeep
|turn|4
|
|t:|1757643683
|switch|p1b: Gholdengo|Gholdengo, L50|100/100
|move|p2b: Gallade|Psycho Cut|p1b: Gholdengo
|-resisted|p1b: Gholdengo
|-damage|p1b: Gholdengo|61/100
|move|p2a: Indeedee|Dazzling Gleam|p1b: Gholdengo|[spread] p1a,p1b
|-resisted|p1b: Gholdengo
|-damage|p1a: Archaludon|2/100
|-damage|p1b: Gholdengo|56/100
|-ability|p1a: Archaludon|Stamina|boost
|-boost|p1a: Archaludon|def|1
|move|p1a: Archaludon|Electro Shot||[still]
|-prepare|p1a: Archaludon|Electro Shot
|-boost|p1a: Archaludon|spa|1
|-anim|p1a: Archaludon|Electro Shot|p2b: Gallade
|-damage|p2b: Gallade|0 fnt
|faint|p2b: Gallade
|
|-weather|RainDance|[upkeep]
|upkeep
|
|t:|1757643686
|switch|p2b: Ursaluna|Ursaluna-Bloodmoon, L50, M|100/100
|turn|5
|inactive|mythicalslol has 30 seconds left.
|
|t:|1757643715
|-terastallize|p2b: Ursaluna|Normal
|move|p2a: Indeedee|Helping Hand|p2b: Ursaluna
|-singleturn|p2b: Ursaluna|Helping Hand|[of] p2a: Indeedee
|move|p2b: Ursaluna|Hyper Voice|p1b: Gholdengo|[spread] p1a,p1b
|-resisted|p1a: Archaludon
|-resisted|p1b: Gholdengo
|-damage|p1a: Archaludon|0 fnt
|-damage|p1b: Gholdengo|0 fnt
|faint|p1a: Archaludon
|faint|p1b: Gholdengo
|-damage|p2b: Ursaluna|90/100|[from] item: Life Orb
|
|-weather|RainDance|[upkeep]
|-fieldend|move: Psychic Terrain
|upkeep
|
|t:|1757643721
|switch|p1a: Pelipper|Pelipper, L50, F|100/100
|switch|p1b: Ursaluna|Ursaluna, L50, F|100/100
|turn|6
|
|t:|1757643730
|switch|p2b: Incineroar|Incineroar, L50, M|100/100
|-ability|p2b: Incineroar|Intimidate|boost
|-unboost|p1a: Pelipper|atk|1
|-unboost|p1b: Ursaluna|atk|1
|move|p1b: Ursaluna|Protect|p1b: Ursaluna
|-singleturn|p1b: Ursaluna|Protect
|move|p1a: Pelipper|Protect|p1a: Pelipper
|-singleturn|p1a: Pelipper|Protect
|move|p2a: Indeedee|Dazzling Gleam|p1b: Ursaluna|[spread] 
|-activate|p1a: Pelipper|move: Protect
|-activate|p1b: Ursaluna|move: Protect
|
|-weather|none
|-fieldend|move: Trick Room
|-status|p1b: Ursaluna|brn|[from] item: Flame Orb
|upkeep
|turn|7
|
|t:|1757643743
|-terastallize|p1b: Ursaluna|Ghost
|move|p2b: Incineroar|Fake Out|p1b: Ursaluna
|-immune|p1b: Ursaluna
|move|p1a: Pelipper|Muddy Water|p2a: Indeedee|[spread] p2b
|-miss|p1a: Pelipper|p2a: Indeedee
|-supereffective|p2b: Incineroar
|-damage|p2b: Incineroar|41/100
|-unboost|p2b: Incineroar|accuracy|1
|move|p1b: Ursaluna|Facade|p2a: Indeedee
|-damage|p2a: Indeedee|0 fnt
|faint|p2a: Indeedee
|
|-damage|p1b: Ursaluna|95/100 brn|[from] brn
|upkeep
|
|t:|1757643752
|switch|p2a: Ursaluna|Ursaluna-Bloodmoon, L50, M, tera:Normal|90/100
|turn|8
|
|t:|1757643766
|move|p1a: Pelipper|Muddy Water|p2b: Incineroar|[spread] p2a,p2b
|-supereffective|p2b: Incineroar
|-damage|p2a: Ursaluna|55/100
|-damage|p2b: Incineroar|0 fnt
|faint|p2b: Incineroar
|move|p1b: Ursaluna|Facade|p2a: Ursaluna
|-damage|p2a: Ursaluna|0 fnt
|faint|p2a: Ursaluna
|
|win|mythicalslol
|raw|mythicalslol's rating: 1243 → 1268(+25 for winning)
|raw|Quill86's rating: 1245 → 1220(-25 for losing)
