|j|☆the winking dol
|j|☆L9_Shrimp
|html|the winking dolL9_Shrimp    
|uhtml|bestof|Game 3 of a best-of-3
|t:|1756331112
|gametype|doubles
|player|p1|the winking dol|dawn|1099
|player|p2|L9_Shrimp|fisherman|1067
|gen|9
|tier|[Gen 9] VGC 2025 Reg H (Bo3)
|rated|
|rule|Species Clause: Limit one of each Pokémon
|rule|Item Clause: Limit 1 of each item
|clearpoke
|poke|p1|Rillaboom, L50, F|
|poke|p1|Glimmora, L50, M|
|poke|p1|Farigiraf, L50, F|
|poke|p1|Tyranitar, L50, M|
|poke|p1|Kommo-o, L50, M|
|poke|p1|Gholdengo, L50|
|poke|p2|Garchomp, L50, F|
|poke|p2|Incineroar, L50, F|
|poke|p2|Gholdengo, L50|
|poke|p2|Tyranitar, L50, F|
|poke|p2|Kilowattrel, L50, M|
|poke|p2|Amoonguss, L50, F|
|teampreview|4
|showteam|p1|Rillaboom||MiracleSeed|GrassySurge|WoodHammer,GrassyGlide,HighHorsepower,FakeOut|||F|||50|,,,,,Poison]Glimmora||LifeOrb|ToxicDebris|PowerGem,EarthPower,SludgeWave,SpikyShield|||M|||50|,,,,,Ghost]Farigiraf||SitrusBerry|ArmorTail|Psychic,HyperVoice,FoulPlay,TrickRoom|||F|||50|,,,,,Dark]Tyranitar||AssaultVest|SandStream|RockSlide,KnockOff,LowKick,TeraBlast|||M|||50|,,,,,Ghost]Kommo-o||Leftovers|Overcoat|ClangingScales,AuraSphere,Flamethrower,ClangorousSoul|||M|||50|,,,,,Steel]Gholdengo||ChoiceScarf|GoodasGold|MakeItRain,ShadowBall,Trick,Protect||||||50|,,,,,Steel
|showteam|p2|Garchomp||LifeOrb|RoughSkin|Earthquake,DragonClaw,StompingTantrum,Protect|||F|||50|,,,,,Fire]Incineroar||SafetyGoggles|Intimidate|Taunt,KnockOff,PartingShot,FakeOut|||F|||50|,,,,,Ghost]Gholdengo||IronPlate|GoodasGold|ShadowBall,MakeItRain,NastyPlot,Protect||||||50|,,,,,Flying]Tyranitar||AssaultVest|SandStream|RockSlide,KnockOff,LowKick,TeraBlast|||F|||50|,,,,,Flying]Kilowattrel||FocusSash|Competitive|Tailwind,Thunderbolt,AirSlash,Protect|||M|||50|,,,,,Ghost]Amoonguss||SitrusBerry|Regenerator|Spore,RagePowder,PollenPuff,Protect|||F|||50|,,,,,Water
|inactive|Battle timer is ON: inactive players will automatically lose when time's up. (requested by the winking dol)
|inactive|the winking dol has 60 seconds left.
|
|t:|1756331164
|teamsize|p1|4
|teamsize|p2|4
|start
|switch|p1a: Rillaboom|Rillaboom, L50, F|100/100
|switch|p1b: Kommo-o|Kommo-o, L50, M|100/100
|switch|p2a: Kilowattrel|Kilowattrel, L50, M|100/100
|switch|p2b: Incineroar|Incineroar, L50, F|100/100
|-fieldstart|move: Grassy Terrain|[from] ability: Grassy Surge|[of] p1a: Rillaboom
|-ability|p2b: Incineroar|Intimidate|boost
|-unboost|p1a: Rillaboom|atk|1
|-unboost|p1b: Kommo-o|atk|1
|turn|1
|inactive|L9_Shrimp has 30 seconds left.
|
|t:|1756331195
|switch|p1b: Glimmora|Glimmora, L50, M|100/100
|-terastallize|p2a: Kilowattrel|Ghost
|move|p1a: Rillaboom|Fake Out|p2a: Kilowattrel
|-immune|p2a: Kilowattrel
|move|p2a: Kilowattrel|Tailwind|p2a: Kilowattrel
|-sidestart|p2: L9_Shrimp|move: Tailwind
|move|p2b: Incineroar|Taunt|p1b: Glimmora
|-start|p1b: Glimmora|move: Taunt
|
|upkeep
|turn|2
|inactive|the winking dol has 30 seconds left.
|inactive|the winking dol has 20 seconds left.
|
|t:|1756331231
|switch|p1a: Farigiraf|Farigiraf, L50, F|100/100
|move|p2a: Kilowattrel|Thunderbolt|p1b: Glimmora
|-damage|p1b: Glimmora|59/100
|move|p2b: Incineroar|Knock Off|p1b: Glimmora
|-damage|p1b: Glimmora|20/100
|-activate|p1b: Glimmora|ability: Toxic Debris
|-sidestart|p2: L9_Shrimp|move: Toxic Spikes
|-enditem|p1b: Glimmora|Life Orb|[from] move: Knock Off|[of] p2b: Incineroar
|move|p1b: Glimmora|Earth Power|p2b: Incineroar
|-supereffective|p2b: Incineroar
|-damage|p2b: Incineroar|39/100
|
|-heal|p2b: Incineroar|45/100|[from] Grassy Terrain
|-heal|p1b: Glimmora|26/100|[from] Grassy Terrain
|upkeep
|turn|3
|inactive|the winking dol has 30 seconds left.
|
|t:|1756331258
|move|p2a: Kilowattrel|Thunderbolt|p1a: Farigiraf
|-damage|p1a: Farigiraf|63/100
|-status|p1a: Farigiraf|par
|move|p2b: Incineroar|Knock Off|p1a: Farigiraf
|-supereffective|p1a: Farigiraf
|-damage|p1a: Farigiraf|0 fnt
|-enditem|p1a: Farigiraf|Sitrus Berry|[from] move: Knock Off|[of] p2b: Incineroar
|faint|p1a: Farigiraf
|move|p1b: Glimmora|Power Gem|p2a: Kilowattrel
|-damage|p2a: Kilowattrel|20/100
|
|-heal|p2a: Kilowattrel|26/100|[from] Grassy Terrain
|-heal|p2b: Incineroar|51/100|[from] Grassy Terrain
|-heal|p1b: Glimmora|32/100|[from] Grassy Terrain
|-end|p1b: Glimmora|move: Taunt
|upkeep
|
|t:|1756331276
|switch|p1a: Rillaboom|Rillaboom, L50, F|100/100
|turn|4
|
|t:|1756331285
|move|p2a: Kilowattrel|Protect|p2a: Kilowattrel
|-singleturn|p2a: Kilowattrel|Protect
|move|p1a: Rillaboom|Grassy Glide|p2a: Kilowattrel
|-activate|p2a: Kilowattrel|move: Protect
|move|p2b: Incineroar|Parting Shot|p1a: Rillaboom
|-unboost|p1a: Rillaboom|atk|1
|-unboost|p1a: Rillaboom|spa|1
|
|t:|1756331292
|switch|p2b: Gholdengo|Gholdengo, L50|100/100|[from] Parting Shot
|move|p1b: Glimmora|Power Gem|p2b: Gholdengo
|-resisted|p2b: Gholdengo
|-damage|p2b: Gholdengo|75/100
|
|-heal|p2a: Kilowattrel|32/100|[from] Grassy Terrain
|-heal|p2b: Gholdengo|81/100|[from] Grassy Terrain
|-heal|p1b: Glimmora|38/100|[from] Grassy Terrain
|-sideend|p2: L9_Shrimp|move: Tailwind
|upkeep
|turn|5
|
|t:|1756331306
|switch|p2a: Incineroar|Incineroar, L50, F|51/100
|-status|p2a: Incineroar|psn
|-ability|p2a: Incineroar|Intimidate|boost
|-unboost|p1a: Rillaboom|atk|1
|-unboost|p1b: Glimmora|atk|1
|move|p2b: Gholdengo|Protect|p2b: Gholdengo
|-singleturn|p2b: Gholdengo|Protect
|move|p1a: Rillaboom|Grassy Glide|p2a: Incineroar
|-resisted|p2a: Incineroar
|-damage|p2a: Incineroar|41/100 psn
|move|p1b: Glimmora|Earth Power|p2b: Gholdengo
|-activate|p2b: Gholdengo|move: Protect
|
|-heal|p2b: Gholdengo|87/100|[from] Grassy Terrain
|-heal|p2a: Incineroar|47/100 psn|[from] Grassy Terrain
|-heal|p1b: Glimmora|44/100|[from] Grassy Terrain
|-damage|p2a: Incineroar|34/100 psn|[from] psn
|-fieldend|move: Grassy Terrain
|upkeep
|turn|6
|
|t:|1756331330
|move|p2a: Incineroar|Fake Out|p1b: Glimmora
|-resisted|p1b: Glimmora
|-damage|p1b: Glimmora|38/100
|-activate|p1b: Glimmora|ability: Toxic Debris
|-sidestart|p2: L9_Shrimp|move: Toxic Spikes
|move|p2b: Gholdengo|Nasty Plot|p2b: Gholdengo
|-boost|p2b: Gholdengo|spa|2
|move|p1a: Rillaboom|High Horsepower|p2b: Gholdengo
|-supereffective|p2b: Gholdengo
|-damage|p2b: Gholdengo|52/100
|cant|p1b: Glimmora|flinch
|
|-damage|p2a: Incineroar|22/100 psn|[from] psn
|upkeep
|turn|7
|
|t:|1756331349
|move|p2b: Gholdengo|Protect|p2b: Gholdengo
|-singleturn|p2b: Gholdengo|Protect
|move|p1a: Rillaboom|High Horsepower|p2b: Gholdengo
|-activate|p2b: Gholdengo|move: Protect
|move|p2a: Incineroar|Parting Shot|p1a: Rillaboom
|-unboost|p1a: Rillaboom|atk|1
|-unboost|p1a: Rillaboom|spa|1
|
|t:|1756331365
|switch|p2a: Kilowattrel|Kilowattrel, L50, M, tera:Ghost|32/100|[from] Parting Shot
|-status|p2a: Kilowattrel|tox
|move|p1b: Glimmora|Earth Power|p2b: Gholdengo
|-activate|p2b: Gholdengo|move: Protect
|
|-damage|p2a: Kilowattrel|26/100 tox|[from] psn
|upkeep
|turn|8
|
|t:|1756331377
|move|p2a: Kilowattrel|Tailwind|p2a: Kilowattrel
|-sidestart|p2: L9_Shrimp|move: Tailwind
|move|p2b: Gholdengo|Make It Rain|p1b: Glimmora|[spread] p1a,p1b
|-supereffective|p1b: Glimmora
|-damage|p1a: Rillaboom|0 fnt
|-damage|p1b: Glimmora|0 fnt
|-unboost|p2b: Gholdengo|spa|1
|faint|p1a: Rillaboom
|faint|p1b: Glimmora
|
|-damage|p2a: Kilowattrel|14/100 tox|[from] psn
|upkeep
|
|t:|1756331388
|switch|p1b: Kommo-o|Kommo-o, L50, M|100/100
|turn|9
|
|t:|1756331393
|-terastallize|p1b: Kommo-o|Steel
|move|p2a: Kilowattrel|Air Slash|p1b: Kommo-o
|-resisted|p1b: Kommo-o
|-damage|p1b: Kommo-o|85/100
|move|p2b: Gholdengo|Shadow Ball|p1b: Kommo-o
|-damage|p1b: Kommo-o|23/100
|move|p1b: Kommo-o|Flamethrower|p2b: Gholdengo
|-supereffective|p2b: Gholdengo
|-damage|p2b: Gholdengo|0 fnt
|faint|p2b: Gholdengo
|
|-heal|p1b: Kommo-o|29/100|[from] item: Leftovers
|-damage|p2a: Kilowattrel|0 fnt|[from] psn
|faint|p2a: Kilowattrel
|upkeep
|
|t:|1756331401
|switch|p2a: Tyranitar|Tyranitar, L50, F|100/100
|switch|p2b: Incineroar|Incineroar, L50, F|22/100 psn
|-ability|p2b: Incineroar|Intimidate|boost
|-unboost|p1b: Kommo-o|atk|1
|-status|p2a: Tyranitar|tox
|-weather|Sandstorm|[from] ability: Sand Stream|[of] p2a: Tyranitar
|turn|10
|
|t:|1756331415
|move|p2b: Incineroar|Fake Out|p1b: Kommo-o
|-resisted|p1b: Kommo-o
|-damage|p1b: Kommo-o|25/100
|move|p2a: Tyranitar|Low Kick|p1b: Kommo-o
|-supereffective|p1b: Kommo-o
|-damage|p1b: Kommo-o|0 fnt
|faint|p1b: Kommo-o
|
|win|L9_Shrimp
|raw|the winking dol's rating: 1099 → 1072(-27 for losing)
|raw|L9_Shrimp's rating: 1067 → 1100(+33 for winning)
|c|☆the winking dol|gg
|l|☆L9_Shrimp
|player|p2|
|l|☆the winking dol
|player|p1|
|j|☆the winking dol
|player|p1|the winking dol|dawn|
