|j|☆nman101010
|j|☆avalos jr
|html|nman101010avalos jr    
|uhtml|bestof|Game 1 of a best-of-3
|t:|1783267916
|gametype|doubles
|player|p1|nman101010|1|1138
|player|p2|avalos jr|miku-ghost|1193
|gen|9
|tier|[Gen 9 Champions] VGC 2026 Reg M-B (Bo3)
|rated|
|rule|Species Clause: Limit one of each Pokémon
|rule|Item Clause: Limit 1 of each item
|clearpoke
|poke|p1|Metagross, L50|
|poke|p1|Hydreigon, L50, F|
|poke|p1|Farigiraf, L50, M|
|poke|p1|Sylveon, L50, F|
|poke|p1|Gholdengo, L50|
|poke|p1|Dragonite, L50, M|
|poke|p2|Floette-Eternal, L50, F|
|poke|p2|Incineroar, L50, F, shiny|
|poke|p2|Sinistcha, L50, shiny|
|poke|p2|Garchomp, L50, M, shiny|
|poke|p2|Whimsicott, L50, F, shiny|
|poke|p2|Delphox, L50, F, shiny|
|teampreview|4
|showteam|p1|Metagross||Metagrossite|ClearBody|PsychicFangs,BulletPunch,HammerArm,Protect|Adamant|||||50|]Hydreigon||ChoiceScarf|Levitate|DracoMeteor,DarkPulse,Snarl,EarthPower|Modest||F|||50|]Farigiraf||SitrusBerry|ArmorTail|Psychic,HelpingHand,TrickRoom,Protect|Bold||M|||50|]Sylveon||FairyFeather|Pixilate|HyperVoice,HyperBeam,QuickAttack,Protect|Modest||F|||50|]Gholdengo||LifeOrb|GoodasGold|ShadowBall,MakeItRain,PowerGem,Protect|Modest|||||50|]Dragonite||Dragoninite|Multiscale|Tailwind,AirSlash,DracoMeteor,Haze|Modest||M|||50|
|showteam|p2|Floette-Eternal||Floettite|FlowerVeil|DrainingKiss,DazzlingGleam,CalmMind,Protect|Modest||F|||50|]Incineroar||Charcoal|Intimidate|FakeOut,ThroatChop,FlareBlitz,PartingShot|Adamant||F|||50|]Sinistcha||CobaBerry|Hospitality|MatchaGotcha,RagePowder,LifeDew,TrickRoom|Bold|||||50|]Garchomp||LifeOrb|RoughSkin|RockSlide,Earthquake,DragonClaw,Protect|Jolly||M|||50|]Whimsicott||FairyFeather|Prankster|Moonblast,Tailwind,Encore,Protect|Timid||F|||50|]Delphox||Delphoxite|Blaze|HeatWave,Psychic,NastyPlot,Protect|Timid||F|||50|
|inactive|Battle timer is ON: inactive players will automatically lose when time's up. (requested by avalos jr)
|inactive|nman101010 has 60 seconds left.
|
|t:|1783267960
|teamsize|p1|4
|teamsize|p2|4
|start
|switch|p1a: Hydreigon|Hydreigon, L50, F|100/100
|switch|p1b: Gholdengo|Gholdengo, L50|100/100
|switch|p2a: Psychopomp|Delphox, L50, F, shiny|100/100
|switch|p2b: Flaure|Whimsicott, L50, F, shiny|100/100
|turn|1
|inactive|nman101010 has 30 seconds left.
|
|t:|1783267989
|detailschange|p2a: Psychopomp|Delphox-Mega, L50, F, shiny
|-mega|p2a: Psychopomp|Delphox|Delphoxite
|move|p2a: Psychopomp|Protect|p2a: Psychopomp
|-singleturn|p2a: Psychopomp|Protect
|move|p1a: Hydreigon|Dark Pulse|p2a: Psychopomp
|-activate|p2a: Psychopomp|move: Protect
|move|p2b: Flaure|Moonblast|p1a: Hydreigon
|-supereffective|p1a: Hydreigon|2
|-damage|p1a: Hydreigon|0 fnt
|faint|p1a: Hydreigon
|move|p1b: Gholdengo|Make It Rain|p2b: Flaure|[spread] p2b
|-activate|p2a: Psychopomp|move: Protect
|-supereffective|p2b: Flaure|1
|-damage|p2b: Flaure|0 fnt
|-unboost|p1b: Gholdengo|spa|2
|faint|p2b: Flaure
|-damage|p1b: Gholdengo|90/100|[from] item: Life Orb
|
|upkeep
|
|t:|1783268011
|switch|p2b: Mr. Meow|Incineroar, L50, F, shiny|100/100
|switch|p1a: Dragonite|Dragonite, L50, M|100/100
|-ability|p2b: Mr. Meow|Intimidate|boost
|-unboost|p1a: Dragonite|atk|1
|-unboost|p1b: Gholdengo|atk|1
|turn|2
|
|t:|1783268021
|switch|p1b: Farigiraf|Farigiraf, L50, M|100/100
|detailschange|p1a: Dragonite|Dragonite-Mega, L50, M
|-mega|p1a: Dragonite|Dragonite|Dragoninite
|move|p2b: Mr. Meow|Fake Out||[still]
|cant|p1b: Farigiraf|ability: Armor Tail|Fake Out|[of] p2b: Mr. Meow
|move|p2a: Psychopomp|Heat Wave|p1a: Dragonite|[spread] p1a,p1b
|-resisted|p1a: Dragonite|1
|-damage|p1a: Dragonite|92/100
|-damage|p1b: Farigiraf|58/100
|move|p1a: Dragonite|Tailwind|p1a: Dragonite
|-sidestart|p1: nman101010|move: Tailwind
|
|upkeep
|turn|3
|
|t:|1783268044
|move|p1b: Farigiraf|Helping Hand|p1a: Dragonite
|-singleturn|p1a: Dragonite|Helping Hand|[of] p1b: Farigiraf
|move|p1a: Dragonite|Draco Meteor|p2b: Mr. Meow
|-damage|p2b: Mr. Meow|0 fnt
|-unboost|p1a: Dragonite|spa|2
|faint|p2b: Mr. Meow
|move|p2a: Psychopomp|Heat Wave|p1a: Dragonite|[spread] p1a,p1b
|-resisted|p1a: Dragonite|1
|-damage|p1a: Dragonite|75/100
|-damage|p1b: Farigiraf|20/100y
|-enditem|p1b: Farigiraf|Sitrus Berry|[eat]
|-heal|p1b: Farigiraf|45/100|[from] item: Sitrus Berry
|
|upkeep
|
|t:|1783268058
|switch|p2b: Beri|Sinistcha, L50, shiny|100/100
|turn|4
|
|t:|1783268062
|move|p1b: Farigiraf|Protect|p1b: Farigiraf
|-singleturn|p1b: Farigiraf|Protect
|move|p1a: Dragonite|Haze|p1a: Dragonite
|-clearallboost
|move|p2a: Psychopomp|Heat Wave|p1a: Dragonite|[spread] 
|-activate|p1b: Farigiraf|move: Protect
|-miss|p2a: Psychopomp|p1a: Dragonite
|move|p2b: Beri|Life Dew||[still]|[still]|[spread] 
|-fail|p2a: Psychopomp|heal
|-fail|p2b: Beri|heal
|
|upkeep
|turn|5
|
|t:|1783268081
|move|p2b: Beri|Rage Powder|p2b: Beri
|-singleturn|p2b: Beri|move: Rage Powder
|move|p1a: Dragonite|Air Slash|p2b: Beri
|-supereffective|p2b: Beri|1
|-enditem|p2b: Beri|Coba Berry|[eat]
|-enditem|p2b: Beri|Coba Berry|[weaken]
|-damage|p2b: Beri|54/100
|move|p2a: Psychopomp|Nasty Plot|p2a: Psychopomp
|-boost|p2a: Psychopomp|spa|2
|move|p1b: Farigiraf|Trick Room|p1b: Farigiraf
|-fieldstart|move: Trick Room|[of] p1b: Farigiraf
|
|-sideend|p1: nman101010|move: Tailwind
|upkeep
|turn|6
|
|t:|1783268100
|move|p1b: Farigiraf|Psychic|p2b: Beri
|-damage|p2b: Beri|22/100
|move|p2b: Beri|Matcha Gotcha|p1b: Farigiraf|[spread] p1a,p1b
|-resisted|p1a: Dragonite|2
|-damage|p1a: Dragonite|71/100
|-heal|p2b: Beri|25/100|[from] drain|[of] p1a: Dragonite
|-damage|p1b: Farigiraf|22/100
|-heal|p2b: Beri|39/100|[from] drain|[of] p1b: Farigiraf
|move|p1a: Dragonite|Haze|p1a: Dragonite
|-clearallboost
|move|p2a: Psychopomp|Heat Wave|p1a: Dragonite|[spread] p1a,p1b
|-resisted|p1a: Dragonite|1
|-damage|p1a: Dragonite|55/100
|-damage|p1b: Farigiraf|0 fnt
|faint|p1b: Farigiraf
|
|upkeep
|
|t:|1783268118
|switch|p1b: Gholdengo|Gholdengo, L50|90/100
|turn|7
|
|t:|1783268132
|move|p1b: Gholdengo|Protect|p1b: Gholdengo
|-singleturn|p1b: Gholdengo|Protect
|move|p2a: Psychopomp|Protect|p2a: Psychopomp
|-singleturn|p2a: Psychopomp|Protect
|move|p2b: Beri|Life Dew||[still]|[spread] p2a,p2b
|-fail|p2a: Psychopomp|heal
|-heal|p2b: Beri|65/100
|move|p1a: Dragonite|Air Slash|p2b: Beri
|-supereffective|p2b: Beri|1
|-damage|p2b: Beri|0 fnt
|faint|p2b: Beri
|
|upkeep
|turn|8
|
|t:|1783268149
|move|p1b: Gholdengo|Shadow Ball|p2a: Psychopomp
|-supereffective|p2a: Psychopomp|1
|-damage|p2a: Psychopomp|0 fnt
|faint|p2a: Psychopomp
|-damage|p1b: Gholdengo|80/100|[from] item: Life Orb
|
|win|nman101010
