|j|☆cooledoregon
|j|☆Picoti
|html|cooledoregonPicoti    
|uhtml|bestof|Game 2 of a best-of-3
|t:|1783446016
|gametype|doubles
|player|p1|cooledoregon|2|1238
|player|p2|Picoti|2|1173
|gen|9
|tier|[Gen 9 Champions] VGC 2026 Reg M-B (Bo3)
|rated|
|rule|Species Clause: Limit one of each Pokémon
|rule|Item Clause: Limit 1 of each item
|clearpoke
|poke|p1|Aerodactyl, L50, F|
|poke|p1|Meganium, L50, M|
|poke|p1|Rotom-Wash, L50|
|poke|p1|Sneasler, L50, M|
|poke|p1|Incineroar, L50, M|
|poke|p1|Farigiraf, L50, F|
|poke|p2|Blaziken, L50, M|
|poke|p2|Aerodactyl, L50, F|
|poke|p2|Kingambit, L50, F|
|poke|p2|Basculegion, L50, M|
|poke|p2|Sylveon, L50, F|
|poke|p2|Torkoal, L50, F|
|teampreview|4
|showteam|p1|Aerodactyl||FocusSash|Unnerve|RockSlide,DualWingbeat,Protect,Tailwind|Jolly||F|||50|]Meganium||Meganiumite|Overgrow|SolarBeam,WeatherBall,DazzlingGleam,Protect|Modest||M|||50|]Rotom-Wash||ChoiceScarf|Levitate|VoltSwitch,Electroweb,HydroPump,Thunderbolt|Timid|||||50|]Sneasler||WhiteHerb|Unburden|FakeOut,DireClaw,CloseCombat,Protect|Jolly||M|||50|]Incineroar||SitrusBerry|Intimidate|PartingShot,FakeOut,ThroatChop,FlareBlitz|Careful||M|||50|]Farigiraf||ColburBerry|ArmorTail|TwinBeam,TrickRoom,Protect,MirrorCoat|Bold||F|||50|
|showteam|p2|Blaziken||Blazikenite|SpeedBoost|FlareBlitz,CloseCombat,Protect,RockSlide|Adamant||M|||50|]Aerodactyl||Aerodactylite|Unnerve|RockSlide,DualWingbeat,Tailwind,WideGuard|Jolly||F|||50|]Kingambit||LifeOrb|Defiant|KowtowCleave,Protect,IronHead,SuckerPunch|Adamant||F|||50|]Basculegion||FocusSash|Adaptability|Liquidation,Protect,LastRespects,AquaJet|Adamant||M|||50|]Sylveon||FairyFeather|Pixilate|HyperVoice,Moonblast,QuickAttack,Protect|Modest||F|||50|]Torkoal||Leftovers|Drought|BurningJealousy,WeatherBall,Protect,Yawn|Relaxed||F|||50|
|inactive|Battle timer is ON: inactive players will automatically lose when time's up. (requested by cooledoregon)
|inactive|cooledoregon has 60 seconds left.
|
|t:|1783446069
|teamsize|p1|4
|teamsize|p2|4
|start
|switch|p1a: Aerodactyl|Aerodactyl, L50, F|100/100
|switch|p1b: Sneasler|Sneasler, L50, M|100/100
|switch|p2a: Blaziken|Blaziken, L50, M|100/100
|switch|p2b: Kingambit|Kingambit, L50, F|100/100
|-ability|p1a: Aerodactyl|Unnerve
|turn|1
|
|t:|1783446085
|switch|p2b: Torkoal|Torkoal, L50, F|100/100
|-weather|SunnyDay|[from] ability: Drought|[of] p2b: Torkoal
|detailschange|p2a: Blaziken|Blaziken-Mega, L50, M
|-mega|p2a: Blaziken|Blaziken|Blazikenite
|move|p1a: Aerodactyl|Tailwind|p1a: Aerodactyl
|-sidestart|p1: cooledoregon|move: Tailwind
|move|p1b: Sneasler|Close Combat|p2b: Torkoal
|-damage|p2b: Torkoal|55/100
|-unboost|p1b: Sneasler|def|1
|-unboost|p1b: Sneasler|spd|1
|-enditem|p1b: Sneasler|White Herb
|-clearnegativeboost|p1b: Sneasler|[silent]
|move|p2a: Blaziken|Flare Blitz|p1b: Sneasler
|-damage|p1b: Sneasler|0 fnt
|faint|p1b: Sneasler
|-damage|p2a: Blaziken|66/100|[from] Recoil
|
|-weather|SunnyDay|[upkeep]
|-heal|p2b: Torkoal|61/100|[from] item: Leftovers
|-ability|p2a: Blaziken|Speed Boost|boost
|-boost|p2a: Blaziken|spe|1
|upkeep
|
|t:|1783446096
|switch|p1b: Meganium|Meganium, L50, M|100/100
|turn|2
|
|t:|1783446107
|detailschange|p1b: Meganium|Meganium-Mega, L50, M
|-mega|p1b: Meganium|Meganium|Meganiumite
|move|p2a: Blaziken|Protect|p2a: Blaziken
|-singleturn|p2a: Blaziken|Protect
|move|p1a: Aerodactyl|Dual Wingbeat|p2b: Torkoal
|-damage|p2b: Torkoal|48/100
|-damage|p2b: Torkoal|34/100
|-hitcount|p2b: Torkoal|2
|move|p1b: Meganium|Dazzling Gleam|p2a: Blaziken|[spread] p2b
|-activate|p2a: Blaziken|move: Protect
|-resisted|p2b: Torkoal|1
|-damage|p2b: Torkoal|14/100
|move|p2b: Torkoal|Weather Ball|p1b: Meganium
|-supereffective|p1b: Meganium|1
|-damage|p1b: Meganium|5/100
|
|-weather|SunnyDay|[upkeep]
|-heal|p2b: Torkoal|20/100y|[from] item: Leftovers
|-ability|p2a: Blaziken|Speed Boost|boost
|-boost|p2a: Blaziken|spe|1
|upkeep
|turn|3
|
|t:|1783446124
|move|p1a: Aerodactyl|Dual Wingbeat|p2a: Blaziken
|-supereffective|p2a: Blaziken|1
|-damage|p2a: Blaziken|17/100
|-supereffective|p2a: Blaziken|1
|-damage|p2a: Blaziken|0 fnt
|faint|p2a: Blaziken
|-hitcount|p2: Blaziken|2
|move|p1b: Meganium|Weather Ball|p2b: Torkoal
|-resisted|p2b: Torkoal|1
|-damage|p2b: Torkoal|0 fnt
|faint|p2b: Torkoal
|
|-weather|SunnyDay|[upkeep]
|upkeep
|
|t:|1783446128
|switch|p2a: Basculegion|Basculegion, L50, M|100/100
|switch|p2b: Kingambit|Kingambit, L50, F|100/100
|turn|4
|inactive|cooledoregon has 30 seconds left.
|inactive|Picoti has 30 seconds left.
|
|t:|1783446171
|switch|p1b: Rotom|Rotom-Wash, L50|100/100
|move|p2a: Basculegion|Aqua Jet|p1b: Rotom
|-resisted|p1b: Rotom|1
|-damage|p1b: Rotom|92/100
|move|p1a: Aerodactyl|Dual Wingbeat|p2a: Basculegion
|-damage|p2a: Basculegion|77/100
|-damage|p2a: Basculegion|54/100
|-hitcount|p2a: Basculegion|2
|move|p2b: Kingambit|Iron Head|p1a: Aerodactyl
|-supereffective|p1a: Aerodactyl|1
|-enditem|p1a: Aerodactyl|Focus Sash
|-damage|p1a: Aerodactyl|1/100
|-damage|p2b: Kingambit|90/100|[from] item: Life Orb
|
|-weather|SunnyDay|[upkeep]
|-sideend|p1: cooledoregon|move: Tailwind
|upkeep
|turn|5
|inactive|cooledoregon has 30 seconds left.
|inactive|cooledoregon has 20 seconds left.
|inactive|cooledoregon has 15 seconds left.
|inactive|cooledoregon has 10 seconds left.
|
|t:|1783446217
|move|p2a: Basculegion|Aqua Jet|p1b: Rotom
|-resisted|p1b: Rotom|1
|-damage|p1b: Rotom|83/100
|move|p2b: Kingambit|Sucker Punch|p1b: Rotom
|-damage|p1b: Rotom|20/100y
|-damage|p2b: Kingambit|80/100|[from] item: Life Orb
|move|p1b: Rotom|Thunderbolt|p2a: Basculegion
|-supereffective|p2a: Basculegion|1
|-damage|p2a: Basculegion|0 fnt
|faint|p2a: Basculegion
|move|p1a: Aerodactyl|Rock Slide|p2b: Kingambit
|-resisted|p2b: Kingambit|1
|-damage|p2b: Kingambit|67/100
|
|-weather|none
|upkeep
|turn|6
|
|t:|1783446241
|switch|p1b: Meganium|Meganium-Mega, L50, M|5/100
|move|p1a: Aerodactyl|Rock Slide|p2b: Kingambit
|-resisted|p2b: Kingambit|1
|-damage|p2b: Kingambit|53/100
|cant|p2b: Kingambit|flinch
|
|upkeep
|turn|7
|
|t:|1783446258
|switch|p1a: Rotom|Rotom-Wash, L50|20/100y
|move|p1b: Meganium|Protect|p1b: Meganium
|-singleturn|p1b: Meganium|Protect
|move|p2b: Kingambit|Sucker Punch||[still]
|-fail|p2b: Kingambit
|
|upkeep
|turn|8
|
|t:|1783446268
|move|p2b: Kingambit|Sucker Punch|p1b: Meganium
|-resisted|p1b: Meganium|1
|-damage|p1b: Meganium|0 fnt
|faint|p1b: Meganium
|-damage|p2b: Kingambit|44/100|[from] item: Life Orb
|move|p1a: Rotom|Hydro Pump|p2b: Kingambit
|-damage|p2b: Kingambit|0 fnt
|faint|p2b: Kingambit
|
|win|cooledoregon
|raw|cooledoregon's rating: 1238 → 1258(+20 for winning)
|raw|Picoti's rating: 1173 → 1153(-20 for losing)
