|j|☆pyrostevie
|j|☆Taste the raynbow
|html|pyrostevieTaste the raynbow    
|uhtml|bestof|Game 1 of a best-of-3
|t:|1757903122
|gametype|doubles
|player|p1|pyrostevie|2|1086
|player|p2|Taste the raynbow|steven-masters2|1000
|gen|9
|tier|[Gen 9] VGC 2025 Reg H (Bo3)
|rated|
|rule|Species Clause: Limit one of each Pokémon
|rule|Item Clause: Limit 1 of each item
|clearpoke
|poke|p1|Pelipper, L50, M|
|poke|p1|Basculegion, L50, M|
|poke|p1|Archaludon, L50, F|
|poke|p1|Maushold-Four, L50|
|poke|p1|Amoonguss, L50, M|
|poke|p1|Incineroar, L50, M|
|poke|p2|Sableye, L50, M|
|poke|p2|Dragonite, L50, M|
|poke|p2|Annihilape, L50, F|
|poke|p2|Rillaboom, L50, F|
|poke|p2|Ursaluna-Bloodmoon, L50, M|
|poke|p2|Maushold-Four, L50|
|teampreview|4
|showteam|p1|Pelipper||FocusSash|Drizzle|ChillingWater,Hurricane,Tailwind,Protect|||M|||50|,,,,,Ghost]Basculegion||LifeOrb|SwiftSwim|WaveCrash,AquaJet,LastRespects,Protect|||M|||50|,,,,,Water]Archaludon||AssaultVest|Stamina|DragonPulse,FlashCannon,ElectroShot,BodyPress|||F|||50|,,,,,Grass]Maushold-Four||WideLens|FriendGuard|PopulationBomb,FollowMe,Taunt,Protect||||||50|,,,,,Grass]Amoonguss||SitrusBerry|Regenerator|PollenPuff,ClearSmog,RagePowder,Spore|||M|||50|,,,,,Water]Incineroar||SafetyGoggles|Intimidate|FakeOut,FlareBlitz,KnockOff,PartingShot|||M|||50|,,,,,Ghost
|showteam|p2|Sableye||LightClay|Prankster|Disable,Taunt,LightScreen,Reflect|||M|||50|,,,,,Grass]Dragonite||LoadedDice|Multiscale|ScaleShot,Haze,Tailwind,Protect|||M|||50|,,,,,Normal]Annihilape||SitrusBerry|Defiant|RageFist,DrainPunch,BulkUp,Protect|||F|||50|,,,,,Water]Rillaboom||MiracleSeed|GrassySurge|FakeOut,GrassyGlide,WoodHammer,HighHorsepower|||F|||50|,,,,,Water]Ursaluna-Bloodmoon||AssaultVest|MindsEye|BloodMoon,HyperVoice,EarthPower,VacuumWave|||M|||50|,,,,,Ghost]Maushold-Four||WideLens|FriendGuard|PopulationBomb,FollowMe,Encore,Protect||||||50|,,,,,Ghost
|
|t:|1757903158
|teamsize|p1|4
|teamsize|p2|4
|start
|switch|p1a: Archaludon|Archaludon, L50, F|100/100
|switch|p1b: Pelipper|Pelipper, L50, M|100/100
|switch|p2a: Sableye|Sableye, L50, M|100/100
|switch|p2b: Annihilape|Annihilape, L50, F|100/100
|-weather|RainDance|[from] ability: Drizzle|[of] p1b: Pelipper
|turn|1
|
|t:|1757903189
|-terastallize|p1a: Archaludon|Grass
|move|p2a: Sableye|Light Screen|p2a: Sableye
|-sidestart|p2: Taste the raynbow|move: Light Screen
|move|p2b: Annihilape|Bulk Up|p2b: Annihilape
|-boost|p2b: Annihilape|atk|1
|-boost|p2b: Annihilape|def|1
|move|p1b: Pelipper|Tailwind|p1b: Pelipper
|-sidestart|p1: pyrostevie|move: Tailwind
|move|p1a: Archaludon|Electro Shot||[still]
|-prepare|p1a: Archaludon|Electro Shot
|-boost|p1a: Archaludon|spa|1
|-anim|p1a: Archaludon|Electro Shot|p2b: Annihilape
|-damage|p2b: Annihilape|63/100
|
|-weather|RainDance|[upkeep]
|upkeep
|turn|2
|
|t:|1757903217
|-terastallize|p2b: Annihilape|Water
|move|p2a: Sableye|Disable|p1a: Archaludon
|-start|p1a: Archaludon|Disable|Electro Shot
|move|p1b: Pelipper|Hurricane|p2b: Annihilape
|-damage|p2b: Annihilape|35/100
|-enditem|p2b: Annihilape|Sitrus Berry|[eat]
|-heal|p2b: Annihilape|60/100|[from] item: Sitrus Berry
|cant|p1a: Archaludon|Disable|Electro Shot
|move|p2b: Annihilape|Drain Punch|p1a: Archaludon
|-damage|p1a: Archaludon|65/100
|-heal|p2b: Annihilape|76/100|[from] drain|[of] p1a: Archaludon
|-ability|p1a: Archaludon|Stamina|boost
|-boost|p1a: Archaludon|def|1
|
|-weather|RainDance|[upkeep]
|upkeep
|turn|3
|
|t:|1757903247
|move|p2a: Sableye|Disable|p1b: Pelipper
|-start|p1b: Pelipper|Disable|Hurricane
|cant|p1b: Pelipper|Disable|Hurricane
|move|p1a: Archaludon|Dragon Pulse|p2b: Annihilape
|-damage|p2b: Annihilape|40/100
|move|p2b: Annihilape|Rage Fist|p1a: Archaludon
|-damage|p1a: Archaludon|6/100
|-ability|p1a: Archaludon|Stamina|boost
|-boost|p1a: Archaludon|def|1
|
|-weather|RainDance|[upkeep]
|upkeep
|turn|4
|
|t:|1757903272
|switch|p2a: Rillaboom|Rillaboom, L50, F|100/100
|-fieldstart|move: Grassy Terrain|[from] ability: Grassy Surge|[of] p2a: Rillaboom
|move|p2b: Annihilape|Protect|p2b: Annihilape
|-singleturn|p2b: Annihilape|Protect
|move|p1b: Pelipper|Chilling Water|p2a: Rillaboom
|-resisted|p2a: Rillaboom
|-damage|p2a: Rillaboom|89/100
|-unboost|p2a: Rillaboom|atk|1
|move|p1a: Archaludon|Dragon Pulse|p2a: Rillaboom
|-damage|p2a: Rillaboom|45/100
|
|-weather|RainDance|[upkeep]
|-heal|p1a: Archaludon|12/100|[from] Grassy Terrain
|-heal|p2b: Annihilape|46/100|[from] Grassy Terrain
|-heal|p2a: Rillaboom|51/100|[from] Grassy Terrain
|-sideend|p1: pyrostevie|move: Tailwind
|upkeep
|turn|5
|
|t:|1757903295
|switch|p1b: Maushold|Maushold-Four, L50|100/100
|move|p2a: Rillaboom|Fake Out|p1b: Maushold
|-damage|p1b: Maushold|86/100
|move|p2b: Annihilape|Rage Fist|p1a: Archaludon
|-damage|p1a: Archaludon|0 fnt
|faint|p1a: Archaludon
|
|-weather|none
|-heal|p1b: Maushold|92/100|[from] Grassy Terrain
|-heal|p2b: Annihilape|52/100|[from] Grassy Terrain
|-heal|p2a: Rillaboom|57/100|[from] Grassy Terrain
|upkeep
|
|t:|1757903308
|switch|p1a: Basculegion|Basculegion, L50, M|100/100
|turn|6
|
|t:|1757903323
|switch|p2a: Sableye|Sableye, L50, M|100/100
|move|p2b: Annihilape|Protect|p2b: Annihilape
|-singleturn|p2b: Annihilape|Protect
|move|p1b: Maushold|Follow Me|p1b: Maushold
|-singleturn|p1b: Maushold|move: Follow Me
|move|p1a: Basculegion|Last Respects|p2a: Sableye
|-damage|p2a: Sableye|25/100
|-damage|p1a: Basculegion|91/100|[from] item: Life Orb
|
|-heal|p1b: Maushold|98/100|[from] Grassy Terrain
|-heal|p2b: Annihilape|59/100|[from] Grassy Terrain
|-heal|p1a: Basculegion|97/100|[from] Grassy Terrain
|-heal|p2a: Sableye|31/100|[from] Grassy Terrain
|upkeep
|turn|7
|
|t:|1757903346
|switch|p1b: Pelipper|Pelipper, L50, M|100/100
|-weather|RainDance|[from] ability: Drizzle|[of] p1b: Pelipper
|move|p1a: Basculegion|Aqua Jet|p2a: Sableye
|-damage|p2a: Sableye|0 fnt
|faint|p2a: Sableye
|-damage|p1a: Basculegion|87/100|[from] item: Life Orb
|move|p2b: Annihilape|Drain Punch|p1b: Pelipper
|-resisted|p1b: Pelipper
|-damage|p1b: Pelipper|72/100
|-heal|p2b: Annihilape|68/100|[from] drain|[of] p1b: Pelipper
|
|-weather|RainDance|[upkeep]
|-heal|p1a: Basculegion|93/100|[from] Grassy Terrain
|-heal|p2b: Annihilape|75/100|[from] Grassy Terrain
|upkeep
|
|t:|1757903362
|switch|p2a: Rillaboom|Rillaboom, L50, F|57/100
|turn|8
|
|t:|1757903380
|move|p1a: Basculegion|Protect|p1a: Basculegion
|-singleturn|p1a: Basculegion|Protect
|move|p2b: Annihilape|Rage Fist|p1a: Basculegion
|-activate|p1a: Basculegion|move: Protect
|move|p1b: Pelipper|Hurricane|p2a: Rillaboom
|-supereffective|p2a: Rillaboom
|-damage|p2a: Rillaboom|0 fnt
|faint|p2a: Rillaboom
|
|-weather|RainDance|[upkeep]
|-heal|p1a: Basculegion|99/100|[from] Grassy Terrain
|-heal|p2b: Annihilape|81/100|[from] Grassy Terrain
|-sideend|p2: Taste the raynbow|move: Light Screen
|-fieldend|move: Grassy Terrain
|upkeep
|
|t:|1757903393
|switch|p2a: Ursaluna|Ursaluna-Bloodmoon, L50, M|100/100
|turn|9
|
|t:|1757903410
|move|p1a: Basculegion|Last Respects|p2b: Annihilape
|-damage|p2b: Annihilape|31/100
|-damage|p1a: Basculegion|90/100|[from] item: Life Orb
|move|p2b: Annihilape|Rage Fist|p1a: Basculegion
|-supereffective|p1a: Basculegion
|-damage|p1a: Basculegion|0 fnt
|faint|p1a: Basculegion
|move|p1b: Pelipper|Hurricane|p2b: Annihilape
|-damage|p2b: Annihilape|0 fnt
|faint|p2b: Annihilape
|move|p2a: Ursaluna|Blood Moon|p1b: Pelipper
|-damage|p1b: Pelipper|0 fnt
|faint|p1b: Pelipper
|
|-weather|RainDance|[upkeep]
|upkeep
|
|t:|1757903424
|switch|p1b: Maushold|Maushold-Four, L50|98/100
|turn|10
|
|t:|1757903434
|move|p1b: Maushold|Population Bomb|p2a: Ursaluna
|-damage|p2a: Ursaluna|95/100
|-damage|p2a: Ursaluna|89/100
|-hitcount|p2a: Ursaluna|2
|move|p2a: Ursaluna|Hyper Voice|p1b: Maushold
|-damage|p1b: Maushold|28/100
|
|-weather|RainDance|[upkeep]
|upkeep
|turn|11
|
|t:|1757903446
|move|p1b: Maushold|Population Bomb|p2a: Ursaluna
|-damage|p2a: Ursaluna|84/100
|-damage|p2a: Ursaluna|78/100
|-damage|p2a: Ursaluna|74/100
|-damage|p2a: Ursaluna|68/100
|-damage|p2a: Ursaluna|62/100
|-damage|p2a: Ursaluna|57/100
|-damage|p2a: Ursaluna|51/100
|-damage|p2a: Ursaluna|47/100
|-damage|p2a: Ursaluna|41/100
|-damage|p2a: Ursaluna|36/100
|-hitcount|p2a: Ursaluna|10
|move|p2a: Ursaluna|Hyper Voice|p1b: Maushold
|-damage|p1b: Maushold|0 fnt
|faint|p1b: Maushold
|
|win|Taste the raynbow
||Taste the raynbow is ready for game 2.
|inactive|pyrostevie has 30 seconds to confirm battle start!
||pyrostevie is ready for game 2.
|uhtml|next|Next: Game 2 of 3
|l|☆pyrostevie
|player|p1|
