|j|☆Arahelis
|j|☆Bludahusky
|html|ArahelisBludahusky    
|uhtml|bestof|Game 1 of a best-of-3
|t:|1783423393
|gametype|doubles
|player|p1|Arahelis|sailor|1093
|player|p2|Bludahusky|lucas|1054
|gen|9
|tier|[Gen 9 Champions] VGC 2026 Reg M-B (Bo3)
|rated|
|rule|Species Clause: Limit one of each Pokémon
|rule|Item Clause: Limit 1 of each item
|clearpoke
|poke|p1|Dragalge, L50, F|
|poke|p1|Scrafty, L50, F|
|poke|p1|Arcanine, L50, F|
|poke|p1|Garchomp, L50, F|
|poke|p1|Sinistcha-Masterpiece, L50|
|poke|p1|Krookodile, L50, F|
|poke|p2|Corviknight, L50, F|
|poke|p2|Gengar, L50, M|
|poke|p2|Floette-Eternal, L50, F|
|poke|p2|Rotom-Wash, L50|
|poke|p2|Garchomp, L50, M|
|poke|p2|Tyranitar, L50, M|
|teampreview|4
|showteam|p1|Dragalge||Dragalgite|PoisonPoint|Scald,ToxicSpikes,Toxic,Protect|Calm||F|||50|]Scrafty||SitrusBerry|Intimidate|FakeOut,KnockOff,Roar,QuickGuard|Careful||F|||50|]Arcanine||Charcoal|Intimidate|FlareBlitz,ExtremeSpeed,Snarl,Protect|Adamant||F|||50|]Garchomp||LifeOrb|RoughSkin|Earthquake,BreakingSwipe,DragonClaw,Protect|Jolly||F|||50|]Sinistcha-Masterpiece||Leftovers|Hospitality|MatchaGotcha,StrengthSap,GrassyTerrain,LifeDew|Calm|||||50|]Krookodile||FocusSash|Intimidate|HighHorsepower,CloseCombat,ThroatChop,Protect|Jolly||F|||50|
|showteam|p2|Corviknight||Leftovers|MirrorArmor|LightScreen,Reflect,Protect,BodyPress|Bold||F|||50|]Gengar||Gengarite|CursedBody|Haze,Toxic,ShadowBall,Protect|Timid||M|||50|]Floette-Eternal||Floettite|Symbiosis|LightofRuin,Protect,CalmMind,GigaDrain|Modest||F|||50|]Rotom-Wash||LifeOrb|Levitate|Protect,VoltSwitch,Thunder,HydroPump|Timid|||||50|]Garchomp||ExpertBelt|SandVeil|DragonClaw,DragonTail,Earthquake,Protect|Jolly||M|||50|]Tyranitar||Tyranitarite|SandStream|RockSlide,KnockOff,StealthRock,Protect|Careful||M|||50|
|c|☆Arahelis|glhf
|inactive|Battle timer is ON: inactive players will automatically lose when time's up. (requested by Bludahusky)
|
|t:|1783423430
|teamsize|p1|4
|teamsize|p2|4
|start
|switch|p1a: Dragalge|Dragalge, L50, F|100/100
|switch|p1b: Scrafty|Scrafty, L50, F|100/100
|switch|p2a: Tyranitar|Tyranitar, L50, M|100/100
|switch|p2b: Corviknight|Corviknight, L50, F|100/100
|-weather|Sandstorm|[from] ability: Sand Stream|[of] p2a: Tyranitar
|-ability|p1b: Scrafty|Intimidate|boost
|-unboost|p2a: Tyranitar|atk|1
|-ability|p2b: Corviknight|Mirror Armor
|-unboost|p1b: Scrafty|atk|1
|turn|1
|inactive|Arahelis has 30 seconds left.
|inactive|Bludahusky has 30 seconds left.
|inactive|Arahelis has 20 seconds left.
|inactive|Arahelis has 15 seconds left.
|
|t:|1783423470
|detailschange|p1a: Dragalge|Dragalge-Mega, L50, F
|-mega|p1a: Dragalge|Dragalge|Dragalgite
|move|p1b: Scrafty|Fake Out|p2a: Tyranitar
|-resisted|p2a: Tyranitar|1
|-damage|p2a: Tyranitar|98/100
|move|p2b: Corviknight|Reflect|p2b: Corviknight
|-sidestart|p2: Bludahusky|Reflect
|cant|p2a: Tyranitar|flinch
|move|p1a: Dragalge|Scald|p2b: Corviknight
|-damage|p2b: Corviknight|74/100
|
|-weather|Sandstorm|[upkeep]
|-damage|p1b: Scrafty|94/100|[from] Sandstorm
|-damage|p1a: Dragalge|94/100|[from] Sandstorm
|-heal|p2b: Corviknight|80/100|[from] item: Leftovers
|upkeep
|turn|2
|inactive|Arahelis has 30 seconds left.
|inactive|Bludahusky has 30 seconds left.
|
|t:|1783423499
|move|p2b: Corviknight|Light Screen|p2b: Corviknight
|-sidestart|p2: Bludahusky|move: Light Screen
|move|p2a: Tyranitar|Stealth Rock|p1a: Dragalge
|-sidestart|p1: Arahelis|move: Stealth Rock
|move|p1b: Scrafty|Knock Off|p2b: Corviknight
|-damage|p2b: Corviknight|71/100
|-enditem|p2b: Corviknight|Leftovers|[from] move: Knock Off|[of] p1b: Scrafty
|move|p1a: Dragalge|Toxic Spikes|p2b: Corviknight
|-sidestart|p2: Bludahusky|move: Toxic Spikes
|
|-weather|Sandstorm|[upkeep]
|-damage|p1b: Scrafty|88/100|[from] Sandstorm
|-damage|p1a: Dragalge|88/100|[from] Sandstorm
|upkeep
|turn|3
|
|t:|1783423519
|move|p2b: Corviknight|Body Press|p1b: Scrafty
|-supereffective|p1b: Scrafty|1
|-damage|p1b: Scrafty|37/100
|-enditem|p1b: Scrafty|Sitrus Berry|[eat]
|-heal|p1b: Scrafty|62/100|[from] item: Sitrus Berry
|move|p2a: Tyranitar|Knock Off|p1a: Dragalge
|-damage|p1a: Dragalge|73/100
|move|p1a: Dragalge|Toxic Spikes|p2a: Tyranitar
|-sidestart|p2: Bludahusky|move: Toxic Spikes
|move|p1b: Scrafty|Roar|p2b: Corviknight
|drag|p2b: Floette|Floette-Eternal, L50, F|100/100
|-status|p2b: Floette|tox
|
|-weather|Sandstorm|[upkeep]
|-damage|p2b: Floette|93/100 tox|[from] Sandstorm
|-damage|p1b: Scrafty|56/100|[from] Sandstorm
|-damage|p1a: Dragalge|68/100|[from] Sandstorm
|-damage|p2b: Floette|87/100 tox|[from] psn
|upkeep
|turn|4
|inactive|Bludahusky has 30 seconds left.
|
|t:|1783423553
|move|p2b: Floette|Protect|p2b: Floette
|-singleturn|p2b: Floette|Protect
|move|p1a: Dragalge|Protect|p1a: Dragalge
|-singleturn|p1a: Dragalge|Protect
|move|p2a: Tyranitar|Rock Slide|p1b: Scrafty|[spread] p1b
|-activate|p1a: Dragalge|move: Protect
|-resisted|p1b: Scrafty|1
|-damage|p1b: Scrafty|48/100
|cant|p1b: Scrafty|flinch
|
|-weather|Sandstorm|[upkeep]
|-damage|p2b: Floette|81/100 tox|[from] Sandstorm
|-damage|p1b: Scrafty|43/100|[from] Sandstorm
|-damage|p1a: Dragalge|62/100|[from] Sandstorm
|-damage|p2b: Floette|69/100 tox|[from] psn
|upkeep
|turn|5
|
|t:|1783423576
|-heal|p1a: Dragalge|95/100|[from] ability: Regenerator|[silent]
|switch|p1a: Sinistcha|Sinistcha-Masterpiece, L50|100/100
|-damage|p1a: Sinistcha|87/100|[from] Stealth Rock
|-heal|p1b: Scrafty|68/100|[from] ability: Hospitality|[of] p1a: Sinistcha
|move|p2b: Floette|Light of Ruin|p1b: Scrafty
|-supereffective|p1b: Scrafty|2
|-damage|p1b: Scrafty|0 fnt
|faint|p1b: Scrafty
|-damage|p2b: Floette|37/100 tox|[from] Recoil
|move|p2a: Tyranitar|Rock Slide|p1a: Sinistcha
|-damage|p1a: Sinistcha|66/100
|
|-weather|none
|-heal|p1a: Sinistcha|73/100|[from] item: Leftovers
|-damage|p2b: Floette|18/100 tox|[from] psn
|-sideend|p2: Bludahusky|Reflect
|upkeep
|
|t:|1783423596
|switch|p1b: Krookodile|Krookodile, L50, F|100/100
|-damage|p1b: Krookodile|94/100|[from] Stealth Rock
|-ability|p1b: Krookodile|Intimidate|boost
|-unboost|p2a: Tyranitar|atk|1
|-unboost|p2b: Floette|atk|1
|turn|6
|
|t:|1783423612
|move|p1b: Krookodile|Protect|p1b: Krookodile
|-singleturn|p1b: Krookodile|Protect
|move|p2b: Floette|Light of Ruin|p1b: Krookodile
|-activate|p1b: Krookodile|move: Protect
|move|p1a: Sinistcha|Grassy Terrain|p1a: Sinistcha
|-fieldstart|move: Grassy Terrain
|move|p2a: Tyranitar|Knock Off|p1a: Sinistcha
|-supereffective|p1a: Sinistcha|1
|-damage|p1a: Sinistcha|31/100
|-enditem|p1a: Sinistcha|Leftovers|[from] move: Knock Off|[of] p2a: Tyranitar
|
|-heal|p1b: Krookodile|100/100|[from] Grassy Terrain
|-heal|p2b: Floette|24/100 tox|[from] Grassy Terrain
|-heal|p1a: Sinistcha|37/100|[from] Grassy Terrain
|-heal|p2a: Tyranitar|100/100|[from] Grassy Terrain
|-damage|p2b: Floette|1/100 tox|[from] psn
|-sideend|p2: Bludahusky|move: Light Screen
|upkeep
|turn|7
|
|t:|1783423633
|switch|p1a: Dragalge|Dragalge-Mega, L50, F|95/100
|-damage|p1a: Dragalge|83/100|[from] Stealth Rock
|move|p1b: Krookodile|Close Combat|p2a: Tyranitar
|-supereffective|p2a: Tyranitar|2
|-damage|p2a: Tyranitar|0 fnt
|-unboost|p1b: Krookodile|def|1
|-unboost|p1b: Krookodile|spd|1
|faint|p2a: Tyranitar
|move|p2b: Floette|Light of Ruin|p1b: Krookodile
|-supereffective|p1b: Krookodile|1
|-enditem|p1b: Krookodile|Focus Sash
|-damage|p1b: Krookodile|1/100
|-damage|p2b: Floette|0 fnt|[from] Recoil
|faint|p2b: Floette
|
|-heal|p1b: Krookodile|6/100|[from] Grassy Terrain
|-heal|p1a: Dragalge|88/100|[from] Grassy Terrain
|upkeep
|
|t:|1783423657
|switch|p2b: Corviknight|Corviknight, L50, F|71/100
|switch|p2a: Garchomp|Garchomp, L50, M|100/100
|-status|p2a: Garchomp|tox
|turn|8
|
|t:|1783423677
|move|p1b: Krookodile|Protect|p1b: Krookodile
|-singleturn|p1b: Krookodile|Protect
|move|p1a: Dragalge|Protect|p1a: Dragalge
|-singleturn|p1a: Dragalge|Protect
|move|p2b: Corviknight|Light Screen|p2b: Corviknight
|-sidestart|p2: Bludahusky|move: Light Screen
|move|p2a: Garchomp|Dragon Tail|p1a: Dragalge
|-activate|p1a: Dragalge|move: Protect
|
|-heal|p1b: Krookodile|12/100|[from] Grassy Terrain
|-heal|p1a: Dragalge|94/100|[from] Grassy Terrain
|-damage|p2a: Garchomp|94/100 tox|[from] psn
|upkeep
|turn|9
|
|t:|1783423697
|move|p1b: Krookodile|Close Combat|p2b: Corviknight
|-damage|p2b: Corviknight|46/100
|-unboost|p1b: Krookodile|def|1
|-unboost|p1b: Krookodile|spd|1
|move|p2b: Corviknight|Reflect|p2b: Corviknight
|-sidestart|p2: Bludahusky|Reflect
|move|p1a: Dragalge|Scald|p2b: Corviknight
|-damage|p2b: Corviknight|30/100
|-status|p2b: Corviknight|brn
|move|p2a: Garchomp|Dragon Tail|p1a: Dragalge|[miss]
|-miss|p2a: Garchomp|p1a: Dragalge
|
|-heal|p2a: Garchomp|100/100 tox|[from] Grassy Terrain
|-heal|p1b: Krookodile|18/100|[from] Grassy Terrain
|-heal|p1a: Dragalge|100/100|[from] Grassy Terrain
|-damage|p2a: Garchomp|88/100 tox|[from] psn
|-damage|p2b: Corviknight|24/100 brn|[from] brn
|upkeep
|turn|10
|
|t:|1783423721
|move|p1b: Krookodile|Protect|p1b: Krookodile
|-singleturn|p1b: Krookodile|Protect
|move|p1a: Dragalge|Protect|p1a: Dragalge
|-singleturn|p1a: Dragalge|Protect
|move|p2b: Corviknight|Body Press|p1b: Krookodile
|-activate|p1b: Krookodile|move: Protect
|move|p2a: Garchomp|Dragon Tail|p1a: Dragalge
|-activate|p1a: Dragalge|move: Protect
|
|-heal|p2a: Garchomp|94/100 tox|[from] Grassy Terrain
|-heal|p1b: Krookodile|23/100|[from] Grassy Terrain
|-damage|p2a: Garchomp|76/100 tox|[from] psn
|-damage|p2b: Corviknight|19/100 brn|[from] brn
|-fieldend|move: Grassy Terrain
|upkeep
|turn|11
|inactive|Arahelis has 30 seconds left.
|
|t:|1783423748
|switch|p1b: Sinistcha|Sinistcha-Masterpiece, L50|37/100
|-damage|p1b: Sinistcha|25/100|[from] Stealth Rock
|move|p2b: Corviknight|Body Press|p1b: Sinistcha
|-immune|p1b: Sinistcha
|move|p1a: Dragalge|Scald|p2b: Corviknight
|-damage|p2b: Corviknight|3/100 brn
|move|p2a: Garchomp|Dragon Tail|p1a: Dragalge
|-supereffective|p1a: Dragalge|1
|-damage|p1a: Dragalge|37/100
|-heal|p1a: Dragalge|70/100|[from] ability: Regenerator|[silent]
|drag|p1a: Krookodile|Krookodile, L50, F|23/100
|-damage|p1a: Krookodile|18/100|[from] Stealth Rock
|-ability|p1a: Krookodile|Intimidate|boost
|-unboost|p2a: Garchomp|atk|1
|-ability|p2b: Corviknight|Mirror Armor
|-unboost|p1a: Krookodile|atk|1
|
|-damage|p2a: Garchomp|52/100 tox|[from] psn
|-damage|p2b: Corviknight|0 fnt|[from] brn
|faint|p2b: Corviknight
|upkeep
|turn|12
|inactive|Bludahusky has 30 seconds left.
|
|t:|1783423778
|move|p1a: Krookodile|Protect|p1a: Krookodile
|-singleturn|p1a: Krookodile|Protect
|move|p2a: Garchomp|Earthquake|p1a: Krookodile|[spread] p1b
|-activate|p1a: Krookodile|move: Protect
|-resisted|p1b: Sinistcha|1
|-damage|p1b: Sinistcha|13/100
|move|p1b: Sinistcha|Strength Sap|p2a: Garchomp
|-unboost|p2a: Garchomp|atk|1
|-heal|p1b: Sinistcha|81/100
|
|-damage|p2a: Garchomp|22/100 tox|[from] psn
|-sideend|p2: Bludahusky|move: Light Screen
|upkeep
|turn|13
|
|t:|1783423793
|switch|p1a: Dragalge|Dragalge-Mega, L50, F|70/100
|-damage|p1a: Dragalge|58/100|[from] Stealth Rock
|move|p2a: Garchomp|Earthquake|p1b: Sinistcha|[spread] p1a,p1b
|-supereffective|p1a: Dragalge|1
|-resisted|p1b: Sinistcha|1
|-damage|p1a: Dragalge|19/100
|-damage|p1b: Sinistcha|71/100
|move|p1b: Sinistcha|Life Dew|p1b: Sinistcha|[spread] p1a,p1b
|-heal|p1a: Dragalge|44/100
|-heal|p1b: Sinistcha|96/100
|
|-damage|p2a: Garchomp|0 fnt|[from] psn
|faint|p2a: Garchomp
|
|win|Arahelis
|inactive|Arahelis has 30 seconds to confirm battle start!
|inactive|Bludahusky has 30 seconds to confirm battle start!
