|j|☆LazyTurtle69
|j|☆Fell Blue
|html|LazyTurtle69Fell Blue    
|uhtml|bestof|Game 2 of a best-of-3
|t:|1784585384
|gametype|doubles
|player|p1|LazyTurtle69|buck|1064
|player|p2|Fell Blue|fantina|1154
|gen|9
|tier|[Gen 9 Champions] VGC 2026 Reg M-B (Bo3)
|rated|
|rule|Species Clause: Limit one of each Pokémon
|rule|Item Clause: Limit 1 of each item
|clearpoke
|poke|p1|Banette, L50, M|
|poke|p1|Slowking, L50, F|
|poke|p1|Drampa, L50, F|
|poke|p1|Mudsdale, L50, F|
|poke|p1|Farigiraf, L50, F|
|poke|p1|Wyrdeer, L50, M|
|poke|p2|Mawile, L50, M|
|poke|p2|Liepard, L50, M|
|poke|p2|Sneasler, L50, F|
|poke|p2|Chandelure, L50, M|
|poke|p2|Ninetales-Alola, L50, F|
|poke|p2|Incineroar, L50, M|
|teampreview|4
|showteam|p1|Banette||Banettite|Frisk|ShadowClaw,ShadowSneak,Protect,SkillSwap|Brave||M|||50|]Slowking||FocusSash|OwnTempo|Swagger,TrickRoom,HealPulse,Psychic|Sassy||F|||50|]Drampa||Drampanite|Berserk|HyperVoice,DragonPulse,Protect,EarthPower|Modest||F|||50|]Mudsdale||PasshoBerry|OwnTempo|RockSlide,Protect,HighHorsepower,BodySlam|Sassy||F|||50|]Farigiraf||ColburBerry|ArmorTail|HelpingHand,TrickRoom,DazzlingGleam,AllySwitch|Sassy||F|||50|]Wyrdeer||Leftovers|Intimidate|PsyshieldBash,SkillSwap,BodySlam,PsychUp|Adamant||M|||50|
|showteam|p2|Mawile||Mawilite|HyperCutter|PlayRough,SuckerPunch,Protect,IronDefense|Adamant||M|||50|]Liepard||FocusSash|Prankster|FakeOut,ThunderWave,FoulPlay,Encore|Timid||M|||50|]Sneasler||WhiteHerb|Unburden|DireClaw,Coaching,FakeOut,CloseCombat|Adamant||F|||50|]Chandelure||Chandelurite|FlashFire|ShadowBall,HeatWave,Substitute,Protect|Modest||M|||50|]Ninetales-Alola||LightClay|SnowWarning|AuroraVeil,Protect,FreezeDry,IcyWind|Timid||F|||50|]Incineroar||SitrusBerry|Intimidate|FakeOut,PartingShot,ThroatChop,FlareBlitz|Impish||M|||50|
|inactive|Battle timer is ON: inactive players will automatically lose when time's up. (requested by LazyTurtle69)
|inactive|LazyTurtle69 has 60 seconds left.
|inactive|Fell Blue has 60 seconds left.
|
|t:|1784585446
|teamsize|p1|4
|teamsize|p2|4
|start
|switch|p1a: Mudsdale|Mudsdale, L50, F|100/100
|switch|p1b: Slowking|Slowking, L50, F|100/100
|switch|p2a: Liepard|Liepard, L50, M|100/100
|switch|p2b: Incineroar|Incineroar, L50, M|100/100
|-ability|p2b: Incineroar|Intimidate|boost
|-fail|p1a: Mudsdale|unboost|Attack|[from] ability: Own Tempo|[of] p1a: Mudsdale
|-fail|p1b: Slowking|unboost|Attack|[from] ability: Own Tempo|[of] p1b: Slowking
|turn|1
|
|t:|1784585466
|switch|p1a: Farigiraf|Farigiraf, L50, F|100/100
|move|p2a: Liepard|Foul Play|p1b: Slowking
|-supereffective|p1b: Slowking|1
|-damage|p1b: Slowking|42/100
|move|p2b: Incineroar|Throat Chop|p1b: Slowking
|-supereffective|p1b: Slowking|1
|-damage|p1b: Slowking|0 fnt
|faint|p1b: Slowking
|
|upkeep
|
|t:|1784585478
|switch|p1b: Mudsdale|Mudsdale, L50, F|100/100
|turn|2
|
|t:|1784585486
|move|p2a: Liepard|Foul Play|p1a: Farigiraf
|-supereffective|p1a: Farigiraf|1
|-enditem|p1a: Farigiraf|Colbur Berry|[eat]
|-enditem|p1a: Farigiraf|Colbur Berry|[weaken]
|-damage|p1a: Farigiraf|66/100
|move|p2b: Incineroar|Throat Chop|p1a: Farigiraf
|-supereffective|p1a: Farigiraf|1
|-damage|p1a: Farigiraf|5/100
|-start|p1a: Farigiraf|Throat Chop|[silent]
|move|p1b: Mudsdale|High Horsepower|p2b: Incineroar
|-supereffective|p2b: Incineroar|1
|-damage|p2b: Incineroar|37/100
|-enditem|p2b: Incineroar|Sitrus Berry|[eat]
|-heal|p2b: Incineroar|62/100|[from] item: Sitrus Berry
|move|p1a: Farigiraf|Trick Room|p1a: Farigiraf
|-fieldstart|move: Trick Room|[of] p1a: Farigiraf
|
|upkeep
|turn|3
|
|t:|1784585509
|move|p1a: Farigiraf|Ally Switch|p1a: Farigiraf
|swap|p1a: Farigiraf|1|[from] move: Ally Switch
|move|p1a: Mudsdale|High Horsepower|p2b: Incineroar
|-supereffective|p2b: Incineroar|1
|-damage|p2b: Incineroar|0 fnt
|faint|p2b: Incineroar
|move|p2a: Liepard|Foul Play|p1a: Mudsdale
|-damage|p1a: Mudsdale|72/100
|
|-end|p1b: Farigiraf|Throat Chop|[silent]
|upkeep
|
|t:|1784585518
|switch|p2b: Mawile|Mawile, L50, M|100/100
|turn|4
|
|t:|1784585528
|detailschange|p2b: Mawile|Mawile-Mega, L50, M
|-mega|p2b: Mawile|Mawile|Mawilite
|move|p1b: Farigiraf|Helping Hand|p1a: Mudsdale
|-singleturn|p1a: Mudsdale|Helping Hand|[of] p1b: Farigiraf
|move|p2b: Mawile|Protect|p2b: Mawile
|-singleturn|p2b: Mawile|Protect
|move|p1a: Mudsdale|High Horsepower|p2b: Mawile
|-activate|p2b: Mawile|move: Protect
|move|p2a: Liepard|Foul Play|p1b: Farigiraf
|-supereffective|p1b: Farigiraf|1
|-damage|p1b: Farigiraf|0 fnt
|faint|p1b: Farigiraf
|
|upkeep
|
|t:|1784585539
|switch|p1b: Banette|Banette, L50, M|100/100
|-item|p2a: Liepard|Focus Sash|[from] ability: Frisk|[of] p1b: Banette
|-item|p2b: Mawile|Mawilite|[from] ability: Frisk|[of] p1b: Banette
|turn|5
|
|t:|1784585555
|switch|p2b: Chandelure|Chandelure, L50, M|100/100
|detailschange|p1b: Banette|Banette-Mega, L50, M
|-mega|p1b: Banette|Banette|Banettite
|move|p1a: Mudsdale|High Horsepower|p2b: Chandelure
|-supereffective|p2b: Chandelure|1
|-damage|p2b: Chandelure|0 fnt
|faint|p2b: Chandelure
|move|p1b: Banette|Shadow Claw|p2a: Liepard
|-resisted|p2a: Liepard|1
|-damage|p2a: Liepard|58/100
|move|p2a: Liepard|Foul Play|p1b: Banette
|-supereffective|p1b: Banette|1
|-damage|p1b: Banette|0 fnt
|faint|p1b: Banette
|
|upkeep
|
|t:|1784585562
|switch|p2b: Mawile|Mawile-Mega, L50, M|100/100
|turn|6
|
|t:|1784585574
|move|p2b: Mawile|Protect|p2b: Mawile
|-singleturn|p2b: Mawile|Protect
|move|p1a: Mudsdale|High Horsepower|p2b: Mawile
|-activate|p2b: Mawile|move: Protect
|move|p2a: Liepard|Foul Play|p1a: Mudsdale
|-damage|p1a: Mudsdale|44/100
|
|-fieldend|move: Trick Room
|upkeep
|turn|7
|
|t:|1784585588
|move|p2a: Liepard|Foul Play|p1a: Mudsdale
|-damage|p1a: Mudsdale|18/100
|move|p2b: Mawile|Play Rough|p1a: Mudsdale
|-damage|p1a: Mudsdale|0 fnt
|faint|p1a: Mudsdale
|
|win|Fell Blue
||Fell Blue is ready for game 3.
|raw|LazyTurtle69's rating: 1064 → 1049(-15 for losing)
|raw|Fell Blue's rating: 1154 → 1173(+19 for winning)
|l|☆LazyTurtle69
|player|p1|
