|j|☆Oriozz
|j|☆thegreatestnone
|html|Oriozzthegreatestnone    
|uhtml|bestof|Game 1 of a best-of-3
|t:|1783574088
|gametype|doubles
|player|p1|Oriozz|169|1066
|player|p2|thegreatestnone|102|1136
|gen|9
|tier|[Gen 9 Champions] VGC 2026 Reg M-B (Bo3)
|rated|
|rule|Species Clause: Limit one of each Pokémon
|rule|Item Clause: Limit 1 of each item
|clearpoke
|poke|p1|Kingambit, L50, M|
|poke|p1|Floette-Eternal, L50, F|
|poke|p1|Sneasler, L50, M|
|poke|p1|Incineroar, L50, F|
|poke|p1|Garchomp, L50, M|
|poke|p1|Sinistcha, L50|
|poke|p2|Grimmsnarl, L50, M|
|poke|p2|Toxapex, L50, M|
|poke|p2|Annihilape, L50, M|
|poke|p2|Garchomp, L50, F|
|poke|p2|Garganacl, L50, F|
|poke|p2|Scovillain, L50, F|
|teampreview|4
|showteam|p1|Kingambit||ChopleBerry|Defiant|KowtowCleave,Protect,SuckerPunch,IronHead|Adamant||M|||50|]Floette-Eternal||Floettite|FlowerVeil|DazzlingGleam,DrainingKiss,Protect,CalmMind|Bold||F|||50|]Sneasler||FocusSash|Unburden|FakeOut,DireClaw,CloseCombat,Coaching|Jolly||M|||50|]Incineroar||Leftovers|Intimidate|FakeOut,FlareBlitz,PartingShot,HelpingHand|Careful||F|||50|]Garchomp||Garchompite|RoughSkin|Earthquake,StompingTantrum,RockSlide,Protect|Adamant||M|||50|]Sinistcha||SitrusBerry|Hospitality|Protect,MatchaGotcha,TrickRoom,RagePowder|Bold|||||50|
|showteam|p2|Grimmsnarl||LightClay|Prankster|Taunt,Reflect,PartingShot,LightScreen|Sassy||M|||50|]Toxapex||Leftovers|Regenerator|BanefulBunker,Infestation,Toxic,Recover|Relaxed||M|||50|]Annihilape||ShellBell|Defiant|BulkUp,RageFist,DrainPunch,Protect|Careful||M|||50|]Garchomp||YacheBerry|RoughSkin|Protect,RockSlide,StompingTantrum,SandTomb|Impish||F|||50|]Garganacl||SitrusBerry|PurifyingSalt|Recover,SaltCure,Protect,WideGuard|Relaxed||F|||50|]Scovillain||Scovillainite|Chlorophyll|LeechSeed,RagePowder,Protect,Flamethrower|Calm||F|||50|
|inactive|Battle timer is ON: inactive players will automatically lose when time's up. (requested by Oriozz)
|inactive|Oriozz has 60 seconds left.
|inactive|thegreatestnone has 60 seconds left.
|
|t:|1783574141
|teamsize|p1|4
|teamsize|p2|4
|start
|switch|p1a: Sneasler|Sneasler, L50, M|100/100
|switch|p1b: Garchomp|Garchomp, L50, M|100/100
|switch|p2a: Toxapex|Toxapex, L50, M|100/100
|switch|p2b: Scovillain|Scovillain, L50, F|100/100
|turn|1
|inactive|Oriozz has 30 seconds left.
|
|t:|1783574174
|switch|p1b: Incineroar|Incineroar, L50, F|100/100
|-ability|p1b: Incineroar|Intimidate|boost
|-unboost|p2a: Toxapex|atk|1
|-unboost|p2b: Scovillain|atk|1
|detailschange|p2b: Scovillain|Scovillain-Mega, L50, F
|-mega|p2b: Scovillain|Scovillain|Scovillainite
|move|p2a: Toxapex|Baneful Bunker|p2a: Toxapex
|-singleturn|p2a: Toxapex|move: Protect
|move|p1a: Sneasler|Dire Claw|p2b: Scovillain
|-supereffective|p2b: Scovillain|1
|-damage|p2b: Scovillain|18/100
|-status|p1a: Sneasler|brn|[from] ability: Spicy Spray|[of] p2b: Scovillain
|move|p2b: Scovillain|Leech Seed|p1a: Sneasler
|-start|p1a: Sneasler|move: Leech Seed
|
|-damage|p1a: Sneasler|87/100 brn|[from] Leech Seed|[of] p2b: Scovillain
|-heal|p2b: Scovillain|29/100|[silent]
|-damage|p1a: Sneasler|82/100 brn|[from] brn
|upkeep
|turn|2
|inactive|Oriozz has 30 seconds left.
|
|t:|1783574203
|switch|p1a: Floette|Floette-Eternal, L50, F|100/100
|move|p2b: Scovillain|Protect|p2b: Scovillain
|-singleturn|p2b: Scovillain|Protect
|move|p1b: Incineroar|Fake Out|p2a: Toxapex
|-damage|p2a: Toxapex|92/100
|cant|p2a: Toxapex|flinch
|
|-heal|p2a: Toxapex|98/100|[from] item: Leftovers
|upkeep
|turn|3
|inactive|Oriozz has 30 seconds left.
|
|t:|1783574230
|move|p1a: Floette|Calm Mind|p1a: Floette
|-boost|p1a: Floette|spa|1
|-boost|p1a: Floette|spd|1
|move|p2b: Scovillain|Leech Seed|p1b: Incineroar
|-start|p1b: Incineroar|move: Leech Seed
|move|p1b: Incineroar|Flare Blitz|p2b: Scovillain
|-damage|p2b: Scovillain|0 fnt
|-immune|p1b: Incineroar
|faint|p2b: Scovillain
|-damage|p1b: Incineroar|91/100|[from] Recoil
|move|p2a: Toxapex|Infestation|p1a: Floette
|-resisted|p1a: Floette|1
|-damage|p1a: Floette|99/100
|-activate|p1a: Floette|move: Infestation|[of] p2a: Toxapex
|
|-heal|p1b: Incineroar|97/100|[from] item: Leftovers
|-heal|p2a: Toxapex|100/100|[from] item: Leftovers
|-damage|p1a: Floette|87/100|[from] move: Infestation|[partiallytrapped]
|upkeep
|
|t:|1783574247
|switch|p2b: Garchomp|Garchomp, L50, F|100/100
|turn|4
|
|t:|1783574259
|detailschange|p1a: Floette|Floette-Mega, L50, F
|-mega|p1a: Floette|Floette|Floettite
|-ability|p1a: Floette|Fairy Aura
|move|p1a: Floette|Draining Kiss|p2b: Garchomp
|-supereffective|p2b: Garchomp|1
|-damage|p2b: Garchomp|0 fnt
|-heal|p1a: Floette|100/100|[from] drain|[of] p2b: Garchomp
|-damage|p1a: Floette|88/100|[from] ability: Rough Skin|[of] p2b: Garchomp
|faint|p2b: Garchomp
|move|p1b: Incineroar|Parting Shot|p2a: Toxapex
|-unboost|p2a: Toxapex|atk|1
|-unboost|p2a: Toxapex|spa|1
|
|t:|1783574274
|switch|p1b: Sneasler|Sneasler, L50, M|82/100 brn|[from] Parting Shot
|move|p2a: Toxapex|Toxic|p1a: Floette
|-status|p1a: Floette|tox
|
|-damage|p1a: Floette|82/100 tox|[from] psn
|-damage|p1b: Sneasler|76/100 brn|[from] brn
|-damage|p1a: Floette|70/100 tox|[from] move: Infestation|[partiallytrapped]
|upkeep
|
|t:|1783574282
|switch|p2b: Annihilape|Annihilape, L50, M|100/100
|turn|5
|
|t:|1783574296
|switch|p1b: Incineroar|Incineroar, L50, F|97/100
|-ability|p1b: Incineroar|Intimidate|boost
|-unboost|p2a: Toxapex|atk|1
|-unboost|p2b: Annihilape|atk|1
|-ability|p2b: Annihilape|Defiant|boost
|-boost|p2b: Annihilape|atk|2
|move|p2a: Toxapex|Baneful Bunker|p2a: Toxapex
|-singleturn|p2a: Toxapex|move: Protect
|move|p1a: Floette|Dazzling Gleam|p2b: Annihilape|[spread] p2b
|-activate|p2a: Toxapex|move: Protect
|-supereffective|p2b: Annihilape|1
|-damage|p2b: Annihilape|11/100
|move|p2b: Annihilape|Rage Fist|p1a: Floette
|-damage|p1a: Floette|9/100 tox
|-heal|p2b: Annihilape|17/100|[from] item: Shell Bell|[of] p1a: Floette
|
|-heal|p1b: Incineroar|100/100|[from] item: Leftovers
|-damage|p1a: Floette|0 fnt|[from] psn
|faint|p1a: Floette
|upkeep
|inactive|Oriozz has 30 seconds left.
|
|t:|1783574327
|switch|p1a: Sneasler|Sneasler, L50, M|76/100 brn
|turn|6
|
|t:|1783574351
|move|p2b: Annihilape|Protect|p2b: Annihilape
|-singleturn|p2b: Annihilape|Protect
|move|p1a: Sneasler|Dire Claw|p2b: Annihilape
|-activate|p2b: Annihilape|move: Protect
|move|p1b: Incineroar|Parting Shot|p2a: Toxapex
|-unboost|p2a: Toxapex|atk|1
|-unboost|p2a: Toxapex|spa|1
|
|t:|1783574359
|switch|p1b: Garchomp|Garchomp, L50, M|100/100|[from] Parting Shot
|move|p2a: Toxapex|Toxic|p1b: Garchomp
|-status|p1b: Garchomp|tox
|
|-damage|p1b: Garchomp|93/100 tox|[from] psn
|-damage|p1a: Sneasler|70/100 brn|[from] brn
|upkeep
|turn|7
|inactive|thegreatestnone has 30 seconds left.
|
|t:|1783574385
|move|p2b: Annihilape|Protect|p2b: Annihilape
|-singleturn|p2b: Annihilape|Protect
|move|p1a: Sneasler|Coaching|p1b: Garchomp
|-boost|p1b: Garchomp|atk|1
|-boost|p1b: Garchomp|def|1
|move|p1b: Garchomp|Stomping Tantrum|p2b: Annihilape
|-activate|p2b: Annihilape|move: Protect
|move|p2a: Toxapex|Infestation|p1b: Garchomp
|-crit|p1b: Garchomp
|-damage|p1b: Garchomp|87/100 tox
|-activate|p1b: Garchomp|move: Infestation|[of] p2a: Toxapex
|-damage|p2a: Toxapex|87/100|[from] ability: Rough Skin|[of] p1b: Garchomp
|
|-heal|p2a: Toxapex|93/100|[from] item: Leftovers
|-damage|p1b: Garchomp|75/100 tox|[from] psn
|-damage|p1a: Sneasler|64/100 brn|[from] brn
|-damage|p1b: Garchomp|63/100 tox|[from] move: Infestation|[partiallytrapped]
|upkeep
|turn|8
|inactive|Oriozz has 30 seconds left.
|
|t:|1783574412
|move|p1a: Sneasler|Dire Claw|p2b: Annihilape
|-resisted|p2b: Annihilape|1
|-damage|p2b: Annihilape|7/100
|move|p1b: Garchomp|Rock Slide|p2a: Toxapex|[spread] p2a,p2b
|-resisted|p2b: Annihilape|1
|-damage|p2a: Toxapex|72/100
|-damage|p2b: Annihilape|0 fnt
|faint|p2b: Annihilape
|move|p2a: Toxapex|Recover|p2a: Toxapex
|-heal|p2a: Toxapex|100/100
|
|-damage|p1b: Garchomp|45/100 tox|[from] psn
|-damage|p1a: Sneasler|59/100 brn|[from] brn
|-damage|p1b: Garchomp|33/100 tox|[from] move: Infestation|[partiallytrapped]
|upkeep
|turn|9
|inactive|Oriozz has 30 seconds left.
|
|t:|1783574437
|move|p2a: Toxapex|Baneful Bunker|p2a: Toxapex
|-singleturn|p2a: Toxapex|move: Protect
|move|p1a: Sneasler|Coaching|p1b: Garchomp
|-boost|p1b: Garchomp|atk|1
|-boost|p1b: Garchomp|def|1
|move|p1b: Garchomp|Stomping Tantrum|p2a: Toxapex
|-activate|p2a: Toxapex|move: Protect
|
|-damage|p1b: Garchomp|9/100 tox|[from] psn
|-damage|p1a: Sneasler|53/100 brn|[from] brn
|-damage|p1b: Garchomp|0 fnt|[from] move: Infestation|[partiallytrapped]
|faint|p1b: Garchomp
|upkeep
|
|t:|1783574449
|switch|p1b: Incineroar|Incineroar, L50, F|100/100
|-ability|p1b: Incineroar|Intimidate|boost
|-unboost|p2a: Toxapex|atk|1
|turn|10
|
|t:|1783574461
|move|p1b: Incineroar|Fake Out|p2a: Toxapex
|-damage|p2a: Toxapex|92/100
|move|p1a: Sneasler|Coaching|p1b: Incineroar
|-boost|p1b: Incineroar|atk|1
|-boost|p1b: Incineroar|def|1
|cant|p2a: Toxapex|flinch
|
|-heal|p2a: Toxapex|98/100|[from] item: Leftovers
|-damage|p1a: Sneasler|47/100 brn|[from] brn
|upkeep
|turn|11
|
|t:|1783574479
|move|p1a: Sneasler|Dire Claw|p2a: Toxapex
|-resisted|p2a: Toxapex|1
|-damage|p2a: Toxapex|91/100
|move|p1b: Incineroar|Flare Blitz|p2a: Toxapex
|-resisted|p2a: Toxapex|1
|-damage|p2a: Toxapex|67/100
|-damage|p1b: Incineroar|93/100|[from] Recoil
|move|p2a: Toxapex|Toxic|p1b: Incineroar
|-status|p1b: Incineroar|tox
|
|-heal|p1b: Incineroar|99/100 tox|[from] item: Leftovers
|-heal|p2a: Toxapex|73/100|[from] item: Leftovers
|-damage|p1b: Incineroar|93/100 tox|[from] psn
|-damage|p1a: Sneasler|42/100 brn|[from] brn
|upkeep
|turn|12
|
|t:|1783574498
|move|p1a: Sneasler|Dire Claw|p2a: Toxapex
|-resisted|p2a: Toxapex|1
|-damage|p2a: Toxapex|66/100
|move|p1b: Incineroar|Flare Blitz|p2a: Toxapex
|-resisted|p2a: Toxapex|1
|-damage|p2a: Toxapex|44/100
|-damage|p1b: Incineroar|87/100 tox|[from] Recoil
|move|p2a: Toxapex|Recover|p2a: Toxapex
|-heal|p2a: Toxapex|94/100
|
|-heal|p1b: Incineroar|93/100 tox|[from] item: Leftovers
|-heal|p2a: Toxapex|100/100|[from] item: Leftovers
|-damage|p1b: Incineroar|81/100 tox|[from] psn
|-damage|p1a: Sneasler|36/100 brn|[from] brn
|upkeep
|turn|13
|
|t:|1783574514
|move|p1a: Sneasler|Dire Claw|p2a: Toxapex
|-resisted|p2a: Toxapex|1
|-damage|p2a: Toxapex|93/100
|-status|p2a: Toxapex|par
|move|p1b: Incineroar|Flare Blitz|p2a: Toxapex
|-resisted|p2a: Toxapex|1
|-damage|p2a: Toxapex|68/100 par
|-damage|p1b: Incineroar|75/100 tox|[from] Recoil
|move|p2a: Toxapex|Infestation|p1a: Sneasler
|-resisted|p1a: Sneasler|2
|-damage|p1a: Sneasler|35/100 brn
|-activate|p1a: Sneasler|move: Infestation|[of] p2a: Toxapex
|
|-heal|p1b: Incineroar|81/100 tox|[from] item: Leftovers
|-heal|p2a: Toxapex|74/100 par|[from] item: Leftovers
|-damage|p1b: Incineroar|63/100 tox|[from] psn
|-damage|p1a: Sneasler|29/100 brn|[from] brn
|-damage|p1a: Sneasler|17/100 brn|[from] move: Infestation|[partiallytrapped]
|upkeep
|turn|14
|
|t:|1783574538
|move|p2a: Toxapex|Baneful Bunker|p2a: Toxapex
|-singleturn|p2a: Toxapex|move: Protect
|move|p1a: Sneasler|Close Combat|p2a: Toxapex
|-activate|p2a: Toxapex|move: Protect
|move|p1b: Incineroar|Flare Blitz|p2a: Toxapex
|-activate|p2a: Toxapex|move: Protect
|
|-heal|p1b: Incineroar|69/100 tox|[from] item: Leftovers
|-heal|p2a: Toxapex|80/100 par|[from] item: Leftovers
|-damage|p1b: Incineroar|45/100 tox|[from] psn
|-damage|p1a: Sneasler|12/100 brn|[from] brn
|-damage|p1a: Sneasler|0 fnt|[from] move: Infestation|[partiallytrapped]
|faint|p1a: Sneasler
|upkeep
|turn|15
|
|t:|1783574552
|move|p1b: Incineroar|Flare Blitz|p2a: Toxapex
|-resisted|p2a: Toxapex|1
|-damage|p2a: Toxapex|57/100 par
|-damage|p1b: Incineroar|39/100 tox|[from] Recoil
|move|p2a: Toxapex|Recover|p2a: Toxapex
|-heal|p2a: Toxapex|100/100 par
|
|-heal|p1b: Incineroar|45/100 tox|[from] item: Leftovers
|-damage|p1b: Incineroar|15/100 tox|[from] psn
|upkeep
|turn|16
|-message|Oriozz forfeited.
|
|win|thegreatestnone
||Oriozz is ready for game 2.
||thegreatestnone is ready for game 2.
|uhtml|next|Next: Game 2 of 3
|l|☆thegreatestnone
|player|p2|
