|j|☆wideguard_user
|j|☆DrXJ13
|html|wideguard_userDrXJ13    
|uhtml|bestof|Game 2 of a best-of-3
|t:|1756501132
|gametype|doubles
|player|p1|wideguard_user|102|1223
|player|p2|DrXJ13|1|1156
|gen|9
|tier|[Gen 9] VGC 2025 Reg H (Bo3)
|rated|
|rule|Species Clause: Limit one of each Pokémon
|rule|Item Clause: Limit 1 of each item
|clearpoke
|poke|p1|Gholdengo, L50|
|poke|p1|Sneasler, L50, M|
|poke|p1|Incineroar, L50, M|
|poke|p1|Amoonguss, L50, M|
|poke|p1|Dragonite, L50, M|
|poke|p1|Ursaluna-Bloodmoon, L50, M|
|poke|p2|Sinistcha, L50|
|poke|p2|Ursaluna-Bloodmoon, L50, M|
|poke|p2|Incineroar, L50, F|
|poke|p2|Sneasler, L50, M|
|poke|p2|Dragonite, L50, M|
|poke|p2|Corviknight, L50, F|
|teampreview|4
|showteam|p1|Gholdengo||LifeOrb|GoodasGold|MakeItRain,ShadowBall,NastyPlot,Protect||||||50|,,,,,Water]Sneasler||FocusSash|Unburden|ThroatChop,CloseCombat,DireClaw,Protect|||M|||50|,,,,,Stellar]Incineroar||SafetyGoggles|Intimidate|FakeOut,FlareBlitz,KnockOff,PartingShot|||M|||50|,,,,,Ghost]Amoonguss||SitrusBerry|Regenerator|Spore,RagePowder,SludgeBomb,Protect|||M|||50|,,,,,Water]Dragonite||LoadedDice|Multiscale|ScaleShot,Protect,Tailwind,Haze|||M|||50|,,,,,Steel]Ursaluna-Bloodmoon||AssaultVest|MindsEye|HyperVoice,BloodMoon,EarthPower,VacuumWave|||M|||50|,,,,,Normal
|showteam|p2|Sinistcha||RockyHelmet|Hospitality|MatchaGotcha,ShadowBall,TrickRoom,RagePowder||||||50|,,,,,Water]Ursaluna-Bloodmoon||Leftovers|MindsEye|HyperVoice,EarthPower,CalmMind,Protect|||M|||50|,,,,,Dragon]Incineroar||SafetyGoggles|Intimidate|FakeOut,KnockOff,FlareBlitz,PartingShot|||F|||50|,,,,,Ghost]Sneasler||FocusSash|Unburden|Coaching,DireClaw,CloseCombat,Protect|||M|||50|,,,,,Stellar]Dragonite||LoadedDice|Multiscale|ScaleShot,ExtremeSpeed,Haze,Protect|||M|||50|,,,,,Fairy]Corviknight||CovertCloak|MirrorArmor|DualWingbeat,Tailwind,IronHead,Taunt|||F|||50|,,,,,Dragon
|inactive|Battle timer is ON: inactive players will automatically lose when time's up. (requested by DrXJ13)
|
|t:|1756501139
|teamsize|p1|4
|teamsize|p2|4
|start
|switch|p1a: Ursaluna|Ursaluna-Bloodmoon, L50, M|100/100
|switch|p1b: Sneasler|Sneasler, L50, M|100/100
|switch|p2a: Toño|Incineroar, L50, F|100/100
|switch|p2b: Wellington|Ursaluna-Bloodmoon, L50, M|100/100
|-ability|p2a: Toño|Intimidate|boost
|-unboost|p1a: Ursaluna|atk|1
|-unboost|p1b: Sneasler|atk|1
|turn|1
|
|t:|1756501162
|switch|p1b: Dragonite|Dragonite, L50, M|100/100
|switch|p2a: Té (en) tazas|Sinistcha, L50|100/100
|-terastallize|p2b: Wellington|Dragon
|move|p2b: Wellington|Calm Mind|p2b: Wellington
|-boost|p2b: Wellington|spa|1
|-boost|p2b: Wellington|spd|1
|move|p1a: Ursaluna|Blood Moon|p2b: Wellington
|-damage|p2b: Wellington|54/100
|
|-heal|p2b: Wellington|60/100|[from] item: Leftovers
|upkeep
|turn|2
|
|t:|1756501182
|move|p2b: Wellington|Protect|p2b: Wellington
|-singleturn|p2b: Wellington|Protect
|move|p1b: Dragonite|Scale Shot|p2a: Té (en) tazas|[miss]
|-miss|p1b: Dragonite|p2a: Té (en) tazas
|move|p1a: Ursaluna|Hyper Voice|p2b: Wellington|[spread] p2a
|-activate|p2b: Wellington|move: Protect
|-damage|p2a: Té (en) tazas|66/100
|move|p2a: Té (en) tazas|Trick Room|p2a: Té (en) tazas
|-fieldstart|move: Trick Room|[of] p2a: Té (en) tazas
|
|-heal|p2b: Wellington|66/100|[from] item: Leftovers
|upkeep
|turn|3
|inactive|wideguard_user has 30 seconds left.
|
|t:|1756501212
|-terastallize|p1a: Ursaluna|Normal
|move|p1b: Dragonite|Protect|p1b: Dragonite
|-singleturn|p1b: Dragonite|Protect
|move|p2a: Té (en) tazas|Matcha Gotcha|p1b: Dragonite|[spread] p1a
|-activate|p1b: Dragonite|move: Protect
|-damage|p1a: Ursaluna|85/100
|-heal|p2a: Té (en) tazas|76/100|[from] drain|[of] p1a: Ursaluna
|move|p2b: Wellington|Hyper Voice|p1a: Ursaluna|[spread] p1a
|-activate|p1b: Dragonite|move: Protect
|-damage|p1a: Ursaluna|50/100
|move|p1a: Ursaluna|Hyper Voice|p2b: Wellington|[spread] p2a,p2b
|-damage|p2a: Té (en) tazas|29/100
|-damage|p2b: Wellington|34/100
|
|-heal|p2b: Wellington|40/100|[from] item: Leftovers
|upkeep
|turn|4
|
|t:|1756501237
|switch|p2a: Toño|Incineroar, L50, F|100/100
|-ability|p2a: Toño|Intimidate|boost
|-unboost|p1a: Ursaluna|atk|1
|-unboost|p1b: Dragonite|atk|1
|switch|p1b: Gholdengo|Gholdengo, L50|100/100
|move|p2b: Wellington|Protect|p2b: Wellington
|-singleturn|p2b: Wellington|Protect
|move|p1a: Ursaluna|Hyper Voice|p2a: Toño|[spread] p2a
|-activate|p2b: Wellington|move: Protect
|-damage|p2a: Toño|61/100
|
|-heal|p2b: Wellington|46/100|[from] item: Leftovers
|upkeep
|turn|5
|inactive|wideguard_user has 30 seconds left.
|
|t:|1756501265
|move|p2a: Toño|Fake Out|p1a: Ursaluna
|-damage|p1a: Ursaluna|42/100
|cant|p1a: Ursaluna|flinch
|move|p2b: Wellington|Hyper Voice|p1a: Ursaluna|[spread] p1a,p1b
|-resisted|p1b: Gholdengo
|-damage|p1a: Ursaluna|4/100
|-damage|p1b: Gholdengo|66/100
|move|p1b: Gholdengo|Make It Rain|p2b: Wellington|[spread] p2a,p2b
|-resisted|p2a: Toño
|-damage|p2a: Toño|35/100
|-damage|p2b: Wellington|6/100
|-unboost|p1b: Gholdengo|spa|1
|-damage|p1b: Gholdengo|56/100|[from] item: Life Orb
|
|-heal|p2b: Wellington|13/100|[from] item: Leftovers
|upkeep
|turn|6
|
|t:|1756501288
|switch|p2a: Té (en) tazas|Sinistcha, L50|29/100
|-heal|p2b: Wellington|38/100|[from] ability: Hospitality|[of] p2a: Té (en) tazas
|move|p1b: Gholdengo|Protect|p1b: Gholdengo
|-singleturn|p1b: Gholdengo|Protect
|move|p2b: Wellington|Hyper Voice|p1a: Ursaluna|[spread] p1a
|-activate|p1b: Gholdengo|move: Protect
|-damage|p1a: Ursaluna|0 fnt
|faint|p1a: Ursaluna
|
|-heal|p2b: Wellington|44/100|[from] item: Leftovers
|-fieldend|move: Trick Room
|upkeep
|
|t:|1756501298
|switch|p1a: Dragonite|Dragonite, L50, M|100/100
|turn|7
|
|t:|1756501315
|move|p2a: Té (en) tazas|Rage Powder|p2a: Té (en) tazas
|-singleturn|p2a: Té (en) tazas|move: Rage Powder
|move|p1b: Gholdengo|Shadow Ball|p2a: Té (en) tazas
|-supereffective|p2a: Té (en) tazas
|-damage|p2a: Té (en) tazas|0 fnt
|faint|p2a: Té (en) tazas
|-damage|p1b: Gholdengo|46/100|[from] item: Life Orb
|move|p1a: Dragonite|Scale Shot|p2b: Wellington
|-supereffective|p2b: Wellington
|-damage|p2b: Wellington|23/100
|-supereffective|p2b: Wellington
|-damage|p2b: Wellington|0 fnt
|faint|p2b: Wellington
|-hitcount|p2: Wellington|2
|-unboost|p1a: Dragonite|def|1
|-boost|p1a: Dragonite|spe|1
|
|upkeep
|
|t:|1756501330
|switch|p2b: Maximiliano|Corviknight, L50, F|100/100
|switch|p2a: Toño|Incineroar, L50, F|35/100
|-ability|p2a: Toño|Intimidate|boost
|-unboost|p1a: Dragonite|atk|1
|-unboost|p1b: Gholdengo|atk|1
|turn|8
|inactive|wideguard_user has 30 seconds left.
|inactive|wideguard_user has 20 seconds left.
|inactive|wideguard_user has 15 seconds left.
|inactive|wideguard_user has 10 seconds left.
|
|t:|1756501376
|move|p1b: Gholdengo|Protect|p1b: Gholdengo
|-singleturn|p1b: Gholdengo|Protect
|move|p2a: Toño|Fake Out|p1a: Dragonite
|-damage|p1a: Dragonite|91/100
|cant|p1a: Dragonite|flinch
|move|p2b: Maximiliano|Tailwind|p2b: Maximiliano
|-sidestart|p2: DrXJ13|move: Tailwind
|
|upkeep
|turn|9
|
|t:|1756501399
|move|p2b: Maximiliano|Iron Head|p1a: Dragonite
|-damage|p1a: Dragonite|42/100
|move|p1a: Dragonite|Haze|p1a: Dragonite
|-clearallboost
|move|p2a: Toño|Flare Blitz|p1b: Gholdengo
|-supereffective|p1b: Gholdengo
|-damage|p1b: Gholdengo|0 fnt
|faint|p1b: Gholdengo
|-damage|p2a: Toño|23/100|[from] Recoil
|
|upkeep
|
|t:|1756501405
|switch|p1b: Sneasler|Sneasler, L50, M|100/100
|turn|10
|
|t:|1756501423
|move|p2b: Maximiliano|Dual Wingbeat|p1b: Sneasler
|-supereffective|p1b: Sneasler
|-damage|p1b: Sneasler|53/100
|-supereffective|p1b: Sneasler
|-damage|p1b: Sneasler|5/100
|-hitcount|p1b: Sneasler|2
|move|p1b: Sneasler|Close Combat|p2a: Toño
|-supereffective|p2a: Toño
|-damage|p2a: Toño|0 fnt
|-unboost|p1b: Sneasler|def|1
|-unboost|p1b: Sneasler|spd|1
|faint|p2a: Toño
|move|p1a: Dragonite|Tailwind|p1a: Dragonite
|-sidestart|p1: wideguard_user|move: Tailwind
|
|upkeep
|turn|11
|
|t:|1756501446
|move|p1b: Sneasler|Close Combat|p2b: Maximiliano
|-damage|p2b: Maximiliano|38/100
|-unboost|p1b: Sneasler|def|1
|-unboost|p1b: Sneasler|spd|1
|move|p1a: Dragonite|Scale Shot|p2b: Maximiliano
|-resisted|p2b: Maximiliano
|-damage|p2b: Maximiliano|31/100
|-resisted|p2b: Maximiliano
|-damage|p2b: Maximiliano|23/100
|-resisted|p2b: Maximiliano
|-damage|p2b: Maximiliano|17/100
|-resisted|p2b: Maximiliano
|-damage|p2b: Maximiliano|10/100
|-resisted|p2b: Maximiliano
|-crit|p2b: Maximiliano
|-damage|p2b: Maximiliano|0 fnt
|faint|p2b: Maximiliano
|-hitcount|p2: Maximiliano|5
|
|win|wideguard_user
|inactive|wideguard_user has 30 seconds to confirm battle start!
|inactive|DrXJ13 has 30 seconds to confirm battle start!
||wideguard_user is ready for game 3.
||DrXJ13 is ready for game 3.
|uhtml|next|Next: Game 3 of 3
