|j|☆SomeKidJon
|j|☆1204Water
|html|SomeKidJon1204Water    
|uhtml|bestof|Game 3 of a best-of-3
|t:|1756348016
|gametype|doubles
|player|p1|SomeKidJon|scientistf|1145
|player|p2|1204Water|hilda-wonderlauncher|1024
|gen|9
|tier|[Gen 9] VGC 2025 Reg H (Bo3)
|rated|
|rule|Species Clause: Limit one of each Pokémon
|rule|Item Clause: Limit 1 of each item
|clearpoke
|poke|p1|Zoroark-Hisui, L50, M|
|poke|p1|Serperior, L50, F|
|poke|p1|Basculegion, L50, M|
|poke|p1|Pelipper, L50, M|
|poke|p1|Kingambit, L50, F|
|poke|p1|Vikavolt, L50, F|
|poke|p2|Basculegion, L50, M|
|poke|p2|Archaludon, L50, F|
|poke|p2|Pelipper, L50, M|
|poke|p2|Incineroar, L50, M|
|poke|p2|Gholdengo, L50|
|poke|p2|Amoonguss, L50, F|
|teampreview|4
|showteam|p1|Zoroark-Hisui||ChoiceSpecs|Illusion|TeraBlast,HyperVoice,Snarl,ShadowBall|||M|||50|,,,,,Stellar]Serperior||LightClay|Contrary|LeafStorm,Reflect,LightScreen,TeraBlast|||F|||50|,,,,,Fire]Basculegion||ChoiceBand|SwiftSwim|WaveCrash,LastRespects,AquaJet,FlipTurn|||M|||50|,,,,,Water]Pelipper||FocusSash|Drizzle|HelpingHand,Tailwind,WeatherBall,Hurricane|||M|||50|,,,,,Ghost]Kingambit||ChopleBerry|Defiant|KowtowCleave,SuckerPunch,LowKick,SwordsDance|||F|||50|,,,,,Dark]Vikavolt||AssaultVest|Levitate|Thunder,VoltSwitch,BugBuzz,TeraBlast|||F|||50|,,,,,Fighting
|showteam|p2|Basculegion||ChoiceBand|SwiftSwim|FlipTurn,WaveCrash,AquaJet,LastRespects|||M|||50|,,,,,Water]Archaludon||AssaultVest|Stamina|ElectroShot,DracoMeteor,FlashCannon,BodyPress|||F|||50|,,,,,Grass]Pelipper||FocusSash|Drizzle|Protect,Tailwind,Hurricane,WeatherBall|||M|||50|,,,,,Ghost]Incineroar||SafetyGoggles|Intimidate|FakeOut,KnockOff,PartingShot,FlareBlitz|||M|||50|,,,,,Ghost]Gholdengo||LifeOrb|GoodasGold|Protect,NastyPlot,MakeItRain,ShadowBall||||||50|,,,,,Water]Amoonguss||RockyHelmet|Regenerator|Protect,RagePowder,Spore,PollenPuff|||F|||50|,,,,,Dark
|
|t:|1756348060
|teamsize|p1|4
|teamsize|p2|4
|start
|switch|p1a: Sciel|Serperior, L50, F|100/100
|switch|p1b: Maelle|Kingambit, L50, F, shiny|100/100
|switch|p2a: Amoonguss|Amoonguss, L50, F, shiny|100/100
|switch|p2b: Archaludon|Archaludon, L50, F, shiny|100/100
|turn|1
|
|t:|1756348093
|move|p1a: Sciel|Leaf Storm|p2b: Archaludon
|-resisted|p2b: Archaludon
|-damage|p2b: Archaludon|94/100
|-boost|p1a: Sciel|spa|2
|-ability|p2b: Archaludon|Stamina|boost
|-boost|p2b: Archaludon|def|1
|move|p1b: Maelle|Shadow Ball|p2b: Archaludon
|-damage|p2b: Archaludon|53/100
|-ability|p2b: Archaludon|Stamina|boost
|-boost|p2b: Archaludon|def|1
|move|p2b: Archaludon|Body Press|p1b: Maelle
|-immune|p1b: Maelle
|move|p2a: Amoonguss|Spore|p1b: Maelle
|-status|p1b: Maelle|slp|[from] move: Spore
|
|upkeep
|turn|2
|
|t:|1756348123
|move|p1a: Sciel|Reflect|p1a: Sciel
|-sidestart|p1: SomeKidJon|Reflect
|cant|p1b: Maelle|slp
|move|p2b: Archaludon|Draco Meteor|p1a: Sciel
|-damage|p1a: Sciel|33/100
|-unboost|p2b: Archaludon|spa|2
|move|p2a: Amoonguss|Pollen Puff|p2b: Archaludon
|-heal|p2b: Archaludon|100/100
|
|upkeep
|turn|3
|
|t:|1756348152
|move|p1a: Sciel|Light Screen|p1a: Sciel
|-sidestart|p1: SomeKidJon|move: Light Screen
|cant|p1b: Maelle|slp
|move|p2b: Archaludon|Flash Cannon|p1a: Sciel
|-damage|p1a: Sciel|19/100
|move|p2a: Amoonguss|Spore|p1a: Sciel
|-immune|p1a: Sciel
|
|upkeep
|turn|4
|
|t:|1756348175
|switch|p2a: Gholdengo|Gholdengo, L50|100/100
|-terastallize|p1a: Sciel|Fire
|move|p1a: Sciel|Tera Blast|p2a: Gholdengo|[anim] Tera Blast Fire
|-supereffective|p2a: Gholdengo
|-damage|p2a: Gholdengo|0 fnt
|faint|p2a: Gholdengo
|-curestatus|p1b: Maelle|slp|[msg]
|move|p1b: Maelle|Shadow Ball|p2b: Archaludon
|-damage|p2b: Archaludon|57/100
|-ability|p2b: Archaludon|Stamina|boost
|-boost|p2b: Archaludon|def|1
|move|p2b: Archaludon|Draco Meteor|p1a: Sciel
|-damage|p1a: Sciel|0 fnt
|-unboost|p2b: Archaludon|spa|2
|faint|p1a: Sciel
|
|upkeep
|
|t:|1756348196
|switch|p1a: Maelle|Kingambit, L50, F, shiny|100/100
|switch|p2a: Amoonguss|Amoonguss, L50, F, shiny|100/100
|turn|5
|
|t:|1756348217
|move|p1b: Maelle|Shadow Ball|p2b: Archaludon
|-damage|p2b: Archaludon|11/100
|-ability|p2b: Archaludon|Stamina|boost
|-boost|p2b: Archaludon|def|1
|move|p2b: Archaludon|Draco Meteor|p1b: Maelle
|-damage|p1b: Maelle|72/100
|-unboost|p2b: Archaludon|spa|2
|replace|p1b: Verso|Zoroark-Hisui, L50, M, shiny
|-end|p1b: Verso|Illusion
|move|p1a: Maelle|Low Kick|p2b: Archaludon
|-supereffective|p2b: Archaludon
|-damage|p2b: Archaludon|0 fnt
|faint|p2b: Archaludon
|move|p2a: Amoonguss|Spore|p1a: Maelle
|-status|p1a: Maelle|slp|[from] move: Spore
|
|upkeep
|
|t:|1756348235
|switch|p2b: Incineroar|Incineroar, L50, M|100/100
|-ability|p2b: Incineroar|Intimidate|boost
|-unboost|p1a: Maelle|atk|1
|-ability|p1a: Maelle|Defiant|boost
|-boost|p1a: Maelle|atk|2
|-unboost|p1b: Verso|atk|1
|turn|6
|
|t:|1756348250
|move|p1b: Verso|Shadow Ball|p2a: Amoonguss
|-damage|p2a: Amoonguss|45/100
|move|p2b: Incineroar|Flare Blitz|p1a: Maelle
|-supereffective|p1a: Maelle
|-damage|p1a: Maelle|57/100 slp
|-damage|p2b: Incineroar|86/100|[from] Recoil
|cant|p1a: Maelle|slp
|move|p2a: Amoonguss|Spore|p1b: Verso
|-status|p1b: Verso|slp|[from] move: Spore
|
|upkeep
|turn|7
|
|t:|1756348276
|cant|p1b: Verso|slp
|move|p2b: Incineroar|Flare Blitz|p1a: Maelle
|-supereffective|p1a: Maelle
|-damage|p1a: Maelle|15/100 slp
|-damage|p2b: Incineroar|72/100|[from] Recoil
|cant|p1a: Maelle|slp
|move|p2a: Amoonguss|Pollen Puff|p2b: Incineroar
|-heal|p2b: Incineroar|100/100
|
|upkeep
|turn|8
|
|t:|1756348301
|-curestatus|p1a: Maelle|slp|[msg]
|move|p1a: Maelle|Sucker Punch|p2a: Amoonguss
|-damage|p2a: Amoonguss|4/100
|-damage|p1a: Maelle|0 fnt|[from] item: Rocky Helmet|[of] p2a: Amoonguss
|faint|p1a: Maelle
|cant|p1b: Verso|slp
|move|p2b: Incineroar|Flare Blitz|p1b: Verso
|-damage|p1b: Verso|11/100 slp
|-damage|p2b: Incineroar|88/100|[from] Recoil
|move|p2a: Amoonguss|Pollen Puff|p2b: Incineroar
|-heal|p2b: Incineroar|100/100
|
|upkeep
|
|t:|1756348307
|switch|p1a: Monocco|Basculegion, L50, M|100/100
|turn|9
|
|t:|1756348327
|cant|p1b: Verso|slp
|move|p1a: Monocco|Wave Crash|p2b: Incineroar
|-supereffective|p2b: Incineroar
|-damage|p2b: Incineroar|0 fnt
|faint|p2b: Incineroar
|-damage|p1a: Monocco|67/100|[from] Recoil
|move|p2a: Amoonguss|Spore|p1a: Monocco
|-status|p1a: Monocco|slp|[from] move: Spore
|
|-sideend|p1: SomeKidJon|Reflect
|upkeep
|turn|10
|
|t:|1756348359
|move|p2a: Amoonguss|Rage Powder|p2a: Amoonguss
|-singleturn|p2a: Amoonguss|move: Rage Powder
|-curestatus|p1b: Verso|slp|[msg]
|move|p1b: Verso|Shadow Ball|p2a: Amoonguss
|-damage|p2a: Amoonguss|0 fnt
|faint|p2a: Amoonguss
|
|win|SomeKidJon
|raw|SomeKidJon's rating: 1145 → 1162(+17 for winning)
|raw|1204Water's rating: 1024 → 1015(-9 for losing)
|l|☆SomeKidJon
|player|p1|
