|j|☆p1ch1pichi
|j|☆Darknight918
|html|p1ch1pichiDarknight918    
|uhtml|bestof|Game 2 of a best-of-3
|t:|1784783546
|gametype|doubles
|player|p1|p1ch1pichi|n|1204
|player|p2|Darknight918|will|1227
|gen|9
|tier|[Gen 9 Champions] VGC 2026 Reg M-B (Bo3)
|rated|
|rule|Species Clause: Limit one of each Pokémon
|rule|Item Clause: Limit 1 of each item
|clearpoke
|poke|p1|Blastoise, L50, M, shiny|
|poke|p1|Delphox, L50, M|
|poke|p1|Sneasler, L50, F|
|poke|p1|Incineroar, L50, M|
|poke|p1|Sinistcha, L50|
|poke|p1|Kingambit, L50, F|
|poke|p2|Kingambit, L50, M, shiny|
|poke|p2|Charizard, L50, M|
|poke|p2|Aerodactyl, L50, M|
|poke|p2|Farigiraf, L50, M, shiny|
|poke|p2|Garchomp, L50, M, shiny|
|poke|p2|Sylveon, L50, F|
|teampreview|4
|showteam|p1|Blastoise||Blastoisinite|RainDish|DarkPulse,WaterSpout,ShellSmash,Protect|Modest||M|||50|]Delphox||Delphoxite|Blaze|HeatWave,NastyPlot,Psyshock,Protect|Modest||M|||50|]Sneasler||FocusSash|PoisonTouch|PoisonJab,CloseCombat,FakeOut,QuickGuard|Jolly||F|||50|]Incineroar||SitrusBerry|Intimidate|FlareBlitz,HelpingHand,PartingShot,FakeOut|Careful||M|||50|]Sinistcha||KasibBerry|Hospitality|MatchaGotcha,RagePowder,TrickRoom,Protect|Bold|||||50|]Kingambit||BlackGlasses|Defiant|KowtowCleave,SuckerPunch,SwordsDance,Protect|Adamant||F|||50|
|showteam|p2|Kingambit||FocusSash|Defiant|KowtowCleave,IronHead,SuckerPunch,LowKick|Adamant||M|||50|]Charizard||CharizarditeY|Blaze|HeatWave,SolarBeam,WeatherBall,Protect|Modest||M|||50|]Aerodactyl||Aerodactylite|Unnerve|RockSlide,DualWingbeat,IceFang,Tailwind|Jolly||M|||50|]Farigiraf||SitrusBerry|ArmorTail|TwinBeam,Thunderbolt,TrickRoom,Protect|Bold||M|||50|]Garchomp||LifeOrb|RoughSkin|Earthquake,DragonClaw,StompingTantrum,Protect|Jolly||M|||50|]Sylveon||FairyFeather|Pixilate|HyperVoice,HyperBeam,QuickAttack,Protect|Modest||F|||50|
|inactive|Battle timer is ON: inactive players will automatically lose when time's up. (requested by Darknight918)
|l|☆p1ch1pichi
|inactive|p1ch1pichi disconnected and has a minute to reconnect!
|player|p1|
|j|☆p1ch1pichi
|inactive|p1ch1pichi reconnected and has 70 seconds left.
|player|p1|p1ch1pichi|n|
|inactive|Darknight918 has 60 seconds left.
|
|t:|1784783586
|teamsize|p1|4
|teamsize|p2|4
|start
|switch|p1a: Sinistcha|Sinistcha, L50|100/100
|switch|p1b: Sneasler|Sneasler, L50, F|100/100
|switch|p2a: Aerodactyl|Aerodactyl, L50, M|100/100
|switch|p2b: Kingambit|Kingambit, L50, M, shiny|100/100
|-ability|p2a: Aerodactyl|Unnerve
|turn|1
|
|t:|1784783608
|switch|p2b: Farigiraf|Farigiraf, L50, M, shiny|100/100
|detailschange|p2a: Aerodactyl|Aerodactyl-Mega, L50, M
|-mega|p2a: Aerodactyl|Aerodactyl|Aerodactylite
|move|p1a: Sinistcha|Rage Powder|p1a: Sinistcha
|-singleturn|p1a: Sinistcha|move: Rage Powder
|move|p2a: Aerodactyl|Dual Wingbeat|p1a: Sinistcha
|-supereffective|p1a: Sinistcha|1
|-damage|p1a: Sinistcha|58/100
|-supereffective|p1a: Sinistcha|1
|-damage|p1a: Sinistcha|21/100
|-hitcount|p1a: Sinistcha|2
|move|p1b: Sneasler|Close Combat|p2b: Farigiraf
|-damage|p2b: Farigiraf|52/100
|-unboost|p1b: Sneasler|def|1
|-unboost|p1b: Sneasler|spd|1
|
|upkeep
|turn|2
|inactive|p1ch1pichi has 30 seconds left.
|
|t:|1784783640
|switch|p1b: Kingambit|Kingambit, L50, F|100/100
|move|p2a: Aerodactyl|Dual Wingbeat|p1b: Kingambit
|-resisted|p1b: Kingambit|1
|-damage|p1b: Kingambit|90/100
|-resisted|p1b: Kingambit|1
|-damage|p1b: Kingambit|81/100
|-hitcount|p1b: Kingambit|2
|move|p1a: Sinistcha|Matcha Gotcha|p2b: Farigiraf|[spread] p2a,p2b
|-damage|p2a: Aerodactyl|72/100
|-heal|p1a: Sinistcha|35/100|[from] drain|[of] p2a: Aerodactyl
|-damage|p2b: Farigiraf|32/100
|-heal|p1a: Sinistcha|47/100|[from] drain|[of] p2b: Farigiraf
|-status|p2a: Aerodactyl|brn
|-status|p2b: Farigiraf|brn
|-enditem|p2b: Farigiraf|Sitrus Berry|[eat]
|-heal|p2b: Farigiraf|57/100 brn|[from] item: Sitrus Berry
|move|p2b: Farigiraf|Twin Beam|p1a: Sinistcha
|-damage|p1a: Sinistcha|32/100
|-damage|p1a: Sinistcha|16/100
|-hitcount|p1a: Sinistcha|2
|
|-damage|p2a: Aerodactyl|66/100 brn|[from] brn
|-damage|p2b: Farigiraf|51/100 brn|[from] brn
|upkeep
|turn|3
|inactive|p1ch1pichi has 30 seconds left.
|inactive|Darknight918 has 30 seconds left.
|inactive|p1ch1pichi has 20 seconds left.
|
|t:|1784783680
|move|p2a: Aerodactyl|Tailwind|p2a: Aerodactyl
|-sidestart|p2: Darknight918|move: Tailwind
|move|p2b: Farigiraf|Twin Beam|p1a: Sinistcha
|-damage|p1a: Sinistcha|2/100
|-damage|p1a: Sinistcha|0 fnt
|faint|p1a: Sinistcha
|-hitcount|p1: Sinistcha|2
|move|p1b: Kingambit|Kowtow Cleave|p2b: Farigiraf
|-supereffective|p2b: Farigiraf|1
|-damage|p2b: Farigiraf|0 fnt
|faint|p2b: Farigiraf
|
|-damage|p2a: Aerodactyl|60/100 brn|[from] brn
|upkeep
|
|t:|1784783699
|switch|p1a: Delphox|Delphox, L50, M|100/100
|switch|p2b: Garchomp|Garchomp, L50, M, shiny|100/100
|turn|4
|
|t:|1784783716
|detailschange|p1a: Delphox|Delphox-Mega, L50, M
|-mega|p1a: Delphox|Delphox|Delphoxite
|move|p1b: Kingambit|Sucker Punch|p2a: Aerodactyl
|-damage|p2a: Aerodactyl|8/100 brn
|move|p2a: Aerodactyl|Rock Slide|p1b: Kingambit|[spread] p1a,p1b
|-supereffective|p1a: Delphox|1
|-resisted|p1b: Kingambit|1
|-damage|p1a: Delphox|68/100
|-damage|p1b: Kingambit|76/100
|move|p2b: Garchomp|Dragon Claw|p1a: Delphox
|-damage|p1a: Delphox|8/100
|-damage|p2b: Garchomp|90/100|[from] item: Life Orb
|move|p1a: Delphox|Nasty Plot|p1a: Delphox
|-boost|p1a: Delphox|spa|2
|
|-damage|p2a: Aerodactyl|2/100 brn|[from] brn
|upkeep
|turn|5
|inactive|p1ch1pichi has 30 seconds left.
|inactive|p1ch1pichi has 20 seconds left.
|
|t:|1784783751
|switch|p1b: Sneasler|Sneasler, L50, F|100/100
|move|p1a: Delphox|Protect|p1a: Delphox
|-singleturn|p1a: Delphox|Protect
|move|p2a: Aerodactyl|Rock Slide|p1a: Delphox|[spread] p1b
|-activate|p1a: Delphox|move: Protect
|-resisted|p1b: Sneasler|1
|-damage|p1b: Sneasler|88/100
|move|p2b: Garchomp|Dragon Claw|p1a: Delphox
|-activate|p1a: Delphox|move: Protect
|
|-damage|p2a: Aerodactyl|0 fnt|[from] brn
|faint|p2a: Aerodactyl
|upkeep
|
|t:|1784783757
|switch|p2a: Kingambit|Kingambit, L50, M, shiny|100/100
|turn|6
|inactive|p1ch1pichi has 30 seconds left.
|
|t:|1784783784
|move|p1b: Sneasler|Fake Out|p2b: Garchomp
|-damage|p2b: Garchomp|76/100
|-damage|p1b: Sneasler|76/100|[from] ability: Rough Skin|[of] p2b: Garchomp
|cant|p2b: Garchomp|flinch
|move|p2a: Kingambit|Kowtow Cleave|p1a: Delphox
|-supereffective|p1a: Delphox|1
|-damage|p1a: Delphox|0 fnt
|faint|p1a: Delphox
|
|-sideend|p2: Darknight918|move: Tailwind
|upkeep
|
|t:|1784783796
|switch|p1a: Kingambit|Kingambit, L50, F|76/100
|turn|7
|
|t:|1784783804
|move|p2a: Kingambit|Sucker Punch|p1a: Kingambit
|-resisted|p1a: Kingambit|1
|-damage|p1a: Kingambit|59/100
|move|p1b: Sneasler|Close Combat|p2a: Kingambit
|-supereffective|p2a: Kingambit|2
|-enditem|p2a: Kingambit|Focus Sash
|-damage|p2a: Kingambit|1/100
|-unboost|p1b: Sneasler|def|1
|-unboost|p1b: Sneasler|spd|1
|move|p2b: Garchomp|Earthquake|p1a: Kingambit|[spread] p2a,p1a,p1b
|-supereffective|p2a: Kingambit|1
|-supereffective|p1a: Kingambit|1
|-supereffective|p1b: Sneasler|1
|-damage|p2a: Kingambit|0 fnt
|-damage|p1a: Kingambit|0 fnt
|-damage|p1b: Sneasler|0 fnt
|faint|p2a: Kingambit
|faint|p1a: Kingambit
|faint|p1b: Sneasler
|-damage|p2b: Garchomp|66/100|[from] item: Life Orb
|
|win|Darknight918
|raw|p1ch1pichi's rating: 1204 → 1181(-23 for losing)
|raw|Darknight918's rating: 1227 → 1250(+23 for winning)
