|j|☆jqrzzz
|j|☆dericos
|html|jqrzzzdericos    
|uhtml|bestof|Game 1 of a best-of-3
|t:|1782289909
|gametype|doubles
|player|p1|jqrzzz|266|1077
|player|p2|dericos|170|1148
|gen|9
|tier|[Gen 9 Champions] VGC 2026 Reg M-B (Bo3)
|rated|
|rule|Species Clause: Limit one of each Pokémon
|rule|Item Clause: Limit 1 of each item
|clearpoke
|poke|p1|Appletun, L50, F|
|poke|p1|Sinistcha, L50|
|poke|p1|Corviknight, L50, M|
|poke|p1|Excadrill, L50, M|
|poke|p1|Tyranitar, L50, F|
|poke|p1|Grimmsnarl, L50, M|
|poke|p2|Swampert, L50, F|
|poke|p2|Pelipper, L50, M|
|poke|p2|Archaludon, L50, F|
|poke|p2|Sinistcha, L50|
|poke|p2|Maushold-Four, L50|
|poke|p2|Gholdengo, L50|
|teampreview|4
|showteam|p1|Appletun||RoseliBerry|ThickFat|AppleAcid,DracoMeteor,LeechSeed,Protect|Modest||F|||50|]Sinistcha||SitrusBerry|Hospitality|MatchaGotcha,RagePowder,LifeDew,TrickRoom|Calm|||||50|]Corviknight||Leftovers|MirrorArmor|Roost,BraveBird,Tailwind,BulkUp|Careful||M|||50|]Excadrill||LifeOrb|SandRush|Earthquake,RockSlide,PoisonJab,Substitute|Adamant||M|||50|]Tyranitar||Tyranitarite|SandStream|DragonDance,RockSlide,KnockOff,Protect|Careful||F|||50|]Grimmsnarl||LightClay|Prankster|LightScreen,Reflect,PartingShot,FakeOut|Careful||M|||50|
|showteam|p2|Swampert||Swampertite|Torrent|WaveCrash,HighHorsepower,IcePunch,Protect|Adamant||F|||50|]Pelipper||SitrusBerry|Drizzle|WeatherBall,Hurricane,Tailwind,WideGuard|Modest||M|||50|]Archaludon||Leftovers|Stamina|ElectroShot,DragonPulse,FlashCannon,Protect|Calm||F|||50|]Sinistcha||KasibBerry|Hospitality|RagePowder,MatchaGotcha,TrickRoom,Protect|Bold|||||50|]Maushold-Four||FocusSash|FriendGuard|FollowMe,SuperFang,RainDance,Protect|Timid|||||50|]Gholdengo||LifeOrb|GoodasGold|MakeItRain,ShadowBall,NastyPlot,Protect|Modest|||||50|
|inactive|Battle timer is ON: inactive players will automatically lose when time's up. (requested by jqrzzz)
|inactive|dericos has 60 seconds left.
|
|t:|1782289979
|teamsize|p1|4
|teamsize|p2|4
|start
|switch|p1a: Grimmsnarl|Grimmsnarl, L50, M|100/100
|switch|p1b: Appletun|Appletun, L50, F|100/100
|switch|p2a: Maushold|Maushold-Four, L50|100/100
|switch|p2b: Gholdengo|Gholdengo, L50|100/100
|turn|1
|inactive|jqrzzz has 30 seconds left.
|inactive|jqrzzz has 20 seconds left.
|inactive|jqrzzz has 15 seconds left.
|
|t:|1782290022
|move|p2a: Maushold|Follow Me|p2a: Maushold
|-singleturn|p2a: Maushold|move: Follow Me
|move|p1a: Grimmsnarl|Reflect|p1a: Grimmsnarl
|-sidestart|p1: jqrzzz|Reflect
|move|p2b: Gholdengo|Nasty Plot|p2b: Gholdengo
|-boost|p2b: Gholdengo|spa|2
|move|p1b: Appletun|Leech Seed|p2a: Maushold
|-start|p2a: Maushold|move: Leech Seed
|
|-damage|p2a: Maushold|87/100|[from] Leech Seed|[of] p1b: Appletun
|upkeep
|turn|2
|
|t:|1782290041
|move|p1a: Grimmsnarl|Light Screen|p1a: Grimmsnarl
|-sidestart|p1: jqrzzz|move: Light Screen
|move|p2a: Maushold|Super Fang|p1b: Appletun
|-damage|p1b: Appletun|50/100g
|move|p2b: Gholdengo|Make It Rain|p1b: Appletun|[spread] p1a,p1b
|-supereffective|p1a: Grimmsnarl|1
|-damage|p1a: Grimmsnarl|0 fnt
|-damage|p1b: Appletun|0 fnt
|-unboost|p2b: Gholdengo|spa|2
|faint|p1a: Grimmsnarl
|faint|p1b: Appletun
|-damage|p2b: Gholdengo|90/100|[from] item: Life Orb
|
|upkeep
|
|t:|1782290054
|switch|p1a: Tyranitar|Tyranitar, L50, F|100/100
|switch|p1b: Excadrill|Excadrill, L50, M|100/100
|-weather|Sandstorm|[from] ability: Sand Stream|[of] p1a: Tyranitar
|turn|3
|inactive|dericos has 30 seconds left.
|
|t:|1782290086
|move|p2b: Gholdengo|Protect|p2b: Gholdengo
|-singleturn|p2b: Gholdengo|Protect
|move|p1b: Excadrill|Substitute|p1b: Excadrill
|-start|p1b: Excadrill|Substitute
|-damage|p1b: Excadrill|75/100
|move|p2a: Maushold|Rain Dance|p2a: Maushold
|-weather|RainDance
|move|p1a: Tyranitar|Dragon Dance|p1a: Tyranitar
|-boost|p1a: Tyranitar|atk|1
|-boost|p1a: Tyranitar|spe|1
|
|-weather|RainDance|[upkeep]
|-damage|p2a: Maushold|75/100|[from] Leech Seed|[of] p1b: Excadrill
|-heal|p1b: Excadrill|87/100|[silent]
|upkeep
|turn|4
|inactive|jqrzzz has 30 seconds left.
|inactive|jqrzzz has 20 seconds left.
|
|t:|1782290125
|move|p2a: Maushold|Follow Me|p2a: Maushold
|-singleturn|p2a: Maushold|move: Follow Me
|move|p1b: Excadrill|Poison Jab|p2a: Maushold
|-damage|p2a: Maushold|23/100
|-damage|p1b: Excadrill|77/100|[from] item: Life Orb
|move|p2b: Gholdengo|Nasty Plot|p2b: Gholdengo
|-boost|p2b: Gholdengo|spa|2
|move|p1a: Tyranitar|Dragon Dance|p1a: Tyranitar
|-boost|p1a: Tyranitar|atk|1
|-boost|p1a: Tyranitar|spe|1
|
|-weather|RainDance|[upkeep]
|-damage|p2a: Maushold|11/100|[from] Leech Seed|[of] p1b: Excadrill
|-heal|p1b: Excadrill|89/100|[silent]
|upkeep
|turn|5
|inactive|jqrzzz has 30 seconds left.
|
|t:|1782290159
|switch|p2a: Swampert|Swampert, L50, F|100/100
|move|p1a: Tyranitar|Protect|p1a: Tyranitar
|-singleturn|p1a: Tyranitar|Protect
|move|p2b: Gholdengo|Protect|p2b: Gholdengo
|-singleturn|p2b: Gholdengo|Protect
|move|p1b: Excadrill|Earthquake|p2a: Swampert|[spread] p2a
|-activate|p1a: Tyranitar|move: Protect
|-activate|p2b: Gholdengo|move: Protect
|-damage|p2a: Swampert|41/100
|-damage|p1b: Excadrill|79/100|[from] item: Life Orb
|
|-weather|RainDance|[upkeep]
|upkeep
|turn|6
|inactive|jqrzzz has 30 seconds left.
|inactive|jqrzzz has 20 seconds left.
|inactive|jqrzzz has 15 seconds left.
|inactive|jqrzzz has 10 seconds left.
|
|t:|1782290207
|detailschange|p1a: Tyranitar|Tyranitar-Mega, L50, F
|-mega|p1a: Tyranitar|Tyranitar|Tyranitarite
|-weather|Sandstorm|[from] ability: Sand Stream|[of] p1a: Tyranitar
|move|p2a: Swampert|Protect|p2a: Swampert
|-singleturn|p2a: Swampert|Protect
|move|p1b: Excadrill|Rock Slide|p2b: Gholdengo|[spread] p2b
|-activate|p2a: Swampert|move: Protect
|-resisted|p2b: Gholdengo|1
|-damage|p2b: Gholdengo|75/100
|-damage|p1b: Excadrill|70/100|[from] item: Life Orb
|move|p1a: Tyranitar|Knock Off|p2b: Gholdengo
|-supereffective|p2b: Gholdengo|1
|-damage|p2b: Gholdengo|0 fnt
|-enditem|p2b: Gholdengo|Life Orb|[from] move: Knock Off|[of] p1a: Tyranitar
|faint|p2b: Gholdengo
|
|-weather|Sandstorm|[upkeep]
|upkeep
|
|t:|1782290221
|switch|p2b: Pelipper|Pelipper, L50, M|100/100
|-weather|RainDance|[from] ability: Drizzle|[of] p2b: Pelipper
|turn|7
|
|t:|1782290243
|detailschange|p2a: Swampert|Swampert-Mega, L50, F
|-mega|p2a: Swampert|Swampert|Swampertite
|move|p2a: Swampert|Wave Crash|p1a: Tyranitar
|-supereffective|p1a: Tyranitar|1
|-damage|p1a: Tyranitar|9/100
|-damage|p2a: Swampert|7/100|[from] Recoil
|move|p1a: Tyranitar|Knock Off|p2a: Swampert
|-damage|p2a: Swampert|0 fnt
|faint|p2a: Swampert
|move|p1b: Excadrill|Poison Jab|p2b: Pelipper
|-damage|p2b: Pelipper|60/100
|-damage|p1b: Excadrill|60/100|[from] item: Life Orb
|move|p2b: Pelipper|Tailwind|p2b: Pelipper
|-sidestart|p2: dericos|move: Tailwind
|
|-weather|RainDance|[upkeep]
|upkeep
|
|t:|1782290258
|switch|p2a: Maushold|Maushold-Four, L50|11/100
|turn|8
|
|t:|1782290272
|move|p2a: Maushold|Super Fang|p1b: Excadrill
|-end|p1b: Excadrill|Substitute
|move|p2b: Pelipper|Weather Ball|p1a: Tyranitar
|-supereffective|p1a: Tyranitar|1
|-damage|p1a: Tyranitar|0 fnt
|faint|p1a: Tyranitar
|move|p1b: Excadrill|Rock Slide|p2a: Maushold|[spread] p2a,p2b
|-supereffective|p2b: Pelipper|1
|-damage|p2a: Maushold|0 fnt
|-damage|p2b: Pelipper|16/100
|-enditem|p2b: Pelipper|Sitrus Berry|[eat]
|-heal|p2b: Pelipper|40/100|[from] item: Sitrus Berry
|faint|p2a: Maushold
|-damage|p1b: Excadrill|50/100g|[from] item: Life Orb
|
|-weather|RainDance|[upkeep]
|-sideend|p1: jqrzzz|Reflect
|upkeep
|turn|9
|
|t:|1782290291
|move|p2b: Pelipper|Weather Ball|p1b: Excadrill
|-supereffective|p1b: Excadrill|1
|-damage|p1b: Excadrill|0 fnt
|faint|p1b: Excadrill
|
|win|dericos
