|j|☆OdieVGC
|j|☆FocusRanja
|html|OdieVGCFocusRanja    
|uhtml|bestof|Game 1 of a best-of-3
|t:|1783369645
|gametype|doubles
|player|p1|OdieVGC|265|1081
|player|p2|FocusRanja|101|1079
|gen|9
|tier|[Gen 9 Champions] VGC 2026 Reg M-B (Bo3)
|rated|
|rule|Species Clause: Limit one of each Pokémon
|rule|Item Clause: Limit 1 of each item
|clearpoke
|poke|p1|Primarina, L50, F|
|poke|p1|Staraptor, L50, F, shiny|
|poke|p1|Delphox, L50, F, shiny|
|poke|p1|Garchomp, L50, M|
|poke|p1|Grimmsnarl, L50, M|
|poke|p1|Sinistcha-Masterpiece, L50, shiny|
|poke|p2|Incineroar, L50, M|
|poke|p2|Mawile, L50, F|
|poke|p2|Farigiraf, L50, F|
|poke|p2|Charizard, L50, M|
|poke|p2|Whimsicott, L50, M|
|poke|p2|Basculegion, L50, M|
|teampreview|4
|showteam|p1|Primarina||Leftovers|LiquidVoice|Protect,HyperVoice,CalmMind,Moonblast|Modest||F|||50|]Staraptor||Staraptite|Intimidate|Protect,BraveBird,Tailwind,CloseCombat|Jolly||F|||50|]Delphox||Delphoxite|Blaze|Protect,HeatWave,Encore,Psychic|Timid||F|||50|]Garchomp||LifeOrb|RoughSkin|Protect,DragonClaw,RockSlide,StompingTantrum|Jolly||M|||50|]Grimmsnarl||LightClay|Prankster|SpiritBreak,Reflect,LightScreen,PartingShot|Careful||M|||50|]Sinistcha-Masterpiece||KasibBerry|Hospitality|Protect,MatchaGotcha,RagePowder,StrengthSap|Bold|||||50|
|showteam|p2|Incineroar||SitrusBerry|Intimidate|FakeOut,DarkestLariat,FlareBlitz,PartingShot|Brave||M|||50|]Mawile||Mawilite|HyperCutter|PlayRough,IronHead,Protect,SuckerPunch|Serious||F|||50|]Farigiraf||ColburBerry|ArmorTail|HelpingHand,TrickRoom,HyperVoice,Psychic|Relaxed||F|||50|]Charizard||CharizarditeY|SolarPower|WeatherBall,HeatWave,Protect,SolarBeam|Timid||M|||50|]Whimsicott||FocusSash|Prankster|Tailwind,Encore,Protect,Moonblast|Timid||M|||50|]Basculegion||LifeOrb|Adaptability|AquaJet,WaveCrash,Protect,LastRespects|Jolly||M|||50|
|
|t:|1783369689
|teamsize|p1|4
|teamsize|p2|4
|start
|switch|p1a: Garchomp|Garchomp, L50, M|100/100
|switch|p1b: Grimmsnarl|Grimmsnarl, L50, M|100/100
|switch|p2a: Incineroar|Incineroar, L50, M|100/100
|switch|p2b: Farigiraf|Farigiraf, L50, F|100/100
|-ability|p2a: Incineroar|Intimidate|boost
|-unboost|p1a: Garchomp|atk|1
|-unboost|p1b: Grimmsnarl|atk|1
|turn|1
|
|t:|1783369739
|move|p2a: Incineroar|Fake Out|p1a: Garchomp
|-damage|p1a: Garchomp|84/100
|-damage|p2a: Incineroar|87/100|[from] ability: Rough Skin|[of] p1a: Garchomp
|cant|p1a: Garchomp|flinch
|move|p1b: Grimmsnarl|Spirit Break|p2a: Incineroar
|-damage|p2a: Incineroar|68/100
|-unboost|p2a: Incineroar|spa|1
|move|p2b: Farigiraf|Trick Room|p2b: Farigiraf
|-fieldstart|move: Trick Room|[of] p2b: Farigiraf
|
|upkeep
|turn|2
|
|t:|1783369771
|switch|p1b: Sinistcha|Sinistcha-Masterpiece, L50, shiny|100/100
|-heal|p1a: Garchomp|100/100|[from] ability: Hospitality|[of] p1b: Sinistcha
|move|p2b: Farigiraf|Hyper Voice|p1b: Sinistcha|[spread] p1a
|-immune|p1b: Sinistcha
|-damage|p1a: Garchomp|70/100
|move|p2a: Incineroar|Parting Shot|p1a: Garchomp
|-unboost|p1a: Garchomp|atk|1
|-unboost|p1a: Garchomp|spa|1
|
|t:|1783369782
|switch|p2a: Mawile|Mawile, L50, F|100/100|[from] Parting Shot
|move|p1a: Garchomp|Stomping Tantrum|p2a: Mawile
|-supereffective|p2a: Mawile|1
|-damage|p2a: Mawile|0 fnt
|faint|p2a: Mawile
|-damage|p1a: Garchomp|61/100|[from] item: Life Orb
|
|upkeep
|
|t:|1783369790
|switch|p2a: Basculegion|Basculegion, L50, M|100/100
|turn|3
|
|t:|1783369801
|switch|p1a: Grimmsnarl|Grimmsnarl, L50, M|100/100
|move|p2b: Farigiraf|Psychic|p1a: Grimmsnarl
|-immune|p1a: Grimmsnarl
|move|p1b: Sinistcha|Strength Sap|p2a: Basculegion
|-unboost|p2a: Basculegion|atk|1
|move|p2a: Basculegion|Last Respects|p1b: Sinistcha
|-supereffective|p1b: Sinistcha|1
|-enditem|p1b: Sinistcha|Kasib Berry|[eat]
|-enditem|p1b: Sinistcha|Kasib Berry|[weaken]
|-damage|p1b: Sinistcha|60/100
|-damage|p2a: Basculegion|90/100|[from] item: Life Orb
|
|upkeep
|turn|4
|
|t:|1783369822
|switch|p2a: Incineroar|Incineroar, L50, M|68/100
|-ability|p2a: Incineroar|Intimidate|boost
|-unboost|p1a: Grimmsnarl|atk|1
|-unboost|p1b: Sinistcha|atk|1
|move|p1a: Grimmsnarl|Reflect|p1a: Grimmsnarl
|-sidestart|p1: OdieVGC|Reflect
|move|p2b: Farigiraf|Hyper Voice|p1b: Sinistcha|[spread] p1a
|-immune|p1b: Sinistcha
|-damage|p1a: Grimmsnarl|77/100
|move|p1b: Sinistcha|Matcha Gotcha|p2b: Farigiraf|[spread] p2a,p2b
|-resisted|p2a: Incineroar|1
|-damage|p2a: Incineroar|56/100
|-heal|p1b: Sinistcha|67/100|[from] drain|[of] p2a: Incineroar
|-damage|p2b: Farigiraf|78/100
|-heal|p1b: Sinistcha|80/100|[from] drain|[of] p2b: Farigiraf
|
|upkeep
|turn|5
|
|t:|1783369847
|switch|p1b: Garchomp|Garchomp, L50, M|61/100
|move|p2b: Farigiraf|Helping Hand|p2a: Incineroar
|-singleturn|p2a: Incineroar|Helping Hand|[of] p2b: Farigiraf
|move|p2a: Incineroar|Flare Blitz|p1b: Garchomp
|-resisted|p1b: Garchomp|1
|-damage|p1b: Garchomp|31/100
|-damage|p2a: Incineroar|44/100|[from] ability: Rough Skin|[of] p1b: Garchomp
|-enditem|p2a: Incineroar|Sitrus Berry|[eat]
|-heal|p2a: Incineroar|68/100|[from] item: Sitrus Berry
|-damage|p2a: Incineroar|59/100|[from] Recoil
|move|p1a: Grimmsnarl|Spirit Break|p2b: Farigiraf
|-damage|p2b: Farigiraf|60/100
|-unboost|p2b: Farigiraf|spa|1
|
|-fieldend|move: Trick Room
|upkeep
|turn|6
|
|t:|1783369887
|switch|p1a: Sinistcha|Sinistcha-Masterpiece, L50, shiny|80/100
|-heal|p1b: Garchomp|56/100|[from] ability: Hospitality|[of] p1a: Sinistcha
|move|p1b: Garchomp|Dragon Claw|p2a: Incineroar
|-damage|p2a: Incineroar|10/100
|-damage|p1b: Garchomp|47/100|[from] item: Life Orb
|move|p2b: Farigiraf|Hyper Voice|p1b: Garchomp|[spread] p1b
|-immune|p1a: Sinistcha
|-damage|p1b: Garchomp|27/100
|move|p2a: Incineroar|Darkest Lariat|p1b: Garchomp
|-damage|p1b: Garchomp|0 fnt
|-damage|p2a: Incineroar|0 fnt|[from] ability: Rough Skin|[of] p1b: Garchomp
|faint|p1b: Garchomp
|faint|p2a: Incineroar
|
|upkeep
|
|t:|1783369905
|switch|p1b: Grimmsnarl|Grimmsnarl, L50, M|77/100
|switch|p2a: Basculegion|Basculegion, L50, M|90/100
|turn|7
|
|t:|1783369943
|switch|p1b: Delphox|Delphox, L50, F, shiny|100/100
|move|p1a: Sinistcha|Protect|p1a: Sinistcha
|-singleturn|p1a: Sinistcha|Protect
|move|p2a: Basculegion|Last Respects|p1a: Sinistcha
|-activate|p1a: Sinistcha|move: Protect
|move|p2b: Farigiraf|Hyper Voice|p1b: Delphox|[spread] p1b
|-activate|p1a: Sinistcha|move: Protect
|-damage|p1b: Delphox|81/100
|
|upkeep
|turn|8
|
|t:|1783369964
|switch|p1b: Grimmsnarl|Grimmsnarl, L50, M|77/100
|move|p2a: Basculegion|Wave Crash|p1b: Grimmsnarl
|-damage|p1b: Grimmsnarl|13/100
|-damage|p2a: Basculegion|69/100|[from] Recoil
|-damage|p2a: Basculegion|59/100|[from] item: Life Orb
|move|p1a: Sinistcha|Strength Sap|p2a: Basculegion
|-unboost|p2a: Basculegion|atk|1
|-heal|p1a: Sinistcha|100/100
|move|p2b: Farigiraf|Hyper Voice|p1a: Sinistcha|[spread] p1b
|-immune|p1a: Sinistcha
|-damage|p1b: Grimmsnarl|0 fnt
|faint|p1b: Grimmsnarl
|
|upkeep
|
|t:|1783369979
|switch|p1b: Delphox|Delphox, L50, F, shiny|81/100
|turn|9
|
|t:|1783369990
|detailschange|p1b: Delphox|Delphox-Mega, L50, F, shiny
|-mega|p1b: Delphox|Delphox|Delphoxite
|move|p1b: Delphox|Encore|p2a: Basculegion
|-start|p2a: Basculegion|Encore
|move|p2a: Basculegion|Wave Crash|p1b: Delphox
|-supereffective|p1b: Delphox|1
|-damage|p1b: Delphox|0 fnt
|faint|p1b: Delphox
|-damage|p2a: Basculegion|37/100|[from] Recoil
|-damage|p2a: Basculegion|27/100|[from] item: Life Orb
|move|p1a: Sinistcha|Matcha Gotcha|p2a: Basculegion|[spread] p2a
|-miss|p1a: Sinistcha|p2b: Farigiraf
|-supereffective|p2a: Basculegion|1
|-damage|p2a: Basculegion|0 fnt
|faint|p2a: Basculegion
|move|p2b: Farigiraf|Trick Room|p2b: Farigiraf
|-fieldstart|move: Trick Room|[of] p2b: Farigiraf
|
|upkeep
|turn|10
|
|t:|1783370010
|move|p2b: Farigiraf|Psychic|p1a: Sinistcha
|-damage|p1a: Sinistcha|73/100
|move|p1a: Sinistcha|Matcha Gotcha|p2b: Farigiraf
|-damage|p2b: Farigiraf|32/100
|-heal|p1a: Sinistcha|91/100|[from] drain|[of] p2b: Farigiraf
|
|upkeep
|turn|11
|
|t:|1783370026
|move|p2b: Farigiraf|Psychic|p1a: Sinistcha
|-damage|p1a: Sinistcha|64/100
|move|p1a: Sinistcha|Matcha Gotcha|p2b: Farigiraf
|-damage|p2b: Farigiraf|3/100
|-heal|p1a: Sinistcha|82/100|[from] drain|[of] p2b: Farigiraf
|
|-sideend|p1: OdieVGC|Reflect
|upkeep
|turn|12
|-message|FocusRanja forfeited.
|
|win|OdieVGC
|l|☆FocusRanja
|player|p2|
||OdieVGC is ready for game 2.
|inactive|FocusRanja has 30 seconds to confirm battle start!
|inactive|FocusRanja has 20 seconds to confirm battle start!
|inactive|FocusRanja has 10 seconds to confirm battle start!
|uhtml|next|Next: Game 2 of 3
