|j|☆tickle monster vgc
|j|☆Ulico
|html|tickle monster vgcUlico    
|uhtml|bestof|Game 2 of a best-of-3
|t:|1755047798
|gametype|doubles
|player|p1|tickle monster vgc|shauntal|1276
|player|p2|Ulico|mrstone|1316
|gen|9
|tier|[Gen 9] VGC 2025 Reg H (Bo3)
|rated|
|rule|Species Clause: Limit one of each Pokémon
|rule|Item Clause: Limit 1 of each item
|clearpoke
|poke|p1|Indeedee-F, L50, F|
|poke|p1|Armarouge, L50, F|
|poke|p1|Sneasler, L50, F|
|poke|p1|Dragapult, L50, F|
|poke|p1|Electabuzz, L50, M|
|poke|p1|Ursaluna-Bloodmoon, L50, M|
|poke|p2|Porygon2, L50|
|poke|p2|Incineroar, L50, F|
|poke|p2|Ursaluna, L50, F|
|poke|p2|Amoonguss, L50, F|
|poke|p2|Gholdengo, L50|
|poke|p2|Dragonite, L50, M|
|teampreview|4
|showteam|p1|Indeedee-F||SafetyGoggles|PsychicSurge|FollowMe,HelpingHand,TrickRoom,Psychic|||F|||50|,,,,,Water]Armarouge||LifeOrb|FlashFire|ExpandingForce,ArmorCannon,TrickRoom,Protect|||F|||50|,,,,,Grass]Sneasler||PsychicSeed|Unburden|CloseCombat,DireClaw,ThroatChop,Protect|||F|||50|,,,,,Stellar]Dragapult||ChoiceBand|ClearBody|DragonDarts,Outrage,Uturn,PhantomForce|||F|||50|,,,,,Dragon]Electabuzz||Eviolite|VitalSpirit|Taunt,FollowMe,Electroweb,Protect|||M|||50|,,,,,Fairy]Ursaluna-Bloodmoon||AssaultVest|MindsEye|BloodMoon,HyperVoice,EarthPower,VacuumWave|||M|||50|,,,,,Ghost
|showteam|p2|Porygon2||Eviolite|Download|TeraBlast,IceBeam,Recover,TrickRoom||||||50|,,,,,Fighting]Incineroar||SafetyGoggles|Intimidate|FakeOut,KnockOff,FlareBlitz,PartingShot|||F|||50|,,,,,Ghost]Ursaluna||FlameOrb|Guts|HeadlongRush,Facade,Earthquake,Protect|||F|||50|,,,,,Ghost]Amoonguss||SitrusBerry|Regenerator|PollenPuff,Spore,RagePowder,Protect|||F|||50|,,,,,Water]Gholdengo||LifeOrb|GoodasGold|MakeItRain,ShadowBall,NastyPlot,Protect||||||50|,,,,,Water]Dragonite||LoadedDice|Multiscale|ScaleShot,Haze,Tailwind,Protect|||M|||50|,,,,,Steel
|j| Schshfh
|inactive|Battle timer is ON: inactive players will automatically lose when time's up. (requested by tickle monster vgc)
|c|☆tickle monster vgc|5-3>
|inactive|tickle monster vgc has 60 seconds left.
|
|t:|1755047848
|teamsize|p1|4
|teamsize|p2|4
|start
|switch|p1a: Electabuzz|Electabuzz, L50, M|100/100
|switch|p1b: Ursaluna|Ursaluna-Bloodmoon, L50, M|100/100
|switch|p2a: Incineroar|Incineroar, L50, F|100/100
|switch|p2b: Ursaluna|Ursaluna, L50, F|100/100
|-ability|p2a: Incineroar|Intimidate|boost
|-unboost|p1a: Electabuzz|atk|1
|-unboost|p1b: Ursaluna|atk|1
|turn|1
|c|☆Ulico|whats 5-3
|inactive|tickle monster vgc has 30 seconds left.
|inactive|Ulico has 30 seconds left.
|inactive|tickle monster vgc has 20 seconds left.
|inactive|Ulico has 20 seconds left.
|inactive|tickle monster vgc has 15 seconds left.
|inactive|tickle monster vgc has 10 seconds left.
|
|t:|1755047897
|switch|p1a: Indeedee|Indeedee-F, L50, F|100/100
|-fieldstart|move: Psychic Terrain|[from] ability: Psychic Surge|[of] p1a: Indeedee
|switch|p2a: Dragonite|Dragonite, L50, M|100/100
|move|p2b: Ursaluna|Headlong Rush|p1a: Indeedee
|-damage|p1a: Indeedee|27/100
|-unboost|p2b: Ursaluna|def|1
|-unboost|p2b: Ursaluna|spd|1
|move|p1b: Ursaluna|Blood Moon|p2a: Dragonite
|-damage|p2a: Dragonite|62/100
|
|-status|p2b: Ursaluna|brn|[from] item: Flame Orb
|upkeep
|turn|2
|inactive|tickle monster vgc has 30 seconds left.
|inactive|tickle monster vgc has 20 seconds left.
|inactive|tickle monster vgc has 15 seconds left.
|inactive|tickle monster vgc has 10 seconds left.
|
|t:|1755047942
|move|p1a: Indeedee|Helping Hand|p1b: Ursaluna
|-singleturn|p1b: Ursaluna|Helping Hand|[of] p1a: Indeedee
|move|p2a: Dragonite|Tailwind|p2a: Dragonite
|-sidestart|p2: Ulico|move: Tailwind
|move|p2b: Ursaluna|Earthquake|p1a: Indeedee|[spread] p1a,p1b
|-immune|p2a: Dragonite
|-damage|p1a: Indeedee|0 fnt
|-damage|p1b: Ursaluna|48/100
|faint|p1a: Indeedee
|move|p1b: Ursaluna|Earth Power|p2b: Ursaluna
|-damage|p2b: Ursaluna|0 fnt
|faint|p2b: Ursaluna
|
|upkeep
|
|t:|1755047955
|switch|p1a: Electabuzz|Electabuzz, L50, M|100/100
|switch|p2b: Incineroar|Incineroar, L50, F|100/100
|-ability|p2b: Incineroar|Intimidate|boost
|-unboost|p1a: Electabuzz|atk|1
|-unboost|p1b: Ursaluna|atk|1
|turn|3
|inactive|Ulico has 30 seconds left.
|
|t:|1755047994
|switch|p2a: Amoonguss|Amoonguss, L50, F|100/100
|-terastallize|p2b: Incineroar|Ghost
|-terastallize|p1a: Electabuzz|Fairy
|move|p1a: Electabuzz|Follow Me|p1a: Electabuzz
|-singleturn|p1a: Electabuzz|move: Follow Me
|move|p2b: Incineroar|Knock Off|p1a: Electabuzz
|-resisted|p1a: Electabuzz
|-damage|p1a: Electabuzz|83/100
|-enditem|p1a: Electabuzz|Eviolite|[from] move: Knock Off|[of] p2b: Incineroar
|move|p1b: Ursaluna|Earth Power|p2b: Incineroar
|-damage|p2b: Incineroar|60/100
|
|upkeep
|turn|4
|inactive|Ulico has 30 seconds left.
|
|t:|1755048024
|move|p1a: Electabuzz|Follow Me|p1a: Electabuzz
|-singleturn|p1a: Electabuzz|move: Follow Me
|move|p2b: Incineroar|Flare Blitz|p1a: Electabuzz
|-damage|p1a: Electabuzz|17/100
|-status|p1a: Electabuzz|brn
|-damage|p2b: Incineroar|41/100|[from] Recoil
|move|p2a: Amoonguss|Pollen Puff|p1a: Electabuzz
|-resisted|p1a: Electabuzz
|-damage|p1a: Electabuzz|6/100 brn
|move|p1b: Ursaluna|Blood Moon|p2b: Incineroar
|-damage|p2b: Incineroar|0 fnt
|faint|p2b: Incineroar
|
|-damage|p1a: Electabuzz|0 fnt|[from] brn
|faint|p1a: Electabuzz
|upkeep
|
|t:|1755048034
|switch|p1a: Armarouge|Armarouge, L50, F, shiny|100/100
|switch|p2b: Dragonite|Dragonite, L50, M|62/100
|turn|5
|inactive|Ulico has 30 seconds left.
|inactive|tickle monster vgc has 30 seconds left.
|inactive|Ulico has 20 seconds left.
|
|t:|1755048072
|move|p2b: Dragonite|Scale Shot|p1b: Ursaluna
|-damage|p1b: Ursaluna|38/100
|-damage|p1b: Ursaluna|26/100
|-damage|p1b: Ursaluna|15/100
|-damage|p1b: Ursaluna|5/100
|-hitcount|p1b: Ursaluna|4
|-unboost|p2b: Dragonite|def|1
|-boost|p2b: Dragonite|spe|1
|move|p1a: Armarouge|Expanding Force|p2a: Amoonguss|[spread] p2a,p2b
|-supereffective|p2a: Amoonguss
|-damage|p2a: Amoonguss|0 fnt
|-damage|p2b: Dragonite|0 fnt
|faint|p2a: Amoonguss
|faint|p2b: Dragonite
|-damage|p1a: Armarouge|91/100|[from] item: Life Orb
|
|win|tickle monster vgc
|raw|tickle monster vgc's rating: 1276 → 1304(+28 for winning)
|raw|Ulico's rating: 1316 → 1294(-22 for losing)
|l|☆Ulico
|player|p2|
|l| Schshfh
