|j|☆lordtentacle69
|j|☆jkavier
|html|lordtentacle69jkavier    
|uhtml|bestof|Game 3 of a best-of-3
|t:|1782965595
|gametype|doubles
|player|p1|lordtentacle69|corbeau|1000
|player|p2|jkavier|101|1021
|gen|9
|tier|[Gen 9 Champions] VGC 2026 Reg M-B (Bo3)
|rated|
|rule|Species Clause: Limit one of each Pokémon
|rule|Item Clause: Limit 1 of each item
|clearpoke
|poke|p1|Aerodactyl, L50, F|
|poke|p1|Charizard, L50, F|
|poke|p1|Kingambit, L50, M|
|poke|p1|Sylveon, L50, F|
|poke|p1|Farigiraf, L50, M|
|poke|p1|Garchomp, L50, F|
|poke|p2|Blaziken, L50, M|
|poke|p2|Milotic, L50, F|
|poke|p2|Sylveon, L50, F, shiny|
|poke|p2|Aerodactyl, L50, M|
|poke|p2|Kingambit, L50, M|
|poke|p2|Garchomp, L50, M|
|teampreview|4
|showteam|p1|Aerodactyl||Aerodactylite|Unnerve|RockSlide,DualWingbeat,IceFang,Tailwind|Jolly||F|||50|]Charizard||CharizarditeY|Blaze|HeatWave,Protect,SolarBeam,WeatherBall|Modest||F|||50|]Kingambit||FocusSash|Defiant|KowtowCleave,SuckerPunch,LowKick,IronHead|Adamant||M|||50|]Sylveon||FairyFeather|Pixilate|HyperVoice,HyperBeam,QuickAttack,Protect|Modest||F|||50|]Farigiraf||SitrusBerry|ArmorTail|Psychic,Protect,TrickRoom,Thunderbolt|Bold||M|||50|]Garchomp||LifeOrb|RoughSkin|Earthquake,StompingTantrum,DragonClaw,Protect|Jolly||F|||50|
|showteam|p2|Blaziken||Blazikenite|SpeedBoost|RockSlide,FlareBlitz,CloseCombat,Protect|Adamant||M|||50|]Milotic||Leftovers|Competitive|Scald,IcyWind,Recover,Protect|Bold||F|||50|]Sylveon||FairyFeather|Pixilate|HyperVoice,Detect,QuickAttack,Yawn|Modest||F|||50|]Aerodactyl||Aerodactylite|RockHead|DualWingbeat,Protect,Tailwind,RockSlide|Jolly||M|||50|]Kingambit||LifeOrb|Defiant|KowtowCleave,IronHead,SuckerPunch,Protect|Adamant||M|||50|]Garchomp||LumBerry|RoughSkin|DragonClaw,Earthquake,RockSlide,Protect|Jolly||M|||50|
|inactive|Battle timer is ON: inactive players will automatically lose when time's up. (requested by jkavier)
|
|t:|1782965636
|teamsize|p1|4
|teamsize|p2|4
|start
|switch|p1a: Garchomp|Garchomp, L50, F|100/100
|switch|p1b: Farigiraf|Farigiraf, L50, M|100/100
|switch|p2a: Kingambit|Kingambit, L50, M|100/100
|switch|p2b: Sylveon|Sylveon, L50, F, shiny|100/100
|turn|1
|
|t:|1782965653
|move|p1b: Farigiraf|Protect|p1b: Farigiraf
|-singleturn|p1b: Farigiraf|Protect
|move|p2a: Kingambit|Protect|p2a: Kingambit
|-singleturn|p2a: Kingambit|Protect
|move|p1a: Garchomp|Earthquake|p2a: Kingambit|[spread] p2b
|-activate|p1b: Farigiraf|move: Protect
|-activate|p2a: Kingambit|move: Protect
|-damage|p2b: Sylveon|42/100
|-damage|p1a: Garchomp|90/100|[from] item: Life Orb
|move|p2b: Sylveon|Hyper Voice|p1b: Farigiraf|[spread] p1a
|-activate|p1b: Farigiraf|move: Protect
|-supereffective|p1a: Garchomp|1
|-damage|p1a: Garchomp|0 fnt
|faint|p1a: Garchomp
|
|upkeep
|
|t:|1782965668
|switch|p1a: Kingambit|Kingambit, L50, M|100/100
|turn|2
|
|t:|1782965678
|switch|p2a: Milotic|Milotic, L50, F|100/100
|move|p1a: Kingambit|Low Kick|p2a: Milotic
|-damage|p2a: Milotic|71/100
|move|p2b: Sylveon|Hyper Voice|p1a: Kingambit|[spread] p1a,p1b
|-damage|p1a: Kingambit|41/100
|-damage|p1b: Farigiraf|51/100
|move|p1b: Farigiraf|Trick Room|p1b: Farigiraf
|-fieldstart|move: Trick Room|[of] p1b: Farigiraf
|
|-heal|p2a: Milotic|77/100|[from] item: Leftovers
|upkeep
|turn|3
|
|t:|1782965696
|move|p2b: Sylveon|Detect|p2b: Sylveon
|-singleturn|p2b: Sylveon|Protect
|move|p1a: Kingambit|Sucker Punch||[still]
|-fail|p1a: Kingambit
|move|p1b: Farigiraf|Psychic|p2b: Sylveon
|-activate|p2b: Sylveon|move: Protect
|move|p2a: Milotic|Scald|p1a: Kingambit
|-damage|p1a: Kingambit|9/100
|
|-heal|p2a: Milotic|83/100|[from] item: Leftovers
|upkeep
|turn|4
|
|t:|1782965715
|move|p1a: Kingambit|Sucker Punch|p2a: Milotic
|-damage|p2a: Milotic|49/100
|move|p1b: Farigiraf|Thunderbolt|p2a: Milotic
|-supereffective|p2a: Milotic|1
|-damage|p2a: Milotic|16/100
|move|p2b: Sylveon|Yawn|p1a: Kingambit
|-start|p1a: Kingambit|move: Yawn|[of] p2b: Sylveon
|move|p2a: Milotic|Scald|p1b: Farigiraf
|-damage|p1b: Farigiraf|23/100
|-enditem|p1b: Farigiraf|Sitrus Berry|[eat]
|-heal|p1b: Farigiraf|48/100|[from] item: Sitrus Berry
|
|-heal|p2a: Milotic|22/100|[from] item: Leftovers
|upkeep
|turn|5
|
|t:|1782965735
|move|p1a: Kingambit|Sucker Punch|p2b: Sylveon
|-resisted|p2b: Sylveon|1
|-damage|p2b: Sylveon|16/100
|move|p1b: Farigiraf|Psychic|p2b: Sylveon
|-damage|p2b: Sylveon|0 fnt
|faint|p2b: Sylveon
|move|p2a: Milotic|Recover|p2a: Milotic
|-heal|p2a: Milotic|72/100
|
|-heal|p2a: Milotic|78/100|[from] item: Leftovers
|-end|p1a: Kingambit|move: Yawn|[silent]
|-status|p1a: Kingambit|slp
|upkeep
|
|t:|1782965743
|switch|p2b: Kingambit|Kingambit, L50, M|100/100
|turn|6
|
|t:|1782965752
|move|p1b: Farigiraf|Protect|p1b: Farigiraf
|-singleturn|p1b: Farigiraf|Protect
|move|p2b: Kingambit|Kowtow Cleave|p1b: Farigiraf
|-activate|p1b: Farigiraf|move: Protect
|move|p2a: Milotic|Scald|p1a: Kingambit
|-damage|p1a: Kingambit|0 fnt
|faint|p1a: Kingambit
|
|-heal|p2a: Milotic|84/100|[from] item: Leftovers
|-fieldend|move: Trick Room
|upkeep
|
|t:|1782965762
|switch|p1a: Sylveon|Sylveon, L50, F|100/100
|turn|7
|
|t:|1782965786
|move|p2a: Milotic|Scald|p1b: Farigiraf
|-damage|p1b: Farigiraf|20/100y
|-status|p1b: Farigiraf|brn
|move|p1a: Sylveon|Hyper Beam|p2b: Kingambit
|-damage|p2b: Kingambit|1/100
|-mustrecharge|p1a: Sylveon
|move|p1b: Farigiraf|Thunderbolt|p2a: Milotic
|-supereffective|p2a: Milotic|1
|-damage|p2a: Milotic|53/100
|move|p2b: Kingambit|Iron Head|p1a: Sylveon
|-supereffective|p1a: Sylveon|1
|-damage|p1a: Sylveon|0 fnt
|faint|p1a: Sylveon
|-damage|p2b: Kingambit|0 fnt|[from] item: Life Orb
|faint|p2b: Kingambit
|
|-heal|p2a: Milotic|59/100|[from] item: Leftovers
|-damage|p1b: Farigiraf|14/100 brn|[from] brn
|upkeep
|-message|lordtentacle69 forfeited.
|
|win|jkavier
|raw|lordtentacle69's rating: 1000 → 1000(+0 for losing)
|raw|jkavier's rating: 1021 → 1056(+35 for winning)
|l|☆jkavier
|player|p2|
