|j|☆Pytonia
|j|☆Big_Shot_King
|html|PytoniaBig_Shot_King    
|uhtml|bestof|Game 3 of a best-of-3
|t:|1783164859
|gametype|doubles
|player|p1|Pytonia|lucian|1156
|player|p2|Big_Shot_King|101|1000
|gen|9
|tier|[Gen 9 Champions] VGC 2026 Reg M-B (Bo3)
|rated|
|rule|Species Clause: Limit one of each Pokémon
|rule|Item Clause: Limit 1 of each item
|clearpoke
|poke|p1|Scolipede, L50, M|
|poke|p1|Farigiraf, L50, M|
|poke|p1|Tyranitar, L50, M|
|poke|p1|Sinistcha, L50|
|poke|p1|Malamar, L50, F|
|poke|p1|Rotom-Heat, L50|
|poke|p2|Meganium, L50, M|
|poke|p2|Gallade, L50, M, shiny|
|poke|p2|Charizard, L50, M|
|poke|p2|Greninja, L50, M|
|poke|p2|Gyarados, L50, M, shiny|
|poke|p2|Garchomp, L50, F|
|teampreview|4
|showteam|p1|Scolipede||Scolipite|SpeedBoost|PoisonJab,LeechLife,Earthquake,Protect|Adamant||M|||50|]Farigiraf||SitrusBerry|ArmorTail|PsychicNoise,TrickRoom,HelpingHand,Protect|Bold||M|||50|]Tyranitar||Tyranitarite|SandStream|RockSlide,KnockOff,IcePunch,Protect|Adamant||M|||50|]Sinistcha||ColburBerry|Hospitality|RagePowder,MatchaGotcha,TrickRoom,LifeDew|Bold|||||50|]Malamar||Leftovers|Contrary|Superpower,PsychoCut,KnockOff,Protect|Careful||F|||50|]Rotom-Heat||PasshoBerry|Levitate|Overheat,WillOWisp,Protect,Thunderbolt|Modest|||||50|
|showteam|p2|Meganium||Meganiumite|Overgrow|LightScreen,DazzlingGleam,SolarBeam,Synthesis|Modest||M|||50|]Gallade||MuscleBand|Sharpness|Reflect,CloseCombat,PsychoCut,Protect|Jolly||M|||50|]Charizard||ExpertBelt|Blaze|AirSlash,DragonPulse,HeatWave,ScorchingSands|Timid||M|||50|]Greninja||FocusSash|Protean|Extrasensory,WaterShuriken,Blizzard,DarkPulse|Timid||M|||50|]Gyarados||Leftovers|Intimidate|DragonTail,DragonDance,IceFang,Crunch|Jolly||M|||50|]Garchomp||LifeOrb|RoughSkin|Earthquake,Liquidation,Outrage,RockSlide|Jolly||F|||50|
|inactive|Battle timer is ON: inactive players will automatically lose when time's up. (requested by Big_Shot_King)
|
|t:|1783164890
|teamsize|p1|4
|teamsize|p2|4
|start
|switch|p1a: Scolipede|Scolipede, L50, M|100/100
|switch|p1b: Tyranitar|Tyranitar, L50, M|100/100
|switch|p2a: Kunai|Greninja, L50, M|100/100
|switch|p2b: Tiamat|Garchomp, L50, F|100/100
|-weather|Sandstorm|[from] ability: Sand Stream|[of] p1b: Tyranitar
|turn|1
|
|t:|1783164913
|switch|p2a: Incendium|Charizard, L50, M|100/100
|move|p1a: Scolipede|Protect|p1a: Scolipede
|-singleturn|p1a: Scolipede|Protect
|move|p1b: Tyranitar|Protect|p1b: Tyranitar
|-singleturn|p1b: Tyranitar|Protect
|move|p2b: Tiamat|Earthquake|p1b: Tyranitar|[spread] 
|-activate|p1a: Scolipede|move: Protect
|-activate|p1b: Tyranitar|move: Protect
|-immune|p2a: Incendium
|
|-weather|Sandstorm|[upkeep]
|-damage|p2a: Incendium|94/100|[from] Sandstorm
|-damage|p1a: Scolipede|94/100|[from] Sandstorm
|-ability|p1a: Scolipede|Speed Boost|boost
|-boost|p1a: Scolipede|spe|1
|upkeep
|turn|2
|
|t:|1783164937
|switch|p1a: Rotom|Rotom-Heat, L50|100/100
|move|p2b: Tiamat|Earthquake|p1b: Tyranitar|[spread] p1b
|-immune|p2a: Incendium
|-immune|p1a: Rotom|[from] ability: Levitate
|-supereffective|p1b: Tyranitar|1
|-damage|p1b: Tyranitar|20/100y
|-damage|p2b: Tiamat|90/100|[from] item: Life Orb
|move|p2a: Incendium|Heat Wave|p1a: Rotom|[spread] p1a
|-miss|p2a: Incendium|p1b: Tyranitar
|-resisted|p1a: Rotom|1
|-damage|p1a: Rotom|83/100
|move|p1b: Tyranitar|Ice Punch|p2b: Tiamat
|-supereffective|p2b: Tiamat|2
|-damage|p2b: Tiamat|0 fnt
|-damage|p1b: Tyranitar|8/100|[from] ability: Rough Skin|[of] p2b: Tiamat
|faint|p2b: Tiamat
|
|-weather|Sandstorm|[upkeep]
|-damage|p2a: Incendium|88/100|[from] Sandstorm
|-damage|p1a: Rotom|77/100|[from] Sandstorm
|upkeep
|
|t:|1783164956
|switch|p2b: Kunai|Greninja, L50, M|100/100
|turn|3
|
|t:|1783164971
|move|p1b: Tyranitar|Protect|p1b: Tyranitar
|-singleturn|p1b: Tyranitar|Protect
|move|p2b: Kunai|Water Shuriken|p1a: Rotom
|-start|p2b: Kunai|typechange|Water|[from] ability: Protean
|-supereffective|p1a: Rotom|1
|-enditem|p1a: Rotom|Passho Berry|[eat]
|-enditem|p1a: Rotom|Passho Berry|[weaken]
|-damage|p1a: Rotom|70/100
|-supereffective|p1a: Rotom|1
|-damage|p1a: Rotom|54/100
|-supereffective|p1a: Rotom|1
|-damage|p1a: Rotom|38/100
|-supereffective|p1a: Rotom|1
|-damage|p1a: Rotom|21/100
|-supereffective|p1a: Rotom|1
|-damage|p1a: Rotom|6/100
|-hitcount|p1a: Rotom|5
|move|p2a: Incendium|Heat Wave|p1a: Rotom|[spread] p1a
|-activate|p1b: Tyranitar|move: Protect
|-resisted|p1a: Rotom|1
|-damage|p1a: Rotom|0 fnt
|faint|p1a: Rotom
|
|-weather|Sandstorm|[upkeep]
|-damage|p2b: Kunai|93/100|[from] Sandstorm
|-damage|p2a: Incendium|82/100|[from] Sandstorm
|upkeep
|
|t:|1783164980
|switch|p1a: Scolipede|Scolipede, L50, M|94/100
|turn|4
|
|t:|1783165004
|switch|p1a: Sinistcha|Sinistcha, L50|100/100
|-heal|p1b: Tyranitar|33/100|[from] ability: Hospitality|[of] p1a: Sinistcha
|detailschange|p1b: Tyranitar|Tyranitar-Mega, L50, M
|-mega|p1b: Tyranitar|Tyranitar|Tyranitarite
|move|p2b: Kunai|Extrasensory|p1a: Sinistcha
|-damage|p1a: Sinistcha|79/100
|move|p2a: Incendium|Heat Wave|p1b: Tyranitar|[spread] p1b
|-miss|p2a: Incendium|p1a: Sinistcha
|-resisted|p1b: Tyranitar|1
|-damage|p1b: Tyranitar|26/100
|move|p1b: Tyranitar|Rock Slide|p2a: Incendium|[spread] p2a,p2b
|-supereffective|p2a: Incendium|2
|-damage|p2a: Incendium|0 fnt
|-damage|p2b: Kunai|36/100
|faint|p2a: Incendium
|
|-weather|Sandstorm|[upkeep]
|-damage|p2b: Kunai|30/100|[from] Sandstorm
|-damage|p1a: Sinistcha|73/100|[from] Sandstorm
|upkeep
|
|t:|1783165021
|switch|p2a: Yggdrasil|Meganium, L50, M|100/100
|turn|5
|
|t:|1783165036
|detailschange|p2a: Yggdrasil|Meganium-Mega, L50, M
|-mega|p2a: Yggdrasil|Meganium|Meganiumite
|move|p2b: Kunai|Blizzard|p1a: Sinistcha|[spread] p1a
|-miss|p2b: Kunai|p1b: Tyranitar
|-supereffective|p1a: Sinistcha|1
|-damage|p1a: Sinistcha|29/100
|move|p2a: Yggdrasil|Dazzling Gleam|p1b: Tyranitar|[spread] p1a,p1b
|-supereffective|p1b: Tyranitar|1
|-damage|p1a: Sinistcha|0 fnt
|-damage|p1b: Tyranitar|0 fnt
|faint|p1a: Sinistcha
|faint|p1b: Tyranitar
|
|-weather|none
|upkeep
|
|t:|1783165039
|switch|p1b: Scolipede|Scolipede, L50, M|94/100
|turn|6
|
|t:|1783165059
|move|p1b: Scolipede|Protect|p1b: Scolipede
|-singleturn|p1b: Scolipede|Protect
|move|p2b: Kunai|Extrasensory|p1b: Scolipede
|-activate|p1b: Scolipede|move: Protect
|move|p2a: Yggdrasil|Solar Beam||[still]
|-prepare|p2a: Yggdrasil|Solar Beam
|-activate|p2a: Yggdrasil|ability: Mega Sol
|-anim|p2a: Yggdrasil|Solar Beam|p1b: Scolipede
|-activate|p1b: Scolipede|move: Protect
|
|-ability|p1b: Scolipede|Speed Boost|boost
|-boost|p1b: Scolipede|spe|1
|upkeep
|turn|7
|
|t:|1783165074
|move|p2b: Kunai|Water Shuriken|p1b: Scolipede
|-damage|p1b: Scolipede|84/100
|-damage|p1b: Scolipede|76/100
|-damage|p1b: Scolipede|68/100
|-hitcount|p1b: Scolipede|3
|move|p1b: Scolipede|Leech Life|p2b: Kunai
|-damage|p2b: Kunai|0 fnt
|-heal|p1b: Scolipede|83/100|[from] drain|[of] p2b: Kunai
|faint|p2b: Kunai
|move|p2a: Yggdrasil|Solar Beam||[still]
|-prepare|p2a: Yggdrasil|Solar Beam
|-activate|p2a: Yggdrasil|ability: Mega Sol
|-anim|p2a: Yggdrasil|Solar Beam|p1b: Scolipede
|-resisted|p1b: Scolipede|2
|-damage|p1b: Scolipede|61/100
|
|-ability|p1b: Scolipede|Speed Boost|boost
|-boost|p1b: Scolipede|spe|1
|upkeep
|turn|8
|inactive|Big_Shot_King has 30 seconds left.
|
|t:|1783165100
|move|p1b: Scolipede|Poison Jab|p2a: Yggdrasil
|-supereffective|p2a: Yggdrasil|2
|-damage|p2a: Yggdrasil|0 fnt
|faint|p2a: Yggdrasil
|
|win|Pytonia
|raw|Pytonia's rating: 1156 → 1170(+14 for winning)
|raw|Big_Shot_King's rating: 1000 → 1000(+0 for losing)
|l|☆Big_Shot_King
|player|p2|
