|j|☆crullvgc
|j|☆pink dragon gaming
|html|crullvgcpink dragon gaming    
|uhtml|bestof|Game 3 of a best-of-3
|t:|1757645086
|gametype|doubles
|player|p1|crullvgc|janitor|1128
|player|p2|pink dragon gaming|1|1126
|gen|9
|tier|[Gen 9] VGC 2025 Reg H (Bo3)
|rated|
|rule|Species Clause: Limit one of each Pokémon
|rule|Item Clause: Limit 1 of each item
|clearpoke
|poke|p1|Gholdengo, L50|
|poke|p1|Porygon2, L50|
|poke|p1|Ursaluna, L50, M|
|poke|p1|Amoonguss, L50, F|
|poke|p1|Incineroar, L50, F|
|poke|p1|Dragonite, L50, M|
|poke|p2|Kommo-o, L50, M|
|poke|p2|Smeargle, L50, F|
|poke|p2|Rillaboom, L50, F|
|poke|p2|Whimsicott, L50, M|
|poke|p2|Arcanine-Hisui, L50, M|
|poke|p2|Gholdengo, L50|
|teampreview|4
|showteam|p1|Gholdengo||LifeOrb|GoodasGold|MakeItRain,ShadowBall,NastyPlot,Protect||||||50|,,,,,Water]Porygon2||Eviolite|Download|TeraBlast,IceBeam,Recover,TrickRoom||||||50|,,,,,Fighting]Ursaluna||FlameOrb|Guts|Facade,Earthquake,HeadlongRush,Protect|||M|||50|,,,,,Ghost]Amoonguss||SitrusBerry|Regenerator|RagePowder,PollenPuff,Spore,Protect|||F|||50|,,,,,Water]Incineroar||SafetyGoggles|Intimidate|FlareBlitz,KnockOff,FakeOut,PartingShot|||F|||50|,,,,,Ghost]Dragonite||LoadedDice|Multiscale|ScaleShot,Haze,Tailwind,Protect|||M|||50|,,,,,Fairy
|showteam|p2|Kommo-o||LifeOrb|Soundproof|ClangingScales,AuraSphere,Flamethrower,Protect|||M|||50|,,,,,Fire]Smeargle||FocusSash|Moody|Spore,Decorate,FollowMe,SpikyShield|||F|||50|,,,,,Ghost]Rillaboom||AssaultVest|GrassySurge|FakeOut,GrassyGlide,WoodHammer,HighHorsepower|||F|||50|,,,,,Ghost]Whimsicott||CovertCloak|Prankster|Moonblast,Tailwind,Encore,FakeTears|||M|||50|,,,,,Electric]Arcanine-Hisui||ClearAmulet|Intimidate|FlareBlitz,RockSlide,ExtremeSpeed,Protect|||M|||50|,,,,,Ghost]Gholdengo||MetalCoat|GoodasGold|MakeItRain,ShadowBall,NastyPlot,Protect||||||50|,,,,,Water
|inactive|Battle timer is ON: inactive players will automatically lose when time's up. (requested by pink dragon gaming)
|
|t:|1757645117
|teamsize|p1|4
|teamsize|p2|4
|start
|switch|p1a: Porygon2|Porygon2, L50|100/100
|switch|p1b: Incineroar|Incineroar, L50, F|100/100
|switch|p2a: Kommo-o|Kommo-o, L50, M, shiny|100/100
|switch|p2b: Gholdengo|Gholdengo, L50|100/100
|-ability|p1b: Incineroar|Intimidate|boost
|-unboost|p2a: Kommo-o|atk|1
|-unboost|p2b: Gholdengo|atk|1
|-ability|p1a: Porygon2|Download|boost
|-boost|p1a: Porygon2|spa|1
|turn|1
|inactive|pink dragon gaming has 30 seconds left.
|
|t:|1757645147
|-terastallize|p1b: Incineroar|Ghost
|move|p2a: Kommo-o|Aura Sphere|p1b: Incineroar
|-immune|p1b: Incineroar
|move|p2b: Gholdengo|Nasty Plot|p2b: Gholdengo
|-boost|p2b: Gholdengo|spa|2
|move|p1b: Incineroar|Flare Blitz|p2b: Gholdengo
|-supereffective|p2b: Gholdengo
|-damage|p2b: Gholdengo|0 fnt
|faint|p2b: Gholdengo
|-damage|p1b: Incineroar|68/100|[from] Recoil
|move|p1a: Porygon2|Trick Room|p1a: Porygon2
|-fieldstart|move: Trick Room|[of] p1a: Porygon2
|
|upkeep
|
|t:|1757645150
|switch|p2b: Whimsicott|Whimsicott, L50, M, shiny|100/100
|turn|2
|
|t:|1757645170
|move|p2b: Whimsicott|Encore|p1a: Porygon2
|-start|p1a: Porygon2|Encore
|move|p1a: Porygon2|Trick Room|p1a: Porygon2
|-fieldend|move: Trick Room
|move|p2a: Kommo-o|Clanging Scales|p1a: Porygon2|[spread] p1a,p1b
|-damage|p1a: Porygon2|70/100
|-damage|p1b: Incineroar|16/100
|-unboost|p2a: Kommo-o|def|1
|-damage|p2a: Kommo-o|91/100|[from] item: Life Orb
|move|p1b: Incineroar|Flare Blitz|p2a: Kommo-o
|-resisted|p2a: Kommo-o
|-crit|p2a: Kommo-o
|-damage|p2a: Kommo-o|33/100
|-status|p2a: Kommo-o|brn
|-damage|p1b: Incineroar|1/100|[from] Recoil
|
|-damage|p2a: Kommo-o|27/100 brn|[from] brn
|upkeep
|turn|3
|
|t:|1757645187
|move|p2b: Whimsicott|Fake Tears|p1a: Porygon2
|-unboost|p1a: Porygon2|spd|2
|move|p2a: Kommo-o|Clanging Scales|p1a: Porygon2|[spread] p1a,p1b
|-damage|p1a: Porygon2|13/100
|-damage|p1b: Incineroar|0 fnt
|faint|p1b: Incineroar
|-unboost|p2a: Kommo-o|def|1
|-damage|p2a: Kommo-o|17/100 brn|[from] item: Life Orb
|move|p1a: Porygon2|Trick Room|p1a: Porygon2
|-fieldstart|move: Trick Room|[of] p1a: Porygon2
|
|-damage|p2a: Kommo-o|11/100 brn|[from] brn
|upkeep
|
|t:|1757645193
|switch|p1b: Ursaluna|Ursaluna, L50, M|100/100
|turn|4
|
|t:|1757645203
|switch|p1a: Amoonguss|Amoonguss, L50, F|100/100
|move|p1b: Ursaluna|Protect|p1b: Ursaluna
|-singleturn|p1b: Ursaluna|Protect
|move|p2a: Kommo-o|Protect|p2a: Kommo-o
|-singleturn|p2a: Kommo-o|Protect
|move|p2b: Whimsicott|Fake Tears|p1b: Ursaluna
|-activate|p1b: Ursaluna|move: Protect
|
|-damage|p2a: Kommo-o|5/100 brn|[from] brn
|-status|p1b: Ursaluna|brn|[from] item: Flame Orb
|upkeep
|turn|5
|
|t:|1757645222
|switch|p2a: Rillaboom|Rillaboom, L50, F|100/100
|-fieldstart|move: Grassy Terrain|[from] ability: Grassy Surge|[of] p2a: Rillaboom
|move|p2b: Whimsicott|Encore|p1b: Ursaluna
|-start|p1b: Ursaluna|Encore
|move|p1a: Amoonguss|Pollen Puff|p2a: Rillaboom
|-supereffective|p2a: Rillaboom
|-damage|p2a: Rillaboom|74/100
|move|p1b: Ursaluna|Protect||[still]
|-fail|p1b: Ursaluna
|
|-heal|p2a: Rillaboom|80/100|[from] Grassy Terrain
|-damage|p1b: Ursaluna|95/100 brn|[from] brn
|upkeep
|turn|6
|inactive|crullvgc has 30 seconds left.
|inactive|pink dragon gaming has 30 seconds left.
|inactive|crullvgc has 20 seconds left.
|
|t:|1757645258
|switch|p1b: Porygon2|Porygon2, L50|13/100
|-ability|p1b: Porygon2|Download|boost
|-boost|p1b: Porygon2|spa|1
|move|p2b: Whimsicott|Fake Tears|p1a: Amoonguss
|-unboost|p1a: Amoonguss|spd|2
|move|p1a: Amoonguss|Pollen Puff|p2b: Whimsicott
|-damage|p2b: Whimsicott|77/100
|move|p2a: Rillaboom|Wood Hammer|p1b: Porygon2
|-damage|p1b: Porygon2|0 fnt
|faint|p1b: Porygon2
|-damage|p2a: Rillaboom|76/100|[from] Recoil
|
|-heal|p2a: Rillaboom|82/100|[from] Grassy Terrain
|-heal|p2b: Whimsicott|83/100|[from] Grassy Terrain
|upkeep
|
|t:|1757645269
|switch|p1b: Ursaluna|Ursaluna, L50, M|95/100 brn
|turn|7
|
|t:|1757645284
|move|p1a: Amoonguss|Rage Powder|p1a: Amoonguss
|-singleturn|p1a: Amoonguss|move: Rage Powder
|move|p2b: Whimsicott|Fake Tears|p1b: Ursaluna
|-unboost|p1b: Ursaluna|spd|2
|move|p1b: Ursaluna|Facade|p2a: Rillaboom
|-damage|p2a: Rillaboom|0 fnt
|faint|p2a: Rillaboom
|
|-heal|p1b: Ursaluna|100/100 brn|[from] Grassy Terrain
|-heal|p2b: Whimsicott|89/100|[from] Grassy Terrain
|-damage|p1b: Ursaluna|95/100 brn|[from] brn
|-fieldend|move: Trick Room
|upkeep
|
|t:|1757645290
|switch|p2a: Kommo-o|Kommo-o, L50, M, shiny|5/100 brn
|turn|8
|
|t:|1757645314
|move|p2a: Kommo-o|Protect|p2a: Kommo-o
|-singleturn|p2a: Kommo-o|Protect
|move|p1b: Ursaluna|Protect|p1b: Ursaluna
|-singleturn|p1b: Ursaluna|Protect
|move|p2b: Whimsicott|Encore|p1b: Ursaluna
|-activate|p1b: Ursaluna|move: Protect
|move|p1a: Amoonguss|Pollen Puff|p2a: Kommo-o
|-activate|p2a: Kommo-o|move: Protect
|
|-heal|p2b: Whimsicott|95/100|[from] Grassy Terrain
|-heal|p2a: Kommo-o|11/100 brn|[from] Grassy Terrain
|-heal|p1b: Ursaluna|100/100 brn|[from] Grassy Terrain
|-damage|p2a: Kommo-o|5/100 brn|[from] brn
|-damage|p1b: Ursaluna|95/100 brn|[from] brn
|upkeep
|turn|9
|
|t:|1757645331
|move|p1a: Amoonguss|Rage Powder|p1a: Amoonguss
|-singleturn|p1a: Amoonguss|move: Rage Powder
|move|p2b: Whimsicott|Encore|p1b: Ursaluna
|-start|p1b: Ursaluna|Encore
|move|p2a: Kommo-o|Clanging Scales|p1b: Ursaluna|[spread] p1a,p1b
|-damage|p1a: Amoonguss|24/100
|-damage|p1b: Ursaluna|5/100 brn
|-enditem|p1a: Amoonguss|Sitrus Berry|[eat]
|-heal|p1a: Amoonguss|48/100|[from] item: Sitrus Berry
|-unboost|p2a: Kommo-o|def|1
|-damage|p2a: Kommo-o|0 fnt|[from] item: Life Orb
|faint|p2a: Kommo-o
|move|p1b: Ursaluna|Protect||[still]
|-fail|p1b: Ursaluna
|
|-heal|p2b: Whimsicott|100/100|[from] Grassy Terrain
|-heal|p1b: Ursaluna|11/100 brn|[from] Grassy Terrain
|-heal|p1a: Amoonguss|54/100|[from] Grassy Terrain
|-damage|p1b: Ursaluna|5/100 brn|[from] brn
|-fieldend|move: Grassy Terrain
|upkeep
|turn|10
|
|t:|1757645351
|move|p1b: Ursaluna|Protect|p1b: Ursaluna
|-singleturn|p1b: Ursaluna|Protect
|move|p2b: Whimsicott|Moonblast|p1a: Amoonguss
|-resisted|p1a: Amoonguss
|-damage|p1a: Amoonguss|34/100
|move|p1a: Amoonguss|Pollen Puff|p1b: Ursaluna
|-activate|p1b: Ursaluna|move: Protect
|
|-damage|p1b: Ursaluna|0 fnt|[from] brn
|faint|p1b: Ursaluna
|upkeep
|turn|11
|
|t:|1757645362
|move|p2b: Whimsicott|Moonblast|p1a: Amoonguss
|-resisted|p1a: Amoonguss
|-damage|p1a: Amoonguss|11/100
|move|p1a: Amoonguss|Pollen Puff|p2b: Whimsicott
|-damage|p2b: Whimsicott|80/100
|
|upkeep
|turn|12
|
|t:|1757645370
|move|p2b: Whimsicott|Moonblast|p1a: Amoonguss
|-resisted|p1a: Amoonguss
|-damage|p1a: Amoonguss|0 fnt
|faint|p1a: Amoonguss
|
|win|pink dragon gaming
|raw|crullvgc's rating: 1128 → 1103(-25 for losing)
|raw|pink dragon gaming's rating: 1126 → 1151(+25 for winning)
|c|☆crullvgc|gg
|c|☆pink dragon gaming|ggwp
|c|☆crullvgc|encore is hard
