|j|☆LemonLimeScizor
|j|☆Miggle SoCal
|html|LemonLimeScizorMiggle SoCal    
|uhtml|bestof|Game 3 of a best-of-3
|t:|1784263096
|gametype|doubles
|player|p1|LemonLimeScizor|drayden|1148
|player|p2|Miggle SoCal|lucas|1219
|gen|9
|tier|[Gen 9 Champions] VGC 2026 Reg M-B (Bo3)
|rated|
|rule|Species Clause: Limit one of each Pokémon
|rule|Item Clause: Limit 1 of each item
|clearpoke
|poke|p1|Scizor, L50, F|
|poke|p1|Sneasler, L50, M|
|poke|p1|Pelipper, L50, M|
|poke|p1|Swampert, L50, M|
|poke|p1|Incineroar, L50, M|
|poke|p1|Venusaur, L50, F|
|poke|p2|Froslass, L50, F|
|poke|p2|Dragonite, L50, M|
|poke|p2|Sneasler, L50, F|
|poke|p2|Toxapex, L50, F|
|poke|p2|Kingambit, L50, F|
|poke|p2|Blaziken, L50, M|
|teampreview|4
|showteam|p1|Scizor||OccaBerry|Technician|BulletPunch,Protect,BugBite,DualWingbeat|Adamant||F|||50|]Sneasler||FocusSash|PoisonTouch|CloseCombat,FakeOut,DireClaw,Coaching|Jolly||M|||50|]Pelipper||DampRock|Drizzle|Protect,Tailwind,WeatherBall,Hurricane|Bold||M|||50|]Swampert||Swampertite|Torrent|Protect,WaveCrash,IcePunch,StompingTantrum|Jolly||M|||50|]Incineroar||SitrusBerry|Intimidate|FakeOut,PartingShot,FlareBlitz,ThroatChop|Careful||M|||50|]Venusaur||Venusaurite|Overgrow|Protect,EarthPower,SludgeBomb,EnergyBall|Modest||F|||50|
|showteam|p2|Froslass||Froslassite|CursedBody|Protect,Blizzard,ShadowBall,AuroraVeil|Timid||F|||50|]Dragonite||LifeOrb|InnerFocus|DragonClaw,ExtremeSpeed,Protect,LowKick|Adamant||M|||50|]Sneasler||FocusSash|PoisonTouch|PoisonJab,Protect,CloseCombat,FakeOut|Jolly||F|||50|]Toxapex||Leftovers|Regenerator|Infestation,Toxic,BanefulBunker,WideGuard|Bold||F|||50|]Kingambit||BlackGlasses|Defiant|KowtowCleave,IronHead,SuckerPunch,Protect|Adamant||F|||50|]Blaziken||Blazikenite|SpeedBoost|Protect,CloseCombat,RockSlide,FlareBlitz|Adamant||M|||50|
|
|t:|1784263112
|teamsize|p1|4
|teamsize|p2|4
|start
|switch|p1a: Incineroar|Incineroar, L50, M|100/100
|switch|p1b: Swampert|Swampert, L50, M|100/100
|switch|p2a: Sneasler|Sneasler, L50, F|100/100
|switch|p2b: Dragonite|Dragonite, L50, M|100/100
|-ability|p1a: Incineroar|Intimidate|boost
|-unboost|p2a: Sneasler|atk|1
|-fail|p2b: Dragonite|unboost|Attack|[from] ability: Inner Focus|[of] p2b: Dragonite
|turn|1
|
|t:|1784263136
|detailschange|p1b: Swampert|Swampert-Mega, L50, M
|-mega|p1b: Swampert|Swampert|Swampertite
|move|p1b: Swampert|Protect|p1b: Swampert
|-singleturn|p1b: Swampert|Protect
|move|p2a: Sneasler|Fake Out|p1a: Incineroar
|-damage|p1a: Incineroar|92/100
|move|p2b: Dragonite|Dragon Claw|p1a: Incineroar
|-damage|p1a: Incineroar|39/100
|-enditem|p1a: Incineroar|Sitrus Berry|[eat]
|-heal|p1a: Incineroar|63/100|[from] item: Sitrus Berry
|-damage|p2b: Dragonite|90/100|[from] item: Life Orb
|cant|p1a: Incineroar|flinch
|
|upkeep
|turn|2
|
|t:|1784263160
|switch|p1a: Pelipper|Pelipper, L50, M|100/100
|-weather|RainDance|[from] ability: Drizzle|[of] p1a: Pelipper
|move|p2b: Dragonite|Extreme Speed|p1b: Swampert
|-damage|p1b: Swampert|60/100
|-damage|p2b: Dragonite|80/100|[from] item: Life Orb
|move|p1b: Swampert|Ice Punch|p2b: Dragonite
|-supereffective|p2b: Dragonite|2
|-damage|p2b: Dragonite|0 fnt
|faint|p2b: Dragonite
|move|p2a: Sneasler|Close Combat|p1b: Swampert
|-damage|p1b: Swampert|20/100y
|-unboost|p2a: Sneasler|def|1
|-unboost|p2a: Sneasler|spd|1
|
|-weather|RainDance|[upkeep]
|upkeep
|
|t:|1784263177
|switch|p2b: Froslass|Froslass, L50, F|100/100
|turn|3
|
|t:|1784263185
|switch|p1b: Scizor|Scizor, L50, F|100/100
|switch|p1a: Incineroar|Incineroar, L50, M|63/100
|-ability|p1a: Incineroar|Intimidate|boost
|-unboost|p2a: Sneasler|atk|1
|-unboost|p2b: Froslass|atk|1
|detailschange|p2b: Froslass|Froslass-Mega, L50, F
|-mega|p2b: Froslass|Froslass|Froslassite
|-weather|Snowscape|[from] ability: Snow Warning|[of] p2b: Froslass
|move|p2a: Sneasler|Poison Jab|p1a: Incineroar
|-damage|p1a: Incineroar|47/100
|-status|p1a: Incineroar|psn|[from] ability: Poison Touch|[of] p2a: Sneasler
|move|p2b: Froslass|Blizzard|p1b: Scizor|[spread] p1a,p1b
|-resisted|p1a: Incineroar|1
|-resisted|p1b: Scizor|1
|-damage|p1a: Incineroar|33/100 psn
|-damage|p1b: Scizor|77/100
|
|-weather|Snowscape|[upkeep]
|-damage|p1a: Incineroar|20/100y psn|[from] psn
|upkeep
|turn|4
|
|t:|1784263203
|move|p2a: Sneasler|Protect|p2a: Sneasler
|-singleturn|p2a: Sneasler|Protect
|move|p2b: Froslass|Protect|p2b: Froslass
|-singleturn|p2b: Froslass|Protect
|move|p1a: Incineroar|Fake Out|p2a: Sneasler
|-activate|p2a: Sneasler|move: Protect
|move|p1b: Scizor|Bullet Punch|p2b: Froslass
|-activate|p2b: Froslass|move: Protect
|
|-weather|Snowscape|[upkeep]
|-damage|p1a: Incineroar|8/100 psn|[from] psn
|upkeep
|turn|5
|
|t:|1784263227
|switch|p2b: Kingambit|Kingambit, L50, F|100/100
|move|p1b: Scizor|Bullet Punch|p2b: Kingambit
|-resisted|p2b: Kingambit|1
|-damage|p2b: Kingambit|87/100
|move|p2a: Sneasler|Close Combat|p1b: Scizor
|-damage|p1b: Scizor|46/100
|-unboost|p2a: Sneasler|def|1
|-unboost|p2a: Sneasler|spd|1
|move|p1a: Incineroar|Flare Blitz|p2a: Sneasler
|-enditem|p2a: Sneasler|Focus Sash
|-damage|p2a: Sneasler|1/100
|-damage|p1a: Incineroar|0 fnt|[from] Recoil
|faint|p1a: Incineroar
|
|-weather|Snowscape|[upkeep]
|upkeep
|
|t:|1784263244
|switch|p1a: Swampert|Swampert-Mega, L50, M|20/100y
|turn|6
|
|t:|1784263254
|move|p2a: Sneasler|Protect|p2a: Sneasler
|-singleturn|p2a: Sneasler|Protect
|move|p1a: Swampert|Protect|p1a: Swampert
|-singleturn|p1a: Swampert|Protect
|move|p2b: Kingambit|Protect|p2b: Kingambit
|-singleturn|p2b: Kingambit|Protect
|move|p1b: Scizor|Bug Bite|p2b: Kingambit
|-activate|p2b: Kingambit|move: Protect
|
|-weather|Snowscape|[upkeep]
|upkeep
|turn|7
|
|t:|1784263283
|switch|p1b: Pelipper|Pelipper, L50, M|100/100
|-weather|RainDance|[from] ability: Drizzle|[of] p1b: Pelipper
|move|p1a: Swampert|Stomping Tantrum|p2b: Kingambit
|-supereffective|p2b: Kingambit|1
|-damage|p2b: Kingambit|20/100y
|move|p2a: Sneasler|Poison Jab|p1a: Swampert
|-resisted|p1a: Swampert|1
|-damage|p1a: Swampert|10/100
|-status|p1a: Swampert|psn|[from] ability: Poison Touch|[of] p2a: Sneasler
|move|p2b: Kingambit|Kowtow Cleave|p1a: Swampert
|-damage|p1a: Swampert|0 fnt
|faint|p1a: Swampert
|
|-weather|RainDance|[upkeep]
|upkeep
|
|t:|1784263295
|switch|p1a: Scizor|Scizor, L50, F|46/100
|turn|8
|
|t:|1784263302
|move|p2b: Kingambit|Protect|p2b: Kingambit
|-singleturn|p2b: Kingambit|Protect
|move|p1a: Scizor|Bullet Punch|p2a: Sneasler
|-damage|p2a: Sneasler|0 fnt
|faint|p2a: Sneasler
|move|p1b: Pelipper|Hurricane|p2b: Kingambit
|-activate|p2b: Kingambit|move: Protect
|
|-weather|RainDance|[upkeep]
|upkeep
|
|t:|1784263308
|switch|p2a: Froslass|Froslass-Mega, L50, F|100/100
|-weather|Snowscape|[from] ability: Snow Warning|[of] p2a: Froslass
|turn|9
|
|t:|1784263316
|move|p1a: Scizor|Bullet Punch|p2a: Froslass
|-supereffective|p2a: Froslass|1
|-damage|p2a: Froslass|46/100
|move|p2a: Froslass|Shadow Ball|p1a: Scizor
|-damage|p1a: Scizor|0 fnt
|faint|p1a: Scizor
|move|p1b: Pelipper|Hurricane|p2a: Froslass
|-damage|p2a: Froslass|7/100
|move|p2b: Kingambit|Kowtow Cleave|p1b: Pelipper
|-damage|p1b: Pelipper|45/100
|
|-weather|Snowscape|[upkeep]
|upkeep
|turn|10
|
|t:|1784263328
|move|p2b: Kingambit|Sucker Punch|p1b: Pelipper
|-damage|p1b: Pelipper|0 fnt
|faint|p1b: Pelipper
|
|win|Miggle SoCal
|raw|LemonLimeScizor's rating: 1148 → 1128(-20 for losing)
|raw|Miggle SoCal's rating: 1219 → 1239(+20 for winning)
|c|☆Miggle SoCal|gg wp
|l|☆LemonLimeScizor
|player|p1|
|c|☆Miggle SoCal|close game
