|j|☆satandagiii2005
|j|☆bzzzzzzddddz
|html|satandagiii2005bzzzzzzddddz    
|uhtml|bestof|Game 2 of a best-of-3
|t:|1783466004
|gametype|doubles
|player|p1|satandagiii2005|byron|1155
|player|p2|bzzzzzzddddz|102|1240
|gen|9
|tier|[Gen 9 Champions] VGC 2026 Reg M-B (Bo3)
|rated|
|rule|Species Clause: Limit one of each Pokémon
|rule|Item Clause: Limit 1 of each item
|clearpoke
|poke|p1|Venusaur, L50, F|
|poke|p1|Swampert, L50, M|
|poke|p1|Pelipper, L50, M|
|poke|p1|Archaludon, L50, M|
|poke|p1|Maushold, L50|
|poke|p1|Gholdengo, L50|
|poke|p2|Scovillain, L50, F|
|poke|p2|Toxapex, L50, F|
|poke|p2|Gholdengo, L50|
|poke|p2|Grimmsnarl, L50, M|
|poke|p2|Politoed, L50, M|
|poke|p2|Hydreigon, L50, F|
|teampreview|4
|showteam|p1|Venusaur||Venusaurite|Overgrow|SludgeBomb,EarthPower,GigaDrain,Protect|Modest||F|||50|]Swampert||Swampertite|Torrent|WaveCrash,Earthquake,IcePunch,Protect|Adamant||M|||50|]Pelipper||SitrusBerry|Drizzle|Hurricane,WeatherBall,Tailwind,WideGuard|Modest||M|||50|]Archaludon||Leftovers|Stamina|ElectroShot,DragonPulse,FlashCannon,Protect|Modest||M|||50|]Maushold||FocusSash|FriendGuard|FollowMe,SuperFang,RainDance,Protect|Jolly|||||50|]Gholdengo||LifeOrb|GoodasGold|MakeItRain,ShadowBall,PowerGem,Protect|Timid|||||50|
|showteam|p2|Scovillain||Scovillainite|Chlorophyll|Flamethrower,LeechSeed,RagePowder,Protect|Bold||F|||50|]Toxapex||Leftovers|Regenerator|Infestation,Toxic,WideGuard,BanefulBunker|Relaxed||F|||50|]Gholdengo||KasibBerry|GoodasGold|MakeItRain,ShadowBall,NastyPlot,Protect|Modest|||||50|]Grimmsnarl||LightClay|Prankster|SpiritBreak,Reflect,LightScreen,PartingShot|Careful||M|||50|]Politoed||SitrusBerry|Drizzle|WeatherBall,IceBeam,PerishSong,Protect|Modest||M|||50|]Hydreigon||ChoiceScarf|Levitate|DracoMeteor,DarkPulse,Snarl,Uturn|Modest||F|||50|
|inactive|Battle timer is ON: inactive players will automatically lose when time's up. (requested by bzzzzzzddddz)
|
|t:|1783466023
|teamsize|p1|4
|teamsize|p2|4
|start
|switch|p1a: Swampert|Swampert, L50, M|100/100
|switch|p1b: Pelipper|Pelipper, L50, M|100/100
|switch|p2a: Grimmsnarl|Grimmsnarl, L50, M|100/100
|switch|p2b: Hydreigon|Hydreigon, L50, F|100/100
|-weather|RainDance|[from] ability: Drizzle|[of] p1b: Pelipper
|turn|1
|inactive|satandagiii2005 has 30 seconds left.
|
|t:|1783466051
|detailschange|p1a: Swampert|Swampert-Mega, L50, M
|-mega|p1a: Swampert|Swampert|Swampertite
|move|p2a: Grimmsnarl|Reflect|p2a: Grimmsnarl
|-sidestart|p2: bzzzzzzddddz|Reflect
|move|p1a: Swampert|Ice Punch|p2b: Hydreigon
|-supereffective|p2b: Hydreigon|1
|-damage|p2b: Hydreigon|50/100g
|move|p2b: Hydreigon|U-turn|p1a: Swampert
|-crit|p1a: Swampert
|-damage|p1a: Swampert|79/100
|
|t:|1783466071
|switch|p2b: Scovillain|Scovillain, L50, F|100/100|[from] U-turn
|move|p1b: Pelipper|Tailwind|p1b: Pelipper
|-sidestart|p1: satandagiii2005|move: Tailwind
|
|-weather|RainDance|[upkeep]
|upkeep
|turn|2
|
|t:|1783466088
|switch|p1a: Maushold|Maushold, L50|100/100
|detailschange|p2b: Scovillain|Scovillain-Mega, L50, F
|-mega|p2b: Scovillain|Scovillain|Scovillainite
|move|p2a: Grimmsnarl|Light Screen|p2a: Grimmsnarl
|-sidestart|p2: bzzzzzzddddz|move: Light Screen
|move|p1b: Pelipper|Hurricane|p2b: Scovillain
|-supereffective|p2b: Scovillain|1
|-damage|p2b: Scovillain|44/100
|-status|p1b: Pelipper|brn|[from] ability: Spicy Spray|[of] p2b: Scovillain
|move|p2b: Scovillain|Leech Seed|p1b: Pelipper
|-start|p1b: Pelipper|move: Leech Seed
|
|-weather|RainDance|[upkeep]
|-damage|p1b: Pelipper|87/100 brn|[from] Leech Seed|[of] p2b: Scovillain
|-heal|p2b: Scovillain|55/100|[silent]
|-damage|p1b: Pelipper|81/100 brn|[from] brn
|upkeep
|turn|3
|inactive|bzzzzzzddddz has 30 seconds left.
|
|t:|1783466116
|switch|p1b: Gholdengo|Gholdengo, L50|100/100
|move|p1a: Maushold|Protect|p1a: Maushold
|-singleturn|p1a: Maushold|Protect
|move|p2b: Scovillain|Protect|p2b: Scovillain
|-singleturn|p2b: Scovillain|Protect
|move|p2a: Grimmsnarl|Parting Shot|p1b: Gholdengo
|-immune|p1b: Gholdengo|[from] ability: Good as Gold
|
|-weather|RainDance|[upkeep]
|upkeep
|turn|4
|inactive|bzzzzzzddddz has 30 seconds left.
|
|t:|1783466147
|move|p1a: Maushold|Follow Me|p1a: Maushold
|-singleturn|p1a: Maushold|move: Follow Me
|move|p2a: Grimmsnarl|Parting Shot|p1a: Maushold
|-unboost|p1a: Maushold|atk|1
|-unboost|p1a: Maushold|spa|1
|
|t:|1783466153
|switch|p2a: Gholdengo|Gholdengo, L50|100/100|[from] Parting Shot
|move|p1b: Gholdengo|Power Gem|p2b: Scovillain
|-supereffective|p2b: Scovillain|1
|-damage|p2b: Scovillain|2/100
|-status|p1b: Gholdengo|brn|[from] ability: Spicy Spray|[of] p2b: Scovillain
|-damage|p1b: Gholdengo|90/100 brn|[from] item: Life Orb
|move|p2b: Scovillain|Leech Seed|p1a: Maushold
|-start|p1a: Maushold|move: Leech Seed
|
|-weather|RainDance|[upkeep]
|-damage|p1a: Maushold|87/100|[from] Leech Seed|[of] p2b: Scovillain
|-heal|p2b: Scovillain|15/100|[silent]
|-damage|p1b: Gholdengo|84/100 brn|[from] brn
|-sideend|p1: satandagiii2005|move: Tailwind
|upkeep
|turn|5
|inactive|bzzzzzzddddz has 30 seconds left.
|inactive|bzzzzzzddddz has 20 seconds left.
|inactive|bzzzzzzddddz has 15 seconds left.
|inactive|bzzzzzzddddz has 10 seconds left.
|
|t:|1783466199
|switch|p2b: Hydreigon|Hydreigon, L50, F|50/100g
|move|p1a: Maushold|Follow Me|p1a: Maushold
|-singleturn|p1a: Maushold|move: Follow Me
|move|p1b: Gholdengo|Shadow Ball|p2a: Gholdengo
|-supereffective|p2a: Gholdengo|1
|-enditem|p2a: Gholdengo|Kasib Berry|[eat]
|-enditem|p2a: Gholdengo|Kasib Berry|[weaken]
|-damage|p2a: Gholdengo|65/100
|-damage|p1b: Gholdengo|75/100 brn|[from] item: Life Orb
|move|p2a: Gholdengo|Shadow Ball|p1a: Maushold
|-immune|p1a: Maushold
|
|-weather|none
|-damage|p1a: Maushold|75/100|[from] Leech Seed|[of] p2b: Hydreigon
|-heal|p2b: Hydreigon|63/100|[silent]
|-damage|p1b: Gholdengo|69/100 brn|[from] brn
|upkeep
|turn|6
|
|t:|1783466220
|switch|p1a: Pelipper|Pelipper, L50, M|81/100 brn
|-weather|RainDance|[from] ability: Drizzle|[of] p1a: Pelipper
|move|p1b: Gholdengo|Protect|p1b: Gholdengo
|-singleturn|p1b: Gholdengo|Protect
|move|p2b: Hydreigon|Snarl|p1a: Pelipper|[spread] p1a
|-activate|p1b: Gholdengo|move: Protect
|-damage|p1a: Pelipper|54/100 brn
|-unboost|p1a: Pelipper|spa|1
|move|p2a: Gholdengo|Nasty Plot|p2a: Gholdengo
|-boost|p2a: Gholdengo|spa|2
|
|-weather|RainDance|[upkeep]
|-damage|p1b: Gholdengo|63/100 brn|[from] brn
|-damage|p1a: Pelipper|48/100 brn|[from] brn
|upkeep
|-enditem|p1a: Pelipper|Sitrus Berry|[eat]
|-heal|p1a: Pelipper|73/100 brn|[from] item: Sitrus Berry
|turn|7
|inactive|bzzzzzzddddz has 30 seconds left.
|
|t:|1783466252
|switch|p2b: Grimmsnarl|Grimmsnarl, L50, M|100/100
|move|p2a: Gholdengo|Protect|p2a: Gholdengo
|-singleturn|p2a: Gholdengo|Protect
|move|p1a: Pelipper|Wide Guard|p1a: Pelipper
|-singleturn|p1a: Pelipper|Wide Guard
|move|p1b: Gholdengo|Shadow Ball|p2a: Gholdengo
|-activate|p2a: Gholdengo|move: Protect
|
|-weather|RainDance|[upkeep]
|-damage|p1b: Gholdengo|57/100 brn|[from] brn
|-damage|p1a: Pelipper|67/100 brn|[from] brn
|upkeep
|turn|8
|inactive|bzzzzzzddddz has 30 seconds left.
|inactive|bzzzzzzddddz has 20 seconds left.
|inactive|bzzzzzzddddz has 15 seconds left.
|inactive|bzzzzzzddddz has 10 seconds left.
|
|t:|1783466301
|switch|p2a: Hydreigon|Hydreigon, L50, F|63/100
|move|p1b: Gholdengo|Shadow Ball|p2a: Hydreigon
|-resisted|p2a: Hydreigon|1
|-damage|p2a: Hydreigon|40/100
|-unboost|p2a: Hydreigon|spd|1
|-damage|p1b: Gholdengo|47/100 brn|[from] item: Life Orb
|move|p1a: Pelipper|Weather Ball|p2a: Hydreigon
|-resisted|p2a: Hydreigon|1
|-damage|p2a: Hydreigon|19/100
|move|p2b: Grimmsnarl|Spirit Break|p1b: Gholdengo
|-resisted|p1b: Gholdengo|1
|-damage|p1b: Gholdengo|30/100 brn
|-unboost|p1b: Gholdengo|spa|1
|
|-weather|RainDance|[upkeep]
|-damage|p1b: Gholdengo|24/100 brn|[from] brn
|-damage|p1a: Pelipper|61/100 brn|[from] brn
|-sideend|p2: bzzzzzzddddz|Reflect
|upkeep
|turn|9
|inactive|bzzzzzzddddz has 30 seconds left.
|inactive|bzzzzzzddddz has 20 seconds left.
|inactive|satandagiii2005 has 30 seconds left.
|
|t:|1783466347
|switch|p1b: Maushold|Maushold, L50|75/100
|move|p2a: Hydreigon|U-turn|p1a: Pelipper
|-resisted|p1a: Pelipper|1
|-damage|p1a: Pelipper|55/100 brn
|
|t:|1783466354
|switch|p2a: Gholdengo|Gholdengo, L50|65/100|[from] U-turn
|move|p1a: Pelipper|Tailwind|p1a: Pelipper
|-sidestart|p1: satandagiii2005|move: Tailwind
|move|p2b: Grimmsnarl|Spirit Break|p1b: Maushold
|-damage|p1b: Maushold|35/100
|-unboost|p1b: Maushold|spa|1
|
|-weather|RainDance|[upkeep]
|-damage|p1a: Pelipper|49/100 brn|[from] brn
|-sideend|p2: bzzzzzzddddz|move: Light Screen
|upkeep
|turn|10
|inactive|bzzzzzzddddz has 30 seconds left.
|inactive|satandagiii2005 has 30 seconds left.
|inactive|bzzzzzzddddz has 20 seconds left.
|inactive|satandagiii2005 has 20 seconds left.
|inactive|bzzzzzzddddz has 15 seconds left.
|
|t:|1783466396
|switch|p1a: Gholdengo|Gholdengo, L50|24/100 brn
|move|p1b: Maushold|Protect|p1b: Maushold
|-singleturn|p1b: Maushold|Protect
|move|p2b: Grimmsnarl|Light Screen|p2b: Grimmsnarl
|-sidestart|p2: bzzzzzzddddz|move: Light Screen
|move|p2a: Gholdengo|Shadow Ball|p1a: Gholdengo
|-supereffective|p1a: Gholdengo|1
|-damage|p1a: Gholdengo|0 fnt
|faint|p1a: Gholdengo
|
|-weather|none
|upkeep
|
|t:|1783466410
|switch|p1a: Swampert|Swampert-Mega, L50, M|79/100
|turn|11
|
|t:|1783466432
|move|p2a: Gholdengo|Protect|p2a: Gholdengo
|-singleturn|p2a: Gholdengo|Protect
|move|p2b: Grimmsnarl|Reflect|p2b: Grimmsnarl
|-sidestart|p2: bzzzzzzddddz|Reflect
|move|p1b: Maushold|Rain Dance|p1b: Maushold
|-weather|RainDance
|move|p1a: Swampert|Wave Crash|p2b: Grimmsnarl
|-damage|p2b: Grimmsnarl|16/100
|-damage|p1a: Swampert|50/100g|[from] Recoil
|
|-weather|RainDance|[upkeep]
|upkeep
|turn|12
|inactive|bzzzzzzddddz has 30 seconds left.
|inactive|bzzzzzzddddz has 20 seconds left.
|
|t:|1783466469
|switch|p1b: Pelipper|Pelipper, L50, M|49/100 brn
|switch|p2b: Scovillain|Scovillain-Mega, L50, F|15/100
|move|p1a: Swampert|Earthquake|p2b: Scovillain|[spread] p2a,p2b
|-immune|p1b: Pelipper
|-supereffective|p2a: Gholdengo|1
|-damage|p2a: Gholdengo|11/100
|-damage|p2b: Scovillain|0 fnt
|-status|p1a: Swampert|brn|[from] ability: Spicy Spray|[of] p2b: Scovillain
|faint|p2b: Scovillain
|move|p2a: Gholdengo|Make It Rain|p1b: Pelipper|[spread] p1a,p1b
|-resisted|p1a: Swampert|1
|-resisted|p1b: Pelipper|1
|-damage|p1a: Swampert|30/100 brn
|-damage|p1b: Pelipper|24/100 brn
|-unboost|p2a: Gholdengo|spa|2
|
|-weather|RainDance|[upkeep]
|-damage|p1a: Swampert|24/100 brn|[from] brn
|-damage|p1b: Pelipper|18/100 brn|[from] brn
|-sideend|p1: satandagiii2005|move: Tailwind
|upkeep
|inactive|bzzzzzzddddz has 30 seconds left.
|inactive|bzzzzzzddddz has 20 seconds left.
|inactive|bzzzzzzddddz has 15 seconds left.
|
|t:|1783466494
|switch|p2b: Grimmsnarl|Grimmsnarl, L50, M|16/100
|turn|13
|inactive|bzzzzzzddddz has 15 seconds left this turn.
|inactive|bzzzzzzddddz has 10 seconds left.
|inactive|bzzzzzzddddz has 5 seconds left.
|
|t:|1783466507
|move|p2a: Gholdengo|Protect|p2a: Gholdengo
|-singleturn|p2a: Gholdengo|Protect
|move|p2b: Grimmsnarl|Parting Shot|p1a: Swampert
|-unboost|p1a: Swampert|atk|1
|-unboost|p1a: Swampert|spa|1
|inactive|bzzzzzzddddz has 5 seconds left this turn.
|
|t:|1783466510
|switch|p2b: Hydreigon|Hydreigon, L50, F|19/100|[from] Parting Shot
|move|p1a: Swampert|Wave Crash|p2b: Hydreigon
|-resisted|p2b: Hydreigon|1
|-damage|p2b: Hydreigon|6/100
|-damage|p1a: Swampert|21/100 brn|[from] Recoil
|move|p1b: Pelipper|Hurricane|p2a: Gholdengo
|-activate|p2a: Gholdengo|move: Protect
|
|-weather|RainDance|[upkeep]
|-damage|p1a: Swampert|15/100 brn|[from] brn
|-damage|p1b: Pelipper|12/100 brn|[from] brn
|upkeep
|turn|14
|inactive|bzzzzzzddddz has 5 seconds left this turn.
|inactive|satandagiii2005 has 30 seconds left.
|
|t:|1783466543
|switch|p1b: Maushold|Maushold, L50|35/100
|move|p1a: Swampert|Wave Crash|p2b: Hydreigon
|-resisted|p2b: Hydreigon|1
|-damage|p2b: Hydreigon|0 fnt
|faint|p2b: Hydreigon
|-damage|p1a: Swampert|13/100 brn|[from] Recoil
|move|p2a: Gholdengo|Shadow Ball|p1b: Maushold
|-immune|p1b: Maushold
|
|-weather|RainDance|[upkeep]
|-damage|p1a: Swampert|7/100 brn|[from] brn
|upkeep
|inactive|bzzzzzzddddz has 5 seconds left this turn.
|
|t:|1783466545
|switch|p2b: Grimmsnarl|Grimmsnarl, L50, M|16/100
|turn|15
|inactive|bzzzzzzddddz has 5 seconds left this turn.
|
|t:|1783466558
|move|p1b: Maushold|Protect|p1b: Maushold
|-singleturn|p1b: Maushold|Protect
|move|p2a: Gholdengo|Protect|p2a: Gholdengo
|-singleturn|p2a: Gholdengo|Protect
|move|p1a: Swampert|Wave Crash|p2b: Grimmsnarl
|-damage|p2b: Grimmsnarl|0 fnt
|faint|p2b: Grimmsnarl
|-damage|p1a: Swampert|1/100 brn|[from] Recoil
|
|-weather|none
|-damage|p1a: Swampert|0 fnt|[from] brn
|faint|p1a: Swampert
|upkeep
|
|t:|1783466569
|switch|p1a: Pelipper|Pelipper, L50, M|12/100 brn
|-weather|RainDance|[from] ability: Drizzle|[of] p1a: Pelipper
|turn|16
|inactive|bzzzzzzddddz has 5 seconds left this turn.
|
|t:|1783466576
|move|p1b: Maushold|Follow Me|p1b: Maushold
|-singleturn|p1b: Maushold|move: Follow Me
|move|p2a: Gholdengo|Make It Rain|p1a: Pelipper|[spread] p1a,p1b
|-resisted|p1a: Pelipper|1
|-damage|p1a: Pelipper|1/100 brn
|-damage|p1b: Maushold|8/100
|-unboost|p2a: Gholdengo|spa|2
|move|p1a: Pelipper|Weather Ball|p2a: Gholdengo
|-damage|p2a: Gholdengo|0 fnt
|faint|p2a: Gholdengo
|
|win|satandagiii2005
|raw|satandagiii2005's rating: 1155 → 1186(+31 for winning)
|raw|bzzzzzzddddz's rating: 1240 → 1209(-31 for losing)
|c|☆satandagiii2005|gg
