|j|☆Atsuya_Blizzard
|j|☆lanagram
|html|Atsuya_Blizzardlanagram    
|uhtml|bestof|Game 1 of a best-of-3
|t:|1785163627
|gametype|doubles
|player|p1|Atsuya_Blizzard|170|1043
|player|p2|lanagram|102|1131
|gen|9
|tier|[Gen 9 Champions] VGC 2026 Reg M-B (Bo3)
|rated|
|rule|Species Clause: Limit one of each Pokémon
|rule|Item Clause: Limit 1 of each item
|clearpoke
|poke|p1|Dragonite, L50, F|
|poke|p1|Espathra, L50, M|
|poke|p1|Politoed, L50, M|
|poke|p1|Morpeko, L50, F|
|poke|p1|Swampert, L50, F|
|poke|p1|Serperior, L50, F|
|poke|p2|Gengar, L50, M|
|poke|p2|Incineroar, L50, M|
|poke|p2|Kommo-o, L50, M|
|poke|p2|Ninetales-Alola, L50, M|
|poke|p2|Staraptor, L50, F|
|poke|p2|Whimsicott, L50, M|
|teampreview|4
|showteam|p1|Dragonite||Dragoninite|Multiscale|Hurricane,DracoMeteor,Roost,Protect|Calm||F|||50|]Espathra||SitrusBerry|SpeedBoost|LuminaCrash,CalmMind,BatonPass,Protect|Timid||M|||50|]Politoed||LifeOrb|Drizzle|WeatherBall,Encore,EarthPower,Protect|Timid||M|||50|]Morpeko||FocusSash|HungerSwitch|FakeOut,AuraWheel,FakeTears,PartingShot|Jolly||F|||50|]Swampert||Swampertite|Torrent|HighHorsepower,WaveCrash,RockSlide,Protect|Adamant||F|||50|]Serperior||LightClay|Contrary|LeafStorm,LightScreen,Reflect,Glare|Timid||F|||50|
|showteam|p2|Gengar||Gengarite|CursedBody|ShadowBall,Disable,PerishSong,Protect|Timid||M|||50|]Incineroar||PasshoBerry|Intimidate|FakeOut,ThroatChop,Taunt,PartingShot|Jolly||M|||50|]Kommo-o||LifeOrb|Soundproof|ClangingScales,AuraSphere,ClangorousSoul,Protect|Timid||M|||50|]Ninetales-Alola||NeverMeltIce|SnowWarning|Blizzard,Disable,Encore,Protect|Timid||M|||50|]Staraptor||Staraptite|Intimidate|CloseCombat,DualWingbeat,Protect,Roost|Jolly||F|||50|]Whimsicott||MentalHerb|Prankster|Tailwind,Protect,Charm,FakeTears|Calm||M|||50|
|inactive|Battle timer is ON: inactive players will automatically lose when time's up. (requested by Atsuya_Blizzard)
|inactive|lanagram has 60 seconds left.
|inactive|lanagram has 30 seconds left.
|inactive|lanagram has 20 seconds left.
|inactive|lanagram has 15 seconds left.
|inactive|lanagram has 10 seconds left.
|inactive|lanagram has 5 seconds left.
|
|t:|1785163728
|teamsize|p1|4
|teamsize|p2|4
|start
|switch|p1a: 14|Espathra, L50, M|100/100
|switch|p1b: 8|Morpeko, L50, F|100/100
|switch|p2a: Gengar|Gengar, L50, M|100/100
|switch|p2b: Ninetales|Ninetales-Alola, L50, M|100/100
|-weather|Snowscape|[from] ability: Snow Warning|[of] p2b: Ninetales
|turn|1
|inactive|Atsuya_Blizzard has 30 seconds left.
|
|t:|1785163760
|detailschange|p2a: Gengar|Gengar-Mega, L50, M
|-mega|p2a: Gengar|Gengar|Gengarite
|move|p1a: 14|Protect|p1a: 14
|-singleturn|p1a: 14|Protect
|move|p2a: Gengar|Perish Song|p2a: Gengar
|-start|p1a: 14|perish3|[silent]
|-start|p1b: 8|perish3|[silent]
|-start|p2a: Gengar|perish3|[silent]
|-start|p2b: Ninetales|perish3|[silent]
|-fieldactivate|move: Perish Song
|move|p2b: Ninetales|Blizzard|p1a: 14|[spread] p1b
|-activate|p1a: 14|move: Protect
|-damage|p1b: 8|15/100
|move|p1b: 8|Aura Wheel|p2a: Gengar
|-damage|p2a: Gengar|43/100
|-boost|p1b: 8|spe|1
|
|-weather|Snowscape|[upkeep]
|-start|p1b: 8|perish3
|-start|p2a: Gengar|perish3
|-start|p2b: Ninetales|perish3
|-start|p1a: 14|perish3
|-ability|p1a: 14|Speed Boost|boost
|-boost|p1a: 14|spe|1
|-formechange|p1b: 8|Morpeko-Hangry|
|upkeep
|turn|2
|inactive|Atsuya_Blizzard has 30 seconds left.
|
|t:|1785163786
|switch|p2a: Incineroar|Incineroar, L50, M|100/100
|-ability|p2a: Incineroar|Intimidate|boost
|-unboost|p1a: 14|atk|1
|-unboost|p1b: 8|atk|1
|move|p1a: 14|Calm Mind|p1a: 14
|-boost|p1a: 14|spa|1
|-boost|p1a: 14|spd|1
|move|p1b: 8|Aura Wheel|p2a: Incineroar
|-resisted|p2a: Incineroar|1
|-damage|p2a: Incineroar|85/100
|-boost|p1b: 8|spe|1
|move|p2b: Ninetales|Encore|p1a: 14
|-start|p1a: 14|Encore
|
|-weather|Snowscape|[upkeep]
|-start|p1b: 8|perish2
|-start|p1a: 14|perish2
|-start|p2b: Ninetales|perish2
|-ability|p1a: 14|Speed Boost|boost
|-boost|p1a: 14|spe|1
|-formechange|p1b: 8|Morpeko|
|upkeep
|turn|3
|inactive|lanagram has 30 seconds left.
|
|t:|1785163815
|switch|p1a: 16|Politoed, L50, M|100/100
|-weather|RainDance|[from] ability: Drizzle|[of] p1a: 16
|move|p1b: 8|Parting Shot|p2b: Ninetales
|-unboost|p2b: Ninetales|atk|1
|-unboost|p2b: Ninetales|spa|1
|
|t:|1785163825
|switch|p1b: 16_|Dragonite, L50, F|100/100|[from] Parting Shot
|move|p2b: Ninetales|Blizzard|p1b: 16_|[spread] p1a
|-miss|p2b: Ninetales|p1b: 16_
|-resisted|p1a: 16|1
|-damage|p1a: 16|85/100
|move|p2a: Incineroar|Throat Chop|p1a: 16
|-damage|p1a: 16|46/100
|-start|p1a: 16|Throat Chop|[silent]
|
|-weather|RainDance|[upkeep]
|-start|p2b: Ninetales|perish1
|upkeep
|turn|4
|
|t:|1785163844
|switch|p2b: Kommo-o|Kommo-o, L50, M|100/100
|detailschange|p1b: 16_|Dragonite-Mega, L50, F
|-mega|p1b: 16_|Dragonite|Dragoninite
|move|p1a: 16|Weather Ball|p2a: Incineroar
|-supereffective|p2a: Incineroar|1
|-enditem|p2a: Incineroar|Passho Berry|[eat]
|-enditem|p2a: Incineroar|Passho Berry|[weaken]
|-damage|p2a: Incineroar|11/100
|-damage|p1a: 16|36/100|[from] item: Life Orb
|move|p1b: 16_|Hurricane|p2b: Kommo-o
|-supereffective|p2b: Kommo-o|1
|-damage|p2b: Kommo-o|0 fnt
|faint|p2b: Kommo-o
|move|p2a: Incineroar|Parting Shot|p1b: 16_
|-unboost|p1b: 16_|atk|1
|-unboost|p1b: 16_|spa|1
|
|t:|1785163865
|switch|p2a: Ninetales|Ninetales-Alola, L50, M|100/100|[from] Parting Shot
|-weather|Snowscape|[from] ability: Snow Warning|[of] p2a: Ninetales
|
|-weather|Snowscape|[upkeep]
|-end|p1a: 16|Throat Chop|[silent]
|upkeep
|
|t:|1785163871
|switch|p2b: Incineroar|Incineroar, L50, M|11/100
|-ability|p2b: Incineroar|Intimidate|boost
|-unboost|p1a: 16|atk|1
|-unboost|p1b: 16_|atk|1
|turn|5
|
|t:|1785163890
|move|p1b: 16_|Protect|p1b: 16_
|-singleturn|p1b: 16_|Protect
|move|p2b: Incineroar|Fake Out|p1a: 16
|-damage|p1a: 16|21/100
|move|p2a: Ninetales|Blizzard|p1a: 16|[spread] p1a
|-activate|p1b: 16_|move: Protect
|-resisted|p1a: 16|1
|-damage|p1a: 16|1/100
|cant|p1a: 16|flinch
|
|-weather|Snowscape|[upkeep]
|upkeep
|turn|6
|
|t:|1785163909
|switch|p1a: 14|Espathra, L50, M|100/100
|move|p2a: Ninetales|Blizzard|p1b: 16_|[spread] p1a,p1b
|-supereffective|p1b: 16_|2
|-damage|p1a: 14|53/100
|-damage|p1b: 16_|56/100
|move|p1b: 16_|Roost|p1b: 16_
|-heal|p1b: 16_|100/100
|-singleturn|p1b: 16_|move: Roost
|move|p2b: Incineroar|Parting Shot|p1b: 16_
|-unboost|p1b: 16_|atk|1
|-unboost|p1b: 16_|spa|1
|
|t:|1785163922
|switch|p2b: Gengar|Gengar-Mega, L50, M|43/100|[from] Parting Shot
|
|-weather|Snowscape|[upkeep]
|upkeep
|turn|7
|inactive|lanagram has 30 seconds left.
|
|t:|1785163947
|move|p1a: 14|Protect|p1a: 14
|-singleturn|p1a: 14|Protect
|move|p2b: Gengar|Shadow Ball|p1a: 14
|-activate|p1a: 14|move: Protect
|move|p2a: Ninetales|Blizzard|p1a: 14|[spread] p1b
|-activate|p1a: 14|move: Protect
|-supereffective|p1b: 16_|2
|-damage|p1b: 16_|60/100
|move|p1b: 16_|Draco Meteor|p2b: Gengar
|-crit|p2b: Gengar
|-damage|p2b: Gengar|0 fnt
|-unboost|p1b: 16_|spa|2
|faint|p2b: Gengar
|
|-weather|Snowscape|[upkeep]
|-ability|p1a: 14|Speed Boost|boost
|-boost|p1a: 14|spe|1
|upkeep
|
|t:|1785163950
|switch|p2b: Incineroar|Incineroar, L50, M|11/100
|-ability|p2b: Incineroar|Intimidate|boost
|-unboost|p1a: 14|atk|1
|-unboost|p1b: 16_|atk|1
|turn|8
|
|t:|1785163962
|switch|p1b: 16|Politoed, L50, M|1/100
|-weather|RainDance|[from] ability: Drizzle|[of] p1b: 16
|move|p2b: Incineroar|Fake Out|p1a: 14
|-damage|p1a: 14|41/100
|-enditem|p1a: 14|Sitrus Berry|[eat]
|-heal|p1a: 14|65/100|[from] item: Sitrus Berry
|cant|p1a: 14|flinch
|move|p2a: Ninetales|Blizzard|p1b: 16|[spread] p1a
|-miss|p2a: Ninetales|p1b: 16
|-damage|p1a: 14|12/100
|
|-weather|RainDance|[upkeep]
|-ability|p1a: 14|Speed Boost|boost
|-boost|p1a: 14|spe|1
|upkeep
|turn|9
|
|t:|1785163983
|move|p1a: 14|Lumina Crash|p2a: Ninetales
|-damage|p2a: Ninetales|67/100
|-unboost|p2a: Ninetales|spd|2
|move|p2a: Ninetales|Blizzard|p1a: 14|[spread] p1a,p1b
|-resisted|p1b: 16|1
|-damage|p1a: 14|0 fnt
|-damage|p1b: 16|0 fnt
|faint|p1a: 14
|faint|p1b: 16
|move|p2b: Incineroar|Throat Chop|p1: 14|[notarget]
|-fail|p2b: Incineroar
|
|-weather|RainDance|[upkeep]
|upkeep
|
|t:|1785163998
|switch|p1a: 8|Morpeko, L50, F|15/100
|switch|p1b: 16_|Dragonite-Mega, L50, F|60/100
|turn|10
|
|t:|1785164018
|move|p2a: Ninetales|Protect|p2a: Ninetales
|-singleturn|p2a: Ninetales|Protect
|move|p1a: 8|Fake Out|p2a: Ninetales
|-activate|p2a: Ninetales|move: Protect
|move|p1b: 16_|Roost|p1b: 16_
|-heal|p1b: 16_|100/100
|-singleturn|p1b: 16_|move: Roost
|move|p2b: Incineroar|Taunt|p1b: 16_
|-start|p1b: 16_|move: Taunt
|
|-weather|RainDance|[upkeep]
|-formechange|p1a: 8|Morpeko-Hangry|
|upkeep
|turn|11
|
|t:|1785164029
|move|p2a: Ninetales|Blizzard|p1b: 16_|[spread] p1a,p1b
|-supereffective|p1b: 16_|2
|-damage|p1a: 8|0 fnt
|-damage|p1b: 16_|60/100
|faint|p1a: 8
|move|p1b: 16_|Hurricane|p2a: Ninetales
|-damage|p2a: Ninetales|0 fnt
|faint|p2a: Ninetales
|move|p2b: Incineroar|Throat Chop|p1b: 16_
|-damage|p1b: 16_|34/100
|-start|p1b: 16_|Throat Chop|[silent]
|
|-weather|RainDance|[upkeep]
|upkeep
|turn|12
|
|t:|1785164043
|move|p1b: 16_|Hurricane|p2b: Incineroar
|-damage|p2b: Incineroar|0 fnt
|faint|p2b: Incineroar
|
|win|Atsuya_Blizzard
||lanagram is ready for game 2.
|inactive|Atsuya_Blizzard has 30 seconds to confirm battle start!
||Atsuya_Blizzard is ready for game 2.
|uhtml|next|Next: Game 2 of 3
|j| tedidn
