|j|☆Marvcolor
|j|☆circuitosomador
|html|Marvcolorcircuitosomador    
|uhtml|bestof|Game 3 of a best-of-3
|t:|1784088092
|gametype|doubles
|player|p1|Marvcolor|giovanni|1318
|player|p2|circuitosomador|norman|1373
|gen|9
|tier|[Gen 9 Champions] VGC 2026 Reg M-B (Bo3)
|rated|
|rule|Species Clause: Limit one of each Pokémon
|rule|Item Clause: Limit 1 of each item
|clearpoke
|poke|p1|Gengar, L50, M, shiny|
|poke|p1|Politoed, L50, M, shiny|
|poke|p1|Archaludon, L50, M, shiny|
|poke|p1|Swampert, L50, M, shiny|
|poke|p1|Incineroar, L50, M, shiny|
|poke|p1|Vivillon, L50, F, shiny|
|poke|p2|Charizard, L50, F|
|poke|p2|Floette-Eternal, L50, F|
|poke|p2|Whimsicott, L50, M|
|poke|p2|Garchomp, L50, M|
|poke|p2|Basculegion, L50, M|
|poke|p2|Kingambit, L50, M|
|teampreview|4
|showteam|p1|Gengar||Gengarite|CursedBody|ShadowBall,SludgeBomb,PerishSong,Protect|Timid||M|||50|]Politoed||SitrusBerry|Drizzle|WeatherBall,PerishSong,Encore,Protect|Calm||M|||50|]Archaludon||Leftovers|Stamina|ElectroShot,DragonPulse,FlashCannon,Protect|Bold||M|||50|]Swampert||Swampertite|Damp|WaveCrash,Earthquake,IcePunch,Protect|Adamant||M|||50|]Incineroar||PasshoBerry|Intimidate|ThroatChop,PartingShot,Protect,FakeOut|Sassy||M|||50|]Vivillon||FocusSash|CompoundEyes|Hurricane,SleepPowder,RagePowder,Protect|Timid||F|||50|
|showteam|p2|Charizard||CharizarditeY|Blaze|WeatherBall,SolarBeam,HeatWave,Protect|Modest||F|||50|]Floette-Eternal||Floettite|FlowerVeil|Moonblast,DazzlingGleam,LightofRuin,Protect|Modest||F|||50|]Whimsicott||FocusSash|Prankster|Moonblast,Encore,Tailwind,Protect|Timid||M|||50|]Garchomp||SitrusBerry|RoughSkin|DragonClaw,StompingTantrum,RockSlide,Protect|Adamant||M|||50|]Basculegion||ChoiceScarf|Adaptability|WaveCrash,LastRespects,AquaJet,FlipTurn|Jolly||M|||50|]Kingambit||LifeOrb|Defiant|KowtowCleave,IronHead,SuckerPunch,LowKick|Adamant||M|||50|
|inactive|Battle timer is ON: inactive players will automatically lose when time's up. (requested by Marvcolor)
|j| creed revival tour
|
|t:|1784088113
|teamsize|p1|4
|teamsize|p2|4
|start
|switch|p1a: Mishra|Gengar, L50, M, shiny|100/100
|switch|p1b: Time Walk|Vivillon, L50, F, shiny|100/100
|switch|p2a: Charizard|Charizard, L50, F|100/100
|switch|p2b: Garchomp|Garchomp, L50, M|100/100
|turn|1
|inactive|circuitosomador has 30 seconds left.
|inactive|circuitosomador has 20 seconds left.
|inactive|circuitosomador has 15 seconds left.
|
|t:|1784088154
|switch|p1b: Mankira|Incineroar, L50, M, shiny|100/100
|-ability|p1b: Mankira|Intimidate|boost
|-unboost|p2a: Charizard|atk|1
|-unboost|p2b: Garchomp|atk|1
|detailschange|p1a: Mishra|Gengar-Mega, L50, M, shiny
|-mega|p1a: Mishra|Gengar|Gengarite
|detailschange|p2a: Charizard|Charizard-Mega-Y, L50, F
|-mega|p2a: Charizard|Charizard|Charizardite Y
|-weather|SunnyDay|[from] ability: Drought|[of] p2a: Charizard
|move|p1a: Mishra|Protect|p1a: Mishra
|-singleturn|p1a: Mishra|Protect
|move|p2a: Charizard|Heat Wave|p1a: Mishra|[spread] p1b
|-activate|p1a: Mishra|move: Protect
|-resisted|p1b: Mankira|1
|-damage|p1b: Mankira|74/100
|move|p2b: Garchomp|Rock Slide|p1a: Mishra|[spread] p1b
|-activate|p1a: Mishra|move: Protect
|-supereffective|p1b: Mankira|1
|-damage|p1b: Mankira|50/100g
|
|-weather|SunnyDay|[upkeep]
|upkeep
|turn|2
|inactive|circuitosomador has 30 seconds left.
|
|t:|1784088183
|move|p2a: Charizard|Protect|p2a: Charizard
|-singleturn|p2a: Charizard|Protect
|move|p1b: Mankira|Fake Out|p2a: Charizard
|-activate|p2a: Charizard|move: Protect
|move|p1a: Mishra|Perish Song|p1a: Mishra
|-start|p1a: Mishra|perish3|[silent]
|-start|p1b: Mankira|perish3|[silent]
|-start|p2a: Charizard|perish3|[silent]
|-start|p2b: Garchomp|perish3|[silent]
|-fieldactivate|move: Perish Song
|move|p2b: Garchomp|Stomping Tantrum|p1a: Mishra
|-supereffective|p1a: Mishra|1
|-damage|p1a: Mishra|36/100
|
|-weather|SunnyDay|[upkeep]
|-start|p1a: Mishra|perish3
|-start|p2a: Charizard|perish3
|-start|p2b: Garchomp|perish3
|-start|p1b: Mankira|perish3
|upkeep
|turn|3
|inactive|circuitosomador has 30 seconds left.
|
|t:|1784088208
|move|p1a: Mishra|Protect|p1a: Mishra
|-singleturn|p1a: Mishra|Protect
|move|p1b: Mankira|Protect|p1b: Mankira
|-singleturn|p1b: Mankira|Protect
|move|p2a: Charizard|Heat Wave|p1b: Mankira|[spread] 
|-activate|p1a: Mishra|move: Protect
|-activate|p1b: Mankira|move: Protect
|move|p2b: Garchomp|Rock Slide|p1a: Mishra|[spread] 
|-activate|p1a: Mishra|move: Protect
|-activate|p1b: Mankira|move: Protect
|
|-weather|SunnyDay|[upkeep]
|-start|p1a: Mishra|perish2
|-start|p2a: Charizard|perish2
|-start|p2b: Garchomp|perish2
|-start|p1b: Mankira|perish2
|upkeep
|turn|4
|
|t:|1784088221
|switch|p1a: Connect|Politoed, L50, M, shiny|100/100
|-weather|RainDance|[from] ability: Drizzle|[of] p1a: Connect
|move|p2a: Charizard|Heat Wave|p1b: Mankira|[spread] p1a,p1b
|-resisted|p1a: Connect|1
|-resisted|p1b: Mankira|1
|-damage|p1a: Connect|91/100
|-damage|p1b: Mankira|42/100
|-status|p1a: Connect|brn
|move|p2b: Garchomp|Dragon Claw|p1b: Mankira
|-crit|p1b: Mankira
|-damage|p1b: Mankira|0 fnt
|faint|p1b: Mankira
|
|-weather|RainDance|[upkeep]
|-damage|p1a: Connect|85/100 brn|[from] brn
|-start|p2a: Charizard|perish1
|-start|p2b: Garchomp|perish1
|upkeep
|
|t:|1784088238
|switch|p1b: Mishra|Gengar-Mega, L50, M, shiny|36/100
|turn|5
|
|t:|1784088263
|switch|p1b: Time Walk|Vivillon, L50, F, shiny|100/100
|move|p1a: Connect|Protect|p1a: Connect
|-singleturn|p1a: Connect|Protect
|move|p2a: Charizard|Solar Beam||[still]
|-prepare|p2a: Charizard|Solar Beam
|move|p2b: Garchomp|Stomping Tantrum|p1b: Time Walk
|-immune|p1b: Time Walk
|
|-weather|RainDance|[upkeep]
|-damage|p1a: Connect|79/100 brn|[from] brn
|-start|p2a: Charizard|perish0
|-start|p2b: Garchomp|perish0
|faint|p2a: Charizard
|faint|p2b: Garchomp
|upkeep
|
|t:|1784088276
|switch|p2a: Basculegion|Basculegion, L50, M|100/100
|switch|p2b: Kingambit|Kingambit, L50, M|100/100
|turn|6
|
|t:|1784088301
|move|p2a: Basculegion|Last Respects|p1a: Connect
|-damage|p1a: Connect|0 fnt
|faint|p1a: Connect
|move|p1b: Time Walk|Sleep Powder|p2b: Kingambit
|-status|p2b: Kingambit|slp|[from] move: Sleep Powder
|cant|p2b: Kingambit|slp
|
|-weather|RainDance|[upkeep]
|upkeep
|
|t:|1784088307
|switch|p1a: Mishra|Gengar-Mega, L50, M, shiny|36/100
|turn|7
|
|t:|1784088321
|move|p1b: Time Walk|Rage Powder|p1b: Time Walk
|-singleturn|p1b: Time Walk|move: Rage Powder
|-curestatus|p2b: Kingambit|slp|[msg]
|move|p2b: Kingambit|Sucker Punch||[still]
|-fail|p2b: Kingambit
|move|p2a: Basculegion|Last Respects|p1b: Time Walk
|-enditem|p1b: Time Walk|Focus Sash
|-damage|p1b: Time Walk|1/100
|move|p1a: Mishra|Shadow Ball|p2a: Basculegion
|-supereffective|p2a: Basculegion|1
|-damage|p2a: Basculegion|0 fnt
|faint|p2a: Basculegion
|
|-weather|RainDance|[upkeep]
|upkeep
|turn|8
|
|t:|1784088341
|move|p1a: Mishra|Protect|p1a: Mishra
|-singleturn|p1a: Mishra|Protect
|move|p1b: Time Walk|Sleep Powder|p2b: Kingambit
|-status|p2b: Kingambit|slp|[from] move: Sleep Powder
|cant|p2b: Kingambit|slp
|
|-weather|none
|upkeep
|turn|9
|
|t:|1784088359
|move|p1b: Time Walk|Rage Powder|p1b: Time Walk
|-singleturn|p1b: Time Walk|move: Rage Powder
|move|p1a: Mishra|Shadow Ball|p2b: Kingambit
|-resisted|p2b: Kingambit|1
|-damage|p2b: Kingambit|73/100 slp
|-curestatus|p2b: Kingambit|slp|[msg]
|move|p2b: Kingambit|Kowtow Cleave|p1b: Time Walk
|-damage|p1b: Time Walk|0 fnt
|faint|p1b: Time Walk
|-damage|p2b: Kingambit|63/100|[from] item: Life Orb
|
|upkeep
|turn|10
|
|t:|1784088380
|move|p1a: Mishra|Perish Song|p1a: Mishra
|-start|p1a: Mishra|perish3|[silent]
|-start|p2b: Kingambit|perish3|[silent]
|-fieldactivate|move: Perish Song
|move|p2b: Kingambit|Kowtow Cleave|p1a: Mishra
|-supereffective|p1a: Mishra|1
|-damage|p1a: Mishra|0 fnt
|faint|p1a: Mishra
|-damage|p2b: Kingambit|54/100|[from] item: Life Orb
|
|win|circuitosomador
|raw|Marvcolor's rating: 1318 → 1301(-17 for losing)
|raw|circuitosomador's rating: 1373 → 1390(+17 for winning)
|l| creed revival tour
