|j|☆mil0battles
|j|☆Sapillo
|html|mil0battlesSapillo    
|uhtml|bestof|Game 2 of a best-of-3
|t:|1756855843
|gametype|doubles
|player|p1|mil0battles|pokemonranger-gen4|1114
|player|p2|Sapillo|265|1166
|gen|9
|tier|[Gen 9] VGC 2025 Reg H (Bo3)
|rated|
|rule|Species Clause: Limit one of each Pokémon
|rule|Item Clause: Limit 1 of each item
|clearpoke
|poke|p1|Ursaluna-Bloodmoon, L50, M|
|poke|p1|Gholdengo, L50|
|poke|p1|Dragonite, L50, M|
|poke|p1|Amoonguss, L50, F|
|poke|p1|Incineroar, L50, F|
|poke|p1|Primarina, L50, M|
|poke|p2|Sneasler, L50, M|
|poke|p2|Rillaboom, L50, M|
|poke|p2|Electabuzz, L50, M|
|poke|p2|Dragonite, L50, F|
|poke|p2|Volcarona, L50, M|
|poke|p2|Kingambit, L50, F|
|teampreview|4
|showteam|p1|Ursaluna-Bloodmoon||AssaultVest|MindsEye|BloodMoon,EarthPower,VacuumWave,HyperVoice|||M|||50|,,,,,Water]Gholdengo||LifeOrb|GoodasGold|Protect,MakeItRain,ShadowBall,NastyPlot||||||50|,,,,,Water]Dragonite||LoadedDice|Multiscale|ScaleShot,Tailwind,Haze,Protect|||M|||50|,,,,,Fairy]Amoonguss||SitrusBerry|Regenerator|Spore,RagePowder,PollenPuff,Protect|||F|||50|,,,,,Water]Incineroar||SafetyGoggles|Intimidate|FakeOut,KnockOff,PartingShot,FlareBlitz|||F|||50|,,,,,Ghost]Primarina||ThroatSpray|LiquidVoice|HyperVoice,Moonblast,Haze,Protect|||M|||50|,,,,,Poison
|showteam|p2|Sneasler||FocusSash|PoisonTouch|CloseCombat,DireClaw,Coaching,FakeOut|||M|||50|,,,,,Stellar]Rillaboom||AssaultVest|GrassySurge|WoodHammer,GrassyGlide,HighHorsepower,FakeOut|||M|||50|,,,,,Fire]Electabuzz||Eviolite|VitalSpirit|Thunderbolt,FollowMe,Taunt,Protect|||M|||50|,,,,,Ghost]Dragonite||LoadedDice|Multiscale|ScaleShot,ExtremeSpeed,Haze,Protect|||F|||50|,,,,,Normal]Volcarona||Leftovers|FlameBody|HeatWave,TeraBlast,QuiverDance,Protect|||M|||50|,,,,,Fairy]Kingambit||BlackGlasses|Defiant|KowtowCleave,SuckerPunch,SwordsDance,Protect|||F|||50|,,,,,Dark
|inactive|Battle timer is ON: inactive players will automatically lose when time's up. (requested by mil0battles)
|
|t:|1756855880
|teamsize|p1|4
|teamsize|p2|4
|start
|switch|p1a: Gholdengo|Gholdengo, L50|100/100
|switch|p1b: Dragonite|Dragonite, L50, M|100/100
|switch|p2a: Kingambit|Kingambit, L50, F|100/100
|switch|p2b: Sneasler|Sneasler, L50, M|100/100
|turn|1
|inactive|mil0battles has 30 seconds left.
|inactive|mil0battles has 20 seconds left.
|inactive|mil0battles has 15 seconds left.
|
|t:|1756855924
|-terastallize|p1a: Gholdengo|Water
|move|p2b: Sneasler|Coaching|p2a: Kingambit
|-boost|p2a: Kingambit|atk|1
|-boost|p2a: Kingambit|def|1
|move|p1a: Gholdengo|Shadow Ball|p2b: Sneasler
|-damage|p2b: Sneasler|34/100
|-damage|p1a: Gholdengo|91/100|[from] item: Life Orb
|move|p1b: Dragonite|Tailwind|p1b: Dragonite
|-sidestart|p1: mil0battles|move: Tailwind
|move|p2a: Kingambit|Kowtow Cleave|p1b: Dragonite
|-damage|p1b: Dragonite|54/100
|
|upkeep
|turn|2
|inactive|Sapillo has 30 seconds left.
|
|t:|1756855952
|switch|p1b: Ursaluna|Ursaluna-Bloodmoon, L50, M|100/100
|-terastallize|p2a: Kingambit|Dark
|move|p2a: Kingambit|Sucker Punch|p1a: Gholdengo
|-damage|p1a: Gholdengo|0 fnt
|faint|p1a: Gholdengo
|move|p2b: Sneasler|Dire Claw|p1b: Ursaluna
|-resisted|p1b: Ursaluna
|-damage|p1b: Ursaluna|85/100
|-status|p1b: Ursaluna|par
|
|upkeep
|
|t:|1756855960
|switch|p1a: Primarina|Primarina, L50, M|100/100
|turn|3
|inactive|Sapillo has 30 seconds left.
|
|t:|1756855990
|move|p1b: Ursaluna|Vacuum Wave|p2b: Sneasler
|-resisted|p2b: Sneasler
|-damage|p2b: Sneasler|25/100
|move|p2a: Kingambit|Sucker Punch||[still]
|-fail|p2a: Kingambit
|move|p1a: Primarina|Hyper Voice|p2a: Kingambit|[spread] p2a,p2b
|-damage|p2a: Kingambit|67/100
|-damage|p2b: Sneasler|0 fnt
|faint|p2b: Sneasler
|-enditem|p1a: Primarina|Throat Spray
|-boost|p1a: Primarina|spa|1|[from] item: Throat Spray
|
|upkeep
|
|t:|1756855997
|switch|p2b: Rillaboom|Rillaboom, L50, M|100/100
|-fieldstart|move: Grassy Terrain|[from] ability: Grassy Surge|[of] p2b: Rillaboom
|turn|4
|
|t:|1756856015
|move|p2b: Rillaboom|Fake Out|p1b: Ursaluna
|-damage|p1b: Ursaluna|74/100 par
|cant|p1b: Ursaluna|flinch
|move|p1a: Primarina|Moonblast|p2a: Kingambit
|-supereffective|p2a: Kingambit
|-damage|p2a: Kingambit|0 fnt
|faint|p2a: Kingambit
|
|-heal|p1b: Ursaluna|80/100 par|[from] Grassy Terrain
|-sideend|p1: mil0battles|move: Tailwind
|upkeep
|
|t:|1756856018
|switch|p2a: Volcarona|Volcarona, L50, M|100/100
|turn|5
|
|t:|1756856034
|move|p2b: Rillaboom|Grassy Glide|p1a: Primarina
|-supereffective|p1a: Primarina
|-damage|p1a: Primarina|7/100
|move|p2a: Volcarona|Quiver Dance|p2a: Volcarona
|-boost|p2a: Volcarona|spa|1
|-boost|p2a: Volcarona|spd|1
|-boost|p2a: Volcarona|spe|1
|move|p1a: Primarina|Hyper Voice|p2b: Rillaboom|[spread] p2a,p2b
|-supereffective|p2a: Volcarona
|-resisted|p2b: Rillaboom
|-damage|p2a: Volcarona|26/100
|-damage|p2b: Rillaboom|82/100
|move|p1b: Ursaluna|Blood Moon|p2b: Rillaboom
|-damage|p2b: Rillaboom|29/100
|
|-heal|p2a: Volcarona|32/100|[from] Grassy Terrain
|-heal|p2a: Volcarona|38/100|[from] item: Leftovers
|-heal|p2b: Rillaboom|35/100|[from] Grassy Terrain
|-heal|p1a: Primarina|13/100|[from] Grassy Terrain
|-heal|p1b: Ursaluna|86/100 par|[from] Grassy Terrain
|upkeep
|turn|6
|inactive|mil0battles has 30 seconds left.
|
|t:|1756856060
|move|p2b: Rillaboom|Grassy Glide|p1a: Primarina
|-supereffective|p1a: Primarina
|-damage|p1a: Primarina|0 fnt
|faint|p1a: Primarina
|cant|p1b: Ursaluna|par
|move|p2a: Volcarona|Heat Wave|p1b: Ursaluna
|-damage|p1b: Ursaluna|32/100 par
|
|-heal|p2a: Volcarona|45/100|[from] Grassy Terrain
|-heal|p2a: Volcarona|51/100|[from] item: Leftovers
|-heal|p2b: Rillaboom|41/100|[from] Grassy Terrain
|-heal|p1b: Ursaluna|38/100 par|[from] Grassy Terrain
|upkeep
|
|t:|1756856062
|switch|p1a: Dragonite|Dragonite, L50, M|54/100
|turn|7
|
|t:|1756856074
|move|p2b: Rillaboom|Grassy Glide|p1b: Ursaluna
|-supereffective|p1b: Ursaluna
|-damage|p1b: Ursaluna|0 fnt
|faint|p1b: Ursaluna
|move|p2a: Volcarona|Tera Blast|p1a: Dragonite
|-damage|p1a: Dragonite|7/100
|move|p1a: Dragonite|Scale Shot|p2a: Volcarona
|-damage|p2a: Volcarona|28/100
|-damage|p2a: Volcarona|5/100
|-damage|p2a: Volcarona|0 fnt
|faint|p2a: Volcarona
|-hitcount|p2: Volcarona|3
|-unboost|p1a: Dragonite|def|1
|-boost|p1a: Dragonite|spe|1
|
|-heal|p2b: Rillaboom|46/100|[from] Grassy Terrain
|upkeep
|turn|8
|
|t:|1756856079
|move|p1a: Dragonite|Protect|p1a: Dragonite
|-singleturn|p1a: Dragonite|Protect
|move|p2b: Rillaboom|Grassy Glide|p1a: Dragonite
|-activate|p1a: Dragonite|move: Protect
|
|-heal|p2b: Rillaboom|52/100|[from] Grassy Terrain
|-fieldend|move: Grassy Terrain
|upkeep
|turn|9
|inactive|mil0battles has 30 seconds left.
|
|t:|1756856109
|move|p1a: Dragonite|Scale Shot|p2b: Rillaboom
|-damage|p2b: Rillaboom|38/100
|-damage|p2b: Rillaboom|23/100
|-damage|p2b: Rillaboom|10/100
|-damage|p2b: Rillaboom|0 fnt
|faint|p2b: Rillaboom
|-hitcount|p2: Rillaboom|4
|
|win|mil0battles
