|j|‽BellsproutFanWill
|j|☆FortniteTuesday
|html|BellsproutFanWillFortniteTuesday    
|uhtml|bestof|Game 2 of a best-of-3
|t:|1757701121
|gametype|doubles
|player|p1|BellsproutFanWill|266|1408
|player|p2|FortniteTuesday|burgh-masters|1371
|gen|9
|tier|[Gen 9] VGC 2025 Reg H (Bo3)
|rated|
|rule|Species Clause: Limit one of each Pokémon
|rule|Item Clause: Limit 1 of each item
|clearpoke
|poke|p1|Oranguru, L50, F|
|poke|p1|Torkoal, L50, M|
|poke|p1|Hariyama, L50, M|
|poke|p1|Ursaluna-Bloodmoon, L50, M|
|poke|p1|Sinistcha-Masterpiece, L50|
|poke|p1|Annihilape, L50, M|
|poke|p2|Sinistcha, L50|
|poke|p2|Ursaluna, L50, M|
|poke|p2|Incineroar, L50, M|
|poke|p2|Archaludon, L50, M|
|poke|p2|Pelipper, L50, M|
|poke|p2|Basculegion, L50, M|
|teampreview|4
|showteam|p1|Oranguru||MentalHerb|InnerFocus|Taunt,Instruct,TrickRoom,Encore|||F|||50|,,,,,Fairy]Torkoal||Charcoal|Drought|HeatWave,Eruption,BodyPress,Protect|||M|||50|,,,,,Fire]Hariyama||FlameOrb|Guts|DrainPunch,BulkUp,FakeOut,ThunderPunch|||M|||50|,,,,,Electric]Ursaluna-Bloodmoon||ThroatSpray|MindsEye|HyperVoice,BloodMoon,EarthPower,Protect|||M|||50|,,,,,Ghost]Sinistcha-Masterpiece||FocusSash|Hospitality|MatchaGotcha,ShadowBall,RagePowder,TrickRoom||||||50|,,,,,Normal]Annihilape||ChoiceScarf|Defiant|RageFist,FinalGambit,Uturn,Taunt|||M|||50|,,,,,Grass
|showteam|p2|Sinistcha||SitrusBerry|Hospitality|MatchaGotcha,RagePowder,TrickRoom,LifeDew||||||50|,,,,,Water]Ursaluna||FlameOrb|Guts|Facade,HeadlongRush,Earthquake,Protect|||M|||50|,,,,,Ghost]Incineroar||RockyHelmet|Intimidate|FlareBlitz,KnockOff,PartingShot,FakeOut|||M|||50|,,,,,Grass]Archaludon||AssaultVest|Stamina|ElectroShot,BodyPress,Snarl,DragonPulse|||M|||50|,,,,,Grass]Pelipper||CovertCloak|Drizzle|Hurricane,WeatherBall,Tailwind,Protect|||M|||50|,,,,,Grass]Basculegion||ChoiceScarf|Adaptability|LastRespects,AquaJet,WaveCrash,FlipTurn|||M|||50|,,,,,Water
|
|t:|1757701171
|teamsize|p1|4
|teamsize|p2|4
|start
|switch|p1a: Sinistcha|Sinistcha-Masterpiece, L50|100/100
|switch|p1b: Annihilape|Annihilape, L50, M|100/100
|switch|p2a: Biff|Basculegion, L50, M|100/100
|switch|p2b: Jim Bob|Incineroar, L50, M|100/100
|-ability|p2b: Jim Bob|Intimidate|boost
|-unboost|p1a: Sinistcha|atk|1
|-unboost|p1b: Annihilape|atk|1
|-ability|p1b: Annihilape|Defiant|boost
|-boost|p1b: Annihilape|atk|2
|turn|1
|inactive|Battle timer is ON: inactive players will automatically lose when time's up. (requested by BellsproutFanWill)
|inactive|FortniteTuesday has 60 seconds left.
|
|t:|1757701217
|move|p1b: Annihilape|Final Gambit|p2b: Jim Bob
|-damage|p2b: Jim Bob|0 fnt
|faint|p1b: Annihilape
|faint|p2b: Jim Bob
|move|p2a: Biff|Flip Turn|p1a: Sinistcha
|-resisted|p1a: Sinistcha
|-damage|p1a: Sinistcha|80/100
|
|t:|1757701223
|switch|p2a: Edward|Archaludon, L50, M|100/100|[from] Flip Turn
|move|p1a: Sinistcha|Trick Room|p1a: Sinistcha
|-fieldstart|move: Trick Room|[of] p1a: Sinistcha
|
|upkeep
|
|t:|1757701232
|switch|p2b: Jorgie|Pelipper, L50, M|100/100
|switch|p1b: Ursaluna|Ursaluna-Bloodmoon, L50, M|100/100
|-weather|RainDance|[from] ability: Drizzle|[of] p2b: Jorgie
|turn|2
|inactive|FortniteTuesday has 30 seconds left.
|
|t:|1757701260
|-terastallize|p1b: Ursaluna|Ghost
|-terastallize|p2a: Edward|Grass
|move|p2b: Jorgie|Protect|p2b: Jorgie
|-singleturn|p2b: Jorgie|Protect
|move|p1b: Ursaluna|Earth Power|p2a: Edward
|-resisted|p2a: Edward
|-damage|p2a: Edward|81/100
|-ability|p2a: Edward|Stamina|boost
|-boost|p2a: Edward|def|1
|move|p1a: Sinistcha|Matcha Gotcha|p2b: Jorgie|[spread] p2a
|-activate|p2b: Jorgie|move: Protect
|-resisted|p2a: Edward
|-damage|p2a: Edward|69/100
|-heal|p1a: Sinistcha|86/100|[from] drain|[of] p2a: Edward
|-ability|p2a: Edward|Stamina|boost
|-boost|p2a: Edward|def|1
|move|p2a: Edward|Snarl|p1b: Ursaluna|[spread] p1a,p1b
|-supereffective|p1a: Sinistcha
|-supereffective|p1b: Ursaluna
|-damage|p1a: Sinistcha|53/100
|-damage|p1b: Ursaluna|67/100
|-unboost|p1a: Sinistcha|spa|1
|-unboost|p1b: Ursaluna|spa|1
|
|-weather|RainDance|[upkeep]
|upkeep
|turn|3
|inactive|BellsproutFanWill has 30 seconds left.
|inactive|FortniteTuesday has 30 seconds left.
|inactive|FortniteTuesday has 20 seconds left.
|inactive|FortniteTuesday has 15 seconds left.
|
|t:|1757701300
|switch|p1b: Torkoal|Torkoal, L50, M|100/100
|-weather|SunnyDay|[from] ability: Drought|[of] p1b: Torkoal
|move|p1a: Sinistcha|Matcha Gotcha|p2b: Jorgie|[spread] p2b
|-miss|p1a: Sinistcha|p2a: Edward
|-damage|p2b: Jorgie|70/100
|-heal|p1a: Sinistcha|66/100|[from] drain|[of] p2b: Jorgie
|move|p2a: Edward|Snarl|p1a: Sinistcha|[spread] p1a,p1b
|-supereffective|p1a: Sinistcha
|-damage|p1a: Sinistcha|32/100
|-damage|p1b: Torkoal|80/100
|-unboost|p1a: Sinistcha|spa|1
|-unboost|p1b: Torkoal|spa|1
|move|p2b: Jorgie|Weather Ball|p1a: Sinistcha
|-supereffective|p1a: Sinistcha
|-damage|p1a: Sinistcha|0 fnt
|faint|p1a: Sinistcha
|
|-weather|SunnyDay|[upkeep]
|upkeep
|
|t:|1757701318
|switch|p1a: Ursaluna|Ursaluna-Bloodmoon, L50, M, tera:Ghost|67/100
|turn|4
|
|t:|1757701334
|switch|p2a: Biff|Basculegion, L50, M|100/100
|move|p2b: Jorgie|Protect|p2b: Jorgie
|-singleturn|p2b: Jorgie|Protect
|move|p1b: Torkoal|Eruption|p2b: Jorgie|[spread] p2a
|-activate|p2b: Jorgie|move: Protect
|-resisted|p2a: Biff
|-damage|p2a: Biff|76/100
|move|p1a: Ursaluna|Blood Moon|p2a: Biff
|-damage|p2a: Biff|0 fnt
|faint|p2a: Biff
|
|-weather|SunnyDay|[upkeep]
|upkeep
|
|t:|1757701345
|switch|p2a: Edward|Archaludon, L50, M, tera:Grass|69/100
|turn|5
|
|t:|1757701360
|move|p1b: Torkoal|Eruption|p2a: Edward|[spread] p2a,p2b
|-supereffective|p2a: Edward
|-resisted|p2b: Jorgie
|-damage|p2a: Edward|0 fnt
|-damage|p2b: Jorgie|31/100
|faint|p2a: Edward
|move|p1a: Ursaluna|Hyper Voice|p2b: Jorgie
|-damage|p2b: Jorgie|0 fnt
|faint|p2b: Jorgie
|-enditem|p1a: Ursaluna|Throat Spray
|
|win|BellsproutFanWill
||BellsproutFanWill is ready for game 3.
||FortniteTuesday is ready for game 3.
|uhtml|next|Next: Game 3 of 3
