|j|☆RealRagingBolt
|j|☆dr_sugus_vgc
|html|RealRagingBoltdr_sugus_vgc    
|uhtml|bestof|Game 1 of a best-of-3
|t:|1756570526
|gametype|doubles
|player|p1|RealRagingBolt|volkner|1260
|player|p2|dr_sugus_vgc|169|1146
|gen|9
|tier|[Gen 9] VGC 2025 Reg H (Bo3)
|rated|
|rule|Species Clause: Limit one of each Pokémon
|rule|Item Clause: Limit 1 of each item
|clearpoke
|poke|p1|Garchomp, L50, F|
|poke|p1|Gholdengo, L50|
|poke|p1|Talonflame, L50, M|
|poke|p1|Amoonguss, L50, M|
|poke|p1|Tyranitar, L50, M|
|poke|p1|Basculegion, L50, M|
|poke|p2|Tyranitar, L50, M|
|poke|p2|Corviknight, L50, M|
|poke|p2|Garchomp, L50, F|
|poke|p2|Incineroar, L50, M|
|poke|p2|Primarina, L50, M|
|poke|p2|Sinistcha, L50|
|teampreview|4
|showteam|p1|Garchomp||LifeOrb|RoughSkin|DragonClaw,StompingTantrum,Earthquake,Protect|||F|||50|,,,,,Steel]Gholdengo||MetalCoat|GoodasGold|MakeItRain,ShadowBall,NastyPlot,Protect||||||50|,,,,,Water]Talonflame||CovertCloak|GaleWings|BraveBird,WillOWisp,Tailwind,Taunt|||M|||50|,,,,,Ghost]Amoonguss||SitrusBerry|Regenerator|PollenPuff,Spore,RagePowder,Protect|||M|||50|,,,,,Water]Tyranitar||AssaultVest|SandStream|KnockOff,RockSlide,LowKick,TeraBlast|||M|||50|,,,,,Flying]Basculegion||ChoiceScarf|Adaptability|WaveCrash,LastRespects,FlipTurn,AquaJet|||M|||50|,,,,,Water
|showteam|p2|Tyranitar||AssaultVest|SandStream|RockSlide,LowKick,TeraBlast,KnockOff|||M|||50|,,,,,Flying]Corviknight||Leftovers|MirrorArmor|BraveBird,BulkUp,Roost,Tailwind|||M|||50|,,,,,Dragon]Garchomp||ClearAmulet|RoughSkin|PoisonJab,StompingTantrum,SwordsDance,Protect|||F|||50|,,,,,Steel]Incineroar||SafetyGoggles|Intimidate|FakeOut,KnockOff,FlareBlitz,PartingShot|||M|||50|,,,,,Ghost]Primarina||ThroatSpray|LiquidVoice|Moonblast,HyperVoice,Haze,Protect|||M|||50|,,,,,Poison]Sinistcha||RockyHelmet|Hospitality|MatchaGotcha,RagePowder,TrickRoom,Protect||||||50|,,,,,Rock
|
|t:|1756570562
|teamsize|p1|4
|teamsize|p2|4
|start
|switch|p1a: Gholdengo|Gholdengo, L50|100/100
|switch|p1b: Talonflame|Talonflame, L50, M|100/100
|switch|p2a: Corviknight|Corviknight, L50, M|100/100
|switch|p2b: Incineroar|Incineroar, L50, M|100/100
|-ability|p2b: Incineroar|Intimidate|boost
|-unboost|p1a: Gholdengo|atk|1
|-unboost|p1b: Talonflame|atk|1
|turn|1
|
|t:|1756570601
|switch|p1a: Garchomp|Garchomp, L50, F|100/100
|switch|p2a: Primarina|Primarina, L50, M|100/100
|move|p1b: Talonflame|Taunt|p2a: Primarina
|-start|p2a: Primarina|move: Taunt
|move|p2b: Incineroar|Knock Off|p1a: Garchomp
|-damage|p1a: Garchomp|60/100
|-damage|p2b: Incineroar|88/100|[from] ability: Rough Skin|[of] p1a: Garchomp
|-enditem|p1a: Garchomp|Life Orb|[from] move: Knock Off|[of] p2b: Incineroar
|
|upkeep
|turn|2
|
|t:|1756570639
|switch|p1b: Basculegion|Basculegion, L50, M|100/100
|switch|p2b: Corviknight|Corviknight, L50, M|100/100
|-terastallize|p1a: Garchomp|Steel
|move|p1a: Garchomp|Stomping Tantrum|p2a: Primarina
|-damage|p2a: Primarina|52/100
|move|p2a: Primarina|Hyper Voice|p1b: Basculegion|[spread] p1a,p1b
|-resisted|p1b: Basculegion
|-damage|p1a: Garchomp|27/100
|-damage|p1b: Basculegion|84/100
|-enditem|p2a: Primarina|Throat Spray
|-boost|p2a: Primarina|spa|1|[from] item: Throat Spray
|
|upkeep
|turn|3
|
|t:|1756570668
|switch|p2b: Sinistcha|Sinistcha, L50|100/100
|-heal|p2a: Primarina|77/100|[from] ability: Hospitality|[of] p2b: Sinistcha
|move|p1b: Basculegion|Flip Turn|p2b: Sinistcha
|-resisted|p2b: Sinistcha
|-damage|p2b: Sinistcha|81/100
|-damage|p1b: Basculegion|68/100|[from] item: Rocky Helmet|[of] p2b: Sinistcha
|
|t:|1756570671
|switch|p1b: Gholdengo|Gholdengo, L50|100/100|[from] Flip Turn
|move|p1a: Garchomp|Stomping Tantrum|p2a: Primarina
|-damage|p2a: Primarina|34/100
|move|p2a: Primarina|Hyper Voice|p1b: Gholdengo|[spread] p1a,p1b
|-damage|p1a: Garchomp|0 fnt
|-damage|p1b: Gholdengo|51/100
|faint|p1a: Garchomp
|
|-end|p2a: Primarina|move: Taunt
|upkeep
|
|t:|1756570677
|switch|p1a: Talonflame|Talonflame, L50, M|100/100
|turn|4
|
|t:|1756570695
|switch|p2b: Incineroar|Incineroar, L50, M|88/100
|-ability|p2b: Incineroar|Intimidate|boost
|-unboost|p1a: Talonflame|atk|1
|-unboost|p1b: Gholdengo|atk|1
|move|p2a: Primarina|Protect|p2a: Primarina
|-singleturn|p2a: Primarina|Protect
|move|p1a: Talonflame|Tailwind|p1a: Talonflame
|-sidestart|p1: RealRagingBolt|move: Tailwind
|move|p1b: Gholdengo|Nasty Plot|p1b: Gholdengo
|-boost|p1b: Gholdengo|spa|2
|
|upkeep
|turn|5
|
|t:|1756570720
|move|p1b: Gholdengo|Protect|p1b: Gholdengo
|-singleturn|p1b: Gholdengo|Protect
|move|p1a: Talonflame|Brave Bird|p2b: Incineroar
|-damage|p2b: Incineroar|66/100
|-damage|p1a: Talonflame|91/100|[from] Recoil
|move|p2a: Primarina|Hyper Voice|p1b: Gholdengo|[spread] p1a
|-activate|p1b: Gholdengo|move: Protect
|-supereffective|p1a: Talonflame
|-damage|p1a: Talonflame|0 fnt
|faint|p1a: Talonflame
|move|p2b: Incineroar|Knock Off|p1b: Gholdengo
|-activate|p1b: Gholdengo|move: Protect
|
|upkeep
|
|t:|1756570728
|switch|p1a: Basculegion|Basculegion, L50, M|68/100
|turn|6
|
|t:|1756570752
|switch|p2b: Sinistcha|Sinistcha, L50|81/100
|-heal|p2a: Primarina|58/100|[from] ability: Hospitality|[of] p2b: Sinistcha
|move|p2a: Primarina|Protect|p2a: Primarina
|-singleturn|p2a: Primarina|Protect
|move|p1a: Basculegion|Last Respects|p2b: Sinistcha
|-supereffective|p2b: Sinistcha
|-damage|p2b: Sinistcha|0 fnt
|faint|p2b: Sinistcha
|move|p1b: Gholdengo|Make It Rain|p2a: Primarina
|-activate|p2a: Primarina|move: Protect
|
|upkeep
|
|t:|1756570767
|switch|p2b: Incineroar|Incineroar, L50, M|66/100
|-ability|p2b: Incineroar|Intimidate|boost
|-unboost|p1a: Basculegion|atk|1
|-unboost|p1b: Gholdengo|atk|1
|turn|7
|
|t:|1756570782
|move|p1a: Basculegion|Last Respects|p2b: Incineroar
|-resisted|p2b: Incineroar
|-damage|p2b: Incineroar|33/100
|move|p1b: Gholdengo|Make It Rain|p2b: Incineroar|[spread] p2a,p2b
|-resisted|p2b: Incineroar
|-damage|p2a: Primarina|0 fnt
|-damage|p2b: Incineroar|0 fnt
|-unboost|p1b: Gholdengo|spa|1
|faint|p2a: Primarina
|faint|p2b: Incineroar
|
|-sideend|p1: RealRagingBolt|move: Tailwind
|upkeep
|
|t:|1756570793
|switch|p2b: Corviknight|Corviknight, L50, M|100/100
|turn|8
|
|t:|1756570802
|move|p1a: Basculegion|Last Respects|p2b: Corviknight
|-damage|p2b: Corviknight|39/100
|move|p1b: Gholdengo|Shadow Ball|p2b: Corviknight
|-damage|p2b: Corviknight|0 fnt
|faint|p2b: Corviknight
|
|win|RealRagingBolt
||dr_sugus_vgc is ready for game 2.
|inactive|RealRagingBolt has 30 seconds to confirm battle start!
||RealRagingBolt is ready for game 2.
|uhtml|next|Next: Game 2 of 3
