|j|☆Reboquete
|j|☆spoolingus
|html|Reboquetespoolingus    
|uhtml|bestof|Game 2 of a best-of-3
|t:|1782243509
|gametype|doubles
|player|p1|Reboquete|iris-gen5bw2|1185
|player|p2|spoolingus|102|1226
|gen|9
|tier|[Gen 9 Champions] VGC 2026 Reg M-B (Bo3)
|rated|
|rule|Species Clause: Limit one of each Pokémon
|rule|Item Clause: Limit 1 of each item
|clearpoke
|poke|p1|Staraptor, L50, M|
|poke|p1|Grimmsnarl, L50, M|
|poke|p1|Garchomp, L50, M|
|poke|p1|Basculegion, L50, M|
|poke|p1|Maushold, L50|
|poke|p1|Gholdengo, L50|
|poke|p2|Swampert, L50, M|
|poke|p2|Sinistcha, L50|
|poke|p2|Pelipper, L50, F|
|poke|p2|Archaludon, L50, F|
|poke|p2|Grimmsnarl, L50, M|
|poke|p2|Metagross, L50|
|teampreview|4
|showteam|p1|Staraptor||Staraptite|Intimidate|CloseCombat,BraveBird,Roost,Protect|Jolly||M|||50|]Grimmsnarl||LightClay|Prankster|Reflect,LightScreen,SpiritBreak,PartingShot|Careful||M|||50|]Garchomp||RoseliBerry|RoughSkin|RockSlide,DragonClaw,Earthquake,PoisonJab|Jolly||M|||50|]Basculegion||ChoiceScarf|Adaptability|WaveCrash,FlipTurn,LastRespects,AquaJet|Jolly||M|||50|]Maushold||FocusSash|FriendGuard|Charm,FollowMe,SuperFang,Protect|Jolly|||||50|]Gholdengo||LifeOrb|GoodasGold|MakeItRain,ShadowBall,Protect,NastyPlot|Modest|||||50|
|showteam|p2|Swampert||Swampertite|Torrent|WaveCrash,HighHorsepower,KnockOff,Protect|Adamant||M|||50|]Sinistcha||KasibBerry|Hospitality|MatchaGotcha,RagePowder,TrickRoom,LifeDew|Bold|||||50|]Pelipper||FocusSash|Drizzle|WeatherBall,Hurricane,Tailwind,Protect|Modest||F|||50|]Archaludon||Leftovers|Stamina|ElectroShot,DragonPulse,FlashCannon,Protect|Calm||F|||50|]Grimmsnarl||LightClay|Prankster|FoulPlay,Reflect,LightScreen,PartingShot|Calm||M|||50|]Metagross||Metagrossite|ClearBody|PsychicFangs,IronHead,BodyPress,Protect|Jolly|||||50|
|inactive|Battle timer is ON: inactive players will automatically lose when time's up. (requested by Reboquete)
|
|t:|1782243534
|teamsize|p1|4
|teamsize|p2|4
|start
|switch|p1a: Maushold|Maushold, L50|100/100
|switch|p1b: Gholdengo|Gholdengo, L50|100/100
|switch|p2a: Archaludon|Archaludon, L50, F|100/100
|switch|p2b: Grimmsnarl|Grimmsnarl, L50, M|100/100
|turn|1
|inactive|spoolingus has 30 seconds left.
|inactive|spoolingus has 20 seconds left.
|inactive|spoolingus has 15 seconds left.
|
|t:|1782243575
|move|p2b: Grimmsnarl|Light Screen|p2b: Grimmsnarl
|-sidestart|p2: spoolingus|move: Light Screen
|move|p1a: Maushold|Super Fang|p2a: Archaludon
|-damage|p2a: Archaludon|50/100y
|-ability|p2a: Archaludon|Stamina|boost
|-boost|p2a: Archaludon|def|1
|move|p1b: Gholdengo|Nasty Plot|p1b: Gholdengo
|-boost|p1b: Gholdengo|spa|2
|move|p2a: Archaludon|Dragon Pulse|p1a: Maushold
|-crit|p1a: Maushold
|-damage|p1a: Maushold|34/100
|
|-heal|p2a: Archaludon|56/100|[from] item: Leftovers
|upkeep
|turn|2
|l|☆Reboquete
|inactive|Reboquete disconnected and has a minute to reconnect!
|player|p1|
|j|☆Reboquete
|inactive|Reboquete reconnected and has 40 seconds left.
|player|p1|Reboquete|iris-gen5bw2|
|inactive|Reboquete has 30 seconds left.
|
|t:|1782243608
|switch|p2b: Pelipper|Pelipper, L50, F|100/100
|-weather|RainDance|[from] ability: Drizzle|[of] p2b: Pelipper
|move|p2a: Archaludon|Protect|p2a: Archaludon
|-singleturn|p2a: Archaludon|Protect
|move|p1a: Maushold|Follow Me|p1a: Maushold
|-singleturn|p1a: Maushold|move: Follow Me
|move|p1b: Gholdengo|Nasty Plot|p1b: Gholdengo
|-boost|p1b: Gholdengo|spa|2
|
|-weather|RainDance|[upkeep]
|-heal|p2a: Archaludon|62/100|[from] item: Leftovers
|upkeep
|turn|3
|inactive|Reboquete has 30 seconds left.
|
|t:|1782243639
|move|p1a: Maushold|Super Fang|p2b: Pelipper
|-damage|p2b: Pelipper|50/100g
|move|p1b: Gholdengo|Shadow Ball|p2a: Archaludon
|-damage|p2a: Archaludon|0 fnt
|faint|p2a: Archaludon
|-damage|p1b: Gholdengo|90/100|[from] item: Life Orb
|move|p2b: Pelipper|Tailwind|p2b: Pelipper
|-sidestart|p2: spoolingus|move: Tailwind
|
|-weather|RainDance|[upkeep]
|upkeep
|
|t:|1782243660
|switch|p2a: Swampert|Swampert, L50, M|100/100
|turn|4
|
|t:|1782243681
|move|p2a: Swampert|Protect|p2a: Swampert
|-singleturn|p2a: Swampert|Protect
|move|p1a: Maushold|Protect|p1a: Maushold
|-singleturn|p1a: Maushold|Protect
|move|p1b: Gholdengo|Protect|p1b: Gholdengo
|-singleturn|p1b: Gholdengo|Protect
|move|p2b: Pelipper|Weather Ball|p1a: Maushold
|-activate|p1a: Maushold|move: Protect
|
|-weather|RainDance|[upkeep]
|upkeep
|turn|5
|j| GLASS516
|
|t:|1782243698
|switch|p2a: Grimmsnarl|Grimmsnarl, L50, M|100/100
|move|p1a: Maushold|Follow Me|p1a: Maushold
|-singleturn|p1a: Maushold|move: Follow Me
|move|p2b: Pelipper|Weather Ball|p1a: Maushold
|-damage|p1a: Maushold|0 fnt
|faint|p1a: Maushold
|move|p1b: Gholdengo|Shadow Ball|p2a: Grimmsnarl
|-resisted|p2a: Grimmsnarl|1
|-damage|p2a: Grimmsnarl|54/100
|-damage|p1b: Gholdengo|80/100|[from] item: Life Orb
|
|-weather|RainDance|[upkeep]
|upkeep
|
|t:|1782243716
|switch|p1a: Basculegion|Basculegion, L50, M|100/100
|turn|6
|
|t:|1782243728
|switch|p2b: Swampert|Swampert, L50, M|100/100
|move|p2a: Grimmsnarl|Parting Shot|p1a: Basculegion
|-unboost|p1a: Basculegion|atk|1
|-unboost|p1a: Basculegion|spa|1
|
|t:|1782243731
|switch|p2a: Pelipper|Pelipper, L50, F|50/100g|[from] Parting Shot
|move|p1a: Basculegion|Wave Crash|p2a: Pelipper
|-resisted|p2a: Pelipper|1
|-damage|p2a: Pelipper|3/100
|-damage|p1a: Basculegion|89/100|[from] Recoil
|move|p1b: Gholdengo|Shadow Ball|p2b: Swampert
|-damage|p2b: Swampert|0 fnt
|faint|p2b: Swampert
|-damage|p1b: Gholdengo|70/100|[from] item: Life Orb
|
|-weather|none
|-sideend|p2: spoolingus|move: Tailwind
|upkeep
|
|t:|1782243737
|switch|p2b: Grimmsnarl|Grimmsnarl, L50, M|54/100
|turn|7
|-message|spoolingus forfeited.
|
|win|Reboquete
||spoolingus is ready for game 3.
|inactive|Reboquete has 30 seconds to confirm battle start!
||Reboquete is ready for game 3.
|uhtml|next|Next: Game 3 of 3
|l|☆Reboquete
|player|p1|
