|j|☆is_katabo
|j|☆scyythh
|html|is_kataboscyythh    
|uhtml|bestof|Game 2 of a best-of-3
|t:|1757200044
|gametype|doubles
|player|p1|is_katabo|barry|
|player|p2|scyythh|roxie|
|gen|9
|tier|[Gen 9] VGC 2025 Reg H (Bo3)
|rule|Species Clause: Limit one of each Pokémon
|rule|Item Clause: Limit 1 of each item
|clearpoke
|poke|p1|Milotic, L50, F|
|poke|p1|Incineroar, L50, M|
|poke|p1|Amoonguss, L50, M|
|poke|p1|Gholdengo, L50|
|poke|p1|Ursaluna-Bloodmoon, L50, M|
|poke|p1|Dragonite, L50, F|
|poke|p2|Annihilape, L50, F|
|poke|p2|Archaludon, L50, F|
|poke|p2|Whimsicott, L50, F|
|poke|p2|Politoed, L50, F|
|poke|p2|Toxapex, L50, M|
|poke|p2|Weavile, L50, M|
|teampreview|4
|showteam|p1|Milotic||SafetyGoggles|Competitive|Scald,IcyWind,Haze,Protect|||F|||50|,,,,,Dragon]Incineroar||SitrusBerry|Intimidate|FakeOut,KnockOff,FlareBlitz,PartingShot|||M|||50|,,,,,Ghost]Amoonguss||CovertCloak|Regenerator|PollenPuff,RagePowder,Spore,Protect|||M|||50|,,,,,Electric]Gholdengo||LifeOrb|GoodasGold|MakeItRain,ShadowBall,NastyPlot,Protect||||||50|,,,,,Water]Ursaluna-Bloodmoon||AssaultVest|MindsEye|BloodMoon,HyperVoice,EarthPower,VacuumWave|||M|||50|,,,,,Water]Dragonite||LoadedDice|Multiscale|ScaleShot,ExtremeSpeed,Tailwind,Protect|||F|||50|,,,,,Steel
|showteam|p2|Annihilape||Leftovers|Defiant|RageFist,DrainPunch,BulkUp,Protect|||F|||50|,,,,,Grass]Archaludon||AssaultVest|Stamina|ElectroShot,DracoMeteor,BodyPress,FlashCannon|||F|||50|,,,,,Bug]Whimsicott||CovertCloak|Prankster|Moonblast,Tailwind,Encore,Taunt|||F|||50|,,,,,Fairy]Politoed||SafetyGoggles|Drizzle|IcyWind,Protect,WeatherBall,IceBeam|||F|||50|,,,,,Fire]Toxapex||SitrusBerry|Regenerator|ToxicSpikes,ChillingWater,SludgeBomb,Haze|||M|||50|,,,,,Grass]Weavile||FocusSash|Pressure|BeatUp,FakeOut,KnockOff,LowKick|||M|||50|,,,,,Ghost
|inactive|Battle timer is ON: inactive players will automatically lose when time's up. (requested by scyythh)
|
|t:|1757200068
|teamsize|p1|4
|teamsize|p2|4
|start
|switch|p1a: SAMO|Amoonguss, L50, M|100/100
|switch|p1b: Party People|Gholdengo, L50|100/100
|switch|p2a: Whimsicott|Whimsicott, L50, F, shiny|100/100
|switch|p2b: Annihilape|Annihilape, L50, F, shiny|100/100
|turn|1
|inactive|is_katabo has 30 seconds left.
|
|t:|1757200096
|switch|p1a: Homage|Ursaluna-Bloodmoon, L50, M|100/100
|-terastallize|p2b: Annihilape|Grass
|-terastallize|p1b: Party People|Water
|move|p2a: Whimsicott|Tailwind|p2a: Whimsicott
|-sidestart|p2: scyythh|move: Tailwind
|move|p2b: Annihilape|Bulk Up|p2b: Annihilape
|-boost|p2b: Annihilape|atk|1
|-boost|p2b: Annihilape|def|1
|move|p1b: Party People|Nasty Plot|p1b: Party People
|-boost|p1b: Party People|spa|2
|
|upkeep
|turn|2
|
|t:|1757200113
|move|p2a: Whimsicott|Encore|p1b: Party People
|-immune|p1b: Party People|[from] ability: Good as Gold
|move|p2b: Annihilape|Drain Punch|p1a: Homage
|-supereffective|p1a: Homage
|-damage|p1a: Homage|37/100
|move|p1b: Party People|Make It Rain|p2a: Whimsicott|[spread] p2a,p2b
|-supereffective|p2a: Whimsicott
|-damage|p2a: Whimsicott|0 fnt
|-damage|p2b: Annihilape|0 fnt
|-unboost|p1b: Party People|spa|1
|faint|p2a: Whimsicott
|faint|p2b: Annihilape
|-damage|p1b: Party People|91/100|[from] item: Life Orb
|move|p1a: Homage|Hyper Voice|p2: Whimsicott|[notarget]
|-fail|p1a: Homage
|
|upkeep
|
|t:|1757200123
|switch|p2a: Politoed|Politoed, L50, F, shiny|100/100
|switch|p2b: Toxapex|Toxapex, L50, M, shiny|100/100
|-weather|RainDance|[from] ability: Drizzle|[of] p2a: Politoed
|turn|3
|
|t:|1757200138
|move|p1a: Homage|Vacuum Wave|p2a: Politoed
|-damage|p2a: Politoed|87/100
|move|p2a: Politoed|Weather Ball|p1a: Homage
|-supereffective|p1a: Homage
|-damage|p1a: Homage|0 fnt
|faint|p1a: Homage
|move|p1b: Party People|Shadow Ball|p2a: Politoed
|-damage|p2a: Politoed|15/100
|-damage|p1b: Party People|81/100|[from] item: Life Orb
|move|p2b: Toxapex|Haze|p2b: Toxapex
|-clearallboost
|
|-weather|RainDance|[upkeep]
|upkeep
|
|t:|1757200150
|switch|p1a: SAMO|Amoonguss, L50, M|100/100
|turn|4
|
|t:|1757200158
|move|p2a: Politoed|Icy Wind|p1a: SAMO|[spread] p1a,p1b
|-supereffective|p1a: SAMO
|-resisted|p1b: Party People
|-damage|p1a: SAMO|80/100
|-damage|p1b: Party People|75/100
|-unboost|p1b: Party People|spe|1
|move|p2b: Toxapex|Sludge Bomb|p1b: Party People
|-damage|p1b: Party People|50/100
|-status|p1b: Party People|psn
|move|p1b: Party People|Shadow Ball|p2a: Politoed
|-damage|p2a: Politoed|0 fnt
|faint|p2a: Politoed
|-damage|p1b: Party People|40/100 psn|[from] item: Life Orb
|move|p1a: SAMO|Spore|p2b: Toxapex
|-status|p2b: Toxapex|slp|[from] move: Spore
|
|-weather|RainDance|[upkeep]
|-damage|p1b: Party People|28/100 psn|[from] psn
|-sideend|p2: scyythh|move: Tailwind
|upkeep
|turn|5
|
|t:|1757200177
|move|p1b: Party People|Nasty Plot|p1b: Party People
|-boost|p1b: Party People|spa|2
|cant|p2b: Toxapex|slp
|move|p1a: SAMO|Pollen Puff|p1b: Party People
|-heal|p1b: Party People|78/100 psn
|
|-weather|RainDance|[upkeep]
|-damage|p1b: Party People|66/100 psn|[from] psn
|upkeep
|turn|6
|-message|scyythh forfeited.
|
|win|is_katabo
|c|☆is_katabo|gg
