|j|☆TalonMasterJ
|j|☆lux raymundi
|html|TalonMasterJlux raymundi    
|uhtml|bestof|Game 2 of a best-of-3
|t:|1782689638
|gametype|doubles
|player|p1|TalonMasterJ|steven|1187
|player|p2|lux raymundi|169|1212
|gen|9
|tier|[Gen 9 Champions] VGC 2026 Reg M-B (Bo3)
|rated|
|rule|Species Clause: Limit one of each Pokémon
|rule|Item Clause: Limit 1 of each item
|clearpoke
|poke|p1|Metagross, L50|
|poke|p1|Sneasler, L50, F|
|poke|p1|Whimsicott, L50, F|
|poke|p1|Floette-Eternal, L50, F|
|poke|p1|Ceruledge, L50, M|
|poke|p1|Milotic, L50, F|
|poke|p2|Garchomp, L50, M|
|poke|p2|Sneasler, L50, F|
|poke|p2|Sinistcha, L50|
|poke|p2|Eelektross, L50, M|
|poke|p2|Delphox, L50, M|
|poke|p2|Basculegion, L50, M|
|teampreview|4
|showteam|p1|Metagross||Metagrossite|ClearBody|Protect,IronHead,PsychicFangs,IcePunch|Adamant|||||50|]Sneasler||WhiteHerb|Unburden|CloseCombat,GunkShot,FakeOut,Coaching|Jolly||F|||50|]Whimsicott||FocusSash|Prankster|Protect,Moonblast,GrassKnot,Tailwind|Timid||F|||50|]Floette-Eternal||Floettite|FlowerVeil|Protect,Moonblast,DazzlingGleam,LightofRuin|Timid||F|||50|]Ceruledge||Charcoal|FlashFire|Protect,BitterBlade,ShadowSneak,BulkUp|Adamant||M|||50|]Milotic||Leftovers|Competitive|MuddyWater,IceBeam,Coil,Hypnosis|Sassy||F|||50|
|showteam|p2|Garchomp||LifeOrb|RoughSkin|Earthquake,RockTomb,DragonClaw,Protect|Jolly||M|||50|]Sneasler||FocusSash|Unburden|FakeOut,CloseCombat,DireClaw,Protect|Jolly||F|||50|]Sinistcha||SitrusBerry|Hospitality|MatchaGotcha,RagePowder,TrickRoom,Protect|Bold|||||50|]Eelektross||Eelektrossite|Levitate|Protect,Electroweb,Flamethrower,Thunderbolt|Timid||M|||50|]Delphox||Delphoxite|Blaze|NastyPlot,HeatWave,Psychic,Protect|Timid||M|||50|]Basculegion||ChoiceScarf|Adaptability|FlipTurn,AquaJet,WaveCrash,LastRespects|Jolly||M|||50|
|
|t:|1782689678
|teamsize|p1|4
|teamsize|p2|4
|start
|switch|p1a: Whimsicott|Whimsicott, L50, F|100/100
|switch|p1b: Ceruledge|Ceruledge, L50, M|100/100
|switch|p2a: Sneasler|Sneasler, L50, F|100/100
|switch|p2b: Eelektross|Eelektross, L50, M|100/100
|turn|1
|
|t:|1782689693
|detailschange|p2b: Eelektross|Eelektross-Mega, L50, M
|-mega|p2b: Eelektross|Eelektross|Eelektrossite
|move|p1a: Whimsicott|Protect|p1a: Whimsicott
|-singleturn|p1a: Whimsicott|Protect
|move|p2a: Sneasler|Dire Claw|p1b: Ceruledge
|-resisted|p1b: Ceruledge|1
|-damage|p1b: Ceruledge|81/100
|-status|p1b: Ceruledge|psn
|move|p2b: Eelektross|Electroweb|p1a: Whimsicott|[spread] p1b
|-activate|p1a: Whimsicott|move: Protect
|-damage|p1b: Ceruledge|60/100 psn
|-unboost|p1b: Ceruledge|spe|1
|move|p1b: Ceruledge|Bulk Up|p1b: Ceruledge
|-boost|p1b: Ceruledge|atk|1
|-boost|p1b: Ceruledge|def|1
|
|-damage|p1b: Ceruledge|48/100 psn|[from] psn
|upkeep
|turn|2
|
|t:|1782689711
|move|p1a: Whimsicott|Tailwind|p1a: Whimsicott
|-sidestart|p1: TalonMasterJ|move: Tailwind
|move|p2a: Sneasler|Dire Claw|p1a: Whimsicott
|-supereffective|p1a: Whimsicott|2
|-enditem|p1a: Whimsicott|Focus Sash
|-damage|p1a: Whimsicott|1/100
|move|p1b: Ceruledge|Bitter Blade|p2b: Eelektross
|-damage|p2b: Eelektross|0 fnt
|-heal|p1b: Ceruledge|92/100 psn|[from] drain|[of] p2b: Eelektross
|faint|p2b: Eelektross
|
|-damage|p1b: Ceruledge|80/100 psn|[from] psn
|upkeep
|
|t:|1782689727
|switch|p2b: Basculegion|Basculegion, L50, M|100/100
|turn|3
|
|t:|1782689749
|switch|p2b: Garchomp|Garchomp, L50, M|100/100
|move|p1b: Ceruledge|Shadow Sneak|p2b: Garchomp
|-damage|p2b: Garchomp|72/100
|-damage|p1b: Ceruledge|68/100 psn|[from] ability: Rough Skin|[of] p2b: Garchomp
|move|p1a: Whimsicott|Moonblast|p2a: Sneasler
|-crit|p2a: Sneasler
|-damage|p2a: Sneasler|29/100
|-unboost|p2a: Sneasler|spa|1
|move|p2a: Sneasler|Dire Claw|p1a: Whimsicott
|-supereffective|p1a: Whimsicott|2
|-damage|p1a: Whimsicott|0 fnt
|faint|p1a: Whimsicott
|
|-damage|p1b: Ceruledge|56/100 psn|[from] psn
|upkeep
|
|t:|1782689754
|switch|p1a: Atone.|Floette-Eternal, L50, F|100/100
|turn|4
|
|t:|1782689781
|switch|p2b: Basculegion|Basculegion, L50, M|100/100
|detailschange|p1a: Atone.|Floette-Mega, L50, F
|-mega|p1a: Atone.|Floette|Floettite
|-ability|p1a: Atone.|Fairy Aura
|move|p2a: Sneasler|Protect|p2a: Sneasler
|-singleturn|p2a: Sneasler|Protect
|move|p1a: Atone.|Dazzling Gleam|p2a: Sneasler|[spread] p2b
|-activate|p2a: Sneasler|move: Protect
|-damage|p2b: Basculegion|46/100
|move|p1b: Ceruledge|Bulk Up|p1b: Ceruledge
|-boost|p1b: Ceruledge|atk|1
|-boost|p1b: Ceruledge|def|1
|
|-damage|p1b: Ceruledge|44/100 psn|[from] psn
|upkeep
|turn|5
|
|t:|1782689801
|switch|p2a: Garchomp|Garchomp, L50, M|72/100
|move|p2b: Basculegion|Aqua Jet|p1b: Ceruledge
|-supereffective|p1b: Ceruledge|1
|-damage|p1b: Ceruledge|19/100 psn
|move|p1b: Ceruledge|Shadow Sneak|p2b: Basculegion
|-supereffective|p2b: Basculegion|1
|-damage|p2b: Basculegion|0 fnt
|faint|p2b: Basculegion
|move|p1a: Atone.|Dazzling Gleam|p2a: Garchomp
|-supereffective|p2a: Garchomp|1
|-damage|p2a: Garchomp|0 fnt
|faint|p2a: Garchomp
|
|-damage|p1b: Ceruledge|7/100 psn|[from] psn
|-sideend|p1: TalonMasterJ|move: Tailwind
|upkeep
|
|t:|1782689809
|switch|p2b: Sneasler|Sneasler, L50, F|29/100
|turn|6
|
|t:|1782689820
|move|p2b: Sneasler|Protect|p2b: Sneasler
|-singleturn|p2b: Sneasler|Protect
|move|p1b: Ceruledge|Shadow Sneak|p2b: Sneasler
|-activate|p2b: Sneasler|move: Protect
|move|p1a: Atone.|Dazzling Gleam|p2b: Sneasler
|-activate|p2b: Sneasler|move: Protect
|
|-damage|p1b: Ceruledge|0 fnt|[from] psn
|faint|p1b: Ceruledge
|upkeep
|
|t:|1782689822
|switch|p1b: Gamblecore|Sneasler, L50, F|100/100
|turn|7
|
|t:|1782689835
|move|p2b: Sneasler|Dire Claw|p1a: Atone.
|-supereffective|p1a: Atone.|1
|-damage|p1a: Atone.|0 fnt
|faint|p1a: Atone.
|move|p1b: Gamblecore|Close Combat|p2b: Sneasler
|-resisted|p2b: Sneasler|1
|-damage|p2b: Sneasler|0 fnt
|-unboost|p1b: Gamblecore|def|1
|-unboost|p1b: Gamblecore|spd|1
|faint|p2b: Sneasler
|
|win|TalonMasterJ
|raw|TalonMasterJ's rating: 1187 → 1214(+27 for winning)
|raw|lux raymundi's rating: 1212 → 1185(-27 for losing)
