|j|☆endK649
|j|☆aYeal
|html|endK649aYeal    
|uhtml|bestof|Game 1 of a best-of-3
|t:|1757701456
|gametype|doubles
|player|p1|endK649|gambler|1246
|player|p2|aYeal|cynthia|1239
|gen|9
|tier|[Gen 9] VGC 2025 Reg H (Bo3)
|rated|
|rule|Species Clause: Limit one of each Pokémon
|rule|Item Clause: Limit 1 of each item
|clearpoke
|poke|p1|Feraligatr, L50, F|
|poke|p1|Volcarona, L50, F|
|poke|p1|Electabuzz, L50, M|
|poke|p1|Rillaboom, L50, F|
|poke|p1|Sneasler, L50, M|
|poke|p1|Kingambit, L50, M|
|poke|p2|Garchomp, L50, M|
|poke|p2|Gholdengo, L50|
|poke|p2|Ninetales-Alola, L50, M|
|poke|p2|Amoonguss, L50, M|
|poke|p2|Talonflame, L50, M|
|poke|p2|Tauros-Paldea-Aqua, L50, M|
|teampreview|4
|showteam|p1|Feraligatr||LifeOrb|SheerForce|Liquidation,IcePunch,DragonDance,Protect|||F|||50|,,,,,Poison]Volcarona||CovertCloak|FlameBody|HeatWave,TeraBlast,QuiverDance,Protect|||F|||50|,,,,,Fairy]Electabuzz||Eviolite|VitalSpirit|Thunderbolt,Taunt,FollowMe,Protect|||M|||50|,,,,,Ghost]Rillaboom||AssaultVest|GrassySurge|WoodHammer,GrassyGlide,HighHorsepower,FakeOut|||F|||50|,,,,,Water]Sneasler||FocusSash|Unburden|DireClaw,CloseCombat,Coaching,FakeOut|||M|||50|,,,,,Ghost]Kingambit||SafetyGoggles|Defiant|KowtowCleave,SuckerPunch,SwordsDance,Protect|||M|||50|,,,,,Fire
|showteam|p2|Garchomp||ClearAmulet|RoughSkin|Earthquake,DragonClaw,SwordsDance,Protect|||M|||50|,,,,,Ground]Gholdengo||MetalCoat|GoodasGold|MakeItRain,ShadowBall,NastyPlot,Protect||||||50|,,,,,Flying]Ninetales-Alola||LightClay|SnowWarning|Blizzard,Moonblast,AuroraVeil,Protect|||M|||50|,,,,,Steel]Amoonguss||SitrusBerry|Regenerator|Spore,PollenPuff,RagePowder,Protect|||M|||50|,,,,,Water]Talonflame||CovertCloak|GaleWings|BraveBird,WillOWisp,Taunt,Tailwind|||M|||50|,,,,,Ghost]Tauros-Paldea-Aqua||AssaultVest|Intimidate|RagingBull,CloseCombat,AquaJet,RockSlide|||M|||50|,,,,,Fighting
|
|t:|1757701513
|teamsize|p1|4
|teamsize|p2|4
|start
|switch|p1a: Volcarona|Volcarona, L50, F, shiny|100/100
|switch|p1b: Sneasler|Sneasler, L50, M, shiny|100/100
|switch|p2a: Tauros|Tauros-Paldea-Aqua, L50, M|100/100
|switch|p2b: Ninetales|Ninetales-Alola, L50, M, shiny|100/100
|-weather|Snowscape|[from] ability: Snow Warning|[of] p2b: Ninetales
|-ability|p2a: Tauros|Intimidate|boost
|-unboost|p1a: Volcarona|atk|1
|-unboost|p1b: Sneasler|atk|1
|turn|1
|inactive|Battle timer is ON: inactive players will automatically lose when time's up. (requested by endK649)
|
|t:|1757701556
|-terastallize|p1a: Volcarona|Fairy
|move|p1b: Sneasler|Fake Out|p2b: Ninetales
|-damage|p2b: Ninetales|91/100
|cant|p2b: Ninetales|flinch
|move|p2a: Tauros|Raging Bull|p1a: Volcarona
|-damage|p1a: Volcarona|50/100
|move|p1a: Volcarona|Quiver Dance|p1a: Volcarona
|-boost|p1a: Volcarona|spa|1
|-boost|p1a: Volcarona|spd|1
|-boost|p1a: Volcarona|spe|1
|
|-weather|Snowscape|[upkeep]
|upkeep
|turn|2
|inactive|endK649 has 30 seconds left.
|inactive|endK649 has 20 seconds left.
|inactive|endK649 has 15 seconds left.
|inactive|endK649 has 10 seconds left.
|
|t:|1757701605
|move|p1a: Volcarona|Heat Wave|p2a: Tauros|[spread] p2a,p2b
|-resisted|p2a: Tauros
|-supereffective|p2b: Ninetales
|-damage|p2a: Tauros|76/100
|-damage|p2b: Ninetales|0 fnt
|faint|p2b: Ninetales
|move|p1b: Sneasler|Coaching|p1a: Volcarona
|-boost|p1a: Volcarona|atk|1
|-boost|p1a: Volcarona|def|1
|move|p2a: Tauros|Raging Bull|p1a: Volcarona
|-damage|p1a: Volcarona|15/100
|
|-weather|Snowscape|[upkeep]
|upkeep
|
|t:|1757701620
|switch|p2b: LavaChicken|Talonflame, L50, M, shiny|100/100
|turn|3
|
|t:|1757701639
|switch|p1b: Rillaboom|Rillaboom, L50, F, shiny|100/100
|-fieldstart|move: Grassy Terrain|[from] ability: Grassy Surge|[of] p1b: Rillaboom
|move|p1a: Volcarona|Protect|p1a: Volcarona
|-singleturn|p1a: Volcarona|Protect
|move|p2b: LavaChicken|Tailwind|p2b: LavaChicken
|-sidestart|p2: aYeal|move: Tailwind
|move|p2a: Tauros|Aqua Jet|p1a: Volcarona
|-activate|p1a: Volcarona|move: Protect
|
|-weather|Snowscape|[upkeep]
|-heal|p2a: Tauros|82/100|[from] Grassy Terrain
|-heal|p1a: Volcarona|21/100|[from] Grassy Terrain
|upkeep
|turn|4
|inactive|aYeal has 30 seconds left.
|
|t:|1757701670
|switch|p1a: Electabuzz|Electabuzz, L50, M, shiny|100/100
|move|p2b: LavaChicken|Brave Bird|p1b: Rillaboom
|-supereffective|p1b: Rillaboom
|-damage|p1b: Rillaboom|14/100
|-damage|p2b: LavaChicken|62/100|[from] Recoil
|move|p2a: Tauros|Raging Bull|p1a: Electabuzz
|-damage|p1a: Electabuzz|68/100
|move|p1b: Rillaboom|Wood Hammer|p2a: Tauros
|-supereffective|p2a: Tauros
|-damage|p2a: Tauros|0 fnt
|faint|p2a: Tauros
|-damage|p1b: Rillaboom|0 fnt|[from] Recoil
|faint|p1b: Rillaboom
|
|-weather|Snowscape|[upkeep]
|-heal|p1a: Electabuzz|74/100|[from] Grassy Terrain
|upkeep
|
|t:|1757701683
|switch|p2a: Ms. Shark|Garchomp, L50, M, shiny|100/100
|switch|p1b: Volcarona|Volcarona, L50, F, shiny, tera:Fairy|21/100
|turn|5
|
|t:|1757701707
|move|p1b: Volcarona|Protect|p1b: Volcarona
|-singleturn|p1b: Volcarona|Protect
|move|p2b: LavaChicken|Taunt|p1a: Electabuzz
|-start|p1a: Electabuzz|move: Taunt
|move|p2a: Ms. Shark|Earthquake|p1b: Volcarona|[spread] p1a
|-activate|p1b: Volcarona|move: Protect
|-immune|p2b: LavaChicken
|-supereffective|p1a: Electabuzz
|-damage|p1a: Electabuzz|42/100
|move|p1a: Electabuzz|Thunderbolt|p2b: LavaChicken
|-supereffective|p2b: LavaChicken
|-damage|p2b: LavaChicken|0 fnt
|faint|p2b: LavaChicken
|
|-weather|none
|-heal|p1a: Electabuzz|48/100|[from] Grassy Terrain
|-heal|p1b: Volcarona|27/100|[from] Grassy Terrain
|upkeep
|turn|6
|
|t:|1757701723
|switch|p1b: Sneasler|Sneasler, L50, M, shiny|100/100
|move|p2a: Ms. Shark|Earthquake|p1b: Sneasler|[spread] p1a,p1b
|-supereffective|p1a: Electabuzz
|-supereffective|p1b: Sneasler
|-damage|p1a: Electabuzz|16/100
|-damage|p1b: Sneasler|35/100
|move|p1a: Electabuzz|Thunderbolt|p2a: Ms. Shark
|-immune|p2a: Ms. Shark
|
|-heal|p1b: Sneasler|41/100|[from] Grassy Terrain
|-heal|p1a: Electabuzz|22/100|[from] Grassy Terrain
|-sideend|p2: aYeal|move: Tailwind
|upkeep
|turn|7
|inactive|aYeal has 30 seconds left.
|
|t:|1757701749
|switch|p1a: Volcarona|Volcarona, L50, F, shiny, tera:Fairy|27/100
|move|p2a: Ms. Shark|Protect|p2a: Ms. Shark
|-singleturn|p2a: Ms. Shark|Protect
|move|p1b: Sneasler|Fake Out|p2a: Ms. Shark
|-activate|p2a: Ms. Shark|move: Protect
|
|-heal|p1b: Sneasler|47/100|[from] Grassy Terrain
|-heal|p1a: Volcarona|33/100|[from] Grassy Terrain
|-fieldend|move: Grassy Terrain
|upkeep
|turn|8
|
|t:|1757701768
|switch|p1b: Electabuzz|Electabuzz, L50, M, shiny|22/100
|move|p1a: Volcarona|Protect|p1a: Volcarona
|-singleturn|p1a: Volcarona|Protect
|move|p2a: Ms. Shark|Earthquake|p1a: Volcarona|[spread] p1b
|-activate|p1a: Volcarona|move: Protect
|-supereffective|p1b: Electabuzz
|-damage|p1b: Electabuzz|0 fnt
|faint|p1b: Electabuzz
|
|upkeep
|
|t:|1757701771
|switch|p1b: Sneasler|Sneasler, L50, M, shiny|47/100
|turn|9
|
|t:|1757701774
|move|p2a: Ms. Shark|Protect|p2a: Ms. Shark
|-singleturn|p2a: Ms. Shark|Protect
|move|p1b: Sneasler|Fake Out|p2a: Ms. Shark
|-activate|p2a: Ms. Shark|move: Protect
|move|p1a: Volcarona|Quiver Dance|p1a: Volcarona
|-boost|p1a: Volcarona|spa|1
|-boost|p1a: Volcarona|spd|1
|-boost|p1a: Volcarona|spe|1
|
|upkeep
|turn|10
|
|t:|1757701781
|-terastallize|p2a: Ms. Shark|Ground
|move|p1a: Volcarona|Tera Blast|p2a: Ms. Shark|[anim] Tera Blast Fairy
|-crit|p2a: Ms. Shark
|-damage|p2a: Ms. Shark|0 fnt
|faint|p2a: Ms. Shark
|
|win|endK649
||endK649 is ready for game 2.
|l|☆aYeal
|player|p2|
|inactive|aYeal has 30 seconds to confirm battle start!
|inactive|aYeal has 20 seconds to confirm battle start!
|inactive|aYeal has 10 seconds to confirm battle start!
||aYeal is ready for game 2.
|uhtml|next|Next: Game 2 of 3
