|j|☆toxicwofl
|j|☆llufamistica
|html|toxicwoflllufamistica    
|uhtml|bestof|Game 3 of a best-of-3
|t:|1756199677
|gametype|doubles
|player|p1|toxicwofl|cynthia|1028
|player|p2|llufamistica|dragontamer|1037
|gen|9
|tier|[Gen 9] VGC 2025 Reg H (Bo3)
|rated|
|rule|Species Clause: Limit one of each Pokémon
|rule|Item Clause: Limit 1 of each item
|clearpoke
|poke|p1|Volcarona, L50, F|
|poke|p1|Oricorio, L50, F|
|poke|p1|Amoonguss, L50, M|
|poke|p1|Pelipper, L50, M|
|poke|p1|Archaludon, L50, F|
|poke|p1|Ursaluna, L50, M|
|poke|p2|Murkrow, L50, M|
|poke|p2|Garchomp, L50, M|
|poke|p2|Toxtricity, L50, M|
|poke|p2|Zoroark-Hisui, L50, F|
|poke|p2|Indeedee-F, L50, F|
|poke|p2|Annihilape, L50, F|
|teampreview|4
|showteam|p1|Volcarona||Leftovers|FlameBody|QuiverDance,FieryDance,StruggleBug,Protect|||F|||50|,,,,,Grass]Oricorio||FocusSash|Dancer|RevelationDance,QuiverDance,BatonPass,Protect|||F|||50|,,,,,Ghost]Amoonguss||RockyHelmet|Regenerator|PollenPuff,Spore,RagePowder,GigaDrain|||M|||50|,,,,,Grass]Pelipper||CovertCloak|Drizzle|Hurricane,Tailwind,WeatherBall,Protect|||M|||50|,,,,,Water]Archaludon||AssaultVest|Stamina|BodyPress,ElectroShot,DragonPulse,HeavySlam|||F|||50|,,,,,Electric]Ursaluna||FlameOrb|Guts|HeadlongRush,Earthquake,Facade,Protect|||M|||50|,,,,,Ghost
|showteam|p2|Murkrow||Eviolite|Prankster|Tailwind,BraveBird,Quash,Haze|||M|||50|,,,,,Ghost]Garchomp||LifeOrb|RoughSkin|Earthquake,IronHead,RockSlide,Protect|||M|||50|,,,,,Steel]Toxtricity||ChoiceSpecs|PunkRock|Boomburst,Overdrive,VoltSwitch,SludgeBomb|||M|||50|,,,,,Normal]Zoroark-Hisui||FocusSash|Illusion|ShadowBall,Protect,HyperVoice,NastyPlot|||F|||50|,,,,,Stellar]Indeedee-F||SafetyGoggles|Synchronize|FollowMe,HelpingHand,FakeOut,ShadowBall|||F|||50|,,,,,Ghost]Annihilape||ChoiceScarf|Defiant|FinalGambit,HelpingHand,ShadowClaw,CloseCombat|||F|||50|,,,,,Grass
|inactive|Battle timer is ON: inactive players will automatically lose when time's up. (requested by llufamistica)
|inactive|toxicwofl has 60 seconds left.
|
|t:|1756199711
|teamsize|p1|4
|teamsize|p2|4
|start
|switch|p1a: Volcarona|Volcarona, L50, F, shiny|100/100
|switch|p1b: Oricorio|Oricorio, L50, F, shiny|100/100
|switch|p2a: Murkrow|Murkrow, L50, M, shiny|100/100
|switch|p2b: Annihilape|Annihilape, L50, F, shiny|100/100
|turn|1
|inactive|toxicwofl has 30 seconds left.
|inactive|llufamistica has 30 seconds left.
|inactive|toxicwofl has 20 seconds left.
|inactive|llufamistica has 20 seconds left.
|
|t:|1756199748
|-terastallize|p1b: Oricorio|Ghost
|move|p1a: Volcarona|Protect|p1a: Volcarona
|-singleturn|p1a: Volcarona|Protect
|move|p2a: Murkrow|Tailwind|p2a: Murkrow
|-sidestart|p2: llufamistica|move: Tailwind
|move|p2b: Annihilape|Final Gambit|p1a: Volcarona
|-activate|p1a: Volcarona|move: Protect
|move|p1b: Oricorio|Revelation Dance|p2a: Murkrow
|-resisted|p2a: Murkrow
|-damage|p2a: Murkrow|70/100
|
|upkeep
|turn|2
|inactive|toxicwofl has 30 seconds left.
|inactive|llufamistica has 30 seconds left.
|inactive|toxicwofl has 20 seconds left.
|
|t:|1756199785
|move|p2b: Annihilape|Final Gambit|p1a: Volcarona
|-damage|p1a: Volcarona|0 fnt
|faint|p2b: Annihilape
|faint|p1a: Volcarona
|move|p2a: Murkrow|Brave Bird|p1b: Oricorio
|-damage|p1b: Oricorio|41/100
|-damage|p2a: Murkrow|52/100|[from] Recoil
|move|p1b: Oricorio|Quiver Dance|p1b: Oricorio
|-boost|p1b: Oricorio|spa|1
|-boost|p1b: Oricorio|spd|1
|-boost|p1b: Oricorio|spe|1
|
|upkeep
|
|t:|1756199800
|switch|p2b: Garchomp|Garchomp, L50, M, shiny|100/100
|switch|p1a: Pelipper|Pelipper, L50, M|100/100
|-weather|RainDance|[from] ability: Drizzle|[of] p1a: Pelipper
|turn|3
|inactive|llufamistica has 30 seconds left.
|inactive|llufamistica has 20 seconds left.
|
|t:|1756199838
|move|p1b: Oricorio|Protect|p1b: Oricorio
|-singleturn|p1b: Oricorio|Protect
|move|p1a: Pelipper|Protect|p1a: Pelipper
|-singleturn|p1a: Pelipper|Protect
|move|p2b: Garchomp|Rock Slide|p1b: Oricorio|[spread] 
|-activate|p1a: Pelipper|move: Protect
|-activate|p1b: Oricorio|move: Protect
|move|p2a: Murkrow|Brave Bird|p1b: Oricorio
|-activate|p1b: Oricorio|move: Protect
|
|-weather|RainDance|[upkeep]
|upkeep
|turn|4
|inactive|toxicwofl has 30 seconds left.
|
|t:|1756199868
|switch|p1a: Archaludon|Archaludon, L50, F, shiny|100/100
|move|p2b: Garchomp|Rock Slide|p1b: Oricorio|[spread] p1a,p1b
|-resisted|p1a: Archaludon
|-damage|p1a: Archaludon|91/100
|-damage|p1b: Oricorio|0 fnt
|-ability|p1a: Archaludon|Stamina|boost
|-boost|p1a: Archaludon|def|1
|faint|p1b: Oricorio
|-damage|p2b: Garchomp|91/100|[from] item: Life Orb
|move|p2a: Murkrow|Brave Bird|p1a: Archaludon
|-resisted|p1a: Archaludon
|-damage|p1a: Archaludon|83/100
|-ability|p1a: Archaludon|Stamina|boost
|-boost|p1a: Archaludon|def|1
|-damage|p2a: Murkrow|49/100|[from] Recoil
|
|-weather|RainDance|[upkeep]
|-sideend|p2: llufamistica|move: Tailwind
|upkeep
|
|t:|1756199883
|switch|p1b: Pelipper|Pelipper, L50, M|100/100
|turn|5
|
|t:|1756199902
|move|p2a: Murkrow|Haze|p2a: Murkrow
|-clearallboost
|move|p2b: Garchomp|Earthquake|p1b: Pelipper|[spread] p1a
|-immune|p2a: Murkrow
|-immune|p1b: Pelipper
|-supereffective|p1a: Archaludon
|-damage|p1a: Archaludon|6/100
|-ability|p1a: Archaludon|Stamina|boost
|-boost|p1a: Archaludon|def|1
|-damage|p2b: Garchomp|81/100|[from] item: Life Orb
|move|p1b: Pelipper|Tailwind|p1b: Pelipper
|-sidestart|p1: toxicwofl|move: Tailwind
|move|p1a: Archaludon|Dragon Pulse|p2b: Garchomp
|-supereffective|p2b: Garchomp
|-damage|p2b: Garchomp|0 fnt
|faint|p2b: Garchomp
|
|-weather|RainDance|[upkeep]
|upkeep
|
|t:|1756199920
|switch|p2b: Toxtricity|Toxtricity, L50, M, shiny|100/100
|turn|6
|inactive|toxicwofl has 30 seconds left.
|inactive|llufamistica has 30 seconds left.
|inactive|toxicwofl has 20 seconds left.
|inactive|llufamistica has 20 seconds left.
|inactive|llufamistica has 15 seconds left.
|inactive|llufamistica has 10 seconds left.
|
|t:|1756199966
|-terastallize|p2b: Toxtricity|Normal
|move|p2a: Murkrow|Tailwind|p2a: Murkrow
|-sidestart|p2: llufamistica|move: Tailwind
|move|p2b: Toxtricity|Boomburst|p1b: Pelipper|[spread] p2a,p1a,p1b
|-resisted|p1a: Archaludon
|-damage|p2a: Murkrow|0 fnt
|-damage|p1a: Archaludon|0 fnt
|-damage|p1b: Pelipper|0 fnt
|faint|p2a: Murkrow
|faint|p1a: Archaludon
|faint|p1b: Pelipper
|
|win|llufamistica
|raw|toxicwofl's rating: 1028 → 1014(-14 for losing)
|raw|llufamistica's rating: 1037 → 1071(+34 for winning)
|l|☆toxicwofl
|player|p1|
