|j|☆ShdaowForece
|j|☆Beeetch
|html|ShdaowForeceBeeetch    
|uhtml|bestof|Game 3 of a best-of-3
|t:|1756927079
|gametype|doubles
|player|p1|ShdaowForece|lucas|1149
|player|p2|Beeetch|beauty-gen4dp|1291
|gen|9
|tier|[Gen 9] VGC 2025 Reg H (Bo3)
|rated|
|rule|Species Clause: Limit one of each Pokémon
|rule|Item Clause: Limit 1 of each item
|clearpoke
|poke|p1|Kingambit, L50, F|
|poke|p1|Volcarona, L50, M|
|poke|p1|Sneasler, L50, F|
|poke|p1|Dragonite, L50, M|
|poke|p1|Incineroar, L50, F|
|poke|p1|Indeedee, L50, M|
|poke|p2|Excadrill, L50, F|
|poke|p2|Tyranitar, L50, F|
|poke|p2|Sneasler, L50, F|
|poke|p2|Indeedee, L50, M|
|poke|p2|Corviknight, L50, F|
|poke|p2|Annihilape, L50, M|
|teampreview|4
|showteam|p1|Kingambit||SafetyGoggles|Defiant|KowtowCleave,SwordsDance,SuckerPunch,Protect|||F|||50|,,,,,Dark]Volcarona||Leftovers|FlameBody|HeatWave,TeraBlast,QuiverDance,Protect|||M|||50|,,,,,Fairy]Sneasler||PsychicSeed|Unburden|CloseCombat,DireClaw,ThroatChop,Coaching|||F|||50|,,,,,Dark]Dragonite||LoadedDice|Multiscale|ScaleShot,Tailwind,Haze,Protect|||M|||50|,,,,,Fairy]Incineroar||AssaultVest|Intimidate|FlareBlitz,KnockOff,FakeOut,Uturn|||F|||50|,,,,,Grass]Indeedee||ChoiceScarf|PsychicSurge|ExpandingForce,TeraBlast,Trick,Protect|||M|||50|,,,,,Psychic
|showteam|p2|Excadrill||FocusSash|SandRush|IronHead,HighHorsepower,Earthquake,Protect|||F|||50|,,,,,Stellar]Tyranitar||AssaultVest|SandStream|RockSlide,KnockOff,TeraBlast,LowKick|||F|||50|,,,,,Flying]Sneasler||PsychicSeed|Unburden|DireClaw,CloseCombat,ThroatChop,Protect|||F|||50|,,,,,Dark]Indeedee||ChoiceScarf|PsychicSurge|ExpandingForce,TeraBlast,Protect,Trick|||M|||50|,,,,,Psychic]Corviknight||Leftovers|MirrorArmor|BraveBird,BulkUp,Roost,Tailwind|||F|||50|,,,,,Dragon]Annihilape||SafetyGoggles|Defiant|CloseCombat,FinalGambit,RageFist,Taunt|||M|||50|,,,,,Water
|
|t:|1756927108
|teamsize|p1|4
|teamsize|p2|4
|start
|switch|p1a: Sneasler|Sneasler, L50, F|100/100
|switch|p1b: Indeedee|Indeedee, L50, M|100/100
|switch|p2a: Excadrill|Excadrill, L50, F, shiny|100/100
|switch|p2b: Corviknight|Corviknight, L50, F|100/100
|-fieldstart|move: Psychic Terrain|[from] ability: Psychic Surge|[of] p1b: Indeedee
|-enditem|p1a: Sneasler|Psychic Seed
|-boost|p1a: Sneasler|spd|1|[from] item: Psychic Seed
|turn|1
|
|t:|1756927180
|switch|p2b: Tyranitar|Tyranitar, L50, F, shiny|100/100
|-weather|Sandstorm|[from] ability: Sand Stream|[of] p2b: Tyranitar
|move|p2a: Excadrill|Protect|p2a: Excadrill
|-singleturn|p2a: Excadrill|Protect
|move|p1a: Sneasler|Close Combat|p2a: Excadrill
|-activate|p2a: Excadrill|move: Protect
|move|p1b: Indeedee|Expanding Force|p2b: Tyranitar|[spread] 
|-activate|p2a: Excadrill|move: Protect
|-immune|p2b: Tyranitar
|
|-weather|Sandstorm|[upkeep]
|-damage|p1a: Sneasler|95/100|[from] Sandstorm
|-damage|p1b: Indeedee|95/100|[from] Sandstorm
|upkeep
|turn|2
|
|t:|1756927235
|switch|p1b: Incineroar|Incineroar, L50, F|100/100
|-ability|p1b: Incineroar|Intimidate|boost
|-unboost|p2a: Excadrill|atk|1
|-unboost|p2b: Tyranitar|atk|1
|switch|p2b: Corviknight|Corviknight, L50, F|100/100
|-terastallize|p2a: Excadrill|Stellar
|move|p1a: Sneasler|Close Combat|p2b: Corviknight
|-damage|p2b: Corviknight|41/100
|-unboost|p1a: Sneasler|def|1
|-unboost|p1a: Sneasler|spd|1
|move|p2a: Excadrill|Earthquake|p1a: Sneasler|[spread] p1a,p1b
|-immune|p2b: Corviknight
|-supereffective|p1a: Sneasler
|-supereffective|p1b: Incineroar
|-damage|p1a: Sneasler|0 fnt
|-damage|p1b: Incineroar|43/100
|faint|p1a: Sneasler
|
|-weather|Sandstorm|[upkeep]
|-damage|p1b: Incineroar|37/100|[from] Sandstorm
|-heal|p2b: Corviknight|47/100|[from] item: Leftovers
|upkeep
|
|t:|1756927249
|switch|p1a: Volcarona|Volcarona, L50, M, shiny|100/100
|turn|3
|
|t:|1756927268
|move|p1b: Incineroar|Fake Out|p2b: Corviknight
|-hint|Psychic Terrain doesn't affect Pokémon immune to Ground.
|-resisted|p2b: Corviknight
|-damage|p2b: Corviknight|42/100
|move|p2a: Excadrill|Earthquake|p1a: Volcarona|[spread] p1a,p1b
|-immune|p2b: Corviknight
|-supereffective|p1b: Incineroar
|-crit|p1b: Incineroar
|-damage|p1a: Volcarona|72/100
|-damage|p1b: Incineroar|0 fnt
|faint|p1b: Incineroar
|move|p1a: Volcarona|Quiver Dance|p1a: Volcarona
|-boost|p1a: Volcarona|spa|1
|-boost|p1a: Volcarona|spd|1
|-boost|p1a: Volcarona|spe|1
|cant|p2b: Corviknight|flinch
|
|-weather|Sandstorm|[upkeep]
|-damage|p1a: Volcarona|66/100|[from] Sandstorm
|-heal|p1a: Volcarona|72/100|[from] item: Leftovers
|-heal|p2b: Corviknight|48/100|[from] item: Leftovers
|upkeep
|
|t:|1756927284
|switch|p1b: Indeedee|Indeedee, L50, M|95/100
|turn|4
|
|t:|1756927299
|move|p2a: Excadrill|High Horsepower|p1a: Volcarona
|-damage|p1a: Volcarona|32/100
|move|p1b: Indeedee|Expanding Force|p2a: Excadrill|[spread] p2a,p2b
|-resisted|p2a: Excadrill
|-resisted|p2b: Corviknight
|-damage|p2a: Excadrill|63/100
|-damage|p2b: Corviknight|25/100
|move|p1a: Volcarona|Heat Wave|p2a: Excadrill|[spread] p2a,p2b
|-supereffective|p2a: Excadrill
|-supereffective|p2b: Corviknight
|-damage|p2a: Excadrill|0 fnt
|-damage|p2b: Corviknight|0 fnt
|faint|p2a: Excadrill
|faint|p2b: Corviknight
|
|-weather|Sandstorm|[upkeep]
|-damage|p1b: Indeedee|89/100|[from] Sandstorm
|-damage|p1a: Volcarona|26/100|[from] Sandstorm
|-heal|p1a: Volcarona|32/100|[from] item: Leftovers
|upkeep
|
|t:|1756927310
|switch|p2a: Tyranitar|Tyranitar, L50, F, shiny|100/100
|switch|p2b: Sneasler|Sneasler, L50, F, shiny|100/100
|-enditem|p2b: Sneasler|Psychic Seed
|-boost|p2b: Sneasler|spd|1|[from] item: Psychic Seed
|turn|5
|
|t:|1756927369
|-terastallize|p1a: Volcarona|Fairy
|move|p2b: Sneasler|Protect|p2b: Sneasler
|-singleturn|p2b: Sneasler|Protect
|move|p1b: Indeedee|Expanding Force|p2a: Tyranitar|[spread] 
|-activate|p2b: Sneasler|move: Protect
|-immune|p2a: Tyranitar
|move|p1a: Volcarona|Tera Blast|p2a: Tyranitar|[anim] Tera Blast Fairy
|-supereffective|p2a: Tyranitar
|-damage|p2a: Tyranitar|50/100
|move|p2a: Tyranitar|Rock Slide|p1a: Volcarona|[spread] p1a,p1b
|-damage|p1a: Volcarona|0 fnt
|-damage|p1b: Indeedee|23/100
|faint|p1a: Volcarona
|
|-weather|none
|-fieldend|move: Psychic Terrain
|upkeep
|turn|6
|-message|ShdaowForece forfeited.
|
|win|Beeetch
|raw|ShdaowForece's rating: 1149 → 1134(-15 for losing)
|raw|Beeetch's rating: 1291 → 1306(+15 for winning)
|l|☆ShdaowForece
|player|p1|
