|j|☆Fairy Juice Jay
|j|☆Chatter Mane
|html|Fairy Juice JayChatter Mane    
|uhtml|bestof|Game 1 of a best-of-3
|t:|1783647264
|gametype|doubles
|player|p1|Fairy Juice Jay|burgh-masters|
|player|p2|Chatter Mane|lucas|
|gen|9
|tier|[Gen 9 Champions] VGC 2026 Reg M-B (Bo3)
|rule|Species Clause: Limit one of each Pokémon
|rule|Item Clause: Limit 1 of each item
|clearpoke
|poke|p1|Tinkaton, L50, F|
|poke|p1|Volcarona, L50, F|
|poke|p1|Tyranitar, L50, F|
|poke|p1|Venusaur, L50, M|
|poke|p1|Rotom-Wash, L50|
|poke|p1|Annihilape, L50, M|
|poke|p2|Gengar, L50, M, shiny|
|poke|p2|Scizor, L50, M, shiny|
|poke|p2|Scrafty, L50, F, shiny|
|poke|p2|Arcanine, L50, F, shiny|
|poke|p2|Palafin, L50, F, shiny|
|poke|p2|Meowscarada, L50, F, shiny|
|teampreview|4
|showteam|p1|Tinkaton||MetalCoat|OwnTempo|FakeOut,PlayRough,GigatonHammer,Protect|Jolly||F|||50|]Volcarona||PasshoBerry|FlameBody|StruggleBug,Overheat,RagePowder,Protect|Bold||F|||50|]Tyranitar||Tyranitarite|SandStream|RockSlide,KnockOff,DragonDance,Protect|Adamant||F|||50|]Venusaur||Venusaurite|Chlorophyll|GigaDrain,SludgeBomb,LeechSeed,Protect|Calm||M|||50|]Rotom-Wash||SitrusBerry|Levitate|Thunderbolt,HydroPump,WillOWisp,Protect|Modest|||||50|]Annihilape||ChoiceScarf|Defiant|CloseCombat,ShadowClaw,Coaching,Uturn|Adamant||M|||50|
|showteam|p2|Gengar||Gengarite|CursedBody|ShadowBall,Substitute,PerishSong,Protect|Modest||M|||50|]Scizor||Scizorite|Technician|BulletPunch,Assurance,SwordsDance,Protect|Adamant||M|||50|]Scrafty||SitrusBerry|Intimidate|KnockOff,CloseCombat,FakeOut,Detect|Sassy||F|||50|]Arcanine||Charcoal|Intimidate|FlareBlitz,ExtremeSpeed,Snarl,Protect|Jolly||F|||50|]Palafin||MysticWater|ZerotoHero|WaveCrash,JetPunch,FlipTurn,Protect|Adamant||F|||50|]Meowscarada||ChoiceScarf|Protean|FlowerTrick,TripleAxel,Uturn,Protect|Adamant||F|||50|
|inactive|Battle timer is ON: inactive players will automatically lose when time's up. (requested by Fairy Juice Jay)
|j| jhcdeacd
|c|☆Fairy Juice Jay|GLHF
|c|☆Chatter Mane|glhf
|inactive|Fairy Juice Jay has 60 seconds left.
|inactive|Chatter Mane has 60 seconds left.
|c| jhcdeacd|gl peeps. I'm watching from the sidelines
|
|t:|1783647314
|teamsize|p1|4
|teamsize|p2|4
|start
|switch|p1a: Bernadetta|Tinkaton, L50, F|100/100
|switch|p1b: Zippy|Rotom-Wash, L50|100/100
|switch|p2a: Meowscarada|Meowscarada, L50, F, shiny|100/100
|switch|p2b: Gengar|Gengar, L50, M, shiny|100/100
|turn|1
|c|☆Fairy Juice Jay|Scarf Protect?
|
|t:|1783647333
|switch|p1b: Ameratsu|Volcarona, L50, F|100/100
|detailschange|p2b: Gengar|Gengar-Mega, L50, M, shiny
|-mega|p2b: Gengar|Gengar|Gengarite
|move|p2a: Meowscarada|Flower Trick|p1b: Ameratsu
|-start|p2a: Meowscarada|typechange|Grass|[from] ability: Protean
|-resisted|p1b: Ameratsu|2
|-crit|p1b: Ameratsu
|-damage|p1b: Ameratsu|89/100
|move|p2b: Gengar|Substitute|p2b: Gengar
|-start|p2b: Gengar|Substitute
|-damage|p2b: Gengar|75/100
|move|p1a: Bernadetta|Gigaton Hammer|p2b: Gengar
|-end|p2b: Gengar|Substitute
|
|upkeep
|turn|2
|
|t:|1783647351
|switch|p2a: Arcanine|Arcanine, L50, F, shiny|100/100
|-ability|p2a: Arcanine|Intimidate|boost
|-fail|p1a: Bernadetta|unboost|Attack|[from] ability: Own Tempo|[of] p1a: Bernadetta
|-unboost|p1b: Ameratsu|atk|1
|move|p2b: Gengar|Protect|p2b: Gengar
|-singleturn|p2b: Gengar|Protect
|move|p1a: Bernadetta|Play Rough|p2a: Arcanine
|-resisted|p2a: Arcanine|1
|-damage|p2a: Arcanine|78/100
|move|p1b: Ameratsu|Struggle Bug|p2a: Arcanine|[spread] p2a
|-activate|p2b: Gengar|move: Protect
|-resisted|p2a: Arcanine|1
|-damage|p2a: Arcanine|67/100
|-unboost|p2a: Arcanine|spa|1
|
|upkeep
|turn|3
|
|t:|1783647369
|move|p2b: Gengar|Substitute|p2b: Gengar
|-start|p2b: Gengar|Substitute
|-damage|p2b: Gengar|50/100g
|move|p2a: Arcanine|Flare Blitz|p1b: Ameratsu
|-damage|p1b: Ameratsu|28/100
|-damage|p2a: Arcanine|44/100|[from] Recoil
|move|p1a: Bernadetta|Gigaton Hammer|p2b: Gengar
|-end|p2b: Gengar|Substitute
|move|p1b: Ameratsu|Overheat|p2b: Gengar
|-damage|p2b: Gengar|0 fnt
|-unboost|p1b: Ameratsu|spa|2
|faint|p2b: Gengar
|
|upkeep
|
|t:|1783647378
|switch|p2b: Scrafty|Scrafty, L50, F, shiny|100/100
|-ability|p2b: Scrafty|Intimidate|boost
|-fail|p1a: Bernadetta|unboost|Attack|[from] ability: Own Tempo|[of] p1a: Bernadetta
|-unboost|p1b: Ameratsu|atk|1
|turn|4
|inactive|Chatter Mane has 30 seconds left.
|inactive|Chatter Mane has 20 seconds left.
|
|t:|1783647414
|move|p1a: Bernadetta|Protect|p1a: Bernadetta
|-singleturn|p1a: Bernadetta|Protect
|move|p2a: Arcanine|Flare Blitz|p1a: Bernadetta
|-activate|p1a: Bernadetta|move: Protect
|move|p1b: Ameratsu|Overheat|p2b: Scrafty
|-damage|p2b: Scrafty|77/100
|-unboost|p1b: Ameratsu|spa|2
|move|p2b: Scrafty|Knock Off|p1b: Ameratsu
|-damage|p1b: Ameratsu|0 fnt
|-enditem|p1b: Ameratsu|Passho Berry|[from] move: Knock Off|[of] p2b: Scrafty
|faint|p1b: Ameratsu
|
|upkeep
|
|t:|1783647423
|switch|p1b: Petal|Venusaur, L50, M|100/100
|turn|5
|
|t:|1783647437
|switch|p1a: Zippy|Rotom-Wash, L50|100/100
|switch|p2b: Meowscarada|Meowscarada, L50, F, shiny|100/100
|detailschange|p1b: Petal|Venusaur-Mega, L50, M
|-mega|p1b: Petal|Venusaur|Venusaurite
|move|p2a: Arcanine|Flare Blitz|p1a: Zippy
|-resisted|p1a: Zippy|1
|-damage|p1a: Zippy|71/100
|-damage|p2a: Arcanine|35/100|[from] Recoil
|move|p1b: Petal|Leech Seed|p2b: Meowscarada
|-immune|p2b: Meowscarada
|
|upkeep
|turn|6
|
|t:|1783647450
|move|p1a: Zippy|Protect|p1a: Zippy
|-singleturn|p1a: Zippy|Protect
|move|p2b: Meowscarada|Triple Axel|p1b: Petal
|-start|p2b: Meowscarada|typechange|Ice|[from] ability: Protean
|-supereffective|p1b: Petal|1
|-damage|p1b: Petal|90/100
|-supereffective|p1b: Petal|1
|-damage|p1b: Petal|73/100
|-supereffective|p1b: Petal|1
|-damage|p1b: Petal|47/100
|-hitcount|p1b: Petal|3
|move|p2a: Arcanine|Flare Blitz|p1b: Petal
|-supereffective|p1b: Petal|1
|-damage|p1b: Petal|0 fnt
|faint|p1b: Petal
|-damage|p2a: Arcanine|17/100|[from] Recoil
|
|upkeep
|
|t:|1783647457
|switch|p1b: Bernadetta|Tinkaton, L50, F|100/100
|turn|7
|
|t:|1783647470
|switch|p2b: Scrafty|Scrafty, L50, F, shiny|77/100
|-ability|p2b: Scrafty|Intimidate|boost
|-unboost|p1a: Zippy|atk|1
|-fail|p1b: Bernadetta|unboost|Attack|[from] ability: Own Tempo|[of] p1b: Bernadetta
|move|p2a: Arcanine|Protect|p2a: Arcanine
|-singleturn|p2a: Arcanine|Protect
|move|p1b: Bernadetta|Fake Out|p2a: Arcanine
|-activate|p2a: Arcanine|move: Protect
|move|p1a: Zippy|Thunderbolt|p2a: Arcanine
|-activate|p2a: Arcanine|move: Protect
|
|upkeep
|turn|8
|
|t:|1783647486
|move|p1b: Bernadetta|Protect|p1b: Bernadetta
|-singleturn|p1b: Bernadetta|Protect
|move|p2b: Scrafty|Fake Out|p1a: Zippy
|-damage|p1a: Zippy|63/100
|move|p2a: Arcanine|Flare Blitz|p1b: Bernadetta
|-activate|p1b: Bernadetta|move: Protect
|cant|p1a: Zippy|flinch
|
|upkeep
|turn|9
|
|t:|1783647496
|move|p2a: Arcanine|Flare Blitz|p1b: Bernadetta
|-supereffective|p1b: Bernadetta|1
|-damage|p1b: Bernadetta|0 fnt
|faint|p1b: Bernadetta
|-damage|p2a: Arcanine|0 fnt|[from] Recoil
|faint|p2a: Arcanine
|move|p1a: Zippy|Will-O-Wisp|p2b: Scrafty|[miss]
|-miss|p1a: Zippy|p2b: Scrafty
|move|p2b: Scrafty|Close Combat|p1a: Zippy
|-damage|p1a: Zippy|24/100
|-unboost|p2b: Scrafty|def|1
|-unboost|p2b: Scrafty|spd|1
|-enditem|p1a: Zippy|Sitrus Berry|[eat]
|-heal|p1a: Zippy|49/100|[from] item: Sitrus Berry
|
|upkeep
|
|t:|1783647499
|switch|p2a: Meowscarada|Meowscarada, L50, F, shiny|100/100
|turn|10
|-message|Fairy Juice Jay forfeited.
|
|win|Chatter Mane
||Fairy Juice Jay is ready for game 2.
||Chatter Mane is ready for game 2.
|uhtml|next|Next: Game 2 of 3
|l| jhcdeacd
|l|☆Fairy Juice Jay
|player|p1|
