|j|☆pashmak
|j|☆randomguy1114s
|html|pashmakrandomguy1114s    
|uhtml|bestof|Game 1 of a best-of-3
|t:|1756250268
|gametype|doubles
|player|p1|pashmak|waiter|1188
|player|p2|randomguy1114s|lillie-masters|1136
|gen|9
|tier|[Gen 9] VGC 2025 Reg H (Bo3)
|rated|
|rule|Species Clause: Limit one of each Pokémon
|rule|Item Clause: Limit 1 of each item
|clearpoke
|poke|p1|Sneasler, L50, M|
|poke|p1|Dragapult, L50, M|
|poke|p1|Primarina, L50, F|
|poke|p1|Rillaboom, L50, M|
|poke|p1|Kingambit, L50, F|
|poke|p1|Magmar, L50, F|
|poke|p2|Volcarona, L50, F|
|poke|p2|Rillaboom, L50, M|
|poke|p2|Incineroar, L50, M|
|poke|p2|Clefairy, L50, F|
|poke|p2|Gholdengo, L50|
|poke|p2|Dragonite, L50, M|
|teampreview|4
|showteam|p1|Sneasler||FocusSash|PoisonTouch|CloseCombat,DireClaw,FakeOut,Protect|||M|||50|,,,,,Stellar]Dragapult||ChoiceBand|ClearBody|DragonDarts,TeraBlast,PhantomForce,Uturn|||M|||50|,,,,,Ghost]Primarina||SitrusBerry|LiquidVoice|HyperVoice,Moonblast,Haze,Protect|||F|||50|,,,,,Water]Rillaboom||AssaultVest|GrassySurge|WoodHammer,GrassyGlide,HighHorsepower,FakeOut|||M|||50|,,,,,Fire]Kingambit||BlackGlasses|Defiant|KowtowCleave,SuckerPunch,SwordsDance,Protect|||F|||50|,,,,,Ghost]Magmar||Eviolite|VitalSpirit|Overheat,WillOWisp,FollowMe,Protect|||F|||50|,,,,,Ghost
|showteam|p2|Volcarona||GrassySeed|FlameBody|QuiverDance,FieryDance,GigaDrain,Protect|||F|||50|,,,,,Grass]Rillaboom||AssaultVest|GrassySurge|FakeOut,GrassyGlide,WoodHammer,Uturn|||M|||50|,,,,,Fire]Incineroar||SafetyGoggles|Intimidate|FlareBlitz,KnockOff,FakeOut,PartingShot|||M|||50|,,,,,Ghost]Clefairy||Eviolite|FriendGuard|FollowMe,LifeDew,HelpingHand,Protect|||F|||50|,,,,,Water]Gholdengo||LifeOrb|GoodasGold|NastyPlot,MakeItRain,ShadowBall,Protect||||||50|,,,,,Dragon]Dragonite||LoadedDice|InnerFocus|ScaleShot,RockSlide,Tailwind,Protect|||M|||50|,,,,,Rock
|
|t:|1756250341
|teamsize|p1|4
|teamsize|p2|4
|start
|switch|p1a: Primarina|Primarina, L50, F|100/100
|switch|p1b: Dragapult|Dragapult, L50, M|100/100
|switch|p2a: boom|Dragonite, L50, M, shiny|100/100
|switch|p2b: monkeh|Rillaboom, L50, M, shiny|100/100
|-fieldstart|move: Grassy Terrain|[from] ability: Grassy Surge|[of] p2b: monkeh
|turn|1
|
|t:|1756250372
|-terastallize|p2a: boom|Rock
|move|p1a: Primarina|Protect|p1a: Primarina
|-singleturn|p1a: Primarina|Protect
|move|p1b: Dragapult|U-turn|p2b: monkeh
|-supereffective|p2b: monkeh
|-damage|p2b: monkeh|30/100
|inactive|Battle timer is ON: inactive players will automatically lose when time's up. (requested by randomguy1114s)
|
|t:|1756250377
|switch|p1b: Magmar|Magmar, L50, F|100/100|[from] U-turn
|move|p2a: boom|Scale Shot|p1b: Magmar
|-damage|p1b: Magmar|88/100
|-damage|p1b: Magmar|75/100
|-damage|p1b: Magmar|62/100
|-damage|p1b: Magmar|50/100
|-hitcount|p1b: Magmar|4
|-unboost|p2a: boom|def|1
|-boost|p2a: boom|spe|1
|move|p2b: monkeh|Wood Hammer|p1a: Primarina
|-activate|p1a: Primarina|move: Protect
|
|-heal|p2b: monkeh|36/100|[from] Grassy Terrain
|-heal|p1b: Magmar|56/100|[from] Grassy Terrain
|upkeep
|turn|2
|inactive|pashmak has 30 seconds left.
|inactive|pashmak has 20 seconds left.
|
|t:|1756250412
|-terastallize|p1b: Magmar|Ghost
|move|p1b: Magmar|Follow Me|p1b: Magmar
|-singleturn|p1b: Magmar|move: Follow Me
|move|p2a: boom|Rock Slide|p1a: Primarina|[spread] p1a,p1b
|-damage|p1a: Primarina|70/100
|-damage|p1b: Magmar|28/100
|move|p2b: monkeh|Wood Hammer|p1b: Magmar
|-damage|p1b: Magmar|0 fnt
|faint|p1b: Magmar
|-damage|p2b: monkeh|27/100|[from] Recoil
|move|p1a: Primarina|Hyper Voice|p2a: boom|[spread] p2a,p2b
|-supereffective|p2a: boom
|-resisted|p2b: monkeh
|-damage|p2a: boom|38/100
|-damage|p2b: monkeh|17/100
|
|-heal|p2a: boom|44/100|[from] Grassy Terrain
|-heal|p2b: monkeh|22/100|[from] Grassy Terrain
|-heal|p1a: Primarina|75/100|[from] Grassy Terrain
|upkeep
|inactive|pashmak has 30 seconds left.
|inactive|pashmak has 20 seconds left.
|inactive|pashmak has 15 seconds left.
|inactive|pashmak has 10 seconds left.
|inactive|pashmak has 5 seconds left.
|
|t:|1756250465
|switch|p1b: Dragapult|Dragapult, L50, M|100/100
|turn|3
|
|t:|1756250483
|switch|p1a: Sneasler|Sneasler, L50, M|100/100
|move|p2a: boom|Protect|p2a: boom
|-singleturn|p2a: boom|Protect
|move|p2b: monkeh|Grassy Glide|p1a: Sneasler
|-resisted|p1a: Sneasler
|-damage|p1a: Sneasler|68/100
|move|p1b: Dragapult|Dragon Darts|p2b: monkeh
|-damage|p2b: monkeh|0 fnt
|faint|p2b: monkeh
|
|-heal|p1a: Sneasler|74/100|[from] Grassy Terrain
|-heal|p2a: boom|50/100|[from] Grassy Terrain
|upkeep
|
|t:|1756250487
|switch|p2b: best helper|Clefairy, L50, F, shiny|100/100
|turn|4
|
|t:|1756250498
|move|p1a: Sneasler|Fake Out|p2b: best helper
|-damage|p2b: best helper|89/100
|cant|p2b: best helper|flinch
|move|p1b: Dragapult|Dragon Darts|p2a: boom
|-damage|p2a: boom|3/100
|-anim|p1b: Dragapult|Dragon Darts|p2a: boom
|-damage|p2a: boom|0 fnt
|faint|p2a: boom
|
|-heal|p1a: Sneasler|80/100|[from] Grassy Terrain
|-heal|p2b: best helper|95/100|[from] Grassy Terrain
|upkeep
|
|t:|1756250509
|switch|p2a: godmode|Volcarona, L50, F, shiny|100/100
|-enditem|p2a: godmode|Grassy Seed
|-boost|p2a: godmode|def|1|[from] item: Grassy Seed
|turn|5
|
|t:|1756250531
|switch|p1b: Primarina|Primarina, L50, F|75/100
|move|p2b: best helper|Follow Me|p2b: best helper
|-singleturn|p2b: best helper|move: Follow Me
|move|p1a: Sneasler|Dire Claw|p2b: best helper
|-supereffective|p2b: best helper
|-damage|p2b: best helper|22/100
|-status|p2b: best helper|slp
|move|p2a: godmode|Fiery Dance|p1a: Sneasler
|-damage|p1a: Sneasler|23/100
|
|-heal|p1a: Sneasler|29/100|[from] Grassy Terrain
|-heal|p1b: Primarina|81/100|[from] Grassy Terrain
|-heal|p2b: best helper|29/100 slp|[from] Grassy Terrain
|-fieldend|move: Grassy Terrain
|upkeep
|turn|6
|
|t:|1756250546
|cant|p2b: best helper|slp
|move|p1a: Sneasler|Dire Claw|p2a: godmode
|-damage|p2a: godmode|72/100
|-status|p2a: godmode|par
|move|p1b: Primarina|Hyper Voice|p2b: best helper|[spread] p2a,p2b
|-supereffective|p2a: godmode
|-damage|p2a: godmode|31/100 par
|-damage|p2b: best helper|2/100 slp
|move|p2a: godmode|Giga Drain|p1b: Primarina
|-supereffective|p1b: Primarina
|-damage|p1b: Primarina|36/100
|-heal|p2a: godmode|56/100 par|[from] drain|[of] p1b: Primarina
|-enditem|p1b: Primarina|Sitrus Berry|[eat]
|-heal|p1b: Primarina|61/100|[from] item: Sitrus Berry
|
|upkeep
|turn|7
|
|t:|1756250560
|-curestatus|p2b: best helper|slp|[msg]
|move|p2b: best helper|Follow Me|p2b: best helper
|-singleturn|p2b: best helper|move: Follow Me
|move|p1a: Sneasler|Dire Claw|p2b: best helper
|-supereffective|p2b: best helper
|-damage|p2b: best helper|0 fnt
|faint|p2b: best helper
|move|p1b: Primarina|Hyper Voice|p2a: godmode
|-supereffective|p2a: godmode
|-damage|p2a: godmode|0 fnt
|faint|p2a: godmode
|
|win|pashmak
||pashmak is ready for game 2.
