|j|☆MoistHex11
|j|☆Sephi's Hairbrush
|html|MoistHex11Sephi's Hairbrush    
|uhtml|bestof|Game 2 of a best-of-3
|t:|1785451043
|gametype|doubles
|player|p1|MoistHex11|waiter-gen4dp|1076
|player|p2|Sephi's Hairbrush|cynthia-gen4|1000
|gen|9
|tier|[Gen 9 Champions] VGC 2026 Reg M-B (Bo3)
|rated|
|rule|Species Clause: Limit one of each Pokémon
|rule|Item Clause: Limit 1 of each item
|clearpoke
|poke|p1|Floette-Eternal, L50, F|
|poke|p1|Talonflame, L50, M|
|poke|p1|Garchomp, L50, F|
|poke|p1|Sneasler, L50, M|
|poke|p1|Basculegion, L50, M|
|poke|p1|Kingambit, L50, F|
|poke|p2|Grimmsnarl, L50, M, shiny|
|poke|p2|Swampert, L50, M|
|poke|p2|Pelipper, L50, M|
|poke|p2|Archaludon, L50, M|
|poke|p2|Sinistcha, L50|
|poke|p2|Metagross, L50|
|teampreview|4
|showteam|p1|Floette-Eternal||Floettite|FlowerVeil|DazzlingGleam,Moonblast,Protect,CalmMind|Modest||F|||50|]Talonflame||FocusSash|GaleWings|Tailwind,BraveBird,Protect,FlareBlitz|Adamant||M|||50|]Garchomp||LifeOrb|RoughSkin|Earthquake,DragonClaw,Protect,RockSlide|Jolly||F|||50|]Sneasler||WhiteHerb|Unburden|CloseCombat,DireClaw,Protect,FakeOut|Adamant||M|||50|]Basculegion||ChoiceScarf|Adaptability|WaveCrash,LastRespects,AquaJet,IceFang|Jolly||M|||50|]Kingambit||BlackGlasses|Defiant|SuckerPunch,KowtowCleave,Protect,IronHead|Brave||F|||50|
|showteam|p2|Grimmsnarl||LightClay|Prankster|FoulPlay,PartingShot,Reflect,LightScreen|Calm||M|||50|]Swampert||Swampertite|Damp|WaveCrash,Earthquake,IcePunch,Protect|Adamant||M|||50|]Pelipper||SitrusBerry|Drizzle|Hurricane,WeatherBall,Tailwind,WideGuard|Modest||M|||50|]Archaludon||Leftovers|Stamina|ElectroShot,DragonPulse,FlashCannon,Protect|Modest||M|||50|]Sinistcha||CobaBerry|Hospitality|MatchaGotcha,RagePowder,TrickRoom,Protect|Relaxed|||||50|]Metagross||Metagrossite|ClearBody|IronHead,PsychicFangs,BodyPress,Protect|Jolly|||||50|
|inactive|Battle timer is ON: inactive players will automatically lose when time's up. (requested by Sephi's Hairbrush)
|inactive|Sephi's Hairbrush has 60 seconds left.
|inactive|MoistHex11 has 60 seconds left.
|
|t:|1785451090
|teamsize|p1|4
|teamsize|p2|4
|start
|switch|p1a: Talonflame|Talonflame, L50, M|100/100
|switch|p1b: Floette|Floette-Eternal, L50, F|100/100
|switch|p2a: Pelipper|Pelipper, L50, M|100/100
|switch|p2b: Bayonetta|Grimmsnarl, L50, M, shiny|100/100
|-weather|RainDance|[from] ability: Drizzle|[of] p2a: Pelipper
|turn|1
|inactive|MoistHex11 has 30 seconds left.
|
|t:|1785451119
|detailschange|p1b: Floette|Floette-Mega, L50, F
|-mega|p1b: Floette|Floette|Floettite
|-ability|p1b: Floette|Fairy Aura
|move|p1a: Talonflame|Tailwind|p1a: Talonflame
|-sidestart|p1: MoistHex11|move: Tailwind
|move|p2b: Bayonetta|Light Screen|p2b: Bayonetta
|-sidestart|p2: Sephi's Hairbrush|move: Light Screen
|move|p1b: Floette|Moonblast|p2a: Pelipper
|-damage|p2a: Pelipper|33/100
|-enditem|p2a: Pelipper|Sitrus Berry|[eat]
|-heal|p2a: Pelipper|58/100|[from] item: Sitrus Berry
|move|p2a: Pelipper|Tailwind|p2a: Pelipper
|-sidestart|p2: Sephi's Hairbrush|move: Tailwind
|
|-weather|RainDance|[upkeep]
|upkeep
|turn|2
|
|t:|1785451140
|move|p1a: Talonflame|Brave Bird|p2b: Bayonetta
|-damage|p2b: Bayonetta|46/100
|-damage|p1a: Talonflame|76/100|[from] Recoil
|move|p2b: Bayonetta|Parting Shot|p1b: Floette
|-unboost|p1b: Floette|atk|1
|-unboost|p1b: Floette|spa|1
|
|t:|1785451156
|switch|p2b: Metagross|Metagross, L50|100/100|[from] Parting Shot
|move|p1b: Floette|Moonblast|p2a: Pelipper
|-damage|p2a: Pelipper|16/100
|move|p2a: Pelipper|Weather Ball|p1a: Talonflame
|-supereffective|p1a: Talonflame|1
|-damage|p1a: Talonflame|0 fnt
|faint|p1a: Talonflame
|
|-weather|RainDance|[upkeep]
|upkeep
|
|t:|1785451171
|switch|p1a: Sneaslear|Sneasler, L50, M|100/100
|turn|3
|inactive|Sephi's Hairbrush has 30 seconds left.
|
|t:|1785451197
|switch|p1b: Basculegion|Basculegion, L50, M|100/100
|switch|p2a: Archaludon|Archaludon, L50, M|100/100
|detailschange|p2b: Metagross|Metagross-Mega, L50
|-mega|p2b: Metagross|Metagross|Metagrossite
|move|p1a: Sneaslear|Protect|p1a: Sneaslear
|-singleturn|p1a: Sneaslear|Protect
|move|p2b: Metagross|Protect||[still]
|-fail|p2b: Metagross
|
|-weather|RainDance|[upkeep]
|upkeep
|turn|4
|
|t:|1785451220
|move|p1b: Basculegion|Last Respects|p2b: Metagross
|-supereffective|p2b: Metagross|1
|-damage|p2b: Metagross|1/100
|move|p1a: Sneaslear|Close Combat|p2a: Archaludon
|-supereffective|p2a: Archaludon|1
|-damage|p2a: Archaludon|0 fnt
|-unboost|p1a: Sneaslear|def|1
|-unboost|p1a: Sneaslear|spd|1
|faint|p2a: Archaludon
|-enditem|p1a: Sneaslear|White Herb
|-clearnegativeboost|p1a: Sneaslear|[silent]
|move|p2b: Metagross|Psychic Fangs|p1a: Sneaslear
|-supereffective|p1a: Sneaslear|2
|-damage|p1a: Sneaslear|0 fnt
|faint|p1a: Sneaslear
|
|-weather|RainDance|[upkeep]
|-sideend|p1: MoistHex11|move: Tailwind
|-sideend|p2: Sephi's Hairbrush|move: Tailwind
|upkeep
|
|t:|1785451233
|switch|p1a: Floette|Floette-Mega, L50, F|100/100
|switch|p2a: Bayonetta|Grimmsnarl, L50, M, shiny|46/100
|-ability|p1a: Floette|Fairy Aura
|turn|5
|
|t:|1785451255
|move|p1b: Basculegion|Last Respects|p2b: Metagross
|-supereffective|p2b: Metagross|1
|-damage|p2b: Metagross|0 fnt
|faint|p2b: Metagross
|move|p1a: Floette|Moonblast|p2a: Bayonetta
|-supereffective|p2a: Bayonetta|1
|-damage|p2a: Bayonetta|0 fnt
|faint|p2a: Bayonetta
|
|-weather|none
|upkeep
|
|t:|1785451261
|switch|p2b: Pelipper|Pelipper, L50, M|16/100
|-weather|RainDance|[from] ability: Drizzle|[of] p2b: Pelipper
|turn|6
|-message|Sephi's Hairbrush forfeited.
|
|win|MoistHex11
||MoistHex11 is ready for game 3.
||Sephi's Hairbrush is ready for game 3.
|uhtml|next|Next: Game 3 of 3
|l|☆MoistHex11
|player|p1|
