|j|☆sbhaga34
|j|☆MitsuruXYukari
|html|sbhaga34MitsuruXYukari    
|uhtml|bestof|Game 1 of a best-of-3
|t:|1782422707
|gametype|doubles
|player|p1|sbhaga34|hugh|1254
|player|p2|MitsuruXYukari|dahlia|1297
|gen|9
|tier|[Gen 9 Champions] VGC 2026 Reg M-B (Bo3)
|rated|
|rule|Species Clause: Limit one of each Pokémon
|rule|Item Clause: Limit 1 of each item
|clearpoke
|poke|p1|Excadrill, L50, M|
|poke|p1|Tyranitar, L50, M|
|poke|p1|Staraptor, L50, F|
|poke|p1|Rotom-Wash, L50|
|poke|p1|Sinistcha, L50|
|poke|p1|Incineroar, L50, M|
|poke|p2|Altaria, L50, F, shiny|
|poke|p2|Gholdengo, L50|
|poke|p2|Incineroar, L50, M|
|poke|p2|Mamoswine, L50, M|
|poke|p2|Glimmora, L50, F|
|poke|p2|Rotom-Wash, L50, shiny|
|teampreview|4
|showteam|p1|Excadrill||FocusSash|SandRush|Earthquake,IronHead,SwordsDance,Protect|Adamant||M|||50|]Tyranitar||Tyranitarite|SandStream|RockSlide,KnockOff,LowKick,Protect|Adamant||M|||50|]Staraptor||Staraptite|Intimidate|CloseCombat,BraveBird,Tailwind,Protect|Jolly||F|||50|]Rotom-Wash||ChoiceScarf|Levitate|VoltSwitch,Thunderbolt,Electroweb,HydroPump|Timid|||||50|]Sinistcha||SitrusBerry|Hospitality|MatchaGotcha,TrickRoom,RagePowder,StrengthSap|Calm|||||50|]Incineroar||Charcoal|Intimidate|FakeOut,FlareBlitz,ThroatChop,PartingShot|Impish||M|||50|
|showteam|p2|Altaria||Altarianite|CloudNine|Tailwind,HyperVoice,FireBlast,Protect|Modest||F|||50|]Gholdengo||Leftovers|GoodasGold|ShadowBall,MakeItRain,NastyPlot,Protect|Timid|||||50|]Incineroar||ChopleBerry|Intimidate|FakeOut,FlareBlitz,ThroatChop,PartingShot|Careful||M|||50|]Mamoswine||FocusSash|Oblivious|IceShard,IcicleCrash,HighHorsepower,Protect|Adamant||M|||50|]Glimmora||Glimmoranite|ToxicDebris|PowerGem,SludgeBomb,EarthPower,SpikyShield|Timid||F|||50|]Rotom-Wash||SitrusBerry|Levitate|HydroPump,Thunderbolt,WillOWisp,Protect|Bold|||||50|
|inactive|Battle timer is ON: inactive players will automatically lose when time's up. (requested by sbhaga34)
|
|t:|1782422759
|teamsize|p1|4
|teamsize|p2|4
|start
|switch|p1a: Rotom|Rotom-Wash, L50|100/100
|switch|p1b: Sinistcha|Sinistcha, L50|100/100
|switch|p2a: Incineroar|Incineroar, L50, M|100/100
|switch|p2b: Altaria|Altaria, L50, F, shiny|100/100
|-ability|p2b: Altaria|Cloud Nine
|-ability|p2a: Incineroar|Intimidate|boost
|-unboost|p1a: Rotom|atk|1
|-unboost|p1b: Sinistcha|atk|1
|turn|1
|
|t:|1782422778
|switch|p1b: Tyranitar|Tyranitar, L50, M|100/100
|-weather|Sandstorm|[from] ability: Sand Stream|[of] p1b: Tyranitar
|detailschange|p2b: Altaria|Altaria-Mega, L50, F, shiny
|-mega|p2b: Altaria|Altaria|Altarianite
|move|p2a: Incineroar|Fake Out|p1a: Rotom
|-damage|p1a: Rotom|89/100
|cant|p1a: Rotom|flinch
|move|p2b: Altaria|Hyper Voice|p1a: Rotom|[spread] p1a,p1b
|-supereffective|p1b: Tyranitar|1
|-damage|p1a: Rotom|48/100
|-damage|p1b: Tyranitar|56/100
|
|-weather|Sandstorm|[upkeep]
|-damage|p1a: Rotom|42/100|[from] Sandstorm
|-damage|p2b: Altaria|94/100|[from] Sandstorm
|-damage|p2a: Incineroar|94/100|[from] Sandstorm
|upkeep
|turn|2
|
|t:|1782422803
|detailschange|p1b: Tyranitar|Tyranitar-Mega, L50, M
|-mega|p1b: Tyranitar|Tyranitar|Tyranitarite
|move|p1a: Rotom|Electroweb|p2b: Altaria|[spread] p2a,p2b
|-resisted|p2b: Altaria|1
|-damage|p2a: Incineroar|81/100
|-damage|p2b: Altaria|86/100
|-unboost|p2a: Incineroar|spe|1
|-unboost|p2b: Altaria|spe|1
|move|p1b: Tyranitar|Rock Slide|p2a: Incineroar|[spread] p2a,p2b
|-supereffective|p2a: Incineroar|1
|-damage|p2a: Incineroar|24/100
|-damage|p2b: Altaria|53/100
|cant|p2b: Altaria|flinch
|move|p2a: Incineroar|Parting Shot|p1b: Tyranitar
|-unboost|p1b: Tyranitar|atk|1
|-unboost|p1b: Tyranitar|spa|1
|
|t:|1782422814
|switch|p2a: Rotom|Rotom-Wash, L50, shiny|100/100|[from] Parting Shot
|
|-weather|Sandstorm|[upkeep]
|-damage|p1a: Rotom|36/100|[from] Sandstorm
|-damage|p2a: Rotom|94/100|[from] Sandstorm
|-damage|p2b: Altaria|47/100|[from] Sandstorm
|upkeep
|turn|3
|
|t:|1782422839
|switch|p1b: Sinistcha|Sinistcha, L50|100/100
|-heal|p1a: Rotom|61/100|[from] ability: Hospitality|[of] p1b: Sinistcha
|move|p2a: Rotom|Protect|p2a: Rotom
|-singleturn|p2a: Rotom|Protect
|move|p1a: Rotom|Electroweb|p2a: Rotom|[spread] p2b
|-activate|p2a: Rotom|move: Protect
|-resisted|p2b: Altaria|1
|-damage|p2b: Altaria|40/100
|-unboost|p2b: Altaria|spe|1
|move|p2b: Altaria|Hyper Voice|p1b: Sinistcha|[spread] p1a,p1b
|-damage|p1a: Rotom|21/100
|-damage|p1b: Sinistcha|61/100
|
|-weather|Sandstorm|[upkeep]
|-damage|p1a: Rotom|15/100|[from] Sandstorm
|-damage|p2a: Rotom|88/100|[from] Sandstorm
|-damage|p1b: Sinistcha|55/100|[from] Sandstorm
|-damage|p2b: Altaria|34/100|[from] Sandstorm
|upkeep
|turn|4
|
|t:|1782422852
|switch|p2a: Incineroar|Incineroar, L50, M|24/100
|-ability|p2a: Incineroar|Intimidate|boost
|-unboost|p1a: Rotom|atk|1
|-unboost|p1b: Sinistcha|atk|1
|move|p1a: Rotom|Electroweb|p2b: Altaria|[spread] p2a,p2b
|-resisted|p2b: Altaria|1
|-damage|p2a: Incineroar|11/100
|-damage|p2b: Altaria|26/100
|-unboost|p2a: Incineroar|spe|1
|-unboost|p2b: Altaria|spe|1
|move|p1b: Sinistcha|Matcha Gotcha|p2a: Incineroar|[spread] p2a,p2b
|-resisted|p2a: Incineroar|1
|-resisted|p2b: Altaria|1
|-damage|p2a: Incineroar|2/100
|-heal|p1b: Sinistcha|60/100|[from] drain|[of] p2a: Incineroar
|-damage|p2b: Altaria|14/100
|-heal|p1b: Sinistcha|66/100|[from] drain|[of] p2b: Altaria
|move|p2b: Altaria|Fire Blast|p1b: Sinistcha
|-supereffective|p1b: Sinistcha|1
|-crit|p1b: Sinistcha
|-damage|p1b: Sinistcha|0 fnt
|faint|p1b: Sinistcha
|
|-weather|Sandstorm|[upkeep]
|-damage|p1a: Rotom|10/100|[from] Sandstorm
|-damage|p2a: Incineroar|0 fnt|[from] Sandstorm
|-damage|p2b: Altaria|8/100|[from] Sandstorm
|faint|p2a: Incineroar
|upkeep
|
|t:|1782422873
|switch|p1b: Excadrill|Excadrill, L50, M|100/100
|switch|p2a: Mamoswine|Mamoswine, L50, M|100/100
|turn|5
|
|t:|1782422885
|move|p2a: Mamoswine|Protect|p2a: Mamoswine
|-singleturn|p2a: Mamoswine|Protect
|move|p1b: Excadrill|Iron Head|p2a: Mamoswine
|-activate|p2a: Mamoswine|move: Protect
|move|p1a: Rotom|Electroweb|p2b: Altaria|[spread] p2b
|-activate|p2a: Mamoswine|move: Protect
|-resisted|p2b: Altaria|1
|-damage|p2b: Altaria|1/100
|-unboost|p2b: Altaria|spe|1
|move|p2b: Altaria|Hyper Voice|p1a: Rotom|[spread] p1a,p1b
|-resisted|p1b: Excadrill|1
|-damage|p1a: Rotom|0 fnt
|-damage|p1b: Excadrill|73/100
|faint|p1a: Rotom
|
|-weather|none
|upkeep
|
|t:|1782422896
|switch|p1a: Tyranitar|Tyranitar-Mega, L50, M|56/100
|-weather|Sandstorm|[from] ability: Sand Stream|[of] p1a: Tyranitar
|turn|6
|
|t:|1782422909
|move|p1b: Excadrill|Protect|p1b: Excadrill
|-singleturn|p1b: Excadrill|Protect
|move|p2a: Mamoswine|High Horsepower|p1a: Tyranitar
|-supereffective|p1a: Tyranitar|1
|-damage|p1a: Tyranitar|0 fnt
|faint|p1a: Tyranitar
|move|p2b: Altaria|Tailwind|p2b: Altaria
|-sidestart|p2: MitsuruXYukari|move: Tailwind
|
|-weather|Sandstorm|[upkeep]
|-damage|p2b: Altaria|0 fnt|[from] Sandstorm
|faint|p2b: Altaria
|upkeep
|
|t:|1782422911
|switch|p2b: Rotom|Rotom-Wash, L50, shiny|88/100
|turn|7
|-message|sbhaga34 forfeited.
|
|win|MitsuruXYukari
