|j|☆splash2ndcousin
|j|☆IkeFAR
|html|splash2ndcousinIkeFAR    
|uhtml|bestof|Game 1 of a best-of-3
|t:|1783875778
|gametype|doubles
|player|p1|splash2ndcousin|lucas|
|player|p2|IkeFAR|steven|
|gen|9
|tier|[Gen 9 Champions] VGC 2026 Reg M-B (Bo3)
|rule|Species Clause: Limit one of each Pokémon
|rule|Item Clause: Limit 1 of each item
|clearpoke
|poke|p1|Gengar, L50, F, shiny|
|poke|p1|Swampert, L50, F, shiny|
|poke|p1|Incineroar, L50, M|
|poke|p1|Politoed, L50, M|
|poke|p1|Archaludon, L50, F, shiny|
|poke|p1|Vivillon-Garden, L50, M|
|poke|p2|Floette-Eternal, L50, F|
|poke|p2|Charizard, L50, F|
|poke|p2|Kingambit, L50, M|
|poke|p2|Whimsicott, L50, F|
|poke|p2|Basculegion, L50, M|
|poke|p2|Garchomp, L50, F|
|teampreview|4
|showteam|p1|Gengar||Gengarite|CursedBody|ShadowBall,PerishSong,SludgeBomb,Protect|Timid||F|||50|]Swampert||Swampertite|Damp|WaveCrash,Earthquake,IcePunch,Protect|Adamant||F|||50|]Incineroar||PasshoBerry|Intimidate|ThroatChop,PartingShot,FakeOut,Protect|Sassy||M|||50|]Politoed||SitrusBerry|Drizzle|WeatherBall,PerishSong,Encore,Protect|Calm||M|||50|]Archaludon||Leftovers|Stamina|DragonPulse,FlashCannon,ElectroShot,Protect|Bold||F|||50|]Vivillon-Garden||FocusSash|CompoundEyes|Hurricane,SleepPowder,RagePowder,Protect|Timid||M|||50|
|showteam|p2|Floette-Eternal||Floettite|FlowerVeil|LightofRuin,Moonblast,DazzlingGleam,Protect|Timid||F|||50|]Charizard||CharizarditeY|Blaze|SolarBeam,HeatWave,WeatherBall,Protect|Timid||F|||50|]Kingambit||BlackGlasses|Defiant|IronHead,Protect,KowtowCleave,SuckerPunch|Adamant||M|||50|]Whimsicott||FocusSash|Prankster|Moonblast,Tailwind,Encore,Protect|Timid||F|||50|]Basculegion||MysticWater|Adaptability|WaveCrash,Protect,LastRespects,AquaJet|Adamant||M|||50|]Garchomp||LifeOrb|RoughSkin|Earthquake,RockSlide,Protect,DragonClaw|Jolly||F|||50|
|c|☆IkeFAR|Hello!
|c|☆splash2ndcousin|hey!
|c|☆IkeFAR|gl hf!
|c|☆IkeFAR|i'll send the link to my team if thats alright?
|c|☆splash2ndcousin|yeah no worries
|j| FlubberMane
|c|☆IkeFAR|perfect
|c|☆IkeFAR|do you wanna ping the main server too?
|c|☆splash2ndcousin|i don't mind if you want to
|c|☆IkeFAR|im happy to yeah
|j| celadonwhirlwind
|l| celadonwhirlwind
|c|☆IkeFAR|alright, im ready if you are
|c|☆splash2ndcousin|yeah cool, glhf!
|c|☆IkeFAR|gl hf again :)
|
|t:|1783875959
|teamsize|p1|4
|teamsize|p2|4
|start
|switch|p1a: Vivillon|Vivillon-Garden, L50, M|100/100
|switch|p1b: Gengar|Gengar, L50, F, shiny|100/100
|switch|p2a: Garchomp|Garchomp, L50, F|100/100
|switch|p2b: Whimsicott|Whimsicott, L50, F|100/100
|turn|1
|
|t:|1783876027
|detailschange|p1b: Gengar|Gengar-Mega, L50, F, shiny
|-mega|p1b: Gengar|Gengar|Gengarite
|move|p2b: Whimsicott|Moonblast|p1a: Vivillon
|-damage|p1a: Vivillon|29/100
|move|p1b: Gengar|Perish Song|p1b: Gengar
|-start|p1a: Vivillon|perish3|[silent]
|-start|p1b: Gengar|perish3|[silent]
|-start|p2a: Garchomp|perish3|[silent]
|-start|p2b: Whimsicott|perish3|[silent]
|-fieldactivate|move: Perish Song
|move|p2a: Garchomp|Rock Slide|p1a: Vivillon|[spread] p1a,p1b
|-supereffective|p1a: Vivillon|2
|-damage|p1a: Vivillon|0 fnt
|-damage|p1b: Gengar|68/100
|faint|p1a: Vivillon
|-damage|p2a: Garchomp|90/100|[from] item: Life Orb
|
|-start|p2b: Whimsicott|perish3
|-start|p1b: Gengar|perish3
|-start|p2a: Garchomp|perish3
|upkeep
|
|t:|1783876036
|switch|p1a: Archaludon|Archaludon, L50, F, shiny|100/100
|turn|2
|
|t:|1783876069
|move|p1b: Gengar|Protect|p1b: Gengar
|-singleturn|p1b: Gengar|Protect
|move|p2a: Garchomp|Protect|p2a: Garchomp
|-singleturn|p2a: Garchomp|Protect
|move|p2b: Whimsicott|Tailwind|p2b: Whimsicott
|-sidestart|p2: IkeFAR|move: Tailwind
|move|p1a: Archaludon|Dragon Pulse|p2a: Garchomp
|-activate|p2a: Garchomp|move: Protect
|
|-start|p2b: Whimsicott|perish2
|-start|p2a: Garchomp|perish2
|-start|p1b: Gengar|perish2
|upkeep
|turn|3
|
|t:|1783876101
|switch|p1b: Politoed|Politoed, L50, M|100/100
|-weather|RainDance|[from] ability: Drizzle|[of] p1b: Politoed
|move|p2b: Whimsicott|Encore||[still]
|-fail|p2b: Whimsicott
|move|p2a: Garchomp|Earthquake|p1a: Archaludon|[spread] p2b,p1a,p1b
|-resisted|p2b: Whimsicott|1
|-supereffective|p1a: Archaludon|1
|-damage|p2b: Whimsicott|64/100
|-damage|p1a: Archaludon|28/100
|-damage|p1b: Politoed|55/100
|-ability|p1a: Archaludon|Stamina|boost
|-boost|p1a: Archaludon|def|1
|-damage|p2a: Garchomp|80/100|[from] item: Life Orb
|move|p1a: Archaludon|Dragon Pulse|p2a: Garchomp
|-supereffective|p2a: Garchomp|1
|-damage|p2a: Garchomp|0 fnt
|faint|p2a: Garchomp
|
|-weather|RainDance|[upkeep]
|-heal|p1a: Archaludon|35/100|[from] item: Leftovers
|-start|p2b: Whimsicott|perish1
|upkeep
|
|t:|1783876115
|switch|p2a: Floette|Floette-Eternal, L50, F|100/100
|turn|4
|
|t:|1783876129
|switch|p2b: Gabe|Basculegion, L50, M|100/100
|switch|p1b: Gengar|Gengar-Mega, L50, F, shiny|68/100
|detailschange|p2a: Floette|Floette-Mega, L50, F
|-mega|p2a: Floette|Floette|Floettite
|-ability|p2a: Floette|Fairy Aura
|move|p1a: Archaludon|Protect|p1a: Archaludon
|-singleturn|p1a: Archaludon|Protect
|move|p2a: Floette|Dazzling Gleam|p1a: Archaludon|[spread] p1b
|-activate|p1a: Archaludon|move: Protect
|-resisted|p1b: Gengar|1
|-damage|p1b: Gengar|46/100
|
|-weather|RainDance|[upkeep]
|-heal|p1a: Archaludon|41/100|[from] item: Leftovers
|upkeep
|turn|5
|
|t:|1783876147
|move|p1b: Gengar|Protect|p1b: Gengar
|-singleturn|p1b: Gengar|Protect
|move|p2a: Floette|Dazzling Gleam|p1a: Archaludon|[spread] p1a
|-activate|p1b: Gengar|move: Protect
|-damage|p1a: Archaludon|0 fnt
|faint|p1a: Archaludon
|move|p2b: Gabe|Last Respects|p1b: Gengar
|-activate|p1b: Gengar|move: Protect
|
|-weather|RainDance|[upkeep]
|-sideend|p2: IkeFAR|move: Tailwind
|upkeep
|
|t:|1783876153
|switch|p1a: Politoed|Politoed, L50, M|55/100
|turn|6
|
|t:|1783876184
|move|p2b: Gabe|Aqua Jet|p1b: Gengar
|-damage|p1b: Gengar|0 fnt
|faint|p1b: Gengar
|move|p2a: Floette|Moonblast|p1a: Politoed
|-damage|p1a: Politoed|0 fnt
|faint|p1a: Politoed
|
|win|IkeFAR
||splash2ndcousin is ready for game 2.
||IkeFAR is ready for game 2.
|uhtml|next|Next: Game 2 of 3
|j| FBISurveillanceMan
|j| RadiantSteelix
|j| nkgill1101
|j| Aox93
|l| Aox93
|l| FlubberMane
|l| nkgill1101
|l|☆splash2ndcousin
|player|p1|
|j|☆splash2ndcousin
|player|p1|splash2ndcousin|lucas|
|l| FBISurveillanceMan
|l|☆splash2ndcousin
|player|p1|
|l|☆IkeFAR
|player|p2|
|j|☆IkeFAR
|player|p2|IkeFAR|steven|
