|j|☆Carrielis
|j|☆camala64
|html|Carrieliscamala64    
|uhtml|bestof|Game 3 of a best-of-3
|t:|1782958350
|gametype|doubles
|player|p1|Carrielis|erika-masters3|
|player|p2|camala64|lance-masters2|
|gen|9
|tier|[Gen 9 Champions] VGC 2026 Reg M-B (Bo3)
|rule|Species Clause: Limit one of each Pokémon
|rule|Item Clause: Limit 1 of each item
|clearpoke
|poke|p1|Ninetales-Alola, L50, F|
|poke|p1|Talonflame, L50, F|
|poke|p1|Mawile, L50, M|
|poke|p1|Gengar, L50, M|
|poke|p1|Incineroar, L50, M|
|poke|p1|Sinistcha, L50|
|poke|p2|Floette-Eternal, L50, F|
|poke|p2|Glimmora, L50, M, shiny|
|poke|p2|Talonflame, L50, M, shiny|
|poke|p2|Garchomp, L50, M, shiny|
|poke|p2|Basculegion, L50, M, shiny|
|poke|p2|Kingambit, L50, F, shiny|
|teampreview|4
|showteam|p1|Ninetales-Alola||NeverMeltIce|SnowWarning|FreezeDry,Blizzard,Encore,Protect|Timid||F|||50|]Talonflame||LifeOrb|GaleWings|BraveBird,FlareBlitz,Tailwind,Protect|Jolly||F|||50|]Mawile||Mawilite|HyperCutter|PlayRough,SuckerPunch,SwordsDance,Protect|Adamant||M|||50|]Gengar||Gengarite|CursedBody|PerishSong,ShadowBall,Disable,Protect|Timid||M|||50|]Incineroar||SitrusBerry|Intimidate|FakeOut,FlareBlitz,PartingShot,Protect|Careful||M|||50|]Sinistcha||KasibBerry|Hospitality|RagePowder,MatchaGotcha,TrickRoom,Protect|Bold|||||50|
|showteam|p2|Floette-Eternal||Floettite|FlowerVeil|Moonblast,DazzlingGleam,LightofRuin,Protect|Modest||F|||50|]Glimmora||Glimmoranite|ToxicDebris|PowerGem,SludgeBomb,EarthPower,SpikyShield|Modest||M|||50|]Talonflame||SharpBeak|GaleWings|BraveBird,Tailwind,FlareBlitz,Protect|Jolly||M|||50|]Garchomp||LifeOrb|RoughSkin|Earthquake,RockSlide,DragonClaw,Protect|Adamant||M|||50|]Basculegion||FocusSash|Adaptability|Liquidation,AquaJet,LastRespects,Protect|Adamant||M|||50|]Kingambit||BlackGlasses|Defiant|KowtowCleave,SuckerPunch,IronHead,LowKick|Adamant||F|||50|
|
|t:|1782958404
|teamsize|p1|4
|teamsize|p2|4
|start
|switch|p1a: Incineroar|Incineroar, L50, M|100/100
|switch|p1b: Gengar|Gengar, L50, M|100/100
|switch|p2a: YEETA|Glimmora, L50, M, shiny|100/100
|switch|p2b: Captain Falcon|Talonflame, L50, M, shiny|100/100
|-ability|p1a: Incineroar|Intimidate|boost
|-unboost|p2a: YEETA|atk|1
|-unboost|p2b: Captain Falcon|atk|1
|turn|1
|
|t:|1782958436
|switch|p2a: Masculin|Basculegion, L50, M, shiny|100/100
|detailschange|p1b: Gengar|Gengar-Mega, L50, M
|-mega|p1b: Gengar|Gengar|Gengarite
|move|p1a: Incineroar|Fake Out|p2a: Masculin
|-immune|p2a: Masculin
|move|p2b: Captain Falcon|Brave Bird|p1b: Gengar
|-damage|p1b: Gengar|53/100
|-damage|p2b: Captain Falcon|83/100|[from] Recoil
|move|p1b: Gengar|Perish Song|p1b: Gengar
|-start|p1a: Incineroar|perish3|[silent]
|-start|p1b: Gengar|perish3|[silent]
|-start|p2a: Masculin|perish3|[silent]
|-start|p2b: Captain Falcon|perish3|[silent]
|-fieldactivate|move: Perish Song
|
|-start|p2b: Captain Falcon|perish3
|-start|p1b: Gengar|perish3
|-start|p2a: Masculin|perish3
|-start|p1a: Incineroar|perish3
|upkeep
|turn|2
|
|t:|1782958474
|switch|p1a: Sinistcha|Sinistcha, L50|100/100
|-heal|p1b: Gengar|78/100|[from] ability: Hospitality|[of] p1a: Sinistcha
|move|p2b: Captain Falcon|Tailwind|p2b: Captain Falcon
|-sidestart|p2: camala64|move: Tailwind
|move|p2a: Masculin|Liquidation|p1b: Gengar
|-damage|p1b: Gengar|9/100
|move|p1b: Gengar|Shadow Ball|p2a: Masculin
|-supereffective|p2a: Masculin|1
|-enditem|p2a: Masculin|Focus Sash
|-damage|p2a: Masculin|1/100
|
|-start|p2b: Captain Falcon|perish2
|-start|p2a: Masculin|perish2
|-start|p1b: Gengar|perish2
|upkeep
|turn|3
|
|t:|1782958505
|switch|p2a: Jawesome|Garchomp, L50, M, shiny|100/100
|switch|p1a: Incineroar|Incineroar, L50, M|100/100
|-ability|p1a: Incineroar|Intimidate|boost
|-unboost|p2a: Jawesome|atk|1
|-unboost|p2b: Captain Falcon|atk|1
|move|p1b: Gengar|Protect|p1b: Gengar
|-singleturn|p1b: Gengar|Protect
|move|p2b: Captain Falcon|Brave Bird|p1a: Incineroar
|-damage|p1a: Incineroar|78/100
|-damage|p2b: Captain Falcon|74/100|[from] Recoil
|
|-start|p2b: Captain Falcon|perish1
|-start|p1b: Gengar|perish1
|upkeep
|turn|4
|
|t:|1782958521
|switch|p1b: Sinistcha|Sinistcha, L50|100/100
|-heal|p1a: Incineroar|100/100|[from] ability: Hospitality|[of] p1b: Sinistcha
|move|p2b: Captain Falcon|Brave Bird|p1b: Sinistcha
|-supereffective|p1b: Sinistcha|1
|-damage|p1b: Sinistcha|55/100
|-damage|p2b: Captain Falcon|58/100|[from] Recoil
|move|p2a: Jawesome|Earthquake|p1a: Incineroar|[spread] p1a,p1b
|-immune|p2b: Captain Falcon
|-supereffective|p1a: Incineroar|1
|-resisted|p1b: Sinistcha|1
|-damage|p1a: Incineroar|46/100
|-damage|p1b: Sinistcha|42/100
|-enditem|p1a: Incineroar|Sitrus Berry|[eat]
|-heal|p1a: Incineroar|70/100|[from] item: Sitrus Berry
|-damage|p2a: Jawesome|90/100|[from] item: Life Orb
|move|p1a: Incineroar|Parting Shot|p1b: Sinistcha
|-unboost|p1b: Sinistcha|atk|1
|-unboost|p1b: Sinistcha|spa|1
|
|t:|1782958538
|switch|p1a: Talonflame|Talonflame, L50, F|100/100|[from] Parting Shot
|
|-start|p2b: Captain Falcon|perish0
|faint|p2b: Captain Falcon
|upkeep
|
|t:|1782958546
|switch|p2b: YEETA|Glimmora, L50, M, shiny|100/100
|turn|5
|
|t:|1782958579
|detailschange|p2b: YEETA|Glimmora-Mega, L50, M, shiny
|-mega|p2b: YEETA|Glimmora|Glimmoranite
|move|p1a: Talonflame|Protect|p1a: Talonflame
|-singleturn|p1a: Talonflame|Protect
|move|p2b: YEETA|Sludge Bomb|p1b: Sinistcha
|-damage|p1b: Sinistcha|0 fnt
|faint|p1b: Sinistcha
|move|p2a: Jawesome|Rock Slide|p1a: Talonflame
|-activate|p1a: Talonflame|move: Protect
|
|-sideend|p2: camala64|move: Tailwind
|upkeep
|c|☆Carrielis|Im gonna be honest if you at literally any point led glim gambit i was completely fucked
|
|t:|1782958600
|switch|p1b: Gengar|Gengar-Mega, L50, M|9/100
|turn|6
|c|☆camala64|Well unless you just decide to omega turbo crit you are fucked either way
|c|☆Carrielis|True
|
|t:|1782958644
|move|p1a: Talonflame|Brave Bird|p2b: YEETA
|-resisted|p2b: YEETA|1
|-damage|p2b: YEETA|72/100
|-damage|p1a: Talonflame|89/100|[from] Recoil
|-damage|p1a: Talonflame|80/100|[from] item: Life Orb
|move|p1b: Gengar|Shadow Ball|p2b: YEETA
|-damage|p2b: YEETA|28/100
|move|p2b: YEETA|Power Gem|p1a: Talonflame
|-supereffective|p1a: Talonflame|2
|-damage|p1a: Talonflame|0 fnt
|faint|p1a: Talonflame
|move|p2a: Jawesome|Dragon Claw|p1b: Gengar
|-damage|p1b: Gengar|0 fnt
|faint|p1b: Gengar
|-damage|p2a: Jawesome|80/100|[from] item: Life Orb
|
|upkeep
|-message|Carrielis forfeited.
|
|win|camala64
|c|☆Carrielis|I think robin was right
|c|☆camala64|Gg
|c|☆Carrielis|Kommo-o over talon
|c|☆Carrielis|Yeah GG's
|c|☆camala64|Yeah definitely
