|j|☆MessiahHezekiah
|j|☆i miss wicked..
|html|MessiahHezekiahi miss wicked..    
|uhtml|bestof|Game 3 of a best-of-3
|t:|1755507248
|gametype|doubles
|player|p1|MessiahHezekiah|parasollady|1229
|player|p2|i miss wicked..|clemont|1382
|gen|9
|tier|[Gen 9] VGC 2025 Reg H (Bo3)
|rated|
|rule|Species Clause: Limit one of each Pokémon
|rule|Item Clause: Limit 1 of each item
|clearpoke
|poke|p1|Talonflame, L50, F|
|poke|p1|Gholdengo, L50|
|poke|p1|Mamoswine, L50, M|
|poke|p1|Tyranitar, L50, M|
|poke|p1|Tatsugiri, L50, M|
|poke|p1|Dondozo, L50, M|
|poke|p2|Gholdengo, L50|
|poke|p2|Sneasler, L50, M|
|poke|p2|Rillaboom, L50, F|
|poke|p2|Dragonite, L50, M|
|poke|p2|Ninetales-Alola, L50, M|
|poke|p2|Arcanine-Hisui, L50, M|
|teampreview|4
|showteam|p1|Talonflame||CovertCloak|GaleWings|FlareBlitz,DualWingbeat,WillOWisp,Tailwind|||F|||50|,,,,,Ghost]Gholdengo||MetalCoat|GoodasGold|ShadowBall,MakeItRain,NastyPlot,Protect||||||50|,,,,,Steel]Mamoswine||LifeOrb|Oblivious|IcicleCrash,HighHorsepower,Earthquake,Protect|||M|||50|,,,,,Ghost]Tyranitar||AssaultVest|SandStream|KnockOff,RockSlide,LowKick,TeraBlast|||M|||50|,,,,,Flying]Tatsugiri||FocusSash|Commander|DracoMeteor,MuddyWater,HelpingHand,Protect|||M|||50|,,,,,Steel]Dondozo||Leftovers|Unaware|OrderUp,WaveCrash,Earthquake,Protect|||M|||50|,,,,,Grass
|showteam|p2|Gholdengo||GrassySeed|GoodasGold|NastyPlot,MakeItRain,ShadowBall,Protect||||||50|,,,,,Water]Sneasler||WhiteHerb|Unburden|CloseCombat,DireClaw,Coaching,Protect|||M|||50|,,,,,Ghost]Rillaboom||AssaultVest|GrassySurge|FakeOut,GrassyGlide,DrumBeating,HighHorsepower|||F|||50|,,,,,Fire]Dragonite||LoadedDice|Multiscale|ScaleShot,Haze,StompingTantrum,Protect|||M|||50|,,,,,Ground]Ninetales-Alola||FocusSash|SnowWarning|Blizzard,IcyWind,Encore,AuroraVeil|||M|||50|,,,,,Ghost]Arcanine-Hisui||ClearAmulet|Intimidate|RockSlide,FlareBlitz,ExtremeSpeed,Protect|||M|||50|,,,,,Water
|inactive|Battle timer is ON: inactive players will automatically lose when time's up. (requested by MessiahHezekiah)
|inactive|i miss wicked.. also wants the timer to be on.
|inactive|MessiahHezekiah has 60 seconds left.
|
|t:|1755507285
|teamsize|p1|4
|teamsize|p2|4
|start
|switch|p1a: Talonflame|Talonflame, L50, F|100/100
|switch|p1b: Mamoswine|Mamoswine, L50, M|100/100
|switch|p2a: Gholdengo|Gholdengo, L50|100/100
|switch|p2b: Rillaboom|Rillaboom, L50, F|100/100
|-fieldstart|move: Grassy Terrain|[from] ability: Grassy Surge|[of] p2b: Rillaboom
|-enditem|p2a: Gholdengo|Grassy Seed
|-boost|p2a: Gholdengo|def|1|[from] item: Grassy Seed
|turn|1
|
|t:|1755507303
|-terastallize|p1b: Mamoswine|Ghost
|-terastallize|p2a: Gholdengo|Water
|move|p2b: Rillaboom|Fake Out|p1b: Mamoswine
|-immune|p1b: Mamoswine
|move|p1a: Talonflame|Tailwind|p1a: Talonflame
|-sidestart|p1: MessiahHezekiah|move: Tailwind
|move|p1b: Mamoswine|Icicle Crash|p2b: Rillaboom
|-supereffective|p2b: Rillaboom
|-damage|p2b: Rillaboom|0 fnt
|faint|p2b: Rillaboom
|-damage|p1b: Mamoswine|91/100|[from] item: Life Orb
|move|p2a: Gholdengo|Nasty Plot|p2a: Gholdengo
|-boost|p2a: Gholdengo|spa|2
|
|-heal|p1b: Mamoswine|97/100|[from] Grassy Terrain
|upkeep
|
|t:|1755507311
|switch|p2b: Dragonite|Dragonite, L50, M|100/100
|turn|2
|
|t:|1755507332
|move|p1b: Mamoswine|Protect|p1b: Mamoswine
|-singleturn|p1b: Mamoswine|Protect
|move|p1a: Talonflame|Will-O-Wisp|p2b: Dragonite
|-status|p2b: Dragonite|brn
|move|p2a: Gholdengo|Shadow Ball|p1b: Mamoswine
|-activate|p1b: Mamoswine|move: Protect
|move|p2b: Dragonite|Scale Shot|p1a: Talonflame
|-damage|p1a: Talonflame|89/100
|-damage|p1a: Talonflame|78/100
|-damage|p1a: Talonflame|67/100
|-damage|p1a: Talonflame|56/100
|-damage|p1a: Talonflame|45/100
|-hitcount|p1a: Talonflame|5
|-unboost|p2b: Dragonite|def|1
|-boost|p2b: Dragonite|spe|1
|
|-heal|p1b: Mamoswine|100/100|[from] Grassy Terrain
|-damage|p2b: Dragonite|95/100 brn|[from] brn
|upkeep
|turn|3
|inactive|MessiahHezekiah has 30 seconds left.
|
|t:|1755507367
|move|p2b: Dragonite|Protect|p2b: Dragonite
|-singleturn|p2b: Dragonite|Protect
|move|p2a: Gholdengo|Protect|p2a: Gholdengo
|-singleturn|p2a: Gholdengo|Protect
|move|p1a: Talonflame|Dual Wingbeat|p2a: Gholdengo
|-activate|p2a: Gholdengo|move: Protect
|move|p1b: Mamoswine|High Horsepower|p2a: Gholdengo
|-activate|p2a: Gholdengo|move: Protect
|
|-damage|p2b: Dragonite|89/100 brn|[from] brn
|upkeep
|turn|4
|
|t:|1755507389
|move|p2b: Dragonite|Protect||[still]
|-fail|p2b: Dragonite
|move|p1a: Talonflame|Dual Wingbeat|p2a: Gholdengo
|-damage|p2a: Gholdengo|91/100
|-damage|p2a: Gholdengo|81/100
|-hitcount|p2a: Gholdengo|2
|move|p1b: Mamoswine|Icicle Crash|p2b: Dragonite
|-supereffective|p2b: Dragonite
|-damage|p2b: Dragonite|0 fnt
|faint|p2b: Dragonite
|-damage|p1b: Mamoswine|91/100|[from] item: Life Orb
|move|p2a: Gholdengo|Make It Rain|p1b: Mamoswine|[spread] p1a,p1b
|-resisted|p1a: Talonflame
|-damage|p1a: Talonflame|0 fnt
|-damage|p1b: Mamoswine|0 fnt
|-unboost|p2a: Gholdengo|spa|1
|faint|p1a: Talonflame
|faint|p1b: Mamoswine
|
|-heal|p2a: Gholdengo|87/100|[from] Grassy Terrain
|-sideend|p1: MessiahHezekiah|move: Tailwind
|upkeep
|inactive|MessiahHezekiah has 30 seconds left.
|c|☆MessiahHezekiah|IC guranteed kills through multiscale btw
|
|t:|1755507419
|switch|p1a: Tatsugiri|Tatsugiri, L50, M|100/100
|switch|p1b: Dondozo|Dondozo, L50, M|100/100
|switch|p2b: Arcanine|Arcanine-Hisui, L50, M|100/100
|-ability|p2b: Arcanine|Intimidate|boost
|-unboost|p1a: Tatsugiri|atk|1
|-unboost|p1b: Dondozo|atk|1
|-activate|p1a: Tatsugiri|ability: Commander|[of] p1b: Dondozo
|-boost|p1b: Dondozo|atk|2
|-boost|p1b: Dondozo|spa|2
|-boost|p1b: Dondozo|spe|2
|-boost|p1b: Dondozo|def|2
|-boost|p1b: Dondozo|spd|2
|turn|5
|inactive|i miss wicked.. has 30 seconds left.
|inactive|i miss wicked.. has 20 seconds left.
|c|☆MessiahHezekiah|Just for future knowledge since this is g3
|inactive|i miss wicked.. has 15 seconds left.
|inactive|i miss wicked.. has 10 seconds left.
|inactive|i miss wicked.. no longer wants the timer on, but the timer is staying on because messiahhezekiah still does.
|inactive|i miss wicked.. has 5 seconds left.
|
|t:|1755507469
|move|p2b: Arcanine|Protect|p2b: Arcanine
|-singleturn|p2b: Arcanine|Protect
|move|p1b: Dondozo|Earthquake|p2a: Gholdengo|[spread] p2a
|-miss|p1b: Dondozo|p1a: Tatsugiri
|-activate|p2b: Arcanine|move: Protect
|-damage|p2a: Gholdengo|69/100
|move|p2a: Gholdengo|Shadow Ball|p1b: Dondozo
|-damage|p1b: Dondozo|78/100
|-unboost|p1b: Dondozo|spd|1
|
|-heal|p1b: Dondozo|84/100|[from] Grassy Terrain
|-heal|p1b: Dondozo|90/100|[from] item: Leftovers
|-heal|p2a: Gholdengo|75/100|[from] Grassy Terrain
|-fieldend|move: Grassy Terrain
|upkeep
|turn|6
|
|t:|1755507485
|move|p1b: Dondozo|Protect|p1b: Dondozo
|-singleturn|p1b: Dondozo|Protect
|move|p2b: Arcanine|Rock Slide|p1a: Tatsugiri|[spread] 
|-miss|p2b: Arcanine|p1a: Tatsugiri
|-activate|p1b: Dondozo|move: Protect
|move|p2a: Gholdengo|Shadow Ball|p1b: Dondozo
|-activate|p1b: Dondozo|move: Protect
|
|-heal|p1b: Dondozo|97/100|[from] item: Leftovers
|upkeep
|turn|7
|
|t:|1755507496
|move|p1b: Dondozo|Order Up|p2a: Gholdengo
|-damage|p2a: Gholdengo|39/100
|-boost|p1b: Dondozo|atk|1
|move|p2b: Arcanine|Rock Slide|p1b: Dondozo|[spread] p1b
|-miss|p2b: Arcanine|p1a: Tatsugiri
|-damage|p1b: Dondozo|86/100
|move|p2a: Gholdengo|Shadow Ball|p1b: Dondozo
|-damage|p1b: Dondozo|55/100
|
|-heal|p1b: Dondozo|61/100|[from] item: Leftovers
|upkeep
|turn|8
|
|t:|1755507507
|move|p1b: Dondozo|Protect|p1b: Dondozo
|-singleturn|p1b: Dondozo|Protect
|move|p2a: Gholdengo|Protect|p2a: Gholdengo
|-singleturn|p2a: Gholdengo|Protect
|move|p2b: Arcanine|Flare Blitz|p1b: Dondozo
|-activate|p1b: Dondozo|move: Protect
|
|-heal|p1b: Dondozo|67/100|[from] item: Leftovers
|upkeep
|turn|9
|
|t:|1755507516
|move|p2a: Gholdengo|Protect|p2a: Gholdengo
|-singleturn|p2a: Gholdengo|Protect
|move|p1b: Dondozo|Order Up|p2a: Gholdengo
|-activate|p2a: Gholdengo|move: Protect
|move|p2b: Arcanine|Flare Blitz|p1b: Dondozo
|-resisted|p1b: Dondozo
|-crit|p1b: Dondozo
|-damage|p1b: Dondozo|36/100
|-damage|p2b: Arcanine|87/100|[from] Recoil
|
|-heal|p1b: Dondozo|42/100|[from] item: Leftovers
|upkeep
|turn|10
|
|t:|1755507527
|move|p2b: Arcanine|Extreme Speed|p1b: Dondozo
|-damage|p1b: Dondozo|33/100
|move|p1b: Dondozo|Order Up|p2a: Gholdengo
|-damage|p2a: Gholdengo|0 fnt
|faint|p2a: Gholdengo
|-boost|p1b: Dondozo|atk|1
|
|-heal|p1b: Dondozo|39/100|[from] item: Leftovers
|upkeep
|turn|11
|
|t:|1755507536
|move|p1b: Dondozo|Protect|p1b: Dondozo
|-singleturn|p1b: Dondozo|Protect
|move|p2b: Arcanine|Extreme Speed|p1b: Dondozo
|-activate|p1b: Dondozo|move: Protect
|
|-heal|p1b: Dondozo|45/100|[from] item: Leftovers
|upkeep
|turn|12
|-message|i miss wicked.. forfeited.
|
|win|MessiahHezekiah
|raw|MessiahHezekiah's rating: 1229 → 1264(+35 for winning)
|raw|i miss wicked..'s rating: 1382 → 1354(-28 for losing)
|l|☆i miss wicked..
|player|p2|
