|j|☆555jjjhjhjhj
|j|☆25th_mang
|html|555jjjhjhjhj25th_mang    
|uhtml|bestof|Game 1 of a best-of-3
|t:|1783410741
|gametype|doubles
|player|p1|555jjjhjhjhj|2|1132
|player|p2|25th_mang|ballguy|1231
|gen|9
|tier|[Gen 9 Champions] VGC 2026 Reg M-B (Bo3)
|rated|
|rule|Species Clause: Limit one of each Pokémon
|rule|Item Clause: Limit 1 of each item
|clearpoke
|poke|p1|Raichu, L50, M|
|poke|p1|Jolteon, L50, M|
|poke|p1|Rotom-Heat, L50|
|poke|p1|Sceptile, L50, F|
|poke|p1|Gholdengo, L50|
|poke|p1|Whimsicott, L50, F|
|poke|p2|Chandelure, L50, F|
|poke|p2|Garchomp, L50, F|
|poke|p2|Kingambit, L50, M|
|poke|p2|Tsareena, L50, F|
|poke|p2|Whimsicott, L50, F|
|poke|p2|Starmie, L50|
|teampreview|4
|showteam|p1|Raichu||RaichuniteX|Static|Protect,DrainPunch,VoltTackle,FakeOut|Jolly||M|||50|]Jolteon||LifeOrb|VoltAbsorb|RisingVoltage,AlluringVoice,Thunderbolt,Protect|Timid||M|||50|]Rotom-Heat||ChoiceScarf|Levitate|Discharge,Overheat,VoltSwitch,WillOWisp|Timid|||||50|]Sceptile||Sceptilite|Overgrow|Protect,DragonPulse,GigaDrain,EarthPower|Timid||F|||50|]Gholdengo||Leftovers|GoodasGold|NastyPlot,MakeItRain,ShadowBall,DazzlingGleam|Timid|||||50|]Whimsicott||FocusSash|Prankster|Tailwind,Encore,FakeTears,Moonblast|Bold||F|||50|
|showteam|p2|Chandelure||Chandelurite|FlashFire|HeatWave,ShadowBall,TrickRoom,Protect|Modest||F|||50|]Garchomp||LifeOrb|RoughSkin|StompingTantrum,DragonClaw,RockSlide,Protect|Jolly||F|||50|]Kingambit||ChopleBerry|Defiant|IronHead,SuckerPunch,LowKick,Protect|Adamant||M|||50|]Tsareena||WideLens|QueenlyMajesty|PowerWhip,TripleAxel,HelpingHand,Protect|Adamant||F|||50|]Whimsicott||FocusSash|Prankster|Moonblast,Tailwind,Encore,SunnyDay|Modest||F|||50|]Starmie||ChoiceScarf|NaturalCure|Scald,IcyWind,Psychic,Thunderbolt|Modest|||||50|
|inactive|Battle timer is ON: inactive players will automatically lose when time's up. (requested by 25th_mang)
|inactive|555jjjhjhjhj has 60 seconds left.
|inactive|25th_mang has 60 seconds left.
|
|t:|1783410796
|teamsize|p1|4
|teamsize|p2|4
|start
|switch|p1a: Rotom|Rotom-Heat, L50|100/100
|switch|p1b: Sceptile|Sceptile, L50, F|100/100
|switch|p2a: Whimsicott|Whimsicott, L50, F|100/100
|switch|p2b: Chandelure|Chandelure, L50, F|100/100
|turn|1
|inactive|25th_mang has 30 seconds left.
|inactive|25th_mang has 20 seconds left.
|inactive|25th_mang has 15 seconds left.
|inactive|25th_mang has 10 seconds left.
|
|t:|1783410843
|detailschange|p1b: Sceptile|Sceptile-Mega, L50, F
|-mega|p1b: Sceptile|Sceptile|Sceptilite
|detailschange|p2b: Chandelure|Chandelure-Mega, L50, F
|-mega|p2b: Chandelure|Chandelure|Chandelurite
|move|p1b: Sceptile|Protect|p1b: Sceptile
|-singleturn|p1b: Sceptile|Protect
|move|p2b: Chandelure|Protect|p2b: Chandelure
|-singleturn|p2b: Chandelure|Protect
|move|p2a: Whimsicott|Tailwind|p2a: Whimsicott
|-sidestart|p2: 25th_mang|move: Tailwind
|move|p1a: Rotom|Discharge|p2b: Chandelure|[spread] p2a
|-activate|p1b: Sceptile|move: Protect
|-activate|p2b: Chandelure|move: Protect
|-resisted|p2a: Whimsicott|1
|-damage|p2a: Whimsicott|75/100
|
|upkeep
|turn|2
|inactive|555jjjhjhjhj has 30 seconds left.
|
|t:|1783410877
|switch|p1a: Raichu|Raichu, L50, M|100/100
|switch|p1b: Whimsicott|Whimsicott, L50, F|100/100
|move|p2a: Whimsicott|Encore||[still]
|-fail|p2a: Whimsicott
|move|p2b: Chandelure|Heat Wave|p1a: Raichu|[spread] p1a,p1b
|-supereffective|p1b: Whimsicott|1
|-damage|p1a: Raichu|21/100
|-enditem|p1b: Whimsicott|Focus Sash
|-damage|p1b: Whimsicott|1/100
|
|upkeep
|turn|3
|
|t:|1783410898
|switch|p2a: Tsareena|Tsareena, L50, F|100/100
|move|p1a: Raichu|Fake Out||[still]
|cant|p2a: Tsareena|ability: Queenly Majesty|Fake Out|[of] p1a: Raichu
|move|p1b: Whimsicott|Tailwind|p1b: Whimsicott
|-sidestart|p1: 555jjjhjhjhj|move: Tailwind
|move|p2b: Chandelure|Heat Wave|p1a: Raichu|[spread] p1a,p1b
|-supereffective|p1b: Whimsicott|1
|-damage|p1a: Raichu|0 fnt
|-damage|p1b: Whimsicott|0 fnt
|faint|p1a: Raichu
|faint|p1b: Whimsicott
|
|upkeep
|
|t:|1783410911
|switch|p1a: Rotom|Rotom-Heat, L50|100/100
|switch|p1b: Sceptile|Sceptile-Mega, L50, F|100/100
|turn|4
|inactive|25th_mang has 30 seconds left.
|
|t:|1783410940
|move|p1a: Rotom|Discharge|p2b: Chandelure|[spread] p2a,p2b
|-ability|p1b: Sceptile|Lightning Rod|boost
|-boost|p1b: Sceptile|spa|1
|-resisted|p2a: Tsareena|1
|-damage|p2a: Tsareena|84/100
|-damage|p2b: Chandelure|73/100
|-status|p2a: Tsareena|par
|move|p1b: Sceptile|Dragon Pulse|p2a: Tsareena
|-damage|p2a: Tsareena|12/100 par
|move|p2a: Tsareena|Triple Axel|p1b: Sceptile
|-supereffective|p1b: Sceptile|2
|-damage|p1b: Sceptile|59/100
|-supereffective|p1b: Sceptile|2
|-damage|p1b: Sceptile|0 fnt
|faint|p1b: Sceptile
|-hitcount|p1: Sceptile|2
|move|p2b: Chandelure|Trick Room|p2b: Chandelure
|-fieldstart|move: Trick Room|[of] p2b: Chandelure
|
|-sideend|p2: 25th_mang|move: Tailwind
|upkeep
|turn|5
|
|t:|1783410962
|switch|p2a: Garchomp|Garchomp, L50, F|100/100
|move|p2b: Chandelure|Shadow Ball|p1a: Rotom
|-damage|p1a: Rotom|25/100
|move|p1a: Rotom|Discharge|p2b: Chandelure|[spread] p2b
|-immune|p2a: Garchomp
|-damage|p2b: Chandelure|45/100
|-status|p2b: Chandelure|par
|
|upkeep
|turn|6
|-message|555jjjhjhjhj forfeited.
|
|win|25th_mang
|l|☆555jjjhjhjhj
|player|p1|
||555jjjhjhjhj is ready for game 2.
