|j|☆miguelowned
|j|☆KChiefs7
|html|miguelownedKChiefs7    
|uhtml|bestof|Game 3 of a best-of-3
|t:|1757788640
|gametype|doubles
|player|p1|miguelowned|2|1268
|player|p2|KChiefs7|swimmer-gen4|1161
|gen|9
|tier|[Gen 9] VGC 2025 Reg H (Bo3)
|rated|
|rule|Species Clause: Limit one of each Pokémon
|rule|Item Clause: Limit 1 of each item
|clearpoke
|poke|p1|Gholdengo, L50|
|poke|p1|Incineroar, L50, F|
|poke|p1|Dragonite, L50, F|
|poke|p1|Ursaluna, L50, M|
|poke|p1|Annihilape, L50, F|
|poke|p1|Electabuzz, L50, M|
|poke|p2|Ursaluna, L50, M|
|poke|p2|Gholdengo, L50|
|poke|p2|Amoonguss, L50, M|
|poke|p2|Porygon2, L50|
|poke|p2|Incineroar, L50, M|
|poke|p2|Flamigo, L50, M|
|teampreview|4
|showteam|p1|Gholdengo||LifeOrb|GoodasGold|MakeItRain,ShadowBall,NastyPlot,Protect||||||50|,,,,,Water]Incineroar||AssaultVest|Intimidate|FakeOut,FlareBlitz,KnockOff,Uturn|||F|||50|,,,,,Grass]Dragonite||LoadedDice|Multiscale|ScaleShot,Haze,Tailwind,Protect|||F|||50|,,,,,Steel]Ursaluna||FlameOrb|Guts|Facade,HeadlongRush,Earthquake,Protect|||M|||50|,,,,,Ghost]Annihilape||SafetyGoggles|Defiant|Coaching,CloseCombat,RageFist,FinalGambit|||F|||50|,,,,,Steel]Electabuzz||Eviolite|VitalSpirit|Electroweb,Taunt,FollowMe,Protect|||M|||50|,,,,,Dragon
|showteam|p2|Ursaluna||FlameOrb|Guts|Facade,Earthquake,Substitute,Protect|||M|||50|,,,,,Ghost]Gholdengo||LifeOrb|GoodasGold|MakeItRain,ShadowBall,NastyPlot,Protect||||||50|,,,,,Steel]Amoonguss||SitrusBerry|Regenerator|RagePowder,Spore,PollenPuff,Protect|||M|||50|,,,,,Fairy]Porygon2||Eviolite|Download|Thunderbolt,IceBeam,Recover,TrickRoom||||||50|,,,,,Flying]Incineroar||AssaultVest|Intimidate|FlareBlitz,KnockOff,FakeOut,Uturn|||M|||50|,,,,,Grass]Flamigo||FocusSash|Scrappy|CloseCombat,BraveBird,WideGuard,Detect|||M|||50|,,,,,Stellar
|inactive|Battle timer is ON: inactive players will automatically lose when time's up. (requested by KChiefs7)
|inactive|miguelowned has 60 seconds left.
|
|t:|1757788679
|teamsize|p1|4
|teamsize|p2|4
|start
|switch|p1a: Dragonite|Dragonite, L50, F|100/100
|switch|p1b: Gholdengo|Gholdengo, L50|100/100
|switch|p2a: Porygon2|Porygon2, L50|100/100
|switch|p2b: Flamigo|Flamigo, L50, M|100/100
|-ability|p2a: Porygon2|Download|boost
|-boost|p2a: Porygon2|atk|1
|turn|1
|inactive|miguelowned has 30 seconds left.
|inactive|KChiefs7 has 30 seconds left.
|inactive|miguelowned has 20 seconds left.
|
|t:|1757788719
|move|p1b: Gholdengo|Protect|p1b: Gholdengo
|-singleturn|p1b: Gholdengo|Protect
|move|p2b: Flamigo|Close Combat|p1a: Dragonite
|-resisted|p1a: Dragonite
|-damage|p1a: Dragonite|83/100
|-unboost|p2b: Flamigo|def|1
|-unboost|p2b: Flamigo|spd|1
|move|p1a: Dragonite|Scale Shot|p2b: Flamigo
|-damage|p2b: Flamigo|69/100
|-damage|p2b: Flamigo|38/100
|-damage|p2b: Flamigo|6/100
|-damage|p2b: Flamigo|0 fnt
|faint|p2b: Flamigo
|-hitcount|p2: Flamigo|4
|-unboost|p1a: Dragonite|def|1
|-boost|p1a: Dragonite|spe|1
|move|p2a: Porygon2|Trick Room|p2a: Porygon2
|-fieldstart|move: Trick Room|[of] p2a: Porygon2
|
|upkeep
|
|t:|1757788738
|switch|p2b: Ursaluna|Ursaluna, L50, M|100/100
|turn|2
|
|t:|1757788760
|switch|p1a: Incineroar|Incineroar, L50, F, shiny|100/100
|-ability|p1a: Incineroar|Intimidate|boost
|-unboost|p2a: Porygon2|atk|1
|-unboost|p2b: Ursaluna|atk|1
|-terastallize|p2a: Porygon2|Flying
|move|p2b: Ursaluna|Earthquake|p1b: Gholdengo|[spread] p1a,p1b
|-immune|p2a: Porygon2
|-supereffective|p1a: Incineroar
|-supereffective|p1b: Gholdengo
|-damage|p1a: Incineroar|41/100
|-damage|p1b: Gholdengo|36/100
|move|p2a: Porygon2|Ice Beam|p1a: Incineroar
|-resisted|p1a: Incineroar
|-damage|p1a: Incineroar|34/100
|move|p1b: Gholdengo|Make It Rain|p2b: Ursaluna|[spread] p2a,p2b
|-damage|p2a: Porygon2|59/100
|-damage|p2b: Ursaluna|53/100
|-unboost|p1b: Gholdengo|spa|1
|-damage|p1b: Gholdengo|26/100|[from] item: Life Orb
|
|-status|p2b: Ursaluna|brn|[from] item: Flame Orb
|upkeep
|turn|3
|inactive|miguelowned has 30 seconds left.
|inactive|KChiefs7 has 30 seconds left.
|inactive|miguelowned has 20 seconds left.
|inactive|KChiefs7 has 20 seconds left.
|inactive|miguelowned has 15 seconds left.
|inactive|KChiefs7 has 15 seconds left.
|inactive|KChiefs7 has 10 seconds left.
|inactive|miguelowned has 10 seconds left.
|
|t:|1757788814
|switch|p1b: Ursaluna|Ursaluna, L50, M|100/100
|move|p2b: Ursaluna|Protect|p2b: Ursaluna
|-singleturn|p2b: Ursaluna|Protect
|move|p1a: Incineroar|Fake Out|p2b: Ursaluna
|-activate|p2b: Ursaluna|move: Protect
|move|p2a: Porygon2|Recover|p2a: Porygon2
|-heal|p2a: Porygon2|100/100
|
|-damage|p2b: Ursaluna|47/100 brn|[from] brn
|-status|p1b: Ursaluna|brn|[from] item: Flame Orb
|upkeep
|turn|4
|inactive|KChiefs7 has 30 seconds left.
|
|t:|1757788848
|switch|p2b: Incineroar|Incineroar, L50, M, shiny|100/100
|-ability|p2b: Incineroar|Intimidate|boost
|-unboost|p1a: Incineroar|atk|1
|-unboost|p1b: Ursaluna|atk|1
|switch|p1a: Gholdengo|Gholdengo, L50|26/100
|move|p1b: Ursaluna|Protect|p1b: Ursaluna
|-singleturn|p1b: Ursaluna|Protect
|move|p2a: Porygon2|Ice Beam|p1b: Ursaluna
|-activate|p1b: Ursaluna|move: Protect
|
|-damage|p1b: Ursaluna|95/100 brn|[from] brn
|upkeep
|turn|5
|inactive|miguelowned has 30 seconds left.
|inactive|KChiefs7 has 30 seconds left.
|inactive|miguelowned has 20 seconds left.
|inactive|KChiefs7 has 20 seconds left.
|
|t:|1757788884
|move|p2a: Porygon2|Ice Beam|p1b: Ursaluna
|-supereffective|p1b: Ursaluna
|-damage|p1b: Ursaluna|43/100 brn
|move|p2b: Incineroar|Knock Off|p1b: Ursaluna
|-damage|p1b: Ursaluna|5/100 brn
|-enditem|p1b: Ursaluna|Flame Orb|[from] move: Knock Off|[of] p2b: Incineroar
|move|p1b: Ursaluna|Headlong Rush|p2b: Incineroar
|-supereffective|p2b: Incineroar
|-damage|p2b: Incineroar|0 fnt
|-unboost|p1b: Ursaluna|def|1
|-unboost|p1b: Ursaluna|spd|1
|faint|p2b: Incineroar
|move|p1a: Gholdengo|Shadow Ball|p2a: Porygon2
|-damage|p2a: Porygon2|65/100
|-damage|p1a: Gholdengo|17/100|[from] item: Life Orb
|
|-damage|p1b: Ursaluna|0 fnt|[from] brn
|faint|p1b: Ursaluna
|-fieldend|move: Trick Room
|upkeep
|
|t:|1757788895
|switch|p1b: Dragonite|Dragonite, L50, F|83/100
|switch|p2b: Ursaluna|Ursaluna, L50, M|47/100 brn
|turn|6
|inactive|KChiefs7 has 30 seconds left.
|
|t:|1757788925
|move|p1a: Gholdengo|Make It Rain|p2a: Porygon2|[spread] p2a,p2b
|-damage|p2a: Porygon2|24/100
|-damage|p2b: Ursaluna|0 fnt
|-unboost|p1a: Gholdengo|spa|1
|faint|p2b: Ursaluna
|-damage|p1a: Gholdengo|7/100|[from] item: Life Orb
|move|p1b: Dragonite|Scale Shot|p2a: Porygon2
|-damage|p2a: Porygon2|15/100
|-damage|p2a: Porygon2|5/100
|-damage|p2a: Porygon2|0 fnt
|faint|p2a: Porygon2
|-hitcount|p2: Porygon2|3
|
|win|miguelowned
|raw|miguelowned's rating: 1268 → 1286(+18 for winning)
|raw|KChiefs7's rating: 1161 → 1143(-18 for losing)
|l|☆miguelowned
|player|p1|
