|j|‽gwen1126
|j|☆Pelosis
|html|gwen1126Pelosis    
|uhtml|bestof|Game 1 of a best-of-3
|t:|1784724317
|gametype|doubles
|player|p1|gwen1126|265|1137
|player|p2|Pelosis|266|1196
|gen|9
|tier|[Gen 9 Champions] VGC 2026 Reg M-B (Bo3)
|rated|
|rule|Species Clause: Limit one of each Pokémon
|rule|Item Clause: Limit 1 of each item
|clearpoke
|poke|p1|Decidueye-Hisui, L50, M|
|poke|p1|Chandelure, L50, F|
|poke|p1|Liepard, L50, M|
|poke|p1|Scizor, L50, F|
|poke|p1|Greninja, L50, M|
|poke|p1|Aerodactyl, L50, M|
|poke|p2|Mawile, L50, F|
|poke|p2|Farigiraf, L50, F|
|poke|p2|Incineroar, L50, F|
|poke|p2|Torkoal, L50, F|
|poke|p2|Venusaur, L50, F|
|poke|p2|Scrafty, L50, M|
|teampreview|4
|showteam|p1|Decidueye-Hisui||ScopeLens|Scrappy|LeafBlade,TripleArrows,ShadowClaw,Protect|Adamant||M|||50|]Chandelure||ColburBerry|FlashFire|ShadowBall,HeatWave,Taunt,Protect|Modest||F|||50|]Liepard||FocusBand|Prankster|ThroatChop,Yawn,Encore,HyperVoice|Serious||M|||50|]Scizor||Scizorite|Technician|IronHead,CloseCombat,Lunge,Protect|Adamant||F|||50|]Greninja||LifeOrb|Protean|IceBeam,LowKick,RockSlide,Protect|Hasty||M|||50|]Aerodactyl||Aerodactylite|RockHead|RockSlide,AerialAce,DragonClaw,Protect|Jolly||M|||50|
|showteam|p2|Mawile||Mawilite|HyperCutter|Protect,PlayRough,RockSlide,SuckerPunch|Brave||F|||50|]Farigiraf||SitrusBerry|ArmorTail|TrickRoom,TwinBeam,Thunderbolt,HelpingHand|Quiet||F|||50|]Incineroar||WhiteHerb|Intimidate|FakeOut,CloseCombat,FlareBlitz,DarkestLariat|Brave||F|||50|]Torkoal||Charcoal|Drought|Protect,Eruption,HeatWave,WeatherBall|Quiet||F|||50|]Venusaur||FocusSash|Chlorophyll|SleepPowder,EarthPower,EnergyBall,SludgeBomb|Modest||F|||50|]Scrafty||Scraftinite|Intimidate|FakeOut,CloseCombat,KnockOff,IcePunch|Brave||M|||50|
|inactive|Battle timer is ON: inactive players will automatically lose when time's up. (requested by Pelosis)
|
|t:|1784724372
|teamsize|p1|4
|teamsize|p2|4
|start
|switch|p1a: Chandelure|Chandelure, L50, F|100/100
|switch|p1b: Liepard|Liepard, L50, M|100/100
|switch|p2a: Farigiraf|Farigiraf, L50, F|100/100
|switch|p2b: Incineroar|Incineroar, L50, F|100/100
|-ability|p2b: Incineroar|Intimidate|boost
|-unboost|p1a: Chandelure|atk|1
|-unboost|p1b: Liepard|atk|1
|turn|1
|inactive|gwen1126 has 30 seconds left.
|inactive|Pelosis has 30 seconds left.
|inactive|gwen1126 has 20 seconds left.
|inactive|Pelosis has 20 seconds left.
|inactive|gwen1126 has 15 seconds left.
|inactive|gwen1126 has 10 seconds left.
|
|t:|1784724417
|move|p2a: Farigiraf|Helping Hand|p2b: Incineroar
|-singleturn|p2b: Incineroar|Helping Hand|[of] p2a: Farigiraf
|move|p1b: Liepard|Hyper Voice|p2b: Incineroar|[spread] p2a,p2b
|-damage|p2a: Farigiraf|86/100
|-damage|p2b: Incineroar|87/100
|move|p1a: Chandelure|Taunt|p2a: Farigiraf
|-start|p2a: Farigiraf|move: Taunt
|move|p2b: Incineroar|Darkest Lariat|p1a: Chandelure
|-supereffective|p1a: Chandelure|1
|-enditem|p1a: Chandelure|Colbur Berry|[eat]
|-enditem|p1a: Chandelure|Colbur Berry|[weaken]
|-damage|p1a: Chandelure|16/100
|
|upkeep
|turn|2
|inactive|gwen1126 has 30 seconds left.
|inactive|Pelosis has 30 seconds left.
|inactive|gwen1126 has 20 seconds left.
|inactive|gwen1126 has 15 seconds left.
|inactive|Pelosis has 20 seconds left.
|inactive|gwen1126 has 10 seconds left.
|
|t:|1784724462
|move|p1a: Chandelure|Protect|p1a: Chandelure
|-singleturn|p1a: Chandelure|Protect
|move|p1b: Liepard|Yawn||[still]
|cant|p2a: Farigiraf|ability: Armor Tail|Yawn|[of] p1b: Liepard
|move|p2b: Incineroar|Close Combat|p1b: Liepard
|-supereffective|p1b: Liepard|1
|-damage|p1b: Liepard|0 fnt
|-unboost|p2b: Incineroar|def|1
|-unboost|p2b: Incineroar|spd|1
|faint|p1b: Liepard
|-enditem|p2b: Incineroar|White Herb
|-clearnegativeboost|p2b: Incineroar|[silent]
|move|p2a: Farigiraf|Thunderbolt|p1a: Chandelure
|-activate|p1a: Chandelure|move: Protect
|
|upkeep
|
|t:|1784724484
|switch|p1b: Aerodactyl|Aerodactyl, L50, M|100/100
|turn|3
|inactive|Pelosis has 30 seconds left.
|
|t:|1784724512
|switch|p2a: Scrafty|Scrafty, L50, M|100/100
|-ability|p2a: Scrafty|Intimidate|boost
|-unboost|p1a: Chandelure|atk|1
|-unboost|p1b: Aerodactyl|atk|1
|detailschange|p1b: Aerodactyl|Aerodactyl-Mega, L50, M
|-mega|p1b: Aerodactyl|Aerodactyl|Aerodactylite
|move|p1b: Aerodactyl|Rock Slide|p2a: Scrafty|[spread] p2a,p2b
|-resisted|p2a: Scrafty|1
|-supereffective|p2b: Incineroar|1
|-damage|p2a: Scrafty|91/100
|-damage|p2b: Incineroar|53/100
|move|p1a: Chandelure|Heat Wave|p2b: Incineroar|[spread] p2a,p2b
|-resisted|p2b: Incineroar|1
|-damage|p2a: Scrafty|54/100
|-damage|p2b: Incineroar|34/100
|move|p2b: Incineroar|Darkest Lariat|p1a: Chandelure
|-supereffective|p1a: Chandelure|1
|-damage|p1a: Chandelure|0 fnt
|faint|p1a: Chandelure
|
|upkeep
|
|t:|1784724533
|switch|p1a: Greninja|Greninja, L50, M|100/100
|turn|4
|inactive|Pelosis has 30 seconds left.
|
|t:|1784724561
|switch|p2b: Farigiraf|Farigiraf, L50, F|86/100
|detailschange|p2a: Scrafty|Scrafty-Mega, L50, M
|-mega|p2a: Scrafty|Scrafty|Scraftinite
|-ability|p2a: Scrafty|Intimidate|boost
|-unboost|p1a: Greninja|atk|1
|-unboost|p1b: Aerodactyl|atk|1
|move|p2a: Scrafty|Fake Out|p1a: Greninja
|-damage|p1a: Greninja|68/100
|move|p1b: Aerodactyl|Rock Slide|p2b: Farigiraf|[spread] p2a,p2b
|-resisted|p2a: Scrafty|1
|-damage|p2a: Scrafty|48/100
|-damage|p2b: Farigiraf|71/100
|cant|p1a: Greninja|flinch
|
|upkeep
|turn|5
|inactive|gwen1126 has 30 seconds left.
|inactive|gwen1126 has 20 seconds left.
|
|t:|1784724599
|switch|p2a: Incineroar|Incineroar, L50, F|34/100
|-ability|p2a: Incineroar|Intimidate|boost
|-unboost|p1a: Greninja|atk|1
|-unboost|p1b: Aerodactyl|atk|1
|move|p1a: Greninja|Protect|p1a: Greninja
|-start|p1a: Greninja|typechange|Normal|[from] ability: Protean
|-singleturn|p1a: Greninja|Protect
|move|p1b: Aerodactyl|Aerial Ace|p2a: Incineroar
|-damage|p2a: Incineroar|18/100
|move|p2b: Farigiraf|Trick Room|p2b: Farigiraf
|-fieldstart|move: Trick Room|[of] p2b: Farigiraf
|
|upkeep
|turn|6
|
|t:|1784724622
|move|p2a: Incineroar|Close Combat|p1a: Greninja
|-supereffective|p1a: Greninja|1
|-damage|p1a: Greninja|0 fnt
|-unboost|p2a: Incineroar|def|1
|-unboost|p2a: Incineroar|spd|1
|faint|p1a: Greninja
|move|p2b: Farigiraf|Thunderbolt|p1b: Aerodactyl
|-supereffective|p1b: Aerodactyl|1
|-damage|p1b: Aerodactyl|38/100
|move|p1b: Aerodactyl|Dragon Claw|p2a: Incineroar
|-damage|p2a: Incineroar|0 fnt
|faint|p2a: Incineroar
|
|upkeep
|
|t:|1784724634
|switch|p2a: Scrafty|Scrafty-Mega, L50, M|48/100
|-ability|p2a: Scrafty|Intimidate|boost
|-unboost|p1b: Aerodactyl|atk|1
|turn|7
|
|t:|1784724649
|move|p2a: Scrafty|Fake Out|p1b: Aerodactyl
|-resisted|p1b: Aerodactyl|1
|-damage|p1b: Aerodactyl|29/100
|move|p2b: Farigiraf|Thunderbolt|p1b: Aerodactyl
|-supereffective|p1b: Aerodactyl|1
|-damage|p1b: Aerodactyl|0 fnt
|faint|p1b: Aerodactyl
|
|win|Pelosis
|l|‽gwen1126
|player|p1|
