|j|☆Iultimatemage
|j|☆importarcade
|html|Iultimatemageimportarcade    
|uhtml|bestof|Game 2 of a best-of-3
|t:|1784475289
|gametype|doubles
|player|p1|Iultimatemage|1|1069
|player|p2|importarcade|ethan|1111
|gen|9
|tier|[Gen 9 Champions] VGC 2026 Reg M-B (Bo3)
|rated|
|rule|Species Clause: Limit one of each Pokémon
|rule|Item Clause: Limit 1 of each item
|clearpoke
|poke|p1|Eelektross, L50, F|
|poke|p1|Garchomp, L50, F|
|poke|p1|Sinistcha-Masterpiece, L50|
|poke|p1|Talonflame, L50, M|
|poke|p1|Incineroar, L50, M|
|poke|p1|Corviknight, L50, F|
|poke|p2|Venusaur, L50, M|
|poke|p2|Charizard, L50, M|
|poke|p2|Grimmsnarl, L50, M|
|poke|p2|Archaludon, L50, F|
|poke|p2|Basculegion, L50, M|
|poke|p2|Pelipper, L50, F|
|teampreview|4
|showteam|p1|Eelektross||Eelektrossite|Levitate|Thunderbolt,Flamethrower,DragonPulse,Protect|Modest||F|||50|]Garchomp||LifeOrb|RoughSkin|Earthquake,RockSlide,DragonClaw,Protect|Jolly||F|||50|]Sinistcha-Masterpiece||ColburBerry|Hospitality|MatchaGotcha,TrickRoom,Protect,RagePowder|Relaxed|||||50|]Talonflame|||GaleWings|QuickGuard,Tailwind,Acrobatics,FlareBlitz|Jolly||M|||50|]Incineroar||WhiteHerb|Intimidate|FlareBlitz,FakeOut,ThroatChop,PartingShot|Adamant||M|||50|]Corviknight||Leftovers|MirrorArmor|IronDefense,BodyPress,IronHead,Tailwind|Careful||F|||50|
|showteam|p2|Venusaur||FocusSash|Chlorophyll|SludgeBomb,EarthPower,SleepPowder,Protect|Modest||M|||50|]Charizard||CharizarditeY|Blaze|Protect,HeatWave,SolarBeam,WeatherBall|Modest||M|||50|]Grimmsnarl||LightClay|Prankster|SpiritBreak,LightScreen,Reflect,PartingShot|Sassy||M|||50|]Archaludon||Leftovers|Stamina|ElectroShot,DragonPulse,FlashCannon,Protect|Calm||F|||50|]Basculegion||ChoiceScarf|Adaptability|WaveCrash,LastRespects,AquaJet,FlipTurn|Jolly||M|||50|]Pelipper||SitrusBerry|Drizzle|Hurricane,WeatherBall,Tailwind,WideGuard|Modest||F|||50|
|inactive|Battle timer is ON: inactive players will automatically lose when time's up. (requested by Iultimatemage)
|inactive|importarcade has 60 seconds left.
|
|t:|1784475328
|teamsize|p1|4
|teamsize|p2|4
|start
|switch|p1a: Talonflame|Talonflame, L50, M|100/100
|switch|p1b: Eelektross|Eelektross, L50, F|100/100
|switch|p2a: Charizard|Charizard, L50, M|100/100
|switch|p2b: Venusaur|Venusaur, L50, M|100/100
|turn|1
|inactive|importarcade has 30 seconds left.
|
|t:|1784475354
|detailschange|p2a: Charizard|Charizard-Mega-Y, L50, M
|-mega|p2a: Charizard|Charizard|Charizardite Y
|-weather|SunnyDay|[from] ability: Drought|[of] p2a: Charizard
|detailschange|p1b: Eelektross|Eelektross-Mega, L50, F
|-mega|p1b: Eelektross|Eelektross|Eelektrossite
|move|p2a: Charizard|Protect|p2a: Charizard
|-singleturn|p2a: Charizard|Protect
|move|p1b: Eelektross|Protect|p1b: Eelektross
|-singleturn|p1b: Eelektross|Protect
|move|p1a: Talonflame|Tailwind|p1a: Talonflame
|-sidestart|p1: Iultimatemage|move: Tailwind
|move|p2b: Venusaur|Sleep Powder|p1b: Eelektross
|-activate|p1b: Eelektross|move: Protect
|
|-weather|SunnyDay|[upkeep]
|upkeep
|turn|2
|inactive|Iultimatemage has 30 seconds left.
|inactive|importarcade has 30 seconds left.
|
|t:|1784475384
|move|p1a: Talonflame|Acrobatics|p2b: Venusaur
|-supereffective|p2b: Venusaur|1
|-enditem|p2b: Venusaur|Focus Sash
|-damage|p2b: Venusaur|1/100
|move|p2b: Venusaur|Sleep Powder|p1b: Eelektross
|-status|p1b: Eelektross|slp|[from] move: Sleep Powder
|cant|p1b: Eelektross|slp
|move|p2a: Charizard|Heat Wave|p1b: Eelektross|[spread] p1a,p1b
|-resisted|p1a: Talonflame|1
|-damage|p1a: Talonflame|52/100
|-damage|p1b: Eelektross|37/100 slp
|
|-weather|SunnyDay|[upkeep]
|upkeep
|turn|3
|
|t:|1784475403
|move|p2b: Venusaur|Protect|p2b: Venusaur
|-singleturn|p2b: Venusaur|Protect
|move|p1a: Talonflame|Tailwind||[still]
|-fail|p1a: Talonflame
|-curestatus|p1b: Eelektross|slp|[msg]
|move|p1b: Eelektross|Thunderbolt|p2a: Charizard
|-supereffective|p2a: Charizard|1
|-damage|p2a: Charizard|3/100
|move|p2a: Charizard|Heat Wave|p1a: Talonflame|[spread] p1a,p1b
|-resisted|p1a: Talonflame|1
|-damage|p1a: Talonflame|2/100
|-damage|p1b: Eelektross|0 fnt
|faint|p1b: Eelektross
|
|-weather|SunnyDay|[upkeep]
|upkeep
|
|t:|1784475411
|switch|p1b: Garchomp|Garchomp, L50, F|100/100
|turn|4
|inactive|importarcade has 30 seconds left.
|inactive|importarcade has 20 seconds left.
|
|t:|1784475446
|move|p2a: Charizard|Protect|p2a: Charizard
|-singleturn|p2a: Charizard|Protect
|move|p1a: Talonflame|Acrobatics|p2b: Venusaur
|-supereffective|p2b: Venusaur|1
|-damage|p2b: Venusaur|0 fnt
|faint|p2b: Venusaur
|move|p1b: Garchomp|Dragon Claw|p2a: Charizard
|-activate|p2a: Charizard|move: Protect
|
|-weather|SunnyDay|[upkeep]
|-sideend|p1: Iultimatemage|move: Tailwind
|upkeep
|
|t:|1784475463
|switch|p2b: Pelipper|Pelipper, L50, F|100/100
|-weather|RainDance|[from] ability: Drizzle|[of] p2b: Pelipper
|turn|5
|inactive|importarcade has 30 seconds left.
|inactive|importarcade has 20 seconds left.
|
|t:|1784475502
|move|p1a: Talonflame|Tailwind|p1a: Talonflame
|-sidestart|p1: Iultimatemage|move: Tailwind
|move|p1b: Garchomp|Dragon Claw|p2a: Charizard
|-damage|p2a: Charizard|0 fnt
|faint|p2a: Charizard
|-damage|p1b: Garchomp|90/100|[from] item: Life Orb
|move|p2b: Pelipper|Weather Ball|p1b: Garchomp
|-crit|p1b: Garchomp
|-damage|p1b: Garchomp|0 fnt
|faint|p1b: Garchomp
|
|-weather|RainDance|[upkeep]
|upkeep
|
|t:|1784475514
|switch|p1b: Incineroar|Incineroar, L50, M|100/100
|switch|p2a: Archaludon|Archaludon, L50, F|100/100
|-ability|p1b: Incineroar|Intimidate|boost
|-unboost|p2a: Archaludon|atk|1
|-unboost|p2b: Pelipper|atk|1
|turn|6
|
|t:|1784475537
|move|p1b: Incineroar|Fake Out|p2b: Pelipper
|-damage|p2b: Pelipper|86/100
|move|p1a: Talonflame|Acrobatics|p2b: Pelipper
|-damage|p2b: Pelipper|39/100
|-enditem|p2b: Pelipper|Sitrus Berry|[eat]
|-heal|p2b: Pelipper|64/100|[from] item: Sitrus Berry
|move|p2a: Archaludon|Electro Shot||[still]
|-prepare|p2a: Archaludon|Electro Shot
|-boost|p2a: Archaludon|spa|1
|-anim|p2a: Archaludon|Electro Shot|p1a: Talonflame
|-supereffective|p1a: Talonflame|1
|-crit|p1a: Talonflame
|-damage|p1a: Talonflame|0 fnt
|faint|p1a: Talonflame
|cant|p2b: Pelipper|flinch
|
|-weather|RainDance|[upkeep]
|upkeep
|turn|7
|-message|Iultimatemage forfeited.
|
|win|importarcade
||Iultimatemage is ready for game 3.
||importarcade is ready for game 3.
|uhtml|next|Next: Game 3 of 3
