|j|☆whoopeesucle
|j|☆desrichards
|html|whoopeesucledesrichards    
|uhtml|bestof|Game 2 of a best-of-3
|t:|1784592642
|gametype|doubles
|player|p1|whoopeesucle|1|1074
|player|p2|desrichards|hilbert|1037
|gen|9
|tier|[Gen 9 Champions] VGC 2026 Reg M-B (Bo3)
|rated|
|rule|Species Clause: Limit one of each Pokémon
|rule|Item Clause: Limit 1 of each item
|clearpoke
|poke|p1|Froslass, L50, F|
|poke|p1|Dragonite, L50, F|
|poke|p1|Kingambit, L50, F|
|poke|p1|Blaziken, L50, F|
|poke|p1|Toxapex, L50, F|
|poke|p1|Sneasler, L50, M|
|poke|p2|Blaziken, L50, F|
|poke|p2|Whimsicott, L50, M|
|poke|p2|Basculegion, L50, M|
|poke|p2|Garchomp, L50, M|
|poke|p2|Kingambit, L50, M|
|poke|p2|Eelektross, L50, M|
|teampreview|4
|showteam|p1|Froslass||Froslassite|CursedBody|Blizzard,Protect,AuroraVeil,Avalanche|Timid||F|||50|]Dragonite||LifeOrb|InnerFocus|DragonClaw,LowKick,Protect,ExtremeSpeed|Adamant||F|||50|]Kingambit||BlackGlasses|Defiant|Protect,SuckerPunch,KowtowCleave,IronHead|Adamant||F|||50|]Blaziken||Blazikenite|SpeedBoost|CloseCombat,FlareBlitz,Protect,RockSlide|Adamant||F|||50|]Toxapex||Leftovers|Regenerator|Infestation,Toxic,BanefulBunker,WideGuard|Bold||F|||50|]Sneasler||FocusSash|PoisonTouch|DireClaw,FakeOut,Protect,CloseCombat|Jolly||M|||50|
|showteam|p2|Blaziken||Blazikenite|SpeedBoost|CloseCombat,FlareBlitz,RockSlide,Protect|Adamant||F|||50|]Whimsicott||FocusSash|Prankster|SunnyDay,Moonblast,Tailwind,Protect|Timid||M|||50|]Basculegion||ChoiceScarf|Adaptability|PsychicFangs,AquaJet,WaveCrash,LastRespects|Adamant||M|||50|]Garchomp||LifeOrb|RoughSkin|StompingTantrum,DragonClaw,PoisonJab,Protect|Serious||M|||50|]Kingambit||ChopleBerry|Defiant|LowKick,IronHead,SuckerPunch,KowtowCleave|Adamant||M|||50|]Eelektross||Eelektrossite|Levitate|Protect,Flamethrower,GigaDrain,WildCharge|Modest||M|||50|
|
|t:|1784592684
|teamsize|p1|4
|teamsize|p2|4
|start
|switch|p1a: Dragonite|Dragonite, L50, F|100/100
|switch|p1b: Kingambit|Kingambit, L50, F|100/100
|switch|p2a: Blaziken|Blaziken, L50, F|100/100
|switch|p2b: Whimsicott|Whimsicott, L50, M|100/100
|turn|1
|
|t:|1784592721
|switch|p1b: Toxapex|Toxapex, L50, F|100/100
|detailschange|p2a: Blaziken|Blaziken-Mega, L50, F
|-mega|p2a: Blaziken|Blaziken|Blazikenite
|move|p1a: Dragonite|Protect|p1a: Dragonite
|-singleturn|p1a: Dragonite|Protect
|move|p2b: Whimsicott|Moonblast|p1a: Dragonite
|-activate|p1a: Dragonite|move: Protect
|move|p2a: Blaziken|Close Combat|p1b: Toxapex
|-resisted|p1b: Toxapex|1
|-crit|p1b: Toxapex
|-damage|p1b: Toxapex|63/100
|-unboost|p2a: Blaziken|def|1
|-unboost|p2a: Blaziken|spd|1
|
|-heal|p1b: Toxapex|69/100|[from] item: Leftovers
|-ability|p2a: Blaziken|Speed Boost|boost
|-boost|p2a: Blaziken|spe|1
|upkeep
|turn|2
|l|☆desrichards
|player|p2|
|j|☆desrichards
|player|p2|desrichards|hilbert|
|
|t:|1784592758
|move|p2a: Blaziken|Protect|p2a: Blaziken
|-singleturn|p2a: Blaziken|Protect
|move|p1a: Dragonite|Extreme Speed|p2a: Blaziken
|-activate|p2a: Blaziken|move: Protect
|move|p2b: Whimsicott|Moonblast|p1a: Dragonite
|-supereffective|p1a: Dragonite|1
|-damage|p1a: Dragonite|23/100
|move|p1b: Toxapex|Toxic|p2a: Blaziken
|-activate|p2a: Blaziken|move: Protect
|
|-heal|p1b: Toxapex|75/100|[from] item: Leftovers
|-ability|p2a: Blaziken|Speed Boost|boost
|-boost|p2a: Blaziken|spe|1
|upkeep
|turn|3
|
|t:|1784592774
|switch|p2a: Basculegion|Basculegion, L50, M|100/100
|move|p1a: Dragonite|Protect|p1a: Dragonite
|-singleturn|p1a: Dragonite|Protect
|move|p2b: Whimsicott|Moonblast|p1a: Dragonite
|-activate|p1a: Dragonite|move: Protect
|move|p1b: Toxapex|Toxic|p2b: Whimsicott
|-status|p2b: Whimsicott|tox
|
|-heal|p1b: Toxapex|80/100|[from] item: Leftovers
|-damage|p2b: Whimsicott|94/100 tox|[from] psn
|upkeep
|turn|4
|
|t:|1784592788
|move|p1a: Dragonite|Extreme Speed|p2b: Whimsicott
|-crit|p2b: Whimsicott
|-damage|p2b: Whimsicott|2/100 tox
|-damage|p1a: Dragonite|14/100|[from] item: Life Orb
|move|p2b: Whimsicott|Moonblast|p1a: Dragonite
|-supereffective|p1a: Dragonite|1
|-damage|p1a: Dragonite|0 fnt
|faint|p1a: Dragonite
|move|p2a: Basculegion|Psychic Fangs|p1b: Toxapex
|-supereffective|p1b: Toxapex|1
|-damage|p1b: Toxapex|42/100
|move|p1b: Toxapex|Toxic|p2a: Basculegion
|-status|p2a: Basculegion|tox
|
|-heal|p1b: Toxapex|48/100|[from] item: Leftovers
|-damage|p2b: Whimsicott|0 fnt|[from] psn
|faint|p2b: Whimsicott
|-damage|p2a: Basculegion|93/100 tox|[from] psn
|upkeep
|
|t:|1784592805
|switch|p2b: Garchomp|Garchomp, L50, M|100/100
|switch|p1a: Kingambit|Kingambit, L50, F|100/100
|turn|5
|
|t:|1784592825
|switch|p2a: Blaziken|Blaziken-Mega, L50, F|100/100
|move|p1a: Kingambit|Sucker Punch|p2b: Garchomp
|-damage|p2b: Garchomp|53/100
|-damage|p1a: Kingambit|87/100|[from] ability: Rough Skin|[of] p2b: Garchomp
|move|p2b: Garchomp|Stomping Tantrum|p1a: Kingambit
|-supereffective|p1a: Kingambit|1
|-crit|p1a: Kingambit
|-damage|p1a: Kingambit|0 fnt
|faint|p1a: Kingambit
|-damage|p2b: Garchomp|43/100|[from] item: Life Orb
|move|p1b: Toxapex|Toxic|p2b: Garchomp
|-status|p2b: Garchomp|tox
|
|-heal|p1b: Toxapex|54/100|[from] item: Leftovers
|-damage|p2b: Garchomp|37/100 tox|[from] psn
|upkeep
|
|t:|1784592828
|switch|p1a: Blaziken|Blaziken, L50, F|100/100
|turn|6
|
|t:|1784592856
|detailschange|p1a: Blaziken|Blaziken-Mega, L50, F
|-mega|p1a: Blaziken|Blaziken|Blazikenite
|move|p1a: Blaziken|Protect|p1a: Blaziken
|-singleturn|p1a: Blaziken|Protect
|move|p2a: Blaziken|Protect|p2a: Blaziken
|-singleturn|p2a: Blaziken|Protect
|move|p2b: Garchomp|Stomping Tantrum|p1b: Toxapex
|-supereffective|p1b: Toxapex|1
|-damage|p1b: Toxapex|0 fnt
|faint|p1b: Toxapex
|-damage|p2b: Garchomp|27/100 tox|[from] item: Life Orb
|
|-damage|p2b: Garchomp|15/100 tox|[from] psn
|-ability|p1a: Blaziken|Speed Boost|boost
|-boost|p1a: Blaziken|spe|1
|-ability|p2a: Blaziken|Speed Boost|boost
|-boost|p2a: Blaziken|spe|1
|upkeep
|turn|7
|-message|whoopeesucle forfeited.
|raw|whoopeesucle's rating: 1074 → 1053(-21 for losing)
|raw|desrichards's rating: 1068 → 1098(+30 for winning)
|
|win|desrichards
|l|☆whoopeesucle
|player|p1|
