|j|☆phuc2013
|j|☆AbadanRiyi92
|html|phuc2013AbadanRiyi92    
|uhtml|bestof|Game 1 of a best-of-3
|t:|1785119813
|gametype|doubles
|player|p1|phuc2013|swimmerf-gen4|1018
|player|p2|AbadanRiyi92|colress|1103
|gen|9
|tier|[Gen 9 Champions] VGC 2026 Reg M-B (Bo3)
|rated|
|rule|Species Clause: Limit one of each Pokémon
|rule|Item Clause: Limit 1 of each item
|clearpoke
|poke|p1|Staraptor, L50, M|
|poke|p1|Whimsicott, L50, F|
|poke|p1|Raichu, L50, F|
|poke|p1|Scrafty, L50, M|
|poke|p1|Kangaskhan, L50, F|
|poke|p1|Grimmsnarl, L50, M|
|poke|p2|Gengar, L50, F, shiny|
|poke|p2|Maushold-Four, L50|
|poke|p2|Annihilape, L50, F|
|poke|p2|Incineroar, L50, F|
|poke|p2|Politoed, L50, F, shiny|
|poke|p2|Archaludon, L50, F|
|teampreview|4
|showteam|p1|Staraptor||Staraptite|Intimidate|DualWingbeat,CloseCombat,Protect,Roost|Adamant||M|||50|]Whimsicott||FocusSash|Prankster|Tailwind,Protect,MistyTerrain,Moonblast|Timid||F|||50|]Raichu||RaichuniteY|LightningRod|ZapCannon,Protect,GrassKnot,DrainPunch|Modest||F|||50|]Scrafty||Leftovers|Intimidate|FakeOut,KnockOff,CloseCombat,Protect|Adamant||M|||50|]Kangaskhan||Kangaskhanite|Scrappy|FakeOut,Protect,DrainPunch,RockSlide|Adamant||F|||50|]Grimmsnarl||LightClay|Prankster|LightScreen,Reflect,SpiritBreak,ScaryFace|Impish||M|||50|
|showteam|p2|Gengar||Gengarite|CursedBody|ShadowBall,Disable,PerishSong,Protect|Timid||F|||50|]Maushold-Four||FocusSash|FriendGuard|FollowMe,Encore,BeatUp,Protect|Jolly|||||50|]Annihilape||RoseliBerry|Defiant|RageFist,DrainPunch,BulkUp,Protect|Adamant||F|||50|]Incineroar||PasshoBerry|Intimidate|PartingShot,ThroatChop,Protect,FakeOut|Sassy||F|||50|]Politoed||SitrusBerry|Drizzle|WeatherBall,Encore,PerishSong,Protect|Calm||F|||50|]Archaludon||Leftovers|Stamina|DragonPulse,FlashCannon,ElectroShot,Protect|Bold||F|||50|
|inactive|Battle timer is ON: inactive players will automatically lose when time's up. (requested by AbadanRiyi92)
|
|t:|1785119862
|teamsize|p1|4
|teamsize|p2|4
|start
|switch|p1a: Grimmsnarl|Grimmsnarl, L50, M|100/100
|switch|p1b: Staraptor|Staraptor, L50, M|100/100
|switch|p2a: Gengar|Gengar, L50, F, shiny|100/100
|switch|p2b: Incineroar|Incineroar, L50, F|100/100
|-ability|p1b: Staraptor|Intimidate|boost
|-unboost|p2a: Gengar|atk|1
|-unboost|p2b: Incineroar|atk|1
|-ability|p2b: Incineroar|Intimidate|boost
|-unboost|p1a: Grimmsnarl|atk|1
|-unboost|p1b: Staraptor|atk|1
|turn|1
|
|t:|1785119885
|detailschange|p2a: Gengar|Gengar-Mega, L50, F, shiny
|-mega|p2a: Gengar|Gengar|Gengarite
|detailschange|p1b: Staraptor|Staraptor-Mega, L50, M
|-mega|p1b: Staraptor|Staraptor|Staraptite
|move|p2b: Incineroar|Fake Out|p1b: Staraptor
|-damage|p1b: Staraptor|92/100
|move|p1a: Grimmsnarl|Scary Face|p1b: Staraptor
|-boost|p1b: Staraptor|spe|2
|cant|p1b: Staraptor|flinch
|move|p2a: Gengar|Perish Song|p2a: Gengar
|-start|p1a: Grimmsnarl|perish3|[silent]
|-start|p1b: Staraptor|perish3|[silent]
|-start|p2a: Gengar|perish3|[silent]
|-start|p2b: Incineroar|perish3|[silent]
|-fieldactivate|move: Perish Song
|
|-start|p1b: Staraptor|perish3
|-start|p2a: Gengar|perish3
|-start|p1a: Grimmsnarl|perish3
|-start|p2b: Incineroar|perish3
|upkeep
|turn|2
|inactive|phuc2013 has 30 seconds left.
|
|t:|1785119912
|move|p2a: Gengar|Protect|p2a: Gengar
|-singleturn|p2a: Gengar|Protect
|move|p2b: Incineroar|Protect|p2b: Incineroar
|-singleturn|p2b: Incineroar|Protect
|move|p1a: Grimmsnarl|Light Screen|p1a: Grimmsnarl
|-sidestart|p1: phuc2013|move: Light Screen
|move|p1b: Staraptor|Close Combat|p2b: Incineroar
|-activate|p2b: Incineroar|move: Protect
|
|-start|p1b: Staraptor|perish2
|-start|p2a: Gengar|perish2
|-start|p1a: Grimmsnarl|perish2
|-start|p2b: Incineroar|perish2
|upkeep
|turn|3
|
|t:|1785119936
|switch|p2a: Archaludon|Archaludon, L50, F|100/100
|move|p1b: Staraptor|Close Combat|p2b: Incineroar
|-supereffective|p2b: Incineroar|1
|-damage|p2b: Incineroar|19/100
|-boost|p1b: Staraptor|def|1
|-boost|p1b: Staraptor|spd|1
|move|p1a: Grimmsnarl|Spirit Break|p2a: Archaludon
|-damage|p2a: Archaludon|84/100
|-unboost|p2a: Archaludon|spa|1
|-ability|p2a: Archaludon|Stamina|boost
|-boost|p2a: Archaludon|def|1
|move|p2b: Incineroar|Parting Shot|p1a: Grimmsnarl
|-unboost|p1a: Grimmsnarl|atk|1
|-unboost|p1a: Grimmsnarl|spa|1
|
|t:|1785119950
|switch|p2b: Gengar|Gengar-Mega, L50, F, shiny|100/100|[from] Parting Shot
|
|-heal|p2a: Archaludon|90/100|[from] item: Leftovers
|-start|p1b: Staraptor|perish1
|-start|p1a: Grimmsnarl|perish1
|upkeep
|turn|4
|inactive|AbadanRiyi92 has 30 seconds left.
|
|t:|1785119985
|move|p2b: Gengar|Protect|p2b: Gengar
|-singleturn|p2b: Gengar|Protect
|move|p2a: Archaludon|Protect|p2a: Archaludon
|-singleturn|p2a: Archaludon|Protect
|move|p1b: Staraptor|Close Combat|p2a: Archaludon
|-activate|p2a: Archaludon|move: Protect
|move|p1a: Grimmsnarl|Spirit Break|p2b: Gengar
|-activate|p2b: Gengar|move: Protect
|
|-heal|p2a: Archaludon|96/100|[from] item: Leftovers
|-start|p1b: Staraptor|perish0
|-start|p1a: Grimmsnarl|perish0
|faint|p1b: Staraptor
|faint|p1a: Grimmsnarl
|upkeep
|inactive|phuc2013 has 30 seconds left.
|inactive|phuc2013 has 20 seconds left.
|inactive|phuc2013 has 15 seconds left.
|inactive|phuc2013 has 10 seconds left.
|inactive|phuc2013 has 5 seconds left.
|
|t:|1785120040
|switch|p1b: Raichu|Raichu, L50, F|100/100
|switch|p1a: Scrafty|Scrafty, L50, M|100/100
|-ability|p1a: Scrafty|Intimidate|boost
|-unboost|p2a: Archaludon|atk|1
|-unboost|p2b: Gengar|atk|1
|turn|5
|inactive|phuc2013 has 30 seconds left.
|inactive|phuc2013 has 20 seconds left.
|inactive|phuc2013 has 15 seconds left.
|inactive|phuc2013 has 10 seconds left.
|inactive|phuc2013 has 5 seconds left.
|
|t:|1785120095
|switch|p2a: Incineroar|Incineroar, L50, F|19/100
|-ability|p2a: Incineroar|Intimidate|boost
|-unboost|p1a: Scrafty|atk|1
|-unboost|p1b: Raichu|atk|1
|move|p1a: Scrafty|Fake Out|p2b: Gengar
|-immune|p2b: Gengar
|move|p2b: Gengar|Perish Song|p2b: Gengar
|-start|p1a: Scrafty|perish3|[silent]
|-start|p1b: Raichu|perish3|[silent]
|-start|p2a: Incineroar|perish3|[silent]
|-start|p2b: Gengar|perish3|[silent]
|-fieldactivate|move: Perish Song
|move|p1b: Raichu|Zap Cannon|p2b: Gengar|[miss]
|-miss|p1b: Raichu|p2b: Gengar
|
|-start|p2b: Gengar|perish3
|-start|p1b: Raichu|perish3
|-start|p1a: Scrafty|perish3
|-start|p2a: Incineroar|perish3
|upkeep
|turn|6
|inactive|phuc2013 has 30 seconds left.
|inactive|phuc2013 has 20 seconds left.
|inactive|phuc2013 has 15 seconds left.
|inactive|phuc2013 has 10 seconds left.
|inactive|phuc2013 has 5 seconds left.
|
|t:|1785120150
|move|p2b: Gengar|Protect|p2b: Gengar
|-singleturn|p2b: Gengar|Protect
|move|p2a: Incineroar|Protect|p2a: Incineroar
|-singleturn|p2a: Incineroar|Protect
|move|p1b: Raichu|Zap Cannon|p2b: Gengar
|-activate|p2b: Gengar|move: Protect
|move|p1a: Scrafty|Knock Off|p2b: Gengar
|-activate|p2b: Gengar|move: Protect
|
|-start|p2b: Gengar|perish2
|-start|p1b: Raichu|perish2
|-start|p1a: Scrafty|perish2
|-start|p2a: Incineroar|perish2
|upkeep
|turn|7
|inactive|phuc2013 has 30 seconds left.
|inactive|AbadanRiyi92 has 30 seconds left.
|inactive|phuc2013 has 20 seconds left.
|inactive|phuc2013 has 15 seconds left.
|inactive|phuc2013 has 10 seconds left.
|inactive|phuc2013 has 5 seconds left.
|
|t:|1785120205
|move|p2b: Gengar|Disable|p1a: Scrafty
|-start|p1a: Scrafty|Disable|Knock Off
|move|p1b: Raichu|Zap Cannon|p2a: Incineroar|[miss]
|-miss|p1b: Raichu|p2a: Incineroar
|cant|p1a: Scrafty|Disable|Knock Off
|move|p2a: Incineroar|Parting Shot|p1b: Raichu
|-unboost|p1b: Raichu|atk|1
|-unboost|p1b: Raichu|spa|1
|
|t:|1785120222
|switch|p2a: Archaludon|Archaludon, L50, F|96/100|[from] Parting Shot
|
|-heal|p2a: Archaludon|100/100|[from] item: Leftovers
|-start|p2b: Gengar|perish1
|-start|p1b: Raichu|perish1
|-start|p1a: Scrafty|perish1
|upkeep
|turn|8
|inactive|phuc2013 has 30 seconds left.
|inactive|phuc2013 has 20 seconds left.
|inactive|phuc2013 has 15 seconds left.
|inactive|phuc2013 has 10 seconds left.
|inactive|phuc2013 has 5 seconds left.
|
|t:|1785120277
|switch|p2b: Politoed|Politoed, L50, F, shiny|100/100
|-weather|RainDance|[from] ability: Drizzle|[of] p2b: Politoed
|move|p2a: Archaludon|Protect|p2a: Archaludon
|-singleturn|p2a: Archaludon|Protect
|move|p1b: Raichu|Zap Cannon|p2b: Politoed
|-supereffective|p2b: Politoed|1
|-damage|p2b: Politoed|51/100
|-status|p2b: Politoed|par
|move|p1a: Scrafty|Close Combat|p2b: Politoed
|-damage|p2b: Politoed|23/100 par
|-unboost|p1a: Scrafty|def|1
|-unboost|p1a: Scrafty|spd|1
|-enditem|p2b: Politoed|Sitrus Berry|[eat]
|-heal|p2b: Politoed|48/100 par|[from] item: Sitrus Berry
|
|-weather|RainDance|[upkeep]
|-start|p1b: Raichu|perish0
|-start|p1a: Scrafty|perish0
|faint|p1b: Raichu
|faint|p1a: Scrafty
|
|win|AbadanRiyi92
