|j|☆cowboyoctopus
|j|☆SeymoursLeftToeVGC
|html|cowboyoctopusSeymoursLeftToeVGC    
|uhtml|bestof|Game 3 of a best-of-3
|t:|1782490874
|gametype|doubles
|player|p1|cowboyoctopus|bellelba|1211
|player|p2|SeymoursLeftToeVGC|ninjaboy|1221
|gen|9
|tier|[Gen 9 Champions] VGC 2026 Reg M-B (Bo3)
|rated|
|rule|Species Clause: Limit one of each Pokémon
|rule|Item Clause: Limit 1 of each item
|clearpoke
|poke|p1|Meganium, L50, F|
|poke|p1|Tyranitar, L50, F|
|poke|p1|Excadrill, L50, M|
|poke|p1|Aerodactyl, L50, F|
|poke|p1|Volcarona, L50, M|
|poke|p1|Sneasler, L50, M|
|poke|p2|Whimsicott, L50, M, shiny|
|poke|p2|Typhlosion-Hisui, L50, M, shiny|
|poke|p2|Farigiraf, L50, M|
|poke|p2|Sceptile, L50, F, shiny|
|poke|p2|Rotom-Wash, L50, shiny|
|poke|p2|Gardevoir, L50, F, shiny|
|teampreview|4
|showteam|p1|Meganium||Meganiumite|Overgrow|SolarBeam,WeatherBall,Synthesis,Protect|Modest||F|||50|]Tyranitar||Tyranitarite|SandStream|RockSlide,KnockOff,LowKick,Protect|Brave||F|||50|]Excadrill||LifeOrb|SandRush|Earthquake,RockSlide,IronHead,Protect|Adamant||M|||50|]Aerodactyl||FocusSash|RockHead|RockSlide,DualWingbeat,StoneEdge,Protect|Jolly||F|||50|]Volcarona||SitrusBerry|FlameBody|RagePowder,HeatWave,WillOWisp,Protect|Bold||M|||50|]Sneasler||WhiteHerb|Unburden|FakeOut,DireClaw,CloseCombat,Protect|Jolly||M|||50|
|showteam|p2|Whimsicott||FocusSash|Prankster|Moonblast,FakeTears,SunnyDay,Tailwind|Modest||M|||50|]Typhlosion-Hisui||Charcoal|Blaze|Eruption,Protect,ShadowBall,HeatWave|Modest||M|||50|]Farigiraf||LifeOrb|ArmorTail|HyperVoice,TwinBeam,Protect,HelpingHand|Modest||M|||50|]Sceptile||Sceptilite|Overgrow|EarthPower,DragonPulse,Detect,EnergyBall|Timid||F|||50|]Rotom-Wash||ChoiceScarf|Levitate|HydroPump,Discharge,VoltSwitch,Thunderbolt|Timid|||||50|]Gardevoir||Gardevoirite|Telepathy|HyperVoice,HyperBeam,Protect,Psychic|Timid||F|||50|
|inactive|Battle timer is ON: inactive players will automatically lose when time's up. (requested by cowboyoctopus)
|inactive|SeymoursLeftToeVGC also wants the timer to be on.
|
|t:|1782490893
|teamsize|p1|4
|teamsize|p2|4
|start
|switch|p1a: Volcarona|Volcarona, L50, M|100/100
|switch|p1b: Tyranitar|Tyranitar, L50, F|100/100
|switch|p2a: Farigiraf|Farigiraf, L50, M|100/100
|switch|p2b: Whimsicott|Whimsicott, L50, M, shiny|100/100
|-weather|Sandstorm|[from] ability: Sand Stream|[of] p1b: Tyranitar
|turn|1
|
|t:|1782490909
|move|p2a: Farigiraf|Protect|p2a: Farigiraf
|-singleturn|p2a: Farigiraf|Protect
|move|p2b: Whimsicott|Tailwind|p2b: Whimsicott
|-sidestart|p2: SeymoursLeftToeVGC|move: Tailwind
|move|p1a: Volcarona|Heat Wave|p2b: Whimsicott|[spread] p2b
|-activate|p2a: Farigiraf|move: Protect
|-supereffective|p2b: Whimsicott|1
|-enditem|p2b: Whimsicott|Focus Sash
|-damage|p2b: Whimsicott|1/100
|move|p1b: Tyranitar|Knock Off|p2a: Farigiraf
|-activate|p2a: Farigiraf|move: Protect
|
|-weather|Sandstorm|[upkeep]
|-damage|p2b: Whimsicott|0 fnt|[from] Sandstorm
|-damage|p2a: Farigiraf|93/100|[from] Sandstorm
|-damage|p1a: Volcarona|93/100|[from] Sandstorm
|faint|p2b: Whimsicott
|upkeep
|
|t:|1782490923
|switch|p2b: Gardevoir|Gardevoir, L50, F, shiny|100/100
|turn|2
|
|t:|1782490944
|switch|p1b: Excadrill|Excadrill, L50, M|100/100
|detailschange|p2b: Gardevoir|Gardevoir-Mega, L50, F, shiny
|-mega|p2b: Gardevoir|Gardevoir|Gardevoirite
|move|p2b: Gardevoir|Hyper Voice|p1a: Volcarona|[spread] p1a,p1b
|-resisted|p1a: Volcarona|1
|-crit|p1a: Volcarona
|-resisted|p1b: Excadrill|1
|-damage|p1a: Volcarona|63/100
|-damage|p1b: Excadrill|63/100
|move|p2a: Farigiraf|Hyper Voice|p1b: Excadrill|[spread] p1a,p1b
|-resisted|p1b: Excadrill|1
|-damage|p1a: Volcarona|23/100
|-damage|p1b: Excadrill|33/100
|-enditem|p1a: Volcarona|Sitrus Berry|[eat]
|-heal|p1a: Volcarona|48/100|[from] item: Sitrus Berry
|-damage|p2a: Farigiraf|84/100|[from] item: Life Orb
|move|p1a: Volcarona|Heat Wave|p2b: Gardevoir|[spread] p2a,p2b
|-damage|p2a: Farigiraf|48/100
|-damage|p2b: Gardevoir|70/100
|
|-weather|Sandstorm|[upkeep]
|-damage|p2b: Gardevoir|64/100|[from] Sandstorm
|-damage|p2a: Farigiraf|42/100|[from] Sandstorm
|-damage|p1a: Volcarona|42/100|[from] Sandstorm
|upkeep
|turn|3
|
|t:|1782490966
|move|p2b: Gardevoir|Protect|p2b: Gardevoir
|-singleturn|p2b: Gardevoir|Protect
|move|p1a: Volcarona|Protect|p1a: Volcarona
|-singleturn|p1a: Volcarona|Protect
|move|p1b: Excadrill|Earthquake|p2b: Gardevoir|[spread] p2a
|-activate|p1a: Volcarona|move: Protect
|-activate|p2b: Gardevoir|move: Protect
|-damage|p2a: Farigiraf|0 fnt
|faint|p2a: Farigiraf
|-damage|p1b: Excadrill|24/100|[from] item: Life Orb
|
|-weather|Sandstorm|[upkeep]
|-damage|p2b: Gardevoir|57/100|[from] Sandstorm
|-damage|p1a: Volcarona|36/100|[from] Sandstorm
|upkeep
|
|t:|1782490979
|switch|p2a: Rotom|Rotom-Wash, L50, shiny|100/100
|turn|4
|
|t:|1782490996
|move|p1b: Excadrill|Protect|p1b: Excadrill
|-singleturn|p1b: Excadrill|Protect
|move|p2a: Rotom|Hydro Pump|p1b: Excadrill
|-activate|p1b: Excadrill|move: Protect
|move|p2b: Gardevoir|Hyper Voice|p1b: Excadrill|[spread] p1a
|-activate|p1b: Excadrill|move: Protect
|-resisted|p1a: Volcarona|1
|-damage|p1a: Volcarona|14/100
|move|p1a: Volcarona|Heat Wave|p2a: Rotom|[spread] p2a,p2b
|-resisted|p2a: Rotom|1
|-damage|p2a: Rotom|78/100
|-damage|p2b: Gardevoir|30/100
|
|-weather|Sandstorm|[upkeep]
|-damage|p2a: Rotom|72/100|[from] Sandstorm
|-damage|p2b: Gardevoir|24/100|[from] Sandstorm
|-damage|p1a: Volcarona|8/100|[from] Sandstorm
|-sideend|p2: SeymoursLeftToeVGC|move: Tailwind
|upkeep
|turn|5
|inactive|cowboyoctopus has 30 seconds left.
|
|t:|1782491024
|move|p2b: Gardevoir|Protect|p2b: Gardevoir
|-singleturn|p2b: Gardevoir|Protect
|move|p1a: Volcarona|Rage Powder|p1a: Volcarona
|-singleturn|p1a: Volcarona|move: Rage Powder
|move|p1b: Excadrill|Earthquake|p2b: Gardevoir|[spread] p1a
|-activate|p2b: Gardevoir|move: Protect
|-immune|p2a: Rotom|[from] ability: Levitate
|-damage|p1a: Volcarona|0 fnt
|faint|p1a: Volcarona
|-damage|p1b: Excadrill|14/100|[from] item: Life Orb
|move|p2a: Rotom|Hydro Pump|p1b: Excadrill|[miss]
|-miss|p2a: Rotom|p1b: Excadrill
|
|-weather|none
|upkeep
|
|t:|1782491037
|switch|p1a: Tyranitar|Tyranitar, L50, F|100/100
|-weather|Sandstorm|[from] ability: Sand Stream|[of] p1a: Tyranitar
|turn|6
|
|t:|1782491046
|move|p1b: Excadrill|Earthquake|p2b: Gardevoir|[spread] p1a,p2b
|-immune|p2a: Rotom|[from] ability: Levitate
|-supereffective|p1a: Tyranitar|1
|-damage|p1a: Tyranitar|12/100
|-damage|p2b: Gardevoir|0 fnt
|faint|p2b: Gardevoir
|-damage|p1b: Excadrill|4/100|[from] item: Life Orb
|move|p2a: Rotom|Hydro Pump|p1b: Excadrill
|-supereffective|p1b: Excadrill|1
|-damage|p1b: Excadrill|0 fnt
|faint|p1b: Excadrill
|move|p1a: Tyranitar|Knock Off|p2a: Rotom
|-damage|p2a: Rotom|3/100
|-enditem|p2a: Rotom|Choice Scarf|[from] move: Knock Off|[of] p1a: Tyranitar
|
|-weather|Sandstorm|[upkeep]
|-damage|p2a: Rotom|0 fnt|[from] Sandstorm
|faint|p2a: Rotom
|
|win|cowboyoctopus
|raw|cowboyoctopus's rating: 1211 → 1237(+26 for winning)
|raw|SeymoursLeftToeVGC's rating: 1221 → 1195(-26 for losing)
