|j|☆lilacq
|j|☆AbadanRiyi92
|html|lilacqAbadanRiyi92    
|uhtml|bestof|Game 2 of a best-of-3
|t:|1785640919
|gametype|doubles
|player|p1|lilacq|shauntal|1218
|player|p2|AbadanRiyi92|colress|1242
|gen|9
|tier|[Gen 9 Champions] VGC 2026 Reg M-B (Bo3)
|rated|
|rule|Species Clause: Limit one of each Pokémon
|rule|Item Clause: Limit 1 of each item
|clearpoke
|poke|p1|Milotic, L50, F|
|poke|p1|Whimsicott, L50, F|
|poke|p1|Sinistcha, L50|
|poke|p1|Glimmora, L50, F|
|poke|p1|Delphox, L50, F|
|poke|p1|Ninetales-Alola, L50, F, shiny|
|poke|p2|Gengar, L50, M|
|poke|p2|Swampert, L50, M|
|poke|p2|Incineroar, L50, M|
|poke|p2|Politoed, L50, F|
|poke|p2|Archaludon, L50, F|
|poke|p2|Vivillon, L50, M|
|teampreview|4
|showteam|p1|Milotic||Leftovers|Competitive|IceBeam,Coil,MuddyWater,Hypnosis|Calm||F|||50|]Whimsicott||MentalHerb|Prankster|Tailwind,FakeTears,Encore,Moonblast|Bold||F|||50|]Sinistcha||SitrusBerry|Hospitality|RagePowder,LifeDew,MatchaGotcha,TrickRoom|Bold|||||50|]Glimmora||Glimmoranite|ToxicDebris|EarthPower,PowerGem,SpikyShield,SludgeBomb|Timid||F|||50|]Delphox||Delphoxite|Blaze|HeatWave,Psychic,Substitute,CalmMind|Bold||F|||50|]Ninetales-Alola||LightClay|SnowWarning|AuroraVeil,Blizzard,Moonblast,Protect|Timid||F|||50|
|showteam|p2|Gengar||Gengarite|CursedBody|ShadowBall,PerishSong,SludgeBomb,Protect|Timid||M|||50|]Swampert||Swampertite|Torrent|WaveCrash,Earthquake,IcePunch,Protect|Adamant||M|||50|]Incineroar||PasshoBerry|Intimidate|ThroatChop,PartingShot,FakeOut,Protect|Sassy||M|||50|]Politoed||SitrusBerry|Drizzle|WeatherBall,PerishSong,Encore,Protect|Calm||F|||50|]Archaludon||Leftovers|Stamina|DragonPulse,FlashCannon,ElectroShot,Protect|Bold||F|||50|]Vivillon||FocusSash|CompoundEyes|Hurricane,SleepPowder,RagePowder,Protect|Timid||M|||50|
|inactive|Battle timer is ON: inactive players will automatically lose when time's up. (requested by lilacq)
|inactive|lilacq has 60 seconds left.
|
|t:|1785640956
|teamsize|p1|4
|teamsize|p2|4
|start
|switch|p1a: Milotic|Milotic, L50, F|100/100
|switch|p1b: Glimmora|Glimmora, L50, F|100/100
|switch|p2a: Gengar|Gengar, L50, M|100/100
|switch|p2b: Vivillon|Vivillon, L50, M|100/100
|turn|1
|inactive|lilacq has 30 seconds left.
|
|t:|1785640982
|detailschange|p2a: Gengar|Gengar-Mega, L50, M
|-mega|p2a: Gengar|Gengar|Gengarite
|move|p2a: Gengar|Protect|p2a: Gengar
|-singleturn|p2a: Gengar|Protect
|move|p2b: Vivillon|Sleep Powder|p1a: Milotic
|-status|p1a: Milotic|slp|[from] move: Sleep Powder
|move|p1b: Glimmora|Power Gem|p2b: Vivillon
|-supereffective|p2b: Vivillon|2
|-enditem|p2b: Vivillon|Focus Sash
|-damage|p2b: Vivillon|1/100
|cant|p1a: Milotic|slp
|
|upkeep
|turn|2
|inactive|lilacq has 30 seconds left.
|
|t:|1785641012
|move|p2a: Gengar|Perish Song|p2a: Gengar
|-start|p1a: Milotic|perish3|[silent]
|-start|p1b: Glimmora|perish3|[silent]
|-start|p2a: Gengar|perish3|[silent]
|-start|p2b: Vivillon|perish3|[silent]
|-fieldactivate|move: Perish Song
|move|p2b: Vivillon|Sleep Powder|p1b: Glimmora
|-status|p1b: Glimmora|slp|[from] move: Sleep Powder
|cant|p1b: Glimmora|slp
|cant|p1a: Milotic|slp
|
|-start|p2a: Gengar|perish3
|-start|p2b: Vivillon|perish3
|-start|p1b: Glimmora|perish3
|-start|p1a: Milotic|perish3
|upkeep
|turn|3
|
|t:|1785641027
|switch|p2b: Incineroar|Incineroar, L50, M|100/100
|-ability|p2b: Incineroar|Intimidate|boost
|-unboost|p1a: Milotic|atk|1
|-ability|p1a: Milotic|Competitive|boost
|-boost|p1a: Milotic|spa|2
|-unboost|p1b: Glimmora|atk|1
|move|p2a: Gengar|Protect|p2a: Gengar
|-singleturn|p2a: Gengar|Protect
|cant|p1b: Glimmora|slp
|-curestatus|p1a: Milotic|slp|[msg]
|move|p1a: Milotic|Ice Beam|p2b: Incineroar
|-resisted|p2b: Incineroar|1
|-damage|p2b: Incineroar|84/100
|
|-start|p2a: Gengar|perish2
|-start|p1b: Glimmora|perish2
|-start|p1a: Milotic|perish2
|upkeep
|turn|4
|inactive|AbadanRiyi92 has 30 seconds left.
|
|t:|1785641053
|switch|p2a: Politoed|Politoed, L50, F|100/100
|-weather|RainDance|[from] ability: Drizzle|[of] p2a: Politoed
|-curestatus|p1b: Glimmora|slp|[msg]
|move|p1b: Glimmora|Earth Power|p2a: Politoed
|-damage|p2a: Politoed|73/100
|move|p1a: Milotic|Muddy Water|p2b: Incineroar|[spread] p2a,p2b
|-resisted|p2a: Politoed|1
|-supereffective|p2b: Incineroar|1
|-enditem|p2b: Incineroar|Passho Berry|[eat]
|-enditem|p2b: Incineroar|Passho Berry|[weaken]
|-damage|p2a: Politoed|47/100
|-damage|p2b: Incineroar|29/100
|-enditem|p2a: Politoed|Sitrus Berry|[eat]
|-heal|p2a: Politoed|72/100|[from] item: Sitrus Berry
|move|p2b: Incineroar|Parting Shot|p1a: Milotic
|-unboost|p1a: Milotic|atk|1
|-ability|p1a: Milotic|Competitive|boost
|-boost|p1a: Milotic|spa|2
|-unboost|p1a: Milotic|spa|1
|-ability|p1a: Milotic|Competitive|boost
|-boost|p1a: Milotic|spa|2
|
|t:|1785641072
|switch|p2b: Gengar|Gengar-Mega, L50, M|100/100|[from] Parting Shot
|
|-weather|RainDance|[upkeep]
|-start|p1b: Glimmora|perish1
|-start|p1a: Milotic|perish1
|upkeep
|turn|5
|
|t:|1785641095
|move|p2b: Gengar|Protect|p2b: Gengar
|-singleturn|p2b: Gengar|Protect
|move|p2a: Politoed|Protect|p2a: Politoed
|-singleturn|p2a: Politoed|Protect
|move|p1b: Glimmora|Power Gem|p2b: Gengar
|-activate|p2b: Gengar|move: Protect
|move|p1a: Milotic|Muddy Water|p2a: Politoed|[spread] 
|-activate|p2a: Politoed|move: Protect
|-activate|p2b: Gengar|move: Protect
|
|-weather|RainDance|[upkeep]
|-start|p1b: Glimmora|perish0
|-start|p1a: Milotic|perish0
|faint|p1b: Glimmora
|faint|p1a: Milotic
|upkeep
|
|t:|1785641098
|switch|p1b: Sinistcha|Sinistcha, L50|100/100
|switch|p1a: Delphox|Delphox, L50, F|100/100
|turn|6
|
|t:|1785641119
|switch|p2b: Incineroar|Incineroar, L50, M|29/100
|-ability|p2b: Incineroar|Intimidate|boost
|-unboost|p1a: Delphox|atk|1
|-unboost|p1b: Sinistcha|atk|1
|detailschange|p1a: Delphox|Delphox-Mega, L50, F
|-mega|p1a: Delphox|Delphox|Delphoxite
|move|p1b: Sinistcha|Rage Powder|p1b: Sinistcha
|-singleturn|p1b: Sinistcha|move: Rage Powder
|move|p1a: Delphox|Psychic|p2b: Incineroar
|-immune|p2b: Incineroar
|move|p2a: Politoed|Perish Song|p2a: Politoed
|-start|p1a: Delphox|perish3|[silent]
|-start|p1b: Sinistcha|perish3|[silent]
|-start|p2a: Politoed|perish3|[silent]
|-start|p2b: Incineroar|perish3|[silent]
|-fieldactivate|move: Perish Song
|
|-weather|RainDance|[upkeep]
|-start|p1a: Delphox|perish3
|-start|p2a: Politoed|perish3
|-start|p1b: Sinistcha|perish3
|-start|p2b: Incineroar|perish3
|upkeep
|turn|7
|-message|lilacq forfeited.
|
|win|AbadanRiyi92
|raw|lilacq's rating: 1218 → 1195(-23 for losing)
|raw|AbadanRiyi92's rating: 1242 → 1265(+23 for winning)
|l|☆lilacq
|player|p1|
