|j|☆awelaaa
|j|☆MarillRag1
|html|awelaaaMarillRag1    
|uhtml|bestof|Game 2 of a best-of-3
|t:|1786175599
|gametype|doubles
|player|p1|awelaaa|rancher|1171
|player|p2|MarillRag1|170|1387
|gen|9
|tier|[Gen 9 Champions] VGC 2026 Reg M-B (Bo3)
|rated|
|rule|Species Clause: Limit one of each Pokémon
|rule|Item Clause: Limit 1 of each item
|clearpoke
|poke|p1|Swampert, L50, M|
|poke|p1|Pelipper, L50, M, shiny|
|poke|p1|Raichu, L50, M|
|poke|p1|Archaludon, L50, F|
|poke|p1|Sableye, L50, F|
|poke|p1|Sinistcha, L50|
|poke|p2|Gengar, L50, M|
|poke|p2|Archaludon, L50, M|
|poke|p2|Politoed, L50, F|
|poke|p2|Swampert, L50, M|
|poke|p2|Vivillon-Fancy, L50, M|
|poke|p2|Incineroar, L50, F|
|teampreview|4
|showteam|p1|Swampert||Swampertite|Torrent|WaveCrash,HighHorsepower,IcePunch,Protect|Adamant||M|||50|]Pelipper||SitrusBerry|Drizzle|Tailwind,WeatherBall,Hurricane,WideGuard|Modest||M|||50|]Raichu||RaichuniteX|LightningRod|FakeOut,VoltTackle,Encore,VoltSwitch|Jolly||M|||50|]Archaludon||Leftovers|Stamina|DragonPulse,Protect,FlashCannon,ElectroShot|Bold||F|||50|]Sableye||LightClay|Prankster|LightScreen,Reflect,WillOWisp,RainDance|Calm||F|||50|]Sinistcha||KasibBerry|Hospitality|MatchaGotcha,StrengthSap,TrickRoom,RagePowder|Relaxed|||||50|
|showteam|p2|Gengar||Gengarite|CursedBody|ShadowBall,SludgeBomb,PerishSong,Protect|Modest||M|||50|]Archaludon||Leftovers|Stamina|ElectroShot,DragonPulse,FlashCannon,Protect|Bold||M|||50|]Politoed||SitrusBerry|Drizzle|WeatherBall,Hypnosis,PerishSong,Protect|Calm||F|||50|]Swampert||Swampertite|Torrent|WaveCrash,Earthquake,IcePunch,Protect|Adamant||M|||50|]Vivillon-Fancy||FocusSash|CompoundEyes|Hurricane,SleepPowder,RagePowder,Protect|Timid||M|||50|]Incineroar||ShucaBerry|Intimidate|ThroatChop,FakeOut,PartingShot,Protect|Impish||F|||50|
|
|t:|1786175636
|teamsize|p1|4
|teamsize|p2|4
|start
|switch|p1a: Archaludon|Archaludon, L50, F|100/100
|switch|p1b: Sableye|Sableye, L50, F|100/100
|switch|p2a: Gengar|Gengar, L50, M|100/100
|switch|p2b: Incineroar|Incineroar, L50, F|100/100
|-ability|p2b: Incineroar|Intimidate|boost
|-unboost|p1a: Archaludon|atk|1
|-unboost|p1b: Sableye|atk|1
|turn|1
|
|t:|1786175657
|detailschange|p2a: Gengar|Gengar-Mega, L50, M
|-mega|p2a: Gengar|Gengar|Gengarite
|move|p1a: Archaludon|Protect|p1a: Archaludon
|-singleturn|p1a: Archaludon|Protect
|move|p2b: Incineroar|Fake Out|p1a: Archaludon
|-activate|p1a: Archaludon|move: Protect
|move|p1b: Sableye|Light Screen|p1b: Sableye
|-sidestart|p1: awelaaa|move: Light Screen
|move|p2a: Gengar|Perish Song|p2a: Gengar
|-start|p1a: Archaludon|perish3|[silent]
|-start|p1b: Sableye|perish3|[silent]
|-start|p2a: Gengar|perish3|[silent]
|-start|p2b: Incineroar|perish3|[silent]
|-fieldactivate|move: Perish Song
|
|-start|p2a: Gengar|perish3
|-start|p1a: Archaludon|perish3
|-start|p2b: Incineroar|perish3
|-start|p1b: Sableye|perish3
|upkeep
|turn|2
|
|t:|1786175682
|switch|p2a: Archaludon|Archaludon, L50, M|100/100
|move|p1b: Sableye|Rain Dance|p1b: Sableye
|-weather|RainDance
|move|p1a: Archaludon|Electro Shot||[still]
|-prepare|p1a: Archaludon|Electro Shot
|-boost|p1a: Archaludon|spa|1
|-anim|p1a: Archaludon|Electro Shot|p2a: Archaludon
|-resisted|p2a: Archaludon|1
|-damage|p2a: Archaludon|76/100
|-ability|p2a: Archaludon|Stamina|boost
|-boost|p2a: Archaludon|def|1
|move|p2b: Incineroar|Parting Shot|p1b: Sableye
|-unboost|p1b: Sableye|atk|1
|-unboost|p1b: Sableye|spa|1
|
|t:|1786175691
|switch|p2b: Gengar|Gengar-Mega, L50, M|100/100|[from] Parting Shot
|
|-weather|RainDance|[upkeep]
|-heal|p2a: Archaludon|82/100|[from] item: Leftovers
|-start|p1a: Archaludon|perish2
|-start|p1b: Sableye|perish2
|upkeep
|turn|3
|
|t:|1786175707
|move|p2b: Gengar|Protect|p2b: Gengar
|-singleturn|p2b: Gengar|Protect
|move|p1b: Sableye|Reflect|p1b: Sableye
|-sidestart|p1: awelaaa|Reflect
|move|p2a: Archaludon|Electro Shot||[still]
|-prepare|p2a: Archaludon|Electro Shot
|-boost|p2a: Archaludon|spa|1
|-anim|p2a: Archaludon|Electro Shot|p1b: Sableye
|-damage|p1b: Sableye|59/100
|move|p1a: Archaludon|Dragon Pulse|p2a: Archaludon
|-damage|p2a: Archaludon|32/100
|-ability|p2a: Archaludon|Stamina|boost
|-boost|p2a: Archaludon|def|1
|
|-weather|RainDance|[upkeep]
|-heal|p2a: Archaludon|39/100|[from] item: Leftovers
|-start|p1a: Archaludon|perish1
|-start|p1b: Sableye|perish1
|upkeep
|turn|4
|
|t:|1786175727
|switch|p2b: Incineroar|Incineroar, L50, F|100/100
|-ability|p2b: Incineroar|Intimidate|boost
|-unboost|p1a: Archaludon|atk|1
|-unboost|p1b: Sableye|atk|1
|move|p1b: Sableye|Will-O-Wisp|p2b: Incineroar
|-immune|p2b: Incineroar
|move|p2a: Archaludon|Electro Shot||[still]
|-prepare|p2a: Archaludon|Electro Shot
|-boost|p2a: Archaludon|spa|1
|-anim|p2a: Archaludon|Electro Shot|p1b: Sableye
|-damage|p1b: Sableye|7/100
|move|p1a: Archaludon|Electro Shot||[still]
|-prepare|p1a: Archaludon|Electro Shot
|-boost|p1a: Archaludon|spa|1
|-anim|p1a: Archaludon|Electro Shot|p2b: Incineroar
|-damage|p2b: Incineroar|41/100
|
|-weather|RainDance|[upkeep]
|-heal|p2a: Archaludon|45/100|[from] item: Leftovers
|-start|p1a: Archaludon|perish0
|-start|p1b: Sableye|perish0
|faint|p1a: Archaludon
|faint|p1b: Sableye
|upkeep
|
|t:|1786175749
|switch|p1a: Swampert|Swampert, L50, M|100/100
|switch|p1b: Sinistcha|Sinistcha, L50|100/100
|turn|5
|
|t:|1786175782
|detailschange|p1a: Swampert|Swampert-Mega, L50, M
|-mega|p1a: Swampert|Swampert|Swampertite
|move|p2b: Incineroar|Protect|p2b: Incineroar
|-singleturn|p2b: Incineroar|Protect
|move|p1a: Swampert|High Horsepower|p2a: Archaludon
|-supereffective|p2a: Archaludon|1
|-damage|p2a: Archaludon|2/100
|-ability|p2a: Archaludon|Stamina|boost
|-boost|p2a: Archaludon|def|1
|move|p2a: Archaludon|Dragon Pulse|p1a: Swampert
|-damage|p1a: Swampert|54/100
|move|p1b: Sinistcha|Matcha Gotcha|p2a: Archaludon|[spread] 
|-activate|p2b: Incineroar|move: Protect
|-miss|p1b: Sinistcha|p2a: Archaludon
|
|-weather|RainDance|[upkeep]
|-heal|p2a: Archaludon|8/100|[from] item: Leftovers
|upkeep
|turn|6
|
|t:|1786175806
|move|p1a: Swampert|Wave Crash|p2b: Incineroar
|-supereffective|p2b: Incineroar|1
|-damage|p2b: Incineroar|0 fnt
|faint|p2b: Incineroar
|-damage|p1a: Swampert|38/100|[from] Recoil
|move|p2a: Archaludon|Dragon Pulse|p1a: Swampert
|-damage|p1a: Swampert|0 fnt
|faint|p1a: Swampert
|move|p1b: Sinistcha|Matcha Gotcha|p2a: Archaludon
|-resisted|p2a: Archaludon|2
|-damage|p2a: Archaludon|1/100
|-ability|p2a: Archaludon|Stamina|boost
|-boost|p2a: Archaludon|def|1
|
|-weather|none
|-heal|p2a: Archaludon|7/100|[from] item: Leftovers
|upkeep
|
|t:|1786175810
|switch|p2b: Gengar|Gengar-Mega, L50, M|100/100
|turn|7
|
|t:|1786175827
|move|p2b: Gengar|Perish Song|p2b: Gengar
|-start|p1b: Sinistcha|perish3|[silent]
|-start|p2a: Archaludon|perish3|[silent]
|-start|p2b: Gengar|perish3|[silent]
|-fieldactivate|move: Perish Song
|move|p2a: Archaludon|Dragon Pulse|p1b: Sinistcha
|-crit|p1b: Sinistcha
|-damage|p1b: Sinistcha|3/100
|move|p1b: Sinistcha|Matcha Gotcha|p2b: Gengar|[spread] p2a
|-miss|p1b: Sinistcha|p2b: Gengar
|-resisted|p2a: Archaludon|2
|-damage|p2a: Archaludon|2/100
|-heal|p1b: Sinistcha|7/100|[from] drain|[of] p2a: Archaludon
|-ability|p2a: Archaludon|Stamina|boost
|-boost|p2a: Archaludon|def|1
|
|-heal|p2a: Archaludon|8/100|[from] item: Leftovers
|-start|p2b: Gengar|perish3
|-start|p2a: Archaludon|perish3
|-start|p1b: Sinistcha|perish3
|upkeep
|turn|8
|
|t:|1786175844
|move|p2b: Gengar|Shadow Ball|p1b: Sinistcha
|-supereffective|p1b: Sinistcha|1
|-enditem|p1b: Sinistcha|Kasib Berry|[eat]
|-enditem|p1b: Sinistcha|Kasib Berry|[weaken]
|-damage|p1b: Sinistcha|0 fnt
|faint|p1b: Sinistcha
|
|win|MarillRag1
|raw|awelaaa's rating: 1171 → 1160(-11 for losing)
|raw|MarillRag1's rating: 1387 → 1396(+9 for winning)
|l|☆awelaaa
|player|p1|
