|j|☆lslucho
|j|☆alejandrorr
|html|lsluchoalejandrorr    
|uhtml|bestof|Game 2 of a best-of-3
|t:|1782662455
|gametype|doubles
|player|p1|lslucho|nate|
|player|p2|alejandrorr|170|
|gen|9
|tier|[Gen 9 Champions] VGC 2026 Reg M-B (Bo3)
|rule|Species Clause: Limit one of each Pokémon
|rule|Item Clause: Limit 1 of each item
|clearpoke
|poke|p1|Pelipper, L50, M|
|poke|p1|Swampert, L50, F|
|poke|p1|Archaludon, L50, M|
|poke|p1|Sinistcha, L50|
|poke|p1|Metagross, L50, shiny|
|poke|p1|Grimmsnarl, L50, M|
|poke|p2|Charizard, L50, M|
|poke|p2|Venusaur, L50, M|
|poke|p2|Incineroar, L50, F|
|poke|p2|Gardevoir, L50, M|
|poke|p2|Milotic, L50, F|
|poke|p2|Garchomp, L50, F|
|teampreview|4
|showteam|p1|Pelipper||FocusSash|Drizzle|Protect,Tailwind,Hurricane,WeatherBall|Modest||M|||50|]Swampert||Swampertite|Damp|Protect,WaveCrash,HighHorsepower,IcePunch|Adamant||F|||50|]Archaludon||Leftovers|Stamina|Protect,DragonPulse,FlashCannon,ElectroShot|Modest||M|||50|]Sinistcha||KasibBerry|Hospitality|Protect,MatchaGotcha,RagePowder,LifeDew|Calm|||||50|]Metagross||Metagrossite|ClearBody|Protect,PsychicFangs,BrickBreak,BulletPunch|Adamant|||||50|]Grimmsnarl||LightClay|Prankster|FoulPlay,Reflect,LightScreen,PartingShot|Careful||M|||50|
|showteam|p2|Charizard||CharizarditeY|Blaze|SolarBeam,HeatWave,WeatherBall,Protect|Timid||M|||50|]Venusaur||FocusSash|Chlorophyll|Protect,SleepPowder,LeafStorm,SludgeBomb|Timid||M|||50|]Incineroar||SitrusBerry|Intimidate|FakeOut,PartingShot,FlareBlitz,ThroatChop|Adamant||F|||50|]Gardevoir||ChoiceScarf|Trace|DazzlingGleam,Moonblast,IcyWind,Psyshock|Timid||M|||50|]Milotic||Leftovers|Competitive|Protect,Scald,IceBeam,Recover|Modest||F|||50|]Garchomp||LifeOrb|RoughSkin|Protect,DragonClaw,StompingTantrum,Earthquake|Jolly||F|||50|
|inactive|Battle timer is ON: inactive players will automatically lose when time's up. (requested by lslucho)
|inactive|lslucho has 60 seconds left.
|inactive|alejandrorr has 60 seconds left.
|
|t:|1782662503
|teamsize|p1|4
|teamsize|p2|4
|start
|switch|p1a: Grimmsnarl|Grimmsnarl, L50, M|100/100
|switch|p1b: Archaludon|Archaludon, L50, M|100/100
|switch|p2a: Incineroar|Incineroar, L50, F|100/100
|switch|p2b: Venusaur|Venusaur, L50, M|100/100
|-ability|p2a: Incineroar|Intimidate|boost
|-unboost|p1a: Grimmsnarl|atk|1
|-unboost|p1b: Archaludon|atk|1
|turn|1
|inactive|alejandrorr has 30 seconds left.
|inactive|alejandrorr has 20 seconds left.
|
|t:|1782662548
|move|p2a: Incineroar|Fake Out|p1a: Grimmsnarl
|-damage|p1a: Grimmsnarl|85/100
|cant|p1a: Grimmsnarl|flinch
|move|p2b: Venusaur|Sludge Bomb|p1a: Grimmsnarl
|-supereffective|p1a: Grimmsnarl|1
|-damage|p1a: Grimmsnarl|27/100
|move|p1b: Archaludon|Dragon Pulse|p2b: Venusaur
|-crit|p2b: Venusaur
|-damage|p2b: Venusaur|24/100
|
|upkeep
|turn|2
|inactive|lslucho has 30 seconds left.
|inactive|alejandrorr has 30 seconds left.
|inactive|lslucho has 20 seconds left.
|inactive|lslucho has 15 seconds left.
|inactive|lslucho has 10 seconds left.
|
|t:|1782662597
|move|p1a: Grimmsnarl|Reflect|p1a: Grimmsnarl
|-sidestart|p1: lslucho|Reflect
|move|p2b: Venusaur|Sludge Bomb|p1a: Grimmsnarl
|-supereffective|p1a: Grimmsnarl|1
|-damage|p1a: Grimmsnarl|0 fnt
|faint|p1a: Grimmsnarl
|move|p1b: Archaludon|Dragon Pulse|p2b: Venusaur
|-damage|p2b: Venusaur|0 fnt
|faint|p2b: Venusaur
|move|p2a: Incineroar|Parting Shot|p1b: Archaludon
|-unboost|p1b: Archaludon|atk|1
|-unboost|p1b: Archaludon|spa|1
|
|t:|1782662620
|switch|p2a: Charizard|Charizard, L50, M|100/100|[from] Parting Shot
|
|upkeep
|
|t:|1782662642
|switch|p2b: Incineroar|Incineroar, L50, F|100/100
|switch|p1a: Swampert|Swampert, L50, F|100/100
|-ability|p2b: Incineroar|Intimidate|boost
|-unboost|p1a: Swampert|atk|1
|-unboost|p1b: Archaludon|atk|1
|turn|3
|inactive|alejandrorr has 30 seconds left.
|
|t:|1782662673
|detailschange|p2a: Charizard|Charizard-Mega-Y, L50, M
|-mega|p2a: Charizard|Charizard|Charizardite Y
|-weather|SunnyDay|[from] ability: Drought|[of] p2a: Charizard
|detailschange|p1a: Swampert|Swampert-Mega, L50, F
|-mega|p1a: Swampert|Swampert|Swampertite
|move|p2b: Incineroar|Fake Out|p1b: Archaludon
|-resisted|p1b: Archaludon|1
|-damage|p1b: Archaludon|96/100
|-ability|p1b: Archaludon|Stamina|boost
|-boost|p1b: Archaludon|def|1
|move|p2a: Charizard|Solar Beam||[still]
|-prepare|p2a: Charizard|Solar Beam
|-anim|p2a: Charizard|Solar Beam|p1a: Swampert
|-supereffective|p1a: Swampert|2
|-damage|p1a: Swampert|0 fnt
|faint|p1a: Swampert
|cant|p1b: Archaludon|flinch
|
|-weather|SunnyDay|[upkeep]
|-heal|p1b: Archaludon|100/100|[from] item: Leftovers
|upkeep
|
|t:|1782662683
|switch|p1a: Pelipper|Pelipper, L50, M|100/100
|-weather|RainDance|[from] ability: Drizzle|[of] p1a: Pelipper
|turn|4
|inactive|alejandrorr has 30 seconds left.
|inactive|alejandrorr has 20 seconds left.
|inactive|alejandrorr has 15 seconds left.
|
|t:|1782662728
|switch|p2a: Milotic|Milotic, L50, F|100/100
|move|p1a: Pelipper|Tailwind|p1a: Pelipper
|-sidestart|p1: lslucho|move: Tailwind
|move|p1b: Archaludon|Electro Shot||[still]
|-prepare|p1b: Archaludon|Electro Shot
|-boost|p1b: Archaludon|spa|1
|-anim|p1b: Archaludon|Electro Shot|p2b: Incineroar
|-damage|p2b: Incineroar|57/100
|move|p2b: Incineroar|Parting Shot|p1b: Archaludon
|-unboost|p1b: Archaludon|atk|1
|-unboost|p1b: Archaludon|spa|1
|
|t:|1782662739
|switch|p2b: Charizard|Charizard-Mega-Y, L50, M|100/100|[from] Parting Shot
|-weather|SunnyDay|[from] ability: Drought|[of] p2b: Charizard
|
|-weather|SunnyDay|[upkeep]
|upkeep
|turn|5
|inactive|alejandrorr has 30 seconds left.
|
|t:|1782662765
|move|p1a: Pelipper|Hurricane|p2b: Charizard
|-damage|p2b: Charizard|47/100
|move|p1b: Archaludon|Dragon Pulse|p2b: Charizard
|-damage|p2b: Charizard|18/100
|move|p2b: Charizard|Weather Ball|p1b: Archaludon
|-damage|p1b: Archaludon|13/100
|-ability|p1b: Archaludon|Stamina|boost
|-boost|p1b: Archaludon|def|1
|move|p2a: Milotic|Ice Beam|p1b: Archaludon
|-damage|p1b: Archaludon|0 fnt
|faint|p1b: Archaludon
|
|-weather|SunnyDay|[upkeep]
|upkeep
|turn|6
|-message|lslucho forfeited.
|
|win|alejandrorr
||lslucho is ready for game 3.
|inactive|alejandrorr has 30 seconds to confirm battle start!
|inactive|alejandrorr has 20 seconds to confirm battle start!
||alejandrorr is ready for game 3.
|uhtml|next|Next: Game 3 of 3
|l|☆alejandrorr
|player|p2|
