|j|‽daniiivgc
|j|☆failandimprove2
|html|daniiivgcfailandimprove2    
|uhtml|bestof|Game 2 of a best-of-3
|t:|1783467439
|gametype|doubles
|player|p1|daniiivgc|giovanni|1323
|player|p2|failandimprove2|169|1491
|gen|9
|tier|[Gen 9 Champions] VGC 2026 Reg M-B (Bo3)
|rated|
|rule|Species Clause: Limit one of each Pokémon
|rule|Item Clause: Limit 1 of each item
|clearpoke
|poke|p1|Raichu, L50, F|
|poke|p1|Ceruledge, L50, F|
|poke|p1|Milotic, L50, F|
|poke|p1|Incineroar, L50, M|
|poke|p1|Sneasler, L50, F|
|poke|p1|Ninetales-Alola, L50, M|
|poke|p2|Charizard, L50, M|
|poke|p2|Floette-Eternal, L50, F|
|poke|p2|Whimsicott, L50, M|
|poke|p2|Basculegion, L50, M|
|poke|p2|Kingambit, L50, F|
|poke|p2|Garchomp, L50, F|
|teampreview|4
|showteam|p1|Raichu||RaichuniteY|LightningRod|ZapCannon,FocusBlast,FakeOut,Protect|Timid||F|||50|]Ceruledge||ColburBerry|FlashFire|BitterBlade,ShadowSneak,BulkUp,Protect|Adamant||F|||50|]Milotic||Leftovers|Competitive|MuddyWater,Coil,Hypnosis,Recover|Calm||F|||50|]Incineroar||SitrusBerry|Intimidate|FlareBlitz,ThroatChop,FakeOut,PartingShot|Impish||M|||50|]Sneasler||FocusSash|PoisonTouch|FakeOut,DireClaw,CloseCombat,Protect|Jolly||F|||50|]Ninetales-Alola||NeverMeltIce|SnowWarning|Blizzard,FreezeDry,Encore,Protect|Timid||M|||50|
|showteam|p2|Charizard||CharizarditeY|Blaze|HeatWave,WeatherBall,SolarBeam,Protect|Modest||M|||50|]Floette-Eternal||Floettite|FlowerVeil|Moonblast,DazzlingGleam,LightofRuin,Protect|Timid||F|||50|]Whimsicott||FocusSash|Prankster|Moonblast,Tailwind,Encore,Protect|Timid||M|||50|]Basculegion||MysticWater|Adaptability|WaveCrash,LastRespects,AquaJet,Protect|Adamant||M|||50|]Kingambit||ChopleBerry|Defiant|KowtowCleave,SuckerPunch,IronHead,LowKick|Adamant||F|||50|]Garchomp||LifeOrb|RoughSkin|Earthquake,RockSlide,DragonClaw,Protect|Jolly||F|||50|
|inactive|Battle timer is ON: inactive players will automatically lose when time's up. (requested by failandimprove2)
|inactive|failandimprove2 has 60 seconds left.
|
|t:|1783467481
|teamsize|p1|4
|teamsize|p2|4
|start
|switch|p1a: Incineroar|Incineroar, L50, M|100/100
|switch|p1b: Milotic|Milotic, L50, F|100/100
|switch|p2a: Whimsicott|Whimsicott, L50, M|100/100
|switch|p2b: Basculegion|Basculegion, L50, M|100/100
|-ability|p1a: Incineroar|Intimidate|boost
|-unboost|p2a: Whimsicott|atk|1
|-unboost|p2b: Basculegion|atk|1
|turn|1
|
|t:|1783467502
|move|p2a: Whimsicott|Protect|p2a: Whimsicott
|-singleturn|p2a: Whimsicott|Protect
|move|p2b: Basculegion|Protect|p2b: Basculegion
|-singleturn|p2b: Basculegion|Protect
|move|p1b: Milotic|Coil|p1b: Milotic
|-boost|p1b: Milotic|atk|1
|-boost|p1b: Milotic|def|1
|-boost|p1b: Milotic|accuracy|1
|move|p1a: Incineroar|Parting Shot|p2b: Basculegion
|-activate|p2b: Basculegion|move: Protect
|
|upkeep
|turn|2
|
|t:|1783467522
|move|p2a: Whimsicott|Encore|p1b: Milotic
|-start|p1b: Milotic|Encore
|move|p2b: Basculegion|Wave Crash|p1a: Incineroar
|-supereffective|p1a: Incineroar|1
|-damage|p1a: Incineroar|6/100
|-enditem|p1a: Incineroar|Sitrus Berry|[eat]
|-heal|p1a: Incineroar|31/100|[from] item: Sitrus Berry
|-damage|p2b: Basculegion|69/100|[from] Recoil
|move|p1b: Milotic|Coil|p1b: Milotic
|-boost|p1b: Milotic|atk|1
|-boost|p1b: Milotic|def|1
|-boost|p1b: Milotic|accuracy|1
|move|p1a: Incineroar|Parting Shot|p2b: Basculegion
|-unboost|p2b: Basculegion|atk|1
|-unboost|p2b: Basculegion|spa|1
|
|t:|1783467537
|switch|p1a: Raichu|Raichu, L50, F|100/100|[from] Parting Shot
|
|upkeep
|turn|3
|
|t:|1783467546
|detailschange|p1a: Raichu|Raichu-Mega-Y, L50, F
|-mega|p1a: Raichu|Raichu|Raichunite Y
|move|p2a: Whimsicott|Tailwind|p2a: Whimsicott
|-sidestart|p2: failandimprove2|move: Tailwind
|move|p2b: Basculegion|Wave Crash|p1a: Raichu
|-damage|p1a: Raichu|29/100
|-damage|p2b: Basculegion|50/100g|[from] Recoil
|move|p1a: Raichu|Zap Cannon|p2a: Whimsicott
|-resisted|p2a: Whimsicott|1
|-damage|p2a: Whimsicott|47/100
|-status|p2a: Whimsicott|par
|move|p1b: Milotic|Coil|p1b: Milotic
|-boost|p1b: Milotic|atk|1
|-boost|p1b: Milotic|def|1
|-boost|p1b: Milotic|accuracy|1
|
|upkeep
|turn|4
|
|t:|1783467563
|switch|p2b: Floette|Floette-Eternal, L50, F|100/100
|move|p1a: Raichu|Zap Cannon|p2b: Floette
|-damage|p2b: Floette|37/100
|-status|p2b: Floette|par
|move|p2a: Whimsicott|Moonblast|p1b: Milotic
|-damage|p1b: Milotic|78/100
|move|p1b: Milotic|Coil|p1b: Milotic
|-boost|p1b: Milotic|atk|1
|-boost|p1b: Milotic|def|1
|-boost|p1b: Milotic|accuracy|1
|
|-heal|p1b: Milotic|84/100|[from] item: Leftovers
|-end|p1b: Milotic|Encore
|upkeep
|turn|5
|
|t:|1783467586
|detailschange|p2b: Floette|Floette-Mega, L50, F
|-mega|p2b: Floette|Floette|Floettite
|-ability|p2b: Floette|Fairy Aura
|cant|p2b: Floette|par
|move|p2a: Whimsicott|Encore|p1b: Milotic
|-start|p1b: Milotic|Encore
|move|p1a: Raichu|Zap Cannon|p2a: Whimsicott
|-resisted|p2a: Whimsicott|1
|-damage|p2a: Whimsicott|0 fnt
|faint|p2a: Whimsicott
|move|p1b: Milotic|Coil|p1b: Milotic
|-boost|p1b: Milotic|atk|1
|-boost|p1b: Milotic|def|1
|-boost|p1b: Milotic|accuracy|1
|
|-heal|p1b: Milotic|90/100|[from] item: Leftovers
|upkeep
|
|t:|1783467600
|switch|p2a: Basculegion|Basculegion, L50, M|50/100g
|turn|6
|
|t:|1783467608
|move|p2a: Basculegion|Wave Crash|p1a: Raichu
|-crit|p1a: Raichu
|-damage|p1a: Raichu|0 fnt
|faint|p1a: Raichu
|-damage|p2a: Basculegion|42/100|[from] Recoil
|move|p2b: Floette|Moonblast|p1b: Milotic
|-damage|p1b: Milotic|38/100
|move|p1b: Milotic|Coil|p1b: Milotic
|-boost|p1b: Milotic|atk|1
|-boost|p1b: Milotic|def|1
|-boost|p1b: Milotic|accuracy|1
|
|-heal|p1b: Milotic|44/100|[from] item: Leftovers
|-sideend|p2: failandimprove2|move: Tailwind
|upkeep
|inactive|daniiivgc has 30 seconds left.
|inactive|daniiivgc has 20 seconds left.
|
|t:|1783467645
|switch|p1a: Incineroar|Incineroar, L50, M|31/100
|-ability|p1a: Incineroar|Intimidate|boost
|-unboost|p2a: Basculegion|atk|1
|-unboost|p2b: Floette|atk|1
|turn|7
|inactive|failandimprove2 has 30 seconds left.
|inactive|failandimprove2 has 20 seconds left.
|
|t:|1783467683
|switch|p2b: Garchomp|Garchomp, L50, F|100/100
|move|p1a: Incineroar|Fake Out|p2b: Garchomp
|-damage|p2b: Garchomp|90/100
|-damage|p1a: Incineroar|19/100|[from] ability: Rough Skin|[of] p2b: Garchomp
|move|p2a: Basculegion|Last Respects|p1b: Milotic
|-damage|p1b: Milotic|33/100
|move|p1b: Milotic|Coil|p1b: Milotic
|-boost|p1b: Milotic|atk|0
|-boost|p1b: Milotic|def|0
|-boost|p1b: Milotic|accuracy|0
|
|-heal|p1b: Milotic|39/100|[from] item: Leftovers
|-end|p1b: Milotic|Encore
|upkeep
|turn|8
|
|t:|1783467700
|move|p2b: Garchomp|Rock Slide|p1a: Incineroar|[spread] p1a,p1b
|-supereffective|p1a: Incineroar|1
|-damage|p1a: Incineroar|0 fnt
|-damage|p1b: Milotic|33/100
|faint|p1a: Incineroar
|-damage|p2b: Garchomp|80/100|[from] item: Life Orb
|move|p2a: Basculegion|Last Respects|p1b: Milotic
|-damage|p1b: Milotic|23/100
|move|p1b: Milotic|Recover|p1b: Milotic
|-heal|p1b: Milotic|73/100
|
|-heal|p1b: Milotic|79/100|[from] item: Leftovers
|upkeep
|
|t:|1783467709
|switch|p1a: Ninetales|Ninetales-Alola, L50, M|100/100
|-weather|Snowscape|[from] ability: Snow Warning|[of] p1a: Ninetales
|turn|9
|inactive|failandimprove2 has 30 seconds left.
|
|t:|1783467736
|move|p2b: Garchomp|Protect|p2b: Garchomp
|-singleturn|p2b: Garchomp|Protect
|move|p1a: Ninetales|Freeze-Dry|p2a: Basculegion
|-supereffective|p2a: Basculegion|1
|-damage|p2a: Basculegion|0 fnt
|faint|p2a: Basculegion
|move|p1b: Milotic|Hypnosis|p2b: Garchomp
|-activate|p2b: Garchomp|move: Protect
|
|-weather|Snowscape|[upkeep]
|-heal|p1b: Milotic|85/100|[from] item: Leftovers
|upkeep
|-message|failandimprove2 forfeited.
|
|win|daniiivgc
|raw|daniiivgc's rating: 1323 → 1352(+29 for winning)
|raw|failandimprove2's rating: 1491 → 1462(-29 for losing)
