|j|☆pkgallia
|j|☆GaliVGC
|html|pkgalliaGaliVGC    
|uhtml|bestof|Game 2 of a best-of-3
|t:|1782479181
|gametype|doubles
|player|p1|pkgallia|169|1067
|player|p2|GaliVGC|266|1089
|gen|9
|tier|[Gen 9 Champions] VGC 2026 Reg M-B (Bo3)
|rated|
|rule|Species Clause: Limit one of each Pokémon
|rule|Item Clause: Limit 1 of each item
|clearpoke
|poke|p1|Wyrdeer, L50, M|
|poke|p1|Empoleon, L50, F|
|poke|p1|Sinistcha, L50|
|poke|p1|Raichu, L50, M|
|poke|p1|Garchomp, L50, F|
|poke|p1|Oranguru, L50, F|
|poke|p2|Eelektross, L50, F|
|poke|p2|Garchomp, L50, F|
|poke|p2|Talonflame, L50, F|
|poke|p2|Incineroar, L50, M|
|poke|p2|Sinistcha, L50|
|poke|p2|Floette-Eternal, L50, F|
|teampreview|4
|showteam|p1|Wyrdeer||FocusSash|Intimidate|SkillSwap,TrickRoom,HelpingHand,Protect|Relaxed||M|||50|]Empoleon||ChopleBerry|Competitive|Surf,IceBeam,FlashCannon,Protect|Quiet||F|||50|]Sinistcha||SitrusBerry|Hospitality|MatchaGotcha,RagePowder,StrengthSap,TrickRoom|Relaxed|||||50|]Raichu||RaichuniteY|Static|FakeOut,ZapCannon,FocusBlast,Protect|Timid||M|||50|]Garchomp||Garchompite|RoughSkin|Earthquake,RockSlide,DragonClaw,Protect|Brave||F|||50|]Oranguru||Leftovers|Telepathy|Instruct,SkillSwap,TrickRoom,Gravity|Relaxed||F|||50|
|showteam|p2|Eelektross||Eelektrossite|Levitate|Discharge,GrassKnot,Protect,Thunderbolt|Modest||F|||50|]Garchomp||LifeOrb|RoughSkin|Earthquake,DragonClaw,Protect,RockSlide|Adamant||F|||50|]Talonflame||WideLens|GaleWings|DualWingbeat,Tailwind,Protect,WillOWisp|Jolly||F|||50|]Incineroar||ChopleBerry|Intimidate|PartingShot,FakeOut,ThroatChop,FlareBlitz|Impish||M|||50|]Sinistcha||SitrusBerry|Hospitality|MatchaGotcha,RagePowder,Protect,TrickRoom|Calm|||||50|]Floette-Eternal||Floettite|FlowerVeil|Moonblast,DazzlingGleam,CalmMind,Protect|Modest||F|||50|
|
|t:|1782479224
|teamsize|p1|4
|teamsize|p2|4
|start
|switch|p1a: Raichu|Raichu, L50, M|100/100
|switch|p1b: Oranguru|Oranguru, L50, F|100/100
|switch|p2a: Garchomp|Garchomp, L50, F|100/100
|switch|p2b: Incineroar|Incineroar, L50, M|100/100
|-ability|p2b: Incineroar|Intimidate|boost
|-unboost|p1a: Raichu|atk|1
|-unboost|p1b: Oranguru|atk|1
|turn|1
|
|t:|1782479253
|detailschange|p1a: Raichu|Raichu-Mega-Y, L50, M
|-mega|p1a: Raichu|Raichu|Raichunite Y
|move|p1a: Raichu|Fake Out|p2a: Garchomp
|-damage|p2a: Garchomp|94/100
|-damage|p1a: Raichu|87/100|[from] ability: Rough Skin|[of] p2a: Garchomp
|cant|p2a: Garchomp|flinch
|move|p2b: Incineroar|Parting Shot|p1a: Raichu
|-unboost|p1a: Raichu|atk|1
|-unboost|p1a: Raichu|spa|1
|
|t:|1782479262
|switch|p2b: Eelektross|Eelektross, L50, F|100/100|[from] Parting Shot
|move|p1b: Oranguru|Skill Swap|p2b: Eelektross
|-activate|p1b: Oranguru|Skill Swap|Levitate|Telepathy|[of] p2b: Eelektross
|
|upkeep
|turn|2
|
|t:|1782479282
|switch|p1b: Wyrdeer|Wyrdeer, L50, M|100/100
|-ability|p1b: Wyrdeer|Intimidate|boost
|-unboost|p2a: Garchomp|atk|1
|-unboost|p2b: Eelektross|atk|1
|detailschange|p2b: Eelektross|Eelektross-Mega, L50, F
|-mega|p2b: Eelektross|Eelektross|Eelektrossite
|move|p1a: Raichu|Protect|p1a: Raichu
|-singleturn|p1a: Raichu|Protect
|move|p2a: Garchomp|Earthquake|p1b: Wyrdeer|[spread] p1b
|-activate|p1a: Raichu|move: Protect
|-immune|p2b: Eelektross|[from] ability: Levitate
|-damage|p1b: Wyrdeer|70/100
|-damage|p2a: Garchomp|85/100|[from] item: Life Orb
|move|p2b: Eelektross|Discharge|p1a: Raichu|[spread] p1b
|-activate|p1a: Raichu|move: Protect
|-immune|p2a: Garchomp
|-damage|p1b: Wyrdeer|32/100
|-status|p1b: Wyrdeer|par
|
|upkeep
|turn|3
|
|t:|1782479308
|switch|p1a: Oranguru|Oranguru, L50, F|100/100
|move|p2a: Garchomp|Earthquake|p1b: Wyrdeer|[spread] p1a,p1b
|-immune|p2b: Eelektross|[from] ability: Levitate
|-damage|p1a: Oranguru|69/100
|-damage|p1b: Wyrdeer|6/100 par
|-damage|p2a: Garchomp|75/100|[from] item: Life Orb
|move|p2b: Eelektross|Discharge|p1a: Oranguru|[spread] p1a,p1b
|-immune|p2a: Garchomp
|-damage|p1a: Oranguru|37/100
|-damage|p1b: Wyrdeer|0 fnt
|faint|p1b: Wyrdeer
|-ability|p2b: Eelektross|Eelevate|boost
|-boost|p2b: Eelektross|spa|1
|
|-heal|p1a: Oranguru|43/100|[from] item: Leftovers
|upkeep
|
|t:|1782479320
|switch|p1b: Empoleon|Empoleon, L50, F|100/100
|turn|4
|
|t:|1782479331
|move|p1b: Empoleon|Protect|p1b: Empoleon
|-singleturn|p1b: Empoleon|Protect
|move|p2a: Garchomp|Earthquake|p1a: Oranguru|[spread] p1a
|-activate|p1b: Empoleon|move: Protect
|-immune|p2b: Eelektross|[from] ability: Levitate
|-damage|p1a: Oranguru|15/100
|-damage|p2a: Garchomp|66/100|[from] item: Life Orb
|move|p2b: Eelektross|Discharge|p1b: Empoleon|[spread] p1a
|-activate|p1b: Empoleon|move: Protect
|-immune|p2a: Garchomp
|-damage|p1a: Oranguru|0 fnt
|faint|p1a: Oranguru
|-ability|p2b: Eelektross|Eelevate|boost
|-boost|p2b: Eelektross|spa|1
|
|upkeep
|inactive|Battle timer is ON: inactive players will automatically lose when time's up. (requested by GaliVGC)
|
|t:|1782479367
|switch|p1a: Raichu|Raichu-Mega-Y, L50, M|87/100
|turn|5
|
|t:|1782479376
|move|p1a: Raichu|Focus Blast|p2b: Eelektross
|-damage|p2b: Eelektross|49/100
|move|p2a: Garchomp|Earthquake|p1a: Raichu|[spread] p1a,p1b
|-immune|p2b: Eelektross|[from] ability: Levitate
|-supereffective|p1a: Raichu|1
|-supereffective|p1b: Empoleon|1
|-damage|p1a: Raichu|0 fnt
|-damage|p1b: Empoleon|20/100y
|faint|p1a: Raichu
|-damage|p2a: Garchomp|56/100|[from] item: Life Orb
|move|p2b: Eelektross|Thunderbolt|p1b: Empoleon
|-supereffective|p1b: Empoleon|1
|-damage|p1b: Empoleon|0 fnt
|faint|p1b: Empoleon
|
|win|GaliVGC
|raw|pkgallia's rating: 1067 → 1048(-19 for losing)
|raw|GaliVGC's rating: 1089 → 1114(+25 for winning)
