|j|☆greater basilisk
|j|☆Madzisbadz
|html|greater basiliskMadzisbadz    
|uhtml|bestof|Game 1 of a best-of-3
|t:|1783359567
|gametype|doubles
|player|p1|greater basilisk|bianca|1226
|player|p2|Madzisbadz|101|1212
|gen|9
|tier|[Gen 9 Champions] VGC 2026 Reg M-B (Bo3)
|rated|
|rule|Species Clause: Limit one of each Pokémon
|rule|Item Clause: Limit 1 of each item
|clearpoke
|poke|p1|Sneasler, L50, M|
|poke|p1|Incineroar, L50, F|
|poke|p1|Delphox, L50, M|
|poke|p1|Sinistcha, L50|
|poke|p1|Floette-Eternal, L50, F|
|poke|p1|Palafin, L50, F|
|poke|p2|Blaziken, L50, F|
|poke|p2|Kingambit, L50, M|
|poke|p2|Farigiraf, L50, F|
|poke|p2|Sylveon, L50, F|
|poke|p2|Aerodactyl, L50, M|
|poke|p2|Basculegion, L50, M|
|teampreview|4
|showteam|p1|Sneasler||FocusSash|PoisonTouch|Protect,FakeOut,DireClaw,CloseCombat|Jolly||M|||50|]Incineroar||SitrusBerry|Intimidate|FakeOut,PartingShot,FlareBlitz,DarkestLariat|Impish||F|||50|]Delphox||Delphoxite|Blaze|Protect,NastyPlot,HeatWave,Psyshock|Timid||M|||50|]Sinistcha||KasibBerry|Hospitality|Protect,TrickRoom,MatchaGotcha,RagePowder|Sassy|||||50|]Floette-Eternal||Floettite|FlowerVeil|Protect,DazzlingGleam,CalmMind,Moonblast|Timid||F|||50|]Palafin||Leftovers|ZerotoHero|Protect,JetPunch,BulkUp,ThroatChop|Adamant||F|||50|
|showteam|p2|Blaziken||Blazikenite|SpeedBoost|FlareBlitz,CloseCombat,RockSlide,Protect|Adamant||F|||50|]Kingambit||FocusSash|Defiant|KowtowCleave,IronHead,SuckerPunch,LowKick|Adamant||M|||50|]Farigiraf||SitrusBerry|ArmorTail|Psychic,Thunderbolt,TrickRoom,HelpingHand|Bold||F|||50|]Sylveon||FairyFeather|Pixilate|HyperVoice,HyperBeam,QuickAttack,Detect|Modest||F|||50|]Aerodactyl||Aerodactylite|Unnerve|RockSlide,DualWingbeat,IceFang,Tailwind|Jolly||M|||50|]Basculegion||LifeOrb|Adaptability|WaveCrash,LastRespects,AquaJet,Protect|Adamant||M|||50|
|inactive|Battle timer is ON: inactive players will automatically lose when time's up. (requested by greater basilisk)
|inactive|greater basilisk has 60 seconds left.
|inactive|greater basilisk has 30 seconds left.
|inactive|greater basilisk has 20 seconds left.
|
|t:|1783359642
|teamsize|p1|4
|teamsize|p2|4
|start
|switch|p1a: Palafin|Palafin, L50, F|100/100
|switch|p1b: Sneasler|Sneasler, L50, M|100/100
|switch|p2a: Basculegion|Basculegion, L50, M|100/100
|switch|p2b: Aerodactyl|Aerodactyl, L50, M|100/100
|-ability|p2b: Aerodactyl|Unnerve
|turn|1
|inactive|greater basilisk has 30 seconds left.
|inactive|Madzisbadz has 30 seconds left.
|
|t:|1783359675
|detailschange|p1a: Palafin|Palafin-Hero, L50, F
|switch|p1a: Incineroar|Incineroar, L50, F|100/100
|-ability|p1a: Incineroar|Intimidate|boost
|-unboost|p2a: Basculegion|atk|1
|-unboost|p2b: Aerodactyl|atk|1
|switch|p2a: Farigiraf|Farigiraf, L50, F|100/100
|detailschange|p2b: Aerodactyl|Aerodactyl-Mega, L50, M
|-mega|p2b: Aerodactyl|Aerodactyl|Aerodactylite
|move|p1b: Sneasler|Fake Out||[still]
|cant|p2a: Farigiraf|ability: Armor Tail|Fake Out|[of] p1b: Sneasler
|move|p2b: Aerodactyl|Dual Wingbeat|p1b: Sneasler
|-supereffective|p1b: Sneasler|1
|-damage|p1b: Sneasler|49/100
|-supereffective|p1b: Sneasler|1
|-damage|p1b: Sneasler|0 fnt
|faint|p1b: Sneasler
|-hitcount|p1: Sneasler|2
|
|upkeep
|
|t:|1783359692
|switch|p1b: Palafin|Palafin-Hero, L50, F|100/100
|-activate|p1b: Palafin|ability: Zero to Hero
|turn|2
|inactive|Madzisbadz has 30 seconds left.
|
|t:|1783359721
|move|p1b: Palafin|Protect|p1b: Palafin
|-singleturn|p1b: Palafin|Protect
|move|p2b: Aerodactyl|Rock Slide|p1b: Palafin|[spread] p1a
|-activate|p1b: Palafin|move: Protect
|-supereffective|p1a: Incineroar|1
|-damage|p1a: Incineroar|73/100
|move|p1a: Incineroar|Parting Shot|p2a: Farigiraf
|-unboost|p2a: Farigiraf|atk|1
|-unboost|p2a: Farigiraf|spa|1
|
|t:|1783359730
|switch|p1a: Floette|Floette-Eternal, L50, F|100/100|[from] Parting Shot
|move|p2a: Farigiraf|Thunderbolt|p1b: Palafin
|-activate|p1b: Palafin|move: Protect
|
|upkeep
|turn|3
|inactive|Madzisbadz has 30 seconds left.
|inactive|greater basilisk has 30 seconds left.
|
|t:|1783359768
|detailschange|p1a: Floette|Floette-Mega, L50, F
|-mega|p1a: Floette|Floette|Floettite
|-ability|p1a: Floette|Fairy Aura
|move|p2a: Farigiraf|Helping Hand|p2b: Aerodactyl
|-singleturn|p2b: Aerodactyl|Helping Hand|[of] p2a: Farigiraf
|move|p2b: Aerodactyl|Dual Wingbeat|p1a: Floette
|-damage|p1a: Floette|72/100
|-damage|p1a: Floette|48/100
|-hitcount|p1a: Floette|2
|move|p1a: Floette|Moonblast|p2a: Farigiraf
|-damage|p2a: Farigiraf|44/100
|-enditem|p2a: Farigiraf|Sitrus Berry|[eat]
|-heal|p2a: Farigiraf|68/100|[from] item: Sitrus Berry
|move|p1b: Palafin|Bulk Up|p1b: Palafin
|-boost|p1b: Palafin|atk|1
|-boost|p1b: Palafin|def|1
|
|upkeep
|turn|4
|inactive|Madzisbadz has 30 seconds left.
|inactive|Madzisbadz has 20 seconds left.
|inactive|greater basilisk has 30 seconds left.
|inactive|Madzisbadz has 15 seconds left.
|inactive|Madzisbadz has 10 seconds left.
|inactive|Madzisbadz has 5 seconds left.
|
|t:|1783359820
|switch|p1a: Incineroar|Incineroar, L50, F|73/100
|-ability|p1a: Incineroar|Intimidate|boost
|-unboost|p2a: Farigiraf|atk|1
|-unboost|p2b: Aerodactyl|atk|1
|move|p2b: Aerodactyl|Tailwind|p2b: Aerodactyl
|-sidestart|p2: Madzisbadz|move: Tailwind
|move|p2a: Farigiraf|Thunderbolt|p1b: Palafin
|-supereffective|p1b: Palafin|1
|-damage|p1b: Palafin|71/100
|move|p1b: Palafin|Throat Chop|p2a: Farigiraf
|-supereffective|p2a: Farigiraf|1
|-damage|p2a: Farigiraf|0 fnt
|faint|p2a: Farigiraf
|
|-heal|p1b: Palafin|77/100|[from] item: Leftovers
|upkeep
|
|t:|1783359839
|switch|p2a: Basculegion|Basculegion, L50, M|100/100
|turn|5
|inactive|Madzisbadz has 30 seconds left.
|inactive|greater basilisk has 30 seconds left.
|inactive|Madzisbadz has 20 seconds left.
|inactive|Madzisbadz has 15 seconds left.
|inactive|greater basilisk has 20 seconds left.
|
|t:|1783359884
|move|p1b: Palafin|Jet Punch|p2b: Aerodactyl
|-supereffective|p2b: Aerodactyl|1
|-damage|p2b: Aerodactyl|0 fnt
|faint|p2b: Aerodactyl
|move|p2a: Basculegion|Wave Crash|p1a: Incineroar
|-supereffective|p1a: Incineroar|1
|-damage|p1a: Incineroar|0 fnt
|faint|p1a: Incineroar
|-damage|p2a: Basculegion|76/100|[from] Recoil
|-damage|p2a: Basculegion|66/100|[from] item: Life Orb
|
|-heal|p1b: Palafin|83/100|[from] item: Leftovers
|upkeep
|
|t:|1783359896
|switch|p2b: Blaziken|Blaziken, L50, F|100/100
|switch|p1a: Floette|Floette-Mega, L50, F|48/100
|-ability|p1a: Floette|Fairy Aura
|turn|6
|inactive|Madzisbadz has 30 seconds left.
|inactive|Madzisbadz has 20 seconds left.
|
|t:|1783359934
|move|p1a: Floette|Protect|p1a: Floette
|-singleturn|p1a: Floette|Protect
|move|p2b: Blaziken|Close Combat|p1b: Palafin
|-damage|p1b: Palafin|46/100
|-unboost|p2b: Blaziken|def|1
|-unboost|p2b: Blaziken|spd|1
|move|p2a: Basculegion|Last Respects|p1b: Palafin
|-damage|p1b: Palafin|0 fnt
|faint|p1b: Palafin
|-damage|p2a: Basculegion|57/100|[from] item: Life Orb
|
|-ability|p2b: Blaziken|Speed Boost|boost
|-boost|p2b: Blaziken|spe|1
|upkeep
|turn|7
|
|t:|1783359955
|move|p2b: Blaziken|Flare Blitz|p1a: Floette
|-damage|p1a: Floette|0 fnt
|faint|p1a: Floette
|-damage|p2b: Blaziken|81/100|[from] Recoil
|
|win|Madzisbadz
||greater basilisk is ready for game 2.
