|j|☆platinumflare
|j|☆new mental
|html|platinumflarenew mental    
|uhtml|bestof|Game 1 of a best-of-3
|t:|1783195332
|gametype|doubles
|player|p1|platinumflare|pokemonranger-gen4|1144
|player|p2|new mental|volkner|1080
|gen|9
|tier|[Gen 9 Champions] VGC 2026 Reg M-B (Bo3)
|rated|
|rule|Species Clause: Limit one of each Pokémon
|rule|Item Clause: Limit 1 of each item
|clearpoke
|poke|p1|Raichu, L50, F, shiny|
|poke|p1|Meowscarada, L50, F|
|poke|p1|Mamoswine, L50, F, shiny|
|poke|p1|Sneasler, L50, F, shiny|
|poke|p1|Talonflame, L50, M, shiny|
|poke|p1|Basculegion, L50, M|
|poke|p2|Aerodactyl, L50, M|
|poke|p2|Garchomp, L50, M|
|poke|p2|Kingambit, L50, F|
|poke|p2|Charizard, L50, M|
|poke|p2|Sylveon, L50, F|
|poke|p2|Farigiraf, L50, F|
|teampreview|4
|showteam|p1|Raichu||RaichuniteY|LightningRod|ZapCannon,FocusBlast,Protect,GrassKnot|Modest||F|||50|]Meowscarada||ChoiceScarf|Protean|FlowerTrick,TripleAxel,ThroatChop,Uturn|Jolly||F|||50|]Mamoswine||FocusSash|Oblivious|IceShard,HighHorsepower,Protect,RockSlide|Adamant||F|||50|]Sneasler||WhiteHerb|Unburden|CloseCombat,GunkShot,Protect,FakeOut|Jolly||F|||50|]Talonflame||SharpBeak|GaleWings|DualWingbeat,Tailwind,Taunt,Protect|Jolly||M|||50|]Basculegion||LifeOrb|Adaptability|WaveCrash,LastRespects,Protect,AquaJet|Adamant||M|||50|
|showteam|p2|Aerodactyl||Aerodactylite|Unnerve|IceFang,RockSlide,Tailwind,DualWingbeat|Jolly||M|||50|]Garchomp||LifeOrb|RoughSkin|DragonClaw,StompingTantrum,Earthquake,Protect|Jolly||M|||50|]Kingambit||FocusSash|Defiant|SuckerPunch,KowtowCleave,IronHead,LowKick|Adamant||F|||50|]Charizard||CharizarditeY|SolarPower|Protect,HeatWave,SolarBeam,WeatherBall|Timid||M|||50|]Sylveon||FairyFeather|Pixilate|Protect,HyperVoice,HyperBeam,QuickAttack|Modest||F|||50|]Farigiraf||SitrusBerry|ArmorTail|TrickRoom,Thunderbolt,Psychic,Roar|Bold||F|||50|
|inactive|Battle timer is ON: inactive players will automatically lose when time's up. (requested by platinumflare)
|inactive|platinumflare has 60 seconds left.
|inactive|new mental has 60 seconds left.
|
|t:|1783195409
|teamsize|p1|4
|teamsize|p2|4
|start
|switch|p1a: Talonflame|Talonflame, L50, M, shiny|100/100
|switch|p1b: Meowscarada|Meowscarada, L50, F|100/100
|switch|p2a: Aerodactyl|Aerodactyl, L50, M|100/100
|switch|p2b: Kingambit|Kingambit, L50, F|100/100
|-ability|p2a: Aerodactyl|Unnerve
|turn|1
|
|t:|1783195432
|detailschange|p2a: Aerodactyl|Aerodactyl-Mega, L50, M
|-mega|p2a: Aerodactyl|Aerodactyl|Aerodactylite
|move|p1a: Talonflame|Tailwind|p1a: Talonflame
|-sidestart|p1: platinumflare|move: Tailwind
|move|p1b: Meowscarada|Triple Axel|p2a: Aerodactyl
|-start|p1b: Meowscarada|typechange|Ice|[from] ability: Protean
|-supereffective|p2a: Aerodactyl|1
|-damage|p2a: Aerodactyl|76/100
|-supereffective|p2a: Aerodactyl|1
|-damage|p2a: Aerodactyl|35/100
|-supereffective|p2a: Aerodactyl|1
|-damage|p2a: Aerodactyl|0 fnt
|faint|p2a: Aerodactyl
|-hitcount|p2: Aerodactyl|3
|move|p2b: Kingambit|Iron Head|p1b: Meowscarada
|-supereffective|p1b: Meowscarada|1
|-damage|p1b: Meowscarada|0 fnt
|faint|p1b: Meowscarada
|
|upkeep
|
|t:|1783195450
|switch|p2a: Garchomp|Garchomp, L50, M|100/100
|switch|p1b: Mamoswine|Mamoswine, L50, F, shiny|100/100
|turn|2
|
|t:|1783195468
|move|p2a: Garchomp|Protect|p2a: Garchomp
|-singleturn|p2a: Garchomp|Protect
|move|p1a: Talonflame|Dual Wingbeat|p2b: Kingambit
|-resisted|p2b: Kingambit|1
|-damage|p2b: Kingambit|93/100
|-resisted|p2b: Kingambit|1
|-damage|p2b: Kingambit|86/100
|-hitcount|p2b: Kingambit|2
|move|p1b: Mamoswine|High Horsepower|p2b: Kingambit
|-supereffective|p2b: Kingambit|1
|-damage|p2b: Kingambit|0 fnt
|faint|p2b: Kingambit
|
|upkeep
|
|t:|1783195476
|switch|p2b: Sylveon|Sylveon, L50, F|100/100
|turn|3
|
|t:|1783195485
|move|p2a: Garchomp|Protect||[still]
|-fail|p2a: Garchomp
|move|p1a: Talonflame|Dual Wingbeat|p2a: Garchomp
|-damage|p2a: Garchomp|83/100
|-damage|p1a: Talonflame|87/100|[from] ability: Rough Skin|[of] p2a: Garchomp
|-damage|p2a: Garchomp|69/100
|-damage|p1a: Talonflame|75/100|[from] ability: Rough Skin|[of] p2a: Garchomp
|-hitcount|p2a: Garchomp|2
|move|p1b: Mamoswine|Ice Shard|p2a: Garchomp
|-supereffective|p2a: Garchomp|2
|-damage|p2a: Garchomp|0 fnt
|faint|p2a: Garchomp
|move|p2b: Sylveon|Hyper Voice|p1b: Mamoswine|[spread] p1a,p1b
|-resisted|p1a: Talonflame|1
|-damage|p1a: Talonflame|45/100
|-damage|p1b: Mamoswine|27/100
|
|upkeep
|turn|4
|
|t:|1783195500
|move|p1a: Talonflame|Dual Wingbeat|p2b: Sylveon
|-damage|p2b: Sylveon|83/100
|-damage|p2b: Sylveon|64/100
|-hitcount|p2b: Sylveon|2
|move|p1b: Mamoswine|High Horsepower|p2b: Sylveon
|-damage|p2b: Sylveon|2/100
|move|p2b: Sylveon|Hyper Voice|p1a: Talonflame|[spread] p1a,p1b
|-resisted|p1a: Talonflame|1
|-damage|p1a: Talonflame|12/100
|-damage|p1b: Mamoswine|0 fnt
|faint|p1b: Mamoswine
|
|-sideend|p1: platinumflare|move: Tailwind
|upkeep
|
|t:|1783195507
|switch|p1b: Raichu|Raichu, L50, F, shiny|100/100
|turn|5
|
|t:|1783195511
|detailschange|p1b: Raichu|Raichu-Mega-Y, L50, F, shiny
|-mega|p1b: Raichu|Raichu|Raichunite Y
|move|p1a: Talonflame|Tailwind|p1a: Talonflame
|-sidestart|p1: platinumflare|move: Tailwind
|move|p1b: Raichu|Zap Cannon|p2b: Sylveon
|-damage|p2b: Sylveon|0 fnt
|faint|p2b: Sylveon
|
|win|platinumflare
||new mental is ready for game 2.
||platinumflare is ready for game 2.
|uhtml|next|Next: Game 2 of 3
