|j|☆amazon-kai
|j|☆saboyita
|html|amazon-kaisaboyita    
|uhtml|bestof|Game 1 of a best-of-3
|t:|1756343713
|gametype|doubles
|player|p1|amazon-kai|169|1094
|player|p2|saboyita|grimsley|1160
|gen|9
|tier|[Gen 9] VGC 2025 Reg H (Bo3)
|rated|
|rule|Species Clause: Limit one of each Pokémon
|rule|Item Clause: Limit 1 of each item
|clearpoke
|poke|p1|Gholdengo, L50|
|poke|p1|Basculegion, L50, M|
|poke|p1|Scrafty, L50, M|
|poke|p1|Rillaboom, L50, M|
|poke|p1|Volcarona, L50, F|
|poke|p1|Salamence, L50, M|
|poke|p2|Amoonguss, L50, F|
|poke|p2|Hydreigon, L50, F|
|poke|p2|Whimsicott, L50, M|
|poke|p2|Maushold-Four, L50|
|poke|p2|Annihilape, L50, F|
|poke|p2|Ursaluna-Bloodmoon, L50, M|
|teampreview|4
|showteam|p1|Gholdengo||LifeOrb|GoodasGold|Protect,ShadowBall,MakeItRain,NastyPlot||||||50|,,,,,Water]Basculegion||ChoiceScarf|Adaptability|WaveCrash,FlipTurn,LastRespects,IcyWind|||M|||50|,,,,,Ghost]Scrafty||AssaultVest|Intimidate|FakeOut,DrainPunch,KnockOff,PoisonJab|||M|||50|,,,,,Poison]Rillaboom||MiracleSeed|GrassySurge|FakeOut,GrassyGlide,WoodHammer,HighHorsepower|||M|||50|,,,,,Fire]Volcarona||CovertCloak|FlameBody|RagePowder,TeraBlast,HeatWave,QuiverDance|||F|||50|,,,,,Fairy]Salamence||MirrorHerb|Intimidate|DualWingbeat,BrickBreak,BreakingSwipe,Protect|||M|||50|,,,,,Fighting
|showteam|p2|Amoonguss||MentalHerb|Regenerator|ClearSmog,Spore,RagePowder,Protect|||F|||50|,,,,,Water]Hydreigon||ChoiceSpecs|Levitate|Snarl,HeatWave,DarkPulse,DracoMeteor|||F|||50|,,,,,Ghost]Whimsicott||CovertCloak|Prankster|BeatUp,Encore,HelpingHand,Tailwind|||M|||50|,,,,,Dark]Maushold-Four||WideLens|Technician|PopulationBomb,Taunt,FollowMe,Protect||||||50|,,,,,Ghost]Annihilape||Leftovers|Defiant|RageFist,CloseCombat,FinalGambit,Protect|||F|||50|,,,,,Water]Ursaluna-Bloodmoon||LifeOrb|MindsEye|HyperVoice,EarthPower,BloodMoon,Protect|||M|||50|,,,,,Water
|inactive|Battle timer is ON: inactive players will automatically lose when time's up. (requested by saboyita)
|inactive|amazon-kai has 60 seconds left.
|inactive|saboyita has 60 seconds left.
|
|t:|1756343765
|teamsize|p1|4
|teamsize|p2|4
|start
|switch|p1a: Salamence|Salamence, L50, M|100/100
|switch|p1b: Volcarona|Volcarona, L50, F|100/100
|switch|p2a: Whimsicott|Whimsicott, L50, M|100/100
|switch|p2b: Annihilape|Annihilape, L50, F|100/100
|-ability|p1a: Salamence|Intimidate|boost
|-unboost|p2a: Whimsicott|atk|1
|-unboost|p2b: Annihilape|atk|1
|-ability|p2b: Annihilape|Defiant|boost
|-boost|p2b: Annihilape|atk|2
|-enditem|p1a: Salamence|Mirror Herb
|-boost|p1a: Salamence|atk|2|[from] item: Mirror Herb
|turn|1
|
|t:|1756343787
|move|p2b: Annihilape|Protect|p2b: Annihilape
|-singleturn|p2b: Annihilape|Protect
|move|p1b: Volcarona|Rage Powder|p1b: Volcarona
|-singleturn|p1b: Volcarona|move: Rage Powder
|move|p2a: Whimsicott|Tailwind|p2a: Whimsicott
|-sidestart|p2: saboyita|move: Tailwind
|move|p1a: Salamence|Dual Wingbeat|p2b: Annihilape
|-activate|p2b: Annihilape|move: Protect
|
|upkeep
|turn|2
|
|t:|1756343803
|-terastallize|p2b: Annihilape|Water
|move|p1b: Volcarona|Rage Powder|p1b: Volcarona
|-singleturn|p1b: Volcarona|move: Rage Powder
|move|p2a: Whimsicott|Beat Up|p2b: Annihilape
|-crit|p2b: Annihilape
|-damage|p2b: Annihilape|97/100
|-damage|p2b: Annihilape|95/100
|-damage|p2b: Annihilape|94/100
|-damage|p2b: Annihilape|91/100
|-hitcount|p2b: Annihilape|4
|move|p2b: Annihilape|Rage Fist|p1b: Volcarona
|-damage|p1b: Volcarona|0 fnt
|-status|p2b: Annihilape|brn|[from] ability: Flame Body|[of] p1b: Volcarona
|faint|p1b: Volcarona
|move|p1a: Salamence|Dual Wingbeat|p2b: Annihilape
|-damage|p2b: Annihilape|52/100 brn
|-damage|p2b: Annihilape|12/100 brn
|-hitcount|p2b: Annihilape|2
|
|-heal|p2b: Annihilape|18/100 brn|[from] item: Leftovers
|-damage|p2b: Annihilape|12/100 brn|[from] brn
|upkeep
|
|t:|1756343809
|switch|p1b: Rillaboom|Rillaboom, L50, M|100/100
|-fieldstart|move: Grassy Terrain|[from] ability: Grassy Surge|[of] p1b: Rillaboom
|turn|3
|inactive|saboyita has 30 seconds left.
|inactive|saboyita has 20 seconds left.
|inactive|saboyita has 15 seconds left.
|
|t:|1756343852
|switch|p2b: Hydreigon|Hydreigon, L50, F|100/100
|move|p2a: Whimsicott|Encore||[still]
|-fail|p2a: Whimsicott
|move|p1b: Rillaboom|Grassy Glide|p2b: Hydreigon
|-resisted|p2b: Hydreigon
|-damage|p2b: Hydreigon|73/100
|move|p1a: Salamence|Dual Wingbeat|p2a: Whimsicott
|-supereffective|p2a: Whimsicott
|-damage|p2a: Whimsicott|2/100
|-supereffective|p2a: Whimsicott
|-damage|p2a: Whimsicott|0 fnt
|faint|p2a: Whimsicott
|-hitcount|p2: Whimsicott|2
|
|upkeep
|
|t:|1756343869
|switch|p2a: Ursaluna|Ursaluna-Bloodmoon, L50, M|100/100
|turn|4
|
|t:|1756343881
|move|p2a: Ursaluna|Protect|p2a: Ursaluna
|-singleturn|p2a: Ursaluna|Protect
|move|p1a: Salamence|Protect|p1a: Salamence
|-singleturn|p1a: Salamence|Protect
|move|p1b: Rillaboom|Grassy Glide|p2a: Ursaluna
|-activate|p2a: Ursaluna|move: Protect
|move|p2b: Hydreigon|Draco Meteor|p1b: Rillaboom
|-damage|p1b: Rillaboom|0 fnt
|-unboost|p2b: Hydreigon|spa|2
|faint|p1b: Rillaboom
|
|-sideend|p2: saboyita|move: Tailwind
|upkeep
|
|t:|1756343884
|switch|p1b: Scrafty|Scrafty, L50, M|100/100
|-ability|p1b: Scrafty|Intimidate|boost
|-unboost|p2a: Ursaluna|atk|1
|-unboost|p2b: Hydreigon|atk|1
|turn|5
|inactive|saboyita has 30 seconds left.
|
|t:|1756343917
|switch|p2b: Annihilape|Annihilape, L50, F, tera:Water|12/100 brn
|-terastallize|p1a: Salamence|Fighting
|move|p1b: Scrafty|Fake Out|p2a: Ursaluna
|-damage|p2a: Ursaluna|92/100
|move|p1a: Salamence|Brick Break|p2a: Ursaluna
|-supereffective|p2a: Ursaluna
|-damage|p2a: Ursaluna|0 fnt
|faint|p2a: Ursaluna
|
|-heal|p2b: Annihilape|18/100 brn|[from] Grassy Terrain
|-heal|p2b: Annihilape|24/100 brn|[from] item: Leftovers
|-damage|p2b: Annihilape|18/100 brn|[from] brn
|upkeep
|
|t:|1756343933
|switch|p2a: Hydreigon|Hydreigon, L50, F|73/100
|turn|6
|inactive|saboyita has 30 seconds left.
|inactive|saboyita has 20 seconds left.
|
|t:|1756343972
|move|p1a: Salamence|Protect|p1a: Salamence
|-singleturn|p1a: Salamence|Protect
|move|p2a: Hydreigon|Draco Meteor|p1a: Salamence
|-activate|p1a: Salamence|move: Protect
|move|p2b: Annihilape|Rage Fist|p1b: Scrafty
|-resisted|p1b: Scrafty
|-damage|p1b: Scrafty|63/100
|move|p1b: Scrafty|Drain Punch|p2b: Annihilape
|-damage|p2b: Annihilape|0 fnt
|-heal|p1b: Scrafty|73/100|[from] drain|[of] p2b: Annihilape
|faint|p2b: Annihilape
|
|-heal|p1b: Scrafty|78/100|[from] Grassy Terrain
|upkeep
|turn|7
|
|t:|1756343988
|move|p2a: Hydreigon|Draco Meteor|p1a: Salamence
|-damage|p1a: Salamence|7/100
|-unboost|p2a: Hydreigon|spa|2
|move|p1a: Salamence|Brick Break|p2a: Hydreigon
|-supereffective|p2a: Hydreigon
|-damage|p2a: Hydreigon|0 fnt
|faint|p2a: Hydreigon
|
|win|amazon-kai
||amazon-kai is ready for game 2.
