|j|☆DaVVinc1
|j|☆Famyos
|html|DaVVinc1Famyos    
|uhtml|bestof|Game 3 of a best-of-3
|t:|1783631315
|gametype|doubles
|player|p1|DaVVinc1|101|
|player|p2|Famyos|miku-flying|
|gen|9
|tier|[Gen 9 Champions] VGC 2026 Reg M-B (Bo3)
|rule|Species Clause: Limit one of each Pokémon
|rule|Item Clause: Limit 1 of each item
|clearpoke
|poke|p1|Tinkaton, L50, F|
|poke|p1|Skarmory, L50, M|
|poke|p1|Starmie, L50|
|poke|p1|Conkeldurr, L50, F|
|poke|p1|Wyrdeer, L50, M|
|poke|p1|Golurk, L50|
|poke|p2|Reuniclus, L50, F|
|poke|p2|Empoleon, L50, F|
|poke|p2|Ceruledge, L50, F|
|poke|p2|Eelektross, L50, M|
|poke|p2|Ninetales-Alola, L50, M|
|poke|p2|Dragalge, L50, M|
|teampreview|4
|showteam|p1|Tinkaton||SitrusBerry|MoldBreaker|FakeOut,Encore,GigatonHammer,KnockOff|Jolly||F|||50|]Skarmory||Skarmorite|Sturdy|Tailwind,BraveBird,Protect,DrillRun|Adamant||M|||50|]Starmie||Starminite|NaturalCure|ZenHeadbutt,AquaJet,FlipTurn,Liquidation|Adamant|||||50|]Conkeldurr||PayapaBerry|SheerForce|CloseCombat,RockSlide,ThunderPunch,KnockOff|Adamant||F|||50|]Wyrdeer||Leftovers|SapSipper|TrickRoom,PsyshieldBash,Protect,EarthPower|Sassy||M|||50|]Golurk||LifeOrb|NoGuard|Earthquake,HeadlongRush,Poltergeist,Protect|Adamant|||||50|
|showteam|p2|Reuniclus||SitrusBerry|Overcoat|PsychicNoise,Thunder,TrickRoom,AllySwitch|Quiet||F|||50|]Empoleon||ChoiceScarf|Competitive|Surf,FlashCannon,IceBeam,HydroCannon|Timid||F|||50|]Ceruledge||FocusSash|WeakArmor|Poltergeist,ShadowSneak,BitterBlade,Protect|Jolly||F|||50|]Eelektross||Eelektrossite|Levitate|Thunderbolt,Flamethrower,GrassKnot,Protect|Modest||M|||50|]Ninetales-Alola||LightClay|SnowWarning|Moonblast,FreezeDry,Encore,AuroraVeil|Timid||M|||50|]Dragalge||Dragalgite|Adaptability|DracoMeteor,Scald,Thunderbolt,Protect|Quiet||M|||50|
|j| NotNumber1
|j| iamresh
|j| Prof Drix
|j| VaneIIa
|l| Prof Drix
|c| iamresh|no eelevate, but that eel was still levitating
|j| Prof Drix
|c|☆Famyos|wait we have nature reveal on wtf
|c| iamresh|yep. champs moment
|j| NFE is a real tier
|
|t:|1783631452
|teamsize|p1|4
|teamsize|p2|4
|start
|switch|p1a: Golurk|Golurk, L50|100/100
|switch|p1b: Starmie|Starmie, L50|100/100
|switch|p2a: Ninetales|Ninetales-Alola, L50, M|100/100
|switch|p2b: Ceruledge|Ceruledge, L50, F|100/100
|-weather|Snowscape|[from] ability: Snow Warning|[of] p2a: Ninetales
|turn|1
|
|t:|1783631482
|switch|p1a: Wyrdeer|Wyrdeer, L50, M|100/100
|detailschange|p1b: Starmie|Starmie-Mega, L50
|-mega|p1b: Starmie|Starmie|Starminite
|move|p2a: Ninetales|Freeze-Dry|p1b: Starmie
|-supereffective|p1b: Starmie|1
|-damage|p1b: Starmie|41/100
|move|p1b: Starmie|Liquidation|p2b: Ceruledge
|-supereffective|p2b: Ceruledge|1
|-enditem|p2b: Ceruledge|Focus Sash
|-damage|p2b: Ceruledge|1/100
|-unboost|p2b: Ceruledge|def|1
|-ability|p2b: Ceruledge|Weak Armor|boost
|-unboost|p2b: Ceruledge|def|1
|-boost|p2b: Ceruledge|spe|2
|move|p2b: Ceruledge|Poltergeist|p1b: Starmie|[miss]
|-miss|p2b: Ceruledge|p1b: Starmie
|
|-weather|Snowscape|[upkeep]
|upkeep
|turn|2
|
|t:|1783631555
|switch|p1b: Conkeldurr|Conkeldurr, L50, F|100/100
|move|p2b: Ceruledge|Shadow Sneak|p1b: Conkeldurr
|-damage|p1b: Conkeldurr|82/100
|move|p2a: Ninetales|Aurora Veil|p2a: Ninetales
|-sidestart|p2: Famyos|move: Aurora Veil
|move|p1a: Wyrdeer|Trick Room|p1a: Wyrdeer
|-fieldstart|move: Trick Room|[of] p1a: Wyrdeer
|
|-weather|Snowscape|[upkeep]
|upkeep
|turn|3
|
|t:|1783631600
|switch|p2b: Dragalge|Dragalge, L50, M|100/100
|move|p1b: Conkeldurr|Rock Slide|p2b: Dragalge|[spread] p2a,p2b
|-supereffective|p2a: Ninetales|1
|-damage|p2a: Ninetales|63/100
|-damage|p2b: Dragalge|77/100
|move|p1a: Wyrdeer|Psyshield Bash|p2a: Ninetales
|-damage|p2a: Ninetales|43/100
|-boost|p1a: Wyrdeer|def|1
|move|p2a: Ninetales|Moonblast|p1b: Conkeldurr
|-supereffective|p1b: Conkeldurr|1
|-damage|p1b: Conkeldurr|0 fnt
|faint|p1b: Conkeldurr
|
|-weather|Snowscape|[upkeep]
|upkeep
|
|t:|1783631615
|switch|p1b: Golurk|Golurk, L50|100/100
|turn|4
|c| iamresh|if that was iron fist, rock slide flinched
|
|t:|1783631667
|move|p2b: Dragalge|Draco Meteor|p1a: Wyrdeer
|-damage|p1a: Wyrdeer|32/100
|-unboost|p2b: Dragalge|spa|2
|move|p1b: Golurk|Earthquake|p2a: Ninetales|[spread] p1a,p2a,p2b
|-supereffective|p2b: Dragalge|1
|-damage|p1a: Wyrdeer|0 fnt
|-damage|p2a: Ninetales|11/100
|-damage|p2b: Dragalge|0 fnt
|faint|p1a: Wyrdeer
|faint|p2b: Dragalge
|-damage|p1b: Golurk|90/100|[from] item: Life Orb
|move|p2a: Ninetales|Moonblast|p1b: Golurk
|-damage|p1b: Golurk|51/100
|
|-weather|Snowscape|[upkeep]
|upkeep
|
|t:|1783631682
|switch|p2b: Ceruledge|Ceruledge, L50, F|1/100
|switch|p1a: Starmie|Starmie-Mega, L50|41/100
|turn|5
|
|t:|1783631708
|move|p2b: Ceruledge|Shadow Sneak|p1a: Starmie
|-supereffective|p1a: Starmie|1
|-damage|p1a: Starmie|0 fnt
|faint|p1a: Starmie
|move|p1b: Golurk|Poltergeist|p2a: Ninetales
|-activate|p2a: Ninetales|move: Poltergeist|Light Clay
|-damage|p2a: Ninetales|0 fnt
|faint|p2a: Ninetales
|-damage|p1b: Golurk|41/100|[from] item: Life Orb
|
|-weather|none
|upkeep
|
|t:|1783631710
|switch|p2a: Eelektross|Eelektross, L50, M|100/100
|turn|6
|
|t:|1783631719
|detailschange|p2a: Eelektross|Eelektross-Mega, L50, M
|-mega|p2a: Eelektross|Eelektross|Eelektrossite
|move|p2b: Ceruledge|Protect|p2b: Ceruledge
|-singleturn|p2b: Ceruledge|Protect
|move|p1b: Golurk|Earthquake|p2a: Eelektross|[spread] 
|-activate|p2b: Ceruledge|move: Protect
|-immune|p2a: Eelektross|[from] ability: Eelevate
|move|p2a: Eelektross|Grass Knot|p1b: Golurk
|-supereffective|p1b: Golurk|1
|-damage|p1b: Golurk|0 fnt
|faint|p1b: Golurk
|
|win|Famyos
|c|☆Famyos|gg
|c|☆DaVVinc1|gg
|l| NotNumber1
|l| Prof Drix
