|j|☆cocobennyy
|j|☆wodaiogien
|html|cocobennyywodaiogien    
|uhtml|bestof|Game 1 of a best-of-3
|t:|1782647414
|gametype|doubles
|player|p1|cocobennyy|medium|1040
|player|p2|wodaiogien|2|1111
|gen|9
|tier|[Gen 9 Champions] VGC 2026 Reg M-B (Bo3)
|rated|
|rule|Species Clause: Limit one of each Pokémon
|rule|Item Clause: Limit 1 of each item
|clearpoke
|poke|p1|Archaludon, L50, M|
|poke|p1|Swampert, L50, M|
|poke|p1|Politoed, L50, M|
|poke|p1|Incineroar, L50, M|
|poke|p1|Gengar, L50, M|
|poke|p1|Mimikyu, L50, F|
|poke|p2|Swampert, L50, F|
|poke|p2|Archaludon, L50, F|
|poke|p2|Tsareena, L50, F|
|poke|p2|Pelipper, L50, M|
|poke|p2|Sinistcha, L50|
|poke|p2|Grimmsnarl, L50, M|
|teampreview|4
|showteam|p1|Archaludon||Leftovers|Stamina|Protect,ElectroShot,FlashCannon,DragonPulse|Modest||M|||50|]Swampert||Swampertite|Torrent|Protect,WaveCrash,HighHorsepower,IcePunch|Adamant||M|||50|]Politoed||SitrusBerry|Drizzle|Protect,PerishSong,IcyWind,WeatherBall|Calm||M|||50|]Incineroar||PasshoBerry|Intimidate|FakeOut,Protect,PartingShot,DarkestLariat|Careful||M|||50|]Gengar||Gengarite|CursedBody|Protect,PerishSong,Disable,ShadowBall|Timid||M|||50|]Mimikyu||LifeOrb|Disguise|TrickRoom,Protect,WoodHammer,PlayRough|Adamant||F|||50|
|showteam|p2|Swampert||Swampertite|Damp|Protect,WaveCrash,Earthquake,IcePunch|Adamant||F|||50|]Archaludon||Leftovers|Stamina|Protect,ElectroShot,DragonPulse,FlashCannon|Modest||F|||50|]Tsareena||ChoiceScarf|QueenlyMajesty|TropKick,TripleAxel,LowKick,Uturn|Adamant||F|||50|]Pelipper||SitrusBerry|Drizzle|Hurricane,WeatherBall,Tailwind,WideGuard|Modest||M|||50|]Sinistcha||CobaBerry|Hospitality|MatchaGotcha,RagePowder,TrickRoom,Protect|Relaxed|||||50|]Grimmsnarl||LightClay|Prankster|FoulPlay,PartingShot,Reflect,LightScreen|Bold||M|||50|
|inactive|Battle timer is ON: inactive players will automatically lose when time's up. (requested by wodaiogien)
|inactive|cocobennyy has 60 seconds left.
|inactive|wodaiogien has 60 seconds left.
|
|t:|1782647477
|teamsize|p1|4
|teamsize|p2|4
|start
|switch|p1a: Gengar|Gengar, L50, M|100/100
|switch|p1b: Mimikyu|Mimikyu, L50, F|100/100
|switch|p2a: Tsareena|Tsareena, L50, F|100/100
|switch|p2b: Grimmsnarl|Grimmsnarl, L50, M|100/100
|turn|1
|inactive|cocobennyy has 30 seconds left.
|
|t:|1782647506
|detailschange|p1a: Gengar|Gengar-Mega, L50, M
|-mega|p1a: Gengar|Gengar|Gengarite
|move|p1a: Gengar|Protect|p1a: Gengar
|-singleturn|p1a: Gengar|Protect
|move|p2a: Tsareena|U-turn|p1b: Mimikyu
|-activate|p1b: Mimikyu|ability: Disguise
|-damage|p1b: Mimikyu|100/100
|detailschange|p1b: Mimikyu|Mimikyu-Busted, L50, F
|-damage|p1b: Mimikyu|87/100|[from] pokemon: Mimikyu-Busted
|
|t:|1782647516
|switch|p2a: Swampert|Swampert, L50, F|100/100|[from] U-turn
|move|p2b: Grimmsnarl|Foul Play|p1a: Gengar
|-activate|p1a: Gengar|move: Protect
|move|p1b: Mimikyu|Trick Room|p1b: Mimikyu
|-fieldstart|move: Trick Room|[of] p1b: Mimikyu
|
|upkeep
|turn|2
|inactive|cocobennyy has 30 seconds left.
|
|t:|1782647542
|switch|p1a: Incineroar|Incineroar, L50, M|100/100
|-ability|p1a: Incineroar|Intimidate|boost
|-unboost|p2a: Swampert|atk|1
|-unboost|p2b: Grimmsnarl|atk|1
|detailschange|p2a: Swampert|Swampert-Mega, L50, F
|-mega|p2a: Swampert|Swampert|Swampertite
|move|p2b: Grimmsnarl|Foul Play|p1a: Incineroar
|-resisted|p1a: Incineroar|1
|-damage|p1a: Incineroar|83/100
|move|p2a: Swampert|Wave Crash|p1b: Mimikyu
|-damage|p1b: Mimikyu|26/100
|-damage|p2a: Swampert|82/100|[from] Recoil
|move|p1b: Mimikyu|Wood Hammer|p2a: Swampert
|-supereffective|p2a: Swampert|2
|-damage|p2a: Swampert|0 fnt
|faint|p2a: Swampert
|-damage|p1b: Mimikyu|0 fnt|[from] Recoil
|faint|p1b: Mimikyu
|
|upkeep
|inactive|cocobennyy has 30 seconds left.
|
|t:|1782647569
|switch|p2a: Tsareena|Tsareena, L50, F|100/100
|switch|p1b: Gengar|Gengar-Mega, L50, M|100/100
|turn|3
|inactive|wodaiogien has 30 seconds left.
|
|t:|1782647604
|switch|p1b: Archaludon|Archaludon, L50, M|100/100
|move|p2b: Grimmsnarl|Foul Play|p1b: Archaludon
|-damage|p1b: Archaludon|76/100
|-ability|p1b: Archaludon|Stamina|boost
|-boost|p1b: Archaludon|def|1
|move|p1a: Incineroar|Darkest Lariat|p2a: Tsareena
|-damage|p2a: Tsareena|64/100
|move|p2a: Tsareena|Low Kick|p1a: Incineroar
|-supereffective|p1a: Incineroar|1
|-damage|p1a: Incineroar|33/100
|
|-heal|p1b: Archaludon|82/100|[from] item: Leftovers
|upkeep
|turn|4
|inactive|cocobennyy has 30 seconds left.
|
|t:|1782647636
|switch|p1a: Gengar|Gengar-Mega, L50, M|100/100
|move|p1b: Archaludon|Protect|p1b: Archaludon
|-singleturn|p1b: Archaludon|Protect
|move|p2b: Grimmsnarl|Parting Shot|p1b: Archaludon
|-activate|p1b: Archaludon|move: Protect
|move|p2a: Tsareena|Low Kick|p1b: Archaludon
|-activate|p1b: Archaludon|move: Protect
|
|-heal|p1b: Archaludon|88/100|[from] item: Leftovers
|upkeep
|turn|5
|
|t:|1782647654
|switch|p1b: Incineroar|Incineroar, L50, M|33/100
|-ability|p1b: Incineroar|Intimidate|boost
|-unboost|p2a: Tsareena|atk|1
|-unboost|p2b: Grimmsnarl|atk|1
|move|p2b: Grimmsnarl|Light Screen|p2b: Grimmsnarl
|-sidestart|p2: wodaiogien|move: Light Screen
|move|p2a: Tsareena|Low Kick|p1b: Incineroar
|-supereffective|p1b: Incineroar|1
|-damage|p1b: Incineroar|1/100
|move|p1a: Gengar|Disable|p2a: Tsareena
|-start|p2a: Tsareena|Disable|Low Kick
|
|-fieldend|move: Trick Room
|upkeep
|turn|6
|inactive|cocobennyy has 30 seconds left.
|
|t:|1782647682
|switch|p1b: Archaludon|Archaludon, L50, M|88/100
|move|p1a: Gengar|Perish Song|p1a: Gengar
|-start|p1a: Gengar|perish3|[silent]
|-start|p1b: Archaludon|perish3|[silent]
|-start|p2a: Tsareena|perish3|[silent]
|-start|p2b: Grimmsnarl|perish3|[silent]
|-fieldactivate|move: Perish Song
|-activate|p2a: Tsareena|move: Struggle
|move|p2a: Tsareena|Struggle|p1a: Gengar
|-damage|p1a: Gengar|83/100
|-damage|p2a: Tsareena|40/100|[from] recoil
|move|p2b: Grimmsnarl|Foul Play|p1a: Gengar
|-supereffective|p1a: Gengar|1
|-damage|p1a: Gengar|37/100
|
|-heal|p1b: Archaludon|94/100|[from] item: Leftovers
|-start|p1a: Gengar|perish3
|-start|p2a: Tsareena|perish3
|-start|p1b: Archaludon|perish3
|-start|p2b: Grimmsnarl|perish3
|upkeep
|turn|7
|inactive|cocobennyy has 30 seconds left.
|
|t:|1782647716
|move|p1a: Gengar|Protect|p1a: Gengar
|-singleturn|p1a: Gengar|Protect
|move|p2b: Grimmsnarl|Parting Shot|p1b: Archaludon
|-unboost|p1b: Archaludon|atk|1
|-unboost|p1b: Archaludon|spa|1
|
|t:|1782647721
|switch|p2b: Pelipper|Pelipper, L50, M|100/100|[from] Parting Shot
|-weather|RainDance|[from] ability: Drizzle|[of] p2b: Pelipper
|-activate|p2a: Tsareena|move: Struggle
|move|p2a: Tsareena|Struggle|p1a: Gengar
|-activate|p1a: Gengar|move: Protect
|move|p1b: Archaludon|Flash Cannon|p2b: Pelipper
|-resisted|p2b: Pelipper|1
|-crit|p2b: Pelipper
|-damage|p2b: Pelipper|66/100
|
|-weather|RainDance|[upkeep]
|-heal|p1b: Archaludon|100/100|[from] item: Leftovers
|-start|p1a: Gengar|perish2
|-start|p2a: Tsareena|perish2
|-start|p1b: Archaludon|perish2
|upkeep
|turn|8
|inactive|cocobennyy has 30 seconds left.
|inactive|cocobennyy has 20 seconds left.
|l|☆cocobennyy
|inactive|cocobennyy disconnected and has a minute to reconnect!
|player|p1|
|inactive|cocobennyy has 15 seconds left.
|inactive|cocobennyy has 10 seconds left.
|inactive|cocobennyy has 5 seconds left.
|-message|cocobennyy lost due to inactivity.
|
|win|wodaiogien
||wodaiogien is ready for game 2.
|inactive|cocobennyy has 30 seconds to confirm battle start!
