|j|☆FRattfratz
|j|☆garbageinferno
|html|FRattfratzgarbageinferno    
|uhtml|bestof|Game 1 of a best-of-3
|t:|1785697198
|gametype|doubles
|player|p1|FRattfratz|pokemonrangerf-gen4|
|player|p2|garbageinferno|265|
|gen|9
|tier|[Gen 9 Champions] VGC 2026 Reg M-B (Bo3)
|rule|Species Clause: Limit one of each Pokémon
|rule|Item Clause: Limit 1 of each item
|clearpoke
|poke|p1|Meowstic, L50, M|
|poke|p1|Jolteon, L50, M|
|poke|p1|Basculegion-F, L50, F|
|poke|p1|Weavile, L50, F|
|poke|p1|Sinistcha-Masterpiece, L50|
|poke|p1|Drampa, L50, F|
|poke|p2|Basculegion, L50, M|
|poke|p2|Metagross, L50|
|poke|p2|Swampert, L50, F|
|poke|p2|Klefki, L50, F|
|poke|p2|Pelipper, L50, F|
|poke|p2|Luxray, L50, F|
|teampreview|4
|showteam|p1|Meowstic||Leftovers|Prankster|FakeOut,Reflect,ThunderWave,Thunderbolt|Bold||M|||50|]Jolteon||LifeOrb|VoltAbsorb|Thunderbolt,VoltSwitch,Protect,ShadowBall|Timid||M|||50|]Basculegion-F||ChoiceScarf|Adaptability|ShadowBall,IceBeam,HydroPump,FlipTurn|Timid||F|||50|]Weavile||FocusSash|Pickpocket|TripleAxel,BrickBreak,FakeOut,ThroatChop|Jolly||F|||50|]Sinistcha-Masterpiece||YacheBerry|Hospitality|MatchaGotcha,RagePowder,Protect,ShadowBall|Modest|||||50|]Drampa||SitrusBerry|CloudNine|EnergyBall,Flamethrower,Protect,HelpingHand|Modest||F|||50|
|showteam|p2|Basculegion||SitrusBerry|Adaptability|AquaJet,LastRespects,WaveCrash,Protect|Adamant||M|||50|]Metagross||Metagrossite|ClearBody|BodyPress,IcePunch,MeteorMash,RockSlide|Adamant|||||50|]Swampert||Swampertite|Torrent|HammerArm,Earthquake,Liquidation,Protect|Adamant||F|||50|]Klefki||LightClay|Prankster|DazzlingGleam,LightScreen,Reflect,TrickRoom|Relaxed||F|||50|]Pelipper||FocusSash|Drizzle|Hurricane,WeatherBall,Protect,Tailwind|Modest||F|||50|]Luxray||ExpertBelt|Intimidate|VoltSwitch,IceFang,PlayRough,Superpower|Adamant||F|||50|
|
|t:|1785697252
|teamsize|p1|4
|teamsize|p2|4
|start
|switch|p1a: Drampa|Drampa, L50, F|100/100
|switch|p1b: Sinistcha|Sinistcha-Masterpiece, L50|100/100
|switch|p2a: Four|Klefki, L50, F|100/100
|switch|p2b: Nostalgia|Luxray, L50, F|100/100
|-ability|p2b: Nostalgia|Intimidate|boost
|-unboost|p1a: Drampa|atk|1
|-unboost|p1b: Sinistcha|atk|1
|-ability|p1a: Drampa|Cloud Nine
|turn|1
|
|t:|1785697338
|move|p2a: Four|Light Screen|p2a: Four
|-sidestart|p2: garbageinferno|move: Light Screen
|move|p2b: Nostalgia|Play Rough|p1a: Drampa
|-supereffective|p1a: Drampa|1
|-damage|p1a: Drampa|18/100
|-enditem|p1a: Drampa|Sitrus Berry|[eat]
|-heal|p1a: Drampa|43/100|[from] item: Sitrus Berry
|move|p1b: Sinistcha|Shadow Ball|p2b: Nostalgia
|-damage|p2b: Nostalgia|67/100
|move|p1a: Drampa|Flamethrower|p2a: Four
|-supereffective|p2a: Four|1
|-damage|p2a: Four|46/100
|
|upkeep
|turn|2
|
|t:|1785697362
|move|p1b: Sinistcha|Rage Powder|p1b: Sinistcha
|-singleturn|p1b: Sinistcha|move: Rage Powder
|move|p2b: Nostalgia|Ice Fang|p1b: Sinistcha
|-supereffective|p1b: Sinistcha|1
|-enditem|p1b: Sinistcha|Yache Berry|[eat]
|-enditem|p1b: Sinistcha|Yache Berry|[weaken]
|-damage|p1b: Sinistcha|75/100
|-status|p1b: Sinistcha|frz
|move|p2a: Four|Dazzling Gleam|p1b: Sinistcha|[spread] p1a,p1b
|-supereffective|p1a: Drampa|1
|-damage|p1a: Drampa|6/100
|-damage|p1b: Sinistcha|52/100 frz
|move|p1a: Drampa|Flamethrower|p2a: Four
|-supereffective|p2a: Four|1
|-damage|p2a: Four|0 fnt
|faint|p2a: Four
|
|upkeep
|
|t:|1785697386
|switch|p2a: Plinko|Pelipper, L50, F|100/100
|-weather|RainDance|[from] ability: Drizzle|[of] p2a: Plinko
|turn|3
|
|t:|1785697408
|switch|p1b: Jolteon|Jolteon, L50, M|100/100
|move|p1a: Drampa|Protect|p1a: Drampa
|-singleturn|p1a: Drampa|Protect
|move|p2b: Nostalgia|Volt Switch|p1a: Drampa
|-activate|p1a: Drampa|move: Protect
|move|p2a: Plinko|Hurricane|p1b: Jolteon
|-resisted|p1b: Jolteon|1
|-damage|p1b: Jolteon|65/100
|
|-weather|RainDance|[upkeep]
|upkeep
|turn|4
|
|t:|1785697435
|switch|p1a: Sinistcha|Sinistcha-Masterpiece, L50|52/100 frz
|-heal|p1b: Jolteon|90/100|[from] ability: Hospitality|[of] p1a: Sinistcha
|move|p2a: Plinko|Protect|p2a: Plinko
|-singleturn|p2a: Plinko|Protect
|move|p1b: Jolteon|Shadow Ball|p2b: Nostalgia
|-damage|p2b: Nostalgia|45/100
|-damage|p1b: Jolteon|80/100|[from] item: Life Orb
|move|p2b: Nostalgia|Volt Switch|p1a: Sinistcha
|-resisted|p1a: Sinistcha|1
|-damage|p1a: Sinistcha|41/100 frz
|
|t:|1785697447
|switch|p2b: Ten|Swampert, L50, F|100/100|[from] Volt Switch
|
|-weather|RainDance|[upkeep]
|upkeep
|turn|5
|
|t:|1785697467
|switch|p1a: Weavile|Weavile, L50, F|100/100
|detailschange|p2b: Ten|Swampert-Mega, L50, F
|-mega|p2b: Ten|Swampert|Swampertite
|move|p1b: Jolteon|Volt Switch|p2a: Plinko
|-supereffective|p2a: Plinko|2
|-enditem|p2a: Plinko|Focus Sash
|-damage|p2a: Plinko|1/100
|-damage|p1b: Jolteon|70/100|[from] item: Life Orb
|
|t:|1785697481
|switch|p1b: Sinistcha|Sinistcha-Masterpiece, L50|41/100 frz|[from] Volt Switch
|move|p2b: Ten|Earthquake|p1b: Sinistcha|[spread] p1a,p1b
|-immune|p2a: Plinko
|-resisted|p1b: Sinistcha|1
|-damage|p1a: Weavile|13/100
|-damage|p1b: Sinistcha|17/100 frz
|move|p2a: Plinko|Tailwind|p2a: Plinko
|-sidestart|p2: garbageinferno|move: Tailwind
|
|-weather|RainDance|[upkeep]
|upkeep
|turn|6
|
|t:|1785697510
|move|p2a: Plinko|Protect|p2a: Plinko
|-singleturn|p2a: Plinko|Protect
|cant|p1b: Sinistcha|frz
|move|p1a: Weavile|Fake Out|p2b: Ten
|-crit|p2b: Ten
|-damage|p2b: Ten|83/100
|cant|p2b: Ten|flinch
|
|-weather|RainDance|[upkeep]
|upkeep
|turn|7
|
|t:|1785697540
|switch|p2a: Nostalgia|Luxray, L50, F|45/100
|-ability|p2a: Nostalgia|Intimidate|boost
|-unboost|p1a: Weavile|atk|1
|-unboost|p1b: Sinistcha|atk|1
|cant|p1b: Sinistcha|frz
|move|p2b: Ten|Liquidation|p1a: Weavile
|-damage|p1a: Weavile|0 fnt
|faint|p1a: Weavile
|
|-weather|none
|upkeep
|
|t:|1785697550
|switch|p1a: Drampa|Drampa, L50, F|6/100
|-ability|p1a: Drampa|Cloud Nine
|turn|8
|
|t:|1785697571
|-curestatus|p1b: Sinistcha|frz|[msg]
|move|p1b: Sinistcha|Protect|p1b: Sinistcha
|-singleturn|p1b: Sinistcha|Protect
|move|p1a: Drampa|Protect|p1a: Drampa
|-singleturn|p1a: Drampa|Protect
|move|p2a: Nostalgia|Ice Fang|p1b: Sinistcha
|-activate|p1b: Sinistcha|move: Protect
|move|p2b: Ten|Liquidation|p1a: Drampa
|-activate|p1a: Drampa|move: Protect
|
|-sideend|p2: garbageinferno|move: Light Screen
|-sideend|p2: garbageinferno|move: Tailwind
|upkeep
|turn|9
|
|t:|1785697594
|move|p1b: Sinistcha|Rage Powder|p1b: Sinistcha
|-singleturn|p1b: Sinistcha|move: Rage Powder
|move|p2a: Nostalgia|Ice Fang|p1b: Sinistcha
|-supereffective|p1b: Sinistcha|1
|-damage|p1b: Sinistcha|0 fnt
|faint|p1b: Sinistcha
|move|p2b: Ten|Liquidation|p1a: Drampa
|-resisted|p1a: Drampa|1
|-damage|p1a: Drampa|0 fnt
|faint|p1a: Drampa
|
|upkeep
|
|t:|1785697604
|switch|p1a: Jolteon|Jolteon, L50, M|70/100
|turn|10
|
|t:|1785697614
|move|p1a: Jolteon|Shadow Ball|p2b: Ten
|-damage|p2b: Ten|59/100
|-damage|p1a: Jolteon|60/100|[from] item: Life Orb
|move|p2a: Nostalgia|Superpower|p1a: Jolteon
|-damage|p1a: Jolteon|0 fnt
|-unboost|p2a: Nostalgia|atk|1
|-unboost|p2a: Nostalgia|def|1
|faint|p1a: Jolteon
|
|win|garbageinferno
||FRattfratz is ready for game 2.
|inactive|garbageinferno has 30 seconds to confirm battle start!
||garbageinferno is ready for game 2.
|uhtml|next|Next: Game 2 of 3
|l|☆garbageinferno
|player|p2|
