|j|☆Hjmane
|j|☆User795680
|html|HjmaneUser795680    
|uhtml|bestof|Game 1 of a best-of-3
|t:|1782407438
|gametype|doubles
|player|p1|Hjmane|265|1098
|player|p2|User795680|266|1000
|gen|9
|tier|[Gen 9 Champions] VGC 2026 Reg M-B (Bo3)
|rated|
|rule|Species Clause: Limit one of each Pokémon
|rule|Item Clause: Limit 1 of each item
|clearpoke
|poke|p1|Staraptor, L50, M|
|poke|p1|Whimsicott, L50, F|
|poke|p1|Torkoal, L50, F|
|poke|p1|Venusaur, L50, M|
|poke|p1|Basculegion, L50, M|
|poke|p1|Pelipper, L50, F|
|poke|p2|Staraptor, L50, M|
|poke|p2|Whimsicott, L50, F|
|poke|p2|Grimmsnarl, L50, M|
|poke|p2|Kingambit, L50, M|
|poke|p2|Raichu, L50, M|
|poke|p2|Arcanine-Hisui, L50, M|
|teampreview|4
|showteam|p1|Staraptor||Staraptite|Intimidate|CloseCombat,BraveBird,Protect,QuickAttack|Jolly||M|||50|]Whimsicott||Leftovers|Prankster|Tailwind,Charm,CottonSpore,Moonblast|Bold||F|||50|]Torkoal||LifeOrb|Drought|Eruption,HeatWave,SolarBeam,Protect|Serious||F|||50|]Venusaur||ExpertBelt|Chlorophyll|EnergyBall,EarthPower,SludgeBomb,WeatherBall|Modest||M|||50|]Basculegion||MysticWater|SwiftSwim|WaveCrash,LastRespects,ZenHeadbutt,Protect|Adamant||M|||50|]Pelipper||FocusSash|Drizzle|Tailwind,Hurricane,WeatherBall,IcyWind|Bold||F|||50|
|showteam|p2|Staraptor||Staraptite|Intimidate|BraveBird,CloseCombat,Protect,Roost|Jolly||M|||50|]Whimsicott||CobaBerry|Prankster|DazzlingGleam,Charm,Tailwind,Protect|Modest||F|||50|]Grimmsnarl||RoseliBerry|Prankster|SpiritBreak,PartingShot,SuckerPunch,ScaryFace|Jolly||M|||50|]Kingambit||LifeOrb|Defiant|IronHead,KowtowCleave,SuckerPunch,SwordsDance|Adamant||M|||50|]Raichu||FocusSash|LightningRod|Protect,Thunderbolt,FakeOut,Charm|Timid||M|||50|]Arcanine-Hisui||PasshoBerry|Intimidate|ExtremeSpeed,FlareBlitz,HeadSmash,RockSlide|Jolly||M|||50|
|
|t:|1782407463
|teamsize|p1|4
|teamsize|p2|4
|start
|switch|p1a: Pelipper|Pelipper, L50, F|100/100
|switch|p1b: Basculegion|Basculegion, L50, M|100/100
|switch|p2a: Staraptor|Staraptor, L50, M|100/100
|switch|p2b: Raichu|Raichu, L50, M|100/100
|-ability|p2a: Staraptor|Intimidate|boost
|-unboost|p1a: Pelipper|atk|1
|-unboost|p1b: Basculegion|atk|1
|-weather|RainDance|[from] ability: Drizzle|[of] p1a: Pelipper
|turn|1
|inactive|Battle timer is ON: inactive players will automatically lose when time's up. (requested by Hjmane)
|
|t:|1782407508
|detailschange|p2a: Staraptor|Staraptor-Mega, L50, M
|-mega|p2a: Staraptor|Staraptor|Staraptite
|move|p1b: Basculegion|Protect|p1b: Basculegion
|-singleturn|p1b: Basculegion|Protect
|move|p2b: Raichu|Fake Out|p1a: Pelipper
|-damage|p1a: Pelipper|91/100
|move|p2a: Staraptor|Brave Bird|p1b: Basculegion
|-activate|p1b: Basculegion|move: Protect
|cant|p1a: Pelipper|flinch
|
|-weather|RainDance|[upkeep]
|upkeep
|turn|2
|
|t:|1782407528
|move|p1b: Basculegion|Wave Crash|p2a: Staraptor
|-damage|p2a: Staraptor|26/100
|-damage|p1b: Basculegion|78/100|[from] Recoil
|move|p2a: Staraptor|Brave Bird|p1b: Basculegion
|-damage|p1b: Basculegion|0 fnt
|faint|p1b: Basculegion
|-damage|p2a: Staraptor|0 fnt|[from] Recoil
|faint|p2a: Staraptor
|move|p2b: Raichu|Charm|p2: Staraptor|[notarget]
|-fail|p2b: Raichu
|move|p1a: Pelipper|Icy Wind|p2b: Raichu
|-damage|p2b: Raichu|80/100
|-unboost|p2b: Raichu|spe|1
|
|-weather|RainDance|[upkeep]
|upkeep
|inactive|User795680 has 30 seconds left.
|
|t:|1782407556
|switch|p2a: Grimmsnarl|Grimmsnarl, L50, M|100/100
|switch|p1b: Venusaur|Venusaur, L50, M|100/100
|turn|3
|
|t:|1782407573
|switch|p1a: Torkoal|Torkoal, L50, F|100/100
|-weather|SunnyDay|[from] ability: Drought|[of] p1a: Torkoal
|move|p2a: Grimmsnarl|Parting Shot|p1b: Venusaur
|-unboost|p1b: Venusaur|atk|1
|-unboost|p1b: Venusaur|spa|1
|
|t:|1782407581
|switch|p2a: Kingambit|Kingambit, L50, M|100/100|[from] Parting Shot
|move|p1b: Venusaur|Sludge Bomb|p2a: Kingambit
|-immune|p2a: Kingambit
|move|p2b: Raichu|Thunderbolt|p1a: Torkoal
|-damage|p1a: Torkoal|42/100
|
|-weather|SunnyDay|[upkeep]
|upkeep
|turn|4
|
|t:|1782407602
|switch|p1b: Pelipper|Pelipper, L50, F|91/100
|-weather|RainDance|[from] ability: Drizzle|[of] p1b: Pelipper
|move|p1a: Torkoal|Protect|p1a: Torkoal
|-singleturn|p1a: Torkoal|Protect
|move|p2b: Raichu|Thunderbolt|p1a: Torkoal
|-activate|p1a: Torkoal|move: Protect
|move|p2a: Kingambit|Swords Dance|p2a: Kingambit
|-boost|p2a: Kingambit|atk|2
|
|-weather|RainDance|[upkeep]
|upkeep
|turn|5
|
|t:|1782407622
|switch|p1a: Venusaur|Venusaur, L50, M|100/100
|move|p2b: Raichu|Thunderbolt|p1b: Pelipper
|-supereffective|p1b: Pelipper|2
|-damage|p1b: Pelipper|0 fnt
|faint|p1b: Pelipper
|move|p2a: Kingambit|Kowtow Cleave|p1a: Venusaur
|-damage|p1a: Venusaur|0 fnt
|faint|p1a: Venusaur
|-damage|p2a: Kingambit|90/100|[from] item: Life Orb
|
|-weather|RainDance|[upkeep]
|upkeep
|
|t:|1782407629
|switch|p1b: Torkoal|Torkoal, L50, F|42/100
|-weather|SunnyDay|[from] ability: Drought|[of] p1b: Torkoal
|turn|6
|-message|Hjmane forfeited.
|
|win|User795680
|l|☆Hjmane
|player|p1|
||Hjmane is ready for game 2.
||User795680 is ready for game 2.
|uhtml|next|Next: Game 2 of 3
