|j|☆HelhiemFiend
|j|☆fantasminha8
|html|HelhiemFiendfantasminha8    
|uhtml|bestof|Game 3 of a best-of-3
|t:|1756924926
|gametype|doubles
|player|p1|HelhiemFiend|1|1144
|player|p2|fantasminha8|170|1222
|gen|9
|tier|[Gen 9] VGC 2025 Reg H (Bo3)
|rated|
|rule|Species Clause: Limit one of each Pokémon
|rule|Item Clause: Limit 1 of each item
|clearpoke
|poke|p1|Sneasler, L50, F|
|poke|p1|Dragapult, L50, M|
|poke|p1|Kingambit, L50, F|
|poke|p1|Rillaboom, L50, M|
|poke|p1|Gholdengo, L50|
|poke|p1|Volcarona, L50, F|
|poke|p2|Charizard, L50, F|
|poke|p2|Indeedee-F, L50, F|
|poke|p2|Exeggutor, L50, F|
|poke|p2|Torkoal, L50, M|
|poke|p2|Ursaluna, L50, F|
|poke|p2|Gallade, L50, M|
|teampreview|4
|showteam|p1|Sneasler||FocusSash|Unburden|DireClaw,CloseCombat,FakeOut,Protect|||F|||50|,,,,,Stellar]Dragapult||ChoiceBand|ClearBody|DragonDarts,TeraBlast,PhantomForce,Uturn|||M|||50|,,,,,Ghost]Kingambit||SafetyGoggles|Defiant|KowtowCleave,SuckerPunch,SwordsDance,Protect|||F|||50|,,,,,Dark]Rillaboom||AssaultVest|GrassySurge|WoodHammer,GrassyGlide,FakeOut,Uturn|||M|||50|,,,,,Fire]Gholdengo||LifeOrb|GoodasGold|MakeItRain,ShadowBall,NastyPlot,Protect||||||50|,,,,,Dragon]Volcarona||CovertCloak|FlameBody|FieryDance,TeraBlast,QuiverDance,Protect|||F|||50|,,,,,Fairy
|showteam|p2|Charizard||ChoiceScarf|SolarPower|HeatWave,SolarBeam,AirSlash,WeatherBall|||F|||50|,,,,,Fire]Indeedee-F||SafetyGoggles|PsychicSurge|FollowMe,HelpingHand,TrickRoom,AlluringVoice|||F|||50|,,,,,Fairy]Exeggutor||FocusSash|Chlorophyll|ExpandingForce,TrickRoom,EnergyBall,SleepPowder|||F|||50|,,,,,Psychic]Torkoal||EjectPack|Drought|Eruption,Overheat,Protect,ClearSmog|||M|||50|,,,,,Fire]Ursaluna||FlameOrb|Guts|Earthquake,Facade,Protect,HeadlongRush|||F|||50|,,,,,Ghost]Gallade||ClearAmulet|Sharpness|WideGuard,PsychoCut,SacredSword,TrickRoom|||M|||50|,,,,,Psychic
|
|t:|1756924948
|teamsize|p1|4
|teamsize|p2|4
|start
|switch|p1a: Donkey Kong|Rillaboom, L50, M|100/100
|switch|p1b: Earhart|Dragapult, L50, M|100/100
|switch|p2a: Charizard|Charizard, L50, F|100/100
|switch|p2b: Torkoal|Torkoal, L50, M|100/100
|-fieldstart|move: Grassy Terrain|[from] ability: Grassy Surge|[of] p1a: Donkey Kong
|-weather|SunnyDay|[from] ability: Drought|[of] p2b: Torkoal
|turn|1
|
|t:|1756924975
|switch|p1a: Snake Eyes|Sneasler, L50, F|100/100
|switch|p2b: Indeedee|Indeedee-F, L50, F|100/100
|-fieldstart|move: Psychic Terrain|[from] ability: Psychic Surge|[of] p2b: Indeedee
|-terastallize|p2a: Charizard|Fire
|move|p2a: Charizard|Weather Ball|p1b: Earhart
|-resisted|p1b: Earhart
|-damage|p1b: Earhart|3/100
|move|p1b: Earhart|Dragon Darts|p2a: Charizard
|-damage|p2a: Charizard|40/100
|-anim|p1b: Earhart|Dragon Darts|p2b: Indeedee
|-damage|p2b: Indeedee|59/100
|
|-weather|SunnyDay|[upkeep]
|-damage|p2a: Charizard|28/100|[from] ability: Solar Power|[of] p2a: Charizard
|upkeep
|turn|2
|
|t:|1756925002
|switch|p1b: Donkey Kong|Rillaboom, L50, M|100/100
|-fieldstart|move: Grassy Terrain|[from] ability: Grassy Surge|[of] p1b: Donkey Kong
|switch|p2b: Torkoal|Torkoal, L50, M|100/100
|move|p1a: Snake Eyes|Fake Out|p2a: Charizard
|-damage|p2a: Charizard|9/100
|cant|p2a: Charizard|flinch
|
|-weather|SunnyDay|[upkeep]
|-damage|p2a: Charizard|0 fnt|[from] ability: Solar Power|[of] p2a: Charizard
|faint|p2a: Charizard
|upkeep
|
|t:|1756925013
|switch|p2a: Exeggutor|Exeggutor, L50, F|100/100
|turn|3
|
|t:|1756925040
|move|p1a: Snake Eyes|Protect|p1a: Snake Eyes
|-singleturn|p1a: Snake Eyes|Protect
|move|p2a: Exeggutor|Expanding Force|p1a: Snake Eyes
|-activate|p1a: Snake Eyes|move: Protect
|move|p1b: Donkey Kong|U-turn|p2a: Exeggutor
|-supereffective|p2a: Exeggutor
|-enditem|p2a: Exeggutor|Focus Sash
|-damage|p2a: Exeggutor|1/100
|
|t:|1756925049
|switch|p1b: Big Gamba|Kingambit, L50, F|100/100|[from] U-turn
|move|p2b: Torkoal|Eruption|p1a: Snake Eyes|[spread] p1b
|-activate|p1a: Snake Eyes|move: Protect
|-supereffective|p1b: Big Gamba
|-damage|p1b: Big Gamba|0 fnt
|faint|p1b: Big Gamba
|
|-weather|SunnyDay|[upkeep]
|-heal|p2a: Exeggutor|7/100|[from] Grassy Terrain
|upkeep
|
|t:|1756925059
|switch|p1b: Earhart|Dragapult, L50, M|3/100
|turn|4
|
|t:|1756925075
|switch|p1b: Donkey Kong|Rillaboom, L50, M|100/100
|switch|p2b: Indeedee|Indeedee-F, L50, F|59/100
|-fieldstart|move: Psychic Terrain|[from] ability: Psychic Surge|[of] p2b: Indeedee
|move|p2a: Exeggutor|Expanding Force|p1a: Snake Eyes|[spread] p1a,p1b
|-supereffective|p1a: Snake Eyes
|-enditem|p1a: Snake Eyes|Focus Sash
|-damage|p1a: Snake Eyes|1/100
|-damage|p1b: Donkey Kong|53/100
|move|p1a: Snake Eyes|Dire Claw|p2a: Exeggutor
|-supereffective|p2a: Exeggutor
|-damage|p2a: Exeggutor|0 fnt
|faint|p2a: Exeggutor
|
|-weather|SunnyDay|[upkeep]
|upkeep
|
|t:|1756925079
|switch|p2a: Torkoal|Torkoal, L50, M|100/100
|turn|5
|
|t:|1756925116
|-terastallize|p1b: Donkey Kong|Fire
|move|p1a: Snake Eyes|Close Combat|p2b: Indeedee
|-damage|p2b: Indeedee|0 fnt
|-unboost|p1a: Snake Eyes|def|1
|-unboost|p1a: Snake Eyes|spd|1
|faint|p2b: Indeedee
|move|p1b: Donkey Kong|Wood Hammer|p2a: Torkoal
|-resisted|p2a: Torkoal
|-damage|p2a: Torkoal|78/100
|-damage|p1b: Donkey Kong|46/100|[from] Recoil
|move|p2a: Torkoal|Eruption|p1b: Donkey Kong|[spread] p1a,p1b
|-resisted|p1b: Donkey Kong
|-damage|p1a: Snake Eyes|0 fnt
|-damage|p1b: Donkey Kong|27/100
|faint|p1a: Snake Eyes
|
|-weather|none
|upkeep
|
|t:|1756925129
|switch|p1a: Earhart|Dragapult, L50, M|3/100
|turn|6
|
|t:|1756925135
|move|p1a: Earhart|Dragon Darts|p2a: Torkoal
|-damage|p2a: Torkoal|48/100
|-anim|p1a: Earhart|Dragon Darts|p2a: Torkoal
|-damage|p2a: Torkoal|19/100
|move|p1b: Donkey Kong|Wood Hammer|p2a: Torkoal
|-resisted|p2a: Torkoal
|-damage|p2a: Torkoal|0 fnt
|faint|p2a: Torkoal
|-damage|p1b: Donkey Kong|21/100|[from] Recoil
|
|win|HelhiemFiend
|raw|HelhiemFiend's rating: 1144 → 1175(+31 for winning)
|raw|fantasminha8's rating: 1222 → 1191(-31 for losing)
|l|☆fantasminha8
|player|p2|
