|j|☆strifesada
|j|☆mumu2
|html|strifesadamumu2    
|uhtml|bestof|Game 2 of a best-of-3
|t:|1784164499
|gametype|doubles
|player|p1|strifesada|piers|1255
|player|p2|mumu2|266|1131
|gen|9
|tier|[Gen 9 Champions] VGC 2026 Reg M-B (Bo3)
|rated|
|rule|Species Clause: Limit one of each Pokémon
|rule|Item Clause: Limit 1 of each item
|clearpoke
|poke|p1|Raichu, L50, M|
|poke|p1|Incineroar, L50, F|
|poke|p1|Sylveon, L50, M|
|poke|p1|Whimsicott, L50, F|
|poke|p1|Mamoswine, L50, M|
|poke|p1|Charizard, L50, M|
|poke|p2|Floette-Eternal, L50, F|
|poke|p2|Incineroar, L50, M|
|poke|p2|Garchomp, L50, M|
|poke|p2|Maushold-Four, L50|
|poke|p2|Sinistcha, L50|
|poke|p2|Delphox, L50, F|
|teampreview|4
|showteam|p1|Raichu||RaichuniteY|LightningRod|ZapCannon,FocusBlast,FakeOut,Protect|Timid||M|||50|]Incineroar||PasshoBerry|Intimidate|FakeOut,FlareBlitz,ThroatChop,PartingShot|Careful||F|||50|]Sylveon||FairyFeather|Pixilate|HyperVoice,CalmMind,QuickAttack,Protect|Modest||M|||50|]Whimsicott||FocusSash|Prankster|Encore,Protect,Tailwind,EnergyBall|Timid||F|||50|]Mamoswine||LifeOrb|Oblivious|HighHorsepower,IceShard,IcicleCrash,Protect|Adamant||M|||50|]Charizard||CharizarditeY|Blaze|HeatWave,WeatherBall,SolarBeam,Protect|Modest||M|||50|
|showteam|p2|Floette-Eternal||Floettite|FlowerVeil|DazzlingGleam,Moonblast,Protect,CalmMind|Modest||F|||50|]Incineroar||SitrusBerry|Intimidate|FlareBlitz,PartingShot,WillOWisp,FakeOut|Careful||M|||50|]Garchomp||ChoiceScarf|RoughSkin|DragonClaw,Earthquake,RockSlide,StompingTantrum|Jolly||M|||50|]Maushold-Four||FocusSash|FriendGuard|SuperFang,FollowMe,HelpingHand,Protect|Timid|||||50|]Sinistcha||CobaBerry|Hospitality|GigaDrain,TrickRoom,RagePowder,LifeDew|Sassy|||||50|]Delphox||Delphoxite|Blaze|HeatWave,Psyshock,CalmMind,Substitute|Timid||F|||50|
|
|t:|1784164598
|teamsize|p1|4
|teamsize|p2|4
|start
|switch|p1a: Raichu|Raichu, L50, M|100/100
|switch|p1b: Incineroar|Incineroar, L50, F|100/100
|switch|p2a: Fin|Garchomp, L50, M|100/100
|switch|p2b: Morgana|Delphox, L50, F|100/100
|-ability|p1b: Incineroar|Intimidate|boost
|-unboost|p2a: Fin|atk|1
|-unboost|p2b: Morgana|atk|1
|turn|1
|
|t:|1784164627
|detailschange|p2b: Morgana|Delphox-Mega, L50, F
|-mega|p2b: Morgana|Delphox|Delphoxite
|detailschange|p1a: Raichu|Raichu-Mega-Y, L50, M
|-mega|p1a: Raichu|Raichu|Raichunite Y
|move|p1b: Incineroar|Fake Out|p2a: Fin
|-damage|p2a: Fin|89/100
|-damage|p1b: Incineroar|87/100|[from] ability: Rough Skin|[of] p2a: Fin
|cant|p2a: Fin|flinch
|move|p2b: Morgana|Substitute|p2b: Morgana
|-start|p2b: Morgana|Substitute
|-damage|p2b: Morgana|75/100
|move|p1a: Raichu|Zap Cannon|p2b: Morgana
|-end|p2b: Morgana|Substitute
|
|upkeep
|turn|2
|
|t:|1784164693
|switch|p2b: Chá de Tilápia|Sinistcha, L50|100/100
|-heal|p2a: Fin|100/100|[from] ability: Hospitality|[of] p2b: Chá de Tilápia
|move|p1a: Raichu|Protect|p1a: Raichu
|-singleturn|p1a: Raichu|Protect
|move|p2a: Fin|Earthquake|p1b: Incineroar|[spread] p2b,p1b
|-activate|p1a: Raichu|move: Protect
|-resisted|p2b: Chá de Tilápia|1
|-supereffective|p1b: Incineroar|1
|-damage|p2b: Chá de Tilápia|87/100
|-damage|p1b: Incineroar|37/100
|move|p1b: Incineroar|Parting Shot|p2b: Chá de Tilápia
|-unboost|p2b: Chá de Tilápia|atk|1
|-unboost|p2b: Chá de Tilápia|spa|1
|
|t:|1784164711
|switch|p1b: Sylveon|Sylveon, L50, M|100/100|[from] Parting Shot
|
|upkeep
|turn|3
|
|t:|1784164732
|switch|p2a: Glick|Incineroar, L50, M|100/100
|-ability|p2a: Glick|Intimidate|boost
|-unboost|p1a: Raichu|atk|1
|-unboost|p1b: Sylveon|atk|1
|switch|p1a: Incineroar|Incineroar, L50, F|37/100
|-ability|p1a: Incineroar|Intimidate|boost
|-unboost|p2a: Glick|atk|1
|-unboost|p2b: Chá de Tilápia|atk|1
|move|p1b: Sylveon|Hyper Voice|p2a: Glick|[spread] p2a,p2b
|-damage|p2a: Glick|65/100
|-damage|p2b: Chá de Tilápia|47/100
|move|p2b: Chá de Tilápia|Life Dew|p2b: Chá de Tilápia|[spread] p2a,p2b
|-heal|p2a: Glick|91/100
|-heal|p2b: Chá de Tilápia|73/100
|
|upkeep
|turn|4
|
|t:|1784164776
|move|p1a: Incineroar|Fake Out|p2a: Glick
|-damage|p2a: Glick|80/100
|move|p1b: Sylveon|Calm Mind|p1b: Sylveon
|-boost|p1b: Sylveon|spa|1
|-boost|p1b: Sylveon|spd|1
|move|p2b: Chá de Tilápia|Life Dew|p2b: Chá de Tilápia|[spread] p2a,p2b
|-heal|p2a: Glick|100/100
|-heal|p2b: Chá de Tilápia|98/100
|cant|p2a: Glick|flinch
|
|upkeep
|turn|5
|
|t:|1784164819
|move|p1b: Sylveon|Calm Mind|p1b: Sylveon
|-boost|p1b: Sylveon|spa|1
|-boost|p1b: Sylveon|spd|1
|move|p1a: Incineroar|Flare Blitz|p2b: Chá de Tilápia
|-supereffective|p2b: Chá de Tilápia|1
|-damage|p2b: Chá de Tilápia|3/100
|-damage|p1a: Incineroar|9/100|[from] Recoil
|move|p2b: Chá de Tilápia|Giga Drain|p1b: Sylveon
|-damage|p1b: Sylveon|91/100
|-heal|p2b: Chá de Tilápia|8/100|[from] drain|[of] p1b: Sylveon
|move|p2a: Glick|Parting Shot|p1b: Sylveon
|-unboost|p1b: Sylveon|atk|1
|-unboost|p1b: Sylveon|spa|1
|
|t:|1784164833
|switch|p2a: Fin|Garchomp, L50, M|100/100|[from] Parting Shot
|
|upkeep
|turn|6
|
|t:|1784164850
|switch|p1a: Mamoswine|Mamoswine, L50, M|100/100
|move|p2a: Fin|Earthquake|p1a: Mamoswine|[spread] p2b,p1a,p1b
|-resisted|p2b: Chá de Tilápia|1
|-damage|p2b: Chá de Tilápia|0 fnt
|-damage|p1a: Mamoswine|56/100
|-damage|p1b: Sylveon|46/100
|faint|p2b: Chá de Tilápia
|move|p1b: Sylveon|Hyper Voice|p2a: Fin
|-supereffective|p2a: Fin|1
|-damage|p2a: Fin|0 fnt
|faint|p2a: Fin
|
|upkeep
|
|t:|1784164857
|switch|p2a: Morgana|Delphox-Mega, L50, F|75/100
|switch|p2b: Glick|Incineroar, L50, M|100/100
|-ability|p2b: Glick|Intimidate|boost
|-fail|p1a: Mamoswine|unboost|Attack|[from] ability: Oblivious|[of] p1a: Mamoswine
|-unboost|p1b: Sylveon|atk|1
|turn|7
|
|t:|1784164872
|switch|p1a: Incineroar|Incineroar, L50, F|9/100
|-ability|p1a: Incineroar|Intimidate|boost
|-unboost|p2a: Morgana|atk|1
|-unboost|p2b: Glick|atk|1
|move|p1b: Sylveon|Protect|p1b: Sylveon
|-singleturn|p1b: Sylveon|Protect
|move|p2b: Glick|Fake Out|p1b: Sylveon
|-activate|p1b: Sylveon|move: Protect
|move|p2a: Morgana|Psyshock|p1b: Sylveon
|-activate|p1b: Sylveon|move: Protect
|
|upkeep
|turn|8
|
|t:|1784164896
|move|p1a: Incineroar|Fake Out|p2a: Morgana
|-damage|p2a: Morgana|60/100
|cant|p2a: Morgana|flinch
|move|p1b: Sylveon|Hyper Voice|p2b: Glick|[spread] p2a,p2b
|-resisted|p2a: Morgana|1
|-damage|p2a: Morgana|27/100
|-damage|p2b: Glick|49/100
|-enditem|p2b: Glick|Sitrus Berry|[eat]
|-heal|p2b: Glick|74/100|[from] item: Sitrus Berry
|move|p2b: Glick|Flare Blitz|p1b: Sylveon
|-damage|p1b: Sylveon|9/100
|-damage|p2b: Glick|63/100|[from] Recoil
|
|upkeep
|turn|9
|
|t:|1784164913
|move|p2a: Morgana|Heat Wave|p1a: Incineroar|[spread] p1a,p1b
|-resisted|p1a: Incineroar|1
|-damage|p1a: Incineroar|0 fnt
|-damage|p1b: Sylveon|0 fnt
|faint|p1a: Incineroar
|faint|p1b: Sylveon
|move|p2b: Glick|Flare Blitz|p1: Incineroar|[notarget]
|-fail|p2b: Glick
|
|upkeep
|
|t:|1784164922
|switch|p1b: Raichu|Raichu-Mega-Y, L50, M|100/100
|switch|p1a: Mamoswine|Mamoswine, L50, M|56/100
|turn|10
|
|t:|1784164936
|move|p2a: Morgana|Heat Wave|p1a: Mamoswine|[spread] p1a,p1b
|-supereffective|p1a: Mamoswine|1
|-damage|p1a: Mamoswine|0 fnt
|-damage|p1b: Raichu|43/100
|faint|p1a: Mamoswine
|move|p1b: Raichu|Zap Cannon|p2a: Morgana
|-damage|p2a: Morgana|0 fnt
|faint|p2a: Morgana
|move|p2b: Glick|Flare Blitz|p1b: Raichu
|-damage|p1b: Raichu|0 fnt
|faint|p1b: Raichu
|-damage|p2b: Glick|51/100|[from] Recoil
|
|win|mumu2
|raw|strifesada's rating: 1255 → 1221(-34 for losing)
|raw|mumu2's rating: 1131 → 1165(+34 for winning)
