|j|☆wond3ricey
|j|☆kryOOOOO
|html|wond3riceykryOOOOO    
|uhtml|bestof|Game 1 of a best-of-3
|t:|1785110512
|gametype|doubles
|player|p1|wond3ricey|lady|
|player|p2|kryOOOOO|265|
|gen|9
|tier|[Gen 9 Champions] VGC 2026 Reg M-B (Bo3)
|rule|Species Clause: Limit one of each Pokémon
|rule|Item Clause: Limit 1 of each item
|clearpoke
|poke|p1|Archaludon, L50, F|
|poke|p1|Swampert, L50, F, shiny|
|poke|p1|Raichu, L50, F, shiny|
|poke|p1|Klefki, L50, F|
|poke|p1|Rotom-Mow, L50|
|poke|p1|Dragonite, L50, M|
|poke|p2|Floette-Eternal, L50, F|
|poke|p2|Venusaur, L50, M|
|poke|p2|Tyranitar, L50, F|
|poke|p2|Corviknight, L50, F|
|poke|p2|Trevenant, L50, M|
|poke|p2|Rotom-Heat, L50|
|teampreview|4
|showteam|p1|Archaludon||Leftovers|Stamina|ElectroShot,DracoMeteor,FlashCannon,Protect|Timid||F|||50|]Swampert||Swampertite|Torrent|WaveCrash,Earthquake,IcePunch,FlipTurn|Adamant||F|||50|]Raichu||DampRock|LightningRod|FakeOut,RainDance,VoltSwitch,Thunder|Hasty||F|||50|]Klefki||MentalHerb|Prankster|LightScreen,Reflect,ThunderWave,RainDance|Bold||F|||50|]Rotom-Mow||ChoiceScarf|Levitate|Thunderbolt,VoltSwitch,Trick,LeafStorm|Timid|||||50|]Dragonite||SitrusBerry|Multiscale|Hurricane,Thunderbolt,Roost,Tailwind|Modest||M|||50|
|showteam|p2|Floette-Eternal||Floettite|FlowerVeil|CalmMind,Protect,DazzlingGleam,Moonblast|Bold||F|||50|]Venusaur||FocusSash|Overgrow|GigaDrain,SludgeBomb,LeechSeed,Protect|Quiet||M|||50|]Tyranitar||Tyranitarite|SandStream|Protect,Earthquake,KnockOff,RockSlide|Brave||F|||50|]Corviknight||Leftovers|Pressure|Protect,BulkUp,BodyPress,Roost|Bold||F|||50|]Trevenant||SitrusBerry|Harvest|TrickRoom,LeechSeed,Protect,Poltergeist|Impish||M|||50|]Rotom-Heat||Charcoal|Levitate|Protect,WillOWisp,NastyPlot,Overheat|Quiet|||||50|
|c|☆kryOOOOO|open team sheet?
|c|☆kryOOOOO|wait am i trolling
|
|t:|1785110564
|teamsize|p1|4
|teamsize|p2|4
|start
|switch|p1a: Klefki|Klefki, L50, F|100/100
|switch|p1b: Swampert|Swampert, L50, F, shiny|100/100
|switch|p2a: Trevenant|Trevenant, L50, M|100/100
|switch|p2b: Corviknight|Corviknight, L50, F|100/100
|-ability|p2b: Corviknight|Pressure
|turn|1
|c|☆kryOOOOO|its not supposed to be open team sh eet
|
|t:|1785110602
|detailschange|p1b: Swampert|Swampert-Mega, L50, F, shiny
|-mega|p1b: Swampert|Swampert|Swampertite
|move|p1a: Klefki|Rain Dance|p1a: Klefki
|-weather|RainDance
|move|p1b: Swampert|Flip Turn|p2b: Corviknight
|-damage|p2b: Corviknight|61/100
|
|t:|1785110608
|switch|p1b: Archaludon|Archaludon, L50, F|100/100|[from] Flip Turn
|move|p2b: Corviknight|Bulk Up|p2b: Corviknight
|-boost|p2b: Corviknight|atk|1
|-boost|p2b: Corviknight|def|1
|move|p2a: Trevenant|Trick Room|p2a: Trevenant
|-fieldstart|move: Trick Room|[of] p2a: Trevenant
|
|-weather|RainDance|[upkeep]
|-heal|p2b: Corviknight|67/100|[from] item: Leftovers
|upkeep
|turn|2
|
|t:|1785110642
|move|p1a: Klefki|Reflect|p1a: Klefki
|-sidestart|p1: wond3ricey|Reflect
|move|p2a: Trevenant|Leech Seed|p1b: Archaludon
|-start|p1b: Archaludon|move: Leech Seed
|move|p2b: Corviknight|Body Press|p1b: Archaludon
|-supereffective|p1b: Archaludon|1
|-damage|p1b: Archaludon|56/100
|-ability|p1b: Archaludon|Stamina|boost
|-boost|p1b: Archaludon|def|1
|move|p1b: Archaludon|Electro Shot||[still]
|-prepare|p1b: Archaludon|Electro Shot
|-boost|p1b: Archaludon|spa|1
|-anim|p1b: Archaludon|Electro Shot|p2b: Corviknight
|-supereffective|p2b: Corviknight|1
|-damage|p2b: Corviknight|0 fnt
|faint|p2b: Corviknight
|
|-weather|RainDance|[upkeep]
|-heal|p1b: Archaludon|62/100|[from] item: Leftovers
|-damage|p1b: Archaludon|50/100g|[from] Leech Seed|[of] p2a: Trevenant
|upkeep
|
|t:|1785110677
|switch|p2b: Tyranitar|Tyranitar, L50, F|100/100
|-weather|Sandstorm|[from] ability: Sand Stream|[of] p2b: Tyranitar
|turn|3
|inactive|Battle timer is ON: inactive players will automatically lose when time's up. (requested by wond3ricey)
|
|t:|1785110724
|detailschange|p2b: Tyranitar|Tyranitar-Mega, L50, F
|-mega|p2b: Tyranitar|Tyranitar|Tyranitarite
|move|p2a: Trevenant|Protect|p2a: Trevenant
|-singleturn|p2a: Trevenant|Protect
|move|p1b: Archaludon|Protect|p1b: Archaludon
|-singleturn|p1b: Archaludon|Protect
|move|p1a: Klefki|Rain Dance|p1a: Klefki
|-weather|RainDance
|move|p2b: Tyranitar|Earthquake|p1b: Archaludon|[spread] p1a
|-activate|p2a: Trevenant|move: Protect
|-activate|p1b: Archaludon|move: Protect
|-supereffective|p1a: Klefki|1
|-damage|p1a: Klefki|70/100
|
|-weather|RainDance|[upkeep]
|-heal|p1b: Archaludon|56/100|[from] item: Leftovers
|-damage|p1b: Archaludon|44/100|[from] Leech Seed|[of] p2a: Trevenant
|upkeep
|turn|4
|inactive|wond3ricey has 30 seconds left.
|j| robbie0301
|inactive|wond3ricey has 20 seconds left.
|
|t:|1785110760
|move|p1a: Klefki|Thunder Wave|p1b: Archaludon
|-status|p1b: Archaludon|par
|move|p1b: Archaludon|Flash Cannon|p2b: Tyranitar
|-supereffective|p2b: Tyranitar|1
|-damage|p2b: Tyranitar|7/100
|move|p2a: Trevenant|Poltergeist|p1a: Klefki|[miss]
|-miss|p2a: Trevenant|p1a: Klefki
|move|p2b: Tyranitar|Earthquake|p1b: Archaludon|[spread] p2a,p1a,p1b
|-resisted|p2a: Trevenant|1
|-supereffective|p1a: Klefki|1
|-supereffective|p1b: Archaludon|1
|-damage|p2a: Trevenant|87/100
|-damage|p1a: Klefki|40/100
|-damage|p1b: Archaludon|23/100 par
|-ability|p1b: Archaludon|Stamina|boost
|-boost|p1b: Archaludon|def|1
|
|-weather|RainDance|[upkeep]
|-heal|p1b: Archaludon|29/100 par|[from] item: Leftovers
|-damage|p1b: Archaludon|17/100 par|[from] Leech Seed|[of] p2a: Trevenant
|-heal|p2a: Trevenant|97/100|[silent]
|upkeep
|turn|5
|inactive|wond3ricey has 30 seconds left.
|
|t:|1785110789
|switch|p1a: Rotom|Rotom-Mow, L50|100/100
|move|p1b: Archaludon|Flash Cannon|p2b: Tyranitar
|-supereffective|p2b: Tyranitar|1
|-damage|p2b: Tyranitar|0 fnt
|faint|p2b: Tyranitar
|move|p2a: Trevenant|Leech Seed|p1a: Rotom
|-immune|p1a: Rotom
|
|-weather|RainDance|[upkeep]
|-heal|p1b: Archaludon|23/100 par|[from] item: Leftovers
|-damage|p1b: Archaludon|11/100 par|[from] Leech Seed|[of] p2a: Trevenant
|-heal|p2a: Trevenant|100/100|[silent]
|-fieldend|move: Trick Room
|upkeep
|
|t:|1785110804
|switch|p2b: Venusaur|Venusaur, L50, M|100/100
|turn|6
|inactive|wond3ricey has 30 seconds left.
|inactive|wond3ricey has 20 seconds left.
|
|t:|1785110840
|move|p1a: Rotom|Trick|p2a: Trevenant
|-activate|p1a: Rotom|move: Trick|[of] p2a: Trevenant
|-item|p2a: Trevenant|Choice Scarf|[from] move: Trick
|-item|p1a: Rotom|Sitrus Berry|[from] move: Trick
|move|p2b: Venusaur|Sludge Bomb|p1a: Rotom
|-supereffective|p1a: Rotom|1
|-damage|p1a: Rotom|0 fnt
|faint|p1a: Rotom
|cant|p1b: Archaludon|par
|move|p2a: Trevenant|Trick Room|p2a: Trevenant
|-fieldstart|move: Trick Room|[of] p2a: Trevenant
|
|-weather|RainDance|[upkeep]
|-heal|p1b: Archaludon|17/100 par|[from] item: Leftovers
|-damage|p1b: Archaludon|5/100 par|[from] Leech Seed|[of] p2a: Trevenant
|-sideend|p1: wond3ricey|Reflect
|upkeep
|
|t:|1785110853
|switch|p1a: Klefki|Klefki, L50, F|40/100
|turn|7
|
|t:|1785110874
|move|p1a: Klefki|Light Screen|p1a: Klefki
|-sidestart|p1: wond3ricey|move: Light Screen
|move|p1b: Archaludon|Draco Meteor|p2a: Trevenant
|-damage|p2a: Trevenant|1/100
|-unboost|p1b: Archaludon|spa|2
|move|p2b: Venusaur|Giga Drain|p1a: Klefki
|-resisted|p1a: Klefki|1
|-damage|p1a: Klefki|26/100
|move|p2a: Trevenant|Trick Room|p2a: Trevenant
|-fieldend|move: Trick Room
|
|-weather|none
|-heal|p1b: Archaludon|11/100 par|[from] item: Leftovers
|-damage|p1b: Archaludon|0 fnt|[from] Leech Seed|[of] p2a: Trevenant
|-heal|p2a: Trevenant|11/100|[silent]
|faint|p1b: Archaludon
|upkeep
|
|t:|1785110884
|switch|p1b: Swampert|Swampert-Mega, L50, F, shiny|100/100
|turn|8
|
|t:|1785110894
|move|p1a: Klefki|Rain Dance|p1a: Klefki
|-weather|RainDance
|move|p1b: Swampert|Ice Punch|p2b: Venusaur
|-supereffective|p2b: Venusaur|1
|-damage|p2b: Venusaur|30/100
|move|p2b: Venusaur|Giga Drain|p1b: Swampert
|-supereffective|p1b: Swampert|2
|-damage|p1b: Swampert|0 fnt
|-heal|p2b: Venusaur|78/100|[from] drain|[of] p1b: Swampert
|faint|p1b: Swampert
|move|p2a: Trevenant|Trick Room|p2a: Trevenant
|-fieldstart|move: Trick Room|[of] p2a: Trevenant
|
|-weather|RainDance|[upkeep]
|upkeep
|turn|9
|
|t:|1785110914
|move|p1a: Klefki|Thunder Wave|p2a: Trevenant
|-status|p2a: Trevenant|par
|move|p2b: Venusaur|Giga Drain|p1a: Klefki
|-resisted|p1a: Klefki|1
|-damage|p1a: Klefki|12/100
|-heal|p2b: Venusaur|84/100|[from] drain|[of] p1a: Klefki
|move|p2a: Trevenant|Trick Room|p2a: Trevenant
|-fieldend|move: Trick Room
|
|-weather|RainDance|[upkeep]
|upkeep
|turn|10
|
|t:|1785110926
|move|p1a: Klefki|Reflect|p1a: Klefki
|-sidestart|p1: wond3ricey|Reflect
|move|p2b: Venusaur|Giga Drain|p1a: Klefki
|-resisted|p1a: Klefki|1
|-damage|p1a: Klefki|0 fnt
|-heal|p2b: Venusaur|89/100|[from] drain|[of] p1a: Klefki
|faint|p1a: Klefki
|
|win|kryOOOOO
||kryOOOOO is ready for game 2.
||wond3ricey is ready for game 2.
|uhtml|next|Next: Game 2 of 3
|l|☆kryOOOOO
|player|p2|
|l| robbie0301
