|j|☆DyeItTightOfficial
|j|☆FotiniP
|html|DyeItTightOfficialFotiniP    
|uhtml|bestof|Game 3 of a best-of-3
|t:|1784592438
|gametype|doubles
|player|p1|DyeItTightOfficial|blue-gen3two|1095
|player|p2|FotiniP|1|1161
|gen|9
|tier|[Gen 9 Champions] VGC 2026 Reg M-B (Bo3)
|rated|
|rule|Species Clause: Limit one of each Pokémon
|rule|Item Clause: Limit 1 of each item
|clearpoke
|poke|p1|Garchomp, L50, M|
|poke|p1|Kingambit, L50, F|
|poke|p1|Raichu, L50, M|
|poke|p1|Sableye, L50, M|
|poke|p1|Floette-Eternal, L50, F|
|poke|p1|Clefable, L50, M|
|poke|p2|Archaludon, L50, F|
|poke|p2|Pelipper, L50, F|
|poke|p2|Swampert, L50, M|
|poke|p2|Basculegion, L50, M|
|poke|p2|Sableye, L50, M|
|poke|p2|Dragonite, L50, F|
|teampreview|4
|showteam|p1|Garchomp||SoftSand|RoughSkin|RockSlide,Earthquake,EarthPower,Protect|Jolly||M|||50|]Kingambit||ChopleBerry|Defiant|SuckerPunch,IronHead,Protect,LowKick|Adamant||F|||50|]Raichu||RaichuniteY|LightningRod|Protect,ZapCannon,FocusBlast,GrassKnot|Timid||M|||50|]Sableye||LightClay|Prankster|LightScreen,Encore,Reflect,FakeOut|Careful||M|||50|]Floette-Eternal||Floettite|FlowerVeil|Protect,DazzlingGleam,Moonblast,HelpingHand|Timid||F|||50|]Clefable||SitrusBerry|Unaware|Moonblast,Protect,SunnyDay,FollowMe|Bold||M|||50|
|showteam|p2|Archaludon||Leftovers|Stamina|DragonPulse,FlashCannon,ElectroShot,Protect|Modest||F|||50|]Pelipper||FocusSash|Drizzle|Hurricane,WeatherBall,Tailwind,Protect|Modest||F|||50|]Swampert||Swampertite|Torrent|WaveCrash,IcePunch,Earthquake,Protect|Adamant||M|||50|]Basculegion||MysticWater|SwiftSwim|WaveCrash,LastRespects,AquaJet,Protect|Adamant||M|||50|]Sableye||RoseliBerry|Prankster|RainDance,Reflect,LightScreen,KnockOff|Careful||M|||50|]Dragonite||Dragoninite|InnerFocus|DragonPulse,Hurricane,IceBeam,Protect|Modest||F|||50|
|inactive|Battle timer is ON: inactive players will automatically lose when time's up. (requested by FotiniP)
|
|t:|1784592461
|teamsize|p1|4
|teamsize|p2|4
|start
|switch|p1a: Sableye|Sableye, L50, M|100/100
|switch|p1b: Floette|Floette-Eternal, L50, F|100/100
|switch|p2a: Pelipper|Pelipper, L50, F|100/100
|switch|p2b: Swampert|Swampert, L50, M|100/100
|-weather|RainDance|[from] ability: Drizzle|[of] p2a: Pelipper
|turn|1
|inactive|DyeItTightOfficial has 30 seconds left.
|
|t:|1784592494
|detailschange|p1b: Floette|Floette-Mega, L50, F
|-mega|p1b: Floette|Floette|Floettite
|-ability|p1b: Floette|Fairy Aura
|move|p2b: Swampert|Protect|p2b: Swampert
|-singleturn|p2b: Swampert|Protect
|move|p1a: Sableye|Fake Out|p2b: Swampert
|-activate|p2b: Swampert|move: Protect
|move|p1b: Floette|Moonblast|p2b: Swampert
|-activate|p2b: Swampert|move: Protect
|move|p2a: Pelipper|Tailwind|p2a: Pelipper
|-sidestart|p2: FotiniP|move: Tailwind
|
|-weather|RainDance|[upkeep]
|upkeep
|turn|2
|
|t:|1784592511
|detailschange|p2b: Swampert|Swampert-Mega, L50, M
|-mega|p2b: Swampert|Swampert|Swampertite
|move|p1a: Sableye|Reflect|p1a: Sableye
|-sidestart|p1: DyeItTightOfficial|Reflect
|move|p2b: Swampert|Earthquake|p1a: Sableye|[spread] p1a,p1b
|-immune|p2a: Pelipper
|-crit|p1a: Sableye
|-damage|p1a: Sableye|12/100
|-damage|p1b: Floette|66/100
|move|p2a: Pelipper|Hurricane|p1b: Floette
|-damage|p1b: Floette|29/100
|move|p1b: Floette|Moonblast|p2b: Swampert
|-damage|p2b: Swampert|41/100
|
|-weather|RainDance|[upkeep]
|upkeep
|turn|3
|
|t:|1784592526
|move|p1b: Floette|Protect|p1b: Floette
|-singleturn|p1b: Floette|Protect
|move|p1a: Sableye|Light Screen|p1a: Sableye
|-sidestart|p1: DyeItTightOfficial|move: Light Screen
|move|p2b: Swampert|Earthquake|p1a: Sableye|[spread] p1a
|-activate|p1b: Floette|move: Protect
|-immune|p2a: Pelipper
|-damage|p1a: Sableye|0 fnt
|faint|p1a: Sableye
|move|p2a: Pelipper|Weather Ball|p1b: Floette
|-activate|p1b: Floette|move: Protect
|
|-weather|RainDance|[upkeep]
|upkeep
|
|t:|1784592536
|switch|p1a: Kingambit|Kingambit, L50, F|100/100
|turn|4
|
|t:|1784592548
|switch|p2b: Archaludon|Archaludon, L50, F|100/100
|move|p1b: Floette|Helping Hand|p1a: Kingambit
|-singleturn|p1a: Kingambit|Helping Hand|[of] p1b: Floette
|move|p1a: Kingambit|Sucker Punch||[still]
|-fail|p1a: Kingambit
|move|p2a: Pelipper|Weather Ball|p1a: Kingambit
|-damage|p1a: Kingambit|56/100
|
|-weather|RainDance|[upkeep]
|-sideend|p2: FotiniP|move: Tailwind
|upkeep
|turn|5
|
|t:|1784592571
|move|p1b: Floette|Moonblast|p2b: Archaludon
|-damage|p2b: Archaludon|29/100
|-ability|p2b: Archaludon|Stamina|boost
|-boost|p2b: Archaludon|def|1
|move|p2a: Pelipper|Weather Ball|p1a: Kingambit
|-damage|p1a: Kingambit|14/100
|move|p2b: Archaludon|Electro Shot||[still]
|-prepare|p2b: Archaludon|Electro Shot
|-boost|p2b: Archaludon|spa|1
|-anim|p2b: Archaludon|Electro Shot|p1b: Floette
|-damage|p1b: Floette|1/100
|move|p1a: Kingambit|Low Kick|p2b: Archaludon
|-supereffective|p2b: Archaludon|1
|-damage|p2b: Archaludon|0 fnt
|faint|p2b: Archaludon
|
|-weather|none
|upkeep
|
|t:|1784592586
|switch|p2b: Basculegion|Basculegion, L50, M|100/100
|turn|6
|inactive|DyeItTightOfficial has 30 seconds left.
|inactive|DyeItTightOfficial has 20 seconds left.
|inactive|DyeItTightOfficial has 15 seconds left.
|
|t:|1784592629
|move|p1b: Floette|Protect|p1b: Floette
|-singleturn|p1b: Floette|Protect
|move|p2b: Basculegion|Aqua Jet|p1a: Kingambit
|-damage|p1a: Kingambit|1/100
|move|p2a: Pelipper|Tailwind|p2a: Pelipper
|-sidestart|p2: FotiniP|move: Tailwind
|move|p1a: Kingambit|Low Kick|p2a: Pelipper
|-resisted|p2a: Pelipper|1
|-damage|p2a: Pelipper|83/100
|
|upkeep
|turn|7
|
|t:|1784592644
|move|p2b: Basculegion|Aqua Jet|p1a: Kingambit
|-damage|p1a: Kingambit|0 fnt
|faint|p1a: Kingambit
|move|p2a: Pelipper|Hurricane|p1b: Floette
|-damage|p1b: Floette|0 fnt
|faint|p1b: Floette
|
|upkeep
|
|t:|1784592651
|switch|p1b: Clefable|Clefable, L50, M|100/100
|turn|8
|-message|DyeItTightOfficial forfeited.
|
|win|FotiniP
|raw|DyeItTightOfficial's rating: 1095 → 1075(-20 for losing)
|raw|FotiniP's rating: 1161 → 1181(+20 for winning)
