|j|☆master 792
|j|☆Zetababy3
|html|master 792Zetababy3    
|uhtml|bestof|Game 1 of a best-of-3
|t:|1784494195
|gametype|doubles
|player|p1|master 792|red|1263
|player|p2|Zetababy3|170|1144
|gen|9
|tier|[Gen 9 Champions] VGC 2026 Reg M-B (Bo3)
|rated|
|rule|Species Clause: Limit one of each Pokémon
|rule|Item Clause: Limit 1 of each item
|clearpoke
|poke|p1|Blastoise, L50, F|
|poke|p1|Delphox, L50, M|
|poke|p1|Incineroar, L50, M|
|poke|p1|Sneasler, L50, M|
|poke|p1|Sinistcha, L50, shiny|
|poke|p1|Maushold-Four, L50|
|poke|p2|Pelipper, L50, M|
|poke|p2|Archaludon, L50, M|
|poke|p2|Kingambit, L50, F|
|poke|p2|Basculegion, L50, M|
|poke|p2|Gardevoir, L50, F|
|poke|p2|Sneasler, L50, M|
|teampreview|4
|showteam|p1|Blastoise||Blastoisinite|RainDish|WaterSpout,DarkPulse,ShellSmash,Protect|Modest||F|||50|]Delphox||Delphoxite|Blaze|HeatWave,Psychic,NastyPlot,Protect|Timid||M|||50|]Incineroar||SitrusBerry|Intimidate|FakeOut,PartingShot,FlareBlitz,ThroatChop|Impish||M|||50|]Sneasler||FocusSash|PoisonTouch|FakeOut,DireClaw,CloseCombat,QuickGuard|Jolly||M|||50|]Sinistcha||OccaBerry|Hospitality|MatchaGotcha,LifeDew,RagePowder,Protect|Bold|||||50|]Maushold-Four||ChopleBerry|FriendGuard|FollowMe,SuperFang,Protect,Taunt|Impish|||||50|
|showteam|p2|Pelipper||SitrusBerry|Drizzle|Hurricane,WeatherBall,WideGuard,Tailwind|Modest||M|||50|]Archaludon||ChopleBerry|Stamina|ElectroShot,FlashCannon,DragonPulse,Protect|Timid||M|||50|]Kingambit||LifeOrb|Defiant|SuckerPunch,KowtowCleave,IronHead,LowKick|Adamant||F|||50|]Basculegion||ChoiceScarf|SwiftSwim|LastRespects,WaveCrash,FlipTurn,AquaJet|Serious||M|||50|]Gardevoir||Gardevoirite|Synchronize|Psychic,DazzlingGleam,ShadowBall,Protect|Timid||F|||50|]Sneasler||WhiteHerb|Unburden|FakeOut,DireClaw,CloseCombat,Protect|Adamant||M|||50|
|
|t:|1784494234
|teamsize|p1|4
|teamsize|p2|4
|start
|switch|p1a: Iaisy|Blastoise, L50, F|100/100
|switch|p1b: Disney|Maushold-Four, L50|100/100
|switch|p2a: Sneasler|Sneasler, L50, M|100/100
|switch|p2b: Gardevoir|Gardevoir, L50, F|100/100
|turn|1
|
|t:|1784494253
|detailschange|p2b: Gardevoir|Gardevoir-Mega, L50, F
|-mega|p2b: Gardevoir|Gardevoir|Gardevoirite
|detailschange|p1a: Iaisy|Blastoise-Mega, L50, F
|-mega|p1a: Iaisy|Blastoise|Blastoisinite
|move|p1a: Iaisy|Protect|p1a: Iaisy
|-singleturn|p1a: Iaisy|Protect
|move|p2a: Sneasler|Close Combat|p1b: Disney
|-supereffective|p1b: Disney|1
|-enditem|p1b: Disney|Chople Berry|[eat]
|-enditem|p1b: Disney|Chople Berry|[weaken]
|-damage|p1b: Disney|33/100
|-unboost|p2a: Sneasler|def|1
|-unboost|p2a: Sneasler|spd|1
|-enditem|p2a: Sneasler|White Herb
|-clearnegativeboost|p2a: Sneasler|[silent]
|move|p2b: Gardevoir|Psychic|p1a: Iaisy
|-activate|p1a: Iaisy|move: Protect
|move|p1b: Disney|Super Fang|p2b: Gardevoir
|-damage|p2b: Gardevoir|50/100g
|
|upkeep
|turn|2
|
|t:|1784494274
|move|p1b: Disney|Follow Me|p1b: Disney
|-singleturn|p1b: Disney|move: Follow Me
|move|p2a: Sneasler|Close Combat|p1b: Disney
|-supereffective|p1b: Disney|1
|-damage|p1b: Disney|0 fnt
|-unboost|p2a: Sneasler|def|1
|-unboost|p2a: Sneasler|spd|1
|faint|p1b: Disney
|move|p2b: Gardevoir|Dazzling Gleam|p1a: Iaisy
|-damage|p1a: Iaisy|50/100g
|move|p1a: Iaisy|Shell Smash|p1a: Iaisy
|-unboost|p1a: Iaisy|def|1
|-unboost|p1a: Iaisy|spd|1
|-boost|p1a: Iaisy|atk|2
|-boost|p1a: Iaisy|spa|2
|-boost|p1a: Iaisy|spe|2
|
|upkeep
|
|t:|1784494281
|switch|p1b: Te Chai|Sinistcha, L50, shiny|100/100
|-heal|p1a: Iaisy|75/100|[from] ability: Hospitality|[of] p1b: Te Chai
|turn|3
|
|t:|1784494300
|move|p1b: Te Chai|Rage Powder|p1b: Te Chai
|-singleturn|p1b: Te Chai|move: Rage Powder
|move|p2a: Sneasler|Dire Claw|p1b: Te Chai
|-damage|p1b: Te Chai|66/100
|move|p1a: Iaisy|Water Spout|p2a: Sneasler|[spread] p2a,p2b
|-damage|p2a: Sneasler|0 fnt
|-damage|p2b: Gardevoir|0 fnt
|faint|p2a: Sneasler
|faint|p2b: Gardevoir
|
|upkeep
|
|t:|1784494311
|switch|p2a: Archaludon|Archaludon, L50, M|100/100
|switch|p2b: Pelipper|Pelipper, L50, M|100/100
|-weather|RainDance|[from] ability: Drizzle|[of] p2b: Pelipper
|turn|4
|
|t:|1784494321
|move|p2a: Archaludon|Protect|p2a: Archaludon
|-singleturn|p2a: Archaludon|Protect
|move|p1b: Te Chai|Rage Powder|p1b: Te Chai
|-singleturn|p1b: Te Chai|move: Rage Powder
|move|p1a: Iaisy|Dark Pulse|p2b: Pelipper
|-damage|p2b: Pelipper|0 fnt
|faint|p2b: Pelipper
|
|-weather|RainDance|[upkeep]
|upkeep
|turn|5
|-message|Zetababy3 forfeited.
|raw|master 792's rating: 1263 → 1280(+17 for winning)
|raw|Zetababy3's rating: 1144 → 1127(-17 for losing)
|
|win|master 792
|l|☆Zetababy3
|player|p2|
