|j|☆marcosdeltasena31
|j|☆edhen
|html|marcosdeltasena31edhen    
|uhtml|bestof|Game 1 of a best-of-3
|t:|1757208861
|gametype|doubles
|player|p1|marcosdeltasena31|hilbert|1334
|player|p2|edhen|clair|1265
|gen|9
|tier|[Gen 9] VGC 2025 Reg H (Bo3)
|rated|
|rule|Species Clause: Limit one of each Pokémon
|rule|Item Clause: Limit 1 of each item
|clearpoke
|poke|p1|Dragonite, L50, F|
|poke|p1|Sneasler, L50, F|
|poke|p1|Volcarona, L50, F|
|poke|p1|Rillaboom, L50, M|
|poke|p1|Kingambit, L50, F|
|poke|p1|Electabuzz, L50, F|
|poke|p2|Politoed, L50, F|
|poke|p2|Archaludon, L50, M|
|poke|p2|Comfey, L50, M|
|poke|p2|Rillaboom, L50, M|
|poke|p2|Basculegion, L50, M|
|poke|p2|Maushold, L50|
|teampreview|4
|showteam|p1|Dragonite||LoadedDice|Multiscale|ScaleShot,ExtremeSpeed,Haze,Protect|||F|||50|,,,,,Fairy]Sneasler||FocusSash|PoisonTouch|DireClaw,CloseCombat,FakeOut,Coaching|||F|||50|,,,,,Ghost]Volcarona||CovertCloak|FlameBody|HeatWave,TeraBlast,QuiverDance,Protect|||F|||50|,,,,,Fairy]Rillaboom||AssaultVest|GrassySurge|WoodHammer,FakeOut,GrassyGlide,HighHorsepower|||M|||50|,,,,,Fire]Kingambit||BlackGlasses|Defiant|KowtowCleave,SwordsDance,SuckerPunch,Protect|||F|||50|,,,,,Dark]Electabuzz||Eviolite|VitalSpirit|Thunderbolt,FollowMe,Taunt,Protect|||F|||50|,,,,,Ghost
|showteam|p2|Politoed||Leftovers|Drizzle|Protect,MuddyWater,Haze,Hypnosis|||F|||50|,,,,,Grass]Archaludon||AssaultVest|Stamina|ElectroShot,BodyPress,FlashCannon,DragonPulse|||M|||50|,,,,,Grass]Comfey||WikiBerry|Triage|Protect,FloralHealing,DrainingKiss,Taunt|||M|||50|,,,,,Steel]Rillaboom||LoadedDice|GrassySurge|BulletSeed,GrassyGlide,FakeOut,HighHorsepower|||M|||50|,,,,,Fire]Basculegion||ChoiceBand|SwiftSwim|LastRespects,WaveCrash,AquaJet,FlipTurn|||M|||50|,,,,,Water]Maushold||WideLens|Technician|Protect,HelpingHand,FollowMe,PopulationBomb||||||50|,,,,,Ghost
|inactive|Battle timer is ON: inactive players will automatically lose when time's up. (requested by edhen)
|inactive|marcosdeltasena31 has 60 seconds left.
|inactive|edhen has 60 seconds left.
|
|t:|1757208910
|teamsize|p1|4
|teamsize|p2|4
|start
|switch|p1a: Dragonite|Dragonite, L50, F|100/100
|switch|p1b: Electabuzz|Electabuzz, L50, F|100/100
|switch|p2a: Politoed|Politoed, L50, F|100/100
|switch|p2b: Basculegion|Basculegion, L50, M|100/100
|-weather|RainDance|[from] ability: Drizzle|[of] p2a: Politoed
|turn|1
|
|t:|1757208934
|move|p1b: Electabuzz|Protect|p1b: Electabuzz
|-singleturn|p1b: Electabuzz|Protect
|move|p2b: Basculegion|Wave Crash|p1b: Electabuzz
|-activate|p1b: Electabuzz|move: Protect
|move|p1a: Dragonite|Scale Shot|p2b: Basculegion
|-damage|p2b: Basculegion|80/100
|-damage|p2b: Basculegion|62/100
|-damage|p2b: Basculegion|41/100
|-damage|p2b: Basculegion|23/100
|-hitcount|p2b: Basculegion|4
|-unboost|p1a: Dragonite|def|1
|-boost|p1a: Dragonite|spe|1
|move|p2a: Politoed|Hypnosis|p1a: Dragonite
|-status|p1a: Dragonite|slp|[from] move: Hypnosis
|
|-weather|RainDance|[upkeep]
|upkeep
|turn|2
|
|t:|1757208952
|move|p2b: Basculegion|Wave Crash|p1b: Electabuzz
|-damage|p1b: Electabuzz|0 fnt
|faint|p1b: Electabuzz
|-damage|p2b: Basculegion|0 fnt|[from] Recoil
|faint|p2b: Basculegion
|cant|p1a: Dragonite|slp
|move|p2a: Politoed|Muddy Water|p1a: Dragonite
|-resisted|p1a: Dragonite
|-damage|p1a: Dragonite|90/100 slp
|-unboost|p1a: Dragonite|accuracy|1
|
|-weather|RainDance|[upkeep]
|upkeep
|
|t:|1757208967
|switch|p1b: Sneasler|Sneasler, L50, F|100/100
|switch|p2b: Archaludon|Archaludon, L50, M|100/100
|turn|3
|inactive|edhen has 30 seconds left.
|inactive|edhen has 20 seconds left.
|
|t:|1757209007
|-terastallize|p2b: Archaludon|Grass
|move|p1b: Sneasler|Fake Out|p2a: Politoed
|-damage|p2a: Politoed|87/100
|-curestatus|p1a: Dragonite|slp|[msg]
|move|p1a: Dragonite|Scale Shot|p2a: Politoed|[miss]
|-miss|p1a: Dragonite|p2a: Politoed
|move|p2b: Archaludon|Electro Shot||[still]
|-prepare|p2b: Archaludon|Electro Shot
|-boost|p2b: Archaludon|spa|1
|-anim|p2b: Archaludon|Electro Shot|p1b: Sneasler
|-damage|p1b: Sneasler|16/100
|cant|p2a: Politoed|flinch
|
|-weather|RainDance|[upkeep]
|-heal|p2a: Politoed|93/100|[from] item: Leftovers
|upkeep
|turn|4
|
|t:|1757209027
|move|p1a: Dragonite|Scale Shot|p2a: Politoed
|-crit|p2a: Politoed
|-damage|p2a: Politoed|71/100
|-damage|p2a: Politoed|55/100
|-crit|p2a: Politoed
|-damage|p2a: Politoed|35/100
|-damage|p2a: Politoed|21/100
|-hitcount|p2a: Politoed|4
|-unboost|p1a: Dragonite|def|1
|-boost|p1a: Dragonite|spe|1
|move|p1b: Sneasler|Dire Claw|p2b: Archaludon
|-supereffective|p2b: Archaludon
|-damage|p2b: Archaludon|43/100
|-ability|p2b: Archaludon|Stamina|boost
|-boost|p2b: Archaludon|def|1
|-status|p2b: Archaludon|psn|[from] ability: Poison Touch|[of] p1b: Sneasler
|move|p2b: Archaludon|Electro Shot||[still]
|-prepare|p2b: Archaludon|Electro Shot
|-boost|p2b: Archaludon|spa|1
|-anim|p2b: Archaludon|Electro Shot|p1a: Dragonite
|-damage|p1a: Dragonite|0 fnt
|faint|p1a: Dragonite
|move|p2a: Politoed|Muddy Water|p1b: Sneasler
|-crit|p1b: Sneasler
|-damage|p1b: Sneasler|0 fnt
|faint|p1b: Sneasler
|
|-weather|RainDance|[upkeep]
|-heal|p2a: Politoed|27/100|[from] item: Leftovers
|-damage|p2b: Archaludon|30/100 psn|[from] psn
|upkeep
|
|t:|1757209048
|switch|p1b: Kingambit|Kingambit, L50, F|100/100
|turn|5
|inactive|edhen has 30 seconds left.
|inactive|edhen has 20 seconds left.
|inactive|edhen has 15 seconds left.
|inactive|edhen has 10 seconds left.
|inactive|edhen has 5 seconds left.
|
|t:|1757209102
|move|p1b: Kingambit|Protect|p1b: Kingambit
|-singleturn|p1b: Kingambit|Protect
|move|p2b: Archaludon|Body Press|p1b: Kingambit
|-activate|p1b: Kingambit|move: Protect
|move|p2a: Politoed|Hypnosis|p1b: Kingambit
|-activate|p1b: Kingambit|move: Protect
|
|-weather|none
|-heal|p2a: Politoed|33/100|[from] item: Leftovers
|-damage|p2b: Archaludon|18/100 psn|[from] psn
|upkeep
|turn|6
|
|t:|1757209118
|switch|p2b: Maushold|Maushold, L50|100/100
|move|p1b: Kingambit|Sucker Punch||[still]
|-fail|p1b: Kingambit
|move|p2a: Politoed|Hypnosis|p1b: Kingambit|[miss]
|-miss|p2a: Politoed|p1b: Kingambit
|
|-heal|p2a: Politoed|40/100|[from] item: Leftovers
|upkeep
|turn|7
|
|t:|1757209137
|move|p2b: Maushold|Population Bomb|p1b: Kingambit
|-resisted|p1b: Kingambit
|-damage|p1b: Kingambit|97/100
|-resisted|p1b: Kingambit
|-damage|p1b: Kingambit|93/100
|-resisted|p1b: Kingambit
|-damage|p1b: Kingambit|89/100
|-resisted|p1b: Kingambit
|-damage|p1b: Kingambit|85/100
|-resisted|p1b: Kingambit
|-damage|p1b: Kingambit|81/100
|-resisted|p1b: Kingambit
|-damage|p1b: Kingambit|77/100
|-resisted|p1b: Kingambit
|-damage|p1b: Kingambit|72/100
|-resisted|p1b: Kingambit
|-damage|p1b: Kingambit|69/100
|-resisted|p1b: Kingambit
|-damage|p1b: Kingambit|65/100
|-resisted|p1b: Kingambit
|-damage|p1b: Kingambit|61/100
|-hitcount|p1b: Kingambit|10
|move|p2a: Politoed|Hypnosis|p1b: Kingambit
|-status|p1b: Kingambit|slp|[from] move: Hypnosis
|cant|p1b: Kingambit|slp
|
|-heal|p2a: Politoed|46/100|[from] item: Leftovers
|upkeep
|turn|8
|
|t:|1757209145
|-terastallize|p1b: Kingambit|Dark
|-curestatus|p1b: Kingambit|slp|[msg]
|move|p1b: Kingambit|Sucker Punch|p2b: Maushold
|-damage|p2b: Maushold|0 fnt
|faint|p2b: Maushold
|move|p2a: Politoed|Muddy Water|p1b: Kingambit
|-damage|p1b: Kingambit|35/100
|
|-heal|p2a: Politoed|52/100|[from] item: Leftovers
|upkeep
|
|t:|1757209153
|switch|p2b: Archaludon|Archaludon, L50, M, tera:Grass|18/100 psn
|turn|9
|
|t:|1757209162
|move|p1b: Kingambit|Sucker Punch|p2b: Archaludon
|-damage|p2b: Archaludon|0 fnt
|faint|p2b: Archaludon
|move|p2a: Politoed|Muddy Water|p1b: Kingambit
|-damage|p1b: Kingambit|10/100
|
|-heal|p2a: Politoed|58/100|[from] item: Leftovers
|upkeep
|turn|10
|
|t:|1757209170
|move|p2a: Politoed|Protect|p2a: Politoed
|-singleturn|p2a: Politoed|Protect
|move|p1b: Kingambit|Protect||[still]
|-fail|p1b: Kingambit
|
|-heal|p2a: Politoed|64/100|[from] item: Leftovers
|upkeep
|turn|11
|
|t:|1757209179
|move|p1b: Kingambit|Sucker Punch|p2a: Politoed
|-damage|p2a: Politoed|5/100
|move|p2a: Politoed|Muddy Water|p1b: Kingambit
|-damage|p1b: Kingambit|0 fnt
|faint|p1b: Kingambit
|
|win|edhen
||edhen is ready for game 2.
