|j|☆j0el_02
|j|☆PieroGT4
|html|j0el_02PieroGT4    
|uhtml|bestof|Game 2 of a best-of-3
|t:|1782406818
|gametype|doubles
|player|p1|j0el_02|265|1084
|player|p2|PieroGT4|1|1053
|gen|9
|tier|[Gen 9 Champions] VGC 2026 Reg M-B (Bo3)
|rated|
|rule|Species Clause: Limit one of each Pokémon
|rule|Item Clause: Limit 1 of each item
|clearpoke
|poke|p1|Sylveon, L50, M, shiny|
|poke|p1|Oranguru, L50, F|
|poke|p1|Charizard, L50, F|
|poke|p1|Swampert, L50, F|
|poke|p1|Sinistcha, L50|
|poke|p1|Excadrill, L50, M|
|poke|p2|Metagross, L50|
|poke|p2|Hydreigon, L50, F|
|poke|p2|Pelipper, L50, F|
|poke|p2|Floette-Eternal, L50, F|
|poke|p2|Incineroar, L50, F|
|poke|p2|Sinistcha, L50|
|teampreview|4
|showteam|p1|Sylveon||FairyFeather|Pixilate|HyperBeam,QuickAttack,Detect,HyperVoice|Quiet||M|||50|]Oranguru||BabiriBerry|InnerFocus|Psychic,RainDance,TrickRoom,Instruct|Relaxed||F|||50|]Charizard||CharizarditeY|SolarPower|HeatWave,WeatherBall,Protect,SolarBeam|Modest||F|||50|]Swampert||Swampertite|Torrent|WaveCrash,FlipTurn,BodyPress,Protect|Adamant||F|||50|]Sinistcha||Leftovers|Hospitality|TrickRoom,MatchaGotcha,Reflect,RagePowder|Quiet|||||50|]Excadrill||FocusSash|MoldBreaker|Earthquake,IronHead,RockBlast,Protect|Adamant||M|||50|
|showteam|p2|Metagross||Metagrossite|ClearBody|IronHead,PsychicFangs,IcePunch,Protect|Jolly|||||50|]Hydreigon||ChoiceScarf|Levitate|DarkPulse,DracoMeteor,Flamethrower,Snarl|Modest||F|||50|]Pelipper||FocusSash|Drizzle|Hurricane,WeatherBall,Tailwind,Protect|Modest||F|||50|]Floette-Eternal||Floettite|FlowerVeil|Moonblast,DazzlingGleam,CalmMind,Protect|Modest||F|||50|]Incineroar||PasshoBerry|Intimidate|ThroatChop,FlareBlitz,FakeOut,PartingShot|Impish||F|||50|]Sinistcha||KasibBerry|Hospitality|RagePowder,MatchaGotcha,TrickRoom,Protect|Bold|||||50|
|inactive|Battle timer is ON: inactive players will automatically lose when time's up. (requested by PieroGT4)
|inactive|j0el_02 has 60 seconds left.
|inactive|PieroGT4 has 60 seconds left.
|
|t:|1782406868
|teamsize|p1|4
|teamsize|p2|4
|start
|switch|p1a: Oranguru|Oranguru, L50, F|100/100
|switch|p1b: Sylveon|Sylveon, L50, M, shiny|100/100
|switch|p2a: Floette|Floette-Eternal, L50, F|100/100
|switch|p2b: Hydreigon|Hydreigon, L50, F|100/100
|turn|1
|
|t:|1782406887
|switch|p2b: Incineroar|Incineroar, L50, F|100/100
|-ability|p2b: Incineroar|Intimidate|boost
|-fail|p1a: Oranguru|unboost|Attack|[from] ability: Inner Focus|[of] p1a: Oranguru
|-unboost|p1b: Sylveon|atk|1
|detailschange|p2a: Floette|Floette-Mega, L50, F
|-mega|p2a: Floette|Floette|Floettite
|-ability|p2a: Floette|Fairy Aura
|move|p1b: Sylveon|Detect|p1b: Sylveon
|-singleturn|p1b: Sylveon|Protect
|move|p2a: Floette|Calm Mind|p2a: Floette
|-boost|p2a: Floette|spa|1
|-boost|p2a: Floette|spd|1
|move|p1a: Oranguru|Trick Room|p1a: Oranguru
|-fieldstart|move: Trick Room|[of] p1a: Oranguru
|
|upkeep
|turn|2
|inactive|j0el_02 has 30 seconds left.
|inactive|PieroGT4 has 30 seconds left.
|
|t:|1782406921
|switch|p1b: Swampert|Swampert, L50, F|100/100
|move|p2b: Incineroar|Fake Out|p1a: Oranguru
|-damage|p1a: Oranguru|89/100
|move|p1a: Oranguru|Rain Dance|p1a: Oranguru
|-weather|RainDance
|move|p2a: Floette|Moonblast|p1b: Swampert
|-damage|p1b: Swampert|0 fnt
|faint|p1b: Swampert
|
|-weather|RainDance|[upkeep]
|upkeep
|
|t:|1782406937
|switch|p1b: Excadrill|Excadrill, L50, M|100/100
|-ability|p1b: Excadrill|Mold Breaker
|turn|3
|
|t:|1782406956
|switch|p2b: Sinistcha|Sinistcha, L50|100/100
|move|p2a: Floette|Protect|p2a: Floette
|-singleturn|p2a: Floette|Protect
|move|p1a: Oranguru|Instruct||[still]
|-fail|p1a: Oranguru
|move|p1b: Excadrill|Earthquake|p2b: Sinistcha|[spread] p1a,p2b
|-activate|p2a: Floette|move: Protect
|-resisted|p2b: Sinistcha|1
|-damage|p1a: Oranguru|49/100
|-damage|p2b: Sinistcha|84/100
|
|-weather|RainDance|[upkeep]
|upkeep
|turn|4
|inactive|j0el_02 has 30 seconds left.
|
|t:|1782406987
|move|p2b: Sinistcha|Rage Powder|p2b: Sinistcha
|-singleturn|p2b: Sinistcha|move: Rage Powder
|move|p1a: Oranguru|Instruct|p2b: Sinistcha
|-singleturn|p2b: Sinistcha|move: Instruct|[of] p1a: Oranguru
|move|p2b: Sinistcha|Rage Powder||[still]
|-fail|p2b: Sinistcha
|move|p1b: Excadrill|Iron Head|p2b: Sinistcha
|-damage|p2b: Sinistcha|48/100
|move|p2a: Floette|Moonblast|p1b: Excadrill
|-resisted|p1b: Excadrill|1
|-damage|p1b: Excadrill|31/100
|
|-weather|RainDance|[upkeep]
|upkeep
|turn|5
|
|t:|1782407006
|switch|p2b: Incineroar|Incineroar, L50, F|100/100
|-ability|p2b: Incineroar|Intimidate|boost
|-fail|p1a: Oranguru|unboost|Attack|[from] ability: Inner Focus|[of] p1a: Oranguru
|-unboost|p1b: Excadrill|atk|1
|move|p2a: Floette|Protect|p2a: Floette
|-singleturn|p2a: Floette|Protect
|move|p1a: Oranguru|Psychic|p2b: Incineroar
|-immune|p2b: Incineroar
|move|p1b: Excadrill|Iron Head|p2a: Floette
|-activate|p2a: Floette|move: Protect
|
|-weather|RainDance|[upkeep]
|-fieldend|move: Trick Room
|upkeep
|turn|6
|inactive|j0el_02 has 30 seconds left.
|
|t:|1782407031
|move|p1b: Excadrill|Protect|p1b: Excadrill
|-singleturn|p1b: Excadrill|Protect
|move|p2b: Incineroar|Fake Out|p1a: Oranguru
|-damage|p1a: Oranguru|38/100
|move|p2a: Floette|Dazzling Gleam|p1a: Oranguru|[spread] p1a
|-activate|p1b: Excadrill|move: Protect
|-damage|p1a: Oranguru|0 fnt
|faint|p1a: Oranguru
|
|-weather|none
|upkeep
|
|t:|1782407036
|switch|p1a: Sylveon|Sylveon, L50, M, shiny|100/100
|turn|7
|inactive|PieroGT4 has 30 seconds left.
|
|t:|1782407063
|move|p2a: Floette|Moonblast|p1b: Excadrill
|-resisted|p1b: Excadrill|1
|-damage|p1b: Excadrill|0 fnt
|faint|p1b: Excadrill
|move|p2b: Incineroar|Parting Shot|p1a: Sylveon
|-unboost|p1a: Sylveon|atk|1
|-unboost|p1a: Sylveon|spa|1
|
|t:|1782407070
|switch|p2b: Sinistcha|Sinistcha, L50|48/100|[from] Parting Shot
|move|p1a: Sylveon|Hyper Beam|p2b: Sinistcha
|-damage|p2b: Sinistcha|0 fnt
|-mustrecharge|p1a: Sylveon
|faint|p2b: Sinistcha
|
|upkeep
|
|t:|1782407078
|switch|p2b: Hydreigon|Hydreigon, L50, F|100/100
|turn|8
|
|t:|1782407086
|move|p2b: Hydreigon|Snarl|p1a: Sylveon
|-resisted|p1a: Sylveon|1
|-damage|p1a: Sylveon|88/100
|-unboost|p1a: Sylveon|spa|1
|move|p2a: Floette|Moonblast|p1a: Sylveon
|-damage|p1a: Sylveon|2/100
|cant|p1a: Sylveon|recharge
|
|upkeep
|turn|9
|
|t:|1782407097
|move|p2b: Hydreigon|Snarl|p1a: Sylveon
|-resisted|p1a: Sylveon|1
|-damage|p1a: Sylveon|0 fnt
|faint|p1a: Sylveon
|
|win|PieroGT4
|raw|j0el_02's rating: 1084 → 1059(-25 for losing)
|raw|PieroGT4's rating: 1053 → 1088(+35 for winning)
