|j|☆WarlogFV
|j|☆Autumnal Rein
|html|WarlogFVAutumnal Rein    
|uhtml|bestof|Game 3 of a best-of-3
|t:|1782490399
|gametype|doubles
|player|p1|WarlogFV|erika|
|player|p2|Autumnal Rein|lusamine-nihilego|
|gen|9
|tier|[Gen 9 Champions] VGC 2026 Reg M-B (Bo3)
|rule|Species Clause: Limit one of each Pokémon
|rule|Item Clause: Limit 1 of each item
|clearpoke
|poke|p1|Tyranitar, L50, F|
|poke|p1|Delphox, L50, M|
|poke|p1|Excadrill, L50, F|
|poke|p1|Sneasler, L50, F|
|poke|p1|Rotom-Wash, L50|
|poke|p1|Corviknight, L50, F|
|poke|p2|Swampert, L50, M|
|poke|p2|Pelipper, L50, M, shiny|
|poke|p2|Archaludon, L50, F|
|poke|p2|Basculegion, L50, M|
|poke|p2|Metagross, L50|
|poke|p2|Grimmsnarl, L50, M|
|teampreview|4
|showteam|p1|Tyranitar||Tyranitarite|SandStream|RockSlide,KnockOff,LowKick,Protect|Adamant||F|||50|]Delphox||Delphoxite|Blaze|Psychic,HeatWave,Encore,Protect|Timid||M|||50|]Excadrill||FocusSash|SandRush|Earthquake,IronHead,RockSlide,Protect|Jolly||F|||50|]Sneasler||WhiteHerb|Unburden|CloseCombat,GunkShot,FakeOut,Protect|Jolly||F|||50|]Rotom-Wash||ChoiceScarf|Levitate|HydroPump,Thunderbolt,VoltSwitch,Electroweb|Timid|||||50|]Corviknight||Leftovers|MirrorArmor|BraveBird,IronHead,Tailwind,Roost|Adamant||F|||50|
|showteam|p2|Swampert||Swampertite|Torrent|Protect,WaveCrash,Earthquake,IcePunch|Adamant||M|||50|]Pelipper||FocusSash|Drizzle|Protect,WideGuard,Tailwind,Hurricane|Timid||M|||50|]Archaludon||Leftovers|Stamina|Protect,ElectroShot,DracoMeteor,FlashCannon|Modest||F|||50|]Basculegion||ChoiceScarf|Adaptability|WaveCrash,AquaJet,FlipTurn,LastRespects|Jolly||M|||50|]Metagross||Metagrossite|ClearBody|Protect,BulletPunch,PsychicFangs,IronHead|Adamant|||||50|]Grimmsnarl||LightClay|Prankster|Reflect,LightScreen,PartingShot,SpiritBreak|Careful||M|||50|
|inactive|Battle timer is ON: inactive players will automatically lose when time's up. (requested by WarlogFV)
|j| jpievgc
|j| RadiantSteelix
|j| WahlbandHutsassa
|j| the gong lady
|inactive|Autumnal Rein has 60 seconds left.
|l| jpievgc
|inactive|Autumnal Rein has 30 seconds left.
|inactive|Autumnal Rein has 20 seconds left.
|
|t:|1782490478
|teamsize|p1|4
|teamsize|p2|4
|start
|switch|p1a: Rotom|Rotom-Wash, L50|100/100
|switch|p1b: Sneasler|Sneasler, L50, F|100/100
|switch|p2a: fih|Basculegion, L50, M|100/100
|switch|p2b: grimmothy|Grimmsnarl, L50, M|100/100
|turn|1
|j| Coldflame2802
|inactive|Autumnal Rein has 30 seconds left.
|j| jpievgc
|inactive|Autumnal Rein has 20 seconds left.
|inactive|Autumnal Rein has 15 seconds left.
|inactive|Autumnal Rein has 10 seconds left.
|
|t:|1782490525
|move|p2b: grimmothy|Reflect|p2b: grimmothy
|-sidestart|p2: Autumnal Rein|Reflect
|move|p1a: Rotom|Hydro Pump|p2a: fih
|-resisted|p2a: fih|1
|-damage|p2a: fih|71/100
|move|p2a: fih|Flip Turn|p1b: Sneasler
|-damage|p1b: Sneasler|36/100
|
|t:|1782490535
|switch|p2a: jet the hawk|Pelipper, L50, M, shiny|100/100|[from] Flip Turn
|-weather|RainDance|[from] ability: Drizzle|[of] p2a: jet the hawk
|move|p1b: Sneasler|Gunk Shot|p2b: grimmothy|[miss]
|-miss|p1b: Sneasler|p2b: grimmothy
|
|-weather|RainDance|[upkeep]
|upkeep
|turn|2
|
|t:|1782490555
|switch|p1a: Tyranitar|Tyranitar, L50, F|100/100
|-weather|Sandstorm|[from] ability: Sand Stream|[of] p1a: Tyranitar
|move|p1b: Sneasler|Protect|p1b: Sneasler
|-singleturn|p1b: Sneasler|Protect
|move|p2b: grimmothy|Parting Shot|p1a: Tyranitar
|-hint|Since gen 7, Dark is immune to Prankster moves.
|-immune|p1a: Tyranitar
|move|p2a: jet the hawk|Tailwind|p2a: jet the hawk
|-sidestart|p2: Autumnal Rein|move: Tailwind
|
|-weather|Sandstorm|[upkeep]
|-damage|p2a: jet the hawk|94/100|[from] Sandstorm
|-damage|p1b: Sneasler|30/100|[from] Sandstorm
|-damage|p2b: grimmothy|94/100|[from] Sandstorm
|upkeep
|turn|3
|inactive|WarlogFV has 30 seconds left.
|inactive|Autumnal Rein has 30 seconds left.
|inactive|WarlogFV has 20 seconds left.
|inactive|WarlogFV has 15 seconds left.
|inactive|WarlogFV has 10 seconds left.
|
|t:|1782490603
|move|p2a: jet the hawk|Protect|p2a: jet the hawk
|-singleturn|p2a: jet the hawk|Protect
|move|p1b: Sneasler|Close Combat|p2a: jet the hawk
|-activate|p2a: jet the hawk|move: Protect
|move|p2b: grimmothy|Spirit Break|p1a: Tyranitar
|-supereffective|p1a: Tyranitar|1
|-damage|p1a: Tyranitar|53/100
|-unboost|p1a: Tyranitar|spa|1
|move|p1a: Tyranitar|Knock Off|p2a: jet the hawk
|-activate|p2a: jet the hawk|move: Protect
|
|-weather|Sandstorm|[upkeep]
|-damage|p2a: jet the hawk|88/100|[from] Sandstorm
|-damage|p1b: Sneasler|24/100|[from] Sandstorm
|-damage|p2b: grimmothy|88/100|[from] Sandstorm
|upkeep
|turn|4
|inactive|Autumnal Rein has 30 seconds left.
|inactive|Autumnal Rein has 20 seconds left.
|
|t:|1782490641
|detailschange|p1a: Tyranitar|Tyranitar-Mega, L50, F
|-mega|p1a: Tyranitar|Tyranitar|Tyranitarite
|move|p2a: jet the hawk|Hurricane|p1b: Sneasler
|-supereffective|p1b: Sneasler|1
|-damage|p1b: Sneasler|0 fnt
|faint|p1b: Sneasler
|move|p2b: grimmothy|Spirit Break|p1a: Tyranitar
|-supereffective|p1a: Tyranitar|1
|-damage|p1a: Tyranitar|15/100
|-unboost|p1a: Tyranitar|spa|1
|move|p1a: Tyranitar|Rock Slide|p2a: jet the hawk|[spread] p2a,p2b
|-supereffective|p2a: jet the hawk|1
|-damage|p2a: jet the hawk|23/100
|-damage|p2b: grimmothy|64/100
|
|-weather|Sandstorm|[upkeep]
|-damage|p2a: jet the hawk|17/100|[from] Sandstorm
|-damage|p2b: grimmothy|58/100|[from] Sandstorm
|upkeep
|
|t:|1782490650
|switch|p1b: Excadrill|Excadrill, L50, F|100/100
|turn|5
|
|t:|1782490661
|switch|p2a: jersey butter|Swampert, L50, M|100/100
|move|p2b: grimmothy|Parting Shot|p1b: Excadrill
|-unboost|p1b: Excadrill|atk|1
|-unboost|p1b: Excadrill|spa|1
|
|t:|1782490666
|switch|p2b: jet the hawk|Pelipper, L50, M, shiny|17/100|[from] Parting Shot
|-weather|RainDance|[from] ability: Drizzle|[of] p2b: jet the hawk
|move|p1b: Excadrill|Iron Head|p2b: jet the hawk
|-resisted|p2b: jet the hawk|1
|-damage|p2b: jet the hawk|3/100
|move|p1a: Tyranitar|Knock Off|p2b: jet the hawk
|-damage|p2b: jet the hawk|0 fnt
|-enditem|p2b: jet the hawk|Focus Sash|[from] move: Knock Off|[of] p1a: Tyranitar
|faint|p2b: jet the hawk
|
|-weather|RainDance|[upkeep]
|-sideend|p2: Autumnal Rein|move: Tailwind
|upkeep
|
|t:|1782490677
|switch|p2b: fih|Basculegion, L50, M|71/100
|turn|6
|
|t:|1782490695
|switch|p1a: Rotom|Rotom-Wash, L50|100/100
|detailschange|p2a: jersey butter|Swampert-Mega, L50, M
|-mega|p2a: jersey butter|Swampert|Swampertite
|move|p2a: jersey butter|Wave Crash|p1b: Excadrill
|-supereffective|p1b: Excadrill|1
|-enditem|p1b: Excadrill|Focus Sash
|-damage|p1b: Excadrill|1/100
|-damage|p2a: jersey butter|65/100|[from] Recoil
|move|p2b: fih|Flip Turn|p1a: Rotom
|-resisted|p1a: Rotom|1
|-damage|p1a: Rotom|63/100
|
|t:|1782490705
|switch|p2b: grimmothy|Grimmsnarl, L50, M|58/100|[from] Flip Turn
|move|p1b: Excadrill|Earthquake|p2b: grimmothy|[spread] p2a,p2b
|-immune|p1a: Rotom|[from] ability: Levitate
|-damage|p2a: jersey butter|49/100
|-damage|p2b: grimmothy|41/100
|
|-weather|RainDance|[upkeep]
|upkeep
|turn|7
|inactive|Autumnal Rein has 30 seconds left.
|
|t:|1782490733
|move|p1b: Excadrill|Protect|p1b: Excadrill
|-singleturn|p1b: Excadrill|Protect
|move|p2b: grimmothy|Parting Shot|p1a: Rotom
|-unboost|p1a: Rotom|atk|1
|-unboost|p1a: Rotom|spa|1
|
|t:|1782490738
|switch|p2b: fih|Basculegion, L50, M|71/100|[from] Parting Shot
|move|p2a: jersey butter|Wave Crash|p1b: Excadrill
|-activate|p1b: Excadrill|move: Protect
|move|p1a: Rotom|Volt Switch|p2b: fih
|-supereffective|p2b: fih|1
|-damage|p2b: fih|25/100
|
|t:|1782490745
|switch|p1a: Tyranitar|Tyranitar-Mega, L50, F|15/100|[from] Volt Switch
|-weather|Sandstorm|[from] ability: Sand Stream|[of] p1a: Tyranitar
|
|-weather|Sandstorm|[upkeep]
|-damage|p2b: fih|19/100|[from] Sandstorm
|upkeep
|turn|8
|
|t:|1782490756
|switch|p1b: Rotom|Rotom-Wash, L50|63/100
|move|p1a: Tyranitar|Protect|p1a: Tyranitar
|-singleturn|p1a: Tyranitar|Protect
|move|p2b: fih|Aqua Jet|p1b: Rotom
|-resisted|p1b: Rotom|1
|-damage|p1b: Rotom|45/100
|move|p2a: jersey butter|Wave Crash|p1a: Tyranitar
|-activate|p1a: Tyranitar|move: Protect
|
|-weather|Sandstorm|[upkeep]
|-damage|p1b: Rotom|40/100|[from] Sandstorm
|-damage|p2b: fih|13/100|[from] Sandstorm
|-sideend|p2: Autumnal Rein|Reflect
|upkeep
|turn|9
|
|t:|1782490780
|move|p2b: fih|Aqua Jet|p1a: Tyranitar
|-supereffective|p1a: Tyranitar|1
|-damage|p1a: Tyranitar|0 fnt
|faint|p1a: Tyranitar
|move|p1b: Rotom|Hydro Pump|p2a: jersey butter
|-damage|p2a: jersey butter|4/100
|move|p2a: jersey butter|Wave Crash|p1b: Rotom
|-resisted|p1b: Rotom|1
|-damage|p1b: Rotom|0 fnt
|faint|p1b: Rotom
|-damage|p2a: jersey butter|0 fnt|[from] Recoil
|faint|p2a: jersey butter
|
|-weather|Sandstorm|[upkeep]
|-damage|p2b: fih|7/100|[from] Sandstorm
|upkeep
|c|☆WarlogFV|gg
|
|t:|1782490789
|switch|p1b: Excadrill|Excadrill, L50, F|1/100
|switch|p2a: grimmothy|Grimmsnarl, L50, M|41/100
|turn|10
|
|t:|1782490801
|move|p2b: fih|Aqua Jet|p1b: Excadrill
|-supereffective|p1b: Excadrill|1
|-damage|p1b: Excadrill|0 fnt
|faint|p1b: Excadrill
|
|win|Autumnal Rein
|c|☆Autumnal Rein|ggs
|c|☆WarlogFV|do u mind if u post replays?
|l| jpievgc
|l| RadiantSteelix
|c|☆WarlogFV|i gotta go get ready for my prom lol
|c|☆Autumnal Rein|will do
|l| Coldflame2802
|c|☆Autumnal Rein|have a good time
|c|☆WarlogFV|cheers tysm
|l| WahlbandHutsassa
|l|☆WarlogFV
|player|p1|
|j| FBIsurveillanceman
|l| FBIsurveillanceman
