|j|☆Harry Hard TR
|j|☆pom123123123
|html|Harry Hard TRpom123123123    
|uhtml|bestof|Game 3 of a best-of-3
|t:|1785475303
|gametype|doubles
|player|p1|Harry Hard TR|lass-gen8|1146
|player|p2|pom123123123|wattson|1127
|gen|9
|tier|[Gen 9 Champions] VGC 2026 Reg M-B (Bo3)
|rated|
|rule|Species Clause: Limit one of each Pokémon
|rule|Item Clause: Limit 1 of each item
|clearpoke
|poke|p1|Gardevoir, L50, F|
|poke|p1|Meowstic, L50, M|
|poke|p1|Archaludon, L50, M|
|poke|p1|Pelipper, L50, M|
|poke|p1|Zoroark-Hisui, L50, F|
|poke|p1|Swampert, L50, M|
|poke|p2|Gengar, L50, M|
|poke|p2|Archaludon, L50, M|
|poke|p2|Politoed, L50, M|
|poke|p2|Swampert, L50, M|
|poke|p2|Vivillon, L50, M|
|poke|p2|Incineroar, L50, M|
|teampreview|4
|showteam|p1|Gardevoir||Gardevoirite|Synchronize|Protect,HyperVoice,ExpandingForce,AuraSphere|Modest||F|||50|]Meowstic||LightClay|Prankster|PsychicNoise,PsychicTerrain,LightScreen,Reflect|Bold||M|||50|]Archaludon||Leftovers|Stamina|Protect,DragonPulse,FlashCannon,ElectroShot|Calm||M|||50|]Pelipper||SitrusBerry|Drizzle|WideGuard,WeatherBall,Hurricane,Tailwind|Bold||M|||50|]Zoroark-Hisui||FocusSash|Illusion|Protect,BitterMalice,IcyWind,Taunt|Timid||F|||50|]Swampert||Swampertite|Torrent|Protect,WaveCrash,Earthquake,IcePunch|Adamant||M|||50|
|showteam|p2|Gengar||Gengarite|CursedBody|ShadowBall,SludgeBomb,PerishSong,Protect|Modest||M|||50|]Archaludon||Leftovers|Stamina|ElectroShot,DragonPulse,FlashCannon,Protect|Bold||M|||50|]Politoed||SitrusBerry|Drizzle|WeatherBall,Hypnosis,PerishSong,Protect|Calm||M|||50|]Swampert||Swampertite|Torrent|WaveCrash,Earthquake,IcePunch,Protect|Adamant||M|||50|]Vivillon||FocusSash|CompoundEyes|Hurricane,SleepPowder,RagePowder,Protect|Timid||M|||50|]Incineroar||PasshoBerry|Intimidate|ThroatChop,FakeOut,PartingShot,Protect|Impish||M|||50|
|inactive|Battle timer is ON: inactive players will automatically lose when time's up. (requested by pom123123123)
|
|t:|1785475328
|teamsize|p1|4
|teamsize|p2|4
|start
|switch|p1a: Pelipper|Pelipper, L50, M|100/100
|switch|p1b: Swampert|Swampert, L50, M|100/100
|switch|p2a: Swampert|Swampert, L50, M|100/100
|switch|p2b: Politoed|Politoed, L50, M|100/100
|-weather|RainDance|[from] ability: Drizzle|[of] p2b: Politoed
|turn|1
|
|t:|1785475348
|detailschange|p2a: Swampert|Swampert-Mega, L50, M
|-mega|p2a: Swampert|Swampert|Swampertite
|move|p2a: Swampert|Wave Crash|p1a: Pelipper
|-resisted|p1a: Pelipper|1
|-damage|p1a: Pelipper|40/100
|-enditem|p1a: Pelipper|Sitrus Berry|[eat]
|-heal|p1a: Pelipper|65/100|[from] item: Sitrus Berry
|-damage|p2a: Swampert|81/100|[from] Recoil
|move|p1b: Swampert|Taunt|p2b: Politoed
|-start|p2b: Politoed|move: Taunt
|move|p1a: Pelipper|Tailwind|p1a: Pelipper
|-sidestart|p1: Harry Hard TR|move: Tailwind
|move|p2b: Politoed|Weather Ball|p1a: Pelipper
|-resisted|p1a: Pelipper|1
|-damage|p1a: Pelipper|39/100
|
|-weather|RainDance|[upkeep]
|upkeep
|turn|2
|
|t:|1785475373
|move|p1b: Swampert|Bitter Malice|p2a: Swampert
|-damage|p2a: Swampert|46/100
|-unboost|p2a: Swampert|atk|1
|move|p2a: Swampert|Wave Crash|p1a: Pelipper
|-resisted|p1a: Pelipper|1
|-damage|p1a: Pelipper|3/100
|-damage|p2a: Swampert|35/100|[from] Recoil
|move|p1a: Pelipper|Weather Ball|p2a: Swampert
|-damage|p2a: Swampert|0 fnt
|faint|p2a: Swampert
|move|p2b: Politoed|Weather Ball|p1b: Swampert
|-damage|p1b: Swampert|8/100
|replace|p1b: Zoroark|Zoroark-Hisui, L50, F
|-end|p1b: Zoroark|Illusion
|
|-weather|RainDance|[upkeep]
|upkeep
|
|t:|1785475382
|switch|p2a: Archaludon|Archaludon, L50, M|100/100
|turn|3
|
|t:|1785475398
|move|p1b: Zoroark|Bitter Malice|p2b: Politoed
|-damage|p2b: Politoed|70/100
|-unboost|p2b: Politoed|atk|1
|move|p1a: Pelipper|Hurricane|p2b: Politoed
|-damage|p2b: Politoed|42/100
|-start|p2b: Politoed|confusion
|-enditem|p2b: Politoed|Sitrus Berry|[eat]
|-heal|p2b: Politoed|67/100|[from] item: Sitrus Berry
|move|p2a: Archaludon|Electro Shot||[still]
|-prepare|p2a: Archaludon|Electro Shot
|-boost|p2a: Archaludon|spa|1
|-anim|p2a: Archaludon|Electro Shot|p1b: Zoroark
|-damage|p1b: Zoroark|0 fnt
|faint|p1b: Zoroark
|-activate|p2b: Politoed|confusion
|-damage|p2b: Politoed|63/100|[from] confusion
|
|-weather|RainDance|[upkeep]
|-end|p2b: Politoed|move: Taunt
|upkeep
|
|t:|1785475406
|switch|p1b: Swampert|Swampert, L50, M|100/100
|turn|4
|
|t:|1785475423
|switch|p2b: Incineroar|Incineroar, L50, M|100/100
|-ability|p2b: Incineroar|Intimidate|boost
|-unboost|p1a: Pelipper|atk|1
|-unboost|p1b: Swampert|atk|1
|detailschange|p1b: Swampert|Swampert-Mega, L50, M
|-mega|p1b: Swampert|Swampert|Swampertite
|move|p1b: Swampert|Earthquake|p2a: Archaludon|[spread] p2a,p2b
|-immune|p1a: Pelipper
|-supereffective|p2a: Archaludon|1
|-supereffective|p2b: Incineroar|1
|-damage|p2a: Archaludon|59/100
|-damage|p2b: Incineroar|48/100
|-ability|p2a: Archaludon|Stamina|boost
|-boost|p2a: Archaludon|def|1
|move|p1a: Pelipper|Hurricane|p2b: Incineroar
|-damage|p2b: Incineroar|15/100
|move|p2a: Archaludon|Electro Shot||[still]
|-prepare|p2a: Archaludon|Electro Shot
|-boost|p2a: Archaludon|spa|1
|-anim|p2a: Archaludon|Electro Shot|p1a: Pelipper
|-supereffective|p1a: Pelipper|2
|-damage|p1a: Pelipper|0 fnt
|faint|p1a: Pelipper
|
|-weather|RainDance|[upkeep]
|-heal|p2a: Archaludon|65/100|[from] item: Leftovers
|-sideend|p1: Harry Hard TR|move: Tailwind
|upkeep
|
|t:|1785475429
|switch|p1a: Archaludon|Archaludon, L50, M|100/100
|turn|5
|inactive|Harry Hard TR has 30 seconds left.
|inactive|pom123123123 has 30 seconds left.
|inactive|pom123123123 has 20 seconds left.
|inactive|pom123123123 has 15 seconds left.
|l|☆pom123123123
|inactive|pom123123123 disconnected and has a minute to reconnect!
|player|p2|
|inactive|pom123123123 has 10 seconds left.
|inactive|pom123123123 has 5 seconds left.
|-message|pom123123123 lost due to inactivity.
|
|win|Harry Hard TR
|raw|Harry Hard TR's rating: 1146 → 1170(+24 for winning)
|raw|pom123123123's rating: 1127 → 1103(-24 for losing)
