|j|☆thebeast4895
|j|☆Drakalox51
|html|thebeast4895Drakalox51    
|uhtml|bestof|Game 2 of a best-of-3
|t:|1785264448
|gametype|doubles
|player|p1|thebeast4895|101|1160
|player|p2|Drakalox51|2|1126
|gen|9
|tier|[Gen 9 Champions] VGC 2026 Reg M-B (Bo3)
|rated|
|rule|Species Clause: Limit one of each Pokémon
|rule|Item Clause: Limit 1 of each item
|clearpoke
|poke|p1|Pelipper, L50, M|
|poke|p1|Swampert, L50, F|
|poke|p1|Tyranitar, L50, M|
|poke|p1|Sneasler, L50, F, shiny|
|poke|p1|Hydreigon, L50, M, shiny|
|poke|p1|Sinistcha, L50, shiny|
|poke|p2|Charizard, L50, M|
|poke|p2|Whimsicott, L50, M|
|poke|p2|Ninetales-Alola, L50, F|
|poke|p2|Kingambit, L50, M|
|poke|p2|Glimmora, L50, F|
|poke|p2|Kommo-o, L50, M|
|teampreview|4
|showteam|p1|Pelipper||FocusSash|Drizzle|Protect,Hurricane,WeatherBall,Tailwind|Modest||M|||50|]Swampert||Swampertite|Torrent|Protect,IcePunch,WaveCrash,Earthquake|Adamant||F|||50|]Tyranitar||Tyranitarite|SandStream|Protect,LowKick,RockSlide,KnockOff|Adamant||M|||50|]Sneasler||WhiteHerb|Unburden|FakeOut,CloseCombat,DireClaw,Protect|Jolly||F|||50|]Hydreigon||ChoiceScarf|Levitate|DracoMeteor,DarkPulse,Snarl,EarthPower|Modest||M|||50|]Sinistcha||ColburBerry|Hospitality|Protect,MatchaGotcha,RagePowder,TrickRoom|Modest|||||50|
|showteam|p2|Charizard||CharizarditeY|Blaze|HeatWave,WeatherBall,SolarBeam,Protect|Modest||M|||50|]Whimsicott||FocusSash|Prankster|Moonblast,Encore,Tailwind,Protect|Timid||M|||50|]Ninetales-Alola||NeverMeltIce|SnowWarning|Blizzard,FreezeDry,Disable,Protect|Timid||F|||50|]Kingambit||BlackGlasses|Defiant|SuckerPunch,KowtowCleave,IronHead,Protect|Adamant||M|||50|]Glimmora||Glimmoranite|ToxicDebris|SludgeBomb,PowerGem,EarthPower,SpikyShield|Modest||F|||50|]Kommo-o||LifeOrb|Overcoat|ClangingScales,AuraSphere,VacuumWave,Protect|Modest||M|||50|
|j| bigbotboi
|inactive|Battle timer is ON: inactive players will automatically lose when time's up. (requested by Drakalox51)
|inactive|thebeast4895 has 60 seconds left.
|
|t:|1785264531
|teamsize|p1|4
|teamsize|p2|4
|start
|switch|p1a: Sneasler|Sneasler, L50, F, shiny|100/100
|switch|p1b: Swampert|Swampert, L50, F|100/100
|switch|p2a: Charizard|Charizard, L50, M|100/100
|switch|p2b: Kommo-o|Kommo-o, L50, M|100/100
|turn|1
|
|t:|1785264549
|detailschange|p1b: Swampert|Swampert-Mega, L50, F
|-mega|p1b: Swampert|Swampert|Swampertite
|move|p2b: Kommo-o|Protect|p2b: Kommo-o
|-singleturn|p2b: Kommo-o|Protect
|move|p2a: Charizard|Protect|p2a: Charizard
|-singleturn|p2a: Charizard|Protect
|move|p1a: Sneasler|Fake Out|p2a: Charizard
|-activate|p2a: Charizard|move: Protect
|move|p1b: Swampert|Ice Punch|p2b: Kommo-o
|-activate|p2b: Kommo-o|move: Protect
|
|upkeep
|turn|2
|
|t:|1785264570
|detailschange|p2a: Charizard|Charizard-Mega-Y, L50, M
|-mega|p2a: Charizard|Charizard|Charizardite Y
|-weather|SunnyDay|[from] ability: Drought|[of] p2a: Charizard
|move|p1b: Swampert|Protect|p1b: Swampert
|-singleturn|p1b: Swampert|Protect
|move|p1a: Sneasler|Close Combat|p2b: Kommo-o
|-damage|p2b: Kommo-o|36/100
|-unboost|p1a: Sneasler|def|1
|-unboost|p1a: Sneasler|spd|1
|-enditem|p1a: Sneasler|White Herb
|-clearnegativeboost|p1a: Sneasler|[silent]
|move|p2b: Kommo-o|Aura Sphere|p1a: Sneasler
|-resisted|p1a: Sneasler|1
|-damage|p1a: Sneasler|66/100
|-damage|p2b: Kommo-o|26/100|[from] item: Life Orb
|move|p2a: Charizard|Solar Beam||[still]
|-prepare|p2a: Charizard|Solar Beam
|-anim|p2a: Charizard|Solar Beam|p1b: Swampert
|-activate|p1b: Swampert|move: Protect
|
|-weather|SunnyDay|[upkeep]
|upkeep
|turn|3
|inactive|thebeast4895 has 30 seconds left.
|inactive|Drakalox51 has 30 seconds left.
|
|t:|1785264607
|switch|p1a: Pelipper|Pelipper, L50, M|100/100
|-weather|RainDance|[from] ability: Drizzle|[of] p1a: Pelipper
|switch|p2b: Ninetales|Ninetales-Alola, L50, F|100/100
|-weather|Snowscape|[from] ability: Snow Warning|[of] p2b: Ninetales
|move|p2a: Charizard|Protect|p2a: Charizard
|-singleturn|p2a: Charizard|Protect
|move|p1b: Swampert|Ice Punch|p2b: Ninetales
|-resisted|p2b: Ninetales|1
|-damage|p2b: Ninetales|84/100
|
|-weather|Snowscape|[upkeep]
|upkeep
|turn|4
|c| bigbotboi|SEND OUT THE BIRD
|inactive|thebeast4895 has 30 seconds left.
|inactive|Drakalox51 has 30 seconds left.
|
|t:|1785264636
|switch|p2a: Kingambit|Kingambit, L50, M|100/100
|move|p1b: Swampert|Protect|p1b: Swampert
|-singleturn|p1b: Swampert|Protect
|move|p2b: Ninetales|Freeze-Dry|p1a: Pelipper
|-supereffective|p1a: Pelipper|2
|-enditem|p1a: Pelipper|Focus Sash
|-damage|p1a: Pelipper|1/100
|move|p1a: Pelipper|Tailwind|p1a: Pelipper
|-sidestart|p1: thebeast4895|move: Tailwind
|
|-weather|Snowscape|[upkeep]
|upkeep
|turn|5
|c| bigbotboi|OOOOOOOOOOOOOOOH
|
|t:|1785264658
|switch|p1b: Sneasler|Sneasler, L50, F, shiny|66/100
|move|p1a: Pelipper|Protect|p1a: Pelipper
|-singleturn|p1a: Pelipper|Protect
|move|p2b: Ninetales|Blizzard|p1b: Sneasler|[spread] p1b
|-activate|p1a: Pelipper|move: Protect
|-damage|p1b: Sneasler|16/100
|move|p2a: Kingambit|Kowtow Cleave|p1b: Sneasler
|-resisted|p1b: Sneasler|1
|-damage|p1b: Sneasler|0 fnt
|faint|p1b: Sneasler
|
|-weather|Snowscape|[upkeep]
|upkeep
|
|t:|1785264675
|switch|p1b: Swampert|Swampert-Mega, L50, F|100/100
|turn|6
|c| bigbotboi|it might be pelover
|inactive|Drakalox51 has 30 seconds left.
|c|☆thebeast4895|yes you are correct
|
|t:|1785264709
|switch|p1a: Hydreigon|Hydreigon, L50, M, shiny|100/100
|move|p2a: Kingambit|Sucker Punch|p1b: Swampert
|-crit|p1b: Swampert
|-damage|p1b: Swampert|26/100
|move|p1b: Swampert|Wave Crash|p2b: Ninetales
|-damage|p2b: Ninetales|4/100
|-damage|p1b: Swampert|4/100|[from] Recoil
|move|p2b: Ninetales|Blizzard|p1a: Hydreigon|[spread] p1a,p1b
|-supereffective|p1a: Hydreigon|1
|-damage|p1a: Hydreigon|20/100y
|-damage|p1b: Swampert|0 fnt
|faint|p1b: Swampert
|
|-weather|Snowscape|[upkeep]
|upkeep
|c|☆thebeast4895|im still working on the team
|l| bigbotboi
|c|☆thebeast4895|i dont know if that crit mattered
|c|☆thebeast4895|let me se
|c|☆Drakalox51|First time I see sand water
|
|t:|1785264729
|switch|p1b: Pelipper|Pelipper, L50, M|1/100
|-weather|RainDance|[from] ability: Drizzle|[of] p1b: Pelipper
|turn|7
|
|t:|1785264748
|move|p2b: Ninetales|Protect|p2b: Ninetales
|-singleturn|p2b: Ninetales|Protect
|move|p2a: Kingambit|Protect|p2a: Kingambit
|-singleturn|p2a: Kingambit|Protect
|move|p1a: Hydreigon|Earth Power|p2a: Kingambit
|-activate|p2a: Kingambit|move: Protect
|move|p1b: Pelipper|Weather Ball|p2b: Ninetales
|-activate|p2b: Ninetales|move: Protect
|
|-weather|RainDance|[upkeep]
|-sideend|p1: thebeast4895|move: Tailwind
|upkeep
|turn|8
|c|☆thebeast4895|yeah im trying it
|inactive|thebeast4895 has 30 seconds left.
|inactive|Drakalox51 has 30 seconds left.
|c|☆thebeast4895|dang crit did matter
|c|☆thebeast4895|32 SpA Ninetales-Alola Blizzard vs. 0 HP / 0 SpD Swampert-Mega: 64-76 (36.5 - 43.4%) -- guaranteed 3HKO
|inactive|thebeast4895 has 20 seconds left.
|c|☆Drakalox51|Hahaha
|inactive|thebeast4895 has 15 seconds left.
|
|t:|1785264790
|move|p1b: Pelipper|Protect|p1b: Pelipper
|-singleturn|p1b: Pelipper|Protect
|move|p2a: Kingambit|Sucker Punch|p1a: Hydreigon
|-resisted|p1a: Hydreigon|1
|-damage|p1a: Hydreigon|0 fnt
|faint|p1a: Hydreigon
|move|p2b: Ninetales|Freeze-Dry|p1b: Pelipper
|-activate|p1b: Pelipper|move: Protect
|
|-weather|RainDance|[upkeep]
|upkeep
|turn|9
|c|☆thebeast4895|ah welp gg man
|c|☆Drakalox51|Ggss
|c|☆thebeast4895|i need to work on my team
|
|t:|1785264805
|move|p2a: Kingambit|Sucker Punch|p1b: Pelipper
|-damage|p1b: Pelipper|0 fnt
|faint|p1b: Pelipper
|
|win|Drakalox51
|raw|thebeast4895's rating: 1160 → 1133(-27 for losing)
|raw|Drakalox51's rating: 1126 → 1153(+27 for winning)
|l|☆thebeast4895
|player|p1|
