|j|☆Astonished25
|j|☆JohnPocketMonster
|html|Astonished25JohnPocketMonster    
|uhtml|bestof|Game 2 of a best-of-3
|t:|1786080098
|gametype|doubles
|player|p1|Astonished25|unknown|1170
|player|p2|JohnPocketMonster|li|1047
|gen|9
|tier|[Gen 9 Champions] VGC 2026 Reg M-B (Bo3)
|rated|
|rule|Species Clause: Limit one of each Pokémon
|rule|Item Clause: Limit 1 of each item
|clearpoke
|poke|p1|Sinistcha, L50|
|poke|p1|Incineroar, L50, F|
|poke|p1|Floette-Eternal, L50, F|
|poke|p1|Staraptor, L50, F|
|poke|p1|Kingambit, L50, M|
|poke|p1|Maushold, L50|
|poke|p2|Gengar, L50, M, shiny|
|poke|p2|Politoed, L50, M|
|poke|p2|Incineroar, L50, M|
|poke|p2|Archaludon, L50, F|
|poke|p2|Basculegion, L50, M|
|poke|p2|Swampert, L50, F|
|teampreview|4
|showteam|p1|Sinistcha||ColburBerry|Hospitality|MatchaGotcha,RagePowder,TrickRoom,LifeDew|Relaxed|||||50|]Incineroar||PasshoBerry|Intimidate|ThroatChop,FlareBlitz,PartingShot,FakeOut|Adamant||F|||50|]Floette-Eternal||Floettite|FlowerVeil|Protect,CalmMind,Moonblast,DazzlingGleam|Modest||F|||50|]Staraptor||Staraptite|Intimidate|CloseCombat,DualWingbeat,Roost,Protect|Jolly||F|||50|]Kingambit||LifeOrb|Defiant|SuckerPunch,IronHead,KowtowCleave,Protect|Brave||M|||50|]Maushold||ChopleBerry|FriendGuard|Feint,FollowMe,Protect,BabyDollEyes|Careful|||||50|
|showteam|p2|Gengar||Gengarite|CursedBody|ShadowBall,PerishSong,Disable,Protect|Timid||M|||50|]Politoed||SitrusBerry|Drizzle|WeatherBall,PerishSong,Protect,Hypnosis|Calm||M|||50|]Incineroar||ShucaBerry|Intimidate|FakeOut,DarkestLariat,PartingShot,Protect|Adamant||M|||50|]Archaludon||Leftovers|Stamina|Protect,FlashCannon,ElectroShot,DragonPulse|Serious||F|||50|]Basculegion||ChoiceScarf|Adaptability|WaveCrash,LastRespects,AquaJet,FlipTurn|Jolly||M|||50|]Swampert||Swampertite|Torrent|HighHorsepower,IcePunch,Protect,WaveCrash|Adamant||F|||50|
|inactive|Battle timer is ON: inactive players will automatically lose when time's up. (requested by Astonished25)
|inactive|JohnPocketMonster also wants the timer to be on.
|
|t:|1786080120
|teamsize|p1|4
|teamsize|p2|4
|start
|switch|p1a: Kingambit|Kingambit, L50, M|100/100
|switch|p1b: Incineroar|Incineroar, L50, F|100/100
|switch|p2a: Swampert|Swampert, L50, F|100/100
|switch|p2b: Politoed|Politoed, L50, M|100/100
|-weather|RainDance|[from] ability: Drizzle|[of] p2b: Politoed
|-ability|p1b: Incineroar|Intimidate|boost
|-unboost|p2a: Swampert|atk|1
|-unboost|p2b: Politoed|atk|1
|turn|1
|
|t:|1786080143
|switch|p2a: Archaludon|Archaludon, L50, F|100/100
|switch|p1a: Sinistcha|Sinistcha, L50|100/100
|move|p2b: Politoed|Weather Ball|p1b: Incineroar
|-supereffective|p1b: Incineroar|1
|-enditem|p1b: Incineroar|Passho Berry|[eat]
|-enditem|p1b: Incineroar|Passho Berry|[weaken]
|-damage|p1b: Incineroar|59/100
|move|p1b: Incineroar|Parting Shot|p2b: Politoed
|-unboost|p2b: Politoed|atk|1
|-unboost|p2b: Politoed|spa|1
|
|t:|1786080146
|switch|p1b: Floette|Floette-Eternal, L50, F|100/100|[from] Parting Shot
|
|-weather|RainDance|[upkeep]
|upkeep
|turn|2
|
|t:|1786080159
|detailschange|p1b: Floette|Floette-Mega, L50, F
|-mega|p1b: Floette|Floette|Floettite
|-ability|p1b: Floette|Fairy Aura
|move|p1b: Floette|Calm Mind|p1b: Floette
|-boost|p1b: Floette|spa|1
|-boost|p1b: Floette|spd|1
|move|p2a: Archaludon|Flash Cannon|p1b: Floette
|-supereffective|p1b: Floette|1
|-damage|p1b: Floette|63/100
|move|p2b: Politoed|Perish Song|p2b: Politoed
|-start|p1a: Sinistcha|perish3|[silent]
|-start|p1b: Floette|perish3|[silent]
|-start|p2a: Archaludon|perish3|[silent]
|-start|p2b: Politoed|perish3|[silent]
|-fieldactivate|move: Perish Song
|move|p1a: Sinistcha|Matcha Gotcha|p2a: Archaludon|[spread] p2a,p2b
|-resisted|p2a: Archaludon|2
|-supereffective|p2b: Politoed|1
|-damage|p2a: Archaludon|94/100
|-damage|p2b: Politoed|65/100
|-ability|p2a: Archaludon|Stamina|boost
|-boost|p2a: Archaludon|def|1
|
|-weather|RainDance|[upkeep]
|-heal|p2a: Archaludon|100/100|[from] item: Leftovers
|-start|p1b: Floette|perish3
|-start|p2a: Archaludon|perish3
|-start|p2b: Politoed|perish3
|-start|p1a: Sinistcha|perish3
|upkeep
|turn|3
|inactive|JohnPocketMonster has 30 seconds left.
|
|t:|1786080187
|move|p2b: Politoed|Protect|p2b: Politoed
|-singleturn|p2b: Politoed|Protect
|move|p1b: Floette|Calm Mind|p1b: Floette
|-boost|p1b: Floette|spa|1
|-boost|p1b: Floette|spd|1
|move|p2a: Archaludon|Flash Cannon|p1b: Floette
|-supereffective|p1b: Floette|1
|-damage|p1b: Floette|37/100
|move|p1a: Sinistcha|Life Dew||[still]|[spread] p1a,p1b
|-fail|p1a: Sinistcha|heal
|-heal|p1b: Floette|62/100
|
|-weather|RainDance|[upkeep]
|-start|p1b: Floette|perish2
|-start|p2a: Archaludon|perish2
|-start|p2b: Politoed|perish2
|-start|p1a: Sinistcha|perish2
|upkeep
|turn|4
|
|t:|1786080204
|switch|p2b: Basculegion|Basculegion, L50, M|100/100
|move|p2a: Archaludon|Protect|p2a: Archaludon
|-singleturn|p2a: Archaludon|Protect
|move|p1b: Floette|Dazzling Gleam|p2b: Basculegion|[spread] p2b
|-activate|p2a: Archaludon|move: Protect
|-damage|p2b: Basculegion|0 fnt
|faint|p2b: Basculegion
|move|p1a: Sinistcha|Life Dew||[still]|[spread] p1a,p1b
|-fail|p1a: Sinistcha|heal
|-heal|p1b: Floette|86/100
|
|-weather|RainDance|[upkeep]
|-start|p1b: Floette|perish1
|-start|p2a: Archaludon|perish1
|-start|p1a: Sinistcha|perish1
|upkeep
|
|t:|1786080215
|switch|p2b: Swampert|Swampert, L50, F|100/100
|turn|5
|
|t:|1786080234
|switch|p1b: Kingambit|Kingambit, L50, M|100/100
|switch|p2a: Politoed|Politoed, L50, M|65/100
|switch|p1a: Incineroar|Incineroar, L50, F|59/100
|-ability|p1a: Incineroar|Intimidate|boost
|-unboost|p2a: Politoed|atk|1
|-unboost|p2b: Swampert|atk|1
|detailschange|p2b: Swampert|Swampert-Mega, L50, F
|-mega|p2b: Swampert|Swampert|Swampertite
|move|p2b: Swampert|Wave Crash|p1b: Kingambit
|-damage|p1b: Kingambit|42/100
|-damage|p2b: Swampert|81/100|[from] Recoil
|
|-weather|none
|upkeep
|turn|6
|
|t:|1786080255
|switch|p2a: Archaludon|Archaludon, L50, F|100/100
|switch|p1a: Sinistcha|Sinistcha, L50|100/100
|-heal|p1b: Kingambit|67/100|[from] ability: Hospitality|[of] p1a: Sinistcha
|move|p2b: Swampert|Protect|p2b: Swampert
|-singleturn|p2b: Swampert|Protect
|move|p1b: Kingambit|Kowtow Cleave|p2a: Archaludon
|-damage|p2a: Archaludon|53/100
|-ability|p2a: Archaludon|Stamina|boost
|-boost|p2a: Archaludon|def|1
|-damage|p1b: Kingambit|58/100|[from] item: Life Orb
|
|-heal|p2a: Archaludon|59/100|[from] item: Leftovers
|upkeep
|turn|7
|
|t:|1786080269
|move|p2b: Swampert|Ice Punch|p1a: Sinistcha
|-supereffective|p1a: Sinistcha|1
|-damage|p1a: Sinistcha|65/100
|-status|p1a: Sinistcha|frz
|move|p2a: Archaludon|Dragon Pulse|p1a: Sinistcha
|-damage|p1a: Sinistcha|32/100 frz
|-curestatus|p1a: Sinistcha|frz|[from] move: Matcha Gotcha
|move|p1a: Sinistcha|Matcha Gotcha|p2a: Archaludon|[spread] p2a,p2b
|-resisted|p2a: Archaludon|2
|-supereffective|p2b: Swampert|2
|-damage|p2a: Archaludon|54/100
|-heal|p1a: Sinistcha|35/100|[from] drain|[of] p2a: Archaludon
|-damage|p2b: Swampert|0 fnt
|-heal|p1a: Sinistcha|80/100|[from] drain|[of] p2b: Swampert
|-ability|p2a: Archaludon|Stamina|boost
|-boost|p2a: Archaludon|def|1
|faint|p2b: Swampert
|move|p1b: Kingambit|Kowtow Cleave|p2a: Archaludon
|-damage|p2a: Archaludon|29/100
|-ability|p2a: Archaludon|Stamina|boost
|-boost|p2a: Archaludon|def|1
|-damage|p1b: Kingambit|48/100|[from] item: Life Orb
|
|-heal|p2a: Archaludon|36/100|[from] item: Leftovers
|upkeep
|
|t:|1786080278
|switch|p2b: Politoed|Politoed, L50, M|65/100
|-weather|RainDance|[from] ability: Drizzle|[of] p2b: Politoed
|turn|8
|-message|JohnPocketMonster forfeited.
|
|win|Astonished25
|l|☆JohnPocketMonster
|player|p2|
||JohnPocketMonster is ready for game 3.
|inactive|Astonished25 has 30 seconds to confirm battle start!
|inactive|Astonished25 has 20 seconds to confirm battle start!
||Astonished25 is ready for game 3.
|uhtml|next|Next: Game 3 of 3
