|j|☆flubberbut
|j|☆hondo civic
|html|flubberbuthondo civic    
|uhtml|bestof|Game 2 of a best-of-3
|t:|1756588195
|gametype|doubles
|player|p1|flubberbut|benga|1304
|player|p2|hondo civic|2|1464
|gen|9
|tier|[Gen 9] VGC 2025 Reg H (Bo3)
|rated|
|rule|Species Clause: Limit one of each Pokémon
|rule|Item Clause: Limit 1 of each item
|clearpoke
|poke|p1|Gholdengo, L50|
|poke|p1|Dragonite, L50, F|
|poke|p1|Talonflame, L50, F|
|poke|p1|Ursaluna-Bloodmoon, L50, M|
|poke|p1|Dondozo, L50, F|
|poke|p1|Tatsugiri, L50, F|
|poke|p2|Ninetales-Alola, L50, M|
|poke|p2|Rillaboom, L50, M|
|poke|p2|Magmar, L50, M|
|poke|p2|Sneasler, L50, M|
|poke|p2|Kingambit, L50, F|
|poke|p2|Basculegion, L50, M|
|teampreview|4
|showteam|p1|Gholdengo||ChoiceSpecs|GoodasGold|MakeItRain,PowerGem,ShadowBall,Trick||||||50|,,,,,Steel]Dragonite||ChoiceBand|InnerFocus|ExtremeSpeed,Outrage,LowKick,Earthquake|||F|||50|,,,,,Normal]Talonflame||ClearAmulet|GaleWings|Tailwind,FlareBlitz,BraveBird,WillOWisp|||F|||50|,,,,,Ghost]Ursaluna-Bloodmoon||LifeOrb|MindsEye|HyperVoice,EarthPower,BloodMoon,Protect|||M|||50|,,,,,Normal]Dondozo||SafetyGoggles|Unaware|Protect,WaveCrash,OrderUp,Earthquake|||F|||50|,,,,,Ghost]Tatsugiri||FocusSash|Commander|DracoMeteor,MuddyWater,Protect,MirrorCoat|||F|||50|,,,,,Fairy
|showteam|p2|Ninetales-Alola||LifeOrb|SnowWarning|Blizzard,FreezeDry,Encore,Protect|||M|||50|,,,,,Ghost]Rillaboom||AssaultVest|GrassySurge|WoodHammer,FakeOut,Uturn,GrassyGlide|||M|||50|,,,,,Ghost]Magmar||Eviolite|VitalSpirit|Protect,HeatWave,Taunt,FollowMe|||M|||50|,,,,,Ghost]Sneasler||FocusSash|PoisonTouch|FakeOut,DireClaw,CloseCombat,Protect|||M|||50|,,,,,Ghost]Kingambit||BlackGlasses|Defiant|KowtowCleave,SwordsDance,SuckerPunch,Protect|||F|||50|,,,,,Fire]Basculegion||ChoiceScarf|Adaptability|WaveCrash,FlipTurn,TeraBlast,LastRespects|||M|||50|,,,,,Fairy
|inactive|Battle timer is ON: inactive players will automatically lose when time's up. (requested by hondo civic)
|j| entei enthusiast
|
|t:|1756588220
|teamsize|p1|4
|teamsize|p2|4
|start
|switch|p1a: Talonflame|Talonflame, L50, F|100/100
|switch|p1b: Ursaluna|Ursaluna-Bloodmoon, L50, M|100/100
|switch|p2a: Kingambit|Kingambit, L50, F, shiny|100/100
|switch|p2b: Sneasler|Sneasler, L50, M|100/100
|turn|1
|inactive|hondo civic has 30 seconds left.
|
|t:|1756588252
|switch|p2a: Rillaboom|Rillaboom, L50, M|100/100
|-fieldstart|move: Grassy Terrain|[from] ability: Grassy Surge|[of] p2a: Rillaboom
|move|p1a: Talonflame|Tailwind|p1a: Talonflame
|-sidestart|p1: flubberbut|move: Tailwind
|move|p1b: Ursaluna|Earth Power|p2a: Rillaboom
|-resisted|p2a: Rillaboom
|-damage|p2a: Rillaboom|75/100
|-damage|p1b: Ursaluna|91/100|[from] item: Life Orb
|move|p2b: Sneasler|Close Combat|p1b: Ursaluna
|-supereffective|p1b: Ursaluna
|-damage|p1b: Ursaluna|0 fnt
|-unboost|p2b: Sneasler|def|1
|-unboost|p2b: Sneasler|spd|1
|faint|p1b: Ursaluna
|
|-heal|p2a: Rillaboom|81/100|[from] Grassy Terrain
|upkeep
|
|t:|1756588255
|switch|p1b: Dondozo|Dondozo, L50, F|100/100
|turn|2
|
|t:|1756588273
|-terastallize|p1a: Talonflame|Ghost
|move|p2a: Rillaboom|Fake Out|p1a: Talonflame
|-immune|p1a: Talonflame
|move|p1a: Talonflame|Brave Bird|p2a: Rillaboom
|-supereffective|p2a: Rillaboom
|-damage|p2a: Rillaboom|1/100
|-damage|p1a: Talonflame|66/100|[from] Recoil
|move|p2b: Sneasler|Dire Claw|p1b: Dondozo
|-damage|p1b: Dondozo|72/100
|-status|p1b: Dondozo|psn
|move|p1b: Dondozo|Earthquake|p2a: Rillaboom|[spread] p1a,p2a,p2b
|-resisted|p2a: Rillaboom
|-supereffective|p2b: Sneasler
|-damage|p1a: Talonflame|49/100
|-damage|p2a: Rillaboom|0 fnt
|-damage|p2b: Sneasler|60/100
|faint|p2a: Rillaboom
|
|-heal|p1a: Talonflame|55/100|[from] Grassy Terrain
|-heal|p2b: Sneasler|66/100|[from] Grassy Terrain
|-heal|p1b: Dondozo|79/100 psn|[from] Grassy Terrain
|-damage|p1b: Dondozo|66/100 psn|[from] psn
|upkeep
|
|t:|1756588286
|switch|p2a: Kingambit|Kingambit, L50, F, shiny|100/100
|turn|3
|inactive|hondo civic has 30 seconds left.
|
|t:|1756588317
|switch|p1b: Tatsugiri|Tatsugiri, L50, F, shiny|100/100
|move|p2a: Kingambit|Protect|p2a: Kingambit
|-singleturn|p2a: Kingambit|Protect
|move|p1a: Talonflame|Will-O-Wisp|p2a: Kingambit
|-activate|p2a: Kingambit|move: Protect
|move|p2b: Sneasler|Dire Claw|p1b: Tatsugiri
|-damage|p1b: Tatsugiri|27/100
|
|-heal|p1a: Talonflame|60/100|[from] Grassy Terrain
|-heal|p1b: Tatsugiri|33/100|[from] Grassy Terrain
|-heal|p2b: Sneasler|72/100|[from] Grassy Terrain
|upkeep
|turn|4
|inactive|hondo civic has 30 seconds left.
|
|t:|1756588350
|switch|p1b: Dondozo|Dondozo, L50, F|66/100 psn
|move|p2b: Sneasler|Protect|p2b: Sneasler
|-singleturn|p2b: Sneasler|Protect
|move|p1a: Talonflame|Brave Bird|p2b: Sneasler
|-activate|p2b: Sneasler|move: Protect
|move|p2a: Kingambit|Kowtow Cleave|p1a: Talonflame
|-supereffective|p1a: Talonflame
|-damage|p1a: Talonflame|0 fnt
|faint|p1a: Talonflame
|
|-heal|p2b: Sneasler|78/100|[from] Grassy Terrain
|-heal|p1b: Dondozo|72/100 psn|[from] Grassy Terrain
|-damage|p1b: Dondozo|60/100 psn|[from] psn
|-sideend|p1: flubberbut|move: Tailwind
|upkeep
|
|t:|1756588355
|switch|p1a: Tatsugiri|Tatsugiri, L50, F, shiny|33/100
|-activate|p1a: Tatsugiri|ability: Commander|[of] p1b: Dondozo
|-boost|p1b: Dondozo|atk|2
|-boost|p1b: Dondozo|spa|2
|-boost|p1b: Dondozo|spe|2
|-boost|p1b: Dondozo|def|2
|-boost|p1b: Dondozo|spd|2
|turn|5
|
|t:|1756588369
|move|p2a: Kingambit|Protect|p2a: Kingambit
|-singleturn|p2a: Kingambit|Protect
|move|p2b: Sneasler|Close Combat|p1b: Dondozo
|-damage|p1b: Dondozo|38/100 psn
|-unboost|p2b: Sneasler|def|1
|-unboost|p2b: Sneasler|spd|1
|move|p1b: Dondozo|Earthquake|p2a: Kingambit|[spread] p2b
|-miss|p1b: Dondozo|p1a: Tatsugiri
|-activate|p2a: Kingambit|move: Protect
|-supereffective|p2b: Sneasler
|-damage|p2b: Sneasler|0 fnt
|faint|p2b: Sneasler
|
|-heal|p1b: Dondozo|44/100 psn|[from] Grassy Terrain
|-heal|p1a: Tatsugiri|38/100|[from] Grassy Terrain
|-damage|p1b: Dondozo|32/100 psn|[from] psn
|-fieldend|move: Grassy Terrain
|upkeep
|
|t:|1756588371
|switch|p2b: Ninetales|Ninetales-Alola, L50, M|100/100
|-weather|Snowscape|[from] ability: Snow Warning|[of] p2b: Ninetales
|turn|6
|
|t:|1756588379
|move|p2a: Kingambit|Sucker Punch|p1b: Dondozo
|-damage|p1b: Dondozo|13/100 psn
|move|p2b: Ninetales|Freeze-Dry|p1b: Dondozo
|-supereffective|p1b: Dondozo
|-damage|p1b: Dondozo|0 fnt
|faint|p1b: Dondozo
|-damage|p2b: Ninetales|91/100|[from] item: Life Orb
|
|-weather|Snowscape|[upkeep]
|upkeep
|turn|7
|-message|flubberbut forfeited.
|
|win|hondo civic
|raw|flubberbut's rating: 1304 → 1293(-11 for losing)
|raw|hondo civic's rating: 1464 → 1475(+11 for winning)
|l|☆flubberbut
|player|p1|
|l| entei enthusiast
