|j|☆Tonypajamas17
|j|☆FakeOutPlot
|html|Tonypajamas17FakeOutPlot    
|uhtml|bestof|Game 2 of a best-of-3
|t:|1757102843
|gametype|doubles
|player|p1|Tonypajamas17|2|1361
|player|p2|FakeOutPlot|iris|1493
|gen|9
|tier|[Gen 9] VGC 2025 Reg H (Bo3)
|rated|
|rule|Species Clause: Limit one of each Pokémon
|rule|Item Clause: Limit 1 of each item
|clearpoke
|poke|p1|Tyranitar, L50, F|
|poke|p1|Excadrill, L50, M|
|poke|p1|Indeedee, L50, M|
|poke|p1|Sneasler, L50, M|
|poke|p1|Kilowattrel, L50, M|
|poke|p1|Volcarona, L50, M|
|poke|p2|Gholdengo, L50|
|poke|p2|Incineroar, L50, F|
|poke|p2|Amoonguss, L50, M|
|poke|p2|Sneasler, L50, M|
|poke|p2|Dragonite, L50, F|
|poke|p2|Garchomp, L50, M|
|teampreview|4
|showteam|p1|Tyranitar||AssaultVest|SandStream|RockSlide,TeraBlast,LowKick,KnockOff|||F|||50|,,,,,Flying]Excadrill||FocusSash|SandRush|Earthquake,IronHead,Protect,HighHorsepower|||M|||50|,,,,,Ghost]Indeedee||ChoiceScarf|PsychicSurge|ExpandingForce,TeraBlast,DazzlingGleam,ShadowBall|||M|||50|,,,,,Fighting]Sneasler||PsychicSeed|Unburden|CloseCombat,Protect,Taunt,DireClaw|||M|||50|,,,,,Dark]Kilowattrel||SafetyGoggles|Competitive|Tailwind,Protect,Thunderbolt,AirSlash|||M|||50|,,,,,Ghost]Volcarona||CovertCloak|FlameBody|QuiverDance,HeatWave,TeraBlast,Protect|||M|||50|,,,,,Fairy
|showteam|p2|Gholdengo||LifeOrb|GoodasGold|MakeItRain,ShadowBall,NastyPlot,Protect||||||50|,,,,,Water]Incineroar||SafetyGoggles|Intimidate|PartingShot,FlareBlitz,KnockOff,FakeOut|||F|||50|,,,,,Ghost]Amoonguss||SitrusBerry|Regenerator|Spore,RagePowder,PollenPuff,Protect|||M|||50|,,,,,Psychic]Sneasler||FocusSash|Unburden|DireClaw,CloseCombat,Coaching,Protect|||M|||50|,,,,,Flying]Dragonite||LoadedDice|Multiscale|ScaleShot,Tailwind,Haze,Protect|||F|||50|,,,,,Fairy]Garchomp||ClearAmulet|RoughSkin|Earthquake,DragonClaw,StompingTantrum,Protect|||M|||50|,,,,,Steel
|
|t:|1757102871
|teamsize|p1|4
|teamsize|p2|4
|start
|switch|p1a: Volcarona|Volcarona, L50, M|100/100
|switch|p1b: Kilowattrel|Kilowattrel, L50, M|100/100
|switch|p2a: Incineroar|Incineroar, L50, F|100/100
|switch|p2b: Amoonguss|Amoonguss, L50, M, shiny|100/100
|-ability|p2a: Incineroar|Intimidate|boost
|-unboost|p1a: Volcarona|atk|1
|-unboost|p1b: Kilowattrel|atk|1
|-ability|p1b: Kilowattrel|Competitive|boost
|-boost|p1b: Kilowattrel|spa|2
|turn|1
|
|t:|1757102889
|move|p1b: Kilowattrel|Protect|p1b: Kilowattrel
|-singleturn|p1b: Kilowattrel|Protect
|move|p1a: Volcarona|Protect|p1a: Volcarona
|-singleturn|p1a: Volcarona|Protect
|move|p2a: Incineroar|Fake Out|p1b: Kilowattrel
|-activate|p1b: Kilowattrel|move: Protect
|move|p2b: Amoonguss|Spore|p1a: Volcarona
|-activate|p1a: Volcarona|move: Protect
|
|upkeep
|turn|2
|
|t:|1757102904
|move|p2b: Amoonguss|Protect|p2b: Amoonguss
|-singleturn|p2b: Amoonguss|Protect
|move|p1b: Kilowattrel|Air Slash|p2b: Amoonguss
|-activate|p2b: Amoonguss|move: Protect
|move|p1a: Volcarona|Heat Wave|p2a: Incineroar|[spread] p2a
|-activate|p2b: Amoonguss|move: Protect
|-resisted|p2a: Incineroar
|-crit|p2a: Incineroar
|-damage|p2a: Incineroar|75/100
|move|p2a: Incineroar|Parting Shot|p1a: Volcarona
|-unboost|p1a: Volcarona|atk|1
|-unboost|p1a: Volcarona|spa|1
|
|t:|1757102913
|switch|p2a: Dragonite|Dragonite, L50, F|100/100|[from] Parting Shot
|
|upkeep
|turn|3
|
|t:|1757102951
|-terastallize|p1a: Volcarona|Fairy
|-terastallize|p2b: Amoonguss|Psychic
|move|p1b: Kilowattrel|Air Slash|p2a: Dragonite
|-damage|p2a: Dragonite|64/100
|move|p1a: Volcarona|Heat Wave|p2a: Dragonite|[spread] p2a,p2b
|-resisted|p2a: Dragonite
|-crit|p2a: Dragonite
|-damage|p2a: Dragonite|33/100
|-damage|p2b: Amoonguss|80/100
|move|p2a: Dragonite|Scale Shot|p1b: Kilowattrel
|-damage|p1b: Kilowattrel|74/100
|-damage|p1b: Kilowattrel|47/100
|-crit|p1b: Kilowattrel
|-damage|p1b: Kilowattrel|1/100
|-damage|p1b: Kilowattrel|0 fnt
|faint|p1b: Kilowattrel
|-hitcount|p1: Kilowattrel|4
|-unboost|p2a: Dragonite|def|1
|-boost|p2a: Dragonite|spe|1
|move|p2b: Amoonguss|Spore|p1a: Volcarona
|-status|p1a: Volcarona|slp|[from] move: Spore
|
|upkeep
|
|t:|1757102965
|switch|p1b: Tyranitar|Tyranitar, L50, F, shiny|100/100
|-weather|Sandstorm|[from] ability: Sand Stream|[of] p1b: Tyranitar
|turn|4
|
|t:|1757102991
|switch|p2b: Garchomp|Garchomp, L50, M|100/100
|move|p2a: Dragonite|Tailwind|p2a: Dragonite
|-sidestart|p2: FakeOutPlot|move: Tailwind
|cant|p1a: Volcarona|slp
|move|p1b: Tyranitar|Knock Off|p2b: Garchomp
|-damage|p2b: Garchomp|46/100
|-damage|p1b: Tyranitar|88/100|[from] ability: Rough Skin|[of] p2b: Garchomp
|-enditem|p2b: Garchomp|Clear Amulet|[from] move: Knock Off|[of] p1b: Tyranitar
|
|-weather|Sandstorm|[upkeep]
|-damage|p2a: Dragonite|27/100|[from] Sandstorm
|-damage|p1a: Volcarona|94/100 slp|[from] Sandstorm
|upkeep
|turn|5
|
|t:|1757103008
|cant|p1a: Volcarona|slp
|move|p2a: Dragonite|Scale Shot|p1b: Tyranitar
|-damage|p1b: Tyranitar|75/100
|-damage|p1b: Tyranitar|63/100
|-damage|p1b: Tyranitar|50/100
|-damage|p1b: Tyranitar|37/100
|-damage|p1b: Tyranitar|25/100
|-hitcount|p1b: Tyranitar|5
|-unboost|p2a: Dragonite|def|1
|-boost|p2a: Dragonite|spe|1
|move|p2b: Garchomp|Earthquake|p1b: Tyranitar|[spread] p1a,p1b
|-immune|p2a: Dragonite
|-supereffective|p1b: Tyranitar
|-damage|p1a: Volcarona|52/100 slp
|-damage|p1b: Tyranitar|0 fnt
|faint|p1b: Tyranitar
|
|-weather|Sandstorm|[upkeep]
|-damage|p2a: Dragonite|21/100|[from] Sandstorm
|-damage|p1a: Volcarona|46/100 slp|[from] Sandstorm
|upkeep
|
|t:|1757103013
|switch|p1b: Excadrill|Excadrill, L50, M|100/100
|turn|6
|
|t:|1757103028
|move|p2a: Dragonite|Scale Shot|p1b: Excadrill
|-resisted|p1b: Excadrill
|-damage|p1b: Excadrill|89/100
|-resisted|p1b: Excadrill
|-damage|p1b: Excadrill|78/100
|-resisted|p1b: Excadrill
|-damage|p1b: Excadrill|67/100
|-resisted|p1b: Excadrill
|-damage|p1b: Excadrill|56/100
|-resisted|p1b: Excadrill
|-damage|p1b: Excadrill|45/100
|-hitcount|p1b: Excadrill|5
|-unboost|p2a: Dragonite|def|1
|-boost|p2a: Dragonite|spe|1
|move|p2b: Garchomp|Earthquake|p1b: Excadrill|[spread] p1a,p1b
|-immune|p2a: Dragonite
|-supereffective|p1b: Excadrill
|-damage|p1a: Volcarona|2/100 slp
|-damage|p1b: Excadrill|0 fnt
|faint|p1b: Excadrill
|-curestatus|p1a: Volcarona|slp|[msg]
|move|p1a: Volcarona|Tera Blast|p2a: Dragonite|[anim] Tera Blast Fairy
|-supereffective|p2a: Dragonite
|-damage|p2a: Dragonite|0 fnt
|faint|p2a: Dragonite
|
|-weather|Sandstorm|[upkeep]
|-damage|p1a: Volcarona|0 fnt|[from] Sandstorm
|faint|p1a: Volcarona
|
|win|FakeOutPlot
|raw|Tonypajamas17's rating: 1361 → 1348(-13 for losing)
|raw|FakeOutPlot's rating: 1493 → 1506(+13 for winning)
