|j|☆xxx520
|j|☆sbhaga34
|html|xxx520sbhaga34    
|uhtml|bestof|Game 3 of a best-of-3
|t:|1784254209
|gametype|doubles
|player|p1|xxx520|2|1165
|player|p2|sbhaga34|hugh|1268
|gen|9
|tier|[Gen 9 Champions] VGC 2026 Reg M-B (Bo3)
|rated|
|rule|Species Clause: Limit one of each Pokémon
|rule|Item Clause: Limit 1 of each item
|clearpoke
|poke|p1|Torkoal, L50, M|
|poke|p1|Farigiraf, L50, F|
|poke|p1|Charizard, L50, F|
|poke|p1|Incineroar, L50, M|
|poke|p1|Venusaur, L50, M|
|poke|p1|Mudsdale, L50, M|
|poke|p2|Excadrill, L50, F|
|poke|p2|Tyranitar, L50, M|
|poke|p2|Corviknight, L50, M|
|poke|p2|Rotom-Wash, L50|
|poke|p2|Chandelure, L50, M|
|poke|p2|Clefable, L50, F|
|teampreview|4
|showteam|p1|Torkoal||Charcoal|Drought|EarthPower,Protect,Eruption,HeatWave|Quiet||M|||50|]Farigiraf||SitrusBerry|ArmorTail|TrickRoom,Thunderbolt,HelpingHand,Protect|Sassy||F|||50|]Charizard||CharizarditeY|SolarPower|HeatWave,Protect,AirSlash,SolarBeam|Timid||F|||50|]Incineroar||WhiteHerb|Intimidate|FakeOut,FlareBlitz,PartingShot,DarkestLariat|Brave||M|||50|]Venusaur||FocusSash|Chlorophyll|EarthPower,SleepPowder,Protect,SludgeBomb|Modest||M|||50|]Mudsdale||WideLens|InnerFocus|Curse,RockSlide,HighHorsepower,Protect|Brave||M|||50|
|showteam|p2|Excadrill||FocusSash|SandRush|Earthquake,IronHead,SwordsDance,Protect|Adamant||F|||50|]Tyranitar||Tyranitarite|SandStream|RockSlide,KnockOff,LowKick,Protect|Adamant||M|||50|]Corviknight||SharpBeak|MirrorArmor|BraveBird,Tailwind,BulkUp,Roost|Careful||M|||50|]Rotom-Wash||ChoiceScarf|Levitate|VoltSwitch,Thunderbolt,Electroweb,HydroPump|Timid|||||50|]Chandelure||ShucaBerry|FlashFire|HeatWave,ShadowBall,TrickRoom,Protect|Modest||M|||50|]Clefable||Clefablite|MagicGuard|FollowMe,Moonblast,HealPulse,Protect|Modest||F|||50|
|inactive|Battle timer is ON: inactive players will automatically lose when time's up. (requested by sbhaga34)
|
|t:|1784254223
|teamsize|p1|4
|teamsize|p2|4
|start
|switch|p1a: Farigiraf|Farigiraf, L50, F|100/100
|switch|p1b: Mudsdale|Mudsdale, L50, M|100/100
|switch|p2a: Tyranitar|Tyranitar, L50, M|100/100
|switch|p2b: Chandelure|Chandelure, L50, M|100/100
|-weather|Sandstorm|[from] ability: Sand Stream|[of] p2a: Tyranitar
|turn|1
|
|t:|1784254241
|detailschange|p2a: Tyranitar|Tyranitar-Mega, L50, M
|-mega|p2a: Tyranitar|Tyranitar|Tyranitarite
|move|p1a: Farigiraf|Protect|p1a: Farigiraf
|-singleturn|p1a: Farigiraf|Protect
|move|p2a: Tyranitar|Knock Off|p1a: Farigiraf
|-activate|p1a: Farigiraf|move: Protect
|move|p2b: Chandelure|Heat Wave|p1a: Farigiraf|[spread] p1b
|-activate|p1a: Farigiraf|move: Protect
|-damage|p1b: Mudsdale|67/100
|move|p1b: Mudsdale|Curse|p1b: Mudsdale
|-unboost|p1b: Mudsdale|spe|1
|-boost|p1b: Mudsdale|atk|1
|-boost|p1b: Mudsdale|def|1
|
|-weather|Sandstorm|[upkeep]
|-damage|p2b: Chandelure|94/100|[from] Sandstorm
|-damage|p1a: Farigiraf|93/100|[from] Sandstorm
|upkeep
|turn|2
|
|t:|1784254262
|move|p2a: Tyranitar|Knock Off|p1a: Farigiraf
|-supereffective|p1a: Farigiraf|1
|-damage|p1a: Farigiraf|6/100
|-enditem|p1a: Farigiraf|Sitrus Berry|[from] move: Knock Off|[of] p2a: Tyranitar
|move|p2b: Chandelure|Heat Wave|p1a: Farigiraf|[spread] p1a,p1b
|-damage|p1a: Farigiraf|0 fnt
|-damage|p1b: Mudsdale|38/100
|faint|p1a: Farigiraf
|move|p1b: Mudsdale|Rock Slide|p2b: Chandelure|[spread] p2a,p2b
|-supereffective|p2b: Chandelure|1
|-damage|p2a: Tyranitar|84/100
|-damage|p2b: Chandelure|31/100
|
|-weather|Sandstorm|[upkeep]
|-damage|p2b: Chandelure|25/100|[from] Sandstorm
|upkeep
|
|t:|1784254280
|switch|p1a: Incineroar|Incineroar, L50, M|100/100
|-ability|p1a: Incineroar|Intimidate|boost
|-unboost|p2a: Tyranitar|atk|1
|-unboost|p2b: Chandelure|atk|1
|turn|3
|
|t:|1784254298
|switch|p2a: Rotom|Rotom-Wash, L50|100/100
|move|p1a: Incineroar|Fake Out|p2a: Rotom
|-damage|p2a: Rotom|83/100
|move|p2b: Chandelure|Shadow Ball|p1b: Mudsdale
|-damage|p1b: Mudsdale|5/100
|move|p1b: Mudsdale|Rock Slide|p2a: Rotom|[spread] p2a,p2b
|-supereffective|p2b: Chandelure|1
|-damage|p2a: Rotom|56/100
|-damage|p2b: Chandelure|0 fnt
|faint|p2b: Chandelure
|
|-weather|Sandstorm|[upkeep]
|-damage|p2a: Rotom|50/100g|[from] Sandstorm
|-damage|p1a: Incineroar|94/100|[from] Sandstorm
|upkeep
|
|t:|1784254312
|switch|p2b: Corviknight|Corviknight, L50, M|100/100
|turn|4
|
|t:|1784254323
|move|p2a: Rotom|Thunderbolt|p1a: Incineroar
|-damage|p1a: Incineroar|58/100
|move|p2b: Corviknight|Bulk Up|p2b: Corviknight
|-boost|p2b: Corviknight|atk|1
|-boost|p2b: Corviknight|def|1
|move|p1a: Incineroar|Flare Blitz|p2b: Corviknight
|-supereffective|p2b: Corviknight|1
|-damage|p2b: Corviknight|24/100
|-damage|p1a: Incineroar|33/100|[from] Recoil
|move|p1b: Mudsdale|Rock Slide|p2b: Corviknight|[spread] p2a,p2b
|-damage|p2a: Rotom|24/100
|-damage|p2b: Corviknight|7/100
|
|-weather|Sandstorm|[upkeep]
|-damage|p2a: Rotom|18/100|[from] Sandstorm
|-damage|p1a: Incineroar|27/100|[from] Sandstorm
|upkeep
|turn|5
|
|t:|1784254344
|move|p2a: Rotom|Thunderbolt|p1a: Incineroar
|-damage|p1a: Incineroar|0 fnt
|faint|p1a: Incineroar
|move|p2b: Corviknight|Brave Bird|p1b: Mudsdale
|-damage|p1b: Mudsdale|0 fnt
|faint|p1b: Mudsdale
|-damage|p2b: Corviknight|5/100|[from] Recoil
|
|-weather|none
|upkeep
|
|t:|1784254355
|switch|p1b: Torkoal|Torkoal, L50, M|100/100
|-weather|SunnyDay|[from] ability: Drought|[of] p1b: Torkoal
|turn|6
|
|t:|1784254360
|move|p2a: Rotom|Thunderbolt|p1b: Torkoal
|-damage|p1b: Torkoal|55/100
|move|p2b: Corviknight|Brave Bird|p1b: Torkoal
|-damage|p1b: Torkoal|1/100
|-damage|p2b: Corviknight|0 fnt|[from] Recoil
|faint|p2b: Corviknight
|move|p1b: Torkoal|Eruption|p2a: Rotom
|-resisted|p2a: Rotom|1
|-damage|p2a: Rotom|17/100
|
|-weather|SunnyDay|[upkeep]
|upkeep
|
|t:|1784254366
|switch|p2b: Tyranitar|Tyranitar-Mega, L50, M|84/100
|-weather|Sandstorm|[from] ability: Sand Stream|[of] p2b: Tyranitar
|turn|7
|l|☆xxx520
|inactive|xxx520 disconnected and has a minute to reconnect!
|player|p1|
|inactive|xxx520 has 30 seconds left.
|inactive|xxx520 has 20 seconds left.
|inactive|xxx520 has 15 seconds left.
|inactive|xxx520 has 10 seconds left.
|inactive|xxx520 has 5 seconds left.
|-message|xxx520 lost due to inactivity.
|
|win|sbhaga34
|raw|xxx520's rating: 1165 → 1147(-18 for losing)
|raw|sbhaga34's rating: 1268 → 1286(+18 for winning)
