|j|☆Kellogsohne
|j|☆Keith Jones
|html|KellogsohneKeith Jones    
|uhtml|bestof|Game 3 of a best-of-3
|t:|1783855210
|gametype|doubles
|player|p1|Kellogsohne|ethan|1146
|player|p2|Keith Jones|169|1352
|gen|9
|tier|[Gen 9 Champions] VGC 2026 Reg M-B (Bo3)
|rated|
|rule|Species Clause: Limit one of each Pokémon
|rule|Item Clause: Limit 1 of each item
|clearpoke
|poke|p1|Primarina, L50, F|
|poke|p1|Sinistcha, L50|
|poke|p1|Pelipper, L50, F|
|poke|p1|Swampert, L50, M|
|poke|p1|Archaludon, L50, M|
|poke|p1|Sableye, L50, M|
|poke|p2|Kleavor, L50, F|
|poke|p2|Metagross, L50|
|poke|p2|Whimsicott, L50, F|
|poke|p2|Basculegion, L50, M|
|poke|p2|Kingambit, L50, M|
|poke|p2|Floette-Eternal, L50, F|
|teampreview|4
|showteam|p1|Primarina||LifeOrb|LiquidVoice|Moonblast,CalmMind,HyperVoice,Protect|Modest||F|||50|]Sinistcha||SitrusBerry|Hospitality|TrickRoom,RagePowder,MatchaGotcha,Protect|Bold|||||50|]Pelipper||FocusSash|Drizzle|Tailwind,Protect,WeatherBall,Hurricane|Modest||F|||50|]Swampert||Swampertite|Damp|Earthquake,WaveCrash,IcePunch,Protect|Adamant||M|||50|]Archaludon||Leftovers|Stamina|FlashCannon,DragonPulse,ElectroShot,Protect|Calm||M|||50|]Sableye||LightClay|Prankster|RainDance,FakeOut,LightScreen,Reflect|Sassy||M|||50|
|showteam|p2|Kleavor||FocusSash|Sharpness|StoneAxe,XScissor,CloseCombat,Protect|Jolly||F|||50|]Metagross||Metagrossite|ClearBody|IronHead,ThunderPunch,IcePunch,Protect|Jolly|||||50|]Whimsicott||FairyFeather|Prankster|Moonblast,Tailwind,Encore,Protect|Timid||F|||50|]Basculegion||ChoiceScarf|Adaptability|WaveCrash,FlipTurn,AquaJet,LastRespects|Jolly||M|||50|]Kingambit||BlackGlasses|Defiant|KowtowCleave,SuckerPunch,LowKick,Protect|Adamant||M|||50|]Floette-Eternal||Floettite|FlowerVeil|Moonblast,DazzlingGleam,Psychic,Protect|Timid||F|||50|
|
|t:|1783855253
|teamsize|p1|4
|teamsize|p2|4
|start
|switch|p1a: Archaludon|Archaludon, L50, M|100/100
|switch|p1b: Sableye|Sableye, L50, M|100/100
|switch|p2a: Whimsicott|Whimsicott, L50, F|100/100
|switch|p2b: Floette|Floette-Eternal, L50, F|100/100
|turn|1
|
|t:|1783855277
|detailschange|p2b: Floette|Floette-Mega, L50, F
|-mega|p2b: Floette|Floette|Floettite
|-ability|p2b: Floette|Fairy Aura
|move|p1b: Sableye|Fake Out|p2b: Floette
|-damage|p2b: Floette|90/100
|move|p2a: Whimsicott|Moonblast|p1a: Archaludon
|-damage|p1a: Archaludon|52/100
|-ability|p1a: Archaludon|Stamina|boost
|-boost|p1a: Archaludon|def|1
|cant|p2b: Floette|flinch
|move|p1a: Archaludon|Flash Cannon|p2a: Whimsicott
|-supereffective|p2a: Whimsicott|1
|-damage|p2a: Whimsicott|0 fnt
|faint|p2a: Whimsicott
|
|-heal|p1a: Archaludon|58/100|[from] item: Leftovers
|upkeep
|
|t:|1783855286
|switch|p2a: Kleavor|Kleavor, L50, F|100/100
|turn|2
|
|t:|1783855311
|move|p1b: Sableye|Light Screen|p1b: Sableye
|-sidestart|p1: Kellogsohne|move: Light Screen
|move|p2b: Floette|Dazzling Gleam|p1a: Archaludon|[spread] p1a,p1b
|-supereffective|p1b: Sableye|1
|-damage|p1a: Archaludon|28/100
|-damage|p1b: Sableye|33/100
|-ability|p1a: Archaludon|Stamina|boost
|-boost|p1a: Archaludon|def|1
|move|p2a: Kleavor|Stone Axe|p1b: Sableye|[miss]
|-miss|p2a: Kleavor|p1b: Sableye
|move|p1a: Archaludon|Flash Cannon|p2b: Floette
|-supereffective|p2b: Floette|1
|-damage|p2b: Floette|33/100
|
|-heal|p1a: Archaludon|34/100|[from] item: Leftovers
|upkeep
|turn|3
|
|t:|1783855357
|move|p1b: Sableye|Rain Dance|p1b: Sableye
|-weather|RainDance
|move|p2b: Floette|Moonblast|p1a: Archaludon
|-damage|p1a: Archaludon|0 fnt
|faint|p1a: Archaludon
|move|p2a: Kleavor|Stone Axe|p1b: Sableye|[miss]
|-miss|p2a: Kleavor|p1b: Sableye
|
|-weather|RainDance|[upkeep]
|upkeep
|
|t:|1783855372
|switch|p1a: Primarina|Primarina, L50, F|100/100
|turn|4
|c|☆Keith Jones|well thats probably game
|
|t:|1783855385
|move|p2b: Floette|Protect|p2b: Floette
|-singleturn|p2b: Floette|Protect
|move|p1b: Sableye|Reflect|p1b: Sableye
|-sidestart|p1: Kellogsohne|Reflect
|move|p2a: Kleavor|Stone Axe|p1a: Primarina|[miss]
|-miss|p2a: Kleavor|p1a: Primarina
|move|p1a: Primarina|Calm Mind|p1a: Primarina
|-boost|p1a: Primarina|spa|1
|-boost|p1a: Primarina|spd|1
|
|-weather|RainDance|[upkeep]
|upkeep
|turn|5
|c|☆Kellogsohne|Lol
|
|t:|1783855401
|move|p1b: Sableye|Reflect||[still]
|-fail|p1b: Sableye
|move|p2b: Floette|Moonblast|p1a: Primarina
|-damage|p1a: Primarina|70/100
|move|p2a: Kleavor|Stone Axe|p1a: Primarina
|-damage|p1a: Primarina|34/100
|-sidestart|p1: Kellogsohne|move: Stealth Rock
|move|p1a: Primarina|Hyper Voice|p2b: Floette|[spread] p2a,p2b
|-supereffective|p2a: Kleavor|1
|-enditem|p2a: Kleavor|Focus Sash
|-damage|p2a: Kleavor|1/100
|-damage|p2b: Floette|0 fnt
|faint|p2b: Floette
|-damage|p1a: Primarina|24/100|[from] item: Life Orb
|
|-weather|RainDance|[upkeep]
|upkeep
|
|t:|1783855408
|switch|p2b: Kingambit|Kingambit, L50, M|100/100
|turn|6
|
|t:|1783855437
|switch|p1b: Sinistcha|Sinistcha, L50|100/100
|-damage|p1b: Sinistcha|87/100|[from] Stealth Rock
|-heal|p1a: Primarina|49/100|[from] ability: Hospitality|[of] p1b: Sinistcha
|move|p2a: Kleavor|Stone Axe|p1a: Primarina
|-damage|p1a: Primarina|13/100
|move|p2b: Kingambit|Kowtow Cleave|p1a: Primarina
|-resisted|p1a: Primarina|1
|-crit|p1a: Primarina
|-damage|p1a: Primarina|0 fnt
|faint|p1a: Primarina
|
|-weather|RainDance|[upkeep]
|upkeep
|c|☆Kellogsohne|No way
|c|☆Kellogsohne|My luck came to bite me
|c|☆Kellogsohne|the thing is
|
|t:|1783855468
|switch|p1a: Sableye|Sableye, L50, M|33/100
|-damage|p1a: Sableye|21/100|[from] Stealth Rock
|turn|7
|c|☆Kellogsohne|I wanted sableye dead
|
|t:|1783855494
|move|p1a: Sableye|Fake Out|p2b: Kingambit
|-resisted|p2b: Kingambit|1
|-crit|p2b: Kingambit
|-damage|p2b: Kingambit|94/100
|move|p2a: Kleavor|X-Scissor|p1b: Sinistcha
|-damage|p1b: Sinistcha|51/100
|cant|p2b: Kingambit|flinch
|move|p1b: Sinistcha|Matcha Gotcha|p2b: Kingambit|[spread] p2a,p2b
|-resisted|p2b: Kingambit|1
|-damage|p2a: Kleavor|0 fnt
|-heal|p1b: Sinistcha|51/100|[from] drain|[of] p2a: Kleavor
|-damage|p2b: Kingambit|80/100
|-heal|p1b: Sinistcha|58/100|[from] drain|[of] p2b: Kingambit
|-status|p2b: Kingambit|brn
|faint|p2a: Kleavor
|
|-weather|none
|-damage|p2b: Kingambit|74/100 brn|[from] brn
|upkeep
|turn|8
|
|t:|1783855517
|move|p1b: Sinistcha|Protect|p1b: Sinistcha
|-singleturn|p1b: Sinistcha|Protect
|move|p1a: Sableye|Rain Dance|p1a: Sableye
|-weather|RainDance
|move|p2b: Kingambit|Kowtow Cleave|p1b: Sinistcha
|-activate|p1b: Sinistcha|move: Protect
|
|-weather|RainDance|[upkeep]
|-damage|p2b: Kingambit|68/100 brn|[from] brn
|upkeep
|turn|9
|c|☆Keith Jones|oh its not over lol
|
|t:|1783855523
|move|p1a: Sableye|Reflect||[still]
|-fail|p1a: Sableye
|move|p2b: Kingambit|Kowtow Cleave|p1b: Sinistcha
|-supereffective|p1b: Sinistcha|1
|-damage|p1b: Sinistcha|24/100
|-enditem|p1b: Sinistcha|Sitrus Berry|[eat]
|-heal|p1b: Sinistcha|48/100|[from] item: Sitrus Berry
|move|p1b: Sinistcha|Matcha Gotcha|p2b: Kingambit
|-resisted|p2b: Kingambit|1
|-damage|p2b: Kingambit|49/100 brn
|-heal|p1b: Sinistcha|58/100|[from] drain|[of] p2b: Kingambit
|
|-weather|RainDance|[upkeep]
|-damage|p2b: Kingambit|42/100 brn|[from] brn
|-sideend|p1: Kellogsohne|move: Light Screen
|upkeep
|turn|10
|
|t:|1783855537
|move|p1a: Sableye|Light Screen|p1a: Sableye
|-sidestart|p1: Kellogsohne|move: Light Screen
|move|p2b: Kingambit|Kowtow Cleave|p1a: Sableye
|-damage|p1a: Sableye|0 fnt
|faint|p1a: Sableye
|move|p1b: Sinistcha|Matcha Gotcha|p2b: Kingambit
|-resisted|p2b: Kingambit|1
|-damage|p2b: Kingambit|23/100 brn
|-heal|p1b: Sinistcha|67/100|[from] drain|[of] p2b: Kingambit
|
|-weather|RainDance|[upkeep]
|-damage|p2b: Kingambit|17/100 brn|[from] brn
|upkeep
|turn|11
|
|t:|1783855546
|move|p2b: Kingambit|Kowtow Cleave|p1b: Sinistcha
|-supereffective|p1b: Sinistcha|1
|-damage|p1b: Sinistcha|34/100
|move|p1b: Sinistcha|Matcha Gotcha|p2b: Kingambit
|-resisted|p2b: Kingambit|1
|-damage|p2b: Kingambit|0 fnt
|-heal|p1b: Sinistcha|43/100|[from] drain|[of] p2b: Kingambit
|faint|p2b: Kingambit
|
|win|Kellogsohne
|raw|Kellogsohne's rating: 1146 → 1184(+38 for winning)
|raw|Keith Jones's rating: 1352 → 1321(-31 for losing)
|c|☆Kellogsohne|Wow
|c|☆Kellogsohne|Gg😭
|c|☆Kellogsohne|damn
|c|☆Keith Jones|gg
|l|☆Kellogsohne
|player|p1|
|c|☆Keith Jones|that was unlucky lol
