|j|☆Zdog2015
|j|☆zhz2021
|html|Zdog2015zhz2021    
|uhtml|bestof|Game 1 of a best-of-3
|t:|1784204545
|gametype|doubles
|player|p1|Zdog2015|1|1104
|player|p2|zhz2021|169|1108
|gen|9
|tier|[Gen 9 Champions] VGC 2026 Reg M-B (Bo3)
|rated|
|rule|Species Clause: Limit one of each Pokémon
|rule|Item Clause: Limit 1 of each item
|clearpoke
|poke|p1|Kingambit, L50, F|
|poke|p1|Whimsicott, L50, F|
|poke|p1|Basculegion, L50, M|
|poke|p1|Garchomp, L50, F|
|poke|p1|Charizard, L50, M|
|poke|p1|Floette-Eternal, L50, F|
|poke|p2|Orthworm, L50, M|
|poke|p2|Incineroar, L50, F|
|poke|p2|Garchomp, L50, M|
|poke|p2|Basculegion, L50, M|
|poke|p2|Gholdengo, L50|
|poke|p2|Delphox, L50, M|
|teampreview|4
|showteam|p1|Kingambit||ChopleBerry|Defiant|KowtowCleave,LowKick,SuckerPunch,Protect|Adamant||F|||50|]Whimsicott||FocusSash|Prankster|Moonblast,Tailwind,Encore,Protect|Timid||F|||50|]Basculegion||MysticWater|Adaptability|WaveCrash,LastRespects,AquaJet,Protect|Adamant||M|||50|]Garchomp||LifeOrb|RoughSkin|DragonClaw,RockSlide,Earthquake,Protect|Jolly||F|||50|]Charizard||CharizarditeY|Blaze|WeatherBall,HeatWave,SolarBeam,Protect|Modest||M|||50|]Floette-Eternal||Floettite|FlowerVeil|Moonblast,DazzlingGleam,LightofRuin,Protect|Timid||F|||50|
|showteam|p2|Orthworm||SitrusBerry|EarthEater|BodyPress,HelpingHand,ShedTail,Protect|Relaxed||M|||50|]Incineroar||ChopleBerry|Intimidate|FakeOut,PartingShot,DarkestLariat,FlareBlitz|Sassy||F|||50|]Garchomp||LifeOrb|RoughSkin|RockSlide,Earthquake,StompingTantrum,Protect|Jolly||M|||50|]Basculegion||ChoiceScarf|Adaptability|AquaJet,LastRespects,WaveCrash,FlipTurn|Adamant||M|||50|]Gholdengo||MetalCoat|GoodasGold|MakeItRain,NastyPlot,Protect,ShadowBall|Modest|||||50|]Delphox||Delphoxite|Blaze|NastyPlot,Protect,HeatWave,Psyshock|Timid||M|||50|
|inactive|Battle timer is ON: inactive players will automatically lose when time's up. (requested by zhz2021)
|
|t:|1784204604
|teamsize|p1|4
|teamsize|p2|4
|start
|switch|p1a: Basculegion|Basculegion, L50, M|100/100
|switch|p1b: Whimsicott|Whimsicott, L50, F|100/100
|switch|p2a: Garchomp|Garchomp, L50, M|100/100
|switch|p2b: Orthworm|Orthworm, L50, M|100/100
|turn|1
|inactive|Zdog2015 has 30 seconds left.
|inactive|zhz2021 has 30 seconds left.
|inactive|Zdog2015 has 20 seconds left.
|inactive|zhz2021 has 20 seconds left.
|inactive|Zdog2015 has 15 seconds left.
|inactive|zhz2021 has 15 seconds left.
|inactive|Zdog2015 has 10 seconds left.
|inactive|zhz2021 has 10 seconds left.
|
|t:|1784204652
|move|p1b: Whimsicott|Tailwind|p1b: Whimsicott
|-sidestart|p1: Zdog2015|move: Tailwind
|move|p1a: Basculegion|Aqua Jet|p2a: Garchomp
|-damage|p2a: Garchomp|65/100
|-damage|p1a: Basculegion|87/100|[from] ability: Rough Skin|[of] p2a: Garchomp
|move|p2a: Garchomp|Earthquake|p1a: Basculegion|[spread] p1a,p1b
|-immune|p2b: Orthworm|[from] ability: Earth Eater
|-resisted|p1b: Whimsicott|1
|-damage|p1a: Basculegion|25/100
|-damage|p1b: Whimsicott|59/100
|-damage|p2a: Garchomp|55/100|[from] item: Life Orb
|move|p2b: Orthworm|Shed Tail|p2b: Orthworm
|-start|p2b: Orthworm|Substitute|[from] move: Shed Tail
|-damage|p2b: Orthworm|50/100y
|-enditem|p2b: Orthworm|Sitrus Berry|[eat]
|-heal|p2b: Orthworm|75/100|[from] item: Sitrus Berry
|
|t:|1784204657
|switch|p2b: Delphox|Delphox, L50, M|100/100|[from] Shed Tail
|
|upkeep
|turn|2
|inactive|Zdog2015 has 30 seconds left.
|inactive|zhz2021 has 30 seconds left.
|inactive|zhz2021 has 20 seconds left.
|
|t:|1784204694
|detailschange|p2b: Delphox|Delphox-Mega, L50, M
|-mega|p2b: Delphox|Delphox|Delphoxite
|move|p1a: Basculegion|Protect|p1a: Basculegion
|-singleturn|p1a: Basculegion|Protect
|move|p1b: Whimsicott|Moonblast|p2b: Delphox
|-resisted|p2b: Delphox|1
|-activate|p2b: Delphox|move: Substitute|[damage]
|move|p2b: Delphox|Heat Wave|p1b: Whimsicott|[spread] p1b
|-activate|p1a: Basculegion|move: Protect
|-supereffective|p1b: Whimsicott|1
|-damage|p1b: Whimsicott|0 fnt
|faint|p1b: Whimsicott
|move|p2a: Garchomp|Earthquake|p1a: Basculegion|[spread] 
|-activate|p1a: Basculegion|move: Protect
|-immune|p2b: Delphox|[from] ability: Levitate
|
|upkeep
|
|t:|1784204712
|switch|p1b: Kingambit|Kingambit, L50, F|100/100
|turn|3
|
|t:|1784204729
|move|p1b: Kingambit|Sucker Punch|p2b: Delphox
|-supereffective|p2b: Delphox|1
|-end|p2b: Delphox|Substitute
|move|p1a: Basculegion|Wave Crash|p2b: Delphox
|-supereffective|p2b: Delphox|1
|-damage|p2b: Delphox|0 fnt
|faint|p2b: Delphox
|-damage|p1a: Basculegion|0 fnt|[from] Recoil
|faint|p1a: Basculegion
|move|p2a: Garchomp|Earthquake|p1b: Kingambit
|-supereffective|p1b: Kingambit|1
|-damage|p1b: Kingambit|1/100
|-damage|p2a: Garchomp|45/100|[from] item: Life Orb
|
|upkeep
|
|t:|1784204743
|switch|p2b: Incineroar|Incineroar, L50, F|100/100
|switch|p1a: Floette|Floette-Eternal, L50, F|100/100
|-ability|p2b: Incineroar|Intimidate|boost
|-unboost|p1a: Floette|atk|1
|-unboost|p1b: Kingambit|atk|1
|-ability|p1b: Kingambit|Defiant|boost
|-boost|p1b: Kingambit|atk|2
|turn|4
|
|t:|1784204759
|detailschange|p1a: Floette|Floette-Mega, L50, F
|-mega|p1a: Floette|Floette|Floettite
|-ability|p1a: Floette|Fairy Aura
|move|p1a: Floette|Protect|p1a: Floette
|-singleturn|p1a: Floette|Protect
|move|p2a: Garchomp|Protect|p2a: Garchomp
|-singleturn|p2a: Garchomp|Protect
|move|p2b: Incineroar|Fake Out|p1a: Floette
|-activate|p1a: Floette|move: Protect
|move|p1b: Kingambit|Low Kick|p2b: Incineroar
|-supereffective|p2b: Incineroar|1
|-enditem|p2b: Incineroar|Chople Berry|[eat]
|-enditem|p2b: Incineroar|Chople Berry|[weaken]
|-damage|p2b: Incineroar|63/100
|
|-sideend|p1: Zdog2015|move: Tailwind
|upkeep
|turn|5
|inactive|Zdog2015 has 30 seconds left.
|
|t:|1784204788
|switch|p2b: Orthworm|Orthworm, L50, M|75/100
|move|p2a: Garchomp|Earthquake|p1b: Kingambit|[spread] p1a,p1b
|-heal|p2b: Orthworm|100/100|[from] ability: Earth Eater|[of] p2a: Garchomp
|-supereffective|p1b: Kingambit|1
|-damage|p1a: Floette|29/100
|-damage|p1b: Kingambit|0 fnt
|faint|p1b: Kingambit
|-damage|p2a: Garchomp|36/100|[from] item: Life Orb
|move|p1a: Floette|Dazzling Gleam|p2b: Orthworm|[spread] p2a,p2b
|-supereffective|p2a: Garchomp|1
|-resisted|p2b: Orthworm|1
|-damage|p2a: Garchomp|0 fnt
|-damage|p2b: Orthworm|71/100
|faint|p2a: Garchomp
|
|upkeep
|
|t:|1784204812
|switch|p2a: Incineroar|Incineroar, L50, F|63/100
|-ability|p2a: Incineroar|Intimidate|boost
|-unboost|p1a: Floette|atk|1
|turn|6
|
|t:|1784204831
|move|p2b: Orthworm|Helping Hand|p2a: Incineroar
|-singleturn|p2a: Incineroar|Helping Hand|[of] p2b: Orthworm
|move|p1a: Floette|Moonblast|p2a: Incineroar
|-damage|p2a: Incineroar|1/100
|move|p2a: Incineroar|Flare Blitz|p1a: Floette
|-damage|p1a: Floette|0 fnt
|faint|p1a: Floette
|-damage|p2a: Incineroar|0 fnt|[from] Recoil
|faint|p2a: Incineroar
|
|win|zhz2021
|inactive|Zdog2015 has 30 seconds to confirm battle start!
|inactive|zhz2021 has 30 seconds to confirm battle start!
