|j|☆Xto80
|j|☆robotarmadillo
|html|Xto80robotarmadillo    
|uhtml|bestof|Game 1 of a best-of-3
|t:|1782505447
|gametype|doubles
|player|p1|Xto80|fisherman-gen4|
|player|p2|robotarmadillo|policeman-gen4|
|gen|9
|tier|[Gen 9 Champions] VGC 2026 Reg M-B (Bo3)
|rule|Species Clause: Limit one of each Pokémon
|rule|Item Clause: Limit 1 of each item
|clearpoke
|poke|p1|Kingambit, L50, F|
|poke|p1|Milotic, L50, F|
|poke|p1|Rhyperior, L50, F|
|poke|p1|Skarmory, L50, F|
|poke|p1|Infernape, L50, M|
|poke|p1|Glimmora, L50, F|
|poke|p2|Farigiraf, L50, F|
|poke|p2|Alcremie-Rainbow-Swirl, L50, F|
|poke|p2|Mudsdale, L50, F|
|poke|p2|Skeledirge, L50, M|
|poke|p2|Garchomp, L50, M|
|poke|p2|Tsareena, L50, F|
|teampreview|4
|showteam|p1|Kingambit||BlackGlasses|Defiant|KowtowCleave,IronHead,SuckerPunch,SwordsDance|Adamant||F|||50|]Milotic||Leftovers|Competitive|Scald,IceBeam,Recover,Protect|Bold||F|||50|]Rhyperior||SitrusBerry|LightningRod|StoneEdge,HighHorsepower,IcePunch,HeatCrash|Adamant||F|||50|]Skarmory|||Sturdy|IronDefense,BodyPress,BraveBird,Roost|Careful||F|||50|]Infernape||FocusSash|IronFist|FakeOut,FlareBlitz,CloseCombat,Feint|Jolly||M|||50|]Glimmora||ShucaBerry|ToxicDebris|SludgeBomb,PowerGem,EarthPower,SpikyShield|Timid||F|||50|
|showteam|p2|Farigiraf||MentalHerb|ArmorTail|TrickRoom,PsychicNoise,DazzlingGleam,Protect|Sassy||F|||50|]Alcremie-Rainbow-Swirl||FocusSash|AromaVeil|Decorate,DazzlingGleam,FakeTears,Protect|Calm||F|||50|]Mudsdale||SitrusBerry|Stamina|HighHorsepower,BodyPress,RockSlide,HeavySlam|Adamant||F|||50|]Skeledirge||Leftovers|Unaware|TorchSong,ShadowBall,SlackOff,Protect|Bold||M|||50|]Garchomp||LifeOrb|RoughSkin|StompingTantrum,DragonClaw,RockSlide,Protect|Jolly||M|||50|]Tsareena||MiracleSeed|QueenlyMajesty|PowerWhip,Uturn,TripleAxel,Protect|Careful||F|||50|
|
|t:|1782505769
|teamsize|p1|4
|teamsize|p2|4
|start
|switch|p1a: Milotic|Milotic, L50, F|100/100
|switch|p1b: Skarmory|Skarmory, L50, F|100/100
|switch|p2a: Farigiraf|Farigiraf, L50, F|100/100
|switch|p2b: Alcremie|Alcremie-Rainbow-Swirl, L50, F|100/100
|turn|1
|
|t:|1782505866
|move|p1a: Milotic|Scald|p2a: Farigiraf
|-damage|p2a: Farigiraf|79/100
|-status|p2a: Farigiraf|brn
|move|p1b: Skarmory|Iron Defense|p1b: Skarmory
|-boost|p1b: Skarmory|def|2
|move|p2b: Alcremie|Fake Tears|p1a: Milotic
|-unboost|p1a: Milotic|spd|2
|-ability|p1a: Milotic|Competitive|boost
|-boost|p1a: Milotic|spa|2
|move|p2a: Farigiraf|Trick Room|p2a: Farigiraf
|-fieldstart|move: Trick Room|[of] p2a: Farigiraf
|
|-damage|p2a: Farigiraf|73/100 brn|[from] brn
|upkeep
|turn|2
|
|t:|1782506029
|move|p2a: Farigiraf|Psychic Noise|p1a: Milotic
|-damage|p1a: Milotic|59/100
|-start|p1a: Milotic|move: Heal Block
|move|p2b: Alcremie|Decorate|p2a: Farigiraf
|-boost|p2a: Farigiraf|atk|2
|-boost|p2a: Farigiraf|spa|2
|move|p1b: Skarmory|Brave Bird|p2b: Alcremie
|-damage|p2b: Alcremie|54/100
|-damage|p1b: Skarmory|84/100|[from] Recoil
|move|p1a: Milotic|Scald|p2b: Alcremie
|-damage|p2b: Alcremie|15/100
|
|-damage|p2a: Farigiraf|67/100 brn|[from] brn
|upkeep
|turn|3
|
|t:|1782506212
|move|p1a: Milotic|Protect|p1a: Milotic
|-singleturn|p1a: Milotic|Protect
|move|p2a: Farigiraf|Psychic Noise|p1a: Milotic
|-activate|p1a: Milotic|move: Protect
|move|p2b: Alcremie|Dazzling Gleam|p1b: Skarmory|[spread] p1b
|-activate|p1a: Milotic|move: Protect
|-resisted|p1b: Skarmory|1
|-damage|p1b: Skarmory|75/100
|move|p1b: Skarmory|Brave Bird|p2b: Alcremie
|-damage|p2b: Alcremie|0 fnt
|faint|p2b: Alcremie
|-damage|p1b: Skarmory|69/100|[from] Recoil
|
|-damage|p2a: Farigiraf|61/100 brn|[from] brn
|-end|p1a: Milotic|move: Heal Block
|upkeep
|
|t:|1782506256
|switch|p2b: Skeledirge|Skeledirge, L50, M|100/100
|turn|4
|
|t:|1782506480
|switch|p1b: Rhyperior|Rhyperior, L50, F|100/100
|move|p2a: Farigiraf|Psychic Noise|p1a: Milotic
|-damage|p1a: Milotic|0 fnt
|faint|p1a: Milotic
|move|p2b: Skeledirge|Torch Song|p1b: Rhyperior
|-resisted|p1b: Rhyperior|1
|-crit|p1b: Rhyperior
|-damage|p1b: Rhyperior|69/100
|-boost|p2b: Skeledirge|spa|1
|
|-damage|p2a: Farigiraf|55/100 brn|[from] brn
|upkeep
|
|t:|1782506580
|switch|p1a: Kingambit|Kingambit, L50, F|100/100
|turn|5
|
|t:|1782506732
|move|p1b: Rhyperior|High Horsepower|p2b: Skeledirge
|-supereffective|p2b: Skeledirge|1
|-damage|p2b: Skeledirge|23/100
|move|p1a: Kingambit|Kowtow Cleave|p2a: Farigiraf
|-supereffective|p2a: Farigiraf|1
|-damage|p2a: Farigiraf|0 fnt
|faint|p2a: Farigiraf
|move|p2b: Skeledirge|Torch Song|p1a: Kingambit
|-supereffective|p1a: Kingambit|1
|-crit|p1a: Kingambit
|-damage|p1a: Kingambit|0 fnt
|-boost|p2b: Skeledirge|spa|1
|faint|p1a: Kingambit
|
|-heal|p2b: Skeledirge|29/100|[from] item: Leftovers
|-fieldend|move: Trick Room
|upkeep
|
|t:|1782506784
|switch|p2a: Mudsdale|Mudsdale, L50, F|100/100
|switch|p1a: Skarmory|Skarmory, L50, F|69/100
|turn|6
|
|t:|1782506924
|move|p1a: Skarmory|Iron Defense|p1a: Skarmory
|-boost|p1a: Skarmory|def|2
|move|p2b: Skeledirge|Torch Song|p1a: Skarmory
|-supereffective|p1a: Skarmory|1
|-damage|p1a: Skarmory|0 fnt
|-boost|p2b: Skeledirge|spa|1
|faint|p1a: Skarmory
|move|p1b: Rhyperior|High Horsepower|p2b: Skeledirge
|-supereffective|p2b: Skeledirge|1
|-damage|p2b: Skeledirge|0 fnt
|faint|p2b: Skeledirge
|move|p2a: Mudsdale|High Horsepower|p1b: Rhyperior
|-supereffective|p1b: Rhyperior|1
|-damage|p1b: Rhyperior|0 fnt
|faint|p1b: Rhyperior
|
|win|robotarmadillo
|inactive|Xto80 has 30 seconds to confirm battle start!
|inactive|robotarmadillo has 30 seconds to confirm battle start!
||robotarmadillo is ready for game 2.
|inactive|Xto80 has 20 seconds to confirm battle start!
||Xto80 is ready for game 2.
|uhtml|next|Next: Game 2 of 3
