|j|☆KodeBeast0526
|j|☆THESEES
|html|KodeBeast0526THESEES    
|uhtml|bestof|Game 2 of a best-of-3
|t:|1784074745
|gametype|doubles
|player|p1|KodeBeast0526|hiker|1100
|player|p2|THESEES|nate|1112
|gen|9
|tier|[Gen 9 Champions] VGC 2026 Reg M-B (Bo3)
|rated|
|rule|Species Clause: Limit one of each Pokémon
|rule|Item Clause: Limit 1 of each item
|clearpoke
|poke|p1|Venusaur, L50, M|
|poke|p1|Charizard, L50, M|
|poke|p1|Grimmsnarl, L50, M|
|poke|p1|Archaludon, L50, F|
|poke|p1|Basculegion, L50, M|
|poke|p1|Pelipper, L50, F|
|poke|p2|Rotom-Wash, L50|
|poke|p2|Pelipper, L50, M|
|poke|p2|Swampert, L50, F|
|poke|p2|Grimmsnarl, L50, M|
|poke|p2|Corviknight, L50, F|
|poke|p2|Archaludon, L50, M|
|teampreview|4
|showteam|p1|Venusaur||FocusSash|Chlorophyll|SludgeBomb,EarthPower,SleepPowder,Protect|Modest||M|||50|]Charizard||CharizarditeY|Blaze|Protect,HeatWave,SolarBeam,WeatherBall|Modest||M|||50|]Grimmsnarl||LightClay|Prankster|SpiritBreak,LightScreen,Reflect,PartingShot|Sassy||M|||50|]Archaludon||Leftovers|Stamina|ElectroShot,DragonPulse,FlashCannon,Protect|Calm||F|||50|]Basculegion||ChoiceScarf|Adaptability|WaveCrash,LastRespects,AquaJet,FlipTurn|Jolly||M|||50|]Pelipper||SitrusBerry|Drizzle|Hurricane,WeatherBall,Tailwind,WideGuard|Modest||F|||50|
|showteam|p2|Rotom-Wash||SitrusBerry|Levitate|Discharge,Electroweb,WillOWisp,RainDance|Timid|||||50|]Pelipper||DampRock|Drizzle|WeatherBall,Hurricane,WideGuard,Tailwind|Modest||M|||50|]Swampert||Swampertite|Torrent|IcePunch,WaveCrash,Earthquake,Protect|Adamant||F|||50|]Grimmsnarl||LightClay|Prankster|Reflect,LightScreen,PartingShot,SpiritBreak|Careful||M|||50|]Corviknight||LumBerry|MirrorArmor|BraveBird,BodyPress,IronHead,IronDefense|Adamant||F|||50|]Archaludon||Leftovers|Stamina|ElectroShot,Protect,DragonPulse,FlashCannon|Modest||M|||50|
|inactive|Battle timer is ON: inactive players will automatically lose when time's up. (requested by THESEES)
|inactive|THESEES has 60 seconds left.
|inactive|THESEES has 30 seconds left.
|inactive|THESEES has 20 seconds left.
|inactive|THESEES has 15 seconds left.
|inactive|THESEES has 10 seconds left.
|
|t:|1784074827
|teamsize|p1|4
|teamsize|p2|4
|start
|switch|p1a: Grimmsnarl|Grimmsnarl, L50, M|100/100
|switch|p1b: Archaludon|Archaludon, L50, F|100/100
|switch|p2a: Rotom|Rotom-Wash, L50|100/100
|switch|p2b: Grimmsnarl|Grimmsnarl, L50, M|100/100
|turn|1
|
|t:|1784074847
|move|p2b: Grimmsnarl|Parting Shot|p1b: Archaludon
|-unboost|p1b: Archaludon|atk|1
|-unboost|p1b: Archaludon|spa|1
|
|t:|1784074854
|switch|p2b: Archaludon|Archaludon, L50, M|100/100|[from] Parting Shot
|move|p1a: Grimmsnarl|Reflect|p1a: Grimmsnarl
|-sidestart|p1: KodeBeast0526|Reflect
|move|p2a: Rotom|Will-O-Wisp|p1b: Archaludon
|-status|p1b: Archaludon|brn
|move|p1b: Archaludon|Electro Shot||[still]
|-prepare|p1b: Archaludon|Electro Shot
|-boost|p1b: Archaludon|spa|1
|
|-damage|p1b: Archaludon|93/100 brn|[from] brn
|upkeep
|turn|2
|inactive|THESEES has 30 seconds left.
|inactive|THESEES has 20 seconds left.
|inactive|THESEES has 15 seconds left.
|inactive|THESEES has 10 seconds left.
|
|t:|1784074904
|move|p1a: Grimmsnarl|Light Screen|p1a: Grimmsnarl
|-sidestart|p1: KodeBeast0526|move: Light Screen
|move|p2a: Rotom|Rain Dance|p2a: Rotom
|-weather|RainDance
|move|p1b: Archaludon|Electro Shot|p2a: Rotom|[from] lockedmove
|-damage|p2a: Rotom|57/100
|move|p2b: Archaludon|Electro Shot||[still]
|-prepare|p2b: Archaludon|Electro Shot
|-boost|p2b: Archaludon|spa|1
|-anim|p2b: Archaludon|Electro Shot|p1a: Grimmsnarl
|-damage|p1a: Grimmsnarl|58/100
|
|-weather|RainDance|[upkeep]
|-heal|p1b: Archaludon|100/100 brn|[from] item: Leftovers
|-damage|p1b: Archaludon|93/100 brn|[from] brn
|upkeep
|turn|3
|
|t:|1784074922
|switch|p2a: Grimmsnarl|Grimmsnarl, L50, M|100/100
|move|p2b: Archaludon|Protect|p2b: Archaludon
|-singleturn|p2b: Archaludon|Protect
|move|p1a: Grimmsnarl|Parting Shot|p2b: Archaludon
|-activate|p2b: Archaludon|move: Protect
|move|p1b: Archaludon|Electro Shot||[still]
|-prepare|p1b: Archaludon|Electro Shot
|-boost|p1b: Archaludon|spa|1
|-anim|p1b: Archaludon|Electro Shot|p2a: Grimmsnarl
|-damage|p2a: Grimmsnarl|60/100
|
|-weather|RainDance|[upkeep]
|-heal|p1b: Archaludon|100/100 brn|[from] item: Leftovers
|-damage|p1b: Archaludon|93/100 brn|[from] brn
|upkeep
|turn|4
|
|t:|1784074941
|move|p1b: Archaludon|Protect|p1b: Archaludon
|-singleturn|p1b: Archaludon|Protect
|move|p2a: Grimmsnarl|Light Screen|p2a: Grimmsnarl
|-sidestart|p2: THESEES|move: Light Screen
|move|p2b: Archaludon|Dragon Pulse|p1b: Archaludon
|-activate|p1b: Archaludon|move: Protect
|move|p1a: Grimmsnarl|Spirit Break|p2a: Grimmsnarl
|-supereffective|p2a: Grimmsnarl|1
|-damage|p2a: Grimmsnarl|0 fnt
|faint|p2a: Grimmsnarl
|
|-weather|RainDance|[upkeep]
|-heal|p1b: Archaludon|100/100 brn|[from] item: Leftovers
|-damage|p1b: Archaludon|93/100 brn|[from] brn
|upkeep
|
|t:|1784074951
|switch|p2a: Pelipper|Pelipper, L50, M|100/100
|turn|5
|
|t:|1784074976
|move|p1a: Grimmsnarl|Parting Shot|p2b: Archaludon
|-unboost|p2b: Archaludon|atk|1
|-unboost|p2b: Archaludon|spa|1
|
|t:|1784074983
|switch|p1a: Charizard|Charizard, L50, M|100/100|[from] Parting Shot
|move|p1b: Archaludon|Electro Shot||[still]
|-prepare|p1b: Archaludon|Electro Shot
|-boost|p1b: Archaludon|spa|1
|-anim|p1b: Archaludon|Electro Shot|p2a: Pelipper
|-supereffective|p2a: Pelipper|2
|-damage|p2a: Pelipper|0 fnt
|faint|p2a: Pelipper
|move|p2b: Archaludon|Dragon Pulse|p1b: Archaludon
|-damage|p1b: Archaludon|62/100 brn
|-ability|p1b: Archaludon|Stamina|boost
|-boost|p1b: Archaludon|def|1
|
|-weather|RainDance|[upkeep]
|-heal|p1b: Archaludon|69/100 brn|[from] item: Leftovers
|-damage|p1b: Archaludon|62/100 brn|[from] brn
|upkeep
|
|t:|1784074992
|switch|p2a: Rotom|Rotom-Wash, L50|57/100
|turn|6
|
|t:|1784074999
|detailschange|p1a: Charizard|Charizard-Mega-Y, L50, M
|-mega|p1a: Charizard|Charizard|Charizardite Y
|-weather|SunnyDay|[from] ability: Drought|[of] p1a: Charizard
|move|p2b: Archaludon|Protect|p2b: Archaludon
|-singleturn|p2b: Archaludon|Protect
|move|p2a: Rotom|Electroweb|p1a: Charizard|[spread] p1a,p1b
|-supereffective|p1a: Charizard|1
|-resisted|p1b: Archaludon|1
|-damage|p1a: Charizard|79/100
|-damage|p1b: Archaludon|58/100 brn
|-unboost|p1a: Charizard|spe|1
|-unboost|p1b: Archaludon|spe|1
|-ability|p1b: Archaludon|Stamina|boost
|-boost|p1b: Archaludon|def|1
|move|p1a: Charizard|Solar Beam||[still]
|-prepare|p1a: Charizard|Solar Beam
|-anim|p1a: Charizard|Solar Beam|p2a: Rotom
|-supereffective|p2a: Rotom|1
|-damage|p2a: Rotom|0 fnt
|faint|p2a: Rotom
|move|p1b: Archaludon|Dragon Pulse|p2b: Archaludon
|-activate|p2b: Archaludon|move: Protect
|
|-weather|SunnyDay|[upkeep]
|-heal|p1b: Archaludon|64/100 brn|[from] item: Leftovers
|-damage|p1b: Archaludon|58/100 brn|[from] brn
|upkeep
|turn|7
|
|t:|1784075019
|move|p2b: Archaludon|Dragon Pulse|p1b: Archaludon
|-damage|p1b: Archaludon|29/100 brn
|-ability|p1b: Archaludon|Stamina|boost
|-boost|p1b: Archaludon|def|1
|move|p1a: Charizard|Weather Ball|p2b: Archaludon
|-damage|p2b: Archaludon|16/100
|-ability|p2b: Archaludon|Stamina|boost
|-boost|p2b: Archaludon|def|1
|move|p1b: Archaludon|Dragon Pulse|p2b: Archaludon
|-damage|p2b: Archaludon|0 fnt
|faint|p2b: Archaludon
|
|win|KodeBeast0526
||THESEES is ready for game 3.
