|j|☆jowemama
|j|☆KyleTampy
|html|jowemamaKyleTampy    
|uhtml|bestof|Game 2 of a best-of-3
|t:|1757860909
|gametype|doubles
|player|p1|jowemama|scientistf|
|player|p2|KyleTampy|lucian|
|gen|9
|tier|[Gen 9] VGC 2025 Reg H (Bo3)
|rule|Species Clause: Limit one of each Pokémon
|rule|Item Clause: Limit 1 of each item
|clearpoke
|poke|p1|Decidueye-Hisui, L50, F|
|poke|p1|Primarina, L50, M|
|poke|p1|Incineroar, L50, M|
|poke|p1|Dragapult, L50, M|
|poke|p1|Electabuzz, L50, F|
|poke|p1|Vivillon, L50, F|
|poke|p2|Kleavor, L50, F|
|poke|p2|Tyranitar, L50, F|
|poke|p2|Gastrodon-East, L50, F|
|poke|p2|Decidueye-Hisui, L50, M|
|poke|p2|Corviknight, L50, M|
|poke|p2|Excadrill, L50, M|
|teampreview|4
|showteam|p1|Decidueye-Hisui||ScopeLens|Scrappy|LeafBlade,TripleArrows,BraveBird,Protect|||F|||50|,,,,,Poison]Primarina||SitrusBerry|LiquidVoice|HyperVoice,Moonblast,Haze,Protect|||M|||50|,,,,,Poison]Incineroar||SafetyGoggles|Intimidate|KnockOff,WillOWisp,PartingShot,FakeOut|||M|||50|,,,,,Grass]Dragapult||ChoiceBand|ClearBody|DragonDarts,Outrage,PhantomForce,Uturn|||M|||50|,,,,,Dragon]Electabuzz||Eviolite|VitalSpirit|Thunderbolt,Electroweb,Taunt,FollowMe|||F|||50|,,,,,Ghost]Vivillon||FocusSash|CompoundEyes|Hurricane,SleepPowder,Tailwind,Protect|||F|||50|,,,,,Ghost
|showteam|p2|Kleavor||FocusSash|Sharpness|StoneAxe,CloseCombat,NightSlash,Protect|||F|||50|,,,,,Steel]Tyranitar||AssaultVest|SandStream|RockSlide,KnockOff,Snarl,TeraBlast|||F|||50|,,,,,Flying]Gastrodon-East||Leftovers|StormDrain|EarthPower,ClearSmog,Yawn,Protect|||F|||50|,,,,,Rock]Decidueye-Hisui||ScopeLens|Scrappy|TripleArrows,LeafBlade,SuckerPunch,Protect|||M|||50|,,,,,Steel]Corviknight||CovertCloak|MirrorArmor|Tailwind,BodyPress,DrillPeck,Uturn|||M|||50|,,,,,Dragon]Excadrill||ChoiceScarf|SandForce|Earthquake,IronHead,RockSlide,HighHorsepower|||M|||50|,,,,,Ghost
|inactive|Battle timer is ON: inactive players will automatically lose when time's up. (requested by jowemama)
|j| SengarBlade
|j| Oldcow
|inactive|KyleTampy has 60 seconds left.
|
|t:|1757860967
|teamsize|p1|4
|teamsize|p2|4
|start
|switch|p1a: Electabuzz|Electabuzz, L50, F|100/100
|switch|p1b: Dragapult|Dragapult, L50, M|100/100
|switch|p2a: Corviknight|Corviknight, L50, M|100/100
|switch|p2b: Kleavor|Kleavor, L50, F|100/100
|turn|1
|inactive|jowemama has 30 seconds left.
|
|t:|1757860998
|-terastallize|p1b: Dragapult|Dragon
|move|p2b: Kleavor|Protect|p2b: Kleavor
|-singleturn|p2b: Kleavor|Protect
|move|p1a: Electabuzz|Follow Me|p1a: Electabuzz
|-singleturn|p1a: Electabuzz|move: Follow Me
|move|p1b: Dragapult|Outrage|p2a: Corviknight
|-resisted|p2a: Corviknight
|-crit|p2a: Corviknight
|-damage|p2a: Corviknight|23/100
|move|p2a: Corviknight|Tailwind|p2a: Corviknight
|-sidestart|p2: KyleTampy|move: Tailwind
|
|upkeep
|turn|2
|
|t:|1757861015
|move|p2b: Kleavor|Stone Axe|p1b: Dragapult
|-damage|p1b: Dragapult|30/100
|-sidestart|p1: jowemama|move: Stealth Rock
|move|p1b: Dragapult|Outrage|p2a: Corviknight|[from] lockedmove
|-resisted|p2a: Corviknight
|-damage|p2a: Corviknight|0 fnt
|faint|p2a: Corviknight
|move|p1a: Electabuzz|Thunderbolt|p2b: Kleavor
|-damage|p2b: Kleavor|49/100
|
|upkeep
|
|t:|1757861025
|switch|p2a: Tyranitar|Tyranitar, L50, F|100/100
|-weather|Sandstorm|[from] ability: Sand Stream|[of] p2a: Tyranitar
|turn|3
|
|t:|1757861038
|move|p2b: Kleavor|Night Slash|p1b: Dragapult
|-damage|p1b: Dragapult|0 fnt
|faint|p1b: Dragapult
|move|p2a: Tyranitar|Knock Off|p1a: Electabuzz
|-damage|p1a: Electabuzz|66/100
|-enditem|p1a: Electabuzz|Eviolite|[from] move: Knock Off|[of] p2a: Tyranitar
|move|p1a: Electabuzz|Electroweb|p2b: Kleavor|[spread] p2a,p2b
|-damage|p2a: Tyranitar|95/100
|-damage|p2b: Kleavor|36/100
|-unboost|p2a: Tyranitar|spe|1
|-unboost|p2b: Kleavor|spe|1
|
|-weather|Sandstorm|[upkeep]
|-damage|p1a: Electabuzz|60/100|[from] Sandstorm
|upkeep
|
|t:|1757861040
|switch|p1b: Incineroar|Incineroar, L50, M|100/100
|-damage|p1b: Incineroar|76/100|[from] Stealth Rock
|-ability|p1b: Incineroar|Intimidate|boost
|-unboost|p2a: Tyranitar|atk|1
|-unboost|p2b: Kleavor|atk|1
|turn|4
|
|t:|1757861056
|move|p1b: Incineroar|Fake Out|p2a: Tyranitar
|-resisted|p2a: Tyranitar
|-damage|p2a: Tyranitar|92/100
|move|p2b: Kleavor|Stone Axe|p1b: Incineroar
|-supereffective|p1b: Incineroar
|-damage|p1b: Incineroar|16/100
|move|p1a: Electabuzz|Electroweb|p2a: Tyranitar|[spread] p2a,p2b
|-damage|p2a: Tyranitar|86/100
|-damage|p2b: Kleavor|20/100
|-unboost|p2a: Tyranitar|spe|1
|-unboost|p2b: Kleavor|spe|1
|cant|p2a: Tyranitar|flinch
|
|-weather|Sandstorm|[upkeep]
|-damage|p1a: Electabuzz|54/100|[from] Sandstorm
|-sideend|p2: KyleTampy|move: Tailwind
|upkeep
|turn|5
|
|t:|1757861064
|switch|p2b: Gastrodon|Gastrodon-East, L50, F|100/100
|move|p1a: Electabuzz|Thunderbolt|p2b: Gastrodon
|-immune|p2b: Gastrodon
|move|p1b: Incineroar|Will-O-Wisp|p2a: Tyranitar|[miss]
|-miss|p1b: Incineroar|p2a: Tyranitar
|move|p2a: Tyranitar|Rock Slide|p1b: Incineroar|[spread] p1a,p1b
|-supereffective|p1b: Incineroar
|-damage|p1a: Electabuzz|35/100
|-damage|p1b: Incineroar|0 fnt
|faint|p1b: Incineroar
|
|-weather|Sandstorm|[upkeep]
|-damage|p1a: Electabuzz|29/100|[from] Sandstorm
|upkeep
|
|t:|1757861069
|switch|p1b: Primarina|Primarina, L50, M|100/100
|-damage|p1b: Primarina|88/100|[from] Stealth Rock
|turn|6
|inactive|KyleTampy has 30 seconds left.
|
|t:|1757861095
|switch|p2a: Kleavor|Kleavor, L50, F|20/100
|move|p1a: Electabuzz|Thunderbolt|p2a: Kleavor
|-damage|p2a: Kleavor|0 fnt
|faint|p2a: Kleavor
|move|p1b: Primarina|Moonblast|p2b: Gastrodon
|-damage|p2b: Gastrodon|62/100
|move|p2b: Gastrodon|Yawn|p1b: Primarina
|-start|p1b: Primarina|move: Yawn|[of] p2b: Gastrodon
|
|-weather|Sandstorm|[upkeep]
|-damage|p1a: Electabuzz|23/100|[from] Sandstorm
|-damage|p1b: Primarina|82/100|[from] Sandstorm
|-heal|p2b: Gastrodon|68/100|[from] item: Leftovers
|upkeep
|
|t:|1757861100
|switch|p2a: Tyranitar|Tyranitar, L50, F|86/100
|turn|7
|
|t:|1757861110
|move|p1a: Electabuzz|Taunt|p2b: Gastrodon
|-start|p2b: Gastrodon|move: Taunt
|move|p1b: Primarina|Moonblast|p2a: Tyranitar
|-supereffective|p2a: Tyranitar
|-damage|p2a: Tyranitar|49/100
|move|p2a: Tyranitar|Rock Slide|p1b: Primarina|[spread] p1a,p1b
|-damage|p1a: Electabuzz|0 fnt
|-damage|p1b: Primarina|53/100
|faint|p1a: Electabuzz
|move|p2b: Gastrodon|Earth Power|p1b: Primarina
|-damage|p1b: Primarina|23/100
|-unboost|p1b: Primarina|spd|1
|-enditem|p1b: Primarina|Sitrus Berry|[eat]
|-heal|p1b: Primarina|48/100|[from] item: Sitrus Berry
|
|-weather|none
|-heal|p2b: Gastrodon|74/100|[from] item: Leftovers
|-end|p1b: Primarina|move: Yawn|[silent]
|-status|p1b: Primarina|slp
|upkeep
|turn|8
|
|t:|1757861127
|cant|p1b: Primarina|slp
|move|p2a: Tyranitar|Snarl|p1b: Primarina
|-resisted|p1b: Primarina
|-damage|p1b: Primarina|36/100 slp
|-unboost|p1b: Primarina|spa|1
|move|p2b: Gastrodon|Clear Smog|p1b: Primarina
|-supereffective|p1b: Primarina
|-damage|p1b: Primarina|4/100 slp
|-clearboost|p1b: Primarina
|
|-heal|p2b: Gastrodon|80/100|[from] item: Leftovers
|upkeep
|turn|9
|
|t:|1757861141
|cant|p1b: Primarina|slp
|move|p2a: Tyranitar|Tera Blast|p1b: Primarina
|-damage|p1b: Primarina|0 fnt
|faint|p1b: Primarina
|
|win|KyleTampy
||jowemama is ready for game 3.
||KyleTampy is ready for game 3.
|uhtml|next|Next: Game 3 of 3
|l| SengarBlade
|l|☆jowemama
|player|p1|
|l| Oldcow
