|j|‽trail run 001
|j|☆VenusaurBot
|html|trail run 001VenusaurBot    
|uhtml|bestof|Game 2 of a best-of-3
|t:|1784300011
|gametype|doubles
|player|p1|trail run 001|scientist|1107
|player|p2|VenusaurBot|koga|1185
|gen|9
|tier|[Gen 9 Champions] VGC 2026 Reg M-B (Bo3)
|rated|
|rule|Species Clause: Limit one of each Pokémon
|rule|Item Clause: Limit 1 of each item
|clearpoke
|poke|p1|Palafin, L50, F, shiny|
|poke|p1|Sinistcha, L50|
|poke|p1|Sneasler, L50, F|
|poke|p1|Incineroar, L50, F|
|poke|p1|Floette-Eternal, L50, F|
|poke|p1|Kangaskhan, L50, F|
|poke|p2|Blaziken, L50, M|
|poke|p2|Venusaur, L50, F|
|poke|p2|Ninetales-Alola, L50, M|
|poke|p2|Dragonite, L50, F|
|poke|p2|Kingambit, L50, M|
|poke|p2|Basculegion, L50, M|
|teampreview|4
|showteam|p1|Palafin||ScopeLens|ZerotoHero|JetPunch,DrainPunch,FocusEnergy,Protect|Adamant||F|||50|]Sinistcha||KasibBerry|Hospitality|MatchaGotcha,ShadowBall,LifeDew,RagePowder|Bold|||||50|]Sneasler||FocusSash|PoisonTouch|DireClaw,CloseCombat,FakeOut,Coaching|Jolly||F|||50|]Incineroar||SitrusBerry|Intimidate|FlareBlitz,ThroatChop,HelpingHand,PartingShot|Careful||F|||50|]Floette-Eternal||Floettite|FlowerVeil|CalmMind,DazzlingGleam,DrainingKiss,Protect|Modest||F|||50|]Kangaskhan||Kangaskhanite|Scrappy|FakeOut,DrainPunch,DoubleEdge,SuckerPunch|Adamant||F|||50|
|showteam|p2|Blaziken||Blazikenite|SpeedBoost|Protect,FlareBlitz,CloseCombat,RockSlide|Adamant||M|||50|]Venusaur||Venusaurite|Chlorophyll|Protect,EarthPower,SludgeBomb,GigaDrain|Modest||F|||50|]Ninetales-Alola||NeverMeltIce|SnowWarning|Protect,Blizzard,FreezeDry,Encore|Timid||M|||50|]Dragonite||LifeOrb|InnerFocus|Protect,ExtremeSpeed,DragonClaw,LowKick|Adamant||F|||50|]Kingambit||BlackGlasses|Defiant|Protect,KowtowCleave,SuckerPunch,IronHead|Adamant||M|||50|]Basculegion||ChoiceScarf|Adaptability|WaveCrash,FlipTurn,AquaJet,LastRespects|Jolly||M|||50|
|inactive|Battle timer is ON: inactive players will automatically lose when time's up. (requested by VenusaurBot)
|inactive|VenusaurBot has 60 seconds left.
|
|t:|1784300079
|teamsize|p1|4
|teamsize|p2|4
|start
|switch|p1a: Kangaskhan|Kangaskhan, L50, F|100/100
|switch|p1b: Incineroar|Incineroar, L50, F|100/100
|switch|p2a: Venusaur|Venusaur, L50, F|100/100
|switch|p2b: Blaziken|Blaziken, L50, M|100/100
|-ability|p1b: Incineroar|Intimidate|boost
|-unboost|p2a: Venusaur|atk|1
|-unboost|p2b: Blaziken|atk|1
|turn|1
|inactive|trail run 001 has 30 seconds left.
|inactive|trail run 001 has 20 seconds left.
|
|t:|1784300115
|detailschange|p1a: Kangaskhan|Kangaskhan-Mega, L50, F
|-mega|p1a: Kangaskhan|Kangaskhan|Kangaskhanite
|move|p2b: Blaziken|Protect|p2b: Blaziken
|-singleturn|p2b: Blaziken|Protect
|move|p2a: Venusaur|Protect|p2a: Venusaur
|-singleturn|p2a: Venusaur|Protect
|move|p1a: Kangaskhan|Fake Out|p2b: Blaziken
|-activate|p2b: Blaziken|move: Protect
|move|p1b: Incineroar|Flare Blitz|p2a: Venusaur
|-activate|p2a: Venusaur|move: Protect
|
|-ability|p2b: Blaziken|Speed Boost|boost
|-boost|p2b: Blaziken|spe|1
|upkeep
|turn|2
|inactive|VenusaurBot has 30 seconds left.
|
|t:|1784300143
|switch|p1a: Sinistcha|Sinistcha, L50|100/100
|detailschange|p2a: Venusaur|Venusaur-Mega, L50, F
|-mega|p2a: Venusaur|Venusaur|Venusaurite
|move|p2b: Blaziken|Close Combat|p1b: Incineroar
|-supereffective|p1b: Incineroar|1
|-damage|p1b: Incineroar|12/100
|-unboost|p2b: Blaziken|def|1
|-unboost|p2b: Blaziken|spd|1
|-enditem|p1b: Incineroar|Sitrus Berry|[eat]
|-heal|p1b: Incineroar|37/100|[from] item: Sitrus Berry
|move|p2a: Venusaur|Sludge Bomb|p1a: Sinistcha
|-damage|p1a: Sinistcha|50/100g
|-status|p1a: Sinistcha|psn
|move|p1b: Incineroar|Flare Blitz|p2a: Venusaur
|-supereffective|p2a: Venusaur|1
|-damage|p2a: Venusaur|66/100
|-damage|p1b: Incineroar|27/100|[from] Recoil
|
|-damage|p1a: Sinistcha|38/100 psn|[from] psn
|-ability|p2b: Blaziken|Speed Boost|boost
|-boost|p2b: Blaziken|spe|1
|upkeep
|turn|3
|inactive|trail run 001 has 30 seconds left.
|inactive|VenusaurBot has 30 seconds left.
|inactive|VenusaurBot has 20 seconds left.
|inactive|trail run 001 has 20 seconds left.
|inactive|VenusaurBot has 15 seconds left.
|
|t:|1784300186
|switch|p1b: Palafin|Palafin, L50, F, shiny|100/100
|move|p1a: Sinistcha|Rage Powder|p1a: Sinistcha
|-singleturn|p1a: Sinistcha|move: Rage Powder
|move|p2b: Blaziken|Flare Blitz|p1a: Sinistcha
|-supereffective|p1a: Sinistcha|1
|-damage|p1a: Sinistcha|0 fnt
|faint|p1a: Sinistcha
|-damage|p2b: Blaziken|85/100|[from] Recoil
|move|p2a: Venusaur|Sludge Bomb|p1b: Palafin
|-damage|p1b: Palafin|46/100
|
|-ability|p2b: Blaziken|Speed Boost|boost
|-boost|p2b: Blaziken|spe|1
|upkeep
|
|t:|1784300194
|switch|p1a: Incineroar|Incineroar, L50, F|27/100
|-ability|p1a: Incineroar|Intimidate|boost
|-unboost|p2a: Venusaur|atk|1
|-unboost|p2b: Blaziken|atk|1
|turn|4
|inactive|VenusaurBot has 30 seconds left.
|
|t:|1784300223
|detailschange|p1b: Palafin|Palafin-Hero, L50, F, shiny
|switch|p1b: Kangaskhan|Kangaskhan-Mega, L50, F|100/100
|move|p2b: Blaziken|Close Combat|p1b: Kangaskhan
|-supereffective|p1b: Kangaskhan|1
|-damage|p1b: Kangaskhan|42/100
|-unboost|p2b: Blaziken|def|1
|-unboost|p2b: Blaziken|spd|1
|move|p2a: Venusaur|Sludge Bomb|p1a: Incineroar
|-damage|p1a: Incineroar|0 fnt
|faint|p1a: Incineroar
|
|-ability|p2b: Blaziken|Speed Boost|boost
|-boost|p2b: Blaziken|spe|1
|upkeep
|
|t:|1784300228
|switch|p1a: Palafin|Palafin-Hero, L50, F, shiny|46/100
|-activate|p1a: Palafin|ability: Zero to Hero
|turn|5
|
|t:|1784300243
|move|p2b: Blaziken|Protect|p2b: Blaziken
|-singleturn|p2b: Blaziken|Protect
|move|p2a: Venusaur|Protect|p2a: Venusaur
|-singleturn|p2a: Venusaur|Protect
|move|p1b: Kangaskhan|Fake Out|p2a: Venusaur
|-activate|p2a: Venusaur|move: Protect
|move|p1a: Palafin|Focus Energy|p1a: Palafin
|-start|p1a: Palafin|move: Focus Energy
|
|-ability|p2b: Blaziken|Speed Boost|boost
|-boost|p2b: Blaziken|spe|1
|upkeep
|turn|6
|
|t:|1784300261
|move|p1a: Palafin|Jet Punch|p2b: Blaziken
|-supereffective|p2b: Blaziken|1
|-crit|p2b: Blaziken
|-damage|p2b: Blaziken|0 fnt
|faint|p2b: Blaziken
|move|p1b: Kangaskhan|Double-Edge|p2a: Venusaur
|-damage|p2a: Venusaur|14/100
|-damage|p2a: Venusaur|3/100
|-hitcount|p2a: Venusaur|2
|-damage|p1b: Kangaskhan|24/100|[from] Recoil
|move|p2a: Venusaur|Giga Drain|p1a: Palafin
|-supereffective|p1a: Palafin|1
|-damage|p1a: Palafin|0 fnt
|-heal|p2a: Venusaur|28/100|[from] drain|[of] p1a: Palafin
|faint|p1a: Palafin
|
|upkeep
|
|t:|1784300273
|switch|p2b: Dragonite|Dragonite, L50, F|100/100
|turn|7
|-message|trail run 001 forfeited.
|raw|trail run 001's rating: 1107 → 1088(-19 for losing)
|raw|VenusaurBot's rating: 1185 → 1204(+19 for winning)
|
|win|VenusaurBot
