|j|☆folkloore
|j|☆Spectre Moon
|html|folklooreSpectre Moon    
|uhtml|bestof|Game 3 of a best-of-3
|t:|1785989114
|gametype|doubles
|player|p1|folkloore|170|1032
|player|p2|Spectre Moon|elesa|1071
|gen|9
|tier|[Gen 9 Champions] VGC 2026 Reg M-B (Bo3)
|rated|
|rule|Species Clause: Limit one of each Pokémon
|rule|Item Clause: Limit 1 of each item
|clearpoke
|poke|p1|Vaporeon, L50, F|
|poke|p1|Politoed, L50, M|
|poke|p1|Heliolisk, L50, F|
|poke|p1|Toxicroak, L50, F|
|poke|p1|Dragonite, L50, F|
|poke|p1|Scovillain, L50, M|
|poke|p2|Gardevoir, L50, M|
|poke|p2|Whimsicott, L50, F|
|poke|p2|Staraptor, L50, F|
|poke|p2|Garchomp, L50, F|
|poke|p2|Incineroar, L50, F|
|poke|p2|Sneasler, L50, F|
|teampreview|4
|showteam|p1|Vaporeon||Leftovers|WaterAbsorb|CalmMind,Surf,IceBeam,Protect|Modest||F|||50|]Politoed||LifeOrb|Drizzle|Protect,Surf,IceBeam,EarthPower|Modest||M|||50|]Heliolisk||ChoiceScarf|DrySkin|Thunderbolt,HyperVoice,Surf,ShedTail|Timid||F|||50|]Toxicroak||ShucaBerry|DrySkin|FakeOut,CloseCombat,GunkShot,Protect|Adamant||F|||50|]Dragonite||Dragoninite|Multiscale|Protect,DragonPulse,Hurricane,Surf|Modest||F|||50|]Scovillain||Scovillainite|Moody|Protect,LeechSeed,RagePowder,Overheat|Bold||M|||50|
|showteam|p2|Gardevoir||Gardevoirite|Telepathy|HyperVoice,Psychic,AuraSphere,Protect|Modest||M|||50|]Whimsicott||FocusSash|Prankster|Moonblast,Tailwind,Encore,Protect|Timid||F|||50|]Staraptor||Staraptite|Intimidate|BraveBird,CloseCombat,Roost,Protect|Adamant||F|||50|]Garchomp||LifeOrb|RoughSkin|DragonClaw,StompingTantrum,RockSlide,Protect|Adamant||F|||50|]Incineroar||BlackGlasses|Intimidate|FlareBlitz,DarkestLariat,FakeOut,Protect|Adamant||F|||50|]Sneasler||WhiteHerb|PoisonTouch|DireClaw,FakeOut,CloseCombat,Protect|Jolly||F|||50|
|inactive|Battle timer is ON: inactive players will automatically lose when time's up. (requested by Spectre Moon)
|
|t:|1785989135
|teamsize|p1|4
|teamsize|p2|4
|start
|switch|p1a: Scovillain|Scovillain, L50, M|100/100
|switch|p1b: Vaporeon|Vaporeon, L50, F|100/100
|switch|p2a: Gardevoir|Gardevoir, L50, M|100/100
|switch|p2b: Sneasler|Sneasler, L50, F|100/100
|turn|1
|inactive|folkloore has 30 seconds left.
|
|t:|1785989168
|detailschange|p2a: Gardevoir|Gardevoir-Mega, L50, M
|-mega|p2a: Gardevoir|Gardevoir|Gardevoirite
|detailschange|p1a: Scovillain|Scovillain-Mega, L50, M
|-mega|p1a: Scovillain|Scovillain|Scovillainite
|move|p1b: Vaporeon|Protect|p1b: Vaporeon
|-singleturn|p1b: Vaporeon|Protect
|move|p2b: Sneasler|Fake Out|p1b: Vaporeon
|-activate|p1b: Vaporeon|move: Protect
|move|p2a: Gardevoir|Psychic|p1a: Scovillain
|-damage|p1a: Scovillain|40/100
|-status|p2a: Gardevoir|brn|[from] ability: Spicy Spray|[of] p1a: Scovillain
|move|p1a: Scovillain|Leech Seed|p2a: Gardevoir|[miss]
|-miss|p1a: Scovillain|p2a: Gardevoir
|
|-damage|p2a: Gardevoir|93/100 brn|[from] brn
|upkeep
|turn|2
|inactive|folkloore has 30 seconds left.
|
|t:|1785989197
|switch|p1a: Politoed|Politoed, L50, M|100/100
|-weather|RainDance|[from] ability: Drizzle|[of] p1a: Politoed
|move|p2b: Sneasler|Protect|p2b: Sneasler
|-singleturn|p2b: Sneasler|Protect
|move|p2a: Gardevoir|Psychic|p1a: Politoed
|-damage|p1a: Politoed|31/100
|move|p1b: Vaporeon|Surf|p2a: Gardevoir|[spread] p1a,p2a
|-activate|p2b: Sneasler|move: Protect
|-resisted|p1a: Politoed|1
|-damage|p1a: Politoed|7/100
|-damage|p2a: Gardevoir|49/100 brn
|
|-weather|RainDance|[upkeep]
|-damage|p2a: Gardevoir|43/100 brn|[from] brn
|upkeep
|turn|3
|inactive|folkloore has 30 seconds left.
|
|t:|1785989226
|switch|p1a: Toxicroak|Toxicroak, L50, F|100/100
|move|p2b: Sneasler|Dire Claw|p1b: Vaporeon
|-damage|p1b: Vaporeon|56/100
|move|p2a: Gardevoir|Hyper Voice|p1a: Toxicroak|[spread] p1a,p1b
|-damage|p1a: Toxicroak|35/100
|-damage|p1b: Vaporeon|15/100
|move|p1b: Vaporeon|Surf|p2a: Gardevoir|[spread] p2a,p2b
|-heal|p1a: Toxicroak|60/100|[from] ability: Dry Skin|[of] p1b: Vaporeon
|-damage|p2a: Gardevoir|0 fnt
|-damage|p2b: Sneasler|42/100
|faint|p2a: Gardevoir
|
|-weather|RainDance|[upkeep]
|-heal|p1a: Toxicroak|72/100|[from] ability: Dry Skin
|-heal|p1b: Vaporeon|21/100|[from] item: Leftovers
|upkeep
|
|t:|1785989241
|switch|p2a: Garchomp|Garchomp, L50, F|100/100
|turn|4
|
|t:|1785989261
|move|p2b: Sneasler|Protect|p2b: Sneasler
|-singleturn|p2b: Sneasler|Protect
|move|p2a: Garchomp|Protect|p2a: Garchomp
|-singleturn|p2a: Garchomp|Protect
|move|p1a: Toxicroak|Fake Out|p2b: Sneasler
|-activate|p2b: Sneasler|move: Protect
|move|p1b: Vaporeon|Ice Beam|p2a: Garchomp
|-activate|p2a: Garchomp|move: Protect
|
|-weather|RainDance|[upkeep]
|-heal|p1a: Toxicroak|84/100|[from] ability: Dry Skin
|-heal|p1b: Vaporeon|27/100|[from] item: Leftovers
|upkeep
|turn|5
|inactive|folkloore has 30 seconds left.
|inactive|Spectre Moon has 30 seconds left.
|
|t:|1785989290
|move|p1b: Vaporeon|Protect|p1b: Vaporeon
|-singleturn|p1b: Vaporeon|Protect
|move|p2b: Sneasler|Dire Claw|p1a: Toxicroak
|-resisted|p1a: Toxicroak|1
|-damage|p1a: Toxicroak|57/100
|move|p2a: Garchomp|Stomping Tantrum|p1a: Toxicroak
|-supereffective|p1a: Toxicroak|1
|-enditem|p1a: Toxicroak|Shuca Berry|[eat]
|-enditem|p1a: Toxicroak|Shuca Berry|[weaken]
|-damage|p1a: Toxicroak|0 fnt
|faint|p1a: Toxicroak
|-damage|p2a: Garchomp|90/100|[from] item: Life Orb
|
|-weather|RainDance|[upkeep]
|-heal|p1b: Vaporeon|33/100|[from] item: Leftovers
|upkeep
|
|t:|1785989307
|switch|p1a: Scovillain|Scovillain-Mega, L50, M|40/100
|turn|6
|
|t:|1785989315
|move|p2a: Garchomp|Protect|p2a: Garchomp
|-singleturn|p2a: Garchomp|Protect
|move|p1a: Scovillain|Rage Powder|p1a: Scovillain
|-singleturn|p1a: Scovillain|move: Rage Powder
|move|p2b: Sneasler|Dire Claw|p1a: Scovillain
|-supereffective|p1a: Scovillain|1
|-damage|p1a: Scovillain|0 fnt
|-status|p2b: Sneasler|brn|[from] ability: Spicy Spray|[of] p1a: Scovillain
|faint|p1a: Scovillain
|move|p1b: Vaporeon|Ice Beam|p2a: Garchomp
|-activate|p2a: Garchomp|move: Protect
|
|-weather|none
|-heal|p1b: Vaporeon|40/100|[from] item: Leftovers
|-damage|p2b: Sneasler|36/100 brn|[from] brn
|upkeep
|
|t:|1785989331
|switch|p1a: Politoed|Politoed, L50, M|7/100
|-weather|RainDance|[from] ability: Drizzle|[of] p1a: Politoed
|turn|7
|
|t:|1785989338
|move|p1a: Politoed|Protect|p1a: Politoed
|-singleturn|p1a: Politoed|Protect
|move|p2b: Sneasler|Dire Claw|p1a: Politoed
|-activate|p1a: Politoed|move: Protect
|move|p2a: Garchomp|Stomping Tantrum|p1b: Vaporeon
|-damage|p1b: Vaporeon|0 fnt
|faint|p1b: Vaporeon
|-damage|p2a: Garchomp|80/100|[from] item: Life Orb
|
|-weather|RainDance|[upkeep]
|-damage|p2b: Sneasler|31/100 brn|[from] brn
|upkeep
|turn|8
|-message|folkloore forfeited.
|
|win|Spectre Moon
|raw|folkloore's rating: 1032 → 1019(-13 for losing)
|raw|Spectre Moon's rating: 1071 → 1097(+26 for winning)
|l|☆folkloore
|player|p1|
