|j|☆Bonome Jamaicano
|j|☆Bonomia
|html|Bonome JamaicanoBonomia    
|uhtml|bestof|Game 1 of a best-of-3
|t:|1783004641
|gametype|doubles
|player|p1|Bonome Jamaicano|burglar|
|player|p2|Bonomia|266|
|gen|9
|tier|[Gen 9 Champions] VGC 2026 Reg M-B (Bo3)
|rule|Species Clause: Limit one of each Pokémon
|rule|Item Clause: Limit 1 of each item
|clearpoke
|poke|p1|Gengar, L50, F|
|poke|p1|Scrafty, L50, F|
|poke|p1|Snorlax, L50, M|
|poke|p1|Incineroar, L50, M|
|poke|p1|Ninetales-Alola, L50, M|
|poke|p1|Dragonite, L50, M|
|poke|p2|Charizard, L50, M|
|poke|p2|Sylveon, L50, F|
|poke|p2|Aerodactyl, L50, F|
|poke|p2|Kingambit, L50, F|
|poke|p2|Garchomp, L50, M|
|poke|p2|Farigiraf, L50, M|
|teampreview|4
|showteam|p1|Gengar||Gengarite|CursedBody|Protect,PerishSong,SludgeBomb,ShadowBall|Modest||F|||50|]Scrafty||Scraftinite|Intimidate|Protect,CloseCombat,FakeOut,KnockOff|Careful||F|||50|]Snorlax||Leftovers|ThickFat|Protect,DoubleEdge,Yawn,HighHorsepower|Relaxed||M|||50|]Incineroar||SitrusBerry|Intimidate|Protect,FakeOut,FlareBlitz,PartingShot|Relaxed||M|||50|]Ninetales-Alola||FocusSash|SnowWarning|Protect,Encore,Disable,Blizzard|Timid||M|||50|]Dragonite||DragonFang|Multiscale|Protect,DragonClaw,LowKick,ExtremeSpeed|Adamant||M|||50|
|showteam|p2|Charizard||CharizarditeY|SolarPower|Protect,HeatWave,WeatherBall,SolarBeam|Modest||M|||50|]Sylveon||FairyFeather|Pixilate|Protect,HyperVoice,HyperBeam,QuickAttack|Modest||F|||50|]Aerodactyl||Aerodactylite|Unnerve|RockSlide,DualWingbeat,Tailwind,IceFang|Jolly||F|||50|]Kingambit||FocusSash|Defiant|KowtowCleave,SuckerPunch,IronHead,LowKick|Jolly||F|||50|]Garchomp||LifeOrb|RoughSkin|Protect,StompingTantrum,Earthquake,DragonClaw|Jolly||M|||50|]Farigiraf||SitrusBerry|ArmorTail|Psychic,Thunderbolt,Roar,TrickRoom|Bold||M|||50|
|inactive|Battle timer is ON: inactive players will automatically lose when time's up. (requested by Bonome Jamaicano)
|inactive|Bonome Jamaicano has 60 seconds left.
|inactive|Bonomia has 60 seconds left.
|
|t:|1783004693
|teamsize|p1|4
|teamsize|p2|4
|start
|switch|p1a: Gengar|Gengar, L50, F|100/100
|switch|p1b: Incineroar|Incineroar, L50, M|100/100
|switch|p2a: Kingambit|Kingambit, L50, F|100/100
|switch|p2b: Aerodactyl|Aerodactyl, L50, F|100/100
|-ability|p2b: Aerodactyl|Unnerve
|-ability|p1b: Incineroar|Intimidate|boost
|-unboost|p2a: Kingambit|atk|1
|-ability|p2a: Kingambit|Defiant|boost
|-boost|p2a: Kingambit|atk|2
|-unboost|p2b: Aerodactyl|atk|1
|turn|1
|inactive|Bonome Jamaicano has 30 seconds left.
|inactive|Bonome Jamaicano has 20 seconds left.
|inactive|Bonome Jamaicano has 15 seconds left.
|
|t:|1783004733
|detailschange|p1a: Gengar|Gengar-Mega, L50, F
|-mega|p1a: Gengar|Gengar|Gengarite
|move|p1b: Incineroar|Fake Out|p2a: Kingambit
|-resisted|p2a: Kingambit|1
|-damage|p2a: Kingambit|95/100
|move|p2b: Aerodactyl|Rock Slide|p1a: Gengar|[spread] p1a
|-miss|p2b: Aerodactyl|p1b: Incineroar
|-damage|p1a: Gengar|84/100
|move|p1a: Gengar|Sludge Bomb|p2b: Aerodactyl
|-resisted|p2b: Aerodactyl|1
|-damage|p2b: Aerodactyl|62/100
|cant|p2a: Kingambit|flinch
|
|upkeep
|turn|2
|inactive|Bonomia has 30 seconds left.
|
|t:|1783004765
|switch|p1a: Ninetales|Ninetales-Alola, L50, M|100/100
|-weather|Snowscape|[from] ability: Snow Warning|[of] p1a: Ninetales
|move|p2b: Aerodactyl|Tailwind|p2b: Aerodactyl
|-sidestart|p2: Bonomia|move: Tailwind
|move|p2a: Kingambit|Low Kick|p1b: Incineroar
|-supereffective|p1b: Incineroar|1
|-damage|p1b: Incineroar|34/100
|move|p1b: Incineroar|Flare Blitz|p2a: Kingambit
|-supereffective|p2a: Kingambit|1
|-damage|p2a: Kingambit|15/100
|-damage|p1b: Incineroar|11/100|[from] Recoil
|
|-weather|Snowscape|[upkeep]
|upkeep
|turn|3
|
|t:|1783004788
|move|p1b: Incineroar|Protect|p1b: Incineroar
|-singleturn|p1b: Incineroar|Protect
|move|p2b: Aerodactyl|Rock Slide|p1a: Ninetales|[spread] p1a
|-activate|p1b: Incineroar|move: Protect
|-supereffective|p1a: Ninetales|1
|-damage|p1a: Ninetales|71/100
|move|p2a: Kingambit|Iron Head|p1a: Ninetales
|-supereffective|p1a: Ninetales|2
|-damage|p1a: Ninetales|0 fnt
|faint|p1a: Ninetales
|
|-weather|Snowscape|[upkeep]
|upkeep
|
|t:|1783004806
|switch|p1a: Dragonite|Dragonite, L50, M|100/100
|turn|4
|
|t:|1783004823
|move|p1a: Dragonite|Protect|p1a: Dragonite
|-singleturn|p1a: Dragonite|Protect
|move|p2b: Aerodactyl|Rock Slide|p1a: Dragonite|[spread] p1b
|-activate|p1a: Dragonite|move: Protect
|-supereffective|p1b: Incineroar|1
|-damage|p1b: Incineroar|0 fnt
|faint|p1b: Incineroar
|move|p2a: Kingambit|Kowtow Cleave|p1a: Dragonite
|-activate|p1a: Dragonite|move: Protect
|
|-weather|Snowscape|[upkeep]
|upkeep
|
|t:|1783004827
|switch|p1b: Gengar|Gengar-Mega, L50, F|84/100
|turn|5
|
|t:|1783004843
|move|p2b: Aerodactyl|Rock Slide|p1b: Gengar|[spread] p1a,p1b
|-supereffective|p1a: Dragonite|1
|-damage|p1a: Dragonite|84/100
|-damage|p1b: Gengar|67/100
|move|p2a: Kingambit|Kowtow Cleave|p1b: Gengar
|-supereffective|p1b: Gengar|1
|-damage|p1b: Gengar|0 fnt
|faint|p1b: Gengar
|cant|p1a: Dragonite|flinch
|
|-weather|Snowscape|[upkeep]
|-sideend|p2: Bonomia|move: Tailwind
|upkeep
|turn|6
|-message|Bonome Jamaicano forfeited.
|
|win|Bonomia
|l|☆Bonome Jamaicano
|player|p1|
||Bonomia is ready for game 2.
||Bonome Jamaicano is ready for game 2.
|uhtml|next|Next: Game 2 of 3
