|j|☆UndeadParadox
|j|☆dragonboy2100
|html|UndeadParadoxdragonboy2100    
|uhtml|bestof|Game 2 of a best-of-3
|t:|1756874907
|gametype|doubles
|player|p1|UndeadParadox|guitarist|1315
|player|p2|dragonboy2100|sage|1323
|gen|9
|tier|[Gen 9] VGC 2025 Reg H (Bo3)
|rated|
|rule|Species Clause: Limit one of each Pokémon
|rule|Item Clause: Limit 1 of each item
|clearpoke
|poke|p1|Sneasler, L50, F|
|poke|p1|Rillaboom, L50, M|
|poke|p1|Incineroar, L50, F|
|poke|p1|Gholdengo, L50|
|poke|p1|Hydreigon, L50, M|
|poke|p1|Gengar, L50, F|
|poke|p2|Rillaboom, L50, F|
|poke|p2|Gholdengo, L50|
|poke|p2|Dragonite, L50, F|
|poke|p2|Magmar, L50, F|
|poke|p2|Milotic, L50, M|
|poke|p2|Ribombee, L50, M|
|teampreview|4
|showteam|p1|Sneasler||GrassySeed|Unburden|CloseCombat,DireClaw,Acrobatics,Protect|||F|||50|,,,,,Flying]Rillaboom||AssaultVest|GrassySurge|WoodHammer,GrassyGlide,FakeOut,HighHorsepower|||M|||50|,,,,,Fire]Incineroar||SafetyGoggles|Intimidate|FlareBlitz,KnockOff,PartingShot,FakeOut|||F|||50|,,,,,Ghost]Gholdengo||MetalCoat|GoodasGold|Protect,MakeItRain,ShadowBall,NastyPlot||||||50|,,,,,Water]Hydreigon||LifeOrb|Levitate|Flamethrower,DracoMeteor,DarkPulse,Protect|||M|||50|,,,,,Fire]Gengar||FocusSash|CursedBody|ShadowBall,Haze,Taunt,IcyWind|||F|||50|,,,,,Ghost
|showteam|p2|Rillaboom||AssaultVest|GrassySurge|WoodHammer,GrassyGlide,HighHorsepower,FakeOut|||F|||50|,,,,,Fire]Gholdengo||GrassySeed|GoodasGold|MakeItRain,ShadowBall,NastyPlot,Protect||||||50|,,,,,Water]Dragonite||LumBerry|Multiscale|Protect,ExtremeSpeed,LowKick,TeraBlast|||F|||50|,,,,,Flying]Magmar||Eviolite|VitalSpirit|Overheat,FollowMe,Taunt,Protect|||F|||50|,,,,,Dragon]Milotic||Leftovers|Competitive|MuddyWater,Coil,Hypnosis,Protect|||M|||50|,,,,,Dragon]Ribombee||FocusSash|ShieldDust|Tailwind,Moonblast,FakeTears,PollenPuff|||M|||50|,,,,,Ghost
|inactive|Battle timer is ON: inactive players will automatically lose when time's up. (requested by dragonboy2100)
|inactive|dragonboy2100 has 60 seconds left.
|
|t:|1756874948
|teamsize|p1|4
|teamsize|p2|4
|start
|switch|p1a: Gholdengo|Gholdengo, L50, shiny|100/100
|switch|p1b: Gengar|Gengar, L50, F|100/100
|switch|p2a: Milotic|Milotic, L50, M|100/100
|switch|p2b: Ribombee|Ribombee, L50, M|100/100
|turn|1
|
|t:|1756874972
|move|p2b: Ribombee|Tailwind|p2b: Ribombee
|-sidestart|p2: dragonboy2100|move: Tailwind
|move|p2a: Milotic|Coil|p2a: Milotic
|-boost|p2a: Milotic|atk|1
|-boost|p2a: Milotic|def|1
|-boost|p2a: Milotic|accuracy|1
|move|p1b: Gengar|Taunt|p2a: Milotic
|-start|p2a: Milotic|move: Taunt
|move|p1a: Gholdengo|Nasty Plot|p1a: Gholdengo
|-boost|p1a: Gholdengo|spa|2
|
|upkeep
|turn|2
|inactive|UndeadParadox has 30 seconds left.
|
|t:|1756874999
|move|p2b: Ribombee|Moonblast|p1b: Gengar
|-resisted|p1b: Gengar
|-damage|p1b: Gengar|75/100
|move|p2a: Milotic|Muddy Water|p1a: Gholdengo|[spread] p1a,p1b
|-damage|p1a: Gholdengo|69/100
|-damage|p1b: Gengar|35/100
|-unboost|p1a: Gholdengo|accuracy|1
|move|p1b: Gengar|Shadow Ball|p2b: Ribombee
|-damage|p2b: Ribombee|34/100
|move|p1a: Gholdengo|Nasty Plot|p1a: Gholdengo
|-boost|p1a: Gholdengo|spa|2
|
|upkeep
|turn|3
|inactive|dragonboy2100 has 30 seconds left.
|
|t:|1756875030
|switch|p2b: Magmar|Magmar, L50, F|100/100
|move|p2a: Milotic|Muddy Water|p1b: Gengar|[spread] p1a,p1b
|-damage|p1a: Gholdengo|40/100
|-damage|p1b: Gengar|0 fnt
|faint|p1b: Gengar
|move|p1a: Gholdengo|Shadow Ball|p2a: Milotic
|-damage|p2a: Milotic|0 fnt
|faint|p2a: Milotic
|
|upkeep
|
|t:|1756875040
|switch|p1b: Incineroar|Incineroar, L50, F, shiny|100/100
|switch|p2a: Gholdengo|Gholdengo, L50|100/100
|-ability|p1b: Incineroar|Intimidate|boost
|-unboost|p2a: Gholdengo|atk|1
|-unboost|p2b: Magmar|atk|1
|turn|4
|inactive|dragonboy2100 has 30 seconds left.
|
|t:|1756875072
|switch|p2b: Ribombee|Ribombee, L50, M|34/100
|-terastallize|p2a: Gholdengo|Water
|move|p1a: Gholdengo|Protect|p1a: Gholdengo
|-singleturn|p1a: Gholdengo|Protect
|move|p2a: Gholdengo|Shadow Ball|p1a: Gholdengo
|-activate|p1a: Gholdengo|move: Protect
|move|p1b: Incineroar|Knock Off|p2a: Gholdengo
|-damage|p2a: Gholdengo|61/100
|-enditem|p2a: Gholdengo|Grassy Seed|[from] move: Knock Off|[of] p1b: Incineroar
|
|-sideend|p2: dragonboy2100|move: Tailwind
|upkeep
|turn|5
|inactive|UndeadParadox has 30 seconds left.
|
|t:|1756875100
|move|p2b: Ribombee|Tailwind|p2b: Ribombee
|-sidestart|p2: dragonboy2100|move: Tailwind
|move|p2a: Gholdengo|Shadow Ball|p1a: Gholdengo
|-supereffective|p1a: Gholdengo
|-damage|p1a: Gholdengo|0 fnt
|faint|p1a: Gholdengo
|move|p1b: Incineroar|Flare Blitz|p2b: Ribombee
|-supereffective|p2b: Ribombee
|-damage|p2b: Ribombee|0 fnt
|faint|p2b: Ribombee
|-damage|p1b: Incineroar|93/100|[from] Recoil
|
|upkeep
|
|t:|1756875109
|switch|p2b: Magmar|Magmar, L50, F|100/100
|switch|p1a: Hydreigon|Hydreigon, L50, M, shiny|100/100
|turn|6
|
|t:|1756875129
|move|p2b: Magmar|Follow Me|p2b: Magmar
|-singleturn|p2b: Magmar|move: Follow Me
|move|p2a: Gholdengo|Nasty Plot|p2a: Gholdengo
|-boost|p2a: Gholdengo|spa|2
|move|p1a: Hydreigon|Draco Meteor|p2b: Magmar
|-damage|p2b: Magmar|43/100
|-unboost|p1a: Hydreigon|spa|2
|-damage|p1a: Hydreigon|91/100|[from] item: Life Orb
|move|p1b: Incineroar|Knock Off|p2b: Magmar
|-damage|p2b: Magmar|3/100
|-enditem|p2b: Magmar|Eviolite|[from] move: Knock Off|[of] p1b: Incineroar
|
|upkeep
|turn|7
|inactive|dragonboy2100 has 30 seconds left.
|
|t:|1756875156
|-terastallize|p1a: Hydreigon|Fire
|move|p2b: Magmar|Protect|p2b: Magmar
|-singleturn|p2b: Magmar|Protect
|move|p2a: Gholdengo|Nasty Plot|p2a: Gholdengo
|-boost|p2a: Gholdengo|spa|2
|move|p1a: Hydreigon|Dark Pulse|p2a: Gholdengo
|-damage|p2a: Gholdengo|38/100
|-damage|p1a: Hydreigon|82/100|[from] item: Life Orb
|move|p1b: Incineroar|Knock Off|p2a: Gholdengo
|-crit|p2a: Gholdengo
|-damage|p2a: Gholdengo|0 fnt
|faint|p2a: Gholdengo
|
|upkeep
|turn|8
|-message|dragonboy2100 forfeited.
|
|win|UndeadParadox
|raw|UndeadParadox's rating: 1315 → 1335(+20 for winning)
|raw|dragonboy2100's rating: 1323 → 1303(-20 for losing)
|l|☆dragonboy2100
|player|p2|
