|j|☆OreXis945
|j|☆Slackermaru
|html|OreXis945Slackermaru    
|uhtml|bestof|Game 1 of a best-of-3
|t:|1757859147
|gametype|doubles
|player|p1|OreXis945|101|1319
|player|p2|Slackermaru|workerice|1359
|gen|9
|tier|[Gen 9] VGC 2025 Reg H (Bo3)
|rated|
|rule|Species Clause: Limit one of each Pokémon
|rule|Item Clause: Limit 1 of each item
|clearpoke
|poke|p1|Politoed, L50, F|
|poke|p1|Incineroar, L50, F|
|poke|p1|Gothitelle, L50, M|
|poke|p1|Kingdra, L50, M|
|poke|p1|Archaludon, L50, M|
|poke|p1|Amoonguss, L50, M|
|poke|p2|Ursaluna, L50, M|
|poke|p2|Porygon2, L50|
|poke|p2|Incineroar, L50, M|
|poke|p2|Vivillon-Fancy, L50, F|
|poke|p2|Archaludon, L50, M|
|poke|p2|Primarina, L50, F|
|teampreview|4
|showteam|p1|Politoed||Leftovers|Drizzle|WeatherBall,Encore,PerishSong,Protect|||F|||50|,,,,,Grass]Incineroar||SafetyGoggles|Intimidate|KnockOff,PartingShot,FakeOut,Protect|||F|||50|,,,,,Ghost]Gothitelle||SitrusBerry|ShadowTag|Psychic,TrickRoom,FakeOut,Protect|||M|||50|,,,,,Dark]Kingdra||LifeOrb|SwiftSwim|MuddyWater,WeatherBall,DracoMeteor,Protect|||M|||50|,,,,,Stellar]Archaludon||PowerHerb|Sturdy|ElectroShot,DragonPulse,FlashCannon,Protect|||M|||50|,,,,,Electric]Amoonguss||EjectButton|Regenerator|PollenPuff,Spore,RagePowder,Protect|||M|||50|,,,,,Fairy
|showteam|p2|Ursaluna||FlameOrb|Guts|Protect,Earthquake,Facade,HeadlongRush|||M|||50|,,,,,Ghost]Porygon2||Eviolite|Download|TeraBlast,IceBeam,Recover,TrickRoom||||||50|,,,,,Fighting]Incineroar||AssaultVest|Intimidate|FlareBlitz,KnockOff,Uturn,FakeOut|||M|||50|,,,,,Grass]Vivillon-Fancy||FocusSash|CompoundEyes|Protect,Hurricane,Tailwind,SleepPowder|||F|||50|,,,,,Ghost]Archaludon||PowerHerb|Sturdy|Protect,ElectroShot,Thunderbolt,DragonPulse|||M|||50|,,,,,Electric]Primarina||LifeOrb|LiquidVoice|Protect,HyperVoice,Moonblast,Haze|||F|||50|,,,,,Bug
|
|t:|1757859203
|teamsize|p1|4
|teamsize|p2|4
|start
|switch|p1a: Politoed|Politoed, L50, F|100/100
|switch|p1b: Incineroar|Incineroar, L50, F|100/100
|switch|p2a: Archaludon|Archaludon, L50, M|100/100
|switch|p2b: Incineroar|Incineroar, L50, M|100/100
|-weather|RainDance|[from] ability: Drizzle|[of] p1a: Politoed
|-ability|p2b: Incineroar|Intimidate|boost
|-unboost|p1a: Politoed|atk|1
|-unboost|p1b: Incineroar|atk|1
|-ability|p1b: Incineroar|Intimidate|boost
|-unboost|p2a: Archaludon|atk|1
|-unboost|p2b: Incineroar|atk|1
|turn|1
|
|t:|1757859234
|switch|p1b: Gothitelle|Gothitelle, L50, M|100/100
|move|p2a: Archaludon|Protect|p2a: Archaludon
|-singleturn|p2a: Archaludon|Protect
|move|p1a: Politoed|Protect|p1a: Politoed
|-singleturn|p1a: Politoed|Protect
|move|p2b: Incineroar|Fake Out|p1a: Politoed
|-activate|p1a: Politoed|move: Protect
|
|-weather|RainDance|[upkeep]
|upkeep
|turn|2
|
|t:|1757859258
|move|p1b: Gothitelle|Fake Out|p2a: Archaludon
|-resisted|p2a: Archaludon
|-damage|p2a: Archaludon|97/100
|cant|p2a: Archaludon|flinch
|move|p1a: Politoed|Encore|p2b: Incineroar
|-start|p2b: Incineroar|Encore
|move|p2b: Incineroar|Fake Out||[still]
|-hint|Fake Out only works on your first turn out.
|-fail|p2b: Incineroar
|
|-weather|RainDance|[upkeep]
|upkeep
|turn|3
|
|t:|1757859276
|-terastallize|p1a: Politoed|Grass
|move|p2b: Incineroar|Fake Out||[still]
|-hint|Fake Out only works on your first turn out.
|-fail|p2b: Incineroar
|move|p2a: Archaludon|Electro Shot||[still]
|-prepare|p2a: Archaludon|Electro Shot
|-boost|p2a: Archaludon|spa|1
|-anim|p2a: Archaludon|Electro Shot|p1b: Gothitelle
|-damage|p1b: Gothitelle|50/100
|-enditem|p1b: Gothitelle|Sitrus Berry|[eat]
|-heal|p1b: Gothitelle|75/100|[from] item: Sitrus Berry
|move|p1a: Politoed|Perish Song|p1a: Politoed
|-start|p1a: Politoed|perish3|[silent]
|-start|p1b: Gothitelle|perish3|[silent]
|-start|p2a: Archaludon|perish3|[silent]
|-start|p2b: Incineroar|perish3|[silent]
|-fieldactivate|move: Perish Song
|move|p1b: Gothitelle|Trick Room|p1b: Gothitelle
|-fieldstart|move: Trick Room|[of] p1b: Gothitelle
|
|-weather|RainDance|[upkeep]
|-start|p1b: Gothitelle|perish3
|-start|p2b: Incineroar|perish3
|-start|p1a: Politoed|perish3
|-start|p2a: Archaludon|perish3
|upkeep
|turn|4
|
|t:|1757859302
|switch|p1a: Incineroar|Incineroar, L50, F|100/100
|-ability|p1a: Incineroar|Intimidate|boost
|-unboost|p2a: Archaludon|atk|1
|-unboost|p2b: Incineroar|atk|1
|-terastallize|p2b: Incineroar|Grass
|move|p1b: Gothitelle|Protect|p1b: Gothitelle
|-singleturn|p1b: Gothitelle|Protect
|move|p2b: Incineroar|Fake Out||[still]
|-hint|Fake Out only works on your first turn out.
|-fail|p2b: Incineroar
|move|p2a: Archaludon|Electro Shot||[still]
|-prepare|p2a: Archaludon|Electro Shot
|-boost|p2a: Archaludon|spa|1
|-anim|p2a: Archaludon|Electro Shot|p1b: Gothitelle
|-activate|p1b: Gothitelle|move: Protect
|
|-weather|RainDance|[upkeep]
|-end|p2b: Incineroar|Encore
|-start|p1b: Gothitelle|perish2
|-start|p2b: Incineroar|perish2
|-start|p2a: Archaludon|perish2
|upkeep
|turn|5
|
|t:|1757859336
|move|p1a: Incineroar|Fake Out|p2a: Archaludon
|-resisted|p2a: Archaludon
|-damage|p2a: Archaludon|93/100
|move|p1b: Gothitelle|Psychic|p2b: Incineroar
|-damage|p2b: Incineroar|84/100
|move|p2b: Incineroar|U-turn|p1b: Gothitelle
|-supereffective|p1b: Gothitelle
|-damage|p1b: Gothitelle|54/100
|
|t:|1757859345
|switch|p2b: Ursaluna|Ursaluna, L50, M|100/100|[from] U-turn
|cant|p2a: Archaludon|flinch
|
|-weather|none
|-start|p1b: Gothitelle|perish1
|-start|p2a: Archaludon|perish1
|-status|p2b: Ursaluna|brn|[from] item: Flame Orb
|upkeep
|turn|6
|
|t:|1757859369
|move|p1a: Incineroar|Protect|p1a: Incineroar
|-singleturn|p1a: Incineroar|Protect
|move|p1b: Gothitelle|Psychic|p2b: Ursaluna
|-damage|p2b: Ursaluna|67/100 brn
|move|p2b: Ursaluna|Facade|p1b: Gothitelle
|-damage|p1b: Gothitelle|0 fnt
|faint|p1b: Gothitelle
|move|p2a: Archaludon|Electro Shot||[still]
|-prepare|p2a: Archaludon|Electro Shot
|-boost|p2a: Archaludon|spa|1
|-enditem|p2a: Archaludon|Power Herb
|-anim|p2a: Archaludon|Electro Shot|p1a: Incineroar
|-activate|p1a: Incineroar|move: Protect
|
|-damage|p2b: Ursaluna|61/100 brn|[from] brn
|-start|p2a: Archaludon|perish0
|faint|p2a: Archaludon
|upkeep
|
|t:|1757859386
|switch|p1b: Politoed|Politoed, L50, F, tera:Grass|100/100
|switch|p2a: Incineroar|Incineroar, L50, M, tera:Grass|84/100
|-ability|p2a: Incineroar|Intimidate|boost
|-unboost|p1a: Incineroar|atk|1
|-unboost|p1b: Politoed|atk|1
|-weather|RainDance|[from] ability: Drizzle|[of] p1b: Politoed
|turn|7
|
|t:|1757859403
|move|p1b: Politoed|Protect|p1b: Politoed
|-singleturn|p1b: Politoed|Protect
|move|p2a: Incineroar|Fake Out|p1b: Politoed
|-activate|p1b: Politoed|move: Protect
|move|p1a: Incineroar|Parting Shot|p2b: Ursaluna
|-unboost|p2b: Ursaluna|atk|1
|-unboost|p2b: Ursaluna|spa|1
|
|t:|1757859409
|switch|p1a: Archaludon|Archaludon, L50, M|100/100|[from] Parting Shot
|move|p2b: Ursaluna|Facade|p1a: Archaludon
|-resisted|p1a: Archaludon
|-damage|p1a: Archaludon|64/100
|
|-weather|RainDance|[upkeep]
|-damage|p2b: Ursaluna|55/100 brn|[from] brn
|-fieldend|move: Trick Room
|upkeep
|turn|8
|
|t:|1757859431
|move|p1a: Archaludon|Electro Shot||[still]
|-prepare|p1a: Archaludon|Electro Shot
|-boost|p1a: Archaludon|spa|1
|-anim|p1a: Archaludon|Electro Shot|p2a: Incineroar
|-resisted|p2a: Incineroar
|-damage|p2a: Incineroar|65/100
|move|p1b: Politoed|Weather Ball|p2b: Ursaluna
|-supereffective|p2b: Ursaluna
|-damage|p2b: Ursaluna|0 fnt
|faint|p2b: Ursaluna
|move|p2a: Incineroar|Knock Off|p1a: Archaludon
|-damage|p1a: Archaludon|26/100
|-enditem|p1a: Archaludon|Power Herb|[from] move: Knock Off|[of] p2a: Incineroar
|
|-weather|RainDance|[upkeep]
|upkeep
|
|t:|1757859443
|switch|p2b: Vivillon|Vivillon-Fancy, L50, F|100/100
|turn|9
|
|t:|1757859466
|move|p2b: Vivillon|Hurricane|p1b: Politoed
|-supereffective|p1b: Politoed
|-damage|p1b: Politoed|32/100
|-start|p1b: Politoed|confusion
|move|p1a: Archaludon|Electro Shot||[still]
|-prepare|p1a: Archaludon|Electro Shot
|-boost|p1a: Archaludon|spa|1
|-anim|p1a: Archaludon|Electro Shot|p2b: Vivillon
|-supereffective|p2b: Vivillon
|-enditem|p2b: Vivillon|Focus Sash
|-damage|p2b: Vivillon|1/100
|-activate|p1b: Politoed|confusion
|-damage|p1b: Politoed|28/100|[from] confusion
|move|p2a: Incineroar|Knock Off|p1a: Archaludon
|-damage|p1a: Archaludon|0 fnt
|faint|p1a: Archaludon
|
|-weather|RainDance|[upkeep]
|-heal|p1b: Politoed|35/100|[from] item: Leftovers
|upkeep
|
|t:|1757859475
|switch|p1a: Incineroar|Incineroar, L50, F|100/100
|-ability|p1a: Incineroar|Intimidate|boost
|-unboost|p2a: Incineroar|atk|1
|-unboost|p2b: Vivillon|atk|1
|turn|10
|
|t:|1757859489
|move|p2b: Vivillon|Protect|p2b: Vivillon
|-singleturn|p2b: Vivillon|Protect
|move|p1a: Incineroar|Fake Out|p2b: Vivillon
|-activate|p2b: Vivillon|move: Protect
|-activate|p1b: Politoed|confusion
|move|p1b: Politoed|Perish Song|p1b: Politoed
|-start|p1a: Incineroar|perish3|[silent]
|-start|p1b: Politoed|perish3|[silent]
|-start|p2a: Incineroar|perish3|[silent]
|-start|p2b: Vivillon|perish3|[silent]
|-fieldactivate|move: Perish Song
|move|p2a: Incineroar|Knock Off|p1b: Politoed
|-damage|p1b: Politoed|3/100
|-enditem|p1b: Politoed|Leftovers|[from] move: Knock Off|[of] p2a: Incineroar
|
|-weather|RainDance|[upkeep]
|-start|p2b: Vivillon|perish3
|-start|p1b: Politoed|perish3
|-start|p2a: Incineroar|perish3
|-start|p1a: Incineroar|perish3
|upkeep
|turn|11
|
|t:|1757859531
|-end|p1b: Politoed|confusion
|move|p1b: Politoed|Protect|p1b: Politoed
|-singleturn|p1b: Politoed|Protect
|move|p1a: Incineroar|Protect|p1a: Incineroar
|-singleturn|p1a: Incineroar|Protect
|move|p2b: Vivillon|Hurricane|p1b: Politoed
|-activate|p1b: Politoed|move: Protect
|move|p2a: Incineroar|Knock Off|p1a: Incineroar
|-activate|p1a: Incineroar|move: Protect
|
|-weather|none
|-start|p2b: Vivillon|perish2
|-start|p1b: Politoed|perish2
|-start|p2a: Incineroar|perish2
|-start|p1a: Incineroar|perish2
|upkeep
|turn|12
|
|t:|1757859552
|move|p2b: Vivillon|Hurricane|p1a: Incineroar
|-damage|p1a: Incineroar|69/100
|move|p1b: Politoed|Weather Ball|p2b: Vivillon
|-damage|p2b: Vivillon|0 fnt
|faint|p2b: Vivillon
|move|p2a: Incineroar|Knock Off|p1a: Incineroar
|-resisted|p1a: Incineroar
|-damage|p1a: Incineroar|56/100
|-enditem|p1a: Incineroar|Safety Goggles|[from] move: Knock Off|[of] p2a: Incineroar
|move|p1a: Incineroar|Knock Off|p2a: Incineroar
|-damage|p2a: Incineroar|33/100
|-enditem|p2a: Incineroar|Assault Vest|[from] move: Knock Off|[of] p1a: Incineroar
|
|-start|p1b: Politoed|perish1
|-start|p2a: Incineroar|perish1
|-start|p1a: Incineroar|perish1
|upkeep
|turn|13
|-message|Slackermaru forfeited.
|
|win|OreXis945
|l|☆Slackermaru
|player|p2|
||Slackermaru is ready for game 2.
||OreXis945 is ready for game 2.
|uhtml|next|Next: Game 2 of 3
