|j|☆AbadanRiyi92
|j|☆kharnvgc
|html|AbadanRiyi92kharnvgc    
|uhtml|bestof|Game 1 of a best-of-3
|t:|1785092961
|gametype|doubles
|player|p1|AbadanRiyi92|colress|1114
|player|p2|kharnvgc|veteran|1043
|gen|9
|tier|[Gen 9 Champions] VGC 2026 Reg M-B (Bo3)
|rated|
|rule|Species Clause: Limit one of each Pokémon
|rule|Item Clause: Limit 1 of each item
|clearpoke
|poke|p1|Gengar, L50, F, shiny|
|poke|p1|Maushold-Four, L50|
|poke|p1|Annihilape, L50, F|
|poke|p1|Incineroar, L50, F|
|poke|p1|Politoed, L50, F, shiny|
|poke|p1|Archaludon, L50, F|
|poke|p2|Excadrill, L50, F|
|poke|p2|Garchomp, L50, F|
|poke|p2|Tyranitar, L50, M|
|poke|p2|Houndstone, L50, M|
|poke|p2|Sylveon, L50, F|
|poke|p2|Milotic, L50, F|
|teampreview|4
|showteam|p1|Gengar||Gengarite|CursedBody|ShadowBall,Disable,PerishSong,Protect|Timid||F|||50|]Maushold-Four||FocusSash|FriendGuard|FollowMe,Encore,BeatUp,Protect|Jolly|||||50|]Annihilape||RoseliBerry|Defiant|RageFist,DrainPunch,BulkUp,Protect|Adamant||F|||50|]Incineroar||PasshoBerry|Intimidate|PartingShot,ThroatChop,Protect,FakeOut|Sassy||F|||50|]Politoed||SitrusBerry|Drizzle|WeatherBall,Encore,PerishSong,Protect|Calm||F|||50|]Archaludon||Leftovers|Stamina|DragonPulse,FlashCannon,ElectroShot,Protect|Bold||F|||50|
|showteam|p2|Excadrill||Excadrite|SandRush|Protect,IronHead,RockSlide,HighHorsepower|Serious||F|||50|]Garchomp||LifeOrb|SandVeil|Protect,RockSlide,DragonClaw,StompingTantrum|Jolly||F|||50|]Tyranitar||Tyranitarite|SandStream|Protect,RockSlide,BrickBreak,KnockOff|Adamant||M|||50|]Houndstone||SitrusBerry|SandRush|Snarl,WillOWisp,Poltergeist,LastRespects|Impish||M|||50|]Sylveon||FairyFeather|Pixilate|Protect,BabyDollEyes,HyperBeam,HyperVoice|Modest||F|||50|]Milotic||Leftovers|Competitive|Protect,Coil,Hypnosis,MuddyWater|Bold||F|||50|
|
|t:|1785093005
|teamsize|p1|4
|teamsize|p2|4
|start
|switch|p1a: Archaludon|Archaludon, L50, F|100/100
|switch|p1b: Gengar|Gengar, L50, F, shiny|100/100
|switch|p2a: Milotic|Milotic, L50, F|100/100
|switch|p2b: Excadrill|Excadrill, L50, F|100/100
|turn|1
|
|t:|1785093040
|detailschange|p1b: Gengar|Gengar-Mega, L50, F, shiny
|-mega|p1b: Gengar|Gengar|Gengarite
|move|p1b: Gengar|Protect|p1b: Gengar
|-singleturn|p1b: Gengar|Protect
|move|p1a: Archaludon|Protect|p1a: Archaludon
|-singleturn|p1a: Archaludon|Protect
|move|p2b: Excadrill|High Horsepower|p1a: Archaludon
|-activate|p1a: Archaludon|move: Protect
|move|p2a: Milotic|Coil|p2a: Milotic
|-boost|p2a: Milotic|atk|1
|-boost|p2a: Milotic|def|1
|-boost|p2a: Milotic|accuracy|1
|
|upkeep
|turn|2
|inactive|Battle timer is ON: inactive players will automatically lose when time's up. (requested by AbadanRiyi92)
|inactive|AbadanRiyi92 has 60 seconds left.
|
|t:|1785093074
|detailschange|p2b: Excadrill|Excadrill-Mega, L50, F
|-mega|p2b: Excadrill|Excadrill|Excadrite
|move|p1b: Gengar|Disable|p2b: Excadrill
|-start|p2b: Excadrill|Disable|High Horsepower
|cant|p2b: Excadrill|Disable|High Horsepower
|move|p2a: Milotic|Hypnosis|p1a: Archaludon
|-status|p1a: Archaludon|slp|[from] move: Hypnosis
|cant|p1a: Archaludon|slp
|
|upkeep
|turn|3
|
|t:|1785093096
|switch|p1b: Politoed|Politoed, L50, F, shiny|100/100
|-weather|RainDance|[from] ability: Drizzle|[of] p1b: Politoed
|move|p2b: Excadrill|Iron Head|p1b: Politoed
|-resisted|p1b: Politoed|1
|-damage|p1b: Politoed|80/100
|move|p2a: Milotic|Hypnosis|p1b: Politoed
|-status|p1b: Politoed|slp|[from] move: Hypnosis
|cant|p1a: Archaludon|slp
|
|-weather|RainDance|[upkeep]
|upkeep
|turn|4
|
|t:|1785093113
|switch|p2b: Sylveon|Sylveon, L50, F|100/100
|switch|p2a: Tyranitar|Tyranitar, L50, M|100/100
|-weather|Sandstorm|[from] ability: Sand Stream|[of] p2a: Tyranitar
|-curestatus|p1a: Archaludon|slp|[msg]
|move|p1a: Archaludon|Electro Shot||[still]
|-prepare|p1a: Archaludon|Electro Shot
|-boost|p1a: Archaludon|spa|1
|cant|p1b: Politoed|slp
|
|-weather|Sandstorm|[upkeep]
|-damage|p2b: Sylveon|94/100|[from] Sandstorm
|-damage|p1b: Politoed|73/100 slp|[from] Sandstorm
|upkeep
|turn|5
|
|t:|1785093131
|cant|p1b: Politoed|slp
|move|p2a: Tyranitar|Brick Break|p1a: Archaludon
|-supereffective|p1a: Archaludon|1
|-damage|p1a: Archaludon|64/100
|-ability|p1a: Archaludon|Stamina|boost
|-boost|p1a: Archaludon|def|1
|move|p1a: Archaludon|Electro Shot|p2a: Tyranitar|[from] lockedmove
|-damage|p2a: Tyranitar|64/100
|move|p2b: Sylveon|Hyper Voice|p1a: Archaludon|[spread] p1a,p1b
|-damage|p1a: Archaludon|24/100
|-damage|p1b: Politoed|39/100 slp
|-ability|p1a: Archaludon|Stamina|boost
|-boost|p1a: Archaludon|def|1
|-enditem|p1b: Politoed|Sitrus Berry|[eat]
|-heal|p1b: Politoed|64/100 slp|[from] item: Sitrus Berry
|
|-weather|Sandstorm|[upkeep]
|-damage|p2b: Sylveon|88/100|[from] Sandstorm
|-damage|p1b: Politoed|58/100 slp|[from] Sandstorm
|-heal|p1a: Archaludon|30/100|[from] item: Leftovers
|upkeep
|turn|6
|inactive|kharnvgc has 30 seconds left.
|
|t:|1785093160
|switch|p1b: Gengar|Gengar-Mega, L50, F, shiny|100/100
|move|p1a: Archaludon|Protect|p1a: Archaludon
|-singleturn|p1a: Archaludon|Protect
|move|p2a: Tyranitar|Brick Break|p1a: Archaludon
|-activate|p1a: Archaludon|move: Protect
|move|p2b: Sylveon|Hyper Voice|p1b: Gengar|[spread] p1b
|-activate|p1a: Archaludon|move: Protect
|-resisted|p1b: Gengar|1
|-damage|p1b: Gengar|76/100
|
|-weather|Sandstorm|[upkeep]
|-damage|p1b: Gengar|70/100|[from] Sandstorm
|-damage|p2b: Sylveon|82/100|[from] Sandstorm
|-heal|p1a: Archaludon|37/100|[from] item: Leftovers
|upkeep
|turn|7
|
|t:|1785093181
|move|p1b: Gengar|Disable|p2b: Sylveon
|-start|p2b: Sylveon|Disable|Hyper Voice
|move|p2a: Tyranitar|Knock Off|p1b: Gengar
|-supereffective|p1b: Gengar|1
|-damage|p1b: Gengar|0 fnt
|faint|p1b: Gengar
|move|p1a: Archaludon|Flash Cannon|p2a: Tyranitar
|-supereffective|p2a: Tyranitar|1
|-damage|p2a: Tyranitar|1/100
|move|p2b: Sylveon|Hyper Beam|p1a: Archaludon
|-crit|p1a: Archaludon
|-damage|p1a: Archaludon|0 fnt
|-mustrecharge|p2b: Sylveon
|faint|p1a: Archaludon
|
|-weather|Sandstorm|[upkeep]
|-damage|p2b: Sylveon|76/100|[from] Sandstorm
|upkeep
|
|t:|1785093195
|switch|p1b: Maushold|Maushold-Four, L50|100/100
|switch|p1a: Politoed|Politoed, L50, F, shiny|58/100 slp
|-weather|RainDance|[from] ability: Drizzle|[of] p1a: Politoed
|turn|8
|
|t:|1785093208
|switch|p2a: Milotic|Milotic, L50, F|100/100
|move|p1b: Maushold|Beat Up|p2a: Milotic
|-damage|p2a: Milotic|97/100
|-hitcount|p2a: Milotic|1
|cant|p2b: Sylveon|recharge
|-curestatus|p1a: Politoed|slp|[msg]
|move|p1a: Politoed|Weather Ball|p2b: Sylveon
|-damage|p2b: Sylveon|41/100
|
|-weather|RainDance|[upkeep]
|-heal|p2a: Milotic|100/100|[from] item: Leftovers
|upkeep
|turn|9
|
|t:|1785093230
|move|p2b: Sylveon|Baby-Doll Eyes|p1b: Maushold
|-unboost|p1b: Maushold|atk|1
|move|p1b: Maushold|Encore|p2b: Sylveon
|-start|p2b: Sylveon|Encore
|move|p2a: Milotic|Coil|p2a: Milotic
|-boost|p2a: Milotic|atk|1
|-boost|p2a: Milotic|def|1
|-boost|p2a: Milotic|accuracy|1
|move|p1a: Politoed|Weather Ball|p2b: Sylveon
|-damage|p2b: Sylveon|6/100
|
|-weather|RainDance|[upkeep]
|upkeep
|turn|10
|
|t:|1785093247
|move|p2b: Sylveon|Baby-Doll Eyes|p1b: Maushold
|-unboost|p1b: Maushold|atk|1
|move|p1b: Maushold|Encore|p2a: Milotic
|-start|p2a: Milotic|Encore
|move|p2a: Milotic|Coil|p2a: Milotic
|-boost|p2a: Milotic|atk|1
|-boost|p2a: Milotic|def|1
|-boost|p2a: Milotic|accuracy|1
|move|p1a: Politoed|Weather Ball|p2a: Milotic
|-resisted|p2a: Milotic|1
|-damage|p2a: Milotic|78/100
|
|-weather|RainDance|[upkeep]
|-heal|p2a: Milotic|84/100|[from] item: Leftovers
|-end|p2b: Sylveon|Disable
|upkeep
|turn|11
|inactive|kharnvgc has 30 seconds left.
|
|t:|1785093278
|switch|p2a: Tyranitar|Tyranitar, L50, M|1/100
|-weather|Sandstorm|[from] ability: Sand Stream|[of] p2a: Tyranitar
|switch|p2b: Excadrill|Excadrill-Mega, L50, F|100/100
|move|p1b: Maushold|Beat Up|p2a: Tyranitar
|-resisted|p2a: Tyranitar|1
|-damage|p2a: Tyranitar|1/100
|-resisted|p2a: Tyranitar|1
|-damage|p2a: Tyranitar|0 fnt
|faint|p2a: Tyranitar
|-hitcount|p2: Tyranitar|2
|move|p1a: Politoed|Weather Ball|p2b: Excadrill
|-resisted|p2b: Excadrill|2
|-damage|p2b: Excadrill|94/100
|
|-weather|Sandstorm|[upkeep]
|-damage|p1b: Maushold|93/100|[from] Sandstorm
|-damage|p1a: Politoed|52/100|[from] Sandstorm
|upkeep
|
|t:|1785093296
|switch|p2a: Milotic|Milotic, L50, F|84/100
|turn|12
|-message|AbadanRiyi92 forfeited.
|
|win|kharnvgc
