|j|☆spongebob601
|j|☆Gimffy
|html|spongebob601Gimffy    
|uhtml|bestof|Game 1 of a best-of-3
|t:|1757815567
|gametype|doubles
|player|p1|spongebob601|266|1116
|player|p2|Gimffy|ingo|1198
|gen|9
|tier|[Gen 9] VGC 2025 Reg H (Bo3)
|rated|
|rule|Species Clause: Limit one of each Pokémon
|rule|Item Clause: Limit 1 of each item
|clearpoke
|poke|p1|Incineroar, L50, F|
|poke|p1|Sneasler, L50, M|
|poke|p1|Ursaluna-Bloodmoon, L50, M|
|poke|p1|Gholdengo, L50|
|poke|p1|Ninetales-Alola, L50, M|
|poke|p1|Rillaboom, L50, F|
|poke|p2|Dragapult, L50, M|
|poke|p2|Ursaluna-Bloodmoon, L50, M|
|poke|p2|Flamigo, L50, M|
|poke|p2|Porygon2, L50|
|poke|p2|Amoonguss, L50, F|
|poke|p2|Arcanine-Hisui, L50, F|
|teampreview|4
|showteam|p1|Incineroar||SitrusBerry|Intimidate|FakeOut,PartingShot,KnockOff,FlareBlitz|||F|||50|,,,,,Grass]Sneasler||GrassySeed|Unburden|CloseCombat,Protect,SwordsDance,Acrobatics|||M|||50|,,,,,Flying]Ursaluna-Bloodmoon||Leftovers|MindsEye|Protect,Yawn,BloodMoon,EarthPower|||M|||50|,,,,,Water]Gholdengo||LifeOrb|GoodasGold|MakeItRain,ShadowBall,NastyPlot,Protect||||||50|,,,,,Water]Ninetales-Alola||LightClay|SnowWarning|Blizzard,AuroraVeil,Encore,IcyWind|||M|||50|,,,,,Ghost]Rillaboom||AssaultVest|GrassySurge|FakeOut,GrassyGlide,DrumBeating,Uturn|||F|||50|,,,,,Fire
|showteam|p2|Dragapult||ChoiceBand|ClearBody|DragonDarts,Outrage,PhantomForce,Uturn|||M|||50|,,,,,Dragon]Ursaluna-Bloodmoon||AssaultVest|MindsEye|BloodMoon,HyperVoice,EarthPower,VacuumWave|||M|||50|,,,,,Normal]Flamigo||FocusSash|Scrappy|CloseCombat,BraveBird,Detect,Tailwind|||M|||50|,,,,,Ghost]Porygon2||Eviolite|Trace|Thunderbolt,IceBeam,Recover,TrickRoom||||||50|,,,,,Ghost]Amoonguss||SitrusBerry|Regenerator|Spore,RagePowder,PollenPuff,ClearSmog|||F|||50|,,,,,Water]Arcanine-Hisui||MirrorHerb|Intimidate|FlareBlitz,RockSlide,ExtremeSpeed,Protect|||F|||50|,,,,,Fairy
|inactive|Battle timer is ON: inactive players will automatically lose when time's up. (requested by Gimffy)
|inactive|spongebob601 also wants the timer to be on.
|inactive|spongebob601 has 60 seconds left.
|inactive|spongebob601 has 30 seconds left.
|
|t:|1757815633
|teamsize|p1|4
|teamsize|p2|4
|start
|switch|p1a: Ninetales|Ninetales-Alola, L50, M|100/100
|switch|p1b: Sneasler|Sneasler, L50, M|100/100
|switch|p2a: Dragapult|Dragapult, L50, M|100/100
|switch|p2b: Fred Bear|Ursaluna-Bloodmoon, L50, M|100/100
|-weather|Snowscape|[from] ability: Snow Warning|[of] p1a: Ninetales
|turn|1
|
|t:|1757815651
|-terastallize|p2b: Fred Bear|Normal
|move|p1b: Sneasler|Protect|p1b: Sneasler
|-singleturn|p1b: Sneasler|Protect
|move|p2a: Dragapult|U-turn|p1a: Ninetales
|-resisted|p1a: Ninetales
|-damage|p1a: Ninetales|84/100
|
|t:|1757815657
|switch|p2a: Shíshī|Arcanine-Hisui, L50, F|100/100|[from] U-turn
|-ability|p2a: Shíshī|Intimidate|boost
|-unboost|p1a: Ninetales|atk|1
|-unboost|p1b: Sneasler|atk|1
|move|p1a: Ninetales|Aurora Veil|p1a: Ninetales
|-sidestart|p1: spongebob601|move: Aurora Veil
|move|p2b: Fred Bear|Earth Power|p1b: Sneasler
|-activate|p1b: Sneasler|move: Protect
|
|-weather|Snowscape|[upkeep]
|upkeep
|turn|2
|inactive|spongebob601 has 30 seconds left.
|inactive|Gimffy has 30 seconds left.
|inactive|spongebob601 has 20 seconds left.
|inactive|spongebob601 has 15 seconds left.
|
|t:|1757815701
|move|p1a: Ninetales|Icy Wind|p2a: Shíshī|[spread] p2b
|-miss|p1a: Ninetales|p2a: Shíshī
|-damage|p2b: Fred Bear|93/100
|-unboost|p2b: Fred Bear|spe|1
|move|p2a: Shíshī|Flare Blitz|p1a: Ninetales
|-supereffective|p1a: Ninetales
|-damage|p1a: Ninetales|20/100
|-damage|p2a: Shíshī|78/100|[from] Recoil
|move|p1b: Sneasler|Swords Dance|p1b: Sneasler
|-boost|p1b: Sneasler|atk|2
|-enditem|p2a: Shíshī|Mirror Herb
|-boost|p2a: Shíshī|atk|2|[from] item: Mirror Herb
|move|p2b: Fred Bear|Blood Moon|p1b: Sneasler
|-damage|p1b: Sneasler|27/100
|
|-weather|Snowscape|[upkeep]
|upkeep
|turn|3
|inactive|spongebob601 has 30 seconds left.
|
|t:|1757815731
|move|p1b: Sneasler|Protect|p1b: Sneasler
|-singleturn|p1b: Sneasler|Protect
|move|p2a: Shíshī|Extreme Speed|p1b: Sneasler
|-activate|p1b: Sneasler|move: Protect
|move|p1a: Ninetales|Icy Wind|p2b: Fred Bear|[spread] p2a
|-miss|p1a: Ninetales|p2b: Fred Bear
|-resisted|p2a: Shíshī
|-damage|p2a: Shíshī|71/100
|-unboost|p2a: Shíshī|spe|1
|move|p2b: Fred Bear|Hyper Voice|p1a: Ninetales|[spread] p1a
|-activate|p1b: Sneasler|move: Protect
|-damage|p1a: Ninetales|0 fnt
|faint|p1a: Ninetales
|
|-weather|Snowscape|[upkeep]
|upkeep
|
|t:|1757815751
|switch|p1a: Rillaboom|Rillaboom, L50, F|100/100
|-fieldstart|move: Grassy Terrain|[from] ability: Grassy Surge|[of] p1a: Rillaboom
|-enditem|p1b: Sneasler|Grassy Seed
|-boost|p1b: Sneasler|def|1|[from] item: Grassy Seed
|turn|4
|
|t:|1757815765
|move|p2a: Shíshī|Protect|p2a: Shíshī
|-singleturn|p2a: Shíshī|Protect
|move|p1a: Rillaboom|Fake Out|p2a: Shíshī
|-activate|p2a: Shíshī|move: Protect
|move|p1b: Sneasler|Close Combat|p2b: Fred Bear
|-supereffective|p2b: Fred Bear
|-damage|p2b: Fred Bear|0 fnt
|-unboost|p1b: Sneasler|def|1
|-unboost|p1b: Sneasler|spd|1
|faint|p2b: Fred Bear
|
|-weather|Snowscape|[upkeep]
|-heal|p1b: Sneasler|33/100|[from] Grassy Terrain
|-heal|p2a: Shíshī|77/100|[from] Grassy Terrain
|upkeep
|
|t:|1757815775
|switch|p2b: Dragapult|Dragapult, L50, M|100/100
|turn|5
|-message|spongebob601 forfeited.
|
|win|Gimffy
||spongebob601 is ready for game 2.
||Gimffy is ready for game 2.
|uhtml|next|Next: Game 2 of 3
|l|☆spongebob601
|player|p1|
