|j|☆bever13
|j|☆ace.bnz
|html|bever13ace.bnz    
|uhtml|bestof|Game 1 of a best-of-3
|t:|1783953749
|gametype|doubles
|player|p1|bever13|pryce|1065
|player|p2|ace.bnz|265|1174
|gen|9
|tier|[Gen 9 Champions] VGC 2026 Reg M-B (Bo3)
|rated|
|rule|Species Clause: Limit one of each Pokémon
|rule|Item Clause: Limit 1 of each item
|clearpoke
|poke|p1|Ditto, L50, shiny|
|poke|p1|Swampert, L50, M|
|poke|p1|Manectric, L50, M|
|poke|p1|Beedrill, L50, M, shiny|
|poke|p1|Araquanid, L50, M, shiny|
|poke|p1|Pelipper, L50, F, shiny|
|poke|p2|Kingambit, L50, M|
|poke|p2|Whimsicott, L50, M|
|poke|p2|Garchomp, L50, M|
|poke|p2|Charizard, L50, M|
|poke|p2|Basculegion, L50, M|
|poke|p2|Dragonite, L50, M|
|teampreview|4
|showteam|p1|Ditto||Leftovers|Imposter|Transform|Serious|||||50|]Swampert||Swampertite|Torrent|Earthquake,WaveCrash,IcePunch,Protect|Adamant||M|||50|]Manectric||Manectite|LightningRod|Discharge,Flamethrower,Thunderbolt,HyperVoice|Modest||M|||50|]Beedrill||Beedrillite|Sniper|DrillRun,PoisonJab,Uturn,FellStinger|Jolly||M|||50|]Araquanid||LifeOrb|WaterBubble|LeechLife,Liquidation,Dive,WideGuard|Adamant||M|||50|]Pelipper||FocusSash|Drizzle|Hurricane,MuddyWater,Tailwind,RainDance|Modest||F|||50|
|showteam|p2|Kingambit||ChopleBerry|Defiant|Protect,KowtowCleave,SuckerPunch,IronHead|Adamant||M|||50|]Whimsicott||FocusSash|Prankster|Protect,Moonblast,Encore,Tailwind|Timid||M|||50|]Garchomp||RoseliBerry|RoughSkin|RockTomb,PoisonJab,DragonClaw,Earthquake|Adamant||M|||50|]Charizard||CharizarditeY|SolarPower|Protect,WeatherBall,SolarBeam,HeatWave|Modest||M|||50|]Basculegion||SitrusBerry|Adaptability|Protect,WaveCrash,AquaJet,LastRespects|Adamant||M|||50|]Dragonite||Dragoninite|Multiscale|Protect,HeatWave,Thunderbolt,DragonPulse|Modest||M|||50|
|inactive|Battle timer is ON: inactive players will automatically lose when time's up. (requested by ace.bnz)
|
|t:|1783953769
|teamsize|p1|4
|teamsize|p2|4
|start
|switch|p1a: Ditto|Ditto, L50, shiny|100/100
|switch|p1b: Araquanid|Araquanid, L50, M, shiny|100/100
|switch|p2a: Garchomp|Garchomp, L50, M|100/100
|switch|p2b: Whimsicott|Whimsicott, L50, M|100/100
|-transform|p1a: Ditto|p2b: Whimsicott|[from] ability: Imposter
|turn|1
|
|t:|1783953782
|move|p1b: Araquanid|Wide Guard|p1b: Araquanid
|-singleturn|p1b: Araquanid|Wide Guard
|move|p2b: Whimsicott|Tailwind|p2b: Whimsicott
|-sidestart|p2: ace.bnz|move: Tailwind
|move|p2a: Garchomp|Poison Jab|p1a: Ditto
|-supereffective|p1a: Ditto|2
|-damage|p1a: Ditto|0 fnt
|faint|p1a: Ditto
|
|upkeep
|
|t:|1783953797
|switch|p1a: Pelipper|Pelipper, L50, F, shiny|100/100
|-weather|RainDance|[from] ability: Drizzle|[of] p1a: Pelipper
|turn|2
|
|t:|1783953806
|move|p2b: Whimsicott|Encore|p1b: Araquanid
|-start|p1b: Araquanid|Encore
|move|p1b: Araquanid|Wide Guard|p1b: Araquanid
|-singleturn|p1b: Araquanid|Wide Guard
|move|p2a: Garchomp|Rock Tomb|p1a: Pelipper|[miss]
|-miss|p2a: Garchomp|p1a: Pelipper
|move|p1a: Pelipper|Muddy Water|p2b: Whimsicott|[spread] p2a,p2b
|-resisted|p2b: Whimsicott|1
|-damage|p2a: Garchomp|52/100
|-damage|p2b: Whimsicott|63/100
|
|-weather|RainDance|[upkeep]
|upkeep
|turn|3
|
|t:|1783953820
|switch|p1b: Swampert|Swampert, L50, M|100/100
|move|p2b: Whimsicott|Moonblast|p1a: Pelipper
|-damage|p1a: Pelipper|42/100
|move|p2a: Garchomp|Rock Tomb|p1a: Pelipper
|-supereffective|p1a: Pelipper|1
|-damage|p1a: Pelipper|0 fnt
|faint|p1a: Pelipper
|
|-weather|RainDance|[upkeep]
|upkeep
|
|t:|1783953823
|switch|p1a: Araquanid|Araquanid, L50, M, shiny|100/100
|turn|4
|
|t:|1783953842
|detailschange|p1b: Swampert|Swampert-Mega, L50, M
|-mega|p1b: Swampert|Swampert|Swampertite
|move|p2b: Whimsicott|Moonblast|p1b: Swampert
|-damage|p1b: Swampert|70/100
|move|p2a: Garchomp|Dragon Claw|p1b: Swampert
|-damage|p1b: Swampert|25/100
|move|p1b: Swampert|Ice Punch|p2a: Garchomp
|-supereffective|p2a: Garchomp|2
|-crit|p2a: Garchomp
|-damage|p2a: Garchomp|0 fnt
|-damage|p1b: Swampert|13/100|[from] ability: Rough Skin|[of] p2a: Garchomp
|faint|p2a: Garchomp
|move|p1a: Araquanid|Dive||[still]
|-prepare|p1a: Araquanid|Dive
|
|-weather|RainDance|[upkeep]
|-sideend|p2: ace.bnz|move: Tailwind
|upkeep
|
|t:|1783953851
|switch|p2a: Dragonite|Dragonite, L50, M|100/100
|turn|5
|
|t:|1783953857
|detailschange|p2a: Dragonite|Dragonite-Mega, L50, M
|-mega|p2a: Dragonite|Dragonite|Dragoninite
|move|p2b: Whimsicott|Tailwind|p2b: Whimsicott
|-sidestart|p2: ace.bnz|move: Tailwind
|move|p2a: Dragonite|Thunderbolt|p1a: Araquanid|[miss]
|-miss|p2a: Dragonite|p1a: Araquanid
|move|p1b: Swampert|Ice Punch|p2a: Dragonite
|-supereffective|p2a: Dragonite|2
|-damage|p2a: Dragonite|40/100
|move|p1a: Araquanid|Dive|p2a: Dragonite|[from] lockedmove
|-resisted|p2a: Dragonite|1
|-damage|p2a: Dragonite|0 fnt
|faint|p2a: Dragonite
|-damage|p1a: Araquanid|90/100|[from] item: Life Orb
|
|-weather|RainDance|[upkeep]
|upkeep
|
|t:|1783953864
|switch|p2a: Basculegion|Basculegion, L50, M|100/100
|turn|6
|
|t:|1783953877
|move|p1b: Swampert|Protect|p1b: Swampert
|-singleturn|p1b: Swampert|Protect
|move|p2b: Whimsicott|Moonblast|p1b: Swampert
|-activate|p1b: Swampert|move: Protect
|move|p2a: Basculegion|Last Respects|p1a: Araquanid
|-damage|p1a: Araquanid|0 fnt
|faint|p1a: Araquanid
|
|-weather|none
|upkeep
|turn|7
|
|t:|1783953888
|move|p2b: Whimsicott|Moonblast|p1b: Swampert
|-damage|p1b: Swampert|0 fnt
|faint|p1b: Swampert
|
|win|ace.bnz
|l|☆bever13
|player|p1|
|raw|bever13's rating: 1065 → 1051(-14 for losing)
|raw|ace.bnz's rating: 1174 → 1191(+17 for winning)
