|j|☆TrafalgarLaw773
|j|☆ziggleroid_don
|html|TrafalgarLaw773ziggleroid_don    
|uhtml|bestof|Game 1 of a best-of-3
|t:|1785835972
|gametype|doubles
|player|p1|TrafalgarLaw773|1|
|player|p2|ziggleroid_don|170|
|gen|9
|tier|[Gen 9 Champions] VGC 2026 Reg M-B (Bo3)
|rule|Species Clause: Limit one of each Pokémon
|rule|Item Clause: Limit 1 of each item
|clearpoke
|poke|p1|Garbodor, L50, M|
|poke|p1|Heliolisk, L50, F|
|poke|p1|Simisear, L50, F|
|poke|p1|Slowbro, L50, F|
|poke|p1|Toucannon, L50, F|
|poke|p1|Zoroark, L50, F|
|poke|p2|Heliolisk, L50, M|
|poke|p2|Simisear, L50, F|
|poke|p2|Zoroark, L50, F|
|poke|p2|Tinkaton, L50, F|
|poke|p2|Emboar, L50, F|
|poke|p2|Slowbro, L50, F|
|teampreview|4
|showteam|p1|Garbodor||WhiteHerb|WeakArmor|GunkShot,StompingTantrum,Explosion,Protect|Adamant||M|||50|]Heliolisk||FocusSash|DrySkin|HyperVoice,Electroweb,GrassKnot,Protect|Timid||F|||50|]Simisear||Charcoal|Blaze|FlareBlitz,FakeOut,WillOWisp,Protect|Jolly||F|||50|]Slowbro||Leftovers|Regenerator|Blizzard,Surf,SlackOff,PsychicNoise|Bold||F|||50|]Toucannon||SitrusBerry|SkillLink|BraveBird,BulletSeed,Tailwind,Protect|Adamant||F|||50|]Zoroark||LifeOrb|Illusion|DarkPulse,Flamethrower,NastyPlot,Protect|Timid||F|||50|
|showteam|p2|Heliolisk||ChoiceScarf|SolarPower|Thunderbolt,VoltSwitch,Uturn,GrassKnot|Timid||M|||50|]Simisear||LifeOrb|Gluttony|RockSlide,FlameCharge,FlareBlitz,Protect|Jolly||F|||50|]Zoroark||HeatRock|Illusion|SunnyDay,Crunch,Protect,Uturn|Jolly||F|||50|]Tinkaton||Leftovers|MoldBreaker|FakeOut,GigatonHammer,KnockOff,Encore|Serious||F|||50|]Emboar||Emboarite|Blaze|FlareBlitz,BulkUp,DrainPunch,Protect|Adamant||F|||50|]Slowbro||SitrusBerry|Regenerator|Scald,Yawn,Protect,SunnyDay|Bold||F|||50|
|
|t:|1785836014
|teamsize|p1|4
|teamsize|p2|4
|start
|switch|p1a: Slowbro|Slowbro, L50, F|100/100
|switch|p1b: Heliolisk|Heliolisk, L50, F|100/100
|switch|p2a: Tinkaton|Tinkaton, L50, F|100/100
|switch|p2b: Heliolisk|Heliolisk, L50, M|100/100
|-ability|p2a: Tinkaton|Mold Breaker
|turn|1
|
|t:|1785836044
|move|p2a: Tinkaton|Fake Out|p1b: Heliolisk
|-damage|p1b: Heliolisk|84/100
|cant|p1b: Heliolisk|flinch
|move|p2b: Heliolisk|Sunny Day|p2b: Heliolisk
|-weather|SunnyDay
|move|p1a: Slowbro|Surf|p2b: Heliolisk|[spread] p2a,p2b
|-heal|p1b: Heliolisk|100/100|[from] ability: Dry Skin|[of] p1a: Slowbro
|-damage|p2a: Tinkaton|89/100
|-damage|p2b: Heliolisk|78/100
|replace|p2b: Zoroark|Zoroark, L50, F
|-end|p2b: Zoroark|Illusion
|
|-weather|SunnyDay|[upkeep]
|-damage|p1b: Heliolisk|87/100|[from] ability: Dry Skin|[of] p1b: Heliolisk
|-heal|p2a: Tinkaton|95/100|[from] item: Leftovers
|upkeep
|turn|2
|
|t:|1785836076
|switch|p1a: Slowbro|Slowbro, L50, F|100/100
|move|p1b: Heliolisk|Hyper Voice|p2a: Tinkaton|[spread] p2a,p2b
|-resisted|p2a: Tinkaton|1
|-damage|p2a: Tinkaton|81/100
|-damage|p2b: Zoroark|18/100
|move|p2b: Zoroark|Crunch|p1a: Slowbro
|-resisted|p1a: Slowbro|1
|-damage|p1a: Slowbro|67/100
|replace|p1a: Zoroark|Zoroark, L50, F
|-end|p1a: Zoroark|Illusion
|move|p2a: Tinkaton|Knock Off|p1a: Zoroark
|-resisted|p1a: Zoroark|1
|-damage|p1a: Zoroark|49/100
|-enditem|p1a: Zoroark|Life Orb|[from] move: Knock Off|[of] p2a: Tinkaton
|
|-weather|SunnyDay|[upkeep]
|-damage|p1b: Heliolisk|75/100|[from] ability: Dry Skin|[of] p1b: Heliolisk
|-heal|p2a: Tinkaton|87/100|[from] item: Leftovers
|upkeep
|turn|3
|
|t:|1785836105
|move|p1b: Heliolisk|Hyper Voice|p2a: Tinkaton|[spread] p2a,p2b
|-resisted|p2a: Tinkaton|1
|-damage|p2a: Tinkaton|73/100
|-damage|p2b: Zoroark|0 fnt
|faint|p2b: Zoroark
|move|p1a: Zoroark|Flamethrower|p2a: Tinkaton
|-supereffective|p2a: Tinkaton|1
|-damage|p2a: Tinkaton|0 fnt
|faint|p2a: Tinkaton
|
|-weather|SunnyDay|[upkeep]
|-damage|p1b: Heliolisk|63/100|[from] ability: Dry Skin|[of] p1b: Heliolisk
|upkeep
|
|t:|1785836115
|switch|p2b: Heliolisk|Heliolisk, L50, M|100/100
|switch|p2a: Emboar|Emboar, L50, F|100/100
|turn|4
|
|t:|1785836131
|detailschange|p2a: Emboar|Emboar-Mega, L50, F
|-mega|p2a: Emboar|Emboar|Emboarite
|-ability|p2a: Emboar|Mold Breaker
|move|p1a: Zoroark|Protect|p1a: Zoroark
|-singleturn|p1a: Zoroark|Protect
|move|p2b: Heliolisk|Thunderbolt|p1a: Zoroark
|-activate|p1a: Zoroark|move: Protect
|move|p1b: Heliolisk|Electroweb|p2b: Heliolisk|[spread] p2a,p2b
|-resisted|p2b: Heliolisk|1
|-damage|p2a: Emboar|85/100
|-damage|p2b: Heliolisk|86/100
|-unboost|p2a: Emboar|spe|1
|-unboost|p2b: Heliolisk|spe|1
|move|p2a: Emboar|Bulk Up|p2a: Emboar
|-boost|p2a: Emboar|atk|1
|-boost|p2a: Emboar|def|1
|
|-weather|SunnyDay|[upkeep]
|-damage|p1b: Heliolisk|51/100|[from] ability: Dry Skin|[of] p1b: Heliolisk
|-damage|p2b: Heliolisk|74/100|[from] ability: Solar Power|[of] p2b: Heliolisk
|upkeep
|turn|5
|
|t:|1785836160
|move|p2b: Heliolisk|Thunderbolt|p1a: Zoroark
|-damage|p1a: Zoroark|0 fnt
|faint|p1a: Zoroark
|move|p1b: Heliolisk|Hyper Voice|p2b: Heliolisk|[spread] p2a,p2b
|-damage|p2a: Emboar|61/100
|-damage|p2b: Heliolisk|32/100
|move|p2a: Emboar|Bulk Up|p2a: Emboar
|-boost|p2a: Emboar|atk|1
|-boost|p2a: Emboar|def|1
|
|-weather|SunnyDay|[upkeep]
|-damage|p2b: Heliolisk|20/100y|[from] ability: Solar Power|[of] p2b: Heliolisk
|-damage|p1b: Heliolisk|38/100|[from] ability: Dry Skin|[of] p1b: Heliolisk
|upkeep
|
|t:|1785836168
|switch|p1a: Simisear|Simisear, L50, F|100/100
|turn|6
|
|t:|1785836185
|move|p1a: Simisear|Fake Out|p2b: Heliolisk
|-damage|p2b: Heliolisk|0 fnt
|faint|p2b: Heliolisk
|move|p1b: Heliolisk|Hyper Voice|p2a: Emboar
|-damage|p2a: Emboar|29/100
|move|p2a: Emboar|Drain Punch|p1a: Simisear
|-damage|p1a: Simisear|0 fnt
|-heal|p2a: Emboar|71/100|[from] drain|[of] p1a: Simisear
|faint|p1a: Simisear
|
|-weather|SunnyDay|[upkeep]
|-damage|p1b: Heliolisk|26/100|[from] ability: Dry Skin|[of] p1b: Heliolisk
|upkeep
|
|t:|1785836191
|switch|p1a: Slowbro|Slowbro, L50, F|100/100
|turn|7
|
|t:|1785836206
|move|p1b: Heliolisk|Protect|p1b: Heliolisk
|-singleturn|p1b: Heliolisk|Protect
|move|p2a: Emboar|Drain Punch|p1a: Slowbro
|-resisted|p1a: Slowbro|1
|-damage|p1a: Slowbro|70/100
|-heal|p2a: Emboar|85/100|[from] drain|[of] p1a: Slowbro
|move|p1a: Slowbro|Psychic Noise|p2a: Emboar
|-supereffective|p2a: Emboar|1
|-damage|p2a: Emboar|48/100
|-start|p2a: Emboar|move: Heal Block
|
|-weather|SunnyDay|[upkeep]
|-damage|p1b: Heliolisk|14/100|[from] ability: Dry Skin|[of] p1b: Heliolisk
|-heal|p1a: Slowbro|76/100|[from] item: Leftovers
|upkeep
|turn|8
|
|t:|1785836226
|move|p2a: Emboar|Protect|p2a: Emboar
|-singleturn|p2a: Emboar|Protect
|move|p1b: Heliolisk|Hyper Voice|p2a: Emboar
|-activate|p2a: Emboar|move: Protect
|move|p1a: Slowbro|Psychic Noise|p2a: Emboar
|-activate|p2a: Emboar|move: Protect
|
|-weather|none
|-heal|p1a: Slowbro|82/100|[from] item: Leftovers
|-end|p2a: Emboar|move: Heal Block
|upkeep
|turn|9
|
|t:|1785836240
|move|p1b: Heliolisk|Hyper Voice|p2a: Emboar
|-damage|p2a: Emboar|19/100
|move|p2a: Emboar|Drain Punch|p1a: Slowbro
|-resisted|p1a: Slowbro|1
|-damage|p1a: Slowbro|53/100
|-heal|p2a: Emboar|33/100|[from] drain|[of] p1a: Slowbro
|move|p1a: Slowbro|Surf|p2a: Emboar|[spread] p2a
|-heal|p1b: Heliolisk|38/100|[from] ability: Dry Skin|[of] p1a: Slowbro
|-supereffective|p2a: Emboar|1
|-damage|p2a: Emboar|0 fnt
|faint|p2a: Emboar
|
|win|TrafalgarLaw773
||TrafalgarLaw773 is ready for game 2.
||ziggleroid_don is ready for game 2.
|uhtml|next|Next: Game 2 of 3
