|j|☆Frisk Azzy
|j|☆LittleSunLight
|html|Frisk AzzyLittleSunLight    
|uhtml|bestof|Game 2 of a best-of-3
|t:|1783539552
|gametype|doubles
|player|p1|Frisk Azzy|riley|
|player|p2|LittleSunLight|beauty|
|gen|9
|tier|[Gen 9 Champions] VGC 2026 Reg M-B (Bo3)
|rule|Species Clause: Limit one of each Pokémon
|rule|Item Clause: Limit 1 of each item
|clearpoke
|poke|p1|Charizard, L50, M, shiny|
|poke|p1|Venusaur, L50, M|
|poke|p1|Whimsicott, L50, M|
|poke|p1|Luxray, L50, M, shiny|
|poke|p1|Aegislash, L50, F|
|poke|p1|Garchomp, L50, F, shiny|
|poke|p2|Dragonite, L50, F|
|poke|p2|Froslass, L50, F|
|poke|p2|Sneasler, L50, M|
|poke|p2|Arcanine-Hisui, L50, M|
|poke|p2|Basculegion, L50, M|
|poke|p2|Kingambit, L50, F|
|teampreview|4
|showteam|p1|Charizard||CharizarditeY|SolarPower|HeatWave,Protect,SolarBeam,AirSlash|Timid||M|||50|]Venusaur||LifeOrb|Chlorophyll|GigaDrain,SludgeBomb,Protect,EarthPower|Modest||M|||50|]Whimsicott||FocusSash|Prankster|Moonblast,Tailwind,Taunt,SunnyDay|Timid||M|||50|]Luxray||SitrusBerry|Intimidate|Crunch,WildCharge,Protect,VoltSwitch|Sassy||M|||50|]Aegislash||SpellTag|StanceChange|IronHead,KingsShield,WideGuard,ShadowSneak|Adamant||F|||50|]Garchomp||ExpertBelt|RoughSkin|DragonClaw,Protect,Earthquake,RockSlide|Jolly||F|||50|
|showteam|p2|Dragonite||Dragoninite|Multiscale|Protect,Tailwind,DragonPulse,Flamethrower|Modest||F|||50|]Froslass||Froslassite|CursedBody|Protect,Blizzard,ShadowBall,AuroraVeil|Timid||F|||50|]Sneasler||WhiteHerb|Unburden|Protect,CloseCombat,DireClaw,FakeOut|Jolly||M|||50|]Arcanine-Hisui||FocusSash|RockHead|FlareBlitz,HeadSmash,RockSlide,ExtremeSpeed|Jolly||M|||50|]Basculegion||LifeOrb|Adaptability|Protect,WaveCrash,AquaJet,LastRespects|Adamant||M|||50|]Kingambit||ChopleBerry|Defiant|Protect,KowtowCleave,IronHead,SuckerPunch|Adamant||F|||50|
|inactive|Battle timer is ON: inactive players will automatically lose when time's up. (requested by LittleSunLight)
|inactive|LittleSunLight has 60 seconds left.
|inactive|LittleSunLight has 30 seconds left.
|inactive|LittleSunLight has 20 seconds left.
|inactive|LittleSunLight has 15 seconds left.
|inactive|LittleSunLight has 10 seconds left.
|inactive|LittleSunLight has 5 seconds left.
|
|t:|1783539654
|teamsize|p1|4
|teamsize|p2|4
|start
|switch|p1a: Charizard|Charizard, L50, M, shiny|100/100
|switch|p1b: Aegislash|Aegislash, L50, F|100/100
|switch|p2a: MyLuv!|Dragonite, L50, F|100/100
|switch|p2b: Mochi|Sneasler, L50, M|100/100
|turn|1
|inactive|LittleSunLight has 30 seconds left.
|inactive|LittleSunLight has 20 seconds left.
|inactive|LittleSunLight has 15 seconds left.
|inactive|LittleSunLight has 10 seconds left.
|
|t:|1783539702
|move|p1a: Charizard|Protect|p1a: Charizard
|-singleturn|p1a: Charizard|Protect
|move|p2b: Mochi|Fake Out|p1a: Charizard
|-activate|p1a: Charizard|move: Protect
|move|p2a: MyLuv!|Tailwind|p2a: MyLuv!
|-sidestart|p2: LittleSunLight|move: Tailwind
|-formechange|p1b: Aegislash|Aegislash-Blade|
|move|p1b: Aegislash|Iron Head|p2a: MyLuv!
|-damage|p2a: MyLuv!|78/100
|
|upkeep
|turn|2
|inactive|LittleSunLight has 30 seconds left.
|inactive|LittleSunLight has 20 seconds left.
|inactive|LittleSunLight has 15 seconds left.
|
|t:|1783539743
|detailschange|p1a: Charizard|Charizard-Mega-Y, L50, M, shiny
|-mega|p1a: Charizard|Charizard|Charizardite Y
|-weather|SunnyDay|[from] ability: Drought|[of] p1a: Charizard
|-formechange|p1b: Aegislash|Aegislash|
|move|p1b: Aegislash|King's Shield|p1b: Aegislash
|-singleturn|p1b: Aegislash|Protect
|move|p2b: Mochi|Close Combat|p1a: Charizard
|-resisted|p1a: Charizard|1
|-damage|p1a: Charizard|59/100
|-unboost|p2b: Mochi|def|1
|-unboost|p2b: Mochi|spd|1
|-enditem|p2b: Mochi|White Herb
|-clearnegativeboost|p2b: Mochi|[silent]
|move|p2a: MyLuv!|Dragon Pulse|p1a: Charizard
|-damage|p1a: Charizard|16/100
|move|p1a: Charizard|Air Slash|p2b: Mochi
|-supereffective|p2b: Mochi|1
|-damage|p2b: Mochi|0 fnt
|faint|p2b: Mochi
|
|-weather|SunnyDay|[upkeep]
|upkeep
|
|t:|1783539764
|switch|p2b: Elssssa|Froslass, L50, F|100/100
|turn|3
|inactive|LittleSunLight has 30 seconds left.
|
|t:|1783539794
|switch|p1a: Venusaur|Venusaur, L50, M|100/100
|detailschange|p2b: Elssssa|Froslass-Mega, L50, F
|-mega|p2b: Elssssa|Froslass|Froslassite
|-weather|Snowscape|[from] ability: Snow Warning|[of] p2b: Elssssa
|-formechange|p1b: Aegislash|Aegislash-Blade|
|move|p1b: Aegislash|Shadow Sneak|p2b: Elssssa
|-supereffective|p2b: Elssssa|1
|-damage|p2b: Elssssa|41/100
|move|p2b: Elssssa|Aurora Veil|p2b: Elssssa
|-sidestart|p2: LittleSunLight|move: Aurora Veil
|move|p2a: MyLuv!|Flamethrower|p1b: Aegislash
|-supereffective|p1b: Aegislash|1
|-damage|p1b: Aegislash|23/100
|
|-weather|Snowscape|[upkeep]
|upkeep
|turn|4
|inactive|LittleSunLight has 30 seconds left.
|inactive|LittleSunLight has 20 seconds left.
|
|t:|1783539832
|move|p1a: Venusaur|Protect|p1a: Venusaur
|-singleturn|p1a: Venusaur|Protect
|move|p1b: Aegislash|Shadow Sneak|p2b: Elssssa
|-supereffective|p2b: Elssssa|1
|-damage|p2b: Elssssa|8/100
|move|p2b: Elssssa|Shadow Ball|p1b: Aegislash
|-supereffective|p1b: Aegislash|1
|-damage|p1b: Aegislash|0 fnt
|faint|p1b: Aegislash
|move|p2a: MyLuv!|Flamethrower|p1a: Venusaur
|-activate|p1a: Venusaur|move: Protect
|
|-weather|Snowscape|[upkeep]
|-sideend|p2: LittleSunLight|move: Tailwind
|upkeep
|
|t:|1783539846
|switch|p1b: Charizard|Charizard-Mega-Y, L50, M, shiny|16/100
|-weather|SunnyDay|[from] ability: Drought|[of] p1b: Charizard
|turn|5
|
|t:|1783539858
|switch|p2b: Frisk|Arcanine-Hisui, L50, M|100/100
|move|p1a: Venusaur|Sludge Bomb|p2a: MyLuv!
|-damage|p2a: MyLuv!|36/100
|-status|p2a: MyLuv!|psn
|-damage|p1a: Venusaur|90/100|[from] item: Life Orb
|move|p1b: Charizard|Heat Wave|p2b: Frisk|[spread] p2a,p2b
|-resisted|p2a: MyLuv!|1
|-resisted|p2b: Frisk|2
|-crit|p2b: Frisk
|-damage|p2a: MyLuv!|13/100 psn
|-damage|p2b: Frisk|71/100
|move|p2a: MyLuv!|Flamethrower|p1a: Venusaur
|-supereffective|p1a: Venusaur|1
|-damage|p1a: Venusaur|0 fnt
|faint|p1a: Venusaur
|
|-weather|SunnyDay|[upkeep]
|-damage|p2a: MyLuv!|1/100 psn|[from] psn
|upkeep
|
|t:|1783539877
|switch|p1a: Garchomp|Garchomp, L50, F, shiny|100/100
|turn|6
|
|t:|1783539900
|move|p1b: Charizard|Protect|p1b: Charizard
|-singleturn|p1b: Charizard|Protect
|move|p2b: Frisk|Extreme Speed|p1b: Charizard
|-activate|p1b: Charizard|move: Protect
|move|p1a: Garchomp|Earthquake|p2b: Frisk|[spread] p2b
|-activate|p1b: Charizard|move: Protect
|-immune|p2a: MyLuv!
|-supereffective|p2b: Frisk|2
|-damage|p2b: Frisk|0 fnt
|faint|p2b: Frisk
|move|p2a: MyLuv!|Dragon Pulse|p1a: Garchomp
|-supereffective|p1a: Garchomp|1
|-damage|p1a: Garchomp|16/100
|
|-weather|SunnyDay|[upkeep]
|-damage|p2a: MyLuv!|0 fnt|[from] psn
|faint|p2a: MyLuv!
|upkeep
|
|t:|1783539918
|switch|p2b: Elssssa|Froslass-Mega, L50, F|8/100
|-weather|Snowscape|[from] ability: Snow Warning|[of] p2b: Elssssa
|turn|7
|
|t:|1783539930
|move|p1a: Garchomp|Protect|p1a: Garchomp
|-singleturn|p1a: Garchomp|Protect
|move|p2b: Elssssa|Blizzard|p1b: Charizard|[spread] p1b
|-activate|p1a: Garchomp|move: Protect
|-damage|p1b: Charizard|0 fnt
|faint|p1b: Charizard
|
|-weather|Snowscape|[upkeep]
|-sideend|p2: LittleSunLight|move: Aurora Veil
|upkeep
|turn|8
|
|t:|1783539943
|move|p2b: Elssssa|Blizzard|p1a: Garchomp
|-supereffective|p1a: Garchomp|2
|-damage|p1a: Garchomp|0 fnt
|faint|p1a: Garchomp
|
|win|LittleSunLight
|c|☆LittleSunLight|gas!
|c|☆Frisk Azzy|Ggwp
|c|☆LittleSunLight|ggs
|c|☆LittleSunLight|same!
|c|☆Frisk Azzy|That was so close
|c|☆LittleSunLight|save the replays
|c|☆LittleSunLight|yesss very close
|c|☆LittleSunLight|you team is scary
|l|☆Frisk Azzy
|player|p1|
|l|☆LittleSunLight
|player|p2|
|j|☆LittleSunLight
|player|p2|LittleSunLight|beauty|
|l|☆LittleSunLight
|player|p2|
|j|☆Frisk Azzy
|player|p1|Frisk Azzy|riley|
