|j|☆honeybadgergms1994
|j|☆erporros
|html|honeybadgergms1994erporros    
|uhtml|bestof|Game 3 of a best-of-3
|t:|1757802895
|gametype|doubles
|player|p1|honeybadgergms1994|266|1025
|player|p2|erporros|blackbelt-gen4dp|1149
|gen|9
|tier|[Gen 9] VGC 2025 Reg H (Bo3)
|rated|
|rule|Species Clause: Limit one of each Pokémon
|rule|Item Clause: Limit 1 of each item
|clearpoke
|poke|p1|Tyranitar, L50, M|
|poke|p1|Excadrill, L50, F|
|poke|p1|Amoonguss, L50, M|
|poke|p1|Salamence, L50, M|
|poke|p1|Rotom-Heat, L50|
|poke|p1|Primarina, L50, F|
|poke|p2|Murkrow, L50, F|
|poke|p2|Dragapult, L50, F|
|poke|p2|Sneasler, L50, F|
|poke|p2|Maushold-Four, L50|
|poke|p2|Clefable, L50, F|
|poke|p2|Incineroar, L50, F|
|teampreview|4
|showteam|p1|Tyranitar||AssaultVest|SandStream|RockSlide,KnockOff,TeraBlast,LowKick|||M|||50|,,,,,Flying]Excadrill||ClearAmulet|SandRush|Earthquake,IronHead,RockSlide,Protect|||F|||50|,,,,,Ground]Amoonguss||SitrusBerry|Regenerator|RagePowder,PollenPuff,Spore,Protect|||M|||50|,,,,,Water]Salamence||LifeOrb|Intimidate|AirSlash,DracoMeteor,Tailwind,Protect|||M|||50|,,,,,Poison]Rotom-Heat||SafetyGoggles|Levitate|Overheat,Thunderbolt,WillOWisp,Protect||||||50|,,,,,Electric]Primarina||ThroatSpray|LiquidVoice|Moonblast,HyperVoice,Haze,Protect|||F|||50|,,,,,Grass
|showteam|p2|Murkrow||Eviolite|Prankster|Tailwind,Haze,SunnyDay,FoulPlay|||F|||50|,,,,,Ghost]Dragapult||ChoiceBand|ClearBody|Outrage,DragonDarts,PhantomForce,Uturn|||F|||50|,,,,,Dragon]Sneasler||FocusSash|Unburden|ThroatChop,Protect,DireClaw,CloseCombat|||F|||50|,,,,,Stellar]Maushold-Four||WideLens|Technician|PopulationBomb,Protect,FollowMe,Bite||||||50|,,,,,Ghost]Clefable||SitrusBerry|Unaware|FollowMe,Protect,Moonblast,MistyTerrain|||F|||50|,,,,,Water]Incineroar||SafetyGoggles|Intimidate|FlareBlitz,KnockOff,FakeOut,PartingShot|||F|||50|,,,,,Ghost
|
|t:|1757802923
|teamsize|p1|4
|teamsize|p2|4
|start
|switch|p1a: Excadrill|Excadrill, L50, F|100/100
|switch|p1b: Tyranitar|Tyranitar, L50, M|100/100
|switch|p2a: Incineroar|Incineroar, L50, F|100/100
|switch|p2b: Dragapult|Dragapult, L50, F|100/100
|-weather|Sandstorm|[from] ability: Sand Stream|[of] p1b: Tyranitar
|-ability|p2a: Incineroar|Intimidate|boost
|-fail|p1a: Excadrill|unboost|[from] item: Clear Amulet|[of] p1a: Excadrill
|-unboost|p1b: Tyranitar|atk|1
|turn|1
|
|t:|1757802949
|-terastallize|p1b: Tyranitar|Flying
|move|p2a: Incineroar|Fake Out|p1a: Excadrill
|-resisted|p1a: Excadrill
|-damage|p1a: Excadrill|93/100
|cant|p1a: Excadrill|flinch
|move|p2b: Dragapult|U-turn|p1b: Tyranitar
|-resisted|p1b: Tyranitar
|-crit|p1b: Tyranitar
|-damage|p1b: Tyranitar|80/100
|
|t:|1757802961
|switch|p2b: Murkrow|Murkrow, L50, F|100/100|[from] U-turn
|move|p1b: Tyranitar|Knock Off|p2b: Murkrow
|-resisted|p2b: Murkrow
|-damage|p2b: Murkrow|83/100
|-enditem|p2b: Murkrow|Eviolite|[from] move: Knock Off|[of] p1b: Tyranitar
|
|-weather|Sandstorm|[upkeep]
|-damage|p2b: Murkrow|77/100|[from] Sandstorm
|-damage|p1b: Tyranitar|74/100|[from] Sandstorm
|upkeep
|turn|2
|
|t:|1757802982
|switch|p1b: Salamence|Salamence, L50, M|100/100
|-ability|p1b: Salamence|Intimidate|boost
|-unboost|p2a: Incineroar|atk|1
|-unboost|p2b: Murkrow|atk|1
|move|p2b: Murkrow|Tailwind|p2b: Murkrow
|-sidestart|p2: erporros|move: Tailwind
|move|p1a: Excadrill|Earthquake|p2a: Incineroar|[spread] p2a
|-immune|p1b: Salamence
|-immune|p2b: Murkrow
|-supereffective|p2a: Incineroar
|-damage|p2a: Incineroar|23/100
|move|p2a: Incineroar|Flare Blitz|p1a: Excadrill
|-supereffective|p1a: Excadrill
|-damage|p1a: Excadrill|0 fnt
|faint|p1a: Excadrill
|-damage|p2a: Incineroar|0 fnt|[from] Recoil
|faint|p2a: Incineroar
|
|-weather|Sandstorm|[upkeep]
|-damage|p2b: Murkrow|71/100|[from] Sandstorm
|-damage|p1b: Salamence|95/100|[from] Sandstorm
|upkeep
|
|t:|1757803004
|switch|p1a: Rotom|Rotom-Heat, L50|100/100
|switch|p2a: Maushold|Maushold-Four, L50|100/100
|turn|3
|
|t:|1757803026
|move|p1b: Salamence|Protect|p1b: Salamence
|-singleturn|p1b: Salamence|Protect
|move|p1a: Rotom|Protect|p1a: Rotom
|-singleturn|p1a: Rotom|Protect
|move|p2a: Maushold|Population Bomb|p1a: Rotom
|-activate|p1a: Rotom|move: Protect
|move|p2b: Murkrow|Foul Play|p1b: Salamence
|-activate|p1b: Salamence|move: Protect
|
|-weather|Sandstorm|[upkeep]
|-damage|p2a: Maushold|94/100|[from] Sandstorm
|-damage|p2b: Murkrow|65/100|[from] Sandstorm
|-damage|p1b: Salamence|89/100|[from] Sandstorm
|upkeep
|turn|4
|
|t:|1757803057
|move|p2a: Maushold|Population Bomb|p1b: Salamence
|-damage|p1b: Salamence|75/100
|-damage|p1b: Salamence|60/100
|-damage|p1b: Salamence|46/100
|-damage|p1b: Salamence|31/100
|-damage|p1b: Salamence|17/100
|-damage|p1b: Salamence|2/100
|-damage|p1b: Salamence|0 fnt
|faint|p1b: Salamence
|-hitcount|p1: Salamence|7
|move|p2b: Murkrow|Foul Play|p1a: Rotom
|-damage|p1a: Rotom|78/100
|move|p1a: Rotom|Thunderbolt|p2b: Murkrow
|-supereffective|p2b: Murkrow
|-damage|p2b: Murkrow|0 fnt
|faint|p2b: Murkrow
|
|-weather|Sandstorm|[upkeep]
|-damage|p2a: Maushold|88/100|[from] Sandstorm
|upkeep
|
|t:|1757803076
|switch|p1b: Tyranitar|Tyranitar, L50, M, tera:Flying|74/100
|switch|p2b: Dragapult|Dragapult, L50, F|100/100
|turn|5
|c|☆erporros|97% i win
|
|t:|1757803114
|-terastallize|p2b: Dragapult|Dragon
|move|p1a: Rotom|Protect|p1a: Rotom
|-singleturn|p1a: Rotom|Protect
|move|p2b: Dragapult|Outrage|p1a: Rotom
|-activate|p1a: Rotom|move: Protect
|move|p2a: Maushold|Population Bomb|p1b: Tyranitar
|-damage|p1b: Tyranitar|65/100
|-damage|p1b: Tyranitar|56/100
|-damage|p1b: Tyranitar|48/100
|-damage|p1b: Tyranitar|38/100
|-damage|p1b: Tyranitar|29/100
|-damage|p1b: Tyranitar|20/100
|-damage|p1b: Tyranitar|12/100
|-damage|p1b: Tyranitar|3/100
|-damage|p1b: Tyranitar|0 fnt
|faint|p1b: Tyranitar
|-hitcount|p1: Tyranitar|9
|
|-weather|none
|-sideend|p2: erporros|move: Tailwind
|upkeep
|turn|6
|
|t:|1757803137
|move|p2b: Dragapult|Outrage|p1a: Rotom
|-damage|p1a: Rotom|0 fnt
|faint|p1a: Rotom
|
|win|erporros
|raw|honeybadgergms1994's rating: 1025 → 1016(-9 for losing)
|raw|erporros's rating: 1149 → 1165(+16 for winning)
|c|☆erporros|Yep
