|j|☆el1azsm
|j|☆Mortipherus
|html|el1azsmMortipherus    
|uhtml|bestof|Game 2 of a best-of-3
|t:|1756659277
|gametype|doubles
|player|p1|el1azsm|proton|1086
|player|p2|Mortipherus|biker-gen4|1150
|gen|9
|tier|[Gen 9] VGC 2025 Reg H (Bo3)
|rated|
|rule|Species Clause: Limit one of each Pokémon
|rule|Item Clause: Limit 1 of each item
|clearpoke
|poke|p1|Archaludon, L50, M|
|poke|p1|Sinistcha, L50|
|poke|p1|Pelipper, L50, M|
|poke|p1|Grimmsnarl, L50, M|
|poke|p1|Baxcalibur, L50, F|
|poke|p1|Basculegion, L50, M|
|poke|p2|Hydrapple, L50, M|
|poke|p2|Arcanine-Hisui, L50, M|
|poke|p2|Gholdengo, L50|
|poke|p2|Electabuzz, L50, M|
|poke|p2|Indeedee, L50, M|
|poke|p2|Sneasler, L50, M|
|teampreview|4
|showteam|p1|Archaludon||AssaultVest|Stamina|DragonPulse,ElectroShot,Snarl,BodyPress|||M|||50|,,,,,Grass]Sinistcha||SitrusBerry|Hospitality|Protect,RagePowder,MatchaGotcha,LifeDew||||||50|,,,,,Fairy]Pelipper||CovertCloak|Drizzle|Protect,IcyWind,Tailwind,Hurricane|||M|||50|,,,,,Grass]Grimmsnarl||LightClay|Prankster|LightScreen,Reflect,SpiritBreak,ThunderWave|||M|||50|,,,,,Dark]Baxcalibur||LoadedDice|ThermalExchange|Protect,IcicleSpear,ScaleShot,IceShard|||F|||50|,,,,,Grass]Basculegion||LifeOrb|SwiftSwim|Protect,AquaJet,LastRespects,WaveCrash|||M|||50|,,,,,Grass
|showteam|p2|Hydrapple||AssaultVest|Regenerator|FickleBeam,EnergyBall,EarthPower,BreakingSwipe|||M|||50|,,,,,Ground]Arcanine-Hisui||ClearAmulet|Intimidate|Protect,ExtremeSpeed,FlareBlitz,RockSlide|||M|||50|,,,,,Grass]Gholdengo||LifeOrb|GoodasGold|Protect,NastyPlot,MakeItRain,ShadowBall||||||50|,,,,,Flying]Electabuzz||Eviolite|VitalSpirit|Protect,FollowMe,Taunt,Electroweb|||M|||50|,,,,,Dragon]Indeedee||FocusSash|PsychicSurge|Protect,TrickRoom,ExpandingForce,TeraBlast|||M|||50|,,,,,Ground]Sneasler||PsychicSeed|Unburden|Protect,ThroatChop,DireClaw,CloseCombat|||M|||50|,,,,,Dark
|
|t:|1756659313
|teamsize|p1|4
|teamsize|p2|4
|start
|switch|p1a: Baxcalibur|Baxcalibur, L50, F|100/100
|switch|p1b: Pelipper|Pelipper, L50, M|100/100
|switch|p2a: Indeedee|Indeedee, L50, M|100/100
|switch|p2b: Arcanine|Arcanine-Hisui, L50, M|100/100
|-fieldstart|move: Psychic Terrain|[from] ability: Psychic Surge|[of] p2a: Indeedee
|-ability|p2b: Arcanine|Intimidate|boost
|-unboost|p1a: Baxcalibur|atk|1
|-unboost|p1b: Pelipper|atk|1
|-weather|RainDance|[from] ability: Drizzle|[of] p1b: Pelipper
|turn|1
|
|t:|1756659343
|move|p2a: Indeedee|Expanding Force|p1b: Pelipper|[spread] p1a,p1b
|-damage|p1a: Baxcalibur|44/100
|-damage|p1b: Pelipper|39/100
|move|p1a: Baxcalibur|Scale Shot|p2a: Indeedee
|-damage|p2a: Indeedee|81/100
|-damage|p2a: Indeedee|59/100
|-damage|p2a: Indeedee|37/100
|-damage|p2a: Indeedee|16/100
|-hitcount|p2a: Indeedee|4
|-unboost|p1a: Baxcalibur|def|1
|-boost|p1a: Baxcalibur|spe|1
|move|p2b: Arcanine|Rock Slide|p1a: Baxcalibur|[spread] p1b
|-miss|p2b: Arcanine|p1a: Baxcalibur
|-supereffective|p1b: Pelipper
|-damage|p1b: Pelipper|0 fnt
|faint|p1b: Pelipper
|
|-weather|RainDance|[upkeep]
|upkeep
|
|t:|1756659360
|switch|p1b: Basculegion|Basculegion, L50, M|100/100
|turn|2
|
|t:|1756659380
|switch|p2b: Electabuzz|Electabuzz, L50, M|100/100
|move|p1b: Basculegion|Protect|p1b: Basculegion
|-singleturn|p1b: Basculegion|Protect
|move|p1a: Baxcalibur|Protect|p1a: Baxcalibur
|-singleturn|p1a: Baxcalibur|Protect
|move|p2a: Indeedee|Protect||[still]
|-fail|p2a: Indeedee
|
|-weather|RainDance|[upkeep]
|upkeep
|turn|3
|
|t:|1756659399
|move|p2a: Indeedee|Protect|p2a: Indeedee
|-singleturn|p2a: Indeedee|Protect
|move|p1b: Basculegion|Last Respects|p2b: Electabuzz
|-damage|p2b: Electabuzz|50/100
|-damage|p1b: Basculegion|91/100|[from] item: Life Orb
|move|p1a: Baxcalibur|Scale Shot|p2b: Electabuzz
|-damage|p2b: Electabuzz|41/100
|-damage|p2b: Electabuzz|32/100
|-damage|p2b: Electabuzz|23/100
|-damage|p2b: Electabuzz|15/100
|-damage|p2b: Electabuzz|6/100
|-hitcount|p2b: Electabuzz|5
|-unboost|p1a: Baxcalibur|def|1
|-boost|p1a: Baxcalibur|spe|1
|move|p2b: Electabuzz|Electroweb|p1b: Basculegion|[spread] p1b
|-miss|p2b: Electabuzz|p1a: Baxcalibur
|-supereffective|p1b: Basculegion
|-damage|p1b: Basculegion|57/100
|-unboost|p1b: Basculegion|spe|1
|
|-weather|RainDance|[upkeep]
|upkeep
|turn|4
|inactive|Battle timer is ON: inactive players will automatically lose when time's up. (requested by Mortipherus)
|
|t:|1756659441
|switch|p2a: Hydrapple|Hydrapple, L50, M|100/100
|move|p2b: Electabuzz|Protect|p2b: Electabuzz
|-singleturn|p2b: Electabuzz|Protect
|move|p1a: Baxcalibur|Icicle Spear|p2b: Electabuzz
|-activate|p2b: Electabuzz|move: Protect
|move|p1b: Basculegion|Wave Crash|p2a: Hydrapple
|-resisted|p2a: Hydrapple
|-damage|p2a: Hydrapple|78/100
|-damage|p1b: Basculegion|49/100|[from] Recoil
|-damage|p1b: Basculegion|39/100|[from] item: Life Orb
|
|-weather|RainDance|[upkeep]
|upkeep
|turn|5
|inactive|Mortipherus has 30 seconds left.
|
|t:|1756659476
|switch|p2a: Arcanine|Arcanine-Hisui, L50, M|100/100
|-ability|p2a: Arcanine|Intimidate|boost
|-unboost|p1a: Baxcalibur|atk|1
|-unboost|p1b: Basculegion|atk|1
|move|p1a: Baxcalibur|Icicle Spear|p2a: Arcanine
|-resisted|p2a: Arcanine
|-damage|p2a: Arcanine|97/100
|-resisted|p2a: Arcanine
|-damage|p2a: Arcanine|93/100
|-resisted|p2a: Arcanine
|-damage|p2a: Arcanine|89/100
|-resisted|p2a: Arcanine
|-damage|p2a: Arcanine|85/100
|-resisted|p2a: Arcanine
|-damage|p2a: Arcanine|81/100
|-hitcount|p2a: Arcanine|5
|move|p1b: Basculegion|Wave Crash|p2b: Electabuzz
|-damage|p2b: Electabuzz|0 fnt
|faint|p2b: Electabuzz
|-damage|p1b: Basculegion|37/100|[from] Recoil
|-damage|p1b: Basculegion|28/100|[from] item: Life Orb
|
|-weather|none
|-fieldend|move: Psychic Terrain
|upkeep
|
|t:|1756659485
|switch|p2b: Indeedee|Indeedee, L50, M|16/100
|-fieldstart|move: Psychic Terrain|[from] ability: Psychic Surge|[of] p2b: Indeedee
|turn|6
|
|t:|1756659508
|-terastallize|p2a: Arcanine|Grass
|move|p2b: Indeedee|Protect|p2b: Indeedee
|-singleturn|p2b: Indeedee|Protect
|move|p1a: Baxcalibur|Icicle Spear|p2b: Indeedee
|-activate|p2b: Indeedee|move: Protect
|move|p2a: Arcanine|Rock Slide|p1b: Basculegion|[spread] p1a,p1b
|-supereffective|p1a: Baxcalibur
|-damage|p1a: Baxcalibur|0 fnt
|-damage|p1b: Basculegion|0 fnt
|faint|p1a: Baxcalibur
|faint|p1b: Basculegion
|
|upkeep
|
|t:|1756659519
|switch|p1b: Archaludon|Archaludon, L50, M|100/100
|turn|7
|
|t:|1756659531
|switch|p2b: Hydrapple|Hydrapple, L50, M|100/100
|move|p2a: Arcanine|Protect|p2a: Arcanine
|-singleturn|p2a: Arcanine|Protect
|move|p1b: Archaludon|Snarl|p2b: Hydrapple|[spread] p2b
|-activate|p2a: Arcanine|move: Protect
|-damage|p2b: Hydrapple|91/100
|-unboost|p2b: Hydrapple|spa|1
|
|upkeep
|turn|8
|
|t:|1756659548
|-terastallize|p1b: Archaludon|Grass
|move|p2a: Arcanine|Flare Blitz|p1b: Archaludon
|-supereffective|p1b: Archaludon
|-damage|p1b: Archaludon|6/100
|-ability|p1b: Archaludon|Stamina|boost
|-boost|p1b: Archaludon|def|1
|-damage|p2a: Arcanine|50/100|[from] Recoil
|move|p1b: Archaludon|Dragon Pulse|p2a: Arcanine
|-damage|p2a: Arcanine|12/100
|move|p2b: Hydrapple|Fickle Beam|p1b: Archaludon|[anim] Fickle Beam All Out
|-activate|p2b: Hydrapple|move: Fickle Beam
|-damage|p1b: Archaludon|0 fnt
|faint|p1b: Archaludon
|
|win|Mortipherus
|l|☆el1azsm
|player|p1|
|inactive|el1azsm has 30 seconds to confirm battle start!
|inactive|Mortipherus has 30 seconds to confirm battle start!
||el1azsm is ready for game 3.
||Mortipherus is ready for game 3.
|uhtml|next|Next: Game 3 of 3
