|j|☆FrancoilCieco777
|j|☆Vugatti
|html|FrancoilCieco777Vugatti    
|uhtml|bestof|Game 2 of a best-of-3
|t:|1757006091
|gametype|doubles
|player|p1|FrancoilCieco777|baker|1112
|player|p2|Vugatti|cynthia-masters|1118
|gen|9
|tier|[Gen 9] VGC 2025 Reg H (Bo3)
|rated|
|rule|Species Clause: Limit one of each Pokémon
|rule|Item Clause: Limit 1 of each item
|clearpoke
|poke|p1|Volcarona, L50, F|
|poke|p1|Electabuzz, L50, M|
|poke|p1|Sneasler, L50, F|
|poke|p1|Kingambit, L50, F|
|poke|p1|Dragonite, L50, F|
|poke|p1|Rillaboom, L50, M|
|poke|p2|Gallade, L50, M|
|poke|p2|Ursaluna, L50, M|
|poke|p2|Torkoal, L50, F|
|poke|p2|Indeedee-F, L50, F|
|poke|p2|Hatterene, L50, F|
|poke|p2|Maushold, L50|
|teampreview|4
|showteam|p1|Volcarona||CovertCloak|FlameBody|HeatWave,TeraBlast,QuiverDance,Protect|||F|||50|,,,,,Fairy]Electabuzz||Eviolite|VitalSpirit|Thunderbolt,FollowMe,Taunt,Protect|||M|||50|,,,,,Ghost]Sneasler||FocusSash|Unburden|FakeOut,CloseCombat,DireClaw,Coaching|||F|||50|,,,,,Stellar]Kingambit||BlackGlasses|Defiant|KowtowCleave,SuckerPunch,SwordsDance,Protect|||F|||50|,,,,,Dark]Dragonite||LoadedDice|Multiscale|ScaleShot,ExtremeSpeed,Haze,Protect|||F|||50|,,,,,Normal]Rillaboom||AssaultVest|GrassySurge|WoodHammer,GrassyGlide,HighHorsepower,FakeOut|||M|||50|,,,,,Fire
|showteam|p2|Gallade||ClearAmulet|Sharpness|SacredSword,PsychoCut,WideGuard,TrickRoom|||M|||50|,,,,,Grass]Ursaluna||FlameOrb|Guts|Facade,HeadlongRush,Protect,Earthquake|||M|||50|,,,,,Ghost]Torkoal||ChoiceSpecs|Drought|Eruption,WeatherBall,HeatWave,EarthPower|||F|||50|,,,,,Fire]Indeedee-F||PsychicSeed|PsychicSurge|FollowMe,TrickRoom,Psychic,HelpingHand|||F|||50|,,,,,Water]Hatterene||LifeOrb|MagicBounce|ExpandingForce,DazzlingGleam,TeraBlast,TrickRoom|||F|||50|,,,,,Fire]Maushold||WideLens|Technician|PopulationBomb,Taunt,FollowMe,Protect||||||50|,,,,,Poison
|inactive|Battle timer is ON: inactive players will automatically lose when time's up. (requested by FrancoilCieco777)
|
|t:|1757006103
|teamsize|p1|4
|teamsize|p2|4
|start
|switch|p1a: Sneasler|Sneasler, L50, F|100/100
|switch|p1b: Kingambit|Kingambit, L50, F, shiny|100/100
|switch|p2a: Hatterene|Hatterene, L50, F|100/100
|switch|p2b: Maushold|Maushold, L50|100/100
|turn|1
|inactive|Vugatti has 30 seconds left.
|
|t:|1757006131
|-terastallize|p2b: Maushold|Poison
|move|p1a: Sneasler|Dire Claw|p2a: Hatterene
|-supereffective|p2a: Hatterene
|-damage|p2a: Hatterene|8/100
|-status|p2a: Hatterene|slp
|move|p2b: Maushold|Population Bomb|p1a: Sneasler
|-damage|p1a: Sneasler|82/100
|-damage|p1a: Sneasler|62/100
|-damage|p1a: Sneasler|44/100
|-damage|p1a: Sneasler|26/100
|-damage|p1a: Sneasler|8/100
|-damage|p1a: Sneasler|0 fnt
|faint|p1a: Sneasler
|-hitcount|p1: Sneasler|6
|move|p1b: Kingambit|Swords Dance|p1b: Kingambit
|-boost|p1b: Kingambit|atk|2
|cant|p2a: Hatterene|slp
|
|upkeep
|
|t:|1757006139
|switch|p1a: Rillaboom|Rillaboom, L50, M|100/100
|-fieldstart|move: Grassy Terrain|[from] ability: Grassy Surge|[of] p1a: Rillaboom
|turn|2
|
|t:|1757006156
|switch|p2a: Indeedee|Indeedee-F, L50, F|100/100
|-fieldstart|move: Psychic Terrain|[from] ability: Psychic Surge|[of] p2a: Indeedee
|-enditem|p2a: Indeedee|Psychic Seed
|-boost|p2a: Indeedee|spd|1|[from] item: Psychic Seed
|move|p2b: Maushold|Population Bomb|p1a: Rillaboom
|-damage|p1a: Rillaboom|88/100
|-damage|p1a: Rillaboom|77/100
|-damage|p1a: Rillaboom|65/100
|-crit|p1a: Rillaboom
|-damage|p1a: Rillaboom|50/100
|-damage|p1a: Rillaboom|38/100
|-damage|p1a: Rillaboom|27/100
|-damage|p1a: Rillaboom|15/100
|-damage|p1a: Rillaboom|4/100
|-damage|p1a: Rillaboom|0 fnt
|faint|p1a: Rillaboom
|-hitcount|p1: Rillaboom|9
|move|p1b: Kingambit|Kowtow Cleave|p2a: Indeedee
|-supereffective|p2a: Indeedee
|-damage|p2a: Indeedee|0 fnt
|faint|p2a: Indeedee
|
|upkeep
|
|t:|1757006180
|switch|p1a: Dragonite|Dragonite, L50, F, shiny|100/100
|switch|p2a: Torkoal|Torkoal, L50, F|100/100
|-weather|SunnyDay|[from] ability: Drought|[of] p2a: Torkoal
|turn|3
|
|t:|1757006191
|-terastallize|p1b: Kingambit|Dark
|move|p2b: Maushold|Population Bomb|p1a: Dragonite
|-damage|p1a: Dragonite|95/100
|-damage|p1a: Dragonite|80/100
|-damage|p1a: Dragonite|69/100
|-damage|p1a: Dragonite|56/100
|-damage|p1a: Dragonite|43/100
|-damage|p1a: Dragonite|30/100
|-damage|p1a: Dragonite|16/100
|-damage|p1a: Dragonite|3/100
|-damage|p1a: Dragonite|0 fnt
|faint|p1a: Dragonite
|-hitcount|p1: Dragonite|9
|move|p1b: Kingambit|Kowtow Cleave|p2a: Torkoal
|-damage|p2a: Torkoal|0 fnt
|faint|p2a: Torkoal
|
|-weather|SunnyDay|[upkeep]
|upkeep
|
|t:|1757006209
|switch|p2a: Hatterene|Hatterene, L50, F|8/100 slp
|turn|4
|
|t:|1757006225
|move|p2b: Maushold|Protect|p2b: Maushold
|-singleturn|p2b: Maushold|Protect
|move|p1b: Kingambit|Kowtow Cleave|p2b: Maushold
|-activate|p2b: Maushold|move: Protect
|cant|p2a: Hatterene|slp
|
|-weather|SunnyDay|[upkeep]
|upkeep
|turn|5
|
|t:|1757006234
|move|p2b: Maushold|Population Bomb|p1b: Kingambit
|-damage|p1b: Kingambit|92/100
|-damage|p1b: Kingambit|84/100
|-damage|p1b: Kingambit|75/100
|-damage|p1b: Kingambit|67/100
|-damage|p1b: Kingambit|58/100
|-damage|p1b: Kingambit|49/100
|-damage|p1b: Kingambit|42/100
|-damage|p1b: Kingambit|33/100
|-damage|p1b: Kingambit|25/100
|-damage|p1b: Kingambit|17/100
|-hitcount|p1b: Kingambit|10
|move|p1b: Kingambit|Kowtow Cleave|p2a: Hatterene
|-damage|p2a: Hatterene|0 fnt
|faint|p2a: Hatterene
|
|-weather|SunnyDay|[upkeep]
|upkeep
|turn|6
|
|t:|1757006257
|move|p1b: Kingambit|Protect|p1b: Kingambit
|-singleturn|p1b: Kingambit|Protect
|move|p2b: Maushold|Population Bomb|p1b: Kingambit
|-activate|p1b: Kingambit|move: Protect
|
|-weather|SunnyDay|[upkeep]
|-fieldend|move: Psychic Terrain
|upkeep
|turn|7
|
|t:|1757006269
|move|p2b: Maushold|Taunt|p1b: Kingambit
|-start|p1b: Kingambit|move: Taunt
|move|p1b: Kingambit|Kowtow Cleave|p2b: Maushold
|-damage|p2b: Maushold|0 fnt
|faint|p2b: Maushold
|
|win|FrancoilCieco777
