|j|‽Piuxxy
|j|☆andiom123
|html|Piuxxyandiom123    
|uhtml|bestof|Game 1 of a best-of-3
|t:|1783656997
|gametype|doubles
|player|p1|Piuxxy|brycen|1089
|player|p2|andiom123|red|1206
|gen|9
|tier|[Gen 9 Champions] VGC 2026 Reg M-B (Bo3)
|rated|
|rule|Species Clause: Limit one of each Pokémon
|rule|Item Clause: Limit 1 of each item
|clearpoke
|poke|p1|Eelektross, L50, M|
|poke|p1|Emolga, L50, M|
|poke|p1|Ninetales-Alola, L50, M|
|poke|p1|Sinistcha, L50|
|poke|p1|Kleavor, L50, M|
|poke|p1|Mamoswine, L50, M|
|poke|p2|Incineroar, L50, F|
|poke|p2|Farigiraf, L50, M|
|poke|p2|Sylveon, L50, F|
|poke|p2|Torkoal, L50, M|
|poke|p2|Kangaskhan, L50, F|
|poke|p2|Mawile, L50, F|
|teampreview|4
|showteam|p1|Eelektross||Eelektrossite|Levitate|Discharge,GigaDrain,Flamethrower,Protect|Timid||M|||50|]Emolga||FocusSash|MotorDrive|SpeedSwap,VoltSwitch,Nuzzle,Protect|Timid||M|||50|]Ninetales-Alola||LightClay|SnowWarning|DazzlingGleam,IcyWind,AuroraVeil,Protect|Timid||M|||50|]Sinistcha||SitrusBerry|Hospitality|MatchaGotcha,LifeDew,Imprison,TrickRoom|Bold|||||50|]Kleavor||LifeOrb|Sharpness|XScissor,StoneAxe,Feint,QuickGuard|Adamant||M|||50|]Mamoswine||Leftovers|Oblivious|Earthquake,IcicleCrash,ThroatChop,Protect|Adamant||M|||50|
|showteam|p2|Incineroar||MuscleBand|Intimidate|ThroatChop,FlareBlitz,FakeOut,PartingShot|Brave||F|||50|]Farigiraf||SitrusBerry|ArmorTail|FoulPlay,PsychicNoise,TrickRoom,HelpingHand|Relaxed||M|||50|]Sylveon||FairyFeather|Pixilate|HyperVoice,HyperBeam,Yawn,Detect|Modest||F|||50|]Torkoal||Charcoal|Drought|Eruption,SolarBeam,Flamethrower,Protect|Quiet||M|||50|]Kangaskhan||Kangaskhanite|Scrappy|DoubleEdge,FakeOut,IcePunch,HammerArm|Brave||F|||50|]Mawile||Mawilite|HyperCutter|RockSlide,PlayRough,SuckerPunch,Protect|Brave||F|||50|
|inactive|Battle timer is ON: inactive players will automatically lose when time's up. (requested by Piuxxy)
|
|t:|1783657042
|teamsize|p1|4
|teamsize|p2|4
|start
|switch|p1a: Sinistcha|Sinistcha, L50|100/100
|switch|p1b: Kleavor|Kleavor, L50, M|100/100
|switch|p2a: Farigiraf|Farigiraf, L50, M|100/100
|switch|p2b: Incineroar|Incineroar, L50, F|100/100
|-ability|p2b: Incineroar|Intimidate|boost
|-unboost|p1a: Sinistcha|atk|1
|-unboost|p1b: Kleavor|atk|1
|turn|1
|inactive|andiom123 has 30 seconds left.
|
|t:|1783657070
|move|p1b: Kleavor|Quick Guard|p1b: Kleavor
|-singleturn|p1b: Kleavor|Quick Guard
|move|p2b: Incineroar|Fake Out|p1b: Kleavor
|-activate|p1b: Kleavor|move: Quick Guard
|move|p1a: Sinistcha|Imprison|p1a: Sinistcha
|-start|p1a: Sinistcha|move: Imprison
|move|p2a: Farigiraf|Foul Play|p1a: Sinistcha
|-supereffective|p1a: Sinistcha|1
|-damage|p1a: Sinistcha|85/100
|
|upkeep
|turn|2
|
|t:|1783657090
|move|p1b: Kleavor|Stone Axe|p2b: Incineroar
|-supereffective|p2b: Incineroar|1
|-damage|p2b: Incineroar|5/100
|-sidestart|p2: andiom123|move: Stealth Rock
|-damage|p1b: Kleavor|90/100|[from] item: Life Orb
|move|p1a: Sinistcha|Matcha Gotcha|p2b: Incineroar|[spread] p2a
|-miss|p1a: Sinistcha|p2b: Incineroar
|-damage|p2a: Farigiraf|76/100
|-heal|p1a: Sinistcha|100/100|[from] drain|[of] p2a: Farigiraf
|move|p2b: Incineroar|Flare Blitz|p1a: Sinistcha
|-supereffective|p1a: Sinistcha|1
|-damage|p1a: Sinistcha|0 fnt
|faint|p1a: Sinistcha
|-damage|p2b: Incineroar|0 fnt|[from] Recoil
|faint|p2b: Incineroar
|move|p2a: Farigiraf|Foul Play|p1b: Kleavor
|-damage|p1b: Kleavor|62/100
|
|upkeep
|
|t:|1783657109
|switch|p1a: Eelektross|Eelektross, L50, M|100/100
|switch|p2b: Sylveon|Sylveon, L50, F|100/100
|-damage|p2b: Sylveon|87/100|[from] Stealth Rock
|turn|3
|
|t:|1783657125
|detailschange|p1a: Eelektross|Eelektross-Mega, L50, M
|-mega|p1a: Eelektross|Eelektross|Eelektrossite
|move|p1a: Eelektross|Giga Drain|p2b: Sylveon
|-damage|p2b: Sylveon|66/100
|move|p1b: Kleavor|X-Scissor|p2a: Farigiraf
|-supereffective|p2a: Farigiraf|1
|-damage|p2a: Farigiraf|0 fnt
|faint|p2a: Farigiraf
|-damage|p1b: Kleavor|52/100|[from] item: Life Orb
|move|p2b: Sylveon|Hyper Voice|p1a: Eelektross|[spread] p1a,p1b
|-damage|p1a: Eelektross|43/100
|-damage|p1b: Kleavor|0 fnt
|faint|p1b: Kleavor
|
|upkeep
|
|t:|1783657140
|switch|p1b: Ninetales|Ninetales-Alola, L50, M|100/100
|switch|p2a: Torkoal|Torkoal, L50, M|100/100
|-weather|Snowscape|[from] ability: Snow Warning|[of] p1b: Ninetales
|-damage|p2a: Torkoal|75/100|[from] Stealth Rock
|-weather|SunnyDay|[from] ability: Drought|[of] p2a: Torkoal
|turn|4
|
|t:|1783657161
|move|p1b: Ninetales|Protect|p1b: Ninetales
|-singleturn|p1b: Ninetales|Protect
|move|p1a: Eelektross|Protect|p1a: Eelektross
|-singleturn|p1a: Eelektross|Protect
|move|p2b: Sylveon|Hyper Voice|p1b: Ninetales|[spread] 
|-activate|p1a: Eelektross|move: Protect
|-activate|p1b: Ninetales|move: Protect
|move|p2a: Torkoal|Eruption|p1a: Eelektross|[spread] 
|-activate|p1a: Eelektross|move: Protect
|-activate|p1b: Ninetales|move: Protect
|
|-weather|SunnyDay|[upkeep]
|upkeep
|turn|5
|
|t:|1783657180
|move|p1b: Ninetales|Dazzling Gleam|p2a: Torkoal|[spread] p2a,p2b
|-resisted|p2a: Torkoal|1
|-damage|p2a: Torkoal|59/100
|-damage|p2b: Sylveon|48/100
|move|p1a: Eelektross|Discharge|p2b: Sylveon|[spread] p1b,p2a,p2b
|-crit|p2a: Torkoal
|-damage|p1b: Ninetales|61/100
|-damage|p2a: Torkoal|0 fnt
|-damage|p2b: Sylveon|23/100
|faint|p2a: Torkoal
|-ability|p1a: Eelektross|Eelevate|boost
|-boost|p1a: Eelektross|spa|1
|move|p2b: Sylveon|Hyper Voice|p1b: Ninetales|[spread] p1a,p1b
|-damage|p1a: Eelektross|0 fnt
|-damage|p1b: Ninetales|10/100
|faint|p1a: Eelektross
|
|-weather|SunnyDay|[upkeep]
|upkeep
|turn|6
|
|t:|1783657201
|move|p1b: Ninetales|Dazzling Gleam|p2b: Sylveon
|-damage|p2b: Sylveon|1/100
|move|p2b: Sylveon|Hyper Voice|p1b: Ninetales
|-damage|p1b: Ninetales|0 fnt
|faint|p1b: Ninetales
|
|win|andiom123
|l|‽Piuxxy
|player|p1|
||Piuxxy is ready for game 2.
||andiom123 is ready for game 2.
|uhtml|next|Next: Game 2 of 3
