|j|☆Lab01JNEST
|j|☆M0teM0te13
|html|Lab01JNESTM0teM0te13    
|uhtml|bestof|Game 1 of a best-of-3
|t:|1757633554
|gametype|doubles
|player|p1|Lab01JNEST|101|1178
|player|p2|M0teM0te13|101|1189
|gen|9
|tier|[Gen 9] VGC 2025 Reg H (Bo3)
|rated|
|rule|Species Clause: Limit one of each Pokémon
|rule|Item Clause: Limit 1 of each item
|clearpoke
|poke|p1|Tyranitar, L50, F|
|poke|p1|Garchomp, L50, M|
|poke|p1|Sinistcha, L50|
|poke|p1|Dragonite, L50, F|
|poke|p1|Corviknight, L50, F|
|poke|p1|Volcarona, L50, F|
|poke|p2|Dragonite, L50, F|
|poke|p2|Ursaluna-Bloodmoon, L50, M|
|poke|p2|Gholdengo, L50|
|poke|p2|Sneasler, L50, M|
|poke|p2|Incineroar, L50, F|
|poke|p2|Amoonguss, L50, M|
|teampreview|4
|showteam|p1|Tyranitar||AssaultVest|SandStream|RockSlide,KnockOff,TeraBlast,LowKick|||F|||50|,,,,,Flying]Garchomp||LifeOrb|RoughSkin|Protect,DragonClaw,StompingTantrum,Earthquake|||M|||50|,,,,,Ground]Sinistcha||RockyHelmet|Hospitality|MatchaGotcha,LifeDew,TrickRoom,RagePowder||||||50|,,,,,Dark]Dragonite||ChoiceBand|InnerFocus|Outrage,ExtremeSpeed,IceSpinner,AerialAce|||F|||50|,,,,,Normal]Corviknight||SitrusBerry|MirrorArmor|Tailwind,BulkUp,Roost,BraveBird|||F|||50|,,,,,Dragon]Volcarona||Leftovers|FlameBody|FieryDance,GigaDrain,QuiverDance,Protect|||F|||50|,,,,,Dragon
|showteam|p2|Dragonite||LoadedDice|InnerFocus|ScaleShot,Tailwind,Haze,Protect|||F|||50|,,,,,Steel]Ursaluna-Bloodmoon||SilkScarf|MindsEye|BloodMoon,HyperVoice,EarthPower,Protect|||M|||50|,,,,,Normal]Gholdengo||LifeOrb|GoodasGold|MakeItRain,ShadowBall,NastyPlot,Protect||||||50|,,,,,Fairy]Sneasler||FocusSash|PoisonTouch|CloseCombat,DireClaw,Coaching,Protect|||M|||50|,,,,,Stellar]Incineroar||SafetyGoggles|Intimidate|PartingShot,FakeOut,FlareBlitz,KnockOff|||F|||50|,,,,,Bug]Amoonguss||RockyHelmet|Regenerator|RagePowder,SludgeBomb,Spore,Protect|||M|||50|,,,,,Water
|inactive|Battle timer is ON: inactive players will automatically lose when time's up. (requested by Lab01JNEST)
|inactive|M0teM0te13 has 60 seconds left.
|
|t:|1757633594
|teamsize|p1|4
|teamsize|p2|4
|start
|switch|p1a: Volcarona|Volcarona, L50, F|100/100
|switch|p1b: Dragonite|Dragonite, L50, F|100/100
|switch|p2a: NoNick|Dragonite, L50, F|100/100
|switch|p2b: IneedIntimidate|Incineroar, L50, F|100/100
|-ability|p2b: IneedIntimidate|Intimidate|boost
|-unboost|p1a: Volcarona|atk|1
|-fail|p1b: Dragonite|unboost|Attack|[from] ability: Inner Focus|[of] p1b: Dragonite
|turn|1
|inactive|M0teM0te13 has 30 seconds left.
|inactive|M0teM0te13 has 20 seconds left.
|
|t:|1757633630
|switch|p2a: Amsterdam|Amoonguss, L50, M|100/100
|-terastallize|p1b: Dragonite|Normal
|move|p1b: Dragonite|Extreme Speed|p2b: IneedIntimidate
|-damage|p2b: IneedIntimidate|32/100
|move|p1a: Volcarona|Quiver Dance|p1a: Volcarona
|-boost|p1a: Volcarona|spa|1
|-boost|p1a: Volcarona|spd|1
|-boost|p1a: Volcarona|spe|1
|move|p2b: IneedIntimidate|Knock Off|p1a: Volcarona
|-damage|p1a: Volcarona|57/100
|-enditem|p1a: Volcarona|Leftovers|[from] move: Knock Off|[of] p2b: IneedIntimidate
|
|upkeep
|turn|2
|inactive|M0teM0te13 has 30 seconds left.
|
|t:|1757633656
|-terastallize|p2a: Amsterdam|Water
|move|p1b: Dragonite|Extreme Speed|p2b: IneedIntimidate
|-damage|p2b: IneedIntimidate|0 fnt
|faint|p2b: IneedIntimidate
|move|p1a: Volcarona|Fiery Dance|p2a: Amsterdam
|-resisted|p2a: Amsterdam
|-crit|p2a: Amsterdam
|-damage|p2a: Amsterdam|66/100
|move|p2a: Amsterdam|Spore|p1b: Dragonite
|-status|p1b: Dragonite|slp|[from] move: Spore
|
|upkeep
|
|t:|1757633668
|switch|p2b: NoNick|Dragonite, L50, F|100/100
|turn|3
|
|t:|1757633683
|switch|p1b: Sinistcha|Sinistcha, L50|100/100
|-heal|p1a: Volcarona|82/100|[from] ability: Hospitality|[of] p1b: Sinistcha
|move|p1a: Volcarona|Giga Drain|p2a: Amsterdam
|-supereffective|p2a: Amsterdam
|-damage|p2a: Amsterdam|6/100
|-heal|p1a: Volcarona|100/100|[from] drain|[of] p2a: Amsterdam
|move|p2b: NoNick|Tailwind|p2b: NoNick
|-sidestart|p2: M0teM0te13|move: Tailwind
|move|p2a: Amsterdam|Spore|p1a: Volcarona
|-status|p1a: Volcarona|slp|[from] move: Spore
|
|upkeep
|turn|4
|
|t:|1757633700
|switch|p2a: Not a Friend|Ursaluna-Bloodmoon, L50, M|100/100
|move|p1b: Sinistcha|Rage Powder|p1b: Sinistcha
|-singleturn|p1b: Sinistcha|move: Rage Powder
|move|p2b: NoNick|Haze|p2b: NoNick
|-clearallboost
|cant|p1a: Volcarona|slp
|
|upkeep
|turn|5
|
|t:|1757633712
|move|p2b: NoNick|Scale Shot|p1a: Volcarona
|-damage|p1a: Volcarona|81/100 slp
|-damage|p1a: Volcarona|62/100 slp
|-damage|p1a: Volcarona|42/100 slp
|-damage|p1a: Volcarona|22/100 slp
|-hitcount|p1a: Volcarona|4
|-unboost|p2b: NoNick|def|1
|-boost|p2b: NoNick|spe|1
|move|p2a: Not a Friend|Blood Moon|p1b: Sinistcha
|-damage|p1b: Sinistcha|18/100
|cant|p1a: Volcarona|slp
|move|p1b: Sinistcha|Matcha Gotcha|p2a: Not a Friend|[spread] p2a,p2b
|-supereffective|p2a: Not a Friend
|-resisted|p2b: NoNick
|-damage|p2a: Not a Friend|40/100
|-heal|p1b: Sinistcha|52/100|[from] drain|[of] p2a: Not a Friend
|-damage|p2b: NoNick|95/100
|-heal|p1b: Sinistcha|55/100|[from] drain|[of] p2b: NoNick
|-status|p2b: NoNick|brn
|
|-damage|p2b: NoNick|89/100 brn|[from] brn
|upkeep
|turn|6
|inactive|M0teM0te13 has 30 seconds left.
|
|t:|1757633739
|move|p1b: Sinistcha|Rage Powder|p1b: Sinistcha
|-singleturn|p1b: Sinistcha|move: Rage Powder
|move|p2b: NoNick|Scale Shot|p1b: Sinistcha
|-damage|p1b: Sinistcha|48/100
|-damage|p1b: Sinistcha|41/100
|-damage|p1b: Sinistcha|35/100
|-damage|p1b: Sinistcha|28/100
|-damage|p1b: Sinistcha|20/100
|-hitcount|p1b: Sinistcha|5
|-unboost|p2b: NoNick|def|1
|-boost|p2b: NoNick|spe|1
|move|p2a: Not a Friend|Hyper Voice|p1a: Volcarona|[spread] p1a,p1b
|-damage|p1a: Volcarona|0 fnt
|-damage|p1b: Sinistcha|0 fnt
|faint|p1a: Volcarona
|faint|p1b: Sinistcha
|
|-damage|p2b: NoNick|83/100 brn|[from] brn
|-sideend|p2: M0teM0te13|move: Tailwind
|upkeep
|
|t:|1757633752
|switch|p1a: Dragonite|Dragonite, L50, F, tera:Normal|100/100 slp
|switch|p1b: Garchomp|Garchomp, L50, M|100/100
|turn|7
|
|t:|1757633765
|move|p1b: Garchomp|Protect|p1b: Garchomp
|-singleturn|p1b: Garchomp|Protect
|cant|p1a: Dragonite|slp
|move|p2b: NoNick|Tailwind|p2b: NoNick
|-sidestart|p2: M0teM0te13|move: Tailwind
|move|p2a: Not a Friend|Blood Moon|p1a: Dragonite
|-damage|p1a: Dragonite|11/100 slp
|
|-damage|p2b: NoNick|77/100 brn|[from] brn
|upkeep
|turn|8
|
|t:|1757633779
|cant|p1a: Dragonite|slp
|move|p2b: NoNick|Scale Shot|p1b: Garchomp
|-supereffective|p1b: Garchomp
|-damage|p1b: Garchomp|86/100
|-supereffective|p1b: Garchomp
|-damage|p1b: Garchomp|72/100
|-supereffective|p1b: Garchomp
|-damage|p1b: Garchomp|57/100
|-supereffective|p1b: Garchomp
|-crit|p1b: Garchomp
|-damage|p1b: Garchomp|35/100
|-supereffective|p1b: Garchomp
|-damage|p1b: Garchomp|19/100
|-hitcount|p1b: Garchomp|5
|-unboost|p2b: NoNick|def|1
|-boost|p2b: NoNick|spe|1
|move|p2a: Not a Friend|Hyper Voice|p1a: Dragonite|[spread] p1a,p1b
|-damage|p1a: Dragonite|0 fnt
|-damage|p1b: Garchomp|0 fnt
|faint|p1a: Dragonite
|faint|p1b: Garchomp
|
|win|M0teM0te13
