|j|☆Jonny5134
|j|☆clarocojones
|html|Jonny5134clarocojones    
|uhtml|bestof|Game 3 of a best-of-3
|t:|1785430105
|gametype|doubles
|player|p1|Jonny5134|102|1052
|player|p2|clarocojones|striker|1040
|gen|9
|tier|[Gen 9 Champions] VGC 2026 Reg M-B (Bo3)
|rated|
|rule|Species Clause: Limit one of each Pokémon
|rule|Item Clause: Limit 1 of each item
|clearpoke
|poke|p1|Whimsicott, L50, M|
|poke|p1|Glimmora, L50, M|
|poke|p1|Staraptor, L50, F|
|poke|p1|Garchomp, L50, F|
|poke|p1|Delphox, L50, F|
|poke|p1|Hydreigon, L50, M|
|poke|p2|Incineroar, L50, F, shiny|
|poke|p2|Floette-Eternal, L50, F|
|poke|p2|Sinistcha-Masterpiece, L50, shiny|
|poke|p2|Kommo-o, L50, M|
|poke|p2|Kingambit, L50, F, shiny|
|poke|p2|Aerodactyl, L50, F|
|teampreview|4
|showteam|p1|Whimsicott||OccaBerry|Prankster|Tailwind,Moonblast,Charm,LightScreen|Timid||M|||50|]Glimmora||FocusSash|ToxicDebris|PowerGem,SludgeBomb,EarthPower,SpikyShield|Modest||M|||50|]Staraptor||Staraptite|Intimidate|BraveBird,CloseCombat,Roost,Protect|Jolly||F|||50|]Garchomp||LifeOrb|RoughSkin|Earthquake,DragonClaw,RockSlide,Protect|Jolly||F|||50|]Delphox||Delphoxite|Blaze|HeatWave,Psychic,Substitute,Protect|Timid||F|||50|]Hydreigon||ChoiceScarf|Levitate|DracoMeteor,DarkPulse,Snarl,EarthPower|Modest||M|||50|
|showteam|p2|Incineroar||SitrusBerry|Intimidate|FakeOut,PartingShot,ThroatChop,FlareBlitz|Careful||F|||50|]Floette-Eternal||Floettite|FlowerVeil|Moonblast,DazzlingGleam,CalmMind,Protect|Modest||F|||50|]Sinistcha-Masterpiece||ColburBerry|Hospitality|MatchaGotcha,LifeDew,RagePowder,TrickRoom|Bold|||||50|]Kommo-o||Leftovers|Overcoat|ClangingScales,AuraSphere,ClangorousSoul,Protect|Modest||M|||50|]Kingambit||FocusSash|Defiant|KowtowCleave,SuckerPunch,IronHead,Protect|Adamant||F|||50|]Aerodactyl||Aerodactylite|Unnerve|Protect,RockSlide,Tailwind,DualWingbeat|Jolly||F|||50|
|inactive|Battle timer is ON: inactive players will automatically lose when time's up. (requested by Jonny5134)
|inactive|Jonny5134 has 60 seconds left.
|inactive|clarocojones has 60 seconds left.
|
|t:|1785430157
|teamsize|p1|4
|teamsize|p2|4
|start
|switch|p1a: Delphox|Delphox, L50, F|100/100
|switch|p1b: Glimmora|Glimmora, L50, M|100/100
|switch|p2a: Friends Take|Incineroar, L50, F, shiny|100/100
|switch|p2b: Felicidad|Floette-Eternal, L50, F|100/100
|-ability|p2a: Friends Take|Intimidate|boost
|-unboost|p1a: Delphox|atk|1
|-unboost|p1b: Glimmora|atk|1
|turn|1
|
|t:|1785430173
|detailschange|p1a: Delphox|Delphox-Mega, L50, F
|-mega|p1a: Delphox|Delphox|Delphoxite
|detailschange|p2b: Felicidad|Floette-Mega, L50, F
|-mega|p2b: Felicidad|Floette|Floettite
|-ability|p2b: Felicidad|Fairy Aura
|move|p1a: Delphox|Substitute|p1a: Delphox
|-start|p1a: Delphox|Substitute
|-damage|p1a: Delphox|75/100
|move|p1b: Glimmora|Sludge Bomb|p2b: Felicidad
|-supereffective|p2b: Felicidad|1
|-damage|p2b: Felicidad|30/100
|move|p2b: Felicidad|Dazzling Gleam|p1a: Delphox|[spread] p1a,p1b
|-resisted|p1a: Delphox|1
|-activate|p1a: Delphox|move: Substitute|[damage]
|-resisted|p1b: Glimmora|1
|-damage|p1b: Glimmora|69/100
|move|p2a: Friends Take|Throat Chop|p1a: Delphox
|-supereffective|p1a: Delphox|1
|-end|p1a: Delphox|Substitute
|
|upkeep
|turn|2
|
|t:|1785430191
|move|p2b: Felicidad|Protect|p2b: Felicidad
|-singleturn|p2b: Felicidad|Protect
|move|p1a: Delphox|Heat Wave|p2a: Friends Take|[spread] p2a
|-activate|p2b: Felicidad|move: Protect
|-resisted|p2a: Friends Take|1
|-damage|p2a: Friends Take|83/100
|move|p1b: Glimmora|Power Gem|p2a: Friends Take
|-supereffective|p2a: Friends Take|1
|-damage|p2a: Friends Take|6/100
|-enditem|p2a: Friends Take|Sitrus Berry|[eat]
|-heal|p2a: Friends Take|31/100|[from] item: Sitrus Berry
|move|p2a: Friends Take|Throat Chop|p1a: Delphox
|-supereffective|p1a: Delphox|1
|-damage|p1a: Delphox|0 fnt
|faint|p1a: Delphox
|
|upkeep
|
|t:|1785430211
|switch|p1a: Garchomp|Garchomp, L50, F|100/100
|turn|3
|
|t:|1785430238
|switch|p2b: DON JULIO|Sinistcha-Masterpiece, L50, shiny|100/100
|-heal|p2a: Friends Take|55/100|[from] ability: Hospitality|[of] p2b: DON JULIO
|move|p1b: Glimmora|Spiky Shield|p1b: Glimmora
|-singleturn|p1b: Glimmora|move: Protect
|move|p1a: Garchomp|Earthquake|p2b: DON JULIO|[spread] p2a,p2b
|-activate|p1b: Glimmora|move: Protect
|-supereffective|p2a: Friends Take|1
|-resisted|p2b: DON JULIO|1
|-damage|p2a: Friends Take|0 fnt
|-damage|p2b: DON JULIO|80/100
|faint|p2a: Friends Take
|-damage|p1a: Garchomp|90/100|[from] item: Life Orb
|
|upkeep
|
|t:|1785430250
|switch|p2a: Felicidad|Floette-Mega, L50, F|30/100
|-ability|p2a: Felicidad|Fairy Aura
|turn|4
|
|t:|1785430260
|switch|p1b: Whimsicott|Whimsicott, L50, M|100/100
|move|p2b: DON JULIO|Rage Powder|p2b: DON JULIO
|-singleturn|p2b: DON JULIO|move: Rage Powder
|move|p1a: Garchomp|Earthquake|p2b: DON JULIO|[spread] p1b,p2a,p2b
|-resisted|p1b: Whimsicott|1
|-resisted|p2b: DON JULIO|1
|-damage|p1b: Whimsicott|77/100
|-damage|p2a: Felicidad|0 fnt
|-damage|p2b: DON JULIO|58/100
|faint|p2a: Felicidad
|-damage|p1a: Garchomp|80/100|[from] item: Life Orb
|
|upkeep
|
|t:|1785430265
|switch|p2a: Kingambit|Kingambit, L50, F, shiny|100/100
|turn|5
|
|t:|1785430294
|move|p1a: Garchomp|Dragon Claw|p2b: DON JULIO
|-damage|p2b: DON JULIO|14/100
|-damage|p1a: Garchomp|70/100|[from] item: Life Orb
|move|p1b: Whimsicott|Moonblast|p2b: DON JULIO
|-damage|p2b: DON JULIO|0 fnt
|faint|p2b: DON JULIO
|move|p2a: Kingambit|Iron Head|p1b: Whimsicott
|-supereffective|p1b: Whimsicott|1
|-damage|p1b: Whimsicott|0 fnt
|faint|p1b: Whimsicott
|
|upkeep
|
|t:|1785430299
|switch|p1b: Glimmora|Glimmora, L50, M|69/100
|turn|6
|
|t:|1785430317
|move|p1b: Glimmora|Spiky Shield|p1b: Glimmora
|-singleturn|p1b: Glimmora|move: Protect
|move|p2a: Kingambit|Protect|p2a: Kingambit
|-singleturn|p2a: Kingambit|Protect
|move|p1a: Garchomp|Earthquake|p2a: Kingambit|[spread] 
|-activate|p1b: Glimmora|move: Protect
|-activate|p2a: Kingambit|move: Protect
|
|upkeep
|turn|7
|
|t:|1785430332
|move|p2a: Kingambit|Sucker Punch|p1b: Glimmora
|-damage|p1b: Glimmora|20/100y
|-activate|p1b: Glimmora|ability: Toxic Debris
|-sidestart|p2: clarocojones|move: Toxic Spikes
|move|p1a: Garchomp|Dragon Claw|p2a: Kingambit
|-resisted|p2a: Kingambit|1
|-damage|p2a: Kingambit|75/100
|-damage|p1a: Garchomp|61/100|[from] item: Life Orb
|move|p1b: Glimmora|Earth Power|p2a: Kingambit
|-supereffective|p2a: Kingambit|1
|-damage|p2a: Kingambit|1/100
|
|upkeep
|turn|8
|-message|clarocojones forfeited.
|
|win|Jonny5134
