|j|☆Fell Blue
|j|☆CanjicaVGC
|html|Fell BlueCanjicaVGC    
|uhtml|bestof|Game 1 of a best-of-3
|t:|1783374111
|gametype|doubles
|player|p1|Fell Blue|fantina|1305
|player|p2|CanjicaVGC|sailor|1201
|gen|9
|tier|[Gen 9 Champions] VGC 2026 Reg M-B (Bo3)
|rated|
|rule|Species Clause: Limit one of each Pokémon
|rule|Item Clause: Limit 1 of each item
|clearpoke
|poke|p1|Mawile, L50, F|
|poke|p1|Farigiraf, L50, F|
|poke|p1|Drampa, L50, M|
|poke|p1|Kleavor, L50, M|
|poke|p1|Araquanid, L50, M|
|poke|p1|Incineroar, L50, F|
|poke|p2|Charizard, L50, M|
|poke|p2|Garchomp, L50, M|
|poke|p2|Sylveon, L50, F|
|poke|p2|Raichu, L50, F|
|poke|p2|Aerodactyl, L50, F|
|poke|p2|Gholdengo, L50|
|teampreview|4
|showteam|p1|Mawile||Mawilite|HyperCutter|RockSlide,PlayRough,SuckerPunch,BrickBreak|Brave||F|||50|]Farigiraf||SitrusBerry|ArmorTail|Thunderbolt,HelpingHand,Psychic,TrickRoom|Modest||F|||50|]Drampa||Drampanite|CloudNine|EarthPower,HyperVoice,Thunderbolt,Protect|Quiet||M|||50|]Kleavor||FocusSash|Sharpness|Feint,XScissor,StoneAxe,CloseCombat|Brave||M|||50|]Araquanid||MysticWater|WaterBubble|Surf,HydroPump,MirrorCoat,Endeavor|Quiet||M|||50|]Incineroar||LifeOrb|Intimidate|CloseCombat,FlareBlitz,FakeOut,ThroatChop|Brave||F|||50|
|showteam|p2|Charizard||CharizarditeY|SolarPower|HeatWave,WeatherBall,SolarBeam,Protect|Modest||M|||50|]Garchomp||LifeOrb|RoughSkin|RockTomb,StompingTantrum,DragonClaw,Protect|Jolly||M|||50|]Sylveon||FairyFeather|Pixilate|HyperVoice,HyperBeam,QuickAttack,Protect|Modest||F|||50|]Raichu||RaichuniteY|LightningRod|FakeOut,ZapCannon,FocusBlast,Protect|Timid||F|||50|]Aerodactyl||FocusSash|Unnerve|RockSlide,DualWingbeat,Tailwind,Protect|Jolly||F|||50|]Gholdengo||SitrusBerry|GoodasGold|MakeItRain,ShadowBall,NastyPlot,Protect|Modest|||||50|
|
|t:|1783374164
|teamsize|p1|4
|teamsize|p2|4
|start
|switch|p1a: Farigiraf|Farigiraf, L50, F|100/100
|switch|p1b: Incineroar|Incineroar, L50, F|100/100
|switch|p2a: Raichu|Raichu, L50, F|100/100
|switch|p2b: Aerodactyl|Aerodactyl, L50, F|100/100
|-ability|p2b: Aerodactyl|Unnerve
|-ability|p1b: Incineroar|Intimidate|boost
|-unboost|p2a: Raichu|atk|1
|-unboost|p2b: Aerodactyl|atk|1
|turn|1
|
|t:|1783374174
|detailschange|p2a: Raichu|Raichu-Mega-Y, L50, F
|-mega|p2a: Raichu|Raichu|Raichunite Y
|move|p1b: Incineroar|Fake Out|p2a: Raichu
|-damage|p2a: Raichu|73/100
|-damage|p1b: Incineroar|90/100|[from] item: Life Orb
|move|p2b: Aerodactyl|Rock Slide|p1a: Farigiraf|[spread] p1a,p1b
|-supereffective|p1b: Incineroar|1
|-damage|p1a: Farigiraf|84/100
|-damage|p1b: Incineroar|60/100
|cant|p2a: Raichu|flinch
|move|p1a: Farigiraf|Trick Room|p1a: Farigiraf
|-fieldstart|move: Trick Room|[of] p1a: Farigiraf
|
|upkeep
|turn|2
|
|t:|1783374189
|switch|p2a: Sylveon|Sylveon, L50, F|100/100
|move|p1b: Incineroar|Throat Chop|p2a: Sylveon
|-resisted|p2a: Sylveon|1
|-damage|p2a: Sylveon|71/100
|-start|p2a: Sylveon|Throat Chop|[silent]
|-damage|p1b: Incineroar|50/100g|[from] item: Life Orb
|move|p1a: Farigiraf|Thunderbolt|p2b: Aerodactyl
|-supereffective|p2b: Aerodactyl|1
|-crit|p2b: Aerodactyl
|-enditem|p2b: Aerodactyl|Focus Sash
|-damage|p2b: Aerodactyl|1/100
|move|p2b: Aerodactyl|Rock Slide|p1b: Incineroar|[spread] p1a,p1b
|-supereffective|p1b: Incineroar|1
|-damage|p1a: Farigiraf|69/100
|-damage|p1b: Incineroar|17/100
|
|upkeep
|turn|3
|
|t:|1783374208
|move|p2a: Sylveon|Protect|p2a: Sylveon
|-singleturn|p2a: Sylveon|Protect
|move|p2b: Aerodactyl|Protect|p2b: Aerodactyl
|-singleturn|p2b: Aerodactyl|Protect
|move|p1b: Incineroar|Flare Blitz|p2a: Sylveon
|-activate|p2a: Sylveon|move: Protect
|move|p1a: Farigiraf|Thunderbolt|p2b: Aerodactyl
|-activate|p2b: Aerodactyl|move: Protect
|
|-end|p2a: Sylveon|Throat Chop|[silent]
|upkeep
|turn|4
|
|t:|1783374228
|switch|p2b: Raichu|Raichu-Mega-Y, L50, F|73/100
|move|p1b: Incineroar|Flare Blitz|p2a: Sylveon
|-damage|p2a: Sylveon|0 fnt
|faint|p2a: Sylveon
|-damage|p1b: Incineroar|0 fnt|[from] Recoil
|faint|p1b: Incineroar
|move|p1a: Farigiraf|Psychic|p2b: Raichu
|-damage|p2b: Raichu|28/100
|
|upkeep
|
|t:|1783374248
|switch|p1b: Mawile|Mawile, L50, F|100/100
|switch|p2a: Charizard|Charizard, L50, M|100/100
|turn|5
|
|t:|1783374268
|detailschange|p1b: Mawile|Mawile-Mega, L50, F
|-mega|p1b: Mawile|Mawile|Mawilite
|move|p2a: Charizard|Protect|p2a: Charizard
|-singleturn|p2a: Charizard|Protect
|move|p2b: Raichu|Protect|p2b: Raichu
|-singleturn|p2b: Raichu|Protect
|move|p1b: Mawile|Rock Slide|p2a: Charizard|[spread] 
|-activate|p2a: Charizard|move: Protect
|-activate|p2b: Raichu|move: Protect
|move|p1a: Farigiraf|Psychic|p2b: Raichu
|-activate|p2b: Raichu|move: Protect
|
|-fieldend|move: Trick Room
|upkeep
|turn|6
|
|t:|1783374288
|move|p2b: Raichu|Protect||[still]
|-fail|p2b: Raichu
|move|p1b: Mawile|Sucker Punch||[still]
|-fail|p1b: Mawile
|move|p2a: Charizard|Heat Wave|p1a: Farigiraf|[spread] p1a,p1b
|-supereffective|p1b: Mawile|1
|-damage|p1a: Farigiraf|44/100
|-damage|p1b: Mawile|26/100
|-status|p1b: Mawile|brn
|-enditem|p1a: Farigiraf|Sitrus Berry|[eat]
|-heal|p1a: Farigiraf|69/100|[from] item: Sitrus Berry
|move|p1a: Farigiraf|Thunderbolt|p2a: Charizard
|-supereffective|p2a: Charizard|1
|-damage|p2a: Charizard|38/100
|
|-damage|p1b: Mawile|20/100y brn|[from] brn
|upkeep
|turn|7
|
|t:|1783374308
|move|p1b: Mawile|Sucker Punch|p2b: Raichu
|-damage|p2b: Raichu|0 fnt
|faint|p2b: Raichu
|move|p2a: Charizard|Heat Wave|p1b: Mawile|[spread] p1a,p1b
|-supereffective|p1b: Mawile|1
|-damage|p1a: Farigiraf|42/100
|-damage|p1b: Mawile|0 fnt
|faint|p1b: Mawile
|move|p1a: Farigiraf|Trick Room|p1a: Farigiraf
|-fieldstart|move: Trick Room|[of] p1a: Farigiraf
|
|upkeep
|
|t:|1783374313
|switch|p1b: Drampa|Drampa, L50, M|100/100
|switch|p2b: Aerodactyl|Aerodactyl, L50, F|1/100
|-ability|p2b: Aerodactyl|Unnerve
|-ability|p1b: Drampa|Cloud Nine
|turn|8
|-message|CanjicaVGC forfeited.
|
|win|Fell Blue
|l|☆CanjicaVGC
|player|p2|
