|j|☆wait for swarley
|j|☆damage77
|html|wait for swarleydamage77    
|uhtml|bestof|Game 1 of a best-of-3
|t:|1757638924
|gametype|doubles
|player|p1|wait for swarley|volo|1361
|player|p2|damage77|ash|1389
|gen|9
|tier|[Gen 9] VGC 2025 Reg H (Bo3)
|rated|
|rule|Species Clause: Limit one of each Pokémon
|rule|Item Clause: Limit 1 of each item
|clearpoke
|poke|p1|Dachsbun, L50, F|
|poke|p1|Torkoal, L50, M|
|poke|p1|Typhlosion-Hisui, L50, M|
|poke|p1|Kingambit, L50, F|
|poke|p1|Rillaboom, L50, F|
|poke|p1|Zoroark-Hisui, L50, F|
|poke|p2|Gholdengo, L50|
|poke|p2|Dragonite, L50, F|
|poke|p2|Annihilape, L50, M|
|poke|p2|Ursaluna-Bloodmoon, L50, M|
|poke|p2|Rillaboom, L50, F|
|poke|p2|Incineroar, L50, M|
|teampreview|4
|showteam|p1|Dachsbun||Leftovers|WellBakedBody|BodyPress,Snarl,Rest,Yawn|||F|||50|,,,,,Steel]Torkoal||SitrusBerry|Drought|WeatherBall,Eruption,LavaPlume,Protect|||M|||50|,,,,,Fire]Typhlosion-Hisui||ChoiceScarf|Blaze|Eruption,ShadowBall,LavaPlume,Overheat|||M|||50|,,,,,Dark]Kingambit||BlackGlasses|Defiant|SuckerPunch,Assurance,Protect,SwordsDance|||F|||50|,,,,,Dark]Rillaboom||AssaultVest|GrassySurge|FakeOut,GrassyGlide,WoodHammer,Uturn|||F|||50|,,,,,Grass]Zoroark-Hisui||ChoiceSpecs|Illusion|IcyWind,BitterMalice,HyperVoice,HyperBeam|||F|||50|,,,,,Normal
|showteam|p2|Gholdengo||ChoiceScarf|GoodasGold|MakeItRain,ShadowBall,Trick,PowerGem||||||50|,,,,,Dragon]Dragonite||LoadedDice|Multiscale|ScaleShot,ExtremeSpeed,Tailwind,Protect|||F|||50|,,,,,Normal]Annihilape||SafetyGoggles|Defiant|CloseCombat,RageFist,FinalGambit,Taunt|||M|||50|,,,,,Water]Ursaluna-Bloodmoon||AssaultVest|MindsEye|BloodMoon,HyperVoice,EarthPower,VacuumWave|||M|||50|,,,,,Water]Rillaboom||LifeOrb|GrassySurge|WoodHammer,GrassyGlide,HighHorsepower,FakeOut|||F|||50|,,,,,Ghost]Incineroar||SitrusBerry|Intimidate|KnockOff,FlareBlitz,PartingShot,FakeOut|||M|||50|,,,,,Ghost
|inactive|Battle timer is ON: inactive players will automatically lose when time's up. (requested by wait for swarley)
|inactive|damage77 has 60 seconds left.
|inactive|wait for swarley has 60 seconds left.
|inactive|damage77 has 30 seconds left.
|
|t:|1757638991
|teamsize|p1|4
|teamsize|p2|4
|start
|switch|p1a: Typhlosion|Typhlosion-Hisui, L50, M|100/100
|switch|p1b: Rillaboom|Rillaboom, L50, F, shiny|100/100
|switch|p2a: Incineroar|Incineroar, L50, M|100/100
|switch|p2b: Annihilape|Annihilape, L50, M|100/100
|-fieldstart|move: Grassy Terrain|[from] ability: Grassy Surge|[of] p1b: Rillaboom
|-ability|p2a: Incineroar|Intimidate|boost
|-unboost|p1a: Typhlosion|atk|1
|-unboost|p1b: Rillaboom|atk|1
|turn|1
|inactive|damage77 has 30 seconds left.
|inactive|damage77 has 20 seconds left.
|inactive|damage77 has 15 seconds left.
|inactive|damage77 has 10 seconds left.
|inactive|damage77 has 5 seconds left.
|
|t:|1757639042
|switch|p2b: Ursaluna|Ursaluna-Bloodmoon, L50, M|100/100
|switch|p1b: Dachsbun|Dachsbun, L50, F, shiny|100/100
|-terastallize|p1a: Typhlosion|Dark
|-terastallize|p2a: Incineroar|Ghost
|move|p1a: Typhlosion|Lava Plume|p2a: Incineroar|[spread] p2a,p2b
|-ability|p1b: Dachsbun|Well-Baked Body|boost
|-boost|p1b: Dachsbun|def|2
|-damage|p2a: Incineroar|78/100
|-damage|p2b: Ursaluna|78/100
|move|p2a: Incineroar|Knock Off|p1a: Typhlosion
|-resisted|p1a: Typhlosion
|-damage|p1a: Typhlosion|77/100
|-enditem|p1a: Typhlosion|Choice Scarf|[from] move: Knock Off|[of] p2a: Incineroar
|
|-heal|p1a: Typhlosion|84/100|[from] Grassy Terrain
|-heal|p2a: Incineroar|84/100|[from] Grassy Terrain
|-heal|p2b: Ursaluna|84/100|[from] Grassy Terrain
|upkeep
|turn|2
|inactive|damage77 has 30 seconds left.
|inactive|damage77 has 20 seconds left.
|inactive|damage77 has 15 seconds left.
|
|t:|1757639082
|switch|p2b: Gholdengo|Gholdengo, L50|100/100
|move|p1a: Typhlosion|Lava Plume|p2b: Gholdengo|[spread] p2a,p2b
|-ability|p1b: Dachsbun|Well-Baked Body|boost
|-boost|p1b: Dachsbun|def|2
|-supereffective|p2b: Gholdengo
|-damage|p2a: Incineroar|60/100
|-damage|p2b: Gholdengo|29/100
|move|p1b: Dachsbun|Body Press|p2b: Gholdengo
|-immune|p2b: Gholdengo
|move|p2a: Incineroar|Parting Shot|p1a: Typhlosion
|-unboost|p1a: Typhlosion|atk|1
|-unboost|p1a: Typhlosion|spa|1
|
|t:|1757639096
|switch|p2a: Annihilape|Annihilape, L50, M|100/100|[from] Parting Shot
|
|-heal|p2b: Gholdengo|35/100|[from] Grassy Terrain
|-heal|p1a: Typhlosion|90/100|[from] Grassy Terrain
|upkeep
|turn|3
|inactive|damage77 has 30 seconds left.
|
|t:|1757639124
|switch|p2b: Incineroar|Incineroar, L50, M, tera:Ghost|60/100
|-ability|p2b: Incineroar|Intimidate|boost
|-unboost|p1a: Typhlosion|atk|1
|-unboost|p1b: Dachsbun|atk|1
|move|p2a: Annihilape|Close Combat|p1a: Typhlosion
|-supereffective|p1a: Typhlosion
|-crit|p1a: Typhlosion
|-damage|p1a: Typhlosion|0 fnt
|-unboost|p2a: Annihilape|def|1
|-unboost|p2a: Annihilape|spd|1
|faint|p1a: Typhlosion
|move|p1b: Dachsbun|Yawn|p2a: Annihilape
|-start|p2a: Annihilape|move: Yawn|[of] p1b: Dachsbun
|
|-heal|p2b: Incineroar|66/100|[from] Grassy Terrain
|upkeep
|
|t:|1757639145
|switch|p1a: Rillaboom|Rillaboom, L50, F, shiny|100/100
|turn|4
|inactive|damage77 has 30 seconds left.
|inactive|damage77 has 20 seconds left.
|
|t:|1757639181
|move|p2a: Annihilape|Final Gambit|p1b: Dachsbun
|-damage|p1b: Dachsbun|0 fnt
|faint|p2a: Annihilape
|faint|p1b: Dachsbun
|move|p1a: Rillaboom|U-turn|p2b: Incineroar
|-resisted|p2b: Incineroar
|-damage|p2b: Incineroar|53/100
|
|t:|1757639188
|switch|p1a: Kingambit|Kingambit, L50, F, shiny|100/100|[from] U-turn
|move|p2b: Incineroar|Flare Blitz|p1a: Kingambit
|-supereffective|p1a: Kingambit
|-damage|p1a: Kingambit|30/100
|-status|p1a: Kingambit|brn
|-damage|p2b: Incineroar|29/100|[from] Recoil
|-enditem|p2b: Incineroar|Sitrus Berry|[eat]
|-heal|p2b: Incineroar|54/100|[from] item: Sitrus Berry
|
|-heal|p2b: Incineroar|60/100|[from] Grassy Terrain
|-heal|p1a: Kingambit|36/100 brn|[from] Grassy Terrain
|-damage|p1a: Kingambit|30/100 brn|[from] brn
|upkeep
|
|t:|1757639202
|switch|p2a: Gholdengo|Gholdengo, L50|35/100
|switch|p1b: Rillaboom|Rillaboom, L50, F, shiny|100/100
|turn|5
|inactive|damage77 has 30 seconds left.
|inactive|damage77 has 20 seconds left.
|inactive|damage77 has 15 seconds left.
|
|t:|1757639245
|move|p1b: Rillaboom|Grassy Glide|p2b: Incineroar
|-damage|p2b: Incineroar|18/100
|move|p1a: Kingambit|Sucker Punch|p2b: Incineroar
|-supereffective|p2b: Incineroar
|-damage|p2b: Incineroar|0 fnt
|faint|p2b: Incineroar
|move|p2a: Gholdengo|Trick|p1a: Kingambit
|-activate|p2a: Gholdengo|move: Trick|[of] p1a: Kingambit
|-item|p1a: Kingambit|Choice Scarf|[from] move: Trick
|-item|p2a: Gholdengo|Black Glasses|[from] move: Trick
|
|-heal|p2a: Gholdengo|42/100|[from] Grassy Terrain
|-heal|p1a: Kingambit|36/100 brn|[from] Grassy Terrain
|-damage|p1a: Kingambit|30/100 brn|[from] brn
|-fieldend|move: Grassy Terrain
|upkeep
|
|t:|1757639250
|switch|p2b: Ursaluna|Ursaluna-Bloodmoon, L50, M|84/100
|turn|6
|
|t:|1757639273
|move|p1a: Kingambit|Sucker Punch|p2a: Gholdengo
|-supereffective|p2a: Gholdengo
|-damage|p2a: Gholdengo|0 fnt
|faint|p2a: Gholdengo
|move|p2b: Ursaluna|Vacuum Wave|p1a: Kingambit
|-supereffective|p1a: Kingambit
|-damage|p1a: Kingambit|0 fnt
|faint|p1a: Kingambit
|move|p1b: Rillaboom|Wood Hammer|p2b: Ursaluna
|-supereffective|p2b: Ursaluna
|-damage|p2b: Ursaluna|0 fnt
|faint|p2b: Ursaluna
|-damage|p1b: Rillaboom|73/100|[from] Recoil
|
|win|wait for swarley
||damage77 is ready for game 2.
|inactive|wait for swarley has 30 seconds to confirm battle start!
||wait for swarley is ready for game 2.
|uhtml|next|Next: Game 2 of 3
