|j|☆spernerslemma
|j|☆sadnessvgc
|html|spernerslemmasadnessvgc    
|uhtml|bestof|Game 1 of a best-of-3
|t:|1784031054
|gametype|doubles
|player|p1|spernerslemma|2|1318
|player|p2|sadnessvgc|agatha-gen1rb|1327
|gen|9
|tier|[Gen 9 Champions] VGC 2026 Reg M-B (Bo3)
|rated|
|rule|Species Clause: Limit one of each Pokémon
|rule|Item Clause: Limit 1 of each item
|clearpoke
|poke|p1|Swampert, L50, M|
|poke|p1|Grimmsnarl, L50, M|
|poke|p1|Archaludon, L50, M|
|poke|p1|Pelipper, L50, M|
|poke|p1|Venusaur, L50, M|
|poke|p1|Sneasler, L50, M|
|poke|p2|Charizard, L50, M, shiny|
|poke|p2|Grimmsnarl, L50, M, shiny|
|poke|p2|Pelipper, L50, F, shiny|
|poke|p2|Archaludon, L50, M, shiny|
|poke|p2|Basculegion, L50, M, shiny|
|poke|p2|Venusaur, L50, M, shiny|
|teampreview|4
|showteam|p1|Swampert||Swampertite|Torrent|WaveCrash,Protect,HighHorsepower,IcePunch|Adamant||M|||50|]Grimmsnarl||LightClay|Prankster|SpiritBreak,Reflect,LightScreen,PartingShot|Sassy||M|||50|]Archaludon||Leftovers|Stamina|ElectroShot,DragonPulse,FlashCannon,Protect|Modest||M|||50|]Pelipper||SitrusBerry|Drizzle|WeatherBall,Hurricane,Tailwind,Protect|Modest||M|||50|]Venusaur||Venusaurite|Chlorophyll|SludgeBomb,Protect,GigaDrain,EarthPower|Modest||M|||50|]Sneasler||FocusSash|PoisonTouch|FakeOut,CloseCombat,PoisonJab,Protect|Jolly||M|||50|
|showteam|p2|Charizard||CharizarditeY|Blaze|HeatWave,WeatherBall,SolarBeam,Protect|Modest||M|||50|]Grimmsnarl||LightClay|Prankster|SpiritBreak,Reflect,LightScreen,PartingShot|Sassy||M|||50|]Pelipper||SitrusBerry|Drizzle|WeatherBall,Hurricane,Tailwind,WideGuard|Modest||F|||50|]Archaludon||Leftovers|Stamina|FlashCannon,DragonPulse,ElectroShot,Protect|Calm||M|||50|]Basculegion||ChoiceScarf|Adaptability|WaveCrash,AquaJet,LastRespects,FlipTurn|Jolly||M|||50|]Venusaur||FocusSash|Chlorophyll|SludgeBomb,EarthPower,SleepPowder,Protect|Modest||M|||50|
|inactive|Battle timer is ON: inactive players will automatically lose when time's up. (requested by sadnessvgc)
|inactive|spernerslemma has 60 seconds left.
|inactive|sadnessvgc has 60 seconds left.
|
|t:|1784031114
|teamsize|p1|4
|teamsize|p2|4
|start
|switch|p1a: Venusaur|Venusaur, L50, M|100/100
|switch|p1b: Grimmsnarl|Grimmsnarl, L50, M|100/100
|switch|p2a: Grimmsnarl|Grimmsnarl, L50, M, shiny|100/100
|switch|p2b: Charizard|Charizard, L50, M, shiny|100/100
|turn|1
|
|t:|1784031134
|detailschange|p2b: Charizard|Charizard-Mega-Y, L50, M, shiny
|-mega|p2b: Charizard|Charizard|Charizardite Y
|-weather|SunnyDay|[from] ability: Drought|[of] p2b: Charizard
|detailschange|p1a: Venusaur|Venusaur-Mega, L50, M
|-mega|p1a: Venusaur|Venusaur|Venusaurite
|move|p2a: Grimmsnarl|Light Screen|p2a: Grimmsnarl
|-sidestart|p2: sadnessvgc|move: Light Screen
|move|p1b: Grimmsnarl|Light Screen|p1b: Grimmsnarl
|-sidestart|p1: spernerslemma|move: Light Screen
|move|p2b: Charizard|Heat Wave|p1a: Venusaur|[spread] p1b
|-miss|p2b: Charizard|p1a: Venusaur
|-damage|p1b: Grimmsnarl|65/100
|move|p1a: Venusaur|Sludge Bomb|p2a: Grimmsnarl
|-supereffective|p2a: Grimmsnarl|1
|-damage|p2a: Grimmsnarl|46/100
|
|-weather|SunnyDay|[upkeep]
|upkeep
|turn|2
|inactive|spernerslemma has 30 seconds left.
|inactive|sadnessvgc has 30 seconds left.
|inactive|spernerslemma has 20 seconds left.
|inactive|spernerslemma has 15 seconds left.
|inactive|spernerslemma has 10 seconds left.
|
|t:|1784031181
|move|p1b: Grimmsnarl|Parting Shot|p2a: Grimmsnarl
|-hint|Since gen 7, Dark is immune to Prankster moves.
|-immune|p2a: Grimmsnarl
|move|p2a: Grimmsnarl|Parting Shot|p1a: Venusaur
|-unboost|p1a: Venusaur|atk|1
|-unboost|p1a: Venusaur|spa|1
|
|t:|1784031189
|switch|p2a: Venusaur|Venusaur, L50, M, shiny|100/100|[from] Parting Shot
|move|p2b: Charizard|Weather Ball|p1b: Grimmsnarl
|-damage|p1b: Grimmsnarl|15/100
|move|p1a: Venusaur|Sludge Bomb|p2b: Charizard
|-damage|p2b: Charizard|81/100
|
|-weather|SunnyDay|[upkeep]
|upkeep
|turn|3
|
|t:|1784031211
|move|p1b: Grimmsnarl|Parting Shot|p2b: Charizard
|-unboost|p2b: Charizard|atk|1
|-unboost|p2b: Charizard|spa|1
|
|t:|1784031223
|switch|p1b: Pelipper|Pelipper, L50, M|100/100|[from] Parting Shot
|-weather|RainDance|[from] ability: Drizzle|[of] p1b: Pelipper
|move|p2b: Charizard|Weather Ball|p1a: Venusaur
|-resisted|p1a: Venusaur|1
|-damage|p1a: Venusaur|88/100
|move|p2a: Venusaur|Sleep Powder|p1b: Pelipper|[miss]
|-miss|p2a: Venusaur|p1b: Pelipper
|move|p1a: Venusaur|Sludge Bomb|p2b: Charizard
|-damage|p2b: Charizard|64/100
|
|-weather|RainDance|[upkeep]
|upkeep
|turn|4
|
|t:|1784031244
|switch|p2b: Grimmsnarl|Grimmsnarl, L50, M, shiny|46/100
|switch|p1b: Grimmsnarl|Grimmsnarl, L50, M|15/100
|move|p2a: Venusaur|Sleep Powder|p1b: Grimmsnarl
|-status|p1b: Grimmsnarl|slp|[from] move: Sleep Powder
|move|p1a: Venusaur|Sludge Bomb|p2a: Venusaur
|-damage|p2a: Venusaur|75/100
|
|-weather|RainDance|[upkeep]
|upkeep
|turn|5
|
|t:|1784031267
|switch|p1b: Archaludon|Archaludon, L50, M|100/100
|move|p2b: Grimmsnarl|Parting Shot|p1a: Venusaur
|-unboost|p1a: Venusaur|atk|1
|-unboost|p1a: Venusaur|spa|1
|
|t:|1784031273
|switch|p2b: Charizard|Charizard-Mega-Y, L50, M, shiny|64/100|[from] Parting Shot
|-weather|SunnyDay|[from] ability: Drought|[of] p2b: Charizard
|move|p2a: Venusaur|Sludge Bomb|p1b: Archaludon
|-immune|p1b: Archaludon
|move|p1a: Venusaur|Sludge Bomb|p2b: Charizard
|-damage|p2b: Charizard|50/100g
|
|-weather|SunnyDay|[upkeep]
|upkeep
|turn|6
|inactive|spernerslemma has 30 seconds left.
|inactive|sadnessvgc has 30 seconds left.
|
|t:|1784031303
|switch|p2b: Grimmsnarl|Grimmsnarl, L50, M, shiny|46/100
|switch|p1a: Pelipper|Pelipper, L50, M|100/100
|-weather|RainDance|[from] ability: Drizzle|[of] p1a: Pelipper
|move|p2a: Venusaur|Sleep Powder|p1b: Archaludon
|-status|p1b: Archaludon|slp|[from] move: Sleep Powder
|cant|p1b: Archaludon|slp
|
|-weather|RainDance|[upkeep]
|upkeep
|turn|7
|
|t:|1784031325
|switch|p1a: Grimmsnarl|Grimmsnarl, L50, M|15/100 slp
|move|p2b: Grimmsnarl|Parting Shot|p1b: Archaludon
|-unboost|p1b: Archaludon|atk|1
|-unboost|p1b: Archaludon|spa|1
|
|t:|1784031331
|switch|p2b: Charizard|Charizard-Mega-Y, L50, M, shiny|50/100g|[from] Parting Shot
|-weather|SunnyDay|[from] ability: Drought|[of] p2b: Charizard
|move|p2a: Venusaur|Sleep Powder|p1a: Grimmsnarl
|-fail|p1a: Grimmsnarl|slp
|cant|p1b: Archaludon|slp
|
|-weather|SunnyDay|[upkeep]
|upkeep
|turn|8
|inactive|spernerslemma has 30 seconds left.
|
|t:|1784031358
|switch|p2b: Grimmsnarl|Grimmsnarl, L50, M, shiny|46/100
|switch|p1a: Pelipper|Pelipper, L50, M|100/100
|-weather|RainDance|[from] ability: Drizzle|[of] p1a: Pelipper
|move|p2a: Venusaur|Sleep Powder|p1a: Pelipper
|-status|p1a: Pelipper|slp|[from] move: Sleep Powder
|-curestatus|p1b: Archaludon|slp|[msg]
|move|p1b: Archaludon|Electro Shot||[still]
|-prepare|p1b: Archaludon|Electro Shot
|-boost|p1b: Archaludon|spa|1
|-anim|p1b: Archaludon|Electro Shot|p2b: Grimmsnarl
|-damage|p2b: Grimmsnarl|23/100
|
|-weather|RainDance|[upkeep]
|-sideend|p2: sadnessvgc|move: Light Screen
|-sideend|p1: spernerslemma|move: Light Screen
|upkeep
|turn|9
|
|t:|1784031380
|switch|p1a: Grimmsnarl|Grimmsnarl, L50, M|15/100 slp
|move|p1b: Archaludon|Protect|p1b: Archaludon
|-singleturn|p1b: Archaludon|Protect
|move|p2b: Grimmsnarl|Light Screen|p2b: Grimmsnarl
|-sidestart|p2: sadnessvgc|move: Light Screen
|move|p2a: Venusaur|Sleep Powder|p1b: Archaludon
|-activate|p1b: Archaludon|move: Protect
|
|-weather|RainDance|[upkeep]
|upkeep
|turn|10
|
|t:|1784031398
|cant|p1a: Grimmsnarl|slp
|move|p2b: Grimmsnarl|Parting Shot|p1b: Archaludon
|-unboost|p1b: Archaludon|atk|1
|-unboost|p1b: Archaludon|spa|1
|
|t:|1784031404
|switch|p2b: Charizard|Charizard-Mega-Y, L50, M, shiny|50/100g|[from] Parting Shot
|-weather|SunnyDay|[from] ability: Drought|[of] p2b: Charizard
|move|p2a: Venusaur|Sleep Powder|p1b: Archaludon
|-status|p1b: Archaludon|slp|[from] move: Sleep Powder
|cant|p1b: Archaludon|slp
|
|-weather|SunnyDay|[upkeep]
|upkeep
|turn|11
|inactive|sadnessvgc has 30 seconds left.
|
|t:|1784031435
|switch|p1b: Pelipper|Pelipper, L50, M|100/100 slp
|-weather|RainDance|[from] ability: Drizzle|[of] p1b: Pelipper
|-curestatus|p1a: Grimmsnarl|slp|[msg]
|move|p1a: Grimmsnarl|Light Screen|p1a: Grimmsnarl
|-sidestart|p1: spernerslemma|move: Light Screen
|move|p2b: Charizard|Heat Wave|p1a: Grimmsnarl|[spread] p1a,p1b
|-resisted|p1b: Pelipper|1
|-damage|p1a: Grimmsnarl|3/100
|-damage|p1b: Pelipper|91/100 slp
|move|p2a: Venusaur|Earth Power|p1b: Pelipper
|-immune|p1b: Pelipper
|
|-weather|RainDance|[upkeep]
|upkeep
|turn|12
|
|t:|1784031459
|switch|p2b: Grimmsnarl|Grimmsnarl, L50, M, shiny|23/100
|move|p1a: Grimmsnarl|Parting Shot|p2a: Venusaur
|-unboost|p2a: Venusaur|atk|1
|-unboost|p2a: Venusaur|spa|1
|
|t:|1784031463
|switch|p1a: Venusaur|Venusaur-Mega, L50, M|88/100|[from] Parting Shot
|move|p2a: Venusaur|Earth Power|p1a: Venusaur
|-damage|p1a: Venusaur|77/100
|cant|p1b: Pelipper|slp
|
|-weather|RainDance|[upkeep]
|upkeep
|turn|13
|
|t:|1784031476
|move|p2b: Grimmsnarl|Parting Shot|p1a: Venusaur
|-unboost|p1a: Venusaur|atk|1
|-unboost|p1a: Venusaur|spa|1
|
|t:|1784031480
|switch|p2b: Charizard|Charizard-Mega-Y, L50, M, shiny|50/100g|[from] Parting Shot
|-weather|SunnyDay|[from] ability: Drought|[of] p2b: Charizard
|move|p2a: Venusaur|Sludge Bomb|p1b: Pelipper
|-damage|p1b: Pelipper|68/100 slp
|move|p1a: Venusaur|Sludge Bomb|p2b: Charizard
|-damage|p2b: Charizard|32/100
|cant|p1b: Pelipper|slp
|
|-weather|SunnyDay|[upkeep]
|upkeep
|turn|14
|inactive|spernerslemma has 30 seconds left.
|inactive|spernerslemma has 20 seconds left.
|inactive|spernerslemma has 15 seconds left.
|inactive|spernerslemma has 10 seconds left.
|
|t:|1784031528
|move|p1a: Venusaur|Protect|p1a: Venusaur
|-singleturn|p1a: Venusaur|Protect
|move|p2a: Venusaur|Sludge Bomb|p1b: Pelipper
|-damage|p1b: Pelipper|44/100 slp
|-enditem|p1b: Pelipper|Sitrus Berry|[eat]
|-heal|p1b: Pelipper|69/100 slp|[from] item: Sitrus Berry
|move|p2b: Charizard|Heat Wave|p1b: Pelipper|[spread] p1b
|-activate|p1a: Venusaur|move: Protect
|-resisted|p1b: Pelipper|1
|-damage|p1b: Pelipper|44/100 slp
|-curestatus|p1b: Pelipper|slp|[msg]
|move|p1b: Pelipper|Weather Ball|p2a: Venusaur
|-supereffective|p2a: Venusaur|1
|-crit|p2a: Venusaur
|-damage|p2a: Venusaur|0 fnt
|faint|p2a: Venusaur
|
|-weather|SunnyDay|[upkeep]
|upkeep
|inactive|sadnessvgc has 30 seconds left.
|
|t:|1784031555
|switch|p2a: Basculegion|Basculegion, L50, M, shiny|100/100
|turn|15
|
|t:|1784031578
|switch|p2a: Grimmsnarl|Grimmsnarl, L50, M, shiny|23/100
|switch|p1b: Grimmsnarl|Grimmsnarl, L50, M|3/100
|move|p2b: Charizard|Heat Wave|p1b: Grimmsnarl|[spread] p1a,p1b
|-supereffective|p1a: Venusaur|1
|-damage|p1a: Venusaur|42/100
|-damage|p1b: Grimmsnarl|0 fnt
|faint|p1b: Grimmsnarl
|move|p1a: Venusaur|Giga Drain|p2a: Grimmsnarl
|-damage|p2a: Grimmsnarl|7/100
|-heal|p1a: Venusaur|50/100g|[from] drain|[of] p2a: Grimmsnarl
|
|-weather|SunnyDay|[upkeep]
|upkeep
|
|t:|1784031594
|switch|p1b: Pelipper|Pelipper, L50, M|44/100
|-weather|RainDance|[from] ability: Drizzle|[of] p1b: Pelipper
|turn|16
|inactive|spernerslemma has 30 seconds left.
|inactive|sadnessvgc has 30 seconds left.
|inactive|sadnessvgc has 20 seconds left.
|inactive|sadnessvgc has 15 seconds left.
|inactive|sadnessvgc has 10 seconds left.
|
|t:|1784031642
|switch|p1b: Archaludon|Archaludon, L50, M|100/100 slp
|move|p2a: Grimmsnarl|Parting Shot|p1a: Venusaur
|-unboost|p1a: Venusaur|atk|1
|-unboost|p1a: Venusaur|spa|1
|
|t:|1784031647
|switch|p2a: Basculegion|Basculegion, L50, M, shiny|100/100|[from] Parting Shot
|move|p2b: Charizard|Weather Ball|p1b: Archaludon
|-resisted|p1b: Archaludon|1
|-damage|p1b: Archaludon|78/100 slp
|-ability|p1b: Archaludon|Stamina|boost
|-boost|p1b: Archaludon|def|1
|move|p1a: Venusaur|Giga Drain|p2b: Charizard
|-resisted|p2b: Charizard|2
|-damage|p2b: Charizard|29/100
|-heal|p1a: Venusaur|52/100|[from] drain|[of] p2b: Charizard
|
|-weather|RainDance|[upkeep]
|-heal|p1b: Archaludon|84/100 slp|[from] item: Leftovers
|-sideend|p2: sadnessvgc|move: Light Screen
|upkeep
|turn|17
|inactive|spernerslemma has 30 seconds left.
|
|t:|1784031671
|move|p2a: Basculegion|Last Respects|p1b: Archaludon
|-damage|p1b: Archaludon|53/100 slp
|-ability|p1b: Archaludon|Stamina|boost
|-boost|p1b: Archaludon|def|1
|move|p2b: Charizard|Heat Wave|p1a: Venusaur|[spread] p1a
|-miss|p2b: Charizard|p1b: Archaludon
|-supereffective|p1a: Venusaur|1
|-damage|p1a: Venusaur|41/100
|-status|p1a: Venusaur|brn
|move|p1a: Venusaur|Giga Drain|p2a: Basculegion
|-supereffective|p2a: Basculegion|1
|-damage|p2a: Basculegion|58/100
|-heal|p1a: Venusaur|62/100 brn|[from] drain|[of] p2a: Basculegion
|-curestatus|p1b: Archaludon|slp|[msg]
|move|p1b: Archaludon|Electro Shot||[still]
|-prepare|p1b: Archaludon|Electro Shot
|-boost|p1b: Archaludon|spa|1
|-anim|p1b: Archaludon|Electro Shot|p2b: Charizard
|-supereffective|p2b: Charizard|1
|-damage|p2b: Charizard|0 fnt
|faint|p2b: Charizard
|
|-weather|RainDance|[upkeep]
|-heal|p1b: Archaludon|60/100|[from] item: Leftovers
|-damage|p1a: Venusaur|56/100 brn|[from] brn
|upkeep
|inactive|sadnessvgc has 30 seconds left.
|
|t:|1784031688
|switch|p2b: Grimmsnarl|Grimmsnarl, L50, M, shiny|7/100
|turn|18
|inactive|spernerslemma has 30 seconds left this turn.
|inactive|sadnessvgc has 25 seconds left this turn.
|inactive|sadnessvgc has 20 seconds left.
|
|t:|1784031694
|move|p2a: Basculegion|Last Respects|p1b: Archaludon
|-damage|p1b: Archaludon|26/100
|-ability|p1b: Archaludon|Stamina|boost
|-boost|p1b: Archaludon|def|1
|move|p1a: Venusaur|Giga Drain|p2a: Basculegion
|-supereffective|p2a: Basculegion|1
|-damage|p2a: Basculegion|11/100
|-heal|p1a: Venusaur|81/100 brn|[from] drain|[of] p2a: Basculegion
|move|p1b: Archaludon|Electro Shot||[still]
|-prepare|p1b: Archaludon|Electro Shot
|-boost|p1b: Archaludon|spa|1
|-anim|p1b: Archaludon|Electro Shot|p2a: Basculegion
|-supereffective|p2a: Basculegion|1
|-damage|p2a: Basculegion|0 fnt
|faint|p2a: Basculegion
|move|p2b: Grimmsnarl|Spirit Break|p1a: Venusaur
|-resisted|p1a: Venusaur|1
|-damage|p1a: Venusaur|68/100 brn
|-unboost|p1a: Venusaur|spa|1
|
|-weather|RainDance|[upkeep]
|-heal|p1b: Archaludon|33/100|[from] item: Leftovers
|-damage|p1a: Venusaur|62/100 brn|[from] brn
|-sideend|p1: spernerslemma|move: Light Screen
|upkeep
|turn|19
|inactive|spernerslemma has 25 seconds left this turn.
|inactive|sadnessvgc has 20 seconds left this turn.
|inactive|spernerslemma has 20 seconds left.
|
|t:|1784031703
|move|p1a: Venusaur|Sludge Bomb|p2b: Grimmsnarl
|-supereffective|p2b: Grimmsnarl|1
|-damage|p2b: Grimmsnarl|0 fnt
|faint|p2b: Grimmsnarl
|
|win|spernerslemma
||spernerslemma is ready for game 2.
||sadnessvgc is ready for game 2.
|uhtml|next|Next: Game 2 of 3
|l|☆sadnessvgc
|player|p2|
