|j|☆TapuYolo VGC
|j|☆bonomia
|html|TapuYolo VGCbonomia    
|uhtml|bestof|Game 1 of a best-of-3
|t:|1782576117
|gametype|doubles
|player|p1|TapuYolo VGC|iris|
|player|p2|bonomia|265|
|gen|9
|tier|[Gen 9 Champions] VGC 2026 Reg M-B (Bo3)
|rule|Species Clause: Limit one of each Pokémon
|rule|Item Clause: Limit 1 of each item
|clearpoke
|poke|p1|Eelektross, L50, F|
|poke|p1|Delphox, L50, F|
|poke|p1|Ninetales-Alola, L50, M|
|poke|p1|Garchomp, L50, F|
|poke|p1|Kingambit, L50, M|
|poke|p1|Whimsicott, L50, F|
|poke|p2|Venusaur, L50, M|
|poke|p2|Grimmsnarl, L50, M|
|poke|p2|Rotom-Wash, L50|
|poke|p2|Talonflame, L50, M|
|poke|p2|Garchomp, L50, M|
|poke|p2|Kingambit, L50, F|
|teampreview|4
|showteam|p1|Eelektross||Eelektrossite|Levitate|ThunderPunch,DrainPunch,Coil,Protect|Adamant||F|||50|]Delphox||Delphoxite|Blaze|HeatWave,Psychic,WillOWisp,Protect|Timid||F|||50|]Ninetales-Alola||NeverMeltIce|SnowWarning|Blizzard,FreezeDry,Moonblast,Protect|Timid||M|||50|]Garchomp||ExpertBelt|RoughSkin|DragonClaw,Earthquake,RockSlide,Protect|Jolly||F|||50|]Kingambit||BlackGlasses|Defiant|KowtowCleave,SuckerPunch,IronHead,Protect|Adamant||M|||50|]Whimsicott||CobaBerry|Prankster|Moonblast,Tailwind,Encore,Protect|Bold||F|||50|
|showteam|p2|Venusaur||Venusaurite|Chlorophyll|Protect,SludgeBomb,GigaDrain,EarthPower|Modest||M|||50|]Grimmsnarl||LightClay|Prankster|FoulPlay,LightScreen,Reflect,PartingShot|Calm||M|||50|]Rotom-Wash||ChoiceScarf|Levitate|Thunderbolt,HydroPump,Trick,WillOWisp|Modest|||||50|]Talonflame|||GaleWings|Protect,Acrobatics,WillOWisp,Tailwind|Jolly||M|||50|]Garchomp||LifeOrb|RoughSkin|Protect,StompingTantrum,Earthquake,DragonClaw|Jolly||M|||50|]Kingambit||FocusSash|Defiant|KowtowCleave,SuckerPunch,IronHead,LowKick|Jolly||F|||50|
|inactive|Battle timer is ON: inactive players will automatically lose when time's up. (requested by TapuYolo VGC)
|c|☆TapuYolo VGC|suerte!
|inactive|TapuYolo VGC has 60 seconds left.
|inactive|bonomia has 60 seconds left.
|c|☆bonomia|igual
|inactive|TapuYolo VGC has 30 seconds left.
|inactive|bonomia has 30 seconds left.
|inactive|TapuYolo VGC has 20 seconds left.
|inactive|bonomia has 20 seconds left.
|inactive|TapuYolo VGC has 15 seconds left.
|inactive|bonomia has 15 seconds left.
|inactive|bonomia has 10 seconds left.
|inactive|bonomia has 5 seconds left.
|
|t:|1782576205
|teamsize|p1|4
|teamsize|p2|4
|start
|switch|p1a: Eelektross|Eelektross, L50, F|100/100
|switch|p1b: Ninetales|Ninetales-Alola, L50, M|100/100
|switch|p2a: Grimmsnarl|Grimmsnarl, L50, M|100/100
|switch|p2b: Talonflame|Talonflame, L50, M|100/100
|-weather|Snowscape|[from] ability: Snow Warning|[of] p1b: Ninetales
|turn|1
|inactive|TapuYolo VGC has 30 seconds left.
|inactive|bonomia has 30 seconds left.
|
|t:|1782576238
|detailschange|p1a: Eelektross|Eelektross-Mega, L50, F
|-mega|p1a: Eelektross|Eelektross|Eelektrossite
|move|p2a: Grimmsnarl|Parting Shot|p1b: Ninetales
|-unboost|p1b: Ninetales|atk|1
|-unboost|p1b: Ninetales|spa|1
|
|t:|1782576243
|switch|p2a: Kingambit|Kingambit, L50, F|100/100|[from] Parting Shot
|move|p2b: Talonflame|Will-O-Wisp|p1a: Eelektross
|-status|p1a: Eelektross|brn
|move|p1b: Ninetales|Moonblast|p2a: Kingambit
|-crit|p2a: Kingambit
|-damage|p2a: Kingambit|41/100
|move|p1a: Eelektross|Thunder Punch|p2b: Talonflame
|-supereffective|p2b: Talonflame|1
|-crit|p2b: Talonflame
|-damage|p2b: Talonflame|12/100
|
|-weather|Snowscape|[upkeep]
|-damage|p1a: Eelektross|93/100 brn|[from] brn
|upkeep
|turn|2
|inactive|bonomia has 30 seconds left.
|inactive|bonomia has 20 seconds left.
|
|t:|1782576281
|move|p2b: Talonflame|Tailwind|p2b: Talonflame
|-sidestart|p2: bonomia|move: Tailwind
|move|p2a: Kingambit|Iron Head|p1b: Ninetales
|-supereffective|p1b: Ninetales|2
|-damage|p1b: Ninetales|0 fnt
|faint|p1b: Ninetales
|move|p1a: Eelektross|Drain Punch|p2a: Kingambit
|-supereffective|p2a: Kingambit|2
|-damage|p2a: Kingambit|0 fnt
|-heal|p1a: Eelektross|100/100 brn|[from] drain|[of] p2a: Kingambit
|faint|p2a: Kingambit
|-ability|p1a: Eelektross|Eelevate|boost
|-boost|p1a: Eelektross|atk|1
|
|-weather|Snowscape|[upkeep]
|-damage|p1a: Eelektross|93/100 brn|[from] brn
|upkeep
|
|t:|1782576294
|switch|p1b: Whimsicott|Whimsicott, L50, F|100/100
|switch|p2a: Venusaur|Venusaur, L50, M|100/100
|turn|3
|inactive|bonomia has 30 seconds left.
|
|t:|1782576321
|switch|p2b: Grimmsnarl|Grimmsnarl, L50, M|100/100
|detailschange|p2a: Venusaur|Venusaur-Mega, L50, M
|-mega|p2a: Venusaur|Venusaur|Venusaurite
|move|p1b: Whimsicott|Protect|p1b: Whimsicott
|-singleturn|p1b: Whimsicott|Protect
|move|p2a: Venusaur|Sludge Bomb|p1a: Eelektross
|-damage|p1a: Eelektross|49/100 brn
|move|p1a: Eelektross|Thunder Punch|p2b: Grimmsnarl
|-damage|p2b: Grimmsnarl|66/100
|
|-weather|Snowscape|[upkeep]
|-damage|p1a: Eelektross|43/100 brn|[from] brn
|upkeep
|turn|4
|inactive|TapuYolo VGC has 30 seconds left.
|inactive|bonomia has 30 seconds left.
|inactive|TapuYolo VGC has 20 seconds left.
|inactive|bonomia has 20 seconds left.
|
|t:|1782576358
|move|p1a: Eelektross|Protect|p1a: Eelektross
|-singleturn|p1a: Eelektross|Protect
|move|p1b: Whimsicott|Tailwind|p1b: Whimsicott
|-sidestart|p1: TapuYolo VGC|move: Tailwind
|move|p2a: Venusaur|Sludge Bomb|p1b: Whimsicott
|-supereffective|p1b: Whimsicott|2
|-damage|p1b: Whimsicott|0 fnt
|faint|p1b: Whimsicott
|move|p2b: Grimmsnarl|Foul Play|p1a: Eelektross
|-activate|p1a: Eelektross|move: Protect
|
|-weather|Snowscape|[upkeep]
|-damage|p1a: Eelektross|36/100 brn|[from] brn
|upkeep
|
|t:|1782576364
|switch|p1b: Garchomp|Garchomp, L50, F|100/100
|turn|5
|
|t:|1782576381
|move|p2b: Grimmsnarl|Reflect|p2b: Grimmsnarl
|-sidestart|p2: bonomia|Reflect
|move|p1b: Garchomp|Earthquake|p2b: Grimmsnarl|[spread] p2a,p2b
|-immune|p1a: Eelektross|[from] ability: Levitate
|-damage|p2a: Venusaur|79/100
|-damage|p2b: Grimmsnarl|40/100
|move|p1a: Eelektross|Thunder Punch|p2b: Grimmsnarl
|-damage|p2b: Grimmsnarl|15/100
|move|p2a: Venusaur|Giga Drain|p1a: Eelektross
|-damage|p1a: Eelektross|3/100 brn
|-heal|p2a: Venusaur|96/100|[from] drain|[of] p1a: Eelektross
|
|-weather|none
|-damage|p1a: Eelektross|0 fnt|[from] brn
|faint|p1a: Eelektross
|-sideend|p2: bonomia|move: Tailwind
|upkeep
|turn|6
|
|t:|1782576401
|move|p1b: Garchomp|Earthquake|p2b: Grimmsnarl|[spread] p2a,p2b
|-damage|p2a: Venusaur|76/100
|-damage|p2b: Grimmsnarl|0 fnt
|faint|p2b: Grimmsnarl
|move|p2a: Venusaur|Giga Drain|p1b: Garchomp
|-damage|p1b: Garchomp|60/100
|-heal|p2a: Venusaur|97/100|[from] drain|[of] p1b: Garchomp
|
|upkeep
|
|t:|1782576405
|switch|p2b: Talonflame|Talonflame, L50, M|12/100
|turn|7
|
|t:|1782576407
|move|p2b: Talonflame|Protect|p2b: Talonflame
|-singleturn|p2b: Talonflame|Protect
|move|p1b: Garchomp|Rock Slide|p2b: Talonflame|[spread] p2a
|-activate|p2b: Talonflame|move: Protect
|-damage|p2a: Venusaur|87/100
|move|p2a: Venusaur|Giga Drain|p1b: Garchomp
|-crit|p1b: Garchomp
|-damage|p1b: Garchomp|0 fnt
|-heal|p2a: Venusaur|100/100|[from] drain|[of] p1b: Garchomp
|faint|p1b: Garchomp
|
|win|bonomia
||TapuYolo VGC is ready for game 2.
||bonomia is ready for game 2.
|uhtml|next|Next: Game 2 of 3
