|j|☆Jon Mateo
|j|☆ortainee
|html|Jon Mateoortainee    
|uhtml|bestof|Game 2 of a best-of-3
|t:|1782552338
|gametype|doubles
|player|p1|Jon Mateo|101|1166
|player|p2|ortainee|grimsley-gen7|1165
|gen|9
|tier|[Gen 9 Champions] VGC 2026 Reg M-B (Bo3)
|rated|
|rule|Species Clause: Limit one of each Pokémon
|rule|Item Clause: Limit 1 of each item
|clearpoke
|poke|p1|Ninetales-Alola, L50, F|
|poke|p1|Milotic, L50, F|
|poke|p1|Snorlax, L50, M|
|poke|p1|Blaziken, L50, F|
|poke|p1|Aerodactyl, L50, F|
|poke|p1|Aegislash, L50, M|
|poke|p2|Charizard, L50, M|
|poke|p2|Garchomp, L50, F|
|poke|p2|Mawile, L50, M|
|poke|p2|Whimsicott, L50, F|
|poke|p2|Farigiraf, L50, F|
|poke|p2|Basculegion, L50, M|
|teampreview|4
|showteam|p1|Ninetales-Alola||ChoiceScarf|SnowWarning|Blizzard,FreezeDry,Psyshock,Moonblast|Modest||F|||50|]Milotic||Leftovers|Competitive|Scald,Blizzard,Protect,Recover|Bold||F|||50|]Snorlax||SitrusBerry|ThickFat|Curse,BodySlam,Yawn,HighHorsepower|Impish||M|||50|]Blaziken||FocusSash|SpeedBoost|Protect,CloseCombat,BlazeKick,Coaching|Adamant||F|||50|]Aerodactyl||Aerodactylite|Unnerve|DualWingbeat,RockSlide,Protect,Tailwind|Jolly||F|||50|]Aegislash||SpellTag|StanceChange|ShadowSneak,Poltergeist,IronHead,KingsShield|Adamant||M|||50|
|showteam|p2|Charizard||CharizarditeY|Blaze|SolarBeam,HeatWave,WeatherBall,Protect|Modest||M|||50|]Garchomp||LifeOrb|RoughSkin|Earthquake,DragonClaw,RockSlide,Protect|Jolly||F|||50|]Mawile||Mawilite|HyperCutter|PlayRough,IronHead,SuckerPunch,Protect|Adamant||M|||50|]Whimsicott||FocusSash|Prankster|Moonblast,Tailwind,Encore,Protect|Timid||F|||50|]Farigiraf||SitrusBerry|ArmorTail|Psychic,TrickRoom,HelpingHand,Protect|Bold||F|||50|]Basculegion||MysticWater|Adaptability|WaveCrash,LastRespects,AquaJet,Protect|Adamant||M|||50|
|inactive|Battle timer is ON: inactive players will automatically lose when time's up. (requested by ortainee)
|
|t:|1782552363
|teamsize|p1|4
|teamsize|p2|4
|start
|switch|p1a: Milotic|Milotic, L50, F|100/100
|switch|p1b: Snorlax|Snorlax, L50, M|100/100
|switch|p2a: Whimsicott|Whimsicott, L50, F|100/100
|switch|p2b: Charizard|Charizard, L50, M|100/100
|turn|1
|
|t:|1782552378
|move|p2b: Charizard|Protect|p2b: Charizard
|-singleturn|p2b: Charizard|Protect
|move|p1a: Milotic|Protect|p1a: Milotic
|-singleturn|p1a: Milotic|Protect
|move|p2a: Whimsicott|Moonblast|p1b: Snorlax
|-damage|p1b: Snorlax|79/100
|move|p1b: Snorlax|Body Slam|p2b: Charizard
|-activate|p2b: Charizard|move: Protect
|
|upkeep
|turn|2
|
|t:|1782552402
|switch|p1a: Aerodactyl|Aerodactyl, L50, F|100/100
|-ability|p1a: Aerodactyl|Unnerve
|detailschange|p2b: Charizard|Charizard-Mega-Y, L50, M
|-mega|p2b: Charizard|Charizard|Charizardite Y
|-weather|SunnyDay|[from] ability: Drought|[of] p2b: Charizard
|move|p2a: Whimsicott|Encore||[still]
|-fail|p2a: Whimsicott
|move|p2b: Charizard|Heat Wave|p1a: Aerodactyl|[spread] p1a,p1b
|-resisted|p1a: Aerodactyl|1
|-damage|p1a: Aerodactyl|53/100
|-damage|p1b: Snorlax|60/100
|move|p1b: Snorlax|Yawn|p2a: Whimsicott
|-start|p2a: Whimsicott|move: Yawn|[of] p1b: Snorlax
|
|-weather|SunnyDay|[upkeep]
|upkeep
|turn|3
|inactive|ortainee has 30 seconds left.
|
|t:|1782552430
|move|p1a: Aerodactyl|Protect|p1a: Aerodactyl
|-singleturn|p1a: Aerodactyl|Protect
|move|p2a: Whimsicott|Tailwind|p2a: Whimsicott
|-sidestart|p2: ortainee|move: Tailwind
|move|p2b: Charizard|Weather Ball|p1a: Aerodactyl
|-activate|p1a: Aerodactyl|move: Protect
|move|p1b: Snorlax|Body Slam|p2b: Charizard
|-damage|p2b: Charizard|51/100
|
|-weather|SunnyDay|[upkeep]
|-end|p2a: Whimsicott|move: Yawn|[silent]
|-status|p2a: Whimsicott|slp
|upkeep
|turn|4
|inactive|ortainee has 30 seconds left.
|
|t:|1782552465
|switch|p2b: Garchomp|Garchomp, L50, F|100/100
|switch|p1a: Ninetales|Ninetales-Alola, L50, F|100/100
|-weather|Snowscape|[from] ability: Snow Warning|[of] p1a: Ninetales
|cant|p2a: Whimsicott|slp
|move|p1b: Snorlax|Body Slam|p2b: Garchomp
|-damage|p2b: Garchomp|62/100
|-damage|p1b: Snorlax|48/100|[from] ability: Rough Skin|[of] p2b: Garchomp
|-enditem|p1b: Snorlax|Sitrus Berry|[eat]
|-heal|p1b: Snorlax|73/100|[from] item: Sitrus Berry
|
|-weather|Snowscape|[upkeep]
|upkeep
|turn|5
|inactive|ortainee has 30 seconds left.
|
|t:|1782552491
|move|p2b: Garchomp|Protect|p2b: Garchomp
|-singleturn|p2b: Garchomp|Protect
|-curestatus|p2a: Whimsicott|slp|[msg]
|move|p2a: Whimsicott|Moonblast|p1b: Snorlax
|-damage|p1b: Snorlax|51/100
|move|p1a: Ninetales|Blizzard|p2b: Garchomp|[spread] p2a
|-activate|p2b: Garchomp|move: Protect
|-supereffective|p2a: Whimsicott|1
|-enditem|p2a: Whimsicott|Focus Sash
|-damage|p2a: Whimsicott|1/100
|move|p1b: Snorlax|Body Slam|p2a: Whimsicott
|-crit|p2a: Whimsicott
|-damage|p2a: Whimsicott|0 fnt
|faint|p2a: Whimsicott
|
|-weather|Snowscape|[upkeep]
|upkeep
|
|t:|1782552499
|switch|p2a: Charizard|Charizard-Mega-Y, L50, M|51/100
|-weather|SunnyDay|[from] ability: Drought|[of] p2a: Charizard
|turn|6
|
|t:|1782552511
|switch|p1a: Milotic|Milotic, L50, F|100/100
|move|p2b: Garchomp|Earthquake|p1b: Snorlax|[spread] p1a,p1b
|-immune|p2a: Charizard
|-damage|p1a: Milotic|57/100
|-damage|p1b: Snorlax|12/100
|-damage|p2b: Garchomp|53/100|[from] item: Life Orb
|move|p2a: Charizard|Heat Wave|p1b: Snorlax|[spread] p1a,p1b
|-resisted|p1a: Milotic|1
|-crit|p1b: Snorlax
|-damage|p1a: Milotic|30/100
|-damage|p1b: Snorlax|0 fnt
|faint|p1b: Snorlax
|
|-weather|SunnyDay|[upkeep]
|-heal|p1a: Milotic|36/100|[from] item: Leftovers
|-sideend|p2: ortainee|move: Tailwind
|upkeep
|inactive|Jon Mateo has 30 seconds left.
|
|t:|1782552544
|switch|p1b: Ninetales|Ninetales-Alola, L50, F|100/100
|-weather|Snowscape|[from] ability: Snow Warning|[of] p1b: Ninetales
|turn|7
|
|t:|1782552556
|switch|p2b: Farigiraf|Farigiraf, L50, F|100/100
|move|p1b: Ninetales|Blizzard|p2b: Farigiraf|[spread] p2a,p2b
|-damage|p2a: Charizard|16/100
|-damage|p2b: Farigiraf|69/100
|move|p2a: Charizard|Heat Wave|p1a: Milotic|[spread] p1a,p1b
|-resisted|p1a: Milotic|1
|-crit|p1a: Milotic
|-supereffective|p1b: Ninetales|1
|-damage|p1a: Milotic|11/100
|-damage|p1b: Ninetales|0 fnt
|-status|p1a: Milotic|brn
|faint|p1b: Ninetales
|move|p1a: Milotic|Scald|p2a: Charizard
|-supereffective|p2a: Charizard|1
|-damage|p2a: Charizard|0 fnt
|faint|p2a: Charizard
|
|-weather|Snowscape|[upkeep]
|-heal|p1a: Milotic|18/100 brn|[from] item: Leftovers
|-damage|p1a: Milotic|11/100 brn|[from] brn
|upkeep
|
|t:|1782552566
|switch|p1b: Aerodactyl|Aerodactyl, L50, F|53/100
|switch|p2a: Garchomp|Garchomp, L50, F|53/100
|-ability|p1b: Aerodactyl|Unnerve
|turn|8
|
|t:|1782552585
|detailschange|p1b: Aerodactyl|Aerodactyl-Mega, L50, F
|-mega|p1b: Aerodactyl|Aerodactyl|Aerodactylite
|move|p2b: Farigiraf|Helping Hand|p2a: Garchomp
|-singleturn|p2a: Garchomp|Helping Hand|[of] p2b: Farigiraf
|move|p1b: Aerodactyl|Rock Slide|p2b: Farigiraf|[spread] p2a,p2b
|-resisted|p2a: Garchomp|1
|-damage|p2a: Garchomp|40/100
|-damage|p2b: Farigiraf|50/100g
|cant|p2a: Garchomp|flinch
|move|p1a: Milotic|Blizzard|p2b: Farigiraf|[spread] p2a,p2b
|-supereffective|p2a: Garchomp|2
|-damage|p2a: Garchomp|0 fnt
|-damage|p2b: Farigiraf|28/100
|-enditem|p2b: Farigiraf|Sitrus Berry|[eat]
|-heal|p2b: Farigiraf|52/100|[from] item: Sitrus Berry
|faint|p2a: Garchomp
|
|-weather|Snowscape|[upkeep]
|-heal|p1a: Milotic|18/100 brn|[from] item: Leftovers
|-damage|p1a: Milotic|11/100 brn|[from] brn
|upkeep
|turn|9
|c|☆ortainee|gg
|inactive|ortainee has 30 seconds left.
|c|☆ortainee|fck this shitty move
|
|t:|1782552616
|move|p1b: Aerodactyl|Rock Slide|p2b: Farigiraf
|-damage|p2b: Farigiraf|26/100
|move|p1a: Milotic|Blizzard|p2b: Farigiraf
|-damage|p2b: Farigiraf|0 fnt
|faint|p2b: Farigiraf
|
|win|Jon Mateo
|raw|Jon Mateo's rating: 1166 → 1191(+25 for winning)
|raw|ortainee's rating: 1165 → 1140(-25 for losing)
