|j|☆HowDz2
|j|☆JeremiahTheGreat
|html|HowDz2JeremiahTheGreat    
|uhtml|bestof|Game 3 of a best-of-3
|t:|1784135628
|gametype|doubles
|player|p1|HowDz2|lance|
|player|p2|JeremiahTheGreat|101|
|gen|9
|tier|[Gen 9 Champions] VGC 2026 Reg M-B (Bo3)
|rule|Species Clause: Limit one of each Pokémon
|rule|Item Clause: Limit 1 of each item
|clearpoke
|poke|p1|Sableye, L50, F|
|poke|p1|Gengar, L50, M|
|poke|p1|Slurpuff, L50, M|
|poke|p1|Scizor, L50, F|
|poke|p1|Feraligatr, L50, M|
|poke|p1|Simisage, L50, F|
|poke|p2|Flareon, L50, F|
|poke|p2|Garbodor, L50, F|
|poke|p2|Sinistcha, L50|
|poke|p2|Tauros, L50, M|
|poke|p2|Audino, L50, F|
|poke|p2|Gyarados, L50, M|
|teampreview|4
|showteam|p1|Sableye||SitrusBerry|Prankster|Gravity,Detect,FakeOut,SunnyDay|Careful||F|||50|]Gengar||Gengarite|CursedBody|Thunderbolt,FocusBlast,ShadowBall,Psychic|Modest||M|||50|]Slurpuff||WhiteHerb|Unburden|Flamethrower,CalmMind,Thunderbolt,Protect|Modest||M|||50|]Scizor||Scizorite|Technician|BulletPunch,Uturn,CloseCombat,SwordsDance|Adamant||F|||50|]Feraligatr||LifeOrb|SheerForce|StompingTantrum,AquaJet,Protect,Roar|Adamant||M|||50|]Simisage||FocusSash|Overgrow|FakeOut,FocusBlast,LeafStorm,GunkShot|Naive||F|||50|
|showteam|p2|Flareon||Charcoal|Guts|FlareBlitz,Superpower,WillOWisp,Detect|Adamant||F|||50|]Garbodor||Leftovers|Aftermath|GunkShot,BodyPress,Curse,Protect|Impish||F|||50|]Sinistcha||KasibBerry|Hospitality|MatchaGotcha,TrickRoom,RagePowder,ShadowBall|Quiet|||||50|]Tauros||ChoiceScarf|Intimidate|ThroatChop,CloseCombat,Flamethrower,RagingBull|Adamant||M|||50|]Audino||Audinite|Healer|Entrainment,LightScreen,Reflect,DazzlingGleam|Calm||F|||50|]Gyarados||Gyaradosite|Intimidate|Crunch,DragonDance,TemperFlare,Protect|Adamant||M|||50|
|
|t:|1784135681
|teamsize|p1|4
|teamsize|p2|4
|start
|switch|p1a: Simisage|Simisage, L50, F|100/100
|switch|p1b: Sableye|Sableye, L50, F|100/100
|switch|p2a: Flareon|Flareon, L50, F|100/100
|switch|p2b: Tauros|Tauros, L50, M|100/100
|-ability|p2b: Tauros|Intimidate|boost
|-unboost|p1a: Simisage|atk|1
|-unboost|p1b: Sableye|atk|1
|turn|1
|
|t:|1784135701
|move|p1a: Simisage|Fake Out|p2b: Tauros
|-damage|p2b: Tauros|91/100
|move|p1b: Sableye|Fake Out|p2a: Flareon
|-damage|p2a: Flareon|91/100
|cant|p2b: Tauros|flinch
|cant|p2a: Flareon|flinch
|
|upkeep
|turn|2
|
|t:|1784135712
|move|p1b: Sableye|Gravity|p1b: Sableye
|-fieldstart|move: Gravity
|move|p2b: Tauros|Raging Bull|p1a: Simisage
|-damage|p1a: Simisage|40/100
|move|p1a: Simisage|Focus Blast|p2b: Tauros
|-supereffective|p2b: Tauros|1
|-damage|p2b: Tauros|1/100
|move|p2a: Flareon|Flare Blitz|p1b: Sableye
|-damage|p1b: Sableye|0 fnt
|faint|p1b: Sableye
|-damage|p2a: Flareon|61/100|[from] Recoil
|
|upkeep
|
|t:|1784135742
|switch|p1b: Gengar|Gengar, L50, M|100/100
|turn|3
|
|t:|1784135759
|switch|p2b: Sinistcha|Sinistcha, L50|100/100
|-heal|p2a: Flareon|86/100|[from] ability: Hospitality|[of] p2b: Sinistcha
|detailschange|p1b: Gengar|Gengar-Mega, L50, M
|-mega|p1b: Gengar|Gengar|Gengarite
|move|p1b: Gengar|Thunderbolt|p2b: Sinistcha
|-resisted|p2b: Sinistcha|1
|-damage|p2b: Sinistcha|73/100
|move|p1a: Simisage|Gunk Shot|p2a: Flareon
|-damage|p2a: Flareon|56/100
|move|p2a: Flareon|Flare Blitz|p1b: Gengar
|-damage|p1b: Gengar|0 fnt
|faint|p1b: Gengar
|-damage|p2a: Flareon|30/100|[from] Recoil
|
|upkeep
|
|t:|1784135771
|switch|p1b: Feraligatr|Feraligatr, L50, M|100/100
|turn|4
|
|t:|1784135788
|move|p2a: Flareon|Detect|p2a: Flareon
|-singleturn|p2a: Flareon|Protect
|move|p1a: Simisage|Gunk Shot|p2b: Sinistcha
|-damage|p2b: Sinistcha|55/100
|move|p1b: Feraligatr|Stomping Tantrum|p2b: Sinistcha
|-resisted|p2b: Sinistcha|1
|-damage|p2b: Sinistcha|38/100
|-damage|p1b: Feraligatr|90/100|[from] item: Life Orb
|move|p2b: Sinistcha|Matcha Gotcha|p1a: Simisage|[spread] p1a,p1b
|-resisted|p1a: Simisage|1
|-supereffective|p1b: Feraligatr|1
|-damage|p1a: Simisage|12/100
|-heal|p2b: Sinistcha|51/100|[from] drain|[of] p1a: Simisage
|-damage|p1b: Feraligatr|12/100
|-heal|p2b: Sinistcha|87/100|[from] drain|[of] p1b: Feraligatr
|
|upkeep
|turn|5
|
|t:|1784135817
|switch|p2a: Gyarados|Gyarados, L50, M|100/100
|-ability|p2a: Gyarados|Intimidate|boost
|-unboost|p1a: Simisage|atk|1
|-unboost|p1b: Feraligatr|atk|1
|move|p1b: Feraligatr|Aqua Jet|p2a: Gyarados
|-resisted|p2a: Gyarados|1
|-damage|p2a: Gyarados|88/100
|-damage|p1b: Feraligatr|3/100|[from] item: Life Orb
|move|p1a: Simisage|Gunk Shot|p2a: Gyarados
|-damage|p2a: Gyarados|70/100
|-status|p2a: Gyarados|psn
|move|p2b: Sinistcha|Matcha Gotcha|p1a: Simisage|[spread] p1a,p1b
|-resisted|p1a: Simisage|1
|-supereffective|p1b: Feraligatr|1
|-damage|p1a: Simisage|0 fnt
|-heal|p2b: Sinistcha|93/100|[from] drain|[of] p1a: Simisage
|-damage|p1b: Feraligatr|0 fnt
|-heal|p2b: Sinistcha|94/100|[from] drain|[of] p1b: Feraligatr
|faint|p1a: Simisage
|faint|p1b: Feraligatr
|
|win|JeremiahTheGreat
