|j|‽Brutalandathebozz
|j|☆PastrysBaked
|html|BrutalandathebozzPastrysBaked    
|uhtml|bestof|Game 2 of a best-of-3
|t:|1785747972
|gametype|doubles
|player|p1|Brutalandathebozz|1|1143
|player|p2|PastrysBaked|ingo|1000
|gen|9
|tier|[Gen 9 Champions] VGC 2026 Reg M-B (Bo3)
|rated|
|rule|Species Clause: Limit one of each Pokémon
|rule|Item Clause: Limit 1 of each item
|clearpoke
|poke|p1|Gyarados, L50, F|
|poke|p1|Gholdengo, L50|
|poke|p1|Clefable, L50, M|
|poke|p1|Garchomp, L50, M|
|poke|p1|Talonflame, L50, M|
|poke|p1|Rotom-Mow, L50|
|poke|p2|Archaludon, L50, F|
|poke|p2|Pelipper, L50, M|
|poke|p2|Swampert, L50, F|
|poke|p2|Sneasler, L50, M|
|poke|p2|Toxapex, L50, M|
|poke|p2|Eelektross, L50, M|
|teampreview|4
|showteam|p1|Gyarados||Gyaradosite|Intimidate|Waterfall,Crunch,DragonDance,Protect|Adamant||F|||50|]Gholdengo||MetalCoat|GoodasGold|MakeItRain,ShadowBall,NastyPlot,Protect|Timid|||||50|]Clefable||SitrusBerry|Unaware|Moonblast,FollowMe,Encore,Protect|Bold||M|||50|]Garchomp||LifeOrb|RoughSkin|Earthquake,DragonClaw,RockSlide,Protect|Adamant||M|||50|]Talonflame||SharpBeak|GaleWings|DualWingbeat,FlareBlitz,Tailwind,Protect|Jolly||M|||50|]Rotom-Mow||ChoiceScarf|Levitate|LeafStorm,Thunderbolt,VoltSwitch,EerieImpulse|Timid|||||50|
|showteam|p2|Archaludon||Leftovers|Stamina|ElectroShot,FlashCannon,Protect,DragonPulse|Timid||F|||50|]Pelipper||FocusSash|Drizzle|Hurricane,WideGuard,Tailwind,Protect|Bold||M|||50|]Swampert||Swampertite|Torrent|WaveCrash,HighHorsepower,IcePunch,Protect|Adamant||F|||50|]Sneasler||ShucaBerry|PoisonTouch|CloseCombat,DireClaw,FakeOut,UpperHand|Jolly||M|||50|]Toxapex||SitrusBerry|Regenerator|BanefulBunker,Infestation,WideGuard,Haze|Calm||M|||50|]Eelektross||Eelektrossite|Levitate|Thunderbolt,GigaDrain,FlashCannon,Protect|Timid||M|||50|
|inactive|Battle timer is ON: inactive players will automatically lose when time's up. (requested by Brutalandathebozz)
|
|t:|1785747991
|teamsize|p1|4
|teamsize|p2|4
|start
|switch|p1a: Rotom|Rotom-Mow, L50|100/100
|switch|p1b: Garchomp|Garchomp, L50, M|100/100
|switch|p2a: Speed bridge|Archaludon, L50, F|100/100
|switch|p2b: Run them|Pelipper, L50, M|100/100
|-weather|RainDance|[from] ability: Drizzle|[of] p2b: Run them
|turn|1
|
|t:|1785748011
|switch|p1b: Gholdengo|Gholdengo, L50|100/100
|move|p2b: Run them|Wide Guard|p2b: Run them
|-singleturn|p2b: Run them|Wide Guard
|move|p1a: Rotom|Eerie Impulse|p2a: Speed bridge
|-unboost|p2a: Speed bridge|spa|2
|move|p2a: Speed bridge|Dragon Pulse|p1b: Gholdengo
|-resisted|p1b: Gholdengo|1
|-damage|p1b: Gholdengo|88/100
|
|-weather|RainDance|[upkeep]
|upkeep
|turn|2
|
|t:|1785748035
|move|p1a: Rotom|Eerie Impulse|p2a: Speed bridge
|-unboost|p2a: Speed bridge|spa|2
|move|p2a: Speed bridge|Electro Shot||[still]
|-prepare|p2a: Speed bridge|Electro Shot
|-boost|p2a: Speed bridge|spa|1
|-anim|p2a: Speed bridge|Electro Shot|p1b: Gholdengo
|-damage|p1b: Gholdengo|71/100
|move|p1b: Gholdengo|Nasty Plot|p1b: Gholdengo
|-boost|p1b: Gholdengo|spa|2
|move|p2b: Run them|Hurricane|p1a: Rotom
|-damage|p1a: Rotom|55/100
|
|-weather|RainDance|[upkeep]
|upkeep
|turn|3
|
|t:|1785748053
|switch|p1a: Garchomp|Garchomp, L50, M|100/100
|switch|p2a: Average American|Toxapex, L50, M|100/100
|move|p1b: Gholdengo|Shadow Ball|p2b: Run them
|-enditem|p2b: Run them|Focus Sash
|-damage|p2b: Run them|1/100
|move|p2b: Run them|Hurricane|p1a: Garchomp
|-damage|p1a: Garchomp|58/100
|
|-weather|RainDance|[upkeep]
|upkeep
|turn|4
|
|t:|1785748073
|move|p2b: Run them|Protect|p2b: Run them
|-singleturn|p2b: Run them|Protect
|move|p1a: Garchomp|Dragon Claw|p2b: Run them
|-activate|p2b: Run them|move: Protect
|move|p1b: Gholdengo|Shadow Ball|p2a: Average American
|-damage|p2a: Average American|49/100
|-unboost|p2a: Average American|spd|1
|-enditem|p2a: Average American|Sitrus Berry|[eat]
|-heal|p2a: Average American|74/100|[from] item: Sitrus Berry
|move|p2a: Average American|Haze|p2a: Average American
|-clearallboost
|
|-weather|RainDance|[upkeep]
|upkeep
|turn|5
|
|t:|1785748091
|switch|p1a: Rotom|Rotom-Mow, L50|55/100
|switch|p2b: No mercy|Swampert, L50, F|100/100
|move|p2a: Average American|Baneful Bunker|p2a: Average American
|-singleturn|p2a: Average American|move: Protect
|move|p1b: Gholdengo|Shadow Ball|p2b: No mercy
|-damage|p2b: No mercy|59/100
|
|-weather|none
|upkeep
|turn|6
|
|t:|1785748103
|switch|p1b: Gyarados|Gyarados, L50, F|100/100
|-ability|p1b: Gyarados|Intimidate|boost
|-unboost|p2a: Average American|atk|1
|-unboost|p2b: No mercy|atk|1
|-heal|p2a: Average American|100/100|[from] ability: Regenerator|[silent]
|switch|p2a: Run them|Pelipper, L50, M|1/100
|-weather|RainDance|[from] ability: Drizzle|[of] p2a: Run them
|detailschange|p2b: No mercy|Swampert-Mega, L50, F
|-mega|p2b: No mercy|Swampert|Swampertite
|move|p2b: No mercy|Ice Punch|p1a: Rotom
|-supereffective|p1a: Rotom|1
|-damage|p1a: Rotom|7/100
|move|p1a: Rotom|Volt Switch|p2a: Run them
|-supereffective|p2a: Run them|2
|-damage|p2a: Run them|0 fnt
|faint|p2a: Run them
|
|t:|1785748112
|switch|p1a: Gholdengo|Gholdengo, L50|71/100|[from] Volt Switch
|
|-weather|RainDance|[upkeep]
|upkeep
|
|t:|1785748115
|switch|p2a: Speed bridge|Archaludon, L50, F|100/100
|turn|7
|
|t:|1785748132
|switch|p1a: Rotom|Rotom-Mow, L50|7/100
|detailschange|p1b: Gyarados|Gyarados-Mega, L50, F
|-mega|p1b: Gyarados|Gyarados|Gyaradosite
|-ability|p1b: Gyarados|Mold Breaker
|move|p2b: No mercy|High Horsepower|p1a: Rotom
|-immune|p1a: Rotom|[from] ability: Levitate
|move|p2a: Speed bridge|Electro Shot||[still]
|-prepare|p2a: Speed bridge|Electro Shot
|-boost|p2a: Speed bridge|spa|1
|-anim|p2a: Speed bridge|Electro Shot|p1b: Gyarados
|-supereffective|p1b: Gyarados|1
|-damage|p1b: Gyarados|5/100
|move|p1b: Gyarados|Waterfall|p2b: No mercy
|-crit|p2b: No mercy
|-damage|p2b: No mercy|0 fnt
|faint|p2b: No mercy
|
|-weather|RainDance|[upkeep]
|upkeep
|
|t:|1785748135
|switch|p2b: Average American|Toxapex, L50, M|100/100
|turn|8
|
|t:|1785748158
|move|p2a: Speed bridge|Protect|p2a: Speed bridge
|-singleturn|p2a: Speed bridge|Protect
|move|p1b: Gyarados|Protect|p1b: Gyarados
|-singleturn|p1b: Gyarados|Protect
|move|p1a: Rotom|Eerie Impulse|p2a: Speed bridge
|-activate|p2a: Speed bridge|move: Protect
|move|p2b: Average American|Infestation|p1a: Rotom
|-supereffective|p1a: Rotom|1
|-damage|p1a: Rotom|1/100
|-activate|p1a: Rotom|move: Infestation|[of] p2b: Average American
|
|-weather|RainDance|[upkeep]
|-damage|p1a: Rotom|0 fnt|[from] move: Infestation|[partiallytrapped]
|faint|p1a: Rotom
|upkeep
|
|t:|1785748171
|switch|p1a: Garchomp|Garchomp, L50, M|58/100
|turn|9
|
|t:|1785748188
|move|p2b: Average American|Wide Guard|p2b: Average American
|-singleturn|p2b: Average American|Wide Guard
|move|p1a: Garchomp|Dragon Claw|p2b: Average American
|-damage|p2b: Average American|53/100
|-damage|p1a: Garchomp|48/100|[from] item: Life Orb
|move|p2a: Speed bridge|Dragon Pulse|p1a: Garchomp
|-supereffective|p1a: Garchomp|1
|-damage|p1a: Garchomp|0 fnt
|faint|p1a: Garchomp
|move|p1b: Gyarados|Crunch|p2b: Average American
|-crit|p2b: Average American
|-damage|p2b: Average American|2/100
|
|-weather|RainDance|[upkeep]
|upkeep
|
|t:|1785748192
|switch|p1a: Gholdengo|Gholdengo, L50|71/100
|turn|10
|
|t:|1785748203
|move|p1a: Gholdengo|Protect|p1a: Gholdengo
|-singleturn|p1a: Gholdengo|Protect
|move|p1b: Gyarados|Protect|p1b: Gyarados
|-singleturn|p1b: Gyarados|Protect
|move|p2b: Average American|Baneful Bunker||[still]
|-fail|p2b: Average American
|move|p2a: Speed bridge|Electro Shot||[still]
|-prepare|p2a: Speed bridge|Electro Shot
|-boost|p2a: Speed bridge|spa|1
|-anim|p2a: Speed bridge|Electro Shot|p1a: Gholdengo
|-activate|p1a: Gholdengo|move: Protect
|
|-weather|none
|upkeep
|turn|11
|
|t:|1785748215
|move|p2a: Speed bridge|Dragon Pulse|p1b: Gyarados
|-damage|p1b: Gyarados|0 fnt
|faint|p1b: Gyarados
|move|p1a: Gholdengo|Nasty Plot|p1a: Gholdengo
|-boost|p1a: Gholdengo|spa|2
|move|p2b: Average American|Infestation|p1a: Gholdengo
|-resisted|p1a: Gholdengo|2
|-damage|p1a: Gholdengo|70/100
|-activate|p1a: Gholdengo|move: Infestation|[of] p2b: Average American
|
|-damage|p1a: Gholdengo|58/100|[from] move: Infestation|[partiallytrapped]
|upkeep
|turn|12
|
|t:|1785748224
|move|p2b: Average American|Baneful Bunker|p2b: Average American
|-singleturn|p2b: Average American|move: Protect
|move|p2a: Speed bridge|Electro Shot||[still]
|-prepare|p2a: Speed bridge|Electro Shot
|-boost|p2a: Speed bridge|spa|1
|move|p1a: Gholdengo|Shadow Ball|p2a: Speed bridge
|-damage|p2a: Speed bridge|0 fnt
|faint|p2a: Speed bridge
|
|-damage|p1a: Gholdengo|46/100|[from] move: Infestation|[partiallytrapped]
|upkeep
|turn|13
|-message|PastrysBaked forfeited.
|raw|Brutalandathebozz's rating: 1143 → 1158(+15 for winning)
|raw|PastrysBaked's rating: 1000 → 1000(+0 for losing)
|
|win|Brutalandathebozz
|l|☆PastrysBaked
|player|p2|
