|j|☆Z4RDEL
|j|☆PRLT1 Jurrasicz
|html|Z4RDELPRLT1 Jurrasicz    
|uhtml|bestof|Game 2 of a best-of-3
|t:|1783828198
|gametype|doubles
|player|p1|Z4RDEL|miku-fire|1328
|player|p2|PRLT1 Jurrasicz|pokemaniac|1330
|gen|9
|tier|[Gen 9 Champions] VGC 2026 Reg M-B (Bo3)
|rated|
|rule|Species Clause: Limit one of each Pokémon
|rule|Item Clause: Limit 1 of each item
|clearpoke
|poke|p1|Metagross, L50|
|poke|p1|Kleavor, L50, F|
|poke|p1|Archaludon, L50, F|
|poke|p1|Sinistcha-Masterpiece, L50|
|poke|p1|Glimmora, L50, M|
|poke|p1|Floette-Eternal, L50, F|
|poke|p2|Charizard, L50, M|
|poke|p2|Whimsicott, L50, F|
|poke|p2|Floette-Eternal, L50, F|
|poke|p2|Basculegion, L50, M|
|poke|p2|Garchomp, L50, M|
|poke|p2|Kingambit, L50, M, shiny|
|teampreview|4
|showteam|p1|Metagross||Metagrossite|ClearBody|PsychicFangs,IronHead,Protect,IcePunch|Jolly|||||50|]Kleavor||ChoiceScarf|Sharpness|StoneAxe,Uturn,XScissor,RockSlide|Adamant||F|||50|]Archaludon||Leftovers|Stamina|ElectroShot,DragonPulse,FlashCannon,Protect|Timid||F|||50|]Sinistcha-Masterpiece||SitrusBerry|Hospitality|MatchaGotcha,LifeDew,RagePowder,TrickRoom|Relaxed|||||50|]Glimmora||FocusSash|ToxicDebris|PowerGem,EarthPower,MortalSpin,SpikyShield|Modest||M|||50|]Floette-Eternal||Floettite|FlowerVeil|Moonblast,DazzlingGleam,LightofRuin,Protect|Timid||F|||50|
|showteam|p2|Charizard||CharizarditeY|Blaze|HeatWave,SolarBeam,WeatherBall,Protect|Modest||M|||50|]Whimsicott||FocusSash|Prankster|Moonblast,Encore,Tailwind,Protect|Timid||F|||50|]Floette-Eternal||Floettite|FlowerVeil|Moonblast,DazzlingGleam,LightofRuin,Protect|Modest||F|||50|]Basculegion||MysticWater|Adaptability|WaveCrash,AquaJet,LastRespects,Protect|Adamant||M|||50|]Garchomp||LifeOrb|RoughSkin|DragonClaw,Earthquake,RockSlide,Protect|Adamant||M|||50|]Kingambit||OccaBerry|Defiant|KowtowCleave,SuckerPunch,IronHead,Protect|Adamant||M|||50|
|inactive|Battle timer is ON: inactive players will automatically lose when time's up. (requested by PRLT1 Jurrasicz)
|inactive|Z4RDEL also wants the timer to be on.
|inactive|Z4RDEL has 60 seconds left.
|
|t:|1783828255
|teamsize|p1|4
|teamsize|p2|4
|start
|switch|p1a: Floette|Floette-Eternal, L50, F|100/100
|switch|p1b: Kleavor|Kleavor, L50, F|100/100
|switch|p2a: Whimsicott|Whimsicott, L50, F|100/100
|switch|p2b: Basculegion|Basculegion, L50, M|100/100
|turn|1
|inactive|Z4RDEL has 30 seconds left.
|inactive|PRLT1 Jurrasicz has 30 seconds left.
|inactive|Z4RDEL has 20 seconds left.
|
|t:|1783828290
|switch|p1b: Archaludon|Archaludon, L50, F|100/100
|detailschange|p1a: Floette|Floette-Mega, L50, F
|-mega|p1a: Floette|Floette|Floettite
|-ability|p1a: Floette|Fairy Aura
|move|p2a: Whimsicott|Tailwind|p2a: Whimsicott
|-sidestart|p2: PRLT1 Jurrasicz|move: Tailwind
|move|p2b: Basculegion|Wave Crash|p1a: Floette
|-damage|p1a: Floette|0 fnt
|faint|p1a: Floette
|-damage|p2b: Basculegion|75/100|[from] Recoil
|
|upkeep
|
|t:|1783828301
|switch|p1a: Sinistcha|Sinistcha-Masterpiece, L50|100/100
|turn|2
|
|t:|1783828322
|move|p2a: Whimsicott|Moonblast|p1a: Sinistcha
|-damage|p1a: Sinistcha|56/100
|move|p2b: Basculegion|Last Respects|p1a: Sinistcha
|-supereffective|p1a: Sinistcha|1
|-damage|p1a: Sinistcha|11/100
|-enditem|p1a: Sinistcha|Sitrus Berry|[eat]
|-heal|p1a: Sinistcha|35/100|[from] item: Sitrus Berry
|move|p1b: Archaludon|Flash Cannon|p2a: Whimsicott
|-supereffective|p2a: Whimsicott|1
|-enditem|p2a: Whimsicott|Focus Sash
|-damage|p2a: Whimsicott|1/100
|-unboost|p2a: Whimsicott|spd|1
|move|p1a: Sinistcha|Trick Room|p1a: Sinistcha
|-fieldstart|move: Trick Room|[of] p1a: Sinistcha
|
|upkeep
|turn|3
|inactive|PRLT1 Jurrasicz has 30 seconds left.
|inactive|PRLT1 Jurrasicz has 20 seconds left.
|inactive|PRLT1 Jurrasicz has 15 seconds left.
|inactive|PRLT1 Jurrasicz has 10 seconds left.
|
|t:|1783828368
|switch|p1a: Kleavor|Kleavor, L50, F|100/100
|move|p2a: Whimsicott|Protect|p2a: Whimsicott
|-singleturn|p2a: Whimsicott|Protect
|move|p2b: Basculegion|Protect|p2b: Basculegion
|-singleturn|p2b: Basculegion|Protect
|move|p1b: Archaludon|Electro Shot||[still]
|-prepare|p1b: Archaludon|Electro Shot
|-boost|p1b: Archaludon|spa|1
|
|upkeep
|turn|4
|inactive|Z4RDEL has 30 seconds left.
|
|t:|1783828396
|switch|p2b: Garchomp|Garchomp, L50, M|100/100
|move|p2a: Whimsicott|Encore|p1b: Archaludon
|-start|p1b: Archaludon|Encore
|move|p1b: Archaludon|Electro Shot|p2b: Garchomp|[from] lockedmove
|-immune|p2b: Garchomp
|move|p1a: Kleavor|Rock Slide|p2a: Whimsicott|[spread] p2a,p2b
|-resisted|p2b: Garchomp|1
|-damage|p2a: Whimsicott|0 fnt
|-damage|p2b: Garchomp|85/100
|faint|p2a: Whimsicott
|
|-sideend|p2: PRLT1 Jurrasicz|move: Tailwind
|upkeep
|
|t:|1783828408
|switch|p2a: Basculegion|Basculegion, L50, M|75/100
|turn|5
|
|t:|1783828417
|move|p2a: Basculegion|Wave Crash|p1a: Kleavor
|-supereffective|p1a: Kleavor|1
|-damage|p1a: Kleavor|0 fnt
|faint|p1a: Kleavor
|-damage|p2a: Basculegion|52/100|[from] Recoil
|move|p1b: Archaludon|Electro Shot||[still]
|-prepare|p1b: Archaludon|Electro Shot
|-boost|p1b: Archaludon|spa|1
|move|p2b: Garchomp|Dragon Claw|p1b: Archaludon
|-damage|p1b: Archaludon|46/100
|-ability|p1b: Archaludon|Stamina|boost
|-boost|p1b: Archaludon|def|1
|-damage|p2b: Garchomp|75/100|[from] item: Life Orb
|
|-heal|p1b: Archaludon|52/100|[from] item: Leftovers
|upkeep
|
|t:|1783828421
|switch|p1a: Sinistcha|Sinistcha-Masterpiece, L50|35/100
|-heal|p1b: Archaludon|76/100|[from] ability: Hospitality|[of] p1a: Sinistcha
|turn|6
|
|t:|1783828435
|move|p2a: Basculegion|Protect|p2a: Basculegion
|-singleturn|p2a: Basculegion|Protect
|move|p2b: Garchomp|Protect|p2b: Garchomp
|-singleturn|p2b: Garchomp|Protect
|move|p1a: Sinistcha|Life Dew|p1a: Sinistcha|[spread] p1a,p1b
|-heal|p1a: Sinistcha|61/100
|-heal|p1b: Archaludon|100/100
|move|p1b: Archaludon|Electro Shot|p2a: Basculegion|[from] lockedmove
|-activate|p2a: Basculegion|move: Protect
|
|-end|p1b: Archaludon|Encore
|-fieldend|move: Trick Room
|upkeep
|turn|7
|inactive|Z4RDEL has 30 seconds left.
|inactive|PRLT1 Jurrasicz has 30 seconds left.
|
|t:|1783828461
|move|p2b: Garchomp|Rock Slide|p1b: Archaludon|[spread] p1a
|-miss|p2b: Garchomp|p1b: Archaludon
|-damage|p1a: Sinistcha|42/100
|-damage|p2b: Garchomp|65/100|[from] item: Life Orb
|move|p1b: Archaludon|Flash Cannon|p2b: Garchomp
|-damage|p2b: Garchomp|0 fnt
|faint|p2b: Garchomp
|move|p2a: Basculegion|Last Respects|p1a: Sinistcha
|-supereffective|p1a: Sinistcha|1
|-damage|p1a: Sinistcha|0 fnt
|faint|p1a: Sinistcha
|
|upkeep
|
|t:|1783828472
|switch|p2b: Charizard|Charizard, L50, M|100/100
|turn|8
|
|t:|1783828479
|detailschange|p2b: Charizard|Charizard-Mega-Y, L50, M
|-mega|p2b: Charizard|Charizard|Charizardite Y
|-weather|SunnyDay|[from] ability: Drought|[of] p2b: Charizard
|move|p1b: Archaludon|Dragon Pulse|p2b: Charizard
|-damage|p2b: Charizard|20/100y
|move|p2b: Charizard|Weather Ball|p1b: Archaludon
|-damage|p1b: Archaludon|0 fnt
|faint|p1b: Archaludon
|
|win|PRLT1 Jurrasicz
||Z4RDEL is ready for game 3.
|inactive|PRLT1 Jurrasicz has 30 seconds to confirm battle start!
|inactive|PRLT1 Jurrasicz has 20 seconds to confirm battle start!
