|j|☆AEB 328
|j|☆LukarioVGC
|html|AEB 328LukarioVGC    
|uhtml|bestof|Game 1 of a best-of-3
|t:|1756221558
|gametype|doubles
|player|p1|AEB 328|will|
|player|p2|LukarioVGC|cynthia-gen4|
|gen|9
|tier|[Gen 9] VGC 2025 Reg H (Bo3)
|rule|Species Clause: Limit one of each Pokémon
|rule|Item Clause: Limit 1 of each item
|clearpoke
|poke|p1|Charizard, L50, M|
|poke|p1|Torkoal, L50, M|
|poke|p1|Porygon2, L50|
|poke|p1|Incineroar, L50, M|
|poke|p1|Jumpluff, L50, M|
|poke|p1|Ursaluna, L50, M|
|poke|p2|Archaludon, L50, M|
|poke|p2|Pelipper, L50, M|
|poke|p2|Basculegion, L50, M|
|poke|p2|Amoonguss, L50, M|
|poke|p2|Incineroar, L50, F|
|poke|p2|Gholdengo, L50|
|teampreview|4
|showteam|p1|Charizard||ChoiceSpecs|SolarPower|HeatWave,SolarBeam,WeatherBall,AirSlash|||M|||50|,,,,,Ghost]Torkoal||EjectPack|Drought|HeatWave,Overheat,HelpingHand,Protect|||M|||50|,,,,,Grass]Porygon2||Eviolite|Download|IceBeam,TeraBlast,TrickRoom,Recover||||||50|,,,,,Fighting]Incineroar||SitrusBerry|Intimidate|FlareBlitz,KnockOff,FakeOut,PartingShot|||M|||50|,,,,,Ghost]Jumpluff||CovertCloak|Chlorophyll|SleepPowder,SunnyDay,RagePowder,Tailwind|||M|||50|,,,,,Water]Ursaluna||FlameOrb|Guts|HeadlongRush,Facade,Earthquake,Protect|||M|||50|,,,,,Fairy
|showteam|p2|Archaludon||AssaultVest|Stamina|DragonPulse,ElectroShot,FlashCannon,BodyPress|||M|||50|,,,,,Bug]Pelipper||FocusSash|Drizzle|WeatherBall,Hurricane,Tailwind,Protect|||M|||50|,,,,,Ground]Basculegion||ChoiceBand|SwiftSwim|WaveCrash,LastRespects,AquaJet,FlipTurn|||M|||50|,,,,,Grass]Amoonguss||CovertCloak|Regenerator|PollenPuff,RagePowder,Spore,Protect|||M|||50|,,,,,Water]Incineroar||SafetyGoggles|Intimidate|KnockOff,FakeOut,PartingShot,Taunt|||F|||50|,,,,,Ghost]Gholdengo||LifeOrb|GoodasGold|MakeItRain,ShadowBall,NastyPlot,Protect||||||50|,,,,,Water
|inactive|Battle timer is ON: inactive players will automatically lose when time's up. (requested by AEB 328)
|c|☆LukarioVGC|glhf
|c|☆AEB 328|Glhf!
|inactive|LukarioVGC has 60 seconds left.
|inactive|LukarioVGC has 30 seconds left.
|inactive|LukarioVGC has 20 seconds left.
|inactive|LukarioVGC has 15 seconds left.
|
|t:|1756221638
|teamsize|p1|4
|teamsize|p2|4
|start
|switch|p1a: Jumpluff|Jumpluff, L50, M|100/100
|switch|p1b: Torkoal|Torkoal, L50, M|100/100
|switch|p2a: Bridge|Archaludon, L50, M|100/100
|switch|p2b: tax office|Incineroar, L50, F|100/100
|-ability|p2b: tax office|Intimidate|boost
|-unboost|p1a: Jumpluff|atk|1
|-unboost|p1b: Torkoal|atk|1
|-weather|SunnyDay|[from] ability: Drought|[of] p1b: Torkoal
|-enditem|p1b: Torkoal|Eject Pack
|
|t:|1756221655
|switch|p1b: Charizard|Charizard, L50, M|100/100
|turn|1
|inactive|LukarioVGC has 30 seconds left.
|
|t:|1756221686
|move|p1a: Jumpluff|Sunny Day||[still]
|-fail|p1a: Jumpluff
|move|p1b: Charizard|Weather Ball|p2a: Bridge
|-damage|p2a: Bridge|0 fnt
|faint|p2a: Bridge
|move|p2b: tax office|Knock Off|p1b: Charizard
|-damage|p1b: Charizard|44/100
|-enditem|p1b: Charizard|Choice Specs|[from] move: Knock Off|[of] p2b: tax office
|
|-weather|SunnyDay|[upkeep]
|-damage|p1b: Charizard|31/100|[from] ability: Solar Power|[of] p1b: Charizard
|upkeep
|
|t:|1756221706
|switch|p2a: Cheeseman|Gholdengo, L50|100/100
|turn|2
|
|t:|1756221720
|move|p1a: Jumpluff|Tailwind|p1a: Jumpluff
|-sidestart|p1: AEB 328|move: Tailwind
|move|p1b: Charizard|Weather Ball|p2a: Cheeseman
|-supereffective|p2a: Cheeseman
|-damage|p2a: Cheeseman|0 fnt
|faint|p2a: Cheeseman
|move|p2b: tax office|Knock Off|p1b: Charizard
|-damage|p1b: Charizard|0 fnt
|faint|p1b: Charizard
|
|-weather|SunnyDay|[upkeep]
|upkeep
|
|t:|1756221730
|switch|p1b: Ursaluna|Ursaluna, L50, M|100/100
|switch|p2a: Pete|Pelipper, L50, M, shiny|100/100
|-weather|RainDance|[from] ability: Drizzle|[of] p2a: Pete
|turn|3
|
|t:|1756221750
|-terastallize|p1b: Ursaluna|Fairy
|-terastallize|p2b: tax office|Ghost
|move|p1a: Jumpluff|Sleep Powder|p2a: Pete
|-status|p2a: Pete|slp|[from] move: Sleep Powder
|move|p1b: Ursaluna|Headlong Rush|p2b: tax office
|-damage|p2b: tax office|38/100
|-unboost|p1b: Ursaluna|def|1
|-unboost|p1b: Ursaluna|spd|1
|cant|p2a: Pete|slp
|move|p2b: tax office|Knock Off|p1b: Ursaluna
|-resisted|p1b: Ursaluna
|-damage|p1b: Ursaluna|80/100
|-enditem|p1b: Ursaluna|Flame Orb|[from] move: Knock Off|[of] p2b: tax office
|
|-weather|RainDance|[upkeep]
|upkeep
|turn|4
|inactive|LukarioVGC has 30 seconds left.
|inactive|LukarioVGC has 20 seconds left.
|
|t:|1756221789
|move|p1a: Jumpluff|Rage Powder|p1a: Jumpluff
|-singleturn|p1a: Jumpluff|move: Rage Powder
|move|p1b: Ursaluna|Headlong Rush|p2b: tax office
|-damage|p2b: tax office|0 fnt
|-unboost|p1b: Ursaluna|def|1
|-unboost|p1b: Ursaluna|spd|1
|faint|p2b: tax office
|cant|p2a: Pete|slp
|
|-weather|RainDance|[upkeep]
|upkeep
|turn|5
|
|t:|1756221808
|move|p1a: Jumpluff|Rage Powder|p1a: Jumpluff
|-singleturn|p1a: Jumpluff|move: Rage Powder
|move|p1b: Ursaluna|Facade|p2a: Pete
|-damage|p2a: Pete|49/100 slp
|-curestatus|p2a: Pete|slp|[msg]
|move|p2a: Pete|Hurricane|p1a: Jumpluff
|-supereffective|p1a: Jumpluff
|-damage|p1a: Jumpluff|0 fnt
|faint|p1a: Jumpluff
|
|-weather|RainDance|[upkeep]
|-sideend|p1: AEB 328|move: Tailwind
|upkeep
|
|t:|1756221814
|switch|p1a: Torkoal|Torkoal, L50, M|100/100
|-weather|SunnyDay|[from] ability: Drought|[of] p1a: Torkoal
|turn|6
|
|t:|1756221828
|move|p1b: Ursaluna|Protect|p1b: Ursaluna
|-singleturn|p1b: Ursaluna|Protect
|move|p2a: Pete|Weather Ball|p1b: Ursaluna
|-activate|p1b: Ursaluna|move: Protect
|move|p1a: Torkoal|Heat Wave|p2a: Pete
|-resisted|p2a: Pete
|-damage|p2a: Pete|0 fnt
|faint|p2a: Pete
|
|win|AEB 328
||LukarioVGC is ready for game 2.
|inactive|AEB 328 has 30 seconds to confirm battle start!
||AEB 328 is ready for game 2.
|uhtml|next|Next: Game 2 of 3
|l|☆LukarioVGC
|player|p2|
