|j|☆Blood Mustard
|j|☆dracojackson
|html|Blood Mustarddracojackson    
|uhtml|bestof|Game 2 of a best-of-3
|t:|1754319933
|gametype|doubles
|player|p1|Blood Mustard|pokemonranger-gen4|1229
|player|p2|dracojackson|veteranf|1284
|gen|9
|tier|[Gen 9] VGC 2025 Reg H (Bo3)
|rated|
|rule|Species Clause: Limit one of each Pokémon
|rule|Item Clause: Limit 1 of each item
|clearpoke
|poke|p1|Maushold, L50|
|poke|p1|Annihilape, L50, M|
|poke|p1|Ursaluna-Bloodmoon, L50, M|
|poke|p1|Tyranitar, L50, M|
|poke|p1|Klefki, L50, F|
|poke|p1|Sinistcha, L50|
|poke|p2|Kommo-o, L50, M|
|poke|p2|Rillaboom, L50, M|
|poke|p2|Clefairy, L50, M|
|poke|p2|Gyarados, L50, M|
|poke|p2|Kingambit, L50, F|
|poke|p2|Sneasler, L50, M|
|teampreview|4
|showteam|p1|Maushold||SafetyGoggles|FriendGuard|BeatUp,FollowMe,Taunt,Protect||||||50|,,,,,Ghost]Annihilape||SpellTag|Defiant|DrainPunch,RageFist,BulkUp,Protect|||M|||50|,,,,,Water]Ursaluna-Bloodmoon||LifeOrb|MindsEye|BloodMoon,EarthPower,HyperVoice,Protect|||M|||50|,,,,,Normal]Tyranitar||AssaultVest|SandStream|KnockOff,RockSlide,LowKick,TeraBlast|||M|||50|,,,,,Flying]Klefki||LightClay|Prankster|DazzlingGleam,MistyTerrain,LightScreen,Reflect|||F|||50|,,,,,Ghost]Sinistcha||SitrusBerry|Hospitality|MatchaGotcha,RagePowder,LifeDew,StrengthSap||||||50|,,,,,Fairy
|showteam|p2|Kommo-o||ThroatSpray|Overcoat|Protect,ClangingScales,ClangorousSoul,Flamethrower|||M|||50|,,,,,Fire]Rillaboom||AssaultVest|GrassySurge|FakeOut,WoodHammer,GrassyGlide,Uturn|||M|||50|,,,,,Fire]Clefairy||Eviolite|FriendGuard|FollowMe,HelpingHand,Protect,LifeDew|||M|||50|,,,,,Grass]Gyarados||CovertCloak|Intimidate|Waterfall,Taunt,IronHead,ThunderWave|||M|||50|,,,,,Fairy]Kingambit||BlackGlasses|Defiant|KowtowCleave,SuckerPunch,IronHead,Protect|||F|||50|,,,,,Ghost]Sneasler||GrassySeed|Unburden|FakeOut,CloseCombat,DireClaw,Coaching|||M|||50|,,,,,Ghost
|
|t:|1754319973
|teamsize|p1|4
|teamsize|p2|4
|start
|switch|p1a: The Keys|Klefki, L50, F|100/100
|switch|p1b: Annihilape|Annihilape, L50, M|100/100
|switch|p2a: Seam|Clefairy, L50, M, shiny|100/100
|switch|p2b: Blake|Kommo-o, L50, M, shiny|100/100
|turn|1
|
|t:|1754319996
|-terastallize|p2b: Blake|Fire
|move|p2a: Seam|Follow Me|p2a: Seam
|-singleturn|p2a: Seam|move: Follow Me
|move|p1a: The Keys|Light Screen|p1a: The Keys
|-sidestart|p1: Blood Mustard|move: Light Screen
|move|p1b: Annihilape|Bulk Up|p1b: Annihilape
|-boost|p1b: Annihilape|atk|1
|-boost|p1b: Annihilape|def|1
|move|p2b: Blake|Clangorous Soul|p2b: Blake
|-boost|p2b: Blake|atk|1
|-boost|p2b: Blake|def|1
|-boost|p2b: Blake|spa|1
|-boost|p2b: Blake|spd|1
|-boost|p2b: Blake|spe|1
|-damage|p2b: Blake|68/100
|-enditem|p2b: Blake|Throat Spray
|-boost|p2b: Blake|spa|1|[from] item: Throat Spray
|
|upkeep
|turn|2
|
|t:|1754320011
|move|p1a: The Keys|Misty Terrain|p1a: The Keys
|-fieldstart|move: Misty Terrain
|move|p2b: Blake|Clangorous Soul|p2b: Blake
|-boost|p2b: Blake|atk|1
|-boost|p2b: Blake|def|1
|-boost|p2b: Blake|spa|1
|-boost|p2b: Blake|spd|1
|-boost|p2b: Blake|spe|1
|-damage|p2b: Blake|35/100
|move|p1b: Annihilape|Bulk Up|p1b: Annihilape
|-boost|p1b: Annihilape|atk|1
|-boost|p1b: Annihilape|def|1
|move|p2a: Seam|Life Dew||[still]|[spread] p2a,p2b
|-fail|p2a: Seam|heal
|-heal|p2b: Blake|60/100
|
|upkeep
|turn|3
|
|t:|1754320033
|switch|p1a: Maushold|Maushold, L50|100/100
|move|p2a: Seam|Follow Me|p2a: Seam
|-singleturn|p2a: Seam|move: Follow Me
|move|p2b: Blake|Clangorous Soul|p2b: Blake
|-boost|p2b: Blake|atk|1
|-boost|p2b: Blake|def|1
|-boost|p2b: Blake|spa|1
|-boost|p2b: Blake|spd|1
|-boost|p2b: Blake|spe|1
|-damage|p2b: Blake|28/100
|move|p1b: Annihilape|Rage Fist|p2a: Seam
|-damage|p2a: Seam|58/100
|
|upkeep
|turn|4
|
|t:|1754320061
|move|p2a: Seam|Follow Me|p2a: Seam
|-singleturn|p2a: Seam|move: Follow Me
|move|p2b: Blake|Flamethrower|p1a: Maushold
|-damage|p1a: Maushold|0 fnt
|faint|p1a: Maushold
|move|p1b: Annihilape|Bulk Up|p1b: Annihilape
|-boost|p1b: Annihilape|atk|1
|-boost|p1b: Annihilape|def|1
|
|upkeep
|
|t:|1754320073
|switch|p1a: Frank|Sinistcha, L50|100/100
|turn|5
|
|t:|1754320114
|move|p2a: Seam|Follow Me|p2a: Seam
|-singleturn|p2a: Seam|move: Follow Me
|move|p2b: Blake|Flamethrower|p1a: Frank
|-supereffective|p1a: Frank
|-damage|p1a: Frank|0 fnt
|faint|p1a: Frank
|move|p1b: Annihilape|Rage Fist|p2a: Seam
|-damage|p2a: Seam|5/100
|
|upkeep
|-message|Blood Mustard forfeited.
|
|win|dracojackson
|raw|Blood Mustard's rating: 1229 → 1208(-21 for losing)
|raw|dracojackson's rating: 1284 → 1305(+21 for winning)
|l|☆Blood Mustard
|player|p1|
