|j|☆Nosejugarbalance
|j|☆abgesaftet
|html|Nosejugarbalanceabgesaftet    
|uhtml|bestof|Game 3 of a best-of-3
|t:|1785770276
|gametype|doubles
|player|p1|Nosejugarbalance|169|1298
|player|p2|abgesaftet|ballguy|1323
|gen|9
|tier|[Gen 9 Champions] VGC 2026 Reg M-B (Bo3)
|rated|
|rule|Species Clause: Limit one of each Pokémon
|rule|Item Clause: Limit 1 of each item
|clearpoke
|poke|p1|Delphox, L50, F|
|poke|p1|Incineroar, L50, F|
|poke|p1|Sneasler, L50, F|
|poke|p1|Sinistcha, L50|
|poke|p1|Kingambit, L50, M|
|poke|p1|Azumarill, L50, F|
|poke|p2|Sneasler, L50, F|
|poke|p2|Sinistcha, L50|
|poke|p2|Incineroar, L50, M|
|poke|p2|Kingambit, L50, M|
|poke|p2|Delphox, L50, F|
|poke|p2|Blastoise, L50, M|
|teampreview|4
|showteam|p1|Delphox||Delphoxite|Blaze|HeatWave,Psychic,NastyPlot,Protect|Timid||F|||50|]Incineroar||PasshoBerry|Intimidate|FakeOut,PartingShot,FlareBlitz,HelpingHand|Impish||F|||50|]Sneasler||FocusSash|PoisonTouch|FakeOut,CloseCombat,PoisonJab,QuickGuard|Jolly||F|||50|]Sinistcha||OccaBerry|Hospitality|MatchaGotcha,TrickRoom,RagePowder,Protect|Impish|||||50|]Kingambit||BlackGlasses|Defiant|KowtowCleave,SuckerPunch,SwordsDance,Protect|Adamant||M|||50|]Azumarill||SitrusBerry|HugePower|BellyDrum,PlayRough,AquaJet,Protect|Adamant||F|||50|
|showteam|p2|Sneasler||FocusSash|PoisonTouch|FakeOut,CloseCombat,PoisonJab,QuickGuard|Jolly||F|||50|]Sinistcha||OccaBerry|Hospitality|MatchaGotcha,RagePowder,TrickRoom,Protect|Bold|||||50|]Incineroar||SitrusBerry|Intimidate|FakeOut,FlareBlitz,ThroatChop,PartingShot|Careful||M|||50|]Kingambit||LifeOrb|Defiant|KowtowCleave,SuckerPunch,SwordsDance,Protect|Adamant||M|||50|]Delphox||Delphoxite|Blaze|HeatWave,Psychic,NastyPlot,Protect|Timid||F|||50|]Blastoise||Blastoisinite|RainDish|WaterSpout,DarkPulse,ShellSmash,Protect|Modest||M|||50|
|inactive|Battle timer is ON: inactive players will automatically lose when time's up. (requested by abgesaftet)
|
|t:|1785770285
|teamsize|p1|4
|teamsize|p2|4
|start
|switch|p1a: Azumarill|Azumarill, L50, F|100/100
|switch|p1b: Sneasler|Sneasler, L50, F|100/100
|switch|p2a: Blastoise|Blastoise, L50, M|100/100
|switch|p2b: Sneasler|Sneasler, L50, F|100/100
|turn|1
|
|t:|1785770290
|detailschange|p2a: Blastoise|Blastoise-Mega, L50, M
|-mega|p2a: Blastoise|Blastoise|Blastoisinite
|move|p2b: Sneasler|Fake Out|p1a: Azumarill
|-damage|p1a: Azumarill|83/100
|move|p1b: Sneasler|Fake Out|p2b: Sneasler
|-damage|p2b: Sneasler|75/100
|move|p2a: Blastoise|Water Spout|p1a: Azumarill|[spread] p1a,p1b
|-resisted|p1a: Azumarill|1
|-damage|p1a: Azumarill|51/100
|-damage|p1b: Sneasler|4/100
|cant|p1a: Azumarill|flinch
|
|upkeep
|turn|2
|c|☆Nosejugarbalance|speed tie: the film
|
|t:|1785770309
|move|p1a: Azumarill|Protect|p1a: Azumarill
|-singleturn|p1a: Azumarill|Protect
|move|p1b: Sneasler|Close Combat|p2b: Sneasler
|-resisted|p2b: Sneasler|1
|-damage|p2b: Sneasler|20/100y
|-unboost|p1b: Sneasler|def|1
|-unboost|p1b: Sneasler|spd|1
|move|p2b: Sneasler|Poison Jab|p1a: Azumarill
|-activate|p1a: Azumarill|move: Protect
|move|p2a: Blastoise|Water Spout|p1a: Azumarill|[spread] p1b
|-activate|p1a: Azumarill|move: Protect
|-damage|p1b: Sneasler|0 fnt
|faint|p1b: Sneasler
|
|upkeep
|
|t:|1785770321
|switch|p1b: Sinistcha|Sinistcha, L50|100/100
|-heal|p1a: Azumarill|76/100|[from] ability: Hospitality|[of] p1b: Sinistcha
|turn|3
|
|t:|1785770337
|move|p1a: Azumarill|Aqua Jet|p2b: Sneasler
|-damage|p2b: Sneasler|0 fnt
|faint|p2b: Sneasler
|move|p2a: Blastoise|Dark Pulse|p1b: Sinistcha
|-supereffective|p1b: Sinistcha|1
|-damage|p1b: Sinistcha|0 fnt
|faint|p1b: Sinistcha
|
|upkeep
|
|t:|1785770349
|switch|p2b: Sinistcha|Sinistcha, L50|100/100
|switch|p1b: Kingambit|Kingambit, L50, M|100/100
|turn|4
|inactive|Nosejugarbalance has 30 seconds left.
|
|t:|1785770375
|move|p2b: Sinistcha|Rage Powder|p2b: Sinistcha
|-singleturn|p2b: Sinistcha|move: Rage Powder
|move|p2a: Blastoise|Water Spout|p1a: Azumarill|[spread] p1a,p1b
|-resisted|p1a: Azumarill|1
|-damage|p1a: Azumarill|43/100
|-damage|p1b: Kingambit|50/100g
|-enditem|p1a: Azumarill|Sitrus Berry|[eat]
|-heal|p1a: Azumarill|67/100|[from] item: Sitrus Berry
|move|p1a: Azumarill|Play Rough|p2b: Sinistcha
|-damage|p2b: Sinistcha|58/100
|move|p1b: Kingambit|Kowtow Cleave|p2b: Sinistcha
|-supereffective|p2b: Sinistcha|1
|-damage|p2b: Sinistcha|0 fnt
|faint|p2b: Sinistcha
|
|upkeep
|
|t:|1785770387
|switch|p2b: Incineroar|Incineroar, L50, M|100/100
|-ability|p2b: Incineroar|Intimidate|boost
|-unboost|p1a: Azumarill|atk|1
|-unboost|p1b: Kingambit|atk|1
|-ability|p1b: Kingambit|Defiant|boost
|-boost|p1b: Kingambit|atk|2
|turn|5
|
|t:|1785770399
|move|p2a: Blastoise|Protect|p2a: Blastoise
|-singleturn|p2a: Blastoise|Protect
|move|p1b: Kingambit|Protect|p1b: Kingambit
|-singleturn|p1b: Kingambit|Protect
|move|p2b: Incineroar|Flare Blitz|p1b: Kingambit
|-activate|p1b: Kingambit|move: Protect
|move|p1a: Azumarill|Play Rough|p2a: Blastoise
|-activate|p2a: Blastoise|move: Protect
|
|upkeep
|turn|6
|inactive|Nosejugarbalance has 30 seconds left.
|inactive|Nosejugarbalance has 20 seconds left.
|
|t:|1785770437
|move|p2a: Blastoise|Protect||[still]
|-fail|p2a: Blastoise
|move|p1b: Kingambit|Sucker Punch||[still]
|-fail|p1b: Kingambit
|move|p2b: Incineroar|Flare Blitz|p1b: Kingambit
|-supereffective|p1b: Kingambit|1
|-damage|p1b: Kingambit|0 fnt
|faint|p1b: Kingambit
|-damage|p2b: Incineroar|82/100|[from] Recoil
|move|p1a: Azumarill|Belly Drum|p1a: Azumarill
|-damage|p1a: Azumarill|17/100
|-setboost|p1a: Azumarill|atk|6|[from] move: Belly Drum
|
|upkeep
|turn|7
|inactive|Nosejugarbalance has 30 seconds left.
|
|t:|1785770465
|move|p1a: Azumarill|Protect|p1a: Azumarill
|-singleturn|p1a: Azumarill|Protect
|move|p2a: Blastoise|Dark Pulse|p1a: Azumarill
|-activate|p1a: Azumarill|move: Protect
|move|p2b: Incineroar|Flare Blitz|p1a: Azumarill
|-activate|p1a: Azumarill|move: Protect
|
|upkeep
|turn|8
|
|t:|1785770477
|move|p1a: Azumarill|Aqua Jet|p2b: Incineroar
|-supereffective|p2b: Incineroar|1
|-damage|p2b: Incineroar|0 fnt
|faint|p2b: Incineroar
|move|p2a: Blastoise|Dark Pulse|p1a: Azumarill
|-resisted|p1a: Azumarill|1
|-damage|p1a: Azumarill|0 fnt
|faint|p1a: Azumarill
|
|win|abgesaftet
