|j|☆freudianbreath
|j|☆GetaJobApplication
|html|freudianbreathGetaJobApplication    
|uhtml|bestof|Game 1 of a best-of-3
|t:|1784151339
|gametype|doubles
|player|p1|freudianbreath|2|1062
|player|p2|GetaJobApplication|cynthia|1294
|gen|9
|tier|[Gen 9 Champions] VGC 2026 Reg M-B (Bo3)
|rated|
|rule|Species Clause: Limit one of each Pokémon
|rule|Item Clause: Limit 1 of each item
|clearpoke
|poke|p1|Incineroar, L50, M|
|poke|p1|Volcarona, L50, F|
|poke|p1|Sneasler, L50, F, shiny|
|poke|p1|Sinistcha, L50|
|poke|p1|Gyarados, L50, F|
|poke|p1|Grimmsnarl, L50, M|
|poke|p2|Garchomp, L50, M|
|poke|p2|Orthworm, L50, M|
|poke|p2|Annihilape, L50, F|
|poke|p2|Sinistcha-Masterpiece, L50|
|poke|p2|Toxapex, L50, F|
|poke|p2|Tyranitar, L50, M|
|teampreview|4
|showteam|p1|Incineroar||SitrusBerry|Intimidate|FakeOut,FlareBlitz,PartingShot,HelpingHand|Impish||M|||50|]Volcarona||Leftovers|FlameBody|HeatWave,GigaDrain,QuiverDance,Protect|Modest||F|||50|]Sneasler||FocusSash|PoisonTouch|CloseCombat,PoisonJab,FakeOut,QuickGuard|Jolly||F|||50|]Sinistcha||OccaBerry|Hospitality|MatchaGotcha,RagePowder,TrickRoom,Protect|Bold|||||50|]Gyarados||Gyaradosite|Intimidate|Waterfall,LashOut,DragonDance,Protect|Adamant||F|||50|]Grimmsnarl||LightClay|Prankster|SpiritBreak,Reflect,LightScreen,PartingShot|Careful||M|||50|
|showteam|p2|Garchomp||Garchompite|RoughSkin|Earthquake,DragonClaw,RockSlide,Protect|Adamant||M|||50|]Orthworm||SitrusBerry|EarthEater|BodyPress,IronHead,ShedTail,Protect|Relaxed||M|||50|]Annihilape||FocusSash|Defiant|Coaching,PhantomForce,CloseCombat,Taunt|Adamant||F|||50|]Sinistcha-Masterpiece||KasibBerry|Hospitality|MatchaGotcha,RagePowder,TrickRoom,Protect|Bold|||||50|]Toxapex||Leftovers|Regenerator|Toxic,WideGuard,Infestation,Protect|Bold||F|||50|]Tyranitar||Tyranitarite|SandStream|RockSlide,KnockOff,Protect,LowKick|Adamant||M|||50|
|inactive|Battle timer is ON: inactive players will automatically lose when time's up. (requested by GetaJobApplication)
|inactive|freudianbreath has 60 seconds left.
|inactive|freudianbreath has 30 seconds left.
|inactive|freudianbreath has 20 seconds left.
|inactive|freudianbreath has 15 seconds left.
|inactive|freudianbreath has 10 seconds left.
|inactive|freudianbreath has 5 seconds left.
|
|t:|1784151469
|teamsize|p1|4
|teamsize|p2|4
|start
|switch|p1a: Incineroar|Incineroar, L50, M|100/100
|switch|p1b: Sinistcha|Sinistcha, L50|100/100
|switch|p2a: Annihilape|Annihilape, L50, F|100/100
|switch|p2b: Orthworm|Orthworm, L50, M|100/100
|-ability|p1a: Incineroar|Intimidate|boost
|-unboost|p2a: Annihilape|atk|1
|-ability|p2a: Annihilape|Defiant|boost
|-boost|p2a: Annihilape|atk|2
|-unboost|p2b: Orthworm|atk|1
|turn|1
|inactive|freudianbreath has 30 seconds left.
|inactive|freudianbreath has 20 seconds left.
|inactive|freudianbreath has 15 seconds left.
|inactive|freudianbreath has 10 seconds left.
|inactive|freudianbreath has 5 seconds left.
|
|t:|1784151520
|move|p1a: Incineroar|Fake Out|p2b: Orthworm
|-resisted|p2b: Orthworm|1
|-damage|p2b: Orthworm|96/100
|move|p1b: Sinistcha|Rage Powder|p1b: Sinistcha
|-singleturn|p1b: Sinistcha|move: Rage Powder
|move|p2a: Annihilape|Phantom Force||[still]
|-prepare|p2a: Annihilape|Phantom Force
|cant|p2b: Orthworm|flinch
|
|upkeep
|turn|2
|inactive|freudianbreath has 30 seconds left.
|inactive|freudianbreath has 20 seconds left.
|inactive|freudianbreath has 15 seconds left.
|
|t:|1784151564
|switch|p1b: Sneasler|Sneasler, L50, F, shiny|100/100
|move|p2a: Annihilape|Phantom Force|p1b: Sneasler|[from] lockedmove
|-enditem|p1b: Sneasler|Focus Sash
|-damage|p1b: Sneasler|1/100
|move|p1a: Incineroar|Flare Blitz|p2b: Orthworm
|-supereffective|p2b: Orthworm|1
|-damage|p2b: Orthworm|40/100
|-enditem|p2b: Orthworm|Sitrus Berry|[eat]
|-heal|p2b: Orthworm|65/100|[from] item: Sitrus Berry
|-damage|p1a: Incineroar|84/100|[from] Recoil
|move|p2b: Orthworm|Shed Tail|p2b: Orthworm
|-start|p2b: Orthworm|Substitute|[from] move: Shed Tail
|-damage|p2b: Orthworm|15/100
|
|t:|1784151574
|switch|p2b: Garchomp|Garchomp, L50, M|100/100|[from] Shed Tail
|
|upkeep
|turn|3
|inactive|freudianbreath has 30 seconds left.
|inactive|freudianbreath has 20 seconds left.
|inactive|freudianbreath has 15 seconds left.
|inactive|freudianbreath has 10 seconds left.
|inactive|freudianbreath has 5 seconds left.
|
|t:|1784151628
|switch|p1a: Sinistcha|Sinistcha, L50|100/100
|-heal|p1b: Sneasler|25/100|[from] ability: Hospitality|[of] p1a: Sinistcha
|detailschange|p2b: Garchomp|Garchomp-Mega, L50, M
|-mega|p2b: Garchomp|Garchomp|Garchompite
|move|p1b: Sneasler|Close Combat|p2b: Garchomp
|-end|p2b: Garchomp|Substitute
|-unboost|p1b: Sneasler|def|1
|-unboost|p1b: Sneasler|spd|1
|move|p2a: Annihilape|Coaching|p2b: Garchomp
|-boost|p2b: Garchomp|atk|1
|-boost|p2b: Garchomp|def|1
|move|p2b: Garchomp|Earthquake|p1b: Sneasler|[spread] p2a,p1a,p1b
|-resisted|p1a: Sinistcha|1
|-supereffective|p1b: Sneasler|1
|-damage|p2a: Annihilape|14/100
|-damage|p1a: Sinistcha|66/100
|-damage|p1b: Sneasler|0 fnt
|faint|p1b: Sneasler
|
|upkeep
|inactive|freudianbreath has 30 seconds left.
|inactive|freudianbreath has 20 seconds left.
|inactive|freudianbreath has 15 seconds left.
|inactive|freudianbreath has 10 seconds left.
|inactive|freudianbreath has 5 seconds left.
|
|t:|1784151682
|switch|p1b: Incineroar|Incineroar, L50, M|84/100
|-ability|p1b: Incineroar|Intimidate|boost
|-unboost|p2a: Annihilape|atk|1
|-ability|p2a: Annihilape|Defiant|boost
|-boost|p2a: Annihilape|atk|2
|-unboost|p2b: Garchomp|atk|1
|turn|4
|inactive|freudianbreath has 30 seconds left.
|
|t:|1784151712
|move|p2b: Garchomp|Protect|p2b: Garchomp
|-singleturn|p2b: Garchomp|Protect
|move|p1b: Incineroar|Fake Out|p2b: Garchomp
|-activate|p2b: Garchomp|move: Protect
|move|p2a: Annihilape|Coaching|p2b: Garchomp
|-boost|p2b: Garchomp|atk|1
|-boost|p2b: Garchomp|def|1
|move|p1a: Sinistcha|Trick Room|p1a: Sinistcha
|-fieldstart|move: Trick Room|[of] p1a: Sinistcha
|
|upkeep
|turn|5
|inactive|freudianbreath has 30 seconds left.
|inactive|freudianbreath has 20 seconds left.
|inactive|freudianbreath has 15 seconds left.
|
|t:|1784151753
|switch|p2a: Tyranitar|Tyranitar, L50, M|100/100
|-weather|Sandstorm|[from] ability: Sand Stream|[of] p2a: Tyranitar
|move|p1b: Incineroar|Flare Blitz|p2a: Tyranitar
|-resisted|p2a: Tyranitar|1
|-damage|p2a: Tyranitar|82/100
|-damage|p1b: Incineroar|78/100|[from] Recoil
|move|p1a: Sinistcha|Matcha Gotcha|p2b: Garchomp|[spread] p2b
|-miss|p1a: Sinistcha|p2a: Tyranitar
|-damage|p2b: Garchomp|79/100
|-heal|p1a: Sinistcha|78/100|[from] drain|[of] p2b: Garchomp
|move|p2b: Garchomp|Rock Slide|p1b: Incineroar|[spread] p1a,p1b
|-supereffective|p1b: Incineroar|1
|-damage|p1a: Sinistcha|36/100
|-damage|p1b: Incineroar|0 fnt
|faint|p1b: Incineroar
|
|-weather|Sandstorm|[upkeep]
|-damage|p1a: Sinistcha|30/100|[from] Sandstorm
|upkeep
|
|t:|1784151770
|switch|p1b: Gyarados|Gyarados, L50, F|100/100
|-ability|p1b: Gyarados|Intimidate|boost
|-unboost|p2a: Tyranitar|atk|1
|-unboost|p2b: Garchomp|atk|1
|turn|6
|inactive|freudianbreath has 30 seconds left.
|inactive|freudianbreath has 20 seconds left.
|
|t:|1784151807
|move|p1a: Sinistcha|Protect|p1a: Sinistcha
|-singleturn|p1a: Sinistcha|Protect
|move|p1b: Gyarados|Protect|p1b: Gyarados
|-singleturn|p1b: Gyarados|Protect
|move|p2a: Tyranitar|Knock Off|p1a: Sinistcha
|-activate|p1a: Sinistcha|move: Protect
|move|p2b: Garchomp|Rock Slide|p1b: Gyarados|[spread] 
|-activate|p1a: Sinistcha|move: Protect
|-activate|p1b: Gyarados|move: Protect
|
|-weather|Sandstorm|[upkeep]
|-damage|p1a: Sinistcha|24/100|[from] Sandstorm
|-damage|p1b: Gyarados|93/100|[from] Sandstorm
|upkeep
|turn|7
|inactive|freudianbreath has 30 seconds left.
|
|t:|1784151846
|detailschange|p1b: Gyarados|Gyarados-Mega, L50, F
|-mega|p1b: Gyarados|Gyarados|Gyaradosite
|-ability|p1b: Gyarados|Mold Breaker
|move|p2a: Tyranitar|Knock Off|p1a: Sinistcha
|-supereffective|p1a: Sinistcha|1
|-damage|p1a: Sinistcha|0 fnt
|-enditem|p1a: Sinistcha|Occa Berry|[from] move: Knock Off|[of] p2a: Tyranitar
|faint|p1a: Sinistcha
|move|p2b: Garchomp|Rock Slide|p1b: Gyarados
|-damage|p1b: Gyarados|55/100
|move|p1b: Gyarados|Waterfall|p2a: Tyranitar
|-supereffective|p2a: Tyranitar|1
|-damage|p2a: Tyranitar|5/100
|
|-weather|Sandstorm|[upkeep]
|-damage|p1b: Gyarados|49/100|[from] Sandstorm
|upkeep
|turn|8
|inactive|freudianbreath has 30 seconds left.
|inactive|freudianbreath has 20 seconds left.
|
|t:|1784151882
|switch|p2a: Orthworm|Orthworm, L50, M|15/100
|move|p1b: Gyarados|Protect|p1b: Gyarados
|-singleturn|p1b: Gyarados|Protect
|move|p2b: Garchomp|Earthquake|p1b: Gyarados|[spread] 
|-activate|p1b: Gyarados|move: Protect
|-heal|p2a: Orthworm|40/100|[from] ability: Earth Eater|[of] p2b: Garchomp
|
|-weather|Sandstorm|[upkeep]
|-damage|p1b: Gyarados|43/100|[from] Sandstorm
|-fieldend|move: Trick Room
|upkeep
|turn|9
|inactive|freudianbreath has 30 seconds left.
|
|t:|1784151905
|move|p1b: Gyarados|Waterfall|p2a: Orthworm
|-damage|p2a: Orthworm|10/100
|move|p2b: Garchomp|Earthquake|p1b: Gyarados|[spread] p1b
|-heal|p2a: Orthworm|35/100|[from] ability: Earth Eater|[of] p2b: Garchomp
|-damage|p1b: Gyarados|0 fnt
|faint|p1b: Gyarados
|
|win|GetaJobApplication
||GetaJobApplication is ready for game 2.
|inactive|freudianbreath has 30 seconds to confirm battle start!
||freudianbreath is ready for game 2.
|uhtml|next|Next: Game 2 of 3
