|j|Ōśåuscorp
|j|Ōśåexessvgc
|html|uscorpexessvgc    
|uhtml|bestof|Game 1 of a best-of-3
|t:|1784029200
|gametype|doubles
|player|p1|uscorp|265|
|player|p2|exessvgc|lucas|
|gen|9
|tier|[Gen 9 Champions] VGC 2026 Reg M-B (Bo3)
|rule|Species Clause: Limit one of each Pok├®mon
|rule|Item Clause: Limit 1 of each item
|clearpoke
|poke|p1|Swampert, L50, F|
|poke|p1|Venusaur, L50, F|
|poke|p1|Pelipper, L50, F|
|poke|p1|Grimmsnarl, L50, M|
|poke|p1|Archaludon, L50, M|
|poke|p1|Gholdengo, L50|
|poke|p2|Farigiraf, L50, F|
|poke|p2|Aerodactyl, L50, F|
|poke|p2|Sylveon, L50, M|
|poke|p2|Kingambit, L50, M|
|poke|p2|Garchomp, L50, M|
|poke|p2|Charizard, L50, M|
|teampreview|4
|showteam|p1|Swampert||Swampertite|Torrent|WaveCrash,FlipTurn,HighHorsepower,Protect|Adamant||F|||50|]Venusaur||Venusaurite|Chlorophyll|GigaDrain,SludgeBomb,EarthPower,Protect|Modest||F|||50|]Pelipper||FocusSash|Drizzle|Tailwind,WeatherBall,Hurricane,Protect|Timid||F|||50|]Grimmsnarl||LightClay|Prankster|Reflect,LightScreen,PartingShot,SpiritBreak|Careful||M|||50|]Archaludon||Leftovers|Stamina|ElectroShot,DragonPulse,FlashCannon,Protect|Calm||M|||50|]Gholdengo||ChoiceScarf|GoodasGold|Trick,MakeItRain,ShadowBall,PowerGem|Timid|||||50|
|showteam|p2|Farigiraf||SitrusBerry|ArmorTail|TrickRoom,TwinBeam,HelpingHand,Thunderbolt|Bold||F|||50|]Aerodactyl||Aerodactylite|Unnerve|RockSlide,Protect,Tailwind,Taunt|Jolly||F|||50|]Sylveon||FairyFeather|Pixilate|HyperVoice,HyperBeam,Protect,ShadowBall|Modest||M|||50|]Kingambit||FocusSash|Defiant|KowtowCleave,SuckerPunch,SwordsDance,Protect|Adamant||M|||50|]Garchomp||LifeOrb|RoughSkin|DragonClaw,Earthquake,RockSlide,Protect|Adamant||M|||50|]Charizard||CharizarditeY|Blaze|WeatherBall,HeatWave,SolarBeam,Protect|Modest||M|||50|
|l|Ōśåexessvgc
|player|p2|
|j|Ōśåexessvgc
|player|p2|exessvgc|lucas|
|
|t:|1784029249
|teamsize|p1|4
|teamsize|p2|4
|start
|switch|p1a: Astrid|Archaludon, L50, M|100/100
|switch|p1b: Sesso guy|Grimmsnarl, L50, M|100/100
|switch|p2a: Charizard|Charizard, L50, M|100/100
|switch|p2b: Garchomp|Garchomp, L50, M|100/100
|turn|1
|l|Ōśåexessvgc
|player|p2|
|j|Ōśåexessvgc
|player|p2|exessvgc|lucas|
|l|Ōśåexessvgc
|player|p2|
|j|Ōśåexessvgc
|player|p2|exessvgc|lucas|
|
|t:|1784029317
|switch|p2b: LA GIRAFFA|Farigiraf, L50, F|100/100
|detailschange|p2a: Charizard|Charizard-Mega-Y, L50, M
|-mega|p2a: Charizard|Charizard|Charizardite Y
|-weather|SunnyDay|[from] ability: Drought|[of] p2a: Charizard
|move|p1a: Astrid|Protect|p1a: Astrid
|-singleturn|p1a: Astrid|Protect
|move|p1b: Sesso guy|Reflect|p1b: Sesso guy
|-sidestart|p1: uscorp|Reflect
|move|p2a: Charizard|Weather Ball|p1a: Astrid
|-activate|p1a: Astrid|move: Protect
|
|-weather|SunnyDay|[upkeep]
|upkeep
|turn|2
|l|Ōśåexessvgc
|player|p2|
|j|Ōśåexessvgc
|player|p2|exessvgc|lucas|
|
|t:|1784029343
|move|p1b: Sesso guy|Light Screen|p1b: Sesso guy
|-sidestart|p1: uscorp|move: Light Screen
|move|p2a: Charizard|Weather Ball|p1a: Astrid
|-damage|p1a: Astrid|48/100
|-ability|p1a: Astrid|Stamina|boost
|-boost|p1a: Astrid|def|1
|move|p1a: Astrid|Electro Shot||[still]
|-prepare|p1a: Astrid|Electro Shot
|-boost|p1a: Astrid|spa|1
|move|p2b: LA GIRAFFA|Thunderbolt|p1b: Sesso guy
|-damage|p1b: Sesso guy|86/100
|
|-weather|SunnyDay|[upkeep]
|-heal|p1a: Astrid|54/100|[from] item: Leftovers
|upkeep
|turn|3
|l|Ōśåexessvgc
|player|p2|
|j|Ōśåexessvgc
|player|p2|exessvgc|lucas|
|l|Ōśåexessvgc
|player|p2|
|j|Ōśåexessvgc
|player|p2|exessvgc|lucas|
|l|Ōśåexessvgc
|player|p2|
|j|Ōśåexessvgc
|player|p2|exessvgc|lucas|
|
|t:|1784029422
|switch|p2a: Garchomp|Garchomp, L50, M|100/100
|move|p1a: Astrid|Electro Shot|p2b: LA GIRAFFA|[from] lockedmove
|-damage|p2b: LA GIRAFFA|54/100
|move|p2b: LA GIRAFFA|Thunderbolt|p1b: Sesso guy
|-damage|p1b: Sesso guy|72/100
|move|p1b: Sesso guy|Spirit Break|p2a: Garchomp
|-supereffective|p2a: Garchomp|1
|-damage|p2a: Garchomp|43/100
|-unboost|p2a: Garchomp|spa|1
|-damage|p1b: Sesso guy|59/100|[from] ability: Rough Skin|[of] p2a: Garchomp
|
|-weather|SunnyDay|[upkeep]
|-heal|p1a: Astrid|60/100|[from] item: Leftovers
|upkeep
|turn|4
|l|Ōśåexessvgc
|player|p2|
|j|Ōśåexessvgc
|player|p2|exessvgc|lucas|
|
|t:|1784029488
|switch|p2a: Kingambit|Kingambit, L50, M|100/100
|move|p1a: Astrid|Dragon Pulse|p2b: LA GIRAFFA
|-damage|p2b: LA GIRAFFA|4/100
|-enditem|p2b: LA GIRAFFA|Sitrus Berry|[eat]
|-heal|p2b: LA GIRAFFA|29/100|[from] item: Sitrus Berry
|move|p2b: LA GIRAFFA|Thunderbolt|p1b: Sesso guy
|-damage|p1b: Sesso guy|47/100
|move|p1b: Sesso guy|Spirit Break|p2a: Kingambit
|-damage|p2a: Kingambit|76/100
|-unboost|p2a: Kingambit|spa|1
|-ability|p2a: Kingambit|Defiant|boost
|-boost|p2a: Kingambit|atk|2
|
|-weather|SunnyDay|[upkeep]
|-heal|p1a: Astrid|67/100|[from] item: Leftovers
|upkeep
|turn|5
|l|Ōśåexessvgc
|player|p2|
|j|Ōśåexessvgc
|player|p2|exessvgc|lucas|
|
|t:|1784029528
|move|p2b: LA GIRAFFA|Helping Hand|p2a: Kingambit
|-singleturn|p2a: Kingambit|Helping Hand|[of] p2b: LA GIRAFFA
|move|p1a: Astrid|Dragon Pulse|p2b: LA GIRAFFA
|-damage|p2b: LA GIRAFFA|0 fnt
|faint|p2b: LA GIRAFFA
|move|p2a: Kingambit|Kowtow Cleave|p1a: Astrid
|-damage|p1a: Astrid|22/100
|-ability|p1a: Astrid|Stamina|boost
|-boost|p1a: Astrid|def|1
|move|p1b: Sesso guy|Spirit Break|p2a: Kingambit
|-damage|p2a: Kingambit|53/100
|-unboost|p2a: Kingambit|spa|1
|-ability|p2a: Kingambit|Defiant|boost
|-boost|p2a: Kingambit|atk|2
|
|-weather|none
|-heal|p1a: Astrid|28/100|[from] item: Leftovers
|upkeep
|
|t:|1784029542
|switch|p2b: Garchomp|Garchomp, L50, M|43/100
|turn|6
|l|Ōśåexessvgc
|player|p2|
|j|Ōśåexessvgc
|player|p2|exessvgc|lucas|
|
|t:|1784029588
|switch|p1b: Pappagallo|Pelipper, L50, F|100/100
|-weather|RainDance|[from] ability: Drizzle|[of] p1b: Pappagallo
|move|p2b: Garchomp|Protect|p2b: Garchomp
|-singleturn|p2b: Garchomp|Protect
|move|p2a: Kingambit|Sucker Punch|p1a: Astrid
|-damage|p1a: Astrid|0 fnt
|faint|p1a: Astrid
|
|-weather|RainDance|[upkeep]
|upkeep
|l|Ōśåexessvgc
|player|p2|
|j|Ōśåexessvgc
|player|p2|exessvgc|lucas|
|
|t:|1784029611
|switch|p1a: Alastor|Venusaur, L50, F|100/100
|turn|7
|l|Ōśåexessvgc
|player|p2|
|j|Ōśåexessvgc
|player|p2|exessvgc|lucas|
|
|t:|1784029639
|switch|p1b: Sesso guy|Grimmsnarl, L50, M|47/100
|switch|p2b: Charizard|Charizard-Mega-Y, L50, M|100/100
|-weather|SunnyDay|[from] ability: Drought|[of] p2b: Charizard
|detailschange|p1a: Alastor|Venusaur-Mega, L50, F
|-mega|p1a: Alastor|Venusaur|Venusaurite
|move|p2a: Kingambit|Protect|p2a: Kingambit
|-singleturn|p2a: Kingambit|Protect
|move|p1a: Alastor|Earth Power|p2a: Kingambit
|-activate|p2a: Kingambit|move: Protect
|
|-weather|SunnyDay|[upkeep]
|upkeep
|turn|8
|l|Ōśåexessvgc
|player|p2|
|j|Ōśåexessvgc
|player|p2|exessvgc|lucas|
|l|Ōśåexessvgc
|player|p2|
|j|Ōśåexessvgc
|player|p2|exessvgc|lucas|
|l|Ōśåexessvgc
|player|p2|
|j|Ōśåexessvgc
|player|p2|exessvgc|lucas|
|
|t:|1784029707
|switch|p1a: Pappagallo|Pelipper, L50, F|100/100
|-weather|RainDance|[from] ability: Drizzle|[of] p1a: Pappagallo
|move|p2a: Kingambit|Sucker Punch||[still]
|-fail|p2a: Kingambit
|move|p1b: Sesso guy|Parting Shot|p1a: Pappagallo
|-unboost|p1a: Pappagallo|atk|1
|-unboost|p1a: Pappagallo|spa|1
|
|t:|1784029719
|switch|p1b: Alastor|Venusaur-Mega, L50, F|100/100|[from] Parting Shot
|move|p2b: Charizard|Heat Wave|p1b: Alastor|[spread] p1a
|-miss|p2b: Charizard|p1b: Alastor
|-resisted|p1a: Pappagallo|1
|-damage|p1a: Pappagallo|90/100
|
|-weather|RainDance|[upkeep]
|-sideend|p1: uscorp|Reflect
|upkeep
|turn|9
|l|Ōśåexessvgc
|player|p2|
|j|Ōśåexessvgc
|player|p2|exessvgc|lucas|
|l|Ōśåexessvgc
|player|p2|
|j|Ōśåexessvgc
|player|p2|exessvgc|lucas|
|
|t:|1784029779
|switch|p2b: Garchomp|Garchomp, L50, M|43/100
|move|p2a: Kingambit|Sucker Punch|p1b: Alastor
|-damage|p1b: Alastor|0 fnt
|faint|p1b: Alastor
|move|p1a: Pappagallo|Tailwind|p1a: Pappagallo
|-sidestart|p1: uscorp|move: Tailwind
|
|-weather|RainDance|[upkeep]
|-sideend|p1: uscorp|move: Light Screen
|upkeep
|
|t:|1784029788
|switch|p1b: Sesso guy|Grimmsnarl, L50, M|47/100
|turn|10
|l|Ōśåexessvgc
|player|p2|
|j|Ōśåexessvgc
|player|p2|exessvgc|lucas|
|
|t:|1784029820
|move|p2a: Kingambit|Sucker Punch|p1a: Pappagallo
|-damage|p1a: Pappagallo|0 fnt
|faint|p1a: Pappagallo
|move|p1b: Sesso guy|Spirit Break|p2a: Kingambit
|-damage|p2a: Kingambit|28/100
|-unboost|p2a: Kingambit|spa|1
|-ability|p2a: Kingambit|Defiant|boost
|-boost|p2a: Kingambit|atk|2
|move|p2b: Garchomp|Rock Slide|p1b: Sesso guy
|-damage|p1b: Sesso guy|9/100
|-damage|p2b: Garchomp|33/100|[from] item: Life Orb
|
|-weather|RainDance|[upkeep]
|upkeep
|turn|11
|
|t:|1784029838
|move|p2a: Kingambit|Sucker Punch|p1b: Sesso guy
|-resisted|p1b: Sesso guy|2
|-damage|p1b: Sesso guy|0 fnt
|faint|p1b: Sesso guy
|
|win|exessvgc
|l|Ōśåuscorp
|player|p1|
|inactive|uscorp has 30 seconds to confirm battle start!
|inactive|exessvgc has 30 seconds to confirm battle start!
|l|Ōśåexessvgc
|player|p2|
|inactive|uscorp has 20 seconds to confirm battle start!
|inactive|exessvgc has 20 seconds to confirm battle start!
||exessvgc is ready for game 2.
|inactive|uscorp has 9 seconds to confirm battle start!
|j|Ōśåuscorp
|player|p1|uscorp|265|
|uhtml|next|Next: Game 2 of 3
|j|Ōśåexessvgc
|player|p2|exessvgc|lucas|
