|j|☆Bandoboi
|j|☆okkoso
|html|Bandoboiokkoso    
|uhtml|bestof|Game 1 of a best-of-3
|t:|1756679357
|gametype|doubles
|player|p1|Bandoboi|alder|1000
|player|p2|okkoso|waiter-gen4dp|1056
|gen|9
|tier|[Gen 9] VGC 2025 Reg H (Bo3)
|rated|
|rule|Species Clause: Limit one of each Pokémon
|rule|Item Clause: Limit 1 of each item
|clearpoke
|poke|p1|Porygon2, L50|
|poke|p1|Ursaluna, L50, F|
|poke|p1|Torkoal, L50, M|
|poke|p1|Incineroar, L50, M|
|poke|p1|Charizard, L50, M|
|poke|p1|Jumpluff, L50, F|
|poke|p2|Incineroar, L50, F|
|poke|p2|Gholdengo, L50|
|poke|p2|Dragonite, L50, F|
|poke|p2|Amoonguss, L50, M|
|poke|p2|Ursaluna-Bloodmoon, L50, M|
|poke|p2|Sneasler, L50, F|
|teampreview|4
|showteam|p1|Porygon2||Eviolite|Download|TrickRoom,Recover,IceBeam,TeraBlast||||||50|,,,,,Fighting]Ursaluna||FlameOrb|Guts|Facade,HeadlongRush,Protect,Earthquake|||F|||50|,,,,,Ghost]Torkoal||EjectPack|Drought|Eruption,Overheat,HelpingHand,Protect|||M|||50|,,,,,Fire]Incineroar||SafetyGoggles|Intimidate|KnockOff,PartingShot,FakeOut,FlareBlitz|||M|||50|,,,,,Fire]Charizard||ChoiceSpecs|SolarPower|HeatWave,Overheat,AirSlash,WeatherBall|||M|||50|,,,,,Ghost]Jumpluff||CovertCloak|Chlorophyll|Tailwind,SleepPowder,RagePowder,SunnyDay|||F|||50|,,,,,Water
|showteam|p2|Incineroar||SafetyGoggles|Intimidate|FlareBlitz,KnockOff,PartingShot,FakeOut|||F|||50|,,,,,Ghost]Gholdengo||LifeOrb|GoodasGold|MakeItRain,ShadowBall,NastyPlot,Protect||||||50|,,,,,Water]Dragonite||LoadedDice|Multiscale|ScaleShot,Tailwind,Haze,Protect|||F|||50|,,,,,Fairy]Amoonguss||SitrusBerry|Regenerator|Spore,RagePowder,PollenPuff,Protect|||M|||50|,,,,,Psychic]Ursaluna-Bloodmoon||AssaultVest|MindsEye|HyperVoice,BloodMoon,EarthPower,VacuumWave|||M|||50|,,,,,Water]Sneasler||FocusSash|Unburden|CloseCombat,DireClaw,ThroatChop,Protect|||F|||50|,,,,,Stellar
|inactive|Battle timer is ON: inactive players will automatically lose when time's up. (requested by Bandoboi)
|
|t:|1756679376
|teamsize|p1|4
|teamsize|p2|4
|start
|switch|p1a: Porygon2|Porygon2, L50, shiny|100/100
|switch|p1b: Charizard|Charizard, L50, M, shiny|100/100
|switch|p2a: Incineroar|Incineroar, L50, F|100/100
|switch|p2b: Ursaluna|Ursaluna-Bloodmoon, L50, M|100/100
|-ability|p2a: Incineroar|Intimidate|boost
|-unboost|p1a: Porygon2|atk|1
|-unboost|p1b: Charizard|atk|1
|-ability|p1a: Porygon2|Download|boost
|-boost|p1a: Porygon2|spa|1
|turn|1
|inactive|okkoso has 30 seconds left.
|
|t:|1756679401
|switch|p1b: Incineroar|Incineroar, L50, M|100/100
|-ability|p1b: Incineroar|Intimidate|boost
|-unboost|p2a: Incineroar|atk|1
|-unboost|p2b: Ursaluna|atk|1
|-terastallize|p1a: Porygon2|Fighting
|move|p2a: Incineroar|Fake Out|p1b: Incineroar
|-damage|p1b: Incineroar|93/100
|move|p2b: Ursaluna|Blood Moon|p1b: Incineroar
|-damage|p1b: Incineroar|38/100
|move|p1a: Porygon2|Tera Blast|p2b: Ursaluna|[anim] Tera Blast Fighting
|-supereffective|p2b: Ursaluna
|-damage|p2b: Ursaluna|44/100
|
|upkeep
|turn|2
|inactive|okkoso has 30 seconds left.
|
|t:|1756679435
|switch|p2b: Gholdengo|Gholdengo, L50|100/100
|-terastallize|p2a: Incineroar|Ghost
|move|p1b: Incineroar|Fake Out|p2b: Gholdengo
|-immune|p2b: Gholdengo
|move|p2a: Incineroar|Knock Off|p1b: Incineroar
|-resisted|p1b: Incineroar
|-damage|p1b: Incineroar|25/100
|-enditem|p1b: Incineroar|Safety Goggles|[from] move: Knock Off|[of] p2a: Incineroar
|move|p1a: Porygon2|Tera Blast|p2a: Incineroar|[anim] Tera Blast Fighting
|-immune|p2a: Incineroar
|
|upkeep
|turn|3
|
|t:|1756679459
|move|p2b: Gholdengo|Nasty Plot|p2b: Gholdengo
|-boost|p2b: Gholdengo|spa|2
|move|p2a: Incineroar|Parting Shot|p1a: Porygon2
|-unboost|p1a: Porygon2|atk|1
|-unboost|p1a: Porygon2|spa|1
|
|t:|1756679468
|switch|p2a: Ursaluna|Ursaluna-Bloodmoon, L50, M|44/100|[from] Parting Shot
|move|p1b: Incineroar|Knock Off|p2b: Gholdengo
|-supereffective|p2b: Gholdengo
|-damage|p2b: Gholdengo|23/100
|-enditem|p2b: Gholdengo|Life Orb|[from] move: Knock Off|[of] p1b: Incineroar
|move|p1a: Porygon2|Tera Blast|p2b: Gholdengo|[anim] Tera Blast Fighting
|-immune|p2b: Gholdengo
|
|upkeep
|turn|4
|
|t:|1756679487
|move|p2b: Gholdengo|Make It Rain|p1b: Incineroar|[spread] p1a,p1b
|-resisted|p1b: Incineroar
|-damage|p1a: Porygon2|44/100
|-damage|p1b: Incineroar|0 fnt
|-unboost|p2b: Gholdengo|spa|1
|faint|p1b: Incineroar
|move|p2a: Ursaluna|Earth Power|p1a: Porygon2
|-damage|p1a: Porygon2|17/100
|move|p1a: Porygon2|Tera Blast|p2a: Ursaluna|[anim] Tera Blast Fighting
|-supereffective|p2a: Ursaluna
|-damage|p2a: Ursaluna|10/100
|
|upkeep
|
|t:|1756679500
|switch|p1b: Torkoal|Torkoal, L50, M|100/100
|-weather|SunnyDay|[from] ability: Drought|[of] p1b: Torkoal
|turn|5
|
|t:|1756679508
|move|p2b: Gholdengo|Make It Rain|p1b: Torkoal|[spread] p1a,p1b
|-resisted|p1b: Torkoal
|-damage|p1a: Porygon2|0 fnt
|-damage|p1b: Torkoal|42/100
|-unboost|p2b: Gholdengo|spa|1
|faint|p1a: Porygon2
|move|p2a: Ursaluna|Earth Power|p1b: Torkoal
|-supereffective|p1b: Torkoal
|-damage|p1b: Torkoal|0 fnt
|faint|p1b: Torkoal
|
|-weather|SunnyDay|[upkeep]
|upkeep
|
|t:|1756679524
|switch|p1a: Charizard|Charizard, L50, M, shiny|100/100
|turn|6
|
|t:|1756679536
|move|p1a: Charizard|Heat Wave|p2b: Gholdengo|[spread] p2a,p2b
|-supereffective|p2b: Gholdengo
|-damage|p2a: Ursaluna|0 fnt
|-damage|p2b: Gholdengo|0 fnt
|faint|p2a: Ursaluna
|faint|p2b: Gholdengo
|
|-weather|SunnyDay|[upkeep]
|-damage|p1a: Charizard|88/100|[from] ability: Solar Power|[of] p1a: Charizard
|upkeep
|
|t:|1756679540
|switch|p2b: Incineroar|Incineroar, L50, F, tera:Ghost|100/100
|switch|p2a: Dragonite|Dragonite, L50, F|100/100
|-ability|p2b: Incineroar|Intimidate|boost
|-unboost|p1a: Charizard|atk|1
|turn|7
|
|t:|1756679552
|move|p2b: Incineroar|Fake Out|p1a: Charizard
|-damage|p1a: Charizard|71/100
|cant|p1a: Charizard|flinch
|move|p2a: Dragonite|Scale Shot|p1a: Charizard
|-damage|p1a: Charizard|51/100
|-damage|p1a: Charizard|30/100
|-damage|p1a: Charizard|10/100
|-damage|p1a: Charizard|0 fnt
|faint|p1a: Charizard
|-hitcount|p1: Charizard|4
|
|win|okkoso
|l|☆Bandoboi
|player|p1|
|inactive|Bandoboi has 30 seconds to confirm battle start!
|inactive|okkoso has 30 seconds to confirm battle start!
|inactive|Bandoboi has 20 seconds to confirm battle start!
|inactive|okkoso has 20 seconds to confirm battle start!
|inactive|Bandoboi has 10 seconds to confirm battle start!
|inactive|okkoso has 10 seconds to confirm battle start!
||okkoso is ready for game 2.
|uhtml|next|Next: Game 2 of 3
