|j|☆fergalhopper
|j|☆GalickGunAttack
|html|fergalhopperGalickGunAttack    
|uhtml|bestof|Game 2 of a best-of-3
|t:|1784918018
|gametype|doubles
|player|p1|fergalhopper|169|1093
|player|p2|GalickGunAttack|acetrainersnow|1152
|gen|9
|tier|[Gen 9 Champions] VGC 2026 Reg M-B (Bo3)
|rated|
|rule|Species Clause: Limit one of each Pokémon
|rule|Item Clause: Limit 1 of each item
|clearpoke
|poke|p1|Blaziken, L50, M|
|poke|p1|Whimsicott, L50, F|
|poke|p1|Maushold, L50|
|poke|p1|Gholdengo, L50|
|poke|p1|Tsareena, L50, F|
|poke|p1|Annihilape, L50, F|
|poke|p2|Farigiraf, L50, F|
|poke|p2|Staraptor, L50, M|
|poke|p2|Incineroar, L50, F|
|poke|p2|Whimsicott, L50, F|
|poke|p2|Garchomp, L50, F|
|poke|p2|Kingambit, L50, F|
|teampreview|4
|showteam|p1|Blaziken||Blazikenite|SpeedBoost|FlareBlitz,CloseCombat,RockSlide,Protect|Adamant||M|||50|]Whimsicott||FocusSash|Prankster|Moonblast,Tailwind,Charm,Protect|Timid||F|||50|]Maushold||WideLens|Technician|Protect,PopulationBomb,Feint,FollowMe|Adamant|||||50|]Gholdengo||LifeOrb|GoodasGold|MakeItRain,ShadowBall,NastyPlot,Protect|Modest|||||50|]Tsareena||LightClay|QueenlyMajesty|TropKick,LightScreen,Reflect,Taunt|Careful||F|||50|]Annihilape||SitrusBerry|Defiant|PhantomForce,CloseCombat,RockTomb,Protect|Adamant||F|||50|
|showteam|p2|Farigiraf||SitrusBerry|ArmorTail|DazzlingGleam,HelpingHand,LightScreen,TwinBeam|Calm||F|||50|]Staraptor||Staraptite|Intimidate|BraveBird,CloseCombat,DualWingbeat,Protect|Jolly||M|||50|]Incineroar||ChopleBerry|Intimidate|FakeOut,FlareBlitz,LashOut,PartingShot|Adamant||F|||50|]Whimsicott||FocusSash|Prankster|Tailwind,Moonblast,Charm,Taunt|Jolly||F|||50|]Garchomp||RoseliBerry|RoughSkin|Earthquake,Protect,DragonClaw,RockSlide|Adamant||F|||50|]Kingambit||BlackGlasses|Defiant|KowtowCleave,IronHead,SuckerPunch,Protect|Adamant||F|||50|
|inactive|Battle timer is ON: inactive players will automatically lose when time's up. (requested by fergalhopper)
|
|t:|1784918085
|teamsize|p1|4
|teamsize|p2|4
|start
|switch|p1a: Whimsicott|Whimsicott, L50, F|100/100
|switch|p1b: Annihilape|Annihilape, L50, F|100/100
|switch|p2a: Farigiraf|Farigiraf, L50, F|100/100
|switch|p2b: Incineroar|Incineroar, L50, F|100/100
|-ability|p2b: Incineroar|Intimidate|boost
|-unboost|p1a: Whimsicott|atk|1
|-unboost|p1b: Annihilape|atk|1
|-ability|p1b: Annihilape|Defiant|boost
|-boost|p1b: Annihilape|atk|2
|turn|1
|inactive|fergalhopper has 30 seconds left.
|
|t:|1784918114
|move|p1a: Whimsicott|Protect|p1a: Whimsicott
|-singleturn|p1a: Whimsicott|Protect
|move|p2b: Incineroar|Fake Out|p1a: Whimsicott
|-activate|p1a: Whimsicott|move: Protect
|move|p1b: Annihilape|Rock Tomb|p2b: Incineroar
|-supereffective|p2b: Incineroar|1
|-damage|p2b: Incineroar|42/100
|-unboost|p2b: Incineroar|spe|1
|move|p2a: Farigiraf|Twin Beam|p1b: Annihilape
|-supereffective|p1b: Annihilape|1
|-damage|p1b: Annihilape|72/100
|-supereffective|p1b: Annihilape|1
|-damage|p1b: Annihilape|46/100
|-enditem|p1b: Annihilape|Sitrus Berry|[eat]
|-heal|p1b: Annihilape|71/100|[from] item: Sitrus Berry
|-hitcount|p1b: Annihilape|2
|
|upkeep
|turn|2
|inactive|fergalhopper has 30 seconds left.
|inactive|GalickGunAttack has 30 seconds left.
|inactive|GalickGunAttack has 20 seconds left.
|
|t:|1784918152
|switch|p2b: Kingambit|Kingambit, L50, F|100/100
|move|p1a: Whimsicott|Tailwind|p1a: Whimsicott
|-sidestart|p1: fergalhopper|move: Tailwind
|move|p1b: Annihilape|Rock Tomb|p2b: Kingambit
|-resisted|p2b: Kingambit|1
|-crit|p2b: Kingambit
|-damage|p2b: Kingambit|84/100
|-unboost|p2b: Kingambit|spe|1
|-ability|p2b: Kingambit|Defiant|boost
|-boost|p2b: Kingambit|atk|2
|move|p2a: Farigiraf|Twin Beam|p1b: Annihilape
|-supereffective|p1b: Annihilape|1
|-damage|p1b: Annihilape|43/100
|-supereffective|p1b: Annihilape|1
|-damage|p1b: Annihilape|13/100
|-hitcount|p1b: Annihilape|2
|
|upkeep
|turn|3
|
|t:|1784918176
|move|p1b: Annihilape|Protect|p1b: Annihilape
|-singleturn|p1b: Annihilape|Protect
|move|p2b: Kingambit|Sucker Punch||[still]
|-fail|p2b: Kingambit
|move|p1a: Whimsicott|Moonblast|p2b: Kingambit
|-damage|p2b: Kingambit|48/100
|move|p2a: Farigiraf|Dazzling Gleam|p1a: Whimsicott|[spread] p1a
|-activate|p1b: Annihilape|move: Protect
|-damage|p1a: Whimsicott|76/100
|
|upkeep
|turn|4
|
|t:|1784918192
|move|p2b: Kingambit|Protect|p2b: Kingambit
|-singleturn|p2b: Kingambit|Protect
|move|p1a: Whimsicott|Moonblast|p2b: Kingambit
|-activate|p2b: Kingambit|move: Protect
|move|p1b: Annihilape|Phantom Force||[still]
|-prepare|p1b: Annihilape|Phantom Force
|move|p2a: Farigiraf|Light Screen|p2a: Farigiraf
|-sidestart|p2: GalickGunAttack|move: Light Screen
|
|upkeep
|turn|5
|
|t:|1784918207
|move|p2b: Kingambit|Sucker Punch|p1a: Whimsicott
|-resisted|p1a: Whimsicott|1
|-damage|p1a: Whimsicott|14/100
|move|p1a: Whimsicott|Moonblast|p2b: Kingambit
|-damage|p2b: Kingambit|26/100
|move|p1b: Annihilape|Phantom Force|p2b: Kingambit|[from] lockedmove
|-resisted|p2b: Kingambit|1
|-damage|p2b: Kingambit|1/100
|move|p2a: Farigiraf|Dazzling Gleam|p1b: Annihilape|[spread] p1a,p1b
|-supereffective|p1b: Annihilape|1
|-damage|p1a: Whimsicott|0 fnt
|-damage|p1b: Annihilape|0 fnt
|faint|p1a: Whimsicott
|faint|p1b: Annihilape
|
|-sideend|p1: fergalhopper|move: Tailwind
|upkeep
|
|t:|1784918222
|switch|p1a: Gholdengo|Gholdengo, L50|100/100
|switch|p1b: Blaziken|Blaziken, L50, M|100/100
|turn|6
|
|t:|1784918236
|detailschange|p1b: Blaziken|Blaziken-Mega, L50, M
|-mega|p1b: Blaziken|Blaziken|Blazikenite
|move|p2b: Kingambit|Protect|p2b: Kingambit
|-singleturn|p2b: Kingambit|Protect
|move|p1b: Blaziken|Rock Slide|p2a: Farigiraf|[spread] p2a
|-activate|p2b: Kingambit|move: Protect
|-damage|p2a: Farigiraf|72/100
|move|p1a: Gholdengo|Nasty Plot|p1a: Gholdengo
|-boost|p1a: Gholdengo|spa|2
|move|p2a: Farigiraf|Twin Beam|p1b: Blaziken
|-supereffective|p1b: Blaziken|1
|-damage|p1b: Blaziken|58/100
|-supereffective|p1b: Blaziken|1
|-damage|p1b: Blaziken|19/100
|-hitcount|p1b: Blaziken|2
|
|-ability|p1b: Blaziken|Speed Boost|boost
|-boost|p1b: Blaziken|spe|1
|upkeep
|turn|7
|
|t:|1784918260
|switch|p2b: Incineroar|Incineroar, L50, F|42/100
|-ability|p2b: Incineroar|Intimidate|boost
|-unboost|p1a: Gholdengo|atk|1
|-unboost|p1b: Blaziken|atk|1
|move|p1b: Blaziken|Protect|p1b: Blaziken
|-singleturn|p1b: Blaziken|Protect
|move|p1a: Gholdengo|Nasty Plot|p1a: Gholdengo
|-boost|p1a: Gholdengo|spa|2
|move|p2a: Farigiraf|Dazzling Gleam|p1b: Blaziken|[spread] p1a
|-activate|p1b: Blaziken|move: Protect
|-resisted|p1a: Gholdengo|1
|-damage|p1a: Gholdengo|93/100
|
|-ability|p1b: Blaziken|Speed Boost|boost
|-boost|p1b: Blaziken|spe|1
|upkeep
|turn|8
|inactive|fergalhopper has 30 seconds left.
|inactive|fergalhopper has 20 seconds left.
|
|t:|1784918297
|move|p1b: Blaziken|Protect|p1b: Blaziken
|-singleturn|p1b: Blaziken|Protect
|move|p1a: Gholdengo|Make It Rain|p2a: Farigiraf|[spread] p2a,p2b
|-resisted|p2b: Incineroar|1
|-damage|p2a: Farigiraf|0 fnt
|-damage|p2b: Incineroar|0 fnt
|-unboost|p1a: Gholdengo|spa|2
|faint|p2a: Farigiraf
|faint|p2b: Incineroar
|-damage|p1a: Gholdengo|84/100|[from] item: Life Orb
|
|-sideend|p2: GalickGunAttack|move: Light Screen
|-ability|p1b: Blaziken|Speed Boost|boost
|-boost|p1b: Blaziken|spe|1
|upkeep
|
|t:|1784918304
|switch|p2b: Garchomp|Garchomp, L50, F|100/100
|switch|p2a: Kingambit|Kingambit, L50, F|1/100
|turn|9
|inactive|fergalhopper has 30 seconds left.
|
|t:|1784918339
|move|p1a: Gholdengo|Protect|p1a: Gholdengo
|-singleturn|p1a: Gholdengo|Protect
|move|p2a: Kingambit|Protect|p2a: Kingambit
|-singleturn|p2a: Kingambit|Protect
|move|p1b: Blaziken|Rock Slide|p2b: Garchomp|[spread] p2b
|-activate|p2a: Kingambit|move: Protect
|-resisted|p2b: Garchomp|1
|-damage|p2b: Garchomp|91/100
|cant|p2b: Garchomp|flinch
|
|-ability|p1b: Blaziken|Speed Boost|boost
|-boost|p1b: Blaziken|spe|1
|upkeep
|turn|10
|j| 1itchynahuel
|inactive|fergalhopper has 30 seconds left.
|inactive|GalickGunAttack has 30 seconds left.
|inactive|fergalhopper has 20 seconds left.
|inactive|fergalhopper has 15 seconds left.
|
|t:|1784918380
|move|p2a: Kingambit|Sucker Punch|p1a: Gholdengo
|-supereffective|p1a: Gholdengo|1
|-damage|p1a: Gholdengo|0 fnt
|faint|p1a: Gholdengo
|move|p1b: Blaziken|Close Combat|p2a: Kingambit
|-supereffective|p2a: Kingambit|2
|-damage|p2a: Kingambit|0 fnt
|-unboost|p1b: Blaziken|def|1
|-unboost|p1b: Blaziken|spd|1
|faint|p2a: Kingambit
|move|p2b: Garchomp|Dragon Claw|p1b: Blaziken
|-damage|p1b: Blaziken|0 fnt
|faint|p1b: Blaziken
|
|win|GalickGunAttack
||GalickGunAttack is ready for game 3.
|inactive|fergalhopper has 30 seconds to confirm battle start!
||fergalhopper is ready for game 3.
|uhtml|next|Next: Game 3 of 3
|l| 1itchynahuel
