|j|☆BestDefense
|j|☆ghjk09
|html|BestDefenseghjk09    
|uhtml|bestof|Game 1 of a best-of-3
|t:|1784215627
|gametype|doubles
|player|p1|BestDefense|170|1046
|player|p2|ghjk09|hilbert|1055
|gen|9
|tier|[Gen 9 Champions] VGC 2026 Reg M-B (Bo3)
|rated|
|rule|Species Clause: Limit one of each Pokémon
|rule|Item Clause: Limit 1 of each item
|clearpoke
|poke|p1|Banette, L50, M, shiny|
|poke|p1|Blastoise, L50, F, shiny|
|poke|p1|Incineroar, L50, M, shiny|
|poke|p1|Farigiraf, L50, M, shiny|
|poke|p1|Kommo-o, L50, F, shiny|
|poke|p1|Whimsicott, L50, F, shiny|
|poke|p2|Tauros-Paldea-Blaze, L50, M|
|poke|p2|Meowscarada, L50, F|
|poke|p2|Glalie, L50, M|
|poke|p2|Whimsicott, L50, M|
|poke|p2|Pelipper, L50, M|
|poke|p2|Basculegion, L50, M|
|teampreview|4
|showteam|p1|Banette||Banettite|Insomnia|GunkShot,ShadowSneak,PsychUp,WillOWisp|Impish||M|||50|]Blastoise||Blastoisinite|Torrent|WaterSpout,AuraSphere,IceBeam,Protect|Modest||F|||50|]Incineroar||SitrusBerry|Intimidate|FakeOut,FlareBlitz,DarkestLariat,PartingShot|Careful||M|||50|]Farigiraf||ColburBerry|ArmorTail|TwinBeam,Thunderbolt,TrickRoom,Protect|Modest||M|||50|]Kommo-o||Leftovers|Soundproof|DrainPunch,IronHead,ClangorousSoul,Protect|Adamant||F|||50|]Whimsicott||FocusSash|Prankster|Moonblast,Tailwind,Encore,Endeavor|Timid||F|||50|
|showteam|p2|Tauros-Paldea-Blaze||ShucaBerry|AngerPoint|Earthquake,FlameCharge,RockSlide,Protect|Jolly||M|||50|]Meowscarada||ChoiceScarf|Protean|FlowerTrick,ThunderPunch,TripleAxel,Uturn|Timid||F|||50|]Glalie||Glalitite|InnerFocus|FrostBreath,Explosion,Protect,BodySlam|Adamant||M|||50|]Whimsicott||MentalHerb|Prankster|Moonblast,Tailwind,Encore,Protect|Bold||M|||50|]Pelipper||SitrusBerry|Drizzle|WeatherBall,Hurricane,Protect,Tailwind|Modest||M|||50|]Basculegion||FocusSash|Adaptability|AquaJet,FlipTurn,LastRespects,WaveCrash|Adamant||M|||50|
|inactive|Battle timer is ON: inactive players will automatically lose when time's up. (requested by BestDefense)
|l|☆ghjk09
|inactive|ghjk09 disconnected and has a minute to reconnect!
|player|p2|
|inactive|BestDefense has 60 seconds left.
|inactive|ghjk09 has 30 seconds to reconnect!
|j|☆ghjk09
|inactive|ghjk09 reconnected and has 30 seconds left.
|player|p2|ghjk09|hilbert|
|inactive|ghjk09 has 20 seconds left.
|inactive|ghjk09 has 15 seconds left.
|
|t:|1784215706
|teamsize|p1|4
|teamsize|p2|4
|start
|switch|p1a: Banette|Banette, L50, M, shiny|100/100
|switch|p1b: Kommo-o|Kommo-o, L50, F, shiny|100/100
|switch|p2a: Whimsicott|Whimsicott, L50, M|100/100
|switch|p2b: Glalie|Glalie, L50, M|100/100
|turn|1
|
|t:|1784215724
|detailschange|p2b: Glalie|Glalie-Mega, L50, M
|-mega|p2b: Glalie|Glalie|Glalitite
|detailschange|p1a: Banette|Banette-Mega, L50, M, shiny
|-mega|p1a: Banette|Banette|Banettite
|move|p1b: Kommo-o|Protect|p1b: Kommo-o
|-singleturn|p1b: Kommo-o|Protect
|move|p2a: Whimsicott|Tailwind|p2a: Whimsicott
|-sidestart|p2: ghjk09|move: Tailwind
|move|p1a: Banette|Will-O-Wisp|p2b: Glalie
|-status|p2b: Glalie|brn
|move|p2b: Glalie|Explosion|p1b: Kommo-o|[spread] p2a,p1a
|-activate|p1b: Kommo-o|move: Protect
|-supereffective|p2a: Whimsicott|1
|-damage|p2a: Whimsicott|0 fnt
|-damage|p1a: Banette|38/100
|faint|p2b: Glalie
|faint|p2a: Whimsicott
|
|upkeep
|inactive|ghjk09 has 30 seconds left.
|
|t:|1784215750
|switch|p2b: Meowscarada|Meowscarada, L50, F|100/100
|switch|p2a: Tauros|Tauros-Paldea-Blaze, L50, M|100/100
|turn|2
|
|t:|1784215775
|switch|p1b: Whimsicott|Whimsicott, L50, F, shiny|100/100
|move|p2b: Meowscarada|Flower Trick|p2a: Tauros
|-start|p2b: Meowscarada|typechange|Grass|[from] ability: Protean
|-resisted|p2a: Tauros|1
|-crit|p2a: Tauros
|-damage|p2a: Tauros|80/100
|-setboost|p2a: Tauros|atk|6|[from] ability: Anger Point
|move|p2a: Tauros|Flame Charge|p1a: Banette
|-damage|p1a: Banette|0 fnt
|-boost|p2a: Tauros|spe|1
|faint|p1a: Banette
|
|upkeep
|
|t:|1784215790
|switch|p1a: Kommo-o|Kommo-o, L50, F, shiny|100/100
|turn|3
|
|t:|1784215799
|move|p1b: Whimsicott|Encore|p2b: Meowscarada
|-start|p2b: Meowscarada|Encore
|move|p2b: Meowscarada|Flower Trick|p1a: Kommo-o
|-resisted|p1a: Kommo-o|1
|-crit|p1a: Kommo-o
|-damage|p1a: Kommo-o|85/100
|move|p2a: Tauros|Earthquake|p1a: Kommo-o|[spread] p2b,p1a,p1b
|-resisted|p2b: Meowscarada|1
|-crit|p1a: Kommo-o
|-resisted|p1b: Whimsicott|1
|-crit|p1b: Whimsicott
|-damage|p2b: Meowscarada|44/100
|-damage|p1a: Kommo-o|0 fnt
|-enditem|p1b: Whimsicott|Focus Sash
|-damage|p1b: Whimsicott|1/100
|faint|p1a: Kommo-o
|
|upkeep
|
|t:|1784215808
|switch|p1a: Blastoise|Blastoise, L50, F, shiny|100/100
|turn|4
|
|t:|1784215831
|move|p1a: Blastoise|Protect|p1a: Blastoise
|-singleturn|p1a: Blastoise|Protect
|move|p1b: Whimsicott|Tailwind|p1b: Whimsicott
|-sidestart|p1: BestDefense|move: Tailwind
|move|p2b: Meowscarada|Flower Trick|p1a: Blastoise
|-activate|p1a: Blastoise|move: Protect
|move|p2a: Tauros|Earthquake|p1b: Whimsicott|[spread] p2b,p1b
|-activate|p1a: Blastoise|move: Protect
|-resisted|p2b: Meowscarada|1
|-resisted|p1b: Whimsicott|1
|-damage|p2b: Meowscarada|0 fnt
|-damage|p1b: Whimsicott|0 fnt
|faint|p2b: Meowscarada
|faint|p1b: Whimsicott
|
|-sideend|p2: ghjk09|move: Tailwind
|upkeep
|turn|5
|
|t:|1784215852
|move|p2a: Tauros|Earthquake|p1a: Blastoise
|-damage|p1a: Blastoise|0 fnt
|faint|p1a: Blastoise
|
|win|ghjk09
||BestDefense is ready for game 2.
