|j|☆Grogguu
|j|☆esid1470
|html|Grogguuesid1470    
|uhtml|bestof|Game 1 of a best-of-3
|t:|1756179636
|gametype|doubles
|player|p1|Grogguu|zinzolin|1091
|player|p2|esid1470|steven|1104
|gen|9
|tier|[Gen 9] VGC 2025 Reg H (Bo3)
|rated|
|rule|Species Clause: Limit one of each Pokémon
|rule|Item Clause: Limit 1 of each item
|clearpoke
|poke|p1|Dragonite, L50, M|
|poke|p1|Sneasler, L50, F|
|poke|p1|Primarina, L50, F|
|poke|p1|Rillaboom, L50, M|
|poke|p1|Magmar, L50, M|
|poke|p1|Volcarona, L50, M|
|poke|p2|Ninetales-Alola, L50, M|
|poke|p2|Baxcalibur, L50, F|
|poke|p2|Sneasler, L50, M|
|poke|p2|Kingambit, L50, M|
|poke|p2|Corviknight, L50, F|
|poke|p2|Garchomp, L50, M|
|teampreview|4
|showteam|p1|Dragonite||LoadedDice|Multiscale|ScaleShot,Tailwind,Haze,Protect|||M|||50|,,,,,Fairy]Sneasler||WhiteHerb|Unburden|CloseCombat,DireClaw,Coaching,Protect|||F|||50|,,,,,Ghost]Primarina||SitrusBerry|LiquidVoice|HyperVoice,Moonblast,CalmMind,Protect|||F|||50|,,,,,Grass]Rillaboom||AssaultVest|GrassySurge|WoodHammer,KnockOff,GrassyGlide,FakeOut|||M|||50|,,,,,Psychic]Magmar||Eviolite|FlameBody|Overheat,FollowMe,Taunt,SunnyDay|||M|||50|,,,,,Flying]Volcarona||GrassySeed|FlameBody|QuiverDance,HeatWave,GigaDrain,Protect|||M|||50|,,,,,Stellar
|showteam|p2|Ninetales-Alola||LightClay|SnowWarning|AuroraVeil,Blizzard,IcyWind,Encore|||M|||50|,,,,,Ghost]Baxcalibur||LoadedDice|IceBody|IcicleSpear,ScaleShot,SwordsDance,Protect|||F|||50|,,,,,Poison]Sneasler||FocusSash|Unburden|Coaching,DireClaw,CloseCombat,FakeOut|||M|||50|,,,,,Dark]Kingambit||BlackGlasses|Defiant|SuckerPunch,KowtowCleave,Protect,SwordsDance|||M|||50|,,,,,Dark]Corviknight||SitrusBerry|MirrorArmor|Tailwind,BraveBird,Roost,BulkUp|||F|||50|,,,,,Dragon]Garchomp||LifeOrb|RoughSkin|Earthquake,StompingTantrum,DragonClaw,Protect|||M|||50|,,,,,Steel
|inactive|Battle timer is ON: inactive players will automatically lose when time's up. (requested by Grogguu)
|
|t:|1756179674
|teamsize|p1|4
|teamsize|p2|4
|start
|switch|p1a: Dragonite|Dragonite, L50, M|100/100
|switch|p1b: Sneasler|Sneasler, L50, F|100/100
|switch|p2a: Sneasler|Sneasler, L50, M|100/100
|switch|p2b: Corviknight|Corviknight, L50, F|100/100
|turn|1
|
|t:|1756179699
|move|p2a: Sneasler|Fake Out|p1a: Dragonite
|-damage|p1a: Dragonite|94/100
|move|p1b: Sneasler|Coaching|p1a: Dragonite
|-boost|p1a: Dragonite|atk|1
|-boost|p1a: Dragonite|def|1
|cant|p1a: Dragonite|flinch
|move|p2b: Corviknight|Tailwind|p2b: Corviknight
|-sidestart|p2: esid1470|move: Tailwind
|
|upkeep
|turn|2
|
|t:|1756179719
|move|p2a: Sneasler|Coaching|p2b: Corviknight
|-boost|p2b: Corviknight|atk|1
|-boost|p2b: Corviknight|def|1
|move|p2b: Corviknight|Brave Bird|p1b: Sneasler
|-supereffective|p1b: Sneasler
|-damage|p1b: Sneasler|0 fnt
|faint|p1b: Sneasler
|-damage|p2b: Corviknight|72/100|[from] Recoil
|move|p1a: Dragonite|Scale Shot|p2a: Sneasler
|-damage|p2a: Sneasler|62/100
|-crit|p2a: Sneasler
|-damage|p2a: Sneasler|4/100
|-damage|p2a: Sneasler|0 fnt
|faint|p2a: Sneasler
|-hitcount|p2: Sneasler|3
|-unboost|p1a: Dragonite|def|1
|-boost|p1a: Dragonite|spe|1
|
|upkeep
|
|t:|1756179735
|switch|p2a: Ninetales|Ninetales-Alola, L50, M|100/100
|switch|p1b: Primarina|Primarina, L50, F|100/100
|-weather|Snowscape|[from] ability: Snow Warning|[of] p2a: Ninetales
|turn|3
|inactive|esid1470 has 30 seconds left.
|
|t:|1756179765
|-terastallize|p1a: Dragonite|Fairy
|move|p2a: Ninetales|Blizzard|p1a: Dragonite|[spread] p1a,p1b
|-resisted|p1b: Primarina
|-damage|p1a: Dragonite|65/100
|-damage|p1b: Primarina|88/100
|-status|p1b: Primarina|frz
|move|p2b: Corviknight|Bulk Up|p2b: Corviknight
|-boost|p2b: Corviknight|atk|1
|-boost|p2b: Corviknight|def|1
|move|p1a: Dragonite|Scale Shot|p2b: Corviknight
|-resisted|p2b: Corviknight
|-damage|p2b: Corviknight|67/100
|-resisted|p2b: Corviknight
|-damage|p2b: Corviknight|62/100
|-resisted|p2b: Corviknight
|-damage|p2b: Corviknight|57/100
|-resisted|p2b: Corviknight
|-damage|p2b: Corviknight|52/100
|-hitcount|p2b: Corviknight|4
|-unboost|p1a: Dragonite|def|1
|-boost|p1a: Dragonite|spe|1
|cant|p1b: Primarina|frz
|
|-weather|Snowscape|[upkeep]
|upkeep
|turn|4
|inactive|Grogguu has 30 seconds left.
|inactive|esid1470 has 30 seconds left.
|
|t:|1756179794
|move|p2a: Ninetales|Icy Wind|p1a: Dragonite|[spread] p1a,p1b
|-resisted|p1b: Primarina
|-damage|p1a: Dragonite|48/100
|-damage|p1b: Primarina|81/100 frz
|-unboost|p1a: Dragonite|spe|1
|-unboost|p1b: Primarina|spe|1
|move|p2b: Corviknight|Brave Bird|p1a: Dragonite
|-damage|p1a: Dragonite|0 fnt
|faint|p1a: Dragonite
|-damage|p2b: Corviknight|36/100|[from] Recoil
|-enditem|p2b: Corviknight|Sitrus Berry|[eat]
|-heal|p2b: Corviknight|60/100|[from] item: Sitrus Berry
|cant|p1b: Primarina|frz
|
|-weather|Snowscape|[upkeep]
|-sideend|p2: esid1470|move: Tailwind
|upkeep
|
|t:|1756179797
|switch|p1a: Rillaboom|Rillaboom, L50, M|100/100
|-fieldstart|move: Grassy Terrain|[from] ability: Grassy Surge|[of] p1a: Rillaboom
|turn|5
|
|t:|1756179816
|move|p2a: Ninetales|Aurora Veil|p2a: Ninetales
|-sidestart|p2: esid1470|move: Aurora Veil
|move|p1a: Rillaboom|Knock Off|p2a: Ninetales
|-resisted|p2a: Ninetales
|-damage|p2a: Ninetales|89/100
|-enditem|p2a: Ninetales|Light Clay|[from] move: Knock Off|[of] p1a: Rillaboom
|move|p2b: Corviknight|Roost|p2b: Corviknight
|-heal|p2b: Corviknight|100/100
|-singleturn|p2b: Corviknight|move: Roost
|cant|p1b: Primarina|frz
|
|-weather|Snowscape|[upkeep]
|-heal|p2a: Ninetales|95/100|[from] Grassy Terrain
|-heal|p1b: Primarina|87/100 frz|[from] Grassy Terrain
|upkeep
|turn|6
|
|t:|1756179840
|move|p2a: Ninetales|Icy Wind|p1a: Rillaboom|[spread] p1a,p1b
|-supereffective|p1a: Rillaboom
|-resisted|p1b: Primarina
|-damage|p1a: Rillaboom|73/100
|-damage|p1b: Primarina|80/100 frz
|-unboost|p1a: Rillaboom|spe|1
|-unboost|p1b: Primarina|spe|1
|move|p2b: Corviknight|Brave Bird|p1a: Rillaboom
|-supereffective|p1a: Rillaboom
|-damage|p1a: Rillaboom|0 fnt
|faint|p1a: Rillaboom
|-damage|p2b: Corviknight|75/100|[from] Recoil
|cant|p1b: Primarina|frz
|
|-weather|Snowscape|[upkeep]
|-heal|p2a: Ninetales|100/100|[from] Grassy Terrain
|-heal|p1b: Primarina|86/100 frz|[from] Grassy Terrain
|upkeep
|turn|7
|inactive|esid1470 has 30 seconds left.
|inactive|esid1470 has 20 seconds left.
|inactive|esid1470 has 15 seconds left.
|
|t:|1756179884
|move|p2a: Ninetales|Blizzard|p1b: Primarina
|-resisted|p1b: Primarina
|-damage|p1b: Primarina|70/100 frz
|move|p2b: Corviknight|Brave Bird|p1b: Primarina
|-damage|p1b: Primarina|0 fnt
|faint|p1b: Primarina
|-damage|p2b: Corviknight|51/100|[from] Recoil
|
|win|esid1470
||Grogguu is ready for game 2.
||esid1470 is ready for game 2.
|uhtml|next|Next: Game 2 of 3
