|j|☆Ethan's Bleakmiss
|j|☆nikolasnaiz
|html|Ethan's Bleakmissnikolasnaiz    
|uhtml|bestof|Game 1 of a best-of-3
|t:|1784559844
|gametype|doubles
|player|p1|Ethan's Bleakmiss|unknown|1144
|player|p2|nikolasnaiz|1|1186
|gen|9
|tier|[Gen 9 Champions] VGC 2026 Reg M-B (Bo3)
|rated|
|rule|Species Clause: Limit one of each Pokémon
|rule|Item Clause: Limit 1 of each item
|clearpoke
|poke|p1|Blaziken, L50, M|
|poke|p1|Ninetales-Alola, L50, F|
|poke|p1|Kingambit, L50, F, shiny|
|poke|p1|Basculegion, L50, M, shiny|
|poke|p1|Farigiraf, L50, F, shiny|
|poke|p1|Slowbro, L50, F, shiny|
|poke|p2|Gengar, L50, M|
|poke|p2|Scrafty, L50, F|
|poke|p2|Snorlax, L50, M|
|poke|p2|Incineroar, L50, F|
|poke|p2|Ninetales-Alola, L50, F|
|poke|p2|Dragonite, L50, M|
|teampreview|4
|showteam|p1|Blaziken||Blazikenite|SpeedBoost|CloseCombat,FlareBlitz,StoneEdge,Detect|Adamant||M|||50|]Ninetales-Alola||NeverMeltIce|SnowWarning|Blizzard,FreezeDry,Encore,Protect|Timid||F|||50|]Kingambit||LifeOrb|Defiant|SuckerPunch,KowtowCleave,IronHead,Protect|Brave||F|||50|]Basculegion||ChoiceScarf|Adaptability|WaveCrash,LastRespects,FlipTurn,AquaJet|Adamant||M|||50|]Farigiraf||SitrusBerry|ArmorTail|HyperVoice,Psychic,TrickRoom,HelpingHand|Sassy||F|||50|]Slowbro||Slowbronite|Regenerator|BodyPress,Protect,Scald,Psychic|Quiet||F|||50|
|showteam|p2|Gengar||Gengarite|CursedBody|Protect,PerishSong,SludgeBomb,ShadowBall|Modest||M|||50|]Scrafty||Scraftinite|Intimidate|Protect,CloseCombat,FakeOut,KnockOff|Careful||F|||50|]Snorlax||Leftovers|ThickFat|Protect,DoubleEdge,Yawn,HighHorsepower|Relaxed||M|||50|]Incineroar||SitrusBerry|Intimidate|Protect,FakeOut,FlareBlitz,PartingShot|Relaxed||F|||50|]Ninetales-Alola||FocusSash|SnowWarning|Protect,Encore,Disable,Blizzard|Timid||F|||50|]Dragonite||DragonFang|Multiscale|Protect,DragonClaw,LowKick,ExtremeSpeed|Adamant||M|||50|
|inactive|Battle timer is ON: inactive players will automatically lose when time's up. (requested by Ethan's Bleakmiss)
|inactive|Ethan's Bleakmiss has 60 seconds left.
|
|t:|1784559896
|teamsize|p1|4
|teamsize|p2|4
|start
|switch|p1a: Kingambit|Kingambit, L50, F, shiny|100/100
|switch|p1b: Basculegion|Basculegion, L50, M, shiny|100/100
|switch|p2a: Scrafty|Scrafty, L50, F|100/100
|switch|p2b: Gengar|Gengar, L50, M|100/100
|-ability|p2a: Scrafty|Intimidate|boost
|-unboost|p1a: Kingambit|atk|1
|-ability|p1a: Kingambit|Defiant|boost
|-boost|p1a: Kingambit|atk|2
|-unboost|p1b: Basculegion|atk|1
|turn|1
|inactive|Ethan's Bleakmiss has 30 seconds left.
|inactive|nikolasnaiz has 30 seconds left.
|inactive|Ethan's Bleakmiss has 20 seconds left.
|inactive|Ethan's Bleakmiss has 15 seconds left.
|inactive|Ethan's Bleakmiss has 10 seconds left.
|
|t:|1784559941
|switch|p1b: Farigiraf|Farigiraf, L50, F, shiny|100/100
|move|p2b: Gengar|Protect|p2b: Gengar
|-singleturn|p2b: Gengar|Protect
|move|p1a: Kingambit|Protect|p1a: Kingambit
|-singleturn|p1a: Kingambit|Protect
|move|p2a: Scrafty|Close Combat|p1a: Kingambit
|-activate|p1a: Kingambit|move: Protect
|
|upkeep
|turn|2
|
|t:|1784559962
|switch|p2b: Snorlax|Snorlax, L50, M|100/100
|move|p1b: Farigiraf|Helping Hand|p1a: Kingambit
|-singleturn|p1a: Kingambit|Helping Hand|[of] p1b: Farigiraf
|move|p2a: Scrafty|Knock Off|p1b: Farigiraf
|-supereffective|p1b: Farigiraf|1
|-crit|p1b: Farigiraf
|-damage|p1b: Farigiraf|19/100
|-enditem|p1b: Farigiraf|Sitrus Berry|[from] move: Knock Off|[of] p2a: Scrafty
|move|p1a: Kingambit|Iron Head|p2a: Scrafty
|-damage|p2a: Scrafty|0 fnt
|faint|p2a: Scrafty
|-damage|p1a: Kingambit|90/100|[from] item: Life Orb
|
|upkeep
|
|t:|1784559974
|switch|p2a: Incineroar|Incineroar, L50, F|100/100
|-ability|p2a: Incineroar|Intimidate|boost
|-unboost|p1a: Kingambit|atk|1
|-ability|p1a: Kingambit|Defiant|boost
|-boost|p1a: Kingambit|atk|2
|-unboost|p1b: Farigiraf|atk|1
|turn|3
|
|t:|1784559988
|move|p1b: Farigiraf|Hyper Voice|p2a: Incineroar|[spread] p2a,p2b
|-damage|p2a: Incineroar|79/100
|-damage|p2b: Snorlax|84/100
|move|p2a: Incineroar|Flare Blitz|p1a: Kingambit
|-supereffective|p1a: Kingambit|1
|-damage|p1a: Kingambit|14/100
|-damage|p2a: Incineroar|53/100|[from] Recoil
|move|p1a: Kingambit|Kowtow Cleave|p2b: Snorlax
|-damage|p2b: Snorlax|1/100
|-damage|p1a: Kingambit|5/100|[from] item: Life Orb
|move|p2b: Snorlax|Yawn|p1b: Farigiraf
|-start|p1b: Farigiraf|move: Yawn|[of] p2b: Snorlax
|
|-heal|p2b: Snorlax|8/100|[from] item: Leftovers
|upkeep
|turn|4
|
|t:|1784560006
|move|p1a: Kingambit|Protect|p1a: Kingambit
|-singleturn|p1a: Kingambit|Protect
|move|p1b: Farigiraf|Hyper Voice|p2a: Incineroar|[spread] p2a,p2b
|-damage|p2a: Incineroar|33/100
|-damage|p2b: Snorlax|0 fnt
|-enditem|p2a: Incineroar|Sitrus Berry|[eat]
|-heal|p2a: Incineroar|58/100|[from] item: Sitrus Berry
|faint|p2b: Snorlax
|move|p2a: Incineroar|Flare Blitz|p1a: Kingambit
|-activate|p1a: Kingambit|move: Protect
|
|-end|p1b: Farigiraf|move: Yawn|[silent]
|-status|p1b: Farigiraf|slp
|upkeep
|
|t:|1784560010
|switch|p2b: Gengar|Gengar, L50, M|100/100
|turn|5
|inactive|Ethan's Bleakmiss has 30 seconds left.
|
|t:|1784560037
|detailschange|p2b: Gengar|Gengar-Mega, L50, M
|-mega|p2b: Gengar|Gengar|Gengarite
|move|p2b: Gengar|Protect|p2b: Gengar
|-singleturn|p2b: Gengar|Protect
|move|p1a: Kingambit|Protect||[still]
|-fail|p1a: Kingambit
|move|p2a: Incineroar|Flare Blitz|p1a: Kingambit
|-supereffective|p1a: Kingambit|1
|-damage|p1a: Kingambit|0 fnt
|faint|p1a: Kingambit
|-damage|p2a: Incineroar|56/100|[from] Recoil
|cant|p1b: Farigiraf|slp
|
|upkeep
|
|t:|1784560050
|switch|p1a: Basculegion|Basculegion, L50, M, shiny|100/100
|turn|6
|
|t:|1784560061
|move|p1a: Basculegion|Last Respects|p2b: Gengar
|-supereffective|p2b: Gengar|1
|-damage|p2b: Gengar|0 fnt
|faint|p2b: Gengar
|cant|p1b: Farigiraf|slp
|move|p2a: Incineroar|Parting Shot|p1a: Basculegion
|-unboost|p1a: Basculegion|atk|1
|-unboost|p1a: Basculegion|spa|1
|
|upkeep
|turn|7
|-message|nikolasnaiz forfeited.
|
|win|Ethan's Bleakmiss
