|j|☆Gworf
|j|☆sebtct
|html|Gworfsebtct    
|uhtml|bestof|Game 1 of a best-of-3
|t:|1757914587
|gametype|doubles
|player|p1|Gworf|acetrainer-gen4dp|1116
|player|p2|sebtct|266|1122
|gen|9
|tier|[Gen 9] VGC 2025 Reg H (Bo3)
|rated|
|rule|Species Clause: Limit one of each Pokémon
|rule|Item Clause: Limit 1 of each item
|clearpoke
|poke|p1|Ninetales, L50, M|
|poke|p1|Scizor, L50, M|
|poke|p1|Charizard, L50, F|
|poke|p1|Baxcalibur, L50, M|
|poke|p1|Rillaboom, L50, F|
|poke|p1|Dragapult, L50, F|
|poke|p2|Indeedee, L50, M|
|poke|p2|Hawlucha, L50, F|
|poke|p2|Annihilape, L50, M|
|poke|p2|Amoonguss, L50, M|
|poke|p2|Ninetales-Alola, L50, F|
|poke|p2|Hydreigon, L50, M|
|teampreview|4
|showteam|p1|Ninetales||Charcoal|Drought|HeatWave,NastyPlot,WillOWisp,Protect|||M|||50|,,,,,Grass]Scizor||ChoiceBand|Technician|BulletPunch,CloseCombat,Uturn,Tailwind|||M|||50|,,,,,Steel]Charizard||ChoiceSpecs|SolarPower|HeatWave,FireBlast,ScorchingSands,Hurricane|||F|||50|,,,,,Ghost]Baxcalibur||LifeOrb|ThermalExchange|IceShard,GlaiveRush,SwordsDance,Protect|||M|||50|,,,,,Fairy]Rillaboom||AssaultVest|GrassySurge|FakeOut,GrassyGlide,DrumBeating,HighHorsepower|||F|||50|,,,,,Grass]Dragapult||FocusSash|ClearBody|DragonDarts,ThunderWave,Uturn,Protect|||F|||50|,,,,,Dragon
|showteam|p2|Indeedee||FocusSash|PsychicSurge|ExpandingForce,TrickRoom,Imprison,TeraBlast|||M|||50|,,,,,Ground]Hawlucha||PsychicSeed|Unburden|CloseCombat,Acrobatics,RockTomb,Protect|||F|||50|,,,,,Flying]Annihilape||ChoiceScarf|Defiant|FinalGambit,CloseCombat,RageFist,Uturn|||M|||50|,,,,,Ghost]Amoonguss||SitrusBerry|Regenerator|PollenPuff,Spore,RagePowder,ClearSmog|||M|||50|,,,,,Water]Ninetales-Alola||NeverMeltIce|SnowWarning|Blizzard,FreezeDry,Encore,Protect|||F|||50|,,,,,Ice]Hydreigon||AssaultVest|Levitate|DarkPulse,DracoMeteor,EarthPower,FlashCannon|||M|||50|,,,,,Ghost
|inactive|Battle timer is ON: inactive players will automatically lose when time's up. (requested by Gworf)
|inactive|Gworf has 60 seconds left.
|inactive|sebtct has 60 seconds left.
|
|t:|1757914638
|teamsize|p1|4
|teamsize|p2|4
|start
|switch|p1a: Charizard|Charizard, L50, F|100/100
|switch|p1b: Dragapult|Dragapult, L50, F|100/100
|switch|p2a: Hawlucha|Hawlucha, L50, F|100/100
|switch|p2b: Annihilape|Annihilape, L50, M|100/100
|turn|1
|inactive|Gworf has 30 seconds left.
|
|t:|1757914665
|-terastallize|p1a: Charizard|Ghost
|move|p2b: Annihilape|U-turn|p1a: Charizard
|-resisted|p1a: Charizard
|-damage|p1a: Charizard|88/100
|
|t:|1757914677
|switch|p2b: Indeedee|Indeedee, L50, M|100/100|[from] U-turn
|-fieldstart|move: Psychic Terrain|[from] ability: Psychic Surge|[of] p2b: Indeedee
|-enditem|p2a: Hawlucha|Psychic Seed
|-boost|p2a: Hawlucha|spd|1|[from] item: Psychic Seed
|move|p2a: Hawlucha|Rock Tomb|p1a: Charizard
|-damage|p1a: Charizard|64/100
|-unboost|p1a: Charizard|spe|1
|move|p1b: Dragapult|U-turn|p2a: Hawlucha
|-resisted|p2a: Hawlucha
|-damage|p2a: Hawlucha|92/100
|
|t:|1757914690
|switch|p1b: Ninetales|Ninetales, L50, M, shiny|100/100|[from] U-turn
|-weather|SunnyDay|[from] ability: Drought|[of] p1b: Ninetales
|move|p1a: Charizard|Heat Wave|p2b: Indeedee|[spread] p2a,p2b
|-damage|p2a: Hawlucha|0 fnt
|-enditem|p2b: Indeedee|Focus Sash
|-damage|p2b: Indeedee|1/100
|faint|p2a: Hawlucha
|
|-weather|SunnyDay|[upkeep]
|-damage|p1a: Charizard|51/100|[from] ability: Solar Power|[of] p1a: Charizard
|upkeep
|
|t:|1757914701
|switch|p2a: Annihilape|Annihilape, L50, M|100/100
|turn|2
|inactive|Gworf has 30 seconds left.
|inactive|Gworf has 20 seconds left.
|inactive|Gworf has 15 seconds left.
|inactive|Gworf has 10 seconds left.
|
|t:|1757914750
|switch|p2b: Hydreigon|Hydreigon, L50, M|100/100
|-terastallize|p2a: Annihilape|Ghost
|move|p1b: Ninetales|Protect|p1b: Ninetales
|-singleturn|p1b: Ninetales|Protect
|move|p2a: Annihilape|Rage Fist|p1a: Charizard
|-supereffective|p1a: Charizard
|-damage|p1a: Charizard|0 fnt
|faint|p1a: Charizard
|
|-weather|SunnyDay|[upkeep]
|upkeep
|
|t:|1757914764
|switch|p1a: Dragapult|Dragapult, L50, F|100/100
|turn|3
|
|t:|1757914774
|switch|p2b: Indeedee|Indeedee, L50, M|1/100
|move|p2a: Annihilape|Rage Fist|p1a: Dragapult
|-supereffective|p1a: Dragapult
|-damage|p1a: Dragapult|12/100
|move|p1a: Dragapult|Dragon Darts|p2b: Indeedee
|-crit|p2b: Indeedee
|-damage|p2b: Indeedee|0 fnt
|-anim|p1a: Dragapult|Dragon Darts|p2a: Annihilape
|-damage|p2a: Annihilape|76/100
|faint|p2b: Indeedee
|move|p1b: Ninetales|Heat Wave|p2a: Annihilape
|-damage|p2a: Annihilape|24/100
|
|-weather|SunnyDay|[upkeep]
|upkeep
|
|t:|1757914786
|switch|p2b: Hydreigon|Hydreigon, L50, M|100/100
|turn|4
|
|t:|1757914807
|move|p1a: Dragapult|Protect|p1a: Dragapult
|-singleturn|p1a: Dragapult|Protect
|move|p2a: Annihilape|Rage Fist|p1b: Ninetales
|-damage|p1b: Ninetales|0 fnt
|faint|p1b: Ninetales
|move|p2b: Hydreigon|Dark Pulse|p1a: Dragapult
|-activate|p1a: Dragapult|move: Protect
|
|-weather|SunnyDay|[upkeep]
|upkeep
|
|t:|1757914817
|switch|p1b: Baxcalibur|Baxcalibur, L50, M|100/100
|turn|5
|
|t:|1757914837
|move|p2a: Annihilape|Rage Fist|p1a: Dragapult
|-supereffective|p1a: Dragapult
|-damage|p1a: Dragapult|0 fnt
|faint|p1a: Dragapult
|move|p2b: Hydreigon|Draco Meteor|p1b: Baxcalibur
|-supereffective|p1b: Baxcalibur
|-damage|p1b: Baxcalibur|0 fnt
|-unboost|p2b: Hydreigon|spa|2
|faint|p1b: Baxcalibur
|
|win|sebtct
|l|☆Gworf
|player|p1|
||Gworf is ready for game 2.
|inactive|sebtct has 30 seconds to confirm battle start!
||sebtct is ready for game 2.
|uhtml|next|Next: Game 2 of 3
