|j|☆benryly
|j|☆Quill86
|html|benrylyQuill86    
|uhtml|bestof|Game 2 of a best-of-3
|t:|1757821140
|gametype|doubles
|player|p1|benryly|cynthia-gen4|1020
|player|p2|Quill86|lucas|1128
|gen|9
|tier|[Gen 9] VGC 2025 Reg H (Bo3)
|rated|
|rule|Species Clause: Limit one of each Pokémon
|rule|Item Clause: Limit 1 of each item
|clearpoke
|poke|p1|Garchomp, L50, F|
|poke|p1|Hydreigon, L50, M|
|poke|p1|Gholdengo, L50|
|poke|p1|Ninetales-Alola, L50, M|
|poke|p1|Incineroar, L50, F|
|poke|p1|Porygon2, L50|
|poke|p2|Incineroar, L50, F|
|poke|p2|Gholdengo, L50|
|poke|p2|Ursaluna-Bloodmoon, L50, M|
|poke|p2|Indeedee-F, L50, F|
|poke|p2|Gallade, L50, M|
|poke|p2|Torkoal, L50, F|
|teampreview|4
|showteam|p1|Garchomp||LifeOrb|RoughSkin|Earthquake,DragonClaw,StompingTantrum,Protect|||F|||50|,,,,,Ground]Hydreigon||ChoiceSpecs|Levitate|Snarl,DracoMeteor,HeatWave,EarthPower|||M|||50|,,,,,Fire]Gholdengo||MetalCoat|GoodasGold|MakeItRain,ShadowBall,NastyPlot,Protect||||||50|,,,,,Flying]Ninetales-Alola||CovertCloak|SnowWarning|IcyWind,AuroraVeil,Moonblast,Blizzard|||M|||50|,,,,,Water]Incineroar||SafetyGoggles|Intimidate|FakeOut,FlareBlitz,KnockOff,PartingShot|||F|||50|,,,,,Ghost]Porygon2||Eviolite|Download|Thunderbolt,IceBeam,Recover,TrickRoom||||||50|,,,,,Flying
|showteam|p2|Incineroar||SafetyGoggles|Intimidate|FakeOut,FlareBlitz,KnockOff,PartingShot|||F|||50|,,,,,Ghost]Gholdengo||SitrusBerry|GoodasGold|MakeItRain,ShadowBall,NastyPlot,Protect||||||50|,,,,,Water]Ursaluna-Bloodmoon||LifeOrb|MindsEye|BloodMoon,HyperVoice,EarthPower,Protect|||M|||50|,,,,,Normal]Indeedee-F||PsychicSeed|PsychicSurge|FollowMe,TrickRoom,HelpingHand,DazzlingGleam|||F|||50|,,,,,Fairy]Gallade||ClearAmulet|Sharpness|SacredSword,PsychoCut,WideGuard,TrickRoom|||M|||50|,,,,,Grass]Torkoal||Leftovers|Drought|Eruption,WeatherBall,Yawn,Protect|||F|||50|,,,,,Fire
|inactive|Battle timer is ON: inactive players will automatically lose when time's up. (requested by benryly)
|
|t:|1757821151
|teamsize|p1|4
|teamsize|p2|4
|start
|switch|p1a: Garchomp|Garchomp, L50, F|100/100
|switch|p1b: Hydreigon|Hydreigon, L50, M|100/100
|switch|p2a: Indeedee|Indeedee-F, L50, F|100/100
|switch|p2b: Gallade|Gallade, L50, M|100/100
|-fieldstart|move: Psychic Terrain|[from] ability: Psychic Surge|[of] p2a: Indeedee
|-enditem|p2a: Indeedee|Psychic Seed
|-boost|p2a: Indeedee|spd|1|[from] item: Psychic Seed
|turn|1
|
|t:|1757821169
|-terastallize|p1b: Hydreigon|Fire
|-terastallize|p2a: Indeedee|Fairy
|move|p2b: Gallade|Wide Guard|p2b: Gallade
|-singleturn|p2b: Gallade|Wide Guard
|move|p1a: Garchomp|Earthquake|p2a: Indeedee|[spread] 
|-activate|p2a: Indeedee|move: Wide Guard
|-activate|p2b: Gallade|move: Wide Guard
|-immune|p1b: Hydreigon|[from] ability: Levitate
|move|p1b: Hydreigon|Heat Wave|p2a: Indeedee|[spread] 
|-activate|p2a: Indeedee|move: Wide Guard
|-activate|p2b: Gallade|move: Wide Guard
|move|p2a: Indeedee|Trick Room|p2a: Indeedee
|-fieldstart|move: Trick Room|[of] p2a: Indeedee
|
|upkeep
|turn|2
|
|t:|1757821188
|switch|p1a: Porygon2|Porygon2, L50|100/100
|-ability|p1a: Porygon2|Download|boost
|-boost|p1a: Porygon2|atk|1
|move|p2b: Gallade|Psycho Cut|p1b: Hydreigon
|-damage|p1b: Hydreigon|14/100
|move|p2a: Indeedee|Dazzling Gleam|p1b: Hydreigon|[spread] p1a,p1b
|-resisted|p1b: Hydreigon
|-damage|p1a: Porygon2|89/100
|-damage|p1b: Hydreigon|2/100
|move|p1b: Hydreigon|Heat Wave|p2a: Indeedee|[spread] p2a,p2b
|-damage|p2a: Indeedee|64/100
|-damage|p2b: Gallade|54/100
|
|upkeep
|turn|3
|
|t:|1757821205
|move|p2b: Gallade|Sacred Sword|p1a: Porygon2
|-supereffective|p1a: Porygon2
|-damage|p1a: Porygon2|5/100
|move|p2a: Indeedee|Dazzling Gleam|p1b: Hydreigon|[spread] p1a,p1b
|-resisted|p1b: Hydreigon
|-damage|p1a: Porygon2|0 fnt
|-damage|p1b: Hydreigon|0 fnt
|faint|p1a: Porygon2
|faint|p1b: Hydreigon
|
|upkeep
|
|t:|1757821217
|switch|p1a: Garchomp|Garchomp, L50, F|100/100
|switch|p1b: Gholdengo|Gholdengo, L50|100/100
|turn|4
|
|t:|1757821230
|move|p2a: Indeedee|Helping Hand|p2b: Gallade
|-singleturn|p2b: Gallade|Helping Hand|[of] p2a: Indeedee
|move|p2b: Gallade|Psycho Cut|p1a: Garchomp
|-damage|p1a: Garchomp|0 fnt
|faint|p1a: Garchomp
|move|p1b: Gholdengo|Nasty Plot|p1b: Gholdengo
|-boost|p1b: Gholdengo|spa|2
|
|upkeep
|turn|5
|
|t:|1757821244
|move|p1b: Gholdengo|Protect|p1b: Gholdengo
|-singleturn|p1b: Gholdengo|Protect
|move|p2b: Gallade|Trick Room|p2b: Gallade
|-fieldend|move: Trick Room
|move|p2a: Indeedee|Trick Room|p2a: Indeedee
|-fieldstart|move: Trick Room|[of] p2a: Indeedee
|
|-fieldend|move: Psychic Terrain
|upkeep
|turn|6
|
|t:|1757821259
|move|p2a: Indeedee|Helping Hand|p2b: Gallade
|-singleturn|p2b: Gallade|Helping Hand|[of] p2a: Indeedee
|move|p2b: Gallade|Psycho Cut|p1b: Gholdengo
|-resisted|p1b: Gholdengo
|-damage|p1b: Gholdengo|57/100
|move|p1b: Gholdengo|Make It Rain|p2a: Indeedee|[spread] p2a,p2b
|-supereffective|p2a: Indeedee
|-damage|p2a: Indeedee|0 fnt
|-damage|p2b: Gallade|0 fnt
|-unboost|p1b: Gholdengo|spa|1
|faint|p2a: Indeedee
|faint|p2b: Gallade
|
|upkeep
|
|t:|1757821266
|switch|p2b: Torkoal|Torkoal, L50, F|100/100
|switch|p2a: Ursaluna|Ursaluna-Bloodmoon, L50, M|100/100
|-weather|SunnyDay|[from] ability: Drought|[of] p2b: Torkoal
|turn|7
|
|t:|1757821280
|move|p1b: Gholdengo|Protect|p1b: Gholdengo
|-singleturn|p1b: Gholdengo|Protect
|move|p2b: Torkoal|Eruption|p1b: Gholdengo
|-activate|p1b: Gholdengo|move: Protect
|move|p2a: Ursaluna|Blood Moon|p1b: Gholdengo
|-activate|p1b: Gholdengo|move: Protect
|
|-weather|SunnyDay|[upkeep]
|upkeep
|turn|8
|
|t:|1757821292
|move|p2b: Torkoal|Eruption|p1b: Gholdengo
|-supereffective|p1b: Gholdengo
|-damage|p1b: Gholdengo|0 fnt
|faint|p1b: Gholdengo
|
|win|Quill86
||benryly is ready for game 3.
||Quill86 is ready for game 3.
|uhtml|next|Next: Game 3 of 3
