|j|☆FERA kApset
|j|☆Pikapower25
|html|FERA kApsetPikapower25    
|uhtml|bestof|Game 2 of a best-of-3
|t:|1782498022
|gametype|doubles
|player|p1|FERA kApset|byron|1102
|player|p2|Pikapower25|265|1000
|gen|9
|tier|[Gen 9 Champions] VGC 2026 Reg M-B (Bo3)
|rated|
|rule|Species Clause: Limit one of each Pokémon
|rule|Item Clause: Limit 1 of each item
|clearpoke
|poke|p1|Aerodactyl, L50, M|
|poke|p1|Garchomp, L50, F|
|poke|p1|Kingambit, L50, M|
|poke|p1|Farigiraf, L50, M|
|poke|p1|Sylveon, L50, F|
|poke|p1|Charizard, L50, M|
|poke|p2|Raichu, L50, F|
|poke|p2|Metagross, L50|
|poke|p2|Garchomp, L50, F|
|poke|p2|Scrafty, L50, F|
|poke|p2|Abomasnow, L50, F|
|poke|p2|Whimsicott, L50, F|
|teampreview|4
|showteam|p1|Aerodactyl||Aerodactylite|Unnerve|RockSlide,Protect,DualWingbeat,Tailwind|Jolly||M|||50|]Garchomp||LifeOrb|RoughSkin|Protect,DragonClaw,Earthquake,StompingTantrum|Adamant||F|||50|]Kingambit||FocusSash|Defiant|LowKick,IronHead,SuckerPunch,Protect|Adamant||M|||50|]Farigiraf||SitrusBerry|ArmorTail|Roar,TwinBeam,TrickRoom,EnergyBall|Bold||M|||50|]Sylveon||FairyFeather|Pixilate|HyperVoice,Protect,HyperBeam,QuickAttack|Bold||F|||50|]Charizard||CharizarditeY|Blaze|HeatWave,WeatherBall,SolarBeam,Protect|Modest||M|||50|
|showteam|p2|Raichu||RaichuniteY|LightningRod|FakeOut,ZapCannon,FocusBlast,Protect|Timid||F|||50|]Metagross||Metagrossite|ClearBody|Protect,PsychicFangs,MeteorMash,StompingTantrum|Adamant|||||50|]Garchomp||LifeOrb|RoughSkin|Protect,Earthquake,RockSlide,DragonClaw|Jolly||F|||50|]Scrafty||Leftovers|Intimidate|ThroatChop,FakeOut,LowKick,SuperFang|Jolly||F|||50|]Abomasnow||OccaBerry|SnowWarning|AuroraVeil,Blizzard,GigaDrain,EarthPower|Modest||F|||50|]Whimsicott||FocusSash|Prankster|EnergyBall,Tailwind,WorrySeed,Encore|Timid||F|||50|
|inactive|Battle timer is ON: inactive players will automatically lose when time's up. (requested by FERA kApset)
|c|☆Pikapower25|Gg, Glhf
|inactive|FERA kApset has 60 seconds left.
|
|t:|1782498052
|teamsize|p1|4
|teamsize|p2|4
|start
|switch|p1a: Aerodactyl|Aerodactyl, L50, M|100/100
|switch|p1b: Garchomp|Garchomp, L50, F|100/100
|switch|p2a: Abomasnow|Abomasnow, L50, F|100/100
|switch|p2b: Raichu|Raichu, L50, F|100/100
|-ability|p1a: Aerodactyl|Unnerve
|-weather|Snowscape|[from] ability: Snow Warning|[of] p2a: Abomasnow
|turn|1
|inactive|FERA kApset has 30 seconds left.
|inactive|Pikapower25 has 30 seconds left.
|
|t:|1782498080
|detailschange|p1a: Aerodactyl|Aerodactyl-Mega, L50, M
|-mega|p1a: Aerodactyl|Aerodactyl|Aerodactylite
|move|p1b: Garchomp|Protect|p1b: Garchomp
|-singleturn|p1b: Garchomp|Protect
|move|p2b: Raichu|Fake Out|p1b: Garchomp
|-activate|p1b: Garchomp|move: Protect
|move|p1a: Aerodactyl|Tailwind|p1a: Aerodactyl
|-sidestart|p1: FERA kApset|move: Tailwind
|move|p2a: Abomasnow|Blizzard|p1a: Aerodactyl|[spread] p1a
|-activate|p1b: Garchomp|move: Protect
|-supereffective|p1a: Aerodactyl|1
|-damage|p1a: Aerodactyl|28/100
|-status|p1a: Aerodactyl|frz
|
|-weather|Snowscape|[upkeep]
|upkeep
|turn|2
|inactive|FERA kApset has 30 seconds left.
|
|t:|1782498115
|switch|p2b: Scrafty|Scrafty, L50, F|100/100
|-ability|p2b: Scrafty|Intimidate|boost
|-unboost|p1a: Aerodactyl|atk|1
|-unboost|p1b: Garchomp|atk|1
|cant|p1a: Aerodactyl|frz
|move|p1b: Garchomp|Dragon Claw|p2a: Abomasnow
|-damage|p2a: Abomasnow|70/100
|-damage|p1b: Garchomp|90/100|[from] item: Life Orb
|move|p2a: Abomasnow|Blizzard|p1a: Aerodactyl|[spread] p1a,p1b
|-supereffective|p1a: Aerodactyl|1
|-supereffective|p1b: Garchomp|2
|-damage|p1a: Aerodactyl|0 fnt
|-damage|p1b: Garchomp|0 fnt
|faint|p1a: Aerodactyl
|faint|p1b: Garchomp
|
|-weather|Snowscape|[upkeep]
|upkeep
|
|t:|1782498130
|switch|p1a: Kingambit|Kingambit, L50, M|100/100
|switch|p1b: Sylveon|Sylveon, L50, F|100/100
|turn|3
|
|t:|1782498144
|move|p1a: Kingambit|Iron Head|p2a: Abomasnow
|-supereffective|p2a: Abomasnow|1
|-damage|p2a: Abomasnow|2/100
|move|p1b: Sylveon|Hyper Voice|p2a: Abomasnow|[spread] p2a,p2b
|-crit|p2a: Abomasnow
|-supereffective|p2b: Scrafty|2
|-damage|p2a: Abomasnow|0 fnt
|-damage|p2b: Scrafty|0 fnt
|faint|p2a: Abomasnow
|faint|p2b: Scrafty
|
|-weather|Snowscape|[upkeep]
|upkeep
|
|t:|1782498155
|switch|p2b: Raichu|Raichu, L50, F|100/100
|switch|p2a: Metagross|Metagross, L50|100/100
|turn|4
|
|t:|1782498166
|detailschange|p2b: Raichu|Raichu-Mega-Y, L50, F
|-mega|p2b: Raichu|Raichu|Raichunite Y
|move|p1a: Kingambit|Protect|p1a: Kingambit
|-singleturn|p1a: Kingambit|Protect
|move|p1b: Sylveon|Protect|p1b: Sylveon
|-singleturn|p1b: Sylveon|Protect
|move|p2a: Metagross|Protect|p2a: Metagross
|-singleturn|p2a: Metagross|Protect
|move|p2b: Raichu|Zap Cannon|p1b: Sylveon
|-activate|p1b: Sylveon|move: Protect
|
|-weather|Snowscape|[upkeep]
|-sideend|p1: FERA kApset|move: Tailwind
|upkeep
|turn|5
|
|t:|1782498186
|move|p1a: Kingambit|Sucker Punch|p2a: Metagross
|-supereffective|p2a: Metagross|1
|-damage|p2a: Metagross|35/100
|move|p2b: Raichu|Zap Cannon|p1b: Sylveon
|-damage|p1b: Sylveon|47/100
|-status|p1b: Sylveon|par
|move|p2a: Metagross|Stomping Tantrum|p1a: Kingambit
|-supereffective|p1a: Kingambit|1
|-damage|p1a: Kingambit|48/100
|move|p1b: Sylveon|Hyper Beam|p2b: Raichu
|-damage|p2b: Raichu|0 fnt
|-mustrecharge|p1b: Sylveon
|faint|p2b: Raichu
|
|-weather|none
|upkeep
|turn|6
|
|t:|1782498204
|move|p1a: Kingambit|Sucker Punch|p2a: Metagross
|-supereffective|p2a: Metagross|1
|-damage|p2a: Metagross|0 fnt
|faint|p2a: Metagross
|
|win|FERA kApset
