|j|☆bluntmaster9000
|j|☆DonDeLenguas
|html|bluntmaster9000DonDeLenguas    
|uhtml|bestof|Game 3 of a best-of-3
|t:|1755556979
|gametype|doubles
|player|p1|bluntmaster9000|2|1188
|player|p2|DonDeLenguas|170|1281
|gen|9
|tier|[Gen 9] VGC 2025 Reg H (Bo3)
|rated|
|rule|Species Clause: Limit one of each Pokémon
|rule|Item Clause: Limit 1 of each item
|clearpoke
|poke|p1|Indeedee, L50, M|
|poke|p1|Sneasler, L50, M|
|poke|p1|Whimsicott, L50, M|
|poke|p1|Delphox, L50, F|
|poke|p1|Ursaluna, L50, F|
|poke|p1|Porygon2, L50|
|poke|p2|Kilowattrel, L50, M|
|poke|p2|Garchomp, L50, F|
|poke|p2|Gardevoir, L50, M|
|poke|p2|Incineroar, L50, M|
|poke|p2|Gholdengo, L50|
|poke|p2|Weezing, L50, F|
|teampreview|4
|showteam|p1|Indeedee||ChoiceScarf|PsychicSurge|ExpandingForce,DazzlingGleam,Trick,ShadowBall|||M|||50|,,,,,Psychic]Sneasler||PsychicSeed|Unburden|DireClaw,CloseCombat,ThroatChop,Protect|||M|||50|,,,,,Dark]Whimsicott||CovertCloak|Prankster|Tailwind,Moonblast,HelpingHand,Protect|||M|||50|,,,,,Fire]Delphox||FocusSash|Blaze|ExpandingForce,HeatWave,FocusBlast,Protect|||F|||50|,,,,,Stellar]Ursaluna||FlameOrb|Guts|HeadlongRush,Facade,Earthquake,Protect|||F|||50|,,,,,Ghost]Porygon2||Eviolite|Download|IceBeam,TeraBlast,TrickRoom,Recover||||||50|,,,,,Water
|showteam|p2|Kilowattrel||FocusSash|Competitive|Protect,Tailwind,AirSlash,Discharge|||M|||50|,,,,,Ghost]Garchomp||LifeOrb|RoughSkin|Protect,DragonClaw,StompingTantrum,Earthquake|||F|||50|,,,,,Ground]Gardevoir||ChoiceScarf|Telepathy|Moonblast,DazzlingGleam,ExpandingForce,MysticalFire|||M|||50|,,,,,Fire]Incineroar||AbilityShield|Intimidate|FakeOut,FlareBlitz,KnockOff,PartingShot|||M|||50|,,,,,Grass]Gholdengo||AirBalloon|GoodasGold|MakeItRain,ShadowBall,NastyPlot,Protect||||||50|,,,,,Flying]Weezing||SitrusBerry|NeutralizingGas|Protect,SludgeBomb,WillOWisp,Haze|||F|||50|,,,,,Water
|inactive|Battle timer is ON: inactive players will automatically lose when time's up. (requested by bluntmaster9000)
|inactive|bluntmaster9000 has 60 seconds left.
|inactive|bluntmaster9000 has 30 seconds left.
|inactive|bluntmaster9000 has 20 seconds left.
|
|t:|1755557053
|teamsize|p1|4
|teamsize|p2|4
|start
|switch|p1a: Whimsicott|Whimsicott, L50, M|100/100
|switch|p1b: Ursaluna|Ursaluna, L50, F|100/100
|switch|p2a: Gardevoir|Gardevoir, L50, M|100/100
|switch|p2b: Incineroar|Incineroar, L50, M|100/100
|-ability|p2b: Incineroar|Intimidate|boost
|-unboost|p1a: Whimsicott|atk|1
|-unboost|p1b: Ursaluna|atk|1
|turn|1
|inactive|DonDeLenguas has 30 seconds left.
|inactive|bluntmaster9000 has 30 seconds left.
|inactive|bluntmaster9000 has 20 seconds left.
|
|t:|1755557099
|switch|p2b: Weezing|Weezing, L50, F|100/100
|-ability|p2b: Weezing|Neutralizing Gas
|-terastallize|p1b: Ursaluna|Ghost
|move|p2a: Gardevoir|Mystical Fire|p1a: Whimsicott
|-supereffective|p1a: Whimsicott
|-damage|p1a: Whimsicott|21/100
|move|p1a: Whimsicott|Tailwind|p1a: Whimsicott
|-sidestart|p1: bluntmaster9000|move: Tailwind
|move|p1b: Ursaluna|Earthquake|p2a: Gardevoir|[spread] p1a,p2a,p2b
|-resisted|p1a: Whimsicott
|-supereffective|p2b: Weezing
|-damage|p1a: Whimsicott|0 fnt
|-damage|p2a: Gardevoir|51/100
|-damage|p2b: Weezing|50/100
|-enditem|p2b: Weezing|Sitrus Berry|[eat]
|-heal|p2b: Weezing|75/100|[from] item: Sitrus Berry
|faint|p1a: Whimsicott
|
|-status|p1b: Ursaluna|brn|[from] item: Flame Orb
|upkeep
|inactive|bluntmaster9000 has 30 seconds left.
|
|t:|1755557132
|switch|p1a: Sneasler|Sneasler, L50, M|100/100
|turn|2
|
|t:|1755557154
|move|p1a: Sneasler|Protect|p1a: Sneasler
|-singleturn|p1a: Sneasler|Protect
|move|p2b: Weezing|Protect|p2b: Weezing
|-singleturn|p2b: Weezing|Protect
|move|p2a: Gardevoir|Mystical Fire|p1a: Sneasler
|-activate|p1a: Sneasler|move: Protect
|move|p1b: Ursaluna|Facade|p2b: Weezing
|-activate|p2b: Weezing|move: Protect
|
|-damage|p1b: Ursaluna|95/100 brn|[from] brn
|upkeep
|turn|3
|inactive|bluntmaster9000 has 30 seconds left.
|
|t:|1755557180
|switch|p2a: Incineroar|Incineroar, L50, M|100/100
|-ability|p2a: Incineroar|Intimidate|boost
|-unboost|p1a: Sneasler|atk|1
|-unboost|p1b: Ursaluna|atk|1
|move|p1a: Sneasler|Dire Claw|p2a: Incineroar
|-damage|p2a: Incineroar|78/100
|move|p1b: Ursaluna|Facade|p2b: Weezing
|-damage|p2b: Weezing|40/100
|move|p2b: Weezing|Will-O-Wisp|p1a: Sneasler
|-status|p1a: Sneasler|brn
|
|-damage|p1a: Sneasler|95/100 brn|[from] brn
|-damage|p1b: Ursaluna|89/100 brn|[from] brn
|upkeep
|turn|4
|inactive|bluntmaster9000 has 30 seconds left.
|inactive|bluntmaster9000 has 20 seconds left.
|inactive|bluntmaster9000 has 15 seconds left.
|
|t:|1755557221
|move|p2b: Weezing|Protect|p2b: Weezing
|-singleturn|p2b: Weezing|Protect
|move|p1a: Sneasler|Close Combat|p2a: Incineroar
|-supereffective|p2a: Incineroar
|-damage|p2a: Incineroar|43/100
|-unboost|p1a: Sneasler|def|1
|-unboost|p1a: Sneasler|spd|1
|move|p1b: Ursaluna|Facade|p2a: Incineroar
|-damage|p2a: Incineroar|12/100
|move|p2a: Incineroar|Knock Off|p1b: Ursaluna
|-supereffective|p1b: Ursaluna
|-damage|p1b: Ursaluna|28/100 brn
|-enditem|p1b: Ursaluna|Flame Orb|[from] move: Knock Off|[of] p2a: Incineroar
|
|-damage|p1a: Sneasler|89/100 brn|[from] brn
|-damage|p1b: Ursaluna|22/100 brn|[from] brn
|-sideend|p1: bluntmaster9000|move: Tailwind
|upkeep
|turn|5
|inactive|bluntmaster9000 has 30 seconds left.
|inactive|DonDeLenguas has 30 seconds left.
|
|t:|1755557255
|switch|p2a: Gholdengo|Gholdengo, L50|100/100
|-item|p2a: Gholdengo|Air Balloon
|switch|p1b: Indeedee|Indeedee, L50, M|100/100
|move|p2b: Weezing|Protect||[still]
|-fail|p2b: Weezing
|move|p1a: Sneasler|Dire Claw|p2a: Gholdengo
|-immune|p2a: Gholdengo
|
|-damage|p1a: Sneasler|83/100 brn|[from] brn
|upkeep
|turn|6
|inactive|DonDeLenguas has 30 seconds left.
|
|t:|1755557282
|-end|p2b: Weezing|ability: Neutralizing Gas
|-fieldstart|move: Psychic Terrain|[from] ability: Psychic Surge|[of] p1b: Indeedee
|-enditem|p1a: Sneasler|Psychic Seed
|-boost|p1a: Sneasler|spd|1|[from] item: Psychic Seed
|switch|p2b: Incineroar|Incineroar, L50, M|12/100
|-ability|p2b: Incineroar|Intimidate|boost
|-unboost|p1a: Sneasler|atk|1
|-unboost|p1b: Indeedee|atk|1
|move|p1a: Sneasler|Throat Chop|p2a: Gholdengo
|-supereffective|p2a: Gholdengo
|-damage|p2a: Gholdengo|81/100
|-start|p2a: Gholdengo|Throat Chop|[silent]
|-enditem|p2a: Gholdengo|Air Balloon
|move|p1b: Indeedee|Shadow Ball|p2a: Gholdengo
|-supereffective|p2a: Gholdengo
|-damage|p2a: Gholdengo|25/100
|-unboost|p2a: Gholdengo|spd|1
|move|p2a: Gholdengo|Shadow Ball|p1b: Indeedee
|-immune|p1b: Indeedee
|
|-damage|p1a: Sneasler|77/100 brn|[from] brn
|upkeep
|turn|7
|inactive|bluntmaster9000 has 30 seconds left.
|inactive|DonDeLenguas has 30 seconds left.
|inactive|DonDeLenguas has 20 seconds left.
|inactive|DonDeLenguas has 15 seconds left.
|
|t:|1755557322
|switch|p2b: Weezing|Weezing, L50, F|40/100
|-ability|p2b: Weezing|Neutralizing Gas
|move|p2a: Gholdengo|Protect|p2a: Gholdengo
|-singleturn|p2a: Gholdengo|Protect
|move|p1b: Indeedee|Shadow Ball|p2a: Gholdengo
|-activate|p2a: Gholdengo|move: Protect
|move|p1a: Sneasler|Close Combat|p2b: Weezing
|-resisted|p2b: Weezing
|-damage|p2b: Weezing|34/100
|-unboost|p1a: Sneasler|def|1
|-unboost|p1a: Sneasler|spd|1
|
|-damage|p1a: Sneasler|72/100 brn|[from] brn
|-end|p2a: Gholdengo|Throat Chop|[silent]
|upkeep
|turn|8
|inactive|bluntmaster9000 has 30 seconds left.
|
|t:|1755557355
|switch|p1a: Ursaluna|Ursaluna, L50, F, tera:Ghost|22/100 brn
|move|p2b: Weezing|Protect|p2b: Weezing
|-singleturn|p2b: Weezing|Protect
|move|p1b: Indeedee|Shadow Ball|p2a: Gholdengo
|-supereffective|p2a: Gholdengo
|-damage|p2a: Gholdengo|0 fnt
|faint|p2a: Gholdengo
|
|-damage|p1a: Ursaluna|16/100 brn|[from] brn
|upkeep
|
|t:|1755557365
|switch|p2a: Gardevoir|Gardevoir, L50, M|51/100
|turn|9
|
|t:|1755557390
|move|p1b: Indeedee|Shadow Ball|p2a: Gardevoir
|-supereffective|p2a: Gardevoir
|-damage|p2a: Gardevoir|0 fnt
|faint|p2a: Gardevoir
|move|p2b: Weezing|Sludge Bomb|p1b: Indeedee
|-crit|p1b: Indeedee
|-damage|p1b: Indeedee|40/100
|move|p1a: Ursaluna|Headlong Rush|p2b: Weezing
|-supereffective|p2b: Weezing
|-damage|p2b: Weezing|0 fnt
|-unboost|p1a: Ursaluna|def|1
|-unboost|p1a: Ursaluna|spd|1
|faint|p2b: Weezing
|-end|p2b: Weezing|ability: Neutralizing Gas
|
|-damage|p1a: Ursaluna|10/100 brn|[from] brn
|upkeep
|
|t:|1755557400
|switch|p2b: Incineroar|Incineroar, L50, M|12/100
|-ability|p2b: Incineroar|Intimidate|boost
|-unboost|p1a: Ursaluna|atk|1
|-unboost|p1b: Indeedee|atk|1
|turn|10
|
|t:|1755557405
|move|p1b: Indeedee|Shadow Ball|p2b: Incineroar
|-resisted|p2b: Incineroar
|-damage|p2b: Incineroar|1/100
|move|p2b: Incineroar|Knock Off|p1a: Ursaluna
|-supereffective|p1a: Ursaluna
|-damage|p1a: Ursaluna|0 fnt
|faint|p1a: Ursaluna
|
|-fieldend|move: Psychic Terrain
|upkeep
|
|t:|1755557410
|switch|p1a: Sneasler|Sneasler, L50, M|72/100 brn
|turn|11
|
|t:|1755557413
|move|p1b: Indeedee|Shadow Ball|p2b: Incineroar
|-resisted|p2b: Incineroar
|-damage|p2b: Incineroar|0 fnt
|faint|p2b: Incineroar
|
|win|bluntmaster9000
|raw|bluntmaster9000's rating: 1188 → 1220(+32 for winning)
|raw|DonDeLenguas's rating: 1281 → 1249(-32 for losing)
