|j|☆Trafalgar-Froakie
|j|☆DayyChan
|html|Trafalgar-FroakieDayyChan    
|uhtml|bestof|Game 1 of a best-of-3
|t:|1756925514
|gametype|doubles
|player|p1|Trafalgar-Froakie|marshal|1097
|player|p2|DayyChan|miku-flying|1086
|gen|9
|tier|[Gen 9] VGC 2025 Reg H (Bo3)
|rated|
|rule|Species Clause: Limit one of each Pokémon
|rule|Item Clause: Limit 1 of each item
|clearpoke
|poke|p1|Archaludon, L50, M|
|poke|p1|Pelipper, L50, M|
|poke|p1|Sinistcha, L50|
|poke|p1|Ursaluna, L50, F|
|poke|p1|Dragonite, L50, M|
|poke|p1|Gholdengo, L50|
|poke|p2|Incineroar, L50, M|
|poke|p2|Ninetales-Alola, L50, M|
|poke|p2|Rillaboom, L50, M|
|poke|p2|Dragonite, L50, M|
|poke|p2|Basculegion, L50, M|
|poke|p2|Frosmoth, L50, M|
|teampreview|4
|showteam|p1|Archaludon||AssaultVest|Stamina|FlashCannon,BodyPress,ElectroShot,Snarl|||M|||50|,,,,,Fighting]Pelipper||FocusSash|Drizzle|Hurricane,MuddyWater,Tailwind,WideGuard|||M|||50|,,,,,Ghost]Sinistcha||SitrusBerry|Hospitality|MatchaGotcha,RagePowder,LifeDew,TrickRoom||||||50|,,,,,Dark]Ursaluna||FlameOrb|Guts|Facade,HeadlongRush,Earthquake,Protect|||F|||50|,,,,,Ghost]Dragonite||LoadedDice|Multiscale|Tailwind,Haze,ScaleShot,Protect|||M|||50|,,,,,Fairy]Gholdengo||ChoiceScarf|GoodasGold|MakeItRain,ShadowBall,TeraBlast,Trick||||||50|,,,,,Water
|showteam|p2|Incineroar||SafetyGoggles|Intimidate|FakeOut,KnockOff,PartingShot,FlareBlitz|||M|||50|,,,,,Ghost]Ninetales-Alola||LightClay|SnowWarning|Disable,Encore,AuroraVeil,Blizzard|||M|||50|,,,,,Ghost]Rillaboom||AssaultVest|GrassySurge|GrassyGlide,FakeOut,WoodHammer,Uturn|||M|||50|,,,,,Fire]Dragonite||LoadedDice|Multiscale|ScaleShot,ExtremeSpeed,Tailwind,Protect|||M|||50|,,,,,Fairy]Basculegion||ChoiceScarf|Adaptability|FlipTurn,AquaJet,WaveCrash,LastRespects|||M|||50|,,,,,Water]Frosmoth||Leftovers|IceScales|TeraBlast,Blizzard,Protect,QuiverDance|||M|||50|,,,,,Water
|inactive|Battle timer is ON: inactive players will automatically lose when time's up. (requested by DayyChan)
|inactive|Trafalgar-Froakie has 60 seconds left.
|inactive|DayyChan has 60 seconds left.
|inactive|Trafalgar-Froakie has 30 seconds left.
|
|t:|1756925577
|teamsize|p1|4
|teamsize|p2|4
|start
|switch|p1a: Dragonite|Dragonite, L50, M|100/100
|switch|p1b: Archaludon|Archaludon, L50, M|100/100
|switch|p2a: Feesh|Basculegion, L50, M|100/100
|switch|p2b: HTAFL|Ninetales-Alola, L50, M|100/100
|-weather|Snowscape|[from] ability: Snow Warning|[of] p2b: HTAFL
|turn|1
|inactive|Trafalgar-Froakie has 30 seconds left.
|inactive|Trafalgar-Froakie has 20 seconds left.
|inactive|Trafalgar-Froakie has 15 seconds left.
|inactive|Trafalgar-Froakie has 10 seconds left.
|
|t:|1756925623
|move|p2a: Feesh|Flip Turn|p1a: Dragonite
|-resisted|p1a: Dragonite
|-damage|p1a: Dragonite|90/100
|
|t:|1756925638
|switch|p2a: Muth|Frosmoth, L50, M|100/100|[from] Flip Turn
|move|p2b: HTAFL|Aurora Veil|p2b: HTAFL
|-sidestart|p2: DayyChan|move: Aurora Veil
|move|p1a: Dragonite|Tailwind|p1a: Dragonite
|-sidestart|p1: Trafalgar-Froakie|move: Tailwind
|move|p1b: Archaludon|Snarl|p2b: HTAFL|[spread] p2a,p2b
|-resisted|p2b: HTAFL
|-damage|p2a: Muth|96/100
|-damage|p2b: HTAFL|97/100
|-unboost|p2a: Muth|spa|1
|-unboost|p2b: HTAFL|spa|1
|
|-weather|Snowscape|[upkeep]
|-heal|p2a: Muth|100/100|[from] item: Leftovers
|upkeep
|turn|2
|inactive|Trafalgar-Froakie has 30 seconds left.
|inactive|Trafalgar-Froakie has 20 seconds left.
|inactive|Trafalgar-Froakie has 15 seconds left.
|
|t:|1756925682
|move|p1a: Dragonite|Scale Shot|p1b: Archaludon
|-damage|p1b: Archaludon|91/100
|-ability|p1b: Archaludon|Stamina|boost
|-boost|p1b: Archaludon|def|1
|-damage|p1b: Archaludon|85/100
|-ability|p1b: Archaludon|Stamina|boost
|-boost|p1b: Archaludon|def|1
|-damage|p1b: Archaludon|80/100
|-ability|p1b: Archaludon|Stamina|boost
|-boost|p1b: Archaludon|def|1
|-damage|p1b: Archaludon|76/100
|-ability|p1b: Archaludon|Stamina|boost
|-boost|p1b: Archaludon|def|1
|-damage|p1b: Archaludon|71/100
|-ability|p1b: Archaludon|Stamina|boost
|-boost|p1b: Archaludon|def|1
|-hitcount|p1b: Archaludon|5
|-unboost|p1a: Dragonite|def|1
|-boost|p1a: Dragonite|spe|1
|move|p1b: Archaludon|Flash Cannon|p2b: HTAFL
|-supereffective|p2b: HTAFL
|-damage|p2b: HTAFL|10/100
|move|p2b: HTAFL|Encore|p1b: Archaludon
|-start|p1b: Archaludon|Encore
|move|p2a: Muth|Blizzard|p1a: Dragonite|[spread] p1a,p1b
|-supereffective|p1a: Dragonite
|-damage|p1a: Dragonite|0 fnt
|-damage|p1b: Archaludon|54/100
|-ability|p1b: Archaludon|Stamina|boost
|-boost|p1b: Archaludon|def|1
|faint|p1a: Dragonite
|
|-weather|Snowscape|[upkeep]
|upkeep
|inactive|Trafalgar-Froakie has 30 seconds left.
|
|t:|1756925712
|switch|p1a: Pelipper|Pelipper, L50, M|100/100
|-weather|RainDance|[from] ability: Drizzle|[of] p1a: Pelipper
|turn|3
|inactive|DayyChan has 30 seconds left.
|
|t:|1756925738
|switch|p2b: Feesh|Basculegion, L50, M|100/100
|move|p2a: Muth|Protect|p2a: Muth
|-singleturn|p2a: Muth|Protect
|move|p1a: Pelipper|Hurricane|p2a: Muth
|-activate|p2a: Muth|move: Protect
|move|p1b: Archaludon|Flash Cannon|p2a: Muth
|-activate|p2a: Muth|move: Protect
|
|-weather|RainDance|[upkeep]
|upkeep
|turn|4
|inactive|Trafalgar-Froakie has 30 seconds left.
|inactive|DayyChan has 30 seconds left.
|inactive|Trafalgar-Froakie has 20 seconds left.
|inactive|DayyChan has 20 seconds left.
|inactive|DayyChan has 15 seconds left.
|inactive|DayyChan has 10 seconds left.
|
|t:|1756925787
|move|p1a: Pelipper|Hurricane|p2b: Feesh
|-damage|p2b: Feesh|58/100
|-start|p2b: Feesh|confusion
|move|p1b: Archaludon|Flash Cannon|p2a: Muth
|-supereffective|p2a: Muth
|-damage|p2a: Muth|77/100
|-activate|p2b: Feesh|confusion
|move|p2b: Feesh|Wave Crash|p1a: Pelipper
|-resisted|p1a: Pelipper
|-damage|p1a: Pelipper|18/100
|-damage|p2b: Feesh|39/100|[from] Recoil
|move|p2a: Muth|Quiver Dance|p2a: Muth
|-boost|p2a: Muth|spa|1
|-boost|p2a: Muth|spd|1
|-boost|p2a: Muth|spe|1
|
|-weather|RainDance|[upkeep]
|-heal|p2a: Muth|84/100|[from] item: Leftovers
|-sideend|p1: Trafalgar-Froakie|move: Tailwind
|upkeep
|turn|5
|
|t:|1756925812
|switch|p2b: HTAFL|Ninetales-Alola, L50, M|10/100
|-weather|Snowscape|[from] ability: Snow Warning|[of] p2b: HTAFL
|move|p2a: Muth|Protect|p2a: Muth
|-singleturn|p2a: Muth|Protect
|move|p1a: Pelipper|Tailwind|p1a: Pelipper
|-sidestart|p1: Trafalgar-Froakie|move: Tailwind
|move|p1b: Archaludon|Flash Cannon|p2b: HTAFL
|-supereffective|p2b: HTAFL
|-crit|p2b: HTAFL
|-damage|p2b: HTAFL|0 fnt
|faint|p2b: HTAFL
|
|-weather|Snowscape|[upkeep]
|-heal|p2a: Muth|90/100|[from] item: Leftovers
|-end|p1b: Archaludon|Encore
|upkeep
|
|t:|1756925828
|switch|p2b: Feesh|Basculegion, L50, M|39/100
|turn|6
|
|t:|1756925848
|switch|p1a: Gholdengo|Gholdengo, L50|100/100
|move|p2b: Feesh|Aqua Jet|p1a: Gholdengo
|-damage|p1a: Gholdengo|66/100
|move|p1b: Archaludon|Snarl|p2a: Muth|[spread] p2a,p2b
|-supereffective|p2b: Feesh
|-damage|p2a: Muth|87/100
|-damage|p2b: Feesh|20/100
|-unboost|p2a: Muth|spa|1
|-unboost|p2b: Feesh|spa|1
|move|p2a: Muth|Blizzard|p1b: Archaludon|[spread] p1a,p1b
|-resisted|p1a: Gholdengo
|-damage|p1a: Gholdengo|51/100
|-damage|p1b: Archaludon|35/100
|
|-weather|Snowscape|[upkeep]
|-heal|p2a: Muth|93/100|[from] item: Leftovers
|upkeep
|turn|7
|inactive|Trafalgar-Froakie has 30 seconds left.
|inactive|DayyChan has 30 seconds left.
|inactive|Trafalgar-Froakie has 20 seconds left.
|
|t:|1756925887
|move|p2b: Feesh|Aqua Jet|p1a: Gholdengo
|-damage|p1a: Gholdengo|21/100
|move|p1a: Gholdengo|Trick|p2a: Muth
|-activate|p1a: Gholdengo|move: Trick|[of] p2a: Muth
|-item|p2a: Muth|Choice Scarf|[from] move: Trick
|-item|p1a: Gholdengo|Leftovers|[from] move: Trick
|move|p1b: Archaludon|Snarl|p2a: Muth|[spread] p2a,p2b
|-supereffective|p2b: Feesh
|-damage|p2a: Muth|90/100
|-damage|p2b: Feesh|2/100
|-unboost|p2a: Muth|spa|1
|-unboost|p2b: Feesh|spa|1
|move|p2a: Muth|Blizzard|p1a: Gholdengo|[spread] p1a,p1b
|-resisted|p1a: Gholdengo
|-damage|p1a: Gholdengo|11/100
|-damage|p1b: Archaludon|22/100
|-status|p1b: Archaludon|frz
|
|-weather|Snowscape|[upkeep]
|-heal|p1a: Gholdengo|17/100|[from] item: Leftovers
|upkeep
|turn|8
|inactive|Trafalgar-Froakie has 30 seconds left.
|
|t:|1756925920
|-terastallize|p1a: Gholdengo|Water
|move|p2b: Feesh|Aqua Jet|p1a: Gholdengo
|-resisted|p1a: Gholdengo
|-damage|p1a: Gholdengo|2/100
|move|p1a: Gholdengo|Make It Rain|p2b: Feesh|[spread] p2a,p2b
|-supereffective|p2a: Muth
|-resisted|p2b: Feesh
|-damage|p2a: Muth|65/100
|-damage|p2b: Feesh|0 fnt
|-unboost|p1a: Gholdengo|spa|1
|faint|p2b: Feesh
|cant|p1b: Archaludon|frz
|move|p2a: Muth|Blizzard|p1a: Gholdengo|[spread] p1a,p1b
|-resisted|p1a: Gholdengo
|-damage|p1a: Gholdengo|0 fnt
|-damage|p1b: Archaludon|8/100 frz
|faint|p1a: Gholdengo
|
|-weather|Snowscape|[upkeep]
|-sideend|p1: Trafalgar-Froakie|move: Tailwind
|-sideend|p2: DayyChan|move: Aurora Veil
|upkeep
|
|t:|1756925937
|switch|p1a: Pelipper|Pelipper, L50, M|18/100
|switch|p2b: Caht|Incineroar, L50, M|100/100
|-weather|RainDance|[from] ability: Drizzle|[of] p1a: Pelipper
|-ability|p2b: Caht|Intimidate|boost
|-unboost|p1a: Pelipper|atk|1
|-unboost|p1b: Archaludon|atk|1
|turn|9
|
|t:|1756925955
|-terastallize|p2b: Caht|Ghost
|move|p1a: Pelipper|Wide Guard|p1a: Pelipper
|-singleturn|p1a: Pelipper|Wide Guard
|move|p2b: Caht|Fake Out|p1a: Pelipper
|-damage|p1a: Pelipper|4/100
|move|p2a: Muth|Blizzard|p1a: Pelipper|[spread] 
|-activate|p1a: Pelipper|move: Wide Guard
|-activate|p1b: Archaludon|move: Wide Guard
|-curestatus|p1b: Archaludon|frz|[msg]
|move|p1b: Archaludon|Electro Shot||[still]
|-prepare|p1b: Archaludon|Electro Shot
|-boost|p1b: Archaludon|spa|1
|-anim|p1b: Archaludon|Electro Shot|p2b: Caht
|-damage|p2b: Caht|65/100
|
|-weather|RainDance|[upkeep]
|upkeep
|turn|10
|inactive|Trafalgar-Froakie has 30 seconds left.
|inactive|DayyChan has 30 seconds left.
|inactive|Trafalgar-Froakie has 20 seconds left.
|inactive|Trafalgar-Froakie has 15 seconds left.
|inactive|DayyChan has 20 seconds left.
|
|t:|1756925995
|move|p1a: Pelipper|Wide Guard|p1a: Pelipper
|-singleturn|p1a: Pelipper|Wide Guard
|move|p2a: Muth|Blizzard|p1b: Archaludon|[spread] 
|-activate|p1a: Pelipper|move: Wide Guard
|-activate|p1b: Archaludon|move: Wide Guard
|move|p1b: Archaludon|Body Press|p2a: Muth
|-crit|p2a: Muth
|-damage|p2a: Muth|0 fnt
|faint|p2a: Muth
|move|p2b: Caht|Knock Off|p1a: Pelipper
|-damage|p1a: Pelipper|0 fnt
|-enditem|p1a: Pelipper|Focus Sash|[from] move: Knock Off|[of] p2b: Caht
|faint|p1a: Pelipper
|
|-weather|RainDance|[upkeep]
|upkeep
|turn|11
|
|t:|1756926013
|move|p1b: Archaludon|Electro Shot||[still]
|-prepare|p1b: Archaludon|Electro Shot
|-boost|p1b: Archaludon|spa|1
|-anim|p1b: Archaludon|Electro Shot|p2b: Caht
|-damage|p2b: Caht|15/100
|move|p2b: Caht|Knock Off|p1b: Archaludon
|-damage|p1b: Archaludon|2/100
|-enditem|p1b: Archaludon|Assault Vest|[from] move: Knock Off|[of] p2b: Caht
|
|-weather|RainDance|[upkeep]
|upkeep
|turn|12
|
|t:|1756926024
|move|p1b: Archaludon|Electro Shot||[still]
|-prepare|p1b: Archaludon|Electro Shot
|-boost|p1b: Archaludon|spa|1
|-anim|p1b: Archaludon|Electro Shot|p2b: Caht
|-damage|p2b: Caht|0 fnt
|faint|p2b: Caht
|
|win|Trafalgar-Froakie
|l|☆DayyChan
|player|p2|
||DayyChan is ready for game 2.
||Trafalgar-Froakie is ready for game 2.
|uhtml|next|Next: Game 2 of 3
