|j|☆Doomnik
|j|☆White meth
|html|DoomnikWhite meth    
|uhtml|bestof|Game 2 of a best-of-3
|t:|1786035570
|gametype|doubles
|player|p1|Doomnik|volkner|
|player|p2|White meth|dawn|
|gen|9
|tier|[Gen 9 Champions] VGC 2026 Reg M-B (Bo3)
|rule|Species Clause: Limit one of each Pokémon
|rule|Item Clause: Limit 1 of each item
|clearpoke
|poke|p1|Tyranitar, L50, M|
|poke|p1|Staraptor, L50, M|
|poke|p1|Gholdengo, L50|
|poke|p1|Excadrill, L50, M|
|poke|p1|Sinistcha, L50|
|poke|p1|Milotic, L50, M|
|poke|p2|Kingambit, L50, F|
|poke|p2|Ninetales-Alola, L50, F|
|poke|p2|Incineroar, L50, F|
|poke|p2|Dragonite, L50, M|
|poke|p2|Sneasler, L50, M|
|poke|p2|Gengar, L50, M|
|teampreview|4
|showteam|p1|Tyranitar||Tyranitarite|SandStream|KnockOff,RockSlide,Protect,LowKick|Jolly||M|||50|]Staraptor||Staraptite|Intimidate|DualWingbeat,CloseCombat,Protect,Tailwind|Jolly||M|||50|]Gholdengo||LifeOrb|GoodasGold|MakeItRain,NastyPlot,Protect,ShadowBall|Timid|||||50|]Excadrill||FocusSash|SandRush|HighHorsepower,IronHead,RockSlide,Protect|Adamant||M|||50|]Sinistcha||SitrusBerry|Hospitality|MatchaGotcha,RagePowder,ShadowBall,Protect|Calm|||||50|]Milotic||Leftovers|Competitive|Scald,IcyWind,Protect,IceBeam|Modest||M|||50|
|showteam|p2|Kingambit||BlackGlasses|Defiant|KowtowCleave,SuckerPunch,LowKick,Protect|Adamant||F|||50|]Ninetales-Alola||ChoiceScarf|SnowWarning|Blizzard,FreezeDry,IcyWind,Encore|Timid||F|||50|]Incineroar||SitrusBerry|Intimidate|FlareBlitz,ThroatChop,FakeOut,PartingShot|Impish||F|||50|]Dragonite||LifeOrb|InnerFocus|DragonClaw,Superpower,ExtremeSpeed,Protect|Adamant||M|||50|]Sneasler||FocusSash|Unburden|CloseCombat,DireClaw,RockSlide,Protect|Adamant||M|||50|]Gengar||Gengarite|CursedBody|SludgeBomb,ShadowBall,Substitute,Protect|Modest||M|||50|
|inactive|Battle timer is ON: inactive players will automatically lose when time's up. (requested by Doomnik)
|j| Shmon
|j| CiccioCT29
|j| Sela133VII
|j| crudo de fava
|inactive|Doomnik has 60 seconds left.
|
|t:|1786035621
|teamsize|p1|4
|teamsize|p2|4
|start
|switch|p1a: Tyranitar|Tyranitar, L50, M|100/100
|switch|p1b: Excadrill|Excadrill, L50, M|100/100
|switch|p2a: Gengar|Gengar, L50, M|100/100
|switch|p2b: Sneasler|Sneasler, L50, M|100/100
|-weather|Sandstorm|[from] ability: Sand Stream|[of] p1a: Tyranitar
|turn|1
|inactive|White meth has 30 seconds left.
|inactive|White meth has 20 seconds left.
|inactive|White meth has 15 seconds left.
|inactive|White meth has 10 seconds left.
|
|t:|1786035668
|detailschange|p2a: Gengar|Gengar-Mega, L50, M
|-mega|p2a: Gengar|Gengar|Gengarite
|move|p2a: Gengar|Protect|p2a: Gengar
|-singleturn|p2a: Gengar|Protect
|move|p2b: Sneasler|Protect|p2b: Sneasler
|-singleturn|p2b: Sneasler|Protect
|move|p1a: Tyranitar|Protect|p1a: Tyranitar
|-singleturn|p1a: Tyranitar|Protect
|move|p1b: Excadrill|High Horsepower|p2b: Sneasler
|-activate|p2b: Sneasler|move: Protect
|
|-weather|Sandstorm|[upkeep]
|-damage|p2a: Gengar|94/100|[from] Sandstorm
|-damage|p2b: Sneasler|94/100|[from] Sandstorm
|upkeep
|turn|2
|inactive|Doomnik has 30 seconds left.
|inactive|White meth has 30 seconds left.
|
|t:|1786035702
|switch|p2b: Dragonite|Dragonite, L50, M|100/100
|detailschange|p1a: Tyranitar|Tyranitar-Mega, L50, M
|-mega|p1a: Tyranitar|Tyranitar|Tyranitarite
|move|p1b: Excadrill|High Horsepower|p2b: Dragonite
|-immune|p2b: Dragonite
|move|p2a: Gengar|Substitute|p2a: Gengar
|-start|p2a: Gengar|Substitute
|-damage|p2a: Gengar|69/100
|move|p1a: Tyranitar|Knock Off|p2a: Gengar
|-supereffective|p2a: Gengar|1
|-end|p2a: Gengar|Substitute
|
|-weather|Sandstorm|[upkeep]
|-damage|p2a: Gengar|63/100|[from] Sandstorm
|-damage|p2b: Dragonite|93/100|[from] Sandstorm
|upkeep
|turn|3
|inactive|Doomnik has 30 seconds left.
|inactive|White meth has 30 seconds left.
|inactive|Doomnik has 20 seconds left.
|inactive|White meth has 20 seconds left.
|inactive|Doomnik has 15 seconds left.
|inactive|White meth has 15 seconds left.
|inactive|Doomnik has 10 seconds left.
|inactive|White meth has 10 seconds left.
|
|t:|1786035751
|switch|p2b: Sneasler|Sneasler, L50, M|94/100
|move|p2a: Gengar|Protect|p2a: Gengar
|-singleturn|p2a: Gengar|Protect
|move|p1b: Excadrill|Rock Slide|p2a: Gengar|[spread] p2b
|-activate|p2a: Gengar|move: Protect
|-resisted|p2b: Sneasler|1
|-damage|p2b: Sneasler|75/100
|move|p1a: Tyranitar|Rock Slide|p2b: Sneasler|[spread] p2b
|-activate|p2a: Gengar|move: Protect
|-resisted|p2b: Sneasler|1
|-damage|p2b: Sneasler|49/100
|
|-weather|Sandstorm|[upkeep]
|-damage|p2a: Gengar|58/100|[from] Sandstorm
|-damage|p2b: Sneasler|43/100|[from] Sandstorm
|upkeep
|turn|4
|inactive|Doomnik has 30 seconds left.
|
|t:|1786035778
|switch|p2a: Ninetales|Ninetales-Alola, L50, F|100/100
|-weather|Snowscape|[from] ability: Snow Warning|[of] p2a: Ninetales
|move|p1a: Tyranitar|Protect|p1a: Tyranitar
|-singleturn|p1a: Tyranitar|Protect
|move|p2b: Sneasler|Close Combat|p1b: Excadrill
|-supereffective|p1b: Excadrill|1
|-enditem|p1b: Excadrill|Focus Sash
|-damage|p1b: Excadrill|1/100
|-unboost|p2b: Sneasler|def|1
|-unboost|p2b: Sneasler|spd|1
|move|p1b: Excadrill|Iron Head|p2b: Sneasler
|-damage|p2b: Sneasler|0 fnt
|faint|p2b: Sneasler
|
|-weather|Snowscape|[upkeep]
|upkeep
|inactive|White meth has 30 seconds left.
|
|t:|1786035805
|switch|p2b: Gengar|Gengar-Mega, L50, M|58/100
|turn|5
|l| crudo de fava
|
|t:|1786035828
|move|p1a: Tyranitar|Protect||[still]
|-fail|p1a: Tyranitar
|move|p2a: Ninetales|Encore|p1a: Tyranitar
|-start|p1a: Tyranitar|Encore
|move|p2b: Gengar|Shadow Ball|p1b: Excadrill
|-damage|p1b: Excadrill|0 fnt
|faint|p1b: Excadrill
|
|-weather|Snowscape|[upkeep]
|upkeep
|j| crudo de fava
|
|t:|1786035840
|switch|p1b: Milotic|Milotic, L50, M|100/100
|turn|6
|j| BouncyJoltik
|inactive|Doomnik has 30 seconds left.
|inactive|White meth has 30 seconds left.
|
|t:|1786035869
|move|p1a: Tyranitar|Protect|p1a: Tyranitar
|-singleturn|p1a: Tyranitar|Protect
|move|p2a: Ninetales|Encore||[still]
|-fail|p2a: Ninetales
|move|p2b: Gengar|Sludge Bomb|p1b: Milotic
|-damage|p1b: Milotic|60/100
|move|p1b: Milotic|Ice Beam|p2a: Ninetales
|-resisted|p2a: Ninetales|1
|-damage|p2a: Ninetales|84/100
|
|-weather|Snowscape|[upkeep]
|-heal|p1b: Milotic|66/100|[from] item: Leftovers
|upkeep
|turn|7
|inactive|White meth has 30 seconds left.
|inactive|White meth has 20 seconds left.
|
|t:|1786035905
|move|p1a: Tyranitar|Protect||[still]
|-fail|p1a: Tyranitar
|move|p2a: Ninetales|Encore|p1b: Milotic
|-start|p1b: Milotic|Encore
|move|p2b: Gengar|Sludge Bomb|p1b: Milotic
|-damage|p1b: Milotic|22/100
|move|p1b: Milotic|Ice Beam|p2b: Gengar
|-crit|p2b: Gengar
|-damage|p2b: Gengar|9/100
|-status|p2b: Gengar|frz
|
|-weather|Snowscape|[upkeep]
|-heal|p1b: Milotic|28/100|[from] item: Leftovers
|upkeep
|turn|8
|
|t:|1786035923
|switch|p2a: Dragonite|Dragonite, L50, M|93/100
|move|p1a: Tyranitar|Protect|p1a: Tyranitar
|-singleturn|p1a: Tyranitar|Protect
|cant|p2b: Gengar|frz
|move|p1b: Milotic|Ice Beam|p2b: Gengar
|-damage|p2b: Gengar|0 fnt
|faint|p2b: Gengar
|
|-weather|none
|-heal|p1b: Milotic|34/100|[from] item: Leftovers
|-end|p1a: Tyranitar|Encore
|upkeep
|
|t:|1786035930
|switch|p2b: Ninetales|Ninetales-Alola, L50, F|84/100
|-weather|Snowscape|[from] ability: Snow Warning|[of] p2b: Ninetales
|turn|9
|inactive|Doomnik has 30 seconds left.
|inactive|White meth has 30 seconds left.
|
|t:|1786035958
|switch|p1a: Sinistcha|Sinistcha, L50|100/100
|-heal|p1b: Milotic|58/100|[from] ability: Hospitality|[of] p1a: Sinistcha
|move|p2b: Ninetales|Icy Wind|p1b: Milotic|[spread] p1a,p1b
|-supereffective|p1a: Sinistcha|1
|-resisted|p1b: Milotic|1
|-damage|p1a: Sinistcha|71/100
|-damage|p1b: Milotic|53/100
|-unboost|p1a: Sinistcha|spe|1
|-unboost|p1b: Milotic|spe|1
|-ability|p1b: Milotic|Competitive|boost
|-boost|p1b: Milotic|spa|2
|move|p2a: Dragonite|Dragon Claw|p1b: Milotic
|-damage|p1b: Milotic|1/100
|-damage|p2a: Dragonite|84/100|[from] item: Life Orb
|move|p1b: Milotic|Ice Beam|p2a: Dragonite
|-supereffective|p2a: Dragonite|2
|-damage|p2a: Dragonite|0 fnt
|faint|p2a: Dragonite
|
|-weather|Snowscape|[upkeep]
|-heal|p1b: Milotic|6/100|[from] item: Leftovers
|-end|p1b: Milotic|Encore
|upkeep
|turn|10
|-message|White meth forfeited.
|
|win|Doomnik
||White meth is ready for game 3.
||Doomnik is ready for game 3.
|uhtml|next|Next: Game 3 of 3
|l| crudo de fava
|l| CiccioCT29
|l| Sela133VII
|l| Shmon
