|j|☆dvd749
|j|☆Arnauz10
|html|dvd749Arnauz10    
|uhtml|bestof|Game 1 of a best-of-3
|t:|1756477543
|gametype|doubles
|player|p1|dvd749|1|1111
|player|p2|Arnauz10|ghetsis|1198
|gen|9
|tier|[Gen 9] VGC 2025 Reg H (Bo3)
|rated|
|rule|Species Clause: Limit one of each Pokémon
|rule|Item Clause: Limit 1 of each item
|clearpoke
|poke|p1|Sneasler, L50, M|
|poke|p1|Indeedee, L50, M|
|poke|p1|Dragonite, L50, F|
|poke|p1|Ursaluna-Bloodmoon, L50, M|
|poke|p1|Incineroar, L50, F|
|poke|p1|Electabuzz, L50, M|
|poke|p2|Annihilape, L50, M|
|poke|p2|Dragonite, L50, M|
|poke|p2|Gholdengo, L50|
|poke|p2|Porygon2, L50|
|poke|p2|Ursaluna, L50, M|
|poke|p2|Incineroar, L50, F|
|teampreview|4
|showteam|p1|Sneasler||PsychicSeed|Unburden|CloseCombat,DireClaw,ThroatChop,Protect|||M|||50|,,,,,Dark]Indeedee||ChoiceScarf|PsychicSurge|ExpandingForce,TeraBlast,Trick,Protect|||M|||50|,,,,,Psychic]Dragonite||LoadedDice|Multiscale|ScaleShot,Tailwind,StompingTantrum,Protect|||F|||50|,,,,,Steel]Ursaluna-Bloodmoon||LifeOrb|MindsEye|BloodMoon,HyperVoice,EarthPower,Protect|||M|||50|,,,,,Normal]Incineroar||SitrusBerry|Intimidate|FakeOut,FlareBlitz,KnockOff,PartingShot|||F|||50|,,,,,Ghost]Electabuzz||Eviolite|VitalSpirit|Electroweb,Taunt,FollowMe,Protect|||M|||50|,,,,,Dragon
|showteam|p2|Annihilape||FocusSash|Defiant|RageFist,CloseCombat,Coaching,Taunt|||M|||50|,,,,,Stellar]Dragonite||LoadedDice|Multiscale|ScaleShot,Haze,Tailwind,Protect|||M|||50|,,,,,Fairy]Gholdengo||LifeOrb|GoodasGold|ShadowBall,MakeItRain,NastyPlot,Protect||||||50|,,,,,Water]Porygon2||Eviolite|Download|IceBeam,TeraBlast,Recover,TrickRoom||||||50|,,,,,Fighting]Ursaluna||FlameOrb|Guts|Facade,Earthquake,HeadlongRush,Protect|||M|||50|,,,,,Ghost]Incineroar||SafetyGoggles|Intimidate|FakeOut,KnockOff,FlareBlitz,PartingShot|||F|||50|,,,,,Ghost
|inactive|Battle timer is ON: inactive players will automatically lose when time's up. (requested by dvd749)
|inactive|Arnauz10 has 60 seconds left.
|inactive|Arnauz10 has 30 seconds left.
|inactive|Arnauz10 has 20 seconds left.
|inactive|Arnauz10 has 15 seconds left.
|inactive|Arnauz10 has 10 seconds left.
|inactive|Arnauz10 has 5 seconds left.
|
|t:|1756477683
|teamsize|p1|4
|teamsize|p2|4
|start
|switch|p1a: Electabuzz|Electabuzz, L50, M|100/100
|switch|p1b: Ursaluna|Ursaluna-Bloodmoon, L50, M|100/100
|switch|p2a: Annihilape|Annihilape, L50, M|100/100
|switch|p2b: Ursaluna|Ursaluna, L50, M|100/100
|turn|1
|inactive|dvd749 has 30 seconds left.
|inactive|Arnauz10 has 30 seconds left.
|inactive|dvd749 has 20 seconds left.
|inactive|Arnauz10 has 20 seconds left.
|inactive|dvd749 has 15 seconds left.
|inactive|Arnauz10 has 15 seconds left.
|inactive|dvd749 has 10 seconds left.
|
|t:|1756477729
|-terastallize|p1b: Ursaluna|Normal
|move|p2b: Ursaluna|Protect|p2b: Ursaluna
|-singleturn|p2b: Ursaluna|Protect
|move|p2a: Annihilape|Taunt|p1a: Electabuzz
|-start|p1a: Electabuzz|move: Taunt
|move|p1a: Electabuzz|Electroweb|p2b: Ursaluna|[spread] p2a
|-activate|p2b: Ursaluna|move: Protect
|-damage|p2a: Annihilape|86/100
|-unboost|p2a: Annihilape|spe|1
|-ability|p2a: Annihilape|Defiant|boost
|-boost|p2a: Annihilape|atk|2
|move|p1b: Ursaluna|Hyper Voice|p2b: Ursaluna|[spread] p2a
|-activate|p2b: Ursaluna|move: Protect
|-damage|p2a: Annihilape|14/100
|-damage|p1b: Ursaluna|91/100|[from] item: Life Orb
|
|-status|p2b: Ursaluna|brn|[from] item: Flame Orb
|upkeep
|turn|2
|inactive|Arnauz10 has 30 seconds left.
|inactive|Arnauz10 has 20 seconds left.
|
|t:|1756477765
|-terastallize|p2a: Annihilape|Stellar
|move|p1a: Electabuzz|Electroweb|p2a: Annihilape|[spread] p2a
|-immune|p2b: Ursaluna
|-damage|p2a: Annihilape|0 fnt
|faint|p2a: Annihilape
|move|p1b: Ursaluna|Blood Moon|p2b: Ursaluna
|-damage|p2b: Ursaluna|0 fnt
|faint|p2b: Ursaluna
|-damage|p1b: Ursaluna|81/100|[from] item: Life Orb
|
|upkeep
|
|t:|1756477775
|switch|p2a: Incineroar|Incineroar, L50, F|100/100
|switch|p2b: Dragonite|Dragonite, L50, M|100/100
|-ability|p2a: Incineroar|Intimidate|boost
|-unboost|p1a: Electabuzz|atk|1
|-unboost|p1b: Ursaluna|atk|1
|turn|3
|inactive|Arnauz10 has 30 seconds left.
|inactive|Arnauz10 has 20 seconds left.
|
|t:|1756477813
|move|p1b: Ursaluna|Protect|p1b: Ursaluna
|-singleturn|p1b: Ursaluna|Protect
|move|p2a: Incineroar|Fake Out|p1a: Electabuzz
|-damage|p1a: Electabuzz|92/100
|move|p2b: Dragonite|Scale Shot|p1a: Electabuzz
|-damage|p1a: Electabuzz|82/100
|-damage|p1a: Electabuzz|70/100
|-damage|p1a: Electabuzz|57/100
|-damage|p1a: Electabuzz|45/100
|-hitcount|p1a: Electabuzz|4
|-unboost|p2b: Dragonite|def|1
|-boost|p2b: Dragonite|spe|1
|cant|p1a: Electabuzz|flinch
|
|-end|p1a: Electabuzz|move: Taunt
|upkeep
|turn|4
|inactive|Arnauz10 has 30 seconds left.
|
|t:|1756477841
|move|p2b: Dragonite|Protect|p2b: Dragonite
|-singleturn|p2b: Dragonite|Protect
|move|p1a: Electabuzz|Electroweb|p2b: Dragonite|[spread] p2a
|-activate|p2b: Dragonite|move: Protect
|-damage|p2a: Incineroar|88/100
|-unboost|p2a: Incineroar|spe|1
|move|p1b: Ursaluna|Blood Moon|p2a: Incineroar
|-damage|p2a: Incineroar|0 fnt
|faint|p2a: Incineroar
|-damage|p1b: Ursaluna|72/100|[from] item: Life Orb
|
|upkeep
|turn|5
|
|t:|1756477858
|move|p2b: Dragonite|Scale Shot|p1b: Ursaluna
|-damage|p1b: Ursaluna|59/100
|-damage|p1b: Ursaluna|48/100
|-damage|p1b: Ursaluna|35/100
|-damage|p1b: Ursaluna|23/100
|-damage|p1b: Ursaluna|12/100
|-hitcount|p1b: Ursaluna|5
|-unboost|p2b: Dragonite|def|1
|-boost|p2b: Dragonite|spe|1
|move|p1a: Electabuzz|Electroweb|p2b: Dragonite
|-damage|p2b: Dragonite|90/100
|-unboost|p2b: Dragonite|spe|1
|move|p1b: Ursaluna|Hyper Voice|p2b: Dragonite
|-damage|p2b: Dragonite|0 fnt
|faint|p2b: Dragonite
|-damage|p1b: Ursaluna|2/100|[from] item: Life Orb
|
|win|dvd749
