|j|☆nbadrose2
|j|☆Bellbottoms
|html|nbadrose2Bellbottoms    
|uhtml|bestof|Game 2 of a best-of-3
|t:|1757653136
|gametype|doubles
|player|p1|nbadrose2|bea|1405
|player|p2|Bellbottoms|pokemonbreederf-gen4|1458
|gen|9
|tier|[Gen 9] VGC 2025 Reg H (Bo3)
|rated|
|rule|Species Clause: Limit one of each Pokémon
|rule|Item Clause: Limit 1 of each item
|clearpoke
|poke|p1|Dragonite, L50, F|
|poke|p1|Ursaluna-Bloodmoon, L50, M|
|poke|p1|Gholdengo, L50|
|poke|p1|Sneasler, L50, M|
|poke|p1|Incineroar, L50, M|
|poke|p1|Amoonguss, L50, M|
|poke|p2|Gholdengo, L50|
|poke|p2|Rillaboom, L50, M|
|poke|p2|Arcanine-Hisui, L50, F|
|poke|p2|Sneasler, L50, M|
|poke|p2|Dragonite, L50, F|
|poke|p2|Ninetales-Alola, L50, F|
|teampreview|4
|showteam|p1|Dragonite||LoadedDice|Multiscale|ScaleShot,Tailwind,Protect,Haze|||F|||50|,,,,,Fairy]Ursaluna-Bloodmoon||AssaultVest|MindsEye|BloodMoon,EarthPower,HyperVoice,VacuumWave|||M|||50|,,,,,Water]Gholdengo||LifeOrb|GoodasGold|MakeItRain,ShadowBall,NastyPlot,Protect||||||50|,,,,,Water]Sneasler||WhiteHerb|PoisonTouch|CloseCombat,DireClaw,ThroatChop,Protect|||M|||50|,,,,,Dark]Incineroar||SafetyGoggles|Intimidate|FakeOut,KnockOff,FlareBlitz,PartingShot|||M|||50|,,,,,Ghost]Amoonguss||SitrusBerry|Regenerator|Spore,RagePowder,SludgeBomb,Protect|||M|||50|,,,,,Dark
|showteam|p2|Gholdengo||GrassySeed|GoodasGold|MakeItRain,NastyPlot,ShadowBall,Protect||||||50|,,,,,Water]Rillaboom||AssaultVest|GrassySurge|DrumBeating,GrassyGlide,FakeOut,HighHorsepower|||M|||50|,,,,,Fire]Arcanine-Hisui||ClearAmulet|Intimidate|RockSlide,FlareBlitz,ExtremeSpeed,Protect|||F|||50|,,,,,Water]Sneasler||WhiteHerb|Unburden|CloseCombat,DireClaw,Coaching,Protect|||M|||50|,,,,,Ghost]Dragonite||LoadedDice|Multiscale|ScaleShot,StompingTantrum,Protect,Tailwind|||F|||50|,,,,,Ground]Ninetales-Alola||FocusSash|SnowWarning|Blizzard,IcyWind,AuroraVeil,Encore|||F|||50|,,,,,Ghost
|inactive|Battle timer is ON: inactive players will automatically lose when time's up. (requested by nbadrose2)
|inactive|nbadrose2 has 60 seconds left.
|inactive|nbadrose2 has 30 seconds left.
|
|t:|1757653204
|teamsize|p1|4
|teamsize|p2|4
|start
|switch|p1a: Incineroar|Incineroar, L50, M|100/100
|switch|p1b: Amoonguss|Amoonguss, L50, M|100/100
|switch|p2a: Gold Ship|Gholdengo, L50, shiny|100/100
|switch|p2b: Maruzensky|Arcanine-Hisui, L50, F|100/100
|-ability|p2b: Maruzensky|Intimidate|boost
|-unboost|p1a: Incineroar|atk|1
|-unboost|p1b: Amoonguss|atk|1
|-ability|p1a: Incineroar|Intimidate|boost
|-unboost|p2a: Gold Ship|atk|1
|-fail|p2b: Maruzensky|unboost|[from] item: Clear Amulet|[of] p2b: Maruzensky
|turn|1
|inactive|nbadrose2 has 30 seconds left.
|inactive|nbadrose2 has 20 seconds left.
|
|t:|1757653242
|switch|p2b: Grass Wonder|Rillaboom, L50, M|100/100
|-fieldstart|move: Grassy Terrain|[from] ability: Grassy Surge|[of] p2b: Grass Wonder
|-enditem|p2a: Gold Ship|Grassy Seed
|-boost|p2a: Gold Ship|def|1|[from] item: Grassy Seed
|switch|p1b: Sneasler|Sneasler, L50, M|100/100
|move|p2a: Gold Ship|Nasty Plot|p2a: Gold Ship
|-boost|p2a: Gold Ship|spa|2
|move|p1a: Incineroar|Knock Off|p2a: Gold Ship
|-supereffective|p2a: Gold Ship
|-damage|p2a: Gold Ship|71/100
|
|-heal|p2a: Gold Ship|77/100|[from] Grassy Terrain
|upkeep
|turn|2
|c|☆Bellbottoms|My flights leaving so I gotta go I think ggs
|
|t:|1757653263
|move|p1b: Sneasler|Protect|p1b: Sneasler
|-singleturn|p1b: Sneasler|Protect
|move|p2b: Grass Wonder|High Horsepower|p1a: Incineroar
|-supereffective|p1a: Incineroar
|-damage|p1a: Incineroar|51/100
|move|p2a: Gold Ship|Make It Rain|p1a: Incineroar|[spread] p1a
|-activate|p1b: Sneasler|move: Protect
|-resisted|p1a: Incineroar
|-damage|p1a: Incineroar|15/100
|-unboost|p2a: Gold Ship|spa|1
|move|p1a: Incineroar|Flare Blitz|p2a: Gold Ship
|-supereffective|p2a: Gold Ship
|-damage|p2a: Gold Ship|33/100
|-damage|p1a: Incineroar|2/100|[from] Recoil
|
|-heal|p2a: Gold Ship|39/100|[from] Grassy Terrain
|-heal|p1a: Incineroar|8/100|[from] Grassy Terrain
|upkeep
|turn|3
|inactive|nbadrose2 has 30 seconds left.
|
|t:|1757653295
|-terastallize|p2a: Gold Ship|Water
|move|p1b: Sneasler|Dire Claw|p2b: Grass Wonder
|-supereffective|p2b: Grass Wonder
|-damage|p2b: Grass Wonder|12/100
|move|p2b: Grass Wonder|High Horsepower|p1b: Sneasler
|-supereffective|p1b: Sneasler
|-damage|p1b: Sneasler|0 fnt
|faint|p1b: Sneasler
|move|p2a: Gold Ship|Make It Rain|p1a: Incineroar
|-resisted|p1a: Incineroar
|-damage|p1a: Incineroar|0 fnt
|-unboost|p2a: Gold Ship|spa|1
|faint|p1a: Incineroar
|
|-heal|p2b: Grass Wonder|17/100|[from] Grassy Terrain
|-heal|p2a: Gold Ship|45/100|[from] Grassy Terrain
|upkeep
|
|t:|1757653303
|switch|p1b: Amoonguss|Amoonguss, L50, M|100/100
|switch|p1a: Gholdengo|Gholdengo, L50|100/100
|turn|4
|
|t:|1757653318
|switch|p2b: Oguri Cap|Ninetales-Alola, L50, F|100/100
|-weather|Snowscape|[from] ability: Snow Warning|[of] p2b: Oguri Cap
|move|p1a: Gholdengo|Protect|p1a: Gholdengo
|-singleturn|p1a: Gholdengo|Protect
|move|p2a: Gold Ship|Nasty Plot|p2a: Gold Ship
|-boost|p2a: Gold Ship|spa|2
|move|p1b: Amoonguss|Sludge Bomb|p2b: Oguri Cap
|-supereffective|p2b: Oguri Cap
|-damage|p2b: Oguri Cap|32/100
|
|-weather|Snowscape|[upkeep]
|-heal|p2b: Oguri Cap|38/100|[from] Grassy Terrain
|-heal|p2a: Gold Ship|51/100|[from] Grassy Terrain
|upkeep
|turn|5
|inactive|nbadrose2 has 30 seconds left.
|
|t:|1757653343
|move|p2b: Oguri Cap|Aurora Veil|p2b: Oguri Cap
|-sidestart|p2: Bellbottoms|move: Aurora Veil
|move|p1a: Gholdengo|Shadow Ball|p2a: Gold Ship
|-damage|p2a: Gold Ship|16/100
|-damage|p1a: Gholdengo|91/100|[from] item: Life Orb
|move|p2a: Gold Ship|Shadow Ball|p1a: Gholdengo
|-supereffective|p1a: Gholdengo
|-damage|p1a: Gholdengo|0 fnt
|faint|p1a: Gholdengo
|move|p1b: Amoonguss|Sludge Bomb|p2a: Gold Ship
|-damage|p2a: Gold Ship|0 fnt
|faint|p2a: Gold Ship
|
|-weather|Snowscape|[upkeep]
|-heal|p2b: Oguri Cap|44/100|[from] Grassy Terrain
|-fieldend|move: Grassy Terrain
|upkeep
|
|t:|1757653348
|switch|p2a: Maruzensky|Arcanine-Hisui, L50, F|100/100
|-ability|p2a: Maruzensky|Intimidate|boost
|-unboost|p1b: Amoonguss|atk|1
|turn|6
|c|☆Bellbottoms|Ggs
|
|t:|1757653364
|-terastallize|p1b: Amoonguss|Dark
|move|p2b: Oguri Cap|Blizzard|p1b: Amoonguss
|-damage|p1b: Amoonguss|66/100
|-status|p1b: Amoonguss|frz
|move|p2a: Maruzensky|Flare Blitz|p1b: Amoonguss
|-crit|p1b: Amoonguss
|-damage|p1b: Amoonguss|0 fnt
|faint|p1b: Amoonguss
|-damage|p2a: Maruzensky|73/100|[from] Recoil
|
|win|Bellbottoms
|raw|nbadrose2's rating: 1405 → 1388(-17 for losing)
|raw|Bellbottoms's rating: 1458 → 1475(+17 for winning)
|l|☆Bellbottoms
|player|p2|
