|j|☆dambro222
|j|☆SharlyVevo
|html|dambro222SharlyVevo    
|uhtml|bestof|Game 1 of a best-of-3
|t:|1756839051
|gametype|doubles
|player|p1|dambro222|ethan|1079
|player|p2|SharlyVevo|1|1068
|gen|9
|tier|[Gen 9] VGC 2025 Reg H (Bo3)
|rated|
|rule|Species Clause: Limit one of each Pokémon
|rule|Item Clause: Limit 1 of each item
|clearpoke
|poke|p1|Dragonite, L50, M|
|poke|p1|Volcarona, L50, F|
|poke|p1|Sneasler, L50, M|
|poke|p1|Rillaboom, L50, M|
|poke|p1|Electabuzz, L50, M|
|poke|p1|Kingambit, L50, M|
|poke|p2|Magmar, L50, F|
|poke|p2|Sneasler, L50, M|
|poke|p2|Rillaboom, L50, F|
|poke|p2|Kingambit, L50, F|
|poke|p2|Ninetales-Alola, L50, M|
|poke|p2|Dragapult, L50, M|
|teampreview|4
|showteam|p1|Dragonite||LoadedDice|Multiscale|ScaleShot,ExtremeSpeed,Haze,Protect|||M|||50|,,,,,Fairy]Volcarona||CovertCloak|FlameBody|HeatWave,TeraBlast,QuiverDance,Protect|||F|||50|,,,,,Fairy]Sneasler||FocusSash|Unburden|CloseCombat,DireClaw,RockSlide,Protect|||M|||50|,,,,,Stellar]Rillaboom||AssaultVest|GrassySurge|WoodHammer,GrassyGlide,HighHorsepower,FakeOut|||M|||50|,,,,,Water]Electabuzz||Eviolite|VitalSpirit|Electroweb,FollowMe,Taunt,Protect|||M|||50|,,,,,Ghost]Kingambit||BlackGlasses|Defiant|KowtowCleave,SuckerPunch,SwordsDance,Protect|||M|||50|,,,,,Dark
|showteam|p2|Magmar||Eviolite|FlameBody|Protect,FollowMe,Taunt,Overheat|||F|||50|,,,,,Grass]Sneasler||GrassySeed|Unburden|Protect,CloseCombat,DireClaw,FakeOut|||M|||50|,,,,,Dark]Rillaboom||AssaultVest|GrassySurge|FakeOut,Uturn,GrassyGlide,WoodHammer|||F|||50|,,,,,Fire]Kingambit||SafetyGoggles|Defiant|Protect,SuckerPunch,KowtowCleave,SwordsDance|||F|||50|,,,,,Dark]Ninetales-Alola||LightClay|SnowWarning|Protect,AuroraVeil,Blizzard,FreezeDry|||M|||50|,,,,,Ice]Dragapult||ChoiceBand|ClearBody|DragonDarts,Uturn,TeraBlast,SuckerPunch|||M|||50|,,,,,Ghost
|inactive|Battle timer is ON: inactive players will automatically lose when time's up. (requested by dambro222)
|inactive|SharlyVevo has 60 seconds left.
|inactive|SharlyVevo has 30 seconds left.
|inactive|SharlyVevo has 20 seconds left.
|inactive|SharlyVevo has 15 seconds left.
|inactive|SharlyVevo has 10 seconds left.
|
|t:|1756839134
|teamsize|p1|4
|teamsize|p2|4
|start
|switch|p1a: Volcarona|Volcarona, L50, F|100/100
|switch|p1b: Electabuzz|Electabuzz, L50, M|100/100
|switch|p2a: Magmar|Magmar, L50, F, shiny|100/100
|switch|p2b: Sneasler|Sneasler, L50, M, shiny|100/100
|turn|1
|
|t:|1756839153
|move|p2b: Sneasler|Fake Out|p1b: Electabuzz
|-damage|p1b: Electabuzz|89/100
|cant|p1b: Electabuzz|flinch
|move|p1a: Volcarona|Quiver Dance|p1a: Volcarona
|-boost|p1a: Volcarona|spa|1
|-boost|p1a: Volcarona|spd|1
|-boost|p1a: Volcarona|spe|1
|move|p2a: Magmar|Taunt|p1a: Volcarona
|-start|p1a: Volcarona|move: Taunt
|
|upkeep
|turn|2
|inactive|dambro222 has 30 seconds left.
|
|t:|1756839180
|move|p2b: Sneasler|Protect|p2b: Sneasler
|-singleturn|p2b: Sneasler|Protect
|move|p1b: Electabuzz|Follow Me|p1b: Electabuzz
|-singleturn|p1b: Electabuzz|move: Follow Me
|move|p1a: Volcarona|Heat Wave|p2a: Magmar|[spread] p2a
|-activate|p2b: Sneasler|move: Protect
|-resisted|p2a: Magmar
|-damage|p2a: Magmar|81/100
|move|p2a: Magmar|Overheat|p1b: Electabuzz
|-damage|p1b: Electabuzz|57/100
|-unboost|p2a: Magmar|spa|2
|
|upkeep
|turn|3
|
|t:|1756839204
|switch|p2b: Dragapult|Dragapult, L50, M, shiny|100/100
|move|p1b: Electabuzz|Follow Me|p1b: Electabuzz
|-singleturn|p1b: Electabuzz|move: Follow Me
|move|p1a: Volcarona|Heat Wave|p2b: Dragapult|[spread] p2a,p2b
|-resisted|p2a: Magmar
|-resisted|p2b: Dragapult
|-crit|p2b: Dragapult
|-damage|p2a: Magmar|60/100
|-damage|p2b: Dragapult|43/100
|move|p2a: Magmar|Taunt|p1b: Electabuzz
|-start|p1b: Electabuzz|move: Taunt
|
|upkeep
|turn|4
|inactive|SharlyVevo has 30 seconds left.
|inactive|SharlyVevo has 20 seconds left.
|
|t:|1756839239
|-terastallize|p1a: Volcarona|Fairy
|-terastallize|p2b: Dragapult|Ghost
|move|p1a: Volcarona|Heat Wave|p2a: Magmar|[spread] p2a,p2b
|-resisted|p2a: Magmar
|-damage|p2a: Magmar|40/100
|-damage|p2b: Dragapult|0 fnt
|faint|p2b: Dragapult
|move|p1b: Electabuzz|Electroweb|p2a: Magmar
|-damage|p2a: Magmar|25/100
|-unboost|p2a: Magmar|spe|1
|move|p2a: Magmar|Overheat|p1b: Electabuzz
|-damage|p1b: Electabuzz|39/100
|-unboost|p2a: Magmar|spa|2
|
|-end|p1a: Volcarona|move: Taunt
|upkeep
|
|t:|1756839246
|switch|p2b: Sneasler|Sneasler, L50, M, shiny|100/100
|turn|5
|
|t:|1756839263
|move|p1a: Volcarona|Protect|p1a: Volcarona
|-singleturn|p1a: Volcarona|Protect
|move|p2b: Sneasler|Dire Claw|p1a: Volcarona
|-activate|p1a: Volcarona|move: Protect
|move|p1b: Electabuzz|Electroweb|p2a: Magmar|[spread] p2a,p2b
|-damage|p2a: Magmar|15/100
|-damage|p2b: Sneasler|83/100
|-unboost|p2a: Magmar|spe|1
|-unboost|p2b: Sneasler|spe|1
|move|p2a: Magmar|Overheat|p1b: Electabuzz
|-damage|p1b: Electabuzz|26/100
|-unboost|p2a: Magmar|spa|2
|
|upkeep
|turn|6
|inactive|dambro222 has 30 seconds left.
|
|t:|1756839289
|move|p2a: Magmar|Protect|p2a: Magmar
|-singleturn|p2a: Magmar|Protect
|move|p1a: Volcarona|Heat Wave|p2b: Sneasler|[spread] p2b
|-activate|p2a: Magmar|move: Protect
|-damage|p2b: Sneasler|11/100
|move|p1b: Electabuzz|Electroweb|p2b: Sneasler|[spread] p2b
|-activate|p2a: Magmar|move: Protect
|-damage|p2b: Sneasler|0 fnt
|faint|p2b: Sneasler
|
|-end|p1b: Electabuzz|move: Taunt
|upkeep
|-message|SharlyVevo forfeited.
|
|win|dambro222
||dambro222 is ready for game 2.
|inactive|SharlyVevo has 30 seconds to confirm battle start!
||SharlyVevo is ready for game 2.
|uhtml|next|Next: Game 2 of 3
