|j|☆AGreatRobot
|j|☆Fairy Juice Jay
|html|AGreatRobotFairy Juice Jay    
|uhtml|bestof|Game 2 of a best-of-3
|t:|1783198532
|gametype|doubles
|player|p1|AGreatRobot|medium|
|player|p2|Fairy Juice Jay|burgh-masters|
|gen|9
|tier|[Gen 9 Champions] VGC 2026 Reg M-B (Bo3)
|rule|Species Clause: Limit one of each Pokémon
|rule|Item Clause: Limit 1 of each item
|clearpoke
|poke|p1|Annihilape, L50, M|
|poke|p1|Aerodactyl, L50, M|
|poke|p1|Blaziken, L50, F|
|poke|p1|Roserade, L50, F|
|poke|p1|Rotom-Wash, L50|
|poke|p1|Scizor, L50, M|
|poke|p2|Tyranitar, L50, F|
|poke|p2|Venusaur, L50, M|
|poke|p2|Excadrill, L50, F|
|poke|p2|Rotom-Heat, L50|
|poke|p2|Aegislash, L50, M|
|poke|p2|Primarina, L50, F|
|teampreview|4
|showteam|p1|Annihilape||SitrusBerry|Defiant|RageFist,DrainPunch,BulkUp,Protect|Careful||M|||50|]Aerodactyl||FocusSash|Pressure|RockSlide,WideGuard,Tailwind,Taunt|Jolly||M|||50|]Blaziken||Blazikenite|SpeedBoost|FlareBlitz,CloseCombat,SwordsDance,Detect|Adamant||F|||50|]Roserade||WideLens|PoisonPoint|PinMissile,SleepPowder,LifeDew,LeafStorm|Timid||F|||50|]Rotom-Wash||ChoiceScarf|Levitate|HydroPump,Electroweb,VoltSwitch,Thunderbolt|Modest|||||50|]Scizor||LifeOrb|Technician|Assurance,BulletPunch,Uturn,Protect|Adamant||M|||50|
|showteam|p2|Tyranitar||Tyranitarite|SandStream|RockSlide,KnockOff,Superpower,Protect|Adamant||F|||50|]Venusaur||Venusaurite|Chlorophyll|GigaDrain,SludgeBomb,LeechSeed,Protect|Bold||M|||50|]Excadrill||FocusSash|SandRush|HighHorsepower,IronHead,RockSlide,Protect|Adamant||F|||50|]Rotom-Heat||SitrusBerry|Levitate|Thunderbolt,Overheat,WillOWisp,Protect|Modest|||||50|]Aegislash||WhiteHerb|StanceChange|IronHead,Poltergeist,ShadowSneak,KingsShield|Adamant||M|||50|]Primarina||Leftovers|LiquidVoice|HyperVoice,Moonblast,AquaJet,Protect|Modest||F|||50|
|inactive|Battle timer is ON: inactive players will automatically lose when time's up. (requested by Fairy Juice Jay)
|inactive|Fairy Juice Jay has 60 seconds left.
|
|t:|1783198568
|teamsize|p1|4
|teamsize|p2|4
|start
|switch|p1a: Rotom|Rotom-Wash, L50|100/100
|switch|p1b: Scizor|Scizor, L50, M|100/100
|switch|p2a: Zippy|Rotom-Heat, L50|100/100
|switch|p2b: Primarina|Primarina, L50, F|100/100
|turn|1
|
|t:|1783198583
|move|p1b: Scizor|Protect|p1b: Scizor
|-singleturn|p1b: Scizor|Protect
|move|p2b: Primarina|Protect|p2b: Primarina
|-singleturn|p2b: Primarina|Protect
|move|p1a: Rotom|Hydro Pump|p2a: Zippy
|-supereffective|p2a: Zippy|1
|-damage|p2a: Zippy|7/100
|-enditem|p2a: Zippy|Sitrus Berry|[eat]
|-heal|p2a: Zippy|31/100|[from] item: Sitrus Berry
|move|p2a: Zippy|Overheat|p1b: Scizor
|-activate|p1b: Scizor|move: Protect
|
|upkeep
|turn|2
|
|t:|1783198604
|move|p2a: Zippy|Protect|p2a: Zippy
|-singleturn|p2a: Zippy|Protect
|move|p1b: Scizor|Bullet Punch|p2b: Primarina
|-damage|p2b: Primarina|49/100
|-damage|p1b: Scizor|90/100|[from] item: Life Orb
|move|p1a: Rotom|Hydro Pump|p2a: Zippy
|-activate|p2a: Zippy|move: Protect
|move|p2b: Primarina|Hyper Voice|p1b: Scizor|[spread] p1a,p1b
|-resisted|p1a: Rotom|1
|-damage|p1a: Rotom|78/100
|-damage|p1b: Scizor|42/100
|
|-heal|p2b: Primarina|55/100|[from] item: Leftovers
|upkeep
|turn|3
|inactive|AGreatRobot has 30 seconds left.
|inactive|Fairy Juice Jay has 30 seconds left.
|
|t:|1783198640
|switch|p1b: Annihilape|Annihilape, L50, M|100/100
|move|p2b: Primarina|Protect|p2b: Primarina
|-singleturn|p2b: Primarina|Protect
|move|p1a: Rotom|Hydro Pump|p2a: Zippy
|-supereffective|p2a: Zippy|1
|-damage|p2a: Zippy|0 fnt
|faint|p2a: Zippy
|
|-heal|p2b: Primarina|60/100|[from] item: Leftovers
|upkeep
|
|t:|1783198644
|switch|p2a: Petal|Venusaur, L50, M|100/100
|turn|4
|
|t:|1783198668
|switch|p1a: Scizor|Scizor, L50, M|42/100
|detailschange|p2a: Petal|Venusaur-Mega, L50, M
|-mega|p2a: Petal|Venusaur|Venusaurite
|move|p1b: Annihilape|Protect|p1b: Annihilape
|-singleturn|p1b: Annihilape|Protect
|move|p2a: Petal|Leech Seed|p1a: Scizor
|-start|p1a: Scizor|move: Leech Seed
|move|p2b: Primarina|Moonblast|p1b: Annihilape
|-activate|p1b: Annihilape|move: Protect
|
|-heal|p2b: Primarina|66/100|[from] item: Leftovers
|-damage|p1a: Scizor|30/100|[from] Leech Seed|[of] p2a: Petal
|upkeep
|turn|5
|inactive|AGreatRobot has 30 seconds left.
|
|t:|1783198702
|switch|p1b: Rotom|Rotom-Wash, L50|78/100
|move|p1a: Scizor|Protect|p1a: Scizor
|-singleturn|p1a: Scizor|Protect
|move|p2b: Primarina|Protect|p2b: Primarina
|-singleturn|p2b: Primarina|Protect
|move|p2a: Petal|Leech Seed|p1b: Rotom
|-start|p1b: Rotom|move: Leech Seed
|
|-heal|p2b: Primarina|72/100|[from] item: Leftovers
|-damage|p1b: Rotom|66/100|[from] Leech Seed|[of] p2a: Petal
|-damage|p1a: Scizor|18/100|[from] Leech Seed|[of] p2a: Petal
|upkeep
|turn|6
|
|t:|1783198727
|switch|p2b: Aegislash|Aegislash, L50, M|100/100
|move|p1b: Rotom|Volt Switch|p2b: Aegislash
|-damage|p2b: Aegislash|76/100
|
|t:|1783198732
|switch|p1b: Blaziken|Blaziken, L50, F|100/100|[from] Volt Switch
|move|p1a: Scizor|U-turn|p2b: Aegislash
|-resisted|p2b: Aegislash|2
|-damage|p2b: Aegislash|66/100
|-damage|p1a: Scizor|8/100|[from] item: Life Orb
|
|t:|1783198735
|switch|p1a: Annihilape|Annihilape, L50, M|100/100|[from] U-turn
|move|p2a: Petal|Giga Drain|p1b: Blaziken
|-resisted|p1b: Blaziken|1
|-damage|p1b: Blaziken|73/100
|
|upkeep
|turn|7
|
|t:|1783198748
|detailschange|p1b: Blaziken|Blaziken-Mega, L50, F
|-mega|p1b: Blaziken|Blaziken|Blazikenite
|move|p1b: Blaziken|Flare Blitz|p2b: Aegislash
|-supereffective|p2b: Aegislash|1
|-damage|p2b: Aegislash|0 fnt
|faint|p2b: Aegislash
|-damage|p1b: Blaziken|49/100|[from] Recoil
|move|p1a: Annihilape|Bulk Up|p1a: Annihilape
|-boost|p1a: Annihilape|atk|1
|-boost|p1a: Annihilape|def|1
|move|p2a: Petal|Sludge Bomb|p1b: Blaziken
|-damage|p1b: Blaziken|0 fnt
|faint|p1b: Blaziken
|
|upkeep
|
|t:|1783198754
|switch|p1b: Rotom|Rotom-Wash, L50|66/100
|switch|p2b: Primarina|Primarina, L50, F|72/100
|turn|8
|
|t:|1783198769
|move|p1a: Annihilape|Protect|p1a: Annihilape
|-singleturn|p1a: Annihilape|Protect
|move|p2b: Primarina|Protect|p2b: Primarina
|-singleturn|p2b: Primarina|Protect
|move|p1b: Rotom|Thunderbolt|p2b: Primarina
|-activate|p2b: Primarina|move: Protect
|move|p2a: Petal|Giga Drain|p1b: Rotom
|-supereffective|p1b: Rotom|1
|-damage|p1b: Rotom|0 fnt
|faint|p1b: Rotom
|
|-heal|p2b: Primarina|78/100|[from] item: Leftovers
|upkeep
|
|t:|1783198775
|switch|p1b: Scizor|Scizor, L50, M|8/100
|turn|9
|
|t:|1783198782
|move|p1b: Scizor|Bullet Punch|p2b: Primarina
|-damage|p2b: Primarina|28/100
|-damage|p1b: Scizor|0 fnt|[from] item: Life Orb
|faint|p1b: Scizor
|move|p1a: Annihilape|Rage Fist|p2b: Primarina
|-damage|p2b: Primarina|0 fnt
|faint|p2b: Primarina
|move|p2a: Petal|Giga Drain|p1a: Annihilape
|-damage|p1a: Annihilape|75/100
|
|upkeep
|turn|10
|
|t:|1783198792
|move|p1a: Annihilape|Rage Fist|p2a: Petal
|-damage|p2a: Petal|58/100
|move|p2a: Petal|Leech Seed|p1a: Annihilape
|-start|p1a: Annihilape|move: Leech Seed
|
|-damage|p1a: Annihilape|62/100|[from] Leech Seed|[of] p2a: Petal
|-heal|p2a: Petal|72/100|[silent]
|upkeep
|turn|11
|
|t:|1783198803
|move|p1a: Annihilape|Bulk Up|p1a: Annihilape
|-boost|p1a: Annihilape|atk|1
|-boost|p1a: Annihilape|def|1
|move|p2a: Petal|Giga Drain|p1a: Annihilape
|-damage|p1a: Annihilape|37/100
|-heal|p2a: Petal|87/100|[from] drain|[of] p1a: Annihilape
|-enditem|p1a: Annihilape|Sitrus Berry|[eat]
|-heal|p1a: Annihilape|62/100|[from] item: Sitrus Berry
|
|-damage|p1a: Annihilape|49/100|[from] Leech Seed|[of] p2a: Petal
|-heal|p2a: Petal|100/100|[silent]
|upkeep
|turn|12
|
|t:|1783198813
|move|p2a: Petal|Protect|p2a: Petal
|-singleturn|p2a: Petal|Protect
|move|p1a: Annihilape|Rage Fist|p2a: Petal
|-activate|p2a: Petal|move: Protect
|
|-damage|p1a: Annihilape|37/100|[from] Leech Seed|[of] p2a: Petal
|upkeep
|turn|13
|
|t:|1783198823
|move|p1a: Annihilape|Rage Fist|p2a: Petal
|-damage|p2a: Petal|22/100
|move|p2a: Petal|Giga Drain|p1a: Annihilape
|-damage|p1a: Annihilape|11/100
|-heal|p2a: Petal|37/100|[from] drain|[of] p1a: Annihilape
|
|-damage|p1a: Annihilape|0 fnt|[from] Leech Seed|[of] p2a: Petal
|-heal|p2a: Petal|51/100|[silent]
|faint|p1a: Annihilape
|
|win|Fairy Juice Jay
|c|☆Fairy Juice Jay|GGs
