|j|☆chefbenboyrd
|j|☆MidoMidori
|html|chefbenboyrdMidoMidori    
|uhtml|bestof|Game 2 of a best-of-3
|t:|1756398451
|gametype|doubles
|player|p1|chefbenboyrd|roughneck|1199
|player|p2|MidoMidori|roxanne-gen6|1204
|gen|9
|tier|[Gen 9] VGC 2025 Reg H (Bo3)
|rated|
|rule|Species Clause: Limit one of each Pokémon
|rule|Item Clause: Limit 1 of each item
|clearpoke
|poke|p1|Whimsicott, L50, M|
|poke|p1|Hydreigon, L50, M|
|poke|p1|Grimmsnarl, L50, M|
|poke|p1|Incineroar, L50, F|
|poke|p1|Gholdengo, L50|
|poke|p1|Annihilape, L50, M|
|poke|p2|Sneasler, L50, F|
|poke|p2|Indeedee, L50, M|
|poke|p2|Volcarona, L50, F|
|poke|p2|Ursaluna-Bloodmoon, L50, M|
|poke|p2|Annihilape, L50, M|
|poke|p2|Tyranitar, L50, M|
|teampreview|4
|showteam|p1|Whimsicott||FocusSash|Prankster|SunnyDay,Encore,Tailwind,Moonblast|||M|||50|,,,,,Ghost]Hydreigon||ChoiceSpecs|Levitate|HeatWave,DracoMeteor,Snarl,DarkPulse|||M|||50|,,,,,Fire]Grimmsnarl||LightClay|Prankster|SpiritBreak,Reflect,LightScreen,ThunderWave|||M|||50|,,,,,Steel]Incineroar||SafetyGoggles|Intimidate|KnockOff,FakeOut,PartingShot,FlareBlitz|||F|||50|,,,,,Ghost]Gholdengo||LifeOrb|GoodasGold|Protect,MakeItRain,ShadowBall,NastyPlot||||||50|,,,,,Water]Annihilape||SitrusBerry|Defiant|Protect,Taunt,RageFist,DrainPunch|||M|||50|,,,,,Fairy
|showteam|p2|Sneasler||PsychicSeed|Unburden|CloseCombat,DireClaw,ThroatChop,Protect|||F|||50|,,,,,Dark]Indeedee||ChoiceScarf|PsychicSurge|ExpandingForce,TeraBlast,Trick,Protect|||M|||50|,,,,,Psychic]Volcarona||SitrusBerry|FlameBody|Overheat,StruggleBug,RagePowder,Tailwind|||F|||50|,,,,,Grass]Ursaluna-Bloodmoon||LifeOrb|MindsEye|BloodMoon,HyperVoice,EarthPower,Protect|||M|||50|,,,,,Normal]Annihilape||SafetyGoggles|Defiant|CloseCombat,RageFist,Taunt,FinalGambit|||M|||50|,,,,,Fairy]Tyranitar||AssaultVest|SandStream|RockSlide,KnockOff,TeraBlast,LowKick|||M|||50|,,,,,Flying
|inactive|Battle timer is ON: inactive players will automatically lose when time's up. (requested by chefbenboyrd)
|inactive|MidoMidori has 60 seconds left.
|
|t:|1756398499
|teamsize|p1|4
|teamsize|p2|4
|start
|switch|p1a: Grimmsnarl|Grimmsnarl, L50, M|100/100
|switch|p1b: Hydreigon|Hydreigon, L50, M|100/100
|switch|p2a: Volcarona|Volcarona, L50, F|100/100
|switch|p2b: Indeedee|Indeedee, L50, M|100/100
|-fieldstart|move: Psychic Terrain|[from] ability: Psychic Surge|[of] p2b: Indeedee
|turn|1
|
|t:|1756398518
|-terastallize|p1b: Hydreigon|Fire
|move|p2b: Indeedee|Protect|p2b: Indeedee
|-singleturn|p2b: Indeedee|Protect
|move|p1a: Grimmsnarl|Light Screen|p1a: Grimmsnarl
|-sidestart|p1: chefbenboyrd|move: Light Screen
|move|p2a: Volcarona|Struggle Bug|p1a: Grimmsnarl|[spread] p1a,p1b
|-resisted|p1b: Hydreigon
|-damage|p1a: Grimmsnarl|91/100
|-damage|p1b: Hydreigon|94/100
|-unboost|p1a: Grimmsnarl|spa|1
|-unboost|p1b: Hydreigon|spa|1
|move|p1b: Hydreigon|Snarl|p2b: Indeedee|[spread] p2a
|-activate|p2b: Indeedee|move: Protect
|-damage|p2a: Volcarona|80/100
|-unboost|p2a: Volcarona|spa|1
|
|upkeep
|turn|2
|
|t:|1756398541
|switch|p2b: Sneasler|Sneasler, L50, F|100/100
|-enditem|p2b: Sneasler|Psychic Seed
|-boost|p2b: Sneasler|spd|1|[from] item: Psychic Seed
|move|p1a: Grimmsnarl|Reflect|p1a: Grimmsnarl
|-sidestart|p1: chefbenboyrd|Reflect
|move|p2a: Volcarona|Struggle Bug|p1b: Hydreigon|[spread] p1a,p1b
|-resisted|p1b: Hydreigon
|-damage|p1a: Grimmsnarl|84/100
|-damage|p1b: Hydreigon|89/100
|-unboost|p1a: Grimmsnarl|spa|1
|-unboost|p1b: Hydreigon|spa|1
|move|p1b: Hydreigon|Snarl|p2b: Sneasler|[spread] p2a,p2b
|-resisted|p2b: Sneasler
|-damage|p2a: Volcarona|63/100
|-damage|p2b: Sneasler|92/100
|-unboost|p2a: Volcarona|spa|1
|-unboost|p2b: Sneasler|spa|1
|
|upkeep
|turn|3
|
|t:|1756398558
|switch|p1b: Incineroar|Incineroar, L50, F|100/100
|-ability|p1b: Incineroar|Intimidate|boost
|-unboost|p2a: Volcarona|atk|1
|-unboost|p2b: Sneasler|atk|1
|move|p2b: Sneasler|Dire Claw|p1a: Grimmsnarl
|-supereffective|p1a: Grimmsnarl
|-damage|p1a: Grimmsnarl|42/100
|move|p2a: Volcarona|Tailwind|p2a: Volcarona
|-sidestart|p2: MidoMidori|move: Tailwind
|move|p1a: Grimmsnarl|Spirit Break|p2b: Sneasler
|-damage|p2b: Sneasler|43/100
|-unboost|p2b: Sneasler|spa|1
|
|upkeep
|turn|4
|inactive|MidoMidori has 30 seconds left.
|
|t:|1756398591
|switch|p1a: Hydreigon|Hydreigon, L50, M, tera:Fire|89/100
|move|p2b: Sneasler|Close Combat|p1b: Incineroar
|-supereffective|p1b: Incineroar
|-crit|p1b: Incineroar
|-damage|p1b: Incineroar|0 fnt
|-unboost|p2b: Sneasler|def|1
|-unboost|p2b: Sneasler|spd|1
|faint|p1b: Incineroar
|move|p2a: Volcarona|Overheat|p1a: Hydreigon
|-resisted|p1a: Hydreigon
|-damage|p1a: Hydreigon|78/100
|-unboost|p2a: Volcarona|spa|2
|
|upkeep
|
|t:|1756398601
|switch|p1b: Annihilape|Annihilape, L50, M|100/100
|turn|5
|
|t:|1756398624
|move|p2b: Sneasler|Dire Claw|p1a: Hydreigon
|-damage|p1a: Hydreigon|52/100
|-status|p1a: Hydreigon|par
|move|p2a: Volcarona|Struggle Bug|p1a: Hydreigon|[spread] p1a,p1b
|-resisted|p1a: Hydreigon
|-resisted|p1b: Annihilape
|-damage|p1a: Hydreigon|50/100 par
|-damage|p1b: Annihilape|99/100
|-unboost|p1a: Hydreigon|spa|1
|-unboost|p1b: Annihilape|spa|1
|-ability|p1b: Annihilape|Defiant|boost
|-boost|p1b: Annihilape|atk|2
|move|p1b: Annihilape|Rage Fist|p2a: Volcarona
|-damage|p2a: Volcarona|0 fnt
|-status|p1b: Annihilape|brn|[from] ability: Flame Body|[of] p2a: Volcarona
|faint|p2a: Volcarona
|cant|p1a: Hydreigon|par
|
|-damage|p1b: Annihilape|94/100 brn|[from] brn
|-fieldend|move: Psychic Terrain
|upkeep
|
|t:|1756398632
|switch|p2a: Indeedee|Indeedee, L50, M|100/100
|-fieldstart|move: Psychic Terrain|[from] ability: Psychic Surge|[of] p2a: Indeedee
|turn|6
|
|t:|1756398650
|-terastallize|p2a: Indeedee|Psychic
|move|p1b: Annihilape|Protect|p1b: Annihilape
|-singleturn|p1b: Annihilape|Protect
|move|p2b: Sneasler|Dire Claw|p1a: Hydreigon
|-damage|p1a: Hydreigon|24/100 par
|move|p2a: Indeedee|Expanding Force|p1b: Annihilape|[spread] p1a
|-activate|p1b: Annihilape|move: Protect
|-damage|p1a: Hydreigon|0 fnt
|faint|p1a: Hydreigon
|
|-damage|p1b: Annihilape|88/100 brn|[from] brn
|-sideend|p2: MidoMidori|move: Tailwind
|upkeep
|
|t:|1756398660
|switch|p1a: Grimmsnarl|Grimmsnarl, L50, M|42/100
|turn|7
|
|t:|1756398673
|move|p2b: Sneasler|Dire Claw|p1a: Grimmsnarl
|-supereffective|p1a: Grimmsnarl
|-damage|p1a: Grimmsnarl|0 fnt
|faint|p1a: Grimmsnarl
|move|p2a: Indeedee|Expanding Force|p1b: Annihilape
|-supereffective|p1b: Annihilape
|-damage|p1b: Annihilape|0 fnt
|faint|p1b: Annihilape
|
|win|MidoMidori
||MidoMidori is ready for game 3.
|inactive|chefbenboyrd has 30 seconds to confirm battle start!
||chefbenboyrd is ready for game 3.
|uhtml|next|Next: Game 3 of 3
|l|☆chefbenboyrd
|player|p1|
