|j|☆r4ka
|j|☆dogggybears
|html|r4kadogggybears    
|uhtml|bestof|Game 1 of a best-of-3
|t:|1757187357
|gametype|doubles
|player|p1|r4ka|101|1297
|player|p2|dogggybears|roxie|1242
|gen|9
|tier|[Gen 9] VGC 2025 Reg H (Bo3)
|rated|
|rule|Species Clause: Limit one of each Pokémon
|rule|Item Clause: Limit 1 of each item
|clearpoke
|poke|p1|Rillaboom, L50, M|
|poke|p1|Dragonite, L50, M|
|poke|p1|Sneasler, L50, F|
|poke|p1|Kingambit, L50, F|
|poke|p1|Electabuzz, L50, M|
|poke|p1|Volcarona, L50, M|
|poke|p2|Sneasler, L50, M|
|poke|p2|Indeedee, L50, M|
|poke|p2|Volcarona, L50, F|
|poke|p2|Ursaluna-Bloodmoon, L50, M|
|poke|p2|Annihilape, L50, F|
|poke|p2|Tyranitar, L50, M|
|teampreview|4
|showteam|p1|Rillaboom||AssaultVest|GrassySurge|FakeOut,HighHorsepower,WoodHammer,GrassyGlide|||M|||50|,,,,,Fire]Dragonite||LoadedDice|Multiscale|ExtremeSpeed,ScaleShot,Protect,Haze|||M|||50|,,,,,Steel]Sneasler||FocusSash|PoisonTouch|DireClaw,CloseCombat,FakeOut,Coaching|||F|||50|,,,,,Stellar]Kingambit||BlackGlasses|Defiant|KowtowCleave,SuckerPunch,SwordsDance,Protect|||F|||50|,,,,,Ghost]Electabuzz||Eviolite|VitalSpirit|Thunderbolt,Taunt,Protect,FollowMe|||M|||50|,,,,,Ghost]Volcarona||Leftovers|FlameBody|HeatWave,TeraBlast,QuiverDance,Protect|||M|||50|,,,,,Fairy
|showteam|p2|Sneasler||PsychicSeed|Unburden|CloseCombat,DireClaw,ThroatChop,Protect|||M|||50|,,,,,Dark]Indeedee||ChoiceScarf|PsychicSurge|ExpandingForce,TeraBlast,Trick,Protect|||M|||50|,,,,,Psychic]Volcarona||SitrusBerry|FlameBody|Overheat,StruggleBug,RagePowder,Tailwind|||F|||50|,,,,,Grass]Ursaluna-Bloodmoon||LifeOrb|MindsEye|BloodMoon,HyperVoice,EarthPower,Protect|||M|||50|,,,,,Normal]Annihilape||SafetyGoggles|Defiant|CloseCombat,RageFist,Taunt,FinalGambit|||F|||50|,,,,,Fairy]Tyranitar||AssaultVest|SandStream|RockSlide,KnockOff,TeraBlast,LowKick|||M|||50|,,,,,Flying
|
|t:|1757187398
|teamsize|p1|4
|teamsize|p2|4
|start
|switch|p1a: Kingambit|Kingambit, L50, F, shiny|100/100
|switch|p1b: Sneasler|Sneasler, L50, F|100/100
|switch|p2a: Volcarona|Volcarona, L50, F|100/100
|switch|p2b: Tyranitar|Tyranitar, L50, M|100/100
|-weather|Sandstorm|[from] ability: Sand Stream|[of] p2b: Tyranitar
|turn|1
|
|t:|1757187427
|-terastallize|p2b: Tyranitar|Flying
|-terastallize|p1a: Kingambit|Ghost
|move|p1b: Sneasler|Fake Out|p2b: Tyranitar
|-damage|p2b: Tyranitar|88/100
|move|p2a: Volcarona|Tailwind|p2a: Volcarona
|-sidestart|p2: dogggybears|move: Tailwind
|cant|p2b: Tyranitar|flinch
|move|p1a: Kingambit|Swords Dance|p1a: Kingambit
|-boost|p1a: Kingambit|atk|2
|
|-weather|Sandstorm|[upkeep]
|-damage|p2a: Volcarona|94/100|[from] Sandstorm
|-damage|p2b: Tyranitar|83/100|[from] Sandstorm
|-damage|p1b: Sneasler|95/100|[from] Sandstorm
|-damage|p1a: Kingambit|95/100|[from] Sandstorm
|upkeep
|turn|2
|
|t:|1757187457
|switch|p1b: Electabuzz|Electabuzz, L50, M|100/100
|move|p1a: Kingambit|Protect|p1a: Kingambit
|-singleturn|p1a: Kingambit|Protect
|move|p2a: Volcarona|Rage Powder|p2a: Volcarona
|-singleturn|p2a: Volcarona|move: Rage Powder
|move|p2b: Tyranitar|Knock Off|p1a: Kingambit
|-activate|p1a: Kingambit|move: Protect
|
|-weather|Sandstorm|[upkeep]
|-damage|p2a: Volcarona|88/100|[from] Sandstorm
|-damage|p2b: Tyranitar|77/100|[from] Sandstorm
|-damage|p1b: Electabuzz|95/100|[from] Sandstorm
|-damage|p1a: Kingambit|89/100|[from] Sandstorm
|upkeep
|turn|3
|
|t:|1757187472
|move|p2a: Volcarona|Rage Powder|p2a: Volcarona
|-singleturn|p2a: Volcarona|move: Rage Powder
|move|p1b: Electabuzz|Follow Me|p1b: Electabuzz
|-singleturn|p1b: Electabuzz|move: Follow Me
|move|p2b: Tyranitar|Knock Off|p1b: Electabuzz
|-damage|p1b: Electabuzz|52/100
|-enditem|p1b: Electabuzz|Eviolite|[from] move: Knock Off|[of] p2b: Tyranitar
|move|p1a: Kingambit|Kowtow Cleave|p2a: Volcarona
|-damage|p2a: Volcarona|0 fnt
|-status|p1a: Kingambit|brn|[from] ability: Flame Body|[of] p2a: Volcarona
|faint|p2a: Volcarona
|
|-weather|Sandstorm|[upkeep]
|-damage|p2b: Tyranitar|71/100|[from] Sandstorm
|-damage|p1b: Electabuzz|46/100|[from] Sandstorm
|-damage|p1a: Kingambit|83/100 brn|[from] Sandstorm
|-damage|p1a: Kingambit|77/100 brn|[from] brn
|upkeep
|
|t:|1757187481
|switch|p2a: Indeedee|Indeedee, L50, M|100/100
|-fieldstart|move: Psychic Terrain|[from] ability: Psychic Surge|[of] p2a: Indeedee
|turn|4
|
|t:|1757187506
|switch|p1b: Rillaboom|Rillaboom, L50, M|100/100
|-fieldstart|move: Grassy Terrain|[from] ability: Grassy Surge|[of] p1b: Rillaboom
|move|p2a: Indeedee|Expanding Force|p1b: Rillaboom
|-damage|p1b: Rillaboom|74/100
|move|p2b: Tyranitar|Knock Off|p1a: Kingambit
|-supereffective|p1a: Kingambit
|-damage|p1a: Kingambit|0 fnt
|-enditem|p1a: Kingambit|Black Glasses|[from] move: Knock Off|[of] p2b: Tyranitar
|faint|p1a: Kingambit
|
|-weather|Sandstorm|[upkeep]
|-damage|p2a: Indeedee|95/100|[from] Sandstorm
|-damage|p2b: Tyranitar|65/100|[from] Sandstorm
|-damage|p1b: Rillaboom|68/100|[from] Sandstorm
|-heal|p2a: Indeedee|100/100|[from] Grassy Terrain
|-heal|p1b: Rillaboom|74/100|[from] Grassy Terrain
|-sideend|p2: dogggybears|move: Tailwind
|upkeep
|
|t:|1757187520
|switch|p1a: Sneasler|Sneasler, L50, F|95/100
|turn|5
|
|t:|1757187529
|switch|p2a: Sneasler|Sneasler, L50, M|100/100
|move|p1a: Sneasler|Fake Out|p2b: Tyranitar
|-damage|p2b: Tyranitar|53/100
|move|p1b: Rillaboom|Wood Hammer|p2a: Sneasler
|-resisted|p2a: Sneasler
|-damage|p2a: Sneasler|39/100
|-damage|p1b: Rillaboom|58/100|[from] Recoil
|cant|p2b: Tyranitar|flinch
|
|-weather|none
|-heal|p1a: Sneasler|100/100|[from] Grassy Terrain
|-heal|p2a: Sneasler|44/100|[from] Grassy Terrain
|-heal|p1b: Rillaboom|64/100|[from] Grassy Terrain
|upkeep
|turn|6
|
|t:|1757187548
|switch|p1b: Electabuzz|Electabuzz, L50, M|46/100
|move|p2a: Sneasler|Protect|p2a: Sneasler
|-singleturn|p2a: Sneasler|Protect
|move|p1a: Sneasler|Dire Claw|p2b: Tyranitar
|-damage|p2b: Tyranitar|15/100
|-status|p2b: Tyranitar|slp
|cant|p2b: Tyranitar|slp
|
|-heal|p2a: Sneasler|50/100|[from] Grassy Terrain
|-heal|p1b: Electabuzz|52/100|[from] Grassy Terrain
|upkeep
|turn|7
|
|t:|1757187561
|move|p1a: Sneasler|Dire Claw|p2b: Tyranitar
|-damage|p2b: Tyranitar|0 fnt
|faint|p2b: Tyranitar
|move|p2a: Sneasler|Dire Claw|p1b: Electabuzz
|-damage|p1b: Electabuzz|4/100
|move|p1b: Electabuzz|Thunderbolt|p2a: Sneasler
|-crit|p2a: Sneasler
|-damage|p2a: Sneasler|0 fnt
|faint|p2a: Sneasler
|
|-heal|p1b: Electabuzz|10/100|[from] Grassy Terrain
|upkeep
|
|t:|1757187568
|switch|p2a: Indeedee|Indeedee, L50, M|100/100
|-fieldstart|move: Psychic Terrain|[from] ability: Psychic Surge|[of] p2a: Indeedee
|turn|8
|
|t:|1757187577
|switch|p1a: Rillaboom|Rillaboom, L50, M|64/100
|-fieldstart|move: Grassy Terrain|[from] ability: Grassy Surge|[of] p1a: Rillaboom
|move|p2a: Indeedee|Expanding Force|p1b: Electabuzz
|-damage|p1b: Electabuzz|0 fnt
|faint|p1b: Electabuzz
|
|-heal|p1a: Rillaboom|70/100|[from] Grassy Terrain
|upkeep
|
|t:|1757187585
|switch|p1b: Sneasler|Sneasler, L50, F|100/100
|turn|9
|
|t:|1757187589
|move|p2a: Indeedee|Expanding Force|p1b: Sneasler
|-supereffective|p1b: Sneasler
|-enditem|p1b: Sneasler|Focus Sash
|-damage|p1b: Sneasler|1/100
|move|p1b: Sneasler|Dire Claw|p2a: Indeedee
|-damage|p2a: Indeedee|10/100
|move|p1a: Rillaboom|Wood Hammer|p2a: Indeedee
|-damage|p2a: Indeedee|0 fnt
|faint|p2a: Indeedee
|-damage|p1a: Rillaboom|68/100|[from] Recoil
|
|win|r4ka
||dogggybears is ready for game 2.
||r4ka is ready for game 2.
|uhtml|next|Next: Game 2 of 3
