|j|‽pecurto23
|j|☆jonen
|html|pecurto23jonen    
|uhtml|bestof|Game 3 of a best-of-3
|t:|1756127780
|gametype|doubles
|player|p1|pecurto23|lucas-gen4pt|1236
|player|p2|jonen|hiker-gen4|1221
|gen|9
|tier|[Gen 9] VGC 2025 Reg H (Bo3)
|rated|
|rule|Species Clause: Limit one of each Pokémon
|rule|Item Clause: Limit 1 of each item
|clearpoke
|poke|p1|Ursaluna, L50, M|
|poke|p1|Jumpluff, L50, M|
|poke|p1|Charizard, L50, F|
|poke|p1|Torkoal, L50, F|
|poke|p1|Incineroar, L50, M|
|poke|p1|Porygon2, L50|
|poke|p2|Garchomp, L50, F|
|poke|p2|Weezing-Galar, L50, M|
|poke|p2|Archaludon, L50, M|
|poke|p2|Gholdengo, L50|
|poke|p2|Talonflame, L50, M|
|poke|p2|Annihilape, L50, M|
|teampreview|4
|showteam|p1|Ursaluna||FlameOrb|Guts|HeadlongRush,Facade,Earthquake,Protect|||M|||50|,,,,,Ghost]Jumpluff||CovertCloak|Chlorophyll|SleepPowder,SunnyDay,Tailwind,RagePowder|||M|||50|,,,,,Water]Charizard||ChoiceSpecs|SolarPower|AirSlash,HeatWave,Overheat,WeatherBall|||F|||50|,,,,,Ghost]Torkoal||EjectPack|Drought|Protect,Eruption,Overheat,HelpingHand|||F|||50|,,,,,Fire]Incineroar||SitrusBerry|Intimidate|PartingShot,FlareBlitz,KnockOff,FakeOut|||M|||50|,,,,,Ghost]Porygon2||Eviolite|Download|TeraBlast,IceBeam,Recover,TrickRoom||||||50|,,,,,Fighting
|showteam|p2|Garchomp||LifeOrb|RoughSkin|DragonClaw,Earthquake,StompingTantrum,Protect|||F|||50|,,,,,Ground]Weezing-Galar||FocusSash|NeutralizingGas|Protect,SludgeBomb,Taunt,StrangeSteam|||M|||50|,,,,,Flying]Archaludon||PowerHerb|Sturdy|ElectroShot,Thunderbolt,DracoMeteor,Protect|||M|||50|,,,,,Electric]Gholdengo||ChoiceSpecs|GoodasGold|ShadowBall,DazzlingGleam,PowerGem,MakeItRain||||||50|,,,,,Fairy]Talonflame||CovertCloak|GaleWings|Tailwind,DualWingbeat,WillOWisp,FlareBlitz|||M|||50|,,,,,Fairy]Annihilape||AssaultVest|Defiant|CloseCombat,RageFist,FinalGambit,IcePunch|||M|||50|,,,,,Grass
|
|t:|1756127804
|teamsize|p1|4
|teamsize|p2|4
|start
|switch|p1a: Jumpluff|Jumpluff, L50, M|100/100
|switch|p1b: Torkoal|Torkoal, L50, F|100/100
|switch|p2a: Gholdengo|Gholdengo, L50|100/100
|switch|p2b: Talonflame|Talonflame, L50, M|100/100
|-weather|SunnyDay|[from] ability: Drought|[of] p1b: Torkoal
|turn|1
|
|t:|1756127856
|-terastallize|p1a: Jumpluff|Water
|move|p1a: Jumpluff|Tailwind|p1a: Jumpluff
|-sidestart|p1: pecurto23|move: Tailwind
|move|p2b: Talonflame|Flare Blitz|p1a: Jumpluff
|-resisted|p1a: Jumpluff
|-damage|p1a: Jumpluff|54/100
|-damage|p2b: Talonflame|82/100|[from] Recoil
|move|p2a: Gholdengo|Power Gem|p1b: Torkoal
|-supereffective|p1b: Torkoal
|-damage|p1b: Torkoal|0 fnt
|faint|p1b: Torkoal
|
|-weather|SunnyDay|[upkeep]
|upkeep
|
|t:|1756127878
|switch|p1b: Charizard|Charizard, L50, F|100/100
|turn|2
|
|t:|1756127944
|switch|p2a: Garchomp|Garchomp, L50, F|100/100
|move|p1a: Jumpluff|Sleep Powder|p2b: Talonflame
|-status|p2b: Talonflame|slp|[from] move: Sleep Powder
|move|p1b: Charizard|Weather Ball|p2a: Garchomp
|-resisted|p2a: Garchomp
|-crit|p2a: Garchomp
|-damage|p2a: Garchomp|0 fnt
|faint|p2a: Garchomp
|cant|p2b: Talonflame|slp
|
|-weather|SunnyDay|[upkeep]
|-damage|p1b: Charizard|88/100|[from] ability: Solar Power|[of] p1b: Charizard
|upkeep
|
|t:|1756127952
|switch|p2a: Annihilape|Annihilape, L50, M|100/100
|turn|3
|
|t:|1756127991
|move|p1a: Jumpluff|Sleep Powder|p2a: Annihilape|[miss]
|-miss|p1a: Jumpluff|p2a: Annihilape
|move|p1b: Charizard|Weather Ball|p2a: Annihilape
|-damage|p2a: Annihilape|0 fnt
|faint|p2a: Annihilape
|cant|p2b: Talonflame|slp
|
|-weather|SunnyDay|[upkeep]
|-damage|p1b: Charizard|76/100|[from] ability: Solar Power|[of] p1b: Charizard
|upkeep
|
|t:|1756127998
|switch|p2a: Gholdengo|Gholdengo, L50|100/100
|turn|4
|
|t:|1756128011
|switch|p1a: Ursaluna|Ursaluna, L50, M|100/100
|-terastallize|p2a: Gholdengo|Fairy
|move|p1b: Charizard|Weather Ball|p2a: Gholdengo
|-damage|p2a: Gholdengo|0 fnt
|faint|p2a: Gholdengo
|-curestatus|p2b: Talonflame|slp|[msg]
|move|p2b: Talonflame|Tailwind|p2b: Talonflame
|-sidestart|p2: jonen|move: Tailwind
|
|-weather|SunnyDay|[upkeep]
|-damage|p1b: Charizard|63/100|[from] ability: Solar Power|[of] p1b: Charizard
|-sideend|p1: pecurto23|move: Tailwind
|-status|p1a: Ursaluna|brn|[from] item: Flame Orb
|upkeep
|turn|5
|
|t:|1756128026
|move|p2b: Talonflame|Flare Blitz|p1b: Charizard
|-resisted|p1b: Charizard
|-damage|p1b: Charizard|7/100
|-damage|p2b: Talonflame|64/100|[from] Recoil
|move|p1b: Charizard|Weather Ball|p2b: Talonflame
|-resisted|p2b: Talonflame
|-damage|p2b: Talonflame|0 fnt
|faint|p2b: Talonflame
|
|win|pecurto23
|raw|pecurto23's rating: 1236 → 1260(+24 for winning)
|raw|jonen's rating: 1221 → 1197(-24 for losing)
