|j|☆Pzdns99
|j|☆arkjsmith
|html|Pzdns99arkjsmith    
|uhtml|bestof|Game 3 of a best-of-3
|t:|1755622022
|gametype|doubles
|player|p1|Pzdns99|grimsley|1260
|player|p2|arkjsmith|roxie|1220
|gen|9
|tier|[Gen 9] VGC 2025 Reg H (Bo3)
|rated|
|rule|Species Clause: Limit one of each Pokémon
|rule|Item Clause: Limit 1 of each item
|clearpoke
|poke|p1|Lumineon, L50, F|
|poke|p1|Pelipper, L50, F|
|poke|p1|Archaludon, L50, M|
|poke|p1|Amoonguss, L50, M|
|poke|p1|Gholdengo, L50|
|poke|p1|Maushold-Four, L50|
|poke|p2|Hydreigon, L50, F|
|poke|p2|Ursaluna, L50, F|
|poke|p2|Incineroar, L50, M|
|poke|p2|Gholdengo, L50|
|poke|p2|Amoonguss, L50, F|
|poke|p2|Porygon2, L50|
|teampreview|4
|showteam|p1|Lumineon||CovertCloak|SwiftSwim|FlipTurn,Tailwind,Encore,RainDance|||F|||50|,,,,,Grass]Pelipper||ChoiceSpecs|Drizzle|Hurricane,MuddyWater,WeatherBall,Uturn|||F|||50|,,,,,Ghost]Archaludon||AssaultVest|Stamina|ElectroShot,BodyPress,Snarl,DracoMeteor|||M|||50|,,,,,Bug]Amoonguss||SitrusBerry|Regenerator|PollenPuff,Protect,RagePowder,Spore|||M|||50|,,,,,Psychic]Gholdengo||LifeOrb|GoodasGold|ShadowBall,MakeItRain,NastyPlot,Protect||||||50|,,,,,Water]Maushold-Four||WideLens|Technician|PopulationBomb,Taunt,FollowMe,Protect||||||50|,,,,,Normal
|showteam|p2|Hydreigon||SafetyGoggles|Levitate|Snarl,DracoMeteor,Tailwind,Protect|||F|||50|,,,,,Ghost]Ursaluna||FlameOrb|Guts|HeadlongRush,Facade,Earthquake,Protect|||F|||50|,,,,,Ghost]Incineroar||SitrusBerry|Intimidate|FakeOut,KnockOff,PartingShot,FlareBlitz|||M|||50|,,,,,Ghost]Gholdengo||LifeOrb|GoodasGold|MakeItRain,ShadowBall,NastyPlot,Protect||||||50|,,,,,Water]Amoonguss||CovertCloak|Regenerator|Spore,PollenPuff,RagePowder,Protect|||F|||50|,,,,,Psychic]Porygon2||Eviolite|Download|TeraBlast,IceBeam,Recover,TrickRoom||||||50|,,,,,Fighting
|inactive|Battle timer is ON: inactive players will automatically lose when time's up. (requested by arkjsmith)
|j| Blacksummer
|
|t:|1755622047
|teamsize|p1|4
|teamsize|p2|4
|start
|switch|p1a: Maushold|Maushold-Four, L50|100/100
|switch|p1b: Pelipper|Pelipper, L50, F|100/100
|switch|p2a: Hydreigon|Hydreigon, L50, F, shiny|100/100
|switch|p2b: Porygon2|Porygon2, L50, shiny|100/100
|-weather|RainDance|[from] ability: Drizzle|[of] p1b: Pelipper
|-ability|p2b: Porygon2|Download|boost
|-boost|p2b: Porygon2|spa|1
|turn|1
|
|t:|1755622068
|-terastallize|p2a: Hydreigon|Ghost
|move|p1a: Maushold|Taunt|p2b: Porygon2
|-start|p2b: Porygon2|move: Taunt
|move|p2a: Hydreigon|Snarl|p1a: Maushold|[spread] p1a,p1b
|-damage|p1a: Maushold|72/100
|-damage|p1b: Pelipper|67/100
|-unboost|p1a: Maushold|spa|1
|-unboost|p1b: Pelipper|spa|1
|move|p1b: Pelipper|Hurricane|p2a: Hydreigon
|-damage|p2a: Hydreigon|46/100
|move|p2b: Porygon2|Tera Blast|p1a: Maushold
|-damage|p1a: Maushold|0 fnt
|faint|p1a: Maushold
|
|-weather|RainDance|[upkeep]
|upkeep
|
|t:|1755622091
|switch|p1a: Gholdengo|Gholdengo, L50|100/100
|turn|2
|
|t:|1755622103
|switch|p1b: Amoonguss|Amoonguss, L50, M|100/100
|move|p2a: Hydreigon|Tailwind|p2a: Hydreigon
|-sidestart|p2: arkjsmith|move: Tailwind
|move|p2b: Porygon2|Tera Blast|p1b: Amoonguss
|-damage|p1b: Amoonguss|59/100
|move|p1a: Gholdengo|Shadow Ball|p2a: Hydreigon
|-supereffective|p2a: Hydreigon
|-damage|p2a: Hydreigon|0 fnt
|faint|p2a: Hydreigon
|-damage|p1a: Gholdengo|91/100|[from] item: Life Orb
|
|-weather|RainDance|[upkeep]
|upkeep
|
|t:|1755622119
|switch|p2a: Cheese|Gholdengo, L50|100/100
|turn|3
|
|t:|1755622142
|switch|p2a: Ursaluna|Ursaluna, L50, F|100/100
|-terastallize|p1b: Amoonguss|Psychic
|move|p1b: Amoonguss|Rage Powder|p1b: Amoonguss
|-singleturn|p1b: Amoonguss|move: Rage Powder
|move|p2b: Porygon2|Ice Beam|p1b: Amoonguss
|-damage|p1b: Amoonguss|26/100
|-enditem|p1b: Amoonguss|Sitrus Berry|[eat]
|-heal|p1b: Amoonguss|51/100|[from] item: Sitrus Berry
|move|p1a: Gholdengo|Shadow Ball|p2a: Ursaluna
|-immune|p2a: Ursaluna
|
|-weather|RainDance|[upkeep]
|-end|p2b: Porygon2|move: Taunt
|-status|p2a: Ursaluna|brn|[from] item: Flame Orb
|upkeep
|turn|4
|inactive|arkjsmith has 30 seconds left.
|
|t:|1755622169
|move|p2a: Ursaluna|Protect|p2a: Ursaluna
|-singleturn|p2a: Ursaluna|Protect
|move|p1a: Gholdengo|Protect|p1a: Gholdengo
|-singleturn|p1a: Gholdengo|Protect
|move|p2b: Porygon2|Tera Blast|p1b: Amoonguss
|-damage|p1b: Amoonguss|6/100
|move|p1b: Amoonguss|Spore|p2b: Porygon2
|-status|p2b: Porygon2|slp|[from] move: Spore
|
|-weather|RainDance|[upkeep]
|-damage|p2a: Ursaluna|94/100 brn|[from] brn
|upkeep
|turn|5
|
|t:|1755622191
|switch|p1a: Pelipper|Pelipper, L50, F|67/100
|move|p1b: Amoonguss|Protect|p1b: Amoonguss
|-singleturn|p1b: Amoonguss|Protect
|move|p2a: Ursaluna|Earthquake|p1a: Pelipper|[spread] p2b
|-activate|p1b: Amoonguss|move: Protect
|-immune|p1a: Pelipper
|-damage|p2b: Porygon2|55/100 slp
|cant|p2b: Porygon2|slp
|
|-weather|none
|-damage|p2a: Ursaluna|88/100 brn|[from] brn
|-sideend|p2: arkjsmith|move: Tailwind
|upkeep
|turn|6
|l| Blacksummer
|
|t:|1755622214
|move|p1a: Pelipper|Muddy Water|p2b: Porygon2|[spread] p2a,p2b
|-supereffective|p2a: Ursaluna
|-damage|p2a: Ursaluna|0 fnt
|-damage|p2b: Porygon2|24/100 slp
|-unboost|p2b: Porygon2|accuracy|1
|faint|p2a: Ursaluna
|move|p1b: Amoonguss|Pollen Puff|p1a: Pelipper
|-heal|p1a: Pelipper|100/100
|cant|p2b: Porygon2|slp
|
|upkeep
|
|t:|1755622218
|switch|p2a: Cheese|Gholdengo, L50|100/100
|turn|7
|
|t:|1755622238
|switch|p1b: Gholdengo|Gholdengo, L50|91/100
|move|p2a: Cheese|Nasty Plot|p2a: Cheese
|-boost|p2a: Cheese|spa|2
|move|p1a: Pelipper|Muddy Water|p2a: Cheese|[spread] p2a,p2b
|-damage|p2a: Cheese|54/100
|-damage|p2b: Porygon2|0 fnt
|faint|p2b: Porygon2
|
|upkeep
|turn|8
|
|t:|1755622253
|move|p2a: Cheese|Shadow Ball|p1b: Gholdengo
|-supereffective|p1b: Gholdengo
|-damage|p1b: Gholdengo|0 fnt
|faint|p1b: Gholdengo
|-damage|p2a: Cheese|45/100|[from] item: Life Orb
|move|p1a: Pelipper|Muddy Water|p2a: Cheese
|-damage|p2a: Cheese|0 fnt
|faint|p2a: Cheese
|
|win|Pzdns99
|raw|Pzdns99's rating: 1260 → 1282(+22 for winning)
|raw|arkjsmith's rating: 1220 → 1198(-22 for losing)
