|j|☆breloomb01
|j|☆Gen4lover2
|html|breloomb01Gen4lover2    
|uhtml|bestof|Game 2 of a best-of-3
|t:|1786026741
|gametype|doubles
|player|p1|breloomb01|roughneck|1342
|player|p2|Gen4lover2|wallace|1315
|gen|9
|tier|[Gen 9 Champions] VGC 2026 Reg M-B (Bo3)
|rated|
|rule|Species Clause: Limit one of each Pokémon
|rule|Item Clause: Limit 1 of each item
|clearpoke
|poke|p1|Floette-Eternal, L50, F|
|poke|p1|Incineroar, L50, F|
|poke|p1|Sinistcha, L50|
|poke|p1|Garchomp, L50, M|
|poke|p1|Sneasler, L50, F|
|poke|p1|Rotom-Wash, L50|
|poke|p2|Tyranitar, L50, M|
|poke|p2|Excadrill, L50, F|
|poke|p2|Staraptor, L50, F|
|poke|p2|Milotic, L50, F, shiny|
|poke|p2|Gholdengo, L50|
|poke|p2|Sinistcha-Masterpiece, L50|
|teampreview|4
|showteam|p1|Floette-Eternal||Floettite|FlowerVeil|DrainingKiss,DazzlingGleam,CalmMind,Protect|Modest||F|||50|]Incineroar||SitrusBerry|Intimidate|FakeOut,FlareBlitz,ThroatChop,PartingShot|Careful||F|||50|]Sinistcha||KasibBerry|Hospitality|Protect,RagePowder,MatchaGotcha,TrickRoom|Calm|||||50|]Garchomp||LifeOrb|RoughSkin|Earthquake,DragonClaw,RockSlide,Protect|Jolly||M|||50|]Sneasler||FocusSash|PoisonTouch|FakeOut,PoisonJab,CloseCombat,Protect|Jolly||F|||50|]Rotom-Wash||Leftovers|Levitate|HydroPump,Protect,WillOWisp,Electroweb|Bold|||||50|
|showteam|p2|Tyranitar||Tyranitarite|SandStream|RockSlide,KnockOff,LowKick,Protect|Adamant||M|||50|]Excadrill||FocusSash|SandRush|HighHorsepower,IronHead,RockSlide,Protect|Adamant||F|||50|]Staraptor||Staraptite|Intimidate|BraveBird,CloseCombat,Tailwind,Protect|Jolly||F|||50|]Milotic||SitrusBerry|Competitive|Scald,IceBeam,Recover,Protect|Modest||F|||50|]Gholdengo||LifeOrb|GoodasGold|MakeItRain,ShadowBall,NastyPlot,Protect|Modest|||||50|]Sinistcha-Masterpiece||ColburBerry|Hospitality|MatchaGotcha,RagePowder,TrickRoom,Protect|Relaxed|||||50|
|inactive|Battle timer is ON: inactive players will automatically lose when time's up. (requested by Gen4lover2)
|inactive|Gen4lover2 has 60 seconds left.
|
|t:|1786026772
|teamsize|p1|4
|teamsize|p2|4
|start
|switch|p1a: Garchomp|Garchomp, L50, M|100/100
|switch|p1b: Rotom|Rotom-Wash, L50|100/100
|switch|p2a: Staraptor|Staraptor, L50, F|100/100
|switch|p2b: Sinistcha|Sinistcha-Masterpiece, L50|100/100
|-ability|p2a: Staraptor|Intimidate|boost
|-unboost|p1a: Garchomp|atk|1
|-unboost|p1b: Rotom|atk|1
|turn|1
|
|t:|1786026782
|detailschange|p2a: Staraptor|Staraptor-Mega, L50, F
|-mega|p2a: Staraptor|Staraptor|Staraptite
|move|p2a: Staraptor|Close Combat|p1a: Garchomp
|-damage|p1a: Garchomp|37/100
|-boost|p2a: Staraptor|def|1
|-boost|p2a: Staraptor|spd|1
|-damage|p2a: Staraptor|87/100|[from] ability: Rough Skin|[of] p1a: Garchomp
|move|p1a: Garchomp|Rock Slide|p2b: Sinistcha|[spread] p2a,p2b
|-damage|p2a: Staraptor|75/100
|-damage|p2b: Sinistcha|85/100
|-damage|p1a: Garchomp|27/100|[from] item: Life Orb
|move|p1b: Rotom|Will-O-Wisp|p2a: Staraptor
|-status|p2a: Staraptor|brn
|move|p2b: Sinistcha|Matcha Gotcha|p1b: Rotom|[spread] p1a,p1b
|-supereffective|p1b: Rotom|1
|-damage|p1a: Garchomp|0 fnt
|-heal|p2b: Sinistcha|100/100|[from] drain|[of] p1a: Garchomp
|-damage|p1b: Rotom|52/100
|faint|p1a: Garchomp
|
|-heal|p1b: Rotom|58/100|[from] item: Leftovers
|-damage|p2a: Staraptor|69/100 brn|[from] brn
|upkeep
|
|t:|1786026799
|switch|p1a: Floette|Floette-Eternal, L50, F|100/100
|turn|2
|
|t:|1786026814
|move|p2a: Staraptor|Brave Bird|p1a: Floette
|-damage|p1a: Floette|60/100
|-damage|p2a: Staraptor|57/100 brn|[from] Recoil
|move|p1a: Floette|Calm Mind|p1a: Floette
|-boost|p1a: Floette|spa|1
|-boost|p1a: Floette|spd|1
|move|p1b: Rotom|Will-O-Wisp|p2b: Sinistcha
|-status|p2b: Sinistcha|brn
|move|p2b: Sinistcha|Matcha Gotcha|p1b: Rotom|[spread] p1a,p1b
|-supereffective|p1b: Rotom|1
|-damage|p1a: Floette|46/100
|-damage|p1b: Rotom|10/100
|
|-heal|p1b: Rotom|16/100|[from] item: Leftovers
|-damage|p2a: Staraptor|51/100 brn|[from] brn
|-damage|p2b: Sinistcha|93/100 brn|[from] brn
|upkeep
|turn|3
|
|t:|1786026837
|switch|p1b: Incineroar|Incineroar, L50, F|100/100
|-ability|p1b: Incineroar|Intimidate|boost
|-boost|p2a: Staraptor|atk|1
|-unboost|p2b: Sinistcha|atk|1
|detailschange|p1a: Floette|Floette-Mega, L50, F
|-mega|p1a: Floette|Floette|Floettite
|-ability|p1a: Floette|Fairy Aura
|move|p2a: Staraptor|Tailwind|p2a: Staraptor
|-sidestart|p2: Gen4lover2|move: Tailwind
|move|p2b: Sinistcha|Matcha Gotcha|p1b: Incineroar|[spread] p1a,p1b
|-resisted|p1b: Incineroar|1
|-damage|p1a: Floette|34/100
|-heal|p2b: Sinistcha|100/100 brn|[from] drain|[of] p1a: Floette
|-damage|p1b: Incineroar|91/100
|move|p1a: Floette|Draining Kiss|p2a: Staraptor
|-supereffective|p2a: Staraptor|1
|-damage|p2a: Staraptor|0 fnt
|-heal|p1a: Floette|74/100|[from] drain|[of] p2a: Staraptor
|faint|p2a: Staraptor
|
|-damage|p2b: Sinistcha|93/100 brn|[from] brn
|upkeep
|
|t:|1786026845
|switch|p2a: Tyranitar|Tyranitar, L50, M|100/100
|-weather|Sandstorm|[from] ability: Sand Stream|[of] p2a: Tyranitar
|turn|4
|
|t:|1786026868
|move|p2a: Tyranitar|Protect|p2a: Tyranitar
|-singleturn|p2a: Tyranitar|Protect
|move|p2b: Sinistcha|Protect|p2b: Sinistcha
|-singleturn|p2b: Sinistcha|Protect
|move|p1b: Incineroar|Fake Out|p2a: Tyranitar
|-activate|p2a: Tyranitar|move: Protect
|move|p1a: Floette|Dazzling Gleam|p2b: Sinistcha|[spread] 
|-activate|p2a: Tyranitar|move: Protect
|-activate|p2b: Sinistcha|move: Protect
|
|-weather|Sandstorm|[upkeep]
|-damage|p2b: Sinistcha|87/100 brn|[from] Sandstorm
|-damage|p1a: Floette|67/100|[from] Sandstorm
|-damage|p1b: Incineroar|85/100|[from] Sandstorm
|-damage|p2b: Sinistcha|81/100 brn|[from] brn
|upkeep
|turn|5
|
|t:|1786026882
|switch|p1b: Rotom|Rotom-Wash, L50|16/100
|move|p1a: Floette|Protect|p1a: Floette
|-singleturn|p1a: Floette|Protect
|move|p2a: Tyranitar|Rock Slide|p1a: Floette|[spread] p1b
|-activate|p1a: Floette|move: Protect
|-damage|p1b: Rotom|0 fnt
|faint|p1b: Rotom
|move|p2b: Sinistcha|Matcha Gotcha|p1a: Floette
|-activate|p1a: Floette|move: Protect
|
|-weather|Sandstorm|[upkeep]
|-damage|p2b: Sinistcha|75/100 brn|[from] Sandstorm
|-damage|p1a: Floette|61/100|[from] Sandstorm
|-damage|p2b: Sinistcha|68/100 brn|[from] brn
|upkeep
|
|t:|1786026887
|switch|p1b: Incineroar|Incineroar, L50, F|85/100
|-ability|p1b: Incineroar|Intimidate|boost
|-unboost|p2a: Tyranitar|atk|1
|-unboost|p2b: Sinistcha|atk|1
|turn|6
|
|t:|1786026901
|switch|p2b: Excadrill|Excadrill, L50, F|100/100
|move|p2a: Tyranitar|Protect|p2a: Tyranitar
|-singleturn|p2a: Tyranitar|Protect
|move|p1b: Incineroar|Fake Out|p2a: Tyranitar
|-activate|p2a: Tyranitar|move: Protect
|move|p1a: Floette|Draining Kiss|p2b: Excadrill
|-resisted|p2b: Excadrill|1
|-damage|p2b: Excadrill|55/100
|-heal|p1a: Floette|96/100|[from] drain|[of] p2b: Excadrill
|
|-weather|Sandstorm|[upkeep]
|-damage|p1a: Floette|90/100|[from] Sandstorm
|-damage|p1b: Incineroar|79/100|[from] Sandstorm
|-sideend|p2: Gen4lover2|move: Tailwind
|upkeep
|turn|7
|
|t:|1786026920
|switch|p2a: Sinistcha|Sinistcha-Masterpiece, L50|68/100 brn
|-heal|p2b: Excadrill|80/100|[from] ability: Hospitality|[of] p2a: Sinistcha
|move|p2b: Excadrill|High Horsepower|p1b: Incineroar
|-supereffective|p1b: Incineroar|1
|-crit|p1b: Incineroar
|-damage|p1b: Incineroar|0 fnt
|faint|p1b: Incineroar
|move|p1a: Floette|Dazzling Gleam|p2b: Excadrill|[spread] p2a,p2b
|-resisted|p2b: Excadrill|1
|-damage|p2a: Sinistcha|0 fnt
|-damage|p2b: Excadrill|25/100
|faint|p2a: Sinistcha
|
|-weather|Sandstorm|[upkeep]
|-damage|p1a: Floette|83/100|[from] Sandstorm
|upkeep
|
|t:|1786026930
|switch|p2a: Tyranitar|Tyranitar, L50, M|100/100
|turn|8
|
|t:|1786026955
|move|p1a: Floette|Protect|p1a: Floette
|-singleturn|p1a: Floette|Protect
|move|p2b: Excadrill|Iron Head|p1a: Floette
|-activate|p1a: Floette|move: Protect
|move|p2a: Tyranitar|Rock Slide|p1a: Floette
|-activate|p1a: Floette|move: Protect
|
|-weather|none
|upkeep
|turn|9
|
|t:|1786026965
|move|p2b: Excadrill|Iron Head|p1a: Floette
|-supereffective|p1a: Floette|1
|-damage|p1a: Floette|0 fnt
|faint|p1a: Floette
|
|win|Gen4lover2
|raw|breloomb01's rating: 1342 → 1320(-22 for losing)
|raw|Gen4lover2's rating: 1315 → 1337(+22 for winning)
|l|☆breloomb01
|player|p1|
