|j|☆precisiondepicasso
|j|☆ShadowArachne
|html|precisiondepicassoShadowArachne    
|uhtml|bestof|Game 2 of a best-of-3
|t:|1782410288
|gametype|doubles
|player|p1|precisiondepicasso|cyclistf-gen4|1156
|player|p2|ShadowArachne|sabrina|1040
|gen|9
|tier|[Gen 9 Champions] VGC 2026 Reg M-B (Bo3)
|rated|
|rule|Species Clause: Limit one of each Pokémon
|rule|Item Clause: Limit 1 of each item
|clearpoke
|poke|p1|Aerodactyl, L50, M|
|poke|p1|Garchomp, L50, F|
|poke|p1|Kingambit, L50, F|
|poke|p1|Charizard, L50, M|
|poke|p1|Sylveon, L50, F|
|poke|p1|Farigiraf, L50, M|
|poke|p2|Farigiraf, L50, M|
|poke|p2|Ceruledge, L50, M|
|poke|p2|Lucario, L50, M|
|poke|p2|Whimsicott, L50, F|
|poke|p2|Meowscarada, L50, M|
|poke|p2|Raichu, L50, M|
|teampreview|4
|showteam|p1|Aerodactyl||Aerodactylite|Unnerve|IceFang,RockSlide,Tailwind,DualWingbeat|Jolly||M|||50|]Garchomp||LifeOrb|RoughSkin|DragonClaw,StompingTantrum,Earthquake,Protect|Jolly||F|||50|]Kingambit||FocusSash|Defiant|SuckerPunch,KowtowCleave,IronHead,LowKick|Adamant||F|||50|]Charizard||CharizarditeY|Blaze|Protect,WeatherBall,HeatWave,SolarBeam|Modest||M|||50|]Sylveon||FairyFeather|Pixilate|Protect,HyperVoice,HyperBeam,QuickAttack|Modest||F|||50|]Farigiraf||SitrusBerry|ArmorTail|TrickRoom,Thunderbolt,Roar,TwinBeam|Bold||M|||50|
|showteam|p2|Farigiraf||TwistedSpoon|ArmorTail|Psychic,EnergyBall,TrickRoom,Protect|Quiet||M|||50|]Ceruledge||LifeOrb|FlashFire|BitterBlade,PoisonJab,Poltergeist,Protect|Adamant||M|||50|]Lucario||Lucarionite|InnerFocus|BulletPunch,DrainPunch,MeteorMash,Detect|Adamant||M|||50|]Whimsicott||FairyFeather|Prankster|Moonblast,Tailwind,TrickRoom,Protect|Bold||F|||50|]Meowscarada||ChoiceScarf|Protean|Uturn,FlowerTrick,KnockOff,TripleAxel|Adamant||M|||50|]Raichu||RaichuniteY|LightningRod|FakeOut,Protect,ZapCannon,DazzlingGleam|Timid||M|||50|
|inactive|Battle timer is ON: inactive players will automatically lose when time's up. (requested by precisiondepicasso)
|inactive|precisiondepicasso has 60 seconds left.
|
|t:|1782410348
|teamsize|p1|4
|teamsize|p2|4
|start
|switch|p1a: Farigiraf|Farigiraf, L50, M|100/100
|switch|p1b: Kingambit|Kingambit, L50, F|100/100
|switch|p2a: Whimsicott|Whimsicott, L50, F|100/100
|switch|p2b: Lucario|Lucario, L50, M|100/100
|turn|1
|
|t:|1782410371
|move|p2b: Lucario|Drain Punch|p1b: Kingambit
|-supereffective|p1b: Kingambit|2
|-enditem|p1b: Kingambit|Focus Sash
|-damage|p1b: Kingambit|1/100
|move|p1b: Kingambit|Low Kick|p2b: Lucario
|-supereffective|p2b: Lucario|1
|-damage|p2b: Lucario|7/100
|move|p2a: Whimsicott|Trick Room|p2a: Whimsicott
|-fieldstart|move: Trick Room|[of] p2a: Whimsicott
|move|p1a: Farigiraf|Trick Room|p1a: Farigiraf
|-fieldend|move: Trick Room
|
|upkeep
|turn|2
|inactive|ShadowArachne has 30 seconds left.
|inactive|ShadowArachne has 20 seconds left.
|
|t:|1782410410
|move|p2b: Lucario|Detect|p2b: Lucario
|-singleturn|p2b: Lucario|Protect
|move|p1b: Kingambit|Sucker Punch||[still]
|-fail|p1b: Kingambit
|move|p2a: Whimsicott|Moonblast|p1b: Kingambit
|-damage|p1b: Kingambit|0 fnt
|faint|p1b: Kingambit
|move|p1a: Farigiraf|Trick Room|p1a: Farigiraf
|-fieldstart|move: Trick Room|[of] p1a: Farigiraf
|
|upkeep
|
|t:|1782410419
|switch|p1b: Sylveon|Sylveon, L50, F|100/100
|turn|3
|
|t:|1782410432
|move|p1a: Farigiraf|Twin Beam|p2a: Whimsicott
|-damage|p2a: Whimsicott|78/100
|-damage|p2a: Whimsicott|58/100
|-hitcount|p2a: Whimsicott|2
|move|p1b: Sylveon|Hyper Voice|p2b: Lucario|[spread] p2a,p2b
|-crit|p2a: Whimsicott
|-damage|p2a: Whimsicott|0 fnt
|-damage|p2b: Lucario|0 fnt
|faint|p2a: Whimsicott
|faint|p2b: Lucario
|
|upkeep
|
|t:|1782410455
|switch|p2b: Meowscarada|Meowscarada, L50, M|100/100
|switch|p2a: Ceruledge|Ceruledge, L50, M|100/100
|turn|4
|inactive|precisiondepicasso has 30 seconds left.
|
|t:|1782410481
|move|p2a: Ceruledge|Protect|p2a: Ceruledge
|-singleturn|p2a: Ceruledge|Protect
|move|p1a: Farigiraf|Twin Beam|p2a: Ceruledge
|-activate|p2a: Ceruledge|move: Protect
|move|p1b: Sylveon|Hyper Voice|p2a: Ceruledge|[spread] p2b
|-activate|p2a: Ceruledge|move: Protect
|-supereffective|p2b: Meowscarada|1
|-damage|p2b: Meowscarada|0 fnt
|faint|p2b: Meowscarada
|
|upkeep
|turn|5
|
|t:|1782410498
|move|p1a: Farigiraf|Twin Beam|p2a: Ceruledge
|-damage|p2a: Ceruledge|81/100
|-damage|p2a: Ceruledge|64/100
|-hitcount|p2a: Ceruledge|2
|move|p1b: Sylveon|Hyper Voice|p2a: Ceruledge
|-resisted|p2a: Ceruledge|1
|-damage|p2a: Ceruledge|27/100
|move|p2a: Ceruledge|Poison Jab|p1b: Sylveon
|-supereffective|p1b: Sylveon|1
|-crit|p1b: Sylveon
|-damage|p1b: Sylveon|0 fnt
|faint|p1b: Sylveon
|-damage|p2a: Ceruledge|17/100|[from] item: Life Orb
|
|upkeep
|
|t:|1782410510
|switch|p1b: Garchomp|Garchomp, L50, F|100/100
|turn|6
|
|t:|1782410518
|move|p1b: Garchomp|Protect|p1b: Garchomp
|-singleturn|p1b: Garchomp|Protect
|move|p1a: Farigiraf|Twin Beam|p2a: Ceruledge
|-crit|p2a: Ceruledge
|-damage|p2a: Ceruledge|0 fnt
|faint|p2a: Ceruledge
|-hitcount|p2: Ceruledge|1
|
|win|precisiondepicasso
||precisiondepicasso is ready for game 3.
||ShadowArachne is ready for game 3.
|uhtml|next|Next: Game 3 of 3
|l|☆ShadowArachne
|player|p2|
