|j|☆tiagoballed
|j|☆jonen
|html|tiagoballedjonen    
|uhtml|bestof|Game 1 of a best-of-3
|t:|1756920216
|gametype|doubles
|player|p1|tiagoballed|pokemaniac|
|player|p2|jonen|ruinmaniac-gen3|
|gen|9
|tier|[Gen 9] VGC 2025 Reg H (Bo3)
|rule|Species Clause: Limit one of each Pokémon
|rule|Item Clause: Limit 1 of each item
|clearpoke
|poke|p1|Indeedee, L50, M|
|poke|p1|Archaludon, L50, M|
|poke|p1|Ursaluna, L50, M|
|poke|p1|Sinistcha, L50|
|poke|p1|Incineroar, L50, F|
|poke|p1|Politoed, L50, M|
|poke|p2|Garchomp, L50, M|
|poke|p2|Weezing-Galar, L50, M|
|poke|p2|Archaludon, L50, F|
|poke|p2|Gholdengo, L50|
|poke|p2|Talonflame, L50, F|
|poke|p2|Annihilape, L50, M|
|teampreview|4
|showteam|p1|Indeedee||ChoiceScarf|PsychicSurge|ExpandingForce,DazzlingGleam,Trick,AfterYou|||M|||50|,,,,,Fairy]Archaludon||AssaultVest|Stamina|TeraBlast,ElectroShot,DracoMeteor,BodyPress|||M|||50|,,,,,Flying]Ursaluna||FlameOrb|Guts|Earthquake,Facade,HeadlongRush,Protect|||M|||50|,,,,,Ghost]Sinistcha||SitrusBerry|Hospitality|MatchaGotcha,Scald,TrickRoom,RagePowder||||||50|,,,,,Water]Incineroar||RockyHelmet|Intimidate|FakeOut,KnockOff,Taunt,PartingShot|||F|||50|,,,,,Bug]Politoed||MysticWater|Drizzle|MuddyWater,WeatherBall,Hypnosis,Protect|||M|||50|,,,,,Grass
|showteam|p2|Garchomp||LifeOrb|RoughSkin|DragonClaw,Earthquake,StompingTantrum,Protect|||M|||50|,,,,,Ground]Weezing-Galar||FocusSash|NeutralizingGas|Protect,SludgeBomb,Taunt,StrangeSteam|||M|||50|,,,,,Flying]Archaludon||PowerHerb|Sturdy|ElectroShot,Thunderbolt,DracoMeteor,Protect|||F|||50|,,,,,Electric]Gholdengo||ChoiceSpecs|GoodasGold|ShadowBall,DazzlingGleam,PowerGem,MakeItRain||||||50|,,,,,Fairy]Talonflame||CovertCloak|GaleWings|Tailwind,DualWingbeat,UpperHand,FlareBlitz|||F|||50|,,,,,Fairy]Annihilape||AssaultVest|Defiant|CloseCombat,RageFist,FinalGambit,IcePunch|||M|||50|,,,,,Grass
|
|t:|1756920279
|teamsize|p1|4
|teamsize|p2|4
|start
|switch|p1a: Politoed|Politoed, L50, M|100/100
|switch|p1b: Indeedee|Indeedee, L50, M|100/100
|switch|p2a: Garchomp|Garchomp, L50, M|100/100
|switch|p2b: Talonflame|Talonflame, L50, F|100/100
|-fieldstart|move: Psychic Terrain|[from] ability: Psychic Surge|[of] p1b: Indeedee
|-weather|RainDance|[from] ability: Drizzle|[of] p1a: Politoed
|turn|1
|
|t:|1756920306
|switch|p1b: Incineroar|Incineroar, L50, F|100/100
|-ability|p1b: Incineroar|Intimidate|boost
|-unboost|p2a: Garchomp|atk|1
|-unboost|p2b: Talonflame|atk|1
|move|p2b: Talonflame|Tailwind|p2b: Talonflame
|-sidestart|p2: jonen|move: Tailwind
|move|p2a: Garchomp|Earthquake|p1b: Incineroar|[spread] p1a,p1b
|-immune|p2b: Talonflame
|-supereffective|p1b: Incineroar
|-damage|p1a: Politoed|68/100
|-damage|p1b: Incineroar|44/100
|-damage|p2a: Garchomp|91/100|[from] item: Life Orb
|move|p1a: Politoed|Muddy Water|p2a: Garchomp|[spread] p2b
|-miss|p1a: Politoed|p2a: Garchomp
|-supereffective|p2b: Talonflame
|-damage|p2b: Talonflame|0 fnt
|faint|p2b: Talonflame
|
|-weather|RainDance|[upkeep]
|upkeep
|
|t:|1756920311
|switch|p2b: Annihilape|Annihilape, L50, M|100/100
|turn|2
|
|t:|1756920347
|switch|p2a: Weezing|Weezing-Galar, L50, M|100/100
|-ability|p2a: Weezing|Neutralizing Gas
|-terastallize|p1b: Incineroar|Bug
|move|p1a: Politoed|Protect|p1a: Politoed
|-singleturn|p1a: Politoed|Protect
|move|p2b: Annihilape|Close Combat|p1b: Incineroar
|-resisted|p1b: Incineroar
|-damage|p1b: Incineroar|21/100
|-unboost|p2b: Annihilape|def|1
|-unboost|p2b: Annihilape|spd|1
|-damage|p2b: Annihilape|84/100|[from] item: Rocky Helmet|[of] p1b: Incineroar
|move|p1b: Incineroar|Knock Off|p2b: Annihilape
|-damage|p2b: Annihilape|19/100
|-enditem|p2b: Annihilape|Assault Vest|[from] move: Knock Off|[of] p1b: Incineroar
|
|-weather|RainDance|[upkeep]
|upkeep
|turn|3
|
|t:|1756920373
|move|p2b: Annihilape|Rage Fist|p1b: Incineroar
|-damage|p1b: Incineroar|0 fnt
|-damage|p2b: Annihilape|3/100|[from] item: Rocky Helmet|[of] p1b: Incineroar
|faint|p1b: Incineroar
|move|p2a: Weezing|Sludge Bomb|p1a: Politoed
|-damage|p1a: Politoed|32/100
|-status|p1a: Politoed|psn
|move|p1a: Politoed|Muddy Water|p2a: Weezing|[spread] p2a
|-miss|p1a: Politoed|p2b: Annihilape
|-damage|p2a: Weezing|10/100
|
|-weather|RainDance|[upkeep]
|-damage|p1a: Politoed|19/100 psn|[from] psn
|upkeep
|
|t:|1756920387
|switch|p1b: Indeedee|Indeedee, L50, M|100/100
|turn|4
|
|t:|1756920421
|switch|p1a: Ursaluna|Ursaluna, L50, M|100/100
|move|p2a: Weezing|Protect|p2a: Weezing
|-singleturn|p2a: Weezing|Protect
|move|p2b: Annihilape|Close Combat|p1b: Indeedee
|-damage|p1b: Indeedee|0 fnt
|-unboost|p2b: Annihilape|def|1
|-unboost|p2b: Annihilape|spd|1
|faint|p1b: Indeedee
|
|-weather|RainDance|[upkeep]
|-sideend|p2: jonen|move: Tailwind
|-status|p1a: Ursaluna|brn|[from] item: Flame Orb
|upkeep
|
|t:|1756920433
|switch|p1b: Politoed|Politoed, L50, M|19/100 psn
|turn|5
|
|t:|1756920454
|move|p1a: Ursaluna|Protect|p1a: Ursaluna
|-singleturn|p1a: Ursaluna|Protect
|move|p2b: Annihilape|Rage Fist|p1b: Politoed
|-damage|p1b: Politoed|0 fnt
|faint|p1b: Politoed
|move|p2a: Weezing|Strange Steam|p1a: Ursaluna
|-activate|p1a: Ursaluna|move: Protect
|
|-weather|none
|-damage|p1a: Ursaluna|95/100 brn|[from] brn
|-fieldend|move: Psychic Terrain
|upkeep
|turn|6
|
|t:|1756920466
|move|p2b: Annihilape|Close Combat|p1a: Ursaluna
|-supereffective|p1a: Ursaluna
|-damage|p1a: Ursaluna|16/100 brn
|-unboost|p2b: Annihilape|def|1
|-unboost|p2b: Annihilape|spd|1
|move|p2a: Weezing|Sludge Bomb|p1a: Ursaluna
|-resisted|p1a: Ursaluna
|-damage|p1a: Ursaluna|0 fnt
|faint|p1a: Ursaluna
|
|win|jonen
