|j|☆Amorarra
|j|☆CaratroncoSun
|html|AmorarraCaratroncoSun    
|uhtml|bestof|Game 1 of a best-of-3
|t:|1782223695
|gametype|doubles
|player|p1|Amorarra|swimmerf|1177
|player|p2|CaratroncoSun|juan|1114
|gen|9
|tier|[Gen 9 Champions] VGC 2026 Reg M-B (Bo3)
|rated|
|rule|Species Clause: Limit one of each Pokémon
|rule|Item Clause: Limit 1 of each item
|clearpoke
|poke|p1|Staraptor, L50, F, shiny|
|poke|p1|Garchomp, L50, F|
|poke|p1|Basculegion, L50, M|
|poke|p1|Gholdengo, L50|
|poke|p1|Whimsicott, L50, M, shiny|
|poke|p1|Farigiraf, L50, M|
|poke|p2|Overqwil, L50, F, shiny|
|poke|p2|Swampert, L50, M|
|poke|p2|Pelipper, L50, F|
|poke|p2|Metagross, L50, shiny|
|poke|p2|Sneasler, L50, M|
|poke|p2|Sinistcha-Masterpiece, L50|
|teampreview|4
|showteam|p1|Staraptor||Staraptite|Intimidate|CloseCombat,Roost,Protect,BraveBird|Adamant||F|||50|]Garchomp||SitrusBerry|RoughSkin|Earthquake,DragonClaw,FireFang,Protect|Adamant||F|||50|]Basculegion||ChoiceScarf|Adaptability|LastRespects,Protect,Liquidation,FlipTurn|Jolly||M|||50|]Gholdengo||ExpertBelt|GoodasGold|MakeItRain,ShadowBall,Protect,FlashCannon|Timid|||||50|]Whimsicott||FocusSash|Prankster|Moonblast,Tailwind,Charm,Protect|Bold||M|||50|]Farigiraf||Leftovers|ArmorTail|FoulPlay,Protect,TrickRoom,Roar|Sassy||M|||50|
|showteam|p2|Overqwil||LifeOrb|SwiftSwim|Protect,PoisonJab,ThroatChop,Liquidation|Adamant||F|||50|]Swampert||Swampertite|Damp|Protect,WaveCrash,HighHorsepower,IcePunch|Adamant||M|||50|]Pelipper||FocusSash|Drizzle|Protect,Tailwind,Hurricane,WeatherBall|Modest||F|||50|]Metagross||Metagrossite|ClearBody|Protect,PsychicFangs,MeteorMash,IcePunch|Jolly|||||50|]Sneasler||WhiteHerb|Unburden|Coaching,FakeOut,DireClaw,CloseCombat|Jolly||M|||50|]Sinistcha-Masterpiece||SitrusBerry|Hospitality|MatchaGotcha,TrickRoom,LifeDew,RagePowder|Bold|||||50|
|
|t:|1782223719
|teamsize|p1|4
|teamsize|p2|4
|start
|switch|p1a: Josuke|Staraptor, L50, F, shiny|100/100
|switch|p1b: Scott|Whimsicott, L50, M, shiny|100/100
|switch|p2a: Metagross|Metagross, L50, shiny|100/100
|switch|p2b: Sneasler|Sneasler, L50, M|100/100
|-ability|p1a: Josuke|Intimidate|boost
|-fail|p2a: Metagross|unboost|[from] ability: Clear Body|[of] p2a: Metagross
|-unboost|p2b: Sneasler|atk|1
|-enditem|p2b: Sneasler|White Herb
|-clearnegativeboost|p2b: Sneasler|[silent]
|turn|1
|
|t:|1782223746
|detailschange|p1a: Josuke|Staraptor-Mega, L50, F, shiny
|-mega|p1a: Josuke|Staraptor|Staraptite
|move|p1a: Josuke|Protect|p1a: Josuke
|-singleturn|p1a: Josuke|Protect
|move|p1b: Scott|Tailwind|p1b: Scott
|-sidestart|p1: Amorarra|move: Tailwind
|move|p2b: Sneasler|Coaching|p2a: Metagross
|-boost|p2a: Metagross|atk|1
|-boost|p2a: Metagross|def|1
|move|p2a: Metagross|Psychic Fangs|p1a: Josuke
|-activate|p1a: Josuke|move: Protect
|
|upkeep
|turn|2
|
|t:|1782223776
|move|p1b: Scott|Charm|p1a: Josuke
|-boost|p1a: Josuke|atk|2
|move|p2b: Sneasler|Coaching|p2a: Metagross
|-boost|p2a: Metagross|atk|1
|-boost|p2a: Metagross|def|1
|move|p1a: Josuke|Close Combat|p2a: Metagross
|-damage|p2a: Metagross|37/100
|-boost|p1a: Josuke|def|1
|-boost|p1a: Josuke|spd|1
|move|p2a: Metagross|Psychic Fangs|p1a: Josuke
|-supereffective|p1a: Josuke|1
|-damage|p1a: Josuke|0 fnt
|faint|p1a: Josuke
|
|upkeep
|
|t:|1782223790
|switch|p1a: Tiamat|Garchomp, L50, F|100/100
|turn|3
|
|t:|1782223819
|switch|p2b: Pelipper|Pelipper, L50, F|100/100
|-weather|RainDance|[from] ability: Drizzle|[of] p2b: Pelipper
|move|p2a: Metagross|Protect|p2a: Metagross
|-singleturn|p2a: Metagross|Protect
|move|p1b: Scott|Charm|p2a: Metagross
|-activate|p2a: Metagross|move: Protect
|move|p1a: Tiamat|Earthquake|p2a: Metagross|[spread] p1b
|-activate|p2a: Metagross|move: Protect
|-immune|p2b: Pelipper
|-resisted|p1b: Scott|1
|-damage|p1b: Scott|82/100
|
|-weather|RainDance|[upkeep]
|upkeep
|turn|4
|
|t:|1782223869
|detailschange|p2a: Metagross|Metagross-Mega, L50, shiny
|-mega|p2a: Metagross|Metagross|Metagrossite
|move|p1b: Scott|Moonblast|p2b: Pelipper
|-damage|p2b: Pelipper|55/100
|move|p1a: Tiamat|Fire Fang|p2a: Metagross
|-supereffective|p2a: Metagross|1
|-damage|p2a: Metagross|28/100
|move|p2a: Metagross|Ice Punch|p1b: Scott
|-supereffective|p1b: Scott|1
|-damage|p1b: Scott|0 fnt
|faint|p1b: Scott
|move|p2b: Pelipper|Hurricane|p1a: Tiamat
|-damage|p1a: Tiamat|60/100
|
|-weather|RainDance|[upkeep]
|-sideend|p1: Amorarra|move: Tailwind
|upkeep
|
|t:|1782223883
|switch|p1b: Fiesh|Basculegion, L50, M|100/100
|turn|5
|
|t:|1782223899
|move|p2a: Metagross|Protect|p2a: Metagross
|-singleturn|p2a: Metagross|Protect
|move|p1b: Fiesh|Last Respects|p2a: Metagross
|-activate|p2a: Metagross|move: Protect
|move|p1a: Tiamat|Dragon Claw|p2b: Pelipper
|-crit|p2b: Pelipper
|-damage|p2b: Pelipper|0 fnt
|faint|p2b: Pelipper
|
|-weather|RainDance|[upkeep]
|upkeep
|
|t:|1782223909
|switch|p2b: Overqwil|Overqwil, L50, F, shiny|100/100
|turn|6
|
|t:|1782223918
|move|p2b: Overqwil|Throat Chop|p1b: Fiesh
|-supereffective|p1b: Fiesh|1
|-damage|p1b: Fiesh|0 fnt
|faint|p1b: Fiesh
|-damage|p2b: Overqwil|90/100|[from] item: Life Orb
|move|p2a: Metagross|Ice Punch|p1a: Tiamat
|-supereffective|p1a: Tiamat|2
|-damage|p1a: Tiamat|0 fnt
|-damage|p2a: Metagross|16/100|[from] ability: Rough Skin|[of] p1a: Tiamat
|faint|p1a: Tiamat
|
|win|CaratroncoSun
