|j|☆cheesebiscuit12
|j|☆bingbingbangus
|html|cheesebiscuit12bingbingbangus    
|uhtml|bestof|Game 3 of a best-of-3
|t:|1785157801
|gametype|doubles
|player|p1|cheesebiscuit12|169|
|player|p2|bingbingbangus|265|
|gen|9
|tier|[Gen 9 Champions] VGC 2026 Reg M-B (Bo3)
|rule|Species Clause: Limit one of each Pokémon
|rule|Item Clause: Limit 1 of each item
|clearpoke
|poke|p1|Gardevoir, L50, M|
|poke|p1|Metagross, L50|
|poke|p1|Whimsicott, L50, F|
|poke|p1|Garganacl, L50, M|
|poke|p1|Sableye, L50, M|
|poke|p1|Flapple, L50, F|
|poke|p2|Gengar, L50, F|
|poke|p2|Primarina, L50, M|
|poke|p2|Annihilape, L50, F|
|poke|p2|Clefable, L50, M|
|poke|p2|Rotom-Wash, L50|
|poke|p2|Scizor, L50, M|
|teampreview|4
|showteam|p1|Gardevoir||Gardevoirite|Telepathy|HyperVoice,Protect,Psyshock,TrickRoom|Timid||M|||50|]Metagross||ExpertBelt|ClearBody|IronHead,IcePunch,Earthquake,PsychicFangs|Adamant|||||50|]Whimsicott||FocusSash|Prankster|TrickRoom,Protect,BeatUp,Moonblast|Relaxed||F|||50|]Garganacl||Leftovers|PurifyingSalt|StealthRock,SaltCure,Recover,Protect|Impish||M|||50|]Sableye||Sablenite|Prankster|Gravity,WillOWisp,SuckerPunch,LightScreen|Careful||M|||50|]Flapple||MiracleSeed|Hustle|GravApple,DragonRush,Uturn,Protect|Jolly||F|||50|
|showteam|p2|Gengar||Gengarite|CursedBody|ShadowBall,SludgeBomb,Protect,PerishSong|Timid||F|||50|]Primarina||Leftovers|Torrent|HyperVoice,Moonblast,Protect,Haze|Calm||M|||50|]Annihilape||SitrusBerry|InnerFocus|RageFist,DrainPunch,BulkUp,Protect|Adamant||F|||50|]Clefable||FocusSash|Unaware|FollowMe,HelpingHand,Moonblast,Protect|Calm||M|||50|]Rotom-Wash||ExpertBelt|Levitate|HydroPump,VoltSwitch,WillOWisp,Protect|Calm|||||50|]Scizor||MuscleBand|Swarm|BulletPunch,Uturn,DualWingbeat,CloseCombat|Adamant||M|||50|
|
|t:|1785157838
|teamsize|p1|4
|teamsize|p2|4
|start
|switch|p1a: Gardevoir|Gardevoir, L50, M|100/100
|switch|p1b: Whimsicott|Whimsicott, L50, F|100/100
|switch|p2a: Annihilape|Annihilape, L50, F|100/100
|switch|p2b: Clefable|Clefable, L50, M|100/100
|turn|1
|
|t:|1785157864
|detailschange|p1a: Gardevoir|Gardevoir-Mega, L50, M
|-mega|p1a: Gardevoir|Gardevoir|Gardevoirite
|move|p1a: Gardevoir|Hyper Voice|p2a: Annihilape|[spread] p2a,p2b
|-supereffective|p2a: Annihilape|1
|-damage|p2a: Annihilape|8/100
|-damage|p2b: Clefable|65/100
|-enditem|p2a: Annihilape|Sitrus Berry|[eat]
|-heal|p2a: Annihilape|33/100|[from] item: Sitrus Berry
|move|p1b: Whimsicott|Moonblast|p2a: Annihilape
|-supereffective|p2a: Annihilape|1
|-damage|p2a: Annihilape|0 fnt
|faint|p2a: Annihilape
|move|p2b: Clefable|Moonblast|p1a: Gardevoir
|-damage|p1a: Gardevoir|65/100
|
|upkeep
|
|t:|1785157878
|switch|p2a: Gengar|Gengar, L50, F|100/100
|turn|2
|
|t:|1785157900
|detailschange|p2a: Gengar|Gengar-Mega, L50, F
|-mega|p2a: Gengar|Gengar|Gengarite
|move|p2a: Gengar|Shadow Ball|p1a: Gardevoir
|-supereffective|p1a: Gardevoir|1
|-damage|p1a: Gardevoir|0 fnt
|faint|p1a: Gardevoir
|move|p1b: Whimsicott|Beat Up|p2a: Gengar
|-supereffective|p2a: Gengar|1
|-damage|p2a: Gengar|92/100
|-supereffective|p2a: Gengar|1
|-damage|p2a: Gengar|85/100
|-supereffective|p2a: Gengar|1
|-damage|p2a: Gengar|75/100
|-hitcount|p2a: Gengar|3
|move|p2b: Clefable|Moonblast|p1b: Whimsicott
|-damage|p1b: Whimsicott|58/100
|
|upkeep
|
|t:|1785157917
|switch|p1a: Sableye|Sableye, L50, M|100/100
|turn|3
|
|t:|1785157928
|move|p2b: Clefable|Follow Me|p2b: Clefable
|-singleturn|p2b: Clefable|move: Follow Me
|move|p1a: Sableye|Sucker Punch||[still]
|-fail|p1a: Sableye
|move|p2a: Gengar|Sludge Bomb|p1b: Whimsicott
|-supereffective|p1b: Whimsicott|2
|-damage|p1b: Whimsicott|0 fnt
|faint|p1b: Whimsicott
|
|upkeep
|
|t:|1785157935
|switch|p1b: Flapple|Flapple, L50, F|100/100
|turn|4
|
|t:|1785157949
|move|p2b: Clefable|Helping Hand|p2a: Gengar
|-singleturn|p2a: Gengar|Helping Hand|[of] p2b: Clefable
|move|p1a: Sableye|Gravity|p1a: Sableye
|-fieldstart|move: Gravity
|move|p2a: Gengar|Sludge Bomb|p1b: Flapple
|-supereffective|p1b: Flapple|1
|-damage|p1b: Flapple|0 fnt
|faint|p1b: Flapple
|
|upkeep
|turn|5
|
|t:|1785157967
|move|p2b: Clefable|Protect|p2b: Clefable
|-singleturn|p2b: Clefable|Protect
|move|p1a: Sableye|Sucker Punch||[still]
|-fail|p1a: Sableye
|move|p2a: Gengar|Perish Song|p2a: Gengar
|-start|p1a: Sableye|perish3|[silent]
|-start|p2a: Gengar|perish3|[silent]
|-start|p2b: Clefable|perish3|[silent]
|-fieldactivate|move: Perish Song
|
|-start|p2a: Gengar|perish3
|-start|p2b: Clefable|perish3
|-start|p1a: Sableye|perish3
|upkeep
|turn|6
|
|t:|1785157979
|move|p2b: Clefable|Protect||[still]
|-fail|p2b: Clefable
|move|p1a: Sableye|Sucker Punch||[still]
|-fail|p1a: Sableye
|move|p2a: Gengar|Perish Song||[still]
|-fail|p2a: Gengar
|
|-start|p2a: Gengar|perish2
|-start|p2b: Clefable|perish2
|-start|p1a: Sableye|perish2
|upkeep
|turn|7
|-message|cheesebiscuit12 forfeited.
|
|win|bingbingbangus
