|j|☆kodehue
|j|☆BigIronChungus
|html|kodehueBigIronChungus    
|uhtml|bestof|Game 3 of a best-of-3
|t:|1784965186
|gametype|doubles
|player|p1|kodehue|170|1086
|player|p2|BigIronChungus|arezu|1110
|gen|9
|tier|[Gen 9 Champions] VGC 2026 Reg M-B (Bo3)
|rated|
|rule|Species Clause: Limit one of each Pokémon
|rule|Item Clause: Limit 1 of each item
|clearpoke
|poke|p1|Vivillon, L50, M|
|poke|p1|Malamar, L50, M|
|poke|p1|Lopunny, L50, M|
|poke|p1|Aerodactyl, L50, M|
|poke|p1|Feraligatr, L50, F|
|poke|p1|Blaziken, L50, F|
|poke|p2|Milotic, L50, M|
|poke|p2|Staraptor, L50, M|
|poke|p2|Tyranitar, L50, M|
|poke|p2|Gholdengo, L50|
|poke|p2|Excadrill, L50, F|
|poke|p2|Sinistcha, L50|
|teampreview|4
|showteam|p1|Vivillon||FocusSash|CompoundEyes|SleepPowder,Hurricane,Whirlwind,Protect|Timid||M|||50|]Malamar||Malamarite|Contrary|Superpower,ThroatChop,PsychoCut,Protect|Adamant||M|||50|]Lopunny||Lopunnite|CuteCharm|FakeOut,ThunderPunch,HighJumpKick,IcePunch|Jolly||M|||50|]Aerodactyl||MentalHerb|Unnerve|Tailwind,Taunt,Earthquake,RockSlide|Jolly||M|||50|]Feraligatr||LifeOrb|SheerForce|Liquidation,IcePunch,RockSlide,Crunch|Adamant||F|||50|]Blaziken||Blazikenite|SpeedBoost|CloseCombat,RockSlide,FlareBlitz,Detect|Adamant||F|||50|
|showteam|p2|Milotic||Leftovers|Competitive|Protect,IceBeam,Scald,IcyWind|Modest||M|||50|]Staraptor||Staraptite|Intimidate|Protect,BraveBird,CloseCombat,Tailwind|Jolly||M|||50|]Tyranitar||Tyranitarite|SandStream|Protect,KnockOff,RockSlide,LowKick|Adamant||M|||50|]Gholdengo||LifeOrb|GoodasGold|Protect,ShadowBall,NastyPlot,MakeItRain|Modest|||||50|]Excadrill||FocusSash|SandRush|Protect,IronHead,RockSlide,HighHorsepower|Adamant||F|||50|]Sinistcha||SitrusBerry|Hospitality|Protect,TrickRoom,RagePowder,MatchaGotcha|Bold|||||50|
|inactive|Battle timer is ON: inactive players will automatically lose when time's up. (requested by kodehue)
|
|t:|1784965208
|teamsize|p1|4
|teamsize|p2|4
|start
|switch|p1a: Vivillon|Vivillon, L50, M|100/100
|switch|p1b: Lopunny|Lopunny, L50, M|100/100
|switch|p2a: Staraptor|Staraptor, L50, M|100/100
|switch|p2b: Milotic|Milotic, L50, M|100/100
|-ability|p2a: Staraptor|Intimidate|boost
|-unboost|p1a: Vivillon|atk|1
|-unboost|p1b: Lopunny|atk|1
|turn|1
|inactive|kodehue has 30 seconds left.
|inactive|kodehue has 20 seconds left.
|inactive|kodehue has 15 seconds left.
|inactive|kodehue has 10 seconds left.
|inactive|kodehue has 5 seconds left.
|
|t:|1784965261
|move|p2a: Staraptor|Protect|p2a: Staraptor
|-singleturn|p2a: Staraptor|Protect
|move|p1b: Lopunny|Fake Out|p2a: Staraptor
|-activate|p2a: Staraptor|move: Protect
|move|p1a: Vivillon|Sleep Powder|p2b: Milotic
|-status|p2b: Milotic|slp|[from] move: Sleep Powder
|cant|p2b: Milotic|slp
|
|upkeep
|turn|2
|inactive|kodehue has 30 seconds left.
|inactive|kodehue has 20 seconds left.
|inactive|kodehue has 15 seconds left.
|
|t:|1784965306
|detailschange|p2a: Staraptor|Staraptor-Mega, L50, M
|-mega|p2a: Staraptor|Staraptor|Staraptite
|move|p2a: Staraptor|Tailwind|p2a: Staraptor
|-sidestart|p2: BigIronChungus|move: Tailwind
|cant|p2b: Milotic|slp
|move|p1b: Lopunny|Thunder Punch|p2b: Milotic
|-supereffective|p2b: Milotic|1
|-damage|p2b: Milotic|77/100 slp
|move|p1a: Vivillon|Sleep Powder|p2a: Staraptor
|-status|p2a: Staraptor|slp|[from] move: Sleep Powder
|
|-heal|p2b: Milotic|83/100 slp|[from] item: Leftovers
|upkeep
|turn|3
|
|t:|1784965324
|detailschange|p1b: Lopunny|Lopunny-Mega, L50, M
|-mega|p1b: Lopunny|Lopunny|Lopunnite
|cant|p2a: Staraptor|slp
|move|p1b: Lopunny|Thunder Punch|p2b: Milotic
|-supereffective|p2b: Milotic|1
|-damage|p2b: Milotic|52/100 slp
|-curestatus|p2b: Milotic|slp|[msg]
|move|p2b: Milotic|Icy Wind|p1b: Lopunny|[spread] p1a,p1b
|-supereffective|p1a: Vivillon|1
|-crit|p1b: Lopunny
|-damage|p1a: Vivillon|56/100
|-damage|p1b: Lopunny|75/100
|-unboost|p1a: Vivillon|spe|1
|-unboost|p1b: Lopunny|spe|1
|move|p1a: Vivillon|Hurricane|p2a: Staraptor
|-supereffective|p2a: Staraptor|1
|-damage|p2a: Staraptor|0 fnt
|faint|p2a: Staraptor
|
|-heal|p2b: Milotic|58/100|[from] item: Leftovers
|upkeep
|
|t:|1784965340
|switch|p2a: Excadrill|Excadrill, L50, F|100/100
|turn|4
|inactive|kodehue has 30 seconds left.
|inactive|kodehue has 20 seconds left.
|
|t:|1784965380
|switch|p1b: Blaziken|Blaziken, L50, F|100/100
|switch|p1a: Feraligatr|Feraligatr, L50, F|100/100
|move|p2a: Excadrill|Protect|p2a: Excadrill
|-singleturn|p2a: Excadrill|Protect
|move|p2b: Milotic|Icy Wind|p1a: Feraligatr|[spread] p1a,p1b
|-resisted|p1a: Feraligatr|1
|-resisted|p1b: Blaziken|1
|-damage|p1a: Feraligatr|93/100
|-damage|p1b: Blaziken|92/100
|-unboost|p1a: Feraligatr|spe|1
|-unboost|p1b: Blaziken|spe|1
|
|-heal|p2b: Milotic|64/100|[from] item: Leftovers
|upkeep
|turn|5
|inactive|kodehue has 30 seconds left.
|inactive|BigIronChungus has 30 seconds left.
|inactive|kodehue has 20 seconds left.
|
|t:|1784965418
|move|p2a: Excadrill|High Horsepower|p1a: Feraligatr
|-damage|p1a: Feraligatr|36/100
|move|p2b: Milotic|Icy Wind|p1a: Feraligatr|[spread] p1a,p1b
|-resisted|p1a: Feraligatr|1
|-resisted|p1b: Blaziken|1
|-damage|p1a: Feraligatr|30/100
|-damage|p1b: Blaziken|85/100
|-unboost|p1a: Feraligatr|spe|1
|-unboost|p1b: Blaziken|spe|1
|move|p1a: Feraligatr|Rock Slide|p2a: Excadrill|[spread] p2a,p2b
|-resisted|p2a: Excadrill|2
|-damage|p2a: Excadrill|89/100
|-damage|p2b: Milotic|35/100
|move|p1b: Blaziken|Flare Blitz|p2a: Excadrill
|-supereffective|p2a: Excadrill|1
|-damage|p2a: Excadrill|0 fnt
|faint|p2a: Excadrill
|-damage|p1b: Blaziken|54/100|[from] Recoil
|
|-heal|p2b: Milotic|41/100|[from] item: Leftovers
|-sideend|p2: BigIronChungus|move: Tailwind
|-ability|p1b: Blaziken|Speed Boost|boost
|-boost|p1b: Blaziken|spe|1
|upkeep
|
|t:|1784965431
|switch|p2a: Tyranitar|Tyranitar, L50, M|100/100
|-weather|Sandstorm|[from] ability: Sand Stream|[of] p2a: Tyranitar
|turn|6
|
|t:|1784965454
|move|p2b: Milotic|Icy Wind|p1a: Feraligatr|[spread] p1a,p1b
|-resisted|p1a: Feraligatr|1
|-resisted|p1b: Blaziken|1
|-damage|p1a: Feraligatr|23/100
|-damage|p1b: Blaziken|46/100
|-unboost|p1a: Feraligatr|spe|1
|-unboost|p1b: Blaziken|spe|1
|move|p2a: Tyranitar|Rock Slide|p1a: Feraligatr|[spread] p1a,p1b
|-damage|p1a: Feraligatr|0 fnt
|-damage|p1b: Blaziken|9/100
|faint|p1a: Feraligatr
|move|p1b: Blaziken|Close Combat|p2a: Tyranitar
|-supereffective|p2a: Tyranitar|2
|-damage|p2a: Tyranitar|0 fnt
|-unboost|p1b: Blaziken|def|1
|-unboost|p1b: Blaziken|spd|1
|faint|p2a: Tyranitar
|
|-weather|Sandstorm|[upkeep]
|-damage|p2b: Milotic|35/100|[from] Sandstorm
|-damage|p1b: Blaziken|3/100|[from] Sandstorm
|-heal|p2b: Milotic|41/100|[from] item: Leftovers
|-ability|p1b: Blaziken|Speed Boost|boost
|-boost|p1b: Blaziken|spe|1
|upkeep
|-message|BigIronChungus forfeited.
|
|win|kodehue
|raw|kodehue's rating: 1086 → 1115(+29 for winning)
|raw|BigIronChungus's rating: 1110 → 1083(-27 for losing)
