|j|☆Mipola
|j|☆slubkid
|html|Mipolaslubkid    
|uhtml|bestof|Game 1 of a best-of-3
|t:|1783705859
|gametype|doubles
|player|p1|Mipola|265|1138
|player|p2|slubkid|camper|1149
|gen|9
|tier|[Gen 9 Champions] VGC 2026 Reg M-B (Bo3)
|rated|
|rule|Species Clause: Limit one of each Pokémon
|rule|Item Clause: Limit 1 of each item
|clearpoke
|poke|p1|Arcanine-Hisui, L50, F|
|poke|p1|Tyranitar, L50, M|
|poke|p1|Garchomp, L50, M|
|poke|p1|Venusaur, L50, M|
|poke|p1|Hatterene, L50, F|
|poke|p1|Primarina, L50, F|
|poke|p2|Gholdengo, L50|
|poke|p2|Whimsicott, L50, M|
|poke|p2|Staraptor, L50, F|
|poke|p2|Charizard, L50, M|
|poke|p2|Sylveon, L50, F, shiny|
|poke|p2|Alakazam, L50, F|
|teampreview|4
|showteam|p1|Arcanine-Hisui||ChoiceScarf|Intimidate|RockSlide,FlareBlitz,WildCharge,HeadSmash|Adamant||F|||50|]Tyranitar||Tyranitarite|SandStream|RockSlide,KnockOff,Protect,DragonDance|Serious||M|||50|]Garchomp||BrightPowder|SandVeil|DragonClaw,Earthquake,StompingTantrum,Protect|Adamant||M|||50|]Venusaur||Venusaurite|Chlorophyll|SleepPowder,SludgeBomb,EnergyBall,Protect|Modest||M|||50|]Hatterene||LifeOrb|MagicBounce|Psychic,TrickRoom,DazzlingGleam,Protect|Modest||F|||50|]Primarina||Leftovers|LiquidVoice|HyperVoice,Moonblast,Protect,CalmMind|Modest||F|||50|
|showteam|p2|Gholdengo||ChoiceScarf|GoodasGold|ShadowBall,MakeItRain,FlashCannon,PowerGem|Timid|||||50|]Whimsicott||FocusSash|Prankster|Moonblast,Charm,Tailwind,Protect|Timid||M|||50|]Staraptor||Staraptite|Intimidate|BraveBird,CloseCombat,Roost,Protect|Jolly||F|||50|]Charizard||CharizarditeY|Blaze|WeatherBall,HeatWave,SolarBeam,Protect|Modest||M|||50|]Sylveon||FairyFeather|Pixilate|HyperVoice,HyperBeam,QuickAttack,Detect|Modest||F|||50|]Alakazam||MentalHerb|InnerFocus|Imprison,TrickRoom,Encore,FocusBlast|Calm||F|||50|
|inactive|Battle timer is ON: inactive players will automatically lose when time's up. (requested by Mipola)
|inactive|Mipola has 60 seconds left.
|inactive|Mipola has 30 seconds left.
|
|t:|1783705937
|teamsize|p1|4
|teamsize|p2|4
|start
|switch|p1a: Arcanine|Arcanine-Hisui, L50, F|100/100
|switch|p1b: Primarina|Primarina, L50, F|100/100
|switch|p2a: Alakazam|Alakazam, L50, F|100/100
|switch|p2b: Charizard|Charizard, L50, M|100/100
|-ability|p1a: Arcanine|Intimidate|boost
|-fail|p2a: Alakazam|unboost|Attack|[from] ability: Inner Focus|[of] p2a: Alakazam
|-unboost|p2b: Charizard|atk|1
|turn|1
|
|t:|1783705959
|move|p2b: Charizard|Protect|p2b: Charizard
|-singleturn|p2b: Charizard|Protect
|move|p1a: Arcanine|Rock Slide|p2a: Alakazam|[spread] 
|-activate|p2b: Charizard|move: Protect
|-miss|p1a: Arcanine|p2a: Alakazam
|move|p2a: Alakazam|Focus Blast|p1a: Arcanine|[miss]
|-miss|p2a: Alakazam|p1a: Arcanine
|move|p1b: Primarina|Calm Mind|p1b: Primarina
|-boost|p1b: Primarina|spa|1
|-boost|p1b: Primarina|spd|1
|
|upkeep
|turn|2
|
|t:|1783705984
|detailschange|p2b: Charizard|Charizard-Mega-Y, L50, M
|-mega|p2b: Charizard|Charizard|Charizardite Y
|-weather|SunnyDay|[from] ability: Drought|[of] p2b: Charizard
|move|p1a: Arcanine|Rock Slide|p2b: Charizard|[spread] p2a,p2b
|-supereffective|p2b: Charizard|2
|-damage|p2a: Alakazam|41/100
|-damage|p2b: Charizard|0 fnt
|faint|p2b: Charizard
|move|p2a: Alakazam|Focus Blast|p1a: Arcanine
|-supereffective|p1a: Arcanine|1
|-damage|p1a: Arcanine|13/100
|move|p1b: Primarina|Hyper Voice|p2a: Alakazam
|-damage|p2a: Alakazam|12/100
|
|-weather|SunnyDay|[upkeep]
|upkeep
|
|t:|1783705992
|switch|p2b: Gholdengo|Gholdengo, L50|100/100
|turn|3
|inactive|slubkid has 30 seconds left.
|
|t:|1783706025
|switch|p2a: Sylveon|Sylveon, L50, F, shiny|100/100
|move|p2b: Gholdengo|Make It Rain|p1b: Primarina|[spread] p1a,p1b
|-damage|p1a: Arcanine|0 fnt
|-damage|p1b: Primarina|72/100
|-unboost|p2b: Gholdengo|spa|2
|faint|p1a: Arcanine
|move|p1b: Primarina|Moonblast|p2b: Gholdengo
|-resisted|p2b: Gholdengo|1
|-damage|p2b: Gholdengo|55/100
|
|-weather|SunnyDay|[upkeep]
|-heal|p1b: Primarina|78/100|[from] item: Leftovers
|upkeep
|
|t:|1783706040
|switch|p1a: Venusaur|Venusaur, L50, M|100/100
|turn|4
|
|t:|1783706062
|detailschange|p1a: Venusaur|Venusaur-Mega, L50, M
|-mega|p1a: Venusaur|Venusaur|Venusaurite
|move|p2b: Gholdengo|Make It Rain|p1a: Venusaur|[spread] p1a,p1b
|-damage|p1a: Venusaur|81/100
|-damage|p1b: Primarina|65/100
|-unboost|p2b: Gholdengo|spa|2
|move|p1a: Venusaur|Sludge Bomb|p2a: Sylveon
|-supereffective|p2a: Sylveon|1
|-damage|p2a: Sylveon|12/100
|move|p2a: Sylveon|Hyper Beam|p1b: Primarina
|-damage|p1b: Primarina|7/100
|-mustrecharge|p2a: Sylveon
|move|p1b: Primarina|Moonblast|p2b: Gholdengo
|-resisted|p2b: Gholdengo|1
|-damage|p2b: Gholdengo|9/100
|
|-weather|SunnyDay|[upkeep]
|-heal|p1b: Primarina|13/100|[from] item: Leftovers
|upkeep
|turn|5
|inactive|Mipola has 30 seconds left.
|
|t:|1783706089
|switch|p2b: Alakazam|Alakazam, L50, F|12/100
|move|p1b: Primarina|Protect|p1b: Primarina
|-singleturn|p1b: Primarina|Protect
|move|p1a: Venusaur|Sludge Bomb|p2a: Sylveon
|-supereffective|p2a: Sylveon|1
|-damage|p2a: Sylveon|0 fnt
|faint|p2a: Sylveon
|
|-weather|SunnyDay|[upkeep]
|-heal|p1b: Primarina|19/100|[from] item: Leftovers
|upkeep
|
|t:|1783706095
|switch|p2a: Gholdengo|Gholdengo, L50|9/100
|turn|6
|
|t:|1783706113
|move|p1a: Venusaur|Protect|p1a: Venusaur
|-singleturn|p1a: Venusaur|Protect
|move|p2a: Gholdengo|Flash Cannon|p1a: Venusaur
|-activate|p1a: Venusaur|move: Protect
|move|p2b: Alakazam|Encore|p1b: Primarina
|-start|p1b: Primarina|Encore
|move|p1b: Primarina|Protect||[still]
|-fail|p1b: Primarina
|
|-weather|none
|-heal|p1b: Primarina|25/100|[from] item: Leftovers
|upkeep
|turn|7
|
|t:|1783706130
|move|p1b: Primarina|Protect|p1b: Primarina
|-singleturn|p1b: Primarina|Protect
|move|p2a: Gholdengo|Flash Cannon|p1a: Venusaur
|-damage|p1a: Venusaur|45/100
|move|p2b: Alakazam|Encore|p1a: Venusaur
|-start|p1a: Venusaur|Encore
|move|p1a: Venusaur|Protect||[still]
|-fail|p1a: Venusaur
|
|-heal|p1b: Primarina|31/100|[from] item: Leftovers
|upkeep
|turn|8
|inactive|Mipola has 30 seconds left.
|inactive|Mipola has 20 seconds left.
|inactive|Mipola has 15 seconds left.
|
|t:|1783706172
|move|p1a: Venusaur|Protect|p1a: Venusaur
|-singleturn|p1a: Venusaur|Protect
|move|p1b: Primarina|Protect|p1b: Primarina
|-singleturn|p1b: Primarina|Protect
|move|p2a: Gholdengo|Flash Cannon|p1b: Primarina
|-activate|p1b: Primarina|move: Protect
|move|p2b: Alakazam|Focus Blast|p1b: Primarina
|-activate|p1b: Primarina|move: Protect
|
|-heal|p1b: Primarina|36/100|[from] item: Leftovers
|-end|p1b: Primarina|Encore
|upkeep
|turn|9
|inactive|Mipola has 30 seconds left.
|
|t:|1783706198
|switch|p1a: Hatterene|Hatterene, L50, F|100/100
|move|p2a: Gholdengo|Flash Cannon|p1b: Primarina
|-damage|p1b: Primarina|11/100
|move|p2b: Alakazam|Encore|p1b: Primarina
|-start|p1b: Primarina|Encore
|move|p1b: Primarina|Protect||[still]
|-fail|p1b: Primarina
|
|-heal|p1b: Primarina|17/100|[from] item: Leftovers
|upkeep
|turn|10
|inactive|slubkid has 30 seconds left.
|
|t:|1783706230
|move|p1b: Primarina|Protect|p1b: Primarina
|-singleturn|p1b: Primarina|Protect
|move|p2a: Gholdengo|Flash Cannon|p1a: Hatterene
|-supereffective|p1a: Hatterene|1
|-damage|p1a: Hatterene|7/100
|move|p2b: Alakazam|Focus Blast|p1a: Hatterene
|-resisted|p1a: Hatterene|2
|-damage|p1a: Hatterene|0 fnt
|faint|p1a: Hatterene
|
|-heal|p1b: Primarina|22/100|[from] item: Leftovers
|upkeep
|
|t:|1783706237
|switch|p1a: Venusaur|Venusaur-Mega, L50, M|45/100
|turn|11
|
|t:|1783706249
|move|p1b: Primarina|Protect||[still]
|-fail|p1b: Primarina
|move|p2a: Gholdengo|Flash Cannon|p1a: Venusaur
|-damage|p1a: Venusaur|8/100
|move|p2b: Alakazam|Focus Blast|p1a: Venusaur
|-resisted|p1a: Venusaur|1
|-damage|p1a: Venusaur|0 fnt
|faint|p1a: Venusaur
|
|-heal|p1b: Primarina|28/100|[from] item: Leftovers
|-end|p1b: Primarina|Encore
|upkeep
|turn|12
|
|t:|1783706269
|move|p2a: Gholdengo|Flash Cannon|p1b: Primarina
|-damage|p1b: Primarina|4/100
|move|p2b: Alakazam|Encore|p1b: Primarina
|-start|p1b: Primarina|Encore
|move|p1b: Primarina|Protect||[still]
|-fail|p1b: Primarina
|
|-heal|p1b: Primarina|10/100|[from] item: Leftovers
|-end|p1b: Primarina|Encore
|upkeep
|turn|13
|-message|Mipola forfeited.
|
|win|slubkid
|l|☆Mipola
|player|p1|
||Mipola is ready for game 2.
