|j|☆nonzeroalarm14
|j|☆Davirate
|html|nonzeroalarm14Davirate    
|uhtml|bestof|Game 2 of a best-of-3
|t:|1756693833
|gametype|doubles
|player|p1|nonzeroalarm14|265|1138
|player|p2|Davirate|steven-masters2|1243
|gen|9
|tier|[Gen 9] VGC 2025 Reg H (Bo3)
|rated|
|rule|Species Clause: Limit one of each Pokémon
|rule|Item Clause: Limit 1 of each item
|clearpoke
|poke|p1|Typhlosion-Hisui, L50, M|
|poke|p1|Kleavor, L50, F|
|poke|p1|Rillaboom, L50, F|
|poke|p1|Sneasler, L50, F|
|poke|p1|Smeargle, L50, M|
|poke|p1|Whimsicott, L50, F|
|poke|p2|Archaludon, L50, F|
|poke|p2|Pelipper, L50, M|
|poke|p2|Gholdengo, L50|
|poke|p2|Basculegion, L50, M|
|poke|p2|Amoonguss, L50, F|
|poke|p2|Incineroar, L50, M|
|teampreview|4
|showteam|p1|Typhlosion-Hisui||ChoiceScarf|Blaze|Eruption,HeatWave,Flamethrower,ShadowBall|||M|||50|,,,,,Fire]Kleavor||ClearAmulet|Sharpness|RockSlide,NightSlash,CloseCombat,XScissor|||F|||50|,,,,,Dragon]Rillaboom||MiracleSeed|GrassySurge|DrumBeating,HighHorsepower,GrassyGlide,FakeOut|||F|||50|,,,,,Fire]Sneasler||GrassySeed|Unburden|CloseCombat,DireClaw,Acrobatics,ThroatChop|||F|||50|,,,,,Stellar]Smeargle||FocusSash|Moody|Spore,Decorate,BanefulBunker,FollowMe|||M|||50|,,,,,Grass]Whimsicott||CovertCloak|Prankster|Tailwind,Moonblast,Protect,Encore|||F|||50|,,,,,Grass
|showteam|p2|Archaludon||AssaultVest|Stamina|FlashCannon,DracoMeteor,ElectroShot,BodyPress|||F|||50|,,,,,Bug]Pelipper||FocusSash|Drizzle|Protect,WeatherBall,Tailwind,Hurricane|||M|||50|,,,,,Ghost]Gholdengo||LifeOrb|GoodasGold|Protect,MakeItRain,NastyPlot,ShadowBall||||||50|,,,,,Water]Basculegion||ChoiceBand|SwiftSwim|WaveCrash,LastRespects,FlipTurn,AquaJet|||M|||50|,,,,,Grass]Amoonguss||SitrusBerry|Regenerator|Protect,PollenPuff,RagePowder,Spore|||F|||50|,,,,,Psychic]Incineroar||SafetyGoggles|Intimidate|FlareBlitz,KnockOff,PartingShot,FakeOut|||M|||50|,,,,,Ghost
|
|t:|1756693888
|teamsize|p1|4
|teamsize|p2|4
|start
|switch|p1a: Rillaboom|Rillaboom, L50, F|100/100
|switch|p1b: Smeargle|Smeargle, L50, M|100/100
|switch|p2a: Incineroar|Incineroar, L50, M|100/100
|switch|p2b: Gholdengo|Gholdengo, L50|100/100
|-fieldstart|move: Grassy Terrain|[from] ability: Grassy Surge|[of] p1a: Rillaboom
|-ability|p2a: Incineroar|Intimidate|boost
|-unboost|p1a: Rillaboom|atk|1
|-unboost|p1b: Smeargle|atk|1
|turn|1
|
|t:|1756693932
|-terastallize|p1a: Rillaboom|Fire
|move|p2a: Incineroar|Fake Out|p1b: Smeargle
|-damage|p1b: Smeargle|68/100
|move|p2b: Gholdengo|Nasty Plot|p2b: Gholdengo
|-boost|p2b: Gholdengo|spa|2
|cant|p1b: Smeargle|flinch
|move|p1a: Rillaboom|High Horsepower|p2b: Gholdengo
|-supereffective|p2b: Gholdengo
|-damage|p2b: Gholdengo|55/100
|
|-heal|p2b: Gholdengo|61/100|[from] Grassy Terrain
|-heal|p1b: Smeargle|75/100|[from] Grassy Terrain
|-ability|p1b: Smeargle|Moody|boost
|-boost|p1b: Smeargle|atk|2
|-unboost|p1b: Smeargle|spe|1
|upkeep
|turn|2
|
|t:|1756693975
|move|p2b: Gholdengo|Protect|p2b: Gholdengo
|-singleturn|p2b: Gholdengo|Protect
|move|p1a: Rillaboom|High Horsepower|p2b: Gholdengo
|-activate|p2b: Gholdengo|move: Protect
|move|p2a: Incineroar|Knock Off|p1a: Rillaboom
|-damage|p1a: Rillaboom|53/100
|-enditem|p1a: Rillaboom|Miracle Seed|[from] move: Knock Off|[of] p2a: Incineroar
|move|p1b: Smeargle|Decorate|p1a: Rillaboom
|-boost|p1a: Rillaboom|atk|2
|-boost|p1a: Rillaboom|spa|2
|
|-heal|p2b: Gholdengo|67/100|[from] Grassy Terrain
|-heal|p1a: Rillaboom|58/100|[from] Grassy Terrain
|-heal|p1b: Smeargle|81/100|[from] Grassy Terrain
|-ability|p1b: Smeargle|Moody|boost
|-boost|p1b: Smeargle|spd|2
|-unboost|p1b: Smeargle|def|1
|upkeep
|turn|3
|
|t:|1756694055
|move|p1b: Smeargle|Baneful Bunker|p1b: Smeargle
|-singleturn|p1b: Smeargle|move: Protect
|move|p2b: Gholdengo|Make It Rain|p1b: Smeargle|[spread] p1a
|-activate|p1b: Smeargle|move: Protect
|-resisted|p1a: Rillaboom
|-damage|p1a: Rillaboom|0 fnt
|-unboost|p2b: Gholdengo|spa|1
|faint|p1a: Rillaboom
|-damage|p2b: Gholdengo|58/100|[from] item: Life Orb
|move|p2a: Incineroar|Knock Off|p1b: Smeargle
|-activate|p1b: Smeargle|move: Protect
|-status|p2a: Incineroar|psn
|
|-heal|p2b: Gholdengo|64/100|[from] Grassy Terrain
|-heal|p1b: Smeargle|87/100|[from] Grassy Terrain
|-damage|p2a: Incineroar|88/100 psn|[from] psn
|-ability|p1b: Smeargle|Moody|boost
|-boost|p1b: Smeargle|atk|2
|-unboost|p1b: Smeargle|spd|1
|upkeep
|
|t:|1756694064
|switch|p1a: Bomb|Typhlosion-Hisui, L50, M|100/100
|turn|4
|inactive|Battle timer is ON: inactive players will automatically lose when time's up. (requested by nonzeroalarm14)
|
|t:|1756694121
|move|p2b: Gholdengo|Protect|p2b: Gholdengo
|-singleturn|p2b: Gholdengo|Protect
|move|p1b: Smeargle|Follow Me|p1b: Smeargle
|-singleturn|p1b: Smeargle|move: Follow Me
|move|p1a: Bomb|Eruption|p2a: Incineroar|[spread] p2a
|-activate|p2b: Gholdengo|move: Protect
|-resisted|p2a: Incineroar
|-damage|p2a: Incineroar|58/100 psn
|move|p2a: Incineroar|Knock Off|p1b: Smeargle
|-damage|p1b: Smeargle|0 fnt
|-enditem|p1b: Smeargle|Focus Sash|[from] move: Knock Off|[of] p2a: Incineroar
|faint|p1b: Smeargle
|
|-heal|p2b: Gholdengo|70/100|[from] Grassy Terrain
|-heal|p2a: Incineroar|64/100 psn|[from] Grassy Terrain
|-damage|p2a: Incineroar|52/100 psn|[from] psn
|upkeep
|
|t:|1756694131
|switch|p1b: Whimsicott|Whimsicott, L50, F|100/100
|turn|5
|
|t:|1756694153
|switch|p2a: Pelipper|Pelipper, L50, M, shiny|100/100
|-weather|RainDance|[from] ability: Drizzle|[of] p2a: Pelipper
|-terastallize|p2b: Gholdengo|Water
|move|p1a: Bomb|Eruption|p2a: Pelipper|[spread] p2a,p2b
|-resisted|p2a: Pelipper
|-resisted|p2b: Gholdengo
|-damage|p2a: Pelipper|75/100
|-damage|p2b: Gholdengo|51/100
|move|p1b: Whimsicott|Moonblast|p2a: Pelipper
|-damage|p2a: Pelipper|23/100
|move|p2b: Gholdengo|Shadow Ball|p1a: Bomb
|-supereffective|p1a: Bomb
|-damage|p1a: Bomb|0 fnt
|faint|p1a: Bomb
|-damage|p2b: Gholdengo|41/100|[from] item: Life Orb
|
|-weather|RainDance|[upkeep]
|-heal|p2b: Gholdengo|47/100|[from] Grassy Terrain
|-fieldend|move: Grassy Terrain
|upkeep
|turn|6
|inactive|nonzeroalarm14 has 30 seconds left.
|inactive|nonzeroalarm14 has 20 seconds left.
|inactive|nonzeroalarm14 has 15 seconds left.
|inactive|nonzeroalarm14 has 10 seconds left.
|
|t:|1756694201
|move|p1b: Whimsicott|Protect|p1b: Whimsicott
|-singleturn|p1b: Whimsicott|Protect
|move|p2b: Gholdengo|Make It Rain|p1b: Whimsicott
|-activate|p1b: Whimsicott|move: Protect
|move|p2a: Pelipper|Hurricane|p1b: Whimsicott
|-activate|p1b: Whimsicott|move: Protect
|
|-weather|RainDance|[upkeep]
|upkeep
|turn|7
|
|t:|1756694220
|move|p1b: Whimsicott|Encore|p2b: Gholdengo
|-immune|p2b: Gholdengo|[from] ability: Good as Gold
|move|p2b: Gholdengo|Make It Rain|p1b: Whimsicott
|-supereffective|p1b: Whimsicott
|-damage|p1b: Whimsicott|0 fnt
|-unboost|p2b: Gholdengo|spa|1
|faint|p1b: Whimsicott
|-damage|p2b: Gholdengo|37/100|[from] item: Life Orb
|
|win|Davirate
|raw|nonzeroalarm14's rating: 1138 → 1120(-18 for losing)
|raw|Davirate's rating: 1243 → 1261(+18 for winning)
|l|☆nonzeroalarm14
|player|p1|
