|j|☆NandoGTG
|j|☆Craser13
|html|NandoGTGCraser13    
|uhtml|bestof|Game 1 of a best-of-3
|t:|1784915987
|gametype|doubles
|player|p1|NandoGTG|cheren|
|player|p2|Craser13|alder|
|gen|9
|tier|[Gen 9 Champions] VGC 2026 Reg M-B (Bo3)
|rule|Species Clause: Limit one of each Pokémon
|rule|Item Clause: Limit 1 of each item
|clearpoke
|poke|p1|Charizard, L50, M|
|poke|p1|Hydreigon, L50, M|
|poke|p1|Incineroar, L50, F|
|poke|p1|Toxapex, L50, M|
|poke|p1|Floette-Eternal, L50, F|
|poke|p1|Venusaur, L50, F|
|poke|p2|Charizard, L50, F|
|poke|p2|Venusaur, L50, F|
|poke|p2|Archaludon, L50, M|
|poke|p2|Grimmsnarl, L50, M|
|poke|p2|Pelipper, L50, F|
|poke|p2|Basculegion, L50, M|
|teampreview|4
|showteam|p1|Charizard||CharizarditeY|Blaze|HeatWave,WeatherBall,SolarBeam,Protect|Modest||M|||50|]Hydreigon||ChoiceScarf|Levitate|DarkPulse,DracoMeteor,Snarl,EarthPower|Modest||M|||50|]Incineroar||SitrusBerry|Intimidate|FlareBlitz,ThroatChop,FakeOut,PartingShot|Impish||F|||50|]Toxapex||Leftovers|Regenerator|Infestation,Toxic,WideGuard,BanefulBunker|Bold||M|||50|]Floette-Eternal||Floettite|FlowerVeil|DazzlingGleam,Moonblast,LightofRuin,Protect|Timid||F|||50|]Venusaur||FocusSash|Chlorophyll|SludgeBomb,EarthPower,SleepPowder,Protect|Modest||F|||50|
|showteam|p2|Charizard||CharizarditeY|Blaze|WeatherBall,SolarBeam,HeatWave,Protect|Modest||F|||50|]Venusaur||FocusSash|Chlorophyll|SludgeBomb,EarthPower,SleepPowder,LeafStorm|Modest||F|||50|]Archaludon||Leftovers|Stamina|DragonPulse,FlashCannon,ElectroShot,Protect|Modest||M|||50|]Grimmsnarl||LightClay|Prankster|SpiritBreak,Reflect,LightScreen,PartingShot|Sassy||M|||50|]Pelipper||SitrusBerry|Drizzle|WeatherBall,Hurricane,Tailwind,WideGuard|Modest||F|||50|]Basculegion||ChoiceScarf|SwiftSwim|WaveCrash,LastRespects,AquaJet,FlipTurn|Jolly||M|||50|
|inactive|Battle timer is ON: inactive players will automatically lose when time's up. (requested by NandoGTG)
|
|t:|1784916031
|teamsize|p1|4
|teamsize|p2|4
|start
|switch|p1a: Hydreigon|Hydreigon, L50, M|100/100
|switch|p1b: Charizard|Charizard, L50, M|100/100
|switch|p2a: Grimmsnarl|Grimmsnarl, L50, M|100/100
|switch|p2b: Pelipper|Pelipper, L50, F|100/100
|-weather|RainDance|[from] ability: Drizzle|[of] p2b: Pelipper
|turn|1
|
|t:|1784916050
|detailschange|p1b: Charizard|Charizard-Mega-Y, L50, M
|-mega|p1b: Charizard|Charizard|Charizardite Y
|-weather|SunnyDay|[from] ability: Drought|[of] p1b: Charizard
|move|p1a: Hydreigon|Snarl|p2b: Pelipper|[spread] p2a,p2b
|-resisted|p2a: Grimmsnarl|2
|-damage|p2a: Grimmsnarl|95/100
|-damage|p2b: Pelipper|74/100
|-unboost|p2a: Grimmsnarl|spa|1
|-unboost|p2b: Pelipper|spa|1
|move|p1b: Charizard|Weather Ball|p2b: Pelipper
|-resisted|p2b: Pelipper|1
|-damage|p2b: Pelipper|27/100
|-enditem|p2b: Pelipper|Sitrus Berry|[eat]
|-heal|p2b: Pelipper|51/100|[from] item: Sitrus Berry
|move|p2b: Pelipper|Tailwind|p2b: Pelipper
|-sidestart|p2: Craser13|move: Tailwind
|move|p2a: Grimmsnarl|Spirit Break|p1a: Hydreigon
|-supereffective|p1a: Hydreigon|2
|-damage|p1a: Hydreigon|0 fnt
|faint|p1a: Hydreigon
|
|-weather|SunnyDay|[upkeep]
|upkeep
|
|t:|1784916070
|switch|p1a: Toxapex|Toxapex, L50, M|100/100
|turn|2
|
|t:|1784916088
|move|p2a: Grimmsnarl|Light Screen|p2a: Grimmsnarl
|-sidestart|p2: Craser13|move: Light Screen
|move|p2b: Pelipper|Tailwind||[still]
|-fail|p2b: Pelipper
|move|p1b: Charizard|Weather Ball|p2a: Grimmsnarl
|-damage|p2a: Grimmsnarl|49/100
|move|p1a: Toxapex|Infestation|p2b: Pelipper
|-resisted|p2b: Pelipper|1
|-damage|p2b: Pelipper|50/100g
|-activate|p2b: Pelipper|move: Infestation|[of] p1a: Toxapex
|
|-weather|SunnyDay|[upkeep]
|-damage|p2b: Pelipper|38/100|[from] move: Infestation|[partiallytrapped]
|upkeep
|turn|3
|
|t:|1784916106
|move|p2b: Pelipper|Wide Guard|p2b: Pelipper
|-singleturn|p2b: Pelipper|Wide Guard
|move|p2a: Grimmsnarl|Reflect|p2a: Grimmsnarl
|-sidestart|p2: Craser13|Reflect
|move|p1b: Charizard|Weather Ball|p2a: Grimmsnarl
|-damage|p2a: Grimmsnarl|0 fnt
|faint|p2a: Grimmsnarl
|move|p1a: Toxapex|Toxic|p2b: Pelipper
|-status|p2b: Pelipper|tox
|
|-weather|SunnyDay|[upkeep]
|-damage|p2b: Pelipper|32/100 tox|[from] psn
|-damage|p2b: Pelipper|20/100y tox|[from] move: Infestation|[partiallytrapped]
|upkeep
|
|t:|1784916119
|switch|p2a: Charizard|Charizard, L50, F|100/100
|turn|4
|
|t:|1784916141
|detailschange|p2a: Charizard|Charizard-Mega-Y, L50, F
|-mega|p2a: Charizard|Charizard|Charizardite Y
|move|p2a: Charizard|Heat Wave|p1a: Toxapex|[spread] p1a,p1b
|-resisted|p1a: Toxapex|1
|-resisted|p1b: Charizard|1
|-damage|p1a: Toxapex|78/100
|-damage|p1b: Charizard|74/100
|move|p2b: Pelipper|Hurricane|p1b: Charizard|[miss]
|-miss|p2b: Pelipper|p1b: Charizard
|move|p1b: Charizard|Weather Ball|p2a: Charizard
|-resisted|p2a: Charizard|1
|-damage|p2a: Charizard|74/100
|move|p1a: Toxapex|Toxic|p2a: Charizard
|-status|p2a: Charizard|tox
|
|-weather|SunnyDay|[upkeep]
|-heal|p1a: Toxapex|84/100|[from] item: Leftovers
|-damage|p2a: Charizard|68/100 tox|[from] psn
|-damage|p2b: Pelipper|8/100 tox|[from] psn
|-damage|p2b: Pelipper|0 fnt|[from] move: Infestation|[partiallytrapped]
|faint|p2b: Pelipper
|-sideend|p2: Craser13|move: Tailwind
|upkeep
|
|t:|1784916159
|switch|p2b: Basculegion|Basculegion, L50, M|100/100
|turn|5
|
|t:|1784916170
|move|p1b: Charizard|Protect|p1b: Charizard
|-singleturn|p1b: Charizard|Protect
|move|p2b: Basculegion|Last Respects|p1b: Charizard
|-activate|p1b: Charizard|move: Protect
|move|p2a: Charizard|Weather Ball|p1b: Charizard
|-activate|p1b: Charizard|move: Protect
|move|p1a: Toxapex|Toxic|p2b: Basculegion
|-status|p2b: Basculegion|tox
|
|-weather|none
|-heal|p1a: Toxapex|90/100|[from] item: Leftovers
|-damage|p2b: Basculegion|93/100 tox|[from] psn
|-damage|p2a: Charizard|56/100 tox|[from] psn
|upkeep
|turn|6
|
|t:|1784916188
|move|p1a: Toxapex|Baneful Bunker|p1a: Toxapex
|-singleturn|p1a: Toxapex|move: Protect
|move|p2b: Basculegion|Last Respects|p1b: Charizard
|-damage|p1b: Charizard|9/100
|move|p2a: Charizard|Heat Wave|p1a: Toxapex|[spread] 
|-activate|p1a: Toxapex|move: Protect
|-miss|p2a: Charizard|p1b: Charizard
|move|p1b: Charizard|Heat Wave|p2a: Charizard|[spread] p2a,p2b
|-resisted|p2a: Charizard|1
|-resisted|p2b: Basculegion|1
|-damage|p2a: Charizard|45/100 tox
|-damage|p2b: Basculegion|76/100 tox
|
|-heal|p1a: Toxapex|96/100|[from] item: Leftovers
|-damage|p2b: Basculegion|64/100 tox|[from] psn
|-damage|p2a: Charizard|27/100 tox|[from] psn
|upkeep
|turn|7
|
|t:|1784916206
|move|p1b: Charizard|Protect|p1b: Charizard
|-singleturn|p1b: Charizard|Protect
|move|p2b: Basculegion|Last Respects|p1a: Toxapex
|-damage|p1a: Toxapex|54/100
|move|p2a: Charizard|Heat Wave|p1b: Charizard|[spread] p1a
|-activate|p1b: Charizard|move: Protect
|-resisted|p1a: Toxapex|1
|-damage|p1a: Toxapex|40/100
|move|p1a: Toxapex|Infestation|p2b: Basculegion
|-resisted|p2b: Basculegion|1
|-damage|p2b: Basculegion|63/100 tox
|-activate|p2b: Basculegion|move: Infestation|[of] p1a: Toxapex
|
|-heal|p1a: Toxapex|45/100|[from] item: Leftovers
|-damage|p2b: Basculegion|45/100 tox|[from] psn
|-damage|p2a: Charizard|3/100 tox|[from] psn
|-damage|p2b: Basculegion|32/100 tox|[from] move: Infestation|[partiallytrapped]
|upkeep
|turn|8
|
|t:|1784916225
|move|p1a: Toxapex|Baneful Bunker|p1a: Toxapex
|-singleturn|p1a: Toxapex|move: Protect
|move|p2b: Basculegion|Last Respects|p1b: Charizard
|-damage|p1b: Charizard|0 fnt
|faint|p1b: Charizard
|move|p2a: Charizard|Heat Wave|p1a: Toxapex
|-activate|p1a: Toxapex|move: Protect
|
|-heal|p1a: Toxapex|51/100|[from] item: Leftovers
|-damage|p2b: Basculegion|8/100 tox|[from] psn
|-damage|p2a: Charizard|0 fnt|[from] psn
|faint|p2a: Charizard
|-damage|p2b: Basculegion|0 fnt|[from] move: Infestation|[partiallytrapped]
|faint|p2b: Basculegion
|
|win|NandoGTG
|inactive|NandoGTG has 30 seconds to confirm battle start!
|inactive|Craser13 has 30 seconds to confirm battle start!
||Craser13 is ready for game 2.
||NandoGTG is ready for game 2.
|uhtml|next|Next: Game 2 of 3
|l|☆Craser13
|player|p2|
