|j|☆JuanGuerrero09
|j|‽NBZ-H
|html|JuanGuerrero09NBZ-H    
|uhtml|bestof|Game 1 of a best-of-3
|t:|1756911649
|gametype|doubles
|player|p1|JuanGuerrero09|102|1094
|player|p2|NBZ-H|2|1012
|gen|9
|tier|[Gen 9] VGC 2025 Reg H (Bo3)
|rated|
|rule|Species Clause: Limit one of each Pokémon
|rule|Item Clause: Limit 1 of each item
|clearpoke
|poke|p1|Sneasler, L50, M|
|poke|p1|Indeedee, L50, M|
|poke|p1|Tyranitar, L50, M|
|poke|p1|Excadrill, L50, M|
|poke|p1|Gholdengo, L50|
|poke|p1|Incineroar, L50, F|
|poke|p2|Coalossal, L50, F|
|poke|p2|Torkoal, L50, F|
|poke|p2|Ursaluna, L50, F|
|poke|p2|Farigiraf, L50, F|
|poke|p2|Amoonguss, L50, M|
|poke|p2|Gothitelle, L50, F|
|teampreview|4
|showteam|p1|Sneasler||WhiteHerb|Unburden|CloseCombat,DireClaw,FakeOut,Protect|||M|||50|,,,,,Dark]Indeedee||ChoiceScarf|PsychicSurge|ExpandingForce,TeraBlast,Trick,Protect|||M|||50|,,,,,Fire]Tyranitar||AssaultVest|SandStream|RockSlide,KnockOff,TeraBlast,LowKick|||M|||50|,,,,,Flying]Excadrill||FocusSash|SandRush|HighHorsepower,Earthquake,IronHead,Protect|||M|||50|,,,,,Ground]Gholdengo||MetalCoat|GoodasGold|ShadowBall,Protect,MakeItRain,NastyPlot||||||50|,,,,,Water]Incineroar||SafetyGoggles|Intimidate|FakeOut,KnockOff,FlareBlitz,PartingShot|||F|||50|,,,,,Ghost
|showteam|p2|Coalossal||PowerHerb|FlashFire|MeteorBeam,Protect,EarthPower,HeatWave|||F|||50|,,,,,Grass]Torkoal||Charcoal|Drought|Eruption,Protect,SolarBeam,Flamethrower|||F|||50|,,,,,Fire]Ursaluna||FlameOrb|Guts|Protect,HeadlongRush,Facade,Earthquake|||F|||50|,,,,,Ghost]Farigiraf||GrassySeed|ArmorTail|TrickRoom,FoulPlay,HelpingHand,Reflect|||F|||50|,,,,,Fairy]Amoonguss||MentalHerb|Regenerator|RagePowder,Spore,PollenPuff,Protect|||M|||50|,,,,,Dark]Gothitelle||Leftovers|ShadowTag|Protect,FakeOut,TrickRoom,LightScreen|||F|||50|,,,,,Dark
|inactive|Battle timer is ON: inactive players will automatically lose when time's up. (requested by JuanGuerrero09)
|
|t:|1756911716
|teamsize|p1|4
|teamsize|p2|4
|start
|switch|p1a: Indeedee|Indeedee, L50, M|100/100
|switch|p1b: Tyranitar|Tyranitar, L50, M|100/100
|switch|p2a: Farigiraf|Farigiraf, L50, F|100/100
|switch|p2b: Amoonguss|Amoonguss, L50, M|100/100
|-fieldstart|move: Psychic Terrain|[from] ability: Psychic Surge|[of] p1a: Indeedee
|-weather|Sandstorm|[from] ability: Sand Stream|[of] p1b: Tyranitar
|turn|1
|inactive|JuanGuerrero09 has 30 seconds left.
|inactive|JuanGuerrero09 has 20 seconds left.
|inactive|JuanGuerrero09 has 15 seconds left.
|
|t:|1756911759
|-terastallize|p2a: Farigiraf|Fairy
|move|p2b: Amoonguss|Protect|p2b: Amoonguss
|-singleturn|p2b: Amoonguss|Protect
|move|p1a: Indeedee|Expanding Force|p2a: Farigiraf|[spread] p2a
|-activate|p2b: Amoonguss|move: Protect
|-damage|p2a: Farigiraf|61/100
|move|p1b: Tyranitar|Knock Off|p2a: Farigiraf
|-resisted|p2a: Farigiraf
|-damage|p2a: Farigiraf|32/100
|-enditem|p2a: Farigiraf|Grassy Seed|[from] move: Knock Off|[of] p1b: Tyranitar
|move|p2a: Farigiraf|Trick Room|p2a: Farigiraf
|-fieldstart|move: Trick Room|[of] p2a: Farigiraf
|
|-weather|Sandstorm|[upkeep]
|-damage|p2b: Amoonguss|95/100|[from] Sandstorm
|-damage|p2a: Farigiraf|26/100|[from] Sandstorm
|-damage|p1a: Indeedee|95/100|[from] Sandstorm
|upkeep
|turn|2
|inactive|JuanGuerrero09 has 30 seconds left.
|inactive|NBZ-H has 30 seconds left.
|
|t:|1756911788
|move|p2b: Amoonguss|Spore|p1b: Tyranitar
|-status|p1b: Tyranitar|slp|[from] move: Spore
|move|p2a: Farigiraf|Foul Play|p1a: Indeedee
|-supereffective|p1a: Indeedee
|-damage|p1a: Indeedee|29/100
|cant|p1b: Tyranitar|slp
|move|p1a: Indeedee|Expanding Force|p2a: Farigiraf|[spread] p2a,p2b
|-supereffective|p2b: Amoonguss
|-damage|p2a: Farigiraf|0 fnt
|-damage|p2b: Amoonguss|24/100
|faint|p2a: Farigiraf
|
|-weather|Sandstorm|[upkeep]
|-damage|p2b: Amoonguss|18/100|[from] Sandstorm
|-damage|p1a: Indeedee|23/100|[from] Sandstorm
|upkeep
|
|t:|1756911798
|switch|p2a: Torkoal|Torkoal, L50, F|100/100
|-weather|SunnyDay|[from] ability: Drought|[of] p2a: Torkoal
|turn|3
|inactive|JuanGuerrero09 has 30 seconds left.
|
|t:|1756911831
|switch|p2b: Ursaluna|Ursaluna, L50, F|100/100
|switch|p1b: Sneasler|Sneasler, L50, M|100/100
|move|p2a: Torkoal|Eruption|p1a: Indeedee|[spread] p1a,p1b
|-damage|p1a: Indeedee|0 fnt
|-damage|p1b: Sneasler|0 fnt
|faint|p1a: Indeedee
|faint|p1b: Sneasler
|
|-weather|SunnyDay|[upkeep]
|-status|p2b: Ursaluna|brn|[from] item: Flame Orb
|upkeep
|
|t:|1756911843
|switch|p1a: Excadrill|Excadrill, L50, M|100/100
|switch|p1b: Tyranitar|Tyranitar, L50, M|100/100 slp
|-weather|Sandstorm|[from] ability: Sand Stream|[of] p1b: Tyranitar
|turn|4
|
|t:|1756911867
|move|p1a: Excadrill|Protect|p1a: Excadrill
|-singleturn|p1a: Excadrill|Protect
|move|p2a: Torkoal|Eruption|p1a: Excadrill|[spread] p1b
|-activate|p1a: Excadrill|move: Protect
|-resisted|p1b: Tyranitar
|-damage|p1b: Tyranitar|89/100 slp
|move|p2b: Ursaluna|Headlong Rush|p1b: Tyranitar
|-supereffective|p1b: Tyranitar
|-damage|p1b: Tyranitar|0 fnt
|-unboost|p2b: Ursaluna|def|1
|-unboost|p2b: Ursaluna|spd|1
|faint|p1b: Tyranitar
|
|-weather|Sandstorm|[upkeep]
|-damage|p2a: Torkoal|94/100|[from] Sandstorm
|-damage|p2b: Ursaluna|95/100 brn|[from] brn
|upkeep
|turn|5
|inactive|JuanGuerrero09 has 30 seconds left.
|
|t:|1756911900
|-terastallize|p1a: Excadrill|Ground
|move|p2a: Torkoal|Flamethrower|p1a: Excadrill
|-damage|p1a: Excadrill|37/100
|move|p2b: Ursaluna|Headlong Rush|p1a: Excadrill
|-damage|p1a: Excadrill|0 fnt
|-unboost|p2b: Ursaluna|def|1
|-unboost|p2b: Ursaluna|spd|1
|faint|p1a: Excadrill
|
|win|NBZ-H
