|j|☆SuperBoke
|j|☆Jadedragon61
|html|SuperBokeJadedragon61    
|uhtml|bestof|Game 1 of a best-of-3
|t:|1756677917
|gametype|doubles
|player|p1|SuperBoke|marlon|1093
|player|p2|Jadedragon61|beni-ninja|1119
|gen|9
|tier|[Gen 9] VGC 2025 Reg H (Bo3)
|rated|
|rule|Species Clause: Limit one of each Pokémon
|rule|Item Clause: Limit 1 of each item
|clearpoke
|poke|p1|Grimmsnarl, L50, M|
|poke|p1|Archaludon, L50, F|
|poke|p1|Sinistcha, L50|
|poke|p1|Pelipper, L50, M|
|poke|p1|Maushold, L50|
|poke|p1|Annihilape, L50, M|
|poke|p2|Basculegion, L50, M|
|poke|p2|Garchomp, L50, F|
|poke|p2|Archaludon, L50, F|
|poke|p2|Pelipper, L50, F|
|poke|p2|Amoonguss, L50, F|
|poke|p2|Incineroar, L50, F|
|teampreview|4
|showteam|p1|Grimmsnarl||LightClay|Prankster|SpiritBreak,ThunderWave,Reflect,LightScreen|||M|||50|,,,,,Ghost]Archaludon||AssaultVest|Stamina|ElectroShot,DragonPulse,BodyPress,Snarl|||F|||50|,,,,,Grass]Sinistcha||SitrusBerry|Hospitality|MatchaGotcha,LifeDew,RagePowder,TrickRoom||||||50|,,,,,Dark]Pelipper||FocusSash|Drizzle|Hurricane,WeatherBall,Protect,Tailwind|||M|||50|,,,,,Ghost]Maushold||SafetyGoggles|FriendGuard|BeatUp,SuperFang,FollowMe,Taunt||||||50|,,,,,Ghost]Annihilape||Leftovers|Defiant|DrainPunch,RageFist,BulkUp,Protect|||M|||50|,,,,,Water
|showteam|p2|Basculegion||ChoiceBand|SwiftSwim|WaveCrash,LastRespects,AquaJet,FlipTurn|||M|||50|,,,,,Water]Garchomp||ClearAmulet|RoughSkin|Earthquake,StompingTantrum,DragonClaw,Protect|||F|||50|,,,,,Fire]Archaludon||AssaultVest|Stamina|FlashCannon,DragonPulse,ElectroShot,BodyPress|||F|||50|,,,,,Grass]Pelipper||FocusSash|Drizzle|Hurricane,WeatherBall,Tailwind,Protect|||F|||50|,,,,,Ghost]Amoonguss||CovertCloak|Regenerator|RagePowder,PollenPuff,Spore,Protect|||F|||50|,,,,,Water]Incineroar||SafetyGoggles|Intimidate|FakeOut,KnockOff,Taunt,PartingShot|||F|||50|,,,,,Ghost
|inactive|Battle timer is ON: inactive players will automatically lose when time's up. (requested by Jadedragon61)
|
|t:|1756677942
|teamsize|p1|4
|teamsize|p2|4
|start
|switch|p1a: Grimmsnarl|Grimmsnarl, L50, M|100/100
|switch|p1b: Archaludon|Archaludon, L50, F|100/100
|switch|p2a: Forsh|Basculegion, L50, M, shiny|100/100
|switch|p2b: Toilet|Pelipper, L50, F, shiny|100/100
|-weather|RainDance|[from] ability: Drizzle|[of] p2b: Toilet
|turn|1
|
|t:|1756677950
|move|p1a: Grimmsnarl|Thunder Wave|p2a: Forsh
|-status|p2a: Forsh|par
|move|p2a: Forsh|Flip Turn|p1a: Grimmsnarl
|-damage|p1a: Grimmsnarl|27/100
|
|t:|1756677955
|switch|p2a: Bridge|Archaludon, L50, F, shiny|100/100|[from] Flip Turn
|move|p2b: Toilet|Tailwind|p2b: Toilet
|-sidestart|p2: Jadedragon61|move: Tailwind
|move|p1b: Archaludon|Electro Shot||[still]
|-prepare|p1b: Archaludon|Electro Shot
|-boost|p1b: Archaludon|spa|1
|-anim|p1b: Archaludon|Electro Shot|p2a: Bridge
|-resisted|p2a: Bridge
|-damage|p2a: Bridge|80/100
|-ability|p2a: Bridge|Stamina|boost
|-boost|p2a: Bridge|def|1
|
|-weather|RainDance|[upkeep]
|upkeep
|turn|2
|
|t:|1756677978
|move|p1a: Grimmsnarl|Light Screen|p1a: Grimmsnarl
|-sidestart|p1: SuperBoke|move: Light Screen
|move|p2b: Toilet|Weather Ball|p1a: Grimmsnarl
|-damage|p1a: Grimmsnarl|0 fnt
|faint|p1a: Grimmsnarl
|move|p2a: Bridge|Electro Shot||[still]
|-prepare|p2a: Bridge|Electro Shot
|-boost|p2a: Bridge|spa|1
|-anim|p2a: Bridge|Electro Shot|p1b: Archaludon
|-resisted|p1b: Archaludon
|-damage|p1b: Archaludon|86/100
|-ability|p1b: Archaludon|Stamina|boost
|-boost|p1b: Archaludon|def|1
|move|p1b: Archaludon|Electro Shot||[still]
|-prepare|p1b: Archaludon|Electro Shot
|-boost|p1b: Archaludon|spa|1
|-anim|p1b: Archaludon|Electro Shot|p2b: Toilet
|-supereffective|p2b: Toilet
|-enditem|p2b: Toilet|Focus Sash
|-damage|p2b: Toilet|1/100
|
|-weather|RainDance|[upkeep]
|upkeep
|
|t:|1756677988
|switch|p1a: Pelipper|Pelipper, L50, M|100/100
|turn|3
|
|t:|1756678003
|move|p1a: Pelipper|Protect|p1a: Pelipper
|-singleturn|p1a: Pelipper|Protect
|move|p2b: Toilet|Weather Ball|p1b: Archaludon
|-resisted|p1b: Archaludon
|-crit|p1b: Archaludon
|-damage|p1b: Archaludon|54/100
|-ability|p1b: Archaludon|Stamina|boost
|-boost|p1b: Archaludon|def|1
|move|p2a: Bridge|Electro Shot||[still]
|-prepare|p2a: Bridge|Electro Shot
|-boost|p2a: Bridge|spa|1
|-anim|p2a: Bridge|Electro Shot|p1b: Archaludon
|-resisted|p1b: Archaludon
|-damage|p1b: Archaludon|34/100
|-ability|p1b: Archaludon|Stamina|boost
|-boost|p1b: Archaludon|def|1
|move|p1b: Archaludon|Snarl|p2a: Bridge|[spread] p2b
|-miss|p1b: Archaludon|p2a: Bridge
|-damage|p2b: Toilet|0 fnt
|faint|p2b: Toilet
|
|-weather|RainDance|[upkeep]
|upkeep
|
|t:|1756678023
|switch|p2b: Hazel|Incineroar, L50, F, shiny|100/100
|-ability|p2b: Hazel|Intimidate|boost
|-unboost|p1a: Pelipper|atk|1
|-unboost|p1b: Archaludon|atk|1
|turn|4
|
|t:|1756678028
|switch|p1a: Sinistcha|Sinistcha, L50, shiny|100/100
|-heal|p1b: Archaludon|59/100|[from] ability: Hospitality|[of] p1a: Sinistcha
|move|p2b: Hazel|Fake Out|p1a: Sinistcha
|-immune|p1a: Sinistcha
|move|p2a: Bridge|Dragon Pulse|p1b: Archaludon
|-damage|p1b: Archaludon|15/100
|-ability|p1b: Archaludon|Stamina|boost
|-boost|p1b: Archaludon|def|1
|move|p1b: Archaludon|Body Press|p2a: Bridge
|-supereffective|p2a: Bridge
|-damage|p2a: Bridge|0 fnt
|faint|p2a: Bridge
|
|-weather|RainDance|[upkeep]
|-sideend|p2: Jadedragon61|move: Tailwind
|upkeep
|
|t:|1756678032
|switch|p2a: Forsh|Basculegion, L50, M, shiny|100/100 par
|turn|5
|
|t:|1756678054
|move|p2a: Forsh|Last Respects|p1a: Sinistcha
|-supereffective|p1a: Sinistcha
|-damage|p1a: Sinistcha|0 fnt
|faint|p1a: Sinistcha
|move|p2b: Hazel|Knock Off|p1b: Archaludon
|-damage|p1b: Archaludon|7/100
|-ability|p1b: Archaludon|Stamina|boost
|-boost|p1b: Archaludon|def|1
|-enditem|p1b: Archaludon|Assault Vest|[from] move: Knock Off|[of] p2b: Hazel
|move|p1b: Archaludon|Body Press|p2b: Hazel
|-supereffective|p2b: Hazel
|-damage|p2b: Hazel|0 fnt
|faint|p2b: Hazel
|
|-weather|none
|upkeep
|
|t:|1756678060
|switch|p1a: Pelipper|Pelipper, L50, M|100/100
|-weather|RainDance|[from] ability: Drizzle|[of] p1a: Pelipper
|turn|6
|
|t:|1756678066
|move|p2a: Forsh|Last Respects|p1b: Archaludon
|-damage|p1b: Archaludon|0 fnt
|faint|p1b: Archaludon
|move|p1a: Pelipper|Hurricane|p2a: Forsh
|-damage|p2a: Forsh|46/100 par
|
|-weather|RainDance|[upkeep]
|upkeep
|turn|7
|
|t:|1756678071
|cant|p2a: Forsh|par
|move|p1a: Pelipper|Hurricane|p2a: Forsh
|-damage|p2a: Forsh|0 fnt
|faint|p2a: Forsh
|
|win|SuperBoke
