|j|☆Goodwyn
|j|☆MidoMidori
|html|GoodwynMidoMidori    
|uhtml|bestof|Game 3 of a best-of-3
|t:|1756038936
|gametype|doubles
|player|p1|Goodwyn|170|1194
|player|p2|MidoMidori|roxanne-gen6|1308
|gen|9
|tier|[Gen 9] VGC 2025 Reg H (Bo3)
|rated|
|rule|Species Clause: Limit one of each Pokémon
|rule|Item Clause: Limit 1 of each item
|clearpoke
|poke|p1|Indeedee, L50, M|
|poke|p1|Sneasler, L50, M|
|poke|p1|Gholdengo, L50|
|poke|p1|Smeargle, L50, M|
|poke|p1|Volcarona, L50, M|
|poke|p1|Incineroar, L50, F|
|poke|p2|Sneasler, L50, F|
|poke|p2|Indeedee, L50, M|
|poke|p2|Volcarona, L50, F|
|poke|p2|Ursaluna-Bloodmoon, L50, M|
|poke|p2|Annihilape, L50, M|
|poke|p2|Tyranitar, L50, M|
|teampreview|4
|showteam|p1|Indeedee||ChoiceScarf|PsychicSurge|ExpandingForce,TeraBlast,Trick,Protect|||M|||50|,,,,,Psychic]Sneasler||PsychicSeed|Unburden|ThroatChop,DireClaw,CloseCombat,Protect|||M|||50|,,,,,Dark]Gholdengo||LifeOrb|GoodasGold|MakeItRain,ShadowBall,NastyPlot,Protect||||||50|,,,,,Dragon]Smeargle||FocusSash|Moody|FollowMe,Spore,SaltCure,SpikyShield|||M|||50|,,,,,Ghost]Volcarona||Leftovers|FlameBody|TeraBlast,HeatWave,QuiverDance,Protect|||M|||50|,,,,,Water]Incineroar||AssaultVest|Intimidate|FlareBlitz,KnockOff,FakeOut,Uturn|||F|||50|,,,,,Grass
|showteam|p2|Sneasler||PsychicSeed|Unburden|CloseCombat,DireClaw,ThroatChop,Protect|||F|||50|,,,,,Dark]Indeedee||ChoiceScarf|PsychicSurge|ExpandingForce,TeraBlast,Trick,Protect|||M|||50|,,,,,Psychic]Volcarona||SitrusBerry|FlameBody|Overheat,StruggleBug,RagePowder,Tailwind|||F|||50|,,,,,Grass]Ursaluna-Bloodmoon||LifeOrb|MindsEye|BloodMoon,HyperVoice,EarthPower,Protect|||M|||50|,,,,,Normal]Annihilape||SafetyGoggles|Defiant|CloseCombat,RageFist,Taunt,FinalGambit|||M|||50|,,,,,Fairy]Tyranitar||AssaultVest|SandStream|RockSlide,KnockOff,TeraBlast,LowKick|||M|||50|,,,,,Flying
|
|t:|1756038967
|teamsize|p1|4
|teamsize|p2|4
|start
|switch|p1a: Indeedee|Indeedee, L50, M|100/100
|switch|p1b: Sneasler|Sneasler, L50, M|100/100
|switch|p2a: Annihilape|Annihilape, L50, M|100/100
|switch|p2b: Volcarona|Volcarona, L50, F|100/100
|-fieldstart|move: Psychic Terrain|[from] ability: Psychic Surge|[of] p1a: Indeedee
|-enditem|p1b: Sneasler|Psychic Seed
|-boost|p1b: Sneasler|spd|1|[from] item: Psychic Seed
|turn|1
|
|t:|1756038992
|-terastallize|p1a: Indeedee|Psychic
|-terastallize|p2a: Annihilape|Fairy
|move|p2b: Volcarona|Rage Powder|p2b: Volcarona
|-singleturn|p2b: Volcarona|move: Rage Powder
|move|p1b: Sneasler|Dire Claw|p2b: Volcarona
|-damage|p2b: Volcarona|44/100
|-enditem|p2b: Volcarona|Sitrus Berry|[eat]
|-heal|p2b: Volcarona|69/100|[from] item: Sitrus Berry
|move|p1a: Indeedee|Expanding Force|p2b: Volcarona|[spread] p2a,p2b
|-damage|p2a: Annihilape|30/100
|-damage|p2b: Volcarona|7/100
|move|p2a: Annihilape|Rage Fist|p1b: Sneasler
|-damage|p1b: Sneasler|32/100
|
|upkeep
|turn|2
|
|t:|1756039018
|switch|p1b: Smeargle|Smeargle, L50, M|100/100
|move|p2b: Volcarona|Rage Powder|p2b: Volcarona
|-singleturn|p2b: Volcarona|move: Rage Powder
|move|p1a: Indeedee|Expanding Force|p2a: Annihilape|[spread] p2a,p2b
|-damage|p2a: Annihilape|0 fnt
|-damage|p2b: Volcarona|0 fnt
|faint|p2a: Annihilape
|faint|p2b: Volcarona
|
|-ability|p1b: Smeargle|Moody|boost
|-boost|p1b: Smeargle|def|2
|-unboost|p1b: Smeargle|spd|1
|upkeep
|
|t:|1756039022
|switch|p2b: Sneasler|Sneasler, L50, F|100/100
|switch|p2a: Indeedee|Indeedee, L50, M|100/100
|-enditem|p2b: Sneasler|Psychic Seed
|-boost|p2b: Sneasler|spd|1|[from] item: Psychic Seed
|turn|3
|
|t:|1756039050
|move|p2b: Sneasler|Protect|p2b: Sneasler
|-singleturn|p2b: Sneasler|Protect
|move|p1a: Indeedee|Expanding Force|p2b: Sneasler|[spread] p2a
|-activate|p2b: Sneasler|move: Protect
|-resisted|p2a: Indeedee
|-damage|p2a: Indeedee|50/100
|move|p2a: Indeedee|Tera Blast|p1a: Indeedee
|-crit|p1a: Indeedee
|-damage|p1a: Indeedee|15/100
|move|p1b: Smeargle|Spore|p2b: Sneasler
|-activate|p2b: Sneasler|move: Protect
|
|-ability|p1b: Smeargle|Moody|boost
|-boost|p1b: Smeargle|spe|2
|-unboost|p1b: Smeargle|spd|1
|upkeep
|turn|4
|
|t:|1756039080
|move|p2b: Sneasler|Dire Claw|p1a: Indeedee
|-damage|p1a: Indeedee|0 fnt
|faint|p1a: Indeedee
|move|p1b: Smeargle|Spore|p2a: Indeedee
|-status|p2a: Indeedee|slp|[from] move: Spore
|cant|p2a: Indeedee|slp
|
|-ability|p1b: Smeargle|Moody|boost
|-boost|p1b: Smeargle|atk|2
|-unboost|p1b: Smeargle|spe|1
|upkeep
|
|t:|1756039094
|switch|p1a: Volcarona|Volcarona, L50, M|100/100
|turn|5
|
|t:|1756039111
|move|p2b: Sneasler|Dire Claw|p1a: Volcarona
|-damage|p1a: Volcarona|53/100
|-status|p1a: Volcarona|par
|-status|p2b: Sneasler|brn|[from] ability: Flame Body|[of] p1a: Volcarona
|cant|p2a: Indeedee|slp
|move|p1b: Smeargle|Salt Cure|p2a: Indeedee
|-damage|p2a: Indeedee|37/100 slp
|-start|p2a: Indeedee|Salt Cure
|move|p1a: Volcarona|Heat Wave|p2b: Sneasler|[spread] p2a,p2b
|-damage|p2a: Indeedee|0 fnt
|-damage|p2b: Sneasler|69/100 brn
|faint|p2a: Indeedee
|
|-heal|p1a: Volcarona|59/100 par|[from] item: Leftovers
|-damage|p2b: Sneasler|63/100 brn|[from] brn
|-fieldend|move: Psychic Terrain
|-ability|p1b: Smeargle|Moody|boost
|-boost|p1b: Smeargle|spd|2
|-unboost|p1b: Smeargle|atk|1
|upkeep
|turn|6
|
|t:|1756039135
|move|p2b: Sneasler|Dire Claw|p1a: Volcarona
|-damage|p1a: Volcarona|37/100 par
|move|p1b: Smeargle|Salt Cure|p2b: Sneasler
|-resisted|p2b: Sneasler
|-damage|p2b: Sneasler|59/100 brn
|-start|p2b: Sneasler|Salt Cure
|move|p1a: Volcarona|Heat Wave|p2b: Sneasler
|-damage|p2b: Sneasler|17/100 brn
|
|-heal|p1a: Volcarona|42/100 par|[from] item: Leftovers
|-damage|p2b: Sneasler|11/100 brn|[from] brn
|-damage|p2b: Sneasler|0 fnt|[from] Salt Cure
|faint|p2b: Sneasler
|
|win|Goodwyn
|raw|Goodwyn's rating: 1194 → 1227(+33 for winning)
|raw|MidoMidori's rating: 1308 → 1282(-26 for losing)
