|j|‽Juaner95
|j|☆BeckVGC
|html|Juaner95BeckVGC    
|uhtml|bestof|Game 1 of a best-of-3
|t:|1784594136
|gametype|doubles
|player|p1|Juaner95|ash-hoenn|1149
|player|p2|BeckVGC|roughneck-gen4|1121
|gen|9
|tier|[Gen 9 Champions] VGC 2026 Reg M-B (Bo3)
|rated|
|rule|Species Clause: Limit one of each Pokémon
|rule|Item Clause: Limit 1 of each item
|clearpoke
|poke|p1|Scrafty, L50, M|
|poke|p1|Vileplume, L50, M, shiny|
|poke|p1|Oranguru, L50, M|
|poke|p1|Torkoal, L50, M, shiny|
|poke|p1|Gholdengo, L50, shiny|
|poke|p1|Lucario, L50, M|
|poke|p2|Venusaur, L50, M, shiny|
|poke|p2|Grimmsnarl, L50, M|
|poke|p2|Altaria, L50, F|
|poke|p2|Milotic, L50, M|
|poke|p2|Ceruledge, L50, M|
|poke|p2|Raichu, L50, F|
|teampreview|4
|showteam|p1|Scrafty||Scraftinite|Intimidate|FakeOut,KnockOff,DrainPunch,RockSlide|Brave||M|||50|]Vileplume||FocusSash|Chlorophyll|AfterYou,SludgeBomb,LeafStorm,Protect|Modest||M|||50|]Oranguru||MentalHerb|InnerFocus|Instruct,Encore,TrickRoom,Protect|Bold||M|||50|]Torkoal||Charcoal|Drought|Eruption,EarthPower,HeatWave,Protect|Quiet||M|||50|]Gholdengo||LifeOrb|GoodasGold|ShadowBall,MakeItRain,NastyPlot,Protect|Timid|||||50|]Lucario||ChoiceScarf|InnerFocus|FinalGambit,HelpingHand,SunnyDay,HealPulse|Timid||M|||50|
|showteam|p2|Venusaur||Venusaurite|Overgrow|Protect,GigaDrain,SludgeBomb,EarthPower|Modest||M|||50|]Grimmsnarl||LightClay|Prankster|SpiritBreak,Reflect,LightScreen,PartingShot|Bold||M|||50|]Altaria||RoseliBerry|CloudNine|BraveBird,Roost,WillOWisp,Tailwind|Calm||F|||50|]Milotic||Leftovers|Competitive|MuddyWater,Coil,Hypnosis,Recover|Calm||M|||50|]Ceruledge||ColburBerry|FlashFire|Protect,BulkUp,BitterBlade,ShadowSneak|Adamant||M|||50|]Raichu||RaichuniteY|Static|Protect,FakeOut,ZapCannon,FocusBlast|Timid||F|||50|
|inactive|Battle timer is ON: inactive players will automatically lose when time's up. (requested by BeckVGC)
|inactive|Juaner95 has 60 seconds left.
|inactive|Juaner95 has 30 seconds left.
|
|t:|1784594205
|teamsize|p1|4
|teamsize|p2|4
|start
|switch|p1a: Lucario|Lucario, L50, M|100/100
|switch|p1b: Oranguru|Oranguru, L50, M|100/100
|switch|p2a: Milotic|Milotic, L50, M|100/100
|switch|p2b: Venusaur|Venusaur, L50, M, shiny|100/100
|turn|1
|inactive|Juaner95 has 30 seconds left.
|inactive|Juaner95 has 20 seconds left.
|inactive|Juaner95 has 15 seconds left.
|
|t:|1784594247
|switch|p2b: Ceruledge|Ceruledge, L50, M|100/100
|move|p1a: Lucario|Final Gambit|p2b: Ceruledge
|-immune|p2b: Ceruledge
|move|p2a: Milotic|Coil|p2a: Milotic
|-boost|p2a: Milotic|atk|1
|-boost|p2a: Milotic|def|1
|-boost|p2a: Milotic|accuracy|1
|move|p1b: Oranguru|Trick Room|p1b: Oranguru
|-fieldstart|move: Trick Room|[of] p1b: Oranguru
|
|upkeep
|turn|2
|
|t:|1784594267
|switch|p1a: Scrafty|Scrafty, L50, M|100/100
|-ability|p1a: Scrafty|Intimidate|boost
|-unboost|p2a: Milotic|atk|1
|-ability|p2a: Milotic|Competitive|boost
|-boost|p2a: Milotic|spa|2
|-unboost|p2b: Ceruledge|atk|1
|move|p1b: Oranguru|Encore|p2a: Milotic
|-start|p2a: Milotic|Encore
|move|p2a: Milotic|Coil|p2a: Milotic
|-boost|p2a: Milotic|atk|1
|-boost|p2a: Milotic|def|1
|-boost|p2a: Milotic|accuracy|1
|move|p2b: Ceruledge|Bulk Up|p2b: Ceruledge
|-boost|p2b: Ceruledge|atk|1
|-boost|p2b: Ceruledge|def|1
|
|upkeep
|turn|3
|
|t:|1784594281
|detailschange|p1a: Scrafty|Scrafty-Mega, L50, M
|-mega|p1a: Scrafty|Scrafty|Scraftinite
|-ability|p1a: Scrafty|Intimidate|boost
|-unboost|p2a: Milotic|atk|1
|-ability|p2a: Milotic|Competitive|boost
|-boost|p2a: Milotic|spa|2
|-unboost|p2b: Ceruledge|atk|1
|move|p1a: Scrafty|Fake Out|p2a: Milotic
|-damage|p2a: Milotic|93/100
|move|p2b: Ceruledge|Shadow Sneak|p1a: Scrafty
|-resisted|p1a: Scrafty|1
|-damage|p1a: Scrafty|93/100
|move|p1b: Oranguru|Encore|p2b: Ceruledge
|-start|p2b: Ceruledge|Encore
|cant|p2a: Milotic|flinch
|
|-heal|p2a: Milotic|99/100|[from] item: Leftovers
|upkeep
|turn|4
|
|t:|1784594299
|move|p2b: Ceruledge|Shadow Sneak|p1a: Scrafty
|-resisted|p1a: Scrafty|1
|-damage|p1a: Scrafty|88/100
|move|p1a: Scrafty|Knock Off|p2b: Ceruledge
|-supereffective|p2b: Ceruledge|1
|-enditem|p2b: Ceruledge|Colbur Berry|[eat]
|-enditem|p2b: Ceruledge|Colbur Berry|[weaken]
|-damage|p2b: Ceruledge|63/100
|move|p1b: Oranguru|Instruct|p1a: Scrafty
|-singleturn|p1a: Scrafty|move: Instruct|[of] p1b: Oranguru
|move|p1a: Scrafty|Knock Off|p2b: Ceruledge
|-supereffective|p2b: Ceruledge|1
|-damage|p2b: Ceruledge|18/100
|move|p2a: Milotic|Coil|p2a: Milotic
|-boost|p2a: Milotic|atk|1
|-boost|p2a: Milotic|def|1
|-boost|p2a: Milotic|accuracy|1
|
|-heal|p2a: Milotic|100/100|[from] item: Leftovers
|-end|p2a: Milotic|Encore
|upkeep
|turn|5
|
|t:|1784594315
|move|p2b: Ceruledge|Shadow Sneak|p1a: Scrafty
|-resisted|p1a: Scrafty|1
|-damage|p1a: Scrafty|82/100
|move|p1a: Scrafty|Rock Slide|p2a: Milotic|[spread] p2a,p2b
|-supereffective|p2b: Ceruledge|1
|-damage|p2a: Milotic|92/100
|-damage|p2b: Ceruledge|0 fnt
|faint|p2b: Ceruledge
|move|p1b: Oranguru|Encore|p2a: Milotic
|-start|p2a: Milotic|Encore
|move|p2a: Milotic|Coil|p2a: Milotic
|-boost|p2a: Milotic|atk|1
|-boost|p2a: Milotic|def|1
|-boost|p2a: Milotic|accuracy|1
|
|-heal|p2a: Milotic|98/100|[from] item: Leftovers
|-fieldend|move: Trick Room
|upkeep
|
|t:|1784594322
|switch|p2b: Venusaur|Venusaur, L50, M, shiny|100/100
|turn|6
|
|t:|1784594336
|detailschange|p2b: Venusaur|Venusaur-Mega, L50, M, shiny
|-mega|p2b: Venusaur|Venusaur|Venusaurite
|move|p2b: Venusaur|Sludge Bomb|p1a: Scrafty
|-damage|p1a: Scrafty|48/100
|move|p2a: Milotic|Coil|p2a: Milotic
|-boost|p2a: Milotic|atk|1
|-boost|p2a: Milotic|def|1
|-boost|p2a: Milotic|accuracy|1
|move|p1a: Scrafty|Knock Off|p2a: Milotic
|-damage|p2a: Milotic|84/100
|-enditem|p2a: Milotic|Leftovers|[from] move: Knock Off|[of] p1a: Scrafty
|move|p1b: Oranguru|Trick Room|p1b: Oranguru
|-fieldstart|move: Trick Room|[of] p1b: Oranguru
|
|upkeep
|turn|7
|inactive|Juaner95 has 30 seconds left.
|inactive|Juaner95 has 20 seconds left.
|inactive|Juaner95 has 15 seconds left.
|inactive|Juaner95 has 10 seconds left.
|inactive|Juaner95 has 5 seconds left.
|
|t:|1784594388
|move|p1a: Scrafty|Rock Slide|p2b: Venusaur|[spread] p2a,p2b
|-damage|p2a: Milotic|79/100
|-damage|p2b: Venusaur|83/100
|move|p1b: Oranguru|Instruct|p1a: Scrafty
|-singleturn|p1a: Scrafty|move: Instruct|[of] p1b: Oranguru
|move|p1a: Scrafty|Rock Slide|p2a: Milotic|[spread] p2a,p2b
|-damage|p2a: Milotic|73/100
|-damage|p2b: Venusaur|65/100
|move|p2a: Milotic|Coil|p2a: Milotic
|-boost|p2a: Milotic|atk|1
|-boost|p2a: Milotic|def|1
|-boost|p2a: Milotic|accuracy|1
|cant|p2b: Venusaur|flinch
|
|-end|p2a: Milotic|Encore
|upkeep
|turn|8
|inactive|Juaner95 has 30 seconds left.
|inactive|BeckVGC has 30 seconds left.
|inactive|BeckVGC has 20 seconds left.
|inactive|BeckVGC has 15 seconds left.
|inactive|Juaner95 has 20 seconds left.
|inactive|BeckVGC has 10 seconds left.
|
|t:|1784594435
|move|p1a: Scrafty|Rock Slide|p2a: Milotic|[spread] p2a,p2b
|-damage|p2a: Milotic|68/100
|-damage|p2b: Venusaur|46/100
|move|p1b: Oranguru|Encore|p2a: Milotic
|-start|p2a: Milotic|Encore
|cant|p2a: Milotic|flinch
|move|p2b: Venusaur|Sludge Bomb|p1a: Scrafty
|-crit|p1a: Scrafty
|-damage|p1a: Scrafty|0 fnt
|faint|p1a: Scrafty
|
|upkeep
|l|☆BeckVGC
|inactive|BeckVGC disconnected and has a minute to reconnect!
|player|p2|
|
|t:|1784594445
|switch|p1a: Torkoal|Torkoal, L50, M, shiny|100/100
|-weather|SunnyDay|[from] ability: Drought|[of] p1a: Torkoal
|turn|9
|inactive|BeckVGC has 30 seconds left.
|inactive|BeckVGC has 20 seconds left.
|inactive|BeckVGC has 15 seconds left.
|inactive|BeckVGC has 10 seconds left.
|inactive|BeckVGC has 5 seconds left.
|-message|BeckVGC lost due to inactivity.
|
|win|Juaner95
|inactive|Juaner95 has 30 seconds to confirm battle start!
|raw|Juaner95's rating: 1149 → 1172(+23 for winning)
|raw|BeckVGC's rating: 1121 → 1098(-23 for losing)
