|j|☆LastHorzion
|j|☆jonen
|html|LastHorzionjonen    
|uhtml|bestof|Game 1 of a best-of-3
|t:|1756917942
|gametype|doubles
|player|p1|LastHorzion|steven|1207
|player|p2|jonen|ruinmaniac-gen3|1260
|gen|9
|tier|[Gen 9] VGC 2025 Reg H (Bo3)
|rated|
|rule|Species Clause: Limit one of each Pokémon
|rule|Item Clause: Limit 1 of each item
|clearpoke
|poke|p1|Sneasler, L50, F|
|poke|p1|Ursaluna-Bloodmoon, L50, M|
|poke|p1|Whimsicott, L50, F|
|poke|p1|Typhlosion-Hisui, L50, M|
|poke|p1|Indeedee, L50, M|
|poke|p1|Dragapult, L50, M|
|poke|p2|Garchomp, L50, M|
|poke|p2|Weezing-Galar, L50, F|
|poke|p2|Archaludon, L50, F|
|poke|p2|Gholdengo, L50|
|poke|p2|Talonflame, L50, F|
|poke|p2|Annihilape, L50, M|
|teampreview|4
|showteam|p1|Sneasler||PsychicSeed|Unburden|CloseCombat,DireClaw,ThroatChop,Protect|||F|||50|,,,,,Dark]Ursaluna-Bloodmoon||LifeOrb|MindsEye|BloodMoon,EarthPower,HyperVoice,Protect|||M|||50|,,,,,Ghost]Whimsicott||CovertCloak|Prankster|Tailwind,Moonblast,Encore,SunnyDay|||F|||50|,,,,,Water]Typhlosion-Hisui||ChoiceScarf|Blaze|Eruption,ShadowBall,HeatWave,Overheat|||M|||50|,,,,,Fire]Indeedee||FocusSash|PsychicSurge|ExpandingForce,TeraBlast,Imprison,TrickRoom|||M|||50|,,,,,Ground]Dragapult||ChoiceBand|ClearBody|DragonDarts,Uturn,PhantomForce,Outrage|||M|||50|,,,,,Dragon
|showteam|p2|Garchomp||LifeOrb|RoughSkin|DragonClaw,Earthquake,StompingTantrum,Protect|||M|||50|,,,,,Ground]Weezing-Galar||FocusSash|NeutralizingGas|Protect,SludgeBomb,Taunt,StrangeSteam|||F|||50|,,,,,Flying]Archaludon||PowerHerb|Sturdy|ElectroShot,Thunderbolt,DracoMeteor,Protect|||F|||50|,,,,,Electric]Gholdengo||ChoiceSpecs|GoodasGold|ShadowBall,DazzlingGleam,PowerGem,MakeItRain||||||50|,,,,,Fairy]Talonflame||CovertCloak|GaleWings|Tailwind,DualWingbeat,UpperHand,FlareBlitz|||F|||50|,,,,,Fairy]Annihilape||AssaultVest|Defiant|CloseCombat,RageFist,FinalGambit,IcePunch|||M|||50|,,,,,Grass
|inactive|Battle timer is ON: inactive players will automatically lose when time's up. (requested by LastHorzion)
|inactive|LastHorzion has 60 seconds left.
|inactive|LastHorzion has 30 seconds left.
|
|t:|1756918012
|teamsize|p1|4
|teamsize|p2|4
|start
|switch|p1a: Ursaluna|Ursaluna-Bloodmoon, L50, M|100/100
|switch|p1b: Typhlosion|Typhlosion-Hisui, L50, M|100/100
|switch|p2a: Talonflame|Talonflame, L50, F|100/100
|switch|p2b: Garchomp|Garchomp, L50, M|100/100
|turn|1
|
|t:|1756918026
|switch|p1b: Whimsicott|Whimsicott, L50, F|100/100
|move|p2a: Talonflame|Tailwind|p2a: Talonflame
|-sidestart|p2: jonen|move: Tailwind
|move|p2b: Garchomp|Earthquake|p1b: Whimsicott|[spread] p1a,p1b
|-immune|p2a: Talonflame
|-resisted|p1b: Whimsicott
|-damage|p1a: Ursaluna|58/100
|-damage|p1b: Whimsicott|63/100
|-damage|p2b: Garchomp|91/100|[from] item: Life Orb
|move|p1a: Ursaluna|Blood Moon|p2b: Garchomp
|-damage|p2b: Garchomp|0 fnt
|faint|p2b: Garchomp
|-damage|p1a: Ursaluna|49/100|[from] item: Life Orb
|
|upkeep
|
|t:|1756918029
|switch|p2b: Annihilape|Annihilape, L50, M|100/100
|turn|2
|inactive|LastHorzion has 30 seconds left.
|inactive|jonen has 30 seconds left.
|
|t:|1756918057
|move|p1a: Ursaluna|Protect|p1a: Ursaluna
|-singleturn|p1a: Ursaluna|Protect
|move|p2a: Talonflame|Dual Wingbeat|p1b: Whimsicott
|-supereffective|p1b: Whimsicott
|-damage|p1b: Whimsicott|13/100
|-supereffective|p1b: Whimsicott
|-damage|p1b: Whimsicott|0 fnt
|faint|p1b: Whimsicott
|-hitcount|p1: Whimsicott|2
|move|p2b: Annihilape|Ice Punch|p1a: Ursaluna
|-activate|p1a: Ursaluna|move: Protect
|
|upkeep
|
|t:|1756918080
|switch|p1b: Dragapult|Dragapult, L50, M, shiny|100/100
|turn|3
|inactive|jonen has 30 seconds left.
|
|t:|1756918107
|switch|p1a: Typhlosion|Typhlosion-Hisui, L50, M|100/100
|-terastallize|p2b: Annihilape|Grass
|-terastallize|p1b: Dragapult|Dragon
|move|p2a: Talonflame|Flare Blitz|p1a: Typhlosion
|-resisted|p1a: Typhlosion
|-damage|p1a: Typhlosion|65/100
|-damage|p2a: Talonflame|89/100|[from] Recoil
|move|p2b: Annihilape|Rage Fist|p1b: Dragapult
|-damage|p1b: Dragapult|67/100
|move|p1b: Dragapult|Dragon Darts|p2a: Talonflame
|-damage|p2a: Talonflame|12/100
|-anim|p1b: Dragapult|Dragon Darts|p2b: Annihilape
|-damage|p2b: Annihilape|41/100
|
|upkeep
|turn|4
|inactive|LastHorzion has 30 seconds left.
|inactive|jonen has 30 seconds left.
|inactive|jonen has 20 seconds left.
|
|t:|1756918145
|switch|p1a: Ursaluna|Ursaluna-Bloodmoon, L50, M|49/100
|move|p2a: Talonflame|Flare Blitz|p1b: Dragapult
|-resisted|p1b: Dragapult
|-damage|p1b: Dragapult|34/100
|-damage|p2a: Talonflame|0 fnt|[from] Recoil
|faint|p2a: Talonflame
|move|p2b: Annihilape|Rage Fist|p1b: Dragapult
|-damage|p1b: Dragapult|0 fnt
|faint|p1b: Dragapult
|
|-sideend|p2: jonen|move: Tailwind
|upkeep
|
|t:|1756918156
|switch|p1b: Typhlosion|Typhlosion-Hisui, L50, M|65/100
|switch|p2a: Weezing|Weezing-Galar, L50, F|100/100
|-ability|p2a: Weezing|Neutralizing Gas
|turn|5
|
|t:|1756918180
|move|p1b: Typhlosion|Eruption|p2b: Annihilape|[spread] p2a,p2b
|-supereffective|p2b: Annihilape
|-damage|p2a: Weezing|39/100
|-damage|p2b: Annihilape|0 fnt
|faint|p2b: Annihilape
|move|p2a: Weezing|Sludge Bomb|p1b: Typhlosion
|-resisted|p1b: Typhlosion
|-damage|p1b: Typhlosion|37/100
|move|p1a: Ursaluna|Earth Power|p2a: Weezing
|-supereffective|p2a: Weezing
|-damage|p2a: Weezing|0 fnt
|faint|p2a: Weezing
|-end|p2a: Weezing|ability: Neutralizing Gas
|-damage|p1a: Ursaluna|39/100|[from] item: Life Orb
|
|win|LastHorzion
