|j|☆Beatyful
|j|☆rasaighul
|html|Beatyfulrasaighul    
|uhtml|bestof|Game 1 of a best-of-3
|t:|1756824986
|gametype|doubles
|player|p1|Beatyful|miku-water|1104
|player|p2|rasaighul|palmer|1051
|gen|9
|tier|[Gen 9] VGC 2025 Reg H (Bo3)
|rated|
|rule|Species Clause: Limit one of each Pokémon
|rule|Item Clause: Limit 1 of each item
|clearpoke
|poke|p1|Volcarona, L50, F|
|poke|p1|Dragonite, L50, F|
|poke|p1|Annihilape, L50, F|
|poke|p1|Sneasler, L50, F|
|poke|p1|Rillaboom, L50, M|
|poke|p1|Incineroar, L50, M|
|poke|p2|Volcarona, L50, M|
|poke|p2|Kingambit, L50, F|
|poke|p2|Dragonite, L50, F|
|poke|p2|Sneasler, L50, M|
|poke|p2|Rillaboom, L50, M|
|poke|p2|Electabuzz, L50, M|
|teampreview|4
|showteam|p1|Volcarona||Leftovers|FlameBody|HeatWave,TeraBlast,QuiverDance,Protect|||F|||50|,,,,,Fairy]Dragonite||LoadedDice|Multiscale|ScaleShot,ExtremeSpeed,Haze,Protect|||F|||50|,,,,,Steel]Annihilape||SafetyGoggles|Defiant|CloseCombat,RageFist,Taunt,FinalGambit|||F|||50|,,,,,Fire]Sneasler||FocusSash|Unburden|CloseCombat,DireClaw,Coaching,Protect|||F|||50|,,,,,Stellar]Rillaboom||AssaultVest|GrassySurge|WoodHammer,GrassyGlide,HighHorsepower,FakeOut|||M|||50|,,,,,Fire]Incineroar||RockyHelmet|Intimidate|FakeOut,KnockOff,FlareBlitz,PartingShot|||M|||50|,,,,,Grass
|showteam|p2|Volcarona||Leftovers|FlameBody|HeatWave,TeraBlast,QuiverDance,Protect|||M|||50|,,,,,Fairy]Kingambit||BlackGlasses|Defiant|KowtowCleave,SuckerPunch,SwordsDance,Protect|||F|||50|,,,,,Dark]Dragonite||LoadedDice|Multiscale|ScaleShot,ExtremeSpeed,Haze,Protect|||F|||50|,,,,,Steel]Sneasler||FocusSash|PoisonTouch|CloseCombat,DireClaw,FakeOut,Coaching|||M|||50|,,,,,Stellar]Rillaboom||AssaultVest|GrassySurge|WoodHammer,GrassyGlide,HighHorsepower,FakeOut|||M|||50|,,,,,Fire]Electabuzz||Eviolite|VitalSpirit|Thunderbolt,Taunt,FollowMe,Protect|||M|||50|,,,,,Ghost
|inactive|Battle timer is ON: inactive players will automatically lose when time's up. (requested by rasaighul)
|inactive|Beatyful has 60 seconds left.
|inactive|rasaighul has 60 seconds left.
|inactive|rasaighul has 30 seconds left.
|inactive|rasaighul has 20 seconds left.
|inactive|rasaighul has 15 seconds left.
|inactive|rasaighul has 10 seconds left.
|
|t:|1756825072
|teamsize|p1|4
|teamsize|p2|4
|start
|switch|p1a: Annihilape|Annihilape, L50, F|100/100
|switch|p1b: Dragonite|Dragonite, L50, F|100/100
|switch|p2a: Volcarona|Volcarona, L50, M|100/100
|switch|p2b: Electabuzz|Electabuzz, L50, M|100/100
|turn|1
|inactive|Beatyful has 30 seconds left.
|inactive|rasaighul has 30 seconds left.
|inactive|rasaighul has 20 seconds left.
|inactive|rasaighul has 15 seconds left.
|
|t:|1756825113
|-terastallize|p2a: Volcarona|Fairy
|move|p1a: Annihilape|Taunt|p2b: Electabuzz
|-start|p2b: Electabuzz|move: Taunt
|move|p2a: Volcarona|Quiver Dance|p2a: Volcarona
|-boost|p2a: Volcarona|spa|1
|-boost|p2a: Volcarona|spd|1
|-boost|p2a: Volcarona|spe|1
|cant|p2b: Electabuzz|move: Taunt|Taunt
|move|p1b: Dragonite|Scale Shot|p2b: Electabuzz
|-damage|p2b: Electabuzz|88/100
|-damage|p2b: Electabuzz|76/100
|-damage|p2b: Electabuzz|64/100
|-damage|p2b: Electabuzz|51/100
|-damage|p2b: Electabuzz|41/100
|-hitcount|p2b: Electabuzz|5
|-unboost|p1b: Dragonite|def|1
|-boost|p1b: Dragonite|spe|1
|
|upkeep
|turn|2
|inactive|Beatyful has 30 seconds left.
|inactive|Beatyful has 20 seconds left.
|
|t:|1756825150
|-terastallize|p1a: Annihilape|Fire
|move|p1b: Dragonite|Extreme Speed|p2a: Volcarona
|-damage|p2a: Volcarona|66/100
|move|p2a: Volcarona|Heat Wave|p1a: Annihilape|[spread] p1a,p1b
|-resisted|p1a: Annihilape
|-resisted|p1b: Dragonite
|-damage|p1a: Annihilape|76/100
|-damage|p1b: Dragonite|86/100
|move|p1a: Annihilape|Rage Fist|p2a: Volcarona
|-damage|p2a: Volcarona|20/100
|move|p2b: Electabuzz|Thunderbolt|p1b: Dragonite
|-damage|p1b: Dragonite|52/100
|
|-heal|p2a: Volcarona|26/100|[from] item: Leftovers
|upkeep
|turn|3
|inactive|rasaighul has 30 seconds left.
|
|t:|1756825184
|move|p2a: Volcarona|Protect|p2a: Volcarona
|-singleturn|p2a: Volcarona|Protect
|move|p1b: Dragonite|Extreme Speed|p2a: Volcarona
|-activate|p2a: Volcarona|move: Protect
|move|p1a: Annihilape|Rage Fist|p2b: Electabuzz
|-damage|p2b: Electabuzz|12/100
|move|p2b: Electabuzz|Thunderbolt|p1a: Annihilape
|-damage|p1a: Annihilape|48/100
|
|-heal|p2a: Volcarona|32/100|[from] item: Leftovers
|-end|p2b: Electabuzz|move: Taunt
|upkeep
|turn|4
|
|t:|1756825204
|move|p1b: Dragonite|Extreme Speed|p2a: Volcarona
|-damage|p2a: Volcarona|0 fnt
|-status|p1b: Dragonite|brn|[from] ability: Flame Body|[of] p2a: Volcarona
|faint|p2a: Volcarona
|move|p2b: Electabuzz|Follow Me|p2b: Electabuzz
|-singleturn|p2b: Electabuzz|move: Follow Me
|move|p1a: Annihilape|Rage Fist|p2b: Electabuzz
|-damage|p2b: Electabuzz|0 fnt
|faint|p2b: Electabuzz
|
|-damage|p1b: Dragonite|46/100 brn|[from] brn
|upkeep
|
|t:|1756825212
|switch|p2a: Sneasler|Sneasler, L50, M|100/100
|switch|p2b: Kingambit|Kingambit, L50, F|100/100
|turn|5
|inactive|Beatyful has 30 seconds left.
|inactive|rasaighul has 30 seconds left.
|
|t:|1756825248
|move|p2b: Kingambit|Sucker Punch|p1b: Dragonite
|-damage|p1b: Dragonite|0 fnt
|faint|p1b: Dragonite
|move|p2a: Sneasler|Close Combat|p1a: Annihilape
|-damage|p1a: Annihilape|0 fnt
|-unboost|p2a: Sneasler|def|1
|-unboost|p2a: Sneasler|spd|1
|faint|p1a: Annihilape
|
|upkeep
|inactive|Beatyful has 30 seconds left.
|inactive|Beatyful has 20 seconds left.
|
|t:|1756825287
|switch|p1a: Rillaboom|Rillaboom, L50, M|100/100
|switch|p1b: Volcarona|Volcarona, L50, F|100/100
|-fieldstart|move: Grassy Terrain|[from] ability: Grassy Surge|[of] p1a: Rillaboom
|turn|6
|inactive|Beatyful has 30 seconds left.
|inactive|Beatyful has 20 seconds left.
|
|t:|1756825326
|move|p1a: Rillaboom|Fake Out|p2b: Kingambit
|-resisted|p2b: Kingambit
|-damage|p2b: Kingambit|95/100
|move|p2a: Sneasler|Dire Claw|p1b: Volcarona
|-damage|p1b: Volcarona|49/100
|-status|p2a: Sneasler|brn|[from] ability: Flame Body|[of] p1b: Volcarona
|move|p1b: Volcarona|Heat Wave|p2a: Sneasler|[spread] p2a,p2b
|-crit|p2a: Sneasler
|-supereffective|p2b: Kingambit
|-enditem|p2a: Sneasler|Focus Sash
|-damage|p2a: Sneasler|1/100 brn
|-damage|p2b: Kingambit|19/100
|cant|p2b: Kingambit|flinch
|
|-heal|p2a: Sneasler|7/100 brn|[from] Grassy Terrain
|-heal|p1b: Volcarona|55/100|[from] Grassy Terrain
|-heal|p1b: Volcarona|61/100|[from] item: Leftovers
|-heal|p2b: Kingambit|25/100|[from] Grassy Terrain
|-damage|p2a: Sneasler|1/100 brn|[from] brn
|upkeep
|turn|7
|inactive|Beatyful has 30 seconds left.
|inactive|rasaighul has 30 seconds left.
|
|t:|1756825356
|move|p1b: Volcarona|Protect|p1b: Volcarona
|-singleturn|p1b: Volcarona|Protect
|move|p1a: Rillaboom|Grassy Glide|p2b: Kingambit
|-resisted|p2b: Kingambit
|-damage|p2b: Kingambit|11/100
|move|p2a: Sneasler|Dire Claw|p1a: Rillaboom
|-supereffective|p1a: Rillaboom
|-damage|p1a: Rillaboom|61/100
|move|p2b: Kingambit|Swords Dance|p2b: Kingambit
|-boost|p2b: Kingambit|atk|2
|
|-heal|p2a: Sneasler|7/100 brn|[from] Grassy Terrain
|-heal|p1b: Volcarona|68/100|[from] Grassy Terrain
|-heal|p1b: Volcarona|74/100|[from] item: Leftovers
|-heal|p1a: Rillaboom|67/100|[from] Grassy Terrain
|-heal|p2b: Kingambit|16/100|[from] Grassy Terrain
|-damage|p2a: Sneasler|1/100 brn|[from] brn
|upkeep
|turn|8
|inactive|Beatyful has 30 seconds left.
|inactive|rasaighul has 30 seconds left.
|
|t:|1756825384
|move|p1a: Rillaboom|Grassy Glide|p2b: Kingambit
|-resisted|p2b: Kingambit
|-damage|p2b: Kingambit|2/100
|move|p2b: Kingambit|Sucker Punch||[still]
|-fail|p2b: Kingambit
|move|p2a: Sneasler|Dire Claw|p1a: Rillaboom
|-supereffective|p1a: Rillaboom
|-damage|p1a: Rillaboom|23/100
|-status|p1a: Rillaboom|psn
|move|p1b: Volcarona|Heat Wave|p2b: Kingambit|[spread] p2a,p2b
|-supereffective|p2b: Kingambit
|-damage|p2a: Sneasler|0 fnt
|-damage|p2b: Kingambit|0 fnt
|faint|p2a: Sneasler
|faint|p2b: Kingambit
|
|win|Beatyful
||rasaighul is ready for game 2.
|inactive|Beatyful has 30 seconds to confirm battle start!
||Beatyful is ready for game 2.
|uhtml|next|Next: Game 2 of 3
