|j|ÔÿåMackleMorelull
|j|ÔÿåMilkshookÔÖí
|html|MackleMorelullMilkshookÔÖí    
|uhtml|bestof|Game 1 of a best-of-3
|t:|1784471742
|gametype|doubles
|player|p1|MackleMorelull|1|
|player|p2|MilkshookÔÖí|iris-gen5bw2|
|gen|9
|tier|[Gen 9 Champions] VGC 2026 Reg M-B (Bo3)
|rule|Species Clause: Limit one of each Pok├®mon
|rule|Item Clause: Limit 1 of each item
|clearpoke
|poke|p1|Sinistcha, L50|
|poke|p1|Klefki, L50, M|
|poke|p1|Azumarill, L50, M|
|poke|p1|Drampa, L50, M|
|poke|p1|Aerodactyl, L50, M|
|poke|p1|Conkeldurr, L50, M|
|poke|p2|Metagross, L50|
|poke|p2|Whimsicott, L50, M|
|poke|p2|Milotic, L50, F|
|poke|p2|Blaziken, L50, M|
|poke|p2|Samurott-Hisui, L50, M|
|poke|p2|Gallade, L50, M|
|teampreview|4
|showteam|p1|Sinistcha||SitrusBerry|Hospitality|LifeDew,RagePowder,MatchaGotcha,TrickRoom|Relaxed|||||50|]Klefki||MentalHerb|Prankster|TrickRoom,LightScreen,DrainingKiss,Reflect|Relaxed||M|||50|]Azumarill||ExpertBelt|HugePower|Liquidation,AquaJet,PlayRough,Protect|Adamant||M|||50|]Drampa||Drampanite|CloudNine|DragonPulse,HyperVoice,Protect,EarthPower|Modest||M|||50|]Aerodactyl||Aerodactylite|Unnerve|RockSlide,DualWingbeat,PsychicFangs,WideGuard|Jolly||M|||50|]Conkeldurr||LifeOrb|IronFist|HammerArm,DrainPunch,RockSlide,KnockOff|Adamant||M|||50|
|showteam|p2|Metagross||Metagrossite|ClearBody|MeteorMash,ThunderPunch,BrickBreak,Protect|Jolly|||||50|]Whimsicott||FocusSash|Prankster|Moonblast,SunnyDay,Encore,Tailwind|Timid||M|||50|]Milotic||Leftovers|Competitive|Scald,IceBeam,LifeDew,Protect|Bold||F|||50|]Blaziken||Blazikenite|SpeedBoost|FlareBlitz,CloseCombat,SwordsDance,Protect|Adamant||M|||50|]Samurott-Hisui||BlackGlasses|Sharpness|CeaselessEdge,SuckerPunch,SacredSword,Protect|Adamant||M|||50|]Gallade||BlackBelt|Sharpness|SacredSword,TrickRoom,Imprison,Protect|Adamant||M|||50|
|l|ÔÿåMackleMorelull
|player|p1|
|j|ÔÿåMackleMorelull
|player|p1|MackleMorelull|1|
|c|ÔÿåMilkshookÔÖí|gl hf
|
|t:|1784471809
|teamsize|p1|4
|teamsize|p2|4
|start
|switch|p1a: House Keys|Klefki, L50, M|100/100
|switch|p1b: Great Great Grampa|Aerodactyl, L50, M|100/100
|switch|p2a: ian|Whimsicott, L50, M|100/100
|switch|p2b: bbq wings|Blaziken, L50, M|100/100
|-ability|p1b: Great Great Grampa|Unnerve
|turn|1
|
|t:|1784471852
|switch|p2a: big wall|Milotic, L50, F|100/100
|switch|p2b: the masher|Metagross, L50|100/100
|detailschange|p1b: Great Great Grampa|Aerodactyl-Mega, L50, M
|-mega|p1b: Great Great Grampa|Aerodactyl|Aerodactylite
|move|p1a: House Keys|Reflect|p1a: House Keys
|-sidestart|p1: MackleMorelull|Reflect
|move|p1b: Great Great Grampa|Dual Wingbeat|p2a: big wall
|-damage|p2a: big wall|77/100
|-damage|p2a: big wall|56/100
|-hitcount|p2a: big wall|2
|
|-heal|p2a: big wall|62/100|[from] item: Leftovers
|upkeep
|turn|2
|j| Hariyamamomma
|
|t:|1784471881
|detailschange|p2b: the masher|Metagross-Mega, L50
|-mega|p2b: the masher|Metagross|Metagrossite
|move|p1a: House Keys|Light Screen|p1a: House Keys
|-sidestart|p1: MackleMorelull|move: Light Screen
|move|p1b: Great Great Grampa|Rock Slide|p2a: big wall|[spread] p2a
|-miss|p1b: Great Great Grampa|p2b: the masher
|-damage|p2a: big wall|39/100
|move|p2b: the masher|Meteor Mash|p1b: Great Great Grampa
|-supereffective|p1b: Great Great Grampa|1
|-damage|p1b: Great Great Grampa|0 fnt
|faint|p1b: Great Great Grampa
|cant|p2a: big wall|flinch
|
|-heal|p2a: big wall|45/100|[from] item: Leftovers
|upkeep
|
|t:|1784471895
|switch|p1b: The Woker|Azumarill, L50, M|100/100
|turn|3
|c|ÔÿåMackleMorelull|Oh glhf
|c|ÔÿåMackleMorelull|I misssed that
|
|t:|1784471944
|move|p2b: the masher|Thunder Punch|p1b: The Woker
|-supereffective|p1b: The Woker|1
|-crit|p1b: The Woker
|-damage|p1b: The Woker|0 fnt
|faint|p1b: The Woker
|move|p2a: big wall|Life Dew||[still]|[spread] p2a,p2b
|-heal|p2a: big wall|70/100
|-fail|p2b: the masher|heal
|move|p1a: House Keys|Trick Room|p1a: House Keys
|-fieldstart|move: Trick Room|[of] p1a: House Keys
|
|-heal|p2a: big wall|76/100|[from] item: Leftovers
|upkeep
|
|t:|1784471948
|switch|p1b: Peepaw|Drampa, L50, M|100/100
|-ability|p1b: Peepaw|Cloud Nine
|turn|4
|c|ÔÿåMilkshookÔÖí|sry
|
|t:|1784471965
|move|p1b: Peepaw|Earth Power|p2b: the masher
|-supereffective|p2b: the masher|1
|-damage|p2b: the masher|26/100
|move|p1a: House Keys|Draining Kiss|p2a: big wall
|-damage|p2a: big wall|65/100
|move|p2a: big wall|Life Dew|p2a: big wall|[spread] p2a,p2b
|-heal|p2a: big wall|91/100
|-heal|p2b: the masher|51/100
|move|p2b: the masher|Brick Break|p1b: Peepaw
|-sideend|p1: MackleMorelull|Reflect
|-sideend|p1: MackleMorelull|move: Light Screen
|-supereffective|p1b: Peepaw|1
|-damage|p1b: Peepaw|16/100
|
|-heal|p2a: big wall|97/100|[from] item: Leftovers
|upkeep
|turn|5
|
|t:|1784471989
|move|p2b: the masher|Protect|p2b: the masher
|-singleturn|p2b: the masher|Protect
|move|p1a: House Keys|Light Screen|p1a: House Keys
|-sidestart|p1: MackleMorelull|move: Light Screen
|move|p1b: Peepaw|Earth Power|p2b: the masher
|-activate|p2b: the masher|move: Protect
|move|p2a: big wall|Ice Beam|p1b: Peepaw
|-supereffective|p1b: Peepaw|1
|-damage|p1b: Peepaw|0 fnt
|faint|p1b: Peepaw
|
|-heal|p2a: big wall|100/100|[from] item: Leftovers
|upkeep
|turn|6
|
|t:|1784471999
|move|p1a: House Keys|Draining Kiss|p2b: the masher
|-resisted|p2b: the masher|1
|-damage|p2b: the masher|43/100
|move|p2a: big wall|Scald|p1a: House Keys
|-damage|p1a: House Keys|74/100
|move|p2b: the masher|Meteor Mash|p1a: House Keys
|-damage|p1a: House Keys|21/100
|
|upkeep
|turn|7
|c|ÔÿåMackleMorelull|Ggs we go next
|c|ÔÿåMilkshookÔÖí|gg
|
|t:|1784472008
|move|p1a: House Keys|Draining Kiss|p2b: the masher
|-resisted|p2b: the masher|1
|-damage|p2b: the masher|35/100
|-heal|p1a: House Keys|27/100|[from] drain|[of] p2b: the masher
|move|p2a: big wall|Scald|p1a: House Keys
|-damage|p1a: House Keys|2/100
|move|p2b: the masher|Meteor Mash|p1a: House Keys
|-damage|p1a: House Keys|0 fnt
|faint|p1a: House Keys
|
|win|MilkshookÔÖí
