|j|☆Olciax34
|j|☆bogging
|html|Olciax34bogging    
|uhtml|bestof|Game 2 of a best-of-3
|t:|1754931002
|gametype|doubles
|player|p1|Olciax34|clair|1178
|player|p2|bogging|bugcatcher-gen4dp|1293
|gen|9
|tier|[Gen 9] VGC 2025 Reg H (Bo3)
|rated|
|rule|Species Clause: Limit one of each Pokémon
|rule|Item Clause: Limit 1 of each item
|clearpoke
|poke|p1|Whimsicott, L50, F|
|poke|p1|Typhlosion-Hisui, L50, F|
|poke|p1|Kingambit, L50, M|
|poke|p1|Farigiraf, L50, M|
|poke|p1|Dragonite, L50, F|
|poke|p1|Ursaluna, L50, M|
|poke|p2|Volcarona, L50, F|
|poke|p2|Ursaluna, L50, M|
|poke|p2|Basculegion, L50, M|
|poke|p2|Kingambit, L50, M|
|poke|p2|Farigiraf, L50, F|
|poke|p2|Electabuzz, L50, F|
|teampreview|4
|showteam|p1|Whimsicott||CovertCloak|Prankster|Tailwind,Moonblast,Taunt,SunnyDay|||F|||50|,,,,,Water]Typhlosion-Hisui||ChoiceSpecs|Blaze|HeatWave,Flamethrower,ShadowBall,Eruption|||F|||50|,,,,,Fire]Kingambit||AssaultVest|Defiant|Assurance,LowKick,SuckerPunch,IronHead|||M|||50|,,,,,Flying]Farigiraf||SitrusBerry|ArmorTail|Imprison,TrickRoom,HyperVoice,TwinBeam|||M|||50|,,,,,Fairy]Dragonite||LoadedDice|Multiscale|IceSpinner,ScaleShot,Protect,Haze|||F|||50|,,,,,Fairy]Ursaluna||FlameOrb|Guts|Facade,HeadlongRush,Earthquake,Protect|||M|||50|,,,,,Ghost
|showteam|p2|Volcarona||Leftovers|FlameBody|QuiverDance,FieryDance,TeraBlast,Protect|||F|||50|,,,,,Fairy]Ursaluna||FlameOrb|Guts|Facade,HeadlongRush,Earthquake,Protect|||M|||50|,,,,,Ghost]Basculegion||ChoiceScarf|Adaptability|WaveCrash,FlipTurn,LastRespects,AquaJet|||M|||50|,,,,,Water]Kingambit||BlackGlasses|Defiant|SwordsDance,SuckerPunch,KowtowCleave,Protect|||M|||50|,,,,,Dark]Farigiraf||SafetyGoggles|ArmorTail|TeraBlast,Psychic,TrickRoom,Protect|||F|||50|,,,,,Fighting]Electabuzz||Eviolite|VitalSpirit|FollowMe,Electroweb,Taunt,KnockOff|||F|||50|,,,,,Dragon
|
|t:|1754931013
|teamsize|p1|4
|teamsize|p2|4
|start
|switch|p1a: Kingambit|Kingambit, L50, M|100/100
|switch|p1b: Whimsicott|Whimsicott, L50, F|100/100
|switch|p2a: Kingambit|Kingambit, L50, M|100/100
|switch|p2b: Farigiraf|Farigiraf, L50, F|100/100
|turn|1
|inactive|Battle timer is ON: inactive players will automatically lose when time's up. (requested by Olciax34)
|
|t:|1754931026
|-terastallize|p2b: Farigiraf|Fighting
|move|p1b: Whimsicott|Moonblast|p2b: Farigiraf
|-supereffective|p2b: Farigiraf
|-damage|p2b: Farigiraf|45/100
|-unboost|p2b: Farigiraf|spa|1
|move|p1a: Kingambit|Assurance|p2b: Farigiraf
|-resisted|p2b: Farigiraf
|-damage|p2b: Farigiraf|14/100
|move|p2a: Kingambit|Swords Dance|p2a: Kingambit
|-boost|p2a: Kingambit|atk|2
|move|p2b: Farigiraf|Trick Room|p2b: Farigiraf
|-fieldstart|move: Trick Room|[of] p2b: Farigiraf
|
|upkeep
|turn|2
|inactive|Olciax34 has 30 seconds left.
|
|t:|1754931053
|-terastallize|p1a: Kingambit|Flying
|move|p2b: Farigiraf|Tera Blast|p1a: Kingambit|[anim] Tera Blast Fighting
|-resisted|p1a: Kingambit
|-damage|p1a: Kingambit|92/100
|move|p2a: Kingambit|Kowtow Cleave|p1a: Kingambit
|-damage|p1a: Kingambit|16/100
|move|p1a: Kingambit|Low Kick|p2a: Kingambit
|-supereffective|p2a: Kingambit
|-damage|p2a: Kingambit|0 fnt
|faint|p2a: Kingambit
|move|p1b: Whimsicott|Moonblast|p2b: Farigiraf
|-supereffective|p2b: Farigiraf
|-damage|p2b: Farigiraf|0 fnt
|faint|p2b: Farigiraf
|
|upkeep
|
|t:|1754931061
|switch|p2b: Volcarona|Volcarona, L50, F|100/100
|switch|p2a: Ursaluna|Ursaluna, L50, M|100/100
|turn|3
|
|t:|1754931073
|switch|p1a: Typhlosion|Typhlosion-Hisui, L50, F|100/100
|move|p1b: Whimsicott|Taunt|p2b: Volcarona
|-start|p2b: Volcarona|move: Taunt
|move|p2a: Ursaluna|Facade|p1a: Typhlosion
|-immune|p1a: Typhlosion
|move|p2b: Volcarona|Fiery Dance|p1b: Whimsicott
|-supereffective|p1b: Whimsicott
|-damage|p1b: Whimsicott|0 fnt
|faint|p1b: Whimsicott
|
|-status|p2a: Ursaluna|brn|[from] item: Flame Orb
|upkeep
|inactive|Olciax34 has 30 seconds left.
|
|t:|1754931099
|switch|p1b: Ursaluna|Ursaluna, L50, M|100/100
|turn|4
|
|t:|1754931118
|move|p2a: Ursaluna|Headlong Rush|p1a: Typhlosion
|-supereffective|p1a: Typhlosion
|-damage|p1a: Typhlosion|0 fnt
|-unboost|p2a: Ursaluna|def|1
|-unboost|p2a: Ursaluna|spd|1
|faint|p1a: Typhlosion
|move|p1b: Ursaluna|Headlong Rush|p2b: Volcarona
|-damage|p2b: Volcarona|18/100
|-unboost|p1b: Ursaluna|def|1
|-unboost|p1b: Ursaluna|spd|1
|move|p2b: Volcarona|Fiery Dance|p1b: Ursaluna
|-damage|p1b: Ursaluna|44/100
|-boost|p2b: Volcarona|spa|1
|
|-heal|p2b: Volcarona|24/100|[from] item: Leftovers
|-damage|p2a: Ursaluna|95/100 brn|[from] brn
|-status|p1b: Ursaluna|brn|[from] item: Flame Orb
|upkeep
|
|t:|1754931134
|switch|p1a: Kingambit|Kingambit, L50, M, tera:Flying|16/100
|turn|5
|inactive|Olciax34 has 30 seconds left.
|inactive|bogging has 30 seconds left.
|
|t:|1754931165
|move|p1a: Kingambit|Sucker Punch|p2b: Volcarona
|-damage|p2b: Volcarona|0 fnt
|faint|p2b: Volcarona
|move|p2a: Ursaluna|Facade|p1a: Kingambit
|-damage|p1a: Kingambit|0 fnt
|faint|p1a: Kingambit
|move|p1b: Ursaluna|Facade|p2a: Ursaluna
|-damage|p2a: Ursaluna|0 fnt
|faint|p2a: Ursaluna
|
|win|Olciax34
|raw|Olciax34's rating: 1178 → 1211(+33 for winning)
|raw|bogging's rating: 1293 → 1260(-33 for losing)
|l|☆bogging
|player|p2|
