|j|☆Iceman5687
|j|☆alexejball
|html|Iceman5687alexejball    
|uhtml|bestof|Game 1 of a best-of-3
|t:|1782387638
|gametype|doubles
|player|p1|Iceman5687|266|1112
|player|p2|alexejball|265|1000
|gen|9
|tier|[Gen 9 Champions] VGC 2026 Reg M-B (Bo3)
|rated|
|rule|Species Clause: Limit one of each Pokémon
|rule|Item Clause: Limit 1 of each item
|clearpoke
|poke|p1|Floette-Eternal, L50, F|
|poke|p1|Charizard, L50, F|
|poke|p1|Kingambit, L50, F|
|poke|p1|Whimsicott, L50, M|
|poke|p1|Basculegion, L50, M|
|poke|p1|Garchomp, L50, F|
|poke|p2|Charizard, L50, F, shiny|
|poke|p2|Aegislash, L50, M, shiny|
|poke|p2|Malamar, L50, M|
|poke|p2|Gyarados, L50, F|
|poke|p2|Blaziken, L50, M|
|poke|p2|Archaludon, L50, F|
|teampreview|4
|showteam|p1|Floette-Eternal||Floettite|FlowerVeil|LightofRuin,Moonblast,DazzlingGleam,Protect|Modest||F|||50|]Charizard||CharizarditeY|Blaze|SolarBeam,HeatWave,WeatherBall,Protect|Modest||F|||50|]Kingambit||ChopleBerry|Defiant|IronHead,LowKick,KowtowCleave,SuckerPunch|Adamant||F|||50|]Whimsicott||FocusSash|Prankster|Moonblast,Tailwind,Encore,Protect|Timid||M|||50|]Basculegion||LifeOrb|Adaptability|WaveCrash,Protect,LastRespects,AquaJet|Adamant||M|||50|]Garchomp||RoseliBerry|RoughSkin|Earthquake,RockSlide,PoisonJab,DragonClaw|Adamant||F|||50|
|showteam|p2|Charizard||CharizarditeY|Blaze|AirSlash,WeatherBall,DragonPulse,SolarBeam|Modest||F|||50|]Aegislash||MetalCoat|StanceChange|SacredSword,ShadowClaw,SwordsDance,IronHead|Adamant||M|||50|]Malamar||MuscleBand|Contrary|Superpower,Liquidation,PsychoCut,KnockOff|Adamant||M|||50|]Gyarados||Gyaradosite|Intimidate|Crunch,Waterfall,DragonDance,Earthquake|Adamant||F|||50|]Blaziken||LifeOrb|SpeedBoost|BrickBreak,FirePunch,Uturn,Acrobatics|Jolly||M|||50|]Archaludon||Leftovers|Stamina|ElectroShot,FlashCannon,DragonPulse,Substitute|Bold||F|||50|
|inactive|Battle timer is ON: inactive players will automatically lose when time's up. (requested by alexejball)
|inactive|Iceman5687 has 60 seconds left.
|
|t:|1782387710
|teamsize|p1|4
|teamsize|p2|4
|start
|switch|p1a: Whimsicott|Whimsicott, L50, M|100/100
|switch|p1b: Garchomp|Garchomp, L50, F|100/100
|switch|p2a: Charizard|Charizard, L50, F, shiny|100/100
|switch|p2b: Blaziken|Blaziken, L50, M|100/100
|turn|1
|
|t:|1782387730
|detailschange|p2a: Charizard|Charizard-Mega-Y, L50, F, shiny
|-mega|p2a: Charizard|Charizard|Charizardite Y
|-weather|SunnyDay|[from] ability: Drought|[of] p2a: Charizard
|move|p1a: Whimsicott|Tailwind|p1a: Whimsicott
|-sidestart|p1: Iceman5687|move: Tailwind
|move|p1b: Garchomp|Rock Slide|p2a: Charizard|[spread] p2a,p2b
|-supereffective|p2a: Charizard|2
|-damage|p2a: Charizard|0 fnt
|-damage|p2b: Blaziken|68/100
|faint|p2a: Charizard
|cant|p2b: Blaziken|flinch
|
|-weather|SunnyDay|[upkeep]
|-ability|p2b: Blaziken|Speed Boost|boost
|-boost|p2b: Blaziken|spe|1
|upkeep
|
|t:|1782387745
|switch|p2a: Archaludon|Archaludon, L50, F|100/100
|turn|2
|
|t:|1782387758
|move|p1a: Whimsicott|Moonblast|p2b: Blaziken
|-damage|p2b: Blaziken|23/100
|-unboost|p2b: Blaziken|spa|1
|move|p1b: Garchomp|Earthquake|p2b: Blaziken|[spread] p1a,p2a,p2b
|-resisted|p1a: Whimsicott|1
|-crit|p1a: Whimsicott
|-supereffective|p2a: Archaludon|1
|-supereffective|p2b: Blaziken|1
|-crit|p2b: Blaziken
|-damage|p1a: Whimsicott|66/100
|-damage|p2a: Archaludon|47/100
|-damage|p2b: Blaziken|0 fnt
|-ability|p2a: Archaludon|Stamina|boost
|-boost|p2a: Archaludon|def|1
|faint|p2b: Blaziken
|move|p2a: Archaludon|Dragon Pulse|p1b: Garchomp
|-supereffective|p1b: Garchomp|1
|-damage|p1b: Garchomp|12/100
|
|-weather|SunnyDay|[upkeep]
|-heal|p2a: Archaludon|53/100|[from] item: Leftovers
|upkeep
|
|t:|1782387774
|switch|p2b: Gyarados|Gyarados, L50, F|100/100
|-ability|p2b: Gyarados|Intimidate|boost
|-unboost|p1a: Whimsicott|atk|1
|-unboost|p1b: Garchomp|atk|1
|turn|3
|
|t:|1782387788
|move|p1a: Whimsicott|Encore|p2a: Archaludon
|-start|p2a: Archaludon|Encore
|move|p1b: Garchomp|Rock Slide|p2b: Gyarados|[spread] p2a
|-miss|p1b: Garchomp|p2b: Gyarados
|-resisted|p2a: Archaludon|1
|-damage|p2a: Archaludon|51/100
|-ability|p2a: Archaludon|Stamina|boost
|-boost|p2a: Archaludon|def|1
|move|p2b: Gyarados|Waterfall|p1b: Garchomp
|-damage|p1b: Garchomp|0 fnt
|-damage|p2b: Gyarados|87/100|[from] ability: Rough Skin|[of] p1b: Garchomp
|faint|p1b: Garchomp
|move|p2a: Archaludon|Dragon Pulse|p1a: Whimsicott
|-immune|p1a: Whimsicott
|
|-weather|SunnyDay|[upkeep]
|-heal|p2a: Archaludon|57/100|[from] item: Leftovers
|upkeep
|
|t:|1782387793
|switch|p1b: Floette|Floette-Eternal, L50, F|100/100
|turn|4
|inactive|alexejball has 30 seconds left.
|inactive|alexejball has 20 seconds left.
|inactive|alexejball has 15 seconds left.
|
|t:|1782387836
|detailschange|p1b: Floette|Floette-Mega, L50, F
|-mega|p1b: Floette|Floette|Floettite
|-ability|p1b: Floette|Fairy Aura
|move|p1a: Whimsicott|Moonblast|p2b: Gyarados
|-damage|p2b: Gyarados|50/100y
|move|p1b: Floette|Moonblast|p2b: Gyarados
|-damage|p2b: Gyarados|0 fnt
|faint|p2b: Gyarados
|move|p2a: Archaludon|Dragon Pulse|p1a: Whimsicott
|-immune|p1a: Whimsicott
|
|-weather|SunnyDay|[upkeep]
|-heal|p2a: Archaludon|63/100|[from] item: Leftovers
|-sideend|p1: Iceman5687|move: Tailwind
|upkeep
|turn|5
|-message|alexejball forfeited.
|
|win|Iceman5687
