|j|☆NBZ-H
|j|☆importarcade
|html|NBZ-Himportarcade    
|uhtml|bestof|Game 1 of a best-of-3
|t:|1784475913
|gametype|doubles
|player|p1|NBZ-H|169|1133
|player|p2|importarcade|ethan|1083
|gen|9
|tier|[Gen 9 Champions] VGC 2026 Reg M-B (Bo3)
|rated|
|rule|Species Clause: Limit one of each Pokémon
|rule|Item Clause: Limit 1 of each item
|clearpoke
|poke|p1|Blastoise, L50, M|
|poke|p1|Incineroar, L50, F|
|poke|p1|Sinistcha, L50|
|poke|p1|Quaquaval, L50, F|
|poke|p1|Raichu, L50, M|
|poke|p1|Sylveon, L50, F|
|poke|p2|Venusaur, L50, M|
|poke|p2|Charizard, L50, M|
|poke|p2|Grimmsnarl, L50, M|
|poke|p2|Archaludon, L50, F|
|poke|p2|Basculegion, L50, M|
|poke|p2|Pelipper, L50, F|
|teampreview|4
|showteam|p1|Blastoise||Blastoisinite|Torrent|WaterSpout,ShellSmash,AuraSphere,WaterPulse|Modest||M|||50|]Incineroar||ChopleBerry|Intimidate|FakeOut,FlareBlitz,PartingShot,DarkestLariat|Adamant||F|||50|]Sinistcha||OccaBerry|Hospitality|ShadowBall,MatchaGotcha,RagePowder,TrickRoom|Modest|||||50|]Quaquaval||LifeOrb|Moxie|AquaStep,AquaJet,CloseCombat,TripleAxel|Jolly||F|||50|]Raichu||RaichuniteY|LightningRod|FakeOut,ZapCannon,FocusBlast,VoltSwitch|Hasty||M|||50|]Sylveon||FairyFeather|Pixilate|HyperVoice,QuickAttack,MysticalFire,Protect|Sassy||F|||50|
|showteam|p2|Venusaur||FocusSash|Chlorophyll|SludgeBomb,EarthPower,SleepPowder,Protect|Modest||M|||50|]Charizard||CharizarditeY|Blaze|Protect,HeatWave,SolarBeam,WeatherBall|Modest||M|||50|]Grimmsnarl||LightClay|Prankster|SpiritBreak,LightScreen,Reflect,PartingShot|Sassy||M|||50|]Archaludon||Leftovers|Stamina|ElectroShot,DragonPulse,FlashCannon,Protect|Calm||F|||50|]Basculegion||ChoiceScarf|Adaptability|WaveCrash,LastRespects,AquaJet,FlipTurn|Jolly||M|||50|]Pelipper||SitrusBerry|Drizzle|Hurricane,WeatherBall,Tailwind,WideGuard|Modest||F|||50|
|inactive|Battle timer is ON: inactive players will automatically lose when time's up. (requested by NBZ-H)
|inactive|importarcade has 60 seconds left.
|
|t:|1784475979
|teamsize|p1|4
|teamsize|p2|4
|start
|switch|p1a: Incineroar|Incineroar, L50, F|100/100
|switch|p1b: Sinistcha|Sinistcha, L50|100/100
|switch|p2a: Charizard|Charizard, L50, M|100/100
|switch|p2b: Venusaur|Venusaur, L50, M|100/100
|-ability|p1a: Incineroar|Intimidate|boost
|-unboost|p2a: Charizard|atk|1
|-unboost|p2b: Venusaur|atk|1
|turn|1
|inactive|importarcade has 30 seconds left.
|
|t:|1784476014
|move|p2a: Charizard|Protect|p2a: Charizard
|-singleturn|p2a: Charizard|Protect
|move|p1a: Incineroar|Fake Out|p2a: Charizard
|-activate|p2a: Charizard|move: Protect
|move|p2b: Venusaur|Earth Power|p1a: Incineroar
|-supereffective|p1a: Incineroar|1
|-damage|p1a: Incineroar|41/100
|move|p1b: Sinistcha|Trick Room|p1b: Sinistcha
|-fieldstart|move: Trick Room|[of] p1b: Sinistcha
|
|upkeep
|turn|2
|
|t:|1784476037
|switch|p1b: Blastoise|Blastoise, L50, M|100/100
|detailschange|p2a: Charizard|Charizard-Mega-Y, L50, M
|-mega|p2a: Charizard|Charizard|Charizardite Y
|-weather|SunnyDay|[from] ability: Drought|[of] p2a: Charizard
|move|p2b: Venusaur|Protect|p2b: Venusaur
|-singleturn|p2b: Venusaur|Protect
|move|p1a: Incineroar|Parting Shot|p2a: Charizard
|-unboost|p2a: Charizard|atk|1
|-unboost|p2a: Charizard|spa|1
|
|t:|1784476049
|switch|p1a: Quaquaval|Quaquaval, L50, F|100/100|[from] Parting Shot
|move|p2a: Charizard|Heat Wave|p1b: Blastoise|[spread] p1a,p1b
|-resisted|p1a: Quaquaval|1
|-resisted|p1b: Blastoise|1
|-damage|p1a: Quaquaval|69/100
|-damage|p1b: Blastoise|80/100
|-status|p1a: Quaquaval|brn
|
|-weather|SunnyDay|[upkeep]
|-damage|p1a: Quaquaval|63/100 brn|[from] brn
|upkeep
|turn|3
|inactive|importarcade has 30 seconds left.
|
|t:|1784476078
|switch|p2a: Archaludon|Archaludon, L50, F|100/100
|detailschange|p1b: Blastoise|Blastoise-Mega, L50, M
|-mega|p1b: Blastoise|Blastoise|Blastoisinite
|move|p1b: Blastoise|Water Spout|p2b: Venusaur|[spread] p2a,p2b
|-resisted|p2a: Archaludon|1
|-resisted|p2b: Venusaur|1
|-damage|p2a: Archaludon|89/100
|-damage|p2b: Venusaur|84/100
|-ability|p2a: Archaludon|Stamina|boost
|-boost|p2a: Archaludon|def|1
|move|p1a: Quaquaval|Triple Axel|p2b: Venusaur
|-supereffective|p2b: Venusaur|1
|-damage|p2b: Venusaur|73/100
|-supereffective|p2b: Venusaur|1
|-damage|p2b: Venusaur|50/100g
|-supereffective|p2b: Venusaur|1
|-damage|p2b: Venusaur|15/100
|-hitcount|p2b: Venusaur|3
|-damage|p1a: Quaquaval|53/100 brn|[from] item: Life Orb
|move|p2b: Venusaur|Sleep Powder|p1b: Blastoise|[miss]
|-miss|p2b: Venusaur|p1b: Blastoise
|
|-weather|SunnyDay|[upkeep]
|-heal|p2a: Archaludon|95/100|[from] item: Leftovers
|-damage|p1a: Quaquaval|47/100 brn|[from] brn
|upkeep
|turn|4
|inactive|NBZ-H has 30 seconds left.
|inactive|importarcade has 30 seconds left.
|inactive|importarcade has 20 seconds left.
|
|t:|1784476115
|switch|p2b: Basculegion|Basculegion, L50, M|100/100
|move|p1b: Blastoise|Aura Sphere|p2a: Archaludon
|-supereffective|p2a: Archaludon|1
|-damage|p2a: Archaludon|7/100
|-ability|p2a: Archaludon|Stamina|boost
|-boost|p2a: Archaludon|def|1
|move|p2a: Archaludon|Dragon Pulse|p1b: Blastoise
|-damage|p1b: Blastoise|48/100
|move|p1a: Quaquaval|Triple Axel|p2b: Basculegion
|-resisted|p2b: Basculegion|1
|-damage|p2b: Basculegion|97/100
|-hitcount|p2b: Basculegion|1
|-damage|p1a: Quaquaval|37/100 brn|[from] item: Life Orb
|
|-weather|SunnyDay|[upkeep]
|-heal|p2a: Archaludon|13/100|[from] item: Leftovers
|-damage|p1a: Quaquaval|31/100 brn|[from] brn
|upkeep
|turn|5
|inactive|NBZ-H has 30 seconds left.
|inactive|importarcade has 30 seconds left.
|
|t:|1784476144
|move|p2a: Archaludon|Protect|p2a: Archaludon
|-singleturn|p2a: Archaludon|Protect
|move|p1b: Blastoise|Shell Smash|p1b: Blastoise
|-unboost|p1b: Blastoise|def|1
|-unboost|p1b: Blastoise|spd|1
|-boost|p1b: Blastoise|atk|2
|-boost|p1b: Blastoise|spa|2
|-boost|p1b: Blastoise|spe|2
|move|p1a: Quaquaval|Close Combat|p2a: Archaludon
|-activate|p2a: Archaludon|move: Protect
|move|p2b: Basculegion|Wave Crash|p1b: Blastoise
|-resisted|p1b: Blastoise|1
|-damage|p1b: Blastoise|25/100
|-damage|p2b: Basculegion|90/100|[from] Recoil
|
|-weather|SunnyDay|[upkeep]
|-heal|p2a: Archaludon|19/100|[from] item: Leftovers
|-damage|p1a: Quaquaval|24/100 brn|[from] brn
|-fieldend|move: Trick Room
|upkeep
|turn|6
|inactive|importarcade has 30 seconds left.
|inactive|NBZ-H has 30 seconds left.
|
|t:|1784476183
|switch|p1a: Sinistcha|Sinistcha, L50|100/100
|-heal|p1b: Blastoise|49/100|[from] ability: Hospitality|[of] p1a: Sinistcha
|switch|p2a: Venusaur|Venusaur, L50, M|15/100
|move|p1b: Blastoise|Water Spout|p2b: Basculegion|[spread] p2a,p2b
|-resisted|p2a: Venusaur|1
|-resisted|p2b: Basculegion|1
|-damage|p2a: Venusaur|0 fnt
|-damage|p2b: Basculegion|71/100
|faint|p2a: Venusaur
|move|p2b: Basculegion|Wave Crash|p1b: Blastoise
|-resisted|p1b: Blastoise|1
|-damage|p1b: Blastoise|27/100
|-damage|p2b: Basculegion|65/100|[from] Recoil
|
|-weather|none
|upkeep
|
|t:|1784476205
|switch|p2a: Charizard|Charizard-Mega-Y, L50, M|100/100
|-weather|SunnyDay|[from] ability: Drought|[of] p2a: Charizard
|turn|7
|
|t:|1784476216
|move|p1a: Sinistcha|Rage Powder|p1a: Sinistcha
|-singleturn|p1a: Sinistcha|move: Rage Powder
|move|p1b: Blastoise|Water Pulse|p2a: Charizard
|-supereffective|p2a: Charizard|1
|-damage|p2a: Charizard|8/100
|move|p2b: Basculegion|Wave Crash|p1a: Sinistcha
|-resisted|p1a: Sinistcha|1
|-damage|p1a: Sinistcha|84/100
|-damage|p2b: Basculegion|60/100|[from] Recoil
|move|p2a: Charizard|Weather Ball|p1a: Sinistcha
|-supereffective|p1a: Sinistcha|1
|-crit|p1a: Sinistcha
|-enditem|p1a: Sinistcha|Occa Berry|[eat]
|-enditem|p1a: Sinistcha|Occa Berry|[weaken]
|-damage|p1a: Sinistcha|0 fnt
|faint|p1a: Sinistcha
|
|-weather|SunnyDay|[upkeep]
|upkeep
|
|t:|1784476230
|switch|p1a: Incineroar|Incineroar, L50, F|41/100
|-ability|p1a: Incineroar|Intimidate|boost
|-unboost|p2a: Charizard|atk|1
|-unboost|p2b: Basculegion|atk|1
|turn|8
|
|t:|1784476253
|move|p2a: Charizard|Protect|p2a: Charizard
|-singleturn|p2a: Charizard|Protect
|move|p1b: Blastoise|Water Spout|p2a: Charizard|[spread] p2b
|-activate|p2a: Charizard|move: Protect
|-resisted|p2b: Basculegion|1
|-damage|p2b: Basculegion|50/100g
|move|p2b: Basculegion|Wave Crash|p1b: Blastoise
|-resisted|p1b: Blastoise|1
|-damage|p1b: Blastoise|12/100
|-damage|p2b: Basculegion|46/100|[from] Recoil
|move|p1a: Incineroar|Darkest Lariat|p2b: Basculegion
|-supereffective|p2b: Basculegion|1
|-damage|p2b: Basculegion|0 fnt
|faint|p2b: Basculegion
|
|-weather|SunnyDay|[upkeep]
|upkeep
|
|t:|1784476267
|switch|p2b: Archaludon|Archaludon, L50, F|19/100
|turn|9
|
|t:|1784476291
|move|p2b: Archaludon|Protect|p2b: Archaludon
|-singleturn|p2b: Archaludon|Protect
|move|p1b: Blastoise|Water Pulse|p2a: Charizard
|-supereffective|p2a: Charizard|1
|-damage|p2a: Charizard|0 fnt
|faint|p2a: Charizard
|move|p1a: Incineroar|Flare Blitz|p2b: Archaludon
|-activate|p2b: Archaludon|move: Protect
|
|-weather|SunnyDay|[upkeep]
|-heal|p2b: Archaludon|25/100|[from] item: Leftovers
|upkeep
|turn|10
|
|t:|1784476304
|move|p1b: Blastoise|Aura Sphere|p2b: Archaludon
|-supereffective|p2b: Archaludon|1
|-damage|p2b: Archaludon|0 fnt
|faint|p2b: Archaludon
|
|win|NBZ-H
||importarcade is ready for game 2.
|inactive|NBZ-H has 30 seconds to confirm battle start!
||NBZ-H is ready for game 2.
|uhtml|next|Next: Game 2 of 3
|l|☆NBZ-H
|player|p1|
