|j|☆Lightning7157
|j|☆Wixums
|html|Lightning7157Wixums    
|uhtml|bestof|Game 1 of a best-of-3
|t:|1783357945
|gametype|doubles
|player|p1|Lightning7157|lucas|1028
|player|p2|Wixums|wicke|1100
|gen|9
|tier|[Gen 9 Champions] VGC 2026 Reg M-B (Bo3)
|rated|
|rule|Species Clause: Limit one of each Pokémon
|rule|Item Clause: Limit 1 of each item
|clearpoke
|poke|p1|Ninetales-Alola, L50, F|
|poke|p1|Beedrill, L50, F|
|poke|p1|Grimmsnarl, L50, M|
|poke|p1|Garchomp, L50, M|
|poke|p1|Rotom-Heat, L50|
|poke|p1|Aegislash, L50, F|
|poke|p2|Swampert, L50, F, shiny|
|poke|p2|Archaludon, L50, M, shiny|
|poke|p2|Pelipper, L50, F, shiny|
|poke|p2|Venusaur, L50, M, shiny|
|poke|p2|Sableye, L50, M, shiny|
|poke|p2|Aegislash, L50, M, shiny|
|teampreview|4
|showteam|p1|Ninetales-Alola||IcyRock|SnowWarning|Blizzard,AuroraVeil,Protect,Encore|Bold||F|||50|]Beedrill||Beedrillite|Sniper|PoisonJab,Uturn,Lunge,Protect|Adamant||F|||50|]Grimmsnarl||LightClay|Prankster|Reflect,LightScreen,FakeOut,SpiritBreak|Serious||M|||50|]Garchomp||LifeOrb|RoughSkin|RockSlide,DragonClaw,StompingTantrum,Protect|Serious||M|||50|]Rotom-Heat||FocusSash|Levitate|WillOWisp,Overheat,VoltSwitch,Thunderbolt|Serious|||||50|]Aegislash||SitrusBerry|StanceChange|KingsShield,Poltergeist,SwordsDance,IronHead|Serious||F|||50|
|showteam|p2|Swampert||Swampertite|Torrent|WaveCrash,HighHorsepower,Earthquake,Protect|Adamant||F|||50|]Archaludon||Leftovers|Stamina|ElectroShot,FlashCannon,DragonPulse,Protect|Modest||M|||50|]Pelipper||FocusSash|Drizzle|WeatherBall,Hurricane,Tailwind,Protect|Timid||F|||50|]Venusaur||Venusaurite|Chlorophyll|GigaDrain,SludgeBomb,EarthPower,Protect|Modest||M|||50|]Sableye||RoseliBerry|Prankster|WillOWisp,Snarl,RainDance,LightScreen|Calm||M|||50|]Aegislash||KasibBerry|StanceChange|Poltergeist,ShadowSneak,CloseCombat,KingsShield|Adamant||M|||50|
|inactive|Battle timer is ON: inactive players will automatically lose when time's up. (requested by Lightning7157)
|
|t:|1783358030
|teamsize|p1|4
|teamsize|p2|4
|start
|switch|p1a: Ninetales|Ninetales-Alola, L50, F|100/100
|switch|p1b: Beedrill|Beedrill, L50, F|100/100
|switch|p2a: Sableye|Sableye, L50, M, shiny|100/100
|switch|p2b: Aegislash|Aegislash, L50, M, shiny|100/100
|-weather|Snowscape|[from] ability: Snow Warning|[of] p1a: Ninetales
|turn|1
|
|t:|1783358047
|switch|p1a: Aegislash|Aegislash, L50, F|100/100
|detailschange|p1b: Beedrill|Beedrill-Mega, L50, F
|-mega|p1b: Beedrill|Beedrill|Beedrillite
|move|p2a: Sableye|Rain Dance|p2a: Sableye
|-weather|RainDance
|move|p1b: Beedrill|U-turn|p2a: Sableye
|-damage|p2a: Sableye|22/100
|
|t:|1783358054
|switch|p1b: Ninetales|Ninetales-Alola, L50, F|100/100|[from] U-turn
|-weather|Snowscape|[from] ability: Snow Warning|[of] p1b: Ninetales
|-formechange|p2b: Aegislash|Aegislash-Blade|
|move|p2b: Aegislash|Poltergeist|p1a: Aegislash
|-activate|p1a: Aegislash|move: Poltergeist|Sitrus Berry
|-supereffective|p1a: Aegislash|1
|-damage|p1a: Aegislash|1/100
|-enditem|p1a: Aegislash|Sitrus Berry|[eat]
|-heal|p1a: Aegislash|26/100|[from] item: Sitrus Berry
|
|-weather|Snowscape|[upkeep]
|upkeep
|turn|2
|inactive|Wixums has 30 seconds left.
|
|t:|1783358081
|-formechange|p2b: Aegislash|Aegislash|
|move|p2b: Aegislash|King's Shield|p2b: Aegislash
|-singleturn|p2b: Aegislash|Protect
|move|p1a: Aegislash|King's Shield|p1a: Aegislash
|-singleturn|p1a: Aegislash|Protect
|move|p2a: Sableye|Light Screen|p2a: Sableye
|-sidestart|p2: Wixums|move: Light Screen
|move|p1b: Ninetales|Blizzard|p2a: Sableye|[spread] p2a
|-activate|p2b: Aegislash|move: Protect
|-damage|p2a: Sableye|3/100
|
|-weather|Snowscape|[upkeep]
|upkeep
|turn|3
|
|t:|1783358099
|switch|p2b: Pelipper|Pelipper, L50, F, shiny|100/100
|-weather|RainDance|[from] ability: Drizzle|[of] p2b: Pelipper
|move|p2a: Sableye|Will-O-Wisp|p1a: Aegislash
|-status|p1a: Aegislash|brn
|move|p1b: Ninetales|Aurora Veil||[still]
|-fail|p1b: Ninetales
|-formechange|p1a: Aegislash|Aegislash-Blade|
|move|p1a: Aegislash|Poltergeist|p2b: Pelipper
|-activate|p2b: Pelipper|move: Poltergeist|Focus Sash
|-damage|p2b: Pelipper|60/100
|
|-weather|RainDance|[upkeep]
|-damage|p1a: Aegislash|20/100y brn|[from] brn
|upkeep
|turn|4
|
|t:|1783358116
|switch|p1a: Beedrill|Beedrill-Mega, L50, F|100/100
|move|p1b: Ninetales|Blizzard|p2a: Sableye|[spread] p2a,p2b
|-damage|p2a: Sableye|0 fnt
|-damage|p2b: Pelipper|32/100
|faint|p2a: Sableye
|move|p2b: Pelipper|Weather Ball|p1b: Ninetales
|-damage|p1b: Ninetales|32/100
|
|-weather|RainDance|[upkeep]
|upkeep
|
|t:|1783358125
|switch|p2a: Aegislash|Aegislash, L50, M, shiny|100/100
|turn|5
|
|t:|1783358141
|switch|p1b: Aegislash|Aegislash, L50, F|20/100y brn
|move|p1a: Beedrill|U-turn|p2b: Pelipper
|-resisted|p2b: Pelipper|1
|-damage|p2b: Pelipper|0 fnt
|faint|p2b: Pelipper
|
|t:|1783358147
|switch|p1a: Ninetales|Ninetales-Alola, L50, F|32/100|[from] U-turn
|-weather|Snowscape|[from] ability: Snow Warning|[of] p1a: Ninetales
|-formechange|p2a: Aegislash|Aegislash-Blade|
|move|p2a: Aegislash|Poltergeist|p1a: Ninetales
|-activate|p1a: Ninetales|move: Poltergeist|Icy Rock
|-damage|p1a: Ninetales|0 fnt
|faint|p1a: Ninetales
|
|-weather|Snowscape|[upkeep]
|-damage|p1b: Aegislash|14/100 brn|[from] brn
|upkeep
|
|t:|1783358162
|switch|p1a: Beedrill|Beedrill-Mega, L50, F|100/100
|switch|p2b: Archaludon|Archaludon, L50, M, shiny|100/100
|turn|6
|
|t:|1783358183
|-formechange|p2a: Aegislash|Aegislash|
|move|p2a: Aegislash|King's Shield|p2a: Aegislash
|-singleturn|p2a: Aegislash|Protect
|move|p1a: Beedrill|Lunge|p2a: Aegislash
|-activate|p2a: Aegislash|move: Protect
|-unboost|p1a: Beedrill|atk|1
|move|p2b: Archaludon|Dragon Pulse|p1b: Aegislash
|-resisted|p1b: Aegislash|1
|-damage|p1b: Aegislash|0 fnt
|faint|p1b: Aegislash
|
|-weather|Snowscape|[upkeep]
|-sideend|p2: Wixums|move: Light Screen
|upkeep
|
|t:|1783358197
|switch|p1b: Rotom|Rotom-Heat, L50|100/100
|turn|7
|
|t:|1783358210
|move|p1a: Beedrill|Lunge|p2a: Aegislash
|-resisted|p2a: Aegislash|2
|-damage|p2a: Aegislash|90/100
|-unboost|p2a: Aegislash|atk|1
|move|p1b: Rotom|Overheat|p2a: Aegislash
|-supereffective|p2a: Aegislash|1
|-damage|p2a: Aegislash|0 fnt
|-unboost|p1b: Rotom|spa|2
|faint|p2a: Aegislash
|move|p2b: Archaludon|Dragon Pulse|p1b: Rotom
|-damage|p1b: Rotom|40/100
|
|-weather|Snowscape|[upkeep]
|upkeep
|turn|8
|
|t:|1783358235
|move|p1a: Beedrill|Lunge|p2b: Archaludon
|-resisted|p2b: Archaludon|1
|-damage|p2b: Archaludon|82/100
|-unboost|p2b: Archaludon|atk|1
|-ability|p2b: Archaludon|Stamina|boost
|-boost|p2b: Archaludon|def|1
|move|p1b: Rotom|Overheat|p2b: Archaludon
|-damage|p2b: Archaludon|55/100
|-unboost|p1b: Rotom|spa|2
|-ability|p2b: Archaludon|Stamina|boost
|-boost|p2b: Archaludon|def|1
|move|p2b: Archaludon|Dragon Pulse|p1b: Rotom
|-damage|p1b: Rotom|0 fnt
|faint|p1b: Rotom
|
|-weather|Snowscape|[upkeep]
|-heal|p2b: Archaludon|61/100|[from] item: Leftovers
|upkeep
|turn|9
|n|!Wixums|wixums
|
|t:|1783358256
|move|p1a: Beedrill|Lunge|p2b: Archaludon
|-resisted|p2b: Archaludon|1
|-damage|p2b: Archaludon|52/100
|-unboost|p2b: Archaludon|atk|1
|-ability|p2b: Archaludon|Stamina|boost
|-boost|p2b: Archaludon|def|1
|move|p2b: Archaludon|Dragon Pulse|p1a: Beedrill
|-damage|p1a: Beedrill|34/100
|
|-weather|Snowscape|[upkeep]
|-heal|p2b: Archaludon|58/100|[from] item: Leftovers
|upkeep
|turn|10
|
|t:|1783358268
|move|p2b: Archaludon|Protect|p2b: Archaludon
|-singleturn|p2b: Archaludon|Protect
|move|p1a: Beedrill|Lunge|p2b: Archaludon
|-activate|p2b: Archaludon|move: Protect
|
|-weather|Snowscape|[upkeep]
|-heal|p2b: Archaludon|65/100|[from] item: Leftovers
|upkeep
|turn|11
|
|t:|1783358275
|move|p1a: Beedrill|Lunge|p2b: Archaludon
|-resisted|p2b: Archaludon|1
|-damage|p2b: Archaludon|58/100
|-unboost|p2b: Archaludon|atk|1
|-ability|p2b: Archaludon|Stamina|boost
|-boost|p2b: Archaludon|def|1
|move|p2b: Archaludon|Dragon Pulse|p1a: Beedrill
|-damage|p1a: Beedrill|0 fnt
|faint|p1a: Beedrill
|
|win|Wixums
