|j|☆higigig
|j|☆Jj18697
|html|higigigJj18697    
|uhtml|bestof|Game 2 of a best-of-3
|t:|1756712544
|gametype|doubles
|player|p1|higigig|sisandbro|1119
|player|p2|Jj18697|2|1014
|gen|9
|tier|[Gen 9] VGC 2025 Reg H (Bo3)
|rated|
|rule|Species Clause: Limit one of each Pokémon
|rule|Item Clause: Limit 1 of each item
|clearpoke
|poke|p1|Sneasler, L50, M|
|poke|p1|Gholdengo, L50|
|poke|p1|Amoonguss, L50, F|
|poke|p1|Incineroar, L50, F|
|poke|p1|Ursaluna-Bloodmoon, L50, M|
|poke|p1|Farigiraf, L50, M|
|poke|p2|Gholdengo, L50|
|poke|p2|Dragonite, L50, M|
|poke|p2|Ninetales-Alola, L50, F|
|poke|p2|Rillaboom, L50, M|
|poke|p2|Arcanine-Hisui, L50, M|
|poke|p2|Sneasler, L50, M|
|teampreview|4
|showteam|p1|Sneasler||ClearAmulet|PoisonTouch|FakeOut,CloseCombat,DireClaw,Protect|||M|||50|,,,,,Water]Gholdengo||MetalCoat|GoodasGold|NastyPlot,MakeItRain,ShadowBall,Protect||||||50|,,,,,Water]Amoonguss||MentalHerb|Regenerator|Spore,RagePowder,PollenPuff,Protect|||F|||50|,,,,,Water]Incineroar||SafetyGoggles|Intimidate|FakeOut,FlareBlitz,KnockOff,PartingShot|||F|||50|,,,,,Ghost]Ursaluna-Bloodmoon||LifeOrb|MindsEye|CalmMind,HyperVoice,EarthPower,BloodMoon|||M|||50|,,,,,Poison]Farigiraf||ThroatSpray|ArmorTail|HyperVoice,Psychic,TrickRoom,Protect|||M|||50|,,,,,Dragon
|showteam|p2|Gholdengo||GrassySeed|GoodasGold|MakeItRain,ShadowBall,NastyPlot,Protect||||||50|,,,,,Water]Dragonite||LoadedDice|Multiscale|ScaleShot,Tailwind,Haze,Protect|||M|||50|,,,,,Fairy]Ninetales-Alola||FocusSash|SnowWarning|AuroraVeil,IcyWind,FreezeDry,Encore|||F|||50|,,,,,Ghost]Rillaboom||AssaultVest|GrassySurge|FakeOut,WoodHammer,GrassyGlide,Uturn|||M|||50|,,,,,Fire]Arcanine-Hisui||ClearAmulet|Intimidate|RockSlide,FlareBlitz,ExtremeSpeed,Protect|||M|||50|,,,,,Water]Sneasler||WhiteHerb|Unburden|DireClaw,CloseCombat,Coaching,Protect|||M|||50|,,,,,Stellar
|inactive|Battle timer is ON: inactive players will automatically lose when time's up. (requested by higigig)
|inactive|Jj18697 also wants the timer to be on.
|inactive|higigig has 60 seconds left.
|
|t:|1756712586
|teamsize|p1|4
|teamsize|p2|4
|start
|switch|p1a: Sneasler|Sneasler, L50, M|100/100
|switch|p1b: Gholdengo|Gholdengo, L50|100/100
|switch|p2a: Rillaboom|Rillaboom, L50, M, shiny|100/100
|switch|p2b: Dragonite|Dragonite, L50, M|100/100
|-fieldstart|move: Grassy Terrain|[from] ability: Grassy Surge|[of] p2a: Rillaboom
|turn|1
|
|t:|1756712606
|switch|p1b: Farigiraf|Farigiraf, L50, M|100/100
|move|p1a: Sneasler|Dire Claw|p2a: Rillaboom
|-supereffective|p2a: Rillaboom
|-damage|p2a: Rillaboom|13/100
|-status|p2a: Rillaboom|psn|[from] ability: Poison Touch|[of] p1a: Sneasler
|move|p2b: Dragonite|Tailwind|p2b: Dragonite
|-sidestart|p2: Jj18697|move: Tailwind
|move|p2a: Rillaboom|U-turn|p1b: Farigiraf
|-supereffective|p1b: Farigiraf
|-damage|p1b: Farigiraf|58/100
|
|t:|1756712618
|switch|p2a: Gholdengo|Gholdengo, L50|100/100|[from] U-turn
|-enditem|p2a: Gholdengo|Grassy Seed
|-boost|p2a: Gholdengo|def|1|[from] item: Grassy Seed
|
|-heal|p1b: Farigiraf|64/100|[from] Grassy Terrain
|upkeep
|turn|2
|
|t:|1756712634
|switch|p1a: Incineroar|Incineroar, L50, F|100/100
|-ability|p1a: Incineroar|Intimidate|boost
|-unboost|p2a: Gholdengo|atk|1
|-unboost|p2b: Dragonite|atk|1
|move|p2a: Gholdengo|Nasty Plot|p2a: Gholdengo
|-boost|p2a: Gholdengo|spa|2
|move|p2b: Dragonite|Scale Shot|p1b: Farigiraf|[miss]
|-miss|p2b: Dragonite|p1b: Farigiraf
|move|p1b: Farigiraf|Trick Room|p1b: Farigiraf
|-fieldstart|move: Trick Room|[of] p1b: Farigiraf
|
|-heal|p1b: Farigiraf|71/100|[from] Grassy Terrain
|upkeep
|turn|3
|
|t:|1756712654
|move|p2b: Dragonite|Protect|p2b: Dragonite
|-singleturn|p2b: Dragonite|Protect
|move|p2a: Gholdengo|Protect|p2a: Gholdengo
|-singleturn|p2a: Gholdengo|Protect
|move|p1a: Incineroar|Fake Out|p2a: Gholdengo
|-activate|p2a: Gholdengo|move: Protect
|move|p1b: Farigiraf|Hyper Voice|p2b: Dragonite|[spread] 
|-activate|p2a: Gholdengo|move: Protect
|-activate|p2b: Dragonite|move: Protect
|
|-heal|p1b: Farigiraf|77/100|[from] Grassy Terrain
|upkeep
|turn|4
|
|t:|1756712675
|-terastallize|p2a: Gholdengo|Water
|move|p1b: Farigiraf|Hyper Voice|p2b: Dragonite|[spread] p2a,p2b
|-damage|p2a: Gholdengo|68/100
|-damage|p2b: Dragonite|84/100
|-enditem|p1b: Farigiraf|Throat Spray
|-boost|p1b: Farigiraf|spa|1|[from] item: Throat Spray
|move|p1a: Incineroar|Knock Off|p2b: Dragonite
|-damage|p2b: Dragonite|34/100
|-enditem|p2b: Dragonite|Loaded Dice|[from] move: Knock Off|[of] p1a: Incineroar
|move|p2b: Dragonite|Scale Shot|p1a: Incineroar
|-damage|p1a: Incineroar|91/100
|-damage|p1a: Incineroar|81/100
|-hitcount|p1a: Incineroar|2
|-unboost|p2b: Dragonite|def|1
|-boost|p2b: Dragonite|spe|1
|move|p2a: Gholdengo|Make It Rain|p1a: Incineroar|[spread] p1a,p1b
|-resisted|p1a: Incineroar
|-damage|p1a: Incineroar|41/100
|-damage|p1b: Farigiraf|0 fnt
|-unboost|p2a: Gholdengo|spa|1
|faint|p1b: Farigiraf
|
|-heal|p1a: Incineroar|47/100|[from] Grassy Terrain
|-heal|p2a: Gholdengo|74/100|[from] Grassy Terrain
|-sideend|p2: Jj18697|move: Tailwind
|upkeep
|
|t:|1756712691
|switch|p1b: Gholdengo|Gholdengo, L50|100/100
|turn|5
|inactive|higigig has 30 seconds left.
|
|t:|1756712717
|move|p2a: Gholdengo|Protect|p2a: Gholdengo
|-singleturn|p2a: Gholdengo|Protect
|move|p1a: Incineroar|Knock Off|p2a: Gholdengo
|-activate|p2a: Gholdengo|move: Protect
|move|p1b: Gholdengo|Nasty Plot|p1b: Gholdengo
|-boost|p1b: Gholdengo|spa|2
|move|p2b: Dragonite|Scale Shot|p1b: Gholdengo
|-resisted|p1b: Gholdengo
|-damage|p1b: Gholdengo|96/100
|-resisted|p1b: Gholdengo
|-damage|p1b: Gholdengo|91/100
|-resisted|p1b: Gholdengo
|-damage|p1b: Gholdengo|87/100
|-hitcount|p1b: Gholdengo|3
|-unboost|p2b: Dragonite|def|1
|-boost|p2b: Dragonite|spe|1
|
|-heal|p1a: Incineroar|52/100|[from] Grassy Terrain
|-heal|p1b: Gholdengo|93/100|[from] Grassy Terrain
|-heal|p2a: Gholdengo|80/100|[from] Grassy Terrain
|-fieldend|move: Grassy Terrain
|upkeep
|turn|6
|
|t:|1756712734
|move|p2b: Dragonite|Protect|p2b: Dragonite
|-singleturn|p2b: Dragonite|Protect
|move|p1a: Incineroar|Knock Off|p2b: Dragonite
|-activate|p2b: Dragonite|move: Protect
|move|p1b: Gholdengo|Shadow Ball|p2a: Gholdengo
|-damage|p2a: Gholdengo|0 fnt
|faint|p2a: Gholdengo
|
|-fieldend|move: Trick Room
|upkeep
|
|t:|1756712742
|switch|p2a: Arcanine|Arcanine-Hisui, L50, M, shiny|100/100
|-ability|p2a: Arcanine|Intimidate|boost
|-unboost|p1a: Incineroar|atk|1
|-unboost|p1b: Gholdengo|atk|1
|turn|7
|
|t:|1756712758
|switch|p1a: Sneasler|Sneasler, L50, M|100/100
|-terastallize|p1b: Gholdengo|Water
|move|p2b: Dragonite|Haze|p2b: Dragonite
|-clearallboost
|move|p2a: Arcanine|Rock Slide|p1a: Sneasler|[spread] p1a,p1b
|-resisted|p1a: Sneasler
|-damage|p1a: Sneasler|79/100
|-damage|p1b: Gholdengo|68/100
|move|p1b: Gholdengo|Make It Rain|p2a: Arcanine|[spread] p2a,p2b
|-damage|p2a: Arcanine|30/100
|-damage|p2b: Dragonite|0 fnt
|-unboost|p1b: Gholdengo|spa|1
|faint|p2b: Dragonite
|
|upkeep
|
|t:|1756712761
|switch|p2b: Rillaboom|Rillaboom, L50, M, shiny|13/100 psn
|-fieldstart|move: Grassy Terrain|[from] ability: Grassy Surge|[of] p2b: Rillaboom
|turn|8
|
|t:|1756712784
|move|p1a: Sneasler|Fake Out|p2b: Rillaboom
|-damage|p2b: Rillaboom|0 fnt
|faint|p2b: Rillaboom
|move|p2a: Arcanine|Rock Slide|p1b: Gholdengo|[spread] p1a,p1b
|-resisted|p1a: Sneasler
|-crit|p1b: Gholdengo
|-damage|p1a: Sneasler|56/100
|-damage|p1b: Gholdengo|27/100
|cant|p1b: Gholdengo|flinch
|
|-heal|p1a: Sneasler|62/100|[from] Grassy Terrain
|-heal|p2a: Arcanine|36/100|[from] Grassy Terrain
|-heal|p1b: Gholdengo|33/100|[from] Grassy Terrain
|upkeep
|turn|9
|
|t:|1756712793
|move|p1a: Sneasler|Close Combat|p2a: Arcanine
|-supereffective|p2a: Arcanine
|-damage|p2a: Arcanine|0 fnt
|-unboost|p1a: Sneasler|def|1
|-unboost|p1a: Sneasler|spd|1
|faint|p2a: Arcanine
|
|win|higigig
|raw|higigig's rating: 1119 → 1137(+18 for winning)
|raw|Jj18697's rating: 1014 → 1005(-9 for losing)
