|j|☆melon7744
|j|☆Hankk1995
|html|melon7744Hankk1995    
|uhtml|bestof|Game 3 of a best-of-3
|t:|1786007135
|gametype|doubles
|player|p1|melon7744|rosa|
|player|p2|Hankk1995|miriam|
|gen|9
|tier|[Gen 9 Champions] VGC 2026 Reg M-B (Bo3)
|rule|Species Clause: Limit one of each Pokémon
|rule|Item Clause: Limit 1 of each item
|clearpoke
|poke|p1|Staraptor, L50, M|
|poke|p1|Garchomp, L50, M|
|poke|p1|Whimsicott, L50, M|
|poke|p1|Delphox, L50, M|
|poke|p1|Glimmora, L50, M|
|poke|p1|Kingambit, L50, M|
|poke|p2|Raichu, L50, F|
|poke|p2|Staraptor, L50, F|
|poke|p2|Arcanine-Hisui, L50, M|
|poke|p2|Farigiraf, L50, M|
|poke|p2|Sylveon, L50, F|
|poke|p2|Kingambit, L50, M|
|teampreview|4
|showteam|p1|Staraptor||Staraptite|Intimidate|Protect,Roost,CloseCombat,BraveBird|Jolly||M|||50|]Garchomp||LifeOrb|RoughSkin|Protect,RockSlide,Earthquake,DragonClaw|Jolly||M|||50|]Whimsicott||OccaBerry|Prankster|Moonblast,Tailwind,Charm,LightScreen|Timid||M|||50|]Delphox||Delphoxite|Magician|Protect,Psychic,HeatWave,Substitute|Timid||M|||50|]Glimmora||FocusSash|ToxicDebris|SpikyShield,SludgeBomb,EarthPower,PowerGem|Timid||M|||50|]Kingambit||ChopleBerry|Defiant|SuckerPunch,LowKick,IronHead,KowtowCleave|Adamant||M|||50|
|showteam|p2|Raichu||RaichuniteY|LightningRod|ZapCannon,FocusBlast,FakeOut,Protect|Timid||F|||50|]Staraptor||Staraptite|Intimidate|CloseCombat,DualWingbeat,Tailwind,Protect|Jolly||F|||50|]Arcanine-Hisui||FocusSash|RockHead|FlareBlitz,HeadSmash,ExtremeSpeed,Protect|Jolly||M|||50|]Farigiraf||SitrusBerry|ArmorTail|Psychic,HelpingHand,TrickRoom,Protect|Calm||M|||50|]Sylveon||FairyFeather|Pixilate|HyperVoice,QuickAttack,HyperBeam,Detect|Modest||F|||50|]Kingambit||LifeOrb|Defiant|KowtowCleave,SuckerPunch,SwordsDance,Protect|Adamant||M|||50|
|
|t:|1786007188
|teamsize|p1|4
|teamsize|p2|4
|start
|switch|p1a: Delphox|Delphox, L50, M|100/100
|switch|p1b: Garchomp|Garchomp, L50, M|100/100
|switch|p2a: Raichu|Raichu, L50, F|100/100
|switch|p2b: Sylveon|Sylveon, L50, F|100/100
|turn|1
|
|t:|1786007240
|detailschange|p2a: Raichu|Raichu-Mega-Y, L50, F
|-mega|p2a: Raichu|Raichu|Raichunite Y
|move|p1b: Garchomp|Protect|p1b: Garchomp
|-singleturn|p1b: Garchomp|Protect
|move|p1a: Delphox|Protect|p1a: Delphox
|-singleturn|p1a: Delphox|Protect
|move|p2a: Raichu|Fake Out|p1a: Delphox
|-activate|p1a: Delphox|move: Protect
|move|p2b: Sylveon|Hyper Voice|p1b: Garchomp|[spread] 
|-activate|p1a: Delphox|move: Protect
|-activate|p1b: Garchomp|move: Protect
|
|upkeep
|turn|2
|
|t:|1786007282
|detailschange|p1a: Delphox|Delphox-Mega, L50, M
|-mega|p1a: Delphox|Delphox|Delphoxite
|move|p2a: Raichu|Protect|p2a: Raichu
|-singleturn|p2a: Raichu|Protect
|move|p1a: Delphox|Psychic|p2b: Sylveon
|-damage|p2b: Sylveon|60/100
|move|p1b: Garchomp|Earthquake|p2b: Sylveon|[spread] p2b
|-activate|p2a: Raichu|move: Protect
|-immune|p1a: Delphox|[from] ability: Levitate
|-damage|p2b: Sylveon|6/100
|-damage|p1b: Garchomp|90/100|[from] item: Life Orb
|move|p2b: Sylveon|Hyper Voice|p1b: Garchomp|[spread] p1a,p1b
|-resisted|p1a: Delphox|1
|-supereffective|p1b: Garchomp|1
|-damage|p1a: Delphox|79/100
|-damage|p1b: Garchomp|0 fnt
|faint|p1b: Garchomp
|
|upkeep
|
|t:|1786007303
|switch|p1b: Glimmora|Glimmora, L50, M|100/100
|turn|3
|
|t:|1786007324
|switch|p2a: Farigiraf|Farigiraf, L50, M|100/100
|move|p2b: Sylveon|Quick Attack|p1b: Glimmora
|-resisted|p1b: Glimmora|1
|-damage|p1b: Glimmora|91/100
|-activate|p1b: Glimmora|ability: Toxic Debris
|-sidestart|p2: Hankk1995|move: Toxic Spikes
|move|p1a: Delphox|Heat Wave|p2b: Sylveon|[spread] p2a,p2b
|-crit|p2a: Farigiraf
|-damage|p2a: Farigiraf|54/100
|-damage|p2b: Sylveon|0 fnt
|faint|p2b: Sylveon
|move|p1b: Glimmora|Earth Power|p2a: Farigiraf
|-damage|p2a: Farigiraf|28/100
|-enditem|p2a: Farigiraf|Sitrus Berry|[eat]
|-heal|p2a: Farigiraf|53/100|[from] item: Sitrus Berry
|
|upkeep
|
|t:|1786007338
|switch|p2b: Raichu|Raichu-Mega-Y, L50, F|100/100
|-status|p2b: Raichu|psn
|turn|4
|
|t:|1786007380
|move|p2b: Raichu|Focus Blast|p1b: Glimmora
|-damage|p1b: Glimmora|39/100
|move|p1a: Delphox|Heat Wave|p2b: Raichu|[spread] p2a,p2b
|-damage|p2a: Farigiraf|18/100
|-damage|p2b: Raichu|50/100g psn
|move|p1b: Glimmora|Sludge Bomb|p2a: Farigiraf
|-damage|p2a: Farigiraf|0 fnt
|faint|p2a: Farigiraf
|
|-damage|p2b: Raichu|38/100 psn|[from] psn
|upkeep
|
|t:|1786007385
|switch|p2a: Kingambit|Kingambit, L50, M|100/100
|turn|5
|
|t:|1786007403
|move|p1b: Glimmora|Spiky Shield|p1b: Glimmora
|-singleturn|p1b: Glimmora|move: Protect
|move|p2a: Kingambit|Sucker Punch||[still]
|-fail|p2a: Kingambit
|move|p2b: Raichu|Zap Cannon|p1a: Delphox
|-damage|p1a: Delphox|22/100
|-status|p1a: Delphox|par
|move|p1a: Delphox|Substitute|p1a: Delphox
|-fail|p1a: Delphox|move: Substitute|[weak]
|
|-damage|p2b: Raichu|26/100 psn|[from] psn
|upkeep
|turn|6
|
|t:|1786007427
|move|p2a: Kingambit|Sucker Punch|p1a: Delphox
|-supereffective|p1a: Delphox|1
|-damage|p1a: Delphox|0 fnt
|faint|p1a: Delphox
|-damage|p2a: Kingambit|90/100|[from] item: Life Orb
|move|p2b: Raichu|Focus Blast|p1b: Glimmora
|-damage|p1b: Glimmora|0 fnt
|faint|p1b: Glimmora
|
|-damage|p2b: Raichu|14/100 psn|[from] psn
|upkeep
|
|t:|1786007430
|switch|p1b: Kingambit|Kingambit, L50, M|100/100
|turn|7
|
|t:|1786007450
|move|p2b: Raichu|Protect|p2b: Raichu
|-singleturn|p2b: Raichu|Protect
|move|p1b: Kingambit|Sucker Punch||[still]
|-fail|p1b: Kingambit
|move|p2a: Kingambit|Swords Dance|p2a: Kingambit
|-boost|p2a: Kingambit|atk|2
|
|-damage|p2b: Raichu|2/100 psn|[from] psn
|upkeep
|turn|8
|
|t:|1786007462
|move|p1b: Kingambit|Sucker Punch|p2b: Raichu
|-damage|p2b: Raichu|0 fnt
|faint|p2b: Raichu
|move|p2a: Kingambit|Kowtow Cleave|p1b: Kingambit
|-resisted|p1b: Kingambit|1
|-damage|p1b: Kingambit|50/100g
|-damage|p2a: Kingambit|80/100|[from] item: Life Orb
|
|upkeep
|turn|9
|
|t:|1786007483
|move|p1b: Kingambit|Low Kick|p2a: Kingambit
|-supereffective|p2a: Kingambit|2
|-damage|p2a: Kingambit|0 fnt
|faint|p2a: Kingambit
|
|win|melon7744
|c|☆Hankk1995|gg
|l|☆melon7744
|player|p1|
|j|☆melon7744
|player|p1|melon7744|rosa|
