|j|☆Luich5
|j|☆3Blackwolf
|html|Luich53Blackwolf    
|uhtml|bestof|Game 2 of a best-of-3
|t:|1757642020
|gametype|doubles
|player|p1|Luich5|lucas-gen4pt|
|player|p2|3Blackwolf|1|
|gen|9
|tier|[Gen 9] VGC 2025 Reg H (Bo3)
|rule|Species Clause: Limit one of each Pokémon
|rule|Item Clause: Limit 1 of each item
|clearpoke
|poke|p1|Rampardos, L50, F|
|poke|p1|Farigiraf, L50, M|
|poke|p1|Ursaluna-Bloodmoon, L50, M|
|poke|p1|Gallade, L50, M|
|poke|p1|Dondozo, L50, M|
|poke|p1|Tatsugiri-Droopy, L50, M|
|poke|p2|Slaking, L50, M|
|poke|p2|Corviknight, L50, F|
|poke|p2|Incineroar, L50, F|
|poke|p2|Weezing-Galar, L50, F|
|poke|p2|Toedscruel, L50, F|
|poke|p2|Kommo-o, L50, M|
|teampreview|4
|showteam|p1|Rampardos||LifeOrb|SheerForce|Earthquake,HeadSmash,IronHead,Protect|||F|||50|,,,,,Ground]Farigiraf||SitrusBerry|ArmorTail|FoulPlay,TrickRoom,HelpingHand,Psychic|||M|||50|,,,,,Dark]Ursaluna-Bloodmoon||AssaultVest|MindsEye|BloodMoon,EarthPower,HyperVoice,VacuumWave|||M|||50|,,,,,Normal]Gallade||RockyHelmet|Sharpness|PsychoCut,SacredSword,TrickRoom,WideGuard|||M|||50|,,,,,Steel]Dondozo||Leftovers|Unaware|WaveCrash,OrderUp,BodyPress,Protect|||M|||50|,,,,,Grass]Tatsugiri-Droopy||ChoiceScarf|Commander|DracoMeteor,HelpingHand,Surf,DragonPulse|||M|||50|,,,,,Dark
|showteam|p2|Slaking||AssaultVest|Truant|SuckerPunch,HighHorsepower,DoubleEdge,PlayRough|||M|||50|,,,,,Ghost]Corviknight||SitrusBerry|MirrorArmor|BraveBird,Uturn,Tailwind,Protect|||F|||50|,,,,,Dragon]Incineroar||AbilityShield|Intimidate|KnockOff,FlareBlitz,PartingShot,FakeOut|||F|||50|,,,,,Ghost]Weezing-Galar||ChoiceSpecs|NeutralizingGas|StrangeSteam,SludgeBomb,DazzlingGleam,Flamethrower|||F|||50|,,,,,Fire]Toedscruel||CovertCloak|MyceliumMight|AcidSpray,EarthPower,RagePowder,Spore|||F|||50|,,,,,Water]Kommo-o||ThroatSpray|Overcoat|ClangorousSoul,ClangingScales,Flamethrower,Protect|||M|||50|,,,,,Fire
|
|t:|1757642063
|teamsize|p1|4
|teamsize|p2|4
|start
|switch|p1a: Farigiraf|Farigiraf, L50, M|100/100
|switch|p1b: Rampardos|Rampardos, L50, F|100/100
|switch|p2a: Weezing|Weezing-Galar, L50, F|100/100
|switch|p2b: Toedscruel|Toedscruel, L50, F|100/100
|-ability|p2a: Weezing|Neutralizing Gas
|turn|1
|j| Eagleknight
|
|t:|1757642099
|move|p1b: Rampardos|Protect|p1b: Rampardos
|-singleturn|p1b: Rampardos|Protect
|move|p2b: Toedscruel|Spore|p1b: Rampardos
|-activate|p1b: Rampardos|move: Protect
|move|p2a: Weezing|Sludge Bomb|p1a: Farigiraf
|-damage|p1a: Farigiraf|52/100
|move|p1a: Farigiraf|Trick Room|p1a: Farigiraf
|-fieldstart|move: Trick Room|[of] p1a: Farigiraf
|
|upkeep
|turn|2
|
|t:|1757642131
|-end|p2a: Weezing|ability: Neutralizing Gas
|switch|p2a: Incineroar|Incineroar, L50, F|100/100
|-ability|p2a: Incineroar|Intimidate|boost
|-unboost|p1a: Farigiraf|atk|1
|-unboost|p1b: Rampardos|atk|1
|-terastallize|p2b: Toedscruel|Water
|move|p1a: Farigiraf|Helping Hand|p1b: Rampardos
|-singleturn|p1b: Rampardos|Helping Hand|[of] p1a: Farigiraf
|move|p1b: Rampardos|Iron Head|p2a: Incineroar
|-resisted|p2a: Incineroar
|-damage|p2a: Incineroar|76/100
|move|p2b: Toedscruel|Spore|p1a: Farigiraf
|-status|p1a: Farigiraf|slp|[from] move: Spore
|
|upkeep
|turn|3
|
|t:|1757642153
|-terastallize|p1b: Rampardos|Ground
|cant|p1a: Farigiraf|slp
|move|p1b: Rampardos|Earthquake|p2b: Toedscruel|[spread] p1a,p2a,p2b
|-supereffective|p2a: Incineroar
|-damage|p1a: Farigiraf|11/100 slp
|-damage|p2a: Incineroar|0 fnt
|-damage|p2b: Toedscruel|44/100
|-enditem|p1a: Farigiraf|Sitrus Berry|[eat]
|-heal|p1a: Farigiraf|36/100 slp|[from] item: Sitrus Berry
|faint|p2a: Incineroar
|-damage|p1b: Rampardos|90/100|[from] item: Life Orb
|move|p2b: Toedscruel|Spore|p1b: Rampardos
|-status|p1b: Rampardos|slp|[from] move: Spore
|
|upkeep
|
|t:|1757642168
|switch|p2a: Kommo-o|Kommo-o, L50, M|100/100
|turn|4
|
|t:|1757642185
|cant|p1b: Rampardos|slp
|-curestatus|p1a: Farigiraf|slp|[msg]
|move|p1a: Farigiraf|Psychic|p2a: Kommo-o
|-supereffective|p2a: Kommo-o
|-damage|p2a: Kommo-o|29/100
|move|p2a: Kommo-o|Clangorous Soul||[still]
|-fail|p2a: Kommo-o
|move|p2b: Toedscruel|Acid Spray|p1b: Rampardos
|-resisted|p1b: Rampardos
|-damage|p1b: Rampardos|85/100 slp
|-unboost|p1b: Rampardos|spd|2
|
|upkeep
|turn|5
|
|t:|1757642214
|move|p2a: Kommo-o|Protect|p2a: Kommo-o
|-singleturn|p2a: Kommo-o|Protect
|cant|p1b: Rampardos|slp
|move|p1a: Farigiraf|Psychic|p2a: Kommo-o
|-activate|p2a: Kommo-o|move: Protect
|move|p2b: Toedscruel|Spore|p1a: Farigiraf
|-status|p1a: Farigiraf|slp|[from] move: Spore
|
|-fieldend|move: Trick Room
|upkeep
|turn|6
|
|t:|1757642230
|move|p2b: Toedscruel|Acid Spray|p1b: Rampardos
|-resisted|p1b: Rampardos
|-damage|p1b: Rampardos|74/100 slp
|-unboost|p1b: Rampardos|spd|2
|move|p2a: Kommo-o|Clanging Scales|p1a: Farigiraf|[spread] p1a,p1b
|-damage|p1a: Farigiraf|2/100 slp
|-damage|p1b: Rampardos|0 fnt
|faint|p1b: Rampardos
|-unboost|p2a: Kommo-o|def|1
|-enditem|p2a: Kommo-o|Throat Spray
|-boost|p2a: Kommo-o|spa|1|[from] item: Throat Spray
|cant|p1a: Farigiraf|slp
|
|upkeep
|
|t:|1757642243
|switch|p1b: Dondozo|Dondozo, L50, M|100/100
|turn|7
|
|t:|1757642253
|switch|p2a: Weezing|Weezing-Galar, L50, F|100/100
|-ability|p2a: Weezing|Neutralizing Gas
|switch|p1a: Tatsugiri|Tatsugiri-Droopy, L50, M|100/100
|move|p1b: Dondozo|Body Press|p2b: Toedscruel
|-damage|p2b: Toedscruel|10/100
|move|p2b: Toedscruel|Spore|p1b: Dondozo
|-status|p1b: Dondozo|slp|[from] move: Spore
|
|upkeep
|turn|8
|
|t:|1757642277
|cant|p1b: Dondozo|slp
|move|p1a: Tatsugiri|Surf|p2a: Weezing|[spread] p1b,p2a,p2b
|-resisted|p1b: Dondozo
|-resisted|p2b: Toedscruel
|-damage|p1b: Dondozo|83/100 slp
|-damage|p2a: Weezing|56/100
|-damage|p2b: Toedscruel|0 fnt
|faint|p2b: Toedscruel
|move|p2a: Weezing|Sludge Bomb|p1b: Dondozo
|-damage|p1b: Dondozo|33/100 slp
|
|-heal|p1b: Dondozo|39/100 slp|[from] item: Leftovers
|upkeep
|
|t:|1757642288
|switch|p2b: Kommo-o|Kommo-o, L50, M|29/100
|turn|9
|
|t:|1757642294
|-curestatus|p1b: Dondozo|slp|[msg]
|move|p1b: Dondozo|Protect|p1b: Dondozo
|-singleturn|p1b: Dondozo|Protect
|move|p1a: Tatsugiri|Surf|p2b: Kommo-o|[spread] p2a,p2b
|-activate|p1b: Dondozo|move: Protect
|-resisted|p2b: Kommo-o
|-damage|p2a: Weezing|15/100
|-damage|p2b: Kommo-o|11/100
|move|p2b: Kommo-o|Clanging Scales|p1a: Tatsugiri|[spread] p1a
|-activate|p1b: Dondozo|move: Protect
|-supereffective|p1a: Tatsugiri
|-damage|p1a: Tatsugiri|0 fnt
|faint|p1a: Tatsugiri
|-unboost|p2b: Kommo-o|def|1
|move|p2a: Weezing|Sludge Bomb|p1b: Dondozo
|-activate|p1b: Dondozo|move: Protect
|
|-heal|p1b: Dondozo|45/100|[from] item: Leftovers
|upkeep
|
|t:|1757642311
|switch|p1a: Farigiraf|Farigiraf, L50, M|2/100 slp
|turn|10
|
|t:|1757642325
|move|p2b: Kommo-o|Clanging Scales|p1b: Dondozo|[spread] p1a,p1b
|-damage|p1a: Farigiraf|0 fnt
|-damage|p1b: Dondozo|11/100
|faint|p1a: Farigiraf
|-unboost|p2b: Kommo-o|def|1
|move|p2a: Weezing|Sludge Bomb|p1b: Dondozo
|-damage|p1b: Dondozo|0 fnt
|faint|p1b: Dondozo
|
|win|3Blackwolf
||Luich5 is ready for game 3.
||3Blackwolf is ready for game 3.
|uhtml|next|Next: Game 3 of 3
