|j|☆ToastTopping
|j|‽SomeKidJon
|html|ToastToppingSomeKidJon    
|uhtml|bestof|Game 2 of a best-of-3
|t:|1784493111
|gametype|doubles
|player|p1|ToastTopping|266|1171
|player|p2|SomeKidJon|scientistf|1216
|gen|9
|tier|[Gen 9 Champions] VGC 2026 Reg M-B (Bo3)
|rated|
|rule|Species Clause: Limit one of each Pokémon
|rule|Item Clause: Limit 1 of each item
|clearpoke
|poke|p1|Delphox, L50, M|
|poke|p1|Sinistcha, L50|
|poke|p1|Aerodactyl, L50, F|
|poke|p1|Kingambit, L50, M|
|poke|p1|Sneasler, L50, F|
|poke|p1|Raichu, L50, F|
|poke|p2|Tyranitar, L50, M|
|poke|p2|Excadrill, L50, F|
|poke|p2|Corviknight, L50, F|
|poke|p2|Basculegion, L50, M|
|poke|p2|Hawlucha, L50, M|
|poke|p2|Incineroar, L50, F|
|teampreview|4
|showteam|p1|Delphox||Delphoxite|Blaze|HeatWave,Psychic,NastyPlot,Protect|Timid||M|||50|]Sinistcha||SitrusBerry|Hospitality|MatchaGotcha,LifeDew,TrickRoom,RagePowder|Calm|||||50|]Aerodactyl||FocusSash|Unnerve|RockSlide,DualWingbeat,Tailwind,WideGuard|Jolly||F|||50|]Kingambit||ChopleBerry|Defiant|KowtowCleave,SuckerPunch,IronHead,Protect|Adamant||M|||50|]Sneasler||WhiteHerb|Unburden|CloseCombat,DireClaw,FakeOut,Protect|Adamant||F|||50|]Raichu||RaichuniteY|LightningRod|ZapCannon,FocusBlast,FakeOut,Protect|Hasty||F|||50|
|showteam|p2|Tyranitar||Tyranitarite|SandStream|Protect,KnockOff,RockSlide,DragonDance|Adamant||M|||50|]Excadrill||LifeOrb|SandRush|IronHead,Protect,HighHorsepower,RockSlide|Adamant||F|||50|]Corviknight||Leftovers|MirrorArmor|BulkUp,Roost,BraveBird,BodyPress|Careful||F|||50|]Basculegion||ChoiceScarf|Adaptability|AquaJet,LastRespects,WaveCrash,FlipTurn|Adamant||M|||50|]Hawlucha||Hawluchanite|MoldBreaker|StoneEdge,Coaching,Protect,CrossChop|Jolly||M|||50|]Incineroar||PasshoBerry|Intimidate|PartingShot,FakeOut,FlareBlitz,ThroatChop|Careful||F|||50|
|
|t:|1784493175
|teamsize|p1|4
|teamsize|p2|4
|start
|switch|p1a: Sneasler|Sneasler, L50, F|100/100
|switch|p1b: Aerodactyl|Aerodactyl, L50, F|100/100
|switch|p2a: Tyranitar|Tyranitar, L50, M|100/100
|switch|p2b: Basculegion|Basculegion, L50, M|100/100
|-ability|p1b: Aerodactyl|Unnerve
|-weather|Sandstorm|[from] ability: Sand Stream|[of] p2a: Tyranitar
|turn|1
|
|t:|1784493191
|move|p1a: Sneasler|Protect|p1a: Sneasler
|-singleturn|p1a: Sneasler|Protect
|move|p1b: Aerodactyl|Tailwind|p1b: Aerodactyl
|-sidestart|p1: ToastTopping|move: Tailwind
|move|p2b: Basculegion|Wave Crash|p1a: Sneasler
|-activate|p1a: Sneasler|move: Protect
|move|p2a: Tyranitar|Dragon Dance|p2a: Tyranitar
|-boost|p2a: Tyranitar|atk|1
|-boost|p2a: Tyranitar|spe|1
|
|-weather|Sandstorm|[upkeep]
|-damage|p1a: Sneasler|94/100|[from] Sandstorm
|-damage|p2b: Basculegion|93/100|[from] Sandstorm
|upkeep
|turn|2
|
|t:|1784493213
|switch|p1b: Sinistcha|Sinistcha, L50|100/100
|-heal|p1a: Sneasler|100/100|[from] ability: Hospitality|[of] p1b: Sinistcha
|move|p2a: Tyranitar|Protect|p2a: Tyranitar
|-singleturn|p2a: Tyranitar|Protect
|move|p1a: Sneasler|Close Combat|p2a: Tyranitar
|-activate|p2a: Tyranitar|move: Protect
|move|p2b: Basculegion|Wave Crash|p1a: Sneasler
|-damage|p1a: Sneasler|0 fnt
|faint|p1a: Sneasler
|-damage|p2b: Basculegion|67/100|[from] Recoil
|
|-weather|Sandstorm|[upkeep]
|-damage|p2b: Basculegion|61/100|[from] Sandstorm
|-damage|p1b: Sinistcha|93/100|[from] Sandstorm
|upkeep
|
|t:|1784493219
|switch|p1a: Raichu|Raichu, L50, F|100/100
|turn|3
|
|t:|1784493242
|switch|p2b: Excadrill|Excadrill, L50, F|100/100
|switch|p2a: Hawlucha|Hawlucha, L50, M|100/100
|-ability|p2a: Hawlucha|Mold Breaker
|detailschange|p1a: Raichu|Raichu-Mega-Y, L50, F
|-mega|p1a: Raichu|Raichu|Raichunite Y
|move|p1a: Raichu|Focus Blast|p2a: Hawlucha
|-resisted|p2a: Hawlucha|1
|-damage|p2a: Hawlucha|58/100
|move|p1b: Sinistcha|Matcha Gotcha|p2b: Excadrill|[spread] p2a,p2b
|-resisted|p2a: Hawlucha|1
|-damage|p2a: Hawlucha|36/100
|-heal|p1b: Sinistcha|100/100|[from] drain|[of] p2a: Hawlucha
|-damage|p2b: Excadrill|64/100
|
|-weather|Sandstorm|[upkeep]
|-damage|p1a: Raichu|94/100|[from] Sandstorm
|-damage|p2a: Hawlucha|30/100|[from] Sandstorm
|-damage|p1b: Sinistcha|93/100|[from] Sandstorm
|upkeep
|turn|4
|
|t:|1784493266
|move|p2b: Excadrill|Protect|p2b: Excadrill
|-singleturn|p2b: Excadrill|Protect
|move|p1b: Sinistcha|Rage Powder|p1b: Sinistcha
|-singleturn|p1b: Sinistcha|move: Rage Powder
|move|p1a: Raichu|Focus Blast|p2b: Excadrill
|-activate|p2b: Excadrill|move: Protect
|move|p2a: Hawlucha|Coaching|p2b: Excadrill
|-boost|p2b: Excadrill|atk|1
|-boost|p2b: Excadrill|def|1
|
|-weather|Sandstorm|[upkeep]
|-damage|p1a: Raichu|88/100|[from] Sandstorm
|-damage|p2a: Hawlucha|25/100|[from] Sandstorm
|-damage|p1b: Sinistcha|87/100|[from] Sandstorm
|-sideend|p1: ToastTopping|move: Tailwind
|upkeep
|turn|5
|
|t:|1784493283
|move|p1a: Raichu|Protect|p1a: Raichu
|-singleturn|p1a: Raichu|Protect
|move|p2b: Excadrill|Rock Slide|p1b: Sinistcha|[spread] p1b
|-activate|p1a: Raichu|move: Protect
|-damage|p1b: Sinistcha|49/100
|-enditem|p1b: Sinistcha|Sitrus Berry|[eat]
|-heal|p1b: Sinistcha|74/100|[from] item: Sitrus Berry
|-damage|p2b: Excadrill|55/100|[from] item: Life Orb
|move|p2a: Hawlucha|Coaching|p2b: Excadrill
|-boost|p2b: Excadrill|atk|1
|-boost|p2b: Excadrill|def|1
|move|p1b: Sinistcha|Matcha Gotcha|p2b: Excadrill|[spread] p2a,p2b
|-resisted|p2a: Hawlucha|1
|-damage|p2a: Hawlucha|5/100
|-heal|p1b: Sinistcha|83/100|[from] drain|[of] p2a: Hawlucha
|-damage|p2b: Excadrill|22/100
|-heal|p1b: Sinistcha|100/100|[from] drain|[of] p2b: Excadrill
|
|-weather|none
|upkeep
|turn|6
|
|t:|1784493311
|switch|p2a: Tyranitar|Tyranitar, L50, M|100/100
|-weather|Sandstorm|[from] ability: Sand Stream|[of] p2a: Tyranitar
|move|p2b: Excadrill|Iron Head|p1b: Sinistcha
|-damage|p1b: Sinistcha|0 fnt
|faint|p1b: Sinistcha
|-damage|p2b: Excadrill|12/100|[from] item: Life Orb
|move|p1a: Raichu|Focus Blast|p2b: Excadrill
|-supereffective|p2b: Excadrill|1
|-damage|p2b: Excadrill|0 fnt
|faint|p2b: Excadrill
|
|-weather|Sandstorm|[upkeep]
|-damage|p1a: Raichu|82/100|[from] Sandstorm
|upkeep
|
|t:|1784493318
|switch|p2b: Basculegion|Basculegion, L50, M|61/100
|switch|p1b: Aerodactyl|Aerodactyl, L50, F|100/100
|-ability|p1b: Aerodactyl|Unnerve
|turn|7
|
|t:|1784493339
|move|p2b: Basculegion|Aqua Jet|p1a: Raichu
|-damage|p1a: Raichu|14/100
|move|p1b: Aerodactyl|Rock Slide|p2a: Tyranitar|[spread] p2a,p2b
|-damage|p2a: Tyranitar|80/100
|-damage|p2b: Basculegion|29/100
|move|p1a: Raichu|Zap Cannon|p2b: Basculegion
|-supereffective|p2b: Basculegion|1
|-damage|p2b: Basculegion|0 fnt
|faint|p2b: Basculegion
|cant|p2a: Tyranitar|flinch
|
|-weather|Sandstorm|[upkeep]
|-damage|p1a: Raichu|8/100|[from] Sandstorm
|upkeep
|
|t:|1784493341
|switch|p2b: Hawlucha|Hawlucha, L50, M|5/100
|-ability|p2b: Hawlucha|Mold Breaker
|turn|8
|
|t:|1784493352
|detailschange|p2b: Hawlucha|Hawlucha-Mega, L50, M
|-mega|p2b: Hawlucha|Hawlucha|Hawluchanite
|move|p1a: Raichu|Focus Blast|p2a: Tyranitar
|-supereffective|p2a: Tyranitar|2
|-crit|p2a: Tyranitar
|-damage|p2a: Tyranitar|0 fnt
|faint|p2a: Tyranitar
|move|p1b: Aerodactyl|Rock Slide|p2b: Hawlucha
|-damage|p2b: Hawlucha|0 fnt
|faint|p2b: Hawlucha
|
|win|ToastTopping
|raw|ToastTopping's rating: 1171 → 1199(+28 for winning)
|raw|SomeKidJon's rating: 1216 → 1188(-28 for losing)
