|j|☆TobiYume
|j|☆mr.pickup
|html|TobiYumemr.pickup    
|uhtml|bestof|Game 1 of a best-of-3
|t:|1757186191
|gametype|doubles
|player|p1|TobiYume|roxie|1150
|player|p2|mr.pickup|pokemaniac|1220
|gen|9
|tier|[Gen 9] VGC 2025 Reg H (Bo3)
|rated|
|rule|Species Clause: Limit one of each Pokémon
|rule|Item Clause: Limit 1 of each item
|clearpoke
|poke|p1|Garchomp, L50, M|
|poke|p1|Talonflame, L50, F|
|poke|p1|Sylveon, L50, F|
|poke|p1|Tyranitar, L50, M|
|poke|p1|Decidueye-Hisui, L50, F|
|poke|p1|Gholdengo, L50|
|poke|p2|Gallade, L50, M|
|poke|p2|Indeedee-F, L50, F|
|poke|p2|Dragapult, L50, M|
|poke|p2|Whimsicott, L50, F|
|poke|p2|Ursaluna-Bloodmoon, L50, M|
|poke|p2|Typhlosion, L50, F|
|teampreview|4
|showteam|p1|Garchomp||LifeOrb|RoughSkin|DragonClaw,StompingTantrum,Earthquake,Protect|||M|||50|,,,,,Steel]Talonflame||CovertCloak|GaleWings|Tailwind,WillOWisp,BraveBird,Taunt|||F|||50|,,,,,Grass]Sylveon||ThroatSpray|Pixilate|HyperVoice,HyperBeam,TeraBlast,Protect|||F|||50|,,,,,Water]Tyranitar||AssaultVest|SandStream|RockSlide,KnockOff,TeraBlast,LowKick|||M|||50|,,,,,Flying]Decidueye-Hisui||RazorClaw|Scrappy|TripleArrows,LeafBlade,SuckerPunch,Protect|||F|||50|,,,,,Fire]Gholdengo||Leftovers|GoodasGold|MakeItRain,ShadowBall,NastyPlot,Protect||||||50|,,,,,Dragon
|showteam|p2|Gallade||ClearAmulet|Sharpness|TrickRoom,PsychoCut,SacredSword,WideGuard|||M|||50|,,,,,Fighting]Indeedee-F||RockyHelmet|PsychicSurge|FollowMe,TrickRoom,Protect,Psychic|||F|||50|,,,,,Fairy]Dragapult||ChoiceBand|ClearBody|DragonDarts,Outrage,Uturn,PhantomForce|||M|||50|,,,,,Dragon]Whimsicott||CovertCloak|Prankster|SunnyDay,Moonblast,Encore,Tailwind|||F|||50|,,,,,Water]Ursaluna-Bloodmoon||AssaultVest|MindsEye|HyperVoice,BloodMoon,EarthPower,Snarl|||M|||50|,,,,,Normal]Typhlosion||ChoiceSpecs|FlashFire|HeatWave,Eruption,ScorchingSands,ShadowBall|||F|||50|,,,,,Fire
|inactive|Battle timer is ON: inactive players will automatically lose when time's up. (requested by mr.pickup)
|inactive|TobiYume has 60 seconds left.
|inactive|TobiYume has 30 seconds left.
|
|t:|1757186255
|teamsize|p1|4
|teamsize|p2|4
|start
|switch|p1a: Elie|Talonflame, L50, F|100/100
|switch|p1b: Lloyd|Garchomp, L50, M|100/100
|switch|p2a: IndeedeeIndeede|Indeedee-F, L50, F|100/100
|switch|p2b: Germy long nail|Gallade, L50, M|100/100
|-fieldstart|move: Psychic Terrain|[from] ability: Psychic Surge|[of] p2a: IndeedeeIndeede
|turn|1
|
|t:|1757186273
|-terastallize|p2a: IndeedeeIndeede|Fairy
|move|p2a: IndeedeeIndeede|Follow Me|p2a: IndeedeeIndeede
|-singleturn|p2a: IndeedeeIndeede|move: Follow Me
|move|p1a: Elie|Taunt|p2a: IndeedeeIndeede
|-start|p2a: IndeedeeIndeede|move: Taunt
|move|p1b: Lloyd|Earthquake|p2b: Germy long nail|[spread] p2a,p2b
|-immune|p1a: Elie
|-damage|p2a: IndeedeeIndeede|53/100
|-damage|p2b: Germy long nail|28/100
|-damage|p1b: Lloyd|91/100|[from] item: Life Orb
|move|p2b: Germy long nail|Trick Room|p2b: Germy long nail
|-fieldstart|move: Trick Room|[of] p2b: Germy long nail
|
|upkeep
|turn|2
|inactive|TobiYume has 30 seconds left.
|
|t:|1757186303
|move|p1b: Lloyd|Protect|p1b: Lloyd
|-singleturn|p1b: Lloyd|Protect
|move|p2b: Germy long nail|Psycho Cut|p1a: Elie
|-damage|p1a: Elie|14/100
|move|p2a: IndeedeeIndeede|Psychic|p1a: Elie
|-damage|p1a: Elie|0 fnt
|faint|p1a: Elie
|
|upkeep
|
|t:|1757186313
|switch|p1a: Randy|Tyranitar, L50, M|100/100
|-weather|Sandstorm|[from] ability: Sand Stream|[of] p1a: Randy
|turn|3
|
|t:|1757186323
|-terastallize|p1a: Randy|Flying
|move|p2b: Germy long nail|Sacred Sword|p1a: Randy
|-resisted|p1a: Randy
|-damage|p1a: Randy|69/100
|move|p1a: Randy|Rock Slide|p2a: IndeedeeIndeede|[spread] p2a,p2b
|-resisted|p2b: Germy long nail
|-damage|p2a: IndeedeeIndeede|20/100
|-damage|p2b: Germy long nail|6/100
|cant|p2a: IndeedeeIndeede|flinch
|move|p1b: Lloyd|Earthquake|p2b: Germy long nail|[spread] p2a,p2b
|-immune|p1a: Randy
|-damage|p2a: IndeedeeIndeede|0 fnt
|-damage|p2b: Germy long nail|0 fnt
|faint|p2a: IndeedeeIndeede
|faint|p2b: Germy long nail
|-damage|p1b: Lloyd|81/100|[from] item: Life Orb
|
|-weather|Sandstorm|[upkeep]
|-damage|p1a: Randy|63/100|[from] Sandstorm
|upkeep
|
|t:|1757186335
|switch|p2b: Freddy freak bear|Ursaluna-Bloodmoon, L50, M|100/100
|switch|p2a: Datthew|Dragapult, L50, M|100/100
|turn|4
|inactive|TobiYume has 30 seconds left.
|
|t:|1757186365
|move|p1a: Randy|Knock Off|p2b: Freddy freak bear
|-damage|p2b: Freddy freak bear|60/100
|-enditem|p2b: Freddy freak bear|Assault Vest|[from] move: Knock Off|[of] p1a: Randy
|move|p2b: Freddy freak bear|Blood Moon|p1a: Randy
|-damage|p1a: Randy|18/100
|move|p1b: Lloyd|Earthquake|p2a: Datthew|[spread] p2a,p2b
|-immune|p1a: Randy
|-damage|p2a: Datthew|31/100
|-damage|p2b: Freddy freak bear|17/100
|-damage|p1b: Lloyd|71/100|[from] item: Life Orb
|move|p2a: Datthew|Phantom Force||[still]
|-prepare|p2a: Datthew|Phantom Force
|
|-weather|Sandstorm|[upkeep]
|-damage|p1a: Randy|12/100|[from] Sandstorm
|-damage|p2a: Datthew|24/100|[from] Sandstorm
|upkeep
|turn|5
|
|t:|1757186382
|move|p1a: Randy|Low Kick|p2b: Freddy freak bear
|-supereffective|p2b: Freddy freak bear
|-damage|p2b: Freddy freak bear|0 fnt
|faint|p2b: Freddy freak bear
|move|p1b: Lloyd|Dragon Claw|p2a: Datthew|[miss]
|-miss|p1b: Lloyd|p2a: Datthew
|move|p2a: Datthew|Phantom Force|p1a: Randy|[from] lockedmove
|-damage|p1a: Randy|0 fnt
|faint|p1a: Randy
|
|-weather|Sandstorm|[upkeep]
|-damage|p2a: Datthew|18/100|[from] Sandstorm
|-fieldend|move: Trick Room
|-fieldend|move: Psychic Terrain
|upkeep
|
|t:|1757186390
|switch|p1a: Tio|Sylveon, L50, F|100/100
|turn|6
|
|t:|1757186396
|move|p2a: Datthew|Phantom Force||[still]
|-prepare|p2a: Datthew|Phantom Force
|move|p1b: Lloyd|Dragon Claw|p2a: Datthew|[miss]
|-miss|p1b: Lloyd|p2a: Datthew
|move|p1a: Tio|Hyper Voice|p2a: Datthew|[miss]
|-miss|p1a: Tio|p2a: Datthew
|
|-weather|Sandstorm|[upkeep]
|-damage|p2a: Datthew|12/100|[from] Sandstorm
|-damage|p1a: Tio|95/100|[from] Sandstorm
|upkeep
|turn|7
|
|t:|1757186400
|move|p2a: Datthew|Phantom Force|p1a: Tio|[from] lockedmove
|-damage|p1a: Tio|16/100
|move|p1b: Lloyd|Dragon Claw|p2a: Datthew
|-supereffective|p2a: Datthew
|-damage|p2a: Datthew|0 fnt
|faint|p2a: Datthew
|-damage|p1b: Lloyd|61/100|[from] item: Life Orb
|
|win|TobiYume
||mr.pickup is ready for game 2.
||TobiYume is ready for game 2.
|uhtml|next|Next: Game 2 of 3
