|j|☆moicito
|j|☆VGCPancakes
|html|moicitoVGCPancakes    
|uhtml|bestof|Game 1 of a best-of-3
|t:|1756780588
|gametype|doubles
|player|p1|moicito|caitlin|1154
|player|p2|VGCPancakes|dawn-gen4pt|1071
|gen|9
|tier|[Gen 9] VGC 2025 Reg H (Bo3)
|rated|
|rule|Species Clause: Limit one of each Pokémon
|rule|Item Clause: Limit 1 of each item
|clearpoke
|poke|p1|Incineroar, L50, M|
|poke|p1|Rillaboom, L50, F|
|poke|p1|Ursaluna-Bloodmoon, L50, M|
|poke|p1|Sneasler, L50, F|
|poke|p1|Dragonite, L50, F|
|poke|p1|Gholdengo, L50|
|poke|p2|Torkoal, L50, M|
|poke|p2|Jumpluff, L50, F|
|poke|p2|Archaludon, L50, M|
|poke|p2|Typhlosion-Hisui, L50, F|
|poke|p2|Gastrodon, L50, F|
|poke|p2|Meowscarada, L50, M|
|teampreview|4
|showteam|p1|Incineroar||SafetyGoggles|Intimidate|FlareBlitz,KnockOff,FakeOut,PartingShot|||M|||50|,,,,,Ghost]Rillaboom||AssaultVest|GrassySurge|WoodHammer,GrassyGlide,HighHorsepower,FakeOut|||F|||50|,,,,,Fire]Ursaluna-Bloodmoon||Leftovers|MindsEye|BloodMoon,HyperVoice,EarthPower,Protect|||M|||50|,,,,,Electric]Sneasler||FocusSash|PoisonTouch|CloseCombat,DireClaw,Coaching,FakeOut|||F|||50|,,,,,Stellar]Dragonite||LoadedDice|Multiscale|ScaleShot,Haze,ExtremeSpeed,Protect|||F|||50|,,,,,Fairy]Gholdengo||LifeOrb|GoodasGold|NastyPlot,MakeItRain,ShadowBall,Protect||||||50|,,,,,Water
|showteam|p2|Torkoal||EjectPack|Drought|Protect,Overheat,EarthPower,HelpingHand|||M|||50|,,,,,Fire]Jumpluff||CovertCloak|Chlorophyll|Tailwind,RagePowder,SleepPowder,PollenPuff|||F|||50|,,,,,Dark]Archaludon||AssaultVest|Stamina|ElectroShot,DragonPulse,BodyPress,Snarl|||M|||50|,,,,,Bug]Typhlosion-Hisui||ChoiceScarf|Blaze|Eruption,ShadowBall,HeatWave,Overheat|||F|||50|,,,,,Fire]Gastrodon||Leftovers|StormDrain|Protect,Yawn,IcyWind,EarthPower|||F|||50|,,,,,Grass]Meowscarada||ChoiceBand|Protean|FlowerTrick,KnockOff,SuckerPunch,Uturn|||M|||50|,,,,,Grass
|
|t:|1756780647
|teamsize|p1|4
|teamsize|p2|4
|start
|switch|p1a: Changuito|Rillaboom, L50, F, shiny|100/100
|switch|p1b: Gatito|Incineroar, L50, M|100/100
|switch|p2a: Torkoal|Torkoal, L50, M|100/100
|switch|p2b: Typhlosion|Typhlosion-Hisui, L50, F|100/100
|-fieldstart|move: Grassy Terrain|[from] ability: Grassy Surge|[of] p1a: Changuito
|-ability|p1b: Gatito|Intimidate|boost
|-unboost|p2a: Torkoal|atk|1
|-unboost|p2b: Typhlosion|atk|1
|-weather|SunnyDay|[from] ability: Drought|[of] p2a: Torkoal
|-enditem|p2a: Torkoal|Eject Pack
|
|t:|1756780663
|switch|p2a: Jumpluff|Jumpluff, L50, F|100/100
|turn|1
|
|t:|1756780687
|-terastallize|p2b: Typhlosion|Fire
|-terastallize|p1a: Changuito|Fire
|move|p2a: Jumpluff|Tailwind|p2a: Jumpluff
|-sidestart|p2: VGCPancakes|move: Tailwind
|move|p2b: Typhlosion|Eruption|p1b: Gatito|[spread] p1a,p1b
|-resisted|p1a: Changuito
|-resisted|p1b: Gatito
|-damage|p1a: Changuito|59/100
|-damage|p1b: Gatito|39/100
|move|p1a: Changuito|High Horsepower|p2b: Typhlosion
|-supereffective|p2b: Typhlosion
|-damage|p2b: Typhlosion|11/100
|move|p1b: Gatito|Knock Off|p2b: Typhlosion
|-damage|p2b: Typhlosion|0 fnt
|-enditem|p2b: Typhlosion|Choice Scarf|[from] move: Knock Off|[of] p1b: Gatito
|faint|p2b: Typhlosion
|
|-weather|SunnyDay|[upkeep]
|-heal|p1a: Changuito|65/100|[from] Grassy Terrain
|-heal|p1b: Gatito|45/100|[from] Grassy Terrain
|upkeep
|
|t:|1756780696
|switch|p2b: Torkoal|Torkoal, L50, M|100/100
|turn|2
|
|t:|1756780728
|move|p2a: Jumpluff|Sleep Powder|p1a: Changuito
|-status|p1a: Changuito|slp|[from] move: Sleep Powder
|cant|p1a: Changuito|slp
|move|p1b: Gatito|Parting Shot|p2b: Torkoal
|-unboost|p2b: Torkoal|atk|1
|-unboost|p2b: Torkoal|spa|1
|
|t:|1756780737
|switch|p1b: Osito|Ursaluna-Bloodmoon, L50, M|100/100|[from] Parting Shot
|move|p2b: Torkoal|Earth Power|p1b: Osito
|-damage|p1b: Osito|84/100
|
|-weather|SunnyDay|[upkeep]
|-heal|p1a: Changuito|71/100 slp|[from] Grassy Terrain
|-heal|p1b: Osito|90/100|[from] Grassy Terrain
|-heal|p1b: Osito|97/100|[from] item: Leftovers
|upkeep
|turn|3
|
|t:|1756780753
|switch|p1b: Gatito|Incineroar, L50, M|45/100
|-ability|p1b: Gatito|Intimidate|boost
|-unboost|p2a: Jumpluff|atk|1
|-unboost|p2b: Torkoal|atk|1
|switch|p2b: Meowscarada|Meowscarada, L50, M|100/100
|move|p2a: Jumpluff|Sleep Powder|p1b: Gatito
|-activate|p1b: Gatito|item: Safety Goggles|Sleep Powder
|cant|p1a: Changuito|slp
|
|-weather|SunnyDay|[upkeep]
|-heal|p1a: Changuito|77/100 slp|[from] Grassy Terrain
|-heal|p1b: Gatito|52/100|[from] Grassy Terrain
|upkeep
|turn|4
|
|t:|1756780785
|switch|p2a: Torkoal|Torkoal, L50, M|100/100
|move|p2b: Meowscarada|U-turn|p1b: Gatito
|-start|p2b: Meowscarada|typechange|Bug|[from] ability: Protean
|-damage|p1b: Gatito|3/100
|
|t:|1756780791
|switch|p2b: Jumpluff|Jumpluff, L50, F|100/100|[from] U-turn
|cant|p1a: Changuito|slp
|move|p1b: Gatito|Knock Off|p2a: Torkoal
|-damage|p2a: Torkoal|78/100
|
|-weather|SunnyDay|[upkeep]
|-heal|p1a: Changuito|83/100 slp|[from] Grassy Terrain
|-heal|p1b: Gatito|9/100|[from] Grassy Terrain
|-heal|p2a: Torkoal|85/100|[from] Grassy Terrain
|-sideend|p2: VGCPancakes|move: Tailwind
|upkeep
|turn|5
|
|t:|1756780806
|move|p2b: Jumpluff|Rage Powder|p2b: Jumpluff
|-singleturn|p2b: Jumpluff|move: Rage Powder
|-curestatus|p1a: Changuito|slp|[msg]
|move|p1a: Changuito|High Horsepower|p2b: Jumpluff
|-immune|p2b: Jumpluff
|move|p1b: Gatito|Parting Shot|p2a: Torkoal
|-unboost|p2a: Torkoal|atk|1
|-unboost|p2a: Torkoal|spa|1
|
|t:|1756780815
|switch|p1b: Osito|Ursaluna-Bloodmoon, L50, M|97/100|[from] Parting Shot
|move|p2a: Torkoal|Earth Power|p1a: Changuito
|-supereffective|p1a: Changuito
|-damage|p1a: Changuito|66/100
|
|-weather|none
|-heal|p1a: Changuito|72/100|[from] Grassy Terrain
|-heal|p1b: Osito|100/100|[from] Grassy Terrain
|-heal|p2a: Torkoal|91/100|[from] Grassy Terrain
|-fieldend|move: Grassy Terrain
|upkeep
|turn|6
|
|t:|1756780845
|switch|p2a: Meowscarada|Meowscarada, L50, M|100/100
|move|p2b: Jumpluff|Sleep Powder|p1b: Osito
|-status|p1b: Osito|slp|[from] move: Sleep Powder
|move|p1a: Changuito|Wood Hammer|p2b: Jumpluff
|-resisted|p2b: Jumpluff
|-damage|p2b: Jumpluff|79/100
|-damage|p1a: Changuito|66/100|[from] Recoil
|cant|p1b: Osito|slp
|
|upkeep
|turn|7
|
|t:|1756780868
|switch|p1a: Monederito|Gholdengo, L50|100/100
|switch|p1b: Gatito|Incineroar, L50, M|9/100
|-ability|p1b: Gatito|Intimidate|boost
|-unboost|p2a: Meowscarada|atk|1
|-unboost|p2b: Jumpluff|atk|1
|move|p2a: Meowscarada|Flower Trick|p1b: Gatito
|-start|p2a: Meowscarada|typechange|Grass|[from] ability: Protean
|-resisted|p1b: Gatito
|-crit|p1b: Gatito
|-damage|p1b: Gatito|0 fnt
|faint|p1b: Gatito
|move|p2b: Jumpluff|Sleep Powder|p1a: Monederito
|-immune|p1a: Monederito|[from] ability: Good as Gold
|
|upkeep
|
|t:|1756780884
|switch|p1b: Changuito|Rillaboom, L50, F, shiny, tera:Fire|66/100
|-fieldstart|move: Grassy Terrain|[from] ability: Grassy Surge|[of] p1b: Changuito
|turn|8
|
|t:|1756780915
|switch|p2a: Torkoal|Torkoal, L50, M|91/100
|-weather|SunnyDay|[from] ability: Drought|[of] p2a: Torkoal
|move|p1b: Changuito|Fake Out|p2a: Torkoal
|-damage|p2a: Torkoal|81/100
|move|p2b: Jumpluff|Sleep Powder|p1b: Changuito
|-status|p1b: Changuito|slp|[from] move: Sleep Powder
|move|p1a: Monederito|Make It Rain|p2a: Torkoal|[spread] p2a,p2b
|-resisted|p2a: Torkoal
|-damage|p2a: Torkoal|54/100
|-damage|p2b: Jumpluff|14/100
|-unboost|p1a: Monederito|spa|1
|-damage|p1a: Monederito|91/100|[from] item: Life Orb
|
|-weather|SunnyDay|[upkeep]
|-heal|p1a: Monederito|97/100|[from] Grassy Terrain
|-heal|p1b: Changuito|72/100 slp|[from] Grassy Terrain
|-heal|p2a: Torkoal|60/100|[from] Grassy Terrain
|upkeep
|turn|9
|
|t:|1756780951
|move|p2b: Jumpluff|Tailwind|p2b: Jumpluff
|-sidestart|p2: VGCPancakes|move: Tailwind
|move|p1a: Monederito|Shadow Ball|p2b: Jumpluff
|-damage|p2b: Jumpluff|0 fnt
|faint|p2b: Jumpluff
|-damage|p1a: Monederito|87/100|[from] item: Life Orb
|cant|p1b: Changuito|slp
|move|p2a: Torkoal|Overheat|p1a: Monederito
|-supereffective|p1a: Monederito
|-damage|p1a: Monederito|0 fnt
|-unboost|p2a: Torkoal|spa|2
|faint|p1a: Monederito
|
|-weather|SunnyDay|[upkeep]
|-heal|p1b: Changuito|77/100 slp|[from] Grassy Terrain
|-heal|p2a: Torkoal|66/100|[from] Grassy Terrain
|upkeep
|
|t:|1756780966
|switch|p2b: Meowscarada|Meowscarada, L50, M|100/100
|switch|p1a: Osito|Ursaluna-Bloodmoon, L50, M|100/100 slp
|turn|10
|
|t:|1756780977
|move|p2a: Torkoal|Helping Hand|p2b: Meowscarada
|-singleturn|p2b: Meowscarada|Helping Hand|[of] p2a: Torkoal
|-curestatus|p1a: Osito|slp|[msg]
|move|p1a: Osito|Protect|p1a: Osito
|-singleturn|p1a: Osito|Protect
|move|p2b: Meowscarada|Flower Trick|p1a: Osito
|-start|p2b: Meowscarada|typechange|Grass|[from] ability: Protean
|-activate|p1a: Osito|move: Protect
|-curestatus|p1b: Changuito|slp|[msg]
|move|p1b: Changuito|High Horsepower|p2a: Torkoal
|-supereffective|p2a: Torkoal
|-crit|p2a: Torkoal
|-damage|p2a: Torkoal|0 fnt
|faint|p2a: Torkoal
|
|-weather|SunnyDay|[upkeep]
|-heal|p1b: Changuito|83/100|[from] Grassy Terrain
|upkeep
|turn|11
|
|t:|1756781001
|move|p2b: Meowscarada|Flower Trick|p1a: Osito
|-supereffective|p1a: Osito
|-crit|p1a: Osito
|-damage|p1a: Osito|0 fnt
|faint|p1a: Osito
|move|p1b: Changuito|Wood Hammer|p2b: Meowscarada
|-resisted|p2b: Meowscarada
|-damage|p2b: Meowscarada|45/100
|-damage|p1b: Changuito|70/100|[from] Recoil
|
|-weather|SunnyDay|[upkeep]
|-heal|p2b: Meowscarada|51/100|[from] Grassy Terrain
|-heal|p1b: Changuito|75/100|[from] Grassy Terrain
|upkeep
|turn|12
|
|t:|1756781013
|move|p1b: Changuito|Grassy Glide|p2b: Meowscarada
|-resisted|p2b: Meowscarada
|-damage|p2b: Meowscarada|21/100
|move|p2b: Meowscarada|Flower Trick|p1b: Changuito
|-resisted|p1b: Changuito
|-crit|p1b: Changuito
|-damage|p1b: Changuito|31/100
|
|-weather|none
|-heal|p2b: Meowscarada|27/100|[from] Grassy Terrain
|-heal|p1b: Changuito|37/100|[from] Grassy Terrain
|-sideend|p2: VGCPancakes|move: Tailwind
|-fieldend|move: Grassy Terrain
|upkeep
|turn|13
|
|t:|1756781025
|move|p2b: Meowscarada|Flower Trick|p1b: Changuito
|-resisted|p1b: Changuito
|-crit|p1b: Changuito
|-damage|p1b: Changuito|5/100
|move|p1b: Changuito|Wood Hammer|p2b: Meowscarada
|-resisted|p2b: Meowscarada
|-damage|p2b: Meowscarada|0 fnt
|faint|p2b: Meowscarada
|-damage|p1b: Changuito|0 fnt|[from] Recoil
|faint|p1b: Changuito
|
|win|moicito
|inactive|moicito has 30 seconds to confirm battle start!
|inactive|VGCPancakes has 30 seconds to confirm battle start!
||VGCPancakes is ready for game 2.
||moicito is ready for game 2.
|uhtml|next|Next: Game 2 of 3
|l|☆VGCPancakes
|player|p2|
