|j|☆tfader
|j|‽CaratroncoSun
|html|tfaderCaratroncoSun    
|uhtml|bestof|Game 2 of a best-of-3
|t:|1782210839
|gametype|doubles
|player|p1|tfader|barry|1076
|player|p2|CaratroncoSun|juan|1094
|gen|9
|tier|[Gen 9 Champions] VGC 2026 Reg M-B (Bo3)
|rated|
|rule|Species Clause: Limit one of each Pokémon
|rule|Item Clause: Limit 1 of each item
|clearpoke
|poke|p1|Morpeko, L50, M|
|poke|p1|Floette-Eternal, L50, F|
|poke|p1|Aegislash, L50, F|
|poke|p1|Incineroar, L50, F|
|poke|p1|Clefable, L50, F|
|poke|p1|Rotom-Wash, L50|
|poke|p2|Overqwil, L50, M, shiny|
|poke|p2|Swampert, L50, F|
|poke|p2|Pelipper, L50, M|
|poke|p2|Metagross, L50, shiny|
|poke|p2|Sneasler, L50, F|
|poke|p2|Sinistcha-Masterpiece, L50|
|teampreview|4
|showteam|p1|Morpeko||FocusSash|HungerSwitch|AuraWheel,Endeavor,Protect,FakeOut|Adamant||M|||50|]Floette-Eternal||Floettite|FlowerVeil|Moonblast,DazzlingGleam,LightofRuin,Protect|Modest||F|||50|]Aegislash||SpellTag|StanceChange|FlashCannon,ShadowBall,KingsShield,WideGuard|Timid||F|||50|]Incineroar||ChopleBerry|Intimidate|FlareBlitz,PartingShot,FakeOut,Endeavor|Jolly||F|||50|]Clefable||SitrusBerry|MagicGuard|Moonblast,Moonlight,FollowMe,HelpingHand|Calm||F|||50|]Rotom-Wash||ChoiceScarf|Levitate|Electroweb,Thunderbolt,Trick,VoltSwitch|Timid|||||50|
|showteam|p2|Overqwil||LifeOrb|SwiftSwim|Protect,PoisonJab,ThroatChop,Liquidation|Adamant||M|||50|]Swampert||Swampertite|Damp|Protect,WaveCrash,HighHorsepower,IcePunch|Adamant||F|||50|]Pelipper||FocusSash|Drizzle|Protect,Tailwind,Hurricane,WeatherBall|Modest||M|||50|]Metagross||Metagrossite|ClearBody|Protect,PsychicFangs,MeteorMash,IcePunch|Jolly|||||50|]Sneasler||WhiteHerb|Unburden|Coaching,FakeOut,DireClaw,CloseCombat|Jolly||F|||50|]Sinistcha-Masterpiece||SitrusBerry|Hospitality|MatchaGotcha,TrickRoom,LifeDew,RagePowder|Bold|||||50|
|
|t:|1782210851
|teamsize|p1|4
|teamsize|p2|4
|start
|switch|p1a: Rotom|Rotom-Wash, L50|100/100
|switch|p1b: Aegislash|Aegislash, L50, F|100/100
|switch|p2a: Sneasler|Sneasler, L50, F|100/100
|switch|p2b: Metagross|Metagross, L50, shiny|100/100
|turn|1
|inactive|Battle timer is ON: inactive players will automatically lose when time's up. (requested by tfader)
|
|t:|1782210922
|detailschange|p2b: Metagross|Metagross-Mega, L50, shiny
|-mega|p2b: Metagross|Metagross|Metagrossite
|move|p1a: Rotom|Trick|p2a: Sneasler
|-activate|p1a: Rotom|move: Trick|[of] p2a: Sneasler
|-item|p2a: Sneasler|Choice Scarf|[from] move: Trick
|-item|p1a: Rotom|White Herb|[from] move: Trick
|move|p2a: Sneasler|Coaching|p2b: Metagross
|-boost|p2b: Metagross|atk|1
|-boost|p2b: Metagross|def|1
|move|p2b: Metagross|Psychic Fangs|p1a: Rotom
|-damage|p1a: Rotom|0 fnt
|faint|p1a: Rotom
|-formechange|p1b: Aegislash|Aegislash-Blade|
|move|p1b: Aegislash|Shadow Ball|p2b: Metagross
|-supereffective|p2b: Metagross|1
|-damage|p2b: Metagross|5/100
|
|upkeep
|inactive|tfader has 30 seconds left.
|
|t:|1782210948
|switch|p1a: Morpeko|Morpeko, L50, M|100/100
|turn|2
|
|t:|1782210962
|move|p1a: Morpeko|Fake Out|p2b: Metagross
|-resisted|p2b: Metagross|1
|-damage|p2b: Metagross|2/100
|move|p2a: Sneasler|Coaching|p2b: Metagross
|-boost|p2b: Metagross|atk|1
|-boost|p2b: Metagross|def|1
|cant|p2b: Metagross|flinch
|move|p1b: Aegislash|Shadow Ball|p2a: Sneasler
|-damage|p2a: Sneasler|33/100
|
|-formechange|p1a: Morpeko|Morpeko-Hangry|
|upkeep
|turn|3
|
|t:|1782210983
|switch|p2b: Overqwil|Overqwil, L50, M, shiny|100/100
|move|p2a: Sneasler|Coaching|p2b: Overqwil
|-boost|p2b: Overqwil|atk|1
|-boost|p2b: Overqwil|def|1
|move|p1a: Morpeko|Aura Wheel|p2b: Overqwil
|-resisted|p2b: Overqwil|1
|-damage|p2b: Overqwil|79/100
|-boost|p1a: Morpeko|spe|1
|move|p1b: Aegislash|Shadow Ball|p2a: Sneasler
|-crit|p2a: Sneasler
|-damage|p2a: Sneasler|0 fnt
|faint|p2a: Sneasler
|
|-formechange|p1a: Morpeko|Morpeko|
|upkeep
|
|t:|1782210997
|switch|p2a: Pelipper|Pelipper, L50, M|100/100
|-weather|RainDance|[from] ability: Drizzle|[of] p2a: Pelipper
|turn|4
|
|t:|1782211011
|-formechange|p1b: Aegislash|Aegislash|
|move|p1b: Aegislash|King's Shield|p1b: Aegislash
|-singleturn|p1b: Aegislash|Protect
|move|p2b: Overqwil|Poison Jab|p1a: Morpeko
|-enditem|p1a: Morpeko|Focus Sash
|-damage|p1a: Morpeko|1/100
|-damage|p2b: Overqwil|69/100|[from] item: Life Orb
|move|p1a: Morpeko|Aura Wheel|p2a: Pelipper
|-supereffective|p2a: Pelipper|2
|-enditem|p2a: Pelipper|Focus Sash
|-damage|p2a: Pelipper|1/100
|-boost|p1a: Morpeko|spe|1
|move|p2a: Pelipper|Weather Ball|p1b: Aegislash
|-activate|p1b: Aegislash|move: Protect
|
|-weather|RainDance|[upkeep]
|-formechange|p1a: Morpeko|Morpeko-Hangry|
|upkeep
|turn|5
|inactive|tfader has 30 seconds left.
|
|t:|1782211044
|move|p1a: Morpeko|Aura Wheel|p2a: Pelipper
|-damage|p2a: Pelipper|0 fnt
|-boost|p1a: Morpeko|spe|1
|faint|p2a: Pelipper
|move|p2b: Overqwil|Throat Chop|p1b: Aegislash
|-supereffective|p1b: Aegislash|1
|-damage|p1b: Aegislash|0 fnt
|faint|p1b: Aegislash
|-damage|p2b: Overqwil|59/100|[from] item: Life Orb
|
|-weather|RainDance|[upkeep]
|-formechange|p1a: Morpeko|Morpeko|
|upkeep
|
|t:|1782211055
|switch|p1b: Floette|Floette-Eternal, L50, F|100/100
|switch|p2a: Metagross|Metagross-Mega, L50, shiny|2/100
|turn|6
|
|t:|1782211074
|detailschange|p1b: Floette|Floette-Mega, L50, F
|-mega|p1b: Floette|Floette|Floettite
|-ability|p1b: Floette|Fairy Aura
|move|p2a: Metagross|Protect|p2a: Metagross
|-singleturn|p2a: Metagross|Protect
|move|p1a: Morpeko|Aura Wheel|p2a: Metagross
|-activate|p2a: Metagross|move: Protect
|move|p2b: Overqwil|Liquidation|p1a: Morpeko
|-damage|p1a: Morpeko|0 fnt
|faint|p1a: Morpeko
|-damage|p2b: Overqwil|49/100|[from] item: Life Orb
|move|p1b: Floette|Moonblast|p2b: Overqwil
|-damage|p2b: Overqwil|0 fnt
|faint|p2b: Overqwil
|
|-weather|RainDance|[upkeep]
|upkeep
|turn|7
|
|t:|1782211096
|move|p2a: Metagross|Meteor Mash|p1b: Floette
|-supereffective|p1b: Floette|1
|-damage|p1b: Floette|0 fnt
|faint|p1b: Floette
|
|win|CaratroncoSun
|raw|tfader's rating: 1076 → 1056(-20 for losing)
|raw|CaratroncoSun's rating: 1094 → 1119(+25 for winning)
