|j|☆ivanthesaxophonist
|j|☆King_shuckle17
|html|ivanthesaxophonistKing_shuckle17    
|uhtml|bestof|Game 2 of a best-of-3
|t:|1756351935
|gametype|doubles
|player|p1|ivanthesaxophonist|acetrainer-gen4dp|1119
|player|p2|King_shuckle17|lusamine-masters|1070
|gen|9
|tier|[Gen 9] VGC 2025 Reg H (Bo3)
|rated|
|rule|Species Clause: Limit one of each Pokémon
|rule|Item Clause: Limit 1 of each item
|clearpoke
|poke|p1|Incineroar, L50, F|
|poke|p1|Rillaboom, L50, F|
|poke|p1|Milotic, L50, F|
|poke|p1|Gholdengo, L50|
|poke|p1|Grimmsnarl, L50, M|
|poke|p1|Dragonite, L50, M|
|poke|p2|Kingambit, L50, F|
|poke|p2|Clefable, L50, M|
|poke|p2|Primarina, L50, M|
|poke|p2|Rillaboom, L50, M|
|poke|p2|Skeledirge, L50, F|
|poke|p2|Dragonite, L50, F|
|teampreview|4
|showteam|p1|Incineroar||SafetyGoggles|Intimidate|FlareBlitz,KnockOff,FakeOut,PartingShot|||F|||50|,,,,,Ghost]Rillaboom||AssaultVest|GrassySurge|FakeOut,GrassyGlide,WoodHammer,HighHorsepower|||F|||50|,,,,,Water]Milotic||Leftovers|Competitive|Scald,IcyWind,AlluringVoice,Protect|||F|||50|,,,,,Grass]Gholdengo||LifeOrb|GoodasGold|ShadowBall,MakeItRain,NastyPlot,Protect||||||50|,,,,,Water]Grimmsnarl||LightClay|Prankster|SpiritBreak,ThroatChop,LightScreen,Reflect|||M|||50|,,,,,Ghost]Dragonite||LoadedDice|Multiscale|ExtremeSpeed,ScaleShot,Tailwind,Protect|||M|||50|,,,,,Steel
|showteam|p2|Kingambit||BlackGlasses|Defiant|KowtowCleave,SwordsDance,SuckerPunch,Protect|||F|||50|,,,,,Dark]Clefable||SafetyGoggles|Unaware|Moonblast,LifeDew,Protect,FollowMe|||M|||50|,,,,,Steel]Primarina||LifeOrb|LiquidVoice|HyperVoice,Moonblast,Protect,Haze|||M|||50|,,,,,Poison]Rillaboom||AssaultVest|GrassySurge|FakeOut,Uturn,GrassyGlide,WoodHammer|||M|||50|,,,,,Fire]Skeledirge||ThroatSpray|Unaware|ShadowBall,TorchSong,SlackOff,Protect|||F|||50|,,,,,Fairy]Dragonite||ChoiceBand|InnerFocus|ExtremeSpeed,Outrage,AerialAce,StompingTantrum|||F|||50|,,,,,Normal
|inactive|Battle timer is ON: inactive players will automatically lose when time's up. (requested by ivanthesaxophonist)
|inactive|King_shuckle17 has 60 seconds left.
|c|☆King_shuckle17|wait
|c|☆King_shuckle17|is your name ivan?
|c|☆ivanthesaxophonist|Not irl
|c|☆King_shuckle17|damn
|inactive|King_shuckle17 has 30 seconds left.
|c|☆King_shuckle17|my actual name is Ivan
|c|☆ivanthesaxophonist|Oh cool
|inactive|King_shuckle17 has 20 seconds left.
|
|t:|1756352013
|teamsize|p1|4
|teamsize|p2|4
|start
|switch|p1a: Grimmsnarl|Grimmsnarl, L50, M|100/100
|switch|p1b: Milotic|Milotic, L50, F|100/100
|switch|p2a: Primarina|Primarina, L50, M|100/100
|switch|p2b: Dragonite|Dragonite, L50, F|100/100
|turn|1
|
|t:|1756352027
|-terastallize|p2b: Dragonite|Normal
|move|p2b: Dragonite|Extreme Speed|p1b: Milotic
|-damage|p1b: Milotic|47/100
|move|p1a: Grimmsnarl|Light Screen|p1a: Grimmsnarl
|-sidestart|p1: ivanthesaxophonist|move: Light Screen
|move|p1b: Milotic|Alluring Voice|p2b: Dragonite
|-damage|p2b: Dragonite|83/100
|move|p2a: Primarina|Moonblast|p1a: Grimmsnarl
|-supereffective|p1a: Grimmsnarl
|-damage|p1a: Grimmsnarl|22/100
|-unboost|p1a: Grimmsnarl|spa|1
|-damage|p2a: Primarina|91/100|[from] item: Life Orb
|
|-heal|p1b: Milotic|52/100|[from] item: Leftovers
|upkeep
|turn|2
|
|t:|1756352047
|switch|p2b: Kingambit|Kingambit, L50, F|100/100
|switch|p1b: Gholdengo|Gholdengo, L50|100/100
|move|p1a: Grimmsnarl|Reflect|p1a: Grimmsnarl
|-sidestart|p1: ivanthesaxophonist|Reflect
|move|p2a: Primarina|Moonblast|p1a: Grimmsnarl
|-supereffective|p1a: Grimmsnarl
|-damage|p1a: Grimmsnarl|0 fnt
|faint|p1a: Grimmsnarl
|-damage|p2a: Primarina|81/100|[from] item: Life Orb
|
|upkeep
|
|t:|1756352057
|switch|p1a: Rillaboom|Rillaboom, L50, F|100/100
|-fieldstart|move: Grassy Terrain|[from] ability: Grassy Surge|[of] p1a: Rillaboom
|turn|3
|
|t:|1756352064
|switch|p1b: Milotic|Milotic, L50, F|52/100
|move|p1a: Rillaboom|Grassy Glide|p2a: Primarina
|-supereffective|p2a: Primarina
|-damage|p2a: Primarina|16/100
|move|p2a: Primarina|Haze|p2a: Primarina
|-clearallboost
|move|p2b: Kingambit|Swords Dance|p2b: Kingambit
|-boost|p2b: Kingambit|atk|2
|
|-heal|p1b: Milotic|58/100|[from] Grassy Terrain
|-heal|p1b: Milotic|64/100|[from] item: Leftovers
|-heal|p2a: Primarina|22/100|[from] Grassy Terrain
|upkeep
|turn|4
|
|t:|1756352082
|move|p2a: Primarina|Protect|p2a: Primarina
|-singleturn|p2a: Primarina|Protect
|move|p1a: Rillaboom|Grassy Glide|p2a: Primarina
|-activate|p2a: Primarina|move: Protect
|move|p2b: Kingambit|Sucker Punch|p1b: Milotic
|-damage|p1b: Milotic|9/100
|move|p1b: Milotic|Scald|p2b: Kingambit
|-damage|p2b: Kingambit|74/100
|
|-heal|p1b: Milotic|15/100|[from] Grassy Terrain
|-heal|p1b: Milotic|21/100|[from] item: Leftovers
|-heal|p2a: Primarina|28/100|[from] Grassy Terrain
|-heal|p2b: Kingambit|80/100|[from] Grassy Terrain
|upkeep
|turn|5
|
|t:|1756352101
|switch|p2a: Rillaboom|Rillaboom, L50, M|100/100
|move|p1b: Milotic|Protect|p1b: Milotic
|-singleturn|p1b: Milotic|Protect
|move|p1a: Rillaboom|Grassy Glide|p2a: Rillaboom
|-resisted|p2a: Rillaboom
|-damage|p2a: Rillaboom|82/100
|move|p2b: Kingambit|Kowtow Cleave|p1a: Rillaboom
|-damage|p1a: Rillaboom|14/100
|
|-heal|p1a: Rillaboom|20/100|[from] Grassy Terrain
|-heal|p2a: Rillaboom|88/100|[from] Grassy Terrain
|-heal|p1b: Milotic|27/100|[from] Grassy Terrain
|-heal|p1b: Milotic|33/100|[from] item: Leftovers
|-heal|p2b: Kingambit|85/100|[from] Grassy Terrain
|upkeep
|turn|6
|inactive|ivanthesaxophonist has 30 seconds left.
|inactive|ivanthesaxophonist has 20 seconds left.
|
|t:|1756352140
|switch|p1a: Gholdengo|Gholdengo, L50|100/100
|move|p2a: Rillaboom|Grassy Glide|p1b: Milotic
|-supereffective|p1b: Milotic
|-damage|p1b: Milotic|0 fnt
|faint|p1b: Milotic
|move|p2b: Kingambit|Kowtow Cleave|p1a: Gholdengo
|-supereffective|p1a: Gholdengo
|-damage|p1a: Gholdengo|0 fnt
|faint|p1a: Gholdengo
|
|-heal|p2a: Rillaboom|94/100|[from] Grassy Terrain
|-heal|p2b: Kingambit|91/100|[from] Grassy Terrain
|upkeep
|
|t:|1756352152
|switch|p1b: Rillaboom|Rillaboom, L50, F|20/100
|turn|7
|c|☆King_shuckle17|ggs
|c|☆ivanthesaxophonist|gg
|
|t:|1756352158
|move|p1b: Rillaboom|High Horsepower|p2b: Kingambit
|-supereffective|p2b: Kingambit
|-damage|p2b: Kingambit|43/100
|move|p2a: Rillaboom|U-turn|p1b: Rillaboom
|-supereffective|p1b: Rillaboom
|-damage|p1b: Rillaboom|0 fnt
|faint|p1b: Rillaboom
|
|win|King_shuckle17
|raw|ivanthesaxophonist's rating: 1119 → 1090(-29 for losing)
|raw|King_shuckle17's rating: 1070 → 1104(+34 for winning)
|c|☆King_shuckle17|nice to meet you
|l|☆ivanthesaxophonist
|player|p1|
