|j|☆irondingus
|j|☆Il Mule
|html|irondingusIl Mule    
|uhtml|bestof|Game 2 of a best-of-3
|t:|1783524676
|gametype|doubles
|player|p1|irondingus|lady-gen4|1451
|player|p2|Il Mule|salvatore|1585
|gen|9
|tier|[Gen 9 Champions] VGC 2026 Reg M-B (Bo3)
|rated|
|rule|Species Clause: Limit one of each Pokémon
|rule|Item Clause: Limit 1 of each item
|clearpoke
|poke|p1|Floette-Eternal, L50, F|
|poke|p1|Sneasler, L50, M|
|poke|p1|Incineroar, L50, M|
|poke|p1|Delphox, L50, M|
|poke|p1|Kingambit, L50, M, shiny|
|poke|p1|Sinistcha, L50, shiny|
|poke|p2|Excadrill, L50, M|
|poke|p2|Tyranitar, L50, M|
|poke|p2|Sneasler, L50, M|
|poke|p2|Incineroar, L50, M|
|poke|p2|Froslass, L50, F|
|poke|p2|Sinistcha, L50|
|teampreview|4
|showteam|p1|Floette-Eternal||Floettite|FlowerVeil|DazzlingGleam,DrainingKiss,CalmMind,Protect|Bold||F|||50|]Sneasler||FocusSash|PoisonTouch|CloseCombat,PoisonJab,FakeOut,QuickGuard|Jolly||M|||50|]Incineroar||SitrusBerry|Intimidate|FlareBlitz,DarkestLariat,FakeOut,PartingShot|Careful||M|||50|]Delphox||Delphoxite|Blaze|NastyPlot,Psyshock,HeatWave,Protect|Timid||M|||50|]Kingambit||BlackGlasses|Defiant|KowtowCleave,SwordsDance,SuckerPunch,Protect|Adamant||M|||50|]Sinistcha||OccaBerry|Hospitality|MatchaGotcha,TrickRoom,RagePowder,Protect|Bold|||||50|
|showteam|p2|Excadrill||FocusSash|SandRush|HighHorsepower,RockSlide,IronHead,Protect|Adamant||M|||50|]Tyranitar||Tyranitarite|SandStream|KnockOff,RockSlide,DragonDance,Protect|Adamant||M|||50|]Sneasler||WhiteHerb|Unburden|CloseCombat,DireClaw,Coaching,FakeOut|Jolly||M|||50|]Incineroar||SitrusBerry|Intimidate|FlareBlitz,HelpingHand,PartingShot,FakeOut|Impish||M|||50|]Froslass||Froslassite|CursedBody|Blizzard,ShadowBall,NastyPlot,Protect|Timid||F|||50|]Sinistcha||ColburBerry|Hospitality|MatchaGotcha,ShadowBall,RagePowder,Protect|Bold|||||50|
|
|t:|1783524684
|teamsize|p1|4
|teamsize|p2|4
|start
|switch|p1a: Floette|Floette-Eternal, L50, F|100/100
|switch|p1b: Incineroar|Incineroar, L50, M|100/100
|switch|p2a: Sabotage|Sneasler, L50, M|100/100
|switch|p2b: Gervasoni|Excadrill, L50, M|100/100
|-ability|p1b: Incineroar|Intimidate|boost
|-unboost|p2a: Sabotage|atk|1
|-unboost|p2b: Gervasoni|atk|1
|-enditem|p2a: Sabotage|White Herb
|-clearnegativeboost|p2a: Sabotage|[silent]
|turn|1
|j| kelso shrug
|
|t:|1783524708
|detailschange|p1a: Floette|Floette-Mega, L50, F
|-mega|p1a: Floette|Floette|Floettite
|-ability|p1a: Floette|Fairy Aura
|move|p2a: Sabotage|Coaching|p2b: Gervasoni
|-boost|p2b: Gervasoni|atk|1
|-boost|p2b: Gervasoni|def|1
|move|p2b: Gervasoni|Iron Head|p1a: Floette
|-supereffective|p1a: Floette|1
|-damage|p1a: Floette|20/100r
|move|p1a: Floette|Dazzling Gleam|p2a: Sabotage|[spread] p2a,p2b
|-resisted|p2b: Gervasoni|1
|-damage|p2a: Sabotage|53/100
|-damage|p2b: Gervasoni|73/100
|move|p1b: Incineroar|Parting Shot|p2b: Gervasoni
|-unboost|p2b: Gervasoni|atk|1
|-unboost|p2b: Gervasoni|spa|1
|
|t:|1783524718
|switch|p1b: Sinistcha|Sinistcha, L50, shiny|100/100|[from] Parting Shot
|-heal|p1a: Floette|44/100|[from] ability: Hospitality|[of] p1b: Sinistcha
|
|upkeep
|turn|2
|
|t:|1783524731
|move|p1b: Sinistcha|Rage Powder|p1b: Sinistcha
|-singleturn|p1b: Sinistcha|move: Rage Powder
|move|p2a: Sabotage|Coaching|p2b: Gervasoni
|-boost|p2b: Gervasoni|atk|1
|-boost|p2b: Gervasoni|def|1
|move|p2b: Gervasoni|Rock Slide|p1a: Floette|[spread] p1a,p1b
|-damage|p1a: Floette|24/100
|-damage|p1b: Sinistcha|82/100
|cant|p1a: Floette|flinch
|
|upkeep
|turn|3
|
|t:|1783524746
|switch|p1a: Incineroar|Incineroar, L50, M|100/100
|-ability|p1a: Incineroar|Intimidate|boost
|-unboost|p2a: Sabotage|atk|1
|-unboost|p2b: Gervasoni|atk|1
|move|p2a: Sabotage|Coaching|p2b: Gervasoni
|-boost|p2b: Gervasoni|atk|1
|-boost|p2b: Gervasoni|def|1
|move|p2b: Gervasoni|Rock Slide|p1a: Incineroar|[spread] p1a,p1b
|-supereffective|p1a: Incineroar|1
|-damage|p1a: Incineroar|61/100
|-damage|p1b: Sinistcha|64/100
|cant|p1b: Sinistcha|flinch
|
|upkeep
|turn|4
|
|t:|1783524763
|move|p1a: Incineroar|Fake Out|p2b: Gervasoni
|-resisted|p2b: Gervasoni|1
|-damage|p2b: Gervasoni|70/100
|move|p2a: Sabotage|Close Combat|p1a: Incineroar
|-supereffective|p1a: Incineroar|1
|-damage|p1a: Incineroar|7/100
|-unboost|p2a: Sabotage|def|1
|-unboost|p2a: Sabotage|spd|1
|-enditem|p1a: Incineroar|Sitrus Berry|[eat]
|-heal|p1a: Incineroar|32/100|[from] item: Sitrus Berry
|cant|p2b: Gervasoni|flinch
|move|p1b: Sinistcha|Trick Room|p1b: Sinistcha
|-fieldstart|move: Trick Room|[of] p1b: Sinistcha
|
|upkeep
|turn|5
|
|t:|1783524772
|switch|p2a: Sidy|Incineroar, L50, M|100/100
|-ability|p2a: Sidy|Intimidate|boost
|-unboost|p1a: Incineroar|atk|1
|-unboost|p1b: Sinistcha|atk|1
|move|p2b: Gervasoni|Protect|p2b: Gervasoni
|-singleturn|p2b: Gervasoni|Protect
|move|p1a: Incineroar|Flare Blitz|p2a: Sidy
|-resisted|p2a: Sidy|1
|-damage|p2a: Sidy|88/100
|-damage|p1a: Incineroar|28/100|[from] Recoil
|move|p1b: Sinistcha|Matcha Gotcha|p2a: Sidy|[spread] p2a
|-activate|p2b: Gervasoni|move: Protect
|-resisted|p2a: Sidy|1
|-damage|p2a: Sidy|76/100
|-heal|p1b: Sinistcha|70/100|[from] drain|[of] p2a: Sidy
|
|upkeep
|turn|6
|j| estupinanthepuledr
|
|t:|1783524808
|move|p1a: Incineroar|Flare Blitz|p2b: Gervasoni
|-supereffective|p2b: Gervasoni|1
|-damage|p2b: Gervasoni|35/100
|-damage|p1a: Incineroar|17/100|[from] Recoil
|move|p2a: Sidy|Flare Blitz|p1b: Sinistcha
|-supereffective|p1b: Sinistcha|1
|-enditem|p1b: Sinistcha|Occa Berry|[eat]
|-enditem|p1b: Sinistcha|Occa Berry|[weaken]
|-damage|p1b: Sinistcha|33/100
|-damage|p2a: Sidy|65/100|[from] Recoil
|move|p1b: Sinistcha|Matcha Gotcha|p2a: Sidy|[spread] p2a,p2b
|-resisted|p2a: Sidy|1
|-damage|p2a: Sidy|55/100
|-heal|p1b: Sinistcha|39/100|[from] drain|[of] p2a: Sidy
|-damage|p2b: Gervasoni|1/100
|-heal|p1b: Sinistcha|57/100|[from] drain|[of] p2b: Gervasoni
|move|p2b: Gervasoni|Rock Slide|p1b: Sinistcha|[spread] p1a,p1b
|-supereffective|p1a: Incineroar|1
|-damage|p1a: Incineroar|0 fnt
|-damage|p1b: Sinistcha|40/100
|faint|p1a: Incineroar
|
|upkeep
|
|t:|1783524826
|switch|p1a: Sneasler|Sneasler, L50, M|100/100
|turn|7
|
|t:|1783524839
|move|p2b: Gervasoni|Protect|p2b: Gervasoni
|-singleturn|p2b: Gervasoni|Protect
|move|p1a: Sneasler|Fake Out|p2a: Sidy
|-damage|p2a: Sidy|44/100
|-status|p2a: Sidy|psn|[from] ability: Poison Touch|[of] p1a: Sneasler
|-enditem|p2a: Sidy|Sitrus Berry|[eat]
|-heal|p2a: Sidy|69/100 psn|[from] item: Sitrus Berry
|cant|p2a: Sidy|flinch
|move|p1b: Sinistcha|Matcha Gotcha|p2b: Gervasoni|[spread] p2a
|-activate|p2b: Gervasoni|move: Protect
|-resisted|p2a: Sidy|1
|-damage|p2a: Sidy|57/100 psn
|-heal|p1b: Sinistcha|47/100|[from] drain|[of] p2a: Sidy
|
|-damage|p2a: Sidy|45/100 psn|[from] psn
|upkeep
|turn|8
|
|t:|1783524863
|switch|p1a: Floette|Floette-Mega, L50, F|24/100
|-ability|p1a: Floette|Fairy Aura
|move|p2a: Sidy|Flare Blitz|p1b: Sinistcha
|-supereffective|p1b: Sinistcha|1
|-damage|p1b: Sinistcha|0 fnt
|faint|p1b: Sinistcha
|-damage|p2a: Sidy|31/100 psn|[from] Recoil
|move|p2b: Gervasoni|High Horsepower|p1a: Floette
|-damage|p1a: Floette|0 fnt
|faint|p1a: Floette
|
|-damage|p2a: Sidy|19/100 psn|[from] psn
|-fieldend|move: Trick Room
|upkeep
|-message|irondingus forfeited.
|
|win|Il Mule
|raw|irondingus's rating: 1451 → 1438(-13 for losing)
|raw|Il Mule's rating: 1585 → 1598(+13 for winning)
|l|☆irondingus
|player|p1|
|j|☆irondingus
|player|p1|irondingus|lady-gen4|
|l|☆Il Mule
|player|p2|
