|j|☆hamilton60
|j|☆KodeBeast0526
|html|hamilton60KodeBeast0526    
|uhtml|bestof|Game 2 of a best-of-3
|t:|1783488394
|gametype|doubles
|player|p1|hamilton60|266|1054
|player|p2|KodeBeast0526|hiker|1146
|gen|9
|tier|[Gen 9 Champions] VGC 2026 Reg M-B (Bo3)
|rated|
|rule|Species Clause: Limit one of each Pokémon
|rule|Item Clause: Limit 1 of each item
|clearpoke
|poke|p1|Whimsicott, L50, M|
|poke|p1|Armarouge, L50, M|
|poke|p1|Tyranitar, L50, F|
|poke|p1|Meowscarada, L50, F|
|poke|p1|Metagross, L50|
|poke|p1|Annihilape, L50, F|
|poke|p2|Gengar, L50, F|
|poke|p2|Swampert, L50, F|
|poke|p2|Incineroar, L50, M|
|poke|p2|Politoed, L50, F|
|poke|p2|Archaludon, L50, F|
|poke|p2|Vivillon-Ocean, L50, F|
|teampreview|4
|showteam|p1|Whimsicott||FocusSash|Prankster|Moonblast,Tailwind,Taunt,Encore|Modest||M|||50|]Armarouge||LifeOrb|FlashFire|Flamethrower,AuraSphere,Protect,Psychic|Timid||M|||50|]Tyranitar||Tyranitarite|SandStream|RockSlide,DragonDance,Protect,KnockOff|Adamant||F|||50|]Meowscarada||ChoiceScarf|Protean|FlowerTrick,ShadowClaw,KnockOff,BrickBreak|Jolly||F|||50|]Metagross||Metagrossite|ClearBody|PsychicFangs,IronHead,Protect,BulletPunch|Serious|||||50|]Annihilape||WhiteHerb|Defiant|RageFist,Protect,CloseCombat,DrainPunch|Serious||F|||50|
|showteam|p2|Gengar||Gengarite|CursedBody|ShadowBall,PerishSong,SludgeBomb,Protect|Timid||F|||50|]Swampert||Swampertite|Torrent|WaveCrash,Earthquake,IcePunch,Protect|Adamant||F|||50|]Incineroar||PasshoBerry|Intimidate|ThroatChop,PartingShot,FakeOut,Protect|Sassy||M|||50|]Politoed||SitrusBerry|Drizzle|WeatherBall,PerishSong,Encore,Protect|Calm||F|||50|]Archaludon||Leftovers|Stamina|DragonPulse,FlashCannon,ElectroShot,Protect|Bold||F|||50|]Vivillon-Ocean||FocusSash|CompoundEyes|Hurricane,SleepPowder,RagePowder,Protect|Timid||F|||50|
|inactive|Battle timer is ON: inactive players will automatically lose when time's up. (requested by hamilton60)
|
|t:|1783488408
|teamsize|p1|4
|teamsize|p2|4
|start
|switch|p1a: Meowscarada|Meowscarada, L50, F|100/100
|switch|p1b: Whimsicott|Whimsicott, L50, M|100/100
|switch|p2a: Incineroar|Incineroar, L50, M|100/100
|switch|p2b: Gengar|Gengar, L50, F|100/100
|-ability|p2a: Incineroar|Intimidate|boost
|-unboost|p1a: Meowscarada|atk|1
|-unboost|p1b: Whimsicott|atk|1
|turn|1
|
|t:|1783488428
|switch|p1a: Annihilape|Annihilape, L50, F|100/100
|detailschange|p2b: Gengar|Gengar-Mega, L50, F
|-mega|p2b: Gengar|Gengar|Gengarite
|move|p2a: Incineroar|Fake Out|p1a: Annihilape
|-immune|p1a: Annihilape
|move|p1b: Whimsicott|Taunt|p2b: Gengar
|-start|p2b: Gengar|move: Taunt
|cant|p2b: Gengar|move: Taunt|Perish Song
|
|upkeep
|turn|2
|inactive|hamilton60 has 30 seconds left.
|
|t:|1783488454
|move|p1b: Whimsicott|Tailwind|p1b: Whimsicott
|-sidestart|p1: hamilton60|move: Tailwind
|move|p1a: Annihilape|Rage Fist|p2b: Gengar
|-supereffective|p2b: Gengar|1
|-damage|p2b: Gengar|46/100
|move|p2b: Gengar|Shadow Ball|p1a: Annihilape
|-supereffective|p1a: Annihilape|1
|-damage|p1a: Annihilape|21/100
|move|p2a: Incineroar|Throat Chop|p1a: Annihilape
|-damage|p1a: Annihilape|0 fnt
|faint|p1a: Annihilape
|
|upkeep
|
|t:|1783488472
|switch|p1a: Tyranitar|Tyranitar, L50, F|100/100
|-weather|Sandstorm|[from] ability: Sand Stream|[of] p1a: Tyranitar
|turn|3
|
|t:|1783488484
|switch|p2b: Archaludon|Archaludon, L50, F|100/100
|move|p1b: Whimsicott|Encore||[still]
|-fail|p1b: Whimsicott
|move|p1a: Tyranitar|Rock Slide|p2a: Incineroar|[spread] p2a,p2b
|-supereffective|p2a: Incineroar|1
|-resisted|p2b: Archaludon|1
|-damage|p2a: Incineroar|42/100
|-damage|p2b: Archaludon|88/100
|-ability|p2b: Archaludon|Stamina|boost
|-boost|p2b: Archaludon|def|1
|move|p2a: Incineroar|Parting Shot|p1a: Tyranitar
|-unboost|p1a: Tyranitar|atk|1
|-unboost|p1a: Tyranitar|spa|1
|
|t:|1783488498
|switch|p2a: Gengar|Gengar-Mega, L50, F|46/100|[from] Parting Shot
|
|-weather|Sandstorm|[upkeep]
|-damage|p1b: Whimsicott|94/100|[from] Sandstorm
|-damage|p2a: Gengar|40/100|[from] Sandstorm
|-heal|p2b: Archaludon|94/100|[from] item: Leftovers
|upkeep
|turn|4
|
|t:|1783488520
|switch|p2a: Politoed|Politoed, L50, F|100/100
|-weather|RainDance|[from] ability: Drizzle|[of] p2a: Politoed
|detailschange|p1a: Tyranitar|Tyranitar-Mega, L50, F
|-mega|p1a: Tyranitar|Tyranitar|Tyranitarite
|-weather|Sandstorm|[from] ability: Sand Stream|[of] p1a: Tyranitar
|move|p1b: Whimsicott|Moonblast|p2b: Archaludon
|-damage|p2b: Archaludon|50/100g
|-ability|p2b: Archaludon|Stamina|boost
|-boost|p2b: Archaludon|def|1
|move|p1a: Tyranitar|Rock Slide|p2b: Archaludon|[spread] p2a,p2b
|-resisted|p2b: Archaludon|1
|-damage|p2a: Politoed|77/100
|-damage|p2b: Archaludon|46/100
|-ability|p2b: Archaludon|Stamina|boost
|-boost|p2b: Archaludon|def|1
|move|p2b: Archaludon|Flash Cannon|p1b: Whimsicott
|-supereffective|p1b: Whimsicott|1
|-damage|p1b: Whimsicott|0 fnt
|faint|p1b: Whimsicott
|
|-weather|Sandstorm|[upkeep]
|-damage|p2a: Politoed|70/100|[from] Sandstorm
|-heal|p2b: Archaludon|52/100|[from] item: Leftovers
|upkeep
|
|t:|1783488537
|switch|p1b: Meowscarada|Meowscarada, L50, F|100/100
|turn|5
|
|t:|1783488557
|switch|p2a: Incineroar|Incineroar, L50, M|42/100
|-ability|p2a: Incineroar|Intimidate|boost
|-unboost|p1a: Tyranitar|atk|1
|-unboost|p1b: Meowscarada|atk|1
|move|p1b: Meowscarada|Brick Break|p2a: Incineroar
|-start|p1b: Meowscarada|typechange|Fighting|[from] ability: Protean
|-supereffective|p2a: Incineroar|1
|-crit|p2a: Incineroar
|-damage|p2a: Incineroar|0 fnt
|faint|p2a: Incineroar
|move|p1a: Tyranitar|Knock Off|p2b: Archaludon
|-damage|p2b: Archaludon|42/100
|-ability|p2b: Archaludon|Stamina|boost
|-boost|p2b: Archaludon|def|1
|-enditem|p2b: Archaludon|Leftovers|[from] move: Knock Off|[of] p1a: Tyranitar
|move|p2b: Archaludon|Flash Cannon|p1a: Tyranitar
|-supereffective|p1a: Tyranitar|1
|-damage|p1a: Tyranitar|64/100
|-unboost|p1a: Tyranitar|spd|1
|
|-weather|Sandstorm|[upkeep]
|-damage|p1b: Meowscarada|94/100|[from] Sandstorm
|-sideend|p1: hamilton60|move: Tailwind
|upkeep
|
|t:|1783488576
|switch|p2a: Gengar|Gengar-Mega, L50, F|40/100
|turn|6
|
|t:|1783488592
|move|p1b: Meowscarada|Brick Break|p2b: Archaludon
|-supereffective|p2b: Archaludon|1
|-damage|p2b: Archaludon|32/100
|-ability|p2b: Archaludon|Stamina|boost
|-boost|p2b: Archaludon|def|1
|move|p2a: Gengar|Sludge Bomb|p1b: Meowscarada
|-damage|p1b: Meowscarada|11/100
|-status|p1b: Meowscarada|psn
|move|p2b: Archaludon|Dragon Pulse|p1b: Meowscarada
|-damage|p1b: Meowscarada|0 fnt
|faint|p1b: Meowscarada
|move|p1a: Tyranitar|Dragon Dance|p1a: Tyranitar
|-boost|p1a: Tyranitar|atk|1
|-boost|p1a: Tyranitar|spe|1
|
|-weather|Sandstorm|[upkeep]
|-damage|p2a: Gengar|34/100|[from] Sandstorm
|upkeep
|turn|7
|
|t:|1783488609
|switch|p2a: Politoed|Politoed, L50, F|70/100
|-weather|RainDance|[from] ability: Drizzle|[of] p2a: Politoed
|move|p1a: Tyranitar|Knock Off|p2a: Politoed
|-damage|p2a: Politoed|32/100
|-enditem|p2a: Politoed|Sitrus Berry|[from] move: Knock Off|[of] p1a: Tyranitar
|move|p2b: Archaludon|Flash Cannon|p1a: Tyranitar
|-supereffective|p1a: Tyranitar|1
|-damage|p1a: Tyranitar|0 fnt
|faint|p1a: Tyranitar
|
|win|KodeBeast0526
|raw|hamilton60's rating: 1054 → 1041(-13 for losing)
|raw|KodeBeast0526's rating: 1146 → 1165(+19 for winning)
|l|☆hamilton60
|player|p1|
