|j|☆Lego Darth Malgus
|j|☆Vuultur
|html|Lego Darth MalgusVuultur    
|uhtml|bestof|Game 2 of a best-of-3
|t:|1756932446
|gametype|doubles
|player|p1|Lego Darth Malgus|102|1292
|player|p2|Vuultur|hilbert-wonderlauncher|1279
|gen|9
|tier|[Gen 9] VGC 2025 Reg H (Bo3)
|rated|
|rule|Species Clause: Limit one of each Pokémon
|rule|Item Clause: Limit 1 of each item
|clearpoke
|poke|p1|Kommo-o, L50, M|
|poke|p1|Tyranitar, L50, F|
|poke|p1|Excadrill, L50, M|
|poke|p1|Samurott-Hisui, L50, F|
|poke|p1|Rillaboom, L50, F|
|poke|p1|Volcarona, L50, F|
|poke|p2|Gholdengo, L50|
|poke|p2|Amoonguss, L50, F|
|poke|p2|Basculegion, L50, M|
|poke|p2|Pelipper, L50, F|
|poke|p2|Incineroar, L50, F|
|poke|p2|Archaludon, L50, F|
|teampreview|4
|showteam|p1|Kommo-o||GrassySeed|Overcoat|BodyPress,IronDefense,Protect,DragonPulse|||M|||50|,,,,,Fairy]Tyranitar||ChoiceScarf|SandStream|RockSlide,KnockOff,TeraBlast,LowKick|||F|||50|,,,,,Flying]Excadrill||FocusSash|SandRush|HighHorsepower,IronHead,RockSlide,Protect|||M|||50|,,,,,Ghost]Samurott-Hisui||AssaultVest|Sharpness|CeaselessEdge,RazorShell,SacredSword,SuckerPunch|||F|||50|,,,,,Ghost]Rillaboom||MiracleSeed|GrassySurge|FakeOut,DrumBeating,GrassyGlide,Taunt|||F|||50|,,,,,Water]Volcarona||SitrusBerry|FlameBody|QuiverDance,HeatWave,TeraBlast,Protect|||F|||50|,,,,,Fairy
|showteam|p2|Gholdengo||LifeOrb|GoodasGold|MakeItRain,ShadowBall,NastyPlot,Protect||||||50|,,,,,Water]Amoonguss||SitrusBerry|Regenerator|Spore,RagePowder,PollenPuff,ClearSmog|||F|||50|,,,,,Psychic]Basculegion||ChoiceBand|SwiftSwim|WaveCrash,FlipTurn,LastRespects,AquaJet|||M|||50|,,,,,Water]Pelipper||FocusSash|Drizzle|WeatherBall,Hurricane,Tailwind,Protect|||F|||50|,,,,,Ground]Incineroar||SafetyGoggles|Intimidate|FlareBlitz,KnockOff,PartingShot,FakeOut|||F|||50|,,,,,Ghost]Archaludon||AssaultVest|Stamina|ElectroShot,FlashCannon,DracoMeteor,BodyPress|||F|||50|,,,,,Bug
|inactive|Battle timer is ON: inactive players will automatically lose when time's up. (requested by Lego Darth Malgus)
|inactive|Lego Darth Malgus has 60 seconds left.
|inactive|Vuultur has 60 seconds left.
|
|t:|1756932485
|teamsize|p1|4
|teamsize|p2|4
|start
|switch|p1a: Rillaboom|Rillaboom, L50, F, shiny|100/100
|switch|p1b: Volcarona|Volcarona, L50, F, shiny|100/100
|switch|p2a: Amoonguss|Amoonguss, L50, F|100/100
|switch|p2b: Gholdengo|Gholdengo, L50|100/100
|-fieldstart|move: Grassy Terrain|[from] ability: Grassy Surge|[of] p1a: Rillaboom
|turn|1
|
|t:|1756932510
|switch|p2b: Pelipper|Pelipper, L50, F|100/100
|-weather|RainDance|[from] ability: Drizzle|[of] p2b: Pelipper
|move|p1a: Rillaboom|Fake Out|p2a: Amoonguss
|-damage|p2a: Amoonguss|90/100
|move|p1b: Volcarona|Quiver Dance|p1b: Volcarona
|-boost|p1b: Volcarona|spa|1
|-boost|p1b: Volcarona|spd|1
|-boost|p1b: Volcarona|spe|1
|cant|p2a: Amoonguss|flinch
|
|-weather|RainDance|[upkeep]
|-heal|p2a: Amoonguss|96/100|[from] Grassy Terrain
|upkeep
|turn|2
|
|t:|1756932529
|-terastallize|p1b: Volcarona|Fairy
|move|p1b: Volcarona|Heat Wave|p2a: Amoonguss|[spread] p2a,p2b
|-supereffective|p2a: Amoonguss
|-resisted|p2b: Pelipper
|-damage|p2a: Amoonguss|54/100
|-damage|p2b: Pelipper|77/100
|move|p1a: Rillaboom|Drum Beating|p2b: Pelipper
|-damage|p2b: Pelipper|0 fnt
|faint|p2b: Pelipper
|move|p2a: Amoonguss|Clear Smog|p1b: Volcarona
|-supereffective|p1b: Volcarona
|-damage|p1b: Volcarona|80/100
|-clearboost|p1b: Volcarona
|
|-weather|RainDance|[upkeep]
|-heal|p1b: Volcarona|86/100|[from] Grassy Terrain
|-heal|p2a: Amoonguss|60/100|[from] Grassy Terrain
|upkeep
|
|t:|1756932543
|switch|p2b: Gholdengo|Gholdengo, L50|100/100
|turn|3
|
|t:|1756932565
|switch|p1b: Kommo-o|Kommo-o, L50, M, shiny|100/100
|-enditem|p1b: Kommo-o|Grassy Seed
|-boost|p1b: Kommo-o|def|1|[from] item: Grassy Seed
|move|p1a: Rillaboom|Drum Beating|p2b: Gholdengo
|-resisted|p2b: Gholdengo
|-damage|p2b: Gholdengo|67/100
|-unboost|p2b: Gholdengo|spe|1
|move|p2b: Gholdengo|Nasty Plot|p2b: Gholdengo
|-boost|p2b: Gholdengo|spa|2
|move|p2a: Amoonguss|Spore|p1b: Kommo-o
|-immune|p1b: Kommo-o|[from] ability: Overcoat
|
|-weather|RainDance|[upkeep]
|-heal|p2b: Gholdengo|73/100|[from] Grassy Terrain
|-heal|p2a: Amoonguss|66/100|[from] Grassy Terrain
|upkeep
|turn|4
|inactive|Lego Darth Malgus has 30 seconds left.
|
|t:|1756932592
|move|p1a: Rillaboom|Drum Beating|p2a: Amoonguss
|-resisted|p2a: Amoonguss
|-damage|p2a: Amoonguss|52/100
|-unboost|p2a: Amoonguss|spe|1
|move|p1b: Kommo-o|Dragon Pulse|p2a: Amoonguss
|-damage|p2a: Amoonguss|26/100
|-enditem|p2a: Amoonguss|Sitrus Berry|[eat]
|-heal|p2a: Amoonguss|51/100|[from] item: Sitrus Berry
|move|p2b: Gholdengo|Nasty Plot|p2b: Gholdengo
|-boost|p2b: Gholdengo|spa|2
|move|p2a: Amoonguss|Pollen Puff|p2b: Gholdengo
|-heal|p2b: Gholdengo|100/100
|
|-weather|RainDance|[upkeep]
|-heal|p2a: Amoonguss|57/100|[from] Grassy Terrain
|upkeep
|turn|5
|inactive|Vuultur has 30 seconds left.
|
|t:|1756932623
|move|p1a: Rillaboom|Drum Beating|p2a: Amoonguss
|-resisted|p2a: Amoonguss
|-damage|p2a: Amoonguss|45/100
|-unboost|p2a: Amoonguss|spe|1
|move|p1b: Kommo-o|Body Press|p2a: Amoonguss
|-resisted|p2a: Amoonguss
|-damage|p2a: Amoonguss|17/100
|move|p2b: Gholdengo|Make It Rain|p1b: Kommo-o|[spread] p1a,p1b
|-damage|p1a: Rillaboom|0 fnt
|-damage|p1b: Kommo-o|0 fnt
|-unboost|p2b: Gholdengo|spa|1
|faint|p1a: Rillaboom
|faint|p1b: Kommo-o
|-damage|p2b: Gholdengo|91/100|[from] item: Life Orb
|move|p2a: Amoonguss|Pollen Puff|p2b: Gholdengo
|-heal|p2b: Gholdengo|100/100
|
|-weather|none
|-heal|p2a: Amoonguss|23/100|[from] Grassy Terrain
|-fieldend|move: Grassy Terrain
|upkeep
|
|t:|1756932627
|switch|p1a: Tyranitar|Tyranitar, L50, F|100/100
|switch|p1b: Volcarona|Volcarona, L50, F, shiny, tera:Fairy|86/100
|-weather|Sandstorm|[from] ability: Sand Stream|[of] p1a: Tyranitar
|turn|6
|inactive|Vuultur has 30 seconds left.
|
|t:|1756932655
|-terastallize|p2b: Gholdengo|Water
|move|p2a: Amoonguss|Rage Powder|p2a: Amoonguss
|-singleturn|p2a: Amoonguss|move: Rage Powder
|move|p1a: Tyranitar|Rock Slide|p2a: Amoonguss|[spread] p2a,p2b
|-damage|p2a: Amoonguss|0 fnt
|-damage|p2b: Gholdengo|70/100
|faint|p2a: Amoonguss
|move|p1b: Volcarona|Heat Wave|p2b: Gholdengo
|-resisted|p2b: Gholdengo
|-damage|p2b: Gholdengo|42/100
|cant|p2b: Gholdengo|flinch
|
|-weather|Sandstorm|[upkeep]
|-damage|p1b: Volcarona|80/100|[from] Sandstorm
|-damage|p2b: Gholdengo|36/100|[from] Sandstorm
|upkeep
|
|t:|1756932667
|switch|p2a: Basculegion|Basculegion, L50, M|100/100
|turn|7
|inactive|Lego Darth Malgus has 30 seconds left.
|inactive|Vuultur has 30 seconds left.
|inactive|Lego Darth Malgus has 20 seconds left.
|inactive|Lego Darth Malgus has 15 seconds left.
|
|t:|1756932711
|move|p2b: Gholdengo|Protect|p2b: Gholdengo
|-singleturn|p2b: Gholdengo|Protect
|move|p1a: Tyranitar|Rock Slide|p2a: Basculegion|[spread] p2a
|-activate|p2b: Gholdengo|move: Protect
|-damage|p2a: Basculegion|62/100
|move|p1b: Volcarona|Tera Blast|p2a: Basculegion|[anim] Tera Blast Fairy
|-damage|p2a: Basculegion|16/100
|move|p2a: Basculegion|Wave Crash|p1a: Tyranitar
|-supereffective|p1a: Tyranitar
|-damage|p1a: Tyranitar|0 fnt
|faint|p1a: Tyranitar
|-damage|p2a: Basculegion|0 fnt|[from] Recoil
|faint|p2a: Basculegion
|
|-weather|Sandstorm|[upkeep]
|-damage|p1b: Volcarona|74/100|[from] Sandstorm
|-damage|p2b: Gholdengo|30/100|[from] Sandstorm
|upkeep
|turn|8
|
|t:|1756932727
|move|p1b: Volcarona|Tera Blast|p2b: Gholdengo|[anim] Tera Blast Fairy
|-damage|p2b: Gholdengo|0 fnt
|faint|p2b: Gholdengo
|
|win|Lego Darth Malgus
|raw|Lego Darth Malgus's rating: 1292 → 1316(+24 for winning)
|raw|Vuultur's rating: 1279 → 1255(-24 for losing)
|c|☆Lego Darth Malgus|Gg
|c|☆Lego Darth Malgus|wp
|c|☆Vuultur|this game literally hate Amoongus
|c|☆Vuultur|like how many abilities denies Spore
