|j|☆MolluskVGC
|j|☆number1bocchifan
|html|MolluskVGCnumber1bocchifan    
|uhtml|bestof|Game 1 of a best-of-3
|t:|1756699019
|gametype|doubles
|player|p1|MolluskVGC|hiker-gen4|1121
|player|p2|number1bocchifan|265|1086
|gen|9
|tier|[Gen 9] VGC 2025 Reg H (Bo3)
|rated|
|rule|Species Clause: Limit one of each Pokémon
|rule|Item Clause: Limit 1 of each item
|clearpoke
|poke|p1|Dragonite, L50, F|
|poke|p1|Ursaluna-Bloodmoon, L50, M|
|poke|p1|Gholdengo, L50|
|poke|p1|Electabuzz, L50, F|
|poke|p1|Sneasler, L50, M|
|poke|p1|Indeedee, L50, M|
|poke|p2|Ninetales-Alola, L50, F|
|poke|p2|Dragonite, L50, M|
|poke|p2|Ursaluna-Bloodmoon, L50, M|
|poke|p2|Magmar, L50, M|
|poke|p2|Gholdengo, L50|
|poke|p2|Lapras, L50, M|
|teampreview|4
|showteam|p1|Dragonite||LoadedDice|Multiscale|ScaleShot,Tailwind,Haze,Protect|||F|||50|,,,,,Fairy]Ursaluna-Bloodmoon||LifeOrb|MindsEye|HyperVoice,EarthPower,BloodMoon,Protect|||M|||50|,,,,,Normal]Gholdengo||MetalCoat|GoodasGold|MakeItRain,ShadowBall,NastyPlot,Protect||||||50|,,,,,Water]Electabuzz||Eviolite|VitalSpirit|Electroweb,FollowMe,Taunt,Protect|||F|||50|,,,,,Ghost]Sneasler||PsychicSeed|Unburden|DireClaw,CloseCombat,ThroatChop,Protect|||M|||50|,,,,,Dark]Indeedee||FocusSash|PsychicSurge|ExpandingForce,Imprison,TrickRoom,Protect|||M|||50|,,,,,Psychic
|showteam|p2|Ninetales-Alola||FocusSash|SnowWarning|Protect,Blizzard,FreezeDry,AuroraVeil|||F|||50|,,,,,Water]Dragonite||LoadedDice|Multiscale|Protect,ScaleShot,ExtremeSpeed,Tailwind|||M|||50|,,,,,Fairy]Ursaluna-Bloodmoon||AssaultVest|MindsEye|EarthPower,BloodMoon,HyperVoice,VacuumWave|||M|||50|,,,,,Water]Magmar||Eviolite|FlameBody|Protect,FollowMe,Taunt,Overheat|||M|||50|,,,,,Ghost]Gholdengo||LifeOrb|GoodasGold|Protect,MakeItRain,ShadowBall,TeraBlast||||||50|,,,,,Fighting]Lapras||Leftovers|WaterAbsorb|Protect,FreezeDry,SheerCold,Haze|||M|||50|,,,,,Ground
|
|t:|1756699081
|teamsize|p1|4
|teamsize|p2|4
|start
|switch|p1a: Sneasler|Sneasler, L50, M|100/100
|switch|p1b: Dragonite|Dragonite, L50, F|100/100
|switch|p2a: Ursaluna|Ursaluna-Bloodmoon, L50, M|100/100
|switch|p2b: Magmar|Magmar, L50, M|100/100
|turn|1
|
|t:|1756699102
|-terastallize|p2a: Ursaluna|Water
|move|p1a: Sneasler|Protect|p1a: Sneasler
|-singleturn|p1a: Sneasler|Protect
|move|p2b: Magmar|Follow Me|p2b: Magmar
|-singleturn|p2b: Magmar|move: Follow Me
|move|p1b: Dragonite|Scale Shot|p2b: Magmar
|-damage|p2b: Magmar|88/100
|-damage|p2b: Magmar|75/100
|-crit|p2b: Magmar
|-damage|p2b: Magmar|57/100
|-damage|p2b: Magmar|46/100
|-damage|p2b: Magmar|34/100
|-hitcount|p2b: Magmar|5
|-unboost|p1b: Dragonite|def|1
|-boost|p1b: Dragonite|spe|1
|move|p2a: Ursaluna|Hyper Voice|p1a: Sneasler|[spread] p1b
|-activate|p1a: Sneasler|move: Protect
|-damage|p1b: Dragonite|79/100
|
|upkeep
|turn|2
|j| McSchtapp
|
|t:|1756699128
|move|p2b: Magmar|Follow Me|p2b: Magmar
|-singleturn|p2b: Magmar|move: Follow Me
|move|p1b: Dragonite|Scale Shot|p2b: Magmar
|-damage|p2b: Magmar|20/100
|-damage|p2b: Magmar|9/100
|-damage|p2b: Magmar|0 fnt
|faint|p2b: Magmar
|-hitcount|p2: Magmar|3
|-unboost|p1b: Dragonite|def|1
|-boost|p1b: Dragonite|spe|1
|move|p1a: Sneasler|Throat Chop|p2a: Ursaluna
|-damage|p2a: Ursaluna|80/100
|-start|p2a: Ursaluna|Throat Chop|[silent]
|move|p2a: Ursaluna|Blood Moon|p1b: Dragonite
|-damage|p1b: Dragonite|0 fnt
|faint|p1b: Dragonite
|
|upkeep
|l| McSchtapp
|
|t:|1756699151
|switch|p1b: Indeedee|Indeedee, L50, M|100/100
|switch|p2b: Gholdengo|Gholdengo, L50|100/100
|-fieldstart|move: Psychic Terrain|[from] ability: Psychic Surge|[of] p1b: Indeedee
|-enditem|p1a: Sneasler|Psychic Seed
|-boost|p1a: Sneasler|spd|1|[from] item: Psychic Seed
|turn|3
|
|t:|1756699188
|-terastallize|p1a: Sneasler|Dark
|move|p2b: Gholdengo|Protect|p2b: Gholdengo
|-singleturn|p2b: Gholdengo|Protect
|move|p1a: Sneasler|Throat Chop|p2b: Gholdengo
|-activate|p2b: Gholdengo|move: Protect
|move|p1b: Indeedee|Expanding Force|p2b: Gholdengo|[spread] p2a
|-activate|p2b: Gholdengo|move: Protect
|-damage|p2a: Ursaluna|42/100
|move|p2a: Ursaluna|Earth Power|p1a: Sneasler
|-damage|p1a: Sneasler|52/100
|
|-end|p2a: Ursaluna|Throat Chop|[silent]
|upkeep
|turn|4
|
|t:|1756699213
|switch|p2b: Ninetales|Ninetales-Alola, L50, F|100/100
|-weather|Snowscape|[from] ability: Snow Warning|[of] p2b: Ninetales
|move|p1a: Sneasler|Throat Chop|p2b: Ninetales
|-resisted|p2b: Ninetales
|-damage|p2b: Ninetales|81/100
|-start|p2b: Ninetales|Throat Chop|[silent]
|move|p1b: Indeedee|Expanding Force|p2a: Ursaluna|[spread] p2a,p2b
|-damage|p2a: Ursaluna|3/100
|-damage|p2b: Ninetales|22/100
|move|p2a: Ursaluna|Hyper Voice|p1a: Sneasler|[spread] p1a,p1b
|-damage|p1a: Sneasler|15/100
|-damage|p1b: Indeedee|42/100
|
|-weather|Snowscape|[upkeep]
|upkeep
|turn|5
|
|t:|1756699253
|switch|p2a: Gholdengo|Gholdengo, L50|100/100
|move|p1a: Sneasler|Dire Claw|p2b: Ninetales
|-supereffective|p2b: Ninetales
|-damage|p2b: Ninetales|0 fnt
|faint|p2b: Ninetales
|move|p1b: Indeedee|Expanding Force|p2a: Gholdengo
|-resisted|p2a: Gholdengo
|-damage|p2a: Gholdengo|68/100
|
|-weather|Snowscape|[upkeep]
|upkeep
|
|t:|1756699258
|switch|p2b: Ursaluna|Ursaluna-Bloodmoon, L50, M, tera:Water|3/100
|turn|6
|-message|number1bocchifan forfeited.
|
|win|MolluskVGC
||number1bocchifan is ready for game 2.
