|j|☆randomguy1114s
|j|☆Hactor-gv128
|html|randomguy1114sHactor-gv128    
|uhtml|bestof|Game 3 of a best-of-3
|t:|1756520890
|gametype|doubles
|player|p1|randomguy1114s|lillie-masters|1179
|player|p2|Hactor-gv128|265|1088
|gen|9
|tier|[Gen 9] VGC 2025 Reg H (Bo3)
|rated|
|rule|Species Clause: Limit one of each Pokémon
|rule|Item Clause: Limit 1 of each item
|clearpoke
|poke|p1|Archaludon, L50, F|
|poke|p1|Pelipper, L50, F|
|poke|p1|Rillaboom, L50, M|
|poke|p1|Incineroar, L50, M|
|poke|p1|Gholdengo, L50|
|poke|p1|Sneasler, L50, M|
|poke|p2|Whimsicott, L50, F|
|poke|p2|Kingambit, L50, F|
|poke|p2|Ursaluna-Bloodmoon, L50, M|
|poke|p2|Electabuzz, L50, F|
|poke|p2|Basculegion, L50, M|
|poke|p2|Sneasler, L50, M|
|teampreview|4
|showteam|p1|Archaludon||PowerHerb|Sturdy|ElectroShot,DragonPulse,FlashCannon,Protect|||F|||50|,,,,,Electric]Pelipper||ChoiceScarf|Drizzle|Tailwind,MuddyWater,Hurricane,WeatherBall|||F|||50|,,,,,Ghost]Rillaboom||AssaultVest|GrassySurge|FakeOut,WoodHammer,GrassyGlide,Uturn|||M|||50|,,,,,Fire]Incineroar||SafetyGoggles|Intimidate|FakeOut,KnockOff,Taunt,PartingShot|||M|||50|,,,,,Ghost]Gholdengo||MetalCoat|GoodasGold|NastyPlot,MakeItRain,ShadowBall,Protect||||||50|,,,,,Dragon]Sneasler||GrassySeed|Unburden|CloseCombat,DireClaw,ThroatChop,Protect|||M|||50|,,,,,Dark
|showteam|p2|Whimsicott||CovertCloak|Prankster|Tailwind,Encore,Moonblast,LightScreen|||F|||50|,,,,,Water]Kingambit||BlackGlasses|Defiant|KowtowCleave,SuckerPunch,SwordsDance,Protect|||F|||50|,,,,,Dark]Ursaluna-Bloodmoon||LifeOrb|MindsEye|HyperVoice,EarthPower,BloodMoon,Protect|||M|||50|,,,,,Normal]Electabuzz||Eviolite|VitalSpirit|Electroweb,Taunt,FollowMe,Protect|||F|||50|,,,,,Dragon]Basculegion||ChoiceBand|Adaptability|WaveCrash,LastRespects,HeadSmash,AquaJet|||M|||50|,,,,,Water]Sneasler||FocusSash|Unburden|ThroatChop,DireClaw,CloseCombat,Protect|||M|||50|,,,,,Stellar
|
|t:|1756520929
|teamsize|p1|4
|teamsize|p2|4
|start
|switch|p1a: Pelicopter|Pelipper, L50, F, shiny|100/100
|switch|p1b: monke|Rillaboom, L50, M, shiny|100/100
|switch|p2a: Whimsicott|Whimsicott, L50, F|100/100
|switch|p2b: Kingambit|Kingambit, L50, F|100/100
|-weather|RainDance|[from] ability: Drizzle|[of] p1a: Pelicopter
|-fieldstart|move: Grassy Terrain|[from] ability: Grassy Surge|[of] p1b: monke
|turn|1
|
|t:|1756520945
|move|p2b: Kingambit|Protect|p2b: Kingambit
|-singleturn|p2b: Kingambit|Protect
|move|p1b: monke|Fake Out|p2b: Kingambit
|-activate|p2b: Kingambit|move: Protect
|move|p2a: Whimsicott|Tailwind|p2a: Whimsicott
|-sidestart|p2: Hactor-gv128|move: Tailwind
|move|p1a: Pelicopter|Hurricane|p2a: Whimsicott
|-supereffective|p2a: Whimsicott
|-damage|p2a: Whimsicott|0 fnt
|faint|p2a: Whimsicott
|
|-weather|RainDance|[upkeep]
|upkeep
|
|t:|1756520953
|switch|p2a: Ursaluna|Ursaluna-Bloodmoon, L50, M|100/100
|turn|2
|
|t:|1756520963
|-terastallize|p2a: Ursaluna|Normal
|move|p2a: Ursaluna|Blood Moon|p1b: monke
|-damage|p1b: monke|2/100
|-damage|p2a: Ursaluna|91/100|[from] item: Life Orb
|move|p1a: Pelicopter|Hurricane|p2a: Ursaluna
|-damage|p2a: Ursaluna|24/100
|-start|p2a: Ursaluna|confusion
|move|p2b: Kingambit|Swords Dance|p2b: Kingambit
|-boost|p2b: Kingambit|atk|2
|move|p1b: monke|Wood Hammer|p2a: Ursaluna
|-damage|p2a: Ursaluna|0 fnt
|faint|p2a: Ursaluna
|-damage|p1b: monke|0 fnt|[from] Recoil
|faint|p1b: monke
|
|-weather|RainDance|[upkeep]
|upkeep
|
|t:|1756520982
|switch|p1b: menacetosociety|Sneasler, L50, M, shiny|100/100
|switch|p2a: Basculegion|Basculegion, L50, M|100/100
|-enditem|p1b: menacetosociety|Grassy Seed
|-boost|p1b: menacetosociety|def|1|[from] item: Grassy Seed
|turn|3
|
|t:|1756520993
|move|p1b: menacetosociety|Protect|p1b: menacetosociety
|-singleturn|p1b: menacetosociety|Protect
|move|p2b: Kingambit|Sucker Punch||[still]
|-fail|p2b: Kingambit
|move|p2a: Basculegion|Last Respects|p1b: menacetosociety
|-activate|p1b: menacetosociety|move: Protect
|move|p1a: Pelicopter|Hurricane|p2a: Basculegion
|-damage|p2a: Basculegion|50/100
|
|-weather|RainDance|[upkeep]
|-heal|p2a: Basculegion|55/100|[from] Grassy Terrain
|upkeep
|turn|4
|
|t:|1756521009
|switch|p1b: its my bridge!|Archaludon, L50, F, shiny|100/100
|move|p2b: Kingambit|Sucker Punch|p1a: Pelicopter
|-damage|p1a: Pelicopter|0 fnt
|faint|p1a: Pelicopter
|move|p2a: Basculegion|Last Respects|p1b: its my bridge!
|-ability|p1b: its my bridge!|Sturdy
|-damage|p1b: its my bridge!|1/100
|
|-weather|RainDance|[upkeep]
|-heal|p2a: Basculegion|61/100|[from] Grassy Terrain
|-heal|p1b: its my bridge!|7/100|[from] Grassy Terrain
|-sideend|p2: Hactor-gv128|move: Tailwind
|upkeep
|
|t:|1756521012
|switch|p1a: menacetosociety|Sneasler, L50, M, shiny|100/100
|turn|5
|
|t:|1756521019
|move|p2b: Kingambit|Sucker Punch|p1b: its my bridge!
|-damage|p1b: its my bridge!|0 fnt
|faint|p1b: its my bridge!
|move|p1a: menacetosociety|Throat Chop|p2a: Basculegion
|-supereffective|p2a: Basculegion
|-damage|p2a: Basculegion|0 fnt
|faint|p2a: Basculegion
|
|-weather|none
|-fieldend|move: Grassy Terrain
|upkeep
|turn|6
|
|t:|1756521031
|-terastallize|p1a: menacetosociety|Dark
|move|p2b: Kingambit|Sucker Punch|p1a: menacetosociety
|-resisted|p1a: menacetosociety
|-damage|p1a: menacetosociety|37/100
|move|p1a: menacetosociety|Close Combat|p2b: Kingambit
|-supereffective|p2b: Kingambit
|-damage|p2b: Kingambit|0 fnt
|-unboost|p1a: menacetosociety|def|1
|-unboost|p1a: menacetosociety|spd|1
|faint|p2b: Kingambit
|
|win|randomguy1114s
|raw|randomguy1114s's rating: 1179 → 1198(+19 for winning)
|raw|Hactor-gv128's rating: 1088 → 1071(-17 for losing)
|c|☆Hactor-gv128|Gg
