|j|☆regalac3
|j|☆gigachand
|html|regalac3gigachand    
|uhtml|bestof|Game 3 of a best-of-3
|t:|1783057167
|gametype|doubles
|player|p1|regalac3|n|1149
|player|p2|gigachand|169|1078
|gen|9
|tier|[Gen 9 Champions] VGC 2026 Reg M-B (Bo3)
|rated|
|rule|Species Clause: Limit one of each Pokémon
|rule|Item Clause: Limit 1 of each item
|clearpoke
|poke|p1|Aerodactyl, L50, M|
|poke|p1|Pyroar, L50, M|
|poke|p1|Farigiraf, L50, F|
|poke|p1|Mamoswine, L50, F|
|poke|p1|Venusaur, L50, F|
|poke|p1|Torkoal, L50, M|
|poke|p2|Dragonite, L50, M|
|poke|p2|Swampert, L50, M|
|poke|p2|Sneasler, L50, M|
|poke|p2|Pelipper, L50, F|
|poke|p2|Archaludon, L50, M|
|poke|p2|Grimmsnarl, L50, M|
|teampreview|4
|showteam|p1|Aerodactyl||Aerodactylite|Unnerve|RockSlide,DualWingbeat,IceFang,Tailwind|Jolly||M|||50|]Pyroar||Pyroarite|Unnerve|HeatWave,SolarBeam,Overheat,Protect|Timid||M|||50|]Farigiraf||SitrusBerry|ArmorTail|Psychic,Thunderbolt,HelpingHand,TrickRoom|Modest||F|||50|]Mamoswine||LifeOrb|Oblivious|IcicleCrash,HighHorsepower,IceShard,Protect|Adamant||F|||50|]Venusaur||FocusSash|Chlorophyll|LeafStorm,SludgeBomb,SleepPowder,Protect|Modest||F|||50|]Torkoal||Charcoal|Drought|Eruption,WeatherBall,HelpingHand,Protect|Quiet||M|||50|
|showteam|p2|Dragonite||Dragoninite|InnerFocus|Outrage,AquaJet,IceSpinner,Protect|Jolly||M|||50|]Swampert||Swampertite|Damp|Earthquake,WaveCrash,Protect,IcePunch|Adamant||M|||50|]Sneasler||WhiteHerb|Unburden|CloseCombat,DireClaw,Protect,LashOut|Adamant||M|||50|]Pelipper||DampRock|Drizzle|WeatherBall,Hurricane,Protect,IceBeam|Modest||F|||50|]Archaludon||MentalHerb|Stamina|ElectroShot,DracoMeteor,Protect,FlashCannon|Timid||M|||50|]Grimmsnarl||LightClay|Prankster|Reflect,LightScreen,Taunt,DazzlingGleam|Calm||M|||50|
|inactive|Battle timer is ON: inactive players will automatically lose when time's up. (requested by gigachand)
|
|t:|1783057193
|teamsize|p1|4
|teamsize|p2|4
|start
|switch|p1a: Venusaur|Venusaur, L50, F|100/100
|switch|p1b: Torkoal|Torkoal, L50, M|100/100
|switch|p2a: Grimmsnarl|Grimmsnarl, L50, M|100/100
|switch|p2b: Dragonite|Dragonite, L50, M|100/100
|-weather|SunnyDay|[from] ability: Drought|[of] p1b: Torkoal
|turn|1
|
|t:|1783057215
|switch|p2a: Pelipper|Pelipper, L50, F|100/100
|-weather|RainDance|[from] ability: Drizzle|[of] p2a: Pelipper
|switch|p1b: Farigiraf|Farigiraf, L50, F|100/100
|move|p2b: Dragonite|Ice Spinner|p1a: Venusaur
|-supereffective|p1a: Venusaur|1
|-crit|p1a: Venusaur
|-enditem|p1a: Venusaur|Focus Sash
|-damage|p1a: Venusaur|1/100
|move|p1a: Venusaur|Sleep Powder|p2b: Dragonite
|-status|p2b: Dragonite|slp|[from] move: Sleep Powder
|
|-weather|RainDance|[upkeep]
|upkeep
|turn|2
|inactive|gigachand has 30 seconds left.
|
|t:|1783057248
|switch|p2b: Swampert|Swampert, L50, M|100/100
|move|p2a: Pelipper|Protect|p2a: Pelipper
|-singleturn|p2a: Pelipper|Protect
|move|p1a: Venusaur|Leaf Storm|p2a: Pelipper
|-activate|p2a: Pelipper|move: Protect
|move|p1b: Farigiraf|Trick Room|p1b: Farigiraf
|-fieldstart|move: Trick Room|[of] p1b: Farigiraf
|
|-weather|RainDance|[upkeep]
|upkeep
|turn|3
|inactive|regalac3 has 30 seconds left.
|inactive|gigachand has 30 seconds left.
|
|t:|1783057282
|switch|p2a: Grimmsnarl|Grimmsnarl, L50, M|100/100
|move|p2b: Swampert|Protect|p2b: Swampert
|-singleturn|p2b: Swampert|Protect
|move|p1b: Farigiraf|Thunderbolt|p2a: Grimmsnarl
|-damage|p2a: Grimmsnarl|78/100
|move|p1a: Venusaur|Leaf Storm|p2b: Swampert
|-activate|p2b: Swampert|move: Protect
|
|-weather|RainDance|[upkeep]
|upkeep
|turn|4
|inactive|gigachand has 30 seconds left.
|
|t:|1783057310
|switch|p2b: Dragonite|Dragonite, L50, M|100/100 slp
|move|p2a: Grimmsnarl|Light Screen|p2a: Grimmsnarl
|-sidestart|p2: gigachand|move: Light Screen
|move|p1b: Farigiraf|Psychic|p2b: Dragonite
|-damage|p2b: Dragonite|68/100 slp
|move|p1a: Venusaur|Sludge Bomb|p2a: Grimmsnarl
|-supereffective|p2a: Grimmsnarl|1
|-damage|p2a: Grimmsnarl|31/100
|-status|p2a: Grimmsnarl|psn
|
|-weather|RainDance|[upkeep]
|-damage|p2a: Grimmsnarl|18/100 psn|[from] psn
|upkeep
|turn|5
|inactive|gigachand has 30 seconds left.
|
|t:|1783057337
|move|p2a: Grimmsnarl|Taunt||[still]
|cant|p1b: Farigiraf|ability: Armor Tail|Taunt|[of] p2a: Grimmsnarl
|move|p1b: Farigiraf|Thunderbolt|p2b: Dragonite
|-damage|p2b: Dragonite|51/100 slp
|move|p1a: Venusaur|Sludge Bomb|p2b: Dragonite
|-damage|p2b: Dragonite|18/100 slp
|cant|p2b: Dragonite|slp
|
|-weather|RainDance|[upkeep]
|-damage|p2a: Grimmsnarl|6/100 psn|[from] psn
|upkeep
|turn|6
|inactive|gigachand has 30 seconds left.
|
|t:|1783057371
|move|p2a: Grimmsnarl|Reflect|p2a: Grimmsnarl
|-sidestart|p2: gigachand|Reflect
|move|p1b: Farigiraf|Thunderbolt|p2a: Grimmsnarl
|-damage|p2a: Grimmsnarl|0 fnt
|faint|p2a: Grimmsnarl
|move|p1a: Venusaur|Sludge Bomb|p2b: Dragonite
|-damage|p2b: Dragonite|0 fnt
|faint|p2b: Dragonite
|
|-weather|RainDance|[upkeep]
|-fieldend|move: Trick Room
|upkeep
|
|t:|1783057385
|switch|p2b: Pelipper|Pelipper, L50, F|100/100
|switch|p2a: Swampert|Swampert, L50, M|100/100
|turn|7
|
|t:|1783057405
|switch|p1b: Torkoal|Torkoal, L50, M|100/100
|-weather|SunnyDay|[from] ability: Drought|[of] p1b: Torkoal
|move|p2b: Pelipper|Protect|p2b: Pelipper
|-singleturn|p2b: Pelipper|Protect
|move|p1a: Venusaur|Leaf Storm|p2a: Swampert
|-supereffective|p2a: Swampert|2
|-damage|p2a: Swampert|0 fnt
|-unboost|p1a: Venusaur|spa|2
|faint|p2a: Swampert
|
|-weather|SunnyDay|[upkeep]
|upkeep
|turn|8
|
|t:|1783057421
|switch|p1b: Farigiraf|Farigiraf, L50, F|100/100
|move|p1a: Venusaur|Sludge Bomb|p2b: Pelipper
|-damage|p2b: Pelipper|80/100
|move|p2b: Pelipper|Weather Ball|p1a: Venusaur
|-supereffective|p1a: Venusaur|1
|-damage|p1a: Venusaur|0 fnt
|faint|p1a: Venusaur
|
|-weather|SunnyDay|[upkeep]
|upkeep
|
|t:|1783057431
|switch|p1a: Pyroar|Pyroar, L50, M|100/100
|-ability|p1a: Pyroar|Unnerve
|turn|9
|
|t:|1783057444
|detailschange|p1a: Pyroar|Pyroar-Mega, L50, M
|-mega|p1a: Pyroar|Pyroar|Pyroarite
|move|p2b: Pelipper|Protect|p2b: Pelipper
|-singleturn|p2b: Pelipper|Protect
|move|p1a: Pyroar|Heat Wave|p2b: Pelipper
|-activate|p2b: Pelipper|move: Protect
|move|p1b: Farigiraf|Thunderbolt|p2b: Pelipper
|-activate|p2b: Pelipper|move: Protect
|
|-weather|SunnyDay|[upkeep]
|upkeep
|turn|10
|
|t:|1783057463
|move|p1a: Pyroar|Heat Wave|p2b: Pelipper|[miss]
|-miss|p1a: Pyroar|p2b: Pelipper
|move|p2b: Pelipper|Weather Ball|p1b: Farigiraf
|-damage|p1b: Farigiraf|55/100
|move|p1b: Farigiraf|Thunderbolt|p2b: Pelipper
|-supereffective|p2b: Pelipper|2
|-damage|p2b: Pelipper|0 fnt
|faint|p2b: Pelipper
|
|win|regalac3
|raw|regalac3's rating: 1149 → 1169(+20 for winning)
|raw|gigachand's rating: 1078 → 1061(-17 for losing)
|l|☆gigachand
|player|p2|
