|j|☆blackstorm games
|j|☆myshirtisdirty
|html|blackstorm gamesmyshirtisdirty    
|uhtml|bestof|Game 2 of a best-of-3
|t:|1756845227
|gametype|doubles
|player|p1|blackstorm games|266|1178
|player|p2|myshirtisdirty|265|1237
|gen|9
|tier|[Gen 9] VGC 2025 Reg H (Bo3)
|rated|
|rule|Species Clause: Limit one of each Pokémon
|rule|Item Clause: Limit 1 of each item
|clearpoke
|poke|p1|Dragonite, L50, F|
|poke|p1|Pelipper, L50, F|
|poke|p1|Gholdengo, L50|
|poke|p1|Archaludon, L50, F|
|poke|p1|Sinistcha, L50|
|poke|p1|Ursaluna, L50, F|
|poke|p2|Sneasler, L50, M|
|poke|p2|Incineroar, L50, M|
|poke|p2|Milotic, L50, M|
|poke|p2|Ninetales-Alola, L50, M|
|poke|p2|Garchomp, L50, M|
|poke|p2|Indeedee, L50, M|
|teampreview|4
|showteam|p1|Dragonite||LoadedDice|Multiscale|ScaleShot,Tailwind,Haze,Protect|||F|||50|,,,,,Fairy]Pelipper||FocusSash|Drizzle|Hurricane,Tailwind,WeatherBall,Protect|||F|||50|,,,,,Ghost]Gholdengo||LifeOrb|GoodasGold|MakeItRain,ShadowBall,NastyPlot,Protect||||||50|,,,,,Water]Archaludon||AssaultVest|Stamina|ElectroShot,BodyPress,DracoMeteor,Snarl|||F|||50|,,,,,Fighting]Sinistcha||SitrusBerry|Hospitality|MatchaGotcha,LifeDew,RagePowder,TrickRoom||||||50|,,,,,Dark]Ursaluna||FlameOrb|Guts|HeadlongRush,Earthquake,Facade,Protect|||F|||50|,,,,,Ghost
|showteam|p2|Sneasler||PsychicSeed|Unburden|Protect,CloseCombat,DireClaw,ThroatChop|||M|||50|,,,,,Dark]Incineroar||SafetyGoggles|Intimidate|FakeOut,FlareBlitz,KnockOff,PartingShot|||M|||50|,,,,,Ghost]Milotic||SitrusBerry|Competitive|Scald,LifeDew,Haze,Protect|||M|||50|,,,,,Grass]Ninetales-Alola||NeverMeltIce|SnowWarning|AuroraVeil,FreezeDry,Blizzard,Protect|||M|||50|,,,,,Fire]Garchomp||LifeOrb|RoughSkin|DragonClaw,RockSlide,StompingTantrum,Protect|||M|||50|,,,,,Fairy]Indeedee||FocusSash|PsychicSurge|ExpandingForce,TrickRoom,Imprison,Protect|||M|||50|,,,,,Psychic
|
|t:|1756845253
|teamsize|p1|4
|teamsize|p2|4
|start
|switch|p1a: Pelipper|Pelipper, L50, F|100/100
|switch|p1b: Dragonite|Dragonite, L50, F|100/100
|switch|p2a: Indeedee|Indeedee, L50, M, shiny|100/100
|switch|p2b: Sneasler|Sneasler, L50, M|100/100
|-fieldstart|move: Psychic Terrain|[from] ability: Psychic Surge|[of] p2a: Indeedee
|-enditem|p2b: Sneasler|Psychic Seed
|-boost|p2b: Sneasler|spd|1|[from] item: Psychic Seed
|-weather|RainDance|[from] ability: Drizzle|[of] p1a: Pelipper
|turn|1
|
|t:|1756845299
|move|p2b: Sneasler|Dire Claw|p1a: Pelipper
|-damage|p1a: Pelipper|42/100
|-status|p1a: Pelipper|slp
|move|p2a: Indeedee|Expanding Force|p1a: Pelipper|[spread] p1a,p1b
|-damage|p1a: Pelipper|0 fnt
|-damage|p1b: Dragonite|74/100
|faint|p1a: Pelipper
|move|p1b: Dragonite|Scale Shot|p2a: Indeedee
|-damage|p2a: Indeedee|71/100
|-damage|p2a: Indeedee|45/100
|-damage|p2a: Indeedee|16/100
|-damage|p2a: Indeedee|0 fnt
|faint|p2a: Indeedee
|-hitcount|p2: Indeedee|4
|-unboost|p1b: Dragonite|def|1
|-boost|p1b: Dragonite|spe|1
|
|-weather|RainDance|[upkeep]
|upkeep
|
|t:|1756845316
|switch|p2a: Ninetales|Ninetales-Alola, L50, M|100/100
|switch|p1a: Archaludon|Archaludon, L50, F|100/100
|-weather|Snowscape|[from] ability: Snow Warning|[of] p2a: Ninetales
|turn|2
|
|t:|1756845354
|-terastallize|p1a: Archaludon|Fighting
|move|p2b: Sneasler|Dire Claw|p1b: Dragonite
|-damage|p1b: Dragonite|2/100
|-status|p1b: Dragonite|slp
|cant|p1b: Dragonite|slp
|move|p2a: Ninetales|Aurora Veil|p2a: Ninetales
|-sidestart|p2: myshirtisdirty|move: Aurora Veil
|move|p1a: Archaludon|Body Press|p2a: Ninetales
|-damage|p2a: Ninetales|75/100
|
|-weather|Snowscape|[upkeep]
|upkeep
|turn|3
|
|t:|1756845372
|move|p2b: Sneasler|Dire Claw|p1a: Archaludon
|-damage|p1a: Archaludon|64/100
|-ability|p1a: Archaludon|Stamina|boost
|-boost|p1a: Archaludon|def|1
|-curestatus|p1b: Dragonite|slp|[msg]
|move|p1b: Dragonite|Tailwind|p1b: Dragonite
|-sidestart|p1: blackstorm games|move: Tailwind
|move|p1a: Archaludon|Snarl|p2b: Sneasler|[spread] p2a,p2b
|-resisted|p2a: Ninetales
|-resisted|p2b: Sneasler
|-damage|p2a: Ninetales|70/100
|-damage|p2b: Sneasler|97/100
|-unboost|p2a: Ninetales|spa|1
|-unboost|p2b: Sneasler|spa|1
|move|p2a: Ninetales|Blizzard|p1b: Dragonite|[spread] p1a,p1b
|-supereffective|p1b: Dragonite
|-damage|p1a: Archaludon|42/100
|-damage|p1b: Dragonite|0 fnt
|-ability|p1a: Archaludon|Stamina|boost
|-boost|p1a: Archaludon|def|1
|faint|p1b: Dragonite
|
|-weather|Snowscape|[upkeep]
|upkeep
|
|t:|1756845390
|switch|p1b: Ursaluna|Ursaluna, L50, F|100/100
|turn|4
|
|t:|1756845407
|switch|p2a: Incineroar|Incineroar, L50, M|100/100
|-ability|p2a: Incineroar|Intimidate|boost
|-unboost|p1a: Archaludon|atk|1
|-unboost|p1b: Ursaluna|atk|1
|move|p2b: Sneasler|Dire Claw|p1a: Archaludon
|-damage|p1a: Archaludon|25/100
|-status|p1a: Archaludon|par
|-ability|p1a: Archaludon|Stamina|boost
|-boost|p1a: Archaludon|def|1
|move|p1b: Ursaluna|Headlong Rush|p2b: Sneasler
|-supereffective|p2b: Sneasler
|-damage|p2b: Sneasler|0 fnt
|-unboost|p1b: Ursaluna|def|1
|-unboost|p1b: Ursaluna|spd|1
|faint|p2b: Sneasler
|move|p1a: Archaludon|Body Press|p2a: Incineroar
|-supereffective|p2a: Incineroar
|-damage|p2a: Incineroar|0 fnt
|faint|p2a: Incineroar
|
|-weather|Snowscape|[upkeep]
|-status|p1b: Ursaluna|brn|[from] item: Flame Orb
|upkeep
|
|t:|1756845424
|switch|p2b: Ninetales|Ninetales-Alola, L50, M|70/100
|turn|5
|
|t:|1756845436
|move|p1b: Ursaluna|Facade|p2b: Ninetales
|-damage|p2b: Ninetales|16/100
|move|p2b: Ninetales|Blizzard|p1b: Ursaluna|[spread] p1a,p1b
|-supereffective|p1b: Ursaluna
|-damage|p1a: Archaludon|0 fnt
|-damage|p1b: Ursaluna|0 fnt
|faint|p1a: Archaludon
|faint|p1b: Ursaluna
|
|win|myshirtisdirty
||myshirtisdirty is ready for game 3.
||blackstorm games is ready for game 3.
|uhtml|next|Next: Game 3 of 3
|l|☆myshirtisdirty
|player|p2|
