|j|☆aefrmm
|j|☆five_loko_gold
|html|aefrmmfive_loko_gold    
|uhtml|bestof|Game 1 of a best-of-3
|t:|1756264402
|gametype|doubles
|player|p1|aefrmm|pokemonrangerf-gen4|1072
|player|p2|five_loko_gold|266|1065
|gen|9
|tier|[Gen 9] VGC 2025 Reg H (Bo3)
|rated|
|rule|Species Clause: Limit one of each Pokémon
|rule|Item Clause: Limit 1 of each item
|clearpoke
|poke|p1|Ninetales-Alola, L50, F|
|poke|p1|Basculegion, L50, M|
|poke|p1|Magmar, L50, M|
|poke|p1|Sneasler, L50, M|
|poke|p1|Rillaboom, L50, M|
|poke|p1|Kingambit, L50, M|
|poke|p2|Rillaboom, L50, F|
|poke|p2|Sneasler, L50, F|
|poke|p2|Dragonite, L50, F|
|poke|p2|Kingambit, L50, F|
|poke|p2|Electabuzz, L50, F|
|poke|p2|Volcarona, L50, M|
|teampreview|4
|showteam|p1|Ninetales-Alola||LifeOrb|SnowWarning|Blizzard,FreezeDry,Encore,Protect|||F|||50|,,,,,Ghost]Basculegion||ChoiceScarf|Adaptability|WaveCrash,LastRespects,FlipTurn,TeraBlast|||M|||50|,,,,,Fighting]Magmar||Eviolite|VitalSpirit|Taunt,HeatWave,FollowMe,Protect|||M|||50|,,,,,Water]Sneasler||FocusSash|PoisonTouch|CloseCombat,DireClaw,FakeOut,Protect|||M|||50|,,,,,Stellar]Rillaboom||AssaultVest|GrassySurge|WoodHammer,GrassyGlide,Uturn,FakeOut|||M|||50|,,,,,Water]Kingambit||BlackGlasses|Defiant|KowtowCleave,SuckerPunch,SwordsDance,Protect|||M|||50|,,,,,Fire
|showteam|p2|Rillaboom||AssaultVest|GrassySurge|WoodHammer,GrassyGlide,HighHorsepower,FakeOut|||F|||50|,,,,,Fire]Sneasler||FocusSash|Unburden|CloseCombat,DireClaw,Coaching,Protect|||F|||50|,,,,,Stellar]Dragonite||LoadedDice|Multiscale|ScaleShot,Haze,ExtremeSpeed,Protect|||F|||50|,,,,,Fairy]Kingambit||BlackGlasses|Defiant|Protect,KowtowCleave,SuckerPunch,SwordsDance|||F|||50|,,,,,Dark]Electabuzz||Eviolite|VitalSpirit|Taunt,FollowMe,Thunderbolt,Protect|||F|||50|,,,,,Ghost]Volcarona||Leftovers|FlameBody|Protect,HeatWave,TeraBlast,QuiverDance|||M|||50|,,,,,Fairy
|inactive|Battle timer is ON: inactive players will automatically lose when time's up. (requested by aefrmm)
|inactive|aefrmm has 60 seconds left.
|inactive|five_loko_gold has 60 seconds left.
|inactive|five_loko_gold has 30 seconds left.
|
|t:|1756264464
|teamsize|p1|4
|teamsize|p2|4
|start
|switch|p1a: Ninetales|Ninetales-Alola, L50, F|100/100
|switch|p1b: Basculegion|Basculegion, L50, M|100/100
|switch|p2a: Rillaboom|Rillaboom, L50, F|100/100
|switch|p2b: Volcarona|Volcarona, L50, M, shiny|100/100
|-weather|Snowscape|[from] ability: Snow Warning|[of] p1a: Ninetales
|-fieldstart|move: Grassy Terrain|[from] ability: Grassy Surge|[of] p2a: Rillaboom
|turn|1
|inactive|aefrmm has 30 seconds left.
|inactive|aefrmm has 20 seconds left.
|
|t:|1756264499
|switch|p1b: Magmar|Magmar, L50, M|100/100
|-terastallize|p1a: Ninetales|Ghost
|move|p2b: Volcarona|Protect|p2b: Volcarona
|-singleturn|p2b: Volcarona|Protect
|move|p2a: Rillaboom|Grassy Glide|p1b: Magmar
|-resisted|p1b: Magmar
|-damage|p1b: Magmar|88/100
|move|p1a: Ninetales|Blizzard|p2a: Rillaboom|[spread] p2a
|-activate|p2b: Volcarona|move: Protect
|-supereffective|p2a: Rillaboom
|-damage|p2a: Rillaboom|43/100
|-damage|p1a: Ninetales|91/100|[from] item: Life Orb
|
|-weather|Snowscape|[upkeep]
|-heal|p1a: Ninetales|97/100|[from] Grassy Terrain
|-heal|p1b: Magmar|94/100|[from] Grassy Terrain
|-heal|p2a: Rillaboom|48/100|[from] Grassy Terrain
|upkeep
|turn|2
|inactive|aefrmm has 30 seconds left.
|inactive|five_loko_gold has 30 seconds left.
|inactive|five_loko_gold has 20 seconds left.
|
|t:|1756264538
|-terastallize|p2a: Rillaboom|Fire
|move|p1b: Magmar|Follow Me|p1b: Magmar
|-singleturn|p1b: Magmar|move: Follow Me
|move|p1a: Ninetales|Blizzard|p2b: Volcarona|[spread] p2a,p2b
|-resisted|p2a: Rillaboom
|-resisted|p2b: Volcarona
|-damage|p2a: Rillaboom|35/100
|-damage|p2b: Volcarona|82/100
|-damage|p1a: Ninetales|88/100|[from] item: Life Orb
|move|p2b: Volcarona|Quiver Dance|p2b: Volcarona
|-boost|p2b: Volcarona|spa|1
|-boost|p2b: Volcarona|spd|1
|-boost|p2b: Volcarona|spe|1
|move|p2a: Rillaboom|High Horsepower|p1b: Magmar
|-supereffective|p1b: Magmar
|-damage|p1b: Magmar|48/100
|
|-weather|Snowscape|[upkeep]
|-heal|p2b: Volcarona|89/100|[from] Grassy Terrain
|-heal|p2b: Volcarona|95/100|[from] item: Leftovers
|-heal|p1a: Ninetales|94/100|[from] Grassy Terrain
|-heal|p1b: Magmar|54/100|[from] Grassy Terrain
|-heal|p2a: Rillaboom|41/100|[from] Grassy Terrain
|upkeep
|turn|3
|inactive|aefrmm has 30 seconds left.
|inactive|five_loko_gold has 30 seconds left.
|
|t:|1756264573
|move|p1b: Magmar|Follow Me|p1b: Magmar
|-singleturn|p1b: Magmar|move: Follow Me
|move|p2b: Volcarona|Heat Wave|p1b: Magmar|[spread] p1a
|-miss|p2b: Volcarona|p1b: Magmar
|-damage|p1a: Ninetales|25/100
|move|p1a: Ninetales|Blizzard|p2a: Rillaboom|[spread] p2a,p2b
|-resisted|p2a: Rillaboom
|-resisted|p2b: Volcarona
|-damage|p2a: Rillaboom|28/100
|-damage|p2b: Volcarona|84/100
|-damage|p1a: Ninetales|15/100|[from] item: Life Orb
|move|p2a: Rillaboom|High Horsepower|p1b: Magmar
|-supereffective|p1b: Magmar
|-damage|p1b: Magmar|3/100
|
|-weather|Snowscape|[upkeep]
|-heal|p2b: Volcarona|90/100|[from] Grassy Terrain
|-heal|p2b: Volcarona|96/100|[from] item: Leftovers
|-heal|p1a: Ninetales|21/100|[from] Grassy Terrain
|-heal|p1b: Magmar|9/100|[from] Grassy Terrain
|-heal|p2a: Rillaboom|34/100|[from] Grassy Terrain
|upkeep
|turn|4
|inactive|aefrmm has 30 seconds left.
|inactive|aefrmm has 20 seconds left.
|inactive|aefrmm has 15 seconds left.
|inactive|aefrmm has 10 seconds left.
|
|t:|1756264620
|switch|p2a: Electabuzz|Electabuzz, L50, F|100/100
|move|p1b: Magmar|Follow Me|p1b: Magmar
|-singleturn|p1b: Magmar|move: Follow Me
|move|p2b: Volcarona|Heat Wave|p1a: Ninetales|[spread] p1a,p1b
|-resisted|p1b: Magmar
|-damage|p1a: Ninetales|0 fnt
|-damage|p1b: Magmar|0 fnt
|faint|p1a: Ninetales
|faint|p1b: Magmar
|
|-weather|Snowscape|[upkeep]
|-heal|p2b: Volcarona|100/100|[from] Grassy Terrain
|upkeep
|
|t:|1756264635
|switch|p1a: Basculegion|Basculegion, L50, M|100/100
|switch|p1b: Sneasler|Sneasler, L50, M|100/100
|turn|5
|inactive|aefrmm has 30 seconds left.
|
|t:|1756264662
|move|p2b: Volcarona|Protect|p2b: Volcarona
|-singleturn|p2b: Volcarona|Protect
|move|p2a: Electabuzz|Protect|p2a: Electabuzz
|-singleturn|p2a: Electabuzz|Protect
|move|p1a: Basculegion|Last Respects|p2a: Electabuzz
|-activate|p2a: Electabuzz|move: Protect
|move|p1b: Sneasler|Dire Claw|p2b: Volcarona
|-activate|p2b: Volcarona|move: Protect
|
|-weather|none
|-fieldend|move: Grassy Terrain
|upkeep
|turn|6
|
|t:|1756264681
|move|p2a: Electabuzz|Follow Me|p2a: Electabuzz
|-singleturn|p2a: Electabuzz|move: Follow Me
|move|p2b: Volcarona|Heat Wave|p1a: Basculegion|[spread] p1a,p1b
|-resisted|p1a: Basculegion
|-damage|p1a: Basculegion|72/100
|-damage|p1b: Sneasler|25/100
|move|p1a: Basculegion|Last Respects|p2a: Electabuzz
|-damage|p2a: Electabuzz|22/100
|move|p1b: Sneasler|Dire Claw|p2a: Electabuzz
|-damage|p2a: Electabuzz|0 fnt
|faint|p2a: Electabuzz
|
|upkeep
|
|t:|1756264695
|switch|p2a: Rillaboom|Rillaboom, L50, F, tera:Fire|34/100
|-fieldstart|move: Grassy Terrain|[from] ability: Grassy Surge|[of] p2a: Rillaboom
|turn|7
|
|t:|1756264705
|move|p2a: Rillaboom|Grassy Glide|p1a: Basculegion
|-supereffective|p1a: Basculegion
|-damage|p1a: Basculegion|0 fnt
|faint|p1a: Basculegion
|move|p2b: Volcarona|Heat Wave|p1b: Sneasler
|-damage|p1b: Sneasler|0 fnt
|faint|p1b: Sneasler
|
|win|five_loko_gold
||aefrmm is ready for game 2.
