|j|☆schshfh
|j|☆Descugi
|html|schshfhDescugi    
|uhtml|bestof|Game 1 of a best-of-3
|t:|1783979248
|gametype|doubles
|player|p1|schshfh|lance|1136
|player|p2|Descugi|101|1160
|gen|9
|tier|[Gen 9 Champions] VGC 2026 Reg M-B (Bo3)
|rated|
|rule|Species Clause: Limit one of each Pokémon
|rule|Item Clause: Limit 1 of each item
|clearpoke
|poke|p1|Aerodactyl, L50, M|
|poke|p1|Sylveon, L50, F|
|poke|p1|Farigiraf, L50, F|
|poke|p1|Charizard, L50, M|
|poke|p1|Garchomp, L50, F|
|poke|p1|Kingambit, L50, F|
|poke|p2|Gholdengo, L50|
|poke|p2|Raichu, L50, M|
|poke|p2|Floette-Eternal, L50, F|
|poke|p2|Incineroar, L50, M|
|poke|p2|Mamoswine, L50, M|
|poke|p2|Talonflame, L50, M|
|teampreview|4
|showteam|p1|Aerodactyl||Aerodactylite|Unnerve|RockSlide,IceFang,Tailwind,DualWingbeat|Jolly||M|||50|]Sylveon||FairyFeather|Pixilate|HyperVoice,HyperBeam,QuickAttack,Detect|Modest||F|||50|]Farigiraf||SitrusBerry|ArmorTail|Psychic,HelpingHand,TrickRoom,Protect|Bold||F|||50|]Charizard||CharizarditeY|Blaze|HeatWave,SolarBeam,WeatherBall,Protect|Modest||M|||50|]Garchomp||LifeOrb|RoughSkin|Earthquake,DragonClaw,StompingTantrum,Protect|Jolly||F|||50|]Kingambit||FocusSash|Defiant|KowtowCleave,IronHead,LowKick,SuckerPunch|Adamant||F|||50|
|showteam|p2|Gholdengo||SpellTag|GoodasGold|MakeItRain,ShadowBall,NastyPlot,Protect|Modest|||||50|]Raichu||RaichuniteY|Static|ZapCannon,FocusBlast,FakeOut,VoltSwitch|Timid||M|||50|]Floette-Eternal||Floettite|FlowerVeil|Moonblast,DazzlingGleam,CalmMind,Protect|Modest||F|||50|]Incineroar||SitrusBerry|Intimidate|FlareBlitz,ThroatChop,PartingShot,FakeOut|Relaxed||M|||50|]Mamoswine||LifeOrb|Oblivious|HighHorsepower,RockTomb,IceShard,Protect|Jolly||M|||50|]Talonflame||Charcoal|GaleWings|BraveBird,Overheat,Tailwind,Protect|Naive||M|||50|
|
|t:|1783979287
|teamsize|p1|4
|teamsize|p2|4
|start
|switch|p1a: Farigiraf|Farigiraf, L50, F|100/100
|switch|p1b: Sylveon|Sylveon, L50, F|100/100
|switch|p2a: Raichu|Raichu, L50, M|100/100
|switch|p2b: Gholdengo|Gholdengo, L50|100/100
|turn|1
|
|t:|1783979319
|detailschange|p2a: Raichu|Raichu-Mega-Y, L50, M
|-mega|p2a: Raichu|Raichu|Raichunite Y
|move|p2a: Raichu|Zap Cannon|p1a: Farigiraf
|-damage|p1a: Farigiraf|48/100
|-status|p1a: Farigiraf|par
|-enditem|p1a: Farigiraf|Sitrus Berry|[eat]
|-heal|p1a: Farigiraf|73/100 par|[from] item: Sitrus Berry
|move|p2b: Gholdengo|Nasty Plot|p2b: Gholdengo
|-boost|p2b: Gholdengo|spa|2
|move|p1b: Sylveon|Hyper Voice|p2a: Raichu|[spread] p2a,p2b
|-resisted|p2b: Gholdengo|1
|-damage|p2a: Raichu|35/100
|-damage|p2b: Gholdengo|74/100
|move|p1a: Farigiraf|Trick Room|p1a: Farigiraf
|-fieldstart|move: Trick Room|[of] p1a: Farigiraf
|
|upkeep
|turn|2
|
|t:|1783979347
|switch|p1b: Kingambit|Kingambit, L50, F|100/100
|switch|p2a: Talonflame|Talonflame, L50, M|100/100
|move|p1a: Farigiraf|Psychic|p2a: Talonflame
|-damage|p2a: Talonflame|37/100
|-unboost|p2a: Talonflame|spd|1
|move|p2b: Gholdengo|Make It Rain|p1b: Kingambit|[spread] p1a
|-miss|p2b: Gholdengo|p1b: Kingambit
|-damage|p1a: Farigiraf|0 fnt
|-unboost|p2b: Gholdengo|spa|2
|faint|p1a: Farigiraf
|
|upkeep
|
|t:|1783979370
|switch|p1a: Sylveon|Sylveon, L50, F|100/100
|turn|3
|
|t:|1783979383
|move|p2b: Gholdengo|Protect|p2b: Gholdengo
|-singleturn|p2b: Gholdengo|Protect
|move|p2a: Talonflame|Protect|p2a: Talonflame
|-singleturn|p2a: Talonflame|Protect
|move|p1a: Sylveon|Hyper Voice|p2a: Talonflame|[spread] 
|-activate|p2a: Talonflame|move: Protect
|-activate|p2b: Gholdengo|move: Protect
|move|p1b: Kingambit|Kowtow Cleave|p2b: Gholdengo
|-activate|p2b: Gholdengo|move: Protect
|
|upkeep
|turn|4
|
|t:|1783979400
|switch|p2a: Mamoswine|Mamoswine, L50, M|100/100
|move|p1a: Sylveon|Hyper Voice|p2b: Gholdengo|[spread] p2a,p2b
|-resisted|p2b: Gholdengo|1
|-damage|p2a: Mamoswine|38/100
|-damage|p2b: Gholdengo|51/100
|move|p1b: Kingambit|Kowtow Cleave|p2b: Gholdengo
|-supereffective|p2b: Gholdengo|1
|-damage|p2b: Gholdengo|0 fnt
|faint|p2b: Gholdengo
|
|upkeep
|
|t:|1783979410
|switch|p2b: Talonflame|Talonflame, L50, M|37/100
|turn|5
|
|t:|1783979426
|move|p2a: Mamoswine|Protect|p2a: Mamoswine
|-singleturn|p2a: Mamoswine|Protect
|move|p2b: Talonflame|Protect|p2b: Talonflame
|-singleturn|p2b: Talonflame|Protect
|move|p1a: Sylveon|Hyper Voice|p2a: Mamoswine|[spread] 
|-activate|p2a: Mamoswine|move: Protect
|-activate|p2b: Talonflame|move: Protect
|move|p1b: Kingambit|Kowtow Cleave|p2b: Talonflame
|-activate|p2b: Talonflame|move: Protect
|
|-fieldend|move: Trick Room
|upkeep
|turn|6
|
|t:|1783979445
|move|p1b: Kingambit|Sucker Punch||[still]
|-fail|p1b: Kingambit
|move|p2b: Talonflame|Tailwind|p2b: Talonflame
|-sidestart|p2: Descugi|move: Tailwind
|move|p2a: Mamoswine|High Horsepower|p1a: Sylveon
|-damage|p1a: Sylveon|27/100
|-damage|p2a: Mamoswine|28/100|[from] item: Life Orb
|move|p1a: Sylveon|Hyper Voice|p2b: Talonflame|[spread] p2a,p2b
|-resisted|p2b: Talonflame|1
|-damage|p2a: Mamoswine|0 fnt
|-damage|p2b: Talonflame|0 fnt
|faint|p2a: Mamoswine
|faint|p2b: Talonflame
|
|upkeep
|
|t:|1783979452
|switch|p2b: Raichu|Raichu-Mega-Y, L50, M|35/100
|turn|7
|-message|Descugi forfeited.
|
|win|schshfh
||Descugi is ready for game 2.
|l|☆schshfh
|player|p1|
|j|☆schshfh
|player|p1|schshfh|lance|
|inactive|schshfh has 30 seconds to confirm battle start!
||schshfh is ready for game 2.
|uhtml|next|Next: Game 2 of 3
|l|☆Descugi
|player|p2|
