|j|☆MitsuruXYukari
|j|☆BlackStag52
|html|MitsuruXYukariBlackStag52    
|uhtml|bestof|Game 2 of a best-of-3
|t:|1782349840
|gametype|doubles
|player|p1|MitsuruXYukari|dahlia|1153
|player|p2|BlackStag52|lorelei-gen3|1160
|gen|9
|tier|[Gen 9 Champions] VGC 2026 Reg M-B (Bo3)
|rated|
|rule|Species Clause: Limit one of each Pokémon
|rule|Item Clause: Limit 1 of each item
|clearpoke
|poke|p1|Altaria, L50, M, shiny|
|poke|p1|Gholdengo, L50|
|poke|p1|Incineroar, L50, M|
|poke|p1|Mamoswine, L50, F|
|poke|p1|Glimmora, L50, M|
|poke|p1|Rotom-Wash, L50, shiny|
|poke|p2|Garchomp, L50, F|
|poke|p2|Eelektross, L50, F|
|poke|p2|Sinistcha, L50|
|poke|p2|Primarina, L50, M|
|poke|p2|Vivillon-High Plains, L50, M|
|poke|p2|Sneasler, L50, F|
|teampreview|4
|showteam|p1|Altaria||Altarianite|CloudNine|Tailwind,HyperVoice,FireBlast,Protect|Modest||M|||50|]Gholdengo||Leftovers|GoodasGold|ShadowBall,MakeItRain,NastyPlot,Protect|Timid|||||50|]Incineroar||SitrusBerry|Intimidate|FakeOut,FlareBlitz,ThroatChop,PartingShot|Careful||M|||50|]Mamoswine||FocusSash|Oblivious|IceShard,IcicleCrash,HighHorsepower,Protect|Adamant||F|||50|]Glimmora||Glimmoranite|ToxicDebris|PowerGem,SludgeBomb,EarthPower,SpikyShield|Timid||M|||50|]Rotom-Wash||LifeOrb|Levitate|HydroPump,Thunderbolt,WillOWisp,Protect|Timid|||||50|
|showteam|p2|Garchomp||LifeOrb|RoughSkin|DragonClaw,Earthquake,Protect,RockSlide|Impish||F|||50|]Eelektross||Eelektrossite|Levitate|GrassKnot,Thunderbolt,Protect,Flamethrower|Modest||F|||50|]Sinistcha||KasibBerry|Hospitality|MatchaGotcha,RagePowder,TrickRoom,LifeDew|Bold|||||50|]Primarina||FairyFeather|LiquidVoice|DazzlingGleam,EnergyBall,HyperVoice,Protect|Modest||M|||50|]Vivillon-High Plains||FocusSash|FriendGuard|Tailwind,AirSlash,PollenPuff,Protect|Timid||M|||50|]Sneasler||WhiteHerb|Unburden|FakeOut,CloseCombat,DireClaw,Protect|Adamant||F|||50|
|
|t:|1782349887
|teamsize|p1|4
|teamsize|p2|4
|start
|switch|p1a: Altaria|Altaria, L50, M, shiny|100/100
|switch|p1b: Incineroar|Incineroar, L50, M|100/100
|switch|p2a: Eelektross|Eelektross, L50, F|100/100
|switch|p2b: Garchomp|Garchomp, L50, F|100/100
|-ability|p1a: Altaria|Cloud Nine
|-ability|p1b: Incineroar|Intimidate|boost
|-unboost|p2a: Eelektross|atk|1
|-unboost|p2b: Garchomp|atk|1
|turn|1
|
|t:|1782349913
|switch|p2b: Sinistcha|Sinistcha, L50|100/100
|detailschange|p1a: Altaria|Altaria-Mega, L50, M, shiny
|-mega|p1a: Altaria|Altaria|Altarianite
|detailschange|p2a: Eelektross|Eelektross-Mega, L50, F
|-mega|p2a: Eelektross|Eelektross|Eelektrossite
|move|p1b: Incineroar|Fake Out|p2b: Sinistcha
|-immune|p2b: Sinistcha
|move|p2a: Eelektross|Thunderbolt|p1a: Altaria
|-resisted|p1a: Altaria|1
|-damage|p1a: Altaria|78/100
|move|p1a: Altaria|Tailwind|p1a: Altaria
|-sidestart|p1: MitsuruXYukari|move: Tailwind
|
|upkeep
|turn|2
|
|t:|1782349926
|move|p2a: Eelektross|Protect|p2a: Eelektross
|-singleturn|p2a: Eelektross|Protect
|move|p1a: Altaria|Hyper Voice|p2b: Sinistcha|[spread] p2b
|-activate|p2a: Eelektross|move: Protect
|-damage|p2b: Sinistcha|59/100
|move|p1b: Incineroar|Flare Blitz|p2b: Sinistcha
|-supereffective|p2b: Sinistcha|1
|-damage|p2b: Sinistcha|0 fnt
|faint|p2b: Sinistcha
|-damage|p1b: Incineroar|82/100|[from] Recoil
|
|upkeep
|
|t:|1782349936
|switch|p2b: Sneasler|Sneasler, L50, F|100/100
|turn|3
|
|t:|1782349952
|move|p2b: Sneasler|Fake Out|p1b: Incineroar
|-damage|p1b: Incineroar|69/100
|move|p1a: Altaria|Hyper Voice|p2b: Sneasler|[spread] p2a,p2b
|-damage|p2a: Eelektross|61/100
|-damage|p2b: Sneasler|45/100
|cant|p1b: Incineroar|flinch
|move|p2a: Eelektross|Thunderbolt|p1b: Incineroar
|-damage|p1b: Incineroar|33/100
|-enditem|p1b: Incineroar|Sitrus Berry|[eat]
|-heal|p1b: Incineroar|58/100|[from] item: Sitrus Berry
|
|upkeep
|turn|4
|
|t:|1782349968
|move|p2a: Eelektross|Protect|p2a: Eelektross
|-singleturn|p2a: Eelektross|Protect
|move|p1a: Altaria|Hyper Voice|p2a: Eelektross|[spread] p2b
|-activate|p2a: Eelektross|move: Protect
|-damage|p2b: Sneasler|0 fnt
|faint|p2b: Sneasler
|move|p1b: Incineroar|Flare Blitz|p2a: Eelektross
|-activate|p2a: Eelektross|move: Protect
|
|-sideend|p1: MitsuruXYukari|move: Tailwind
|upkeep
|
|t:|1782349975
|switch|p2b: Garchomp|Garchomp, L50, F|100/100
|turn|5
|
|t:|1782349987
|move|p1a: Altaria|Protect|p1a: Altaria
|-singleturn|p1a: Altaria|Protect
|move|p2b: Garchomp|Rock Slide|p1a: Altaria|[spread] p1b
|-activate|p1a: Altaria|move: Protect
|-supereffective|p1b: Incineroar|1
|-damage|p1b: Incineroar|21/100
|-damage|p2b: Garchomp|90/100|[from] item: Life Orb
|move|p2a: Eelektross|Thunderbolt|p1b: Incineroar
|-damage|p1b: Incineroar|0 fnt
|faint|p1b: Incineroar
|-ability|p2a: Eelektross|Eelevate|boost
|-boost|p2a: Eelektross|spa|1
|
|upkeep
|
|t:|1782349993
|switch|p1b: Mamoswine|Mamoswine, L50, F|100/100
|turn|6
|
|t:|1782350002
|move|p2b: Garchomp|Protect|p2b: Garchomp
|-singleturn|p2b: Garchomp|Protect
|move|p1b: Mamoswine|Protect|p1b: Mamoswine
|-singleturn|p1b: Mamoswine|Protect
|move|p2a: Eelektross|Flamethrower|p1b: Mamoswine
|-activate|p1b: Mamoswine|move: Protect
|move|p1a: Altaria|Tailwind|p1a: Altaria
|-sidestart|p1: MitsuruXYukari|move: Tailwind
|
|upkeep
|turn|7
|
|t:|1782350014
|move|p1b: Mamoswine|Icicle Crash|p2b: Garchomp
|-supereffective|p2b: Garchomp|2
|-damage|p2b: Garchomp|0 fnt
|faint|p2b: Garchomp
|move|p1a: Altaria|Hyper Voice|p2a: Eelektross
|-damage|p2a: Eelektross|13/100
|move|p2a: Eelektross|Flamethrower|p1b: Mamoswine
|-supereffective|p1b: Mamoswine|1
|-crit|p1b: Mamoswine
|-enditem|p1b: Mamoswine|Focus Sash
|-damage|p1b: Mamoswine|1/100
|
|upkeep
|turn|8
|
|t:|1782350026
|move|p2a: Eelektross|Protect|p2a: Eelektross
|-singleturn|p2a: Eelektross|Protect
|move|p1b: Mamoswine|Ice Shard|p2a: Eelektross
|-activate|p2a: Eelektross|move: Protect
|move|p1a: Altaria|Hyper Voice|p2a: Eelektross
|-activate|p2a: Eelektross|move: Protect
|
|upkeep
|turn|9
|
|t:|1782350030
|move|p2a: Eelektross|Protect|p2a: Eelektross
|-singleturn|p2a: Eelektross|Protect
|move|p1b: Mamoswine|Ice Shard|p2a: Eelektross
|-activate|p2a: Eelektross|move: Protect
|move|p1a: Altaria|Hyper Voice|p2a: Eelektross
|-activate|p2a: Eelektross|move: Protect
|
|-sideend|p1: MitsuruXYukari|move: Tailwind
|upkeep
|turn|10
|
|t:|1782350036
|move|p2a: Eelektross|Protect||[still]
|-fail|p2a: Eelektross
|move|p1b: Mamoswine|Ice Shard|p2a: Eelektross
|-damage|p2a: Eelektross|0 fnt
|faint|p2a: Eelektross
|
|win|MitsuruXYukari
|raw|MitsuruXYukari's rating: 1153 → 1179(+26 for winning)
|raw|BlackStag52's rating: 1160 → 1134(-26 for losing)
