|j|☆alvarotoscano_
|j|☆Ethan's Bleakmiss
|html|alvarotoscano_Ethan's Bleakmiss    
|uhtml|bestof|Game 1 of a best-of-3
|t:|1783522320
|gametype|doubles
|player|p1|alvarotoscano_|2|1063
|player|p2|Ethan's Bleakmiss|unknown|1000
|gen|9
|tier|[Gen 9 Champions] VGC 2026 Reg M-B (Bo3)
|rated|
|rule|Species Clause: Limit one of each Pokémon
|rule|Item Clause: Limit 1 of each item
|clearpoke
|poke|p1|Scrafty, L50, F|
|poke|p1|Farigiraf, L50, M|
|poke|p1|Drampa, L50, F|
|poke|p1|Grimmsnarl, L50, M|
|poke|p1|Ceruledge, L50, F|
|poke|p1|Toxapex, L50, F, shiny|
|poke|p2|Floette-Eternal, L50, F|
|poke|p2|Froslass, L50, F, shiny|
|poke|p2|Whimsicott, L50, F, shiny|
|poke|p2|Maushold, L50, shiny|
|poke|p2|Sneasler, L50, M, shiny|
|poke|p2|Basculegion, L50, M, shiny|
|teampreview|4
|showteam|p1|Scrafty||Scraftinite|Intimidate|Protect,FakeOut,ThroatChop,DrainPunch|Adamant||F|||50|]Farigiraf||SitrusBerry|ArmorTail|TrickRoom,Protect,Thunderbolt,TwinBeam|Bold||M|||50|]Drampa||Drampanite|SapSipper|Protect,DragonPulse,EnergyBall,EarthPower|Modest||F|||50|]Grimmsnarl||RoseliBerry|Prankster|PartingShot,FakeOut,FakeTears,SpiritBreak|Impish||M|||50|]Ceruledge||BigRoot|FlashFire|BitterBlade,ShadowSneak,BulkUp,Protect|Adamant||F|||50|]Toxapex||Leftovers|Regenerator|Toxic,BanefulBunker,Infestation,WideGuard|Sassy||F|||50|
|showteam|p2|Floette-Eternal||Floettite|FlowerVeil|Protect,LightofRuin,DazzlingGleam,Moonblast|Timid||F|||50|]Froslass||Froslassite|CursedBody|ShadowBall,AuroraVeil,Blizzard,Protect|Timid||F|||50|]Whimsicott||FocusSash|Prankster|Protect,Moonblast,Tailwind,FakeTears|Timid||F|||50|]Maushold||SitrusBerry|FriendGuard|SuperFang,Protect,FollowMe,Taunt|Bold|||||50|]Sneasler||WhiteHerb|Unburden|CloseCombat,DireClaw,Protect,FakeOut|Adamant||M|||50|]Basculegion||LifeOrb|Adaptability|WaveCrash,Protect,LastRespects,AquaJet|Adamant||M|||50|
|inactive|Battle timer is ON: inactive players will automatically lose when time's up. (requested by Ethan's Bleakmiss)
|inactive|alvarotoscano_ has 60 seconds left.
|inactive|Ethan's Bleakmiss has 60 seconds left.
|
|t:|1783522378
|teamsize|p1|4
|teamsize|p2|4
|start
|switch|p1a: Scrafty|Scrafty, L50, F|100/100
|switch|p1b: Farigiraf|Farigiraf, L50, M|100/100
|switch|p2a: Floette|Floette-Eternal, L50, F|100/100
|switch|p2b: Maushold|Maushold, L50, shiny|100/100
|-ability|p1a: Scrafty|Intimidate|boost
|-unboost|p2a: Floette|atk|1
|-unboost|p2b: Maushold|atk|1
|turn|1
|inactive|alvarotoscano_ has 30 seconds left.
|
|t:|1783522405
|switch|p1a: Toxapex|Toxapex, L50, F, shiny|100/100
|detailschange|p2a: Floette|Floette-Mega, L50, F
|-mega|p2a: Floette|Floette|Floettite
|-ability|p2a: Floette|Fairy Aura
|move|p2a: Floette|Light of Ruin|p1b: Farigiraf
|-damage|p1b: Farigiraf|11/100
|-enditem|p1b: Farigiraf|Sitrus Berry|[eat]
|-heal|p1b: Farigiraf|36/100|[from] item: Sitrus Berry
|-damage|p2a: Floette|33/100|[from] Recoil
|move|p2b: Maushold|Taunt|p1b: Farigiraf
|-start|p1b: Farigiraf|move: Taunt
|move|p1b: Farigiraf|Twin Beam|p2a: Floette
|-crit|p2a: Floette
|-damage|p2a: Floette|18/100
|-damage|p2a: Floette|9/100
|-hitcount|p2a: Floette|2
|
|upkeep
|turn|2
|inactive|alvarotoscano_ has 30 seconds left.
|inactive|Ethan's Bleakmiss has 30 seconds left.
|inactive|Ethan's Bleakmiss has 20 seconds left.
|inactive|Ethan's Bleakmiss has 15 seconds left.
|
|t:|1783522453
|switch|p2a: Basculegion|Basculegion, L50, M, shiny|100/100
|switch|p1b: Ceruledge|Ceruledge, L50, F|100/100
|move|p2b: Maushold|Super Fang|p1a: Toxapex
|-damage|p1a: Toxapex|50/100g
|move|p1a: Toxapex|Infestation|p2b: Maushold
|-damage|p2b: Maushold|96/100
|-activate|p2b: Maushold|move: Infestation|[of] p1a: Toxapex
|
|-heal|p1a: Toxapex|56/100|[from] item: Leftovers
|-damage|p2b: Maushold|84/100|[from] move: Infestation|[partiallytrapped]
|upkeep
|turn|3
|inactive|Ethan's Bleakmiss has 30 seconds left.
|
|t:|1783522480
|switch|p1b: Scrafty|Scrafty, L50, F|100/100
|-ability|p1b: Scrafty|Intimidate|boost
|-unboost|p2a: Basculegion|atk|1
|-unboost|p2b: Maushold|atk|1
|move|p1a: Toxapex|Baneful Bunker|p1a: Toxapex
|-singleturn|p1a: Toxapex|move: Protect
|move|p2b: Maushold|Follow Me|p2b: Maushold
|-singleturn|p2b: Maushold|move: Follow Me
|move|p2a: Basculegion|Wave Crash|p1b: Scrafty
|-damage|p1b: Scrafty|34/100
|-damage|p2a: Basculegion|82/100|[from] Recoil
|-damage|p2a: Basculegion|73/100|[from] item: Life Orb
|
|-heal|p1a: Toxapex|61/100|[from] item: Leftovers
|-damage|p2b: Maushold|72/100|[from] move: Infestation|[partiallytrapped]
|upkeep
|turn|4
|inactive|alvarotoscano_ has 30 seconds left.
|inactive|Ethan's Bleakmiss has 30 seconds left.
|
|t:|1783522508
|switch|p2a: Whimsicott|Whimsicott, L50, F, shiny|100/100
|detailschange|p1b: Scrafty|Scrafty-Mega, L50, F
|-mega|p1b: Scrafty|Scrafty|Scraftinite
|-ability|p1b: Scrafty|Intimidate|boost
|-unboost|p2a: Whimsicott|atk|1
|-unboost|p2b: Maushold|atk|1
|move|p2b: Maushold|Taunt|p1a: Toxapex
|-start|p1a: Toxapex|move: Taunt
|move|p1b: Scrafty|Drain Punch|p2b: Maushold
|-supereffective|p2b: Maushold|1
|-damage|p2b: Maushold|0 fnt
|-heal|p1b: Scrafty|72/100|[from] drain|[of] p2b: Maushold
|faint|p2b: Maushold
|cant|p1a: Toxapex|move: Taunt|Toxic
|
|-heal|p1a: Toxapex|67/100|[from] item: Leftovers
|upkeep
|
|t:|1783522524
|switch|p2b: Floette|Floette-Mega, L50, F|9/100
|-ability|p2b: Floette|Fairy Aura
|turn|5
|
|t:|1783522535
|move|p1b: Scrafty|Protect|p1b: Scrafty
|-singleturn|p1b: Scrafty|Protect
|move|p2a: Whimsicott|Fake Tears|p1a: Toxapex
|-unboost|p1a: Toxapex|spd|2
|move|p2b: Floette|Dazzling Gleam|p1b: Scrafty|[spread] p1a
|-activate|p1b: Scrafty|move: Protect
|-resisted|p1a: Toxapex|1
|-damage|p1a: Toxapex|36/100
|move|p1a: Toxapex|Infestation|p2b: Floette
|-resisted|p2b: Floette|1
|-damage|p2b: Floette|7/100
|-activate|p2b: Floette|move: Infestation|[of] p1a: Toxapex
|
|-heal|p1a: Toxapex|42/100|[from] item: Leftovers
|-damage|p2b: Floette|0 fnt|[from] move: Infestation|[partiallytrapped]
|faint|p2b: Floette
|upkeep
|
|t:|1783522548
|switch|p2b: Basculegion|Basculegion, L50, M, shiny|73/100
|turn|6
|
|t:|1783522565
|switch|p1b: Farigiraf|Farigiraf, L50, M|36/100
|move|p2a: Whimsicott|Moonblast|p1b: Farigiraf
|-damage|p1b: Farigiraf|4/100
|move|p2b: Basculegion|Last Respects|p1a: Toxapex
|-damage|p1a: Toxapex|0 fnt
|faint|p1a: Toxapex
|-damage|p2b: Basculegion|63/100|[from] item: Life Orb
|
|upkeep
|
|t:|1783522576
|switch|p1a: Scrafty|Scrafty-Mega, L50, F|72/100
|-ability|p1a: Scrafty|Intimidate|boost
|-unboost|p2a: Whimsicott|atk|1
|-unboost|p2b: Basculegion|atk|1
|turn|7
|
|t:|1783522586
|move|p1a: Scrafty|Fake Out|p2a: Whimsicott
|-damage|p2a: Whimsicott|74/100
|cant|p2a: Whimsicott|flinch
|move|p2b: Basculegion|Wave Crash|p1b: Farigiraf
|-damage|p1b: Farigiraf|0 fnt
|faint|p1b: Farigiraf
|-damage|p2b: Basculegion|61/100|[from] Recoil
|-damage|p2b: Basculegion|52/100|[from] item: Life Orb
|
|upkeep
|
|t:|1783522595
|switch|p1b: Ceruledge|Ceruledge, L50, F|100/100
|turn|8
|
|t:|1783522619
|move|p1b: Ceruledge|Protect|p1b: Ceruledge
|-singleturn|p1b: Ceruledge|Protect
|move|p2a: Whimsicott|Moonblast|p1a: Scrafty
|-supereffective|p1a: Scrafty|2
|-damage|p1a: Scrafty|0 fnt
|faint|p1a: Scrafty
|move|p2b: Basculegion|Wave Crash|p1b: Ceruledge
|-activate|p1b: Ceruledge|move: Protect
|
|upkeep
|turn|9
|
|t:|1783522630
|move|p2a: Whimsicott|Tailwind|p2a: Whimsicott
|-sidestart|p2: Ethan's Bleakmiss|move: Tailwind
|move|p1b: Ceruledge|Shadow Sneak|p2b: Basculegion
|-supereffective|p2b: Basculegion|1
|-damage|p2b: Basculegion|1/100
|move|p2b: Basculegion|Wave Crash|p1b: Ceruledge
|-supereffective|p1b: Ceruledge|1
|-damage|p1b: Ceruledge|0 fnt
|faint|p1b: Ceruledge
|-damage|p2b: Basculegion|0 fnt|[from] Recoil
|faint|p2b: Basculegion
|
|win|Ethan's Bleakmiss
