|j|☆Pietplezier7
|j|☆eevee1ynn
|html|Pietplezier7eevee1ynn    
|uhtml|bestof|Game 3 of a best-of-3
|t:|1785956461
|gametype|doubles
|player|p1|Pietplezier7|zinnia|
|player|p2|eevee1ynn|irida-masters2|
|gen|9
|tier|[Gen 9 Champions] VGC 2026 Reg M-B (Bo3)
|rule|Species Clause: Limit one of each Pokémon
|rule|Item Clause: Limit 1 of each item
|clearpoke
|poke|p1|Raichu, L50, F|
|poke|p1|Staraptor, L50, F|
|poke|p1|Arcanine-Hisui, L50, M|
|poke|p1|Farigiraf, L50, M|
|poke|p1|Sylveon, L50, F|
|poke|p1|Kingambit, L50, M|
|poke|p2|Raichu, L50, M|
|poke|p2|Talonflame, L50, F|
|poke|p2|Maushold, L50|
|poke|p2|Kommo-o, L50, M|
|poke|p2|Tsareena, L50, F|
|poke|p2|Delphox, L50, F|
|teampreview|4
|showteam|p1|Raichu||RaichuniteY|LightningRod|ZapCannon,FocusBlast,FakeOut,Protect|Timid||F|||50|]Staraptor||Staraptite|Intimidate|CloseCombat,DualWingbeat,Tailwind,Protect|Jolly||F|||50|]Arcanine-Hisui||FocusSash|RockHead|FlareBlitz,HeadSmash,ExtremeSpeed,Protect|Jolly||M|||50|]Farigiraf||SitrusBerry|ArmorTail|Psychic,HelpingHand,TrickRoom,Protect|Calm||M|||50|]Sylveon||FairyFeather|Pixilate|HyperVoice,QuickAttack,HyperBeam,Detect|Modest||F|||50|]Kingambit||LifeOrb|Defiant|KowtowCleave,SuckerPunch,SwordsDance,Protect|Adamant||M|||50|
|showteam|p2|Raichu||RaichuniteY|LightningRod|Protect,ZapCannon,FocusBlast,FakeOut|Timid||M|||50|]Talonflame||SharpBeak|GaleWings|QuickGuard,DualWingbeat,Feint,Tailwind|Jolly||F|||50|]Maushold||FocusSash|FriendGuard|Protect,SuperFang,Encore,FollowMe|Timid|||||50|]Kommo-o||LifeOrb|Overcoat|Protect,AuraSphere,ClangingScales,VacuumWave|Modest||M|||50|]Tsareena||WideLens|QueenlyMajesty|Protect,PowerWhip,TripleAxel,Taunt|Adamant||F|||50|]Delphox||Delphoxite|Blaze|Protect,HeatWave,Psychic,Substitute|Timid||F|||50|
|inactive|Battle timer is ON: inactive players will automatically lose when time's up. (requested by Pietplezier7)
|inactive|Pietplezier7 has 60 seconds left.
|inactive|Pietplezier7 has 30 seconds left.
|
|t:|1785956523
|teamsize|p1|4
|teamsize|p2|4
|start
|switch|p1a: Staraptor|Staraptor, L50, F|100/100
|switch|p1b: Arcanine|Arcanine-Hisui, L50, M|100/100
|switch|p2a: Maushold|Maushold, L50|100/100
|switch|p2b: Delphox|Delphox, L50, F|100/100
|-ability|p1a: Staraptor|Intimidate|boost
|-unboost|p2a: Maushold|atk|1
|-unboost|p2b: Delphox|atk|1
|turn|1
|inactive|Pietplezier7 has 30 seconds left.
|inactive|eevee1ynn has 30 seconds left.
|
|t:|1785956558
|detailschange|p2b: Delphox|Delphox-Mega, L50, F
|-mega|p2b: Delphox|Delphox|Delphoxite
|detailschange|p1a: Staraptor|Staraptor-Mega, L50, F
|-mega|p1a: Staraptor|Staraptor|Staraptite
|move|p2a: Maushold|Follow Me|p2a: Maushold
|-singleturn|p2a: Maushold|move: Follow Me
|move|p2b: Delphox|Psychic|p1a: Staraptor
|-supereffective|p1a: Staraptor|1
|-damage|p1a: Staraptor|0 fnt
|faint|p1a: Staraptor
|move|p1b: Arcanine|Head Smash|p2a: Maushold
|-damage|p2a: Maushold|3/100
|
|upkeep
|
|t:|1785956577
|switch|p1a: Sylveon|Sylveon, L50, F|100/100
|turn|2
|inactive|Pietplezier7 has 30 seconds left.
|inactive|Pietplezier7 has 20 seconds left.
|inactive|Pietplezier7 has 15 seconds left.
|
|t:|1785956621
|switch|p2b: Tsareena|Tsareena, L50, F|100/100
|move|p1b: Arcanine|Protect|p1b: Arcanine
|-singleturn|p1b: Arcanine|Protect
|move|p2a: Maushold|Encore|p1b: Arcanine
|-activate|p1b: Arcanine|move: Protect
|move|p1a: Sylveon|Hyper Voice|p2a: Maushold|[spread] p2a,p2b
|-crit|p2a: Maushold
|-damage|p2a: Maushold|0 fnt
|-damage|p2b: Tsareena|62/100
|faint|p2a: Maushold
|
|upkeep
|
|t:|1785956631
|switch|p2a: Kommo-o|Kommo-o, L50, M|100/100
|turn|3
|inactive|Pietplezier7 has 30 seconds left.
|
|t:|1785956661
|move|p2a: Kommo-o|Protect|p2a: Kommo-o
|-singleturn|p2a: Kommo-o|Protect
|move|p1b: Arcanine|Flare Blitz|p2b: Tsareena
|-supereffective|p2b: Tsareena|1
|-crit|p2b: Tsareena
|-damage|p2b: Tsareena|0 fnt
|faint|p2b: Tsareena
|move|p1a: Sylveon|Hyper Voice|p2a: Kommo-o
|-activate|p2a: Kommo-o|move: Protect
|
|upkeep
|
|t:|1785956667
|switch|p2b: Delphox|Delphox-Mega, L50, F|100/100
|turn|4
|
|t:|1785956690
|move|p1b: Arcanine|Protect|p1b: Arcanine
|-singleturn|p1b: Arcanine|Protect
|move|p2a: Kommo-o|Protect||[still]
|-fail|p2a: Kommo-o
|move|p2b: Delphox|Substitute|p2b: Delphox
|-start|p2b: Delphox|Substitute
|-damage|p2b: Delphox|75/100
|move|p1a: Sylveon|Hyper Voice|p2b: Delphox|[spread] p2a,p2b
|-supereffective|p2a: Kommo-o|2
|-resisted|p2b: Delphox|1
|-damage|p2a: Kommo-o|0 fnt
|-damage|p2b: Delphox|54/100
|faint|p2a: Kommo-o
|
|upkeep
|turn|5
|
|t:|1785956711
|move|p2b: Delphox|Heat Wave|p1b: Arcanine|[spread] p1a,p1b
|-resisted|p1b: Arcanine|2
|-damage|p1a: Sylveon|63/100
|-damage|p1b: Arcanine|87/100
|move|p1b: Arcanine|Flare Blitz|p2b: Delphox
|-resisted|p2b: Delphox|1
|-end|p2b: Delphox|Substitute
|move|p1a: Sylveon|Hyper Voice|p2b: Delphox
|-resisted|p2b: Delphox|1
|-damage|p2b: Delphox|22/100
|
|upkeep
|turn|6
|
|t:|1785956721
|move|p1b: Arcanine|Extreme Speed|p2b: Delphox
|-damage|p2b: Delphox|0 fnt
|faint|p2b: Delphox
|
|win|Pietplezier7
|c|☆eevee1ynn|ggs
|c|☆Pietplezier7|ggs
