|j|☆veryreally
|j|‽Juaner95
|html|veryreallyJuaner95    
|uhtml|bestof|Game 1 of a best-of-3
|t:|1785867232
|gametype|doubles
|player|p1|veryreally|169|1241
|player|p2|Juaner95|ash-hoenn|1172
|gen|9
|tier|[Gen 9 Champions] VGC 2026 Reg M-B (Bo3)
|rated|
|rule|Species Clause: Limit one of each Pokémon
|rule|Item Clause: Limit 1 of each item
|clearpoke
|poke|p1|Sinistcha, L50|
|poke|p1|Milotic, L50, M|
|poke|p1|Incineroar, L50, M|
|poke|p1|Raichu, L50, M|
|poke|p1|Mimikyu, L50, M|
|poke|p1|Ninetales-Alola, L50, M|
|poke|p2|Eelektross, L50, F|
|poke|p2|Ninetales-Alola, L50, F, shiny|
|poke|p2|Talonflame, L50, F|
|poke|p2|Garchomp, L50, M|
|poke|p2|Incineroar, L50, M, shiny|
|poke|p2|Kingambit, L50, M|
|teampreview|4
|showteam|p1|Sinistcha||KasibBerry|Hospitality|MatchaGotcha,Hex,RagePowder,LifeDew|Calm|||||50|]Milotic||Leftovers|Competitive|MuddyWater,Hypnosis,Coil,Recover|Calm||M|||50|]Incineroar||SitrusBerry|Intimidate|FakeOut,DarkestLariat,PartingShot,FlareBlitz|Adamant||M|||50|]Raichu||RaichuniteY|LightningRod|FakeOut,ZapCannon,Protect,FocusBlast|Timid||M|||50|]Mimikyu||LifeOrb|Disguise|PlayRough,ShadowSneak,Protect,SwordsDance|Adamant||M|||50|]Ninetales-Alola||FocusSash|SnowWarning|Blizzard,FreezeDry,Protect,Encore|Timid||M|||50|
|showteam|p2|Eelektross||Eelektrossite|Levitate|SupercellSlam,DrainPunch,Coil,Protect|Adamant||F|||50|]Ninetales-Alola||ChoiceScarf|SnowWarning|Blizzard,FreezeDry,IcyWind,Moonblast|Modest||F|||50|]Talonflame||SharpBeak|GaleWings|BraveBird,FlareBlitz,Tailwind,Protect|Jolly||F|||50|]Garchomp||LifeOrb|RoughSkin|RockSlide,Earthquake,DragonClaw,Protect|Jolly||M|||50|]Incineroar||SitrusBerry|Intimidate|FlareBlitz,ThroatChop,PartingShot,FakeOut|Careful||M|||50|]Kingambit||FocusSash|Defiant|KowtowCleave,SuckerPunch,LowKick,Protect|Adamant||M|||50|
|inactive|Battle timer is ON: inactive players will automatically lose when time's up. (requested by veryreally)
|inactive|veryreally has 60 seconds left.
|inactive|Juaner95 has 60 seconds left.
|inactive|Juaner95 has 30 seconds left.
|inactive|Juaner95 has 20 seconds left.
|
|t:|1785867308
|teamsize|p1|4
|teamsize|p2|4
|start
|switch|p1a: Ninetales|Ninetales-Alola, L50, M|100/100
|switch|p1b: Milotic|Milotic, L50, M|100/100
|switch|p2a: Talonflame|Talonflame, L50, F|100/100
|switch|p2b: Kingambit|Kingambit, L50, M|100/100
|-weather|Snowscape|[from] ability: Snow Warning|[of] p1a: Ninetales
|turn|1
|inactive|Juaner95 has 30 seconds left.
|inactive|Juaner95 has 20 seconds left.
|
|t:|1785867347
|move|p2a: Talonflame|Tailwind|p2a: Talonflame
|-sidestart|p2: Juaner95|move: Tailwind
|move|p1a: Ninetales|Blizzard|p2a: Talonflame|[spread] p2a,p2b
|-resisted|p2b: Kingambit|1
|-damage|p2a: Talonflame|54/100
|-damage|p2b: Kingambit|83/100
|move|p2b: Kingambit|Kowtow Cleave|p1b: Milotic
|-damage|p1b: Milotic|54/100
|move|p1b: Milotic|Coil|p1b: Milotic
|-boost|p1b: Milotic|atk|1
|-boost|p1b: Milotic|def|1
|-boost|p1b: Milotic|accuracy|1
|
|-weather|Snowscape|[upkeep]
|-heal|p1b: Milotic|60/100|[from] item: Leftovers
|upkeep
|turn|2
|inactive|veryreally has 30 seconds left.
|
|t:|1785867374
|move|p2a: Talonflame|Flare Blitz|p1a: Ninetales
|-supereffective|p1a: Ninetales|1
|-damage|p1a: Ninetales|8/100
|-damage|p2a: Talonflame|24/100|[from] Recoil
|move|p1a: Ninetales|Blizzard|p2b: Kingambit|[spread] p2a,p2b
|-resisted|p2b: Kingambit|1
|-damage|p2a: Talonflame|0 fnt
|-damage|p2b: Kingambit|67/100
|faint|p2a: Talonflame
|move|p2b: Kingambit|Kowtow Cleave|p1b: Milotic
|-crit|p1b: Milotic
|-damage|p1b: Milotic|0 fnt
|faint|p1b: Milotic
|
|-weather|Snowscape|[upkeep]
|upkeep
|
|t:|1785867398
|switch|p2a: Eelektross|Eelektross, L50, F|100/100
|switch|p1b: Incineroar|Incineroar, L50, M|100/100
|-ability|p1b: Incineroar|Intimidate|boost
|-unboost|p2a: Eelektross|atk|1
|-unboost|p2b: Kingambit|atk|1
|-ability|p2b: Kingambit|Defiant|boost
|-boost|p2b: Kingambit|atk|2
|turn|3
|
|t:|1785867415
|switch|p1a: Raichu|Raichu, L50, M|100/100
|move|p2a: Eelektross|Protect|p2a: Eelektross
|-singleturn|p2a: Eelektross|Protect
|move|p2b: Kingambit|Protect|p2b: Kingambit
|-singleturn|p2b: Kingambit|Protect
|move|p1b: Incineroar|Flare Blitz|p2b: Kingambit
|-activate|p2b: Kingambit|move: Protect
|
|-weather|Snowscape|[upkeep]
|upkeep
|turn|4
|
|t:|1785867433
|switch|p2a: Garchomp|Garchomp, L50, M|100/100
|move|p1a: Raichu|Fake Out|p2b: Kingambit
|-resisted|p2b: Kingambit|1
|-damage|p2b: Kingambit|65/100
|cant|p2b: Kingambit|flinch
|move|p1b: Incineroar|Flare Blitz|p2b: Kingambit
|-supereffective|p2b: Kingambit|1
|-damage|p2b: Kingambit|0 fnt
|faint|p2b: Kingambit
|-damage|p1b: Incineroar|78/100|[from] Recoil
|
|-weather|Snowscape|[upkeep]
|-sideend|p2: Juaner95|move: Tailwind
|upkeep
|
|t:|1785867442
|switch|p2b: Eelektross|Eelektross, L50, F|100/100
|turn|5
|
|t:|1785867453
|detailschange|p1a: Raichu|Raichu-Mega-Y, L50, M
|-mega|p1a: Raichu|Raichu|Raichunite Y
|detailschange|p2b: Eelektross|Eelektross-Mega, L50, F
|-mega|p2b: Eelektross|Eelektross|Eelektrossite
|move|p1a: Raichu|Focus Blast|p2a: Garchomp
|-damage|p2a: Garchomp|54/100
|-unboost|p2a: Garchomp|spd|1
|move|p2a: Garchomp|Earthquake|p1b: Incineroar|[spread] p1a,p1b
|-immune|p2b: Eelektross|[from] ability: Eelevate
|-supereffective|p1a: Raichu|1
|-supereffective|p1b: Incineroar|1
|-damage|p1a: Raichu|0 fnt
|-damage|p1b: Incineroar|0 fnt
|faint|p1a: Raichu
|faint|p1b: Incineroar
|-damage|p2a: Garchomp|44/100|[from] item: Life Orb
|move|p2b: Eelektross|Coil|p2b: Eelektross
|-boost|p2b: Eelektross|atk|1
|-boost|p2b: Eelektross|def|1
|-boost|p2b: Eelektross|accuracy|1
|
|-weather|none
|upkeep
|
|t:|1785867465
|switch|p1b: Ninetales|Ninetales-Alola, L50, M|8/100
|-weather|Snowscape|[from] ability: Snow Warning|[of] p1b: Ninetales
|turn|6
|
|t:|1785867484
|move|p2a: Garchomp|Protect|p2a: Garchomp
|-singleturn|p2a: Garchomp|Protect
|move|p2b: Eelektross|Protect|p2b: Eelektross
|-singleturn|p2b: Eelektross|Protect
|move|p1b: Ninetales|Blizzard|p2b: Eelektross|[spread] 
|-activate|p2a: Garchomp|move: Protect
|-activate|p2b: Eelektross|move: Protect
|
|-weather|Snowscape|[upkeep]
|upkeep
|turn|7
|
|t:|1785867495
|move|p1b: Ninetales|Blizzard|p2b: Eelektross|[spread] p2a,p2b
|-supereffective|p2a: Garchomp|2
|-damage|p2a: Garchomp|0 fnt
|-damage|p2b: Eelektross|68/100
|faint|p2a: Garchomp
|move|p2b: Eelektross|Drain Punch|p1b: Ninetales
|-damage|p1b: Ninetales|0 fnt
|-heal|p2b: Eelektross|71/100|[from] drain|[of] p1b: Ninetales
|faint|p1b: Ninetales
|
|win|Juaner95
|l|☆veryreally
|player|p1|
||veryreally is ready for game 2.
|inactive|Juaner95 has 30 seconds to confirm battle start!
|inactive|Juaner95 has 20 seconds to confirm battle start!
|inactive|Juaner95 has 10 seconds to confirm battle start!
|uhtml|next|Next: Game 2 of 3
