|j|☆futilismo
|j|☆zaharba
|html|futilismozaharba    
|uhtml|bestof|Game 1 of a best-of-3
|t:|1783106205
|gametype|doubles
|player|p1|futilismo|102|1109
|player|p2|zaharba|170|1139
|gen|9
|tier|[Gen 9 Champions] VGC 2026 Reg M-B (Bo3)
|rated|
|rule|Species Clause: Limit one of each Pokémon
|rule|Item Clause: Limit 1 of each item
|clearpoke
|poke|p1|Garchomp, L50, M|
|poke|p1|Sylveon, L50, M|
|poke|p1|Charizard, L50, F|
|poke|p1|Aerodactyl, L50, M|
|poke|p1|Kingambit, L50, F|
|poke|p1|Farigiraf, L50, F|
|poke|p2|Raichu, L50, F, shiny|
|poke|p2|Vivillon, L50, F|
|poke|p2|Ninetales-Alola, L50, F, shiny|
|poke|p2|Tyranitar, L50, M|
|poke|p2|Basculegion-F, L50, F|
|poke|p2|Talonflame, L50, F|
|teampreview|4
|showteam|p1|Garchomp||LifeOrb|RoughSkin|DragonClaw,Earthquake,RockSlide,Protect|Jolly||M|||50|]Sylveon||FairyFeather|Pixilate|HyperVoice,HyperBeam,QuickAttack,Protect|Modest||M|||50|]Charizard||CharizarditeY|Blaze|WeatherBall,HeatWave,SolarBeam,Protect|Modest||F|||50|]Aerodactyl||Aerodactylite|Unnerve|Tailwind,RockSlide,WideGuard,IceFang|Jolly||M|||50|]Kingambit||FocusSash|Defiant|IronHead,KowtowCleave,SuckerPunch,LowKick|Adamant||F|||50|]Farigiraf||SitrusBerry|ArmorTail|Psychic,Thunderbolt,TrickRoom,Protect|Bold||F|||50|
|showteam|p2|Raichu||RaichuniteY|LightningRod|FocusBlast,ZapCannon,UpperHand,FakeOut|Timid||F|||50|]Vivillon||ChoiceScarf|CompoundEyes|SleepPowder,RagePowder,Hurricane,Tailwind|Timid||F|||50|]Ninetales-Alola||NeverMeltIce|SnowWarning|Protect,FreezeDry,Blizzard,Encore|Timid||F|||50|]Tyranitar||ExpertBelt|SandStream|RockSlide,HighHorsepower,Protect,DragonDance|Adamant||M|||50|]Basculegion-F||SpellTag|Adaptability|Protect,Hex,HydroPump,MuddyWater|Modest||F|||50|]Talonflame||LifeOrb|GaleWings|Whirlwind,BraveBird,Overheat,Tailwind|Naive||F|||50|
|inactive|Battle timer is ON: inactive players will automatically lose when time's up. (requested by zaharba)
|inactive|futilismo has 60 seconds left.
|inactive|futilismo has 30 seconds left.
|inactive|futilismo has 20 seconds left.
|
|t:|1783106278
|teamsize|p1|4
|teamsize|p2|4
|start
|switch|p1a: Charizard|Charizard, L50, F|100/100
|switch|p1b: Sylveon|Sylveon, L50, M|100/100
|switch|p2a: Vivillon|Vivillon, L50, F|100/100
|switch|p2b: Talonflame|Talonflame, L50, F|100/100
|turn|1
|
|t:|1783106301
|move|p1a: Charizard|Protect|p1a: Charizard
|-singleturn|p1a: Charizard|Protect
|move|p1b: Sylveon|Protect|p1b: Sylveon
|-singleturn|p1b: Sylveon|Protect
|move|p2b: Talonflame|Tailwind|p2b: Talonflame
|-sidestart|p2: zaharba|move: Tailwind
|move|p2a: Vivillon|Sleep Powder|p1a: Charizard
|-activate|p1a: Charizard|move: Protect
|
|upkeep
|turn|2
|
|t:|1783106323
|move|p2a: Vivillon|Sleep Powder|p1a: Charizard
|-status|p1a: Charizard|slp|[from] move: Sleep Powder
|cant|p1a: Charizard|slp
|move|p1b: Sylveon|Hyper Voice|p2b: Talonflame|[spread] p2a,p2b
|-resisted|p2b: Talonflame|1
|-damage|p2a: Vivillon|21/100
|-damage|p2b: Talonflame|60/100
|move|p2b: Talonflame|Whirlwind|p1b: Sylveon
|drag|p1b: Kingambit|Kingambit, L50, F|100/100
|
|upkeep
|turn|3
|
|t:|1783106347
|move|p1b: Kingambit|Sucker Punch||[still]
|-fail|p1b: Kingambit
|move|p2a: Vivillon|Sleep Powder|p1b: Kingambit
|-status|p1b: Kingambit|slp|[from] move: Sleep Powder
|-curestatus|p1a: Charizard|slp|[msg]
|move|p1a: Charizard|Heat Wave|p2b: Talonflame|[spread] p2a
|-miss|p1a: Charizard|p2b: Talonflame
|-supereffective|p2a: Vivillon|1
|-damage|p2a: Vivillon|0 fnt
|faint|p2a: Vivillon
|move|p2b: Talonflame|Whirlwind|p1a: Charizard
|drag|p1a: Garchomp|Garchomp, L50, M|100/100
|
|upkeep
|
|t:|1783106360
|switch|p2a: Ninetales|Ninetales-Alola, L50, F, shiny|100/100
|-weather|Snowscape|[from] ability: Snow Warning|[of] p2a: Ninetales
|turn|4
|
|t:|1783106373
|switch|p1a: Sylveon|Sylveon, L50, M|100/100
|move|p2b: Talonflame|Overheat|p1b: Kingambit
|-supereffective|p1b: Kingambit|1
|-damage|p1b: Kingambit|1/100 slp
|-unboost|p2b: Talonflame|spa|2
|-damage|p2b: Talonflame|50/100g|[from] item: Life Orb
|move|p2a: Ninetales|Blizzard|p1a: Sylveon|[spread] p1a,p1b
|-resisted|p1b: Kingambit|1
|-damage|p1a: Sylveon|70/100
|-damage|p1b: Kingambit|0 fnt
|faint|p1b: Kingambit
|
|-weather|Snowscape|[upkeep]
|-sideend|p2: zaharba|move: Tailwind
|upkeep
|
|t:|1783106388
|switch|p1b: Charizard|Charizard, L50, F|100/100
|turn|5
|
|t:|1783106406
|detailschange|p1b: Charizard|Charizard-Mega-Y, L50, F
|-mega|p1b: Charizard|Charizard|Charizardite Y
|-weather|SunnyDay|[from] ability: Drought|[of] p1b: Charizard
|move|p2b: Talonflame|Brave Bird|p1b: Charizard
|-damage|p1b: Charizard|31/100
|-damage|p2b: Talonflame|23/100|[from] Recoil
|-damage|p2b: Talonflame|14/100|[from] item: Life Orb
|move|p2a: Ninetales|Blizzard|p1a: Sylveon|[spread] p1b
|-miss|p2a: Ninetales|p1a: Sylveon
|-damage|p1b: Charizard|0 fnt
|faint|p1b: Charizard
|move|p1a: Sylveon|Hyper Voice|p2a: Ninetales|[spread] p2a,p2b
|-resisted|p2b: Talonflame|1
|-damage|p2a: Ninetales|49/100
|-damage|p2b: Talonflame|0 fnt
|faint|p2b: Talonflame
|
|-weather|SunnyDay|[upkeep]
|upkeep
|
|t:|1783106425
|switch|p2b: Raichu|Raichu, L50, F, shiny|100/100
|switch|p1b: Garchomp|Garchomp, L50, M|100/100
|turn|6
|
|t:|1783106436
|detailschange|p2b: Raichu|Raichu-Mega-Y, L50, F, shiny
|-mega|p2b: Raichu|Raichu|Raichunite Y
|move|p1b: Garchomp|Protect|p1b: Garchomp
|-singleturn|p1b: Garchomp|Protect
|move|p1a: Sylveon|Protect|p1a: Sylveon
|-singleturn|p1a: Sylveon|Protect
|move|p2b: Raichu|Zap Cannon|p1a: Sylveon
|-activate|p1a: Sylveon|move: Protect
|move|p2a: Ninetales|Freeze-Dry|p1b: Garchomp
|-activate|p1b: Garchomp|move: Protect
|
|-weather|SunnyDay|[upkeep]
|upkeep
|turn|7
|
|t:|1783106453
|move|p1b: Garchomp|Protect||[still]
|-fail|p1b: Garchomp
|move|p2b: Raichu|Zap Cannon|p1a: Sylveon
|-damage|p1a: Sylveon|21/100
|-status|p1a: Sylveon|par
|move|p2a: Ninetales|Freeze-Dry|p1b: Garchomp
|-supereffective|p1b: Garchomp|2
|-damage|p1b: Garchomp|0 fnt
|faint|p1b: Garchomp
|move|p1a: Sylveon|Hyper Voice|p2b: Raichu|[spread] p2a,p2b
|-damage|p2a: Ninetales|0 fnt
|-damage|p2b: Raichu|30/100
|faint|p2a: Ninetales
|
|-weather|SunnyDay|[upkeep]
|upkeep
|turn|8
|
|t:|1783106470
|move|p1a: Sylveon|Quick Attack|p2b: Raichu
|-damage|p2b: Raichu|1/100
|move|p2b: Raichu|Zap Cannon|p1a: Sylveon
|-damage|p1a: Sylveon|0 fnt
|faint|p1a: Sylveon
|
|win|zaharba
||zaharba is ready for game 2.
||futilismo is ready for game 2.
|uhtml|next|Next: Game 2 of 3
|l| futilismo
