|j|☆iliasdelm
|j|☆Vitor_hsaf
|html|iliasdelmVitor_hsaf    
|uhtml|bestof|Game 1 of a best-of-3
|t:|1756318514
|gametype|doubles
|player|p1|iliasdelm|gambler|1138
|player|p2|Vitor_hsaf|blue|1218
|gen|9
|tier|[Gen 9] VGC 2025 Reg H (Bo3)
|rated|
|rule|Species Clause: Limit one of each Pokémon
|rule|Item Clause: Limit 1 of each item
|clearpoke
|poke|p1|Primarina, L50, F|
|poke|p1|Incineroar, L50, M|
|poke|p1|Gholdengo, L50|
|poke|p1|Ursaluna, L50, M|
|poke|p1|Amoonguss, L50, F|
|poke|p1|Porygon2, L50|
|poke|p2|Amoonguss, L50, F|
|poke|p2|Sneasler, L50, F|
|poke|p2|Gholdengo, L50|
|poke|p2|Incineroar, L50, F|
|poke|p2|Ursaluna-Bloodmoon, L50, M|
|poke|p2|Dragonite, L50, M|
|teampreview|4
|showteam|p1|Primarina||ThroatSpray|LiquidVoice|HyperVoice,Moonblast,Haze,Protect|||F|||50|,,,,,Poison]Incineroar||AssaultVest|Intimidate|FlareBlitz,KnockOff,FakeOut,Uturn|||M|||50|,,,,,Grass]Gholdengo||LifeOrb|GoodasGold|MakeItRain,ShadowBall,NastyPlot,Protect||||||50|,,,,,Water]Ursaluna||FlameOrb|Guts|Facade,HeadlongRush,Protect,Substitute|||M|||50|,,,,,Ghost]Amoonguss||SitrusBerry|Regenerator|PollenPuff,Spore,RagePowder,GigaDrain|||F|||50|,,,,,Electric]Porygon2||Eviolite|Download|IceBeam,TeraBlast,Recover,TrickRoom||||||50|,,,,,Fighting
|showteam|p2|Amoonguss||SitrusBerry|Regenerator|RagePowder,Spore,PollenPuff,Protect|||F|||50|,,,,,Psychic]Sneasler||FocusSash|Unburden|Protect,DireClaw,CloseCombat,ThroatChop|||F|||50|,,,,,Stellar]Gholdengo||LifeOrb|GoodasGold|Protect,MakeItRain,ShadowBall,NastyPlot||||||50|,,,,,Water]Incineroar||SafetyGoggles|Intimidate|KnockOff,PartingShot,FlareBlitz,FakeOut|||F|||50|,,,,,Ghost]Ursaluna-Bloodmoon||AssaultVest|MindsEye|BloodMoon,EarthPower,VacuumWave,HyperVoice|||M|||50|,,,,,Water]Dragonite||LoadedDice|Multiscale|ScaleShot,Tailwind,Haze,Protect|||M|||50|,,,,,Fairy
|inactive|Battle timer is ON: inactive players will automatically lose when time's up. (requested by Vitor_hsaf)
|inactive|Vitor_hsaf has 60 seconds left.
|inactive|Vitor_hsaf has 30 seconds left.
|
|t:|1756318578
|teamsize|p1|4
|teamsize|p2|4
|start
|switch|p1a: Incineroar|Incineroar, L50, M|100/100
|switch|p1b: Gholdengo|Gholdengo, L50|100/100
|switch|p2a: Zzzzzzzz|Amoonguss, L50, F|100/100
|switch|p2b: 8|Sneasler, L50, F|100/100
|-ability|p1a: Incineroar|Intimidate|boost
|-unboost|p2a: Zzzzzzzz|atk|1
|-unboost|p2b: 8|atk|1
|turn|1
|inactive|iliasdelm has 30 seconds left.
|
|t:|1756318603
|move|p2b: 8|Protect|p2b: 8
|-singleturn|p2b: 8|Protect
|move|p1a: Incineroar|Fake Out|p2b: 8
|-activate|p2b: 8|move: Protect
|move|p1b: Gholdengo|Nasty Plot|p1b: Gholdengo
|-boost|p1b: Gholdengo|spa|2
|move|p2a: Zzzzzzzz|Spore|p1a: Incineroar
|-status|p1a: Incineroar|slp|[from] move: Spore
|
|upkeep
|turn|2
|
|t:|1756318619
|switch|p2b: Luffy|Incineroar, L50, F|100/100
|-ability|p2b: Luffy|Intimidate|boost
|-unboost|p1a: Incineroar|atk|1
|-unboost|p1b: Gholdengo|atk|1
|move|p2a: Zzzzzzzz|Protect|p2a: Zzzzzzzz
|-singleturn|p2a: Zzzzzzzz|Protect
|move|p1b: Gholdengo|Nasty Plot|p1b: Gholdengo
|-boost|p1b: Gholdengo|spa|2
|cant|p1a: Incineroar|slp
|
|upkeep
|turn|3
|
|t:|1756318636
|-terastallize|p1b: Gholdengo|Water
|move|p2a: Zzzzzzzz|Protect||[still]
|-fail|p2a: Zzzzzzzz
|move|p1b: Gholdengo|Nasty Plot|p1b: Gholdengo
|-boost|p1b: Gholdengo|spa|2
|move|p2b: Luffy|Knock Off|p1b: Gholdengo
|-damage|p1b: Gholdengo|60/100
|-enditem|p1b: Gholdengo|Life Orb|[from] move: Knock Off|[of] p2b: Luffy
|cant|p1a: Incineroar|slp
|
|upkeep
|turn|4
|
|t:|1756318654
|move|p2a: Zzzzzzzz|Protect|p2a: Zzzzzzzz
|-singleturn|p2a: Zzzzzzzz|Protect
|move|p1b: Gholdengo|Make It Rain|p2a: Zzzzzzzz|[spread] p2b
|-activate|p2a: Zzzzzzzz|move: Protect
|-resisted|p2b: Luffy
|-damage|p2b: Luffy|14/100
|-unboost|p1b: Gholdengo|spa|1
|move|p2b: Luffy|Parting Shot|p1a: Incineroar
|-unboost|p1a: Incineroar|atk|1
|-unboost|p1a: Incineroar|spa|1
|
|t:|1756318661
|switch|p2b: 8|Sneasler, L50, F|100/100|[from] Parting Shot
|cant|p1a: Incineroar|slp
|
|upkeep
|turn|5
|
|t:|1756318675
|switch|p1a: Porygon2|Porygon2, L50|100/100
|-ability|p1a: Porygon2|Download|boost
|-boost|p1a: Porygon2|atk|1
|move|p1b: Gholdengo|Protect|p1b: Gholdengo
|-singleturn|p1b: Gholdengo|Protect
|move|p2b: 8|Close Combat|p1b: Gholdengo
|-activate|p1b: Gholdengo|move: Protect
|move|p2a: Zzzzzzzz|Spore|p1a: Porygon2
|-status|p1a: Porygon2|slp|[from] move: Spore
|
|upkeep
|turn|6
|
|t:|1756318691
|switch|p1a: Incineroar|Incineroar, L50, M|100/100 slp
|-ability|p1a: Incineroar|Intimidate|boost
|-unboost|p2a: Zzzzzzzz|atk|1
|-unboost|p2b: 8|atk|1
|-terastallize|p2b: 8|Stellar
|move|p2b: 8|Close Combat|p1b: Gholdengo
|-damage|p1b: Gholdengo|7/100
|-unboost|p2b: 8|def|1
|-unboost|p2b: 8|spd|1
|move|p1b: Gholdengo|Make It Rain|p2a: Zzzzzzzz|[spread] p2a,p2b
|-damage|p2a: Zzzzzzzz|0 fnt
|-enditem|p2b: 8|Focus Sash
|-damage|p2b: 8|1/100
|-unboost|p1b: Gholdengo|spa|1
|faint|p2a: Zzzzzzzz
|
|upkeep
|
|t:|1756318696
|switch|p2a: Tony|Ursaluna-Bloodmoon, L50, M|100/100
|turn|7
|
|t:|1756318711
|-curestatus|p1a: Incineroar|slp|[msg]
|move|p1a: Incineroar|Fake Out|p2b: 8
|-damage|p2b: 8|0 fnt
|faint|p2b: 8
|move|p2a: Tony|Vacuum Wave|p1b: Gholdengo
|-damage|p1b: Gholdengo|0 fnt
|faint|p1b: Gholdengo
|
|upkeep
|
|t:|1756318718
|switch|p2b: Luffy|Incineroar, L50, F|14/100
|switch|p1b: Primarina|Primarina, L50, F|100/100
|-ability|p2b: Luffy|Intimidate|boost
|-unboost|p1a: Incineroar|atk|1
|-unboost|p1b: Primarina|atk|1
|turn|8
|
|t:|1756318732
|switch|p1a: Porygon2|Porygon2, L50|100/100 slp
|-ability|p1a: Porygon2|Download|boost
|-boost|p1a: Porygon2|spa|1
|move|p1b: Primarina|Protect|p1b: Primarina
|-singleturn|p1b: Primarina|Protect
|move|p2b: Luffy|Fake Out|p1a: Porygon2
|-damage|p1a: Porygon2|93/100 slp
|move|p2a: Tony|Earth Power|p1a: Porygon2
|-damage|p1a: Porygon2|65/100 slp
|-unboost|p1a: Porygon2|spd|1
|
|upkeep
|turn|9
|inactive|Vitor_hsaf has 30 seconds left.
|
|t:|1756318757
|move|p2b: Luffy|Knock Off|p1b: Primarina
|-resisted|p1b: Primarina
|-damage|p1b: Primarina|77/100
|-enditem|p1b: Primarina|Throat Spray|[from] move: Knock Off|[of] p2b: Luffy
|move|p1b: Primarina|Hyper Voice|p2a: Tony|[spread] p2a,p2b
|-supereffective|p2a: Tony
|-supereffective|p2b: Luffy
|-damage|p2a: Tony|59/100
|-damage|p2b: Luffy|0 fnt
|faint|p2b: Luffy
|move|p2a: Tony|Blood Moon|p1b: Primarina
|-damage|p1b: Primarina|13/100
|cant|p1a: Porygon2|slp
|
|upkeep
|turn|10
|
|t:|1756318774
|move|p2a: Tony|Vacuum Wave|p1b: Primarina
|-resisted|p1b: Primarina
|-damage|p1b: Primarina|6/100
|move|p1b: Primarina|Hyper Voice|p2a: Tony
|-supereffective|p2a: Tony
|-damage|p2a: Tony|0 fnt
|faint|p2a: Tony
|
|win|iliasdelm
