|j|☆FreemanGordon
|j|☆joyfulwizard
|html|FreemanGordonjoyfulwizard    
|uhtml|bestof|Game 2 of a best-of-3
|t:|1783958591
|gametype|doubles
|player|p1|FreemanGordon|266|1215
|player|p2|joyfulwizard|cheren-gen5bw2|1304
|gen|9
|tier|[Gen 9 Champions] VGC 2026 Reg M-B (Bo3)
|rated|
|rule|Species Clause: Limit one of each Pokémon
|rule|Item Clause: Limit 1 of each item
|clearpoke
|poke|p1|Farigiraf, L50, F|
|poke|p1|Vivillon, L50, M|
|poke|p1|Sneasler, L50, M|
|poke|p1|Kingambit, L50, F|
|poke|p1|Drampa, L50, F|
|poke|p1|Torkoal, L50, M|
|poke|p2|Charizard, L50, M|
|poke|p2|Garchomp, L50, M|
|poke|p2|Aerodactyl, L50, M|
|poke|p2|Farigiraf, L50, F|
|poke|p2|Sylveon, L50, F|
|poke|p2|Kingambit, L50, M|
|teampreview|4
|showteam|p1|Farigiraf||SitrusBerry|ArmorTail|TrickRoom,HelpingHand,TwinBeam,Thunderbolt|Relaxed||F|||50|]Vivillon||FocusSash|CompoundEyes|Protect,SleepPowder,Hurricane,RagePowder|Jolly||M|||50|]Sneasler||WhiteHerb|PoisonTouch|FakeOut,CloseCombat,DireClaw,RockSlide|Brave||M|||50|]Kingambit||LifeOrb|Defiant|KowtowCleave,SuckerPunch,IronHead,LowKick|Adamant||F|||50|]Drampa||Drampanite|SapSipper|Protect,Round,DragonPulse,HeatWave|Quiet||F|||50|]Torkoal||Charcoal|Drought|Eruption,Round,EarthPower,SolarBeam|Quiet||M|||50|
|showteam|p2|Charizard||CharizarditeY|Blaze|Protect,SolarBeam,HeatWave,WeatherBall|Modest||M|||50|]Garchomp||LifeOrb|RoughSkin|Protect,Earthquake,DragonClaw,StompingTantrum|Jolly||M|||50|]Aerodactyl||Aerodactylite|Unnerve|IceFang,RockSlide,DualWingbeat,Tailwind|Jolly||M|||50|]Farigiraf||SitrusBerry|ArmorTail|SunnyDay,PsychicFangs,TrickRoom,Thunderbolt|Relaxed||F|||50|]Sylveon||FairyFeather|Pixilate|Detect,HyperBeam,HyperVoice,QuickAttack|Modest||F|||50|]Kingambit||FocusSash|Defiant|SuckerPunch,LowKick,IronHead,KowtowCleave|Adamant||M|||50|
|inactive|Battle timer is ON: inactive players will automatically lose when time's up. (requested by joyfulwizard)
|
|t:|1783958637
|teamsize|p1|4
|teamsize|p2|4
|start
|switch|p1a: Farigiraf|Farigiraf, L50, F|100/100
|switch|p1b: Vivillon|Vivillon, L50, M|100/100
|switch|p2a: Garchomp|Garchomp, L50, M|100/100
|switch|p2b: Farigiraf|Farigiraf, L50, F|100/100
|turn|1
|inactive|joyfulwizard has 30 seconds left.
|inactive|joyfulwizard has 20 seconds left.
|
|t:|1783958677
|move|p2a: Garchomp|Dragon Claw|p1b: Vivillon
|-damage|p1b: Vivillon|1/100
|-damage|p2a: Garchomp|90/100|[from] item: Life Orb
|move|p1b: Vivillon|Sleep Powder|p2b: Farigiraf|[miss]
|-miss|p1b: Vivillon|p2b: Farigiraf
|move|p2b: Farigiraf|Thunderbolt|p1b: Vivillon
|-supereffective|p1b: Vivillon|1
|-damage|p1b: Vivillon|0 fnt
|faint|p1b: Vivillon
|move|p1a: Farigiraf|Trick Room|p1a: Farigiraf
|-fieldstart|move: Trick Room|[of] p1a: Farigiraf
|
|upkeep
|c|☆FreemanGordon|first time i miss that
|c|☆joyfulwizard|hahahaha
|
|t:|1783958693
|switch|p1b: Torkoal|Torkoal, L50, M|100/100
|-weather|SunnyDay|[from] ability: Drought|[of] p1b: Torkoal
|turn|2
|c|☆joyfulwizard|and at the best time too
|
|t:|1783958704
|move|p1a: Farigiraf|Helping Hand|p1b: Torkoal
|-singleturn|p1b: Torkoal|Helping Hand|[of] p1a: Farigiraf
|move|p1b: Torkoal|Eruption|p2a: Garchomp|[spread] p2a,p2b
|-resisted|p2a: Garchomp|1
|-damage|p2a: Garchomp|24/100
|-damage|p2b: Farigiraf|0 fnt
|faint|p2b: Farigiraf
|move|p2a: Garchomp|Earthquake|p1b: Torkoal|[spread] p1a,p1b
|-supereffective|p1b: Torkoal|1
|-damage|p1a: Farigiraf|65/100
|-damage|p1b: Torkoal|16/100
|-damage|p2a: Garchomp|14/100|[from] item: Life Orb
|
|-weather|SunnyDay|[upkeep]
|upkeep
|
|t:|1783958715
|switch|p2b: Charizard|Charizard, L50, M|100/100
|turn|3
|inactive|FreemanGordon has 30 seconds left.
|inactive|FreemanGordon has 20 seconds left.
|
|t:|1783958753
|detailschange|p2b: Charizard|Charizard-Mega-Y, L50, M
|-mega|p2b: Charizard|Charizard|Charizardite Y
|move|p2a: Garchomp|Protect|p2a: Garchomp
|-singleturn|p2a: Garchomp|Protect
|move|p1b: Torkoal|Solar Beam||[still]
|-prepare|p1b: Torkoal|Solar Beam
|-anim|p1b: Torkoal|Solar Beam|p2b: Charizard
|-resisted|p2b: Charizard|2
|-damage|p2b: Charizard|92/100
|move|p1a: Farigiraf|Thunderbolt|p2b: Charizard
|-supereffective|p2b: Charizard|1
|-damage|p2b: Charizard|55/100
|move|p2b: Charizard|Heat Wave|p1a: Farigiraf|[spread] p1b
|-miss|p2b: Charizard|p1a: Farigiraf
|-resisted|p1b: Torkoal|1
|-damage|p1b: Torkoal|0 fnt
|faint|p1b: Torkoal
|
|-weather|SunnyDay|[upkeep]
|upkeep
|
|t:|1783958768
|switch|p1b: Drampa|Drampa, L50, F|100/100
|turn|4
|
|t:|1783958774
|switch|p2a: Sylveon|Sylveon, L50, F|100/100
|detailschange|p1b: Drampa|Drampa-Mega, L50, F
|-mega|p1b: Drampa|Drampa|Drampanite
|move|p1b: Drampa|Dragon Pulse|p2b: Charizard
|-damage|p2b: Charizard|3/100
|move|p1a: Farigiraf|Twin Beam|p2a: Sylveon
|-damage|p2a: Sylveon|86/100
|-damage|p2a: Sylveon|73/100
|-hitcount|p2a: Sylveon|2
|move|p2b: Charizard|Heat Wave|p1b: Drampa|[spread] p1a,p1b
|-resisted|p1b: Drampa|1
|-damage|p1a: Farigiraf|7/100
|-damage|p1b: Drampa|75/100
|-enditem|p1a: Farigiraf|Sitrus Berry|[eat]
|-heal|p1a: Farigiraf|31/100|[from] item: Sitrus Berry
|
|-weather|SunnyDay|[upkeep]
|upkeep
|turn|5
|
|t:|1783958795
|move|p1a: Farigiraf|Helping Hand|p1b: Drampa
|-singleturn|p1b: Drampa|Helping Hand|[of] p1a: Farigiraf
|move|p2b: Charizard|Protect|p2b: Charizard
|-singleturn|p2b: Charizard|Protect
|move|p1b: Drampa|Heat Wave|p2a: Sylveon|[spread] p2a
|-activate|p2b: Charizard|move: Protect
|-crit|p2a: Sylveon
|-damage|p2a: Sylveon|0 fnt
|faint|p2a: Sylveon
|
|-weather|SunnyDay|[upkeep]
|-fieldend|move: Trick Room
|upkeep
|
|t:|1783958803
|switch|p2a: Garchomp|Garchomp, L50, M|14/100
|turn|6
|
|t:|1783958816
|move|p1b: Drampa|Protect|p1b: Drampa
|-singleturn|p1b: Drampa|Protect
|move|p2a: Garchomp|Dragon Claw|p1b: Drampa
|-activate|p1b: Drampa|move: Protect
|move|p2b: Charizard|Heat Wave|p1b: Drampa|[spread] p1a
|-activate|p1b: Drampa|move: Protect
|-damage|p1a: Farigiraf|0 fnt
|faint|p1a: Farigiraf
|
|-weather|none
|upkeep
|turn|7
|-message|FreemanGordon forfeited.
|
|win|joyfulwizard
|raw|FreemanGordon's rating: 1215 → 1196(-19 for losing)
|raw|joyfulwizard's rating: 1304 → 1319(+15 for winning)
|l|☆FreemanGordon
|player|p1|
