|j|☆Olciax34
|j|☆macrameee
|html|Olciax34macrameee    
|uhtml|bestof|Game 2 of a best-of-3
|t:|1784930388
|gametype|doubles
|player|p1|Olciax34|clair|1333
|player|p2|macrameee|roark|1303
|gen|9
|tier|[Gen 9 Champions] VGC 2026 Reg M-B (Bo3)
|rated|
|rule|Species Clause: Limit one of each Pokémon
|rule|Item Clause: Limit 1 of each item
|clearpoke
|poke|p1|Charizard, L50, F|
|poke|p1|Whimsicott, L50, F|
|poke|p1|Garchomp, L50, F|
|poke|p1|Basculegion, L50, M|
|poke|p1|Sylveon, L50, M|
|poke|p1|Metagross, L50|
|poke|p2|Farigiraf, L50, M|
|poke|p2|Floette-Eternal, L50, F|
|poke|p2|Incineroar, L50, F, shiny|
|poke|p2|Conkeldurr, L50, F|
|poke|p2|Whimsicott, L50, F|
|poke|p2|Basculegion, L50, M|
|teampreview|4
|showteam|p1|Charizard||CharizarditeY|SolarPower|HeatWave,WeatherBall,SolarBeam,Protect|Modest||F|||50|]Whimsicott||FocusSash|Prankster|Moonblast,Tailwind,Encore,Protect|Timid||F|||50|]Garchomp||LifeOrb|RoughSkin|Earthquake,DragonClaw,RockSlide,Protect|Jolly||F|||50|]Basculegion||ChoiceScarf|Adaptability|WaveCrash,FlipTurn,LastRespects,AquaJet|Jolly||M|||50|]Sylveon||FairyFeather|Pixilate|HyperVoice,Yawn,HyperBeam,Protect|Modest||M|||50|]Metagross||Metagrossite|ClearBody|IronHead,PsychicFangs,BodyPress,Protect|Jolly|||||50|
|showteam|p2|Farigiraf||ColburBerry|ArmorTail|Protect,Thunderbolt,Psychic,TrickRoom|Quiet||M|||50|]Floette-Eternal||Floettite|FlowerVeil|Protect,Moonblast,DazzlingGleam,LightofRuin|Modest||F|||50|]Incineroar||SitrusBerry|Intimidate|FakeOut,FlareBlitz,PartingShot,DarkestLariat|Impish||F|||50|]Conkeldurr||LifeOrb|SheerForce|Protect,RockSlide,LowSweep,IcePunch|Brave||F|||50|]Whimsicott||FocusSash|Prankster|Protect,Tailwind,Moonblast,Encore|Modest||F|||50|]Basculegion||ChoiceScarf|Adaptability|AquaJet,WaveCrash,LastRespects,FlipTurn|Jolly||M|||50|
|inactive|Battle timer is ON: inactive players will automatically lose when time's up. (requested by Olciax34)
|inactive|Olciax34 has 60 seconds left.
|
|t:|1784930420
|teamsize|p1|4
|teamsize|p2|4
|start
|switch|p1a: Sylveon|Sylveon, L50, M|100/100
|switch|p1b: Basculegion|Basculegion, L50, M|100/100
|switch|p2a: Incineroar|Incineroar, L50, F, shiny|100/100
|switch|p2b: Farigiraf|Farigiraf, L50, M|100/100
|-ability|p2a: Incineroar|Intimidate|boost
|-unboost|p1a: Sylveon|atk|1
|-unboost|p1b: Basculegion|atk|1
|turn|1
|inactive|macrameee has 30 seconds left.
|inactive|macrameee has 20 seconds left.
|inactive|macrameee has 15 seconds left.
|inactive|macrameee has 10 seconds left.
|
|t:|1784930469
|move|p1b: Basculegion|Flip Turn|p2a: Incineroar
|-supereffective|p2a: Incineroar|1
|-damage|p2a: Incineroar|61/100
|inactive|Olciax34 has 30 seconds left.
|
|t:|1784930496
|switch|p1b: Whimsicott|Whimsicott, L50, F|100/100|[from] Flip Turn
|move|p2a: Incineroar|Parting Shot|p1a: Sylveon
|-unboost|p1a: Sylveon|atk|1
|-unboost|p1a: Sylveon|spa|1
|
|t:|1784930505
|switch|p2a: Basculegion|Basculegion, L50, M|100/100|[from] Parting Shot
|move|p1a: Sylveon|Yawn|p2b: Farigiraf
|-start|p2b: Farigiraf|move: Yawn|[of] p1a: Sylveon
|move|p2b: Farigiraf|Trick Room|p2b: Farigiraf
|-fieldstart|move: Trick Room|[of] p2b: Farigiraf
|
|upkeep
|turn|2
|inactive|macrameee has 30 seconds left.
|
|t:|1784930532
|move|p2b: Farigiraf|Psychic|p1a: Sylveon
|-damage|p1a: Sylveon|71/100
|move|p1a: Sylveon|Hyper Beam|p2a: Basculegion
|-damage|p2a: Basculegion|21/100
|-mustrecharge|p1a: Sylveon
|move|p1b: Whimsicott|Moonblast|p2a: Basculegion
|-damage|p2a: Basculegion|0 fnt
|faint|p2a: Basculegion
|
|-end|p2b: Farigiraf|move: Yawn|[silent]
|-status|p2b: Farigiraf|slp
|upkeep
|
|t:|1784930540
|switch|p2a: Conkeldurr|Conkeldurr, L50, F|100/100
|turn|3
|
|t:|1784930552
|move|p2a: Conkeldurr|Rock Slide|p1b: Whimsicott|[spread] p1a,p1b
|-damage|p1a: Sylveon|27/100
|-damage|p1b: Whimsicott|40/100
|cant|p2b: Farigiraf|slp
|cant|p1a: Sylveon|recharge
|move|p1b: Whimsicott|Moonblast|p2a: Conkeldurr
|-supereffective|p2a: Conkeldurr|1
|-damage|p2a: Conkeldurr|21/100
|
|upkeep
|turn|4
|
|t:|1784930572
|switch|p1a: Metagross|Metagross, L50|100/100
|move|p2a: Conkeldurr|Rock Slide|p1a: Metagross|[spread] p1a,p1b
|-resisted|p1a: Metagross|1
|-damage|p1a: Metagross|82/100
|-damage|p1b: Whimsicott|0 fnt
|faint|p1b: Whimsicott
|-curestatus|p2b: Farigiraf|slp|[msg]
|move|p2b: Farigiraf|Psychic|p1a: Metagross
|-resisted|p1a: Metagross|2
|-damage|p1a: Metagross|71/100
|
|upkeep
|
|t:|1784930583
|switch|p1b: Sylveon|Sylveon, L50, M|27/100
|turn|5
|
|t:|1784930593
|move|p1b: Sylveon|Protect|p1b: Sylveon
|-singleturn|p1b: Sylveon|Protect
|move|p1a: Metagross|Protect|p1a: Metagross
|-singleturn|p1a: Metagross|Protect
|move|p2a: Conkeldurr|Rock Slide|p1a: Metagross|[spread] 
|-activate|p1a: Metagross|move: Protect
|-activate|p1b: Sylveon|move: Protect
|move|p2b: Farigiraf|Thunderbolt|p1a: Metagross
|-activate|p1a: Metagross|move: Protect
|
|-fieldend|move: Trick Room
|upkeep
|turn|6
|inactive|Olciax34 has 30 seconds left.
|
|t:|1784930622
|switch|p1a: Basculegion|Basculegion, L50, M|100/100
|move|p2b: Farigiraf|Protect|p2b: Farigiraf
|-singleturn|p2b: Farigiraf|Protect
|move|p2a: Conkeldurr|Protect|p2a: Conkeldurr
|-singleturn|p2a: Conkeldurr|Protect
|move|p1b: Sylveon|Hyper Voice|p2b: Farigiraf|[spread] 
|-activate|p2a: Conkeldurr|move: Protect
|-activate|p2b: Farigiraf|move: Protect
|
|upkeep
|turn|7
|
|t:|1784930637
|switch|p2a: Incineroar|Incineroar, L50, F, shiny|61/100
|-ability|p2a: Incineroar|Intimidate|boost
|-unboost|p1a: Basculegion|atk|1
|-unboost|p1b: Sylveon|atk|1
|move|p1a: Basculegion|Wave Crash|p2b: Farigiraf
|-damage|p2b: Farigiraf|57/100
|-damage|p1a: Basculegion|84/100|[from] Recoil
|move|p1b: Sylveon|Hyper Beam|p2b: Farigiraf
|-damage|p2b: Farigiraf|0 fnt
|-mustrecharge|p1b: Sylveon
|faint|p2b: Farigiraf
|
|upkeep
|
|t:|1784930649
|switch|p2b: Conkeldurr|Conkeldurr, L50, F|21/100
|turn|8
|
|t:|1784930663
|move|p1a: Basculegion|Wave Crash|p2a: Incineroar
|-supereffective|p2a: Incineroar|1
|-damage|p2a: Incineroar|0 fnt
|faint|p2a: Incineroar
|-damage|p1a: Basculegion|64/100|[from] Recoil
|cant|p1b: Sylveon|recharge
|move|p2b: Conkeldurr|Rock Slide|p1b: Sylveon|[spread] p1a,p1b
|-damage|p1a: Basculegion|16/100
|-damage|p1b: Sylveon|0 fnt
|faint|p1b: Sylveon
|
|upkeep
|
|t:|1784930673
|switch|p1b: Metagross|Metagross, L50|71/100
|turn|9
|
|t:|1784930678
|detailschange|p1b: Metagross|Metagross-Mega, L50
|-mega|p1b: Metagross|Metagross|Metagrossite
|move|p1a: Basculegion|Wave Crash|p2b: Conkeldurr
|-damage|p2b: Conkeldurr|0 fnt
|faint|p2b: Conkeldurr
|-damage|p1a: Basculegion|8/100|[from] Recoil
|
|win|Olciax34
