|j|☆1TarsierFan
|j|☆pechugadepollico
|html|1TarsierFanpechugadepollico    
|uhtml|bestof|Game 1 of a best-of-3
|t:|1782496101
|gametype|doubles
|player|p1|1TarsierFan|pokemaniac|1188
|player|p2|pechugadepollico|266|1156
|gen|9
|tier|[Gen 9 Champions] VGC 2026 Reg M-B (Bo3)
|rated|
|rule|Species Clause: Limit one of each Pokémon
|rule|Item Clause: Limit 1 of each item
|clearpoke
|poke|p1|Charizard, L50, M|
|poke|p1|Floette-Eternal, L50, F|
|poke|p1|Whimsicott, L50, M|
|poke|p1|Garchomp, L50, M|
|poke|p1|Basculegion, L50, M|
|poke|p1|Kingambit, L50, F|
|poke|p2|Mawile, L50, F, shiny|
|poke|p2|Garchomp, L50, F|
|poke|p2|Farigiraf, L50, F|
|poke|p2|Charizard, L50, F|
|poke|p2|Gholdengo, L50|
|poke|p2|Whimsicott, L50, M|
|teampreview|4
|showteam|p1|Charizard||CharizarditeY|Blaze|WeatherBall,HeatWave,SolarBeam,Protect|Modest||M|||50|]Floette-Eternal||Floettite|FlowerVeil|LightofRuin,DazzlingGleam,Moonblast,Protect|Modest||F|||50|]Whimsicott||FocusSash|Prankster|Tailwind,Moonblast,Encore,Protect|Timid||M|||50|]Garchomp||RoseliBerry|RoughSkin|DragonClaw,Earthquake,RockSlide,Protect|Jolly||M|||50|]Basculegion||LifeOrb|Adaptability|WaveCrash,AquaJet,LastRespects,Protect|Adamant||M|||50|]Kingambit||ChopleBerry|Defiant|KowtowCleave,SuckerPunch,IronHead,LowKick|Adamant||F|||50|
|showteam|p2|Mawile||Mawilite|HyperCutter|Protect,SuckerPunch,BrickBreak,PlayRough|Adamant||F|||50|]Garchomp||ExpertBelt|RoughSkin|Protect,RockSlide,DragonClaw,StompingTantrum|Adamant||F|||50|]Farigiraf||SitrusBerry|ArmorTail|TrickRoom,HelpingHand,Psychic,EnergyBall|Bold||F|||50|]Charizard||CharizarditeY|Blaze|Protect,SolarBeam,WeatherBall,HeatWave|Modest||F|||50|]Gholdengo||LifeOrb|GoodasGold|PowerGem,Thunderbolt,ShadowBall,MakeItRain|Modest|||||50|]Whimsicott||FocusSash|Prankster|Protect,Tailwind,Encore,Moonblast|Timid||M|||50|
|inactive|Battle timer is ON: inactive players will automatically lose when time's up. (requested by pechugadepollico)
|
|t:|1782496132
|teamsize|p1|4
|teamsize|p2|4
|start
|switch|p1a: Garchomp|Garchomp, L50, M|100/100
|switch|p1b: Whimsicott|Whimsicott, L50, M|100/100
|switch|p2a: Gholdengo|Gholdengo, L50|100/100
|switch|p2b: Whimsicott|Whimsicott, L50, M|100/100
|turn|1
|inactive|1TarsierFan has 30 seconds left.
|
|t:|1782496163
|switch|p1a: Charizard|Charizard, L50, M|100/100
|switch|p2a: Garchomp|Garchomp, L50, F|100/100
|move|p2b: Whimsicott|Tailwind|p2b: Whimsicott
|-sidestart|p2: pechugadepollico|move: Tailwind
|move|p1b: Whimsicott|Tailwind|p1b: Whimsicott
|-sidestart|p1: 1TarsierFan|move: Tailwind
|
|upkeep
|turn|2
|
|t:|1782496183
|move|p1a: Charizard|Protect|p1a: Charizard
|-singleturn|p1a: Charizard|Protect
|move|p2b: Whimsicott|Encore|p1b: Whimsicott
|-start|p1b: Whimsicott|Encore
|move|p1b: Whimsicott|Tailwind||[still]
|-fail|p1b: Whimsicott
|move|p2a: Garchomp|Rock Slide|p1b: Whimsicott|[spread] p1b
|-activate|p1a: Charizard|move: Protect
|-damage|p1b: Whimsicott|65/100
|
|upkeep
|turn|3
|
|t:|1782496202
|switch|p1b: Garchomp|Garchomp, L50, M|100/100
|switch|p1a: Kingambit|Kingambit, L50, F|100/100
|move|p2b: Whimsicott|Encore|p1a: Kingambit
|-hint|Since gen 7, Dark is immune to Prankster moves.
|-immune|p1a: Kingambit
|move|p2a: Garchomp|Rock Slide|p1a: Kingambit|[spread] p1a
|-miss|p2a: Garchomp|p1b: Garchomp
|-resisted|p1a: Kingambit|1
|-damage|p1a: Kingambit|91/100
|
|upkeep
|turn|4
|inactive|1TarsierFan has 30 seconds left.
|inactive|pechugadepollico has 30 seconds left.
|
|t:|1782496237
|move|p2b: Whimsicott|Protect|p2b: Whimsicott
|-singleturn|p2b: Whimsicott|Protect
|move|p2a: Garchomp|Protect|p2a: Garchomp
|-singleturn|p2a: Garchomp|Protect
|move|p1b: Garchomp|Dragon Claw|p2a: Garchomp
|-activate|p2a: Garchomp|move: Protect
|move|p1a: Kingambit|Iron Head|p2b: Whimsicott
|-activate|p2b: Whimsicott|move: Protect
|
|-sideend|p1: 1TarsierFan|move: Tailwind
|-sideend|p2: pechugadepollico|move: Tailwind
|upkeep
|turn|5
|
|t:|1782496264
|move|p2b: Whimsicott|Tailwind|p2b: Whimsicott
|-sidestart|p2: pechugadepollico|move: Tailwind
|move|p2a: Garchomp|Dragon Claw|p1b: Garchomp
|-supereffective|p1b: Garchomp|1
|-damage|p1b: Garchomp|0 fnt
|-damage|p2a: Garchomp|87/100|[from] ability: Rough Skin|[of] p1b: Garchomp
|faint|p1b: Garchomp
|move|p1a: Kingambit|Kowtow Cleave|p2a: Garchomp
|-damage|p2a: Garchomp|40/100
|-damage|p1a: Kingambit|79/100|[from] ability: Rough Skin|[of] p2a: Garchomp
|
|upkeep
|
|t:|1782496275
|switch|p1b: Whimsicott|Whimsicott, L50, M|65/100
|turn|6
|
|t:|1782496297
|move|p2b: Whimsicott|Moonblast|p1b: Whimsicott
|-damage|p1b: Whimsicott|18/100
|move|p2a: Garchomp|Stomping Tantrum|p1a: Kingambit
|-supereffective|p1a: Kingambit|1
|-damage|p1a: Kingambit|6/100
|move|p1b: Whimsicott|Moonblast|p2a: Garchomp
|-supereffective|p2a: Garchomp|1
|-damage|p2a: Garchomp|0 fnt
|faint|p2a: Garchomp
|move|p1a: Kingambit|Iron Head|p2b: Whimsicott
|-supereffective|p2b: Whimsicott|1
|-enditem|p2b: Whimsicott|Focus Sash
|-damage|p2b: Whimsicott|1/100
|
|upkeep
|
|t:|1782496305
|switch|p2a: Mawile|Mawile, L50, F, shiny|100/100
|turn|7
|inactive|1TarsierFan has 30 seconds left.
|inactive|pechugadepollico has 30 seconds left.
|
|t:|1782496340
|switch|p1b: Charizard|Charizard, L50, M|100/100
|detailschange|p2a: Mawile|Mawile-Mega, L50, F, shiny
|-mega|p2a: Mawile|Mawile|Mawilite
|move|p2b: Whimsicott|Protect|p2b: Whimsicott
|-singleturn|p2b: Whimsicott|Protect
|move|p2a: Mawile|Brick Break|p1a: Kingambit
|-supereffective|p1a: Kingambit|2
|-enditem|p1a: Kingambit|Chople Berry|[eat]
|-enditem|p1a: Kingambit|Chople Berry|[weaken]
|-damage|p1a: Kingambit|0 fnt
|faint|p1a: Kingambit
|
|upkeep
|
|t:|1782496350
|switch|p1a: Whimsicott|Whimsicott, L50, M|18/100
|turn|8
|inactive|pechugadepollico has 30 seconds left.
|inactive|pechugadepollico has 20 seconds left.
|inactive|pechugadepollico has 15 seconds left.
|inactive|pechugadepollico has 10 seconds left.
|
|t:|1782496396
|switch|p2b: Gholdengo|Gholdengo, L50|100/100
|detailschange|p1b: Charizard|Charizard-Mega-Y, L50, M
|-mega|p1b: Charizard|Charizard|Charizardite Y
|-weather|SunnyDay|[from] ability: Drought|[of] p1b: Charizard
|move|p2a: Mawile|Protect|p2a: Mawile
|-singleturn|p2a: Mawile|Protect
|move|p1a: Whimsicott|Tailwind|p1a: Whimsicott
|-sidestart|p1: 1TarsierFan|move: Tailwind
|move|p1b: Charizard|Heat Wave|p2a: Mawile|[spread] p2b
|-activate|p2a: Mawile|move: Protect
|-supereffective|p2b: Gholdengo|1
|-crit|p2b: Gholdengo
|-damage|p2b: Gholdengo|0 fnt
|faint|p2b: Gholdengo
|
|-weather|SunnyDay|[upkeep]
|-sideend|p2: pechugadepollico|move: Tailwind
|upkeep
|
|t:|1782496405
|switch|p2b: Whimsicott|Whimsicott, L50, M|1/100
|turn|9
|
|t:|1782496424
|move|p1a: Whimsicott|Encore|p2a: Mawile
|-start|p2a: Mawile|Encore
|move|p2a: Mawile|Protect|p2a: Mawile
|-singleturn|p2a: Mawile|Protect
|move|p2b: Whimsicott|Tailwind|p2b: Whimsicott
|-sidestart|p2: pechugadepollico|move: Tailwind
|move|p1b: Charizard|Heat Wave|p2b: Whimsicott|[spread] p2b
|-activate|p2a: Mawile|move: Protect
|-supereffective|p2b: Whimsicott|1
|-damage|p2b: Whimsicott|0 fnt
|faint|p2b: Whimsicott
|
|-weather|SunnyDay|[upkeep]
|upkeep
|turn|10
|
|t:|1782496439
|move|p2a: Mawile|Protect||[still]
|-fail|p2a: Mawile
|move|p1a: Whimsicott|Moonblast|p2a: Mawile
|-resisted|p2a: Mawile|1
|-damage|p2a: Mawile|79/100
|move|p1b: Charizard|Weather Ball|p2a: Mawile
|-supereffective|p2a: Mawile|1
|-damage|p2a: Mawile|0 fnt
|faint|p2a: Mawile
|
|win|1TarsierFan
||pechugadepollico is ready for game 2.
||1TarsierFan is ready for game 2.
|uhtml|next|Next: Game 2 of 3
|l|☆pechugadepollico
|player|p2|
