|j|☆mackerjuan
|j|☆Dollartreehero
|html|mackerjuanDollartreehero    
|uhtml|bestof|Game 3 of a best-of-3
|t:|1755532828
|gametype|doubles
|player|p1|mackerjuan|1|1275
|player|p2|Dollartreehero|bugcatcher-gen4dp|1253
|gen|9
|tier|[Gen 9] VGC 2025 Reg H (Bo3)
|rated|
|rule|Species Clause: Limit one of each Pokémon
|rule|Item Clause: Limit 1 of each item
|clearpoke
|poke|p1|Annihilape, L50, F|
|poke|p1|Maushold, L50|
|poke|p1|Pelipper, L50, M|
|poke|p1|Archaludon, L50, M|
|poke|p1|Sinistcha, L50|
|poke|p1|Basculegion, L50, M|
|poke|p2|Tyranitar, L50, F|
|poke|p2|Excadrill, L50, F|
|poke|p2|Houndstone, L50, F|
|poke|p2|Milotic, L50, M|
|poke|p2|Amoonguss, L50, M|
|poke|p2|Volcarona, L50, F|
|teampreview|4
|showteam|p1|Annihilape||SpellTag|Defiant|BulkUp,Protect,DrainPunch,RageFist|||F|||50|,,,,,Water]Maushold||SafetyGoggles|FriendGuard|BeatUp,Taunt,FollowMe,Protect||||||50|,,,,,Ghost]Pelipper||FocusSash|Drizzle|Hurricane,WeatherBall,Tailwind,Protect|||M|||50|,,,,,Stellar]Archaludon||AssaultVest|Stamina|ElectroShot,DracoMeteor,Snarl,BodyPress|||M|||50|,,,,,Grass]Sinistcha||SitrusBerry|Hospitality|LifeDew,TrickRoom,StrengthSap,MatchaGotcha||||||50|,,,,,Water]Basculegion||LifeOrb|SwiftSwim|AquaJet,WaveCrash,LastRespects,Protect|||M|||50|,,,,,Water
|showteam|p2|Tyranitar||AssaultVest|SandStream|KnockOff,RockSlide,TeraBlast,LowKick|||F|||50|,,,,,Flying]Excadrill||FocusSash|SandRush|HighHorsepower,IronHead,Protect,Earthquake|||F|||50|,,,,,Fire]Houndstone||LifeOrb|SandRush|LastRespects,ShadowSneak,BodyPress,Protect|||F|||50|,,,,,Normal]Milotic||SitrusBerry|Competitive|Scald,IcyWind,Protect,Haze|||M|||50|,,,,,Poison]Amoonguss||RockyHelmet|Regenerator|RagePowder,Spore,PollenPuff,SludgeBomb|||M|||50|,,,,,Water]Volcarona||Leftovers|FlameBody|QuiverDance,HeatWave,GigaDrain,Protect|||F|||50|,,,,,Grass
|inactive|Battle timer is ON: inactive players will automatically lose when time's up. (requested by mackerjuan)
|
|t:|1755532857
|teamsize|p1|4
|teamsize|p2|4
|start
|switch|p1a: Basculegion|Basculegion, L50, M|100/100
|switch|p1b: Archaludon|Archaludon, L50, M|100/100
|switch|p2a: Tyranitar|Tyranitar, L50, F|100/100
|switch|p2b: Excadrill|Excadrill, L50, F|100/100
|-weather|Sandstorm|[from] ability: Sand Stream|[of] p2a: Tyranitar
|turn|1
|inactive|mackerjuan has 30 seconds left.
|inactive|mackerjuan has 20 seconds left.
|
|t:|1755532896
|switch|p1a: Pelipper|Pelipper, L50, M|100/100
|-weather|RainDance|[from] ability: Drizzle|[of] p1a: Pelipper
|-terastallize|p1b: Archaludon|Grass
|move|p2b: Excadrill|Iron Head|p1a: Pelipper
|-resisted|p1a: Pelipper
|-damage|p1a: Pelipper|72/100
|move|p1b: Archaludon|Electro Shot||[still]
|-prepare|p1b: Archaludon|Electro Shot
|-boost|p1b: Archaludon|spa|1
|-anim|p1b: Archaludon|Electro Shot|p2a: Tyranitar
|-damage|p2a: Tyranitar|66/100
|move|p2a: Tyranitar|Rock Slide|p1a: Pelipper|[spread] p1a,p1b
|-supereffective|p1a: Pelipper
|-damage|p1a: Pelipper|0 fnt
|-damage|p1b: Archaludon|79/100
|-ability|p1b: Archaludon|Stamina|boost
|-boost|p1b: Archaludon|def|1
|faint|p1a: Pelipper
|
|-weather|RainDance|[upkeep]
|upkeep
|
|t:|1755532915
|switch|p1a: Basculegion|Basculegion, L50, M|100/100
|turn|2
|
|t:|1755532933
|switch|p1a: Maushold|Maushold, L50, shiny|100/100
|switch|p2a: Milotic|Milotic, L50, M|100/100
|move|p2b: Excadrill|Protect|p2b: Excadrill
|-singleturn|p2b: Excadrill|Protect
|move|p1b: Archaludon|Body Press|p2b: Excadrill
|-activate|p2b: Excadrill|move: Protect
|
|-weather|RainDance|[upkeep]
|upkeep
|turn|3
|
|t:|1755532957
|switch|p2b: Volcarona|Volcarona, L50, F|100/100
|move|p1a: Maushold|Taunt|p2a: Milotic
|-start|p2a: Milotic|move: Taunt
|move|p1b: Archaludon|Body Press|p2b: Volcarona
|-resisted|p2b: Volcarona
|-damage|p2b: Volcarona|82/100
|cant|p2a: Milotic|move: Taunt|Haze
|
|-weather|RainDance|[upkeep]
|-heal|p2b: Volcarona|87/100|[from] item: Leftovers
|upkeep
|turn|4
|
|t:|1755532975
|switch|p2a: Tyranitar|Tyranitar, L50, F|66/100
|-weather|Sandstorm|[from] ability: Sand Stream|[of] p2a: Tyranitar
|move|p1a: Maushold|Beat Up|p1b: Archaludon
|-crit|p1b: Archaludon
|-damage|p1b: Archaludon|77/100
|-ability|p1b: Archaludon|Stamina|boost
|-boost|p1b: Archaludon|def|1
|-damage|p1b: Archaludon|77/100
|-ability|p1b: Archaludon|Stamina|boost
|-boost|p1b: Archaludon|def|1
|-damage|p1b: Archaludon|76/100
|-ability|p1b: Archaludon|Stamina|boost
|-boost|p1b: Archaludon|def|1
|-hitcount|p1b: Archaludon|3
|move|p2b: Volcarona|Heat Wave|p1a: Maushold|[spread] p1a,p1b
|-supereffective|p1b: Archaludon
|-damage|p1a: Maushold|56/100
|-damage|p1b: Archaludon|40/100
|-ability|p1b: Archaludon|Stamina|boost
|-boost|p1b: Archaludon|def|1
|move|p1b: Archaludon|Electro Shot||[still]
|-prepare|p1b: Archaludon|Electro Shot
|-boost|p1b: Archaludon|spa|1
|
|-weather|Sandstorm|[upkeep]
|-damage|p2b: Volcarona|82/100|[from] Sandstorm
|-damage|p1b: Archaludon|33/100|[from] Sandstorm
|-heal|p2b: Volcarona|87/100|[from] item: Leftovers
|upkeep
|turn|5
|inactive|Dollartreehero has 30 seconds left.
|
|t:|1755533007
|move|p1a: Maushold|Follow Me|p1a: Maushold
|-singleturn|p1a: Maushold|move: Follow Me
|move|p2b: Volcarona|Heat Wave|p1a: Maushold|[spread] p1a,p1b
|-supereffective|p1b: Archaludon
|-damage|p1a: Maushold|12/100
|-damage|p1b: Archaludon|0 fnt
|faint|p1b: Archaludon
|move|p2a: Tyranitar|Knock Off|p1a: Maushold
|-damage|p1a: Maushold|0 fnt
|-enditem|p1a: Maushold|Safety Goggles|[from] move: Knock Off|[of] p2a: Tyranitar
|faint|p1a: Maushold
|
|-weather|Sandstorm|[upkeep]
|-damage|p2b: Volcarona|82/100|[from] Sandstorm
|-heal|p2b: Volcarona|87/100|[from] item: Leftovers
|upkeep
|
|t:|1755533010
|switch|p1b: Basculegion|Basculegion, L50, M|100/100
|turn|6
|-message|mackerjuan forfeited.
|
|win|Dollartreehero
|raw|mackerjuan's rating: 1275 → 1248(-27 for losing)
|raw|Dollartreehero's rating: 1253 → 1280(+27 for winning)
