|j|☆chlorinatedyopper
|j|☆tedidn
|html|chlorinatedyoppertedidn    
|uhtml|bestof|Game 3 of a best-of-3
|t:|1785459715
|gametype|doubles
|player|p1|chlorinatedyopper|266|
|player|p2|tedidn|marshal|
|gen|9
|tier|[Gen 9 Champions] VGC 2026 Reg M-B (Bo3)
|rule|Species Clause: Limit one of each Pokémon
|rule|Item Clause: Limit 1 of each item
|clearpoke
|poke|p1|Froslass, L50, F|
|poke|p1|Scovillain, L50, M, shiny|
|poke|p1|Basculegion, L50, M|
|poke|p1|Kingambit, L50, F|
|poke|p1|Sneasler, L50, F|
|poke|p1|Lycanroc-Dusk, L50, F|
|poke|p2|Floette-Eternal, L50, F|
|poke|p2|Whimsicott, L50, F|
|poke|p2|Basculegion, L50, M|
|poke|p2|Kingambit, L50, M|
|poke|p2|Arcanine-Hisui, L50, M|
|poke|p2|Dragonite, L50, M|
|teampreview|4
|showteam|p1|Froslass||Froslassite|CursedBody|Blizzard,ShadowBall,AuroraVeil,Protect|Modest||F|||50|]Scovillain||Scovillainite|Moody|GigaDrain,Overheat,RagePowder,Protect|Bold||M|||50|]Basculegion||SitrusBerry|Adaptability|WaveCrash,LastRespects,AquaJet,Protect|Adamant||M|||50|]Kingambit||BlackGlasses|Defiant|KowtowCleave,SuckerPunch,SwordsDance,Protect|Adamant||F|||50|]Sneasler||WhiteHerb|Unburden|CloseCombat,GunkShot,Protect,FakeOut|Adamant||F|||50|]Lycanroc-Dusk||FocusSash|ToughClaws|CloseCombat,Accelerock,RockSlide,Protect|Adamant||F|||50|
|showteam|p2|Floette-Eternal||Floettite|FlowerVeil|DazzlingGleam,Moonblast,LightofRuin,Protect|Modest||F|||50|]Whimsicott||FocusSash|Prankster|Moonblast,Tailwind,Encore,Protect|Timid||F|||50|]Basculegion||ChoiceScarf|Adaptability|WaveCrash,AquaJet,FlipTurn,LastRespects|Jolly||M|||50|]Kingambit||BlackGlasses|Defiant|KowtowCleave,SuckerPunch,IronHead,Protect|Adamant||M|||50|]Arcanine-Hisui||SitrusBerry|RockHead|FlareBlitz,RockSlide,HeadSmash,Protect|Jolly||M|||50|]Dragonite||DragonFang|InnerFocus|DragonClaw,ExtremeSpeed,LowKick,Protect|Adamant||M|||50|
|inactive|Battle timer is ON: inactive players will automatically lose when time's up. (requested by tedidn)
|j| TemporalDonut
|j| LunarMageMystia
|j| cos(wt)
|j| Autin Mago
|j| triziateam
|j| SurfingJackal
|j| tung cubed
|inactive|tedidn has 60 seconds left.
|inactive|tedidn has 30 seconds left.
|
|t:|1785459777
|teamsize|p1|4
|teamsize|p2|4
|start
|switch|p1a: Sneasler|Sneasler, L50, F|100/100
|switch|p1b: Scovillain|Scovillain, L50, M, shiny|100/100
|switch|p2a: Floette|Floette-Eternal, L50, F|100/100
|switch|p2b: Whimsicott|Whimsicott, L50, F|100/100
|turn|1
|l| SurfingJackal
|
|t:|1785459796
|detailschange|p2a: Floette|Floette-Mega, L50, F
|-mega|p2a: Floette|Floette|Floettite
|-ability|p2a: Floette|Fairy Aura
|detailschange|p1b: Scovillain|Scovillain-Mega, L50, M, shiny
|-mega|p1b: Scovillain|Scovillain|Scovillainite
|move|p2a: Floette|Protect|p2a: Floette
|-singleturn|p2a: Floette|Protect
|move|p1b: Scovillain|Rage Powder|p1b: Scovillain
|-singleturn|p1b: Scovillain|move: Rage Powder
|move|p2b: Whimsicott|Moonblast|p1a: Sneasler
|-damage|p1a: Sneasler|46/100
|move|p1a: Sneasler|Gunk Shot|p2a: Floette
|-activate|p2a: Floette|move: Protect
|
|upkeep
|turn|2
|inactive|chlorinatedyopper has 30 seconds left.
|
|t:|1785459828
|switch|p1a: Basculegion|Basculegion, L50, M|100/100
|move|p2b: Whimsicott|Moonblast|p1a: Basculegion
|-damage|p1a: Basculegion|53/100
|move|p2a: Floette|Moonblast|p1b: Scovillain
|-resisted|p1b: Scovillain|1
|-damage|p1b: Scovillain|56/100
|-status|p2a: Floette|brn|[from] ability: Spicy Spray|[of] p1b: Scovillain
|move|p1b: Scovillain|Overheat|p2b: Whimsicott|[miss]
|-miss|p1b: Scovillain|p2b: Whimsicott
|
|-damage|p2a: Floette|93/100 brn|[from] brn
|upkeep
|turn|3
|j| SurfingJackal
|
|t:|1785459851
|move|p1b: Scovillain|Rage Powder|p1b: Scovillain
|-singleturn|p1b: Scovillain|move: Rage Powder
|move|p2b: Whimsicott|Moonblast|p1a: Basculegion
|-damage|p1a: Basculegion|5/100
|-enditem|p1a: Basculegion|Sitrus Berry|[eat]
|-heal|p1a: Basculegion|30/100|[from] item: Sitrus Berry
|move|p2a: Floette|Dazzling Gleam|p1a: Basculegion|[spread] p1a,p1b
|-resisted|p1b: Scovillain|1
|-damage|p1a: Basculegion|0 fnt
|-damage|p1b: Scovillain|30/100
|faint|p1a: Basculegion
|
|-damage|p2a: Floette|87/100 brn|[from] brn
|upkeep
|
|t:|1785459859
|switch|p1a: Sneasler|Sneasler, L50, F|46/100
|turn|4
|
|t:|1785459869
|move|p2b: Whimsicott|Protect|p2b: Whimsicott
|-singleturn|p2b: Whimsicott|Protect
|move|p2a: Floette|Protect|p2a: Floette
|-singleturn|p2a: Floette|Protect
|move|p1a: Sneasler|Gunk Shot|p2a: Floette
|-activate|p2a: Floette|move: Protect
|move|p1b: Scovillain|Overheat|p2b: Whimsicott
|-activate|p2b: Whimsicott|move: Protect
|
|-damage|p2a: Floette|81/100 brn|[from] brn
|upkeep
|turn|5
|
|t:|1785459879
|move|p2b: Whimsicott|Moonblast|p1a: Sneasler
|-damage|p1a: Sneasler|0 fnt
|faint|p1a: Sneasler
|move|p2a: Floette|Moonblast|p1b: Scovillain
|-resisted|p1b: Scovillain|1
|-crit|p1b: Scovillain
|-damage|p1b: Scovillain|0 fnt
|faint|p1b: Scovillain
|
|-damage|p2a: Floette|75/100 brn|[from] brn
|upkeep
|
|t:|1785459882
|switch|p1b: Kingambit|Kingambit, L50, F|100/100
|turn|6
|
|t:|1785459887
|move|p2b: Whimsicott|Moonblast|p1b: Kingambit
|-damage|p1b: Kingambit|50/100g
|move|p2a: Floette|Moonblast|p1b: Kingambit
|-damage|p1b: Kingambit|0 fnt
|faint|p1b: Kingambit
|
|win|tedidn
|c|☆chlorinatedyopper|Gg
|c| tung cubed|GOAT
|c|☆tedidn|gg
|c| tung cubed|i love you
|l|☆chlorinatedyopper
|player|p1|
|l| TemporalDonut
|l| Autin Mago
|l| tung cubed
|l| triziateam
|c| SurfingJackal|GGs
|l| LunarMageMystia
|l| SurfingJackal
|l| cos(wt)
