|j|☆yutaliban
|j|☆GodfatherKD
|html|yutalibanGodfatherKD    
|uhtml|bestof|Game 1 of a best-of-3
|t:|1782286922
|gametype|doubles
|player|p1|yutaliban|1|1000
|player|p2|GodfatherKD|hilbert|1000
|gen|9
|tier|[Gen 9 Champions] VGC 2026 Reg M-B (Bo3)
|rated|
|rule|Species Clause: Limit one of each Pokémon
|rule|Item Clause: Limit 1 of each item
|clearpoke
|poke|p1|Aerodactyl, L50, F|
|poke|p1|Gholdengo, L50|
|poke|p1|Maushold, L50|
|poke|p1|Garchomp, L50, M|
|poke|p1|Kingambit, L50, F|
|poke|p1|Floette-Eternal, L50, F|
|poke|p2|Blaziken, L50, M|
|poke|p2|Kingambit, L50, M|
|poke|p2|Sylveon, L50, F|
|poke|p2|Garchomp, L50, M|
|poke|p2|Aerodactyl, L50, M|
|poke|p2|Farigiraf, L50, F|
|teampreview|4
|showteam|p1|Aerodactyl||Aerodactylite|RockHead|DualWingbeat,RockSlide,IceFang,Tailwind|Adamant||F|||50|]Gholdengo||LifeOrb|GoodasGold|ShadowBall,MakeItRain,NastyPlot,Protect|Modest|||||50|]Maushold||FocusSash|FriendGuard|FollowMe,SuperFang,Taunt,Protect|Jolly|||||50|]Garchomp||SitrusBerry|SandVeil|RockSlide,DragonClaw,Earthquake,Protect|Adamant||M|||50|]Kingambit||BlackGlasses|Defiant|KowtowCleave,LowKick,SuckerPunch,Protect|Adamant||F|||50|]Floette-Eternal||Floettite|FlowerVeil|EnergyBall,Moonblast,DazzlingGleam,Protect|Modest||F|||50|
|showteam|p2|Blaziken||Blazikenite|SpeedBoost|CloseCombat,FlareBlitz,RockSlide,Detect|Adamant||M|||50|]Kingambit||BlackGlasses|Defiant|KowtowCleave,SuckerPunch,IronHead,Protect|Adamant||M|||50|]Sylveon||FairyFeather|Pixilate|HyperBeam,HyperVoice,QuickAttack,Detect|Modest||F|||50|]Garchomp||RoseliBerry|RoughSkin|StompingTantrum,DragonClaw,RockSlide,PoisonJab|Adamant||M|||50|]Aerodactyl||Aerodactylite|Unnerve|RockSlide,DualWingbeat,Protect,Tailwind|Jolly||M|||50|]Farigiraf||ColburBerry|ArmorTail|TwinBeam,Thunderbolt,TrickRoom,Roar|Quiet||F|||50|
|
|t:|1782286981
|teamsize|p1|4
|teamsize|p2|4
|start
|switch|p1a: Floette|Floette-Eternal, L50, F|100/100
|switch|p1b: Aerodactyl|Aerodactyl, L50, F|100/100
|switch|p2a: Fahkumram|Blaziken, L50, M|100/100
|switch|p2b: Yoshimitsu|Kingambit, L50, M|100/100
|turn|1
|
|t:|1782287011
|detailschange|p1a: Floette|Floette-Mega, L50, F
|-mega|p1a: Floette|Floette|Floettite
|-ability|p1a: Floette|Fairy Aura
|detailschange|p2a: Fahkumram|Blaziken-Mega, L50, M
|-mega|p2a: Fahkumram|Blaziken|Blazikenite
|move|p2a: Fahkumram|Detect|p2a: Fahkumram
|-singleturn|p2a: Fahkumram|Protect
|move|p2b: Yoshimitsu|Protect|p2b: Yoshimitsu
|-singleturn|p2b: Yoshimitsu|Protect
|move|p1b: Aerodactyl|Tailwind|p1b: Aerodactyl
|-sidestart|p1: yutaliban|move: Tailwind
|move|p1a: Floette|Moonblast|p2b: Yoshimitsu
|-activate|p2b: Yoshimitsu|move: Protect
|
|-ability|p2a: Fahkumram|Speed Boost|boost
|-boost|p2a: Fahkumram|spe|1
|upkeep
|turn|2
|inactive|Battle timer is ON: inactive players will automatically lose when time's up. (requested by yutaliban)
|
|t:|1782287074
|switch|p1b: Maushold|Maushold, L50|100/100
|move|p1a: Floette|Dazzling Gleam|p2a: Fahkumram|[spread] p2a,p2b
|-crit|p2b: Yoshimitsu
|-damage|p2a: Fahkumram|41/100
|-damage|p2b: Yoshimitsu|31/100
|move|p2a: Fahkumram|Close Combat|p1b: Maushold
|-supereffective|p1b: Maushold|1
|-enditem|p1b: Maushold|Focus Sash
|-damage|p1b: Maushold|1/100
|-unboost|p2a: Fahkumram|def|1
|-unboost|p2a: Fahkumram|spd|1
|move|p2b: Yoshimitsu|Iron Head|p1a: Floette
|-supereffective|p1a: Floette|1
|-damage|p1a: Floette|1/100
|
|-ability|p2a: Fahkumram|Speed Boost|boost
|-boost|p2a: Fahkumram|spe|1
|upkeep
|turn|3
|inactive|GodfatherKD has 30 seconds left.
|inactive|GodfatherKD has 20 seconds left.
|
|t:|1782287112
|move|p1b: Maushold|Protect|p1b: Maushold
|-singleturn|p1b: Maushold|Protect
|move|p2a: Fahkumram|Detect|p2a: Fahkumram
|-singleturn|p2a: Fahkumram|Protect
|move|p2b: Yoshimitsu|Sucker Punch||[still]
|-fail|p2b: Yoshimitsu
|move|p1a: Floette|Dazzling Gleam|p2b: Yoshimitsu|[spread] p2b
|-activate|p2a: Fahkumram|move: Protect
|-damage|p2b: Yoshimitsu|0 fnt
|faint|p2b: Yoshimitsu
|
|-ability|p2a: Fahkumram|Speed Boost|boost
|-boost|p2a: Fahkumram|spe|1
|upkeep
|
|t:|1782287116
|switch|p2b: Miary Zo|Sylveon, L50, F|100/100
|turn|4
|
|t:|1782287136
|move|p1b: Maushold|Follow Me|p1b: Maushold
|-singleturn|p1b: Maushold|move: Follow Me
|move|p2a: Fahkumram|Rock Slide|p1b: Maushold|[spread] p1a
|-miss|p2a: Fahkumram|p1b: Maushold
|-damage|p1a: Floette|0 fnt
|faint|p1a: Floette
|move|p2b: Miary Zo|Hyper Voice|p1b: Maushold
|-damage|p1b: Maushold|0 fnt
|faint|p1b: Maushold
|
|-sideend|p1: yutaliban|move: Tailwind
|-ability|p2a: Fahkumram|Speed Boost|boost
|-boost|p2a: Fahkumram|spe|1
|upkeep
|
|t:|1782287150
|switch|p1b: Gholdengo|Gholdengo, L50|100/100
|switch|p1a: Aerodactyl|Aerodactyl, L50, F|100/100
|turn|5
|
|t:|1782287163
|move|p2b: Miary Zo|Quick Attack|p1a: Aerodactyl
|-damage|p1a: Aerodactyl|80/100
|move|p2a: Fahkumram|Flare Blitz|p1b: Gholdengo
|-supereffective|p1b: Gholdengo|1
|-damage|p1b: Gholdengo|0 fnt
|faint|p1b: Gholdengo
|-damage|p2a: Fahkumram|4/100|[from] Recoil
|move|p1a: Aerodactyl|Dual Wingbeat|p2a: Fahkumram
|-supereffective|p2a: Fahkumram|1
|-damage|p2a: Fahkumram|0 fnt
|faint|p2a: Fahkumram
|-hitcount|p2: Fahkumram|1
|
|upkeep
|
|t:|1782287168
|switch|p2a: Bryan Fury|Garchomp, L50, M|100/100
|turn|6
|
|t:|1782287177
|move|p1a: Aerodactyl|Ice Fang|p2a: Bryan Fury
|-supereffective|p2a: Bryan Fury|2
|-damage|p2a: Bryan Fury|21/100
|-status|p2a: Bryan Fury|frz
|-damage|p1a: Aerodactyl|68/100|[from] ability: Rough Skin|[of] p2a: Bryan Fury
|cant|p2a: Bryan Fury|frz
|move|p2b: Miary Zo|Hyper Voice|p1a: Aerodactyl
|-damage|p1a: Aerodactyl|0 fnt
|faint|p1a: Aerodactyl
|
|win|GodfatherKD
||yutaliban is ready for game 2.
|inactive|GodfatherKD has 30 seconds to confirm battle start!
||GodfatherKD is ready for game 2.
|uhtml|next|Next: Game 2 of 3
|l|☆GodfatherKD
|player|p2|
