|j|☆mygreat
|j|☆RocheLimit
|html|mygreatRocheLimit    
|uhtml|bestof|Game 1 of a best-of-3
|t:|1757663731
|gametype|doubles
|player|p1|mygreat|veteran|
|player|p2|RocheLimit|acetrainer|
|gen|9
|tier|[Gen 9] VGC 2025 Reg H (Bo3)
|rule|Species Clause: Limit one of each Pokémon
|rule|Item Clause: Limit 1 of each item
|clearpoke
|poke|p1|Ninetales-Alola, L50, F|
|poke|p1|Glimmora, L50, F|
|poke|p1|Dondozo, L50, M|
|poke|p1|Tatsugiri, L50, M|
|poke|p1|Dragonite, L50, M|
|poke|p1|Maushold, L50|
|poke|p2|Pelipper, L50, F|
|poke|p2|Barraskewda, L50, M|
|poke|p2|Veluza, L50, M|
|poke|p2|Basculegion, L50, M|
|poke|p2|Dondozo, L50, M|
|poke|p2|Archaludon, L50, M|
|teampreview|4
|showteam|p1|Ninetales-Alola||CovertCloak|SnowWarning|AuroraBeam,Blizzard,Moonblast,Encore|||F|||50|,,,,,Water]Glimmora||AssaultVest|ToxicDebris|EarthPower,MortalSpin,SludgeBomb,PowerGem|||F|||50|,,,,,Grass]Dondozo||Leftovers|Unaware|WaveCrash,BodyPress,Earthquake,Protect|||M|||50|,,,,,Grass]Tatsugiri||FocusSash|Commander|DragonPulse,DracoMeteor,MuddyWater,Protect|||M|||50|,,,,,Stellar]Dragonite||ChoiceBand|InnerFocus|ExtremeSpeed,Outrage,AerialAce,LowKick|||M|||50|,,,,,Normal]Maushold||SafetyGoggles|FriendGuard|SuperFang,HelpingHand,FollowMe,Protect||||||50|,,,,,Ghost
|showteam|p2|Pelipper||FocusSash|Drizzle|Hurricane,WeatherBall,Tailwind,Protect|||F|||50|,,,,,Ghost]Barraskewda||LifeOrb|SwiftSwim|Liquidation,CloseCombat,ThroatChop,AquaJet|||M|||50|,,,,,Stellar]Veluza||SitrusBerry|MoldBreaker|AquaJet,StoredPower,IceBeam,FilletAway|||M|||50|,,,,,Fairy]Basculegion||SpookyPlate|SwiftSwim|LastRespects,AquaJet,WaveCrash,Protect|||M|||50|,,,,,Ghost]Dondozo||Leftovers|Unaware|WaveCrash,Crunch,HeavySlam,StompingTantrum|||M|||50|,,,,,Steel]Archaludon||AssaultVest|Stamina|ElectroShot,BodyPress,FlashCannon,DracoMeteor|||M|||50|,,,,,Grass
|
|t:|1757663781
|teamsize|p1|4
|teamsize|p2|4
|start
|switch|p1a: Dragonite|Dragonite, L50, M|100/100
|switch|p1b: Maushold|Maushold, L50|100/100
|switch|p2a: Pelipper|Pelipper, L50, F|100/100
|switch|p2b: Archaludon|Archaludon, L50, M|100/100
|-weather|RainDance|[from] ability: Drizzle|[of] p2a: Pelipper
|turn|1
|
|t:|1757663832
|move|p1b: Maushold|Follow Me|p1b: Maushold
|-singleturn|p1b: Maushold|move: Follow Me
|move|p2a: Pelipper|Hurricane|p1b: Maushold
|-damage|p1b: Maushold|56/100
|-start|p1b: Maushold|confusion
|move|p2b: Archaludon|Electro Shot||[still]
|-prepare|p2b: Archaludon|Electro Shot
|-boost|p2b: Archaludon|spa|1
|-anim|p2b: Archaludon|Electro Shot|p1b: Maushold
|-damage|p1b: Maushold|0 fnt
|faint|p1b: Maushold
|move|p1a: Dragonite|Outrage|p2a: Pelipper
|-enditem|p2a: Pelipper|Focus Sash
|-damage|p2a: Pelipper|1/100
|
|-weather|RainDance|[upkeep]
|upkeep
|
|t:|1757663846
|switch|p1b: Dondozo|Dondozo, L50, M|100/100
|turn|2
|
|t:|1757663865
|move|p1b: Dondozo|Protect|p1b: Dondozo
|-singleturn|p1b: Dondozo|Protect
|move|p2a: Pelipper|Hurricane|p1a: Dragonite
|-damage|p1a: Dragonite|62/100
|move|p2b: Archaludon|Flash Cannon|p1a: Dragonite
|-damage|p1a: Dragonite|10/100
|move|p1a: Dragonite|Outrage|p2a: Pelipper|[from] lockedmove
|-damage|p2a: Pelipper|0 fnt
|faint|p2a: Pelipper
|-start|p1a: Dragonite|confusion|[fatigue]
|
|-weather|RainDance|[upkeep]
|upkeep
|
|t:|1757663879
|switch|p2a: Basculegion|Basculegion, L50, M|100/100
|turn|3
|
|t:|1757663902
|switch|p1a: Tatsugiri|Tatsugiri, L50, M|100/100
|-activate|p1a: Tatsugiri|ability: Commander|[of] p1b: Dondozo
|-boost|p1b: Dondozo|atk|2
|-boost|p1b: Dondozo|spa|2
|-boost|p1b: Dondozo|spe|2
|-boost|p1b: Dondozo|def|2
|-boost|p1b: Dondozo|spd|2
|move|p2a: Basculegion|Last Respects|p1b: Dondozo
|-damage|p1b: Dondozo|85/100
|move|p1b: Dondozo|Earthquake|p2b: Archaludon|[spread] p2a,p2b
|-miss|p1b: Dondozo|p1a: Tatsugiri
|-supereffective|p2b: Archaludon
|-damage|p2a: Basculegion|60/100
|-damage|p2b: Archaludon|51/100
|-ability|p2b: Archaludon|Stamina|boost
|-boost|p2b: Archaludon|def|1
|move|p2b: Archaludon|Flash Cannon|p1a: Tatsugiri|[miss]
|-miss|p2b: Archaludon|p1a: Tatsugiri
|
|-weather|RainDance|[upkeep]
|-heal|p1b: Dondozo|92/100|[from] item: Leftovers
|upkeep
|turn|4
|
|t:|1757663923
|switch|p2a: Veluza|Veluza, L50, M, shiny|100/100
|-ability|p2a: Veluza|Mold Breaker
|move|p1b: Dondozo|Body Press|p2b: Archaludon
|-supereffective|p2b: Archaludon
|-damage|p2b: Archaludon|0 fnt
|faint|p2b: Archaludon
|
|-weather|RainDance|[upkeep]
|-heal|p1b: Dondozo|98/100|[from] item: Leftovers
|upkeep
|
|t:|1757663930
|switch|p2b: Basculegion|Basculegion, L50, M|60/100
|turn|5
|
|t:|1757663956
|move|p2b: Basculegion|Last Respects|p1b: Dondozo
|-damage|p1b: Dondozo|74/100
|move|p1b: Dondozo|Wave Crash|p2b: Basculegion
|-resisted|p2b: Basculegion
|-damage|p2b: Basculegion|0 fnt
|faint|p2b: Basculegion
|-damage|p1b: Dondozo|57/100|[from] Recoil
|move|p2a: Veluza|Fillet Away|p2a: Veluza
|-boost|p2a: Veluza|atk|2
|-boost|p2a: Veluza|spa|2
|-boost|p2a: Veluza|spe|2
|-damage|p2a: Veluza|50/100
|-enditem|p2a: Veluza|Sitrus Berry|[eat]
|-heal|p2a: Veluza|75/100|[from] item: Sitrus Berry
|
|-weather|none
|-heal|p1b: Dondozo|63/100|[from] item: Leftovers
|upkeep
|turn|6
|
|t:|1757663972
|move|p1b: Dondozo|Protect|p1b: Dondozo
|-singleturn|p1b: Dondozo|Protect
|move|p2a: Veluza|Stored Power|p1b: Dondozo
|-activate|p1b: Dondozo|move: Protect
|
|-heal|p1b: Dondozo|69/100|[from] item: Leftovers
|upkeep
|turn|7
|
|t:|1757663983
|move|p2a: Veluza|Stored Power|p1b: Dondozo
|-damage|p1b: Dondozo|25/100
|move|p1b: Dondozo|Wave Crash|p2a: Veluza
|-resisted|p2a: Veluza
|-damage|p2a: Veluza|19/100
|-damage|p1b: Dondozo|11/100|[from] Recoil
|
|-heal|p1b: Dondozo|17/100|[from] item: Leftovers
|upkeep
|turn|8
|
|t:|1757663990
|move|p2a: Veluza|Stored Power|p1b: Dondozo
|-damage|p1b: Dondozo|0 fnt
|faint|p1b: Dondozo
|
|upkeep
|
|t:|1757663994
|switch|p1b: Dragonite|Dragonite, L50, M|10/100
|turn|9
|
|t:|1757664018
|-terastallize|p1b: Dragonite|Normal
|move|p1b: Dragonite|Extreme Speed|p2a: Veluza
|-damage|p2a: Veluza|0 fnt
|faint|p2a: Veluza
|
|win|mygreat
