|j|‽Juaner95
|j|☆ground tera
|html|Juaner95ground tera    
|uhtml|bestof|Game 3 of a best-of-3
|t:|1784312694
|gametype|doubles
|player|p1|Juaner95|ash-hoenn|1140
|player|p2|ground tera|2|1270
|gen|9
|tier|[Gen 9 Champions] VGC 2026 Reg M-B (Bo3)
|rated|
|rule|Species Clause: Limit one of each Pokémon
|rule|Item Clause: Limit 1 of each item
|clearpoke
|poke|p1|Scrafty, L50, M|
|poke|p1|Vileplume, L50, F, shiny|
|poke|p1|Oranguru, L50, M|
|poke|p1|Torkoal, L50, F, shiny|
|poke|p1|Gholdengo, L50, shiny|
|poke|p1|Lucario, L50, M|
|poke|p2|Floette-Eternal, L50, F|
|poke|p2|Gyarados, L50, F|
|poke|p2|Sneasler, L50, F|
|poke|p2|Incineroar, L50, M|
|poke|p2|Sinistcha, L50|
|poke|p2|Garchomp, L50, M|
|teampreview|4
|showteam|p1|Scrafty||Scraftinite|Intimidate|FakeOut,KnockOff,DrainPunch,RockSlide|Brave||M|||50|]Vileplume||FocusSash|Chlorophyll|AfterYou,SludgeBomb,LeafStorm,Protect|Modest||F|||50|]Oranguru||MentalHerb|InnerFocus|Instruct,Encore,TrickRoom,Protect|Bold||M|||50|]Torkoal||Charcoal|Drought|Eruption,EarthPower,HeatWave,Protect|Quiet||F|||50|]Gholdengo||LifeOrb|GoodasGold|ShadowBall,MakeItRain,NastyPlot,Protect|Timid|||||50|]Lucario||ChoiceScarf|InnerFocus|FinalGambit,HelpingHand,SunnyDay,HealPulse|Timid||M|||50|
|showteam|p2|Floette-Eternal||Floettite|FlowerVeil|Protect,CalmMind,Moonblast,DazzlingGleam|Modest||F|||50|]Gyarados||Gyaradosite|Moxie|Protect,DragonDance,Waterfall,Crunch|Adamant||F|||50|]Sneasler||FocusSash|Unburden|FakeOut,DireClaw,CloseCombat,Coaching|Naive||F|||50|]Incineroar||ShucaBerry|Intimidate|FakeOut,PartingShot,FlareBlitz,ThroatChop|Impish||M|||50|]Sinistcha||SitrusBerry|Hospitality|Protect,MatchaGotcha,RagePowder,TrickRoom|Bold|||||50|]Garchomp||LifeOrb|RoughSkin|Protect,StompingTantrum,RockSlide,DragonClaw|Jolly||M|||50|
|inactive|Battle timer is ON: inactive players will automatically lose when time's up. (requested by ground tera)
|inactive|Juaner95 has 60 seconds left.
|inactive|Juaner95 has 30 seconds left.
|
|t:|1784312765
|teamsize|p1|4
|teamsize|p2|4
|start
|switch|p1a: Oranguru|Oranguru, L50, M|100/100
|switch|p1b: Torkoal|Torkoal, L50, F, shiny|100/100
|switch|p2a: Sneasler|Sneasler, L50, F|100/100
|switch|p2b: Garchomp|Garchomp, L50, M|100/100
|-weather|SunnyDay|[from] ability: Drought|[of] p1b: Torkoal
|turn|1
|
|t:|1784312777
|move|p1b: Torkoal|Protect|p1b: Torkoal
|-singleturn|p1b: Torkoal|Protect
|move|p2a: Sneasler|Dire Claw|p1a: Oranguru
|-damage|p1a: Oranguru|66/100
|move|p2b: Garchomp|Stomping Tantrum|p1a: Oranguru
|-damage|p1a: Oranguru|23/100
|-damage|p2b: Garchomp|90/100|[from] item: Life Orb
|move|p1a: Oranguru|Trick Room|p1a: Oranguru
|-fieldstart|move: Trick Room|[of] p1a: Oranguru
|
|-weather|SunnyDay|[upkeep]
|upkeep
|turn|2
|
|t:|1784312797
|switch|p2a: Incineroar|Incineroar, L50, M|100/100
|-ability|p2a: Incineroar|Intimidate|boost
|-fail|p1a: Oranguru|unboost|Attack|[from] ability: Inner Focus|[of] p1a: Oranguru
|-unboost|p1b: Torkoal|atk|1
|move|p2b: Garchomp|Protect|p2b: Garchomp
|-singleturn|p2b: Garchomp|Protect
|move|p1b: Torkoal|Eruption|p2b: Garchomp|[spread] p2a
|-activate|p2b: Garchomp|move: Protect
|-resisted|p2a: Incineroar|1
|-damage|p2a: Incineroar|55/100
|move|p1a: Oranguru|Instruct|p1b: Torkoal
|-singleturn|p1b: Torkoal|move: Instruct|[of] p1a: Oranguru
|move|p1b: Torkoal|Eruption|p2a: Incineroar|[spread] p2a
|-activate|p2b: Garchomp|move: Protect
|-resisted|p2a: Incineroar|1
|-damage|p2a: Incineroar|11/100
|
|-weather|SunnyDay|[upkeep]
|upkeep
|turn|3
|
|t:|1784312814
|switch|p2b: Gyarados|Gyarados, L50, F|100/100
|move|p1b: Torkoal|Protect|p1b: Torkoal
|-singleturn|p1b: Torkoal|Protect
|move|p2a: Incineroar|Fake Out|p1b: Torkoal
|-activate|p1b: Torkoal|move: Protect
|move|p1a: Oranguru|Encore||[still]
|-fail|p1a: Oranguru
|
|-weather|SunnyDay|[upkeep]
|upkeep
|turn|4
|inactive|ground tera has 30 seconds left.
|
|t:|1784312846
|move|p1b: Torkoal|Eruption|p2b: Gyarados|[spread] p2a,p2b
|-resisted|p2a: Incineroar|1
|-resisted|p2b: Gyarados|1
|-crit|p2b: Gyarados
|-damage|p2a: Incineroar|0 fnt
|-damage|p2b: Gyarados|45/100
|faint|p2a: Incineroar
|move|p1a: Oranguru|Instruct|p1b: Torkoal
|-singleturn|p1b: Torkoal|move: Instruct|[of] p1a: Oranguru
|move|p1b: Torkoal|Eruption|p2b: Gyarados
|-resisted|p2b: Gyarados|1
|-damage|p2b: Gyarados|0 fnt
|faint|p2b: Gyarados
|
|-weather|SunnyDay|[upkeep]
|upkeep
|
|t:|1784312851
|switch|p2a: Sneasler|Sneasler, L50, F|100/100
|switch|p2b: Garchomp|Garchomp, L50, M|90/100
|turn|5
|
|t:|1784312866
|move|p2a: Sneasler|Fake Out|p1b: Torkoal
|-damage|p1b: Torkoal|89/100
|cant|p1b: Torkoal|flinch
|move|p1a: Oranguru|Instruct|p1b: Torkoal
|-singleturn|p1b: Torkoal|move: Instruct|[of] p1a: Oranguru
|cant|p1b: Torkoal|flinch
|move|p2b: Garchomp|Stomping Tantrum|p1a: Oranguru
|-damage|p1a: Oranguru|0 fnt
|faint|p1a: Oranguru
|-damage|p2b: Garchomp|80/100|[from] item: Life Orb
|
|-weather|none
|-fieldend|move: Trick Room
|upkeep
|
|t:|1784312880
|switch|p1a: Scrafty|Scrafty, L50, M|100/100
|-ability|p1a: Scrafty|Intimidate|boost
|-unboost|p2a: Sneasler|atk|1
|-unboost|p2b: Garchomp|atk|1
|turn|6
|
|t:|1784312890
|switch|p1b: Gholdengo|Gholdengo, L50, shiny|100/100
|detailschange|p1a: Scrafty|Scrafty-Mega, L50, M
|-mega|p1a: Scrafty|Scrafty|Scraftinite
|-ability|p1a: Scrafty|Intimidate|boost
|-unboost|p2a: Sneasler|atk|1
|-unboost|p2b: Garchomp|atk|1
|move|p1a: Scrafty|Fake Out|p2a: Sneasler
|-damage|p2a: Sneasler|75/100
|cant|p2a: Sneasler|flinch
|move|p2b: Garchomp|Stomping Tantrum|p1b: Gholdengo
|-supereffective|p1b: Gholdengo|1
|-crit|p1b: Gholdengo
|-damage|p1b: Gholdengo|0 fnt
|faint|p1b: Gholdengo
|-damage|p2b: Garchomp|70/100|[from] item: Life Orb
|
|upkeep
|
|t:|1784312895
|switch|p1b: Torkoal|Torkoal, L50, F, shiny|89/100
|-weather|SunnyDay|[from] ability: Drought|[of] p1b: Torkoal
|turn|7
|inactive|ground tera has 30 seconds left.
|
|t:|1784312924
|move|p2a: Sneasler|Dire Claw|p1a: Scrafty
|-damage|p1a: Scrafty|83/100
|move|p2b: Garchomp|Rock Slide|p1b: Torkoal|[spread] p1a
|-miss|p2b: Garchomp|p1b: Torkoal
|-resisted|p1a: Scrafty|1
|-damage|p1a: Scrafty|78/100
|-damage|p2b: Garchomp|60/100|[from] item: Life Orb
|cant|p1a: Scrafty|flinch
|move|p1b: Torkoal|Earth Power|p2a: Sneasler
|-supereffective|p2a: Sneasler|1
|-damage|p2a: Sneasler|0 fnt
|faint|p2a: Sneasler
|
|-weather|SunnyDay|[upkeep]
|upkeep
|turn|8
|inactive|Juaner95 has 30 seconds left.
|inactive|Juaner95 has 20 seconds left.
|inactive|Juaner95 has 15 seconds left.
|inactive|Juaner95 has 10 seconds left.
|
|t:|1784312970
|move|p2b: Garchomp|Rock Slide|p1a: Scrafty|[spread] p1a,p1b
|-resisted|p1a: Scrafty|1
|-supereffective|p1b: Torkoal|1
|-damage|p1a: Scrafty|73/100
|-damage|p1b: Torkoal|67/100
|-damage|p2b: Garchomp|50/100g|[from] item: Life Orb
|move|p1a: Scrafty|Knock Off|p2b: Garchomp
|-damage|p2b: Garchomp|4/100
|-damage|p1a: Scrafty|61/100|[from] ability: Rough Skin|[of] p2b: Garchomp
|-enditem|p2b: Garchomp|Life Orb|[from] move: Knock Off|[of] p1a: Scrafty
|move|p1b: Torkoal|Eruption|p2b: Garchomp
|-resisted|p2b: Garchomp|1
|-damage|p2b: Garchomp|0 fnt
|faint|p2b: Garchomp
|
|win|Juaner95
|raw|Juaner95's rating: 1140 → 1174(+34 for winning)
|raw|ground tera's rating: 1270 → 1236(-34 for losing)
|l|☆ground tera
|player|p2|
