|j|☆milkandcereals
|j|☆BranchingBee
|html|milkandcerealsBranchingBee    
|uhtml|bestof|Game 1 of a best-of-3
|t:|1756501007
|gametype|doubles
|player|p1|milkandcereals|blue|1065
|player|p2|BranchingBee|skyla|1055
|gen|9
|tier|[Gen 9] VGC 2025 Reg H (Bo3)
|rated|
|rule|Species Clause: Limit one of each Pokémon
|rule|Item Clause: Limit 1 of each item
|clearpoke
|poke|p1|Porygon2, L50|
|poke|p1|Rillaboom, L50, F|
|poke|p1|Ursaluna, L50, F|
|poke|p1|Jumpluff, L50, M|
|poke|p1|Charizard, L50, M|
|poke|p1|Torkoal, L50, M|
|poke|p2|Annihilape, L50, M|
|poke|p2|Whimsicott, L50, M|
|poke|p2|Garchomp, L50, F|
|poke|p2|Clefairy, L50, F|
|poke|p2|Hydreigon, L50, M|
|poke|p2|Gholdengo, L50|
|teampreview|4
|showteam|p1|Porygon2||Eviolite|Download|TeraBlast,IceBeam,TrickRoom,Recover||||||50|,,,,,Fighting]Rillaboom||AssaultVest|GrassySurge|FakeOut,GrassyGlide,WoodHammer,HighHorsepower|||F|||50|,,,,,Water]Ursaluna||FlameOrb|Guts|Protect,Facade,Earthquake,HeadlongRush|||F|||50|,,,,,Ghost]Jumpluff||CovertCloak|Chlorophyll|SleepPowder,SunnyDay,Tailwind,RagePowder|||M|||50|,,,,,Fire]Charizard||ChoiceSpecs|SolarPower|HeatWave,Overheat,WeatherBall,DragonPulse|||M|||50|,,,,,Ghost]Torkoal||EjectPack|Drought|Overheat,Eruption,HelpingHand,Protect|||M|||50|,,,,,Fire
|showteam|p2|Annihilape||SafetyGoggles|Defiant|Protect,RageFist,DrainPunch,FinalGambit|||M|||50|,,,,,Water]Whimsicott||FocusSash|Prankster|Tailwind,Encore,Moonblast,Protect|||M|||50|,,,,,Ghost]Garchomp||LifeOrb|RoughSkin|Protect,StompingTantrum,DragonClaw,Earthquake|||F|||50|,,,,,Steel]Clefairy||Eviolite|FriendGuard|Protect,FollowMe,HealPulse,HelpingHand|||F|||50|,,,,,Water]Hydreigon||ChoiceSpecs|Levitate|Snarl,DarkPulse,DragonPulse,Flamethrower|||M|||50|,,,,,Fire]Gholdengo||MetalCoat|GoodasGold|Protect,NastyPlot,MakeItRain,ShadowBall||||||50|,,,,,Steel
|inactive|Battle timer is ON: inactive players will automatically lose when time's up. (requested by milkandcereals)
|c|☆milkandcereals|glhf
|c|☆BranchingBee|Glhf
|inactive|milkandcereals has 60 seconds left.
|inactive|milkandcereals has 30 seconds left.
|inactive|milkandcereals has 20 seconds left.
|inactive|milkandcereals has 15 seconds left.
|
|t:|1756501127
|teamsize|p1|4
|teamsize|p2|4
|start
|switch|p1a: Jumpluff|Jumpluff, L50, M|100/100
|switch|p1b: Torkoal|Torkoal, L50, M|100/100
|switch|p2a: Hydreigon|Hydreigon, L50, M|100/100
|switch|p2b: Whimsicott|Whimsicott, L50, M|100/100
|-weather|SunnyDay|[from] ability: Drought|[of] p1b: Torkoal
|turn|1
|inactive|milkandcereals has 30 seconds left.
|inactive|milkandcereals has 20 seconds left.
|
|t:|1756501166
|move|p2b: Whimsicott|Tailwind|p2b: Whimsicott
|-sidestart|p2: BranchingBee|move: Tailwind
|move|p1a: Jumpluff|Sleep Powder|p2a: Hydreigon|[miss]
|-miss|p1a: Jumpluff|p2a: Hydreigon
|move|p2a: Hydreigon|Snarl|p1a: Jumpluff|[spread] p1a,p1b
|-damage|p1a: Jumpluff|64/100
|-damage|p1b: Torkoal|57/100
|-unboost|p1b: Torkoal|spa|1
|-enditem|p1b: Torkoal|Eject Pack
|
|t:|1756501176
|switch|p1b: Charizard|Charizard, L50, M|100/100
|
|-weather|SunnyDay|[upkeep]
|-damage|p1b: Charizard|88/100|[from] ability: Solar Power|[of] p1b: Charizard
|upkeep
|turn|2
|
|t:|1756501194
|move|p2b: Whimsicott|Encore|p1a: Jumpluff
|-start|p1a: Jumpluff|Encore
|move|p1a: Jumpluff|Sleep Powder|p2a: Hydreigon
|-status|p2a: Hydreigon|slp|[from] move: Sleep Powder
|cant|p2a: Hydreigon|slp
|move|p1b: Charizard|Heat Wave|p2a: Hydreigon|[spread] p2a,p2b
|-resisted|p2a: Hydreigon
|-supereffective|p2b: Whimsicott
|-damage|p2a: Hydreigon|40/100 slp
|-enditem|p2b: Whimsicott|Focus Sash
|-damage|p2b: Whimsicott|1/100
|
|-weather|SunnyDay|[upkeep]
|-damage|p1b: Charizard|76/100|[from] ability: Solar Power|[of] p1b: Charizard
|upkeep
|turn|3
|inactive|milkandcereals has 30 seconds left.
|
|t:|1756501227
|move|p2b: Whimsicott|Moonblast|p1b: Charizard
|-resisted|p1b: Charizard
|-damage|p1b: Charizard|54/100
|-unboost|p1b: Charizard|spa|1
|move|p1a: Jumpluff|Sleep Powder|p2a: Hydreigon
|-fail|p2a: Hydreigon|slp
|cant|p2a: Hydreigon|slp
|move|p1b: Charizard|Heat Wave|p2b: Whimsicott|[spread] p2a,p2b
|-resisted|p2a: Hydreigon
|-supereffective|p2b: Whimsicott
|-damage|p2a: Hydreigon|0 fnt
|-damage|p2b: Whimsicott|0 fnt
|faint|p2a: Hydreigon
|faint|p2b: Whimsicott
|
|-weather|SunnyDay|[upkeep]
|-damage|p1b: Charizard|41/100|[from] ability: Solar Power|[of] p1b: Charizard
|upkeep
|
|t:|1756501244
|switch|p2b: Annihilape|Annihilape, L50, M|100/100
|switch|p2a: Clefairy|Clefairy, L50, F|100/100
|turn|4
|
|t:|1756501264
|move|p2a: Clefairy|Follow Me|p2a: Clefairy
|-singleturn|p2a: Clefairy|move: Follow Me
|move|p1a: Jumpluff|Sleep Powder|p2a: Clefairy|[miss]
|-miss|p1a: Jumpluff|p2a: Clefairy
|move|p2b: Annihilape|Rage Fist|p1b: Charizard
|-damage|p1b: Charizard|15/100
|move|p1b: Charizard|Heat Wave|p2b: Annihilape|[spread] p2a,p2b
|-damage|p2a: Clefairy|27/100
|-damage|p2b: Annihilape|53/100
|-status|p2b: Annihilape|brn
|
|-weather|SunnyDay|[upkeep]
|-damage|p1b: Charizard|3/100|[from] ability: Solar Power|[of] p1b: Charizard
|-damage|p2b: Annihilape|48/100 brn|[from] brn
|-end|p1a: Jumpluff|Encore
|-sideend|p2: BranchingBee|move: Tailwind
|upkeep
|turn|5
|inactive|BranchingBee has 30 seconds left.
|
|t:|1756501293
|move|p1a: Jumpluff|Sleep Powder|p2b: Annihilape
|-activate|p2b: Annihilape|item: Safety Goggles|Sleep Powder
|move|p1b: Charizard|Heat Wave|p2a: Clefairy|[spread] p2a,p2b
|-damage|p2a: Clefairy|0 fnt
|-damage|p2b: Annihilape|1/100 brn
|faint|p2a: Clefairy
|move|p2b: Annihilape|Rage Fist|p1b: Charizard
|-damage|p1b: Charizard|0 fnt
|faint|p1b: Charizard
|
|-weather|none
|-damage|p2b: Annihilape|0 fnt|[from] brn
|faint|p2b: Annihilape
|
|win|milkandcereals
