|j|☆nocturnallynoct
|j|☆odggggg
|html|nocturnallynoctodggggg    
|uhtml|bestof|Game 2 of a best-of-3
|t:|1756765098
|gametype|doubles
|player|p1|nocturnallynoct|102|1122
|player|p2|odggggg|2|1076
|gen|9
|tier|[Gen 9] VGC 2025 Reg H (Bo3)
|rated|
|rule|Species Clause: Limit one of each Pokémon
|rule|Item Clause: Limit 1 of each item
|clearpoke
|poke|p1|Sneasler, L50, F|
|poke|p1|Indeedee, L50, M|
|poke|p1|Tyranitar, L50, F|
|poke|p1|Ursaluna-Bloodmoon, L50, M|
|poke|p1|Electabuzz, L50, M|
|poke|p1|Talonflame, L50, F|
|poke|p2|Kingambit, L50, F|
|poke|p2|Electabuzz, L50, F|
|poke|p2|Volcarona, L50, F|
|poke|p2|Rillaboom, L50, F|
|poke|p2|Sneasler, L50, M|
|poke|p2|Dragonite, L50, M|
|teampreview|4
|showteam|p1|Sneasler||PsychicSeed|Unburden|DireClaw,CloseCombat,ThroatChop,Protect|||F|||50|,,,,,Dark]Indeedee||FocusSash|PsychicSurge|ExpandingForce,TeraBlast,Protect,TrickRoom|||M|||50|,,,,,Fighting]Tyranitar||AssaultVest|SandStream|RockSlide,KnockOff,LowKick,TeraBlast|||F|||50|,,,,,Flying]Ursaluna-Bloodmoon||LifeOrb|MindsEye|BloodMoon,HyperVoice,EarthPower,Protect|||M|||50|,,,,,Normal]Electabuzz||Eviolite|VitalSpirit|Electroweb,FollowMe,Taunt,Protect|||M|||50|,,,,,Dragon]Talonflame||CovertCloak|GaleWings|DualWingbeat,FlareBlitz,Tailwind,WillOWisp|||F|||50|,,,,,Fairy
|showteam|p2|Kingambit||BlackGlasses|Defiant|KowtowCleave,SuckerPunch,SwordsDance,Protect|||F|||50|,,,,,Dark]Electabuzz||Eviolite|VitalSpirit|Thunderbolt,Taunt,FollowMe,Protect|||F|||50|,,,,,Ghost]Volcarona||Leftovers|FlameBody|HeatWave,TeraBlast,QuiverDance,Protect|||F|||50|,,,,,Fairy]Rillaboom||AssaultVest|GrassySurge|FakeOut,HighHorsepower,WoodHammer,GrassyGlide|||F|||50|,,,,,Fire]Sneasler||FocusSash|PoisonTouch|DireClaw,CloseCombat,FakeOut,Coaching|||M|||50|,,,,,Stellar]Dragonite||LoadedDice|Multiscale|ExtremeSpeed,ScaleShot,Protect,Haze|||M|||50|,,,,,Steel
|inactive|Battle timer is ON: inactive players will automatically lose when time's up. (requested by nocturnallynoct)
|inactive|nocturnallynoct has 60 seconds left.
|
|t:|1756765146
|teamsize|p1|4
|teamsize|p2|4
|start
|switch|p1a: Ursaluna|Ursaluna-Bloodmoon, L50, M|100/100
|switch|p1b: Talonflame|Talonflame, L50, F|100/100
|switch|p2a: Kingambit|Kingambit, L50, F|100/100
|switch|p2b: Sneasler|Sneasler, L50, M|100/100
|turn|1
|inactive|nocturnallynoct has 30 seconds left.
|inactive|odggggg has 30 seconds left.
|inactive|odggggg has 20 seconds left.
|inactive|odggggg has 15 seconds left.
|inactive|odggggg has 10 seconds left.
|
|t:|1756765195
|move|p1a: Ursaluna|Protect|p1a: Ursaluna
|-singleturn|p1a: Ursaluna|Protect
|move|p2b: Sneasler|Fake Out|p1a: Ursaluna
|-activate|p1a: Ursaluna|move: Protect
|move|p1b: Talonflame|Will-O-Wisp|p2a: Kingambit
|-status|p2a: Kingambit|brn
|move|p2a: Kingambit|Swords Dance|p2a: Kingambit
|-boost|p2a: Kingambit|atk|2
|
|-damage|p2a: Kingambit|95/100 brn|[from] brn
|upkeep
|turn|2
|inactive|nocturnallynoct has 30 seconds left.
|inactive|nocturnallynoct has 20 seconds left.
|
|t:|1756765232
|switch|p1a: Sneasler|Sneasler, L50, F|100/100
|-terastallize|p2a: Kingambit|Dark
|move|p2b: Sneasler|Dire Claw|p1b: Talonflame
|-damage|p1b: Talonflame|44/100
|move|p1b: Talonflame|Will-O-Wisp|p2b: Sneasler|[miss]
|-miss|p1b: Talonflame|p2b: Sneasler
|move|p2a: Kingambit|Kowtow Cleave|p1a: Sneasler
|-resisted|p1a: Sneasler
|-damage|p1a: Sneasler|31/100
|
|-damage|p2a: Kingambit|89/100 brn|[from] brn
|upkeep
|turn|3
|inactive|nocturnallynoct has 30 seconds left.
|inactive|odggggg has 30 seconds left.
|inactive|nocturnallynoct has 20 seconds left.
|inactive|nocturnallynoct has 15 seconds left.
|inactive|nocturnallynoct has 10 seconds left.
|
|t:|1756765282
|switch|p1a: Ursaluna|Ursaluna-Bloodmoon, L50, M|100/100
|move|p2a: Kingambit|Protect|p2a: Kingambit
|-singleturn|p2a: Kingambit|Protect
|move|p2b: Sneasler|Dire Claw|p1b: Talonflame
|-damage|p1b: Talonflame|0 fnt
|faint|p1b: Talonflame
|
|-damage|p2a: Kingambit|83/100 brn|[from] brn
|upkeep
|
|t:|1756765301
|switch|p1b: Indeedee|Indeedee, L50, M|100/100
|-fieldstart|move: Psychic Terrain|[from] ability: Psychic Surge|[of] p1b: Indeedee
|turn|4
|inactive|nocturnallynoct has 30 seconds left.
|
|t:|1756765329
|switch|p2b: Rillaboom|Rillaboom, L50, F|100/100
|-fieldstart|move: Grassy Terrain|[from] ability: Grassy Surge|[of] p2b: Rillaboom
|-terastallize|p1a: Ursaluna|Normal
|move|p1b: Indeedee|Expanding Force|p2b: Rillaboom
|-damage|p2b: Rillaboom|74/100
|move|p1a: Ursaluna|Hyper Voice|p2b: Rillaboom|[spread] p2a,p2b
|-damage|p2a: Kingambit|23/100 brn
|-damage|p2b: Rillaboom|27/100
|-damage|p1a: Ursaluna|90/100|[from] item: Life Orb
|move|p2a: Kingambit|Kowtow Cleave|p1b: Indeedee
|-supereffective|p1b: Indeedee
|-enditem|p1b: Indeedee|Focus Sash
|-damage|p1b: Indeedee|1/100
|
|-heal|p1b: Indeedee|7/100|[from] Grassy Terrain
|-heal|p2b: Rillaboom|33/100|[from] Grassy Terrain
|-heal|p1a: Ursaluna|96/100|[from] Grassy Terrain
|-heal|p2a: Kingambit|29/100 brn|[from] Grassy Terrain
|-damage|p2a: Kingambit|23/100 brn|[from] brn
|upkeep
|turn|5
|inactive|odggggg has 30 seconds left.
|
|t:|1756765361
|switch|p1b: Sneasler|Sneasler, L50, F|31/100
|move|p2b: Rillaboom|Fake Out|p1b: Sneasler
|-crit|p1b: Sneasler
|-damage|p1b: Sneasler|0 fnt
|faint|p1b: Sneasler
|move|p2a: Kingambit|Sucker Punch|p1a: Ursaluna
|-damage|p1a: Ursaluna|49/100
|move|p1a: Ursaluna|Hyper Voice|p2a: Kingambit|[spread] p2a,p2b
|-damage|p2a: Kingambit|0 fnt
|-damage|p2b: Rillaboom|0 fnt
|faint|p2a: Kingambit
|faint|p2b: Rillaboom
|-damage|p1a: Ursaluna|39/100|[from] item: Life Orb
|
|-heal|p1a: Ursaluna|45/100|[from] Grassy Terrain
|upkeep
|
|t:|1756765377
|switch|p1b: Indeedee|Indeedee, L50, M|7/100
|switch|p2b: Sneasler|Sneasler, L50, M|100/100
|switch|p2a: Electabuzz|Electabuzz, L50, F|100/100
|-fieldstart|move: Psychic Terrain|[from] ability: Psychic Surge|[of] p1b: Indeedee
|turn|6
|inactive|nocturnallynoct has 30 seconds left.
|inactive|nocturnallynoct has 20 seconds left.
|inactive|nocturnallynoct has 15 seconds left.
|
|t:|1756765422
|move|p1b: Indeedee|Protect|p1b: Indeedee
|-singleturn|p1b: Indeedee|Protect
|move|p2b: Sneasler|Close Combat|p1a: Ursaluna
|-supereffective|p1a: Ursaluna
|-damage|p1a: Ursaluna|0 fnt
|-unboost|p2b: Sneasler|def|1
|-unboost|p2b: Sneasler|spd|1
|faint|p1a: Ursaluna
|move|p2a: Electabuzz|Thunderbolt|p1b: Indeedee
|-activate|p1b: Indeedee|move: Protect
|
|upkeep
|turn|7
|-message|nocturnallynoct forfeited.
|
|win|odggggg
|raw|nocturnallynoct's rating: 1122 → 1094(-28 for losing)
|raw|odggggg's rating: 1076 → 1108(+32 for winning)
|l|☆odggggg
|player|p2|
