|j|☆dawnenen
|j|☆SwShi enjoyer
|html|dawnenenSwShi enjoyer    
|uhtml|bestof|Game 2 of a best-of-3
|t:|1784923643
|gametype|doubles
|player|p1|dawnenen|galacticgruntf|1091
|player|p2|SwShi enjoyer|169|1043
|gen|9
|tier|[Gen 9 Champions] VGC 2026 Reg M-B (Bo3)
|rated|
|rule|Species Clause: Limit one of each Pokémon
|rule|Item Clause: Limit 1 of each item
|clearpoke
|poke|p1|Grimmsnarl, L50, M|
|poke|p1|Venusaur, L50, F|
|poke|p1|Pelipper, L50, F|
|poke|p1|Archaludon, L50, F|
|poke|p1|Charizard, L50, M|
|poke|p1|Basculegion, L50, M|
|poke|p2|Garchomp, L50, M|
|poke|p2|Charizard, L50, M|
|poke|p2|Floette-Eternal, L50, F|
|poke|p2|Whimsicott, L50, M|
|poke|p2|Basculegion, L50, M|
|poke|p2|Kingambit, L50, F|
|teampreview|4
|showteam|p1|Grimmsnarl||LightClay|Prankster|SpiritBreak,Reflect,LightScreen,PartingShot|Careful||M|||50|]Venusaur||FocusSash|Chlorophyll|SludgeBomb,EarthPower,SleepPowder,Protect|Modest||F|||50|]Pelipper||SitrusBerry|Drizzle|WeatherBall,Hurricane,Tailwind,WideGuard|Modest||F|||50|]Archaludon||Leftovers|Stamina|DragonPulse,FlashCannon,ElectroShot,Protect|Modest||F|||50|]Charizard||CharizarditeY|Blaze|HeatWave,SolarBeam,WeatherBall,Protect|Modest||M|||50|]Basculegion||ChoiceScarf|Adaptability|WaveCrash,FlipTurn,LastRespects,AquaJet|Jolly||M|||50|
|showteam|p2|Garchomp||LifeOrb|RoughSkin|DragonClaw,Earthquake,RockSlide,Protect|Jolly||M|||50|]Charizard||CharizarditeY|Blaze|WeatherBall,HeatWave,SolarBeam,Protect|Modest||M|||50|]Floette-Eternal||Floettite|FlowerVeil|Moonblast,LightofRuin,DazzlingGleam,Protect|Timid||F|||50|]Whimsicott||FocusSash|Prankster|Moonblast,Encore,Tailwind,Protect|Timid||M|||50|]Basculegion||MysticWater|Adaptability|WaveCrash,LastRespects,AquaJet,Protect|Adamant||M|||50|]Kingambit||BlackGlasses|Defiant|SuckerPunch,IronHead,KowtowCleave,Protect|Adamant||F|||50|
|inactive|Battle timer is ON: inactive players will automatically lose when time's up. (requested by dawnenen)
|
|t:|1784923666
|teamsize|p1|4
|teamsize|p2|4
|start
|switch|p1a: Basculegion|Basculegion, L50, M|100/100
|switch|p1b: Archaludon|Archaludon, L50, F|100/100
|switch|p2a: Charizard|Charizard, L50, M|100/100
|switch|p2b: Garchomp|Garchomp, L50, M|100/100
|turn|1
|
|t:|1784923687
|move|p2a: Charizard|Protect|p2a: Charizard
|-singleturn|p2a: Charizard|Protect
|move|p1a: Basculegion|Flip Turn|p2b: Garchomp
|-damage|p2b: Garchomp|57/100
|-damage|p1a: Basculegion|87/100|[from] ability: Rough Skin|[of] p2b: Garchomp
|
|t:|1784923696
|switch|p1a: Pelipper|Pelipper, L50, F|100/100|[from] Flip Turn
|-weather|RainDance|[from] ability: Drizzle|[of] p1a: Pelipper
|move|p2b: Garchomp|Earthquake|p1b: Archaludon|[spread] p1b
|-activate|p2a: Charizard|move: Protect
|-immune|p1a: Pelipper
|-supereffective|p1b: Archaludon|1
|-damage|p1b: Archaludon|24/100
|-ability|p1b: Archaludon|Stamina|boost
|-boost|p1b: Archaludon|def|1
|-damage|p2b: Garchomp|48/100|[from] item: Life Orb
|move|p1b: Archaludon|Electro Shot||[still]
|-prepare|p1b: Archaludon|Electro Shot
|-boost|p1b: Archaludon|spa|1
|-anim|p1b: Archaludon|Electro Shot|p2a: Charizard
|-activate|p2a: Charizard|move: Protect
|
|-weather|RainDance|[upkeep]
|-heal|p1b: Archaludon|30/100|[from] item: Leftovers
|upkeep
|turn|2
|inactive|dawnenen has 30 seconds left.
|inactive|SwShi enjoyer has 30 seconds left.
|inactive|dawnenen has 20 seconds left.
|inactive|dawnenen has 15 seconds left.
|inactive|SwShi enjoyer has 20 seconds left.
|inactive|dawnenen has 10 seconds left.
|inactive|dawnenen has 5 seconds left.
|
|t:|1784923748
|switch|p1a: Basculegion|Basculegion, L50, M|87/100
|detailschange|p2a: Charizard|Charizard-Mega-Y, L50, M
|-mega|p2a: Charizard|Charizard|Charizardite Y
|-weather|SunnyDay|[from] ability: Drought|[of] p2a: Charizard
|move|p1b: Archaludon|Protect|p1b: Archaludon
|-singleturn|p1b: Archaludon|Protect
|move|p2b: Garchomp|Dragon Claw|p1b: Archaludon
|-activate|p1b: Archaludon|move: Protect
|move|p2a: Charizard|Solar Beam||[still]
|-prepare|p2a: Charizard|Solar Beam
|-anim|p2a: Charizard|Solar Beam|p1a: Basculegion
|-supereffective|p1a: Basculegion|1
|-damage|p1a: Basculegion|0 fnt
|faint|p1a: Basculegion
|
|-weather|SunnyDay|[upkeep]
|-heal|p1b: Archaludon|37/100|[from] item: Leftovers
|upkeep
|
|t:|1784923767
|switch|p1a: Pelipper|Pelipper, L50, F|100/100
|-weather|RainDance|[from] ability: Drizzle|[of] p1a: Pelipper
|turn|3
|inactive|dawnenen has 30 seconds left.
|inactive|SwShi enjoyer has 30 seconds left.
|inactive|dawnenen has 20 seconds left.
|inactive|dawnenen has 15 seconds left.
|inactive|dawnenen has 10 seconds left.
|inactive|SwShi enjoyer has 20 seconds left.
|inactive|dawnenen has 5 seconds left.
|
|t:|1784923819
|switch|p1b: Charizard|Charizard, L50, M|100/100
|move|p2b: Garchomp|Dragon Claw|p1b: Charizard
|-damage|p1b: Charizard|48/100
|-damage|p2b: Garchomp|38/100|[from] item: Life Orb
|move|p2a: Charizard|Weather Ball|p1b: Charizard
|-supereffective|p1b: Charizard|1
|-crit|p1b: Charizard
|-damage|p1b: Charizard|0 fnt
|faint|p1b: Charizard
|move|p1a: Pelipper|Tailwind|p1a: Pelipper
|-sidestart|p1: dawnenen|move: Tailwind
|
|-weather|RainDance|[upkeep]
|upkeep
|
|t:|1784923832
|switch|p1b: Archaludon|Archaludon, L50, F|37/100
|turn|4
|
|t:|1784923846
|switch|p2a: Whimsicott|Whimsicott, L50, M|100/100
|move|p1b: Archaludon|Dragon Pulse|p2b: Garchomp
|-supereffective|p2b: Garchomp|1
|-damage|p2b: Garchomp|0 fnt
|faint|p2b: Garchomp
|move|p1a: Pelipper|Weather Ball|p2a: Whimsicott
|-resisted|p2a: Whimsicott|1
|-damage|p2a: Whimsicott|54/100
|
|-weather|RainDance|[upkeep]
|-heal|p1b: Archaludon|43/100|[from] item: Leftovers
|upkeep
|
|t:|1784923851
|switch|p2b: Charizard|Charizard-Mega-Y, L50, M|100/100
|-weather|SunnyDay|[from] ability: Drought|[of] p2b: Charizard
|turn|5
|inactive|dawnenen has 30 seconds left.
|
|t:|1784923880
|move|p2a: Whimsicott|Tailwind|p2a: Whimsicott
|-sidestart|p2: SwShi enjoyer|move: Tailwind
|move|p2b: Charizard|Weather Ball|p1b: Archaludon
|-damage|p1b: Archaludon|0 fnt
|faint|p1b: Archaludon
|move|p1a: Pelipper|Weather Ball|p2a: Whimsicott
|-supereffective|p2a: Whimsicott|1
|-damage|p2a: Whimsicott|0 fnt
|faint|p2a: Whimsicott
|
|-weather|SunnyDay|[upkeep]
|upkeep
|
|t:|1784923886
|switch|p2a: Kingambit|Kingambit, L50, F|100/100
|turn|6
|-message|dawnenen forfeited.
|
|win|SwShi enjoyer
|raw|dawnenen's rating: 1091 → 1064(-27 for losing)
|raw|SwShi enjoyer's rating: 1043 → 1081(+38 for winning)
