|j|☆ropplebees
|j|☆Moose32
|html|ropplebeesMoose32    
|uhtml|bestof|Game 1 of a best-of-3
|t:|1784510526
|gametype|doubles
|player|p1|ropplebees|n|
|player|p2|Moose32|tateandliza-gen6|
|gen|9
|tier|[Gen 9 Champions] VGC 2026 Reg M-B (Bo3)
|rule|Species Clause: Limit one of each Pokémon
|rule|Item Clause: Limit 1 of each item
|clearpoke
|poke|p1|Runerigus, L50, F, shiny|
|poke|p1|Blastoise, L50, F, shiny|
|poke|p1|Scizor, L50, F, shiny|
|poke|p1|Rotom-Wash, L50, shiny|
|poke|p1|Glimmora, L50, F, shiny|
|poke|p1|Aerodactyl, L50, F, shiny|
|poke|p2|Pelipper, L50, M|
|poke|p2|Oranguru, L50, M|
|poke|p2|Beartic, L50, M|
|poke|p2|Quaquaval, L50, M|
|poke|p2|Incineroar, L50, M|
|poke|p2|Archaludon, L50, M|
|teampreview|4
|showteam|p1|Runerigus||Leftovers|WanderingSpirit|DestinyBond,TrickRoom,AllySwitch,Poltergeist|Sassy||F|||50|]Blastoise||Blastoisinite|RainDish|AuraSphere,FakeOut,WaterSpout,DarkPulse|Quiet||F|||50|]Scizor||ExpertBelt|Technician|BulletPunch,CloseCombat,KnockOff,QuickGuard|Adamant||F|||50|]Rotom-Wash||SitrusBerry|Levitate|LightScreen,Thunderbolt,WillOWisp,HydroPump|Timid|||||50|]Glimmora||Glimmoranite|ToxicDebris|EarthPower,PowerGem,SpikyShield,SludgeBomb|Timid||F|||50|]Aerodactyl||FocusSash|Unnerve|DualWingbeat,Tailwind,Protect,RockSlide|Jolly||F|||50|
|showteam|p2|Pelipper||FocusSash|Drizzle|WeatherBall,Hurricane,Tailwind,WideGuard|Modest||M|||50|]Oranguru||MentalHerb|InnerFocus|Psychic,Encore,RainDance,TrickRoom|Calm||M|||50|]Beartic||LifeOrb|SwiftSwim|AquaJet,IcePunch,RockSlide,Protect|Adamant||M|||50|]Quaquaval||RindoBerry|Moxie|AquaStep,CloseCombat,SwordsDance,Protect|Jolly||M|||50|]Incineroar||SitrusBerry|Intimidate|FakeOut,FlareBlitz,DarkestLariat,PartingShot|Adamant||M|||50|]Archaludon||ShucaBerry|Stamina|ElectroShot,DracoMeteor,SolarBeam,Protect|Timid||M|||50|
|j| MikuFan1287
|c|☆Moose32|o7 goats
|j| upfrontsalt
|c| upfrontsalt|WAR
|c|☆ropplebees|gl goats
|j| QuickClawExplosion
|c| MikuFan1287|girls and theys vs men
|c|☆ropplebees|rotom-they form
|l| upfrontsalt
|
|t:|1784511181
|teamsize|p1|4
|teamsize|p2|4
|start
|switch|p1a: Gargle|Runerigus, L50, F, shiny|100/100
|switch|p1b: Guzzle|Blastoise, L50, F, shiny|100/100
|switch|p2a: KING BOO|Oranguru, L50, M|100/100
|switch|p2b: BIG BULLY|Incineroar, L50, M|100/100
|-ability|p2b: BIG BULLY|Intimidate|boost
|-unboost|p1a: Gargle|atk|1
|-unboost|p1b: Guzzle|atk|1
|turn|1
|
|t:|1784511459
|detailschange|p1b: Guzzle|Blastoise-Mega, L50, F, shiny
|-mega|p1b: Guzzle|Blastoise|Blastoisinite
|move|p2b: BIG BULLY|Fake Out|p1b: Guzzle
|-damage|p1b: Guzzle|89/100
|cant|p1b: Guzzle|flinch
|move|p2a: KING BOO|Psychic|p1b: Guzzle
|-damage|p1b: Guzzle|66/100
|move|p1a: Gargle|Trick Room|p1a: Gargle
|-fieldstart|move: Trick Room|[of] p1a: Gargle
|
|upkeep
|turn|2
|
|t:|1784511799
|move|p1a: Gargle|Ally Switch|p1a: Gargle
|swap|p1a: Gargle|1|[from] move: Ally Switch
|move|p2a: KING BOO|Psychic|p1a: Guzzle
|-damage|p1a: Guzzle|40/100
|move|p1a: Guzzle|Dark Pulse|p2a: KING BOO
|-supereffective|p2a: KING BOO|1
|-damage|p2a: KING BOO|39/100
|move|p2b: BIG BULLY|Darkest Lariat|p1a: Guzzle
|-damage|p1a: Guzzle|5/100
|
|upkeep
|turn|3
|
|t:|1784512349
|move|p2a: KING BOO|Psychic|p1a: Guzzle
|-damage|p1a: Guzzle|0 fnt
|faint|p1a: Guzzle
|move|p2b: BIG BULLY|Darkest Lariat|p1b: Gargle
|-supereffective|p1b: Gargle|1
|-damage|p1b: Gargle|34/100
|-activate|p2b: BIG BULLY|Skill Swap|Wandering Spirit|Intimidate|[of] p1b: Gargle
|-ability|p1b: Gargle|Intimidate|boost
|-fail|p2a: KING BOO|unboost|Attack|[from] ability: Inner Focus|[of] p2a: KING BOO
|-unboost|p2b: BIG BULLY|atk|1
|move|p1b: Gargle|Trick Room|p1b: Gargle
|-fieldend|move: Trick Room
|
|-heal|p1b: Gargle|40/100|[from] item: Leftovers
|upkeep
|
|t:|1784512365
|switch|p1a: Drink|Rotom-Wash, L50, shiny|100/100
|turn|4
|c|☆Moose32|!dt ally switch
|c|☆Moose32|/raw Ally Switch  Accuracy— PP16 User and ally swap positions; using again can fail. 
|c|☆Moose32|/raw Priority: 2 |  Gen: 5 |  Z-Effect:  Speed +2 |  Target: User

|
|t:|1784512714
|move|p1a: Drink|Hydro Pump|p2b: BIG BULLY
|-supereffective|p2b: BIG BULLY|1
|-damage|p2b: BIG BULLY|1/100
|-enditem|p2b: BIG BULLY|Sitrus Berry|[eat]
|-heal|p2b: BIG BULLY|25/100|[from] item: Sitrus Berry
|move|p2b: BIG BULLY|Parting Shot|p1a: Drink
|-unboost|p1a: Drink|atk|1
|-unboost|p1a: Drink|spa|1
|
|t:|1784512747
|switch|p2b: EYEROK|Archaludon, L50, M|100/100|[from] Parting Shot
|move|p2a: KING BOO|Psychic|p1a: Drink
|-damage|p1a: Drink|59/100
|move|p1b: Gargle|Destiny Bond|p1b: Gargle
|-singlemove|p1b: Gargle|Destiny Bond
|
|-heal|p1b: Gargle|46/100|[from] item: Leftovers
|upkeep
|turn|5
|n|☆ropplebees|ropplebees
|n|☆Moose32|moose32
|n| MikuFan1287|mikufan1287
|n| QuickClawExplosion|quickclawexplosion
|
|t:|1784512938
|switch|p1a: Gulp|Scizor, L50, F, shiny|100/100
|move|p2b: EYEROK|Draco Meteor|p1a: Gulp
|-resisted|p1a: Gulp|1
|-damage|p1a: Gulp|61/100
|-unboost|p2b: EYEROK|spa|2
|move|p2a: KING BOO|Encore|p1b: Gargle
|-start|p1b: Gargle|Encore
|move|p1b: Gargle|Destiny Bond||[still]
|-fail|p1b: Gargle
|
|-heal|p1b: Gargle|52/100|[from] item: Leftovers
|upkeep
|turn|6
|
|t:|1784513090
|switch|p2b: KING BOB-OMB|Pelipper, L50, M|100/100
|-weather|RainDance|[from] ability: Drizzle|[of] p2b: KING BOB-OMB
|switch|p2a: BIG BULLY|Incineroar, L50, M|25/100
|-ability|p2a: BIG BULLY|Intimidate|boost
|-unboost|p1a: Gulp|atk|1
|-unboost|p1b: Gargle|atk|1
|switch|p1b: Drink|Rotom-Wash, L50, shiny|59/100
|move|p1a: Gulp|Knock Off|p2a: BIG BULLY
|-resisted|p2a: BIG BULLY|1
|-damage|p2a: BIG BULLY|18/100
|
|-weather|RainDance|[upkeep]
|upkeep
|turn|7
|
|t:|1784513502
|move|p2a: BIG BULLY|Fake Out|p1b: Drink
|-damage|p1b: Drink|43/100
|-enditem|p1b: Drink|Sitrus Berry|[eat]
|-heal|p1b: Drink|67/100|[from] item: Sitrus Berry
|cant|p1b: Drink|flinch
|move|p2b: KING BOB-OMB|Weather Ball|p1a: Gulp
|-damage|p1a: Gulp|0 fnt
|faint|p1a: Gulp
|
|-weather|RainDance|[upkeep]
|upkeep
|
|t:|1784513522
|switch|p1a: Gargle|Runerigus, L50, F, shiny|52/100
|turn|8
|c|☆ropplebees|damn was really expecting the wind
|c|☆ropplebees|fuck
|
|t:|1784513677
|move|p1a: Gargle|Ally Switch|p1a: Gargle
|swap|p1a: Gargle|1|[from] move: Ally Switch
|move|p1a: Drink|Thunderbolt|p2b: KING BOB-OMB
|-supereffective|p2b: KING BOB-OMB|2
|-enditem|p2b: KING BOB-OMB|Focus Sash
|-damage|p2b: KING BOB-OMB|1/100
|move|p2b: KING BOB-OMB|Weather Ball|p1a: Drink
|-resisted|p1a: Drink|1
|-damage|p1a: Drink|24/100
|move|p2a: BIG BULLY|Darkest Lariat|p1b: Gargle
|-supereffective|p1b: Gargle|1
|-damage|p1b: Gargle|0 fnt
|-activate|p2a: BIG BULLY|Skill Swap|Wandering Spirit|Intimidate|[of] p1b: Gargle
|-ability|p1b: Gargle|Intimidate|boost
|-unboost|p2a: BIG BULLY|atk|1
|-unboost|p2b: KING BOB-OMB|atk|1
|faint|p1b: Gargle
|
|-weather|RainDance|[upkeep]
|upkeep
|turn|9
|
|t:|1784513725
|move|p1a: Drink|Thunderbolt|p2a: BIG BULLY
|-damage|p2a: BIG BULLY|0 fnt
|faint|p2a: BIG BULLY
|move|p2b: KING BOB-OMB|Weather Ball|p1a: Drink
|-resisted|p1a: Drink|1
|-damage|p1a: Drink|0 fnt
|faint|p1a: Drink
|
|win|Moose32
|c|☆Moose32|gg
