|j|☆SirSpiderVGC
|j|☆satandagiii2005
|html|SirSpiderVGCsatandagiii2005    
|uhtml|bestof|Game 1 of a best-of-3
|t:|1783105187
|gametype|doubles
|player|p1|SirSpiderVGC|lusamine-nihilego|1083
|player|p2|satandagiii2005|byron|1074
|gen|9
|tier|[Gen 9 Champions] VGC 2026 Reg M-B (Bo3)
|rated|
|rule|Species Clause: Limit one of each Pokémon
|rule|Item Clause: Limit 1 of each item
|clearpoke
|poke|p1|Manectric, L50, F|
|poke|p1|Scovillain, L50, M|
|poke|p1|Weavile, L50, M|
|poke|p1|Espathra, L50, F|
|poke|p1|Charizard, L50, M, shiny|
|poke|p1|Venusaur, L50, M, shiny|
|poke|p2|Venusaur, L50, M|
|poke|p2|Swampert, L50, M|
|poke|p2|Pelipper, L50, M|
|poke|p2|Archaludon, L50, F|
|poke|p2|Maushold, L50|
|poke|p2|Gholdengo, L50|
|teampreview|4
|showteam|p1|Manectric||Manectite|LightningRod|Thunderbolt,Flamethrower,VoltSwitch,Protect|Timid||F|||50|]Scovillain||Scovillainite|Moody|Overheat,LeechSeed,RagePowder,Protect|Calm||M|||50|]Weavile||FocusSash|Pickpocket|TripleAxel,LowKick,FakeOut,Protect|Jolly||M|||50|]Espathra||ColburBerry|SpeedBoost|LuminaCrash,CalmMind,BatonPass,Protect|Timid||F|||50|]Charizard||CharizarditeY|Blaze|HeatWave,SolarBeam,WeatherBall,Protect|Modest||M|||50|]Venusaur||LifeOrb|Chlorophyll|EarthPower,GigaDrain,SludgeBomb,Protect|Modest||M|||50|
|showteam|p2|Venusaur||Venusaurite|Overgrow|SludgeBomb,EarthPower,GigaDrain,Protect|Modest||M|||50|]Swampert||Swampertite|Torrent|WaveCrash,Earthquake,IcePunch,Protect|Adamant||M|||50|]Pelipper||SitrusBerry|Drizzle|Hurricane,WeatherBall,Tailwind,WideGuard|Modest||M|||50|]Archaludon||Leftovers|Stamina|ElectroShot,DragonPulse,FlashCannon,Protect|Modest||F|||50|]Maushold||FocusSash|FriendGuard|FollowMe,SuperFang,RainDance,Protect|Jolly|||||50|]Gholdengo||LifeOrb|GoodasGold|MakeItRain,ShadowBall,PowerGem,Protect|Timid|||||50|
|inactive|Battle timer is ON: inactive players will automatically lose when time's up. (requested by satandagiii2005)
|
|t:|1783105242
|teamsize|p1|4
|teamsize|p2|4
|start
|switch|p1a: Manectric|Manectric, L50, F|100/100
|switch|p1b: Espathra|Espathra, L50, F|100/100
|switch|p2a: Maushold|Maushold, L50|100/100
|switch|p2b: Gholdengo|Gholdengo, L50|100/100
|turn|1
|inactive|satandagiii2005 has 30 seconds left.
|
|t:|1783105271
|move|p2a: Maushold|Follow Me|p2a: Maushold
|-singleturn|p2a: Maushold|move: Follow Me
|move|p1a: Manectric|Flamethrower|p2a: Maushold
|-damage|p2a: Maushold|65/100
|move|p1b: Espathra|Calm Mind|p1b: Espathra
|-boost|p1b: Espathra|spa|1
|-boost|p1b: Espathra|spd|1
|move|p2b: Gholdengo|Shadow Ball|p1a: Manectric
|-damage|p1a: Manectric|0 fnt
|faint|p1a: Manectric
|-damage|p2b: Gholdengo|90/100|[from] item: Life Orb
|
|-ability|p1b: Espathra|Speed Boost|boost
|-boost|p1b: Espathra|spe|1
|upkeep
|
|t:|1783105281
|switch|p1a: Weavile|Weavile, L50, M|100/100
|turn|2
|
|t:|1783105291
|move|p1b: Espathra|Protect|p1b: Espathra
|-singleturn|p1b: Espathra|Protect
|move|p2a: Maushold|Protect|p2a: Maushold
|-singleturn|p2a: Maushold|Protect
|move|p1a: Weavile|Low Kick|p2a: Maushold
|-activate|p2a: Maushold|move: Protect
|move|p2b: Gholdengo|Shadow Ball|p1b: Espathra
|-activate|p1b: Espathra|move: Protect
|
|-ability|p1b: Espathra|Speed Boost|boost
|-boost|p1b: Espathra|spe|1
|upkeep
|turn|3
|
|t:|1783105313
|switch|p2a: Pelipper|Pelipper, L50, M|100/100
|-weather|RainDance|[from] ability: Drizzle|[of] p2a: Pelipper
|move|p1b: Espathra|Baton Pass|p1b: Espathra
|
|t:|1783105318
|switch|p1b: Charizard|Charizard, L50, M, shiny|100/100|[from] Baton Pass
|move|p1a: Weavile|Low Kick|p2a: Pelipper
|-resisted|p2a: Pelipper|1
|-damage|p2a: Pelipper|88/100
|move|p2b: Gholdengo|Power Gem|p1a: Weavile
|-supereffective|p1a: Weavile|1
|-crit|p1a: Weavile
|-enditem|p1a: Weavile|Focus Sash
|-damage|p1a: Weavile|1/100
|-damage|p2b: Gholdengo|81/100|[from] item: Life Orb
|
|-weather|RainDance|[upkeep]
|upkeep
|turn|4
|
|t:|1783105339
|switch|p2a: Maushold|Maushold, L50|65/100
|move|p1b: Charizard|Protect|p1b: Charizard
|-singleturn|p1b: Charizard|Protect
|move|p1a: Weavile|Triple Axel|p2a: Maushold
|-damage|p2a: Maushold|53/100
|-damage|p2a: Maushold|26/100
|-damage|p2a: Maushold|0 fnt
|faint|p2a: Maushold
|-hitcount|p2: Maushold|3
|move|p2b: Gholdengo|Make It Rain|p1a: Weavile|[spread] p1a
|-activate|p1b: Charizard|move: Protect
|-supereffective|p1a: Weavile|1
|-damage|p1a: Weavile|0 fnt
|-unboost|p2b: Gholdengo|spa|2
|faint|p1a: Weavile
|-damage|p2b: Gholdengo|71/100|[from] item: Life Orb
|
|-weather|RainDance|[upkeep]
|upkeep
|
|t:|1783105358
|switch|p1a: Espathra|Espathra, L50, F|100/100
|switch|p2a: Swampert|Swampert, L50, M|100/100
|turn|5
|inactive|SirSpiderVGC has 30 seconds left.
|
|t:|1783105384
|detailschange|p1b: Charizard|Charizard-Mega-Y, L50, M, shiny
|-mega|p1b: Charizard|Charizard|Charizardite Y
|-weather|SunnyDay|[from] ability: Drought|[of] p1b: Charizard
|detailschange|p2a: Swampert|Swampert-Mega, L50, M
|-mega|p2a: Swampert|Swampert|Swampertite
|move|p2a: Swampert|Protect|p2a: Swampert
|-singleturn|p2a: Swampert|Protect
|move|p1b: Charizard|Solar Beam||[still]
|-prepare|p1b: Charizard|Solar Beam
|-anim|p1b: Charizard|Solar Beam|p2a: Swampert
|-activate|p2a: Swampert|move: Protect
|move|p1a: Espathra|Calm Mind|p1a: Espathra
|-boost|p1a: Espathra|spa|1
|-boost|p1a: Espathra|spd|1
|move|p2b: Gholdengo|Shadow Ball|p1a: Espathra
|-supereffective|p1a: Espathra|1
|-damage|p1a: Espathra|55/100
|-damage|p2b: Gholdengo|62/100|[from] item: Life Orb
|
|-weather|SunnyDay|[upkeep]
|-ability|p1a: Espathra|Speed Boost|boost
|-boost|p1a: Espathra|spe|1
|upkeep
|turn|6
|inactive|SirSpiderVGC has 30 seconds left.
|inactive|satandagiii2005 has 30 seconds left.
|
|t:|1783105419
|switch|p2a: Pelipper|Pelipper, L50, M|88/100
|-weather|RainDance|[from] ability: Drizzle|[of] p2a: Pelipper
|move|p1b: Charizard|Weather Ball|p2a: Pelipper
|-resisted|p2a: Pelipper|1
|-damage|p2a: Pelipper|30/100
|-enditem|p2a: Pelipper|Sitrus Berry|[eat]
|-heal|p2a: Pelipper|55/100|[from] item: Sitrus Berry
|move|p1a: Espathra|Lumina Crash|p2a: Pelipper
|-damage|p2a: Pelipper|0 fnt
|faint|p2a: Pelipper
|move|p2b: Gholdengo|Shadow Ball|p1a: Espathra
|-supereffective|p1a: Espathra|1
|-damage|p1a: Espathra|5/100
|-damage|p2b: Gholdengo|52/100|[from] item: Life Orb
|
|-weather|RainDance|[upkeep]
|-ability|p1a: Espathra|Speed Boost|boost
|-boost|p1a: Espathra|spe|1
|upkeep
|
|t:|1783105436
|switch|p2a: Swampert|Swampert-Mega, L50, M|100/100
|turn|7
|
|t:|1783105446
|move|p1a: Espathra|Lumina Crash|p2a: Swampert
|-damage|p2a: Swampert|57/100
|-unboost|p2a: Swampert|spd|2
|move|p1b: Charizard|Weather Ball|p2a: Swampert
|-damage|p2a: Swampert|0 fnt
|faint|p2a: Swampert
|move|p2b: Gholdengo|Power Gem|p1b: Charizard
|-supereffective|p1b: Charizard|2
|-damage|p1b: Charizard|46/100
|-damage|p2b: Gholdengo|43/100|[from] item: Life Orb
|
|-weather|RainDance|[upkeep]
|-ability|p1a: Espathra|Speed Boost|boost
|-boost|p1a: Espathra|spe|1
|upkeep
|turn|8
|-message|satandagiii2005 forfeited.
|
|win|SirSpiderVGC
||satandagiii2005 is ready for game 2.
||SirSpiderVGC is ready for game 2.
|uhtml|next|Next: Game 2 of 3
|l|☆SirSpiderVGC
|player|p1|
