|j|☆graal_of_gamers
|j|☆Morty_METPA
|html|graal_of_gamersMorty_METPA    
|uhtml|bestof|Game 1 of a best-of-3
|t:|1786036797
|gametype|doubles
|player|p1|graal_of_gamers|266|
|player|p2|Morty_METPA|caitlin|
|gen|9
|tier|[Gen 9 Champions] VGC 2026 Reg M-B (Bo3)
|rule|Species Clause: Limit one of each Pokémon
|rule|Item Clause: Limit 1 of each item
|clearpoke
|poke|p1|Slowbro, L50, F, shiny|
|poke|p1|Zoroark, L50, F, shiny|
|poke|p1|Sableye, L50, M, shiny|
|poke|p1|Mr. Rime, L50, M, shiny|
|poke|p1|Abomasnow, L50, M, shiny|
|poke|p1|Simisear, L50, M, shiny|
|poke|p2|Emboar, L50, F|
|poke|p2|Sableye, L50, F|
|poke|p2|Runerigus, L50, M|
|poke|p2|Tinkaton, L50, F|
|poke|p2|Abomasnow, L50, M|
|poke|p2|Mr. Rime, L50, F|
|teampreview|4
|showteam|p1|Slowbro||Slowbronite|Regenerator|Protect,Blizzard,Scald,SlackOff|Relaxed||F|||50|]Zoroark||LifeOrb|Illusion|DarkPulse,Flamethrower,SuckerPunch,Protect|Lax||F|||50|]Sableye||LightClay|Prankster|FakeOut,LightScreen,Encore,ThunderWave|Careful||M|||50|]Mr. Rime||BabiriBerry|IceBody|FakeOut,FreezeDry,Thunderbolt,Blizzard|Modest||M|||50|]Abomasnow||Abomasite|SnowWarning|AuroraVeil,Blizzard,GigaDrain,EarthPower|Modest||M|||50|]Simisear||FocusSash|Blaze|FlareBlitz,Yawn,Crunch,RockSlide|Jolly||M|||50|
|showteam|p2|Emboar||Emboarite|Reckless|FlareBlitz,Superpower,SuckerPunch,Protect|Adamant||F|||50|]Sableye||Sablenite|Prankster|FakeOut,WillOWisp,FoulPlay,Protect|Impish||F|||50|]Runerigus||SitrusBerry|WanderingSpirit|TrickRoom,Imprison,Earthquake,Protect|Relaxed||M|||50|]Tinkaton||LumBerry|MoldBreaker|GigatonHammer,FakeOut,KnockOff,Protect|Careful||F|||50|]Abomasnow||FocusSash|SnowWarning|Blizzard,EnergyBall,IceShard,Protect|Timid||M|||50|]Mr. Rime||OccaBerry|ScreenCleaner|FreezeDry,Psychic,Thunderbolt,IceShard|Modest||F|||50|
|c|☆Morty_METPA|Gl Hf
|c|☆graal_of_gamers|Same
|c|☆graal_of_gamers|Я ща таймер включу
|
|t:|1786036887
|teamsize|p1|4
|teamsize|p2|4
|start
|switch|p1a: Ленивый Бобр|Slowbro, L50, F, shiny|100/100
|switch|p1b: Мелкий пиздюк|Sableye, L50, M, shiny|100/100
|switch|p2a: Стич|Sableye, L50, F|100/100
|switch|p2b: Тук-тук|Tinkaton, L50, F|100/100
|-ability|p2b: Тук-тук|Mold Breaker
|turn|1
|
|t:|1786036924
|move|p1a: Ленивый Бобр|Protect|p1a: Ленивый Бобр
|-singleturn|p1a: Ленивый Бобр|Protect
|move|p2a: Стич|Fake Out|p1a: Ленивый Бобр
|-activate|p1a: Ленивый Бобр|move: Protect
|move|p1b: Мелкий пиздюк|Thunder Wave|p2b: Тук-тук
|-status|p2b: Тук-тук|par
|-enditem|p2b: Тук-тук|Lum Berry|[eat]
|-curestatus|p2b: Тук-тук|par|[msg]
|move|p2b: Тук-тук|Knock Off|p1b: Мелкий пиздюк
|-damage|p1b: Мелкий пиздюк|68/100
|-enditem|p1b: Мелкий пиздюк|Light Clay|[from] move: Knock Off|[of] p2b: Тук-тук
|
|upkeep
|turn|2
|
|t:|1786036958
|detailschange|p2a: Стич|Sableye-Mega, L50, F
|-mega|p2a: Стич|Sableye|Sablenite
|move|p1b: Мелкий пиздюк|Thunder Wave|p2b: Тук-тук
|-status|p2b: Тук-тук|par
|move|p1a: Ленивый Бобр|Flamethrower|p2b: Тук-тук
|-supereffective|p2b: Тук-тук|1
|-damage|p2b: Тук-тук|37/100 par
|-damage|p1a: Ленивый Бобр|90/100|[from] item: Life Orb
|move|p2b: Тук-тук|Gigaton Hammer|p1b: Мелкий пиздюк
|-damage|p1b: Мелкий пиздюк|0 fnt
|faint|p1b: Мелкий пиздюк
|move|p2a: Стич|Foul Play|p1a: Ленивый Бобр
|-resisted|p1a: Ленивый Бобр|1
|-damage|p1a: Ленивый Бобр|58/100
|replace|p1a: Хитрый Лис|Zoroark, L50, F, shiny
|-end|p1a: Хитрый Лис|Illusion
|
|upkeep
|
|t:|1786036978
|switch|p1b: Баракасноу|Abomasnow, L50, M, shiny|100/100
|-weather|Snowscape|[from] ability: Snow Warning|[of] p1b: Баракасноу
|turn|3
|
|t:|1786037000
|detailschange|p1b: Баракасноу|Abomasnow-Mega, L50, M, shiny
|-mega|p1b: Баракасноу|Abomasnow|Abomasite
|move|p2b: Тук-тук|Protect|p2b: Тук-тук
|-singleturn|p2b: Тук-тук|Protect
|move|p1a: Хитрый Лис|Flamethrower|p2b: Тук-тук
|-activate|p2b: Тук-тук|move: Protect
|move|p1b: Баракасноу|Aurora Veil|p1b: Баракасноу
|-sidestart|p1: graal_of_gamers|move: Aurora Veil
|move|p2a: Стич|Will-O-Wisp|p1b: Баракасноу
|-status|p1b: Баракасноу|brn
|
|-weather|Snowscape|[upkeep]
|-damage|p1b: Баракасноу|93/100 brn|[from] brn
|upkeep
|turn|4
|
|t:|1786037035
|switch|p2b: Руина|Runerigus, L50, M|100/100
|move|p1a: Хитрый Лис|Flamethrower|p2b: Руина
|-damage|p2b: Руина|60/100
|-damage|p1a: Хитрый Лис|48/100|[from] item: Life Orb
|move|p1b: Баракасноу|Blizzard|p2a: Стич|[spread] p2a,p2b
|-supereffective|p2b: Руина|1
|-damage|p2a: Стич|54/100
|-damage|p2b: Руина|0 fnt
|faint|p2b: Руина
|move|p2a: Стич|Foul Play|p1b: Баракасноу
|-damage|p1b: Баракасноу|78/100 brn
|
|-weather|Snowscape|[upkeep]
|-damage|p1b: Баракасноу|72/100 brn|[from] brn
|upkeep
|
|t:|1786037051
|switch|p2b: Провалено|Mr. Rime, L50, F|100/100
|-activate|p2b: Провалено|ability: Screen Cleaner
|-sideend|p1: graal_of_gamers|move: Aurora Veil
|turn|5
|
|t:|1786037098
|move|p2b: Провалено|Ice Shard|p1a: Хитрый Лис
|-damage|p1a: Хитрый Лис|30/100
|move|p1a: Хитрый Лис|Dark Pulse|p2b: Провалено
|-supereffective|p2b: Провалено|1
|-damage|p2b: Провалено|6/100
|-damage|p1a: Хитрый Лис|20/100y|[from] item: Life Orb
|move|p1b: Баракасноу|Giga Drain|p2a: Стич
|-damage|p2a: Стич|9/100
|-heal|p1b: Баракасноу|89/100 brn|[from] drain|[of] p2a: Стич
|move|p2a: Стич|Foul Play|p1a: Хитрый Лис
|-resisted|p1a: Хитрый Лис|1
|-damage|p1a: Хитрый Лис|0 fnt
|faint|p1a: Хитрый Лис
|
|-weather|Snowscape|[upkeep]
|-damage|p1b: Баракасноу|83/100 brn|[from] brn
|upkeep
|
|t:|1786037108
|switch|p1a: Ленивый Бобр|Slowbro, L50, F, shiny|100/100
|turn|6
|
|t:|1786037153
|move|p2a: Стич|Protect|p2a: Стич
|-singleturn|p2a: Стич|Protect
|move|p2b: Провалено|Freeze-Dry|p1a: Ленивый Бобр
|-supereffective|p1a: Ленивый Бобр|1
|-damage|p1a: Ленивый Бобр|40/100
|move|p1b: Баракасноу|Aurora Veil|p1b: Баракасноу
|-sidestart|p1: graal_of_gamers|move: Aurora Veil
|move|p1a: Ленивый Бобр|Blizzard|p2a: Стич|[spread] p2b
|-activate|p2a: Стич|move: Protect
|-resisted|p2b: Провалено|1
|-crit|p2b: Провалено
|-damage|p2b: Провалено|0 fnt
|faint|p2b: Провалено
|
|-weather|Snowscape|[upkeep]
|-damage|p1b: Баракасноу|77/100 brn|[from] brn
|upkeep
|
|t:|1786037174
|switch|p2b: Тук-тук|Tinkaton, L50, F|37/100 par
|-ability|p2b: Тук-тук|Mold Breaker
|turn|7
|
|t:|1786037221
|move|p2b: Тук-тук|Fake Out|p1b: Баракасноу
|-damage|p1b: Баракасноу|73/100 brn
|cant|p1b: Баракасноу|flinch
|move|p1a: Ленивый Бобр|Blizzard|p2a: Стич|[spread] p2a,p2b
|-resisted|p2b: Тук-тук|1
|-damage|p2a: Стич|0 fnt
|-damage|p2b: Тук-тук|30/100 par
|faint|p2a: Стич
|
|-weather|none
|-damage|p1b: Баракасноу|67/100 brn|[from] brn
|upkeep
|turn|8
|
|t:|1786037234
|move|p2b: Тук-тук|Gigaton Hammer|p1b: Баракасноу
|-supereffective|p1b: Баракасноу|1
|-damage|p1b: Баракасноу|2/100 brn
|move|p1b: Баракасноу|Earth Power|p2b: Тук-тук
|-supereffective|p2b: Тук-тук|1
|-damage|p2b: Тук-тук|0 fnt
|faint|p2b: Тук-тук
|
|win|graal_of_gamers
||graal_of_gamers is ready for game 2.
||Morty_METPA is ready for game 2.
|uhtml|next|Next: Game 2 of 3
