|j|☆whitepeople100
|j|☆marcosdeltasena31
|html|whitepeople100marcosdeltasena31    
|uhtml|bestof|Game 2 of a best-of-3
|t:|1755816942
|gametype|doubles
|player|p1|whitepeople100|blackbelt-gen4dp|1301
|player|p2|marcosdeltasena31|hilbert|1339
|gen|9
|tier|[Gen 9] VGC 2025 Reg H (Bo3)
|rated|
|rule|Species Clause: Limit one of each Pokémon
|rule|Item Clause: Limit 1 of each item
|clearpoke
|poke|p1|Hatterene, L50, F|
|poke|p1|Indeedee-F, L50, F|
|poke|p1|Lilligant-Hisui, L50, F|
|poke|p1|Torkoal, L50, M|
|poke|p1|Gallade, L50, M|
|poke|p1|Ursaluna, L50, F|
|poke|p2|Dragonite, L50, F|
|poke|p2|Sneasler, L50, F|
|poke|p2|Volcarona, L50, F|
|poke|p2|Rillaboom, L50, M|
|poke|p2|Kingambit, L50, F|
|poke|p2|Electabuzz, L50, F|
|teampreview|4
|showteam|p1|Hatterene||LifeOrb|MagicBounce|ExpandingForce,DazzlingGleam,MysticalFire,TrickRoom|||F|||50|,,,,,Fire]Indeedee-F||PsychicSeed|PsychicSurge|DazzlingGleam,FollowMe,HelpingHand,TrickRoom|||F|||50|,,,,,Grass]Lilligant-Hisui||FocusSash|Chlorophyll|SleepPowder,SolarBlade,CloseCombat,AfterYou|||F|||50|,,,,,Ghost]Torkoal||Charcoal|Drought|Protect,Eruption,Flamethrower,EarthPower|||M|||50|,,,,,Fire]Gallade||ClearAmulet|Sharpness|PsychoCut,SacredSword,WideGuard,TrickRoom|||M|||50|,,,,,Grass]Ursaluna||FlameOrb|Guts|Protect,Facade,HeadlongRush,Earthquake|||F|||50|,,,,,Ghost
|showteam|p2|Dragonite||LoadedDice|Multiscale|ScaleShot,ExtremeSpeed,Haze,Protect|||F|||50|,,,,,Fairy]Sneasler||FocusSash|PoisonTouch|DireClaw,CloseCombat,FakeOut,Coaching|||F|||50|,,,,,Ghost]Volcarona||CovertCloak|FlameBody|HeatWave,TeraBlast,QuiverDance,Protect|||F|||50|,,,,,Fairy]Rillaboom||AssaultVest|GrassySurge|WoodHammer,FakeOut,GrassyGlide,HighHorsepower|||M|||50|,,,,,Fire]Kingambit||BlackGlasses|Defiant|KowtowCleave,SwordsDance,SuckerPunch,Protect|||F|||50|,,,,,Dark]Electabuzz||Eviolite|VitalSpirit|Electroweb,FollowMe,Taunt,Protect|||F|||50|,,,,,Ghost
|l|☆whitepeople100
|player|p1|
|j|☆whitepeople100
|player|p1|whitepeople100|blackbelt-gen4dp|
|
|t:|1755816992
|teamsize|p1|4
|teamsize|p2|4
|start
|switch|p1a: Gallade|Gallade, L50, M|100/100
|switch|p1b: Indeedee|Indeedee-F, L50, F|100/100
|switch|p2a: Kingambit|Kingambit, L50, F|100/100
|switch|p2b: Electabuzz|Electabuzz, L50, F|100/100
|-fieldstart|move: Psychic Terrain|[from] ability: Psychic Surge|[of] p1b: Indeedee
|-enditem|p1b: Indeedee|Psychic Seed
|-boost|p1b: Indeedee|spd|1|[from] item: Psychic Seed
|turn|1
|inactive|Battle timer is ON: inactive players will automatically lose when time's up. (requested by whitepeople100)
|inactive|whitepeople100 has 60 seconds left.
|
|t:|1755817037
|switch|p1b: Ursaluna|Ursaluna, L50, F|100/100
|-terastallize|p2a: Kingambit|Dark
|move|p2b: Electabuzz|Follow Me|p2b: Electabuzz
|-singleturn|p2b: Electabuzz|move: Follow Me
|move|p1a: Gallade|Sacred Sword|p2b: Electabuzz
|-damage|p2b: Electabuzz|46/100
|move|p2a: Kingambit|Kowtow Cleave|p1b: Ursaluna
|-damage|p1b: Ursaluna|47/100
|
|-status|p1b: Ursaluna|brn|[from] item: Flame Orb
|upkeep
|turn|2
|
|t:|1755817060
|move|p2b: Electabuzz|Follow Me|p2b: Electabuzz
|-singleturn|p2b: Electabuzz|move: Follow Me
|move|p1a: Gallade|Sacred Sword|p2b: Electabuzz
|-damage|p2b: Electabuzz|0 fnt
|faint|p2b: Electabuzz
|move|p2a: Kingambit|Kowtow Cleave|p1b: Ursaluna
|-damage|p1b: Ursaluna|0 fnt
|faint|p1b: Ursaluna
|
|upkeep
|
|t:|1755817071
|switch|p2b: Dragonite|Dragonite, L50, F|100/100
|switch|p1b: Indeedee|Indeedee-F, L50, F|100/100
|turn|3
|
|t:|1755817086
|switch|p2a: Rillaboom|Rillaboom, L50, M|100/100
|-fieldstart|move: Grassy Terrain|[from] ability: Grassy Surge|[of] p2a: Rillaboom
|move|p1b: Indeedee|Follow Me|p1b: Indeedee
|-singleturn|p1b: Indeedee|move: Follow Me
|move|p2b: Dragonite|Scale Shot|p1b: Indeedee
|-damage|p1b: Indeedee|86/100
|-damage|p1b: Indeedee|71/100
|-damage|p1b: Indeedee|55/100
|-damage|p1b: Indeedee|40/100
|-damage|p1b: Indeedee|26/100
|-hitcount|p1b: Indeedee|5
|-unboost|p2b: Dragonite|def|1
|-boost|p2b: Dragonite|spe|1
|move|p1a: Gallade|Trick Room|p1a: Gallade
|-fieldstart|move: Trick Room|[of] p1a: Gallade
|
|-heal|p1b: Indeedee|32/100|[from] Grassy Terrain
|upkeep
|turn|4
|
|t:|1755817109
|switch|p1b: Torkoal|Torkoal, L50, M|100/100
|-weather|SunnyDay|[from] ability: Drought|[of] p1b: Torkoal
|move|p2a: Rillaboom|Fake Out|p1a: Gallade
|-damage|p1a: Gallade|82/100
|cant|p1a: Gallade|flinch
|move|p2b: Dragonite|Scale Shot|p1b: Torkoal
|-damage|p1b: Torkoal|90/100
|-damage|p1b: Torkoal|78/100
|-damage|p1b: Torkoal|67/100
|-damage|p1b: Torkoal|55/100
|-hitcount|p1b: Torkoal|4
|-unboost|p2b: Dragonite|def|1
|-boost|p2b: Dragonite|spe|1
|
|-weather|SunnyDay|[upkeep]
|-heal|p1b: Torkoal|62/100|[from] Grassy Terrain
|-heal|p1a: Gallade|88/100|[from] Grassy Terrain
|upkeep
|turn|5
|inactive|whitepeople100 has 30 seconds left.
|inactive|marcosdeltasena31 has 30 seconds left.
|
|t:|1755817135
|switch|p2a: Kingambit|Kingambit, L50, F, tera:Dark|100/100
|-terastallize|p1b: Torkoal|Fire
|move|p2b: Dragonite|Protect|p2b: Dragonite
|-singleturn|p2b: Dragonite|Protect
|move|p1b: Torkoal|Eruption|p2a: Kingambit|[spread] p2a
|-activate|p2b: Dragonite|move: Protect
|-damage|p2a: Kingambit|36/100
|move|p1a: Gallade|Psycho Cut|p2b: Dragonite
|-activate|p2b: Dragonite|move: Protect
|
|-weather|SunnyDay|[upkeep]
|-heal|p1b: Torkoal|68/100|[from] Grassy Terrain
|-heal|p2a: Kingambit|42/100|[from] Grassy Terrain
|-heal|p1a: Gallade|94/100|[from] Grassy Terrain
|upkeep
|turn|6
|
|t:|1755817160
|switch|p2b: Rillaboom|Rillaboom, L50, M|100/100
|move|p2a: Kingambit|Protect|p2a: Kingambit
|-singleturn|p2a: Kingambit|Protect
|move|p1b: Torkoal|Eruption|p2b: Rillaboom|[spread] p2b
|-activate|p2a: Kingambit|move: Protect
|-supereffective|p2b: Rillaboom
|-crit|p2b: Rillaboom
|-damage|p2b: Rillaboom|0 fnt
|faint|p2b: Rillaboom
|move|p1a: Gallade|Psycho Cut|p2a: Kingambit
|-activate|p2a: Kingambit|move: Protect
|
|-weather|SunnyDay|[upkeep]
|-heal|p1b: Torkoal|74/100|[from] Grassy Terrain
|-heal|p2a: Kingambit|47/100|[from] Grassy Terrain
|-heal|p1a: Gallade|99/100|[from] Grassy Terrain
|upkeep
|
|t:|1755817172
|switch|p2b: Dragonite|Dragonite, L50, F|100/100
|turn|7
|
|t:|1755817191
|switch|p1b: Indeedee|Indeedee-F, L50, F|32/100
|-fieldstart|move: Psychic Terrain|[from] ability: Psychic Surge|[of] p1b: Indeedee
|move|p2b: Dragonite|Protect|p2b: Dragonite
|-singleturn|p2b: Dragonite|Protect
|move|p2a: Kingambit|Sucker Punch|p1a: Gallade
|-activate|p1a: Gallade|move: Psychic Terrain
|move|p1a: Gallade|Sacred Sword|p2a: Kingambit
|-supereffective|p2a: Kingambit
|-damage|p2a: Kingambit|0 fnt
|faint|p2a: Kingambit
|
|-weather|SunnyDay|[upkeep]
|-fieldend|move: Trick Room
|upkeep
|turn|8
|
|t:|1755817203
|move|p2b: Dragonite|Scale Shot|p1a: Gallade
|-damage|p1a: Gallade|80/100
|-damage|p1a: Gallade|61/100
|-damage|p1a: Gallade|40/100
|-damage|p1a: Gallade|18/100
|-damage|p1a: Gallade|0 fnt
|faint|p1a: Gallade
|-hitcount|p1: Gallade|5
|-unboost|p2b: Dragonite|def|1
|-boost|p2b: Dragonite|spe|1
|move|p1b: Indeedee|Trick Room|p1b: Indeedee
|-fieldstart|move: Trick Room|[of] p1b: Indeedee
|
|-weather|none
|upkeep
|
|t:|1755817218
|switch|p1a: Torkoal|Torkoal, L50, M, tera:Fire|74/100
|-weather|SunnyDay|[from] ability: Drought|[of] p1a: Torkoal
|turn|9
|
|t:|1755817223
|move|p1a: Torkoal|Protect|p1a: Torkoal
|-singleturn|p1a: Torkoal|Protect
|move|p2b: Dragonite|Protect|p2b: Dragonite
|-singleturn|p2b: Dragonite|Protect
|move|p1b: Indeedee|Dazzling Gleam|p2b: Dragonite
|-activate|p2b: Dragonite|move: Protect
|
|-weather|SunnyDay|[upkeep]
|upkeep
|turn|10
|
|t:|1755817244
|move|p1a: Torkoal|Eruption|p2b: Dragonite
|-resisted|p2b: Dragonite
|-crit|p2b: Dragonite
|-damage|p2b: Dragonite|51/100
|move|p1b: Indeedee|Dazzling Gleam|p2b: Dragonite
|-supereffective|p2b: Dragonite
|-damage|p2b: Dragonite|11/100
|move|p2b: Dragonite|Scale Shot|p1a: Torkoal
|-damage|p1a: Torkoal|62/100
|-damage|p1a: Torkoal|51/100
|-damage|p1a: Torkoal|41/100
|-damage|p1a: Torkoal|30/100
|-hitcount|p1a: Torkoal|4
|-unboost|p2b: Dragonite|def|1
|-boost|p2b: Dragonite|spe|1
|
|-weather|SunnyDay|[upkeep]
|upkeep
|turn|11
|
|t:|1755817262
|move|p2b: Dragonite|Protect|p2b: Dragonite
|-singleturn|p2b: Dragonite|Protect
|move|p1a: Torkoal|Flamethrower|p2b: Dragonite
|-activate|p2b: Dragonite|move: Protect
|move|p1b: Indeedee|Dazzling Gleam|p2b: Dragonite
|-activate|p2b: Dragonite|move: Protect
|
|-weather|SunnyDay|[upkeep]
|-fieldend|move: Psychic Terrain
|upkeep
|turn|12
|
|t:|1755817269
|move|p2b: Dragonite|Extreme Speed|p1b: Indeedee
|-damage|p1b: Indeedee|1/100
|move|p1a: Torkoal|Flamethrower|p2b: Dragonite
|-resisted|p2b: Dragonite
|-damage|p2b: Dragonite|0 fnt
|faint|p2b: Dragonite
|
|win|whitepeople100
|raw|whitepeople100's rating: 1301 → 1323(+22 for winning)
|raw|marcosdeltasena31's rating: 1339 → 1317(-22 for losing)
|l|☆whitepeople100
|player|p1|
