|j|☆logcool
|j|☆lettitripppp
|html|logcoollettitripppp    
|uhtml|bestof|Game 3 of a best-of-3
|t:|1784216913
|gametype|doubles
|player|p1|logcool|2|1184
|player|p2|lettitripppp|lucas|1250
|gen|9
|tier|[Gen 9 Champions] VGC 2026 Reg M-B (Bo3)
|rated|
|rule|Species Clause: Limit one of each Pokémon
|rule|Item Clause: Limit 1 of each item
|clearpoke
|poke|p1|Sneasler, L50, F|
|poke|p1|Sinistcha, L50|
|poke|p1|Gyarados, L50, M, shiny|
|poke|p1|Gholdengo, L50|
|poke|p1|Raichu, L50, F|
|poke|p1|Pelipper, L50, F|
|poke|p2|Aerodactyl, L50, F|
|poke|p2|Charizard, L50, F|
|poke|p2|Farigiraf, L50, M|
|poke|p2|Garchomp, L50, M|
|poke|p2|Sylveon, L50, M|
|poke|p2|Kingambit, L50, F|
|teampreview|4
|showteam|p1|Sneasler||FocusSash|Unburden|FakeOut,DireClaw,CloseCombat,Coaching|Jolly||F|||50|]Sinistcha||ColburBerry|Hospitality|MatchaGotcha,RagePowder,LifeDew,TrickRoom|Sassy|||||50|]Gyarados||Gyaradosite|Intimidate|DragonDance,Crunch,Waterfall,Protect|Adamant||M|||50|]Gholdengo||Leftovers|GoodasGold|ShadowBall,MakeItRain,NastyPlot,Protect|Modest|||||50|]Raichu||RaichuniteY|LightningRod|ZapCannon,FocusBlast,FakeOut,Protect|Timid||F|||50|]Pelipper||SitrusBerry|Drizzle|Hurricane,Tailwind,WeatherBall,WideGuard|Serious||F|||50|
|showteam|p2|Aerodactyl||Aerodactylite|Unnerve|DualWingbeat,RockSlide,Tailwind,IceFang|Jolly||F|||50|]Charizard||CharizarditeY|Blaze|WeatherBall,SolarBeam,HeatWave,Protect|Modest||F|||50|]Farigiraf||SitrusBerry|ArmorTail|Thunderbolt,TrickRoom,TwinBeam,Roar|Calm||M|||50|]Garchomp||LifeOrb|RoughSkin|StompingTantrum,DragonClaw,Earthquake,Protect|Jolly||M|||50|]Sylveon||FairyFeather|Pixilate|QuickAttack,HyperBeam,HyperVoice,Detect|Modest||M|||50|]Kingambit||FocusSash|Defiant|KowtowCleave,SuckerPunch,IronHead,LowKick|Adamant||F|||50|
|inactive|Battle timer is ON: inactive players will automatically lose when time's up. (requested by lettitripppp)
|inactive|logcool has 60 seconds left.
|inactive|logcool has 30 seconds left.
|
|t:|1784216978
|teamsize|p1|4
|teamsize|p2|4
|start
|switch|p1a: Sneasler|Sneasler, L50, F|100/100
|switch|p1b: Raichu|Raichu, L50, F|100/100
|switch|p2a: MAGICAL NECK|Farigiraf, L50, M|100/100
|switch|p2b: GENERAL BLADUS|Kingambit, L50, F|100/100
|turn|1
|
|t:|1784216998
|detailschange|p1b: Raichu|Raichu-Mega-Y, L50, F
|-mega|p1b: Raichu|Raichu|Raichunite Y
|move|p1b: Raichu|Focus Blast|p2b: GENERAL BLADUS
|-supereffective|p2b: GENERAL BLADUS|2
|-enditem|p2b: GENERAL BLADUS|Focus Sash
|-damage|p2b: GENERAL BLADUS|1/100
|move|p1a: Sneasler|Close Combat|p2b: GENERAL BLADUS
|-supereffective|p2b: GENERAL BLADUS|2
|-damage|p2b: GENERAL BLADUS|0 fnt
|-unboost|p1a: Sneasler|def|1
|-unboost|p1a: Sneasler|spd|1
|faint|p2b: GENERAL BLADUS
|move|p2a: MAGICAL NECK|Trick Room|p2a: MAGICAL NECK
|-fieldstart|move: Trick Room|[of] p2a: MAGICAL NECK
|
|upkeep
|
|t:|1784217023
|switch|p2b: PIKU BEAM|Sylveon, L50, M|100/100
|turn|2
|inactive|logcool has 30 seconds left.
|
|t:|1784217048
|switch|p1a: Sinistcha|Sinistcha, L50|100/100
|move|p2a: MAGICAL NECK|Twin Beam|p1a: Sinistcha
|-damage|p1a: Sinistcha|87/100
|-damage|p1a: Sinistcha|74/100
|-hitcount|p1a: Sinistcha|2
|move|p2b: PIKU BEAM|Hyper Beam|p1b: Raichu
|-damage|p1b: Raichu|0 fnt
|-mustrecharge|p2b: PIKU BEAM
|faint|p1b: Raichu
|
|upkeep
|
|t:|1784217056
|switch|p1b: Gyarados|Gyarados, L50, M, shiny|100/100
|-ability|p1b: Gyarados|Intimidate|boost
|-unboost|p2a: MAGICAL NECK|atk|1
|-unboost|p2b: PIKU BEAM|atk|1
|turn|3
|
|t:|1784217064
|move|p2a: MAGICAL NECK|Thunderbolt|p1b: Gyarados
|-supereffective|p1b: Gyarados|2
|-damage|p1b: Gyarados|4/100
|-status|p1b: Gyarados|par
|move|p1b: Gyarados|Crunch|p2a: MAGICAL NECK
|-supereffective|p2a: MAGICAL NECK|1
|-damage|p2a: MAGICAL NECK|50/100g
|cant|p2b: PIKU BEAM|recharge
|move|p1a: Sinistcha|Trick Room|p1a: Sinistcha
|-fieldend|move: Trick Room
|
|upkeep
|turn|4
|
|t:|1784217078
|switch|p1a: Sneasler|Sneasler, L50, F|100/100
|move|p1b: Gyarados|Protect|p1b: Gyarados
|-singleturn|p1b: Gyarados|Protect
|move|p2b: PIKU BEAM|Hyper Voice|p1b: Gyarados|[spread] p1a
|-activate|p1b: Gyarados|move: Protect
|-damage|p1a: Sneasler|34/100
|move|p2a: MAGICAL NECK|Twin Beam|p1a: Sneasler
|-supereffective|p1a: Sneasler|2
|-damage|p1a: Sneasler|0 fnt
|faint|p1a: Sneasler
|-hitcount|p1: Sneasler|1
|
|upkeep
|
|t:|1784217081
|switch|p1a: Sinistcha|Sinistcha, L50|74/100
|-heal|p1b: Gyarados|29/100 par|[from] ability: Hospitality|[of] p1a: Sinistcha
|turn|5
|c|☆logcool|gg
|
|t:|1784217100
|move|p1a: Sinistcha|Rage Powder|p1a: Sinistcha
|-singleturn|p1a: Sinistcha|move: Rage Powder
|move|p2b: PIKU BEAM|Hyper Voice|p1b: Gyarados|[spread] p1a,p1b
|-damage|p1a: Sinistcha|30/100
|-damage|p1b: Gyarados|0 fnt
|faint|p1b: Gyarados
|move|p2a: MAGICAL NECK|Twin Beam|p1a: Sinistcha
|-damage|p1a: Sinistcha|16/100
|-damage|p1a: Sinistcha|2/100
|-hitcount|p1a: Sinistcha|2
|
|upkeep
|turn|6
|c|☆lettitripppp|gg
|
|t:|1784217114
|move|p2b: PIKU BEAM|Hyper Beam|p1a: Sinistcha|[miss]
|-miss|p2b: PIKU BEAM|p1a: Sinistcha
|move|p1a: Sinistcha|Matcha Gotcha|p2a: MAGICAL NECK|[spread] p2a,p2b
|-damage|p2a: MAGICAL NECK|31/100
|-heal|p1a: Sinistcha|14/100|[from] drain|[of] p2a: MAGICAL NECK
|-damage|p2b: PIKU BEAM|79/100
|-heal|p1a: Sinistcha|25/100|[from] drain|[of] p2b: PIKU BEAM
|-enditem|p2a: MAGICAL NECK|Sitrus Berry|[eat]
|-heal|p2a: MAGICAL NECK|56/100|[from] item: Sitrus Berry
|move|p2a: MAGICAL NECK|Roar|p2b: PIKU BEAM
|drag|p2b: AGNI|Charizard, L50, F|100/100
|
|upkeep
|turn|7
|
|t:|1784217126
|detailschange|p2b: AGNI|Charizard-Mega-Y, L50, F
|-mega|p2b: AGNI|Charizard|Charizardite Y
|-weather|SunnyDay|[from] ability: Drought|[of] p2b: AGNI
|move|p2b: AGNI|Weather Ball|p1a: Sinistcha
|-supereffective|p1a: Sinistcha|1
|-damage|p1a: Sinistcha|0 fnt
|faint|p1a: Sinistcha
|
|win|lettitripppp
|raw|logcool's rating: 1184 → 1164(-20 for losing)
|raw|lettitripppp's rating: 1250 → 1270(+20 for winning)
