|j|☆majorasburner
|j|☆spellweaver1
|html|majorasburnerspellweaver1    
|uhtml|bestof|Game 3 of a best-of-3
|t:|1755139507
|gametype|doubles
|player|p1|majorasburner|sada|1146
|player|p2|spellweaver1|iris-gen5bw2|1212
|gen|9
|tier|[Gen 9] VGC 2025 Reg H (Bo3)
|rated|
|rule|Species Clause: Limit one of each Pokémon
|rule|Item Clause: Limit 1 of each item
|clearpoke
|poke|p1|Sneasler, L50, M|
|poke|p1|Dragapult, L50, F|
|poke|p1|Dondozo, L50, F|
|poke|p1|Rillaboom, L50, M|
|poke|p1|Volcarona, L50, F|
|poke|p1|Electabuzz, L50, M|
|poke|p2|Indeedee-F, L50, F|
|poke|p2|Delphox, L50, F|
|poke|p2|Sneasler, L50, M|
|poke|p2|Araquanid, L50, F|
|poke|p2|Ursaluna-Bloodmoon, L50, M|
|poke|p2|Serperior, L50, F|
|teampreview|4
|showteam|p1|Sneasler||FocusSash|PoisonTouch|FakeOut,DireClaw,CloseCombat,Protect|||M|||50|,,,,,Ghost]Dragapult||ChoiceBand|ClearBody|DragonDarts,PhantomForce,Uturn,Outrage|||F|||50|,,,,,Dragon]Dondozo||Leftovers|Unaware|WaveCrash,Yawn,Fissure,Protect|||F|||50|,,,,,Poison]Rillaboom||AssaultVest|GrassySurge|FakeOut,WoodHammer,GrassyGlide,HighHorsepower|||M|||50|,,,,,Fire]Volcarona||CovertCloak|FlameBody|HeatWave,QuiverDance,TeraBlast,Protect|||F|||50|,,,,,Fairy]Electabuzz||Eviolite|VitalSpirit|Thunderbolt,FollowMe,Taunt,Protect|||M|||50|,,,,,Ghost
|showteam|p2|Indeedee-F||RockyHelmet|PsychicSurge|AlluringVoice,FollowMe,TrickRoom,HelpingHand|||F|||50|,,,,,Fairy]Delphox||PsychicSeed|Magician|HeatWave,ExpandingForce,NastyPlot,Protect|||F|||50|,,,,,Fire]Sneasler||FocusSash|Unburden|DireClaw,CloseCombat,ThroatChop,Protect|||M|||50|,,,,,Dark]Araquanid||MysticWater|WaterBubble|LeechLife,Liquidation,WideGuard,Protect|||F|||50|,,,,,Water]Ursaluna-Bloodmoon||LifeOrb|MindsEye|BloodMoon,HyperVoice,EarthPower,Protect|||M|||50|,,,,,Normal]Serperior||LightClay|Contrary|Reflect,LightScreen,Glare,LeafStorm|||F|||50|,,,,,Water
|inactive|Battle timer is ON: inactive players will automatically lose when time's up. (requested by spellweaver1)
|
|t:|1755139522
|teamsize|p1|4
|teamsize|p2|4
|start
|switch|p1a: Dragapult|Dragapult, L50, F|100/100
|switch|p1b: Sneasler|Sneasler, L50, M|100/100
|switch|p2a: Indeedee|Indeedee-F, L50, F|100/100
|switch|p2b: Delphox|Delphox, L50, F|100/100
|-fieldstart|move: Psychic Terrain|[from] ability: Psychic Surge|[of] p2a: Indeedee
|-enditem|p2b: Delphox|Psychic Seed
|-boost|p2b: Delphox|spd|1|[from] item: Psychic Seed
|turn|1
|
|t:|1755139544
|switch|p1b: Rillaboom|Rillaboom, L50, M|100/100
|-fieldstart|move: Grassy Terrain|[from] ability: Grassy Surge|[of] p1b: Rillaboom
|-terastallize|p2a: Indeedee|Fairy
|move|p2a: Indeedee|Follow Me|p2a: Indeedee
|-singleturn|p2a: Indeedee|move: Follow Me
|move|p1a: Dragapult|Phantom Force||[still]
|-prepare|p1a: Dragapult|Phantom Force
|move|p2b: Delphox|Heat Wave|p1a: Dragapult|[spread] p1b
|-miss|p2b: Delphox|p1a: Dragapult
|-supereffective|p1b: Rillaboom
|-damage|p1b: Rillaboom|40/100
|-item|p2b: Delphox|Assault Vest|[from] ability: Magician|[of] p1b: Rillaboom
|
|-heal|p1b: Rillaboom|46/100|[from] Grassy Terrain
|upkeep
|turn|2
|
|t:|1755139567
|switch|p2b: Sneasler|Sneasler, L50, M|100/100
|move|p1b: Rillaboom|Fake Out|p2a: Indeedee
|-damage|p2a: Indeedee|88/100
|-damage|p1b: Rillaboom|30/100|[from] item: Rocky Helmet|[of] p2a: Indeedee
|cant|p2a: Indeedee|flinch
|move|p1a: Dragapult|Phantom Force|p2b: Sneasler|[from] lockedmove
|-enditem|p2b: Sneasler|Focus Sash
|-damage|p2b: Sneasler|1/100
|
|-heal|p2b: Sneasler|7/100|[from] Grassy Terrain
|-heal|p1b: Rillaboom|36/100|[from] Grassy Terrain
|-heal|p2a: Indeedee|94/100|[from] Grassy Terrain
|upkeep
|turn|3
|
|t:|1755139590
|switch|p1b: Dondozo|Dondozo, L50, F|100/100
|move|p2a: Indeedee|Follow Me|p2a: Indeedee
|-singleturn|p2a: Indeedee|move: Follow Me
|move|p2b: Sneasler|Dire Claw|p1b: Dondozo
|-damage|p1b: Dondozo|74/100
|-status|p1b: Dondozo|par
|move|p1a: Dragapult|Phantom Force||[still]
|-prepare|p1a: Dragapult|Phantom Force
|
|-heal|p2b: Sneasler|13/100|[from] Grassy Terrain
|-heal|p2a: Indeedee|100/100|[from] Grassy Terrain
|-heal|p1b: Dondozo|80/100 par|[from] Grassy Terrain
|-heal|p1b: Dondozo|86/100 par|[from] item: Leftovers
|upkeep
|turn|4
|
|t:|1755139614
|move|p2b: Sneasler|Protect|p2b: Sneasler
|-singleturn|p2b: Sneasler|Protect
|move|p2a: Indeedee|Follow Me|p2a: Indeedee
|-singleturn|p2a: Indeedee|move: Follow Me
|move|p1a: Dragapult|Phantom Force|p2a: Indeedee|[from] lockedmove
|-damage|p2a: Indeedee|28/100
|-damage|p1a: Dragapult|84/100|[from] item: Rocky Helmet|[of] p2a: Indeedee
|move|p1b: Dondozo|Wave Crash|p2a: Indeedee
|-damage|p2a: Indeedee|0 fnt
|-damage|p1b: Dondozo|70/100 par|[from] item: Rocky Helmet|[of] p2a: Indeedee
|faint|p2a: Indeedee
|-damage|p1b: Dondozo|63/100 par|[from] Recoil
|
|-heal|p2b: Sneasler|19/100|[from] Grassy Terrain
|-heal|p1a: Dragapult|90/100|[from] Grassy Terrain
|-heal|p1b: Dondozo|70/100 par|[from] Grassy Terrain
|-heal|p1b: Dondozo|76/100 par|[from] item: Leftovers
|upkeep
|
|t:|1755139633
|switch|p2a: Serperior|Serperior, L50, F, shiny|100/100
|turn|5
|
|t:|1755139652
|cant|p1b: Dondozo|par
|move|p2b: Sneasler|Throat Chop|p1a: Dragapult
|-supereffective|p1a: Dragapult
|-damage|p1a: Dragapult|6/100
|-start|p1a: Dragapult|Throat Chop|[silent]
|move|p1a: Dragapult|Phantom Force||[still]
|-prepare|p1a: Dragapult|Phantom Force
|move|p2a: Serperior|Reflect|p2a: Serperior
|-sidestart|p2: spellweaver1|Reflect
|
|-heal|p2b: Sneasler|24/100|[from] Grassy Terrain
|-heal|p1b: Dondozo|82/100 par|[from] Grassy Terrain
|-heal|p1b: Dondozo|88/100 par|[from] item: Leftovers
|-fieldend|move: Grassy Terrain
|upkeep
|turn|6
|
|t:|1755139668
|-terastallize|p1b: Dondozo|Poison
|move|p2b: Sneasler|Close Combat|p1b: Dondozo
|-resisted|p1b: Dondozo
|-damage|p1b: Dondozo|70/100 par
|-unboost|p2b: Sneasler|def|1
|-unboost|p2b: Sneasler|spd|1
|move|p1a: Dragapult|Phantom Force|p2b: Sneasler|[from] lockedmove
|-damage|p2b: Sneasler|0 fnt
|faint|p2b: Sneasler
|move|p2a: Serperior|Leaf Storm|p1b: Dondozo
|-resisted|p1b: Dondozo
|-damage|p1b: Dondozo|56/100 par
|-boost|p2a: Serperior|spa|2
|move|p1b: Dondozo|Yawn|p2a: Serperior
|-start|p2a: Serperior|move: Yawn|[of] p1b: Dondozo
|
|-heal|p1b: Dondozo|62/100 par|[from] item: Leftovers
|-end|p1a: Dragapult|Throat Chop|[silent]
|upkeep
|
|t:|1755139684
|switch|p2b: Delphox|Delphox, L50, F|100/100
|turn|7
|
|t:|1755139703
|move|p1b: Dondozo|Protect|p1b: Dondozo
|-singleturn|p1b: Dondozo|Protect
|move|p1a: Dragapult|Phantom Force||[still]
|-prepare|p1a: Dragapult|Phantom Force
|move|p2a: Serperior|Light Screen|p2a: Serperior
|-sidestart|p2: spellweaver1|move: Light Screen
|move|p2b: Delphox|Expanding Force|p1b: Dondozo
|-activate|p1b: Dondozo|move: Protect
|
|-heal|p1b: Dondozo|68/100 par|[from] item: Leftovers
|-end|p2a: Serperior|move: Yawn|[silent]
|-status|p2a: Serperior|slp
|upkeep
|turn|8
|
|t:|1755139716
|switch|p1b: Sneasler|Sneasler, L50, M|100/100
|move|p1a: Dragapult|Phantom Force|p2b: Delphox|[from] lockedmove
|-supereffective|p2b: Delphox
|-damage|p2b: Delphox|0 fnt
|faint|p2b: Delphox
|cant|p2a: Serperior|slp
|
|upkeep
|turn|9
|-message|spellweaver1 forfeited.
|
|win|majorasburner
|raw|majorasburner's rating: 1146 → 1176(+30 for winning)
|raw|spellweaver1's rating: 1212 → 1182(-30 for losing)
|l|☆spellweaver1
|player|p2|
