|j|☆pancekk
|j|☆angusgrind13
|html|pancekkangusgrind13    
|uhtml|bestof|Game 2 of a best-of-3
|t:|1785140490
|gametype|doubles
|player|p1|pancekk|265|1000
|player|p2|angusgrind13|pokemonranger-gen4|1159
|gen|9
|tier|[Gen 9 Champions] VGC 2026 Reg M-B (Bo3)
|rated|
|rule|Species Clause: Limit one of each Pokémon
|rule|Item Clause: Limit 1 of each item
|clearpoke
|poke|p1|Chandelure, L50, F|
|poke|p1|Malamar, L50, M|
|poke|p1|Froslass, L50, F|
|poke|p1|Rotom-Wash, L50|
|poke|p1|Sneasler, L50, F|
|poke|p1|Kingambit, L50, M|
|poke|p2|Primarina, L50, F|
|poke|p2|Kingambit, L50, M|
|poke|p2|Froslass, L50, F|
|poke|p2|Sneasler, L50, F|
|poke|p2|Lycanroc-Dusk, L50, F|
|poke|p2|Dragonite, L50, M|
|teampreview|4
|showteam|p1|Chandelure||Chandelurite|Infiltrator|Protect,ShadowBall,Overheat,EnergyBall|Timid||F|||50|]Malamar||ChoiceScarf|Contrary|Protect,SkillSwap,KnockOff,Switcheroo|Jolly||M|||50|]Froslass||Froslassite|SnowCloak|Protect,AuroraVeil,Blizzard,ShadowBall|Timid||F|||50|]Rotom-Wash||Leftovers|Levitate|VoltSwitch,Reflect,HydroPump,WillOWisp|Bold|||||50|]Sneasler||FocusSash|Unburden|CloseCombat,DireClaw,FakeOut,QuickGuard|Adamant||F|||50|]Kingambit||ExpertBelt|SupremeOverlord|Protect,IronHead,KowtowCleave,SuckerPunch|Adamant||M|||50|
|showteam|p2|Primarina||LifeOrb|LiquidVoice|HyperVoice,Moonblast,Haze,Protect|Modest||F|||50|]Kingambit||BlackGlasses|Defiant|KowtowCleave,SuckerPunch,SwordsDance,Protect|Adamant||M|||50|]Froslass||Froslassite|CursedBody|Blizzard,ShadowBall,AuroraVeil,Protect|Timid||F|||50|]Sneasler||WhiteHerb|Unburden|GunkShot,CloseCombat,FakeOut,Protect|Adamant||F|||50|]Lycanroc-Dusk||FocusSash|ToughClaws|RockSlide,Accelerock,CloseCombat,Protect|Adamant||F|||50|]Dragonite||Dragoninite|Multiscale|DragonPulse,Flamethrower,Tailwind,Protect|Modest||M|||50|
|
|t:|1785140506
|teamsize|p1|4
|teamsize|p2|4
|start
|switch|p1a: Chandelure|Chandelure, L50, F|100/100
|switch|p1b: Malamar|Malamar, L50, M|100/100
|switch|p2a: Froslass|Froslass, L50, F|100/100
|switch|p2b: Sneasler|Sneasler, L50, F|100/100
|turn|1
|
|t:|1785140523
|detailschange|p2a: Froslass|Froslass-Mega, L50, F
|-mega|p2a: Froslass|Froslass|Froslassite
|-weather|Snowscape|[from] ability: Snow Warning|[of] p2a: Froslass
|detailschange|p1a: Chandelure|Chandelure-Mega, L50, F
|-mega|p1a: Chandelure|Chandelure|Chandelurite
|move|p2b: Sneasler|Fake Out|p1b: Malamar
|-damage|p1b: Malamar|82/100
|cant|p1b: Malamar|flinch
|move|p2a: Froslass|Shadow Ball|p1a: Chandelure
|-supereffective|p1a: Chandelure|1
|-damage|p1a: Chandelure|2/100
|move|p1a: Chandelure|Overheat|p2a: Froslass
|-supereffective|p2a: Froslass|1
|-damage|p2a: Froslass|0 fnt
|-unboost|p1a: Chandelure|spa|2
|faint|p2a: Froslass
|
|-weather|Snowscape|[upkeep]
|upkeep
|
|t:|1785140546
|switch|p2a: Kingambit|Kingambit, L50, M|100/100
|turn|2
|
|t:|1785140554
|move|p1a: Chandelure|Protect|p1a: Chandelure
|-singleturn|p1a: Chandelure|Protect
|move|p2a: Kingambit|Sucker Punch||[still]
|-fail|p2a: Kingambit
|move|p1b: Malamar|Skill Swap|p1a: Chandelure
|-activate|p1a: Chandelure|move: Protect
|move|p2b: Sneasler|Close Combat|p1b: Malamar
|-damage|p1b: Malamar|4/100
|-unboost|p2b: Sneasler|def|1
|-unboost|p2b: Sneasler|spd|1
|-enditem|p2b: Sneasler|White Herb
|-clearnegativeboost|p2b: Sneasler|[silent]
|
|-weather|Snowscape|[upkeep]
|upkeep
|turn|3
|c|☆pancekk|I might be stupid
|
|t:|1785140585
|switch|p1b: Rotom|Rotom-Wash, L50|100/100
|move|p2a: Kingambit|Sucker Punch|p1a: Chandelure
|-supereffective|p1a: Chandelure|1
|-damage|p1a: Chandelure|0 fnt
|faint|p1a: Chandelure
|move|p2b: Sneasler|Gunk Shot|p1b: Rotom
|-damage|p1b: Rotom|37/100
|-status|p1b: Rotom|psn
|
|-weather|Snowscape|[upkeep]
|-heal|p1b: Rotom|43/100 psn|[from] item: Leftovers
|-damage|p1b: Rotom|31/100 psn|[from] psn
|upkeep
|
|t:|1785140591
|switch|p1a: Sneasler|Sneasler, L50, F|100/100
|turn|4
|
|t:|1785140606
|move|p2a: Kingambit|Protect|p2a: Kingambit
|-singleturn|p2a: Kingambit|Protect
|move|p1a: Sneasler|Fake Out|p2a: Kingambit
|-activate|p2a: Kingambit|move: Protect
|move|p2b: Sneasler|Gunk Shot|p1b: Rotom
|-damage|p1b: Rotom|0 fnt
|faint|p1b: Rotom
|
|-weather|Snowscape|[upkeep]
|upkeep
|
|t:|1785140614
|switch|p1b: Malamar|Malamar, L50, M|4/100
|turn|5
|
|t:|1785140626
|move|p2a: Kingambit|Sucker Punch|p1a: Sneasler
|-resisted|p1a: Sneasler|1
|-damage|p1a: Sneasler|59/100
|move|p2b: Sneasler|Gunk Shot|p1b: Malamar
|-damage|p1b: Malamar|0 fnt
|faint|p1b: Malamar
|move|p1a: Sneasler|Close Combat|p2a: Kingambit
|-supereffective|p2a: Kingambit|2
|-damage|p2a: Kingambit|0 fnt
|-unboost|p1a: Sneasler|def|1
|-unboost|p1a: Sneasler|spd|1
|faint|p2a: Kingambit
|
|-weather|none
|upkeep
|
|t:|1785140634
|switch|p2a: Primarina|Primarina, L50, F|100/100
|turn|6
|
|t:|1785140639
|move|p2b: Sneasler|Close Combat|p1a: Sneasler
|-resisted|p1a: Sneasler|1
|-crit|p1a: Sneasler
|-damage|p1a: Sneasler|0 fnt
|-unboost|p2b: Sneasler|def|1
|-unboost|p2b: Sneasler|spd|1
|faint|p1a: Sneasler
|
|win|angusgrind13
