|j|☆Trail 4
|j|☆laparoscopia
|html|Trail 4laparoscopia    
|uhtml|bestof|Game 1 of a best-of-3
|t:|1784766196
|gametype|doubles
|player|p1|Trail 4|lucas|1152
|player|p2|laparoscopia|1|1101
|gen|9
|tier|[Gen 9 Champions] VGC 2026 Reg M-B (Bo3)
|rated|
|rule|Species Clause: Limit one of each Pokémon
|rule|Item Clause: Limit 1 of each item
|clearpoke
|poke|p1|Gholdengo, L50|
|poke|p1|Whimsicott, L50, F|
|poke|p1|Garchomp, L50, F|
|poke|p1|Floette-Eternal, L50, F|
|poke|p1|Incineroar, L50, M|
|poke|p1|Staraptor, L50, M|
|poke|p2|Grimmsnarl, L50, M|
|poke|p2|Swampert, L50, M|
|poke|p2|Pelipper, L50, M|
|poke|p2|Archaludon, L50, M|
|poke|p2|Sinistcha, L50|
|poke|p2|Metagross, L50|
|teampreview|4
|showteam|p1|Gholdengo||Leftovers|GoodasGold|MakeItRain,ShadowBall,NastyPlot,Protect|Modest|||||50|]Whimsicott||FocusSash|Prankster|Charm,Tailwind,Encore,Moonblast|Timid||F|||50|]Garchomp||LifeOrb|RoughSkin|DragonClaw,Earthquake,StompingTantrum,Protect|Jolly||F|||50|]Floette-Eternal||Floettite|FlowerVeil|DazzlingGleam,Moonblast,Substitute,Protect|Timid||F|||50|]Incineroar||PasshoBerry|Intimidate|FakeOut,FlareBlitz,DarkestLariat,PartingShot|Adamant||M|||50|]Staraptor||Staraptite|Intimidate|Roost,CloseCombat,BraveBird,Protect|Jolly||M|||50|
|showteam|p2|Grimmsnarl||LightClay|Prankster|FoulPlay,PartingShot,Reflect,LightScreen|Calm||M|||50|]Swampert||Swampertite|Damp|WaveCrash,Earthquake,IcePunch,Protect|Adamant||M|||50|]Pelipper||SitrusBerry|Drizzle|Hurricane,WeatherBall,Tailwind,WideGuard|Modest||M|||50|]Archaludon||Leftovers|Stamina|ElectroShot,DragonPulse,FlashCannon,Protect|Modest||M|||50|]Sinistcha||CobaBerry|Hospitality|MatchaGotcha,RagePowder,TrickRoom,Protect|Relaxed|||||50|]Metagross||Metagrossite|ClearBody|IronHead,PsychicFangs,BodyPress,Protect|Jolly|||||50|
|inactive|Battle timer is ON: inactive players will automatically lose when time's up. (requested by laparoscopia)
|inactive|Trail 4 has 60 seconds left.
|inactive|Trail 4 has 30 seconds left.
|
|t:|1784766284
|teamsize|p1|4
|teamsize|p2|4
|start
|switch|p1a: Gholdengo|Gholdengo, L50|100/100
|switch|p1b: Whimsicott|Whimsicott, L50, F|100/100
|switch|p2a: Pelipper|Pelipper, L50, M|100/100
|switch|p2b: Swampert|Swampert, L50, M|100/100
|-weather|RainDance|[from] ability: Drizzle|[of] p2a: Pelipper
|turn|1
|
|t:|1784766305
|detailschange|p2b: Swampert|Swampert-Mega, L50, M
|-mega|p2b: Swampert|Swampert|Swampertite
|move|p1b: Whimsicott|Charm|p2b: Swampert
|-unboost|p2b: Swampert|atk|2
|move|p2b: Swampert|Earthquake|p1b: Whimsicott|[spread] p1a,p1b
|-immune|p2a: Pelipper
|-supereffective|p1a: Gholdengo|1
|-resisted|p1b: Whimsicott|1
|-damage|p1a: Gholdengo|53/100
|-damage|p1b: Whimsicott|83/100
|move|p1a: Gholdengo|Nasty Plot|p1a: Gholdengo
|-boost|p1a: Gholdengo|spa|2
|move|p2a: Pelipper|Tailwind|p2a: Pelipper
|-sidestart|p2: laparoscopia|move: Tailwind
|
|-weather|RainDance|[upkeep]
|-heal|p1a: Gholdengo|59/100|[from] item: Leftovers
|upkeep
|turn|2
|inactive|laparoscopia has 30 seconds left.
|
|t:|1784766330
|switch|p2b: Archaludon|Archaludon, L50, M|100/100
|move|p1b: Whimsicott|Encore|p2a: Pelipper
|-start|p2a: Pelipper|Encore
|move|p2a: Pelipper|Tailwind||[still]
|-fail|p2a: Pelipper
|move|p1a: Gholdengo|Shadow Ball|p2b: Archaludon
|-damage|p2b: Archaludon|14/100
|-ability|p2b: Archaludon|Stamina|boost
|-boost|p2b: Archaludon|def|1
|
|-weather|RainDance|[upkeep]
|-heal|p2b: Archaludon|20/100y|[from] item: Leftovers
|-heal|p1a: Gholdengo|65/100|[from] item: Leftovers
|upkeep
|turn|3
|
|t:|1784766355
|switch|p2a: Swampert|Swampert-Mega, L50, M|100/100
|move|p2b: Archaludon|Electro Shot||[still]
|-prepare|p2b: Archaludon|Electro Shot
|-boost|p2b: Archaludon|spa|1
|-anim|p2b: Archaludon|Electro Shot|p1a: Gholdengo
|-damage|p1a: Gholdengo|13/100
|move|p1b: Whimsicott|Moonblast|p2b: Archaludon
|-crit|p2b: Archaludon
|-damage|p2b: Archaludon|0 fnt
|faint|p2b: Archaludon
|move|p1a: Gholdengo|Shadow Ball|p2a: Swampert
|-damage|p2a: Swampert|22/100
|
|-weather|RainDance|[upkeep]
|-heal|p1a: Gholdengo|19/100|[from] item: Leftovers
|upkeep
|
|t:|1784766373
|switch|p2b: Pelipper|Pelipper, L50, M|100/100
|turn|4
|
|t:|1784766386
|move|p1a: Gholdengo|Protect|p1a: Gholdengo
|-singleturn|p1a: Gholdengo|Protect
|move|p1b: Whimsicott|Tailwind|p1b: Whimsicott
|-sidestart|p1: Trail 4|move: Tailwind
|move|p2a: Swampert|Earthquake|p1b: Whimsicott|[spread] p1b
|-activate|p1a: Gholdengo|move: Protect
|-immune|p2b: Pelipper
|-resisted|p1b: Whimsicott|1
|-damage|p1b: Whimsicott|46/100
|move|p2b: Pelipper|Hurricane|p1b: Whimsicott
|-supereffective|p1b: Whimsicott|1
|-damage|p1b: Whimsicott|0 fnt
|faint|p1b: Whimsicott
|
|-weather|RainDance|[upkeep]
|-heal|p1a: Gholdengo|25/100|[from] item: Leftovers
|-sideend|p2: laparoscopia|move: Tailwind
|upkeep
|
|t:|1784766406
|switch|p1b: Incineroar|Incineroar, L50, M|100/100
|-ability|p1b: Incineroar|Intimidate|boost
|-unboost|p2a: Swampert|atk|1
|-unboost|p2b: Pelipper|atk|1
|turn|5
|
|t:|1784766414
|switch|p2b: Sinistcha|Sinistcha, L50|100/100
|-heal|p2a: Swampert|47/100|[from] ability: Hospitality|[of] p2b: Sinistcha
|move|p2a: Swampert|Protect|p2a: Swampert
|-singleturn|p2a: Swampert|Protect
|move|p1b: Incineroar|Fake Out|p2a: Swampert
|-activate|p2a: Swampert|move: Protect
|move|p1a: Gholdengo|Shadow Ball|p2b: Sinistcha
|-supereffective|p2b: Sinistcha|1
|-damage|p2b: Sinistcha|0 fnt
|faint|p2b: Sinistcha
|
|-weather|none
|-heal|p1a: Gholdengo|31/100|[from] item: Leftovers
|upkeep
|-message|laparoscopia forfeited.
|
|win|Trail 4
|l|☆laparoscopia
|player|p2|
||laparoscopia is ready for game 2.
||Trail 4 is ready for game 2.
|uhtml|next|Next: Game 2 of 3
