|j|☆Pranag140
|j|☆inadomi
|html|Pranag140inadomi    
|uhtml|bestof|Game 2 of a best-of-3
|t:|1757230603
|gametype|doubles
|player|p1|Pranag140|101|1158
|player|p2|inadomi|lady-gen4|1095
|gen|9
|tier|[Gen 9] VGC 2025 Reg H (Bo3)
|rated|
|rule|Species Clause: Limit one of each Pokémon
|rule|Item Clause: Limit 1 of each item
|clearpoke
|poke|p1|Archaludon, L50, F|
|poke|p1|Kingdra, L50, F|
|poke|p1|Politoed, L50, F|
|poke|p1|Gothitelle, L50, F|
|poke|p1|Amoonguss, L50, M|
|poke|p1|Incineroar, L50, M|
|poke|p2|Indeedee, L50, M|
|poke|p2|Drifblim, L50, M|
|poke|p2|Volcarona, L50, F|
|poke|p2|Kommo-o, L50, M|
|poke|p2|Toxtricity, L50, M|
|poke|p2|Hydreigon, L50, M|
|teampreview|4
|showteam|p1|Archaludon||PowerHerb|Sturdy|Protect,ElectroShot,FlashCannon,DragonPulse|||F|||50|,,,,,Electric]Kingdra||LifeOrb|SwiftSwim|Protect,DracoMeteor,WeatherBall,MuddyWater|||F|||50|,,,,,Stellar]Politoed||Leftovers|Drizzle|Protect,WeatherBall,PerishSong,Encore|||F|||50|,,,,,Grass]Gothitelle||SitrusBerry|ShadowTag|FakeOut,Protect,Psychic,TrickRoom|||F|||50|,,,,,Dark]Amoonguss||EjectButton|Regenerator|Protect,Spore,RagePowder,PollenPuff|||M|||50|,,,,,Fairy]Incineroar||SafetyGoggles|Intimidate|FakeOut,KnockOff,PartingShot,Protect|||M|||50|,,,,,Ghost
|showteam|p2|Indeedee||FocusSash|PsychicSurge|ExpandingForce,TeraBlast,Imprison,TrickRoom|||M|||50|,,,,,Ground]Drifblim||PsychicSeed|Unburden|Acrobatics,WillOWisp,StrengthSap,Tailwind|||M|||50|,,,,,Flying]Volcarona||LifeOrb|FlameBody|BugBuzz,HeatWave,TeraBlast,GigaDrain|||F|||50|,,,,,Fairy]Kommo-o||Leftovers|Soundproof|BodyPress,Flamethrower,IronDefense,Protect|||M|||50|,,,,,Fire]Toxtricity||ChoiceSpecs|PunkRock|Overdrive,SludgeBomb,Boomburst,VoltSwitch|||M|||50|,,,,,Normal]Hydreigon||AssaultVest|Levitate|DarkPulse,DracoMeteor,FlashCannon,Snarl|||M|||50|,,,,,Ghost
|inactive|Battle timer is ON: inactive players will automatically lose when time's up. (requested by inadomi)
|j| DJ Stope
|
|t:|1757230632
|teamsize|p1|4
|teamsize|p2|4
|start
|switch|p1a: Kingdra|Kingdra, L50, F|100/100
|switch|p1b: Gothitelle|Gothitelle, L50, F|100/100
|switch|p2a: Indeedee|Indeedee, L50, M|100/100
|switch|p2b: Drifblim|Drifblim, L50, M|100/100
|-fieldstart|move: Psychic Terrain|[from] ability: Psychic Surge|[of] p2a: Indeedee
|-enditem|p2b: Drifblim|Psychic Seed
|-boost|p2b: Drifblim|spd|1|[from] item: Psychic Seed
|turn|1
|
|t:|1757230654
|switch|p1a: Incineroar|Incineroar, L50, M|100/100
|-ability|p1a: Incineroar|Intimidate|boost
|-unboost|p2a: Indeedee|atk|1
|-unboost|p2b: Drifblim|atk|1
|move|p2b: Drifblim|Acrobatics|p1b: Gothitelle
|-damage|p1b: Gothitelle|80/100
|move|p2a: Indeedee|Imprison|p2a: Indeedee
|-start|p2a: Indeedee|move: Imprison
|cant|p1b: Gothitelle|move: Imprison|Trick Room
|
|upkeep
|turn|2
|l| DJ Stope
|
|t:|1757230677
|move|p1b: Gothitelle|Protect|p1b: Gothitelle
|-singleturn|p1b: Gothitelle|Protect
|move|p2b: Drifblim|Acrobatics|p1b: Gothitelle
|-activate|p1b: Gothitelle|move: Protect
|move|p2a: Indeedee|Tera Blast|p1b: Gothitelle
|-activate|p1b: Gothitelle|move: Protect
|move|p1a: Incineroar|Knock Off|p2a: Indeedee
|-supereffective|p2a: Indeedee
|-enditem|p2a: Indeedee|Focus Sash
|-damage|p2a: Indeedee|1/100
|
|upkeep
|turn|3
|inactive|Pranag140 has 30 seconds left.
|
|t:|1757230703
|move|p2b: Drifblim|Acrobatics|p1b: Gothitelle
|-damage|p1b: Gothitelle|59/100
|move|p2a: Indeedee|Tera Blast|p1b: Gothitelle
|-damage|p1b: Gothitelle|33/100
|-enditem|p1b: Gothitelle|Sitrus Berry|[eat]
|-heal|p1b: Gothitelle|58/100|[from] item: Sitrus Berry
|move|p1b: Gothitelle|Psychic|p2a: Indeedee
|-resisted|p2a: Indeedee
|-damage|p2a: Indeedee|0 fnt
|faint|p2a: Indeedee
|move|p1a: Incineroar|Knock Off|p2b: Drifblim
|-supereffective|p2b: Drifblim
|-damage|p2b: Drifblim|41/100
|
|upkeep
|
|t:|1757230716
|switch|p2a: Volcarona|Volcarona, L50, F|100/100
|turn|4
|
|t:|1757230737
|switch|p1b: Politoed|Politoed, L50, F|100/100
|-weather|RainDance|[from] ability: Drizzle|[of] p1b: Politoed
|move|p2b: Drifblim|Strength Sap|p1a: Incineroar
|-unboost|p1a: Incineroar|atk|1
|-heal|p2b: Drifblim|100/100
|move|p2a: Volcarona|Bug Buzz|p1b: Politoed
|-damage|p1b: Politoed|54/100
|-damage|p2a: Volcarona|91/100|[from] item: Life Orb
|move|p1a: Incineroar|Parting Shot|p2a: Volcarona
|-unboost|p2a: Volcarona|atk|1
|-unboost|p2a: Volcarona|spa|1
|
|t:|1757230751
|switch|p1a: Kingdra|Kingdra, L50, F|100/100|[from] Parting Shot
|
|-weather|RainDance|[upkeep]
|-heal|p1b: Politoed|60/100|[from] item: Leftovers
|upkeep
|turn|5
|
|t:|1757230771
|-terastallize|p2a: Volcarona|Fairy
|move|p1a: Kingdra|Weather Ball|p2a: Volcarona
|-damage|p2a: Volcarona|12/100
|-damage|p1a: Kingdra|91/100|[from] item: Life Orb
|move|p2b: Drifblim|Acrobatics|p1b: Politoed
|-damage|p1b: Politoed|37/100
|move|p2a: Volcarona|Tera Blast|p1a: Kingdra|[anim] Tera Blast Fairy
|-supereffective|p1a: Kingdra
|-damage|p1a: Kingdra|0 fnt
|faint|p1a: Kingdra
|-damage|p2a: Volcarona|2/100|[from] item: Life Orb
|move|p1b: Politoed|Encore|p2b: Drifblim
|-start|p2b: Drifblim|Encore
|
|-weather|RainDance|[upkeep]
|-heal|p1b: Politoed|43/100|[from] item: Leftovers
|-fieldend|move: Psychic Terrain
|upkeep
|
|t:|1757230794
|switch|p1a: Incineroar|Incineroar, L50, M|100/100
|-ability|p1a: Incineroar|Intimidate|boost
|-unboost|p2a: Volcarona|atk|1
|-unboost|p2b: Drifblim|atk|1
|turn|6
|
|t:|1757230812
|switch|p2b: Kommo-o|Kommo-o, L50, M|100/100
|move|p1a: Incineroar|Fake Out|p2a: Volcarona
|-damage|p2a: Volcarona|0 fnt
|faint|p2a: Volcarona
|move|p1b: Politoed|Weather Ball|p2b: Kommo-o
|-resisted|p2b: Kommo-o
|-damage|p2b: Kommo-o|81/100
|
|-weather|RainDance|[upkeep]
|-heal|p2b: Kommo-o|87/100|[from] item: Leftovers
|-heal|p1b: Politoed|49/100|[from] item: Leftovers
|upkeep
|
|t:|1757230822
|switch|p2a: Drifblim|Drifblim, L50, M|100/100
|turn|7
|
|t:|1757230829
|switch|p1a: Gothitelle|Gothitelle, L50, F|58/100
|move|p2a: Drifblim|Acrobatics|p1b: Politoed
|-damage|p1b: Politoed|13/100
|move|p2b: Kommo-o|Iron Defense|p2b: Kommo-o
|-boost|p2b: Kommo-o|def|2
|move|p1b: Politoed|Encore|p2b: Kommo-o
|-start|p2b: Kommo-o|Encore
|
|-weather|RainDance|[upkeep]
|-heal|p2b: Kommo-o|93/100|[from] item: Leftovers
|-heal|p1b: Politoed|19/100|[from] item: Leftovers
|upkeep
|turn|8
|
|t:|1757230848
|switch|p1b: Incineroar|Incineroar, L50, M|100/100
|-ability|p1b: Incineroar|Intimidate|boost
|-unboost|p2a: Drifblim|atk|1
|-unboost|p2b: Kommo-o|atk|1
|move|p2a: Drifblim|Acrobatics|p1b: Incineroar
|-crit|p1b: Incineroar
|-damage|p1b: Incineroar|54/100
|move|p2b: Kommo-o|Iron Defense|p2b: Kommo-o
|-boost|p2b: Kommo-o|def|2
|move|p1a: Gothitelle|Psychic|p2b: Kommo-o
|-supereffective|p2b: Kommo-o
|-damage|p2b: Kommo-o|44/100
|
|-weather|none
|-heal|p2b: Kommo-o|50/100|[from] item: Leftovers
|upkeep
|turn|9
|inactive|inadomi has 30 seconds left.
|
|t:|1757230874
|move|p1b: Incineroar|Fake Out|p2b: Kommo-o
|-damage|p2b: Kommo-o|47/100
|move|p2a: Drifblim|Acrobatics|p1a: Gothitelle
|-damage|p1a: Gothitelle|39/100
|cant|p2b: Kommo-o|flinch
|move|p1a: Gothitelle|Psychic|p2b: Kommo-o
|-supereffective|p2b: Kommo-o
|-damage|p2b: Kommo-o|0 fnt
|faint|p2b: Kommo-o
|
|upkeep
|turn|10
|
|t:|1757230895
|move|p2a: Drifblim|Acrobatics|p1a: Gothitelle
|-damage|p1a: Gothitelle|19/100
|move|p1a: Gothitelle|Psychic|p2a: Drifblim
|-damage|p2a: Drifblim|72/100
|move|p1b: Incineroar|Knock Off|p2a: Drifblim
|-supereffective|p2a: Drifblim
|-damage|p2a: Drifblim|19/100
|
|upkeep
|turn|11
|c|☆inadomi|gg
|-message|inadomi forfeited.
|
|win|Pranag140
|raw|Pranag140's rating: 1158 → 1179(+21 for winning)
|raw|inadomi's rating: 1095 → 1075(-20 for losing)
|c|☆Pranag140|gg, nice job making toxtricity work(my fav mon)
|l|☆inadomi
|player|p2|
