|j|☆PrawnCD
|j|☆NotDJForSure
|html|PrawnCDNotDJForSure    
|uhtml|bestof|Game 2 of a best-of-3
|t:|1784778696
|gametype|doubles
|player|p1|PrawnCD|musician|
|player|p2|NotDJForSure|zinnia-masters|
|gen|9
|tier|[Gen 9 Champions] VGC 2026 Reg M-B (Bo3)
|rule|Species Clause: Limit one of each Pokémon
|rule|Item Clause: Limit 1 of each item
|clearpoke
|poke|p1|Azumarill, L50, M, shiny|
|poke|p1|Froslass, L50, F|
|poke|p1|Incineroar, L50, F|
|poke|p1|Chandelure, L50, M, shiny|
|poke|p1|Ninetales-Alola, L50, F|
|poke|p1|Clefable, L50, M|
|poke|p2|Empoleon, L50, M|
|poke|p2|Garchomp, L50, F|
|poke|p2|Gyarados, L50, M|
|poke|p2|Farigiraf, L50, F|
|poke|p2|Drampa, L50, M|
|poke|p2|Rotom-Heat, L50, shiny|
|teampreview|4
|showteam|p1|Azumarill||Leftovers|HugePower|PlayRough,Protect,BellyDrum,AquaJet|Adamant||M|||50|]Froslass||Froslassite|SnowCloak|Protect,Blizzard,AuroraVeil,DestinyBond|Timid||F|||50|]Incineroar||SitrusBerry|Intimidate|FakeOut,PartingShot,Taunt,FlareBlitz|Adamant||F|||50|]Chandelure||Chandelurite|Infiltrator|HeatWave,TrickRoom,ClearSmog,Protect|Timid||M|||50|]Ninetales-Alola||Metronome|SnowWarning|AuroraVeil,Blizzard,Moonblast,NastyPlot|Timid||F|||50|]Clefable||ExpertBelt|Unaware|FollowMe,Reflect,AlluringVoice,StealthRock|Calm||M|||50|
|showteam|p2|Empoleon||ExpertBelt|Competitive|HydroPump,VacuumWave,FlashCannon,AirSlash|Modest||M|||50|]Garchomp||Garchompite|RoughSkin|Protect,Earthquake,RockSlide,DracoMeteor|Naive||F|||50|]Gyarados||MysticWater|Intimidate|IcyWind,Waterfall,Hurricane,Protect|Jolly||M|||50|]Farigiraf||SitrusBerry|ArmorTail|TrickRoom,HelpingHand,Psychic,GrassKnot|Quiet||F|||50|]Drampa||Drampanite|CloudNine|Protect,HyperVoice,HeatWave,DragonPulse|Quiet||M|||50|]Rotom-Heat||Leftovers|Levitate|Electroweb,Overheat,WillOWisp,NastyPlot|Timid|||||50|
|j| yunaka1
|
|t:|1784778766
|teamsize|p1|4
|teamsize|p2|4
|start
|switch|p1a: Eg|Azumarill, L50, M, shiny|100/100
|switch|p1b: 1Billion Bees|Froslass, L50, F|100/100
|switch|p2a: FE: FW|Farigiraf, L50, F|100/100
|switch|p2b: XB Genesis|Drampa, L50, M|100/100
|-ability|p2b: XB Genesis|Cloud Nine
|turn|1
|
|t:|1784778790
|detailschange|p1b: 1Billion Bees|Froslass-Mega, L50, F
|-mega|p1b: 1Billion Bees|Froslass|Froslassite
|-weather|Snowscape|[from] ability: Snow Warning|[of] p1b: 1Billion Bees
|move|p2b: XB Genesis|Protect|p2b: XB Genesis
|-singleturn|p2b: XB Genesis|Protect
|move|p1b: 1Billion Bees|Aurora Veil||[still]
|-fail|p1b: 1Billion Bees
|move|p1a: Eg|Belly Drum|p1a: Eg
|-damage|p1a: Eg|50/100g
|-setboost|p1a: Eg|atk|6|[from] move: Belly Drum
|move|p2a: FE: FW|Trick Room|p2a: FE: FW
|-fieldstart|move: Trick Room|[of] p2a: FE: FW
|
|-weather|Snowscape|[upkeep]
|-heal|p1a: Eg|56/100|[from] item: Leftovers
|upkeep
|turn|2
|
|t:|1784778823
|switch|p1b: Clefable|Clefable, L50, M|100/100
|detailschange|p2b: XB Genesis|Drampa-Mega, L50, M
|-mega|p2b: XB Genesis|Drampa|Drampanite
|move|p2b: XB Genesis|Heat Wave|p1b: Clefable|[spread] p1a,p1b
|-resisted|p1a: Eg|1
|-damage|p1a: Eg|40/100
|-damage|p1b: Clefable|78/100
|move|p1a: Eg|Play Rough|p2b: XB Genesis
|-supereffective|p2b: XB Genesis|1
|-damage|p2b: XB Genesis|0 fnt
|faint|p2b: XB Genesis
|move|p2a: FE: FW|Psychic|p1a: Eg
|-damage|p1a: Eg|0 fnt
|faint|p1a: Eg
|
|-weather|Snowscape|[upkeep]
|upkeep
|
|t:|1784778851
|switch|p2b: GTA 6|Empoleon, L50, M|100/100
|switch|p1a: 1Billion Bees|Froslass-Mega, L50, F|100/100
|turn|3
|
|t:|1784778869
|switch|p1b: Honkey|Chandelure, L50, M, shiny|100/100
|move|p2a: FE: FW|Helping Hand|p2b: GTA 6
|-singleturn|p2b: GTA 6|Helping Hand|[of] p2a: FE: FW
|move|p2b: GTA 6|Flash Cannon|p1a: 1Billion Bees
|-supereffective|p1a: 1Billion Bees|1
|-damage|p1a: 1Billion Bees|0 fnt
|faint|p1a: 1Billion Bees
|
|-weather|Snowscape|[upkeep]
|upkeep
|
|t:|1784778878
|switch|p1a: Clefable|Clefable, L50, M|78/100
|turn|4
|
|t:|1784778908
|move|p2a: FE: FW|Helping Hand|p2b: GTA 6
|-singleturn|p2b: GTA 6|Helping Hand|[of] p2a: FE: FW
|move|p1a: Clefable|Alluring Voice|p2b: GTA 6
|-resisted|p2b: GTA 6|1
|-damage|p2b: GTA 6|88/100
|move|p2b: GTA 6|Flash Cannon|p1a: Clefable
|-supereffective|p1a: Clefable|1
|-damage|p1a: Clefable|0 fnt
|faint|p1a: Clefable
|move|p1b: Honkey|Heat Wave|p2a: FE: FW|[spread] p2a,p2b
|-damage|p2a: FE: FW|59/100
|-damage|p2b: GTA 6|51/100
|
|-weather|Snowscape|[upkeep]
|upkeep
|turn|5
|c|☆PrawnCD|dam ggs
|c|☆NotDJForSure|ggs
|-message|PrawnCD forfeited.
|
|win|NotDJForSure
|l|☆PrawnCD
|player|p1|
