|j|☆RajDesai'sDog
|j|☆don zaloog is real
|html|RajDesai'sDogdon zaloog is real    
|uhtml|bestof|Game 1 of a best-of-3
|t:|1756235829
|gametype|doubles
|player|p1|RajDesai'sDog|winona|1370
|player|p2|don zaloog is real|collector|1320
|gen|9
|tier|[Gen 9] VGC 2025 Reg H (Bo3)
|rated|
|rule|Species Clause: Limit one of each Pokémon
|rule|Item Clause: Limit 1 of each item
|clearpoke
|poke|p1|Charizard, L50, M|
|poke|p1|Torkoal, L50, F|
|poke|p1|Porygon2, L50|
|poke|p1|Incineroar, L50, M|
|poke|p1|Jumpluff, L50, F|
|poke|p1|Ursaluna, L50, M|
|poke|p2|Rillaboom, L50, M|
|poke|p2|Volcarona, L50, F|
|poke|p2|Kingambit, L50, M|
|poke|p2|Ninetales-Alola, L50, F|
|poke|p2|Basculegion, L50, M|
|poke|p2|Electabuzz, L50, M|
|teampreview|4
|showteam|p1|Charizard||ChoiceSpecs|SolarPower|HeatWave,Overheat,WeatherBall,AirSlash|||M|||50|,,,,,Ghost]Torkoal||EjectPack|Drought|Eruption,Overheat,HelpingHand,Protect|||F|||50|,,,,,Fire]Porygon2||Eviolite|Download|TeraBlast,IceBeam,Recover,TrickRoom||||||50|,,,,,Fighting]Incineroar||SitrusBerry|Intimidate|FlareBlitz,KnockOff,FakeOut,PartingShot|||M|||50|,,,,,Ghost]Jumpluff||CovertCloak|Chlorophyll|SleepPowder,SunnyDay,RagePowder,Tailwind|||F|||50|,,,,,Water]Ursaluna||FlameOrb|Guts|HeadlongRush,Facade,Earthquake,Protect|||M|||50|,,,,,Ghost
|showteam|p2|Rillaboom||AssaultVest|GrassySurge|WoodHammer,GrassyGlide,HighHorsepower,FakeOut|||M|||50|,,,,,Fire]Volcarona||GrassySeed|FlameBody|HeatWave,GigaDrain,QuiverDance,Protect|||F|||50|,,,,,Grass]Kingambit||SafetyGoggles|Defiant|KowtowCleave,SuckerPunch,SwordsDance,Protect|||M|||50|,,,,,Dark]Ninetales-Alola||FocusSash|SnowWarning|Blizzard,Encore,Disable,Protect|||F|||50|,,,,,Ghost]Basculegion||ChoiceScarf|Adaptability|WaveCrash,LastRespects,FlipTurn,AquaJet|||M|||50|,,,,,Dragon]Electabuzz||Eviolite|VitalSpirit|Thunderbolt,FollowMe,Taunt,HelpingHand|||M|||50|,,,,,Fairy
|inactive|Battle timer is ON: inactive players will automatically lose when time's up. (requested by RajDesai'sDog)
|inactive|RajDesai'sDog has 60 seconds left.
|inactive|RajDesai'sDog has 30 seconds left.
|
|t:|1756235892
|teamsize|p1|4
|teamsize|p2|4
|start
|switch|p1a: Torkoal|Torkoal, L50, F|100/100
|switch|p1b: Jumpluff|Jumpluff, L50, F|100/100
|switch|p2a: Basculegion|Basculegion, L50, M|100/100
|switch|p2b: Kingambit|Kingambit, L50, M|100/100
|-weather|SunnyDay|[from] ability: Drought|[of] p1a: Torkoal
|turn|1
|inactive|don zaloog is real has 30 seconds left.
|inactive|don zaloog is real has 20 seconds left.
|inactive|don zaloog is real has 15 seconds left.
|
|t:|1756235937
|-terastallize|p2b: Kingambit|Dark
|move|p1b: Jumpluff|Tailwind|p1b: Jumpluff
|-sidestart|p1: RajDesai'sDog|move: Tailwind
|move|p2a: Basculegion|Wave Crash|p1a: Torkoal
|-supereffective|p1a: Torkoal
|-damage|p1a: Torkoal|35/100
|-damage|p2a: Basculegion|81/100|[from] Recoil
|move|p2b: Kingambit|Kowtow Cleave|p1b: Jumpluff
|-damage|p1b: Jumpluff|17/100
|move|p1a: Torkoal|Overheat|p2a: Basculegion
|-resisted|p2a: Basculegion
|-damage|p2a: Basculegion|36/100
|-unboost|p1a: Torkoal|spa|2
|-enditem|p1a: Torkoal|Eject Pack
|
|t:|1756235948
|switch|p1a: Charizard|Charizard, L50, M|100/100
|
|-weather|SunnyDay|[upkeep]
|-damage|p1a: Charizard|88/100|[from] ability: Solar Power|[of] p1a: Charizard
|upkeep
|turn|2
|
|t:|1756235959
|switch|p2a: Electabuzz|Electabuzz, L50, M|100/100
|move|p1b: Jumpluff|Rage Powder|p1b: Jumpluff
|-singleturn|p1b: Jumpluff|move: Rage Powder
|move|p2b: Kingambit|Sucker Punch|p1a: Charizard
|-damage|p1a: Charizard|4/100
|move|p1a: Charizard|Heat Wave|p2b: Kingambit|[spread] p2a
|-miss|p1a: Charizard|p2b: Kingambit
|-damage|p2a: Electabuzz|24/100
|
|-weather|SunnyDay|[upkeep]
|-damage|p1a: Charizard|0 fnt|[from] ability: Solar Power|[of] p1a: Charizard
|faint|p1a: Charizard
|upkeep
|
|t:|1756235978
|switch|p1a: Porygon2|Porygon2, L50|100/100
|-ability|p1a: Porygon2|Download|boost
|-boost|p1a: Porygon2|spa|1
|turn|3
|
|t:|1756235995
|switch|p1b: Torkoal|Torkoal, L50, F|35/100
|-terastallize|p1a: Porygon2|Fighting
|move|p2a: Electabuzz|Follow Me|p2a: Electabuzz
|-singleturn|p2a: Electabuzz|move: Follow Me
|move|p1a: Porygon2|Tera Blast|p2a: Electabuzz|[anim] Tera Blast Fighting
|-crit|p2a: Electabuzz
|-damage|p2a: Electabuzz|0 fnt
|faint|p2a: Electabuzz
|move|p2b: Kingambit|Kowtow Cleave|p1b: Torkoal
|-damage|p1b: Torkoal|0 fnt
|faint|p1b: Torkoal
|
|-weather|SunnyDay|[upkeep]
|upkeep
|
|t:|1756236009
|switch|p2a: Ninetales|Ninetales-Alola, L50, F|100/100
|switch|p1b: Jumpluff|Jumpluff, L50, F|17/100
|-weather|Snowscape|[from] ability: Snow Warning|[of] p2a: Ninetales
|turn|4
|
|t:|1756236024
|move|p2a: Ninetales|Protect|p2a: Ninetales
|-singleturn|p2a: Ninetales|Protect
|move|p2b: Kingambit|Protect|p2b: Kingambit
|-singleturn|p2b: Kingambit|Protect
|move|p1b: Jumpluff|Sleep Powder|p2a: Ninetales
|-activate|p2a: Ninetales|move: Protect
|move|p1a: Porygon2|Tera Blast|p2b: Kingambit|[anim] Tera Blast Fighting
|-activate|p2b: Kingambit|move: Protect
|
|-weather|Snowscape|[upkeep]
|-sideend|p1: RajDesai'sDog|move: Tailwind
|upkeep
|turn|5
|
|t:|1756236047
|switch|p2b: Basculegion|Basculegion, L50, M|36/100
|move|p1b: Jumpluff|Sleep Powder|p2a: Ninetales
|-status|p2a: Ninetales|slp|[from] move: Sleep Powder
|cant|p2a: Ninetales|slp
|move|p1a: Porygon2|Tera Blast|p2a: Ninetales|[anim] Tera Blast Fighting
|-damage|p2a: Ninetales|34/100 slp
|
|-weather|Snowscape|[upkeep]
|upkeep
|turn|6
|
|t:|1756236068
|move|p2b: Basculegion|Last Respects|p1b: Jumpluff
|-damage|p1b: Jumpluff|0 fnt
|faint|p1b: Jumpluff
|cant|p2a: Ninetales|slp
|move|p1a: Porygon2|Tera Blast|p2a: Ninetales|[anim] Tera Blast Fighting
|-damage|p2a: Ninetales|0 fnt
|faint|p2a: Ninetales
|
|-weather|Snowscape|[upkeep]
|upkeep
|
|t:|1756236076
|switch|p2a: Kingambit|Kingambit, L50, M, tera:Dark|100/100
|turn|7
|
|t:|1756236080
|move|p2a: Kingambit|Sucker Punch|p1a: Porygon2
|-resisted|p1a: Porygon2
|-damage|p1a: Porygon2|83/100
|move|p2b: Basculegion|Last Respects|p1a: Porygon2
|-damage|p1a: Porygon2|17/100
|move|p1a: Porygon2|Ice Beam|p2b: Basculegion
|-resisted|p2b: Basculegion
|-damage|p2b: Basculegion|11/100
|-status|p2b: Basculegion|frz
|
|-weather|Snowscape|[upkeep]
|upkeep
|turn|8
|
|t:|1756236090
|cant|p2b: Basculegion|frz
|move|p1a: Porygon2|Recover|p1a: Porygon2
|-heal|p1a: Porygon2|67/100
|move|p2a: Kingambit|Kowtow Cleave|p1a: Porygon2
|-resisted|p1a: Porygon2
|-damage|p1a: Porygon2|45/100
|
|-weather|none
|upkeep
|turn|9
|
|t:|1756236096
|cant|p2b: Basculegion|frz
|move|p1a: Porygon2|Ice Beam|p2b: Basculegion
|-resisted|p2b: Basculegion
|-damage|p2b: Basculegion|0 fnt
|faint|p2b: Basculegion
|move|p2a: Kingambit|Swords Dance|p2a: Kingambit
|-boost|p2a: Kingambit|atk|2
|
|upkeep
|turn|10
|
|t:|1756236102
|move|p1a: Porygon2|Tera Blast|p2a: Kingambit|[anim] Tera Blast Fighting
|-supereffective|p2a: Kingambit
|-damage|p2a: Kingambit|0 fnt
|faint|p2a: Kingambit
|
|win|RajDesai'sDog
||RajDesai'sDog is ready for game 2.
||don zaloog is real is ready for game 2.
|uhtml|next|Next: Game 2 of 3
