|j|☆KNRayquaza
|j|☆iferion
|html|KNRayquazaiferion    
|uhtml|bestof|Game 1 of a best-of-3
|t:|1785353408
|gametype|doubles
|player|p1|KNRayquaza|cynthia|1043
|player|p2|iferion|giovanni|1122
|gen|9
|tier|[Gen 9 Champions] VGC 2026 Reg M-B (Bo3)
|rated|
|rule|Species Clause: Limit one of each Pokémon
|rule|Item Clause: Limit 1 of each item
|clearpoke
|poke|p1|Staraptor, L50, M|
|poke|p1|Whimsicott, L50, F|
|poke|p1|Greninja, L50, F|
|poke|p1|Ninetales-Alola, L50, M|
|poke|p1|Kangaskhan, L50, F|
|poke|p1|Basculegion, L50, M|
|poke|p2|Sneasler, L50, M|
|poke|p2|Swampert, L50, F|
|poke|p2|Pelipper, L50, M|
|poke|p2|Metagross, L50|
|poke|p2|Sableye, L50, M|
|poke|p2|Kommo-o, L50, M|
|teampreview|4
|showteam|p1|Staraptor||Staraptite|Intimidate|CloseCombat,BraveBird,Roost,Protect|Jolly||M|||50|]Whimsicott||FocusSash|Prankster|Moonblast,Tailwind,Charm,Encore|Timid||F|||50|]Greninja||Greninjite|Protean|DarkPulse,Blizzard,HydroPump,Uturn|Timid||F|||50|]Ninetales-Alola||BabiriBerry|SnowWarning|Blizzard,AuroraVeil,FreezeDry,Moonblast|Timid||M|||50|]Kangaskhan||SilkScarf|Scrappy|FakeOut,LastResort|Jolly||F|||50|]Basculegion||ChoiceScarf|Adaptability|WaveCrash,LastRespects,FlipTurn,AquaJet|Jolly||M|||50|
|showteam|p2|Sneasler||FocusSash|PoisonTouch|CloseCombat,FakeOut,PoisonJab,Coaching|Jolly||M|||50|]Swampert||Swampertite|Torrent|Earthquake,WaveCrash,IcePunch,Protect|Adamant||F|||50|]Pelipper||SitrusBerry|Drizzle|WeatherBall,Hurricane,Tailwind,Protect|Modest||M|||50|]Metagross||Metagrossite|ClearBody|PsychicFangs,IronHead,RockSlide,Protect|Adamant|||||50|]Sableye||LightClay|Prankster|RainDance,Taunt,LightScreen,FoulPlay|Calm||M|||50|]Kommo-o||LifeOrb|Soundproof|ClangingScales,DracoMeteor,AuraSphere,Protect|Modest||M|||50|
|inactive|Battle timer is ON: inactive players will automatically lose when time's up. (requested by KNRayquaza)
|inactive|iferion has 60 seconds left.
|
|t:|1785353456
|teamsize|p1|4
|teamsize|p2|4
|start
|switch|p1a: Basculegion|Basculegion, L50, M|100/100
|switch|p1b: Kangaskhan|Kangaskhan, L50, F|100/100
|switch|p2a: Swampert|Swampert, L50, F|100/100
|switch|p2b: Sableye|Sableye, L50, M|100/100
|turn|1
|
|t:|1785353477
|switch|p2b: Pelipper|Pelipper, L50, M|100/100
|-weather|RainDance|[from] ability: Drizzle|[of] p2b: Pelipper
|detailschange|p2a: Swampert|Swampert-Mega, L50, F
|-mega|p2a: Swampert|Swampert|Swampertite
|move|p1b: Kangaskhan|Fake Out|p2a: Swampert
|-damage|p2a: Swampert|83/100
|cant|p2a: Swampert|flinch
|move|p1a: Basculegion|Wave Crash|p2b: Pelipper
|-resisted|p2b: Pelipper|1
|-damage|p2b: Pelipper|44/100
|-enditem|p2b: Pelipper|Sitrus Berry|[eat]
|-heal|p2b: Pelipper|69/100|[from] item: Sitrus Berry
|-damage|p1a: Basculegion|87/100|[from] Recoil
|
|-weather|RainDance|[upkeep]
|upkeep
|turn|2
|
|t:|1785353496
|switch|p1a: Ninetales|Ninetales-Alola, L50, M|100/100
|-weather|Snowscape|[from] ability: Snow Warning|[of] p1a: Ninetales
|move|p1b: Kangaskhan|Last Resort|p2a: Swampert
|-damage|p2a: Swampert|35/100
|move|p2a: Swampert|Earthquake|p1a: Ninetales|[spread] p1a,p1b
|-immune|p2b: Pelipper
|-damage|p1a: Ninetales|49/100
|-damage|p1b: Kangaskhan|54/100
|move|p2b: Pelipper|Tailwind|p2b: Pelipper
|-sidestart|p2: iferion|move: Tailwind
|
|-weather|Snowscape|[upkeep]
|upkeep
|turn|3
|
|t:|1785353513
|move|p2a: Swampert|Earthquake|p1a: Ninetales|[spread] p1a,p1b
|-immune|p2b: Pelipper
|-damage|p1a: Ninetales|2/100
|-damage|p1b: Kangaskhan|8/100
|move|p1a: Ninetales|Aurora Veil|p1a: Ninetales
|-sidestart|p1: KNRayquaza|move: Aurora Veil
|move|p2b: Pelipper|Weather Ball|p1b: Kangaskhan
|-crit|p1b: Kangaskhan
|-damage|p1b: Kangaskhan|0 fnt
|faint|p1b: Kangaskhan
|
|-weather|Snowscape|[upkeep]
|upkeep
|
|t:|1785353528
|switch|p1b: Greninja|Greninja, L50, F|100/100
|turn|4
|
|t:|1785353539
|switch|p2a: Sableye|Sableye, L50, M|100/100
|detailschange|p1b: Greninja|Greninja-Mega, L50, F
|-mega|p1b: Greninja|Greninja|Greninjite
|move|p2b: Pelipper|Protect|p2b: Pelipper
|-singleturn|p2b: Pelipper|Protect
|move|p1b: Greninja|Blizzard|p2a: Sableye|[spread] p2a
|-start|p1b: Greninja|typechange|Ice|[from] ability: Protean
|-activate|p2b: Pelipper|move: Protect
|-damage|p2a: Sableye|48/100
|-status|p2a: Sableye|frz
|move|p1a: Ninetales|Freeze-Dry|p2b: Pelipper
|-activate|p2b: Pelipper|move: Protect
|
|-weather|Snowscape|[upkeep]
|upkeep
|turn|5
|inactive|iferion has 30 seconds left.
|
|t:|1785353569
|switch|p2b: Sneasler|Sneasler, L50, M|100/100
|cant|p2a: Sableye|frz
|move|p1b: Greninja|Blizzard|p2a: Sableye|[spread] p2a,p2b
|-damage|p2a: Sableye|0 fnt
|-damage|p2b: Sneasler|36/100
|faint|p2a: Sableye
|move|p1a: Ninetales|Freeze-Dry|p2b: Sneasler
|-damage|p2b: Sneasler|1/100
|
|-weather|Snowscape|[upkeep]
|-sideend|p2: iferion|move: Tailwind
|upkeep
|
|t:|1785353581
|switch|p2a: Pelipper|Pelipper, L50, M|69/100
|-weather|RainDance|[from] ability: Drizzle|[of] p2a: Pelipper
|turn|6
|
|t:|1785353596
|switch|p1a: Basculegion|Basculegion, L50, M|87/100
|move|p1b: Greninja|U-turn|p2b: Sneasler
|-resisted|p2b: Sneasler|2
|-damage|p2b: Sneasler|0 fnt
|faint|p2b: Sneasler
|
|t:|1785353601
|switch|p1b: Ninetales|Ninetales-Alola, L50, M|2/100|[from] U-turn
|-weather|Snowscape|[from] ability: Snow Warning|[of] p1b: Ninetales
|move|p2a: Pelipper|Hurricane|p1a: Basculegion|[miss]
|-miss|p2a: Pelipper|p1a: Basculegion
|
|-weather|Snowscape|[upkeep]
|upkeep
|
|t:|1785353609
|switch|p2b: Swampert|Swampert-Mega, L50, F|35/100
|turn|7
|
|t:|1785353625
|move|p2b: Swampert|Protect|p2b: Swampert
|-singleturn|p2b: Swampert|Protect
|move|p1a: Basculegion|Wave Crash|p2b: Swampert
|-activate|p2b: Swampert|move: Protect
|move|p1b: Ninetales|Freeze-Dry|p2a: Pelipper
|-supereffective|p2a: Pelipper|2
|-damage|p2a: Pelipper|0 fnt
|faint|p2a: Pelipper
|
|-weather|Snowscape|[upkeep]
|-sideend|p1: KNRayquaza|move: Aurora Veil
|upkeep
|turn|8
|-message|iferion forfeited.
|
|win|KNRayquaza
|l|☆iferion
|player|p2|
||iferion is ready for game 2.
||KNRayquaza is ready for game 2.
|uhtml|next|Next: Game 2 of 3
