|j|☆void25o
|j|‽parsley<3
|html|void25oparsley<3    
|uhtml|bestof|Game 2 of a best-of-3
|t:|1756862718
|gametype|doubles
|player|p1|void25o|miku-ghost|1241
|player|p2|parsley<3|lacey|1286
|gen|9
|tier|[Gen 9] VGC 2025 Reg H (Bo3)
|rated|
|rule|Species Clause: Limit one of each Pokémon
|rule|Item Clause: Limit 1 of each item
|clearpoke
|poke|p1|Porygon2, L50|
|poke|p1|Ursaluna, L50, F|
|poke|p1|Annihilape, L50, F|
|poke|p1|Incineroar, L50, M|
|poke|p1|Primarina, L50, F|
|poke|p1|Pelipper, L50, F|
|poke|p2|Maushold, L50|
|poke|p2|Annihilape, L50, M|
|poke|p2|Gholdengo, L50|
|poke|p2|Ursaluna-Bloodmoon, L50, M|
|poke|p2|Dragonite, L50, M|
|poke|p2|Sneasler, L50, M|
|teampreview|4
|showteam|p1|Porygon2||Eviolite|Download|TeraBlast,IceBeam,Recover,TrickRoom||||||50|,,,,,Flying]Ursaluna||FlameOrb|Guts|Facade,HeadlongRush,Earthquake,Protect|||F|||50|,,,,,Ghost]Annihilape||ChoiceScarf|Defiant|CloseCombat,ShadowClaw,Coaching,FinalGambit|||F|||50|,,,,,Water]Incineroar||SafetyGoggles|Intimidate|FakeOut,KnockOff,PartingShot,FlareBlitz|||M|||50|,,,,,Ghost]Primarina||SitrusBerry|LiquidVoice|HyperVoice,Moonblast,Haze,Protect|||F|||50|,,,,,Poison]Pelipper||FocusSash|Drizzle|Hurricane,WeatherBall,Tailwind,Protect|||F|||50|,,,,,Ground
|showteam|p2|Maushold||SafetyGoggles|FriendGuard|SuperFang,BeatUp,Protect,FollowMe||||||50|,,,,,Ghost]Annihilape||SitrusBerry|Defiant|RageFist,CloseCombat,Protect,FinalGambit|||M|||50|,,,,,Fire]Gholdengo||LifeOrb|GoodasGold|MakeItRain,ShadowBall,Protect,NastyPlot||||||50|,,,,,Water]Ursaluna-Bloodmoon||AssaultVest|MindsEye|HyperVoice,BloodMoon,EarthPower,VacuumWave|||M|||50|,,,,,Ghost]Dragonite||LoadedDice|Multiscale|ScaleShot,Tailwind,Protect,Haze|||M|||50|,,,,,Fairy]Sneasler||FocusSash|Unburden|DireClaw,CloseCombat,Protect,ThroatChop|||M|||50|,,,,,Stellar
|
|t:|1756862774
|teamsize|p1|4
|teamsize|p2|4
|start
|switch|p1a: Turing|Porygon2, L50, shiny|100/100
|switch|p1b: Ursaluna|Ursaluna, L50, F|100/100
|switch|p2a: Annihilape|Annihilape, L50, M|100/100
|switch|p2b: Sneasler|Sneasler, L50, M|100/100
|-ability|p1a: Turing|Download|boost
|-boost|p1a: Turing|atk|1
|turn|1
|
|t:|1756862811
|switch|p1a: Pelipper|Pelipper, L50, F|100/100
|-weather|RainDance|[from] ability: Drizzle|[of] p1a: Pelipper
|-terastallize|p2b: Sneasler|Stellar
|-terastallize|p1b: Ursaluna|Ghost
|move|p2b: Sneasler|Close Combat|p1b: Ursaluna
|-immune|p1b: Ursaluna
|move|p2a: Annihilape|Final Gambit|p1a: Pelipper
|-enditem|p1a: Pelipper|Focus Sash
|-damage|p1a: Pelipper|1/100
|faint|p2a: Annihilape
|move|p1b: Ursaluna|Earthquake|p2b: Sneasler|[spread] p2b
|-immune|p1a: Pelipper
|-supereffective|p2b: Sneasler
|-enditem|p2b: Sneasler|Focus Sash
|-damage|p2b: Sneasler|1/100
|
|-weather|RainDance|[upkeep]
|-status|p1b: Ursaluna|brn|[from] item: Flame Orb
|upkeep
|
|t:|1756862833
|switch|p2a: Ursaluna|Ursaluna-Bloodmoon, L50, M|100/100
|turn|2
|
|t:|1756862846
|move|p2b: Sneasler|Throat Chop|p1b: Ursaluna
|-supereffective|p1b: Ursaluna
|-damage|p1b: Ursaluna|48/100 brn
|-start|p1b: Ursaluna|Throat Chop|[silent]
|move|p1a: Pelipper|Tailwind|p1a: Pelipper
|-sidestart|p1: void25o|move: Tailwind
|move|p1b: Ursaluna|Facade|p2a: Ursaluna
|-damage|p2a: Ursaluna|1/100
|move|p2a: Ursaluna|Hyper Voice|p1b: Ursaluna|[spread] p1a,p1b
|-damage|p1a: Pelipper|0 fnt
|-damage|p1b: Ursaluna|15/100 brn
|faint|p1a: Pelipper
|
|-weather|RainDance|[upkeep]
|-damage|p1b: Ursaluna|9/100 brn|[from] brn
|upkeep
|
|t:|1756862854
|switch|p1a: Primarina|Primarina, L50, F|100/100
|turn|3
|
|t:|1756862863
|switch|p1b: Turing|Porygon2, L50, shiny|100/100
|-ability|p1b: Turing|Download|boost
|-boost|p1b: Turing|spa|1
|move|p2a: Ursaluna|Vacuum Wave|p1b: Turing
|-supereffective|p1b: Turing
|-damage|p1b: Turing|83/100
|move|p2b: Sneasler|Dire Claw|p1a: Primarina
|-supereffective|p1a: Primarina
|-damage|p1a: Primarina|0 fnt
|faint|p1a: Primarina
|
|-weather|RainDance|[upkeep]
|upkeep
|
|t:|1756862872
|switch|p1a: Ursaluna|Ursaluna, L50, F, tera:Ghost|9/100 brn
|turn|4
|
|t:|1756862880
|move|p2b: Sneasler|Protect|p2b: Sneasler
|-singleturn|p2b: Sneasler|Protect
|move|p2a: Ursaluna|Vacuum Wave|p1a: Ursaluna
|-damage|p1a: Ursaluna|0 fnt
|faint|p1a: Ursaluna
|move|p1b: Turing|Tera Blast|p2b: Sneasler
|-activate|p2b: Sneasler|move: Protect
|
|-weather|RainDance|[upkeep]
|upkeep
|turn|5
|-message|void25o forfeited.
|
|win|parsley<3
|raw|void25o's rating: 1241 → 1219(-22 for losing)
|raw|parsley<3's rating: 1286 → 1308(+22 for winning)
