|j|☆ranchsauce
|j|☆nehehkhara666
|html|ranchsaucenehehkhara666    
|uhtml|bestof|Game 2 of a best-of-3
|t:|1757692912
|gametype|doubles
|player|p1|ranchsauce|scientist-gen4dp|1050
|player|p2|nehehkhara666|169|1043
|gen|9
|tier|[Gen 9] VGC 2025 Reg H (Bo3)
|rated|
|rule|Species Clause: Limit one of each Pokémon
|rule|Item Clause: Limit 1 of each item
|clearpoke
|poke|p1|Kingambit, L50, F|
|poke|p1|Rillaboom, L50, F|
|poke|p1|Clefable, L50, M|
|poke|p1|Volcarona, L50, F|
|poke|p1|Tauros-Paldea-Aqua, L50, M|
|poke|p1|Gengar, L50, M|
|poke|p2|Klawf, L50, F|
|poke|p2|Porygon-Z, L50|
|poke|p2|Electabuzz, L50, F|
|poke|p2|Clawitzer, L50, M|
|poke|p2|Hydrapple, L50, M|
|poke|p2|Crawdaunt, L50, F|
|teampreview|4
|showteam|p1|Kingambit||SafetyGoggles|Defiant|KowtowCleave,SuckerPunch,SwordsDance,Protect|||F|||50|,,,,,Dark]Rillaboom||AssaultVest|GrassySurge|WoodHammer,GrassyGlide,Uturn,FakeOut|||F|||50|,,,,,Fire]Clefable||SitrusBerry|Unaware|Moonblast,FollowMe,SkillSwap,Protect|||M|||50|,,,,,Grass]Volcarona||Leftovers|FlameBody|HeatWave,GigaDrain,QuiverDance,Protect|||F|||50|,,,,,Dragon]Tauros-Paldea-Aqua||ClearAmulet|Intimidate|WaveCrash,CloseCombat,AquaJet,Protect|||M|||50|,,,,,Steel]Gengar||FocusSash|CursedBody|SludgeBomb,ShadowBall,Taunt,Protect|||M|||50|,,,,,Ghost
|showteam|p2|Klawf||WeaknessPolicy|AngerShell|RockSlide,TeraBlast,Protect,HighHorsepower|||F|||50|,,,,,Flying]Porygon-Z||AbsorbBulb|Adaptability|Swift,HyperBeam,ShadowBall,Protect||||||50|,,,,,Normal]Electabuzz||Eviolite|Static|FollowMe,BrickBreak,Electroweb,VoltSwitch|||F|||50|,,,,,Grass]Clawitzer||SitrusBerry|MegaLauncher|AuraSphere,HealPulse,WaterPulse,Protect|||M|||50|,,,,,Fighting]Hydrapple||AssaultVest|Regenerator|FickleBeam,GigaDrain,PollenPuff,TeraBlast|||M|||50|,,,,,Fire]Crawdaunt||CovertCloak|Adaptability|AquaJet,Crabhammer,KnockOff,DragonDance|||F|||50|,,,,,Fairy
|
|t:|1757692937
|teamsize|p1|4
|teamsize|p2|4
|start
|switch|p1a: Rillaboom|Rillaboom, L50, F|100/100
|switch|p1b: Gengar|Gengar, L50, M|100/100
|switch|p2a: Crawdaunt|Crawdaunt, L50, F|100/100
|switch|p2b: Electabuzz|Electabuzz, L50, F|100/100
|-fieldstart|move: Grassy Terrain|[from] ability: Grassy Surge|[of] p1a: Rillaboom
|turn|1
|
|t:|1757692966
|-terastallize|p2a: Crawdaunt|Fairy
|move|p1b: Gengar|Taunt|p2b: Electabuzz
|-start|p2b: Electabuzz|move: Taunt
|move|p2b: Electabuzz|Electroweb|p1a: Rillaboom|[spread] p1a,p1b
|-resisted|p1a: Rillaboom
|-damage|p1a: Rillaboom|95/100
|-damage|p1b: Gengar|75/100
|-unboost|p1a: Rillaboom|spe|1
|-unboost|p1b: Gengar|spe|1
|move|p2a: Crawdaunt|Knock Off|p1b: Gengar
|-supereffective|p1b: Gengar
|-damage|p1b: Gengar|0 fnt
|-start|p2a: Crawdaunt|Disable|Knock Off|[from] ability: Cursed Body|[of] p1b: Gengar
|-enditem|p1b: Gengar|Focus Sash|[from] move: Knock Off|[of] p2a: Crawdaunt
|faint|p1b: Gengar
|move|p1a: Rillaboom|Wood Hammer|p2a: Crawdaunt
|-damage|p2a: Crawdaunt|0 fnt
|faint|p2a: Crawdaunt
|-damage|p1a: Rillaboom|71/100|[from] Recoil
|
|-heal|p1a: Rillaboom|77/100|[from] Grassy Terrain
|upkeep
|
|t:|1757692986
|switch|p1b: Tauros|Tauros-Paldea-Aqua, L50, M|100/100
|switch|p2a: Hydrapple|Hydrapple, L50, M|100/100
|-ability|p1b: Tauros|Intimidate|boost
|-unboost|p2a: Hydrapple|atk|1
|-unboost|p2b: Electabuzz|atk|1
|turn|2
|
|t:|1757692997
|move|p1b: Tauros|Protect|p1b: Tauros
|-singleturn|p1b: Tauros|Protect
|move|p2b: Electabuzz|Electroweb|p1a: Rillaboom|[spread] p1a
|-activate|p1b: Tauros|move: Protect
|-resisted|p1a: Rillaboom
|-damage|p1a: Rillaboom|71/100
|-unboost|p1a: Rillaboom|spe|1
|move|p1a: Rillaboom|Wood Hammer|p2b: Electabuzz
|-damage|p2b: Electabuzz|38/100
|-status|p1a: Rillaboom|par|[from] ability: Static|[of] p2b: Electabuzz
|-damage|p1a: Rillaboom|53/100 par|[from] Recoil
|move|p2a: Hydrapple|Giga Drain|p1b: Tauros
|-activate|p1b: Tauros|move: Protect
|
|-heal|p2b: Electabuzz|44/100|[from] Grassy Terrain
|-heal|p1a: Rillaboom|59/100 par|[from] Grassy Terrain
|upkeep
|turn|3
|
|t:|1757693025
|-terastallize|p1b: Tauros|Steel
|move|p1b: Tauros|Wave Crash|p2b: Electabuzz
|-damage|p2b: Electabuzz|0 fnt
|faint|p2b: Electabuzz
|-damage|p1b: Tauros|86/100|[from] Recoil
|move|p2a: Hydrapple|Giga Drain|p1b: Tauros
|-resisted|p1b: Tauros
|-damage|p1b: Tauros|56/100
|move|p1a: Rillaboom|Wood Hammer|p2a: Hydrapple
|-resisted|p2a: Hydrapple
|-damage|p2a: Hydrapple|87/100
|-damage|p1a: Rillaboom|55/100 par|[from] Recoil
|
|-heal|p1b: Tauros|63/100|[from] Grassy Terrain
|-heal|p2a: Hydrapple|93/100|[from] Grassy Terrain
|-heal|p1a: Rillaboom|61/100 par|[from] Grassy Terrain
|upkeep
|
|t:|1757693043
|switch|p2b: Clawitzer|Clawitzer, L50, M|100/100
|turn|4
|
|t:|1757693057
|move|p1b: Tauros|Protect|p1b: Tauros
|-singleturn|p1b: Tauros|Protect
|move|p1a: Rillaboom|Grassy Glide|p2b: Clawitzer
|-supereffective|p2b: Clawitzer
|-damage|p2b: Clawitzer|22/100
|-enditem|p2b: Clawitzer|Sitrus Berry|[eat]
|-heal|p2b: Clawitzer|47/100|[from] item: Sitrus Berry
|move|p2b: Clawitzer|Aura Sphere|p1a: Rillaboom
|-damage|p1a: Rillaboom|30/100 par
|move|p2a: Hydrapple|Pollen Puff|p1a: Rillaboom
|-supereffective|p1a: Rillaboom
|-crit|p1a: Rillaboom
|-damage|p1a: Rillaboom|0 fnt
|faint|p1a: Rillaboom
|
|-heal|p1b: Tauros|69/100|[from] Grassy Terrain
|-heal|p2b: Clawitzer|53/100|[from] Grassy Terrain
|-heal|p2a: Hydrapple|99/100|[from] Grassy Terrain
|upkeep
|
|t:|1757693068
|switch|p1a: Clefable|Clefable, L50, M|100/100
|turn|5
|
|t:|1757693082
|move|p1b: Tauros|Close Combat|p2b: Clawitzer
|-damage|p2b: Clawitzer|0 fnt
|-unboost|p1b: Tauros|def|1
|-unboost|p1b: Tauros|spd|1
|faint|p2b: Clawitzer
|move|p1a: Clefable|Moonblast|p2a: Hydrapple
|-supereffective|p2a: Hydrapple
|-damage|p2a: Hydrapple|58/100
|move|p2a: Hydrapple|Giga Drain|p1a: Clefable
|-damage|p1a: Clefable|56/100
|-heal|p2a: Hydrapple|79/100|[from] drain|[of] p1a: Clefable
|
|-heal|p1b: Tauros|75/100|[from] Grassy Terrain
|-heal|p1a: Clefable|62/100|[from] Grassy Terrain
|-heal|p2a: Hydrapple|85/100|[from] Grassy Terrain
|-fieldend|move: Grassy Terrain
|upkeep
|turn|6
|inactive|Battle timer is ON: inactive players will automatically lose when time's up. (requested by ranchsauce)
|
|t:|1757693102
|move|p1b: Tauros|Close Combat|p2a: Hydrapple
|-damage|p2a: Hydrapple|40/100
|-unboost|p1b: Tauros|def|1
|-unboost|p1b: Tauros|spd|1
|move|p1a: Clefable|Moonblast|p2a: Hydrapple
|-supereffective|p2a: Hydrapple
|-damage|p2a: Hydrapple|1/100
|-unboost|p2a: Hydrapple|spa|1
|move|p2a: Hydrapple|Fickle Beam|p1b: Tauros|[anim] Fickle Beam All Out
|-activate|p2a: Hydrapple|move: Fickle Beam
|-resisted|p1b: Tauros
|-damage|p1b: Tauros|6/100
|
|upkeep
|turn|7
|
|t:|1757693120
|move|p1b: Tauros|Aqua Jet|p2a: Hydrapple
|-resisted|p2a: Hydrapple
|-damage|p2a: Hydrapple|0 fnt
|faint|p2a: Hydrapple
|
|win|ranchsauce
|raw|ranchsauce's rating: 1050 → 1082(+32 for winning)
|raw|nehehkhara666's rating: 1043 → 1027(-16 for losing)
|l|☆ranchsauce
|player|p1|
|l|☆nehehkhara666
|player|p2|
