|j|☆cirujanomarrano
|j|☆Marcos_Pro_Z3
|html|cirujanomarranoMarcos_Pro_Z3    
|uhtml|bestof|Game 2 of a best-of-3
|t:|1756312920
|gametype|doubles
|player|p1|cirujanomarrano|ghetsis|
|player|p2|Marcos_Pro_Z3|bruno|
|gen|9
|tier|[Gen 9] VGC 2025 Reg H (Bo3)
|rule|Species Clause: Limit one of each Pokémon
|rule|Item Clause: Limit 1 of each item
|clearpoke
|poke|p1|Muk-Alola, L50, F|
|poke|p1|Smeargle, L50, F|
|poke|p1|Flamigo, L50, F|
|poke|p1|Sinistcha, L50|
|poke|p1|Dondozo, L50, M|
|poke|p1|Tatsugiri, L50, F|
|poke|p2|Malamar, L50, F|
|poke|p2|Ursaluna, L50, F|
|poke|p2|Torkoal, L50, F|
|poke|p2|Lilligant-Hisui, L50, F|
|poke|p2|Delphox, L50, F|
|poke|p2|Indeedee-F, L50, F|
|teampreview|4
|showteam|p1|Muk-Alola||Leftovers|PowerofAlchemy|KnockOff,Minimize,Substitute,Protect|||F|||50|,,,,,Ghost]Smeargle||FocusSash|Moody|FollowMe,Spore,WideGuard,SpikyShield|||F|||50|,,,,,Grass]Flamigo||WhiteHerb|Costar|CloseCombat,WideGuard,BraveBird,Protect|||F|||50|,,,,,Stellar]Sinistcha||RockyHelmet|Hospitality|MatchaGotcha,StrengthSap,RagePowder,LifeDew||||||50|,,,,,Steel]Dondozo||SafetyGoggles|Unaware|WaveCrash,Fissure,Yawn,Protect|||M|||50|,,,,,Poison]Tatsugiri||ChoiceScarf|Commander|DracoMeteor,MuddyWater,IcyWind,SleepTalk|||F|||50|,,,,,Steel
|showteam|p2|Malamar||SitrusBerry|Contrary|Superpower,TrickRoom,KnockOff,Protect|||F|||50|,,,,,Steel]Ursaluna||FlameOrb|Guts|Facade,HeadlongRush,Earthquake,Protect|||F|||50|,,,,,Ghost]Torkoal||Charcoal|Drought|Eruption,Flamethrower,HelpingHand,Protect|||F|||50|,,,,,Fire]Lilligant-Hisui||FocusSash|Chlorophyll|LeafBlade,CloseCombat,SleepPowder,AfterYou|||F|||50|,,,,,Ghost]Delphox||LifeOrb|Blaze|Flamethrower,ExpandingForce,TeraBlast,Protect|||F|||50|,,,,,Fighting]Indeedee-F||PsychicSeed|PsychicSurge|Psychic,FollowMe,HelpingHand,TrickRoom|||F|||50|,,,,,Grass
|j| Joselunga
|
|t:|1756312948
|teamsize|p1|4
|teamsize|p2|4
|start
|switch|p1a: Muk|Muk-Alola, L50, F|100/100
|switch|p1b: Smeargle|Smeargle, L50, F|100/100
|switch|p2a: Delphox|Delphox, L50, F|100/100
|switch|p2b: Indeedee|Indeedee-F, L50, F|100/100
|-fieldstart|move: Psychic Terrain|[from] ability: Psychic Surge|[of] p2b: Indeedee
|-enditem|p2b: Indeedee|Psychic Seed
|-boost|p2b: Indeedee|spd|1|[from] item: Psychic Seed
|turn|1
|
|t:|1756312973
|move|p1a: Muk|Protect|p1a: Muk
|-singleturn|p1a: Muk|Protect
|move|p2a: Delphox|Flamethrower|p1b: Smeargle
|-enditem|p1b: Smeargle|Focus Sash
|-damage|p1b: Smeargle|1/100
|-damage|p2a: Delphox|91/100|[from] item: Life Orb
|move|p1b: Smeargle|Spore|p2a: Delphox
|-status|p2a: Delphox|slp|[from] move: Spore
|move|p2b: Indeedee|Psychic|p1b: Smeargle
|-damage|p1b: Smeargle|0 fnt
|faint|p1b: Smeargle
|-ability|p1a: Muk|Moody|Power of Alchemy|[from] ability: Power of Alchemy|[of] p1b: Smeargle
|
|-ability|p1a: Muk|Moody|boost
|-boost|p1a: Muk|def|2
|-unboost|p1a: Muk|spa|1
|upkeep
|
|t:|1756312985
|switch|p1b: Sinistcha|Sinistcha, L50|100/100
|turn|2
|
|t:|1756313025
|switch|p2b: Ursaluna|Ursaluna, L50, F|100/100
|cant|p2a: Delphox|slp
|move|p1b: Sinistcha|Matcha Gotcha|p2a: Delphox|[spread] p2a,p2b
|-resisted|p2a: Delphox
|-supereffective|p2b: Ursaluna
|-damage|p2a: Delphox|75/100 slp
|-damage|p2b: Ursaluna|56/100
|move|p1a: Muk|Knock Off|p2a: Delphox
|-supereffective|p2a: Delphox
|-damage|p2a: Delphox|0 fnt
|-enditem|p2a: Delphox|Life Orb|[from] move: Knock Off|[of] p1a: Muk
|faint|p2a: Delphox
|
|-ability|p1a: Muk|Moody|boost
|-boost|p1a: Muk|spd|2
|-unboost|p1a: Muk|spa|1
|-status|p2b: Ursaluna|brn|[from] item: Flame Orb
|upkeep
|
|t:|1756313028
|switch|p2a: Indeedee|Indeedee-F, L50, F|100/100
|turn|3
|
|t:|1756313059
|move|p1a: Muk|Protect|p1a: Muk
|-singleturn|p1a: Muk|Protect
|move|p2a: Indeedee|Follow Me|p2a: Indeedee
|-singleturn|p2a: Indeedee|move: Follow Me
|move|p1b: Sinistcha|Matcha Gotcha|p2b: Ursaluna|[spread] p2a,p2b
|-crit|p2a: Indeedee
|-supereffective|p2b: Ursaluna
|-damage|p2a: Indeedee|66/100
|-damage|p2b: Ursaluna|12/100 brn
|move|p2b: Ursaluna|Earthquake|p1a: Muk|[spread] p2a,p1b
|-activate|p1a: Muk|move: Protect
|-resisted|p1b: Sinistcha
|-damage|p2a: Indeedee|4/100
|-damage|p1b: Sinistcha|75/100
|
|-damage|p2b: Ursaluna|6/100 brn|[from] brn
|-ability|p1a: Muk|Moody|boost
|-boost|p1a: Muk|spd|2
|-unboost|p1a: Muk|def|1
|upkeep
|turn|4
|
|t:|1756313079
|-terastallize|p1a: Muk|Ghost
|move|p2a: Indeedee|Follow Me|p2a: Indeedee
|-singleturn|p2a: Indeedee|move: Follow Me
|move|p1b: Sinistcha|Matcha Gotcha|p2b: Ursaluna|[spread] p2a
|-miss|p1b: Sinistcha|p2b: Ursaluna
|-damage|p2a: Indeedee|0 fnt
|-heal|p1b: Sinistcha|76/100|[from] drain|[of] p2a: Indeedee
|faint|p2a: Indeedee
|move|p1a: Muk|Minimize|p1a: Muk
|-boost|p1a: Muk|evasion|2
|move|p2b: Ursaluna|Earthquake|p1a: Muk|[spread] p1a,p1b
|-resisted|p1b: Sinistcha
|-damage|p1a: Muk|63/100
|-damage|p1b: Sinistcha|49/100
|
|-heal|p1a: Muk|69/100|[from] item: Leftovers
|-damage|p2b: Ursaluna|0 fnt|[from] brn
|faint|p2b: Ursaluna
|-ability|p1a: Muk|Moody|boost
|-boost|p1a: Muk|spa|2
|-unboost|p1a: Muk|atk|1
|upkeep
|
|t:|1756313086
|switch|p2b: Malamar|Malamar, L50, F|100/100
|turn|5
|
|t:|1756313103
|move|p1b: Sinistcha|Rage Powder|p1b: Sinistcha
|-singleturn|p1b: Sinistcha|move: Rage Powder
|move|p2b: Malamar|Knock Off|p1b: Sinistcha
|-supereffective|p1b: Sinistcha
|-damage|p1b: Sinistcha|0 fnt
|-damage|p2b: Malamar|84/100|[from] item: Rocky Helmet|[of] p1b: Sinistcha
|-enditem|p1b: Sinistcha|Rocky Helmet|[from] move: Knock Off|[of] p2b: Malamar
|faint|p1b: Sinistcha
|move|p1a: Muk|Minimize|p1a: Muk
|-boost|p1a: Muk|evasion|2
|
|-heal|p1a: Muk|76/100|[from] item: Leftovers
|-fieldend|move: Psychic Terrain
|-ability|p1a: Muk|Moody|boost
|-boost|p1a: Muk|atk|2
|-unboost|p1a: Muk|def|1
|upkeep
|
|t:|1756313112
|switch|p1b: Flamigo|Flamigo, L50, F|100/100
|-copyboost|p1b: Flamigo|p1a: Muk|[from] ability: Costar
|turn|6
|
|t:|1756313130
|move|p1b: Flamigo|Close Combat|p2b: Malamar
|-damage|p2b: Malamar|0 fnt
|-unboost|p1b: Flamigo|def|1
|-unboost|p1b: Flamigo|spd|1
|faint|p2b: Malamar
|-enditem|p1b: Flamigo|White Herb
|-clearnegativeboost|p1b: Flamigo|[silent]
|
|win|cirujanomarrano
|c|☆cirujanomarrano|gg tito
|c|☆cirujanomarrano|Lamento usar esta mierda
