|j|☆lolgz
|j|☆Kinyachta
|html|lolgzKinyachta    
|uhtml|bestof|Game 1 of a best-of-3
|t:|1783511013
|gametype|doubles
|player|p1|lolgz|dawn|1111
|player|p2|Kinyachta|1|1074
|gen|9
|tier|[Gen 9 Champions] VGC 2026 Reg M-B (Bo3)
|rated|
|rule|Species Clause: Limit one of each Pokémon
|rule|Item Clause: Limit 1 of each item
|clearpoke
|poke|p1|Scrafty, L50, M|
|poke|p1|Vivillon, L50, F|
|poke|p1|Incineroar, L50, F|
|poke|p1|Sinistcha, L50|
|poke|p1|Kingambit, L50, F|
|poke|p1|Delphox, L50, F|
|poke|p2|Garchomp, L50, M|
|poke|p2|Sneasler, L50, F|
|poke|p2|Tsareena, L50, F, shiny|
|poke|p2|Charizard, L50, M|
|poke|p2|Froslass, L50, F|
|poke|p2|Basculegion, L50, M|
|teampreview|4
|showteam|p1|Scrafty||Scraftinite|Intimidate|DrainPunch,KnockOff,Protect,DragonDance|Jolly||M|||50|]Vivillon||ChoiceScarf|CompoundEyes|SleepPowder,Hurricane,RagePowder,Tailwind|Timid||F|||50|]Incineroar||PasshoBerry|Intimidate|PartingShot,FakeOut,ThroatChop,FlareBlitz|Careful||F|||50|]Sinistcha||KasibBerry|Hospitality|MatchaGotcha,RagePowder,TrickRoom,Protect|Serious|||||50|]Kingambit||BlackGlasses|Defiant|SuckerPunch,KowtowCleave,Protect,SwordsDance|Adamant||F|||50|]Delphox||Delphoxite|Blaze|HeatWave,Psychic,Protect,NastyPlot|Timid||F|||50|
|showteam|p2|Garchomp||Leftovers|RoughSkin|DragonClaw,RockSlide,Protect,Earthquake|Adamant||M|||50|]Sneasler||FocusSash|Unburden|Coaching,DireClaw,CloseCombat,Protect|Adamant||F|||50|]Tsareena||ExpertBelt|QueenlyMajesty|LowKick,TropKick,TripleAxel,KnockOff|Brave||F|||50|]Charizard||CharizarditeX|Blaze|DragonDance,Protect,DragonClaw,FlareBlitz|Jolly||M|||50|]Froslass||Froslassite|CursedBody|Blizzard,Protect,ShadowBall,Haze|Timid||F|||50|]Basculegion||ChoiceScarf|Adaptability|FlipTurn,LastRespects,WaveCrash,AquaJet|Jolly||M|||50|
|inactive|Battle timer is ON: inactive players will automatically lose when time's up. (requested by lolgz)
|inactive|lolgz has 60 seconds left.
|
|t:|1783511065
|teamsize|p1|4
|teamsize|p2|4
|start
|switch|p1a: Vivillon|Vivillon, L50, F|100/100
|switch|p1b: Scrafty|Scrafty, L50, M|100/100
|switch|p2a: Sneasler|Sneasler, L50, F|100/100
|switch|p2b: Charizard|Charizard, L50, M|100/100
|-ability|p1b: Scrafty|Intimidate|boost
|-unboost|p2a: Sneasler|atk|1
|-unboost|p2b: Charizard|atk|1
|turn|1
|
|t:|1783511082
|detailschange|p2b: Charizard|Charizard-Mega-X, L50, M
|-mega|p2b: Charizard|Charizard|Charizardite X
|detailschange|p1b: Scrafty|Scrafty-Mega, L50, M
|-mega|p1b: Scrafty|Scrafty|Scraftinite
|-ability|p1b: Scrafty|Intimidate|boost
|-unboost|p2a: Sneasler|atk|1
|-unboost|p2b: Charizard|atk|1
|move|p1a: Vivillon|Sleep Powder|p2b: Charizard
|-status|p2b: Charizard|slp|[from] move: Sleep Powder
|move|p2a: Sneasler|Coaching|p2b: Charizard
|-boost|p2b: Charizard|atk|1
|-boost|p2b: Charizard|def|1
|cant|p2b: Charizard|slp
|move|p1b: Scrafty|Dragon Dance|p1b: Scrafty
|-boost|p1b: Scrafty|atk|1
|-boost|p1b: Scrafty|spe|1
|
|upkeep
|turn|2
|
|t:|1783511098
|move|p1a: Vivillon|Sleep Powder|p2a: Sneasler
|-status|p2a: Sneasler|slp|[from] move: Sleep Powder
|move|p1b: Scrafty|Dragon Dance|p1b: Scrafty
|-boost|p1b: Scrafty|atk|1
|-boost|p1b: Scrafty|spe|1
|cant|p2a: Sneasler|slp
|-curestatus|p2b: Charizard|slp|[msg]
|move|p2b: Charizard|Dragon Dance|p2b: Charizard
|-boost|p2b: Charizard|atk|1
|-boost|p2b: Charizard|spe|1
|
|upkeep
|turn|3
|
|t:|1783511110
|move|p2b: Charizard|Protect|p2b: Charizard
|-singleturn|p2b: Charizard|Protect
|move|p1b: Scrafty|Drain Punch|p2b: Charizard
|-activate|p2b: Charizard|move: Protect
|move|p1a: Vivillon|Sleep Powder|p2b: Charizard
|-activate|p2b: Charizard|move: Protect
|cant|p2a: Sneasler|slp
|
|upkeep
|turn|4
|inactive|Kinyachta has 30 seconds left.
|
|t:|1783511136
|switch|p1a: Incineroar|Incineroar, L50, F|100/100
|-ability|p1a: Incineroar|Intimidate|boost
|-unboost|p2a: Sneasler|atk|1
|-unboost|p2b: Charizard|atk|1
|move|p1b: Scrafty|Knock Off|p2a: Sneasler
|-resisted|p2a: Sneasler|1
|-damage|p2a: Sneasler|29/100 slp
|-enditem|p2a: Sneasler|Focus Sash|[from] move: Knock Off|[of] p1b: Scrafty
|-curestatus|p2a: Sneasler|slp|[msg]
|move|p2a: Sneasler|Coaching|p2b: Charizard
|-boost|p2b: Charizard|atk|1
|-boost|p2b: Charizard|def|1
|move|p2b: Charizard|Dragon Claw|p1a: Incineroar
|-damage|p1a: Incineroar|51/100
|
|upkeep
|turn|5
|
|t:|1783511154
|move|p2a: Sneasler|Protect|p2a: Sneasler
|-singleturn|p2a: Sneasler|Protect
|move|p2b: Charizard|Protect|p2b: Charizard
|-singleturn|p2b: Charizard|Protect
|move|p1a: Incineroar|Fake Out|p2a: Sneasler
|-activate|p2a: Sneasler|move: Protect
|move|p1b: Scrafty|Drain Punch|p2b: Charizard
|-activate|p2b: Charizard|move: Protect
|
|upkeep
|turn|6
|
|t:|1783511165
|move|p2a: Sneasler|Coaching|p2b: Charizard
|-boost|p2b: Charizard|atk|1
|-boost|p2b: Charizard|def|1
|move|p1b: Scrafty|Drain Punch|p2b: Charizard
|-damage|p2b: Charizard|75/100
|move|p2b: Charizard|Dragon Dance|p2b: Charizard
|-boost|p2b: Charizard|atk|1
|-boost|p2b: Charizard|spe|1
|move|p1a: Incineroar|Parting Shot|p2b: Charizard
|-unboost|p2b: Charizard|atk|1
|-unboost|p2b: Charizard|spa|1
|
|t:|1783511172
|switch|p1a: Vivillon|Vivillon, L50, F|100/100|[from] Parting Shot
|
|upkeep
|turn|7
|
|t:|1783511182
|move|p2a: Sneasler|Coaching|p2b: Charizard
|-boost|p2b: Charizard|atk|1
|-boost|p2b: Charizard|def|1
|move|p2b: Charizard|Dragon Claw|p1a: Vivillon
|-damage|p1a: Vivillon|0 fnt
|faint|p1a: Vivillon
|move|p1b: Scrafty|Dragon Dance|p1b: Scrafty
|-boost|p1b: Scrafty|atk|1
|-boost|p1b: Scrafty|spe|1
|
|upkeep
|
|t:|1783511186
|switch|p1a: Incineroar|Incineroar, L50, F|51/100
|-ability|p1a: Incineroar|Intimidate|boost
|-unboost|p2a: Sneasler|atk|1
|-unboost|p2b: Charizard|atk|1
|turn|8
|
|t:|1783511195
|move|p1a: Incineroar|Fake Out|p2b: Charizard
|-damage|p2b: Charizard|71/100
|move|p2a: Sneasler|Coaching|p2b: Charizard
|-boost|p2b: Charizard|atk|1
|-boost|p2b: Charizard|def|1
|move|p1b: Scrafty|Drain Punch|p2b: Charizard
|-damage|p2b: Charizard|47/100
|cant|p2b: Charizard|flinch
|
|upkeep
|turn|9
|
|t:|1783511211
|move|p2a: Sneasler|Coaching|p2b: Charizard
|-boost|p2b: Charizard|atk|1
|-boost|p2b: Charizard|def|1
|move|p1b: Scrafty|Drain Punch|p2b: Charizard
|-damage|p2b: Charizard|28/100
|move|p2b: Charizard|Dragon Claw|p1a: Incineroar
|-damage|p1a: Incineroar|0 fnt
|faint|p1a: Incineroar
|
|upkeep
|
|t:|1783511217
|switch|p1a: Kingambit|Kingambit, L50, F|100/100
|turn|10
|
|t:|1783511239
|move|p2b: Charizard|Protect|p2b: Charizard
|-singleturn|p2b: Charizard|Protect
|move|p1a: Kingambit|Protect|p1a: Kingambit
|-singleturn|p1a: Kingambit|Protect
|move|p2a: Sneasler|Close Combat|p1a: Kingambit
|-activate|p1a: Kingambit|move: Protect
|move|p1b: Scrafty|Drain Punch|p2b: Charizard
|-activate|p2b: Charizard|move: Protect
|
|upkeep
|turn|11
|inactive|Kinyachta has 30 seconds left.
|
|t:|1783511273
|switch|p2a: Garchomp|Garchomp, L50, M|100/100
|move|p1a: Kingambit|Sucker Punch||[still]
|-fail|p1a: Kingambit
|move|p1b: Scrafty|Drain Punch|p2b: Charizard
|-damage|p2b: Charizard|7/100
|move|p2b: Charizard|Dragon Claw|p1b: Scrafty
|-damage|p1b: Scrafty|0 fnt
|faint|p1b: Scrafty
|
|upkeep
|turn|12
|-message|lolgz forfeited.
|raw|lolgz's rating: 1111 → 1083(-28 for losing)
|raw|Kinyachta's rating: 1074 → 1106(+32 for winning)
|
|win|Kinyachta
