|j|☆darkocin
|j|☆Zero_blazeVGC
|html|darkocinZero_blazeVGC    
|uhtml|bestof|Game 2 of a best-of-3
|t:|1756557887
|gametype|doubles
|player|p1|darkocin|1|1163
|player|p2|Zero_blazeVGC|alder|1185
|gen|9
|tier|[Gen 9] VGC 2025 Reg H (Bo3)
|rated|
|rule|Species Clause: Limit one of each Pokémon
|rule|Item Clause: Limit 1 of each item
|clearpoke
|poke|p1|Talonflame, L50, M|
|poke|p1|Gholdengo, L50|
|poke|p1|Dragonite, L50, F|
|poke|p1|Ursaluna-Bloodmoon, L50, M|
|poke|p1|Electabuzz, L50, M|
|poke|p1|Sinistcha, L50|
|poke|p2|Rillaboom, L50, M|
|poke|p2|Dragonite, L50, M|
|poke|p2|Sneasler, L50, F|
|poke|p2|Ninetales-Alola, L50, M|
|poke|p2|Kingambit, L50, F|
|poke|p2|Magmar, L50, M|
|teampreview|4
|showteam|p1|Talonflame||CovertCloak|GaleWings|DualWingbeat,FlareBlitz,WillOWisp,Tailwind|||M|||50|,,,,,Stellar]Gholdengo||MetalCoat|GoodasGold|MakeItRain,ShadowBall,NastyPlot,Protect||||||50|,,,,,Water]Dragonite||LoadedDice|Multiscale|ScaleShot,Tailwind,Haze,Protect|||F|||50|,,,,,Fairy]Ursaluna-Bloodmoon||LifeOrb|MindsEye|BloodMoon,HyperVoice,EarthPower,Protect|||M|||50|,,,,,Normal]Electabuzz||Eviolite|VitalSpirit|Electroweb,FollowMe,Taunt,Protect|||M|||50|,,,,,Ghost]Sinistcha||SitrusBerry|Hospitality|MatchaGotcha,RagePowder,StrengthSap,TrickRoom||||||50|,,,,,Water
|showteam|p2|Rillaboom||AssaultVest|GrassySurge|WoodHammer,GrassyGlide,HighHorsepower,FakeOut|||M|||50|,,,,,Fire]Dragonite||LoadedDice|Multiscale|Protect,ScaleShot,LowKick,Haze|||M|||50|,,,,,Fairy]Sneasler||WhiteHerb|Unburden|Protect,DireClaw,CloseCombat,Coaching|||F|||50|,,,,,Ghost]Ninetales-Alola||ChoiceSpecs|SnowWarning|Blizzard,IcyWind,Moonblast,FreezeDry|||M|||50|,,,,,Ghost]Kingambit||SafetyGoggles|Defiant|Protect,KowtowCleave,SuckerPunch,SwordsDance|||F|||50|,,,,,Dark]Magmar||Eviolite|VitalSpirit|Protect,FollowMe,Overheat,WillOWisp|||M|||50|,,,,,Dragon
|inactive|Battle timer is ON: inactive players will automatically lose when time's up. (requested by Zero_blazeVGC)
|inactive|darkocin has 60 seconds left.
|
|t:|1756557926
|teamsize|p1|4
|teamsize|p2|4
|start
|switch|p1a: Talonflame|Talonflame, L50, M|100/100
|switch|p1b: Ursaluna|Ursaluna-Bloodmoon, L50, M|100/100
|switch|p2a: Monke|Rillaboom, L50, M, shiny|100/100
|switch|p2b: 90% = 50%|Dragonite, L50, M, shiny|100/100
|-fieldstart|move: Grassy Terrain|[from] ability: Grassy Surge|[of] p2a: Monke
|turn|1
|
|t:|1756557949
|switch|p1b: Gholdengo|Gholdengo, L50|100/100
|move|p2a: Monke|Fake Out|p1b: Gholdengo
|-immune|p1b: Gholdengo
|move|p1a: Talonflame|Will-O-Wisp|p2b: 90% = 50%
|-status|p2b: 90% = 50%|brn
|move|p2b: 90% = 50%|Scale Shot|p1a: Talonflame
|-damage|p1a: Talonflame|89/100
|-damage|p1a: Talonflame|77/100
|-damage|p1a: Talonflame|66/100
|-damage|p1a: Talonflame|54/100
|-hitcount|p1a: Talonflame|4
|-unboost|p2b: 90% = 50%|def|1
|-boost|p2b: 90% = 50%|spe|1
|
|-damage|p2b: 90% = 50%|95/100 brn|[from] brn
|upkeep
|turn|2
|inactive|darkocin has 30 seconds left.
|inactive|darkocin has 20 seconds left.
|inactive|darkocin has 15 seconds left.
|inactive|Zero_blazeVGC has 30 seconds left.
|
|t:|1756557991
|switch|p1b: Dragonite|Dragonite, L50, F|100/100
|move|p2a: Monke|Grassy Glide|p1a: Talonflame
|-resisted|p1a: Talonflame
|-damage|p1a: Talonflame|39/100
|move|p2b: 90% = 50%|Scale Shot|p1a: Talonflame
|-damage|p1a: Talonflame|29/100
|-damage|p1a: Talonflame|17/100
|-damage|p1a: Talonflame|6/100
|-damage|p1a: Talonflame|0 fnt
|faint|p1a: Talonflame
|-hitcount|p1: Talonflame|4
|-unboost|p2b: 90% = 50%|def|1
|-boost|p2b: 90% = 50%|spe|1
|
|-damage|p2b: 90% = 50%|89/100 brn|[from] brn
|upkeep
|
|t:|1756558008
|switch|p1a: Ursaluna|Ursaluna-Bloodmoon, L50, M|100/100
|turn|3
|
|t:|1756558032
|-terastallize|p1b: Dragonite|Fairy
|move|p1a: Ursaluna|Protect|p1a: Ursaluna
|-singleturn|p1a: Ursaluna|Protect
|move|p2b: 90% = 50%|Low Kick|p1a: Ursaluna
|-activate|p1a: Ursaluna|move: Protect
|move|p1b: Dragonite|Scale Shot|p2a: Monke
|-damage|p2a: Monke|86/100
|-damage|p2a: Monke|72/100
|-damage|p2a: Monke|58/100
|-damage|p2a: Monke|43/100
|-hitcount|p2a: Monke|4
|-unboost|p1b: Dragonite|def|1
|-boost|p1b: Dragonite|spe|1
|move|p2a: Monke|Wood Hammer|p1a: Ursaluna
|-activate|p1a: Ursaluna|move: Protect
|
|-heal|p2a: Monke|49/100|[from] Grassy Terrain
|-damage|p2b: 90% = 50%|83/100 brn|[from] brn
|upkeep
|turn|4
|inactive|darkocin has 30 seconds left.
|
|t:|1756558064
|switch|p1a: Gholdengo|Gholdengo, L50|100/100
|move|p2a: Monke|Grassy Glide|p1a: Gholdengo
|-resisted|p1a: Gholdengo
|-damage|p1a: Gholdengo|81/100
|move|p2b: 90% = 50%|Low Kick|p1a: Gholdengo
|-immune|p1a: Gholdengo
|move|p1b: Dragonite|Scale Shot|p2a: Monke
|-damage|p2a: Monke|33/100
|-damage|p2a: Monke|20/100
|-damage|p2a: Monke|4/100
|-damage|p2a: Monke|0 fnt
|faint|p2a: Monke
|-hitcount|p2: Monke|4
|-unboost|p1b: Dragonite|def|1
|-boost|p1b: Dragonite|spe|1
|
|-heal|p1a: Gholdengo|87/100|[from] Grassy Terrain
|-damage|p2b: 90% = 50%|77/100 brn|[from] brn
|upkeep
|
|t:|1756558081
|switch|p2a: Kingambling|Kingambit, L50, F, shiny|100/100
|turn|5
|
|t:|1756558101
|move|p1a: Gholdengo|Protect|p1a: Gholdengo
|-singleturn|p1a: Gholdengo|Protect
|move|p2b: 90% = 50%|Low Kick|p1b: Dragonite
|-resisted|p1b: Dragonite
|-damage|p1b: Dragonite|89/100
|move|p1b: Dragonite|Scale Shot|p2b: 90% = 50%
|-supereffective|p2b: 90% = 50%
|-damage|p2b: 90% = 50%|5/100 brn
|-supereffective|p2b: 90% = 50%
|-damage|p2b: 90% = 50%|0 fnt
|faint|p2b: 90% = 50%
|-hitcount|p2: 90% = 50%|2
|-unboost|p1b: Dragonite|def|1
|-boost|p1b: Dragonite|spe|1
|move|p2a: Kingambling|Kowtow Cleave|p1a: Gholdengo
|-activate|p1a: Gholdengo|move: Protect
|
|-heal|p1b: Dragonite|95/100|[from] Grassy Terrain
|-heal|p1a: Gholdengo|93/100|[from] Grassy Terrain
|-fieldend|move: Grassy Terrain
|upkeep
|
|t:|1756558109
|switch|p2b: Noah's BFF|Sneasler, L50, F, shiny|100/100
|turn|6
|inactive|darkocin has 30 seconds left.
|inactive|Zero_blazeVGC has 30 seconds left.
|
|t:|1756558139
|move|p2a: Kingambling|Sucker Punch||[still]
|-fail|p2a: Kingambling
|move|p1b: Dragonite|Tailwind|p1b: Dragonite
|-sidestart|p1: darkocin|move: Tailwind
|move|p1a: Gholdengo|Shadow Ball|p2b: Noah's BFF
|-damage|p2b: Noah's BFF|43/100
|-unboost|p2b: Noah's BFF|spd|1
|-enditem|p2b: Noah's BFF|White Herb
|-clearnegativeboost|p2b: Noah's BFF|[silent]
|move|p2b: Noah's BFF|Dire Claw|p1b: Dragonite
|-supereffective|p1b: Dragonite
|-damage|p1b: Dragonite|0 fnt
|faint|p1b: Dragonite
|
|upkeep
|
|t:|1756558151
|switch|p1b: Ursaluna|Ursaluna-Bloodmoon, L50, M|100/100
|turn|7
|
|t:|1756558175
|-terastallize|p2a: Kingambling|Dark
|move|p2a: Kingambling|Sucker Punch|p1a: Gholdengo
|-supereffective|p1a: Gholdengo
|-damage|p1a: Gholdengo|0 fnt
|faint|p1a: Gholdengo
|move|p2b: Noah's BFF|Close Combat|p1b: Ursaluna
|-supereffective|p1b: Ursaluna
|-damage|p1b: Ursaluna|14/100
|-unboost|p2b: Noah's BFF|def|1
|-unboost|p2b: Noah's BFF|spd|1
|move|p1b: Ursaluna|Earth Power|p2a: Kingambling
|-damage|p2a: Kingambling|34/100
|-damage|p1b: Ursaluna|4/100|[from] item: Life Orb
|
|upkeep
|turn|8
|-message|darkocin forfeited.
|
|win|Zero_blazeVGC
||darkocin is ready for game 3.
|inactive|Zero_blazeVGC has 30 seconds to confirm battle start!
|inactive|Zero_blazeVGC has 20 seconds to confirm battle start!
||Zero_blazeVGC is ready for game 3.
|uhtml|next|Next: Game 3 of 3
|l|☆darkocin
|player|p1|
