|j|☆lanagram
|j|☆palle synchro
|html|lanagrampalle synchro    
|uhtml|bestof|Game 3 of a best-of-3
|t:|1783374627
|gametype|doubles
|player|p1|lanagram|169|1133
|player|p2|palle synchro|volkner|1170
|gen|9
|tier|[Gen 9 Champions] VGC 2026 Reg M-B (Bo3)
|rated|
|rule|Species Clause: Limit one of each Pokémon
|rule|Item Clause: Limit 1 of each item
|clearpoke
|poke|p1|Incineroar, L50, F|
|poke|p1|Basculegion, L50, M|
|poke|p1|Venusaur, L50, F|
|poke|p1|Gholdengo, L50|
|poke|p1|Staraptor, L50, M|
|poke|p1|Dedenne, L50, M|
|poke|p2|Swampert, L50, F|
|poke|p2|Pelipper, L50, M|
|poke|p2|Archaludon, L50, F|
|poke|p2|Venusaur, L50, M|
|poke|p2|Maushold-Four, L50|
|poke|p2|Gholdengo, L50|
|teampreview|4
|showteam|p1|Incineroar||SitrusBerry|Intimidate|FlareBlitz,DarkestLariat,PartingShot,FakeOut|Adamant||F|||50|]Basculegion||ChoiceScarf|SwiftSwim|LastRespects,FlipTurn,WaveCrash,AquaJet|Jolly||M|||50|]Venusaur||Venusaurite|Chlorophyll|SludgeBomb,EarthPower,SleepPowder,Protect|Modest||F|||50|]Gholdengo||LifeOrb|GoodasGold|MakeItRain,ShadowBall,NastyPlot,Protect|Timid|||||50|]Staraptor||Staraptite|Intimidate|CloseCombat,BraveBird,Tailwind,Roost|Jolly||M|||50|]Dedenne||FocusSash|Pickup|DazzlingGleam,Nuzzle,Charm,Electroweb|Timid||M|||50|
|showteam|p2|Swampert||Swampertite|Torrent|WaveCrash,HighHorsepower,IcePunch,Protect|Adamant||F|||50|]Pelipper||SitrusBerry|Drizzle|WeatherBall,Hurricane,Tailwind,WideGuard|Modest||M|||50|]Archaludon||Leftovers|Stamina|ElectroShot,DragonPulse,FlashCannon,Protect|Calm||F|||50|]Venusaur||Venusaurite|Chlorophyll|GigaDrain,EarthPower,SludgeBomb,Protect|Modest||M|||50|]Maushold-Four||FocusSash|FriendGuard|FollowMe,SuperFang,RainDance,Protect|Timid|||||50|]Gholdengo||LifeOrb|GoodasGold|MakeItRain,ShadowBall,NastyPlot,Protect|Modest|||||50|
|inactive|Battle timer is ON: inactive players will automatically lose when time's up. (requested by palle synchro)
|inactive|lanagram has 60 seconds left.
|inactive|lanagram has 30 seconds left.
|c|☆palle synchro|daiiiiiiiiiiiisssssssss
|inactive|lanagram has 20 seconds left.
|inactive|lanagram has 15 seconds left.
|inactive|lanagram has 10 seconds left.
|inactive|lanagram has 5 seconds left.
|
|t:|1783374746
|teamsize|p1|4
|teamsize|p2|4
|start
|switch|p1a: Staraptor|Staraptor, L50, M|100/100
|switch|p1b: Incineroar|Incineroar, L50, F|100/100
|switch|p2a: Gold&go|Gholdengo, L50|100/100
|switch|p2b: Maushold|Maushold-Four, L50|100/100
|-ability|p1a: Staraptor|Intimidate|boost
|-unboost|p2a: Gold&go|atk|1
|-unboost|p2b: Maushold|atk|1
|-ability|p1b: Incineroar|Intimidate|boost
|-unboost|p2a: Gold&go|atk|1
|-unboost|p2b: Maushold|atk|1
|turn|1
|
|t:|1783374755
|detailschange|p1a: Staraptor|Staraptor-Mega, L50, M
|-mega|p1a: Staraptor|Staraptor|Staraptite
|move|p2b: Maushold|Protect|p2b: Maushold
|-singleturn|p2b: Maushold|Protect
|move|p1a: Staraptor|Tailwind|p1a: Staraptor
|-sidestart|p1: lanagram|move: Tailwind
|move|p1b: Incineroar|Parting Shot|p1a: Staraptor
|-boost|p1a: Staraptor|atk|1
|-boost|p1a: Staraptor|spa|1
|
|t:|1783374778
|switch|p1b: Basculegion|Basculegion, L50, M|100/100|[from] Parting Shot
|move|p2a: Gold&go|Nasty Plot|p2a: Gold&go
|-boost|p2a: Gold&go|spa|2
|
|upkeep
|turn|2
|
|t:|1783374799
|move|p1b: Basculegion|Flip Turn|p2a: Gold&go
|-damage|p2a: Gold&go|77/100
|
|t:|1783374805
|switch|p1b: Incineroar|Incineroar, L50, F|100/100|[from] Flip Turn
|-ability|p1b: Incineroar|Intimidate|boost
|-unboost|p2a: Gold&go|atk|1
|-unboost|p2b: Maushold|atk|1
|move|p1a: Staraptor|Close Combat|p2b: Maushold
|-supereffective|p2b: Maushold|1
|-enditem|p2b: Maushold|Focus Sash
|-damage|p2b: Maushold|1/100
|-boost|p1a: Staraptor|def|1
|-boost|p1a: Staraptor|spd|1
|move|p2b: Maushold|Super Fang|p1a: Staraptor
|-damage|p1a: Staraptor|50/100y
|move|p2a: Gold&go|Shadow Ball|p1a: Staraptor
|-damage|p1a: Staraptor|0 fnt
|faint|p1a: Staraptor
|-damage|p2a: Gold&go|68/100|[from] item: Life Orb
|
|upkeep
|
|t:|1783374814
|switch|p1a: Basculegion|Basculegion, L50, M|100/100
|turn|3
|inactive|palle synchro has 30 seconds left.
|
|t:|1783374845
|move|p2b: Maushold|Protect|p2b: Maushold
|-singleturn|p2b: Maushold|Protect
|move|p2a: Gold&go|Protect|p2a: Gold&go
|-singleturn|p2a: Gold&go|Protect
|move|p1a: Basculegion|Flip Turn|p2b: Maushold
|-activate|p2b: Maushold|move: Protect
|move|p1b: Incineroar|Darkest Lariat|p2a: Gold&go
|-activate|p2a: Gold&go|move: Protect
|
|upkeep
|turn|4
|inactive|palle synchro has 30 seconds left.
|inactive|palle synchro has 20 seconds left.
|inactive|palle synchro has 15 seconds left.
|
|t:|1783374890
|switch|p2b: Pelipper|Pelipper, L50, M|100/100
|-weather|RainDance|[from] ability: Drizzle|[of] p2b: Pelipper
|switch|p2a: Swampert|Swampert, L50, F|100/100
|move|p1a: Basculegion|Flip Turn|p2b: Pelipper
|-resisted|p2b: Pelipper|1
|-damage|p2b: Pelipper|77/100
|
|t:|1783374900
|switch|p1a: Venusaur|Venusaur, L50, F|100/100|[from] Flip Turn
|move|p1b: Incineroar|Darkest Lariat|p2a: Swampert
|-damage|p2a: Swampert|57/100
|
|-weather|RainDance|[upkeep]
|-sideend|p1: lanagram|move: Tailwind
|upkeep
|turn|5
|inactive|palle synchro has 30 seconds left.
|inactive|palle synchro has 20 seconds left.
|inactive|palle synchro has 15 seconds left.
|
|t:|1783374945
|switch|p1b: Basculegion|Basculegion, L50, M|100/100
|detailschange|p2a: Swampert|Swampert-Mega, L50, F
|-mega|p2a: Swampert|Swampert|Swampertite
|move|p2a: Swampert|Wave Crash|p1b: Basculegion
|-resisted|p1b: Basculegion|1
|-damage|p1b: Basculegion|32/100
|-damage|p2a: Swampert|33/100|[from] Recoil
|move|p1a: Venusaur|Sleep Powder|p2b: Pelipper
|-status|p2b: Pelipper|slp|[from] move: Sleep Powder
|cant|p2b: Pelipper|slp
|
|-weather|RainDance|[upkeep]
|upkeep
|turn|6
|inactive|lanagram has 30 seconds left.
|inactive|palle synchro has 30 seconds left.
|inactive|palle synchro has 20 seconds left.
|inactive|palle synchro has 15 seconds left.
|
|t:|1783374998
|move|p2a: Swampert|Protect|p2a: Swampert
|-singleturn|p2a: Swampert|Protect
|move|p1b: Basculegion|Last Respects|p2a: Swampert
|-activate|p2a: Swampert|move: Protect
|move|p1a: Venusaur|Sludge Bomb|p2b: Pelipper
|-damage|p2b: Pelipper|26/100 slp
|-enditem|p2b: Pelipper|Sitrus Berry|[eat]
|-heal|p2b: Pelipper|51/100 slp|[from] item: Sitrus Berry
|-curestatus|p2b: Pelipper|slp|[msg]
|move|p2b: Pelipper|Tailwind|p2b: Pelipper
|-sidestart|p2: palle synchro|move: Tailwind
|
|-weather|RainDance|[upkeep]
|upkeep
|turn|7
|
|t:|1783375017
|switch|p1b: Incineroar|Incineroar, L50, F|100/100
|-ability|p1b: Incineroar|Intimidate|boost
|-unboost|p2a: Swampert|atk|1
|-unboost|p2b: Pelipper|atk|1
|move|p1a: Venusaur|Protect|p1a: Venusaur
|-singleturn|p1a: Venusaur|Protect
|move|p2a: Swampert|Wave Crash|p1b: Incineroar
|-supereffective|p1b: Incineroar|1
|-damage|p1b: Incineroar|0 fnt
|faint|p1b: Incineroar
|-damage|p2a: Swampert|0 fnt|[from] Recoil
|faint|p2a: Swampert
|move|p2b: Pelipper|Hurricane|p1a: Venusaur
|-activate|p1a: Venusaur|move: Protect
|
|-weather|RainDance|[upkeep]
|upkeep
|
|t:|1783375035
|switch|p2a: Gold&go|Gholdengo, L50|68/100
|switch|p1b: Basculegion|Basculegion, L50, M|32/100
|turn|8
|
|t:|1783375054
|switch|p2b: Maushold|Maushold-Four, L50|1/100
|move|p2a: Gold&go|Protect|p2a: Gold&go
|-singleturn|p2a: Gold&go|Protect
|move|p1b: Basculegion|Last Respects|p2b: Maushold
|-immune|p2b: Maushold
|move|p1a: Venusaur|Earth Power|p2a: Gold&go
|-activate|p2a: Gold&go|move: Protect
|
|-weather|none
|upkeep
|turn|9
|
|t:|1783375068
|move|p2b: Maushold|Follow Me|p2b: Maushold
|-singleturn|p2b: Maushold|move: Follow Me
|move|p2a: Gold&go|Shadow Ball|p1b: Basculegion
|-supereffective|p1b: Basculegion|1
|-damage|p1b: Basculegion|0 fnt
|faint|p1b: Basculegion
|-damage|p2a: Gold&go|58/100|[from] item: Life Orb
|move|p1a: Venusaur|Earth Power|p2b: Maushold
|-damage|p2b: Maushold|0 fnt
|faint|p2b: Maushold
|
|-sideend|p2: palle synchro|move: Tailwind
|upkeep
|
|t:|1783375070
|switch|p2b: Pelipper|Pelipper, L50, M|51/100
|-weather|RainDance|[from] ability: Drizzle|[of] p2b: Pelipper
|turn|10
|
|t:|1783375084
|move|p2a: Gold&go|Shadow Ball|p1a: Venusaur
|-damage|p1a: Venusaur|44/100
|-damage|p2a: Gold&go|49/100|[from] item: Life Orb
|move|p1a: Venusaur|Sludge Bomb|p2b: Pelipper
|-damage|p2b: Pelipper|2/100
|move|p2b: Pelipper|Hurricane|p1a: Venusaur
|-supereffective|p1a: Venusaur|1
|-damage|p1a: Venusaur|0 fnt
|faint|p1a: Venusaur
|
|win|palle synchro
|raw|lanagram's rating: 1133 → 1111(-22 for losing)
|raw|palle synchro's rating: 1170 → 1192(+22 for winning)
