|j|☆lateralvs
|j|☆Harry Koekenpan
|html|lateralvsHarry Koekenpan    
|uhtml|bestof|Game 1 of a best-of-3
|t:|1756314159
|gametype|doubles
|player|p1|lateralvs|102|
|player|p2|Harry Koekenpan|1|
|gen|9
|tier|[Gen 9] VGC 2025 Reg H (Bo3)
|rule|Species Clause: Limit one of each Pokémon
|rule|Item Clause: Limit 1 of each item
|clearpoke
|poke|p1|Ursaluna, L50, M|
|poke|p1|Gholdengo, L50|
|poke|p1|Porygon2, L50|
|poke|p1|Amoonguss, L50, M|
|poke|p1|Incineroar, L50, M|
|poke|p1|Hydreigon, L50, F|
|poke|p2|Toedscruel, L50, F|
|poke|p2|Weezing-Galar, L50, F|
|poke|p2|Garchomp, L50, F|
|poke|p2|Kilowattrel, L50, M|
|poke|p2|Typhlosion-Hisui, L50, M|
|poke|p2|Conkeldurr, L50, M|
|teampreview|4
|showteam|p1|Ursaluna||FlameOrb|Guts|Facade,Earthquake,HeadlongRush,Protect|||M|||50|,,,,,Fairy]Gholdengo||MetalCoat|GoodasGold|MakeItRain,ShadowBall,NastyPlot,Protect||||||50|,,,,,Flying]Porygon2||Eviolite|Download|TeraBlast,IceBeam,TrickRoom,Recover||||||50|,,,,,Fighting]Amoonguss||CovertCloak|Regenerator|PollenPuff,Spore,RagePowder,Protect|||M|||50|,,,,,Fire]Incineroar||SitrusBerry|Intimidate|FlareBlitz,KnockOff,PartingShot,FakeOut|||M|||50|,,,,,Grass]Hydreigon||SafetyGoggles|Levitate|DracoMeteor,Snarl,Tailwind,Protect|||F|||50|,,,,,Ghost
|showteam|p2|Toedscruel||CovertCloak|MyceliumMight|Spore,RagePowder,AcidSpray,EarthPower|||F|||50|,,,,,Water]Weezing-Galar||ChoiceSpecs|NeutralizingGas|DazzlingGleam,SludgeBomb,StrangeSteam,TeraBlast|||F|||50|,,,,,Water]Garchomp||LifeOrb|RoughSkin|Protect,Earthquake,DragonClaw,StompingTantrum|||F|||50|,,,,,Ground]Kilowattrel||FocusSash|Competitive|Discharge,AirSlash,Tailwind,Protect|||M|||50|,,,,,Ghost]Typhlosion-Hisui||ChoiceScarf|Blaze|Eruption,HeatWave,ShadowBall,SleepTalk|||M|||50|,,,,,Fire]Conkeldurr||AssaultVest|IronFist|MachPunch,DrainPunch,KnockOff,IcePunch|||M|||50|,,,,,Flying
|inactive|Battle timer is ON: inactive players will automatically lose when time's up. (requested by Harry Koekenpan)
|c|☆Harry Koekenpan|Glhf
|c|☆lateralvs|glhf!
|inactive|lateralvs has 60 seconds left.
|inactive|Harry Koekenpan has 60 seconds left.
|inactive|lateralvs has 30 seconds left.
|inactive|lateralvs has 20 seconds left.
|
|t:|1756314237
|teamsize|p1|4
|teamsize|p2|4
|start
|switch|p1a: Porygon2|Porygon2, L50|100/100
|switch|p1b: Incineroar|Incineroar, L50, M|100/100
|switch|p2a: Weezing|Weezing-Galar, L50, F|100/100
|switch|p2b: Typhlosion|Typhlosion-Hisui, L50, M|100/100
|-ability|p2a: Weezing|Neutralizing Gas
|turn|1
|inactive|lateralvs has 30 seconds left.
|inactive|lateralvs has 20 seconds left.
|
|t:|1756314276
|switch|p2b: Conkeldurr|Conkeldurr, L50, M|100/100
|move|p1b: Incineroar|Parting Shot|p2b: Conkeldurr
|-unboost|p2b: Conkeldurr|atk|1
|-unboost|p2b: Conkeldurr|spa|1
|
|t:|1756314285
|switch|p1b: Ursaluna|Ursaluna, L50, M|100/100|[from] Parting Shot
|move|p2a: Weezing|Dazzling Gleam|p1b: Ursaluna|[spread] p1a,p1b
|-damage|p1a: Porygon2|79/100
|-damage|p1b: Ursaluna|72/100
|move|p1a: Porygon2|Trick Room|p1a: Porygon2
|-fieldstart|move: Trick Room|[of] p1a: Porygon2
|
|-status|p1b: Ursaluna|brn|[from] item: Flame Orb
|upkeep
|turn|2
|inactive|lateralvs has 30 seconds left.
|
|t:|1756314316
|-terastallize|p1b: Ursaluna|Fairy
|-terastallize|p2a: Weezing|Water
|move|p1b: Ursaluna|Facade|p2b: Conkeldurr
|-damage|p2b: Conkeldurr|26/100
|move|p2b: Conkeldurr|Knock Off|p1a: Porygon2
|-damage|p1a: Porygon2|60/100
|-enditem|p1a: Porygon2|Eviolite|[from] move: Knock Off|[of] p2b: Conkeldurr
|move|p1a: Porygon2|Tera Blast|p2a: Weezing
|-damage|p2a: Weezing|53/100
|move|p2a: Weezing|Dazzling Gleam|p1b: Ursaluna|[spread] p1a,p1b
|-damage|p1a: Porygon2|32/100
|-damage|p1b: Ursaluna|44/100 brn
|
|-damage|p1b: Ursaluna|38/100 brn|[from] brn
|upkeep
|turn|3
|inactive|lateralvs has 30 seconds left.
|inactive|Harry Koekenpan has 30 seconds left.
|inactive|lateralvs has 20 seconds left.
|
|t:|1756314355
|switch|p1a: Incineroar|Incineroar, L50, M|100/100
|move|p2b: Conkeldurr|Mach Punch|p1a: Incineroar
|-supereffective|p1a: Incineroar
|-damage|p1a: Incineroar|66/100
|move|p1b: Ursaluna|Facade|p2a: Weezing
|-crit|p2a: Weezing
|-damage|p2a: Weezing|0 fnt
|faint|p2a: Weezing
|-end|p2a: Weezing|ability: Neutralizing Gas
|-ability|p1a: Incineroar|Intimidate|boost
|-unboost|p2b: Conkeldurr|atk|1
|
|-damage|p1b: Ursaluna|32/100 brn|[from] brn
|upkeep
|
|t:|1756314373
|switch|p2a: Garchomp|Garchomp, L50, F|100/100
|turn|4
|
|t:|1756314389
|move|p2a: Garchomp|Protect|p2a: Garchomp
|-singleturn|p2a: Garchomp|Protect
|move|p1a: Incineroar|Fake Out|p2a: Garchomp
|-activate|p2a: Garchomp|move: Protect
|move|p2b: Conkeldurr|Mach Punch|p1b: Ursaluna
|-resisted|p1b: Ursaluna
|-damage|p1b: Ursaluna|27/100 brn
|move|p1b: Ursaluna|Facade|p2b: Conkeldurr
|-damage|p2b: Conkeldurr|0 fnt
|faint|p2b: Conkeldurr
|
|-damage|p1b: Ursaluna|21/100 brn|[from] brn
|upkeep
|
|t:|1756314404
|switch|p2b: Typhlosion|Typhlosion-Hisui, L50, M|100/100
|turn|5
|
|t:|1756314415
|move|p1b: Ursaluna|Headlong Rush|p2b: Typhlosion
|-supereffective|p2b: Typhlosion
|-damage|p2b: Typhlosion|0 fnt
|-unboost|p1b: Ursaluna|def|1
|-unboost|p1b: Ursaluna|spd|1
|faint|p2b: Typhlosion
|move|p1a: Incineroar|Parting Shot|p2a: Garchomp
|-unboost|p2a: Garchomp|atk|1
|-unboost|p2a: Garchomp|spa|1
|
|t:|1756314425
|switch|p1a: Gholdengo|Gholdengo, L50|100/100|[from] Parting Shot
|move|p2a: Garchomp|Stomping Tantrum|p1a: Gholdengo
|-supereffective|p1a: Gholdengo
|-damage|p1a: Gholdengo|39/100
|-damage|p2a: Garchomp|91/100|[from] item: Life Orb
|
|-damage|p1b: Ursaluna|15/100 brn|[from] brn
|-fieldend|move: Trick Room
|upkeep
|turn|6
|
|t:|1756314441
|move|p2a: Garchomp|Earthquake|p1b: Ursaluna|[spread] p1a,p1b
|-supereffective|p1a: Gholdengo
|-damage|p1a: Gholdengo|0 fnt
|-damage|p1b: Ursaluna|0 fnt
|faint|p1a: Gholdengo
|faint|p1b: Ursaluna
|-damage|p2a: Garchomp|81/100|[from] item: Life Orb
|
|upkeep
|
|t:|1756314444
|switch|p1a: Porygon2|Porygon2, L50|32/100
|switch|p1b: Incineroar|Incineroar, L50, M|66/100
|-ability|p1b: Incineroar|Intimidate|boost
|-unboost|p2a: Garchomp|atk|1
|-ability|p1a: Porygon2|Download|boost
|-boost|p1a: Porygon2|spa|1
|turn|7
|
|t:|1756314459
|move|p1b: Incineroar|Fake Out|p2a: Garchomp
|-damage|p2a: Garchomp|69/100
|-damage|p1b: Incineroar|54/100|[from] ability: Rough Skin|[of] p2a: Garchomp
|cant|p2a: Garchomp|flinch
|move|p1a: Porygon2|Trick Room|p1a: Porygon2
|-fieldstart|move: Trick Room|[of] p1a: Porygon2
|
|upkeep
|turn|8
|
|t:|1756314468
|move|p1a: Porygon2|Ice Beam|p2a: Garchomp
|-supereffective|p2a: Garchomp
|-damage|p2a: Garchomp|0 fnt
|faint|p2a: Garchomp
|
|win|lateralvs
||lateralvs is ready for game 2.
||Harry Koekenpan is ready for game 2.
|uhtml|next|Next: Game 2 of 3
|l|☆Harry Koekenpan
|player|p2|
