|j|☆huhvin
|j|☆Backwards_Aerial
|html|huhvinBackwards_Aerial    
|uhtml|bestof|Game 1 of a best-of-3
|t:|1783276879
|gametype|doubles
|player|p1|huhvin|266|
|player|p2|Backwards_Aerial|palmer|
|gen|9
|tier|[Gen 9 Champions] VGC 2026 Reg M-B (Bo3)
|rule|Species Clause: Limit one of each Pokémon
|rule|Item Clause: Limit 1 of each item
|clearpoke
|poke|p1|Vileplume, L50, F|
|poke|p1|Incineroar, L50, M|
|poke|p1|Torkoal, L50, M|
|poke|p1|Scizor, L50, F|
|poke|p1|Typhlosion-Hisui, L50, F|
|poke|p1|Annihilape, L50, F|
|poke|p2|Swampert, L50, F|
|poke|p2|Noivern, L50, F|
|poke|p2|Sneasler, L50, F|
|poke|p2|Scrafty, L50, M|
|poke|p2|Politoed, L50, M|
|poke|p2|Staraptor, L50, F|
|teampreview|4
|showteam|p1|Vileplume||YacheBerry|Chlorophyll|StrengthSap,SolarBeam,SludgeWave,WeatherBall|Modest||F|||50|]Incineroar||Charcoal|Intimidate|FakeOut,PartingShot,Earthquake,BlazeKick|Adamant||M|||50|]Torkoal||HeatRock|Drought|Eruption,SolarBeam,HeatWave,Protect|Quiet||M|||50|]Scizor||Scizorite|Technician|BulletPunch,Tailwind,KnockOff,Uturn|Adamant||F|||50|]Typhlosion-Hisui||ChoiceScarf|Blaze|Eruption,InfernalParade,SolarBeam,ShadowBall|Timid||F|||50|]Annihilape||ChestoBerry|Defiant|RageFist,Rest,DrainPunch,BulkUp|Adamant||F|||50|
|showteam|p2|Swampert||Swampertite|Torrent|WaveCrash,Earthquake,FlipTurn,Protect|Adamant||F|||50|]Noivern||LifeOrb|Infiltrator|Hurricane,Tailwind,DracoMeteor,Protect|Modest||F|||50|]Sneasler||FocusSash|Unburden|DireClaw,FakeOut,CloseCombat,Coaching|Adamant||F|||50|]Scrafty||SitrusBerry|Intimidate|FakeOut,KnockOff,CloseCombat,Protect|Impish||M|||50|]Politoed||RindoBerry|Drizzle|WeatherBall,RainDance,Encore,Protect|Calm||M|||50|]Staraptor||ChoiceScarf|Intimidate|FinalGambit,DoubleEdge,BraveBird,Uturn|Adamant||F|||50|
|
|t:|1783276960
|teamsize|p1|4
|teamsize|p2|4
|start
|switch|p1a: Torkoal|Torkoal, L50, M|100/100
|switch|p1b: Typhlosion|Typhlosion-Hisui, L50, F|100/100
|switch|p2a: WolfeyVGCfromTemu|Scrafty, L50, M|100/100
|switch|p2b: echo gecho|Noivern, L50, F|100/100
|-ability|p2a: WolfeyVGCfromTemu|Intimidate|boost
|-unboost|p1a: Torkoal|atk|1
|-unboost|p1b: Typhlosion|atk|1
|-weather|SunnyDay|[from] ability: Drought|[of] p1a: Torkoal
|turn|1
|
|t:|1783276993
|switch|p1b: Incineroar|Incineroar, L50, M|100/100
|-ability|p1b: Incineroar|Intimidate|boost
|-unboost|p2a: WolfeyVGCfromTemu|atk|1
|-unboost|p2b: echo gecho|atk|1
|switch|p2b: Mr. Drizzle|Politoed, L50, M|100/100
|-weather|RainDance|[from] ability: Drizzle|[of] p2b: Mr. Drizzle
|move|p1a: Torkoal|Protect|p1a: Torkoal
|-singleturn|p1a: Torkoal|Protect
|move|p2a: WolfeyVGCfromTemu|Knock Off|p1b: Incineroar
|-resisted|p1b: Incineroar|1
|-damage|p1b: Incineroar|89/100
|-enditem|p1b: Incineroar|Charcoal|[from] move: Knock Off|[of] p2a: WolfeyVGCfromTemu
|
|-weather|RainDance|[upkeep]
|upkeep
|turn|2
|
|t:|1783277060
|switch|p1a: Annihilape|Annihilape, L50, F|100/100
|move|p2b: Mr. Drizzle|Protect|p2b: Mr. Drizzle
|-singleturn|p2b: Mr. Drizzle|Protect
|move|p1b: Incineroar|Fake Out|p2a: WolfeyVGCfromTemu
|-damage|p2a: WolfeyVGCfromTemu|89/100
|cant|p2a: WolfeyVGCfromTemu|flinch
|
|-weather|RainDance|[upkeep]
|upkeep
|turn|3
|
|t:|1783277078
|switch|p1b: Torkoal|Torkoal, L50, M|100/100
|-weather|SunnyDay|[from] ability: Drought|[of] p1b: Torkoal
|switch|p2a: echo gecho|Noivern, L50, F|100/100
|move|p1a: Annihilape|Bulk Up|p1a: Annihilape
|-boost|p1a: Annihilape|atk|1
|-boost|p1a: Annihilape|def|1
|move|p2b: Mr. Drizzle|Encore||[still]
|-fail|p2b: Mr. Drizzle
|
|-weather|SunnyDay|[upkeep]
|upkeep
|turn|4
|
|t:|1783277104
|move|p2a: echo gecho|Hurricane|p1a: Annihilape|[miss]
|-miss|p2a: echo gecho|p1a: Annihilape
|move|p1a: Annihilape|Rage Fist|p2a: echo gecho
|-damage|p2a: echo gecho|54/100
|move|p2b: Mr. Drizzle|Rain Dance|p2b: Mr. Drizzle
|-weather|RainDance
|move|p1b: Torkoal|Eruption|p2a: echo gecho|[spread] p2a,p2b
|-resisted|p2a: echo gecho|1
|-resisted|p2b: Mr. Drizzle|1
|-damage|p2a: echo gecho|40/100
|-damage|p2b: Mr. Drizzle|92/100
|
|-weather|RainDance|[upkeep]
|upkeep
|turn|5
|
|t:|1783277128
|move|p1b: Torkoal|Protect|p1b: Torkoal
|-singleturn|p1b: Torkoal|Protect
|move|p2a: echo gecho|Hurricane|p1a: Annihilape
|-supereffective|p1a: Annihilape|1
|-damage|p1a: Annihilape|0 fnt
|faint|p1a: Annihilape
|-damage|p2a: echo gecho|30/100|[from] item: Life Orb
|move|p2b: Mr. Drizzle|Weather Ball|p1b: Torkoal
|-activate|p1b: Torkoal|move: Protect
|
|-weather|RainDance|[upkeep]
|upkeep
|
|t:|1783277142
|switch|p1a: Incineroar|Incineroar, L50, M|89/100
|-ability|p1a: Incineroar|Intimidate|boost
|-unboost|p2a: echo gecho|atk|1
|-unboost|p2b: Mr. Drizzle|atk|1
|turn|6
|
|t:|1783277166
|switch|p2a: The Annihilator|Swampert, L50, F|100/100
|move|p1a: Incineroar|Fake Out|p2a: The Annihilator
|-damage|p2a: The Annihilator|84/100
|move|p2b: Mr. Drizzle|Weather Ball|p1b: Torkoal
|-supereffective|p1b: Torkoal|1
|-damage|p1b: Torkoal|0 fnt
|faint|p1b: Torkoal
|
|-weather|RainDance|[upkeep]
|upkeep
|
|t:|1783277175
|switch|p1b: Typhlosion|Typhlosion-Hisui, L50, F|100/100
|turn|7
|
|t:|1783277187
|detailschange|p2a: The Annihilator|Swampert-Mega, L50, F
|-mega|p2a: The Annihilator|Swampert|Swampertite
|move|p1b: Typhlosion|Shadow Ball|p2a: The Annihilator
|-damage|p2a: The Annihilator|52/100
|move|p2a: The Annihilator|Flip Turn|p1b: Typhlosion
|-supereffective|p1b: Typhlosion|1
|-damage|p1b: Typhlosion|0 fnt
|faint|p1b: Typhlosion
|
|t:|1783277195
|switch|p2a: WolfeyVGCfromTemu|Scrafty, L50, M|89/100|[from] Flip Turn
|-ability|p2a: WolfeyVGCfromTemu|Intimidate|boost
|-unboost|p1a: Incineroar|atk|1
|move|p2b: Mr. Drizzle|Encore|p1a: Incineroar
|-start|p1a: Incineroar|Encore
|move|p1a: Incineroar|Fake Out||[still]
|-hint|Fake Out only works on your first turn out.
|-fail|p1a: Incineroar
|
|-weather|RainDance|[upkeep]
|upkeep
|turn|8
|-message|huhvin forfeited.
|
|win|Backwards_Aerial
|l|☆huhvin
|player|p1|
||huhvin is ready for game 2.
|inactive|Backwards_Aerial has 30 seconds to confirm battle start!
|inactive|Backwards_Aerial has 20 seconds to confirm battle start!
|inactive|Backwards_Aerial has 10 seconds to confirm battle start!
|uhtml|next|Next: Game 2 of 3
