|j|☆battle sim trainer
|j|☆camala64
|html|battle sim trainercamala64    
|uhtml|bestof|Game 1 of a best-of-3
|t:|1782491368
|gametype|doubles
|player|p1|battle sim trainer|turo|
|player|p2|camala64|lance-masters2|
|gen|9
|tier|[Gen 9 Champions] VGC 2026 Reg M-B (Bo3)
|rule|Species Clause: Limit one of each Pokémon
|rule|Item Clause: Limit 1 of each item
|clearpoke
|poke|p1|Swampert, L50, F|
|poke|p1|Archaludon, L50, F|
|poke|p1|Pelipper, L50, M|
|poke|p1|Basculegion, L50, M|
|poke|p1|Venusaur, L50, M|
|poke|p1|Staraptor, L50, M|
|poke|p2|Skeledirge, L50, F, shiny|
|poke|p2|Froslass, L50, F|
|poke|p2|Garchomp, L50, M|
|poke|p2|Kleavor, L50, M, shiny|
|poke|p2|Kingambit, L50, F, shiny|
|poke|p2|Venusaur, L50, F|
|teampreview|4
|showteam|p1|Swampert||Swampertite|Torrent|WaveCrash,Earthquake,IcePunch,Protect|Adamant||F|||50|]Archaludon||Magnet|Stamina|ElectroShot,FlashCannon,DragonPulse,Protect|Calm||F|||50|]Pelipper||FocusSash|Drizzle|WeatherBall,Hurricane,WideGuard,Tailwind|Modest||M|||50|]Basculegion||ChoiceScarf|Adaptability|LastRespects,WaveCrash,AquaJet,FlipTurn|Jolly||M|||50|]Venusaur||Venusaurite|Chlorophyll|SludgeBomb,EnergyBall,Protect,EarthPower|Modest||M|||50|]Staraptor||LifeOrb|Intimidate|BraveBird,CloseCombat,Tailwind,Uturn|Adamant||M|||50|
|showteam|p2|Skeledirge||Leftovers|Unaware|TorchSong,SlackOff,Yawn,Protect|Modest||F|||50|]Froslass||Froslassite|SnowCloak|Blizzard,ShadowBall,AuroraVeil,Protect|Modest||F|||50|]Garchomp||LifeOrb|RoughSkin|RockSlide,StompingTantrum,DragonClaw,Protect|Adamant||M|||50|]Kleavor||ChoiceScarf|Sharpness|StoneAxe,XScissor,Uturn,CloseCombat|Jolly||M|||50|]Kingambit||BlackGlasses|Defiant|KowtowCleave,SuckerPunch,SwordsDance,Protect|Adamant||F|||50|]Venusaur||Venusaurite|Overgrow|GigaDrain,SludgeBomb,EarthPower,Protect|Modest||F|||50|
|c|☆battle sim trainer|fhlg
|c|☆camala64|Glhf
|c|☆battle sim trainer|skeledirge? :O
|c|☆camala64|thoughts on this team?
|c|☆battle sim trainer|looks cool
|c|☆battle sim trainer|doesn't like ground tho
|c|☆camala64|Froslass
|
|t:|1782491473
|teamsize|p1|4
|teamsize|p2|4
|start
|switch|p1a: Basculegion|Basculegion, L50, M|100/100
|switch|p1b: Swampert|Swampert, L50, F|100/100
|switch|p2a: Froslass|Froslass, L50, F|100/100
|switch|p2b: Kingambit|Kingambit, L50, F, shiny|100/100
|turn|1
|
|t:|1782491507
|detailschange|p2a: Froslass|Froslass-Mega, L50, F
|-mega|p2a: Froslass|Froslass|Froslassite
|-weather|Snowscape|[from] ability: Snow Warning|[of] p2a: Froslass
|detailschange|p1b: Swampert|Swampert-Mega, L50, F
|-mega|p1b: Swampert|Swampert|Swampertite
|move|p1a: Basculegion|Aqua Jet|p2b: Kingambit
|-damage|p2b: Kingambit|79/100
|move|p2a: Froslass|Blizzard|p1b: Swampert|[spread] p1a,p1b
|-resisted|p1a: Basculegion|1
|-damage|p1a: Basculegion|76/100
|-damage|p1b: Swampert|62/100
|move|p1b: Swampert|Wave Crash|p2b: Kingambit
|-damage|p2b: Kingambit|22/100
|-damage|p1b: Swampert|40/100|[from] Recoil
|move|p2b: Kingambit|Kowtow Cleave|p1b: Swampert
|-damage|p1b: Swampert|0 fnt
|faint|p1b: Swampert
|
|-weather|Snowscape|[upkeep]
|upkeep
|
|t:|1782491530
|switch|p1b: Pelipper|Pelipper, L50, M|100/100
|-weather|RainDance|[from] ability: Drizzle|[of] p1b: Pelipper
|turn|2
|
|t:|1782491550
|switch|p1a: Archaludon|Archaludon, L50, F|100/100
|move|p2b: Kingambit|Protect|p2b: Kingambit
|-singleturn|p2b: Kingambit|Protect
|move|p2a: Froslass|Shadow Ball|p1a: Archaludon
|-damage|p1a: Archaludon|63/100
|-ability|p1a: Archaludon|Stamina|boost
|-boost|p1a: Archaludon|def|1
|move|p1b: Pelipper|Tailwind|p1b: Pelipper
|-sidestart|p1: battle sim trainer|move: Tailwind
|
|-weather|RainDance|[upkeep]
|upkeep
|turn|3
|
|t:|1782491586
|switch|p2b: Garchomp|Garchomp, L50, M|100/100
|move|p1b: Pelipper|Weather Ball|p2b: Garchomp
|-damage|p2b: Garchomp|37/100
|move|p1a: Archaludon|Electro Shot||[still]
|-prepare|p1a: Archaludon|Electro Shot
|-boost|p1a: Archaludon|spa|1
|-anim|p1a: Archaludon|Electro Shot|p2a: Froslass
|-damage|p2a: Froslass|19/100
|move|p2a: Froslass|Shadow Ball|p1b: Pelipper
|-damage|p1b: Pelipper|29/100
|
|-weather|RainDance|[upkeep]
|upkeep
|turn|4
|
|t:|1782491609
|move|p2a: Froslass|Protect|p2a: Froslass
|-singleturn|p2a: Froslass|Protect
|move|p2b: Garchomp|Protect|p2b: Garchomp
|-singleturn|p2b: Garchomp|Protect
|move|p1b: Pelipper|Weather Ball|p2a: Froslass
|-activate|p2a: Froslass|move: Protect
|move|p1a: Archaludon|Dragon Pulse|p2b: Garchomp
|-activate|p2b: Garchomp|move: Protect
|
|-weather|RainDance|[upkeep]
|upkeep
|turn|5
|
|t:|1782491625
|switch|p2a: Kleavor|Kleavor, L50, M, shiny|100/100
|move|p1b: Pelipper|Weather Ball|p2a: Kleavor
|-supereffective|p2a: Kleavor|1
|-damage|p2a: Kleavor|0 fnt
|faint|p2a: Kleavor
|move|p1a: Archaludon|Flash Cannon|p2b: Garchomp
|-damage|p2b: Garchomp|0 fnt
|faint|p2b: Garchomp
|
|-weather|RainDance|[upkeep]
|-sideend|p1: battle sim trainer|move: Tailwind
|upkeep
|
|t:|1782491634
|switch|p2a: Froslass|Froslass-Mega, L50, F|19/100
|switch|p2b: Kingambit|Kingambit, L50, F, shiny|22/100
|-weather|Snowscape|[from] ability: Snow Warning|[of] p2a: Froslass
|turn|6
|
|t:|1782491653
|move|p1b: Pelipper|Wide Guard|p1b: Pelipper
|-singleturn|p1b: Pelipper|Wide Guard
|move|p2a: Froslass|Shadow Ball|p1b: Pelipper
|-damage|p1b: Pelipper|0 fnt
|faint|p1b: Pelipper
|move|p1a: Archaludon|Flash Cannon|p2a: Froslass
|-supereffective|p2a: Froslass|1
|-damage|p2a: Froslass|0 fnt
|faint|p2a: Froslass
|move|p2b: Kingambit|Swords Dance|p2b: Kingambit
|-boost|p2b: Kingambit|atk|2
|
|-weather|Snowscape|[upkeep]
|upkeep
|
|t:|1782491662
|switch|p1b: Basculegion|Basculegion, L50, M|76/100
|turn|7
|
|t:|1782491674
|move|p2b: Kingambit|Protect|p2b: Kingambit
|-singleturn|p2b: Kingambit|Protect
|move|p1b: Basculegion|Aqua Jet|p2b: Kingambit
|-activate|p2b: Kingambit|move: Protect
|move|p1a: Archaludon|Dragon Pulse|p2b: Kingambit
|-activate|p2b: Kingambit|move: Protect
|
|-weather|Snowscape|[upkeep]
|upkeep
|turn|8
|
|t:|1782491681
|move|p1b: Basculegion|Aqua Jet|p2b: Kingambit
|-damage|p2b: Kingambit|4/100
|move|p2b: Kingambit|Sucker Punch|p1a: Archaludon
|-damage|p1a: Archaludon|16/100
|-ability|p1a: Archaludon|Stamina|boost
|-boost|p1a: Archaludon|def|1
|move|p1a: Archaludon|Dragon Pulse|p2b: Kingambit
|-resisted|p2b: Kingambit|1
|-damage|p2b: Kingambit|0 fnt
|faint|p2b: Kingambit
|
|win|battle sim trainer
