|j|☆SrStarVGC
|j|☆go to vr
|html|SrStarVGCgo to vr    
|uhtml|bestof|Game 1 of a best-of-3
|t:|1756559971
|gametype|doubles
|player|p1|SrStarVGC|drayden|
|player|p2|go to vr|colress|
|gen|9
|tier|[Gen 9] VGC 2025 Reg H (Bo3)
|rule|Species Clause: Limit one of each Pokémon
|rule|Item Clause: Limit 1 of each item
|clearpoke
|poke|p1|Sneasler, L50, F|
|poke|p1|Dragapult, L50, M|
|poke|p1|Primarina, L50, F|
|poke|p1|Rillaboom, L50, M|
|poke|p1|Kingambit, L50, M|
|poke|p1|Magmar, L50, M|
|poke|p2|Kilowattrel, L50, M|
|poke|p2|Gholdengo, L50|
|poke|p2|Ursaluna, L50, F|
|poke|p2|Incineroar, L50, M|
|poke|p2|Dragonite, L50, M|
|poke|p2|Ninetales-Alola, L50, F|
|teampreview|4
|showteam|p1|Sneasler||FocusSash|PoisonTouch|CloseCombat,DireClaw,FakeOut,Protect|||F|||50|,,,,,Stellar]Dragapult||ChoiceBand|ClearBody|DragonDarts,TeraBlast,PhantomForce,Uturn|||M|||50|,,,,,Ghost]Primarina||SitrusBerry|LiquidVoice|HyperVoice,Moonblast,Haze,Protect|||F|||50|,,,,,Water]Rillaboom||AssaultVest|GrassySurge|WoodHammer,GrassyGlide,HighHorsepower,FakeOut|||M|||50|,,,,,Fire]Kingambit||BlackGlasses|Defiant|KowtowCleave,SuckerPunch,SwordsDance,Protect|||M|||50|,,,,,Ghost]Magmar||Eviolite|VitalSpirit|Overheat,WillOWisp,FollowMe,Protect|||M|||50|,,,,,Ghost
|showteam|p2|Kilowattrel||FocusSash|Competitive|Tailwind,Protect,Thunderbolt,AirSlash|||M|||50|,,,,,Ghost]Gholdengo||LifeOrb|GoodasGold|NastyPlot,Protect,ShadowBall,MakeItRain||||||50|,,,,,Dragon]Ursaluna||FlameOrb|Guts|Earthquake,Protect,Facade,HeadlongRush|||F|||50|,,,,,Fairy]Incineroar||RockyHelmet|Intimidate|PartingShot,FlareBlitz,KnockOff,FakeOut|||M|||50|,,,,,Bug]Dragonite||LoadedDice|Multiscale|ScaleShot,Tailwind,Haze,Protect|||M|||50|,,,,,Fairy]Ninetales-Alola||NeverMeltIce|SnowWarning|Encore,Blizzard,FreezeDry,Protect|||F|||50|,,,,,Ghost
|inactive|Battle timer is ON: inactive players will automatically lose when time's up. (requested by SrStarVGC)
|inactive|SrStarVGC has 60 seconds left.
|inactive|go to vr has 60 seconds left.
|inactive|SrStarVGC has 30 seconds left.
|inactive|go to vr has 30 seconds left.
|inactive|SrStarVGC has 20 seconds left.
|inactive|go to vr has 20 seconds left.
|inactive|SrStarVGC has 15 seconds left.
|
|t:|1756560051
|teamsize|p1|4
|teamsize|p2|4
|start
|switch|p1a: Kingambit|Kingambit, L50, M|100/100
|switch|p1b: Magmar|Magmar, L50, M|100/100
|switch|p2a: Dragonite|Dragonite, L50, M, shiny|100/100
|switch|p2b: Incineroar|Incineroar, L50, M, shiny|100/100
|-ability|p2b: Incineroar|Intimidate|boost
|-unboost|p1a: Kingambit|atk|1
|-ability|p1a: Kingambit|Defiant|boost
|-boost|p1a: Kingambit|atk|2
|-unboost|p1b: Magmar|atk|1
|turn|1
|inactive|go to vr has 30 seconds left.
|
|t:|1756560076
|switch|p2a: Ursaluna|Ursaluna, L50, F, shiny|100/100
|move|p1b: Magmar|Follow Me|p1b: Magmar
|-singleturn|p1b: Magmar|move: Follow Me
|move|p2b: Incineroar|Flare Blitz|p1b: Magmar
|-resisted|p1b: Magmar
|-damage|p1b: Magmar|78/100
|-damage|p2b: Incineroar|94/100|[from] Recoil
|move|p1a: Kingambit|Swords Dance|p1a: Kingambit
|-boost|p1a: Kingambit|atk|2
|
|-status|p2a: Ursaluna|brn|[from] item: Flame Orb
|upkeep
|turn|2
|inactive|SrStarVGC has 30 seconds left.
|inactive|SrStarVGC has 20 seconds left.
|inactive|SrStarVGC has 15 seconds left.
|inactive|SrStarVGC has 10 seconds left.
|
|t:|1756560125
|switch|p2b: Dragonite|Dragonite, L50, M, shiny|100/100
|-terastallize|p2a: Ursaluna|Fairy
|move|p1b: Magmar|Protect|p1b: Magmar
|-singleturn|p1b: Magmar|Protect
|move|p1a: Kingambit|Sucker Punch|p2a: Ursaluna
|-resisted|p2a: Ursaluna
|-damage|p2a: Ursaluna|48/100 brn
|move|p2a: Ursaluna|Earthquake|p1a: Kingambit|[spread] p1a
|-activate|p1b: Magmar|move: Protect
|-immune|p2b: Dragonite
|-supereffective|p1a: Kingambit
|-damage|p1a: Kingambit|2/100
|
|-damage|p2a: Ursaluna|43/100 brn|[from] brn
|upkeep
|turn|3
|inactive|SrStarVGC has 30 seconds left.
|
|t:|1756560158
|move|p2a: Ursaluna|Protect|p2a: Ursaluna
|-singleturn|p2a: Ursaluna|Protect
|move|p1b: Magmar|Follow Me|p1b: Magmar
|-singleturn|p1b: Magmar|move: Follow Me
|move|p1a: Kingambit|Sucker Punch||[still]
|-fail|p1a: Kingambit
|move|p2b: Dragonite|Haze|p2b: Dragonite
|-clearallboost
|
|-damage|p2a: Ursaluna|37/100 brn|[from] brn
|upkeep
|turn|4
|
|t:|1756560171
|switch|p1a: Dragapult|Dragapult, L50, M|100/100
|move|p2b: Dragonite|Tailwind|p2b: Dragonite
|-sidestart|p2: go to vr|move: Tailwind
|move|p2a: Ursaluna|Earthquake|p1b: Magmar|[spread] p1a,p1b
|-immune|p2b: Dragonite
|-supereffective|p1b: Magmar
|-damage|p1a: Dragapult|16/100
|-damage|p1b: Magmar|0 fnt
|faint|p1b: Magmar
|
|-damage|p2a: Ursaluna|31/100 brn|[from] brn
|upkeep
|
|t:|1756560182
|switch|p1b: Sneasler|Sneasler, L50, F|100/100
|turn|5
|
|t:|1756560196
|move|p2a: Ursaluna|Protect|p2a: Ursaluna
|-singleturn|p2a: Ursaluna|Protect
|move|p1b: Sneasler|Fake Out|p2b: Dragonite
|-damage|p2b: Dragonite|92/100
|-status|p2b: Dragonite|psn|[from] ability: Poison Touch|[of] p1b: Sneasler
|cant|p2b: Dragonite|flinch
|move|p1a: Dragapult|Dragon Darts|p2b: Dragonite
|-supereffective|p2b: Dragonite
|-damage|p2b: Dragonite|9/100 psn
|-anim|p1a: Dragapult|Dragon Darts|p2b: Dragonite
|-supereffective|p2b: Dragonite
|-damage|p2b: Dragonite|0 fnt
|faint|p2b: Dragonite
|
|-damage|p2a: Ursaluna|25/100 brn|[from] brn
|upkeep
|
|t:|1756560207
|switch|p2b: Gholdengo|Gholdengo, L50|100/100
|turn|6
|
|t:|1756560227
|switch|p1a: Kingambit|Kingambit, L50, M|2/100
|move|p2b: Gholdengo|Make It Rain|p1a: Kingambit|[spread] p1a,p1b
|-resisted|p1a: Kingambit
|-damage|p1a: Kingambit|0 fnt
|-damage|p1b: Sneasler|10/100
|-unboost|p2b: Gholdengo|spa|1
|faint|p1a: Kingambit
|-damage|p2b: Gholdengo|91/100|[from] item: Life Orb
|move|p2a: Ursaluna|Facade|p1b: Sneasler
|-damage|p1b: Sneasler|0 fnt
|faint|p1b: Sneasler
|
|-damage|p2a: Ursaluna|19/100 brn|[from] brn
|upkeep
|
|t:|1756560241
|switch|p1b: Dragapult|Dragapult, L50, M|16/100
|turn|7
|inactive|SrStarVGC has 30 seconds left.
|inactive|go to vr has 30 seconds left.
|
|t:|1756560270
|-terastallize|p1b: Dragapult|Ghost
|move|p2b: Gholdengo|Make It Rain|p1b: Dragapult
|-crit|p1b: Dragapult
|-damage|p1b: Dragapult|0 fnt
|-unboost|p2b: Gholdengo|spa|1
|faint|p1b: Dragapult
|-damage|p2b: Gholdengo|82/100|[from] item: Life Orb
|
|win|go to vr
||SrStarVGC is ready for game 2.
|l|☆go to vr
|player|p2|
||go to vr is ready for game 2.
|uhtml|next|Next: Game 2 of 3
