|j|☆Washingtung DC
|j|☆PikaTROD
|html|Washingtung DCPikaTROD    
|uhtml|bestof|Game 1 of a best-of-3
|t:|1782487524
|gametype|doubles
|player|p1|Washingtung DC|roughneck|1213
|player|p2|PikaTROD|101|1335
|gen|9
|tier|[Gen 9 Champions] VGC 2026 Reg M-B (Bo3)
|rated|
|rule|Species Clause: Limit one of each Pokémon
|rule|Item Clause: Limit 1 of each item
|clearpoke
|poke|p1|Swampert, L50, M|
|poke|p1|Pelipper, L50, M|
|poke|p1|Archaludon, L50, M|
|poke|p1|Grimmsnarl, L50, M|
|poke|p1|Sinistcha, L50|
|poke|p1|Skeledirge, L50, M|
|poke|p2|Whimsicott, L50, M|
|poke|p2|Torkoal, L50, F|
|poke|p2|Pyroar, L50, M|
|poke|p2|Farigiraf, L50, M|
|poke|p2|Scrafty, L50, M|
|poke|p2|Basculegion, L50, M|
|teampreview|4
|showteam|p1|Swampert||Swampertite|Torrent|Earthquake,WaveCrash,StompingTantrum,Protect|Adamant||M|||50|]Pelipper||SitrusBerry|Drizzle|Tailwind,WeatherBall,Hurricane,Protect|Modest||M|||50|]Archaludon||ShucaBerry|Stamina|DragonPulse,ElectroShot,FlashCannon,Protect|Modest||M|||50|]Grimmsnarl||BlackGlasses|Prankster|SuckerPunch,PartingShot,LightScreen,SpiritBreak|Adamant||M|||50|]Sinistcha||KasibBerry|Hospitality|TrickRoom,ShadowBall,MatchaGotcha,RagePowder|Modest|||||50|]Skeledirge||Leftovers|Unaware|WillOWisp,TorchSong,ShadowBall,Protect|Modest||M|||50|
|showteam|p2|Whimsicott||FairyFeather|Prankster|Tailwind,Moonblast,Protect,SunnyDay|Timid||M|||50|]Torkoal||Charcoal|Drought|Eruption,WeatherBall,HelpingHand,Protect|Quiet||F|||50|]Pyroar||Pyroarite|Unnerve|HeatWave,Overheat,SolarBeam,Protect|Timid||M|||50|]Farigiraf||SitrusBerry|ArmorTail|TrickRoom,Protect,HelpingHand,Psychic|Quiet||M|||50|]Scrafty||Scraftinite|Intimidate|FakeOut,RockSlide,ThroatChop,CloseCombat|Adamant||M|||50|]Basculegion||FocusSash|Adaptability|LastRespects,Liquidation,AquaJet,Protect|Adamant||M|||50|
|
|t:|1782487578
|teamsize|p1|4
|teamsize|p2|4
|start
|switch|p1a: Archaludon|Archaludon, L50, M|100/100
|switch|p1b: Skeledirge|Skeledirge, L50, M|100/100
|switch|p2a: Basculegion|Basculegion, L50, M|100/100
|switch|p2b: Scrafty|Scrafty, L50, M|100/100
|-ability|p2b: Scrafty|Intimidate|boost
|-unboost|p1a: Archaludon|atk|1
|-unboost|p1b: Skeledirge|atk|1
|turn|1
|inactive|Battle timer is ON: inactive players will automatically lose when time's up. (requested by PikaTROD)
|
|t:|1782487614
|move|p2a: Basculegion|Liquidation|p1b: Skeledirge
|-supereffective|p1b: Skeledirge|1
|-damage|p1b: Skeledirge|0 fnt
|faint|p1b: Skeledirge
|move|p1a: Archaludon|Dragon Pulse|p2a: Basculegion
|-damage|p2a: Basculegion|52/100
|move|p2b: Scrafty|Throat Chop|p1a: Archaludon
|-damage|p1a: Archaludon|73/100
|-start|p1a: Archaludon|Throat Chop|[silent]
|-ability|p1a: Archaludon|Stamina|boost
|-boost|p1a: Archaludon|def|1
|
|upkeep
|
|t:|1782487632
|switch|p1b: Pelipper|Pelipper, L50, M|100/100
|-weather|RainDance|[from] ability: Drizzle|[of] p1b: Pelipper
|turn|2
|
|t:|1782487644
|move|p2a: Basculegion|Protect|p2a: Basculegion
|-singleturn|p2a: Basculegion|Protect
|move|p1a: Archaludon|Protect|p1a: Archaludon
|-singleturn|p1a: Archaludon|Protect
|move|p1b: Pelipper|Tailwind|p1b: Pelipper
|-sidestart|p1: Washingtung DC|move: Tailwind
|move|p2b: Scrafty|Close Combat|p1a: Archaludon
|-activate|p1a: Archaludon|move: Protect
|
|-weather|RainDance|[upkeep]
|-end|p1a: Archaludon|Throat Chop|[silent]
|upkeep
|turn|3
|inactive|PikaTROD has 30 seconds left.
|
|t:|1782487671
|switch|p2a: Whimsicott|Whimsicott, L50, M|100/100
|move|p1a: Archaludon|Dragon Pulse|p2b: Scrafty
|-damage|p2b: Scrafty|61/100
|move|p1b: Pelipper|Weather Ball|p2b: Scrafty
|-damage|p2b: Scrafty|0 fnt
|faint|p2b: Scrafty
|
|-weather|RainDance|[upkeep]
|upkeep
|
|t:|1782487683
|switch|p2b: Basculegion|Basculegion, L50, M|52/100
|turn|4
|inactive|Washingtung DC has 30 seconds left.
|inactive|Washingtung DC has 20 seconds left.
|inactive|Washingtung DC has 15 seconds left.
|
|t:|1782487725
|move|p2a: Whimsicott|Sunny Day|p2a: Whimsicott
|-weather|SunnyDay
|move|p1a: Archaludon|Electro Shot||[still]
|-prepare|p1a: Archaludon|Electro Shot
|-boost|p1a: Archaludon|spa|1
|move|p1b: Pelipper|Weather Ball|p2a: Whimsicott
|-supereffective|p2a: Whimsicott|1
|-damage|p2a: Whimsicott|0 fnt
|faint|p2a: Whimsicott
|move|p2b: Basculegion|Last Respects|p1b: Pelipper
|-damage|p1b: Pelipper|0 fnt
|faint|p1b: Pelipper
|
|-weather|SunnyDay|[upkeep]
|upkeep
|
|t:|1782487735
|switch|p2a: Pyroar|Pyroar, L50, M|100/100
|switch|p1b: Swampert|Swampert, L50, M|100/100
|-ability|p2a: Pyroar|Unnerve
|turn|5
|
|t:|1782487745
|detailschange|p1b: Swampert|Swampert-Mega, L50, M
|-mega|p1b: Swampert|Swampert|Swampertite
|detailschange|p2a: Pyroar|Pyroar-Mega, L50, M
|-mega|p2a: Pyroar|Pyroar|Pyroarite
|move|p2a: Pyroar|Protect|p2a: Pyroar
|-singleturn|p2a: Pyroar|Protect
|move|p2b: Basculegion|Protect|p2b: Basculegion
|-singleturn|p2b: Basculegion|Protect
|move|p1a: Archaludon|Electro Shot|p2a: Pyroar|[from] lockedmove
|-activate|p2a: Pyroar|move: Protect
|move|p1b: Swampert|Earthquake|p2a: Pyroar|[spread] p1a
|-activate|p2a: Pyroar|move: Protect
|-activate|p2b: Basculegion|move: Protect
|-supereffective|p1a: Archaludon|1
|-enditem|p1a: Archaludon|Shuca Berry|[eat]
|-enditem|p1a: Archaludon|Shuca Berry|[weaken]
|-damage|p1a: Archaludon|48/100
|-ability|p1a: Archaludon|Stamina|boost
|-boost|p1a: Archaludon|def|1
|
|-weather|SunnyDay|[upkeep]
|-sideend|p1: Washingtung DC|move: Tailwind
|upkeep
|turn|6
|inactive|PikaTROD has 30 seconds left.
|
|t:|1782487776
|move|p2a: Pyroar|Heat Wave|p1b: Swampert|[spread] p1a,p1b
|-resisted|p1b: Swampert|1
|-damage|p1a: Archaludon|0 fnt
|-damage|p1b: Swampert|64/100
|faint|p1a: Archaludon
|move|p2b: Basculegion|Last Respects|p1b: Swampert
|-damage|p1b: Swampert|0 fnt
|faint|p1b: Swampert
|
|win|PikaTROD
||Washingtung DC is ready for game 2.
||PikaTROD is ready for game 2.
|uhtml|next|Next: Game 2 of 3
|l|☆Washingtung DC
|player|p1|
