|j|☆jojo_2797
|j|☆panqueca25
|html|jojo_2797panqueca25    
|uhtml|bestof|Game 1 of a best-of-3
|t:|1757682043
|gametype|doubles
|player|p1|jojo_2797|cynthia-gen4|1284
|player|p2|panqueca25|101|1285
|gen|9
|tier|[Gen 9] VGC 2025 Reg H (Bo3)
|rated|
|rule|Species Clause: Limit one of each Pokémon
|rule|Item Clause: Limit 1 of each item
|clearpoke
|poke|p1|Dragapult, L50, M|
|poke|p1|Sneasler, L50, F|
|poke|p1|Rillaboom, L50, F|
|poke|p1|Incineroar, L50, F|
|poke|p1|Primarina, L50, M|
|poke|p1|Ninetales-Alola, L50, M|
|poke|p2|Murkrow, L50, F|
|poke|p2|Gholdengo, L50|
|poke|p2|Dondozo, L50, M|
|poke|p2|Tatsugiri, L50, M|
|poke|p2|Clefable, L50, F|
|poke|p2|Incineroar, L50, F|
|teampreview|4
|showteam|p1|Dragapult||ChoiceBand|ClearBody|TeraBlast,DragonDarts,Uturn,PhantomForce|||M|||50|,,,,,Ghost]Sneasler||FocusSash|Unburden|FakeOut,CloseCombat,DireClaw,Protect|||F|||50|,,,,,Stellar]Rillaboom||AssaultVest|GrassySurge|WoodHammer,HighHorsepower,FakeOut,GrassyGlide|||F|||50|,,,,,Fire]Incineroar||SafetyGoggles|Intimidate|HelpingHand,FlareBlitz,PartingShot,FakeOut|||F|||50|,,,,,Ghost]Primarina||LifeOrb|LiquidVoice|HyperVoice,Moonblast,Haze,Protect|||M|||50|,,,,,Poison]Ninetales-Alola||LightClay|SnowWarning|AuroraVeil,Blizzard,Protect,Encore|||M|||50|,,,,,Ghost
|showteam|p2|Murkrow||Eviolite|Prankster|Tailwind,FoulPlay,Taunt,Haze|||F|||50|,,,,,Ghost]Gholdengo||ChoiceSpecs|GoodasGold|MakeItRain,PowerGem,ShadowBall,Thunderbolt||||||50|,,,,,Steel]Dondozo||Leftovers|Unaware|WaveCrash,Earthquake,OrderUp,Protect|||M|||50|,,,,,Grass]Tatsugiri||FocusSash|Commander|DracoMeteor,IcyWind,MuddyWater,Protect|||M|||50|,,,,,Stellar]Clefable||RockyHelmet|Unaware|Moonblast,FollowMe,Encore,Protect|||F|||50|,,,,,Ghost]Incineroar||SafetyGoggles|Intimidate|FlareBlitz,KnockOff,PartingShot,FakeOut|||F|||50|,,,,,Ghost
|inactive|Battle timer is ON: inactive players will automatically lose when time's up. (requested by panqueca25)
|inactive|jojo_2797 has 60 seconds left.
|
|t:|1757682092
|teamsize|p1|4
|teamsize|p2|4
|start
|switch|p1a: Dragapult|Dragapult, L50, M|100/100
|switch|p1b: Ninetales|Ninetales-Alola, L50, M|100/100
|switch|p2a: Clefable|Clefable, L50, F|100/100
|switch|p2b: Gholdengo|Gholdengo, L50|100/100
|-weather|Snowscape|[from] ability: Snow Warning|[of] p1b: Ninetales
|turn|1
|inactive|jojo_2797 has 30 seconds left.
|inactive|jojo_2797 has 20 seconds left.
|inactive|jojo_2797 has 15 seconds left.
|
|t:|1757682137
|-terastallize|p1a: Dragapult|Ghost
|move|p2a: Clefable|Follow Me|p2a: Clefable
|-singleturn|p2a: Clefable|move: Follow Me
|move|p1a: Dragapult|Phantom Force||[still]
|-prepare|p1a: Dragapult|Phantom Force
|move|p1b: Ninetales|Aurora Veil|p1b: Ninetales
|-sidestart|p1: jojo_2797|move: Aurora Veil
|move|p2b: Gholdengo|Make It Rain|p1b: Ninetales|[spread] p1b
|-miss|p2b: Gholdengo|p1a: Dragapult
|-supereffective|p1b: Ninetales
|-damage|p1b: Ninetales|0 fnt
|-unboost|p2b: Gholdengo|spa|1
|faint|p1b: Ninetales
|
|-weather|Snowscape|[upkeep]
|upkeep
|inactive|jojo_2797 has 30 seconds left.
|
|t:|1757682162
|switch|p1b: Rillaboom|Rillaboom, L50, F|100/100
|-fieldstart|move: Grassy Terrain|[from] ability: Grassy Surge|[of] p1b: Rillaboom
|turn|2
|
|t:|1757682171
|-terastallize|p2a: Clefable|Ghost
|move|p1b: Rillaboom|Fake Out|p2a: Clefable
|-immune|p2a: Clefable
|move|p2a: Clefable|Follow Me|p2a: Clefable
|-singleturn|p2a: Clefable|move: Follow Me
|move|p1a: Dragapult|Phantom Force|p2a: Clefable|[from] lockedmove
|-supereffective|p2a: Clefable
|-damage|p2a: Clefable|0 fnt
|-damage|p1a: Dragapult|84/100|[from] item: Rocky Helmet|[of] p2a: Clefable
|faint|p2a: Clefable
|move|p2b: Gholdengo|Make It Rain|p1a: Dragapult|[spread] p1a,p1b
|-damage|p1a: Dragapult|35/100
|-damage|p1b: Rillaboom|75/100
|-unboost|p2b: Gholdengo|spa|1
|
|-weather|Snowscape|[upkeep]
|-heal|p1a: Dragapult|41/100|[from] Grassy Terrain
|-heal|p1b: Rillaboom|82/100|[from] Grassy Terrain
|upkeep
|
|t:|1757682178
|switch|p2a: Dondozo|Dondozo, L50, M|100/100
|turn|3
|
|t:|1757682202
|move|p2a: Dondozo|Protect|p2a: Dondozo
|-singleturn|p2a: Dondozo|Protect
|move|p1a: Dragapult|Phantom Force||[still]
|-prepare|p1a: Dragapult|Phantom Force
|move|p2b: Gholdengo|Make It Rain|p1a: Dragapult|[spread] p1b
|-miss|p2b: Gholdengo|p1a: Dragapult
|-damage|p1b: Rillaboom|61/100
|-unboost|p2b: Gholdengo|spa|1
|move|p1b: Rillaboom|Wood Hammer|p2a: Dondozo
|-activate|p2a: Dondozo|move: Protect
|
|-weather|Snowscape|[upkeep]
|-heal|p1b: Rillaboom|68/100|[from] Grassy Terrain
|upkeep
|turn|4
|
|t:|1757682222
|switch|p2b: Tatsugiri|Tatsugiri, L50, M|100/100
|-activate|p2b: Tatsugiri|ability: Commander|[of] p2a: Dondozo
|-boost|p2a: Dondozo|atk|2
|-boost|p2a: Dondozo|spa|2
|-boost|p2a: Dondozo|spe|2
|-boost|p2a: Dondozo|def|2
|-boost|p2a: Dondozo|spd|2
|move|p1a: Dragapult|Phantom Force|p2a: Dondozo|[from] lockedmove
|-crit|p2a: Dondozo
|-damage|p2a: Dondozo|4/100
|move|p2a: Dondozo|Order Up|p1a: Dragapult
|-damage|p1a: Dragapult|2/100
|-boost|p2a: Dondozo|atk|1
|move|p1b: Rillaboom|Wood Hammer|p2a: Dondozo
|-supereffective|p2a: Dondozo
|-damage|p2a: Dondozo|0 fnt
|faint|p2a: Dondozo
|-damage|p1b: Rillaboom|67/100|[from] Recoil
|
|-weather|Snowscape|[upkeep]
|-heal|p1a: Dragapult|8/100|[from] Grassy Terrain
|-heal|p1b: Rillaboom|73/100|[from] Grassy Terrain
|upkeep
|
|t:|1757682231
|switch|p2a: Gholdengo|Gholdengo, L50|100/100
|turn|5
|inactive|jojo_2797 has 30 seconds left.
|
|t:|1757682262
|move|p1a: Dragapult|Phantom Force||[still]
|-prepare|p1a: Dragapult|Phantom Force
|move|p2b: Tatsugiri|Icy Wind|p1b: Rillaboom|[spread] p1b
|-miss|p2b: Tatsugiri|p1a: Dragapult
|-supereffective|p1b: Rillaboom
|-damage|p1b: Rillaboom|61/100
|-unboost|p1b: Rillaboom|spe|1
|move|p2a: Gholdengo|Make It Rain|p1b: Rillaboom|[spread] p1b
|-miss|p2a: Gholdengo|p1a: Dragapult
|-damage|p1b: Rillaboom|22/100
|-unboost|p2a: Gholdengo|spa|1
|move|p1b: Rillaboom|Wood Hammer|p2b: Tatsugiri
|-enditem|p2b: Tatsugiri|Focus Sash
|-damage|p2b: Tatsugiri|1/100
|-damage|p1b: Rillaboom|0 fnt|[from] Recoil
|faint|p1b: Rillaboom
|
|-weather|none
|-heal|p2b: Tatsugiri|7/100|[from] Grassy Terrain
|upkeep
|-message|panqueca25 forfeited.
|
|win|jojo_2797
|l|☆panqueca25
|player|p2|
||panqueca25 is ready for game 2.
|l|☆jojo_2797
|player|p1|
|inactive|jojo_2797 has 30 seconds to confirm battle start!
||jojo_2797 is ready for game 2.
|uhtml|next|Next: Game 2 of 3
