|j|☆OssiGT
|j|☆belac121
|html|OssiGTbelac121    
|uhtml|bestof|Game 2 of a best-of-3
|t:|1783691979
|gametype|doubles
|player|p1|OssiGT|colress|1156
|player|p2|belac121|clemont|1247
|gen|9
|tier|[Gen 9 Champions] VGC 2026 Reg M-B (Bo3)
|rated|
|rule|Species Clause: Limit one of each Pokémon
|rule|Item Clause: Limit 1 of each item
|clearpoke
|poke|p1|Raichu, L50, M|
|poke|p1|Mawile, L50, M|
|poke|p1|Sinistcha, L50|
|poke|p1|Ceruledge, L50, M|
|poke|p1|Milotic, L50, F|
|poke|p1|Incineroar, L50, F|
|poke|p2|Swampert, L50, F|
|poke|p2|Sneasler, L50, M|
|poke|p2|Kingambit, L50, M|
|poke|p2|Sinistcha, L50|
|poke|p2|Pelipper, L50, M|
|poke|p2|Eelektross, L50, M|
|teampreview|4
|showteam|p1|Raichu||RaichuniteY|LightningRod|ZapCannon,FocusBlast,FakeOut,Protect|Timid||M|||50|]Mawile||Mawilite|HyperCutter|PlayRough,SuckerPunch,SwordsDance,Protect|Adamant||M|||50|]Sinistcha||KasibBerry|Hospitality|MatchaGotcha,LifeDew,RagePowder,Protect|Relaxed|||||50|]Ceruledge||ColburBerry|FlashFire|BitterBlade,ShadowSneak,BulkUp,Protect|Adamant||M|||50|]Milotic||Leftovers|Competitive|MuddyWater,Coil,Hypnosis,Protect|Calm||F|||50|]Incineroar||SitrusBerry|Intimidate|FlareBlitz,ThroatChop,FakeOut,PartingShot|Impish||F|||50|
|showteam|p2|Swampert||Swampertite|Torrent|WaveCrash,IcePunch,HighHorsepower,Protect|Adamant||F|||50|]Sneasler||WhiteHerb|Unburden|DireClaw,CloseCombat,FakeOut,Protect|Adamant||M|||50|]Kingambit||ChopleBerry|Defiant|KowtowCleave,SuckerPunch,IronHead,Protect|Adamant||M|||50|]Sinistcha||SitrusBerry|Hospitality|MatchaGotcha,ShadowBall,RagePowder,Protect|Bold|||||50|]Pelipper||FocusSash|Drizzle|WeatherBall,Hurricane,Tailwind,Protect|Timid||M|||50|]Eelektross||Eelektrossite|Levitate|Discharge,GrassKnot,EerieImpulse,Protect|Modest||M|||50|
|
|t:|1783692013
|teamsize|p1|4
|teamsize|p2|4
|start
|switch|p1a: Ceruledge|Ceruledge, L50, M|100/100
|switch|p1b: Incineroar|Incineroar, L50, F|100/100
|switch|p2a: Eelektross|Eelektross, L50, M|100/100
|switch|p2b: Swampert|Swampert, L50, F|100/100
|-ability|p1b: Incineroar|Intimidate|boost
|-unboost|p2a: Eelektross|atk|1
|-unboost|p2b: Swampert|atk|1
|turn|1
|
|t:|1783692023
|move|p1b: Incineroar|Fake Out|p2b: Swampert
|-damage|p2b: Swampert|88/100
|cant|p2b: Swampert|flinch
|move|p1a: Ceruledge|Bulk Up|p1a: Ceruledge
|-boost|p1a: Ceruledge|atk|1
|-boost|p1a: Ceruledge|def|1
|move|p2a: Eelektross|Discharge|p1a: Ceruledge|[spread] p1a,p1b
|-immune|p2b: Swampert
|-damage|p1a: Ceruledge|70/100
|-damage|p1b: Incineroar|72/100
|-status|p1b: Incineroar|par
|
|upkeep
|turn|2
|c|☆OssiGT|!dt discharge
|c|☆OssiGT|/raw Discharge  Power80 Accuracy100% PP16 30% chance to paralyze adjacent Pokemon. 
|c|☆OssiGT|/raw Priority: 0 |  Gen: 4 |  ✓ Boosted by Sheer Force |  Z-Power: 160 |  Target: All Adjacent Pokémon

|
|t:|1783692052
|switch|p1b: Sinistcha|Sinistcha, L50|100/100
|-heal|p1a: Ceruledge|95/100|[from] ability: Hospitality|[of] p1b: Sinistcha
|detailschange|p2b: Swampert|Swampert-Mega, L50, F
|-mega|p2b: Swampert|Swampert|Swampertite
|move|p2b: Swampert|Wave Crash|p1a: Ceruledge
|-supereffective|p1a: Ceruledge|1
|-damage|p1a: Ceruledge|25/100
|-damage|p2b: Swampert|64/100|[from] Recoil
|move|p1a: Ceruledge|Bitter Blade|p2a: Eelektross
|-damage|p2a: Eelektross|16/100
|-heal|p1a: Ceruledge|68/100|[from] drain|[of] p2a: Eelektross
|move|p2a: Eelektross|Discharge|p1b: Sinistcha|[spread] p1a,p1b
|-immune|p2b: Swampert
|-crit|p1a: Ceruledge
|-resisted|p1b: Sinistcha|1
|-damage|p1a: Ceruledge|22/100
|-damage|p1b: Sinistcha|86/100
|
|upkeep
|turn|3
|
|t:|1783692077
|switch|p2a: Pelipper|Pelipper, L50, M|100/100
|-weather|RainDance|[from] ability: Drizzle|[of] p2a: Pelipper
|move|p1a: Ceruledge|Protect|p1a: Ceruledge
|-singleturn|p1a: Ceruledge|Protect
|move|p2b: Swampert|Ice Punch|p1b: Sinistcha
|-supereffective|p1b: Sinistcha|1
|-damage|p1b: Sinistcha|48/100
|move|p1b: Sinistcha|Life Dew|p1b: Sinistcha|[spread] p1a,p1b
|-heal|p1a: Ceruledge|46/100
|-heal|p1b: Sinistcha|73/100
|
|-weather|RainDance|[upkeep]
|upkeep
|turn|4
|
|t:|1783692091
|switch|p2b: Eelektross|Eelektross, L50, M|16/100
|move|p1a: Ceruledge|Shadow Sneak|p2a: Pelipper
|-damage|p2a: Pelipper|53/100
|move|p2a: Pelipper|Hurricane|p1b: Sinistcha
|-supereffective|p1b: Sinistcha|1
|-damage|p1b: Sinistcha|0 fnt
|faint|p1b: Sinistcha
|
|-weather|RainDance|[upkeep]
|upkeep
|
|t:|1783692097
|switch|p1b: Raichu|Raichu, L50, M|100/100
|turn|5
|
|t:|1783692109
|detailschange|p1b: Raichu|Raichu-Mega-Y, L50, M
|-mega|p1b: Raichu|Raichu|Raichunite Y
|move|p2a: Pelipper|Protect|p2a: Pelipper
|-singleturn|p2a: Pelipper|Protect
|move|p1b: Raichu|Fake Out|p2b: Eelektross
|-damage|p2b: Eelektross|6/100
|move|p1a: Ceruledge|Shadow Sneak|p2a: Pelipper
|-activate|p2a: Pelipper|move: Protect
|cant|p2b: Eelektross|flinch
|
|-weather|RainDance|[upkeep]
|upkeep
|turn|6
|
|t:|1783692119
|switch|p2a: Kingambit|Kingambit, L50, M|100/100
|move|p1a: Ceruledge|Shadow Sneak|p2b: Eelektross
|-damage|p2b: Eelektross|0 fnt
|faint|p2b: Eelektross
|move|p1b: Raichu|Zap Cannon|p2a: Kingambit
|-damage|p2a: Kingambit|40/100
|-status|p2a: Kingambit|par
|
|-weather|RainDance|[upkeep]
|upkeep
|
|t:|1783692126
|switch|p2b: Swampert|Swampert-Mega, L50, F|64/100
|turn|7
|
|t:|1783692145
|switch|p1b: Incineroar|Incineroar, L50, F|72/100 par
|-ability|p1b: Incineroar|Intimidate|boost
|-unboost|p2a: Kingambit|atk|1
|-ability|p2a: Kingambit|Defiant|boost
|-boost|p2a: Kingambit|atk|2
|-unboost|p2b: Swampert|atk|1
|move|p2b: Swampert|Protect|p2b: Swampert
|-singleturn|p2b: Swampert|Protect
|move|p1a: Ceruledge|Protect|p1a: Ceruledge
|-singleturn|p1a: Ceruledge|Protect
|move|p2a: Kingambit|Kowtow Cleave|p1b: Incineroar
|-resisted|p1b: Incineroar|1
|-damage|p1b: Incineroar|45/100 par
|-enditem|p1b: Incineroar|Sitrus Berry|[eat]
|-heal|p1b: Incineroar|70/100 par|[from] item: Sitrus Berry
|
|-weather|none
|upkeep
|turn|8
|
|t:|1783692160
|switch|p2b: Pelipper|Pelipper, L50, M|53/100
|-weather|RainDance|[from] ability: Drizzle|[of] p2b: Pelipper
|switch|p1b: Raichu|Raichu-Mega-Y, L50, M|100/100
|move|p1a: Ceruledge|Bitter Blade|p2b: Pelipper
|-resisted|p2b: Pelipper|1
|-damage|p2b: Pelipper|29/100
|-heal|p1a: Ceruledge|56/100|[from] drain|[of] p2b: Pelipper
|move|p2a: Kingambit|Kowtow Cleave|p1a: Ceruledge
|-supereffective|p1a: Ceruledge|1
|-enditem|p1a: Ceruledge|Colbur Berry|[eat]
|-enditem|p1a: Ceruledge|Colbur Berry|[weaken]
|-damage|p1a: Ceruledge|0 fnt
|faint|p1a: Ceruledge
|
|-weather|RainDance|[upkeep]
|upkeep
|
|t:|1783692163
|switch|p1a: Incineroar|Incineroar, L50, F|70/100 par
|-ability|p1a: Incineroar|Intimidate|boost
|-unboost|p2a: Kingambit|atk|1
|-ability|p2a: Kingambit|Defiant|boost
|-boost|p2a: Kingambit|atk|2
|-unboost|p2b: Pelipper|atk|1
|turn|9
|
|t:|1783692177
|move|p2b: Pelipper|Protect|p2b: Pelipper
|-singleturn|p2b: Pelipper|Protect
|move|p2a: Kingambit|Protect|p2a: Kingambit
|-singleturn|p2a: Kingambit|Protect
|move|p1b: Raichu|Zap Cannon|p2b: Pelipper
|-activate|p2b: Pelipper|move: Protect
|move|p1a: Incineroar|Flare Blitz|p2a: Kingambit
|-activate|p2a: Kingambit|move: Protect
|
|-weather|RainDance|[upkeep]
|upkeep
|turn|10
|
|t:|1783692183
|move|p2a: Kingambit|Sucker Punch|p1b: Raichu
|-damage|p1b: Raichu|0 fnt
|faint|p1b: Raichu
|move|p2b: Pelipper|Weather Ball|p1a: Incineroar
|-supereffective|p1a: Incineroar|1
|-damage|p1a: Incineroar|0 fnt
|faint|p1a: Incineroar
|
|win|belac121
|inactive|OssiGT has 30 seconds to confirm battle start!
|inactive|belac121 has 30 seconds to confirm battle start!
||belac121 is ready for game 3.
||OssiGT is ready for game 3.
|uhtml|next|Next: Game 3 of 3
|l|☆belac121
|player|p2|
