|j|☆MakeIt(C)RAIn
|j|☆Harry Koekenpan
|html|MakeIt(C)RAInHarry Koekenpan    
|uhtml|bestof|Game 3 of a best-of-3
|t:|1756300454
|gametype|doubles
|player|p1|MakeIt(C)RAIn|101|
|player|p2|Harry Koekenpan|1|
|gen|9
|tier|[Gen 9] VGC 2025 Reg H (Bo3)
|rule|Species Clause: Limit one of each Pokémon
|rule|Item Clause: Limit 1 of each item
|clearpoke
|poke|p1|Maushold, L50|
|poke|p1|Archaludon, L50, M|
|poke|p1|Pelipper, L50, M|
|poke|p1|Basculegion, L50, M|
|poke|p1|Annihilape, L50, F|
|poke|p1|Farigiraf, L50, M|
|poke|p2|Toedscruel, L50, F|
|poke|p2|Weezing-Galar, L50, F|
|poke|p2|Garchomp, L50, F|
|poke|p2|Kilowattrel, L50, M|
|poke|p2|Typhlosion-Hisui, L50, F|
|poke|p2|Conkeldurr, L50, M|
|teampreview|4
|showteam|p1|Maushold||SafetyGoggles|FriendGuard|FollowMe,BeatUp,Taunt,Protect||||||50|,,,,,Bug]Archaludon||AssaultVest|Stamina|BodyPress,ElectroShot,DragonPulse,Snarl|||M|||50|,,,,,Grass]Pelipper||FocusSash|Drizzle|Hurricane,WeatherBall,WideGuard,Tailwind|||M|||50|,,,,,Grass]Basculegion||ChoiceScarf|SwiftSwim|LastRespects,FlipTurn,AquaJet,WaveCrash|||M|||50|,,,,,Ghost]Annihilape||Leftovers|Defiant|DrainPunch,RageFist,FinalGambit,Protect|||F|||50|,,,,,Dark]Farigiraf||SitrusBerry|ArmorTail|PsychicNoise,Protect,TrickRoom,Imprison|||M|||50|,,,,,Fairy
|showteam|p2|Toedscruel||CovertCloak|MyceliumMight|Spore,RagePowder,AcidSpray,EarthPower|||F|||50|,,,,,Water]Weezing-Galar||ChoiceSpecs|NeutralizingGas|DazzlingGleam,SludgeBomb,StrangeSteam,TeraBlast|||F|||50|,,,,,Water]Garchomp||LifeOrb|RoughSkin|Protect,Earthquake,DragonClaw,StompingTantrum|||F|||50|,,,,,Ground]Kilowattrel||FocusSash|Competitive|Discharge,AirSlash,Tailwind,Protect|||M|||50|,,,,,Ghost]Typhlosion-Hisui||ChoiceScarf|Blaze|Eruption,HeatWave,ShadowBall,SleepTalk|||F|||50|,,,,,Fire]Conkeldurr||AssaultVest|IronFist|MachPunch,DrainPunch,KnockOff,IcePunch|||M|||50|,,,,,Grass
|inactive|Battle timer is ON: inactive players will automatically lose when time's up. (requested by Harry Koekenpan)
|inactive|MakeIt(C)RAIn has 60 seconds left.
|
|t:|1756300494
|teamsize|p1|4
|teamsize|p2|4
|start
|switch|p1a: Maushold|Maushold, L50, shiny|100/100
|switch|p1b: Annihilape|Annihilape, L50, F, shiny|100/100
|switch|p2a: Weezing|Weezing-Galar, L50, F|100/100
|switch|p2b: Kilowattrel|Kilowattrel, L50, M|100/100
|-ability|p2a: Weezing|Neutralizing Gas
|turn|1
|inactive|MakeIt(C)RAIn has 30 seconds left.
|
|t:|1756300521
|move|p1b: Annihilape|Protect|p1b: Annihilape
|-singleturn|p1b: Annihilape|Protect
|move|p2b: Kilowattrel|Tailwind|p2b: Kilowattrel
|-sidestart|p2: Harry Koekenpan|move: Tailwind
|move|p2a: Weezing|Dazzling Gleam|p1b: Annihilape|[spread] p1a
|-activate|p1b: Annihilape|move: Protect
|-damage|p1a: Maushold|66/100
|move|p1a: Maushold|Beat Up|p2b: Kilowattrel
|-damage|p2b: Kilowattrel|97/100
|-damage|p2b: Kilowattrel|92/100
|-damage|p2b: Kilowattrel|90/100
|-damage|p2b: Kilowattrel|85/100
|-hitcount|p2b: Kilowattrel|4
|
|upkeep
|turn|2
|inactive|MakeIt(C)RAIn has 30 seconds left.
|inactive|MakeIt(C)RAIn has 20 seconds left.
|inactive|MakeIt(C)RAIn has 15 seconds left.
|inactive|MakeIt(C)RAIn has 10 seconds left.
|inactive|MakeIt(C)RAIn has 5 seconds left.
|
|t:|1756300574
|-terastallize|p1b: Annihilape|Dark
|move|p2b: Kilowattrel|Air Slash|p1b: Annihilape
|-damage|p1b: Annihilape|75/100
|move|p2a: Weezing|Dazzling Gleam|p1b: Annihilape|[spread] p1a,p1b
|-supereffective|p1b: Annihilape
|-damage|p1a: Maushold|31/100
|-damage|p1b: Annihilape|22/100
|move|p1a: Maushold|Beat Up|p1b: Annihilape
|-resisted|p1b: Annihilape
|-damage|p1b: Annihilape|21/100
|-resisted|p1b: Annihilape
|-damage|p1b: Annihilape|20/100
|-resisted|p1b: Annihilape
|-damage|p1b: Annihilape|19/100
|-resisted|p1b: Annihilape
|-damage|p1b: Annihilape|18/100
|-hitcount|p1b: Annihilape|4
|move|p1b: Annihilape|Rage Fist|p2a: Weezing
|-damage|p2a: Weezing|0 fnt
|faint|p2a: Weezing
|-end|p2a: Weezing|ability: Neutralizing Gas
|
|-heal|p1b: Annihilape|24/100|[from] item: Leftovers
|upkeep
|
|t:|1756300592
|switch|p2a: Garchomp|Garchomp, L50, F|100/100
|turn|3
|
|t:|1756300599
|move|p1a: Maushold|Protect|p1a: Maushold
|-singleturn|p1a: Maushold|Protect
|move|p1b: Annihilape|Protect|p1b: Annihilape
|-singleturn|p1b: Annihilape|Protect
|move|p2b: Kilowattrel|Discharge|p1b: Annihilape|[spread] 
|-activate|p1a: Maushold|move: Protect
|-activate|p1b: Annihilape|move: Protect
|-immune|p2a: Garchomp
|move|p2a: Garchomp|Earthquake|p1b: Annihilape|[spread] 
|-activate|p1a: Maushold|move: Protect
|-activate|p1b: Annihilape|move: Protect
|-immune|p2b: Kilowattrel
|
|-heal|p1b: Annihilape|30/100|[from] item: Leftovers
|upkeep
|turn|4
|inactive|MakeIt(C)RAIn has 30 seconds left.
|inactive|MakeIt(C)RAIn has 20 seconds left.
|inactive|MakeIt(C)RAIn has 15 seconds left.
|inactive|MakeIt(C)RAIn has 10 seconds left.
|inactive|MakeIt(C)RAIn has 5 seconds left.
|
|t:|1756300652
|move|p2b: Kilowattrel|Discharge|p1b: Annihilape|[spread] p1a,p1b
|-immune|p2a: Garchomp
|-damage|p1a: Maushold|0 fnt
|-damage|p1b: Annihilape|16/100
|faint|p1a: Maushold
|move|p2a: Garchomp|Earthquake|p1b: Annihilape|[spread] p1b
|-immune|p2b: Kilowattrel
|-damage|p1b: Annihilape|0 fnt
|faint|p1b: Annihilape
|-damage|p2a: Garchomp|91/100|[from] item: Life Orb
|
|-sideend|p2: Harry Koekenpan|move: Tailwind
|upkeep
|
|t:|1756300658
|switch|p1a: Pelipper|Pelipper, L50, M|100/100
|switch|p1b: Basculegion|Basculegion, L50, M|100/100
|-weather|RainDance|[from] ability: Drizzle|[of] p1a: Pelipper
|turn|5
|inactive|MakeIt(C)RAIn has 30 seconds left.
|inactive|Harry Koekenpan has 30 seconds left.
|
|t:|1756300689
|move|p1b: Basculegion|Last Respects|p2b: Kilowattrel
|-damage|p2b: Kilowattrel|0 fnt
|faint|p2b: Kilowattrel
|move|p2a: Garchomp|Dragon Claw|p1b: Basculegion
|-damage|p1b: Basculegion|44/100
|-damage|p2a: Garchomp|81/100|[from] item: Life Orb
|move|p1a: Pelipper|Weather Ball|p2a: Garchomp
|-damage|p2a: Garchomp|27/100
|
|-weather|RainDance|[upkeep]
|upkeep
|
|t:|1756300702
|switch|p2b: Conkeldurr|Conkeldurr, L50, M|100/100
|turn|6
|
|t:|1756300716
|move|p2a: Garchomp|Protect|p2a: Garchomp
|-singleturn|p2a: Garchomp|Protect
|move|p1b: Basculegion|Last Respects|p2a: Garchomp
|-activate|p2a: Garchomp|move: Protect
|move|p1a: Pelipper|Hurricane|p2b: Conkeldurr
|-supereffective|p2b: Conkeldurr
|-damage|p2b: Conkeldurr|46/100
|-start|p2b: Conkeldurr|confusion
|-activate|p2b: Conkeldurr|confusion
|-damage|p2b: Conkeldurr|30/100|[from] confusion
|
|-weather|RainDance|[upkeep]
|upkeep
|turn|7
|c|☆Harry Koekenpan|ggs
|c|☆MakeIt(C)RAIn|gg
|inactive|Harry Koekenpan has 30 seconds left.
|c|☆Harry Koekenpan|last respects is good holy
|inactive|Harry Koekenpan has 20 seconds left.
|c|☆MakeIt(C)RAIn|it is
|inactive|Harry Koekenpan has 15 seconds left.
|inactive|Harry Koekenpan has 10 seconds left.
|
|t:|1756300762
|move|p2a: Garchomp|Protect|p2a: Garchomp
|-singleturn|p2a: Garchomp|Protect
|move|p1b: Basculegion|Last Respects|p2a: Garchomp
|-activate|p2a: Garchomp|move: Protect
|move|p1a: Pelipper|Hurricane|p2b: Conkeldurr
|-supereffective|p2b: Conkeldurr
|-damage|p2b: Conkeldurr|0 fnt
|faint|p2b: Conkeldurr
|
|-weather|RainDance|[upkeep]
|upkeep
|turn|8
|
|t:|1756300775
|-terastallize|p2a: Garchomp|Ground
|move|p1b: Basculegion|Last Respects|p2a: Garchomp
|-damage|p2a: Garchomp|0 fnt
|faint|p2a: Garchomp
|
|win|MakeIt(C)RAIn
