|j|☆Bbob415
|j|☆jaybee394
|html|Bbob415jaybee394    
|uhtml|bestof|Game 2 of a best-of-3
|t:|1782592566
|gametype|doubles
|player|p1|Bbob415|n|
|player|p2|jaybee394|2|
|gen|9
|tier|[Gen 9 Champions] VGC 2026 Reg M-B (Bo3)
|rule|Species Clause: Limit one of each Pokémon
|rule|Item Clause: Limit 1 of each item
|clearpoke
|poke|p1|Raichu, L50, M|
|poke|p1|Basculegion, L50, M|
|poke|p1|Garchomp, L50, M|
|poke|p1|Aerodactyl, L50, M|
|poke|p1|Farigiraf, L50, M|
|poke|p1|Venusaur, L50, F|
|poke|p2|Swampert, L50, M|
|poke|p2|Pelipper, L50, F|
|poke|p2|Archaludon, L50, F|
|poke|p2|Sinistcha, L50|
|poke|p2|Gholdengo, L50|
|poke|p2|Grimmsnarl, L50, M|
|teampreview|4
|showteam|p1|Raichu||RaichuniteY|LightningRod|ZapCannon,FocusBlast,FakeOut,Protect|Timid||M|||50|]Basculegion||ChoiceScarf|Adaptability|LastRespects,WaveCrash,FlipTurn,AquaJet|Adamant||M|||50|]Garchomp||LifeOrb|RoughSkin|DragonClaw,StompingTantrum,RockSlide,Protect|Jolly||M|||50|]Aerodactyl||FocusSash|Unnerve|RockSlide,DualWingbeat,Tailwind,Protect|Jolly||M|||50|]Farigiraf||SitrusBerry|ArmorTail|TwinBeam,GrassKnot,TrickRoom,Protect|Quiet||M|||50|]Venusaur||Venusaurite|Chlorophyll|GigaDrain,SludgeBomb,EarthPower,Protect|Bold||F|||50|
|showteam|p2|Swampert||Swampertite|Torrent|WaveCrash,RockSlide,Earthquake,Protect|Adamant||M|||50|]Pelipper||FocusSash|Drizzle|WeatherBall,Hurricane,Tailwind,Protect|Modest||F|||50|]Archaludon||Leftovers|Stamina|FlashCannon,ElectroShot,DragonPulse,Protect|Modest||F|||50|]Sinistcha||BigRoot|Hospitality|MatchaGotcha,RagePowder,LifeDew,Protect|Modest|||||50|]Gholdengo||LifeOrb|GoodasGold|Protect,MakeItRain,ShadowBall,NastyPlot|Timid|||||50|]Grimmsnarl||LightClay|Prankster|LightScreen,Reflect,FakeOut,SpiritBreak|Impish||M|||50|
|j| Izzywooperstan
|j| VioletVeiledQueen
|j| TemporalDonut
|j| Blizz.vg
|j| PolaroidVGC
|j| ZardiCharVGC
|j| Autin Mago
|c|☆jaybee394|One second.
|c|☆jaybee394|Gotta send the replay
|c|☆Bbob415|Send them all at the end
|c|☆jaybee394|Ok
|
|t:|1782592698
|teamsize|p1|4
|teamsize|p2|4
|start
|switch|p1a: Raichu|Raichu, L50, M|100/100
|switch|p1b: Venusaur|Venusaur, L50, F|100/100
|switch|p2a: Grimmsnarl|Grimmsnarl, L50, M|100/100
|switch|p2b: Archaludon|Archaludon, L50, F|100/100
|turn|1
|
|t:|1782592745
|detailschange|p1b: Venusaur|Venusaur-Mega, L50, F
|-mega|p1b: Venusaur|Venusaur|Venusaurite
|move|p1a: Raichu|Fake Out|p2a: Grimmsnarl
|-damage|p2a: Grimmsnarl|93/100
|cant|p2a: Grimmsnarl|flinch
|move|p2b: Archaludon|Dragon Pulse|p1b: Venusaur
|-damage|p1b: Venusaur|67/100
|move|p1b: Venusaur|Earth Power|p2b: Archaludon
|-supereffective|p2b: Archaludon|1
|-damage|p2b: Archaludon|54/100
|-ability|p2b: Archaludon|Stamina|boost
|-boost|p2b: Archaludon|def|1
|
|-heal|p2b: Archaludon|60/100|[from] item: Leftovers
|upkeep
|turn|2
|
|t:|1782592772
|move|p2b: Archaludon|Protect|p2b: Archaludon
|-singleturn|p2b: Archaludon|Protect
|move|p2a: Grimmsnarl|Light Screen|p2a: Grimmsnarl
|-sidestart|p2: jaybee394|move: Light Screen
|move|p1a: Raichu|Focus Blast|p2b: Archaludon
|-activate|p2b: Archaludon|move: Protect
|move|p1b: Venusaur|Sludge Bomb|p2a: Grimmsnarl
|-supereffective|p2a: Grimmsnarl|1
|-damage|p2a: Grimmsnarl|37/100
|-status|p2a: Grimmsnarl|psn
|
|-heal|p2b: Archaludon|66/100|[from] item: Leftovers
|-damage|p2a: Grimmsnarl|25/100 psn|[from] psn
|upkeep
|turn|3
|
|t:|1782592805
|switch|p2b: Gholdengo|Gholdengo, L50|100/100
|move|p1a: Raichu|Protect|p1a: Raichu
|-singleturn|p1a: Raichu|Protect
|move|p1b: Venusaur|Sludge Bomb|p2a: Grimmsnarl
|-supereffective|p2a: Grimmsnarl|1
|-damage|p2a: Grimmsnarl|0 fnt
|faint|p2a: Grimmsnarl
|
|upkeep
|
|t:|1782592816
|switch|p2a: Pelipper|Pelipper, L50, F|100/100
|-weather|RainDance|[from] ability: Drizzle|[of] p2a: Pelipper
|turn|4
|l| Blizz.vg
|
|t:|1782592837
|switch|p1a: Garchomp|Garchomp, L50, M|100/100
|move|p2b: Gholdengo|Nasty Plot|p2b: Gholdengo
|-boost|p2b: Gholdengo|spa|2
|move|p2a: Pelipper|Tailwind|p2a: Pelipper
|-sidestart|p2: jaybee394|move: Tailwind
|move|p1b: Venusaur|Earth Power|p2b: Gholdengo
|-supereffective|p2b: Gholdengo|1
|-damage|p2b: Gholdengo|67/100
|
|-weather|RainDance|[upkeep]
|upkeep
|turn|5
|
|t:|1782592857
|move|p2b: Gholdengo|Shadow Ball|p1a: Garchomp
|-damage|p1a: Garchomp|7/100
|-damage|p2b: Gholdengo|57/100|[from] item: Life Orb
|move|p2a: Pelipper|Hurricane|p1b: Venusaur
|-supereffective|p1b: Venusaur|1
|-damage|p1b: Venusaur|0 fnt
|faint|p1b: Venusaur
|move|p1a: Garchomp|Stomping Tantrum|p2b: Gholdengo
|-supereffective|p2b: Gholdengo|1
|-damage|p2b: Gholdengo|0 fnt
|faint|p2b: Gholdengo
|-damage|p1a: Garchomp|0 fnt|[from] item: Life Orb
|faint|p1a: Garchomp
|
|-weather|RainDance|[upkeep]
|upkeep
|
|t:|1782592874
|switch|p1a: Raichu|Raichu, L50, M|100/100
|switch|p2b: Archaludon|Archaludon, L50, F|66/100
|switch|p1b: Basculegion|Basculegion, L50, M|100/100
|turn|6
|
|t:|1782592892
|move|p1a: Raichu|Fake Out|p2a: Pelipper
|-damage|p2a: Pelipper|89/100
|cant|p2a: Pelipper|flinch
|move|p2b: Archaludon|Electro Shot||[still]
|-activate|p1a: Raichu|ability: Lightning Rod
|-prepare|p2b: Archaludon|Electro Shot
|-boost|p2b: Archaludon|spa|1
|-anim|p2b: Archaludon|Electro Shot|p1a: Raichu
|-ability|p1a: Raichu|Lightning Rod|boost
|-boost|p1a: Raichu|spa|1
|move|p1b: Basculegion|Last Respects|p2b: Archaludon
|-damage|p2b: Archaludon|0 fnt
|faint|p2b: Archaludon
|
|-weather|RainDance|[upkeep]
|upkeep
|turn|7
|
|t:|1782592912
|move|p2a: Pelipper|Weather Ball|p1a: Raichu
|-damage|p1a: Raichu|0 fnt
|faint|p1a: Raichu
|move|p1b: Basculegion|Last Respects|p2a: Pelipper
|-damage|p2a: Pelipper|0 fnt
|faint|p2a: Pelipper
|
|win|Bbob415
|inactive|Bbob415 has 30 seconds to confirm battle start!
|inactive|jaybee394 has 30 seconds to confirm battle start!
||Bbob415 is ready for game 3.
||jaybee394 is ready for game 3.
|uhtml|next|Next: Game 3 of 3
|j| eevee1ynn
|l| Autin Mago
|l| Izzywooperstan
|l|☆Bbob415
|player|p1|
|l| TemporalDonut
|l| VioletVeiledQueen
|l| eevee1ynn
