|j|☆Mortipherus
|j|☆supremeenchilada
|html|Mortipherussupremeenchilada    
|uhtml|bestof|Game 3 of a best-of-3
|t:|1756292231
|gametype|doubles
|player|p1|Mortipherus|biker-gen4|1075
|player|p2|supremeenchilada|janitor|1033
|gen|9
|tier|[Gen 9] VGC 2025 Reg H (Bo3)
|rated|
|rule|Species Clause: Limit one of each Pokémon
|rule|Item Clause: Limit 1 of each item
|clearpoke
|poke|p1|Hydrapple, L50, M|
|poke|p1|Arcanine-Hisui, L50, F|
|poke|p1|Gholdengo, L50|
|poke|p1|Electabuzz, L50, F|
|poke|p1|Indeedee, L50, M|
|poke|p1|Sneasler, L50, M|
|poke|p2|Amoonguss, L50, M|
|poke|p2|Incineroar, L50, M|
|poke|p2|Indeedee-F, L50, F|
|poke|p2|Hatterene, L50, F|
|poke|p2|Torkoal, L50, M|
|poke|p2|Ursaluna, L50, M|
|teampreview|4
|showteam|p1|Hydrapple||AssaultVest|Regenerator|FickleBeam,EnergyBall,EarthPower,PollenPuff|||M|||50|,,,,,Bug]Arcanine-Hisui||ClearAmulet|Intimidate|Protect,ExtremeSpeed,FlareBlitz,RockSlide|||F|||50|,,,,,Grass]Gholdengo||LifeOrb|GoodasGold|Protect,NastyPlot,MakeItRain,ShadowBall||||||50|,,,,,Flying]Electabuzz||Eviolite|VitalSpirit|Protect,FollowMe,Taunt,Electroweb|||F|||50|,,,,,Dragon]Indeedee||FocusSash|PsychicSurge|Protect,TrickRoom,ExpandingForce,TeraBlast|||M|||50|,,,,,Ground]Sneasler||PsychicSeed|Unburden|Protect,ThroatChop,DireClaw,CloseCombat|||M|||50|,,,,,Dark
|showteam|p2|Amoonguss||RockyHelmet|EffectSpore|Protect,Spore,RagePowder,PollenPuff|||M|||50|,,,,,Rock]Incineroar||SafetyGoggles|Intimidate|FakeOut,KnockOff,FlareBlitz,PartingShot|||M|||50|,,,,,Bug]Indeedee-F||PsychicSeed|PsychicSurge|TrickRoom,Psychic,FollowMe,Protect|||F|||50|,,,,,Dark]Hatterene||LifeOrb|MagicBounce|DazzlingGleam,ExpandingForce,Protect,TrickRoom|||F|||50|,,,,,Psychic]Torkoal||Charcoal|Drought|Eruption,HeatWave,SolarBeam,AncientPower|||M|||50|,,,,,Flying]Ursaluna||FlameOrb|Guts|Protect,HeadlongRush,Earthquake,Facade|||M|||50|,,,,,Grass
|inactive|Battle timer is ON: inactive players will automatically lose when time's up. (requested by Mortipherus)
|
|t:|1756292263
|teamsize|p1|4
|teamsize|p2|4
|start
|switch|p1a: Electabuzz|Electabuzz, L50, F|100/100
|switch|p1b: Gholdengo|Gholdengo, L50|100/100
|switch|p2a: Incineroar|Incineroar, L50, M, shiny|100/100
|switch|p2b: Hatterene|Hatterene, L50, F, shiny|100/100
|-ability|p2a: Incineroar|Intimidate|boost
|-unboost|p1a: Electabuzz|atk|1
|-unboost|p1b: Gholdengo|atk|1
|turn|1
|inactive|Mortipherus has 30 seconds left.
|inactive|supremeenchilada has 30 seconds left.
|inactive|Mortipherus has 20 seconds left.
|inactive|supremeenchilada has 20 seconds left.
|inactive|Mortipherus has 15 seconds left.
|inactive|supremeenchilada has 15 seconds left.
|
|t:|1756292304
|switch|p1a: Hydrapple|Hydrapple, L50, M|100/100
|-terastallize|p2b: Hatterene|Psychic
|move|p1b: Gholdengo|Shadow Ball|p2b: Hatterene
|-supereffective|p2b: Hatterene
|-damage|p2b: Hatterene|0 fnt
|faint|p2b: Hatterene
|-damage|p1b: Gholdengo|91/100|[from] item: Life Orb
|move|p2a: Incineroar|Knock Off|p1b: Gholdengo
|-supereffective|p1b: Gholdengo
|-damage|p1b: Gholdengo|7/100
|-enditem|p1b: Gholdengo|Life Orb|[from] move: Knock Off|[of] p2a: Incineroar
|
|upkeep
|
|t:|1756292321
|switch|p2b: Indeedee|Indeedee-F, L50, F|100/100
|-fieldstart|move: Psychic Terrain|[from] ability: Psychic Surge|[of] p2b: Indeedee
|-enditem|p2b: Indeedee|Psychic Seed
|-boost|p2b: Indeedee|spd|1|[from] item: Psychic Seed
|turn|2
|
|t:|1756292336
|switch|p1b: Electabuzz|Electabuzz, L50, F|100/100
|move|p2b: Indeedee|Protect|p2b: Indeedee
|-singleturn|p2b: Indeedee|Protect
|move|p2a: Incineroar|Flare Blitz|p1b: Electabuzz
|-damage|p1b: Electabuzz|54/100
|-damage|p2a: Incineroar|87/100|[from] Recoil
|move|p1a: Hydrapple|Earth Power|p2a: Incineroar
|-supereffective|p2a: Incineroar
|-damage|p2a: Incineroar|22/100
|
|upkeep
|turn|3
|inactive|supremeenchilada has 30 seconds left.
|
|t:|1756292369
|switch|p2b: Ursaluna|Ursaluna, L50, M|100/100
|switch|p1a: Arcanine|Arcanine-Hisui, L50, F|100/100
|-ability|p1a: Arcanine|Intimidate|boost
|-unboost|p2a: Incineroar|atk|1
|-unboost|p2b: Ursaluna|atk|1
|move|p1b: Electabuzz|Taunt|p2b: Ursaluna
|-start|p2b: Ursaluna|move: Taunt
|move|p2a: Incineroar|Parting Shot|p1a: Arcanine
|-fail|p1a: Arcanine|unboost|[from] item: Clear Amulet|[of] p1a: Arcanine
|
|-status|p2b: Ursaluna|brn|[from] item: Flame Orb
|upkeep
|turn|4
|inactive|supremeenchilada has 30 seconds left.
|inactive|Mortipherus has 30 seconds left.
|inactive|supremeenchilada has 20 seconds left.
|
|t:|1756292408
|switch|p1b: Hydrapple|Hydrapple, L50, M|100/100
|-terastallize|p1a: Arcanine|Grass
|move|p1a: Arcanine|Rock Slide|p2b: Ursaluna|[spread] p2b
|-miss|p1a: Arcanine|p2a: Incineroar
|-resisted|p2b: Ursaluna
|-damage|p2b: Ursaluna|90/100 brn
|move|p2a: Incineroar|Knock Off|p1a: Arcanine
|-damage|p1a: Arcanine|69/100
|-enditem|p1a: Arcanine|Clear Amulet|[from] move: Knock Off|[of] p2a: Incineroar
|move|p2b: Ursaluna|Earthquake|p1a: Arcanine|[spread] p2a,p1a,p1b
|-supereffective|p2a: Incineroar
|-resisted|p1a: Arcanine
|-resisted|p1b: Hydrapple
|-damage|p2a: Incineroar|0 fnt
|-damage|p1a: Arcanine|44/100
|-damage|p1b: Hydrapple|82/100
|faint|p2a: Incineroar
|
|-damage|p2b: Ursaluna|84/100 brn|[from] brn
|upkeep
|
|t:|1756292423
|switch|p2a: Indeedee|Indeedee-F, L50, F|100/100
|turn|5
|
|t:|1756292437
|switch|p1a: Electabuzz|Electabuzz, L50, F|54/100
|move|p2a: Indeedee|Psychic|p1a: Electabuzz
|-damage|p1a: Electabuzz|28/100
|move|p2b: Ursaluna|Facade|p1b: Hydrapple
|-damage|p1b: Hydrapple|18/100
|move|p1b: Hydrapple|Energy Ball|p2b: Ursaluna
|-supereffective|p2b: Ursaluna
|-damage|p2b: Ursaluna|3/100 brn
|
|-damage|p2b: Ursaluna|0 fnt|[from] brn
|faint|p2b: Ursaluna
|upkeep
|turn|6
|-message|supremeenchilada forfeited.
|
|win|Mortipherus
|raw|Mortipherus's rating: 1075 → 1100(+25 for winning)
|raw|supremeenchilada's rating: 1033 → 1020(-13 for losing)
|l|☆supremeenchilada
|player|p2|
