|j|☆pawmiparade
|j|☆Vigneshgam
|html|pawmiparadeVigneshgam    
|uhtml|bestof|Game 1 of a best-of-3
|t:|1784042292
|gametype|doubles
|player|p1|pawmiparade|265|1000
|player|p2|Vigneshgam|ingo|1000
|gen|9
|tier|[Gen 9 Champions] VGC 2026 Reg M-B (Bo3)
|rated|
|rule|Species Clause: Limit one of each Pokémon
|rule|Item Clause: Limit 1 of each item
|clearpoke
|poke|p1|Incineroar, L50, M|
|poke|p1|Venusaur, L50, M|
|poke|p1|Charizard, L50, M|
|poke|p1|Garchomp, L50, M|
|poke|p1|Toxapex, L50, M|
|poke|p1|Annihilape, L50, F|
|poke|p2|Archaludon, L50, M|
|poke|p2|Pelipper, L50, F|
|poke|p2|Basculegion, L50, M|
|poke|p2|Swampert, L50, F|
|poke|p2|Ceruledge, L50, F|
|poke|p2|Samurott-Hisui, L50, M|
|teampreview|4
|showteam|p1|Incineroar||SitrusBerry|Intimidate|FakeOut,ThroatChop,FlareBlitz,PartingShot|Impish||M|||50|]Venusaur||LifeOrb|Chlorophyll|SolarBeam,SludgeBomb,EarthPower,Protect|Modest||M|||50|]Charizard||CharizarditeY|Blaze|HeatWave,WeatherBall,HelpingHand,Protect|Modest||M|||50|]Garchomp||ChoiceScarf|RoughSkin|DragonClaw,Earthquake,RockSlide,StompingTantrum|Adamant||M|||50|]Toxapex||Leftovers|Regenerator|Infestation,Toxic,BanefulBunker,WideGuard|Bold||M|||50|]Annihilape||FocusSash|Defiant|PhantomForce,CloseCombat,RockTomb,Protect|Jolly||F|||50|
|showteam|p2|Archaludon||Metronome|Stamina|ElectroShot,Earthquake,BrickBreak,DarkPulse|Serious||M|||50|]Pelipper||DampRock|Drizzle|Hurricane,HelpingHand,WeatherBall,KnockOff|Serious||F|||50|]Basculegion||ExpertBelt|SwiftSwim|WaveCrash,LastRespects,AquaJet,FlipTurn|Serious||M|||50|]Swampert||Swampertite|Torrent|BrickBreak,Earthquake,IceBeam,WaveCrash|Serious||F|||50|]Ceruledge||LifeOrb|WeakArmor|BitterBlade,CloseCombat,FlareBlitz,ShadowBall|Serious||F|||50|]Samurott-Hisui||FocusSash|Torrent|AquaCutter,CeaselessEdge,Waterfall,AquaJet|Serious||M|||50|
|
|t:|1784042331
|teamsize|p1|4
|teamsize|p2|4
|start
|switch|p1a: Venusaur|Venusaur, L50, M|100/100
|switch|p1b: Charizard|Charizard, L50, M|100/100
|switch|p2a: Archaludon|Archaludon, L50, M|100/100
|switch|p2b: Pelipper|Pelipper, L50, F|100/100
|-weather|RainDance|[from] ability: Drizzle|[of] p2b: Pelipper
|turn|1
|
|t:|1784042355
|detailschange|p1b: Charizard|Charizard-Mega-Y, L50, M
|-mega|p1b: Charizard|Charizard|Charizardite Y
|-weather|SunnyDay|[from] ability: Drought|[of] p1b: Charizard
|move|p1b: Charizard|Helping Hand|p1a: Venusaur
|-singleturn|p1a: Venusaur|Helping Hand|[of] p1b: Charizard
|move|p1a: Venusaur|Earth Power|p2a: Archaludon
|-supereffective|p2a: Archaludon|1
|-damage|p2a: Archaludon|0 fnt
|faint|p2a: Archaludon
|-damage|p1a: Venusaur|90/100|[from] item: Life Orb
|move|p2b: Pelipper|Weather Ball|p1a: Venusaur
|-supereffective|p1a: Venusaur|1
|-damage|p1a: Venusaur|2/100
|
|-weather|SunnyDay|[upkeep]
|upkeep
|
|t:|1784042380
|switch|p2a: Basculegion|Basculegion, L50, M|100/100
|turn|2
|
|t:|1784042403
|move|p2a: Basculegion|Aqua Jet|p1a: Venusaur
|-resisted|p1a: Venusaur|1
|-damage|p1a: Venusaur|0 fnt
|faint|p1a: Venusaur
|move|p1b: Charizard|Weather Ball|p2a: Basculegion
|-resisted|p2a: Basculegion|1
|-damage|p2a: Basculegion|51/100
|move|p2b: Pelipper|Knock Off|p1b: Charizard
|-damage|p1b: Charizard|92/100
|
|-weather|SunnyDay|[upkeep]
|upkeep
|
|t:|1784042426
|switch|p1a: Toxapex|Toxapex, L50, M|100/100
|turn|3
|
|t:|1784042448
|move|p1b: Charizard|Protect|p1b: Charizard
|-singleturn|p1b: Charizard|Protect
|move|p2a: Basculegion|Wave Crash|p1b: Charizard
|-activate|p1b: Charizard|move: Protect
|move|p2b: Pelipper|Hurricane|p1a: Toxapex
|-damage|p1a: Toxapex|66/100
|-start|p1a: Toxapex|confusion
|-activate|p1a: Toxapex|confusion
|-damage|p1a: Toxapex|61/100|[from] confusion
|
|-weather|SunnyDay|[upkeep]
|-heal|p1a: Toxapex|67/100|[from] item: Leftovers
|upkeep
|turn|4
|
|t:|1784042476
|switch|p1b: Incineroar|Incineroar, L50, M|100/100
|-ability|p1b: Incineroar|Intimidate|boost
|-unboost|p2a: Basculegion|atk|1
|-unboost|p2b: Pelipper|atk|1
|move|p2b: Pelipper|Helping Hand|p2a: Basculegion
|-singleturn|p2a: Basculegion|Helping Hand|[of] p2b: Pelipper
|move|p2a: Basculegion|Wave Crash|p1b: Incineroar
|-supereffective|p1b: Incineroar|1
|-damage|p1b: Incineroar|49/100
|-enditem|p1b: Incineroar|Sitrus Berry|[eat]
|-heal|p1b: Incineroar|73/100|[from] item: Sitrus Berry
|-damage|p2a: Basculegion|34/100|[from] Recoil
|-end|p1a: Toxapex|confusion
|move|p1a: Toxapex|Toxic|p2a: Basculegion
|-status|p2a: Basculegion|tox
|
|-weather|SunnyDay|[upkeep]
|-heal|p1a: Toxapex|73/100|[from] item: Leftovers
|-damage|p2a: Basculegion|28/100 tox|[from] psn
|upkeep
|turn|5
|
|t:|1784042509
|switch|p2b: Swampert|Swampert, L50, F|100/100
|move|p1b: Incineroar|Fake Out|p2b: Swampert
|-damage|p2b: Swampert|90/100
|move|p2a: Basculegion|Flip Turn|p1b: Incineroar
|-supereffective|p1b: Incineroar|1
|-damage|p1b: Incineroar|58/100
|
|t:|1784042519
|switch|p2a: Pelipper|Pelipper, L50, F|100/100|[from] Flip Turn
|-weather|RainDance|[from] ability: Drizzle|[of] p2a: Pelipper
|move|p1a: Toxapex|Infestation|p2a: Pelipper
|-resisted|p2a: Pelipper|1
|-damage|p2a: Pelipper|97/100
|-activate|p2a: Pelipper|move: Infestation|[of] p1a: Toxapex
|
|-weather|RainDance|[upkeep]
|-heal|p1a: Toxapex|78/100|[from] item: Leftovers
|-damage|p2a: Pelipper|85/100|[from] move: Infestation|[partiallytrapped]
|upkeep
|turn|6
|
|t:|1784042549
|move|p2a: Pelipper|Weather Ball|p1b: Incineroar
|-supereffective|p1b: Incineroar|1
|-damage|p1b: Incineroar|0 fnt
|faint|p1b: Incineroar
|move|p2b: Swampert|Earthquake|p1a: Toxapex|[spread] p1a
|-immune|p2a: Pelipper
|-supereffective|p1a: Toxapex|1
|-damage|p1a: Toxapex|29/100
|move|p1a: Toxapex|Toxic|p2b: Swampert
|-status|p2b: Swampert|tox
|
|-weather|RainDance|[upkeep]
|-heal|p1a: Toxapex|35/100|[from] item: Leftovers
|-damage|p2b: Swampert|85/100 tox|[from] psn
|-damage|p2a: Pelipper|73/100|[from] move: Infestation|[partiallytrapped]
|upkeep
|
|t:|1784042564
|switch|p1b: Charizard|Charizard-Mega-Y, L50, M|92/100
|-weather|SunnyDay|[from] ability: Drought|[of] p1b: Charizard
|turn|7
|
|t:|1784042596
|detailschange|p2b: Swampert|Swampert-Mega, L50, F
|-mega|p2b: Swampert|Swampert|Swampertite
|move|p1b: Charizard|Weather Ball|p2b: Swampert
|-resisted|p2b: Swampert|1
|-damage|p2b: Swampert|47/100 tox
|move|p2b: Swampert|Wave Crash|p1b: Charizard
|-supereffective|p1b: Charizard|1
|-damage|p1b: Charizard|25/100
|-damage|p2b: Swampert|24/100 tox|[from] Recoil
|move|p2a: Pelipper|Hurricane|p1a: Toxapex
|-damage|p1a: Toxapex|1/100
|move|p1a: Toxapex|Infestation|p2b: Swampert
|-damage|p2b: Swampert|21/100 tox
|-activate|p2b: Swampert|move: Infestation|[of] p1a: Toxapex
|
|-weather|SunnyDay|[upkeep]
|-heal|p1a: Toxapex|6/100|[from] item: Leftovers
|-damage|p2b: Swampert|10/100 tox|[from] psn
|-damage|p2b: Swampert|0 fnt|[from] move: Infestation|[partiallytrapped]
|faint|p2b: Swampert
|-damage|p2a: Pelipper|61/100|[from] move: Infestation|[partiallytrapped]
|upkeep
|
|t:|1784042619
|switch|p2b: Basculegion|Basculegion, L50, M|28/100 tox
|turn|8
|
|t:|1784042639
|move|p1a: Toxapex|Baneful Bunker|p1a: Toxapex
|-singleturn|p1a: Toxapex|move: Protect
|move|p2b: Basculegion|Aqua Jet|p1b: Charizard
|-supereffective|p1b: Charizard|1
|-damage|p1b: Charizard|6/100
|move|p1b: Charizard|Heat Wave|p2a: Pelipper|[spread] p2b
|-miss|p1b: Charizard|p2a: Pelipper
|-resisted|p2b: Basculegion|1
|-damage|p2b: Basculegion|0 fnt
|faint|p2b: Basculegion
|move|p2a: Pelipper|Hurricane|p1a: Toxapex
|-activate|p1a: Toxapex|move: Protect
|
|-weather|SunnyDay|[upkeep]
|-heal|p1a: Toxapex|12/100|[from] item: Leftovers
|-damage|p2a: Pelipper|49/100|[from] move: Infestation|[partiallytrapped]
|upkeep
|turn|9
|
|t:|1784042664
|move|p1b: Charizard|Weather Ball|p2a: Pelipper
|-resisted|p2a: Pelipper|1
|-damage|p2a: Pelipper|0 fnt
|faint|p2a: Pelipper
|
|win|pawmiparade
