|j|☆glofer
|j|☆PopoVGC
|html|gloferPopoVGC    
|uhtml|bestof|Game 2 of a best-of-3
|t:|1785898773
|gametype|doubles
|player|p1|glofer|blackbelt|1185
|player|p2|PopoVGC|silver|1240
|gen|9
|tier|[Gen 9 Champions] VGC 2026 Reg M-B (Bo3)
|rated|
|rule|Species Clause: Limit one of each Pokémon
|rule|Item Clause: Limit 1 of each item
|clearpoke
|poke|p1|Bellibolt, L50, F|
|poke|p1|Raichu, L50, F|
|poke|p1|Jolteon, L50, F|
|poke|p1|Manectric, L50, M|
|poke|p1|Eelektross, L50, F|
|poke|p1|Emolga, L50, M|
|poke|p2|Gholdengo, L50|
|poke|p2|Tyranitar, L50, F|
|poke|p2|Excadrill, L50, F|
|poke|p2|Pidgeot, L50, M|
|poke|p2|Tsareena, L50, F|
|poke|p2|Rotom-Wash, L50|
|teampreview|4
|showteam|p1|Bellibolt||Leftovers|Electromorphosis|ParabolicCharge,AcidSpray,Soak,Protect|Quiet||F|||50|]Raichu||RaichuniteY|LightningRod|ZapCannon,FocusBlast,FakeOut,Protect|Hasty||F|||50|]Jolteon||LifeOrb|VoltAbsorb|Discharge,ShadowBall,AlluringVoice,Protect|Timid||F|||50|]Manectric||Manectite|LightningRod|VoltSwitch,Flamethrower,Snarl,Protect|Timid||M|||50|]Eelektross||SitrusBerry|Levitate|SupercellSlam,DrainPunch,Bulldoze,Coil|Adamant||F|||50|]Emolga||FocusSash|MotorDrive|ElectroBall,AirSlash,Taunt,Encore|Timid||M|||50|
|showteam|p2|Gholdengo||LifeOrb|GoodasGold|MakeItRain,ShadowBall,NastyPlot,Protect|Timid|||||50|]Tyranitar||Tyranitarite|SandStream|RockSlide,KnockOff,Protect,LowKick|Jolly||F|||50|]Excadrill||FocusSash|SandRush|IronHead,Earthquake,RockSlide,Protect|Adamant||F|||50|]Pidgeot||Pidgeotite|BigPecks|Hurricane,HeatWave,Protect,Tailwind|Timid||M|||50|]Tsareena||ChoiceScarf|QueenlyMajesty|PowerWhip,TripleAxel,Uturn,LowKick|Jolly||F|||50|]Rotom-Wash||SitrusBerry|Levitate|Thunderbolt,HydroPump,Protect,WillOWisp|Bold|||||50|
|inactive|Battle timer is ON: inactive players will automatically lose when time's up. (requested by glofer)
|
|t:|1785898795
|teamsize|p1|4
|teamsize|p2|4
|start
|switch|p1a: Manectric|Manectric, L50, M|100/100
|switch|p1b: Eelektross|Eelektross, L50, F|100/100
|switch|p2a: Excadrill|Excadrill, L50, F|100/100
|switch|p2b: Tyranitar|Tyranitar, L50, F|100/100
|-weather|Sandstorm|[from] ability: Sand Stream|[of] p2b: Tyranitar
|turn|1
|
|t:|1785898812
|detailschange|p1a: Manectric|Manectric-Mega, L50, M
|-mega|p1a: Manectric|Manectric|Manectite
|-ability|p1a: Manectric|Intimidate|boost
|-unboost|p2a: Excadrill|atk|1
|-unboost|p2b: Tyranitar|atk|1
|detailschange|p2b: Tyranitar|Tyranitar-Mega, L50, F
|-mega|p2b: Tyranitar|Tyranitar|Tyranitarite
|move|p1a: Manectric|Protect|p1a: Manectric
|-singleturn|p1a: Manectric|Protect
|move|p2a: Excadrill|Rock Slide|p1a: Manectric|[spread] p1b
|-activate|p1a: Manectric|move: Protect
|-damage|p1b: Eelektross|84/100
|move|p2b: Tyranitar|Rock Slide|p1a: Manectric|[spread] p1b
|-activate|p1a: Manectric|move: Protect
|-damage|p1b: Eelektross|58/100
|cant|p1b: Eelektross|flinch
|
|-weather|Sandstorm|[upkeep]
|-damage|p1a: Manectric|93/100|[from] Sandstorm
|-damage|p1b: Eelektross|52/100|[from] Sandstorm
|upkeep
|turn|2
|inactive|glofer has 30 seconds left.
|
|t:|1785898840
|switch|p1a: Bellibolt|Bellibolt, L50, F|100/100
|move|p2a: Excadrill|Protect|p2a: Excadrill
|-singleturn|p2a: Excadrill|Protect
|move|p2b: Tyranitar|Knock Off|p1b: Eelektross
|-damage|p1b: Eelektross|6/100
|-enditem|p1b: Eelektross|Sitrus Berry|[from] move: Knock Off|[of] p2b: Tyranitar
|move|p1b: Eelektross|Drain Punch|p2b: Tyranitar
|-supereffective|p2b: Tyranitar|2
|-damage|p2b: Tyranitar|25/100
|-heal|p1b: Eelektross|41/100|[from] drain|[of] p2b: Tyranitar
|
|-weather|Sandstorm|[upkeep]
|-damage|p1b: Eelektross|34/100|[from] Sandstorm
|-damage|p1a: Bellibolt|93/100|[from] Sandstorm
|-heal|p1a: Bellibolt|100/100|[from] item: Leftovers
|upkeep
|turn|3
|
|t:|1785898864
|switch|p2a: Tsareena|Tsareena, L50, F|100/100
|switch|p2b: Gholdengo|Gholdengo, L50|100/100
|switch|p1a: Manectric|Manectric-Mega, L50, M|93/100
|-ability|p1a: Manectric|Intimidate|boost
|-unboost|p2a: Tsareena|atk|1
|-unboost|p2b: Gholdengo|atk|1
|move|p1b: Eelektross|Drain Punch|p2a: Tsareena
|-damage|p2a: Tsareena|65/100
|-heal|p1b: Eelektross|48/100|[from] drain|[of] p2a: Tsareena
|
|-weather|Sandstorm|[upkeep]
|-damage|p1a: Manectric|87/100|[from] Sandstorm
|-damage|p2a: Tsareena|59/100|[from] Sandstorm
|-damage|p1b: Eelektross|42/100|[from] Sandstorm
|upkeep
|turn|4
|
|t:|1785898883
|switch|p1b: Bellibolt|Bellibolt, L50, F|100/100
|move|p1a: Manectric|Flamethrower|p2b: Gholdengo
|-supereffective|p2b: Gholdengo|1
|-damage|p2b: Gholdengo|31/100
|move|p2a: Tsareena|Power Whip|p1b: Bellibolt
|-damage|p1b: Bellibolt|66/100
|-start|p1b: Bellibolt|Charge|Power Whip|[from] ability: Electromorphosis
|move|p2b: Gholdengo|Shadow Ball|p1a: Manectric
|-damage|p1a: Manectric|2/100
|-damage|p2b: Gholdengo|21/100|[from] item: Life Orb
|
|-weather|Sandstorm|[upkeep]
|-damage|p1a: Manectric|0 fnt|[from] Sandstorm
|-damage|p2a: Tsareena|53/100|[from] Sandstorm
|-damage|p1b: Bellibolt|60/100|[from] Sandstorm
|faint|p1a: Manectric
|-heal|p1b: Bellibolt|66/100|[from] item: Leftovers
|upkeep
|
|t:|1785898899
|switch|p1a: Jolteon|Jolteon, L50, F|100/100
|turn|5
|
|t:|1785898920
|switch|p2a: Excadrill|Excadrill, L50, F|100/100
|move|p2b: Gholdengo|Protect|p2b: Gholdengo
|-singleturn|p2b: Gholdengo|Protect
|move|p1a: Jolteon|Discharge|p2a: Excadrill|[spread] p1b
|-activate|p2b: Gholdengo|move: Protect
|-immune|p2a: Excadrill
|-resisted|p1b: Bellibolt|1
|-damage|p1b: Bellibolt|48/100
|-start|p1b: Bellibolt|Charge|Discharge|[from] ability: Electromorphosis
|-damage|p1a: Jolteon|90/100|[from] item: Life Orb
|move|p1b: Bellibolt|Parabolic Charge|p2a: Excadrill|[spread] 
|-activate|p2b: Gholdengo|move: Protect
|-heal|p1a: Jolteon|100/100|[from] ability: Volt Absorb|[of] p1b: Bellibolt
|-immune|p2a: Excadrill
|-end|p1b: Bellibolt|Charge|[silent]
|
|-weather|none
|-heal|p1b: Bellibolt|54/100|[from] item: Leftovers
|upkeep
|turn|6
|
|t:|1785898930
|switch|p2b: Tyranitar|Tyranitar-Mega, L50, F|25/100
|-weather|Sandstorm|[from] ability: Sand Stream|[of] p2b: Tyranitar
|switch|p1b: Eelektross|Eelektross, L50, F|42/100
|move|p2a: Excadrill|Earthquake|p1a: Jolteon|[spread] p2b,p1a
|-immune|p1b: Eelektross|[from] ability: Levitate
|-supereffective|p2b: Tyranitar|1
|-supereffective|p1a: Jolteon|1
|-damage|p2b: Tyranitar|0 fnt
|-damage|p1a: Jolteon|0 fnt
|faint|p2b: Tyranitar
|faint|p1a: Jolteon
|
|-weather|Sandstorm|[upkeep]
|-damage|p1b: Eelektross|35/100|[from] Sandstorm
|upkeep
|
|t:|1785898942
|switch|p1a: Bellibolt|Bellibolt, L50, F|54/100
|switch|p2b: Gholdengo|Gholdengo, L50|21/100
|turn|7
|
|t:|1785898956
|move|p2a: Excadrill|Protect|p2a: Excadrill
|-singleturn|p2a: Excadrill|Protect
|move|p1a: Bellibolt|Protect|p1a: Bellibolt
|-singleturn|p1a: Bellibolt|Protect
|move|p2b: Gholdengo|Shadow Ball|p1b: Eelektross
|-damage|p1b: Eelektross|0 fnt
|faint|p1b: Eelektross
|-damage|p2b: Gholdengo|12/100|[from] item: Life Orb
|
|-weather|Sandstorm|[upkeep]
|-damage|p1a: Bellibolt|48/100|[from] Sandstorm
|-heal|p1a: Bellibolt|54/100|[from] item: Leftovers
|upkeep
|turn|8
|c|☆glofer|Gg
|-message|glofer forfeited.
|
|win|PopoVGC
|raw|glofer's rating: 1185 → 1164(-21 for losing)
|raw|PopoVGC's rating: 1240 → 1261(+21 for winning)
