|j|☆SuperNovaKush
|j|☆gengarisgoated0094
|html|SuperNovaKushgengarisgoated0094    
|uhtml|bestof|Game 1 of a best-of-3
|t:|1785514088
|gametype|doubles
|player|p1|SuperNovaKush|red|
|player|p2|gengarisgoated0094|psychic|
|gen|9
|tier|[Gen 9 Champions] VGC 2026 Reg M-B (Bo3)
|rule|Species Clause: Limit one of each Pokémon
|rule|Item Clause: Limit 1 of each item
|clearpoke
|poke|p1|Hydreigon, L50, F|
|poke|p1|Primarina, L50, M|
|poke|p1|Corviknight, L50, F|
|poke|p1|Kangaskhan, L50, F|
|poke|p1|Delphox, L50, F|
|poke|p1|Venusaur, L50, F|
|poke|p2|Gengar, L50, F, shiny|
|poke|p2|Venusaur, L50, F, shiny|
|poke|p2|Alcremie, L50, F, shiny|
|poke|p2|Typhlosion-Hisui, L50, F|
|poke|p2|Volcarona, L50, M|
|poke|p2|Lopunny, L50, F|
|teampreview|4
|showteam|p1|Hydreigon||ChoiceScarf|Levitate|Snarl,DarkPulse,HeatWave,DracoMeteor|Modest||F|||50|]Primarina||LifeOrb|LiquidVoice|HyperVoice,Moonblast,CalmMind,Protect|Modest||M|||50|]Corviknight||SitrusBerry|MirrorArmor|Tailwind,IronHead,BodyPress,IronDefense|Bold||F|||50|]Kangaskhan||SilkScarf|Scrappy|FakeOut,LastResort|Adamant||F|||50|]Delphox||Delphoxite|Magician|HeatWave,Psychic,NastyPlot,Protect|Timid||F|||50|]Venusaur||Venusaurite|Chlorophyll|LeafStorm,Earthquake,SludgeBomb,Protect|Modest||F|||50|
|showteam|p2|Gengar||Gengarite|CursedBody|PerishSong,Protect,Substitute,ShadowBall|Timid||F|||50|]Venusaur||Venusaurite|Chlorophyll|Protect,EarthPower,GigaDrain,SludgeBomb|Modest||F|||50|]Alcremie||BabiriBerry|SweetVeil|Decorate,Encore,Endeavor,Protect|Bold||F|||50|]Typhlosion-Hisui||ChoiceScarf|Blaze|Eruption,ShadowBall,Overheat,FocusBlast|Modest||F|||50|]Volcarona||FocusSash|FlameBody|QuiverDance,HeatWave,GigaDrain,Protect|Modest||M|||50|]Lopunny||Lopunnite|CuteCharm|FakeOut,Uturn,Protect,CloseCombat|Jolly||F|||50|
|inactive|Battle timer is ON: inactive players will automatically lose when time's up. (requested by gengarisgoated0094)
|inactive|SuperNovaKush has 60 seconds left.
|inactive|gengarisgoated0094 has 60 seconds left.
|inactive|gengarisgoated0094 has 30 seconds left.
|inactive|gengarisgoated0094 has 20 seconds left.
|
|t:|1785514161
|teamsize|p1|4
|teamsize|p2|4
|start
|switch|p1a: Hydreigon|Hydreigon, L50, F|100/100
|switch|p1b: Delphox|Delphox, L50, F|100/100
|switch|p2a: Lopunny|Lopunny, L50, F|100/100
|switch|p2b: Typhlosion|Typhlosion-Hisui, L50, F|100/100
|turn|1
|inactive|SuperNovaKush has 30 seconds left.
|inactive|SuperNovaKush has 20 seconds left.
|inactive|SuperNovaKush has 15 seconds left.
|inactive|SuperNovaKush has 10 seconds left.
|
|t:|1785514209
|detailschange|p1b: Delphox|Delphox-Mega, L50, F
|-mega|p1b: Delphox|Delphox|Delphoxite
|move|p1b: Delphox|Protect|p1b: Delphox
|-singleturn|p1b: Delphox|Protect
|move|p2a: Lopunny|Fake Out|p1a: Hydreigon
|-damage|p1a: Hydreigon|84/100
|cant|p1a: Hydreigon|flinch
|move|p2b: Typhlosion|Shadow Ball|p1b: Delphox
|-activate|p1b: Delphox|move: Protect
|
|upkeep
|turn|2
|
|t:|1785514234
|switch|p1b: Kangaskhan|Kangaskhan, L50, F|100/100
|move|p1a: Hydreigon|Snarl|p2b: Typhlosion|[spread] p2a,p2b
|-supereffective|p2b: Typhlosion|1
|-damage|p2a: Lopunny|72/100
|-damage|p2b: Typhlosion|44/100
|-unboost|p2a: Lopunny|spa|1
|-unboost|p2b: Typhlosion|spa|1
|move|p2b: Typhlosion|Shadow Ball|p1b: Kangaskhan
|-immune|p1b: Kangaskhan
|move|p2a: Lopunny|Close Combat|p1a: Hydreigon
|-supereffective|p1a: Hydreigon|1
|-damage|p1a: Hydreigon|13/100
|-unboost|p2a: Lopunny|def|1
|-unboost|p2a: Lopunny|spd|1
|
|upkeep
|turn|3
|
|t:|1785514255
|move|p2a: Lopunny|Protect|p2a: Lopunny
|-singleturn|p2a: Lopunny|Protect
|move|p1b: Kangaskhan|Fake Out|p2a: Lopunny
|-activate|p2a: Lopunny|move: Protect
|move|p1a: Hydreigon|Snarl|p2a: Lopunny|[spread] p2b
|-activate|p2a: Lopunny|move: Protect
|-supereffective|p2b: Typhlosion|1
|-damage|p2b: Typhlosion|0 fnt
|faint|p2b: Typhlosion
|
|upkeep
|
|t:|1785514272
|switch|p2b: Venusaur|Venusaur, L50, F, shiny|100/100
|turn|4
|inactive|SuperNovaKush has 30 seconds left.
|
|t:|1785514300
|switch|p1a: Primarina|Primarina, L50, M|100/100
|switch|p1b: Delphox|Delphox-Mega, L50, F|100/100
|detailschange|p2b: Venusaur|Venusaur-Mega, L50, F, shiny
|-mega|p2b: Venusaur|Venusaur|Venusaurite
|move|p2a: Lopunny|U-turn|p1a: Primarina
|-resisted|p1a: Primarina|1
|-damage|p1a: Primarina|89/100
|
|t:|1785514309
|switch|p2a: Volcarona|Volcarona, L50, M|100/100|[from] U-turn
|move|p2b: Venusaur|Sludge Bomb|p1b: Delphox
|-damage|p1b: Delphox|55/100
|-status|p1b: Delphox|psn
|
|-damage|p1b: Delphox|43/100 psn|[from] psn
|upkeep
|turn|5
|inactive|SuperNovaKush has 30 seconds left.
|inactive|SuperNovaKush has 20 seconds left.
|inactive|SuperNovaKush has 15 seconds left.
|inactive|SuperNovaKush has 10 seconds left.
|inactive|SuperNovaKush has 5 seconds left.
|
|t:|1785514361
|switch|p2a: Lopunny|Lopunny, L50, F|72/100
|move|p1a: Primarina|Protect|p1a: Primarina
|-singleturn|p1a: Primarina|Protect
|move|p1b: Delphox|Psychic|p2b: Venusaur
|-supereffective|p2b: Venusaur|1
|-damage|p2b: Venusaur|13/100
|move|p2b: Venusaur|Giga Drain|p1a: Primarina
|-activate|p1a: Primarina|move: Protect
|
|-damage|p1b: Delphox|31/100 psn|[from] psn
|upkeep
|turn|6
|inactive|SuperNovaKush has 30 seconds left.
|inactive|SuperNovaKush has 20 seconds left.
|inactive|gengarisgoated0094 has 30 seconds left.
|inactive|SuperNovaKush has 15 seconds left.
|inactive|SuperNovaKush has 10 seconds left.
|inactive|gengarisgoated0094 has 20 seconds left.
|
|t:|1785514410
|switch|p1a: Hydreigon|Hydreigon, L50, F|13/100
|move|p2a: Lopunny|Fake Out|p1b: Delphox
|-damage|p1b: Delphox|11/100 psn
|cant|p1b: Delphox|flinch
|move|p2b: Venusaur|Giga Drain|p1a: Hydreigon
|-resisted|p1a: Hydreigon|1
|-damage|p1a: Hydreigon|0 fnt
|-heal|p2b: Venusaur|19/100|[from] drain|[of] p1a: Hydreigon
|faint|p1a: Hydreigon
|
|-damage|p1b: Delphox|0 fnt|[from] psn
|faint|p1b: Delphox
|upkeep
|
|t:|1785514427
|switch|p1b: Kangaskhan|Kangaskhan, L50, F|100/100
|switch|p1a: Primarina|Primarina, L50, M|89/100
|turn|7
|
|t:|1785514446
|move|p2a: Lopunny|Protect|p2a: Lopunny
|-singleturn|p2a: Lopunny|Protect
|move|p2b: Venusaur|Protect|p2b: Venusaur
|-singleturn|p2b: Venusaur|Protect
|move|p1b: Kangaskhan|Fake Out|p2a: Lopunny
|-activate|p2a: Lopunny|move: Protect
|move|p1a: Primarina|Hyper Voice|p2b: Venusaur|[spread] 
|-activate|p2a: Lopunny|move: Protect
|-activate|p2b: Venusaur|move: Protect
|
|upkeep
|turn|8
|
|t:|1785514469
|move|p1a: Primarina|Protect|p1a: Primarina
|-singleturn|p1a: Primarina|Protect
|move|p2a: Lopunny|Close Combat|p1b: Kangaskhan
|-supereffective|p1b: Kangaskhan|1
|-damage|p1b: Kangaskhan|36/100
|-unboost|p2a: Lopunny|def|1
|-unboost|p2a: Lopunny|spd|1
|move|p1b: Kangaskhan|Last Resort|p2b: Venusaur
|-damage|p2b: Venusaur|0 fnt
|faint|p2b: Venusaur
|
|upkeep
|
|t:|1785514480
|switch|p2b: Volcarona|Volcarona, L50, M|100/100
|turn|9
|
|t:|1785514494
|move|p2a: Lopunny|Close Combat|p1b: Kangaskhan
|-supereffective|p1b: Kangaskhan|1
|-damage|p1b: Kangaskhan|0 fnt
|-unboost|p2a: Lopunny|def|1
|-unboost|p2a: Lopunny|spd|1
|faint|p1b: Kangaskhan
|move|p2b: Volcarona|Quiver Dance|p2b: Volcarona
|-boost|p2b: Volcarona|spa|1
|-boost|p2b: Volcarona|spd|1
|-boost|p2b: Volcarona|spe|1
|move|p1a: Primarina|Hyper Voice|p2a: Lopunny|[spread] p2a,p2b
|-supereffective|p2b: Volcarona|1
|-damage|p2a: Lopunny|0 fnt
|-damage|p2b: Volcarona|25/100
|faint|p2a: Lopunny
|-damage|p1a: Primarina|79/100|[from] item: Life Orb
|
|upkeep
|turn|10
|
|t:|1785514515
|move|p2b: Volcarona|Giga Drain|p1a: Primarina
|-supereffective|p1a: Primarina|1
|-damage|p1a: Primarina|3/100
|-heal|p2b: Volcarona|69/100|[from] drain|[of] p1a: Primarina
|move|p1a: Primarina|Hyper Voice|p2b: Volcarona
|-supereffective|p2b: Volcarona|1
|-damage|p2b: Volcarona|0 fnt
|faint|p2b: Volcarona
|-damage|p1a: Primarina|0 fnt|[from] item: Life Orb
|faint|p1a: Primarina
|
|win|SuperNovaKush
|inactive|SuperNovaKush has 30 seconds to confirm battle start!
|inactive|gengarisgoated0094 has 30 seconds to confirm battle start!
||SuperNovaKush is ready for game 2.
||gengarisgoated0094 is ready for game 2.
|uhtml|next|Next: Game 2 of 3
|l|☆gengarisgoated0094
|player|p2|
