|j|☆jimbo13
|j|☆SapoWitch
|html|jimbo13SapoWitch    
|uhtml|bestof|Game 2 of a best-of-3
|t:|1784226459
|gametype|doubles
|player|p1|jimbo13|grimsley|
|player|p2|SapoWitch|rocketgruntf|
|gen|9
|tier|[Gen 9 Champions] VGC 2026 Reg M-B (Bo3)
|rule|Species Clause: Limit one of each Pokémon
|rule|Item Clause: Limit 1 of each item
|clearpoke
|poke|p1|Spiritomb, L50, M|
|poke|p1|Snorlax, L50, M|
|poke|p1|Torkoal, L50, F|
|poke|p1|Grimmsnarl, L50, M|
|poke|p1|Scizor, L50, F|
|poke|p1|Typhlosion-Hisui, L50, M|
|poke|p2|Feraligatr, L50, M|
|poke|p2|Ninetales-Alola, L50, M|
|poke|p2|Sneasler, L50, F|
|poke|p2|Corviknight, L50, F|
|poke|p2|Meowscarada, L50, F|
|poke|p2|Scrafty, L50, M|
|teampreview|4
|showteam|p1|Spiritomb||SpellTag|Infiltrator|Hex,WillOWisp,TrickRoom,PainSplit|Quiet||M|||50|]Snorlax||ChestoBerry|ThickFat|BodySlam,Earthquake,Rest,SupercellSlam|Brave||M|||50|]Torkoal||SitrusBerry|Drought|Eruption,Protect,SolarBeam,WillOWisp|Quiet||F|||50|]Grimmsnarl||LightClay|Prankster|SpiritBreak,PartingShot,Reflect,LightScreen|Sassy||M|||50|]Scizor||Scizorite|Technician|BulletPunch,BugBite,SwordsDance,DualWingbeat|Brave||F|||50|]Typhlosion-Hisui||ChoiceScarf|Frisk|Eruption,InfernalParade,FocusBlast,Extrasensory|Timid||M|||50|
|showteam|p2|Feraligatr||Feraligite|SheerForce|DragonDance,Liquidation,BodySlam,Protect|Adamant||M|||50|]Ninetales-Alola||LightClay|SnowWarning|AuroraVeil,DazzlingGleam,FreezeDry,IcyWind|Serious||M|||50|]Sneasler||WhiteHerb|Unburden|DireClaw,FakeOut,CloseCombat,Protect|Jolly||F|||50|]Corviknight||SitrusBerry|Unnerve|Tailwind,Taunt,BraveBird,Roost|Impish||F|||50|]Meowscarada||ChoiceScarf|Protean|FlowerTrick,KnockOff,TripleAxel,PlayRough|Adamant||F|||50|]Scrafty||Leftovers|Intimidate|FakeOut,KnockOff,Protect,CloseCombat|Adamant||M|||50|
|
|t:|1784226521
|teamsize|p1|4
|teamsize|p2|4
|start
|switch|p1a: Fuego|Torkoal, L50, F|100/100
|switch|p1b: Sheol|Typhlosion-Hisui, L50, M|100/100
|switch|p2a: Joker Persona5|Meowscarada, L50, F|100/100
|switch|p2b: Croco|Feraligatr, L50, M|100/100
|-item|p2a: Joker Persona5|Choice Scarf|[from] ability: Frisk|[of] p1b: Sheol
|-item|p2b: Croco|Feraligite|[from] ability: Frisk|[of] p1b: Sheol
|-weather|SunnyDay|[from] ability: Drought|[of] p1a: Fuego
|turn|1
|
|t:|1784226573
|switch|p2a: Weather Report|Ninetales-Alola, L50, M|100/100
|-weather|Snowscape|[from] ability: Snow Warning|[of] p2a: Weather Report
|switch|p1b: Tumble|Spiritomb, L50, M|100/100
|detailschange|p2b: Croco|Feraligatr-Mega, L50, M
|-mega|p2b: Croco|Feraligatr|Feraligite
|move|p2b: Croco|Body Slam|p1b: Tumble
|-damage|p1b: Tumble|17/100
|move|p1a: Fuego|Will-O-Wisp|p2a: Weather Report
|-status|p2a: Weather Report|brn
|
|-weather|Snowscape|[upkeep]
|-damage|p2a: Weather Report|93/100 brn|[from] brn
|upkeep
|turn|2
|
|t:|1784226596
|switch|p1a: Queen|Scizor, L50, F|100/100
|move|p2a: Weather Report|Aurora Veil|p2a: Weather Report
|-sidestart|p2: SapoWitch|move: Aurora Veil
|move|p2b: Croco|Liquidation|p1a: Queen
|-damage|p1a: Queen|40/100
|move|p1b: Tumble|Trick Room|p1b: Tumble
|-fieldstart|move: Trick Room|[of] p1b: Tumble
|
|-weather|Snowscape|[upkeep]
|-damage|p2a: Weather Report|87/100 brn|[from] brn
|upkeep
|turn|3
|
|t:|1784226619
|detailschange|p1a: Queen|Scizor-Mega, L50, F
|-mega|p1a: Queen|Scizor|Scizorite
|move|p2b: Croco|Protect|p2b: Croco
|-singleturn|p2b: Croco|Protect
|move|p1b: Tumble|Pain Split|p2b: Croco
|-activate|p2b: Croco|move: Protect
|move|p1a: Queen|Bug Bite|p2b: Croco
|-activate|p2b: Croco|move: Protect
|move|p2a: Weather Report|Dazzling Gleam|p1b: Tumble|[spread] p1a,p1b
|-resisted|p1a: Queen|1
|-supereffective|p1b: Tumble|1
|-damage|p1a: Queen|31/100
|-damage|p1b: Tumble|0 fnt
|faint|p1b: Tumble
|
|-weather|Snowscape|[upkeep]
|-damage|p2a: Weather Report|81/100 brn|[from] brn
|upkeep
|
|t:|1784226633
|switch|p1b: Fuego|Torkoal, L50, F|100/100
|-weather|SunnyDay|[from] ability: Drought|[of] p1b: Fuego
|turn|4
|
|t:|1784226667
|switch|p2a: Big Bird|Corviknight, L50, F|100/100
|-ability|p2a: Big Bird|Unnerve
|move|p1b: Fuego|Eruption|p2b: Croco|[spread] p2a,p2b
|-supereffective|p2a: Big Bird|1
|-resisted|p2b: Croco|2
|-damage|p2a: Big Bird|0 fnt
|-damage|p2b: Croco|88/100
|faint|p2a: Big Bird
|move|p1a: Queen|Dual Wingbeat|p2b: Croco|[miss]
|-miss|p1a: Queen|p2b: Croco
|move|p2b: Croco|Liquidation|p1a: Queen
|-damage|p1a: Queen|7/100
|-unboost|p1a: Queen|def|1
|
|-weather|SunnyDay|[upkeep]
|upkeep
|
|t:|1784226681
|switch|p2a: Weather Report|Ninetales-Alola, L50, M|81/100 brn
|-weather|Snowscape|[from] ability: Snow Warning|[of] p2a: Weather Report
|turn|5
|
|t:|1784226705
|move|p1a: Queen|Bullet Punch|p2a: Weather Report
|-supereffective|p2a: Weather Report|2
|-damage|p2a: Weather Report|1/100 brn
|move|p1b: Fuego|Will-O-Wisp|p2b: Croco
|-status|p2b: Croco|brn
|move|p2b: Croco|Liquidation|p1b: Fuego
|-supereffective|p1b: Fuego|1
|-crit|p1b: Fuego
|-damage|p1b: Fuego|35/100
|-enditem|p1b: Fuego|Sitrus Berry|[eat]
|-heal|p1b: Fuego|60/100|[from] item: Sitrus Berry
|move|p2a: Weather Report|Icy Wind|p1b: Fuego|[spread] p1a,p1b
|-resisted|p1a: Queen|1
|-resisted|p1b: Fuego|1
|-damage|p1a: Queen|1/100
|-damage|p1b: Fuego|51/100
|-unboost|p1a: Queen|spe|1
|-unboost|p1b: Fuego|spe|1
|
|-weather|Snowscape|[upkeep]
|-damage|p2b: Croco|81/100 brn|[from] brn
|-damage|p2a: Weather Report|0 fnt|[from] brn
|faint|p2a: Weather Report
|upkeep
|
|t:|1784226724
|switch|p2a: Joker Persona5|Meowscarada, L50, F|100/100
|turn|6
|
|t:|1784226743
|move|p1b: Fuego|Eruption|p2a: Joker Persona5|[spread] p2a,p2b
|-supereffective|p2a: Joker Persona5|1
|-crit|p2a: Joker Persona5
|-resisted|p2b: Croco|2
|-damage|p2a: Joker Persona5|0 fnt
|-damage|p2b: Croco|77/100 brn
|faint|p2a: Joker Persona5
|move|p1a: Queen|Bug Bite|p2b: Croco
|-damage|p2b: Croco|46/100 brn
|move|p2b: Croco|Liquidation|p1b: Fuego
|-supereffective|p1b: Fuego|1
|-damage|p1b: Fuego|12/100
|
|-weather|Snowscape|[upkeep]
|-damage|p2b: Croco|40/100 brn|[from] brn
|-fieldend|move: Trick Room
|upkeep
|turn|7
|
|t:|1784226766
|move|p2b: Croco|Liquidation|p1a: Queen
|-damage|p1a: Queen|0 fnt
|faint|p1a: Queen
|move|p1b: Fuego|Solar Beam||[still]
|-prepare|p1b: Fuego|Solar Beam
|
|-weather|Snowscape|[upkeep]
|-damage|p2b: Croco|33/100 brn|[from] brn
|upkeep
|
|t:|1784226772
|switch|p1a: Sheol|Typhlosion-Hisui, L50, M|100/100
|-item|p2b: Croco|Feraligite|[from] ability: Frisk|[of] p1a: Sheol
|turn|8
|
|t:|1784226788
|move|p1a: Sheol|Infernal Parade|p2b: Croco
|-damage|p2b: Croco|0 fnt
|faint|p2b: Croco
|
|win|jimbo13
