|j|☆MrPhoenixGC
|j|☆nman101010
|html|MrPhoenixGCnman101010    
|uhtml|bestof|Game 2 of a best-of-3
|t:|1783472484
|gametype|doubles
|player|p1|MrPhoenixGC|steven|1149
|player|p2|nman101010|101|1110
|gen|9
|tier|[Gen 9 Champions] VGC 2026 Reg M-B (Bo3)
|rated|
|rule|Species Clause: Limit one of each Pokémon
|rule|Item Clause: Limit 1 of each item
|clearpoke
|poke|p1|Charizard, L50, F|
|poke|p1|Kingambit, L50, F|
|poke|p1|Sylveon, L50, F|
|poke|p1|Garchomp, L50, F|
|poke|p1|Aerodactyl, L50, F|
|poke|p1|Farigiraf, L50, M|
|poke|p2|Gholdengo, L50|
|poke|p2|Farigiraf, L50, F|
|poke|p2|Dragonite, L50, F|
|poke|p2|Politoed, L50, F|
|poke|p2|Basculegion, L50, M|
|poke|p2|Sylveon, L50, F|
|teampreview|4
|showteam|p1|Charizard||CharizarditeY|SolarPower|Protect,HeatWave,SolarBeam,WeatherBall|Modest||F|||50|]Kingambit||FocusSash|Defiant|IronHead,SuckerPunch,KowtowCleave,LowKick|Adamant||F|||50|]Sylveon||FairyFeather|Pixilate|Detect,HyperVoice,HyperBeam,QuickAttack|Modest||F|||50|]Garchomp||LifeOrb|RoughSkin|Protect,DragonClaw,Earthquake,RockSlide|Jolly||F|||50|]Aerodactyl||Aerodactylite|Unnerve|IceFang,RockSlide,Tailwind,DualWingbeat|Jolly||F|||50|]Farigiraf||SitrusBerry|ArmorTail|TrickRoom,Psychic,Thunderbolt,Protect|Bold||M|||50|
|showteam|p2|Gholdengo||LifeOrb|GoodasGold|MakeItRain,ShadowBall,PowerGem,Protect|Modest|||||50|]Farigiraf||SitrusBerry|ArmorTail|Psychic,HyperVoice,TrickRoom,Protect|Modest||F|||50|]Dragonite||Dragoninite|Multiscale|DracoMeteor,Hurricane,Haze,Tailwind|Modest||F|||50|]Politoed||Leftovers|Drizzle|WeatherBall,IcyWind,Haze,Encore|Timid||F|||50|]Basculegion||ChoiceScarf|Adaptability|WaveCrash,LastRespects,FlipTurn,AquaJet|Jolly||M|||50|]Sylveon||FairyFeather|Pixilate|HyperVoice,HyperBeam,QuickAttack,Detect|Modest||F|||50|
|
|t:|1783472503
|teamsize|p1|4
|teamsize|p2|4
|start
|switch|p1a: Charizard|Charizard, L50, F|100/100
|switch|p1b: Kingambit|Kingambit, L50, F|100/100
|switch|p2a: Basculegion|Basculegion, L50, M|100/100
|switch|p2b: Politoed|Politoed, L50, F|100/100
|-weather|RainDance|[from] ability: Drizzle|[of] p2b: Politoed
|turn|1
|
|t:|1783472531
|switch|p2b: Farigiraf|Farigiraf, L50, F|100/100
|move|p1a: Charizard|Protect|p1a: Charizard
|-singleturn|p1a: Charizard|Protect
|move|p2a: Basculegion|Flip Turn|p1b: Kingambit
|-damage|p1b: Kingambit|48/100
|
|t:|1783472538
|switch|p2a: Dragonite|Dragonite, L50, F|100/100|[from] Flip Turn
|move|p1b: Kingambit|Kowtow Cleave|p2a: Dragonite
|-damage|p2a: Dragonite|78/100
|
|-weather|RainDance|[upkeep]
|upkeep
|turn|2
|
|t:|1783472575
|switch|p1a: Sylveon|Sylveon, L50, F|100/100
|detailschange|p2a: Dragonite|Dragonite-Mega, L50, F
|-mega|p2a: Dragonite|Dragonite|Dragoninite
|move|p2b: Farigiraf|Protect|p2b: Farigiraf
|-singleturn|p2b: Farigiraf|Protect
|move|p2a: Dragonite|Tailwind|p2a: Dragonite
|-sidestart|p2: nman101010|move: Tailwind
|move|p1b: Kingambit|Kowtow Cleave|p2b: Farigiraf
|-activate|p2b: Farigiraf|move: Protect
|
|-weather|RainDance|[upkeep]
|upkeep
|turn|3
|
|t:|1783472627
|move|p2a: Dragonite|Draco Meteor|p1b: Kingambit
|-resisted|p1b: Kingambit|1
|-damage|p1b: Kingambit|9/100
|-unboost|p2a: Dragonite|spa|2
|move|p2b: Farigiraf|Hyper Voice|p1b: Kingambit|[spread] p1a,p1b
|-resisted|p1b: Kingambit|1
|-damage|p1a: Sylveon|72/100
|-damage|p1b: Kingambit|0 fnt
|faint|p1b: Kingambit
|move|p1a: Sylveon|Hyper Voice|p2a: Dragonite|[spread] p2a,p2b
|-supereffective|p2a: Dragonite|1
|-damage|p2a: Dragonite|12/100
|-damage|p2b: Farigiraf|55/100
|
|-weather|RainDance|[upkeep]
|upkeep
|
|t:|1783472649
|switch|p1b: Charizard|Charizard, L50, F|100/100
|turn|4
|
|t:|1783472666
|move|p2b: Farigiraf|Protect|p2b: Farigiraf
|-singleturn|p2b: Farigiraf|Protect
|move|p1b: Charizard|Protect|p1b: Charizard
|-singleturn|p1b: Charizard|Protect
|move|p2a: Dragonite|Draco Meteor|p1b: Charizard
|-activate|p1b: Charizard|move: Protect
|move|p1a: Sylveon|Hyper Voice|p2a: Dragonite|[spread] p2a
|-activate|p2b: Farigiraf|move: Protect
|-supereffective|p2a: Dragonite|1
|-damage|p2a: Dragonite|0 fnt
|faint|p2a: Dragonite
|
|-weather|RainDance|[upkeep]
|upkeep
|
|t:|1783472681
|switch|p2a: Basculegion|Basculegion, L50, M|100/100
|turn|5
|
|t:|1783472712
|detailschange|p1b: Charizard|Charizard-Mega-Y, L50, F
|-mega|p1b: Charizard|Charizard|Charizardite Y
|-weather|SunnyDay|[from] ability: Drought|[of] p1b: Charizard
|move|p2a: Basculegion|Flip Turn|p1b: Charizard
|-supereffective|p1b: Charizard|1
|-damage|p1b: Charizard|65/100
|
|t:|1783472718
|switch|p2a: Politoed|Politoed, L50, F|100/100|[from] Flip Turn
|-weather|RainDance|[from] ability: Drizzle|[of] p2a: Politoed
|move|p2b: Farigiraf|Hyper Voice|p1a: Sylveon|[spread] p1a,p1b
|-damage|p1a: Sylveon|48/100
|-damage|p1b: Charizard|38/100
|move|p1b: Charizard|Solar Beam||[still]
|-prepare|p1b: Charizard|Solar Beam
|move|p1a: Sylveon|Hyper Beam|p2b: Farigiraf|[miss]
|-miss|p1a: Sylveon|p2b: Farigiraf
|
|-weather|RainDance|[upkeep]
|-sideend|p2: nman101010|move: Tailwind
|upkeep
|turn|6
|
|t:|1783472741
|move|p2a: Politoed|Weather Ball|p1b: Charizard
|-supereffective|p1b: Charizard|1
|-damage|p1b: Charizard|0 fnt
|faint|p1b: Charizard
|move|p1a: Sylveon|Hyper Voice|p2a: Politoed|[spread] p2a,p2b
|-damage|p2a: Politoed|59/100
|-damage|p2b: Farigiraf|11/100
|-enditem|p2b: Farigiraf|Sitrus Berry|[eat]
|-heal|p2b: Farigiraf|36/100|[from] item: Sitrus Berry
|move|p2b: Farigiraf|Psychic|p1a: Sylveon
|-damage|p1a: Sylveon|16/100
|
|-weather|RainDance|[upkeep]
|-heal|p2a: Politoed|65/100|[from] item: Leftovers
|upkeep
|
|t:|1783472754
|switch|p1b: Garchomp|Garchomp, L50, F|100/100
|turn|7
|
|t:|1783472771
|move|p1a: Sylveon|Detect|p1a: Sylveon
|-singleturn|p1a: Sylveon|Protect
|move|p2b: Farigiraf|Protect|p2b: Farigiraf
|-singleturn|p2b: Farigiraf|Protect
|move|p1b: Garchomp|Earthquake|p2a: Politoed|[spread] p2a
|-activate|p1a: Sylveon|move: Protect
|-activate|p2b: Farigiraf|move: Protect
|-damage|p2a: Politoed|6/100
|-damage|p1b: Garchomp|90/100|[from] item: Life Orb
|move|p2a: Politoed|Icy Wind|p1b: Garchomp|[spread] p1b
|-activate|p1a: Sylveon|move: Protect
|-supereffective|p1b: Garchomp|2
|-damage|p1b: Garchomp|50/100g
|-unboost|p1b: Garchomp|spe|1
|
|-weather|RainDance|[upkeep]
|-heal|p2a: Politoed|12/100|[from] item: Leftovers
|upkeep
|turn|8
|
|t:|1783472816
|move|p1b: Garchomp|Protect|p1b: Garchomp
|-singleturn|p1b: Garchomp|Protect
|move|p2a: Politoed|Icy Wind|p1b: Garchomp|[spread] p1a
|-activate|p1b: Garchomp|move: Protect
|-damage|p1a: Sylveon|10/100
|-unboost|p1a: Sylveon|spe|1
|move|p2b: Farigiraf|Hyper Voice|p1b: Garchomp|[spread] p1a
|-activate|p1b: Garchomp|move: Protect
|-damage|p1a: Sylveon|0 fnt
|faint|p1a: Sylveon
|
|-weather|RainDance|[upkeep]
|-heal|p2a: Politoed|18/100|[from] item: Leftovers
|upkeep
|turn|9
|
|t:|1783472837
|move|p2a: Politoed|Icy Wind|p1b: Garchomp
|-supereffective|p1b: Garchomp|2
|-damage|p1b: Garchomp|0 fnt
|faint|p1b: Garchomp
|
|win|nman101010
||MrPhoenixGC is ready for game 3.
||nman101010 is ready for game 3.
|uhtml|next|Next: Game 3 of 3
|l|☆nman101010
|player|p2|
