|j|☆Fedex 27
|j|☆serbol03
|html|Fedex 27serbol03    
|uhtml|bestof|Game 2 of a best-of-3
|t:|1756400164
|gametype|doubles
|player|p1|Fedex 27|will|1158
|player|p2|serbol03|169|1253
|gen|9
|tier|[Gen 9] VGC 2025 Reg H (Bo3)
|rated|
|rule|Species Clause: Limit one of each Pokémon
|rule|Item Clause: Limit 1 of each item
|clearpoke
|poke|p1|Ninetales-Alola, L50, F|
|poke|p1|Dragonite, L50, F|
|poke|p1|Gholdengo, L50|
|poke|p1|Magmar, L50, F|
|poke|p1|Annihilape, L50, M|
|poke|p1|Ursaluna-Bloodmoon, L50, M|
|poke|p2|Dragapult, L50, M|
|poke|p2|Sneasler, L50, M|
|poke|p2|Kingambit, L50, M|
|poke|p2|Primarina, L50, F|
|poke|p2|Magmar, L50, F|
|poke|p2|Rillaboom, L50, F|
|teampreview|4
|showteam|p1|Ninetales-Alola||LightClay|SnowWarning|AuroraVeil,Blizzard,IceBeam,Encore|||F|||50|,,,,,Ghost]Dragonite||LoadedDice|Multiscale|ScaleShot,IceSpinner,ExtremeSpeed,Protect|||F|||50|,,,,,Normal]Gholdengo||MetalCoat|GoodasGold|MakeItRain,Protect,ShadowBall,NastyPlot||||||50|,,,,,Dragon]Magmar||Eviolite|FlameBody|FollowMe,HeatWave,Protect,WillOWisp|||F|||50|,,,,,Ghost]Annihilape||SafetyGoggles|Defiant|DrainPunch,BulkUp,Protect,RageFist|||M|||50|,,,,,Fire]Ursaluna-Bloodmoon||AssaultVest|MindsEye|BloodMoon,EarthPower,VacuumWave,HyperVoice|||M|||50|,,,,,Water
|showteam|p2|Dragapult||ChoiceBand|ClearBody|DragonDarts,PhantomForce,Outrage,Uturn|||M|||50|,,,,,Dragon]Sneasler||FocusSash|Unburden|CloseCombat,DireClaw,FakeOut,Protect|||M|||50|,,,,,Ghost]Kingambit||BlackGlasses|Defiant|KowtowCleave,SuckerPunch,SwordsDance,Protect|||M|||50|,,,,,Dark]Primarina||ThroatSpray|LiquidVoice|HyperVoice,Moonblast,Haze,Protect|||F|||50|,,,,,Poison]Magmar||Eviolite|VitalSpirit|Overheat,WillOWisp,FollowMe,Protect|||F|||50|,,,,,Ghost]Rillaboom||AssaultVest|GrassySurge|WoodHammer,GrassyGlide,HighHorsepower,FakeOut|||F|||50|,,,,,Fire
|inactive|Battle timer is ON: inactive players will automatically lose when time's up. (requested by Fedex 27)
|inactive|serbol03 has 60 seconds left.
|
|t:|1756400208
|teamsize|p1|4
|teamsize|p2|4
|start
|switch|p1a: Magmar|Magmar, L50, F|100/100
|switch|p1b: Annihilape|Annihilape, L50, M|100/100
|switch|p2a: Dragapult|Dragapult, L50, M|100/100
|switch|p2b: Primarina|Primarina, L50, F|100/100
|turn|1
|inactive|serbol03 has 30 seconds left.
|inactive|serbol03 has 20 seconds left.
|
|t:|1756400245
|-terastallize|p2a: Dragapult|Dragon
|move|p1b: Annihilape|Protect|p1b: Annihilape
|-singleturn|p1b: Annihilape|Protect
|move|p2a: Dragapult|Dragon Darts|p1a: Magmar
|-damage|p1a: Magmar|57/100
|-anim|p2a: Dragapult|Dragon Darts|p1a: Magmar
|-damage|p1a: Magmar|14/100
|move|p1a: Magmar|Will-O-Wisp|p2a: Dragapult
|-status|p2a: Dragapult|brn
|move|p2b: Primarina|Hyper Voice|p1a: Magmar|[spread] p1a
|-activate|p1b: Annihilape|move: Protect
|-supereffective|p1a: Magmar
|-damage|p1a: Magmar|0 fnt
|faint|p1a: Magmar
|-enditem|p2b: Primarina|Throat Spray
|-boost|p2b: Primarina|spa|1|[from] item: Throat Spray
|
|-damage|p2a: Dragapult|94/100 brn|[from] brn
|upkeep
|
|t:|1756400264
|switch|p1a: Gholdengo|Gholdengo, L50|100/100
|turn|2
|inactive|Fedex 27 has 30 seconds left.
|
|t:|1756400298
|switch|p2a: Kingambit|Kingambit, L50, M|100/100
|move|p1b: Annihilape|Rage Fist|p2a: Kingambit
|-resisted|p2a: Kingambit
|-damage|p2a: Kingambit|92/100
|move|p1a: Gholdengo|Nasty Plot|p1a: Gholdengo
|-boost|p1a: Gholdengo|spa|2
|move|p2b: Primarina|Moonblast|p1b: Annihilape
|-supereffective|p1b: Annihilape
|-damage|p1b: Annihilape|0 fnt
|faint|p1b: Annihilape
|
|upkeep
|
|t:|1756400310
|switch|p1b: Dragonite|Dragonite, L50, F|100/100
|turn|3
|inactive|Fedex 27 has 30 seconds left.
|inactive|serbol03 has 30 seconds left.
|inactive|serbol03 has 20 seconds left.
|inactive|serbol03 has 15 seconds left.
|inactive|serbol03 has 10 seconds left.
|inactive|serbol03 has 5 seconds left.
|
|t:|1756400362
|-terastallize|p1a: Gholdengo|Dragon
|move|p1a: Gholdengo|Make It Rain|p2b: Primarina|[spread] p2a,p2b
|-resisted|p2a: Kingambit
|-damage|p2a: Kingambit|27/100
|-damage|p2b: Primarina|0 fnt
|-unboost|p1a: Gholdengo|spa|1
|faint|p2b: Primarina
|move|p1b: Dragonite|Scale Shot|p2a: Kingambit
|-resisted|p2a: Kingambit
|-damage|p2a: Kingambit|21/100
|-resisted|p2a: Kingambit
|-damage|p2a: Kingambit|15/100
|-resisted|p2a: Kingambit
|-damage|p2a: Kingambit|10/100
|-resisted|p2a: Kingambit
|-damage|p2a: Kingambit|4/100
|-resisted|p2a: Kingambit
|-damage|p2a: Kingambit|0 fnt
|faint|p2a: Kingambit
|-hitcount|p2: Kingambit|5
|-unboost|p1b: Dragonite|def|1
|-boost|p1b: Dragonite|spe|1
|
|upkeep
|
|t:|1756400381
|switch|p2b: Sneasler|Sneasler, L50, M|100/100
|switch|p2a: Dragapult|Dragapult, L50, M, tera:Dragon|94/100 brn
|turn|4
|
|t:|1756400401
|move|p2b: Sneasler|Fake Out|p1b: Dragonite
|-damage|p1b: Dragonite|89/100
|cant|p1b: Dragonite|flinch
|move|p2a: Dragapult|Dragon Darts|p1a: Gholdengo
|-supereffective|p1a: Gholdengo
|-damage|p1a: Gholdengo|35/100
|-anim|p2a: Dragapult|Dragon Darts|p1b: Dragonite
|-supereffective|p1b: Dragonite
|-damage|p1b: Dragonite|5/100
|move|p1a: Gholdengo|Make It Rain|p2a: Dragapult|[spread] p2a,p2b
|-damage|p2a: Dragapult|0 fnt
|-enditem|p2b: Sneasler|Focus Sash
|-damage|p2b: Sneasler|1/100
|-unboost|p1a: Gholdengo|spa|1
|faint|p2a: Dragapult
|
|upkeep
|turn|5
|-message|serbol03 forfeited.
|
|win|Fedex 27
