|j|☆don zaloog is real
|j|☆ApolloLou
|html|don zaloog is realApolloLou    
|uhtml|bestof|Game 1 of a best-of-3
|t:|1756732404
|gametype|doubles
|player|p1|don zaloog is real|collector|
|player|p2|ApolloLou|birch|
|gen|9
|tier|[Gen 9] VGC 2025 Reg H (Bo3)
|rule|Species Clause: Limit one of each Pokémon
|rule|Item Clause: Limit 1 of each item
|clearpoke
|poke|p1|Murkrow, L50, F|
|poke|p1|Basculegion, L50, M|
|poke|p1|Gholdengo, L50|
|poke|p1|Pawmot, L50, M|
|poke|p1|Kommo-o, L50, F|
|poke|p1|Amoonguss, L50, F|
|poke|p2|Sneasler, L50, M|
|poke|p2|Indeedee, L50, M|
|poke|p2|Annihilape, L50, F|
|poke|p2|Electabuzz, L50, F|
|poke|p2|Ursaluna, L50, F|
|poke|p2|Primarina, L50, M|
|teampreview|4
|showteam|p1|Murkrow||Eviolite|Prankster|BraveBird,Tailwind,Quash,Haze|||F|||50|,,,,,Ghost]Basculegion||ChoiceScarf|Adaptability|LastRespects,WaveCrash,FlipTurn,AquaJet|||M|||50|,,,,,Grass]Gholdengo||ChoiceSpecs|GoodasGold|MakeItRain,ShadowBall,PowerGem,SteelBeam||||||50|,,,,,Steel]Pawmot||FocusSash|VoltAbsorb|CloseCombat,DoubleShock,Protect,RevivalBlessing|||M|||50|,,,,,Electric]Kommo-o||LifeOrb|Overcoat|ClangingScales,AuraSphere,Flamethrower,Protect|||F|||50|,,,,,Fire]Amoonguss||CovertCloak|Regenerator|LeafStorm,SludgeBomb,Spore,RagePowder|||F|||50|,,,,,Water
|showteam|p2|Sneasler||PsychicSeed|Unburden|DireClaw,Protect,ThroatChop,CloseCombat|||M|||50|,,,,,Dark]Indeedee||FocusSash|PsychicSurge|ExpandingForce,TrickRoom,TeraBlast,Protect|||M|||50|,,,,,Ground]Annihilape||SitrusBerry|Defiant|RageFist,DrainPunch,BulkUp,Protect|||F|||50|,,,,,Steel]Electabuzz||Eviolite|VitalSpirit|FollowMe,Electroweb,Protect,Taunt|||F|||50|,,,,,Fairy]Ursaluna||FlameOrb|Guts|Facade,HeadlongRush,Earthquake,Protect|||F|||50|,,,,,Normal]Primarina||RoomService|LiquidVoice|Protect,HyperVoice,Moonblast,Haze|||M|||50|,,,,,Normal
|
|t:|1756732477
|teamsize|p1|4
|teamsize|p2|4
|start
|switch|p1a: Murkrow|Murkrow, L50, F|100/100
|switch|p1b: Basculegion|Basculegion, L50, M|100/100
|switch|p2a: Electabuzz|Electabuzz, L50, F|100/100
|switch|p2b: Annihilape|Annihilape, L50, F|100/100
|turn|1
|
|t:|1756732494
|switch|p1a: Amoonguss|Amoonguss, L50, F|100/100
|move|p2a: Electabuzz|Follow Me|p2a: Electabuzz
|-singleturn|p2a: Electabuzz|move: Follow Me
|move|p1b: Basculegion|Flip Turn|p2a: Electabuzz
|-damage|p2a: Electabuzz|61/100
|
|t:|1756732502
|switch|p1b: Gholdengo|Gholdengo, L50|100/100|[from] Flip Turn
|move|p2b: Annihilape|Rage Fist|p1b: Gholdengo
|-supereffective|p1b: Gholdengo
|-damage|p1b: Gholdengo|45/100
|
|upkeep
|turn|2
|
|t:|1756732536
|move|p2b: Annihilape|Protect|p2b: Annihilape
|-singleturn|p2b: Annihilape|Protect
|move|p1a: Amoonguss|Rage Powder|p1a: Amoonguss
|-singleturn|p1a: Amoonguss|move: Rage Powder
|move|p2a: Electabuzz|Electroweb|p1b: Gholdengo|[spread] p1a
|-miss|p2a: Electabuzz|p1b: Gholdengo
|-resisted|p1a: Amoonguss
|-damage|p1a: Amoonguss|94/100
|move|p1b: Gholdengo|Shadow Ball|p2a: Electabuzz
|-damage|p2a: Electabuzz|8/100
|
|upkeep
|turn|3
|
|t:|1756732586
|move|p1a: Amoonguss|Rage Powder|p1a: Amoonguss
|-singleturn|p1a: Amoonguss|move: Rage Powder
|move|p2a: Electabuzz|Electroweb|p1a: Amoonguss|[spread] p1a,p1b
|-resisted|p1a: Amoonguss
|-damage|p1a: Amoonguss|89/100
|-damage|p1b: Gholdengo|30/100
|-unboost|p1b: Gholdengo|spe|1
|move|p2b: Annihilape|Rage Fist|p1a: Amoonguss
|-damage|p1a: Amoonguss|66/100
|move|p1b: Gholdengo|Shadow Ball|p2b: Annihilape
|-supereffective|p2b: Annihilape
|-damage|p2b: Annihilape|0 fnt
|faint|p2b: Annihilape
|
|upkeep
|
|t:|1756732626
|switch|p2b: Primarina|Primarina, L50, M|100/100
|turn|4
|
|t:|1756732647
|-terastallize|p2b: Primarina|Normal
|move|p2a: Electabuzz|Electroweb|p1a: Amoonguss|[spread] p1a,p1b
|-resisted|p1a: Amoonguss
|-damage|p1a: Amoonguss|60/100
|-damage|p1b: Gholdengo|15/100
|-unboost|p1b: Gholdengo|spe|1
|move|p2b: Primarina|Hyper Voice|p1a: Amoonguss|[spread] p1a,p1b
|-resisted|p1a: Amoonguss
|-crit|p1a: Amoonguss
|-damage|p1a: Amoonguss|35/100
|-damage|p1b: Gholdengo|0 fnt
|faint|p1b: Gholdengo
|move|p1a: Amoonguss|Sludge Bomb|p2a: Electabuzz
|-crit|p2a: Electabuzz
|-damage|p2a: Electabuzz|0 fnt
|faint|p2a: Electabuzz
|
|upkeep
|
|t:|1756732660
|switch|p2a: Sneasler|Sneasler, L50, M|100/100
|switch|p1b: Basculegion|Basculegion, L50, M|100/100
|turn|5
|
|t:|1756732685
|switch|p1a: Murkrow|Murkrow, L50, F|100/100
|move|p1b: Basculegion|Wave Crash|p2a: Sneasler
|-damage|p2a: Sneasler|0 fnt
|faint|p2a: Sneasler
|-damage|p1b: Basculegion|74/100|[from] Recoil
|move|p2b: Primarina|Hyper Voice|p1a: Murkrow|[spread] p1a,p1b
|-resisted|p1b: Basculegion
|-damage|p1a: Murkrow|57/100
|-damage|p1b: Basculegion|52/100
|
|upkeep
|turn|6
|
|t:|1756732700
|move|p1b: Basculegion|Wave Crash|p2b: Primarina
|-crit|p2b: Primarina
|-damage|p2b: Primarina|0 fnt
|faint|p2b: Primarina
|-damage|p1b: Basculegion|20/100|[from] Recoil
|
|win|don zaloog is real
||don zaloog is real is ready for game 2.
|inactive|ApolloLou has 30 seconds to confirm battle start!
||ApolloLou is ready for game 2.
|uhtml|next|Next: Game 2 of 3
