|j|☆sggsikgsklgnsklg
|j|☆notagamblingaddict
|html|sggsikgsklgnsklgnotagamblingaddict    
|uhtml|bestof|Game 2 of a best-of-3
|t:|1784993671
|gametype|doubles
|player|p1|sggsikgsklgnsklg|2|
|player|p2|notagamblingaddict|drayton|
|gen|9
|tier|[Gen 9 Champions] VGC 2026 Reg M-B (Bo3)
|rule|Species Clause: Limit one of each Pokémon
|rule|Item Clause: Limit 1 of each item
|clearpoke
|poke|p1|Incineroar, L50, M|
|poke|p1|Aerodactyl, L50, M|
|poke|p1|Rotom-Mow, L50|
|poke|p1|Goodra-Hisui, L50, F|
|poke|p1|Meowstic, L50, M|
|poke|p1|Zoroark, L50, M|
|poke|p2|Delphox, L50, F|
|poke|p2|Meowstic, L50, M|
|poke|p2|Garchomp, L50, M, shiny|
|poke|p2|Milotic, L50, M|
|poke|p2|Toxicroak, L50, M|
|poke|p2|Zoroark, L50, F|
|teampreview|4
|showteam|p1|Incineroar||SitrusBerry|Intimidate|FakeOut,FlareBlitz,PartingShot,DarkestLariat|Adamant||M|||50|]Aerodactyl||FocusSash|Unnerve|RockSlide,DualWingbeat,Protect,Tailwind|Jolly||M|||50|]Rotom-Mow||ChoiceScarf|Levitate|VoltSwitch,Thunderbolt,LeafStorm,Electroweb|Timid|||||50|]Goodra-Hisui||Leftovers|ShellArmor|Shelter,BodyPress,HeavySlam,Protect|Bold||F|||50|]Meowstic||ExpertBelt|Prankster|Gravity,FakeOut,PsychicTerrain,ThunderWave|Careful||M|||50|]Zoroark||LifeOrb|Illusion|Snarl,Taunt,FocusBlast,Encore|Timid||M|||50|
|showteam|p2|Delphox||Delphoxite|Blaze|HeatWave,ScorchingSands,Protect,NastyPlot|Timid||F|||50|]Meowstic||SitrusBerry|Prankster|Gravity,FakeOut,PsychicTerrain,ThunderWave|Careful||M|||50|]Garchomp||ChoiceScarf|RoughSkin|Earthquake,DragonClaw,BrickBreak,RockSlide|Adamant||M|||50|]Milotic||Leftovers|Competitive|MuddyWater,IceBeam,Coil,Recover|Modest||M|||50|]Toxicroak||FocusSash|PoisonTouch|CloseCombat,PoisonJab,FakeOut,Taunt|Adamant||M|||50|]Zoroark||LifeOrb|Illusion|Snarl,Taunt,FocusBlast,Encore|Timid||F|||50|
|inactive|Battle timer is ON: inactive players will automatically lose when time's up. (requested by notagamblingaddict)
|
|t:|1784993677
|teamsize|p1|4
|teamsize|p2|4
|start
|switch|p1a: Incineroar|Incineroar, L50, M|100/100
|switch|p1b: Aerodactyl|Aerodactyl, L50, M|100/100
|switch|p2a: Delphox|Delphox, L50, F|100/100
|switch|p2b: Meowstic|Meowstic, L50, M|100/100
|-ability|p1b: Aerodactyl|Unnerve
|-ability|p1a: Incineroar|Intimidate|boost
|-unboost|p2a: Delphox|atk|1
|-unboost|p2b: Meowstic|atk|1
|turn|1
|inactive|sggsikgsklgnsklg has 30 seconds left.
|inactive|sggsikgsklgnsklg has 20 seconds left.
|inactive|sggsikgsklgnsklg has 15 seconds left.
|inactive|sggsikgsklgnsklg has 10 seconds left.
|inactive|sggsikgsklgnsklg has 5 seconds left.
|
|t:|1784993729
|switch|p2a: Milotic|Milotic, L50, M|100/100
|move|p1b: Aerodactyl|Protect|p1b: Aerodactyl
|-singleturn|p1b: Aerodactyl|Protect
|move|p2b: Meowstic|Fake Out|p1b: Aerodactyl
|-activate|p1b: Aerodactyl|move: Protect
|move|p1a: Incineroar|Darkest Lariat|p2a: Milotic
|-damage|p2a: Milotic|54/100
|
|-heal|p2a: Milotic|60/100|[from] item: Leftovers
|upkeep
|turn|2
|inactiveoff|Battle timer is now OFF.
|
|t:|1784993752
|move|p2b: Meowstic|Thunder Wave|p1b: Aerodactyl
|-status|p1b: Aerodactyl|par
|move|p2a: Milotic|Muddy Water|p1a: Incineroar|[spread] p1a,p1b
|-supereffective|p1a: Incineroar|1
|-supereffective|p1b: Aerodactyl|1
|-damage|p1a: Incineroar|37/100
|-damage|p1b: Aerodactyl|14/100 par
|-enditem|p1a: Incineroar|Sitrus Berry|[eat]
|-heal|p1a: Incineroar|62/100|[from] item: Sitrus Berry
|move|p1b: Aerodactyl|Rock Slide|p2b: Meowstic|[spread] p2a,p2b
|-damage|p2a: Milotic|32/100
|-damage|p2b: Meowstic|69/100
|move|p1a: Incineroar|Darkest Lariat|p2a: Milotic
|-damage|p2a: Milotic|0 fnt
|faint|p2a: Milotic
|
|upkeep
|
|t:|1784993768
|switch|p2a: Garchomp|Garchomp, L50, M, shiny|100/100
|turn|3
|
|t:|1784993794
|switch|p1a: Rotom|Rotom-Mow, L50|100/100
|move|p2b: Meowstic|Gravity|p2b: Meowstic
|-fieldstart|move: Gravity
|move|p2a: Garchomp|Earthquake|p1a: Rotom|[spread] p2b,p1a,p1b
|-supereffective|p1b: Aerodactyl|1
|-damage|p2b: Meowstic|16/100
|-damage|p1a: Rotom|43/100
|-damage|p1b: Aerodactyl|0 fnt
|-enditem|p2b: Meowstic|Sitrus Berry|[eat]
|-heal|p2b: Meowstic|41/100|[from] item: Sitrus Berry
|faint|p1b: Aerodactyl
|
|upkeep
|
|t:|1784993826
|switch|p1b: Incineroar|Incineroar, L50, M|62/100
|-ability|p1b: Incineroar|Intimidate|boost
|-unboost|p2a: Garchomp|atk|1
|-unboost|p2b: Meowstic|atk|1
|turn|4
|
|t:|1784993900
|switch|p1a: Goodra|Goodra-Hisui, L50, F|100/100
|move|p2b: Meowstic|Thunder Wave|p1b: Incineroar
|-hint|Since gen 7, Dark is immune to Prankster moves.
|-immune|p1b: Incineroar
|move|p2a: Garchomp|Earthquake|p1b: Incineroar|[spread] p2b,p1a,p1b
|-supereffective|p1a: Goodra|1
|-supereffective|p1b: Incineroar|1
|-damage|p2b: Meowstic|4/100
|-damage|p1a: Goodra|60/100
|-damage|p1b: Incineroar|8/100
|move|p1b: Incineroar|Parting Shot|p2a: Garchomp
|-unboost|p2a: Garchomp|atk|1
|-unboost|p2a: Garchomp|spa|1
|
|t:|1784993911
|switch|p1b: Rotom|Rotom-Mow, L50|43/100|[from] Parting Shot
|
|-heal|p1a: Goodra|66/100|[from] item: Leftovers
|upkeep
|turn|5
|
|t:|1784993935
|switch|p2a: Delphox|Delphox, L50, F|100/100
|move|p2b: Meowstic|Thunder Wave|p1a: Goodra
|-status|p1a: Goodra|par
|move|p1b: Rotom|Volt Switch|p2b: Meowstic
|-damage|p2b: Meowstic|0 fnt
|faint|p2b: Meowstic
|
|t:|1784993946
|switch|p1b: Incineroar|Incineroar, L50, M|8/100|[from] Volt Switch
|-ability|p1b: Incineroar|Intimidate|boost
|-unboost|p2a: Delphox|atk|1
|cant|p1a: Goodra|par
|
|-heal|p1a: Goodra|72/100 par|[from] item: Leftovers
|upkeep
|
|t:|1784993953
|switch|p2b: Garchomp|Garchomp, L50, M, shiny|100/100
|turn|6
|
|t:|1784993978
|detailschange|p2a: Delphox|Delphox-Mega, L50, F
|-mega|p2a: Delphox|Delphox|Delphoxite
|move|p2a: Delphox|Protect|p2a: Delphox
|-singleturn|p2a: Delphox|Protect
|move|p2b: Garchomp|Earthquake|p1b: Incineroar|[spread] p1a,p1b
|-activate|p2a: Delphox|move: Protect
|-supereffective|p1a: Goodra|1
|-supereffective|p1b: Incineroar|1
|-damage|p1a: Goodra|14/100 par
|-damage|p1b: Incineroar|0 fnt
|faint|p1b: Incineroar
|move|p1a: Goodra|Body Press|p2b: Garchomp
|-damage|p2b: Garchomp|74/100
|-damage|p1a: Goodra|2/100 par|[from] ability: Rough Skin|[of] p2b: Garchomp
|
|-heal|p1a: Goodra|8/100 par|[from] item: Leftovers
|upkeep
|
|t:|1784993993
|switch|p1b: Rotom|Rotom-Mow, L50|43/100
|turn|7
|
|t:|1784994018
|move|p2b: Garchomp|Earthquake|p1b: Rotom|[spread] p2a,p1a,p1b
|-supereffective|p2a: Delphox|1
|-supereffective|p1a: Goodra|1
|-damage|p2a: Delphox|0 fnt
|-damage|p1a: Goodra|0 fnt
|-damage|p1b: Rotom|0 fnt
|faint|p2a: Delphox
|faint|p1a: Goodra
|faint|p1b: Rotom
|
|win|notagamblingaddict
