|j|☆supaeTheGoat
|j|☆NiL312
|html|supaeTheGoatNiL312    
|uhtml|bestof|Game 3 of a best-of-3
|t:|1783815688
|gametype|doubles
|player|p1|supaeTheGoat|benga|
|player|p2|NiL312|102|
|gen|9
|tier|[Gen 9 Champions] VGC 2026 Reg M-B (Bo3)
|rule|Species Clause: Limit one of each Pokémon
|rule|Item Clause: Limit 1 of each item
|clearpoke
|poke|p1|Basculegion, L50, M, shiny|
|poke|p1|Tyranitar, L50, F, shiny|
|poke|p1|Tsareena, L50, F, shiny|
|poke|p1|Aegislash, L50, F, shiny|
|poke|p1|Volcarona, L50, M, shiny|
|poke|p1|Milotic, L50, M|
|poke|p2|Farigiraf, L50, F|
|poke|p2|Garchomp, L50, M|
|poke|p2|Blastoise, L50, F|
|poke|p2|Talonflame, L50, F|
|poke|p2|Armarouge, L50, F|
|poke|p2|Mawile, L50, F|
|teampreview|4
|showteam|p1|Basculegion||FocusSash|Adaptability|LastRespects,WaveCrash,AquaJet,Protect|Adamant||M|||50|]Tyranitar||Tyranitarite|SandStream|LowKick,RockSlide,KnockOff,Protect|Adamant||F|||50|]Tsareena||SitrusBerry|QueenlyMajesty|TropKick,Taunt,Protect,TripleAxel|Careful||F|||50|]Aegislash||SpellTag|StanceChange|Poltergeist,WideGuard,KingsShield,ShadowSneak|Impish||F|||50|]Volcarona||ShucaBerry|FlameBody|Overheat,RagePowder,Protect,BugBuzz|Modest||M|||50|]Milotic||Leftovers|Competitive|Coil,MuddyWater,Hypnosis,Protect|Calm||M|||50|
|showteam|p2|Farigiraf||WhiteHerb|ArmorTail|TrickRoom,HelpingHand,ShadowBall,Thunderbolt|Quiet||F|||50|]Garchomp||LifeOrb|RoughSkin|Earthquake,RockSlide,DragonClaw,Protect|Jolly||M|||50|]Blastoise||Blastoisinite|Torrent|WaterSpout,DarkPulse,AuraSphere,Protect|Quiet||F|||50|]Talonflame||FocusSash|GaleWings|Tailwind,DualWingbeat,FlareBlitz,Protect|Jolly||F|||50|]Armarouge||PasshoBerry|FlashFire|ArmorCannon,EnergyBall,WideGuard,Protect|Quiet||F|||50|]Mawile||Mawilite|Intimidate|SuckerPunch,RockSlide,IronHead,Protect|Brave||F|||50|
|inactive|Battle timer is ON: inactive players will automatically lose when time's up. (requested by supaeTheGoat)
|inactiveoff|Battle timer is now OFF.
|
|t:|1783815710
|teamsize|p1|4
|teamsize|p2|4
|start
|switch|p1a: Volcarona|Volcarona, L50, M, shiny|100/100
|switch|p1b: Tyranitar|Tyranitar, L50, F, shiny|100/100
|switch|p2a: do geese see god|Farigiraf, L50, F|100/100
|switch|p2b: savetheturtles|Blastoise, L50, F|100/100
|-weather|Sandstorm|[from] ability: Sand Stream|[of] p1b: Tyranitar
|turn|1
|j| Backwards_Aerial
|
|t:|1783815849
|switch|p1b: Aegislash|Aegislash, L50, F, shiny|100/100
|detailschange|p2b: savetheturtles|Blastoise-Mega, L50, F
|-mega|p2b: savetheturtles|Blastoise|Blastoisinite
|move|p2a: do geese see god|Helping Hand|p2b: savetheturtles
|-singleturn|p2b: savetheturtles|Helping Hand|[of] p2a: do geese see god
|move|p1a: Volcarona|Bug Buzz|p2a: do geese see god
|-supereffective|p2a: do geese see god|1
|-damage|p2a: do geese see god|0 fnt
|faint|p2a: do geese see god
|move|p2b: savetheturtles|Water Spout|p1a: Volcarona|[spread] p1a,p1b
|-supereffective|p1a: Volcarona|1
|-damage|p1a: Volcarona|0 fnt
|-damage|p1b: Aegislash|25/100
|faint|p1a: Volcarona
|
|-weather|Sandstorm|[upkeep]
|-damage|p2b: savetheturtles|94/100|[from] Sandstorm
|upkeep
|
|t:|1783815867
|switch|p1a: Tyranitar|Tyranitar, L50, F, shiny|100/100
|switch|p2a: top lane|Garchomp, L50, M|100/100
|turn|2
|
|t:|1783815887
|detailschange|p1a: Tyranitar|Tyranitar-Mega, L50, F, shiny
|-mega|p1a: Tyranitar|Tyranitar|Tyranitarite
|move|p2b: savetheturtles|Protect|p2b: savetheturtles
|-singleturn|p2b: savetheturtles|Protect
|move|p1b: Aegislash|Wide Guard|p1b: Aegislash
|-singleturn|p1b: Aegislash|Wide Guard
|move|p2a: top lane|Earthquake|p1b: Aegislash|[spread] 
|-activate|p1a: Tyranitar|move: Wide Guard
|-activate|p1b: Aegislash|move: Wide Guard
|-activate|p2b: savetheturtles|move: Protect
|move|p1a: Tyranitar|Rock Slide|p2b: savetheturtles|[spread] p2a
|-activate|p2b: savetheturtles|move: Protect
|-resisted|p2a: top lane|1
|-damage|p2a: top lane|82/100
|
|-weather|Sandstorm|[upkeep]
|-damage|p2b: savetheturtles|88/100|[from] Sandstorm
|upkeep
|turn|3
|
|t:|1783815936
|switch|p1a: Basculegion|Basculegion, L50, M, shiny|100/100
|move|p1b: Aegislash|King's Shield||[still]
|-fail|p1b: Aegislash
|move|p2a: top lane|Dragon Claw|p1b: Aegislash
|-resisted|p1b: Aegislash|1
|-damage|p1b: Aegislash|2/100
|-damage|p2a: top lane|72/100|[from] item: Life Orb
|move|p2b: savetheturtles|Aura Sphere|p1a: Basculegion
|-immune|p1a: Basculegion
|
|-weather|Sandstorm|[upkeep]
|-damage|p1a: Basculegion|93/100|[from] Sandstorm
|-damage|p2b: savetheturtles|82/100|[from] Sandstorm
|upkeep
|turn|4
|
|t:|1783815972
|move|p1b: Aegislash|Wide Guard|p1b: Aegislash
|-singleturn|p1b: Aegislash|Wide Guard
|move|p2a: top lane|Dragon Claw|p1b: Aegislash
|-resisted|p1b: Aegislash|1
|-damage|p1b: Aegislash|0 fnt
|faint|p1b: Aegislash
|-damage|p2a: top lane|62/100|[from] item: Life Orb
|move|p1a: Basculegion|Last Respects|p2a: top lane
|-damage|p2a: top lane|0 fnt
|faint|p2a: top lane
|move|p2b: savetheturtles|Dark Pulse|p1a: Basculegion
|-supereffective|p1a: Basculegion|1
|-damage|p1a: Basculegion|9/100
|
|-weather|Sandstorm|[upkeep]
|-damage|p1a: Basculegion|3/100|[from] Sandstorm
|-damage|p2b: savetheturtles|76/100|[from] Sandstorm
|upkeep
|
|t:|1783815987
|switch|p2a: horhorhorhor|Armarouge, L50, F|100/100
|switch|p1b: Tyranitar|Tyranitar-Mega, L50, F, shiny|100/100
|turn|5
|
|t:|1783816011
|move|p2b: savetheturtles|Protect|p2b: savetheturtles
|-singleturn|p2b: savetheturtles|Protect
|move|p2a: horhorhorhor|Protect|p2a: horhorhorhor
|-singleturn|p2a: horhorhorhor|Protect
|move|p1a: Basculegion|Last Respects|p2b: savetheturtles
|-activate|p2b: savetheturtles|move: Protect
|move|p1b: Tyranitar|Knock Off|p2a: horhorhorhor
|-activate|p2a: horhorhorhor|move: Protect
|
|-weather|none
|upkeep
|turn|6
|
|t:|1783816052
|move|p1a: Basculegion|Last Respects|p2b: savetheturtles
|-damage|p2b: savetheturtles|0 fnt
|faint|p2b: savetheturtles
|move|p1b: Tyranitar|Knock Off|p2a: horhorhorhor
|-supereffective|p2a: horhorhorhor|1
|-damage|p2a: horhorhorhor|0 fnt
|-enditem|p2a: horhorhorhor|Passho Berry|[from] move: Knock Off|[of] p1b: Tyranitar
|faint|p2a: horhorhorhor
|
|win|supaeTheGoat
|l|☆supaeTheGoat
|player|p1|
