|j|☆nuovosangue
|j|☆Basura2U
|html|nuovosangueBasura2U    
|uhtml|bestof|Game 1 of a best-of-3
|t:|1757766047
|gametype|doubles
|player|p1|nuovosangue|grimsley|1215
|player|p2|Basura2U|lucas|1079
|gen|9
|tier|[Gen 9] VGC 2025 Reg H (Bo3)
|rated|
|rule|Species Clause: Limit one of each Pokémon
|rule|Item Clause: Limit 1 of each item
|clearpoke
|poke|p1|Ursaluna, L50, M|
|poke|p1|Porygon2, L50|
|poke|p1|Incineroar, L50, M|
|poke|p1|Dragonite, L50, M|
|poke|p1|Annihilape, L50, M|
|poke|p2|Toxicroak, L50, M|
|poke|p2|Politoed, L50, F|
|poke|p2|Ludicolo, L50, M|
|poke|p2|Electivire, L50, M|
|poke|p2|Amoonguss, L50, M|
|poke|p2|Kingambit, L50, M|
|teampreview|4
|showteam|p1|Ursaluna||FlameOrb|Guts|Earthquake,Facade,HeadlongRush,Protect|||M|||50|,,,,,Ghost]Porygon2||Eviolite|Download|TeraBlast,IceBeam,TrickRoom,Recover||||||50|,,,,,Flying]Incineroar||AssaultVest|Intimidate|PartingShot,FakeOut,FlareBlitz,KnockOff|||M|||50|,,,,,Ghost]Dragonite||LoadedDice|Multiscale|ScaleShot,Haze,ExtremeSpeed,Protect|||M|||50|,,,,,Fairy]Annihilape||SafetyGoggles|Defiant|RageFist,CloseCombat,FinalGambit,Coaching|||M|||50|,,,,,Fire
|showteam|p2|Toxicroak||AssaultVest|DrySkin|GunkShot,FakeOut,CloseCombat,Feint|||M|||50|,,,,,Dark]Politoed||DampRock|Drizzle|RainDance,MuddyWater,HelpingHand,IcyWind|||F|||50|,,,,,Water]Ludicolo||LifeOrb|SwiftSwim|HydroPump,Protect,IceBeam,EnergyBall|||M|||50|,,,,,Water]Electivire||SafetyGoggles|VitalSpirit|BrickBreak,KnockOff,Protect,SupercellSlam|||M|||50|,,,,,Electric]Amoonguss||RockyHelmet|Regenerator|RagePowder,Spore,PollenPuff,ClearSmog|||M|||50|,,,,,Steel]Kingambit||BlackGlasses|Defiant|SuckerPunch,KowtowCleave,LowKick,Protect|||M|||50|,,,,,Dark
|
|t:|1757766076
|teamsize|p1|4
|teamsize|p2|4
|start
|switch|p1a: Annihilape|Annihilape, L50, M|100/100
|switch|p1b: Dragonite|Dragonite, L50, M|100/100
|switch|p2a: Kingambit|Kingambit, L50, M|100/100
|switch|p2b: Amoonguss|Amoonguss, L50, M|100/100
|turn|1
|inactive|Battle timer is ON: inactive players will automatically lose when time's up. (requested by Basura2U)
|inactive|nuovosangue also wants the timer to be on.
|inactive|Basura2U has 60 seconds left.
|
|t:|1757766119
|move|p1a: Annihilape|Coaching|p1b: Dragonite
|-boost|p1b: Dragonite|atk|1
|-boost|p1b: Dragonite|def|1
|move|p1b: Dragonite|Scale Shot|p2b: Amoonguss
|-damage|p2b: Amoonguss|83/100
|-damage|p2b: Amoonguss|67/100
|-damage|p2b: Amoonguss|51/100
|-damage|p2b: Amoonguss|35/100
|-hitcount|p2b: Amoonguss|4
|-unboost|p1b: Dragonite|def|1
|-boost|p1b: Dragonite|spe|1
|move|p2a: Kingambit|Kowtow Cleave|p1a: Annihilape
|-crit|p1a: Annihilape
|-damage|p1a: Annihilape|9/100
|move|p2b: Amoonguss|Spore|p1b: Dragonite
|-status|p1b: Dragonite|slp|[from] move: Spore
|
|upkeep
|turn|2
|
|t:|1757766144
|switch|p2b: Politoed|Politoed, L50, F|100/100
|-weather|RainDance|[from] ability: Drizzle|[of] p2b: Politoed
|move|p1a: Annihilape|Coaching|p1b: Dragonite
|-boost|p1b: Dragonite|atk|1
|-boost|p1b: Dragonite|def|1
|cant|p1b: Dragonite|slp
|move|p2a: Kingambit|Low Kick|p1a: Annihilape
|-immune|p1a: Annihilape
|
|-weather|RainDance|[upkeep]
|upkeep
|turn|3
|
|t:|1757766162
|-terastallize|p2a: Kingambit|Dark
|move|p1a: Annihilape|Close Combat|p2a: Kingambit
|-supereffective|p2a: Kingambit
|-damage|p2a: Kingambit|36/100
|-unboost|p1a: Annihilape|def|1
|-unboost|p1a: Annihilape|spd|1
|-curestatus|p1b: Dragonite|slp|[msg]
|move|p1b: Dragonite|Scale Shot|p2b: Politoed
|-damage|p2b: Politoed|78/100
|-damage|p2b: Politoed|54/100
|-damage|p2b: Politoed|32/100
|-damage|p2b: Politoed|11/100
|-damage|p2b: Politoed|0 fnt
|faint|p2b: Politoed
|-hitcount|p2: Politoed|5
|-unboost|p1b: Dragonite|def|1
|-boost|p1b: Dragonite|spe|1
|move|p2a: Kingambit|Kowtow Cleave|p1b: Dragonite
|-damage|p1b: Dragonite|64/100
|
|-weather|RainDance|[upkeep]
|upkeep
|
|t:|1757766174
|switch|p2b: Amoonguss|Amoonguss, L50, M|68/100
|turn|4
|inactive|Basura2U has 30 seconds left.
|inactive|Basura2U has 20 seconds left.
|
|t:|1757766212
|move|p1b: Dragonite|Extreme Speed|p2a: Kingambit
|-damage|p2a: Kingambit|0 fnt
|faint|p2a: Kingambit
|move|p1a: Annihilape|Rage Fist|p2b: Amoonguss
|-damage|p2b: Amoonguss|35/100
|-damage|p1a: Annihilape|0 fnt|[from] item: Rocky Helmet|[of] p2b: Amoonguss
|faint|p1a: Annihilape
|move|p2b: Amoonguss|Spore|p1b: Dragonite
|-status|p1b: Dragonite|slp|[from] move: Spore
|
|-weather|RainDance|[upkeep]
|upkeep
|
|t:|1757766222
|switch|p1a: Porygon2|Porygon2, L50|100/100
|switch|p2a: Ludicolo|Ludicolo, L50, M|100/100
|-ability|p1a: Porygon2|Download|boost
|-boost|p1a: Porygon2|atk|1
|turn|5
|
|t:|1757766235
|move|p2a: Ludicolo|Ice Beam|p1b: Dragonite
|-supereffective|p1b: Dragonite
|-damage|p1b: Dragonite|0 fnt
|faint|p1b: Dragonite
|-damage|p2a: Ludicolo|91/100|[from] item: Life Orb
|move|p1a: Porygon2|Ice Beam|p2b: Amoonguss
|-supereffective|p2b: Amoonguss
|-damage|p2b: Amoonguss|0 fnt
|faint|p2b: Amoonguss
|
|-weather|RainDance|[upkeep]
|upkeep
|
|t:|1757766243
|switch|p1b: Ursaluna|Ursaluna, L50, M|100/100
|turn|6
|
|t:|1757766248
|-terastallize|p1a: Porygon2|Flying
|move|p1b: Ursaluna|Protect|p1b: Ursaluna
|-singleturn|p1b: Ursaluna|Protect
|move|p2a: Ludicolo|Hydro Pump|p1a: Porygon2
|-damage|p1a: Porygon2|58/100
|-damage|p2a: Ludicolo|81/100|[from] item: Life Orb
|move|p1a: Porygon2|Tera Blast|p2a: Ludicolo|[anim] Tera Blast Flying
|-supereffective|p2a: Ludicolo
|-damage|p2a: Ludicolo|0 fnt
|faint|p2a: Ludicolo
|
|win|nuovosangue
||Basura2U is ready for game 2.
||nuovosangue is ready for game 2.
|uhtml|next|Next: Game 2 of 3
|l|☆nuovosangue
|player|p1|
