|j|☆gluttorn
|j|☆Horse Girlie
|html|gluttornHorse Girlie    
|uhtml|bestof|Game 2 of a best-of-3
|t:|1782483662
|gametype|doubles
|player|p1|gluttorn|266|1102
|player|p2|Horse Girlie|pokemonbreederf-gen4|1017
|gen|9
|tier|[Gen 9 Champions] VGC 2026 Reg M-B (Bo3)
|rated|
|rule|Species Clause: Limit one of each Pokémon
|rule|Item Clause: Limit 1 of each item
|clearpoke
|poke|p1|Scrafty, L50, F|
|poke|p1|Torkoal, L50, F|
|poke|p1|Farigiraf, L50, F|
|poke|p1|Hatterene, L50, F|
|poke|p1|Vileplume, L50, M|
|poke|p1|Archaludon, L50, F|
|poke|p2|Dragonite, L50, M, shiny|
|poke|p2|Klefki, L50, F|
|poke|p2|Maushold, L50|
|poke|p2|Azumarill, L50, F|
|poke|p2|Pelipper, L50, F|
|poke|p2|Tsareena, L50, F|
|teampreview|4
|showteam|p1|Scrafty||Scraftinite|Intimidate|FakeOut,KnockOff,DrainPunch,RockSlide|Brave||F|||50|]Torkoal||Charcoal|Drought|EarthPower,HeatWave,Eruption,Protect|Quiet||F|||50|]Farigiraf||MentalHerb|ArmorTail|Protect,HelpingHand,TrickRoom,Psychic|Calm||F|||50|]Hatterene||LifeOrb|MagicBounce|DazzlingGleam,Psychic,TrickRoom,Protect|Modest||F|||50|]Vileplume||FocusSash|Chlorophyll|AfterYou,Protect,EnergyBall,SludgeBomb|Timid||M|||50|]Archaludon||ChoiceScarf|Sturdy|Thunderbolt,DragonPulse,FlashCannon,SolarBeam|Timid||F|||50|
|showteam|p2|Dragonite||Dragoninite|Multiscale|Thunder,Hurricane,DragonPulse,Protect|Modest||M|||50|]Klefki||OccaBerry|Prankster|RainDance,Reflect,LightScreen,ThunderWave|Bold||F|||50|]Maushold||WideLens|FriendGuard|FollowMe,Taunt,PopulationBomb,Protect|Jolly|||||50|]Azumarill||SitrusBerry|HugePower|BellyDrum,AquaJet,PlayRough,Protect|Adamant||F|||50|]Pelipper||DampRock|Drizzle|Hurricane,WeatherBall,Tailwind,WideGuard|Modest||F|||50|]Tsareena||FocusSash|QueenlyMajesty|TropKick,KnockOff,TripleAxel,Protect|Adamant||F|||50|
|
|t:|1782483701
|teamsize|p1|4
|teamsize|p2|4
|start
|switch|p1a: Archaludon|Archaludon, L50, F|100/100
|switch|p1b: Scrafty|Scrafty, L50, F|100/100
|switch|p2a: Klefki|Klefki, L50, F|100/100
|switch|p2b: Azumarill|Azumarill, L50, F|100/100
|-ability|p1b: Scrafty|Intimidate|boost
|-unboost|p2a: Klefki|atk|1
|-unboost|p2b: Azumarill|atk|1
|turn|1
|
|t:|1782483741
|detailschange|p1b: Scrafty|Scrafty-Mega, L50, F
|-mega|p1b: Scrafty|Scrafty|Scraftinite
|-ability|p1b: Scrafty|Intimidate|boost
|-unboost|p2a: Klefki|atk|1
|-unboost|p2b: Azumarill|atk|1
|move|p1b: Scrafty|Fake Out|p2a: Klefki
|-resisted|p2a: Klefki|1
|-damage|p2a: Klefki|93/100
|cant|p2a: Klefki|flinch
|move|p1a: Archaludon|Flash Cannon|p2a: Klefki
|-damage|p2a: Klefki|42/100
|move|p2b: Azumarill|Belly Drum|p2b: Azumarill
|-damage|p2b: Azumarill|50/100y
|-setboost|p2b: Azumarill|atk|6|[from] move: Belly Drum
|-enditem|p2b: Azumarill|Sitrus Berry|[eat]
|-heal|p2b: Azumarill|74/100|[from] item: Sitrus Berry
|
|upkeep
|turn|2
|inactive|Battle timer is ON: inactive players will automatically lose when time's up. (requested by gluttorn)
|
|t:|1782483809
|switch|p1b: Vileplume|Vileplume, L50, M|100/100
|move|p2a: Klefki|Reflect|p2a: Klefki
|-sidestart|p2: Horse Girlie|Reflect
|move|p1a: Archaludon|Flash Cannon|p2b: Azumarill
|-crit|p2b: Azumarill
|-damage|p2b: Azumarill|9/100
|move|p2b: Azumarill|Play Rough|p1a: Archaludon
|-ability|p1a: Archaludon|Sturdy
|-damage|p1a: Archaludon|1/100
|
|upkeep
|turn|3
|inactive|gluttorn has 30 seconds left.
|inactive|Horse Girlie has 30 seconds left.
|
|t:|1782483837
|move|p2a: Klefki|Rain Dance|p2a: Klefki
|-weather|RainDance
|move|p2b: Azumarill|Aqua Jet|p1a: Archaludon
|-resisted|p1a: Archaludon|1
|-damage|p1a: Archaludon|0 fnt
|faint|p1a: Archaludon
|move|p1b: Vileplume|Energy Ball|p2a: Klefki
|-resisted|p2a: Klefki|1
|-damage|p2a: Klefki|18/100
|
|-weather|RainDance|[upkeep]
|upkeep
|
|t:|1782483849
|switch|p1a: Scrafty|Scrafty-Mega, L50, F|100/100
|-ability|p1a: Scrafty|Intimidate|boost
|-unboost|p2a: Klefki|atk|1
|-unboost|p2b: Azumarill|atk|1
|turn|4
|
|t:|1782483862
|move|p2b: Azumarill|Protect|p2b: Azumarill
|-singleturn|p2b: Azumarill|Protect
|move|p1a: Scrafty|Fake Out|p2b: Azumarill
|-activate|p2b: Azumarill|move: Protect
|move|p2a: Klefki|Light Screen|p2a: Klefki
|-sidestart|p2: Horse Girlie|move: Light Screen
|move|p1b: Vileplume|Energy Ball|p2a: Klefki
|-resisted|p2a: Klefki|1
|-damage|p2a: Klefki|2/100
|
|-weather|RainDance|[upkeep]
|upkeep
|turn|5
|
|t:|1782483877
|switch|p1a: Torkoal|Torkoal, L50, F|100/100
|-weather|SunnyDay|[from] ability: Drought|[of] p1a: Torkoal
|move|p2a: Klefki|Thunder Wave|p1a: Torkoal
|-status|p1a: Torkoal|par
|move|p1b: Vileplume|Energy Ball|p2b: Azumarill
|-supereffective|p2b: Azumarill|1
|-damage|p2b: Azumarill|0 fnt
|faint|p2b: Azumarill
|
|-weather|SunnyDay|[upkeep]
|upkeep
|
|t:|1782483889
|switch|p2b: Dragonite|Dragonite, L50, M, shiny|100/100
|turn|6
|
|t:|1782483907
|detailschange|p2b: Dragonite|Dragonite-Mega, L50, M, shiny
|-mega|p2b: Dragonite|Dragonite|Dragoninite
|move|p2a: Klefki|Rain Dance|p2a: Klefki
|-weather|RainDance
|move|p2b: Dragonite|Hurricane|p1a: Torkoal
|-damage|p1a: Torkoal|5/100 par
|move|p1b: Vileplume|After You||[still]
|-fail|p1b: Vileplume
|move|p1a: Torkoal|Eruption|p2b: Dragonite|[spread] p2a,p2b
|-supereffective|p2a: Klefki|1
|-enditem|p2a: Klefki|Occa Berry|[eat]
|-enditem|p2a: Klefki|Occa Berry|[weaken]
|-resisted|p2b: Dragonite|1
|-damage|p2a: Klefki|1/100
|-damage|p2b: Dragonite|99/100
|
|-weather|RainDance|[upkeep]
|-sideend|p2: Horse Girlie|Reflect
|upkeep
|turn|7
|inactive|Horse Girlie has 30 seconds left.
|
|t:|1782483936
|switch|p1a: Scrafty|Scrafty-Mega, L50, F|100/100
|-ability|p1a: Scrafty|Intimidate|boost
|-unboost|p2a: Klefki|atk|1
|-unboost|p2b: Dragonite|atk|1
|move|p1b: Vileplume|Protect|p1b: Vileplume
|-singleturn|p1b: Vileplume|Protect
|move|p2a: Klefki|Reflect|p2a: Klefki
|-sidestart|p2: Horse Girlie|Reflect
|move|p2b: Dragonite|Hurricane|p1b: Vileplume
|-activate|p1b: Vileplume|move: Protect
|
|-weather|RainDance|[upkeep]
|upkeep
|turn|8
|
|t:|1782483954
|switch|p1b: Torkoal|Torkoal, L50, F|5/100 par
|-weather|SunnyDay|[from] ability: Drought|[of] p1b: Torkoal
|switch|p2a: Maushold|Maushold, L50|100/100
|move|p1a: Scrafty|Fake Out|p2a: Maushold
|-damage|p2a: Maushold|85/100
|move|p2b: Dragonite|Hurricane|p1b: Torkoal|[miss]
|-miss|p2b: Dragonite|p1b: Torkoal
|
|-weather|SunnyDay|[upkeep]
|-sideend|p2: Horse Girlie|move: Light Screen
|upkeep
|turn|9
|inactive|Horse Girlie has 30 seconds left.
|
|t:|1782483985
|switch|p1b: Vileplume|Vileplume, L50, M|100/100
|move|p2a: Maushold|Population Bomb|p1a: Scrafty
|-damage|p1a: Scrafty|94/100
|-damage|p1a: Scrafty|89/100
|-damage|p1a: Scrafty|84/100
|-damage|p1a: Scrafty|80/100
|-damage|p1a: Scrafty|75/100
|-damage|p1a: Scrafty|69/100
|-damage|p1a: Scrafty|64/100
|-damage|p1a: Scrafty|59/100
|-damage|p1a: Scrafty|54/100
|-damage|p1a: Scrafty|48/100
|-hitcount|p1a: Scrafty|10
|move|p2b: Dragonite|Dragon Pulse|p1a: Scrafty
|-damage|p1a: Scrafty|6/100
|move|p1a: Scrafty|Drain Punch|p2a: Maushold
|-supereffective|p2a: Maushold|1
|-damage|p2a: Maushold|10/100
|-heal|p1a: Scrafty|45/100|[from] drain|[of] p2a: Maushold
|
|-weather|SunnyDay|[upkeep]
|upkeep
|turn|10
|inactive|gluttorn has 30 seconds left.
|inactive|gluttorn has 20 seconds left.
|inactive|gluttorn has 15 seconds left.
|inactive|gluttorn has 10 seconds left.
|
|t:|1782484032
|move|p2a: Maushold|Protect|p2a: Maushold
|-singleturn|p2a: Maushold|Protect
|move|p1b: Vileplume|After You|p1a: Scrafty
|-activate|p1a: Scrafty|move: After You
|move|p1a: Scrafty|Rock Slide|p2a: Maushold|[spread] p2b
|-activate|p2a: Maushold|move: Protect
|-supereffective|p2b: Dragonite|1
|-damage|p2b: Dragonite|81/100
|cant|p2b: Dragonite|flinch
|
|-weather|SunnyDay|[upkeep]
|upkeep
|turn|11
|inactive|Horse Girlie has 30 seconds left.
|inactive|Horse Girlie has 20 seconds left.
|inactive|Horse Girlie has 15 seconds left.
|inactive|Horse Girlie has 10 seconds left.
|inactive|Horse Girlie has 5 seconds left.
|
|t:|1782484088
|move|p2a: Maushold|Follow Me|p2a: Maushold
|-singleturn|p2a: Maushold|move: Follow Me
|move|p1b: Vileplume|After You||[still]
|-fail|p1b: Vileplume
|move|p2b: Dragonite|Thunder|p1a: Scrafty|[miss]
|-miss|p2b: Dragonite|p1a: Scrafty
|move|p1a: Scrafty|Rock Slide|p2b: Dragonite|[spread] p2a,p2b
|-supereffective|p2b: Dragonite|1
|-damage|p2a: Maushold|0 fnt
|-damage|p2b: Dragonite|66/100
|faint|p2a: Maushold
|
|-weather|SunnyDay|[upkeep]
|-sideend|p2: Horse Girlie|Reflect
|upkeep
|inactive|Horse Girlie has 30 seconds left.
|inactive|Horse Girlie has 20 seconds left.
|inactive|Horse Girlie has 15 seconds left.
|inactive|Horse Girlie has 10 seconds left.
|inactive|Horse Girlie has 5 seconds left.
|
|t:|1782484143
|switch|p2a: Klefki|Klefki, L50, F|1/100
|turn|12
|inactive|Horse Girlie has 30 seconds left.
|inactive|Horse Girlie has 20 seconds left.
|inactive|Horse Girlie has 15 seconds left.
|inactive|Horse Girlie has 10 seconds left.
|inactive|Horse Girlie has 5 seconds left.
|
|t:|1782484206
|switch|p1a: Torkoal|Torkoal, L50, F|5/100 par
|move|p1b: Vileplume|Protect|p1b: Vileplume
|-singleturn|p1b: Vileplume|Protect
|move|p2a: Klefki|Rain Dance|p2a: Klefki
|-weather|RainDance
|move|p2b: Dragonite|Thunder|p1b: Vileplume
|-activate|p1b: Vileplume|move: Protect
|
|-weather|RainDance|[upkeep]
|upkeep
|turn|13
|inactive|gluttorn has 30 seconds left.
|inactive|Horse Girlie has 30 seconds left.
|inactive|Horse Girlie has 20 seconds left.
|inactive|Horse Girlie has 15 seconds left.
|inactive|Horse Girlie has 10 seconds left.
|inactive|Horse Girlie has 5 seconds left.
|
|t:|1782484261
|switch|p1a: Scrafty|Scrafty-Mega, L50, F|45/100
|-ability|p1a: Scrafty|Intimidate|boost
|-unboost|p2a: Klefki|atk|1
|-unboost|p2b: Dragonite|atk|1
|move|p2a: Klefki|Rain Dance||[still]
|-fail|p2a: Klefki
|move|p2b: Dragonite|Thunder|p1b: Vileplume
|-resisted|p1b: Vileplume|1
|-damage|p1b: Vileplume|69/100
|move|p1b: Vileplume|Energy Ball|p2a: Klefki
|-resisted|p2a: Klefki|1
|-damage|p2a: Klefki|0 fnt
|faint|p2a: Klefki
|
|-weather|RainDance|[upkeep]
|upkeep
|turn|14
|
|t:|1782484285
|switch|p1b: Torkoal|Torkoal, L50, F|5/100 par
|-weather|SunnyDay|[from] ability: Drought|[of] p1b: Torkoal
|move|p1a: Scrafty|Fake Out|p2b: Dragonite
|-damage|p2b: Dragonite|55/100
|cant|p2b: Dragonite|flinch
|
|-weather|SunnyDay|[upkeep]
|upkeep
|turn|15
|inactive|Horse Girlie has 30 seconds left.
|
|t:|1782484299
|move|p2b: Dragonite|Dragon Pulse|p1a: Scrafty
|-damage|p1a: Scrafty|1/100
|move|p1a: Scrafty|Drain Punch|p2b: Dragonite
|-resisted|p2b: Dragonite|1
|-damage|p2b: Dragonite|36/100
|-heal|p1a: Scrafty|12/100|[from] drain|[of] p2b: Dragonite
|cant|p1b: Torkoal|par
|
|-weather|SunnyDay|[upkeep]
|upkeep
|turn|16
|inactive|Horse Girlie has 25 seconds left this turn.
|inactive|Horse Girlie has 20 seconds left.
|inactive|Horse Girlie has 15 seconds left.
|
|t:|1782484313
|move|p2b: Dragonite|Dragon Pulse|p1a: Scrafty
|-damage|p1a: Scrafty|0 fnt
|faint|p1a: Scrafty
|move|p1b: Torkoal|Heat Wave|p2b: Dragonite|[miss]
|-miss|p1b: Torkoal|p2b: Dragonite
|
|-weather|SunnyDay|[upkeep]
|upkeep
|
|t:|1782484321
|switch|p1a: Vileplume|Vileplume, L50, M|69/100
|turn|17
|inactive|Horse Girlie has 15 seconds left this turn.
|
|t:|1782484325
|move|p2b: Dragonite|Protect|p2b: Dragonite
|-singleturn|p2b: Dragonite|Protect
|move|p1a: Vileplume|Sludge Bomb|p2b: Dragonite
|-activate|p2b: Dragonite|move: Protect
|move|p1b: Torkoal|Heat Wave|p2b: Dragonite
|-activate|p2b: Dragonite|move: Protect
|
|-weather|SunnyDay|[upkeep]
|upkeep
|turn|18
|inactive|Horse Girlie has 15 seconds left this turn.
|inactive|Horse Girlie has 10 seconds left.
|inactive|Horse Girlie has 5 seconds left.
|
|t:|1782484339
|move|p1a: Vileplume|Sludge Bomb|p2b: Dragonite
|-damage|p2b: Dragonite|4/100
|-status|p2b: Dragonite|psn
|move|p2b: Dragonite|Hurricane|p1a: Vileplume|[miss]
|-miss|p2b: Dragonite|p1a: Vileplume
|move|p1b: Torkoal|Heat Wave|p2b: Dragonite
|-resisted|p2b: Dragonite|1
|-damage|p2b: Dragonite|0 fnt
|faint|p2b: Dragonite
|
|win|gluttorn
||Horse Girlie is ready for game 3.
|inactive|gluttorn has 30 seconds to confirm battle start!
