|j|☆HayesL
|j|☆gliscor43
|html|HayesLgliscor43    
|uhtml|bestof|Game 2 of a best-of-3
|t:|1784404940
|gametype|doubles
|player|p1|HayesL|will|
|player|p2|gliscor43|mars|
|gen|9
|tier|[Gen 9 Champions] VGC 2026 Reg M-B (Bo3)
|rule|Species Clause: Limit one of each Pokémon
|rule|Item Clause: Limit 1 of each item
|clearpoke
|poke|p1|Garchomp, L50, M|
|poke|p1|Kingambit, L50, F|
|poke|p1|Farigiraf, L50, F|
|poke|p1|Aerodactyl, L50, M|
|poke|p1|Clefable, L50, F|
|poke|p1|Rotom-Heat, L50|
|poke|p2|Pelipper, L50, M|
|poke|p2|Dragonite, L50, F|
|poke|p2|Staraptor, L50, M|
|poke|p2|Swampert, L50, M|
|poke|p2|Meowstic, L50, M|
|poke|p2|Volcarona, L50, F|
|teampreview|4
|showteam|p1|Garchomp||Garchompite|SandVeil|Earthquake,RockSlide,DragonClaw,Protect|Adamant||M|||50|]Kingambit||BlackGlasses|Defiant|KowtowCleave,SuckerPunch,IronHead,Protect|Adamant||F|||50|]Farigiraf||SitrusBerry|ArmorTail|Psychic,Thunderbolt,TrickRoom,Roar|Modest||F|||50|]Aerodactyl||FocusSash|RockHead|RockSlide,DualWingbeat,Tailwind,WideGuard|Jolly||M|||50|]Clefable||Leftovers|Unaware|Moonblast,FollowMe,HelpingHand,Protect|Bold||F|||50|]Rotom-Heat||PasshoBerry|Levitate|Overheat,Thunderbolt,WillOWisp,Protect|Timid|||||50|
|showteam|p2|Pelipper||FocusSash|Drizzle|WeatherBall,Hurricane,Tailwind,Protect|Modest||M|||50|]Dragonite||BrightPowder|Multiscale|DragonClaw,ExtremeSpeed,Roost,Protect|Adamant||F|||50|]Staraptor||Staraptite|Intimidate|CloseCombat,BraveBird,Roost,Protect|Adamant||M|||50|]Swampert||Swampertite|Torrent|WaveCrash,Earthquake,IcePunch,Protect|Adamant||M|||50|]Meowstic||MentalHerb|Prankster|FakeOut,Charm,RainDance,Yawn|Careful||M|||50|]Volcarona||SitrusBerry|FlameBody|RagePowder,BugBuzz,Protect,LightScreen|Bold||F|||50|
|
|t:|1784404998
|teamsize|p1|4
|teamsize|p2|4
|start
|switch|p1a: zoomies|Aerodactyl, L50, M|100/100
|switch|p1b: trebleleblebleb|Clefable, L50, F|100/100
|switch|p2a: Pelipper|Pelipper, L50, M|100/100
|switch|p2b: Swampert|Swampert, L50, M|100/100
|-weather|RainDance|[from] ability: Drizzle|[of] p2a: Pelipper
|turn|1
|
|t:|1784405094
|detailschange|p2b: Swampert|Swampert-Mega, L50, M
|-mega|p2b: Swampert|Swampert|Swampertite
|move|p1b: trebleleblebleb|Follow Me|p1b: trebleleblebleb
|-singleturn|p1b: trebleleblebleb|move: Follow Me
|move|p2b: Swampert|Earthquake|p1b: trebleleblebleb|[spread] p1b
|-immune|p2a: Pelipper
|-immune|p1a: zoomies
|-damage|p1b: trebleleblebleb|65/100
|move|p1a: zoomies|Rock Slide|p2a: Pelipper|[spread] p2a,p2b
|-supereffective|p2a: Pelipper|1
|-resisted|p2b: Swampert|1
|-damage|p2a: Pelipper|28/100
|-damage|p2b: Swampert|87/100
|move|p2a: Pelipper|Weather Ball|p1b: trebleleblebleb
|-crit|p1b: trebleleblebleb
|-damage|p1b: trebleleblebleb|0 fnt
|faint|p1b: trebleleblebleb
|
|-weather|RainDance|[upkeep]
|upkeep
|
|t:|1784405270
|switch|p1b: mfer cooked|Rotom-Heat, L50|100/100
|turn|2
|
|t:|1784405296
|move|p2b: Swampert|Wave Crash|p1b: mfer cooked
|-supereffective|p1b: mfer cooked|1
|-crit|p1b: mfer cooked
|-enditem|p1b: mfer cooked|Passho Berry|[eat]
|-enditem|p1b: mfer cooked|Passho Berry|[weaken]
|-damage|p1b: mfer cooked|0 fnt
|faint|p1b: mfer cooked
|-damage|p2b: Swampert|65/100|[from] Recoil
|move|p1a: zoomies|Rock Slide|p2b: Swampert|[spread] p2a
|-miss|p1a: zoomies|p2b: Swampert
|-supereffective|p2a: Pelipper|1
|-damage|p2a: Pelipper|0 fnt
|faint|p2a: Pelipper
|
|-weather|RainDance|[upkeep]
|upkeep
|
|t:|1784405306
|switch|p1b: da don|Garchomp, L50, M|100/100
|switch|p2a: Dragonite|Dragonite, L50, F|100/100
|turn|3
|
|t:|1784405324
|detailschange|p1b: da don|Garchomp-Mega, L50, M
|-mega|p1b: da don|Garchomp|Garchompite
|move|p2a: Dragonite|Extreme Speed|p1a: zoomies
|-resisted|p1a: zoomies|1
|-damage|p1a: zoomies|75/100
|move|p2b: Swampert|Wave Crash|p1a: zoomies
|-supereffective|p1a: zoomies|1
|-damage|p1a: zoomies|0 fnt
|faint|p1a: zoomies
|-damage|p2b: Swampert|44/100|[from] Recoil
|move|p1b: da don|Earthquake|p2b: Swampert|[spread] p2b
|-immune|p2a: Dragonite
|-damage|p2b: Swampert|0 fnt
|faint|p2b: Swampert
|
|-weather|RainDance|[upkeep]
|upkeep
|
|t:|1784405329
|switch|p2b: Volcarona|Volcarona, L50, F|100/100
|turn|4
|
|t:|1784405349
|move|p1b: da don|Rock Slide|p2b: Volcarona|[spread] p2a,p2b
|-supereffective|p2a: Dragonite|1
|-supereffective|p2b: Volcarona|2
|-damage|p2a: Dragonite|76/100
|-damage|p2b: Volcarona|14/100
|-enditem|p2b: Volcarona|Sitrus Berry|[eat]
|-heal|p2b: Volcarona|39/100|[from] item: Sitrus Berry
|cant|p2b: Volcarona|flinch
|cant|p2a: Dragonite|flinch
|
|-weather|RainDance|[upkeep]
|upkeep
|turn|5
|
|t:|1784405375
|move|p1b: da don|Rock Slide|p2b: Volcarona|[spread] p2b
|-miss|p1b: da don|p2a: Dragonite
|-supereffective|p2b: Volcarona|2
|-damage|p2b: Volcarona|0 fnt
|faint|p2b: Volcarona
|move|p2a: Dragonite|Dragon Claw|p1b: da don
|-supereffective|p1b: da don|1
|-damage|p1b: da don|18/100
|
|-weather|none
|upkeep
|turn|6
|
|t:|1784405389
|move|p2a: Dragonite|Extreme Speed|p1b: da don
|-damage|p1b: da don|0 fnt
|faint|p1b: da don
|
|win|gliscor43
||HayesL is ready for game 3.
||gliscor43 is ready for game 3.
|uhtml|next|Next: Game 3 of 3
|l|☆HayesL
|player|p1|
