|j|☆PJO_Merchant
|j|☆FerKillerVGC
|html|PJO_MerchantFerKillerVGC    
|uhtml|bestof|Game 2 of a best-of-3
|t:|1782262926
|gametype|doubles
|player|p1|PJO_Merchant|flannery|1054
|player|p2|FerKillerVGC|169|1058
|gen|9
|tier|[Gen 9 Champions] VGC 2026 Reg M-B (Bo3)
|rated|
|rule|Species Clause: Limit one of each Pokémon
|rule|Item Clause: Limit 1 of each item
|clearpoke
|poke|p1|Gallade, L50, M|
|poke|p1|Whimsicott, L50, F, shiny|
|poke|p1|Incineroar, L50, M, shiny|
|poke|p1|Archaludon, L50, M|
|poke|p1|Basculegion, L50, M|
|poke|p1|Sinistcha, L50|
|poke|p2|Starmie, L50|
|poke|p2|Sneasler, L50, M|
|poke|p2|Farigiraf, L50, F|
|poke|p2|Incineroar, L50, F|
|poke|p2|Archaludon, L50, M|
|poke|p2|Pelipper, L50, F|
|teampreview|4
|showteam|p1|Gallade||Galladite|Justified|CloseCombat,TripleAxel,WideGuard,Protect|Jolly||M|||50|]Whimsicott||FocusSash|Prankster|Moonblast,Protect,Encore,LeechSeed|Bold||F|||50|]Incineroar||SitrusBerry|Intimidate|FlareBlitz,PartingShot,DarkestLariat,FakeOut|Serious||M|||50|]Archaludon||WhiteHerb|Stalwart|DracoMeteor,ElectroShot,FlashCannon,Protect|Serious||M|||50|]Basculegion||ChoiceScarf|Adaptability|WaveCrash,LastRespects,AquaJet,FlipTurn|Serious||M|||50|]Sinistcha||Leftovers|Hospitality|MatchaGotcha,RagePowder,StrengthSap,Protect|Serious|||||50|
|showteam|p2|Starmie||Starminite|Illuminate|Liquidation,PsychoCut,IceBeam,Protect|Lonely|||||50|]Sneasler||WhiteHerb|Unburden|FakeOut,CloseCombat,DireClaw,Coaching|Jolly||M|||50|]Farigiraf||SitrusBerry|ArmorTail|TwinBeam,HyperVoice,TrickRoom,Protect|Relaxed||F|||50|]Incineroar||Charcoal|Intimidate|FlareBlitz,ThroatChop,PartingShot,FakeOut|Adamant||F|||50|]Archaludon||Leftovers|Stamina|FlashCannon,DragonPulse,ElectroShot,Protect|Timid||M|||50|]Pelipper||FocusSash|Drizzle|WeatherBall,Hurricane,Tailwind,Protect|Timid||F|||50|
|inactive|Battle timer is ON: inactive players will automatically lose when time's up. (requested by PJO_Merchant)
|inactive|FerKillerVGC has 60 seconds left.
|
|t:|1782262969
|teamsize|p1|4
|teamsize|p2|4
|start
|switch|p1a: Sinistcha|Sinistcha, L50|100/100
|switch|p1b: Incineroar|Incineroar, L50, M, shiny|100/100
|switch|p2a: Starmie|Starmie, L50|100/100
|switch|p2b: Pelipper|Pelipper, L50, F|100/100
|-weather|RainDance|[from] ability: Drizzle|[of] p2b: Pelipper
|-ability|p1b: Incineroar|Intimidate|boost
|-unboost|p2a: Starmie|atk|1
|-unboost|p2b: Pelipper|atk|1
|turn|1
|inactive|FerKillerVGC has 30 seconds left.
|
|t:|1782263003
|switch|p2a: Incineroar|Incineroar, L50, F|100/100
|-ability|p2a: Incineroar|Intimidate|boost
|-unboost|p1a: Sinistcha|atk|1
|-unboost|p1b: Incineroar|atk|1
|move|p1b: Incineroar|Fake Out|p2a: Incineroar
|-damage|p2a: Incineroar|93/100
|move|p2b: Pelipper|Hurricane|p1a: Sinistcha
|-supereffective|p1a: Sinistcha|1
|-damage|p1a: Sinistcha|19/100
|move|p1a: Sinistcha|Matcha Gotcha|p2a: Incineroar|[spread] p2a,p2b
|-resisted|p2a: Incineroar|1
|-damage|p2a: Incineroar|83/100
|-heal|p1a: Sinistcha|25/100|[from] drain|[of] p2a: Incineroar
|-damage|p2b: Pelipper|57/100
|-heal|p1a: Sinistcha|41/100|[from] drain|[of] p2b: Pelipper
|
|-weather|RainDance|[upkeep]
|-heal|p1a: Sinistcha|47/100|[from] item: Leftovers
|upkeep
|turn|2
|
|t:|1782263025
|move|p1a: Sinistcha|Protect|p1a: Sinistcha
|-singleturn|p1a: Sinistcha|Protect
|move|p2a: Incineroar|Fake Out|p1b: Incineroar
|-damage|p1b: Incineroar|88/100
|move|p2b: Pelipper|Hurricane|p1a: Sinistcha
|-activate|p1a: Sinistcha|move: Protect
|cant|p1b: Incineroar|flinch
|
|-weather|RainDance|[upkeep]
|-heal|p1a: Sinistcha|53/100|[from] item: Leftovers
|upkeep
|turn|3
|
|t:|1782263040
|move|p2b: Pelipper|Weather Ball|p1b: Incineroar
|-supereffective|p1b: Incineroar|1
|-damage|p1b: Incineroar|0 fnt
|faint|p1b: Incineroar
|move|p1a: Sinistcha|Matcha Gotcha|p2a: Incineroar|[spread] p2a,p2b
|-resisted|p2a: Incineroar|1
|-crit|p2a: Incineroar
|-damage|p2a: Incineroar|65/100
|-heal|p1a: Sinistcha|64/100|[from] drain|[of] p2a: Incineroar
|-damage|p2b: Pelipper|16/100
|-heal|p1a: Sinistcha|79/100|[from] drain|[of] p2b: Pelipper
|-status|p2b: Pelipper|brn
|move|p2a: Incineroar|Throat Chop|p1a: Sinistcha
|-supereffective|p1a: Sinistcha|1
|-damage|p1a: Sinistcha|4/100
|-start|p1a: Sinistcha|Throat Chop|[silent]
|
|-weather|RainDance|[upkeep]
|-heal|p1a: Sinistcha|10/100|[from] item: Leftovers
|-damage|p2b: Pelipper|10/100 brn|[from] brn
|upkeep
|
|t:|1782263058
|switch|p1b: Basculegion|Basculegion, L50, M|100/100
|turn|4
|
|t:|1782263074
|switch|p2a: Archaludon|Archaludon, L50, M|100/100
|move|p1a: Sinistcha|Protect|p1a: Sinistcha
|-singleturn|p1a: Sinistcha|Protect
|move|p1b: Basculegion|Aqua Jet|p2a: Archaludon
|-resisted|p2a: Archaludon|1
|-damage|p2a: Archaludon|84/100
|-ability|p2a: Archaludon|Stamina|boost
|-boost|p2a: Archaludon|def|1
|move|p2b: Pelipper|Tailwind|p2b: Pelipper
|-sidestart|p2: FerKillerVGC|move: Tailwind
|
|-weather|RainDance|[upkeep]
|-heal|p2a: Archaludon|90/100|[from] item: Leftovers
|-heal|p1a: Sinistcha|16/100|[from] item: Leftovers
|-damage|p2b: Pelipper|4/100 brn|[from] brn
|-end|p1a: Sinistcha|Throat Chop|[silent]
|upkeep
|turn|5
|
|t:|1782263092
|move|p1a: Sinistcha|Rage Powder|p1a: Sinistcha
|-singleturn|p1a: Sinistcha|move: Rage Powder
|move|p1b: Basculegion|Aqua Jet|p2b: Pelipper
|-resisted|p2b: Pelipper|1
|-damage|p2b: Pelipper|0 fnt
|faint|p2b: Pelipper
|move|p2a: Archaludon|Electro Shot||[still]
|-prepare|p2a: Archaludon|Electro Shot
|-boost|p2a: Archaludon|spa|1
|-anim|p2a: Archaludon|Electro Shot|p1a: Sinistcha
|-resisted|p1a: Sinistcha|1
|-damage|p1a: Sinistcha|0 fnt
|faint|p1a: Sinistcha
|
|-weather|none
|-heal|p2a: Archaludon|96/100|[from] item: Leftovers
|upkeep
|
|t:|1782263108
|switch|p2b: Incineroar|Incineroar, L50, F|65/100
|switch|p1a: Archaludon|Archaludon, L50, M|100/100
|-ability|p2b: Incineroar|Intimidate|boost
|-unboost|p1a: Archaludon|atk|1
|-unboost|p1b: Basculegion|atk|1
|-enditem|p1a: Archaludon|White Herb
|-clearnegativeboost|p1a: Archaludon|[silent]
|turn|6
|
|t:|1782263132
|move|p1b: Basculegion|Aqua Jet|p2b: Incineroar
|-supereffective|p2b: Incineroar|1
|-damage|p2b: Incineroar|34/100
|move|p2a: Archaludon|Dragon Pulse|p1a: Archaludon
|-damage|p1a: Archaludon|12/100
|move|p2b: Incineroar|Parting Shot|p1a: Archaludon
|-unboost|p1a: Archaludon|atk|1
|-unboost|p1a: Archaludon|spa|1
|
|t:|1782263139
|switch|p2b: Starmie|Starmie, L50|100/100|[from] Parting Shot
|move|p1a: Archaludon|Draco Meteor|p2a: Archaludon
|-crit|p2a: Archaludon
|-damage|p2a: Archaludon|0 fnt
|-unboost|p1a: Archaludon|spa|2
|faint|p2a: Archaludon
|
|upkeep
|
|t:|1782263146
|switch|p2a: Incineroar|Incineroar, L50, F|34/100
|-ability|p2a: Incineroar|Intimidate|boost
|-unboost|p1a: Archaludon|atk|1
|-unboost|p1b: Basculegion|atk|1
|turn|7
|
|t:|1782263156
|detailschange|p2b: Starmie|Starmie-Mega, L50
|-mega|p2b: Starmie|Starmie|Starminite
|move|p2a: Incineroar|Fake Out|p1a: Archaludon
|-resisted|p1a: Archaludon|1
|-damage|p1a: Archaludon|7/100
|move|p1b: Basculegion|Aqua Jet|p2a: Incineroar
|-supereffective|p2a: Incineroar|1
|-damage|p2a: Incineroar|10/100
|move|p2b: Starmie|Liquidation|p1b: Basculegion
|-resisted|p1b: Basculegion|1
|-damage|p1b: Basculegion|52/100
|cant|p1a: Archaludon|flinch
|
|-sideend|p2: FerKillerVGC|move: Tailwind
|upkeep
|turn|8
|
|t:|1782263177
|move|p1b: Basculegion|Aqua Jet|p2a: Incineroar
|-supereffective|p2a: Incineroar|1
|-damage|p2a: Incineroar|0 fnt
|faint|p2a: Incineroar
|move|p2b: Starmie|Psycho Cut|p1b: Basculegion
|-damage|p1b: Basculegion|0 fnt
|faint|p1b: Basculegion
|move|p1a: Archaludon|Electro Shot||[still]
|-prepare|p1a: Archaludon|Electro Shot
|-boost|p1a: Archaludon|spa|1
|
|upkeep
|turn|9
|
|t:|1782263188
|move|p2b: Starmie|Ice Beam|p1a: Archaludon
|-damage|p1a: Archaludon|0 fnt
|faint|p1a: Archaludon
|
|win|FerKillerVGC
|raw|PJO_Merchant's rating: 1054 → 1036(-18 for losing)
|raw|FerKillerVGC's rating: 1058 → 1089(+31 for winning)
|l|☆PJO_Merchant
|player|p1|
