|j|☆new mental
|j|☆lettitripppp
|html|new mentallettitripppp    
|uhtml|bestof|Game 1 of a best-of-3
|t:|1783806941
|gametype|doubles
|player|p1|new mental|volkner|1285
|player|p2|lettitripppp|lucas|1226
|gen|9
|tier|[Gen 9 Champions] VGC 2026 Reg M-B (Bo3)
|rated|
|rule|Species Clause: Limit one of each Pokémon
|rule|Item Clause: Limit 1 of each item
|clearpoke
|poke|p1|Charizard, L50, M|
|poke|p1|Kingambit, L50, M|
|poke|p1|Sylveon, L50, F|
|poke|p1|Garchomp, L50, M|
|poke|p1|Aerodactyl, L50, M|
|poke|p1|Farigiraf, L50, F|
|poke|p2|Aerodactyl, L50, F|
|poke|p2|Charizard, L50, F|
|poke|p2|Farigiraf, L50, M|
|poke|p2|Garchomp, L50, M|
|poke|p2|Sylveon, L50, M|
|poke|p2|Kingambit, L50, M|
|teampreview|4
|showteam|p1|Charizard||CharizarditeY|SolarPower|Protect,HeatWave,SolarBeam,WeatherBall|Modest||M|||50|]Kingambit||FocusSash|Defiant|IronHead,SuckerPunch,KowtowCleave,LowKick|Adamant||M|||50|]Sylveon||FairyFeather|Pixilate|Detect,HyperVoice,HyperBeam,QuickAttack|Modest||F|||50|]Garchomp||LifeOrb|RoughSkin|Protect,DragonClaw,Earthquake,RockSlide|Jolly||M|||50|]Aerodactyl||Aerodactylite|Unnerve|IceFang,RockSlide,Tailwind,DualWingbeat|Jolly||M|||50|]Farigiraf||SitrusBerry|ArmorTail|TrickRoom,Psychic,Thunderbolt,Roar|Bold||F|||50|
|showteam|p2|Aerodactyl||Aerodactylite|Unnerve|WideGuard,RockSlide,Tailwind,IceFang|Jolly||F|||50|]Charizard||CharizarditeY|Blaze|WeatherBall,SolarBeam,HeatWave,Protect|Modest||F|||50|]Farigiraf||SitrusBerry|ArmorTail|Thunderbolt,TrickRoom,TwinBeam,Roar|Calm||M|||50|]Garchomp||LifeOrb|RoughSkin|StompingTantrum,DragonClaw,Earthquake,Protect|Jolly||M|||50|]Sylveon||FairyFeather|Pixilate|QuickAttack,HyperBeam,HyperVoice,Detect|Modest||M|||50|]Kingambit||FocusSash|Defiant|KowtowCleave,SuckerPunch,IronHead,LowKick|Adamant||M|||50|
|inactive|Battle timer is ON: inactive players will automatically lose when time's up. (requested by lettitripppp)
|inactive|lettitripppp has 60 seconds left.
|
|t:|1783806976
|teamsize|p1|4
|teamsize|p2|4
|start
|switch|p1a: Aerodactyl|Aerodactyl, L50, M|100/100
|switch|p1b: Kingambit|Kingambit, L50, M|100/100
|switch|p2a: DEADWING|Aerodactyl, L50, F|100/100
|switch|p2b: GENERAL BLADUS|Kingambit, L50, M|100/100
|-ability|p2a: DEADWING|Unnerve
|-ability|p1a: Aerodactyl|Unnerve
|turn|1
|
|t:|1783806987
|switch|p1b: Garchomp|Garchomp, L50, M|100/100
|detailschange|p2a: DEADWING|Aerodactyl-Mega, L50, F
|-mega|p2a: DEADWING|Aerodactyl|Aerodactylite
|detailschange|p1a: Aerodactyl|Aerodactyl-Mega, L50, M
|-mega|p1a: Aerodactyl|Aerodactyl|Aerodactylite
|move|p2a: DEADWING|Tailwind|p2a: DEADWING
|-sidestart|p2: lettitripppp|move: Tailwind
|move|p1a: Aerodactyl|Tailwind|p1a: Aerodactyl
|-sidestart|p1: new mental|move: Tailwind
|move|p2b: GENERAL BLADUS|Low Kick|p1b: Garchomp
|-damage|p1b: Garchomp|67/100
|-damage|p2b: GENERAL BLADUS|87/100|[from] ability: Rough Skin|[of] p1b: Garchomp
|
|upkeep
|turn|2
|inactive|new mental has 30 seconds left.
|
|t:|1783807022
|move|p2a: DEADWING|Ice Fang|p1b: Garchomp
|-supereffective|p1b: Garchomp|2
|-damage|p1b: Garchomp|0 fnt
|-damage|p2a: DEADWING|87/100|[from] ability: Rough Skin|[of] p1b: Garchomp
|faint|p1b: Garchomp
|move|p1a: Aerodactyl|Rock Slide|p2a: DEADWING|[spread] p2a,p2b
|-supereffective|p2a: DEADWING|1
|-resisted|p2b: GENERAL BLADUS|1
|-damage|p2a: DEADWING|31/100
|-damage|p2b: GENERAL BLADUS|77/100
|move|p2b: GENERAL BLADUS|Iron Head|p1a: Aerodactyl
|-supereffective|p1a: Aerodactyl|1
|-damage|p1a: Aerodactyl|1/100
|
|upkeep
|
|t:|1783807027
|switch|p1b: Kingambit|Kingambit, L50, M|100/100
|turn|3
|
|t:|1783807036
|move|p2a: DEADWING|Rock Slide|p1a: Aerodactyl|[spread] p1a,p1b
|-supereffective|p1a: Aerodactyl|1
|-resisted|p1b: Kingambit|1
|-damage|p1a: Aerodactyl|0 fnt
|-damage|p1b: Kingambit|88/100
|faint|p1a: Aerodactyl
|move|p1b: Kingambit|Low Kick|p2b: GENERAL BLADUS
|-supereffective|p2b: GENERAL BLADUS|2
|-damage|p2b: GENERAL BLADUS|0 fnt
|faint|p2b: GENERAL BLADUS
|
|upkeep
|
|t:|1783807044
|switch|p1a: Sylveon|Sylveon, L50, F|100/100
|switch|p2b: MAGICAL NECK|Farigiraf, L50, M|100/100
|turn|4
|
|t:|1783807056
|move|p2a: DEADWING|Rock Slide|p1b: Kingambit|[spread] p1b
|-miss|p2a: DEADWING|p1a: Sylveon
|-resisted|p1b: Kingambit|1
|-damage|p1b: Kingambit|76/100
|move|p1b: Kingambit|Kowtow Cleave|p2b: MAGICAL NECK
|-supereffective|p2b: MAGICAL NECK|1
|-damage|p2b: MAGICAL NECK|6/100
|-enditem|p2b: MAGICAL NECK|Sitrus Berry|[eat]
|-heal|p2b: MAGICAL NECK|31/100|[from] item: Sitrus Berry
|move|p1a: Sylveon|Hyper Voice|p2b: MAGICAL NECK|[spread] p2a,p2b
|-damage|p2a: DEADWING|0 fnt
|-damage|p2b: MAGICAL NECK|0 fnt
|faint|p2a: DEADWING
|faint|p2b: MAGICAL NECK
|
|-sideend|p1: new mental|move: Tailwind
|-sideend|p2: lettitripppp|move: Tailwind
|upkeep
|
|t:|1783807068
|switch|p2b: PIKU BEAM|Sylveon, L50, M|100/100
|turn|5
|
|t:|1783807071
|move|p1b: Kingambit|Iron Head|p2b: PIKU BEAM
|-supereffective|p2b: PIKU BEAM|1
|-damage|p2b: PIKU BEAM|0 fnt
|faint|p2b: PIKU BEAM
|
|win|new mental
||new mental is ready for game 2.
||lettitripppp is ready for game 2.
|uhtml|next|Next: Game 2 of 3
|l|☆new mental
|player|p1|
|l|☆lettitripppp
|player|p2|
|j|☆lettitripppp
|player|p2|lettitripppp|lucas|
