|j|☆AemBigChilling
|j|☆The median voter
|html|AemBigChillingThe median voter    
|uhtml|bestof|Game 2 of a best-of-3
|t:|1757017019
|gametype|doubles
|player|p1|AemBigChilling|lass-gen4|1211
|player|p2|The median voter|scientist-gen4dp|1260
|gen|9
|tier|[Gen 9] VGC 2025 Reg H (Bo3)
|rated|
|rule|Species Clause: Limit one of each Pokémon
|rule|Item Clause: Limit 1 of each item
|clearpoke
|poke|p1|Charizard, L50, F|
|poke|p1|Torkoal, L50, M|
|poke|p1|Porygon2, L50|
|poke|p1|Incineroar, L50, M|
|poke|p1|Jumpluff, L50, M|
|poke|p1|Ursaluna, L50, F|
|poke|p2|Sneasler, L50, M|
|poke|p2|Indeedee, L50, M|
|poke|p2|Volcarona, L50, M|
|poke|p2|Annihilape, L50, M|
|poke|p2|Tyranitar, L50, M|
|poke|p2|Excadrill, L50, M|
|teampreview|4
|showteam|p1|Charizard||ChoiceSpecs|SolarPower|HeatWave,Overheat,WeatherBall,DragonPulse|||F|||50|,,,,,Ghost]Torkoal||EjectPack|Drought|Eruption,Overheat,HelpingHand,Protect|||M|||50|,,,,,Fire]Porygon2||Eviolite|Download|IceBeam,TeraBlast,TrickRoom,Recover||||||50|,,,,,Fighting]Incineroar||SitrusBerry|Intimidate|FlareBlitz,KnockOff,FakeOut,PartingShot|||M|||50|,,,,,Ghost]Jumpluff||CovertCloak|Chlorophyll|SleepPowder,SunnyDay,RagePowder,Tailwind|||M|||50|,,,,,Water]Ursaluna||FlameOrb|Guts|HeadlongRush,Facade,Earthquake,Protect|||F|||50|,,,,,Ghost
|showteam|p2|Sneasler||PsychicSeed|Unburden|CloseCombat,DireClaw,ThroatChop,Protect|||M|||50|,,,,,Dark]Indeedee||ChoiceScarf|PsychicSurge|ExpandingForce,TeraBlast,Trick,SleepTalk|||M|||50|,,,,,Psychic]Volcarona||SitrusBerry|FlameBody|Overheat,StruggleBug,RagePowder,Tailwind|||M|||50|,,,,,Grass]Annihilape||SafetyGoggles|Defiant|CloseCombat,RageFist,Taunt,FinalGambit|||M|||50|,,,,,Flying]Tyranitar||AssaultVest|SandStream|RockSlide,KnockOff,TeraBlast,IcePunch|||M|||50|,,,,,Flying]Excadrill||FocusSash|SandRush|IronHead,Protect,Earthquake,HighHorsepower|||M|||50|,,,,,Ground
|
|t:|1757017044
|teamsize|p1|4
|teamsize|p2|4
|start
|switch|p1a: Porygon2|Porygon2, L50|100/100
|switch|p1b: Charizard|Charizard, L50, F|100/100
|switch|p2a: Annihilape|Annihilape, L50, M|100/100
|switch|p2b: Volcarona|Volcarona, L50, M|100/100
|-ability|p1a: Porygon2|Download|boost
|-boost|p1a: Porygon2|atk|1
|turn|1
|
|t:|1757017093
|switch|p1a: Torkoal|Torkoal, L50, M|100/100
|-weather|SunnyDay|[from] ability: Drought|[of] p1a: Torkoal
|move|p1b: Charizard|Heat Wave|p2b: Volcarona|[spread] p2a,p2b
|-damage|p2a: Annihilape|6/100
|-damage|p2b: Volcarona|0 fnt
|faint|p2b: Volcarona
|move|p2a: Annihilape|Taunt|p1a: Torkoal
|-start|p1a: Torkoal|move: Taunt
|
|-weather|SunnyDay|[upkeep]
|-damage|p1b: Charizard|88/100|[from] ability: Solar Power|[of] p1b: Charizard
|upkeep
|
|t:|1757017097
|switch|p2b: Tyranitar|Tyranitar, L50, M|100/100
|-weather|Sandstorm|[from] ability: Sand Stream|[of] p2b: Tyranitar
|turn|2
|
|t:|1757017118
|switch|p1a: Porygon2|Porygon2, L50|100/100
|-ability|p1a: Porygon2|Download|boost
|-boost|p1a: Porygon2|spa|1
|move|p1b: Charizard|Heat Wave|p2b: Tyranitar|[spread] p2a,p2b
|-resisted|p2b: Tyranitar
|-damage|p2a: Annihilape|0 fnt
|-damage|p2b: Tyranitar|91/100
|faint|p2a: Annihilape
|move|p2b: Tyranitar|Rock Slide|p1b: Charizard|[spread] p1a,p1b
|-supereffective|p1b: Charizard
|-damage|p1a: Porygon2|80/100
|-damage|p1b: Charizard|0 fnt
|faint|p1b: Charizard
|
|-weather|Sandstorm|[upkeep]
|-damage|p1a: Porygon2|73/100|[from] Sandstorm
|upkeep
|
|t:|1757017130
|switch|p1b: Torkoal|Torkoal, L50, M|100/100
|switch|p2a: Sneasler|Sneasler, L50, M|100/100
|-weather|SunnyDay|[from] ability: Drought|[of] p1b: Torkoal
|turn|3
|inactive|Battle timer is ON: inactive players will automatically lose when time's up. (requested by The median voter)
|
|t:|1757017172
|-terastallize|p1a: Porygon2|Fighting
|move|p2a: Sneasler|Dire Claw|p1a: Porygon2
|-damage|p1a: Porygon2|43/100
|-status|p1a: Porygon2|psn
|move|p2b: Tyranitar|Rock Slide|p1b: Torkoal|[spread] p1a,p1b
|-resisted|p1a: Porygon2
|-supereffective|p1b: Torkoal
|-damage|p1a: Porygon2|34/100 psn
|-damage|p1b: Torkoal|50/100
|cant|p1a: Porygon2|flinch
|move|p1b: Torkoal|Eruption|p2a: Sneasler|[spread] p2a,p2b
|-resisted|p2b: Tyranitar
|-damage|p2a: Sneasler|50/100
|-damage|p2b: Tyranitar|80/100
|
|-weather|SunnyDay|[upkeep]
|-damage|p1a: Porygon2|21/100 psn|[from] psn
|upkeep
|turn|4
|inactive|The median voter has 30 seconds left.
|
|t:|1757017204
|switch|p1b: Ursaluna|Ursaluna, L50, F|100/100
|move|p2a: Sneasler|Dire Claw|p1a: Porygon2
|-crit|p1a: Porygon2
|-damage|p1a: Porygon2|0 fnt
|faint|p1a: Porygon2
|move|p2b: Tyranitar|Rock Slide|p1b: Ursaluna|[miss]
|-miss|p2b: Tyranitar|p1b: Ursaluna
|
|-weather|SunnyDay|[upkeep]
|-status|p1b: Ursaluna|brn|[from] item: Flame Orb
|upkeep
|
|t:|1757017208
|switch|p1a: Torkoal|Torkoal, L50, M|50/100
|turn|5
|
|t:|1757017227
|-terastallize|p2a: Sneasler|Dark
|move|p1b: Ursaluna|Protect|p1b: Ursaluna
|-singleturn|p1b: Ursaluna|Protect
|move|p2a: Sneasler|Throat Chop|p1b: Ursaluna
|-activate|p1b: Ursaluna|move: Protect
|move|p2b: Tyranitar|Rock Slide|p1a: Torkoal|[spread] p1a
|-activate|p1b: Ursaluna|move: Protect
|-supereffective|p1a: Torkoal
|-damage|p1a: Torkoal|4/100
|cant|p1a: Torkoal|flinch
|
|-weather|SunnyDay|[upkeep]
|-damage|p1b: Ursaluna|95/100 brn|[from] brn
|upkeep
|turn|6
|-message|AemBigChilling forfeited.
|
|win|The median voter
||The median voter is ready for game 3.
|inactive|AemBigChilling has 30 seconds to confirm battle start!
|inactive|AemBigChilling has 20 seconds to confirm battle start!
||AemBigChilling is ready for game 3.
|uhtml|next|Next: Game 3 of 3
|l|☆The median voter
|player|p2|
