|j|☆NoitUK_VGC
|j|☆SiniVGC
|html|NoitUK_VGCSiniVGC    
|uhtml|bestof|Game 2 of a best-of-3
|t:|1783860823
|gametype|doubles
|player|p1|NoitUK_VGC|102|1181
|player|p2|SiniVGC|riley|1178
|gen|9
|tier|[Gen 9 Champions] VGC 2026 Reg M-B (Bo3)
|rated|
|rule|Species Clause: Limit one of each Pokémon
|rule|Item Clause: Limit 1 of each item
|clearpoke
|poke|p1|Archaludon, L50, F|
|poke|p1|Swampert, L50, F|
|poke|p1|Pelipper, L50, M|
|poke|p1|Raichu, L50, F|
|poke|p1|Sableye, L50, F|
|poke|p1|Kingambit, L50, F|
|poke|p2|Farigiraf, L50, F|
|poke|p2|Torkoal, L50, F|
|poke|p2|Sylveon, L50, F|
|poke|p2|Incineroar, L50, M|
|poke|p2|Ampharos, L50, F|
|poke|p2|Blastoise, L50, M|
|teampreview|4
|showteam|p1|Archaludon||Leftovers|Stamina|Protect,ElectroShot,FlashCannon,DragonPulse|Modest||F|||50|]Swampert||Swampertite|Torrent|Protect,WaveCrash,Earthquake,IcePunch|Adamant||F|||50|]Pelipper||SitrusBerry|Drizzle|WideGuard,WeatherBall,Hurricane,Tailwind|Bold||M|||50|]Raichu||RaichuniteX|LightningRod|FakeOut,VoltTackle,VoltSwitch,PlayRough|Hasty||F|||50|]Sableye||RoseliBerry|Prankster|Encore,Disable,WillOWisp,RainDance|Relaxed||F|||50|]Kingambit||ChopleBerry|Defiant|KowtowCleave,SuckerPunch,IronHead,LowKick|Adamant||F|||50|
|showteam|p2|Farigiraf||ColburBerry|ArmorTail|Psychic,HyperVoice,TrickRoom,HelpingHand|Sassy||F|||50|]Torkoal||Charcoal|Drought|Eruption,WeatherBall,HeatWave,Protect|Quiet||F|||50|]Sylveon||FairyFeather|Pixilate|HyperVoice,MysticalFire,Psychic,Detect|Quiet||F|||50|]Incineroar||LifeOrb|Intimidate|FlareBlitz,DarkestLariat,PartingShot,FakeOut|Brave||M|||50|]Ampharos||Ampharosite|Static|Thunderbolt,DragonPulse,PowerGem,Protect|Quiet||F|||50|]Blastoise||Blastoisinite|RainDish|WaterSpout,DarkPulse,ShellSmash,Protect|Quiet||M|||50|
|inactive|Battle timer is ON: inactive players will automatically lose when time's up. (requested by SiniVGC)
|
|t:|1783860848
|teamsize|p1|4
|teamsize|p2|4
|start
|switch|p1a: Raichu|Raichu, L50, F|100/100
|switch|p1b: Archaludon|Archaludon, L50, F|100/100
|switch|p2a: Farigiraf|Farigiraf, L50, F|100/100
|switch|p2b: Incineroar|Incineroar, L50, M|100/100
|-ability|p2b: Incineroar|Intimidate|boost
|-unboost|p1a: Raichu|atk|1
|-unboost|p1b: Archaludon|atk|1
|turn|1
|
|t:|1783860871
|detailschange|p1a: Raichu|Raichu-Mega-X, L50, F
|-mega|p1a: Raichu|Raichu|Raichunite X
|-fieldstart|move: Electric Terrain|[from] ability: Electric Surge|[of] p1a: Raichu
|move|p1b: Archaludon|Protect|p1b: Archaludon
|-singleturn|p1b: Archaludon|Protect
|move|p1a: Raichu|Volt Switch|p2a: Farigiraf
|-damage|p2a: Farigiraf|75/100
|
|t:|1783860880
|switch|p1a: Pelipper|Pelipper, L50, M|100/100|[from] Volt Switch
|-weather|RainDance|[from] ability: Drizzle|[of] p1a: Pelipper
|move|p2b: Incineroar|Parting Shot|p1b: Archaludon
|-activate|p1b: Archaludon|move: Protect
|move|p2a: Farigiraf|Trick Room|p2a: Farigiraf
|-fieldstart|move: Trick Room|[of] p2a: Farigiraf
|
|-weather|RainDance|[upkeep]
|upkeep
|turn|2
|
|t:|1783860894
|switch|p1a: Swampert|Swampert, L50, F|100/100
|move|p2a: Farigiraf|Psychic|p1a: Swampert
|-damage|p1a: Swampert|61/100
|move|p2b: Incineroar|Parting Shot|p1b: Archaludon
|-unboost|p1b: Archaludon|atk|1
|-unboost|p1b: Archaludon|spa|1
|
|t:|1783860902
|switch|p2b: Ampharos|Ampharos, L50, F|100/100|[from] Parting Shot
|move|p1b: Archaludon|Dragon Pulse|p2b: Ampharos
|-damage|p2b: Ampharos|75/100
|
|-weather|RainDance|[upkeep]
|upkeep
|turn|3
|inactive|SiniVGC has 30 seconds left.
|
|t:|1783860929
|switch|p1b: Pelipper|Pelipper, L50, M|100/100
|detailschange|p2b: Ampharos|Ampharos-Mega, L50, F
|-mega|p2b: Ampharos|Ampharos|Ampharosite
|-ability|p2b: Ampharos|Mold Breaker
|move|p2a: Farigiraf|Helping Hand|p2b: Ampharos
|-singleturn|p2b: Ampharos|Helping Hand|[of] p2a: Farigiraf
|move|p2b: Ampharos|Dragon Pulse|p1a: Swampert
|-damage|p1a: Swampert|0 fnt
|faint|p1a: Swampert
|
|-weather|RainDance|[upkeep]
|upkeep
|
|t:|1783860941
|switch|p1a: Archaludon|Archaludon, L50, F|100/100
|turn|4
|
|t:|1783860956
|switch|p2a: Sylveon|Sylveon, L50, F|100/100
|switch|p1b: Raichu|Raichu-Mega-X, L50, F|100/100
|move|p2b: Ampharos|Thunderbolt|p1b: Raichu
|-resisted|p1b: Raichu|1
|-damage|p1b: Raichu|52/100
|move|p1a: Archaludon|Electro Shot||[still]
|-prepare|p1a: Archaludon|Electro Shot
|-boost|p1a: Archaludon|spa|1
|-anim|p1a: Archaludon|Electro Shot|p2a: Sylveon
|-damage|p2a: Sylveon|40/100
|
|-weather|RainDance|[upkeep]
|upkeep
|turn|5
|inactive|SiniVGC has 30 seconds left.
|
|t:|1783860984
|switch|p2b: Farigiraf|Farigiraf, L50, F|75/100
|switch|p1b: Pelipper|Pelipper, L50, M|100/100
|move|p1a: Archaludon|Protect|p1a: Archaludon
|-singleturn|p1a: Archaludon|Protect
|move|p2a: Sylveon|Hyper Voice|p1b: Pelipper|[spread] p1b
|-activate|p1a: Archaludon|move: Protect
|-damage|p1b: Pelipper|44/100
|-enditem|p1b: Pelipper|Sitrus Berry|[eat]
|-heal|p1b: Pelipper|69/100|[from] item: Sitrus Berry
|
|-weather|none
|-fieldend|move: Trick Room
|-fieldend|move: Electric Terrain
|upkeep
|turn|6
|
|t:|1783861005
|move|p1b: Pelipper|Wide Guard|p1b: Pelipper
|-singleturn|p1b: Pelipper|Wide Guard
|move|p1a: Archaludon|Dragon Pulse|p2b: Farigiraf
|-damage|p2b: Farigiraf|23/100
|move|p2a: Sylveon|Hyper Voice|p1b: Pelipper|[spread] 
|-activate|p1a: Archaludon|move: Wide Guard
|-activate|p1b: Pelipper|move: Wide Guard
|move|p2b: Farigiraf|Trick Room|p2b: Farigiraf
|-fieldstart|move: Trick Room|[of] p2b: Farigiraf
|
|upkeep
|turn|7
|
|t:|1783861021
|move|p2b: Farigiraf|Helping Hand|p2a: Sylveon
|-singleturn|p2a: Sylveon|Helping Hand|[of] p2b: Farigiraf
|move|p1b: Pelipper|Wide Guard|p1b: Pelipper
|-singleturn|p1b: Pelipper|Wide Guard
|move|p2a: Sylveon|Mystical Fire|p1a: Archaludon
|-damage|p1a: Archaludon|55/100
|-unboost|p1a: Archaludon|spa|1
|-ability|p1a: Archaludon|Stamina|boost
|-boost|p1a: Archaludon|def|1
|move|p1a: Archaludon|Flash Cannon|p2a: Sylveon
|-supereffective|p2a: Sylveon|1
|-damage|p2a: Sylveon|0 fnt
|faint|p2a: Sylveon
|
|-heal|p1a: Archaludon|61/100|[from] item: Leftovers
|upkeep
|
|t:|1783861034
|switch|p2a: Ampharos|Ampharos-Mega, L50, F|75/100
|-ability|p2a: Ampharos|Mold Breaker
|turn|8
|
|t:|1783861045
|switch|p1b: Raichu|Raichu-Mega-X, L50, F|52/100
|-fieldstart|move: Electric Terrain|[from] ability: Electric Surge|[of] p1b: Raichu
|move|p2b: Farigiraf|Helping Hand|p2a: Ampharos
|-singleturn|p2a: Ampharos|Helping Hand|[of] p2b: Farigiraf
|move|p2a: Ampharos|Dragon Pulse|p1a: Archaludon
|-damage|p1a: Archaludon|0 fnt
|faint|p1a: Archaludon
|
|upkeep
|
|t:|1783861054
|switch|p1a: Pelipper|Pelipper, L50, M|69/100
|-weather|RainDance|[from] ability: Drizzle|[of] p1a: Pelipper
|turn|9
|
|t:|1783861066
|move|p2a: Ampharos|Dragon Pulse|p1b: Raichu
|-damage|p1b: Raichu|0 fnt
|faint|p1b: Raichu
|move|p2b: Farigiraf|Psychic|p1a: Pelipper
|-damage|p1a: Pelipper|28/100
|move|p1a: Pelipper|Weather Ball|p2b: Farigiraf
|-damage|p2b: Farigiraf|0 fnt
|faint|p2b: Farigiraf
|
|-weather|RainDance|[upkeep]
|upkeep
|
|t:|1783861074
|switch|p2b: Incineroar|Incineroar, L50, M|100/100
|-ability|p2b: Incineroar|Intimidate|boost
|-unboost|p1a: Pelipper|atk|1
|turn|10
|-message|NoitUK_VGC forfeited.
|
|win|SiniVGC
|raw|NoitUK_VGC's rating: 1181 → 1156(-25 for losing)
|raw|SiniVGC's rating: 1178 → 1203(+25 for winning)
|c|☆SiniVGC|ggs
|l|☆SiniVGC
|player|p2|
