|j|â˜†gravyholder
|j|â˜†Cazenovia
|html|gravyholderCazenovia    
|uhtml|bestof|Game 2 of a best-of-3
|t:|1785966347
|gametype|doubles
|player|p1|gravyholder|guitarist|
|player|p2|Cazenovia|anabel|
|gen|9
|tier|[Gen 9 Champions] VGC 2026 Reg M-B (Bo3)
|rule|Species Clause: Limit one of each PokÃ©mon
|rule|Item Clause: Limit 1 of each item
|clearpoke
|poke|p1|Excadrill, L50, F|
|poke|p1|Tyranitar, L50, F|
|poke|p1|Grimmsnarl, L50, M|
|poke|p1|Klefki, L50, M|
|poke|p1|Venusaur, L50, M|
|poke|p1|Typhlosion-Hisui, L50, F|
|poke|p2|Incineroar, L50, F|
|poke|p2|Sinistcha, L50|
|poke|p2|Blastoise, L50, F|
|poke|p2|Scizor, L50, F|
|poke|p2|Audino, L50, M|
|poke|p2|Goodra-Hisui, L50, F|
|teampreview|4
|showteam|p1|Excadrill||FocusSash|SandRush|IronHead,Earthquake,HighHorsepower,Protect|Jolly||F|||50|]Tyranitar||Tyranitarite|SandStream|RockSlide,KnockOff,IcePunch,Protect|Jolly||F|||50|]Grimmsnarl||BabiriBerry|Prankster|SpiritBreak,SuckerPunch,PartingShot,Taunt|Impish||M|||50|]Klefki||SitrusBerry|Prankster|DazzlingGleam,Imprison,TrickRoom,Protect|Bold||M|||50|]Venusaur||Venusaurite|Overgrow|EnergyBall,EarthPower,Toxic,Protect|Timid||M|||50|]Typhlosion-Hisui||Charcoal|Frisk|Eruption,Flamethrower,ShadowBall,Protect|Modest||F|||50|
|showteam|p2|Incineroar||ChartiBerry|Intimidate|FakeOut,BrickBreak,FlareBlitz,Protect|Brave||F|||50|]Sinistcha||ColburBerry|Hospitality|TrickRoom,MatchaGotcha,StrengthSap,RagePowder|Relaxed|||||50|]Blastoise||Blastoisinite|Torrent|WaterPulse,WaterSpout,AuraSphere,IceBeam|Modest||F|||50|]Scizor||LifeOrb|Technician|SwordsDance,BulletPunch,BrickBreak,BrutalSwing|Adamant||F|||50|]Audino||Audinite|Regenerator|TrickRoom,DazzlingGleam,Encore,HealingWish|Relaxed||M|||50|]Goodra-Hisui||ExpertBelt|SapSipper|AcidSpray,HeavySlam,Flamethrower,BodyPress|Quiet||F|||50|
|inactive|Battle timer is ON: inactive players will automatically lose when time's up. (requested by gravyholder)
|j| Spiderc
|j| eddaket
|c|â˜†gravyholder|i didnt realize team sheet was active. dw i didnt look at yours
|inactive|gravyholder has 60 seconds left.
|inactiveoff|Battle timer is now OFF.
|c|â˜†Cazenovia|I'm not looking either
|c|â˜†Cazenovia|dislike how it autoforces ots
|c| Spiderc|OTS is automatic if you pick the MB bo3 option. If you pick regular MB and toggle on bo3 it doesn't
|c| Spiderc|It's super dumb
|c|â˜†gravyholder|good to know
|
|t:|1785966435
|teamsize|p1|4
|teamsize|p2|4
|start
|switch|p1a: Gizmo|Grimmsnarl, L50, M|100/100
|switch|p1b: Big FRICK|Venusaur, L50, M|100/100
|switch|p2a: Sinistcha|Sinistcha, L50|100/100
|switch|p2b: Goodra|Goodra-Hisui, L50, F|100/100
|turn|1
|
|t:|1785966460
|move|p1a: Gizmo|Taunt|p2b: Goodra
|-start|p2b: Goodra|move: Taunt
|move|p1b: Big FRICK|Toxic|p2a: Sinistcha
|-status|p2a: Sinistcha|tox
|move|p2a: Sinistcha|Matcha Gotcha|p1b: Big FRICK|[spread] p1a,p1b
|-resisted|p1b: Big FRICK|2
|-damage|p1a: Gizmo|70/100
|-damage|p1b: Big FRICK|93/100
|-status|p1a: Gizmo|brn
|move|p2b: Goodra|Heavy Slam|p1a: Gizmo
|-supereffective|p1a: Gizmo|1
|-enditem|p1a: Gizmo|Babiri Berry|[eat]
|-enditem|p1a: Gizmo|Babiri Berry|[weaken]
|-damage|p1a: Gizmo|26/100 brn
|
|-damage|p2a: Sinistcha|93/100 tox|[from] psn
|-damage|p1a: Gizmo|20/100y brn|[from] brn
|upkeep
|turn|2
|
|t:|1785966499
|move|p1a: Gizmo|Parting Shot|p2b: Goodra
|-unboost|p2b: Goodra|atk|1
|-unboost|p2b: Goodra|spa|1
|
|t:|1785966502
|switch|p1a: Gloria|Excadrill, L50, F|100/100|[from] Parting Shot
|move|p1b: Big FRICK|Earth Power|p2b: Goodra
|-supereffective|p2b: Goodra|1
|-damage|p2b: Goodra|70/100
|move|p2b: Goodra|Flamethrower|p1b: Big FRICK
|-supereffective|p1b: Big FRICK|1
|-damage|p1b: Big FRICK|48/100
|move|p2a: Sinistcha|Trick Room|p2a: Sinistcha
|-fieldstart|move: Trick Room|[of] p2a: Sinistcha
|
|-damage|p2a: Sinistcha|81/100 tox|[from] psn
|upkeep
|turn|3
|
|t:|1785966523
|move|p1b: Big FRICK|Protect|p1b: Big FRICK
|-singleturn|p1b: Big FRICK|Protect
|move|p2b: Goodra|Body Press|p1a: Gloria
|-supereffective|p1a: Gloria|1
|-damage|p1a: Gloria|38/100
|move|p2a: Sinistcha|Matcha Gotcha|p1a: Gloria|[spread] p1a
|-activate|p1b: Big FRICK|move: Protect
|-damage|p1a: Gloria|5/100
|-heal|p2a: Sinistcha|99/100 tox|[from] drain|[of] p1a: Gloria
|-status|p1a: Gloria|brn
|move|p1a: Gloria|High Horsepower|p2b: Goodra
|-supereffective|p2b: Goodra|1
|-damage|p2b: Goodra|18/100
|
|-damage|p2a: Sinistcha|80/100 tox|[from] psn
|-damage|p1a: Gloria|0 fnt|[from] brn
|faint|p1a: Gloria
|-end|p2b: Goodra|move: Taunt
|upkeep
|
|t:|1785966542
|switch|p1a: Gizmo|Grimmsnarl, L50, M|20/100y brn
|turn|4
|c|â˜†Cazenovia|sorry bout that
|c|â˜†gravyholder|lol it happens
|
|t:|1785966574
|move|p1a: Gizmo|Sucker Punch|p2b: Goodra
|-damage|p2b: Goodra|4/100
|move|p2b: Goodra|Flamethrower|p1b: Big FRICK
|-supereffective|p1b: Big FRICK|1
|-damage|p1b: Big FRICK|1/100
|move|p2a: Sinistcha|Matcha Gotcha|p1b: Big FRICK|[spread] p1a,p1b
|-resisted|p1b: Big FRICK|2
|-damage|p1a: Gizmo|0 fnt
|-heal|p2a: Sinistcha|92/100 tox|[from] drain|[of] p1a: Gizmo
|-damage|p1b: Big FRICK|0 fnt
|-heal|p2a: Sinistcha|93/100 tox|[from] drain|[of] p1b: Big FRICK
|faint|p1a: Gizmo
|faint|p1b: Big FRICK
|
|-damage|p2a: Sinistcha|68/100 tox|[from] psn
|upkeep
|
|t:|1785966585
|switch|p1b: Reptar|Tyranitar, L50, F|100/100
|-weather|Sandstorm|[from] ability: Sand Stream|[of] p1b: Reptar
|turn|5
|
|t:|1785966597
|detailschange|p1b: Reptar|Tyranitar-Mega, L50, F
|-mega|p1b: Reptar|Tyranitar|Tyranitarite
|move|p2b: Goodra|Body Press|p1b: Reptar
|-supereffective|p1b: Reptar|2
|-damage|p1b: Reptar|40/100
|move|p2a: Sinistcha|Matcha Gotcha|p1b: Reptar
|-supereffective|p1b: Reptar|1
|-damage|p1b: Reptar|8/100
|-heal|p2a: Sinistcha|85/100 tox|[from] drain|[of] p1b: Reptar
|move|p1b: Reptar|Knock Off|p2b: Goodra
|-damage|p2b: Goodra|0 fnt
|-enditem|p2b: Goodra|Expert Belt|[from] move: Knock Off|[of] p1b: Reptar
|faint|p2b: Goodra
|
|-weather|Sandstorm|[upkeep]
|-damage|p2a: Sinistcha|79/100 tox|[from] Sandstorm
|-damage|p2a: Sinistcha|48/100 tox|[from] psn
|upkeep
|
|t:|1785966614
|switch|p2b: Scizor|Scizor, L50, F|100/100
|turn|6
|
|t:|1785966620
|move|p1b: Reptar|Protect|p1b: Reptar
|-singleturn|p1b: Reptar|Protect
|move|p2b: Scizor|Bullet Punch|p1b: Reptar
|-activate|p1b: Reptar|move: Protect
|move|p2a: Sinistcha|Matcha Gotcha|p1b: Reptar
|-activate|p1b: Reptar|move: Protect
|
|-weather|Sandstorm|[upkeep]
|-damage|p2a: Sinistcha|42/100 tox|[from] Sandstorm
|-damage|p2a: Sinistcha|5/100 tox|[from] psn
|-fieldend|move: Trick Room
|upkeep
|turn|7
|
|t:|1785966632
|switch|p2a: This guy|Incineroar, L50, F|100/100
|-ability|p2a: This guy|Intimidate|boost
|-unboost|p1b: Reptar|atk|1
|move|p1b: Reptar|Protect|p1b: Reptar
|-singleturn|p1b: Reptar|Protect
|move|p2b: Scizor|Bullet Punch|p1b: Reptar
|-activate|p1b: Reptar|move: Protect
|
|-weather|Sandstorm|[upkeep]
|-damage|p2a: This guy|94/100|[from] Sandstorm
|upkeep
|turn|8
|
|t:|1785966640
|move|p2a: This guy|Fake Out|p1b: Reptar
|-resisted|p1b: Reptar|1
|-damage|p1b: Reptar|3/100
|move|p2b: Scizor|Bullet Punch|p1b: Reptar
|-supereffective|p1b: Reptar|1
|-damage|p1b: Reptar|0 fnt
|faint|p1b: Reptar
|-damage|p2b: Scizor|90/100|[from] item: Life Orb
|
|win|Cazenovia
