|j|☆maniac916
|j|☆onxlaughtvgc
|html|maniac916onxlaughtvgc    
|uhtml|bestof|Game 1 of a best-of-3
|t:|1757742543
|gametype|doubles
|player|p1|maniac916|1|1065
|player|p2|onxlaughtvgc|veteran|1112
|gen|9
|tier|[Gen 9] VGC 2025 Reg H (Bo3)
|rated|
|rule|Species Clause: Limit one of each Pokémon
|rule|Item Clause: Limit 1 of each item
|clearpoke
|poke|p1|Gholdengo, L50|
|poke|p1|Kilowattrel, L50, M|
|poke|p1|Garchomp, L50, M|
|poke|p1|Incineroar, L50, F|
|poke|p1|Amoonguss, L50, F|
|poke|p1|Tyranitar, L50, M|
|poke|p2|Kleavor, L50, M|
|poke|p2|Incineroar, L50, M|
|poke|p2|Palafin, L50, M|
|poke|p2|Rillaboom, L50, M|
|poke|p2|Ursaluna-Bloodmoon, L50, M|
|poke|p2|Illumise, L50, F|
|teampreview|4
|showteam|p1|Gholdengo||MetalCoat|GoodasGold|MakeItRain,NastyPlot,ShadowBall,Protect||||||50|,,,,,Flying]Kilowattrel||CovertCloak|Competitive|AirSlash,Tailwind,Thunderbolt,Protect|||M|||50|,,,,,Fairy]Garchomp||LifeOrb|RoughSkin|StompingTantrum,DragonClaw,Earthquake,Protect|||M|||50|,,,,,Fire]Incineroar||SafetyGoggles|Intimidate|FakeOut,FlareBlitz,KnockOff,PartingShot|||F|||50|,,,,,Grass]Amoonguss||SitrusBerry|Regenerator|Spore,RagePowder,PollenPuff,Protect|||F|||50|,,,,,Water]Tyranitar||AssaultVest|SandStream|RockSlide,KnockOff,LowKick,TeraBlast|||M|||50|,,,,,Flying
|showteam|p2|Kleavor||ChoiceBand|Sharpness|StoneAxe,AerialAce,NightSlash,CloseCombat|||M|||50|,,,,,Ghost]Incineroar||SafetyGoggles|Intimidate|FakeOut,FlareBlitz,PartingShot,KnockOff|||M|||50|,,,,,Grass]Palafin||MysticWater|ZerotoHero|WaveCrash,JetPunch,Protect,IcePunch|||M|||50|,,,,,Water]Rillaboom||AssaultVest|GrassySurge|FakeOut,GrassyGlide,WoodHammer,Uturn|||M|||50|,,,,,Fire]Ursaluna-Bloodmoon||LifeOrb|MindsEye|BloodMoon,HyperVoice,EarthPower,Protect|||M|||50|,,,,,Normal]Illumise||CovertCloak|Prankster|Tailwind,RainDance,StruggleBug,Encore|||F|||50|,,,,,Water
|inactive|Battle timer is ON: inactive players will automatically lose when time's up. (requested by onxlaughtvgc)
|
|t:|1757742593
|teamsize|p1|4
|teamsize|p2|4
|start
|switch|p1a: Kilowattrel|Kilowattrel, L50, M|100/100
|switch|p1b: Incineroar|Incineroar, L50, F, shiny|100/100
|switch|p2a: Incineroar|Incineroar, L50, M|100/100
|switch|p2b: Palafin|Palafin, L50, M|100/100
|-ability|p1b: Incineroar|Intimidate|boost
|-unboost|p2a: Incineroar|atk|1
|-unboost|p2b: Palafin|atk|1
|-ability|p2a: Incineroar|Intimidate|boost
|-unboost|p1a: Kilowattrel|atk|1
|-ability|p1a: Kilowattrel|Competitive|boost
|-boost|p1a: Kilowattrel|spa|2
|-unboost|p1b: Incineroar|atk|1
|turn|1
|inactive|onxlaughtvgc has 30 seconds left.
|
|t:|1757742624
|detailschange|p2b: Palafin|Palafin-Hero, L50, M
|switch|p2b: Rillaboom|Rillaboom, L50, M|100/100
|-fieldstart|move: Grassy Terrain|[from] ability: Grassy Surge|[of] p2b: Rillaboom
|move|p1b: Incineroar|Fake Out|p2a: Incineroar
|-damage|p2a: Incineroar|95/100
|move|p1a: Kilowattrel|Tailwind|p1a: Kilowattrel
|-sidestart|p1: maniac916|move: Tailwind
|cant|p2a: Incineroar|flinch
|
|-heal|p2a: Incineroar|100/100|[from] Grassy Terrain
|upkeep
|turn|2
|inactive|maniac916 has 30 seconds left.
|
|t:|1757742651
|move|p1a: Kilowattrel|Air Slash|p2b: Rillaboom
|-supereffective|p2b: Rillaboom
|-damage|p2b: Rillaboom|13/100
|move|p1b: Incineroar|Flare Blitz|p2b: Rillaboom
|-supereffective|p2b: Rillaboom
|-damage|p2b: Rillaboom|0 fnt
|faint|p2b: Rillaboom
|-damage|p1b: Incineroar|96/100|[from] Recoil
|move|p2a: Incineroar|Parting Shot|p1b: Incineroar
|-unboost|p1b: Incineroar|atk|1
|-unboost|p1b: Incineroar|spa|1
|
|t:|1757742664
|switch|p2a: Palafin|Palafin-Hero, L50, M|100/100|[from] Parting Shot
|-activate|p2a: Palafin|ability: Zero to Hero
|
|-heal|p1b: Incineroar|100/100|[from] Grassy Terrain
|upkeep
|
|t:|1757742672
|switch|p2b: Incineroar|Incineroar, L50, M|100/100
|-ability|p2b: Incineroar|Intimidate|boost
|-unboost|p1a: Kilowattrel|atk|1
|-ability|p1a: Kilowattrel|Competitive|boost
|-boost|p1a: Kilowattrel|spa|2
|-unboost|p1b: Incineroar|atk|1
|turn|3
|
|t:|1757742696
|switch|p1b: Garchomp|Garchomp, L50, M|100/100
|-terastallize|p2a: Palafin|Water
|move|p1a: Kilowattrel|Protect|p1a: Kilowattrel
|-singleturn|p1a: Kilowattrel|Protect
|move|p2b: Incineroar|Fake Out|p1b: Garchomp
|-damage|p1b: Garchomp|90/100
|-damage|p2b: Incineroar|88/100|[from] ability: Rough Skin|[of] p1b: Garchomp
|move|p2a: Palafin|Jet Punch|p1a: Kilowattrel
|-activate|p1a: Kilowattrel|move: Protect
|
|-heal|p1b: Garchomp|96/100|[from] Grassy Terrain
|-heal|p2b: Incineroar|94/100|[from] Grassy Terrain
|upkeep
|turn|4
|inactive|maniac916 has 30 seconds left.
|
|t:|1757742726
|move|p2a: Palafin|Jet Punch|p1a: Kilowattrel
|-damage|p1a: Kilowattrel|0 fnt
|faint|p1a: Kilowattrel
|move|p1b: Garchomp|Earthquake|p2b: Incineroar|[spread] p2a,p2b
|-supereffective|p2b: Incineroar
|-damage|p2a: Palafin|78/100
|-damage|p2b: Incineroar|51/100
|-damage|p1b: Garchomp|86/100|[from] item: Life Orb
|move|p2b: Incineroar|Parting Shot|p1b: Garchomp
|-unboost|p1b: Garchomp|atk|1
|-unboost|p1b: Garchomp|spa|1
|
|t:|1757742736
|switch|p2b: Kleavor|Kleavor, L50, M, shiny|100/100|[from] Parting Shot
|
|-heal|p1b: Garchomp|92/100|[from] Grassy Terrain
|-heal|p2a: Palafin|84/100|[from] Grassy Terrain
|-sideend|p1: maniac916|move: Tailwind
|upkeep
|
|t:|1757742751
|switch|p1a: Incineroar|Incineroar, L50, F, shiny|100/100
|-ability|p1a: Incineroar|Intimidate|boost
|-unboost|p2a: Palafin|atk|1
|-unboost|p2b: Kleavor|atk|1
|turn|5
|
|t:|1757742774
|switch|p2a: Incineroar|Incineroar, L50, M|51/100
|-ability|p2a: Incineroar|Intimidate|boost
|-unboost|p1a: Incineroar|atk|1
|-unboost|p1b: Garchomp|atk|1
|move|p1a: Incineroar|Fake Out|p2a: Incineroar
|-damage|p2a: Incineroar|46/100
|move|p1b: Garchomp|Stomping Tantrum|p2a: Incineroar
|-supereffective|p2a: Incineroar
|-damage|p2a: Incineroar|11/100
|-damage|p1b: Garchomp|82/100|[from] item: Life Orb
|move|p2b: Kleavor|Stone Axe|p1a: Incineroar|[miss]
|-miss|p2b: Kleavor|p1a: Incineroar
|
|-heal|p1b: Garchomp|88/100|[from] Grassy Terrain
|-heal|p2a: Incineroar|17/100|[from] Grassy Terrain
|-fieldend|move: Grassy Terrain
|upkeep
|turn|6
|inactive|maniac916 has 30 seconds left.
|inactive|maniac916 has 20 seconds left.
|inactive|maniac916 has 15 seconds left.
|
|t:|1757742817
|move|p1b: Garchomp|Protect|p1b: Garchomp
|-singleturn|p1b: Garchomp|Protect
|move|p2b: Kleavor|Stone Axe|p1a: Incineroar
|-supereffective|p1a: Incineroar
|-damage|p1a: Incineroar|7/100
|-sidestart|p1: maniac916|move: Stealth Rock
|move|p1a: Incineroar|Parting Shot|p2b: Kleavor
|-unboost|p2b: Kleavor|atk|1
|-unboost|p2b: Kleavor|spa|1
|
|t:|1757742826
|switch|p1a: Gholdengo|Gholdengo, L50|100/100|[from] Parting Shot
|-damage|p1a: Gholdengo|94/100|[from] Stealth Rock
|move|p2a: Incineroar|Parting Shot|p1b: Garchomp
|-activate|p1b: Garchomp|move: Protect
|
|upkeep
|turn|7
|
|t:|1757742842
|-terastallize|p1a: Gholdengo|Flying
|move|p1b: Garchomp|Earthquake|p2a: Incineroar|[spread] p2a,p2b
|-immune|p1a: Gholdengo
|-supereffective|p2a: Incineroar
|-damage|p2a: Incineroar|0 fnt
|-damage|p2b: Kleavor|66/100
|faint|p2a: Incineroar
|-damage|p1b: Garchomp|78/100|[from] item: Life Orb
|move|p2b: Kleavor|Stone Axe|p1a: Gholdengo
|-supereffective|p1a: Gholdengo
|-damage|p1a: Gholdengo|16/100
|move|p1a: Gholdengo|Make It Rain|p2b: Kleavor
|-supereffective|p2b: Kleavor
|-damage|p2b: Kleavor|0 fnt
|-unboost|p1a: Gholdengo|spa|1
|faint|p2b: Kleavor
|
|upkeep
|
|t:|1757742861
|switch|p2b: Palafin|Palafin-Hero, L50, M, tera:Water|84/100
|turn|8
|
|t:|1757742882
|switch|p1b: Incineroar|Incineroar, L50, F, shiny|7/100
|-damage|p1b: Incineroar|0 fnt|[from] Stealth Rock
|faint|p1b: Incineroar
|move|p2b: Palafin|Protect|p2b: Palafin
|-singleturn|p2b: Palafin|Protect
|move|p1a: Gholdengo|Shadow Ball|p2b: Palafin
|-activate|p2b: Palafin|move: Protect
|
|upkeep
|
|t:|1757742891
|switch|p1b: Garchomp|Garchomp, L50, M|78/100
|-damage|p1b: Garchomp|72/100|[from] Stealth Rock
|turn|9
|inactive|maniac916 has 30 seconds left.
|
|t:|1757742921
|move|p2b: Palafin|Jet Punch|p1b: Garchomp
|-damage|p1b: Garchomp|14/100
|-damage|p2b: Palafin|72/100|[from] ability: Rough Skin|[of] p1b: Garchomp
|move|p1b: Garchomp|Dragon Claw|p2b: Palafin
|-damage|p2b: Palafin|24/100
|-damage|p1b: Garchomp|4/100|[from] item: Life Orb
|move|p1a: Gholdengo|Make It Rain|p2b: Palafin
|-resisted|p2b: Palafin
|-damage|p2b: Palafin|2/100
|-unboost|p1a: Gholdengo|spa|1
|
|upkeep
|turn|10
|
|t:|1757742945
|move|p2b: Palafin|Jet Punch|p1a: Gholdengo
|-damage|p1a: Gholdengo|0 fnt
|faint|p1a: Gholdengo
|move|p1b: Garchomp|Dragon Claw|p2b: Palafin
|-damage|p2b: Palafin|0 fnt
|faint|p2b: Palafin
|-damage|p1b: Garchomp|0 fnt|[from] item: Life Orb
|faint|p1b: Garchomp
|
|win|maniac916
||onxlaughtvgc is ready for game 2.
|inactive|maniac916 has 30 seconds to confirm battle start!
||maniac916 is ready for game 2.
|uhtml|next|Next: Game 2 of 3
|l|☆maniac916
|player|p1|
