|j|☆sparrow.d.ace
|j|‽Pitoune901
|html|sparrow.d.acePitoune901    
|uhtml|bestof|Game 2 of a best-of-3
|t:|1756658801
|gametype|doubles
|player|p1|sparrow.d.ace|alec-anime|1185
|player|p2|Pitoune901|lucas|1057
|gen|9
|tier|[Gen 9] VGC 2025 Reg H (Bo3)
|rated|
|rule|Species Clause: Limit one of each Pokémon
|rule|Item Clause: Limit 1 of each item
|clearpoke
|poke|p1|Basculegion, L50, M|
|poke|p1|Pelipper, L50, F|
|poke|p1|Archaludon, L50, M|
|poke|p1|Sneasler, L50, M|
|poke|p1|Rillaboom, L50, F|
|poke|p1|Incineroar, L50, M|
|poke|p2|Charizard, L50, M|
|poke|p2|Torkoal, L50, F|
|poke|p2|Porygon2, L50|
|poke|p2|Incineroar, L50, M|
|poke|p2|Jumpluff, L50, F|
|poke|p2|Ursaluna, L50, F|
|teampreview|4
|showteam|p1|Basculegion||ChoiceBand|SwiftSwim|WaveCrash,FlipTurn,LastRespects,AquaJet|||M|||50|,,,,,Water]Pelipper||CovertCloak|Drizzle|WeatherBall,Hurricane,Tailwind,Protect|||F|||50|,,,,,Stellar]Archaludon||AssaultVest|Stamina|ElectroShot,DragonPulse,FlashCannon,BodyPress|||M|||50|,,,,,Bug]Sneasler||FocusSash|PoisonTouch|DireClaw,CloseCombat,ThroatChop,Protect|||M|||50|,,,,,Ghost]Rillaboom||MiracleSeed|GrassySurge|WoodHammer,GrassyGlide,Uturn,FakeOut|||F|||50|,,,,,Fire]Incineroar||SafetyGoggles|Intimidate|FakeOut,Taunt,KnockOff,PartingShot|||M|||50|,,,,,Ghost
|showteam|p2|Charizard||ChoiceSpecs|SolarPower|HeatWave,Overheat,WeatherBall,AirSlash|||M|||50|,,,,,Ghost]Torkoal||EjectPack|Drought|Eruption,Overheat,HelpingHand,Protect|||F|||50|,,,,,Fire]Porygon2||Eviolite|Download|TeraBlast,IceBeam,Recover,TrickRoom||||||50|,,,,,Fighting]Incineroar||SitrusBerry|Intimidate|FlareBlitz,KnockOff,FakeOut,PartingShot|||M|||50|,,,,,Ghost]Jumpluff||CovertCloak|Chlorophyll|SleepPowder,SunnyDay,RagePowder,Tailwind|||F|||50|,,,,,Water]Ursaluna||FlameOrb|Guts|HeadlongRush,Facade,Earthquake,Protect|||F|||50|,,,,,Ghost
|inactive|Battle timer is ON: inactive players will automatically lose when time's up. (requested by sparrow.d.ace)
|
|t:|1756658818
|teamsize|p1|4
|teamsize|p2|4
|start
|switch|p1a: Basculegion|Basculegion, L50, M, shiny|100/100
|switch|p1b: Sneasler|Sneasler, L50, M|100/100
|switch|p2a: Jumpluff|Jumpluff, L50, F|100/100
|switch|p2b: Ursaluna|Ursaluna, L50, F|100/100
|turn|1
|
|t:|1756658842
|move|p2b: Ursaluna|Protect|p2b: Ursaluna
|-singleturn|p2b: Ursaluna|Protect
|move|p1b: Sneasler|Dire Claw|p2a: Jumpluff
|-supereffective|p2a: Jumpluff
|-damage|p2a: Jumpluff|1/100
|move|p2a: Jumpluff|Tailwind|p2a: Jumpluff
|-sidestart|p2: Pitoune901|move: Tailwind
|move|p1a: Basculegion|Flip Turn|p2a: Jumpluff
|-resisted|p2a: Jumpluff
|-damage|p2a: Jumpluff|0 fnt
|faint|p2a: Jumpluff
|
|t:|1756658855
|switch|p1a: Incineroar|Incineroar, L50, M, shiny|100/100|[from] Flip Turn
|-ability|p1a: Incineroar|Intimidate|boost
|-unboost|p2b: Ursaluna|atk|1
|
|-status|p2b: Ursaluna|brn|[from] item: Flame Orb
|upkeep
|
|t:|1756658860
|switch|p2a: Torkoal|Torkoal, L50, F|100/100
|-weather|SunnyDay|[from] ability: Drought|[of] p2a: Torkoal
|turn|2
|
|t:|1756658877
|switch|p1a: Pelipper|Pelipper, L50, F, shiny|100/100
|-weather|RainDance|[from] ability: Drizzle|[of] p1a: Pelipper
|-terastallize|p1b: Sneasler|Ghost
|-terastallize|p2b: Ursaluna|Ghost
|move|p2a: Torkoal|Protect|p2a: Torkoal
|-singleturn|p2a: Torkoal|Protect
|move|p1b: Sneasler|Dire Claw|p2a: Torkoal
|-activate|p2a: Torkoal|move: Protect
|move|p2b: Ursaluna|Earthquake|p1b: Sneasler|[spread] p1b
|-activate|p2a: Torkoal|move: Protect
|-immune|p1a: Pelipper
|-damage|p1b: Sneasler|19/100
|
|-weather|RainDance|[upkeep]
|-damage|p2b: Ursaluna|95/100 brn|[from] brn
|upkeep
|turn|3
|inactive|sparrow.d.ace has 30 seconds left.
|
|t:|1756658912
|switch|p2b: Charizard|Charizard, L50, M|100/100
|switch|p1a: Incineroar|Incineroar, L50, M, shiny|100/100
|-ability|p1a: Incineroar|Intimidate|boost
|-unboost|p2a: Torkoal|atk|1
|-unboost|p2b: Charizard|atk|1
|-enditem|p2a: Torkoal|Eject Pack
|
|t:|1756658922
|switch|p2a: Ursaluna|Ursaluna, L50, F, tera:Ghost|95/100 brn
|move|p1b: Sneasler|Throat Chop|p2b: Charizard
|-damage|p2b: Charizard|63/100
|-start|p2b: Charizard|Throat Chop|[silent]
|
|-weather|RainDance|[upkeep]
|-damage|p2a: Ursaluna|89/100 brn|[from] brn
|upkeep
|turn|4
|
|t:|1756658945
|move|p1b: Sneasler|Protect|p1b: Sneasler
|-singleturn|p1b: Sneasler|Protect
|move|p2a: Ursaluna|Protect|p2a: Ursaluna
|-singleturn|p2a: Ursaluna|Protect
|move|p2b: Charizard|Weather Ball|p1a: Incineroar
|-supereffective|p1a: Incineroar
|-damage|p1a: Incineroar|0 fnt
|faint|p1a: Incineroar
|
|-weather|RainDance|[upkeep]
|-damage|p2a: Ursaluna|83/100 brn|[from] brn
|-end|p2b: Charizard|Throat Chop|[silent]
|-sideend|p2: Pitoune901|move: Tailwind
|upkeep
|
|t:|1756658953
|switch|p1a: Basculegion|Basculegion, L50, M, shiny|100/100
|turn|5
|
|t:|1756658968
|switch|p2b: Torkoal|Torkoal, L50, F|100/100
|-weather|SunnyDay|[from] ability: Drought|[of] p2b: Torkoal
|move|p1b: Sneasler|Dire Claw|p2b: Torkoal
|-damage|p2b: Torkoal|70/100
|-status|p2b: Torkoal|par
|move|p1a: Basculegion|Wave Crash|p2a: Ursaluna
|-damage|p2a: Ursaluna|48/100 brn
|-damage|p1a: Basculegion|87/100|[from] Recoil
|move|p2a: Ursaluna|Earthquake|p1a: Basculegion|[spread] p2b,p1a,p1b
|-supereffective|p2b: Torkoal
|-damage|p2b: Torkoal|0 fnt
|-damage|p1a: Basculegion|4/100
|-damage|p1b: Sneasler|0 fnt
|faint|p2b: Torkoal
|faint|p1b: Sneasler
|
|-weather|SunnyDay|[upkeep]
|-damage|p2a: Ursaluna|42/100 brn|[from] brn
|upkeep
|
|t:|1756658982
|switch|p1b: Pelipper|Pelipper, L50, F, shiny|100/100
|switch|p2b: Charizard|Charizard, L50, M|63/100
|-weather|RainDance|[from] ability: Drizzle|[of] p1b: Pelipper
|turn|6
|
|t:|1756659007
|move|p1a: Basculegion|Wave Crash|p2b: Charizard
|-supereffective|p2b: Charizard
|-damage|p2b: Charizard|0 fnt
|faint|p2b: Charizard
|-damage|p1a: Basculegion|0 fnt|[from] Recoil
|faint|p1a: Basculegion
|move|p1b: Pelipper|Weather Ball|p2a: Ursaluna
|-damage|p2a: Ursaluna|0 fnt
|faint|p2a: Ursaluna
|
|win|sparrow.d.ace
|raw|sparrow.d.ace's rating: 1185 → 1201(+16 for winning)
|raw|Pitoune901's rating: 1057 → 1045(-12 for losing)
