|j|☆Gottkomplexe
|j|☆EchoHevy5555
|html|GottkomplexeEchoHevy5555    
|uhtml|bestof|Game 2 of a best-of-3
|t:|1757705622
|gametype|doubles
|player|p1|Gottkomplexe|ilima|1245
|player|p2|EchoHevy5555|170|1101
|gen|9
|tier|[Gen 9] VGC 2025 Reg H (Bo3)
|rated|
|rule|Species Clause: Limit one of each Pokémon
|rule|Item Clause: Limit 1 of each item
|clearpoke
|poke|p1|Ninetales-Alola, L50, F|
|poke|p1|Annihilape, L50, F|
|poke|p1|Dragonite, L50, F|
|poke|p1|Gholdengo, L50|
|poke|p1|Amoonguss, L50, M|
|poke|p1|Farigiraf, L50, M|
|poke|p2|Noivern, L50, F|
|poke|p2|Toxtricity, L50, M|
|poke|p2|Zoroark-Hisui, L50, F|
|poke|p2|Malamar, L50, F|
|poke|p2|Incineroar, L50, M|
|poke|p2|Gastrodon, L50, M|
|teampreview|4
|showteam|p1|Ninetales-Alola||FocusSash|SnowWarning|IcyWind,IcicleSpear,AuroraVeil,Protect|||F|||50|,,,,,Ghost]Annihilape||SafetyGoggles|Defiant|RageFist,DrainPunch,BulkUp,Protect|||F|||50|,,,,,Fire]Dragonite||LoadedDice|Multiscale|ScaleShot,Tailwind,Haze,Protect|||F|||50|,,,,,Fairy]Gholdengo||LifeOrb|GoodasGold|MakeItRain,ShadowBall,NastyPlot,Protect||||||50|,,,,,Water]Amoonguss||CovertCloak|Regenerator|RagePowder,Spore,Protect,PollenPuff|||M|||50|,,,,,Water]Farigiraf||SitrusBerry|ArmorTail|TeraBlast,TwinBeam,TrickRoom,Protect|||M|||50|,,,,,Fighting
|showteam|p2|Noivern||CovertCloak|Telepathy|Tailwind,SuperFang,DracoMeteor,Taunt|||F|||50|,,,,,Steel]Toxtricity||LifeOrb|PunkRock|Boomburst,Overdrive,SludgeBomb,Protect|||M|||50|,,,,,Normal]Zoroark-Hisui||FocusSash|Illusion|BitterMalice,Protect,FakeTears,TeraBlast|||F|||50|,,,,,Fighting]Malamar||SafetyGoggles|Contrary|KnockOff,Superpower,TopsyTurvy,TrickRoom|||F|||50|,,,,,Fire]Incineroar||SitrusBerry|Intimidate|KnockOff,FlareBlitz,Protect,FakeOut|||M|||50|,,,,,Ghost]Gastrodon||Leftovers|StormDrain|EarthPower,IceBeam,Protect,Yawn|||M|||50|,,,,,Fire
|inactive|Battle timer is ON: inactive players will automatically lose when time's up. (requested by Gottkomplexe)
|inactive|EchoHevy5555 has 60 seconds left.
|
|t:|1757705659
|teamsize|p1|4
|teamsize|p2|4
|start
|switch|p1a: Ninetales|Ninetales-Alola, L50, F|100/100
|switch|p1b: Annihilape|Annihilape, L50, F|100/100
|switch|p2a: Noivern|Noivern, L50, F|100/100
|switch|p2b: Malamar|Malamar, L50, F|100/100
|-weather|Snowscape|[from] ability: Snow Warning|[of] p1a: Ninetales
|turn|1
|inactive|Gottkomplexe has 30 seconds left.
|
|t:|1757705686
|move|p2a: Noivern|Taunt|p1a: Ninetales
|-start|p1a: Ninetales|move: Taunt
|move|p2b: Malamar|Bitter Malice|p1b: Annihilape
|-supereffective|p1b: Annihilape
|-damage|p1b: Annihilape|27/100
|-unboost|p1b: Annihilape|atk|1
|-ability|p1b: Annihilape|Defiant|boost
|-boost|p1b: Annihilape|atk|2
|move|p1a: Ninetales|Icy Wind|p2a: Noivern|[spread] p2b
|-miss|p1a: Ninetales|p2a: Noivern
|-damage|p2b: Malamar|68/100
|-unboost|p2b: Malamar|spe|1
|replace|p2b: Zoroark|Zoroark-Hisui, L50, F
|-end|p2b: Zoroark|Illusion
|move|p1b: Annihilape|Bulk Up|p1b: Annihilape
|-boost|p1b: Annihilape|atk|1
|-boost|p1b: Annihilape|def|1
|
|-weather|Snowscape|[upkeep]
|upkeep
|turn|2
|inactive|EchoHevy5555 has 30 seconds left.
|
|t:|1757705715
|switch|p1a: Amoonguss|Amoonguss, L50, M|100/100
|-terastallize|p2a: Noivern|Steel
|move|p1b: Annihilape|Protect|p1b: Annihilape
|-singleturn|p1b: Annihilape|Protect
|move|p2a: Noivern|Super Fang|p1a: Amoonguss
|-damage|p1a: Amoonguss|50/100
|move|p2b: Zoroark|Bitter Malice|p1b: Annihilape
|-activate|p1b: Annihilape|move: Protect
|
|-weather|Snowscape|[upkeep]
|upkeep
|turn|3
|
|t:|1757705729
|move|p1a: Amoonguss|Rage Powder|p1a: Amoonguss
|-singleturn|p1a: Amoonguss|move: Rage Powder
|move|p2a: Noivern|Taunt|p1a: Amoonguss
|-start|p1a: Amoonguss|move: Taunt
|move|p1b: Annihilape|Drain Punch|p2a: Noivern
|-supereffective|p2a: Noivern
|-damage|p2a: Noivern|0 fnt
|-heal|p1b: Annihilape|70/100|[from] drain|[of] p2a: Noivern
|faint|p2a: Noivern
|move|p2b: Zoroark|Bitter Malice|p1a: Amoonguss
|-damage|p1a: Amoonguss|18/100
|
|-weather|Snowscape|[upkeep]
|upkeep
|
|t:|1757705740
|switch|p2a: Toxtricity|Toxtricity, L50, M|100/100
|turn|4
|
|t:|1757705763
|switch|p2b: Malamar|Malamar, L50, F|100/100
|switch|p1a: Ninetales|Ninetales-Alola, L50, F|100/100
|move|p1b: Annihilape|Protect|p1b: Annihilape
|-singleturn|p1b: Annihilape|Protect
|move|p2a: Toxtricity|Overdrive|p1b: Annihilape|[spread] p1a
|-activate|p1b: Annihilape|move: Protect
|-crit|p1a: Ninetales
|-damage|p1a: Ninetales|11/100
|-damage|p2a: Toxtricity|91/100|[from] item: Life Orb
|
|-weather|Snowscape|[upkeep]
|upkeep
|turn|5
|inactive|Gottkomplexe has 30 seconds left.
|inactive|EchoHevy5555 has 30 seconds left.
|inactive|Gottkomplexe has 20 seconds left.
|inactive|EchoHevy5555 has 20 seconds left.
|inactive|Gottkomplexe has 15 seconds left.
|inactive|EchoHevy5555 has 15 seconds left.
|inactive|Gottkomplexe has 10 seconds left.
|inactive|EchoHevy5555 has 10 seconds left.
|
|t:|1757705810
|move|p1a: Ninetales|Aurora Veil|p1a: Ninetales
|-sidestart|p1: Gottkomplexe|move: Aurora Veil
|move|p1b: Annihilape|Rage Fist|p2b: Malamar
|-damage|p2b: Malamar|21/100
|move|p2a: Toxtricity|Sludge Bomb|p1a: Ninetales
|-supereffective|p1a: Ninetales
|-damage|p1a: Ninetales|0 fnt
|faint|p1a: Ninetales
|-damage|p2a: Toxtricity|81/100|[from] item: Life Orb
|move|p2b: Malamar|Topsy-Turvy|p1b: Annihilape
|-invertboost|p1b: Annihilape|[from] move: Topsy-Turvy
|
|-weather|none
|upkeep
|
|t:|1757705818
|switch|p1a: Gholdengo|Gholdengo, L50|100/100
|turn|6
|
|t:|1757705834
|switch|p1b: Amoonguss|Amoonguss, L50, M|51/100
|move|p1a: Gholdengo|Make It Rain|p2a: Toxtricity|[spread] p2a,p2b
|-resisted|p2a: Toxtricity
|-damage|p2a: Toxtricity|36/100
|-damage|p2b: Malamar|0 fnt
|-unboost|p1a: Gholdengo|spa|1
|faint|p2b: Malamar
|-damage|p1a: Gholdengo|91/100|[from] item: Life Orb
|move|p2a: Toxtricity|Overdrive|p1a: Gholdengo|[spread] p1a,p1b
|-resisted|p1b: Amoonguss
|-damage|p1a: Gholdengo|54/100
|-damage|p1b: Amoonguss|38/100
|-damage|p2a: Toxtricity|27/100|[from] item: Life Orb
|
|upkeep
|
|t:|1757705841
|switch|p2b: Zoroark|Zoroark-Hisui, L50, F|68/100
|turn|7
|
|t:|1757705862
|move|p2b: Zoroark|Protect|p2b: Zoroark
|-singleturn|p2b: Zoroark|Protect
|move|p1b: Amoonguss|Rage Powder|p1b: Amoonguss
|-singleturn|p1b: Amoonguss|move: Rage Powder
|move|p1a: Gholdengo|Make It Rain|p2b: Zoroark|[spread] p2a
|-activate|p2b: Zoroark|move: Protect
|-resisted|p2a: Toxtricity
|-damage|p2a: Toxtricity|0 fnt
|-unboost|p1a: Gholdengo|spa|1
|faint|p2a: Toxtricity
|-damage|p1a: Gholdengo|45/100|[from] item: Life Orb
|
|upkeep
|turn|8
|c|☆EchoHevy5555|Oops misclick
|c|☆EchoHevy5555|I meant to do protect on the other ine
|inactive|Gottkomplexe has 30 seconds left.
|inactive|EchoHevy5555 has 30 seconds left.
|
|t:|1757705894
|move|p1b: Amoonguss|Rage Powder|p1b: Amoonguss
|-singleturn|p1b: Amoonguss|move: Rage Powder
|move|p2b: Zoroark|Bitter Malice|p1b: Amoonguss
|-damage|p1b: Amoonguss|16/100
|move|p1a: Gholdengo|Make It Rain|p2b: Zoroark
|-damage|p2b: Zoroark|0 fnt
|-unboost|p1a: Gholdengo|spa|1
|faint|p2b: Zoroark
|-damage|p1a: Gholdengo|35/100|[from] item: Life Orb
|
|win|Gottkomplexe
|raw|Gottkomplexe's rating: 1245 → 1260(+15 for winning)
|raw|EchoHevy5555's rating: 1101 → 1086(-15 for losing)
|l|☆Gottkomplexe
|player|p1|
