|j|☆ToastedArt
|j|☆BarqsGotBite
|html|ToastedArtBarqsGotBite    
|uhtml|bestof|Game 2 of a best-of-3
|t:|1784334963
|gametype|doubles
|player|p1|ToastedArt|iris|1030
|player|p2|BarqsGotBite|ethan|1116
|gen|9
|tier|[Gen 9 Champions] VGC 2026 Reg M-B (Bo3)
|rated|
|rule|Species Clause: Limit one of each Pokémon
|rule|Item Clause: Limit 1 of each item
|clearpoke
|poke|p1|Sinistcha, L50|
|poke|p1|Sneasler, L50, F|
|poke|p1|Hydreigon, L50, M|
|poke|p1|Gholdengo, L50|
|poke|p1|Falinks, L50, shiny|
|poke|p1|Incineroar, L50, M|
|poke|p2|Froslass, L50, F|
|poke|p2|Tyranitar, L50, M|
|poke|p2|Excadrill, L50, M|
|poke|p2|Ariados, L50, F|
|poke|p2|Sableye, L50, F|
|poke|p2|Raichu, L50, M|
|teampreview|4
|showteam|p1|Sinistcha||ColburBerry|Hospitality|MatchaGotcha,Imprison,RagePowder,TrickRoom|Calm|||||50|]Sneasler||FocusSash|PoisonTouch|CloseCombat,FakeOut,PoisonJab,QuickGuard|Jolly||F|||50|]Hydreigon||ChoiceScarf|Levitate|DarkPulse,DracoMeteor,EarthPower,Snarl|Modest||M|||50|]Gholdengo||LifeOrb|GoodasGold|MakeItRain,ShadowBall,NastyPlot,Protect|Modest|||||50|]Falinks||Falinksite|Defiant|NoRetreat,SwordsDance,CloseCombat,Protect|Adamant|||||50|]Incineroar||SitrusBerry|Intimidate|FlareBlitz,DarkestLariat,FakeOut,PartingShot|Careful||M|||50|
|showteam|p2|Froslass||Froslassite|CursedBody|Blizzard,ShadowBall,NastyPlot,Protect|Timid||F|||50|]Tyranitar||ChopleBerry|SandStream|RockSlide,Crunch,DragonDance,Protect|Adamant||M|||50|]Excadrill||LifeOrb|SandRush|IronHead,RockSlide,HighHorsepower,ThroatChop|Adamant||M|||50|]Ariados||FocusSash|Insomnia|NightShade,ToxicThread,Protect,RagePowder|Calm||F|||50|]Sableye||MentalHerb|Prankster|FoulPlay,Quash,Taunt,WillOWisp|Careful||F|||50|]Raichu||RaichuniteY|LightningRod|ZapCannon,FocusBlast,FakeOut,Protect|Hasty||M|||50|
|inactive|Battle timer is ON: inactive players will automatically lose when time's up. (requested by ToastedArt)
|inactive|ToastedArt has 60 seconds left.
|
|t:|1784335020
|teamsize|p1|4
|teamsize|p2|4
|start
|switch|p1a: Sneasler|Sneasler, L50, F|100/100
|switch|p1b: Hydreigon|Hydreigon, L50, M|100/100
|switch|p2a: Sableye|Sableye, L50, F|100/100
|switch|p2b: Froslass|Froslass, L50, F|100/100
|turn|1
|
|t:|1784335034
|detailschange|p2b: Froslass|Froslass-Mega, L50, F
|-mega|p2b: Froslass|Froslass|Froslassite
|-weather|Snowscape|[from] ability: Snow Warning|[of] p2b: Froslass
|move|p2a: Sableye|Quash|p1b: Hydreigon
|-hint|Since gen 7, Dark is immune to Prankster moves.
|-immune|p1b: Hydreigon
|move|p1b: Hydreigon|Snarl|p2b: Froslass|[spread] p2b
|-miss|p1b: Hydreigon|p2a: Sableye
|-supereffective|p2b: Froslass|1
|-damage|p2b: Froslass|42/100
|-unboost|p2b: Froslass|spa|1
|move|p1a: Sneasler|Poison Jab|p2a: Sableye
|-resisted|p2a: Sableye|1
|-damage|p2a: Sableye|68/100
|-status|p2a: Sableye|psn
|move|p2b: Froslass|Blizzard|p1a: Sneasler|[spread] p1a,p1b
|-supereffective|p1b: Hydreigon|1
|-damage|p1a: Sneasler|61/100
|-damage|p1b: Hydreigon|25/100
|
|-weather|Snowscape|[upkeep]
|-damage|p2a: Sableye|56/100 psn|[from] psn
|upkeep
|turn|2
|inactive|BarqsGotBite has 30 seconds left.
|
|t:|1784335062
|switch|p1a: Sinistcha|Sinistcha, L50|100/100
|-heal|p1b: Hydreigon|50/100g|[from] ability: Hospitality|[of] p1a: Sinistcha
|switch|p2b: Tyranitar|Tyranitar, L50, M|100/100
|-weather|Sandstorm|[from] ability: Sand Stream|[of] p2b: Tyranitar
|move|p2a: Sableye|Taunt|p1a: Sinistcha
|-start|p1a: Sinistcha|move: Taunt
|move|p1b: Hydreigon|Snarl|p2a: Sableye|[spread] p2a,p2b
|-resisted|p2b: Tyranitar|1
|-damage|p2a: Sableye|31/100 psn
|-damage|p2b: Tyranitar|92/100
|-unboost|p2a: Sableye|spa|1
|-unboost|p2b: Tyranitar|spa|1
|
|-weather|Sandstorm|[upkeep]
|-damage|p1b: Hydreigon|44/100|[from] Sandstorm
|-damage|p1a: Sinistcha|93/100|[from] Sandstorm
|-damage|p2a: Sableye|25/100 psn|[from] Sandstorm
|-damage|p2a: Sableye|13/100 psn|[from] psn
|upkeep
|turn|3
|
|t:|1784335084
|switch|p1b: Falinks|Falinks, L50, shiny|100/100
|move|p2b: Tyranitar|Dragon Dance|p2b: Tyranitar
|-boost|p2b: Tyranitar|atk|1
|-boost|p2b: Tyranitar|spe|1
|move|p1a: Sinistcha|Matcha Gotcha|p2a: Sableye|[spread] p2a
|-miss|p1a: Sinistcha|p2b: Tyranitar
|-damage|p2a: Sableye|0 fnt
|-heal|p1a: Sinistcha|100/100|[from] drain|[of] p2a: Sableye
|faint|p2a: Sableye
|
|-weather|Sandstorm|[upkeep]
|-damage|p1b: Falinks|94/100|[from] Sandstorm
|-damage|p1a: Sinistcha|93/100|[from] Sandstorm
|upkeep
|
|t:|1784335088
|switch|p2a: Froslass|Froslass-Mega, L50, F|42/100
|-weather|Snowscape|[from] ability: Snow Warning|[of] p2a: Froslass
|turn|4
|
|t:|1784335104
|move|p1b: Falinks|Protect|p1b: Falinks
|-singleturn|p1b: Falinks|Protect
|move|p2a: Froslass|Blizzard|p1a: Sinistcha|[spread] p1a
|-activate|p1b: Falinks|move: Protect
|-supereffective|p1a: Sinistcha|1
|-damage|p1a: Sinistcha|6/100
|move|p2b: Tyranitar|Rock Slide|p1b: Falinks|[spread] 
|-activate|p1b: Falinks|move: Protect
|-miss|p2b: Tyranitar|p1a: Sinistcha
|move|p1a: Sinistcha|Matcha Gotcha|p2b: Tyranitar|[spread] p2a,p2b
|-supereffective|p2b: Tyranitar|1
|-damage|p2a: Froslass|12/100
|-heal|p1a: Sinistcha|19/100|[from] drain|[of] p2a: Froslass
|-damage|p2b: Tyranitar|43/100
|-heal|p1a: Sinistcha|43/100|[from] drain|[of] p2b: Tyranitar
|
|-weather|Snowscape|[upkeep]
|-end|p1a: Sinistcha|move: Taunt
|upkeep
|turn|5
|
|t:|1784335129
|detailschange|p1b: Falinks|Falinks-Mega, L50, shiny
|-mega|p1b: Falinks|Falinks|Falinksite
|move|p2a: Froslass|Blizzard|p1b: Falinks|[spread] p1a,p1b
|-supereffective|p1a: Sinistcha|1
|-damage|p1a: Sinistcha|0 fnt
|-damage|p1b: Falinks|36/100
|faint|p1a: Sinistcha
|move|p2b: Tyranitar|Rock Slide|p1b: Falinks
|-resisted|p1b: Falinks|1
|-damage|p1b: Falinks|5/100
|move|p1b: Falinks|No Retreat|p1b: Falinks
|-boost|p1b: Falinks|atk|1
|-boost|p1b: Falinks|def|1
|-boost|p1b: Falinks|spa|1
|-boost|p1b: Falinks|spd|1
|-boost|p1b: Falinks|spe|1
|-start|p1b: Falinks|move: No Retreat
|
|-weather|Snowscape|[upkeep]
|upkeep
|
|t:|1784335136
|switch|p1a: Sneasler|Sneasler, L50, F|61/100
|turn|6
|
|t:|1784335157
|move|p2b: Tyranitar|Protect|p2b: Tyranitar
|-singleturn|p2b: Tyranitar|Protect
|move|p1b: Falinks|Close Combat|p2b: Tyranitar
|-activate|p2b: Tyranitar|move: Protect
|move|p1a: Sneasler|Poison Jab|p2a: Froslass
|-resisted|p2a: Froslass|1
|-damage|p2a: Froslass|0 fnt
|faint|p2a: Froslass
|
|-weather|Snowscape|[upkeep]
|upkeep
|
|t:|1784335165
|switch|p2a: Ariados|Ariados, L50, F|100/100
|turn|7
|
|t:|1784335182
|move|p2a: Ariados|Rage Powder|p2a: Ariados
|-singleturn|p2a: Ariados|move: Rage Powder
|move|p1b: Falinks|Close Combat|p2a: Ariados
|-resisted|p2a: Ariados|2
|-damage|p2a: Ariados|69/100
|-unboost|p1b: Falinks|def|1
|-unboost|p1b: Falinks|spd|1
|move|p1a: Sneasler|Close Combat|p2a: Ariados
|-resisted|p2a: Ariados|2
|-damage|p2a: Ariados|49/100
|-unboost|p1a: Sneasler|def|1
|-unboost|p1a: Sneasler|spd|1
|move|p2b: Tyranitar|Rock Slide|p1a: Sneasler|[spread] p1a,p1b
|-resisted|p1a: Sneasler|1
|-resisted|p1b: Falinks|1
|-crit|p1b: Falinks
|-damage|p1a: Sneasler|0 fnt
|-damage|p1b: Falinks|0 fnt
|faint|p1a: Sneasler
|faint|p1b: Falinks
|
|-weather|Snowscape|[upkeep]
|upkeep
|
|t:|1784335187
|switch|p1b: Hydreigon|Hydreigon, L50, M|44/100
|turn|8
|
|t:|1784335201
|move|p2b: Tyranitar|Protect|p2b: Tyranitar
|-singleturn|p2b: Tyranitar|Protect
|move|p1b: Hydreigon|Earth Power|p2b: Tyranitar
|-activate|p2b: Tyranitar|move: Protect
|move|p2a: Ariados|Night Shade|p1b: Hydreigon
|-damage|p1b: Hydreigon|14/100
|
|-weather|none
|upkeep
|turn|9
|-message|ToastedArt forfeited.
|
|win|BarqsGotBite
