|j|☆Maffles
|j|☆Ossi1590
|html|MafflesOssi1590    
|uhtml|bestof|Game 1 of a best-of-3
|t:|1783502383
|gametype|doubles
|player|p1|Maffles|265|1268
|player|p2|Ossi1590|colress|1374
|gen|9
|tier|[Gen 9 Champions] VGC 2026 Reg M-B (Bo3)
|rated|
|rule|Species Clause: Limit one of each Pokémon
|rule|Item Clause: Limit 1 of each item
|clearpoke
|poke|p1|Gengar, L50, M|
|poke|p1|Kingambit, L50, F|
|poke|p1|Ninetales-Alola, L50, M|
|poke|p1|Appletun, L50, M|
|poke|p1|Basculegion, L50, M|
|poke|p1|Lopunny, L50, F|
|poke|p2|Raichu, L50, M|
|poke|p2|Mawile, L50, M|
|poke|p2|Sinistcha, L50|
|poke|p2|Ceruledge, L50, F|
|poke|p2|Milotic, L50, M|
|poke|p2|Incineroar, L50, F|
|teampreview|4
|showteam|p1|Gengar||Gengarite|CursedBody|SludgeBomb,Disable,PerishSong,Protect|Timid||M|||50|]Kingambit||ChopleBerry|Defiant|KowtowCleave,SuckerPunch,SwordsDance,Protect|Adamant||F|||50|]Ninetales-Alola||FocusSash|SnowWarning|Blizzard,Moonblast,Encore,Protect|Timid||M|||50|]Appletun||Leftovers|ThickFat|AppleAcid,LeechSeed,Recover,Protect|Calm||M|||50|]Basculegion||SitrusBerry|Adaptability|LastRespects,FlipTurn,Soak,Protect|Sassy||M|||50|]Lopunny||Lopunnite|CuteCharm|CloseCombat,FakeOut,Encore,Protect|Jolly||F|||50|
|showteam|p2|Raichu||RaichuniteY|LightningRod|ZapCannon,FocusBlast,FakeOut,Protect|Timid||M|||50|]Mawile||Mawilite|HyperCutter|PlayRough,SuckerPunch,SwordsDance,Protect|Adamant||M|||50|]Sinistcha||KasibBerry|Hospitality|MatchaGotcha,LifeDew,RagePowder,Protect|Relaxed|||||50|]Ceruledge||ColburBerry|FlashFire|BitterBlade,ShadowSneak,BulkUp,Protect|Adamant||F|||50|]Milotic||Leftovers|Competitive|MuddyWater,Coil,Hypnosis,Protect|Calm||M|||50|]Incineroar||SitrusBerry|Intimidate|FlareBlitz,ThroatChop,FakeOut,PartingShot|Impish||F|||50|
|c|☆Maffles|hello
|c|☆Ossi1590|hi
|c|☆Maffles|we matched a few times
|c|☆Maffles|you're very good
|c|☆Maffles|I'm scared
|
|t:|1783502455
|teamsize|p1|4
|teamsize|p2|4
|start
|switch|p1a: Lopunny|Lopunny, L50, F|100/100
|switch|p1b: Kingambit|Kingambit, L50, F|100/100
|switch|p2a: Ceruledge|Ceruledge, L50, F|100/100
|switch|p2b: Raichu|Raichu, L50, M|100/100
|turn|1
|c|☆Ossi1590|I remember, but I think you also won
|
|t:|1783502482
|detailschange|p1a: Lopunny|Lopunny-Mega, L50, F
|-mega|p1a: Lopunny|Lopunny|Lopunnite
|detailschange|p2b: Raichu|Raichu-Mega-Y, L50, M
|-mega|p2b: Raichu|Raichu|Raichunite Y
|move|p1a: Lopunny|Fake Out|p2a: Ceruledge
|-damage|p2a: Ceruledge|77/100
|move|p2b: Raichu|Fake Out|p1b: Kingambit
|-resisted|p1b: Kingambit|1
|-damage|p1b: Kingambit|97/100
|cant|p2a: Ceruledge|flinch
|cant|p1b: Kingambit|flinch
|
|upkeep
|turn|2
|c|☆Maffles|I think I won once and you won twice
|
|t:|1783502510
|move|p1a: Lopunny|Encore|p2b: Raichu
|-start|p2b: Raichu|Encore
|move|p2b: Raichu|Fake Out||[still]
|-hint|Fake Out only works on your first turn out.
|-fail|p2b: Raichu
|move|p2a: Ceruledge|Bulk Up|p2a: Ceruledge
|-boost|p2a: Ceruledge|atk|1
|-boost|p2a: Ceruledge|def|1
|move|p1b: Kingambit|Kowtow Cleave|p2a: Ceruledge
|-supereffective|p2a: Ceruledge|1
|-enditem|p2a: Ceruledge|Colbur Berry|[eat]
|-enditem|p2a: Ceruledge|Colbur Berry|[weaken]
|-damage|p2a: Ceruledge|44/100
|
|upkeep
|turn|3
|
|t:|1783502529
|switch|p2b: Sinistcha|Sinistcha, L50|100/100
|-heal|p2a: Ceruledge|69/100|[from] ability: Hospitality|[of] p2b: Sinistcha
|move|p2a: Ceruledge|Protect|p2a: Ceruledge
|-singleturn|p2a: Ceruledge|Protect
|move|p1a: Lopunny|Close Combat|p2b: Sinistcha
|-damage|p2b: Sinistcha|47/100
|-unboost|p1a: Lopunny|def|1
|-unboost|p1a: Lopunny|spd|1
|move|p1b: Kingambit|Swords Dance|p1b: Kingambit
|-boost|p1b: Kingambit|atk|2
|
|upkeep
|turn|4
|
|t:|1783502544
|move|p1b: Kingambit|Protect|p1b: Kingambit
|-singleturn|p1b: Kingambit|Protect
|move|p2b: Sinistcha|Rage Powder|p2b: Sinistcha
|-singleturn|p2b: Sinistcha|move: Rage Powder
|move|p1a: Lopunny|Close Combat|p2b: Sinistcha
|-damage|p2b: Sinistcha|0 fnt
|-unboost|p1a: Lopunny|def|1
|-unboost|p1a: Lopunny|spd|1
|faint|p2b: Sinistcha
|move|p2a: Ceruledge|Bitter Blade|p1a: Lopunny
|-damage|p1a: Lopunny|0 fnt
|-heal|p2a: Ceruledge|100/100|[from] drain|[of] p1a: Lopunny
|faint|p1a: Lopunny
|
|upkeep
|
|t:|1783502559
|switch|p1a: Ninetales|Ninetales-Alola, L50, M|100/100
|switch|p2b: Raichu|Raichu-Mega-Y, L50, M|100/100
|-weather|Snowscape|[from] ability: Snow Warning|[of] p1a: Ninetales
|turn|5
|
|t:|1783502586
|move|p1b: Kingambit|Protect||[still]
|-fail|p1b: Kingambit
|move|p2b: Raichu|Fake Out|p1a: Ninetales
|-damage|p1a: Ninetales|91/100
|cant|p1a: Ninetales|flinch
|move|p2a: Ceruledge|Bitter Blade|p1b: Kingambit
|-supereffective|p1b: Kingambit|1
|-damage|p1b: Kingambit|4/100
|
|-weather|Snowscape|[upkeep]
|upkeep
|turn|6
|
|t:|1783502594
|move|p2a: Ceruledge|Shadow Sneak|p1b: Kingambit
|-resisted|p1b: Kingambit|1
|-damage|p1b: Kingambit|0 fnt
|faint|p1b: Kingambit
|move|p2b: Raichu|Zap Cannon|p1a: Ninetales
|-damage|p1a: Ninetales|22/100
|-status|p1a: Ninetales|par
|move|p1a: Ninetales|Blizzard|p2b: Raichu|[spread] p2a,p2b
|-resisted|p2a: Ceruledge|1
|-damage|p2a: Ceruledge|84/100
|-damage|p2b: Raichu|61/100
|
|-weather|Snowscape|[upkeep]
|upkeep
|
|t:|1783502598
|switch|p1b: Basculegion|Basculegion, L50, M|100/100
|turn|7
|
|t:|1783502606
|switch|p2b: Incineroar|Incineroar, L50, F|100/100
|-ability|p2b: Incineroar|Intimidate|boost
|-unboost|p1a: Ninetales|atk|1
|-unboost|p1b: Basculegion|atk|1
|move|p2a: Ceruledge|Protect|p2a: Ceruledge
|-singleturn|p2a: Ceruledge|Protect
|move|p1b: Basculegion|Last Respects|p2a: Ceruledge
|-activate|p2a: Ceruledge|move: Protect
|cant|p1a: Ninetales|par
|
|-weather|Snowscape|[upkeep]
|upkeep
|turn|8
|
|t:|1783502620
|move|p2a: Ceruledge|Shadow Sneak|p1b: Basculegion
|-supereffective|p1b: Basculegion|1
|-damage|p1b: Basculegion|32/100
|-enditem|p1b: Basculegion|Sitrus Berry|[eat]
|-heal|p1b: Basculegion|57/100|[from] item: Sitrus Berry
|move|p1a: Ninetales|Encore|p2a: Ceruledge
|-start|p2a: Ceruledge|Encore
|move|p1b: Basculegion|Last Respects|p2a: Ceruledge
|-supereffective|p2a: Ceruledge|1
|-damage|p2a: Ceruledge|2/100
|move|p2b: Incineroar|Parting Shot|p1b: Basculegion
|-unboost|p1b: Basculegion|atk|1
|-unboost|p1b: Basculegion|spa|1
|-message|Maffles forfeited.
|
|win|Ossi1590
|l|☆Maffles
|player|p1|
||Maffles is ready for game 2.
||Ossi1590 is ready for game 2.
|uhtml|next|Next: Game 2 of 3
