|j|☆parkertrainingarc
|j|☆Hackervgc
|html|parkertrainingarcHackervgc    
|uhtml|bestof|Game 3 of a best-of-3
|t:|1756918929
|gametype|doubles
|player|p1|parkertrainingarc|lady|1190
|player|p2|Hackervgc|gentleman-gen4|1125
|gen|9
|tier|[Gen 9] VGC 2025 Reg H (Bo3)
|rated|
|rule|Species Clause: Limit one of each Pokémon
|rule|Item Clause: Limit 1 of each item
|clearpoke
|poke|p1|Sneasler, L50, F|
|poke|p1|Indeedee, L50, M|
|poke|p1|Volcarona, L50, F|
|poke|p1|Ursaluna-Bloodmoon, L50, M|
|poke|p1|Annihilape, L50, F|
|poke|p1|Tyranitar, L50, M|
|poke|p2|Kingambit, L50, F|
|poke|p2|Magmar, L50, M|
|poke|p2|Dragonite, L50, M|
|poke|p2|Sneasler, L50, M|
|poke|p2|Ursaluna-Bloodmoon, L50, M|
|poke|p2|Farigiraf, L50, M|
|teampreview|4
|showteam|p1|Sneasler||PsychicSeed|Unburden|CloseCombat,DireClaw,ThroatChop,Protect|||F|||50|,,,,,Dark]Indeedee||ChoiceScarf|PsychicSurge|ExpandingForce,TeraBlast,Trick,Protect|||M|||50|,,,,,Psychic]Volcarona||SitrusBerry|FlameBody|Overheat,StruggleBug,RagePowder,Tailwind|||F|||50|,,,,,Grass]Ursaluna-Bloodmoon||LifeOrb|MindsEye|BloodMoon,HyperVoice,EarthPower,Protect|||M|||50|,,,,,Normal]Annihilape||SafetyGoggles|Defiant|CloseCombat,RageFist,Taunt,FinalGambit|||F|||50|,,,,,Fairy]Tyranitar||AssaultVest|SandStream|RockSlide,KnockOff,TeraBlast,LowKick|||M|||50|,,,,,Flying
|showteam|p2|Kingambit||AssaultVest|Defiant|KowtowCleave,SuckerPunch,LowKick,TeraBlast|||F|||50|,,,,,Flying]Magmar||Eviolite|VitalSpirit|FollowMe,Protect,Flamethrower,WillOWisp|||M|||50|,,,,,Grass]Dragonite||LoadedDice|Multiscale|ScaleShot,Protect,IceSpinner,Tailwind|||M|||50|,,,,,Fairy]Sneasler||FocusSash|Unburden|Coaching,DireClaw,CloseCombat,Protect|||M|||50|,,,,,Stellar]Ursaluna-Bloodmoon||LifeOrb|MindsEye|BloodMoon,Protect,EarthPower,HyperVoice|||M|||50|,,,,,Normal]Farigiraf||SitrusBerry|ArmorTail|TrickRoom,HelpingHand,Psychic,Protect|||M|||50|,,,,,Water
|
|t:|1756919000
|teamsize|p1|4
|teamsize|p2|4
|start
|switch|p1a: Meanie|Indeedee, L50, M|100/100
|switch|p1b: HornetDisaster|Sneasler, L50, F|100/100
|switch|p2a: Magmar|Magmar, L50, M|100/100
|switch|p2b: Ursaluna|Ursaluna-Bloodmoon, L50, M|100/100
|-fieldstart|move: Psychic Terrain|[from] ability: Psychic Surge|[of] p1a: Meanie
|-enditem|p1b: HornetDisaster|Psychic Seed
|-boost|p1b: HornetDisaster|spd|1|[from] item: Psychic Seed
|turn|1
|
|t:|1756919039
|-terastallize|p1a: Meanie|Psychic
|move|p2a: Magmar|Follow Me|p2a: Magmar
|-singleturn|p2a: Magmar|move: Follow Me
|move|p1b: HornetDisaster|Dire Claw|p2a: Magmar
|-damage|p2a: Magmar|65/100
|move|p1a: Meanie|Expanding Force|p2b: Ursaluna|[spread] p2a,p2b
|-damage|p2a: Magmar|8/100
|-damage|p2b: Ursaluna|19/100
|move|p2b: Ursaluna|Earth Power|p1b: HornetDisaster
|-supereffective|p1b: HornetDisaster
|-damage|p1b: HornetDisaster|0 fnt
|faint|p1b: HornetDisaster
|-damage|p2b: Ursaluna|9/100|[from] item: Life Orb
|
|upkeep
|
|t:|1756919051
|switch|p1b: Aldehydes|Volcarona, L50, F|100/100
|turn|2
|
|t:|1756919066
|move|p2b: Ursaluna|Protect|p2b: Ursaluna
|-singleturn|p2b: Ursaluna|Protect
|move|p1a: Meanie|Expanding Force|p2b: Ursaluna|[spread] p2a
|-activate|p2b: Ursaluna|move: Protect
|-damage|p2a: Magmar|0 fnt
|faint|p2a: Magmar
|move|p1b: Aldehydes|Tailwind|p1b: Aldehydes
|-sidestart|p1: parkertrainingarc|move: Tailwind
|
|upkeep
|
|t:|1756919070
|switch|p2a: Kingambit|Kingambit, L50, F|100/100
|turn|3
|
|t:|1756919095
|switch|p2b: Sneasler|Sneasler, L50, M|100/100
|move|p1a: Meanie|Expanding Force|p2a: Kingambit|[spread] p2b
|-immune|p2a: Kingambit
|-supereffective|p2b: Sneasler
|-enditem|p2b: Sneasler|Focus Sash
|-damage|p2b: Sneasler|1/100
|move|p1b: Aldehydes|Overheat|p2a: Kingambit
|-supereffective|p2a: Kingambit
|-damage|p2a: Kingambit|29/100
|-unboost|p1b: Aldehydes|spa|2
|move|p2a: Kingambit|Kowtow Cleave|p1a: Meanie
|-supereffective|p1a: Meanie
|-damage|p1a: Meanie|0 fnt
|faint|p1a: Meanie
|
|upkeep
|
|t:|1756919108
|switch|p1a: Tiara|Tyranitar, L50, M|100/100
|-weather|Sandstorm|[from] ability: Sand Stream|[of] p1a: Tiara
|turn|4
|
|t:|1756919205
|move|p2b: Sneasler|Dire Claw|p1b: Aldehydes
|-damage|p1b: Aldehydes|48/100
|-status|p1b: Aldehydes|psn
|-enditem|p1b: Aldehydes|Sitrus Berry|[eat]
|-heal|p1b: Aldehydes|73/100 psn|[from] item: Sitrus Berry
|move|p1b: Aldehydes|Overheat|p2a: Kingambit
|-supereffective|p2a: Kingambit
|-damage|p2a: Kingambit|0 fnt
|-unboost|p1b: Aldehydes|spa|2
|faint|p2a: Kingambit
|move|p1a: Tiara|Low Kick|p2b: Sneasler
|-resisted|p2b: Sneasler
|-damage|p2b: Sneasler|0 fnt
|faint|p2b: Sneasler
|
|-weather|Sandstorm|[upkeep]
|-damage|p1b: Aldehydes|67/100 psn|[from] Sandstorm
|-damage|p1b: Aldehydes|55/100 psn|[from] psn
|upkeep
|
|t:|1756919215
|switch|p2b: Ursaluna|Ursaluna-Bloodmoon, L50, M|9/100
|turn|5
|
|t:|1756919230
|move|p1b: Aldehydes|Struggle Bug|p2b: Ursaluna
|-damage|p2b: Ursaluna|0 fnt
|faint|p2b: Ursaluna
|
|win|parkertrainingarc
|raw|parkertrainingarc's rating: 1190 → 1210(+20 for winning)
|raw|Hackervgc's rating: 1125 → 1105(-20 for losing)
|c|☆parkertrainingarc|gg
|l|☆parkertrainingarc
|player|p1|
