|j|☆bosilek
|j|☆enyelvgc
|html|bosilekenyelvgc    
|uhtml|bestof|Game 3 of a best-of-3
|t:|1756272890
|gametype|doubles
|player|p1|bosilek|hilbert-wonderlauncher|1124
|player|p2|enyelvgc|102|1099
|gen|9
|tier|[Gen 9] VGC 2025 Reg H (Bo3)
|rated|
|rule|Species Clause: Limit one of each Pokémon
|rule|Item Clause: Limit 1 of each item
|clearpoke
|poke|p1|Garchomp, L50, M|
|poke|p1|Talonflame, L50, M|
|poke|p1|Gholdengo, L50|
|poke|p1|Ninetales-Alola, L50, M|
|poke|p1|Hydreigon, L50, M|
|poke|p1|Annihilape, L50, M|
|poke|p2|Dragapult, L50, M|
|poke|p2|Incineroar, L50, M|
|poke|p2|Rillaboom, L50, M|
|poke|p2|Gholdengo, L50|
|poke|p2|Basculegion, L50, M|
|poke|p2|Pelipper, L50, M|
|teampreview|4
|showteam|p1|Garchomp||LifeOrb|RoughSkin|Protect,Earthquake,DragonClaw,StompingTantrum|||M|||50|,,,,,Steel]Talonflame||CovertCloak|GaleWings|BraveBird,Taunt,WillOWisp,Tailwind|||M|||50|,,,,,Grass]Gholdengo||MetalCoat|GoodasGold|MakeItRain,ShadowBall,Protect,NastyPlot||||||50|,,,,,Water]Ninetales-Alola||FocusSash|SnowWarning|Blizzard,FreezeDry,Encore,Protect|||M|||50|,,,,,Water]Hydreigon||ChoiceSpecs|Levitate|HeatWave,Snarl,EarthPower,DragonPulse|||M|||50|,,,,,Fire]Annihilape||SafetyGoggles|Defiant|FinalGambit,RageFist,CloseCombat,Protect|||M|||50|,,,,,Fire
|showteam|p2|Dragapult||ChoiceBand|ClearBody|Outrage,DragonDarts,PhantomForce,Uturn|||M|||50|,,,,,Dragon]Incineroar||SafetyGoggles|Intimidate|Taunt,KnockOff,FakeOut,PartingShot|||M|||50|,,,,,Ghost]Rillaboom||AssaultVest|GrassySurge|FakeOut,GrassyGlide,WoodHammer,Uproar|||M|||50|,,,,,Fire]Gholdengo||LifeOrb|GoodasGold|MakeItRain,ShadowBall,NastyPlot,Protect||||||50|,,,,,Steel]Basculegion||ClearAmulet|SwiftSwim|WaveCrash,FlipTurn,AquaJet,Protect|||M|||50|,,,,,Water]Pelipper||FocusSash|Drizzle|HelpingHand,Tailwind,Hurricane,Protect|||M|||50|,,,,,Ghost
|inactive|Battle timer is ON: inactive players will automatically lose when time's up. (requested by enyelvgc)
|
|t:|1756272945
|teamsize|p1|4
|teamsize|p2|4
|start
|switch|p1a: Talonflame|Talonflame, L50, M|100/100
|switch|p1b: Hydreigon|Hydreigon, L50, M|100/100
|switch|p2a: Dragapult|Dragapult, L50, M, shiny|100/100
|switch|p2b: Gholdengo|Gholdengo, L50|100/100
|turn|1
|inactive|enyelvgc has 30 seconds left.
|inactive|enyelvgc has 20 seconds left.
|
|t:|1756272983
|-terastallize|p2b: Gholdengo|Steel
|move|p1a: Talonflame|Tailwind|p1a: Talonflame
|-sidestart|p1: bosilek|move: Tailwind
|move|p1b: Hydreigon|Dragon Pulse|p2a: Dragapult
|-supereffective|p2a: Dragapult
|-damage|p2a: Dragapult|0 fnt
|faint|p2a: Dragapult
|move|p2b: Gholdengo|Make It Rain|p1a: Talonflame|[spread] p1a,p1b
|-resisted|p1a: Talonflame
|-damage|p1a: Talonflame|39/100
|-damage|p1b: Hydreigon|13/100
|-unboost|p2b: Gholdengo|spa|1
|-damage|p2b: Gholdengo|91/100|[from] item: Life Orb
|
|upkeep
|
|t:|1756272996
|switch|p2a: Pelipper|Pelipper, L50, M, shiny|100/100
|-weather|RainDance|[from] ability: Drizzle|[of] p2a: Pelipper
|turn|2
|
|t:|1756273007
|switch|p1b: Gholdengo|Gholdengo, L50|100/100
|move|p1a: Talonflame|Taunt|p2a: Pelipper
|-start|p2a: Pelipper|move: Taunt
|move|p2b: Gholdengo|Make It Rain|p1a: Talonflame|[spread] p1a,p1b
|-resisted|p1a: Talonflame
|-resisted|p1b: Gholdengo
|-damage|p1a: Talonflame|0 fnt
|-damage|p1b: Gholdengo|70/100
|-unboost|p2b: Gholdengo|spa|1
|faint|p1a: Talonflame
|-damage|p2b: Gholdengo|81/100|[from] item: Life Orb
|cant|p2a: Pelipper|move: Taunt|Tailwind
|
|-weather|RainDance|[upkeep]
|upkeep
|
|t:|1756273019
|switch|p1a: Hydreigon|Hydreigon, L50, M|13/100
|turn|3
|
|t:|1756273033
|switch|p2b: Basculegion|Basculegion, L50, M|100/100
|move|p1a: Hydreigon|Snarl|p2a: Pelipper|[spread] p2a,p2b
|-supereffective|p2b: Basculegion
|-damage|p2a: Pelipper|42/100
|-damage|p2b: Basculegion|32/100
|-unboost|p2a: Pelipper|spa|1
|move|p1b: Gholdengo|Make It Rain|p2b: Basculegion|[spread] p2a,p2b
|-resisted|p2a: Pelipper
|-resisted|p2b: Basculegion
|-damage|p2a: Pelipper|0 fnt
|-damage|p2b: Basculegion|0 fnt
|-unboost|p1b: Gholdengo|spa|1
|faint|p2a: Pelipper
|faint|p2b: Basculegion
|
|-weather|RainDance|[upkeep]
|upkeep
|
|t:|1756273049
|switch|p2b: Gholdengo|Gholdengo, L50, tera:Steel|81/100
|turn|4
|inactive|bosilek has 30 seconds left.
|
|t:|1756273080
|-terastallize|p1b: Gholdengo|Water
|move|p1a: Hydreigon|Snarl|p2b: Gholdengo
|-damage|p2b: Gholdengo|26/100
|-unboost|p2b: Gholdengo|spa|1
|move|p1b: Gholdengo|Nasty Plot|p1b: Gholdengo
|-boost|p1b: Gholdengo|spa|2
|move|p2b: Gholdengo|Make It Rain|p1b: Gholdengo|[spread] p1a,p1b
|-resisted|p1b: Gholdengo
|-damage|p1a: Hydreigon|0 fnt
|-damage|p1b: Gholdengo|41/100
|-unboost|p2b: Gholdengo|spa|1
|faint|p1a: Hydreigon
|-damage|p2b: Gholdengo|17/100|[from] item: Life Orb
|
|-weather|RainDance|[upkeep]
|-sideend|p1: bosilek|move: Tailwind
|upkeep
|
|t:|1756273091
|switch|p1a: Ninetales|Ninetales-Alola, L50, M|100/100
|-weather|Snowscape|[from] ability: Snow Warning|[of] p1a: Ninetales
|turn|5
|
|t:|1756273100
|move|p1a: Ninetales|Freeze-Dry|p2b: Gholdengo
|-resisted|p2b: Gholdengo
|-damage|p2b: Gholdengo|0 fnt
|faint|p2b: Gholdengo
|
|win|bosilek
|raw|bosilek's rating: 1124 → 1147(+23 for winning)
|raw|enyelvgc's rating: 1099 → 1076(-23 for losing)
