|j|☆geosts
|j|☆AndruAkd14
|html|geostsAndruAkd14    
|uhtml|bestof|Game 1 of a best-of-3
|t:|1757111772
|gametype|doubles
|player|p1|geosts|ethan|
|player|p2|AndruAkd14|265|
|gen|9
|tier|[Gen 9] VGC 2025 Reg H (Bo3)
|rule|Species Clause: Limit one of each Pokémon
|rule|Item Clause: Limit 1 of each item
|clearpoke
|poke|p1|Rillaboom, L50, M|
|poke|p1|Basculegion, L50, M|
|poke|p1|Ursaluna-Bloodmoon, L50, M|
|poke|p1|Murkrow, L50, M|
|poke|p1|Pelipper, L50, M|
|poke|p1|Archaludon, L50, M|
|poke|p2|Ursaluna, L50, M|
|poke|p2|Jumpluff, L50, F|
|poke|p2|Charizard, L50, M|
|poke|p2|Torkoal, L50, M|
|poke|p2|Incineroar, L50, F|
|poke|p2|Porygon2, L50|
|teampreview|4
|showteam|p1|Rillaboom||MiracleSeed|GrassySurge|GrassyGlide,WoodHammer,Taunt,FakeOut|||M|||50|,,,,,Fire]Basculegion||ChoiceBand|SwiftSwim|WaveCrash,AquaJet,LastRespects,FlipTurn|||M|||50|,,,,,Grass]Ursaluna-Bloodmoon||LifeOrb|MindsEye|BloodMoon,EarthPower,HyperVoice,Protect|||M|||50|,,,,,Ghost]Murkrow||Eviolite|Prankster|Haze,FoulPlay,RainDance,Tailwind|||M|||50|,,,,,Ghost]Pelipper||FocusSash|Drizzle|WeatherBall,Hurricane,Protect,WideGuard|||M|||50|,,,,,Stellar]Archaludon||AssaultVest|Stamina|DragonPulse,BodyPress,FlashCannon,ElectroShot|||M|||50|,,,,,Bug
|showteam|p2|Ursaluna||FlameOrb|Guts|HeadlongRush,Facade,Earthquake,Protect|||M|||50|,,,,,Ghost]Jumpluff||CovertCloak|Chlorophyll|SleepPowder,SunnyDay,Tailwind,RagePowder|||F|||50|,,,,,Water]Charizard||ChoiceSpecs|SolarPower|AirSlash,HeatWave,Overheat,WeatherBall|||M|||50|,,,,,Ghost]Torkoal||EjectPack|Drought|HelpingHand,Eruption,Overheat,Protect|||M|||50|,,,,,Fire]Incineroar||SitrusBerry|Intimidate|FakeOut,FlareBlitz,KnockOff,PartingShot|||F|||50|,,,,,Ghost]Porygon2||Eviolite|Download|TeraBlast,IceBeam,Recover,TrickRoom||||||50|,,,,,Fighting
|inactive|Battle timer is ON: inactive players will automatically lose when time's up. (requested by geosts)
|j| frankina
|j| ponje
|inactive|geosts has 60 seconds left.
|inactive|AndruAkd14 has 60 seconds left.
|j| Zeepel
|inactive|geosts has 30 seconds left.
|inactive|AndruAkd14 has 30 seconds left.
|inactive|geosts has 20 seconds left.
|inactive|AndruAkd14 has 20 seconds left.
|inactive|geosts has 15 seconds left.
|inactive|AndruAkd14 has 15 seconds left.
|inactive|geosts has 10 seconds left.
|inactive|AndruAkd14 has 10 seconds left.
|inactive|geosts has 5 seconds left.
|
|t:|1757111858
|teamsize|p1|4
|teamsize|p2|4
|start
|switch|p1a: Basculegion|Basculegion, L50, M|100/100
|switch|p1b: Murkrow|Murkrow, L50, M|100/100
|switch|p2a: Torkoal|Torkoal, L50, M|100/100
|switch|p2b: Jumpluff|Jumpluff, L50, F|100/100
|-weather|SunnyDay|[from] ability: Drought|[of] p2a: Torkoal
|turn|1
|j| TTL Sann
|inactive|AndruAkd14 has 30 seconds left.
|inactive|AndruAkd14 has 20 seconds left.
|
|t:|1757111896
|move|p2a: Torkoal|Protect|p2a: Torkoal
|-singleturn|p2a: Torkoal|Protect
|move|p1b: Murkrow|Rain Dance|p1b: Murkrow
|-weather|RainDance
|move|p1a: Basculegion|Flip Turn|p2b: Jumpluff
|-resisted|p2b: Jumpluff
|-damage|p2b: Jumpluff|54/100
|
|t:|1757111905
|switch|p1a: Rillaboom|Rillaboom, L50, M|100/100|[from] Flip Turn
|-fieldstart|move: Grassy Terrain|[from] ability: Grassy Surge|[of] p1a: Rillaboom
|move|p2b: Jumpluff|Sleep Powder|p1b: Murkrow|[miss]
|-miss|p2b: Jumpluff|p1b: Murkrow
|
|-weather|RainDance|[upkeep]
|upkeep
|turn|2
|inactive|geosts has 30 seconds left.
|
|t:|1757111938
|switch|p2a: Charizard|Charizard, L50, M|100/100
|-terastallize|p1a: Rillaboom|Fire
|move|p1b: Murkrow|Tailwind|p1b: Murkrow
|-sidestart|p1: geosts|move: Tailwind
|move|p1a: Rillaboom|Wood Hammer|p2b: Jumpluff
|-resisted|p2b: Jumpluff
|-damage|p2b: Jumpluff|23/100
|-damage|p1a: Rillaboom|91/100|[from] Recoil
|move|p2b: Jumpluff|Sleep Powder|p1b: Murkrow|[miss]
|-miss|p2b: Jumpluff|p1b: Murkrow
|
|-weather|RainDance|[upkeep]
|-heal|p1a: Rillaboom|97/100|[from] Grassy Terrain
|upkeep
|turn|3
|inactive|AndruAkd14 has 30 seconds left.
|
|t:|1757111967
|switch|p2b: Torkoal|Torkoal, L50, M|100/100
|-weather|SunnyDay|[from] ability: Drought|[of] p2b: Torkoal
|move|p1a: Rillaboom|Wood Hammer|p2b: Torkoal
|-resisted|p2b: Torkoal
|-damage|p2b: Torkoal|66/100
|-damage|p1a: Rillaboom|87/100|[from] Recoil
|move|p1b: Murkrow|Foul Play|p2a: Charizard
|-damage|p2a: Charizard|63/100
|move|p2a: Charizard|Heat Wave|p1b: Murkrow|[spread] p1a,p1b
|-resisted|p1a: Rillaboom
|-damage|p1a: Rillaboom|21/100
|-damage|p1b: Murkrow|0 fnt
|faint|p1b: Murkrow
|
|-weather|SunnyDay|[upkeep]
|-damage|p2a: Charizard|51/100|[from] ability: Solar Power|[of] p2a: Charizard
|-heal|p1a: Rillaboom|28/100|[from] Grassy Terrain
|-heal|p2b: Torkoal|72/100|[from] Grassy Terrain
|upkeep
|
|t:|1757111973
|switch|p1b: Pelipper|Pelipper, L50, M|100/100
|-weather|RainDance|[from] ability: Drizzle|[of] p1b: Pelipper
|turn|4
|inactive|AndruAkd14 has 30 seconds left.
|inactive|geosts has 30 seconds left.
|inactive|AndruAkd14 has 20 seconds left.
|inactive|geosts has 20 seconds left.
|
|t:|1757112014
|switch|p2b: Jumpluff|Jumpluff, L50, F|23/100
|-terastallize|p2a: Charizard|Ghost
|move|p1a: Rillaboom|Wood Hammer|p2a: Charizard
|-damage|p2a: Charizard|0 fnt
|faint|p2a: Charizard
|-damage|p1a: Rillaboom|14/100|[from] Recoil
|move|p1b: Pelipper|Weather Ball|p2b: Jumpluff
|-resisted|p2b: Jumpluff
|-damage|p2b: Jumpluff|0 fnt
|faint|p2b: Jumpluff
|
|-weather|RainDance|[upkeep]
|-heal|p1a: Rillaboom|20/100|[from] Grassy Terrain
|upkeep
|
|t:|1757112029
|switch|p2b: Ursaluna|Ursaluna, L50, M|100/100
|switch|p2a: Torkoal|Torkoal, L50, M|72/100
|-weather|SunnyDay|[from] ability: Drought|[of] p2a: Torkoal
|turn|5
|j| Dhrauren
|inactive|AndruAkd14 has 30 seconds left.
|l| Zeepel
|inactive|AndruAkd14 has 20 seconds left.
|
|t:|1757112068
|move|p2b: Ursaluna|Protect|p2b: Ursaluna
|-singleturn|p2b: Ursaluna|Protect
|move|p1b: Pelipper|Wide Guard|p1b: Pelipper
|-singleturn|p1b: Pelipper|Wide Guard
|move|p1a: Rillaboom|Wood Hammer|p2b: Ursaluna
|-activate|p2b: Ursaluna|move: Protect
|move|p2a: Torkoal|Overheat|p1a: Rillaboom
|-resisted|p1a: Rillaboom
|-damage|p1a: Rillaboom|0 fnt
|-unboost|p2a: Torkoal|spa|2
|faint|p1a: Rillaboom
|
|-weather|SunnyDay|[upkeep]
|-heal|p2a: Torkoal|78/100|[from] Grassy Terrain
|-sideend|p1: geosts|move: Tailwind
|-fieldend|move: Grassy Terrain
|-status|p2b: Ursaluna|brn|[from] item: Flame Orb
|upkeep
|
|t:|1757112074
|switch|p1a: Basculegion|Basculegion, L50, M|100/100
|turn|6
|l| Dhrauren
|
|t:|1757112092
|move|p2a: Torkoal|Helping Hand|p2b: Ursaluna
|-singleturn|p2b: Ursaluna|Helping Hand|[of] p2a: Torkoal
|move|p1a: Basculegion|Wave Crash|p2b: Ursaluna
|-supereffective|p2b: Ursaluna
|-damage|p2b: Ursaluna|25/100 brn
|-damage|p1a: Basculegion|73/100|[from] Recoil
|move|p1b: Pelipper|Weather Ball|p2b: Ursaluna
|-damage|p2b: Ursaluna|0 fnt
|faint|p2b: Ursaluna
|
|-weather|SunnyDay|[upkeep]
|upkeep
|turn|7
|j| Dhrauren
|
|t:|1757112113
|move|p1a: Basculegion|Wave Crash|p2a: Torkoal
|-supereffective|p2a: Torkoal
|-damage|p2a: Torkoal|4/100
|-damage|p1a: Basculegion|50/100|[from] Recoil
|move|p1b: Pelipper|Weather Ball|p2a: Torkoal
|-resisted|p2a: Torkoal
|-damage|p2a: Torkoal|0 fnt
|faint|p2a: Torkoal
|
|win|geosts
||geosts is ready for game 2.
|inactive|AndruAkd14 has 30 seconds to confirm battle start!
|inactive|AndruAkd14 has 19 seconds to confirm battle start!
|inactive|AndruAkd14 has 9 seconds to confirm battle start!
|uhtml|next|Next: Game 2 of 3
|l| Dhrauren
|j| Zeepel
|j| zeri yummi
|l| zeriyummi
|l| TTL Sann
|l| Zeepel
|l| ponje
|j| pocketsnivy
|l| frankina
|l| pocketsnivy
