|j|☆magmar de morango
|j|☆j3rrypl4ys
|html|magmar de morangoj3rrypl4ys    
|uhtml|bestof|Game 1 of a best-of-3
|t:|1756528304
|gametype|doubles
|player|p1|magmar de morango|acetrainersnowf|1000
|player|p2|j3rrypl4ys|169|1000
|gen|9
|tier|[Gen 9] VGC 2025 Reg H (Bo3)
|rated|
|rule|Species Clause: Limit one of each Pokémon
|rule|Item Clause: Limit 1 of each item
|clearpoke
|poke|p1|Sneasler, L50, F|
|poke|p1|Rillaboom, L50, M|
|poke|p1|Primarina, L50, M|
|poke|p1|Dragapult, L50, M|
|poke|p1|Kingambit, L50, M|
|poke|p1|Magmar, L50, M|
|poke|p2|Dragonite, L50, F|
|poke|p2|Incineroar, L50, M|
|poke|p2|Annihilape, L50, M|
|poke|p2|Dondozo, L50, M|
|poke|p2|Rillaboom, L50, F|
|poke|p2|Gholdengo, L50|
|teampreview|4
|showteam|p1|Sneasler||GrassySeed|Unburden|CloseCombat,DireClaw,Acrobatics,FakeOut|||F|||50|,,,,,Flying]Rillaboom||AssaultVest|GrassySurge|WoodHammer,GrassyGlide,Uturn,FakeOut|||M|||50|,,,,,Fire]Primarina||SitrusBerry|LiquidVoice|HyperVoice,Moonblast,Haze,Protect|||M|||50|,,,,,Poison]Dragapult||ChoiceBand|ClearBody|DragonDarts,PhantomForce,Outrage,Uturn|||M|||50|,,,,,Dragon]Kingambit||BlackGlasses|Defiant|KowtowCleave,SuckerPunch,SwordsDance,Protect|||M|||50|,,,,,Dark]Magmar||Eviolite|VitalSpirit|Overheat,WillOWisp,FollowMe,Protect|||M|||50|,,,,,Dragon
|showteam|p2|Dragonite||LoadedDice|Multiscale|Protect,ScaleShot,Tailwind,Haze|||F|||50|,,,,,Fairy]Incineroar||SafetyGoggles|Intimidate|FakeOut,KnockOff,FlareBlitz,PartingShot|||M|||50|,,,,,Ghost]Annihilape||FocusSash|Defiant|Protect,Coaching,RageFist,CloseCombat|||M|||50|,,,,,Stellar]Dondozo||Leftovers|Unaware|Protect,WaveCrash,Yawn,Fissure|||M|||50|,,,,,Grass]Rillaboom||AssaultVest|GrassySurge|FakeOut,GrassyGlide,HighHorsepower,WoodHammer|||F|||50|,,,,,Fire]Gholdengo||SitrusBerry|GoodasGold|Protect,NastyPlot,MakeItRain,ShadowBall||||||50|,,,,,Water
|inactive|Battle timer is ON: inactive players will automatically lose when time's up. (requested by j3rrypl4ys)
|inactive|magmar de morango has 60 seconds left.
|inactive|j3rrypl4ys has 60 seconds left.
|
|t:|1756528360
|teamsize|p1|4
|teamsize|p2|4
|start
|switch|p1a: Primarina|Primarina, L50, M|100/100
|switch|p1b: Magmar|Magmar, L50, M, shiny|100/100
|switch|p2a: Dondozo|Dondozo, L50, M|100/100
|switch|p2b: Dragonite|Dragonite, L50, F, shiny|100/100
|turn|1
|inactive|magmar de morango has 30 seconds left.
|inactive|j3rrypl4ys has 30 seconds left.
|inactive|magmar de morango has 20 seconds left.
|
|t:|1756528400
|-terastallize|p1b: Magmar|Dragon
|move|p2b: Dragonite|Protect|p2b: Dragonite
|-singleturn|p2b: Dragonite|Protect
|move|p1b: Magmar|Will-O-Wisp|p2a: Dondozo
|-status|p2a: Dondozo|brn
|move|p1a: Primarina|Moonblast|p2b: Dragonite
|-activate|p2b: Dragonite|move: Protect
|move|p2a: Dondozo|Yawn|p1a: Primarina
|-start|p1a: Primarina|move: Yawn|[of] p2a: Dondozo
|
|-damage|p2a: Dondozo|94/100 brn|[from] brn
|upkeep
|turn|2
|
|t:|1756528422
|switch|p1a: Kingambit|Kingambit, L50, M|100/100
|move|p2b: Dragonite|Scale Shot|p1b: Magmar
|-supereffective|p1b: Magmar
|-damage|p1b: Magmar|69/100
|-supereffective|p1b: Magmar
|-crit|p1b: Magmar
|-damage|p1b: Magmar|23/100
|-supereffective|p1b: Magmar
|-damage|p1b: Magmar|0 fnt
|faint|p1b: Magmar
|-hitcount|p1: Magmar|3
|-unboost|p2b: Dragonite|def|1
|-boost|p2b: Dragonite|spe|1
|move|p2a: Dondozo|Yawn|p1a: Kingambit
|-start|p1a: Kingambit|move: Yawn|[of] p2a: Dondozo
|
|-heal|p2a: Dondozo|100/100 brn|[from] item: Leftovers
|-damage|p2a: Dondozo|94/100 brn|[from] brn
|upkeep
|
|t:|1756528429
|switch|p1b: Primarina|Primarina, L50, M|100/100
|turn|3
|
|t:|1756528445
|move|p2b: Dragonite|Protect|p2b: Dragonite
|-singleturn|p2b: Dragonite|Protect
|move|p1b: Primarina|Moonblast|p2b: Dragonite
|-activate|p2b: Dragonite|move: Protect
|move|p1a: Kingambit|Kowtow Cleave|p2a: Dondozo
|-damage|p2a: Dondozo|61/100 brn
|move|p2a: Dondozo|Yawn|p1b: Primarina
|-start|p1b: Primarina|move: Yawn|[of] p2a: Dondozo
|
|-heal|p2a: Dondozo|67/100 brn|[from] item: Leftovers
|-damage|p2a: Dondozo|61/100 brn|[from] brn
|-end|p1a: Kingambit|move: Yawn|[silent]
|-status|p1a: Kingambit|slp
|upkeep
|turn|4
|
|t:|1756528465
|switch|p2b: Gholdengo|Gholdengo, L50|100/100
|move|p1b: Primarina|Moonblast|p2b: Gholdengo
|-resisted|p2b: Gholdengo
|-damage|p2b: Gholdengo|73/100
|cant|p1a: Kingambit|slp
|move|p2a: Dondozo|Fissure|p1a: Kingambit|[miss]
|-miss|p2a: Dondozo|p1a: Kingambit
|
|-heal|p2a: Dondozo|67/100 brn|[from] item: Leftovers
|-damage|p2a: Dondozo|61/100 brn|[from] brn
|-end|p1b: Primarina|move: Yawn|[silent]
|-status|p1b: Primarina|slp
|upkeep
|turn|5
|
|t:|1756528490
|-terastallize|p2b: Gholdengo|Water
|move|p2b: Gholdengo|Nasty Plot|p2b: Gholdengo
|-boost|p2b: Gholdengo|spa|2
|cant|p1b: Primarina|slp
|-curestatus|p1a: Kingambit|slp|[msg]
|move|p1a: Kingambit|Kowtow Cleave|p2b: Gholdengo
|-damage|p2b: Gholdengo|6/100
|-enditem|p2b: Gholdengo|Sitrus Berry|[eat]
|-heal|p2b: Gholdengo|30/100|[from] item: Sitrus Berry
|move|p2a: Dondozo|Fissure|p1a: Kingambit|[miss]
|-miss|p2a: Dondozo|p1a: Kingambit
|
|-heal|p2a: Dondozo|67/100 brn|[from] item: Leftovers
|-damage|p2a: Dondozo|61/100 brn|[from] brn
|upkeep
|turn|6
|
|t:|1756528509
|move|p2b: Gholdengo|Protect|p2b: Gholdengo
|-singleturn|p2b: Gholdengo|Protect
|move|p1a: Kingambit|Sucker Punch||[still]
|-fail|p1a: Kingambit
|cant|p1b: Primarina|slp
|move|p2a: Dondozo|Fissure|p1b: Primarina
|-damage|p1b: Primarina|0 fnt
|faint|p1b: Primarina
|-ohko
|
|-heal|p2a: Dondozo|67/100 brn|[from] item: Leftovers
|-damage|p2a: Dondozo|61/100 brn|[from] brn
|upkeep
|
|t:|1756528523
|switch|p1b: Dragapult|Dragapult, L50, M|100/100
|turn|7
|inactive|j3rrypl4ys has 30 seconds left.
|
|t:|1756528549
|move|p1b: Dragapult|Dragon Darts|p2b: Gholdengo
|-damage|p2b: Gholdengo|0 fnt
|-anim|p1b: Dragapult|Dragon Darts|p2a: Dondozo
|-damage|p2a: Dondozo|38/100 brn
|faint|p2b: Gholdengo
|move|p1a: Kingambit|Kowtow Cleave|p2a: Dondozo
|-damage|p2a: Dondozo|2/100 brn
|move|p2a: Dondozo|Yawn|p1b: Dragapult
|-start|p1b: Dragapult|move: Yawn|[of] p2a: Dondozo
|
|-heal|p2a: Dondozo|9/100 brn|[from] item: Leftovers
|-damage|p2a: Dondozo|2/100 brn|[from] brn
|upkeep
|
|t:|1756528555
|switch|p2b: Dragonite|Dragonite, L50, F, shiny|100/100
|turn|8
|inactive|magmar de morango has 30 seconds left.
|
|t:|1756528587
|move|p2b: Dragonite|Protect|p2b: Dragonite
|-singleturn|p2b: Dragonite|Protect
|move|p2a: Dondozo|Protect|p2a: Dondozo
|-singleturn|p2a: Dondozo|Protect
|move|p1b: Dragapult|Dragon Darts|p2a: Dondozo
|-activate|p2b: Dragonite|move: Protect
|move|p1a: Kingambit|Kowtow Cleave|p2b: Dragonite
|-activate|p2b: Dragonite|move: Protect
|
|-heal|p2a: Dondozo|9/100 brn|[from] item: Leftovers
|-damage|p2a: Dondozo|2/100 brn|[from] brn
|-end|p1b: Dragapult|move: Yawn|[silent]
|-status|p1b: Dragapult|slp
|upkeep
|turn|9
|
|t:|1756528600
|cant|p1b: Dragapult|slp
|move|p2b: Dragonite|Scale Shot|p1b: Dragapult
|-supereffective|p1b: Dragapult
|-damage|p1b: Dragapult|62/100 slp
|-supereffective|p1b: Dragapult
|-damage|p1b: Dragapult|18/100 slp
|-supereffective|p1b: Dragapult
|-damage|p1b: Dragapult|0 fnt
|faint|p1b: Dragapult
|-hitcount|p1: Dragapult|3
|-unboost|p2b: Dragonite|def|1
|-boost|p2b: Dragonite|spe|1
|move|p1a: Kingambit|Kowtow Cleave|p2a: Dondozo
|-damage|p2a: Dondozo|0 fnt
|faint|p2a: Dondozo
|
|upkeep
|
|t:|1756528609
|switch|p2a: Incineroar|Incineroar, L50, M|100/100
|-ability|p2a: Incineroar|Intimidate|boost
|-unboost|p1a: Kingambit|atk|1
|-ability|p1a: Kingambit|Defiant|boost
|-boost|p1a: Kingambit|atk|2
|turn|10
|
|t:|1756528623
|move|p1a: Kingambit|Protect|p1a: Kingambit
|-singleturn|p1a: Kingambit|Protect
|move|p2b: Dragonite|Haze|p2b: Dragonite
|-clearallboost
|move|p2a: Incineroar|Flare Blitz|p1a: Kingambit
|-activate|p1a: Kingambit|move: Protect
|
|upkeep
|turn|11
|
|t:|1756528635
|move|p2b: Dragonite|Scale Shot|p1a: Kingambit
|-resisted|p1a: Kingambit
|-crit|p1a: Kingambit
|-damage|p1a: Kingambit|91/100
|-resisted|p1a: Kingambit
|-damage|p1a: Kingambit|86/100
|-resisted|p1a: Kingambit
|-damage|p1a: Kingambit|80/100
|-resisted|p1a: Kingambit
|-damage|p1a: Kingambit|74/100
|-hitcount|p1a: Kingambit|4
|-unboost|p2b: Dragonite|def|1
|-boost|p2b: Dragonite|spe|1
|move|p2a: Incineroar|Flare Blitz|p1a: Kingambit
|-supereffective|p1a: Kingambit
|-damage|p1a: Kingambit|0 fnt
|faint|p1a: Kingambit
|-damage|p2a: Incineroar|76/100|[from] Recoil
|
|win|j3rrypl4ys
|inactive|magmar de morango has 30 seconds to confirm battle start!
|inactive|j3rrypl4ys has 30 seconds to confirm battle start!
||magmar de morango is ready for game 2.
||j3rrypl4ys is ready for game 2.
|uhtml|next|Next: Game 2 of 3
