|j|☆patata navidenya
|j|☆AjaniVGC
|html|patata navidenyaAjaniVGC    
|uhtml|bestof|Game 1 of a best-of-3
|t:|1756456866
|gametype|doubles
|player|p1|patata navidenya|cilan|1281
|player|p2|AjaniVGC|2|1134
|gen|9
|tier|[Gen 9] VGC 2025 Reg H (Bo3)
|rated|
|rule|Species Clause: Limit one of each Pokémon
|rule|Item Clause: Limit 1 of each item
|clearpoke
|poke|p1|Pelipper, L50, F|
|poke|p1|Archaludon, L50, M|
|poke|p1|Sinistcha, L50|
|poke|p1|Incineroar, L50, M|
|poke|p1|Dragonite, L50, M|
|poke|p1|Basculegion, L50, M|
|poke|p2|Sneasler, L50, M|
|poke|p2|Ursaluna-Bloodmoon, L50, M|
|poke|p2|Gholdengo, L50|
|poke|p2|Magmar, L50, F|
|poke|p2|Annihilape, L50, F|
|poke|p2|Whimsicott, L50, M|
|teampreview|4
|showteam|p1|Pelipper||FocusSash|Drizzle|MuddyWater,Hurricane,Tailwind,Protect|||F|||50|,,,,,Ghost]Archaludon||AssaultVest|Stamina|FlashCannon,ElectroShot,BodyPress,Snarl|||M|||50|,,,,,Bug]Sinistcha||SitrusBerry|Hospitality|MatchaGotcha,RagePowder,LifeDew,TrickRoom||||||50|,,,,,Fire]Incineroar||SafetyGoggles|Intimidate|KnockOff,Taunt,PartingShot,FakeOut|||M|||50|,,,,,Ghost]Dragonite||LoadedDice|Multiscale|ScaleShot,Tailwind,Haze,Protect|||M|||50|,,,,,Fairy]Basculegion||LifeOrb|SwiftSwim|WaveCrash,AquaJet,LastRespects,Protect|||M|||50|,,,,,Water
|showteam|p2|Sneasler||FocusSash|Unburden|DireClaw,CloseCombat,FakeOut,Coaching|||M|||50|,,,,,Stellar]Ursaluna-Bloodmoon||LifeOrb|MindsEye|EarthPower,BloodMoon,HyperVoice,Protect|||M|||50|,,,,,Ghost]Gholdengo||WhiteHerb|GoodasGold|MakeItRain,ShadowBall,NastyPlot,Protect||||||50|,,,,,Water]Magmar||Eviolite|VitalSpirit|FollowMe,WillOWisp,Protect,Overheat|||F|||50|,,,,,Ghost]Annihilape||Leftovers|Defiant|RageFist,DrainPunch,BulkUp,Protect|||F|||50|,,,,,Fire]Whimsicott||CovertCloak|Prankster|Moonblast,Tailwind,Encore,SunnyDay|||M|||50|,,,,,Water
|inactive|Battle timer is ON: inactive players will automatically lose when time's up. (requested by patata navidenya)
|inactive|patata navidenya has 60 seconds left.
|inactive|AjaniVGC has 60 seconds left.
|inactive|AjaniVGC has 30 seconds left.
|inactive|AjaniVGC has 20 seconds left.
|inactive|AjaniVGC has 15 seconds left.
|inactive|AjaniVGC has 10 seconds left.
|
|t:|1756456951
|teamsize|p1|4
|teamsize|p2|4
|start
|switch|p1a: Pelipper|Pelipper, L50, F|100/100
|switch|p1b: Archaludon|Archaludon, L50, M|100/100
|switch|p2a: Gholdengo|Gholdengo, L50|100/100
|switch|p2b: Whimsicott|Whimsicott, L50, M|100/100
|-weather|RainDance|[from] ability: Drizzle|[of] p1a: Pelipper
|turn|1
|
|t:|1756456969
|switch|p1a: Incineroar|Incineroar, L50, M|100/100
|-ability|p1a: Incineroar|Intimidate|boost
|-unboost|p2a: Gholdengo|atk|1
|-unboost|p2b: Whimsicott|atk|1
|-enditem|p2a: Gholdengo|White Herb
|-clearnegativeboost|p2a: Gholdengo|[silent]
|move|p2b: Whimsicott|Sunny Day|p2b: Whimsicott
|-weather|SunnyDay
|move|p1b: Archaludon|Snarl|p2b: Whimsicott|[spread] p2a,p2b
|-supereffective|p2a: Gholdengo
|-resisted|p2b: Whimsicott
|-damage|p2a: Gholdengo|72/100
|-damage|p2b: Whimsicott|92/100
|-unboost|p2a: Gholdengo|spa|1
|move|p2a: Gholdengo|Nasty Plot|p2a: Gholdengo
|-boost|p2a: Gholdengo|spa|2
|
|-weather|SunnyDay|[upkeep]
|upkeep
|turn|2
|inactive|AjaniVGC has 30 seconds left.
|
|t:|1756456999
|move|p2a: Gholdengo|Protect|p2a: Gholdengo
|-singleturn|p2a: Gholdengo|Protect
|move|p2b: Whimsicott|Encore|p1b: Archaludon
|-start|p1b: Archaludon|Encore
|move|p1b: Archaludon|Snarl|p2a: Gholdengo|[spread] p2b
|-activate|p2a: Gholdengo|move: Protect
|-resisted|p2b: Whimsicott
|-damage|p2b: Whimsicott|84/100
|move|p1a: Incineroar|Knock Off|p2a: Gholdengo
|-activate|p2a: Gholdengo|move: Protect
|
|-weather|SunnyDay|[upkeep]
|upkeep
|turn|3
|inactive|AjaniVGC has 30 seconds left.
|
|t:|1756457024
|-terastallize|p2a: Gholdengo|Water
|move|p1b: Archaludon|Snarl|p2b: Whimsicott|[spread] p2a,p2b
|-resisted|p2b: Whimsicott
|-damage|p2a: Gholdengo|59/100
|-damage|p2b: Whimsicott|77/100
|-unboost|p2a: Gholdengo|spa|1
|move|p2a: Gholdengo|Shadow Ball|p1b: Archaludon
|-damage|p1b: Archaludon|61/100
|-ability|p1b: Archaludon|Stamina|boost
|-boost|p1b: Archaludon|def|1
|move|p2b: Whimsicott|Moonblast|p1b: Archaludon
|-damage|p1b: Archaludon|39/100
|-ability|p1b: Archaludon|Stamina|boost
|-boost|p1b: Archaludon|def|1
|move|p1a: Incineroar|Knock Off|p2a: Gholdengo
|-damage|p2a: Gholdengo|31/100
|
|-weather|SunnyDay|[upkeep]
|upkeep
|turn|4
|inactive|patata navidenya has 30 seconds left.
|inactive|AjaniVGC has 30 seconds left.
|
|t:|1756457056
|switch|p1a: Sinistcha|Sinistcha, L50|100/100
|-heal|p1b: Archaludon|64/100|[from] ability: Hospitality|[of] p1a: Sinistcha
|move|p2a: Gholdengo|Protect|p2a: Gholdengo
|-singleturn|p2a: Gholdengo|Protect
|move|p1b: Archaludon|Snarl|p2b: Whimsicott|[spread] p2b
|-activate|p2a: Gholdengo|move: Protect
|-resisted|p2b: Whimsicott
|-damage|p2b: Whimsicott|68/100
|move|p2b: Whimsicott|Moonblast|p1b: Archaludon
|-damage|p1b: Archaludon|41/100
|-unboost|p1b: Archaludon|spa|1
|-ability|p1b: Archaludon|Stamina|boost
|-boost|p1b: Archaludon|def|1
|
|-weather|SunnyDay|[upkeep]
|-end|p1b: Archaludon|Encore
|upkeep
|turn|5
|inactive|AjaniVGC has 30 seconds left.
|inactive|patata navidenya has 30 seconds left.
|
|t:|1756457092
|move|p2b: Whimsicott|Tailwind|p2b: Whimsicott
|-sidestart|p2: AjaniVGC|move: Tailwind
|move|p2a: Gholdengo|Nasty Plot|p2a: Gholdengo
|-boost|p2a: Gholdengo|spa|2
|move|p1b: Archaludon|Flash Cannon|p2b: Whimsicott
|-supereffective|p2b: Whimsicott
|-damage|p2b: Whimsicott|0 fnt
|faint|p2b: Whimsicott
|move|p1a: Sinistcha|Matcha Gotcha|p2a: Gholdengo
|-supereffective|p2a: Gholdengo
|-damage|p2a: Gholdengo|0 fnt
|faint|p2a: Gholdengo
|
|-weather|none
|upkeep
|
|t:|1756457105
|switch|p2a: Magmar|Magmar, L50, F|100/100
|switch|p2b: Annihilape|Annihilape, L50, F|100/100
|turn|6
|
|t:|1756457125
|switch|p1a: Pelipper|Pelipper, L50, F|100/100
|-weather|RainDance|[from] ability: Drizzle|[of] p1a: Pelipper
|move|p2a: Magmar|Overheat|p1b: Archaludon
|-damage|p1b: Archaludon|23/100
|-unboost|p2a: Magmar|spa|2
|-ability|p1b: Archaludon|Stamina|boost
|-boost|p1b: Archaludon|def|1
|move|p2b: Annihilape|Bulk Up|p2b: Annihilape
|-boost|p2b: Annihilape|atk|1
|-boost|p2b: Annihilape|def|1
|move|p1b: Archaludon|Electro Shot||[still]
|-prepare|p1b: Archaludon|Electro Shot
|-boost|p1b: Archaludon|spa|1
|-anim|p1b: Archaludon|Electro Shot|p2b: Annihilape
|-damage|p2b: Annihilape|65/100
|
|-weather|RainDance|[upkeep]
|-heal|p2b: Annihilape|71/100|[from] item: Leftovers
|upkeep
|turn|7
|inactive|AjaniVGC has 30 seconds left.
|
|t:|1756457155
|switch|p1a: Sinistcha|Sinistcha, L50|100/100
|-heal|p1b: Archaludon|48/100|[from] ability: Hospitality|[of] p1a: Sinistcha
|move|p2a: Magmar|Will-O-Wisp|p1b: Archaludon
|-status|p1b: Archaludon|brn
|move|p2b: Annihilape|Rage Fist|p1a: Sinistcha
|-supereffective|p1a: Sinistcha
|-damage|p1a: Sinistcha|0 fnt
|faint|p1a: Sinistcha
|move|p1b: Archaludon|Electro Shot||[still]
|-prepare|p1b: Archaludon|Electro Shot
|-boost|p1b: Archaludon|spa|1
|-anim|p1b: Archaludon|Electro Shot|p2b: Annihilape
|-damage|p2b: Annihilape|13/100
|
|-weather|RainDance|[upkeep]
|-heal|p2b: Annihilape|19/100|[from] item: Leftovers
|-damage|p1b: Archaludon|42/100 brn|[from] brn
|upkeep
|
|t:|1756457178
|switch|p1a: Pelipper|Pelipper, L50, F|100/100
|turn|8
|
|t:|1756457194
|move|p2a: Magmar|Follow Me|p2a: Magmar
|-singleturn|p2a: Magmar|move: Follow Me
|move|p2b: Annihilape|Drain Punch|p1b: Archaludon
|-supereffective|p1b: Archaludon
|-damage|p1b: Archaludon|11/100 brn
|-heal|p2b: Annihilape|32/100|[from] drain|[of] p1b: Archaludon
|-ability|p1b: Archaludon|Stamina|boost
|-boost|p1b: Archaludon|def|1
|move|p1b: Archaludon|Electro Shot||[still]
|-prepare|p1b: Archaludon|Electro Shot
|-boost|p1b: Archaludon|spa|1
|-anim|p1b: Archaludon|Electro Shot|p2a: Magmar
|-damage|p2a: Magmar|58/100
|move|p1a: Pelipper|Muddy Water|p2b: Annihilape|[spread] p2a
|-miss|p1a: Pelipper|p2b: Annihilape
|-supereffective|p2a: Magmar
|-damage|p2a: Magmar|4/100
|
|-weather|RainDance|[upkeep]
|-heal|p2b: Annihilape|38/100|[from] item: Leftovers
|-damage|p1b: Archaludon|5/100 brn|[from] brn
|-sideend|p2: AjaniVGC|move: Tailwind
|upkeep
|turn|9
|inactive|patata navidenya has 30 seconds left.
|
|t:|1756457227
|move|p2a: Magmar|Follow Me|p2a: Magmar
|-singleturn|p2a: Magmar|move: Follow Me
|move|p1b: Archaludon|Electro Shot||[still]
|-prepare|p1b: Archaludon|Electro Shot
|-boost|p1b: Archaludon|spa|1
|-anim|p1b: Archaludon|Electro Shot|p2a: Magmar
|-damage|p2a: Magmar|0 fnt
|faint|p2a: Magmar
|move|p1a: Pelipper|Muddy Water|p2b: Annihilape
|-damage|p2b: Annihilape|0 fnt
|faint|p2b: Annihilape
|
|win|patata navidenya
|inactive|patata navidenya has 30 seconds to confirm battle start!
|inactive|AjaniVGC has 30 seconds to confirm battle start!
||patata navidenya is ready for game 2.
||AjaniVGC is ready for game 2.
|uhtml|next|Next: Game 2 of 3
|l|☆AjaniVGC
|player|p2|
