|j|‽foursevensixone
|j|☆Lorido
|html|foursevensixoneLorido    
|uhtml|bestof|Game 2 of a best-of-3
|t:|1784698015
|gametype|doubles
|player|p1|foursevensixone|265|1077
|player|p2|Lorido|101|1186
|gen|9
|tier|[Gen 9 Champions] VGC 2026 Reg M-B (Bo3)
|rated|
|rule|Species Clause: Limit one of each Pokémon
|rule|Item Clause: Limit 1 of each item
|clearpoke
|poke|p1|Pyroar, L50, F|
|poke|p1|Whimsicott, L50, M|
|poke|p1|Vileplume, L50, M|
|poke|p1|Charizard, L50, M|
|poke|p1|Kleavor, L50, M|
|poke|p1|Garchomp, L50, M|
|poke|p2|Aerodactyl, L50, F|
|poke|p2|Kingambit, L50, F|
|poke|p2|Sylveon, L50, F|
|poke|p2|Charizard, L50, F|
|poke|p2|Garchomp, L50, M|
|poke|p2|Farigiraf, L50, M|
|teampreview|4
|showteam|p1|Pyroar||Pyroarite|Unnerve|HeatWave,Protect,HyperVoice,Flamethrower|Timid||F|||50|]Whimsicott||FocusSash|Prankster|Tailwind,Taunt,Moonblast,SunnyDay|Bold||M|||50|]Vileplume||SitrusBerry|Chlorophyll|SolarBeam,SleepPowder,WeatherBall,SludgeBomb|Timid||M|||50|]Charizard||CharizarditeY|SolarPower|HeatWave,SolarBeam,AirSlash,Hurricane|Modest||M|||50|]Kleavor||ExpertBelt|Sharpness|RockSlide,StoneAxe,Uturn,XScissor|Adamant||M|||50|]Garchomp||MentalHerb|RoughSkin|DragonClaw,StompingTantrum,Protect,DragonTail|Serious||M|||50|
|showteam|p2|Aerodactyl||Aerodactylite|Unnerve|RockSlide,DualWingbeat,IceFang,Tailwind|Jolly||F|||50|]Kingambit||BlackGlasses|Defiant|KowtowCleave,IronHead,SuckerPunch,LowKick|Jolly||F|||50|]Sylveon||FairyFeather|Pixilate|HyperVoice,QuickAttack,HyperBeam,Detect|Modest||F|||50|]Charizard||CharizarditeY|Blaze|HeatWave,WeatherBall,SolarBeam,Protect|Modest||F|||50|]Garchomp||LifeOrb|RoughSkin|DragonClaw,Earthquake,RockSlide,Protect|Jolly||M|||50|]Farigiraf||SitrusBerry|ArmorTail|TwinBeam,Thunderbolt,TrickRoom,HelpingHand|Relaxed||M|||50|
|inactive|Battle timer is ON: inactive players will automatically lose when time's up. (requested by Lorido)
|inactive|Lorido has 60 seconds left.
|inactive|Lorido has 30 seconds left.
|
|t:|1784698081
|teamsize|p1|4
|teamsize|p2|4
|start
|switch|p1a: Whimsicott|Whimsicott, L50, M|100/100
|switch|p1b: Vileplume|Vileplume, L50, M|100/100
|switch|p2a: Aerodactyl|Aerodactyl, L50, F|100/100
|switch|p2b: Garchomp|Garchomp, L50, M|100/100
|-ability|p2a: Aerodactyl|Unnerve
|turn|1
|inactive|Lorido has 30 seconds left.
|
|t:|1784698115
|detailschange|p2a: Aerodactyl|Aerodactyl-Mega, L50, F
|-mega|p2a: Aerodactyl|Aerodactyl|Aerodactylite
|move|p1a: Whimsicott|Sunny Day|p1a: Whimsicott
|-weather|SunnyDay
|move|p1b: Vileplume|Sleep Powder|p2a: Aerodactyl
|-status|p2a: Aerodactyl|slp|[from] move: Sleep Powder
|cant|p2a: Aerodactyl|slp
|move|p2b: Garchomp|Earthquake|p1b: Vileplume|[spread] p1a,p1b
|-immune|p2a: Aerodactyl
|-resisted|p1a: Whimsicott|1
|-damage|p1a: Whimsicott|80/100
|-damage|p1b: Vileplume|27/100
|-enditem|p1b: Vileplume|Sitrus Berry|[eat]
|-heal|p1b: Vileplume|52/100|[from] item: Sitrus Berry
|-damage|p2b: Garchomp|90/100|[from] item: Life Orb
|
|-weather|SunnyDay|[upkeep]
|upkeep
|turn|2
|inactive|foursevensixone has 30 seconds left.
|
|t:|1784698148
|move|p2b: Garchomp|Protect|p2b: Garchomp
|-singleturn|p2b: Garchomp|Protect
|move|p1a: Whimsicott|Tailwind|p1a: Whimsicott
|-sidestart|p1: foursevensixone|move: Tailwind
|move|p1b: Vileplume|Solar Beam||[still]
|-prepare|p1b: Vileplume|Solar Beam
|-anim|p1b: Vileplume|Solar Beam|p2a: Aerodactyl
|-damage|p2a: Aerodactyl|33/100 slp
|cant|p2a: Aerodactyl|slp
|
|-weather|SunnyDay|[upkeep]
|upkeep
|turn|3
|inactive|Lorido has 30 seconds left.
|
|t:|1784698177
|switch|p2a: Kingambit|Kingambit, L50, F|100/100
|move|p1b: Vileplume|Solar Beam||[still]
|-prepare|p1b: Vileplume|Solar Beam
|-anim|p1b: Vileplume|Solar Beam|p2b: Garchomp
|-damage|p2b: Garchomp|28/100
|move|p1a: Whimsicott|Moonblast|p2b: Garchomp
|-supereffective|p2b: Garchomp|1
|-damage|p2b: Garchomp|0 fnt
|faint|p2b: Garchomp
|
|-weather|SunnyDay|[upkeep]
|upkeep
|
|t:|1784698188
|switch|p2b: Aerodactyl|Aerodactyl-Mega, L50, F|33/100 slp
|turn|4
|
|t:|1784698198
|move|p2a: Kingambit|Sucker Punch|p1b: Vileplume
|-damage|p1b: Vileplume|0 fnt
|faint|p1b: Vileplume
|move|p1a: Whimsicott|Moonblast|p2b: Aerodactyl
|-damage|p2b: Aerodactyl|5/100 slp
|-curestatus|p2b: Aerodactyl|slp|[msg]
|move|p2b: Aerodactyl|Tailwind|p2b: Aerodactyl
|-sidestart|p2: Lorido|move: Tailwind
|
|-weather|SunnyDay|[upkeep]
|upkeep
|
|t:|1784698205
|switch|p1b: Pyroar|Pyroar, L50, F|100/100
|-ability|p1b: Pyroar|Unnerve
|turn|5
|
|t:|1784698236
|detailschange|p1b: Pyroar|Pyroar-Mega, L50, F
|-mega|p1b: Pyroar|Pyroar|Pyroarite
|move|p1b: Pyroar|Protect|p1b: Pyroar
|-singleturn|p1b: Pyroar|Protect
|move|p2a: Kingambit|Sucker Punch||[still]
|-fail|p2a: Kingambit
|move|p2b: Aerodactyl|Rock Slide|p1a: Whimsicott|[spread] p1a
|-activate|p1b: Pyroar|move: Protect
|-damage|p1a: Whimsicott|58/100
|move|p1a: Whimsicott|Moonblast|p2b: Aerodactyl
|-damage|p2b: Aerodactyl|0 fnt
|faint|p2b: Aerodactyl
|
|-weather|none
|-sideend|p1: foursevensixone|move: Tailwind
|upkeep
|
|t:|1784698247
|switch|p2b: Sylveon|Sylveon, L50, F|100/100
|turn|6
|
|t:|1784698256
|move|p2a: Kingambit|Sucker Punch|p1b: Pyroar
|-damage|p1b: Pyroar|46/100
|move|p1a: Whimsicott|Tailwind|p1a: Whimsicott
|-sidestart|p1: foursevensixone|move: Tailwind
|move|p1b: Pyroar|Heat Wave|p2a: Kingambit|[spread] p2a,p2b
|-supereffective|p2a: Kingambit|1
|-damage|p2a: Kingambit|0 fnt
|-damage|p2b: Sylveon|59/100
|faint|p2a: Kingambit
|move|p2b: Sylveon|Hyper Voice|p1a: Whimsicott|[spread] p1a,p1b
|-resisted|p1b: Pyroar|1
|-damage|p1a: Whimsicott|2/100
|-damage|p1b: Pyroar|19/100
|
|upkeep
|turn|7
|
|t:|1784698273
|move|p1a: Whimsicott|Sunny Day|p1a: Whimsicott
|-weather|SunnyDay
|move|p1b: Pyroar|Flamethrower|p2b: Sylveon
|-damage|p2b: Sylveon|0 fnt
|faint|p2b: Sylveon
|
|win|foursevensixone
|raw|foursevensixone's rating: 1077 → 1114(+37 for winning)
|raw|Lorido's rating: 1186 → 1153(-33 for losing)
