|j|☆MSAtlos
|j|☆pgoiko
|html|MSAtlospgoiko    
|uhtml|bestof|Game 1 of a best-of-3
|t:|1757847323
|gametype|doubles
|player|p1|MSAtlos|clair|1190
|player|p2|pgoiko|2|1123
|gen|9
|tier|[Gen 9] VGC 2025 Reg H (Bo3)
|rated|
|rule|Species Clause: Limit one of each Pokémon
|rule|Item Clause: Limit 1 of each item
|clearpoke
|poke|p1|Frosmoth, L50, M|
|poke|p1|Ninetales-Alola, L50, F|
|poke|p1|Rillaboom, L50, M|
|poke|p1|Incineroar, L50, F|
|poke|p1|Ursaluna, L50, M|
|poke|p1|Dragonite, L50, M|
|poke|p2|Indeedee-F, L50, F|
|poke|p2|Armarouge, L50, F|
|poke|p2|Torkoal, L50, F|
|poke|p2|Ursaluna, L50, M|
|poke|p2|Hatterene, L50, F|
|poke|p2|Lilligant-Hisui, L50, F|
|teampreview|4
|showteam|p1|Frosmoth||Leftovers|IceScales|QuiverDance,Blizzard,TeraBlast,Protect|||M|||50|,,,,,Water]Ninetales-Alola||LightClay|SnowWarning|Blizzard,AuroraVeil,Disable,Encore|||F|||50|,,,,,Fire]Rillaboom||AssaultVest|GrassySurge|FakeOut,WoodHammer,GrassyGlide,Uturn|||M|||50|,,,,,Fire]Incineroar||SafetyGoggles|Intimidate|FlareBlitz,KnockOff,FakeOut,PartingShot|||F|||50|,,,,,Ghost]Ursaluna||FlameOrb|Guts|Facade,HeadlongRush,Earthquake,Protect|||M|||50|,,,,,Poison]Dragonite||LoadedDice|Multiscale|ScaleShot,Haze,Tailwind,Protect|||M|||50|,,,,,Steel
|showteam|p2|Indeedee-F||RockyHelmet|PsychicSurge|Psychic,HelpingHand,FollowMe,TrickRoom|||F|||50|,,,,,Grass]Armarouge||PowerHerb|FlashFire|ExpandingForce,ArmorCannon,MeteorBeam,TrickRoom|||F|||50|,,,,,Grass]Torkoal||Charcoal|Drought|Eruption,WeatherBall,HeatWave,Protect|||F|||50|,,,,,Fire]Ursaluna||FlameOrb|Guts|Facade,HeadlongRush,Substitute,Protect|||M|||50|,,,,,Ghost]Hatterene||LifeOrb|MagicBounce|ExpandingForce,DazzlingGleam,TrickRoom,Protect|||F|||50|,,,,,Psychic]Lilligant-Hisui||FocusSash|Chlorophyll|SolarBlade,CloseCombat,SleepPowder,AfterYou|||F|||50|,,,,,Ghost
|
|t:|1757847377
|teamsize|p1|4
|teamsize|p2|4
|start
|switch|p1a: Frosmoth|Frosmoth, L50, M|100/100
|switch|p1b: Ninetales|Ninetales-Alola, L50, F|100/100
|switch|p2a: Torkoal|Torkoal, L50, F|100/100
|switch|p2b: Lilligant|Lilligant-Hisui, L50, F|100/100
|-weather|Snowscape|[from] ability: Snow Warning|[of] p1b: Ninetales
|-weather|SunnyDay|[from] ability: Drought|[of] p2a: Torkoal
|turn|1
|
|t:|1757847412
|switch|p1b: Ursaluna|Ursaluna, L50, M|100/100
|move|p1a: Frosmoth|Protect|p1a: Frosmoth
|-singleturn|p1a: Frosmoth|Protect
|move|p2b: Lilligant|After You|p2a: Torkoal
|-activate|p2a: Torkoal|move: After You
|move|p2a: Torkoal|Eruption|p1b: Ursaluna|[spread] p1b
|-activate|p1a: Frosmoth|move: Protect
|-damage|p1b: Ursaluna|22/100
|
|-weather|SunnyDay|[upkeep]
|-status|p1b: Ursaluna|brn|[from] item: Flame Orb
|upkeep
|turn|2
|
|t:|1757847444
|switch|p1b: Ninetales|Ninetales-Alola, L50, F|100/100
|-weather|Snowscape|[from] ability: Snow Warning|[of] p1b: Ninetales
|-terastallize|p1a: Frosmoth|Water
|move|p2b: Lilligant|After You|p2a: Torkoal
|-activate|p2a: Torkoal|move: After You
|move|p2a: Torkoal|Eruption|p1a: Frosmoth|[spread] p1a,p1b
|-resisted|p1a: Frosmoth
|-supereffective|p1b: Ninetales
|-damage|p1a: Frosmoth|84/100
|-damage|p1b: Ninetales|0 fnt
|faint|p1b: Ninetales
|move|p1a: Frosmoth|Quiver Dance|p1a: Frosmoth
|-boost|p1a: Frosmoth|spa|1
|-boost|p1a: Frosmoth|spd|1
|-boost|p1a: Frosmoth|spe|1
|
|-weather|Snowscape|[upkeep]
|-heal|p1a: Frosmoth|90/100|[from] item: Leftovers
|upkeep
|
|t:|1757847462
|switch|p1b: Rillaboom|Rillaboom, L50, M|100/100
|-fieldstart|move: Grassy Terrain|[from] ability: Grassy Surge|[of] p1b: Rillaboom
|turn|3
|
|t:|1757847483
|switch|p2b: Armarouge|Armarouge, L50, F|100/100
|switch|p2a: Indeedee|Indeedee-F, L50, F|100/100
|-fieldstart|move: Psychic Terrain|[from] ability: Psychic Surge|[of] p2a: Indeedee
|move|p1b: Rillaboom|Fake Out|p2b: Armarouge
|-activate|p2b: Armarouge|move: Psychic Terrain
|move|p1a: Frosmoth|Quiver Dance|p1a: Frosmoth
|-boost|p1a: Frosmoth|spa|1
|-boost|p1a: Frosmoth|spd|1
|-boost|p1a: Frosmoth|spe|1
|
|-weather|Snowscape|[upkeep]
|-heal|p1a: Frosmoth|96/100|[from] item: Leftovers
|upkeep
|turn|4
|
|t:|1757847530
|switch|p1b: Ursaluna|Ursaluna, L50, M|22/100 brn
|switch|p2a: Torkoal|Torkoal, L50, F|100/100
|-weather|SunnyDay|[from] ability: Drought|[of] p2a: Torkoal
|move|p1a: Frosmoth|Blizzard|p2b: Armarouge|[spread] 
|-miss|p1a: Frosmoth|p2a: Torkoal
|-miss|p1a: Frosmoth|p2b: Armarouge
|move|p2b: Armarouge|Trick Room|p2b: Armarouge
|-fieldstart|move: Trick Room|[of] p2b: Armarouge
|
|-weather|SunnyDay|[upkeep]
|-heal|p1a: Frosmoth|100/100|[from] item: Leftovers
|-damage|p1b: Ursaluna|16/100 brn|[from] brn
|upkeep
|turn|5
|
|t:|1757847554
|move|p1b: Ursaluna|Protect|p1b: Ursaluna
|-singleturn|p1b: Ursaluna|Protect
|move|p2a: Torkoal|Eruption|p1b: Ursaluna|[spread] p1a
|-activate|p1b: Ursaluna|move: Protect
|-resisted|p1a: Frosmoth
|-damage|p1a: Frosmoth|86/100
|move|p2b: Armarouge|Meteor Beam||[still]
|-prepare|p2b: Armarouge|Meteor Beam
|-boost|p2b: Armarouge|spa|1
|-enditem|p2b: Armarouge|Power Herb
|-anim|p2b: Armarouge|Meteor Beam|p1a: Frosmoth
|-damage|p1a: Frosmoth|64/100
|move|p1a: Frosmoth|Tera Blast|p2a: Torkoal|[anim] Tera Blast Water
|-supereffective|p2a: Torkoal
|-damage|p2a: Torkoal|6/100
|
|-weather|SunnyDay|[upkeep]
|-heal|p1a: Frosmoth|70/100|[from] item: Leftovers
|-damage|p1b: Ursaluna|10/100 brn|[from] brn
|upkeep
|turn|6
|
|t:|1757847588
|move|p2a: Torkoal|Heat Wave|p1a: Frosmoth|[spread] 
|-miss|p2a: Torkoal|p1a: Frosmoth
|-miss|p2a: Torkoal|p1b: Ursaluna
|move|p2b: Armarouge|Expanding Force|p1a: Frosmoth|[spread] p1a,p1b
|-damage|p1a: Frosmoth|39/100
|-damage|p1b: Ursaluna|0 fnt
|faint|p1b: Ursaluna
|move|p1a: Frosmoth|Tera Blast|p2b: Armarouge|[anim] Tera Blast Water
|-supereffective|p2b: Armarouge
|-crit|p2b: Armarouge
|-damage|p2b: Armarouge|0 fnt
|faint|p2b: Armarouge
|
|-weather|SunnyDay|[upkeep]
|-heal|p1a: Frosmoth|44/100|[from] item: Leftovers
|upkeep
|
|t:|1757847601
|switch|p2b: Indeedee|Indeedee-F, L50, F|100/100
|switch|p1b: Rillaboom|Rillaboom, L50, M|100/100
|-fieldstart|move: Grassy Terrain|[from] ability: Grassy Surge|[of] p1b: Rillaboom
|turn|7
|
|t:|1757847625
|move|p2a: Torkoal|Protect|p2a: Torkoal
|-singleturn|p2a: Torkoal|Protect
|move|p1b: Rillaboom|Fake Out|p2a: Torkoal
|-activate|p2a: Torkoal|move: Protect
|move|p2b: Indeedee|Psychic|p1a: Frosmoth
|-damage|p1a: Frosmoth|35/100
|move|p1a: Frosmoth|Blizzard|p2b: Indeedee|[spread] p2b
|-activate|p2a: Torkoal|move: Protect
|-damage|p2b: Indeedee|20/100
|
|-weather|SunnyDay|[upkeep]
|-heal|p2a: Torkoal|12/100|[from] Grassy Terrain
|-heal|p2b: Indeedee|26/100|[from] Grassy Terrain
|-heal|p1a: Frosmoth|40/100|[from] Grassy Terrain
|-heal|p1a: Frosmoth|46/100|[from] item: Leftovers
|upkeep
|turn|8
|
|t:|1757847677
|move|p1b: Rillaboom|Grassy Glide|p2a: Torkoal
|-resisted|p2a: Torkoal
|-damage|p2a: Torkoal|0 fnt
|faint|p2a: Torkoal
|move|p2b: Indeedee|Psychic|p1a: Frosmoth
|-damage|p1a: Frosmoth|37/100
|move|p1a: Frosmoth|Tera Blast|p2b: Indeedee|[anim] Tera Blast Water
|-crit|p2b: Indeedee
|-damage|p2b: Indeedee|0 fnt
|faint|p2b: Indeedee
|
|-weather|none
|-heal|p1a: Frosmoth|42/100|[from] Grassy Terrain
|-heal|p1a: Frosmoth|48/100|[from] item: Leftovers
|-fieldend|move: Trick Room
|upkeep
|
|t:|1757847687
|switch|p2a: Lilligant|Lilligant-Hisui, L50, F|100/100
|turn|9
|
|t:|1757847699
|move|p1a: Frosmoth|Protect|p1a: Frosmoth
|-singleturn|p1a: Frosmoth|Protect
|move|p2a: Lilligant|Solar Blade||[still]
|-prepare|p2a: Lilligant|Solar Blade
|move|p1b: Rillaboom|Wood Hammer|p2a: Lilligant
|-resisted|p2a: Lilligant
|-damage|p2a: Lilligant|40/100
|-damage|p1b: Rillaboom|86/100|[from] Recoil
|
|-heal|p1a: Frosmoth|54/100|[from] Grassy Terrain
|-heal|p1a: Frosmoth|60/100|[from] item: Leftovers
|-heal|p2a: Lilligant|46/100|[from] Grassy Terrain
|-heal|p1b: Rillaboom|92/100|[from] Grassy Terrain
|upkeep
|turn|10
|-message|pgoiko forfeited.
|
|win|MSAtlos
|l|☆pgoiko
|player|p2|
||MSAtlos is ready for game 2.
||pgoiko is ready for game 2.
|uhtml|next|Next: Game 2 of 3
