|j|☆TenkiBD
|j|☆hahadontcare
|html|TenkiBDhahadontcare    
|uhtml|bestof|Game 2 of a best-of-3
|t:|1785013061
|gametype|doubles
|player|p1|TenkiBD|lucas|1203
|player|p2|hahadontcare|unknown|1107
|gen|9
|tier|[Gen 9 Champions] VGC 2026 Reg M-B (Bo3)
|rated|
|rule|Species Clause: Limit one of each Pokémon
|rule|Item Clause: Limit 1 of each item
|clearpoke
|poke|p1|Charizard, L50, F|
|poke|p1|Floette-Eternal, L50, F|
|poke|p1|Garchomp, L50, F|
|poke|p1|Whimsicott, L50, M|
|poke|p1|Basculegion, L50, M|
|poke|p1|Kingambit, L50, F|
|poke|p2|Sinistcha, L50|
|poke|p2|Rotom-Wash, L50|
|poke|p2|Garchomp, L50, M|
|poke|p2|Incineroar, L50, M|
|poke|p2|Zoroark-Hisui, L50, M|
|poke|p2|Lucario, L50, F|
|teampreview|4
|showteam|p1|Charizard||CharizarditeY|Blaze|HeatWave,SolarBeam,WeatherBall,Protect|Modest||F|||50|]Floette-Eternal||Floettite|FlowerVeil|Moonblast,DazzlingGleam,LightofRuin,Protect|Modest||F|||50|]Garchomp||LifeOrb|RoughSkin|DragonClaw,Earthquake,Protect,RockSlide|Jolly||F|||50|]Whimsicott||FocusSash|Prankster|Moonblast,Tailwind,Encore,Protect|Timid||M|||50|]Basculegion||MysticWater|Adaptability|WaveCrash,LastRespects,AquaJet,Protect|Adamant||M|||50|]Kingambit||BlackGlasses|Defiant|KowtowCleave,Protect,SuckerPunch,IronHead|Adamant||F|||50|
|showteam|p2|Sinistcha||Leftovers|Hospitality|MatchaGotcha,RagePowder,StrengthSap,Protect|Sassy|||||50|]Rotom-Wash||SitrusBerry|Levitate|HydroPump,Thunderbolt,WillOWisp,Protect|Modest|||||50|]Garchomp||YacheBerry|RoughSkin|Earthquake,DragonClaw,RockSlide,Protect|Jolly||M|||50|]Incineroar||Charcoal|Intimidate|FlareBlitz,FakeOut,DarkestLariat,SunnyDay|Careful||M|||50|]Zoroark-Hisui||FocusSash|Illusion|Extrasensory,FocusBlast,Poltergeist,FakeTears|Serious||M|||50|]Lucario||Lucarionite|InnerFocus|NastyPlot,AuraSphere,FlashCannon,Protect|Timid||F|||50|
|inactive|Battle timer is ON: inactive players will automatically lose when time's up. (requested by TenkiBD)
|inactive|TenkiBD has 60 seconds left.
|
|t:|1785013111
|teamsize|p1|4
|teamsize|p2|4
|start
|switch|p1a: Whimsicott|Whimsicott, L50, M|100/100
|switch|p1b: Floette|Floette-Eternal, L50, F|100/100
|switch|p2a: Sinistcha|Sinistcha, L50|100/100
|switch|p2b: Poopario|Lucario, L50, F|100/100
|turn|1
|inactive|hahadontcare has 30 seconds left.
|inactive|hahadontcare has 20 seconds left.
|
|t:|1785013148
|detailschange|p2b: Poopario|Lucario-Mega, L50, F
|-mega|p2b: Poopario|Lucario|Lucarionite
|move|p1b: Floette|Protect|p1b: Floette
|-singleturn|p1b: Floette|Protect
|move|p2a: Sinistcha|Rage Powder|p2a: Sinistcha
|-singleturn|p2a: Sinistcha|move: Rage Powder
|move|p1a: Whimsicott|Moonblast|p2b: Poopario
|-damage|p2b: Poopario|42/100
|move|p2b: Poopario|Flash Cannon|p1b: Floette
|-activate|p1b: Floette|move: Protect
|
|upkeep
|turn|2
|
|t:|1785013165
|detailschange|p1b: Floette|Floette-Mega, L50, F
|-mega|p1b: Floette|Floette|Floettite
|-ability|p1b: Floette|Fairy Aura
|move|p2a: Sinistcha|Rage Powder|p2a: Sinistcha
|-singleturn|p2a: Sinistcha|move: Rage Powder
|move|p1a: Whimsicott|Tailwind|p1a: Whimsicott
|-sidestart|p1: TenkiBD|move: Tailwind
|move|p1b: Floette|Dazzling Gleam|p2a: Sinistcha|[spread] p2a,p2b
|-damage|p2a: Sinistcha|62/100
|-damage|p2b: Poopario|0 fnt
|faint|p2b: Poopario
|
|-heal|p2a: Sinistcha|69/100|[from] item: Leftovers
|upkeep
|
|t:|1785013181
|switch|p2b: Incineroar|Incineroar, L50, M|100/100
|turn|3
|
|t:|1785013199
|move|p1a: Whimsicott|Moonblast|p2b: Incineroar
|-damage|p2b: Incineroar|11/100
|replace|p2b: Zoroark|Zoroark-Hisui, L50, M
|-end|p2b: Zoroark|Illusion
|move|p1b: Floette|Dazzling Gleam|p2b: Zoroark|[spread] p2a,p2b
|-damage|p2a: Sinistcha|34/100
|-damage|p2b: Zoroark|0 fnt
|faint|p2b: Zoroark
|move|p2a: Sinistcha|Matcha Gotcha|p1a: Whimsicott|[spread] p1a,p1b
|-resisted|p1a: Whimsicott|1
|-damage|p1a: Whimsicott|81/100
|-heal|p2a: Sinistcha|42/100|[from] drain|[of] p1a: Whimsicott
|-damage|p1b: Floette|79/100
|-heal|p2a: Sinistcha|51/100|[from] drain|[of] p1b: Floette
|
|-heal|p2a: Sinistcha|57/100|[from] item: Leftovers
|upkeep
|
|t:|1785013224
|switch|p2b: Incineroar|Incineroar, L50, M|100/100
|-ability|p2b: Incineroar|Intimidate|boost
|-unboost|p1a: Whimsicott|atk|1
|-unboost|p1b: Floette|atk|1
|turn|4
|
|t:|1785013237
|move|p1a: Whimsicott|Protect|p1a: Whimsicott
|-singleturn|p1a: Whimsicott|Protect
|move|p2a: Sinistcha|Rage Powder|p2a: Sinistcha
|-singleturn|p2a: Sinistcha|move: Rage Powder
|move|p1b: Floette|Moonblast|p2a: Sinistcha
|-damage|p2a: Sinistcha|1/100
|move|p2b: Incineroar|Flare Blitz|p1a: Whimsicott
|-activate|p1a: Whimsicott|move: Protect
|
|-heal|p2a: Sinistcha|7/100|[from] item: Leftovers
|upkeep
|turn|5
|
|t:|1785013255
|move|p1a: Whimsicott|Moonblast|p2b: Incineroar
|-damage|p2b: Incineroar|61/100
|move|p1b: Floette|Dazzling Gleam|p2a: Sinistcha|[spread] p2a,p2b
|-damage|p2a: Sinistcha|0 fnt
|-damage|p2b: Incineroar|26/100
|faint|p2a: Sinistcha
|move|p2b: Incineroar|Flare Blitz|p1a: Whimsicott
|-supereffective|p1a: Whimsicott|1
|-damage|p1a: Whimsicott|0 fnt
|faint|p1a: Whimsicott
|-damage|p2b: Incineroar|8/100|[from] Recoil
|
|-sideend|p1: TenkiBD|move: Tailwind
|upkeep
|
|t:|1785013265
|switch|p1a: Basculegion|Basculegion, L50, M|100/100
|turn|6
|-message|hahadontcare forfeited.
|
|win|TenkiBD
|raw|TenkiBD's rating: 1203 → 1221(+18 for winning)
|raw|hahadontcare's rating: 1107 → 1089(-18 for losing)
|l|☆hahadontcare
|player|p2|
