|j|☆yunsen
|j|☆JP the president
|html|yunsenJP the president    
|uhtml|bestof|Game 2 of a best-of-3
|t:|1782316628
|gametype|doubles
|player|p1|yunsen|n|1125
|player|p2|JP the president|steven|1139
|gen|9
|tier|[Gen 9 Champions] VGC 2026 Reg M-B (Bo3)
|rated|
|rule|Species Clause: Limit one of each Pokémon
|rule|Item Clause: Limit 1 of each item
|clearpoke
|poke|p1|Raichu, L50, M|
|poke|p1|Whimsicott, L50, M|
|poke|p1|Basculegion, L50, M|
|poke|p1|Garchomp, L50, F|
|poke|p1|Floette-Eternal, L50, F|
|poke|p1|Gholdengo, L50|
|poke|p2|Staraptor, L50, M, shiny|
|poke|p2|Whimsicott, L50, F, shiny|
|poke|p2|Floette-Eternal, L50, F|
|poke|p2|Charizard, L50, M, shiny|
|poke|p2|Kingambit, L50, F|
|poke|p2|Rhyperior, L50, M|
|teampreview|4
|showteam|p1|Raichu||RaichuniteY|LightningRod|Protect,ZapCannon,FocusBlast,FakeOut|Modest||M|||50|]Whimsicott||FocusSash|Prankster|Protect,Moonblast,Tailwind,Encore|Timid||M|||50|]Basculegion||MysticWater|Adaptability|Protect,WaveCrash,LastRespects,AquaJet|Adamant||M|||50|]Garchomp||SitrusBerry|RoughSkin|RockSlide,StompingTantrum,DragonClaw,Protect|Jolly||F|||50|]Floette-Eternal||Floettite|FlowerVeil|Protect,Moonblast,DazzlingGleam,Psychic|Timid||F|||50|]Gholdengo||LifeOrb|GoodasGold|Protect,MakeItRain,NastyPlot,ShadowBall|Timid|||||50|
|showteam|p2|Staraptor||Staraptite|Intimidate|BraveBird,CloseCombat,Protect,BulkUp|Jolly||M|||50|]Whimsicott||FocusSash|Prankster|Charm,Protect,Tailwind,Moonblast|Bold||F|||50|]Floette-Eternal||Floettite|FlowerVeil|Protect,LightofRuin,DazzlingGleam,PollenPuff|Timid||F|||50|]Charizard||CharizarditeY|SolarPower|HeatWave,AncientPower,Protect,SolarBeam|Timid||M|||50|]Kingambit||BlackGlasses|Defiant|KowtowCleave,Protect,SuckerPunch,SwordsDance|Adamant||F|||50|]Rhyperior||LifeOrb|LightningRod|Earthquake,RockSlide,Protect,IcePunch|Adamant||M|||50|
|inactive|Battle timer is ON: inactive players will automatically lose when time's up. (requested by yunsen)
|inactive|JP the president has 60 seconds left.
|
|t:|1782316662
|teamsize|p1|4
|teamsize|p2|4
|start
|switch|p1a: Raichu|Raichu, L50, M|100/100
|switch|p1b: Gholdengo|Gholdengo, L50|100/100
|switch|p2a: Whimsicott|Whimsicott, L50, F, shiny|100/100
|switch|p2b: Charizard|Charizard, L50, M, shiny|100/100
|turn|1
|inactive|JP the president has 30 seconds left.
|
|t:|1782316689
|detailschange|p1a: Raichu|Raichu-Mega-Y, L50, M
|-mega|p1a: Raichu|Raichu|Raichunite Y
|move|p2b: Charizard|Protect|p2b: Charizard
|-singleturn|p2b: Charizard|Protect
|move|p1a: Raichu|Fake Out|p2b: Charizard
|-activate|p2b: Charizard|move: Protect
|move|p2a: Whimsicott|Tailwind|p2a: Whimsicott
|-sidestart|p2: JP the president|move: Tailwind
|move|p1b: Gholdengo|Nasty Plot|p1b: Gholdengo
|-boost|p1b: Gholdengo|spa|2
|
|upkeep
|turn|2
|inactive|JP the president has 30 seconds left.
|
|t:|1782316715
|detailschange|p2b: Charizard|Charizard-Mega-Y, L50, M, shiny
|-mega|p2b: Charizard|Charizard|Charizardite Y
|-weather|SunnyDay|[from] ability: Drought|[of] p2b: Charizard
|move|p1a: Raichu|Protect|p1a: Raichu
|-singleturn|p1a: Raichu|Protect
|move|p1b: Gholdengo|Protect|p1b: Gholdengo
|-singleturn|p1b: Gholdengo|Protect
|move|p2b: Charizard|Heat Wave|p1a: Raichu|[spread] 
|-activate|p1a: Raichu|move: Protect
|-activate|p1b: Gholdengo|move: Protect
|move|p2a: Whimsicott|Moonblast|p1a: Raichu
|-activate|p1a: Raichu|move: Protect
|
|-weather|SunnyDay|[upkeep]
|upkeep
|turn|3
|inactive|yunsen has 30 seconds left.
|inactive|JP the president has 30 seconds left.
|
|t:|1782316746
|switch|p1b: Basculegion|Basculegion, L50, M|100/100
|move|p2b: Charizard|Heat Wave|p1b: Basculegion|[spread] p1a,p1b
|-resisted|p1b: Basculegion|1
|-damage|p1a: Raichu|1/100
|-damage|p1b: Basculegion|65/100
|move|p2a: Whimsicott|Moonblast|p1a: Raichu
|-damage|p1a: Raichu|0 fnt
|faint|p1a: Raichu
|
|-weather|SunnyDay|[upkeep]
|upkeep
|
|t:|1782316755
|switch|p1a: Whimsicott|Whimsicott, L50, M|100/100
|turn|4
|
|t:|1782316776
|move|p1b: Basculegion|Protect|p1b: Basculegion
|-singleturn|p1b: Basculegion|Protect
|move|p2a: Whimsicott|Charm|p1b: Basculegion
|-activate|p1b: Basculegion|move: Protect
|move|p1a: Whimsicott|Tailwind|p1a: Whimsicott
|-sidestart|p1: yunsen|move: Tailwind
|move|p2b: Charizard|Heat Wave|p1a: Whimsicott|[spread] p1a
|-activate|p1b: Basculegion|move: Protect
|-supereffective|p1a: Whimsicott|1
|-enditem|p1a: Whimsicott|Focus Sash
|-damage|p1a: Whimsicott|1/100
|
|-weather|SunnyDay|[upkeep]
|-sideend|p2: JP the president|move: Tailwind
|upkeep
|turn|5
|inactive|yunsen has 30 seconds left.
|
|t:|1782316801
|move|p2a: Whimsicott|Tailwind|p2a: Whimsicott
|-sidestart|p2: JP the president|move: Tailwind
|move|p1a: Whimsicott|Moonblast|p2b: Charizard
|-resisted|p2b: Charizard|1
|-damage|p2b: Charizard|81/100
|move|p2b: Charizard|Solar Beam||[still]
|-prepare|p2b: Charizard|Solar Beam
|-anim|p2b: Charizard|Solar Beam|p1b: Basculegion
|-supereffective|p1b: Basculegion|1
|-damage|p1b: Basculegion|0 fnt
|faint|p1b: Basculegion
|
|-weather|SunnyDay|[upkeep]
|upkeep
|
|t:|1782316808
|switch|p1b: Gholdengo|Gholdengo, L50|100/100
|turn|6
|
|t:|1782316827
|move|p1a: Whimsicott|Encore|p2a: Whimsicott
|-start|p2a: Whimsicott|Encore
|move|p2a: Whimsicott|Tailwind||[still]
|-fail|p2a: Whimsicott
|move|p2b: Charizard|Heat Wave|p1a: Whimsicott|[spread] p1a,p1b
|-supereffective|p1a: Whimsicott|1
|-supereffective|p1b: Gholdengo|1
|-damage|p1a: Whimsicott|0 fnt
|-damage|p1b: Gholdengo|0 fnt
|faint|p1a: Whimsicott
|faint|p1b: Gholdengo
|
|win|JP the president
|raw|yunsen's rating: 1125 → 1101(-24 for losing)
|raw|JP the president's rating: 1139 → 1163(+24 for winning)
