|j|☆testprofile_elec
|j|☆XelaMaster
|html|testprofile_elecXelaMaster    
|uhtml|bestof|Game 1 of a best-of-3
|t:|1782323925
|gametype|doubles
|player|p1|testprofile_elec|ethan|1164
|player|p2|XelaMaster|volkner|1080
|gen|9
|tier|[Gen 9 Champions] VGC 2026 Reg M-B (Bo3)
|rated|
|rule|Species Clause: Limit one of each Pokémon
|rule|Item Clause: Limit 1 of each item
|clearpoke
|poke|p1|Tyranitar, L50, F|
|poke|p1|Farigiraf, L50, M|
|poke|p1|Garchomp, L50, F|
|poke|p1|Charizard, L50, M|
|poke|p1|Whimsicott, L50, F|
|poke|p1|Mawile, L50, M|
|poke|p2|Gardevoir, L50, F|
|poke|p2|Maushold-Four, L50|
|poke|p2|Basculegion, L50, M|
|poke|p2|Kingambit, L50, M|
|poke|p2|Talonflame, L50, F|
|poke|p2|Garchomp, L50, M|
|teampreview|4
|showteam|p1|Tyranitar||ChopleBerry|SandStream|Protect,KnockOff,RockSlide,Earthquake|Brave||F|||50|]Farigiraf||MentalHerb|ArmorTail|Psychic,HelpingHand,TrickRoom,Thunder|Relaxed||M|||50|]Garchomp||LifeOrb|SandVeil|Protect,Earthquake,DragonClaw,PoisonJab|Adamant||F|||50|]Charizard||CharizarditeY|SolarPower|HeatWave,Protect,WeatherBall,SolarBeam|Timid||M|||50|]Whimsicott||FocusSash|Prankster|Tailwind,Moonblast,Protect,Encore|Timid||F|||50|]Mawile||Mawilite|HyperCutter|Protect,PlayRough,IronHead,SuckerPunch|Sassy||M|||50|
|showteam|p2|Gardevoir||Gardevoirite|Telepathy|HyperVoice,Protect,Psyshock,TrickRoom|Modest||F|||50|]Maushold-Four||FocusSash|FriendGuard|FollowMe,Encore,SuperFang,Protect|Jolly|||||50|]Basculegion||SitrusBerry|Adaptability|AquaJet,LastRespects,WaveCrash,Protect|Adamant||M|||50|]Kingambit||ChopleBerry|Defiant|Protect,SuckerPunch,KowtowCleave,IronHead|Adamant||M|||50|]Talonflame|||GaleWings|Tailwind,WillOWisp,Acrobatics,Protect|Jolly||F|||50|]Garchomp||LifeOrb|RoughSkin|Earthquake,RockSlide,DragonClaw,Protect|Adamant||M|||50|
|inactive|Battle timer is ON: inactive players will automatically lose when time's up. (requested by XelaMaster)
|inactive|XelaMaster has 60 seconds left.
|inactive|testprofile_elec has 60 seconds left.
|
|t:|1782323983
|teamsize|p1|4
|teamsize|p2|4
|start
|switch|p1a: Farigiraf|Farigiraf, L50, M|100/100
|switch|p1b: Garchomp|Garchomp, L50, F|100/100
|switch|p2a: Garchomp|Garchomp, L50, M|100/100
|switch|p2b: Talonflame|Talonflame, L50, F|100/100
|turn|1
|
|t:|1782324007
|switch|p1b: Mawile|Mawile, L50, M|100/100
|move|p2b: Talonflame|Tailwind|p2b: Talonflame
|-sidestart|p2: XelaMaster|move: Tailwind
|move|p2a: Garchomp|Dragon Claw|p1b: Mawile
|-immune|p1b: Mawile
|move|p1a: Farigiraf|Trick Room|p1a: Farigiraf
|-fieldstart|move: Trick Room|[of] p1a: Farigiraf
|
|upkeep
|turn|2
|
|t:|1782324031
|detailschange|p1b: Mawile|Mawile-Mega, L50, M
|-mega|p1b: Mawile|Mawile|Mawilite
|move|p2a: Garchomp|Protect|p2a: Garchomp
|-singleturn|p2a: Garchomp|Protect
|move|p1b: Mawile|Play Rough|p2a: Garchomp
|-activate|p2a: Garchomp|move: Protect
|move|p1a: Farigiraf|Psychic|p2b: Talonflame
|-damage|p2b: Talonflame|46/100
|move|p2b: Talonflame|Will-O-Wisp|p1b: Mawile
|-status|p1b: Mawile|brn
|
|-damage|p1b: Mawile|94/100 brn|[from] brn
|upkeep
|turn|3
|inactive|XelaMaster has 30 seconds left.
|
|t:|1782324058
|move|p2b: Talonflame|Protect|p2b: Talonflame
|-singleturn|p2b: Talonflame|Protect
|move|p1b: Mawile|Play Rough|p2a: Garchomp
|-supereffective|p2a: Garchomp|1
|-damage|p2a: Garchomp|39/100
|-damage|p1b: Mawile|82/100 brn|[from] ability: Rough Skin|[of] p2a: Garchomp
|move|p1a: Farigiraf|Psychic|p2b: Talonflame
|-activate|p2b: Talonflame|move: Protect
|move|p2a: Garchomp|Earthquake|p1b: Mawile|[spread] p1a,p1b
|-activate|p2b: Talonflame|move: Protect
|-supereffective|p1b: Mawile|1
|-damage|p1a: Farigiraf|54/100
|-damage|p1b: Mawile|0 fnt
|faint|p1b: Mawile
|-damage|p2a: Garchomp|29/100|[from] item: Life Orb
|
|upkeep
|
|t:|1782324081
|switch|p1b: Tyranitar|Tyranitar, L50, F|100/100
|-weather|Sandstorm|[from] ability: Sand Stream|[of] p1b: Tyranitar
|turn|4
|
|t:|1782324097
|move|p2a: Garchomp|Protect|p2a: Garchomp
|-singleturn|p2a: Garchomp|Protect
|move|p1b: Tyranitar|Rock Slide|p2a: Garchomp|[spread] 
|-activate|p2a: Garchomp|move: Protect
|-miss|p1b: Tyranitar|p2b: Talonflame
|move|p1a: Farigiraf|Psychic|p2a: Garchomp
|-activate|p2a: Garchomp|move: Protect
|move|p2b: Talonflame|Will-O-Wisp|p1b: Tyranitar
|-status|p1b: Tyranitar|brn
|
|-weather|Sandstorm|[upkeep]
|-damage|p1a: Farigiraf|48/100|[from] Sandstorm
|-damage|p2b: Talonflame|40/100|[from] Sandstorm
|-damage|p1b: Tyranitar|94/100 brn|[from] brn
|-sideend|p2: XelaMaster|move: Tailwind
|upkeep
|turn|5
|inactive|XelaMaster has 30 seconds left.
|
|t:|1782324125
|switch|p2a: Maushold|Maushold-Four, L50|100/100
|move|p1a: Farigiraf|Helping Hand|p1b: Tyranitar
|-singleturn|p1b: Tyranitar|Helping Hand|[of] p1a: Farigiraf
|move|p2b: Talonflame|Protect|p2b: Talonflame
|-singleturn|p2b: Talonflame|Protect
|move|p1b: Tyranitar|Rock Slide|p2a: Maushold|[spread] p2a
|-activate|p2b: Talonflame|move: Protect
|-damage|p2a: Maushold|72/100
|
|-weather|Sandstorm|[upkeep]
|-damage|p1a: Farigiraf|42/100|[from] Sandstorm
|-damage|p2a: Maushold|66/100|[from] Sandstorm
|-damage|p2b: Talonflame|34/100|[from] Sandstorm
|-damage|p1b: Tyranitar|88/100 brn|[from] brn
|-fieldend|move: Trick Room
|upkeep
|turn|6
|
|t:|1782324147
|move|p2b: Talonflame|Acrobatics|p1a: Farigiraf
|-damage|p1a: Farigiraf|9/100
|move|p2a: Maushold|Super Fang|p1a: Farigiraf
|-damage|p1a: Farigiraf|4/100
|move|p1b: Tyranitar|Rock Slide|p2a: Maushold|[spread] p2a,p2b
|-supereffective|p2b: Talonflame|2
|-damage|p2a: Maushold|45/100
|-damage|p2b: Talonflame|0 fnt
|faint|p2b: Talonflame
|move|p1a: Farigiraf|Trick Room|p1a: Farigiraf
|-fieldstart|move: Trick Room|[of] p1a: Farigiraf
|
|-weather|Sandstorm|[upkeep]
|-damage|p1a: Farigiraf|0 fnt|[from] Sandstorm
|-damage|p2a: Maushold|39/100|[from] Sandstorm
|faint|p1a: Farigiraf
|-damage|p1b: Tyranitar|82/100 brn|[from] brn
|upkeep
|
|t:|1782324165
|switch|p1a: Garchomp|Garchomp, L50, F|100/100
|switch|p2b: Garchomp|Garchomp, L50, M|29/100
|turn|7
|
|t:|1782324185
|move|p1b: Tyranitar|Protect|p1b: Tyranitar
|-singleturn|p1b: Tyranitar|Protect
|move|p2a: Maushold|Follow Me|p2a: Maushold
|-singleturn|p2a: Maushold|move: Follow Me
|move|p2b: Garchomp|Earthquake|p1a: Garchomp|[spread] p2a,p1a
|-activate|p1b: Tyranitar|move: Protect
|-damage|p2a: Maushold|0 fnt
|-damage|p1a: Garchomp|39/100
|faint|p2a: Maushold
|-damage|p2b: Garchomp|19/100|[from] item: Life Orb
|move|p1a: Garchomp|Earthquake|p2b: Garchomp|[spread] p2b
|-activate|p1b: Tyranitar|move: Protect
|-damage|p2b: Garchomp|0 fnt
|faint|p2b: Garchomp
|-damage|p1a: Garchomp|30/100|[from] item: Life Orb
|
|-weather|Sandstorm|[upkeep]
|-damage|p1b: Tyranitar|76/100 brn|[from] brn
|upkeep
|
|t:|1782324195
|switch|p2b: Gardevoir|Gardevoir, L50, F|100/100
|turn|8
|
|t:|1782324212
|detailschange|p2b: Gardevoir|Gardevoir-Mega, L50, F
|-mega|p2b: Gardevoir|Gardevoir|Gardevoirite
|move|p1b: Tyranitar|Knock Off|p2b: Gardevoir
|-damage|p2b: Gardevoir|77/100
|move|p2b: Gardevoir|Hyper Voice|p1b: Tyranitar|[spread] p1a,p1b
|-supereffective|p1a: Garchomp|1
|-supereffective|p1b: Tyranitar|1
|-damage|p1a: Garchomp|0 fnt
|-damage|p1b: Tyranitar|9/100 brn
|faint|p1a: Garchomp
|
|-weather|none
|-damage|p1b: Tyranitar|3/100 brn|[from] brn
|upkeep
|turn|9
|
|t:|1782324228
|move|p1b: Tyranitar|Rock Slide|p2b: Gardevoir
|-damage|p2b: Gardevoir|49/100
|cant|p2b: Gardevoir|flinch
|
|-damage|p1b: Tyranitar|0 fnt|[from] brn
|faint|p1b: Tyranitar
|
|win|XelaMaster
||testprofile_elec is ready for game 2.
|inactive|XelaMaster has 30 seconds to confirm battle start!
