|j|☆AbadanRiyi92
|j|☆thebrickwall285
|html|AbadanRiyi92thebrickwall285    
|uhtml|bestof|Game 1 of a best-of-3
|t:|1785640017
|gametype|doubles
|player|p1|AbadanRiyi92|colress|1226
|player|p2|thebrickwall285|170|1096
|gen|9
|tier|[Gen 9 Champions] VGC 2026 Reg M-B (Bo3)
|rated|
|rule|Species Clause: Limit one of each Pokémon
|rule|Item Clause: Limit 1 of each item
|clearpoke
|poke|p1|Gengar, L50, F|
|poke|p1|Swampert, L50, M|
|poke|p1|Incineroar, L50, M|
|poke|p1|Politoed, L50, F|
|poke|p1|Archaludon, L50, F|
|poke|p1|Vivillon, L50, F|
|poke|p2|Scovillain, L50, M|
|poke|p2|Aerodactyl, L50, M|
|poke|p2|Sylveon, L50, F|
|poke|p2|Salazzle, L50, F|
|poke|p2|Meowstic, L50, M|
|poke|p2|Kingambit, L50, M|
|teampreview|4
|showteam|p1|Gengar||Gengarite|CursedBody|ShadowBall,PerishSong,SludgeBomb,Protect|Timid||F|||50|]Swampert||Swampertite|Torrent|WaveCrash,Earthquake,IcePunch,Protect|Adamant||M|||50|]Incineroar||PasshoBerry|Intimidate|ThroatChop,PartingShot,FakeOut,Protect|Sassy||M|||50|]Politoed||SitrusBerry|Drizzle|WeatherBall,PerishSong,Encore,Protect|Calm||F|||50|]Archaludon||Leftovers|Stamina|DragonPulse,FlashCannon,ElectroShot,Protect|Bold||F|||50|]Vivillon||FocusSash|CompoundEyes|Hurricane,SleepPowder,RagePowder,Protect|Timid||F|||50|
|showteam|p2|Scovillain||Scovillainite|Chlorophyll|Flamethrower,GigaDrain,RagePowder,LeechSeed|Modest||M|||50|]Aerodactyl||Aerodactylite|RockHead|DragonClaw,Tailwind,DualWingbeat,RockSlide|Jolly||M|||50|]Sylveon||SitrusBerry|Pixilate|CalmMind,Protect,HyperVoice,ShadowBall|Modest||F|||50|]Salazzle||ShellBell|Corrosion|FakeOut,Flamethrower,SludgeBomb,Toxic|Hasty||F|||50|]Meowstic||FocusSash|Prankster|FakeOut,TrickRoom,Psychic,SunnyDay|Sassy||M|||50|]Kingambit||Leftovers|Defiant|IronHead,LowKick,SuckerPunch,KowtowCleave|Adamant||M|||50|
|
|t:|1785640043
|teamsize|p1|4
|teamsize|p2|4
|start
|switch|p1a: Gengar|Gengar, L50, F|100/100
|switch|p1b: Incineroar|Incineroar, L50, M|100/100
|switch|p2a: Meowstic|Meowstic, L50, M|100/100
|switch|p2b: Scovillain|Scovillain, L50, M|100/100
|-ability|p1b: Incineroar|Intimidate|boost
|-unboost|p2a: Meowstic|atk|1
|-unboost|p2b: Scovillain|atk|1
|turn|1
|
|t:|1785640061
|detailschange|p1a: Gengar|Gengar-Mega, L50, F
|-mega|p1a: Gengar|Gengar|Gengarite
|detailschange|p2b: Scovillain|Scovillain-Mega, L50, M
|-mega|p2b: Scovillain|Scovillain|Scovillainite
|move|p1b: Incineroar|Fake Out|p2b: Scovillain
|-damage|p2b: Scovillain|87/100
|-immune|p1b: Incineroar
|move|p1a: Gengar|Perish Song|p1a: Gengar
|-start|p1a: Gengar|perish3|[silent]
|-start|p1b: Incineroar|perish3|[silent]
|-start|p2a: Meowstic|perish3|[silent]
|-start|p2b: Scovillain|perish3|[silent]
|-fieldactivate|move: Perish Song
|move|p2a: Meowstic|Psychic|p1a: Gengar
|-supereffective|p1a: Gengar|1
|-damage|p1a: Gengar|41/100
|cant|p2b: Scovillain|flinch
|
|-start|p1a: Gengar|perish3
|-start|p2a: Meowstic|perish3
|-start|p2b: Scovillain|perish3
|-start|p1b: Incineroar|perish3
|upkeep
|turn|2
|
|t:|1785640095
|move|p1a: Gengar|Protect|p1a: Gengar
|-singleturn|p1a: Gengar|Protect
|move|p2a: Meowstic|Psychic|p1a: Gengar
|-activate|p1a: Gengar|move: Protect
|move|p2b: Scovillain|Flamethrower|p1a: Gengar
|-activate|p1a: Gengar|move: Protect
|move|p1b: Incineroar|Parting Shot|p2b: Scovillain
|-unboost|p2b: Scovillain|atk|1
|-unboost|p2b: Scovillain|spa|1
|
|t:|1785640105
|switch|p1b: Vivillon|Vivillon, L50, F|100/100|[from] Parting Shot
|
|-start|p1a: Gengar|perish2
|-start|p2a: Meowstic|perish2
|-start|p2b: Scovillain|perish2
|upkeep
|turn|3
|
|t:|1785640127
|move|p1b: Vivillon|Rage Powder|p1b: Vivillon
|-singleturn|p1b: Vivillon|move: Rage Powder
|move|p1a: Gengar|Shadow Ball|p2a: Meowstic
|-supereffective|p2a: Meowstic|1
|-damage|p2a: Meowstic|20/100y
|move|p2a: Meowstic|Psychic|p1b: Vivillon
|-damage|p1b: Vivillon|51/100
|move|p2b: Scovillain|Flamethrower|p1a: Gengar
|-damage|p1a: Gengar|5/100
|
|-start|p1a: Gengar|perish1
|-start|p2a: Meowstic|perish1
|-start|p2b: Scovillain|perish1
|upkeep
|turn|4
|
|t:|1785640145
|switch|p1a: Incineroar|Incineroar, L50, M|100/100
|-ability|p1a: Incineroar|Intimidate|boost
|-unboost|p2a: Meowstic|atk|1
|-unboost|p2b: Scovillain|atk|1
|move|p1b: Vivillon|Protect|p1b: Vivillon
|-singleturn|p1b: Vivillon|Protect
|move|p2b: Scovillain|Flamethrower|p1b: Vivillon
|-activate|p1b: Vivillon|move: Protect
|move|p2a: Meowstic|Trick Room|p2a: Meowstic
|-fieldstart|move: Trick Room|[of] p2a: Meowstic
|
|-start|p2b: Scovillain|perish0
|-start|p2a: Meowstic|perish0
|faint|p2b: Scovillain
|faint|p2a: Meowstic
|upkeep
|
|t:|1785640152
|switch|p2b: Kingambit|Kingambit, L50, M|100/100
|switch|p2a: Sylveon|Sylveon, L50, F|100/100
|turn|5
|
|t:|1785640179
|move|p1a: Incineroar|Fake Out|p2a: Sylveon
|-damage|p2a: Sylveon|88/100
|move|p2b: Kingambit|Low Kick|p1a: Incineroar
|-supereffective|p1a: Incineroar|1
|-damage|p1a: Incineroar|46/100
|cant|p2a: Sylveon|flinch
|move|p1b: Vivillon|Sleep Powder|p2a: Sylveon
|-status|p2a: Sylveon|slp|[from] move: Sleep Powder
|
|upkeep
|turn|6
|
|t:|1785640197
|switch|p1a: Gengar|Gengar-Mega, L50, F|5/100
|move|p2b: Kingambit|Low Kick|p1a: Gengar
|-immune|p1a: Gengar
|cant|p2a: Sylveon|slp
|move|p1b: Vivillon|Sleep Powder|p2b: Kingambit
|-status|p2b: Kingambit|slp|[from] move: Sleep Powder
|
|upkeep
|turn|7
|
|t:|1785640210
|move|p1b: Vivillon|Rage Powder|p1b: Vivillon
|-singleturn|p1b: Vivillon|move: Rage Powder
|cant|p2b: Kingambit|slp
|cant|p2a: Sylveon|slp
|move|p1a: Gengar|Perish Song|p1a: Gengar
|-start|p1a: Gengar|perish3|[silent]
|-start|p1b: Vivillon|perish3|[silent]
|-start|p2a: Sylveon|perish3|[silent]
|-start|p2b: Kingambit|perish3|[silent]
|-fieldactivate|move: Perish Song
|
|-start|p2b: Kingambit|perish3
|-start|p2a: Sylveon|perish3
|-start|p1b: Vivillon|perish3
|-start|p1a: Gengar|perish3
|upkeep
|turn|8
|
|t:|1785640223
|move|p1b: Vivillon|Protect|p1b: Vivillon
|-singleturn|p1b: Vivillon|Protect
|move|p1a: Gengar|Protect|p1a: Gengar
|-singleturn|p1a: Gengar|Protect
|cant|p2b: Kingambit|slp
|-curestatus|p2a: Sylveon|slp|[msg]
|move|p2a: Sylveon|Hyper Voice|p1b: Vivillon|[spread] 
|-activate|p1a: Gengar|move: Protect
|-activate|p1b: Vivillon|move: Protect
|
|-start|p2b: Kingambit|perish2
|-start|p2a: Sylveon|perish2
|-start|p1b: Vivillon|perish2
|-start|p1a: Gengar|perish2
|-fieldend|move: Trick Room
|upkeep
|turn|9
|
|t:|1785640241
|switch|p1a: Archaludon|Archaludon, L50, F|100/100
|move|p1b: Vivillon|Sleep Powder|p2a: Sylveon
|-status|p2a: Sylveon|slp|[from] move: Sleep Powder
|cant|p2a: Sylveon|slp
|-curestatus|p2b: Kingambit|slp|[msg]
|move|p2b: Kingambit|Kowtow Cleave|p1b: Vivillon
|-damage|p1b: Vivillon|0 fnt
|faint|p1b: Vivillon
|
|-start|p2a: Sylveon|perish1
|-start|p2b: Kingambit|perish1
|upkeep
|
|t:|1785640254
|switch|p1b: Gengar|Gengar-Mega, L50, F|5/100
|turn|10
|
|t:|1785640259
|move|p1b: Gengar|Protect|p1b: Gengar
|-singleturn|p1b: Gengar|Protect
|move|p1a: Archaludon|Protect|p1a: Archaludon
|-singleturn|p1a: Archaludon|Protect
|cant|p2a: Sylveon|slp
|move|p2b: Kingambit|Low Kick|p1a: Archaludon
|-activate|p1a: Archaludon|move: Protect
|
|-start|p2a: Sylveon|perish0
|-start|p2b: Kingambit|perish0
|faint|p2a: Sylveon
|faint|p2b: Kingambit
|
|win|AbadanRiyi92
