|j|☆SapphireKat
|j|☆JuanGuerrero09
|html|SapphireKatJuanGuerrero09    
|uhtml|bestof|Game 3 of a best-of-3
|t:|1757001908
|gametype|doubles
|player|p1|SapphireKat|delinquentf-gen9|1088
|player|p2|JuanGuerrero09|1|1086
|gen|9
|tier|[Gen 9] VGC 2025 Reg H (Bo3)
|rated|
|rule|Species Clause: Limit one of each Pokémon
|rule|Item Clause: Limit 1 of each item
|clearpoke
|poke|p1|Basculegion, L50, M|
|poke|p1|Archaludon, L50, F|
|poke|p1|Pelipper, L50, F|
|poke|p1|Rillaboom, L50, M|
|poke|p1|Sneasler, L50, F|
|poke|p1|Gholdengo, L50|
|poke|p2|Sneasler, L50, M|
|poke|p2|Indeedee, L50, M|
|poke|p2|Whimsicott, L50, M|
|poke|p2|Ursaluna-Bloodmoon, L50, M|
|poke|p2|Archaludon, L50, M|
|poke|p2|Corviknight, L50, M|
|teampreview|4
|showteam|p1|Basculegion||ChoiceBand|SwiftSwim|LastRespects,WaveCrash,FlipTurn,PhantomForce|||M|||50|,,,,,Grass]Archaludon||AssaultVest|Stamina|BodyPress,DragonPulse,FlashCannon,ElectroShot|||F|||50|,,,,,Bug]Pelipper||FocusSash|Drizzle|WeatherBall,Hurricane,Protect,Tailwind|||F|||50|,,,,,Ghost]Rillaboom||MiracleSeed|GrassySurge|WoodHammer,GrassyGlide,HighHorsepower,KnockOff|||M|||50|,,,,,Fire]Sneasler||GrassySeed|Unburden|CloseCombat,DireClaw,Taunt,ThroatChop|||F|||50|,,,,,Stellar]Gholdengo||LifeOrb|GoodasGold|MakeItRain,NastyPlot,Protect,ShadowBall||||||50|,,,,,Flying
|showteam|p2|Sneasler||PsychicSeed|Unburden|Protect,DireClaw,CloseCombat,ThroatChop|||M|||50|,,,,,Dark]Indeedee||FocusSash|PsychicSurge|ExpandingForce,TeraBlast,TrickRoom,Imprison|||M|||50|,,,,,Psychic]Whimsicott||CovertCloak|Prankster|Tailwind,Taunt,FakeTears,Moonblast|||M|||50|,,,,,Water]Ursaluna-Bloodmoon||LifeOrb|MindsEye|Protect,BloodMoon,HyperVoice,EarthPower|||M|||50|,,,,,Normal]Archaludon||PowerHerb|Stalwart|Protect,ElectroShot,DragonPulse,Thunderbolt|||M|||50|,,,,,Electric]Corviknight||Leftovers|MirrorArmor|Roost,BulkUp,BraveBird,BodyPress|||M|||50|,,,,,Dragon
|
|t:|1757001932
|teamsize|p1|4
|teamsize|p2|4
|start
|switch|p1a: C. oblongus|Rillaboom, L50, M|100/100
|switch|p1b: T. chuna|Sneasler, L50, F|100/100
|switch|p2a: Whimsicott|Whimsicott, L50, M|100/100
|switch|p2b: Archaludon|Archaludon, L50, M|100/100
|-fieldstart|move: Grassy Terrain|[from] ability: Grassy Surge|[of] p1a: C. oblongus
|-enditem|p1b: T. chuna|Grassy Seed
|-boost|p1b: T. chuna|def|1|[from] item: Grassy Seed
|turn|1
|
|t:|1757001964
|move|p2b: Archaludon|Protect|p2b: Archaludon
|-singleturn|p2b: Archaludon|Protect
|move|p2a: Whimsicott|Tailwind|p2a: Whimsicott
|-sidestart|p2: JuanGuerrero09|move: Tailwind
|move|p1b: T. chuna|Dire Claw|p2a: Whimsicott
|-supereffective|p2a: Whimsicott
|-damage|p2a: Whimsicott|0 fnt
|faint|p2a: Whimsicott
|move|p1a: C. oblongus|Knock Off|p2b: Archaludon
|-activate|p2b: Archaludon|move: Protect
|
|upkeep
|
|t:|1757001986
|switch|p2a: Ursaluna|Ursaluna-Bloodmoon, L50, M|100/100
|turn|2
|
|t:|1757002015
|-terastallize|p2b: Archaludon|Electric
|move|p2a: Ursaluna|Protect|p2a: Ursaluna
|-singleturn|p2a: Ursaluna|Protect
|move|p1b: T. chuna|Close Combat|p2b: Archaludon
|-damage|p2b: Archaludon|40/100
|-unboost|p1b: T. chuna|def|1
|-unboost|p1b: T. chuna|spd|1
|move|p2b: Archaludon|Electro Shot||[still]
|-prepare|p2b: Archaludon|Electro Shot
|-boost|p2b: Archaludon|spa|1
|-enditem|p2b: Archaludon|Power Herb
|-anim|p2b: Archaludon|Electro Shot|p1b: T. chuna
|-damage|p1b: T. chuna|0 fnt
|faint|p1b: T. chuna
|move|p1a: C. oblongus|Wood Hammer|p2a: Ursaluna
|-activate|p2a: Ursaluna|move: Protect
|
|-heal|p2b: Archaludon|47/100|[from] Grassy Terrain
|upkeep
|
|t:|1757002041
|switch|p1b: B. splendens|Basculegion, L50, M, shiny|100/100
|turn|3
|
|t:|1757002079
|move|p2a: Ursaluna|Protect|p2a: Ursaluna
|-singleturn|p2a: Ursaluna|Protect
|move|p2b: Archaludon|Electro Shot||[still]
|-prepare|p2b: Archaludon|Electro Shot
|-boost|p2b: Archaludon|spa|1
|move|p1b: B. splendens|Wave Crash|p2b: Archaludon
|-damage|p2b: Archaludon|0 fnt
|faint|p2b: Archaludon
|-damage|p1b: B. splendens|88/100|[from] Recoil
|move|p1a: C. oblongus|Wood Hammer|p2a: Ursaluna
|-activate|p2a: Ursaluna|move: Protect
|
|-heal|p1b: B. splendens|94/100|[from] Grassy Terrain
|upkeep
|
|t:|1757002093
|switch|p2b: Sneasler|Sneasler, L50, M|100/100
|turn|4
|
|t:|1757002117
|switch|p1a: C. paleatus|Pelipper, L50, F|100/100
|-weather|RainDance|[from] ability: Drizzle|[of] p1a: C. paleatus
|move|p2b: Sneasler|Dire Claw|p1b: B. splendens
|-resisted|p1b: B. splendens
|-damage|p1b: B. splendens|65/100
|move|p1b: B. splendens|Wave Crash|p2b: Sneasler
|-damage|p2b: Sneasler|0 fnt
|faint|p2b: Sneasler
|-damage|p1b: B. splendens|38/100|[from] Recoil
|move|p2a: Ursaluna|Blood Moon|p1a: C. paleatus
|-enditem|p1a: C. paleatus|Focus Sash
|-damage|p1a: C. paleatus|1/100
|-damage|p2a: Ursaluna|91/100|[from] item: Life Orb
|
|-weather|RainDance|[upkeep]
|-heal|p1b: B. splendens|45/100|[from] Grassy Terrain
|-heal|p2a: Ursaluna|97/100|[from] Grassy Terrain
|-sideend|p2: JuanGuerrero09|move: Tailwind
|upkeep
|turn|5
|
|t:|1757002138
|move|p1b: B. splendens|Wave Crash|p2a: Ursaluna
|-supereffective|p2a: Ursaluna
|-damage|p2a: Ursaluna|0 fnt
|faint|p2a: Ursaluna
|-damage|p1b: B. splendens|14/100|[from] Recoil
|
|win|SapphireKat
|raw|SapphireKat's rating: 1088 → 1115(+27 for winning)
|raw|JuanGuerrero09's rating: 1086 → 1063(-23 for losing)
