|j|☆sig.kire
|j|☆viatles
|html|sig.kireviatles    
|uhtml|bestof|Game 2 of a best-of-3
|t:|1757794503
|gametype|doubles
|player|p1|sig.kire|sailor|1122
|player|p2|viatles|hiker|1070
|gen|9
|tier|[Gen 9] VGC 2025 Reg H (Bo3)
|rated|
|rule|Species Clause: Limit one of each Pokémon
|rule|Item Clause: Limit 1 of each item
|clearpoke
|poke|p1|Corviknight, L50, M|
|poke|p1|Garchomp, L50, M|
|poke|p1|Tyranitar, L50, M|
|poke|p1|Volcarona, L50, M|
|poke|p1|Indeedee, L50, M|
|poke|p1|Sneasler, L50, M|
|poke|p2|Scizor, L50, F|
|poke|p2|Talonflame, L50, F|
|poke|p2|Rillaboom, L50, F|
|poke|p2|Garchomp, L50, F|
|poke|p2|Kilowattrel, L50, F|
|poke|p2|Garganacl, L50, M|
|teampreview|4
|showteam|p1|Corviknight||SitrusBerry|MirrorArmor|BraveBird,BodyPress,BulkUp,Roost|||M|||50|,,,,,Fire]Garchomp||LifeOrb|RoughSkin|DragonClaw,StompingTantrum,Earthquake,Protect|||M|||50|,,,,,Ground]Tyranitar||AssaultVest|SandStream|RockSlide,KnockOff,TeraBlast,LowKick|||M|||50|,,,,,Flying]Volcarona||SafetyGoggles|FlameBody|Overheat,Protect,RagePowder,Tailwind|||M|||50|,,,,,Fairy]Indeedee||ChoiceScarf|PsychicSurge|ExpandingForce,HelpingHand,Trick,TrickRoom|||M|||50|,,,,,Psychic]Sneasler||PsychicSeed|Unburden|DireClaw,CloseCombat,ThroatChop,Protect|||M|||50|,,,,,Dark
|showteam|p2|Scizor||LifeOrb|Technician|BulletPunch,BugBite,DualWingbeat,Protect|||F|||50|,,,,,Fire]Talonflame||CovertCloak|GaleWings|DualWingbeat,Tailwind,Taunt,FlareBlitz|||F|||50|,,,,,Flying]Rillaboom||AssaultVest|GrassySurge|FakeOut,GrassyGlide,Uturn,WoodHammer|||F|||50|,,,,,Fairy]Garchomp||ClearAmulet|RoughSkin|IronHead,Earthquake,DragonClaw,Protect|||F|||50|,,,,,Steel]Kilowattrel||FocusSash|Competitive|Discharge,AirSlash,Tailwind,Protect|||F|||50|,,,,,Ghost]Garganacl||Leftovers|PurifyingSalt|SaltCure,Recover,Protect,RockSlide|||M|||50|,,,,,Grass
|inactive|Battle timer is ON: inactive players will automatically lose when time's up. (requested by viatles)
|
|t:|1757794532
|teamsize|p1|4
|teamsize|p2|4
|start
|switch|p1a: Indeedee|Indeedee, L50, M|100/100
|switch|p1b: Sneasler|Sneasler, L50, M|100/100
|switch|p2a: Scizor|Scizor, L50, F|100/100
|switch|p2b: Garganacl|Garganacl, L50, M|100/100
|-fieldstart|move: Psychic Terrain|[from] ability: Psychic Surge|[of] p1a: Indeedee
|-enditem|p1b: Sneasler|Psychic Seed
|-boost|p1b: Sneasler|spd|1|[from] item: Psychic Seed
|turn|1
|
|t:|1757794546
|switch|p2b: Rillaboom|Rillaboom, L50, F|100/100
|-fieldstart|move: Grassy Terrain|[from] ability: Grassy Surge|[of] p2b: Rillaboom
|move|p1b: Sneasler|Close Combat|p2a: Scizor
|-damage|p2a: Scizor|34/100
|-unboost|p1b: Sneasler|def|1
|-unboost|p1b: Sneasler|spd|1
|move|p1a: Indeedee|Expanding Force|p2a: Scizor
|-resisted|p2a: Scizor
|-damage|p2a: Scizor|12/100
|move|p2a: Scizor|Dual Wingbeat|p1b: Sneasler
|-supereffective|p1b: Sneasler
|-damage|p1b: Sneasler|0 fnt
|faint|p1b: Sneasler
|-hitcount|p1: Sneasler|1
|-damage|p2a: Scizor|3/100|[from] item: Life Orb
|
|-heal|p2a: Scizor|9/100|[from] Grassy Terrain
|upkeep
|
|t:|1757794552
|switch|p1b: Corviknight|Corviknight, L50, M|100/100
|turn|2
|
|t:|1757794575
|switch|p1a: Tyranitar|Tyranitar, L50, M|100/100
|-weather|Sandstorm|[from] ability: Sand Stream|[of] p1a: Tyranitar
|move|p2a: Scizor|Protect|p2a: Scizor
|-singleturn|p2a: Scizor|Protect
|move|p2b: Rillaboom|Wood Hammer|p1a: Tyranitar
|-supereffective|p1a: Tyranitar
|-damage|p1a: Tyranitar|0 fnt
|faint|p1a: Tyranitar
|-damage|p2b: Rillaboom|68/100|[from] Recoil
|move|p1b: Corviknight|Bulk Up|p1b: Corviknight
|-boost|p1b: Corviknight|atk|1
|-boost|p1b: Corviknight|def|1
|
|-weather|Sandstorm|[upkeep]
|-damage|p2b: Rillaboom|63/100|[from] Sandstorm
|-heal|p2b: Rillaboom|68/100|[from] Grassy Terrain
|-heal|p2a: Scizor|15/100|[from] Grassy Terrain
|upkeep
|
|t:|1757794581
|switch|p1a: Indeedee|Indeedee, L50, M|100/100
|-fieldstart|move: Psychic Terrain|[from] ability: Psychic Surge|[of] p1a: Indeedee
|turn|3
|
|t:|1757794604
|switch|p2a: Garchomp|Garchomp, L50, F|100/100
|move|p1a: Indeedee|Expanding Force|p2b: Rillaboom|[spread] p2a,p2b
|-damage|p2a: Garchomp|41/100
|-damage|p2b: Rillaboom|28/100
|move|p2b: Rillaboom|U-turn|p1a: Indeedee
|-supereffective|p1a: Indeedee
|-crit|p1a: Indeedee
|-damage|p1a: Indeedee|0 fnt
|faint|p1a: Indeedee
|
|t:|1757794615
|switch|p2b: Scizor|Scizor, L50, F|15/100|[from] U-turn
|move|p1b: Corviknight|Bulk Up|p1b: Corviknight
|-boost|p1b: Corviknight|atk|1
|-boost|p1b: Corviknight|def|1
|
|-weather|Sandstorm|[upkeep]
|upkeep
|turn|4
|
|t:|1757794629
|switch|p2b: Rillaboom|Rillaboom, L50, F|28/100
|-fieldstart|move: Grassy Terrain|[from] ability: Grassy Surge|[of] p2b: Rillaboom
|move|p2a: Garchomp|Iron Head|p1b: Corviknight
|-resisted|p1b: Corviknight
|-damage|p1b: Corviknight|94/100
|move|p1b: Corviknight|Body Press|p2b: Rillaboom
|-damage|p2b: Rillaboom|0 fnt
|faint|p2b: Rillaboom
|
|-weather|Sandstorm|[upkeep]
|-heal|p2a: Garchomp|47/100|[from] Grassy Terrain
|upkeep
|
|t:|1757794645
|switch|p2b: Scizor|Scizor, L50, F|15/100
|turn|5
|
|t:|1757794653
|move|p2a: Garchomp|Iron Head|p1b: Corviknight
|-resisted|p1b: Corviknight
|-damage|p1b: Corviknight|88/100
|move|p1b: Corviknight|Body Press|p2a: Garchomp
|-damage|p2a: Garchomp|8/100
|-damage|p1b: Corviknight|75/100|[from] ability: Rough Skin|[of] p2a: Garchomp
|move|p2b: Scizor|Bug Bite|p1b: Corviknight
|-resisted|p1b: Corviknight
|-damage|p1b: Corviknight|69/100
|-enditem|p1b: Corviknight|Sitrus Berry|[from] stealeat|[move] Bug Bite|[of] p2b: Scizor
|-heal|p2b: Scizor|40/100|[from] item: Sitrus Berry
|-damage|p2b: Scizor|31/100|[from] item: Life Orb
|
|-weather|Sandstorm|[upkeep]
|-heal|p2a: Garchomp|14/100|[from] Grassy Terrain
|-heal|p2b: Scizor|37/100|[from] Grassy Terrain
|upkeep
|turn|6
|inactive|viatles has 30 seconds left.
|
|t:|1757794683
|move|p2a: Garchomp|Protect|p2a: Garchomp
|-singleturn|p2a: Garchomp|Protect
|move|p1b: Corviknight|Bulk Up|p1b: Corviknight
|-boost|p1b: Corviknight|atk|1
|-boost|p1b: Corviknight|def|1
|move|p2b: Scizor|Bug Bite|p1b: Corviknight
|-resisted|p1b: Corviknight
|-damage|p1b: Corviknight|64/100
|-damage|p2b: Scizor|27/100|[from] item: Life Orb
|
|-weather|none
|-heal|p2a: Garchomp|20/100|[from] Grassy Terrain
|-heal|p2b: Scizor|33/100|[from] Grassy Terrain
|upkeep
|turn|7
|
|t:|1757794703
|move|p2a: Garchomp|Iron Head|p1b: Corviknight
|-resisted|p1b: Corviknight
|-damage|p1b: Corviknight|59/100
|move|p1b: Corviknight|Roost|p1b: Corviknight
|-heal|p1b: Corviknight|100/100
|-singleturn|p1b: Corviknight|move: Roost
|move|p2b: Scizor|Dual Wingbeat|p1b: Corviknight
|-resisted|p1b: Corviknight
|-damage|p1b: Corviknight|96/100
|-resisted|p1b: Corviknight
|-damage|p1b: Corviknight|91/100
|-hitcount|p1b: Corviknight|2
|-damage|p2b: Scizor|24/100|[from] item: Life Orb
|
|-heal|p2a: Garchomp|26/100|[from] Grassy Terrain
|-heal|p1b: Corviknight|97/100|[from] Grassy Terrain
|-heal|p2b: Scizor|30/100|[from] Grassy Terrain
|upkeep
|turn|8
|inactive|viatles has 30 seconds left.
|
|t:|1757794732
|move|p2a: Garchomp|Iron Head|p1b: Corviknight
|-resisted|p1b: Corviknight
|-damage|p1b: Corviknight|92/100
|cant|p1b: Corviknight|flinch
|move|p2b: Scizor|Bug Bite|p1b: Corviknight
|-resisted|p1b: Corviknight
|-damage|p1b: Corviknight|86/100
|-damage|p2b: Scizor|20/100|[from] item: Life Orb
|
|-heal|p2a: Garchomp|32/100|[from] Grassy Terrain
|-heal|p2b: Scizor|27/100|[from] Grassy Terrain
|-fieldend|move: Grassy Terrain
|upkeep
|turn|9
|
|t:|1757794751
|move|p2a: Garchomp|Iron Head|p1b: Corviknight
|-resisted|p1b: Corviknight
|-damage|p1b: Corviknight|81/100
|cant|p1b: Corviknight|flinch
|move|p2b: Scizor|Dual Wingbeat|p1b: Corviknight|[miss]
|-miss|p2b: Scizor|p1b: Corviknight
|
|upkeep
|turn|10
|
|t:|1757794764
|move|p2a: Garchomp|Protect|p2a: Garchomp
|-singleturn|p2a: Garchomp|Protect
|move|p1b: Corviknight|Body Press|p2a: Garchomp
|-activate|p2a: Garchomp|move: Protect
|move|p2b: Scizor|Dual Wingbeat|p1b: Corviknight
|-resisted|p1b: Corviknight
|-crit|p1b: Corviknight
|-damage|p1b: Corviknight|62/100
|-resisted|p1b: Corviknight
|-damage|p1b: Corviknight|57/100
|-hitcount|p1b: Corviknight|2
|-damage|p2b: Scizor|17/100|[from] item: Life Orb
|
|upkeep
|turn|11
|
|t:|1757794785
|move|p2a: Garchomp|Iron Head|p1b: Corviknight
|-resisted|p1b: Corviknight
|-damage|p1b: Corviknight|52/100
|move|p1b: Corviknight|Body Press|p2a: Garchomp
|-damage|p2a: Garchomp|0 fnt
|-damage|p1b: Corviknight|40/100|[from] ability: Rough Skin|[of] p2a: Garchomp
|faint|p2a: Garchomp
|move|p2b: Scizor|Bug Bite|p1b: Corviknight
|-resisted|p1b: Corviknight
|-damage|p1b: Corviknight|34/100
|-damage|p2b: Scizor|7/100|[from] item: Life Orb
|
|upkeep
|
|t:|1757794797
|switch|p2a: Garganacl|Garganacl, L50, M|100/100
|turn|12
|
|t:|1757794808
|-terastallize|p2a: Garganacl|Grass
|move|p2b: Scizor|Protect|p2b: Scizor
|-singleturn|p2b: Scizor|Protect
|move|p1b: Corviknight|Roost|p1b: Corviknight
|-heal|p1b: Corviknight|84/100
|-singleturn|p1b: Corviknight|move: Roost
|move|p2a: Garganacl|Salt Cure|p1b: Corviknight
|-resisted|p1b: Corviknight
|-damage|p1b: Corviknight|82/100
|-start|p1b: Corviknight|Salt Cure
|
|-damage|p1b: Corviknight|57/100|[from] Salt Cure
|upkeep
|turn|13
|
|t:|1757794828
|move|p2b: Scizor|Protect|p2b: Scizor
|-singleturn|p2b: Scizor|Protect
|move|p2a: Garganacl|Protect|p2a: Garganacl
|-singleturn|p2a: Garganacl|Protect
|move|p1b: Corviknight|Roost|p1b: Corviknight
|-heal|p1b: Corviknight|100/100
|-singleturn|p1b: Corviknight|move: Roost
|
|-damage|p1b: Corviknight|75/100|[from] Salt Cure
|upkeep
|turn|14
|
|t:|1757794843
|move|p1b: Corviknight|Brave Bird|p2a: Garganacl
|-supereffective|p2a: Garganacl
|-damage|p2a: Garganacl|0 fnt
|faint|p2a: Garganacl
|-damage|p1b: Corviknight|42/100|[from] Recoil
|move|p2b: Scizor|Dual Wingbeat|p1b: Corviknight
|-resisted|p1b: Corviknight
|-damage|p1b: Corviknight|38/100
|-resisted|p1b: Corviknight
|-damage|p1b: Corviknight|32/100
|-hitcount|p1b: Corviknight|2
|-damage|p2b: Scizor|0 fnt|[from] item: Life Orb
|faint|p2b: Scizor
|
|win|sig.kire
|raw|sig.kire's rating: 1122 → 1143(+21 for winning)
|raw|viatles's rating: 1070 → 1053(-17 for losing)
|c|☆viatles|gg
