|j|☆zrmbe
|j|☆Insuff1cient
|html|zrmbeInsuff1cient    
|uhtml|bestof|Game 2 of a best-of-3
|t:|1784872584
|gametype|doubles
|player|p1|zrmbe|pokemaniac|
|player|p2|Insuff1cient|170|
|gen|9
|tier|[Gen 9 Champions] VGC 2026 Reg M-B (Bo3)
|rule|Species Clause: Limit one of each Pokémon
|rule|Item Clause: Limit 1 of each item
|clearpoke
|poke|p1|Aegislash, L50, M|
|poke|p1|Rotom-Wash, L50|
|poke|p1|Scizor, L50, F|
|poke|p1|Noivern, L50, M|
|poke|p1|Arcanine, L50, M|
|poke|p1|Ceruledge, L50, F|
|poke|p2|Torkoal, L50, F|
|poke|p2|Venusaur, L50, F|
|poke|p2|Hydreigon, L50, M|
|poke|p2|Milotic, L50, M|
|poke|p2|Tinkaton, L50, F|
|poke|p2|Gliscor, L50, F|
|teampreview|4
|showteam|p1|Aegislash||SpellTag|StanceChange|Poltergeist,ShadowBall,ShadowSneak,KingsShield|Sassy||M|||50|]Rotom-Wash||SitrusBerry|Levitate|HydroPump,Thunderbolt,WillOWisp,VoltSwitch|Timid|||||50|]Scizor||Scizorite|Technician|BulletPunch,KnockOff,SwordsDance,Roost|Adamant||F|||50|]Noivern||FocusSash|Infiltrator|Tailwind,Taunt,DracoMeteor,Protect|Timid||M|||50|]Arcanine||Leftovers|Intimidate|FlareBlitz,Snarl,WillOWisp,Protect|Sassy||M|||50|]Ceruledge||LifeOrb|WeakArmor|SwordsDance,BitterBlade,ShadowSneak,CloseCombat|Jolly||F|||50|
|showteam|p2|Torkoal||Charcoal|Drought|Eruption,HeatWave,AncientPower,Protect|Quiet||F|||50|]Venusaur||LifeOrb|Chlorophyll|GigaDrain,SludgeBomb,SleepPowder,Protect|Modest||F|||50|]Hydreigon||ExpertBelt|Levitate|DarkPulse,DracoMeteor,HeatWave,Protect|Timid||M|||50|]Milotic||Leftovers|Competitive|Scald,IceBeam,Recover,Protect|Bold||M|||50|]Tinkaton||SitrusBerry|MoldBreaker|GigatonHammer,KnockOff,FakeOut,Protect|Jolly||F|||50|]Gliscor||YacheBerry|HyperCutter|Earthquake,DualWingbeat,Protect,SwordsDance|Serious||F|||50|
|
|t:|1784872630
|teamsize|p1|4
|teamsize|p2|4
|start
|switch|p1a: Rotom|Rotom-Wash, L50|100/100
|switch|p1b: Arcanine|Arcanine, L50, M|100/100
|switch|p2a: Torkoal|Torkoal, L50, F|100/100
|switch|p2b: Venusaur|Venusaur, L50, F|100/100
|-ability|p1b: Arcanine|Intimidate|boost
|-unboost|p2a: Torkoal|atk|1
|-unboost|p2b: Venusaur|atk|1
|-weather|SunnyDay|[from] ability: Drought|[of] p2a: Torkoal
|turn|1
|
|t:|1784872680
|move|p2a: Torkoal|Protect|p2a: Torkoal
|-singleturn|p2a: Torkoal|Protect
|move|p2b: Venusaur|Giga Drain|p1a: Rotom
|-supereffective|p1a: Rotom|1
|-damage|p1a: Rotom|0 fnt
|faint|p1a: Rotom
|-damage|p2b: Venusaur|90/100|[from] item: Life Orb
|move|p1b: Arcanine|Snarl|p2a: Torkoal|[spread] p2b
|-activate|p2a: Torkoal|move: Protect
|-damage|p2b: Venusaur|79/100
|-unboost|p2b: Venusaur|spa|1
|
|-weather|SunnyDay|[upkeep]
|upkeep
|
|t:|1784872708
|switch|p1a: Ceruledge|Ceruledge, L50, F|100/100
|turn|2
|
|t:|1784872730
|switch|p2b: Gliscor|Gliscor, L50, F|100/100
|move|p1b: Arcanine|Protect|p1b: Arcanine
|-singleturn|p1b: Arcanine|Protect
|move|p1a: Ceruledge|Bitter Blade|p2b: Gliscor
|-damage|p2b: Gliscor|31/100
|-damage|p1a: Ceruledge|90/100|[from] item: Life Orb
|move|p2a: Torkoal|Ancient Power|p1b: Arcanine
|-activate|p1b: Arcanine|move: Protect
|
|-weather|SunnyDay|[upkeep]
|upkeep
|turn|3
|
|t:|1784872766
|move|p2b: Gliscor|Protect|p2b: Gliscor
|-singleturn|p2b: Gliscor|Protect
|move|p1a: Ceruledge|Swords Dance|p1a: Ceruledge
|-boost|p1a: Ceruledge|atk|2
|move|p1b: Arcanine|Snarl|p2b: Gliscor|[spread] p2a
|-activate|p2b: Gliscor|move: Protect
|-damage|p2a: Torkoal|88/100
|-unboost|p2a: Torkoal|spa|1
|move|p2a: Torkoal|Ancient Power|p1b: Arcanine
|-supereffective|p1b: Arcanine|1
|-damage|p1b: Arcanine|81/100
|
|-weather|SunnyDay|[upkeep]
|-heal|p1b: Arcanine|87/100|[from] item: Leftovers
|upkeep
|turn|4
|
|t:|1784872792
|switch|p2a: Hydreigon|Hydreigon, L50, M|100/100
|move|p1b: Arcanine|Protect|p1b: Arcanine
|-singleturn|p1b: Arcanine|Protect
|move|p1a: Ceruledge|Bitter Blade|p2b: Gliscor
|-damage|p2b: Gliscor|0 fnt
|-heal|p1a: Ceruledge|100/100|[from] drain|[of] p2b: Gliscor
|faint|p2b: Gliscor
|-damage|p1a: Ceruledge|90/100|[from] item: Life Orb
|
|-weather|SunnyDay|[upkeep]
|-heal|p1b: Arcanine|93/100|[from] item: Leftovers
|upkeep
|
|t:|1784872831
|switch|p2b: Torkoal|Torkoal, L50, F|88/100
|turn|5
|
|t:|1784872853
|move|p2a: Hydreigon|Dark Pulse|p1a: Ceruledge
|-supereffective|p1a: Ceruledge|1
|-damage|p1a: Ceruledge|0 fnt
|faint|p1a: Ceruledge
|move|p1b: Arcanine|Snarl|p2b: Torkoal|[spread] p2a,p2b
|-resisted|p2a: Hydreigon|1
|-damage|p2a: Hydreigon|94/100
|-damage|p2b: Torkoal|75/100
|-unboost|p2a: Hydreigon|spa|1
|-unboost|p2b: Torkoal|spa|1
|move|p2b: Torkoal|Ancient Power|p1b: Arcanine
|-supereffective|p1b: Arcanine|1
|-damage|p1b: Arcanine|73/100
|
|-weather|none
|-heal|p1b: Arcanine|79/100|[from] item: Leftovers
|upkeep
|
|t:|1784872865
|switch|p1a: Scizor|Scizor, L50, F|100/100
|turn|6
|
|t:|1784872927
|switch|p2b: Venusaur|Venusaur, L50, F|79/100
|detailschange|p1a: Scizor|Scizor-Mega, L50, F
|-mega|p1a: Scizor|Scizor|Scizorite
|move|p1a: Scizor|Bullet Punch|p2b: Venusaur
|-damage|p2b: Venusaur|27/100
|move|p2a: Hydreigon|Heat Wave|p1b: Arcanine|[spread] p1a,p1b
|-supereffective|p1a: Scizor|2
|-resisted|p1b: Arcanine|1
|-damage|p1a: Scizor|26/100
|-damage|p1b: Arcanine|73/100
|move|p1b: Arcanine|Flare Blitz|p2a: Hydreigon
|-resisted|p2a: Hydreigon|1
|-damage|p2a: Hydreigon|70/100
|-damage|p1b: Arcanine|66/100|[from] Recoil
|
|-heal|p1b: Arcanine|72/100|[from] item: Leftovers
|upkeep
|turn|7
|
|t:|1784872975
|move|p2b: Venusaur|Protect|p2b: Venusaur
|-singleturn|p2b: Venusaur|Protect
|move|p1a: Scizor|Bullet Punch|p2a: Hydreigon
|-damage|p2a: Hydreigon|24/100
|move|p2a: Hydreigon|Heat Wave|p1b: Arcanine|[spread] p1a,p1b
|-supereffective|p1a: Scizor|2
|-resisted|p1b: Arcanine|1
|-damage|p1a: Scizor|0 fnt
|-damage|p1b: Arcanine|67/100
|faint|p1a: Scizor
|move|p1b: Arcanine|Flare Blitz|p2b: Venusaur
|-activate|p2b: Venusaur|move: Protect
|
|-heal|p1b: Arcanine|73/100|[from] item: Leftovers
|upkeep
|turn|8
|
|t:|1784872993
|switch|p2a: Torkoal|Torkoal, L50, F|75/100
|-weather|SunnyDay|[from] ability: Drought|[of] p2a: Torkoal
|move|p2b: Venusaur|Sleep Powder|p1b: Arcanine
|-status|p1b: Arcanine|slp|[from] move: Sleep Powder
|cant|p1b: Arcanine|slp
|
|-weather|SunnyDay|[upkeep]
|-heal|p1b: Arcanine|79/100 slp|[from] item: Leftovers
|upkeep
|turn|9
|
|t:|1784873033
|cant|p1b: Arcanine|slp
|move|p2b: Venusaur|Sludge Bomb|p1b: Arcanine
|-damage|p1b: Arcanine|33/100 slp
|-damage|p2b: Venusaur|17/100|[from] item: Life Orb
|move|p2a: Torkoal|Ancient Power|p1b: Arcanine
|-supereffective|p1b: Arcanine|1
|-crit|p1b: Arcanine
|-damage|p1b: Arcanine|0 fnt
|faint|p1b: Arcanine
|
|win|Insuff1cient
