|j|☆Shiboha
|j|☆nyakugan
|html|Shibohanyakugan    
|uhtml|bestof|Game 3 of a best-of-3
|t:|1756664168
|gametype|doubles
|player|p1|Shiboha|steven|
|player|p2|nyakugan|psychic|
|gen|9
|tier|[Gen 9] VGC 2025 Reg H (Bo3)
|rule|Species Clause: Limit one of each Pokémon
|rule|Item Clause: Limit 1 of each item
|clearpoke
|poke|p1|Gholdengo, L50|
|poke|p1|Incineroar, L50, M|
|poke|p1|Garchomp, L50, F|
|poke|p1|Dondozo, L50, F|
|poke|p1|Tatsugiri, L50, F|
|poke|p1|Ninetales-Alola, L50, F|
|poke|p2|Dragapult, L50, M|
|poke|p2|Sneasler, L50, M|
|poke|p2|Volcarona, L50, F|
|poke|p2|Incineroar, L50, M|
|poke|p2|Rillaboom, L50, M|
|poke|p2|Kingambit, L50, M|
|teampreview|4
|showteam|p1|Gholdengo||MetalCoat|GoodasGold|MakeItRain,ShadowBall,NastyPlot,Protect||||||50|,,,,,Steel]Incineroar||RockyHelmet|Intimidate|FakeOut,FlareBlitz,KnockOff,PartingShot|||M|||50|,,,,,Grass]Garchomp||LifeOrb|RoughSkin|Earthquake,StompingTantrum,Outrage,Protect|||F|||50|,,,,,Fire]Dondozo||Leftovers|Unaware|WaveCrash,Earthquake,Yawn,Protect|||F|||50|,,,,,Grass]Tatsugiri||FocusSash|Commander|MuddyWater,DracoMeteor,IcyWind,Protect|||F|||50|,,,,,Steel]Ninetales-Alola||CovertCloak|SnowWarning|Blizzard,Moonblast,AuroraVeil,Encore|||F|||50|,,,,,Water
|showteam|p2|Dragapult||ChoiceBand|ClearBody|DragonDarts,Outrage,PhantomForce,Uturn|||M|||50|,,,,,Dragon]Sneasler||FocusSash|Unburden|CloseCombat,DireClaw,Coaching,Protect|||M|||50|,,,,,Stellar]Volcarona||GrassySeed|FlameBody|FieryDance,TeraBlast,QuiverDance,Protect|||F|||50|,,,,,Fairy]Incineroar||SafetyGoggles|Intimidate|KnockOff,FakeOut,Taunt,PartingShot|||M|||50|,,,,,Ghost]Rillaboom||AssaultVest|GrassySurge|WoodHammer,GrassyGlide,Uturn,FakeOut|||M|||50|,,,,,Fire]Kingambit||BlackGlasses|Defiant|KowtowCleave,SuckerPunch,SwordsDance,Protect|||M|||50|,,,,,Dark
|j| KrsCrossAppleSauce
|
|t:|1756664242
|teamsize|p1|4
|teamsize|p2|4
|start
|switch|p1a: Tatsugiri|Tatsugiri, L50, F|100/100
|switch|p1b: Ninetales|Ninetales-Alola, L50, F|100/100
|switch|p2a: Rillaboom|Rillaboom, L50, M, shiny|100/100
|switch|p2b: Volcarona|Volcarona, L50, F, shiny|100/100
|-weather|Snowscape|[from] ability: Snow Warning|[of] p1b: Ninetales
|-fieldstart|move: Grassy Terrain|[from] ability: Grassy Surge|[of] p2a: Rillaboom
|-enditem|p2b: Volcarona|Grassy Seed
|-boost|p2b: Volcarona|def|1|[from] item: Grassy Seed
|turn|1
|
|t:|1756664290
|move|p2a: Rillaboom|Fake Out|p1a: Tatsugiri
|-damage|p1a: Tatsugiri|75/100
|move|p1b: Ninetales|Aurora Veil|p1b: Ninetales
|-sidestart|p1: Shiboha|move: Aurora Veil
|cant|p1a: Tatsugiri|flinch
|move|p2b: Volcarona|Quiver Dance|p2b: Volcarona
|-boost|p2b: Volcarona|spa|1
|-boost|p2b: Volcarona|spd|1
|-boost|p2b: Volcarona|spe|1
|
|-weather|Snowscape|[upkeep]
|-heal|p1a: Tatsugiri|81/100|[from] Grassy Terrain
|upkeep
|turn|2
|
|t:|1756664329
|-terastallize|p2b: Volcarona|Fairy
|move|p2a: Rillaboom|Grassy Glide|p1a: Tatsugiri
|-damage|p1a: Tatsugiri|39/100
|move|p2b: Volcarona|Fiery Dance|p1b: Ninetales
|-supereffective|p1b: Ninetales
|-damage|p1b: Ninetales|16/100
|move|p1b: Ninetales|Blizzard|p2b: Volcarona|[spread] p2a,p2b
|-supereffective|p2a: Rillaboom
|-damage|p2a: Rillaboom|59/100
|-damage|p2b: Volcarona|86/100
|move|p1a: Tatsugiri|Muddy Water|p2a: Rillaboom|[spread] p2a,p2b
|-resisted|p2a: Rillaboom
|-damage|p2a: Rillaboom|45/100
|-damage|p2b: Volcarona|67/100
|-unboost|p2a: Rillaboom|accuracy|1
|
|-weather|Snowscape|[upkeep]
|-heal|p2b: Volcarona|73/100|[from] Grassy Terrain
|-heal|p1b: Ninetales|23/100|[from] Grassy Terrain
|-heal|p1a: Tatsugiri|45/100|[from] Grassy Terrain
|-heal|p2a: Rillaboom|52/100|[from] Grassy Terrain
|upkeep
|turn|3
|
|t:|1756664375
|switch|p1b: Dondozo|Dondozo, L50, F|100/100
|-activate|p1a: Tatsugiri|ability: Commander|[of] p1b: Dondozo
|-boost|p1b: Dondozo|atk|2
|-boost|p1b: Dondozo|spa|2
|-boost|p1b: Dondozo|spe|2
|-boost|p1b: Dondozo|def|2
|-boost|p1b: Dondozo|spd|2
|move|p2b: Volcarona|Tera Blast|p1b: Dondozo|[anim] Tera Blast Fairy
|-damage|p1b: Dondozo|85/100
|move|p2a: Rillaboom|Wood Hammer|p1a: Tatsugiri|[miss]
|-miss|p2a: Rillaboom|p1a: Tatsugiri
|
|-weather|Snowscape|[upkeep]
|-heal|p2b: Volcarona|80/100|[from] Grassy Terrain
|-heal|p1b: Dondozo|92/100|[from] Grassy Terrain
|-heal|p1b: Dondozo|98/100|[from] item: Leftovers
|-heal|p1a: Tatsugiri|51/100|[from] Grassy Terrain
|-heal|p2a: Rillaboom|58/100|[from] Grassy Terrain
|upkeep
|turn|4
|
|t:|1756664403
|move|p2b: Volcarona|Protect|p2b: Volcarona
|-singleturn|p2b: Volcarona|Protect
|move|p1b: Dondozo|Earthquake|p2b: Volcarona|[spread] p2a
|-miss|p1b: Dondozo|p1a: Tatsugiri
|-activate|p2b: Volcarona|move: Protect
|-resisted|p2a: Rillaboom
|-damage|p2a: Rillaboom|46/100
|move|p2a: Rillaboom|U-turn|p1b: Dondozo
|-damage|p1b: Dondozo|92/100
|
|t:|1756664411
|switch|p2a: Incineroar|Incineroar, L50, M, shiny|100/100|[from] U-turn
|-ability|p2a: Incineroar|Intimidate|boost
|-unboost|p1a: Tatsugiri|atk|1
|-unboost|p1b: Dondozo|atk|1
|
|-weather|Snowscape|[upkeep]
|-heal|p2b: Volcarona|86/100|[from] Grassy Terrain
|-heal|p1b: Dondozo|98/100|[from] Grassy Terrain
|-heal|p1b: Dondozo|100/100|[from] item: Leftovers
|-heal|p1a: Tatsugiri|57/100|[from] Grassy Terrain
|upkeep
|turn|5
|c|☆Shiboha|auf ein weiteres snoozefest
|
|t:|1756664442
|move|p2a: Incineroar|Fake Out|p1b: Dondozo
|-damage|p1b: Dondozo|98/100
|move|p2b: Volcarona|Tera Blast|p1b: Dondozo|[anim] Tera Blast Fairy
|-damage|p1b: Dondozo|83/100
|cant|p1b: Dondozo|flinch
|
|-weather|none
|-heal|p2b: Volcarona|92/100|[from] Grassy Terrain
|-heal|p1b: Dondozo|90/100|[from] Grassy Terrain
|-heal|p1b: Dondozo|96/100|[from] item: Leftovers
|-heal|p1a: Tatsugiri|64/100|[from] Grassy Terrain
|-sideend|p1: Shiboha|move: Aurora Veil
|-fieldend|move: Grassy Terrain
|upkeep
|turn|6
|
|t:|1756664465
|switch|p2a: Rillaboom|Rillaboom, L50, M, shiny|46/100
|-fieldstart|move: Grassy Terrain|[from] ability: Grassy Surge|[of] p2a: Rillaboom
|move|p2b: Volcarona|Protect|p2b: Volcarona
|-singleturn|p2b: Volcarona|Protect
|move|p1b: Dondozo|Wave Crash|p2a: Rillaboom
|-resisted|p2a: Rillaboom
|-damage|p2a: Rillaboom|6/100
|-damage|p1b: Dondozo|85/100|[from] Recoil
|
|-heal|p2b: Volcarona|98/100|[from] Grassy Terrain
|-heal|p1b: Dondozo|91/100|[from] Grassy Terrain
|-heal|p1b: Dondozo|98/100|[from] item: Leftovers
|-heal|p1a: Tatsugiri|70/100|[from] Grassy Terrain
|-heal|p2a: Rillaboom|12/100|[from] Grassy Terrain
|upkeep
|turn|7
|
|t:|1756664490
|move|p2a: Rillaboom|Fake Out|p1b: Dondozo
|-damage|p1b: Dondozo|93/100
|move|p2b: Volcarona|Quiver Dance|p2b: Volcarona
|-boost|p2b: Volcarona|spa|1
|-boost|p2b: Volcarona|spd|1
|-boost|p2b: Volcarona|spe|1
|cant|p1b: Dondozo|flinch
|
|-heal|p2b: Volcarona|100/100|[from] Grassy Terrain
|-heal|p1b: Dondozo|99/100|[from] Grassy Terrain
|-heal|p1b: Dondozo|100/100|[from] item: Leftovers
|-heal|p1a: Tatsugiri|76/100|[from] Grassy Terrain
|-heal|p2a: Rillaboom|19/100|[from] Grassy Terrain
|upkeep
|turn|8
|
|t:|1756664563
|switch|p2a: Incineroar|Incineroar, L50, M, shiny|100/100
|-ability|p2a: Incineroar|Intimidate|boost
|-unboost|p1a: Tatsugiri|atk|1
|-unboost|p1b: Dondozo|atk|1
|move|p2b: Volcarona|Tera Blast|p1b: Dondozo|[anim] Tera Blast Fairy
|-damage|p1b: Dondozo|78/100
|move|p1b: Dondozo|Wave Crash|p2a: Incineroar
|-supereffective|p2a: Incineroar
|-damage|p2a: Incineroar|0 fnt
|faint|p2a: Incineroar
|-damage|p1b: Dondozo|52/100|[from] Recoil
|
|-heal|p1b: Dondozo|58/100|[from] Grassy Terrain
|-heal|p1b: Dondozo|64/100|[from] item: Leftovers
|-heal|p1a: Tatsugiri|82/100|[from] Grassy Terrain
|upkeep
|
|t:|1756664588
|switch|p2a: Rillaboom|Rillaboom, L50, M, shiny|19/100
|turn|9
|
|t:|1756664599
|move|p2a: Rillaboom|Fake Out|p1b: Dondozo
|-damage|p1b: Dondozo|60/100
|move|p2b: Volcarona|Tera Blast|p1b: Dondozo|[anim] Tera Blast Fairy
|-damage|p1b: Dondozo|38/100
|cant|p1b: Dondozo|flinch
|
|-heal|p1b: Dondozo|44/100|[from] Grassy Terrain
|-heal|p1b: Dondozo|50/100|[from] item: Leftovers
|-heal|p1a: Tatsugiri|89/100|[from] Grassy Terrain
|-heal|p2a: Rillaboom|25/100|[from] Grassy Terrain
|upkeep
|turn|10
|
|t:|1756664648
|move|p1b: Dondozo|Protect|p1b: Dondozo
|-singleturn|p1b: Dondozo|Protect
|move|p2a: Rillaboom|Grassy Glide|p1b: Dondozo
|-activate|p1b: Dondozo|move: Protect
|move|p2b: Volcarona|Tera Blast|p1b: Dondozo|[anim] Tera Blast Fairy
|-activate|p1b: Dondozo|move: Protect
|
|-heal|p1b: Dondozo|57/100|[from] Grassy Terrain
|-heal|p1b: Dondozo|63/100|[from] item: Leftovers
|-heal|p1a: Tatsugiri|95/100|[from] Grassy Terrain
|-heal|p2a: Rillaboom|31/100|[from] Grassy Terrain
|-fieldend|move: Grassy Terrain
|upkeep
|turn|11
|
|t:|1756664696
|move|p2b: Volcarona|Fiery Dance|p1b: Dondozo
|-resisted|p1b: Dondozo
|-damage|p1b: Dondozo|53/100
|-boost|p2b: Volcarona|spa|1
|move|p1b: Dondozo|Wave Crash|p2a: Rillaboom
|-resisted|p2a: Rillaboom
|-damage|p2a: Rillaboom|6/100
|-damage|p1b: Dondozo|46/100|[from] Recoil
|move|p2a: Rillaboom|Wood Hammer|p1b: Dondozo
|-supereffective|p1b: Dondozo
|-damage|p1b: Dondozo|3/100
|-damage|p2a: Rillaboom|0 fnt|[from] Recoil
|faint|p2a: Rillaboom
|
|-heal|p1b: Dondozo|9/100|[from] item: Leftovers
|upkeep
|
|t:|1756664712
|switch|p2a: Sneasler|Sneasler, L50, M, shiny|100/100
|turn|12
|
|t:|1756664723
|move|p1b: Dondozo|Protect|p1b: Dondozo
|-singleturn|p1b: Dondozo|Protect
|move|p2b: Volcarona|Tera Blast|p1b: Dondozo|[anim] Tera Blast Fairy
|-activate|p1b: Dondozo|move: Protect
|move|p2a: Sneasler|Coaching|p2b: Volcarona
|-boost|p2b: Volcarona|atk|1
|-boost|p2b: Volcarona|def|1
|
|-heal|p1b: Dondozo|15/100|[from] item: Leftovers
|upkeep
|turn|13
|
|t:|1756664766
|move|p2b: Volcarona|Tera Blast|p1b: Dondozo|[anim] Tera Blast Fairy
|-crit|p1b: Dondozo
|-damage|p1b: Dondozo|0 fnt
|faint|p1b: Dondozo
|move|p2a: Sneasler|Close Combat|p1a: Tatsugiri
|-damage|p1a: Tatsugiri|0 fnt
|-unboost|p2a: Sneasler|def|1
|-unboost|p2a: Sneasler|spd|1
|faint|p1a: Tatsugiri
|
|upkeep
|
|t:|1756664776
|switch|p1a: Ninetales|Ninetales-Alola, L50, F|23/100
|switch|p1b: Garchomp|Garchomp, L50, F|100/100
|-weather|Snowscape|[from] ability: Snow Warning|[of] p1a: Ninetales
|turn|14
|
|t:|1756664813
|-terastallize|p1b: Garchomp|Fire
|move|p2b: Volcarona|Fiery Dance|p1b: Garchomp
|-resisted|p1b: Garchomp
|-damage|p1b: Garchomp|48/100
|move|p2a: Sneasler|Dire Claw|p1a: Ninetales
|-supereffective|p1a: Ninetales
|-damage|p1a: Ninetales|0 fnt
|faint|p1a: Ninetales
|move|p1b: Garchomp|Earthquake|p2b: Volcarona|[spread] p2a,p2b
|-supereffective|p2a: Sneasler
|-enditem|p2a: Sneasler|Focus Sash
|-damage|p2a: Sneasler|1/100
|-damage|p2b: Volcarona|66/100
|-damage|p1b: Garchomp|39/100|[from] item: Life Orb
|
|-weather|Snowscape|[upkeep]
|upkeep
|turn|15
|
|t:|1756664835
|move|p1b: Garchomp|Protect|p1b: Garchomp
|-singleturn|p1b: Garchomp|Protect
|move|p2a: Sneasler|Close Combat|p1b: Garchomp
|-activate|p1b: Garchomp|move: Protect
|move|p2b: Volcarona|Fiery Dance|p1b: Garchomp
|-activate|p1b: Garchomp|move: Protect
|
|-weather|Snowscape|[upkeep]
|upkeep
|turn|16
|
|t:|1756664844
|move|p2a: Sneasler|Close Combat|p1b: Garchomp
|-damage|p1b: Garchomp|0 fnt
|-unboost|p2a: Sneasler|def|1
|-unboost|p2a: Sneasler|spd|1
|-damage|p2a: Sneasler|0 fnt|[from] ability: Rough Skin|[of] p1b: Garchomp
|faint|p1b: Garchomp
|faint|p2a: Sneasler
|
|win|nyakugan
|c|☆nyakugan|gg
|l|☆nyakugan
|player|p2|
|l| KrsCrossAppleSauce
