|j|☆seeyouatthetip
|j|☆florind4 mez4
|html|seeyouatthetipflorind4 mez4    
|uhtml|bestof|Game 2 of a best-of-3
|t:|1756932373
|gametype|doubles
|player|p1|seeyouatthetip|hiker-gen4|1331
|player|p2|florind4 mez4|265|1307
|gen|9
|tier|[Gen 9] VGC 2025 Reg H (Bo3)
|rated|
|rule|Species Clause: Limit one of each Pokémon
|rule|Item Clause: Limit 1 of each item
|clearpoke
|poke|p1|Amoonguss, L50, F|
|poke|p1|Incineroar, L50, F|
|poke|p1|Gholdengo, L50|
|poke|p1|Annihilape, L50, M|
|poke|p1|Kingambit, L50, M|
|poke|p1|Dragonite, L50, M|
|poke|p2|Rillaboom, L50, M|
|poke|p2|Sneasler, L50, F|
|poke|p2|Basculegion, L50, M|
|poke|p2|Volcarona, L50, F|
|poke|p2|Dragonite, L50, F|
|poke|p2|Incineroar, L50, M|
|teampreview|4
|showteam|p1|Amoonguss||SitrusBerry|Regenerator|Spore,RagePowder,SludgeBomb,Protect|||F|||50|,,,,,Fire]Incineroar||SafetyGoggles|Intimidate|FlareBlitz,FakeOut,PartingShot,KnockOff|||F|||50|,,,,,Ghost]Gholdengo||LifeOrb|GoodasGold|MakeItRain,ShadowBall,NastyPlot,Protect||||||50|,,,,,Steel]Annihilape||FocusSash|Defiant|CloseCombat,RageFist,Coaching,FinalGambit|||M|||50|,,,,,Grass]Kingambit||AssaultVest|Defiant|KowtowCleave,SuckerPunch,IronHead,LowKick|||M|||50|,,,,,Water]Dragonite||LoadedDice|Multiscale|ScaleShot,ExtremeSpeed,Haze,Protect|||M|||50|,,,,,Normal
|showteam|p2|Rillaboom||AssaultVest|GrassySurge|FakeOut,WoodHammer,GrassyGlide,Uturn|||M|||50|,,,,,Fire]Sneasler||FocusSash|Unburden|FakeOut,DireClaw,CloseCombat,Coaching|||F|||50|,,,,,Ghost]Basculegion||ChoiceScarf|Adaptability|FlipTurn,WaveCrash,LastRespects,TeraBlast|||M|||50|,,,,,Fighting]Volcarona||CovertCloak|FlameBody|HeatWave,TeraBlast,QuiverDance,Protect|||F|||50|,,,,,Fairy]Dragonite||LoadedDice|Multiscale|ScaleShot,Tailwind,Haze,Protect|||F|||50|,,,,,Steel]Incineroar||SafetyGoggles|Intimidate|FakeOut,FlareBlitz,KnockOff,PartingShot|||M|||50|,,,,,Ghost
|inactive|Battle timer is ON: inactive players will automatically lose when time's up. (requested by seeyouatthetip)
|
|t:|1756932405
|teamsize|p1|4
|teamsize|p2|4
|start
|switch|p1a: Dragonite|Dragonite, L50, M|100/100
|switch|p1b: Amoonguss|Amoonguss, L50, F|100/100
|switch|p2a: Sneasler|Sneasler, L50, F|100/100
|switch|p2b: Volcarona|Volcarona, L50, F|100/100
|turn|1
|inactive|florind4 mez4 has 30 seconds left.
|inactive|florind4 mez4 has 20 seconds left.
|inactive|florind4 mez4 has 15 seconds left.
|inactive|florind4 mez4 has 10 seconds left.
|inactive|florind4 mez4 has 5 seconds left.
|
|t:|1756932456
|-terastallize|p2b: Volcarona|Fairy
|move|p2a: Sneasler|Coaching|p2b: Volcarona
|-boost|p2b: Volcarona|atk|1
|-boost|p2b: Volcarona|def|1
|move|p2b: Volcarona|Heat Wave|p1a: Dragonite|[spread] p1a,p1b
|-resisted|p1a: Dragonite
|-supereffective|p1b: Amoonguss
|-damage|p1a: Dragonite|92/100
|-damage|p1b: Amoonguss|43/100
|-enditem|p1b: Amoonguss|Sitrus Berry|[eat]
|-heal|p1b: Amoonguss|68/100|[from] item: Sitrus Berry
|move|p1a: Dragonite|Scale Shot|p2a: Sneasler
|-damage|p2a: Sneasler|75/100
|-damage|p2a: Sneasler|48/100
|-damage|p2a: Sneasler|22/100
|-damage|p2a: Sneasler|0 fnt
|faint|p2a: Sneasler
|-hitcount|p2: Sneasler|4
|-unboost|p1a: Dragonite|def|1
|-boost|p1a: Dragonite|spe|1
|move|p1b: Amoonguss|Spore|p2b: Volcarona
|-status|p2b: Volcarona|slp|[from] move: Spore
|
|upkeep
|
|t:|1756932477
|switch|p2a: Basculegion|Basculegion, L50, M|100/100
|turn|2
|
|t:|1756932496
|move|p2a: Basculegion|Last Respects|p1a: Dragonite
|-damage|p1a: Dragonite|0 fnt
|faint|p1a: Dragonite
|cant|p2b: Volcarona|slp
|move|p1b: Amoonguss|Sludge Bomb|p2b: Volcarona
|-supereffective|p2b: Volcarona
|-damage|p2b: Volcarona|53/100 slp
|
|upkeep
|
|t:|1756932505
|switch|p1a: Incineroar|Incineroar, L50, F|100/100
|-ability|p1a: Incineroar|Intimidate|boost
|-unboost|p2a: Basculegion|atk|1
|-unboost|p2b: Volcarona|atk|1
|turn|3
|
|t:|1756932528
|switch|p2a: Rillaboom|Rillaboom, L50, M|100/100
|-fieldstart|move: Grassy Terrain|[from] ability: Grassy Surge|[of] p2a: Rillaboom
|-curestatus|p2b: Volcarona|slp|[msg]
|move|p2b: Volcarona|Protect|p2b: Volcarona
|-singleturn|p2b: Volcarona|Protect
|move|p1a: Incineroar|Flare Blitz|p2b: Volcarona
|-activate|p2b: Volcarona|move: Protect
|move|p1b: Amoonguss|Spore|p2a: Rillaboom
|-immune|p2a: Rillaboom
|
|-heal|p2b: Volcarona|59/100|[from] Grassy Terrain
|-heal|p1b: Amoonguss|74/100|[from] Grassy Terrain
|upkeep
|turn|4
|inactive|seeyouatthetip has 30 seconds left.
|
|t:|1756932563
|switch|p2b: Basculegion|Basculegion, L50, M|100/100
|-terastallize|p1b: Amoonguss|Fire
|move|p2a: Rillaboom|Fake Out|p1b: Amoonguss
|-crit|p1b: Amoonguss
|-damage|p1b: Amoonguss|54/100
|move|p1a: Incineroar|Parting Shot|p2a: Rillaboom
|-unboost|p2a: Rillaboom|atk|1
|-unboost|p2a: Rillaboom|spa|1
|
|t:|1756932571
|switch|p1a: Kingambit|Kingambit, L50, M, shiny|100/100|[from] Parting Shot
|cant|p1b: Amoonguss|flinch
|
|-heal|p1b: Amoonguss|60/100|[from] Grassy Terrain
|upkeep
|turn|5
|
|t:|1756932589
|move|p1a: Kingambit|Sucker Punch|p2b: Basculegion
|-supereffective|p2b: Basculegion
|-damage|p2b: Basculegion|0 fnt
|faint|p2b: Basculegion
|move|p2a: Rillaboom|U-turn|p1a: Kingambit
|-damage|p1a: Kingambit|87/100
|
|t:|1756932594
|switch|p2a: Volcarona|Volcarona, L50, F, tera:Fairy|59/100|[from] U-turn
|move|p1b: Amoonguss|Spore|p2a: Volcarona
|-status|p2a: Volcarona|slp|[from] move: Spore
|
|-heal|p2a: Volcarona|65/100 slp|[from] Grassy Terrain
|-heal|p1a: Kingambit|93/100|[from] Grassy Terrain
|-heal|p1b: Amoonguss|66/100|[from] Grassy Terrain
|upkeep
|-message|florind4 mez4 forfeited.
|
|win|seeyouatthetip
|l|☆florind4 mez4
|player|p2|
||florind4 mez4 is ready for game 3.
||seeyouatthetip is ready for game 3.
|uhtml|next|Next: Game 3 of 3
