|j|☆merrypasta
|j|‽squigglybuff
|html|merrypastasquigglybuff    
|uhtml|bestof|Game 2 of a best-of-3
|t:|1756913859
|gametype|doubles
|player|p1|merrypasta|carmine|
|player|p2|squigglybuff|169|
|gen|9
|tier|[Gen 9] VGC 2025 Reg H (Bo3)
|rule|Species Clause: Limit one of each Pokémon
|rule|Item Clause: Limit 1 of each item
|clearpoke
|poke|p1|Murkrow, L50, M|
|poke|p1|Brambleghast, L50, F|
|poke|p1|Gardevoir, L50, F|
|poke|p1|Primarina, L50, F|
|poke|p1|Jolteon, L50, M|
|poke|p1|Politoed, L50, M|
|poke|p2|Bisharp, L50, M|
|poke|p2|Clefable, L50, F|
|poke|p2|Porygon-Z, L50|
|poke|p2|Dragapult, L50, F|
|poke|p2|Cinderace, L50, M|
|poke|p2|Murkrow, L50, M|
|teampreview|4
|showteam|p1|Murkrow||Eviolite|Prankster|FoulPlay,Taunt,ThunderWave,Tailwind|||M|||50|,,,,,Ghost]Brambleghast||FocusSash|WindRider|PowerWhip,Poltergeist,Protect,ShadowSneak|||F|||50|,,,,,Ghost]Gardevoir||ChoiceScarf|Trace|Moonblast,Psychic,DazzlingGleam,Trick|||F|||50|,,,,,Fairy]Primarina||LifeOrb|LiquidVoice|HyperVoice,Moonblast,Protect,IceBeam|||F|||50|,,,,,Poison]Jolteon||ChoiceSpecs|QuickFeet|Thunder,WeatherBall,AlluringVoice,VoltSwitch|||M|||50|,,,,,Grass]Politoed||Leftovers|Drizzle|WeatherBall,PerishSong,Protect,HelpingHand|||M|||50|,,,,,Grass
|showteam|p2|Bisharp||Eviolite|Defiant|SuckerPunch,IronHead,SwordsDance,Protect|||M|||50|,,,,,Fairy]Clefable||SitrusBerry|Unaware|Moonblast,FollowMe,HelpingHand,Protect|||F|||50|,,,,,Steel]Porygon-Z||LifeOrb|Adaptability|TeraBlast,NastyPlot,TriAttack,Protect||||||50|,,,,,Fairy]Dragapult||ChoiceSpecs|ClearBody|ShadowBall,DracoMeteor,Uturn,Flamethrower|||F|||50|,,,,,Ghost]Cinderace||ChoiceBand|Libero|PyroBall,Uturn,SuckerPunch,Coaching|||M|||50|,,,,,Fire]Murkrow||FocusSash|Prankster|Tailwind,Haze,FoulPlay,Taunt|||M|||50|,,,,,Ghost
|
|t:|1756913896
|teamsize|p1|4
|teamsize|p2|4
|start
|switch|p1a: Gardevoir|Gardevoir, L50, F|100/100
|switch|p1b: Politoed|Politoed, L50, M|100/100
|switch|p2a: Cinderace|Cinderace, L50, M|100/100
|switch|p2b: Clefable|Clefable, L50, F|100/100
|-ability|p1a: Gardevoir|Libero|Trace|[from] ability: Trace|[of] p2a: Cinderace
|-weather|RainDance|[from] ability: Drizzle|[of] p1b: Politoed
|turn|1
|
|t:|1756913939
|-terastallize|p1a: Gardevoir|Fairy
|-terastallize|p2b: Clefable|Steel
|move|p1b: Politoed|Helping Hand|p1a: Gardevoir
|-singleturn|p1a: Gardevoir|Helping Hand|[of] p1b: Politoed
|move|p2b: Clefable|Follow Me|p2b: Clefable
|-singleturn|p2b: Clefable|move: Follow Me
|move|p1a: Gardevoir|Dazzling Gleam|p2b: Clefable|[spread] p2a,p2b
|-resisted|p2a: Cinderace
|-resisted|p2b: Clefable
|-damage|p2a: Cinderace|53/100
|-damage|p2b: Clefable|74/100
|move|p2a: Cinderace|U-turn|p1a: Gardevoir
|-start|p2a: Cinderace|typechange|Bug|[from] ability: Libero
|-resisted|p1a: Gardevoir
|-damage|p1a: Gardevoir|59/100
|c|☆merrypasta|i hate how strong cinderace is
|
|t:|1756913962
|switch|p2a: Bisharp|Bisharp, L50, M|100/100|[from] U-turn
|
|-weather|RainDance|[upkeep]
|upkeep
|turn|2
|
|t:|1756913979
|switch|p1a: Jolteon|Jolteon, L50, M|100/100
|move|p1b: Politoed|Weather Ball|p2b: Clefable
|-damage|p2b: Clefable|32/100
|-enditem|p2b: Clefable|Sitrus Berry|[eat]
|-heal|p2b: Clefable|57/100|[from] item: Sitrus Berry
|move|p2a: Bisharp|Swords Dance|p2a: Bisharp
|-boost|p2a: Bisharp|atk|2
|move|p2b: Clefable|Moonblast|p1a: Jolteon
|-damage|p1a: Jolteon|64/100
|-unboost|p1a: Jolteon|spa|1
|
|-weather|RainDance|[upkeep]
|upkeep
|turn|3
|
|t:|1756914004
|move|p2a: Bisharp|Sucker Punch|p1b: Politoed
|-damage|p1b: Politoed|31/100
|move|p1a: Jolteon|Thunder|p2a: Bisharp
|-damage|p2a: Bisharp|50/100
|move|p1b: Politoed|Weather Ball|p2b: Clefable
|-damage|p2b: Clefable|12/100
|move|p2b: Clefable|Moonblast|p1a: Jolteon
|-damage|p1a: Jolteon|32/100
|-unboost|p1a: Jolteon|spa|1
|
|-weather|RainDance|[upkeep]
|-heal|p1b: Politoed|38/100|[from] item: Leftovers
|upkeep
|turn|4
|
|t:|1756914019
|switch|p1a: Gardevoir|Gardevoir, L50, F, tera:Fairy|59/100
|-ability|p1a: Gardevoir|Unaware|Trace|[from] ability: Trace|[of] p2b: Clefable
|move|p2a: Bisharp|Protect|p2a: Bisharp
|-singleturn|p2a: Bisharp|Protect
|move|p2b: Clefable|Protect|p2b: Clefable
|-singleturn|p2b: Clefable|Protect
|move|p1b: Politoed|Perish Song|p1b: Politoed
|-start|p1a: Gardevoir|perish3|[silent]
|-start|p1b: Politoed|perish3|[silent]
|-start|p2a: Bisharp|perish3|[silent]
|-start|p2b: Clefable|perish3|[silent]
|-fieldactivate|move: Perish Song
|
|-weather|RainDance|[upkeep]
|-heal|p1b: Politoed|44/100|[from] item: Leftovers
|-start|p1a: Gardevoir|perish3
|-start|p2a: Bisharp|perish3
|-start|p1b: Politoed|perish3
|-start|p2b: Clefable|perish3
|upkeep
|turn|5
|
|t:|1756914033
|switch|p1b: Brambleghast|Brambleghast, L50, F|100/100
|move|p2b: Clefable|Helping Hand|p2a: Bisharp
|-singleturn|p2a: Bisharp|Helping Hand|[of] p2b: Clefable
|move|p2a: Bisharp|Sucker Punch|p1a: Gardevoir
|-resisted|p1a: Gardevoir
|-damage|p1a: Gardevoir|10/100
|move|p1a: Gardevoir|Dazzling Gleam|p2a: Bisharp|[spread] p2a,p2b
|-resisted|p2b: Clefable
|-damage|p2a: Bisharp|13/100
|-damage|p2b: Clefable|0 fnt
|faint|p2b: Clefable
|
|-weather|none
|-start|p1a: Gardevoir|perish2
|-start|p2a: Bisharp|perish2
|upkeep
|
|t:|1756914040
|switch|p2b: Cinderace|Cinderace, L50, M|53/100
|turn|6
|
|t:|1756914054
|switch|p1a: Politoed|Politoed, L50, M|44/100
|-weather|RainDance|[from] ability: Drizzle|[of] p1a: Politoed
|move|p1b: Brambleghast|Shadow Sneak|p2a: Bisharp
|-resisted|p2a: Bisharp
|-damage|p2a: Bisharp|6/100
|move|p2a: Bisharp|Sucker Punch||[still]
|-fail|p2a: Bisharp
|move|p2b: Cinderace|U-turn|p1a: Politoed
|-start|p2b: Cinderace|typechange|Bug|[from] ability: Libero
|-damage|p1a: Politoed|0 fnt
|faint|p1a: Politoed
|c|☆merrypasta|oh my god
|
|t:|1756914064
|switch|p2b: Dragapult|Dragapult, L50, F|100/100|[from] U-turn
|
|-weather|RainDance|[upkeep]
|-start|p2a: Bisharp|perish1
|upkeep
|c|☆merrypasta|takeaways
|
|t:|1756914088
|switch|p1a: Gardevoir|Gardevoir, L50, F, tera:Fairy|10/100
|-ability|p1a: Gardevoir|Defiant|Trace|[from] ability: Trace|[of] p2a: Bisharp
|turn|7
|c|☆merrypasta|a. jolteon quick feet does not work i forgot about para freezing you
|c|☆merrypasta|b. i need farigiraf
|c|☆merrypasta|c. fuck cinderace
|
|t:|1756914111
|switch|p2b: Cinderace|Cinderace, L50, M|53/100
|move|p1b: Brambleghast|Shadow Sneak|p2a: Bisharp
|-resisted|p2a: Bisharp
|-damage|p2a: Bisharp|0 fnt
|faint|p2a: Bisharp
|move|p1a: Gardevoir|Dazzling Gleam|p2b: Cinderace
|-resisted|p2b: Cinderace
|-damage|p2b: Cinderace|11/100
|
|-weather|RainDance|[upkeep]
|upkeep
|
|t:|1756914118
|switch|p2a: Dragapult|Dragapult, L50, F|100/100
|turn|8
|
|t:|1756914127
|switch|p1a: Jolteon|Jolteon, L50, M|32/100
|move|p2b: Cinderace|Sucker Punch||[still]
|-fail|p2b: Cinderace
|move|p1b: Brambleghast|Shadow Sneak|p2b: Cinderace
|-damage|p2b: Cinderace|0 fnt
|faint|p2b: Cinderace
|move|p2a: Dragapult|Shadow Ball|p1b: Brambleghast
|-supereffective|p1b: Brambleghast
|-enditem|p1b: Brambleghast|Focus Sash
|-damage|p1b: Brambleghast|1/100
|
|-weather|RainDance|[upkeep]
|upkeep
|turn|9
|c|☆merrypasta|i might have won anyway
|c|☆merrypasta|whoops
|
|t:|1756914143
|move|p1b: Brambleghast|Shadow Sneak|p2a: Dragapult
|-supereffective|p2a: Dragapult
|-damage|p2a: Dragapult|48/100
|move|p2a: Dragapult|Shadow Ball|p1a: Jolteon
|-damage|p1a: Jolteon|0 fnt
|faint|p1a: Jolteon
|
|-weather|RainDance|[upkeep]
|upkeep
|
|t:|1756914148
|switch|p1a: Gardevoir|Gardevoir, L50, F, tera:Fairy|10/100
|-ability|p1a: Gardevoir|Clear Body|Trace|[from] ability: Trace|[of] p2a: Dragapult
|turn|10
|
|t:|1756914153
|move|p1b: Brambleghast|Shadow Sneak|p2a: Dragapult
|-supereffective|p2a: Dragapult
|-damage|p2a: Dragapult|0 fnt
|faint|p2a: Dragapult
|
|win|merrypasta
||merrypasta is ready for game 3.
||squigglybuff is ready for game 3.
|uhtml|next|Next: Game 3 of 3
|l|☆merrypasta
|player|p1|
|j|☆merrypasta
|player|p1|merrypasta|carmine|
