|j|☆Typ.Null07
|j|☆Mortipherus
|html|Typ.Null07Mortipherus    
|uhtml|bestof|Game 2 of a best-of-3
|t:|1757156742
|gametype|doubles
|player|p1|Typ.Null07|victor-dojo|
|player|p2|Mortipherus|biker-gen4|
|gen|9
|tier|[Gen 9] VGC 2025 Reg H (Bo3)
|rule|Species Clause: Limit one of each Pokémon
|rule|Item Clause: Limit 1 of each item
|clearpoke
|poke|p1|Volcarona, L50, M|
|poke|p1|Rillaboom, L50, F|
|poke|p1|Ursaluna, L50, M|
|poke|p1|Dragapult, L50, M|
|poke|p1|Farigiraf, L50, F|
|poke|p1|Incineroar, L50, M|
|poke|p2|Hydrapple, L50, M|
|poke|p2|Arcanine-Hisui, L50, M|
|poke|p2|Gholdengo, L50|
|poke|p2|Electabuzz, L50, M|
|poke|p2|Indeedee, L50, M|
|poke|p2|Sneasler, L50, M|
|teampreview|4
|showteam|p1|Volcarona||GrassySeed|FlameBody|FieryDance,GigaDrain,QuiverDance,Protect|||M|||50|,,,,,Grass]Rillaboom||AssaultVest|GrassySurge|WoodHammer,GrassyGlide,Uturn,FakeOut|||F|||50|,,,,,Fire]Ursaluna||FlameOrb|Guts|Facade,HeadlongRush,Substitute,Protect|||M|||50|,,,,,Ghost]Dragapult||ChoiceBand|ClearBody|DragonDarts,PhantomForce,Outrage,Uturn|||M|||50|,,,,,Dragon]Farigiraf||ThroatSpray|ArmorTail|HyperVoice,PsychicNoise,Roar,TrickRoom|||F|||50|,,,,,Water]Incineroar||SafetyGoggles|Intimidate|FlareBlitz,KnockOff,FakeOut,PartingShot|||M|||50|,,,,,Water
|showteam|p2|Hydrapple||AssaultVest|Regenerator|FickleBeam,EnergyBall,EarthPower,BreakingSwipe|||M|||50|,,,,,Ground]Arcanine-Hisui||ClearAmulet|Intimidate|Protect,ExtremeSpeed,FlareBlitz,RockSlide|||M|||50|,,,,,Grass]Gholdengo||LifeOrb|GoodasGold|Protect,NastyPlot,MakeItRain,ShadowBall||||||50|,,,,,Water]Electabuzz||Eviolite|VitalSpirit|Protect,FollowMe,Taunt,Electroweb|||M|||50|,,,,,Dragon]Indeedee||FocusSash|PsychicSurge|Protect,TrickRoom,ExpandingForce,TeraBlast|||M|||50|,,,,,Ground]Sneasler||PsychicSeed|Unburden|Protect,ThroatChop,DireClaw,CloseCombat|||M|||50|,,,,,Dark
|inactive|Battle timer is ON: inactive players will automatically lose when time's up. (requested by Typ.Null07)
|inactive|Typ.Null07 has 60 seconds left.
|
|t:|1757156776
|teamsize|p1|4
|teamsize|p2|4
|start
|switch|p1a: Volcarona|Volcarona, L50, M|100/100
|switch|p1b: Rillaboom|Rillaboom, L50, F|100/100
|switch|p2a: Hot Dog|Arcanine-Hisui, L50, M|100/100
|switch|p2b: Stew|Sneasler, L50, M|100/100
|-ability|p2a: Hot Dog|Intimidate|boost
|-unboost|p1a: Volcarona|atk|1
|-unboost|p1b: Rillaboom|atk|1
|-fieldstart|move: Grassy Terrain|[from] ability: Grassy Surge|[of] p1b: Rillaboom
|-enditem|p1a: Volcarona|Grassy Seed
|-boost|p1a: Volcarona|def|1|[from] item: Grassy Seed
|turn|1
|
|t:|1757156795
|switch|p2b: Caramel|Indeedee, L50, M|100/100
|-fieldstart|move: Psychic Terrain|[from] ability: Psychic Surge|[of] p2b: Caramel
|switch|p1b: Incineroar|Incineroar, L50, M, shiny|100/100
|-ability|p1b: Incineroar|Intimidate|boost
|-fail|p2a: Hot Dog|unboost|[from] item: Clear Amulet|[of] p2a: Hot Dog
|-unboost|p2b: Caramel|atk|1
|-terastallize|p1a: Volcarona|Grass
|move|p1a: Volcarona|Quiver Dance|p1a: Volcarona
|-boost|p1a: Volcarona|spa|1
|-boost|p1a: Volcarona|spd|1
|-boost|p1a: Volcarona|spe|1
|move|p2a: Hot Dog|Rock Slide|p1b: Incineroar|[spread] p1a,p1b
|-supereffective|p1b: Incineroar
|-damage|p1a: Volcarona|82/100
|-damage|p1b: Incineroar|49/100
|
|upkeep
|turn|2
|
|t:|1757156813
|switch|p1b: Rillaboom|Rillaboom, L50, F|100/100
|-fieldstart|move: Grassy Terrain|[from] ability: Grassy Surge|[of] p1b: Rillaboom
|move|p2b: Caramel|Protect|p2b: Caramel
|-singleturn|p2b: Caramel|Protect
|move|p1a: Volcarona|Giga Drain|p2a: Hot Dog
|-damage|p2a: Hot Dog|19/100
|-heal|p1a: Volcarona|100/100|[from] drain|[of] p2a: Hot Dog
|move|p2a: Hot Dog|Flare Blitz|p1a: Volcarona
|-supereffective|p1a: Volcarona
|-damage|p1a: Volcarona|15/100
|-damage|p2a: Hot Dog|0 fnt|[from] Recoil
|faint|p2a: Hot Dog
|
|-heal|p1a: Volcarona|21/100|[from] Grassy Terrain
|upkeep
|
|t:|1757156829
|switch|p2a: Apple Pie|Hydrapple, L50, M|100/100
|turn|3
|
|t:|1757156842
|switch|p2b: Stew|Sneasler, L50, M|100/100
|move|p1b: Rillaboom|Fake Out|p2a: Apple Pie
|-damage|p2a: Apple Pie|89/100
|move|p1a: Volcarona|Giga Drain|p2b: Stew
|-resisted|p2b: Stew
|-damage|p2b: Stew|56/100
|-heal|p1a: Volcarona|41/100|[from] drain|[of] p2b: Stew
|cant|p2a: Apple Pie|flinch
|
|-heal|p1a: Volcarona|47/100|[from] Grassy Terrain
|-heal|p2b: Stew|61/100|[from] Grassy Terrain
|-heal|p2a: Apple Pie|95/100|[from] Grassy Terrain
|upkeep
|turn|4
|inactive|Typ.Null07 has 30 seconds left.
|inactive|Mortipherus has 30 seconds left.
|
|t:|1757156874
|move|p1a: Volcarona|Protect|p1a: Volcarona
|-singleturn|p1a: Volcarona|Protect
|move|p2b: Stew|Dire Claw|p1b: Rillaboom
|-supereffective|p1b: Rillaboom
|-damage|p1b: Rillaboom|15/100
|move|p1b: Rillaboom|U-turn|p2a: Apple Pie
|-supereffective|p2a: Apple Pie
|-damage|p2a: Apple Pie|58/100
|
|t:|1757156882
|switch|p1b: Incineroar|Incineroar, L50, M, shiny|49/100|[from] U-turn
|-ability|p1b: Incineroar|Intimidate|boost
|-unboost|p2a: Apple Pie|atk|1
|-unboost|p2b: Stew|atk|1
|move|p2a: Apple Pie|Breaking Swipe|p1b: Incineroar|[spread] p1b
|-activate|p1a: Volcarona|move: Protect
|-damage|p1b: Incineroar|42/100
|-unboost|p1b: Incineroar|atk|1
|
|-heal|p1a: Volcarona|54/100|[from] Grassy Terrain
|-heal|p2b: Stew|67/100|[from] Grassy Terrain
|-heal|p1b: Incineroar|48/100|[from] Grassy Terrain
|-heal|p2a: Apple Pie|64/100|[from] Grassy Terrain
|upkeep
|turn|5
|
|t:|1757156904
|switch|p1b: Rillaboom|Rillaboom, L50, F|15/100
|move|p2b: Stew|Protect|p2b: Stew
|-singleturn|p2b: Stew|Protect
|move|p1a: Volcarona|Fiery Dance|p2b: Stew
|-activate|p2b: Stew|move: Protect
|move|p2a: Apple Pie|Earth Power|p1b: Rillaboom
|-resisted|p1b: Rillaboom
|-damage|p1b: Rillaboom|4/100
|
|-heal|p1a: Volcarona|60/100|[from] Grassy Terrain
|-heal|p2b: Stew|73/100|[from] Grassy Terrain
|-heal|p1b: Rillaboom|10/100|[from] Grassy Terrain
|-heal|p2a: Apple Pie|71/100|[from] Grassy Terrain
|upkeep
|turn|6
|
|t:|1757156920
|switch|p1b: Incineroar|Incineroar, L50, M, shiny|48/100
|-ability|p1b: Incineroar|Intimidate|boost
|-unboost|p2a: Apple Pie|atk|1
|-unboost|p2b: Stew|atk|1
|switch|p2a: Caramel|Indeedee, L50, M|100/100
|-fieldstart|move: Psychic Terrain|[from] ability: Psychic Surge|[of] p2a: Caramel
|-enditem|p2b: Stew|Psychic Seed
|-boost|p2b: Stew|spd|1|[from] item: Psychic Seed
|move|p2b: Stew|Dire Claw|p1b: Incineroar
|-damage|p1b: Incineroar|28/100
|move|p1a: Volcarona|Quiver Dance|p1a: Volcarona
|-boost|p1a: Volcarona|spa|1
|-boost|p1a: Volcarona|spd|1
|-boost|p1a: Volcarona|spe|1
|
|upkeep
|turn|7
|
|t:|1757156943
|switch|p2b: Apple Pie|Hydrapple, L50, M|100/100
|move|p1a: Volcarona|Protect|p1a: Volcarona
|-singleturn|p1a: Volcarona|Protect
|move|p1b: Incineroar|Parting Shot|p2b: Apple Pie
|-unboost|p2b: Apple Pie|atk|1
|-unboost|p2b: Apple Pie|spa|1
|
|t:|1757156951
|switch|p1b: Rillaboom|Rillaboom, L50, F|10/100|[from] Parting Shot
|-fieldstart|move: Grassy Terrain|[from] ability: Grassy Surge|[of] p1b: Rillaboom
|move|p2a: Caramel|Trick Room|p2a: Caramel
|-fieldstart|move: Trick Room|[of] p2a: Caramel
|
|-heal|p1b: Rillaboom|16/100|[from] Grassy Terrain
|-heal|p1a: Volcarona|66/100|[from] Grassy Terrain
|upkeep
|turn|8
|inactive|Typ.Null07 has 30 seconds left.
|inactive|Typ.Null07 has 20 seconds left.
|
|t:|1757156988
|switch|p2a: Stew|Sneasler, L50, M|73/100
|move|p1b: Rillaboom|Fake Out|p2b: Apple Pie
|-damage|p2b: Apple Pie|90/100
|cant|p2b: Apple Pie|flinch
|move|p1a: Volcarona|Fiery Dance|p2b: Apple Pie
|-damage|p2b: Apple Pie|36/100
|
|-heal|p2b: Apple Pie|42/100|[from] Grassy Terrain
|-heal|p1b: Rillaboom|22/100|[from] Grassy Terrain
|-heal|p2a: Stew|79/100|[from] Grassy Terrain
|-heal|p1a: Volcarona|72/100|[from] Grassy Terrain
|upkeep
|turn|9
|
|t:|1757157008
|switch|p2b: Caramel|Indeedee, L50, M|100/100
|-fieldstart|move: Psychic Terrain|[from] ability: Psychic Surge|[of] p2b: Caramel
|move|p1a: Volcarona|Protect|p1a: Volcarona
|-singleturn|p1a: Volcarona|Protect
|move|p1b: Rillaboom|U-turn|p2b: Caramel
|-supereffective|p2b: Caramel
|-enditem|p2b: Caramel|Focus Sash
|-damage|p2b: Caramel|1/100
|
|t:|1757157017
|switch|p1b: Incineroar|Incineroar, L50, M, shiny|28/100|[from] U-turn
|-ability|p1b: Incineroar|Intimidate|boost
|-unboost|p2a: Stew|atk|1
|-unboost|p2b: Caramel|atk|1
|move|p2a: Stew|Dire Claw|p1b: Incineroar
|-damage|p1b: Incineroar|1/100
|-status|p1b: Incineroar|slp
|
|upkeep
|turn|10
|
|t:|1757157036
|switch|p1b: Rillaboom|Rillaboom, L50, F|22/100
|-fieldstart|move: Grassy Terrain|[from] ability: Grassy Surge|[of] p1b: Rillaboom
|move|p2b: Caramel|Tera Blast|p1b: Rillaboom
|-damage|p1b: Rillaboom|0 fnt
|faint|p1b: Rillaboom
|move|p2a: Stew|Dire Claw|p1a: Volcarona
|-supereffective|p1a: Volcarona
|-damage|p1a: Volcarona|31/100
|-status|p2a: Stew|brn|[from] ability: Flame Body|[of] p1a: Volcarona
|move|p1a: Volcarona|Giga Drain|p2a: Stew
|-resisted|p2a: Stew
|-damage|p2a: Stew|22/100 brn
|-heal|p1a: Volcarona|56/100|[from] drain|[of] p2a: Stew
|
|-heal|p2b: Caramel|7/100|[from] Grassy Terrain
|-heal|p2a: Stew|28/100 brn|[from] Grassy Terrain
|-heal|p1a: Volcarona|62/100|[from] Grassy Terrain
|-damage|p2a: Stew|22/100 brn|[from] brn
|upkeep
|
|t:|1757157051
|switch|p1b: Incineroar|Incineroar, L50, M, shiny|1/100 slp
|-ability|p1b: Incineroar|Intimidate|boost
|-unboost|p2a: Stew|atk|1
|-unboost|p2b: Caramel|atk|1
|turn|11
|
|t:|1757157062
|switch|p1b: Dragapult|Dragapult, L50, M|100/100
|switch|p2a: Apple Pie|Hydrapple, L50, M|75/100
|move|p1a: Volcarona|Protect|p1a: Volcarona
|-singleturn|p1a: Volcarona|Protect
|move|p2b: Caramel|Tera Blast|p1b: Dragapult
|-immune|p1b: Dragapult
|
|-heal|p2a: Apple Pie|81/100|[from] Grassy Terrain
|-heal|p2b: Caramel|13/100|[from] Grassy Terrain
|-heal|p1a: Volcarona|69/100|[from] Grassy Terrain
|-fieldend|move: Trick Room
|upkeep
|turn|12
|
|t:|1757157078
|-terastallize|p2a: Apple Pie|Ground
|move|p2b: Caramel|Protect|p2b: Caramel
|-singleturn|p2b: Caramel|Protect
|move|p1a: Volcarona|Giga Drain|p2a: Apple Pie
|-supereffective|p2a: Apple Pie
|-damage|p2a: Apple Pie|0 fnt
|-heal|p1a: Volcarona|100/100|[from] drain|[of] p2a: Apple Pie
|faint|p2a: Apple Pie
|move|p1b: Dragapult|Dragon Darts|p2b: Caramel
|-activate|p2b: Caramel|move: Protect
|
|-heal|p2b: Caramel|19/100|[from] Grassy Terrain
|upkeep
|
|t:|1757157089
|switch|p2a: Stew|Sneasler, L50, M|22/100 brn
|turn|13
|
|t:|1757157100
|move|p1a: Volcarona|Giga Drain|p2b: Caramel
|-damage|p2b: Caramel|0 fnt
|faint|p2b: Caramel
|move|p1b: Dragapult|Dragon Darts|p2a: Stew
|-damage|p2a: Stew|0 fnt
|faint|p2a: Stew
|
|win|Typ.Null07
||Typ.Null07 is ready for game 3.
