|j|☆Omniverch47
|j|☆Treit_3
|html|Omniverch47Treit_3    
|uhtml|bestof|Game 2 of a best-of-3
|t:|1783436648
|gametype|doubles
|player|p1|Omniverch47|juggler-gen2|1000
|player|p2|Treit_3|marshal|1093
|gen|9
|tier|[Gen 9 Champions] VGC 2026 Reg M-B (Bo3)
|rated|
|rule|Species Clause: Limit one of each Pokémon
|rule|Item Clause: Limit 1 of each item
|clearpoke
|poke|p1|Malamar, L50, M, shiny|
|poke|p1|Incineroar, L50, F|
|poke|p1|Grimmsnarl, L50, M|
|poke|p1|Sinistcha, L50|
|poke|p1|Charizard, L50, M, shiny|
|poke|p1|Basculegion, L50, M|
|poke|p2|Scrafty, L50, F|
|poke|p2|Blaziken, L50, F|
|poke|p2|Torterra, L50, F|
|poke|p2|Milotic, L50, F|
|poke|p2|Gholdengo, L50|
|poke|p2|Farigiraf, L50, F|
|teampreview|4
|showteam|p1|Malamar||Malamarite|Contrary|ThroatChop,PsychoCut,Superpower,Protect|Adamant||M|||50|]Incineroar||PasshoBerry|Intimidate|FakeOut,FlareBlitz,ThroatChop,PartingShot|Adamant||F|||50|]Grimmsnarl||RoseliBerry|Prankster|SpiritBreak,FakeTears,ScaryFace,PartingShot|Impish||M|||50|]Sinistcha||SitrusBerry|Hospitality|MatchaGotcha,LifeDew,RagePowder,TrickRoom|Bold|||||50|]Charizard||CharizarditeY|Blaze|HeatWave,WeatherBall,SolarBeam,Protect|Modest||M|||50|]Basculegion||FocusSash|Adaptability|Liquidation,LastRespects,AquaJet,Protect|Adamant||M|||50|
|showteam|p2|Scrafty||Scraftinite|Intimidate|FakeOut,Coaching,DrainPunch,ThroatChop|Adamant||F|||50|]Blaziken||Blazikenite|SpeedBoost|Detect,RockSlide,FlareBlitz,CloseCombat|Adamant||F|||50|]Torterra||Leftovers|ShellArmor|Protect,WideGuard,HeadlongRush,WoodHammer|Brave||F|||50|]Milotic||MysticWater|Competitive|Protect,Scald,MuddyWater,IceBeam|Modest||F|||50|]Gholdengo||LifeOrb|GoodasGold|Protect,NastyPlot,MakeItRain,ShadowBall|Modest|||||50|]Farigiraf||SitrusBerry|ArmorTail|Protect,TrickRoom,Thunderbolt,HyperVoice|Bold||F|||50|
|inactive|Battle timer is ON: inactive players will automatically lose when time's up. (requested by Treit_3)
|
|t:|1783436686
|teamsize|p1|4
|teamsize|p2|4
|start
|switch|p1a: Squiggles McGee|Malamar, L50, M, shiny|100/100
|switch|p1b: #VGC_Gaming|Incineroar, L50, F|100/100
|switch|p2a: Blaziken|Blaziken, L50, F|100/100
|switch|p2b: Milotic|Milotic, L50, F|100/100
|-ability|p1b: #VGC_Gaming|Intimidate|boost
|-unboost|p2a: Blaziken|atk|1
|-unboost|p2b: Milotic|atk|1
|-ability|p2b: Milotic|Competitive|boost
|-boost|p2b: Milotic|spa|2
|turn|1
|inactive|Omniverch47 has 30 seconds left.
|
|t:|1783436712
|switch|p2a: Farigiraf|Farigiraf, L50, F|100/100
|detailschange|p1a: Squiggles McGee|Malamar-Mega, L50, M, shiny
|-mega|p1a: Squiggles McGee|Malamar|Malamarite
|move|p1b: #VGC_Gaming|Fake Out||[still]
|cant|p2a: Farigiraf|ability: Armor Tail|Fake Out|[of] p1b: #VGC_Gaming
|move|p1a: Squiggles McGee|Superpower|p2b: Milotic
|-damage|p2b: Milotic|63/100
|-boost|p1a: Squiggles McGee|atk|1
|-boost|p1a: Squiggles McGee|def|1
|move|p2b: Milotic|Scald|p1a: Squiggles McGee
|-damage|p1a: Squiggles McGee|36/100
|
|upkeep
|turn|2
|inactive|Omniverch47 has 30 seconds left.
|
|t:|1783436746
|move|p1a: Squiggles McGee|Protect|p1a: Squiggles McGee
|-singleturn|p1a: Squiggles McGee|Protect
|move|p2a: Farigiraf|Protect|p2a: Farigiraf
|-singleturn|p2a: Farigiraf|Protect
|move|p2b: Milotic|Muddy Water|p1a: Squiggles McGee|[spread] p1b
|-activate|p1a: Squiggles McGee|move: Protect
|-supereffective|p1b: #VGC_Gaming|1
|-enditem|p1b: #VGC_Gaming|Passho Berry|[eat]
|-enditem|p1b: #VGC_Gaming|Passho Berry|[weaken]
|-damage|p1b: #VGC_Gaming|30/100
|-unboost|p1b: #VGC_Gaming|accuracy|1
|move|p1b: #VGC_Gaming|Parting Shot|p2a: Farigiraf
|-activate|p2a: Farigiraf|move: Protect
|
|upkeep
|turn|3
|
|t:|1783436766
|switch|p1b: Uncle Iroh|Sinistcha, L50|100/100
|-heal|p1a: Squiggles McGee|61/100|[from] ability: Hospitality|[of] p1b: Uncle Iroh
|move|p1a: Squiggles McGee|Superpower|p2b: Milotic
|-damage|p2b: Milotic|7/100
|-boost|p1a: Squiggles McGee|atk|1
|-boost|p1a: Squiggles McGee|def|1
|move|p2b: Milotic|Muddy Water|p1a: Squiggles McGee|[spread] p1a,p1b
|-resisted|p1b: Uncle Iroh|1
|-damage|p1a: Squiggles McGee|3/100
|-damage|p1b: Uncle Iroh|66/100
|move|p2a: Farigiraf|Trick Room|p2a: Farigiraf
|-fieldstart|move: Trick Room|[of] p2a: Farigiraf
|
|upkeep
|turn|4
|
|t:|1783436785
|move|p1a: Squiggles McGee|Protect|p1a: Squiggles McGee
|-singleturn|p1a: Squiggles McGee|Protect
|move|p2a: Farigiraf|Hyper Voice|p1a: Squiggles McGee|[spread] 
|-activate|p1a: Squiggles McGee|move: Protect
|-immune|p1b: Uncle Iroh
|move|p2b: Milotic|Ice Beam|p1b: Uncle Iroh
|-supereffective|p1b: Uncle Iroh|1
|-damage|p1b: Uncle Iroh|0 fnt
|faint|p1b: Uncle Iroh
|
|upkeep
|
|t:|1783436802
|switch|p1b: #VGC_Gaming|Incineroar, L50, F|30/100
|-ability|p1b: #VGC_Gaming|Intimidate|boost
|-unboost|p2a: Farigiraf|atk|1
|-unboost|p2b: Milotic|atk|1
|-ability|p2b: Milotic|Competitive|boost
|-boost|p2b: Milotic|spa|2
|turn|5
|
|t:|1783436813
|move|p2a: Farigiraf|Hyper Voice|p1b: #VGC_Gaming|[spread] p1a,p1b
|-damage|p1a: Squiggles McGee|0 fnt
|-damage|p1b: #VGC_Gaming|3/100
|faint|p1a: Squiggles McGee
|move|p1b: #VGC_Gaming|Throat Chop|p2b: Milotic
|-damage|p2b: Milotic|0 fnt
|faint|p2b: Milotic
|
|upkeep
|-message|Omniverch47 forfeited.
|
|win|Treit_3
|raw|Omniverch47's rating: 1000 → 1000(+0 for losing)
|raw|Treit_3's rating: 1093 → 1112(+19 for winning)
|l|☆Omniverch47
|player|p1|
