|j|☆ethical sga
|j|☆vibe1300
|html|ethical sgavibe1300    
|uhtml|bestof|Game 2 of a best-of-3
|t:|1784837821
|gametype|doubles
|player|p1|ethical sga|lass-gen4dp|1134
|player|p2|vibe1300|1|1156
|gen|9
|tier|[Gen 9 Champions] VGC 2026 Reg M-B (Bo3)
|rated|
|rule|Species Clause: Limit one of each Pokémon
|rule|Item Clause: Limit 1 of each item
|clearpoke
|poke|p1|Charizard, L50, M|
|poke|p1|Whimsicott, L50, F|
|poke|p1|Basculegion, L50, M|
|poke|p1|Mawile, L50, M|
|poke|p1|Farigiraf, L50, M|
|poke|p1|Garchomp, L50, F|
|poke|p2|Chandelure, L50, F|
|poke|p2|Kangaskhan, L50, F|
|poke|p2|Kingambit, L50, F|
|poke|p2|Kommo-o, L50, F|
|poke|p2|Sylveon, L50, M|
|poke|p2|Basculegion, L50, M|
|teampreview|4
|showteam|p1|Charizard||CharizarditeY|SolarPower|Protect,WeatherBall,HeatWave,SolarBeam|Modest||M|||50|]Whimsicott||FocusSash|Prankster|Protect,Moonblast,Encore,Tailwind|Timid||F|||50|]Basculegion||SitrusBerry|Adaptability|Protect,WaveCrash,LastRespects,AquaJet|Adamant||M|||50|]Mawile||Mawilite|HyperCutter|PlayRough,IronHead,SuckerPunch,RockSlide|Adamant||M|||50|]Farigiraf||ColburBerry|ArmorTail|HyperVoice,Psychic,HelpingHand,TrickRoom|Relaxed||M|||50|]Garchomp||LifeOrb|RoughSkin|Protect,DragonClaw,RockSlide,Earthquake|Jolly||F|||50|
|showteam|p2|Chandelure||FocusSash|FlashFire|TrickRoom,HeatWave,ShadowBall,Protect|Quiet||F|||50|]Kangaskhan||Kangaskhanite|Scrappy|FakeOut,DoubleEdge,SuckerPunch,BrickBreak|Brave||F|||50|]Kingambit||ChopleBerry|Defiant|KowtowCleave,SuckerPunch,IronHead,LowKick|Brave||F|||50|]Kommo-o||LifeOrb|Soundproof|ClangingScales,AuraSphere,Boomburst,Protect|Quiet||F|||50|]Sylveon||FairyFeather|Pixilate|HyperVoice,HyperBeam,QuickAttack,Protect|Quiet||M|||50|]Basculegion||SitrusBerry|Adaptability|Protect,WaveCrash,LastRespects,AquaJet|Brave||M|||50|
|inactive|Battle timer is ON: inactive players will automatically lose when time's up. (requested by vibe1300)
|
|t:|1784837856
|teamsize|p1|4
|teamsize|p2|4
|start
|switch|p1a: Whimsicott|Whimsicott, L50, F|100/100
|switch|p1b: Garchomp|Garchomp, L50, F|100/100
|switch|p2a: Kangaskhan|Kangaskhan, L50, F|100/100
|switch|p2b: Chandelure|Chandelure, L50, F|100/100
|turn|1
|
|t:|1784837875
|detailschange|p2a: Kangaskhan|Kangaskhan-Mega, L50, F
|-mega|p2a: Kangaskhan|Kangaskhan|Kangaskhanite
|move|p1a: Whimsicott|Moonblast|p2b: Chandelure
|-resisted|p2b: Chandelure|1
|-damage|p2b: Chandelure|77/100
|move|p1b: Garchomp|Rock Slide|p2b: Chandelure|[spread] p2a,p2b
|-supereffective|p2b: Chandelure|1
|-damage|p2a: Kangaskhan|79/100
|-damage|p2b: Chandelure|18/100
|-damage|p1b: Garchomp|90/100|[from] item: Life Orb
|move|p2a: Kangaskhan|Double-Edge|p1a: Whimsicott
|-enditem|p1a: Whimsicott|Focus Sash
|-damage|p1a: Whimsicott|1/100
|-damage|p1a: Whimsicott|0 fnt
|faint|p1a: Whimsicott
|-hitcount|p1: Whimsicott|2
|-damage|p2a: Kangaskhan|58/100|[from] Recoil
|move|p2b: Chandelure|Trick Room|p2b: Chandelure
|-fieldstart|move: Trick Room|[of] p2b: Chandelure
|
|upkeep
|
|t:|1784837891
|switch|p1a: Mawile|Mawile, L50, M|100/100
|turn|2
|
|t:|1784837916
|switch|p1b: Basculegion|Basculegion, L50, M|100/100
|detailschange|p1a: Mawile|Mawile-Mega, L50, M
|-mega|p1a: Mawile|Mawile|Mawilite
|move|p2b: Chandelure|Protect|p2b: Chandelure
|-singleturn|p2b: Chandelure|Protect
|move|p1a: Mawile|Rock Slide|p2b: Chandelure|[spread] p2a
|-activate|p2b: Chandelure|move: Protect
|-damage|p2a: Kangaskhan|28/100
|cant|p2a: Kangaskhan|flinch
|
|upkeep
|turn|3
|inactive|ethical sga has 30 seconds left.
|
|t:|1784837943
|switch|p2b: Kingambit|Kingambit, L50, F|100/100
|move|p1b: Basculegion|Protect|p1b: Basculegion
|-singleturn|p1b: Basculegion|Protect
|move|p2a: Kangaskhan|Sucker Punch||[still]
|-fail|p2a: Kangaskhan
|move|p1a: Mawile|Rock Slide|p2a: Kangaskhan|[spread] p2a,p2b
|-resisted|p2b: Kingambit|1
|-damage|p2a: Kangaskhan|0 fnt
|-damage|p2b: Kingambit|87/100
|faint|p2a: Kangaskhan
|
|upkeep
|
|t:|1784837957
|switch|p2a: Chandelure|Chandelure, L50, F|18/100
|turn|4
|
|t:|1784837963
|move|p1b: Basculegion|Aqua Jet|p2a: Chandelure
|-supereffective|p2a: Chandelure|1
|-damage|p2a: Chandelure|0 fnt
|faint|p2a: Chandelure
|move|p2b: Kingambit|Kowtow Cleave|p1b: Basculegion
|-supereffective|p1b: Basculegion|1
|-damage|p1b: Basculegion|2/100
|-enditem|p1b: Basculegion|Sitrus Berry|[eat]
|-heal|p1b: Basculegion|27/100|[from] item: Sitrus Berry
|move|p1a: Mawile|Play Rough|p2b: Kingambit
|-damage|p2b: Kingambit|29/100
|
|upkeep
|
|t:|1784837967
|switch|p2a: Basculegion|Basculegion, L50, M|100/100
|turn|5
|
|t:|1784837992
|move|p1b: Basculegion|Protect|p1b: Basculegion
|-singleturn|p1b: Basculegion|Protect
|move|p2b: Kingambit|Sucker Punch||[still]
|-fail|p2b: Kingambit
|move|p1a: Mawile|Play Rough|p2b: Kingambit
|-damage|p2b: Kingambit|0 fnt
|faint|p2b: Kingambit
|move|p2a: Basculegion|Last Respects|p1a: Mawile
|-damage|p1a: Mawile|0 fnt
|faint|p1a: Mawile
|
|-fieldend|move: Trick Room
|upkeep
|
|t:|1784837998
|switch|p1a: Garchomp|Garchomp, L50, F|90/100
|turn|6
|
|t:|1784838010
|move|p2a: Basculegion|Protect|p2a: Basculegion
|-singleturn|p2a: Basculegion|Protect
|move|p1a: Garchomp|Dragon Claw|p2a: Basculegion
|-activate|p2a: Basculegion|move: Protect
|move|p1b: Basculegion|Last Respects|p2a: Basculegion
|-activate|p2a: Basculegion|move: Protect
|
|upkeep
|turn|7
|
|t:|1784838019
|move|p2a: Basculegion|Aqua Jet|p1b: Basculegion
|-resisted|p1b: Basculegion|1
|-damage|p1b: Basculegion|13/100
|move|p1a: Garchomp|Dragon Claw|p2a: Basculegion
|-damage|p2a: Basculegion|42/100
|-enditem|p2a: Basculegion|Sitrus Berry|[eat]
|-heal|p2a: Basculegion|67/100|[from] item: Sitrus Berry
|-damage|p1a: Garchomp|80/100|[from] item: Life Orb
|move|p1b: Basculegion|Last Respects|p2a: Basculegion
|-supereffective|p2a: Basculegion|1
|-damage|p2a: Basculegion|0 fnt
|faint|p2a: Basculegion
|
|win|ethical sga
|raw|ethical sga's rating: 1134 → 1161(+27 for winning)
|raw|vibe1300's rating: 1156 → 1129(-27 for losing)
