|j|☆sedrav
|j|☆Permasona
|html|sedravPermasona    
|uhtml|bestof|Game 2 of a best-of-3
|t:|1757015713
|gametype|doubles
|player|p1|sedrav|hilbert|1258
|player|p2|Permasona|sabrina|1184
|gen|9
|tier|[Gen 9] VGC 2025 Reg H (Bo3)
|rated|
|rule|Species Clause: Limit one of each Pokémon
|rule|Item Clause: Limit 1 of each item
|clearpoke
|poke|p1|Garchomp, L50, M|
|poke|p1|Talonflame, L50, M|
|poke|p1|Gholdengo, L50|
|poke|p1|Tyranitar, L50, F|
|poke|p1|Amoonguss, L50, F|
|poke|p1|Milotic, L50, M|
|poke|p2|Gholdengo, L50|
|poke|p2|Archaludon, L50, M|
|poke|p2|Amoonguss, L50, M|
|poke|p2|Ursaluna-Bloodmoon, L50, M|
|poke|p2|Incineroar, L50, F|
|poke|p2|Farigiraf, L50, M|
|teampreview|4
|showteam|p1|Garchomp||LifeOrb|RoughSkin|DragonClaw,StompingTantrum,Earthquake,Protect|||M|||50|,,,,,Fairy]Talonflame||CovertCloak|GaleWings|BraveBird,Tailwind,WillOWisp,Taunt|||M|||50|,,,,,Grass]Gholdengo||MetalCoat|GoodasGold|MakeItRain,ShadowBall,NastyPlot,Protect||||||50|,,,,,Flying]Tyranitar||AssaultVest|SandStream|RockSlide,KnockOff,LowKick,TeraBlast|||F|||50|,,,,,Flying]Amoonguss||SitrusBerry|Regenerator|Spore,RagePowder,PollenPuff,Protect|||F|||50|,,,,,Water]Milotic||SafetyGoggles|Competitive|Scald,IcyWind,Haze,Protect|||M|||50|,,,,,Dragon
|showteam|p2|Gholdengo||MetalCoat|GoodasGold|MakeItRain,ShadowBall,Protect,NastyPlot||||||50|,,,,,Dragon]Archaludon||AssaultVest|Stamina|BodyPress,DragonPulse,FlashCannon,ElectroShot|||M|||50|,,,,,Ghost]Amoonguss||CovertCloak|Regenerator|PollenPuff,Spore,SludgeBomb,RagePowder|||M|||50|,,,,,Fire]Ursaluna-Bloodmoon||LifeOrb|MindsEye|EarthPower,BloodMoon,Protect,HyperVoice|||M|||50|,,,,,Normal]Incineroar||SitrusBerry|Intimidate|KnockOff,PartingShot,FakeOut,FlareBlitz|||F|||50|,,,,,Grass]Farigiraf||SafetyGoggles|ArmorTail|TwinBeam,TrickRoom,RainDance,TeraBlast|||M|||50|,,,,,Water
|inactive|Battle timer is ON: inactive players will automatically lose when time's up. (requested by Permasona)
|
|t:|1757015739
|teamsize|p1|4
|teamsize|p2|4
|start
|switch|p1a: Gholdengo|Gholdengo, L50|100/100
|switch|p1b: Milotic|Milotic, L50, M|100/100
|switch|p2a: Farigiraf|Farigiraf, L50, M|100/100
|switch|p2b: Gholdengo|Gholdengo, L50|100/100
|turn|1
|inactive|sedrav has 30 seconds left.
|
|t:|1757015767
|switch|p1a: Tyranitar|Tyranitar, L50, F|100/100
|-weather|Sandstorm|[from] ability: Sand Stream|[of] p1a: Tyranitar
|-terastallize|p2a: Farigiraf|Water
|move|p2b: Gholdengo|Shadow Ball|p1a: Tyranitar
|-resisted|p1a: Tyranitar
|-damage|p1a: Tyranitar|91/100
|-unboost|p1a: Tyranitar|spd|1
|move|p1b: Milotic|Scald|p2b: Gholdengo
|-damage|p2b: Gholdengo|67/100
|move|p2a: Farigiraf|Trick Room|p2a: Farigiraf
|-fieldstart|move: Trick Room|[of] p2a: Farigiraf
|
|-weather|Sandstorm|[upkeep]
|upkeep
|turn|2
|inactive|sedrav has 30 seconds left.
|
|t:|1757015802
|switch|p2a: Ursaluna|Ursaluna-Bloodmoon, L50, M|100/100
|move|p2b: Gholdengo|Protect|p2b: Gholdengo
|-singleturn|p2b: Gholdengo|Protect
|move|p1a: Tyranitar|Knock Off|p2a: Ursaluna
|-damage|p2a: Ursaluna|61/100
|-enditem|p2a: Ursaluna|Life Orb|[from] move: Knock Off|[of] p1a: Tyranitar
|move|p1b: Milotic|Haze|p1b: Milotic
|-clearallboost
|
|-weather|Sandstorm|[upkeep]
|upkeep
|turn|3
|inactive|sedrav has 30 seconds left.
|inactive|Permasona has 30 seconds left.
|
|t:|1757015832
|switch|p1a: Amoonguss|Amoonguss, L50, F|100/100
|move|p2a: Ursaluna|Hyper Voice|p1b: Milotic|[spread] p1a,p1b
|-damage|p1a: Amoonguss|69/100
|-damage|p1b: Milotic|74/100
|move|p1b: Milotic|Scald|p2a: Ursaluna
|-supereffective|p2a: Ursaluna
|-damage|p2a: Ursaluna|0 fnt
|faint|p2a: Ursaluna
|move|p2b: Gholdengo|Make It Rain|p1b: Milotic|[spread] p1a,p1b
|-resisted|p1b: Milotic
|-damage|p1a: Amoonguss|17/100
|-damage|p1b: Milotic|52/100
|-unboost|p2b: Gholdengo|spa|1
|-enditem|p1a: Amoonguss|Sitrus Berry|[eat]
|-heal|p1a: Amoonguss|42/100|[from] item: Sitrus Berry
|
|-weather|Sandstorm|[upkeep]
|-damage|p1a: Amoonguss|36/100|[from] Sandstorm
|upkeep
|
|t:|1757015841
|switch|p2a: Farigiraf|Farigiraf, L50, M, tera:Water|100/100
|turn|4
|
|t:|1757015857
|switch|p1a: Tyranitar|Tyranitar, L50, F|91/100
|move|p2a: Farigiraf|Twin Beam|p1a: Tyranitar
|-immune|p1a: Tyranitar
|move|p1b: Milotic|Scald|p2b: Gholdengo
|-crit|p2b: Gholdengo
|-damage|p2b: Gholdengo|18/100
|move|p2b: Gholdengo|Nasty Plot|p2b: Gholdengo
|-boost|p2b: Gholdengo|spa|2
|
|-weather|Sandstorm|[upkeep]
|upkeep
|turn|5
|
|t:|1757015872
|move|p2b: Gholdengo|Protect|p2b: Gholdengo
|-singleturn|p2b: Gholdengo|Protect
|move|p2a: Farigiraf|Rain Dance|p2a: Farigiraf
|-weather|RainDance
|move|p1a: Tyranitar|Knock Off|p2a: Farigiraf
|-damage|p2a: Farigiraf|48/100
|-enditem|p2a: Farigiraf|Safety Goggles|[from] move: Knock Off|[of] p1a: Tyranitar
|move|p1b: Milotic|Haze|p1b: Milotic
|-clearallboost
|
|-weather|RainDance|[upkeep]
|-fieldend|move: Trick Room
|upkeep
|turn|6
|inactive|Permasona has 30 seconds left.
|
|t:|1757015900
|switch|p1a: Gholdengo|Gholdengo, L50|100/100
|move|p2b: Gholdengo|Shadow Ball|p1a: Gholdengo
|-supereffective|p1a: Gholdengo
|-damage|p1a: Gholdengo|3/100
|move|p1b: Milotic|Scald|p2b: Gholdengo
|-damage|p2b: Gholdengo|0 fnt
|faint|p2b: Gholdengo
|move|p2a: Farigiraf|Twin Beam|p1b: Milotic
|-damage|p1b: Milotic|38/100
|-damage|p1b: Milotic|25/100
|-hitcount|p1b: Milotic|2
|
|-weather|RainDance|[upkeep]
|upkeep
|
|t:|1757015902
|switch|p2b: Incineroar|Incineroar, L50, F|100/100
|-ability|p2b: Incineroar|Intimidate|boost
|-unboost|p1a: Gholdengo|atk|1
|-unboost|p1b: Milotic|atk|1
|-ability|p1b: Milotic|Competitive|boost
|-boost|p1b: Milotic|spa|2
|turn|7
|
|t:|1757015921
|move|p1b: Milotic|Protect|p1b: Milotic
|-singleturn|p1b: Milotic|Protect
|move|p2b: Incineroar|Fake Out|p1b: Milotic
|-activate|p1b: Milotic|move: Protect
|move|p1a: Gholdengo|Shadow Ball|p2a: Farigiraf
|-damage|p2a: Farigiraf|13/100
|move|p2a: Farigiraf|Trick Room|p2a: Farigiraf
|-fieldstart|move: Trick Room|[of] p2a: Farigiraf
|
|-weather|RainDance|[upkeep]
|upkeep
|turn|8
|
|t:|1757015942
|move|p2b: Incineroar|Knock Off|p1b: Milotic
|-damage|p1b: Milotic|0 fnt
|-enditem|p1b: Milotic|Safety Goggles|[from] move: Knock Off|[of] p2b: Incineroar
|faint|p1b: Milotic
|move|p2a: Farigiraf|Tera Blast|p1a: Gholdengo|[anim] Tera Blast Water
|-damage|p1a: Gholdengo|0 fnt
|faint|p1a: Gholdengo
|
|-weather|RainDance|[upkeep]
|upkeep
|
|t:|1757015951
|switch|p1b: Tyranitar|Tyranitar, L50, F|91/100
|switch|p1a: Amoonguss|Amoonguss, L50, F|69/100
|-weather|Sandstorm|[from] ability: Sand Stream|[of] p1b: Tyranitar
|turn|9
|
|t:|1757015969
|-terastallize|p1a: Amoonguss|Water
|move|p1a: Amoonguss|Spore|p2b: Incineroar
|-status|p2b: Incineroar|slp|[from] move: Spore
|cant|p2b: Incineroar|slp
|move|p2a: Farigiraf|Tera Blast|p1b: Tyranitar|[anim] Tera Blast Water
|-supereffective|p1b: Tyranitar
|-damage|p1b: Tyranitar|64/100
|move|p1b: Tyranitar|Knock Off|p2a: Farigiraf
|-damage|p2a: Farigiraf|0 fnt
|faint|p2a: Farigiraf
|
|-weather|Sandstorm|[upkeep]
|-damage|p1a: Amoonguss|63/100|[from] Sandstorm
|-damage|p2b: Incineroar|95/100 slp|[from] Sandstorm
|upkeep
|turn|10
|-message|Permasona forfeited.
|
|win|sedrav
|raw|sedrav's rating: 1258 → 1278(+20 for winning)
|raw|Permasona's rating: 1184 → 1164(-20 for losing)
|l|☆Permasona
|player|p2|
