|j|☆ageil2
|j|☆CrawlingKingSnake
|html|ageil2CrawlingKingSnake    
|uhtml|bestof|Game 1 of a best-of-3
|t:|1785291260
|gametype|doubles
|player|p1|ageil2|266|1366
|player|p2|CrawlingKingSnake|kamado-armor|1238
|gen|9
|tier|[Gen 9 Champions] VGC 2026 Reg M-B (Bo3)
|rated|
|rule|Species Clause: Limit one of each Pokémon
|rule|Item Clause: Limit 1 of each item
|clearpoke
|poke|p1|Raichu, L50, M|
|poke|p1|Sylveon, L50, F|
|poke|p1|Staraptor, L50, M|
|poke|p1|Incineroar, L50, M|
|poke|p1|Toxapex, L50, M|
|poke|p1|Annihilape, L50, M|
|poke|p2|Floette-Eternal, L50, F|
|poke|p2|Palafin, L50, M, shiny|
|poke|p2|Incineroar, L50, F|
|poke|p2|Toxapex, L50, M|
|poke|p2|Delphox, L50, F|
|poke|p2|Kingambit, L50, M|
|teampreview|4
|showteam|p1|Raichu||RaichuniteY|LightningRod|ZapCannon,FocusBlast,FakeOut,Protect|Timid||M|||50|]Sylveon||SitrusBerry|Pixilate|HyperVoice,Moonblast,CalmMind,Detect|Modest||F|||50|]Staraptor||Staraptite|Intimidate|CloseCombat,BraveBird,Tailwind,Protect|Jolly||M|||50|]Incineroar||PasshoBerry|Intimidate|FakeOut,PartingShot,FlareBlitz,DarkestLariat|Impish||M|||50|]Toxapex||Leftovers|Regenerator|Toxic,Infestation,WideGuard,BanefulBunker|Sassy||M|||50|]Annihilape||ChoiceScarf|Defiant|PhantomForce,CloseCombat,RockSlide,IcePunch|Adamant||M|||50|
|showteam|p2|Floette-Eternal||Floettite|FlowerVeil|DazzlingGleam,DrainingKiss,CalmMind,Protect|Modest||F|||50|]Palafin||LifeOrb|ZerotoHero|WaveCrash,JetPunch,CloseCombat,Protect|Adamant||M|||50|]Incineroar||SitrusBerry|Intimidate|FlareBlitz,FakeOut,DarkestLariat,PartingShot|Careful||F|||50|]Toxapex||Leftovers|Regenerator|Infestation,Toxic,WideGuard,BanefulBunker|Bold||M|||50|]Delphox||Delphoxite|Blaze|HeatWave,Psychic,Substitute,Protect|Timid||F|||50|]Kingambit||FocusSash|Defiant|KowtowCleave,SuckerPunch,IronHead,LowKick|Adamant||M|||50|
|inactive|Battle timer is ON: inactive players will automatically lose when time's up. (requested by CrawlingKingSnake)
|inactive|ageil2 has 60 seconds left.
|inactive|CrawlingKingSnake has 60 seconds left.
|
|t:|1785291314
|teamsize|p1|4
|teamsize|p2|4
|start
|switch|p1a: Raichu|Raichu, L50, M|100/100
|switch|p1b: Annihilape|Annihilape, L50, M|100/100
|switch|p2a: Floette|Floette-Eternal, L50, F|100/100
|switch|p2b: Palafin|Palafin, L50, M, shiny|100/100
|turn|1
|inactive|CrawlingKingSnake has 30 seconds left.
|
|t:|1785291339
|switch|p1b: Toxapex|Toxapex, L50, M|100/100
|detailschange|p2b: Palafin|Palafin-Hero, L50, M, shiny
|switch|p2b: Kingambit|Kingambit, L50, M|100/100
|detailschange|p1a: Raichu|Raichu-Mega-Y, L50, M
|-mega|p1a: Raichu|Raichu|Raichunite Y
|detailschange|p2a: Floette|Floette-Mega, L50, F
|-mega|p2a: Floette|Floette|Floettite
|-ability|p2a: Floette|Fairy Aura
|move|p2a: Floette|Protect|p2a: Floette
|-singleturn|p2a: Floette|Protect
|move|p1a: Raichu|Zap Cannon|p2b: Kingambit
|-damage|p2b: Kingambit|23/100
|-status|p2b: Kingambit|par
|
|upkeep
|turn|2
|inactive|ageil2 has 30 seconds left.
|inactive|CrawlingKingSnake has 30 seconds left.
|inactive|CrawlingKingSnake has 20 seconds left.
|
|t:|1785291376
|move|p1a: Raichu|Zap Cannon|p2b: Kingambit
|-damage|p2b: Kingambit|0 fnt
|faint|p2b: Kingambit
|move|p2a: Floette|Calm Mind|p2a: Floette
|-boost|p2a: Floette|spa|1
|-boost|p2a: Floette|spd|1
|move|p1b: Toxapex|Toxic|p2a: Floette
|-status|p2a: Floette|tox
|
|-damage|p2a: Floette|93/100 tox|[from] psn
|upkeep
|
|t:|1785291388
|switch|p2b: Incineroar|Incineroar, L50, F|100/100
|-ability|p2b: Incineroar|Intimidate|boost
|-unboost|p1a: Raichu|atk|1
|-unboost|p1b: Toxapex|atk|1
|turn|3
|
|t:|1785291401
|move|p1a: Raichu|Protect|p1a: Raichu
|-singleturn|p1a: Raichu|Protect
|move|p2b: Incineroar|Fake Out|p1b: Toxapex
|-damage|p1b: Toxapex|92/100
|move|p2a: Floette|Dazzling Gleam|p1b: Toxapex|[spread] p1b
|-activate|p1a: Raichu|move: Protect
|-resisted|p1b: Toxapex|1
|-damage|p1b: Toxapex|70/100
|cant|p1b: Toxapex|flinch
|
|-heal|p1b: Toxapex|75/100|[from] item: Leftovers
|-damage|p2a: Floette|81/100 tox|[from] psn
|upkeep
|turn|4
|
|t:|1785291418
|switch|p1a: Incineroar|Incineroar, L50, M|100/100
|-ability|p1a: Incineroar|Intimidate|boost
|-unboost|p2a: Floette|atk|1
|-unboost|p2b: Incineroar|atk|1
|move|p2a: Floette|Draining Kiss|p1a: Incineroar
|-damage|p1a: Incineroar|54/100
|-heal|p2a: Floette|100/100 tox|[from] drain|[of] p1a: Incineroar
|move|p2b: Incineroar|Flare Blitz|p1a: Incineroar
|-resisted|p1a: Incineroar|1
|-damage|p1a: Incineroar|39/100
|-damage|p2b: Incineroar|95/100|[from] Recoil
|move|p1b: Toxapex|Infestation|p2a: Floette
|-resisted|p2a: Floette|1
|-damage|p2a: Floette|99/100 tox
|-activate|p2a: Floette|move: Infestation|[of] p1b: Toxapex
|
|-heal|p1b: Toxapex|81/100|[from] item: Leftovers
|-damage|p2a: Floette|80/100 tox|[from] psn
|-damage|p2a: Floette|68/100 tox|[from] move: Infestation|[partiallytrapped]
|upkeep
|turn|5
|
|t:|1785291430
|move|p1a: Incineroar|Fake Out|p2a: Floette
|-damage|p2a: Floette|54/100 tox
|cant|p2a: Floette|flinch
|move|p2b: Incineroar|Parting Shot|p1b: Toxapex
|-unboost|p1b: Toxapex|atk|1
|-unboost|p1b: Toxapex|spa|1
|
|t:|1785291432
|switch|p2b: Palafin|Palafin-Hero, L50, M, shiny|100/100|[from] Parting Shot
|-activate|p2b: Palafin|ability: Zero to Hero
|move|p1b: Toxapex|Toxic|p2b: Palafin
|-status|p2b: Palafin|tox
|
|-heal|p1b: Toxapex|87/100|[from] item: Leftovers
|-damage|p2a: Floette|29/100 tox|[from] psn
|-damage|p2b: Palafin|93/100 tox|[from] psn
|-damage|p2a: Floette|17/100 tox|[from] move: Infestation|[partiallytrapped]
|upkeep
|turn|6
|inactive|CrawlingKingSnake has 30 seconds left.
|inactive|CrawlingKingSnake has 20 seconds left.
|inactive|CrawlingKingSnake has 15 seconds left.
|inactive|CrawlingKingSnake has 10 seconds left.
|
|t:|1785291477
|move|p2a: Floette|Draining Kiss|p1b: Toxapex
|-resisted|p1b: Toxapex|1
|-damage|p1b: Toxapex|68/100
|-heal|p2a: Floette|30/100 tox|[from] drain|[of] p1b: Toxapex
|move|p2b: Palafin|Wave Crash|p1b: Toxapex
|-resisted|p1b: Toxapex|1
|-damage|p1b: Toxapex|31/100
|-damage|p2b: Palafin|83/100 tox|[from] Recoil
|-damage|p2b: Palafin|73/100 tox|[from] item: Life Orb
|move|p1a: Incineroar|Parting Shot|p2b: Palafin
|-unboost|p2b: Palafin|atk|1
|-unboost|p2b: Palafin|spa|1
|
|t:|1785291486
|switch|p1a: Raichu|Raichu-Mega-Y, L50, M|100/100|[from] Parting Shot
|move|p1b: Toxapex|Infestation|p2b: Palafin
|-damage|p2b: Palafin|71/100 tox
|-activate|p2b: Palafin|move: Infestation|[of] p1b: Toxapex
|
|-heal|p1b: Toxapex|36/100|[from] item: Leftovers
|-damage|p2a: Floette|0 fnt|[from] psn
|faint|p2a: Floette
|-damage|p2b: Palafin|58/100 tox|[from] psn
|-damage|p2b: Palafin|46/100 tox|[from] move: Infestation|[partiallytrapped]
|upkeep
|
|t:|1785291488
|switch|p2a: Incineroar|Incineroar, L50, F|95/100
|-ability|p2a: Incineroar|Intimidate|boost
|-unboost|p1a: Raichu|atk|1
|-unboost|p1b: Toxapex|atk|1
|turn|7
|-message|CrawlingKingSnake forfeited.
|
|win|ageil2
||CrawlingKingSnake is ready for game 2.
|inactive|ageil2 has 30 seconds to confirm battle start!
|l|☆ageil2
|player|p1|
||ageil2 is ready for game 2.
|uhtml|next|Next: Game 2 of 3
