|j|☆thoming
|j|☆MugiwaraLux
|html|thomingMugiwaraLux    
|uhtml|bestof|Game 2 of a best-of-3
|t:|1785831974
|gametype|doubles
|player|p1|thoming|1|1322
|player|p2|MugiwaraLux|cynthia-masters4|1389
|gen|9
|tier|[Gen 9 Champions] VGC 2026 Reg M-B (Bo3)
|rated|
|rule|Species Clause: Limit one of each Pokémon
|rule|Item Clause: Limit 1 of each item
|clearpoke
|poke|p1|Glimmora, L50, M|
|poke|p1|Talonflame, L50, M|
|poke|p1|Ninetales-Alola, L50, M|
|poke|p1|Basculegion, L50, M|
|poke|p1|Kommo-o, L50, F|
|poke|p1|Kingambit, L50, F|
|poke|p2|Garchomp, L50, F|
|poke|p2|Venusaur, L50, F|
|poke|p2|Incineroar, L50, M|
|poke|p2|Charizard, L50, F|
|poke|p2|Toxapex, L50, M|
|poke|p2|Annihilape, L50, F|
|teampreview|4
|showteam|p1|Glimmora||Glimmoranite|ToxicDebris|SpikyShield,PowerGem,SludgeBomb,EarthPower|Modest||M|||50|]Talonflame||SharpBeak|GaleWings|BraveBird,WillOWisp,Tailwind,Protect|Jolly||M|||50|]Ninetales-Alola||NeverMeltIce|SnowWarning|Blizzard,FreezeDry,Encore,Protect|Timid||M|||50|]Basculegion||ChoiceScarf|Adaptability|WaveCrash,FlipTurn,LastRespects,AquaJet|Jolly||M|||50|]Kommo-o||LifeOrb|Soundproof|AuraSphere,ClangingScales,DracoMeteor,Protect|Modest||F|||50|]Kingambit||FocusSash|Defiant|LowKick,KowtowCleave,SuckerPunch,IronHead|Adamant||F|||50|
|showteam|p2|Garchomp||ChoiceScarf|RoughSkin|Earthquake,RockSlide,DragonClaw,StompingTantrum|Adamant||F|||50|]Venusaur||LifeOrb|Chlorophyll|SludgeBomb,LeafStorm,EarthPower,Protect|Modest||F|||50|]Incineroar||SitrusBerry|Intimidate|FakeOut,FlareBlitz,ThroatChop,PartingShot|Impish||M|||50|]Charizard||CharizarditeY|Blaze|HeatWave,WeatherBall,Protect,HelpingHand|Modest||F|||50|]Toxapex||Leftovers|Regenerator|Infestation,Toxic,WideGuard,BanefulBunker|Impish||M|||50|]Annihilape||FocusSash|Defiant|CloseCombat,PhantomForce,RockTomb,Protect|Jolly||F|||50|
|inactive|Battle timer is ON: inactive players will automatically lose when time's up. (requested by MugiwaraLux)
|c|☆MugiwaraLux|that chomp performance was a 96 bulls performance
|inactive|MugiwaraLux has 60 seconds left.
|c|☆thoming|yeah he was getting stops like pippin
|c|☆MugiwaraLux|bro was landing hits like a jordan going for a dunk
|inactive|MugiwaraLux has 30 seconds left.
|inactive|MugiwaraLux has 20 seconds left.
|
|t:|1785832045
|teamsize|p1|4
|teamsize|p2|4
|start
|switch|p1a: Basculegion|Basculegion, L50, M|100/100
|switch|p1b: Glimmora|Glimmora, L50, M|100/100
|switch|p2a: Garchomp|Garchomp, L50, F|100/100
|switch|p2b: Incineroar|Incineroar, L50, M|100/100
|-ability|p2b: Incineroar|Intimidate|boost
|-unboost|p1a: Basculegion|atk|1
|-unboost|p1b: Glimmora|atk|1
|turn|1
|
|t:|1785832056
|switch|p2b: Charizard|Charizard, L50, F|100/100
|move|p1b: Glimmora|Spiky Shield|p1b: Glimmora
|-singleturn|p1b: Glimmora|move: Protect
|move|p2a: Garchomp|Earthquake|p1b: Glimmora|[spread] p1a
|-activate|p1b: Glimmora|move: Protect
|-immune|p2b: Charizard
|-damage|p1a: Basculegion|45/100
|move|p1a: Basculegion|Flip Turn|p2b: Charizard
|-supereffective|p2b: Charizard|1
|-damage|p2b: Charizard|46/100
|
|t:|1785832071
|switch|p1a: Talonflame|Talonflame, L50, M|100/100|[from] Flip Turn
|
|upkeep
|turn|2
|
|t:|1785832087
|switch|p2a: Incineroar|Incineroar, L50, M|100/100
|-ability|p2a: Incineroar|Intimidate|boost
|-unboost|p1a: Talonflame|atk|1
|-unboost|p1b: Glimmora|atk|1
|switch|p1b: Kommo-o|Kommo-o, L50, F|100/100
|detailschange|p2b: Charizard|Charizard-Mega-Y, L50, F
|-mega|p2b: Charizard|Charizard|Charizardite Y
|-weather|SunnyDay|[from] ability: Drought|[of] p2b: Charizard
|move|p1a: Talonflame|Brave Bird|p2b: Charizard
|-damage|p2b: Charizard|7/100
|-damage|p1a: Talonflame|87/100|[from] Recoil
|move|p2b: Charizard|Heat Wave|p1b: Kommo-o|[spread] p1a
|-miss|p2b: Charizard|p1b: Kommo-o
|-resisted|p1a: Talonflame|1
|-damage|p1a: Talonflame|46/100
|
|-weather|SunnyDay|[upkeep]
|upkeep
|turn|3
|
|t:|1785832112
|move|p2a: Incineroar|Fake Out|p1a: Talonflame
|-damage|p1a: Talonflame|32/100
|cant|p1a: Talonflame|flinch
|move|p2b: Charizard|Weather Ball|p1a: Talonflame
|-resisted|p1a: Talonflame|1
|-damage|p1a: Talonflame|0 fnt
|faint|p1a: Talonflame
|move|p1b: Kommo-o|Clanging Scales|p2b: Charizard|[spread] p2a,p2b
|-damage|p2a: Incineroar|55/100
|-damage|p2b: Charizard|0 fnt
|faint|p2b: Charizard
|-unboost|p1b: Kommo-o|def|1
|-damage|p1b: Kommo-o|90/100|[from] item: Life Orb
|
|-weather|SunnyDay|[upkeep]
|upkeep
|
|t:|1785832119
|switch|p1a: Basculegion|Basculegion, L50, M|45/100
|switch|p2b: Garchomp|Garchomp, L50, F|100/100
|turn|4
|
|t:|1785832138
|move|p2b: Garchomp|Dragon Claw|p1b: Kommo-o
|-supereffective|p1b: Kommo-o|1
|-damage|p1b: Kommo-o|0 fnt
|faint|p1b: Kommo-o
|move|p1a: Basculegion|Last Respects|p2b: Garchomp
|-damage|p2b: Garchomp|8/100
|move|p2a: Incineroar|Throat Chop|p1a: Basculegion
|-supereffective|p1a: Basculegion|1
|-damage|p1a: Basculegion|0 fnt
|faint|p1a: Basculegion
|
|-weather|SunnyDay|[upkeep]
|upkeep
|
|t:|1785832143
|switch|p1a: Glimmora|Glimmora, L50, M|100/100
|turn|5
|
|t:|1785832153
|switch|p2b: Toxapex|Toxapex, L50, M|100/100
|detailschange|p1a: Glimmora|Glimmora-Mega, L50, M
|-mega|p1a: Glimmora|Glimmora|Glimmoranite
|move|p1a: Glimmora|Power Gem|p2a: Incineroar
|-supereffective|p2a: Incineroar|1
|-damage|p2a: Incineroar|0 fnt
|faint|p2a: Incineroar
|
|-weather|SunnyDay|[upkeep]
|upkeep
|
|t:|1785832161
|switch|p2a: Garchomp|Garchomp, L50, F|8/100
|turn|6
|c|☆MugiwaraLux|ggs
|c|☆thoming|gg
|
|t:|1785832173
|move|p2b: Toxapex|Wide Guard|p2b: Toxapex
|-singleturn|p2b: Toxapex|Wide Guard
|move|p2a: Garchomp|Earthquake|p1a: Glimmora|[spread] p1a
|-activate|p2b: Toxapex|move: Wide Guard
|-supereffective|p1a: Glimmora|2
|-damage|p1a: Glimmora|0 fnt
|faint|p1a: Glimmora
|
|win|MugiwaraLux
|raw|thoming's rating: 1322 → 1306(-16 for losing)
|raw|MugiwaraLux's rating: 1389 → 1405(+16 for winning)
|c|☆MugiwaraLux|sorry bout g1
|l|☆thoming
|player|p1|
