|j|☆egopegolegotego
|j|☆BestDefense
|html|egopegolegotegoBestDefense    
|uhtml|bestof|Game 1 of a best-of-3
|t:|1784215995
|gametype|doubles
|player|p1|egopegolegotego|hooligans|1117
|player|p2|BestDefense|170|1080
|gen|9
|tier|[Gen 9 Champions] VGC 2026 Reg M-B (Bo3)
|rated|
|rule|Species Clause: Limit one of each Pokémon
|rule|Item Clause: Limit 1 of each item
|clearpoke
|poke|p1|Tyranitar, L50, F|
|poke|p1|Excadrill, L50, M|
|poke|p1|Corviknight, L50, M|
|poke|p1|Garchomp, L50, F|
|poke|p1|Sinistcha, L50|
|poke|p1|Basculegion, L50, M|
|poke|p2|Banette, L50, M, shiny|
|poke|p2|Blastoise, L50, F, shiny|
|poke|p2|Incineroar, L50, M, shiny|
|poke|p2|Farigiraf, L50, F, shiny|
|poke|p2|Kommo-o, L50, F, shiny|
|poke|p2|Whimsicott, L50, M, shiny|
|teampreview|4
|showteam|p1|Tyranitar||Tyranitarite|SandStream|RockSlide,KnockOff,DragonDance,Protect|Adamant||F|||50|]Excadrill||FocusSash|SandRush|IronHead,Earthquake,RockSlide,Protect|Adamant||M|||50|]Corviknight||Leftovers|MirrorArmor|BraveBird,IronHead,Roost,Protect|Careful||M|||50|]Garchomp||LifeOrb|RoughSkin|DragonClaw,Earthquake,StompingTantrum,Protect|Adamant||F|||50|]Sinistcha||KasibBerry|Hospitality|RagePowder,MatchaGotcha,TrickRoom,Protect|Relaxed|||||50|]Basculegion||ChoiceScarf|Adaptability|LastRespects,FlipTurn,WaveCrash,IceFang|Jolly||M|||50|
|showteam|p2|Banette||Banettite|Insomnia|GunkShot,ShadowSneak,PsychUp,WillOWisp|Impish||M|||50|]Blastoise||Blastoisinite|Torrent|WaterSpout,AuraSphere,IceBeam,Protect|Modest||F|||50|]Incineroar||SitrusBerry|Intimidate|FakeOut,FlareBlitz,DarkestLariat,PartingShot|Careful||M|||50|]Farigiraf||ColburBerry|ArmorTail|TwinBeam,Thunderbolt,TrickRoom,Protect|Modest||F|||50|]Kommo-o||Leftovers|Soundproof|DrainPunch,IronHead,ClangorousSoul,Protect|Adamant||F|||50|]Whimsicott||FocusSash|Prankster|Moonblast,Tailwind,Encore,Endeavor|Timid||M|||50|
|inactive|Battle timer is ON: inactive players will automatically lose when time's up. (requested by BestDefense)
|inactive|egopegolegotego has 60 seconds left.
|inactive|egopegolegotego has 30 seconds left.
|inactive|egopegolegotego has 20 seconds left.
|inactive|egopegolegotego has 15 seconds left.
|inactive|egopegolegotego has 10 seconds left.
|inactive|egopegolegotego has 5 seconds left.
|
|t:|1784216083
|teamsize|p1|4
|teamsize|p2|4
|start
|switch|p1a: Tyranitar|Tyranitar, L50, F|100/100
|switch|p1b: Excadrill|Excadrill, L50, M|100/100
|switch|p2a: Blastoise|Blastoise, L50, F, shiny|100/100
|switch|p2b: Whimsicott|Whimsicott, L50, M, shiny|100/100
|-weather|Sandstorm|[from] ability: Sand Stream|[of] p1a: Tyranitar
|turn|1
|inactive|egopegolegotego has 30 seconds left.
|inactive|egopegolegotego has 20 seconds left.
|inactive|egopegolegotego has 15 seconds left.
|inactive|egopegolegotego has 10 seconds left.
|inactive|BestDefense has 30 seconds left.
|
|t:|1784216129
|switch|p1a: Corviknight|Corviknight, L50, M|100/100
|detailschange|p2a: Blastoise|Blastoise-Mega, L50, F, shiny
|-mega|p2a: Blastoise|Blastoise|Blastoisinite
|move|p2b: Whimsicott|Tailwind|p2b: Whimsicott
|-sidestart|p2: BestDefense|move: Tailwind
|move|p1b: Excadrill|Earthquake|p2a: Blastoise|[spread] p2a,p2b
|-immune|p1a: Corviknight
|-resisted|p2b: Whimsicott|1
|-damage|p2a: Blastoise|60/100
|-damage|p2b: Whimsicott|64/100
|move|p2a: Blastoise|Aura Sphere|p1b: Excadrill
|-supereffective|p1b: Excadrill|1
|-enditem|p1b: Excadrill|Focus Sash
|-damage|p1b: Excadrill|1/100
|
|-weather|Sandstorm|[upkeep]
|-damage|p2b: Whimsicott|59/100|[from] Sandstorm
|-damage|p2a: Blastoise|54/100|[from] Sandstorm
|upkeep
|turn|2
|inactive|egopegolegotego has 30 seconds left.
|inactive|egopegolegotego has 20 seconds left.
|inactive|egopegolegotego has 15 seconds left.
|inactive|egopegolegotego has 10 seconds left.
|
|t:|1784216175
|switch|p2a: Incineroar|Incineroar, L50, M, shiny|100/100
|-ability|p2a: Incineroar|Intimidate|boost
|-ability|p1a: Corviknight|Mirror Armor
|-unboost|p2a: Incineroar|atk|1
|-unboost|p1b: Excadrill|atk|1
|move|p1b: Excadrill|Protect|p1b: Excadrill
|-singleturn|p1b: Excadrill|Protect
|move|p2b: Whimsicott|Endeavor|p1a: Corviknight
|-damage|p1a: Corviknight|39/100
|move|p1a: Corviknight|Brave Bird|p2b: Whimsicott
|-supereffective|p2b: Whimsicott|1
|-damage|p2b: Whimsicott|0 fnt
|faint|p2b: Whimsicott
|-damage|p1a: Corviknight|26/100|[from] Recoil
|
|-weather|Sandstorm|[upkeep]
|-damage|p2a: Incineroar|94/100|[from] Sandstorm
|-heal|p1a: Corviknight|32/100|[from] item: Leftovers
|upkeep
|
|t:|1784216187
|switch|p2b: Kommo-o|Kommo-o, L50, F, shiny|100/100
|turn|3
|inactive|egopegolegotego has 30 seconds left.
|inactive|egopegolegotego has 20 seconds left.
|inactive|egopegolegotego has 15 seconds left.
|inactive|egopegolegotego has 10 seconds left.
|inactive|egopegolegotego has 5 seconds left.
|
|t:|1784216238
|switch|p1b: Tyranitar|Tyranitar, L50, F|100/100
|move|p2a: Incineroar|Fake Out|p1b: Tyranitar
|-resisted|p1b: Tyranitar|1
|-damage|p1b: Tyranitar|97/100
|move|p2b: Kommo-o|Clangorous Soul|p2b: Kommo-o
|-boost|p2b: Kommo-o|atk|1
|-boost|p2b: Kommo-o|def|1
|-boost|p2b: Kommo-o|spa|1
|-boost|p2b: Kommo-o|spd|1
|-boost|p2b: Kommo-o|spe|1
|-damage|p2b: Kommo-o|67/100
|move|p1a: Corviknight|Roost|p1a: Corviknight
|-heal|p1a: Corviknight|82/100
|-singleturn|p1a: Corviknight|move: Roost
|
|-weather|Sandstorm|[upkeep]
|-damage|p2b: Kommo-o|60/100|[from] Sandstorm
|-damage|p2a: Incineroar|88/100|[from] Sandstorm
|-heal|p2b: Kommo-o|67/100|[from] item: Leftovers
|-heal|p1a: Corviknight|88/100|[from] item: Leftovers
|upkeep
|turn|4
|inactive|egopegolegotego has 30 seconds left.
|inactive|egopegolegotego has 20 seconds left.
|inactive|egopegolegotego has 15 seconds left.
|inactive|egopegolegotego has 10 seconds left.
|
|t:|1784216284
|switch|p1b: Basculegion|Basculegion, L50, M|100/100
|move|p2b: Kommo-o|Drain Punch|p1b: Basculegion
|-immune|p1b: Basculegion
|move|p2a: Incineroar|Flare Blitz|p1a: Corviknight
|-supereffective|p1a: Corviknight|1
|-damage|p1a: Corviknight|31/100
|-damage|p2a: Incineroar|69/100|[from] Recoil
|move|p1a: Corviknight|Brave Bird|p2b: Kommo-o
|-supereffective|p2b: Kommo-o|1
|-damage|p2b: Kommo-o|21/100
|-damage|p1a: Corviknight|20/100r|[from] Recoil
|
|-weather|Sandstorm|[upkeep]
|-damage|p2b: Kommo-o|14/100|[from] Sandstorm
|-damage|p1b: Basculegion|94/100|[from] Sandstorm
|-damage|p2a: Incineroar|63/100|[from] Sandstorm
|-heal|p2b: Kommo-o|21/100|[from] item: Leftovers
|-heal|p1a: Corviknight|25/100|[from] item: Leftovers
|-sideend|p2: BestDefense|move: Tailwind
|upkeep
|turn|5
|inactive|egopegolegotego has 30 seconds left.
|inactive|egopegolegotego has 20 seconds left.
|inactive|egopegolegotego has 15 seconds left.
|inactive|egopegolegotego has 10 seconds left.
|inactive|egopegolegotego has 5 seconds left.
|
|t:|1784216334
|switch|p2a: Blastoise|Blastoise-Mega, L50, F, shiny|54/100
|move|p2b: Kommo-o|Protect|p2b: Kommo-o
|-singleturn|p2b: Kommo-o|Protect
|move|p1a: Corviknight|Protect|p1a: Corviknight
|-singleturn|p1a: Corviknight|Protect
|move|p1b: Basculegion|Last Respects|p2b: Kommo-o
|-activate|p2b: Kommo-o|move: Protect
|
|-weather|none
|-heal|p2b: Kommo-o|27/100|[from] item: Leftovers
|-heal|p1a: Corviknight|31/100|[from] item: Leftovers
|upkeep
|turn|6
|inactive|egopegolegotego has 30 seconds left.
|inactive|BestDefense has 30 seconds left.
|inactive|egopegolegotego has 20 seconds left.
|inactive|egopegolegotego has 15 seconds left.
|inactive|egopegolegotego has 10 seconds left.
|
|t:|1784216383
|move|p1b: Basculegion|Last Respects|p2a: Blastoise
|-damage|p2a: Blastoise|27/100
|move|p2b: Kommo-o|Drain Punch|p1a: Corviknight
|-damage|p1a: Corviknight|0 fnt
|-heal|p2b: Kommo-o|47/100|[from] drain|[of] p1a: Corviknight
|faint|p1a: Corviknight
|move|p2a: Blastoise|Ice Beam|p1b: Basculegion
|-resisted|p1b: Basculegion|1
|-crit|p1b: Basculegion
|-damage|p1b: Basculegion|66/100
|
|-heal|p2b: Kommo-o|54/100|[from] item: Leftovers
|upkeep
|
|t:|1784216399
|switch|p1a: Tyranitar|Tyranitar, L50, F|97/100
|-weather|Sandstorm|[from] ability: Sand Stream|[of] p1a: Tyranitar
|turn|7
|inactive|egopegolegotego has 30 seconds left.
|inactive|egopegolegotego has 20 seconds left.
|inactive|egopegolegotego has 15 seconds left.
|inactive|egopegolegotego has 10 seconds left.
|
|t:|1784216448
|move|p2b: Kommo-o|Protect|p2b: Kommo-o
|-singleturn|p2b: Kommo-o|Protect
|move|p1a: Tyranitar|Protect|p1a: Tyranitar
|-singleturn|p1a: Tyranitar|Protect
|move|p1b: Basculegion|Last Respects|p2b: Kommo-o
|-activate|p2b: Kommo-o|move: Protect
|move|p2a: Blastoise|Ice Beam|p1b: Basculegion
|-resisted|p1b: Basculegion|1
|-damage|p1b: Basculegion|47/100
|
|-weather|Sandstorm|[upkeep]
|-damage|p1b: Basculegion|41/100|[from] Sandstorm
|-damage|p2b: Kommo-o|47/100|[from] Sandstorm
|-damage|p2a: Blastoise|21/100|[from] Sandstorm
|-heal|p2b: Kommo-o|54/100|[from] item: Leftovers
|upkeep
|turn|8
|inactive|egopegolegotego has 30 seconds left.
|inactive|egopegolegotego has 20 seconds left.
|inactive|egopegolegotego has 15 seconds left.
|inactive|egopegolegotego has 10 seconds left.
|inactive|egopegolegotego has 5 seconds left.
|
|t:|1784216502
|switch|p2a: Incineroar|Incineroar, L50, M, shiny|63/100
|-ability|p2a: Incineroar|Intimidate|boost
|-unboost|p1a: Tyranitar|atk|1
|-unboost|p1b: Basculegion|atk|1
|detailschange|p1a: Tyranitar|Tyranitar-Mega, L50, F
|-mega|p1a: Tyranitar|Tyranitar|Tyranitarite
|move|p1b: Basculegion|Last Respects|p2b: Kommo-o
|-damage|p2b: Kommo-o|27/100
|move|p2b: Kommo-o|Drain Punch|p1a: Tyranitar
|-supereffective|p1a: Tyranitar|2
|-damage|p1a: Tyranitar|0 fnt
|-heal|p2b: Kommo-o|90/100|[from] drain|[of] p1a: Tyranitar
|faint|p1a: Tyranitar
|
|-weather|Sandstorm|[upkeep]
|-damage|p1b: Basculegion|35/100|[from] Sandstorm
|-damage|p2b: Kommo-o|84/100|[from] Sandstorm
|-damage|p2a: Incineroar|57/100|[from] Sandstorm
|-heal|p2b: Kommo-o|90/100|[from] item: Leftovers
|upkeep
|inactive|egopegolegotego has 30 seconds left this turn.
|inactive|egopegolegotego has 20 seconds left.
|
|t:|1784216514
|switch|p1a: Excadrill|Excadrill, L50, M|1/100
|turn|9
|inactive|egopegolegotego has 20 seconds left this turn.
|inactive|egopegolegotego has 15 seconds left.
|inactive|egopegolegotego has 10 seconds left.
|
|t:|1784216532
|move|p1a: Excadrill|Protect|p1a: Excadrill
|-singleturn|p1a: Excadrill|Protect
|move|p2b: Kommo-o|Protect|p2b: Kommo-o
|-singleturn|p2b: Kommo-o|Protect
|move|p1b: Basculegion|Last Respects|p2b: Kommo-o
|-activate|p2b: Kommo-o|move: Protect
|move|p2a: Incineroar|Darkest Lariat|p1b: Basculegion
|-supereffective|p1b: Basculegion|1
|-damage|p1b: Basculegion|0 fnt
|faint|p1b: Basculegion
|
|-weather|Sandstorm|[upkeep]
|-damage|p2b: Kommo-o|84/100|[from] Sandstorm
|-damage|p2a: Incineroar|51/100|[from] Sandstorm
|-heal|p2b: Kommo-o|90/100|[from] item: Leftovers
|upkeep
|turn|10
|inactive|egopegolegotego has 10 seconds left this turn.
|
|t:|1784216541
|move|p1a: Excadrill|Earthquake|p2a: Incineroar|[spread] p2a,p2b
|-supereffective|p2a: Incineroar|1
|-damage|p2a: Incineroar|0 fnt
|-damage|p2b: Kommo-o|66/100
|faint|p2a: Incineroar
|move|p2b: Kommo-o|Drain Punch|p1a: Excadrill
|-supereffective|p1a: Excadrill|1
|-damage|p1a: Excadrill|0 fnt
|-heal|p2b: Kommo-o|67/100|[from] drain|[of] p1a: Excadrill
|faint|p1a: Excadrill
|
|win|BestDefense
||egopegolegotego is ready for game 2.
||BestDefense is ready for game 2.
|uhtml|next|Next: Game 2 of 3
|l|☆egopegolegotego
|player|p1|
