|j|☆thymianthorsten
|j|☆doingVGCthings
|html|thymianthorstendoingVGCthings    
|uhtml|bestof|Game 1 of a best-of-3
|t:|1756245667
|gametype|doubles
|player|p1|thymianthorsten|170|1239
|player|p2|doingVGCthings|swimmer-gen4dp|1286
|gen|9
|tier|[Gen 9] VGC 2025 Reg H (Bo3)
|rated|
|rule|Species Clause: Limit one of each Pokémon
|rule|Item Clause: Limit 1 of each item
|clearpoke
|poke|p1|Garchomp, L50, F|
|poke|p1|Vivillon, L50, F|
|poke|p1|Incineroar, L50, M|
|poke|p1|Porygon2, L50|
|poke|p1|Primarina, L50, F|
|poke|p1|Gholdengo, L50|
|poke|p2|Volcarona, L50, M|
|poke|p2|Electabuzz, L50, M|
|poke|p2|Tyranitar, L50, F|
|poke|p2|Amoonguss, L50, M|
|poke|p2|Annihilape, L50, M|
|poke|p2|Mamoswine, L50, M|
|teampreview|4
|showteam|p1|Garchomp||LifeOrb|RoughSkin|DragonClaw,Earthquake,StompingTantrum,Protect|||F|||50|,,,,,Fire]Vivillon||FocusSash|CompoundEyes|Protect,Tailwind,SleepPowder,Hurricane|||F|||50|,,,,,Ghost]Incineroar||SafetyGoggles|Intimidate|FakeOut,FlareBlitz,KnockOff,PartingShot|||M|||50|,,,,,Ghost]Porygon2||Eviolite|Download|TeraBlast,IceBeam,Recover,TrickRoom||||||50|,,,,,Fighting]Primarina||ThroatSpray|LiquidVoice|HyperVoice,Moonblast,Haze,Protect|||F|||50|,,,,,Poison]Gholdengo||MetalCoat|GoodasGold|MakeItRain,ShadowBall,NastyPlot,Protect||||||50|,,,,,Dragon
|showteam|p2|Volcarona||CovertCloak|FlameBody|Protect,HeatWave,GigaDrain,QuiverDance|||M|||50|,,,,,Grass]Electabuzz||Eviolite|VitalSpirit|Protect,Electroweb,Taunt,FollowMe|||M|||50|,,,,,Ghost]Tyranitar||AssaultVest|SandStream|RockSlide,KnockOff,LowKick,TeraBlast|||F|||50|,,,,,Flying]Amoonguss||SitrusBerry|Regenerator|Protect,PollenPuff,Spore,RagePowder|||M|||50|,,,,,Fairy]Annihilape||SafetyGoggles|Defiant|Protect,RageFist,CloseCombat,Coaching|||M|||50|,,,,,Water]Mamoswine||FocusSash|Oblivious|Protect,IcicleCrash,HighHorsepower,IceShard|||M|||50|,,,,,Stellar
|inactive|Battle timer is ON: inactive players will automatically lose when time's up. (requested by doingVGCthings)
|inactive|thymianthorsten has 60 seconds left.
|inactive|doingVGCthings has 60 seconds left.
|
|t:|1756245717
|teamsize|p1|4
|teamsize|p2|4
|start
|switch|p1a: Garchomp|Garchomp, L50, F|100/100
|switch|p1b: Vivillon|Vivillon, L50, F|100/100
|switch|p2a: Volcarona|Volcarona, L50, M|100/100
|switch|p2b: Electabuzz|Electabuzz, L50, M|100/100
|turn|1
|inactive|doingVGCthings has 30 seconds left.
|
|t:|1756245746
|switch|p2b: Annihilape|Annihilape, L50, M|100/100
|move|p1a: Garchomp|Earthquake|p2b: Annihilape|[spread] p2a,p2b
|-immune|p1b: Vivillon
|-damage|p2a: Volcarona|46/100
|-damage|p2b: Annihilape|46/100
|-damage|p1a: Garchomp|91/100|[from] item: Life Orb
|move|p1b: Vivillon|Tailwind|p1b: Vivillon
|-sidestart|p1: thymianthorsten|move: Tailwind
|move|p2a: Volcarona|Heat Wave|p1a: Garchomp|[spread] p1a,p1b
|-resisted|p1a: Garchomp
|-supereffective|p1b: Vivillon
|-damage|p1a: Garchomp|71/100
|-enditem|p1b: Vivillon|Focus Sash
|-damage|p1b: Vivillon|1/100
|-status|p1b: Vivillon|brn
|
|-damage|p1b: Vivillon|0 fnt|[from] brn
|faint|p1b: Vivillon
|upkeep
|
|t:|1756245764
|switch|p1b: Primarina|Primarina, L50, F|100/100
|turn|2
|
|t:|1756245779
|move|p2a: Volcarona|Protect|p2a: Volcarona
|-singleturn|p2a: Volcarona|Protect
|move|p1a: Garchomp|Dragon Claw|p2b: Annihilape
|-damage|p2b: Annihilape|0 fnt
|faint|p2b: Annihilape
|-damage|p1a: Garchomp|61/100|[from] item: Life Orb
|move|p1b: Primarina|Hyper Voice|p2a: Volcarona
|-activate|p2a: Volcarona|move: Protect
|
|upkeep
|
|t:|1756245789
|switch|p2b: Mamoswine|Mamoswine, L50, M|100/100
|turn|3
|
|t:|1756245801
|-terastallize|p2a: Volcarona|Grass
|move|p2b: Mamoswine|Protect|p2b: Mamoswine
|-singleturn|p2b: Mamoswine|Protect
|move|p1a: Garchomp|Earthquake|p2a: Volcarona|[spread] p1b,p2a
|-activate|p2b: Mamoswine|move: Protect
|-resisted|p2a: Volcarona
|-damage|p1b: Primarina|50/100
|-damage|p2a: Volcarona|17/100
|-damage|p1a: Garchomp|52/100|[from] item: Life Orb
|move|p1b: Primarina|Hyper Voice|p2a: Volcarona|[spread] p2a
|-activate|p2b: Mamoswine|move: Protect
|-resisted|p2a: Volcarona
|-damage|p2a: Volcarona|0 fnt
|faint|p2a: Volcarona
|-enditem|p1b: Primarina|Throat Spray
|-boost|p1b: Primarina|spa|1|[from] item: Throat Spray
|
|upkeep
|
|t:|1756245816
|switch|p2a: Electabuzz|Electabuzz, L50, M|100/100
|turn|4
|
|t:|1756245828
|move|p1b: Primarina|Protect|p1b: Primarina
|-singleturn|p1b: Primarina|Protect
|move|p2a: Electabuzz|Protect|p2a: Electabuzz
|-singleturn|p2a: Electabuzz|Protect
|move|p2b: Mamoswine|Ice Shard|p1a: Garchomp
|-supereffective|p1a: Garchomp
|-damage|p1a: Garchomp|0 fnt
|faint|p1a: Garchomp
|
|-sideend|p1: thymianthorsten|move: Tailwind
|upkeep
|
|t:|1756245835
|switch|p1a: Gholdengo|Gholdengo, L50|100/100
|turn|5
|
|t:|1756245849
|-terastallize|p1b: Primarina|Poison
|move|p2b: Mamoswine|Protect|p2b: Mamoswine
|-singleturn|p2b: Mamoswine|Protect
|move|p2a: Electabuzz|Electroweb|p1a: Gholdengo|[spread] p1a,p1b
|-damage|p1a: Gholdengo|86/100
|-damage|p1b: Primarina|40/100
|-unboost|p1a: Gholdengo|spe|1
|-unboost|p1b: Primarina|spe|1
|move|p1a: Gholdengo|Make It Rain|p2b: Mamoswine|[spread] p2a
|-activate|p2b: Mamoswine|move: Protect
|-resisted|p2a: Electabuzz
|-damage|p2a: Electabuzz|79/100
|-unboost|p1a: Gholdengo|spa|1
|move|p1b: Primarina|Hyper Voice|p2b: Mamoswine|[spread] p2a
|-activate|p2b: Mamoswine|move: Protect
|-damage|p2a: Electabuzz|39/100
|
|upkeep
|turn|6
|inactive|doingVGCthings has 30 seconds left.
|
|t:|1756245875
|move|p2a: Electabuzz|Electroweb|p1b: Primarina|[spread] p1a,p1b
|-damage|p1a: Gholdengo|73/100
|-damage|p1b: Primarina|29/100
|-unboost|p1a: Gholdengo|spe|1
|-unboost|p1b: Primarina|spe|1
|move|p2b: Mamoswine|High Horsepower|p1b: Primarina
|-supereffective|p1b: Primarina
|-damage|p1b: Primarina|0 fnt
|faint|p1b: Primarina
|move|p1a: Gholdengo|Make It Rain|p2a: Electabuzz|[spread] p2a,p2b
|-resisted|p2a: Electabuzz
|-supereffective|p2b: Mamoswine
|-damage|p2a: Electabuzz|24/100
|-enditem|p2b: Mamoswine|Focus Sash
|-damage|p2b: Mamoswine|1/100
|-unboost|p1a: Gholdengo|spa|1
|
|upkeep
|turn|7
|
|t:|1756245886
|move|p2a: Electabuzz|Electroweb|p1a: Gholdengo
|-damage|p1a: Gholdengo|55/100
|-unboost|p1a: Gholdengo|spe|1
|move|p2b: Mamoswine|High Horsepower|p1a: Gholdengo
|-supereffective|p1a: Gholdengo
|-damage|p1a: Gholdengo|0 fnt
|faint|p1a: Gholdengo
|
|win|doingVGCthings
||thymianthorsten is ready for game 2.
||doingVGCthings is ready for game 2.
|uhtml|next|Next: Game 2 of 3
|l|☆thymianthorsten
|player|p1|
