|j|☆lakaka siuuu
|j|☆trevyah
|html|lakaka siuuutrevyah    
|uhtml|bestof|Game 2 of a best-of-3
|t:|1785466170
|gametype|doubles
|player|p1|lakaka siuuu|expert-gen6|1416
|player|p2|trevyah|trevor|1495
|gen|9
|tier|[Gen 9 Champions] VGC 2026 Reg M-B (Bo3)
|rated|
|rule|Species Clause: Limit one of each Pokémon
|rule|Item Clause: Limit 1 of each item
|clearpoke
|poke|p1|Floette-Eternal, L50, F|
|poke|p1|Sinistcha, L50|
|poke|p1|Incineroar, L50, M|
|poke|p1|Delphox, L50, M|
|poke|p1|Kingambit, L50, M|
|poke|p1|Sneasler, L50, M|
|poke|p2|Kingambit, L50, M|
|poke|p2|Charizard, L50, M|
|poke|p2|Aerodactyl, L50, M|
|poke|p2|Farigiraf, L50, F|
|poke|p2|Kommo-o, L50, F|
|poke|p2|Basculegion, L50, M|
|teampreview|4
|showteam|p1|Floette-Eternal||Floettite|FlowerVeil|Moonblast,DazzlingGleam,CalmMind,Protect|Modest||F|||50|]Sinistcha||ColburBerry|Hospitality|MatchaGotcha,RagePowder,Protect,TrickRoom|Bold|||||50|]Incineroar||SitrusBerry|Intimidate|FlareBlitz,PartingShot,FakeOut,HelpingHand|Careful||M|||50|]Delphox||Delphoxite|Blaze|HeatWave,Psyshock,NastyPlot,Protect|Timid||M|||50|]Kingambit||BlackGlasses|Defiant|KowtowCleave,SuckerPunch,SwordsDance,Protect|Adamant||M|||50|]Sneasler||FocusSash|Unburden|CloseCombat,DireClaw,FakeOut,QuickGuard|Jolly||M|||50|
|showteam|p2|Kingambit||FocusSash|Defiant|KowtowCleave,IronHead,SuckerPunch,LowKick|Adamant||M|||50|]Charizard||CharizarditeY|Blaze|HeatWave,SolarBeam,WeatherBall,Protect|Modest||M|||50|]Aerodactyl||Aerodactylite|Unnerve|RockSlide,DualWingbeat,IceFang,Tailwind|Jolly||M|||50|]Farigiraf||SitrusBerry|ArmorTail|Psychic,Thunderbolt,TrickRoom,Protect|Bold||F|||50|]Kommo-o||LifeOrb|Soundproof|ClangingScales,AuraSphere,DracoMeteor,Protect|Modest||F|||50|]Basculegion||MysticWater|Adaptability|WaveCrash,LastRespects,AquaJet,Protect|Adamant||M|||50|
|inactive|Battle timer is ON: inactive players will automatically lose when time's up. (requested by trevyah)
|
|t:|1785466207
|teamsize|p1|4
|teamsize|p2|4
|start
|switch|p1a: El Dictador|Delphox, L50, M|100/100
|switch|p1b: Gradisce|Incineroar, L50, M|100/100
|switch|p2a: Kingambit|Kingambit, L50, M|100/100
|switch|p2b: Aerodactyl|Aerodactyl, L50, M|100/100
|-ability|p2b: Aerodactyl|Unnerve
|-ability|p1b: Gradisce|Intimidate|boost
|-unboost|p2a: Kingambit|atk|1
|-ability|p2a: Kingambit|Defiant|boost
|-boost|p2a: Kingambit|atk|2
|-unboost|p2b: Aerodactyl|atk|1
|turn|1
|
|t:|1785466229
|detailschange|p2b: Aerodactyl|Aerodactyl-Mega, L50, M
|-mega|p2b: Aerodactyl|Aerodactyl|Aerodactylite
|detailschange|p1a: El Dictador|Delphox-Mega, L50, M
|-mega|p1a: El Dictador|Delphox|Delphoxite
|move|p1b: Gradisce|Fake Out|p2a: Kingambit
|-resisted|p2a: Kingambit|1
|-damage|p2a: Kingambit|95/100
|cant|p2a: Kingambit|flinch
|move|p2b: Aerodactyl|Rock Slide|p1b: Gradisce|[spread] p1a,p1b
|-supereffective|p1a: El Dictador|1
|-supereffective|p1b: Gradisce|1
|-damage|p1a: El Dictador|47/100
|-damage|p1b: Gradisce|69/100
|cant|p1a: El Dictador|flinch
|
|upkeep
|turn|2
|inactive|trevyah has 30 seconds left.
|
|t:|1785466256
|switch|p1b: Il Conto?|Sinistcha, L50|100/100
|-heal|p1a: El Dictador|71/100|[from] ability: Hospitality|[of] p1b: Il Conto?
|move|p2b: Aerodactyl|Tailwind|p2b: Aerodactyl
|-sidestart|p2: trevyah|move: Tailwind
|move|p2a: Kingambit|Low Kick|p1b: Il Conto?
|-immune|p1b: Il Conto?
|move|p1a: El Dictador|Heat Wave|p2b: Aerodactyl|[spread] p2a,p2b
|-supereffective|p2a: Kingambit|1
|-resisted|p2b: Aerodactyl|1
|-damage|p2a: Kingambit|2/100
|-damage|p2b: Aerodactyl|78/100
|-status|p2b: Aerodactyl|brn
|
|-damage|p2b: Aerodactyl|72/100 brn|[from] brn
|upkeep
|turn|3
|
|t:|1785466277
|switch|p2a: Basculegion|Basculegion, L50, M|100/100
|move|p1b: Il Conto?|Rage Powder|p1b: Il Conto?
|-singleturn|p1b: Il Conto?|move: Rage Powder
|move|p2b: Aerodactyl|Rock Slide|p1a: El Dictador|[spread] p1a,p1b
|-supereffective|p1a: El Dictador|1
|-damage|p1a: El Dictador|47/100
|-damage|p1b: Il Conto?|92/100
|move|p1a: El Dictador|Heat Wave|p2a: Basculegion|[spread] p2b
|-miss|p1a: El Dictador|p2a: Basculegion
|-resisted|p2b: Aerodactyl|1
|-damage|p2b: Aerodactyl|50/100g brn
|
|-damage|p2b: Aerodactyl|44/100 brn|[from] brn
|upkeep
|turn|4
|
|t:|1785466292
|switch|p1a: Gradisce|Incineroar, L50, M|69/100
|-ability|p1a: Gradisce|Intimidate|boost
|-unboost|p2a: Basculegion|atk|1
|-unboost|p2b: Aerodactyl|atk|1
|switch|p1b: Apache Kid|Kingambit, L50, M|100/100
|move|p2b: Aerodactyl|Rock Slide|p1b: Apache Kid|[spread] p1a,p1b
|-supereffective|p1a: Gradisce|1
|-resisted|p1b: Apache Kid|1
|-damage|p1a: Gradisce|58/100
|-damage|p1b: Apache Kid|97/100
|move|p2a: Basculegion|Wave Crash|p1a: Gradisce
|-supereffective|p1a: Gradisce|1
|-damage|p1a: Gradisce|0 fnt
|faint|p1a: Gradisce
|-damage|p2a: Basculegion|80/100|[from] Recoil
|
|-damage|p2b: Aerodactyl|38/100 brn|[from] brn
|upkeep
|
|t:|1785466314
|switch|p1a: Il Conto?|Sinistcha, L50|92/100
|-heal|p1b: Apache Kid|100/100|[from] ability: Hospitality|[of] p1a: Il Conto?
|turn|5
|
|t:|1785466325
|switch|p2a: Farigiraf|Farigiraf, L50, F|100/100
|move|p1a: Il Conto?|Protect|p1a: Il Conto?
|-singleturn|p1a: Il Conto?|Protect
|move|p2b: Aerodactyl|Dual Wingbeat|p1a: Il Conto?
|-activate|p1a: Il Conto?|move: Protect
|move|p1b: Apache Kid|Kowtow Cleave|p2b: Aerodactyl
|-damage|p2b: Aerodactyl|0 fnt
|faint|p2b: Aerodactyl
|
|-sideend|p2: trevyah|move: Tailwind
|upkeep
|
|t:|1785466340
|switch|p2b: Kingambit|Kingambit, L50, M|2/100
|turn|6
|
|t:|1785466354
|move|p1a: Il Conto?|Rage Powder|p1a: Il Conto?
|-singleturn|p1a: Il Conto?|move: Rage Powder
|move|p2b: Kingambit|Kowtow Cleave|p1a: Il Conto?
|-supereffective|p1a: Il Conto?|1
|-enditem|p1a: Il Conto?|Colbur Berry|[eat]
|-enditem|p1a: Il Conto?|Colbur Berry|[weaken]
|-damage|p1a: Il Conto?|51/100
|move|p2a: Farigiraf|Psychic|p1a: Il Conto?
|-damage|p1a: Il Conto?|22/100
|move|p1b: Apache Kid|Kowtow Cleave|p2b: Kingambit
|-resisted|p2b: Kingambit|1
|-damage|p2b: Kingambit|0 fnt
|faint|p2b: Kingambit
|
|upkeep
|
|t:|1785466359
|switch|p2b: Basculegion|Basculegion, L50, M|80/100
|turn|7
|
|t:|1785466383
|move|p2b: Basculegion|Protect|p2b: Basculegion
|-singleturn|p2b: Basculegion|Protect
|move|p1a: Il Conto?|Rage Powder|p1a: Il Conto?
|-singleturn|p1a: Il Conto?|move: Rage Powder
|move|p2a: Farigiraf|Psychic|p1a: Il Conto?
|-damage|p1a: Il Conto?|0 fnt
|faint|p1a: Il Conto?
|move|p1b: Apache Kid|Kowtow Cleave|p2b: Basculegion
|-activate|p2b: Basculegion|move: Protect
|
|upkeep
|
|t:|1785466386
|switch|p1a: El Dictador|Delphox-Mega, L50, M|47/100
|turn|8
|
|t:|1785466404
|move|p1a: El Dictador|Nasty Plot|p1a: El Dictador
|-boost|p1a: El Dictador|spa|2
|move|p2b: Basculegion|Wave Crash|p1b: Apache Kid
|-damage|p1b: Apache Kid|27/100
|-damage|p2b: Basculegion|56/100|[from] Recoil
|move|p2a: Farigiraf|Thunderbolt|p1b: Apache Kid
|-damage|p1b: Apache Kid|7/100
|move|p1b: Apache Kid|Kowtow Cleave|p2b: Basculegion
|-supereffective|p2b: Basculegion|1
|-damage|p2b: Basculegion|0 fnt
|faint|p2b: Basculegion
|
|upkeep
|turn|9
|
|t:|1785466428
|move|p1a: El Dictador|Nasty Plot|p1a: El Dictador
|-boost|p1a: El Dictador|spa|2
|move|p2a: Farigiraf|Thunderbolt|p1a: El Dictador
|-damage|p1a: El Dictador|27/100
|move|p1b: Apache Kid|Kowtow Cleave|p2a: Farigiraf
|-supereffective|p2a: Farigiraf|1
|-damage|p2a: Farigiraf|5/100
|-enditem|p2a: Farigiraf|Sitrus Berry|[eat]
|-heal|p2a: Farigiraf|30/100|[from] item: Sitrus Berry
|
|upkeep
|turn|10
|
|t:|1785466435
|move|p1a: El Dictador|Heat Wave|p2a: Farigiraf
|-damage|p2a: Farigiraf|0 fnt
|faint|p2a: Farigiraf
|
|win|lakaka siuuu
|raw|lakaka siuuu's rating: 1416 → 1440(+24 for winning)
|raw|trevyah's rating: 1495 → 1471(-24 for losing)
