|j|☆leons husband
|j|☆magic 561
|html|leons husbandmagic 561    
|uhtml|bestof|Game 1 of a best-of-3
|t:|1782232412
|gametype|doubles
|player|p1|leons husband|scientistf|1218
|player|p2|magic 561|colress|1341
|gen|9
|tier|[Gen 9 Champions] VGC 2026 Reg M-B (Bo3)
|rated|
|rule|Species Clause: Limit one of each Pokémon
|rule|Item Clause: Limit 1 of each item
|clearpoke
|poke|p1|Whimsicott, L50, M, shiny|
|poke|p1|Garchomp, L50, F|
|poke|p1|Sneasler, L50, M|
|poke|p1|Rotom-Wash, L50, shiny|
|poke|p1|Floette-Eternal, L50, F|
|poke|p1|Charizard, L50, F|
|poke|p2|Glimmora, L50, M|
|poke|p2|Hydreigon, L50, M|
|poke|p2|Basculegion, L50, M|
|poke|p2|Whimsicott, L50, M|
|poke|p2|Staraptor, L50, M|
|poke|p2|Farigiraf, L50, F|
|teampreview|4
|showteam|p1|Whimsicott||FocusSash|Prankster|EnergyBall,Moonblast,Protect,Tailwind|Timid||M|||50|]Garchomp||LifeOrb|RoughSkin|RockSlide,Earthquake,DragonClaw,Protect|Adamant||F|||50|]Sneasler||WhiteHerb|Unburden|CloseCombat,DireClaw,FakeOut,Protect|Jolly||M|||50|]Rotom-Wash||Leftovers|Levitate|HydroPump,Thunderbolt,WillOWisp,Protect|Modest|||||50|]Floette-Eternal||Floettite|FlowerVeil|LightofRuin,Moonblast,DazzlingGleam,Protect|Modest||F|||50|]Charizard||CharizarditeY|Blaze|WeatherBall,HeatWave,Protect,SolarBeam|Modest||F|||50|
|showteam|p2|Glimmora||Glimmoranite|ToxicDebris|SludgeBomb,PowerGem,SpikyShield,EarthPower|Modest||M|||50|]Hydreigon||LifeOrb|Levitate|DracoMeteor,DarkPulse,EarthPower,Protect|Modest||M|||50|]Basculegion||MysticWater|Adaptability|WaveCrash,LastRespects,AquaJet,Protect|Adamant||M|||50|]Whimsicott||FocusSash|Prankster|Tailwind,Moonblast,Encore,Protect|Timid||M|||50|]Staraptor||Staraptite|Intimidate|CloseCombat,BraveBird,Roost,Protect|Adamant||M|||50|]Farigiraf||ColburBerry|ArmorTail|HyperVoice,Psychic,TrickRoom,Protect|Modest||F|||50|
|inactive|Battle timer is ON: inactive players will automatically lose when time's up. (requested by magic 561)
|inactive|magic 561 has 60 seconds left.
|
|t:|1782232471
|teamsize|p1|4
|teamsize|p2|4
|start
|switch|p1a: Cait Sith|Whimsicott, L50, M, shiny|100/100
|switch|p1b: Floette|Floette-Eternal, L50, F|100/100
|switch|p2a: Farigiraf|Farigiraf, L50, F|100/100
|switch|p2b: Whimsicott|Whimsicott, L50, M|100/100
|turn|1
|
|t:|1782232489
|detailschange|p1b: Floette|Floette-Mega, L50, F
|-mega|p1b: Floette|Floette|Floettite
|-ability|p1b: Floette|Fairy Aura
|move|p2b: Whimsicott|Tailwind|p2b: Whimsicott
|-sidestart|p2: magic 561|move: Tailwind
|move|p1a: Cait Sith|Moonblast|p2a: Farigiraf
|-damage|p2a: Farigiraf|46/100
|move|p2a: Farigiraf|Hyper Voice|p1b: Floette|[spread] p1a,p1b
|-damage|p1a: Cait Sith|45/100
|-damage|p1b: Floette|77/100
|move|p1b: Floette|Dazzling Gleam|p2a: Farigiraf|[spread] p2a,p2b
|-damage|p2a: Farigiraf|0 fnt
|-damage|p2b: Whimsicott|31/100
|faint|p2a: Farigiraf
|
|upkeep
|
|t:|1782232500
|switch|p2a: Glimmora|Glimmora, L50, M|100/100
|turn|2
|
|t:|1782232506
|detailschange|p2a: Glimmora|Glimmora-Mega, L50, M
|-mega|p2a: Glimmora|Glimmora|Glimmoranite
|move|p1b: Floette|Protect|p1b: Floette
|-singleturn|p1b: Floette|Protect
|move|p2b: Whimsicott|Encore|p1a: Cait Sith
|-start|p1a: Cait Sith|Encore
|move|p2a: Glimmora|Sludge Bomb|p1b: Floette
|-activate|p1b: Floette|move: Protect
|move|p1a: Cait Sith|Moonblast|p2b: Whimsicott
|-damage|p2b: Whimsicott|0 fnt
|faint|p2b: Whimsicott
|
|upkeep
|
|t:|1782232510
|switch|p2b: Basculegion|Basculegion, L50, M|100/100
|turn|3
|
|t:|1782232526
|switch|p1a: Sneasler|Sneasler, L50, M|100/100
|move|p2a: Glimmora|Sludge Bomb|p1a: Sneasler
|-resisted|p1a: Sneasler|1
|-damage|p1a: Sneasler|43/100
|move|p2b: Basculegion|Last Respects|p1b: Floette
|-damage|p1b: Floette|0 fnt
|faint|p1b: Floette
|
|upkeep
|
|t:|1782232529
|switch|p1b: Cait Sith|Whimsicott, L50, M, shiny|45/100
|turn|4
|
|t:|1782232546
|move|p1b: Cait Sith|Protect|p1b: Cait Sith
|-singleturn|p1b: Cait Sith|Protect
|move|p1a: Sneasler|Protect|p1a: Sneasler
|-singleturn|p1a: Sneasler|Protect
|move|p2a: Glimmora|Earth Power|p1a: Sneasler
|-activate|p1a: Sneasler|move: Protect
|move|p2b: Basculegion|Last Respects|p1b: Cait Sith
|-activate|p1b: Cait Sith|move: Protect
|
|-sideend|p2: magic 561|move: Tailwind
|upkeep
|turn|5
|
|t:|1782232560
|move|p2b: Basculegion|Protect|p2b: Basculegion
|-singleturn|p2b: Basculegion|Protect
|move|p1a: Sneasler|Close Combat|p2a: Glimmora
|-damage|p2a: Glimmora|40/100
|-unboost|p1a: Sneasler|def|1
|-unboost|p1a: Sneasler|spd|1
|-enditem|p1a: Sneasler|White Herb
|-clearnegativeboost|p1a: Sneasler|[silent]
|move|p1b: Cait Sith|Energy Ball|p2b: Basculegion
|-activate|p2b: Basculegion|move: Protect
|move|p2a: Glimmora|Sludge Bomb|p1b: Cait Sith
|-supereffective|p1b: Cait Sith|2
|-damage|p1b: Cait Sith|0 fnt
|faint|p1b: Cait Sith
|
|upkeep
|
|t:|1782232574
|switch|p1b: Garchomp|Garchomp, L50, F|100/100
|turn|6
|
|t:|1782232582
|move|p2a: Glimmora|Spiky Shield|p2a: Glimmora
|-singleturn|p2a: Glimmora|move: Protect
|move|p1a: Sneasler|Dire Claw|p2b: Basculegion
|-resisted|p2b: Basculegion|1
|-damage|p2b: Basculegion|74/100
|move|p1b: Garchomp|Dragon Claw|p2b: Basculegion
|-damage|p2b: Basculegion|1/100
|-damage|p1b: Garchomp|90/100|[from] item: Life Orb
|move|p2b: Basculegion|Last Respects|p1b: Garchomp
|-damage|p1b: Garchomp|0 fnt
|faint|p1b: Garchomp
|
|upkeep
|turn|7
|
|t:|1782232599
|move|p2b: Basculegion|Aqua Jet|p1a: Sneasler
|-damage|p1a: Sneasler|0 fnt
|faint|p1a: Sneasler
|
|win|magic 561
||leons husband is ready for game 2.
|inactive|magic 561 has 30 seconds to confirm battle start!
||magic 561 is ready for game 2.
|uhtml|next|Next: Game 2 of 3
|l|☆leons husband
|player|p1|
