|j|☆Le P VGC
|j|☆r4ka
|html|Le P VGCr4ka    
|uhtml|bestof|Game 2 of a best-of-3
|t:|1756640234
|gametype|doubles
|player|p1|Le P VGC|lucian|1217
|player|p2|r4ka|169|1142
|gen|9
|tier|[Gen 9] VGC 2025 Reg H (Bo3)
|rated|
|rule|Species Clause: Limit one of each Pokémon
|rule|Item Clause: Limit 1 of each item
|clearpoke
|poke|p1|Ursaluna, L50, F|
|poke|p1|Incineroar, L50, F|
|poke|p1|Jumpluff, L50, F|
|poke|p1|Torkoal, L50, M|
|poke|p1|Charizard, L50, M|
|poke|p1|Porygon2, L50|
|poke|p2|Rillaboom, L50, M|
|poke|p2|Dragonite, L50, F|
|poke|p2|Sneasler, L50, M|
|poke|p2|Kingambit, L50, M|
|poke|p2|Electabuzz, L50, M|
|poke|p2|Volcarona, L50, F|
|teampreview|4
|showteam|p1|Ursaluna||FlameOrb|Guts|Earthquake,Facade,HeadlongRush,Protect|||F|||50|,,,,,Ghost]Incineroar||SafetyGoggles|Intimidate|FakeOut,FlareBlitz,KnockOff,PartingShot|||F|||50|,,,,,Ghost]Jumpluff||CovertCloak|Chlorophyll|SleepPowder,Tailwind,RagePowder,SunnyDay|||F|||50|,,,,,Water]Torkoal||EjectPack|Drought|Eruption,Overheat,Protect,HelpingHand|||M|||50|,,,,,Fire]Charizard||ChoiceSpecs|SolarPower|HeatWave,AirSlash,WeatherBall,Overheat|||M|||50|,,,,,Ghost]Porygon2||Eviolite|Download|TeraBlast,TrickRoom,Recover,IceBeam||||||50|,,,,,Fighting
|showteam|p2|Rillaboom||AssaultVest|GrassySurge|FakeOut,HighHorsepower,WoodHammer,GrassyGlide|||M|||50|,,,,,Fire]Dragonite||LoadedDice|Multiscale|ExtremeSpeed,ScaleShot,Protect,Haze|||F|||50|,,,,,Steel]Sneasler||FocusSash|PoisonTouch|DireClaw,CloseCombat,FakeOut,Coaching|||M|||50|,,,,,Stellar]Kingambit||BlackGlasses|Defiant|KowtowCleave,SuckerPunch,SwordsDance,Protect|||M|||50|,,,,,Dark]Electabuzz||Eviolite|VitalSpirit|Thunderbolt,Taunt,Protect,FollowMe|||M|||50|,,,,,Ghost]Volcarona||Leftovers|FlameBody|HeatWave,TeraBlast,QuiverDance,Protect|||F|||50|,,,,,Fairy
|inactive|Battle timer is ON: inactive players will automatically lose when time's up. (requested by Le P VGC)
|
|t:|1756640264
|teamsize|p1|4
|teamsize|p2|4
|start
|switch|p1a: Porygon2|Porygon2, L50|100/100
|switch|p1b: Torkoal|Torkoal, L50, M|100/100
|switch|p2a: Volcarona|Volcarona, L50, F|100/100
|switch|p2b: Kingambit|Kingambit, L50, M, shiny|100/100
|-ability|p1a: Porygon2|Download|boost
|-boost|p1a: Porygon2|spa|1
|-weather|SunnyDay|[from] ability: Drought|[of] p1b: Torkoal
|turn|1
|inactive|r4ka has 30 seconds left.
|
|t:|1756640289
|-terastallize|p2b: Kingambit|Dark
|move|p2a: Volcarona|Heat Wave|p1b: Torkoal|[spread] p1a,p1b
|-resisted|p1b: Torkoal
|-damage|p1a: Porygon2|68/100
|-damage|p1b: Torkoal|64/100
|move|p2b: Kingambit|Kowtow Cleave|p1b: Torkoal
|-damage|p1b: Torkoal|0 fnt
|faint|p1b: Torkoal
|move|p1a: Porygon2|Trick Room|p1a: Porygon2
|-fieldstart|move: Trick Room|[of] p1a: Porygon2
|
|-weather|SunnyDay|[upkeep]
|upkeep
|
|t:|1756640299
|switch|p1b: Ursaluna|Ursaluna, L50, F|100/100
|turn|2
|
|t:|1756640306
|-terastallize|p1a: Porygon2|Fighting
|move|p1b: Ursaluna|Protect|p1b: Ursaluna
|-singleturn|p1b: Ursaluna|Protect
|move|p2b: Kingambit|Sucker Punch||[still]
|-fail|p2b: Kingambit
|move|p1a: Porygon2|Tera Blast|p2b: Kingambit|[anim] Tera Blast Fighting
|-supereffective|p2b: Kingambit
|-damage|p2b: Kingambit|9/100
|move|p2a: Volcarona|Heat Wave|p1a: Porygon2|[spread] p1a
|-activate|p1b: Ursaluna|move: Protect
|-crit|p1a: Porygon2
|-damage|p1a: Porygon2|19/100
|-status|p1a: Porygon2|brn
|
|-weather|SunnyDay|[upkeep]
|-damage|p1a: Porygon2|12/100 brn|[from] brn
|-status|p1b: Ursaluna|brn|[from] item: Flame Orb
|upkeep
|turn|3
|
|t:|1756640323
|move|p2b: Kingambit|Kowtow Cleave|p1b: Ursaluna
|-damage|p1b: Ursaluna|40/100 brn
|move|p1a: Porygon2|Recover|p1a: Porygon2
|-heal|p1a: Porygon2|62/100 brn
|move|p1b: Ursaluna|Facade|p2a: Volcarona
|-damage|p2a: Volcarona|0 fnt
|faint|p2a: Volcarona
|
|-weather|SunnyDay|[upkeep]
|-damage|p1a: Porygon2|56/100 brn|[from] brn
|-damage|p1b: Ursaluna|34/100 brn|[from] brn
|upkeep
|
|t:|1756640337
|switch|p2a: Electabuzz|Electabuzz, L50, M|100/100
|turn|4
|
|t:|1756640346
|move|p2b: Kingambit|Protect|p2b: Kingambit
|-singleturn|p2b: Kingambit|Protect
|move|p1a: Porygon2|Recover|p1a: Porygon2
|-heal|p1a: Porygon2|100/100 brn
|move|p1b: Ursaluna|Earthquake|p2b: Kingambit|[spread] p1a,p2a
|-activate|p2b: Kingambit|move: Protect
|-supereffective|p2a: Electabuzz
|-damage|p1a: Porygon2|66/100 brn
|-damage|p2a: Electabuzz|5/100
|move|p2a: Electabuzz|Taunt|p1a: Porygon2
|-start|p1a: Porygon2|move: Taunt
|
|-weather|SunnyDay|[upkeep]
|-damage|p1a: Porygon2|59/100 brn|[from] brn
|-damage|p1b: Ursaluna|28/100 brn|[from] brn
|upkeep
|turn|5
|
|t:|1756640362
|move|p1b: Ursaluna|Protect|p1b: Ursaluna
|-singleturn|p1b: Ursaluna|Protect
|move|p2a: Electabuzz|Follow Me|p2a: Electabuzz
|-singleturn|p2a: Electabuzz|move: Follow Me
|move|p2b: Kingambit|Sucker Punch||[still]
|-fail|p2b: Kingambit
|move|p1a: Porygon2|Tera Blast|p2a: Electabuzz|[anim] Tera Blast Fighting
|-damage|p2a: Electabuzz|0 fnt
|faint|p2a: Electabuzz
|
|-weather|none
|-damage|p1a: Porygon2|53/100 brn|[from] brn
|-damage|p1b: Ursaluna|22/100 brn|[from] brn
|-fieldend|move: Trick Room
|upkeep
|
|t:|1756640373
|switch|p2a: Sneasler|Sneasler, L50, M|100/100
|turn|6
|inactive|r4ka has 30 seconds left.
|
|t:|1756640403
|switch|p1a: Incineroar|Incineroar, L50, F|100/100
|-ability|p1a: Incineroar|Intimidate|boost
|-unboost|p2a: Sneasler|atk|1
|-unboost|p2b: Kingambit|atk|1
|-ability|p2b: Kingambit|Defiant|boost
|-boost|p2b: Kingambit|atk|2
|move|p2a: Sneasler|Fake Out|p1a: Incineroar
|-damage|p1a: Incineroar|94/100
|move|p2b: Kingambit|Sucker Punch|p1b: Ursaluna
|-damage|p1b: Ursaluna|0 fnt
|faint|p1b: Ursaluna
|
|upkeep
|
|t:|1756640413
|switch|p1b: Porygon2|Porygon2, L50, tera:Fighting|53/100 brn
|-ability|p1b: Porygon2|Download|boost
|-boost|p1b: Porygon2|spa|1
|turn|7
|
|t:|1756640434
|move|p2b: Kingambit|Protect|p2b: Kingambit
|-singleturn|p2b: Kingambit|Protect
|move|p1a: Incineroar|Fake Out|p2b: Kingambit
|-activate|p2b: Kingambit|move: Protect
|move|p2a: Sneasler|Close Combat|p1a: Incineroar
|-supereffective|p1a: Incineroar
|-damage|p1a: Incineroar|30/100
|-unboost|p2a: Sneasler|def|1
|-unboost|p2a: Sneasler|spd|1
|move|p1b: Porygon2|Recover|p1b: Porygon2
|-heal|p1b: Porygon2|100/100 brn
|
|-damage|p1b: Porygon2|94/100 brn|[from] brn
|upkeep
|turn|8
|
|t:|1756640450
|move|p2b: Kingambit|Sucker Punch|p1b: Porygon2
|-resisted|p1b: Porygon2
|-damage|p1b: Porygon2|70/100 brn
|move|p2a: Sneasler|Close Combat|p1a: Incineroar
|-supereffective|p1a: Incineroar
|-damage|p1a: Incineroar|0 fnt
|-unboost|p2a: Sneasler|def|1
|-unboost|p2a: Sneasler|spd|1
|faint|p1a: Incineroar
|move|p1b: Porygon2|Tera Blast|p2b: Kingambit|[anim] Tera Blast Fighting
|-supereffective|p2b: Kingambit
|-damage|p2b: Kingambit|0 fnt
|faint|p2b: Kingambit
|
|-damage|p1b: Porygon2|64/100 brn|[from] brn
|upkeep
|turn|9
|
|t:|1756640468
|move|p2a: Sneasler|Close Combat|p1b: Porygon2
|-crit|p1b: Porygon2
|-damage|p1b: Porygon2|15/100 brn
|-unboost|p2a: Sneasler|def|1
|-unboost|p2a: Sneasler|spd|1
|move|p1b: Porygon2|Recover|p1b: Porygon2
|-heal|p1b: Porygon2|65/100 brn
|
|-damage|p1b: Porygon2|59/100 brn|[from] brn
|upkeep
|turn|10
|
|t:|1756640477
|move|p2a: Sneasler|Close Combat|p1b: Porygon2
|-damage|p1b: Porygon2|36/100 brn
|-unboost|p2a: Sneasler|def|1
|-unboost|p2a: Sneasler|spd|1
|move|p1b: Porygon2|Recover|p1b: Porygon2
|-heal|p1b: Porygon2|86/100 brn
|
|-damage|p1b: Porygon2|80/100 brn|[from] brn
|upkeep
|turn|11
|
|t:|1756640486
|move|p2a: Sneasler|Close Combat|p1b: Porygon2
|-damage|p1b: Porygon2|58/100 brn
|-unboost|p2a: Sneasler|def|1
|-unboost|p2a: Sneasler|spd|1
|move|p1b: Porygon2|Ice Beam|p2a: Sneasler
|-enditem|p2a: Sneasler|Focus Sash
|-damage|p2a: Sneasler|1/100
|
|-damage|p1b: Porygon2|52/100 brn|[from] brn
|upkeep
|turn|12
|
|t:|1756640497
|move|p2a: Sneasler|Close Combat|p1b: Porygon2
|-damage|p1b: Porygon2|33/100 brn
|-unboost|p2a: Sneasler|def|1
|-unboost|p2a: Sneasler|spd|1
|move|p1b: Porygon2|Recover|p1b: Porygon2
|-heal|p1b: Porygon2|83/100 brn
|
|-damage|p1b: Porygon2|77/100 brn|[from] brn
|upkeep
|turn|13
|
|t:|1756640505
|move|p2a: Sneasler|Close Combat|p1b: Porygon2
|-damage|p1b: Porygon2|53/100 brn
|move|p1b: Porygon2|Trick Room|p1b: Porygon2
|-fieldstart|move: Trick Room|[of] p1b: Porygon2
|
|-damage|p1b: Porygon2|47/100 brn|[from] brn
|upkeep
|turn|14
|
|t:|1756640512
|move|p1b: Porygon2|Ice Beam|p2a: Sneasler
|-damage|p2a: Sneasler|0 fnt
|faint|p2a: Sneasler
|
|win|Le P VGC
||r4ka is ready for game 3.
||Le P VGC is ready for game 3.
|uhtml|next|Next: Game 3 of 3
|l|☆Le P VGC
|player|p1|
