|j|☆MushyMia727
|j|☆Kampfstube
|html|MushyMia727Kampfstube    
|uhtml|bestof|Game 2 of a best-of-3
|t:|1757777440
|gametype|doubles
|player|p1|MushyMia727|170|
|player|p2|Kampfstube|n|
|gen|9
|tier|[Gen 9] VGC 2025 Reg H (Bo3)
|rule|Species Clause: Limit one of each Pokémon
|rule|Item Clause: Limit 1 of each item
|clearpoke
|poke|p1|Gholdengo, L50|
|poke|p1|Rillaboom, L50, M|
|poke|p1|Incineroar, L50, M|
|poke|p1|Primarina, L50, F|
|poke|p1|Vivillon-Sandstorm, L50, F|
|poke|p1|Dragapult, L50, F|
|poke|p2|Grimmsnarl, L50, M|
|poke|p2|Volcarona, L50, F|
|poke|p2|Annihilape, L50, M|
|poke|p2|Ursaluna-Bloodmoon, L50, M|
|poke|p2|Sneasler, L50, F|
|poke|p2|Dragonite, L50, M|
|teampreview|4
|showteam|p1|Gholdengo||LifeOrb|GoodasGold|Protect,MakeItRain,ShadowBall,NastyPlot||||||50|,,,,,Steel]Rillaboom||AssaultVest|GrassySurge|WoodHammer,GrassyGlide,Uturn,FakeOut|||M|||50|,,,,,Fire]Incineroar||SafetyGoggles|Intimidate|KnockOff,FlareBlitz,Taunt,FakeOut|||M|||50|,,,,,Poison]Primarina||Leftovers|LiquidVoice|Protect,HyperVoice,Moonblast,CalmMind|||F|||50|,,,,,Steel]Vivillon-Sandstorm||FocusSash|FriendGuard|Protect,PollenPuff,RagePowder,Tailwind|||F|||50|,,,,,Ghost]Dragapult||ChoiceBand|ClearBody|DragonDarts,PhantomForce,SuckerPunch,Uturn|||F|||50|,,,,,Dragon
|showteam|p2|Grimmsnarl||CovertCloak|Prankster|SpiritBreak,LightScreen,Reflect,ThunderWave|||M|||50|,,,,,Steel]Volcarona||SitrusBerry|FlameBody|GigaDrain,QuiverDance,FieryDance,Protect|||F|||50|,,,,,Grass]Annihilape||SafetyGoggles|Defiant|BulkUp,DrainPunch,Protect,RageFist|||M|||50|,,,,,Fire]Ursaluna-Bloodmoon||AssaultVest|MindsEye|EarthPower,BloodMoon,HyperVoice,VacuumWave|||M|||50|,,,,,Water]Sneasler||FocusSash|Unburden|FakeOut,Coaching,CloseCombat,DireClaw|||F|||50|,,,,,Ghost]Dragonite||LoadedDice|Multiscale|ScaleShot,Protect,Haze,ExtremeSpeed|||M|||50|,,,,,Steel
|inactive|Battle timer is ON: inactive players will automatically lose when time's up. (requested by Kampfstube)
|
|t:|1757777465
|teamsize|p1|4
|teamsize|p2|4
|start
|switch|p1a: Vivillon|Vivillon-Sandstorm, L50, F|100/100
|switch|p1b: Dragapult|Dragapult, L50, F|100/100
|switch|p2a: Annihilape|Annihilape, L50, M|100/100
|switch|p2b: Sneasler|Sneasler, L50, F, shiny|100/100
|turn|1
|inactive|Kampfstube has 30 seconds left.
|
|t:|1757777500
|move|p1a: Vivillon|Rage Powder|p1a: Vivillon
|-singleturn|p1a: Vivillon|move: Rage Powder
|move|p1b: Dragapult|Dragon Darts|p2b: Sneasler
|-damage|p2b: Sneasler|40/100
|-anim|p1b: Dragapult|Dragon Darts|p2a: Annihilape
|-damage|p2a: Annihilape|62/100
|move|p2b: Sneasler|Coaching|p2a: Annihilape
|-boost|p2a: Annihilape|atk|1
|-boost|p2a: Annihilape|def|1
|move|p2a: Annihilape|Bulk Up|p2a: Annihilape
|-boost|p2a: Annihilape|atk|1
|-boost|p2a: Annihilape|def|1
|
|upkeep
|turn|2
|
|t:|1757777515
|switch|p2b: Grimmsnarl|Grimmsnarl, L50, M|100/100
|move|p2a: Annihilape|Protect|p2a: Annihilape
|-singleturn|p2a: Annihilape|Protect
|move|p1a: Vivillon|Rage Powder|p1a: Vivillon
|-singleturn|p1a: Vivillon|move: Rage Powder
|move|p1b: Dragapult|Dragon Darts|p2b: Grimmsnarl
|-immune|p2b: Grimmsnarl
|
|upkeep
|turn|3
|inactive|Kampfstube has 30 seconds left.
|
|t:|1757777546
|switch|p1b: Cadbury|Rillaboom, L50, M|100/100
|-fieldstart|move: Grassy Terrain|[from] ability: Grassy Surge|[of] p1b: Cadbury
|-terastallize|p2b: Grimmsnarl|Steel
|move|p1a: Vivillon|Rage Powder|p1a: Vivillon
|-singleturn|p1a: Vivillon|move: Rage Powder
|move|p2b: Grimmsnarl|Reflect|p2b: Grimmsnarl
|-sidestart|p2: Kampfstube|Reflect
|move|p2a: Annihilape|Drain Punch|p1a: Vivillon
|-resisted|p1a: Vivillon
|-damage|p1a: Vivillon|68/100
|-heal|p2a: Annihilape|74/100|[from] drain|[of] p1a: Vivillon
|
|-heal|p2a: Annihilape|80/100|[from] Grassy Terrain
|upkeep
|turn|4
|
|t:|1757777570
|move|p1b: Cadbury|Fake Out|p2b: Grimmsnarl
|-resisted|p2b: Grimmsnarl
|-damage|p2b: Grimmsnarl|96/100
|move|p2b: Grimmsnarl|Thunder Wave|p1a: Vivillon
|-status|p1a: Vivillon|par
|move|p2a: Annihilape|Rage Fist|p1a: Vivillon
|-damage|p1a: Vivillon|0 fnt
|faint|p1a: Vivillon
|
|-heal|p2a: Annihilape|86/100|[from] Grassy Terrain
|-heal|p2b: Grimmsnarl|100/100|[from] Grassy Terrain
|upkeep
|
|t:|1757777587
|switch|p1a: Dragapult|Dragapult, L50, F|100/100
|turn|5
|
|t:|1757777608
|move|p2b: Grimmsnarl|Thunder Wave|p1a: Dragapult
|-status|p1a: Dragapult|par
|move|p2a: Annihilape|Rage Fist|p1a: Dragapult
|-supereffective|p1a: Dragapult
|-crit|p1a: Dragapult
|-damage|p1a: Dragapult|0 fnt
|faint|p1a: Dragapult
|move|p1b: Cadbury|U-turn|p2a: Annihilape
|-resisted|p2a: Annihilape
|-damage|p2a: Annihilape|85/100
|
|t:|1757777617
|switch|p1b: Primarina|Primarina, L50, F|100/100|[from] U-turn
|
|-heal|p2a: Annihilape|91/100|[from] Grassy Terrain
|upkeep
|
|t:|1757777619
|switch|p1a: Cadbury|Rillaboom, L50, M|100/100
|turn|6
|
|t:|1757777632
|move|p1a: Cadbury|Fake Out|p2b: Grimmsnarl
|-resisted|p2b: Grimmsnarl
|-damage|p2b: Grimmsnarl|96/100
|move|p2b: Grimmsnarl|Light Screen|p2b: Grimmsnarl
|-sidestart|p2: Kampfstube|move: Light Screen
|move|p2a: Annihilape|Rage Fist|p1b: Primarina
|-damage|p1b: Primarina|0 fnt
|faint|p1b: Primarina
|
|-heal|p2a: Annihilape|97/100|[from] Grassy Terrain
|-heal|p2b: Grimmsnarl|100/100|[from] Grassy Terrain
|upkeep
|turn|7
|
|t:|1757777649
|move|p2b: Grimmsnarl|Thunder Wave|p1a: Cadbury
|-status|p1a: Cadbury|par
|move|p2a: Annihilape|Rage Fist|p1a: Cadbury
|-damage|p1a: Cadbury|0 fnt
|faint|p1a: Cadbury
|
|win|Kampfstube
