|j|☆tryson69
|j|☆Chandeliere
|html|tryson69Chandeliere    
|uhtml|bestof|Game 1 of a best-of-3
|t:|1756685291
|gametype|doubles
|player|p1|tryson69|crasherwake|1223
|player|p2|Chandeliere|ethan|1198
|gen|9
|tier|[Gen 9] VGC 2025 Reg H (Bo3)
|rated|
|rule|Species Clause: Limit one of each Pokémon
|rule|Item Clause: Limit 1 of each item
|clearpoke
|poke|p1|Typhlosion-Hisui, L50, M|
|poke|p1|Rillaboom, L50, M|
|poke|p1|Primarina, L50, F|
|poke|p1|Archaludon, L50, F|
|poke|p1|Whimsicott, L50, M|
|poke|p1|Pelipper, L50, M|
|poke|p2|Ninetales-Alola, L50, F|
|poke|p2|Gholdengo, L50|
|poke|p2|Garchomp, L50, M|
|poke|p2|Incineroar, L50, F|
|poke|p2|Sneasler, L50, M|
|poke|p2|Corviknight, L50, M|
|teampreview|4
|showteam|p1|Typhlosion-Hisui||ChoiceScarf|Blaze|Eruption,HeatWave,Overheat,ShadowBall|||M|||50|,,,,,Fire]Rillaboom||AssaultVest|GrassySurge|WoodHammer,GrassyGlide,HighHorsepower,FakeOut|||M|||50|,,,,,Fire]Primarina||ThroatSpray|LiquidVoice|HyperVoice,Moonblast,Haze,Protect|||F|||50|,,,,,Poison]Archaludon||Leftovers|Stamina|ElectroShot,BodyPress,Protect,DracoMeteor|||F|||50|,,,,,Grass]Whimsicott||CovertCloak|Prankster|Tailwind,HelpingHand,Moonblast,SunnyDay|||M|||50|,,,,,Water]Pelipper||FocusSash|Drizzle|WeatherBall,Hurricane,WideGuard,Protect|||M|||50|,,,,,Ghost
|showteam|p2|Ninetales-Alola||LightClay|SnowWarning|AuroraVeil,Blizzard,FreezeDry,Protect|||F|||50|,,,,,Ghost]Gholdengo||LifeOrb|GoodasGold|MakeItRain,ShadowBall,NastyPlot,Protect||||||50|,,,,,Water]Garchomp||ClearAmulet|RoughSkin|Earthquake,StompingTantrum,DragonClaw,Protect|||M|||50|,,,,,Ground]Incineroar||SafetyGoggles|Intimidate|FakeOut,KnockOff,FlareBlitz,PartingShot|||F|||50|,,,,,Ghost]Sneasler||WhiteHerb|Unburden|Coaching,CloseCombat,DireClaw,Protect|||M|||50|,,,,,Ghost]Corviknight||SitrusBerry|MirrorArmor|BodyPress,BraveBird,Tailwind,Protect|||M|||50|,,,,,Fire
|inactive|Battle timer is ON: inactive players will automatically lose when time's up. (requested by Chandeliere)
|
|t:|1756685359
|teamsize|p1|4
|teamsize|p2|4
|start
|switch|p1a: Typhlosion|Typhlosion-Hisui, L50, M|100/100
|switch|p1b: Whimsicott|Whimsicott, L50, M|100/100
|switch|p2a: Incineroar|Incineroar, L50, F|100/100
|switch|p2b: Garchomp|Garchomp, L50, M|100/100
|-ability|p2a: Incineroar|Intimidate|boost
|-unboost|p1a: Typhlosion|atk|1
|-unboost|p1b: Whimsicott|atk|1
|turn|1
|
|t:|1756685380
|switch|p1a: Archaludon|Archaludon, L50, F|100/100
|move|p1b: Whimsicott|Tailwind|p1b: Whimsicott
|-sidestart|p1: tryson69|move: Tailwind
|move|p2b: Garchomp|Stomping Tantrum|p1a: Archaludon
|-supereffective|p1a: Archaludon
|-damage|p1a: Archaludon|42/100
|-ability|p1a: Archaludon|Stamina|boost
|-boost|p1a: Archaludon|def|1
|move|p2a: Incineroar|Flare Blitz|p1b: Whimsicott
|-supereffective|p1b: Whimsicott
|-damage|p1b: Whimsicott|0 fnt
|faint|p1b: Whimsicott
|-damage|p2a: Incineroar|73/100|[from] Recoil
|
|-heal|p1a: Archaludon|48/100|[from] item: Leftovers
|upkeep
|
|t:|1756685393
|switch|p1b: Rillaboom|Rillaboom, L50, M|100/100
|-fieldstart|move: Grassy Terrain|[from] ability: Grassy Surge|[of] p1b: Rillaboom
|turn|2
|inactive|Chandeliere has 30 seconds left.
|
|t:|1756685423
|switch|p2a: Ninetales|Ninetales-Alola, L50, F|100/100
|-weather|Snowscape|[from] ability: Snow Warning|[of] p2a: Ninetales
|move|p2b: Garchomp|Protect|p2b: Garchomp
|-singleturn|p2b: Garchomp|Protect
|move|p1b: Rillaboom|Fake Out|p2b: Garchomp
|-activate|p2b: Garchomp|move: Protect
|move|p1a: Archaludon|Body Press|p2a: Ninetales
|-damage|p2a: Ninetales|71/100
|
|-weather|Snowscape|[upkeep]
|-heal|p1a: Archaludon|54/100|[from] Grassy Terrain
|-heal|p1a: Archaludon|60/100|[from] item: Leftovers
|-heal|p2a: Ninetales|77/100|[from] Grassy Terrain
|upkeep
|turn|3
|inactive|tryson69 has 30 seconds left.
|
|t:|1756685455
|move|p1b: Rillaboom|Wood Hammer|p2a: Ninetales
|-damage|p2a: Ninetales|8/100
|-damage|p1b: Rillaboom|81/100|[from] Recoil
|move|p1a: Archaludon|Electro Shot||[still]
|-prepare|p1a: Archaludon|Electro Shot
|-boost|p1a: Archaludon|spa|1
|move|p2a: Ninetales|Aurora Veil|p2a: Ninetales
|-sidestart|p2: Chandeliere|move: Aurora Veil
|move|p2b: Garchomp|Stomping Tantrum|p1a: Archaludon
|-supereffective|p1a: Archaludon
|-damage|p1a: Archaludon|23/100
|-ability|p1a: Archaludon|Stamina|boost
|-boost|p1a: Archaludon|def|1
|
|-weather|Snowscape|[upkeep]
|-heal|p1b: Rillaboom|86/100|[from] Grassy Terrain
|-heal|p1a: Archaludon|29/100|[from] Grassy Terrain
|-heal|p1a: Archaludon|36/100|[from] item: Leftovers
|-heal|p2a: Ninetales|14/100|[from] Grassy Terrain
|upkeep
|turn|4
|c|☆tryson69|i forgot im not power herb
|
|t:|1756685477
|move|p2a: Ninetales|Protect|p2a: Ninetales
|-singleturn|p2a: Ninetales|Protect
|move|p1b: Rillaboom|Grassy Glide|p2a: Ninetales
|-activate|p2a: Ninetales|move: Protect
|move|p1a: Archaludon|Electro Shot|p2a: Ninetales|[from] lockedmove
|-activate|p2a: Ninetales|move: Protect
|move|p2b: Garchomp|Stomping Tantrum|p1a: Archaludon
|-supereffective|p1a: Archaludon
|-damage|p1a: Archaludon|2/100
|-ability|p1a: Archaludon|Stamina|boost
|-boost|p1a: Archaludon|def|1
|
|-weather|Snowscape|[upkeep]
|-heal|p1b: Rillaboom|92/100|[from] Grassy Terrain
|-heal|p1a: Archaludon|8/100|[from] Grassy Terrain
|-heal|p1a: Archaludon|14/100|[from] item: Leftovers
|-heal|p2a: Ninetales|20/100|[from] Grassy Terrain
|-sideend|p1: tryson69|move: Tailwind
|upkeep
|turn|5
|
|t:|1756685500
|switch|p2a: Incineroar|Incineroar, L50, F|73/100
|-ability|p2a: Incineroar|Intimidate|boost
|-unboost|p1a: Archaludon|atk|1
|-unboost|p1b: Rillaboom|atk|1
|move|p1a: Archaludon|Protect|p1a: Archaludon
|-singleturn|p1a: Archaludon|Protect
|move|p1b: Rillaboom|Grassy Glide|p2a: Incineroar
|-resisted|p2a: Incineroar
|-damage|p2a: Incineroar|67/100
|move|p2b: Garchomp|Stomping Tantrum|p1a: Archaludon
|-activate|p1a: Archaludon|move: Protect
|
|-weather|Snowscape|[upkeep]
|-heal|p1b: Rillaboom|98/100|[from] Grassy Terrain
|-heal|p1a: Archaludon|20/100|[from] Grassy Terrain
|-heal|p1a: Archaludon|26/100|[from] item: Leftovers
|-heal|p2a: Incineroar|73/100|[from] Grassy Terrain
|upkeep
|turn|6
|inactive|Chandeliere has 30 seconds left.
|
|t:|1756685529
|-terastallize|p1a: Archaludon|Grass
|-terastallize|p2a: Incineroar|Ghost
|move|p2b: Garchomp|Dragon Claw|p1b: Rillaboom
|-damage|p1b: Rillaboom|57/100
|move|p1b: Rillaboom|High Horsepower|p2a: Incineroar
|-damage|p2a: Incineroar|60/100
|move|p1a: Archaludon|Draco Meteor|p2b: Garchomp
|-supereffective|p2b: Garchomp
|-damage|p2b: Garchomp|0 fnt
|-unboost|p1a: Archaludon|spa|2
|faint|p2b: Garchomp
|move|p2a: Incineroar|Flare Blitz|p1b: Rillaboom
|-supereffective|p1b: Rillaboom
|-damage|p1b: Rillaboom|0 fnt
|faint|p1b: Rillaboom
|-damage|p2a: Incineroar|42/100|[from] Recoil
|
|-weather|none
|-heal|p1a: Archaludon|32/100|[from] Grassy Terrain
|-heal|p1a: Archaludon|39/100|[from] item: Leftovers
|-heal|p2a: Incineroar|48/100|[from] Grassy Terrain
|-fieldend|move: Grassy Terrain
|upkeep
|inactive|Chandeliere has 30 seconds left.
|
|t:|1756685556
|switch|p2b: Sneasler|Sneasler, L50, M|100/100
|switch|p1b: Typhlosion|Typhlosion-Hisui, L50, M|100/100
|turn|7
|
|t:|1756685567
|move|p1b: Typhlosion|Eruption|p2a: Incineroar|[spread] p2a,p2b
|-damage|p2a: Incineroar|14/100
|-damage|p2b: Sneasler|51/100
|move|p2b: Sneasler|Dire Claw|p1a: Archaludon
|-supereffective|p1a: Archaludon
|-damage|p1a: Archaludon|14/100
|-status|p1a: Archaludon|psn
|-ability|p1a: Archaludon|Stamina|boost
|-boost|p1a: Archaludon|def|1
|move|p1a: Archaludon|Body Press|p2b: Sneasler
|-resisted|p2b: Sneasler
|-damage|p2b: Sneasler|19/100
|move|p2a: Incineroar|Knock Off|p1b: Typhlosion
|-supereffective|p1b: Typhlosion
|-damage|p1b: Typhlosion|0 fnt
|-enditem|p1b: Typhlosion|Choice Scarf|[from] move: Knock Off|[of] p2a: Incineroar
|faint|p1b: Typhlosion
|
|-heal|p1a: Archaludon|20/100 psn|[from] item: Leftovers
|-damage|p1a: Archaludon|8/100 psn|[from] psn
|upkeep
|turn|8
|-message|tryson69 forfeited.
|
|win|Chandeliere
||tryson69 is ready for game 2.
||Chandeliere is ready for game 2.
|uhtml|next|Next: Game 2 of 3
|l|☆tryson69
|player|p1|
