|j|☆Gayangos
|j|☆Andrea Pirlo 2
|html|GayangosAndrea Pirlo 2    
|uhtml|bestof|Game 1 of a best-of-3
|t:|1782318148
|gametype|doubles
|player|p1|Gayangos|266|1251
|player|p2|Andrea Pirlo 2|volkner|1388
|gen|9
|tier|[Gen 9 Champions] VGC 2026 Reg M-B (Bo3)
|rated|
|rule|Species Clause: Limit one of each Pokémon
|rule|Item Clause: Limit 1 of each item
|clearpoke
|poke|p1|Metagross, L50|
|poke|p1|Froslass, L50, F|
|poke|p1|Lycanroc-Dusk, L50, M|
|poke|p1|Sneasler, L50, M|
|poke|p1|Hydreigon, L50, F|
|poke|p1|Milotic, L50, F|
|poke|p2|Swampert, L50, M|
|poke|p2|Pelipper, L50, F|
|poke|p2|Archaludon, L50, F|
|poke|p2|Sneasler, L50, F|
|poke|p2|Gholdengo, L50|
|poke|p2|Sableye, L50, M|
|teampreview|4
|showteam|p1|Metagross||Metagrossite|ClearBody|IronHead,StompingTantrum,ThunderPunch,Protect|Jolly|||||50|]Froslass||Froslassite|CursedBody|Blizzard,ShadowBall,AuroraVeil,Protect|Modest||F|||50|]Lycanroc-Dusk||FocusSash|ToughClaws|RockSlide,CloseCombat,Accelerock,Protect|Adamant||M|||50|]Sneasler||WhiteHerb|Unburden|FakeOut,DireClaw,CloseCombat,Coaching|Jolly||M|||50|]Hydreigon||ChoiceScarf|Levitate|DracoMeteor,DarkPulse,Snarl,HeatWave|Modest||F|||50|]Milotic||Leftovers|Competitive|MuddyWater,Hypnosis,Coil,Recover|Calm||F|||50|
|showteam|p2|Swampert||Swampertite|Torrent|HighHorsepower,WaveCrash,IcePunch,Protect|Adamant||M|||50|]Pelipper||LifeOrb|Drizzle|WeatherBall,Hurricane,Tailwind,Protect|Modest||F|||50|]Archaludon||Leftovers|Stamina|ElectroShot,DragonPulse,FlashCannon,Protect|Modest||F|||50|]Sneasler||FocusSash|Unburden|CloseCombat,DireClaw,FakeOut,Protect|Jolly||F|||50|]Gholdengo||MetalCoat|GoodasGold|MakeItRain,ShadowBall,NastyPlot,Protect|Timid|||||50|]Sableye||RoseliBerry|Prankster|Encore,WillOWisp,LightScreen,RainDance|Calm||M|||50|
|inactive|Battle timer is ON: inactive players will automatically lose when time's up. (requested by Andrea Pirlo 2)
|inactive|Gayangos has 60 seconds left.
|
|t:|1782318231
|teamsize|p1|4
|teamsize|p2|4
|start
|switch|p1a: Hydreigon|Hydreigon, L50, F|100/100
|switch|p1b: Sneasler|Sneasler, L50, M|100/100
|switch|p2a: Swampert|Swampert, L50, M|100/100
|switch|p2b: Sableye|Sableye, L50, M|100/100
|turn|1
|inactive|Gayangos has 30 seconds left.
|inactive|Gayangos has 20 seconds left.
|inactive|Gayangos has 15 seconds left.
|inactive|Gayangos has 10 seconds left.
|
|t:|1782318278
|detailschange|p2a: Swampert|Swampert-Mega, L50, M
|-mega|p2a: Swampert|Swampert|Swampertite
|move|p1b: Sneasler|Fake Out|p2a: Swampert
|-damage|p2a: Swampert|88/100
|move|p2b: Sableye|Light Screen|p2b: Sableye
|-sidestart|p2: Andrea Pirlo 2|move: Light Screen
|move|p1a: Hydreigon|Dark Pulse|p2b: Sableye
|-damage|p2b: Sableye|68/100
|cant|p2a: Swampert|flinch
|
|upkeep
|turn|2
|inactive|Gayangos has 30 seconds left.
|
|t:|1782318313
|switch|p1b: Milotic|Milotic, L50, F|100/100
|switch|p2b: Sneasler|Sneasler, L50, F|100/100
|move|p1a: Hydreigon|Dark Pulse|p2b: Sneasler
|-resisted|p2b: Sneasler|1
|-damage|p2b: Sneasler|81/100
|move|p2a: Swampert|High Horsepower|p1b: Milotic
|-damage|p1b: Milotic|49/100
|
|-heal|p1b: Milotic|55/100|[from] item: Leftovers
|upkeep
|turn|3
|inactive|Gayangos has 30 seconds left.
|inactive|Andrea Pirlo 2 has 30 seconds left.
|
|t:|1782318351
|switch|p1a: Froslass|Froslass, L50, F|100/100
|move|p2b: Sneasler|Close Combat|p1b: Milotic
|-damage|p1b: Milotic|3/100
|-unboost|p2b: Sneasler|def|1
|-unboost|p2b: Sneasler|spd|1
|move|p2a: Swampert|Ice Punch|p1b: Milotic
|-resisted|p1b: Milotic|1
|-damage|p1b: Milotic|0 fnt
|faint|p1b: Milotic
|
|upkeep
|inactive|Gayangos has 30 seconds left.
|
|t:|1782318382
|switch|p1b: Sneasler|Sneasler, L50, M|100/100
|turn|4
|
|t:|1782318401
|detailschange|p1a: Froslass|Froslass-Mega, L50, F
|-mega|p1a: Froslass|Froslass|Froslassite
|-weather|Snowscape|[from] ability: Snow Warning|[of] p1a: Froslass
|move|p1b: Sneasler|Close Combat|p2a: Swampert
|-damage|p2a: Swampert|32/100
|-unboost|p1b: Sneasler|def|1
|-unboost|p1b: Sneasler|spd|1
|-enditem|p1b: Sneasler|White Herb
|-clearnegativeboost|p1b: Sneasler|[silent]
|move|p2b: Sneasler|Dire Claw|p1a: Froslass
|-resisted|p1a: Froslass|1
|-damage|p1a: Froslass|77/100
|move|p1a: Froslass|Blizzard|p2a: Swampert|[spread] p2a,p2b
|-damage|p2a: Swampert|8/100
|-damage|p2b: Sneasler|20/100y
|move|p2a: Swampert|High Horsepower|p1b: Sneasler
|-supereffective|p1b: Sneasler|1
|-damage|p1b: Sneasler|0 fnt
|faint|p1b: Sneasler
|
|-weather|Snowscape|[upkeep]
|upkeep
|
|t:|1782318419
|switch|p1b: Hydreigon|Hydreigon, L50, F|100/100
|turn|5
|
|t:|1782318436
|move|p2a: Swampert|Protect|p2a: Swampert
|-singleturn|p2a: Swampert|Protect
|move|p1b: Hydreigon|Snarl|p2b: Sneasler|[spread] p2b
|-activate|p2a: Swampert|move: Protect
|-resisted|p2b: Sneasler|1
|-damage|p2b: Sneasler|6/100
|-unboost|p2b: Sneasler|spa|1
|move|p2b: Sneasler|Close Combat|p1b: Hydreigon
|-supereffective|p1b: Hydreigon|1
|-damage|p1b: Hydreigon|0 fnt
|-unboost|p2b: Sneasler|def|1
|-unboost|p2b: Sneasler|spd|1
|faint|p1b: Hydreigon
|move|p1a: Froslass|Aurora Veil|p1a: Froslass
|-sidestart|p1: Gayangos|move: Aurora Veil
|
|-weather|Snowscape|[upkeep]
|-sideend|p2: Andrea Pirlo 2|move: Light Screen
|upkeep
|turn|6
|
|t:|1782318452
|move|p2b: Sneasler|Dire Claw|p1a: Froslass
|-resisted|p1a: Froslass|1
|-damage|p1a: Froslass|61/100
|move|p1a: Froslass|Blizzard|p2b: Sneasler|[spread] p2a,p2b
|-damage|p2a: Swampert|0 fnt
|-damage|p2b: Sneasler|0 fnt
|faint|p2a: Swampert
|faint|p2b: Sneasler
|
|-weather|Snowscape|[upkeep]
|upkeep
|
|t:|1782318457
|switch|p2b: Sableye|Sableye, L50, M|68/100
|switch|p2a: Archaludon|Archaludon, L50, F|100/100
|turn|7
|
|t:|1782318467
|move|p2a: Archaludon|Protect|p2a: Archaludon
|-singleturn|p2a: Archaludon|Protect
|move|p2b: Sableye|Rain Dance|p2b: Sableye
|-weather|RainDance
|move|p1a: Froslass|Blizzard|p2b: Sableye|[spread] p2b
|-activate|p2a: Archaludon|move: Protect
|-damage|p2b: Sableye|10/100
|
|-weather|RainDance|[upkeep]
|upkeep
|turn|8
|
|t:|1782318475
|move|p2b: Sableye|Light Screen|p2b: Sableye
|-sidestart|p2: Andrea Pirlo 2|move: Light Screen
|move|p1a: Froslass|Blizzard|p2a: Archaludon|[spread] p2a,p2b
|-crit|p2b: Sableye
|-damage|p2a: Archaludon|66/100
|-damage|p2b: Sableye|0 fnt
|-ability|p2a: Archaludon|Stamina|boost
|-boost|p2a: Archaludon|def|1
|faint|p2b: Sableye
|move|p2a: Archaludon|Flash Cannon|p1a: Froslass
|-supereffective|p1a: Froslass|1
|-damage|p1a: Froslass|0 fnt
|faint|p1a: Froslass
|
|win|Andrea Pirlo 2
