|j|☆KodeBeast0526
|j|☆Suffle_Gz
|html|KodeBeast0526Suffle_Gz    
|uhtml|bestof|Game 3 of a best-of-3
|t:|1784345383
|gametype|doubles
|player|p1|KodeBeast0526|sailor|1189
|player|p2|Suffle_Gz|mars|1241
|gen|9
|tier|[Gen 9 Champions] VGC 2026 Reg M-B (Bo3)
|rated|
|rule|Species Clause: Limit one of each Pokémon
|rule|Item Clause: Limit 1 of each item
|clearpoke
|poke|p1|Aerodactyl, L50, M|
|poke|p1|Kingambit, L50, M|
|poke|p1|Sylveon, L50, M|
|poke|p1|Garchomp, L50, M|
|poke|p1|Charizard, L50, M|
|poke|p1|Farigiraf, L50, M, shiny|
|poke|p2|Chesnaught, L50, F|
|poke|p2|Grimmsnarl, L50, M|
|poke|p2|Farigiraf, L50, M|
|poke|p2|Incineroar, L50, F|
|poke|p2|Slowking, L50, F|
|poke|p2|Aggron, L50, F|
|teampreview|4
|showteam|p1|Aerodactyl||Aerodactylite|Unnerve|RockSlide,IceFang,Tailwind,WideGuard|Jolly||M|||50|]Kingambit||FocusSash|Defiant|KowtowCleave,SuckerPunch,IronHead,LowKick|Adamant||M|||50|]Sylveon||FairyFeather|Pixilate|Detect,HyperVoice,HyperBeam,QuickAttack|Modest||M|||50|]Garchomp||LifeOrb|RoughSkin|Earthquake,DragonClaw,StompingTantrum,Protect|Jolly||M|||50|]Charizard||CharizarditeY|Blaze|Protect,HeatWave,SolarBeam,WeatherBall|Modest||M|||50|]Farigiraf||SitrusBerry|ArmorTail|Thunderbolt,PsychicNoise,TrickRoom,HelpingHand|Bold||M|||50|
|showteam|p2|Chesnaught||Chesnaughtite|Bulletproof|BodyPress,IronDefense,LeechSeed,SpikyShield|Sassy||F|||50|]Grimmsnarl||LightClay|Prankster|Reflect,LightScreen,PartingShot,SpiritBreak|Careful||M|||50|]Farigiraf||ColburBerry|ArmorTail|TrickRoom,TwinBeam,Thunderbolt,Protect|Quiet||M|||50|]Incineroar||SitrusBerry|Intimidate|FakeOut,ThroatChop,FlareBlitz,PartingShot|Careful||F|||50|]Slowking||Leftovers|Oblivious|TrickRoom,HealPulse,ChillingWater,Protect|Relaxed||F|||50|]Aggron||Aggronite|Sturdy|RockSlide,HeavySlam,BodyPress,Protect|Sassy||F|||50|
|inactive|Battle timer is ON: inactive players will automatically lose when time's up. (requested by Suffle_Gz)
|
|t:|1784345409
|teamsize|p1|4
|teamsize|p2|4
|start
|switch|p1a: Kingambit|Kingambit, L50, M|100/100
|switch|p1b: Sylveon|Sylveon, L50, M|100/100
|switch|p2a: Farigiraf|Farigiraf, L50, M|100/100
|switch|p2b: Chesnaught|Chesnaught, L50, F|100/100
|turn|1
|
|t:|1784345430
|switch|p2b: Grimmsnarl|Grimmsnarl, L50, M|100/100
|move|p2a: Farigiraf|Protect|p2a: Farigiraf
|-singleturn|p2a: Farigiraf|Protect
|move|p1b: Sylveon|Hyper Voice|p2a: Farigiraf|[spread] p2b
|-activate|p2a: Farigiraf|move: Protect
|-supereffective|p2b: Grimmsnarl|1
|-damage|p2b: Grimmsnarl|22/100
|move|p1a: Kingambit|Kowtow Cleave|p2a: Farigiraf
|-activate|p2a: Farigiraf|move: Protect
|
|upkeep
|turn|2
|
|t:|1784345446
|move|p2b: Grimmsnarl|Light Screen|p2b: Grimmsnarl
|-sidestart|p2: Suffle_Gz|move: Light Screen
|move|p1b: Sylveon|Hyper Voice|p2b: Grimmsnarl|[spread] p2a,p2b
|-supereffective|p2b: Grimmsnarl|1
|-damage|p2a: Farigiraf|70/100
|-damage|p2b: Grimmsnarl|0 fnt
|faint|p2b: Grimmsnarl
|move|p1a: Kingambit|Kowtow Cleave|p2a: Farigiraf
|-supereffective|p2a: Farigiraf|1
|-enditem|p2a: Farigiraf|Colbur Berry|[eat]
|-enditem|p2a: Farigiraf|Colbur Berry|[weaken]
|-damage|p2a: Farigiraf|15/100
|move|p2a: Farigiraf|Trick Room|p2a: Farigiraf
|-fieldstart|move: Trick Room|[of] p2a: Farigiraf
|
|upkeep
|
|t:|1784345463
|switch|p2b: Chesnaught|Chesnaught, L50, F|100/100
|turn|3
|
|t:|1784345477
|detailschange|p2b: Chesnaught|Chesnaught-Mega, L50, F
|-mega|p2b: Chesnaught|Chesnaught|Chesnaughtite
|move|p2b: Chesnaught|Body Press|p1a: Kingambit
|-supereffective|p1a: Kingambit|2
|-enditem|p1a: Kingambit|Focus Sash
|-damage|p1a: Kingambit|1/100
|move|p2a: Farigiraf|Thunderbolt|p1a: Kingambit
|-damage|p1a: Kingambit|0 fnt
|faint|p1a: Kingambit
|move|p1b: Sylveon|Hyper Beam|p2b: Chesnaught
|-supereffective|p2b: Chesnaught|1
|-damage|p2b: Chesnaught|24/100
|-mustrecharge|p1b: Sylveon
|
|upkeep
|
|t:|1784345491
|switch|p1a: Garchomp|Garchomp, L50, M|100/100
|turn|4
|
|t:|1784345505
|switch|p2a: Slowking|Slowking, L50, F|100/100
|move|p2b: Chesnaught|Spiky Shield|p2b: Chesnaught
|-singleturn|p2b: Chesnaught|move: Protect
|cant|p1b: Sylveon|recharge
|move|p1a: Garchomp|Earthquake|p2a: Slowking|[spread] p1b,p2a
|-activate|p2b: Chesnaught|move: Protect
|-damage|p1b: Sylveon|33/100
|-damage|p2a: Slowking|55/100
|-damage|p1a: Garchomp|90/100|[from] item: Life Orb
|
|-heal|p2a: Slowking|61/100|[from] item: Leftovers
|upkeep
|turn|5
|
|t:|1784345529
|move|p2a: Slowking|Heal Pulse|p2b: Chesnaught
|-heal|p2b: Chesnaught|74/100
|move|p2b: Chesnaught|Body Press|p1b: Sylveon
|-resisted|p1b: Sylveon|1
|-damage|p1b: Sylveon|5/100
|move|p1b: Sylveon|Hyper Voice|p2b: Chesnaught|[spread] p2a,p2b
|-supereffective|p2b: Chesnaught|1
|-damage|p2a: Slowking|38/100
|-damage|p2b: Chesnaught|37/100
|move|p1a: Garchomp|Earthquake|p2b: Chesnaught|[spread] p1b,p2a,p2b
|-resisted|p2b: Chesnaught|1
|-damage|p1b: Sylveon|0 fnt
|-damage|p2a: Slowking|0 fnt
|-damage|p2b: Chesnaught|22/100
|faint|p1b: Sylveon
|faint|p2a: Slowking
|-damage|p1a: Garchomp|80/100|[from] item: Life Orb
|
|upkeep
|
|t:|1784345542
|switch|p2a: Farigiraf|Farigiraf, L50, M|15/100
|switch|p1b: Charizard|Charizard, L50, M|100/100
|turn|6
|
|t:|1784345557
|move|p1b: Charizard|Protect|p1b: Charizard
|-singleturn|p1b: Charizard|Protect
|move|p1a: Garchomp|Protect|p1a: Garchomp
|-singleturn|p1a: Garchomp|Protect
|move|p2b: Chesnaught|Leech Seed|p1a: Garchomp
|-activate|p1a: Garchomp|move: Protect
|move|p2a: Farigiraf|Thunderbolt|p1b: Charizard
|-activate|p1b: Charizard|move: Protect
|
|-fieldend|move: Trick Room
|upkeep
|turn|7
|-message|Suffle_Gz forfeited.
|raw|KodeBeast0526's rating: 1189 → 1218(+29 for winning)
|raw|Suffle_Gz's rating: 1241 → 1212(-29 for losing)
|
|win|KodeBeast0526
