|j|☆Kinyachta
|j|☆fergalhopper
|html|Kinyachtafergalhopper    
|uhtml|bestof|Game 2 of a best-of-3
|t:|1784818196
|gametype|doubles
|player|p1|Kinyachta|2|1166
|player|p2|fergalhopper|101|1082
|gen|9
|tier|[Gen 9 Champions] VGC 2026 Reg M-B (Bo3)
|rated|
|rule|Species Clause: Limit one of each Pokémon
|rule|Item Clause: Limit 1 of each item
|clearpoke
|poke|p1|Tyranitar, L50, F|
|poke|p1|Sneasler, L50, F|
|poke|p1|Gardevoir, L50, F|
|poke|p1|Garchomp, L50, F|
|poke|p1|Whimsicott, L50, M|
|poke|p1|Sinistcha-Masterpiece, L50|
|poke|p2|Blaziken, L50, M|
|poke|p2|Whimsicott, L50, F|
|poke|p2|Maushold-Four, L50|
|poke|p2|Gholdengo, L50|
|poke|p2|Tsareena, L50, F|
|poke|p2|Annihilape, L50, F|
|teampreview|4
|showteam|p1|Tyranitar||Tyranitarite|SandStream|Protect,DragonDance,RockSlide,KnockOff|Jolly||F|||50|]Sneasler||WhiteHerb|Unburden|CloseCombat,Protect,DireClaw,Coaching|Adamant||F|||50|]Gardevoir||Gardevoirite|Trace|HyperVoice,CalmMind,Protect,Psyshock|Modest||F|||50|]Garchomp||LifeOrb|RoughSkin|RockSlide,Earthquake,DragonClaw,Protect|Adamant||F|||50|]Whimsicott||FocusSash|Prankster|Protect,Tailwind,Encore,Moonblast|Calm||M|||50|]Sinistcha-Masterpiece||ColburBerry|Hospitality|StrengthSap,RagePowder,MatchaGotcha,TrickRoom|Bold|||||50|
|showteam|p2|Blaziken||Blazikenite|SpeedBoost|FlareBlitz,CloseCombat,RockSlide,Protect|Adamant||M|||50|]Whimsicott||FocusSash|Prankster|Moonblast,Tailwind,Charm,Protect|Timid||F|||50|]Maushold-Four||WideLens|Technician|Protect,PopulationBomb,FollowMe,Feint|Adamant|||||50|]Gholdengo||LifeOrb|GoodasGold|MakeItRain,ShadowBall,NastyPlot,Protect|Modest|||||50|]Tsareena||LightClay|QueenlyMajesty|TropKick,LightScreen,Reflect,Taunt|Careful||F|||50|]Annihilape||SitrusBerry|Defiant|PhantomForce,CloseCombat,RockTomb,Protect|Adamant||F|||50|
|c|☆Kinyachta|i guess its just naturally slower than chomp
|c|☆Kinyachta|my chomp has no investment
|
|t:|1784818237
|teamsize|p1|4
|teamsize|p2|4
|start
|switch|p1a: Sneasler|Sneasler, L50, F|100/100
|switch|p1b: Garchomp|Garchomp, L50, F|100/100
|switch|p2a: Whimsicott|Whimsicott, L50, F|100/100
|switch|p2b: Blaziken|Blaziken, L50, M|100/100
|turn|1
|
|t:|1784818260
|detailschange|p2b: Blaziken|Blaziken-Mega, L50, M
|-mega|p2b: Blaziken|Blaziken|Blazikenite
|move|p2b: Blaziken|Protect|p2b: Blaziken
|-singleturn|p2b: Blaziken|Protect
|move|p2a: Whimsicott|Charm|p1b: Garchomp
|-unboost|p1b: Garchomp|atk|2
|move|p1a: Sneasler|Dire Claw|p2a: Whimsicott
|-supereffective|p2a: Whimsicott|2
|-enditem|p2a: Whimsicott|Focus Sash
|-damage|p2a: Whimsicott|1/100
|move|p1b: Garchomp|Rock Slide|p2b: Blaziken|[spread] p2a
|-activate|p2b: Blaziken|move: Protect
|-crit|p2a: Whimsicott
|-damage|p2a: Whimsicott|0 fnt
|faint|p2a: Whimsicott
|-damage|p1b: Garchomp|90/100|[from] item: Life Orb
|
|-ability|p2b: Blaziken|Speed Boost|boost
|-boost|p2b: Blaziken|spe|1
|upkeep
|
|t:|1784818279
|switch|p2a: Annihilape|Annihilape, L50, F|100/100
|turn|2
|
|t:|1784818322
|switch|p1b: Sinistcha|Sinistcha-Masterpiece, L50|100/100
|move|p1a: Sneasler|Protect|p1a: Sneasler
|-singleturn|p1a: Sneasler|Protect
|move|p2b: Blaziken|Close Combat|p1b: Sinistcha
|-immune|p1b: Sinistcha
|move|p2a: Annihilape|Rock Tomb|p1a: Sneasler
|-activate|p1a: Sneasler|move: Protect
|
|-ability|p2b: Blaziken|Speed Boost|boost
|-boost|p2b: Blaziken|spe|1
|upkeep
|turn|3
|
|t:|1784818352
|move|p1b: Sinistcha|Rage Powder|p1b: Sinistcha
|-singleturn|p1b: Sinistcha|move: Rage Powder
|move|p2b: Blaziken|Flare Blitz|p1b: Sinistcha
|-supereffective|p1b: Sinistcha|1
|-damage|p1b: Sinistcha|0 fnt
|faint|p1b: Sinistcha
|-damage|p2b: Blaziken|62/100|[from] Recoil
|move|p1a: Sneasler|Close Combat|p2b: Blaziken
|-damage|p2b: Blaziken|0 fnt
|-unboost|p1a: Sneasler|def|1
|-unboost|p1a: Sneasler|spd|1
|faint|p2b: Blaziken
|-enditem|p1a: Sneasler|White Herb
|-clearnegativeboost|p1a: Sneasler|[silent]
|move|p2a: Annihilape|Phantom Force||[still]
|-prepare|p2a: Annihilape|Phantom Force
|
|upkeep
|
|t:|1784818367
|switch|p2b: Gholdengo|Gholdengo, L50|100/100
|switch|p1b: Garchomp|Garchomp, L50, F|90/100
|turn|4
|
|t:|1784818379
|move|p2b: Gholdengo|Protect|p2b: Gholdengo
|-singleturn|p2b: Gholdengo|Protect
|move|p1a: Sneasler|Coaching|p1b: Garchomp
|-boost|p1b: Garchomp|atk|1
|-boost|p1b: Garchomp|def|1
|move|p1b: Garchomp|Earthquake|p2b: Gholdengo|[spread] p1a
|-miss|p1b: Garchomp|p2a: Annihilape
|-activate|p2b: Gholdengo|move: Protect
|-supereffective|p1a: Sneasler|1
|-damage|p1a: Sneasler|0 fnt
|faint|p1a: Sneasler
|-damage|p1b: Garchomp|80/100|[from] item: Life Orb
|move|p2a: Annihilape|Phantom Force|p1b: Garchomp|[from] lockedmove
|-damage|p1b: Garchomp|53/100
|-damage|p2a: Annihilape|87/100|[from] ability: Rough Skin|[of] p1b: Garchomp
|
|upkeep
|
|t:|1784818395
|switch|p1a: Tyranitar|Tyranitar, L50, F|100/100
|-weather|Sandstorm|[from] ability: Sand Stream|[of] p1a: Tyranitar
|turn|5
|
|t:|1784818410
|move|p1a: Tyranitar|Protect|p1a: Tyranitar
|-singleturn|p1a: Tyranitar|Protect
|move|p1b: Garchomp|Earthquake|p2a: Annihilape|[spread] p2a,p2b
|-activate|p1a: Tyranitar|move: Protect
|-supereffective|p2b: Gholdengo|1
|-damage|p2a: Annihilape|6/100
|-damage|p2b: Gholdengo|0 fnt
|-enditem|p2a: Annihilape|Sitrus Berry|[eat]
|-heal|p2a: Annihilape|31/100|[from] item: Sitrus Berry
|faint|p2b: Gholdengo
|-damage|p1b: Garchomp|43/100|[from] item: Life Orb
|move|p2a: Annihilape|Rock Tomb|p1b: Garchomp
|-resisted|p1b: Garchomp|1
|-damage|p1b: Garchomp|37/100
|-unboost|p1b: Garchomp|spe|1
|
|-weather|Sandstorm|[upkeep]
|-damage|p2a: Annihilape|25/100|[from] Sandstorm
|upkeep
|turn|6
|
|t:|1784818428
|detailschange|p1a: Tyranitar|Tyranitar-Mega, L50, F
|-mega|p1a: Tyranitar|Tyranitar|Tyranitarite
|move|p1a: Tyranitar|Knock Off|p2a: Annihilape
|-damage|p2a: Annihilape|0 fnt
|faint|p2a: Annihilape
|
|win|Kinyachta
||Kinyachta is ready for game 3.
||fergalhopper is ready for game 3.
|uhtml|next|Next: Game 3 of 3
|l|☆Kinyachta
|player|p1|
