|j|☆hungry hillo
|j|☆aYeal
|html|hungry hilloaYeal    
|uhtml|bestof|Game 2 of a best-of-3
|t:|1757110255
|gametype|doubles
|player|p1|hungry hillo|n|1112
|player|p2|aYeal|cynthia|1000
|gen|9
|tier|[Gen 9] VGC 2025 Reg H (Bo3)
|rated|
|rule|Species Clause: Limit one of each Pokémon
|rule|Item Clause: Limit 1 of each item
|clearpoke
|poke|p1|Kingambit, L50, M|
|poke|p1|Electabuzz, L50, M|
|poke|p1|Ursaluna-Bloodmoon, L50, M|
|poke|p1|Incineroar, L50, F|
|poke|p1|Whimsicott, L50, F|
|poke|p1|Annihilape, L50, F|
|poke|p2|Garchomp, L50, F|
|poke|p2|Talonflame, L50, M|
|poke|p2|Gholdengo, L50|
|poke|p2|Tyranitar, L50, F|
|poke|p2|Primarina, L50, F|
|poke|p2|Amoonguss, L50, F|
|teampreview|4
|showteam|p1|Kingambit||BlackGlasses|Defiant|SuckerPunch,KowtowCleave,SwordsDance,Protect|||M|||50|,,,,,Flying]Electabuzz||Eviolite|VitalSpirit|Electroweb,FollowMe,Taunt,Protect|||M|||50|,,,,,Ghost]Ursaluna-Bloodmoon||LifeOrb|MindsEye|EarthPower,BloodMoon,HyperVoice,Protect|||M|||50|,,,,,Normal]Incineroar||AssaultVest|Intimidate|KnockOff,FlareBlitz,Uturn,FakeOut|||F|||50|,,,,,Bug]Whimsicott||CovertCloak|Prankster|Tailwind,BeatUp,Moonblast,SunnyDay|||F|||50|,,,,,Dark]Annihilape||Leftovers|Defiant|RageFist,DrainPunch,BulkUp,Protect|||F|||50|,,,,,Fire
|showteam|p2|Garchomp||ClearAmulet|RoughSkin|Earthquake,DragonClaw,SwordsDance,Protect|||F|||50|,,,,,Steel]Talonflame||CovertCloak|GaleWings|BraveBird,FlareBlitz,Taunt,Tailwind|||M|||50|,,,,,Ghost]Gholdengo||IronPlate|GoodasGold|MakeItRain,ShadowBall,NastyPlot,Protect||||||50|,,,,,Flying]Tyranitar||AssaultVest|SandStream|RockSlide,KnockOff,IcePunch,TeraBlast|||F|||50|,,,,,Flying]Primarina||ThroatSpray|LiquidVoice|HyperVoice,Moonblast,Protect,Haze|||F|||50|,,,,,Grass]Amoonguss||SitrusBerry|Regenerator|Spore,PollenPuff,RagePowder,Protect|||F|||50|,,,,,Water
|inactive|Battle timer is ON: inactive players will automatically lose when time's up. (requested by aYeal)
|
|t:|1757110288
|teamsize|p1|4
|teamsize|p2|4
|start
|switch|p1a: Bumble bee|Electabuzz, L50, M|100/100
|switch|p1b: lion|Ursaluna-Bloodmoon, L50, M|100/100
|switch|p2a: Garchomp|Garchomp, L50, F, shiny|100/100
|switch|p2b: Talonflame|Talonflame, L50, M, shiny|100/100
|turn|1
|
|t:|1757110311
|-terastallize|p1b: lion|Normal
|move|p2a: Garchomp|Protect|p2a: Garchomp
|-singleturn|p2a: Garchomp|Protect
|move|p2b: Talonflame|Taunt|p1a: Bumble bee
|-start|p1a: Bumble bee|move: Taunt
|move|p1a: Bumble bee|Electroweb|p2b: Talonflame|[spread] p2b
|-activate|p2a: Garchomp|move: Protect
|-supereffective|p2b: Talonflame
|-damage|p2b: Talonflame|60/100
|move|p1b: lion|Blood Moon|p2a: Garchomp
|-activate|p2a: Garchomp|move: Protect
|
|upkeep
|turn|2
|inactive|aYeal has 30 seconds left.
|
|t:|1757110345
|move|p2b: Talonflame|Brave Bird|p1b: lion
|-damage|p1b: lion|67/100
|-damage|p2b: Talonflame|47/100|[from] Recoil
|move|p2a: Garchomp|Swords Dance|p2a: Garchomp
|-boost|p2a: Garchomp|atk|2
|move|p1a: Bumble bee|Electroweb|p2a: Garchomp|[spread] p2b
|-immune|p2a: Garchomp
|-supereffective|p2b: Talonflame
|-damage|p2b: Talonflame|2/100
|move|p1b: lion|Hyper Voice|p2b: Talonflame|[spread] p2a,p2b
|-damage|p2a: Garchomp|35/100
|-damage|p2b: Talonflame|0 fnt
|faint|p2b: Talonflame
|-damage|p1b: lion|57/100|[from] item: Life Orb
|
|upkeep
|
|t:|1757110360
|switch|p2b: Amoonguss|Amoonguss, L50, F|100/100
|turn|3
|
|t:|1757110377
|move|p1b: lion|Protect|p1b: lion
|-singleturn|p1b: lion|Protect
|move|p2b: Amoonguss|Protect|p2b: Amoonguss
|-singleturn|p2b: Amoonguss|Protect
|move|p2a: Garchomp|Earthquake|p1a: Bumble bee|[spread] p1a
|-activate|p2b: Amoonguss|move: Protect
|-activate|p1b: lion|move: Protect
|-supereffective|p1a: Bumble bee
|-damage|p1a: Bumble bee|0 fnt
|faint|p1a: Bumble bee
|
|upkeep
|
|t:|1757110386
|switch|p1a: Whimsicott|Whimsicott, L50, F|100/100
|turn|4
|
|t:|1757110402
|-terastallize|p2a: Garchomp|Steel
|move|p2b: Amoonguss|Rage Powder|p2b: Amoonguss
|-singleturn|p2b: Amoonguss|move: Rage Powder
|move|p1a: Whimsicott|Tailwind|p1a: Whimsicott
|-sidestart|p1: hungry hillo|move: Tailwind
|move|p1b: lion|Hyper Voice|p2a: Garchomp|[spread] p2a,p2b
|-resisted|p2a: Garchomp
|-damage|p2a: Garchomp|3/100
|-damage|p2b: Amoonguss|46/100
|-enditem|p2b: Amoonguss|Sitrus Berry|[eat]
|-heal|p2b: Amoonguss|71/100|[from] item: Sitrus Berry
|-damage|p1b: lion|48/100|[from] item: Life Orb
|move|p2a: Garchomp|Earthquake|p1a: Whimsicott|[spread] p2b,p1a,p1b
|-resisted|p1a: Whimsicott
|-damage|p2b: Amoonguss|3/100
|-damage|p1a: Whimsicott|47/100
|-damage|p1b: lion|0 fnt
|faint|p1b: lion
|
|upkeep
|
|t:|1757110407
|switch|p1b: Annihilape|Annihilape, L50, F|100/100
|turn|5
|
|t:|1757110420
|move|p2b: Amoonguss|Rage Powder|p2b: Amoonguss
|-singleturn|p2b: Amoonguss|move: Rage Powder
|move|p1a: Whimsicott|Moonblast|p2a: Garchomp
|-resisted|p2a: Garchomp
|-damage|p2a: Garchomp|0 fnt
|faint|p2a: Garchomp
|move|p1b: Annihilape|Drain Punch|p2b: Amoonguss
|-resisted|p2b: Amoonguss
|-damage|p2b: Amoonguss|0 fnt
|faint|p2b: Amoonguss
|
|upkeep
|
|t:|1757110426
|switch|p2a: Primarina|Primarina, L50, F|100/100
|turn|6
|
|t:|1757110432
|move|p2a: Primarina|Protect|p2a: Primarina
|-singleturn|p2a: Primarina|Protect
|move|p1a: Whimsicott|Beat Up|p2a: Primarina
|-activate|p2a: Primarina|move: Protect
|move|p1b: Annihilape|Rage Fist|p2a: Primarina
|-activate|p2a: Primarina|move: Protect
|
|upkeep
|turn|7
|
|t:|1757110440
|move|p1a: Whimsicott|Moonblast|p2a: Primarina
|-damage|p2a: Primarina|74/100
|-unboost|p2a: Primarina|spa|1
|move|p1b: Annihilape|Rage Fist|p2a: Primarina
|-damage|p2a: Primarina|48/100
|move|p2a: Primarina|Moonblast|p1b: Annihilape
|-supereffective|p1b: Annihilape
|-damage|p1b: Annihilape|34/100
|
|-heal|p1b: Annihilape|40/100|[from] item: Leftovers
|-sideend|p1: hungry hillo|move: Tailwind
|upkeep
|turn|8
|
|t:|1757110448
|move|p1a: Whimsicott|Tailwind|p1a: Whimsicott
|-sidestart|p1: hungry hillo|move: Tailwind
|move|p1b: Annihilape|Rage Fist|p2a: Primarina
|-damage|p2a: Primarina|0 fnt
|faint|p2a: Primarina
|
|win|hungry hillo
||hungry hillo is ready for game 3.
||aYeal is ready for game 3.
|uhtml|next|Next: Game 3 of 3
|l|☆aYeal
|player|p2|
