|j|☆pawmifleet
|j|‽Giraldo567
|html|pawmifleetGiraldo567    
|uhtml|bestof|Game 2 of a best-of-3
|t:|1784134713
|gametype|doubles
|player|p1|pawmifleet|fisherman-gen4|1178
|player|p2|Giraldo567|2|1086
|gen|9
|tier|[Gen 9 Champions] VGC 2026 Reg M-B (Bo3)
|rated|
|rule|Species Clause: Limit one of each Pokémon
|rule|Item Clause: Limit 1 of each item
|clearpoke
|poke|p1|Incineroar, L50, M|
|poke|p1|Venusaur, L50, M|
|poke|p1|Charizard, L50, M|
|poke|p1|Garchomp, L50, M|
|poke|p1|Toxapex, L50, M|
|poke|p1|Annihilape, L50, F|
|poke|p2|Garchomp, L50, F|
|poke|p2|Floette-Eternal, L50, F|
|poke|p2|Whimsicott, L50, M|
|poke|p2|Milotic, L50, F|
|poke|p2|Charizard, L50, F|
|poke|p2|Clefable, L50, M|
|teampreview|4
|showteam|p1|Incineroar||SitrusBerry|Intimidate|FakeOut,ThroatChop,FlareBlitz,PartingShot|Impish||M|||50|]Venusaur||LifeOrb|Chlorophyll|SolarBeam,SludgeBomb,EarthPower,Protect|Modest||M|||50|]Charizard||CharizarditeY|Blaze|HeatWave,WeatherBall,HelpingHand,Protect|Modest||M|||50|]Garchomp||ChoiceScarf|RoughSkin|DragonClaw,Earthquake,RockSlide,StompingTantrum|Adamant||M|||50|]Toxapex||Leftovers|Regenerator|Infestation,Toxic,BanefulBunker,WideGuard|Bold||M|||50|]Annihilape||FocusSash|Defiant|PhantomForce,CloseCombat,RockTomb,Protect|Jolly||F|||50|
|showteam|p2|Garchomp||LifeOrb|RoughSkin|RockSlide,Protect,Earthquake,SwordsDance|Jolly||F|||50|]Floette-Eternal||Floettite|FlowerVeil|Protect,CalmMind,DazzlingGleam,Moonblast|Timid||F|||50|]Whimsicott||FocusSash|Prankster|Tailwind,Encore,Moonblast,Protect|Bold||M|||50|]Milotic||Leftovers|Competitive|Coil,Hypnosis,Protect,MuddyWater|Calm||F|||50|]Charizard||CharizarditeY|Blaze|HeatWave,WeatherBall,Protect,SolarBeam|Timid||F|||50|]Clefable||SitrusBerry|Unaware|LifeDew,FollowMe,Protect,DazzlingGleam|Calm||M|||50|
|inactive|Battle timer is ON: inactive players will automatically lose when time's up. (requested by pawmifleet)
|
|t:|1784134735
|teamsize|p1|4
|teamsize|p2|4
|start
|switch|p1a: Garchomp|Garchomp, L50, M|100/100
|switch|p1b: Venusaur|Venusaur, L50, M|100/100
|switch|p2a: Milotic|Milotic, L50, F|100/100
|switch|p2b: Garchomp|Garchomp, L50, F|100/100
|turn|1
|l|‽Giraldo567
|inactive|Giraldo567 disconnected and has a minute to reconnect!
|player|p2|
|inactive|Giraldo567 has 30 seconds left.
|j|‽Giraldo567
|inactive|Giraldo567 reconnected and has 30 seconds left.
|player|p2|Giraldo567|2|
|n|‽Giraldo567|giraldo567
|
|t:|1784134764
|move|p1a: Garchomp|Dragon Claw|p2b: Garchomp
|-supereffective|p2b: Garchomp|1
|-damage|p2b: Garchomp|17/100
|-damage|p1a: Garchomp|87/100|[from] ability: Rough Skin|[of] p2b: Garchomp
|move|p2b: Garchomp|Rock Slide|p1a: Garchomp|[spread] p1a,p1b
|-resisted|p1a: Garchomp|1
|-damage|p1a: Garchomp|75/100
|-damage|p1b: Venusaur|68/100
|-damage|p2b: Garchomp|8/100|[from] item: Life Orb
|move|p1b: Venusaur|Sludge Bomb|p2b: Garchomp
|-resisted|p2b: Garchomp|1
|-damage|p2b: Garchomp|0 fnt
|faint|p2b: Garchomp
|-damage|p1b: Venusaur|59/100|[from] item: Life Orb
|move|p2a: Milotic|Coil|p2a: Milotic
|-boost|p2a: Milotic|atk|1
|-boost|p2a: Milotic|def|1
|-boost|p2a: Milotic|accuracy|1
|
|upkeep
|
|t:|1784134773
|switch|p2b: Charizard|Charizard, L50, F|100/100
|turn|2
|
|t:|1784134787
|switch|p1a: Charizard|Charizard, L50, M|100/100
|move|p1b: Venusaur|Protect|p1b: Venusaur
|-singleturn|p1b: Venusaur|Protect
|move|p2b: Charizard|Heat Wave|p1a: Charizard|[spread] p1a
|-activate|p1b: Venusaur|move: Protect
|-resisted|p1a: Charizard|1
|-damage|p1a: Charizard|81/100
|move|p2a: Milotic|Hypnosis|p1b: Venusaur
|-activate|p1b: Venusaur|move: Protect
|
|upkeep
|turn|3
|inactive|pawmifleet has 30 seconds left.
|
|t:|1784134813
|detailschange|p2b: Charizard|Charizard-Mega-Y, L50, F
|-mega|p2b: Charizard|Charizard|Charizardite Y
|-weather|SunnyDay|[from] ability: Drought|[of] p2b: Charizard
|detailschange|p1a: Charizard|Charizard-Mega-Y, L50, M
|-mega|p1a: Charizard|Charizard|Charizardite Y
|move|p1a: Charizard|Helping Hand|p1b: Venusaur
|-singleturn|p1b: Venusaur|Helping Hand|[of] p1a: Charizard
|move|p2a: Milotic|Protect|p2a: Milotic
|-singleturn|p2a: Milotic|Protect
|move|p1b: Venusaur|Solar Beam||[still]
|-prepare|p1b: Venusaur|Solar Beam
|-anim|p1b: Venusaur|Solar Beam|p2a: Milotic
|-activate|p2a: Milotic|move: Protect
|move|p2b: Charizard|Heat Wave|p1a: Charizard|[spread] p1a,p1b
|-resisted|p1a: Charizard|1
|-supereffective|p1b: Venusaur|1
|-damage|p1a: Charizard|53/100
|-damage|p1b: Venusaur|0 fnt
|faint|p1b: Venusaur
|
|-weather|SunnyDay|[upkeep]
|upkeep
|
|t:|1784134821
|switch|p1b: Garchomp|Garchomp, L50, M|75/100
|turn|4
|
|t:|1784134833
|switch|p2b: Floette|Floette-Eternal, L50, F|100/100
|move|p1a: Charizard|Helping Hand|p1b: Garchomp
|-singleturn|p1b: Garchomp|Helping Hand|[of] p1a: Charizard
|move|p1b: Garchomp|Rock Slide|p2a: Milotic|[spread] p2a
|-miss|p1b: Garchomp|p2b: Floette
|-damage|p2a: Milotic|79/100
|move|p2a: Milotic|Hypnosis|p1a: Charizard
|-status|p1a: Charizard|slp|[from] move: Hypnosis
|
|-weather|SunnyDay|[upkeep]
|-heal|p2a: Milotic|85/100|[from] item: Leftovers
|upkeep
|turn|5
|
|t:|1784134850
|move|p1b: Garchomp|Rock Slide|p2b: Floette|[spread] p2a,p2b
|-damage|p2a: Milotic|70/100
|-damage|p2b: Floette|66/100
|cant|p2b: Floette|flinch
|cant|p1a: Charizard|slp
|move|p2a: Milotic|Hypnosis|p1b: Garchomp
|-status|p1b: Garchomp|slp|[from] move: Hypnosis
|
|-weather|SunnyDay|[upkeep]
|-heal|p2a: Milotic|77/100|[from] item: Leftovers
|upkeep
|turn|6
|
|t:|1784134874
|-curestatus|p1a: Charizard|slp|[msg]
|move|p1a: Charizard|Helping Hand|p1b: Garchomp
|-singleturn|p1b: Garchomp|Helping Hand|[of] p1a: Charizard
|cant|p1b: Garchomp|slp
|move|p2b: Floette|Calm Mind|p2b: Floette
|-boost|p2b: Floette|spa|1
|-boost|p2b: Floette|spd|1
|move|p2a: Milotic|Coil|p2a: Milotic
|-boost|p2a: Milotic|atk|1
|-boost|p2a: Milotic|def|1
|-boost|p2a: Milotic|accuracy|1
|
|-weather|SunnyDay|[upkeep]
|-heal|p2a: Milotic|83/100|[from] item: Leftovers
|upkeep
|turn|7
|
|t:|1784134899
|move|p1a: Charizard|Helping Hand|p1b: Garchomp
|-singleturn|p1b: Garchomp|Helping Hand|[of] p1a: Charizard
|-curestatus|p1b: Garchomp|slp|[msg]
|move|p1b: Garchomp|Rock Slide|p2a: Milotic|[spread] p2a,p2b
|-damage|p2a: Milotic|69/100
|-damage|p2b: Floette|13/100
|move|p2b: Floette|Dazzling Gleam|p1b: Garchomp|[spread] p1a,p1b
|-resisted|p1a: Charizard|1
|-supereffective|p1b: Garchomp|1
|-damage|p1a: Charizard|32/100
|-damage|p1b: Garchomp|0 fnt
|faint|p1b: Garchomp
|cant|p2a: Milotic|flinch
|
|-weather|none
|-heal|p2a: Milotic|76/100|[from] item: Leftovers
|upkeep
|
|t:|1784134908
|switch|p1b: Annihilape|Annihilape, L50, F|100/100
|turn|8
|
|t:|1784134919
|move|p2b: Floette|Protect|p2b: Floette
|-singleturn|p2b: Floette|Protect
|move|p1b: Annihilape|Phantom Force||[still]
|-prepare|p1b: Annihilape|Phantom Force
|move|p1a: Charizard|Heat Wave|p2a: Milotic|[spread] p2a
|-activate|p2b: Floette|move: Protect
|-resisted|p2a: Milotic|1
|-damage|p2a: Milotic|63/100
|move|p2a: Milotic|Hypnosis|p1b: Annihilape|[miss]
|-miss|p2a: Milotic|p1b: Annihilape
|
|-heal|p2a: Milotic|69/100|[from] item: Leftovers
|upkeep
|turn|9
|
|t:|1784134940
|move|p2b: Floette|Dazzling Gleam|p1a: Charizard|[spread] p1a
|-miss|p2b: Floette|p1b: Annihilape
|-resisted|p1a: Charizard|1
|-damage|p1a: Charizard|13/100
|move|p1b: Annihilape|Phantom Force|p2a: Milotic|[from] lockedmove
|-damage|p2a: Milotic|47/100
|move|p1a: Charizard|Heat Wave|p2b: Floette|[spread] p2a,p2b
|-resisted|p2a: Milotic|1
|-damage|p2a: Milotic|34/100
|-damage|p2b: Floette|0 fnt
|faint|p2b: Floette
|move|p2a: Milotic|Hypnosis|p1b: Annihilape
|-status|p1b: Annihilape|slp|[from] move: Hypnosis
|
|-heal|p2a: Milotic|41/100|[from] item: Leftovers
|upkeep
|
|t:|1784134944
|switch|p2b: Charizard|Charizard-Mega-Y, L50, F|100/100
|-weather|SunnyDay|[from] ability: Drought|[of] p2b: Charizard
|turn|10
|
|t:|1784134954
|move|p2a: Milotic|Protect|p2a: Milotic
|-singleturn|p2a: Milotic|Protect
|move|p2b: Charizard|Heat Wave|p1a: Charizard|[spread] p1a,p1b
|-resisted|p1a: Charizard|1
|-crit|p1a: Charizard
|-damage|p1a: Charizard|0 fnt
|-damage|p1b: Annihilape|28/100 slp
|faint|p1a: Charizard
|cant|p1b: Annihilape|slp
|
|-weather|SunnyDay|[upkeep]
|-heal|p2a: Milotic|47/100|[from] item: Leftovers
|upkeep
|turn|11
|
|t:|1784134970
|move|p2b: Charizard|Weather Ball|p1b: Annihilape
|-damage|p1b: Annihilape|0 fnt
|faint|p1b: Annihilape
|
|win|Giraldo567
