|j|☆berg0123
|j|☆Chisato_Arashi_VGC
|html|berg0123Chisato_Arashi_VGC    
|uhtml|bestof|Game 1 of a best-of-3
|t:|1756676046
|gametype|doubles
|player|p1|berg0123|266|1041
|player|p2|Chisato_Arashi_VGC|roxie-masters|1095
|gen|9
|tier|[Gen 9] VGC 2025 Reg H (Bo3)
|rated|
|rule|Species Clause: Limit one of each Pokémon
|rule|Item Clause: Limit 1 of each item
|clearpoke
|poke|p1|Ursaluna-Bloodmoon, L50, M|
|poke|p1|Dragonite, L50, M|
|poke|p1|Arcanine-Hisui, L50, M|
|poke|p1|Gholdengo, L50|
|poke|p1|Kingambit, L50, M|
|poke|p1|Rillaboom, L50, M|
|poke|p2|Decidueye-Hisui, L50, F|
|poke|p2|Weezing-Galar, L50, M|
|poke|p2|Talonflame, L50, F|
|poke|p2|Tyranitar, L50, M|
|poke|p2|Garchomp, L50, F|
|poke|p2|Gholdengo, L50|
|teampreview|4
|showteam|p1|Ursaluna-Bloodmoon||AssaultVest|MindsEye|BloodMoon,HyperVoice,EarthPower,VacuumWave|||M|||50|,,,,,Ghost]Dragonite||LoadedDice|InnerFocus|ScaleShot,LowKick,Tailwind,Protect|||M|||50|,,,,,Fairy]Arcanine-Hisui||ChoiceBand|Intimidate|FlareBlitz,ExtremeSpeed,StoneEdge,RockSlide|||M|||50|,,,,,Normal]Gholdengo||MetalCoat|GoodasGold|MakeItRain,ShadowBall,NastyPlot,Protect||||||50|,,,,,Dragon]Kingambit||BlackGlasses|Defiant|KowtowCleave,SuckerPunch,SwordsDance,Protect|||M|||50|,,,,,Dark]Rillaboom||GrassySeed|GrassySurge|WoodHammer,GrassyGlide,HighHorsepower,FakeOut|||M|||50|,,,,,Grass
|showteam|p2|Decidueye-Hisui||RazorClaw|Scrappy|TripleArrows,LeafBlade,SuckerPunch,Protect|||F|||50|,,,,,Fire]Weezing-Galar||ChoiceSpecs|NeutralizingGas|StrangeSteam,DazzlingGleam,Flamethrower,SludgeBomb|||M|||50|,,,,,Fire]Talonflame||CovertCloak|GaleWings|Tailwind,WillOWisp,BraveBird,Taunt|||F|||50|,,,,,Grass]Tyranitar||AssaultVest|SandStream|RockSlide,KnockOff,TeraBlast,LowKick|||M|||50|,,,,,Flying]Garchomp||LifeOrb|RoughSkin|DragonClaw,StompingTantrum,Earthquake,Protect|||F|||50|,,,,,Steel]Gholdengo||Leftovers|GoodasGold|MakeItRain,ShadowBall,NastyPlot,Protect||||||50|,,,,,Dragon
|inactive|Battle timer is ON: inactive players will automatically lose when time's up. (requested by berg0123)
|inactive|berg0123 has 60 seconds left.
|inactive|Chisato_Arashi_VGC has 60 seconds left.
|j| Raging_Ryno
|
|t:|1756676091
|teamsize|p1|4
|teamsize|p2|4
|start
|switch|p1a: Arcanine|Arcanine-Hisui, L50, M|100/100
|switch|p1b: Ursaluna|Ursaluna-Bloodmoon, L50, M|100/100
|switch|p2a: Weezing|Weezing-Galar, L50, M|100/100
|switch|p2b: Garchomp|Garchomp, L50, F|100/100
|-ability|p2a: Weezing|Neutralizing Gas
|turn|1
|inactive|Chisato_Arashi_VGC has 30 seconds left.
|
|t:|1756676118
|-terastallize|p1a: Arcanine|Normal
|move|p1a: Arcanine|Extreme Speed|p2b: Garchomp
|-damage|p2b: Garchomp|33/100
|move|p2b: Garchomp|Stomping Tantrum|p1a: Arcanine
|-damage|p1a: Arcanine|46/100
|-damage|p2b: Garchomp|23/100|[from] item: Life Orb
|move|p2a: Weezing|Sludge Bomb|p1a: Arcanine
|-damage|p1a: Arcanine|0 fnt
|faint|p1a: Arcanine
|move|p1b: Ursaluna|Earth Power|p2a: Weezing
|-supereffective|p2a: Weezing
|-damage|p2a: Weezing|0 fnt
|faint|p2a: Weezing
|-end|p2a: Weezing|ability: Neutralizing Gas
|
|upkeep
|
|t:|1756676133
|switch|p1a: Kingambit|Kingambit, L50, M|100/100
|switch|p2a: Tyranitar|Tyranitar, L50, M|100/100
|-weather|Sandstorm|[from] ability: Sand Stream|[of] p2a: Tyranitar
|turn|2
|
|t:|1756676149
|switch|p2b: Talonflame|Talonflame, L50, F|100/100
|switch|p1a: Gholdengo|Gholdengo, L50|100/100
|move|p2a: Tyranitar|Knock Off|p1b: Ursaluna
|-damage|p1b: Ursaluna|62/100
|-enditem|p1b: Ursaluna|Assault Vest|[from] move: Knock Off|[of] p2a: Tyranitar
|move|p1b: Ursaluna|Hyper Voice|p2b: Talonflame|[spread] p2a,p2b
|-resisted|p2a: Tyranitar
|-damage|p2a: Tyranitar|93/100
|-damage|p2b: Talonflame|58/100
|
|-weather|Sandstorm|[upkeep]
|-damage|p2b: Talonflame|52/100|[from] Sandstorm
|upkeep
|turn|3
|
|t:|1756676170
|move|p1b: Ursaluna|Vacuum Wave|p2a: Tyranitar
|-supereffective|p2a: Tyranitar
|-crit|p2a: Tyranitar
|-damage|p2a: Tyranitar|56/100
|move|p2b: Talonflame|Tailwind|p2b: Talonflame
|-sidestart|p2: Chisato_Arashi_VGC|move: Tailwind
|move|p2a: Tyranitar|Knock Off|p1a: Gholdengo
|-supereffective|p1a: Gholdengo
|-damage|p1a: Gholdengo|0 fnt
|-enditem|p1a: Gholdengo|Metal Coat|[from] move: Knock Off|[of] p2a: Tyranitar
|faint|p1a: Gholdengo
|
|-weather|Sandstorm|[upkeep]
|-damage|p2b: Talonflame|46/100|[from] Sandstorm
|upkeep
|
|t:|1756676176
|switch|p1a: Kingambit|Kingambit, L50, M|100/100
|turn|4
|
|t:|1756676183
|-terastallize|p2a: Tyranitar|Flying
|move|p1a: Kingambit|Sucker Punch||[still]
|-fail|p1a: Kingambit
|move|p2b: Talonflame|Will-O-Wisp|p1a: Kingambit
|-status|p1a: Kingambit|brn
|move|p2a: Tyranitar|Low Kick|p1b: Ursaluna
|-supereffective|p1b: Ursaluna
|-damage|p1b: Ursaluna|4/100
|move|p1b: Ursaluna|Earth Power|p2a: Tyranitar
|-immune|p2a: Tyranitar
|
|-weather|Sandstorm|[upkeep]
|-damage|p2b: Talonflame|40/100|[from] Sandstorm
|-damage|p2a: Tyranitar|50/100|[from] Sandstorm
|-damage|p1a: Kingambit|95/100 brn|[from] brn
|upkeep
|turn|5
|inactive|Chisato_Arashi_VGC has 30 seconds left.
|inactive|Chisato_Arashi_VGC has 20 seconds left.
|inactive|Chisato_Arashi_VGC has 15 seconds left.
|inactive|Chisato_Arashi_VGC has 10 seconds left.
|
|t:|1756676233
|move|p1a: Kingambit|Sucker Punch|p2b: Talonflame
|-damage|p2b: Talonflame|13/100
|move|p2b: Talonflame|Brave Bird|p1b: Ursaluna
|-damage|p1b: Ursaluna|0 fnt
|faint|p1b: Ursaluna
|-damage|p2b: Talonflame|12/100|[from] Recoil
|move|p2a: Tyranitar|Low Kick|p1a: Kingambit
|-supereffective|p1a: Kingambit
|-damage|p1a: Kingambit|0 fnt
|faint|p1a: Kingambit
|
|win|Chisato_Arashi_VGC
||Chisato_Arashi_VGC is ready for game 2.
||berg0123 is ready for game 2.
|uhtml|next|Next: Game 2 of 3
|l|☆berg0123
|player|p1|
|l| Raging_Ryno
