|j|☆wafflesniffer3000
|j|☆KaiserBN1
|html|wafflesniffer3000KaiserBN1    
|uhtml|bestof|Game 1 of a best-of-3
|t:|1756407909
|gametype|doubles
|player|p1|wafflesniffer3000|169|1059
|player|p2|KaiserBN1|n|1068
|gen|9
|tier|[Gen 9] VGC 2025 Reg H (Bo3)
|rated|
|rule|Species Clause: Limit one of each Pokémon
|rule|Item Clause: Limit 1 of each item
|clearpoke
|poke|p1|Sneasler, L50, F|
|poke|p1|Whimsicott, L50, F|
|poke|p1|Amoonguss, L50, F|
|poke|p1|Gholdengo, L50|
|poke|p1|Goodra-Hisui, L50, F|
|poke|p1|Volcarona, L50, M|
|poke|p2|Amoonguss, L50, M|
|poke|p2|Sneasler, L50, M|
|poke|p2|Gholdengo, L50|
|poke|p2|Incineroar, L50, F|
|poke|p2|Ursaluna-Bloodmoon, L50, M|
|poke|p2|Dragonite, L50, F|
|teampreview|4
|showteam|p1|Sneasler||CovertCloak|PoisonTouch|FakeOut,DireClaw,CloseCombat,ThroatChop|||F|||50|,,,,,Dark]Whimsicott||FocusSash|Prankster|Tailwind,LeechSeed,DazzlingGleam|||F|||50|,,,,,Ghost]Amoonguss||RockyHelmet|Regenerator|PollenPuff,RagePowder,Spore,Synthesis|||F|||50|,,,,,Water]Gholdengo||WiseGlasses|GoodasGold|Protect,NastyPlot,MakeItRain,ShadowBall||||||50|,,,,,Water]Goodra-Hisui||SafetyGoggles|Gooey|AcidArmor,BodyPress,SteelBeam,DracoMeteor|||F|||50|,,,,,Steel]Volcarona||ClearAmulet|FlameBody|QuiverDance,FieryDance,HeatWave,BugBuzz|||M|||50|,,,,,Bug
|showteam|p2|Amoonguss||SitrusBerry|Regenerator|RagePowder,Spore,PollenPuff,Protect|||M|||50|,,,,,Psychic]Sneasler||FocusSash|Unburden|Protect,DireClaw,CloseCombat,ThroatChop|||M|||50|,,,,,Stellar]Gholdengo||LifeOrb|GoodasGold|Protect,MakeItRain,ShadowBall,NastyPlot||||||50|,,,,,Water]Incineroar||SafetyGoggles|Intimidate|KnockOff,PartingShot,FlareBlitz,FakeOut|||F|||50|,,,,,Ghost]Ursaluna-Bloodmoon||AssaultVest|MindsEye|BloodMoon,EarthPower,VacuumWave,HyperVoice|||M|||50|,,,,,Water]Dragonite||LoadedDice|Multiscale|ScaleShot,Tailwind,Haze,Protect|||F|||50|,,,,,Fairy
|inactive|Battle timer is ON: inactive players will automatically lose when time's up. (requested by KaiserBN1)
|inactive|KaiserBN1 has 60 seconds left.
|inactive|KaiserBN1 has 30 seconds left.
|inactive|KaiserBN1 has 20 seconds left.
|inactive|KaiserBN1 has 15 seconds left.
|inactive|KaiserBN1 has 10 seconds left.
|inactive|KaiserBN1 has 5 seconds left.
|
|t:|1756407999
|teamsize|p1|4
|teamsize|p2|4
|start
|switch|p1a: Whimsicott|Whimsicott, L50, F|100/100
|switch|p1b: Volcarona|Volcarona, L50, M|100/100
|switch|p2a: Golden Wind|Dragonite, L50, F|100/100
|switch|p2b: Say Cheese|Gholdengo, L50|100/100
|turn|1
|
|t:|1756408024
|move|p2b: Say Cheese|Protect|p2b: Say Cheese
|-singleturn|p2b: Say Cheese|Protect
|move|p1a: Whimsicott|Tailwind|p1a: Whimsicott
|-sidestart|p1: wafflesniffer3000|move: Tailwind
|move|p1b: Volcarona|Quiver Dance|p1b: Volcarona
|-boost|p1b: Volcarona|spa|1
|-boost|p1b: Volcarona|spd|1
|-boost|p1b: Volcarona|spe|1
|move|p2a: Golden Wind|Tailwind|p2a: Golden Wind
|-sidestart|p2: KaiserBN1|move: Tailwind
|
|upkeep
|turn|2
|
|t:|1756408045
|move|p1a: Whimsicott|Dazzling Gleam|p2b: Say Cheese|[spread] p2a,p2b
|-supereffective|p2a: Golden Wind
|-resisted|p2b: Say Cheese
|-damage|p2a: Golden Wind|77/100
|-damage|p2b: Say Cheese|89/100
|move|p1b: Volcarona|Fiery Dance|p2b: Say Cheese
|-supereffective|p2b: Say Cheese
|-damage|p2b: Say Cheese|0 fnt
|-boost|p1b: Volcarona|spa|1
|faint|p2b: Say Cheese
|move|p2a: Golden Wind|Haze|p2a: Golden Wind
|-clearallboost
|
|upkeep
|
|t:|1756408059
|switch|p2b: Luffy|Incineroar, L50, F|100/100
|-ability|p2b: Luffy|Intimidate|boost
|-unboost|p1a: Whimsicott|atk|1
|-fail|p1b: Volcarona|unboost|[from] item: Clear Amulet|[of] p1b: Volcarona
|turn|3
|
|t:|1756408082
|move|p2a: Golden Wind|Protect|p2a: Golden Wind
|-singleturn|p2a: Golden Wind|Protect
|move|p1a: Whimsicott|Dazzling Gleam|p2a: Golden Wind|[spread] p2b
|-activate|p2a: Golden Wind|move: Protect
|-damage|p2b: Luffy|81/100
|move|p1b: Volcarona|Quiver Dance|p1b: Volcarona
|-boost|p1b: Volcarona|spa|1
|-boost|p1b: Volcarona|spd|1
|-boost|p1b: Volcarona|spe|1
|move|p2b: Luffy|Flare Blitz|p1a: Whimsicott
|-supereffective|p1a: Whimsicott
|-enditem|p1a: Whimsicott|Focus Sash
|-damage|p1a: Whimsicott|1/100
|-damage|p2b: Luffy|58/100|[from] Recoil
|
|upkeep
|turn|4
|inactive|KaiserBN1 has 30 seconds left.
|inactive|wafflesniffer3000 has 30 seconds left.
|inactive|KaiserBN1 has 20 seconds left.
|
|t:|1756408118
|move|p1a: Whimsicott|Dazzling Gleam|p2a: Golden Wind|[spread] p2a,p2b
|-supereffective|p2a: Golden Wind
|-damage|p2a: Golden Wind|26/100
|-damage|p2b: Luffy|39/100
|move|p1b: Volcarona|Heat Wave|p2a: Golden Wind|[spread] p2a,p2b
|-resisted|p2a: Golden Wind
|-resisted|p2b: Luffy
|-damage|p2a: Golden Wind|0 fnt
|-damage|p2b: Luffy|9/100
|faint|p2a: Golden Wind
|move|p2b: Luffy|Parting Shot|p1b: Volcarona
|-fail|p1b: Volcarona|unboost|[from] item: Clear Amulet|[of] p1b: Volcarona
|
|-sideend|p1: wafflesniffer3000|move: Tailwind
|-sideend|p2: KaiserBN1|move: Tailwind
|upkeep
|
|t:|1756408129
|switch|p2a: Tony|Ursaluna-Bloodmoon, L50, M|100/100
|turn|5
|
|t:|1756408150
|move|p1a: Whimsicott|Leech Seed|p2a: Tony
|-start|p2a: Tony|move: Leech Seed
|move|p1b: Volcarona|Heat Wave|p2b: Luffy|[spread] p2a,p2b
|-crit|p2a: Tony
|-resisted|p2b: Luffy
|-crit|p2b: Luffy
|-damage|p2a: Tony|42/100
|-damage|p2b: Luffy|0 fnt
|faint|p2b: Luffy
|move|p2a: Tony|Hyper Voice|p1b: Volcarona|[spread] p1a,p1b
|-crit|p1b: Volcarona
|-damage|p1a: Whimsicott|0 fnt
|-damage|p1b: Volcarona|54/100
|faint|p1a: Whimsicott
|
|upkeep
|
|t:|1756408164
|switch|p1a: Amoonguss|Amoonguss, L50, F|100/100
|turn|6
|
|t:|1756408178
|move|p1b: Volcarona|Fiery Dance|p2a: Tony
|-damage|p2a: Tony|0 fnt
|faint|p2a: Tony
|
|win|wafflesniffer3000
|l|☆wafflesniffer3000
|player|p1|
||KaiserBN1 is ready for game 2.
|inactive|wafflesniffer3000 has 30 seconds to confirm battle start!
||wafflesniffer3000 is ready for game 2.
|uhtml|next|Next: Game 2 of 3
