|j|☆eklyst
|j|☆KadGuyMan
|html|eklystKadGuyMan    
|uhtml|bestof|Game 3 of a best-of-3
|t:|1783392254
|gametype|doubles
|player|p1|eklyst|pokemaniac|1131
|player|p2|KadGuyMan|hugh|1052
|gen|9
|tier|[Gen 9 Champions] VGC 2026 Reg M-B (Bo3)
|rated|
|rule|Species Clause: Limit one of each Pokémon
|rule|Item Clause: Limit 1 of each item
|clearpoke
|poke|p1|Metagross, L50|
|poke|p1|Floette-Eternal, L50, F|
|poke|p1|Garchomp, L50, F|
|poke|p1|Aerodactyl, L50, F|
|poke|p1|Sinistcha, L50|
|poke|p1|Incineroar, L50, F|
|poke|p2|Meowscarada, L50, M, shiny|
|poke|p2|Gholdengo, L50|
|poke|p2|Whimsicott, L50, F, shiny|
|poke|p2|Garchomp, L50, F|
|poke|p2|Charizard, L50, M, shiny|
|poke|p2|Eelektross, L50, M|
|teampreview|4
|showteam|p1|Metagross||Metagrossite|ClearBody|IronHead,BulletPunch,PsychicFangs,Protect|Adamant|||||50|]Floette-Eternal||Floettite|FlowerVeil|Moonblast,DazzlingGleam,CalmMind,Protect|Modest||F|||50|]Garchomp||LifeOrb|RoughSkin|RockSlide,StompingTantrum,DragonClaw,Protect|Jolly||F|||50|]Aerodactyl||FocusSash|Unnerve|RockSlide,DualWingbeat,Tailwind,Protect|Jolly||F|||50|]Sinistcha||KasibBerry|Hospitality|MatchaGotcha,TrickRoom,RagePowder,Protect|Relaxed|||||50|]Incineroar||SitrusBerry|Intimidate|FakeOut,FlareBlitz,ThroatChop,PartingShot|Adamant||F|||50|
|showteam|p2|Meowscarada||ChoiceScarf|Protean|FlowerTrick,SuckerPunch,BrickBreak,TripleAxel|Adamant||M|||50|]Gholdengo||WhiteHerb|GoodasGold|Protect,NastyPlot,ShadowBall,MakeItRain|Modest|||||50|]Whimsicott||FocusSash|Prankster|Tailwind,Encore,EnergyBall,Moonblast|Timid||F|||50|]Garchomp||LifeOrb|RoughSkin|Protect,RockTomb,DragonClaw,Earthquake|Adamant||F|||50|]Charizard||CharizarditeY|Blaze|Protect,HeatWave,SolarBeam,WeatherBall|Modest||M|||50|]Eelektross||Eelektrossite|Levitate|Protect,Thunderbolt,Flamethrower,VoltSwitch|Timid||M|||50|
|inactive|Battle timer is ON: inactive players will automatically lose when time's up. (requested by KadGuyMan)
|inactive|eklyst also wants the timer to be on.
|
|t:|1783392275
|teamsize|p1|4
|teamsize|p2|4
|start
|switch|p1a: Aerodactyl|Aerodactyl, L50, F|100/100
|switch|p1b: Garchomp|Garchomp, L50, F|100/100
|switch|p2a: Whimsicott|Whimsicott, L50, F, shiny|100/100
|switch|p2b: Eelektross|Eelektross, L50, M|100/100
|-ability|p1a: Aerodactyl|Unnerve
|turn|1
|
|t:|1783392295
|switch|p1b: Incineroar|Incineroar, L50, F|100/100
|-ability|p1b: Incineroar|Intimidate|boost
|-unboost|p2a: Whimsicott|atk|1
|-unboost|p2b: Eelektross|atk|1
|detailschange|p2b: Eelektross|Eelektross-Mega, L50, M
|-mega|p2b: Eelektross|Eelektross|Eelektrossite
|move|p2a: Whimsicott|Tailwind|p2a: Whimsicott
|-sidestart|p2: KadGuyMan|move: Tailwind
|move|p2b: Eelektross|Thunderbolt|p1a: Aerodactyl
|-supereffective|p1a: Aerodactyl|1
|-enditem|p1a: Aerodactyl|Focus Sash
|-damage|p1a: Aerodactyl|1/100
|move|p1a: Aerodactyl|Tailwind|p1a: Aerodactyl
|-sidestart|p1: eklyst|move: Tailwind
|
|upkeep
|turn|2
|
|t:|1783392316
|move|p1b: Incineroar|Fake Out|p2a: Whimsicott
|-damage|p2a: Whimsicott|78/100
|cant|p2a: Whimsicott|flinch
|move|p1a: Aerodactyl|Rock Slide|p2b: Eelektross|[spread] p2a,p2b
|-damage|p2a: Whimsicott|42/100
|-damage|p2b: Eelektross|66/100
|move|p2b: Eelektross|Volt Switch|p1a: Aerodactyl
|-supereffective|p1a: Aerodactyl|1
|-damage|p1a: Aerodactyl|0 fnt
|faint|p1a: Aerodactyl
|-ability|p2b: Eelektross|Eelevate|boost
|-boost|p2b: Eelektross|spa|1
|
|t:|1783392321
|switch|p2b: Garchomp|Garchomp, L50, F|100/100|[from] Volt Switch
|
|upkeep
|
|t:|1783392326
|switch|p1a: Floette|Floette-Eternal, L50, F|100/100
|turn|3
|
|t:|1783392339
|detailschange|p1a: Floette|Floette-Mega, L50, F
|-mega|p1a: Floette|Floette|Floettite
|-ability|p1a: Floette|Fairy Aura
|move|p2b: Garchomp|Protect|p2b: Garchomp
|-singleturn|p2b: Garchomp|Protect
|move|p2a: Whimsicott|Moonblast|p1b: Incineroar
|-damage|p1b: Incineroar|56/100
|-unboost|p1b: Incineroar|spa|1
|move|p1a: Floette|Dazzling Gleam|p2a: Whimsicott|[spread] p2a
|-activate|p2b: Garchomp|move: Protect
|-damage|p2a: Whimsicott|0 fnt
|faint|p2a: Whimsicott
|move|p1b: Incineroar|Parting Shot|p2b: Garchomp
|-activate|p2b: Garchomp|move: Protect
|
|upkeep
|
|t:|1783392345
|switch|p2a: Gholdengo|Gholdengo, L50|100/100
|turn|4
|
|t:|1783392363
|move|p1a: Floette|Protect|p1a: Floette
|-singleturn|p1a: Floette|Protect
|move|p2a: Gholdengo|Protect|p2a: Gholdengo
|-singleturn|p2a: Gholdengo|Protect
|move|p2b: Garchomp|Earthquake|p1a: Floette|[spread] p1b
|-activate|p2a: Gholdengo|move: Protect
|-activate|p1a: Floette|move: Protect
|-supereffective|p1b: Incineroar|1
|-damage|p1b: Incineroar|0 fnt
|faint|p1b: Incineroar
|-damage|p2b: Garchomp|90/100|[from] item: Life Orb
|
|-sideend|p1: eklyst|move: Tailwind
|-sideend|p2: KadGuyMan|move: Tailwind
|upkeep
|
|t:|1783392373
|switch|p1b: Garchomp|Garchomp, L50, F|100/100
|turn|5
|
|t:|1783392383
|move|p1b: Garchomp|Stomping Tantrum|p2a: Gholdengo
|-supereffective|p2a: Gholdengo|1
|-damage|p2a: Gholdengo|6/100
|-damage|p1b: Garchomp|90/100|[from] item: Life Orb
|move|p2b: Garchomp|Rock Tomb|p1a: Floette
|-damage|p1a: Floette|75/100
|-unboost|p1a: Floette|spe|1
|-damage|p2b: Garchomp|80/100|[from] item: Life Orb
|move|p2a: Gholdengo|Make It Rain|p1b: Garchomp|[spread] p1a,p1b
|-supereffective|p1a: Floette|1
|-damage|p1a: Floette|8/100
|-damage|p1b: Garchomp|33/100
|-unboost|p2a: Gholdengo|spa|2
|-enditem|p2a: Gholdengo|White Herb
|-clearnegativeboost|p2a: Gholdengo|[silent]
|move|p1a: Floette|Dazzling Gleam|p2a: Gholdengo|[spread] p2a,p2b
|-resisted|p2a: Gholdengo|1
|-supereffective|p2b: Garchomp|1
|-crit|p2b: Garchomp
|-damage|p2a: Gholdengo|0 fnt
|-damage|p2b: Garchomp|0 fnt
|faint|p2a: Gholdengo
|faint|p2b: Garchomp
|
|upkeep
|
|t:|1783392398
|switch|p2a: Eelektross|Eelektross-Mega, L50, M|66/100
|turn|6
|
|t:|1783392410
|move|p1b: Garchomp|Rock Slide|p2a: Eelektross
|-damage|p2a: Eelektross|17/100
|-damage|p1b: Garchomp|23/100|[from] item: Life Orb
|move|p2a: Eelektross|Flamethrower|p1b: Garchomp
|-resisted|p1b: Garchomp|1
|-damage|p1b: Garchomp|7/100
|move|p1a: Floette|Moonblast|p2a: Eelektross
|-damage|p2a: Eelektross|0 fnt
|faint|p2a: Eelektross
|
|win|eklyst
|raw|eklyst's rating: 1131 → 1150(+19 for winning)
|raw|KadGuyMan's rating: 1052 → 1038(-14 for losing)
|l|☆KadGuyMan
|player|p2|
