|j|☆justin tang1234
|j|☆abc'svgc
|html|justin tang1234abc'svgc    
|uhtml|bestof|Game 1 of a best-of-3
|t:|1784888117
|gametype|doubles
|player|p1|justin tang1234|102|1173
|player|p2|abc'svgc|cyclist-gen4|1191
|gen|9
|tier|[Gen 9 Champions] VGC 2026 Reg M-B (Bo3)
|rated|
|rule|Species Clause: Limit one of each Pokémon
|rule|Item Clause: Limit 1 of each item
|clearpoke
|poke|p1|Charizard, L50, M|
|poke|p1|Grimmsnarl, L50, M|
|poke|p1|Pelipper, L50, F|
|poke|p1|Archaludon, L50, F|
|poke|p1|Basculegion, L50, M|
|poke|p1|Venusaur, L50, F|
|poke|p2|Whimsicott, L50, F|
|poke|p2|Sneasler, L50, F|
|poke|p2|Floette-Eternal, L50, F|
|poke|p2|Basculegion, L50, M|
|poke|p2|Garchomp, L50, F|
|poke|p2|Charizard, L50, F|
|teampreview|4
|showteam|p1|Charizard||CharizarditeY|Blaze|HeatWave,WeatherBall,HelpingHand,Protect|Modest||M|||50|]Grimmsnarl||LightClay|Prankster|SpiritBreak,Reflect,LightScreen,PartingShot|Sassy||M|||50|]Pelipper||SitrusBerry|Drizzle|WeatherBall,Hurricane,Tailwind,WideGuard|Modest||F|||50|]Archaludon||Leftovers|Stamina|FlashCannon,DragonPulse,ElectroShot,Protect|Calm||F|||50|]Basculegion||ChoiceScarf|Adaptability|WaveCrash,AquaJet,LastRespects,FlipTurn|Jolly||M|||50|]Venusaur||FocusSash|Chlorophyll|SludgeBomb,LeafStorm,SleepPowder,Protect|Modest||F|||50|
|showteam|p2|Whimsicott||FocusSash|Prankster|Tailwind,Encore,Moonblast,FakeTears|Timid||F|||50|]Sneasler||WhiteHerb|Unburden|FakeOut,ThroatChop,DireClaw,CloseCombat|Jolly||F|||50|]Floette-Eternal||Floettite|FlowerVeil|LightofRuin,Moonblast,DazzlingGleam,Protect|Timid||F|||50|]Basculegion||ChoiceScarf|Adaptability|AquaJet,FlipTurn,WaveCrash,LastRespects|Jolly||M|||50|]Garchomp||LifeOrb|RoughSkin|DragonClaw,RockSlide,StompingTantrum,Protect|Jolly||F|||50|]Charizard||CharizarditeY|Blaze|HeatWave,WeatherBall,SolarBeam,Protect|Timid||F|||50|
|inactive|Battle timer is ON: inactive players will automatically lose when time's up. (requested by abc'svgc)
|inactive|abc'svgc has 60 seconds left.
|inactive|abc'svgc has 30 seconds left.
|inactive|abc'svgc has 20 seconds left.
|inactive|abc'svgc has 15 seconds left.
|inactive|abc'svgc has 10 seconds left.
|inactive|abc'svgc has 5 seconds left.
|
|t:|1784888230
|teamsize|p1|4
|teamsize|p2|4
|start
|switch|p1a: Grimmsnarl|Grimmsnarl, L50, M|100/100
|switch|p1b: Basculegion|Basculegion, L50, M|100/100
|switch|p2a: Floette|Floette-Eternal, L50, F|100/100
|switch|p2b: Whimsicott|Whimsicott, L50, F|100/100
|turn|1
|inactive|justin tang1234 has 30 seconds left.
|
|t:|1784888256
|move|p2a: Floette|Protect|p2a: Floette
|-singleturn|p2a: Floette|Protect
|move|p2b: Whimsicott|Tailwind|p2b: Whimsicott
|-sidestart|p2: abc'svgc|move: Tailwind
|move|p1a: Grimmsnarl|Parting Shot|p2a: Floette
|-activate|p2a: Floette|move: Protect
|move|p1b: Basculegion|Wave Crash|p2a: Floette
|-activate|p2a: Floette|move: Protect
|
|upkeep
|turn|2
|
|t:|1784888278
|switch|p2a: Basculegion|Basculegion, L50, M|100/100
|move|p1a: Grimmsnarl|Parting Shot|p2a: Basculegion
|-unboost|p2a: Basculegion|atk|1
|-unboost|p2a: Basculegion|spa|1
|
|t:|1784888285
|switch|p1a: Pelipper|Pelipper, L50, F|100/100|[from] Parting Shot
|-weather|RainDance|[from] ability: Drizzle|[of] p1a: Pelipper
|move|p2b: Whimsicott|Moonblast|p1a: Pelipper
|-damage|p1a: Pelipper|53/100
|move|p1b: Basculegion|Wave Crash|p2a: Basculegion
|-resisted|p2a: Basculegion|1
|-damage|p2a: Basculegion|32/100
|-damage|p1b: Basculegion|77/100|[from] Recoil
|
|-weather|RainDance|[upkeep]
|upkeep
|turn|3
|inactive|abc'svgc has 30 seconds left.
|
|t:|1784888313
|switch|p1b: Grimmsnarl|Grimmsnarl, L50, M|100/100
|move|p2a: Basculegion|Flip Turn|p1b: Grimmsnarl
|-damage|p1b: Grimmsnarl|62/100
|
|t:|1784888324
|switch|p2a: Floette|Floette-Eternal, L50, F|100/100|[from] Flip Turn
|move|p2b: Whimsicott|Moonblast|p1b: Grimmsnarl
|-supereffective|p1b: Grimmsnarl|1
|-damage|p1b: Grimmsnarl|2/100
|move|p1a: Pelipper|Tailwind|p1a: Pelipper
|-sidestart|p1: justin tang1234|move: Tailwind
|
|-weather|RainDance|[upkeep]
|upkeep
|turn|4
|inactive|justin tang1234 has 30 seconds left.
|inactive|justin tang1234 has 20 seconds left.
|inactive|justin tang1234 has 15 seconds left.
|
|t:|1784888366
|detailschange|p2a: Floette|Floette-Mega, L50, F
|-mega|p2a: Floette|Floette|Floettite
|-ability|p2a: Floette|Fairy Aura
|move|p2b: Whimsicott|Encore|p1a: Pelipper
|-start|p1a: Pelipper|Encore
|move|p1b: Grimmsnarl|Light Screen|p1b: Grimmsnarl
|-sidestart|p1: justin tang1234|move: Light Screen
|move|p2a: Floette|Moonblast|p1b: Grimmsnarl
|-supereffective|p1b: Grimmsnarl|1
|-damage|p1b: Grimmsnarl|0 fnt
|faint|p1b: Grimmsnarl
|move|p1a: Pelipper|Tailwind||[still]
|-fail|p1a: Pelipper
|
|-weather|RainDance|[upkeep]
|-sideend|p2: abc'svgc|move: Tailwind
|upkeep
|
|t:|1784888373
|switch|p1b: Basculegion|Basculegion, L50, M|77/100
|turn|5
|
|t:|1784888387
|switch|p1a: Charizard|Charizard, L50, M|100/100
|move|p2a: Floette|Protect|p2a: Floette
|-singleturn|p2a: Floette|Protect
|move|p1b: Basculegion|Wave Crash|p2a: Floette
|-activate|p2a: Floette|move: Protect
|move|p2b: Whimsicott|Moonblast|p1b: Basculegion
|-damage|p1b: Basculegion|47/100
|
|-weather|RainDance|[upkeep]
|upkeep
|turn|6
|
|t:|1784888408
|switch|p2a: Garchomp|Garchomp, L50, F|100/100
|move|p2b: Whimsicott|Tailwind|p2b: Whimsicott
|-sidestart|p2: abc'svgc|move: Tailwind
|move|p1b: Basculegion|Wave Crash|p2a: Garchomp
|-damage|p2a: Garchomp|0 fnt
|-damage|p1b: Basculegion|35/100|[from] ability: Rough Skin|[of] p2a: Garchomp
|faint|p2a: Garchomp
|-damage|p1b: Basculegion|4/100|[from] Recoil
|move|p1a: Charizard|Heat Wave|p2b: Whimsicott
|-supereffective|p2b: Whimsicott|1
|-damage|p2b: Whimsicott|40/100
|-status|p2b: Whimsicott|brn
|
|-weather|none
|-damage|p2b: Whimsicott|34/100 brn|[from] brn
|-sideend|p1: justin tang1234|move: Tailwind
|upkeep
|
|t:|1784888427
|switch|p2a: Basculegion|Basculegion, L50, M|32/100
|turn|7
|inactive|justin tang1234 has 30 seconds left.
|
|t:|1784888457
|switch|p1b: Pelipper|Pelipper, L50, F|53/100
|-weather|RainDance|[from] ability: Drizzle|[of] p1b: Pelipper
|detailschange|p1a: Charizard|Charizard-Mega-Y, L50, M
|-mega|p1a: Charizard|Charizard|Charizardite Y
|-weather|SunnyDay|[from] ability: Drought|[of] p1a: Charizard
|move|p2a: Basculegion|Last Respects|p1a: Charizard
|-damage|p1a: Charizard|37/100
|move|p2b: Whimsicott|Moonblast|p1b: Pelipper
|-damage|p1b: Pelipper|24/100
|-enditem|p1b: Pelipper|Sitrus Berry|[eat]
|-heal|p1b: Pelipper|48/100|[from] item: Sitrus Berry
|move|p1a: Charizard|Heat Wave|p2a: Basculegion|[spread] p2a,p2b
|-resisted|p2a: Basculegion|1
|-supereffective|p2b: Whimsicott|1
|-damage|p2a: Basculegion|0 fnt
|-damage|p2b: Whimsicott|0 fnt
|faint|p2a: Basculegion
|faint|p2b: Whimsicott
|
|-weather|SunnyDay|[upkeep]
|upkeep
|
|t:|1784888472
|switch|p2b: Floette|Floette-Mega, L50, F|100/100
|-ability|p2b: Floette|Fairy Aura
|turn|8
|inactive|abc'svgc has 30 seconds left.
|
|t:|1784888501
|move|p2b: Floette|Light of Ruin|p1b: Pelipper
|-crit|p1b: Pelipper
|-damage|p1b: Pelipper|0 fnt
|faint|p1b: Pelipper
|-damage|p2b: Floette|72/100|[from] Recoil
|move|p1a: Charizard|Weather Ball|p2b: Floette
|-damage|p2b: Floette|0 fnt
|faint|p2b: Floette
|
|win|justin tang1234
|inactive|justin tang1234 has 30 seconds to confirm battle start!
|inactive|abc'svgc has 30 seconds to confirm battle start!
||abc'svgc is ready for game 2.
||justin tang1234 is ready for game 2.
|uhtml|next|Next: Game 2 of 3
|l|☆justin tang1234
|player|p1|
|l|☆abc'svgc
|player|p2|
|j|☆justin tang1234
|player|p1|justin tang1234|102|
