|j|☆Notaplaceofhonor
|j|☆dcheng24
|html|Notaplaceofhonordcheng24    
|uhtml|bestof|Game 1 of a best-of-3
|t:|1757824904
|gametype|doubles
|player|p1|Notaplaceofhonor|juan-gen3|1153
|player|p2|dcheng24|170|1045
|gen|9
|tier|[Gen 9] VGC 2025 Reg H (Bo3)
|rated|
|rule|Species Clause: Limit one of each Pokémon
|rule|Item Clause: Limit 1 of each item
|clearpoke
|poke|p1|Ursaluna, L50, M|
|poke|p1|Incineroar, L50, F|
|poke|p1|Archaludon, L50, M|
|poke|p1|Pelipper, L50, M|
|poke|p1|Basculegion, L50, M|
|poke|p1|Sinistcha, L50|
|poke|p2|Amoonguss, L50, F|
|poke|p2|Archaludon, L50, M|
|poke|p2|Maushold-Four, L50|
|poke|p2|Primarina, L50, F|
|poke|p2|Incineroar, L50, M|
|poke|p2|Ursaluna-Bloodmoon, L50, M|
|teampreview|4
|showteam|p1|Ursaluna||FlameOrb|Guts|Protect,Facade,Earthquake,HeadlongRush|||M|||50|,,,,,Ghost]Incineroar||SafetyGoggles|Intimidate|Taunt,FakeOut,KnockOff,PartingShot|||F|||50|,,,,,Ghost]Archaludon||AssaultVest|Stamina|ElectroShot,Snarl,DracoMeteor,BodyPress|||M|||50|,,,,,Grass]Pelipper||FocusSash|Drizzle|Hurricane,WeatherBall,Tailwind,Protect|||M|||50|,,,,,Ghost]Basculegion||ChoiceScarf|Adaptability|WaveCrash,LastRespects,FlipTurn,AquaJet|||M|||50|,,,,,Water]Sinistcha||SitrusBerry|Hospitality|MatchaGotcha,TrickRoom,RagePowder,LifeDew||||||50|,,,,,Water
|showteam|p2|Amoonguss||QuickClaw|Regenerator|ClearSmog,Spore,PollenPuff,RagePowder|||F|||50|,,,,,Ghost]Archaludon||AssaultVest|Stamina|Thunderbolt,Snarl,BodyPress,DragonPulse|||M|||50|,,,,,Dragon]Maushold-Four||CovertCloak|FriendGuard|FollowMe,PopulationBomb,Taunt,Encore||||||50|,,,,,Ghost]Primarina||Leftovers|Torrent|HelpingHand,Charm,LightScreen,Surf|||F|||50|,,,,,Water]Incineroar||RockyHelmet|Intimidate|KnockOff,Taunt,FakeOut,PartingShot|||M|||50|,,,,,Grass]Ursaluna-Bloodmoon||LifeOrb|MindsEye|BloodMoon,EarthPower,Protect,HyperVoice|||M|||50|,,,,,Ground
|
|t:|1757824978
|teamsize|p1|4
|teamsize|p2|4
|start
|switch|p1a: Incineroar|Incineroar, L50, F|100/100
|switch|p1b: Sinistcha|Sinistcha, L50|100/100
|switch|p2a: Amoonguss|Amoonguss, L50, F|100/100
|switch|p2b: Maushold|Maushold-Four, L50|100/100
|-ability|p1a: Incineroar|Intimidate|boost
|-unboost|p2a: Amoonguss|atk|1
|-unboost|p2b: Maushold|atk|1
|turn|1
|-activate|p2a: Amoonguss|item: Quick Claw
|
|t:|1757825030
|move|p2a: Amoonguss|Spore|p1a: Incineroar
|-activate|p1a: Incineroar|item: Safety Goggles|Spore
|move|p2b: Maushold|Taunt|p1b: Sinistcha
|-start|p1b: Sinistcha|move: Taunt
|move|p1a: Incineroar|Parting Shot|p2b: Maushold
|-unboost|p2b: Maushold|atk|1
|-unboost|p2b: Maushold|spa|1
|
|t:|1757825037
|switch|p1a: Ursaluna|Ursaluna, L50, M|100/100|[from] Parting Shot
|cant|p1b: Sinistcha|move: Taunt|Trick Room
|
|-status|p1a: Ursaluna|brn|[from] item: Flame Orb
|upkeep
|turn|2
|
|t:|1757825077
|switch|p2b: Incineroar|Incineroar, L50, M|100/100
|-ability|p2b: Incineroar|Intimidate|boost
|-unboost|p1a: Ursaluna|atk|1
|-unboost|p1b: Sinistcha|atk|1
|move|p2a: Amoonguss|Spore||[still]
|-fail|p2a: Amoonguss
|move|p1b: Sinistcha|Matcha Gotcha|p2b: Incineroar|[spread] p2a,p2b
|-resisted|p2a: Amoonguss
|-resisted|p2b: Incineroar
|-damage|p2a: Amoonguss|96/100
|-damage|p2b: Incineroar|93/100
|move|p1a: Ursaluna|Facade|p2a: Amoonguss
|-damage|p2a: Amoonguss|0 fnt
|faint|p2a: Amoonguss
|
|-damage|p1a: Ursaluna|95/100 brn|[from] brn
|upkeep
|
|t:|1757825147
|switch|p2a: Maushold|Maushold-Four, L50|100/100
|turn|3
|
|t:|1757825172
|-terastallize|p1a: Ursaluna|Ghost
|move|p2b: Incineroar|Fake Out|p1a: Ursaluna
|-immune|p1a: Ursaluna
|move|p2a: Maushold|Population Bomb|p1a: Ursaluna
|-immune|p1a: Ursaluna
|move|p1b: Sinistcha|Matcha Gotcha|p2a: Maushold|[spread] p2a,p2b
|-resisted|p2b: Incineroar
|-damage|p2a: Maushold|68/100
|-damage|p2b: Incineroar|86/100
|move|p1a: Ursaluna|Facade|p2b: Incineroar
|-damage|p2b: Incineroar|35/100
|-damage|p1a: Ursaluna|78/100 brn|[from] item: Rocky Helmet|[of] p2b: Incineroar
|
|-damage|p1a: Ursaluna|72/100 brn|[from] brn
|-end|p1b: Sinistcha|move: Taunt
|upkeep
|turn|4
|
|t:|1757825217
|move|p1b: Sinistcha|Rage Powder|p1b: Sinistcha
|-singleturn|p1b: Sinistcha|move: Rage Powder
|move|p2a: Maushold|Taunt|p1b: Sinistcha
|-start|p1b: Sinistcha|move: Taunt
|move|p1a: Ursaluna|Earthquake|p2b: Incineroar|[spread] p1b,p2a,p2b
|-resisted|p1b: Sinistcha
|-supereffective|p2b: Incineroar
|-damage|p1b: Sinistcha|81/100
|-damage|p2a: Maushold|25/100
|-damage|p2b: Incineroar|0 fnt
|faint|p2b: Incineroar
|
|-damage|p1a: Ursaluna|66/100 brn|[from] brn
|upkeep
|
|t:|1757825228
|switch|p2b: Archaludon|Archaludon, L50, M|100/100
|turn|5
|
|t:|1757825256
|switch|p1a: Incineroar|Incineroar, L50, F|100/100
|-ability|p1a: Incineroar|Intimidate|boost
|-unboost|p2a: Maushold|atk|1
|-unboost|p2b: Archaludon|atk|1
|-terastallize|p2b: Archaludon|Dragon
|move|p2a: Maushold|Population Bomb|p2b: Archaludon
|-damage|p2b: Archaludon|98/100
|-ability|p2b: Archaludon|Stamina|boost
|-boost|p2b: Archaludon|def|1
|-damage|p2b: Archaludon|96/100
|-ability|p2b: Archaludon|Stamina|boost
|-boost|p2b: Archaludon|def|1
|-damage|p2b: Archaludon|95/100
|-ability|p2b: Archaludon|Stamina|boost
|-boost|p2b: Archaludon|def|1
|-damage|p2b: Archaludon|94/100
|-ability|p2b: Archaludon|Stamina|boost
|-boost|p2b: Archaludon|def|1
|-damage|p2b: Archaludon|93/100
|-ability|p2b: Archaludon|Stamina|boost
|-boost|p2b: Archaludon|def|1
|-damage|p2b: Archaludon|92/100
|-ability|p2b: Archaludon|Stamina|boost
|-boost|p2b: Archaludon|def|1
|-damage|p2b: Archaludon|90/100
|-damage|p2b: Archaludon|89/100
|-damage|p2b: Archaludon|88/100
|-damage|p2b: Archaludon|87/100
|-hitcount|p2b: Archaludon|10
|move|p2b: Archaludon|Dragon Pulse|p1a: Incineroar
|-damage|p1a: Incineroar|53/100
|move|p1b: Sinistcha|Matcha Gotcha|p2a: Maushold|[spread] p2a,p2b
|-resisted|p2b: Archaludon
|-damage|p2a: Maushold|0 fnt
|-heal|p1b: Sinistcha|93/100|[from] drain|[of] p2a: Maushold
|-damage|p2b: Archaludon|82/100
|-heal|p1b: Sinistcha|97/100|[from] drain|[of] p2b: Archaludon
|faint|p2a: Maushold
|
|upkeep
|turn|6
|
|t:|1757825314
|move|p1a: Incineroar|Fake Out|p2b: Archaludon
|-damage|p2b: Archaludon|80/100
|cant|p2b: Archaludon|flinch
|move|p1b: Sinistcha|Matcha Gotcha|p2b: Archaludon
|-resisted|p2b: Archaludon
|-damage|p2b: Archaludon|69/100
|-heal|p1b: Sinistcha|100/100|[from] drain|[of] p2b: Archaludon
|
|upkeep
|turn|7
|
|t:|1757825327
|move|p2b: Archaludon|Dragon Pulse|p1b: Sinistcha
|-damage|p1b: Sinistcha|56/100
|move|p1b: Sinistcha|Matcha Gotcha|p2b: Archaludon
|-resisted|p2b: Archaludon
|-damage|p2b: Archaludon|58/100
|-heal|p1b: Sinistcha|62/100|[from] drain|[of] p2b: Archaludon
|move|p1a: Incineroar|Parting Shot|p2b: Archaludon
|-unboost|p2b: Archaludon|atk|1
|-unboost|p2b: Archaludon|spa|1
|
|t:|1757825337
|switch|p1a: Ursaluna|Ursaluna, L50, M, tera:Ghost|66/100 brn|[from] Parting Shot
|
|-damage|p1a: Ursaluna|61/100 brn|[from] brn
|-end|p1b: Sinistcha|move: Taunt
|upkeep
|turn|8
|
|t:|1757825345
|switch|p1b: Incineroar|Incineroar, L50, F|53/100
|-ability|p1b: Incineroar|Intimidate|boost
|-unboost|p2b: Archaludon|atk|1
|move|p2b: Archaludon|Snarl|p1b: Incineroar|[spread] p1a,p1b
|-supereffective|p1a: Ursaluna
|-resisted|p1b: Incineroar
|-damage|p1a: Ursaluna|44/100 brn
|-damage|p1b: Incineroar|50/100
|-unboost|p1a: Ursaluna|spa|1
|-unboost|p1b: Incineroar|spa|1
|move|p1a: Ursaluna|Facade|p2b: Archaludon
|-damage|p2b: Archaludon|36/100
|
|-damage|p1a: Ursaluna|38/100 brn|[from] brn
|upkeep
|turn|9
|
|t:|1757825366
|move|p1b: Incineroar|Fake Out|p2b: Archaludon
|-damage|p2b: Archaludon|33/100
|cant|p2b: Archaludon|flinch
|move|p1a: Ursaluna|Facade|p2b: Archaludon
|-damage|p2b: Archaludon|9/100
|
|-damage|p1a: Ursaluna|32/100 brn|[from] brn
|upkeep
|turn|10
|
|t:|1757825380
|move|p2b: Archaludon|Dragon Pulse|p1a: Ursaluna
|-damage|p1a: Ursaluna|0 fnt
|faint|p1a: Ursaluna
|move|p1b: Incineroar|Knock Off|p2b: Archaludon
|-damage|p2b: Archaludon|1/100
|-enditem|p2b: Archaludon|Assault Vest|[from] move: Knock Off|[of] p1b: Incineroar
|
|upkeep
|
|t:|1757825386
|switch|p1a: Basculegion|Basculegion, L50, M|100/100
|turn|11
|
|t:|1757825396
|move|p1a: Basculegion|Last Respects|p2b: Archaludon
|-damage|p2b: Archaludon|0 fnt
|faint|p2b: Archaludon
|
|win|Notaplaceofhonor
