|j|☆Beeetch
|j|☆A Regu1ar Guy
|html|BeeetchA Regu1ar Guy    
|uhtml|bestof|Game 1 of a best-of-3
|t:|1756644041
|gametype|doubles
|player|p1|Beeetch|beauty-gen4dp|1306
|player|p2|A Regu1ar Guy|elesa|1443
|gen|9
|tier|[Gen 9] VGC 2025 Reg H (Bo3)
|rated|
|rule|Species Clause: Limit one of each Pokémon
|rule|Item Clause: Limit 1 of each item
|clearpoke
|poke|p1|Toedscruel, L50, F|
|poke|p1|Weezing-Galar, L50, M|
|poke|p1|Corviknight, L50, M|
|poke|p1|Pawmot, L50, F|
|poke|p1|Garchomp, L50, M|
|poke|p1|Typhlosion-Hisui, L50, M|
|poke|p2|Volcarona, L50, M|
|poke|p2|Rillaboom, L50, F|
|poke|p2|Electabuzz, L50, M|
|poke|p2|Tauros-Paldea-Aqua, L50, M|
|poke|p2|Dragonite, L50, F|
|poke|p2|Ninetales-Alola, L50, M|
|teampreview|4
|showteam|p1|Toedscruel||CovertCloak|MyceliumMight|Spore,EarthPower,AcidSpray,RagePowder|||F|||50|,,,,,Water]Weezing-Galar||ChoiceSpecs|NeutralizingGas|DazzlingGleam,SludgeBomb,StrangeSteam,Flamethrower|||M|||50|,,,,,Flying]Corviknight||SitrusBerry|MirrorArmor|Protect,Tailwind,Roost,BraveBird|||M|||50|,,,,,Dragon]Pawmot||FocusSash|NaturalCure|Protect,CloseCombat,DoubleShock,FakeOut|||F|||50|,,,,,Electric]Garchomp||LifeOrb|RoughSkin|Protect,Earthquake,DragonClaw,StompingTantrum|||M|||50|,,,,,Ground]Typhlosion-Hisui||ChoiceScarf|Blaze|Eruption,SleepTalk,HeatWave,ShadowBall|||M|||50|,,,,,Fire
|showteam|p2|Volcarona||GrassySeed|FlameBody|HeatWave,GigaDrain,QuiverDance,Protect|||M|||50|,,,,,Grass]Rillaboom||AssaultVest|GrassySurge|FakeOut,WoodHammer,GrassyGlide,HighHorsepower|||F|||50|,,,,,Fire]Electabuzz||Eviolite|VitalSpirit|Thunderbolt,FollowMe,Taunt,Protect|||M|||50|,,,,,Ghost]Tauros-Paldea-Aqua||MirrorHerb|Intimidate|WaveCrash,AquaJet,CloseCombat,Protect|||M|||50|,,,,,Water]Dragonite||LoadedDice|Multiscale|ScaleShot,ExtremeSpeed,Haze,Protect|||F|||50|,,,,,Fairy]Ninetales-Alola||FocusSash|SnowWarning|Blizzard,IcyWind,Mist,AuroraVeil|||M|||50|,,,,,Ghost
|
|t:|1756644079
|teamsize|p1|4
|teamsize|p2|4
|start
|switch|p1a: Typhlosion|Typhlosion-Hisui, L50, M|100/100
|switch|p1b: Weezing|Weezing-Galar, L50, M|100/100
|switch|p2a: Volcarona|Volcarona, L50, M, shiny|100/100
|switch|p2b: Ninetales|Ninetales-Alola, L50, M|100/100
|-ability|p1b: Weezing|Neutralizing Gas
|turn|1
|
|t:|1756644096
|move|p1a: Typhlosion|Eruption|p2b: Ninetales|[spread] p2a,p2b
|-supereffective|p2b: Ninetales
|-crit|p2b: Ninetales
|-damage|p2a: Volcarona|43/100
|-enditem|p2b: Ninetales|Focus Sash
|-damage|p2b: Ninetales|1/100
|move|p2b: Ninetales|Icy Wind|p1a: Typhlosion|[spread] p1a,p1b
|-resisted|p1a: Typhlosion
|-damage|p1a: Typhlosion|90/100
|-damage|p1b: Weezing|79/100
|-unboost|p1a: Typhlosion|spe|1
|-unboost|p1b: Weezing|spe|1
|move|p2a: Volcarona|Quiver Dance|p2a: Volcarona
|-boost|p2a: Volcarona|spa|1
|-boost|p2a: Volcarona|spd|1
|-boost|p2a: Volcarona|spe|1
|move|p1b: Weezing|Sludge Bomb|p2b: Ninetales
|-supereffective|p2b: Ninetales
|-damage|p2b: Ninetales|0 fnt
|faint|p2b: Ninetales
|
|upkeep
|
|t:|1756644103
|switch|p2b: Dragonite|Dragonite, L50, F|100/100
|turn|2
|
|t:|1756644114
|switch|p1a: Corviknight|Corviknight, L50, M|100/100
|move|p2a: Volcarona|Heat Wave|p1b: Weezing|[spread] p1a,p1b
|-supereffective|p1a: Corviknight
|-damage|p1a: Corviknight|4/100
|-damage|p1b: Weezing|4/100
|-enditem|p1a: Corviknight|Sitrus Berry|[eat]
|-heal|p1a: Corviknight|29/100|[from] item: Sitrus Berry
|move|p2b: Dragonite|Scale Shot|p1a: Corviknight
|-resisted|p1a: Corviknight
|-damage|p1a: Corviknight|23/100
|-resisted|p1a: Corviknight
|-damage|p1a: Corviknight|18/100
|-resisted|p1a: Corviknight
|-damage|p1a: Corviknight|13/100
|-resisted|p1a: Corviknight
|-damage|p1a: Corviknight|7/100
|-hitcount|p1a: Corviknight|4
|-unboost|p2b: Dragonite|def|1
|-boost|p2b: Dragonite|spe|1
|move|p1b: Weezing|Sludge Bomb|p2a: Volcarona
|-damage|p2a: Volcarona|8/100
|
|upkeep
|turn|3
|
|t:|1756644146
|move|p2b: Dragonite|Scale Shot|p1a: Corviknight
|-resisted|p1a: Corviknight
|-damage|p1a: Corviknight|1/100
|-resisted|p1a: Corviknight
|-damage|p1a: Corviknight|0 fnt
|faint|p1a: Corviknight
|-hitcount|p1: Corviknight|2
|-unboost|p2b: Dragonite|def|1
|-boost|p2b: Dragonite|spe|1
|move|p2a: Volcarona|Giga Drain|p1b: Weezing
|-resisted|p1b: Weezing
|-damage|p1b: Weezing|0 fnt
|-heal|p2a: Volcarona|9/100|[from] drain|[of] p1b: Weezing
|faint|p1b: Weezing
|-end|p1b: Weezing|ability: Neutralizing Gas
|
|upkeep
|
|t:|1756644150
|switch|p1a: Garchomp|Garchomp, L50, M|100/100
|switch|p1b: Typhlosion|Typhlosion-Hisui, L50, M|90/100
|turn|4
|
|t:|1756644164
|-terastallize|p2b: Dragonite|Fairy
|-terastallize|p1a: Garchomp|Ground
|move|p2a: Volcarona|Protect|p2a: Volcarona
|-singleturn|p2a: Volcarona|Protect
|move|p2b: Dragonite|Scale Shot|p1b: Typhlosion
|-damage|p1b: Typhlosion|68/100
|-damage|p1b: Typhlosion|49/100
|-damage|p1b: Typhlosion|31/100
|-damage|p1b: Typhlosion|12/100
|-hitcount|p1b: Typhlosion|4
|-unboost|p2b: Dragonite|def|1
|-boost|p2b: Dragonite|spe|1
|move|p1b: Typhlosion|Heat Wave|p2b: Dragonite|[spread] p2b
|-activate|p2a: Volcarona|move: Protect
|-damage|p2b: Dragonite|69/100
|move|p1a: Garchomp|Dragon Claw|p2a: Volcarona
|-activate|p2a: Volcarona|move: Protect
|
|upkeep
|turn|5
|
|t:|1756644185
|move|p2b: Dragonite|Scale Shot|p1b: Typhlosion
|-damage|p1b: Typhlosion|0 fnt
|faint|p1b: Typhlosion
|-hitcount|p1: Typhlosion|1
|-unboost|p2b: Dragonite|def|1
|-boost|p2b: Dragonite|spe|1
|move|p2a: Volcarona|Giga Drain|p1a: Garchomp
|-supereffective|p1a: Garchomp
|-damage|p1a: Garchomp|21/100
|-heal|p2a: Volcarona|47/100|[from] drain|[of] p1a: Garchomp
|move|p1a: Garchomp|Earthquake|p2b: Dragonite|[spread] p2a,p2b
|-damage|p2a: Volcarona|0 fnt
|-damage|p2b: Dragonite|0 fnt
|faint|p2a: Volcarona
|faint|p2b: Dragonite
|-damage|p1a: Garchomp|11/100|[from] item: Life Orb
|
|upkeep
|
|t:|1756644187
|switch|p2b: Rillaboom|Rillaboom, L50, F|100/100
|-fieldstart|move: Grassy Terrain|[from] ability: Grassy Surge|[of] p2b: Rillaboom
|turn|6
|
|t:|1756644203
|move|p2b: Rillaboom|Grassy Glide|p1a: Garchomp
|-supereffective|p1a: Garchomp
|-damage|p1a: Garchomp|0 fnt
|-damage|p2b: Rillaboom|88/100|[from] ability: Rough Skin|[of] p1a: Garchomp
|faint|p1a: Garchomp
|
|win|A Regu1ar Guy
