|j|â˜†thunderchloeds
|j|â˜†Giocostorto
|html|thunderchloedsGiocostorto    
|uhtml|bestof|Game 2 of a best-of-3
|t:|1756930744
|gametype|doubles
|player|p1|thunderchloeds|dawn|1112
|player|p2|Giocostorto|palmer|1177
|gen|9
|tier|[Gen 9] VGC 2025 Reg H (Bo3)
|rated|
|rule|Species Clause: Limit one of each PokÃ©mon
|rule|Item Clause: Limit 1 of each item
|clearpoke
|poke|p1|Pelipper, L50, F|
|poke|p1|Archaludon, L50, F|
|poke|p1|Basculegion, L50, M|
|poke|p1|Amoonguss, L50, F|
|poke|p1|Ursaluna, L50, F|
|poke|p1|Rillaboom, L50, M|
|poke|p2|Misdreavus, L50, F|
|poke|p2|Gothitelle, L50, F|
|poke|p2|Amoonguss, L50, M|
|poke|p2|Incineroar, L50, M|
|poke|p2|Primarina, L50, F|
|poke|p2|Ursaluna, L50, F|
|teampreview|4
|showteam|p1|Pelipper||FocusSash|Drizzle|Hurricane,WeatherBall,Tailwind,Soak|||F|||50|,,,,,Grass]Archaludon||AssaultVest|Stamina|BodyPress,ElectroShot,DracoMeteor,FlashCannon|||F|||50|,,,,,Fairy]Basculegion||ChoiceScarf|SwiftSwim|AquaJet,WaveCrash,LastRespects,ZenHeadbutt|||M|||50|,,,,,Water]Amoonguss||RockyHelmet|Regenerator|PollenPuff,SludgeBomb,RagePowder,Spore|||F|||50|,,,,,Water]Ursaluna||FlameOrb|Guts|Facade,HammerArm,HeadlongRush,Protect|||F|||50|,,,,,Ghost]Rillaboom||ChoiceBand|GrassySurge|FakeOut,GrassyGlide,WoodHammer,HighHorsepower|||M|||50|,,,,,Fire
|showteam|p2|Misdreavus||Eviolite|Levitate|Protect,PerishSong,TrickRoom,ShadowBall|||F|||50|,,,,,Fire]Gothitelle||SafetyGoggles|ShadowTag|Protect,Psychic,TrickRoom,FakeOut|||F|||50|,,,,,Water]Amoonguss||MentalHerb|Regenerator|Protect,Spore,RagePowder,PollenPuff|||M|||50|,,,,,Dark]Incineroar||MirrorHerb|Intimidate|Protect,FlareBlitz,FakeOut,PartingShot|||M|||50|,,,,,Grass]Primarina||SitrusBerry|LiquidVoice|Protect,Moonblast,PerishSong,HyperVoice|||F|||50|,,,,,Steel]Ursaluna||FlameOrb|Guts|Protect,HeadlongRush,Earthquake,Facade|||F|||50|,,,,,Ghost
|inactive|Battle timer is ON: inactive players will automatically lose when time's up. (requested by Giocostorto)
|inactive|thunderchloeds also wants the timer to be on.
|
|t:|1756930767
|teamsize|p1|4
|teamsize|p2|4
|start
|switch|p1a: Pelipper|Pelipper, L50, F|100/100
|switch|p1b: Archaludon|Archaludon, L50, F|100/100
|switch|p2a: Gothitelle|Gothitelle, L50, F|100/100
|switch|p2b: Amoonguss|Amoonguss, L50, M|100/100
|-weather|RainDance|[from] ability: Drizzle|[of] p1a: Pelipper
|turn|1
|inactive|Giocostorto has 30 seconds left.
|inactive|Giocostorto has 20 seconds left.
|
|t:|1756930804
|move|p2a: Gothitelle|Fake Out|p1a: Pelipper
|-damage|p1a: Pelipper|94/100
|cant|p1a: Pelipper|flinch
|move|p1b: Archaludon|Electro Shot||[still]
|-prepare|p1b: Archaludon|Electro Shot
|-boost|p1b: Archaludon|spa|1
|-anim|p1b: Archaludon|Electro Shot|p2b: Amoonguss
|-resisted|p2b: Amoonguss
|-damage|p2b: Amoonguss|76/100
|move|p2b: Amoonguss|Spore|p1b: Archaludon
|-status|p1b: Archaludon|slp|[from] move: Spore
|
|-weather|RainDance|[upkeep]
|upkeep
|turn|2
|inactive|Giocostorto has 30 seconds left.
|
|t:|1756930832
|move|p2b: Amoonguss|Protect|p2b: Amoonguss
|-singleturn|p2b: Amoonguss|Protect
|move|p1a: Pelipper|Hurricane|p2b: Amoonguss
|-activate|p2b: Amoonguss|move: Protect
|cant|p1b: Archaludon|slp
|move|p2a: Gothitelle|Trick Room|p2a: Gothitelle
|-fieldstart|move: Trick Room|[of] p2a: Gothitelle
|
|-weather|RainDance|[upkeep]
|upkeep
|turn|3
|inactive|thunderchloeds has 30 seconds left.
|
|t:|1756930863
|switch|p2a: Ursaluna|Ursaluna, L50, F|100/100
|-terastallize|p1a: Pelipper|Grass
|move|p2b: Amoonguss|Spore|p1a: Pelipper
|-immune|p1a: Pelipper
|cant|p1b: Archaludon|slp
|move|p1a: Pelipper|Hurricane|p2b: Amoonguss
|-supereffective|p2b: Amoonguss
|-damage|p2b: Amoonguss|0 fnt
|faint|p2b: Amoonguss
|
|-weather|RainDance|[upkeep]
|-status|p2a: Ursaluna|brn|[from] item: Flame Orb
|upkeep
|
|t:|1756930877
|switch|p2b: Gothitelle|Gothitelle, L50, F|100/100
|turn|4
|
|t:|1756930888
|move|p2b: Gothitelle|Fake Out|p1a: Pelipper
|-damage|p1a: Pelipper|87/100
|move|p2a: Ursaluna|Headlong Rush|p1b: Archaludon
|-supereffective|p1b: Archaludon
|-damage|p1b: Archaludon|0 fnt
|-unboost|p2a: Ursaluna|def|1
|-unboost|p2a: Ursaluna|spd|1
|faint|p1b: Archaludon
|cant|p1a: Pelipper|flinch
|
|-weather|RainDance|[upkeep]
|-damage|p2a: Ursaluna|95/100 brn|[from] brn
|upkeep
|
|t:|1756930899
|switch|p1b: Amoonguss|Amoonguss, L50, F|100/100
|turn|5
|
|t:|1756930922
|-terastallize|p2a: Ursaluna|Ghost
|move|p1b: Amoonguss|Sludge Bomb|p2b: Gothitelle
|-damage|p2b: Gothitelle|78/100
|move|p2a: Ursaluna|Facade|p1a: Pelipper
|-damage|p1a: Pelipper|0 fnt
|faint|p1a: Pelipper
|move|p2b: Gothitelle|Psychic|p1b: Amoonguss
|-supereffective|p1b: Amoonguss
|-crit|p1b: Amoonguss
|-damage|p1b: Amoonguss|28/100
|
|-weather|none
|-damage|p2a: Ursaluna|89/100 brn|[from] brn
|upkeep
|inactive|thunderchloeds has 30 seconds left.
|c|â˜†thunderchloeds|che team del caz
|
|t:|1756930954
|switch|p1a: Basculegion|Basculegion, L50, M|100/100
|turn|6
|c|â˜†Giocostorto|grazie
|c|â˜†Giocostorto|hahahaha
|inactive|Giocostorto has 30 seconds left.
|
|t:|1756930981
|switch|p2a: Incineroar|Incineroar, L50, M|100/100
|-ability|p2a: Incineroar|Intimidate|boost
|-unboost|p1a: Basculegion|atk|1
|-unboost|p1b: Amoonguss|atk|1
|move|p1b: Amoonguss|Sludge Bomb|p2b: Gothitelle
|-damage|p2b: Gothitelle|58/100
|move|p2b: Gothitelle|Psychic|p1b: Amoonguss
|-supereffective|p1b: Amoonguss
|-damage|p1b: Amoonguss|0 fnt
|faint|p1b: Amoonguss
|move|p1a: Basculegion|Last Respects|p2a: Incineroar
|-resisted|p2a: Incineroar
|-damage|p2a: Incineroar|76/100
|
|-fieldend|move: Trick Room
|upkeep
|turn|7
|c|â˜†thunderchloeds|nn Ã¨ un complimento
|inactive|thunderchloeds has 30 seconds left.
|-message|thunderchloeds forfeited.
|
|win|Giocostorto
|raw|thunderchloeds's rating: 1112 → 1092(-20 for losing)
|raw|Giocostorto's rating: 1177 → 1197(+20 for winning)
