|j|☆ProtoZeroYT
|j|☆Luminar Kuzan
|html|ProtoZeroYTLuminar Kuzan    
|uhtml|bestof|Game 2 of a best-of-3
|t:|1756419130
|gametype|doubles
|player|p1|ProtoZeroYT|steven|1131
|player|p2|Luminar Kuzan|marnie-masters3|1252
|gen|9
|tier|[Gen 9] VGC 2025 Reg H (Bo3)
|rated|
|rule|Species Clause: Limit one of each Pokémon
|rule|Item Clause: Limit 1 of each item
|clearpoke
|poke|p1|Sneasler, L50, F|
|poke|p1|Indeedee, L50, M|
|poke|p1|Volcarona, L50, F|
|poke|p1|Ursaluna-Bloodmoon, L50, M|
|poke|p1|Annihilape, L50, M|
|poke|p1|Tyranitar, L50, M|
|poke|p2|Indeedee-F, L50, F|
|poke|p2|Hatterene, L50, F|
|poke|p2|Gallade, L50, M|
|poke|p2|Ursaluna, L50, M|
|poke|p2|Lilligant-Hisui, L50, F|
|poke|p2|Torkoal, L50, M|
|teampreview|4
|showteam|p1|Sneasler||PsychicSeed|Unburden|CloseCombat,DireClaw,ThroatChop,Protect|||F|||50|,,,,,Dark]Indeedee||ChoiceScarf|PsychicSurge|ExpandingForce,TeraBlast,Trick,Protect|||M|||50|,,,,,Psychic]Volcarona||SitrusBerry|FlameBody|Overheat,StruggleBug,RagePowder,Tailwind|||F|||50|,,,,,Grass]Ursaluna-Bloodmoon||LifeOrb|MindsEye|BloodMoon,HyperVoice,EarthPower,Protect|||M|||50|,,,,,Normal]Annihilape||SafetyGoggles|Defiant|CloseCombat,RageFist,Taunt,FinalGambit|||M|||50|,,,,,Fairy]Tyranitar||AssaultVest|SandStream|RockSlide,KnockOff,TeraBlast,LowKick|||M|||50|,,,,,Flying
|showteam|p2|Indeedee-F||PsychicSeed|PsychicSurge|TrickRoom,FollowMe,HelpingHand,DazzlingGleam|||F|||50|,,,,,Fire]Hatterene||LifeOrb|MagicBounce|ExpandingForce,TrickRoom,DazzlingGleam,Protect|||F|||50|,,,,,Psychic]Gallade||ClearAmulet|Sharpness|PsychoCut,TrickRoom,SacredSword,WideGuard|||M|||50|,,,,,Grass]Ursaluna||FlameOrb|Guts|HeadlongRush,Facade,SwordsDance,Protect|||M|||50|,,,,,Ghost]Lilligant-Hisui||FocusSash|Chlorophyll|SolarBlade,SleepPowder,CloseCombat,AfterYou|||F|||50|,,,,,Ghost]Torkoal||ChoiceSpecs|Drought|Eruption,HeatWave,WeatherBall,EarthPower|||M|||50|,,,,,Fire
|inactive|Battle timer is ON: inactive players will automatically lose when time's up. (requested by ProtoZeroYT)
|
|t:|1756419143
|teamsize|p1|4
|teamsize|p2|4
|start
|switch|p1a: Sneasler|Sneasler, L50, F|100/100
|switch|p1b: Volcarona|Volcarona, L50, F|100/100
|switch|p2a: Indeedee|Indeedee-F, L50, F, shiny|100/100
|switch|p2b: Gallade|Gallade, L50, M, shiny|100/100
|-fieldstart|move: Psychic Terrain|[from] ability: Psychic Surge|[of] p2a: Indeedee
|-enditem|p1a: Sneasler|Psychic Seed
|-boost|p1a: Sneasler|spd|1|[from] item: Psychic Seed
|-enditem|p2a: Indeedee|Psychic Seed
|-boost|p2a: Indeedee|spd|1|[from] item: Psychic Seed
|turn|1
|inactive|ProtoZeroYT has 30 seconds left.
|
|t:|1756419175
|move|p1a: Sneasler|Protect|p1a: Sneasler
|-singleturn|p1a: Sneasler|Protect
|move|p1b: Volcarona|Overheat|p2b: Gallade
|-damage|p2b: Gallade|45/100
|-unboost|p1b: Volcarona|spa|2
|move|p2b: Gallade|Psycho Cut|p1a: Sneasler
|-activate|p1a: Sneasler|move: Protect
|move|p2a: Indeedee|Trick Room|p2a: Indeedee
|-fieldstart|move: Trick Room|[of] p2a: Indeedee
|
|upkeep
|turn|2
|inactive|ProtoZeroYT has 30 seconds left.
|inactive|Luminar Kuzan has 30 seconds left.
|inactive|ProtoZeroYT has 20 seconds left.
|inactive|ProtoZeroYT has 15 seconds left.
|inactive|ProtoZeroYT has 10 seconds left.
|
|t:|1756419223
|switch|p2a: Torkoal|Torkoal, L50, M, shiny|100/100
|-weather|SunnyDay|[from] ability: Drought|[of] p2a: Torkoal
|switch|p1a: Tyranitar|Tyranitar, L50, M|100/100
|-weather|Sandstorm|[from] ability: Sand Stream|[of] p1a: Tyranitar
|move|p2b: Gallade|Sacred Sword|p1b: Volcarona
|-resisted|p1b: Volcarona
|-damage|p1b: Volcarona|58/100
|-status|p2b: Gallade|brn|[from] ability: Flame Body|[of] p1b: Volcarona
|move|p1b: Volcarona|Overheat|p2b: Gallade
|-damage|p2b: Gallade|17/100 brn
|-unboost|p1b: Volcarona|spa|2
|
|-weather|Sandstorm|[upkeep]
|-damage|p2a: Torkoal|94/100|[from] Sandstorm
|-damage|p2b: Gallade|11/100 brn|[from] Sandstorm
|-damage|p1b: Volcarona|52/100|[from] Sandstorm
|-damage|p2b: Gallade|5/100 brn|[from] brn
|upkeep
|turn|3
|inactive|ProtoZeroYT has 30 seconds left.
|inactive|ProtoZeroYT has 20 seconds left.
|inactive|ProtoZeroYT has 15 seconds left.
|inactive|ProtoZeroYT has 10 seconds left.
|
|t:|1756419269
|-terastallize|p2a: Torkoal|Fire
|move|p1b: Volcarona|Rage Powder|p1b: Volcarona
|-singleturn|p1b: Volcarona|move: Rage Powder
|move|p2a: Torkoal|Eruption|p1a: Tyranitar|[spread] p1a,p1b
|-resisted|p1a: Tyranitar
|-damage|p1a: Tyranitar|81/100
|-damage|p1b: Volcarona|0 fnt
|faint|p1b: Volcarona
|move|p1a: Tyranitar|Rock Slide|p2b: Gallade|[spread] p2a,p2b
|-supereffective|p2a: Torkoal
|-resisted|p2b: Gallade
|-damage|p2a: Torkoal|49/100
|-damage|p2b: Gallade|0 fnt
|faint|p2b: Gallade
|
|-weather|Sandstorm|[upkeep]
|-damage|p2a: Torkoal|43/100|[from] Sandstorm
|upkeep
|
|t:|1756419281
|switch|p2b: Lilligant|Lilligant-Hisui, L50, F, shiny|100/100
|switch|p1b: Annihilape|Annihilape, L50, M|100/100
|turn|4
|
|t:|1756419305
|switch|p2a: Indeedee|Indeedee-F, L50, F, shiny|100/100
|-terastallize|p1a: Tyranitar|Flying
|move|p1a: Tyranitar|Tera Blast|p2b: Lilligant|[anim] Tera Blast Flying
|-supereffective|p2b: Lilligant
|-crit|p2b: Lilligant
|-enditem|p2b: Lilligant|Focus Sash
|-damage|p2b: Lilligant|1/100
|move|p1b: Annihilape|Close Combat|p2a: Indeedee
|-damage|p2a: Indeedee|49/100
|-unboost|p1b: Annihilape|def|1
|-unboost|p1b: Annihilape|spd|1
|move|p2b: Lilligant|Close Combat|p1a: Tyranitar
|-resisted|p1a: Tyranitar
|-damage|p1a: Tyranitar|57/100
|-unboost|p2b: Lilligant|def|1
|-unboost|p2b: Lilligant|spd|1
|
|-weather|Sandstorm|[upkeep]
|-damage|p2a: Indeedee|43/100|[from] Sandstorm
|-damage|p1a: Tyranitar|52/100|[from] Sandstorm
|-damage|p2b: Lilligant|0 fnt|[from] Sandstorm
|faint|p2b: Lilligant
|upkeep
|
|t:|1756419309
|switch|p2b: Torkoal|Torkoal, L50, M, shiny, tera:Fire|43/100
|-weather|SunnyDay|[from] ability: Drought|[of] p2b: Torkoal
|turn|5
|inactive|ProtoZeroYT has 30 seconds left.
|inactive|ProtoZeroYT has 20 seconds left.
|
|t:|1756419344
|move|p2a: Indeedee|Helping Hand|p2b: Torkoal
|-singleturn|p2b: Torkoal|Helping Hand|[of] p2a: Indeedee
|move|p2b: Torkoal|Heat Wave|p1b: Annihilape|[spread] p1a,p1b
|-damage|p1a: Tyranitar|0 fnt
|-damage|p1b: Annihilape|0 fnt
|faint|p1a: Tyranitar
|faint|p1b: Annihilape
|
|-weather|SunnyDay|[upkeep]
|-fieldend|move: Trick Room
|-fieldend|move: Psychic Terrain
|upkeep
|
|t:|1756419350
|switch|p1b: Sneasler|Sneasler, L50, F|100/100
|turn|6
|
|t:|1756419374
|move|p2a: Indeedee|Follow Me|p2a: Indeedee
|-singleturn|p2a: Indeedee|move: Follow Me
|move|p1b: Sneasler|Close Combat|p2a: Indeedee
|-damage|p2a: Indeedee|0 fnt
|-unboost|p1b: Sneasler|def|1
|-unboost|p1b: Sneasler|spd|1
|faint|p2a: Indeedee
|move|p2b: Torkoal|Heat Wave|p1b: Sneasler
|-damage|p1b: Sneasler|0 fnt
|faint|p1b: Sneasler
|
|win|Luminar Kuzan
||ProtoZeroYT is ready for game 3.
||Luminar Kuzan is ready for game 3.
|uhtml|next|Next: Game 3 of 3
