|j|☆naronxx
|j|☆chefbenboyrd
|html|naronxxchefbenboyrd    
|uhtml|bestof|Game 2 of a best-of-3
|t:|1756857272
|gametype|doubles
|player|p1|naronxx|169|1000
|player|p2|chefbenboyrd|brawly|1085
|gen|9
|tier|[Gen 9] VGC 2025 Reg H (Bo3)
|rated|
|rule|Species Clause: Limit one of each Pokémon
|rule|Item Clause: Limit 1 of each item
|clearpoke
|poke|p1|Mimikyu, L50, F|
|poke|p1|Gholdengo, L50|
|poke|p1|Amoonguss, L50, F|
|poke|p1|Volcarona, L50, M|
|poke|p1|Rillaboom, L50, F|
|poke|p1|Dragonite, L50, M|
|poke|p2|Whimsicott, L50, F|
|poke|p2|Hydreigon, L50, M|
|poke|p2|Grimmsnarl, L50, M|
|poke|p2|Incineroar, L50, F|
|poke|p2|Gholdengo, L50|
|poke|p2|Annihilape, L50, F|
|teampreview|4
|showteam|p1|Mimikyu||MentalHerb|Disguise|ShadowClaw,PlayRough,TrickRoom,WillOWisp|||F|||50|,,,,,Normal]Gholdengo||ChoiceScarf|GoodasGold|Protect,Trick,MakeItRain,ShadowBall||||||50|,,,,,Water]Amoonguss||SitrusBerry|Regenerator|Protect,Spore,RagePowder,SludgeBomb|||F|||50|,,,,,Grass]Volcarona||Leftovers|FlameBody|Protect,QuiverDance,FieryDance,TeraBlast|||M|||50|,,,,,Fairy]Rillaboom||AssaultVest|GrassySurge|WoodHammer,HighHorsepower,GrassyGlide,FakeOut|||F|||50|,,,,,Water]Dragonite||LoadedDice|InnerFocus|Protect,Haze,ExtremeSpeed,ScaleShot|||M|||50|,,,,,Steel
|showteam|p2|Whimsicott||FocusSash|Prankster|SunnyDay,Encore,Tailwind,Moonblast|||F|||50|,,,,,Ghost]Hydreigon||ChoiceSpecs|Levitate|HeatWave,DracoMeteor,Snarl,DarkPulse|||M|||50|,,,,,Fire]Grimmsnarl||LightClay|Prankster|SpiritBreak,Reflect,LightScreen,ThunderWave|||M|||50|,,,,,Steel]Incineroar||SafetyGoggles|Intimidate|KnockOff,FakeOut,PartingShot,FlareBlitz|||F|||50|,,,,,Ghost]Gholdengo||LifeOrb|GoodasGold|Protect,MakeItRain,ShadowBall,NastyPlot||||||50|,,,,,Water]Annihilape||SitrusBerry|Defiant|Protect,Taunt,RageFist,DrainPunch|||F|||50|,,,,,Fairy
|inactive|Battle timer is ON: inactive players will automatically lose when time's up. (requested by chefbenboyrd)
|
|t:|1756857300
|teamsize|p1|4
|teamsize|p2|4
|start
|switch|p1a: Gholdengo|Gholdengo, L50|100/100
|switch|p1b: Dragonite|Dragonite, L50, M|100/100
|switch|p2a: Whimsicott|Whimsicott, L50, F|100/100
|switch|p2b: Hydreigon|Hydreigon, L50, M|100/100
|turn|1
|inactive|naronxx has 30 seconds left.
|
|t:|1756857326
|-terastallize|p1a: Gholdengo|Water
|-terastallize|p2b: Hydreigon|Fire
|move|p2a: Whimsicott|Sunny Day|p2a: Whimsicott
|-weather|SunnyDay
|move|p1a: Gholdengo|Shadow Ball|p2b: Hydreigon
|-damage|p2b: Hydreigon|53/100
|move|p2b: Hydreigon|Heat Wave|p1a: Gholdengo|[spread] p1a,p1b
|-resisted|p1a: Gholdengo
|-resisted|p1b: Dragonite
|-damage|p1a: Gholdengo|51/100
|-damage|p1b: Dragonite|49/100
|move|p1b: Dragonite|Scale Shot|p2b: Hydreigon
|-damage|p2b: Hydreigon|36/100
|-damage|p2b: Hydreigon|18/100
|-damage|p2b: Hydreigon|1/100
|-damage|p2b: Hydreigon|0 fnt
|faint|p2b: Hydreigon
|-hitcount|p2: Hydreigon|4
|-unboost|p1b: Dragonite|def|1
|-boost|p1b: Dragonite|spe|1
|
|-weather|SunnyDay|[upkeep]
|upkeep
|
|t:|1756857343
|switch|p2b: Gholdengo|Gholdengo, L50|100/100
|turn|2
|inactive|naronxx has 30 seconds left.
|inactive|naronxx has 20 seconds left.
|
|t:|1756857381
|switch|p1b: Rillaboom|Rillaboom, L50, F|100/100
|-fieldstart|move: Grassy Terrain|[from] ability: Grassy Surge|[of] p1b: Rillaboom
|move|p2a: Whimsicott|Tailwind|p2a: Whimsicott
|-sidestart|p2: chefbenboyrd|move: Tailwind
|move|p2b: Gholdengo|Make It Rain|p1b: Rillaboom|[spread] p1a,p1b
|-resisted|p1a: Gholdengo
|-crit|p1a: Gholdengo
|-damage|p1a: Gholdengo|5/100
|-damage|p1b: Rillaboom|55/100
|-unboost|p2b: Gholdengo|spa|1
|-damage|p2b: Gholdengo|91/100|[from] item: Life Orb
|move|p1a: Gholdengo|Shadow Ball|p2b: Gholdengo
|-supereffective|p2b: Gholdengo
|-damage|p2b: Gholdengo|0 fnt
|faint|p2b: Gholdengo
|
|-weather|SunnyDay|[upkeep]
|-heal|p1a: Gholdengo|11/100|[from] Grassy Terrain
|-heal|p1b: Rillaboom|61/100|[from] Grassy Terrain
|upkeep
|
|t:|1756857395
|switch|p2b: Incineroar|Incineroar, L50, F|100/100
|-ability|p2b: Incineroar|Intimidate|boost
|-unboost|p1a: Gholdengo|atk|1
|-unboost|p1b: Rillaboom|atk|1
|turn|3
|
|t:|1756857416
|switch|p1a: Mimikyu|Mimikyu, L50, F|100/100
|move|p2b: Incineroar|Fake Out|p1b: Rillaboom
|-damage|p1b: Rillaboom|49/100
|cant|p1b: Rillaboom|flinch
|move|p2a: Whimsicott|Moonblast|p1a: Mimikyu
|-activate|p1a: Mimikyu|ability: Disguise
|-damage|p1a: Mimikyu|100/100
|-unboost|p1a: Mimikyu|spa|1
|detailschange|p1a: Mimikyu|Mimikyu-Busted, L50, F
|-damage|p1a: Mimikyu|88/100|[from] pokemon: Mimikyu-Busted
|
|-weather|SunnyDay|[upkeep]
|-heal|p1a: Mimikyu|94/100|[from] Grassy Terrain
|-heal|p1b: Rillaboom|55/100|[from] Grassy Terrain
|upkeep
|turn|4
|inactive|naronxx has 30 seconds left.
|
|t:|1756857443
|switch|p1b: Dragonite|Dragonite, L50, M|49/100
|move|p2a: Whimsicott|Moonblast|p1a: Mimikyu
|-damage|p1a: Mimikyu|54/100
|move|p2b: Incineroar|Flare Blitz|p1b: Dragonite
|-resisted|p1b: Dragonite
|-damage|p1b: Dragonite|2/100
|-damage|p2b: Incineroar|88/100|[from] Recoil
|move|p1a: Mimikyu|Play Rough|p2b: Incineroar
|-damage|p2b: Incineroar|54/100
|
|-weather|SunnyDay|[upkeep]
|-heal|p2b: Incineroar|60/100|[from] Grassy Terrain
|-heal|p1a: Mimikyu|60/100|[from] Grassy Terrain
|upkeep
|turn|5
|
|t:|1756857467
|move|p1b: Dragonite|Protect|p1b: Dragonite
|-singleturn|p1b: Dragonite|Protect
|move|p2a: Whimsicott|Moonblast|p1b: Dragonite
|-activate|p1b: Dragonite|move: Protect
|move|p2b: Incineroar|Knock Off|p1a: Mimikyu
|-damage|p1a: Mimikyu|2/100
|-enditem|p1a: Mimikyu|Mental Herb|[from] move: Knock Off|[of] p2b: Incineroar
|move|p1a: Mimikyu|Play Rough|p2b: Incineroar
|-crit|p2b: Incineroar
|-damage|p2b: Incineroar|12/100
|
|-weather|none
|-heal|p2b: Incineroar|18/100|[from] Grassy Terrain
|-heal|p1a: Mimikyu|8/100|[from] Grassy Terrain
|-sideend|p2: chefbenboyrd|move: Tailwind
|upkeep
|turn|6
|inactive|naronxx has 30 seconds left.
|inactive|naronxx has 20 seconds left.
|
|t:|1756857504
|move|p1b: Dragonite|Extreme Speed|p2b: Incineroar
|-damage|p2b: Incineroar|0 fnt
|faint|p2b: Incineroar
|move|p2a: Whimsicott|Moonblast|p1b: Dragonite
|-supereffective|p1b: Dragonite
|-damage|p1b: Dragonite|0 fnt
|faint|p1b: Dragonite
|move|p1a: Mimikyu|Play Rough|p2a: Whimsicott
|-damage|p2a: Whimsicott|51/100
|
|-heal|p2a: Whimsicott|57/100|[from] Grassy Terrain
|-heal|p1a: Mimikyu|14/100|[from] Grassy Terrain
|-fieldend|move: Grassy Terrain
|upkeep
|
|t:|1756857518
|switch|p1b: Gholdengo|Gholdengo, L50, tera:Water|11/100
|turn|7
|
|t:|1756857532
|move|p1b: Gholdengo|Make It Rain|p2a: Whimsicott
|-supereffective|p2a: Whimsicott
|-damage|p2a: Whimsicott|0 fnt
|-unboost|p1b: Gholdengo|spa|1
|faint|p2a: Whimsicott
|
|win|naronxx
||naronxx is ready for game 3.
||naronxx is ready for game 3.
