|j|☆Astonished25
|j|☆Saga_57
|html|Astonished25Saga_57    
|uhtml|bestof|Game 2 of a best-of-3
|t:|1785859521
|gametype|doubles
|player|p1|Astonished25|102|
|player|p2|Saga_57|iono|
|gen|9
|tier|[Gen 9 Champions] VGC 2026 Reg M-B (Bo3)
|rule|Species Clause: Limit one of each Pokémon
|rule|Item Clause: Limit 1 of each item
|clearpoke
|poke|p1|Sinistcha, L50|
|poke|p1|Incineroar, L50, M|
|poke|p1|Floette-Eternal, L50, F|
|poke|p1|Staraptor, L50, F|
|poke|p1|Kingambit, L50, M|
|poke|p1|Maushold, L50|
|poke|p2|Ampharos, L50, F|
|poke|p2|Runerigus, L50, M|
|poke|p2|Pelipper, L50, M|
|poke|p2|Araquanid, L50, F|
|poke|p2|Hydreigon, L50, M|
|poke|p2|Metagross, L50|
|teampreview|4
|showteam|p1|Sinistcha||ColburBerry|Hospitality|MatchaGotcha,RagePowder,TrickRoom,LifeDew|Relaxed|||||50|]Incineroar||PasshoBerry|Intimidate|ThroatChop,FlareBlitz,PartingShot,FakeOut|Adamant||M|||50|]Floette-Eternal||Floettite|FlowerVeil|Protect,CalmMind,Moonblast,DazzlingGleam|Modest||F|||50|]Staraptor||Staraptite|Intimidate|CloseCombat,DualWingbeat,Roost,Protect|Jolly||F|||50|]Kingambit||LifeOrb|Defiant|SuckerPunch,IronHead,KowtowCleave,Protect|Brave||M|||50|]Maushold||ChopleBerry|FriendGuard|Feint,FollowMe,Protect,BabyDollEyes|Careful|||||50|
|showteam|p2|Ampharos||Ampharosite|Static|Thunderbolt,DragonPulse,ParabolicCharge,Protect|Quiet||F|||50|]Runerigus||PasshoBerry|WanderingSpirit|BodyPress,FakeTears,AllySwitch,TrickRoom|Relaxed||M|||50|]Pelipper||FocusSash|Drizzle|Hurricane,WeatherBall,Tailwind,Protect|Modest||M|||50|]Araquanid||SitrusBerry|WaterBubble|Liquidation,Soak,WideGuard,Protect|Brave||F|||50|]Hydreigon||ChoiceScarf|Levitate|DarkPulse,DracoMeteor,Flamethrower,Snarl|Modest||M|||50|]Metagross||Metagrossite|ClearBody|IronHead,StompingTantrum,BulletPunch,Protect|Jolly|||||50|
|inactive|Battle timer is ON: inactive players will automatically lose when time's up. (requested by Astonished25)
|inactive|Saga_57 has 60 seconds left.
|
|t:|1785859573
|teamsize|p1|4
|teamsize|p2|4
|start
|switch|p1a: Kingambit|Kingambit, L50, M|100/100
|switch|p1b: Floette|Floette-Eternal, L50, F|100/100
|switch|p2a: Metagross|Metagross, L50|100/100
|switch|p2b: Pelipper|Pelipper, L50, M|100/100
|-weather|RainDance|[from] ability: Drizzle|[of] p2b: Pelipper
|turn|1
|
|t:|1785859594
|detailschange|p2a: Metagross|Metagross-Mega, L50
|-mega|p2a: Metagross|Metagross|Metagrossite
|detailschange|p1b: Floette|Floette-Mega, L50, F
|-mega|p1b: Floette|Floette|Floettite
|-ability|p1b: Floette|Fairy Aura
|move|p2a: Metagross|Protect|p2a: Metagross
|-singleturn|p2a: Metagross|Protect
|move|p1b: Floette|Dazzling Gleam|p2a: Metagross|[spread] p2b
|-activate|p2a: Metagross|move: Protect
|-damage|p2b: Pelipper|22/100
|move|p2b: Pelipper|Tailwind|p2b: Pelipper
|-sidestart|p2: Saga_57|move: Tailwind
|move|p1a: Kingambit|Kowtow Cleave|p2a: Metagross
|-activate|p2a: Metagross|move: Protect
|
|-weather|RainDance|[upkeep]
|upkeep
|turn|2
|inactive|Saga_57 has 30 seconds left.
|
|t:|1785859628
|switch|p2a: Araquanid|Araquanid, L50, F|100/100
|switch|p1b: Incineroar|Incineroar, L50, M|100/100
|-ability|p1b: Incineroar|Intimidate|boost
|-unboost|p2a: Araquanid|atk|1
|-unboost|p2b: Pelipper|atk|1
|move|p2b: Pelipper|Weather Ball|p1a: Kingambit
|-damage|p1a: Kingambit|37/100
|move|p1a: Kingambit|Kowtow Cleave|p2a: Araquanid
|-damage|p2a: Araquanid|30/100
|-enditem|p2a: Araquanid|Sitrus Berry|[eat]
|-heal|p2a: Araquanid|54/100|[from] item: Sitrus Berry
|-damage|p1a: Kingambit|28/100|[from] item: Life Orb
|
|-weather|RainDance|[upkeep]
|upkeep
|turn|3
|inactive|Saga_57 has 30 seconds left.
|
|t:|1785859655
|move|p1b: Incineroar|Fake Out|p2a: Araquanid
|-damage|p2a: Araquanid|41/100
|move|p1a: Kingambit|Sucker Punch|p2b: Pelipper
|-damage|p2b: Pelipper|0 fnt
|faint|p2b: Pelipper
|-damage|p1a: Kingambit|18/100|[from] item: Life Orb
|cant|p2a: Araquanid|flinch
|
|-weather|RainDance|[upkeep]
|upkeep
|
|t:|1785859665
|switch|p2b: Hydreigon|Hydreigon, L50, M|100/100
|turn|4
|
|t:|1785859681
|switch|p1b: Sinistcha|Sinistcha, L50|100/100
|-heal|p1a: Kingambit|43/100|[from] ability: Hospitality|[of] p1b: Sinistcha
|move|p1a: Kingambit|Protect|p1a: Kingambit
|-singleturn|p1a: Kingambit|Protect
|move|p2b: Hydreigon|Draco Meteor|p1a: Kingambit
|-activate|p1a: Kingambit|move: Protect
|move|p2a: Araquanid|Liquidation|p1b: Sinistcha
|-resisted|p1b: Sinistcha|1
|-damage|p1b: Sinistcha|73/100
|-unboost|p1b: Sinistcha|def|1
|
|-weather|RainDance|[upkeep]
|-sideend|p2: Saga_57|move: Tailwind
|upkeep
|turn|5
|inactive|Saga_57 has 30 seconds left.
|
|t:|1785859706
|switch|p1a: Floette|Floette-Mega, L50, F|100/100
|-ability|p1a: Floette|Fairy Aura
|switch|p2a: Metagross|Metagross-Mega, L50|100/100
|move|p1b: Sinistcha|Rage Powder|p1b: Sinistcha
|-singleturn|p1b: Sinistcha|move: Rage Powder
|move|p2b: Hydreigon|Draco Meteor|p1b: Sinistcha
|-damage|p1b: Sinistcha|0 fnt
|-unboost|p2b: Hydreigon|spa|2
|faint|p1b: Sinistcha
|
|-weather|none
|upkeep
|
|t:|1785859709
|switch|p1b: Kingambit|Kingambit, L50, M|43/100
|turn|6
|
|t:|1785859729
|switch|p2b: Araquanid|Araquanid, L50, F|41/100
|move|p2a: Metagross|Protect|p2a: Metagross
|-singleturn|p2a: Metagross|Protect
|move|p1b: Kingambit|Sucker Punch||[still]
|-fail|p1b: Kingambit
|move|p1a: Floette|Dazzling Gleam|p2b: Araquanid|[spread] p2b
|-activate|p2a: Metagross|move: Protect
|-damage|p2b: Araquanid|2/100
|
|upkeep
|turn|7
|inactive|Saga_57 has 30 seconds left.
|
|t:|1785859762
|move|p2a: Metagross|Stomping Tantrum|p1b: Kingambit
|-supereffective|p1b: Kingambit|1
|-damage|p1b: Kingambit|0 fnt
|faint|p1b: Kingambit
|move|p1a: Floette|Dazzling Gleam|p2a: Metagross|[spread] p2a,p2b
|-resisted|p2a: Metagross|1
|-damage|p2a: Metagross|76/100
|-damage|p2b: Araquanid|0 fnt
|faint|p2b: Araquanid
|
|upkeep
|
|t:|1785859768
|switch|p1b: Incineroar|Incineroar, L50, M|100/100
|switch|p2b: Hydreigon|Hydreigon, L50, M|100/100
|-ability|p1b: Incineroar|Intimidate|boost
|-unboost|p2a: Metagross|atk|1
|-unboost|p2b: Hydreigon|atk|1
|turn|8
|
|t:|1785859783
|move|p1b: Incineroar|Fake Out|p2b: Hydreigon
|-damage|p2b: Hydreigon|85/100
|cant|p2b: Hydreigon|flinch
|move|p2a: Metagross|Iron Head|p1a: Floette
|-supereffective|p1a: Floette|1
|-damage|p1a: Floette|21/100
|move|p1a: Floette|Dazzling Gleam|p2a: Metagross|[spread] p2a,p2b
|-resisted|p2a: Metagross|1
|-supereffective|p2b: Hydreigon|2
|-damage|p2a: Metagross|51/100
|-damage|p2b: Hydreigon|0 fnt
|faint|p2b: Hydreigon
|
|upkeep
|turn|9
|
|t:|1785859795
|move|p1a: Floette|Protect|p1a: Floette
|-singleturn|p1a: Floette|Protect
|move|p2a: Metagross|Bullet Punch|p1a: Floette
|-activate|p1a: Floette|move: Protect
|move|p1b: Incineroar|Flare Blitz|p2a: Metagross
|-supereffective|p2a: Metagross|1
|-damage|p2a: Metagross|0 fnt
|faint|p2a: Metagross
|-damage|p1b: Incineroar|85/100|[from] Recoil
|
|win|Astonished25
|l|☆Saga_57
|player|p2|
|j|☆Saga_57
|player|p2|Saga_57|iono|
