|j|☆Vncentius
|j|☆javi fuego
|html|Vncentiusjavi fuego    
|uhtml|bestof|Game 1 of a best-of-3
|t:|1785929223
|gametype|doubles
|player|p1|Vncentius|266|1279
|player|p2|javi fuego|169|1346
|gen|9
|tier|[Gen 9 Champions] VGC 2026 Reg M-B (Bo3)
|rated|
|rule|Species Clause: Limit one of each Pokémon
|rule|Item Clause: Limit 1 of each item
|clearpoke
|poke|p1|Staraptor, L50, M|
|poke|p1|Vanilluxe, L50, M|
|poke|p1|Farigiraf, L50, F|
|poke|p1|Blastoise, L50, F|
|poke|p1|Kingambit, L50, M|
|poke|p1|Camerupt, L50, M|
|poke|p2|Raichu, L50, M|
|poke|p2|Floette-Eternal, L50, F|
|poke|p2|Sinistcha, L50|
|poke|p2|Ceruledge, L50, M|
|poke|p2|Milotic, L50, M|
|poke|p2|Incineroar, L50, F|
|teampreview|4
|showteam|p1|Staraptor||ChoiceScarf|Intimidate|FinalGambit,BraveBird,CloseCombat,Uturn|Jolly||M|||50|]Vanilluxe||NeverMeltIce|SnowWarning|Blizzard,FreezeDry,Protect,IceShard|Quiet||M|||50|]Farigiraf||SitrusBerry|ArmorTail|PsychicFangs,HyperVoice,HelpingHand,TrickRoom|Relaxed||F|||50|]Blastoise||Blastoisinite|RainDish|FakeOut,WaterSpout,AuraSphere,DarkPulse|Quiet||F|||50|]Kingambit||LifeOrb|Defiant|KowtowCleave,IronHead,Protect,SuckerPunch|Brave||M|||50|]Camerupt||Cameruptite|SolidRock|HeatWave,EarthPower,Protect,AncientPower|Quiet||M|||50|
|showteam|p2|Raichu||RaichuniteY|LightningRod|ZapCannon,FocusBlast,FakeOut,Protect|Timid||M|||50|]Floette-Eternal||Floettite|FlowerVeil|CalmMind,DazzlingGleam,DrainingKiss,Protect|Timid||F|||50|]Sinistcha||KasibBerry|Hospitality|MatchaGotcha,LifeDew,RagePowder,Protect|Relaxed|||||50|]Ceruledge||ColburBerry|FlashFire|BitterBlade,ShadowSneak,BulkUp,Protect|Adamant||M|||50|]Milotic||SitrusBerry|Competitive|Scald,IcyWind,IceBeam,Protect|Calm||M|||50|]Incineroar||PasshoBerry|Intimidate|FlareBlitz,ThroatChop,FakeOut,PartingShot|Impish||F|||50|
|inactive|Battle timer is ON: inactive players will automatically lose when time's up. (requested by Vncentius)
|
|t:|1785929299
|teamsize|p1|4
|teamsize|p2|4
|start
|switch|p1a: Staraptor|Staraptor, L50, M|100/100
|switch|p1b: Farigiraf|Farigiraf, L50, F|100/100
|switch|p2a: Sinistcha|Sinistcha, L50|100/100
|switch|p2b: Ceruledge|Ceruledge, L50, M|100/100
|-ability|p1a: Staraptor|Intimidate|boost
|-unboost|p2a: Sinistcha|atk|1
|-unboost|p2b: Ceruledge|atk|1
|turn|1
|inactive|javi fuego has 30 seconds left.
|
|t:|1785929326
|move|p2b: Ceruledge|Protect|p2b: Ceruledge
|-singleturn|p2b: Ceruledge|Protect
|move|p2a: Sinistcha|Protect|p2a: Sinistcha
|-singleturn|p2a: Sinistcha|Protect
|move|p1a: Staraptor|Brave Bird|p2a: Sinistcha
|-activate|p2a: Sinistcha|move: Protect
|move|p1b: Farigiraf|Trick Room|p1b: Farigiraf
|-fieldstart|move: Trick Room|[of] p1b: Farigiraf
|
|upkeep
|turn|2
|inactive|Vncentius has 30 seconds left.
|
|t:|1785929357
|move|p1b: Farigiraf|Helping Hand|p1a: Staraptor
|-singleturn|p1a: Staraptor|Helping Hand|[of] p1b: Farigiraf
|move|p2a: Sinistcha|Matcha Gotcha|p1b: Farigiraf|[spread] p1a,p1b
|-resisted|p1a: Staraptor|1
|-damage|p1a: Staraptor|81/100
|-damage|p1b: Farigiraf|78/100
|move|p2b: Ceruledge|Bulk Up|p2b: Ceruledge
|-boost|p2b: Ceruledge|atk|1
|-boost|p2b: Ceruledge|def|1
|move|p1a: Staraptor|Brave Bird|p2b: Ceruledge
|-damage|p2b: Ceruledge|39/100
|-damage|p1a: Staraptor|63/100|[from] Recoil
|
|upkeep
|turn|3
|inactive|Vncentius has 30 seconds left.
|inactive|javi fuego has 30 seconds left.
|inactive|javi fuego has 20 seconds left.
|inactive|Vncentius has 20 seconds left.
|inactive|javi fuego has 15 seconds left.
|
|t:|1785929402
|move|p1b: Farigiraf|Helping Hand|p1a: Staraptor
|-singleturn|p1a: Staraptor|Helping Hand|[of] p1b: Farigiraf
|move|p2a: Sinistcha|Protect|p2a: Sinistcha
|-singleturn|p2a: Sinistcha|Protect
|move|p2b: Ceruledge|Protect|p2b: Ceruledge
|-singleturn|p2b: Ceruledge|Protect
|move|p1a: Staraptor|Brave Bird|p2b: Ceruledge
|-activate|p2b: Ceruledge|move: Protect
|
|upkeep
|turn|4
|
|t:|1785929413
|move|p1b: Farigiraf|Helping Hand|p1a: Staraptor
|-singleturn|p1a: Staraptor|Helping Hand|[of] p1b: Farigiraf
|move|p2a: Sinistcha|Rage Powder|p2a: Sinistcha
|-singleturn|p2a: Sinistcha|move: Rage Powder
|move|p2b: Ceruledge|Bulk Up|p2b: Ceruledge
|-boost|p2b: Ceruledge|atk|1
|-boost|p2b: Ceruledge|def|1
|move|p1a: Staraptor|Brave Bird|p2a: Sinistcha
|-supereffective|p2a: Sinistcha|1
|-damage|p2a: Sinistcha|0 fnt
|faint|p2a: Sinistcha
|-damage|p1a: Staraptor|32/100|[from] Recoil
|
|upkeep
|
|t:|1785929427
|switch|p2a: Floette|Floette-Eternal, L50, F|100/100
|turn|5
|
|t:|1785929441
|detailschange|p2a: Floette|Floette-Mega, L50, F
|-mega|p2a: Floette|Floette|Floettite
|-ability|p2a: Floette|Fairy Aura
|move|p1b: Farigiraf|Psychic Fangs|p2b: Ceruledge
|-damage|p2b: Ceruledge|24/100
|move|p2b: Ceruledge|Bitter Blade|p1b: Farigiraf
|-damage|p1b: Farigiraf|22/100
|-heal|p2b: Ceruledge|59/100|[from] drain|[of] p1b: Farigiraf
|-enditem|p1b: Farigiraf|Sitrus Berry|[eat]
|-heal|p1b: Farigiraf|47/100|[from] item: Sitrus Berry
|move|p2a: Floette|Dazzling Gleam|p1a: Staraptor|[spread] p1a,p1b
|-damage|p1a: Staraptor|0 fnt
|-damage|p1b: Farigiraf|14/100
|faint|p1a: Staraptor
|
|-fieldend|move: Trick Room
|upkeep
|
|t:|1785929456
|switch|p1a: Blastoise|Blastoise, L50, F|100/100
|turn|6
|
|t:|1785929466
|detailschange|p1a: Blastoise|Blastoise-Mega, L50, F
|-mega|p1a: Blastoise|Blastoise|Blastoisinite
|move|p1b: Farigiraf|Helping Hand|p1a: Blastoise
|-singleturn|p1a: Blastoise|Helping Hand|[of] p1b: Farigiraf
|move|p2a: Floette|Dazzling Gleam|p1a: Blastoise|[spread] p1a,p1b
|-damage|p1a: Blastoise|66/100
|-damage|p1b: Farigiraf|0 fnt
|faint|p1b: Farigiraf
|move|p2b: Ceruledge|Bitter Blade|p1a: Blastoise
|-resisted|p1a: Blastoise|1
|-damage|p1a: Blastoise|34/100
|-heal|p2b: Ceruledge|75/100|[from] drain|[of] p1a: Blastoise
|move|p1a: Blastoise|Water Spout|p2a: Floette|[spread] p2a,p2b
|-supereffective|p2b: Ceruledge|1
|-damage|p2a: Floette|73/100
|-damage|p2b: Ceruledge|2/100
|
|upkeep
|
|t:|1785929480
|switch|p1b: Vanilluxe|Vanilluxe, L50, M|100/100
|-weather|Snowscape|[from] ability: Snow Warning|[of] p1b: Vanilluxe
|turn|7
|
|t:|1785929499
|move|p1b: Vanilluxe|Ice Shard|p2b: Ceruledge
|-resisted|p2b: Ceruledge|1
|-damage|p2b: Ceruledge|0 fnt
|faint|p2b: Ceruledge
|move|p2a: Floette|Dazzling Gleam|p1b: Vanilluxe|[spread] p1a,p1b
|-damage|p1a: Blastoise|1/100
|-damage|p1b: Vanilluxe|59/100
|move|p1a: Blastoise|Dark Pulse|p2a: Floette
|-resisted|p2a: Floette|1
|-damage|p2a: Floette|53/100
|
|-weather|Snowscape|[upkeep]
|upkeep
|
|t:|1785929508
|switch|p2b: Milotic|Milotic, L50, M|100/100
|turn|8
|
|t:|1785929514
|move|p2a: Floette|Dazzling Gleam|p1b: Vanilluxe|[spread] p1a,p1b
|-damage|p1a: Blastoise|0 fnt
|-damage|p1b: Vanilluxe|16/100
|faint|p1a: Blastoise
|move|p2b: Milotic|Scald|p1b: Vanilluxe
|-crit|p1b: Vanilluxe
|-damage|p1b: Vanilluxe|0 fnt
|faint|p1b: Vanilluxe
|
|win|javi fuego
||javi fuego is ready for game 2.
||Vncentius is ready for game 2.
|uhtml|next|Next: Game 2 of 3
|l|☆Vncentius
|player|p1|
