|j|☆SabinoRaw
|j|☆vilan333
|html|SabinoRawvilan333    
|uhtml|bestof|Game 2 of a best-of-3
|t:|1786039936
|gametype|doubles
|player|p1|SabinoRaw|noland-gen3|1195
|player|p2|vilan333|marshal|1288
|gen|9
|tier|[Gen 9 Champions] VGC 2026 Reg M-B (Bo3)
|rated|
|rule|Species Clause: Limit one of each Pokémon
|rule|Item Clause: Limit 1 of each item
|clearpoke
|poke|p1|Swampert, L50, M|
|poke|p1|Floette-Eternal, L50, F|
|poke|p1|Pelipper, L50, F|
|poke|p1|Grimmsnarl, L50, M|
|poke|p1|Sinistcha, L50|
|poke|p1|Archaludon, L50, M|
|poke|p2|Tyranitar, L50, M, shiny|
|poke|p2|Excadrill, L50, M|
|poke|p2|Floette-Eternal, L50, F|
|poke|p2|Whimsicott, L50, M|
|poke|p2|Incineroar, L50, F|
|poke|p2|Sinistcha, L50|
|teampreview|4
|showteam|p1|Swampert||Swampertite|Torrent|WaveCrash,Earthquake,IcePunch,Protect|Adamant||M|||50|]Floette-Eternal||Floettite|FlowerVeil|Moonblast,DazzlingGleam,CalmMind,Protect|Modest||F|||50|]Pelipper||SitrusBerry|Drizzle|Hurricane,WeatherBall,Tailwind,WideGuard|Modest||F|||50|]Grimmsnarl||LightClay|Prankster|LightScreen,Reflect,FoulPlay,PartingShot|Calm||M|||50|]Sinistcha||CobaBerry|Hospitality|MatchaGotcha,LifeDew,TrickRoom,RagePowder|Relaxed|||||50|]Archaludon||Leftovers|Stamina|ElectroShot,DragonPulse,FlashCannon,Protect|Modest||M|||50|
|showteam|p2|Tyranitar||FocusSash|SandStream|Protect,RockSlide,KnockOff,LowKick|Adamant||M|||50|]Excadrill||LifeOrb|SandRush|RockSlide,Protect,IronHead,Earthquake|Adamant||M|||50|]Floette-Eternal||Floettite|FlowerVeil|Protect,Moonblast,DazzlingGleam,CalmMind|Modest||F|||50|]Whimsicott||OccaBerry|Prankster|Moonblast,Encore,Tailwind,Protect|Calm||M|||50|]Incineroar||SitrusBerry|Intimidate|PartingShot,FakeOut,FlareBlitz,HelpingHand|Adamant||F|||50|]Sinistcha||Leftovers|Hospitality|ShadowBall,RagePowder,TrickRoom,Protect|Calm|||||50|
|inactive|Battle timer is ON: inactive players will automatically lose when time's up. (requested by vilan333)
|
|t:|1786039972
|teamsize|p1|4
|teamsize|p2|4
|start
|switch|p1a: Floette|Floette-Eternal, L50, F|100/100
|switch|p1b: Grimmsnarl|Grimmsnarl, L50, M|100/100
|switch|p2a: Floette|Floette-Eternal, L50, F|100/100
|switch|p2b: Incineroar|Incineroar, L50, F|100/100
|-ability|p2b: Incineroar|Intimidate|boost
|-unboost|p1a: Floette|atk|1
|-unboost|p1b: Grimmsnarl|atk|1
|turn|1
|inactive|SabinoRaw has 30 seconds left.
|inactive|SabinoRaw has 20 seconds left.
|
|t:|1786040008
|detailschange|p1a: Floette|Floette-Mega, L50, F
|-mega|p1a: Floette|Floette|Floettite
|-ability|p1a: Floette|Fairy Aura
|detailschange|p2a: Floette|Floette-Mega, L50, F
|-mega|p2a: Floette|Floette|Floettite
|-ability|p2a: Floette|Fairy Aura
|move|p2b: Incineroar|Fake Out|p1a: Floette
|-damage|p1a: Floette|88/100
|move|p1b: Grimmsnarl|Light Screen|p1b: Grimmsnarl
|-sidestart|p1: SabinoRaw|move: Light Screen
|cant|p1a: Floette|flinch
|move|p2a: Floette|Calm Mind|p2a: Floette
|-boost|p2a: Floette|spa|1
|-boost|p2a: Floette|spd|1
|
|upkeep
|turn|2
|inactive|SabinoRaw has 30 seconds left.
|inactive|vilan333 has 30 seconds left.
|
|t:|1786040043
|switch|p1a: Swampert|Swampert, L50, M|100/100
|move|p2b: Incineroar|Helping Hand|p2a: Floette
|-singleturn|p2a: Floette|Helping Hand|[of] p2b: Incineroar
|move|p1b: Grimmsnarl|Parting Shot|p2a: Floette
|-unboost|p2a: Floette|atk|1
|-unboost|p2a: Floette|spa|1
|
|t:|1786040050
|switch|p1b: Pelipper|Pelipper, L50, F|100/100|[from] Parting Shot
|-weather|RainDance|[from] ability: Drizzle|[of] p1b: Pelipper
|move|p2a: Floette|Moonblast|p1a: Swampert
|-crit|p1a: Swampert
|-damage|p1a: Swampert|0 fnt
|faint|p1a: Swampert
|
|-weather|RainDance|[upkeep]
|upkeep
|
|t:|1786040059
|switch|p1a: Floette|Floette-Mega, L50, F|88/100
|-ability|p1a: Floette|Fairy Aura
|turn|3
|
|t:|1786040072
|switch|p2b: Excadrill|Excadrill, L50, M|100/100
|move|p1a: Floette|Calm Mind|p1a: Floette
|-boost|p1a: Floette|spa|1
|-boost|p1a: Floette|spd|1
|move|p2a: Floette|Calm Mind|p2a: Floette
|-boost|p2a: Floette|spa|1
|-boost|p2a: Floette|spd|1
|move|p1b: Pelipper|Weather Ball|p2b: Excadrill
|-supereffective|p2b: Excadrill|1
|-damage|p2b: Excadrill|0 fnt
|faint|p2b: Excadrill
|
|-weather|RainDance|[upkeep]
|upkeep
|
|t:|1786040088
|switch|p2b: Tyranitar|Tyranitar, L50, M, shiny|100/100
|-weather|Sandstorm|[from] ability: Sand Stream|[of] p2b: Tyranitar
|turn|4
|
|t:|1786040095
|switch|p1b: Grimmsnarl|Grimmsnarl, L50, M|100/100
|move|p1a: Floette|Protect|p1a: Floette
|-singleturn|p1a: Floette|Protect
|move|p2a: Floette|Moonblast|p1a: Floette
|-activate|p1a: Floette|move: Protect
|move|p2b: Tyranitar|Rock Slide|p1b: Grimmsnarl|[spread] p1b
|-activate|p1a: Floette|move: Protect
|-damage|p1b: Grimmsnarl|62/100
|
|-weather|Sandstorm|[upkeep]
|-damage|p1a: Floette|82/100|[from] Sandstorm
|-damage|p2a: Floette|94/100|[from] Sandstorm
|-damage|p1b: Grimmsnarl|56/100|[from] Sandstorm
|upkeep
|turn|5
|
|t:|1786040113
|move|p1b: Grimmsnarl|Parting Shot|p2b: Tyranitar
|-hint|Since gen 7, Dark is immune to Prankster moves.
|-immune|p2b: Tyranitar
|move|p1a: Floette|Dazzling Gleam|p2a: Floette|[spread] p2a,p2b
|-supereffective|p2b: Tyranitar|1
|-damage|p2a: Floette|68/100
|-damage|p2b: Tyranitar|9/100
|move|p2a: Floette|Dazzling Gleam|p1a: Floette|[spread] p1a,p1b
|-supereffective|p1b: Grimmsnarl|1
|-damage|p1a: Floette|58/100
|-damage|p1b: Grimmsnarl|0 fnt
|faint|p1b: Grimmsnarl
|move|p2b: Tyranitar|Rock Slide|p1a: Floette
|-damage|p1a: Floette|13/100
|
|-weather|Sandstorm|[upkeep]
|-damage|p1a: Floette|7/100|[from] Sandstorm
|-damage|p2a: Floette|62/100|[from] Sandstorm
|upkeep
|
|t:|1786040127
|switch|p1b: Pelipper|Pelipper, L50, F|100/100
|-weather|RainDance|[from] ability: Drizzle|[of] p1b: Pelipper
|turn|6
|
|t:|1786040138
|switch|p2b: Incineroar|Incineroar, L50, F|100/100
|-ability|p2b: Incineroar|Intimidate|boost
|-unboost|p1a: Floette|atk|1
|-unboost|p1b: Pelipper|atk|1
|move|p2a: Floette|Protect|p2a: Floette
|-singleturn|p2a: Floette|Protect
|move|p1a: Floette|Dazzling Gleam|p2b: Incineroar|[spread] p2b
|-activate|p2a: Floette|move: Protect
|-damage|p2b: Incineroar|40/100
|-enditem|p2b: Incineroar|Sitrus Berry|[eat]
|-heal|p2b: Incineroar|65/100|[from] item: Sitrus Berry
|move|p1b: Pelipper|Weather Ball|p2a: Floette
|-activate|p2a: Floette|move: Protect
|
|-weather|RainDance|[upkeep]
|upkeep
|turn|7
|
|t:|1786040161
|move|p1a: Floette|Protect|p1a: Floette
|-singleturn|p1a: Floette|Protect
|move|p2b: Incineroar|Fake Out|p1b: Pelipper
|-damage|p1b: Pelipper|88/100
|move|p2a: Floette|Moonblast|p1a: Floette
|-activate|p1a: Floette|move: Protect
|cant|p1b: Pelipper|flinch
|
|-weather|RainDance|[upkeep]
|upkeep
|turn|8
|
|t:|1786040177
|move|p1a: Floette|Dazzling Gleam|p2b: Incineroar|[spread] p2a,p2b
|-damage|p2a: Floette|37/100
|-damage|p2b: Incineroar|10/100
|move|p2a: Floette|Moonblast|p1a: Floette
|-damage|p1a: Floette|0 fnt
|faint|p1a: Floette
|move|p1b: Pelipper|Weather Ball|p2a: Floette
|-damage|p2a: Floette|16/100
|move|p2b: Incineroar|Parting Shot|p1b: Pelipper
|-unboost|p1b: Pelipper|atk|1
|-unboost|p1b: Pelipper|spa|1
|
|t:|1786040190
|switch|p2b: Tyranitar|Tyranitar, L50, M, shiny|9/100|[from] Parting Shot
|-weather|Sandstorm|[from] ability: Sand Stream|[of] p2b: Tyranitar
|
|-weather|Sandstorm|[upkeep]
|-damage|p2a: Floette|10/100|[from] Sandstorm
|-damage|p1b: Pelipper|82/100|[from] Sandstorm
|-sideend|p1: SabinoRaw|move: Light Screen
|upkeep
|turn|9
|
|t:|1786040208
|move|p2a: Floette|Moonblast|p1b: Pelipper
|-damage|p1b: Pelipper|0 fnt
|faint|p1b: Pelipper
|
|win|vilan333
||SabinoRaw is ready for game 3.
