|j|☆randomguy1114s
|j|☆iFHGAGFu
|html|randomguy1114siFHGAGFu    
|uhtml|bestof|Game 2 of a best-of-3
|t:|1756423733
|gametype|doubles
|player|p1|randomguy1114s|lillie-masters|1195
|player|p2|iFHGAGFu|ninjaboy|1168
|gen|9
|tier|[Gen 9] VGC 2025 Reg H (Bo3)
|rated|
|rule|Species Clause: Limit one of each Pokémon
|rule|Item Clause: Limit 1 of each item
|clearpoke
|poke|p1|Archaludon, L50, M|
|poke|p1|Pelipper, L50, M|
|poke|p1|Rillaboom, L50, M|
|poke|p1|Incineroar, L50, M|
|poke|p1|Gholdengo, L50|
|poke|p1|Sneasler, L50, M|
|poke|p2|Pelipper, L50, F|
|poke|p2|Archaludon, L50, M|
|poke|p2|Incineroar, L50, M|
|poke|p2|Basculegion, L50, M|
|poke|p2|Amoonguss, L50, F|
|poke|p2|Rillaboom, L50, M|
|teampreview|4
|showteam|p1|Archaludon||PowerHerb|Sturdy|ElectroShot,DragonPulse,FlashCannon,Protect|||M|||50|,,,,,Electric]Pelipper||ChoiceScarf|Drizzle|Tailwind,MuddyWater,Hurricane,WeatherBall|||M|||50|,,,,,Ghost]Rillaboom||AssaultVest|GrassySurge|FakeOut,WoodHammer,GrassyGlide,Uturn|||M|||50|,,,,,Fire]Incineroar||SafetyGoggles|Intimidate|FakeOut,KnockOff,Taunt,PartingShot|||M|||50|,,,,,Ghost]Gholdengo||MetalCoat|GoodasGold|NastyPlot,MakeItRain,ShadowBall,Protect||||||50|,,,,,Fairy]Sneasler||GrassySeed|Unburden|CloseCombat,DireClaw,ThroatChop,Protect|||M|||50|,,,,,Dark
|showteam|p2|Pelipper||FocusSash|Drizzle|Hurricane,WeatherBall,Tailwind,Protect|||F|||50|,,,,,Ground]Archaludon||AssaultVest|Stamina|ElectroShot,FlashCannon,DragonPulse,BodyPress|||M|||50|,,,,,Grass]Incineroar||SafetyGoggles|Intimidate|FlareBlitz,KnockOff,PartingShot,FakeOut|||M|||50|,,,,,Ghost]Basculegion||ChoiceBand|SwiftSwim|WaveCrash,FlipTurn,LastRespects,AquaJet|||M|||50|,,,,,Water]Amoonguss||SitrusBerry|Regenerator|PollenPuff,Protect,RagePowder,Spore|||F|||50|,,,,,Water]Rillaboom||LoadedDice|GrassySurge|BulletSeed,GrassyGlide,FakeOut,HighHorsepower|||M|||50|,,,,,Water
|j| Arkhept
|l| Arkhept
|inactive|Battle timer is ON: inactive players will automatically lose when time's up. (requested by iFHGAGFu)
|inactive|randomguy1114s has 60 seconds left.
|
|t:|1756423803
|teamsize|p1|4
|teamsize|p2|4
|start
|switch|p1a: Rillaboom|Rillaboom, L50, M|100/100
|switch|p1b: Archaludon|Archaludon, L50, M|100/100
|switch|p2a: Pelipper|Pelipper, L50, F|100/100
|switch|p2b: Basculegion|Basculegion, L50, M|100/100
|-fieldstart|move: Grassy Terrain|[from] ability: Grassy Surge|[of] p1a: Rillaboom
|-weather|RainDance|[from] ability: Drizzle|[of] p2a: Pelipper
|turn|1
|inactive|randomguy1114s has 30 seconds left.
|inactive|iFHGAGFu has 30 seconds left.
|inactive|randomguy1114s has 20 seconds left.
|inactive|randomguy1114s has 15 seconds left.
|inactive|randomguy1114s has 10 seconds left.
|
|t:|1756423850
|switch|p2b: Archaludon|Archaludon, L50, M|100/100
|switch|p2a: Amoonguss|Amoonguss, L50, F|100/100
|move|p1b: Archaludon|Protect|p1b: Archaludon
|-singleturn|p1b: Archaludon|Protect
|move|p1a: Rillaboom|Wood Hammer|p2b: Archaludon
|-resisted|p2b: Archaludon
|-damage|p2b: Archaludon|86/100
|-ability|p2b: Archaludon|Stamina|boost
|-boost|p2b: Archaludon|def|1
|-damage|p1a: Rillaboom|96/100|[from] Recoil
|
|-weather|RainDance|[upkeep]
|-heal|p2b: Archaludon|92/100|[from] Grassy Terrain
|-heal|p1a: Rillaboom|100/100|[from] Grassy Terrain
|upkeep
|turn|2
|
|t:|1756423871
|switch|p1b: Gholdengo|Gholdengo, L50|100/100
|move|p2b: Archaludon|Body Press|p1b: Gholdengo
|-immune|p1b: Gholdengo
|move|p1a: Rillaboom|U-turn|p2a: Amoonguss
|-damage|p2a: Amoonguss|80/100
|
|t:|1756423878
|switch|p1a: Incineroar|Incineroar, L50, M|100/100|[from] U-turn
|-ability|p1a: Incineroar|Intimidate|boost
|-unboost|p2a: Amoonguss|atk|1
|-unboost|p2b: Archaludon|atk|1
|move|p2a: Amoonguss|Spore|p1b: Gholdengo
|-immune|p1b: Gholdengo|[from] ability: Good as Gold
|
|-weather|RainDance|[upkeep]
|-heal|p2b: Archaludon|98/100|[from] Grassy Terrain
|-heal|p2a: Amoonguss|85/100|[from] Grassy Terrain
|upkeep
|turn|3
|
|t:|1756423901
|switch|p2b: Basculegion|Basculegion, L50, M|100/100
|move|p1a: Incineroar|Fake Out|p2b: Basculegion
|-immune|p2b: Basculegion
|move|p2a: Amoonguss|Rage Powder|p2a: Amoonguss
|-singleturn|p2a: Amoonguss|move: Rage Powder
|move|p1b: Gholdengo|Nasty Plot|p1b: Gholdengo
|-boost|p1b: Gholdengo|spa|2
|
|-weather|RainDance|[upkeep]
|-heal|p2a: Amoonguss|91/100|[from] Grassy Terrain
|upkeep
|turn|4
|inactive|iFHGAGFu has 30 seconds left.
|inactive|iFHGAGFu has 20 seconds left.
|
|t:|1756423937
|switch|p1a: Rillaboom|Rillaboom, L50, M|100/100
|switch|p2a: Archaludon|Archaludon, L50, M|98/100
|-terastallize|p2b: Basculegion|Water
|move|p1b: Gholdengo|Protect|p1b: Gholdengo
|-singleturn|p1b: Gholdengo|Protect
|move|p2b: Basculegion|Flip Turn|p1b: Gholdengo
|-activate|p1b: Gholdengo|move: Protect
|
|-weather|RainDance|[upkeep]
|-heal|p2a: Archaludon|100/100|[from] Grassy Terrain
|upkeep
|turn|5
|
|t:|1756423957
|switch|p2b: Amoonguss|Amoonguss, L50, F|100/100
|move|p1a: Rillaboom|Fake Out|p2b: Amoonguss
|-damage|p2b: Amoonguss|88/100
|move|p1b: Gholdengo|Shadow Ball|p2b: Amoonguss
|-crit|p2b: Amoonguss
|-damage|p2b: Amoonguss|0 fnt
|faint|p2b: Amoonguss
|move|p2a: Archaludon|Electro Shot||[still]
|-prepare|p2a: Archaludon|Electro Shot
|-boost|p2a: Archaludon|spa|1
|-anim|p2a: Archaludon|Electro Shot|p1b: Gholdengo
|-damage|p1b: Gholdengo|46/100
|
|-weather|none
|-heal|p1b: Gholdengo|52/100|[from] Grassy Terrain
|-fieldend|move: Grassy Terrain
|upkeep
|
|t:|1756423969
|switch|p2b: Basculegion|Basculegion, L50, M, tera:Water|100/100
|turn|6
|
|t:|1756423989
|switch|p2a: Pelipper|Pelipper, L50, F|100/100
|-weather|RainDance|[from] ability: Drizzle|[of] p2a: Pelipper
|move|p2b: Basculegion|Flip Turn|p1a: Rillaboom
|-resisted|p1a: Rillaboom
|-damage|p1a: Rillaboom|60/100
|
|t:|1756423994
|switch|p2b: Archaludon|Archaludon, L50, M|100/100|[from] Flip Turn
|move|p1b: Gholdengo|Shadow Ball|p2b: Archaludon
|-damage|p2b: Archaludon|45/100
|-ability|p2b: Archaludon|Stamina|boost
|-boost|p2b: Archaludon|def|1
|move|p1a: Rillaboom|Wood Hammer|p2b: Archaludon
|-resisted|p2b: Archaludon
|-damage|p2b: Archaludon|38/100
|-ability|p2b: Archaludon|Stamina|boost
|-boost|p2b: Archaludon|def|1
|-damage|p1a: Rillaboom|58/100|[from] Recoil
|
|-weather|RainDance|[upkeep]
|upkeep
|turn|7
|
|t:|1756424022
|move|p1b: Gholdengo|Make It Rain|p2b: Archaludon|[spread] p2a,p2b
|-resisted|p2a: Pelipper
|-resisted|p2b: Archaludon
|-damage|p2a: Pelipper|6/100
|-damage|p2b: Archaludon|0 fnt
|-unboost|p1b: Gholdengo|spa|1
|faint|p2b: Archaludon
|move|p1a: Rillaboom|Wood Hammer|p2a: Pelipper
|-crit|p2a: Pelipper
|-damage|p2a: Pelipper|0 fnt
|faint|p2a: Pelipper
|-damage|p1a: Rillaboom|57/100|[from] Recoil
|
|-weather|RainDance|[upkeep]
|upkeep
|-message|iFHGAGFu forfeited.
|
|win|randomguy1114s
|raw|randomguy1114s's rating: 1195 → 1218(+23 for winning)
|raw|iFHGAGFu's rating: 1168 → 1145(-23 for losing)
