|j|☆Breloom7
|j|☆matrod
|html|Breloom7matrod    
|uhtml|bestof|Game 2 of a best-of-3
|t:|1757726433
|gametype|doubles
|player|p1|Breloom7|265|1311
|player|p2|matrod|steven|1328
|gen|9
|tier|[Gen 9] VGC 2025 Reg H (Bo3)
|rated|
|rule|Species Clause: Limit one of each Pokémon
|rule|Item Clause: Limit 1 of each item
|clearpoke
|poke|p1|Excadrill, L50, M|
|poke|p1|Tyranitar, L50, M|
|poke|p1|Sneasler, L50, M|
|poke|p1|Indeedee, L50, M|
|poke|p1|Corviknight, L50, M|
|poke|p1|Annihilape, L50, M|
|poke|p2|Volcarona, L50, M|
|poke|p2|Rillaboom, L50, F|
|poke|p2|Annihilape, L50, M|
|poke|p2|Ninetales-Alola, L50, M|
|poke|p2|Tauros-Paldea-Aqua, L50, M|
|poke|p2|Magmar, L50, F|
|teampreview|4
|showteam|p1|Excadrill||FocusSash|SandRush|IronHead,HighHorsepower,Earthquake,Protect|||M|||50|,,,,,Stellar]Tyranitar||AssaultVest|SandStream|RockSlide,KnockOff,TeraBlast,LowKick|||M|||50|,,,,,Flying]Sneasler||PsychicSeed|Unburden|DireClaw,CloseCombat,ThroatChop,Protect|||M|||50|,,,,,Dark]Indeedee||ChoiceScarf|PsychicSurge|ExpandingForce,TeraBlast,Protect,Trick|||M|||50|,,,,,Psychic]Corviknight||Leftovers|MirrorArmor|BraveBird,BulkUp,Roost,Tailwind|||M|||50|,,,,,Dragon]Annihilape||SafetyGoggles|Defiant|CloseCombat,FinalGambit,RageFist,Taunt|||M|||50|,,,,,Water
|showteam|p2|Volcarona||Leftovers|FlameBody|HeatWave,TeraBlast,QuiverDance,Protect|||M|||50|,,,,,Fairy]Rillaboom||AssaultVest|GrassySurge|WoodHammer,GrassyGlide,HighHorsepower,FakeOut|||F|||50|,,,,,Ghost]Annihilape||SafetyGoggles|Defiant|CloseCombat,RageFist,FinalGambit,Taunt|||M|||50|,,,,,Fire]Ninetales-Alola||FocusSash|SnowWarning|AuroraVeil,Blizzard,FreezeDry,Encore|||M|||50|,,,,,Ghost]Tauros-Paldea-Aqua||MirrorHerb|Intimidate|WaveCrash,CloseCombat,Substitute,Protect|||M|||50|,,,,,Grass]Magmar||Eviolite|FlameBody|FollowMe,BurningJealousy,Taunt,Protect|||F|||50|,,,,,Ghost
|inactive|Battle timer is ON: inactive players will automatically lose when time's up. (requested by Breloom7)
|inactive|Breloom7 has 60 seconds left.
|inactive|matrod has 60 seconds left.
|inactive|Breloom7 has 30 seconds left.
|
|t:|1757726497
|teamsize|p1|4
|teamsize|p2|4
|start
|switch|p1a: Corviknight|Corviknight, L50, M|100/100
|switch|p1b: Tyranitar|Tyranitar, L50, M, shiny|100/100
|switch|p2a: Tauros|Tauros-Paldea-Aqua, L50, M, shiny|100/100
|switch|p2b: Rillaboom|Rillaboom, L50, F|100/100
|-ability|p2a: Tauros|Intimidate|boost
|-ability|p1a: Corviknight|Mirror Armor
|-unboost|p2a: Tauros|atk|1
|-unboost|p1b: Tyranitar|atk|1
|-fieldstart|move: Grassy Terrain|[from] ability: Grassy Surge|[of] p2b: Rillaboom
|-weather|Sandstorm|[from] ability: Sand Stream|[of] p1b: Tyranitar
|turn|1
|
|t:|1757726519
|-terastallize|p1b: Tyranitar|Flying
|move|p2b: Rillaboom|Fake Out|p1a: Corviknight
|-resisted|p1a: Corviknight
|-damage|p1a: Corviknight|95/100
|move|p2a: Tauros|Close Combat|p1b: Tyranitar
|-resisted|p1b: Tyranitar
|-damage|p1b: Tyranitar|85/100
|-unboost|p2a: Tauros|def|1
|-unboost|p2a: Tauros|spd|1
|cant|p1a: Corviknight|flinch
|move|p1b: Tyranitar|Tera Blast|p2a: Tauros|[anim] Tera Blast Flying
|-supereffective|p2a: Tauros
|-damage|p2a: Tauros|0 fnt
|faint|p2a: Tauros
|
|-weather|Sandstorm|[upkeep]
|-damage|p2b: Rillaboom|95/100|[from] Sandstorm
|-damage|p1b: Tyranitar|79/100|[from] Sandstorm
|-heal|p2b: Rillaboom|100/100|[from] Grassy Terrain
|-heal|p1a: Corviknight|100/100|[from] item: Leftovers
|upkeep
|
|t:|1757726528
|switch|p2a: Ninetales|Ninetales-Alola, L50, M|100/100
|-weather|Snowscape|[from] ability: Snow Warning|[of] p2a: Ninetales
|turn|2
|
|t:|1757726543
|switch|p1b: Indeedee|Indeedee, L50, M, shiny|100/100
|-fieldstart|move: Psychic Terrain|[from] ability: Psychic Surge|[of] p1b: Indeedee
|move|p2a: Ninetales|Aurora Veil|p2a: Ninetales
|-sidestart|p2: matrod|move: Aurora Veil
|move|p2b: Rillaboom|Wood Hammer|p1b: Indeedee
|-damage|p1b: Indeedee|0 fnt
|faint|p1b: Indeedee
|-damage|p2b: Rillaboom|79/100|[from] Recoil
|move|p1a: Corviknight|Tailwind|p1a: Corviknight
|-sidestart|p1: Breloom7|move: Tailwind
|
|-weather|Snowscape|[upkeep]
|upkeep
|
|t:|1757726555
|switch|p1b: Sneasler|Sneasler, L50, M, shiny|100/100
|-enditem|p1b: Sneasler|Psychic Seed
|-boost|p1b: Sneasler|spd|1|[from] item: Psychic Seed
|turn|3
|
|t:|1757726573
|switch|p2b: Volcarona|Volcarona, L50, M|100/100
|move|p1b: Sneasler|Dire Claw|p2a: Ninetales
|-supereffective|p2a: Ninetales
|-damage|p2a: Ninetales|38/100
|move|p1a: Corviknight|Brave Bird|p2b: Volcarona
|-supereffective|p2b: Volcarona
|-damage|p2b: Volcarona|35/100
|-damage|p1a: Corviknight|81/100|[from] Recoil
|move|p2a: Ninetales|Blizzard|p1b: Sneasler|[spread] p1a,p1b
|-damage|p1a: Corviknight|52/100
|-damage|p1b: Sneasler|74/100
|
|-weather|Snowscape|[upkeep]
|-heal|p1a: Corviknight|58/100|[from] item: Leftovers
|-heal|p2b: Volcarona|41/100|[from] item: Leftovers
|upkeep
|turn|4
|inactive|Breloom7 has 30 seconds left.
|inactive|Breloom7 has 20 seconds left.
|inactive|Breloom7 has 15 seconds left.
|inactive|Breloom7 has 10 seconds left.
|inactive|Breloom7 has 5 seconds left.
|
|t:|1757726624
|switch|p1a: Tyranitar|Tyranitar, L50, M, shiny, tera:Flying|79/100
|-weather|Sandstorm|[from] ability: Sand Stream|[of] p1a: Tyranitar
|move|p2b: Volcarona|Protect|p2b: Volcarona
|-singleturn|p2b: Volcarona|Protect
|move|p1b: Sneasler|Dire Claw|p2b: Volcarona
|-activate|p2b: Volcarona|move: Protect
|move|p2a: Ninetales|Blizzard|p1b: Sneasler|[spread] p1b
|-miss|p2a: Ninetales|p1a: Tyranitar
|-damage|p1b: Sneasler|43/100
|
|-weather|Sandstorm|[upkeep]
|-damage|p1b: Sneasler|37/100|[from] Sandstorm
|-damage|p1a: Tyranitar|73/100|[from] Sandstorm
|-damage|p2a: Ninetales|32/100|[from] Sandstorm
|-damage|p2b: Volcarona|35/100|[from] Sandstorm
|-heal|p2b: Volcarona|41/100|[from] item: Leftovers
|upkeep
|turn|5
|
|t:|1757726643
|switch|p2b: Rillaboom|Rillaboom, L50, F|79/100
|-fieldstart|move: Grassy Terrain|[from] ability: Grassy Surge|[of] p2b: Rillaboom
|move|p1b: Sneasler|Dire Claw|p2a: Ninetales
|-supereffective|p2a: Ninetales
|-damage|p2a: Ninetales|0 fnt
|faint|p2a: Ninetales
|move|p1a: Tyranitar|Tera Blast|p2b: Rillaboom|[anim] Tera Blast Flying
|-supereffective|p2b: Rillaboom
|-damage|p2b: Rillaboom|24/100
|
|-weather|Sandstorm|[upkeep]
|-damage|p1b: Sneasler|31/100|[from] Sandstorm
|-damage|p1a: Tyranitar|67/100|[from] Sandstorm
|-damage|p2b: Rillaboom|18/100|[from] Sandstorm
|-heal|p1b: Sneasler|37/100|[from] Grassy Terrain
|-heal|p2b: Rillaboom|24/100|[from] Grassy Terrain
|-sideend|p1: Breloom7|move: Tailwind
|upkeep
|
|t:|1757726645
|switch|p2a: Volcarona|Volcarona, L50, M|41/100
|turn|6
|inactive|Breloom7 has 30 seconds left.
|
|t:|1757726674
|-terastallize|p2a: Volcarona|Fairy
|move|p2b: Rillaboom|Fake Out|p1b: Sneasler
|-damage|p1b: Sneasler|9/100
|cant|p1b: Sneasler|flinch
|move|p2a: Volcarona|Quiver Dance|p2a: Volcarona
|-boost|p2a: Volcarona|spa|1
|-boost|p2a: Volcarona|spd|1
|-boost|p2a: Volcarona|spe|1
|move|p1a: Tyranitar|Tera Blast|p2b: Rillaboom|[anim] Tera Blast Flying
|-supereffective|p2b: Rillaboom
|-damage|p2b: Rillaboom|0 fnt
|faint|p2b: Rillaboom
|
|-weather|Sandstorm|[upkeep]
|-damage|p1b: Sneasler|4/100|[from] Sandstorm
|-damage|p2a: Volcarona|35/100|[from] Sandstorm
|-damage|p1a: Tyranitar|62/100|[from] Sandstorm
|-heal|p1b: Sneasler|9/100|[from] Grassy Terrain
|-heal|p2a: Volcarona|41/100|[from] Grassy Terrain
|-heal|p2a: Volcarona|47/100|[from] item: Leftovers
|-sideend|p2: matrod|move: Aurora Veil
|upkeep
|turn|7
|
|t:|1757726684
|move|p2a: Volcarona|Protect|p2a: Volcarona
|-singleturn|p2a: Volcarona|Protect
|move|p1b: Sneasler|Dire Claw|p2a: Volcarona
|-activate|p2a: Volcarona|move: Protect
|move|p1a: Tyranitar|Tera Blast|p2a: Volcarona|[anim] Tera Blast Flying
|-activate|p2a: Volcarona|move: Protect
|
|-weather|Sandstorm|[upkeep]
|-damage|p1b: Sneasler|4/100|[from] Sandstorm
|-damage|p2a: Volcarona|41/100|[from] Sandstorm
|-damage|p1a: Tyranitar|56/100|[from] Sandstorm
|-heal|p1b: Sneasler|9/100|[from] Grassy Terrain
|-heal|p2a: Volcarona|47/100|[from] Grassy Terrain
|-heal|p2a: Volcarona|53/100|[from] item: Leftovers
|upkeep
|turn|8
|
|t:|1757726692
|move|p1b: Sneasler|Dire Claw|p2a: Volcarona
|-supereffective|p2a: Volcarona
|-damage|p2a: Volcarona|0 fnt
|faint|p2a: Volcarona
|
|win|Breloom7
|inactive|Breloom7 has 30 seconds to confirm battle start!
|inactive|matrod has 30 seconds to confirm battle start!
||Breloom7 is ready for game 3.
|inactive|matrod has 20 seconds to confirm battle start!
|inactive|matrod has 10 seconds to confirm battle start!
|uhtml|next|Next: Game 3 of 3
