|j|☆redoctober91
|j|☆LastHorzion
|html|redoctober91LastHorzion    
|uhtml|bestof|Game 1 of a best-of-3
|t:|1757648291
|gametype|doubles
|player|p1|redoctober91|170|1126
|player|p2|LastHorzion|steven|1200
|gen|9
|tier|[Gen 9] VGC 2025 Reg H (Bo3)
|rated|
|rule|Species Clause: Limit one of each Pokémon
|rule|Item Clause: Limit 1 of each item
|clearpoke
|poke|p1|Amoonguss, L50, M|
|poke|p1|Incineroar, L50, M|
|poke|p1|Kingambit, L50, F|
|poke|p1|Ninetales-Alola, L50, F|
|poke|p1|Garchomp, L50, M|
|poke|p1|Dragonite, L50, M|
|poke|p2|Sneasler, L50, M|
|poke|p2|Whimsicott, L50, M|
|poke|p2|Indeedee, L50, M|
|poke|p2|Dragapult, L50, F|
|poke|p2|Archaludon, L50, F|
|poke|p2|Ursaluna-Bloodmoon, L50, M|
|teampreview|4
|showteam|p1|Amoonguss||SitrusBerry|Regenerator|Protect,PollenPuff,Spore,RagePowder|||M|||50|,,,,,Fairy]Incineroar||RockyHelmet|Intimidate|FakeOut,FlareBlitz,KnockOff,PartingShot|||M|||50|,,,,,Grass]Kingambit||SafetyGoggles|Defiant|KowtowCleave,SuckerPunch,SwordsDance,Protect|||F|||50|,,,,,Dark]Ninetales-Alola||ChoiceSpecs|SnowWarning|Blizzard,DazzlingGleam,FreezeDry,Moonblast|||F|||50|,,,,,Ice]Garchomp||ChoiceBand|RoughSkin|DragonClaw,Earthquake,StompingTantrum,RockSlide|||M|||50|,,,,,Steel]Dragonite||AssaultVest|Multiscale|TeraBlast,ExtremeSpeed,IceSpinner,LowKick|||M|||50|,,,,,Flying
|showteam|p2|Sneasler||PsychicSeed|Unburden|CloseCombat,DireClaw,ThroatChop,Protect|||M|||50|,,,,,Dark]Whimsicott||CovertCloak|Prankster|Moonblast,Tailwind,Taunt,FakeTears|||M|||50|,,,,,Water]Indeedee||FocusSash|PsychicSurge|ExpandingForce,TeraBlast,Imprison,TrickRoom|||M|||50|,,,,,Ground]Dragapult||ChoiceBand|ClearBody|DragonDarts,Uturn,PhantomForce,Outrage|||F|||50|,,,,,Dragon]Archaludon||PowerHerb|Stalwart|FlashCannon,ElectroShot,Thunderbolt,Protect|||F|||50|,,,,,Electric]Ursaluna-Bloodmoon||LifeOrb|MindsEye|BloodMoon,HyperVoice,EarthPower,Protect|||M|||50|,,,,,Normal
|inactive|Battle timer is ON: inactive players will automatically lose when time's up. (requested by LastHorzion)
|inactive|redoctober91 has 60 seconds left.
|inactive|LastHorzion has 60 seconds left.
|
|t:|1757648341
|teamsize|p1|4
|teamsize|p2|4
|start
|switch|p1a: Garchomp|Garchomp, L50, M, shiny|100/100
|switch|p1b: Dragonite|Dragonite, L50, M|100/100
|switch|p2a: Archaludon|Archaludon, L50, F, shiny|100/100
|switch|p2b: Dragapult|Dragapult, L50, F, shiny|100/100
|turn|1
|inactive|redoctober91 has 30 seconds left.
|inactive|LastHorzion has 30 seconds left.
|inactive|redoctober91 has 20 seconds left.
|inactive|LastHorzion has 20 seconds left.
|
|t:|1757648379
|-terastallize|p2b: Dragapult|Dragon
|move|p2b: Dragapult|Outrage|p1b: Dragonite
|-supereffective|p1b: Dragonite
|-damage|p1b: Dragonite|0 fnt
|faint|p1b: Dragonite
|move|p1a: Garchomp|Dragon Claw|p2b: Dragapult
|-supereffective|p2b: Dragapult
|-damage|p2b: Dragapult|0 fnt
|faint|p2b: Dragapult
|move|p2a: Archaludon|Electro Shot||[still]
|-prepare|p2a: Archaludon|Electro Shot
|-boost|p2a: Archaludon|spa|1
|-enditem|p2a: Archaludon|Power Herb
|-anim|p2a: Archaludon|Electro Shot|p1a: Garchomp
|-immune|p1a: Garchomp
|
|upkeep
|
|t:|1757648403
|switch|p2b: Sneasler|Sneasler, L50, M, shiny|100/100
|switch|p1b: Incineroar|Incineroar, L50, M|100/100
|-ability|p1b: Incineroar|Intimidate|boost
|-unboost|p2a: Archaludon|atk|1
|-unboost|p2b: Sneasler|atk|1
|turn|2
|
|t:|1757648425
|switch|p2b: Indeedee|Indeedee, L50, M, shiny|100/100
|-fieldstart|move: Psychic Terrain|[from] ability: Psychic Surge|[of] p2b: Indeedee
|move|p1b: Incineroar|Fake Out|p2b: Indeedee
|-activate|p2b: Indeedee|move: Psychic Terrain
|move|p1a: Garchomp|Dragon Claw|p2b: Indeedee
|-enditem|p2b: Indeedee|Focus Sash
|-damage|p2b: Indeedee|1/100
|move|p2a: Archaludon|Flash Cannon|p1a: Garchomp
|-damage|p1a: Garchomp|33/100
|
|upkeep
|turn|3
|inactive|redoctober91 has 30 seconds left.
|inactive|LastHorzion has 30 seconds left.
|
|t:|1757648459
|move|p1a: Garchomp|Dragon Claw|p2a: Archaludon
|-damage|p2a: Archaludon|59/100
|move|p2b: Indeedee|Tera Blast|p1b: Incineroar
|-damage|p1b: Incineroar|72/100
|move|p2a: Archaludon|Flash Cannon|p1a: Garchomp
|-damage|p1a: Garchomp|0 fnt
|faint|p1a: Garchomp
|move|p1b: Incineroar|Parting Shot|p2a: Archaludon
|-unboost|p2a: Archaludon|atk|1
|-unboost|p2a: Archaludon|spa|1
|
|t:|1757648469
|switch|p1b: Ninetales|Ninetales-Alola, L50, F, shiny|100/100|[from] Parting Shot
|-weather|Snowscape|[from] ability: Snow Warning|[of] p1b: Ninetales
|
|-weather|Snowscape|[upkeep]
|upkeep
|
|t:|1757648475
|switch|p1a: Incineroar|Incineroar, L50, M|72/100
|-ability|p1a: Incineroar|Intimidate|boost
|-unboost|p2a: Archaludon|atk|1
|-unboost|p2b: Indeedee|atk|1
|turn|4
|inactive|redoctober91 has 30 seconds left.
|inactive|LastHorzion has 30 seconds left.
|
|t:|1757648504
|-terastallize|p1b: Ninetales|Ice
|move|p1b: Ninetales|Blizzard|p2b: Indeedee|[spread] p2a,p2b
|-damage|p2a: Archaludon|0 fnt
|-damage|p2b: Indeedee|0 fnt
|faint|p2a: Archaludon
|faint|p2b: Indeedee
|move|p1a: Incineroar|Flare Blitz|p2: Archaludon|[notarget]
|-fail|p1a: Incineroar
|
|-weather|Snowscape|[upkeep]
|upkeep
|
|t:|1757648509
|switch|p2b: Sneasler|Sneasler, L50, M, shiny|100/100
|-enditem|p2b: Sneasler|Psychic Seed
|-boost|p2b: Sneasler|spd|1|[from] item: Psychic Seed
|turn|5
|
|t:|1757648523
|move|p2b: Sneasler|Protect|p2b: Sneasler
|-singleturn|p2b: Sneasler|Protect
|move|p1b: Ninetales|Blizzard|p2b: Sneasler
|-activate|p2b: Sneasler|move: Protect
|move|p1a: Incineroar|Flare Blitz|p2b: Sneasler
|-activate|p2b: Sneasler|move: Protect
|
|-weather|Snowscape|[upkeep]
|upkeep
|turn|6
|
|t:|1757648535
|move|p2b: Sneasler|Dire Claw|p1b: Ninetales
|-damage|p1b: Ninetales|63/100
|move|p1b: Ninetales|Blizzard|p2b: Sneasler
|-damage|p2b: Sneasler|36/100
|move|p1a: Incineroar|Flare Blitz|p2b: Sneasler
|-damage|p2b: Sneasler|0 fnt
|faint|p2b: Sneasler
|-damage|p1a: Incineroar|63/100|[from] Recoil
|
|win|redoctober91
||LastHorzion is ready for game 2.
|inactive|redoctober91 has 30 seconds to confirm battle start!
||redoctober91 is ready for game 2.
|uhtml|next|Next: Game 2 of 3
