|j|☆thr33zz
|j|☆No.1 Bug Fan
|html|thr33zzNo.1 Bug Fan    
|uhtml|bestof|Game 1 of a best-of-3
|t:|1785374376
|gametype|doubles
|player|p1|thr33zz|shadowtriad|1034
|player|p2|No.1 Bug Fan|burgh-masters|1072
|gen|9
|tier|[Gen 9 Champions] VGC 2026 Reg M-B (Bo3)
|rated|
|rule|Species Clause: Limit one of each Pokémon
|rule|Item Clause: Limit 1 of each item
|clearpoke
|poke|p1|Torkoal, L50, F|
|poke|p1|Farigiraf, L50, F|
|poke|p1|Kangaskhan, L50, F|
|poke|p1|Venusaur, L50, M|
|poke|p1|Lycanroc-Dusk, L50, M|
|poke|p1|Mawile, L50, F|
|poke|p2|Froslass, L50, F|
|poke|p2|Scovillain, L50, F, shiny|
|poke|p2|Basculegion, L50, M|
|poke|p2|Kingambit, L50, M, shiny|
|poke|p2|Sneasler, L50, F, shiny|
|poke|p2|Lycanroc-Dusk, L50, F, shiny|
|teampreview|4
|showteam|p1|Torkoal||Charcoal|Drought|Eruption,Overheat,Protect,EarthPower|Quiet||F|||50|]Farigiraf||SitrusBerry|ArmorTail|Psychic,HelpingHand,Protect,TrickRoom|Bold||F|||50|]Kangaskhan||SilkScarf|Scrappy|FakeOut,LastResort|Brave||F|||50|]Venusaur||Venusaurite|Chlorophyll|SludgeBomb,GigaDrain,Protect,EarthPower|Modest||M|||50|]Lycanroc-Dusk||FocusSash|ToughClaws|RockSlide,Accelerock,CloseCombat,Protect|Adamant||M|||50|]Mawile||Mawilite|Intimidate|SuckerPunch,Protect,PlayRough,IronHead|Adamant||F|||50|
|showteam|p2|Froslass||Froslassite|CursedBody|Blizzard,ShadowBall,AuroraVeil,Protect|Modest||F|||50|]Scovillain||Scovillainite|Moody|GigaDrain,Overheat,RagePowder,Protect|Bold||F|||50|]Basculegion||SitrusBerry|Adaptability|WaveCrash,LastRespects,AquaJet,Protect|Adamant||M|||50|]Kingambit||LifeOrb|Defiant|KowtowCleave,SuckerPunch,SwordsDance,Protect|Adamant||M|||50|]Sneasler||WhiteHerb|Unburden|CloseCombat,GunkShot,Protect,FakeOut|Adamant||F|||50|]Lycanroc-Dusk||FocusSash|ToughClaws|CloseCombat,Accelerock,RockSlide,Protect|Adamant||F|||50|
|inactive|Battle timer is ON: inactive players will automatically lose when time's up. (requested by No.1 Bug Fan)
|
|t:|1785374404
|teamsize|p1|4
|teamsize|p2|4
|start
|switch|p1a: Farigiraf|Farigiraf, L50, F|100/100
|switch|p1b: Kangaskhan|Kangaskhan, L50, F|100/100
|switch|p2a: milk|Scovillain, L50, F, shiny|100/100
|switch|p2b: Paul|Kingambit, L50, M, shiny|100/100
|turn|1
|
|t:|1785374425
|detailschange|p2a: milk|Scovillain-Mega, L50, F, shiny
|-mega|p2a: milk|Scovillain|Scovillainite
|move|p1b: Kangaskhan|Fake Out|p2b: Paul
|-resisted|p2b: Paul|1
|-damage|p2b: Paul|92/100
|move|p2a: milk|Giga Drain|p1b: Kangaskhan
|-damage|p1b: Kangaskhan|64/100
|cant|p2b: Paul|flinch
|move|p1a: Farigiraf|Trick Room|p1a: Farigiraf
|-fieldstart|move: Trick Room|[of] p1a: Farigiraf
|
|upkeep
|turn|2
|
|t:|1785374444
|move|p1a: Farigiraf|Protect|p1a: Farigiraf
|-singleturn|p1a: Farigiraf|Protect
|move|p2a: milk|Rage Powder|p2a: milk
|-singleturn|p2a: milk|move: Rage Powder
|move|p2b: Paul|Swords Dance|p2b: Paul
|-boost|p2b: Paul|atk|2
|move|p1b: Kangaskhan|Last Resort|p2a: milk
|-damage|p2a: milk|26/100
|-status|p1b: Kangaskhan|brn|[from] ability: Spicy Spray|[of] p2a: milk
|
|-damage|p1b: Kangaskhan|58/100 brn|[from] brn
|upkeep
|turn|3
|
|t:|1785374463
|switch|p1b: Torkoal|Torkoal, L50, F|100/100
|-weather|SunnyDay|[from] ability: Drought|[of] p1b: Torkoal
|move|p2b: Paul|Kowtow Cleave|p1a: Farigiraf
|-supereffective|p1a: Farigiraf|1
|-damage|p1a: Farigiraf|0 fnt
|faint|p1a: Farigiraf
|-damage|p2b: Paul|82/100|[from] item: Life Orb
|move|p2a: milk|Overheat|p1b: Torkoal
|-resisted|p1b: Torkoal|1
|-damage|p1b: Torkoal|44/100
|-unboost|p2a: milk|spa|2
|
|-weather|SunnyDay|[upkeep]
|upkeep
|
|t:|1785374477
|switch|p1a: Mawile|Mawile, L50, F|100/100
|-ability|p1a: Mawile|Intimidate|boost
|-unboost|p2a: milk|atk|1
|-unboost|p2b: Paul|atk|1
|-ability|p2b: Paul|Defiant|boost
|-boost|p2b: Paul|atk|2
|turn|4
|
|t:|1785374501
|detailschange|p1a: Mawile|Mawile-Mega, L50, F
|-mega|p1a: Mawile|Mawile|Mawilite
|move|p2b: Paul|Protect|p2b: Paul
|-singleturn|p2b: Paul|Protect
|move|p2a: milk|Protect|p2a: milk
|-singleturn|p2a: milk|Protect
|move|p1b: Torkoal|Eruption|p2a: milk|[spread] 
|-activate|p2a: milk|move: Protect
|-activate|p2b: Paul|move: Protect
|move|p1a: Mawile|Play Rough|p2b: Paul
|-activate|p2b: Paul|move: Protect
|
|-weather|SunnyDay|[upkeep]
|upkeep
|turn|5
|
|t:|1785374512
|switch|p2a: fih is calling|Basculegion, L50, M|100/100
|move|p2b: Paul|Sucker Punch|p1b: Torkoal
|-damage|p1b: Torkoal|0 fnt
|faint|p1b: Torkoal
|-damage|p2b: Paul|72/100|[from] item: Life Orb
|move|p1a: Mawile|Play Rough|p2b: Paul
|-damage|p2b: Paul|1/100
|
|-weather|SunnyDay|[upkeep]
|-fieldend|move: Trick Room
|upkeep
|-message|thr33zz forfeited.
|
|win|No.1 Bug Fan
