|j|☆semiau
|j|☆akakafalls
|html|semiauakakafalls    
|uhtml|bestof|Game 2 of a best-of-3
|t:|1784809278
|gametype|doubles
|player|p1|semiau|1|1108
|player|p2|akakafalls|101|1154
|gen|9
|tier|[Gen 9 Champions] VGC 2026 Reg M-B (Bo3)
|rated|
|rule|Species Clause: Limit one of each Pokémon
|rule|Item Clause: Limit 1 of each item
|clearpoke
|poke|p1|Milotic, L50, M|
|poke|p1|Toxapex, L50, M|
|poke|p1|Incineroar, L50, F|
|poke|p1|Garchomp, L50, F|
|poke|p1|Sceptile, L50, M|
|poke|p1|Gholdengo, L50|
|poke|p2|Venusaur, L50, M|
|poke|p2|Charizard, L50, F|
|poke|p2|Incineroar, L50, F|
|poke|p2|Garchomp, L50, M|
|poke|p2|Annihilape, L50, F|
|poke|p2|Toxapex, L50, M|
|teampreview|4
|showteam|p1|Milotic||MysticWater|Competitive|MuddyWater,Coil,Protect,Hypnosis|Bold||M|||50|]Toxapex||Leftovers|Regenerator|Toxic,BanefulBunker,Haze,Infestation|Careful||M|||50|]Incineroar||BlackGlasses|Intimidate|PartingShot,ThroatChop,FakeOut,FlareBlitz|Serious||F|||50|]Garchomp||Garchompite|RoughSkin|Earthquake,BreakingSwipe,Protect,StoneEdge|Jolly||F|||50|]Sceptile||Sceptilite|Unburden|LeafStorm,EarthPower,DragonPulse,Protect|Modest||M|||50|]Gholdengo||ChoiceScarf|GoodasGold|MakeItRain,Thunderbolt,ShadowBall,PowerGem|Modest|||||50|
|showteam|p2|Venusaur||LifeOrb|Chlorophyll|Protect,SolarBeam,EarthPower,SludgeBomb|Modest||M|||50|]Charizard||CharizarditeY|Blaze|Protect,HeatWave,WeatherBall,HelpingHand|Modest||F|||50|]Incineroar||SitrusBerry|Intimidate|FakeOut,PartingShot,FlareBlitz,ThroatChop|Impish||F|||50|]Garchomp||ChoiceScarf|RoughSkin|DragonClaw,Earthquake,RockSlide,StompingTantrum|Adamant||M|||50|]Annihilape||FocusSash|Defiant|Protect,PhantomForce,CloseCombat,RockTomb|Jolly||F|||50|]Toxapex||Leftovers|Regenerator|BanefulBunker,WideGuard,Toxic,Infestation|Bold||M|||50|
|inactive|Battle timer is ON: inactive players will automatically lose when time's up. (requested by akakafalls)
|inactive|akakafalls has 60 seconds left.
|
|t:|1784809340
|teamsize|p1|4
|teamsize|p2|4
|start
|switch|p1a: Sceptile|Sceptile, L50, M|100/100
|switch|p1b: Gholdengo|Gholdengo, L50|100/100
|switch|p2a: Charizard|Charizard, L50, F|100/100
|switch|p2b: Venusaur|Venusaur, L50, M|100/100
|turn|1
|
|t:|1784809361
|detailschange|p1a: Sceptile|Sceptile-Mega, L50, M
|-mega|p1a: Sceptile|Sceptile|Sceptilite
|detailschange|p2a: Charizard|Charizard-Mega-Y, L50, F
|-mega|p2a: Charizard|Charizard|Charizardite Y
|-weather|SunnyDay|[from] ability: Drought|[of] p2a: Charizard
|move|p2b: Venusaur|Earth Power|p1b: Gholdengo
|-supereffective|p1b: Gholdengo|1
|-damage|p1b: Gholdengo|3/100
|-damage|p2b: Venusaur|90/100|[from] item: Life Orb
|move|p1b: Gholdengo|Power Gem|p2a: Charizard
|-supereffective|p2a: Charizard|2
|-crit|p2a: Charizard
|-damage|p2a: Charizard|0 fnt
|faint|p2a: Charizard
|move|p1a: Sceptile|Dragon Pulse|p2b: Venusaur
|-damage|p2b: Venusaur|35/100
|
|-weather|SunnyDay|[upkeep]
|upkeep
|
|t:|1784809376
|switch|p2a: Garchomp|Garchomp, L50, M|100/100
|turn|2
|
|t:|1784809387
|switch|p1b: Incineroar|Incineroar, L50, F|100/100
|-ability|p1b: Incineroar|Intimidate|boost
|-unboost|p2a: Garchomp|atk|1
|-unboost|p2b: Venusaur|atk|1
|move|p2b: Venusaur|Earth Power|p1b: Incineroar
|-supereffective|p1b: Incineroar|1
|-damage|p1b: Incineroar|34/100
|-damage|p2b: Venusaur|25/100|[from] item: Life Orb
|move|p2a: Garchomp|Dragon Claw|p1a: Sceptile
|-supereffective|p1a: Sceptile|1
|-damage|p1a: Sceptile|21/100
|move|p1a: Sceptile|Dragon Pulse|p2b: Venusaur
|-damage|p2b: Venusaur|0 fnt
|faint|p2b: Venusaur
|
|-weather|SunnyDay|[upkeep]
|upkeep
|
|t:|1784809398
|switch|p2b: Incineroar|Incineroar, L50, F|100/100
|-ability|p2b: Incineroar|Intimidate|boost
|-unboost|p1a: Sceptile|atk|1
|-unboost|p1b: Incineroar|atk|1
|turn|3
|inactive|semiau has 30 seconds left.
|inactive|semiau has 20 seconds left.
|inactive|semiau has 15 seconds left.
|
|t:|1784809438
|move|p2b: Incineroar|Fake Out|p1b: Incineroar
|-damage|p1b: Incineroar|22/100
|cant|p1b: Incineroar|flinch
|move|p2a: Garchomp|Dragon Claw|p1a: Sceptile
|-supereffective|p1a: Sceptile|1
|-damage|p1a: Sceptile|0 fnt
|faint|p1a: Sceptile
|
|-weather|SunnyDay|[upkeep]
|upkeep
|inactive|semiau has 30 seconds left.
|inactive|semiau has 20 seconds left.
|inactive|semiau has 15 seconds left.
|
|t:|1784809482
|switch|p1a: Gholdengo|Gholdengo, L50|3/100
|turn|4
|
|t:|1784809495
|move|p2a: Garchomp|Dragon Claw|p1a: Gholdengo
|-resisted|p1a: Gholdengo|1
|-crit|p1a: Gholdengo
|-damage|p1a: Gholdengo|0 fnt
|faint|p1a: Gholdengo
|move|p2b: Incineroar|Flare Blitz|p1b: Incineroar
|-resisted|p1b: Incineroar|1
|-damage|p1b: Incineroar|0 fnt
|faint|p1b: Incineroar
|-damage|p2b: Incineroar|93/100|[from] Recoil
|
|-weather|SunnyDay|[upkeep]
|upkeep
|
|t:|1784809511
|switch|p1b: Toxapex|Toxapex, L50, M|100/100
|turn|5
|l|☆semiau
|inactive|semiau disconnected and has a minute to reconnect!
|player|p1|
|
|t:|1784809521
|move|p2a: Garchomp|Dragon Claw|p1b: Toxapex
|-damage|p1b: Toxapex|79/100
|move|p2b: Incineroar|Parting Shot|p1b: Toxapex
|-unboost|p1b: Toxapex|atk|1
|-unboost|p1b: Toxapex|spa|1
|move|p1b: Toxapex|Toxic|p2a: Garchomp
|-status|p2a: Garchomp|tox
|
|-weather|none
|-heal|p1b: Toxapex|85/100|[from] item: Leftovers
|-damage|p2a: Garchomp|93/100 tox|[from] psn
|upkeep
|turn|6
|inactive|semiau has 30 seconds left.
|inactive|semiau has 20 seconds left.
|inactive|semiau has 15 seconds left.
|inactive|semiau has 10 seconds left.
|inactive|semiau has 5 seconds left.
|-message|semiau lost due to inactivity.
|
|win|akakafalls
