|j|☆Snowheart94
|j|☆Silent Ech0
|html|Snowheart94Silent Ech0    
|uhtml|bestof|Game 1 of a best-of-3
|t:|1785374564
|gametype|doubles
|player|p1|Snowheart94|dawn|1000
|player|p2|Silent Ech0|169|1000
|gen|9
|tier|[Gen 9 Champions] VGC 2026 Reg M-B (Bo3)
|rated|
|rule|Species Clause: Limit one of each Pokémon
|rule|Item Clause: Limit 1 of each item
|clearpoke
|poke|p1|Delphox, L50, F|
|poke|p1|Glimmora, L50, F|
|poke|p1|Garchomp, L50, F|
|poke|p1|Staraptor, L50, F|
|poke|p1|Whimsicott, L50, M|
|poke|p1|Kingambit, L50, M|
|poke|p2|Tyranitar, L50, F|
|poke|p2|Garchomp, L50, M|
|poke|p2|Grimmsnarl, L50, M|
|poke|p2|Corviknight, L50, M|
|poke|p2|Palafin, L50, F|
|poke|p2|Basculegion, L50, M|
|teampreview|4
|showteam|p1|Delphox||Delphoxite|Blaze|Protect,Substitute,HeatWave,Psychic|Modest||F|||50|]Glimmora||FocusSash|ToxicDebris|SpikyShield,PowerGem,SludgeBomb,EarthPower|Timid||F|||50|]Garchomp||LifeOrb|RoughSkin|Earthquake,RockSlide,DragonClaw,Protect|Jolly||F|||50|]Staraptor||Staraptite|Intimidate|Protect,BraveBird,Roost,CloseCombat|Jolly||F|||50|]Whimsicott||OccaBerry|Prankster|Moonblast,Tailwind,LightScreen,Charm|Timid||M|||50|]Kingambit||ChopleBerry|Defiant|SuckerPunch,KowtowCleave,IronHead,LowKick|Adamant||M|||50|
|showteam|p2|Tyranitar||ChoiceScarf|SandStream|RockSlide,IcePunch,Superpower,KnockOff|Jolly||F|||50|]Garchomp||Garchompite|RoughSkin|EarthPower,PowerGem,DracoMeteor,Protect|Modest||M|||50|]Grimmsnarl||LightClay|Prankster|PartingShot,LightScreen,Reflect,SpiritBreak|Careful||M|||50|]Corviknight||Leftovers|MirrorArmor|IronHead,BraveBird,Tailwind,Protect|Impish||M|||50|]Palafin||MysticWater|ZerotoHero|Protect,BulkUp,JetPunch,DrainPunch|Adamant||F|||50|]Basculegion||SitrusBerry|Adaptability|LastRespects,WaveCrash,Protect,AquaJet|Jolly||M|||50|
|j| Arise_69!
|
|t:|1785374626
|teamsize|p1|4
|teamsize|p2|4
|start
|switch|p1a: Staraptor|Staraptor, L50, F|100/100
|switch|p1b: Whimsicott|Whimsicott, L50, M|100/100
|switch|p2a: Corviknight|Corviknight, L50, M|100/100
|switch|p2b: Palafin|Palafin, L50, F|100/100
|-ability|p1a: Staraptor|Intimidate|boost
|-ability|p2a: Corviknight|Mirror Armor
|-unboost|p1a: Staraptor|atk|1
|-unboost|p2b: Palafin|atk|1
|turn|1
|
|t:|1785374655
|detailschange|p2b: Palafin|Palafin-Hero, L50, F
|switch|p2b: Basculegion|Basculegion, L50, M|100/100
|detailschange|p1a: Staraptor|Staraptor-Mega, L50, F
|-mega|p1a: Staraptor|Staraptor|Staraptite
|move|p1b: Whimsicott|Charm|p1a: Staraptor
|-boost|p1a: Staraptor|atk|2
|move|p1a: Staraptor|Close Combat|p2a: Corviknight
|-damage|p2a: Corviknight|43/100
|-boost|p1a: Staraptor|def|1
|-boost|p1a: Staraptor|spd|1
|move|p2a: Corviknight|Brave Bird|p1a: Staraptor
|-supereffective|p1a: Staraptor|1
|-damage|p1a: Staraptor|50/100y
|-damage|p2a: Corviknight|28/100|[from] Recoil
|
|-heal|p2a: Corviknight|34/100|[from] item: Leftovers
|upkeep
|turn|2
|
|t:|1785374709
|move|p2a: Corviknight|Protect|p2a: Corviknight
|-singleturn|p2a: Corviknight|Protect
|move|p1b: Whimsicott|Charm|p2b: Basculegion
|-unboost|p2b: Basculegion|atk|2
|move|p2b: Basculegion|Aqua Jet|p1a: Staraptor
|-damage|p1a: Staraptor|42/100
|move|p1a: Staraptor|Close Combat|p2a: Corviknight
|-activate|p2a: Corviknight|move: Protect
|
|-heal|p2a: Corviknight|40/100|[from] item: Leftovers
|upkeep
|turn|3
|
|t:|1785374742
|switch|p2b: Grimmsnarl|Grimmsnarl, L50, M|100/100
|move|p1b: Whimsicott|Charm|p1a: Staraptor
|-boost|p1a: Staraptor|atk|2
|move|p1a: Staraptor|Close Combat|p2a: Corviknight
|-damage|p2a: Corviknight|0 fnt
|-boost|p1a: Staraptor|def|1
|-boost|p1a: Staraptor|spd|1
|faint|p2a: Corviknight
|
|upkeep
|
|t:|1785374774
|switch|p2a: Basculegion|Basculegion, L50, M|100/100
|turn|4
|
|t:|1785374790
|move|p1b: Whimsicott|Charm|p2a: Basculegion
|-unboost|p2a: Basculegion|atk|2
|move|p1a: Staraptor|Roost|p1a: Staraptor
|-heal|p1a: Staraptor|92/100
|-singleturn|p1a: Staraptor|move: Roost
|move|p2a: Basculegion|Last Respects|p1a: Staraptor
|-damage|p1a: Staraptor|78/100
|move|p2b: Grimmsnarl|Spirit Break|p1a: Staraptor
|-supereffective|p1a: Staraptor|1
|-damage|p1a: Staraptor|46/100
|-boost|p1a: Staraptor|spa|1
|
|upkeep
|turn|5
|
|t:|1785374820
|move|p1b: Whimsicott|Charm|p2a: Basculegion
|-unboost|p2a: Basculegion|atk|2
|move|p2b: Grimmsnarl|Reflect|p2b: Grimmsnarl
|-sidestart|p2: Silent Ech0|Reflect
|move|p1a: Staraptor|Close Combat|p2b: Grimmsnarl
|-damage|p2b: Grimmsnarl|0 fnt
|-boost|p1a: Staraptor|def|1
|-boost|p1a: Staraptor|spd|1
|faint|p2b: Grimmsnarl
|move|p2a: Basculegion|Last Respects|p1a: Staraptor
|-damage|p1a: Staraptor|35/100
|
|upkeep
|-message|Silent Ech0 forfeited.
|
|win|Snowheart94
|l|☆Silent Ech0
|player|p2|
||Snowheart94 is ready for game 2.
|inactive|Silent Ech0 has 30 seconds to confirm battle start!
|inactive|Silent Ech0 has 20 seconds to confirm battle start!
