|j|☆lucrativelom
|j|☆Declan777
|html|lucrativelomDeclan777    
|uhtml|bestof|Game 2 of a best-of-3
|t:|1784051474
|gametype|doubles
|player|p1|lucrativelom|101|1112
|player|p2|Declan777|unknown|1013
|gen|9
|tier|[Gen 9 Champions] VGC 2026 Reg M-B (Bo3)
|rated|
|rule|Species Clause: Limit one of each Pokémon
|rule|Item Clause: Limit 1 of each item
|clearpoke
|poke|p1|Sinistcha, L50|
|poke|p1|Aerodactyl, L50, F, shiny|
|poke|p1|Venusaur, L50, F|
|poke|p1|Incineroar, L50, M|
|poke|p1|Empoleon, L50, M, shiny|
|poke|p1|Garchomp, L50, M|
|poke|p2|Ampharos, L50, M|
|poke|p2|Sinistcha, L50|
|poke|p2|Metagross, L50, shiny|
|poke|p2|Toxapex, L50, M|
|poke|p2|Ceruledge, L50, F|
|poke|p2|Tauros-Paldea-Aqua, L50, M|
|teampreview|4
|showteam|p1|Sinistcha||KasibBerry|Hospitality|MatchaGotcha,RagePowder,LifeDew,TrickRoom|Sassy|||||50|]Aerodactyl||FocusSash|Unnerve|RockSlide,DualWingbeat,Tailwind,Protect|Jolly||F|||50|]Venusaur||Venusaurite|Chlorophyll|GigaDrain,EarthPower,SludgeBomb,Protect|Modest||F|||50|]Incineroar||SitrusBerry|Intimidate|FakeOut,DarkestLariat,FireBlast,PartingShot|Calm||M|||50|]Empoleon||Leftovers|Competitive|FlashCannon,HydroPump,IceBeam,Protect|Modest||M|||50|]Garchomp||LifeOrb|RoughSkin|DragonClaw,Earthquake,RockSlide,Protect|Jolly||M|||50|
|showteam|p2|Ampharos||Ampharosite|Static|CottonGuard,Thunderbolt,DragonPulse,Protect|Modest||M|||50|]Sinistcha||SitrusBerry|Hospitality|TrickRoom,MatchaGotcha,LifeDew,Protect|Bold|||||50|]Metagross||Metagrossite|ClearBody|IronHead,BulletPunch,PsychicFangs,Protect|Jolly|||||50|]Toxapex||Leftovers|Regenerator|Toxic,BanefulBunker,Infestation,WideGuard|Sassy||M|||50|]Ceruledge||ColburBerry|FlashFire|BitterBlade,BulkUp,ShadowSneak,Protect|Jolly||F|||50|]Tauros-Paldea-Aqua||LifeOrb|Intimidate|AquaJet,CloseCombat,WaveCrash,Protect|Jolly||M|||50|
|inactive|Battle timer is ON: inactive players will automatically lose when time's up. (requested by lucrativelom)
|
|t:|1784051528
|teamsize|p1|4
|teamsize|p2|4
|start
|switch|p1a: Venusaur|Venusaur, L50, F|100/100
|switch|p1b: Garchomp|Garchomp, L50, M|100/100
|switch|p2a: Metagross|Metagross, L50, shiny|100/100
|switch|p2b: Tauros|Tauros-Paldea-Aqua, L50, M|100/100
|-ability|p2b: Tauros|Intimidate|boost
|-unboost|p1a: Venusaur|atk|1
|-unboost|p1b: Garchomp|atk|1
|turn|1
|inactive|lucrativelom has 30 seconds left.
|inactive|Declan777 has 30 seconds left.
|
|t:|1784051559
|detailschange|p2a: Metagross|Metagross-Mega, L50, shiny
|-mega|p2a: Metagross|Metagross|Metagrossite
|detailschange|p1a: Venusaur|Venusaur-Mega, L50, F
|-mega|p1a: Venusaur|Venusaur|Venusaurite
|move|p1b: Garchomp|Protect|p1b: Garchomp
|-singleturn|p1b: Garchomp|Protect
|move|p2a: Metagross|Psychic Fangs|p1a: Venusaur
|-supereffective|p1a: Venusaur|1
|-damage|p1a: Venusaur|0 fnt
|faint|p1a: Venusaur
|move|p2b: Tauros|Close Combat|p1b: Garchomp
|-activate|p1b: Garchomp|move: Protect
|
|upkeep
|
|t:|1784051570
|switch|p1a: Incineroar|Incineroar, L50, M|100/100
|-ability|p1a: Incineroar|Intimidate|boost
|-unboost|p2a: Metagross|atk|1
|-unboost|p2b: Tauros|atk|1
|turn|2
|inactive|Declan777 has 30 seconds left.
|inactive|Declan777 has 20 seconds left.
|inactive|Declan777 has 15 seconds left.
|inactive|Declan777 has 10 seconds left.
|inactive|Declan777 has 5 seconds left.
|
|t:|1784051622
|switch|p2a: Toxapex|Toxapex, L50, M|100/100
|switch|p1b: Empoleon|Empoleon, L50, M, shiny|100/100
|move|p2b: Tauros|Close Combat|p1a: Incineroar
|-supereffective|p1a: Incineroar|1
|-damage|p1a: Incineroar|13/100
|-unboost|p2b: Tauros|def|1
|-unboost|p2b: Tauros|spd|1
|-enditem|p1a: Incineroar|Sitrus Berry|[eat]
|-heal|p1a: Incineroar|38/100|[from] item: Sitrus Berry
|-damage|p2b: Tauros|90/100|[from] item: Life Orb
|move|p1a: Incineroar|Darkest Lariat|p2a: Toxapex
|-damage|p2a: Toxapex|78/100
|
|-heal|p2a: Toxapex|84/100|[from] item: Leftovers
|upkeep
|turn|3
|inactive|lucrativelom has 30 seconds left.
|inactive|Declan777 has 30 seconds left.
|
|t:|1784051656
|switch|p1a: Garchomp|Garchomp, L50, M|100/100
|move|p2b: Tauros|Close Combat|p1b: Empoleon
|-supereffective|p1b: Empoleon|1
|-damage|p1b: Empoleon|4/100
|-unboost|p2b: Tauros|def|1
|-unboost|p2b: Tauros|spd|1
|-damage|p2b: Tauros|80/100|[from] item: Life Orb
|move|p1b: Empoleon|Flash Cannon|p2b: Tauros
|-resisted|p2b: Tauros|1
|-damage|p2b: Tauros|22/100
|move|p2a: Toxapex|Toxic|p1a: Garchomp
|-status|p1a: Garchomp|tox
|
|-heal|p1b: Empoleon|10/100|[from] item: Leftovers
|-heal|p2a: Toxapex|90/100|[from] item: Leftovers
|-damage|p1a: Garchomp|94/100 tox|[from] psn
|upkeep
|turn|4
|inactive|lucrativelom has 30 seconds left.
|inactive|lucrativelom has 20 seconds left.
|inactive|Declan777 has 30 seconds left.
|inactive|lucrativelom has 15 seconds left.
|
|t:|1784051701
|move|p2b: Tauros|Protect|p2b: Tauros
|-singleturn|p2b: Tauros|Protect
|move|p1b: Empoleon|Protect|p1b: Empoleon
|-singleturn|p1b: Empoleon|Protect
|move|p1a: Garchomp|Earthquake|p2a: Toxapex|[spread] p2a
|-activate|p1b: Empoleon|move: Protect
|-activate|p2b: Tauros|move: Protect
|-supereffective|p2a: Toxapex|1
|-damage|p2a: Toxapex|14/100
|-damage|p1a: Garchomp|84/100 tox|[from] item: Life Orb
|move|p2a: Toxapex|Infestation|p1b: Empoleon
|-activate|p1b: Empoleon|move: Protect
|
|-heal|p1b: Empoleon|16/100|[from] item: Leftovers
|-heal|p2a: Toxapex|19/100|[from] item: Leftovers
|-damage|p1a: Garchomp|72/100 tox|[from] psn
|upkeep
|turn|5
|
|t:|1784051719
|switch|p1b: Incineroar|Incineroar, L50, M|38/100
|-ability|p1b: Incineroar|Intimidate|boost
|-unboost|p2a: Toxapex|atk|1
|-unboost|p2b: Tauros|atk|1
|-heal|p2a: Toxapex|52/100|[from] ability: Regenerator|[silent]
|switch|p2a: Sinistcha|Sinistcha, L50|100/100
|-heal|p2b: Tauros|47/100|[from] ability: Hospitality|[of] p2a: Sinistcha
|move|p2b: Tauros|Aqua Jet|p1b: Incineroar
|-supereffective|p1b: Incineroar|1
|-damage|p1b: Incineroar|15/100
|-damage|p2b: Tauros|37/100|[from] item: Life Orb
|move|p1a: Garchomp|Earthquake|p2b: Tauros|[spread] p1b,p2a,p2b
|-supereffective|p1b: Incineroar|1
|-resisted|p2a: Sinistcha|1
|-damage|p1b: Incineroar|0 fnt
|-damage|p2a: Sinistcha|80/100
|-damage|p2b: Tauros|0 fnt
|faint|p1b: Incineroar
|faint|p2b: Tauros
|-damage|p1a: Garchomp|62/100 tox|[from] item: Life Orb
|
|-damage|p1a: Garchomp|44/100 tox|[from] psn
|upkeep
|inactive|lucrativelom has 30 seconds left.
|inactive|lucrativelom has 20 seconds left.
|inactive|lucrativelom has 15 seconds left.
|inactive|lucrativelom has 10 seconds left.
|
|t:|1784051764
|switch|p2b: Metagross|Metagross-Mega, L50, shiny|100/100
|switch|p1b: Empoleon|Empoleon, L50, M, shiny|16/100
|turn|6
|
|t:|1784051786
|move|p2b: Metagross|Psychic Fangs|p1a: Garchomp
|-damage|p1a: Garchomp|0 fnt
|-damage|p2b: Metagross|87/100|[from] ability: Rough Skin|[of] p1a: Garchomp
|faint|p1a: Garchomp
|move|p2a: Sinistcha|Matcha Gotcha|p1b: Empoleon
|-damage|p1b: Empoleon|0 fnt
|-heal|p2a: Sinistcha|89/100|[from] drain|[of] p1b: Empoleon
|faint|p1b: Empoleon
|
|win|Declan777
