|j|☆thedelybird
|j|☆Volanr
|html|thedelybirdVolanr    
|uhtml|bestof|Game 2 of a best-of-3
|t:|1756936482
|gametype|doubles
|player|p1|thedelybird|101|
|player|p2|Volanr|cynthia-masters3|
|gen|9
|tier|[Gen 9] VGC 2025 Reg H (Bo3)
|rule|Species Clause: Limit one of each Pokémon
|rule|Item Clause: Limit 1 of each item
|clearpoke
|poke|p1|Basculegion, L50, M|
|poke|p1|Pelipper, L50, M|
|poke|p1|Archaludon, L50, F|
|poke|p1|Gholdengo, L50|
|poke|p1|Amoonguss, L50, F|
|poke|p1|Incineroar, L50, F|
|poke|p2|Archaludon, L50, M|
|poke|p2|Gholdengo, L50|
|poke|p2|Sinistcha-Masterpiece, L50|
|poke|p2|Dragonite, L50, M|
|poke|p2|Pelipper, L50, M|
|poke|p2|Ursaluna, L50, F|
|teampreview|4
|showteam|p1|Basculegion||ChoiceBand|SwiftSwim|LastRespects,WaveCrash,AquaJet,FlipTurn|||M|||50|,,,,,Grass]Pelipper||FocusSash|Drizzle|Hurricane,WeatherBall,Protect,Tailwind|||M|||50|,,,,,Ghost]Archaludon||AssaultVest|Stamina|ElectroShot,BodyPress,DracoMeteor,FlashCannon|||F|||50|,,,,,Fairy]Gholdengo||MetalCoat|GoodasGold|MakeItRain,ShadowBall,NastyPlot,Protect||||||50|,,,,,Water]Amoonguss||SitrusBerry|Regenerator|Protect,Spore,RagePowder,PollenPuff|||F|||50|,,,,,Water]Incineroar||SafetyGoggles|Intimidate|FakeOut,FlareBlitz,KnockOff,PartingShot|||F|||50|,,,,,Ghost
|showteam|p2|Archaludon||AssaultVest|Stamina|BodyPress,Snarl,ElectroShot,FlashCannon|||M|||50|,,,,,Grass]Gholdengo||ChoiceScarf|GoodasGold|MakeItRain,ShadowBall,TeraBlast,Trick||||||50|,,,,,Water]Sinistcha-Masterpiece||SitrusBerry|Hospitality|MatchaGotcha,RagePowder,TrickRoom,LifeDew||||||50|,,,,,Dark]Dragonite||LoadedDice|Multiscale|ScaleShot,Protect,ExtremeSpeed,Haze|||M|||50|,,,,,Steel]Pelipper||FocusSash|Drizzle|WeatherBall,Hurricane,Tailwind,Protect|||M|||50|,,,,,Ground]Ursaluna||FlameOrb|Guts|Facade,HeadlongRush,Earthquake,Protect|||F|||50|,,,,,Ghost
|j| Arkhept
|l| Arkhept
|
|t:|1756936533
|teamsize|p1|4
|teamsize|p2|4
|start
|switch|p1a: Gholdengo|Gholdengo, L50|100/100
|switch|p1b: Amoonguss|Amoonguss, L50, F|100/100
|switch|p2a: Archaludon|Archaludon, L50, M|100/100
|switch|p2b: Dragonite|Dragonite, L50, M|100/100
|turn|1
|
|t:|1756936562
|move|p1a: Gholdengo|Nasty Plot|p1a: Gholdengo
|-boost|p1a: Gholdengo|spa|2
|move|p2b: Dragonite|Scale Shot|p1b: Amoonguss
|-crit|p1b: Amoonguss
|-damage|p1b: Amoonguss|78/100
|-damage|p1b: Amoonguss|64/100
|-damage|p1b: Amoonguss|49/100
|-enditem|p1b: Amoonguss|Sitrus Berry|[eat]
|-heal|p1b: Amoonguss|74/100|[from] item: Sitrus Berry
|-damage|p1b: Amoonguss|62/100
|-hitcount|p1b: Amoonguss|4
|-unboost|p2b: Dragonite|def|1
|-boost|p2b: Dragonite|spe|1
|move|p2a: Archaludon|Snarl|p1b: Amoonguss|[spread] p1b
|-miss|p2a: Archaludon|p1a: Gholdengo
|-damage|p1b: Amoonguss|52/100
|-unboost|p1b: Amoonguss|spa|1
|move|p1b: Amoonguss|Spore|p2a: Archaludon
|-status|p2a: Archaludon|slp|[from] move: Spore
|
|upkeep
|turn|2
|
|t:|1756936618
|move|p2b: Dragonite|Protect|p2b: Dragonite
|-singleturn|p2b: Dragonite|Protect
|move|p1a: Gholdengo|Nasty Plot|p1a: Gholdengo
|-boost|p1a: Gholdengo|spa|2
|cant|p2a: Archaludon|slp
|move|p1b: Amoonguss|Spore|p2b: Dragonite
|-activate|p2b: Dragonite|move: Protect
|
|upkeep
|turn|3
|
|t:|1756936628
|switch|p1b: Incineroar|Incineroar, L50, F|100/100
|-ability|p1b: Incineroar|Intimidate|boost
|-unboost|p2a: Archaludon|atk|1
|-unboost|p2b: Dragonite|atk|1
|move|p2b: Dragonite|Haze|p2b: Dragonite
|-clearallboost
|move|p1a: Gholdengo|Shadow Ball|p2a: Archaludon
|-damage|p2a: Archaludon|66/100 slp
|-ability|p2a: Archaludon|Stamina|boost
|-boost|p2a: Archaludon|def|1
|cant|p2a: Archaludon|slp
|
|upkeep
|turn|4
|
|t:|1756936696
|move|p1a: Gholdengo|Shadow Ball|p2a: Archaludon
|-damage|p2a: Archaludon|28/100 slp
|-ability|p2a: Archaludon|Stamina|boost
|-boost|p2a: Archaludon|def|1
|move|p2b: Dragonite|Scale Shot|p1b: Incineroar
|-damage|p1b: Incineroar|86/100
|-damage|p1b: Incineroar|72/100
|-damage|p1b: Incineroar|58/100
|-damage|p1b: Incineroar|43/100
|-hitcount|p1b: Incineroar|4
|-unboost|p2b: Dragonite|def|1
|-boost|p2b: Dragonite|spe|1
|-curestatus|p2a: Archaludon|slp|[msg]
|move|p2a: Archaludon|Snarl|p1b: Incineroar|[spread] p1a,p1b
|-supereffective|p1a: Gholdengo
|-resisted|p1b: Incineroar
|-damage|p1a: Gholdengo|73/100
|-damage|p1b: Incineroar|37/100
|-unboost|p1a: Gholdengo|spa|1
|-unboost|p1b: Incineroar|spa|1
|move|p1b: Incineroar|Knock Off|p2a: Archaludon
|-damage|p2a: Archaludon|14/100
|-ability|p2a: Archaludon|Stamina|boost
|-boost|p2a: Archaludon|def|1
|-enditem|p2a: Archaludon|Assault Vest|[from] move: Knock Off|[of] p1b: Incineroar
|
|upkeep
|turn|5
|
|t:|1756936721
|switch|p2b: Sinistcha|Sinistcha-Masterpiece, L50|100/100
|-heal|p2a: Archaludon|39/100|[from] ability: Hospitality|[of] p2b: Sinistcha
|switch|p1b: Amoonguss|Amoonguss, L50, F|85/100
|move|p1a: Gholdengo|Make It Rain|p2b: Sinistcha|[spread] p2a,p2b
|-resisted|p2a: Archaludon
|-damage|p2a: Archaludon|16/100
|-damage|p2b: Sinistcha|68/100
|-unboost|p1a: Gholdengo|spa|1
|-ability|p2a: Archaludon|Stamina|boost
|-boost|p2a: Archaludon|def|1
|move|p2a: Archaludon|Snarl|p1b: Amoonguss|[spread] p1a,p1b
|-supereffective|p1a: Gholdengo
|-crit|p1b: Amoonguss
|-damage|p1a: Gholdengo|45/100
|-damage|p1b: Amoonguss|71/100
|-unboost|p1a: Gholdengo|spa|1
|-unboost|p1b: Amoonguss|spa|1
|
|upkeep
|turn|6
|
|t:|1756936753
|switch|p1a: Incineroar|Incineroar, L50, F|37/100
|-ability|p1a: Incineroar|Intimidate|boost
|-unboost|p2a: Archaludon|atk|1
|-unboost|p2b: Sinistcha|atk|1
|move|p2a: Archaludon|Snarl|p1b: Amoonguss|[spread] p1a,p1b
|-resisted|p1a: Incineroar
|-damage|p1a: Incineroar|31/100
|-damage|p1b: Amoonguss|62/100
|-unboost|p1a: Incineroar|spa|1
|-unboost|p1b: Amoonguss|spa|1
|move|p1b: Amoonguss|Spore|p2a: Archaludon
|-status|p2a: Archaludon|slp|[from] move: Spore
|move|p2b: Sinistcha|Trick Room|p2b: Sinistcha
|-fieldstart|move: Trick Room|[of] p2b: Sinistcha
|
|upkeep
|turn|7
|
|t:|1756936808
|move|p1b: Amoonguss|Pollen Puff|p1a: Incineroar
|-heal|p1a: Incineroar|81/100
|move|p1a: Incineroar|Knock Off|p2b: Sinistcha
|-supereffective|p2b: Sinistcha
|-damage|p2b: Sinistcha|0 fnt
|-enditem|p2b: Sinistcha|Sitrus Berry|[from] move: Knock Off|[of] p1a: Incineroar
|faint|p2b: Sinistcha
|cant|p2a: Archaludon|slp
|
|upkeep
|
|t:|1756936818
|switch|p2b: Ursaluna|Ursaluna, L50, F|100/100
|turn|8
|
|t:|1756936841
|switch|p1b: Archaludon|Archaludon, L50, F|100/100
|move|p2b: Ursaluna|Protect|p2b: Ursaluna
|-singleturn|p2b: Ursaluna|Protect
|move|p1a: Incineroar|Flare Blitz|p2a: Archaludon
|-damage|p2a: Archaludon|4/100 slp
|-ability|p2a: Archaludon|Stamina|boost
|-boost|p2a: Archaludon|def|1
|-damage|p1a: Incineroar|77/100|[from] Recoil
|cant|p2a: Archaludon|slp
|
|-status|p2b: Ursaluna|brn|[from] item: Flame Orb
|upkeep
|turn|9
|
|t:|1756936882
|switch|p2a: Dragonite|Dragonite, L50, M|100/100
|-terastallize|p1a: Incineroar|Ghost
|move|p1a: Incineroar|Knock Off|p2a: Dragonite
|-damage|p2a: Dragonite|74/100
|-enditem|p2a: Dragonite|Loaded Dice|[from] move: Knock Off|[of] p1a: Incineroar
|move|p2b: Ursaluna|Earthquake|p1a: Incineroar|[spread] p1a,p1b
|-immune|p2a: Dragonite
|-supereffective|p1b: Archaludon
|-damage|p1a: Incineroar|14/100
|-damage|p1b: Archaludon|9/100
|-ability|p1b: Archaludon|Stamina|boost
|-boost|p1b: Archaludon|def|1
|move|p1b: Archaludon|Body Press|p2b: Ursaluna
|-supereffective|p2b: Ursaluna
|-damage|p2b: Ursaluna|41/100 brn
|
|-damage|p2b: Ursaluna|35/100 brn|[from] brn
|upkeep
|turn|10
|
|t:|1756936942
|switch|p1a: Amoonguss|Amoonguss, L50, F|95/100
|move|p2b: Ursaluna|Protect|p2b: Ursaluna
|-singleturn|p2b: Ursaluna|Protect
|move|p1b: Archaludon|Body Press|p2b: Ursaluna
|-activate|p2b: Ursaluna|move: Protect
|move|p2a: Dragonite|Scale Shot|p1b: Archaludon|[miss]
|-miss|p2a: Dragonite|p1b: Archaludon
|
|-damage|p2b: Ursaluna|30/100 brn|[from] brn
|-fieldend|move: Trick Room
|upkeep
|turn|11
|
|t:|1756936959
|switch|p1b: Incineroar|Incineroar, L50, F, tera:Ghost|14/100
|-ability|p1b: Incineroar|Intimidate|boost
|-unboost|p2a: Dragonite|atk|1
|-unboost|p2b: Ursaluna|atk|1
|move|p2a: Dragonite|Scale Shot|p1a: Amoonguss
|-damage|p1a: Amoonguss|85/100
|-damage|p1a: Amoonguss|76/100
|-damage|p1a: Amoonguss|67/100
|-hitcount|p1a: Amoonguss|3
|-unboost|p2a: Dragonite|def|1
|-boost|p2a: Dragonite|spe|1
|move|p2b: Ursaluna|Facade|p1a: Amoonguss
|-damage|p1a: Amoonguss|0 fnt
|faint|p1a: Amoonguss
|
|-damage|p2b: Ursaluna|24/100 brn|[from] brn
|upkeep
|
|t:|1756936971
|switch|p1a: Gholdengo|Gholdengo, L50|45/100
|turn|12
|
|t:|1756937009
|move|p1b: Incineroar|Fake Out|p2a: Dragonite
|-damage|p2a: Dragonite|53/100
|cant|p2a: Dragonite|flinch
|move|p1a: Gholdengo|Make It Rain|p2b: Ursaluna|[spread] p2a,p2b
|-crit|p2b: Ursaluna
|-damage|p2a: Dragonite|0 fnt
|-damage|p2b: Ursaluna|0 fnt
|-unboost|p1a: Gholdengo|spa|1
|faint|p2a: Dragonite
|faint|p2b: Ursaluna
|
|upkeep
|-message|Volanr forfeited.
|
|win|thedelybird
||Volanr is ready for game 3.
||thedelybird is ready for game 3.
|uhtml|next|Next: Game 3 of 3
