|j|☆testdigi
|j|☆NyulaDraws
|html|testdigiNyulaDraws    
|uhtml|bestof|Game 2 of a best-of-3
|t:|1784294220
|gametype|doubles
|player|p1|testdigi|1|1075
|player|p2|NyulaDraws|backpacker|1138
|gen|9
|tier|[Gen 9 Champions] VGC 2026 Reg M-B (Bo3)
|rated|
|rule|Species Clause: Limit one of each Pokémon
|rule|Item Clause: Limit 1 of each item
|clearpoke
|poke|p1|Sneasler, L50, M|
|poke|p1|Delphox, L50, M, shiny|
|poke|p1|Kingambit, L50, F, shiny|
|poke|p1|Sinistcha, L50|
|poke|p1|Incineroar, L50, M|
|poke|p1|Blastoise, L50, M|
|poke|p2|Tyranitar, L50, F|
|poke|p2|Excadrill, L50, M, shiny|
|poke|p2|Milotic, L50, F|
|poke|p2|Sinistcha, L50|
|poke|p2|Staraptor, L50, M, shiny|
|poke|p2|Gholdengo, L50|
|teampreview|4
|showteam|p1|Sneasler||FocusSash|PoisonTouch|PoisonJab,QuickGuard,CloseCombat,FakeOut|Jolly||M|||50|]Delphox||Delphoxite|Blaze|HeatWave,Psychic,NastyPlot,Protect|Timid||M|||50|]Kingambit||LifeOrb|Defiant|KowtowCleave,SuckerPunch,SwordsDance,Protect|Adamant||F|||50|]Sinistcha||ColburBerry|Hospitality|MatchaGotcha,RagePowder,TrickRoom,Protect|Bold|||||50|]Incineroar||SitrusBerry|Intimidate|FlareBlitz,HelpingHand,PartingShot,FakeOut|Impish||M|||50|]Blastoise||Blastoisinite|RainDish|WaterSpout,DarkPulse,ShellSmash,Protect|Modest||M|||50|
|showteam|p2|Tyranitar||Tyranitarite|SandStream|KnockOff,RockSlide,HighHorsepower,Protect|Jolly||F|||50|]Excadrill||FocusSash|SandRush|HighHorsepower,IronHead,RockSlide,Protect|Jolly||M|||50|]Milotic||SitrusBerry|Competitive|Scald,IcyWind,Haze,Protect|Calm||F|||50|]Sinistcha||ColburBerry|Hospitality|MatchaGotcha,ShadowBall,Protect,RagePowder|Bold|||||50|]Staraptor||Staraptite|Intimidate|CloseCombat,BraveBird,Tailwind,Protect|Jolly||M|||50|]Gholdengo||LifeOrb|GoodasGold|MakeItRain,ShadowBall,NastyPlot,Protect|Modest|||||50|
|inactive|Battle timer is ON: inactive players will automatically lose when time's up. (requested by testdigi)
|
|t:|1784294255
|teamsize|p1|4
|teamsize|p2|4
|start
|switch|p1a: Sinistcha|Sinistcha, L50|100/100
|switch|p1b: Incineroar|Incineroar, L50, M|100/100
|switch|p2a: Staraptor|Staraptor, L50, M, shiny|100/100
|switch|p2b: Milotic|Milotic, L50, F|100/100
|-ability|p2a: Staraptor|Intimidate|boost
|-unboost|p1a: Sinistcha|atk|1
|-unboost|p1b: Incineroar|atk|1
|-ability|p1b: Incineroar|Intimidate|boost
|-unboost|p2a: Staraptor|atk|1
|-unboost|p2b: Milotic|atk|1
|-ability|p2b: Milotic|Competitive|boost
|-boost|p2b: Milotic|spa|2
|turn|1
|
|t:|1784294277
|detailschange|p2a: Staraptor|Staraptor-Mega, L50, M, shiny
|-mega|p2a: Staraptor|Staraptor|Staraptite
|move|p1b: Incineroar|Fake Out|p2a: Staraptor
|-damage|p2a: Staraptor|92/100
|cant|p2a: Staraptor|flinch
|move|p2b: Milotic|Icy Wind|p1b: Incineroar|[spread] p1a,p1b
|-supereffective|p1a: Sinistcha|1
|-resisted|p1b: Incineroar|1
|-damage|p1a: Sinistcha|61/100
|-damage|p1b: Incineroar|91/100
|-unboost|p1a: Sinistcha|spe|1
|-unboost|p1b: Incineroar|spe|1
|move|p1a: Sinistcha|Trick Room|p1a: Sinistcha
|-fieldstart|move: Trick Room|[of] p1a: Sinistcha
|
|upkeep
|turn|2
|
|t:|1784294296
|move|p1b: Incineroar|Helping Hand|p1a: Sinistcha
|-singleturn|p1a: Sinistcha|Helping Hand|[of] p1b: Incineroar
|move|p1a: Sinistcha|Matcha Gotcha|p2a: Staraptor|[spread] p2a,p2b
|-resisted|p2a: Staraptor|1
|-supereffective|p2b: Milotic|1
|-damage|p2a: Staraptor|75/100
|-heal|p1a: Sinistcha|71/100|[from] drain|[of] p2a: Staraptor
|-damage|p2b: Milotic|49/100
|-heal|p1a: Sinistcha|98/100|[from] drain|[of] p2b: Milotic
|-enditem|p2b: Milotic|Sitrus Berry|[eat]
|-heal|p2b: Milotic|74/100|[from] item: Sitrus Berry
|move|p2b: Milotic|Scald|p1b: Incineroar
|-supereffective|p1b: Incineroar|1
|-damage|p1b: Incineroar|0 fnt
|faint|p1b: Incineroar
|move|p2a: Staraptor|Close Combat|p1a: Sinistcha
|-immune|p1a: Sinistcha
|
|upkeep
|inactive|testdigi has 30 seconds left.
|
|t:|1784294327
|switch|p1b: Blastoise|Blastoise, L50, M|100/100
|turn|3
|
|t:|1784294347
|detailschange|p1b: Blastoise|Blastoise-Mega, L50, M
|-mega|p1b: Blastoise|Blastoise|Blastoisinite
|move|p1a: Sinistcha|Matcha Gotcha|p2b: Milotic|[spread] p2a,p2b
|-resisted|p2a: Staraptor|1
|-supereffective|p2b: Milotic|1
|-damage|p2a: Staraptor|63/100
|-heal|p1a: Sinistcha|100/100|[from] drain|[of] p2a: Staraptor
|-damage|p2b: Milotic|44/100
|move|p2b: Milotic|Icy Wind|p1a: Sinistcha|[spread] p1a,p1b
|-supereffective|p1a: Sinistcha|1
|-resisted|p1b: Blastoise|1
|-damage|p1a: Sinistcha|61/100
|-damage|p1b: Blastoise|90/100
|-unboost|p1a: Sinistcha|spe|1
|-unboost|p1b: Blastoise|spe|1
|move|p1b: Blastoise|Water Spout|p2a: Staraptor|[spread] p2a,p2b
|-resisted|p2b: Milotic|1
|-damage|p2a: Staraptor|6/100
|-damage|p2b: Milotic|23/100
|move|p2a: Staraptor|Close Combat|p1b: Blastoise
|-damage|p1b: Blastoise|52/100
|-boost|p2a: Staraptor|def|1
|-boost|p2a: Staraptor|spd|1
|
|upkeep
|turn|4
|inactive|NyulaDraws has 30 seconds left.
|
|t:|1784294377
|move|p2a: Staraptor|Protect|p2a: Staraptor
|-singleturn|p2a: Staraptor|Protect
|move|p1a: Sinistcha|Matcha Gotcha|p2a: Staraptor|[spread] p2b
|-activate|p2a: Staraptor|move: Protect
|-supereffective|p2b: Milotic|1
|-damage|p2b: Milotic|0 fnt
|-heal|p1a: Sinistcha|74/100|[from] drain|[of] p2b: Milotic
|faint|p2b: Milotic
|move|p1b: Blastoise|Dark Pulse|p2a: Staraptor
|-activate|p2a: Staraptor|move: Protect
|
|upkeep
|
|t:|1784294391
|switch|p2b: Tyranitar|Tyranitar, L50, F|100/100
|-weather|Sandstorm|[from] ability: Sand Stream|[of] p2b: Tyranitar
|turn|5
|
|t:|1784294416
|move|p2b: Tyranitar|Protect|p2b: Tyranitar
|-singleturn|p2b: Tyranitar|Protect
|move|p1a: Sinistcha|Matcha Gotcha|p2b: Tyranitar|[spread] p2a
|-activate|p2b: Tyranitar|move: Protect
|-resisted|p2a: Staraptor|1
|-damage|p2a: Staraptor|0 fnt
|-heal|p1a: Sinistcha|77/100|[from] drain|[of] p2a: Staraptor
|faint|p2a: Staraptor
|move|p1b: Blastoise|Water Spout|p2b: Tyranitar
|-activate|p2b: Tyranitar|move: Protect
|
|-weather|Sandstorm|[upkeep]
|-damage|p1a: Sinistcha|71/100|[from] Sandstorm
|-damage|p1b: Blastoise|46/100|[from] Sandstorm
|-fieldend|move: Trick Room
|upkeep
|
|t:|1784294427
|switch|p2a: Excadrill|Excadrill, L50, M, shiny|100/100
|turn|6
|inactive|testdigi has 30 seconds left.
|
|t:|1784294454
|move|p1b: Blastoise|Protect|p1b: Blastoise
|-singleturn|p1b: Blastoise|Protect
|move|p1a: Sinistcha|Protect|p1a: Sinistcha
|-singleturn|p1a: Sinistcha|Protect
|move|p2a: Excadrill|Rock Slide|p1a: Sinistcha|[spread] 
|-activate|p1a: Sinistcha|move: Protect
|-activate|p1b: Blastoise|move: Protect
|move|p2b: Tyranitar|Knock Off|p1a: Sinistcha
|-activate|p1a: Sinistcha|move: Protect
|
|-weather|Sandstorm|[upkeep]
|-damage|p1b: Blastoise|40/100|[from] Sandstorm
|-damage|p1a: Sinistcha|65/100|[from] Sandstorm
|upkeep
|turn|7
|
|t:|1784294473
|switch|p1a: Kingambit|Kingambit, L50, F, shiny|100/100
|move|p2a: Excadrill|Rock Slide|p1b: Blastoise|[spread] p1a,p1b
|-resisted|p1a: Kingambit|1
|-damage|p1a: Kingambit|92/100
|-damage|p1b: Blastoise|21/100
|move|p2b: Tyranitar|Knock Off|p1a: Kingambit
|-resisted|p1a: Kingambit|1
|-damage|p1a: Kingambit|73/100
|-enditem|p1a: Kingambit|Life Orb|[from] move: Knock Off|[of] p2b: Tyranitar
|move|p1b: Blastoise|Water Spout|p2a: Excadrill|[spread] p2a,p2b
|-supereffective|p2a: Excadrill|1
|-supereffective|p2b: Tyranitar|1
|-damage|p2a: Excadrill|64/100
|-damage|p2b: Tyranitar|81/100
|
|-weather|Sandstorm|[upkeep]
|-damage|p1b: Blastoise|15/100|[from] Sandstorm
|upkeep
|turn|8
|inactive|testdigi has 30 seconds left.
|
|t:|1784294501
|move|p1a: Kingambit|Sucker Punch|p2a: Excadrill
|-damage|p2a: Excadrill|2/100
|move|p2a: Excadrill|High Horsepower|p1a: Kingambit
|-supereffective|p1a: Kingambit|1
|-damage|p1a: Kingambit|3/100
|move|p2b: Tyranitar|Knock Off|p1b: Blastoise
|-damage|p1b: Blastoise|0 fnt
|faint|p1b: Blastoise
|
|-weather|Sandstorm|[upkeep]
|upkeep
|
|t:|1784294504
|switch|p1b: Sinistcha|Sinistcha, L50|65/100
|-heal|p1a: Kingambit|28/100|[from] ability: Hospitality|[of] p1b: Sinistcha
|turn|9
|
|t:|1784294523
|move|p2a: Excadrill|Protect|p2a: Excadrill
|-singleturn|p2a: Excadrill|Protect
|move|p1b: Sinistcha|Protect|p1b: Sinistcha
|-singleturn|p1b: Sinistcha|Protect
|move|p1a: Kingambit|Protect|p1a: Kingambit
|-singleturn|p1a: Kingambit|Protect
|move|p2b: Tyranitar|High Horsepower|p1a: Kingambit
|-activate|p1a: Kingambit|move: Protect
|
|-weather|none
|upkeep
|turn|10
|
|t:|1784294531
|move|p2a: Excadrill|Protect||[still]
|-fail|p2a: Excadrill
|move|p1a: Kingambit|Sucker Punch||[still]
|-fail|p1a: Kingambit
|move|p2b: Tyranitar|High Horsepower|p1a: Kingambit
|-supereffective|p1a: Kingambit|1
|-damage|p1a: Kingambit|0 fnt
|faint|p1a: Kingambit
|move|p1b: Sinistcha|Matcha Gotcha|p2b: Tyranitar|[spread] p2a,p2b
|-supereffective|p2b: Tyranitar|1
|-damage|p2a: Excadrill|0 fnt
|-heal|p1b: Sinistcha|66/100|[from] drain|[of] p2a: Excadrill
|-damage|p2b: Tyranitar|37/100
|-heal|p1b: Sinistcha|89/100|[from] drain|[of] p2b: Tyranitar
|faint|p2a: Excadrill
|
|upkeep
|turn|11
|
|t:|1784294542
|move|p2b: Tyranitar|Knock Off|p1b: Sinistcha
|-supereffective|p1b: Sinistcha|1
|-enditem|p1b: Sinistcha|Colbur Berry|[eat]
|-enditem|p1b: Sinistcha|Colbur Berry|[weaken]
|-damage|p1b: Sinistcha|49/100
|move|p1b: Sinistcha|Matcha Gotcha|p2b: Tyranitar
|-supereffective|p2b: Tyranitar|1
|-damage|p2b: Tyranitar|0 fnt
|-heal|p1b: Sinistcha|69/100|[from] drain|[of] p2b: Tyranitar
|faint|p2b: Tyranitar
|
|win|testdigi
