|j|☆solarflare11821
|j|☆Avriss
|html|solarflare11821Avriss    
|uhtml|bestof|Game 3 of a best-of-3
|t:|1783540194
|gametype|doubles
|player|p1|solarflare11821|benga|
|player|p2|Avriss|169|
|gen|9
|tier|[Gen 9 Champions] VGC 2026 Reg M-B (Bo3)
|rule|Species Clause: Limit one of each Pokémon
|rule|Item Clause: Limit 1 of each item
|clearpoke
|poke|p1|Blastoise, L50, F|
|poke|p1|Delphox, L50, F|
|poke|p1|Sinistcha, L50|
|poke|p1|Incineroar, L50, F|
|poke|p1|Sneasler, L50, F|
|poke|p1|Kingambit, L50, F|
|poke|p2|Basculegion, L50, M|
|poke|p2|Aerodactyl, L50, M|
|poke|p2|Sylveon, L50, F|
|poke|p2|Scovillain, L50, M|
|poke|p2|Kingambit, L50, F|
|poke|p2|Garchomp, L50, F|
|teampreview|4
|showteam|p1|Blastoise||Blastoisinite|Torrent|Protect,WaterSpout,ShellSmash,DarkPulse|Modest||F|||50|]Delphox||Delphoxite|Blaze|Protect,HeatWave,NastyPlot,Psychic|Timid||F|||50|]Sinistcha||KasibBerry|Hospitality|Protect,MatchaGotcha,LifeDew,RagePowder|Bold|||||50|]Incineroar||PasshoBerry|Intimidate|FakeOut,FlareBlitz,PartingShot,DarkestLariat|Impish||F|||50|]Sneasler||FocusSash|PoisonTouch|FakeOut,CloseCombat,QuickGuard,PoisonJab|Jolly||F|||50|]Kingambit||BlackGlasses|Defiant|Protect,KowtowCleave,SwordsDance,SuckerPunch|Adamant||F|||50|
|showteam|p2|Basculegion||ChoiceScarf|Adaptability|AquaJet,FlipTurn,LastRespects,WaveCrash|Jolly||M|||50|]Aerodactyl||Aerodactylite|Unnerve|RockSlide,DualWingbeat,Taunt,Tailwind|Jolly||M|||50|]Sylveon||FairyFeather|Pixilate|CalmMind,Detect,HyperVoice,QuickAttack|Modest||F|||50|]Scovillain||Scovillainite|Moody|LeechSeed,RagePowder,Overheat,Protect|Calm||M|||50|]Kingambit||FocusSash|Defiant|IronHead,LowKick,KowtowCleave,SuckerPunch|Adamant||F|||50|]Garchomp||LifeOrb|RoughSkin|DragonClaw,StompingTantrum,Earthquake,Protect|Adamant||F|||50|
|inactive|Battle timer is ON: inactive players will automatically lose when time's up. (requested by Avriss)
|inactive|solarflare11821 also wants the timer to be on.
|inactive|solarflare11821 has 60 seconds left.
|
|t:|1783540238
|teamsize|p1|4
|teamsize|p2|4
|start
|switch|p1a: Blastoise|Blastoise, L50, F|100/100
|switch|p1b: Sneasler|Sneasler, L50, F|100/100
|switch|p2a: Garchomp|Garchomp, L50, F|100/100
|switch|p2b: Aerodactyl|Aerodactyl, L50, M|100/100
|-ability|p2b: Aerodactyl|Unnerve
|turn|1
|inactive|solarflare11821 has 30 seconds left.
|inactive|solarflare11821 has 20 seconds left.
|inactive|solarflare11821 has 15 seconds left.
|inactive|solarflare11821 has 10 seconds left.
|inactive|solarflare11821 has 5 seconds left.
|
|t:|1783540289
|detailschange|p2b: Aerodactyl|Aerodactyl-Mega, L50, M
|-mega|p2b: Aerodactyl|Aerodactyl|Aerodactylite
|detailschange|p1a: Blastoise|Blastoise-Mega, L50, F
|-mega|p1a: Blastoise|Blastoise|Blastoisinite
|move|p1b: Sneasler|Fake Out|p2a: Garchomp
|-damage|p2a: Garchomp|88/100
|-damage|p1b: Sneasler|87/100|[from] ability: Rough Skin|[of] p2a: Garchomp
|move|p2b: Aerodactyl|Tailwind|p2b: Aerodactyl
|-sidestart|p2: Avriss|move: Tailwind
|cant|p2a: Garchomp|flinch
|move|p1a: Blastoise|Water Spout|p2a: Garchomp|[spread] p2a,p2b
|-supereffective|p2b: Aerodactyl|1
|-damage|p2a: Garchomp|26/100
|-damage|p2b: Aerodactyl|0 fnt
|faint|p2b: Aerodactyl
|
|upkeep
|
|t:|1783540304
|switch|p2b: Basculegion|Basculegion, L50, M|100/100
|turn|2
|inactive|solarflare11821 has 30 seconds left.
|inactive|solarflare11821 has 20 seconds left.
|
|t:|1783540339
|switch|p1b: Sinistcha|Sinistcha, L50|100/100
|move|p2b: Basculegion|Last Respects|p1a: Blastoise
|-damage|p1a: Blastoise|35/100
|move|p2a: Garchomp|Earthquake|p1a: Blastoise|[spread] p2b,p1a,p1b
|-resisted|p1b: Sinistcha|1
|-damage|p2b: Basculegion|36/100
|-damage|p1a: Blastoise|0 fnt
|-damage|p1b: Sinistcha|82/100
|faint|p1a: Blastoise
|-damage|p2a: Garchomp|16/100|[from] item: Life Orb
|
|upkeep
|
|t:|1783540356
|switch|p1a: Kingambit|Kingambit, L50, F|100/100
|turn|3
|
|t:|1783540377
|switch|p1b: Sneasler|Sneasler, L50, F|87/100
|move|p1a: Kingambit|Sucker Punch|p2a: Garchomp
|-damage|p2a: Garchomp|0 fnt
|-damage|p1a: Kingambit|87/100|[from] ability: Rough Skin|[of] p2a: Garchomp
|faint|p2a: Garchomp
|move|p2b: Basculegion|Last Respects|p1b: Sneasler
|-damage|p1b: Sneasler|0 fnt
|faint|p1b: Sneasler
|
|upkeep
|
|t:|1783540382
|switch|p1b: Sinistcha|Sinistcha, L50|82/100
|switch|p2a: Kingambit|Kingambit, L50, F|100/100
|-heal|p1a: Kingambit|100/100|[from] ability: Hospitality|[of] p1b: Sinistcha
|turn|4
|inactive|solarflare11821 has 30 seconds left.
|
|t:|1783540409
|move|p1b: Sinistcha|Protect|p1b: Sinistcha
|-singleturn|p1b: Sinistcha|Protect
|move|p1a: Kingambit|Sucker Punch|p2b: Basculegion
|-supereffective|p2b: Basculegion|1
|-damage|p2b: Basculegion|0 fnt
|faint|p2b: Basculegion
|move|p2a: Kingambit|Kowtow Cleave|p1b: Sinistcha
|-activate|p1b: Sinistcha|move: Protect
|
|-sideend|p2: Avriss|move: Tailwind
|upkeep
|turn|5
|inactive|solarflare11821 has 30 seconds left.
|
|t:|1783540443
|move|p2a: Kingambit|Kowtow Cleave|p1b: Sinistcha
|-supereffective|p1b: Sinistcha|1
|-damage|p1b: Sinistcha|4/100
|move|p1b: Sinistcha|Matcha Gotcha|p2a: Kingambit
|-resisted|p2a: Kingambit|1
|-damage|p2a: Kingambit|81/100
|-heal|p1b: Sinistcha|14/100|[from] drain|[of] p2a: Kingambit
|move|p1a: Kingambit|Kowtow Cleave|p2a: Kingambit
|-resisted|p2a: Kingambit|1
|-damage|p2a: Kingambit|55/100
|
|upkeep
|turn|6
|inactive|solarflare11821 has 30 seconds left.
|inactive|solarflare11821 has 20 seconds left.
|inactive|solarflare11821 has 15 seconds left.
|inactive|solarflare11821 has 10 seconds left.
|
|t:|1783540492
|move|p1a: Kingambit|Protect|p1a: Kingambit
|-singleturn|p1a: Kingambit|Protect
|move|p2a: Kingambit|Kowtow Cleave|p1b: Sinistcha
|-supereffective|p1b: Sinistcha|1
|-damage|p1b: Sinistcha|0 fnt
|faint|p1b: Sinistcha
|
|upkeep
|turn|7
|c|☆solarflare11821|gg
|
|t:|1783540504
|move|p2a: Kingambit|Low Kick|p1a: Kingambit
|-supereffective|p1a: Kingambit|2
|-damage|p1a: Kingambit|0 fnt
|faint|p1a: Kingambit
|
|win|Avriss
|c|☆Avriss|gg
