|j|☆Darkan33
|j|☆k_mal_ayne
|html|Darkan33k_mal_ayne    
|uhtml|bestof|Game 3 of a best-of-3
|t:|1756945094
|gametype|doubles
|player|p1|Darkan33|veteran|1123
|player|p2|k_mal_ayne|266|1129
|gen|9
|tier|[Gen 9] VGC 2025 Reg H (Bo3)
|rated|
|rule|Species Clause: Limit one of each Pokémon
|rule|Item Clause: Limit 1 of each item
|clearpoke
|poke|p1|Kingdra, L50, F|
|poke|p1|Pelipper, L50, F|
|poke|p1|Garchomp, L50, F|
|poke|p1|Breloom, L50, M|
|poke|p1|Archaludon, L50, F|
|poke|p1|Grimmsnarl, L50, M|
|poke|p2|Hydreigon, L50, M|
|poke|p2|Volcarona, L50, M|
|poke|p2|Annihilape, L50, M|
|poke|p2|Electabuzz, L50, F|
|poke|p2|Ursaluna, L50, F|
|poke|p2|Dragonite, L50, M|
|teampreview|4
|showteam|p1|Kingdra||LifeOrb|SwiftSwim|MuddyWater,DracoMeteor,Hurricane,Protect|||F|||50|,,,,,Stellar]Pelipper||CovertCloak|Drizzle|WeatherBall,Hurricane,WideGuard,Tailwind|||F|||50|,,,,,Ghost]Garchomp||LoadedDice|RoughSkin|ScaleShot,Protect,StompingTantrum,Earthquake|||F|||50|,,,,,Steel]Breloom||FocusSash|Technician|MachPunch,BulletSeed,Spore,Protect|||M|||50|,,,,,Steel]Archaludon||AssaultVest|Stamina|BodyPress,FlashCannon,ElectroShot,DragonPulse|||F|||50|,,,,,Grass]Grimmsnarl||LightClay|Prankster|LightScreen,Reflect,SpiritBreak,ThunderWave|||M|||50|,,,,,Ghost
|showteam|p2|Hydreigon||AssaultVest|Levitate|DarkPulse,DracoMeteor,Snarl,Flamethrower|||M|||50|,,,,,Fire]Volcarona||CovertCloak|FlameBody|HeatWave,TeraBlast,QuiverDance,RagePowder|||M|||50|,,,,,Fairy]Annihilape||SitrusBerry|Defiant|CloseCombat,RageFist,BulkUp,Protect|||M|||50|,,,,,Fairy]Electabuzz||Eviolite|VitalSpirit|Electroweb,FollowMe,EerieImpulse,Protect|||F|||50|,,,,,Ghost]Ursaluna||FlameOrb|Guts|HeadlongRush,Facade,Earthquake,Protect|||F|||50|,,,,,Dragon]Dragonite||LoadedDice|InnerFocus|ScaleShot,ExtremeSpeed,Tailwind,Haze|||M|||50|,,,,,Steel
|
|t:|1756945152
|teamsize|p1|4
|teamsize|p2|4
|start
|switch|p1a: Archaludon|Archaludon, L50, F|100/100
|switch|p1b: Breloom|Breloom, L50, M, shiny|100/100
|switch|p2a: Electabuzz|Electabuzz, L50, F|100/100
|switch|p2b: Dragonite|Dragonite, L50, M|100/100
|turn|1
|
|t:|1756945184
|-terastallize|p1a: Archaludon|Grass
|move|p1b: Breloom|Protect|p1b: Breloom
|-singleturn|p1b: Breloom|Protect
|move|p2a: Electabuzz|Eerie Impulse|p1a: Archaludon
|-unboost|p1a: Archaludon|spa|2
|move|p1a: Archaludon|Dragon Pulse|p2b: Dragonite
|-supereffective|p2b: Dragonite
|-damage|p2b: Dragonite|62/100
|move|p2b: Dragonite|Tailwind|p2b: Dragonite
|-sidestart|p2: k_mal_ayne|move: Tailwind
|
|upkeep
|turn|2
|
|t:|1756945236
|switch|p1b: Pelipper|Pelipper, L50, F, shiny|100/100
|-weather|RainDance|[from] ability: Drizzle|[of] p1b: Pelipper
|move|p2a: Electabuzz|Eerie Impulse|p1a: Archaludon
|-unboost|p1a: Archaludon|spa|2
|move|p2b: Dragonite|Scale Shot|p1b: Pelipper
|-damage|p1b: Pelipper|80/100
|-damage|p1b: Pelipper|62/100
|-damage|p1b: Pelipper|44/100
|-damage|p1b: Pelipper|24/100
|-hitcount|p1b: Pelipper|4
|-unboost|p2b: Dragonite|def|1
|-boost|p2b: Dragonite|spe|1
|move|p1a: Archaludon|Electro Shot||[still]
|-prepare|p1a: Archaludon|Electro Shot
|-boost|p1a: Archaludon|spa|1
|-anim|p1a: Archaludon|Electro Shot|p2b: Dragonite
|-damage|p2b: Dragonite|47/100
|
|-weather|RainDance|[upkeep]
|upkeep
|turn|3
|
|t:|1756945265
|switch|p1a: Kingdra|Kingdra, L50, F|100/100
|move|p2b: Dragonite|Scale Shot|p1a: Kingdra
|-supereffective|p1a: Kingdra
|-damage|p1a: Kingdra|65/100
|-supereffective|p1a: Kingdra
|-damage|p1a: Kingdra|32/100
|-supereffective|p1a: Kingdra
|-damage|p1a: Kingdra|0 fnt
|faint|p1a: Kingdra
|-hitcount|p1: Kingdra|3
|-unboost|p2b: Dragonite|def|1
|-boost|p2b: Dragonite|spe|1
|move|p2a: Electabuzz|Electroweb|p1b: Pelipper
|-supereffective|p1b: Pelipper
|-damage|p1b: Pelipper|0 fnt
|faint|p1b: Pelipper
|
|-weather|RainDance|[upkeep]
|upkeep
|
|t:|1756945276
|switch|p1a: Archaludon|Archaludon, L50, F, tera:Grass|100/100
|switch|p1b: Breloom|Breloom, L50, M, shiny|100/100
|turn|4
|
|t:|1756945292
|-terastallize|p2b: Dragonite|Steel
|move|p2b: Dragonite|Scale Shot|p1b: Breloom
|-damage|p1b: Breloom|79/100
|-damage|p1b: Breloom|57/100
|-damage|p1b: Breloom|35/100
|-damage|p1b: Breloom|11/100
|-hitcount|p1b: Breloom|4
|-unboost|p2b: Dragonite|def|1
|-boost|p2b: Dragonite|spe|1
|move|p2a: Electabuzz|Eerie Impulse|p1a: Archaludon
|-unboost|p1a: Archaludon|spa|2
|move|p1b: Breloom|Bullet Seed|p1a: Archaludon
|-resisted|p1a: Archaludon
|-damage|p1a: Archaludon|94/100
|-ability|p1a: Archaludon|Stamina|boost
|-boost|p1a: Archaludon|def|1
|-resisted|p1a: Archaludon
|-damage|p1a: Archaludon|90/100
|-ability|p1a: Archaludon|Stamina|boost
|-boost|p1a: Archaludon|def|1
|-resisted|p1a: Archaludon
|-damage|p1a: Archaludon|87/100
|-ability|p1a: Archaludon|Stamina|boost
|-boost|p1a: Archaludon|def|1
|-resisted|p1a: Archaludon
|-damage|p1a: Archaludon|84/100
|-ability|p1a: Archaludon|Stamina|boost
|-boost|p1a: Archaludon|def|1
|-resisted|p1a: Archaludon
|-damage|p1a: Archaludon|81/100
|-ability|p1a: Archaludon|Stamina|boost
|-boost|p1a: Archaludon|def|1
|-hitcount|p1a: Archaludon|5
|move|p1a: Archaludon|Body Press|p2a: Electabuzz
|-damage|p2a: Electabuzz|35/100
|
|-weather|RainDance|[upkeep]
|-sideend|p2: k_mal_ayne|move: Tailwind
|upkeep
|turn|5
|
|t:|1756945331
|move|p1b: Breloom|Protect|p1b: Breloom
|-singleturn|p1b: Breloom|Protect
|move|p2b: Dragonite|Extreme Speed|p1b: Breloom
|-activate|p1b: Breloom|move: Protect
|move|p2a: Electabuzz|Eerie Impulse|p1a: Archaludon
|-unboost|p1a: Archaludon|spa|2
|move|p1a: Archaludon|Body Press|p2a: Electabuzz
|-damage|p2a: Electabuzz|0 fnt
|faint|p2a: Electabuzz
|
|-weather|RainDance|[upkeep]
|upkeep
|
|t:|1756945345
|switch|p2a: Hydreigon|Hydreigon, L50, M|100/100
|turn|6
|
|t:|1756945355
|switch|p2a: Annihilape|Annihilape, L50, M, shiny|100/100
|move|p2b: Dragonite|Extreme Speed|p1b: Breloom
|-damage|p1b: Breloom|0 fnt
|faint|p1b: Breloom
|move|p1a: Archaludon|Body Press|p2a: Annihilape
|-immune|p2a: Annihilape
|
|-weather|none
|upkeep
|turn|7
|
|t:|1756945368
|move|p2b: Dragonite|Scale Shot|p1a: Archaludon|[miss]
|-miss|p2b: Dragonite|p1a: Archaludon
|move|p2a: Annihilape|Bulk Up|p2a: Annihilape
|-boost|p2a: Annihilape|atk|1
|-boost|p2a: Annihilape|def|1
|move|p1a: Archaludon|Dragon Pulse|p2b: Dragonite
|-resisted|p2b: Dragonite
|-damage|p2b: Dragonite|41/100
|
|upkeep
|turn|8
|
|t:|1756945385
|move|p2b: Dragonite|Scale Shot|p1a: Archaludon
|-damage|p1a: Archaludon|78/100
|-ability|p1a: Archaludon|Stamina|boost
|-boost|p1a: Archaludon|def|1
|-damage|p1a: Archaludon|75/100
|-damage|p1a: Archaludon|71/100
|-damage|p1a: Archaludon|68/100
|-hitcount|p1a: Archaludon|4
|-unboost|p2b: Dragonite|def|1
|-boost|p2b: Dragonite|spe|1
|move|p2a: Annihilape|Bulk Up|p2a: Annihilape
|-boost|p2a: Annihilape|atk|1
|-boost|p2a: Annihilape|def|1
|move|p1a: Archaludon|Body Press|p2b: Dragonite
|-supereffective|p2b: Dragonite
|-damage|p2b: Dragonite|0 fnt
|faint|p2b: Dragonite
|
|upkeep
|
|t:|1756945401
|switch|p2b: Hydreigon|Hydreigon, L50, M|100/100
|turn|9
|
|t:|1756945416
|move|p2b: Hydreigon|Draco Meteor|p1a: Archaludon
|-damage|p1a: Archaludon|20/100
|-unboost|p2b: Hydreigon|spa|2
|move|p2a: Annihilape|Bulk Up|p2a: Annihilape
|-boost|p2a: Annihilape|atk|1
|-boost|p2a: Annihilape|def|1
|move|p1a: Archaludon|Body Press|p2b: Hydreigon
|-supereffective|p2b: Hydreigon
|-damage|p2b: Hydreigon|0 fnt
|faint|p2b: Hydreigon
|
|upkeep
|turn|10
|
|t:|1756945430
|move|p2a: Annihilape|Close Combat|p1a: Archaludon
|-damage|p1a: Archaludon|0 fnt
|-unboost|p2a: Annihilape|def|1
|-unboost|p2a: Annihilape|spd|1
|faint|p1a: Archaludon
|
|win|k_mal_ayne
|raw|Darkan33's rating: 1123 → 1098(-25 for losing)
|raw|k_mal_ayne's rating: 1129 → 1154(+25 for winning)
|l|☆k_mal_ayne
|player|p2|
