|j|☆Basura2U
|j|☆Nudi777
|html|Basura2UNudi777    
|uhtml|bestof|Game 1 of a best-of-3
|t:|1757633805
|gametype|doubles
|player|p1|Basura2U|lucas|1021
|player|p2|Nudi777|fisherman-gen4|1102
|gen|9
|tier|[Gen 9] VGC 2025 Reg H (Bo3)
|rated|
|rule|Species Clause: Limit one of each Pokémon
|rule|Item Clause: Limit 1 of each item
|clearpoke
|poke|p1|Talonflame, L50, F|
|poke|p1|Araquanid, L50, M|
|poke|p1|Toxicroak, L50, M|
|poke|p1|Gholdengo, L50|
|poke|p1|Electabuzz, L50, F|
|poke|p1|Rillaboom, L50, F|
|poke|p2|Gardevoir, L50, F|
|poke|p2|Bellibolt, L50, M|
|poke|p2|Orthworm, L50, F|
|poke|p2|Ursaluna, L50, M|
|poke|p2|Jolteon, L50, F|
|poke|p2|Indeedee-F, L50, F|
|teampreview|4
|showteam|p1|Talonflame|||GaleWings|Acrobatics,FlareBlitz,Tailwind,Protect|||F|||50|,,,,,Ghost]Araquanid||LumBerry|WaterBubble|PoisonJab,Liquidation,Lunge,Protect|||M|||50|,,,,,Steel]Toxicroak||AssaultVest|DrySkin|FakeOut,SuckerPunch,GunkShot,CloseCombat|||M|||50|,,,,,Poison]Gholdengo||MetalCoat|GoodasGold|MakeItRain,NastyPlot,ShadowBall,Protect||||||50|,,,,,Water]Electabuzz||Eviolite|VitalSpirit|FollowMe,Electroweb,Taunt,HelpingHand|||F|||50|,,,,,Dragon]Rillaboom||MiracleSeed|GrassySurge|GrassyGlide,Uturn,FakeOut,WoodHammer|||F|||50|,,,,,Fire
|showteam|p2|Gardevoir||LifeOrb|Telepathy|Moonblast,ExpandingForce,Protect,TrickRoom|||F|||50|,,,,,Psychic]Bellibolt||ShucaBerry|Electromorphosis|ParabolicCharge,Protect,SlackOff,Thunderbolt|||M|||50|,,,,,Electric]Orthworm||Leftovers|EarthEater|ShedTail,Protect,BodyPress,HeavySlam|||F|||50|,,,,,Electric]Ursaluna||FlameOrb|Guts|Protect,Earthquake,Facade,SwordsDance|||M|||50|,,,,,Flying]Jolteon||CovertCloak|VoltAbsorb|Discharge,TeraBlast,Protect,ThunderWave|||F|||50|,,,,,Ice]Indeedee-F||SitrusBerry|PsychicSurge|TrickRoom,Protect,FollowMe,HelpingHand|||F|||50|,,,,,Fairy
|inactive|Battle timer is ON: inactive players will automatically lose when time's up. (requested by Nudi777)
|
|t:|1757633846
|teamsize|p1|4
|teamsize|p2|4
|start
|switch|p1a: Gholdengo|Gholdengo, L50|100/100
|switch|p1b: Electabuzz|Electabuzz, L50, F|100/100
|switch|p2a: Jolteon|Jolteon, L50, F|100/100
|switch|p2b: Bellibolt|Bellibolt, L50, M|100/100
|turn|1
|
|t:|1757633869
|-terastallize|p2b: Bellibolt|Electric
|move|p2a: Jolteon|Discharge|p1b: Electabuzz|[spread] p2b,p1a,p1b
|-resisted|p2b: Bellibolt
|-resisted|p1b: Electabuzz
|-damage|p2b: Bellibolt|86/100
|-damage|p1a: Gholdengo|72/100
|-damage|p1b: Electabuzz|90/100
|-status|p1a: Gholdengo|par
|-start|p2b: Bellibolt|Charge|Discharge|[from] ability: Electromorphosis
|move|p1b: Electabuzz|Taunt|p2b: Bellibolt
|-start|p2b: Bellibolt|move: Taunt
|move|p2b: Bellibolt|Parabolic Charge|p1b: Electabuzz|[spread] p1a,p1b
|-immune|p2a: Jolteon|[from] ability: Volt Absorb
|-resisted|p1b: Electabuzz
|-damage|p1a: Gholdengo|13/100 par
|-heal|p2b: Bellibolt|100/100|[from] drain|[of] p1a: Gholdengo
|-damage|p1b: Electabuzz|64/100
|-end|p2b: Bellibolt|Charge|[silent]
|move|p1a: Gholdengo|Nasty Plot|p1a: Gholdengo
|-boost|p1a: Gholdengo|spa|2
|
|upkeep
|turn|2
|
|t:|1757633888
|move|p1a: Gholdengo|Protect|p1a: Gholdengo
|-singleturn|p1a: Gholdengo|Protect
|move|p2a: Jolteon|Discharge|p1a: Gholdengo|[spread] p2b,p1b
|-activate|p1a: Gholdengo|move: Protect
|-resisted|p2b: Bellibolt
|-resisted|p1b: Electabuzz
|-damage|p2b: Bellibolt|88/100
|-damage|p1b: Electabuzz|54/100
|-start|p2b: Bellibolt|Charge|Discharge|[from] ability: Electromorphosis
|move|p1b: Electabuzz|Electroweb|p2b: Bellibolt|[spread] p2b
|-immune|p2a: Jolteon|[from] ability: Volt Absorb
|-resisted|p2b: Bellibolt
|-damage|p2b: Bellibolt|82/100
|-unboost|p2b: Bellibolt|spe|1
|-start|p2b: Bellibolt|Charge|Electroweb|[from] ability: Electromorphosis
|move|p2b: Bellibolt|Parabolic Charge|p1a: Gholdengo|[spread] p1b
|-activate|p1a: Gholdengo|move: Protect
|-immune|p2a: Jolteon|[from] ability: Volt Absorb
|-resisted|p1b: Electabuzz
|-damage|p1b: Electabuzz|31/100
|-heal|p2b: Bellibolt|92/100|[from] drain|[of] p1b: Electabuzz
|-end|p2b: Bellibolt|Charge|[silent]
|
|upkeep
|turn|3
|
|t:|1757633913
|move|p1b: Electabuzz|Follow Me|p1b: Electabuzz
|-singleturn|p1b: Electabuzz|move: Follow Me
|move|p2a: Jolteon|Discharge|p1a: Gholdengo|[spread] p2b,p1a,p1b
|-resisted|p2b: Bellibolt
|-resisted|p1b: Electabuzz
|-damage|p2b: Bellibolt|79/100
|-damage|p1a: Gholdengo|0 fnt
|-damage|p1b: Electabuzz|19/100
|-start|p2b: Bellibolt|Charge|Discharge|[from] ability: Electromorphosis
|faint|p1a: Gholdengo
|move|p2b: Bellibolt|Parabolic Charge|p1b: Electabuzz|[spread] p1b
|-immune|p2a: Jolteon|[from] ability: Volt Absorb
|-resisted|p1b: Electabuzz
|-damage|p1b: Electabuzz|0 fnt
|-heal|p2b: Bellibolt|88/100|[from] drain|[of] p1b: Electabuzz
|faint|p1b: Electabuzz
|-end|p2b: Bellibolt|Charge|[silent]
|
|-end|p2b: Bellibolt|move: Taunt
|upkeep
|
|t:|1757633915
|switch|p1b: Toxicroak|Toxicroak, L50, M|100/100
|switch|p1a: Rillaboom|Rillaboom, L50, F|100/100
|-fieldstart|move: Grassy Terrain|[from] ability: Grassy Surge|[of] p1a: Rillaboom
|turn|4
|
|t:|1757633933
|move|p2a: Jolteon|Protect|p2a: Jolteon
|-singleturn|p2a: Jolteon|Protect
|move|p2b: Bellibolt|Protect|p2b: Bellibolt
|-singleturn|p2b: Bellibolt|Protect
|move|p1b: Toxicroak|Fake Out|p2a: Jolteon
|-activate|p2a: Jolteon|move: Protect
|move|p1a: Rillaboom|Fake Out|p2b: Bellibolt
|-activate|p2b: Bellibolt|move: Protect
|
|-heal|p2b: Bellibolt|94/100|[from] Grassy Terrain
|upkeep
|turn|5
|
|t:|1757633945
|move|p2a: Jolteon|Discharge|p1b: Toxicroak|[spread] p2b,p1a,p1b
|-resisted|p2b: Bellibolt
|-resisted|p1a: Rillaboom
|-damage|p2b: Bellibolt|80/100
|-damage|p1a: Rillaboom|84/100
|-damage|p1b: Toxicroak|73/100
|-start|p2b: Bellibolt|Charge|Discharge|[from] ability: Electromorphosis
|move|p1b: Toxicroak|Close Combat|p2a: Jolteon
|-damage|p2a: Jolteon|4/100
|-unboost|p1b: Toxicroak|def|1
|-unboost|p1b: Toxicroak|spd|1
|move|p1a: Rillaboom|Wood Hammer|p2b: Bellibolt
|-damage|p2b: Bellibolt|0 fnt
|faint|p2b: Bellibolt
|-damage|p1a: Rillaboom|60/100|[from] Recoil
|
|-heal|p2a: Jolteon|10/100|[from] Grassy Terrain
|-heal|p1b: Toxicroak|79/100|[from] Grassy Terrain
|-heal|p1a: Rillaboom|65/100|[from] Grassy Terrain
|upkeep
|inactive|Nudi777 has 30 seconds left.
|
|t:|1757633970
|switch|p2b: Indeedee|Indeedee-F, L50, F|100/100
|-fieldstart|move: Psychic Terrain|[from] ability: Psychic Surge|[of] p2b: Indeedee
|turn|6
|
|t:|1757633986
|move|p2a: Jolteon|Thunder Wave|p1a: Rillaboom|[miss]
|-miss|p2a: Jolteon|p1a: Rillaboom
|move|p1b: Toxicroak|Close Combat|p2a: Jolteon
|-damage|p2a: Jolteon|0 fnt
|-unboost|p1b: Toxicroak|def|1
|-unboost|p1b: Toxicroak|spd|1
|faint|p2a: Jolteon
|move|p1a: Rillaboom|U-turn|p2b: Indeedee
|-supereffective|p2b: Indeedee
|-damage|p2b: Indeedee|56/100
|move|p2b: Indeedee|Trick Room|p2b: Indeedee
|-fieldstart|move: Trick Room|[of] p2b: Indeedee
|
|upkeep
|
|t:|1757633997
|switch|p2a: Ursaluna|Ursaluna, L50, M|100/100
|turn|7
|
|t:|1757634013
|move|p2a: Ursaluna|Protect|p2a: Ursaluna
|-singleturn|p2a: Ursaluna|Protect
|move|p2b: Indeedee|Protect|p2b: Indeedee
|-singleturn|p2b: Indeedee|Protect
|move|p1a: Rillaboom|Wood Hammer|p2a: Ursaluna
|-activate|p2a: Ursaluna|move: Protect
|move|p1b: Toxicroak|Close Combat|p2b: Indeedee
|-activate|p2b: Indeedee|move: Protect
|
|-status|p2a: Ursaluna|brn|[from] item: Flame Orb
|upkeep
|turn|8
|
|t:|1757634026
|move|p2b: Indeedee|Protect||[still]
|-fail|p2b: Indeedee
|move|p2a: Ursaluna|Earthquake|p1a: Rillaboom|[spread] p2b,p1a,p1b
|-resisted|p1a: Rillaboom
|-supereffective|p1b: Toxicroak
|-damage|p2b: Indeedee|0 fnt
|-damage|p1a: Rillaboom|34/100
|-damage|p1b: Toxicroak|0 fnt
|faint|p2b: Indeedee
|faint|p1b: Toxicroak
|move|p1a: Rillaboom|Wood Hammer|p2a: Ursaluna
|-supereffective|p2a: Ursaluna
|-damage|p2a: Ursaluna|0 fnt
|faint|p2a: Ursaluna
|-damage|p1a: Rillaboom|0 fnt|[from] Recoil
|faint|p1a: Rillaboom
|
|win|Basura2U
||Nudi777 is ready for game 2.
|inactive|Basura2U has 30 seconds to confirm battle start!
||Basura2U is ready for game 2.
|uhtml|next|Next: Game 2 of 3
|l|☆Nudi777
|player|p2|
|l|☆Basura2U
|player|p1|
|j|☆Basura2U
|player|p1|Basura2U|lucas|
