|j|☆MAD4DontKnowGame
|j|☆aidensz
|html|MAD4DontKnowGameaidensz    
|uhtml|bestof|Game 3 of a best-of-3
|t:|1783540846
|gametype|doubles
|player|p1|MAD4DontKnowGame|265|1054
|player|p2|aidensz|blue|1073
|gen|9
|tier|[Gen 9 Champions] VGC 2026 Reg M-B (Bo3)
|rated|
|rule|Species Clause: Limit one of each Pokémon
|rule|Item Clause: Limit 1 of each item
|clearpoke
|poke|p1|Scrafty, L50, M|
|poke|p1|Oranguru, L50, F|
|poke|p1|Incineroar, L50, F, shiny|
|poke|p1|Staraptor, L50, M|
|poke|p1|Mawile, L50, F, shiny|
|poke|p1|Torkoal, L50, M|
|poke|p2|Staraptor, L50, F, shiny|
|poke|p2|Whimsicott, L50, F|
|poke|p2|Garchomp, L50, F|
|poke|p2|Incineroar, L50, M|
|poke|p2|Sinistcha, L50|
|poke|p2|Gholdengo, L50|
|teampreview|4
|showteam|p1|Scrafty||Scraftinite|Intimidate|BulkUp,DrainPunch,KnockOff,RockSlide|Brave||M|||50|]Oranguru||Leftovers|InnerFocus|Instruct,FutureSight,Protect,TrickRoom|Modest||F|||50|]Incineroar||SitrusBerry|Intimidate|FlareBlitz,DarkestLariat,FakeOut,PartingShot|Adamant||F|||50|]Staraptor||ChoiceScarf|Intimidate|FinalGambit,BlazeKick,QuickAttack,Uturn|Jolly||M|||50|]Mawile||Mawilite|HyperCutter|SuckerPunch,SwordsDance,PlayRough,IronHead|Adamant||F|||50|]Torkoal||Charcoal|Drought|BodyPress,Eruption,Flamethrower,IronDefense|Quiet||M|||50|
|showteam|p2|Staraptor||Staraptite|Intimidate|BraveBird,CloseCombat,Protect,Roost|Jolly||F|||50|]Whimsicott||FocusSash|Prankster|Tailwind,Charm,Moonblast,Protect|Timid||F|||50|]Garchomp||LifeOrb|RoughSkin|Earthquake,DragonClaw,RockSlide,Protect|Jolly||F|||50|]Incineroar||SitrusBerry|Intimidate|FakeOut,PartingShot,FlareBlitz,ThroatChop|Careful||M|||50|]Sinistcha||KasibBerry|Hospitality|MatchaGotcha,RagePowder,StrengthSap,Protect|Calm|||||50|]Gholdengo||ChoiceScarf|GoodasGold|MakeItRain,ShadowBall,Thunderbolt,Trick|Timid|||||50|
|c|☆MAD4DontKnowGame|gg
|inactive|Battle timer is ON: inactive players will automatically lose when time's up. (requested by aidensz)
|
|t:|1783540886
|teamsize|p1|4
|teamsize|p2|4
|start
|switch|p1a: Oranguru|Oranguru, L50, F|100/100
|switch|p1b: Incineroar|Incineroar, L50, F, shiny|100/100
|switch|p2a: Garchomp|Garchomp, L50, F|100/100
|switch|p2b: Incineroar|Incineroar, L50, M|100/100
|-ability|p1b: Incineroar|Intimidate|boost
|-unboost|p2a: Garchomp|atk|1
|-unboost|p2b: Incineroar|atk|1
|-ability|p2b: Incineroar|Intimidate|boost
|-fail|p1a: Oranguru|unboost|Attack|[from] ability: Inner Focus|[of] p1a: Oranguru
|-unboost|p1b: Incineroar|atk|1
|turn|1
|
|t:|1783540909
|move|p2b: Incineroar|Fake Out|p1a: Oranguru
|-damage|p1a: Oranguru|91/100
|move|p2a: Garchomp|Rock Slide|p1a: Oranguru|[spread] p1a,p1b
|-supereffective|p1b: Incineroar|1
|-damage|p1a: Oranguru|73/100
|-damage|p1b: Incineroar|66/100
|-damage|p2a: Garchomp|90/100|[from] item: Life Orb
|move|p1b: Incineroar|Parting Shot|p2b: Incineroar
|-unboost|p2b: Incineroar|atk|1
|-unboost|p2b: Incineroar|spa|1
|
|t:|1783540921
|switch|p1b: Torkoal|Torkoal, L50, M|100/100|[from] Parting Shot
|-weather|SunnyDay|[from] ability: Drought|[of] p1b: Torkoal
|move|p1a: Oranguru|Trick Room|p1a: Oranguru
|-fieldstart|move: Trick Room|[of] p1a: Oranguru
|
|-weather|SunnyDay|[upkeep]
|-heal|p1a: Oranguru|79/100|[from] item: Leftovers
|upkeep
|turn|2
|
|t:|1783540951
|move|p1b: Torkoal|Iron Defense|p1b: Torkoal
|-boost|p1b: Torkoal|def|2
|move|p2b: Incineroar|Parting Shot|p1b: Torkoal
|-unboost|p1b: Torkoal|atk|1
|-unboost|p1b: Torkoal|spa|1
|
|t:|1783540960
|switch|p2b: Staraptor|Staraptor, L50, F, shiny|100/100|[from] Parting Shot
|-ability|p2b: Staraptor|Intimidate|boost
|-fail|p1a: Oranguru|unboost|Attack|[from] ability: Inner Focus|[of] p1a: Oranguru
|-unboost|p1b: Torkoal|atk|1
|move|p1a: Oranguru|Instruct|p1b: Torkoal
|-singleturn|p1b: Torkoal|move: Instruct|[of] p1a: Oranguru
|move|p1b: Torkoal|Iron Defense|p1b: Torkoal
|-boost|p1b: Torkoal|def|2
|move|p2a: Garchomp|Rock Slide|p1a: Oranguru|[spread] 
|-miss|p2a: Garchomp|p1a: Oranguru
|-miss|p2a: Garchomp|p1b: Torkoal
|
|-weather|SunnyDay|[upkeep]
|-heal|p1a: Oranguru|85/100|[from] item: Leftovers
|upkeep
|turn|3
|inactive|MAD4DontKnowGame has 30 seconds left.
|inactive|aidensz has 30 seconds left.
|inactive|MAD4DontKnowGame has 20 seconds left.
|inactive|aidensz has 20 seconds left.
|
|t:|1783541003
|detailschange|p2b: Staraptor|Staraptor-Mega, L50, F, shiny
|-mega|p2b: Staraptor|Staraptor|Staraptite
|move|p2a: Garchomp|Protect|p2a: Garchomp
|-singleturn|p2a: Garchomp|Protect
|move|p1b: Torkoal|Body Press|p2a: Garchomp
|-activate|p2a: Garchomp|move: Protect
|move|p1a: Oranguru|Instruct|p1b: Torkoal
|-singleturn|p1b: Torkoal|move: Instruct|[of] p1a: Oranguru
|move|p1b: Torkoal|Body Press|p2a: Garchomp
|-activate|p2a: Garchomp|move: Protect
|move|p2b: Staraptor|Close Combat|p1a: Oranguru
|-damage|p1a: Oranguru|9/100
|-boost|p2b: Staraptor|def|1
|-boost|p2b: Staraptor|spd|1
|
|-weather|SunnyDay|[upkeep]
|-heal|p1a: Oranguru|15/100|[from] item: Leftovers
|upkeep
|turn|4
|inactive|MAD4DontKnowGame has 30 seconds left.
|inactive|aidensz has 30 seconds left.
|inactive|aidensz has 20 seconds left.
|inactive|aidensz has 15 seconds left.
|inactive|aidensz has 10 seconds left.
|
|t:|1783541051
|switch|p2a: Sinistcha|Sinistcha, L50|100/100
|move|p1b: Torkoal|Eruption|p2b: Staraptor|[spread] p2a,p2b
|-supereffective|p2a: Sinistcha|1
|-damage|p2a: Sinistcha|1/100
|-damage|p2b: Staraptor|55/100
|move|p1a: Oranguru|Future Sight|p2b: Staraptor
|-start|p1a: Oranguru|move: Future Sight
|move|p2b: Staraptor|Close Combat|p1a: Oranguru
|-damage|p1a: Oranguru|0 fnt
|-boost|p2b: Staraptor|def|1
|-boost|p2b: Staraptor|spd|1
|faint|p1a: Oranguru
|
|-weather|SunnyDay|[upkeep]
|upkeep
|
|t:|1783541071
|switch|p1a: Incineroar|Incineroar, L50, F, shiny|66/100
|-ability|p1a: Incineroar|Intimidate|boost
|-unboost|p2a: Sinistcha|atk|1
|-boost|p2b: Staraptor|atk|1
|turn|5
|
|t:|1783541085
|switch|p2a: Incineroar|Incineroar, L50, M|100/100
|-ability|p2a: Incineroar|Intimidate|boost
|-unboost|p1a: Incineroar|atk|1
|-unboost|p1b: Torkoal|atk|1
|move|p2b: Staraptor|Protect|p2b: Staraptor
|-singleturn|p2b: Staraptor|Protect
|move|p1a: Incineroar|Fake Out|p2b: Staraptor
|-activate|p2b: Staraptor|move: Protect
|move|p1b: Torkoal|Eruption|p2a: Incineroar|[spread] p2a
|-activate|p2b: Staraptor|move: Protect
|-resisted|p2a: Incineroar|1
|-damage|p2a: Incineroar|81/100
|
|-weather|none
|-fieldend|move: Trick Room
|upkeep
|turn|6
|inactive|MAD4DontKnowGame has 30 seconds left.
|inactive|MAD4DontKnowGame has 20 seconds left.
|inactive|MAD4DontKnowGame has 15 seconds left.
|inactive|MAD4DontKnowGame has 10 seconds left.
|
|t:|1783541130
|move|p2a: Incineroar|Fake Out|p1a: Incineroar
|-damage|p1a: Incineroar|56/100
|move|p2b: Staraptor|Close Combat|p1b: Torkoal
|-damage|p1b: Torkoal|74/100
|-boost|p2b: Staraptor|def|1
|-boost|p2b: Staraptor|spd|1
|cant|p1a: Incineroar|flinch
|move|p1b: Torkoal|Body Press|p2a: Incineroar
|-supereffective|p2a: Incineroar|1
|-damage|p2a: Incineroar|0 fnt
|faint|p2a: Incineroar
|
|-end|p2b: Staraptor|move: Future Sight
|-supereffective|p2b: Staraptor|1
|-damage|p2b: Staraptor|13/100
|upkeep
|
|t:|1783541137
|switch|p2a: Sinistcha|Sinistcha, L50|1/100
|-heal|p2b: Staraptor|38/100|[from] ability: Hospitality|[of] p2a: Sinistcha
|turn|7
|
|t:|1783541166
|switch|p1a: Scrafty|Scrafty, L50, M|100/100
|-ability|p1a: Scrafty|Intimidate|boost
|-unboost|p2a: Sinistcha|atk|1
|-boost|p2b: Staraptor|atk|1
|move|p2a: Sinistcha|Rage Powder|p2a: Sinistcha
|-singleturn|p2a: Sinistcha|move: Rage Powder
|move|p2b: Staraptor|Roost|p2b: Staraptor
|-heal|p2b: Staraptor|88/100
|-singleturn|p2b: Staraptor|move: Roost
|move|p1b: Torkoal|Eruption|p2a: Sinistcha|[spread] p2a,p2b
|-supereffective|p2a: Sinistcha|1
|-damage|p2a: Sinistcha|0 fnt
|-damage|p2b: Staraptor|73/100
|faint|p2a: Sinistcha
|
|upkeep
|
|t:|1783541174
|switch|p2a: Garchomp|Garchomp, L50, F|90/100
|turn|8
|inactive|MAD4DontKnowGame has 30 seconds left.
|inactive|MAD4DontKnowGame has 20 seconds left.
|inactive|MAD4DontKnowGame has 15 seconds left.
|inactive|MAD4DontKnowGame has 10 seconds left.
|
|t:|1783541220
|move|p2b: Staraptor|Close Combat|p1a: Scrafty
|-supereffective|p1a: Scrafty|1
|-damage|p1a: Scrafty|0 fnt
|-boost|p2b: Staraptor|def|1
|-boost|p2b: Staraptor|spd|1
|faint|p1a: Scrafty
|move|p2a: Garchomp|Earthquake|p1b: Torkoal|[spread] p1b
|-immune|p2b: Staraptor
|-supereffective|p1b: Torkoal|1
|-damage|p1b: Torkoal|50/100g
|-damage|p2a: Garchomp|80/100|[from] item: Life Orb
|move|p1b: Torkoal|Body Press|p2a: Garchomp
|-damage|p2a: Garchomp|8/100
|-damage|p1b: Torkoal|37/100|[from] ability: Rough Skin|[of] p2a: Garchomp
|
|upkeep
|
|t:|1783541236
|switch|p1a: Incineroar|Incineroar, L50, F, shiny|56/100
|-ability|p1a: Incineroar|Intimidate|boost
|-unboost|p2a: Garchomp|atk|1
|-boost|p2b: Staraptor|atk|1
|turn|9
|
|t:|1783541257
|move|p2b: Staraptor|Protect|p2b: Staraptor
|-singleturn|p2b: Staraptor|Protect
|move|p2a: Garchomp|Protect|p2a: Garchomp
|-singleturn|p2a: Garchomp|Protect
|move|p1a: Incineroar|Fake Out|p2b: Staraptor
|-activate|p2b: Staraptor|move: Protect
|move|p1b: Torkoal|Eruption|p2b: Staraptor|[spread] 
|-activate|p2a: Garchomp|move: Protect
|-activate|p2b: Staraptor|move: Protect
|
|upkeep
|turn|10
|inactive|aidensz has 30 seconds left.
|
|t:|1783541283
|move|p2b: Staraptor|Close Combat|p1b: Torkoal
|-damage|p1b: Torkoal|0 fnt
|-boost|p2b: Staraptor|def|1
|-boost|p2b: Staraptor|spd|1
|faint|p1b: Torkoal
|move|p2a: Garchomp|Earthquake|p1a: Incineroar|[spread] p1a
|-immune|p2b: Staraptor
|-supereffective|p1a: Incineroar|1
|-damage|p1a: Incineroar|0 fnt
|faint|p1a: Incineroar
|-damage|p2a: Garchomp|0 fnt|[from] item: Life Orb
|faint|p2a: Garchomp
|
|win|aidensz
|raw|MAD4DontKnowGame's rating: 1054 → 1037(-17 for losing)
|raw|aidensz's rating: 1073 → 1100(+27 for winning)
