|j|☆theminesoftagawa
|j|☆Kampfstube
|html|theminesoftagawaKampfstube    
|uhtml|bestof|Game 1 of a best-of-3
|t:|1757782061
|gametype|doubles
|player|p1|theminesoftagawa|101|
|player|p2|Kampfstube|n|
|gen|9
|tier|[Gen 9] VGC 2025 Reg H (Bo3)
|rule|Species Clause: Limit one of each Pokémon
|rule|Item Clause: Limit 1 of each item
|clearpoke
|poke|p1|Dondozo, L50, F|
|poke|p1|Tatsugiri, L50, M|
|poke|p1|Whimsicott, L50, M|
|poke|p1|Ursaluna-Bloodmoon, L50, M|
|poke|p1|Indeedee, L50, M|
|poke|p1|Sneasler, L50, F|
|poke|p2|Grimmsnarl, L50, M|
|poke|p2|Volcarona, L50, F|
|poke|p2|Annihilape, L50, F|
|poke|p2|Ursaluna-Bloodmoon, L50, M|
|poke|p2|Sneasler, L50, M|
|poke|p2|Dragonite, L50, M|
|teampreview|4
|showteam|p1|Dondozo||Leftovers|Unaware|Protect,HeavySlam,WaveCrash,OrderUp|||F|||50|,,,,,Steel]Tatsugiri||FocusSash|Commander|MuddyWater,DracoMeteor,IcyWind,Protect|||M|||50|,,,,,Fairy]Whimsicott||CovertCloak|Prankster|Moonblast,Tailwind,HelpingHand,LightScreen|||M|||50|,,,,,Water]Ursaluna-Bloodmoon||LifeOrb|MindsEye|Protect,HyperVoice,BloodMoon,EarthPower|||M|||50|,,,,,Normal]Indeedee||ChoiceScarf|PsychicSurge|SkillSwap,Trick,ExpandingForce,TeraBlast|||M|||50|,,,,,Psychic]Sneasler||PsychicSeed|Unburden|Protect,DireClaw,CloseCombat,ThroatChop|||F|||50|,,,,,Dark
|showteam|p2|Grimmsnarl||CovertCloak|Prankster|SpiritBreak,LightScreen,Reflect,ThunderWave|||M|||50|,,,,,Steel]Volcarona||SitrusBerry|FlameBody|GigaDrain,QuiverDance,FieryDance,Protect|||F|||50|,,,,,Grass]Annihilape||SafetyGoggles|Defiant|BulkUp,DrainPunch,Protect,RageFist|||F|||50|,,,,,Fire]Ursaluna-Bloodmoon||AssaultVest|MindsEye|EarthPower,BloodMoon,HyperVoice,VacuumWave|||M|||50|,,,,,Water]Sneasler||FocusSash|Unburden|FakeOut,Coaching,CloseCombat,DireClaw|||M|||50|,,,,,Ghost]Dragonite||LoadedDice|Multiscale|ScaleShot,Protect,Haze,ExtremeSpeed|||M|||50|,,,,,Steel
|inactive|Battle timer is ON: inactive players will automatically lose when time's up. (requested by Kampfstube)
|c|☆theminesoftagawa|glhf
|inactive|Kampfstube has 60 seconds left.
|c|☆Kampfstube|u2
|
|t:|1757782121
|teamsize|p1|4
|teamsize|p2|4
|start
|switch|p1a: Indeedee|Indeedee, L50, M|100/100
|switch|p1b: Sneasler|Sneasler, L50, F|100/100
|switch|p2a: Grimmsnarl|Grimmsnarl, L50, M|100/100
|switch|p2b: Volcarona|Volcarona, L50, F, shiny|100/100
|-fieldstart|move: Psychic Terrain|[from] ability: Psychic Surge|[of] p1a: Indeedee
|-enditem|p1b: Sneasler|Psychic Seed
|-boost|p1b: Sneasler|spd|1|[from] item: Psychic Seed
|turn|1
|
|t:|1757782142
|move|p2b: Volcarona|Protect|p2b: Volcarona
|-singleturn|p2b: Volcarona|Protect
|move|p2a: Grimmsnarl|Reflect|p2a: Grimmsnarl
|-sidestart|p2: Kampfstube|Reflect
|move|p1b: Sneasler|Dire Claw|p2b: Volcarona
|-activate|p2b: Volcarona|move: Protect
|move|p1a: Indeedee|Expanding Force|p2b: Volcarona|[spread] 
|-activate|p2b: Volcarona|move: Protect
|-immune|p2a: Grimmsnarl
|
|upkeep
|turn|2
|
|t:|1757782158
|move|p2a: Grimmsnarl|Light Screen|p2a: Grimmsnarl
|-sidestart|p2: Kampfstube|move: Light Screen
|move|p1b: Sneasler|Dire Claw|p2b: Volcarona
|-damage|p2b: Volcarona|70/100
|move|p1a: Indeedee|Expanding Force|p2a: Grimmsnarl|[spread] p2b
|-immune|p2a: Grimmsnarl
|-damage|p2b: Volcarona|34/100
|-enditem|p2b: Volcarona|Sitrus Berry|[eat]
|-heal|p2b: Volcarona|59/100|[from] item: Sitrus Berry
|move|p2b: Volcarona|Quiver Dance|p2b: Volcarona
|-boost|p2b: Volcarona|spa|1
|-boost|p2b: Volcarona|spd|1
|-boost|p2b: Volcarona|spe|1
|
|upkeep
|turn|3
|
|t:|1757782178
|move|p2b: Volcarona|Protect|p2b: Volcarona
|-singleturn|p2b: Volcarona|Protect
|move|p1b: Sneasler|Dire Claw|p2a: Grimmsnarl
|-supereffective|p2a: Grimmsnarl
|-damage|p2a: Grimmsnarl|44/100
|move|p1a: Indeedee|Expanding Force|p2b: Volcarona|[spread] 
|-activate|p2b: Volcarona|move: Protect
|-immune|p2a: Grimmsnarl
|move|p2a: Grimmsnarl|Spirit Break|p1a: Indeedee
|-damage|p1a: Indeedee|36/100
|-unboost|p1a: Indeedee|spa|1
|
|upkeep
|turn|4
|
|t:|1757782202
|move|p1b: Sneasler|Dire Claw|p2b: Volcarona
|-damage|p2b: Volcarona|32/100
|-status|p1b: Sneasler|brn|[from] ability: Flame Body|[of] p2b: Volcarona
|move|p1a: Indeedee|Expanding Force|p2b: Volcarona|[spread] p2b
|-immune|p2a: Grimmsnarl
|-damage|p2b: Volcarona|17/100
|move|p2b: Volcarona|Giga Drain|p1a: Indeedee
|-damage|p1a: Indeedee|0 fnt
|-heal|p2b: Volcarona|30/100|[from] drain|[of] p1a: Indeedee
|faint|p1a: Indeedee
|move|p2a: Grimmsnarl|Spirit Break|p1b: Sneasler
|-damage|p1b: Sneasler|45/100 brn
|-unboost|p1b: Sneasler|spa|1
|
|-damage|p1b: Sneasler|39/100 brn|[from] brn
|upkeep
|
|t:|1757782211
|switch|p1a: Dondozo|Dondozo, L50, F|100/100
|turn|5
|inactive|Kampfstube has 30 seconds left.
|
|t:|1757782242
|move|p2b: Volcarona|Protect|p2b: Volcarona
|-singleturn|p2b: Volcarona|Protect
|move|p1a: Dondozo|Protect|p1a: Dondozo
|-singleturn|p1a: Dondozo|Protect
|move|p1b: Sneasler|Dire Claw|p2a: Grimmsnarl
|-supereffective|p2a: Grimmsnarl
|-damage|p2a: Grimmsnarl|14/100
|move|p2a: Grimmsnarl|Spirit Break|p1b: Sneasler
|-damage|p1b: Sneasler|0 fnt
|faint|p1b: Sneasler
|
|-sideend|p2: Kampfstube|Reflect
|-fieldend|move: Psychic Terrain
|upkeep
|
|t:|1757782252
|switch|p1b: Tatsugiri|Tatsugiri, L50, M|100/100
|-activate|p1b: Tatsugiri|ability: Commander|[of] p1a: Dondozo
|-boost|p1a: Dondozo|atk|2
|-boost|p1a: Dondozo|spa|2
|-boost|p1a: Dondozo|spe|2
|-boost|p1a: Dondozo|def|2
|-boost|p1a: Dondozo|spd|2
|turn|6
|
|t:|1757782273
|switch|p2b: Dragonite|Dragonite, L50, M|100/100
|-terastallize|p1a: Dondozo|Steel
|move|p2a: Grimmsnarl|Reflect|p2a: Grimmsnarl
|-sidestart|p2: Kampfstube|Reflect
|move|p1a: Dondozo|Order Up|p2b: Dragonite
|-supereffective|p2b: Dragonite
|-damage|p2b: Dragonite|68/100
|-boost|p1a: Dondozo|atk|1
|
|-sideend|p2: Kampfstube|move: Light Screen
|upkeep
|turn|7
|
|t:|1757782286
|move|p2a: Grimmsnarl|Thunder Wave|p1a: Dondozo
|-status|p1a: Dondozo|par
|move|p2b: Dragonite|Haze|p2b: Dragonite
|-clearallboost
|move|p1a: Dondozo|Order Up|p2b: Dragonite
|-supereffective|p2b: Dragonite
|-damage|p2b: Dragonite|35/100
|-boost|p1a: Dondozo|atk|1
|
|upkeep
|turn|8
|
|t:|1757782306
|switch|p2b: Annihilape|Annihilape, L50, F|100/100
|move|p2a: Grimmsnarl|Spirit Break|p1a: Dondozo
|-resisted|p1a: Dondozo
|-damage|p1a: Dondozo|90/100 par
|-unboost|p1a: Dondozo|spa|1
|move|p1a: Dondozo|Order Up|p2b: Annihilape
|-damage|p2b: Annihilape|75/100
|-boost|p1a: Dondozo|atk|1
|
|-heal|p1a: Dondozo|96/100 par|[from] item: Leftovers
|upkeep
|turn|9
|
|t:|1757782329
|switch|p2a: Volcarona|Volcarona, L50, F, shiny|30/100
|move|p2b: Annihilape|Bulk Up|p2b: Annihilape
|-boost|p2b: Annihilape|atk|1
|-boost|p2b: Annihilape|def|1
|move|p1a: Dondozo|Wave Crash|p2b: Annihilape
|-damage|p2b: Annihilape|9/100
|-damage|p1a: Dondozo|76/100 par|[from] Recoil
|
|-heal|p1a: Dondozo|82/100 par|[from] item: Leftovers
|upkeep
|turn|10
|
|t:|1757782345
|-terastallize|p2a: Volcarona|Grass
|move|p2a: Volcarona|Fiery Dance|p1a: Dondozo
|-supereffective|p1a: Dondozo
|-damage|p1a: Dondozo|0 fnt
|-boost|p2a: Volcarona|spa|1
|faint|p1a: Dondozo
|move|p2b: Annihilape|Drain Punch|p1b: Tatsugiri
|-damage|p1b: Tatsugiri|5/100
|-heal|p2b: Annihilape|41/100|[from] drain|[of] p1b: Tatsugiri
|
|-sideend|p2: Kampfstube|Reflect
|upkeep
|turn|11
|
|t:|1757782360
|move|p1b: Tatsugiri|Muddy Water|p2b: Annihilape|[spread] p2a,p2b
|-resisted|p2a: Volcarona
|-damage|p2a: Volcarona|16/100
|-damage|p2b: Annihilape|14/100
|-unboost|p2a: Volcarona|accuracy|1
|-unboost|p2b: Annihilape|accuracy|1
|-ability|p2b: Annihilape|Defiant|boost
|-boost|p2b: Annihilape|atk|2
|move|p2a: Volcarona|Giga Drain|p1b: Tatsugiri
|-damage|p1b: Tatsugiri|0 fnt
|-heal|p2a: Volcarona|18/100|[from] drain|[of] p1b: Tatsugiri
|faint|p1b: Tatsugiri
|
|win|Kampfstube
||Kampfstube is ready for game 2.
|inactive|theminesoftagawa has 30 seconds to confirm battle start!
