|j|☆Huasometa
|j|☆drifterking40
|html|Huasometadrifterking40    
|uhtml|bestof|Game 3 of a best-of-3
|t:|1783650118
|gametype|doubles
|player|p1|Huasometa|elesa|1144
|player|p2|drifterking40|cyclist-gen4|1056
|gen|9
|tier|[Gen 9 Champions] VGC 2026 Reg M-B (Bo3)
|rated|
|rule|Species Clause: Limit one of each Pokémon
|rule|Item Clause: Limit 1 of each item
|clearpoke
|poke|p1|Chandelure, L50, M|
|poke|p1|Kangaskhan, L50, F|
|poke|p1|Sylveon, L50, M|
|poke|p1|Kingambit, L50, F|
|poke|p1|Rotom-Wash, L50|
|poke|p1|Venusaur, L50, M|
|poke|p2|Delphox, L50, F|
|poke|p2|Garchomp, L50, M|
|poke|p2|Maushold-Four, L50|
|poke|p2|Tyranitar, L50, F|
|poke|p2|Tsareena, L50, F|
|poke|p2|Raichu, L50, F|
|teampreview|4
|showteam|p1|Chandelure||FocusSash|FlashFire|HeatWave,ShadowBall,TrickRoom,Taunt|Quiet||M|||50|]Kangaskhan||Kangaskhanite|InnerFocus|FakeOut,DoubleEdge,SuckerPunch,HammerArm|Brave||F|||50|]Sylveon||FairyFeather|Pixilate|HyperVoice,Protect,HyperBeam,QuickAttack|Quiet||M|||50|]Kingambit||BlackGlasses|Defiant|KowtowCleave,SuckerPunch,IronHead,Protect|Brave||F|||50|]Rotom-Wash||SitrusBerry|Levitate|ThunderWave,VoltSwitch,HydroPump,Protect|Calm|||||50|]Venusaur||Venusaurite|Chlorophyll|EarthPower,SleepPowder,GigaDrain,Protect|Modest||M|||50|
|showteam|p2|Delphox||Delphoxite|Blaze|Psychic,HeatWave,Protect,Encore|Timid||F|||50|]Garchomp||Garchompite|RoughSkin|StompingTantrum,Protect,Earthquake,RockSlide|Adamant||M|||50|]Maushold-Four||FocusSash|FriendGuard|BatonPass,TidyUp,Substitute,SuperFang|Timid|||||50|]Tyranitar||Tyranitarite|SandStream|RockSlide,LowKick,KnockOff,Protect|Brave||F|||50|]Tsareena||OccaBerry|QueenlyMajesty|Uturn,HelpingHand,Acupressure,TropKick|Adamant||F|||50|]Raichu||RaichuniteY|LightningRod|FakeOut,ZapCannon,Thunderbolt,Encore|Timid||F|||50|
|inactive|Battle timer is ON: inactive players will automatically lose when time's up. (requested by drifterking40)
|
|t:|1783650137
|teamsize|p1|4
|teamsize|p2|4
|start
|switch|p1a: Venusaur|Venusaur, L50, M|100/100
|switch|p1b: Sylveon|Sylveon, L50, M|100/100
|switch|p2a: Raichu|Raichu, L50, F|100/100
|switch|p2b: Delphox|Delphox, L50, F|100/100
|turn|1
|
|t:|1783650155
|switch|p1a: Rotom|Rotom-Wash, L50|100/100
|move|p2a: Raichu|Fake Out|p1a: Rotom
|-damage|p1a: Rotom|90/100
|move|p2b: Delphox|Heat Wave|p1b: Sylveon|[spread] p1a,p1b
|-resisted|p1a: Rotom|1
|-damage|p1a: Rotom|77/100
|-damage|p1b: Sylveon|76/100
|move|p1b: Sylveon|Hyper Voice|p2b: Delphox|[spread] p2a,p2b
|-resisted|p2b: Delphox|1
|-damage|p2a: Raichu|31/100
|-damage|p2b: Delphox|72/100
|
|upkeep
|turn|2
|
|t:|1783650176
|detailschange|p2a: Raichu|Raichu-Mega-Y, L50, F
|-mega|p2a: Raichu|Raichu|Raichunite Y
|move|p2b: Delphox|Protect|p2b: Delphox
|-singleturn|p2b: Delphox|Protect
|move|p2a: Raichu|Zap Cannon|p1b: Sylveon
|-damage|p1b: Sylveon|24/100
|-status|p1b: Sylveon|par
|move|p1a: Rotom|Hydro Pump|p2b: Delphox
|-activate|p2b: Delphox|move: Protect
|move|p1b: Sylveon|Hyper Voice|p2a: Raichu|[spread] p2a
|-activate|p2b: Delphox|move: Protect
|-damage|p2a: Raichu|0 fnt
|faint|p2a: Raichu
|
|upkeep
|
|t:|1783650186
|switch|p2a: Tsareena|Tsareena, L50, F|100/100
|turn|3
|inactive|Huasometa has 30 seconds left.
|inactive|drifterking40 has 30 seconds left.
|inactive|drifterking40 has 20 seconds left.
|
|t:|1783650225
|move|p1a: Rotom|Protect|p1a: Rotom
|-singleturn|p1a: Rotom|Protect
|move|p2b: Delphox|Heat Wave|p1b: Sylveon|[spread] p1b
|-activate|p1a: Rotom|move: Protect
|-damage|p1b: Sylveon|2/100 par
|move|p2a: Tsareena|Trop Kick|p1a: Rotom
|-activate|p1a: Rotom|move: Protect
|move|p1b: Sylveon|Hyper Beam|p2a: Tsareena
|-damage|p2a: Tsareena|17/100
|-mustrecharge|p1b: Sylveon
|
|upkeep
|turn|4
|inactive|Huasometa has 30 seconds left.
|inactive|Huasometa has 20 seconds left.
|inactive|drifterking40 has 30 seconds left.
|
|t:|1783650266
|move|p2b: Delphox|Encore|p1a: Rotom
|-start|p1a: Rotom|Encore
|move|p1a: Rotom|Protect|p1a: Rotom
|-singleturn|p1a: Rotom|Protect
|move|p2a: Tsareena|Acupressure|p2b: Delphox
|-boost|p2b: Delphox|spd|2
|cant|p1b: Sylveon|recharge
|
|upkeep
|turn|5
|
|t:|1783650285
|switch|p1a: Chandelure|Chandelure, L50, M|100/100
|move|p2b: Delphox|Heat Wave|p1b: Sylveon|[spread] p1b
|-start|p1a: Chandelure|ability: Flash Fire
|-damage|p1b: Sylveon|0 fnt
|faint|p1b: Sylveon
|move|p2a: Tsareena|Acupressure|p2b: Delphox
|-boost|p2b: Delphox|spd|2
|
|upkeep
|inactive|Huasometa has 30 seconds left.
|
|t:|1783650319
|switch|p1b: Venusaur|Venusaur, L50, M|100/100
|turn|6
|inactive|Huasometa has 30 seconds left.
|inactive|Huasometa has 20 seconds left.
|inactive|drifterking40 has 30 seconds left.
|inactive|Huasometa has 15 seconds left.
|inactive|Huasometa has 10 seconds left.
|
|t:|1783650364
|detailschange|p1b: Venusaur|Venusaur-Mega, L50, M
|-mega|p1b: Venusaur|Venusaur|Venusaurite
|move|p2b: Delphox|Psychic|p1a: Chandelure
|-damage|p1a: Chandelure|47/100
|move|p1b: Venusaur|Giga Drain|p2a: Tsareena
|-resisted|p2a: Tsareena|1
|-damage|p2a: Tsareena|2/100
|move|p2a: Tsareena|Acupressure|p2b: Delphox
|-boost|p2b: Delphox|spe|2
|move|p1a: Chandelure|Trick Room|p1a: Chandelure
|-fieldstart|move: Trick Room|[of] p1a: Chandelure
|
|upkeep
|turn|7
|inactive|drifterking40 has 30 seconds left.
|
|t:|1783650394
|switch|p2a: Garchomp|Garchomp, L50, M|100/100
|move|p1a: Chandelure|Shadow Ball|p2a: Garchomp
|-damage|p2a: Garchomp|47/100
|move|p1b: Venusaur|Sleep Powder|p2b: Delphox|[miss]
|-miss|p1b: Venusaur|p2b: Delphox
|move|p2b: Delphox|Psychic|p1b: Venusaur
|-supereffective|p1b: Venusaur|1
|-damage|p1b: Venusaur|29/100
|
|upkeep
|turn|8
|
|t:|1783650408
|move|p2a: Garchomp|Protect|p2a: Garchomp
|-singleturn|p2a: Garchomp|Protect
|move|p2b: Delphox|Protect|p2b: Delphox
|-singleturn|p2b: Delphox|Protect
|move|p1a: Chandelure|Shadow Ball|p2a: Garchomp
|-activate|p2a: Garchomp|move: Protect
|move|p1b: Venusaur|Sleep Powder|p2b: Delphox
|-activate|p2b: Delphox|move: Protect
|
|upkeep
|turn|9
|inactive|drifterking40 has 30 seconds left.
|inactive|drifterking40 has 20 seconds left.
|
|t:|1783650445
|switch|p2a: Tsareena|Tsareena, L50, F|2/100
|move|p1a: Chandelure|Shadow Ball|p2a: Tsareena
|-damage|p2a: Tsareena|0 fnt
|faint|p2a: Tsareena
|move|p1b: Venusaur|Sleep Powder|p2b: Delphox
|-status|p2b: Delphox|slp|[from] move: Sleep Powder
|cant|p2b: Delphox|slp
|
|upkeep
|
|t:|1783650452
|switch|p2a: Garchomp|Garchomp, L50, M|47/100
|turn|10
|
|t:|1783650481
|move|p2a: Garchomp|Protect|p2a: Garchomp
|-singleturn|p2a: Garchomp|Protect
|move|p1a: Chandelure|Shadow Ball|p2b: Delphox
|-supereffective|p2b: Delphox|1
|-damage|p2b: Delphox|36/100 slp
|-unboost|p2b: Delphox|spd|1
|move|p1b: Venusaur|Earth Power|p2b: Delphox
|-supereffective|p2b: Delphox|1
|-damage|p2b: Delphox|5/100 slp
|cant|p2b: Delphox|slp
|
|-fieldend|move: Trick Room
|upkeep
|turn|11
|
|t:|1783650498
|-end|p1a: Chandelure|ability: Flash Fire|[silent]
|switch|p1a: Rotom|Rotom-Wash, L50|77/100
|move|p1b: Venusaur|Protect|p1b: Venusaur
|-singleturn|p1b: Venusaur|Protect
|-curestatus|p2b: Delphox|slp|[msg]
|move|p2b: Delphox|Psychic|p1b: Venusaur
|-activate|p1b: Venusaur|move: Protect
|move|p2a: Garchomp|Rock Slide|p1b: Venusaur|[spread] p1a
|-activate|p1b: Venusaur|move: Protect
|-damage|p1a: Rotom|54/100
|
|upkeep
|turn|12
|inactive|drifterking40 has 30 seconds left.
|inactive|drifterking40 has 20 seconds left.
|inactive|drifterking40 has 15 seconds left.
|inactive|drifterking40 has 10 seconds left.
|inactive|drifterking40 has 5 seconds left.
|
|t:|1783650551
|switch|p1b: Chandelure|Chandelure, L50, M|47/100
|move|p2b: Delphox|Encore||[still]
|-fail|p2b: Delphox
|move|p2a: Garchomp|Rock Slide|p1a: Rotom|[spread] p1a,p1b
|-supereffective|p1b: Chandelure|1
|-damage|p1a: Rotom|34/100
|-damage|p1b: Chandelure|0 fnt
|-enditem|p1a: Rotom|Sitrus Berry|[eat]
|-heal|p1a: Rotom|59/100|[from] item: Sitrus Berry
|faint|p1b: Chandelure
|move|p1a: Rotom|Volt Switch|p2b: Delphox
|-damage|p2b: Delphox|0 fnt
|faint|p2b: Delphox
|
|t:|1783650563
|switch|p1a: Venusaur|Venusaur-Mega, L50, M|29/100|[from] Volt Switch
|
|upkeep
|
|t:|1783650565
|switch|p1b: Rotom|Rotom-Wash, L50|59/100
|turn|13
|
|t:|1783650571
|move|p1a: Venusaur|Protect|p1a: Venusaur
|-singleturn|p1a: Venusaur|Protect
|move|p2a: Garchomp|Earthquake|p1a: Venusaur|[spread] 
|-activate|p1a: Venusaur|move: Protect
|-immune|p1b: Rotom|[from] ability: Levitate
|move|p1b: Rotom|Hydro Pump|p2a: Garchomp
|-damage|p2a: Garchomp|3/100
|
|upkeep
|turn|14
|
|t:|1783650584
|move|p2a: Garchomp|Earthquake|p1a: Venusaur|[spread] p1a
|-immune|p1b: Rotom|[from] ability: Levitate
|-damage|p1a: Venusaur|1/100
|move|p1a: Venusaur|Giga Drain|p2a: Garchomp
|-damage|p2a: Garchomp|0 fnt
|-heal|p1a: Venusaur|2/100|[from] drain|[of] p2a: Garchomp
|faint|p2a: Garchomp
|
|win|Huasometa
|raw|Huasometa's rating: 1144 → 1163(+19 for winning)
|raw|drifterking40's rating: 1056 → 1042(-14 for losing)
|l|☆drifterking40
|player|p2|
