|j|☆danicruz.music
|j|☆TeyOnTheRox
|html|danicruz.musicTeyOnTheRox    
|uhtml|bestof|Game 3 of a best-of-3
|t:|1757735066
|gametype|doubles
|player|p1|danicruz.music|whitney|1186
|player|p2|TeyOnTheRox|benga|1129
|gen|9
|tier|[Gen 9] VGC 2025 Reg H (Bo3)
|rated|
|rule|Species Clause: Limit one of each Pokémon
|rule|Item Clause: Limit 1 of each item
|clearpoke
|poke|p1|Dondozo, L50, M|
|poke|p1|Tatsugiri-Droopy, L50, F|
|poke|p1|Pelipper, L50, M|
|poke|p1|Archaludon, L50, F|
|poke|p1|Weezing-Galar, L50, F|
|poke|p1|Dragapult, L50, M|
|poke|p2|Tyranitar, L50, F|
|poke|p2|Excadrill, L50, M|
|poke|p2|Sneasler, L50, F|
|poke|p2|Indeedee, L50, M|
|poke|p2|Corviknight, L50, F|
|poke|p2|Annihilape, L50, M|
|teampreview|4
|showteam|p1|Dondozo||Leftovers|Unaware|WaveCrash,Earthquake,OrderUp,Protect|||M|||50|,,,,,Ground]Tatsugiri-Droopy||AssaultVest|Commander|DragonPulse,DracoMeteor,MuddyWater,IcyWind|||F|||50|,,,,,Fairy]Pelipper||FocusSash|Drizzle|Hurricane,WeatherBall,WideGuard,Tailwind|||M|||50|,,,,,Fire]Archaludon||PowerHerb|Stalwart|ElectroShot,FlashCannon,DracoMeteor,Protect|||F|||50|,,,,,Electric]Weezing-Galar||RockyHelmet|NeutralizingGas|DazzlingGleam,PoisonGas,SludgeBomb,Protect|||F|||50|,,,,,Flying]Dragapult||LifeOrb|ClearBody|DragonDarts,Protect,PhantomForce,TeraBlast|||M|||50|,,,,,Fighting
|showteam|p2|Tyranitar||AssaultVest|SandStream|RockSlide,KnockOff,TeraBlast,LowKick|||F|||50|,,,,,Flying]Excadrill||FocusSash|SandRush|IronHead,HighHorsepower,Earthquake,Protect|||M|||50|,,,,,Stellar]Sneasler||PsychicSeed|Unburden|DireClaw,CloseCombat,ThroatChop,Protect|||F|||50|,,,,,Dark]Indeedee||ChoiceScarf|PsychicSurge|ExpandingForce,TeraBlast,Protect,Trick|||M|||50|,,,,,Psychic]Corviknight||Leftovers|MirrorArmor|BraveBird,BulkUp,Roost,Tailwind|||F|||50|,,,,,Dragon]Annihilape||SafetyGoggles|Defiant|CloseCombat,FinalGambit,RageFist,Taunt|||M|||50|,,,,,Water
|inactive|Battle timer is ON: inactive players will automatically lose when time's up. (requested by danicruz.music)
|
|t:|1757735082
|teamsize|p1|4
|teamsize|p2|4
|start
|switch|p1a: Dondozo|Dondozo, L50, M|100/100
|switch|p1b: Tatsugiri|Tatsugiri-Droopy, L50, F|100/100
|switch|p2a: Cars II|Corviknight, L50, F|100/100
|switch|p2b: Lightnin'|Sneasler, L50, F|100/100
|-activate|p1b: Tatsugiri|ability: Commander|[of] p1a: Dondozo
|-boost|p1a: Dondozo|atk|2
|-boost|p1a: Dondozo|spa|2
|-boost|p1a: Dondozo|spe|2
|-boost|p1a: Dondozo|def|2
|-boost|p1a: Dondozo|spd|2
|turn|1
|
|t:|1757735101
|move|p2b: Lightnin'|Dire Claw|p1a: Dondozo
|-damage|p1a: Dondozo|86/100
|-status|p1a: Dondozo|psn
|move|p1a: Dondozo|Order Up|p2a: Cars II
|-resisted|p2a: Cars II
|-damage|p2a: Cars II|83/100
|-boost|p1a: Dondozo|def|1
|move|p2a: Cars II|Tailwind|p2a: Cars II
|-sidestart|p2: TeyOnTheRox|move: Tailwind
|
|-heal|p2a: Cars II|89/100|[from] item: Leftovers
|-heal|p1a: Dondozo|93/100 psn|[from] item: Leftovers
|-damage|p1a: Dondozo|80/100 psn|[from] psn
|upkeep
|turn|2
|inactive|TeyOnTheRox has 30 seconds left.
|
|t:|1757735127
|-terastallize|p1a: Dondozo|Ground
|move|p2b: Lightnin'|Protect|p2b: Lightnin'
|-singleturn|p2b: Lightnin'|Protect
|move|p2a: Cars II|Bulk Up|p2a: Cars II
|-boost|p2a: Cars II|atk|1
|-boost|p2a: Cars II|def|1
|move|p1a: Dondozo|Earthquake|p2a: Cars II|[spread] 
|-miss|p1a: Dondozo|p1b: Tatsugiri
|-activate|p2b: Lightnin'|move: Protect
|-immune|p2a: Cars II
|
|-heal|p2a: Cars II|95/100|[from] item: Leftovers
|-heal|p1a: Dondozo|86/100 psn|[from] item: Leftovers
|-damage|p1a: Dondozo|74/100 psn|[from] psn
|upkeep
|turn|3
|
|t:|1757735149
|move|p2b: Lightnin'|Close Combat|p1a: Dondozo
|-damage|p1a: Dondozo|55/100 psn
|-unboost|p2b: Lightnin'|def|1
|-unboost|p2b: Lightnin'|spd|1
|move|p2a: Cars II|Brave Bird|p1a: Dondozo
|-damage|p1a: Dondozo|43/100 psn
|-damage|p2a: Cars II|90/100|[from] Recoil
|move|p1a: Dondozo|Earthquake|p2b: Lightnin'|[spread] p2b
|-miss|p1a: Dondozo|p1b: Tatsugiri
|-immune|p2a: Cars II
|-supereffective|p2b: Lightnin'
|-damage|p2b: Lightnin'|0 fnt
|faint|p2b: Lightnin'
|
|-heal|p2a: Cars II|96/100|[from] item: Leftovers
|-heal|p1a: Dondozo|50/100 psn|[from] item: Leftovers
|-damage|p1a: Dondozo|37/100 psn|[from] psn
|upkeep
|
|t:|1757735157
|switch|p2b: Cars I|Indeedee, L50, M, shiny|100/100
|-fieldstart|move: Psychic Terrain|[from] ability: Psychic Surge|[of] p2b: Cars I
|turn|4
|
|t:|1757735176
|move|p1a: Dondozo|Protect|p1a: Dondozo
|-singleturn|p1a: Dondozo|Protect
|move|p2b: Cars I|Expanding Force|p1b: Tatsugiri|[spread] 
|-miss|p2b: Cars I|p1b: Tatsugiri
|-activate|p1a: Dondozo|move: Protect
|move|p2a: Cars II|Brave Bird|p1a: Dondozo
|-activate|p1a: Dondozo|move: Protect
|
|-heal|p2a: Cars II|100/100|[from] item: Leftovers
|-heal|p1a: Dondozo|43/100 psn|[from] item: Leftovers
|-damage|p1a: Dondozo|31/100 psn|[from] psn
|-sideend|p2: TeyOnTheRox|move: Tailwind
|upkeep
|turn|5
|
|t:|1757735194
|-terastallize|p2b: Cars I|Psychic
|move|p2b: Cars I|Expanding Force|p1b: Tatsugiri|[spread] p1a
|-miss|p2b: Cars I|p1b: Tatsugiri
|-damage|p1a: Dondozo|0 fnt
|faint|p1a: Dondozo
|move|p2a: Cars II|Brave Bird|p1b: Tatsugiri
|-damage|p1b: Tatsugiri|0 fnt
|faint|p1b: Tatsugiri
|-damage|p2a: Cars II|77/100|[from] Recoil
|
|-heal|p2a: Cars II|83/100|[from] item: Leftovers
|upkeep
|
|t:|1757735201
|switch|p1b: Dragapult|Dragapult, L50, M|100/100
|switch|p1a: Weezing|Weezing-Galar, L50, F|100/100
|-ability|p1a: Weezing|Neutralizing Gas
|turn|6
|-message|danicruz.music forfeited.
|
|win|TeyOnTheRox
|raw|danicruz.music's rating: 1186 → 1157(-29 for losing)
|raw|TeyOnTheRox's rating: 1129 → 1158(+29 for winning)
