|j|☆new mental
|j|☆raksbach
|html|new mentalraksbach    
|uhtml|bestof|Game 1 of a best-of-3
|t:|1784544088
|gametype|doubles
|player|p1|new mental|volkner|
|player|p2|raksbach|266|
|gen|9
|tier|[Gen 9 Champions] VGC 2026 Reg M-B (Bo3)
|rule|Species Clause: Limit one of each Pokémon
|rule|Item Clause: Limit 1 of each item
|clearpoke
|poke|p1|Garchomp, L50, M|
|poke|p1|Venusaur, L50, F|
|poke|p1|Incineroar, L50, M|
|poke|p1|Charizard, L50, F|
|poke|p1|Toxapex, L50, F|
|poke|p1|Annihilape, L50, M|
|poke|p2|Incineroar, L50, F|
|poke|p2|Maushold, L50|
|poke|p2|Sinistcha, L50|
|poke|p2|Sneasler, L50, F|
|poke|p2|Blastoise, L50, F|
|poke|p2|Delphox, L50, F|
|teampreview|4
|showteam|p1|Garchomp||ChoiceScarf|RoughSkin|Earthquake,RockSlide,DragonClaw,StompingTantrum|Adamant||M|||50|]Venusaur||LifeOrb|Chlorophyll|SludgeBomb,SolarBeam,EarthPower,Protect|Modest||F|||50|]Incineroar||SitrusBerry|Intimidate|FakeOut,FlareBlitz,ThroatChop,PartingShot|Impish||M|||50|]Charizard||CharizarditeY|Blaze|HeatWave,WeatherBall,Protect,HelpingHand|Modest||F|||50|]Toxapex||Leftovers|Regenerator|Infestation,Toxic,WideGuard,BanefulBunker|Impish||F|||50|]Annihilape||FocusSash|Defiant|CloseCombat,PhantomForce,RockTomb,Protect|Jolly||M|||50|
|showteam|p2|Incineroar||SitrusBerry|Intimidate|FakeOut,FlareBlitz,DarkestLariat,PartingShot|Impish||F|||50|]Maushold||ChopleBerry|FriendGuard|SuperFang,FollowMe,Protect,Feint|Impish|||||50|]Sinistcha||OccaBerry|Hospitality|MatchaGotcha,LifeDew,RagePowder,Protect|Bold|||||50|]Sneasler||FocusSash|PoisonTouch|FakeOut,CloseCombat,DireClaw,QuickGuard|Jolly||F|||50|]Blastoise||Blastoisinite|Torrent|WaterSpout,DarkPulse,ShellSmash,Protect|Modest||F|||50|]Delphox||Delphoxite|Blaze|HeatWave,Psychic,NastyPlot,Protect|Timid||F|||50|
|inactive|Battle timer is ON: inactive players will automatically lose when time's up. (requested by raksbach)
|inactiveoff|Battle timer is now OFF.
|
|t:|1784544377
|teamsize|p1|4
|teamsize|p2|4
|start
|switch|p1a: Annihilape|Annihilape, L50, M|100/100
|switch|p1b: Garchomp|Garchomp, L50, M|100/100
|switch|p2a: Sinistcha|Sinistcha, L50|100/100
|switch|p2b: Delphox|Delphox, L50, F|100/100
|turn|1
|
|t:|1784544424
|detailschange|p2b: Delphox|Delphox-Mega, L50, F
|-mega|p2b: Delphox|Delphox|Delphoxite
|move|p2a: Sinistcha|Rage Powder|p2a: Sinistcha
|-singleturn|p2a: Sinistcha|move: Rage Powder
|move|p1b: Garchomp|Rock Slide|p2b: Delphox|[spread] p2a,p2b
|-supereffective|p2b: Delphox|1
|-damage|p2a: Sinistcha|82/100
|-damage|p2b: Delphox|49/100
|cant|p2b: Delphox|flinch
|move|p1a: Annihilape|Rock Tomb|p2a: Sinistcha
|-damage|p2a: Sinistcha|66/100
|-unboost|p2a: Sinistcha|spe|1
|
|upkeep
|turn|2
|
|t:|1784544459
|move|p2b: Delphox|Protect|p2b: Delphox
|-singleturn|p2b: Delphox|Protect
|move|p1b: Garchomp|Rock Slide|p2b: Delphox|[spread] p2a
|-activate|p2b: Delphox|move: Protect
|-damage|p2a: Sinistcha|50/100g
|move|p1a: Annihilape|Phantom Force||[still]
|-prepare|p1a: Annihilape|Phantom Force
|move|p2a: Sinistcha|Life Dew|p2a: Sinistcha|[spread] p2a,p2b
|-heal|p2a: Sinistcha|75/100
|-heal|p2b: Delphox|73/100
|
|upkeep
|turn|3
|
|t:|1784544475
|switch|p2b: Incineroar|Incineroar, L50, F|100/100
|-ability|p2b: Incineroar|Intimidate|boost
|-unboost|p1a: Annihilape|atk|1
|-ability|p1a: Annihilape|Defiant|boost
|-boost|p1a: Annihilape|atk|2
|-unboost|p1b: Garchomp|atk|1
|move|p1b: Garchomp|Rock Slide|p2a: Sinistcha|[spread] p2a,p2b
|-supereffective|p2b: Incineroar|1
|-damage|p2a: Sinistcha|65/100
|-damage|p2b: Incineroar|81/100
|move|p1a: Annihilape|Phantom Force|p2b: Incineroar|[from] lockedmove
|-resisted|p2b: Incineroar|1
|-damage|p2b: Incineroar|57/100
|move|p2a: Sinistcha|Matcha Gotcha|p1b: Garchomp|[spread] p1a,p1b
|-damage|p1a: Annihilape|75/100
|-heal|p2a: Sinistcha|78/100|[from] drain|[of] p1a: Annihilape
|-damage|p1b: Garchomp|74/100
|-heal|p2a: Sinistcha|93/100|[from] drain|[of] p1b: Garchomp
|-status|p1b: Garchomp|brn
|
|-damage|p1b: Garchomp|68/100 brn|[from] brn
|upkeep
|turn|4
|
|t:|1784544509
|switch|p1b: Charizard|Charizard, L50, F|100/100
|move|p1a: Annihilape|Phantom Force||[still]
|-prepare|p1a: Annihilape|Phantom Force
|move|p2b: Incineroar|Flare Blitz|p1a: Annihilape|[miss]
|-miss|p2b: Incineroar|p1a: Annihilape
|move|p2a: Sinistcha|Matcha Gotcha|p1a: Annihilape|[spread] p1b
|-miss|p2a: Sinistcha|p1a: Annihilape
|-resisted|p1b: Charizard|2
|-damage|p1b: Charizard|92/100
|-heal|p2a: Sinistcha|97/100|[from] drain|[of] p1b: Charizard
|
|upkeep
|turn|5
|
|t:|1784544544
|detailschange|p1b: Charizard|Charizard-Mega-Y, L50, F
|-mega|p1b: Charizard|Charizard|Charizardite Y
|-weather|SunnyDay|[from] ability: Drought|[of] p1b: Charizard
|move|p2a: Sinistcha|Protect|p2a: Sinistcha
|-singleturn|p2a: Sinistcha|Protect
|move|p1a: Annihilape|Phantom Force|p2a: Sinistcha|[from] lockedmove
|-activate|p2a: Sinistcha|move: Phantom Force|[broken]
|-supereffective|p2a: Sinistcha|1
|-damage|p2a: Sinistcha|0 fnt
|faint|p2a: Sinistcha
|move|p1b: Charizard|Weather Ball|p2b: Incineroar
|-resisted|p2b: Incineroar|1
|-damage|p2b: Incineroar|18/100
|-enditem|p2b: Incineroar|Sitrus Berry|[eat]
|-heal|p2b: Incineroar|43/100|[from] item: Sitrus Berry
|move|p2b: Incineroar|Parting Shot|p1b: Charizard
|-unboost|p1b: Charizard|atk|1
|-unboost|p1b: Charizard|spa|1
|
|t:|1784544561
|switch|p2b: Delphox|Delphox-Mega, L50, F|73/100|[from] Parting Shot
|
|-weather|SunnyDay|[upkeep]
|upkeep
|
|t:|1784544566
|switch|p2a: Sneasler|Sneasler, L50, F|100/100
|turn|6
|
|t:|1784544585
|move|p1a: Annihilape|Protect|p1a: Annihilape
|-singleturn|p1a: Annihilape|Protect
|move|p2a: Sneasler|Fake Out|p1b: Charizard
|-damage|p1b: Charizard|79/100
|-status|p1b: Charizard|psn|[from] ability: Poison Touch|[of] p2a: Sneasler
|move|p2b: Delphox|Psychic|p1a: Annihilape
|-activate|p1a: Annihilape|move: Protect
|cant|p1b: Charizard|flinch
|
|-weather|SunnyDay|[upkeep]
|-damage|p1b: Charizard|66/100 psn|[from] psn
|upkeep
|turn|7
|
|t:|1784544601
|switch|p1a: Garchomp|Garchomp, L50, M|68/100 brn
|move|p2b: Delphox|Psychic|p1a: Garchomp
|-damage|p1a: Garchomp|15/100 brn
|move|p2a: Sneasler|Dire Claw|p1b: Charizard
|-damage|p1b: Charizard|26/100 psn
|-fail|p1b: Charizard
|move|p1b: Charizard|Heat Wave|p2b: Delphox|[spread] p2a,p2b
|-resisted|p2b: Delphox|1
|-damage|p2a: Sneasler|47/100
|-damage|p2b: Delphox|56/100
|
|-weather|SunnyDay|[upkeep]
|-damage|p1b: Charizard|14/100 psn|[from] psn
|-damage|p1a: Garchomp|9/100 brn|[from] brn
|upkeep
|turn|8
|
|t:|1784544627
|switch|p2a: Incineroar|Incineroar, L50, F|43/100
|-ability|p2a: Incineroar|Intimidate|boost
|-unboost|p1a: Garchomp|atk|1
|-unboost|p1b: Charizard|atk|1
|switch|p1b: Venusaur|Venusaur, L50, F|100/100
|move|p1a: Garchomp|Stomping Tantrum|p2a: Incineroar
|-supereffective|p2a: Incineroar|1
|-damage|p2a: Incineroar|23/100
|move|p2b: Delphox|Heat Wave|p1b: Venusaur|[spread] p1a
|-miss|p2b: Delphox|p1b: Venusaur
|-resisted|p1a: Garchomp|1
|-damage|p1a: Garchomp|0 fnt
|faint|p1a: Garchomp
|
|-weather|SunnyDay|[upkeep]
|upkeep
|
|t:|1784544639
|switch|p1a: Annihilape|Annihilape, L50, M|75/100
|turn|9
|
|t:|1784544670
|move|p1a: Annihilape|Protect|p1a: Annihilape
|-singleturn|p1a: Annihilape|Protect
|move|p2a: Incineroar|Fake Out|p1b: Venusaur
|-damage|p1b: Venusaur|87/100
|cant|p1b: Venusaur|flinch
|move|p2b: Delphox|Psychic|p1a: Annihilape
|-activate|p1a: Annihilape|move: Protect
|
|-weather|none
|upkeep
|turn|10
|
|t:|1784544682
|switch|p1a: Charizard|Charizard-Mega-Y, L50, F|14/100 psn
|-weather|SunnyDay|[from] ability: Drought|[of] p1a: Charizard
|move|p2b: Delphox|Protect|p2b: Delphox
|-singleturn|p2b: Delphox|Protect
|move|p1b: Venusaur|Sludge Bomb|p2b: Delphox
|-activate|p2b: Delphox|move: Protect
|move|p2a: Incineroar|Flare Blitz|p1b: Venusaur
|-supereffective|p1b: Venusaur|1
|-damage|p1b: Venusaur|0 fnt
|faint|p1b: Venusaur
|-damage|p2a: Incineroar|1/100|[from] Recoil
|
|-weather|SunnyDay|[upkeep]
|-damage|p1a: Charizard|2/100 psn|[from] psn
|upkeep
|
|t:|1784544688
|switch|p1b: Annihilape|Annihilape, L50, M|75/100
|turn|11
|
|t:|1784544711
|move|p2b: Delphox|Heat Wave|p1b: Annihilape|[spread] p1a,p1b
|-resisted|p1a: Charizard|1
|-damage|p1a: Charizard|0 fnt
|-damage|p1b: Annihilape|18/100
|faint|p1a: Charizard
|move|p1b: Annihilape|Phantom Force||[still]
|-prepare|p1b: Annihilape|Phantom Force
|move|p2a: Incineroar|Flare Blitz|p1b: Annihilape|[miss]
|-miss|p2a: Incineroar|p1b: Annihilape
|
|-weather|SunnyDay|[upkeep]
|upkeep
|turn|12
|
|t:|1784544723
|move|p2b: Delphox|Protect|p2b: Delphox
|-singleturn|p2b: Delphox|Protect
|move|p1b: Annihilape|Phantom Force|p2b: Delphox|[from] lockedmove
|-activate|p2b: Delphox|move: Phantom Force|[broken]
|-supereffective|p2b: Delphox|1
|-damage|p2b: Delphox|0 fnt
|faint|p2b: Delphox
|move|p2a: Incineroar|Flare Blitz|p1b: Annihilape
|-damage|p1b: Annihilape|0 fnt
|faint|p1b: Annihilape
|-damage|p2a: Incineroar|0 fnt|[from] Recoil
|faint|p2a: Incineroar
|
|win|raksbach
