|j|☆browt.bonnet.
|j|☆adjnorr
|html|browt.bonnet.adjnorr    
|uhtml|bestof|Game 1 of a best-of-3
|t:|1784733438
|gametype|doubles
|player|p1|browt.bonnet.|dancer|1246
|player|p2|adjnorr|2|1256
|gen|9
|tier|[Gen 9 Champions] VGC 2026 Reg M-B (Bo3)
|rated|
|rule|Species Clause: Limit one of each Pokémon
|rule|Item Clause: Limit 1 of each item
|clearpoke
|poke|p1|Delphox, L50, F|
|poke|p1|Incineroar, L50, F|
|poke|p1|Sinistcha, L50|
|poke|p1|Sneasler, L50, M|
|poke|p1|Kommo-o, L50, F|
|poke|p1|Kingambit, L50, M|
|poke|p2|Annihilape, L50, M|
|poke|p2|Whimsicott, L50, M|
|poke|p2|Floette-Eternal, L50, F|
|poke|p2|Basculegion, L50, M|
|poke|p2|Charizard, L50, M|
|poke|p2|Garchomp, L50, F|
|teampreview|4
|showteam|p1|Delphox||Delphoxite|Blaze|HeatWave,Psyshock,Protect,NastyPlot|Timid||F|||50|]Incineroar||SitrusBerry|Intimidate|FakeOut,PartingShot,FlareBlitz,HelpingHand|Careful||F|||50|]Sinistcha||OccaBerry|Hospitality|MatchaGotcha,RagePowder,Protect,TrickRoom|Bold|||||50|]Sneasler||FocusSash|Unburden|CloseCombat,FakeOut,QuickGuard,DireClaw|Jolly||M|||50|]Kommo-o||Leftovers|Overcoat|Protect,ClangingScales,ClangorousSoul,AuraSphere|Modest||F|||50|]Kingambit||LifeOrb|Defiant|SuckerPunch,KowtowCleave,IronHead,Protect|Brave||M|||50|
|showteam|p2|Annihilape||RoseliBerry|Defiant|RageFist,DrainPunch,Protect,BulkUp|Adamant||M|||50|]Whimsicott||FocusSash|Prankster|Moonblast,Tailwind,Encore,BeatUp|Timid||M|||50|]Floette-Eternal||Floettite|FlowerVeil|Moonblast,DazzlingGleam,LightofRuin,Protect|Modest||F|||50|]Basculegion||LifeOrb|Adaptability|WaveCrash,LastRespects,AquaJet,Protect|Adamant||M|||50|]Charizard||CharizarditeY|Blaze|HeatWave,WeatherBall,SolarBeam,Protect|Modest||M|||50|]Garchomp||SitrusBerry|RoughSkin|DragonClaw,Earthquake,RockSlide,Protect|Adamant||F|||50|
|
|t:|1784733492
|teamsize|p1|4
|teamsize|p2|4
|start
|switch|p1a: Sneasler|Sneasler, L50, M|100/100
|switch|p1b: Delphox|Delphox, L50, F|100/100
|switch|p2a: Floette|Floette-Eternal, L50, F|100/100
|switch|p2b: Whimsicott|Whimsicott, L50, M|100/100
|turn|1
|
|t:|1784733536
|switch|p2b: Basculegion|Basculegion, L50, M|100/100
|detailschange|p1b: Delphox|Delphox-Mega, L50, F
|-mega|p1b: Delphox|Delphox|Delphoxite
|detailschange|p2a: Floette|Floette-Mega, L50, F
|-mega|p2a: Floette|Floette|Floettite
|-ability|p2a: Floette|Fairy Aura
|move|p1b: Delphox|Heat Wave|p2b: Basculegion|[spread] p2a,p2b
|-resisted|p2b: Basculegion|1
|-damage|p2a: Floette|70/100
|-damage|p2b: Basculegion|83/100
|-status|p2a: Floette|brn
|move|p1a: Sneasler|Dire Claw|p2a: Floette
|-supereffective|p2a: Floette|1
|-damage|p2a: Floette|0 fnt
|faint|p2a: Floette
|
|upkeep
|
|t:|1784733550
|switch|p2a: Whimsicott|Whimsicott, L50, M|100/100
|turn|2
|
|t:|1784733572
|move|p1b: Delphox|Protect|p1b: Delphox
|-singleturn|p1b: Delphox|Protect
|move|p2a: Whimsicott|Tailwind|p2a: Whimsicott
|-sidestart|p2: adjnorr|move: Tailwind
|move|p2b: Basculegion|Last Respects|p1a: Sneasler
|-enditem|p1a: Sneasler|Focus Sash
|-damage|p1a: Sneasler|1/100
|-damage|p2b: Basculegion|73/100|[from] item: Life Orb
|move|p1a: Sneasler|Dire Claw|p2a: Whimsicott
|-supereffective|p2a: Whimsicott|2
|-enditem|p2a: Whimsicott|Focus Sash
|-damage|p2a: Whimsicott|1/100
|
|upkeep
|turn|3
|
|t:|1784733591
|move|p2a: Whimsicott|Encore|p1b: Delphox
|-start|p1b: Delphox|Encore
|move|p1b: Delphox|Protect||[still]
|-fail|p1b: Delphox
|move|p2b: Basculegion|Aqua Jet|p1a: Sneasler
|-damage|p1a: Sneasler|0 fnt
|faint|p1a: Sneasler
|-damage|p2b: Basculegion|64/100|[from] item: Life Orb
|
|upkeep
|
|t:|1784733600
|switch|p1a: Kommo-o|Kommo-o, L50, F|100/100
|turn|4
|
|t:|1784733617
|switch|p1a: Sinistcha|Sinistcha, L50|100/100
|move|p1b: Delphox|Protect|p1b: Delphox
|-singleturn|p1b: Delphox|Protect
|move|p2a: Whimsicott|Moonblast|p1a: Sinistcha
|-crit|p1a: Sinistcha
|-damage|p1a: Sinistcha|47/100
|move|p2b: Basculegion|Last Respects|p1a: Sinistcha
|-supereffective|p1a: Sinistcha|1
|-damage|p1a: Sinistcha|0 fnt
|faint|p1a: Sinistcha
|-damage|p2b: Basculegion|54/100|[from] item: Life Orb
|
|upkeep
|
|t:|1784733619
|switch|p1a: Kommo-o|Kommo-o, L50, F|100/100
|turn|5
|
|t:|1784733638
|move|p1b: Delphox|Protect||[still]
|-fail|p1b: Delphox
|move|p1a: Kommo-o|Protect|p1a: Kommo-o
|-singleturn|p1a: Kommo-o|Protect
|move|p2a: Whimsicott|Moonblast|p1a: Kommo-o
|-activate|p1a: Kommo-o|move: Protect
|move|p2b: Basculegion|Last Respects|p1b: Delphox
|-supereffective|p1b: Delphox|1
|-damage|p1b: Delphox|0 fnt
|faint|p1b: Delphox
|-damage|p2b: Basculegion|44/100|[from] item: Life Orb
|
|-sideend|p2: adjnorr|move: Tailwind
|upkeep
|turn|6
|-message|browt.bonnet. forfeited.
|
|win|adjnorr
||adjnorr is ready for game 2.
||browt.bonnet. is ready for game 2.
|uhtml|next|Next: Game 2 of 3
|l|☆browt.bonnet.
|player|p1|
|l|☆adjnorr
|player|p2|
|j|☆browt.bonnet.
|player|p1|browt.bonnet.|dancer|
|l|☆browt.bonnet.
|player|p1|
|j|☆browt.bonnet.
|player|p1|browt.bonnet.|dancer|
