|j|☆hicksmctaggart
|j|☆mikelpoyarzabal
|html|hicksmctaggartmikelpoyarzabal    
|uhtml|bestof|Game 2 of a best-of-3
|t:|1785076358
|gametype|doubles
|player|p1|hicksmctaggart|giovanni|1238
|player|p2|mikelpoyarzabal|arven-s|1325
|gen|9
|tier|[Gen 9 Champions] VGC 2026 Reg M-B (Bo3)
|rated|
|rule|Species Clause: Limit one of each Pokémon
|rule|Item Clause: Limit 1 of each item
|clearpoke
|poke|p1|Delphox, L50, M|
|poke|p1|Floette-Eternal, L50, F|
|poke|p1|Kingambit, L50, F|
|poke|p1|Incineroar, L50, M|
|poke|p1|Sinistcha, L50|
|poke|p1|Sneasler, L50, M|
|poke|p2|Tyranitar, L50, F|
|poke|p2|Excadrill, L50, M|
|poke|p2|Gholdengo, L50|
|poke|p2|Milotic, L50, F|
|poke|p2|Sinistcha, L50|
|poke|p2|Staraptor, L50, M|
|teampreview|4
|showteam|p1|Delphox||Delphoxite|Blaze|HeatWave,Psyshock,NastyPlot,Protect|Timid||M|||50|]Floette-Eternal||Floettite|FlowerVeil|DazzlingGleam,Moonblast,LightofRuin,Protect|Timid||F|||50|]Kingambit||BlackGlasses|Defiant|KowtowCleave,SuckerPunch,SwordsDance,Protect|Adamant||F|||50|]Incineroar||SitrusBerry|Intimidate|FlareBlitz,DarkestLariat,FakeOut,PartingShot|Impish||M|||50|]Sinistcha||OccaBerry|Hospitality|MatchaGotcha,RagePowder,TrickRoom,Protect|Relaxed|||||50|]Sneasler||FocusSash|PoisonTouch|PoisonJab,CloseCombat,FakeOut,QuickGuard|Jolly||M|||50|
|showteam|p2|Tyranitar||Tyranitarite|SandStream|RockSlide,KnockOff,LowKick,Protect|Jolly||F|||50|]Excadrill||FocusSash|SandRush|HighHorsepower,IronHead,RockSlide,Protect|Adamant||M|||50|]Gholdengo||LifeOrb|GoodasGold|ShadowBall,MakeItRain,NastyPlot,Protect|Modest|||||50|]Milotic||SitrusBerry|Competitive|Scald,IceBeam,IcyWind,Protect|Calm||F|||50|]Sinistcha||ColburBerry|Hospitality|MatchaGotcha,ShadowBall,RagePowder,Protect|Bold|||||50|]Staraptor||Staraptite|Intimidate|BraveBird,CloseCombat,Tailwind,Protect|Jolly||M|||50|
|inactive|Battle timer is ON: inactive players will automatically lose when time's up. (requested by hicksmctaggart)
|inactive|mikelpoyarzabal also wants the timer to be on.
|
|t:|1785076388
|teamsize|p1|4
|teamsize|p2|4
|start
|switch|p1a: Sneasler|Sneasler, L50, M|100/100
|switch|p1b: Kingambit|Kingambit, L50, F|100/100
|switch|p2a: Tyranitar|Tyranitar, L50, F|100/100
|switch|p2b: Excadrill|Excadrill, L50, M|100/100
|-weather|Sandstorm|[from] ability: Sand Stream|[of] p2a: Tyranitar
|turn|1
|
|t:|1785076407
|switch|p1b: Sinistcha|Sinistcha, L50|100/100
|move|p1a: Sneasler|Fake Out|p2b: Excadrill
|-resisted|p2b: Excadrill|1
|-damage|p2b: Excadrill|89/100
|cant|p2b: Excadrill|flinch
|move|p2a: Tyranitar|Low Kick|p1b: Sinistcha
|-immune|p1b: Sinistcha
|
|-weather|Sandstorm|[upkeep]
|-damage|p1a: Sneasler|94/100|[from] Sandstorm
|-damage|p1b: Sinistcha|93/100|[from] Sandstorm
|upkeep
|turn|2
|inactive|hicksmctaggart has 30 seconds left.
|
|t:|1785076433
|switch|p2b: Sinistcha|Sinistcha, L50|100/100
|switch|p2a: Staraptor|Staraptor, L50, M|100/100
|-ability|p2a: Staraptor|Intimidate|boost
|-unboost|p1a: Sneasler|atk|1
|-unboost|p1b: Sinistcha|atk|1
|move|p1a: Sneasler|Poison Jab|p2a: Staraptor
|-damage|p2a: Staraptor|63/100
|move|p1b: Sinistcha|Matcha Gotcha|p2b: Sinistcha|[spread] p2a,p2b
|-resisted|p2a: Staraptor|1
|-resisted|p2b: Sinistcha|1
|-damage|p2a: Staraptor|45/100
|-heal|p1b: Sinistcha|100/100|[from] drain|[of] p2a: Staraptor
|-damage|p2b: Sinistcha|88/100
|
|-weather|Sandstorm|[upkeep]
|-damage|p1a: Sneasler|88/100|[from] Sandstorm
|-damage|p2a: Staraptor|39/100|[from] Sandstorm
|-damage|p2b: Sinistcha|82/100|[from] Sandstorm
|-damage|p1b: Sinistcha|93/100|[from] Sandstorm
|upkeep
|turn|3
|inactive|hicksmctaggart has 30 seconds left.
|
|t:|1785076460
|move|p1b: Sinistcha|Rage Powder|p1b: Sinistcha
|-singleturn|p1b: Sinistcha|move: Rage Powder
|move|p1a: Sneasler|Poison Jab|p2a: Staraptor
|-damage|p2a: Staraptor|2/100
|-status|p2a: Staraptor|psn
|move|p2a: Staraptor|Tailwind|p2a: Staraptor
|-sidestart|p2: mikelpoyarzabal|move: Tailwind
|move|p2b: Sinistcha|Shadow Ball|p1b: Sinistcha
|-supereffective|p1b: Sinistcha|1
|-damage|p1b: Sinistcha|9/100
|-unboost|p1b: Sinistcha|spd|1
|
|-weather|Sandstorm|[upkeep]
|-damage|p2a: Staraptor|0 fnt|[from] Sandstorm
|-damage|p1a: Sneasler|82/100|[from] Sandstorm
|-damage|p2b: Sinistcha|77/100|[from] Sandstorm
|-damage|p1b: Sinistcha|3/100|[from] Sandstorm
|faint|p2a: Staraptor
|upkeep
|
|t:|1785076470
|switch|p2a: Excadrill|Excadrill, L50, M|89/100
|turn|4
|
|t:|1785076492
|move|p2a: Excadrill|Protect|p2a: Excadrill
|-singleturn|p2a: Excadrill|Protect
|move|p1b: Sinistcha|Rage Powder|p1b: Sinistcha
|-singleturn|p1b: Sinistcha|move: Rage Powder
|move|p1a: Sneasler|Poison Jab|p2b: Sinistcha
|-damage|p2b: Sinistcha|56/100
|move|p2b: Sinistcha|Matcha Gotcha|p1a: Sneasler|[spread] p1a,p1b
|-resisted|p1a: Sneasler|1
|-resisted|p1b: Sinistcha|1
|-damage|p1a: Sneasler|65/100
|-heal|p2b: Sinistcha|64/100|[from] drain|[of] p1a: Sneasler
|-damage|p1b: Sinistcha|0 fnt
|-heal|p2b: Sinistcha|65/100|[from] drain|[of] p1b: Sinistcha
|faint|p1b: Sinistcha
|
|-weather|Sandstorm|[upkeep]
|-damage|p1a: Sneasler|59/100|[from] Sandstorm
|-damage|p2b: Sinistcha|60/100|[from] Sandstorm
|upkeep
|
|t:|1785076507
|switch|p1b: Kingambit|Kingambit, L50, F|100/100
|turn|5
|inactive|hicksmctaggart has 30 seconds left.
|
|t:|1785076533
|switch|p1a: Floette|Floette-Eternal, L50, F|100/100
|move|p1b: Kingambit|Sucker Punch|p2b: Sinistcha
|-supereffective|p2b: Sinistcha|1
|-enditem|p2b: Sinistcha|Colbur Berry|[eat]
|-enditem|p2b: Sinistcha|Colbur Berry|[weaken]
|-damage|p2b: Sinistcha|18/100
|move|p2a: Excadrill|High Horsepower|p1a: Floette
|-damage|p1a: Floette|9/100
|move|p2b: Sinistcha|Matcha Gotcha|p1a: Floette|[spread] p1a,p1b
|-resisted|p1b: Kingambit|1
|-damage|p1a: Floette|0 fnt
|-heal|p2b: Sinistcha|23/100|[from] drain|[of] p1a: Floette
|-damage|p1b: Kingambit|87/100
|-heal|p2b: Sinistcha|30/100|[from] drain|[of] p1b: Kingambit
|faint|p1a: Floette
|
|-weather|none
|upkeep
|
|t:|1785076544
|switch|p1a: Sneasler|Sneasler, L50, M|59/100
|turn|6
|
|t:|1785076554
|move|p1a: Sneasler|Fake Out|p2a: Excadrill
|-resisted|p2a: Excadrill|1
|-damage|p2a: Excadrill|79/100
|move|p2b: Sinistcha|Rage Powder|p2b: Sinistcha
|-singleturn|p2b: Sinistcha|move: Rage Powder
|cant|p2a: Excadrill|flinch
|move|p1b: Kingambit|Swords Dance|p1b: Kingambit
|-boost|p1b: Kingambit|atk|2
|
|-sideend|p2: mikelpoyarzabal|move: Tailwind
|upkeep
|turn|7
|
|t:|1785076565
|move|p2b: Sinistcha|Rage Powder|p2b: Sinistcha
|-singleturn|p2b: Sinistcha|move: Rage Powder
|move|p1b: Kingambit|Sucker Punch||[still]
|-fail|p1b: Kingambit
|move|p1a: Sneasler|Poison Jab|p2b: Sinistcha
|-damage|p2b: Sinistcha|0 fnt
|faint|p2b: Sinistcha
|move|p2a: Excadrill|High Horsepower|p1a: Sneasler
|-supereffective|p1a: Sneasler|1
|-damage|p1a: Sneasler|0 fnt
|faint|p1a: Sneasler
|
|upkeep
|
|t:|1785076570
|switch|p2b: Tyranitar|Tyranitar, L50, F|100/100
|-weather|Sandstorm|[from] ability: Sand Stream|[of] p2b: Tyranitar
|turn|8
|
|t:|1785076574
|detailschange|p2b: Tyranitar|Tyranitar-Mega, L50, F
|-mega|p2b: Tyranitar|Tyranitar|Tyranitarite
|move|p1b: Kingambit|Sucker Punch|p2a: Excadrill
|-damage|p2a: Excadrill|0 fnt
|faint|p2a: Excadrill
|move|p2b: Tyranitar|Low Kick|p1b: Kingambit
|-supereffective|p1b: Kingambit|2
|-damage|p1b: Kingambit|0 fnt
|faint|p1b: Kingambit
|
|win|mikelpoyarzabal
