|j|☆limestone7276
|j|☆Trainer208
|html|limestone7276Trainer208    
|uhtml|bestof|Game 1 of a best-of-3
|t:|1756569200
|gametype|doubles
|player|p1|limestone7276|170|1037
|player|p2|Trainer208|gambler|1046
|gen|9
|tier|[Gen 9] VGC 2025 Reg H (Bo3)
|rated|
|rule|Species Clause: Limit one of each Pokémon
|rule|Item Clause: Limit 1 of each item
|clearpoke
|poke|p1|Porygon-Z, L50|
|poke|p1|Palafin, L50, M|
|poke|p1|Vulpix-Alola, L50, M|
|poke|p1|Volcarona, L50, F|
|poke|p1|Rillaboom, L50, M|
|poke|p1|Ursaluna, L50, M|
|poke|p2|Garganacl, L50, M|
|poke|p2|Scovillain, L50, M|
|poke|p2|Minior-Indigo, L50|
|poke|p2|Kommo-o, L50, M|
|poke|p2|Goodra-Hisui, L50, M|
|poke|p2|Charjabug, L50, M|
|teampreview|4
|showteam|p1|Porygon-Z||LifeOrb|Adaptability|Blizzard,HyperBeam,Protect,TriAttack||||||50|,,,,,Normal]Palafin||MysticWater|ZerotoHero|FlipTurn,IronHead,JetPunch,WaveCrash|||M|||50|,,,,,Water]Vulpix-Alola||Eviolite|SnowWarning|AuroraVeil,FoulPlay,HelpingHand,PainSplit|||M|||50|,,,,,Water]Volcarona||RockyHelmet|FlameBody|FieryDance,Protect,RagePowder,Tailwind|||F|||50|,,,,,Grass]Rillaboom||AssaultVest|GrassySurge|FakeOut,GrassyGlide,Uturn,WoodHammer|||M|||50|,,,,,Fire]Ursaluna||FlameOrb|Guts|Earthquake,Facade,HeadlongRush,Protect|||M|||50|,,,,,Ghost
|showteam|p2|Garganacl||RockyHelmet|PurifyingSalt|SaltCure,Sandstorm,Recover,WideGuard|||M|||50|,,,,,Ghost]Scovillain||AguavBerry|Moody|Flamethrower,GigaDrain,LeechSeed,Protect|||M|||50|,,,,,Grass]Minior-Indigo||PowerHerb|ShieldsDown|MeteorBeam,EarthPower,DazzlingGleam,ShellSmash||||||50|,,,,,Ground]Kommo-o||MagoBerry|Overcoat|ClangingScales,FlashCannon,VacuumWave,ClangorousSoul|||M|||50|,,,,,Steel]Goodra-Hisui||Leftovers|Gooey|MuddyWater,AcidSpray,LifeDew,Protect|||M|||50|,,,,,Steel]Charjabug||Eviolite|Battery|Lunge,WildCharge,EerieImpulse,Protect|||M|||50|,,,,,Electric
|
|t:|1756569272
|teamsize|p1|4
|teamsize|p2|4
|start
|switch|p1a: Palafin|Palafin, L50, M|100/100
|switch|p1b: Vulpix|Vulpix-Alola, L50, M|100/100
|switch|p2a: Kommo-o|Kommo-o, L50, M|100/100
|switch|p2b: Minior|Minior-Indigo, L50|100/100
|-weather|Snowscape|[from] ability: Snow Warning|[of] p1b: Vulpix
|-formechange|p2b: Minior|Minior-Meteor||[from] ability: Shields Down
|turn|1
|
|t:|1756569314
|move|p1a: Palafin|Flip Turn|p2b: Minior
|-supereffective|p2b: Minior
|-damage|p2b: Minior|25/100
|
|t:|1756569320
|detailschange|p1a: Palafin|Palafin-Hero, L50, M
|switch|p1a: Porygon-Z|Porygon-Z, L50|100/100|[from] Flip Turn
|move|p2a: Kommo-o|Clangorous Soul|p2a: Kommo-o
|-boost|p2a: Kommo-o|atk|1
|-boost|p2a: Kommo-o|def|1
|-boost|p2a: Kommo-o|spa|1
|-boost|p2a: Kommo-o|spd|1
|-boost|p2a: Kommo-o|spe|1
|-damage|p2a: Kommo-o|68/100
|move|p2b: Minior|Shell Smash|p2b: Minior
|-unboost|p2b: Minior|def|1
|-unboost|p2b: Minior|spd|1
|-boost|p2b: Minior|atk|2
|-boost|p2b: Minior|spa|2
|-boost|p2b: Minior|spe|2
|move|p1b: Vulpix|Aurora Veil|p1b: Vulpix
|-sidestart|p1: limestone7276|move: Aurora Veil
|
|-weather|Snowscape|[upkeep]
|-formechange|p2b: Minior|Minior-Indigo||[from] ability: Shields Down
|upkeep
|turn|2
|
|t:|1756569355
|move|p1b: Vulpix|Helping Hand|p1a: Porygon-Z
|-singleturn|p1a: Porygon-Z|Helping Hand|[of] p1b: Vulpix
|move|p2a: Kommo-o|Vacuum Wave|p1a: Porygon-Z
|-supereffective|p1a: Porygon-Z
|-damage|p1a: Porygon-Z|57/100
|move|p2b: Minior|Meteor Beam||[still]
|-prepare|p2b: Minior|Meteor Beam
|-boost|p2b: Minior|spa|1
|-enditem|p2b: Minior|Power Herb
|-anim|p2b: Minior|Meteor Beam|p1b: Vulpix
|-supereffective|p1b: Vulpix
|-damage|p1b: Vulpix|0 fnt
|faint|p1b: Vulpix
|move|p1a: Porygon-Z|Blizzard|p2b: Minior|[spread] p2a,p2b
|-supereffective|p2a: Kommo-o
|-supereffective|p2b: Minior
|-damage|p2a: Kommo-o|0 fnt
|-damage|p2b: Minior|0 fnt
|faint|p2a: Kommo-o
|faint|p2b: Minior
|-damage|p1a: Porygon-Z|47/100|[from] item: Life Orb
|
|-weather|Snowscape|[upkeep]
|upkeep
|
|t:|1756569377
|switch|p2b: Charjabug|Charjabug, L50, M|100/100
|switch|p2a: Goodra|Goodra-Hisui, L50, M|100/100
|switch|p1b: Volcarona|Volcarona, L50, F|100/100
|turn|3
|
|t:|1756569429
|-terastallize|p2b: Charjabug|Electric
|move|p1b: Volcarona|Fiery Dance|p2b: Charjabug
|-crit|p2b: Charjabug
|-damage|p2b: Charjabug|55/100
|-boost|p1b: Volcarona|spa|1
|move|p1a: Porygon-Z|Tri Attack|p2b: Charjabug
|-damage|p2b: Charjabug|0 fnt
|faint|p2b: Charjabug
|-damage|p1a: Porygon-Z|37/100|[from] item: Life Orb
|move|p2a: Goodra|Muddy Water|p1b: Volcarona|[spread] p1a,p1b
|-supereffective|p1b: Volcarona
|-damage|p1a: Porygon-Z|22/100
|-damage|p1b: Volcarona|80/100
|
|-weather|Snowscape|[upkeep]
|upkeep
|turn|4
|
|t:|1756569452
|-terastallize|p1a: Porygon-Z|Normal
|move|p1b: Volcarona|Fiery Dance|p2a: Goodra
|-damage|p2a: Goodra|62/100
|move|p1a: Porygon-Z|Hyper Beam|p2a: Goodra
|-resisted|p2a: Goodra
|-damage|p2a: Goodra|8/100
|-mustrecharge|p1a: Porygon-Z
|-damage|p1a: Porygon-Z|12/100|[from] item: Life Orb
|move|p2a: Goodra|Muddy Water|p1b: Volcarona|[spread] p1b
|-miss|p2a: Goodra|p1a: Porygon-Z
|-supereffective|p1b: Volcarona
|-damage|p1b: Volcarona|61/100
|
|-weather|Snowscape|[upkeep]
|-heal|p2a: Goodra|13/100|[from] item: Leftovers
|upkeep
|turn|5
|
|t:|1756569469
|move|p1b: Volcarona|Fiery Dance|p2a: Goodra
|-damage|p2a: Goodra|0 fnt
|faint|p2a: Goodra
|
|win|limestone7276
||Trainer208 is ready for game 2.
|l|☆limestone7276
|player|p1|
||limestone7276 is ready for game 2.
|uhtml|next|Next: Game 2 of 3
|j|☆limestone7276
|player|p1|limestone7276|170|
