|j|☆exessevio
|j|☆uscorp
|html|exesseviouscorp    
|uhtml|bestof|Game 3 of a best-of-3
|t:|1785933097
|gametype|doubles
|player|p1|exessevio|1|
|player|p2|uscorp|1|
|gen|9
|tier|[Gen 9 Champions] VGC 2026 Reg M-B (Bo3)
|rule|Species Clause: Limit one of each Pokémon
|rule|Item Clause: Limit 1 of each item
|clearpoke
|poke|p1|Altaria, L50, F|
|poke|p1|Lopunny, L50, F|
|poke|p1|Garchomp, L50, F|
|poke|p1|Whimsicott, L50, M|
|poke|p1|Vivillon-Pokeball, L50, M|
|poke|p1|Tsareena, L50, F|
|poke|p2|Raichu, L50, M|
|poke|p2|Staraptor, L50, F|
|poke|p2|Farigiraf, L50, F|
|poke|p2|Kingambit, L50, F|
|poke|p2|Sylveon, L50, F|
|poke|p2|Arcanine-Hisui, L50, M|
|teampreview|4
|showteam|p1|Altaria||Altarianite|CloudNine|Moonblast,HyperVoice,HyperBeam,Protect|Modest||F|||50|]Lopunny||Lopunnite|Limber|FakeOut,CloseCombat,GigaImpact,Protect|Jolly||F|||50|]Garchomp||LifeOrb|RoughSkin|Earthquake,DragonClaw,StompingTantrum,PoisonJab|Jolly||F|||50|]Whimsicott||FocusSash|Prankster|Tailwind,Encore,Moonblast,Protect|Timid||M|||50|]Vivillon-Pokeball||ChoiceScarf|CompoundEyes|SleepPowder,Hurricane,RagePowder,GigaDrain|Timid||M|||50|]Tsareena||MuscleBand|QueenlyMajesty|TripleAxel,Taunt,KnockOff,TropKick|Adamant||F|||50|
|showteam|p2|Raichu||RaichuniteY|LightningRod|FakeOut,ZapCannon,FocusBlast,Protect|Timid||M|||50|]Staraptor||Staraptite|Intimidate|Tailwind,Protect,CloseCombat,DualWingbeat|Jolly||F|||50|]Farigiraf||SitrusBerry|ArmorTail|Protect,TwinBeam,TrickRoom,HelpingHand|Calm||F|||50|]Kingambit||LifeOrb|Defiant|Protect,KowtowCleave,SwordsDance,SuckerPunch|Adamant||F|||50|]Sylveon||FairyFeather|Pixilate|HyperVoice,HyperBeam,QuickAttack,Detect|Modest||F|||50|]Arcanine-Hisui||FocusSash|RockHead|Protect,ExtremeSpeed,HeadSmash,FlareBlitz|Jolly||M|||50|
|
|t:|1785933158
|teamsize|p1|4
|teamsize|p2|4
|start
|switch|p1a: Candy|Altaria, L50, F|100/100
|switch|p1b: Kokiri|Whimsicott, L50, M|100/100
|switch|p2a: Piccionazzo|Staraptor, L50, F|100/100
|switch|p2b: Ylenia|Sylveon, L50, F|100/100
|-ability|p2a: Piccionazzo|Intimidate|boost
|-unboost|p1a: Candy|atk|1
|-unboost|p1b: Kokiri|atk|1
|-ability|p1a: Candy|Cloud Nine
|turn|1
|
|t:|1785933188
|detailschange|p2a: Piccionazzo|Staraptor-Mega, L50, F
|-mega|p2a: Piccionazzo|Staraptor|Staraptite
|detailschange|p1a: Candy|Altaria-Mega, L50, F
|-mega|p1a: Candy|Altaria|Altarianite
|move|p1b: Kokiri|Tailwind|p1b: Kokiri
|-sidestart|p1: exessevio|move: Tailwind
|move|p1a: Candy|Hyper Voice|p2b: Ylenia|[spread] p2a,p2b
|-supereffective|p2a: Piccionazzo|1
|-damage|p2a: Piccionazzo|20/100y
|-damage|p2b: Ylenia|68/100
|move|p2a: Piccionazzo|Dual Wingbeat|p1b: Kokiri|[miss]
|-miss|p2a: Piccionazzo|p1b: Kokiri
|move|p2b: Ylenia|Hyper Voice|p1b: Kokiri|[spread] p1a,p1b
|-supereffective|p1a: Candy|1
|-damage|p1a: Candy|15/100
|-damage|p1b: Kokiri|36/100
|
|upkeep
|turn|2
|
|t:|1785933246
|switch|p1b: Disonesta|Tsareena, L50, F|100/100
|switch|p2b: Eterno|Farigiraf, L50, F|100/100
|move|p2a: Piccionazzo|Protect|p2a: Piccionazzo
|-singleturn|p2a: Piccionazzo|Protect
|move|p1a: Candy|Hyper Beam|p2b: Eterno
|-damage|p2b: Eterno|27/100
|-mustrecharge|p1a: Candy
|-enditem|p2b: Eterno|Sitrus Berry|[eat]
|-heal|p2b: Eterno|52/100|[from] item: Sitrus Berry
|
|upkeep
|turn|3
|
|t:|1785933300
|move|p1b: Disonesta|Taunt|p2b: Eterno
|-start|p2b: Eterno|move: Taunt
|cant|p1a: Candy|recharge
|move|p2a: Piccionazzo|Close Combat|p1b: Disonesta
|-damage|p1b: Disonesta|32/100
|-boost|p2a: Piccionazzo|def|1
|-boost|p2a: Piccionazzo|spd|1
|cant|p2b: Eterno|move: Taunt|Trick Room
|
|upkeep
|turn|4
|
|t:|1785933321
|move|p2a: Piccionazzo|Protect|p2a: Piccionazzo
|-singleturn|p2a: Piccionazzo|Protect
|move|p1b: Disonesta|Trop Kick|p2b: Eterno
|-damage|p2b: Eterno|8/100
|-unboost|p2b: Eterno|atk|1
|move|p1a: Candy|Hyper Voice|p2b: Eterno|[spread] p2b
|-activate|p2a: Piccionazzo|move: Protect
|-damage|p2b: Eterno|0 fnt
|faint|p2b: Eterno
|
|-sideend|p1: exessevio|move: Tailwind
|upkeep
|
|t:|1785933345
|switch|p2b: Cane di Nico|Arcanine-Hisui, L50, M|100/100
|turn|5
|
|t:|1785933386
|switch|p2a: Ylenia|Sylveon, L50, F|68/100
|move|p2b: Cane di Nico|Extreme Speed||[still]
|cant|p1b: Disonesta|ability: Queenly Majesty|Extreme Speed|[of] p2b: Cane di Nico
|move|p1b: Disonesta|Trop Kick|p2b: Cane di Nico
|-damage|p2b: Cane di Nico|34/100
|-unboost|p2b: Cane di Nico|atk|1
|move|p1a: Candy|Hyper Voice|p2a: Ylenia|[spread] p2a,p2b
|-resisted|p2b: Cane di Nico|1
|-damage|p2a: Ylenia|35/100
|-damage|p2b: Cane di Nico|5/100
|
|upkeep
|turn|6
|
|t:|1785933428
|move|p2a: Ylenia|Detect|p2a: Ylenia
|-singleturn|p2a: Ylenia|Protect
|move|p2b: Cane di Nico|Flare Blitz|p1b: Disonesta
|-supereffective|p1b: Disonesta|1
|-damage|p1b: Disonesta|0 fnt
|faint|p1b: Disonesta
|move|p1a: Candy|Moonblast|p2a: Ylenia
|-activate|p2a: Ylenia|move: Protect
|
|upkeep
|
|t:|1785933436
|switch|p1b: Chompy|Garchomp, L50, F|100/100
|turn|7
|
|t:|1785933484
|switch|p2a: Piccionazzo|Staraptor-Mega, L50, F|20/100y
|move|p1a: Candy|Protect|p1a: Candy
|-singleturn|p1a: Candy|Protect
|move|p1b: Chompy|Earthquake|p2a: Piccionazzo|[spread] p2b
|-activate|p1a: Candy|move: Protect
|-immune|p2a: Piccionazzo
|-supereffective|p2b: Cane di Nico|2
|-damage|p2b: Cane di Nico|0 fnt
|faint|p2b: Cane di Nico
|-damage|p1b: Chompy|90/100|[from] item: Life Orb
|
|upkeep
|
|t:|1785933496
|switch|p2b: Ylenia|Sylveon, L50, F|35/100
|turn|8
|
|t:|1785933539
|move|p2b: Ylenia|Detect|p2b: Ylenia
|-singleturn|p2b: Ylenia|Protect
|move|p2a: Piccionazzo|Close Combat|p1a: Candy
|-resisted|p1a: Candy|1
|-damage|p1a: Candy|0 fnt
|-boost|p2a: Piccionazzo|def|1
|-boost|p2a: Piccionazzo|spd|1
|faint|p1a: Candy
|move|p1b: Chompy|Poison Jab|p2b: Ylenia
|-activate|p2b: Ylenia|move: Protect
|
|upkeep
|
|t:|1785933546
|switch|p1a: Kokiri|Whimsicott, L50, M|36/100
|turn|9
|
|t:|1785933633
|move|p1a: Kokiri|Moonblast|p2a: Piccionazzo
|-supereffective|p2a: Piccionazzo|1
|-damage|p2a: Piccionazzo|0 fnt
|faint|p2a: Piccionazzo
|move|p1b: Chompy|Poison Jab|p2b: Ylenia
|-supereffective|p2b: Ylenia|1
|-damage|p2b: Ylenia|0 fnt
|faint|p2b: Ylenia
|-damage|p1b: Chompy|80/100|[from] item: Life Orb
|
|win|exessevio
|l|☆uscorp
|player|p2|
