|j|вШЖQaiseasy
|j|вШЖfailandimprove5
|html|Qaiseasyfailandimprove5    
|uhtml|bestof|Game 3 of a best-of-3
|t:|1784506879
|gametype|doubles
|player|p1|Qaiseasy|266|1103
|player|p2|failandimprove5|266|1330
|gen|9
|tier|[Gen 9 Champions] VGC 2026 Reg M-B (Bo3)
|rated|
|rule|Species Clause: Limit one of each Pok√©mon
|rule|Item Clause: Limit 1 of each item
|clearpoke
|poke|p1|Whimsicott, L50, F|
|poke|p1|Charizard, L50, F|
|poke|p1|Basculegion, L50, M|
|poke|p1|Kingambit, L50, F|
|poke|p1|Garchomp, L50, M|
|poke|p1|Floette-Eternal, L50, F|
|poke|p2|Whimsicott, L50, F|
|poke|p2|Froslass, L50, F|
|poke|p2|Arcanine-Hisui, L50, F|
|poke|p2|Sneasler, L50, F|
|poke|p2|Dragonite, L50, M|
|poke|p2|Kingambit, L50, F|
|teampreview|4
|showteam|p1|Whimsicott||FocusSash|Prankster|Moonblast,Tailwind,FakeTears,Protect|Timid||F|||50|]Charizard||CharizarditeY|Blaze|HeatWave,WeatherBall,SolarBeam,Protect|Modest||F|||50|]Basculegion||LifeOrb|Adaptability|WaveCrash,LastRespects,AquaJet,Protect|Adamant||M|||50|]Kingambit||BlackGlasses|Defiant|KowtowCleave,SuckerPunch,IronHead,Protect|Adamant||F|||50|]Garchomp||HabanBerry|RoughSkin|Earthquake,DragonClaw,RockSlide,Protect|Jolly||M|||50|]Floette-Eternal||Floettite|FlowerVeil|Moonblast,DazzlingGleam,LightofRuin,Protect|Timid||F|||50|
|showteam|p2|Whimsicott||SitrusBerry|Prankster|Moonblast,Tailwind,Encore,Protect|Bold||F|||50|]Froslass||Froslassite|CursedBody|Blizzard,ShadowBall,AuroraVeil,Protect|Timid||F|||50|]Arcanine-Hisui||FocusSash|RockHead|FlareBlitz,HeadSmash,RockSlide,Protect|Jolly||F|||50|]Sneasler||WhiteHerb|Unburden|CloseCombat,GunkShot,FakeOut,Protect|Adamant||F|||50|]Dragonite||LifeOrb|InnerFocus|DragonClaw,Superpower,ExtremeSpeed,Protect|Adamant||M|||50|]Kingambit||BlackGlasses|Defiant|KowtowCleave,IronHead,SuckerPunch,Protect|Adamant||F|||50|
|inactive|Battle timer is ON: inactive players will automatically lose when time's up. (requested by failandimprove5)
|
|t:|1784506900
|teamsize|p1|4
|teamsize|p2|4
|start
|switch|p1a: йЫ™е§©зІТдЇЇ|Charizard, L50, F|100/100
|switch|p1b: йААиАБиЩО|Garchomp, L50, M|100/100
|switch|p2a: Kingambit|Kingambit, L50, F|100/100
|switch|p2b: Froslass|Froslass, L50, F|100/100
|turn|1
|
|t:|1784506916
|switch|p2a: Whimsicott|Whimsicott, L50, F|100/100
|detailschange|p1a: йЫ™е§©зІТдЇЇ|Charizard-Mega-Y, L50, F
|-mega|p1a: йЫ™е§©зІТдЇЇ|Charizard|Charizardite Y
|-weather|SunnyDay|[from] ability: Drought|[of] p1a: йЫ™е§©зІТдЇЇ
|move|p2b: Froslass|Protect|p2b: Froslass
|-singleturn|p2b: Froslass|Protect
|move|p1b: йААиАБиЩО|Earthquake|p2a: Whimsicott|[spread] p2a
|-activate|p2b: Froslass|move: Protect
|-immune|p1a: йЫ™е§©зІТдЇЇ
|-resisted|p2a: Whimsicott|1
|-damage|p2a: Whimsicott|82/100
|move|p1a: йЫ™е§©зІТдЇЇ|Heat Wave|p2b: Froslass|[spread] p2a
|-activate|p2b: Froslass|move: Protect
|-supereffective|p2a: Whimsicott|1
|-damage|p2a: Whimsicott|0 fnt
|faint|p2a: Whimsicott
|
|-weather|SunnyDay|[upkeep]
|upkeep
|
|t:|1784506921
|switch|p2a: Arcanine|Arcanine-Hisui, L50, F|100/100
|turn|2
|
|t:|1784506938
|detailschange|p2b: Froslass|Froslass-Mega, L50, F
|-mega|p2b: Froslass|Froslass|Froslassite
|-weather|Snowscape|[from] ability: Snow Warning|[of] p2b: Froslass
|move|p1a: йЫ™е§©зІТдЇЇ|Protect|p1a: йЫ™е§©зІТдЇЇ
|-singleturn|p1a: йЫ™е§©зІТдЇЇ|Protect
|move|p2b: Froslass|Blizzard|p1a: йЫ™е§©зІТдЇЇ|[spread] p1b
|-activate|p1a: йЫ™е§©зІТдЇЇ|move: Protect
|-supereffective|p1b: йААиАБиЩО|2
|-damage|p1b: йААиАБиЩО|0 fnt
|faint|p1b: йААиАБиЩО
|move|p2a: Arcanine|Rock Slide|p1a: йЫ™е§©зІТдЇЇ
|-activate|p1a: йЫ™е§©зІТдЇЇ|move: Protect
|
|-weather|Snowscape|[upkeep]
|upkeep
|
|t:|1784506948
|switch|p1b: еЙЦйЦЛйїСзЪД|Whimsicott, L50, F|100/100
|turn|3
|
|t:|1784506965
|switch|p1a: жОГеЕ®еЃґеҐУ|Basculegion, L50, M|100/100
|move|p1b: еЙЦйЦЛйїСзЪД|Fake Tears|p2a: Arcanine
|-unboost|p2a: Arcanine|spd|2
|move|p2b: Froslass|Blizzard|p1a: жОГеЕ®еЃґеҐУ|[spread] p1a,p1b
|-resisted|p1a: жОГеЕ®еЃґеҐУ|1
|-supereffective|p1b: еЙЦйЦЛйїСзЪД|1
|-damage|p1a: жОГеЕ®еЃґеҐУ|77/100
|-enditem|p1b: еЙЦйЦЛйїСзЪД|Focus Sash
|-damage|p1b: еЙЦйЦЛйїСзЪД|1/100
|move|p2a: Arcanine|Rock Slide|p1b: еЙЦйЦЛйїСзЪД|[spread] p1a,p1b
|-damage|p1a: жОГеЕ®еЃґеҐУ|44/100
|-damage|p1b: еЙЦйЦЛйїСзЪД|0 fnt
|faint|p1b: еЙЦйЦЛйїСзЪД
|
|-weather|Snowscape|[upkeep]
|upkeep
|
|t:|1784506973
|switch|p1b: йЫ™е§©зІТдЇЇ|Charizard-Mega-Y, L50, F|100/100
|-weather|SunnyDay|[from] ability: Drought|[of] p1b: йЫ™е§©зІТдЇЇ
|turn|4
|
|t:|1784506989
|move|p1b: йЫ™е§©зІТдЇЇ|Protect|p1b: йЫ™е§©зІТдЇЇ
|-singleturn|p1b: йЫ™е§©зІТдЇЇ|Protect
|move|p2b: Froslass|Shadow Ball|p1a: жОГеЕ®еЃґеҐУ
|-supereffective|p1a: жОГеЕ®еЃґеҐУ|1
|-damage|p1a: жОГеЕ®еЃґеҐУ|0 fnt
|faint|p1a: жОГеЕ®еЃґеҐУ
|move|p2a: Arcanine|Rock Slide|p1b: йЫ™е§©зІТдЇЇ
|-activate|p1b: йЫ™е§©зІТдЇЇ|move: Protect
|
|-weather|SunnyDay|[upkeep]
|upkeep
|turn|5
|-message|Qaiseasy forfeited.
|raw|Qaiseasy's rating: 1103 → 1092(-11 for losing)
|raw|failandimprove5's rating: 1330 → 1339(+9 for winning)
|
|win|failandimprove5
