|j|☆kuoji ッ
|j|☆pufferfish209
|html|kuoji ッpufferfish209    
|uhtml|bestof|Game 2 of a best-of-3
|t:|1782180690
|gametype|doubles
|player|p1|kuoji ッ|argenta|
|player|p2|pufferfish209|byron|
|gen|9
|tier|[Gen 9 Champions] VGC 2026 Reg M-B (Bo3)
|rule|Species Clause: Limit one of each Pokémon
|rule|Item Clause: Limit 1 of each item
|clearpoke
|poke|p1|Garchomp, L50, M|
|poke|p1|Gholdengo, L50|
|poke|p1|Delphox, L50, F|
|poke|p1|Whimsicott, L50, F|
|poke|p1|Staraptor, L50, F|
|poke|p1|Sinistcha, L50|
|poke|p2|Kingambit, L50, F, shiny|
|poke|p2|Sylveon, L50, F, shiny|
|poke|p2|Scovillain, L50, M|
|poke|p2|Basculegion, L50, M, shiny|
|poke|p2|Aerodactyl, L50, F|
|poke|p2|Garchomp, L50, M|
|teampreview|4
|showteam|p1|Garchomp||FocusSash|RoughSkin|Earthquake,Protect,RockSlide,DragonClaw|Jolly||M|||50|]Gholdengo||LifeOrb|GoodasGold|MakeItRain,ShadowBall,NastyPlot,Protect|Timid|||||50|]Delphox||Delphoxite|Blaze|NastyPlot,Psychic,HeatWave,Protect|Timid||F|||50|]Whimsicott||KebiaBerry|Prankster|Charm,Encore,Tailwind,Moonblast|Bold||F|||50|]Staraptor||Staraptite|Intimidate|CloseCombat,BraveBird,Roost,Protect|Adamant||F|||50|]Sinistcha||ColburBerry|Hospitality|RagePowder,TrickRoom,LifeDew,Imprison|Bold|||||50|
|showteam|p2|Kingambit||FocusSash|Defiant|KowtowCleave,LowKick,IronHead,SuckerPunch|Adamant||F|||50|]Sylveon||FairyFeather|Pixilate|HyperBeam,HyperVoice,QuickAttack,Detect|Modest||F|||50|]Scovillain||Scovillainite|Moody|Overheat,LeechSeed,RagePowder,Protect|Calm||M|||50|]Basculegion||ChoiceScarf|Adaptability|WaveCrash,LastRespects,FlipTurn,AquaJet|Jolly||M|||50|]Aerodactyl||Aerodactylite|Unnerve|RockSlide,DualWingbeat,Tailwind,Protect|Jolly||F|||50|]Garchomp||SitrusBerry|RoughSkin|Protect,PoisonJab,Earthquake,DragonClaw|Adamant||M|||50|
|c|☆kuoji ッ|whyd u bring sco?
|c|☆kuoji ッ|last game
|c|☆pufferfish209|in case u brought staraptor
|c|☆kuoji ッ|against aero?
|c|☆kuoji ッ|u funny
|c|☆pufferfish209|ok but did u see kingambit
|c|☆kuoji ッ|fair
|
|t:|1782180772
|teamsize|p1|4
|teamsize|p2|4
|start
|switch|p1a: ムクホーク|Staraptor, L50, F|100/100
|switch|p1b: ガブリアス|Garchomp, L50, M|100/100
|switch|p2a: Sylveon|Sylveon, L50, F, shiny|100/100
|switch|p2b: Kingambit|Kingambit, L50, F, shiny|100/100
|-ability|p1a: ムクホーク|Intimidate|boost
|-unboost|p2a: Sylveon|atk|1
|-unboost|p2b: Kingambit|atk|1
|-ability|p2b: Kingambit|Defiant|boost
|-boost|p2b: Kingambit|atk|2
|turn|1
|
|t:|1782180793
|detailschange|p1a: ムクホーク|Staraptor-Mega, L50, F
|-mega|p1a: ムクホーク|Staraptor|Staraptite
|move|p1b: ガブリアス|Protect|p1b: ガブリアス
|-singleturn|p1b: ガブリアス|Protect
|move|p1a: ムクホーク|Protect|p1a: ムクホーク
|-singleturn|p1a: ムクホーク|Protect
|move|p2b: Kingambit|Kowtow Cleave|p1b: ガブリアス
|-activate|p1b: ガブリアス|move: Protect
|move|p2a: Sylveon|Hyper Voice|p1a: ムクホーク|[spread] 
|-activate|p1a: ムクホーク|move: Protect
|-activate|p1b: ガブリアス|move: Protect
|
|upkeep
|turn|2
|
|t:|1782180824
|switch|p1a: ヤバソチャ|Sinistcha, L50|100/100
|switch|p2b: Aerodactyl|Aerodactyl, L50, F|100/100
|-ability|p2b: Aerodactyl|Unnerve
|move|p1b: ガブリアス|Earthquake|p2a: Sylveon|[spread] p1a,p2a
|-immune|p2b: Aerodactyl
|-resisted|p1a: ヤバソチャ|1
|-damage|p1a: ヤバソチャ|84/100
|-damage|p2a: Sylveon|50/100g
|move|p2a: Sylveon|Hyper Voice|p1b: ガブリアス|[spread] p1a,p1b
|-supereffective|p1b: ガブリアス|1
|-crit|p1b: ガブリアス
|-damage|p1a: ヤバソチャ|34/100
|-enditem|p1b: ガブリアス|Focus Sash
|-damage|p1b: ガブリアス|1/100
|
|upkeep
|turn|3
|
|t:|1782180846
|detailschange|p2b: Aerodactyl|Aerodactyl-Mega, L50, F
|-mega|p2b: Aerodactyl|Aerodactyl|Aerodactylite
|move|p2a: Sylveon|Quick Attack|p1b: ガブリアス
|-supereffective|p1b: ガブリアス|1
|-damage|p1b: ガブリアス|0 fnt
|-damage|p2a: Sylveon|38/100|[from] ability: Rough Skin|[of] p1b: ガブリアス
|faint|p1b: ガブリアス
|move|p2b: Aerodactyl|Dual Wingbeat|p1a: ヤバソチャ
|-supereffective|p1a: ヤバソチャ|1
|-damage|p1a: ヤバソチャ|0 fnt
|faint|p1a: ヤバソチャ
|-hitcount|p1: ヤバソチャ|1
|
|upkeep
|c|☆kuoji ッ|so i auto lose
|c|☆kuoji ッ|to this
|c|☆kuoji ッ|every time
|
|t:|1782180866
|switch|p1b: サーフゴー|Gholdengo, L50|100/100
|switch|p1a: ムクホーク|Staraptor-Mega, L50, F|100/100
|turn|4
|
|t:|1782180878
|move|p2b: Aerodactyl|Tailwind|p2b: Aerodactyl
|-sidestart|p2: pufferfish209|move: Tailwind
|move|p2a: Sylveon|Hyper Beam|p1a: ムクホーク
|-supereffective|p1a: ムクホーク|1
|-damage|p1a: ムクホーク|0 fnt
|-mustrecharge|p2a: Sylveon
|faint|p1a: ムクホーク
|move|p1b: サーフゴー|Make It Rain|p2a: Sylveon|[spread] p2a,p2b
|-supereffective|p2a: Sylveon|1
|-supereffective|p2b: Aerodactyl|1
|-damage|p2a: Sylveon|0 fnt
|-damage|p2b: Aerodactyl|0 fnt
|-unboost|p1b: サーフゴー|spa|2
|faint|p2a: Sylveon
|faint|p2b: Aerodactyl
|-damage|p1b: サーフゴー|90/100|[from] item: Life Orb
|
|upkeep
|
|t:|1782180883
|switch|p2b: Kingambit|Kingambit, L50, F, shiny|100/100
|switch|p2a: Basculegion|Basculegion, L50, M, shiny|100/100
|turn|5
|
|t:|1782180891
|move|p2a: Basculegion|Last Respects|p1b: サーフゴー
|-supereffective|p1b: サーフゴー|1
|-crit|p1b: サーフゴー
|-damage|p1b: サーフゴー|0 fnt
|faint|p1b: サーフゴー
|
|win|pufferfish209
||kuoji ッ is ready for game 3.
|c|☆kuoji ッ|gg
|c|☆pufferfish209|gg
||pufferfish209 is ready for game 3.
|uhtml|next|Next: Game 3 of 3
