|j|☆I am the Sweeper
|j|☆boncuss
|html|I am the Sweeperboncuss    
|uhtml|bestof|Game 3 of a best-of-3
|t:|1757125345
|gametype|doubles
|player|p1|I am the Sweeper|janitor|1069
|player|p2|boncuss|wattson|1102
|gen|9
|tier|[Gen 9] VGC 2025 Reg H (Bo3)
|rated|
|rule|Species Clause: Limit one of each Pokémon
|rule|Item Clause: Limit 1 of each item
|clearpoke
|poke|p1|Annihilape, L50, F|
|poke|p1|Archaludon, L50, F|
|poke|p1|Pelipper, L50, M|
|poke|p1|Maushold-Four, L50|
|poke|p1|Sinistcha, L50|
|poke|p1|Grimmsnarl, L50, M|
|poke|p2|Garganacl, L50, F|
|poke|p2|Tyranitar, L50, M|
|poke|p2|Glimmora, L50, F|
|poke|p2|Talonflame, L50, F|
|poke|p2|Excadrill, L50, F|
|poke|p2|Gastrodon, L50, M|
|teampreview|4
|showteam|p1|Annihilape||Leftovers|Defiant|RageFist,DrainPunch,BulkUp,Protect|||F|||50|,,,,,Fire]Archaludon||AssaultVest|Stamina|ElectroShot,DragonPulse,Snarl,BodyPress|||F|||50|,,,,,Bug]Pelipper||LifeOrb|Drizzle|Tailwind,Hurricane,WeatherBall,Protect|||M|||50|,,,,,Stellar]Maushold-Four||SafetyGoggles|FriendGuard|SuperFang,FollowMe,BeatUp,Protect||||||50|,,,,,Ghost]Sinistcha||SitrusBerry|Hospitality|LifeDew,TrickRoom,StrengthSap,MatchaGotcha||||||50|,,,,,Water]Grimmsnarl||LightClay|Prankster|ThunderWave,LightScreen,Reflect,SpiritBreak|||M|||50|,,,,,Ghost
|showteam|p2|Garganacl||Leftovers|PurifyingSalt|SaltCure,Recover,WideGuard,Protect|||F|||50|,,,,,Grass]Tyranitar||AssaultVest|SandStream|RockSlide,KnockOff,LashOut,IcyWind|||M|||50|,,,,,Flying]Glimmora||PowerHerb|ToxicDebris|MeteorBeam,SpikyShield,SludgeBomb,EarthPower|||F|||50|,,,,,Grass]Talonflame||CovertCloak|GaleWings|DualWingbeat,Tailwind,WillOWisp,FlareBlitz|||F|||50|,,,,,Flying]Excadrill||ClearAmulet|SandRush|Protect,SwordsDance,Earthquake,IronHead|||F|||50|,,,,,Ghost]Gastrodon||SitrusBerry|StormDrain|EarthPower,MuddyWater,IceBeam,Protect|||M|||50|,,,,,Fire
|inactive|Battle timer is ON: inactive players will automatically lose when time's up. (requested by boncuss)
|inactive|I am the Sweeper has 60 seconds left.
|
|t:|1757125389
|teamsize|p1|4
|teamsize|p2|4
|start
|switch|p1a: Grimmsnarl|Grimmsnarl, L50, M|100/100
|switch|p1b: Archaludon|Archaludon, L50, F|100/100
|switch|p2a: Glimmora|Glimmora, L50, F|100/100
|switch|p2b: Talonflame|Talonflame, L50, F|100/100
|turn|1
|inactive|I am the Sweeper has 30 seconds left.
|inactive|boncuss has 30 seconds left.
|inactive|I am the Sweeper has 20 seconds left.
|inactive|I am the Sweeper has 15 seconds left.
|inactive|I am the Sweeper has 10 seconds left.
|
|t:|1757125435
|move|p1a: Grimmsnarl|Light Screen|p1a: Grimmsnarl
|-sidestart|p1: I am the Sweeper|move: Light Screen
|move|p2b: Talonflame|Will-O-Wisp|p1b: Archaludon
|-status|p1b: Archaludon|brn
|move|p2a: Glimmora|Sludge Bomb|p1a: Grimmsnarl
|-supereffective|p1a: Grimmsnarl
|-damage|p1a: Grimmsnarl|45/100
|move|p1b: Archaludon|Snarl|p2b: Talonflame|[spread] p2a,p2b
|-damage|p2a: Glimmora|84/100
|-damage|p2b: Talonflame|79/100
|-unboost|p2a: Glimmora|spa|1
|
|-damage|p1b: Archaludon|94/100 brn|[from] brn
|upkeep
|turn|2
|inactive|I am the Sweeper has 30 seconds left.
|inactive|I am the Sweeper has 20 seconds left.
|inactive|I am the Sweeper has 15 seconds left.
|inactive|I am the Sweeper has 10 seconds left.
|
|t:|1757125480
|switch|p2a: Garganacl|Garganacl, L50, F|100/100
|move|p1a: Grimmsnarl|Reflect|p1a: Grimmsnarl
|-sidestart|p1: I am the Sweeper|Reflect
|move|p2b: Talonflame|Will-O-Wisp|p1a: Grimmsnarl
|-status|p1a: Grimmsnarl|brn
|move|p1b: Archaludon|Dragon Pulse|p2b: Talonflame
|-damage|p2b: Talonflame|19/100
|
|-damage|p1b: Archaludon|88/100 brn|[from] brn
|-damage|p1a: Grimmsnarl|39/100 brn|[from] brn
|upkeep
|turn|3
|inactive|I am the Sweeper has 30 seconds left.
|
|t:|1757125513
|-terastallize|p1b: Archaludon|Bug
|move|p1a: Grimmsnarl|Thunder Wave|p2b: Talonflame
|-status|p2b: Talonflame|par
|move|p1b: Archaludon|Snarl|p2b: Talonflame|[spread] p2a,p2b
|-damage|p2a: Garganacl|91/100
|-damage|p2b: Talonflame|0 fnt
|-unboost|p2a: Garganacl|spa|1
|faint|p2b: Talonflame
|move|p2a: Garganacl|Salt Cure|p1b: Archaludon
|-supereffective|p1b: Archaludon
|-damage|p1b: Archaludon|74/100 brn
|-start|p1b: Archaludon|Salt Cure
|-ability|p1b: Archaludon|Stamina|boost
|-boost|p1b: Archaludon|def|1
|
|-heal|p2a: Garganacl|97/100|[from] item: Leftovers
|-damage|p1b: Archaludon|68/100 brn|[from] brn
|-damage|p1a: Grimmsnarl|33/100 brn|[from] brn
|-damage|p1b: Archaludon|56/100 brn|[from] Salt Cure
|upkeep
|
|t:|1757125535
|switch|p2b: Glimmora|Glimmora, L50, F|84/100
|turn|4
|
|t:|1757125558
|switch|p1a: Sinistcha|Sinistcha, L50|100/100
|-heal|p1b: Archaludon|81/100 brn|[from] ability: Hospitality|[of] p1a: Sinistcha
|move|p2b: Glimmora|Spiky Shield|p2b: Glimmora
|-singleturn|p2b: Glimmora|move: Protect
|move|p1b: Archaludon|Dragon Pulse|p2b: Glimmora
|-activate|p2b: Glimmora|move: Protect
|move|p2a: Garganacl|Salt Cure|p1a: Sinistcha
|-damage|p1a: Sinistcha|92/100
|-start|p1a: Sinistcha|Salt Cure
|
|-heal|p2a: Garganacl|100/100|[from] item: Leftovers
|-damage|p1b: Archaludon|75/100 brn|[from] brn
|-damage|p1b: Archaludon|62/100 brn|[from] Salt Cure
|-damage|p1a: Sinistcha|80/100|[from] Salt Cure
|upkeep
|turn|5
|inactive|I am the Sweeper has 30 seconds left.
|inactive|boncuss has 30 seconds left.
|
|t:|1757125591
|move|p2b: Glimmora|Meteor Beam||[still]
|-prepare|p2b: Glimmora|Meteor Beam
|-boost|p2b: Glimmora|spa|1
|-enditem|p2b: Glimmora|Power Herb
|-anim|p2b: Glimmora|Meteor Beam|p1b: Archaludon
|-supereffective|p1b: Archaludon
|-damage|p1b: Archaludon|0 fnt
|faint|p1b: Archaludon
|move|p1a: Sinistcha|Matcha Gotcha|p2a: Garganacl|[spread] p2a,p2b
|-supereffective|p2a: Garganacl
|-damage|p2a: Garganacl|71/100
|-heal|p1a: Sinistcha|97/100|[from] drain|[of] p2a: Garganacl
|-damage|p2b: Glimmora|52/100
|-heal|p1a: Sinistcha|100/100|[from] drain|[of] p2b: Glimmora
|move|p2a: Garganacl|Salt Cure|p1a: Sinistcha
|-damage|p1a: Sinistcha|93/100
|
|-heal|p2a: Garganacl|76/100|[from] item: Leftovers
|-damage|p1a: Sinistcha|80/100|[from] Salt Cure
|upkeep
|
|t:|1757125611
|switch|p1b: Grimmsnarl|Grimmsnarl, L50, M|33/100 brn
|turn|6
|
|t:|1757125630
|move|p2b: Glimmora|Spiky Shield|p2b: Glimmora
|-singleturn|p2b: Glimmora|move: Protect
|move|p1b: Grimmsnarl|Thunder Wave|p2b: Glimmora
|-activate|p2b: Glimmora|move: Protect
|move|p1a: Sinistcha|Matcha Gotcha|p2a: Garganacl|[spread] p2a
|-activate|p2b: Glimmora|move: Protect
|-supereffective|p2a: Garganacl
|-damage|p2a: Garganacl|44/100
|-heal|p1a: Sinistcha|99/100|[from] drain|[of] p2a: Garganacl
|move|p2a: Garganacl|Salt Cure|p1b: Grimmsnarl
|-damage|p1b: Grimmsnarl|23/100 brn
|-start|p1b: Grimmsnarl|Salt Cure
|
|-heal|p2a: Garganacl|50/100|[from] item: Leftovers
|-damage|p1b: Grimmsnarl|17/100 brn|[from] brn
|-damage|p1a: Sinistcha|86/100|[from] Salt Cure
|-damage|p1b: Grimmsnarl|4/100 brn|[from] Salt Cure
|upkeep
|turn|7
|
|t:|1757125654
|move|p2a: Garganacl|Wide Guard|p2a: Garganacl
|-singleturn|p2a: Garganacl|Wide Guard
|move|p1b: Grimmsnarl|Thunder Wave|p2b: Glimmora
|-status|p2b: Glimmora|par
|move|p1a: Sinistcha|Matcha Gotcha|p2a: Garganacl|[spread] 
|-activate|p2a: Garganacl|move: Wide Guard
|-activate|p2b: Glimmora|move: Wide Guard
|move|p2b: Glimmora|Sludge Bomb|p1a: Sinistcha
|-damage|p1a: Sinistcha|45/100
|-status|p1a: Sinistcha|psn
|-enditem|p1a: Sinistcha|Sitrus Berry|[eat]
|-heal|p1a: Sinistcha|70/100 psn|[from] item: Sitrus Berry
|
|-heal|p2a: Garganacl|56/100|[from] item: Leftovers
|-damage|p1a: Sinistcha|58/100 psn|[from] psn
|-damage|p1b: Grimmsnarl|0 fnt|[from] brn
|faint|p1b: Grimmsnarl
|-damage|p1a: Sinistcha|45/100 psn|[from] Salt Cure
|upkeep
|
|t:|1757125677
|switch|p1b: Pelipper|Pelipper, L50, M|100/100
|-weather|RainDance|[from] ability: Drizzle|[of] p1b: Pelipper
|turn|8
|
|t:|1757125698
|switch|p2a: Tyranitar|Tyranitar, L50, M|100/100
|-weather|Sandstorm|[from] ability: Sand Stream|[of] p2a: Tyranitar
|move|p1b: Pelipper|Weather Ball|p2b: Glimmora
|-damage|p2b: Glimmora|16/100 par
|-damage|p1b: Pelipper|91/100|[from] item: Life Orb
|move|p2b: Glimmora|Sludge Bomb|p1a: Sinistcha
|-damage|p1a: Sinistcha|0 fnt
|faint|p1a: Sinistcha
|
|-weather|Sandstorm|[upkeep]
|-damage|p1b: Pelipper|85/100|[from] Sandstorm
|-sideend|p1: I am the Sweeper|move: Light Screen
|upkeep
|turn|9
|
|t:|1757125712
|move|p1b: Pelipper|Weather Ball|p2b: Glimmora
|-damage|p2b: Glimmora|0 fnt
|faint|p2b: Glimmora
|-damage|p1b: Pelipper|75/100|[from] item: Life Orb
|move|p2a: Tyranitar|Rock Slide|p1b: Pelipper
|-supereffective|p1b: Pelipper
|-damage|p1b: Pelipper|0 fnt
|faint|p1b: Pelipper
|
|win|boncuss
|raw|I am the Sweeper's rating: 1069 → 1051(-18 for losing)
|raw|boncuss's rating: 1102 → 1125(+23 for winning)
|l|☆boncuss
|player|p2|
