|j|☆intromition
|j|☆SelvesterTheYAK
|html|intromitionSelvesterTheYAK    
|uhtml|bestof|Game 1 of a best-of-3
|t:|1756957822
|gametype|doubles
|player|p1|intromition|169|1060
|player|p2|SelvesterTheYAK|265|1180
|gen|9
|tier|[Gen 9] VGC 2025 Reg H (Bo3)
|rated|
|rule|Species Clause: Limit one of each Pokémon
|rule|Item Clause: Limit 1 of each item
|clearpoke
|poke|p1|Politoed, L50, F|
|poke|p1|Archaludon, L50, M|
|poke|p1|Kingdra, L50, F|
|poke|p1|Incineroar, L50, M|
|poke|p1|Amoonguss, L50, M|
|poke|p1|Gothitelle, L50, F|
|poke|p2|Tyranitar, L50, M|
|poke|p2|Garchomp, L50, F|
|poke|p2|Gholdengo, L50|
|poke|p2|Talonflame, L50, M|
|poke|p2|Amoonguss, L50, M|
|poke|p2|Milotic, L50, F|
|teampreview|4
|showteam|p1|Politoed||Leftovers|Drizzle|Protect,WeatherBall,PerishSong,Encore|||F|||50|,,,,,Grass]Archaludon||PowerHerb|Sturdy|Protect,ElectroShot,FlashCannon,DragonPulse|||M|||50|,,,,,Electric]Kingdra||LifeOrb|SwiftSwim|Protect,DracoMeteor,WeatherBall,MuddyWater|||F|||50|,,,,,Stellar]Incineroar||SafetyGoggles|Intimidate|FakeOut,KnockOff,PartingShot,Protect|||M|||50|,,,,,Ghost]Amoonguss||EjectButton|Regenerator|Protect,RagePowder,Spore,PollenPuff|||M|||50|,,,,,Fairy]Gothitelle||SitrusBerry|ShadowTag|Protect,Psychic,FakeOut,TrickRoom|||F|||50|,,,,,Dark
|showteam|p2|Tyranitar||AssaultVest|SandStream|RockSlide,TeraBlast,KnockOff,LowKick|||M|||50|,,,,,Flying]Garchomp||LifeOrb|SandVeil|Protect,DragonClaw,StompingTantrum,Earthquake|||F|||50|,,,,,Steel]Gholdengo||MetalCoat|GoodasGold|MakeItRain,ShadowBall,Protect,NastyPlot||||||50|,,,,,Flying]Talonflame||CovertCloak|GaleWings|BraveBird,Tailwind,WillOWisp,Taunt|||M|||50|,,,,,Ghost]Amoonguss||SitrusBerry|Regenerator|Protect,Spore,RagePowder,PollenPuff|||M|||50|,,,,,Water]Milotic||SafetyGoggles|Competitive|Haze,Protect,IcyWind,Scald|||F|||50|,,,,,Dragon
|inactive|Battle timer is ON: inactive players will automatically lose when time's up. (requested by intromition)
|
|t:|1756957881
|teamsize|p1|4
|teamsize|p2|4
|start
|switch|p1a: Kingdra|Kingdra, L50, F|100/100
|switch|p1b: Incineroar|Incineroar, L50, M|100/100
|switch|p2a: Tyranitar|Tyranitar, L50, M|100/100
|switch|p2b: Gholdengo|Gholdengo, L50|100/100
|-weather|Sandstorm|[from] ability: Sand Stream|[of] p2a: Tyranitar
|-ability|p1b: Incineroar|Intimidate|boost
|-unboost|p2a: Tyranitar|atk|1
|-unboost|p2b: Gholdengo|atk|1
|turn|1
|inactive|intromition has 30 seconds left.
|inactive|SelvesterTheYAK has 30 seconds left.
|inactive|SelvesterTheYAK has 20 seconds left.
|
|t:|1756957921
|move|p1a: Kingdra|Protect|p1a: Kingdra
|-singleturn|p1a: Kingdra|Protect
|move|p2b: Gholdengo|Shadow Ball|p1a: Kingdra
|-activate|p1a: Kingdra|move: Protect
|move|p2a: Tyranitar|Knock Off|p1a: Kingdra
|-activate|p1a: Kingdra|move: Protect
|move|p1b: Incineroar|Knock Off|p2b: Gholdengo
|-supereffective|p2b: Gholdengo
|-damage|p2b: Gholdengo|15/100
|-enditem|p2b: Gholdengo|Metal Coat|[from] move: Knock Off|[of] p1b: Incineroar
|
|-weather|Sandstorm|[upkeep]
|-damage|p1a: Kingdra|95/100|[from] Sandstorm
|upkeep
|turn|2
|inactive|intromition has 30 seconds left.
|
|t:|1756957951
|switch|p1b: Politoed|Politoed, L50, F|100/100
|-weather|RainDance|[from] ability: Drizzle|[of] p1b: Politoed
|move|p1a: Kingdra|Weather Ball|p2b: Gholdengo
|-damage|p2b: Gholdengo|0 fnt
|faint|p2b: Gholdengo
|-damage|p1a: Kingdra|85/100|[from] item: Life Orb
|move|p2a: Tyranitar|Knock Off|p1a: Kingdra
|-damage|p1a: Kingdra|35/100
|-enditem|p1a: Kingdra|Life Orb|[from] move: Knock Off|[of] p2a: Tyranitar
|
|-weather|RainDance|[upkeep]
|upkeep
|
|t:|1756957966
|switch|p2b: Talonflame|Talonflame, L50, M|100/100
|turn|3
|
|t:|1756957985
|-terastallize|p2a: Tyranitar|Flying
|move|p1a: Kingdra|Protect|p1a: Kingdra
|-singleturn|p1a: Kingdra|Protect
|move|p2b: Talonflame|Tailwind|p2b: Talonflame
|-sidestart|p2: SelvesterTheYAK|move: Tailwind
|move|p2a: Tyranitar|Tera Blast|p1a: Kingdra|[anim] Tera Blast Flying
|-activate|p1a: Kingdra|move: Protect
|move|p1b: Politoed|Weather Ball|p2b: Talonflame
|-supereffective|p2b: Talonflame
|-damage|p2b: Talonflame|0 fnt
|faint|p2b: Talonflame
|
|-weather|RainDance|[upkeep]
|upkeep
|
|t:|1756957997
|switch|p2b: Garchomp|Garchomp, L50, F|100/100
|turn|4
|
|t:|1756958014
|move|p2b: Garchomp|Dragon Claw|p1b: Politoed
|-damage|p1b: Politoed|39/100
|-damage|p2b: Garchomp|91/100|[from] item: Life Orb
|move|p1a: Kingdra|Draco Meteor|p2b: Garchomp
|-supereffective|p2b: Garchomp
|-damage|p2b: Garchomp|0 fnt
|-unboost|p1a: Kingdra|spa|2
|faint|p2b: Garchomp
|move|p2a: Tyranitar|Tera Blast|p1a: Kingdra|[anim] Tera Blast Flying
|-damage|p1a: Kingdra|0 fnt
|faint|p1a: Kingdra
|move|p1b: Politoed|Perish Song|p1b: Politoed
|-start|p1b: Politoed|perish3|[silent]
|-start|p2a: Tyranitar|perish3|[silent]
|-fieldactivate|move: Perish Song
|
|-weather|RainDance|[upkeep]
|-heal|p1b: Politoed|45/100|[from] item: Leftovers
|-start|p2a: Tyranitar|perish3
|-start|p1b: Politoed|perish3
|upkeep
|
|t:|1756958034
|switch|p1a: Incineroar|Incineroar, L50, M|100/100
|-ability|p1a: Incineroar|Intimidate|boost
|-unboost|p2a: Tyranitar|atk|1
|turn|5
|
|t:|1756958051
|switch|p1b: Archaludon|Archaludon, L50, M|100/100
|move|p1a: Incineroar|Fake Out|p2a: Tyranitar
|-damage|p2a: Tyranitar|91/100
|cant|p2a: Tyranitar|flinch
|
|-weather|RainDance|[upkeep]
|-start|p2a: Tyranitar|perish2
|upkeep
|turn|6
|
|t:|1756958065
|switch|p1a: Politoed|Politoed, L50, F|45/100
|move|p2a: Tyranitar|Rock Slide|p1b: Archaludon|[spread] p1b
|-miss|p2a: Tyranitar|p1a: Politoed
|-resisted|p1b: Archaludon
|-damage|p1b: Archaludon|93/100
|move|p1b: Archaludon|Electro Shot||[still]
|-prepare|p1b: Archaludon|Electro Shot
|-boost|p1b: Archaludon|spa|1
|-anim|p1b: Archaludon|Electro Shot|p2a: Tyranitar
|-supereffective|p2a: Tyranitar
|-damage|p2a: Tyranitar|6/100
|
|-weather|none
|-heal|p1a: Politoed|51/100|[from] item: Leftovers
|-start|p2a: Tyranitar|perish1
|-sideend|p2: SelvesterTheYAK|move: Tailwind
|upkeep
|turn|7
|
|t:|1756958083
|move|p1b: Archaludon|Protect|p1b: Archaludon
|-singleturn|p1b: Archaludon|Protect
|move|p1a: Politoed|Protect|p1a: Politoed
|-singleturn|p1a: Politoed|Protect
|move|p2a: Tyranitar|Rock Slide|p1b: Archaludon|[spread] 
|-activate|p1a: Politoed|move: Protect
|-activate|p1b: Archaludon|move: Protect
|
|-heal|p1a: Politoed|57/100|[from] item: Leftovers
|-start|p2a: Tyranitar|perish0
|faint|p2a: Tyranitar
|
|win|intromition
||intromition is ready for game 2.
|inactive|SelvesterTheYAK has 30 seconds to confirm battle start!
||SelvesterTheYAK is ready for game 2.
|uhtml|next|Next: Game 2 of 3
|l|☆intromition
|player|p1|
