|j|‽Draxthbest2
|j|☆nudisto
|html|Draxthbest2nudisto    
|uhtml|bestof|Game 1 of a best-of-3
|t:|1786131909
|gametype|doubles
|player|p1|Draxthbest2|101|1000
|player|p2|nudisto|tuber|1026
|gen|9
|tier|[Gen 9 Champions] VGC 2026 Reg M-B (Bo3)
|rated|
|rule|Species Clause: Limit one of each Pokémon
|rule|Item Clause: Limit 1 of each item
|clearpoke
|poke|p1|Charizard, L50, M|
|poke|p1|Venusaur, L50, F|
|poke|p1|Basculegion, L50, M|
|poke|p1|Kingambit, L50, M|
|poke|p1|Floette-Eternal, L50, F|
|poke|p1|Sneasler, L50, M|
|poke|p2|Swampert, L50, F, shiny|
|poke|p2|Pelipper, L50, M|
|poke|p2|Archaludon, L50, M|
|poke|p2|Farigiraf, L50, F|
|poke|p2|Venusaur, L50, M|
|poke|p2|Incineroar, L50, M|
|teampreview|4
|showteam|p1|Charizard||CharizarditeY|Blaze|HeatWave,SolarBeam,Protect,WeatherBall|Timid||M|||50|]Venusaur||FocusSash|Chlorophyll|SleepPowder,LeafStorm,SludgeBomb,EarthPower|Modest||F|||50|]Basculegion||ChoiceScarf|Adaptability|WaveCrash,LastRespects,FlipTurn,AquaJet|Jolly||M|||50|]Kingambit||ChopleBerry|Defiant|SuckerPunch,IronHead,Protect,KowtowCleave|Adamant||M|||50|]Floette-Eternal||Floettite|FlowerVeil|Moonblast,DazzlingGleam,Protect,LightofRuin|Timid||F|||50|]Sneasler||WhiteHerb|Unburden|DireClaw,CloseCombat,Protect,FakeOut|Adamant||M|||50|
|showteam|p2|Swampert||Swampertite|Torrent|HighHorsepower,WaveCrash,RockSlide,Protect|Adamant||F|||50|]Pelipper||LifeOrb|Drizzle|WeatherBall,Hurricane,Protect,Tailwind|Modest||M|||50|]Archaludon||Leftovers|Stamina|ElectroShot,FlashCannon,DragonPulse,Protect|Timid||M|||50|]Farigiraf||ColburBerry|ArmorTail|TwinBeam,HelpingHand,Thunderbolt,Protect|Calm||F|||50|]Venusaur||FocusSash|Chlorophyll|EnergyBall,SludgeBomb,EarthPower,SleepPowder|Modest||M|||50|]Incineroar||SitrusBerry|Intimidate|FlareBlitz,FakeOut,PartingShot,DarkestLariat|Brave||M|||50|
|
|t:|1786131957
|teamsize|p1|4
|teamsize|p2|4
|start
|switch|p1a: Charizard|Charizard, L50, M|100/100
|switch|p1b: Venusaur|Venusaur, L50, F|100/100
|switch|p2a: Incineroar|Incineroar, L50, M|100/100
|switch|p2b: Farigiraf|Farigiraf, L50, F|100/100
|-ability|p2a: Incineroar|Intimidate|boost
|-unboost|p1a: Charizard|atk|1
|-unboost|p1b: Venusaur|atk|1
|turn|1
|inactive|Battle timer is ON: inactive players will automatically lose when time's up. (requested by Draxthbest2)
|
|t:|1786131987
|detailschange|p1a: Charizard|Charizard-Mega-Y, L50, M
|-mega|p1a: Charizard|Charizard|Charizardite Y
|-weather|SunnyDay|[from] ability: Drought|[of] p1a: Charizard
|move|p2b: Farigiraf|Helping Hand|p2a: Incineroar
|-singleturn|p2a: Incineroar|Helping Hand|[of] p2b: Farigiraf
|move|p1b: Venusaur|Sleep Powder|p2b: Farigiraf
|-status|p2b: Farigiraf|slp|[from] move: Sleep Powder
|move|p1a: Charizard|Weather Ball|p2b: Farigiraf
|-damage|p2b: Farigiraf|24/100 slp
|move|p2a: Incineroar|Flare Blitz|p1b: Venusaur
|-supereffective|p1b: Venusaur|1
|-enditem|p1b: Venusaur|Focus Sash
|-damage|p1b: Venusaur|1/100
|-damage|p2a: Incineroar|74/100|[from] Recoil
|
|-weather|SunnyDay|[upkeep]
|upkeep
|turn|2
|inactive|nudisto has 30 seconds left.
|inactive|Draxthbest2 has 30 seconds left.
|inactive|nudisto has 20 seconds left.
|
|t:|1786132025
|switch|p2a: Pelipper|Pelipper, L50, M|100/100
|-weather|RainDance|[from] ability: Drizzle|[of] p2a: Pelipper
|move|p1a: Charizard|Heat Wave|p2a: Pelipper|[spread] p2a,p2b
|-resisted|p2a: Pelipper|1
|-damage|p2a: Pelipper|87/100
|-damage|p2b: Farigiraf|7/100 slp
|move|p1b: Venusaur|Earth Power|p2a: Pelipper
|-immune|p2a: Pelipper
|cant|p2b: Farigiraf|slp
|
|-weather|RainDance|[upkeep]
|upkeep
|turn|3
|inactive|Draxthbest2 has 30 seconds left.
|inactive|nudisto has 30 seconds left.
|
|t:|1786132060
|switch|p1a: Basculegion|Basculegion, L50, M|100/100
|cant|p2b: Farigiraf|slp
|move|p1b: Venusaur|Leaf Storm|p2a: Pelipper
|-damage|p2a: Pelipper|20/100y
|-unboost|p1b: Venusaur|spa|2
|move|p2a: Pelipper|Weather Ball|p1a: Basculegion
|-resisted|p1a: Basculegion|1
|-crit|p1a: Basculegion
|-damage|p1a: Basculegion|32/100
|-damage|p2a: Pelipper|11/100|[from] item: Life Orb
|
|-weather|RainDance|[upkeep]
|upkeep
|turn|4
|inactive|Draxthbest2 has 30 seconds left.
|
|t:|1786132089
|switch|p2a: Incineroar|Incineroar, L50, M|74/100
|-ability|p2a: Incineroar|Intimidate|boost
|-unboost|p1a: Basculegion|atk|1
|-unboost|p1b: Venusaur|atk|1
|-curestatus|p2b: Farigiraf|slp|[msg]
|move|p2b: Farigiraf|Protect|p2b: Farigiraf
|-singleturn|p2b: Farigiraf|Protect
|move|p1a: Basculegion|Flip Turn|p2a: Incineroar
|-supereffective|p2a: Incineroar|1
|-damage|p2a: Incineroar|5/100
|-enditem|p2a: Incineroar|Sitrus Berry|[eat]
|-heal|p2a: Incineroar|30/100|[from] item: Sitrus Berry
|
|t:|1786132108
|switch|p1a: Charizard|Charizard-Mega-Y, L50, M|100/100|[from] Flip Turn
|-weather|SunnyDay|[from] ability: Drought|[of] p1a: Charizard
|move|p1b: Venusaur|Leaf Storm|p2b: Farigiraf
|-activate|p2b: Farigiraf|move: Protect
|
|-weather|SunnyDay|[upkeep]
|upkeep
|turn|5
|
|t:|1786132128
|switch|p2b: Pelipper|Pelipper, L50, M|11/100
|-weather|RainDance|[from] ability: Drizzle|[of] p2b: Pelipper
|move|p1a: Charizard|Weather Ball|p2a: Incineroar
|-supereffective|p2a: Incineroar|1
|-crit|p2a: Incineroar
|-damage|p2a: Incineroar|0 fnt
|faint|p2a: Incineroar
|move|p1b: Venusaur|Earth Power|p2b: Pelipper
|-immune|p2b: Pelipper
|
|-weather|RainDance|[upkeep]
|upkeep
|
|t:|1786132146
|switch|p2a: Venusaur|Venusaur, L50, M|100/100
|turn|6
|inactive|Draxthbest2 has 30 seconds left.
|inactive|nudisto has 30 seconds left.
|
|t:|1786132180
|switch|p1a: Sneasler|Sneasler, L50, M|100/100
|move|p2a: Venusaur|Sludge Bomb|p1b: Venusaur
|-damage|p1b: Venusaur|0 fnt
|faint|p1b: Venusaur
|move|p2b: Pelipper|Hurricane|p1a: Sneasler
|-supereffective|p1a: Sneasler|1
|-damage|p1a: Sneasler|0 fnt
|faint|p1a: Sneasler
|-damage|p2b: Pelipper|1/100|[from] item: Life Orb
|
|-weather|RainDance|[upkeep]
|upkeep
|
|t:|1786132197
|switch|p1a: Charizard|Charizard-Mega-Y, L50, M|100/100
|switch|p1b: Basculegion|Basculegion, L50, M|32/100
|-weather|SunnyDay|[from] ability: Drought|[of] p1a: Charizard
|turn|7
|
|t:|1786132213
|switch|p2b: Farigiraf|Farigiraf, L50, F|7/100
|move|p2a: Venusaur|Sleep Powder|p1a: Charizard
|-status|p1a: Charizard|slp|[from] move: Sleep Powder
|move|p1b: Basculegion|Last Respects|p2a: Venusaur
|-enditem|p2a: Venusaur|Focus Sash
|-damage|p2a: Venusaur|1/100
|cant|p1a: Charizard|slp
|
|-weather|SunnyDay|[upkeep]
|upkeep
|turn|8
|
|t:|1786132237
|cant|p1a: Charizard|slp
|move|p2a: Venusaur|Energy Ball|p1b: Basculegion
|-supereffective|p1b: Basculegion|1
|-damage|p1b: Basculegion|0 fnt
|faint|p1b: Basculegion
|move|p2b: Farigiraf|Thunderbolt|p1a: Charizard
|-supereffective|p1a: Charizard|1
|-damage|p1a: Charizard|56/100 slp
|
|-weather|SunnyDay|[upkeep]
|upkeep
|turn|9
|
|t:|1786132251
|move|p2a: Venusaur|Sludge Bomb|p1a: Charizard
|-damage|p1a: Charizard|14/100 slp
|-curestatus|p1a: Charizard|slp|[msg]
|move|p1a: Charizard|Heat Wave|p2b: Farigiraf|[spread] p2a,p2b
|-supereffective|p2a: Venusaur|1
|-damage|p2a: Venusaur|0 fnt
|-damage|p2b: Farigiraf|0 fnt
|faint|p2a: Venusaur
|faint|p2b: Farigiraf
|
|-weather|SunnyDay|[upkeep]
|upkeep
|
|t:|1786132266
|switch|p2b: Pelipper|Pelipper, L50, M|1/100
|-weather|RainDance|[from] ability: Drizzle|[of] p2b: Pelipper
|turn|10
|
|t:|1786132278
|move|p1a: Charizard|Weather Ball|p2b: Pelipper
|-resisted|p2b: Pelipper|1
|-damage|p2b: Pelipper|0 fnt
|faint|p2b: Pelipper
|
|win|Draxthbest2
