|j|☆NabiscoFigNewtons
|j|☆TeyVgc
|html|NabiscoFigNewtonsTeyVgc    
|uhtml|bestof|Game 1 of a best-of-3
|t:|1783044679
|gametype|doubles
|player|p1|NabiscoFigNewtons|1|1100
|player|p2|TeyVgc|rood|1144
|gen|9
|tier|[Gen 9 Champions] VGC 2026 Reg M-B (Bo3)
|rated|
|rule|Species Clause: Limit one of each Pokémon
|rule|Item Clause: Limit 1 of each item
|clearpoke
|poke|p1|Staraptor, L50, M|
|poke|p1|Froslass, L50, F|
|poke|p1|Whimsicott, L50, M|
|poke|p1|Garchomp, L50, F|
|poke|p1|Incineroar, L50, F|
|poke|p1|Sneasler, L50, F|
|poke|p2|Tyranitar, L50, F|
|poke|p2|Excadrill, L50, F|
|poke|p2|Rotom-Wash, L50|
|poke|p2|Sinistcha, L50|
|poke|p2|Corviknight, L50, M|
|poke|p2|Houndstone, L50, F|
|teampreview|4
|showteam|p1|Staraptor||Staraptite|Intimidate|CloseCombat,BraveBird,HelpingHand,Protect|Jolly||M|||50|]Froslass||Froslassite|CursedBody|Blizzard,ShadowBall,Protect,AuroraVeil|Serious||F|||50|]Whimsicott||FocusSash|Prankster|Tailwind,Tickle,Moonblast,Protect|Bold||M|||50|]Garchomp||LifeOrb|RoughSkin|Earthquake,DracoMeteor,Protect,HelpingHand|Naive||F|||50|]Incineroar||MentalHerb|Intimidate|FakeOut,Taunt,PartingShot,FlareBlitz|Sassy||F|||50|]Sneasler||ShucaBerry|Unburden|FakeOut,CloseCombat,Protect,GunkShot|Jolly||F|||50|
|showteam|p2|Tyranitar||Tyranitarite|SandStream|RockSlide,KnockOff,LowKick,Protect|Adamant||F|||50|]Excadrill||FocusSash|SandRush|IronHead,Protect,Earthquake,RockSlide|Adamant||F|||50|]Rotom-Wash||ChoiceScarf|Levitate|VoltSwitch,HydroPump,Electroweb,Thunderbolt|Modest|||||50|]Sinistcha||SitrusBerry|Hospitality|RagePowder,MatchaGotcha,StrengthSap,TrickRoom|Bold|||||50|]Corviknight||Leftovers|MirrorArmor|BulkUp,BraveBird,Roost,Tailwind|Careful||M|||50|]Houndstone||SpellTag|SandRush|LastRespects,PhantomForce,WillOWisp,Protect|Adamant||F|||50|
|
|t:|1783044801
|teamsize|p1|4
|teamsize|p2|4
|start
|switch|p1a: Garchomp|Garchomp, L50, F|100/100
|switch|p1b: Whimsicott|Whimsicott, L50, M|100/100
|switch|p2a: Rotom|Rotom-Wash, L50|100/100
|switch|p2b: Corviknight|Corviknight, L50, M|100/100
|turn|1
|inactive|Battle timer is ON: inactive players will automatically lose when time's up. (requested by TeyVgc)
|
|t:|1783044886
|switch|p1a: Staraptor|Staraptor, L50, M|100/100
|-ability|p1a: Staraptor|Intimidate|boost
|-unboost|p2a: Rotom|atk|1
|-ability|p2b: Corviknight|Mirror Armor
|-unboost|p1a: Staraptor|atk|1
|move|p1b: Whimsicott|Tailwind|p1b: Whimsicott
|-sidestart|p1: NabiscoFigNewtons|move: Tailwind
|move|p2a: Rotom|Hydro Pump|p1a: Staraptor|[miss]
|-miss|p2a: Rotom|p1a: Staraptor
|move|p2b: Corviknight|Brave Bird|p1b: Whimsicott
|-supereffective|p1b: Whimsicott|1
|-damage|p1b: Whimsicott|19/100
|-damage|p2b: Corviknight|78/100|[from] Recoil
|
|-heal|p2b: Corviknight|84/100|[from] item: Leftovers
|upkeep
|turn|2
|inactive|TeyVgc has 30 seconds left.
|inactive|NabiscoFigNewtons has 30 seconds left.
|inactive|TeyVgc has 20 seconds left.
|
|t:|1783044924
|detailschange|p1a: Staraptor|Staraptor-Mega, L50, M
|-mega|p1a: Staraptor|Staraptor|Staraptite
|move|p1b: Whimsicott|Tickle|p1a: Staraptor
|-boost|p1a: Staraptor|atk|1
|-boost|p1a: Staraptor|def|1
|move|p1a: Staraptor|Close Combat|p2a: Rotom
|-damage|p2a: Rotom|12/100
|-boost|p1a: Staraptor|def|1
|-boost|p1a: Staraptor|spd|1
|move|p2a: Rotom|Hydro Pump|p1a: Staraptor
|-damage|p1a: Staraptor|55/100
|move|p2b: Corviknight|Brave Bird|p1b: Whimsicott
|-supereffective|p1b: Whimsicott|1
|-damage|p1b: Whimsicott|0 fnt
|faint|p1b: Whimsicott
|-damage|p2b: Corviknight|78/100|[from] Recoil
|
|-heal|p2b: Corviknight|84/100|[from] item: Leftovers
|upkeep
|inactive|NabiscoFigNewtons has 30 seconds left.
|
|t:|1783044951
|switch|p1b: Garchomp|Garchomp, L50, F|100/100
|turn|3
|
|t:|1783044969
|move|p1a: Staraptor|Close Combat|p2b: Corviknight
|-damage|p2b: Corviknight|30/100
|-boost|p1a: Staraptor|def|1
|-boost|p1a: Staraptor|spd|1
|move|p1b: Garchomp|Draco Meteor|p2a: Rotom
|-damage|p2a: Rotom|0 fnt
|-unboost|p1b: Garchomp|spa|2
|faint|p2a: Rotom
|-damage|p1b: Garchomp|90/100|[from] item: Life Orb
|move|p2b: Corviknight|Tailwind|p2b: Corviknight
|-sidestart|p2: TeyVgc|move: Tailwind
|
|-heal|p2b: Corviknight|36/100|[from] item: Leftovers
|upkeep
|
|t:|1783044985
|switch|p2a: Excadrill|Excadrill, L50, F|100/100
|turn|4
|inactive|NabiscoFigNewtons has 30 seconds left.
|inactive|NabiscoFigNewtons has 20 seconds left.
|inactive|NabiscoFigNewtons has 15 seconds left.
|
|t:|1783045026
|move|p2a: Excadrill|Protect|p2a: Excadrill
|-singleturn|p2a: Excadrill|Protect
|move|p1a: Staraptor|Close Combat|p2b: Corviknight
|-damage|p2b: Corviknight|0 fnt
|-boost|p1a: Staraptor|def|1
|-boost|p1a: Staraptor|spd|1
|faint|p2b: Corviknight
|move|p1b: Garchomp|Earthquake|p2a: Excadrill|[spread] 
|-activate|p2a: Excadrill|move: Protect
|-immune|p1a: Staraptor
|
|-sideend|p1: NabiscoFigNewtons|move: Tailwind
|upkeep
|
|t:|1783045037
|switch|p2b: Tyranitar|Tyranitar, L50, F|100/100
|-weather|Sandstorm|[from] ability: Sand Stream|[of] p2b: Tyranitar
|turn|5
|
|t:|1783045054
|detailschange|p2b: Tyranitar|Tyranitar-Mega, L50, F
|-mega|p2b: Tyranitar|Tyranitar|Tyranitarite
|move|p1a: Staraptor|Protect|p1a: Staraptor
|-singleturn|p1a: Staraptor|Protect
|move|p2a: Excadrill|Rock Slide|p1a: Staraptor|[spread] p1b
|-activate|p1a: Staraptor|move: Protect
|-resisted|p1b: Garchomp|1
|-damage|p1b: Garchomp|78/100
|move|p2b: Tyranitar|Rock Slide|p1a: Staraptor|[spread] p1b
|-activate|p1a: Staraptor|move: Protect
|-resisted|p1b: Garchomp|1
|-damage|p1b: Garchomp|62/100
|move|p1b: Garchomp|Earthquake|p2b: Tyranitar|[spread] p2a,p2b
|-activate|p1a: Staraptor|move: Protect
|-supereffective|p2a: Excadrill|1
|-supereffective|p2b: Tyranitar|1
|-enditem|p2a: Excadrill|Focus Sash
|-damage|p2a: Excadrill|1/100
|-damage|p2b: Tyranitar|38/100
|-damage|p1b: Garchomp|52/100|[from] item: Life Orb
|
|-weather|Sandstorm|[upkeep]
|-damage|p1a: Staraptor|49/100|[from] Sandstorm
|upkeep
|turn|6
|inactive|NabiscoFigNewtons has 30 seconds left.
|inactive|NabiscoFigNewtons has 20 seconds left.
|
|t:|1783045090
|move|p2a: Excadrill|Rock Slide|p1a: Staraptor|[spread] p1a,p1b
|-resisted|p1b: Garchomp|1
|-damage|p1a: Staraptor|40/100
|-damage|p1b: Garchomp|42/100
|move|p2b: Tyranitar|Rock Slide|p1b: Garchomp|[spread] p1b
|-miss|p2b: Tyranitar|p1a: Staraptor
|-resisted|p1b: Garchomp|1
|-crit|p1b: Garchomp
|-damage|p1b: Garchomp|13/100
|move|p1a: Staraptor|Close Combat|p2b: Tyranitar
|-supereffective|p2b: Tyranitar|2
|-damage|p2b: Tyranitar|0 fnt
|-boost|p1a: Staraptor|def|1
|-boost|p1a: Staraptor|spd|1
|faint|p2b: Tyranitar
|move|p1b: Garchomp|Earthquake|p2a: Excadrill|[spread] p2a
|-immune|p1a: Staraptor
|-supereffective|p2a: Excadrill|1
|-damage|p2a: Excadrill|0 fnt
|faint|p2a: Excadrill
|-damage|p1b: Garchomp|3/100|[from] item: Life Orb
|
|win|NabiscoFigNewtons
