|j|☆Bphind722
|j|☆Fervvvvv
|html|Bphind722Fervvvvv    
|uhtml|bestof|Game 3 of a best-of-3
|t:|1783820817
|gametype|doubles
|player|p1|Bphind722|266|
|player|p2|Fervvvvv|bugcatcher-gen4dp|
|gen|9
|tier|[Gen 9 Champions] VGC 2026 Reg M-B (Bo3)
|rule|Species Clause: Limit one of each Pokémon
|rule|Item Clause: Limit 1 of each item
|clearpoke
|poke|p1|Rotom-Mow, L50|
|poke|p1|Tinkaton, L50, F|
|poke|p1|Charizard, L50, F|
|poke|p1|Milotic, L50, F|
|poke|p1|Glimmora, L50, M|
|poke|p1|Greninja, L50, F|
|poke|p2|Scrafty, L50, M|
|poke|p2|Meowstic-F, L50, F|
|poke|p2|Snorlax, L50, F|
|poke|p2|Slowbro, L50, M|
|poke|p2|Incineroar, L50, M|
|poke|p2|Sinistcha, L50|
|teampreview|4
|showteam|p1|Rotom-Mow||ChoiceScarf|Levitate|VoltSwitch,LeafStorm,Thunderbolt,ShadowBall|Modest|||||50|]Tinkaton||SitrusBerry|MoldBreaker|FakeOut,GigatonHammer,ThunderWave,Protect|Jolly||F|||50|]Charizard||CharizarditeY|Blaze|HeatWave,SolarBeam,AirSlash,Protect|Timid||F|||50|]Milotic||Leftovers|Competitive|Scald,IcyWind,Recover,Protect|Bold||F|||50|]Glimmora||ExpertBelt|ToxicDebris|PowerGem,EarthPower,SludgeBomb,Protect|Timid||M|||50|]Greninja||FocusSash|Protean|HydroPump,DarkPulse,IceBeam,Protect|Timid||F|||50|
|showteam|p2|Scrafty||Scraftinite|Intimidate|FakeOut,KnockOff,CloseCombat,Protect|Adamant||M|||50|]Meowstic-F||Meowsticite|Competitive|Psychic,Thunderbolt,LightScreen,Protect|Timid||F|||50|]Snorlax||LifeOrb|ThickFat|Earthquake,RockSlide,DoubleEdge,SeedBomb|Brave||F|||50|]Slowbro||ExpertBelt|Regenerator|Flamethrower,Scald,ShadowBall,Protect|Modest||M|||50|]Incineroar||Leftovers|Intimidate|FlareBlitz,PartingShot,FakeOut,Protect|Adamant||M|||50|]Sinistcha||SitrusBerry|Heatproof|TrickRoom,MatchaGotcha,RagePowder,Protect|Sassy|||||50|
|
|t:|1783821071
|teamsize|p1|4
|teamsize|p2|4
|start
|switch|p1a: Rotom|Rotom-Mow, L50|100/100
|switch|p1b: Tinkaton|Tinkaton, L50, F|100/100
|switch|p2a: Sinistcha|Sinistcha, L50|100/100
|switch|p2b: Incineroar|Incineroar, L50, M|100/100
|-ability|p1b: Tinkaton|Mold Breaker
|-ability|p2b: Incineroar|Intimidate|boost
|-unboost|p1a: Rotom|atk|1
|-unboost|p1b: Tinkaton|atk|1
|turn|1
|
|t:|1783821181
|move|p1b: Tinkaton|Fake Out|p2b: Incineroar
|-damage|p2b: Incineroar|93/100
|cant|p2b: Incineroar|flinch
|move|p1a: Rotom|Shadow Ball|p2a: Sinistcha
|-supereffective|p2a: Sinistcha|1
|-damage|p2a: Sinistcha|48/100
|-enditem|p2a: Sinistcha|Sitrus Berry|[eat]
|-heal|p2a: Sinistcha|73/100|[from] item: Sitrus Berry
|move|p2a: Sinistcha|Trick Room|p2a: Sinistcha
|-fieldstart|move: Trick Room|[of] p2a: Sinistcha
|
|-heal|p2b: Incineroar|99/100|[from] item: Leftovers
|upkeep
|turn|2
|
|t:|1783821257
|move|p2b: Incineroar|Parting Shot|p1a: Rotom
|-unboost|p1a: Rotom|atk|1
|-unboost|p1a: Rotom|spa|1
|
|t:|1783821299
|switch|p2b: Scrafty|Scrafty, L50, M|100/100|[from] Parting Shot
|-ability|p2b: Scrafty|Intimidate|boost
|-unboost|p1a: Rotom|atk|1
|-unboost|p1b: Tinkaton|atk|1
|move|p2a: Sinistcha|Matcha Gotcha|p1b: Tinkaton|[spread] p1a,p1b
|-resisted|p1a: Rotom|1
|-resisted|p1b: Tinkaton|1
|-damage|p1a: Rotom|82/100
|-heal|p2a: Sinistcha|79/100|[from] drain|[of] p1a: Rotom
|-damage|p1b: Tinkaton|85/100
|-heal|p2a: Sinistcha|85/100|[from] drain|[of] p1b: Tinkaton
|-status|p1b: Tinkaton|brn
|move|p1b: Tinkaton|Thunder Wave|p2a: Sinistcha
|-status|p2a: Sinistcha|par
|move|p1a: Rotom|Shadow Ball|p2a: Sinistcha
|-supereffective|p2a: Sinistcha|1
|-damage|p2a: Sinistcha|48/100 par
|
|-damage|p1b: Tinkaton|79/100 brn|[from] brn
|upkeep
|turn|3
|
|t:|1783821382
|switch|p1a: Greninja|Greninja, L50, F|100/100
|detailschange|p2b: Scrafty|Scrafty-Mega, L50, M
|-mega|p2b: Scrafty|Scrafty|Scraftinite
|-ability|p2b: Scrafty|Intimidate|boost
|-unboost|p1a: Greninja|atk|1
|-unboost|p1b: Tinkaton|atk|1
|move|p2b: Scrafty|Fake Out|p1a: Greninja
|-damage|p1a: Greninja|72/100
|move|p2a: Sinistcha|Matcha Gotcha|p1a: Greninja|[spread] p1a,p1b
|-supereffective|p1a: Greninja|1
|-resisted|p1b: Tinkaton|1
|-damage|p1a: Greninja|2/100
|-heal|p2a: Sinistcha|78/100 par|[from] drain|[of] p1a: Greninja
|-damage|p1b: Tinkaton|66/100 brn
|-heal|p2a: Sinistcha|84/100 par|[from] drain|[of] p1b: Tinkaton
|move|p1b: Tinkaton|Thunder Wave|p2b: Scrafty
|-status|p2b: Scrafty|par
|
|-damage|p1b: Tinkaton|60/100 brn|[from] brn
|upkeep
|turn|4
|
|t:|1783821452
|move|p1b: Tinkaton|Protect|p1b: Tinkaton
|-singleturn|p1b: Tinkaton|Protect
|move|p1a: Greninja|Protect|p1a: Greninja
|-start|p1a: Greninja|typechange|Normal|[from] ability: Protean
|-singleturn|p1a: Greninja|Protect
|move|p2a: Sinistcha|Matcha Gotcha|p1b: Tinkaton|[spread] 
|-activate|p1a: Greninja|move: Protect
|-activate|p1b: Tinkaton|move: Protect
|move|p2b: Scrafty|Close Combat|p1b: Tinkaton
|-activate|p1b: Tinkaton|move: Protect
|
|-damage|p1b: Tinkaton|54/100 brn|[from] brn
|upkeep
|turn|5
|j| PJG4487
|
|t:|1783821509
|move|p1a: Greninja|Protect||[still]
|-fail|p1a: Greninja
|move|p2a: Sinistcha|Matcha Gotcha|p1a: Greninja|[spread] p1a,p1b
|-resisted|p1b: Tinkaton|1
|-damage|p1a: Greninja|0 fnt
|-heal|p2a: Sinistcha|85/100 par|[from] drain|[of] p1a: Greninja
|-damage|p1b: Tinkaton|40/100 brn
|-heal|p2a: Sinistcha|91/100 par|[from] drain|[of] p1b: Tinkaton
|-enditem|p1b: Tinkaton|Sitrus Berry|[eat]
|-heal|p1b: Tinkaton|65/100 brn|[from] item: Sitrus Berry
|faint|p1a: Greninja
|move|p2b: Scrafty|Close Combat|p1b: Tinkaton
|-damage|p1b: Tinkaton|0 fnt
|-unboost|p2b: Scrafty|def|1
|-unboost|p2b: Scrafty|spd|1
|faint|p1b: Tinkaton
|
|-fieldend|move: Trick Room
|upkeep
|
|t:|1783821526
|switch|p1a: Rotom|Rotom-Mow, L50|82/100
|switch|p1b: Charizard|Charizard, L50, F|100/100
|turn|6
|l| PJG4487
|j| PJG4487
|l| PJG4487
|
|t:|1783821633
|switch|p2a: Incineroar|Incineroar, L50, M|99/100
|-ability|p2a: Incineroar|Intimidate|boost
|-unboost|p1a: Rotom|atk|1
|-unboost|p1b: Charizard|atk|1
|detailschange|p1b: Charizard|Charizard-Mega-Y, L50, F
|-mega|p1b: Charizard|Charizard|Charizardite Y
|-weather|SunnyDay|[from] ability: Drought|[of] p1b: Charizard
|move|p2b: Scrafty|Protect|p2b: Scrafty
|-singleturn|p2b: Scrafty|Protect
|move|p1a: Rotom|Shadow Ball|p2a: Incineroar
|-resisted|p2a: Incineroar|1
|-damage|p2a: Incineroar|88/100
|move|p1b: Charizard|Heat Wave|p2a: Incineroar|[spread] p2a
|-activate|p2b: Scrafty|move: Protect
|-resisted|p2a: Incineroar|1
|-damage|p2a: Incineroar|63/100
|
|-weather|SunnyDay|[upkeep]
|-heal|p2a: Incineroar|69/100|[from] item: Leftovers
|upkeep
|turn|7
|j| PJG4487
|
|t:|1783821703
|switch|p2b: Sinistcha|Sinistcha, L50|91/100 par
|move|p2a: Incineroar|Fake Out|p1b: Charizard
|-damage|p1b: Charizard|82/100
|move|p1a: Rotom|Shadow Ball|p2a: Incineroar
|-resisted|p2a: Incineroar|1
|-damage|p2a: Incineroar|57/100
|cant|p1b: Charizard|flinch
|
|-weather|SunnyDay|[upkeep]
|-heal|p2a: Incineroar|63/100|[from] item: Leftovers
|upkeep
|turn|8
|
|t:|1783821751
|cant|p2b: Sinistcha|par
|move|p1a: Rotom|Shadow Ball|p2b: Sinistcha
|-supereffective|p2b: Sinistcha|1
|-damage|p2b: Sinistcha|37/100 par
|move|p1b: Charizard|Air Slash|p2b: Sinistcha
|-supereffective|p2b: Sinistcha|1
|-damage|p2b: Sinistcha|0 fnt
|faint|p2b: Sinistcha
|move|p2a: Incineroar|Flare Blitz|p1a: Rotom
|-supereffective|p1a: Rotom|1
|-damage|p1a: Rotom|0 fnt
|faint|p1a: Rotom
|-damage|p2a: Incineroar|46/100|[from] Recoil
|
|-weather|SunnyDay|[upkeep]
|-heal|p2a: Incineroar|51/100|[from] item: Leftovers
|upkeep
|
|t:|1783821795
|switch|p2b: Scrafty|Scrafty-Mega, L50, M|100/100 par
|-ability|p2b: Scrafty|Intimidate|boost
|-unboost|p1b: Charizard|atk|1
|turn|9
|l| PJG4487
|j| PJG4487
|
|t:|1783821878
|move|p2a: Incineroar|Protect|p2a: Incineroar
|-singleturn|p2a: Incineroar|Protect
|move|p2b: Scrafty|Fake Out|p1b: Charizard
|-damage|p1b: Charizard|58/100
|cant|p1b: Charizard|flinch
|
|-weather|SunnyDay|[upkeep]
|-heal|p2a: Incineroar|57/100|[from] item: Leftovers
|upkeep
|turn|10
|
|t:|1783821981
|cant|p2b: Scrafty|par
|move|p1b: Charizard|Air Slash|p2b: Scrafty
|-supereffective|p2b: Scrafty|1
|-damage|p2b: Scrafty|26/100 par
|move|p2a: Incineroar|Parting Shot|p1b: Charizard
|-unboost|p1b: Charizard|atk|1
|-unboost|p1b: Charizard|spa|1
|
|t:|1783821988
|switch|p2a: Slowbro|Slowbro, L50, M|100/100|[from] Parting Shot
|
|-weather|none
|upkeep
|turn|11
|
|t:|1783822035
|move|p1b: Charizard|Protect|p1b: Charizard
|-singleturn|p1b: Charizard|Protect
|move|p2a: Slowbro|Scald|p1b: Charizard
|-activate|p1b: Charizard|move: Protect
|move|p2b: Scrafty|Knock Off|p1b: Charizard
|-activate|p1b: Charizard|move: Protect
|
|upkeep
|turn|12
|
|t:|1783822070
|switch|p2b: Incineroar|Incineroar, L50, M|57/100
|-ability|p2b: Incineroar|Intimidate|boost
|-unboost|p1b: Charizard|atk|1
|move|p1b: Charizard|Heat Wave|p2b: Incineroar|[spread] p2a,p2b
|-resisted|p2a: Slowbro|1
|-crit|p2a: Slowbro
|-resisted|p2b: Incineroar|1
|-damage|p2a: Slowbro|63/100
|-damage|p2b: Incineroar|45/100
|-status|p2a: Slowbro|brn
|move|p2a: Slowbro|Scald|p1b: Charizard
|-supereffective|p1b: Charizard|1
|-damage|p1b: Charizard|0 fnt
|faint|p1b: Charizard
|
|win|Fervvvvv
|l| PJG4487
|l|☆Bphind722
|player|p1|
