|j|☆Kripo405
|j|☆hermit5
|html|Kripo405hermit5    
|uhtml|bestof|Game 1 of a best-of-3
|t:|1756398877
|gametype|doubles
|player|p1|Kripo405|266|1099
|player|p2|hermit5|red|1028
|gen|9
|tier|[Gen 9] VGC 2025 Reg H (Bo3)
|rated|
|rule|Species Clause: Limit one of each Pokémon
|rule|Item Clause: Limit 1 of each item
|clearpoke
|poke|p1|Smeargle, L50, F|
|poke|p1|Hydreigon, L50, M|
|poke|p1|Garchomp, L50, M|
|poke|p1|Whimsicott, L50, M|
|poke|p1|Incineroar, L50, F|
|poke|p1|Primarina, L50, M|
|poke|p2|Dragonite, L50, M|
|poke|p2|Sneasler, L50, F|
|poke|p2|Incineroar, L50, M|
|poke|p2|Archaludon, L50, F|
|poke|p2|Basculegion, L50, M|
|poke|p2|Murkrow, L50, F|
|teampreview|4
|showteam|p1|Smeargle||FocusSash|Moody|FakeOut,Decorate,FollowMe,Spore|||F|||50|,,,,,Grass]Hydreigon||SafetyGoggles|Levitate|DracoMeteor,DarkPulse,Protect,Snarl|||M|||50|,,,,,Poison]Garchomp||LifeOrb|RoughSkin|Earthquake,StompingTantrum,DragonClaw,Protect|||M|||50|,,,,,Steel]Whimsicott||CovertCloak|Prankster|Moonblast,Tailwind,LightScreen,HelpingHand|||M|||50|,,,,,Dark]Incineroar||AssaultVest|Intimidate|KnockOff,FlareBlitz,Uturn,FakeOut|||F|||50|,,,,,Ghost]Primarina||ThroatSpray|LiquidVoice|Protect,Moonblast,HyperVoice,Haze|||M|||50|,,,,,Fire
|showteam|p2|Dragonite||LoadedDice|Multiscale|ScaleShot,Protect,Haze,ExtremeSpeed|||M|||50|,,,,,Fairy]Sneasler||FocusSash|PoisonTouch|Coaching,CloseCombat,DireClaw,Protect|||F|||50|,,,,,Flying]Incineroar||SafetyGoggles|Intimidate|FakeOut,KnockOff,FlareBlitz,PartingShot|||M|||50|,,,,,Ghost]Archaludon||AssaultVest|Stamina|ElectroShot,BodyPress,FlashCannon,DracoMeteor|||F|||50|,,,,,Grass]Basculegion||ClearAmulet|SwiftSwim|WaveCrash,Crunch,TeraBlast,Protect|||M|||50|,,,,,Grass]Murkrow||Eviolite|Prankster|FoulPlay,RainDance,Tailwind,Protect|||F|||50|,,,,,Dark
|
|t:|1756398912
|teamsize|p1|4
|teamsize|p2|4
|start
|switch|p1a: Garchomp|Garchomp, L50, M|100/100
|switch|p1b: Smeargle|Smeargle, L50, F|100/100
|switch|p2a: Dragonite|Dragonite, L50, M, shiny|100/100
|switch|p2b: Sneasler|Sneasler, L50, F|100/100
|turn|1
|
|t:|1756398933
|move|p2b: Sneasler|Protect|p2b: Sneasler
|-singleturn|p2b: Sneasler|Protect
|move|p1a: Garchomp|Protect|p1a: Garchomp
|-singleturn|p1a: Garchomp|Protect
|move|p2a: Dragonite|Protect|p2a: Dragonite
|-singleturn|p2a: Dragonite|Protect
|move|p1b: Smeargle|Decorate|p1a: Garchomp
|-boost|p1a: Garchomp|atk|2
|-boost|p1a: Garchomp|spa|2
|
|-ability|p1b: Smeargle|Moody|boost
|-boost|p1b: Smeargle|spe|2
|-unboost|p1b: Smeargle|atk|1
|upkeep
|turn|2
|
|t:|1756398962
|-terastallize|p2a: Dragonite|Fairy
|move|p1b: Smeargle|Spore|p2a: Dragonite
|-status|p2a: Dragonite|slp|[from] move: Spore
|move|p2b: Sneasler|Close Combat|p1b: Smeargle
|-supereffective|p1b: Smeargle
|-enditem|p1b: Smeargle|Focus Sash
|-damage|p1b: Smeargle|1/100
|-unboost|p2b: Sneasler|def|1
|-unboost|p2b: Sneasler|spd|1
|-status|p1b: Smeargle|psn|[from] ability: Poison Touch|[of] p2b: Sneasler
|move|p1a: Garchomp|Dragon Claw|p2b: Sneasler
|-enditem|p2b: Sneasler|Focus Sash
|-damage|p2b: Sneasler|1/100
|-damage|p1a: Garchomp|91/100|[from] item: Life Orb
|cant|p2a: Dragonite|slp
|
|-damage|p1b: Smeargle|0 fnt|[from] psn
|faint|p1b: Smeargle
|upkeep
|
|t:|1756398978
|switch|p1b: Incineroar|Incineroar, L50, F|100/100
|-ability|p1b: Incineroar|Intimidate|boost
|-unboost|p2a: Dragonite|atk|1
|-unboost|p2b: Sneasler|atk|1
|turn|3
|
|t:|1756399032
|-terastallize|p1a: Garchomp|Steel
|move|p2b: Sneasler|Protect|p2b: Sneasler
|-singleturn|p2b: Sneasler|Protect
|cant|p2a: Dragonite|slp
|move|p1a: Garchomp|Stomping Tantrum|p2a: Dragonite
|-damage|p2a: Dragonite|42/100 slp
|-damage|p1a: Garchomp|81/100|[from] item: Life Orb
|move|p1b: Incineroar|Flare Blitz|p2a: Dragonite
|-damage|p2a: Dragonite|0 fnt
|faint|p2a: Dragonite
|-damage|p1b: Incineroar|89/100|[from] Recoil
|
|upkeep
|
|t:|1756399054
|switch|p2a: Murkrow|Murkrow, L50, F|100/100
|turn|4
|
|t:|1756399067
|switch|p1b: Hydreigon|Hydreigon, L50, M|100/100
|move|p2b: Sneasler|Close Combat|p1b: Hydreigon
|-supereffective|p1b: Hydreigon
|-damage|p1b: Hydreigon|16/100
|-unboost|p2b: Sneasler|def|1
|-unboost|p2b: Sneasler|spd|1
|-status|p1b: Hydreigon|psn|[from] ability: Poison Touch|[of] p2b: Sneasler
|move|p1a: Garchomp|Earthquake|p2b: Sneasler|[spread] p2b
|-immune|p1b: Hydreigon|[from] ability: Levitate
|-immune|p2a: Murkrow
|-supereffective|p2b: Sneasler
|-damage|p2b: Sneasler|0 fnt
|faint|p2b: Sneasler
|-damage|p1a: Garchomp|71/100|[from] item: Life Orb
|move|p2a: Murkrow|Foul Play|p1a: Garchomp
|-damage|p1a: Garchomp|0 fnt
|-damage|p2a: Murkrow|89/100|[from] ability: Rough Skin|[of] p1a: Garchomp
|faint|p1a: Garchomp
|
|-damage|p1b: Hydreigon|3/100 psn|[from] psn
|upkeep
|
|t:|1756399096
|switch|p2b: Archaludon|Archaludon, L50, F|100/100
|switch|p1a: Incineroar|Incineroar, L50, F|89/100
|-ability|p1a: Incineroar|Intimidate|boost
|-unboost|p2a: Murkrow|atk|1
|-unboost|p2b: Archaludon|atk|1
|turn|5
|
|t:|1756399114
|move|p2a: Murkrow|Tailwind|p2a: Murkrow
|-sidestart|p2: hermit5|move: Tailwind
|move|p2b: Archaludon|Body Press|p1a: Incineroar
|-supereffective|p1a: Incineroar
|-damage|p1a: Incineroar|48/100
|move|p1b: Hydreigon|Draco Meteor|p2b: Archaludon
|-damage|p2b: Archaludon|54/100
|-unboost|p1b: Hydreigon|spa|2
|-ability|p2b: Archaludon|Stamina|boost
|-boost|p2b: Archaludon|def|1
|move|p1a: Incineroar|Flare Blitz|p2a: Murkrow
|-damage|p2a: Murkrow|38/100
|-damage|p1a: Incineroar|34/100|[from] Recoil
|
|-damage|p1b: Hydreigon|0 fnt|[from] psn
|faint|p1b: Hydreigon
|upkeep
|turn|6
|
|t:|1756399144
|move|p2a: Murkrow|Foul Play|p1a: Incineroar
|-resisted|p1a: Incineroar
|-damage|p1a: Incineroar|16/100
|move|p2b: Archaludon|Body Press|p1a: Incineroar
|-supereffective|p1a: Incineroar
|-damage|p1a: Incineroar|0 fnt
|faint|p1a: Incineroar
|
|win|hermit5
||Kripo405 is ready for game 2.
||hermit5 is ready for game 2.
|uhtml|next|Next: Game 2 of 3
