|j|☆ThetaB
|j|☆viatles
|html|ThetaBviatles    
|uhtml|bestof|Game 2 of a best-of-3
|t:|1757793982
|gametype|doubles
|player|p1|ThetaB|palmer|1166
|player|p2|viatles|hiker|1088
|gen|9
|tier|[Gen 9] VGC 2025 Reg H (Bo3)
|rated|
|rule|Species Clause: Limit one of each Pokémon
|rule|Item Clause: Limit 1 of each item
|clearpoke
|poke|p1|Arcanine-Hisui, L50, M|
|poke|p1|Whimsicott, L50, M|
|poke|p1|Sneasler, L50, M|
|poke|p1|Dragonite, L50, F|
|poke|p1|Kingambit, L50, F|
|poke|p1|Ursaluna-Bloodmoon, L50, M|
|poke|p2|Scizor, L50, F|
|poke|p2|Talonflame, L50, F|
|poke|p2|Rillaboom, L50, M|
|poke|p2|Garchomp, L50, M|
|poke|p2|Kilowattrel, L50, M|
|poke|p2|Garganacl, L50, M|
|teampreview|4
|showteam|p1|Arcanine-Hisui||SitrusBerry|Intimidate|FlareBlitz,RockSlide,Howl,Protect|||M|||50|,,,,,Grass]Whimsicott||CovertCloak|Prankster|Tailwind,Moonblast,Encore,Protect|||M|||50|,,,,,Ghost]Sneasler||FocusSash|Unburden|DireClaw,CloseCombat,FakeOut,Protect|||M|||50|,,,,,Ghost]Dragonite||ChoiceBand|InnerFocus|Outrage,StompingTantrum,ExtremeSpeed,TeraBlast|||F|||50|,,,,,Flying]Kingambit||SafetyGoggles|Defiant|KowtowCleave,SuckerPunch,SwordsDance,Protect|||F|||50|,,,,,Dark]Ursaluna-Bloodmoon||LifeOrb|MindsEye|HyperVoice,EarthPower,BloodMoon,Protect|||M|||50|,,,,,Normal
|showteam|p2|Scizor||LifeOrb|Technician|BulletPunch,BugBite,DualWingbeat,Protect|||F|||50|,,,,,Fire]Talonflame||CovertCloak|GaleWings|DualWingbeat,Tailwind,Taunt,FlareBlitz|||F|||50|,,,,,Flying]Rillaboom||AssaultVest|GrassySurge|FakeOut,GrassyGlide,Uturn,WoodHammer|||M|||50|,,,,,Fairy]Garchomp||ClearAmulet|RoughSkin|IronHead,Earthquake,DragonClaw,Protect|||M|||50|,,,,,Steel]Kilowattrel||FocusSash|Competitive|Discharge,AirSlash,Tailwind,Protect|||M|||50|,,,,,Fairy]Garganacl||Leftovers|PurifyingSalt|SaltCure,Recover,Protect,RockSlide|||M|||50|,,,,,Grass
|inactive|Battle timer is ON: inactive players will automatically lose when time's up. (requested by viatles)
|inactive|ThetaB has 60 seconds left.
|
|t:|1757794028
|teamsize|p1|4
|teamsize|p2|4
|start
|switch|p1a: Sneasler|Sneasler, L50, M|100/100
|switch|p1b: Arcanine|Arcanine-Hisui, L50, M|100/100
|switch|p2a: Garganacl|Garganacl, L50, M|100/100
|switch|p2b: Garchomp|Garchomp, L50, M|100/100
|-ability|p1b: Arcanine|Intimidate|boost
|-unboost|p2a: Garganacl|atk|1
|-fail|p2b: Garchomp|unboost|[from] item: Clear Amulet|[of] p2b: Garchomp
|turn|1
|inactive|viatles has 30 seconds left.
|
|t:|1757794056
|move|p2b: Garchomp|Protect|p2b: Garchomp
|-singleturn|p2b: Garchomp|Protect
|move|p1a: Sneasler|Fake Out|p2b: Garchomp
|-activate|p2b: Garchomp|move: Protect
|move|p1b: Arcanine|Howl|p1b: Arcanine|[spread] p1a,p1b
|-boost|p1a: Sneasler|atk|1
|-boost|p1b: Arcanine|atk|1
|move|p2a: Garganacl|Salt Cure|p1b: Arcanine
|-supereffective|p1b: Arcanine
|-damage|p1b: Arcanine|84/100
|-start|p1b: Arcanine|Salt Cure
|
|-damage|p1b: Arcanine|71/100|[from] Salt Cure
|upkeep
|turn|2
|
|t:|1757794074
|switch|p1b: Whimsicott|Whimsicott, L50, M|100/100
|move|p1a: Sneasler|Close Combat|p2a: Garganacl
|-supereffective|p2a: Garganacl
|-damage|p2a: Garganacl|0 fnt
|-unboost|p1a: Sneasler|def|1
|-unboost|p1a: Sneasler|spd|1
|faint|p2a: Garganacl
|move|p2b: Garchomp|Dragon Claw|p1a: Sneasler
|-enditem|p1a: Sneasler|Focus Sash
|-damage|p1a: Sneasler|1/100
|
|upkeep
|
|t:|1757794085
|switch|p2a: Talonflame|Talonflame, L50, F|100/100
|turn|3
|
|t:|1757794098
|move|p1a: Sneasler|Protect|p1a: Sneasler
|-singleturn|p1a: Sneasler|Protect
|move|p2a: Talonflame|Dual Wingbeat|p1a: Sneasler
|-activate|p1a: Sneasler|move: Protect
|move|p1b: Whimsicott|Tailwind|p1b: Whimsicott
|-sidestart|p1: ThetaB|move: Tailwind
|move|p2b: Garchomp|Iron Head|p1b: Whimsicott
|-supereffective|p1b: Whimsicott
|-damage|p1b: Whimsicott|23/100
|
|upkeep
|turn|4
|
|t:|1757794113
|switch|p1a: Arcanine|Arcanine-Hisui, L50, M|71/100
|-ability|p1a: Arcanine|Intimidate|boost
|-unboost|p2a: Talonflame|atk|1
|-fail|p2b: Garchomp|unboost|[from] item: Clear Amulet|[of] p2b: Garchomp
|move|p2a: Talonflame|Dual Wingbeat|p1a: Arcanine
|-resisted|p1a: Arcanine
|-damage|p1a: Arcanine|66/100
|-resisted|p1a: Arcanine
|-damage|p1a: Arcanine|60/100
|-hitcount|p1a: Arcanine|2
|move|p1b: Whimsicott|Moonblast|p2b: Garchomp
|-supereffective|p2b: Garchomp
|-damage|p2b: Garchomp|35/100
|move|p2b: Garchomp|Earthquake|p1b: Whimsicott|[spread] p1a,p1b
|-immune|p2a: Talonflame
|-supereffective|p1a: Arcanine
|-resisted|p1b: Whimsicott
|-damage|p1a: Arcanine|0 fnt
|-damage|p1b: Whimsicott|0 fnt
|faint|p1a: Arcanine
|faint|p1b: Whimsicott
|
|upkeep
|
|t:|1757794127
|switch|p1b: Dragonite|Dragonite, L50, F|100/100
|switch|p1a: Sneasler|Sneasler, L50, M|1/100
|turn|5
|
|t:|1757794150
|-terastallize|p1b: Dragonite|Flying
|move|p1a: Sneasler|Protect|p1a: Sneasler
|-singleturn|p1a: Sneasler|Protect
|move|p2b: Garchomp|Protect|p2b: Garchomp
|-singleturn|p2b: Garchomp|Protect
|move|p2a: Talonflame|Dual Wingbeat|p1a: Sneasler
|-activate|p1a: Sneasler|move: Protect
|move|p1b: Dragonite|Tera Blast|p2a: Talonflame|[anim] Tera Blast Flying
|-damage|p2a: Talonflame|0 fnt
|faint|p2a: Talonflame
|
|upkeep
|
|t:|1757794161
|switch|p2a: Scizor|Scizor, L50, F|100/100
|turn|6
|
|t:|1757794170
|-terastallize|p2b: Garchomp|Steel
|move|p2a: Scizor|Bullet Punch|p1a: Sneasler
|-damage|p1a: Sneasler|0 fnt
|faint|p1a: Sneasler
|-damage|p2a: Scizor|91/100|[from] item: Life Orb
|move|p1b: Dragonite|Tera Blast|p2b: Garchomp|[anim] Tera Blast Flying
|-resisted|p2b: Garchomp
|-damage|p2b: Garchomp|0 fnt
|faint|p2b: Garchomp
|
|-sideend|p1: ThetaB|move: Tailwind
|upkeep
|turn|7
|
|t:|1757794183
|move|p2a: Scizor|Bullet Punch|p1b: Dragonite
|-damage|p1b: Dragonite|48/100
|-damage|p2a: Scizor|81/100|[from] item: Life Orb
|move|p1b: Dragonite|Tera Blast|p2a: Scizor|[anim] Tera Blast Flying
|-damage|p2a: Scizor|0 fnt
|faint|p2a: Scizor
|
|win|ThetaB
|raw|ThetaB's rating: 1166 → 1185(+19 for winning)
|raw|viatles's rating: 1088 → 1070(-18 for losing)
|c|☆viatles|gg
|c|☆ThetaB|gg
