|j|☆geoo_4789
|j|☆asher255
|html|geoo_4789asher255    
|uhtml|bestof|Game 1 of a best-of-3
|t:|1783521869
|gametype|doubles
|player|p1|geoo_4789|265|
|player|p2|asher255|dawn-masters|
|gen|9
|tier|[Gen 9 Champions] VGC 2026 Reg M-B (Bo3)
|rule|Species Clause: Limit one of each Pokémon
|rule|Item Clause: Limit 1 of each item
|clearpoke
|poke|p1|Eelektross, L50, F|
|poke|p1|Gholdengo, L50|
|poke|p1|Ninetales-Alola, L50, F|
|poke|p1|Talonflame, L50, F|
|poke|p1|Tsareena, L50, F|
|poke|p1|Garchomp, L50, M|
|poke|p2|Sableye, L50, M|
|poke|p2|Falinks, L50|
|poke|p2|Meowscarada, L50, F|
|poke|p2|Arcanine-Hisui, L50, M|
|poke|p2|Tyranitar, L50, F|
|poke|p2|Sylveon, L50, F|
|teampreview|4
|showteam|p1|Eelektross||Eelektrossite|Levitate|Thunderbolt,Flamethrower,CloseCombat,Protect|Modest||F|||50|]Gholdengo||LifeOrb|GoodasGold|MakeItRain,ShadowBall,PowerGem,Protect|Modest|||||50|]Ninetales-Alola||FocusSash|SnowWarning|Blizzard,FreezeDry,Encore,Protect|Timid||F|||50|]Talonflame||SharpBeak|GaleWings|DualWingbeat,FlareBlitz,Tailwind,Protect|Jolly||F|||50|]Tsareena||OccaBerry|QueenlyMajesty|TropKick,LowKick,TripleAxel,Taunt|Adamant||F|||50|]Garchomp||SitrusBerry|RoughSkin|Earthquake,DragonClaw,RockTomb,Protect|Jolly||M|||50|
|showteam|p2|Sableye||MentalHerb|Prankster|Encore,MeanLook,Quash,Protect|Bold||M|||50|]Falinks||Falinksite|Defiant|NoRetreat,KnockOff,CloseCombat,PoisonJab|Serious|||||50|]Meowscarada||FocusSash|Protean|PollenPuff,FlowerTrick,KnockOff,Protect|Hasty||F|||50|]Arcanine-Hisui||ChoiceScarf|RockHead|HeadSmash,FlareBlitz,RockSlide,ExtremeSpeed|Adamant||M|||50|]Tyranitar||Tyranitarite|SandStream|KnockOff,RockSlide,StoneEdge,Protect|Careful||F|||50|]Sylveon||FairyFeather|Pixilate|HyperBeam,HyperVoice,QuickAttack,Protect|Modest||F|||50|
|inactive|Battle timer is ON: inactive players will automatically lose when time's up. (requested by asher255)
|c|☆asher255|I'm gonna do the thing !!!
|c|☆geoo_4789|omfg
|inactive|geoo_4789 has 60 seconds left.
|
|t:|1783521903
|teamsize|p1|4
|teamsize|p2|4
|start
|switch|p1a: Ninetales|Ninetales-Alola, L50, F|100/100
|switch|p1b: Tsareena|Tsareena, L50, F|100/100
|switch|p2a: Falinks|Falinks, L50|100/100
|switch|p2b: Sableye|Sableye, L50, M|100/100
|-weather|Snowscape|[from] ability: Snow Warning|[of] p1a: Ninetales
|turn|1
|
|t:|1783521919
|detailschange|p2a: Falinks|Falinks-Mega, L50
|-mega|p2a: Falinks|Falinks|Falinksite
|move|p2b: Sableye|Mean Look|p2a: Falinks
|-activate|p2a: Falinks|trapped
|move|p1a: Ninetales|Blizzard|p2a: Falinks|[spread] p2a,p2b
|-crit|p2a: Falinks
|-damage|p2a: Falinks|36/100
|-damage|p2b: Sableye|49/100
|-status|p2a: Falinks|frz
|cant|p2a: Falinks|frz
|move|p1b: Tsareena|Taunt|p2a: Falinks
|-start|p2a: Falinks|move: Taunt
|
|-weather|Snowscape|[upkeep]
|upkeep
|turn|2
|c|☆asher255|oh..
|c|☆geoo_4789|do the fucking thing
|c|☆geoo_4789|do it
|inactive|geoo_4789 has 30 seconds left.
|inactive|asher255 has 30 seconds left.
|
|t:|1783521950
|move|p2b: Sableye|Protect|p2b: Sableye
|-singleturn|p2b: Sableye|Protect
|move|p1a: Ninetales|Blizzard|p2a: Falinks|[spread] p2a
|-activate|p2b: Sableye|move: Protect
|-damage|p2a: Falinks|0 fnt
|faint|p2a: Falinks
|move|p1b: Tsareena|Trop Kick|p2b: Sableye
|-activate|p2b: Sableye|move: Protect
|
|-weather|Snowscape|[upkeep]
|upkeep
|
|t:|1783521956
|switch|p2a: Arcanine|Arcanine-Hisui, L50, M|100/100
|turn|3
|
|t:|1783521974
|switch|p1a: Talonflame|Talonflame, L50, F|100/100
|switch|p1b: Eelektross|Eelektross, L50, F|100/100
|move|p2b: Sableye|Quash||[still]
|-fail|p2b: Sableye
|move|p2a: Arcanine|Flare Blitz|p1b: Eelektross
|-damage|p1b: Eelektross|32/100
|
|-weather|Snowscape|[upkeep]
|upkeep
|turn|4
|
|t:|1783521991
|detailschange|p1b: Eelektross|Eelektross-Mega, L50, F
|-mega|p1b: Eelektross|Eelektross|Eelektrossite
|move|p1a: Talonflame|Tailwind|p1a: Talonflame
|-sidestart|p1: geoo_4789|move: Tailwind
|move|p2b: Sableye|Mean Look|p1a: Talonflame
|-activate|p1a: Talonflame|trapped
|move|p1b: Eelektross|Close Combat|p2a: Arcanine
|-supereffective|p2a: Arcanine|1
|-damage|p2a: Arcanine|18/100
|-unboost|p1b: Eelektross|def|1
|-unboost|p1b: Eelektross|spd|1
|move|p2a: Arcanine|Flare Blitz|p1b: Eelektross
|-damage|p1b: Eelektross|0 fnt
|faint|p1b: Eelektross
|
|-weather|Snowscape|[upkeep]
|upkeep
|
|t:|1783522004
|switch|p1b: Tsareena|Tsareena, L50, F|100/100
|turn|5
|
|t:|1783522015
|move|p1a: Talonflame|Dual Wingbeat|p2b: Sableye
|-damage|p2b: Sableye|32/100
|-damage|p2b: Sableye|15/100
|-hitcount|p2b: Sableye|2
|move|p2b: Sableye|Encore||[still]
|cant|p1b: Tsareena|ability: Queenly Majesty|Encore|[of] p2b: Sableye
|move|p1b: Tsareena|Low Kick|p2a: Arcanine
|-supereffective|p2a: Arcanine|1
|-damage|p2a: Arcanine|0 fnt
|faint|p2a: Arcanine
|
|-weather|none
|upkeep
|
|t:|1783522019
|switch|p2a: Sylveon|Sylveon, L50, F|100/100
|turn|6
|c|☆geoo_4789|tailwind is the greatest thing to have ever been made
|c|☆asher255|misplays have been made
|inactive|geoo_4789 has 30 seconds left.
|
|t:|1783522044
|move|p2b: Sableye|Quash||[still]
|cant|p1b: Tsareena|ability: Queenly Majesty|Quash|[of] p2b: Sableye
|move|p1a: Talonflame|Flare Blitz|p2a: Sylveon
|-damage|p2a: Sylveon|43/100
|-damage|p1a: Talonflame|75/100|[from] Recoil
|move|p1b: Tsareena|Trop Kick|p2a: Sylveon
|-damage|p2a: Sylveon|0 fnt
|faint|p2a: Sylveon
|
|upkeep
|turn|7
|c|☆geoo_4789|sableye vs queenly majesty
|
|t:|1783522065
|move|p1a: Talonflame|Protect|p1a: Talonflame
|-singleturn|p1a: Talonflame|Protect
|move|p2b: Sableye|Quash||[still]
|cant|p1b: Tsareena|ability: Queenly Majesty|Quash|[of] p2b: Sableye
|move|p1b: Tsareena|Taunt|p2b: Sableye
|-start|p2b: Sableye|move: Taunt
|-enditem|p2b: Sableye|Mental Herb
|-end|p2b: Sableye|move: Taunt
|
|-sideend|p1: geoo_4789|move: Tailwind
|upkeep
|turn|8
|
|t:|1783522076
|move|p1a: Talonflame|Protect||[still]
|-fail|p1a: Talonflame
|move|p2b: Sableye|Quash||[still]
|cant|p1b: Tsareena|ability: Queenly Majesty|Quash|[of] p2b: Sableye
|move|p1b: Tsareena|Taunt|p2b: Sableye
|-start|p2b: Sableye|move: Taunt
|
|upkeep
|turn|9
|c|☆geoo_4789|Aura
|c|☆asher255|I'm gonna use sabeleys strongest attack
|c|☆asher255|watch
|c|☆geoo_4789|wow it wontlet me say my favorite phrase
|c|☆asher255|don't attack this turn
|
|t:|1783522098
|move|p1a: Talonflame|Protect|p1a: Talonflame
|-singleturn|p1a: Talonflame|Protect
|move|p1b: Tsareena|Taunt||[still]
|-fail|p1b: Tsareena
|-activate|p2b: Sableye|move: Struggle
|move|p2b: Sableye|Struggle|p1a: Talonflame
|-activate|p1a: Talonflame|move: Protect
|
|upkeep
|turn|10
|
|t:|1783522108
|move|p1a: Talonflame|Protect||[still]
|-fail|p1a: Talonflame
|move|p1b: Tsareena|Taunt||[still]
|-fail|p1b: Tsareena
|-activate|p2b: Sableye|move: Struggle
|move|p2b: Sableye|Struggle|p1b: Tsareena
|-damage|p1b: Tsareena|91/100
|-damage|p2b: Sableye|0 fnt|[from] recoil
|faint|p2b: Sableye
|
|win|geoo_4789
||asher255 is ready for game 2.
|c|☆geoo_4789|LMAOO
|inactive|geoo_4789 has 30 seconds to confirm battle start!
||geoo_4789 is ready for game 2.
|uhtml|next|Next: Game 2 of 3
