|j|☆melikebunny
|j|☆KodeBeast0526
|html|melikebunnyKodeBeast0526    
|uhtml|bestof|Game 1 of a best-of-3
|t:|1784823625
|gametype|doubles
|player|p1|melikebunny|barry|1235
|player|p2|KodeBeast0526|hiker|1179
|gen|9
|tier|[Gen 9 Champions] VGC 2026 Reg M-B (Bo3)
|rated|
|rule|Species Clause: Limit one of each Pokémon
|rule|Item Clause: Limit 1 of each item
|clearpoke
|poke|p1|Charizard, L50, F|
|poke|p1|Garchomp, L50, M|
|poke|p1|Toxapex, L50, F|
|poke|p1|Incineroar, L50, M|
|poke|p1|Floette-Eternal, L50, F|
|poke|p1|Sinistcha, L50|
|poke|p2|Tyranitar, L50, M|
|poke|p2|Excadrill, L50, F|
|poke|p2|Milotic, L50, F|
|poke|p2|Sinistcha, L50|
|poke|p2|Staraptor, L50, M|
|poke|p2|Gholdengo, L50|
|teampreview|4
|showteam|p1|Charizard||CharizarditeY|SolarPower|HeatWave,WeatherBall,SolarBeam,Protect|Modest||F|||50|]Garchomp||ChoiceScarf|RoughSkin|RockTomb,Earthquake,StompingTantrum,DragonClaw|Adamant||M|||50|]Toxapex||Leftovers|Regenerator|Toxic,Infestation,WideGuard,BanefulBunker|Bold||F|||50|]Incineroar||Charcoal|Intimidate|FakeOut,FlareBlitz,ThroatChop,PartingShot|Adamant||M|||50|]Floette-Eternal||Floettite|FlowerVeil|CalmMind,DazzlingGleam,Moonblast,Protect|Modest||F|||50|]Sinistcha||SitrusBerry|Hospitality|MatchaGotcha,RagePowder,TrickRoom,LifeDew|Calm|||||50|
|showteam|p2|Tyranitar||Tyranitarite|SandStream|KnockOff,RockSlide,HighHorsepower,Protect|Jolly||M|||50|]Excadrill||FocusSash|SandRush|Earthquake,IronHead,RockSlide,Protect|Adamant||F|||50|]Milotic||SitrusBerry|Competitive|Scald,IcyWind,Haze,Protect|Calm||F|||50|]Sinistcha||ColburBerry|Hospitality|MatchaGotcha,ShadowBall,Protect,RagePowder|Bold|||||50|]Staraptor||Staraptite|Intimidate|CloseCombat,BraveBird,Tailwind,Protect|Jolly||M|||50|]Gholdengo||LifeOrb|GoodasGold|MakeItRain,ShadowBall,NastyPlot,Protect|Modest|||||50|
|inactive|Battle timer is ON: inactive players will automatically lose when time's up. (requested by melikebunny)
|
|t:|1784823679
|teamsize|p1|4
|teamsize|p2|4
|start
|switch|p1a: Charizard|Charizard, L50, F|100/100
|switch|p1b: Garchomp|Garchomp, L50, M|100/100
|switch|p2a: Staraptor|Staraptor, L50, M|100/100
|switch|p2b: Milotic|Milotic, L50, F|100/100
|-ability|p2a: Staraptor|Intimidate|boost
|-unboost|p1a: Charizard|atk|1
|-unboost|p1b: Garchomp|atk|1
|turn|1
|inactive|melikebunny has 30 seconds left.
|
|t:|1784823711
|move|p1a: Charizard|Protect|p1a: Charizard
|-singleturn|p1a: Charizard|Protect
|move|p1b: Garchomp|Dragon Claw|p2b: Milotic
|-damage|p2b: Milotic|70/100
|move|p2a: Staraptor|Tailwind|p2a: Staraptor
|-sidestart|p2: KodeBeast0526|move: Tailwind
|move|p2b: Milotic|Icy Wind|p1b: Garchomp|[spread] p1b
|-activate|p1a: Charizard|move: Protect
|-supereffective|p1b: Garchomp|2
|-damage|p1b: Garchomp|56/100
|-unboost|p1b: Garchomp|spe|1
|
|upkeep
|turn|2
|
|t:|1784823726
|switch|p1b: Toxapex|Toxapex, L50, F|100/100
|detailschange|p1a: Charizard|Charizard-Mega-Y, L50, F
|-mega|p1a: Charizard|Charizard|Charizardite Y
|-weather|SunnyDay|[from] ability: Drought|[of] p1a: Charizard
|move|p2a: Staraptor|Close Combat|p1b: Toxapex
|-resisted|p1b: Toxapex|1
|-damage|p1b: Toxapex|89/100
|-unboost|p2a: Staraptor|def|1
|-unboost|p2a: Staraptor|spd|1
|move|p2b: Milotic|Scald|p1a: Charizard
|-supereffective|p1a: Charizard|1
|-damage|p1a: Charizard|73/100
|move|p1a: Charizard|Solar Beam||[still]
|-prepare|p1a: Charizard|Solar Beam
|-anim|p1a: Charizard|Solar Beam|p2b: Milotic
|-supereffective|p2b: Milotic|1
|-damage|p2b: Milotic|1/100
|-enditem|p2b: Milotic|Sitrus Berry|[eat]
|-heal|p2b: Milotic|26/100|[from] item: Sitrus Berry
|
|-weather|SunnyDay|[upkeep]
|-heal|p1b: Toxapex|94/100|[from] item: Leftovers
|upkeep
|turn|3
|
|t:|1784823749
|switch|p2a: Tyranitar|Tyranitar, L50, M|100/100
|-weather|Sandstorm|[from] ability: Sand Stream|[of] p2a: Tyranitar
|move|p2b: Milotic|Scald|p1a: Charizard
|-supereffective|p1a: Charizard|1
|-damage|p1a: Charizard|12/100
|move|p1a: Charizard|Heat Wave|p2a: Tyranitar|[spread] p2a,p2b
|-resisted|p2a: Tyranitar|1
|-resisted|p2b: Milotic|1
|-damage|p2a: Tyranitar|85/100
|-damage|p2b: Milotic|8/100
|move|p1b: Toxapex|Infestation|p2b: Milotic
|-crit|p2b: Milotic
|-damage|p2b: Milotic|5/100
|-activate|p2b: Milotic|move: Infestation|[of] p1b: Toxapex
|
|-weather|Sandstorm|[upkeep]
|-damage|p2b: Milotic|0 fnt|[from] Sandstorm
|-damage|p1a: Charizard|6/100|[from] Sandstorm
|-damage|p1b: Toxapex|89/100|[from] Sandstorm
|faint|p2b: Milotic
|-heal|p1b: Toxapex|94/100|[from] item: Leftovers
|upkeep
|
|t:|1784823762
|switch|p2b: Excadrill|Excadrill, L50, F|100/100
|turn|4
|
|t:|1784823772
|switch|p1a: Sinistcha|Sinistcha, L50|100/100
|-heal|p1b: Toxapex|100/100|[from] ability: Hospitality|[of] p1a: Sinistcha
|move|p2b: Excadrill|Rock Slide|p1a: Sinistcha|[spread] p1a,p1b
|-damage|p1a: Sinistcha|80/100
|-damage|p1b: Toxapex|85/100
|move|p2a: Tyranitar|Rock Slide|p1b: Toxapex|[spread] p1a,p1b
|-crit|p1b: Toxapex
|-damage|p1a: Sinistcha|56/100
|-damage|p1b: Toxapex|54/100
|cant|p1b: Toxapex|flinch
|
|-weather|Sandstorm|[upkeep]
|-damage|p1a: Sinistcha|50/100y|[from] Sandstorm
|-damage|p1b: Toxapex|48/100|[from] Sandstorm
|-enditem|p1a: Sinistcha|Sitrus Berry|[eat]
|-heal|p1a: Sinistcha|74/100|[from] item: Sitrus Berry
|-heal|p1b: Toxapex|54/100|[from] item: Leftovers
|-sideend|p2: KodeBeast0526|move: Tailwind
|upkeep
|turn|5
|inactive|KodeBeast0526 has 30 seconds left.
|
|t:|1784823806
|detailschange|p2a: Tyranitar|Tyranitar-Mega, L50, M
|-mega|p2a: Tyranitar|Tyranitar|Tyranitarite
|move|p2b: Excadrill|Protect|p2b: Excadrill
|-singleturn|p2b: Excadrill|Protect
|move|p2a: Tyranitar|Knock Off|p1a: Sinistcha
|-supereffective|p1a: Sinistcha|1
|-damage|p1a: Sinistcha|7/100
|move|p1a: Sinistcha|Matcha Gotcha|p2a: Tyranitar|[spread] 
|-activate|p2b: Excadrill|move: Protect
|-miss|p1a: Sinistcha|p2a: Tyranitar
|move|p1b: Toxapex|Infestation|p2b: Excadrill
|-activate|p2b: Excadrill|move: Protect
|
|-weather|Sandstorm|[upkeep]
|-damage|p1a: Sinistcha|1/100|[from] Sandstorm
|-damage|p1b: Toxapex|48/100|[from] Sandstorm
|-heal|p1b: Toxapex|54/100|[from] item: Leftovers
|upkeep
|turn|6
|
|t:|1784823828
|move|p2a: Tyranitar|Protect|p2a: Tyranitar
|-singleturn|p2a: Tyranitar|Protect
|move|p1b: Toxapex|Wide Guard|p1b: Toxapex
|-singleturn|p1b: Toxapex|Wide Guard
|move|p1a: Sinistcha|Rage Powder|p1a: Sinistcha
|-singleturn|p1a: Sinistcha|move: Rage Powder
|move|p2b: Excadrill|Earthquake|p1b: Toxapex|[spread] 
|-activate|p1a: Sinistcha|move: Wide Guard
|-activate|p1b: Toxapex|move: Wide Guard
|-activate|p2a: Tyranitar|move: Protect
|
|-weather|Sandstorm|[upkeep]
|-damage|p1a: Sinistcha|0 fnt|[from] Sandstorm
|-damage|p1b: Toxapex|48/100|[from] Sandstorm
|faint|p1a: Sinistcha
|-heal|p1b: Toxapex|54/100|[from] item: Leftovers
|upkeep
|
|t:|1784823843
|switch|p1a: Charizard|Charizard-Mega-Y, L50, F|6/100
|-weather|SunnyDay|[from] ability: Drought|[of] p1a: Charizard
|turn|7
|
|t:|1784823864
|switch|p2a: Staraptor|Staraptor, L50, M|100/100
|-ability|p2a: Staraptor|Intimidate|boost
|-unboost|p1a: Charizard|atk|1
|-unboost|p1b: Toxapex|atk|1
|move|p1b: Toxapex|Wide Guard|p1b: Toxapex
|-singleturn|p1b: Toxapex|Wide Guard
|move|p1a: Charizard|Weather Ball|p2b: Excadrill
|-supereffective|p2b: Excadrill|1
|-enditem|p2b: Excadrill|Focus Sash
|-damage|p2b: Excadrill|1/100
|move|p2b: Excadrill|Earthquake|p1a: Charizard|[spread] 
|-activate|p1a: Charizard|move: Wide Guard
|-activate|p1b: Toxapex|move: Wide Guard
|-immune|p2a: Staraptor
|
|-weather|SunnyDay|[upkeep]
|-heal|p1b: Toxapex|59/100|[from] item: Leftovers
|upkeep
|turn|8
|inactive|melikebunny has 30 seconds left.
|
|t:|1784823894
|move|p1a: Charizard|Protect|p1a: Charizard
|-singleturn|p1a: Charizard|Protect
|move|p2a: Staraptor|Brave Bird|p1a: Charizard
|-activate|p1a: Charizard|move: Protect
|move|p2b: Excadrill|Earthquake|p1b: Toxapex|[spread] p1b
|-activate|p1a: Charizard|move: Protect
|-immune|p2a: Staraptor
|-supereffective|p1b: Toxapex|1
|-damage|p1b: Toxapex|5/100
|move|p1b: Toxapex|Infestation|p2b: Excadrill
|-resisted|p2b: Excadrill|1
|-damage|p2b: Excadrill|0 fnt
|faint|p2b: Excadrill
|
|-weather|SunnyDay|[upkeep]
|-heal|p1b: Toxapex|10/100|[from] item: Leftovers
|upkeep
|
|t:|1784823907
|switch|p2b: Tyranitar|Tyranitar-Mega, L50, M|85/100
|-weather|Sandstorm|[from] ability: Sand Stream|[of] p2b: Tyranitar
|turn|9
|
|t:|1784823917
|switch|p1a: Garchomp|Garchomp, L50, M|56/100
|move|p2a: Staraptor|Close Combat|p1a: Garchomp
|-damage|p1a: Garchomp|24/100
|-unboost|p2a: Staraptor|def|1
|-unboost|p2a: Staraptor|spd|1
|-damage|p2a: Staraptor|87/100|[from] ability: Rough Skin|[of] p1a: Garchomp
|move|p2b: Tyranitar|Knock Off|p1b: Toxapex
|-damage|p1b: Toxapex|0 fnt
|-enditem|p1b: Toxapex|Leftovers|[from] move: Knock Off|[of] p2b: Tyranitar
|faint|p1b: Toxapex
|
|-weather|Sandstorm|[upkeep]
|-damage|p2a: Staraptor|82/100|[from] Sandstorm
|upkeep
|
|t:|1784823931
|switch|p1b: Charizard|Charizard-Mega-Y, L50, F|6/100
|-weather|SunnyDay|[from] ability: Drought|[of] p1b: Charizard
|turn|10
|
|t:|1784823946
|move|p1a: Garchomp|Rock Tomb|p2a: Staraptor
|-supereffective|p2a: Staraptor|1
|-damage|p2a: Staraptor|0 fnt
|faint|p2a: Staraptor
|move|p1b: Charizard|Heat Wave|p2b: Tyranitar
|-resisted|p2b: Tyranitar|1
|-damage|p2b: Tyranitar|47/100
|move|p2b: Tyranitar|Rock Slide|p1b: Charizard|[spread] p1a,p1b
|-resisted|p1a: Garchomp|1
|-supereffective|p1b: Charizard|2
|-damage|p1a: Garchomp|7/100
|-damage|p1b: Charizard|0 fnt
|faint|p1b: Charizard
|
|-weather|SunnyDay|[upkeep]
|upkeep
|turn|11
|
|t:|1784823968
|move|p1a: Garchomp|Rock Tomb|p2b: Tyranitar
|-damage|p2b: Tyranitar|32/100
|-unboost|p2b: Tyranitar|spe|1
|move|p2b: Tyranitar|Knock Off|p1a: Garchomp
|-damage|p1a: Garchomp|0 fnt
|-damage|p2b: Tyranitar|20/100y|[from] ability: Rough Skin|[of] p1a: Garchomp
|-enditem|p1a: Garchomp|Choice Scarf|[from] move: Knock Off|[of] p2b: Tyranitar
|faint|p1a: Garchomp
|
|win|KodeBeast0526
