|j|☆Beeetch
|j|☆Sazandoramx
|html|BeeetchSazandoramx    
|uhtml|bestof|Game 1 of a best-of-3
|t:|1756510325
|gametype|doubles
|player|p1|Beeetch|beauty-gen4dp|1270
|player|p2|Sazandoramx|101|1333
|gen|9
|tier|[Gen 9] VGC 2025 Reg H (Bo3)
|rated|
|rule|Species Clause: Limit one of each Pokémon
|rule|Item Clause: Limit 1 of each item
|clearpoke
|poke|p1|Toedscruel, L50, M|
|poke|p1|Weezing-Galar, L50, F|
|poke|p1|Corviknight, L50, M|
|poke|p1|Pawmot, L50, M|
|poke|p1|Garchomp, L50, M|
|poke|p1|Typhlosion-Hisui, L50, F|
|poke|p2|Armarouge, L50, F|
|poke|p2|Ursaluna, L50, M|
|poke|p2|Indeedee-F, L50, F|
|poke|p2|Annihilape, L50, M|
|poke|p2|Hatterene, L50, F|
|poke|p2|Torkoal, L50, F|
|teampreview|4
|showteam|p1|Toedscruel||CovertCloak|MyceliumMight|Spore,EarthPower,AcidSpray,RagePowder|||M|||50|,,,,,Water]Weezing-Galar||ChoiceSpecs|NeutralizingGas|DazzlingGleam,SludgeBomb,StrangeSteam,Flamethrower|||F|||50|,,,,,Flying]Corviknight||SitrusBerry|MirrorArmor|Protect,Tailwind,Roost,BraveBird|||M|||50|,,,,,Dragon]Pawmot||FocusSash|NaturalCure|Protect,CloseCombat,DoubleShock,FakeOut|||M|||50|,,,,,Electric]Garchomp||LifeOrb|RoughSkin|Protect,Earthquake,DragonClaw,StompingTantrum|||M|||50|,,,,,Ground]Typhlosion-Hisui||ChoiceScarf|Blaze|Eruption,SleepTalk,HeatWave,ShadowBall|||F|||50|,,,,,Fire
|showteam|p2|Armarouge||PowerHerb|FlashFire|ArmorCannon,ExpandingForce,MeteorBeam,TrickRoom|||F|||50|,,,,,Grass]Ursaluna||FlameOrb|Guts|Facade,HeadlongRush,Substitute,Protect|||M|||50|,,,,,Ghost]Indeedee-F||RockyHelmet|PsychicSurge|Psychic,FollowMe,TrickRoom,HelpingHand|||F|||50|,,,,,Steel]Annihilape||ChoiceScarf|Defiant|CloseCombat,ShadowClaw,FinalGambit,Uturn|||M|||50|,,,,,Stellar]Hatterene||LifeOrb|MagicBounce|ExpandingForce,DazzlingGleam,TrickRoom,Protect|||F|||50|,,,,,Water]Torkoal||ChoiceSpecs|Drought|Eruption,EarthPower,WeatherBall,HeatWave|||F|||50|,,,,,Fire
|inactive|Battle timer is ON: inactive players will automatically lose when time's up. (requested by Beeetch)
|inactive|Sazandoramx also wants the timer to be on.
|
|t:|1756510419
|teamsize|p1|4
|teamsize|p2|4
|start
|switch|p1a: Garchomp|Garchomp, L50, M|100/100
|switch|p1b: Weezing|Weezing-Galar, L50, F|100/100
|switch|p2a: Armarouge|Armarouge, L50, F|100/100
|switch|p2b: Indeedee|Indeedee-F, L50, F|100/100
|-ability|p1b: Weezing|Neutralizing Gas
|turn|1
|inactive|Sazandoramx has 30 seconds left.
|
|t:|1756510448
|-terastallize|p2a: Armarouge|Grass
|-terastallize|p1b: Weezing|Flying
|move|p2b: Indeedee|Follow Me|p2b: Indeedee
|-singleturn|p2b: Indeedee|move: Follow Me
|move|p1a: Garchomp|Earthquake|p2b: Indeedee|[spread] p2a,p2b
|-immune|p1b: Weezing
|-resisted|p2a: Armarouge
|-damage|p2a: Armarouge|76/100
|-damage|p2b: Indeedee|50/100
|-damage|p1a: Garchomp|91/100|[from] item: Life Orb
|move|p1b: Weezing|Sludge Bomb|p2b: Indeedee
|-damage|p2b: Indeedee|0 fnt
|faint|p2b: Indeedee
|move|p2a: Armarouge|Trick Room|p2a: Armarouge
|-fieldstart|move: Trick Room|[of] p2a: Armarouge
|
|upkeep
|
|t:|1756510467
|switch|p2b: Hatterene|Hatterene, L50, F|100/100
|turn|2
|
|t:|1756510475
|switch|p1a: Corviknight|Corviknight, L50, M|100/100
|move|p2b: Hatterene|Dazzling Gleam|p1b: Weezing|[spread] p1a,p1b
|-resisted|p1a: Corviknight
|-damage|p1a: Corviknight|79/100
|-damage|p1b: Weezing|39/100
|-damage|p2b: Hatterene|91/100|[from] item: Life Orb
|move|p1b: Weezing|Sludge Bomb|p2a: Armarouge
|-supereffective|p2a: Armarouge
|-damage|p2a: Armarouge|0 fnt
|faint|p2a: Armarouge
|
|upkeep
|
|t:|1756510487
|switch|p2a: Torkoal|Torkoal, L50, F|100/100
|turn|3
|
|t:|1756510501
|move|p1a: Corviknight|Protect|p1a: Corviknight
|-singleturn|p1a: Corviknight|Protect
|move|p2a: Torkoal|Eruption|p1b: Weezing|[spread] p1b
|-activate|p1a: Corviknight|move: Protect
|-damage|p1b: Weezing|0 fnt
|faint|p1b: Weezing
|-end|p1b: Weezing|ability: Neutralizing Gas
|-weather|SunnyDay|[from] ability: Drought|[of] p2a: Torkoal
|move|p2b: Hatterene|Dazzling Gleam|p1a: Corviknight
|-activate|p1a: Corviknight|move: Protect
|
|-weather|SunnyDay|[upkeep]
|upkeep
|
|t:|1756510513
|switch|p1b: Pawmot|Pawmot, L50, M|100/100
|turn|4
|
|t:|1756510529
|move|p1b: Pawmot|Fake Out|p2a: Torkoal
|-damage|p2a: Torkoal|90/100
|cant|p2a: Torkoal|flinch
|move|p2b: Hatterene|Dazzling Gleam|p1a: Corviknight|[spread] p1a,p1b
|-resisted|p1a: Corviknight
|-supereffective|p1b: Pawmot
|-damage|p1a: Corviknight|60/100
|-enditem|p1b: Pawmot|Focus Sash
|-damage|p1b: Pawmot|1/100
|-damage|p2b: Hatterene|82/100|[from] item: Life Orb
|move|p1a: Corviknight|Brave Bird|p2a: Torkoal
|-damage|p2a: Torkoal|59/100
|-damage|p1a: Corviknight|51/100|[from] Recoil
|
|-weather|SunnyDay|[upkeep]
|upkeep
|turn|5
|-message|Sazandoramx forfeited.
|
|win|Beeetch
|l|☆Sazandoramx
|player|p2|
