|j|☆lolgz
|j|☆mx.mollymarxxx
|html|lolgzmx.mollymarxxx    
|uhtml|bestof|Game 1 of a best-of-3
|t:|1782427822
|gametype|doubles
|player|p1|lolgz|dawn|1130
|player|p2|mx.mollymarxxx|roxie|1073
|gen|9
|tier|[Gen 9 Champions] VGC 2026 Reg M-B (Bo3)
|rated|
|rule|Species Clause: Limit one of each Pokémon
|rule|Item Clause: Limit 1 of each item
|clearpoke
|poke|p1|Mawile, L50, F|
|poke|p1|Sneasler, L50, M|
|poke|p1|Farigiraf, L50, F|
|poke|p1|Ampharos, L50, M|
|poke|p1|Vileplume, L50, F|
|poke|p1|Torkoal, L50, M|
|poke|p2|Vileplume, L50, M, shiny|
|poke|p2|Torkoal, L50, F, shiny|
|poke|p2|Typhlosion-Hisui, L50, M, shiny|
|poke|p2|Farigiraf, L50, F, shiny|
|poke|p2|Incineroar, L50, F, shiny|
|poke|p2|Dragonite, L50, M, shiny|
|teampreview|4
|showteam|p1|Mawile||Mawilite|HyperCutter|PlayRough,SuckerPunch,SwordsDance,Protect|Serious||F|||50|]Sneasler||IronBall|PoisonTouch|FakeOut,DireClaw,CloseCombat,RockTomb|Brave||M|||50|]Farigiraf||SitrusBerry|ArmorTail|TrickRoom,Thunderbolt,Psychic,HelpingHand|Bold||F|||50|]Ampharos||Ampharosite|Static|Thunderbolt,DragonPulse,Protect,FocusBlast|Brave||M|||50|]Vileplume||FocusSash|Chlorophyll|SleepPowder,SludgeBomb,EnergyBall,AfterYou|Timid||F|||50|]Torkoal||Charcoal|Drought|Eruption,WeatherBall,EarthPower,Protect|Quiet||M|||50|
|showteam|p2|Vileplume||ExpertBelt|Chlorophyll|AfterYou,SleepPowder,SludgeBomb,GrassKnot|Timid||M|||50|]Torkoal||Charcoal|Drought|Eruption,WeatherBall,SolarBeam,SunnyDay|Modest||F|||50|]Typhlosion-Hisui||ChoiceScarf|Blaze|Eruption,BurnUp,FocusBlast,ShadowBall|Timid||M|||50|]Farigiraf||MentalHerb|ArmorTail|TrickRoom,HelpingHand,HyperVoice,PsychicNoise|Quiet||F|||50|]Incineroar||SitrusBerry|Intimidate|FakeOut,FlareBlitz,ThroatChop,PartingShot|Adamant||F|||50|]Dragonite||Dragoninite|Multiscale|DracoMeteor,BodyPress,Roost,Protect|Relaxed||M|||50|
|inactive|Battle timer is ON: inactive players will automatically lose when time's up. (requested by mx.mollymarxxx)
|inactive|lolgz also wants the timer to be on.
|inactive|lolgz has 60 seconds left.
|inactive|mx.mollymarxxx has 60 seconds left.
|
|t:|1782427870
|teamsize|p1|4
|teamsize|p2|4
|start
|switch|p1a: Farigiraf|Farigiraf, L50, F|100/100
|switch|p1b: Sneasler|Sneasler, L50, M|100/100
|switch|p2a: Incineroar|Incineroar, L50, F, shiny|100/100
|switch|p2b: Dragonite|Dragonite, L50, M, shiny|100/100
|-ability|p2a: Incineroar|Intimidate|boost
|-unboost|p1a: Farigiraf|atk|1
|-unboost|p1b: Sneasler|atk|1
|turn|1
|inactive|mx.mollymarxxx has 30 seconds left.
|inactive|mx.mollymarxxx has 20 seconds left.
|
|t:|1782427907
|switch|p2a: Typhlosion|Typhlosion-Hisui, L50, M, shiny|100/100
|detailschange|p2b: Dragonite|Dragonite-Mega, L50, M, shiny
|-mega|p2b: Dragonite|Dragonite|Dragoninite
|move|p1b: Sneasler|Fake Out|p2b: Dragonite
|-crit|p2b: Dragonite
|-damage|p2b: Dragonite|92/100
|-status|p2b: Dragonite|psn|[from] ability: Poison Touch|[of] p1b: Sneasler
|cant|p2b: Dragonite|flinch
|move|p1a: Farigiraf|Trick Room|p1a: Farigiraf
|-fieldstart|move: Trick Room|[of] p1a: Farigiraf
|
|-damage|p2b: Dragonite|80/100 psn|[from] psn
|upkeep
|turn|2
|
|t:|1782427927
|move|p1b: Sneasler|Rock Tomb|p2a: Typhlosion
|-supereffective|p2a: Typhlosion|1
|-damage|p2a: Typhlosion|53/100
|-unboost|p2a: Typhlosion|spe|1
|move|p1a: Farigiraf|Psychic|p2a: Typhlosion
|-damage|p2a: Typhlosion|6/100
|move|p2b: Dragonite|Draco Meteor|p1b: Sneasler
|-crit|p1b: Sneasler
|-damage|p1b: Sneasler|1/100
|-unboost|p2b: Dragonite|spa|2
|move|p2a: Typhlosion|Burn Up|p1b: Sneasler
|-crit|p1b: Sneasler
|-damage|p1b: Sneasler|0 fnt
|-start|p2a: Typhlosion|typechange|???/Ghost|[from] move: Burn Up
|faint|p1b: Sneasler
|
|-damage|p2b: Dragonite|68/100 psn|[from] psn
|upkeep
|
|t:|1782427931
|switch|p1b: Ampharos|Ampharos, L50, M|100/100
|turn|3
|
|t:|1782427948
|detailschange|p1b: Ampharos|Ampharos-Mega, L50, M
|-mega|p1b: Ampharos|Ampharos|Ampharosite
|-ability|p1b: Ampharos|Mold Breaker
|move|p1b: Ampharos|Thunderbolt|p2a: Typhlosion
|-damage|p2a: Typhlosion|0 fnt
|faint|p2a: Typhlosion
|move|p1a: Farigiraf|Psychic|p2b: Dragonite
|-damage|p2b: Dragonite|43/100 psn
|move|p2b: Dragonite|Body Press|p1b: Ampharos
|-damage|p1b: Ampharos|75/100
|
|-damage|p2b: Dragonite|31/100 psn|[from] psn
|upkeep
|
|t:|1782427962
|switch|p2a: Incineroar|Incineroar, L50, F, shiny|100/100
|-ability|p2a: Incineroar|Intimidate|boost
|-unboost|p1a: Farigiraf|atk|1
|-unboost|p1b: Ampharos|atk|1
|turn|4
|inactive|lolgz has 30 seconds left.
|
|t:|1782427989
|move|p1b: Ampharos|Focus Blast|p2a: Incineroar
|-supereffective|p2a: Incineroar|1
|-damage|p2a: Incineroar|3/100
|-enditem|p2a: Incineroar|Sitrus Berry|[eat]
|-heal|p2a: Incineroar|28/100|[from] item: Sitrus Berry
|move|p1a: Farigiraf|Psychic|p2b: Dragonite
|-damage|p2b: Dragonite|4/100 psn
|move|p2a: Incineroar|Throat Chop|p1a: Farigiraf
|-supereffective|p1a: Farigiraf|1
|-damage|p1a: Farigiraf|33/100
|-start|p1a: Farigiraf|Throat Chop|[silent]
|-enditem|p1a: Farigiraf|Sitrus Berry|[eat]
|-heal|p1a: Farigiraf|58/100|[from] item: Sitrus Berry
|move|p2b: Dragonite|Roost|p2b: Dragonite
|-heal|p2b: Dragonite|54/100 psn
|-singleturn|p2b: Dragonite|move: Roost
|
|-damage|p2b: Dragonite|42/100 psn|[from] psn
|upkeep
|turn|5
|
|t:|1782428014
|move|p1b: Ampharos|Dragon Pulse|p2b: Dragonite
|-supereffective|p2b: Dragonite|1
|-damage|p2b: Dragonite|0 fnt
|faint|p2b: Dragonite
|move|p1a: Farigiraf|Thunderbolt|p2a: Incineroar
|-damage|p2a: Incineroar|8/100
|-status|p2a: Incineroar|par
|move|p2a: Incineroar|Throat Chop|p1a: Farigiraf
|-supereffective|p1a: Farigiraf|1
|-damage|p1a: Farigiraf|0 fnt
|faint|p1a: Farigiraf
|
|-fieldend|move: Trick Room
|upkeep
|
|t:|1782428020
|switch|p2b: Vileplume|Vileplume, L50, M, shiny|100/100
|switch|p1a: Torkoal|Torkoal, L50, M|100/100
|-weather|SunnyDay|[from] ability: Drought|[of] p1a: Torkoal
|turn|6
|
|t:|1782428033
|move|p2b: Vileplume|Sleep Powder|p1a: Torkoal|[miss]
|-miss|p2b: Vileplume|p1a: Torkoal
|move|p1b: Ampharos|Dragon Pulse|p2b: Vileplume
|-damage|p2b: Vileplume|32/100
|move|p2a: Incineroar|Parting Shot|p1b: Ampharos
|-unboost|p1b: Ampharos|atk|1
|-unboost|p1b: Ampharos|spa|1
|move|p1a: Torkoal|Eruption|p2a: Incineroar|[spread] p2a,p2b
|-resisted|p2a: Incineroar|1
|-supereffective|p2b: Vileplume|1
|-damage|p2a: Incineroar|0 fnt
|-damage|p2b: Vileplume|0 fnt
|faint|p2a: Incineroar
|faint|p2b: Vileplume
|
|win|lolgz
