|j|☆CommunistGuy293
|j|☆plouifasol
|html|CommunistGuy293plouifasol    
|uhtml|bestof|Game 1 of a best-of-3
|t:|1756826338
|gametype|doubles
|player|p1|CommunistGuy293|scientist-gen4|1065
|player|p2|plouifasol|hiker-gen4|1000
|gen|9
|tier|[Gen 9] VGC 2025 Reg H (Bo3)
|rated|
|rule|Species Clause: Limit one of each Pokémon
|rule|Item Clause: Limit 1 of each item
|clearpoke
|poke|p1|Torkoal, L50, M|
|poke|p1|Typhlosion-Hisui, L50, F|
|poke|p1|Jumpluff, L50, F|
|poke|p1|Amoonguss, L50, M|
|poke|p1|Incineroar, L50, M|
|poke|p1|Basculegion, L50, M|
|poke|p2|Archaludon, L50, F|
|poke|p2|Pelipper, L50, F|
|poke|p2|Basculegion, L50, M|
|poke|p2|Amoonguss, L50, F|
|poke|p2|Gholdengo, L50|
|poke|p2|Incineroar, L50, F|
|teampreview|4
|showteam|p1|Torkoal||SitrusBerry|Drought|HeatWave,EarthPower,Yawn,Protect|||M|||50|,,,,,Ghost]Typhlosion-Hisui||ChoiceScarf|Blaze|Eruption,HeatWave,Overheat,ShadowBall|||F|||50|,,,,,Fire]Jumpluff||CovertCloak|Chlorophyll|Tailwind,SleepPowder,RagePowder,SunnyDay|||F|||50|,,,,,Water]Amoonguss||RockyHelmet|Regenerator|Spore,RagePowder,EnergyBall,Protect|||M|||50|,,,,,Water]Incineroar||SafetyGoggles|Intimidate|FakeOut,FlareBlitz,KnockOff,PartingShot|||M|||50|,,,,,Ghost]Basculegion||LifeOrb|SwiftSwim|LastRespects,AquaJet,WaveCrash,Protect|||M|||50|,,,,,Ghost
|showteam|p2|Archaludon||AssaultVest|Stamina|DragonPulse,ElectroShot,FlashCannon,BodyPress|||F|||50|,,,,,Bug]Pelipper||FocusSash|Drizzle|WeatherBall,Hurricane,Tailwind,Protect|||F|||50|,,,,,Ground]Basculegion||ChoiceBand|SwiftSwim|WaveCrash,LastRespects,AquaJet,FlipTurn|||M|||50|,,,,,Water]Amoonguss||SitrusBerry|Regenerator|PollenPuff,Spore,RagePowder,Protect|||F|||50|,,,,,Fairy]Gholdengo||LifeOrb|GoodasGold|MakeItRain,ShadowBall,NastyPlot,Protect||||||50|,,,,,Water]Incineroar||RockyHelmet|Intimidate|KnockOff,Taunt,PartingShot,FakeOut|||F|||50|,,,,,Ghost
|inactive|Battle timer is ON: inactive players will automatically lose when time's up. (requested by CommunistGuy293)
|inactive|CommunistGuy293 has 60 seconds left.
|
|t:|1756826380
|teamsize|p1|4
|teamsize|p2|4
|start
|switch|p1a: Jumpluff|Jumpluff, L50, F|100/100
|switch|p1b: Torkoal|Torkoal, L50, M|100/100
|switch|p2a: Incineroar|Incineroar, L50, F|100/100
|switch|p2b: Gholdengo|Gholdengo, L50|100/100
|-ability|p2a: Incineroar|Intimidate|boost
|-unboost|p1a: Jumpluff|atk|1
|-unboost|p1b: Torkoal|atk|1
|-weather|SunnyDay|[from] ability: Drought|[of] p1b: Torkoal
|turn|1
|inactive|CommunistGuy293 has 30 seconds left.
|inactive|CommunistGuy293 has 20 seconds left.
|inactive|CommunistGuy293 has 15 seconds left.
|inactive|CommunistGuy293 has 10 seconds left.
|
|t:|1756826426
|move|p2a: Incineroar|Fake Out|p1b: Torkoal
|-damage|p1b: Torkoal|92/100
|move|p1a: Jumpluff|Tailwind|p1a: Jumpluff
|-sidestart|p1: CommunistGuy293|move: Tailwind
|move|p2b: Gholdengo|Nasty Plot|p2b: Gholdengo
|-boost|p2b: Gholdengo|spa|2
|cant|p1b: Torkoal|flinch
|
|-weather|SunnyDay|[upkeep]
|upkeep
|turn|2
|inactive|CommunistGuy293 has 30 seconds left.
|inactive|CommunistGuy293 has 20 seconds left.
|
|t:|1756826467
|-terastallize|p1a: Jumpluff|Water
|move|p2b: Gholdengo|Protect|p2b: Gholdengo
|-singleturn|p2b: Gholdengo|Protect
|move|p1a: Jumpluff|Sleep Powder|p2a: Incineroar|[miss]
|-miss|p1a: Jumpluff|p2a: Incineroar
|move|p2a: Incineroar|Parting Shot|p1b: Torkoal
|-unboost|p1b: Torkoal|atk|1
|-unboost|p1b: Torkoal|spa|1
|
|t:|1756826487
|switch|p2a: Pelipper|Pelipper, L50, F|100/100|[from] Parting Shot
|-weather|RainDance|[from] ability: Drizzle|[of] p2a: Pelipper
|move|p1b: Torkoal|Earth Power|p2b: Gholdengo
|-activate|p2b: Gholdengo|move: Protect
|
|-weather|RainDance|[upkeep]
|upkeep
|turn|3
|
|t:|1756826510
|switch|p2a: Amoonguss|Amoonguss, L50, F|100/100
|-terastallize|p2b: Gholdengo|Water
|move|p1a: Jumpluff|Sleep Powder|p2a: Amoonguss
|-immune|p2a: Amoonguss
|move|p2b: Gholdengo|Shadow Ball|p1b: Torkoal
|-damage|p1b: Torkoal|0 fnt
|faint|p1b: Torkoal
|-damage|p2b: Gholdengo|91/100|[from] item: Life Orb
|
|-weather|RainDance|[upkeep]
|upkeep
|
|t:|1756826524
|switch|p1b: Basculegion|Basculegion, L50, M|100/100
|turn|4
|
|t:|1756826549
|move|p2a: Amoonguss|Rage Powder|p2a: Amoonguss
|-singleturn|p2a: Amoonguss|move: Rage Powder
|move|p1b: Basculegion|Last Respects|p2a: Amoonguss
|-damage|p2a: Amoonguss|54/100
|-damage|p1b: Basculegion|91/100|[from] item: Life Orb
|move|p1a: Jumpluff|Sunny Day|p1a: Jumpluff
|-weather|SunnyDay
|move|p2b: Gholdengo|Shadow Ball|p1b: Basculegion
|-supereffective|p1b: Basculegion
|-damage|p1b: Basculegion|0 fnt
|faint|p1b: Basculegion
|-damage|p2b: Gholdengo|82/100|[from] item: Life Orb
|
|-weather|SunnyDay|[upkeep]
|-sideend|p1: CommunistGuy293|move: Tailwind
|upkeep
|
|t:|1756826558
|switch|p1b: Typhlosion|Typhlosion-Hisui, L50, F|100/100
|turn|5
|inactive|CommunistGuy293 has 30 seconds left.
|inactive|plouifasol has 30 seconds left.
|inactive|CommunistGuy293 has 20 seconds left.
|
|t:|1756826597
|move|p1a: Jumpluff|Rage Powder|p1a: Jumpluff
|-singleturn|p1a: Jumpluff|move: Rage Powder
|move|p2a: Amoonguss|Rage Powder|p2a: Amoonguss
|-singleturn|p2a: Amoonguss|move: Rage Powder
|move|p1b: Typhlosion|Shadow Ball|p2a: Amoonguss
|-crit|p2a: Amoonguss
|-damage|p2a: Amoonguss|0 fnt
|faint|p2a: Amoonguss
|move|p2b: Gholdengo|Shadow Ball|p1a: Jumpluff
|-damage|p1a: Jumpluff|0 fnt
|faint|p1a: Jumpluff
|-damage|p2b: Gholdengo|72/100|[from] item: Life Orb
|
|-weather|SunnyDay|[upkeep]
|upkeep
|
|t:|1756826609
|switch|p2a: Pelipper|Pelipper, L50, F|100/100
|-weather|RainDance|[from] ability: Drizzle|[of] p2a: Pelipper
|turn|6
|-message|CommunistGuy293 forfeited.
|
|win|plouifasol
|l|☆CommunistGuy293
|player|p1|
||CommunistGuy293 is ready for game 2.
||plouifasol is ready for game 2.
|uhtml|next|Next: Game 2 of 3
