|j|☆UtsuruK
|j|☆Duhzer4
|html|UtsuruKDuhzer4    
|uhtml|bestof|Game 1 of a best-of-3
|t:|1784677649
|gametype|doubles
|player|p1|UtsuruK|depotagent|
|player|p2|Duhzer4|fantina|
|gen|9
|tier|[Gen 9 Champions] VGC 2026 Reg M-B (Bo3)
|rule|Species Clause: Limit one of each Pokémon
|rule|Item Clause: Limit 1 of each item
|clearpoke
|poke|p1|Farigiraf, L50, M|
|poke|p1|Rotom-Wash, L50|
|poke|p1|Mawile, L50, F|
|poke|p1|Incineroar, L50, F|
|poke|p1|Sinistcha, L50|
|poke|p1|Camerupt, L50, F|
|poke|p2|Kangaskhan, L50, F|
|poke|p2|Basculegion, L50, M|
|poke|p2|Farigiraf, L50, M|
|poke|p2|Torkoal, L50, F|
|poke|p2|Sylveon, L50, F|
|poke|p2|Blastoise, L50, M|
|teampreview|4
|showteam|p1|Farigiraf||ColburBerry|ArmorTail|TrickRoom,TwinBeam,Thunderbolt,HelpingHand|Relaxed||M|||50|]Rotom-Wash||Leftovers|Levitate|WillOWisp,HydroPump,VoltSwitch,Protect|Modest|||||50|]Mawile||Mawilite|HyperCutter|PlayRough,SuckerPunch,IronHead,Protect|Brave||F|||50|]Incineroar||ChopleBerry|Intimidate|FlareBlitz,FakeOut,PartingShot,Snarl|Sassy||F|||50|]Sinistcha||CobaBerry|Hospitality|MatchaGotcha,RagePowder,LifeDew,TrickRoom|Relaxed|||||50|]Camerupt||Cameruptite|SolidRock|AncientPower,EarthPower,HeatWave,Protect|Modest||F|||50|
|showteam|p2|Kangaskhan||LifeOrb|Scrappy|FakeOut,LastResort|Adamant||F|||50|]Basculegion||FocusSash|Adaptability|AquaJet,Liquidation,LastRespects,Protect|Adamant||M|||50|]Farigiraf||ColburBerry|ArmorTail|TrickRoom,HelpingHand,Protect,Psyshock|Relaxed||M|||50|]Torkoal||Charcoal|Drought|Eruption,WeatherBall,AncientPower,Protect|Quiet||F|||50|]Sylveon||FairyFeather|Pixilate|HyperVoice,HyperBeam,QuickAttack,Protect|Modest||F|||50|]Blastoise||Blastoisinite|RainDish|WaterSpout,AuraSphere,DarkPulse,FakeOut|Quiet||M|||50|
|
|t:|1784677712
|teamsize|p1|4
|teamsize|p2|4
|start
|switch|p1a: Rotom|Rotom-Wash, L50|100/100
|switch|p1b: Incineroar|Incineroar, L50, F|100/100
|switch|p2a: Kangaskhan|Kangaskhan, L50, F|100/100
|switch|p2b: Blastoise|Blastoise, L50, M|100/100
|-ability|p1b: Incineroar|Intimidate|boost
|-fail|p2a: Kangaskhan|unboost|Attack|[from] ability: Scrappy|[of] p2a: Kangaskhan
|-unboost|p2b: Blastoise|atk|1
|turn|1
|
|t:|1784677754
|detailschange|p2b: Blastoise|Blastoise-Mega, L50, M
|-mega|p2b: Blastoise|Blastoise|Blastoisinite
|move|p2a: Kangaskhan|Fake Out|p1a: Rotom
|-damage|p1a: Rotom|77/100
|-damage|p2a: Kangaskhan|90/100|[from] item: Life Orb
|move|p1b: Incineroar|Fake Out|p2a: Kangaskhan
|-damage|p2a: Kangaskhan|79/100
|cant|p1a: Rotom|flinch
|move|p2b: Blastoise|Water Spout|p1a: Rotom|[spread] p1a,p1b
|-resisted|p1a: Rotom|1
|-supereffective|p1b: Incineroar|1
|-damage|p1a: Rotom|41/100
|-damage|p1b: Incineroar|4/100
|
|-heal|p1a: Rotom|47/100|[from] item: Leftovers
|upkeep
|turn|2
|
|t:|1784677794
|switch|p1b: Sinistcha|Sinistcha, L50|100/100
|-heal|p1a: Rotom|71/100|[from] ability: Hospitality|[of] p1b: Sinistcha
|move|p2a: Kangaskhan|Last Resort|p1a: Rotom
|-damage|p1a: Rotom|0 fnt
|faint|p1a: Rotom
|-damage|p2a: Kangaskhan|69/100|[from] item: Life Orb
|move|p2b: Blastoise|Aura Sphere|p1b: Sinistcha
|-immune|p1b: Sinistcha
|
|upkeep
|
|t:|1784677805
|switch|p1a: Incineroar|Incineroar, L50, F|4/100
|-ability|p1a: Incineroar|Intimidate|boost
|-fail|p2a: Kangaskhan|unboost|Attack|[from] ability: Scrappy|[of] p2a: Kangaskhan
|-unboost|p2b: Blastoise|atk|1
|turn|3
|
|t:|1784677830
|move|p1a: Incineroar|Fake Out|p2a: Kangaskhan
|-damage|p2a: Kangaskhan|58/100
|cant|p2a: Kangaskhan|flinch
|move|p2b: Blastoise|Dark Pulse|p1a: Incineroar
|-resisted|p1a: Incineroar|1
|-damage|p1a: Incineroar|0 fnt
|faint|p1a: Incineroar
|move|p1b: Sinistcha|Matcha Gotcha|p2b: Blastoise|[spread] p2a,p2b
|-supereffective|p2b: Blastoise|1
|-damage|p2a: Kangaskhan|34/100
|-damage|p2b: Blastoise|61/100
|-status|p2a: Kangaskhan|brn
|
|-damage|p2a: Kangaskhan|28/100 brn|[from] brn
|upkeep
|
|t:|1784677844
|switch|p1a: Mawile|Mawile, L50, F|100/100
|turn|4
|
|t:|1784677866
|detailschange|p1a: Mawile|Mawile-Mega, L50, F
|-mega|p1a: Mawile|Mawile|Mawilite
|move|p1a: Mawile|Protect|p1a: Mawile
|-singleturn|p1a: Mawile|Protect
|move|p2a: Kangaskhan|Last Resort|p1a: Mawile
|-activate|p1a: Mawile|move: Protect
|move|p2b: Blastoise|Dark Pulse|p1b: Sinistcha
|-supereffective|p1b: Sinistcha|1
|-damage|p1b: Sinistcha|0 fnt
|faint|p1b: Sinistcha
|
|-damage|p2a: Kangaskhan|22/100 brn|[from] brn
|upkeep
|turn|5
|
|t:|1784677898
|move|p1a: Mawile|Sucker Punch|p2a: Kangaskhan
|-damage|p2a: Kangaskhan|0 fnt
|faint|p2a: Kangaskhan
|move|p2b: Blastoise|Aura Sphere|p1a: Mawile
|-damage|p1a: Mawile|40/100
|
|upkeep
|
|t:|1784677907
|switch|p2a: Farigiraf|Farigiraf, L50, M|100/100
|turn|6
|
|t:|1784677915
|move|p2a: Farigiraf|Helping Hand|p2b: Blastoise
|-singleturn|p2b: Blastoise|Helping Hand|[of] p2a: Farigiraf
|move|p2b: Blastoise|Aura Sphere|p1a: Mawile
|-damage|p1a: Mawile|0 fnt
|faint|p1a: Mawile
|
|win|Duhzer4
|inactive|UtsuruK has 30 seconds to confirm battle start!
|inactive|Duhzer4 has 30 seconds to confirm battle start!
||UtsuruK is ready for game 2.
|inactive|Duhzer4 has 20 seconds to confirm battle start!
|inactive|Duhzer4 has 10 seconds to confirm battle start!
|l|☆Duhzer4
|player|p2|
|uhtml|next|Next: Game 2 of 3
|l|☆UtsuruK
|player|p1|
|j|☆Duhzer4
|player|p2|Duhzer4|fantina|
