|j|☆MidoMidori
|j|☆akabaki
|html|MidoMidoriakabaki    
|uhtml|bestof|Game 2 of a best-of-3
|t:|1756502432
|gametype|doubles
|player|p1|MidoMidori|roxanne-gen6|1226
|player|p2|akabaki|266|1179
|gen|9
|tier|[Gen 9] VGC 2025 Reg H (Bo3)
|rated|
|rule|Species Clause: Limit one of each Pokémon
|rule|Item Clause: Limit 1 of each item
|clearpoke
|poke|p1|Sneasler, L50, F|
|poke|p1|Indeedee, L50, M|
|poke|p1|Volcarona, L50, F|
|poke|p1|Ursaluna-Bloodmoon, L50, M|
|poke|p1|Annihilape, L50, M|
|poke|p1|Tyranitar, L50, M|
|poke|p2|Gholdengo, L50|
|poke|p2|Hydreigon, L50, M|
|poke|p2|Talonflame, L50, M|
|poke|p2|Annihilape, L50, F|
|poke|p2|Clefable, L50, M|
|poke|p2|Garchomp, L50, M|
|teampreview|4
|showteam|p1|Sneasler||PsychicSeed|Unburden|CloseCombat,DireClaw,ThroatChop,Protect|||F|||50|,,,,,Dark]Indeedee||ChoiceScarf|PsychicSurge|ExpandingForce,TeraBlast,Trick,Protect|||M|||50|,,,,,Psychic]Volcarona||SitrusBerry|FlameBody|Overheat,StruggleBug,RagePowder,Tailwind|||F|||50|,,,,,Grass]Ursaluna-Bloodmoon||LifeOrb|MindsEye|BloodMoon,HyperVoice,EarthPower,Protect|||M|||50|,,,,,Normal]Annihilape||SafetyGoggles|Defiant|CloseCombat,RageFist,Taunt,FinalGambit|||M|||50|,,,,,Fairy]Tyranitar||AssaultVest|SandStream|RockSlide,KnockOff,TeraBlast,LowKick|||M|||50|,,,,,Flying
|showteam|p2|Gholdengo||MetalCoat|GoodasGold|MakeItRain,ShadowBall,NastyPlot,Protect||||||50|,,,,,Water]Hydreigon||ChoiceSpecs|Levitate|DracoMeteor,DarkPulse,Snarl,HeatWave|||M|||50|,,,,,Fire]Talonflame||CovertCloak|GaleWings|BraveBird,Tailwind,Taunt,WillOWisp|||M|||50|,,,,,Grass]Annihilape||SafetyGoggles|Defiant|RageFist,DrainPunch,BulkUp,Protect|||F|||50|,,,,,Fire]Clefable||SitrusBerry|Unaware|Moonblast,Protect,FollowMe,ThunderWave|||M|||50|,,,,,Water]Garchomp||LifeOrb|RoughSkin|DragonClaw,StompingTantrum,Earthquake,Protect|||M|||50|,,,,,Steel
|inactive|Battle timer is ON: inactive players will automatically lose when time's up. (requested by akabaki)
|inactive|MidoMidori has 60 seconds left.
|inactive|akabaki has 60 seconds left.
|inactive|akabaki has 30 seconds left.
|
|t:|1756502501
|teamsize|p1|4
|teamsize|p2|4
|start
|switch|p1a: Tyranitar|Tyranitar, L50, M|100/100
|switch|p1b: Volcarona|Volcarona, L50, F|100/100
|switch|p2a: Talonflame|Talonflame, L50, M|100/100
|switch|p2b: Garchomp|Garchomp, L50, M|100/100
|-weather|Sandstorm|[from] ability: Sand Stream|[of] p1a: Tyranitar
|turn|1
|j| We_Are_Toasted
|inactive|MidoMidori has 30 seconds left.
|inactive|akabaki has 30 seconds left.
|inactive|MidoMidori has 20 seconds left.
|inactive|MidoMidori has 15 seconds left.
|
|t:|1756502544
|-terastallize|p1a: Tyranitar|Flying
|move|p2a: Talonflame|Will-O-Wisp|p1a: Tyranitar
|-status|p1a: Tyranitar|brn
|move|p2b: Garchomp|Earthquake|p1a: Tyranitar|[spread] p1b
|-immune|p2a: Talonflame
|-immune|p1a: Tyranitar
|-damage|p1b: Volcarona|35/100
|-enditem|p1b: Volcarona|Sitrus Berry|[eat]
|-heal|p1b: Volcarona|60/100|[from] item: Sitrus Berry
|-damage|p2b: Garchomp|91/100|[from] item: Life Orb
|move|p1b: Volcarona|Overheat|p2a: Talonflame
|-resisted|p2a: Talonflame
|-damage|p2a: Talonflame|52/100
|-unboost|p1b: Volcarona|spa|2
|move|p1a: Tyranitar|Rock Slide|p2a: Talonflame|[spread] p2a,p2b
|-supereffective|p2a: Talonflame
|-resisted|p2b: Garchomp
|-damage|p2a: Talonflame|0 fnt
|-damage|p2b: Garchomp|83/100
|faint|p2a: Talonflame
|
|-weather|Sandstorm|[upkeep]
|-damage|p1b: Volcarona|54/100|[from] Sandstorm
|-damage|p1a: Tyranitar|95/100 brn|[from] Sandstorm
|-damage|p1a: Tyranitar|89/100 brn|[from] brn
|upkeep
|inactive|akabaki has 30 seconds left.
|inactive|akabaki has 20 seconds left.
|inactive|akabaki has 15 seconds left.
|
|t:|1756502589
|switch|p2a: Annihilape|Annihilape, L50, F|100/100
|turn|2
|
|t:|1756502605
|move|p2b: Garchomp|Dragon Claw|p1a: Tyranitar
|-damage|p1a: Tyranitar|43/100 brn
|-damage|p2b: Garchomp|73/100|[from] item: Life Orb
|move|p1b: Volcarona|Tailwind|p1b: Volcarona
|-sidestart|p1: MidoMidori|move: Tailwind
|move|p1a: Tyranitar|Tera Blast|p2b: Garchomp|[anim] Tera Blast Flying
|-damage|p2b: Garchomp|52/100
|move|p2a: Annihilape|Bulk Up|p2a: Annihilape
|-boost|p2a: Annihilape|atk|1
|-boost|p2a: Annihilape|def|1
|
|-weather|Sandstorm|[upkeep]
|-damage|p1b: Volcarona|48/100|[from] Sandstorm
|-damage|p1a: Tyranitar|37/100 brn|[from] Sandstorm
|-damage|p1a: Tyranitar|32/100 brn|[from] brn
|upkeep
|turn|3
|inactive|MidoMidori has 30 seconds left.
|inactive|akabaki has 30 seconds left.
|inactive|akabaki has 20 seconds left.
|inactive|akabaki has 15 seconds left.
|inactive|akabaki has 10 seconds left.
|inactive|akabaki has 5 seconds left.
|
|t:|1756502655
|move|p1b: Volcarona|Overheat|p2b: Garchomp
|-resisted|p2b: Garchomp
|-damage|p2b: Garchomp|35/100
|-unboost|p1b: Volcarona|spa|2
|move|p1a: Tyranitar|Knock Off|p2b: Garchomp
|-damage|p2b: Garchomp|9/100
|-damage|p1a: Tyranitar|19/100 brn|[from] ability: Rough Skin|[of] p2b: Garchomp
|-enditem|p2b: Garchomp|Life Orb|[from] move: Knock Off|[of] p1a: Tyranitar
|move|p2b: Garchomp|Dragon Claw|p1a: Tyranitar
|-crit|p1a: Tyranitar
|-damage|p1a: Tyranitar|0 fnt
|faint|p1a: Tyranitar
|move|p2a: Annihilape|Bulk Up|p2a: Annihilape
|-boost|p2a: Annihilape|atk|1
|-boost|p2a: Annihilape|def|1
|
|-weather|Sandstorm|[upkeep]
|-damage|p1b: Volcarona|42/100|[from] Sandstorm
|upkeep
|
|t:|1756502660
|switch|p1a: Ursaluna|Ursaluna-Bloodmoon, L50, M|100/100
|turn|4
|inactive|akabaki has 30 seconds left.
|inactive|MidoMidori has 30 seconds left.
|inactive|akabaki has 20 seconds left.
|
|t:|1756502696
|move|p2a: Annihilape|Protect|p2a: Annihilape
|-singleturn|p2a: Annihilape|Protect
|move|p1b: Volcarona|Overheat|p2a: Annihilape
|-activate|p2a: Annihilape|move: Protect
|move|p1a: Ursaluna|Blood Moon|p2a: Annihilape
|-activate|p2a: Annihilape|move: Protect
|move|p2b: Garchomp|Earthquake|p1a: Ursaluna|[spread] p1a,p1b
|-activate|p2a: Annihilape|move: Protect
|-crit|p1a: Ursaluna
|-damage|p1a: Ursaluna|53/100
|-damage|p1b: Volcarona|0 fnt
|faint|p1b: Volcarona
|
|-weather|Sandstorm|[upkeep]
|upkeep
|
|t:|1756502698
|switch|p1b: Sneasler|Sneasler, L50, F|100/100
|turn|5
|inactive|akabaki has 30 seconds left.
|
|t:|1756502730
|move|p1b: Sneasler|Dire Claw|p2a: Annihilape
|-resisted|p2a: Annihilape
|-crit|p2a: Annihilape
|-damage|p2a: Annihilape|65/100
|move|p1a: Ursaluna|Hyper Voice|p2a: Annihilape|[spread] p2a,p2b
|-damage|p2a: Annihilape|19/100
|-damage|p2b: Garchomp|0 fnt
|faint|p2b: Garchomp
|-damage|p1a: Ursaluna|43/100|[from] item: Life Orb
|move|p2a: Annihilape|Drain Punch|p1a: Ursaluna
|-supereffective|p1a: Ursaluna
|-damage|p1a: Ursaluna|0 fnt
|-heal|p2a: Annihilape|40/100|[from] drain|[of] p1a: Ursaluna
|faint|p1a: Ursaluna
|
|-weather|none
|-sideend|p1: MidoMidori|move: Tailwind
|upkeep
|
|t:|1756502744
|switch|p2b: Clefable|Clefable, L50, M|100/100
|turn|6
|
|t:|1756502753
|move|p1b: Sneasler|Dire Claw|p2a: Annihilape
|-resisted|p2a: Annihilape
|-damage|p2a: Annihilape|27/100
|-status|p2a: Annihilape|slp
|cant|p2a: Annihilape|slp
|move|p2b: Clefable|Moonblast|p1b: Sneasler
|-damage|p1b: Sneasler|56/100
|
|upkeep
|turn|7
|
|t:|1756502768
|move|p1b: Sneasler|Dire Claw|p2b: Clefable
|-supereffective|p2b: Clefable
|-damage|p2b: Clefable|13/100
|-status|p2b: Clefable|slp
|-enditem|p2b: Clefable|Sitrus Berry|[eat]
|-heal|p2b: Clefable|38/100 slp|[from] item: Sitrus Berry
|cant|p2a: Annihilape|slp
|cant|p2b: Clefable|slp
|
|upkeep
|turn|8
|
|t:|1756502785
|move|p1b: Sneasler|Dire Claw|p2a: Annihilape
|-resisted|p2a: Annihilape
|-damage|p2a: Annihilape|15/100 slp
|-curestatus|p2a: Annihilape|slp|[msg]
|move|p2a: Annihilape|Rage Fist|p1b: Sneasler
|-damage|p1b: Sneasler|0 fnt
|faint|p1b: Sneasler
|
|win|akabaki
|raw|MidoMidori's rating: 1226 → 1198(-28 for losing)
|raw|akabaki's rating: 1179 → 1207(+28 for winning)
