|j|☆ariel.mr_
|j|☆whoopeesucle
|html|ariel.mr_whoopeesucle    
|uhtml|bestof|Game 2 of a best-of-3
|t:|1783682194
|gametype|doubles
|player|p1|ariel.mr_|hilbert|1307
|player|p2|whoopeesucle|266|1239
|gen|9
|tier|[Gen 9 Champions] VGC 2026 Reg M-B (Bo3)
|rated|
|rule|Species Clause: Limit one of each Pokémon
|rule|Item Clause: Limit 1 of each item
|clearpoke
|poke|p1|Charizard, L50, M, shiny|
|poke|p1|Kingambit, L50, M|
|poke|p1|Sylveon, L50, F|
|poke|p1|Garchomp, L50, F|
|poke|p1|Aerodactyl, L50, M|
|poke|p1|Farigiraf, L50, M|
|poke|p2|Mawile, L50, F|
|poke|p2|Farigiraf, L50, M|
|poke|p2|Torkoal, L50, F|
|poke|p2|Vivillon, L50, F|
|poke|p2|Incineroar, L50, M|
|poke|p2|Gallade, L50, M|
|teampreview|4
|showteam|p1|Charizard||CharizarditeY|SolarPower|Protect,HeatWave,SolarBeam,WeatherBall|Modest||M|||50|]Kingambit||FocusSash|Defiant|IronHead,SuckerPunch,KowtowCleave,LowKick|Adamant||M|||50|]Sylveon||FairyFeather|Pixilate|Protect,HyperVoice,HyperBeam,QuickAttack|Modest||F|||50|]Garchomp||LifeOrb|RoughSkin|Protect,DragonClaw,Earthquake,RockSlide|Jolly||F|||50|]Aerodactyl||Aerodactylite|Unnerve|IceFang,RockSlide,Tailwind,DualWingbeat|Jolly||M|||50|]Farigiraf||SitrusBerry|ArmorTail|TrickRoom,Psychic,Thunderbolt,Roar|Bold||M|||50|
|showteam|p2|Mawile||Mawilite|HyperCutter|PlayRough,SuckerPunch,RockSlide,Protect|Brave||F|||50|]Farigiraf||SitrusBerry|ArmorTail|TwinBeam,Thunderbolt,TrickRoom,HelpingHand|Modest||M|||50|]Torkoal||Charcoal|Drought|Eruption,WeatherBall,HelpingHand,Protect|Quiet||F|||50|]Vivillon||FocusSash|CompoundEyes|RagePowder,Hurricane,SleepPowder,Protect|Timid||F|||50|]Incineroar||LifeOrb|Intimidate|FakeOut,DarkestLariat,FlareBlitz,CloseCombat|Adamant||M|||50|]Gallade||IronBall|Sharpness|SacredSword,LeafBlade,PsychoCut,TrickRoom|Brave||M|||50|
|inactive|Battle timer is ON: inactive players will automatically lose when time's up. (requested by ariel.mr_)
|inactive|ariel.mr_ has 60 seconds left.
|
|t:|1783682234
|teamsize|p1|4
|teamsize|p2|4
|start
|switch|p1a: Kingambit|Kingambit, L50, M|100/100
|switch|p1b: Aerodactyl|Aerodactyl, L50, M|100/100
|switch|p2a: Vivillon|Vivillon, L50, F|100/100
|switch|p2b: Gallade|Gallade, L50, M|100/100
|-ability|p1b: Aerodactyl|Unnerve
|turn|1
|inactive|ariel.mr_ has 30 seconds left.
|
|t:|1783682259
|detailschange|p1b: Aerodactyl|Aerodactyl-Mega, L50, M
|-mega|p1b: Aerodactyl|Aerodactyl|Aerodactylite
|move|p2a: Vivillon|Rage Powder|p2a: Vivillon
|-singleturn|p2a: Vivillon|move: Rage Powder
|move|p1b: Aerodactyl|Rock Slide|p2a: Vivillon|[spread] p2a,p2b
|-supereffective|p2a: Vivillon|2
|-resisted|p2b: Gallade|1
|-enditem|p2a: Vivillon|Focus Sash
|-damage|p2a: Vivillon|1/100
|-damage|p2b: Gallade|79/100
|move|p1a: Kingambit|Kowtow Cleave|p2a: Vivillon
|-damage|p2a: Vivillon|0 fnt
|faint|p2a: Vivillon
|move|p2b: Gallade|Trick Room|p2b: Gallade
|-fieldstart|move: Trick Room|[of] p2b: Gallade
|
|upkeep
|
|t:|1783682274
|switch|p2a: Mawile|Mawile, L50, F|100/100
|turn|2
|
|t:|1783682294
|detailschange|p2a: Mawile|Mawile-Mega, L50, F
|-mega|p2a: Mawile|Mawile|Mawilite
|move|p2b: Gallade|Sacred Sword|p1a: Kingambit
|-supereffective|p1a: Kingambit|2
|-enditem|p1a: Kingambit|Focus Sash
|-damage|p1a: Kingambit|1/100
|move|p2a: Mawile|Rock Slide|p1a: Kingambit|[spread] p1a,p1b
|-resisted|p1a: Kingambit|1
|-supereffective|p1b: Aerodactyl|1
|-damage|p1a: Kingambit|0 fnt
|-damage|p1b: Aerodactyl|8/100
|faint|p1a: Kingambit
|cant|p1b: Aerodactyl|flinch
|
|upkeep
|
|t:|1783682308
|switch|p1a: Farigiraf|Farigiraf, L50, M|100/100
|turn|3
|
|t:|1783682320
|move|p2b: Gallade|Sacred Sword|p1a: Farigiraf
|-damage|p1a: Farigiraf|46/100
|-enditem|p1a: Farigiraf|Sitrus Berry|[eat]
|-heal|p1a: Farigiraf|71/100|[from] item: Sitrus Berry
|move|p2a: Mawile|Play Rough|p1a: Farigiraf
|-damage|p1a: Farigiraf|2/100
|move|p1a: Farigiraf|Psychic|p2b: Gallade
|-damage|p2b: Gallade|48/100
|move|p1b: Aerodactyl|Dual Wingbeat|p2b: Gallade
|-supereffective|p2b: Gallade|1
|-damage|p2b: Gallade|0 fnt
|faint|p2b: Gallade
|-hitcount|p2: Gallade|1
|
|upkeep
|
|t:|1783682329
|switch|p2b: Incineroar|Incineroar, L50, M|100/100
|-ability|p2b: Incineroar|Intimidate|boost
|-unboost|p1a: Farigiraf|atk|1
|-unboost|p1b: Aerodactyl|atk|1
|turn|4
|
|t:|1783682350
|move|p2a: Mawile|Rock Slide|p1b: Aerodactyl|[spread] p1a,p1b
|-supereffective|p1b: Aerodactyl|1
|-damage|p1a: Farigiraf|0 fnt
|-damage|p1b: Aerodactyl|0 fnt
|faint|p1a: Farigiraf
|faint|p1b: Aerodactyl
|move|p2b: Incineroar|Darkest Lariat|p1: Farigiraf|[notarget]
|-fail|p2b: Incineroar
|
|upkeep
|
|t:|1783682354
|switch|p1b: Garchomp|Garchomp, L50, F|100/100
|turn|5
|
|t:|1783682372
|move|p1b: Garchomp|Protect|p1b: Garchomp
|-singleturn|p1b: Garchomp|Protect
|move|p2a: Mawile|Play Rough|p1b: Garchomp
|-activate|p1b: Garchomp|move: Protect
|move|p2b: Incineroar|Darkest Lariat|p1b: Garchomp
|-activate|p1b: Garchomp|move: Protect
|
|-fieldend|move: Trick Room
|upkeep
|turn|6
|
|t:|1783682382
|move|p1b: Garchomp|Earthquake|p2b: Incineroar|[spread] p2a,p2b
|-supereffective|p2a: Mawile|1
|-supereffective|p2b: Incineroar|1
|-damage|p2a: Mawile|3/100
|-damage|p2b: Incineroar|1/100
|-damage|p1b: Garchomp|90/100|[from] item: Life Orb
|move|p2b: Incineroar|Darkest Lariat|p1b: Garchomp
|-damage|p1b: Garchomp|36/100
|-damage|p2b: Incineroar|0 fnt|[from] ability: Rough Skin|[of] p1b: Garchomp
|faint|p2b: Incineroar
|move|p2a: Mawile|Play Rough|p1b: Garchomp|[miss]
|-miss|p2a: Mawile|p1b: Garchomp
|
|upkeep
|turn|7
|
|t:|1783682394
|move|p2a: Mawile|Sucker Punch|p1b: Garchomp
|-damage|p1b: Garchomp|0 fnt
|-damage|p2a: Mawile|0 fnt|[from] ability: Rough Skin|[of] p1b: Garchomp
|faint|p1b: Garchomp
|faint|p2a: Mawile
|
|win|whoopeesucle
||whoopeesucle is ready for game 3.
||ariel.mr_ is ready for game 3.
|uhtml|next|Next: Game 3 of 3
