|j|☆PokeMasterSteven5
|j|☆Erp_01
|html|PokeMasterSteven5Erp_01    
|uhtml|bestof|Game 1 of a best-of-3
|t:|1783946069
|gametype|doubles
|player|p1|PokeMasterSteven5|riley|1196
|player|p2|Erp_01|roy|1267
|gen|9
|tier|[Gen 9 Champions] VGC 2026 Reg M-B (Bo3)
|rated|
|rule|Species Clause: Limit one of each Pokémon
|rule|Item Clause: Limit 1 of each item
|clearpoke
|poke|p1|Sneasler, L50, F|
|poke|p1|Meowscarada, L50, M, shiny|
|poke|p1|Delphox, L50, F, shiny|
|poke|p1|Farigiraf, L50, M, shiny|
|poke|p1|Dragonite, L50, F|
|poke|p1|Kingambit, L50, M, shiny|
|poke|p2|Froslass, L50, F|
|poke|p2|Primarina, L50, F|
|poke|p2|Garchomp, L50, F|
|poke|p2|Glimmora, L50, M|
|poke|p2|Kingambit, L50, F, shiny|
|poke|p2|Sinistcha-Masterpiece, L50|
|teampreview|4
|showteam|p1|Sneasler||WhiteHerb|Unburden|FakeOut,CloseCombat,DireClaw,Protect|Adamant||F|||50|]Meowscarada||ChoiceScarf|Protean|FlowerTrick,KnockOff,TripleAxel,LowKick|Adamant||M|||50|]Delphox||Delphoxite|Blaze|HeatWave,Psychic,Encore,Protect|Timid||F|||50|]Farigiraf||SitrusBerry|ArmorTail|Psychic,HelpingHand,Roar,AllySwitch|Bold||M|||50|]Dragonite||Dragoninite|Multiscale|DracoMeteor,Thunder,Protect,Tailwind|Modest||F|||50|]Kingambit||FocusSash|Defiant|KowtowCleave,SuckerPunch,IronHead,Protect|Adamant||M|||50|
|showteam|p2|Froslass||Froslassite|SnowCloak|FrostBreath,IcyWind,ShadowBall,AuroraVeil|Timid||F|||50|]Primarina||Leftovers|LiquidVoice|HyperVoice,Moonblast,CalmMind,Substitute|Modest||F|||50|]Garchomp||LifeOrb|RoughSkin|StompingTantrum,DragonClaw,RockSlide,Protect|Jolly||F|||50|]Glimmora||FocusSash|ToxicDebris|PowerGem,EarthPower,SludgeBomb,SpikyShield|Modest||M|||50|]Kingambit||BlackGlasses|Defiant|KowtowCleave,SuckerPunch,SwordsDance,Protect|Adamant||F|||50|]Sinistcha-Masterpiece||SitrusBerry|Hospitality|MatchaGotcha,TrickRoom,RagePowder,Protect|Calm|||||50|
|inactive|Battle timer is ON: inactive players will automatically lose when time's up. (requested by PokeMasterSteven5)
|inactive|Erp_01 has 60 seconds left.
|
|t:|1783946116
|teamsize|p1|4
|teamsize|p2|4
|start
|switch|p1a: Sneasler|Sneasler, L50, F|100/100
|switch|p1b: Meowscarada|Meowscarada, L50, M, shiny|100/100
|switch|p2a: Froslass|Froslass, L50, F|100/100
|switch|p2b: Glimmora|Glimmora, L50, M|100/100
|turn|1
|inactive|PokeMasterSteven5 has 30 seconds left.
|inactive|PokeMasterSteven5 has 20 seconds left.
|inactive|PokeMasterSteven5 has 15 seconds left.
|
|t:|1783946161
|switch|p1a: Delphox|Delphox, L50, F, shiny|100/100
|detailschange|p2a: Froslass|Froslass-Mega, L50, F
|-mega|p2a: Froslass|Froslass|Froslassite
|-weather|Snowscape|[from] ability: Snow Warning|[of] p2a: Froslass
|move|p1b: Meowscarada|Knock Off|p2a: Froslass
|-start|p1b: Meowscarada|typechange|Dark|[from] ability: Protean
|-supereffective|p2a: Froslass|1
|-damage|p2a: Froslass|34/100
|move|p2a: Froslass|Aurora Veil|p2a: Froslass
|-sidestart|p2: Erp_01|move: Aurora Veil
|move|p2b: Glimmora|Sludge Bomb|p1b: Meowscarada
|-damage|p1b: Meowscarada|27/100
|
|-weather|Snowscape|[upkeep]
|upkeep
|turn|2
|
|t:|1783946175
|detailschange|p1a: Delphox|Delphox-Mega, L50, F, shiny
|-mega|p1a: Delphox|Delphox|Delphoxite
|move|p1b: Meowscarada|Knock Off|p2b: Glimmora
|-damage|p2b: Glimmora|59/100
|-activate|p2b: Glimmora|ability: Toxic Debris
|-sidestart|p1: PokeMasterSteven5|move: Toxic Spikes
|-enditem|p2b: Glimmora|Focus Sash|[from] move: Knock Off|[of] p1b: Meowscarada
|move|p1a: Delphox|Psychic|p2b: Glimmora
|-supereffective|p2b: Glimmora|1
|-damage|p2b: Glimmora|0 fnt
|faint|p2b: Glimmora
|move|p2a: Froslass|Icy Wind|p1b: Meowscarada|[spread] p1a,p1b
|-resisted|p1a: Delphox|1
|-damage|p1a: Delphox|90/100
|-damage|p1b: Meowscarada|0 fnt
|-unboost|p1a: Delphox|spe|1
|faint|p1b: Meowscarada
|
|-weather|Snowscape|[upkeep]
|upkeep
|
|t:|1783946188
|switch|p1b: Sneasler|Sneasler, L50, F|100/100
|switch|p2b: Sinistcha|Sinistcha-Masterpiece, L50|100/100
|-sideend|p1: PokeMasterSteven5|move: Toxic Spikes|[of] p1b: Sneasler
|-heal|p2a: Froslass|59/100|[from] ability: Hospitality|[of] p2b: Sinistcha
|turn|3
|
|t:|1783946212
|switch|p1a: Farigiraf|Farigiraf, L50, M, shiny|100/100
|move|p1b: Sneasler|Protect|p1b: Sneasler
|-singleturn|p1b: Sneasler|Protect
|move|p2a: Froslass|Shadow Ball|p1a: Farigiraf
|-immune|p1a: Farigiraf
|move|p2b: Sinistcha|Matcha Gotcha|p1a: Farigiraf|[spread] p1a
|-activate|p1b: Sneasler|move: Protect
|-damage|p1a: Farigiraf|74/100
|
|-weather|Snowscape|[upkeep]
|upkeep
|turn|4
|
|t:|1783946229
|switch|p2b: Kingambit|Kingambit, L50, F, shiny|100/100
|move|p1a: Farigiraf|Helping Hand|p1b: Sneasler
|-singleturn|p1b: Sneasler|Helping Hand|[of] p1a: Farigiraf
|move|p2a: Froslass|Frost Breath|p1b: Sneasler
|-crit|p1b: Sneasler
|-damage|p1b: Sneasler|48/100
|move|p1b: Sneasler|Dire Claw|p2b: Kingambit
|-immune|p2b: Kingambit
|
|-weather|Snowscape|[upkeep]
|upkeep
|turn|5
|
|t:|1783946251
|switch|p2b: Sinistcha|Sinistcha-Masterpiece, L50|100/100
|-heal|p2a: Froslass|83/100|[from] ability: Hospitality|[of] p2b: Sinistcha
|move|p1a: Farigiraf|Ally Switch|p1a: Farigiraf
|swap|p1a: Farigiraf|1|[from] move: Ally Switch
|move|p2a: Froslass|Frost Breath|p1b: Farigiraf
|-crit|p1b: Farigiraf
|-damage|p1b: Farigiraf|34/100
|-enditem|p1b: Farigiraf|Sitrus Berry|[eat]
|-heal|p1b: Farigiraf|59/100|[from] item: Sitrus Berry
|move|p1a: Sneasler|Dire Claw|p2a: Froslass
|-resisted|p2a: Froslass|1
|-damage|p2a: Froslass|67/100
|-status|p2a: Froslass|par
|
|-weather|none
|-sideend|p2: Erp_01|move: Aurora Veil
|upkeep
|turn|6
|inactive|PokeMasterSteven5 has 30 seconds left.
|
|t:|1783946277
|move|p1a: Sneasler|Protect|p1a: Sneasler
|-singleturn|p1a: Sneasler|Protect
|cant|p2a: Froslass|par
|move|p1b: Farigiraf|Psychic|p2b: Sinistcha
|-damage|p2b: Sinistcha|67/100
|move|p2b: Sinistcha|Trick Room|p2b: Sinistcha
|-fieldstart|move: Trick Room|[of] p2b: Sinistcha
|
|upkeep
|turn|7
|
|t:|1783946292
|move|p1b: Farigiraf|Psychic|p2a: Froslass
|-damage|p2a: Froslass|37/100 par
|move|p2b: Sinistcha|Matcha Gotcha|p1a: Sneasler|[spread] p1a,p1b
|-resisted|p1a: Sneasler|1
|-damage|p1a: Sneasler|33/100
|-heal|p2b: Sinistcha|75/100|[from] drain|[of] p1a: Sneasler
|-damage|p1b: Farigiraf|35/100
|-heal|p2b: Sinistcha|91/100|[from] drain|[of] p1b: Farigiraf
|-status|p1b: Farigiraf|brn
|move|p2a: Froslass|Frost Breath|p1a: Sneasler
|-crit|p1a: Sneasler
|-damage|p1a: Sneasler|0 fnt
|faint|p1a: Sneasler
|
|-damage|p1b: Farigiraf|28/100 brn|[from] brn
|upkeep
|
|t:|1783946305
|switch|p1a: Delphox|Delphox-Mega, L50, F, shiny|90/100
|turn|8
|
|t:|1783946315
|move|p1b: Farigiraf|Ally Switch|p1b: Farigiraf
|swap|p1b: Farigiraf|0|[from] move: Ally Switch
|move|p2b: Sinistcha|Matcha Gotcha|p1a: Farigiraf|[spread] p1a,p1b
|-resisted|p1b: Delphox|1
|-damage|p1a: Farigiraf|4/100 brn
|-heal|p2b: Sinistcha|100/100|[from] drain|[of] p1a: Farigiraf
|-damage|p1b: Delphox|77/100
|move|p2a: Froslass|Frost Breath|p1b: Delphox
|-resisted|p1b: Delphox|1
|-crit|p1b: Delphox
|-damage|p1b: Delphox|57/100
|move|p1b: Delphox|Heat Wave|p2a: Froslass|[spread] p2a,p2b
|-supereffective|p2a: Froslass|1
|-crit|p2a: Froslass
|-supereffective|p2b: Sinistcha|1
|-damage|p2a: Froslass|0 fnt
|-damage|p2b: Sinistcha|28/100
|-enditem|p2b: Sinistcha|Sitrus Berry|[eat]
|-heal|p2b: Sinistcha|52/100|[from] item: Sitrus Berry
|faint|p2a: Froslass
|
|-damage|p1a: Farigiraf|0 fnt|[from] brn
|faint|p1a: Farigiraf
|upkeep
|
|t:|1783946318
|switch|p2a: Kingambit|Kingambit, L50, F, shiny|100/100
|turn|9
|
|t:|1783946329
|move|p1b: Delphox|Protect|p1b: Delphox
|-singleturn|p1b: Delphox|Protect
|move|p2a: Kingambit|Kowtow Cleave|p1b: Delphox
|-activate|p1b: Delphox|move: Protect
|move|p2b: Sinistcha|Matcha Gotcha|p1b: Delphox
|-activate|p1b: Delphox|move: Protect
|
|upkeep
|turn|10
|
|t:|1783946343
|move|p1b: Delphox|Protect||[still]
|-fail|p1b: Delphox
|move|p2a: Kingambit|Kowtow Cleave|p1b: Delphox
|-supereffective|p1b: Delphox|1
|-damage|p1b: Delphox|0 fnt
|faint|p1b: Delphox
|
|win|Erp_01
||PokeMasterSteven5 is ready for game 2.
||Erp_01 is ready for game 2.
|uhtml|next|Next: Game 2 of 3
