|j|☆Yoyoyogogogo
|j|☆lolgz
|html|Yoyoyogogogololgz    
|uhtml|bestof|Game 1 of a best-of-3
|t:|1782428849
|gametype|doubles
|player|p1|Yoyoyogogogo|170|1207
|player|p2|lolgz|dawn|1166
|gen|9
|tier|[Gen 9 Champions] VGC 2026 Reg M-B (Bo3)
|rated|
|rule|Species Clause: Limit one of each Pokémon
|rule|Item Clause: Limit 1 of each item
|clearpoke
|poke|p1|Whimsicott, L50, M|
|poke|p1|Staraptor, L50, F|
|poke|p1|Garchomp, L50, M|
|poke|p1|Raichu, L50, F|
|poke|p1|Ninetales-Alola, L50, M|
|poke|p1|Typhlosion-Hisui, L50, F|
|poke|p2|Mawile, L50, M|
|poke|p2|Sneasler, L50, M|
|poke|p2|Farigiraf, L50, F|
|poke|p2|Ampharos, L50, F|
|poke|p2|Vileplume, L50, M|
|poke|p2|Torkoal, L50, F|
|teampreview|4
|showteam|p1|Whimsicott||FocusSash|Prankster|Tickle,Tailwind,Moonblast,FakeTears|Timid||M|||50|]Staraptor||Staraptite|Intimidate|BraveBird,CloseCombat,Roost,Protect|Jolly||F|||50|]Garchomp||RoseliBerry|RoughSkin|DragonClaw,StompingTantrum,RockTomb,PoisonJab|Jolly||M|||50|]Raichu||RaichuniteX|LightningRod|FakeOut,VoltSwitch,GrassKnot,Protect|Hasty||F|||50|]Ninetales-Alola||LightClay|SnowWarning|AuroraVeil,Blizzard,Moonblast,Protect|Timid||M|||50|]Typhlosion-Hisui||ChoiceScarf|Frisk|Eruption,HeatWave,BurnUp,ShadowBall|Modest||F|||50|
|showteam|p2|Mawile||Mawilite|HyperCutter|PlayRough,SuckerPunch,SwordsDance,Protect|Serious||M|||50|]Sneasler||IronBall|PoisonTouch|FakeOut,DireClaw,CloseCombat,RockTomb|Brave||M|||50|]Farigiraf||SitrusBerry|ArmorTail|TrickRoom,Thunderbolt,Psychic,HelpingHand|Relaxed||F|||50|]Ampharos||Ampharosite|Static|Thunderbolt,DragonPulse,Protect,FocusBlast|Brave||F|||50|]Vileplume||FocusSash|Chlorophyll|SleepPowder,SludgeBomb,EnergyBall,AfterYou|Timid||M|||50|]Torkoal||Charcoal|Drought|Eruption,WeatherBall,EarthPower,Protect|Quiet||F|||50|
|inactive|Battle timer is ON: inactive players will automatically lose when time's up. (requested by lolgz)
|inactive|Yoyoyogogogo has 60 seconds left.
|
|t:|1782428884
|teamsize|p1|4
|teamsize|p2|4
|start
|switch|p1a: Ninetales|Ninetales-Alola, L50, M|100/100
|switch|p1b: Typhlosion|Typhlosion-Hisui, L50, F|100/100
|switch|p2a: Farigiraf|Farigiraf, L50, F|100/100
|switch|p2b: Sneasler|Sneasler, L50, M|100/100
|-item|p2a: Farigiraf|Sitrus Berry|[from] ability: Frisk|[of] p1b: Typhlosion
|-item|p2b: Sneasler|Iron Ball|[from] ability: Frisk|[of] p1b: Typhlosion
|-weather|Snowscape|[from] ability: Snow Warning|[of] p1a: Ninetales
|turn|1
|
|t:|1782428894
|move|p2b: Sneasler|Fake Out|p1a: Ninetales
|-damage|p1a: Ninetales|83/100
|move|p1b: Typhlosion|Eruption|p2b: Sneasler|[spread] p2a,p2b
|-damage|p2a: Farigiraf|42/100
|-damage|p2b: Sneasler|33/100
|-enditem|p2a: Farigiraf|Sitrus Berry|[eat]
|-heal|p2a: Farigiraf|67/100|[from] item: Sitrus Berry
|cant|p1a: Ninetales|flinch
|move|p2a: Farigiraf|Trick Room|p2a: Farigiraf
|-fieldstart|move: Trick Room|[of] p2a: Farigiraf
|
|-weather|Snowscape|[upkeep]
|upkeep
|turn|2
|
|t:|1782428906
|move|p2b: Sneasler|Rock Tomb|p1b: Typhlosion
|-supereffective|p1b: Typhlosion|1
|-damage|p1b: Typhlosion|36/100
|-unboost|p1b: Typhlosion|spe|1
|move|p2a: Farigiraf|Psychic|p1b: Typhlosion
|-damage|p1b: Typhlosion|0 fnt
|faint|p1b: Typhlosion
|move|p1a: Ninetales|Aurora Veil|p1a: Ninetales
|-sidestart|p1: Yoyoyogogogo|move: Aurora Veil
|
|-weather|Snowscape|[upkeep]
|upkeep
|
|t:|1782428911
|switch|p1b: Staraptor|Staraptor, L50, F|100/100
|-ability|p1b: Staraptor|Intimidate|boost
|-unboost|p2a: Farigiraf|atk|1
|-unboost|p2b: Sneasler|atk|1
|turn|3
|
|t:|1782428921
|detailschange|p1b: Staraptor|Staraptor-Mega, L50, F
|-mega|p1b: Staraptor|Staraptor|Staraptite
|move|p2b: Sneasler|Dire Claw|p1a: Ninetales
|-supereffective|p1a: Ninetales|1
|-damage|p1a: Ninetales|45/100
|move|p2a: Farigiraf|Psychic|p1b: Staraptor
|-supereffective|p1b: Staraptor|1
|-damage|p1b: Staraptor|48/100
|move|p1a: Ninetales|Blizzard|p2b: Sneasler|[spread] p2a,p2b
|-damage|p2a: Farigiraf|36/100
|-damage|p2b: Sneasler|0 fnt
|faint|p2b: Sneasler
|move|p1b: Staraptor|Close Combat|p2a: Farigiraf
|-damage|p2a: Farigiraf|0 fnt
|-boost|p1b: Staraptor|def|1
|-boost|p1b: Staraptor|spd|1
|faint|p2a: Farigiraf
|
|-weather|Snowscape|[upkeep]
|upkeep
|
|t:|1782428926
|switch|p2a: Ampharos|Ampharos, L50, F|100/100
|switch|p2b: Torkoal|Torkoal, L50, F|100/100
|-weather|SunnyDay|[from] ability: Drought|[of] p2b: Torkoal
|turn|4
|inactive|Yoyoyogogogo has 30 seconds left.
|
|t:|1782428953
|switch|p1a: Garchomp|Garchomp, L50, M|100/100
|detailschange|p2a: Ampharos|Ampharos-Mega, L50, F
|-mega|p2a: Ampharos|Ampharos|Ampharosite
|-ability|p2a: Ampharos|Mold Breaker
|move|p1b: Staraptor|Protect|p1b: Staraptor
|-singleturn|p1b: Staraptor|Protect
|move|p2b: Torkoal|Eruption|p1b: Staraptor|[spread] p1a
|-activate|p1b: Staraptor|move: Protect
|-resisted|p1a: Garchomp|1
|-damage|p1a: Garchomp|65/100
|move|p2a: Ampharos|Thunderbolt|p1b: Staraptor
|-activate|p1b: Staraptor|move: Protect
|
|-weather|SunnyDay|[upkeep]
|upkeep
|turn|5
|
|t:|1782428969
|switch|p1a: Ninetales|Ninetales-Alola, L50, M|45/100
|-weather|Snowscape|[from] ability: Snow Warning|[of] p1a: Ninetales
|move|p2b: Torkoal|Eruption|p1a: Ninetales|[spread] p1a,p1b
|-supereffective|p1a: Ninetales|1
|-damage|p1a: Ninetales|0 fnt
|-damage|p1b: Staraptor|17/100
|faint|p1a: Ninetales
|move|p2a: Ampharos|Dragon Pulse|p1b: Staraptor
|-damage|p1b: Staraptor|0 fnt
|faint|p1b: Staraptor
|
|-weather|Snowscape|[upkeep]
|-fieldend|move: Trick Room
|upkeep
|
|t:|1782428977
|switch|p1b: Garchomp|Garchomp, L50, M|65/100
|turn|6
|
|t:|1782428980
|move|p1b: Garchomp|Dragon Claw|p2a: Ampharos
|-supereffective|p2a: Ampharos|1
|-damage|p2a: Ampharos|29/100
|move|p2a: Ampharos|Dragon Pulse|p1b: Garchomp
|-supereffective|p1b: Garchomp|1
|-damage|p1b: Garchomp|0 fnt
|faint|p1b: Garchomp
|
|win|lolgz
