|j|☆rgeee
|j|☆papyth
|html|rgeeepapyth    
|uhtml|bestof|Game 3 of a best-of-3
|t:|1783975088
|gametype|doubles
|player|p1|rgeee|169|1114
|player|p2|papyth|102|1043
|gen|9
|tier|[Gen 9 Champions] VGC 2026 Reg M-B (Bo3)
|rated|
|rule|Species Clause: Limit one of each Pokémon
|rule|Item Clause: Limit 1 of each item
|clearpoke
|poke|p1|Swampert, L50, F|
|poke|p1|Pelipper, L50, M|
|poke|p1|Archaludon, L50, F, shiny|
|poke|p1|Sinistcha, L50|
|poke|p1|Gholdengo, L50|
|poke|p1|Grimmsnarl, L50, M|
|poke|p2|Drampa, L50, M|
|poke|p2|Farigiraf, L50, M|
|poke|p2|Torkoal, L50, F|
|poke|p2|Vivillon, L50, F|
|poke|p2|Garchomp, L50, F|
|poke|p2|Mawile, L50, M|
|teampreview|4
|showteam|p1|Swampert||Swampertite|Torrent|WaveCrash,HighHorsepower,IcePunch,Protect|Adamant||F|||50|]Pelipper||SitrusBerry|Drizzle|WeatherBall,Hurricane,Tailwind,WideGuard|Modest||M|||50|]Archaludon||Leftovers|Stamina|DragonPulse,FlashCannon,ElectroShot,Protect|Modest||F|||50|]Sinistcha||KasibBerry|Hospitality|MatchaGotcha,RagePowder,LifeDew,Protect|Bold|||||50|]Gholdengo||LifeOrb|GoodasGold|Protect,MakeItRain,NastyPlot,ShadowBall|Modest|||||50|]Grimmsnarl||LightClay|Prankster|FoulPlay,PartingShot,LightScreen,Reflect|Careful||M|||50|
|showteam|p2|Drampa||Drampanite|SapSipper|DracoMeteor,HyperBeam,Protect,HyperVoice|Modest||M|||50|]Farigiraf||Leftovers|ArmorTail|TrickRoom,HelpingHand,Thunderbolt,PsychicNoise|Quiet||M|||50|]Torkoal||SitrusBerry|Drought|Eruption,WeatherBall,IronDefense,BodyPress|Quiet||F|||50|]Vivillon||FocusSash|FriendGuard|Tailwind,SleepPowder,Uturn,BugBuzz|Timid||F|||50|]Garchomp||LifeOrb|RoughSkin|StompingTantrum,Protect,DragonRush,RockSlide|Jolly||F|||50|]Mawile||Mawilite|Intimidate|PlayRough,IronHead,IcePunch,Protect|Brave||M|||50|
|j| bernd neverstone
|
|t:|1783975124
|teamsize|p1|4
|teamsize|p2|4
|start
|switch|p1a: Swampert|Swampert, L50, F|100/100
|switch|p1b: Sinistcha|Sinistcha, L50|100/100
|switch|p2a: Garchomp|Garchomp, L50, F|100/100
|switch|p2b: Drampa|Drampa, L50, M|100/100
|turn|1
|
|t:|1783975148
|detailschange|p1a: Swampert|Swampert-Mega, L50, F
|-mega|p1a: Swampert|Swampert|Swampertite
|detailschange|p2b: Drampa|Drampa-Mega, L50, M
|-mega|p2b: Drampa|Drampa|Drampanite
|move|p2a: Garchomp|Rock Slide|p1b: Sinistcha|[spread] p1a,p1b
|-resisted|p1a: Swampert|1
|-damage|p1a: Swampert|89/100
|-damage|p1b: Sinistcha|78/100
|-damage|p2a: Garchomp|90/100|[from] item: Life Orb
|move|p1a: Swampert|Ice Punch|p2b: Drampa
|-supereffective|p2b: Drampa|1
|-damage|p2b: Drampa|32/100
|-ability|p2b: Drampa|Berserk|boost
|-boost|p2b: Drampa|spa|1
|move|p1b: Sinistcha|Matcha Gotcha|p2b: Drampa|[spread] p2a,p2b
|-resisted|p2b: Drampa|1
|-damage|p2a: Garchomp|65/100
|-heal|p1b: Sinistcha|91/100|[from] drain|[of] p2a: Garchomp
|-damage|p2b: Drampa|22/100
|-heal|p1b: Sinistcha|96/100|[from] drain|[of] p2b: Drampa
|move|p2b: Drampa|Hyper Voice|p1a: Swampert|[spread] p1a
|-immune|p1b: Sinistcha
|-damage|p1a: Swampert|28/100
|
|upkeep
|turn|2
|
|t:|1783975178
|switch|p1b: Pelipper|Pelipper, L50, M|100/100
|-weather|RainDance|[from] ability: Drizzle|[of] p1b: Pelipper
|move|p2b: Drampa|Protect|p2b: Drampa
|-singleturn|p2b: Drampa|Protect
|move|p1a: Swampert|Ice Punch|p2b: Drampa
|-activate|p2b: Drampa|move: Protect
|move|p2a: Garchomp|Stomping Tantrum|p1a: Swampert
|-damage|p1a: Swampert|0 fnt
|faint|p1a: Swampert
|-damage|p2a: Garchomp|55/100|[from] item: Life Orb
|
|-weather|RainDance|[upkeep]
|upkeep
|
|t:|1783975189
|switch|p1a: Sinistcha|Sinistcha, L50|96/100
|turn|3
|
|t:|1783975201
|switch|p2b: Torkoal|Torkoal, L50, F|100/100
|-weather|SunnyDay|[from] ability: Drought|[of] p2b: Torkoal
|move|p2a: Garchomp|Rock Slide|p1b: Pelipper|[spread] p1a,p1b
|-supereffective|p1b: Pelipper|1
|-damage|p1a: Sinistcha|76/100
|-damage|p1b: Pelipper|42/100
|-enditem|p1b: Pelipper|Sitrus Berry|[eat]
|-heal|p1b: Pelipper|66/100|[from] item: Sitrus Berry
|-damage|p2a: Garchomp|45/100|[from] item: Life Orb
|move|p1b: Pelipper|Hurricane|p2b: Torkoal
|-damage|p2b: Torkoal|42/100
|-enditem|p2b: Torkoal|Sitrus Berry|[eat]
|-heal|p2b: Torkoal|67/100|[from] item: Sitrus Berry
|move|p1a: Sinistcha|Matcha Gotcha|p2a: Garchomp|[spread] p2a,p2b
|-resisted|p2b: Torkoal|1
|-damage|p2a: Garchomp|21/100
|-heal|p1a: Sinistcha|89/100|[from] drain|[of] p2a: Garchomp
|-damage|p2b: Torkoal|50/100g
|-heal|p1a: Sinistcha|98/100|[from] drain|[of] p2b: Torkoal
|
|-weather|SunnyDay|[upkeep]
|upkeep
|turn|4
|
|t:|1783975228
|move|p1a: Sinistcha|Protect|p1a: Sinistcha
|-singleturn|p1a: Sinistcha|Protect
|move|p2a: Garchomp|Rock Slide|p1b: Pelipper|[spread] p1b
|-activate|p1a: Sinistcha|move: Protect
|-supereffective|p1b: Pelipper|1
|-damage|p1b: Pelipper|13/100
|-damage|p2a: Garchomp|11/100|[from] item: Life Orb
|cant|p1b: Pelipper|flinch
|move|p2b: Torkoal|Weather Ball|p1a: Sinistcha
|-activate|p1a: Sinistcha|move: Protect
|
|-weather|SunnyDay|[upkeep]
|upkeep
|turn|5
|
|t:|1783975245
|move|p2a: Garchomp|Protect|p2a: Garchomp
|-singleturn|p2a: Garchomp|Protect
|move|p1b: Pelipper|Weather Ball|p2b: Torkoal
|-resisted|p2b: Torkoal|1
|-damage|p2b: Torkoal|25/100
|move|p1a: Sinistcha|Matcha Gotcha|p2a: Garchomp|[spread] p2b
|-activate|p2a: Garchomp|move: Protect
|-resisted|p2b: Torkoal|1
|-damage|p2b: Torkoal|10/100
|-heal|p1a: Sinistcha|100/100|[from] drain|[of] p2b: Torkoal
|move|p2b: Torkoal|Eruption|p1a: Sinistcha|[spread] p1a,p1b
|-supereffective|p1a: Sinistcha|1
|-resisted|p1b: Pelipper|1
|-crit|p1b: Pelipper
|-damage|p1a: Sinistcha|85/100
|-damage|p1b: Pelipper|7/100
|
|-weather|SunnyDay|[upkeep]
|upkeep
|turn|6
|inactive|Battle timer is ON: inactive players will automatically lose when time's up. (requested by rgeee)
|
|t:|1783975278
|move|p1b: Pelipper|Wide Guard|p1b: Pelipper
|-singleturn|p1b: Pelipper|Wide Guard
|move|p2a: Garchomp|Rock Slide|p1a: Sinistcha|[spread] 
|-activate|p1a: Sinistcha|move: Wide Guard
|-activate|p1b: Pelipper|move: Wide Guard
|move|p1a: Sinistcha|Matcha Gotcha|p2b: Torkoal|[spread] p2a,p2b
|-resisted|p2b: Torkoal|1
|-damage|p2a: Garchomp|0 fnt
|-heal|p1a: Sinistcha|91/100|[from] drain|[of] p2a: Garchomp
|-damage|p2b: Torkoal|0 fnt
|-heal|p1a: Sinistcha|96/100|[from] drain|[of] p2b: Torkoal
|faint|p2a: Garchomp
|faint|p2b: Torkoal
|
|-weather|SunnyDay|[upkeep]
|upkeep
|
|t:|1783975293
|switch|p2a: Drampa|Drampa-Mega, L50, M|22/100
|switch|p2b: Vivillon|Vivillon, L50, F|100/100
|turn|7
|
|t:|1783975307
|switch|p1b: Gholdengo|Gholdengo, L50|100/100
|move|p1a: Sinistcha|Protect|p1a: Sinistcha
|-singleturn|p1a: Sinistcha|Protect
|move|p2b: Vivillon|Bug Buzz|p1a: Sinistcha
|-activate|p1a: Sinistcha|move: Protect
|move|p2a: Drampa|Draco Meteor|p1a: Sinistcha
|-activate|p1a: Sinistcha|move: Protect
|
|-weather|none
|upkeep
|turn|8
|
|t:|1783975322
|switch|p1a: Pelipper|Pelipper, L50, M|7/100
|-weather|RainDance|[from] ability: Drizzle|[of] p1a: Pelipper
|move|p2b: Vivillon|Bug Buzz|p1a: Pelipper
|-resisted|p1a: Pelipper|1
|-crit|p1a: Pelipper
|-damage|p1a: Pelipper|0 fnt
|faint|p1a: Pelipper
|move|p1b: Gholdengo|Nasty Plot|p1b: Gholdengo
|-boost|p1b: Gholdengo|spa|2
|move|p2a: Drampa|Draco Meteor|p1b: Gholdengo
|-resisted|p1b: Gholdengo|1
|-damage|p1b: Gholdengo|56/100
|-unboost|p2a: Drampa|spa|2
|
|-weather|RainDance|[upkeep]
|upkeep
|
|t:|1783975328
|switch|p1a: Sinistcha|Sinistcha, L50|96/100
|-heal|p1b: Gholdengo|81/100|[from] ability: Hospitality|[of] p1a: Sinistcha
|turn|9
|-message|papyth forfeited.
|
|win|rgeee
|raw|rgeee's rating: 1114 → 1134(+20 for winning)
|raw|papyth's rating: 1043 → 1030(-13 for losing)
|l|☆papyth
|player|p2|
|c|☆rgeee|gg
