|j|☆rbresser
|j|☆neuesspielzeug
|html|rbresserneuesspielzeug    
|uhtml|bestof|Game 2 of a best-of-3
|t:|1784592793
|gametype|doubles
|player|p1|rbresser|red|1215
|player|p2|neuesspielzeug|2|1265
|gen|9
|tier|[Gen 9 Champions] VGC 2026 Reg M-B (Bo3)
|rated|
|rule|Species Clause: Limit one of each Pokémon
|rule|Item Clause: Limit 1 of each item
|clearpoke
|poke|p1|Charizard, L50, M, shiny|
|poke|p1|Grimmsnarl, L50, M|
|poke|p1|Pelipper, L50, F|
|poke|p1|Archaludon, L50, M, shiny|
|poke|p1|Basculegion, L50, M, shiny|
|poke|p1|Venusaur, L50, M|
|poke|p2|Charizard, L50, F|
|poke|p2|Floette-Eternal, L50, F|
|poke|p2|Sinistcha, L50|
|poke|p2|Tyranitar, L50, M|
|poke|p2|Gholdengo, L50|
|poke|p2|Basculegion, L50, M|
|teampreview|4
|showteam|p1|Charizard||CharizarditeY|Blaze|Protect,HeatWave,SolarBeam,WeatherBall|Modest||M|||50|]Grimmsnarl||LightClay|Prankster|SpiritBreak,Reflect,LightScreen,PartingShot|Careful||M|||50|]Pelipper||SitrusBerry|Drizzle|Hurricane,WeatherBall,Tailwind,WideGuard|Modest||F|||50|]Archaludon||Leftovers|Stamina|Protect,ElectroShot,DragonPulse,FlashCannon|Modest||M|||50|]Basculegion||ChoiceScarf|Adaptability|FlipTurn,WaveCrash,AquaJet,LastRespects|Adamant||M|||50|]Venusaur||FocusSash|Chlorophyll|Protect,SleepPowder,SludgeBomb,EarthPower|Timid||M|||50|
|showteam|p2|Charizard||CharizarditeX|Blaze|BreakingSwipe,WillOWisp,TemperFlare,Protect|Adamant||F|||50|]Floette-Eternal||Floettite|FlowerVeil|DazzlingGleam,Moonblast,LightofRuin,Protect|Timid||F|||50|]Sinistcha||KasibBerry|Hospitality|Protect,TrickRoom,MatchaGotcha,RagePowder|Calm|||||50|]Tyranitar||FocusSash|SandStream|RockSlide,LowKick,KnockOff,Protect|Jolly||M|||50|]Gholdengo||LifeOrb|GoodasGold|NastyPlot,ShadowBall,MakeItRain,Protect|Modest|||||50|]Basculegion||ChoiceScarf|Adaptability|WaveCrash,LastRespects,AquaJet,FlipTurn|Jolly||M|||50|
|inactive|Battle timer is ON: inactive players will automatically lose when time's up. (requested by rbresser)
|
|t:|1784592822
|teamsize|p1|4
|teamsize|p2|4
|start
|switch|p1a: Grimmsnarl|Grimmsnarl, L50, M|100/100
|switch|p1b: Charizard|Charizard, L50, M, shiny|100/100
|switch|p2a: Floette|Floette-Eternal, L50, F|100/100
|switch|p2b: Gholdengo|Gholdengo, L50|100/100
|turn|1
|
|t:|1784592842
|detailschange|p2a: Floette|Floette-Mega, L50, F
|-mega|p2a: Floette|Floette|Floettite
|-ability|p2a: Floette|Fairy Aura
|detailschange|p1b: Charizard|Charizard-Mega-Y, L50, M, shiny
|-mega|p1b: Charizard|Charizard|Charizardite Y
|-weather|SunnyDay|[from] ability: Drought|[of] p1b: Charizard
|move|p2b: Gholdengo|Protect|p2b: Gholdengo
|-singleturn|p2b: Gholdengo|Protect
|move|p1a: Grimmsnarl|Light Screen|p1a: Grimmsnarl
|-sidestart|p1: rbresser|move: Light Screen
|move|p2a: Floette|Moonblast|p1a: Grimmsnarl
|-supereffective|p1a: Grimmsnarl|1
|-damage|p1a: Grimmsnarl|14/100
|move|p1b: Charizard|Heat Wave|p2b: Gholdengo|[spread] p2a
|-activate|p2b: Gholdengo|move: Protect
|-damage|p2a: Floette|52/100
|
|-weather|SunnyDay|[upkeep]
|upkeep
|turn|2
|
|t:|1784592866
|switch|p2b: Tyranitar|Tyranitar, L50, M|100/100
|-weather|Sandstorm|[from] ability: Sand Stream|[of] p2b: Tyranitar
|move|p2a: Floette|Protect|p2a: Floette
|-singleturn|p2a: Floette|Protect
|move|p1a: Grimmsnarl|Parting Shot|p2a: Floette
|-activate|p2a: Floette|move: Protect
|move|p1b: Charizard|Heat Wave|p2a: Floette|[spread] p2b
|-activate|p2a: Floette|move: Protect
|-resisted|p2b: Tyranitar|1
|-damage|p2b: Tyranitar|86/100
|
|-weather|Sandstorm|[upkeep]
|-damage|p2a: Floette|46/100|[from] Sandstorm
|-damage|p1b: Charizard|93/100|[from] Sandstorm
|-damage|p1a: Grimmsnarl|8/100|[from] Sandstorm
|upkeep
|turn|3
|
|t:|1784592880
|switch|p1b: Venusaur|Venusaur, L50, M|100/100
|move|p1a: Grimmsnarl|Reflect|p1a: Grimmsnarl
|-sidestart|p1: rbresser|Reflect
|move|p2a: Floette|Light of Ruin|p1b: Venusaur
|-resisted|p1b: Venusaur|1
|-damage|p1b: Venusaur|55/100
|-damage|p2a: Floette|23/100|[from] Recoil
|move|p2b: Tyranitar|Rock Slide|p1a: Grimmsnarl|[spread] p1a,p1b
|-damage|p1a: Grimmsnarl|0 fnt
|-damage|p1b: Venusaur|28/100
|faint|p1a: Grimmsnarl
|
|-weather|Sandstorm|[upkeep]
|-damage|p2a: Floette|17/100|[from] Sandstorm
|-damage|p1b: Venusaur|22/100|[from] Sandstorm
|upkeep
|
|t:|1784592895
|switch|p1a: Archaludon|Archaludon, L50, M, shiny|100/100
|turn|4
|inactive|neuesspielzeug has 30 seconds left.
|
|t:|1784592929
|move|p2a: Floette|Protect|p2a: Floette
|-singleturn|p2a: Floette|Protect
|move|p2b: Tyranitar|Protect|p2b: Tyranitar
|-singleturn|p2b: Tyranitar|Protect
|move|p1b: Venusaur|Sludge Bomb|p2a: Floette
|-activate|p2a: Floette|move: Protect
|move|p1a: Archaludon|Flash Cannon|p2b: Tyranitar
|-activate|p2b: Tyranitar|move: Protect
|
|-weather|Sandstorm|[upkeep]
|-damage|p2a: Floette|11/100|[from] Sandstorm
|-damage|p1b: Venusaur|17/100|[from] Sandstorm
|upkeep
|turn|5
|
|t:|1784592950
|switch|p2a: Gholdengo|Gholdengo, L50|100/100
|move|p1b: Venusaur|Earth Power|p2b: Tyranitar
|-supereffective|p2b: Tyranitar|1
|-damage|p2b: Tyranitar|50/100g
|move|p2b: Tyranitar|Knock Off|p1a: Archaludon
|-damage|p1a: Archaludon|75/100
|-ability|p1a: Archaludon|Stamina|boost
|-boost|p1a: Archaludon|def|1
|-enditem|p1a: Archaludon|Leftovers|[from] move: Knock Off|[of] p2b: Tyranitar
|move|p1a: Archaludon|Flash Cannon|p2a: Gholdengo
|-resisted|p2a: Gholdengo|1
|-damage|p2a: Gholdengo|84/100
|
|-weather|Sandstorm|[upkeep]
|-damage|p1b: Venusaur|11/100|[from] Sandstorm
|upkeep
|turn|6
|inactive|neuesspielzeug has 30 seconds left.
|
|t:|1784592978
|move|p1b: Venusaur|Earth Power|p2a: Gholdengo
|-supereffective|p2a: Gholdengo|1
|-damage|p2a: Gholdengo|37/100
|move|p2b: Tyranitar|Rock Slide|p1a: Archaludon|[spread] p1a,p1b
|-resisted|p1a: Archaludon|1
|-damage|p1a: Archaludon|70/100
|-damage|p1b: Venusaur|0 fnt
|-ability|p1a: Archaludon|Stamina|boost
|-boost|p1a: Archaludon|def|1
|faint|p1b: Venusaur
|cant|p1a: Archaludon|flinch
|move|p2a: Gholdengo|Shadow Ball|p1a: Archaludon
|-damage|p1a: Archaludon|37/100
|-ability|p1a: Archaludon|Stamina|boost
|-boost|p1a: Archaludon|def|1
|-damage|p2a: Gholdengo|28/100|[from] item: Life Orb
|
|-weather|none
|upkeep
|
|t:|1784592990
|switch|p1b: Charizard|Charizard-Mega-Y, L50, M, shiny|93/100
|-weather|SunnyDay|[from] ability: Drought|[of] p1b: Charizard
|turn|7
|
|t:|1784593010
|move|p1b: Charizard|Weather Ball|p2a: Gholdengo
|-supereffective|p2a: Gholdengo|1
|-damage|p2a: Gholdengo|0 fnt
|faint|p2a: Gholdengo
|move|p2b: Tyranitar|Rock Slide|p1b: Charizard|[spread] p1a,p1b
|-resisted|p1a: Archaludon|1
|-supereffective|p1b: Charizard|2
|-damage|p1a: Archaludon|34/100
|-damage|p1b: Charizard|22/100
|-ability|p1a: Archaludon|Stamina|boost
|-boost|p1a: Archaludon|def|1
|cant|p1a: Archaludon|flinch
|
|-weather|SunnyDay|[upkeep]
|upkeep
|inactive|neuesspielzeug has 30 seconds left.
|
|t:|1784593038
|switch|p2a: Basculegion|Basculegion, L50, M|100/100
|turn|8
|
|t:|1784593051
|move|p2a: Basculegion|Last Respects|p1b: Charizard
|-damage|p1b: Charizard|0 fnt
|faint|p1b: Charizard
|move|p2b: Tyranitar|Low Kick|p1a: Archaludon
|-supereffective|p1a: Archaludon|1
|-damage|p1a: Archaludon|24/100
|-ability|p1a: Archaludon|Stamina|boost
|-boost|p1a: Archaludon|def|1
|move|p1a: Archaludon|Flash Cannon|p2b: Tyranitar
|-supereffective|p2b: Tyranitar|1
|-damage|p2b: Tyranitar|0 fnt
|faint|p2b: Tyranitar
|
|-weather|SunnyDay|[upkeep]
|-sideend|p1: rbresser|move: Light Screen
|upkeep
|
|t:|1784593056
|switch|p2b: Floette|Floette-Mega, L50, F|11/100
|-ability|p2b: Floette|Fairy Aura
|turn|9
|
|t:|1784593061
|move|p2a: Basculegion|Last Respects|p1a: Archaludon
|-damage|p1a: Archaludon|11/100
|-ability|p1a: Archaludon|Stamina|boost
|-boost|p1a: Archaludon|def|1
|move|p2b: Floette|Moonblast|p1a: Archaludon
|-damage|p1a: Archaludon|0 fnt
|faint|p1a: Archaludon
|
|win|neuesspielzeug
|raw|rbresser's rating: 1215 → 1194(-21 for losing)
|raw|neuesspielzeug's rating: 1265 → 1286(+21 for winning)
