|j|☆HorrendousCheese
|j|☆TeyVgc
|html|HorrendousCheeseTeyVgc    
|uhtml|bestof|Game 1 of a best-of-3
|t:|1756955038
|gametype|doubles
|player|p1|HorrendousCheese|burglar|1288
|player|p2|TeyVgc|benga|1223
|gen|9
|tier|[Gen 9] VGC 2025 Reg H (Bo3)
|rated|
|rule|Species Clause: Limit one of each Pokémon
|rule|Item Clause: Limit 1 of each item
|clearpoke
|poke|p1|Maushold-Four, L50|
|poke|p1|Incineroar, L50, M|
|poke|p1|Pelipper, L50, F|
|poke|p1|Volcarona, L50, F|
|poke|p1|Rillaboom, L50, M|
|poke|p1|Archaludon, L50, F|
|poke|p2|Gholdengo, L50|
|poke|p2|Dragonite, L50, F|
|poke|p2|Sneasler, L50, F|
|poke|p2|Incineroar, L50, M|
|poke|p2|Indeedee, L50, M|
|poke|p2|Gastrodon, L50, M|
|teampreview|4
|showteam|p1|Maushold-Four||WideLens|Technician|Protect,FollowMe,ThunderWave,PopulationBomb||||||50|,,,,,Grass]Incineroar||SafetyGoggles|Intimidate|PartingShot,Taunt,FakeOut,KnockOff|||M|||50|,,,,,Ghost]Pelipper||FocusSash|Drizzle|Protect,Tailwind,Hurricane,MuddyWater|||F|||50|,,,,,Ghost]Volcarona||GrassySeed|FlameBody|Protect,QuiverDance,TeraBlast,HeatWave|||F|||50|,,,,,Fairy]Rillaboom||AssaultVest|GrassySurge|Uturn,FakeOut,GrassyGlide,WoodHammer|||M|||50|,,,,,Fire]Archaludon||PowerHerb|Sturdy|Protect,Thunderbolt,ElectroShot,DragonPulse|||F|||50|,,,,,Electric
|showteam|p2|Gholdengo||LifeOrb|GoodasGold|Protect,MakeItRain,ShadowBall,NastyPlot||||||50|,,,,,Water]Dragonite||LoadedDice|Multiscale|ScaleShot,Tailwind,Haze,Protect|||F|||50|,,,,,Fairy]Sneasler||PsychicSeed|Unburden|Protect,DireClaw,CloseCombat,ThroatChop|||F|||50|,,,,,Dark]Incineroar||SafetyGoggles|Intimidate|KnockOff,PartingShot,FlareBlitz,FakeOut|||M|||50|,,,,,Ghost]Indeedee||FocusSash|PsychicSurge|ExpandingForce,TrickRoom,Imprison,TeraBlast|||M|||50|,,,,,Fighting]Gastrodon||Leftovers|StormDrain|EarthPower,Yawn,Recover,IceBeam|||M|||50|,,,,,Poison
|
|t:|1756955072
|teamsize|p1|4
|teamsize|p2|4
|start
|switch|p1a: Maushold|Maushold-Four, L50|100/100
|switch|p1b: Rillaboom|Rillaboom, L50, M|100/100
|switch|p2a: Sneasler|Sneasler, L50, F|100/100
|switch|p2b: Gastrodon|Gastrodon, L50, M|100/100
|-fieldstart|move: Grassy Terrain|[from] ability: Grassy Surge|[of] p1b: Rillaboom
|turn|1
|
|t:|1756955108
|switch|p1a: Volcarona|Volcarona, L50, F|100/100
|-enditem|p1a: Volcarona|Grassy Seed
|-boost|p1a: Volcarona|def|1|[from] item: Grassy Seed
|switch|p2b: Indeedee|Indeedee, L50, M|100/100
|-fieldstart|move: Psychic Terrain|[from] ability: Psychic Surge|[of] p2b: Indeedee
|-enditem|p2a: Sneasler|Psychic Seed
|-boost|p2a: Sneasler|spd|1|[from] item: Psychic Seed
|move|p2a: Sneasler|Close Combat|p1a: Volcarona
|-resisted|p1a: Volcarona
|-damage|p1a: Volcarona|77/100
|-unboost|p2a: Sneasler|def|1
|-unboost|p2a: Sneasler|spd|1
|move|p1b: Rillaboom|Wood Hammer|p2b: Indeedee
|-enditem|p2b: Indeedee|Focus Sash
|-damage|p2b: Indeedee|1/100
|-damage|p1b: Rillaboom|78/100|[from] Recoil
|
|upkeep
|turn|2
|
|t:|1756955131
|switch|p1b: Incineroar|Incineroar, L50, M|100/100
|-ability|p1b: Incineroar|Intimidate|boost
|-unboost|p2a: Sneasler|atk|1
|-unboost|p2b: Indeedee|atk|1
|move|p1a: Volcarona|Protect|p1a: Volcarona
|-singleturn|p1a: Volcarona|Protect
|move|p2a: Sneasler|Dire Claw|p1b: Incineroar
|-damage|p1b: Incineroar|73/100
|-status|p1b: Incineroar|psn
|move|p2b: Indeedee|Expanding Force|p1a: Volcarona|[spread] 
|-activate|p1a: Volcarona|move: Protect
|-immune|p1b: Incineroar
|
|-damage|p1b: Incineroar|61/100 psn|[from] psn
|upkeep
|turn|3
|
|t:|1756955151
|switch|p2a: Incineroar|Incineroar, L50, M|100/100
|-ability|p2a: Incineroar|Intimidate|boost
|-unboost|p1a: Volcarona|atk|1
|-unboost|p1b: Incineroar|atk|1
|switch|p1a: Rillaboom|Rillaboom, L50, M|78/100
|-fieldstart|move: Grassy Terrain|[from] ability: Grassy Surge|[of] p1a: Rillaboom
|move|p1b: Incineroar|Fake Out|p2b: Indeedee
|-damage|p2b: Indeedee|0 fnt
|faint|p2b: Indeedee
|
|-heal|p1a: Rillaboom|84/100|[from] Grassy Terrain
|-heal|p1b: Incineroar|67/100 psn|[from] Grassy Terrain
|-damage|p1b: Incineroar|54/100 psn|[from] psn
|upkeep
|
|t:|1756955192
|switch|p2b: Sneasler|Sneasler, L50, F|100/100
|turn|4
|
|t:|1756955209
|move|p1a: Rillaboom|Fake Out|p2b: Sneasler
|-damage|p2b: Sneasler|75/100
|cant|p2b: Sneasler|flinch
|move|p1b: Incineroar|Parting Shot|p2a: Incineroar
|-unboost|p2a: Incineroar|atk|1
|-unboost|p2a: Incineroar|spa|1
|
|t:|1756955216
|switch|p1b: Volcarona|Volcarona, L50, F|77/100|[from] Parting Shot
|move|p2a: Incineroar|Flare Blitz|p1a: Rillaboom
|-supereffective|p1a: Rillaboom
|-damage|p1a: Rillaboom|11/100
|-damage|p2a: Incineroar|76/100|[from] Recoil
|
|-heal|p2b: Sneasler|81/100|[from] Grassy Terrain
|-heal|p1b: Volcarona|83/100|[from] Grassy Terrain
|-heal|p1a: Rillaboom|17/100|[from] Grassy Terrain
|-heal|p2a: Incineroar|82/100|[from] Grassy Terrain
|upkeep
|turn|5
|
|t:|1756955267
|switch|p1a: Incineroar|Incineroar, L50, M|54/100 psn
|-ability|p1a: Incineroar|Intimidate|boost
|-unboost|p2a: Incineroar|atk|1
|-unboost|p2b: Sneasler|atk|1
|move|p2b: Sneasler|Dire Claw|p1b: Volcarona
|-crit|p1b: Volcarona
|-damage|p1b: Volcarona|15/100
|move|p1b: Volcarona|Quiver Dance|p1b: Volcarona
|-boost|p1b: Volcarona|spa|1
|-boost|p1b: Volcarona|spd|1
|-boost|p1b: Volcarona|spe|1
|move|p2a: Incineroar|Flare Blitz|p1b: Volcarona
|-damage|p1b: Volcarona|0 fnt
|faint|p1b: Volcarona
|-damage|p2a: Incineroar|78/100|[from] Recoil
|
|-heal|p2b: Sneasler|87/100|[from] Grassy Terrain
|-heal|p1a: Incineroar|60/100 psn|[from] Grassy Terrain
|-heal|p2a: Incineroar|84/100|[from] Grassy Terrain
|-damage|p1a: Incineroar|48/100 psn|[from] psn
|upkeep
|
|t:|1756955280
|switch|p1b: Maushold|Maushold-Four, L50|100/100
|turn|6
|
|t:|1756955304
|move|p2b: Sneasler|Protect|p2b: Sneasler
|-singleturn|p2b: Sneasler|Protect
|move|p1b: Maushold|Protect|p1b: Maushold
|-singleturn|p1b: Maushold|Protect
|move|p1a: Incineroar|Parting Shot|p2a: Incineroar
|-unboost|p2a: Incineroar|atk|1
|-unboost|p2a: Incineroar|spa|1
|
|t:|1756955310
|switch|p1a: Rillaboom|Rillaboom, L50, M|17/100|[from] Parting Shot
|move|p2a: Incineroar|Parting Shot|p1b: Maushold
|-activate|p1b: Maushold|move: Protect
|
|-heal|p2b: Sneasler|93/100|[from] Grassy Terrain
|-heal|p1a: Rillaboom|23/100|[from] Grassy Terrain
|-heal|p2a: Incineroar|90/100|[from] Grassy Terrain
|upkeep
|turn|7
|
|t:|1756955365
|switch|p2b: Gastrodon|Gastrodon, L50, M|100/100
|-terastallize|p2a: Incineroar|Ghost
|move|p1a: Rillaboom|Fake Out|p2b: Gastrodon
|-damage|p2b: Gastrodon|88/100
|move|p1b: Maushold|Population Bomb|p2b: Gastrodon
|-damage|p2b: Gastrodon|77/100
|-damage|p2b: Gastrodon|65/100
|-damage|p2b: Gastrodon|53/100
|-damage|p2b: Gastrodon|41/100
|-damage|p2b: Gastrodon|30/100
|-damage|p2b: Gastrodon|17/100
|-hitcount|p2b: Gastrodon|6
|move|p2a: Incineroar|Parting Shot|p1a: Rillaboom
|-unboost|p1a: Rillaboom|atk|1
|-unboost|p1a: Rillaboom|spa|1
|
|t:|1756955381
|switch|p2a: Sneasler|Sneasler, L50, F|93/100|[from] Parting Shot
|
|-heal|p2a: Sneasler|99/100|[from] Grassy Terrain
|-heal|p1a: Rillaboom|29/100|[from] Grassy Terrain
|-heal|p2b: Gastrodon|23/100|[from] Grassy Terrain
|-heal|p2b: Gastrodon|29/100|[from] item: Leftovers
|-fieldend|move: Grassy Terrain
|upkeep
|turn|8
|
|t:|1756955411
|switch|p1a: Incineroar|Incineroar, L50, M|48/100 psn
|-ability|p1a: Incineroar|Intimidate|boost
|-unboost|p2a: Sneasler|atk|1
|-unboost|p2b: Gastrodon|atk|1
|switch|p2b: Incineroar|Incineroar, L50, M, tera:Ghost|90/100
|-ability|p2b: Incineroar|Intimidate|boost
|-unboost|p1a: Incineroar|atk|1
|-unboost|p1b: Maushold|atk|1
|-terastallize|p1b: Maushold|Grass
|move|p2a: Sneasler|Dire Claw|p1b: Maushold
|-supereffective|p1b: Maushold
|-damage|p1b: Maushold|7/100
|-status|p1b: Maushold|slp
|cant|p1b: Maushold|slp
|
|-damage|p1a: Incineroar|35/100 psn|[from] psn
|upkeep
|turn|9
|
|t:|1756955465
|move|p2b: Incineroar|Fake Out|p1b: Maushold
|-damage|p1b: Maushold|0 fnt
|faint|p1b: Maushold
|move|p2a: Sneasler|Dire Claw|p1a: Incineroar
|-damage|p1a: Incineroar|8/100 psn
|move|p1a: Incineroar|Knock Off|p2b: Incineroar
|-supereffective|p2b: Incineroar
|-crit|p2b: Incineroar
|-damage|p2b: Incineroar|0 fnt
|-enditem|p2b: Incineroar|Safety Goggles|[from] move: Knock Off|[of] p1a: Incineroar
|faint|p2b: Incineroar
|
|-damage|p1a: Incineroar|0 fnt|[from] psn
|faint|p1a: Incineroar
|upkeep
|
|t:|1756955475
|switch|p1b: Rillaboom|Rillaboom, L50, M|29/100
|switch|p2b: Gastrodon|Gastrodon, L50, M|29/100
|-fieldstart|move: Grassy Terrain|[from] ability: Grassy Surge|[of] p1b: Rillaboom
|turn|10
|inactive|Battle timer is ON: inactive players will automatically lose when time's up. (requested by HorrendousCheese)
|
|t:|1756955543
|move|p1b: Rillaboom|Grassy Glide|p2b: Gastrodon
|-supereffective|p2b: Gastrodon
|-damage|p2b: Gastrodon|0 fnt
|faint|p2b: Gastrodon
|move|p2a: Sneasler|Dire Claw|p1b: Rillaboom
|-supereffective|p1b: Rillaboom
|-damage|p1b: Rillaboom|0 fnt
|faint|p1b: Rillaboom
|
|win|TeyVgc
