|j|☆Lexus05F
|j|☆angelbee21
|html|Lexus05Fangelbee21    
|uhtml|bestof|Game 1 of a best-of-3
|t:|1757032956
|gametype|doubles
|player|p1|Lexus05F|lucas|1074
|player|p2|angelbee21|lenora|1159
|gen|9
|tier|[Gen 9] VGC 2025 Reg H (Bo3)
|rated|
|rule|Species Clause: Limit one of each Pokémon
|rule|Item Clause: Limit 1 of each item
|clearpoke
|poke|p1|Palafin, L50, F|
|poke|p1|Murkrow, L50, M|
|poke|p1|Archaludon, L50, M|
|poke|p1|Volcarona, L50, F|
|poke|p1|Gholdengo, L50|
|poke|p1|Salamence, L50, M|
|poke|p2|Flamigo, L50, M|
|poke|p2|Garchomp, L50, M|
|poke|p2|Electabuzz, L50, M|
|poke|p2|Kingambit, L50, F|
|poke|p2|Typhlosion-Hisui, L50, M|
|poke|p2|Ninetales-Alola, L50, F|
|teampreview|4
|showteam|p1|Palafin||MysticWater|ZerotoHero|JetPunch,FlipTurn,WaveCrash,Protect|||F|||50|,,,,,Water]Murkrow||Eviolite|Prankster|Tailwind,RainDance,FoulPlay,IcyWind|||M|||50|,,,,,Dark]Archaludon||AssaultVest|Stamina|ElectroShot,DragonPulse,BodyPress,Snarl|||M|||50|,,,,,Poison]Volcarona||SafetyGoggles|FlameBody|FieryDance,GigaDrain,Hurricane,QuiverDance|||F|||50|,,,,,Fairy]Gholdengo||ChoiceSpecs|GoodasGold|MakeItRain,DazzlingGleam,ShadowBall,Thunderbolt||||||50|,,,,,Steel]Salamence||ClearAmulet|Intimidate|DragonDance,BrickBreak,Protect,BreakingSwipe|||M|||50|,,,,,Fighting
|showteam|p2|Flamigo||FocusSash|Scrappy|CloseCombat,DualWingbeat,WideGuard,Protect|||M|||50|,,,,,Stellar]Garchomp||LifeOrb|RoughSkin|DragonClaw,StompingTantrum,PoisonJab,Protect|||M|||50|,,,,,Poison]Electabuzz||Eviolite|VitalSpirit|Electroweb,Taunt,FollowMe,Protect|||M|||50|,,,,,Grass]Kingambit||BlackGlasses|Defiant|KowtowCleave,SuckerPunch,IronHead,Protect|||F|||50|,,,,,Dark]Typhlosion-Hisui||ChoiceScarf|Blaze|Eruption,ShadowBall,HeatWave,Overheat|||M|||50|,,,,,Fire]Ninetales-Alola||LightClay|SnowWarning|AuroraVeil,FreezeDry,Moonblast,Protect|||F|||50|,,,,,Water
|inactive|Battle timer is ON: inactive players will automatically lose when time's up. (requested by angelbee21)
|
|t:|1757032981
|teamsize|p1|4
|teamsize|p2|4
|start
|switch|p1a: Murkrow|Murkrow, L50, M|100/100
|switch|p1b: Palafin|Palafin, L50, F|100/100
|switch|p2a: Flamigo|Flamigo, L50, M|100/100
|switch|p2b: Garchomp|Garchomp, L50, M|100/100
|turn|1
|
|t:|1757032998
|move|p1b: Palafin|Protect|p1b: Palafin
|-singleturn|p1b: Palafin|Protect
|move|p2a: Flamigo|Close Combat|p1a: Murkrow
|-damage|p1a: Murkrow|19/100
|-unboost|p2a: Flamigo|def|1
|-unboost|p2a: Flamigo|spd|1
|move|p2b: Garchomp|Dragon Claw|p1a: Murkrow
|-damage|p1a: Murkrow|0 fnt
|faint|p1a: Murkrow
|-damage|p2b: Garchomp|90/100|[from] item: Life Orb
|
|upkeep
|
|t:|1757033013
|switch|p1a: Archaludon|Archaludon, L50, M|100/100
|turn|2
|
|t:|1757033026
|move|p2a: Flamigo|Close Combat|p1b: Palafin
|-damage|p1b: Palafin|25/100
|-unboost|p2a: Flamigo|def|1
|-unboost|p2a: Flamigo|spd|1
|move|p1b: Palafin|Flip Turn|p2b: Garchomp
|-damage|p2b: Garchomp|63/100
|-damage|p1b: Palafin|13/100|[from] ability: Rough Skin|[of] p2b: Garchomp
|
|t:|1757033035
|detailschange|p1b: Palafin|Palafin-Hero, L50, F
|switch|p1b: Volcarona|Volcarona, L50, F|100/100|[from] Flip Turn
|move|p2b: Garchomp|Stomping Tantrum|p1b: Volcarona
|-damage|p1b: Volcarona|22/100
|-status|p2b: Garchomp|brn|[from] ability: Flame Body|[of] p1b: Volcarona
|-damage|p2b: Garchomp|53/100 brn|[from] item: Life Orb
|move|p1a: Archaludon|Dragon Pulse|p2b: Garchomp
|-supereffective|p2b: Garchomp
|-damage|p2b: Garchomp|0 fnt
|faint|p2b: Garchomp
|
|upkeep
|
|t:|1757033043
|switch|p2b: Typhlosion|Typhlosion-Hisui, L50, M|100/100
|turn|3
|
|t:|1757033057
|-terastallize|p2b: Typhlosion|Fire
|-terastallize|p1a: Archaludon|Poison
|move|p2b: Typhlosion|Eruption|p1a: Archaludon|[spread] p1a,p1b
|-damage|p1a: Archaludon|47/100
|-damage|p1b: Volcarona|0 fnt
|-ability|p1a: Archaludon|Stamina|boost
|-boost|p1a: Archaludon|def|1
|faint|p1b: Volcarona
|move|p2a: Flamigo|Dual Wingbeat|p1a: Archaludon
|-crit|p1a: Archaludon
|-damage|p1a: Archaludon|27/100
|-ability|p1a: Archaludon|Stamina|boost
|-boost|p1a: Archaludon|def|1
|-damage|p1a: Archaludon|20/100
|-ability|p1a: Archaludon|Stamina|boost
|-boost|p1a: Archaludon|def|1
|-hitcount|p1a: Archaludon|2
|move|p1a: Archaludon|Snarl|p2b: Typhlosion|[spread] p2a,p2b
|-resisted|p2a: Flamigo
|-damage|p2a: Flamigo|82/100
|-damage|p2b: Typhlosion|86/100
|-unboost|p2a: Flamigo|spa|1
|-unboost|p2b: Typhlosion|spa|1
|
|upkeep
|
|t:|1757033079
|switch|p1b: Palafin|Palafin-Hero, L50, F|13/100
|-activate|p1b: Palafin|ability: Zero to Hero
|turn|4
|
|t:|1757033087
|move|p1b: Palafin|Jet Punch|p2b: Typhlosion
|-supereffective|p2b: Typhlosion
|-damage|p2b: Typhlosion|0 fnt
|faint|p2b: Typhlosion
|move|p2a: Flamigo|Close Combat|p1b: Palafin
|-damage|p1b: Palafin|0 fnt
|-unboost|p2a: Flamigo|def|1
|-unboost|p2a: Flamigo|spd|1
|faint|p1b: Palafin
|move|p1a: Archaludon|Body Press|p2a: Flamigo
|-resisted|p2a: Flamigo
|-damage|p2a: Flamigo|0 fnt
|faint|p2a: Flamigo
|
|upkeep
|
|t:|1757033090
|switch|p2b: Ninetales|Ninetales-Alola, L50, F|100/100
|-weather|Snowscape|[from] ability: Snow Warning|[of] p2b: Ninetales
|turn|5
|
|t:|1757033105
|move|p2b: Ninetales|Aurora Veil|p2b: Ninetales
|-sidestart|p2: angelbee21|move: Aurora Veil
|move|p1a: Archaludon|Body Press|p2b: Ninetales
|-damage|p2b: Ninetales|65/100
|
|-weather|Snowscape|[upkeep]
|upkeep
|turn|6
|
|t:|1757033115
|move|p2b: Ninetales|Freeze-Dry|p1a: Archaludon
|-damage|p1a: Archaludon|5/100
|-ability|p1a: Archaludon|Stamina|boost
|-boost|p1a: Archaludon|def|1
|move|p1a: Archaludon|Body Press|p2b: Ninetales
|-damage|p2b: Ninetales|22/100
|
|-weather|Snowscape|[upkeep]
|upkeep
|turn|7
|
|t:|1757033125
|move|p2b: Ninetales|Freeze-Dry|p1a: Archaludon
|-damage|p1a: Archaludon|0 fnt
|faint|p1a: Archaludon
|
|win|angelbee21
||angelbee21 is ready for game 2.
||Lexus05F is ready for game 2.
|uhtml|next|Next: Game 2 of 3
|l|☆Lexus05F
|player|p1|
