|j|☆marcusquinn
|j|☆twinkdistroyer
|html|marcusquinntwinkdistroyer    
|uhtml|bestof|Game 3 of a best-of-3
|t:|1755641313
|gametype|doubles
|player|p1|marcusquinn|hilbert-wonderlauncher|1340
|player|p2|twinkdistroyer|miku-ghost|1371
|gen|9
|tier|[Gen 9] VGC 2025 Reg H (Bo3)
|rated|
|rule|Species Clause: Limit one of each Pokémon
|rule|Item Clause: Limit 1 of each item
|clearpoke
|poke|p1|Archaludon, L50, F|
|poke|p1|Porygon2, L50|
|poke|p1|Incineroar, L50, F|
|poke|p1|Ursaluna, L50, M|
|poke|p1|Sneasler, L50, M|
|poke|p1|Dragonite, L50, F|
|poke|p2|Porygon2, L50|
|poke|p2|Incineroar, L50, M|
|poke|p2|Ursaluna, L50, M|
|poke|p2|Charizard, L50, M|
|poke|p2|Jumpluff, L50, F|
|poke|p2|Torkoal, L50, F|
|teampreview|4
|showteam|p1|Archaludon||PowerHerb|Sturdy|Protect,ElectroShot,DracoMeteor,FlashCannon|||F|||50|,,,,,Electric]Porygon2||Eviolite|Download|TeraBlast,IceBeam,Recover,TrickRoom||||||50|,,,,,Fighting]Incineroar||SitrusBerry|Intimidate|FlareBlitz,KnockOff,FakeOut,PartingShot|||F|||50|,,,,,Ghost]Ursaluna||FlameOrb|Guts|HeadlongRush,Facade,Earthquake,Protect|||M|||50|,,,,,Ghost]Sneasler||FocusSash|Unburden|Protect,CloseCombat,DireClaw,ThroatChop|||M|||50|,,,,,Stellar]Dragonite||LoadedDice|Multiscale|ScaleShot,Tailwind,Haze,Protect|||F|||50|,,,,,Steel
|showteam|p2|Porygon2||Eviolite|Download|TeraBlast,IceBeam,Recover,TrickRoom||||||50|,,,,,Fighting]Incineroar||SitrusBerry|Intimidate|FakeOut,FlareBlitz,KnockOff,PartingShot|||M|||50|,,,,,Ghost]Ursaluna||FlameOrb|Guts|Earthquake,Facade,HeadlongRush,Protect|||M|||50|,,,,,Ghost]Charizard||ChoiceSpecs|SolarPower|HeatWave,Overheat,WeatherBall,AirSlash|||M|||50|,,,,,Ghost]Jumpluff||CovertCloak|Chlorophyll|Tailwind,SunnyDay,RagePowder,SleepPowder|||F|||50|,,,,,Water]Torkoal||EjectPack|Drought|Overheat,Eruption,HelpingHand,Protect|||F|||50|,,,,,Fire
|inactive|Battle timer is ON: inactive players will automatically lose when time's up. (requested by marcusquinn)
|inactive|twinkdistroyer also wants the timer to be on.
|l|☆twinkdistroyer
|inactive|twinkdistroyer disconnected and has a minute to reconnect!
|player|p2|
|
|t:|1755641337
|teamsize|p1|4
|teamsize|p2|4
|start
|switch|p1a: Incineroar|Incineroar, L50, F, shiny|100/100
|switch|p1b: Ursaluna|Ursaluna, L50, M|100/100
|switch|p2a: Jumpluff|Jumpluff, L50, F|100/100
|switch|p2b: Porygon2|Porygon2, L50|100/100
|-ability|p1a: Incineroar|Intimidate|boost
|-unboost|p2a: Jumpluff|atk|1
|-unboost|p2b: Porygon2|atk|1
|-ability|p2b: Porygon2|Download|boost
|-boost|p2b: Porygon2|spa|1
|turn|1
|j|☆twinkdistroyer
|inactive|twinkdistroyer reconnected and has 45 seconds left.
|player|p2|twinkdistroyer|miku-ghost|
|inactive|marcusquinn has 30 seconds left.
|inactive|twinkdistroyer has 30 seconds left.
|
|t:|1755641370
|-terastallize|p1b: Ursaluna|Ghost
|move|p2a: Jumpluff|Sleep Powder|p1a: Incineroar
|-status|p1a: Incineroar|slp|[from] move: Sleep Powder
|cant|p1a: Incineroar|slp
|move|p1b: Ursaluna|Facade|p2b: Porygon2
|-damage|p2b: Porygon2|75/100
|move|p2b: Porygon2|Ice Beam|p1b: Ursaluna
|-damage|p1b: Ursaluna|58/100
|
|-status|p1b: Ursaluna|brn|[from] item: Flame Orb
|upkeep
|turn|2
|
|t:|1755641394
|move|p1b: Ursaluna|Protect|p1b: Ursaluna
|-singleturn|p1b: Ursaluna|Protect
|move|p2a: Jumpluff|Tailwind|p2a: Jumpluff
|-sidestart|p2: twinkdistroyer|move: Tailwind
|move|p2b: Porygon2|Ice Beam|p1b: Ursaluna
|-activate|p1b: Ursaluna|move: Protect
|-curestatus|p1a: Incineroar|slp|[msg]
|move|p1a: Incineroar|Knock Off|p2b: Porygon2
|-damage|p2b: Porygon2|48/100
|-enditem|p2b: Porygon2|Eviolite|[from] move: Knock Off|[of] p1a: Incineroar
|
|-damage|p1b: Ursaluna|53/100 brn|[from] brn
|upkeep
|turn|3
|
|t:|1755641416
|move|p2a: Jumpluff|Sunny Day|p2a: Jumpluff
|-weather|SunnyDay
|move|p2b: Porygon2|Ice Beam|p1b: Ursaluna
|-damage|p1b: Ursaluna|15/100 brn
|move|p1a: Incineroar|Flare Blitz|p2a: Jumpluff
|-supereffective|p2a: Jumpluff
|-damage|p2a: Jumpluff|0 fnt
|faint|p2a: Jumpluff
|-damage|p1a: Incineroar|71/100|[from] Recoil
|move|p1b: Ursaluna|Facade|p2b: Porygon2
|-damage|p2b: Porygon2|0 fnt
|faint|p2b: Porygon2
|
|-weather|SunnyDay|[upkeep]
|-damage|p1b: Ursaluna|9/100 brn|[from] brn
|upkeep
|
|t:|1755641423
|switch|p2a: Charizard|Charizard, L50, M|100/100
|switch|p2b: Ursaluna|Ursaluna, L50, M|100/100
|turn|4
|
|t:|1755641447
|move|p1b: Ursaluna|Protect|p1b: Ursaluna
|-singleturn|p1b: Ursaluna|Protect
|move|p2a: Charizard|Heat Wave|p1a: Incineroar|[spread] 
|-activate|p1b: Ursaluna|move: Protect
|-miss|p2a: Charizard|p1a: Incineroar
|move|p2b: Ursaluna|Earthquake|p1a: Incineroar|[spread] p1a
|-activate|p1b: Ursaluna|move: Protect
|-immune|p2a: Charizard
|-supereffective|p1a: Incineroar
|-damage|p1a: Incineroar|0 fnt
|faint|p1a: Incineroar
|
|-weather|SunnyDay|[upkeep]
|-damage|p2a: Charizard|88/100|[from] ability: Solar Power|[of] p2a: Charizard
|-damage|p1b: Ursaluna|4/100 brn|[from] brn
|-status|p2b: Ursaluna|brn|[from] item: Flame Orb
|upkeep
|inactive|marcusquinn has 30 seconds left.
|
|t:|1755641475
|switch|p1a: Archaludon|Archaludon, L50, F|100/100
|turn|5
|
|t:|1755641483
|move|p1a: Archaludon|Protect|p1a: Archaludon
|-singleturn|p1a: Archaludon|Protect
|move|p2a: Charizard|Heat Wave|p1b: Ursaluna|[spread] p1b
|-activate|p1a: Archaludon|move: Protect
|-damage|p1b: Ursaluna|0 fnt
|faint|p1b: Ursaluna
|move|p2b: Ursaluna|Earthquake|p1a: Archaludon|[spread] 
|-activate|p1a: Archaludon|move: Protect
|-immune|p2a: Charizard
|
|-weather|SunnyDay|[upkeep]
|-damage|p2a: Charizard|76/100|[from] ability: Solar Power|[of] p2a: Charizard
|-damage|p2b: Ursaluna|95/100 brn|[from] brn
|-sideend|p2: twinkdistroyer|move: Tailwind
|upkeep
|
|t:|1755641496
|switch|p1b: Sneasler|Sneasler, L50, M|100/100
|turn|6
|inactive|marcusquinn has 30 seconds left.
|
|t:|1755641522
|-terastallize|p2b: Ursaluna|Ghost
|move|p1b: Sneasler|Dire Claw|p2a: Charizard
|-damage|p2a: Charizard|12/100
|-status|p2a: Charizard|slp
|cant|p2a: Charizard|slp
|move|p1a: Archaludon|Electro Shot||[still]
|-prepare|p1a: Archaludon|Electro Shot
|-boost|p1a: Archaludon|spa|1
|-enditem|p1a: Archaludon|Power Herb
|-anim|p1a: Archaludon|Electro Shot|p2a: Charizard
|-supereffective|p2a: Charizard
|-damage|p2a: Charizard|0 fnt
|faint|p2a: Charizard
|move|p2b: Ursaluna|Earthquake|p1b: Sneasler|[spread] p1a,p1b
|-supereffective|p1a: Archaludon
|-supereffective|p1b: Sneasler
|-ability|p1a: Archaludon|Sturdy
|-damage|p1a: Archaludon|1/100
|-enditem|p1b: Sneasler|Focus Sash
|-damage|p1b: Sneasler|1/100
|
|-weather|SunnyDay|[upkeep]
|-damage|p2b: Ursaluna|89/100 brn|[from] brn
|upkeep
|turn|7
|
|t:|1755641545
|move|p1b: Sneasler|Throat Chop|p2b: Ursaluna
|-supereffective|p2b: Ursaluna
|-damage|p2b: Ursaluna|43/100 brn
|-start|p2b: Ursaluna|Throat Chop|[silent]
|move|p1a: Archaludon|Flash Cannon|p2b: Ursaluna
|-damage|p2b: Ursaluna|0 fnt
|faint|p2b: Ursaluna
|
|win|marcusquinn
|raw|marcusquinn's rating: 1340 → 1362(+22 for winning)
|raw|twinkdistroyer's rating: 1371 → 1349(-22 for losing)
|l|☆twinkdistroyer
|player|p2|
