|j|☆Drubird
|j|☆nero1694
|html|Drubirdnero1694    
|uhtml|bestof|Game 3 of a best-of-3
|t:|1757170830
|gametype|doubles
|player|p1|Drubird|1|1039
|player|p2|nero1694|n|1122
|gen|9
|tier|[Gen 9] VGC 2025 Reg H (Bo3)
|rated|
|rule|Species Clause: Limit one of each Pokémon
|rule|Item Clause: Limit 1 of each item
|clearpoke
|poke|p1|Gothitelle, L50, M|
|poke|p1|Incineroar, L50, F|
|poke|p1|Rillaboom, L50, M|
|poke|p1|Amoonguss, L50, M|
|poke|p1|Primarina, L50, F|
|poke|p1|Pelipper, L50, M|
|poke|p2|Sneasler, L50, M|
|poke|p2|Indeedee, L50, M|
|poke|p2|Ursaluna-Bloodmoon, L50, M|
|poke|p2|Electabuzz, L50, M|
|poke|p2|Incineroar, L50, F|
|poke|p2|Talonflame, L50, F|
|teampreview|4
|showteam|p1|Gothitelle||CovertCloak|ShadowTag|FakeOut,FoulPlay,Taunt,HelpingHand|||M|||50|,,,,,Dark]Incineroar||SafetyGoggles|Intimidate|FakeOut,KnockOff,FlareBlitz,PartingShot|||F|||50|,,,,,Ghost]Rillaboom||AssaultVest|GrassySurge|Earthquake,GrassyGlide,FakeOut,Uturn|||M|||50|,,,,,Fire]Amoonguss||MentalHerb|Regenerator|PollenPuff,Spore,RagePowder,SludgeBomb|||M|||50|,,,,,Water]Primarina||SitrusBerry|LiquidVoice|HyperVoice,DazzlingGleam,PerishSong,Protect|||F|||50|,,,,,Stellar]Pelipper||FocusSash|Drizzle|Hurricane,WeatherBall,Tailwind,Protect|||M|||50|,,,,,Grass
|showteam|p2|Sneasler||PsychicSeed|Unburden|CloseCombat,DireClaw,ThroatChop,Protect|||M|||50|,,,,,Dark]Indeedee||FocusSash|PsychicSurge|ExpandingForce,TrickRoom,Imprison,TeraBlast|||M|||50|,,,,,Fighting]Ursaluna-Bloodmoon||AssaultVest|MindsEye|BloodMoon,HyperVoice,EarthPower,VacuumWave|||M|||50|,,,,,Normal]Electabuzz||Eviolite|VitalSpirit|Electroweb,FollowMe,Taunt,Protect|||M|||50|,,,,,Ghost]Incineroar||SafetyGoggles|Intimidate|FlareBlitz,KnockOff,PartingShot,FakeOut|||F|||50|,,,,,Ghost]Talonflame||CovertCloak|GaleWings|FlareBlitz,DualWingbeat,WillOWisp,Tailwind|||F|||50|,,,,,Fairy
|inactive|Battle timer is ON: inactive players will automatically lose when time's up. (requested by nero1694)
|
|t:|1757170848
|teamsize|p1|4
|teamsize|p2|4
|start
|switch|p1a: Gothitelle|Gothitelle, L50, M|100/100
|switch|p1b: Primarina|Primarina, L50, F|100/100
|switch|p2a: Electabuzz|Electabuzz, L50, M|100/100
|switch|p2b: Incineroar|Incineroar, L50, F|100/100
|-ability|p2b: Incineroar|Intimidate|boost
|-unboost|p1a: Gothitelle|atk|1
|-unboost|p1b: Primarina|atk|1
|turn|1
|inactive|Drubird has 30 seconds left.
|
|t:|1757170877
|-terastallize|p2a: Electabuzz|Ghost
|move|p2b: Incineroar|Fake Out|p1a: Gothitelle
|-damage|p1a: Gothitelle|90/100
|move|p1a: Gothitelle|Fake Out|p2b: Incineroar
|-damage|p2b: Incineroar|97/100
|move|p2a: Electabuzz|Taunt|p1b: Primarina
|-start|p1b: Primarina|move: Taunt
|cant|p1b: Primarina|move: Taunt|Perish Song
|
|upkeep
|turn|2
|inactive|Drubird has 30 seconds left.
|
|t:|1757170904
|-terastallize|p1a: Gothitelle|Dark
|move|p1a: Gothitelle|Helping Hand|p1b: Primarina
|-singleturn|p1b: Primarina|Helping Hand|[of] p1a: Gothitelle
|move|p2a: Electabuzz|Electroweb|p1a: Gothitelle|[spread] p1a,p1b
|-crit|p1a: Gothitelle
|-supereffective|p1b: Primarina
|-damage|p1a: Gothitelle|74/100
|-damage|p1b: Primarina|78/100
|-unboost|p1b: Primarina|spe|1
|move|p2b: Incineroar|Parting Shot|p1b: Primarina
|-unboost|p1b: Primarina|atk|1
|-unboost|p1b: Primarina|spa|1
|
|t:|1757170916
|switch|p2b: Indeedee|Indeedee, L50, M|100/100|[from] Parting Shot
|-fieldstart|move: Psychic Terrain|[from] ability: Psychic Surge|[of] p2b: Indeedee
|move|p1b: Primarina|Hyper Voice|p2a: Electabuzz|[spread] p2a,p2b
|-damage|p2a: Electabuzz|73/100
|-damage|p2b: Indeedee|56/100
|
|upkeep
|turn|3
|inactive|Drubird has 30 seconds left.
|inactive|nero1694 has 30 seconds left.
|inactive|Drubird has 20 seconds left.
|inactive|nero1694 has 20 seconds left.
|inactive|Drubird has 15 seconds left.
|inactive|nero1694 has 15 seconds left.
|inactive|nero1694 has 10 seconds left.
|inactive|nero1694 has 5 seconds left.
|
|t:|1757170971
|switch|p1b: Incineroar|Incineroar, L50, F|100/100
|-ability|p1b: Incineroar|Intimidate|boost
|-unboost|p2a: Electabuzz|atk|1
|-unboost|p2b: Indeedee|atk|1
|move|p2a: Electabuzz|Electroweb|p1a: Gothitelle|[spread] p1a,p1b
|-damage|p1a: Gothitelle|64/100
|-damage|p1b: Incineroar|89/100
|-unboost|p1b: Incineroar|spe|1
|move|p2b: Indeedee|Expanding Force|p1b: Incineroar|[spread] 
|-immune|p1a: Gothitelle
|-immune|p1b: Incineroar
|move|p1a: Gothitelle|Foul Play|p2b: Indeedee
|-supereffective|p2b: Indeedee
|-damage|p2b: Indeedee|0 fnt
|faint|p2b: Indeedee
|
|upkeep
|
|t:|1757170983
|switch|p2b: Sneasler|Sneasler, L50, M|100/100
|-enditem|p2b: Sneasler|Psychic Seed
|-boost|p2b: Sneasler|spd|1|[from] item: Psychic Seed
|turn|4
|inactive|nero1694 has 30 seconds left.
|
|t:|1757171014
|switch|p1a: Rillaboom|Rillaboom, L50, M|100/100
|-fieldstart|move: Grassy Terrain|[from] ability: Grassy Surge|[of] p1a: Rillaboom
|move|p1b: Incineroar|Fake Out|p2b: Sneasler
|-damage|p2b: Sneasler|82/100
|cant|p2b: Sneasler|flinch
|move|p2a: Electabuzz|Electroweb|p1b: Incineroar|[spread] p1a,p1b
|-resisted|p1a: Rillaboom
|-damage|p1a: Rillaboom|96/100
|-damage|p1b: Incineroar|78/100
|-unboost|p1a: Rillaboom|spe|1
|-unboost|p1b: Incineroar|spe|1
|
|-heal|p2b: Sneasler|88/100|[from] Grassy Terrain
|-heal|p2a: Electabuzz|79/100|[from] Grassy Terrain
|-heal|p1a: Rillaboom|100/100|[from] Grassy Terrain
|-heal|p1b: Incineroar|84/100|[from] Grassy Terrain
|upkeep
|turn|5
|inactive|Drubird has 30 seconds left.
|
|t:|1757171046
|move|p2b: Sneasler|Protect|p2b: Sneasler
|-singleturn|p2b: Sneasler|Protect
|move|p2a: Electabuzz|Protect|p2a: Electabuzz
|-singleturn|p2a: Electabuzz|Protect
|move|p1a: Rillaboom|Fake Out|p2b: Sneasler
|-activate|p2b: Sneasler|move: Protect
|move|p1b: Incineroar|Parting Shot|p2b: Sneasler
|-activate|p2b: Sneasler|move: Protect
|
|-heal|p2b: Sneasler|93/100|[from] Grassy Terrain
|-heal|p2a: Electabuzz|85/100|[from] Grassy Terrain
|-heal|p1b: Incineroar|90/100|[from] Grassy Terrain
|upkeep
|turn|6
|inactive|nero1694 has 30 seconds left.
|
|t:|1757171071
|switch|p1b: Primarina|Primarina, L50, F|78/100
|move|p2a: Electabuzz|Follow Me|p2a: Electabuzz
|-singleturn|p2a: Electabuzz|move: Follow Me
|move|p2b: Sneasler|Close Combat|p1b: Primarina
|-resisted|p1b: Primarina
|-damage|p1b: Primarina|37/100
|-unboost|p2b: Sneasler|def|1
|-unboost|p2b: Sneasler|spd|1
|-enditem|p1b: Primarina|Sitrus Berry|[eat]
|-heal|p1b: Primarina|62/100|[from] item: Sitrus Berry
|move|p1a: Rillaboom|U-turn|p2a: Electabuzz
|-resisted|p2a: Electabuzz
|-damage|p2a: Electabuzz|72/100
|
|t:|1757171085
|switch|p1a: Gothitelle|Gothitelle, L50, M, tera:Dark|64/100|[from] U-turn
|
|-heal|p2b: Sneasler|99/100|[from] Grassy Terrain
|-heal|p2a: Electabuzz|78/100|[from] Grassy Terrain
|-heal|p1b: Primarina|68/100|[from] Grassy Terrain
|-heal|p1a: Gothitelle|70/100|[from] Grassy Terrain
|upkeep
|turn|7
|
|t:|1757171105
|move|p2b: Sneasler|Protect|p2b: Sneasler
|-singleturn|p2b: Sneasler|Protect
|move|p1a: Gothitelle|Fake Out|p2b: Sneasler
|-activate|p2b: Sneasler|move: Protect
|move|p2a: Electabuzz|Taunt|p1b: Primarina
|-start|p1b: Primarina|move: Taunt
|cant|p1b: Primarina|move: Taunt|Perish Song
|
|-heal|p2b: Sneasler|100/100|[from] Grassy Terrain
|-heal|p2a: Electabuzz|84/100|[from] Grassy Terrain
|-heal|p1b: Primarina|74/100|[from] Grassy Terrain
|-heal|p1a: Gothitelle|76/100|[from] Grassy Terrain
|upkeep
|turn|8
|inactive|Drubird has 30 seconds left.
|inactive|nero1694 has 30 seconds left.
|inactive|Drubird has 20 seconds left.
|
|t:|1757171141
|switch|p1b: Incineroar|Incineroar, L50, F|90/100
|-ability|p1b: Incineroar|Intimidate|boost
|-unboost|p2a: Electabuzz|atk|1
|-unboost|p2b: Sneasler|atk|1
|move|p2b: Sneasler|Close Combat|p1b: Incineroar
|-supereffective|p1b: Incineroar
|-damage|p1b: Incineroar|9/100
|-unboost|p2b: Sneasler|def|1
|-unboost|p2b: Sneasler|spd|1
|move|p2a: Electabuzz|Electroweb|p1a: Gothitelle|[spread] p1a,p1b
|-damage|p1a: Gothitelle|66/100
|-damage|p1b: Incineroar|0 fnt
|faint|p1b: Incineroar
|move|p1a: Gothitelle|Foul Play|p2a: Electabuzz
|-supereffective|p2a: Electabuzz
|-damage|p2a: Electabuzz|61/100
|
|-heal|p2a: Electabuzz|67/100|[from] Grassy Terrain
|-heal|p1a: Gothitelle|72/100|[from] Grassy Terrain
|-fieldend|move: Grassy Terrain
|upkeep
|
|t:|1757171155
|switch|p1b: Rillaboom|Rillaboom, L50, M|100/100
|-fieldstart|move: Grassy Terrain|[from] ability: Grassy Surge|[of] p1b: Rillaboom
|turn|9
|
|t:|1757171162
|move|p2b: Sneasler|Protect|p2b: Sneasler
|-singleturn|p2b: Sneasler|Protect
|move|p2a: Electabuzz|Protect|p2a: Electabuzz
|-singleturn|p2a: Electabuzz|Protect
|move|p1b: Rillaboom|Fake Out|p2b: Sneasler
|-activate|p2b: Sneasler|move: Protect
|move|p1a: Gothitelle|Foul Play|p2a: Electabuzz
|-activate|p2a: Electabuzz|move: Protect
|
|-heal|p2a: Electabuzz|72/100|[from] Grassy Terrain
|-heal|p1a: Gothitelle|78/100|[from] Grassy Terrain
|upkeep
|turn|10
|
|t:|1757171181
|switch|p1a: Primarina|Primarina, L50, F|74/100
|move|p2a: Electabuzz|Follow Me|p2a: Electabuzz
|-singleturn|p2a: Electabuzz|move: Follow Me
|move|p2b: Sneasler|Close Combat|p1a: Primarina
|-resisted|p1a: Primarina
|-damage|p1a: Primarina|46/100
|-unboost|p2b: Sneasler|def|1
|-unboost|p2b: Sneasler|spd|1
|move|p1b: Rillaboom|U-turn|p2a: Electabuzz
|-resisted|p2a: Electabuzz
|-damage|p2a: Electabuzz|61/100
|
|t:|1757171193
|switch|p1b: Gothitelle|Gothitelle, L50, M, tera:Dark|78/100|[from] U-turn
|
|-heal|p2a: Electabuzz|67/100|[from] Grassy Terrain
|-heal|p1a: Primarina|52/100|[from] Grassy Terrain
|-heal|p1b: Gothitelle|85/100|[from] Grassy Terrain
|upkeep
|turn|11
|
|t:|1757171212
|move|p1b: Gothitelle|Helping Hand|p1a: Primarina
|-singleturn|p1a: Primarina|Helping Hand|[of] p1b: Gothitelle
|move|p2b: Sneasler|Dire Claw|p1a: Primarina
|-supereffective|p1a: Primarina
|-damage|p1a: Primarina|0 fnt
|faint|p1a: Primarina
|move|p2a: Electabuzz|Electroweb|p1b: Gothitelle|[miss]
|-miss|p2a: Electabuzz|p1b: Gothitelle
|
|-heal|p2a: Electabuzz|72/100|[from] Grassy Terrain
|-heal|p1b: Gothitelle|91/100|[from] Grassy Terrain
|upkeep
|l|☆Drubird
|inactive|Drubird disconnected and has a minute to reconnect!
|player|p1|
|c|☆nero1694|Gg
|inactive|Drubird has 30 seconds left.
|inactive|Drubird has 20 seconds left.
|inactive|Drubird has 15 seconds left.
|inactive|Drubird has 10 seconds left.
|inactive|Drubird has 5 seconds left.
|l|☆nero1694
|inactive|nero1694 disconnected and has a minute to reconnect!
|player|p2|
|-message|Drubird lost due to inactivity.
|
|win|nero1694
|raw|Drubird's rating: 1039 → 1027(-12 for losing)
|raw|nero1694's rating: 1122 → 1141(+19 for winning)
|j|☆nero1694
|player|p2|nero1694|n|
