|j|☆mudkipc4
|j|☆NicoHax
|html|mudkipc4NicoHax    
|uhtml|bestof|Game 3 of a best-of-3
|t:|1756166835
|gametype|doubles
|player|p1|mudkipc4|norman|1192
|player|p2|NicoHax|ethan|1247
|gen|9
|tier|[Gen 9] VGC 2025 Reg H (Bo3)
|rated|
|rule|Species Clause: Limit one of each Pokémon
|rule|Item Clause: Limit 1 of each item
|clearpoke
|poke|p1|Incineroar, L50, M|
|poke|p1|Garchomp, L50, M|
|poke|p1|Talonflame, L50, F|
|poke|p1|Tyranitar, L50, F|
|poke|p1|Gothitelle, L50, F|
|poke|p1|Gholdengo, L50|
|poke|p2|Sneasler, L50, F|
|poke|p2|Volcarona, L50, F|
|poke|p2|Baxcalibur, L50, M|
|poke|p2|Rillaboom, L50, M|
|poke|p2|Kingambit, L50, M|
|poke|p2|Dondozo, L50, M|
|teampreview|4
|showteam|p1|Incineroar||RockyHelmet|Intimidate|FakeOut,KnockOff,FlareBlitz,PartingShot|||M|||50|,,,,,Grass]Garchomp||ClearAmulet|SandVeil|SwordsDance,Protect,Earthquake,DragonClaw|||M|||50|,,,,,Ground]Talonflame||SafetyGoggles|GaleWings|Tailwind,BraveBird,WillOWisp,QuickGuard|||F|||50|,,,,,Ghost]Tyranitar||AssaultVest|SandStream|RockSlide,KnockOff,LowKick,TeraBlast|||F|||50|,,,,,Flying]Gothitelle||SitrusBerry|ShadowTag|FakeOut,Psychic,Taunt,Protect|||F|||50|,,,,,Grass]Gholdengo||Leftovers|GoodasGold|NastyPlot,MakeItRain,ShadowBall,Protect||||||50|,,,,,Steel
|showteam|p2|Sneasler||FocusSash|Unburden|Protect,CloseCombat,DireClaw,Coaching|||F|||50|,,,,,Stellar]Volcarona||CovertCloak|FlameBody|QuiverDance,HeatWave,TeraBlast,Protect|||F|||50|,,,,,Fairy]Baxcalibur||LoadedDice|ThermalExchange|Protect,IceShard,ScaleShot,IcicleSpear|||M|||50|,,,,,Ghost]Rillaboom||AssaultVest|GrassySurge|WoodHammer,GrassyGlide,HighHorsepower,FakeOut|||M|||50|,,,,,Water]Kingambit||SafetyGoggles|Defiant|KowtowCleave,SuckerPunch,SwordsDance,Protect|||M|||50|,,,,,Ghost]Dondozo||Leftovers|Unaware|Protect,Yawn,Liquidation,Fissure|||M|||50|,,,,,Poison
|inactive|Battle timer is ON: inactive players will automatically lose when time's up. (requested by mudkipc4)
|
|t:|1756166851
|teamsize|p1|4
|teamsize|p2|4
|start
|switch|p1a: Talonflame|Talonflame, L50, F|100/100
|switch|p1b: Tyranitar|Tyranitar, L50, F, shiny|100/100
|switch|p2a: Siddartha|Baxcalibur, L50, M|100/100
|switch|p2b: Jonathan|Rillaboom, L50, M|100/100
|-fieldstart|move: Grassy Terrain|[from] ability: Grassy Surge|[of] p2b: Jonathan
|-weather|Sandstorm|[from] ability: Sand Stream|[of] p1b: Tyranitar
|turn|1
|
|t:|1756166863
|move|p1a: Talonflame|Will-O-Wisp|p2b: Jonathan
|-status|p2b: Jonathan|brn
|move|p2a: Siddartha|Icicle Spear|p1b: Tyranitar
|-damage|p1b: Tyranitar|86/100
|-damage|p1b: Tyranitar|74/100
|-damage|p1b: Tyranitar|59/100
|-damage|p1b: Tyranitar|45/100
|-damage|p1b: Tyranitar|32/100
|-hitcount|p1b: Tyranitar|5
|move|p2b: Jonathan|Wood Hammer|p1b: Tyranitar
|-supereffective|p1b: Tyranitar
|-damage|p1b: Tyranitar|0 fnt
|faint|p1b: Tyranitar
|-damage|p2b: Jonathan|90/100 brn|[from] Recoil
|
|-weather|Sandstorm|[upkeep]
|-damage|p2a: Siddartha|95/100|[from] Sandstorm
|-damage|p2b: Jonathan|84/100 brn|[from] Sandstorm
|-heal|p2a: Siddartha|100/100|[from] Grassy Terrain
|-heal|p2b: Jonathan|90/100 brn|[from] Grassy Terrain
|-damage|p2b: Jonathan|84/100 brn|[from] brn
|upkeep
|
|t:|1756166874
|switch|p1b: Gholdengo|Gholdengo, L50|100/100
|turn|2
|
|t:|1756166885
|switch|p2b: Kaisen|Kingambit, L50, M|100/100
|move|p1a: Talonflame|Tailwind|p1a: Talonflame
|-sidestart|p1: mudkipc4|move: Tailwind
|move|p1b: Gholdengo|Nasty Plot|p1b: Gholdengo
|-boost|p1b: Gholdengo|spa|2
|move|p2a: Siddartha|Scale Shot|p1a: Talonflame
|-damage|p1a: Talonflame|82/100
|-damage|p1a: Talonflame|64/100
|-damage|p1a: Talonflame|45/100
|-damage|p1a: Talonflame|25/100
|-damage|p1a: Talonflame|5/100
|-hitcount|p1a: Talonflame|5
|-unboost|p2a: Siddartha|def|1
|-boost|p2a: Siddartha|spe|1
|
|-weather|Sandstorm|[upkeep]
|-damage|p2a: Siddartha|95/100|[from] Sandstorm
|-heal|p2a: Siddartha|100/100|[from] Grassy Terrain
|upkeep
|turn|3
|
|t:|1756166909
|-terastallize|p1b: Gholdengo|Steel
|move|p2a: Siddartha|Ice Shard|p1a: Talonflame
|-crit|p1a: Talonflame
|-damage|p1a: Talonflame|0 fnt
|faint|p1a: Talonflame
|move|p1b: Gholdengo|Make It Rain|p2a: Siddartha|[spread] p2a,p2b
|-supereffective|p2a: Siddartha
|-resisted|p2b: Kaisen
|-crit|p2b: Kaisen
|-damage|p2a: Siddartha|0 fnt
|-damage|p2b: Kaisen|19/100
|-unboost|p1b: Gholdengo|spa|1
|faint|p2a: Siddartha
|move|p2b: Kaisen|Kowtow Cleave|p1b: Gholdengo
|-damage|p1b: Gholdengo|55/100
|
|-weather|Sandstorm|[upkeep]
|-heal|p1b: Gholdengo|61/100|[from] Grassy Terrain
|-heal|p1b: Gholdengo|68/100|[from] item: Leftovers
|-heal|p2b: Kaisen|25/100|[from] Grassy Terrain
|upkeep
|
|t:|1756166928
|switch|p1a: Garchomp|Garchomp, L50, M|100/100
|switch|p2a: Jonathan|Rillaboom, L50, M|84/100 brn
|turn|4
|
|t:|1756166940
|move|p1b: Gholdengo|Protect|p1b: Gholdengo
|-singleturn|p1b: Gholdengo|Protect
|move|p2a: Jonathan|Fake Out|p1a: Garchomp
|-damage|p1a: Garchomp|94/100
|move|p2b: Kaisen|Sucker Punch||[still]
|-fail|p2b: Kaisen
|cant|p1a: Garchomp|flinch
|
|-weather|Sandstorm|[upkeep]
|-damage|p2a: Jonathan|78/100 brn|[from] Sandstorm
|-heal|p1a: Garchomp|99/100|[from] Grassy Terrain
|-heal|p1b: Gholdengo|74/100|[from] Grassy Terrain
|-heal|p1b: Gholdengo|80/100|[from] item: Leftovers
|-heal|p2a: Jonathan|84/100 brn|[from] Grassy Terrain
|-heal|p2b: Kaisen|31/100|[from] Grassy Terrain
|-damage|p2a: Jonathan|78/100 brn|[from] brn
|upkeep
|turn|5
|
|t:|1756166950
|-terastallize|p2a: Jonathan|Water
|move|p2b: Kaisen|Protect|p2b: Kaisen
|-singleturn|p2b: Kaisen|Protect
|move|p1a: Garchomp|Swords Dance|p1a: Garchomp
|-boost|p1a: Garchomp|atk|2
|move|p1b: Gholdengo|Make It Rain|p2b: Kaisen|[spread] p2a
|-activate|p2b: Kaisen|move: Protect
|-resisted|p2a: Jonathan
|-damage|p2a: Jonathan|41/100 brn
|-unboost|p1b: Gholdengo|spa|1
|move|p2a: Jonathan|High Horsepower|p1b: Gholdengo
|-supereffective|p1b: Gholdengo
|-damage|p1b: Gholdengo|52/100
|
|-weather|none
|-heal|p1a: Garchomp|100/100|[from] Grassy Terrain
|-heal|p1b: Gholdengo|58/100|[from] Grassy Terrain
|-heal|p1b: Gholdengo|65/100|[from] item: Leftovers
|-heal|p2a: Jonathan|47/100 brn|[from] Grassy Terrain
|-heal|p2b: Kaisen|37/100|[from] Grassy Terrain
|-damage|p2a: Jonathan|41/100 brn|[from] brn
|-sideend|p1: mudkipc4|move: Tailwind
|-fieldend|move: Grassy Terrain
|upkeep
|turn|6
|inactive|NicoHax has 30 seconds left.
|
|t:|1756166977
|move|p2b: Kaisen|Sucker Punch|p1a: Garchomp
|-damage|p1a: Garchomp|61/100
|move|p1a: Garchomp|Dragon Claw|p2a: Jonathan
|-damage|p2a: Jonathan|0 fnt
|faint|p2a: Jonathan
|move|p1b: Gholdengo|Make It Rain|p2b: Kaisen
|-resisted|p2b: Kaisen
|-damage|p2b: Kaisen|0 fnt
|-unboost|p1b: Gholdengo|spa|1
|faint|p2b: Kaisen
|
|-heal|p1b: Gholdengo|71/100|[from] item: Leftovers
|upkeep
|
|t:|1756166982
|switch|p2b: Laertes|Sneasler, L50, F|100/100
|turn|7
|
|t:|1756166990
|move|p1b: Gholdengo|Protect|p1b: Gholdengo
|-singleturn|p1b: Gholdengo|Protect
|move|p2b: Laertes|Close Combat|p1b: Gholdengo
|-activate|p1b: Gholdengo|move: Protect
|move|p1a: Garchomp|Dragon Claw|p2b: Laertes
|-enditem|p2b: Laertes|Focus Sash
|-damage|p2b: Laertes|1/100
|
|-heal|p1b: Gholdengo|77/100|[from] item: Leftovers
|upkeep
|turn|8
|c|☆NicoHax|GGWP!
|-message|NicoHax forfeited.
|
|win|mudkipc4
|raw|mudkipc4's rating: 1192 → 1221(+29 for winning)
|raw|NicoHax's rating: 1247 → 1218(-29 for losing)
|c|☆mudkipc4|Wp!
