|j|☆gluttorn
|j|☆ThePrinceofNT
|html|gluttornThePrinceofNT    
|uhtml|bestof|Game 2 of a best-of-3
|t:|1783135653
|gametype|doubles
|player|p1|gluttorn|cynthia-gen4|1113
|player|p2|ThePrinceofNT|2|1272
|gen|9
|tier|[Gen 9 Champions] VGC 2026 Reg M-B (Bo3)
|rated|
|rule|Species Clause: Limit one of each Pokémon
|rule|Item Clause: Limit 1 of each item
|clearpoke
|poke|p1|Scrafty, L50, F|
|poke|p1|Torkoal, L50, M|
|poke|p1|Farigiraf, L50, F|
|poke|p1|Hatterene, L50, F|
|poke|p1|Vileplume, L50, F|
|poke|p1|Lucario, L50, F|
|poke|p2|Pyroar, L50, F, shiny|
|poke|p2|Hydreigon, L50, M, shiny|
|poke|p2|Farigiraf, L50, F, shiny|
|poke|p2|Torkoal, L50, F, shiny|
|poke|p2|Sneasler, L50, F, shiny|
|poke|p2|Mawile, L50, F, shiny|
|teampreview|4
|showteam|p1|Scrafty||Scraftinite|Intimidate|FakeOut,KnockOff,DrainPunch,RockSlide|Brave||F|||50|]Torkoal||Charcoal|Drought|EarthPower,HeatWave,Eruption,Protect|Quiet||M|||50|]Farigiraf||MentalHerb|ArmorTail|Protect,HelpingHand,TrickRoom,Psychic|Calm||F|||50|]Hatterene||LifeOrb|MagicBounce|DazzlingGleam,Psychic,TrickRoom,Protect|Modest||F|||50|]Vileplume||FocusSash|Chlorophyll|AfterYou,Protect,EnergyBall,SludgeBomb|Timid||F|||50|]Lucario||Lucarionite|InnerFocus|ThunderPunch,BulletPunch,CloseCombat,Protect|Adamant||F|||50|
|showteam|p2|Pyroar||Pyroarite|Rivalry|HeatWave,Overheat,SolarBeam,Protect|Timid||F|||50|]Hydreigon||ChoiceScarf|Levitate|DracoMeteor,Snarl,DarkPulse,SunnyDay|Modest||M|||50|]Farigiraf||SitrusBerry|ArmorTail|HelpingHand,TrickRoom,TwinBeam,Thunderbolt|Bold||F|||50|]Torkoal||Charcoal|Drought|HeatWave,HelpingHand,Protect,Eruption|Quiet||F|||50|]Sneasler||WhiteHerb|Unburden|CloseCombat,GunkShot,Protect,FakeOut|Adamant||F|||50|]Mawile||Mawilite|Intimidate|SwordsDance,PlayRough,SuckerPunch,Protect|Brave||F|||50|
|inactive|Battle timer is ON: inactive players will automatically lose when time's up. (requested by gluttorn)
|
|t:|1783135691
|teamsize|p1|4
|teamsize|p2|4
|start
|switch|p1a: Farigiraf|Farigiraf, L50, F|100/100
|switch|p1b: Scrafty|Scrafty, L50, F|100/100
|switch|p2a: Pyroar|Pyroar, L50, F, shiny|100/100
|switch|p2b: Torkoal|Torkoal, L50, F, shiny|100/100
|-ability|p1b: Scrafty|Intimidate|boost
|-unboost|p2a: Pyroar|atk|1
|-unboost|p2b: Torkoal|atk|1
|-weather|SunnyDay|[from] ability: Drought|[of] p2b: Torkoal
|turn|1
|inactive|gluttorn has 30 seconds left.
|
|t:|1783135718
|detailschange|p2a: Pyroar|Pyroar-Mega, L50, F, shiny
|-mega|p2a: Pyroar|Pyroar|Pyroarite
|move|p1a: Farigiraf|Helping Hand|p1b: Scrafty
|-singleturn|p1b: Scrafty|Helping Hand|[of] p1a: Farigiraf
|move|p2a: Pyroar|Heat Wave|p1b: Scrafty|[spread] p1a,p1b
|-damage|p1a: Farigiraf|37/100
|-damage|p1b: Scrafty|19/100
|move|p1b: Scrafty|Rock Slide|p2b: Torkoal|[spread] p2a,p2b
|-supereffective|p2a: Pyroar|1
|-supereffective|p2b: Torkoal|1
|-damage|p2a: Pyroar|46/100
|-damage|p2b: Torkoal|63/100
|cant|p2b: Torkoal|flinch
|
|-weather|SunnyDay|[upkeep]
|upkeep
|turn|2
|
|t:|1783135739
|switch|p1b: Torkoal|Torkoal, L50, M|100/100
|move|p2b: Torkoal|Helping Hand|p2a: Pyroar
|-singleturn|p2a: Pyroar|Helping Hand|[of] p2b: Torkoal
|move|p2a: Pyroar|Heat Wave|p1b: Torkoal|[spread] p1a,p1b
|-resisted|p1b: Torkoal|1
|-damage|p1a: Farigiraf|0 fnt
|-damage|p1b: Torkoal|13/100
|faint|p1a: Farigiraf
|
|-weather|SunnyDay|[upkeep]
|upkeep
|
|t:|1783135754
|switch|p1a: Scrafty|Scrafty, L50, F|19/100
|-ability|p1a: Scrafty|Intimidate|boost
|-unboost|p2a: Pyroar|atk|1
|-unboost|p2b: Torkoal|atk|1
|turn|3
|
|t:|1783135779
|detailschange|p1a: Scrafty|Scrafty-Mega, L50, F
|-mega|p1a: Scrafty|Scrafty|Scraftinite
|-ability|p1a: Scrafty|Intimidate|boost
|-unboost|p2a: Pyroar|atk|1
|-unboost|p2b: Torkoal|atk|1
|move|p2a: Pyroar|Protect|p2a: Pyroar
|-singleturn|p2a: Pyroar|Protect
|move|p2b: Torkoal|Protect|p2b: Torkoal
|-singleturn|p2b: Torkoal|Protect
|move|p1a: Scrafty|Drain Punch|p2a: Pyroar
|-activate|p2a: Pyroar|move: Protect
|move|p1b: Torkoal|Eruption|p2b: Torkoal|[spread] 
|-activate|p2a: Pyroar|move: Protect
|-activate|p2b: Torkoal|move: Protect
|
|-weather|SunnyDay|[upkeep]
|upkeep
|turn|4
|
|t:|1783135799
|move|p2a: Pyroar|Heat Wave|p1a: Scrafty|[spread] p1a,p1b
|-resisted|p1b: Torkoal|1
|-damage|p1a: Scrafty|0 fnt
|-damage|p1b: Torkoal|0 fnt
|faint|p1a: Scrafty
|faint|p1b: Torkoal
|move|p2b: Torkoal|Heat Wave|p1: Scrafty|[notarget]
|-fail|p2b: Torkoal
|
|-weather|SunnyDay|[upkeep]
|upkeep
|
|t:|1783135809
|switch|p1a: Hatterene|Hatterene, L50, F|100/100
|turn|5
|
|t:|1783135814
|move|p2a: Pyroar|Overheat|p1a: Hatterene
|-damage|p1a: Hatterene|0 fnt
|-unboost|p2a: Pyroar|spa|2
|faint|p1a: Hatterene
|
|win|ThePrinceofNT
|raw|gluttorn's rating: 1113 → 1099(-14 for losing)
|raw|ThePrinceofNT's rating: 1272 → 1286(+14 for winning)
