|j|☆Clodsireenjoyer999
|j|☆vilan333
|html|Clodsireenjoyer999vilan333    
|uhtml|bestof|Game 1 of a best-of-3
|t:|1756250153
|gametype|doubles
|player|p1|Clodsireenjoyer999|chili|1000
|player|p2|vilan333|marshal|1089
|gen|9
|tier|[Gen 9] VGC 2025 Reg H (Bo3)
|rated|
|rule|Species Clause: Limit one of each Pokémon
|rule|Item Clause: Limit 1 of each item
|clearpoke
|poke|p1|Ninetales-Alola, L50, M|
|poke|p1|Tatsugiri, L50, M|
|poke|p1|Dondozo, L50, F|
|poke|p1|Incineroar, L50, F|
|poke|p1|Talonflame, L50, F|
|poke|p1|Rotom-Frost, L50|
|poke|p2|Sneasler, L50, M|
|poke|p2|Indeedee, L50, M|
|poke|p2|Ursaluna-Bloodmoon, L50, M|
|poke|p2|Electabuzz, L50, F|
|poke|p2|Talonflame, L50, M|
|poke|p2|Dragonite, L50, F|
|teampreview|4
|showteam|p1|Ninetales-Alola||RockyHelmet|SnowWarning|Blizzard,Moonblast,AuroraVeil,Encore|||M|||50|,,,,,Water]Tatsugiri||FocusSash|Commander|MuddyWater,DracoMeteor,Taunt,Protect|||M|||50|,,,,,Steel]Dondozo||ChoiceBand|Oblivious|WaveCrash,RockSlide,Earthquake,TeraBlast|||F|||50|,,,,,Ghost]Incineroar||FigyBerry|Intimidate|FlareBlitz,FakeOut,KnockOff,WillOWisp|||F|||50|,,,,,Ghost]Talonflame||CovertCloak|GaleWings|BraveBird,Tailwind,FlareBlitz,Taunt|||F|||50|,,,,,Ghost]Rotom-Frost||ChoiceSpecs|Levitate|Blizzard,Thunderbolt,TeraBlast,VoltSwitch||||||50|,,,,,Fire
|showteam|p2|Sneasler||PsychicSeed|Unburden|Protect,CloseCombat,DireClaw,ThroatChop|||M|||50|,,,,,Dark]Indeedee||FocusSash|PsychicSurge|Imprison,TrickRoom,ExpandingForce,TeraBlast|||M|||50|,,,,,Fighting]Ursaluna-Bloodmoon||LifeOrb|MindsEye|Protect,HyperVoice,BloodMoon,EarthPower|||M|||50|,,,,,Normal]Electabuzz||Eviolite|VitalSpirit|Electroweb,Protect,Taunt,FollowMe|||F|||50|,,,,,Ghost]Talonflame||CovertCloak|GaleWings|Tailwind,WillOWisp,DualWingbeat,FlareBlitz|||M|||50|,,,,,Fairy]Dragonite||LoadedDice|Multiscale|Protect,Haze,ScaleShot,LowKick|||F|||50|,,,,,Fairy
|c|☆Clodsireenjoyer999|glhf
|
|t:|1756250214
|teamsize|p1|4
|teamsize|p2|4
|start
|switch|p1a: Ninetales|Ninetales-Alola, L50, M|100/100
|switch|p1b: Rotom|Rotom-Frost, L50|100/100
|switch|p2a: Electabuzz|Electabuzz, L50, F, shiny|100/100
|switch|p2b: Ursaluna|Ursaluna-Bloodmoon, L50, M|100/100
|-weather|Snowscape|[from] ability: Snow Warning|[of] p1a: Ninetales
|turn|1
|
|t:|1756250232
|move|p2b: Ursaluna|Protect|p2b: Ursaluna
|-singleturn|p2b: Ursaluna|Protect
|move|p1a: Ninetales|Aurora Veil|p1a: Ninetales
|-sidestart|p1: Clodsireenjoyer999|move: Aurora Veil
|move|p2a: Electabuzz|Electroweb|p1a: Ninetales|[spread] p1a,p1b
|-resisted|p1b: Rotom
|-damage|p1a: Ninetales|88/100
|-damage|p1b: Rotom|95/100
|-unboost|p1a: Ninetales|spe|1
|-unboost|p1b: Rotom|spe|1
|move|p1b: Rotom|Blizzard|p2a: Electabuzz|[spread] p2a
|-activate|p2b: Ursaluna|move: Protect
|-damage|p2a: Electabuzz|56/100
|-status|p2a: Electabuzz|frz
|
|-weather|Snowscape|[upkeep]
|upkeep
|turn|2
|
|t:|1756250252
|-terastallize|p2b: Ursaluna|Normal
|cant|p2a: Electabuzz|frz
|move|p1a: Ninetales|Blizzard|p2a: Electabuzz|[spread] p2a,p2b
|-damage|p2a: Electabuzz|38/100 frz
|-damage|p2b: Ursaluna|69/100
|move|p2b: Ursaluna|Hyper Voice|p1b: Rotom|[spread] p1a,p1b
|-crit|p1a: Ninetales
|-damage|p1a: Ninetales|0 fnt
|-damage|p1b: Rotom|27/100
|faint|p1a: Ninetales
|-damage|p2b: Ursaluna|59/100|[from] item: Life Orb
|move|p1b: Rotom|Blizzard|p2a: Electabuzz|[spread] p2a,p2b
|-damage|p2a: Electabuzz|0 fnt
|-damage|p2b: Ursaluna|0 fnt
|faint|p2a: Electabuzz
|faint|p2b: Ursaluna
|
|-weather|Snowscape|[upkeep]
|upkeep
|
|t:|1756250273
|switch|p1a: Dondozo|Dondozo, L50, F|100/100
|switch|p2a: Indeedee|Indeedee, L50, M|100/100
|switch|p2b: Daeron I|Dragonite, L50, F|100/100
|-fieldstart|move: Psychic Terrain|[from] ability: Psychic Surge|[of] p2a: Indeedee
|turn|3
|
|t:|1756250293
|switch|p1b: Tatsugiri|Tatsugiri, L50, M|100/100
|-activate|p1b: Tatsugiri|ability: Commander|[of] p1a: Dondozo
|-boost|p1a: Dondozo|atk|2
|-boost|p1a: Dondozo|spa|2
|-boost|p1a: Dondozo|spe|2
|-boost|p1a: Dondozo|def|2
|-boost|p1a: Dondozo|spd|2
|move|p1a: Dondozo|Wave Crash|p2a: Indeedee
|-enditem|p2a: Indeedee|Focus Sash
|-damage|p2a: Indeedee|1/100
|-damage|p1a: Dondozo|80/100|[from] Recoil
|move|p2a: Indeedee|Expanding Force|p1a: Dondozo|[spread] p1a
|-miss|p2a: Indeedee|p1b: Tatsugiri
|-damage|p1a: Dondozo|57/100
|move|p2b: Daeron I|Scale Shot|p1a: Dondozo
|-damage|p1a: Dondozo|53/100
|-damage|p1a: Dondozo|49/100
|-damage|p1a: Dondozo|45/100
|-damage|p1a: Dondozo|41/100
|-crit|p1a: Dondozo
|-damage|p1a: Dondozo|24/100
|-hitcount|p1a: Dondozo|5
|-unboost|p2b: Daeron I|def|1
|-boost|p2b: Daeron I|spe|1
|
|-weather|Snowscape|[upkeep]
|upkeep
|turn|4
|
|t:|1756250324
|move|p2b: Daeron I|Scale Shot|p1a: Dondozo
|-damage|p1a: Dondozo|20/100
|-damage|p1a: Dondozo|16/100
|-damage|p1a: Dondozo|12/100
|-damage|p1a: Dondozo|8/100
|-hitcount|p1a: Dondozo|4
|-unboost|p2b: Daeron I|def|1
|-boost|p2b: Daeron I|spe|1
|move|p1a: Dondozo|Wave Crash|p2b: Daeron I
|-resisted|p2b: Daeron I
|-damage|p2b: Daeron I|18/100
|-damage|p1a: Dondozo|0 fnt|[from] Recoil
|faint|p1a: Dondozo
|move|p2a: Indeedee|Expanding Force|p1b: Tatsugiri
|-damage|p1b: Tatsugiri|36/100
|
|-weather|Snowscape|[upkeep]
|upkeep
|
|t:|1756250340
|switch|p1a: Rotom|Rotom-Frost, L50|27/100
|turn|5
|c|☆Clodsireenjoyer999|gg
|
|t:|1756250355
|-terastallize|p1b: Tatsugiri|Steel
|move|p2b: Daeron I|Scale Shot|p1b: Tatsugiri
|-resisted|p1b: Tatsugiri
|-damage|p1b: Tatsugiri|28/100
|-resisted|p1b: Tatsugiri
|-damage|p1b: Tatsugiri|19/100
|-resisted|p1b: Tatsugiri
|-damage|p1b: Tatsugiri|9/100
|-resisted|p1b: Tatsugiri
|-damage|p1b: Tatsugiri|0 fnt
|faint|p1b: Tatsugiri
|-hitcount|p1: Tatsugiri|4
|-unboost|p2b: Daeron I|def|1
|-boost|p2b: Daeron I|spe|1
|move|p2a: Indeedee|Expanding Force|p1a: Rotom
|-damage|p1a: Rotom|0 fnt
|faint|p1a: Rotom
|
|win|vilan333
|inactive|Clodsireenjoyer999 has 30 seconds to confirm battle start!
|inactive|vilan333 has 30 seconds to confirm battle start!
||Clodsireenjoyer999 is ready for game 2.
|inactive|vilan333 has 20 seconds to confirm battle start!
|l|☆vilan333
|player|p2|
||vilan333 is ready for game 2.
|uhtml|next|Next: Game 2 of 3
|l|☆Clodsireenjoyer999
|player|p1|
|j|☆vilan333
|player|p2|vilan333|marshal|
