|j|☆KatKraydel
|j|☆ShadowGhost4488
|html|KatKraydelShadowGhost4488    
|uhtml|bestof|Game 1 of a best-of-3
|t:|1783533962
|gametype|doubles
|player|p1|KatKraydel|lebanne|
|player|p2|ShadowGhost4488|unknownf|
|gen|9
|tier|[Gen 9 Champions] VGC 2026 Reg M-B (Bo3)
|rule|Species Clause: Limit one of each Pokémon
|rule|Item Clause: Limit 1 of each item
|clearpoke
|poke|p1|Tyranitar, L50, M|
|poke|p1|Whimsicott, L50, F|
|poke|p1|Excadrill, L50, F|
|poke|p1|Kommo-o, L50, F|
|poke|p1|Venusaur, L50, M|
|poke|p1|Basculegion, L50, M|
|poke|p2|Scrafty, L50, M, shiny|
|poke|p2|Golurk, L50, shiny|
|poke|p2|Sylveon, L50, F, shiny|
|poke|p2|Torkoal, L50, M, shiny|
|poke|p2|Farigiraf, L50, F, shiny|
|poke|p2|Sinistcha, L50, shiny|
|teampreview|4
|showteam|p1|Tyranitar||Tyranitarite|SandStream|RockSlide,KnockOff,IcePunch,Protect|Adamant||M|||50|]Whimsicott||MentalHerb|Prankster|Moonblast,Tailwind,FakeTears,Protect|Bold||F|||50|]Excadrill||FocusSash|SandRush|HighHorsepower,IronHead,RockTomb,Protect|Adamant||F|||50|]Kommo-o||LifeOrb|Overcoat|ClangingScales,AuraSphere,FlashCannon,Protect|Modest||F|||50|]Venusaur||Venusaurite|Chlorophyll|EnergyBall,SludgeBomb,EarthPower,Protect|Modest||M|||50|]Basculegion||ChoiceScarf|Adaptability|WaveCrash,LastRespects,AquaJet,FlipTurn|Adamant||M|||50|
|showteam|p2|Scrafty||Scraftinite|Intimidate|Detect,CloseCombat,KnockOff,FakeOut|Brave||M|||50|]Golurk||Golurkite|IronFist|HeadlongRush,Poltergeist,Protect,RockSlide|Brave|||||50|]Sylveon||FairyFeather|Pixilate|Detect,QuickAttack,HyperVoice,HyperBeam|Quiet||F|||50|]Torkoal||Charcoal|Drought|Eruption,EarthPower,Protect,WeatherBall|Quiet||M|||50|]Farigiraf||SitrusBerry|ArmorTail|TrickRoom,HelpingHand,Thunderbolt,TwinBeam|Relaxed||F|||50|]Sinistcha||ColburBerry|Hospitality|MatchaGotcha,TrickRoom,RagePowder,LifeDew|Relaxed|||||50|
|inactive|Battle timer is ON: inactive players will automatically lose when time's up. (requested by ShadowGhost4488)
|inactive|KatKraydel has 60 seconds left.
|inactive|ShadowGhost4488 has 60 seconds left.
|c|☆KatKraydel|glhf
|c|☆ShadowGhost4488|glhf
|
|t:|1783534021
|teamsize|p1|4
|teamsize|p2|4
|start
|switch|p1a: fishing with you|Basculegion, L50, M|100/100
|switch|p1b: my way|Tyranitar, L50, M|100/100
|switch|p2a: Farigiraf|Farigiraf, L50, F, shiny|100/100
|switch|p2b: Scrafty|Scrafty, L50, M, shiny|100/100
|-weather|Sandstorm|[from] ability: Sand Stream|[of] p1b: my way
|-ability|p2b: Scrafty|Intimidate|boost
|-unboost|p1a: fishing with you|atk|1
|-unboost|p1b: my way|atk|1
|turn|1
|inactive|ShadowGhost4488 has 30 seconds left.
|inactive|ShadowGhost4488 has 20 seconds left.
|
|t:|1783534057
|switch|p1b: Bounce Man|Whimsicott, L50, F|100/100
|detailschange|p2b: Scrafty|Scrafty-Mega, L50, M, shiny
|-mega|p2b: Scrafty|Scrafty|Scraftinite
|-ability|p2b: Scrafty|Intimidate|boost
|-unboost|p1a: fishing with you|atk|1
|-unboost|p1b: Bounce Man|atk|1
|move|p2b: Scrafty|Fake Out|p1b: Bounce Man
|-damage|p1b: Bounce Man|83/100
|move|p1a: fishing with you|Flip Turn|p2a: Farigiraf
|-damage|p2a: Farigiraf|85/100
|
|t:|1783534075
|switch|p1a: Boom Clap|Kommo-o, L50, F|100/100|[from] Flip Turn
|move|p2a: Farigiraf|Trick Room|p2a: Farigiraf
|-fieldstart|move: Trick Room|[of] p2a: Farigiraf
|
|-weather|Sandstorm|[upkeep]
|-damage|p2a: Farigiraf|79/100|[from] Sandstorm
|-damage|p2b: Scrafty|94/100|[from] Sandstorm
|-damage|p1b: Bounce Man|77/100|[from] Sandstorm
|upkeep
|turn|2
|
|t:|1783534097
|switch|p2b: Sylveon|Sylveon, L50, F, shiny|100/100
|move|p1a: Boom Clap|Protect|p1a: Boom Clap
|-singleturn|p1a: Boom Clap|Protect
|move|p2a: Farigiraf|Twin Beam|p1a: Boom Clap
|-activate|p1a: Boom Clap|move: Protect
|move|p1b: Bounce Man|Moonblast|p2b: Sylveon
|-damage|p2b: Sylveon|79/100
|
|-weather|Sandstorm|[upkeep]
|-damage|p2b: Sylveon|73/100|[from] Sandstorm
|-damage|p2a: Farigiraf|73/100|[from] Sandstorm
|-damage|p1b: Bounce Man|71/100|[from] Sandstorm
|upkeep
|turn|3
|
|t:|1783534111
|switch|p1a: fishing with you|Basculegion, L50, M|100/100
|move|p2a: Farigiraf|Helping Hand|p2b: Sylveon
|-singleturn|p2b: Sylveon|Helping Hand|[of] p2a: Farigiraf
|move|p1b: Bounce Man|Protect|p1b: Bounce Man
|-singleturn|p1b: Bounce Man|Protect
|move|p2b: Sylveon|Hyper Voice|p1b: Bounce Man|[spread] p1a
|-activate|p1b: Bounce Man|move: Protect
|-damage|p1a: fishing with you|20/100r
|
|-weather|Sandstorm|[upkeep]
|-damage|p2a: Farigiraf|67/100|[from] Sandstorm
|-damage|p2b: Sylveon|67/100|[from] Sandstorm
|-damage|p1b: Bounce Man|65/100|[from] Sandstorm
|-damage|p1a: fishing with you|14/100|[from] Sandstorm
|upkeep
|turn|4
|
|t:|1783534124
|move|p2a: Farigiraf|Helping Hand|p2b: Sylveon
|-singleturn|p2b: Sylveon|Helping Hand|[of] p2a: Farigiraf
|move|p1b: Bounce Man|Protect||[still]
|-fail|p1b: Bounce Man
|move|p2b: Sylveon|Hyper Voice|p1a: fishing with you|[spread] p1a,p1b
|-damage|p1a: fishing with you|0 fnt
|-damage|p1b: Bounce Man|0 fnt
|faint|p1a: fishing with you
|faint|p1b: Bounce Man
|
|-weather|Sandstorm|[upkeep]
|-damage|p2b: Sylveon|61/100|[from] Sandstorm
|-damage|p2a: Farigiraf|61/100|[from] Sandstorm
|upkeep
|
|t:|1783534128
|switch|p1a: Boom Clap|Kommo-o, L50, F|100/100
|switch|p1b: my way|Tyranitar, L50, M|100/100
|turn|5
|
|t:|1783534153
|switch|p2a: Scrafty|Scrafty-Mega, L50, M, shiny|94/100
|-ability|p2a: Scrafty|Intimidate|boost
|-unboost|p1a: Boom Clap|atk|1
|-unboost|p1b: my way|atk|1
|switch|p2b: Sinistcha|Sinistcha, L50, shiny|100/100
|-heal|p2a: Scrafty|100/100|[from] ability: Hospitality|[of] p2b: Sinistcha
|detailschange|p1b: my way|Tyranitar-Mega, L50, M
|-mega|p1b: my way|Tyranitar|Tyranitarite
|move|p1a: Boom Clap|Aura Sphere|p2b: Sinistcha
|-immune|p2b: Sinistcha
|move|p1b: my way|Knock Off|p2a: Scrafty
|-resisted|p2a: Scrafty|2
|-damage|p2a: Scrafty|94/100
|
|-weather|none
|-fieldend|move: Trick Room
|upkeep
|turn|6
|
|t:|1783534177
|move|p2a: Scrafty|Fake Out|p1a: Boom Clap
|-damage|p1a: Boom Clap|88/100
|move|p1b: my way|Ice Punch|p2b: Sinistcha
|-supereffective|p2b: Sinistcha|1
|-damage|p2b: Sinistcha|66/100
|cant|p1a: Boom Clap|flinch
|move|p2b: Sinistcha|Trick Room|p2b: Sinistcha
|-fieldstart|move: Trick Room|[of] p2b: Sinistcha
|
|upkeep
|turn|7
|-message|KatKraydel forfeited.
|
|win|ShadowGhost4488
|l|☆KatKraydel
|player|p1|
||KatKraydel is ready for game 2.
||ShadowGhost4488 is ready for game 2.
|uhtml|next|Next: Game 2 of 3
