|j|☆Reboquete
|j|☆abscondia_licorice
|html|Reboqueteabscondia_licorice    
|uhtml|bestof|Game 1 of a best-of-3
|t:|1785593557
|gametype|doubles
|player|p1|Reboquete|iris-gen5bw2|1279
|player|p2|abscondia_licorice|fisherman|1184
|gen|9
|tier|[Gen 9 Champions] VGC 2026 Reg M-B (Bo3)
|rated|
|rule|Species Clause: Limit one of each Pokémon
|rule|Item Clause: Limit 1 of each item
|clearpoke
|poke|p1|Tyranitar, L50, M|
|poke|p1|Staraptor, L50, F|
|poke|p1|Excadrill, L50, F|
|poke|p1|Milotic, L50, F|
|poke|p1|Gholdengo, L50|
|poke|p1|Sinistcha-Masterpiece, L50|
|poke|p2|Tyranitar, L50, M|
|poke|p2|Excadrill, L50, F|
|poke|p2|Gholdengo, L50|
|poke|p2|Milotic, L50, F|
|poke|p2|Sinistcha, L50|
|poke|p2|Staraptor, L50, F|
|teampreview|4
|showteam|p1|Tyranitar||Tyranitarite|SandStream|RockSlide,KnockOff,Protect,HighHorsepower|Jolly||M|||50|]Staraptor||Staraptite|Intimidate|CloseCombat,BraveBird,Tailwind,Protect|Jolly||F|||50|]Excadrill||FocusSash|SandRush|IronHead,Earthquake,Protect,RockSlide|Adamant||F|||50|]Milotic||SitrusBerry|Competitive|Scald,IcyWind,Haze,Protect|Calm||F|||50|]Gholdengo||LifeOrb|GoodasGold|ShadowBall,MakeItRain,Protect,NastyPlot|Modest|||||50|]Sinistcha-Masterpiece||ColburBerry|Hospitality|MatchaGotcha,ShadowBall,Protect,RagePowder|Bold|||||50|
|showteam|p2|Tyranitar||Tyranitarite|SandStream|RockSlide,KnockOff,LowKick,Protect|Jolly||M|||50|]Excadrill||FocusSash|SandRush|HighHorsepower,IronHead,RockSlide,Protect|Adamant||F|||50|]Gholdengo||LifeOrb|GoodasGold|MakeItRain,ShadowBall,NastyPlot,Protect|Modest|||||50|]Milotic||SitrusBerry|Competitive|Scald,IceBeam,IcyWind,Protect|Calm||F|||50|]Sinistcha||ColburBerry|Hospitality|MatchaGotcha,ShadowBall,RagePowder,Protect|Bold|||||50|]Staraptor||Staraptite|Intimidate|BraveBird,CloseCombat,Tailwind,Protect|Jolly||F|||50|
|inactive|Battle timer is ON: inactive players will automatically lose when time's up. (requested by abscondia_licorice)
|inactive|abscondia_licorice has 60 seconds left.
|inactive|abscondia_licorice has 30 seconds left.
|inactive|abscondia_licorice has 20 seconds left.
|inactive|abscondia_licorice has 15 seconds left.
|inactive|abscondia_licorice has 10 seconds left.
|
|t:|1785593638
|teamsize|p1|4
|teamsize|p2|4
|start
|switch|p1a: Staraptor|Staraptor, L50, F|100/100
|switch|p1b: Milotic|Milotic, L50, F|100/100
|switch|p2a: Staraptor|Staraptor, L50, F|100/100
|switch|p2b: Tyranitar|Tyranitar, L50, M|100/100
|-ability|p1a: Staraptor|Intimidate|boost
|-unboost|p2a: Staraptor|atk|1
|-unboost|p2b: Tyranitar|atk|1
|-ability|p2a: Staraptor|Intimidate|boost
|-unboost|p1a: Staraptor|atk|1
|-unboost|p1b: Milotic|atk|1
|-ability|p1b: Milotic|Competitive|boost
|-boost|p1b: Milotic|spa|2
|-weather|Sandstorm|[from] ability: Sand Stream|[of] p2b: Tyranitar
|turn|1
|inactive|abscondia_licorice has 30 seconds left.
|
|t:|1785593667
|switch|p2b: Milotic|Milotic, L50, F|100/100
|detailschange|p2a: Staraptor|Staraptor-Mega, L50, F
|-mega|p2a: Staraptor|Staraptor|Staraptite
|move|p2a: Staraptor|Close Combat|p1b: Milotic
|-damage|p1b: Milotic|66/100
|-boost|p2a: Staraptor|def|1
|-boost|p2a: Staraptor|spd|1
|move|p1a: Staraptor|Tailwind|p1a: Staraptor
|-sidestart|p1: Reboquete|move: Tailwind
|move|p1b: Milotic|Scald|p2b: Milotic
|-resisted|p2b: Milotic|1
|-damage|p2b: Milotic|81/100
|
|-weather|Sandstorm|[upkeep]
|-damage|p1a: Staraptor|94/100|[from] Sandstorm
|-damage|p1b: Milotic|61/100|[from] Sandstorm
|-damage|p2a: Staraptor|94/100|[from] Sandstorm
|-damage|p2b: Milotic|75/100|[from] Sandstorm
|upkeep
|turn|2
|inactive|Reboquete has 30 seconds left.
|inactive|abscondia_licorice has 30 seconds left.
|
|t:|1785593696
|move|p1a: Staraptor|Brave Bird|p2a: Staraptor
|-supereffective|p2a: Staraptor|1
|-damage|p2a: Staraptor|55/100
|-damage|p1a: Staraptor|81/100|[from] Recoil
|move|p1b: Milotic|Scald|p2a: Staraptor
|-damage|p2a: Staraptor|18/100
|move|p2a: Staraptor|Close Combat|p1b: Milotic
|-damage|p1b: Milotic|25/100
|-boost|p2a: Staraptor|def|1
|-boost|p2a: Staraptor|spd|1
|-enditem|p1b: Milotic|Sitrus Berry|[eat]
|-heal|p1b: Milotic|50/100g|[from] item: Sitrus Berry
|move|p2b: Milotic|Ice Beam|p1a: Staraptor
|-supereffective|p1a: Staraptor|1
|-damage|p1a: Staraptor|13/100
|
|-weather|Sandstorm|[upkeep]
|-damage|p1a: Staraptor|7/100|[from] Sandstorm
|-damage|p1b: Milotic|44/100|[from] Sandstorm
|-damage|p2a: Staraptor|13/100|[from] Sandstorm
|-damage|p2b: Milotic|69/100|[from] Sandstorm
|upkeep
|turn|3
|inactive|Reboquete has 30 seconds left.
|
|t:|1785593730
|switch|p2b: Sinistcha|Sinistcha, L50|100/100
|-heal|p2a: Staraptor|37/100|[from] ability: Hospitality|[of] p2b: Sinistcha
|move|p2a: Staraptor|Protect|p2a: Staraptor
|-singleturn|p2a: Staraptor|Protect
|move|p1a: Staraptor|Brave Bird|p2b: Sinistcha
|-supereffective|p2b: Sinistcha|1
|-damage|p2b: Sinistcha|41/100
|-damage|p1a: Staraptor|0 fnt|[from] Recoil
|faint|p1a: Staraptor
|move|p1b: Milotic|Scald|p2a: Staraptor
|-activate|p2a: Staraptor|move: Protect
|
|-weather|Sandstorm|[upkeep]
|-damage|p1b: Milotic|38/100|[from] Sandstorm
|-damage|p2a: Staraptor|31/100|[from] Sandstorm
|-damage|p2b: Sinistcha|36/100|[from] Sandstorm
|upkeep
|inactive|Reboquete has 30 seconds left.
|
|t:|1785593756
|switch|p1a: Excadrill|Excadrill, L50, F|100/100
|turn|4
|inactive|abscondia_licorice has 30 seconds left.
|
|t:|1785593787
|switch|p2a: Tyranitar|Tyranitar, L50, M|100/100
|move|p1a: Excadrill|Rock Slide|p2a: Tyranitar|[spread] p2a,p2b
|-damage|p2a: Tyranitar|80/100
|-damage|p2b: Sinistcha|18/100
|move|p1b: Milotic|Icy Wind|p2a: Tyranitar|[spread] p2a,p2b
|-supereffective|p2b: Sinistcha|1
|-damage|p2a: Tyranitar|66/100
|-damage|p2b: Sinistcha|0 fnt
|-unboost|p2a: Tyranitar|spe|1
|faint|p2b: Sinistcha
|
|-weather|Sandstorm|[upkeep]
|-damage|p1b: Milotic|33/100|[from] Sandstorm
|-sideend|p1: Reboquete|move: Tailwind
|upkeep
|
|t:|1785593807
|switch|p2b: Staraptor|Staraptor-Mega, L50, F|31/100
|turn|5
|
|t:|1785593815
|move|p2b: Staraptor|Protect|p2b: Staraptor
|-singleturn|p2b: Staraptor|Protect
|move|p2a: Tyranitar|Protect|p2a: Tyranitar
|-singleturn|p2a: Tyranitar|Protect
|move|p1a: Excadrill|Iron Head|p2b: Staraptor
|-activate|p2b: Staraptor|move: Protect
|move|p1b: Milotic|Scald|p2a: Tyranitar
|-activate|p2a: Tyranitar|move: Protect
|
|-weather|none
|upkeep
|turn|6
|inactive|Reboquete has 30 seconds left.
|inactive|abscondia_licorice has 30 seconds left.
|inactive|abscondia_licorice has 20 seconds left.
|inactive|abscondia_licorice has 15 seconds left.
|inactive|abscondia_licorice has 10 seconds left.
|inactive|abscondia_licorice has 5 seconds left.
|
|t:|1785593866
|move|p2b: Staraptor|Close Combat|p1a: Excadrill
|-supereffective|p1a: Excadrill|1
|-enditem|p1a: Excadrill|Focus Sash
|-damage|p1a: Excadrill|1/100
|-boost|p2b: Staraptor|def|1
|-boost|p2b: Staraptor|spd|1
|move|p1a: Excadrill|Iron Head|p2b: Staraptor
|-damage|p2b: Staraptor|3/100
|move|p1b: Milotic|Scald|p2a: Tyranitar
|-supereffective|p2a: Tyranitar|1
|-damage|p2a: Tyranitar|0 fnt
|faint|p2a: Tyranitar
|
|upkeep
|
|t:|1785593877
|switch|p2a: Milotic|Milotic, L50, F|69/100
|turn|7
|inactive|Reboquete has 30 seconds left.
|
|t:|1785593909
|switch|p1b: Tyranitar|Tyranitar, L50, M|100/100
|-weather|Sandstorm|[from] ability: Sand Stream|[of] p1b: Tyranitar
|move|p1a: Excadrill|Protect|p1a: Excadrill
|-singleturn|p1a: Excadrill|Protect
|move|p2b: Staraptor|Protect|p2b: Staraptor
|-singleturn|p2b: Staraptor|Protect
|move|p2a: Milotic|Scald|p1a: Excadrill
|-activate|p1a: Excadrill|move: Protect
|
|-weather|Sandstorm|[upkeep]
|-damage|p2b: Staraptor|0 fnt|[from] Sandstorm
|-damage|p2a: Milotic|63/100|[from] Sandstorm
|faint|p2b: Staraptor
|upkeep
|turn|8
|
|t:|1785593930
|detailschange|p1b: Tyranitar|Tyranitar-Mega, L50, M
|-mega|p1b: Tyranitar|Tyranitar|Tyranitarite
|move|p1a: Excadrill|Rock Slide|p2a: Milotic
|-damage|p2a: Milotic|33/100
|-enditem|p2a: Milotic|Sitrus Berry|[eat]
|-heal|p2a: Milotic|58/100|[from] item: Sitrus Berry
|move|p1b: Tyranitar|Knock Off|p2a: Milotic
|-damage|p2a: Milotic|21/100
|move|p2a: Milotic|Icy Wind|p1b: Tyranitar|[spread] p1a,p1b
|-crit|p1b: Tyranitar
|-damage|p1a: Excadrill|0 fnt
|-damage|p1b: Tyranitar|91/100
|-unboost|p1b: Tyranitar|spe|1
|faint|p1a: Excadrill
|
|-weather|Sandstorm|[upkeep]
|-damage|p2a: Milotic|15/100|[from] Sandstorm
|upkeep
|
|t:|1785593948
|switch|p1a: Milotic|Milotic, L50, F|33/100
|turn|9
|
|t:|1785593953
|move|p1a: Milotic|Scald|p2a: Milotic
|-resisted|p2a: Milotic|1
|-damage|p2a: Milotic|6/100
|-status|p2a: Milotic|brn
|move|p2a: Milotic|Scald|p1b: Tyranitar
|-supereffective|p1b: Tyranitar|1
|-crit|p1b: Tyranitar
|-damage|p1b: Tyranitar|40/100
|-status|p1b: Tyranitar|brn
|move|p1b: Tyranitar|Knock Off|p2a: Milotic
|-damage|p2a: Milotic|0 fnt
|faint|p2a: Milotic
|
|win|Reboquete
|inactive|Reboquete has 30 seconds to confirm battle start!
|inactive|abscondia_licorice has 30 seconds to confirm battle start!
