|j|☆EgoJJ
|j|☆PigsPigsPigsPigs
|html|EgoJJPigsPigsPigsPigs    
|uhtml|bestof|Game 2 of a best-of-3
|t:|1756839085
|gametype|doubles
|player|p1|EgoJJ|brock|1162
|player|p2|PigsPigsPigsPigs|170|1101
|gen|9
|tier|[Gen 9] VGC 2025 Reg H (Bo3)
|rated|
|rule|Species Clause: Limit one of each Pokémon
|rule|Item Clause: Limit 1 of each item
|clearpoke
|poke|p1|Glimmora, L50, M|
|poke|p1|Tatsugiri, L50, F|
|poke|p1|Dondozo, L50, F|
|poke|p1|Rillaboom, L50, F|
|poke|p1|Volcarona, L50, F|
|poke|p1|Sneasler, L50, M|
|poke|p2|Indeedee-F, L50, F|
|poke|p2|Armarouge, L50, M|
|poke|p2|Annihilape, L50, F|
|poke|p2|Ursaluna-Bloodmoon, L50, M|
|poke|p2|Gallade, L50, M|
|poke|p2|Sneasler, L50, F|
|teampreview|4
|showteam|p1|Glimmora||PowerHerb|ToxicDebris|MeteorBeam,SludgeBomb,EarthPower,SpikyShield|||M|||50|,,,,,Grass]Tatsugiri||FocusSash|Commander|DracoMeteor,MuddyWater,Taunt,Protect|||F|||50|,,,,,Stellar]Dondozo||CovertCloak|Unaware|WaveCrash,OrderUp,HeavySlam,Protect|||F|||50|,,,,,Steel]Rillaboom||AssaultVest|GrassySurge|FakeOut,GrassyGlide,WoodHammer,HighHorsepower|||F|||50|,,,,,Fire]Volcarona||SitrusBerry|FlameBody|FieryDance,TeraBlast,WillOWisp,Tailwind|||F|||50|,,,,,Fairy]Sneasler||GrassySeed|Unburden|DireClaw,CloseCombat,Coaching,Protect|||M|||50|,,,,,Stellar
|showteam|p2|Indeedee-F||FocusSash|PsychicSurge|FollowMe,TrickRoom,HelpingHand,Psychic|||F|||50|,,,,,Ghost]Armarouge||LifeOrb|FlashFire|ExpandingForce,ArmorCannon,WideGuard,TrickRoom|||M|||50|,,,,,Grass]Annihilape||SafetyGoggles|Defiant|Taunt,FinalGambit,CloseCombat,RageFist|||F|||50|,,,,,Steel]Ursaluna-Bloodmoon||AssaultVest|MindsEye|HyperVoice,BloodMoon,EarthPower,VacuumWave|||M|||50|,,,,,Water]Gallade||ClearAmulet|Sharpness|PsychoCut,SacredSword,TrickRoom,WideGuard|||M|||50|,,,,,Grass]Sneasler||PsychicSeed|Unburden|DireClaw,CloseCombat,ThroatChop,Protect|||F|||50|,,,,,Dark
|inactive|Battle timer is ON: inactive players will automatically lose when time's up. (requested by EgoJJ)
|inactive|EgoJJ has 60 seconds left.
|inactive|PigsPigsPigsPigs has 60 seconds left.
|inactive|EgoJJ has 30 seconds left.
|inactive|PigsPigsPigsPigs has 30 seconds left.
|inactive|EgoJJ has 20 seconds left.
|inactive|EgoJJ has 15 seconds left.
|inactive|EgoJJ has 10 seconds left.
|
|t:|1756839166
|teamsize|p1|4
|teamsize|p2|4
|start
|switch|p1a: Tatsugiri|Tatsugiri, L50, F|100/100
|switch|p1b: Volcarona|Volcarona, L50, F|100/100
|switch|p2a: Pomni|Indeedee-F, L50, F|100/100
|switch|p2b: Zooble|Armarouge, L50, M|100/100
|-fieldstart|move: Psychic Terrain|[from] ability: Psychic Surge|[of] p2a: Pomni
|turn|1
|inactive|PigsPigsPigsPigs has 30 seconds left.
|
|t:|1756839195
|switch|p1b: Rillaboom|Rillaboom, L50, F|100/100
|-fieldstart|move: Grassy Terrain|[from] ability: Grassy Surge|[of] p1b: Rillaboom
|move|p2b: Zooble|Wide Guard|p2b: Zooble
|-singleturn|p2b: Zooble|Wide Guard
|move|p1a: Tatsugiri|Taunt|p2a: Pomni
|-start|p2a: Pomni|move: Taunt
|cant|p2a: Pomni|move: Taunt|Trick Room
|
|upkeep
|turn|2
|inactive|EgoJJ has 30 seconds left.
|inactive|PigsPigsPigsPigs has 30 seconds left.
|inactive|EgoJJ has 20 seconds left.
|inactive|EgoJJ has 15 seconds left.
|inactive|EgoJJ has 10 seconds left.
|
|t:|1756839242
|switch|p2a: XDDCC|Gallade, L50, M|100/100
|-terastallize|p2b: Zooble|Grass
|move|p1a: Tatsugiri|Draco Meteor|p2b: Zooble
|-damage|p2b: Zooble|27/100
|-unboost|p1a: Tatsugiri|spa|2
|move|p1b: Rillaboom|High Horsepower|p2b: Zooble
|-resisted|p2b: Zooble
|-damage|p2b: Zooble|12/100
|move|p2b: Zooble|Armor Cannon|p1b: Rillaboom
|-supereffective|p1b: Rillaboom
|-damage|p1b: Rillaboom|0 fnt
|-unboost|p2b: Zooble|def|1
|-unboost|p2b: Zooble|spd|1
|faint|p1b: Rillaboom
|-damage|p2b: Zooble|3/100|[from] item: Life Orb
|
|-heal|p2b: Zooble|8/100|[from] Grassy Terrain
|upkeep
|
|t:|1756839255
|switch|p1b: Sneasler|Sneasler, L50, M|100/100
|-enditem|p1b: Sneasler|Grassy Seed
|-boost|p1b: Sneasler|def|1|[from] item: Grassy Seed
|turn|3
|inactive|EgoJJ has 30 seconds left.
|
|t:|1756839283
|switch|p2b: Pomni|Indeedee-F, L50, F|100/100
|-fieldstart|move: Psychic Terrain|[from] ability: Psychic Surge|[of] p2b: Pomni
|-terastallize|p1b: Sneasler|Stellar
|move|p1b: Sneasler|Dire Claw|p2a: XDDCC
|-damage|p2a: XDDCC|25/100
|-status|p2a: XDDCC|par
|move|p1a: Tatsugiri|Muddy Water|p2b: Pomni|[spread] p2a,p2b
|-damage|p2a: XDDCC|10/100 par
|-damage|p2b: Pomni|83/100
|move|p2a: XDDCC|Psycho Cut|p1b: Sneasler
|-supereffective|p1b: Sneasler
|-damage|p1b: Sneasler|0 fnt
|faint|p1b: Sneasler
|
|upkeep
|
|t:|1756839297
|switch|p1b: Volcarona|Volcarona, L50, F|100/100
|turn|4
|
|t:|1756839319
|move|p1b: Volcarona|Fiery Dance|p2b: Pomni
|-damage|p2b: Pomni|47/100
|move|p1a: Tatsugiri|Muddy Water|p2a: XDDCC|[spread] p2b
|-miss|p1a: Tatsugiri|p2a: XDDCC
|-damage|p2b: Pomni|30/100
|-unboost|p2b: Pomni|accuracy|1
|move|p2b: Pomni|Psychic|p1b: Volcarona|[miss]
|-miss|p2b: Pomni|p1b: Volcarona
|move|p2a: XDDCC|Psycho Cut|p1b: Volcarona
|-damage|p1b: Volcarona|23/100
|-enditem|p1b: Volcarona|Sitrus Berry|[eat]
|-heal|p1b: Volcarona|47/100|[from] item: Sitrus Berry
|
|upkeep
|turn|5
|inactive|PigsPigsPigsPigs has 30 seconds left.
|
|t:|1756839347
|move|p2a: XDDCC|Wide Guard|p2a: XDDCC
|-singleturn|p2a: XDDCC|Wide Guard
|move|p1b: Volcarona|Fiery Dance|p2b: Pomni
|-damage|p2b: Pomni|0 fnt
|faint|p2b: Pomni
|move|p1a: Tatsugiri|Draco Meteor|p2a: XDDCC
|-damage|p2a: XDDCC|0 fnt
|-unboost|p1a: Tatsugiri|spa|2
|faint|p2a: XDDCC
|
|upkeep
|
|t:|1756839353
|switch|p2b: Cain|Ursaluna-Bloodmoon, L50, M|100/100
|switch|p2a: Zooble|Armarouge, L50, M, tera:Grass|8/100
|turn|6
|inactive|EgoJJ has 30 seconds left.
|
|t:|1756839383
|move|p1b: Volcarona|Fiery Dance|p2b: Cain
|-damage|p2b: Cain|78/100
|move|p1a: Tatsugiri|Draco Meteor|p2b: Cain
|-damage|p2b: Cain|63/100
|-unboost|p1a: Tatsugiri|spa|2
|move|p2a: Zooble|Expanding Force|p1a: Tatsugiri|[spread] p1a,p1b
|-enditem|p1a: Tatsugiri|Focus Sash
|-damage|p1a: Tatsugiri|1/100
|-damage|p1b: Volcarona|0 fnt
|faint|p1b: Volcarona
|-damage|p2a: Zooble|0 fnt|[from] item: Life Orb
|faint|p2a: Zooble
|move|p2b: Cain|Hyper Voice|p1a: Tatsugiri
|-damage|p1a: Tatsugiri|0 fnt
|faint|p1a: Tatsugiri
|
|win|PigsPigsPigsPigs
|inactive|EgoJJ has 30 seconds to confirm battle start!
|inactive|PigsPigsPigsPigs has 30 seconds to confirm battle start!
||PigsPigsPigsPigs is ready for game 3.
|inactive|EgoJJ has 20 seconds to confirm battle start!
|inactive|EgoJJ has 10 seconds to confirm battle start!
||EgoJJ is ready for game 3.
|uhtml|next|Next: Game 3 of 3
