|j|☆Smule44
|j|☆Drubird
|html|Smule44Drubird    
|uhtml|bestof|Game 1 of a best-of-3
|t:|1756474597
|gametype|doubles
|player|p1|Smule44|2|1079
|player|p2|Drubird|265|1000
|gen|9
|tier|[Gen 9] VGC 2025 Reg H (Bo3)
|rated|
|rule|Species Clause: Limit one of each Pokémon
|rule|Item Clause: Limit 1 of each item
|clearpoke
|poke|p1|Gothitelle, L50, M|
|poke|p1|Incineroar, L50, M|
|poke|p1|Amoonguss, L50, F|
|poke|p1|Dondozo, L50, M|
|poke|p1|Tatsugiri, L50, M|
|poke|p1|Murkrow, L50, M|
|poke|p2|Politoed, L50, M|
|poke|p2|Gothitelle, L50, M|
|poke|p2|Kingdra, L50, M|
|poke|p2|Incineroar, L50, F|
|poke|p2|Amoonguss, L50, F|
|poke|p2|Kingambit, L50, F|
|teampreview|4
|showteam|p1|Gothitelle||SitrusBerry|ShadowTag|FakeOut,Protect,Psychic,HealPulse|||M|||50|,,,,,Grass]Incineroar||SafetyGoggles|Intimidate|FakeOut,PartingShot,Protect,FlareBlitz|||M|||50|,,,,,Ghost]Amoonguss||RockyHelmet|Regenerator|Spore,RagePowder,PollenPuff,Protect|||F|||50|,,,,,Water]Dondozo||Leftovers|Unaware|WaveCrash,OrderUp,Protect,Earthquake|||M|||50|,,,,,Dragon]Tatsugiri||FocusSash|Commander|MuddyWater,DracoMeteor,IcyWind,Protect|||M|||50|,,,,,Ghost]Murkrow||Eviolite|Prankster|PerishSong,Tailwind,FoulPlay,Protect|||M|||50|,,,,,Ghost
|showteam|p2|Politoed||Leftovers|Drizzle|WeatherBall,IceBeam,PerishSong,Protect|||M|||50|,,,,,Grass]Gothitelle||CovertCloak|ShadowTag|FakeOut,Psychic,Protect,TrickRoom|||M|||50|,,,,,Dark]Kingdra||LifeOrb|SwiftSwim|Scald,DracoMeteor,IceBeam,Protect|||M|||50|,,,,,Water]Incineroar||SafetyGoggles|Intimidate|FakeOut,KnockOff,PartingShot,Protect|||F|||50|,,,,,Ghost]Amoonguss||SitrusBerry|Regenerator|Protect,RagePowder,Spore,PollenPuff|||F|||50|,,,,,Water]Kingambit||AssaultVest|Defiant|SuckerPunch,KowtowCleave,IronHead,LowKick|||F|||50|,,,,,Fire
|
|t:|1756474640
|teamsize|p1|4
|teamsize|p2|4
|start
|switch|p1a: Murkrow|Murkrow, L50, M|100/100
|switch|p1b: Amoonguss|Amoonguss, L50, F|100/100
|switch|p2a: Politoed|Politoed, L50, M|100/100
|switch|p2b: Gothitelle|Gothitelle, L50, M|100/100
|-weather|RainDance|[from] ability: Drizzle|[of] p2a: Politoed
|turn|1
|
|t:|1756474663
|move|p2a: Politoed|Protect|p2a: Politoed
|-singleturn|p2a: Politoed|Protect
|move|p2b: Gothitelle|Protect|p2b: Gothitelle
|-singleturn|p2b: Gothitelle|Protect
|move|p1a: Murkrow|Tailwind|p1a: Murkrow
|-sidestart|p1: Smule44|move: Tailwind
|move|p1b: Amoonguss|Spore|p2a: Politoed
|-activate|p2a: Politoed|move: Protect
|
|-weather|RainDance|[upkeep]
|upkeep
|turn|2
|
|t:|1756474684
|switch|p2b: Incineroar|Incineroar, L50, F|100/100
|-ability|p2b: Incineroar|Intimidate|boost
|-unboost|p1a: Murkrow|atk|1
|-unboost|p1b: Amoonguss|atk|1
|-terastallize|p2a: Politoed|Grass
|move|p1a: Murkrow|Foul Play|p2a: Politoed
|-damage|p2a: Politoed|79/100
|move|p2a: Politoed|Perish Song|p2a: Politoed
|-start|p1a: Murkrow|perish3|[silent]
|-start|p1b: Amoonguss|perish3|[silent]
|-start|p2a: Politoed|perish3|[silent]
|-start|p2b: Incineroar|perish3|[silent]
|-fieldactivate|move: Perish Song
|move|p1b: Amoonguss|Spore|p2b: Incineroar
|-activate|p2b: Incineroar|item: Safety Goggles|Spore
|
|-weather|RainDance|[upkeep]
|-heal|p2a: Politoed|85/100|[from] item: Leftovers
|-start|p1a: Murkrow|perish3
|-start|p2a: Politoed|perish3
|-start|p1b: Amoonguss|perish3
|-start|p2b: Incineroar|perish3
|upkeep
|turn|3
|
|t:|1756474722
|switch|p1b: Gothitelle|Gothitelle, L50, M|100/100
|move|p1a: Murkrow|Protect|p1a: Murkrow
|-singleturn|p1a: Murkrow|Protect
|move|p2a: Politoed|Ice Beam|p1b: Gothitelle
|-damage|p1b: Gothitelle|87/100
|-status|p1b: Gothitelle|frz
|move|p2b: Incineroar|Knock Off|p1a: Murkrow
|-activate|p1a: Murkrow|move: Protect
|
|-weather|RainDance|[upkeep]
|-heal|p2a: Politoed|91/100|[from] item: Leftovers
|-start|p1a: Murkrow|perish2
|-start|p2a: Politoed|perish2
|-start|p2b: Incineroar|perish2
|upkeep
|turn|4
|
|t:|1756474741
|switch|p1a: Amoonguss|Amoonguss, L50, F|100/100
|cant|p1b: Gothitelle|frz
|move|p2a: Politoed|Weather Ball|p1b: Gothitelle
|-damage|p1b: Gothitelle|55/100 frz
|move|p2b: Incineroar|Knock Off|p1b: Gothitelle
|-supereffective|p1b: Gothitelle
|-damage|p1b: Gothitelle|0 fnt
|-enditem|p1b: Gothitelle|Sitrus Berry|[from] move: Knock Off|[of] p2b: Incineroar
|faint|p1b: Gothitelle
|
|-weather|RainDance|[upkeep]
|-heal|p2a: Politoed|97/100|[from] item: Leftovers
|-start|p2a: Politoed|perish1
|-start|p2b: Incineroar|perish1
|-sideend|p1: Smule44|move: Tailwind
|upkeep
|
|t:|1756474754
|switch|p1b: Dondozo|Dondozo, L50, M|100/100
|turn|5
|
|t:|1756474784
|switch|p2a: Amoonguss|Amoonguss, L50, F|100/100
|switch|p2b: Gothitelle|Gothitelle, L50, M|100/100
|move|p1b: Dondozo|Wave Crash|p2a: Amoonguss
|-resisted|p2a: Amoonguss
|-damage|p2a: Amoonguss|67/100
|-damage|p1b: Dondozo|91/100|[from] Recoil
|move|p1a: Amoonguss|Spore|p2a: Amoonguss
|-immune|p2a: Amoonguss
|
|-weather|none
|-heal|p1b: Dondozo|97/100|[from] item: Leftovers
|upkeep
|turn|6
|
|t:|1756474818
|switch|p2b: Politoed|Politoed, L50, M, tera:Grass|97/100
|-weather|RainDance|[from] ability: Drizzle|[of] p2b: Politoed
|move|p1a: Amoonguss|Protect|p1a: Amoonguss
|-singleturn|p1a: Amoonguss|Protect
|move|p1b: Dondozo|Earthquake|p2a: Amoonguss|[spread] p2a,p2b
|-activate|p1a: Amoonguss|move: Protect
|-resisted|p2b: Politoed
|-damage|p2a: Amoonguss|49/100
|-damage|p2b: Politoed|84/100
|-enditem|p2a: Amoonguss|Sitrus Berry|[eat]
|-heal|p2a: Amoonguss|73/100|[from] item: Sitrus Berry
|move|p2a: Amoonguss|Spore|p1b: Dondozo
|-status|p1b: Dondozo|slp|[from] move: Spore
|
|-weather|RainDance|[upkeep]
|-heal|p2b: Politoed|90/100|[from] item: Leftovers
|-heal|p1b: Dondozo|100/100 slp|[from] item: Leftovers
|upkeep
|turn|7
|
|t:|1756474848
|switch|p2a: Gothitelle|Gothitelle, L50, M|100/100
|move|p2b: Politoed|Perish Song|p2b: Politoed
|-start|p1a: Amoonguss|perish3|[silent]
|-start|p1b: Dondozo|perish3|[silent]
|-start|p2a: Gothitelle|perish3|[silent]
|-start|p2b: Politoed|perish3|[silent]
|-fieldactivate|move: Perish Song
|cant|p1b: Dondozo|slp
|move|p1a: Amoonguss|Pollen Puff|p2b: Politoed
|-supereffective|p2b: Politoed
|-damage|p2b: Politoed|62/100
|
|-weather|RainDance|[upkeep]
|-heal|p2b: Politoed|68/100|[from] item: Leftovers
|-start|p2b: Politoed|perish3
|-start|p2a: Gothitelle|perish3
|-start|p1b: Dondozo|perish3
|-start|p1a: Amoonguss|perish3
|upkeep
|turn|8
|
|t:|1756474865
|move|p2a: Gothitelle|Fake Out|p1a: Amoonguss
|-damage|p1a: Amoonguss|96/100
|-damage|p2a: Gothitelle|84/100|[from] item: Rocky Helmet|[of] p1a: Amoonguss
|move|p2b: Politoed|Ice Beam|p1a: Amoonguss
|-supereffective|p1a: Amoonguss
|-damage|p1a: Amoonguss|58/100
|-curestatus|p1b: Dondozo|slp|[msg]
|move|p1b: Dondozo|Wave Crash|p2a: Gothitelle
|-damage|p2a: Gothitelle|0 fnt
|faint|p2a: Gothitelle
|-damage|p1b: Dondozo|81/100|[from] Recoil
|cant|p1a: Amoonguss|flinch
|
|-weather|RainDance|[upkeep]
|-heal|p2b: Politoed|74/100|[from] item: Leftovers
|-heal|p1b: Dondozo|88/100|[from] item: Leftovers
|-start|p2b: Politoed|perish2
|-start|p1b: Dondozo|perish2
|-start|p1a: Amoonguss|perish2
|upkeep
|
|t:|1756474882
|switch|p2a: Amoonguss|Amoonguss, L50, F|100/100
|turn|9
|
|t:|1756474903
|switch|p1b: Murkrow|Murkrow, L50, M|100/100
|move|p2b: Politoed|Ice Beam|p1a: Amoonguss
|-supereffective|p1a: Amoonguss
|-damage|p1a: Amoonguss|21/100
|move|p1a: Amoonguss|Pollen Puff|p2b: Politoed
|-supereffective|p2b: Politoed
|-damage|p2b: Politoed|48/100
|move|p2a: Amoonguss|Spore|p1b: Murkrow
|-status|p1b: Murkrow|slp|[from] move: Spore
|
|-weather|RainDance|[upkeep]
|-heal|p2b: Politoed|54/100|[from] item: Leftovers
|-start|p2b: Politoed|perish1
|-start|p1a: Amoonguss|perish1
|upkeep
|turn|10
|
|t:|1756474927
|switch|p2b: Incineroar|Incineroar, L50, F|100/100
|-ability|p2b: Incineroar|Intimidate|boost
|-unboost|p1a: Amoonguss|atk|1
|-unboost|p1b: Murkrow|atk|1
|switch|p1a: Dondozo|Dondozo, L50, M|88/100
|cant|p1b: Murkrow|slp
|move|p2a: Amoonguss|Pollen Puff|p1a: Dondozo
|-damage|p1a: Dondozo|71/100
|
|-weather|none
|-heal|p1a: Dondozo|77/100|[from] item: Leftovers
|upkeep
|turn|11
|
|t:|1756474954
|-curestatus|p1b: Murkrow|slp|[msg]
|move|p1b: Murkrow|Protect|p1b: Murkrow
|-singleturn|p1b: Murkrow|Protect
|move|p1a: Dondozo|Protect|p1a: Dondozo
|-singleturn|p1a: Dondozo|Protect
|move|p2a: Amoonguss|Rage Powder|p2a: Amoonguss
|-singleturn|p2a: Amoonguss|move: Rage Powder
|move|p2b: Incineroar|Knock Off|p1a: Dondozo
|-activate|p1a: Dondozo|move: Protect
|
|-heal|p1a: Dondozo|83/100|[from] item: Leftovers
|upkeep
|turn|12
|
|t:|1756474969
|switch|p2b: Politoed|Politoed, L50, M, tera:Grass|54/100
|-weather|RainDance|[from] ability: Drizzle|[of] p2b: Politoed
|move|p1b: Murkrow|Perish Song|p1b: Murkrow
|-start|p1a: Dondozo|perish3|[silent]
|-start|p1b: Murkrow|perish3|[silent]
|-start|p2a: Amoonguss|perish3|[silent]
|-start|p2b: Politoed|perish3|[silent]
|-fieldactivate|move: Perish Song
|move|p1a: Dondozo|Earthquake|p2b: Politoed|[spread] p2a,p2b
|-immune|p1b: Murkrow
|-crit|p2a: Amoonguss
|-resisted|p2b: Politoed
|-damage|p2a: Amoonguss|71/100
|-damage|p2b: Politoed|40/100
|move|p2a: Amoonguss|Spore|p1a: Dondozo
|-status|p1a: Dondozo|slp|[from] move: Spore
|
|-weather|RainDance|[upkeep]
|-heal|p2b: Politoed|46/100|[from] item: Leftovers
|-heal|p1a: Dondozo|90/100 slp|[from] item: Leftovers
|-start|p1b: Murkrow|perish3
|-start|p2b: Politoed|perish3
|-start|p1a: Dondozo|perish3
|-start|p2a: Amoonguss|perish3
|upkeep
|turn|13
|
|t:|1756474997
|move|p1b: Murkrow|Protect|p1b: Murkrow
|-singleturn|p1b: Murkrow|Protect
|move|p2b: Politoed|Ice Beam|p1b: Murkrow
|-activate|p1b: Murkrow|move: Protect
|cant|p1a: Dondozo|slp
|move|p2a: Amoonguss|Pollen Puff|p2b: Politoed
|-heal|p2b: Politoed|96/100
|
|-weather|RainDance|[upkeep]
|-heal|p2b: Politoed|100/100|[from] item: Leftovers
|-heal|p1a: Dondozo|96/100 slp|[from] item: Leftovers
|-start|p1b: Murkrow|perish2
|-start|p2b: Politoed|perish2
|-start|p1a: Dondozo|perish2
|-start|p2a: Amoonguss|perish2
|upkeep
|turn|14
|
|t:|1756475021
|switch|p1a: Amoonguss|Amoonguss, L50, F|54/100
|move|p1b: Murkrow|Protect|p1b: Murkrow
|-singleturn|p1b: Murkrow|Protect
|move|p2b: Politoed|Ice Beam|p1b: Murkrow
|-activate|p1b: Murkrow|move: Protect
|move|p2a: Amoonguss|Spore|p1b: Murkrow
|-activate|p1b: Murkrow|move: Protect
|
|-weather|RainDance|[upkeep]
|-start|p1b: Murkrow|perish1
|-start|p2b: Politoed|perish1
|-start|p2a: Amoonguss|perish1
|upkeep
|turn|15
|
|t:|1756475052
|switch|p1b: Dondozo|Dondozo, L50, M|96/100 slp
|switch|p2a: Incineroar|Incineroar, L50, F|100/100
|-ability|p2a: Incineroar|Intimidate|boost
|-unboost|p1a: Amoonguss|atk|1
|-unboost|p1b: Dondozo|atk|1
|move|p1a: Amoonguss|Protect|p1a: Amoonguss
|-singleturn|p1a: Amoonguss|Protect
|move|p2b: Politoed|Ice Beam|p1b: Dondozo
|-resisted|p1b: Dondozo
|-damage|p1b: Dondozo|87/100 slp
|
|-weather|RainDance|[upkeep]
|-heal|p1b: Dondozo|93/100 slp|[from] item: Leftovers
|-start|p2b: Politoed|perish0
|faint|p2b: Politoed
|upkeep
|
|t:|1756475060
|switch|p2b: Amoonguss|Amoonguss, L50, F|100/100
|turn|16
|
|t:|1756475076
|move|p2a: Incineroar|Knock Off|p1a: Amoonguss
|-damage|p1a: Amoonguss|29/100
|-damage|p2a: Incineroar|84/100|[from] item: Rocky Helmet|[of] p1a: Amoonguss
|-enditem|p1a: Amoonguss|Rocky Helmet|[from] move: Knock Off|[of] p2a: Incineroar
|-curestatus|p1b: Dondozo|slp|[msg]
|move|p1b: Dondozo|Wave Crash|p2a: Incineroar
|-supereffective|p2a: Incineroar
|-damage|p2a: Incineroar|0 fnt
|faint|p2a: Incineroar
|-damage|p1b: Dondozo|71/100|[from] Recoil
|move|p1a: Amoonguss|Pollen Puff|p1b: Dondozo
|-heal|p1b: Dondozo|100/100
|move|p2b: Amoonguss|Pollen Puff|p1a: Amoonguss
|-damage|p1a: Amoonguss|12/100
|
|-weather|none
|upkeep
|turn|17
|-message|Drubird forfeited.
|
|win|Smule44
|l|☆Drubird
|player|p2|
||Drubird is ready for game 2.
|inactive|Smule44 has 30 seconds to confirm battle start!
||Smule44 is ready for game 2.
|uhtml|next|Next: Game 2 of 3
