|j|☆SongokuVG Fr
|j|☆Tractie
|html|SongokuVG FrTractie    
|uhtml|bestof|Game 2 of a best-of-3
|t:|1757088863
|gametype|doubles
|player|p1|SongokuVG Fr|lucian|1316
|player|p2|Tractie|265|1298
|gen|9
|tier|[Gen 9] VGC 2025 Reg H (Bo3)
|rated|
|rule|Species Clause: Limit one of each Pokémon
|rule|Item Clause: Limit 1 of each item
|clearpoke
|poke|p1|Klefki, L50, F|
|poke|p1|Ursaluna-Bloodmoon, L50, M|
|poke|p1|Maushold-Four, L50|
|poke|p1|Annihilape, L50, F|
|poke|p1|Ninetales-Alola, L50, F|
|poke|p1|Sinistcha, L50|
|poke|p2|Gothitelle, L50, M|
|poke|p2|Dondozo, L50, M|
|poke|p2|Kingambit, L50, M|
|poke|p2|Incineroar, L50, M|
|poke|p2|Amoonguss, L50, M|
|poke|p2|Zoroark-Hisui, L50, M|
|teampreview|4
|showteam|p1|Klefki||LightClay|Prankster|Reflect,LightScreen,MistyTerrain,DazzlingGleam|||F|||50|,,,,,Ghost]Ursaluna-Bloodmoon||AssaultVest|MindsEye|BloodMoon,HyperVoice,VacuumWave,EarthPower|||M|||50|,,,,,Water]Maushold-Four||SafetyGoggles|FriendGuard|FollowMe,Protect,Taunt,BeatUp||||||50|,,,,,Ghost]Annihilape||Leftovers|Defiant|DrainPunch,RageFist,Protect,BulkUp|||F|||50|,,,,,Fire]Ninetales-Alola||FocusSash|SnowWarning|Blizzard,Protect,Encore,FreezeDry|||F|||50|,,,,,Ghost]Sinistcha||SitrusBerry|Hospitality|MatchaGotcha,RagePowder,LifeDew,TrickRoom||||||50|,,,,,Water
|showteam|p2|Gothitelle||SitrusBerry|ShadowTag|FakeOut,Psychic,TrickRoom,Protect|||M|||50|,,,,,Water]Dondozo||Leftovers|Unaware|WaveCrash,BodyPress,Yawn,Protect|||M|||50|,,,,,Electric]Kingambit||BlackGlasses|Defiant|SuckerPunch,KowtowCleave,SwordsDance,Protect|||M|||50|,,,,,Dark]Incineroar||SafetyGoggles|Intimidate|FakeOut,FlareBlitz,KnockOff,PartingShot|||M|||50|,,,,,Ghost]Amoonguss||RockyHelmet|Regenerator|Spore,RagePowder,PollenPuff,Protect|||M|||50|,,,,,Fairy]Zoroark-Hisui||LifeOrb|Illusion|ShadowBall,TeraBlast,FocusBlast,Protect|||M|||50|,,,,,Stellar
|inactive|Battle timer is ON: inactive players will automatically lose when time's up. (requested by Tractie)
|inactive|Tractie has 60 seconds left.
|inactive|Tractie has 30 seconds left.
|
|t:|1757088931
|teamsize|p1|4
|teamsize|p2|4
|start
|switch|p1a: Klefki|Klefki, L50, F|100/100
|switch|p1b: Annihilape|Annihilape, L50, F|100/100
|switch|p2a: Gothitelle|Gothitelle, L50, M|100/100
|switch|p2b: Kingambit|Kingambit, L50, M|100/100
|turn|1
|
|t:|1757088947
|move|p1b: Annihilape|Protect|p1b: Annihilape
|-singleturn|p1b: Annihilape|Protect
|move|p2a: Gothitelle|Fake Out|p1a: Klefki
|-resisted|p1a: Klefki
|-damage|p1a: Klefki|98/100
|cant|p1a: Klefki|flinch
|move|p2b: Kingambit|Shadow Ball|p1a: Klefki
|-damage|p1a: Klefki|52/100
|-damage|p2b: Kingambit|91/100|[from] item: Life Orb
|
|upkeep
|turn|2
|inactive|Tractie has 30 seconds left.
|
|t:|1757088972
|switch|p1b: Ursaluna|Ursaluna-Bloodmoon, L50, M|100/100
|-terastallize|p2b: Kingambit|Stellar
|move|p1a: Klefki|Light Screen|p1a: Klefki
|-sidestart|p1: SongokuVG Fr|move: Light Screen
|move|p2b: Kingambit|Tera Blast|p1a: Klefki|[anim] Tera Blast Stellar
|-damage|p1a: Klefki|17/100
|-unboost|p2b: Kingambit|atk|1
|-unboost|p2b: Kingambit|spa|1
|-damage|p2b: Kingambit|81/100|[from] item: Life Orb
|move|p2a: Gothitelle|Psychic|p1a: Klefki
|-resisted|p1a: Klefki
|-damage|p1a: Klefki|8/100
|
|upkeep
|turn|3
|
|t:|1757088994
|switch|p2b: Kingambit|Kingambit, L50, M|100/100
|move|p1a: Klefki|Misty Terrain|p1a: Klefki
|-fieldstart|move: Misty Terrain
|move|p1b: Ursaluna|Hyper Voice|p2a: Gothitelle|[spread] p2a,p2b
|-resisted|p2b: Kingambit
|-damage|p2a: Gothitelle|72/100
|-damage|p2b: Kingambit|82/100
|move|p2a: Gothitelle|Trick Room|p2a: Gothitelle
|-fieldstart|move: Trick Room|[of] p2a: Gothitelle
|
|upkeep
|turn|4
|
|t:|1757089012
|move|p1a: Klefki|Reflect|p1a: Klefki
|-sidestart|p1: SongokuVG Fr|Reflect
|move|p2b: Kingambit|Kowtow Cleave|p1b: Ursaluna
|-damage|p1b: Ursaluna|66/100
|move|p2a: Gothitelle|Psychic|p1b: Ursaluna
|-damage|p1b: Ursaluna|49/100
|move|p1b: Ursaluna|Earth Power|p2b: Kingambit
|-supereffective|p2b: Kingambit
|-damage|p2b: Kingambit|0 fnt
|faint|p2b: Kingambit
|
|upkeep
|
|t:|1757089023
|switch|p2b: Incineroar|Incineroar, L50, M|100/100
|-ability|p2b: Incineroar|Intimidate|boost
|-unboost|p1a: Klefki|atk|1
|-unboost|p1b: Ursaluna|atk|1
|turn|5
|inactive|Tractie has 30 seconds left.
|inactive|Tractie has 20 seconds left.
|inactive|Tractie has 15 seconds left.
|
|t:|1757089063
|move|p2b: Incineroar|Flare Blitz|p1b: Ursaluna
|-damage|p1b: Ursaluna|23/100
|-damage|p2b: Incineroar|92/100|[from] Recoil
|move|p2a: Gothitelle|Psychic|p1b: Ursaluna
|-damage|p1b: Ursaluna|5/100
|move|p1a: Klefki|Dazzling Gleam|p2a: Gothitelle|[spread] p2a,p2b
|-damage|p2a: Gothitelle|57/100
|-damage|p2b: Incineroar|80/100
|move|p1b: Ursaluna|Earth Power|p2b: Incineroar
|-supereffective|p2b: Incineroar
|-damage|p2b: Incineroar|0 fnt
|faint|p2b: Incineroar
|
|upkeep
|
|t:|1757089075
|switch|p2b: Zoroark|Zoroark-Hisui, L50, M, tera:Stellar|81/100
|turn|6
|inactive|Tractie has 30 seconds left.
|
|t:|1757089101
|move|p2a: Gothitelle|Psychic|p1b: Ursaluna
|-damage|p1b: Ursaluna|0 fnt
|faint|p1b: Ursaluna
|move|p1a: Klefki|Dazzling Gleam|p2b: Zoroark|[spread] p2a,p2b
|-damage|p2a: Gothitelle|44/100
|-damage|p2b: Zoroark|49/100
|-enditem|p2a: Gothitelle|Sitrus Berry|[eat]
|-heal|p2a: Gothitelle|69/100|[from] item: Sitrus Berry
|move|p2b: Zoroark|Shadow Ball|p1a: Klefki
|-damage|p1a: Klefki|0 fnt
|faint|p1a: Klefki
|-damage|p2b: Zoroark|39/100|[from] item: Life Orb
|
|upkeep
|
|t:|1757089113
|switch|p1b: Annihilape|Annihilape, L50, F|100/100
|switch|p1a: Sinistcha|Sinistcha, L50|100/100
|turn|7
|
|t:|1757089125
|move|p2a: Gothitelle|Psychic|p1a: Sinistcha
|-damage|p1a: Sinistcha|83/100
|move|p1a: Sinistcha|Matcha Gotcha|p2a: Gothitelle|[spread] p2a
|-miss|p1a: Sinistcha|p2b: Zoroark
|-damage|p2a: Gothitelle|48/100
|-heal|p1a: Sinistcha|94/100|[from] drain|[of] p2a: Gothitelle
|move|p1b: Annihilape|Rage Fist|p2a: Gothitelle
|-supereffective|p2a: Gothitelle
|-crit|p2a: Gothitelle
|-damage|p2a: Gothitelle|0 fnt
|faint|p2a: Gothitelle
|move|p2b: Zoroark|Shadow Ball|p1a: Sinistcha
|-supereffective|p1a: Sinistcha
|-damage|p1a: Sinistcha|23/100
|-enditem|p1a: Sinistcha|Sitrus Berry|[eat]
|-heal|p1a: Sinistcha|48/100|[from] item: Sitrus Berry
|-damage|p2b: Zoroark|29/100|[from] item: Life Orb
|
|-fieldend|move: Trick Room
|-fieldend|Misty Terrain
|upkeep
|turn|8
|inactive|Tractie has 30 seconds left.
|inactive|Tractie has 20 seconds left.
|
|t:|1757089161
|-terastallize|p1a: Sinistcha|Water
|move|p1b: Annihilape|Protect|p1b: Annihilape
|-singleturn|p1b: Annihilape|Protect
|move|p2b: Zoroark|Tera Blast|p1a: Sinistcha|[anim] Tera Blast Stellar
|-supereffective|p1a: Sinistcha
|-damage|p1a: Sinistcha|0 fnt
|-unboost|p2b: Zoroark|atk|1
|-unboost|p2b: Zoroark|spa|1
|faint|p1a: Sinistcha
|-damage|p2b: Zoroark|19/100|[from] item: Life Orb
|
|upkeep
|turn|9
|
|t:|1757089177
|move|p2b: Zoroark|Shadow Ball|p1b: Annihilape
|-supereffective|p1b: Annihilape
|-damage|p1b: Annihilape|54/100
|-unboost|p1b: Annihilape|spd|1
|-ability|p1b: Annihilape|Defiant|boost
|-boost|p1b: Annihilape|atk|2
|-damage|p2b: Zoroark|9/100|[from] item: Life Orb
|move|p1b: Annihilape|Drain Punch|p2b: Zoroark
|-immune|p2b: Zoroark
|
|-heal|p1b: Annihilape|60/100|[from] item: Leftovers
|-sideend|p1: SongokuVG Fr|move: Light Screen
|upkeep
|turn|10
|
|t:|1757089191
|move|p1b: Annihilape|Protect|p1b: Annihilape
|-singleturn|p1b: Annihilape|Protect
|move|p2b: Zoroark|Shadow Ball|p1b: Annihilape
|-activate|p1b: Annihilape|move: Protect
|
|-heal|p1b: Annihilape|66/100|[from] item: Leftovers
|upkeep
|turn|11
|
|t:|1757089199
|move|p2b: Zoroark|Shadow Ball|p1b: Annihilape
|-supereffective|p1b: Annihilape
|-damage|p1b: Annihilape|0 fnt
|faint|p1b: Annihilape
|-damage|p2b: Zoroark|0 fnt|[from] item: Life Orb
|faint|p2b: Zoroark
|
|win|Tractie
