|j|☆Drkoo
|j|☆cacamolo
|html|Drkoocacamolo    
|uhtml|bestof|Game 1 of a best-of-3
|t:|1782582344
|gametype|doubles
|player|p1|Drkoo|2|
|player|p2|cacamolo|102|
|gen|9
|tier|[Gen 9 Champions] VGC 2026 Reg M-B (Bo3)
|rule|Species Clause: Limit one of each Pokémon
|rule|Item Clause: Limit 1 of each item
|clearpoke
|poke|p1|Charizard, L50, F, shiny|
|poke|p1|Milotic, L50, F|
|poke|p1|Garchomp, L50, M|
|poke|p1|Venusaur, L50, F|
|poke|p1|Incineroar, L50, M|
|poke|p1|Sneasler, L50, M|
|poke|p2|Swampert, L50, F|
|poke|p2|Sinistcha, L50|
|poke|p2|Archaludon, L50, M|
|poke|p2|Grimmsnarl, L50, M|
|poke|p2|Pelipper, L50, F|
|poke|p2|Metagross, L50|
|teampreview|4
|showteam|p1|Charizard||CharizarditeY|SolarPower|Protect,AirSlash,HeatWave,SolarBeam|Hasty||F|||50|]Milotic||Leftovers|Competitive|IceBeam,HydroPump,LifeDew,IcyWind|Modest||F|||50|]Garchomp||HabanBerry|RoughSkin|DragonClaw,Earthquake,RockSlide,Protect|Jolly||M|||50|]Venusaur||FocusSash|Chlorophyll|EnergyBall,SludgeWave,SleepPowder,EarthPower|Modest||F|||50|]Incineroar||SitrusBerry|Intimidate|FakeOut,ThroatChop,FlareBlitz,PartingShot|Adamant||M|||50|]Sneasler||WhiteHerb|Unburden|CloseCombat,DireClaw,Protect,RockSlide|Adamant||M|||50|
|showteam|p2|Swampert||Swampertite|Damp|WaveCrash,Earthquake,IcePunch,Protect|Adamant||F|||50|]Sinistcha||CobaBerry|Hospitality|MatchaGotcha,TrickRoom,RagePowder,Protect|Relaxed|||||50|]Archaludon||Leftovers|Stamina|ElectroShot,DragonPulse,FlashCannon,Protect|Modest||M|||50|]Grimmsnarl||LightClay|Prankster|FoulPlay,PartingShot,Reflect,LightScreen|Calm||M|||50|]Pelipper||SitrusBerry|Drizzle|Hurricane,WeatherBall,Tailwind,WideGuard|Modest||F|||50|]Metagross||Metagrossite|ClearBody|IronHead,PsychicFangs,BodyPress,Protect|Jolly|||||50|
|
|t:|1782582361
|teamsize|p1|4
|teamsize|p2|4
|start
|switch|p1a: Garchomp|Garchomp, L50, M|100/100
|switch|p1b: Milotic|Milotic, L50, F|100/100
|switch|p2a: Swampert|Swampert, L50, F|100/100
|switch|p2b: Grimmsnarl|Grimmsnarl, L50, M|100/100
|turn|1
|
|t:|1782582394
|detailschange|p2a: Swampert|Swampert-Mega, L50, F
|-mega|p2a: Swampert|Swampert|Swampertite
|move|p2a: Swampert|Protect|p2a: Swampert
|-singleturn|p2a: Swampert|Protect
|move|p2b: Grimmsnarl|Light Screen|p2b: Grimmsnarl
|-sidestart|p2: cacamolo|move: Light Screen
|move|p1a: Garchomp|Dragon Claw|p2a: Swampert
|-activate|p2a: Swampert|move: Protect
|move|p1b: Milotic|Icy Wind|p2a: Swampert|[spread] p2b
|-activate|p2a: Swampert|move: Protect
|-damage|p2b: Grimmsnarl|92/100
|-unboost|p2b: Grimmsnarl|spe|1
|
|upkeep
|turn|2
|
|t:|1782582425
|switch|p2a: Archaludon|Archaludon, L50, M|100/100
|move|p2b: Grimmsnarl|Parting Shot|p1a: Garchomp
|-unboost|p1a: Garchomp|atk|1
|-unboost|p1a: Garchomp|spa|1
|
|t:|1782582432
|switch|p2b: Pelipper|Pelipper, L50, F|100/100|[from] Parting Shot
|-weather|RainDance|[from] ability: Drizzle|[of] p2b: Pelipper
|move|p1a: Garchomp|Dragon Claw|p2a: Archaludon
|-damage|p2a: Archaludon|78/100
|-ability|p2a: Archaludon|Stamina|boost
|-boost|p2a: Archaludon|def|1
|move|p1b: Milotic|Ice Beam|p2a: Archaludon
|-damage|p2a: Archaludon|59/100
|-status|p2a: Archaludon|frz
|-ability|p2a: Archaludon|Stamina|boost
|-boost|p2a: Archaludon|def|1
|
|-weather|RainDance|[upkeep]
|-heal|p2a: Archaludon|65/100 frz|[from] item: Leftovers
|upkeep
|turn|3
|
|t:|1782582454
|switch|p1a: Charizard|Charizard, L50, F, shiny|100/100
|cant|p2a: Archaludon|frz
|move|p1b: Milotic|Icy Wind|p2b: Pelipper|[spread] p2a,p2b
|-damage|p2a: Archaludon|55/100 frz
|-damage|p2b: Pelipper|89/100
|-unboost|p2a: Archaludon|spe|1
|-unboost|p2b: Pelipper|spe|1
|-ability|p2a: Archaludon|Stamina|boost
|-boost|p2a: Archaludon|def|1
|move|p2b: Pelipper|Weather Ball|p1a: Charizard
|-supereffective|p1a: Charizard|1
|-damage|p1a: Charizard|0 fnt
|faint|p1a: Charizard
|
|-weather|RainDance|[upkeep]
|-heal|p2a: Archaludon|61/100 frz|[from] item: Leftovers
|upkeep
|
|t:|1782582467
|switch|p1a: Venusaur|Venusaur, L50, F|100/100
|turn|4
|
|t:|1782582486
|cant|p2a: Archaludon|frz
|move|p1a: Venusaur|Earth Power|p2a: Archaludon
|-supereffective|p2a: Archaludon|1
|-damage|p2a: Archaludon|27/100 frz
|-ability|p2a: Archaludon|Stamina|boost
|-boost|p2a: Archaludon|def|1
|move|p1b: Milotic|Ice Beam|p2b: Pelipper
|-damage|p2b: Pelipper|64/100
|move|p2b: Pelipper|Hurricane|p1a: Venusaur
|-supereffective|p1a: Venusaur|1
|-damage|p1a: Venusaur|1/100
|
|-weather|RainDance|[upkeep]
|-heal|p2a: Archaludon|33/100 frz|[from] item: Leftovers
|upkeep
|turn|5
|
|t:|1782582510
|-curestatus|p2a: Archaludon|frz|[msg]
|move|p2a: Archaludon|Protect|p2a: Archaludon
|-singleturn|p2a: Archaludon|Protect
|move|p1a: Venusaur|Sleep Powder|p2b: Pelipper
|-status|p2b: Pelipper|slp|[from] move: Sleep Powder
|move|p1b: Milotic|Life Dew||[still]|[spread] p1a,p1b
|-heal|p1a: Venusaur|25/100
|-fail|p1b: Milotic|heal
|cant|p2b: Pelipper|slp
|
|-weather|RainDance|[upkeep]
|-heal|p2a: Archaludon|39/100|[from] item: Leftovers
|upkeep
|turn|6
|
|t:|1782582541
|cant|p2b: Pelipper|slp
|move|p1a: Venusaur|Energy Ball|p2a: Archaludon
|-resisted|p2a: Archaludon|2
|-damage|p2a: Archaludon|32/100
|-ability|p2a: Archaludon|Stamina|boost
|-boost|p2a: Archaludon|def|1
|move|p1b: Milotic|Icy Wind|p2a: Archaludon|[spread] p2a,p2b
|-damage|p2a: Archaludon|24/100
|-damage|p2b: Pelipper|54/100 slp
|-unboost|p2a: Archaludon|spe|1
|-unboost|p2b: Pelipper|spe|1
|-ability|p2a: Archaludon|Stamina|boost
|-boost|p2a: Archaludon|def|1
|move|p2a: Archaludon|Electro Shot||[still]
|-prepare|p2a: Archaludon|Electro Shot
|-boost|p2a: Archaludon|spa|1
|-anim|p2a: Archaludon|Electro Shot|p1b: Milotic
|-supereffective|p1b: Milotic|1
|-damage|p1b: Milotic|19/100
|
|-weather|none
|-heal|p1b: Milotic|25/100|[from] item: Leftovers
|-heal|p2a: Archaludon|30/100|[from] item: Leftovers
|upkeep
|turn|7
|
|t:|1782582567
|switch|p2b: Grimmsnarl|Grimmsnarl, L50, M|92/100
|move|p1a: Venusaur|Earth Power|p2a: Archaludon
|-supereffective|p2a: Archaludon|1
|-damage|p2a: Archaludon|0 fnt
|faint|p2a: Archaludon
|move|p1b: Milotic|Life Dew|p1b: Milotic|[spread] p1a,p1b
|-heal|p1a: Venusaur|50/100g
|-heal|p1b: Milotic|50/100g
|
|-heal|p1b: Milotic|56/100|[from] item: Leftovers
|upkeep
|
|t:|1782582578
|switch|p2a: Pelipper|Pelipper, L50, F|54/100 slp
|-weather|RainDance|[from] ability: Drizzle|[of] p2a: Pelipper
|turn|8
|
|t:|1782582590
|switch|p2a: Swampert|Swampert-Mega, L50, F|100/100
|move|p2b: Grimmsnarl|Parting Shot|p1a: Venusaur
|-unboost|p1a: Venusaur|atk|1
|-unboost|p1a: Venusaur|spa|1
|
|t:|1782582594
|switch|p2b: Pelipper|Pelipper, L50, F|54/100 slp|[from] Parting Shot
|move|p1a: Venusaur|Energy Ball|p2b: Pelipper
|-damage|p2b: Pelipper|31/100 slp
|-enditem|p2b: Pelipper|Sitrus Berry|[eat]
|-heal|p2b: Pelipper|55/100 slp|[from] item: Sitrus Berry
|move|p1b: Milotic|Icy Wind|p2a: Swampert|[spread] p2a,p2b
|-damage|p2a: Swampert|92/100
|-damage|p2b: Pelipper|44/100 slp
|-unboost|p2a: Swampert|spe|1
|-unboost|p2b: Pelipper|spe|1
|
|-weather|RainDance|[upkeep]
|-heal|p1b: Milotic|62/100|[from] item: Leftovers
|-sideend|p2: cacamolo|move: Light Screen
|upkeep
|turn|9
|
|t:|1782582617
|move|p2a: Swampert|Ice Punch|p1a: Venusaur
|-supereffective|p1a: Venusaur|1
|-damage|p1a: Venusaur|0 fnt
|faint|p1a: Venusaur
|move|p1b: Milotic|Ice Beam|p2a: Swampert
|-damage|p2a: Swampert|65/100
|-curestatus|p2b: Pelipper|slp|[msg]
|move|p2b: Pelipper|Hurricane|p1b: Milotic
|-damage|p1b: Milotic|34/100
|
|-weather|RainDance|[upkeep]
|-heal|p1b: Milotic|40/100|[from] item: Leftovers
|upkeep
|
|t:|1782582620
|switch|p1a: Garchomp|Garchomp, L50, M|100/100
|turn|10
|
|t:|1782582638
|move|p1a: Garchomp|Protect|p1a: Garchomp
|-singleturn|p1a: Garchomp|Protect
|move|p2a: Swampert|Protect|p2a: Swampert
|-singleturn|p2a: Swampert|Protect
|move|p1b: Milotic|Icy Wind|p2a: Swampert|[spread] p2b
|-activate|p2a: Swampert|move: Protect
|-damage|p2b: Pelipper|28/100
|-unboost|p2b: Pelipper|spe|1
|move|p2b: Pelipper|Tailwind|p2b: Pelipper
|-sidestart|p2: cacamolo|move: Tailwind
|
|-weather|RainDance|[upkeep]
|-heal|p1b: Milotic|46/100|[from] item: Leftovers
|upkeep
|turn|11
|
|t:|1782582657
|move|p2a: Swampert|Ice Punch|p1a: Garchomp
|-supereffective|p1a: Garchomp|2
|-damage|p1a: Garchomp|0 fnt
|-damage|p2a: Swampert|52/100|[from] ability: Rough Skin|[of] p1a: Garchomp
|faint|p1a: Garchomp
|move|p1b: Milotic|Life Dew|p1b: Milotic
|-heal|p1b: Milotic|71/100
|move|p2b: Pelipper|Hurricane|p1b: Milotic
|-damage|p1b: Milotic|41/100
|
|-weather|RainDance|[upkeep]
|-heal|p1b: Milotic|47/100|[from] item: Leftovers
|upkeep
|turn|12
|
|t:|1782582675
|move|p2a: Swampert|Wave Crash|p1b: Milotic
|-resisted|p1b: Milotic|1
|-damage|p1b: Milotic|0 fnt
|faint|p1b: Milotic
|-damage|p2a: Swampert|36/100|[from] Recoil
|
|win|cacamolo
||Drkoo is ready for game 2.
|inactive|cacamolo has 30 seconds to confirm battle start!
