|j|☆Kylliza
|j|☆Whitino
|html|KyllizaWhitino    
|uhtml|bestof|Game 3 of a best-of-3
|t:|1782342807
|gametype|doubles
|player|p1|Kylliza|265|1116
|player|p2|Whitino|n|1040
|gen|9
|tier|[Gen 9 Champions] VGC 2026 Reg M-B (Bo3)
|rated|
|rule|Species Clause: Limit one of each Pokémon
|rule|Item Clause: Limit 1 of each item
|clearpoke
|poke|p1|Blaziken, L50, F|
|poke|p1|Whimsicott, L50, F|
|poke|p1|Incineroar, L50, M|
|poke|p1|Sylveon, L50, F|
|poke|p1|Basculegion, L50, M|
|poke|p1|Froslass, L50, F|
|poke|p2|Vileplume, L50, F|
|poke|p2|Pyroar, L50, F|
|poke|p2|Aerodactyl, L50, F|
|poke|p2|Torkoal, L50, M|
|poke|p2|Farigiraf, L50, F|
|poke|p2|Garchomp, L50, F|
|teampreview|4
|showteam|p1|Blaziken||Blazikenite|SpeedBoost|FlareBlitz,CloseCombat,RockSlide,Protect|Adamant||F|||50|]Whimsicott||FocusSash|Prankster|Moonblast,Tailwind,Encore,Protect|Timid||F|||50|]Incineroar||SitrusBerry|Intimidate|FakeOut,FlareBlitz,ThroatChop,PartingShot|Careful||M|||50|]Sylveon||FairyFeather|Pixilate|HyperVoice,HyperBeam,QuickAttack,Protect|Modest||F|||50|]Basculegion||ChoiceScarf|Adaptability|WaveCrash,LastRespects,AquaJet,FlipTurn|Jolly||M|||50|]Froslass||Froslassite|CursedBody|Blizzard,ShadowBall,AuroraVeil,Protect|Timid||F|||50|
|showteam|p2|Vileplume||FocusSash|Chlorophyll|AfterYou,SludgeBomb,SleepPowder,GigaDrain|Timid||F|||50|]Pyroar||Pyroarite|Unnerve|HeatWave,SolarBeam,Overheat,Protect|Timid||F|||50|]Aerodactyl||Aerodactylite|Unnerve|RockSlide,Tailwind,WideGuard,Protect|Jolly||F|||50|]Torkoal||Charcoal|Drought|Eruption,WeatherBall,SolarBeam,Protect|Quiet||M|||50|]Farigiraf||SitrusBerry|ArmorTail|TwinBeam,TrickRoom,HelpingHand,Protect|Bold||F|||50|]Garchomp||LifeOrb|RoughSkin|Earthquake,DragonClaw,RockSlide,Protect|Jolly||F|||50|
|inactive|Battle timer is ON: inactive players will automatically lose when time's up. (requested by Kylliza)
|inactive|Whitino has 60 seconds left.
|
|t:|1782342872
|teamsize|p1|4
|teamsize|p2|4
|start
|switch|p1a: Basculegion|Basculegion, L50, M|100/100
|switch|p1b: Sylveon|Sylveon, L50, F|100/100
|switch|p2a: Aerodactyl|Aerodactyl, L50, F|100/100
|switch|p2b: Farigiraf|Farigiraf, L50, F|100/100
|-ability|p2a: Aerodactyl|Unnerve
|turn|1
|inactive|Kylliza has 30 seconds left.
|inactive|Whitino has 30 seconds left.
|inactive|Whitino has 20 seconds left.
|inactive|Whitino has 15 seconds left.
|inactive|Whitino has 10 seconds left.
|
|t:|1782342922
|switch|p2b: Vileplume|Vileplume, L50, F|100/100
|move|p2a: Aerodactyl|Protect|p2a: Aerodactyl
|-singleturn|p2a: Aerodactyl|Protect
|move|p1a: Basculegion|Wave Crash|p2a: Aerodactyl
|-activate|p2a: Aerodactyl|move: Protect
|move|p1b: Sylveon|Hyper Voice|p2a: Aerodactyl|[spread] p2b
|-activate|p2a: Aerodactyl|move: Protect
|-resisted|p2b: Vileplume|1
|-damage|p2b: Vileplume|70/100
|
|upkeep
|turn|2
|inactive|Kylliza has 30 seconds left.
|
|t:|1782342955
|switch|p1a: Incineroar|Incineroar, L50, M|100/100
|-ability|p1a: Incineroar|Intimidate|boost
|-unboost|p2a: Aerodactyl|atk|1
|-unboost|p2b: Vileplume|atk|1
|detailschange|p2a: Aerodactyl|Aerodactyl-Mega, L50, F
|-mega|p2a: Aerodactyl|Aerodactyl|Aerodactylite
|move|p2a: Aerodactyl|Tailwind|p2a: Aerodactyl
|-sidestart|p2: Whitino|move: Tailwind
|move|p2b: Vileplume|Giga Drain|p1a: Incineroar
|-resisted|p1a: Incineroar|1
|-damage|p1a: Incineroar|86/100
|-heal|p2b: Vileplume|79/100|[from] drain|[of] p1a: Incineroar
|move|p1b: Sylveon|Hyper Voice|p2a: Aerodactyl|[spread] p2a,p2b
|-resisted|p2b: Vileplume|1
|-damage|p2a: Aerodactyl|41/100
|-damage|p2b: Vileplume|48/100
|
|upkeep
|turn|3
|inactive|Kylliza has 30 seconds left.
|inactive|Whitino has 30 seconds left.
|inactive|Kylliza has 20 seconds left.
|
|t:|1782342992
|switch|p2b: Farigiraf|Farigiraf, L50, F|100/100
|switch|p1b: Basculegion|Basculegion, L50, M|100/100
|move|p2a: Aerodactyl|Protect|p2a: Aerodactyl
|-singleturn|p2a: Aerodactyl|Protect
|move|p1a: Incineroar|Flare Blitz|p2b: Farigiraf
|-damage|p2b: Farigiraf|61/100
|-damage|p1a: Incineroar|72/100|[from] Recoil
|
|upkeep
|turn|4
|inactive|Kylliza has 30 seconds left.
|inactive|Whitino has 30 seconds left.
|
|t:|1782343024
|switch|p2b: Vileplume|Vileplume, L50, F|48/100
|move|p1b: Basculegion|Aqua Jet|p2a: Aerodactyl
|-supereffective|p2a: Aerodactyl|1
|-crit|p2a: Aerodactyl
|-damage|p2a: Aerodactyl|0 fnt
|faint|p2a: Aerodactyl
|move|p1a: Incineroar|Throat Chop|p2b: Vileplume
|-damage|p2b: Vileplume|6/100
|-start|p2b: Vileplume|Throat Chop|[silent]
|
|upkeep
|
|t:|1782343032
|switch|p2a: Torkoal|Torkoal, L50, M|100/100
|-weather|SunnyDay|[from] ability: Drought|[of] p2a: Torkoal
|turn|5
|
|t:|1782343051
|switch|p1b: Sylveon|Sylveon, L50, F|100/100
|move|p2b: Vileplume|Sleep Powder|p1a: Incineroar
|-status|p1a: Incineroar|slp|[from] move: Sleep Powder
|cant|p1a: Incineroar|slp
|move|p2a: Torkoal|Solar Beam||[still]
|-prepare|p2a: Torkoal|Solar Beam
|-anim|p2a: Torkoal|Solar Beam|p1b: Sylveon
|-damage|p1b: Sylveon|72/100
|
|-weather|SunnyDay|[upkeep]
|-end|p2b: Vileplume|Throat Chop|[silent]
|-sideend|p2: Whitino|move: Tailwind
|upkeep
|turn|6
|inactive|Kylliza has 30 seconds left.
|
|t:|1782343080
|move|p1b: Sylveon|Quick Attack|p2b: Vileplume
|-resisted|p2b: Vileplume|1
|-damage|p2b: Vileplume|0 fnt
|faint|p2b: Vileplume
|cant|p1a: Incineroar|slp
|move|p2a: Torkoal|Eruption|p1b: Sylveon|[spread] p1a,p1b
|-resisted|p1a: Incineroar|1
|-damage|p1a: Incineroar|38/100 slp
|-damage|p1b: Sylveon|6/100
|-enditem|p1a: Incineroar|Sitrus Berry|[eat]
|-heal|p1a: Incineroar|62/100 slp|[from] item: Sitrus Berry
|
|-weather|SunnyDay|[upkeep]
|upkeep
|
|t:|1782343090
|switch|p2b: Farigiraf|Farigiraf, L50, F|61/100
|turn|7
|
|t:|1782343098
|move|p2a: Torkoal|Protect|p2a: Torkoal
|-singleturn|p2a: Torkoal|Protect
|move|p1b: Sylveon|Hyper Voice|p2b: Farigiraf|[spread] p2b
|-activate|p2a: Torkoal|move: Protect
|-damage|p2b: Farigiraf|12/100
|-enditem|p2b: Farigiraf|Sitrus Berry|[eat]
|-heal|p2b: Farigiraf|37/100|[from] item: Sitrus Berry
|-curestatus|p1a: Incineroar|slp|[msg]
|move|p1a: Incineroar|Throat Chop|p2b: Farigiraf
|-supereffective|p2b: Farigiraf|1
|-damage|p2b: Farigiraf|0 fnt
|faint|p2b: Farigiraf
|
|-weather|SunnyDay|[upkeep]
|upkeep
|turn|8
|c|☆Whitino|gg
|c|☆Kylliza|gg
|-message|Whitino forfeited.
|raw|Kylliza's rating: 1116 → 1136(+20 for winning)
|raw|Whitino's rating: 1040 → 1027(-13 for losing)
|
|win|Kylliza
