|j|☆vgcbeta
|j|☆ranakos
|html|vgcbetaranakos    
|uhtml|bestof|Game 1 of a best-of-3
|t:|1756487897
|gametype|doubles
|player|p1|vgcbeta|sada|
|player|p2|ranakos|scientist-gen4|
|gen|9
|tier|[Gen 9] VGC 2025 Reg H (Bo3)
|rule|Species Clause: Limit one of each Pokémon
|rule|Item Clause: Limit 1 of each item
|clearpoke
|poke|p1|Talonflame, L50, M|
|poke|p1|Garchomp, L50, F|
|poke|p1|Gholdengo, L50|
|poke|p1|Milotic, L50, M|
|poke|p1|Tyranitar, L50, F|
|poke|p1|Amoonguss, L50, M|
|poke|p2|Gholdengo, L50|
|poke|p2|Ninetales-Alola, L50, F|
|poke|p2|Incineroar, L50, M|
|poke|p2|Serperior, L50, M|
|poke|p2|Glimmora, L50, M|
|poke|p2|Maushold-Four, L50|
|teampreview|4
|showteam|p1|Talonflame||CovertCloak|GaleWings|Taunt,WillOWisp,BraveBird,Tailwind|||M|||50|,,,,,Grass]Garchomp||LifeOrb|RoughSkin|Earthquake,DragonClaw,StompingTantrum,Protect|||F|||50|,,,,,Fairy]Gholdengo||ChoiceSpecs|GoodasGold|MakeItRain,ShadowBall,PowerGem,Thunderbolt||||||50|,,,,,Steel]Milotic||SafetyGoggles|Competitive|Scald,IcyWind,Haze,Protect|||M|||50|,,,,,Dragon]Tyranitar||AssaultVest|SandStream|RockSlide,LowKick,TeraBlast,KnockOff|||F|||50|,,,,,Flying]Amoonguss||SitrusBerry|Regenerator|RagePowder,Spore,PollenPuff,ClearSmog|||M|||50|,,,,,Water
|showteam|p2|Gholdengo||MetalCoat|GoodasGold|MakeItRain,ShadowBall,NastyPlot,Protect||||||50|,,,,,Water]Ninetales-Alola||CovertCloak|SnowWarning|IcyWind,AuroraVeil,Moonblast,Blizzard|||F|||50|,,,,,Water]Incineroar||RockyHelmet|Intimidate|FakeOut,FlareBlitz,KnockOff,PartingShot|||M|||50|,,,,,Ghost]Serperior||LifeOrb|Contrary|Protect,LeafStorm,TeraBlast,GigaDrain|||M|||50|,,,,,Stellar]Glimmora||PowerHerb|ToxicDebris|MeteorBeam,SludgeBomb,EarthPower,Protect|||M|||50|,,,,,Grass]Maushold-Four||SafetyGoggles|FriendGuard|Protect,FollowMe,SuperFang,HelpingHand||||||50|,,,,,Normal
|inactive|Battle timer is ON: inactive players will automatically lose when time's up. (requested by ranakos)
|
|t:|1756487958
|teamsize|p1|4
|teamsize|p2|4
|start
|switch|p1a: Talonflame|Talonflame, L50, M|100/100
|switch|p1b: Garchomp|Garchomp, L50, F|100/100
|switch|p2a: Glimmora|Glimmora, L50, M|100/100
|switch|p2b: Incineroar|Incineroar, L50, M|100/100
|-ability|p2b: Incineroar|Intimidate|boost
|-unboost|p1a: Talonflame|atk|1
|-unboost|p1b: Garchomp|atk|1
|turn|1
|inactive|vgcbeta has 30 seconds left.
|
|t:|1756487993
|switch|p1a: Tyranitar|Tyranitar, L50, F|100/100
|-weather|Sandstorm|[from] ability: Sand Stream|[of] p1a: Tyranitar
|switch|p1b: Milotic|Milotic, L50, M|100/100
|-terastallize|p2a: Glimmora|Grass
|move|p2a: Glimmora|Meteor Beam||[still]
|-prepare|p2a: Glimmora|Meteor Beam
|-boost|p2a: Glimmora|spa|1
|-enditem|p2a: Glimmora|Power Herb
|-anim|p2a: Glimmora|Meteor Beam|p1a: Tyranitar
|-damage|p1a: Tyranitar|61/100
|move|p2b: Incineroar|Parting Shot|p1a: Tyranitar
|-unboost|p1a: Tyranitar|atk|1
|-unboost|p1a: Tyranitar|spa|1
|
|t:|1756488006
|switch|p2b: Ninetales|Ninetales-Alola, L50, F, shiny|100/100|[from] Parting Shot
|-weather|Snowscape|[from] ability: Snow Warning|[of] p2b: Ninetales
|
|-weather|Snowscape|[upkeep]
|upkeep
|turn|2
|
|t:|1756488022
|move|p2b: Ninetales|Aurora Veil|p2b: Ninetales
|-sidestart|p2: ranakos|move: Aurora Veil
|move|p2a: Glimmora|Sludge Bomb|p1b: Milotic
|-damage|p1b: Milotic|46/100
|move|p1b: Milotic|Haze|p1b: Milotic
|-clearallboost
|move|p1a: Tyranitar|Rock Slide|p2b: Ninetales|[spread] p2a,p2b
|-crit|p2a: Glimmora
|-supereffective|p2b: Ninetales
|-damage|p2a: Glimmora|46/100
|-damage|p2b: Ninetales|60/100
|-activate|p2a: Glimmora|ability: Toxic Debris
|-sidestart|p1: vgcbeta|move: Toxic Spikes
|
|-weather|Snowscape|[upkeep]
|upkeep
|turn|3
|inactive|ranakos has 30 seconds left.
|inactive|vgcbeta has 30 seconds left.
|inactive|ranakos has 20 seconds left.
|inactive|vgcbeta has 20 seconds left.
|inactive|ranakos has 15 seconds left.
|
|t:|1756488064
|switch|p2a: Serperior|Serperior, L50, M|100/100
|move|p2b: Ninetales|Blizzard|p1a: Tyranitar|[spread] p1a,p1b
|-resisted|p1b: Milotic
|-damage|p1a: Tyranitar|45/100
|-damage|p1b: Milotic|37/100
|-status|p1b: Milotic|frz
|cant|p1b: Milotic|frz
|move|p1a: Tyranitar|Rock Slide|p2a: Serperior|[spread] p2a,p2b
|-supereffective|p2b: Ninetales
|-damage|p2a: Serperior|79/100
|-damage|p2b: Ninetales|22/100
|
|-weather|Snowscape|[upkeep]
|upkeep
|turn|4
|
|t:|1756488088
|-terastallize|p1a: Tyranitar|Flying
|move|p2b: Ninetales|Blizzard|p1b: Milotic|[spread] p1a,p1b
|-supereffective|p1a: Tyranitar
|-resisted|p1b: Milotic
|-damage|p1a: Tyranitar|13/100
|-damage|p1b: Milotic|27/100 frz
|move|p2a: Serperior|Leaf Storm|p1a: Tyranitar
|-resisted|p1a: Tyranitar
|-damage|p1a: Tyranitar|0 fnt
|-boost|p2a: Serperior|spa|2
|faint|p1a: Tyranitar
|-damage|p2a: Serperior|69/100|[from] item: Life Orb
|-curestatus|p1b: Milotic|frz|[from] move: Scald
|move|p1b: Milotic|Scald|p2b: Ninetales
|-damage|p2b: Ninetales|0 fnt
|faint|p2b: Ninetales
|
|-weather|Snowscape|[upkeep]
|upkeep
|
|t:|1756488106
|switch|p2b: Incineroar|Incineroar, L50, M|100/100
|switch|p1a: Talonflame|Talonflame, L50, M|100/100
|-ability|p2b: Incineroar|Intimidate|boost
|-unboost|p1a: Talonflame|atk|1
|-unboost|p1b: Milotic|atk|1
|-ability|p1b: Milotic|Competitive|boost
|-boost|p1b: Milotic|spa|2
|turn|5
|
|t:|1756488120
|move|p1b: Milotic|Protect|p1b: Milotic
|-singleturn|p1b: Milotic|Protect
|move|p1a: Talonflame|Tailwind|p1a: Talonflame
|-sidestart|p1: vgcbeta|move: Tailwind
|move|p2a: Serperior|Giga Drain|p1b: Milotic
|-activate|p1b: Milotic|move: Protect
|move|p2b: Incineroar|Knock Off|p1a: Talonflame
|-damage|p1a: Talonflame|25/100
|-enditem|p1a: Talonflame|Covert Cloak|[from] move: Knock Off|[of] p2b: Incineroar
|
|-weather|none
|upkeep
|turn|6
|inactive|vgcbeta has 30 seconds left.
|inactive|vgcbeta has 20 seconds left.
|
|t:|1756488158
|move|p1a: Talonflame|Tailwind||[still]
|-fail|p1a: Talonflame
|move|p1b: Milotic|Scald|p2b: Incineroar
|-supereffective|p2b: Incineroar
|-damage|p2b: Incineroar|22/100
|move|p2a: Serperior|Giga Drain|p1b: Milotic
|-supereffective|p1b: Milotic
|-damage|p1b: Milotic|0 fnt
|-heal|p2a: Serperior|85/100|[from] drain|[of] p1b: Milotic
|faint|p1b: Milotic
|-damage|p2a: Serperior|75/100|[from] item: Life Orb
|move|p2b: Incineroar|Parting Shot|p1a: Talonflame
|-unboost|p1a: Talonflame|atk|1
|-unboost|p1a: Talonflame|spa|1
|c|☆vgcbeta|JODER NO LE QUERIA DAR A TW
|c|☆ranakos|JANSKJANDASJDA
|
|t:|1756488174
|switch|p2b: Glimmora|Glimmora, L50, M, tera:Grass|46/100|[from] Parting Shot
|
|-sideend|p2: ranakos|move: Aurora Veil
|upkeep
|
|t:|1756488178
|switch|p1b: Garchomp|Garchomp, L50, F|100/100
|-status|p1b: Garchomp|psn
|turn|7
|
|t:|1756488198
|switch|p2b: Incineroar|Incineroar, L50, M|22/100
|-ability|p2b: Incineroar|Intimidate|boost
|-unboost|p1a: Talonflame|atk|1
|-unboost|p1b: Garchomp|atk|1
|move|p2a: Serperior|Protect|p2a: Serperior
|-singleturn|p2a: Serperior|Protect
|move|p1a: Talonflame|Brave Bird|p2a: Serperior
|-activate|p2a: Serperior|move: Protect
|move|p1b: Garchomp|Stomping Tantrum|p2b: Incineroar
|-supereffective|p2b: Incineroar
|-damage|p2b: Incineroar|0 fnt
|-damage|p1b: Garchomp|84/100 psn|[from] item: Rocky Helmet|[of] p2b: Incineroar
|faint|p2b: Incineroar
|-damage|p1b: Garchomp|74/100 psn|[from] item: Life Orb
|
|-damage|p1b: Garchomp|62/100 psn|[from] psn
|upkeep
|
|t:|1756488205
|switch|p2b: Glimmora|Glimmora, L50, M, tera:Grass|46/100
|turn|8
|
|t:|1756488221
|move|p1a: Talonflame|Brave Bird|p2a: Serperior
|-supereffective|p2a: Serperior
|-damage|p2a: Serperior|36/100
|-damage|p1a: Talonflame|11/100|[from] Recoil
|move|p1b: Garchomp|Dragon Claw|p2a: Serperior
|-damage|p2a: Serperior|2/100
|-damage|p1b: Garchomp|52/100 psn|[from] item: Life Orb
|move|p2a: Serperior|Giga Drain|p1b: Garchomp
|-damage|p1b: Garchomp|0 fnt
|-heal|p2a: Serperior|30/100|[from] drain|[of] p1b: Garchomp
|faint|p1b: Garchomp
|-damage|p2a: Serperior|20/100|[from] item: Life Orb
|move|p2b: Glimmora|Sludge Bomb|p1a: Talonflame
|-damage|p1a: Talonflame|0 fnt
|faint|p1a: Talonflame
|
|win|ranakos
||vgcbeta is ready for game 2.
|inactive|ranakos has 30 seconds to confirm battle start!
||ranakos is ready for game 2.
|uhtml|next|Next: Game 2 of 3
