|j|☆2BStellar
|j|☆Inkerious
|html|2BStellarInkerious    
|uhtml|bestof|Game 2 of a best-of-3
|t:|1785982682
|gametype|doubles
|player|p1|2BStellar|hilbert-wonderlauncher|1179
|player|p2|Inkerious|102|1160
|gen|9
|tier|[Gen 9 Champions] VGC 2026 Reg M-B (Bo3)
|rated|
|rule|Species Clause: Limit one of each Pokémon
|rule|Item Clause: Limit 1 of each item
|clearpoke
|poke|p1|Sylveon, L50, F, shiny|
|poke|p1|Garchomp, L50, M, shiny|
|poke|p1|Kingambit, L50, M, shiny|
|poke|p1|Charizard, L50, M, shiny|
|poke|p1|Aerodactyl, L50, M, shiny|
|poke|p1|Farigiraf, L50, F, shiny|
|poke|p2|Gholdengo, L50|
|poke|p2|Tyranitar, L50, M|
|poke|p2|Excadrill, L50, F|
|poke|p2|Milotic, L50, F|
|poke|p2|Staraptor, L50, M|
|poke|p2|Sinistcha, L50|
|teampreview|4
|showteam|p1|Sylveon||FairyFeather|Pixilate|Detect,HyperVoice,QuickAttack,HyperBeam|Modest||F|||50|]Garchomp||LifeOrb|RoughSkin|Protect,Earthquake,DragonClaw,StoneEdge|Jolly||M|||50|]Kingambit||FocusSash|Defiant|SuckerPunch,KowtowCleave,IronHead,BrickBreak|Jolly||M|||50|]Charizard||CharizarditeY|Blaze|Protect,HeatWave,SolarBeam,WeatherBall|Modest||M|||50|]Aerodactyl||Aerodactylite|Unnerve|Tailwind,RockSlide,IceFang,DualWingbeat|Jolly||M|||50|]Farigiraf||SitrusBerry|ArmorTail|Protect,Thunderbolt,TwinBeam,TrickRoom|Bold||F|||50|
|showteam|p2|Gholdengo||LifeOrb|GoodasGold|MakeItRain,ShadowBall,NastyPlot,Protect|Modest|||||50|]Tyranitar||Tyranitarite|SandStream|RockSlide,KnockOff,HighHorsepower,Protect|Jolly||M|||50|]Excadrill||FocusSash|SandRush|IronHead,HighHorsepower,RockSlide,Protect|Jolly||F|||50|]Milotic||SitrusBerry|Competitive|Scald,IcyWind,Haze,Protect|Calm||F|||50|]Staraptor||Staraptite|Intimidate|CloseCombat,BraveBird,Tailwind,Protect|Jolly||M|||50|]Sinistcha||ColburBerry|Hospitality|MatchaGotcha,ShadowBall,RagePowder,Protect|Bold|||||50|
|inactive|Battle timer is ON: inactive players will automatically lose when time's up. (requested by Inkerious)
|
|t:|1785982709
|teamsize|p1|4
|teamsize|p2|4
|start
|switch|p1a: zzzzzz|Charizard, L50, M, shiny|100/100
|switch|p1b: e4e5f4|Kingambit, L50, M, shiny|100/100
|switch|p2a: Milotic|Milotic, L50, F|100/100
|switch|p2b: Gholdengo|Gholdengo, L50|100/100
|turn|1
|inactive|2BStellar has 30 seconds left.
|inactive|2BStellar has 20 seconds left.
|
|t:|1785982749
|detailschange|p1a: zzzzzz|Charizard-Mega-Y, L50, M, shiny
|-mega|p1a: zzzzzz|Charizard|Charizardite Y
|-weather|SunnyDay|[from] ability: Drought|[of] p1a: zzzzzz
|move|p2b: Gholdengo|Protect|p2b: Gholdengo
|-singleturn|p2b: Gholdengo|Protect
|move|p1a: zzzzzz|Solar Beam||[still]
|-prepare|p1a: zzzzzz|Solar Beam
|-anim|p1a: zzzzzz|Solar Beam|p2a: Milotic
|-supereffective|p2a: Milotic|1
|-damage|p2a: Milotic|34/100
|-enditem|p2a: Milotic|Sitrus Berry|[eat]
|-heal|p2a: Milotic|59/100|[from] item: Sitrus Berry
|move|p2a: Milotic|Scald|p1b: e4e5f4
|-damage|p1b: e4e5f4|83/100
|move|p1b: e4e5f4|Kowtow Cleave|p2a: Milotic
|-damage|p2a: Milotic|12/100
|
|-weather|SunnyDay|[upkeep]
|upkeep
|turn|2
|
|t:|1785982773
|switch|p2b: Tyranitar|Tyranitar, L50, M|100/100
|-weather|Sandstorm|[from] ability: Sand Stream|[of] p2b: Tyranitar
|move|p1a: zzzzzz|Heat Wave|p2b: Tyranitar|[spread] p2a,p2b
|-resisted|p2a: Milotic|1
|-resisted|p2b: Tyranitar|1
|-damage|p2a: Milotic|0 fnt
|-damage|p2b: Tyranitar|88/100
|faint|p2a: Milotic
|move|p1b: e4e5f4|Brick Break|p2b: Tyranitar
|-supereffective|p2b: Tyranitar|2
|-damage|p2b: Tyranitar|0 fnt
|faint|p2b: Tyranitar
|
|-weather|Sandstorm|[upkeep]
|-damage|p1a: zzzzzz|93/100|[from] Sandstorm
|upkeep
|
|t:|1785982787
|switch|p2b: Gholdengo|Gholdengo, L50|100/100
|switch|p2a: Staraptor|Staraptor, L50, M|100/100
|-ability|p2a: Staraptor|Intimidate|boost
|-unboost|p1a: zzzzzz|atk|1
|-unboost|p1b: e4e5f4|atk|1
|-ability|p1b: e4e5f4|Defiant|boost
|-boost|p1b: e4e5f4|atk|2
|turn|3
|inactive|2BStellar has 30 seconds left.
|
|t:|1785982815
|switch|p1a: piano|Garchomp, L50, M, shiny|100/100
|detailschange|p2a: Staraptor|Staraptor-Mega, L50, M
|-mega|p2a: Staraptor|Staraptor|Staraptite
|move|p2a: Staraptor|Close Combat|p1b: e4e5f4
|-supereffective|p1b: e4e5f4|2
|-damage|p1b: e4e5f4|0 fnt
|-boost|p2a: Staraptor|def|1
|-boost|p2a: Staraptor|spd|1
|faint|p1b: e4e5f4
|move|p2b: Gholdengo|Nasty Plot|p2b: Gholdengo
|-boost|p2b: Gholdengo|spa|2
|
|-weather|Sandstorm|[upkeep]
|-damage|p2a: Staraptor|94/100|[from] Sandstorm
|upkeep
|
|t:|1785982839
|switch|p1b: zzzzzz|Charizard-Mega-Y, L50, M, shiny|93/100
|-weather|SunnyDay|[from] ability: Drought|[of] p1b: zzzzzz
|turn|4
|inactive|2BStellar has 30 seconds left.
|
|t:|1785982866
|move|p2b: Gholdengo|Protect|p2b: Gholdengo
|-singleturn|p2b: Gholdengo|Protect
|move|p2a: Staraptor|Tailwind|p2a: Staraptor
|-sidestart|p2: Inkerious|move: Tailwind
|move|p1a: piano|Dragon Claw|p2a: Staraptor
|-damage|p2a: Staraptor|59/100
|-damage|p1a: piano|90/100|[from] item: Life Orb
|move|p1b: zzzzzz|Heat Wave|p2a: Staraptor|[spread] p2a
|-activate|p2b: Gholdengo|move: Protect
|-damage|p2a: Staraptor|17/100
|
|-weather|SunnyDay|[upkeep]
|upkeep
|turn|5
|inactive|2BStellar has 30 seconds left.
|inactive|Inkerious has 30 seconds left.
|inactive|2BStellar has 20 seconds left.
|
|t:|1785982901
|move|p2a: Staraptor|Brave Bird|p1b: zzzzzz
|-damage|p1b: zzzzzz|39/100
|-damage|p2a: Staraptor|1/100|[from] Recoil
|move|p2b: Gholdengo|Shadow Ball|p1a: piano
|-damage|p1a: piano|0 fnt
|faint|p1a: piano
|-damage|p2b: Gholdengo|90/100|[from] item: Life Orb
|move|p1b: zzzzzz|Heat Wave|p2b: Gholdengo|[spread] p2a,p2b
|-crit|p2a: Staraptor
|-supereffective|p2b: Gholdengo|1
|-damage|p2a: Staraptor|0 fnt
|-damage|p2b: Gholdengo|0 fnt
|faint|p2a: Staraptor
|faint|p2b: Gholdengo
|
|win|2BStellar
||2BStellar is ready for game 3.
|inactive|Inkerious has 30 seconds to confirm battle start!
||Inkerious is ready for game 3.
|uhtml|next|Next: Game 3 of 3
