|j|☆magmastormvgc
|j|☆MrGreen3432
|html|magmastormvgcMrGreen3432    
|uhtml|bestof|Game 1 of a best-of-3
|t:|1757798496
|gametype|doubles
|player|p1|magmastormvgc|turo-ai|1183
|player|p2|MrGreen3432|101|1198
|gen|9
|tier|[Gen 9] VGC 2025 Reg H (Bo3)
|rated|
|rule|Species Clause: Limit one of each Pokémon
|rule|Item Clause: Limit 1 of each item
|clearpoke
|poke|p1|Dragonite, L50, M|
|poke|p1|Gholdengo, L50|
|poke|p1|Ursaluna-Bloodmoon, L50, M|
|poke|p1|Annihilape, L50, M|
|poke|p1|Maushold-Four, L50|
|poke|p1|Rillaboom, L50, M|
|poke|p2|Garchomp, L50, M|
|poke|p2|Sneasler, L50, F|
|poke|p2|Misdreavus, L50, M|
|poke|p2|Gothitelle, L50, M|
|poke|p2|Amoonguss, L50, M|
|poke|p2|Incineroar, L50, M|
|teampreview|4
|showteam|p1|Dragonite||LoadedDice|Multiscale|ScaleShot,Tailwind,Haze,Protect|||M|||50|,,,,,Fairy]Gholdengo||LifeOrb|GoodasGold|MakeItRain,ShadowBall,NastyPlot,Protect||||||50|,,,,,Water]Ursaluna-Bloodmoon||AssaultVest|MindsEye|BloodMoon,EarthPower,HyperVoice,VacuumWave|||M|||50|,,,,,Water]Annihilape||SitrusBerry|Defiant|DrainPunch,RageFist,BulkUp,Protect|||M|||50|,,,,,Fire]Maushold-Four||FocusSash|FriendGuard|SuperFang,BeatUp,FollowMe,Protect||||||50|,,,,,Ghost]Rillaboom||MiracleSeed|GrassySurge|WoodHammer,GrassyGlide,HighHorsepower,FakeOut|||M|||50|,,,,,Fire
|showteam|p2|Garchomp||LifeOrb|RoughSkin|Protect,Earthquake,StompingTantrum,DragonClaw|||M|||50|,,,,,Stellar]Sneasler||FocusSash|Unburden|Protect,DireClaw,CloseCombat,ThroatChop|||F|||50|,,,,,Dark]Misdreavus||Eviolite|Levitate|Protect,PerishSong,WillOWisp,ShadowBall|||M|||50|,,,,,Steel]Gothitelle||SitrusBerry|ShadowTag|Protect,FakeOut,TrickRoom,Psychic|||M|||50|,,,,,Dark]Amoonguss||EjectButton|Regenerator|Protect,RagePowder,Spore,PollenPuff|||M|||50|,,,,,Fairy]Incineroar||SafetyGoggles|Intimidate|Protect,FakeOut,PartingShot,KnockOff|||M|||50|,,,,,Ghost
|inactive|Battle timer is ON: inactive players will automatically lose when time's up. (requested by MrGreen3432)
|inactive|magmastormvgc has 60 seconds left.
|inactive|MrGreen3432 has 60 seconds left.
|inactive|magmastormvgc has 30 seconds left.
|inactive|magmastormvgc has 20 seconds left.
|inactive|magmastormvgc has 15 seconds left.
|
|t:|1757798576
|teamsize|p1|4
|teamsize|p2|4
|start
|switch|p1a: Annihilape|Annihilape, L50, M|100/100
|switch|p1b: Maushold|Maushold-Four, L50|100/100
|switch|p2a: Garchomp|Garchomp, L50, M|100/100
|switch|p2b: Misdreavus|Misdreavus, L50, M|100/100
|turn|1
|inactive|magmastormvgc has 30 seconds left.
|inactive|MrGreen3432 has 30 seconds left.
|inactive|magmastormvgc has 20 seconds left.
|inactive|magmastormvgc has 15 seconds left.
|
|t:|1757798620
|switch|p1a: Dragonite|Dragonite, L50, M|100/100
|move|p1b: Maushold|Protect|p1b: Maushold
|-singleturn|p1b: Maushold|Protect
|move|p2a: Garchomp|Stomping Tantrum|p1b: Maushold
|-activate|p1b: Maushold|move: Protect
|move|p2b: Misdreavus|Will-O-Wisp|p1a: Dragonite|[miss]
|-miss|p2b: Misdreavus|p1a: Dragonite
|
|upkeep
|turn|2
|inactive|magmastormvgc has 30 seconds left.
|inactive|MrGreen3432 has 30 seconds left.
|inactive|magmastormvgc has 20 seconds left.
|inactive|MrGreen3432 has 20 seconds left.
|inactive|magmastormvgc has 15 seconds left.
|inactive|MrGreen3432 has 15 seconds left.
|inactive|magmastormvgc has 10 seconds left.
|
|t:|1757798669
|switch|p2a: Gothitelle|Gothitelle, L50, M|100/100
|move|p1b: Maushold|Follow Me|p1b: Maushold
|-singleturn|p1b: Maushold|move: Follow Me
|move|p1a: Dragonite|Scale Shot|p2a: Gothitelle
|-damage|p2a: Gothitelle|88/100
|-crit|p2a: Gothitelle
|-damage|p2a: Gothitelle|69/100
|-damage|p2a: Gothitelle|56/100
|-damage|p2a: Gothitelle|41/100
|-enditem|p2a: Gothitelle|Sitrus Berry|[eat]
|-heal|p2a: Gothitelle|66/100|[from] item: Sitrus Berry
|-hitcount|p2a: Gothitelle|4
|-unboost|p1a: Dragonite|def|1
|-boost|p1a: Dragonite|spe|1
|move|p2b: Misdreavus|Will-O-Wisp|p1b: Maushold
|-status|p1b: Maushold|brn
|
|-damage|p1b: Maushold|94/100 brn|[from] brn
|upkeep
|turn|3
|inactive|magmastormvgc has 30 seconds left.
|inactive|magmastormvgc has 20 seconds left.
|
|t:|1757798706
|move|p1a: Dragonite|Protect|p1a: Dragonite
|-singleturn|p1a: Dragonite|Protect
|move|p2a: Gothitelle|Fake Out|p1a: Dragonite
|-activate|p1a: Dragonite|move: Protect
|move|p1b: Maushold|Super Fang|p2a: Gothitelle
|-damage|p2a: Gothitelle|33/100
|move|p2b: Misdreavus|Perish Song|p2b: Misdreavus
|-start|p1a: Dragonite|perish3|[silent]
|-start|p1b: Maushold|perish3|[silent]
|-start|p2a: Gothitelle|perish3|[silent]
|-start|p2b: Misdreavus|perish3|[silent]
|-fieldactivate|move: Perish Song
|
|-damage|p1b: Maushold|88/100 brn|[from] brn
|-start|p1a: Dragonite|perish3
|-start|p1b: Maushold|perish3
|-start|p2b: Misdreavus|perish3
|-start|p2a: Gothitelle|perish3
|upkeep
|turn|4
|inactive|magmastormvgc has 30 seconds left.
|inactive|MrGreen3432 has 30 seconds left.
|inactive|MrGreen3432 has 20 seconds left.
|inactive|MrGreen3432 has 15 seconds left.
|
|t:|1757798748
|move|p2a: Gothitelle|Protect|p2a: Gothitelle
|-singleturn|p2a: Gothitelle|Protect
|move|p1a: Dragonite|Scale Shot|p2b: Misdreavus|[miss]
|-miss|p1a: Dragonite|p2b: Misdreavus
|move|p1b: Maushold|Beat Up|p2b: Misdreavus
|-supereffective|p2b: Misdreavus
|-damage|p2b: Misdreavus|97/100
|-supereffective|p2b: Misdreavus
|-damage|p2b: Misdreavus|95/100
|-supereffective|p2b: Misdreavus
|-damage|p2b: Misdreavus|92/100
|-supereffective|p2b: Misdreavus
|-damage|p2b: Misdreavus|89/100
|-hitcount|p2b: Misdreavus|4
|move|p2b: Misdreavus|Will-O-Wisp|p1a: Dragonite
|-status|p1a: Dragonite|brn
|
|-damage|p1a: Dragonite|95/100 brn|[from] brn
|-damage|p1b: Maushold|82/100 brn|[from] brn
|-start|p1a: Dragonite|perish2
|-start|p1b: Maushold|perish2
|-start|p2b: Misdreavus|perish2
|-start|p2a: Gothitelle|perish2
|upkeep
|turn|5
|inactive|magmastormvgc has 30 seconds left.
|inactive|MrGreen3432 has 30 seconds left.
|
|t:|1757798778
|switch|p2a: Amoonguss|Amoonguss, L50, M|100/100
|move|p2b: Misdreavus|Protect|p2b: Misdreavus
|-singleturn|p2b: Misdreavus|Protect
|move|p1b: Maushold|Follow Me|p1b: Maushold
|-singleturn|p1b: Maushold|move: Follow Me
|move|p1a: Dragonite|Scale Shot|p2a: Amoonguss
|-damage|p2a: Amoonguss|95/100
|-damage|p2a: Amoonguss|89/100
|-damage|p2a: Amoonguss|83/100
|-damage|p2a: Amoonguss|78/100
|-hitcount|p2a: Amoonguss|4
|-enditem|p2a: Amoonguss|Eject Button
|-unboost|p1a: Dragonite|def|1
|-boost|p1a: Dragonite|spe|1
|
|t:|1757798787
|switch|p2a: Gothitelle|Gothitelle, L50, M|33/100
|
|-damage|p1a: Dragonite|89/100 brn|[from] brn
|-damage|p1b: Maushold|76/100 brn|[from] brn
|-start|p1a: Dragonite|perish1
|-start|p1b: Maushold|perish1
|-start|p2b: Misdreavus|perish1
|upkeep
|turn|6
|inactive|magmastormvgc has 30 seconds left.
|
|t:|1757798815
|switch|p2b: Amoonguss|Amoonguss, L50, M|100/100
|move|p2a: Gothitelle|Protect|p2a: Gothitelle
|-singleturn|p2a: Gothitelle|Protect
|move|p1b: Maushold|Follow Me|p1b: Maushold
|-singleturn|p1b: Maushold|move: Follow Me
|move|p1a: Dragonite|Scale Shot|p2a: Gothitelle
|-activate|p2a: Gothitelle|move: Protect
|
|-damage|p1a: Dragonite|83/100 brn|[from] brn
|-damage|p1b: Maushold|70/100 brn|[from] brn
|-start|p1a: Dragonite|perish0
|-start|p1b: Maushold|perish0
|faint|p1a: Dragonite
|faint|p1b: Maushold
|upkeep
|
|t:|1757798828
|switch|p1b: Gholdengo|Gholdengo, L50|100/100
|switch|p1a: Annihilape|Annihilape, L50, M|100/100
|turn|7
|inactive|magmastormvgc has 30 seconds left.
|
|t:|1757798862
|move|p1a: Annihilape|Protect|p1a: Annihilape
|-singleturn|p1a: Annihilape|Protect
|move|p1b: Gholdengo|Nasty Plot|p1b: Gholdengo
|-boost|p1b: Gholdengo|spa|2
|move|p2a: Gothitelle|Psychic|p1b: Gholdengo
|-resisted|p1b: Gholdengo
|-damage|p1b: Gholdengo|83/100
|move|p2b: Amoonguss|Spore|p1a: Annihilape
|-activate|p1a: Annihilape|move: Protect
|
|upkeep
|turn|8
|
|t:|1757798880
|-terastallize|p1a: Annihilape|Fire
|move|p1a: Annihilape|Bulk Up|p1a: Annihilape
|-boost|p1a: Annihilape|atk|1
|-boost|p1a: Annihilape|def|1
|move|p1b: Gholdengo|Make It Rain|p2a: Gothitelle|[spread] p2a,p2b
|-damage|p2a: Gothitelle|0 fnt
|-damage|p2b: Amoonguss|0 fnt
|-unboost|p1b: Gholdengo|spa|1
|faint|p2a: Gothitelle
|faint|p2b: Amoonguss
|-damage|p1b: Gholdengo|73/100|[from] item: Life Orb
|
|upkeep
|
|t:|1757798890
|switch|p2a: Garchomp|Garchomp, L50, M|100/100
|switch|p2b: Misdreavus|Misdreavus, L50, M|89/100
|turn|9
|inactive|magmastormvgc has 30 seconds left.
|
|t:|1757798922
|-terastallize|p2a: Garchomp|Stellar
|move|p1a: Annihilape|Drain Punch|p2a: Garchomp
|-damage|p2a: Garchomp|51/100
|-damage|p1a: Annihilape|88/100|[from] ability: Rough Skin|[of] p2a: Garchomp
|move|p2a: Garchomp|Earthquake|p1b: Gholdengo|[spread] p1a,p1b
|-immune|p2b: Misdreavus|[from] ability: Levitate
|-supereffective|p1a: Annihilape
|-supereffective|p1b: Gholdengo
|-damage|p1a: Annihilape|0 fnt
|-damage|p1b: Gholdengo|0 fnt
|faint|p1a: Annihilape
|faint|p1b: Gholdengo
|-damage|p2a: Garchomp|41/100|[from] item: Life Orb
|
|win|MrGreen3432
|inactive|magmastormvgc has 30 seconds to confirm battle start!
|inactive|MrGreen3432 has 30 seconds to confirm battle start!
