|j|☆ManuRivq
|j|☆CALAMELLA
|html|ManuRivqCALAMELLA    
|uhtml|bestof|Game 1 of a best-of-3
|t:|1782205710
|gametype|doubles
|player|p1|ManuRivq|1|1000
|player|p2|CALAMELLA|li|1070
|gen|9
|tier|[Gen 9 Champions] VGC 2026 Reg M-B (Bo3)
|rated|
|rule|Species Clause: Limit one of each Pokémon
|rule|Item Clause: Limit 1 of each item
|clearpoke
|poke|p1|Metagross, L50|
|poke|p1|Sneasler, L50, F|
|poke|p1|Hydreigon, L50, M|
|poke|p1|Incineroar, L50, M|
|poke|p1|Aerodactyl, L50, F|
|poke|p1|Floette-Eternal, L50, F|
|poke|p2|Archaludon, L50, M|
|poke|p2|Pelipper, L50, M|
|poke|p2|Grimmsnarl, L50, M|
|poke|p2|Sylveon, L50, F|
|poke|p2|Metagross, L50|
|poke|p2|Swampert, L50, M|
|teampreview|4
|showteam|p1|Metagross||Metagrossite|ClearBody|PsychicFangs,BodyPress,IronHead,Protect|Jolly|||||50|]Sneasler||WhiteHerb|Unburden|DireClaw,FakeOut,CloseCombat,Coaching|Jolly||F|||50|]Hydreigon||ChoiceScarf|Levitate|DracoMeteor,DarkPulse,Snarl,Flamethrower|Modest||M|||50|]Incineroar||PasshoBerry|Intimidate|PartingShot,FakeOut,FlareBlitz,DarkestLariat|Careful||M|||50|]Aerodactyl||FocusSash|Unnerve|RockSlide,DualWingbeat,Tailwind,WideGuard|Jolly||F|||50|]Floette-Eternal||Floettite|FlowerVeil|DrainingKiss,DazzlingGleam,CalmMind,Protect|Modest||F|||50|
|showteam|p2|Archaludon||Leftovers|Stamina|Protect,ElectroShot,DragonPulse,AuraSphere|Modest||M|||50|]Pelipper||DampRock|Drizzle|WeatherBall,Hurricane,WideGuard,Tailwind|Modest||M|||50|]Grimmsnarl||LightClay|Prankster|SpiritBreak,LightScreen,Reflect,PartingShot|Careful||M|||50|]Sylveon||FairyFeather|Pixilate|HyperVoice,HyperBeam,QuickAttack,Detect|Modest||F|||50|]Metagross||Metagrossite|ClearBody|IronHead,RockSlide,PsychicFangs,Protect|Adamant|||||50|]Swampert||Swampertite|Torrent|Liquidation,Earthquake,RockTomb,Protect|Adamant||M|||50|
|
|t:|1782205761
|teamsize|p1|4
|teamsize|p2|4
|start
|switch|p1a: Aerodactyl|Aerodactyl, L50, F|100/100
|switch|p1b: Incineroar|Incineroar, L50, M|100/100
|switch|p2a: Grimmsnarl|Grimmsnarl, L50, M|100/100
|switch|p2b: Sylveon|Sylveon, L50, F|100/100
|-ability|p1a: Aerodactyl|Unnerve
|-ability|p1b: Incineroar|Intimidate|boost
|-unboost|p2a: Grimmsnarl|atk|1
|-unboost|p2b: Sylveon|atk|1
|turn|1
|
|t:|1782205814
|move|p1b: Incineroar|Fake Out|p2b: Sylveon
|-damage|p2b: Sylveon|89/100
|move|p2a: Grimmsnarl|Reflect|p2a: Grimmsnarl
|-sidestart|p2: CALAMELLA|Reflect
|move|p1a: Aerodactyl|Tailwind|p1a: Aerodactyl
|-sidestart|p1: ManuRivq|move: Tailwind
|cant|p2b: Sylveon|flinch
|
|upkeep
|turn|2
|inactive|Battle timer is ON: inactive players will automatically lose when time's up. (requested by ManuRivq)
|
|t:|1782205842
|move|p2b: Sylveon|Detect|p2b: Sylveon
|-singleturn|p2b: Sylveon|Protect
|move|p1a: Aerodactyl|Wide Guard|p1a: Aerodactyl
|-singleturn|p1a: Aerodactyl|Wide Guard
|move|p2a: Grimmsnarl|Parting Shot|p1a: Aerodactyl
|-unboost|p1a: Aerodactyl|atk|1
|-unboost|p1a: Aerodactyl|spa|1
|
|t:|1782205850
|switch|p2a: Swampert|Swampert, L50, M|100/100|[from] Parting Shot
|move|p1b: Incineroar|Parting Shot|p2b: Sylveon
|-activate|p2b: Sylveon|move: Protect
|
|upkeep
|turn|3
|
|t:|1782205866
|switch|p2b: Pelipper|Pelipper, L50, M|100/100
|-weather|RainDance|[from] ability: Drizzle|[of] p2b: Pelipper
|detailschange|p2a: Swampert|Swampert-Mega, L50, M
|-mega|p2a: Swampert|Swampert|Swampertite
|move|p1a: Aerodactyl|Rock Slide|p2b: Pelipper|[spread] p2b
|-miss|p1a: Aerodactyl|p2a: Swampert
|-supereffective|p2b: Pelipper|1
|-damage|p2b: Pelipper|76/100
|move|p2a: Swampert|Liquidation|p1b: Incineroar
|-supereffective|p1b: Incineroar|1
|-enditem|p1b: Incineroar|Passho Berry|[eat]
|-enditem|p1b: Incineroar|Passho Berry|[weaken]
|-damage|p1b: Incineroar|32/100
|move|p1b: Incineroar|Parting Shot|p2a: Swampert
|-unboost|p2a: Swampert|atk|1
|-unboost|p2a: Swampert|spa|1
|
|t:|1782205883
|switch|p1b: Floette|Floette-Eternal, L50, F|100/100|[from] Parting Shot
|
|-weather|RainDance|[upkeep]
|upkeep
|turn|4
|
|t:|1782205898
|switch|p1a: Incineroar|Incineroar, L50, M|32/100
|-ability|p1a: Incineroar|Intimidate|boost
|-unboost|p2a: Swampert|atk|1
|-unboost|p2b: Pelipper|atk|1
|detailschange|p1b: Floette|Floette-Mega, L50, F
|-mega|p1b: Floette|Floette|Floettite
|-ability|p1b: Floette|Fairy Aura
|move|p2b: Pelipper|Wide Guard|p2b: Pelipper
|-singleturn|p2b: Pelipper|Wide Guard
|move|p1b: Floette|Calm Mind|p1b: Floette
|-boost|p1b: Floette|spa|1
|-boost|p1b: Floette|spd|1
|move|p2a: Swampert|Liquidation|p1b: Floette
|-damage|p1b: Floette|52/100
|
|-weather|RainDance|[upkeep]
|-sideend|p1: ManuRivq|move: Tailwind
|upkeep
|turn|5
|
|t:|1782205921
|move|p2a: Swampert|Protect|p2a: Swampert
|-singleturn|p2a: Swampert|Protect
|move|p1a: Incineroar|Fake Out|p2a: Swampert
|-activate|p2a: Swampert|move: Protect
|move|p1b: Floette|Dazzling Gleam|p2a: Swampert|[spread] p2b
|-activate|p2a: Swampert|move: Protect
|-damage|p2b: Pelipper|0 fnt
|faint|p2b: Pelipper
|
|-weather|RainDance|[upkeep]
|upkeep
|
|t:|1782205934
|switch|p2b: Grimmsnarl|Grimmsnarl, L50, M|100/100
|turn|6
|
|t:|1782205944
|move|p1b: Floette|Protect|p1b: Floette
|-singleturn|p1b: Floette|Protect
|move|p2b: Grimmsnarl|Light Screen|p2b: Grimmsnarl
|-sidestart|p2: CALAMELLA|move: Light Screen
|move|p2a: Swampert|Liquidation|p1a: Incineroar
|-supereffective|p1a: Incineroar|1
|-damage|p1a: Incineroar|0 fnt
|faint|p1a: Incineroar
|
|-weather|RainDance|[upkeep]
|upkeep
|
|t:|1782205963
|switch|p1a: Aerodactyl|Aerodactyl, L50, F|100/100
|-ability|p1a: Aerodactyl|Unnerve
|turn|7
|
|t:|1782205983
|move|p2a: Swampert|Liquidation|p1b: Floette
|-damage|p1b: Floette|8/100
|move|p1a: Aerodactyl|Tailwind|p1a: Aerodactyl
|-sidestart|p1: ManuRivq|move: Tailwind
|move|p1b: Floette|Dazzling Gleam|p2b: Grimmsnarl|[spread] p2a,p2b
|-crit|p2a: Swampert
|-supereffective|p2b: Grimmsnarl|1
|-damage|p2a: Swampert|14/100
|-damage|p2b: Grimmsnarl|28/100
|move|p2b: Grimmsnarl|Spirit Break|p1b: Floette
|-damage|p1b: Floette|0 fnt
|faint|p1b: Floette
|
|-weather|RainDance|[upkeep]
|upkeep
|
|t:|1782205995
|switch|p1b: Hydreigon|Hydreigon, L50, M|100/100
|turn|8
|
|t:|1782206006
|move|p2a: Swampert|Protect|p2a: Swampert
|-singleturn|p2a: Swampert|Protect
|move|p2b: Grimmsnarl|Parting Shot|p1a: Aerodactyl
|-unboost|p1a: Aerodactyl|atk|1
|-unboost|p1a: Aerodactyl|spa|1
|
|t:|1782206012
|switch|p2b: Sylveon|Sylveon, L50, F|89/100|[from] Parting Shot
|move|p1b: Hydreigon|Dark Pulse|p2a: Swampert
|-activate|p2a: Swampert|move: Protect
|move|p1a: Aerodactyl|Dual Wingbeat|p2b: Sylveon
|-damage|p2b: Sylveon|82/100
|-damage|p2b: Sylveon|73/100
|-hitcount|p2b: Sylveon|2
|
|-weather|RainDance|[upkeep]
|-sideend|p2: CALAMELLA|Reflect
|upkeep
|turn|9
|-message|ManuRivq forfeited.
|
|win|CALAMELLA
|l|☆ManuRivq
|player|p1|
|raw|ManuRivq's rating: 1000 → 1000(+0 for losing)
|raw|CALAMELLA's rating: 1070 → 1094(+24 for winning)
