|j|☆ElJyrong
|j|☆thorton506
|html|ElJyrongthorton506    
|uhtml|bestof|Game 2 of a best-of-3
|t:|1785365525
|gametype|doubles
|player|p1|ElJyrong|101|
|player|p2|thorton506|fantina|
|gen|9
|tier|[Gen 9 Champions] VGC 2026 Reg M-B (Bo3)
|rule|Species Clause: Limit one of each Pokémon
|rule|Item Clause: Limit 1 of each item
|clearpoke
|poke|p1|Staraptor, L50, F, shiny|
|poke|p1|Raichu, L50, M|
|poke|p1|Maushold, L50|
|poke|p1|Sylveon, L50, M|
|poke|p1|Kingambit, L50, M|
|poke|p1|Garchomp, L50, M|
|poke|p2|Staraptor, L50, F, shiny|
|poke|p2|Glimmora, L50, F, shiny|
|poke|p2|Garchomp, L50, M, shiny|
|poke|p2|Delphox, L50, F, shiny|
|poke|p2|Whimsicott, L50, M, shiny|
|poke|p2|Kingambit, L50, F, shiny|
|teampreview|4
|showteam|p1|Staraptor||Staraptite|Intimidate|CloseCombat,BraveBird,Tailwind,Protect|Jolly||F|||50|]Raichu||RaichuniteY|LightningRod|ZapCannon,FocusBlast,FakeOut,Protect|Timid||M|||50|]Maushold||WideLens|Technician|PopulationBomb,Feint,FollowMe,Protect|Jolly|||||50|]Sylveon||FairyFeather|Pixilate|HyperVoice,HyperBeam,QuickAttack,Detect|Modest||M|||50|]Kingambit||FocusSash|Defiant|IronHead,KowtowCleave,SuckerPunch,Protect|Adamant||M|||50|]Garchomp||LifeOrb|RoughSkin|DragonClaw,Earthquake,RockSlide,Protect|Adamant||M|||50|
|showteam|p2|Staraptor||Staraptite|Intimidate|CloseCombat,Protect,BraveBird,Roost|Jolly||F|||50|]Glimmora||FocusSash|ToxicDebris|SpikyShield,PowerGem,SludgeBomb,EarthPower|Serious||F|||50|]Garchomp||LifeOrb|RoughSkin|RockSlide,DragonClaw,Earthquake,Protect|Jolly||M|||50|]Delphox||Delphoxite|Blaze|HeatWave,Psychic,Protect,Encore|Modest||F|||50|]Whimsicott||OccaBerry|Prankster|Moonblast,Tailwind,Charm,LightScreen|Timid||M|||50|]Kingambit||ChopleBerry|Defiant|KowtowCleave,SuckerPunch,LowKick,IronHead|Adamant||F|||50|
|inactive|Battle timer is ON: inactive players will automatically lose when time's up. (requested by thorton506)
|
|t:|1785365601
|teamsize|p1|4
|teamsize|p2|4
|start
|switch|p1a: Staraptor|Staraptor, L50, F, shiny|100/100
|switch|p1b: Maushold|Maushold, L50|100/100
|switch|p2a: Kingambit|Kingambit, L50, F, shiny|100/100
|switch|p2b: Whimsicott|Whimsicott, L50, M, shiny|100/100
|-ability|p1a: Staraptor|Intimidate|boost
|-unboost|p2a: Kingambit|atk|1
|-ability|p2a: Kingambit|Defiant|boost
|-boost|p2a: Kingambit|atk|2
|-unboost|p2b: Whimsicott|atk|1
|turn|1
|inactive|ElJyrong has 30 seconds left.
|inactive|ElJyrong has 20 seconds left.
|inactive|ElJyrong has 15 seconds left.
|inactive|thorton506 has 30 seconds left.
|
|t:|1785365649
|detailschange|p1a: Staraptor|Staraptor-Mega, L50, F, shiny
|-mega|p1a: Staraptor|Staraptor|Staraptite
|move|p1b: Maushold|Feint|p2a: Kingambit
|-resisted|p2a: Kingambit|1
|-damage|p2a: Kingambit|93/100
|move|p2a: Kingambit|Sucker Punch||[still]
|-fail|p2a: Kingambit
|move|p1a: Staraptor|Close Combat|p2a: Kingambit
|-supereffective|p2a: Kingambit|2
|-enditem|p2a: Kingambit|Chople Berry|[eat]
|-enditem|p2a: Kingambit|Chople Berry|[weaken]
|-damage|p2a: Kingambit|14/100
|-boost|p1a: Staraptor|def|1
|-boost|p1a: Staraptor|spd|1
|move|p2b: Whimsicott|Moonblast|p1a: Staraptor
|-supereffective|p1a: Staraptor|1
|-damage|p1a: Staraptor|55/100
|
|upkeep
|turn|2
|inactive|ElJyrong has 30 seconds left.
|
|t:|1785365675
|move|p1b: Maushold|Follow Me|p1b: Maushold
|-singleturn|p1b: Maushold|move: Follow Me
|move|p1a: Staraptor|Tailwind|p1a: Staraptor
|-sidestart|p1: ElJyrong|move: Tailwind
|move|p2b: Whimsicott|Moonblast|p1b: Maushold
|-damage|p1b: Maushold|51/100
|move|p2a: Kingambit|Low Kick|p1b: Maushold
|-supereffective|p1b: Maushold|1
|-damage|p1b: Maushold|15/100
|
|upkeep
|turn|3
|inactive|ElJyrong has 30 seconds left.
|
|t:|1785365706
|move|p1b: Maushold|Feint|p2a: Kingambit
|-resisted|p2a: Kingambit|1
|-damage|p2a: Kingambit|8/100
|move|p2b: Whimsicott|Tailwind|p2b: Whimsicott
|-sidestart|p2: thorton506|move: Tailwind
|move|p2a: Kingambit|Sucker Punch|p1a: Staraptor
|-resisted|p1a: Staraptor|1
|-damage|p1a: Staraptor|38/100
|move|p1a: Staraptor|Close Combat|p2a: Kingambit
|-supereffective|p2a: Kingambit|2
|-damage|p2a: Kingambit|0 fnt
|-boost|p1a: Staraptor|def|1
|-boost|p1a: Staraptor|spd|1
|faint|p2a: Kingambit
|
|upkeep
|
|t:|1785365720
|switch|p2a: Delphox|Delphox, L50, F, shiny|100/100
|turn|4
|inactive|ElJyrong has 30 seconds left.
|inactive|ElJyrong has 20 seconds left.
|
|t:|1785365760
|detailschange|p2a: Delphox|Delphox-Mega, L50, F, shiny
|-mega|p2a: Delphox|Delphox|Delphoxite
|move|p2a: Delphox|Heat Wave|p1a: Staraptor|[spread] p1a,p1b
|-crit|p1a: Staraptor
|-damage|p1a: Staraptor|0 fnt
|-damage|p1b: Maushold|0 fnt
|faint|p1a: Staraptor
|faint|p1b: Maushold
|move|p2b: Whimsicott|Moonblast|p1: Staraptor|[notarget]
|-fail|p2b: Whimsicott
|
|upkeep
|
|t:|1785365769
|switch|p1b: Kingambit|Kingambit, L50, M|100/100
|switch|p1a: Garchomp|Garchomp, L50, M|100/100
|turn|5
|inactive|ElJyrong has 30 seconds left.
|inactive|thorton506 has 30 seconds left.
|inactive|ElJyrong has 20 seconds left.
|inactive|ElJyrong has 15 seconds left.
|inactive|ElJyrong has 10 seconds left.
|inactive|ElJyrong has 5 seconds left.
|
|t:|1785365820
|move|p2a: Delphox|Protect|p2a: Delphox
|-singleturn|p2a: Delphox|Protect
|move|p1a: Garchomp|Protect|p1a: Garchomp
|-singleturn|p1a: Garchomp|Protect
|move|p2b: Whimsicott|Moonblast|p1a: Garchomp
|-activate|p1a: Garchomp|move: Protect
|move|p1b: Kingambit|Iron Head|p2b: Whimsicott
|-supereffective|p2b: Whimsicott|1
|-damage|p2b: Whimsicott|0 fnt
|faint|p2b: Whimsicott
|
|-sideend|p1: ElJyrong|move: Tailwind
|upkeep
|
|t:|1785365835
|switch|p2b: Garchomp|Garchomp, L50, M, shiny|100/100
|turn|6
|
|t:|1785365858
|move|p2a: Delphox|Encore|p1a: Garchomp
|-start|p1a: Garchomp|Encore
|move|p1a: Garchomp|Protect||[still]
|-fail|p1a: Garchomp
|move|p2b: Garchomp|Earthquake|p1a: Garchomp|[spread] p1a,p1b
|-immune|p2a: Delphox|[from] ability: Levitate
|-supereffective|p1b: Kingambit|1
|-damage|p1a: Garchomp|48/100
|-damage|p1b: Kingambit|11/100
|-damage|p2b: Garchomp|90/100|[from] item: Life Orb
|move|p1b: Kingambit|Kowtow Cleave|p2a: Delphox
|-supereffective|p2a: Delphox|1
|-damage|p2a: Delphox|0 fnt
|faint|p2a: Delphox
|
|-sideend|p2: thorton506|move: Tailwind
|upkeep
|turn|7
|
|t:|1785365882
|move|p1a: Garchomp|Protect|p1a: Garchomp
|-singleturn|p1a: Garchomp|Protect
|move|p1b: Kingambit|Sucker Punch|p2b: Garchomp
|-damage|p2b: Garchomp|52/100
|-damage|p1b: Kingambit|0 fnt|[from] ability: Rough Skin|[of] p2b: Garchomp
|faint|p1b: Kingambit
|move|p2b: Garchomp|Earthquake|p1a: Garchomp
|-activate|p1a: Garchomp|move: Protect
|
|upkeep
|turn|8
|
|t:|1785365896
|move|p1a: Garchomp|Protect||[still]
|-fail|p1a: Garchomp
|move|p2b: Garchomp|Dragon Claw|p1a: Garchomp
|-supereffective|p1a: Garchomp|1
|-damage|p1a: Garchomp|0 fnt
|-damage|p2b: Garchomp|40/100|[from] ability: Rough Skin|[of] p1a: Garchomp
|faint|p1a: Garchomp
|-damage|p2b: Garchomp|30/100|[from] item: Life Orb
|
|win|thorton506
|c|☆thorton506|Ggs bro
