|j|☆Advertisementish
|j|☆javi fuego
|html|Advertisementishjavi fuego    
|uhtml|bestof|Game 2 of a best-of-3
|t:|1785745036
|gametype|doubles
|player|p1|Advertisementish|ghetsis|1314
|player|p2|javi fuego|266|1338
|gen|9
|tier|[Gen 9 Champions] VGC 2026 Reg M-B (Bo3)
|rated|
|rule|Species Clause: Limit one of each Pokémon
|rule|Item Clause: Limit 1 of each item
|clearpoke
|poke|p1|Floette-Eternal, L50, F|
|poke|p1|Sneasler, L50, F|
|poke|p1|Incineroar, L50, F|
|poke|p1|Talonflame, L50, M|
|poke|p1|Garchomp, L50, F|
|poke|p1|Gyarados, L50, F|
|poke|p2|Charizard, L50, M|
|poke|p2|Venusaur, L50, F|
|poke|p2|Archaludon, L50, F|
|poke|p2|Grimmsnarl, L50, M|
|poke|p2|Pelipper, L50, M|
|poke|p2|Basculegion, L50, M|
|teampreview|4
|showteam|p1|Floette-Eternal||Floettite|FlowerVeil|DazzlingGleam,DrainingKiss,CalmMind,Protect|Modest||F|||50|]Sneasler||FocusSash|PoisonTouch|FakeOut,CloseCombat,Coaching,PoisonJab|Jolly||F|||50|]Incineroar||SitrusBerry|Intimidate|FakeOut,FlareBlitz,PartingShot,HelpingHand|Careful||F|||50|]Talonflame||SharpBeak|GaleWings|DualWingbeat,Tailwind,Protect,WillOWisp|Jolly||M|||50|]Garchomp||RoseliBerry|RoughSkin|StompingTantrum,RockSlide,DragonClaw,PoisonJab|Jolly||F|||50|]Gyarados||Gyaradosite|Intimidate|Waterfall,LashOut,Protect,DragonDance|Adamant||F|||50|
|showteam|p2|Charizard||CharizarditeY|Blaze|WeatherBall,Protect,HeatWave,SolarBeam|Modest||M|||50|]Venusaur||FocusSash|Chlorophyll|SleepPowder,Protect,SludgeBomb,EarthPower|Modest||F|||50|]Archaludon||Leftovers|Stamina|ElectroShot,Protect,DragonPulse,FlashCannon|Modest||F|||50|]Grimmsnarl||LightClay|Prankster|PartingShot,SpiritBreak,LightScreen,Reflect|Sassy||M|||50|]Pelipper||SitrusBerry|Drizzle|Tailwind,WeatherBall,Hurricane,WideGuard|Modest||M|||50|]Basculegion||ChoiceScarf|Adaptability|LastRespects,WaveCrash,AquaJet,FlipTurn|Jolly||M|||50|
|inactive|Battle timer is ON: inactive players will automatically lose when time's up. (requested by Advertisementish)
|
|t:|1785745054
|teamsize|p1|4
|teamsize|p2|4
|start
|switch|p1a: Incineroar|Incineroar, L50, F|100/100
|switch|p1b: Floette|Floette-Eternal, L50, F|100/100
|switch|p2a: Grimmsnarl|Grimmsnarl, L50, M|100/100
|switch|p2b: Basculegion|Basculegion, L50, M|100/100
|-ability|p1a: Incineroar|Intimidate|boost
|-unboost|p2a: Grimmsnarl|atk|1
|-unboost|p2b: Basculegion|atk|1
|turn|1
|
|t:|1785745074
|switch|p1b: Talonflame|Talonflame, L50, M|100/100
|switch|p2a: Pelipper|Pelipper, L50, M|100/100
|-weather|RainDance|[from] ability: Drizzle|[of] p2a: Pelipper
|move|p2b: Basculegion|Wave Crash|p1a: Incineroar
|-supereffective|p1a: Incineroar|1
|-damage|p1a: Incineroar|0 fnt
|faint|p1a: Incineroar
|-damage|p2b: Basculegion|65/100|[from] Recoil
|
|-weather|RainDance|[upkeep]
|upkeep
|
|t:|1785745078
|switch|p1a: Floette|Floette-Eternal, L50, F|100/100
|turn|2
|
|t:|1785745100
|switch|p2b: Grimmsnarl|Grimmsnarl, L50, M|100/100
|detailschange|p1a: Floette|Floette-Mega, L50, F
|-mega|p1a: Floette|Floette|Floettite
|-ability|p1a: Floette|Fairy Aura
|move|p1b: Talonflame|Tailwind|p1b: Talonflame
|-sidestart|p1: Advertisementish|move: Tailwind
|move|p1a: Floette|Dazzling Gleam|p2b: Grimmsnarl|[spread] p2a,p2b
|-supereffective|p2b: Grimmsnarl|1
|-damage|p2a: Pelipper|54/100
|-damage|p2b: Grimmsnarl|25/100
|move|p2a: Pelipper|Weather Ball|p1b: Talonflame
|-supereffective|p1b: Talonflame|1
|-damage|p1b: Talonflame|0 fnt
|faint|p1b: Talonflame
|
|-weather|RainDance|[upkeep]
|upkeep
|inactive|Advertisementish has 30 seconds left.
|
|t:|1785745128
|switch|p1b: Sneasler|Sneasler, L50, F|100/100
|turn|3
|
|t:|1785745151
|move|p1b: Sneasler|Fake Out|p2a: Pelipper
|-damage|p2a: Pelipper|38/100
|-status|p2a: Pelipper|psn|[from] ability: Poison Touch|[of] p1b: Sneasler
|-enditem|p2a: Pelipper|Sitrus Berry|[eat]
|-heal|p2a: Pelipper|63/100 psn|[from] item: Sitrus Berry
|move|p2b: Grimmsnarl|Light Screen|p2b: Grimmsnarl
|-sidestart|p2: javi fuego|move: Light Screen
|move|p1a: Floette|Dazzling Gleam|p2b: Grimmsnarl|[spread] p2a,p2b
|-supereffective|p2b: Grimmsnarl|1
|-damage|p2a: Pelipper|29/100 psn
|-damage|p2b: Grimmsnarl|0 fnt
|faint|p2b: Grimmsnarl
|cant|p2a: Pelipper|flinch
|
|-weather|RainDance|[upkeep]
|-damage|p2a: Pelipper|17/100 psn|[from] psn
|upkeep
|
|t:|1785745162
|switch|p2b: Basculegion|Basculegion, L50, M|65/100
|turn|4
|
|t:|1785745174
|move|p1b: Sneasler|Coaching|p1a: Floette
|-boost|p1a: Floette|atk|1
|-boost|p1a: Floette|def|1
|move|p1a: Floette|Dazzling Gleam|p2b: Basculegion|[spread] p2a,p2b
|-damage|p2a: Pelipper|0 fnt
|-damage|p2b: Basculegion|29/100
|faint|p2a: Pelipper
|move|p2b: Basculegion|Wave Crash|p1b: Sneasler
|-enditem|p1b: Sneasler|Focus Sash
|-damage|p1b: Sneasler|1/100
|-damage|p2b: Basculegion|3/100|[from] Recoil
|
|-weather|RainDance|[upkeep]
|upkeep
|
|t:|1785745177
|switch|p2a: Charizard|Charizard, L50, M|100/100
|turn|5
|
|t:|1785745186
|detailschange|p2a: Charizard|Charizard-Mega-Y, L50, M
|-mega|p2a: Charizard|Charizard|Charizardite Y
|-weather|SunnyDay|[from] ability: Drought|[of] p2a: Charizard
|move|p1b: Sneasler|Poison Jab|p2b: Basculegion
|-resisted|p2b: Basculegion|1
|-damage|p2b: Basculegion|0 fnt
|faint|p2b: Basculegion
|move|p1a: Floette|Calm Mind|p1a: Floette
|-boost|p1a: Floette|spa|1
|-boost|p1a: Floette|spd|1
|move|p2a: Charizard|Heat Wave|p1b: Sneasler|[spread] p1a,p1b
|-crit|p1b: Sneasler
|-damage|p1a: Floette|69/100
|-damage|p1b: Sneasler|0 fnt
|faint|p1b: Sneasler
|
|-weather|SunnyDay|[upkeep]
|-sideend|p1: Advertisementish|move: Tailwind
|upkeep
|turn|6
|
|t:|1785745194
|move|p1a: Floette|Protect|p1a: Floette
|-singleturn|p1a: Floette|Protect
|move|p2a: Charizard|Weather Ball|p1a: Floette
|-activate|p1a: Floette|move: Protect
|
|-weather|SunnyDay|[upkeep]
|upkeep
|turn|7
|
|t:|1785745198
|move|p1a: Floette|Calm Mind|p1a: Floette
|-boost|p1a: Floette|spa|1
|-boost|p1a: Floette|spd|1
|move|p2a: Charizard|Weather Ball|p1a: Floette
|-damage|p1a: Floette|36/100
|
|-weather|SunnyDay|[upkeep]
|upkeep
|turn|8
|
|t:|1785745202
|move|p1a: Floette|Protect|p1a: Floette
|-singleturn|p1a: Floette|Protect
|move|p2a: Charizard|Weather Ball|p1a: Floette
|-activate|p1a: Floette|move: Protect
|
|-weather|SunnyDay|[upkeep]
|upkeep
|turn|9
|
|t:|1785745205
|move|p1a: Floette|Draining Kiss|p2a: Charizard
|-resisted|p2a: Charizard|1
|-damage|p2a: Charizard|78/100
|-heal|p1a: Floette|54/100|[from] drain|[of] p2a: Charizard
|move|p2a: Charizard|Weather Ball|p1a: Floette
|-damage|p1a: Floette|18/100
|
|-weather|none
|upkeep
|turn|10
|
|t:|1785745212
|move|p1a: Floette|Protect|p1a: Floette
|-singleturn|p1a: Floette|Protect
|move|p2a: Charizard|Heat Wave|p1a: Floette
|-activate|p1a: Floette|move: Protect
|
|-sideend|p2: javi fuego|move: Light Screen
|upkeep
|turn|11
|
|t:|1785745216
|move|p1a: Floette|Draining Kiss|p2a: Charizard
|-resisted|p2a: Charizard|1
|-damage|p2a: Charizard|48/100
|-heal|p1a: Floette|44/100|[from] drain|[of] p2a: Charizard
|move|p2a: Charizard|Heat Wave|p1a: Floette
|-damage|p1a: Floette|23/100
|
|upkeep
|turn|12
|
|t:|1785745223
|move|p1a: Floette|Draining Kiss|p2a: Charizard
|-resisted|p2a: Charizard|1
|-damage|p2a: Charizard|11/100
|-heal|p1a: Floette|55/100|[from] drain|[of] p2a: Charizard
|move|p2a: Charizard|Heat Wave|p1a: Floette
|-damage|p1a: Floette|34/100
|
|upkeep
|turn|13
|
|t:|1785745228
|move|p1a: Floette|Draining Kiss|p2a: Charizard
|-resisted|p2a: Charizard|1
|-damage|p2a: Charizard|0 fnt
|-heal|p1a: Floette|44/100|[from] drain|[of] p2a: Charizard
|faint|p2a: Charizard
|
|win|Advertisementish
|raw|Advertisementish's rating: 1314 → 1335(+21 for winning)
|raw|javi fuego's rating: 1338 → 1317(-21 for losing)
