|j|☆jayoticnl
|j|☆thegreatestnone
|html|jayoticnlthegreatestnone    
|uhtml|bestof|Game 1 of a best-of-3
|t:|1783718484
|gametype|doubles
|player|p1|jayoticnl|jacinthe|1107
|player|p2|thegreatestnone|265|1239
|gen|9
|tier|[Gen 9 Champions] VGC 2026 Reg M-B (Bo3)
|rated|
|rule|Species Clause: Limit one of each Pokémon
|rule|Item Clause: Limit 1 of each item
|clearpoke
|poke|p1|Scolipede, L50, F|
|poke|p1|Orthworm, L50, F|
|poke|p1|Vivillon-Elegant, L50, F|
|poke|p1|Venusaur, L50, F|
|poke|p1|Ceruledge, L50, M|
|poke|p1|Milotic, L50, M|
|poke|p2|Grimmsnarl, L50, M|
|poke|p2|Toxapex, L50, M|
|poke|p2|Glimmora, L50, F|
|poke|p2|Garchomp, L50, F|
|poke|p2|Basculegion, L50, M|
|poke|p2|Scovillain, L50, F|
|teampreview|4
|showteam|p1|Scolipede||Scolipite|SpeedBoost|LeechLife,GunkShot,SwordsDance,Protect|Adamant||F|||50|]Orthworm||SitrusBerry|EarthEater|HeavySlam,ShedTail,HelpingHand,Protect|Jolly||F|||50|]Vivillon-Elegant||FocusSash|CompoundEyes|SleepPowder,Hurricane,RagePowder,Protect|Timid||F|||50|]Venusaur||Venusaurite|Chlorophyll|GigaDrain,EarthPower,SludgeBomb,Protect|Modest||F|||50|]Ceruledge||ColburBerry|FlashFire|BitterBlade,ShadowSneak,BulkUp,Protect|Adamant||M|||50|]Milotic||Leftovers|Competitive|MuddyWater,Hypnosis,Coil,Protect|Calm||M|||50|
|showteam|p2|Grimmsnarl||LightClay|Prankster|Protect,Reflect,PartingShot,LightScreen|Sassy||M|||50|]Toxapex||Leftovers|Regenerator|BanefulBunker,Infestation,Toxic,Recover|Relaxed||M|||50|]Glimmora||FocusSash|Corrosion|Toxic,StealthRock,PowerGem,Protect|Calm||F|||50|]Garchomp||SitrusBerry|RoughSkin|Protect,RockSlide,StompingTantrum,SwordsDance|Impish||F|||50|]Basculegion||ChoiceScarf|Adaptability|WaveCrash,FlipTurn,LastRespects,AquaJet|Adamant||M|||50|]Scovillain||Scovillainite|Chlorophyll|LeechSeed,RagePowder,Protect,Flamethrower|Calm||F|||50|
|
|t:|1783718529
|teamsize|p1|4
|teamsize|p2|4
|start
|switch|p1a: Vivillon|Vivillon-Elegant, L50, F|100/100
|switch|p1b: Orthworm|Orthworm, L50, F|100/100
|switch|p2a: Grimmsnarl|Grimmsnarl, L50, M|100/100
|switch|p2b: Scovillain|Scovillain, L50, F|100/100
|turn|1
|
|t:|1783718561
|detailschange|p2b: Scovillain|Scovillain-Mega, L50, F
|-mega|p2b: Scovillain|Scovillain|Scovillainite
|move|p1b: Orthworm|Helping Hand|p1a: Vivillon
|-singleturn|p1a: Vivillon|Helping Hand|[of] p1b: Orthworm
|move|p2a: Grimmsnarl|Light Screen|p2a: Grimmsnarl
|-sidestart|p2: thegreatestnone|move: Light Screen
|move|p1a: Vivillon|Hurricane|p2b: Scovillain
|-supereffective|p2b: Scovillain|1
|-damage|p2b: Scovillain|18/100
|-status|p1a: Vivillon|brn|[from] ability: Spicy Spray|[of] p2b: Scovillain
|move|p2b: Scovillain|Flamethrower|p1b: Orthworm
|-supereffective|p1b: Orthworm|1
|-damage|p1b: Orthworm|0 fnt
|faint|p1b: Orthworm
|
|-damage|p1a: Vivillon|94/100 brn|[from] brn
|upkeep
|
|t:|1783718569
|switch|p1b: Scolipede|Scolipede, L50, F|100/100
|turn|2
|
|t:|1783718594
|switch|p2b: Toxapex|Toxapex, L50, M|100/100
|move|p2a: Grimmsnarl|Reflect|p2a: Grimmsnarl
|-sidestart|p2: thegreatestnone|Reflect
|move|p1b: Scolipede|Swords Dance|p1b: Scolipede
|-boost|p1b: Scolipede|atk|2
|move|p1a: Vivillon|Hurricane|p2b: Toxapex
|-damage|p2b: Toxapex|75/100
|
|-heal|p2b: Toxapex|80/100|[from] item: Leftovers
|-damage|p1a: Vivillon|88/100 brn|[from] brn
|-ability|p1b: Scolipede|Speed Boost|boost
|-boost|p1b: Scolipede|spe|1
|upkeep
|turn|3
|
|t:|1783718617
|move|p2a: Grimmsnarl|Parting Shot|p1b: Scolipede
|-unboost|p1b: Scolipede|atk|1
|-unboost|p1b: Scolipede|spa|1
|
|t:|1783718620
|switch|p2a: Garchomp|Garchomp, L50, F|100/100|[from] Parting Shot
|move|p1b: Scolipede|Swords Dance|p1b: Scolipede
|-boost|p1b: Scolipede|atk|2
|move|p1a: Vivillon|Sleep Powder|p2b: Toxapex
|-status|p2b: Toxapex|slp|[from] move: Sleep Powder
|cant|p2b: Toxapex|slp
|
|-heal|p2b: Toxapex|86/100 slp|[from] item: Leftovers
|-damage|p1a: Vivillon|82/100 brn|[from] brn
|-ability|p1b: Scolipede|Speed Boost|boost
|-boost|p1b: Scolipede|spe|1
|upkeep
|turn|4
|
|t:|1783718645
|switch|p2a: Scovillain|Scovillain-Mega, L50, F|18/100
|move|p1a: Vivillon|Protect|p1a: Vivillon
|-singleturn|p1a: Vivillon|Protect
|move|p1b: Scolipede|Swords Dance|p1b: Scolipede
|-boost|p1b: Scolipede|atk|2
|-curestatus|p2b: Toxapex|slp|[msg]
|move|p2b: Toxapex|Infestation|p1a: Vivillon
|-activate|p1a: Vivillon|move: Protect
|
|-heal|p2b: Toxapex|92/100|[from] item: Leftovers
|-damage|p1a: Vivillon|76/100 brn|[from] brn
|-ability|p1b: Scolipede|Speed Boost|boost
|-boost|p1b: Scolipede|spe|1
|upkeep
|turn|5
|
|t:|1783718666
|move|p2a: Scovillain|Rage Powder|p2a: Scovillain
|-singleturn|p2a: Scovillain|move: Rage Powder
|move|p1b: Scolipede|Swords Dance|p1b: Scolipede
|-boost|p1b: Scolipede|atk|1
|move|p1a: Vivillon|Hurricane|p2a: Scovillain
|-supereffective|p2a: Scovillain|1
|-damage|p2a: Scovillain|0 fnt
|faint|p2a: Scovillain
|move|p2b: Toxapex|Infestation|p1b: Scolipede
|-resisted|p1b: Scolipede|1
|-damage|p1b: Scolipede|97/100
|-activate|p1b: Scolipede|move: Infestation|[of] p2b: Toxapex
|
|-heal|p2b: Toxapex|98/100|[from] item: Leftovers
|-damage|p1a: Vivillon|70/100 brn|[from] brn
|-damage|p1b: Scolipede|85/100|[from] move: Infestation|[partiallytrapped]
|-ability|p1b: Scolipede|Speed Boost|boost
|-boost|p1b: Scolipede|spe|1
|upkeep
|
|t:|1783718682
|switch|p2a: Garchomp|Garchomp, L50, F|100/100
|turn|6
|
|t:|1783718692
|detailschange|p1b: Scolipede|Scolipede-Mega, L50, F
|-mega|p1b: Scolipede|Scolipede|Scolipite
|move|p1b: Scolipede|Leech Life|p2a: Garchomp
|-damage|p2a: Garchomp|22/100
|-heal|p1b: Scolipede|100/100|[from] drain|[of] p2a: Garchomp
|-damage|p1b: Scolipede|88/100|[from] ability: Rough Skin|[of] p2a: Garchomp
|-enditem|p2a: Garchomp|Sitrus Berry|[eat]
|-heal|p2a: Garchomp|46/100|[from] item: Sitrus Berry
|move|p1a: Vivillon|Sleep Powder|p2b: Toxapex
|-status|p2b: Toxapex|slp|[from] move: Sleep Powder
|move|p2a: Garchomp|Rock Slide|p1b: Scolipede|[spread] p1a,p1b
|-supereffective|p1a: Vivillon|2
|-supereffective|p1b: Scolipede|1
|-damage|p1a: Vivillon|0 fnt
|-damage|p1b: Scolipede|58/100
|faint|p1a: Vivillon
|cant|p2b: Toxapex|slp
|
|-heal|p2b: Toxapex|100/100 slp|[from] item: Leftovers
|-damage|p1b: Scolipede|46/100|[from] move: Infestation|[partiallytrapped]
|upkeep
|
|t:|1783718700
|switch|p1a: Milotic|Milotic, L50, M|100/100
|turn|7
|
|t:|1783718723
|move|p2a: Garchomp|Protect|p2a: Garchomp
|-singleturn|p2a: Garchomp|Protect
|move|p1b: Scolipede|Leech Life|p2a: Garchomp
|-activate|p2a: Garchomp|move: Protect
|move|p1a: Milotic|Coil|p1a: Milotic
|-boost|p1a: Milotic|atk|1
|-boost|p1a: Milotic|def|1
|-boost|p1a: Milotic|accuracy|1
|cant|p2b: Toxapex|slp
|
|-damage|p1b: Scolipede|34/100|[from] move: Infestation|[partiallytrapped]
|upkeep
|turn|8
|
|t:|1783718738
|move|p1b: Scolipede|Leech Life|p2a: Garchomp
|-damage|p2a: Garchomp|0 fnt
|-heal|p1b: Scolipede|72/100|[from] drain|[of] p2a: Garchomp
|-damage|p1b: Scolipede|60/100|[from] ability: Rough Skin|[of] p2a: Garchomp
|faint|p2a: Garchomp
|move|p1a: Milotic|Coil|p1a: Milotic
|-boost|p1a: Milotic|atk|1
|-boost|p1a: Milotic|def|1
|-boost|p1a: Milotic|accuracy|1
|-curestatus|p2b: Toxapex|slp|[msg]
|move|p2b: Toxapex|Toxic|p1a: Milotic
|-status|p1a: Milotic|tox
|
|-damage|p1a: Milotic|94/100 tox|[from] psn
|-damage|p1b: Scolipede|48/100|[from] move: Infestation|[partiallytrapped]
|-sideend|p2: thegreatestnone|move: Light Screen
|upkeep
|
|t:|1783718753
|switch|p2a: Grimmsnarl|Grimmsnarl, L50, M|100/100
|turn|9
|
|t:|1783718772
|move|p2a: Grimmsnarl|Protect|p2a: Grimmsnarl
|-singleturn|p2a: Grimmsnarl|Protect
|move|p1b: Scolipede|Leech Life|p2a: Grimmsnarl
|-activate|p2a: Grimmsnarl|move: Protect
|move|p1a: Milotic|Hypnosis|p2b: Toxapex
|-status|p2b: Toxapex|slp|[from] move: Hypnosis
|cant|p2b: Toxapex|slp
|
|-heal|p1a: Milotic|100/100 tox|[from] item: Leftovers
|-damage|p1a: Milotic|88/100 tox|[from] psn
|-damage|p1b: Scolipede|37/100|[from] move: Infestation|[partiallytrapped]
|-sideend|p2: thegreatestnone|Reflect
|upkeep
|turn|10
|
|t:|1783718782
|move|p2a: Grimmsnarl|Reflect|p2a: Grimmsnarl
|-sidestart|p2: thegreatestnone|Reflect
|move|p1b: Scolipede|Leech Life|p2a: Grimmsnarl
|-damage|p2a: Grimmsnarl|0 fnt
|-heal|p1b: Scolipede|100/100|[from] drain|[of] p2a: Grimmsnarl
|faint|p2a: Grimmsnarl
|move|p1a: Milotic|Muddy Water|p2b: Toxapex
|-resisted|p2b: Toxapex|1
|-damage|p2b: Toxapex|88/100 slp
|-curestatus|p2b: Toxapex|slp|[msg]
|move|p2b: Toxapex|Infestation|p1b: Scolipede
|-resisted|p1b: Scolipede|1
|-damage|p1b: Scolipede|97/100
|
|-heal|p1a: Milotic|94/100 tox|[from] item: Leftovers
|-heal|p2b: Toxapex|94/100|[from] item: Leftovers
|-damage|p1a: Milotic|76/100 tox|[from] psn
|-end|p1b: Scolipede|Infestation|[partiallytrapped]
|upkeep
|turn|11
|
|t:|1783718798
|move|p2b: Toxapex|Baneful Bunker|p2b: Toxapex
|-singleturn|p2b: Toxapex|move: Protect
|move|p1b: Scolipede|Gunk Shot|p2b: Toxapex
|-activate|p2b: Toxapex|move: Protect
|move|p1a: Milotic|Hypnosis|p2b: Toxapex
|-activate|p2b: Toxapex|move: Protect
|
|-heal|p1a: Milotic|82/100 tox|[from] item: Leftovers
|-heal|p2b: Toxapex|100/100|[from] item: Leftovers
|-damage|p1a: Milotic|58/100 tox|[from] psn
|upkeep
|turn|12
|
|t:|1783718814
|move|p2b: Toxapex|Baneful Bunker||[still]
|-fail|p2b: Toxapex
|move|p1b: Scolipede|Gunk Shot|p2b: Toxapex|[miss]
|-miss|p1b: Scolipede|p2b: Toxapex
|move|p1a: Milotic|Hypnosis|p2b: Toxapex
|-status|p2b: Toxapex|slp|[from] move: Hypnosis
|
|-heal|p1a: Milotic|64/100 tox|[from] item: Leftovers
|-damage|p1a: Milotic|34/100 tox|[from] psn
|upkeep
|turn|13
|
|t:|1783718820
|move|p1b: Scolipede|Gunk Shot|p2b: Toxapex
|-resisted|p2b: Toxapex|1
|-damage|p2b: Toxapex|33/100 slp
|move|p1a: Milotic|Muddy Water|p2b: Toxapex
|-resisted|p2b: Toxapex|1
|-damage|p2b: Toxapex|19/100 slp
|cant|p2b: Toxapex|slp
|
|-heal|p1a: Milotic|40/100 tox|[from] item: Leftovers
|-heal|p2b: Toxapex|25/100 slp|[from] item: Leftovers
|-damage|p1a: Milotic|4/100 tox|[from] psn
|upkeep
|turn|14
|
|t:|1783718830
|-curestatus|p2b: Toxapex|slp|[msg]
|move|p2b: Toxapex|Baneful Bunker|p2b: Toxapex
|-singleturn|p2b: Toxapex|move: Protect
|move|p1b: Scolipede|Leech Life|p2b: Toxapex
|-activate|p2b: Toxapex|move: Protect
|move|p1a: Milotic|Muddy Water|p2b: Toxapex
|-activate|p2b: Toxapex|move: Protect
|
|-heal|p1a: Milotic|10/100 tox|[from] item: Leftovers
|-heal|p2b: Toxapex|31/100|[from] item: Leftovers
|-damage|p1a: Milotic|0 fnt|[from] psn
|faint|p1a: Milotic
|upkeep
|turn|15
|
|t:|1783718846
|move|p2b: Toxapex|Baneful Bunker||[still]
|-fail|p2b: Toxapex
|move|p1b: Scolipede|Leech Life|p2b: Toxapex
|-resisted|p2b: Toxapex|1
|-damage|p2b: Toxapex|0 fnt
|-heal|p1b: Scolipede|100/100|[from] drain|[of] p2b: Toxapex
|faint|p2b: Toxapex
|
|win|jayoticnl
||thegreatestnone is ready for game 2.
||jayoticnl is ready for game 2.
|uhtml|next|Next: Game 2 of 3
|l|☆thegreatestnone
|player|p2|
