|j|☆natcentre
|j|☆palle synchro
|html|natcentrepalle synchro    
|uhtml|bestof|Game 2 of a best-of-3
|t:|1754239031
|gametype|doubles
|player|p1|natcentre|1|1202
|player|p2|palle synchro|volkner|1288
|gen|9
|tier|[Gen 9] VGC 2025 Reg H (Bo3)
|rated|
|rule|Species Clause: Limit one of each Pokémon
|rule|Item Clause: Limit 1 of each item
|clearpoke
|poke|p1|Palafin, L50, F|
|poke|p1|Rillaboom, L50, M|
|poke|p1|Typhlosion-Hisui, L50, F|
|poke|p1|Sneasler, L50, F|
|poke|p1|Kingambit, L50, F|
|poke|p1|Salamence, L50, F|
|poke|p2|Whimsicott, L50, M|
|poke|p2|Arcanine-Hisui, L50, F|
|poke|p2|Indeedee, L50, M|
|poke|p2|Sneasler, L50, M|
|poke|p2|Ursaluna-Bloodmoon, L50, M|
|poke|p2|Archaludon, L50, F|
|teampreview|4
|showteam|p1|Palafin||MysticWater|ZerotoHero|Protect,WaveCrash,JetPunch,Haze|||F|||50|,,,,,Water]Rillaboom||AssaultVest|GrassySurge|WoodHammer,Uturn,GrassyGlide,FakeOut|||M|||50|,,,,,Fire]Typhlosion-Hisui||ChoiceScarf|Blaze|Eruption,HeatWave,ShadowBall,Overheat|||F|||50|,,,,,Fire]Sneasler||FocusSash|Unburden|Protect,FakeOut,DireClaw,CloseCombat|||F|||50|,,,,,Fairy]Kingambit||SafetyGoggles|Defiant|Protect,KowtowCleave,SuckerPunch,SwordsDance|||F|||50|,,,,,Water]Salamence||SitrusBerry|Intimidate|Protect,DracoMeteor,AirSlash,Tailwind|||F|||50|,,,,,Steel
|showteam|p2|Whimsicott||CovertCloak|Prankster|Moonblast,Taunt,Tailwind,FakeTears|||M|||50|,,,,,Water]Arcanine-Hisui||ClearAmulet|Intimidate|FlareBlitz,RockSlide,HeadSmash,Protect|||F|||50|,,,,,Ghost]Indeedee||FocusSash|PsychicSurge|ExpandingForce,TeraBlast,Imprison,TrickRoom|||M|||50|,,,,,Psychic]Sneasler||PsychicSeed|Unburden|CloseCombat,DireClaw,ThroatChop,Protect|||M|||50|,,,,,Dark]Ursaluna-Bloodmoon||LifeOrb|MindsEye|HyperVoice,BloodMoon,EarthPower,Protect|||M|||50|,,,,,Normal]Archaludon||PowerHerb|Stalwart|ElectroShot,DragonPulse,Thunderbolt,Protect|||F|||50|,,,,,Electric
|inactive|Battle timer is ON: inactive players will automatically lose when time's up. (requested by palle synchro)
|
|t:|1754239052
|teamsize|p1|4
|teamsize|p2|4
|start
|switch|p1a: Palafin|Palafin, L50, F|100/100
|switch|p1b: Sneasler|Sneasler, L50, F|100/100
|switch|p2a: Whimsicott|Whimsicott, L50, M|100/100
|switch|p2b: Ursaluna|Ursaluna-Bloodmoon, L50, M|100/100
|turn|1
|inactive|natcentre has 30 seconds left.
|inactive|natcentre has 20 seconds left.
|inactive|natcentre has 15 seconds left.
|inactive|natcentre has 10 seconds left.
|
|t:|1754239101
|detailschange|p1a: Palafin|Palafin-Hero, L50, F
|switch|p1a: Rillaboom|Rillaboom, L50, M|100/100
|-fieldstart|move: Grassy Terrain|[from] ability: Grassy Surge|[of] p1a: Rillaboom
|-terastallize|p2a: Whimsicott|Water
|move|p2b: Ursaluna|Protect|p2b: Ursaluna
|-singleturn|p2b: Ursaluna|Protect
|move|p1b: Sneasler|Dire Claw|p2a: Whimsicott
|-damage|p2a: Whimsicott|59/100
|move|p2a: Whimsicott|Moonblast|p1b: Sneasler
|-damage|p1b: Sneasler|63/100
|
|-heal|p1b: Sneasler|69/100|[from] Grassy Terrain
|-heal|p2a: Whimsicott|65/100|[from] Grassy Terrain
|upkeep
|turn|2
|inactive|natcentre has 30 seconds left.
|
|t:|1754239130
|move|p1b: Sneasler|Protect|p1b: Sneasler
|-singleturn|p1b: Sneasler|Protect
|move|p2a: Whimsicott|Tailwind|p2a: Whimsicott
|-sidestart|p2: palle synchro|move: Tailwind
|move|p1a: Rillaboom|Grassy Glide|p2a: Whimsicott
|-supereffective|p2a: Whimsicott
|-damage|p2a: Whimsicott|0 fnt
|faint|p2a: Whimsicott
|move|p2b: Ursaluna|Hyper Voice|p1b: Sneasler|[spread] p1a
|-activate|p1b: Sneasler|move: Protect
|-damage|p1a: Rillaboom|66/100
|-damage|p2b: Ursaluna|91/100|[from] item: Life Orb
|
|-heal|p2b: Ursaluna|97/100|[from] Grassy Terrain
|-heal|p1b: Sneasler|75/100|[from] Grassy Terrain
|-heal|p1a: Rillaboom|72/100|[from] Grassy Terrain
|upkeep
|
|t:|1754239141
|switch|p2a: Arcanine|Arcanine-Hisui, L50, F|100/100
|-ability|p2a: Arcanine|Intimidate|boost
|-unboost|p1a: Rillaboom|atk|1
|-unboost|p1b: Sneasler|atk|1
|turn|3
|inactive|natcentre has 30 seconds left.
|
|t:|1754239171
|switch|p1a: Palafin|Palafin-Hero, L50, F|100/100
|-activate|p1a: Palafin|ability: Zero to Hero
|move|p2a: Arcanine|Head Smash|p1a: Palafin|[miss]
|-miss|p2a: Arcanine|p1a: Palafin
|move|p2b: Ursaluna|Hyper Voice|p1b: Sneasler|[spread] p1a,p1b
|-damage|p1a: Palafin|48/100
|-damage|p1b: Sneasler|0 fnt
|faint|p1b: Sneasler
|-damage|p2b: Ursaluna|87/100|[from] item: Life Orb
|
|-heal|p2b: Ursaluna|93/100|[from] Grassy Terrain
|-heal|p1a: Palafin|54/100|[from] Grassy Terrain
|upkeep
|
|t:|1754239173
|switch|p1b: Rillaboom|Rillaboom, L50, M|72/100
|turn|4
|
|t:|1754239198
|move|p1b: Rillaboom|Fake Out|p2b: Ursaluna
|-damage|p2b: Ursaluna|83/100
|move|p1a: Palafin|Jet Punch|p2a: Arcanine
|-supereffective|p2a: Arcanine
|-damage|p2a: Arcanine|0 fnt
|faint|p2a: Arcanine
|cant|p2b: Ursaluna|flinch
|
|-heal|p2b: Ursaluna|88/100|[from] Grassy Terrain
|-heal|p1a: Palafin|60/100|[from] Grassy Terrain
|-heal|p1b: Rillaboom|78/100|[from] Grassy Terrain
|upkeep
|
|t:|1754239203
|switch|p2a: Sneasler|Sneasler, L50, M|100/100
|turn|5
|
|t:|1754239217
|move|p2b: Ursaluna|Protect|p2b: Ursaluna
|-singleturn|p2b: Ursaluna|Protect
|move|p1a: Palafin|Jet Punch|p2a: Sneasler
|-damage|p2a: Sneasler|22/100
|move|p1b: Rillaboom|Grassy Glide|p2a: Sneasler
|-resisted|p2a: Sneasler
|-damage|p2a: Sneasler|0 fnt
|faint|p2a: Sneasler
|
|-heal|p2b: Ursaluna|94/100|[from] Grassy Terrain
|-heal|p1a: Palafin|65/100|[from] Grassy Terrain
|-heal|p1b: Rillaboom|84/100|[from] Grassy Terrain
|-sideend|p2: palle synchro|move: Tailwind
|-fieldend|move: Grassy Terrain
|upkeep
|turn|6
|-message|palle synchro forfeited.
|
|win|natcentre
|raw|natcentre's rating: 1202 → 1233(+31 for winning)
|raw|palle synchro's rating: 1288 → 1257(-31 for losing)
