|j|☆sheeliteonmyfour
|j|☆Miguedeth
|html|sheeliteonmyfourMiguedeth    
|uhtml|bestof|Game 3 of a best-of-3
|t:|1756575148
|gametype|doubles
|player|p1|sheeliteonmyfour|lady|1060
|player|p2|Miguedeth|266|1059
|gen|9
|tier|[Gen 9] VGC 2025 Reg H (Bo3)
|rated|
|rule|Species Clause: Limit one of each Pokémon
|rule|Item Clause: Limit 1 of each item
|clearpoke
|poke|p1|Archaludon, L50, M|
|poke|p1|Politoed, L50, F|
|poke|p1|Indeedee-F, L50, F|
|poke|p1|Braviary-Hisui, L50, M|
|poke|p1|Amoonguss, L50, M|
|poke|p1|Decidueye-Hisui, L50, M|
|poke|p2|Volcarona, L50, F|
|poke|p2|Gholdengo, L50|
|poke|p2|Dragonite, L50, F|
|poke|p2|Incineroar, L50, F|
|poke|p2|Sneasler, L50, M|
|poke|p2|Tyranitar, L50, M|
|teampreview|4
|showteam|p1|Archaludon||PowerHerb|Stalwart|Protect,ElectroShot,Snarl,DragonPulse|||M|||50|,,,,,Grass]Politoed||EjectButton|Drizzle|Protect,IcyWind,MuddyWater,WeatherBall|||F|||50|,,,,,Dragon]Indeedee-F||SafetyGoggles|PsychicSurge|AlluringVoice,HelpingHand,TrickRoom,FollowMe|||F|||50|,,,,,Fairy]Braviary-Hisui||LifeOrb|TintedLens|Protect,EsperWing,Hurricane,ExpandingForce|||M|||50|,,,,,Psychic]Amoonguss||SitrusBerry|Regenerator|Protect,RagePowder,PollenPuff,Spore|||M|||50|,,,,,Water]Decidueye-Hisui||ScopeLens|Scrappy|Protect,TripleArrows,LeafBlade,Haze|||M|||50|,,,,,Steel
|showteam|p2|Volcarona||CovertCloak|FlameBody|QuiverDance,TeraBlast,HeatWave,Protect|||F|||50|,,,,,Fairy]Gholdengo||ChoiceSpecs|GoodasGold|MakeItRain,PowerGem,Thunderbolt,ShadowBall||||||50|,,,,,Steel]Dragonite||LoadedDice|Multiscale|Tailwind,ExtremeSpeed,ScaleShot,Haze|||F|||50|,,,,,Fairy]Incineroar||MirrorHerb|Intimidate|FakeOut,KnockOff,FlareBlitz,PartingShot|||F|||50|,,,,,Ghost]Sneasler||FocusSash|Unburden|DireClaw,CloseCombat,FakeOut,RockSlide|||M|||50|,,,,,Rock]Tyranitar||AssaultVest|SandStream|KnockOff,RockSlide,LowKick,TeraBlast|||M|||50|,,,,,Flying
|inactive|Battle timer is ON: inactive players will automatically lose when time's up. (requested by sheeliteonmyfour)
|j| Jebdon
|
|t:|1756575167
|teamsize|p1|4
|teamsize|p2|4
|start
|switch|p1a: Indeedee|Indeedee-F, L50, F|100/100
|switch|p1b: Braviary|Braviary-Hisui, L50, M|100/100
|switch|p2a: Volcarona|Volcarona, L50, F, shiny|100/100
|switch|p2b: Sneasler|Sneasler, L50, M|100/100
|-fieldstart|move: Psychic Terrain|[from] ability: Psychic Surge|[of] p1a: Indeedee
|turn|1
|l| Jebdon
|
|t:|1756575197
|move|p1a: Indeedee|Follow Me|p1a: Indeedee
|-singleturn|p1a: Indeedee|move: Follow Me
|move|p2b: Sneasler|Dire Claw|p1a: Indeedee
|-damage|p1a: Indeedee|63/100
|-status|p1a: Indeedee|par
|move|p2a: Volcarona|Heat Wave|p1a: Indeedee|[spread] p1a,p1b
|-damage|p1a: Indeedee|25/100 par
|-damage|p1b: Braviary|49/100
|move|p1b: Braviary|Esper Wing|p2a: Volcarona
|-damage|p2a: Volcarona|44/100
|-boost|p1b: Braviary|spe|1
|-damage|p1b: Braviary|40/100|[from] item: Life Orb
|
|upkeep
|turn|2
|inactive|sheeliteonmyfour has 30 seconds left.
|inactive|Miguedeth has 30 seconds left.
|
|t:|1756575230
|switch|p2a: Tyranitar|Tyranitar, L50, M, shiny|100/100
|-weather|Sandstorm|[from] ability: Sand Stream|[of] p2a: Tyranitar
|-terastallize|p2b: Sneasler|Rock
|-terastallize|p1b: Braviary|Psychic
|move|p2b: Sneasler|Rock Slide|p1a: Indeedee|[spread] p1b
|-miss|p2b: Sneasler|p1a: Indeedee
|-damage|p1b: Braviary|3/100
|cant|p1b: Braviary|flinch
|move|p1a: Indeedee|Trick Room|p1a: Indeedee
|-fieldstart|move: Trick Room|[of] p1a: Indeedee
|
|-weather|Sandstorm|[upkeep]
|-damage|p1b: Braviary|0 fnt|[from] Sandstorm
|faint|p1b: Braviary
|upkeep
|
|t:|1756575235
|switch|p1b: Politoed|Politoed, L50, F|100/100
|-weather|RainDance|[from] ability: Drizzle|[of] p1b: Politoed
|turn|3
|inactive|Miguedeth has 30 seconds left.
|
|t:|1756575269
|switch|p2a: Dragonite|Dragonite, L50, F|100/100
|move|p1a: Indeedee|Helping Hand|p1b: Politoed
|-singleturn|p1b: Politoed|Helping Hand|[of] p1a: Indeedee
|move|p1b: Politoed|Muddy Water|p2b: Sneasler|[spread] p2a,p2b
|-resisted|p2a: Dragonite
|-supereffective|p2b: Sneasler
|-damage|p2a: Dragonite|83/100
|-enditem|p2b: Sneasler|Focus Sash
|-damage|p2b: Sneasler|1/100
|move|p2b: Sneasler|Rock Slide|p1a: Indeedee|[spread] p1a,p1b
|-damage|p1a: Indeedee|0 fnt
|-damage|p1b: Politoed|69/100
|faint|p1a: Indeedee
|-enditem|p1b: Politoed|Eject Button
|
|t:|1756575273
|switch|p1b: Decidueye|Decidueye-Hisui, L50, M|100/100
|
|-weather|RainDance|[upkeep]
|upkeep
|
|t:|1756575275
|switch|p1a: Politoed|Politoed, L50, F|69/100
|turn|4
|
|t:|1756575295
|move|p1a: Politoed|Icy Wind|p2b: Sneasler|[spread] p2a,p2b
|-supereffective|p2a: Dragonite
|-damage|p2a: Dragonite|30/100
|-damage|p2b: Sneasler|0 fnt
|-unboost|p2a: Dragonite|spe|1
|faint|p2b: Sneasler
|move|p2a: Dragonite|Scale Shot|p1b: Decidueye
|-damage|p1b: Decidueye|82/100
|-damage|p1b: Decidueye|65/100
|-damage|p1b: Decidueye|47/100
|-damage|p1b: Decidueye|29/100
|-damage|p1b: Decidueye|10/100
|-hitcount|p1b: Decidueye|5
|-unboost|p2a: Dragonite|def|1
|-boost|p2a: Dragonite|spe|1
|move|p1b: Decidueye|Triple Arrows|p2a: Dragonite
|-resisted|p2a: Dragonite
|-crit|p2a: Dragonite
|-damage|p2a: Dragonite|0 fnt
|faint|p2a: Dragonite
|
|-weather|RainDance|[upkeep]
|upkeep
|
|t:|1756575315
|switch|p2a: Volcarona|Volcarona, L50, F, shiny|44/100
|switch|p2b: Tyranitar|Tyranitar, L50, M, shiny|100/100
|-weather|Sandstorm|[from] ability: Sand Stream|[of] p2b: Tyranitar
|turn|5
|
|t:|1756575323
|move|p2b: Tyranitar|Rock Slide|p1b: Decidueye|[spread] p1a,p1b
|-resisted|p1b: Decidueye
|-damage|p1a: Politoed|34/100
|-damage|p1b: Decidueye|0 fnt
|faint|p1b: Decidueye
|move|p1a: Politoed|Muddy Water|p2b: Tyranitar|[spread] p2a,p2b
|-supereffective|p2a: Volcarona
|-supereffective|p2b: Tyranitar
|-damage|p2a: Volcarona|0 fnt
|-damage|p2b: Tyranitar|76/100
|faint|p2a: Volcarona
|
|-weather|Sandstorm|[upkeep]
|-damage|p1a: Politoed|28/100|[from] Sandstorm
|-fieldend|move: Psychic Terrain
|upkeep
|turn|6
|
|t:|1756575341
|move|p1a: Politoed|Protect|p1a: Politoed
|-singleturn|p1a: Politoed|Protect
|move|p2b: Tyranitar|Knock Off|p1a: Politoed
|-activate|p1a: Politoed|move: Protect
|
|-weather|Sandstorm|[upkeep]
|-damage|p1a: Politoed|22/100|[from] Sandstorm
|-fieldend|move: Trick Room
|upkeep
|turn|7
|
|t:|1756575354
|move|p1a: Politoed|Muddy Water|p2b: Tyranitar
|-supereffective|p2b: Tyranitar
|-damage|p2b: Tyranitar|47/100
|-unboost|p2b: Tyranitar|accuracy|1
|move|p2b: Tyranitar|Knock Off|p1a: Politoed
|-damage|p1a: Politoed|0 fnt
|faint|p1a: Politoed
|
|win|Miguedeth
|raw|sheeliteonmyfour's rating: 1060 → 1041(-19 for losing)
|raw|Miguedeth's rating: 1059 → 1090(+31 for winning)
