|j|☆psychic system
|j|☆ant at work
|html|psychic systemant at work    
|uhtml|bestof|Game 1 of a best-of-3
|t:|1756837282
|gametype|doubles
|player|p1|psychic system|lucas|1152
|player|p2|ant at work|266|1123
|gen|9
|tier|[Gen 9] VGC 2025 Reg H (Bo3)
|rated|
|rule|Species Clause: Limit one of each Pokémon
|rule|Item Clause: Limit 1 of each item
|clearpoke
|poke|p1|Milotic, L50, M|
|poke|p1|Florges, L50, F|
|poke|p1|Amoonguss, L50, F|
|poke|p1|Kingambit, L50, M|
|poke|p1|Typhlosion-Hisui, L50, M|
|poke|p1|Kilowattrel, L50, F|
|poke|p2|Rillaboom, L50, M|
|poke|p2|Sneasler, L50, F|
|poke|p2|Dragonite, L50, M|
|poke|p2|Kingambit, L50, F|
|poke|p2|Primarina, L50, F|
|poke|p2|Electabuzz, L50, F|
|teampreview|4
|showteam|p1|Milotic||AssaultVest|Competitive|Scald,MuddyWater,IcyWind,MirrorCoat|||M|||50|,,,,,Grass]Florges||Leftovers|FlowerVeil|CalmMind,Moonblast,SkillSwap,Protect|||F|||50|,,,,,Poison]Amoonguss||SitrusBerry|Regenerator|ClearSmog,Spore,PollenPuff,RagePowder|||F|||50|,,,,,Water]Kingambit||BlackGlasses|Defiant|Protect,KowtowCleave,SuckerPunch,SwordsDance|||M|||50|,,,,,Dark]Typhlosion-Hisui||ChoiceScarf|Blaze|Eruption,HeatWave,ShadowBall,FocusBlast|||M|||50|,,,,,Fire]Kilowattrel||FocusSash|WindPower|Thunderbolt,AirSlash,Tailwind,Protect|||F|||50|,,,,,Ghost
|showteam|p2|Rillaboom||AssaultVest|GrassySurge|FakeOut,GrassyGlide,WoodHammer,Uturn|||M|||50|,,,,,Fire]Sneasler||FocusSash|Unburden|DireClaw,CloseCombat,Coaching,Protect|||F|||50|,,,,,Stellar]Dragonite||LoadedDice|Multiscale|ScaleShot,Protect,Tailwind,StompingTantrum|||M|||50|,,,,,Fairy]Kingambit||SafetyGoggles|Defiant|KowtowCleave,SuckerPunch,SwordsDance,Protect|||F|||50|,,,,,Dark]Primarina||ThroatSpray|LiquidVoice|HyperVoice,DazzlingGleam,Protect,Moonblast|||F|||50|,,,,,Water]Electabuzz||Eviolite|VitalSpirit|FollowMe,Taunt,Electroweb,Protect|||F|||50|,,,,,Dark
|inactive|Battle timer is ON: inactive players will automatically lose when time's up. (requested by psychic system)
|inactive|psychic system has 60 seconds left.
|inactive|ant at work has 60 seconds left.
|inactive|ant at work has 30 seconds left.
|
|t:|1756837350
|teamsize|p1|4
|teamsize|p2|4
|start
|switch|p1a: Florges|Florges, L50, F|100/100
|switch|p1b: Amoonguss|Amoonguss, L50, F|100/100
|switch|p2a: Kingambit|Kingambit, L50, F|100/100
|switch|p2b: Dragonite|Dragonite, L50, M|100/100
|turn|1
|inactive|psychic system has 30 seconds left.
|
|t:|1756837377
|move|p2b: Dragonite|Scale Shot|p1b: Amoonguss
|-crit|p1b: Amoonguss
|-damage|p1b: Amoonguss|84/100
|-damage|p1b: Amoonguss|72/100
|-damage|p1b: Amoonguss|59/100
|-damage|p1b: Amoonguss|47/100
|-enditem|p1b: Amoonguss|Sitrus Berry|[eat]
|-heal|p1b: Amoonguss|72/100|[from] item: Sitrus Berry
|-damage|p1b: Amoonguss|61/100
|-hitcount|p1b: Amoonguss|5
|-unboost|p2b: Dragonite|def|1
|-boost|p2b: Dragonite|spe|1
|move|p1a: Florges|Calm Mind|p1a: Florges
|-boost|p1a: Florges|spa|1
|-boost|p1a: Florges|spd|1
|move|p2a: Kingambit|Swords Dance|p2a: Kingambit
|-boost|p2a: Kingambit|atk|2
|move|p1b: Amoonguss|Spore|p2b: Dragonite
|-status|p2b: Dragonite|slp|[from] move: Spore
|
|upkeep
|turn|2
|inactive|psychic system has 30 seconds left.
|inactive|ant at work has 30 seconds left.
|inactive|psychic system has 20 seconds left.
|inactive|ant at work has 20 seconds left.
|inactive|psychic system has 15 seconds left.
|inactive|ant at work has 15 seconds left.
|inactive|psychic system has 10 seconds left.
|inactive|ant at work has 10 seconds left.
|inactive|psychic system has 5 seconds left.
|
|t:|1756837428
|move|p1b: Amoonguss|Rage Powder|p1b: Amoonguss
|-singleturn|p1b: Amoonguss|move: Rage Powder
|cant|p2b: Dragonite|slp
|move|p1a: Florges|Moonblast|p2a: Kingambit
|-damage|p2a: Kingambit|44/100
|-unboost|p2a: Kingambit|spa|1
|-ability|p2a: Kingambit|Defiant|boost
|-boost|p2a: Kingambit|atk|2
|move|p2a: Kingambit|Swords Dance|p2a: Kingambit
|-boost|p2a: Kingambit|atk|2
|
|upkeep
|turn|3
|
|t:|1756837444
|move|p2a: Kingambit|Protect|p2a: Kingambit
|-singleturn|p2a: Kingambit|Protect
|move|p1b: Amoonguss|Rage Powder|p1b: Amoonguss
|-singleturn|p1b: Amoonguss|move: Rage Powder
|-curestatus|p2b: Dragonite|slp|[msg]
|move|p2b: Dragonite|Tailwind|p2b: Dragonite
|-sidestart|p2: ant at work|move: Tailwind
|move|p1a: Florges|Moonblast|p2a: Kingambit
|-activate|p2a: Kingambit|move: Protect
|
|upkeep
|turn|4
|
|t:|1756837455
|move|p1b: Amoonguss|Rage Powder|p1b: Amoonguss
|-singleturn|p1b: Amoonguss|move: Rage Powder
|move|p2b: Dragonite|Stomping Tantrum|p1b: Amoonguss
|-damage|p1b: Amoonguss|40/100
|move|p2a: Kingambit|Kowtow Cleave|p1a: Florges
|-resisted|p1a: Florges
|-damage|p1a: Florges|13/100
|move|p1a: Florges|Moonblast|p2a: Kingambit
|-damage|p2a: Kingambit|0 fnt
|faint|p2a: Kingambit
|
|-heal|p1a: Florges|19/100|[from] item: Leftovers
|upkeep
|
|t:|1756837463
|switch|p2a: Sneasler|Sneasler, L50, F|100/100
|turn|5
|inactive|ant at work has 30 seconds left.
|
|t:|1756837490
|switch|p1b: Kilowattrel|Kilowattrel, L50, F|100/100
|move|p1a: Florges|Protect|p1a: Florges
|-singleturn|p1a: Florges|Protect
|move|p2a: Sneasler|Dire Claw|p1a: Florges
|-activate|p1a: Florges|move: Protect
|move|p2b: Dragonite|Scale Shot|p1b: Kilowattrel
|-damage|p1b: Kilowattrel|70/100
|-damage|p1b: Kilowattrel|43/100
|-damage|p1b: Kilowattrel|14/100
|-damage|p1b: Kilowattrel|0 fnt
|faint|p1b: Kilowattrel
|-hitcount|p1: Kilowattrel|4
|-unboost|p2b: Dragonite|def|1
|-boost|p2b: Dragonite|spe|1
|
|-heal|p1a: Florges|25/100|[from] item: Leftovers
|upkeep
|
|t:|1756837508
|switch|p1b: Amoonguss|Amoonguss, L50, F|73/100
|turn|6
|inactive|ant at work has 30 seconds left.
|inactive|ant at work has 20 seconds left.
|inactive|ant at work has 15 seconds left.
|
|t:|1756837549
|move|p1b: Amoonguss|Rage Powder|p1b: Amoonguss
|-singleturn|p1b: Amoonguss|move: Rage Powder
|move|p2b: Dragonite|Scale Shot|p1b: Amoonguss
|-damage|p1b: Amoonguss|61/100
|-crit|p1b: Amoonguss
|-damage|p1b: Amoonguss|44/100
|-damage|p1b: Amoonguss|32/100
|-damage|p1b: Amoonguss|18/100
|-hitcount|p1b: Amoonguss|4
|-unboost|p2b: Dragonite|def|1
|-boost|p2b: Dragonite|spe|1
|move|p2a: Sneasler|Dire Claw|p1b: Amoonguss
|-damage|p1b: Amoonguss|0 fnt
|faint|p1b: Amoonguss
|move|p1a: Florges|Moonblast|p2a: Sneasler
|-damage|p2a: Sneasler|26/100
|
|-heal|p1a: Florges|32/100|[from] item: Leftovers
|-sideend|p2: ant at work|move: Tailwind
|upkeep
|
|t:|1756837567
|switch|p1b: Kingambit|Kingambit, L50, M|100/100
|turn|7
|
|t:|1756837585
|switch|p2a: Rillaboom|Rillaboom, L50, M|100/100
|-fieldstart|move: Grassy Terrain|[from] ability: Grassy Surge|[of] p2a: Rillaboom
|move|p1b: Kingambit|Sucker Punch||[still]
|-fail|p1b: Kingambit
|move|p2b: Dragonite|Stomping Tantrum|p1a: Florges
|-damage|p1a: Florges|3/100
|move|p1a: Florges|Moonblast|p2b: Dragonite
|-supereffective|p2b: Dragonite
|-damage|p2b: Dragonite|43/100
|
|-heal|p1a: Florges|10/100|[from] Grassy Terrain
|-heal|p1a: Florges|16/100|[from] item: Leftovers
|upkeep
|turn|8
|
|t:|1756837602
|move|p1a: Florges|Protect|p1a: Florges
|-singleturn|p1a: Florges|Protect
|move|p1b: Kingambit|Protect|p1b: Kingambit
|-singleturn|p1b: Kingambit|Protect
|move|p2b: Dragonite|Tailwind|p2b: Dragonite
|-sidestart|p2: ant at work|move: Tailwind
|move|p2a: Rillaboom|Wood Hammer|p1a: Florges
|-activate|p1a: Florges|move: Protect
|
|-heal|p1a: Florges|22/100|[from] Grassy Terrain
|-heal|p1a: Florges|28/100|[from] item: Leftovers
|upkeep
|turn|9
|
|t:|1756837625
|-terastallize|p1a: Florges|Poison
|move|p1b: Kingambit|Sucker Punch|p2b: Dragonite
|-damage|p2b: Dragonite|0 fnt
|faint|p2b: Dragonite
|move|p2a: Rillaboom|Wood Hammer|p1a: Florges
|-resisted|p1a: Florges
|-damage|p1a: Florges|0 fnt
|faint|p1a: Florges
|-damage|p2a: Rillaboom|92/100|[from] Recoil
|
|-heal|p2a: Rillaboom|98/100|[from] Grassy Terrain
|upkeep
|
|t:|1756837629
|switch|p2b: Sneasler|Sneasler, L50, F|26/100
|turn|10
|inactive|ant at work has 30 seconds left.
|
|t:|1756837654
|move|p2b: Sneasler|Coaching|p2a: Rillaboom
|-boost|p2a: Rillaboom|atk|1
|-boost|p2a: Rillaboom|def|1
|move|p2a: Rillaboom|Wood Hammer|p1b: Kingambit
|-resisted|p1b: Kingambit
|-damage|p1b: Kingambit|61/100
|-damage|p2a: Rillaboom|84/100|[from] Recoil
|move|p1b: Kingambit|Kowtow Cleave|p2a: Rillaboom
|-damage|p2a: Rillaboom|46/100
|
|-heal|p2b: Sneasler|32/100|[from] Grassy Terrain
|-heal|p2a: Rillaboom|51/100|[from] Grassy Terrain
|-heal|p1b: Kingambit|67/100|[from] Grassy Terrain
|upkeep
|turn|11
|inactive|ant at work has 30 seconds left.
|
|t:|1756837679
|move|p2b: Sneasler|Coaching|p2a: Rillaboom
|-boost|p2a: Rillaboom|atk|1
|-boost|p2a: Rillaboom|def|1
|move|p2a: Rillaboom|Wood Hammer|p1b: Kingambit
|-resisted|p1b: Kingambit
|-damage|p1b: Kingambit|16/100
|-damage|p2a: Rillaboom|33/100|[from] Recoil
|move|p1b: Kingambit|Kowtow Cleave|p2a: Rillaboom
|-damage|p2a: Rillaboom|3/100
|
|-heal|p2b: Sneasler|38/100|[from] Grassy Terrain
|-heal|p2a: Rillaboom|9/100|[from] Grassy Terrain
|-heal|p1b: Kingambit|22/100|[from] Grassy Terrain
|-sideend|p2: ant at work|move: Tailwind
|-fieldend|move: Grassy Terrain
|upkeep
|turn|12
|-message|psychic system forfeited.
|
|win|ant at work
||ant at work is ready for game 2.
