|j|☆riccardofano
|j|☆spellbreakvgc
|html|riccardofanospellbreakvgc    
|uhtml|bestof|Game 2 of a best-of-3
|t:|1757935203
|gametype|doubles
|player|p1|riccardofano|ruinmaniac|1034
|player|p2|spellbreakvgc|lance|1133
|gen|9
|tier|[Gen 9] VGC 2025 Reg H (Bo3)
|rated|
|rule|Species Clause: Limit one of each Pokémon
|rule|Item Clause: Limit 1 of each item
|clearpoke
|poke|p1|Sneasler, L50, M|
|poke|p1|Ursaluna-Bloodmoon, L50, M|
|poke|p1|Incineroar, L50, F|
|poke|p1|Ninetales-Alola, L50, F|
|poke|p1|Rillaboom, L50, M|
|poke|p1|Gholdengo, L50|
|poke|p2|Grimmsnarl, L50, M|
|poke|p2|Incineroar, L50, M|
|poke|p2|Umbreon, L50, F|
|poke|p2|Rillaboom, L50, M|
|poke|p2|Archaludon, L50, F|
|poke|p2|Pelipper, L50, M|
|teampreview|4
|showteam|p1|Sneasler||GrassySeed|Unburden|DireClaw,CloseCombat,Acrobatics,Protect|||M|||50|,,,,,Fighting]Ursaluna-Bloodmoon||Leftovers|MindsEye|Yawn,BloodMoon,EarthPower,Protect|||M|||50|,,,,,Electric]Incineroar||SafetyGoggles|Intimidate|FlareBlitz,KnockOff,FakeOut,PartingShot|||F|||50|,,,,,Ghost]Ninetales-Alola||FocusSash|SnowWarning|Blizzard,Disable,AuroraVeil,Protect|||F|||50|,,,,,Ghost]Rillaboom||AssaultVest|GrassySurge|WoodHammer,GrassyGlide,FakeOut,HighHorsepower|||M|||50|,,,,,Fire]Gholdengo||LifeOrb|GoodasGold|MakeItRain,ShadowBall,NastyPlot,Protect||||||50|,,,,,Water
|showteam|p2|Grimmsnarl||LightClay|Prankster|PartingShot,LightScreen,Reflect,SpiritBreak|||M|||50|,,,,,Ghost]Incineroar||SafetyGoggles|Intimidate|PartingShot,FakeOut,KnockOff,Roar|||M|||50|,,,,,Water]Umbreon||Leftovers|InnerFocus|Snarl,Protect,LightScreen,Toxic|||F|||50|,,,,,Poison]Rillaboom||LoadedDice|GrassySurge|FakeOut,Uproar,BulletSeed,Protect|||M|||50|,,,,,Fire]Archaludon||AssaultVest|Stamina|Snarl,BreakingSwipe,BodyPress,ElectroShot|||F|||50|,,,,,Fighting]Pelipper||FocusSash|Drizzle|Tailwind,Hurricane,WeatherBall,Protect|||M|||50|,,,,,Ground
|inactive|Battle timer is ON: inactive players will automatically lose when time's up. (requested by spellbreakvgc)
|inactive|riccardofano has 60 seconds left.
|
|t:|1757935239
|teamsize|p1|4
|teamsize|p2|4
|start
|switch|p1a: Rillaboom|Rillaboom, L50, M|100/100
|switch|p1b: Sneasler|Sneasler, L50, M|100/100
|switch|p2a: Grimmsnarl|Grimmsnarl, L50, M|100/100
|switch|p2b: Archaludon|Archaludon, L50, F|100/100
|-fieldstart|move: Grassy Terrain|[from] ability: Grassy Surge|[of] p1a: Rillaboom
|-enditem|p1b: Sneasler|Grassy Seed
|-boost|p1b: Sneasler|def|1|[from] item: Grassy Seed
|turn|1
|
|t:|1757935263
|-terastallize|p2b: Archaludon|Fighting
|move|p1a: Rillaboom|Fake Out|p2a: Grimmsnarl
|-damage|p2a: Grimmsnarl|89/100
|cant|p2a: Grimmsnarl|flinch
|move|p1b: Sneasler|Dire Claw|p2a: Grimmsnarl
|-supereffective|p2a: Grimmsnarl
|-damage|p2a: Grimmsnarl|9/100
|-status|p2a: Grimmsnarl|psn
|move|p2b: Archaludon|Breaking Swipe|p1b: Sneasler|[spread] p1a,p1b
|-damage|p1a: Rillaboom|87/100
|-damage|p1b: Sneasler|83/100
|-unboost|p1a: Rillaboom|atk|1
|-unboost|p1b: Sneasler|atk|1
|
|-heal|p1b: Sneasler|89/100|[from] Grassy Terrain
|-heal|p1a: Rillaboom|93/100|[from] Grassy Terrain
|-heal|p2a: Grimmsnarl|15/100 psn|[from] Grassy Terrain
|-damage|p2a: Grimmsnarl|2/100 psn|[from] psn
|upkeep
|turn|2
|inactive|riccardofano has 30 seconds left.
|
|t:|1757935294
|switch|p1a: Gholdengo|Gholdengo, L50|100/100
|move|p2a: Grimmsnarl|Reflect|p2a: Grimmsnarl
|-sidestart|p2: spellbreakvgc|Reflect
|move|p1b: Sneasler|Acrobatics|p2b: Archaludon
|-supereffective|p2b: Archaludon
|-damage|p2b: Archaludon|76/100
|-ability|p2b: Archaludon|Stamina|boost
|-boost|p2b: Archaludon|def|1
|move|p2b: Archaludon|Breaking Swipe|p1a: Gholdengo|[spread] p1a,p1b
|-resisted|p1a: Gholdengo
|-damage|p1a: Gholdengo|93/100
|-damage|p1b: Sneasler|74/100
|-unboost|p1a: Gholdengo|atk|1
|-unboost|p1b: Sneasler|atk|1
|
|-heal|p1b: Sneasler|79/100|[from] Grassy Terrain
|-heal|p1a: Gholdengo|99/100|[from] Grassy Terrain
|-heal|p2b: Archaludon|82/100|[from] Grassy Terrain
|-heal|p2a: Grimmsnarl|8/100 psn|[from] Grassy Terrain
|-damage|p2a: Grimmsnarl|0 fnt|[from] psn
|faint|p2a: Grimmsnarl
|upkeep
|
|t:|1757935313
|switch|p2a: Rillaboom|Rillaboom, L50, M|100/100
|turn|3
|
|t:|1757935323
|move|p1b: Sneasler|Protect|p1b: Sneasler
|-singleturn|p1b: Sneasler|Protect
|move|p1a: Gholdengo|Nasty Plot|p1a: Gholdengo
|-boost|p1a: Gholdengo|spa|2
|move|p2b: Archaludon|Snarl|p1b: Sneasler|[spread] p1a
|-activate|p1b: Sneasler|move: Protect
|-supereffective|p1a: Gholdengo
|-damage|p1a: Gholdengo|73/100
|-unboost|p1a: Gholdengo|spa|1
|move|p2a: Rillaboom|Bullet Seed|p2b: Archaludon
|-damage|p2b: Archaludon|77/100
|-ability|p2b: Archaludon|Stamina|boost
|-boost|p2b: Archaludon|def|1
|-damage|p2b: Archaludon|73/100
|-ability|p2b: Archaludon|Stamina|boost
|-boost|p2b: Archaludon|def|1
|-damage|p2b: Archaludon|70/100
|-ability|p2b: Archaludon|Stamina|boost
|-boost|p2b: Archaludon|def|1
|-damage|p2b: Archaludon|67/100
|-ability|p2b: Archaludon|Stamina|boost
|-boost|p2b: Archaludon|def|1
|-hitcount|p2b: Archaludon|4
|
|-heal|p1b: Sneasler|85/100|[from] Grassy Terrain
|-heal|p1a: Gholdengo|79/100|[from] Grassy Terrain
|-heal|p2b: Archaludon|73/100|[from] Grassy Terrain
|upkeep
|turn|4
|inactive|riccardofano has 30 seconds left.
|
|t:|1757935353
|move|p1b: Sneasler|Dire Claw|p2a: Rillaboom
|-supereffective|p2a: Rillaboom
|-damage|p2a: Rillaboom|72/100
|move|p1a: Gholdengo|Make It Rain|p2b: Archaludon|[spread] p2a,p2b
|-damage|p2a: Rillaboom|1/100
|-damage|p2b: Archaludon|25/100
|-unboost|p1a: Gholdengo|spa|1
|-ability|p2b: Archaludon|Stamina|boost
|-boost|p2b: Archaludon|def|1
|-damage|p1a: Gholdengo|69/100|[from] item: Life Orb
|move|p2b: Archaludon|Snarl|p1b: Sneasler|[spread] p1a,p1b
|-supereffective|p1a: Gholdengo
|-resisted|p1b: Sneasler
|-damage|p1a: Gholdengo|43/100
|-damage|p1b: Sneasler|77/100
|-unboost|p1a: Gholdengo|spa|1
|-unboost|p1b: Sneasler|spa|1
|move|p2a: Rillaboom|Bullet Seed|p1a: Gholdengo
|-resisted|p1a: Gholdengo
|-crit|p1a: Gholdengo
|-damage|p1a: Gholdengo|33/100
|-resisted|p1a: Gholdengo
|-damage|p1a: Gholdengo|25/100
|-resisted|p1a: Gholdengo
|-damage|p1a: Gholdengo|17/100
|-resisted|p1a: Gholdengo
|-damage|p1a: Gholdengo|10/100
|-resisted|p1a: Gholdengo
|-damage|p1a: Gholdengo|3/100
|-hitcount|p1a: Gholdengo|5
|
|-heal|p1b: Sneasler|83/100|[from] Grassy Terrain
|-heal|p1a: Gholdengo|10/100|[from] Grassy Terrain
|-heal|p2b: Archaludon|31/100|[from] Grassy Terrain
|-heal|p2a: Rillaboom|7/100|[from] Grassy Terrain
|upkeep
|turn|5
|inactive|riccardofano has 30 seconds left.
|inactive|spellbreakvgc has 30 seconds left.
|
|t:|1757935387
|move|p2a: Rillaboom|Protect|p2a: Rillaboom
|-singleturn|p2a: Rillaboom|Protect
|move|p1b: Sneasler|Acrobatics|p2b: Archaludon
|-supereffective|p2b: Archaludon
|-damage|p2b: Archaludon|25/100
|move|p1a: Gholdengo|Make It Rain|p2a: Rillaboom|[spread] p2b
|-activate|p2a: Rillaboom|move: Protect
|-damage|p2b: Archaludon|3/100
|-unboost|p1a: Gholdengo|spa|1
|-damage|p1a: Gholdengo|0 fnt|[from] item: Life Orb
|faint|p1a: Gholdengo
|move|p2b: Archaludon|Snarl|p1b: Sneasler
|-resisted|p1b: Sneasler
|-damage|p1b: Sneasler|73/100
|-unboost|p1b: Sneasler|spa|1
|
|-heal|p1b: Sneasler|79/100|[from] Grassy Terrain
|-heal|p2b: Archaludon|9/100|[from] Grassy Terrain
|-heal|p2a: Rillaboom|13/100|[from] Grassy Terrain
|-fieldend|move: Grassy Terrain
|upkeep
|
|t:|1757935405
|switch|p1a: Rillaboom|Rillaboom, L50, M|93/100
|-fieldstart|move: Grassy Terrain|[from] ability: Grassy Surge|[of] p1a: Rillaboom
|turn|6
|
|t:|1757935416
|switch|p2a: Umbreon|Umbreon, L50, F|100/100
|-terastallize|p1b: Sneasler|Fighting
|move|p1a: Rillaboom|Fake Out|p2b: Archaludon
|-damage|p2b: Archaludon|7/100
|move|p1b: Sneasler|Close Combat|p2b: Archaludon
|-damage|p2b: Archaludon|2/100
|-unboost|p1b: Sneasler|def|1
|-unboost|p1b: Sneasler|spd|1
|cant|p2b: Archaludon|flinch
|
|-heal|p1b: Sneasler|84/100|[from] Grassy Terrain
|-heal|p1a: Rillaboom|99/100|[from] Grassy Terrain
|-heal|p2b: Archaludon|8/100|[from] Grassy Terrain
|upkeep
|turn|7
|
|t:|1757935435
|move|p1b: Sneasler|Close Combat|p2a: Umbreon
|-supereffective|p2a: Umbreon
|-damage|p2a: Umbreon|53/100
|-unboost|p1b: Sneasler|def|1
|-unboost|p1b: Sneasler|spd|1
|move|p1a: Rillaboom|Wood Hammer|p2b: Archaludon
|-damage|p2b: Archaludon|0 fnt
|faint|p2b: Archaludon
|-damage|p1a: Rillaboom|96/100|[from] Recoil
|move|p2a: Umbreon|Toxic|p1a: Rillaboom
|-status|p1a: Rillaboom|tox
|
|-heal|p1b: Sneasler|90/100|[from] Grassy Terrain
|-heal|p1a: Rillaboom|100/100 tox|[from] Grassy Terrain
|-heal|p2a: Umbreon|59/100|[from] Grassy Terrain
|-heal|p2a: Umbreon|65/100|[from] item: Leftovers
|-damage|p1a: Rillaboom|95/100 tox|[from] psn
|upkeep
|
|t:|1757935451
|switch|p2b: Rillaboom|Rillaboom, L50, M|13/100
|turn|8
|
|t:|1757935461
|move|p1b: Sneasler|Protect|p1b: Sneasler
|-singleturn|p1b: Sneasler|Protect
|move|p2b: Rillaboom|Fake Out|p1a: Rillaboom
|-damage|p1a: Rillaboom|84/100 tox
|cant|p1a: Rillaboom|flinch
|move|p2a: Umbreon|Toxic|p1b: Sneasler
|-activate|p1b: Sneasler|move: Protect
|
|-heal|p1b: Sneasler|96/100|[from] Grassy Terrain
|-heal|p1a: Rillaboom|90/100 tox|[from] Grassy Terrain
|-heal|p2b: Rillaboom|18/100|[from] Grassy Terrain
|-heal|p2a: Umbreon|71/100|[from] Grassy Terrain
|-heal|p2a: Umbreon|77/100|[from] item: Leftovers
|-damage|p1a: Rillaboom|78/100 tox|[from] psn
|upkeep
|turn|9
|
|t:|1757935479
|move|p2b: Rillaboom|Protect|p2b: Rillaboom
|-singleturn|p2b: Rillaboom|Protect
|move|p1b: Sneasler|Close Combat|p2a: Umbreon
|-supereffective|p2a: Umbreon
|-crit|p2a: Umbreon
|-damage|p2a: Umbreon|0 fnt
|-unboost|p1b: Sneasler|def|1
|-unboost|p1b: Sneasler|spd|1
|faint|p2a: Umbreon
|move|p1a: Rillaboom|Wood Hammer|p2b: Rillaboom
|-activate|p2b: Rillaboom|move: Protect
|
|-heal|p1b: Sneasler|100/100|[from] Grassy Terrain
|-heal|p1a: Rillaboom|84/100 tox|[from] Grassy Terrain
|-heal|p2b: Rillaboom|24/100|[from] Grassy Terrain
|-damage|p1a: Rillaboom|66/100 tox|[from] psn
|-sideend|p2: spellbreakvgc|Reflect
|upkeep
|turn|10
|-message|spellbreakvgc forfeited.
|
|win|riccardofano
