|j|☆moth.o
|j|☆yamiseb
|html|moth.oyamiseb    
|uhtml|bestof|Game 3 of a best-of-3
|t:|1755523361
|gametype|doubles
|player|p1|moth.o|roxie|1168
|player|p2|yamiseb|101|1241
|gen|9
|tier|[Gen 9] VGC 2025 Reg H (Bo3)
|rated|
|rule|Species Clause: Limit one of each Pokémon
|rule|Item Clause: Limit 1 of each item
|clearpoke
|poke|p1|Eelektross, L50, F|
|poke|p1|Primarina, L50, F|
|poke|p1|Gallade, L50, M|
|poke|p1|Gholdengo, L50|
|poke|p1|Whimsicott, L50, M|
|poke|p1|Volcarona, L50, M|
|poke|p2|Tyranitar, L50, F|
|poke|p2|Sneasler, L50, F|
|poke|p2|Talonflame, L50, M|
|poke|p2|Garchomp, L50, M|
|poke|p2|Sinistcha-Masterpiece, L50|
|poke|p2|Gholdengo, L50|
|teampreview|4
|showteam|p1|Eelektross||Leftovers|Levitate|Protect,Coil,DrainPunch,ThunderPunch|||F|||50|,,,,,Steel]Primarina||SitrusBerry|LiquidVoice|Protect,Moonblast,HyperVoice,Haze|||F|||50|,,,,,Poison]Gallade||LifeOrb|Sharpness|Protect,WideGuard,SacredSword,PsychoCut|||M|||50|,,,,,Psychic]Gholdengo||ChoiceSpecs|GoodasGold|MakeItRain,ShadowBall,Trick,Thunderbolt||||||50|,,,,,Steel]Whimsicott||CovertCloak|Prankster|SunnyDay,Moonblast,Encore,Tailwind|||M|||50|,,,,,Dark]Volcarona||RockyHelmet|FlameBody|Protect,RagePowder,FieryDance,StruggleBug|||M|||50|,,,,,Water
|showteam|p2|Tyranitar||AssaultVest|SandStream|RockSlide,KnockOff,LowKick,TeraBlast|||F|||50|,,,,,Flying]Sneasler||FocusSash|Unburden|DireClaw,CloseCombat,Coaching,Protect|||F|||50|,,,,,Stellar]Talonflame||CovertCloak|GaleWings|BraveBird,WillOWisp,Tailwind,Taunt|||M|||50|,,,,,Ghost]Garchomp||ClearAmulet|RoughSkin|Earthquake,ScaleShot,SwordsDance,Protect|||M|||50|,,,,,Steel]Sinistcha-Masterpiece||SitrusBerry|Hospitality|MatchaGotcha,Scald,StrengthSap,RagePowder||||||50|,,,,,Water]Gholdengo||IronPlate|GoodasGold|MakeItRain,ShadowBall,NastyPlot,Protect||||||50|,,,,,Flying
|
|t:|1755523376
|teamsize|p1|4
|teamsize|p2|4
|start
|switch|p1a: Primarina|Primarina, L50, F, shiny|100/100
|switch|p1b: Whimsicott|Whimsicott, L50, M, shiny|100/100
|switch|p2a: Talonflame|Talonflame, L50, M|100/100
|switch|p2b: Garchomp|Garchomp, L50, M|100/100
|turn|1
|inactive|Battle timer is ON: inactive players will automatically lose when time's up. (requested by yamiseb)
|
|t:|1755523400
|-terastallize|p2b: Garchomp|Steel
|move|p1b: Whimsicott|Encore||[still]
|-fail|p1b: Whimsicott
|move|p2a: Talonflame|Taunt|p1a: Primarina
|-start|p1a: Primarina|move: Taunt
|move|p2b: Garchomp|Swords Dance|p2b: Garchomp
|-boost|p2b: Garchomp|atk|2
|move|p1a: Primarina|Hyper Voice|p2a: Talonflame|[spread] p2a,p2b
|-supereffective|p2a: Talonflame
|-damage|p2a: Talonflame|0 fnt
|-damage|p2b: Garchomp|68/100
|faint|p2a: Talonflame
|
|upkeep
|
|t:|1755523412
|switch|p2a: Sinistcha|Sinistcha-Masterpiece, L50|100/100
|-heal|p2b: Garchomp|93/100|[from] ability: Hospitality|[of] p2a: Sinistcha
|turn|2
|
|t:|1755523426
|move|p2a: Sinistcha|Rage Powder|p2a: Sinistcha
|-singleturn|p2a: Sinistcha|move: Rage Powder
|move|p1b: Whimsicott|Tailwind|p1b: Whimsicott
|-sidestart|p1: moth.o|move: Tailwind
|move|p1a: Primarina|Hyper Voice|p2b: Garchomp|[spread] p2a,p2b
|-resisted|p2a: Sinistcha
|-damage|p2a: Sinistcha|85/100
|-damage|p2b: Garchomp|62/100
|move|p2b: Garchomp|Earthquake|p1b: Whimsicott|[spread] p2a,p1a,p1b
|-resisted|p2a: Sinistcha
|-resisted|p1b: Whimsicott
|-damage|p2a: Sinistcha|50/100
|-damage|p1a: Primarina|15/100
|-damage|p1b: Whimsicott|55/100
|-enditem|p1a: Primarina|Sitrus Berry|[eat]
|-heal|p1a: Primarina|40/100|[from] item: Sitrus Berry
|-enditem|p2a: Sinistcha|Sitrus Berry|[eat]
|-heal|p2a: Sinistcha|75/100|[from] item: Sitrus Berry
|
|upkeep
|turn|3
|
|t:|1755523445
|move|p2b: Garchomp|Protect|p2b: Garchomp
|-singleturn|p2b: Garchomp|Protect
|move|p1b: Whimsicott|Moonblast|p2a: Sinistcha
|-damage|p2a: Sinistcha|49/100
|move|p1a: Primarina|Moonblast|p2a: Sinistcha
|-crit|p2a: Sinistcha
|-damage|p2a: Sinistcha|0 fnt
|faint|p2a: Sinistcha
|
|-end|p1a: Primarina|move: Taunt
|upkeep
|
|t:|1755523459
|switch|p2a: Gholdengo|Gholdengo, L50|100/100
|turn|4
|
|t:|1755523468
|move|p1b: Whimsicott|Encore|p2b: Garchomp
|-start|p2b: Garchomp|Encore
|move|p1a: Primarina|Hyper Voice|p2b: Garchomp|[spread] p2a,p2b
|-damage|p2a: Gholdengo|63/100
|-damage|p2b: Garchomp|32/100
|move|p2a: Gholdengo|Make It Rain|p1b: Whimsicott|[spread] p1a,p1b
|-supereffective|p1b: Whimsicott
|-damage|p1a: Primarina|0 fnt
|-damage|p1b: Whimsicott|0 fnt
|-unboost|p2a: Gholdengo|spa|1
|faint|p1a: Primarina
|faint|p1b: Whimsicott
|move|p2b: Garchomp|Protect||[still]
|-fail|p2b: Garchomp
|
|upkeep
|
|t:|1755523483
|switch|p1b: Gholdengo|Gholdengo, L50|100/100
|switch|p1a: Gallade|Gallade, L50, M, shiny|100/100
|turn|5
|
|t:|1755523496
|-terastallize|p1b: Gholdengo|Steel
|move|p2a: Gholdengo|Protect|p2a: Gholdengo
|-singleturn|p2a: Gholdengo|Protect
|move|p2b: Garchomp|Protect|p2b: Garchomp
|-singleturn|p2b: Garchomp|Protect
|move|p1a: Gallade|Psycho Cut|p2a: Gholdengo
|-activate|p2a: Gholdengo|move: Protect
|move|p1b: Gholdengo|Make It Rain|p2b: Garchomp|[spread] 
|-activate|p2a: Gholdengo|move: Protect
|-activate|p2b: Garchomp|move: Protect
|
|-sideend|p1: moth.o|move: Tailwind
|upkeep
|turn|6
|
|t:|1755523514
|move|p2b: Garchomp|Protect|p2b: Garchomp
|-singleturn|p2b: Garchomp|Protect
|move|p1a: Gallade|Psycho Cut|p2a: Gholdengo
|-resisted|p2a: Gholdengo
|-damage|p2a: Gholdengo|27/100
|-damage|p1a: Gallade|91/100|[from] item: Life Orb
|move|p2a: Gholdengo|Shadow Ball|p1a: Gallade
|-supereffective|p1a: Gallade
|-damage|p1a: Gallade|18/100
|-unboost|p1a: Gallade|spd|1
|move|p1b: Gholdengo|Make It Rain|p2b: Garchomp|[spread] p2a
|-activate|p2b: Garchomp|move: Protect
|-resisted|p2a: Gholdengo
|-damage|p2a: Gholdengo|0 fnt
|-unboost|p1b: Gholdengo|spa|1
|faint|p2a: Gholdengo
|
|-end|p2b: Garchomp|Encore
|upkeep
|turn|7
|inactive|moth.o has 30 seconds left.
|inactive|yamiseb has 30 seconds left.
|inactive|moth.o has 20 seconds left.
|
|t:|1755523551
|move|p1a: Gallade|Wide Guard|p1a: Gallade
|-singleturn|p1a: Gallade|Wide Guard
|move|p2b: Garchomp|Earthquake|p1b: Gholdengo|[spread] 
|-activate|p1a: Gallade|move: Wide Guard
|-activate|p1b: Gholdengo|move: Wide Guard
|move|p1b: Gholdengo|Make It Rain|p2b: Garchomp
|-resisted|p2b: Garchomp
|-damage|p2b: Garchomp|0 fnt
|-unboost|p1b: Gholdengo|spa|1
|faint|p2b: Garchomp
|
|win|moth.o
|raw|moth.o's rating: 1168 → 1198(+30 for winning)
|raw|yamiseb's rating: 1241 → 1211(-30 for losing)
|l|☆yamiseb
|player|p2|
|l|☆moth.o
|player|p1|
|j|☆moth.o
|player|p1|moth.o|roxie|
