|j|☆SOADVGC
|j|☆PokeLucho
|html|SOADVGCPokeLucho    
|uhtml|bestof|Game 3 of a best-of-3
|t:|1756443476
|gametype|doubles
|player|p1|SOADVGC|roxie|1214
|player|p2|PokeLucho|102|1069
|gen|9
|tier|[Gen 9] VGC 2025 Reg H (Bo3)
|rated|
|rule|Species Clause: Limit one of each Pokémon
|rule|Item Clause: Limit 1 of each item
|clearpoke
|poke|p1|Ursaluna, L50, M|
|poke|p1|Gholdengo, L50|
|poke|p1|Porygon2, L50|
|poke|p1|Archaludon, L50, M|
|poke|p1|Sneasler, L50, M|
|poke|p1|Incineroar, L50, F|
|poke|p2|Electabuzz, L50, M|
|poke|p2|Kingambit, L50, F|
|poke|p2|Rillaboom, L50, F|
|poke|p2|Sneasler, L50, M|
|poke|p2|Volcarona, L50, M|
|poke|p2|Dragonite, L50, F|
|teampreview|4
|showteam|p1|Ursaluna||FlameOrb|Guts|Protect,Substitute,Facade,HeadlongRush|||M|||50|,,,,,Ghost]Gholdengo||LifeOrb|GoodasGold|MakeItRain,ShadowBall,NastyPlot,Protect||||||50|,,,,,Water]Porygon2||Eviolite|Download|Recover,IceBeam,TeraBlast,TrickRoom||||||50|,,,,,Fighting]Archaludon||PowerHerb|Stalwart|Protect,ElectroShot,DragonPulse,Thunderbolt|||M|||50|,,,,,Electric]Sneasler||WhiteHerb|Unburden|Protect,CloseCombat,ThroatChop,DireClaw|||M|||50|,,,,,Stellar]Incineroar||SafetyGoggles|Intimidate|FakeOut,PartingShot,FlareBlitz,KnockOff|||F|||50|,,,,,Ghost
|showteam|p2|Electabuzz||Eviolite|VitalSpirit|Thunderbolt,Taunt,FollowMe,Protect|||M|||50|,,,,,Ghost]Kingambit||BlackGlasses|Defiant|KowtowCleave,SuckerPunch,SwordsDance,Protect|||F|||50|,,,,,Dark]Rillaboom||AssaultVest|GrassySurge|FakeOut,HighHorsepower,WoodHammer,GrassyGlide|||F|||50|,,,,,Fire]Sneasler||FocusSash|PoisonTouch|DireClaw,CloseCombat,FakeOut,Coaching|||M|||50|,,,,,Stellar]Volcarona||Leftovers|FlameBody|HeatWave,TeraBlast,QuiverDance,Protect|||M|||50|,,,,,Fairy]Dragonite||LoadedDice|Multiscale|ExtremeSpeed,ScaleShot,Protect,Haze|||F|||50|,,,,,Steel
|inactive|Battle timer is ON: inactive players will automatically lose when time's up. (requested by SOADVGC)
|inactive|PokeLucho has 60 seconds left.
|inactive|PokeLucho has 30 seconds left.
|inactive|PokeLucho has 20 seconds left.
|inactive|PokeLucho has 15 seconds left.
|inactive|PokeLucho has 10 seconds left.
|
|t:|1756443561
|teamsize|p1|4
|teamsize|p2|4
|start
|switch|p1a: Gholdengo|Gholdengo, L50|100/100
|switch|p1b: Incineroar|Incineroar, L50, F|100/100
|switch|p2a: Kingambit|Kingambit, L50, F|100/100
|switch|p2b: Sneasler|Sneasler, L50, M|100/100
|-ability|p1b: Incineroar|Intimidate|boost
|-unboost|p2a: Kingambit|atk|1
|-ability|p2a: Kingambit|Defiant|boost
|-boost|p2a: Kingambit|atk|2
|-unboost|p2b: Sneasler|atk|1
|turn|1
|inactive|PokeLucho has 30 seconds left.
|inactive|PokeLucho has 20 seconds left.
|inactive|PokeLucho has 15 seconds left.
|inactive|PokeLucho has 10 seconds left.
|inactive|PokeLucho has 5 seconds left.
|
|t:|1756443616
|switch|p1a: Sneasler|Sneasler, L50, M|100/100
|-terastallize|p1b: Incineroar|Ghost
|move|p1b: Incineroar|Fake Out|p2a: Kingambit
|-resisted|p2a: Kingambit
|-damage|p2a: Kingambit|97/100
|move|p2b: Sneasler|Dire Claw|p1b: Incineroar
|-resisted|p1b: Incineroar
|-damage|p1b: Incineroar|87/100
|-status|p1b: Incineroar|slp
|cant|p2a: Kingambit|flinch
|
|upkeep
|turn|2
|inactive|PokeLucho has 30 seconds left.
|inactive|PokeLucho has 20 seconds left.
|inactive|PokeLucho has 15 seconds left.
|inactive|PokeLucho has 10 seconds left.
|inactive|PokeLucho has 5 seconds left.
|
|t:|1756443668
|move|p2a: Kingambit|Protect|p2a: Kingambit
|-singleturn|p2a: Kingambit|Protect
|move|p2b: Sneasler|Dire Claw|p1a: Sneasler
|-resisted|p1a: Sneasler
|-damage|p1a: Sneasler|82/100
|move|p1a: Sneasler|Close Combat|p2a: Kingambit
|-activate|p2a: Kingambit|move: Protect
|cant|p1b: Incineroar|slp
|
|upkeep
|turn|3
|inactive|PokeLucho has 30 seconds left.
|inactive|PokeLucho has 20 seconds left.
|
|t:|1756443706
|switch|p2a: Volcarona|Volcarona, L50, M|100/100
|move|p2b: Sneasler|Dire Claw|p1b: Incineroar
|-resisted|p1b: Incineroar
|-damage|p1b: Incineroar|73/100 slp
|move|p1a: Sneasler|Close Combat|p2a: Volcarona
|-resisted|p2a: Volcarona
|-damage|p2a: Volcarona|65/100
|-unboost|p1a: Sneasler|def|1
|-unboost|p1a: Sneasler|spd|1
|-enditem|p1a: Sneasler|White Herb
|-clearnegativeboost|p1a: Sneasler|[silent]
|cant|p1b: Incineroar|slp
|
|-heal|p2a: Volcarona|71/100|[from] item: Leftovers
|upkeep
|turn|4
|inactive|SOADVGC has 30 seconds left.
|inactive|PokeLucho has 30 seconds left.
|inactive|PokeLucho has 20 seconds left.
|inactive|PokeLucho has 15 seconds left.
|
|t:|1756443746
|move|p1a: Sneasler|Dire Claw|p2a: Volcarona
|-damage|p2a: Volcarona|25/100
|-status|p2a: Volcarona|psn
|move|p2b: Sneasler|Coaching|p2a: Volcarona
|-boost|p2a: Volcarona|atk|1
|-boost|p2a: Volcarona|def|1
|move|p2a: Volcarona|Quiver Dance|p2a: Volcarona
|-boost|p2a: Volcarona|spa|1
|-boost|p2a: Volcarona|spd|1
|-boost|p2a: Volcarona|spe|1
|cant|p1b: Incineroar|slp
|
|-heal|p2a: Volcarona|32/100 psn|[from] item: Leftovers
|-damage|p2a: Volcarona|19/100 psn|[from] psn
|upkeep
|turn|5
|
|t:|1756443766
|move|p2a: Volcarona|Protect|p2a: Volcarona
|-singleturn|p2a: Volcarona|Protect
|move|p1a: Sneasler|Dire Claw|p2a: Volcarona
|-activate|p2a: Volcarona|move: Protect
|move|p2b: Sneasler|Dire Claw|p1b: Incineroar
|-resisted|p1b: Incineroar
|-damage|p1b: Incineroar|59/100 slp
|-curestatus|p1b: Incineroar|slp|[msg]
|move|p1b: Incineroar|Flare Blitz|p2b: Sneasler
|-damage|p2b: Sneasler|17/100
|-damage|p1b: Incineroar|37/100|[from] Recoil
|
|-heal|p2a: Volcarona|25/100 psn|[from] item: Leftovers
|-damage|p2a: Volcarona|13/100 psn|[from] psn
|upkeep
|turn|6
|inactive|PokeLucho has 30 seconds left.
|
|t:|1756443801
|move|p1a: Sneasler|Dire Claw|p2b: Sneasler
|-resisted|p2b: Sneasler
|-damage|p2b: Sneasler|0 fnt
|faint|p2b: Sneasler
|move|p2a: Volcarona|Heat Wave|p1a: Sneasler|[spread] p1a,p1b
|-damage|p1a: Sneasler|14/100
|-damage|p1b: Incineroar|0 fnt
|-status|p1a: Sneasler|brn
|faint|p1b: Incineroar
|
|-heal|p2a: Volcarona|19/100 psn|[from] item: Leftovers
|-damage|p2a: Volcarona|7/100 psn|[from] psn
|-damage|p1a: Sneasler|8/100 brn|[from] brn
|upkeep
|
|t:|1756443811
|switch|p2b: Electabuzz|Electabuzz, L50, M|100/100
|switch|p1b: Porygon2|Porygon2, L50|100/100
|-ability|p1b: Porygon2|Download|boost
|-boost|p1b: Porygon2|atk|1
|turn|7
|inactive|PokeLucho has 30 seconds left.
|
|t:|1756443839
|move|p1a: Sneasler|Close Combat|p2b: Electabuzz
|-damage|p2b: Electabuzz|78/100
|-unboost|p1a: Sneasler|def|1
|-unboost|p1a: Sneasler|spd|1
|move|p2a: Volcarona|Heat Wave|p1b: Porygon2|[spread] p1a,p1b
|-damage|p1a: Sneasler|0 fnt
|-damage|p1b: Porygon2|75/100
|faint|p1a: Sneasler
|move|p2b: Electabuzz|Taunt|p1b: Porygon2
|-start|p1b: Porygon2|move: Taunt
|move|p1b: Porygon2|Tera Blast|p2b: Electabuzz
|-crit|p2b: Electabuzz
|-damage|p2b: Electabuzz|43/100
|
|-heal|p2a: Volcarona|13/100 psn|[from] item: Leftovers
|-damage|p2a: Volcarona|0 fnt|[from] psn
|faint|p2a: Volcarona
|upkeep
|
|t:|1756443855
|switch|p1a: Gholdengo|Gholdengo, L50|100/100
|switch|p2a: Kingambit|Kingambit, L50, F|97/100
|turn|8
|inactive|PokeLucho has 30 seconds left.
|inactive|PokeLucho has 20 seconds left.
|inactive|PokeLucho has 15 seconds left.
|inactive|PokeLucho has 10 seconds left.
|inactive|PokeLucho has 5 seconds left.
|
|t:|1756443907
|move|p2b: Electabuzz|Follow Me|p2b: Electabuzz
|-singleturn|p2b: Electabuzz|move: Follow Me
|move|p2a: Kingambit|Sucker Punch||[still]
|-fail|p2a: Kingambit
|move|p1a: Gholdengo|Nasty Plot|p1a: Gholdengo
|-boost|p1a: Gholdengo|spa|2
|move|p1b: Porygon2|Tera Blast|p2b: Electabuzz
|-damage|p2b: Electabuzz|20/100
|
|upkeep
|turn|9
|inactive|PokeLucho has 30 seconds left.
|inactive|PokeLucho has 20 seconds left.
|
|t:|1756443947
|move|p2b: Electabuzz|Protect|p2b: Electabuzz
|-singleturn|p2b: Electabuzz|Protect
|move|p1a: Gholdengo|Protect|p1a: Gholdengo
|-singleturn|p1a: Gholdengo|Protect
|move|p1b: Porygon2|Tera Blast|p2b: Electabuzz
|-activate|p2b: Electabuzz|move: Protect
|move|p2a: Kingambit|Kowtow Cleave|p1b: Porygon2
|-crit|p1b: Porygon2
|-damage|p1b: Porygon2|19/100
|
|-end|p1b: Porygon2|move: Taunt
|upkeep
|turn|10
|j| BLiiNDProdiigy
|inactive|SOADVGC has 30 seconds left.
|inactive|PokeLucho has 30 seconds left.
|inactive|SOADVGC has 20 seconds left.
|inactive|PokeLucho has 20 seconds left.
|inactive|PokeLucho has 15 seconds left.
|
|t:|1756443990
|move|p2b: Electabuzz|Taunt|p1b: Porygon2
|-start|p1b: Porygon2|move: Taunt
|move|p1a: Gholdengo|Make It Rain|p2a: Kingambit|[spread] p2a,p2b
|-resisted|p2a: Kingambit
|-resisted|p2b: Electabuzz
|-damage|p2a: Kingambit|41/100
|-damage|p2b: Electabuzz|0 fnt
|-unboost|p1a: Gholdengo|spa|1
|faint|p2b: Electabuzz
|-damage|p1a: Gholdengo|91/100|[from] item: Life Orb
|cant|p1b: Porygon2|move: Taunt|Recover
|move|p2a: Kingambit|Kowtow Cleave|p1a: Gholdengo
|-supereffective|p1a: Gholdengo
|-damage|p1a: Gholdengo|0 fnt
|faint|p1a: Gholdengo
|
|upkeep
|turn|11
|inactive|PokeLucho has 25 seconds left this turn.
|inactive|PokeLucho has 20 seconds left.
|inactive|PokeLucho has 15 seconds left.
|inactive|PokeLucho has 10 seconds left.
|
|t:|1756444007
|move|p1b: Porygon2|Ice Beam|p2a: Kingambit
|-resisted|p2a: Kingambit
|-damage|p2a: Kingambit|29/100
|move|p2a: Kingambit|Kowtow Cleave|p1b: Porygon2
|-damage|p1b: Porygon2|0 fnt
|faint|p1b: Porygon2
|
|win|PokeLucho
|raw|SOADVGC's rating: 1214 → 1179(-35 for losing)
|raw|PokeLucho's rating: 1069 → 1110(+41 for winning)
|l|☆SOADVGC
|player|p1|
|l| BLiiNDProdiigy
