|j|☆Aseguradoras Gomez
|j|☆dont make me walk
|html|Aseguradoras Gomezdont make me walk    
|uhtml|bestof|Game 1 of a best-of-3
|t:|1756394924
|gametype|doubles
|player|p1|Aseguradoras Gomez|iono|1143
|player|p2|dont make me walk|red-masters3|1277
|gen|9
|tier|[Gen 9] VGC 2025 Reg H (Bo3)
|rated|
|rule|Species Clause: Limit one of each Pokémon
|rule|Item Clause: Limit 1 of each item
|clearpoke
|poke|p1|Stonjourner, L50, M|
|poke|p1|Dragonite, L50, F|
|poke|p1|Kingambit, L50, M|
|poke|p1|Rillaboom, L50, M|
|poke|p1|Kommo-o, L50, M|
|poke|p1|Electabuzz, L50, M|
|poke|p2|Ursaluna-Bloodmoon, L50, M|
|poke|p2|Indeedee, L50, M|
|poke|p2|Sneasler, L50, M|
|poke|p2|Incineroar, L50, M|
|poke|p2|Electabuzz, L50, F|
|poke|p2|Talonflame, L50, M|
|teampreview|4
|showteam|p1|Stonjourner||FocusSash|PowerSpot|RockSlide,StealthRock,WideGuard,Protect|||M|||50|,,,,,Ghost]Dragonite||ChoiceBand|InnerFocus|ExtremeSpeed,Outrage,StompingTantrum,IronHead|||F|||50|,,,,,Normal]Kingambit||BlackGlasses|Defiant|Assurance,SuckerPunch,SwordsDance,Protect|||M|||50|,,,,,Dark]Rillaboom||AssaultVest|GrassySurge|GrassyGlide,WoodHammer,FakeOut,Uturn|||M|||50|,,,,,Fire]Kommo-o||ThroatSpray|Soundproof|ClangingScales,AuraSphere,ClangorousSoul,Protect|||M|||50|,,,,,Steel]Electabuzz||Eviolite|VitalSpirit|Electroweb,Taunt,FollowMe,Protect|||M|||50|,,,,,Ghost
|showteam|p2|Ursaluna-Bloodmoon||LifeOrb|MindsEye|Protect,EarthPower,HyperVoice,BloodMoon|||M|||50|,,,,,Normal]Indeedee||FocusSash|PsychicSurge|ExpandingForce,TeraBlast,TrickRoom,Protect|||M|||50|,,,,,Fighting]Sneasler||PsychicSeed|Unburden|DireClaw,CloseCombat,ThroatChop,Protect|||M|||50|,,,,,Dark]Incineroar||AssaultVest|Intimidate|FakeOut,KnockOff,FlareBlitz,Uturn|||M|||50|,,,,,Grass]Electabuzz||Eviolite|VitalSpirit|Electroweb,Taunt,FollowMe,Protect|||F|||50|,,,,,Ghost]Talonflame||CovertCloak|GaleWings|FlareBlitz,DualWingbeat,WillOWisp,Tailwind|||M|||50|,,,,,Fairy
|inactive|Battle timer is ON: inactive players will automatically lose when time's up. (requested by dont make me walk)
|inactive|Aseguradoras Gomez has 60 seconds left.
|inactive|Aseguradoras Gomez has 30 seconds left.
|inactive|Aseguradoras Gomez has 20 seconds left.
|inactive|Aseguradoras Gomez has 15 seconds left.
|
|t:|1756395003
|teamsize|p1|4
|teamsize|p2|4
|start
|switch|p1a: Willem Dafoe|Stonjourner, L50, M|100/100
|switch|p1b: Dragonite|Dragonite, L50, F|100/100
|switch|p2a: Talonflame|Talonflame, L50, M|100/100
|switch|p2b: Ursaluna|Ursaluna-Bloodmoon, L50, M|100/100
|turn|1
|inactive|dont make me walk has 30 seconds left.
|inactive|dont make me walk has 20 seconds left.
|
|t:|1756395041
|-terastallize|p1b: Dragonite|Normal
|move|p1b: Dragonite|Extreme Speed|p2a: Talonflame
|-damage|p2a: Talonflame|9/100
|move|p2a: Talonflame|Will-O-Wisp|p1b: Dragonite
|-status|p1b: Dragonite|brn
|move|p1a: Willem Dafoe|Stealth Rock|p2a: Talonflame
|-sidestart|p2: dont make me walk|move: Stealth Rock
|move|p2b: Ursaluna|Earth Power|p1a: Willem Dafoe
|-supereffective|p1a: Willem Dafoe
|-enditem|p1a: Willem Dafoe|Focus Sash
|-damage|p1a: Willem Dafoe|1/100
|-damage|p2b: Ursaluna|91/100|[from] item: Life Orb
|
|-damage|p1b: Dragonite|94/100 brn|[from] brn
|upkeep
|turn|2
|
|t:|1756395063
|switch|p2a: Indeedee|Indeedee, L50, M|100/100
|-damage|p2a: Indeedee|88/100|[from] Stealth Rock
|-fieldstart|move: Psychic Terrain|[from] ability: Psychic Surge|[of] p2a: Indeedee
|-terastallize|p2b: Ursaluna|Normal
|move|p1b: Dragonite|Extreme Speed|p2a: Indeedee
|-activate|p2a: Indeedee|move: Psychic Terrain
|move|p1a: Willem Dafoe|Rock Slide|p2b: Ursaluna|[spread] p2a,p2b
|-damage|p2a: Indeedee|28/100
|-damage|p2b: Ursaluna|71/100
|move|p2b: Ursaluna|Blood Moon|p1b: Dragonite
|-damage|p1b: Dragonite|0 fnt
|faint|p1b: Dragonite
|-damage|p2b: Ursaluna|61/100|[from] item: Life Orb
|
|upkeep
|
|t:|1756395077
|switch|p1b: Rillaboom|Rillaboom, L50, M|100/100
|-fieldstart|move: Grassy Terrain|[from] ability: Grassy Surge|[of] p1b: Rillaboom
|turn|3
|inactive|Aseguradoras Gomez has 30 seconds left.
|
|t:|1756395105
|switch|p2a: Talonflame|Talonflame, L50, M|9/100
|-damage|p2a: Talonflame|0 fnt|[from] Stealth Rock
|faint|p2a: Talonflame
|move|p2b: Ursaluna|Protect|p2b: Ursaluna
|-singleturn|p2b: Ursaluna|Protect
|move|p1a: Willem Dafoe|Rock Slide|p2b: Ursaluna
|-activate|p2b: Ursaluna|move: Protect
|move|p1b: Rillaboom|U-turn|p2b: Ursaluna
|-activate|p2b: Ursaluna|move: Protect
|
|-heal|p1a: Willem Dafoe|7/100|[from] Grassy Terrain
|-heal|p2b: Ursaluna|67/100|[from] Grassy Terrain
|upkeep
|
|t:|1756395115
|switch|p2a: Indeedee|Indeedee, L50, M|28/100
|-damage|p2a: Indeedee|16/100|[from] Stealth Rock
|-fieldstart|move: Psychic Terrain|[from] ability: Psychic Surge|[of] p2a: Indeedee
|turn|4
|
|t:|1756395124
|move|p1a: Willem Dafoe|Wide Guard|p1a: Willem Dafoe
|-singleturn|p1a: Willem Dafoe|Wide Guard
|move|p2a: Indeedee|Tera Blast|p1a: Willem Dafoe
|-resisted|p1a: Willem Dafoe
|-damage|p1a: Willem Dafoe|0 fnt
|faint|p1a: Willem Dafoe
|move|p1b: Rillaboom|U-turn|p2a: Indeedee
|-supereffective|p2a: Indeedee
|-damage|p2a: Indeedee|0 fnt
|faint|p2a: Indeedee
|
|t:|1756395131
|switch|p1b: Kingambit|Kingambit, L50, M|100/100|[from] U-turn
|move|p2b: Ursaluna|Blood Moon|p1b: Kingambit
|-resisted|p1b: Kingambit
|-damage|p1b: Kingambit|31/100
|-damage|p2b: Ursaluna|58/100|[from] item: Life Orb
|
|upkeep
|
|t:|1756395139
|switch|p2a: Sneasler|Sneasler, L50, M|100/100
|switch|p1a: Rillaboom|Rillaboom, L50, M|100/100
|-damage|p2a: Sneasler|95/100|[from] Stealth Rock
|-fieldstart|move: Grassy Terrain|[from] ability: Grassy Surge|[of] p1a: Rillaboom
|turn|5
|
|t:|1756395155
|move|p1a: Rillaboom|Fake Out|p2a: Sneasler
|-damage|p2a: Sneasler|72/100
|cant|p2a: Sneasler|flinch
|move|p2b: Ursaluna|Earth Power|p1b: Kingambit
|-supereffective|p1b: Kingambit
|-damage|p1b: Kingambit|0 fnt
|faint|p1b: Kingambit
|-damage|p2b: Ursaluna|48/100|[from] item: Life Orb
|
|-heal|p2a: Sneasler|78/100|[from] Grassy Terrain
|-heal|p2b: Ursaluna|54/100|[from] Grassy Terrain
|upkeep
|turn|6
|
|t:|1756395179
|move|p2a: Sneasler|Dire Claw|p1a: Rillaboom
|-supereffective|p1a: Rillaboom
|-damage|p1a: Rillaboom|27/100
|-status|p1a: Rillaboom|psn
|move|p1a: Rillaboom|Wood Hammer|p2b: Ursaluna
|-damage|p2b: Ursaluna|0 fnt
|faint|p2b: Ursaluna
|-damage|p1a: Rillaboom|10/100 psn|[from] Recoil
|
|-heal|p2a: Sneasler|84/100|[from] Grassy Terrain
|-heal|p1a: Rillaboom|16/100 psn|[from] Grassy Terrain
|-damage|p1a: Rillaboom|4/100 psn|[from] psn
|upkeep
|turn|7
|
|t:|1756395189
|move|p2a: Sneasler|Protect|p2a: Sneasler
|-singleturn|p2a: Sneasler|Protect
|move|p1a: Rillaboom|Grassy Glide|p2a: Sneasler
|-activate|p2a: Sneasler|move: Protect
|
|-heal|p2a: Sneasler|90/100|[from] Grassy Terrain
|-heal|p1a: Rillaboom|10/100 psn|[from] Grassy Terrain
|-damage|p1a: Rillaboom|0 fnt|[from] psn
|faint|p1a: Rillaboom
|
|win|dont make me walk
||dont make me walk is ready for game 2.
||Aseguradoras Gomez is ready for game 2.
|uhtml|next|Next: Game 2 of 3
