|j|☆EchoShadowYT
|j|☆tdea
|html|EchoShadowYTtdea    
|uhtml|bestof|Game 3 of a best-of-3
|t:|1783708312
|gametype|doubles
|player|p1|EchoShadowYT|skierf|1338
|player|p2|tdea|veteran|1509
|gen|9
|tier|[Gen 9 Champions] VGC 2026 Reg M-B (Bo3)
|rated|
|rule|Species Clause: Limit one of each Pokémon
|rule|Item Clause: Limit 1 of each item
|clearpoke
|poke|p1|Delphox, L50, M|
|poke|p1|Sneasler, L50, M|
|poke|p1|Blastoise, L50, M|
|poke|p1|Kingambit, L50, F|
|poke|p1|Incineroar, L50, M|
|poke|p1|Sinistcha, L50|
|poke|p2|Floette-Eternal, L50, F|
|poke|p2|Sinistcha, L50|
|poke|p2|Incineroar, L50, F|
|poke|p2|Sneasler, L50, M|
|poke|p2|Blastoise, L50, F|
|poke|p2|Kingambit, L50, F|
|teampreview|4
|showteam|p1|Delphox||Delphoxite|Blaze|HeatWave,Psyshock,NastyPlot,Protect|Timid||M|||50|]Sneasler||FocusSash|PoisonTouch|DireClaw,CloseCombat,FakeOut,Protect|Jolly||M|||50|]Blastoise||Blastoisinite|Torrent|WaterSpout,Protect,DarkPulse,ShellSmash|Modest||M|||50|]Kingambit||BlackGlasses|Defiant|KowtowCleave,SuckerPunch,SwordsDance,Protect|Adamant||F|||50|]Incineroar||SitrusBerry|Intimidate|ThroatChop,FlareBlitz,PartingShot,FakeOut|Impish||M|||50|]Sinistcha||KasibBerry|Hospitality|MatchaGotcha,RagePowder,TrickRoom,Protect|Calm|||||50|
|showteam|p2|Floette-Eternal||Floettite|FlowerVeil|DazzlingGleam,DrainingKiss,Protect,CalmMind|Timid||F|||50|]Sinistcha||OccaBerry|Hospitality|MatchaGotcha,LifeDew,RagePowder,Protect|Bold|||||50|]Incineroar||SitrusBerry|Intimidate|FlareBlitz,DarkestLariat,PartingShot,FakeOut|Impish||F|||50|]Sneasler||FocusSash|PoisonTouch|PoisonJab,CloseCombat,FakeOut,RockTomb|Jolly||M|||50|]Blastoise||Blastoisinite|Torrent|WaterSpout,ShellSmash,Protect,DarkPulse|Modest||F|||50|]Kingambit||LifeOrb|Defiant|KowtowCleave,SuckerPunch,Protect,SwordsDance|Adamant||F|||50|
|inactive|Battle timer is ON: inactive players will automatically lose when time's up. (requested by EchoShadowYT)
|inactive|tdea also wants the timer to be on.
|
|t:|1783708323
|teamsize|p1|4
|teamsize|p2|4
|start
|switch|p1a: Delphox|Delphox, L50, M|100/100
|switch|p1b: Sneasler|Sneasler, L50, M|100/100
|switch|p2a: Sneasler|Sneasler, L50, M|100/100
|switch|p2b: Blastoise|Blastoise, L50, F|100/100
|turn|1
|
|t:|1783708340
|switch|p1a: Kingambit|Kingambit, L50, F|100/100
|detailschange|p2b: Blastoise|Blastoise-Mega, L50, F
|-mega|p2b: Blastoise|Blastoise|Blastoisinite
|move|p2a: Sneasler|Fake Out|p1a: Kingambit
|-resisted|p1a: Kingambit|1
|-damage|p1a: Kingambit|94/100
|move|p1b: Sneasler|Fake Out|p2b: Blastoise
|-damage|p2b: Blastoise|87/100
|-status|p2b: Blastoise|psn|[from] ability: Poison Touch|[of] p1b: Sneasler
|cant|p2b: Blastoise|flinch
|
|-damage|p2b: Blastoise|75/100 psn|[from] psn
|upkeep
|turn|2
|
|t:|1783708365
|switch|p1a: Delphox|Delphox, L50, M|100/100
|move|p2a: Sneasler|Rock Tomb|p1b: Sneasler
|-resisted|p1b: Sneasler|1
|-damage|p1b: Sneasler|82/100
|-unboost|p1b: Sneasler|spe|1
|move|p1b: Sneasler|Dire Claw|p2a: Sneasler
|-resisted|p2a: Sneasler|1
|-damage|p2a: Sneasler|63/100
|move|p2b: Blastoise|Water Spout|p1b: Sneasler|[spread] p1a,p1b
|-supereffective|p1a: Delphox|1
|-damage|p1a: Delphox|0 fnt
|-damage|p1b: Sneasler|17/100
|faint|p1a: Delphox
|
|-damage|p2b: Blastoise|63/100 psn|[from] psn
|upkeep
|
|t:|1783708379
|switch|p1a: Sinistcha|Sinistcha, L50|100/100
|-heal|p1b: Sneasler|42/100|[from] ability: Hospitality|[of] p1a: Sinistcha
|turn|3
|
|t:|1783708395
|switch|p2a: Sinistcha|Sinistcha, L50|100/100
|-heal|p2b: Blastoise|88/100 psn|[from] ability: Hospitality|[of] p2a: Sinistcha
|switch|p1b: Kingambit|Kingambit, L50, F|94/100
|move|p2b: Blastoise|Dark Pulse|p1a: Sinistcha
|-supereffective|p1a: Sinistcha|1
|-damage|p1a: Sinistcha|15/100
|cant|p1a: Sinistcha|flinch
|
|-damage|p2b: Blastoise|76/100 psn|[from] psn
|upkeep
|turn|4
|
|t:|1783708412
|switch|p1a: Sneasler|Sneasler, L50, M|42/100
|move|p2a: Sinistcha|Rage Powder|p2a: Sinistcha
|-singleturn|p2a: Sinistcha|move: Rage Powder
|move|p2b: Blastoise|Water Spout|p1a: Sneasler|[spread] p1a,p1b
|-damage|p1a: Sneasler|0 fnt
|-damage|p1b: Kingambit|43/100
|faint|p1a: Sneasler
|move|p1b: Kingambit|Swords Dance|p1b: Kingambit
|-boost|p1b: Kingambit|atk|2
|
|-damage|p2b: Blastoise|63/100 psn|[from] psn
|upkeep
|
|t:|1783708423
|switch|p1a: Sinistcha|Sinistcha, L50|15/100
|-heal|p1b: Kingambit|67/100|[from] ability: Hospitality|[of] p1a: Sinistcha
|turn|5
|
|t:|1783708431
|move|p1a: Sinistcha|Protect|p1a: Sinistcha
|-singleturn|p1a: Sinistcha|Protect
|move|p2a: Sinistcha|Rage Powder|p2a: Sinistcha
|-singleturn|p2a: Sinistcha|move: Rage Powder
|move|p2b: Blastoise|Water Spout|p1a: Sinistcha|[spread] p1b
|-activate|p1a: Sinistcha|move: Protect
|-damage|p1b: Kingambit|25/100
|move|p1b: Kingambit|Kowtow Cleave|p2a: Sinistcha
|-supereffective|p2a: Sinistcha|1
|-damage|p2a: Sinistcha|0 fnt
|faint|p2a: Sinistcha
|
|-damage|p2b: Blastoise|51/100 psn|[from] psn
|upkeep
|
|t:|1783708435
|switch|p2a: Sneasler|Sneasler, L50, M|63/100
|turn|6
|
|t:|1783708452
|move|p1a: Sinistcha|Protect||[still]
|-fail|p1a: Sinistcha
|move|p1b: Kingambit|Protect|p1b: Kingambit
|-singleturn|p1b: Kingambit|Protect
|move|p2a: Sneasler|Fake Out|p1b: Kingambit
|-activate|p1b: Kingambit|move: Protect
|move|p2b: Blastoise|Dark Pulse|p1a: Sinistcha
|-supereffective|p1a: Sinistcha|1
|-damage|p1a: Sinistcha|0 fnt
|faint|p1a: Sinistcha
|
|-damage|p2b: Blastoise|39/100 psn|[from] psn
|upkeep
|turn|7
|
|t:|1783708464
|move|p1b: Kingambit|Sucker Punch|p2a: Sneasler
|-resisted|p2a: Sneasler|1
|-damage|p2a: Sneasler|0 fnt
|faint|p2a: Sneasler
|move|p2b: Blastoise|Water Spout|p1b: Kingambit
|-damage|p1b: Kingambit|0 fnt
|faint|p1b: Kingambit
|
|win|tdea
|raw|EchoShadowYT's rating: 1338 → 1327(-11 for losing)
|raw|tdea's rating: 1509 → 1520(+11 for winning)
|l|☆tdea
|player|p2|
