|j|☆Adrinhoo
|j|☆PidoveQ
|html|AdrinhooPidoveQ    
|uhtml|bestof|Game 3 of a best-of-3
|t:|1755880354
|gametype|doubles
|player|p1|Adrinhoo|pokekid|1314
|player|p2|PidoveQ|akari|1295
|gen|9
|tier|[Gen 9] VGC 2025 Reg H (Bo3)
|rated|
|rule|Species Clause: Limit one of each Pokémon
|rule|Item Clause: Limit 1 of each item
|clearpoke
|poke|p1|Gholdengo, L50|
|poke|p1|Incineroar, L50, M|
|poke|p1|Ursaluna, L50, F|
|poke|p1|Sinistcha, L50|
|poke|p1|Sneasler, L50, M|
|poke|p1|Dragonite, L50, M|
|poke|p2|Dragonite, L50, M|
|poke|p2|Annihilape, L50, M|
|poke|p2|Volcarona, L50, M|
|poke|p2|Rillaboom, L50, F|
|poke|p2|Archaludon, L50, M|
|poke|p2|Ninetales-Alola, L50, M|
|teampreview|4
|showteam|p1|Gholdengo||LifeOrb|GoodasGold|MakeItRain,ShadowBall,NastyPlot,Protect||||||50|,,,,,Water]Incineroar||AssaultVest|Intimidate|FakeOut,Uturn,KnockOff,FlareBlitz|||M|||50|,,,,,Ghost]Ursaluna||FlameOrb|Guts|Earthquake,Facade,HeadlongRush,Protect|||F|||50|,,,,,Ghost]Sinistcha||SitrusBerry|Hospitality|MatchaGotcha,LifeDew,RagePowder,TrickRoom||||||50|,,,,,Dark]Sneasler||FocusSash|PoisonTouch|DireClaw,CloseCombat,Coaching,Protect|||M|||50|,,,,,Flying]Dragonite||LoadedDice|Multiscale|ScaleShot,Haze,Tailwind,Protect|||M|||50|,,,,,Fairy
|showteam|p2|Dragonite||AssaultVest|InnerFocus|ExtremeSpeed,DragonClaw,LowKick,AerialAce|||M|||50|,,,,,Fire]Annihilape||FocusSash|Defiant|CloseCombat,RageFist,Coaching,Taunt|||M|||50|,,,,,Stellar]Volcarona||GrassySeed|FlameBody|HeatWave,GigaDrain,QuiverDance,Protect|||M|||50|,,,,,Grass]Rillaboom||LoadedDice|GrassySurge|BulletSeed,GrassyGlide,FakeOut,Uturn|||F|||50|,,,,,Poison]Archaludon||PowerHerb|Stamina|ElectroShot,BodyPress,DragonPulse,Protect|||M|||50|,,,,,Electric]Ninetales-Alola||NeverMeltIce|SnowWarning|Blizzard,FreezeDry,IcyWind,Protect|||M|||50|,,,,,Ice
|inactive|Battle timer is ON: inactive players will automatically lose when time's up. (requested by PidoveQ)
|inactive|Adrinhoo also wants the timer to be on.
|
|t:|1755880367
|teamsize|p1|4
|teamsize|p2|4
|start
|switch|p1a: Dragonite|Dragonite, L50, M, shiny|100/100
|switch|p1b: Gholdengo|Gholdengo, L50|100/100
|switch|p2a: Volcarona|Volcarona, L50, M, shiny|100/100
|switch|p2b: Rillaboom|Rillaboom, L50, F, shiny|100/100
|-fieldstart|move: Grassy Terrain|[from] ability: Grassy Surge|[of] p2b: Rillaboom
|-enditem|p2a: Volcarona|Grassy Seed
|-boost|p2a: Volcarona|def|1|[from] item: Grassy Seed
|turn|1
|inactive|Adrinhoo has 30 seconds left.
|inactive|PidoveQ has 30 seconds left.
|
|t:|1755880409
|switch|p1b: Incineroar|Incineroar, L50, M|100/100
|-ability|p1b: Incineroar|Intimidate|boost
|-unboost|p2a: Volcarona|atk|1
|-unboost|p2b: Rillaboom|atk|1
|move|p2b: Rillaboom|Fake Out|p1a: Dragonite
|-damage|p1a: Dragonite|95/100
|move|p2a: Volcarona|Quiver Dance|p2a: Volcarona
|-boost|p2a: Volcarona|spa|1
|-boost|p2a: Volcarona|spd|1
|-boost|p2a: Volcarona|spe|1
|cant|p1a: Dragonite|flinch
|
|upkeep
|turn|2
|inactive|Adrinhoo has 30 seconds left.
|inactive|PidoveQ has 30 seconds left.
|
|t:|1755880440
|switch|p2b: Dragonite|Dragonite, L50, M|100/100
|move|p2a: Volcarona|Protect|p2a: Volcarona
|-singleturn|p2a: Volcarona|Protect
|move|p1a: Dragonite|Scale Shot|p2b: Dragonite
|-supereffective|p2b: Dragonite
|-damage|p2b: Dragonite|72/100
|-supereffective|p2b: Dragonite
|-damage|p2b: Dragonite|43/100
|-supereffective|p2b: Dragonite
|-damage|p2b: Dragonite|12/100
|-supereffective|p2b: Dragonite
|-damage|p2b: Dragonite|0 fnt
|faint|p2b: Dragonite
|-hitcount|p2: Dragonite|4
|-unboost|p1a: Dragonite|def|1
|-boost|p1a: Dragonite|spe|1
|move|p1b: Incineroar|Knock Off|p2a: Volcarona
|-activate|p2a: Volcarona|move: Protect
|
|upkeep
|
|t:|1755880464
|switch|p2b: Annihilape|Annihilape, L50, M|100/100
|turn|3
|inactive|Adrinhoo has 30 seconds left.
|
|t:|1755880490
|move|p2a: Volcarona|Heat Wave|p1b: Incineroar|[spread] p1a,p1b
|-resisted|p1a: Dragonite
|-resisted|p1b: Incineroar
|-damage|p1a: Dragonite|65/100
|-damage|p1b: Incineroar|83/100
|move|p1a: Dragonite|Tailwind|p1a: Dragonite
|-sidestart|p1: Adrinhoo|move: Tailwind
|move|p1b: Incineroar|Flare Blitz|p2a: Volcarona
|-damage|p2a: Volcarona|56/100
|-damage|p1b: Incineroar|69/100|[from] Recoil
|move|p2b: Annihilape|Rage Fist|p1a: Dragonite
|-damage|p1a: Dragonite|24/100
|
|-heal|p2a: Volcarona|62/100|[from] Grassy Terrain
|-heal|p1b: Incineroar|75/100|[from] Grassy Terrain
|upkeep
|turn|4
|inactive|PidoveQ has 30 seconds left.
|inactive|PidoveQ has 20 seconds left.
|
|t:|1755880528
|move|p1a: Dragonite|Haze|p1a: Dragonite
|-clearallboost
|move|p1b: Incineroar|Flare Blitz|p2a: Volcarona
|-damage|p2a: Volcarona|0 fnt
|faint|p2a: Volcarona
|-damage|p1b: Incineroar|56/100|[from] Recoil
|move|p2b: Annihilape|Rage Fist|p1a: Dragonite
|-damage|p1a: Dragonite|0 fnt
|faint|p1a: Dragonite
|
|-heal|p1b: Incineroar|62/100|[from] Grassy Terrain
|upkeep
|
|t:|1755880535
|switch|p2a: Rillaboom|Rillaboom, L50, F, shiny|100/100
|switch|p1a: Gholdengo|Gholdengo, L50|100/100
|turn|5
|
|t:|1755880545
|-terastallize|p1b: Incineroar|Ghost
|-terastallize|p2b: Annihilape|Stellar
|move|p1a: Gholdengo|Shadow Ball|p2b: Annihilape
|-supereffective|p2b: Annihilape
|-enditem|p2b: Annihilape|Focus Sash
|-damage|p2b: Annihilape|1/100
|-damage|p1a: Gholdengo|91/100|[from] item: Life Orb
|move|p1b: Incineroar|Flare Blitz|p2b: Annihilape
|-crit|p2b: Annihilape
|-damage|p2b: Annihilape|0 fnt
|faint|p2b: Annihilape
|-damage|p1b: Incineroar|61/100|[from] Recoil
|move|p2a: Rillaboom|Bullet Seed|p1b: Incineroar
|-damage|p1b: Incineroar|46/100
|-damage|p1b: Incineroar|30/100
|-damage|p1b: Incineroar|14/100
|-damage|p1b: Incineroar|0 fnt
|faint|p1b: Incineroar
|-hitcount|p1: Incineroar|4
|
|-heal|p1a: Gholdengo|97/100|[from] Grassy Terrain
|-fieldend|move: Grassy Terrain
|upkeep
|
|t:|1755880552
|switch|p1b: Ursaluna|Ursaluna, L50, F, shiny|100/100
|turn|6
|-message|PidoveQ forfeited.
|
|win|Adrinhoo
|raw|Adrinhoo's rating: 1314 → 1333(+19 for winning)
|raw|PidoveQ's rating: 1295 → 1271(-24 for losing)
|c|☆PidoveQ|gg
|c|☆Adrinhoo|ggwp
|l|☆PidoveQ
|player|p2|
