|j|☆Fr3gsy
|j|☆Thenestball
|html|Fr3gsyThenestball    
|uhtml|bestof|Game 1 of a best-of-3
|t:|1756424439
|gametype|doubles
|player|p1|Fr3gsy|giovanni|1068
|player|p2|Thenestball|hiker-gen4|1053
|gen|9
|tier|[Gen 9] VGC 2025 Reg H (Bo3)
|rated|
|rule|Species Clause: Limit one of each Pokémon
|rule|Item Clause: Limit 1 of each item
|clearpoke
|poke|p1|Ninetales-Alola, L50, F|
|poke|p1|Porygon2, L50|
|poke|p1|Baxcalibur, L50, M|
|poke|p1|Ursaluna-Bloodmoon, L50, M|
|poke|p1|Incineroar, L50, F|
|poke|p1|Amoonguss, L50, F|
|poke|p2|Weezing, L50, F|
|poke|p2|Smeargle, L50, F|
|poke|p2|Garchomp, L50, M|
|poke|p2|Dragonite, L50, F|
|poke|p2|Sylveon, L50, F|
|poke|p2|Incineroar, L50, M|
|teampreview|4
|showteam|p1|Ninetales-Alola||LightClay|SnowWarning|AuroraVeil,Blizzard,DazzlingGleam,Protect|||F|||50|,,,,,Steel]Porygon2||Eviolite|Download|Blizzard,TeraBlast,TrickRoom,Recover||||||50|,,,,,Fighting]Baxcalibur||ClearAmulet|ThermalExchange|Protect,SwordsDance,GlaiveRush,IcicleCrash|||M|||50|,,,,,Water]Ursaluna-Bloodmoon||LifeOrb|MindsEye|BloodMoon,HyperVoice,EarthPower,Protect|||M|||50|,,,,,Ground]Incineroar||SafetyGoggles|Intimidate|FakeOut,PartingShot,FlareBlitz,KnockOff|||F|||50|,,,,,Ghost]Amoonguss||SitrusBerry|EffectSpore|Spore,ClearSmog,RagePowder,PollenPuff|||F|||50|,,,,,Water
|showteam|p2|Weezing||SitrusBerry|NeutralizingGas|SludgeBomb,WillOWisp,Haze,Protect|||F|||50|,,,,,Grass]Smeargle||FocusSash|Moody|Spore,FollowMe,Decorate,FakeOut|||F|||50|,,,,,Ghost]Garchomp||LifeOrb|RoughSkin|Earthquake,RockSlide,StompingTantrum,Protect|||M|||50|,,,,,Ground]Dragonite||LoadedDice|Multiscale|ScaleShot,Tailwind,TeraBlast,Protect|||F|||50|,,,,,Fairy]Sylveon||PixiePlate|Pixilate|HyperVoice,TeraBlast,CalmMind,Protect|||F|||50|,,,,,Water]Incineroar||AbilityShield|Intimidate|FakeOut,FlareBlitz,KnockOff,PartingShot|||M|||50|,,,,,Grass
|inactive|Battle timer is ON: inactive players will automatically lose when time's up. (requested by Thenestball)
|
|t:|1756424481
|teamsize|p1|4
|teamsize|p2|4
|start
|switch|p1a: Porygon2|Porygon2, L50, shiny|100/100
|switch|p1b: Baxcalibur|Baxcalibur, L50, M, shiny|100/100
|switch|p2a: Weezing|Weezing, L50, F, shiny|100/100
|switch|p2b: Smeargle|Smeargle, L50, F, shiny|100/100
|-ability|p2a: Weezing|Neutralizing Gas
|turn|1
|
|t:|1756424502
|move|p2b: Smeargle|Spore|p1a: Porygon2
|-status|p1a: Porygon2|slp|[from] move: Spore
|move|p1b: Baxcalibur|Swords Dance|p1b: Baxcalibur
|-boost|p1b: Baxcalibur|atk|2
|move|p2a: Weezing|Will-O-Wisp|p1b: Baxcalibur
|-status|p1b: Baxcalibur|brn
|cant|p1a: Porygon2|slp
|
|-damage|p1b: Baxcalibur|94/100 brn|[from] brn
|upkeep
|turn|2
|
|t:|1756424527
|move|p2b: Smeargle|Decorate|p2a: Weezing
|-boost|p2a: Weezing|atk|2
|-boost|p2a: Weezing|spa|2
|move|p1b: Baxcalibur|Swords Dance|p1b: Baxcalibur
|-boost|p1b: Baxcalibur|atk|2
|move|p2a: Weezing|Sludge Bomb|p1a: Porygon2
|-damage|p1a: Porygon2|69/100 slp
|-curestatus|p1a: Porygon2|slp|[msg]
|move|p1a: Porygon2|Trick Room|p1a: Porygon2
|-fieldstart|move: Trick Room|[of] p1a: Porygon2
|
|-damage|p1b: Baxcalibur|88/100 brn|[from] brn
|upkeep
|turn|3
|
|t:|1756424551
|move|p2b: Smeargle|Follow Me|p2b: Smeargle
|-singleturn|p2b: Smeargle|move: Follow Me
|move|p1a: Porygon2|Tera Blast|p2b: Smeargle
|-damage|p2b: Smeargle|46/100
|move|p2a: Weezing|Sludge Bomb|p1b: Baxcalibur
|-damage|p1b: Baxcalibur|37/100 brn
|move|p1b: Baxcalibur|Glaive Rush|p2b: Smeargle
|-damage|p2b: Smeargle|0 fnt
|-singlemove|p1b: Baxcalibur|Glaive Rush|[silent]
|faint|p2b: Smeargle
|
|-damage|p1b: Baxcalibur|30/100 brn|[from] brn
|upkeep
|
|t:|1756424564
|switch|p2b: Incineroar|Incineroar, L50, M|100/100
|-ability|p2b: Incineroar|Intimidate|boost
|-unboost|p1a: Porygon2|atk|1
|-fail|p1b: Baxcalibur|unboost|[from] item: Clear Amulet|[of] p1b: Baxcalibur
|turn|4
|
|t:|1756424582
|move|p1b: Baxcalibur|Protect|p1b: Baxcalibur
|-singleturn|p1b: Baxcalibur|Protect
|move|p2b: Incineroar|Fake Out|p1b: Baxcalibur
|-activate|p1b: Baxcalibur|move: Protect
|move|p1a: Porygon2|Recover|p1a: Porygon2
|-heal|p1a: Porygon2|100/100
|move|p2a: Weezing|Sludge Bomb|p1a: Porygon2
|-damage|p1a: Porygon2|71/100
|-status|p1a: Porygon2|psn
|
|-damage|p1a: Porygon2|58/100 psn|[from] psn
|-damage|p1b: Baxcalibur|24/100 brn|[from] brn
|upkeep
|turn|5
|
|t:|1756424601
|move|p2a: Weezing|Protect|p2a: Weezing
|-singleturn|p2a: Weezing|Protect
|move|p1a: Porygon2|Tera Blast|p2a: Weezing
|-activate|p2a: Weezing|move: Protect
|move|p2b: Incineroar|Knock Off|p1a: Porygon2
|-damage|p1a: Porygon2|36/100 psn
|-enditem|p1a: Porygon2|Eviolite|[from] move: Knock Off|[of] p2b: Incineroar
|move|p1b: Baxcalibur|Glaive Rush|p2a: Weezing
|-activate|p2a: Weezing|move: Protect
|
|-damage|p1a: Porygon2|24/100 psn|[from] psn
|-damage|p1b: Baxcalibur|18/100 brn|[from] brn
|upkeep
|turn|6
|
|t:|1756424625
|move|p1a: Porygon2|Tera Blast|p2b: Incineroar
|-damage|p2b: Incineroar|72/100
|move|p2b: Incineroar|Flare Blitz|p1a: Porygon2
|-damage|p1a: Porygon2|0 fnt
|faint|p1a: Porygon2
|-damage|p2b: Incineroar|65/100|[from] Recoil
|move|p2a: Weezing|Sludge Bomb|p1b: Baxcalibur
|-damage|p1b: Baxcalibur|0 fnt
|faint|p1b: Baxcalibur
|
|-fieldend|move: Trick Room
|upkeep
|
|t:|1756424642
|switch|p1b: Ursaluna|Ursaluna-Bloodmoon, L50, M|100/100
|switch|p1a: Incineroar|Incineroar, L50, F, shiny|100/100
|turn|7
|
|t:|1756424655
|move|p2a: Weezing|Protect|p2a: Weezing
|-singleturn|p2a: Weezing|Protect
|move|p1a: Incineroar|Fake Out|p2a: Weezing
|-activate|p2a: Weezing|move: Protect
|move|p2b: Incineroar|Knock Off|p1b: Ursaluna
|-damage|p1b: Ursaluna|71/100
|-enditem|p1b: Ursaluna|Life Orb|[from] move: Knock Off|[of] p2b: Incineroar
|move|p1b: Ursaluna|Earth Power|p2b: Incineroar
|-supereffective|p2b: Incineroar
|-damage|p2b: Incineroar|0 fnt
|faint|p2b: Incineroar
|
|upkeep
|
|t:|1756424666
|switch|p2b: Garchomp|Garchomp, L50, M, shiny|100/100
|turn|8
|
|t:|1756424677
|-terastallize|p2a: Weezing|Grass
|move|p2b: Garchomp|Earthquake|p1b: Ursaluna|[spread] p2a,p1a,p1b
|-resisted|p2a: Weezing
|-supereffective|p1a: Incineroar
|-damage|p2a: Weezing|82/100
|-damage|p1a: Incineroar|23/100
|-damage|p1b: Ursaluna|34/100
|-damage|p2b: Garchomp|91/100|[from] item: Life Orb
|move|p2a: Weezing|Sludge Bomb|p1b: Ursaluna
|-resisted|p1b: Ursaluna
|-damage|p1b: Ursaluna|5/100
|-status|p1b: Ursaluna|psn
|move|p1b: Ursaluna|Blood Moon|p2a: Weezing
|-damage|p2a: Weezing|0 fnt
|faint|p2a: Weezing
|-end|p2a: Weezing|ability: Neutralizing Gas
|-ability|p1a: Incineroar|Intimidate|boost
|-unboost|p2b: Garchomp|atk|1
|move|p1a: Incineroar|Knock Off|p2b: Garchomp
|-damage|p2b: Garchomp|51/100
|-damage|p1a: Incineroar|11/100|[from] ability: Rough Skin|[of] p2b: Garchomp
|-enditem|p2b: Garchomp|Life Orb|[from] move: Knock Off|[of] p1a: Incineroar
|
|-damage|p1b: Ursaluna|0 fnt|[from] psn
|faint|p1b: Ursaluna
|upkeep
|turn|9
|inactive|Fr3gsy has 30 seconds left.
|inactive|Thenestball has 30 seconds left.
|
|t:|1756424708
|move|p2b: Garchomp|Stomping Tantrum|p1a: Incineroar
|-supereffective|p1a: Incineroar
|-damage|p1a: Incineroar|0 fnt
|faint|p1a: Incineroar
|
|win|Thenestball
||Fr3gsy is ready for game 2.
||Thenestball is ready for game 2.
|uhtml|next|Next: Game 2 of 3
|l|☆Fr3gsy
|player|p1|
