|j|☆Panexeri
|j|☆Franz Slowdived
|html|PanexeriFranz Slowdived    
|uhtml|bestof|Game 1 of a best-of-3
|t:|1756933698
|gametype|doubles
|player|p1|Panexeri|guitarist|1128
|player|p2|Franz Slowdived|2|1048
|gen|9
|tier|[Gen 9] VGC 2025 Reg H (Bo3)
|rated|
|rule|Species Clause: Limit one of each Pokémon
|rule|Item Clause: Limit 1 of each item
|clearpoke
|poke|p1|Incineroar, L50, M|
|poke|p1|Amoonguss, L50, M|
|poke|p1|Sneasler, L50, M|
|poke|p1|Gholdengo, L50|
|poke|p1|Porygon2, L50|
|poke|p1|Ursaluna, L50, F|
|poke|p2|Goodra-Hisui, L50, F|
|poke|p2|Grimmsnarl, L50, M|
|poke|p2|Primarina, L50, F|
|poke|p2|Rillaboom, L50, F|
|poke|p2|Volcarona, L50, F|
|poke|p2|Salamence, L50, F|
|teampreview|4
|showteam|p1|Incineroar||SafetyGoggles|Intimidate|FlareBlitz,KnockOff,PartingShot,FakeOut|||M|||50|,,,,,Ghost]Amoonguss||RockyHelmet|Regenerator|Protect,PollenPuff,RagePowder,Spore|||M|||50|,,,,,Water]Sneasler||FocusSash|Unburden|DireClaw,CloseCombat,ThroatChop,Protect|||M|||50|,,,,,Dark]Gholdengo||LifeOrb|GoodasGold|Protect,NastyPlot,MakeItRain,ShadowBall||||||50|,,,,,Dragon]Porygon2||Eviolite|Download|TeraBlast,IceBeam,Recover,TrickRoom||||||50|,,,,,Fighting]Ursaluna||FlameOrb|Guts|Protect,Facade,HeadlongRush,Substitute|||F|||50|,,,,,Ghost
|showteam|p2|Goodra-Hisui||Leftovers|ShellArmor|BodyPress,HeavySlam,Shelter,Protect|||F|||50|,,,,,Bug]Grimmsnarl||LightClay|Prankster|SpiritBreak,Reflect,LightScreen,MistyTerrain|||M|||50|,,,,,Ghost]Primarina||ThroatSpray|LiquidVoice|HyperVoice,Moonblast,Haze,Protect|||F|||50|,,,,,Poison]Rillaboom||MiracleSeed|GrassySurge|WoodHammer,GrassyGlide,HighHorsepower,FakeOut|||F|||50|,,,,,Grass]Volcarona||SitrusBerry|FlameBody|HeatWave,WillOWisp,RagePowder,Tailwind|||F|||50|,,,,,Electric]Salamence||ChoiceBand|Intimidate|DualWingbeat,DragonClaw,RockSlide,Crunch|||F|||50|,,,,,Stellar
|inactive|Battle timer is ON: inactive players will automatically lose when time's up. (requested by Panexeri)
|inactive|Franz Slowdived has 60 seconds left.
|
|t:|1756933815
|teamsize|p1|4
|teamsize|p2|4
|start
|switch|p1a: Gholdengo|Gholdengo, L50|100/100
|switch|p1b: Incineroar|Incineroar, L50, M, shiny|100/100
|switch|p2a: Goodra|Goodra-Hisui, L50, F|100/100
|switch|p2b: Grimmsnarl|Grimmsnarl, L50, M|100/100
|-ability|p1b: Incineroar|Intimidate|boost
|-unboost|p2a: Goodra|atk|1
|-unboost|p2b: Grimmsnarl|atk|1
|turn|1
|inactive|Franz Slowdived has 30 seconds left.
|inactive|Franz Slowdived has 20 seconds left.
|
|t:|1756933854
|switch|p2a: Volcarona|Volcarona, L50, F|100/100
|move|p1b: Incineroar|Fake Out|p2b: Grimmsnarl
|-damage|p2b: Grimmsnarl|91/100
|cant|p2b: Grimmsnarl|flinch
|move|p1a: Gholdengo|Nasty Plot|p1a: Gholdengo
|-boost|p1a: Gholdengo|spa|2
|
|upkeep
|turn|2
|
|t:|1756933872
|move|p2b: Grimmsnarl|Light Screen|p2b: Grimmsnarl
|-sidestart|p2: Franz Slowdived|move: Light Screen
|move|p2a: Volcarona|Heat Wave|p1a: Gholdengo|[spread] p1a,p1b
|-supereffective|p1a: Gholdengo
|-crit|p1a: Gholdengo
|-resisted|p1b: Incineroar
|-damage|p1a: Gholdengo|0 fnt
|-damage|p1b: Incineroar|87/100
|faint|p1a: Gholdengo
|move|p1b: Incineroar|Parting Shot|p2a: Volcarona
|-unboost|p2a: Volcarona|atk|1
|-unboost|p2a: Volcarona|spa|1
|
|t:|1756933881
|switch|p1b: Amoonguss|Amoonguss, L50, M, shiny|100/100|[from] Parting Shot
|
|upkeep
|
|t:|1756933883
|switch|p1a: Incineroar|Incineroar, L50, M, shiny|87/100
|-ability|p1a: Incineroar|Intimidate|boost
|-unboost|p2a: Volcarona|atk|1
|-unboost|p2b: Grimmsnarl|atk|1
|turn|3
|inactive|Franz Slowdived has 30 seconds left.
|inactive|Franz Slowdived has 20 seconds left.
|
|t:|1756933921
|switch|p2a: Primarina|Primarina, L50, F|100/100
|move|p1a: Incineroar|Fake Out|p2a: Primarina
|-damage|p2a: Primarina|88/100
|move|p2b: Grimmsnarl|Misty Terrain|p2b: Grimmsnarl
|-fieldstart|move: Misty Terrain
|move|p1b: Amoonguss|Spore|p2a: Primarina
|-activate|p2a: Primarina|move: Misty Terrain
|
|upkeep
|turn|4
|inactive|Franz Slowdived has 30 seconds left.
|
|t:|1756933949
|switch|p2b: Volcarona|Volcarona, L50, F|100/100
|-terastallize|p1a: Incineroar|Ghost
|move|p2a: Primarina|Hyper Voice|p1b: Amoonguss|[spread] p1a,p1b
|-resisted|p1b: Amoonguss
|-damage|p1a: Incineroar|62/100
|-damage|p1b: Amoonguss|85/100
|-enditem|p2a: Primarina|Throat Spray
|-boost|p2a: Primarina|spa|1|[from] item: Throat Spray
|move|p1a: Incineroar|Parting Shot|p2a: Primarina
|-unboost|p2a: Primarina|atk|1
|-unboost|p2a: Primarina|spa|1
|
|t:|1756933956
|switch|p1a: Sneasler|Sneasler, L50, M|100/100|[from] Parting Shot
|move|p1b: Amoonguss|Pollen Puff|p2a: Primarina
|-resisted|p2a: Primarina
|-damage|p2a: Primarina|83/100
|
|upkeep
|turn|5
|inactive|Franz Slowdived has 30 seconds left.
|inactive|Franz Slowdived has 20 seconds left.
|inactive|Franz Slowdived has 15 seconds left.
|inactive|Franz Slowdived has 10 seconds left.
|inactive|Franz Slowdived has 5 seconds left.
|
|t:|1756934010
|-terastallize|p2a: Primarina|Poison
|move|p1a: Sneasler|Dire Claw|p2a: Primarina
|-resisted|p2a: Primarina
|-damage|p2a: Primarina|61/100
|move|p2b: Volcarona|Heat Wave|p1a: Sneasler|[spread] p1a
|-miss|p2b: Volcarona|p1b: Amoonguss
|-damage|p1a: Sneasler|58/100
|move|p2a: Primarina|Hyper Voice|p1b: Amoonguss|[spread] p1a,p1b
|-resisted|p1b: Amoonguss
|-damage|p1a: Sneasler|11/100
|-damage|p1b: Amoonguss|72/100
|move|p1b: Amoonguss|Pollen Puff|p1a: Sneasler
|-heal|p1a: Sneasler|60/100
|
|upkeep
|turn|6
|inactive|Franz Slowdived has 30 seconds left.
|
|t:|1756934043
|switch|p2a: Goodra|Goodra-Hisui, L50, F|100/100
|switch|p1b: Incineroar|Incineroar, L50, M, shiny, tera:Ghost|62/100
|-ability|p1b: Incineroar|Intimidate|boost
|-unboost|p2a: Goodra|atk|1
|-unboost|p2b: Volcarona|atk|1
|move|p1a: Sneasler|Protect|p1a: Sneasler
|-singleturn|p1a: Sneasler|Protect
|move|p2b: Volcarona|Heat Wave|p1a: Sneasler|[spread] p1b
|-activate|p1a: Sneasler|move: Protect
|-damage|p1b: Incineroar|39/100
|
|upkeep
|turn|7
|inactive|Franz Slowdived has 30 seconds left.
|inactive|Franz Slowdived has 20 seconds left.
|inactive|Franz Slowdived has 15 seconds left.
|inactive|Franz Slowdived has 10 seconds left.
|
|t:|1756934089
|switch|p2a: Grimmsnarl|Grimmsnarl, L50, M|91/100
|move|p1b: Incineroar|Fake Out|p2b: Volcarona
|-damage|p2b: Volcarona|87/100
|move|p1a: Sneasler|Close Combat|p2a: Grimmsnarl
|-damage|p2a: Grimmsnarl|34/100
|-unboost|p1a: Sneasler|def|1
|-unboost|p1a: Sneasler|spd|1
|cant|p2b: Volcarona|flinch
|
|-fieldend|Misty Terrain
|upkeep
|turn|8
|inactive|Panexeri has 30 seconds left.
|inactive|Franz Slowdived has 30 seconds left.
|inactive|Franz Slowdived has 20 seconds left.
|
|t:|1756934126
|move|p2a: Grimmsnarl|Reflect|p2a: Grimmsnarl
|-sidestart|p2: Franz Slowdived|Reflect
|move|p1a: Sneasler|Dire Claw|p2a: Grimmsnarl
|-supereffective|p2a: Grimmsnarl
|-damage|p2a: Grimmsnarl|0 fnt
|faint|p2a: Grimmsnarl
|move|p2b: Volcarona|Heat Wave|p1b: Incineroar|[spread] p1a,p1b
|-damage|p1a: Sneasler|0 fnt
|-damage|p1b: Incineroar|13/100
|faint|p1a: Sneasler
|move|p1b: Incineroar|Knock Off|p2b: Volcarona
|-damage|p2b: Volcarona|57/100
|-enditem|p2b: Volcarona|Sitrus Berry|[from] move: Knock Off|[of] p1b: Incineroar
|
|upkeep
|
|t:|1756934139
|switch|p1a: Amoonguss|Amoonguss, L50, M, shiny|100/100
|switch|p2a: Goodra|Goodra-Hisui, L50, F|100/100
|turn|9
|inactive|Panexeri has 30 seconds left.
|
|t:|1756934165
|move|p2b: Volcarona|Heat Wave|p1a: Amoonguss|[spread] p1b
|-miss|p2b: Volcarona|p1a: Amoonguss
|-damage|p1b: Incineroar|0 fnt
|faint|p1b: Incineroar
|move|p2a: Goodra|Shelter|p2a: Goodra
|-boost|p2a: Goodra|def|2
|move|p1a: Amoonguss|Pollen Puff|p1: Incineroar|[notarget]
|-fail|p1a: Amoonguss
|
|-sideend|p2: Franz Slowdived|move: Light Screen
|upkeep
|turn|10
|-message|Panexeri forfeited.
|
|win|Franz Slowdived
||Panexeri is ready for game 2.
||Franz Slowdived is ready for game 2.
|uhtml|next|Next: Game 2 of 3
