|j|☆CTM_Charion
|j|‽lowk mate
|html|CTM_Charionlowk mate    
|uhtml|bestof|Game 3 of a best-of-3
|t:|1782685532
|gametype|doubles
|player|p1|CTM_Charion|chase|
|player|p2|lowk mate|fisherman-gen4|
|gen|9
|tier|[Gen 9 Champions] VGC 2026 Reg M-B (Bo3)
|rule|Species Clause: Limit one of each Pokémon
|rule|Item Clause: Limit 1 of each item
|clearpoke
|poke|p1|Aerodactyl, L50, F|
|poke|p1|Charizard, L50, M|
|poke|p1|Kingambit, L50, M|
|poke|p1|Garchomp, L50, F|
|poke|p1|Sylveon, L50, M|
|poke|p1|Farigiraf, L50, F|
|poke|p2|Kingambit, L50, M, shiny|
|poke|p2|Whimsicott, L50, M|
|poke|p2|Basculegion, L50, M, shiny|
|poke|p2|Garchomp, L50, F|
|poke|p2|Charizard, L50, F, shiny|
|poke|p2|Floette-Eternal, L50, F|
|teampreview|4
|showteam|p1|Aerodactyl||Aerodactylite|Unnerve|DualWingbeat,IceFang,RockSlide,Tailwind|Jolly||F|||50|]Charizard||CharizarditeY|Blaze|HeatWave,WeatherBall,SolarBeam,Protect|Modest||M|||50|]Kingambit||FocusSash|Defiant|LowKick,IronHead,KowtowCleave,SuckerPunch|Adamant||M|||50|]Garchomp||SoftSand|SandVeil|Protect,DragonClaw,Earthquake,StompingTantrum|Adamant||F|||50|]Sylveon||FairyFeather|Pixilate|HyperVoice,HyperBeam,QuickAttack,Protect|Modest||M|||50|]Farigiraf||SitrusBerry|ArmorTail|Roar,Thunderbolt,TwinBeam,TrickRoom|Quiet||F|||50|
|showteam|p2|Kingambit||BlackGlasses|Defiant|KowtowCleave,SuckerPunch,IronHead,Protect|Adamant||M|||50|]Whimsicott||FocusSash|Prankster|Moonblast,Tailwind,Encore,Protect|Timid||M|||50|]Basculegion||MysticWater|Adaptability|WaveCrash,LastRespects,AquaJet,Protect|Adamant||M|||50|]Garchomp||LifeOrb|RoughSkin|DragonClaw,RockSlide,Earthquake,Protect|Jolly||F|||50|]Charizard||CharizarditeY|Blaze|WeatherBall,HeatWave,SolarBeam,Protect|Modest||F|||50|]Floette-Eternal||Floettite|FlowerVeil|Moonblast,DazzlingGleam,LightofRuin,Protect|Modest||F|||50|
|inactive|Battle timer is ON: inactive players will automatically lose when time's up. (requested by lowk mate)
|inactive|lowk mate has 60 seconds left.
|
|t:|1782685588
|teamsize|p1|4
|teamsize|p2|4
|start
|switch|p1a: Aerodactyl|Aerodactyl, L50, F|100/100
|switch|p1b: Kingambit|Kingambit, L50, M|100/100
|switch|p2a: Whimsicott|Whimsicott, L50, M|100/100
|switch|p2b: Floette|Floette-Eternal, L50, F|100/100
|-ability|p1a: Aerodactyl|Unnerve
|turn|1
|
|t:|1782685604
|move|p2b: Floette|Protect|p2b: Floette
|-singleturn|p2b: Floette|Protect
|move|p2a: Whimsicott|Tailwind|p2a: Whimsicott
|-sidestart|p2: lowk mate|move: Tailwind
|move|p1a: Aerodactyl|Tailwind|p1a: Aerodactyl
|-sidestart|p1: CTM_Charion|move: Tailwind
|move|p1b: Kingambit|Iron Head|p2b: Floette
|-activate|p2b: Floette|move: Protect
|
|upkeep
|turn|2
|
|t:|1782685614
|switch|p1a: Sylveon|Sylveon, L50, M|100/100
|detailschange|p2b: Floette|Floette-Mega, L50, F
|-mega|p2b: Floette|Floette|Floettite
|-ability|p2b: Floette|Fairy Aura
|move|p2a: Whimsicott|Moonblast|p1b: Kingambit
|-damage|p1b: Kingambit|44/100
|move|p2b: Floette|Dazzling Gleam|p1b: Kingambit|[spread] p1a,p1b
|-damage|p1a: Sylveon|59/100
|-damage|p1b: Kingambit|0 fnt
|faint|p1b: Kingambit
|
|upkeep
|
|t:|1782685626
|switch|p1b: Charizard|Charizard, L50, M|100/100
|turn|3
|inactive|CTM_Charion has 30 seconds left.
|
|t:|1782685652
|move|p2a: Whimsicott|Protect|p2a: Whimsicott
|-singleturn|p2a: Whimsicott|Protect
|move|p2b: Floette|Moonblast|p1a: Sylveon
|-damage|p1a: Sylveon|0 fnt
|faint|p1a: Sylveon
|move|p1b: Charizard|Heat Wave|p2b: Floette|[spread] p2b
|-activate|p2a: Whimsicott|move: Protect
|-damage|p2b: Floette|74/100
|
|upkeep
|
|t:|1782685656
|switch|p1a: Aerodactyl|Aerodactyl, L50, F|100/100
|-ability|p1a: Aerodactyl|Unnerve
|turn|4
|
|t:|1782685670
|detailschange|p1b: Charizard|Charizard-Mega-Y, L50, M
|-mega|p1b: Charizard|Charizard|Charizardite Y
|-weather|SunnyDay|[from] ability: Drought|[of] p1b: Charizard
|move|p1a: Aerodactyl|Rock Slide|p2b: Floette|[spread] p2a,p2b
|-damage|p2a: Whimsicott|64/100
|-damage|p2b: Floette|48/100
|move|p2a: Whimsicott|Moonblast|p1a: Aerodactyl
|-damage|p1a: Aerodactyl|40/100
|cant|p2b: Floette|flinch
|move|p1b: Charizard|Heat Wave|p2b: Floette|[spread] p2a,p2b
|-supereffective|p2a: Whimsicott|1
|-damage|p2a: Whimsicott|0 fnt
|-damage|p2b: Floette|0 fnt
|faint|p2a: Whimsicott
|faint|p2b: Floette
|
|-weather|SunnyDay|[upkeep]
|-sideend|p2: lowk mate|move: Tailwind
|-sideend|p1: CTM_Charion|move: Tailwind
|upkeep
|
|t:|1782685682
|switch|p2a: Garchomp|Garchomp, L50, F|100/100
|switch|p2b: Basculegion|Basculegion, L50, M, shiny|100/100
|turn|5
|c|☆CTM_Charion|ggs
|
|t:|1782685705
|move|p2b: Basculegion|Aqua Jet|p1a: Aerodactyl
|-supereffective|p1a: Aerodactyl|1
|-damage|p1a: Aerodactyl|0 fnt
|faint|p1a: Aerodactyl
|move|p2a: Garchomp|Rock Slide|p1b: Charizard
|-supereffective|p1b: Charizard|2
|-damage|p1b: Charizard|0 fnt
|faint|p1b: Charizard
|-damage|p2a: Garchomp|90/100|[from] item: Life Orb
|
|win|lowk mate
