|j|☆mikupagosbeam
|j|☆lolgz
|html|mikupagosbeamlolgz    
|uhtml|bestof|Game 1 of a best-of-3
|t:|1784933992
|gametype|doubles
|player|p1|mikupagosbeam|miku-ground|1206
|player|p2|lolgz|dawn|1346
|gen|9
|tier|[Gen 9 Champions] VGC 2026 Reg M-B (Bo3)
|rated|
|rule|Species Clause: Limit one of each Pokémon
|rule|Item Clause: Limit 1 of each item
|clearpoke
|poke|p1|Tyranitar, L50, F|
|poke|p1|Milotic, L50, F|
|poke|p1|Staraptor, L50, M|
|poke|p1|Gholdengo, L50|
|poke|p1|Excadrill, L50, M|
|poke|p1|Sinistcha, L50|
|poke|p2|Blastoise, L50, F|
|poke|p2|Vivillon, L50, F|
|poke|p2|Farigiraf, L50, M|
|poke|p2|Gallade, L50, M|
|poke|p2|Kingambit, L50, M|
|poke|p2|Camerupt, L50, M|
|teampreview|4
|showteam|p1|Tyranitar||Tyranitarite|SandStream|Protect,RockSlide,KnockOff,HighHorsepower|Jolly||F|||50|]Milotic||SitrusBerry|Competitive|Protect,IcyWind,Scald,Haze|Calm||F|||50|]Staraptor||Staraptite|Intimidate|Protect,BraveBird,CloseCombat,Tailwind|Jolly||M|||50|]Gholdengo||LifeOrb|GoodasGold|Protect,ShadowBall,NastyPlot,MakeItRain|Modest|||||50|]Excadrill||FocusSash|SandRush|Protect,IronHead,RockSlide,Earthquake|Adamant||M|||50|]Sinistcha||ColburBerry|Hospitality|Protect,StrengthSap,RagePowder,MatchaGotcha|Bold|||||50|
|showteam|p2|Blastoise||Blastoisinite|Torrent|WaterSpout,DarkPulse,FakeOut,ShellSmash|Modest||F|||50|]Vivillon||ChoiceScarf|CompoundEyes|SleepPowder,RagePowder,Tailwind,Hurricane|Timid||F|||50|]Farigiraf||SitrusBerry|ArmorTail|TrickRoom,Psychic,HelpingHand,Protect|Relaxed||M|||50|]Gallade||IronBall|Sharpness|SacredSword,PsychoCut,LeafBlade,TrickRoom|Brave||M|||50|]Kingambit||LifeOrb|Defiant|SuckerPunch,KowtowCleave,IronHead,Protect|Brave||M|||50|]Camerupt||Cameruptite|MagmaArmor|HeatWave,EarthPower,AncientPower,Protect|Quiet||M|||50|
|inactive|Battle timer is ON: inactive players will automatically lose when time's up. (requested by lolgz)
|inactive|mikupagosbeam also wants the timer to be on.
|
|t:|1784934007
|teamsize|p1|4
|teamsize|p2|4
|start
|switch|p1a: Tyranitar|Tyranitar, L50, F|100/100
|switch|p1b: Milotic|Milotic, L50, F|100/100
|switch|p2a: Vivillon|Vivillon, L50, F|100/100
|switch|p2b: Blastoise|Blastoise, L50, F|100/100
|-weather|Sandstorm|[from] ability: Sand Stream|[of] p1a: Tyranitar
|turn|1
|
|t:|1784934023
|switch|p1a: Gholdengo|Gholdengo, L50|100/100
|detailschange|p2b: Blastoise|Blastoise-Mega, L50, F
|-mega|p2b: Blastoise|Blastoise|Blastoisinite
|move|p2a: Vivillon|Sleep Powder|p1a: Gholdengo
|-immune|p1a: Gholdengo|[from] ability: Good as Gold
|move|p2b: Blastoise|Shell Smash|p2b: Blastoise
|-unboost|p2b: Blastoise|def|1
|-unboost|p2b: Blastoise|spd|1
|-boost|p2b: Blastoise|atk|2
|-boost|p2b: Blastoise|spa|2
|-boost|p2b: Blastoise|spe|2
|move|p1b: Milotic|Icy Wind|p2a: Vivillon|[spread] p2a,p2b
|-supereffective|p2a: Vivillon|1
|-resisted|p2b: Blastoise|1
|-damage|p2a: Vivillon|65/100
|-damage|p2b: Blastoise|93/100
|-unboost|p2a: Vivillon|spe|1
|-unboost|p2b: Blastoise|spe|1
|
|-weather|Sandstorm|[upkeep]
|-damage|p2b: Blastoise|87/100|[from] Sandstorm
|-damage|p2a: Vivillon|59/100|[from] Sandstorm
|-damage|p1b: Milotic|94/100|[from] Sandstorm
|upkeep
|turn|2
|
|t:|1784934042
|switch|p1a: Tyranitar|Tyranitar, L50, F|100/100
|move|p2b: Blastoise|Dark Pulse|p1a: Tyranitar
|-resisted|p1a: Tyranitar|1
|-damage|p1a: Tyranitar|66/100
|move|p2a: Vivillon|Sleep Powder|p1b: Milotic
|-status|p1b: Milotic|slp|[from] move: Sleep Powder
|cant|p1b: Milotic|slp
|
|-weather|Sandstorm|[upkeep]
|-damage|p2b: Blastoise|80/100|[from] Sandstorm
|-damage|p2a: Vivillon|53/100|[from] Sandstorm
|-damage|p1b: Milotic|88/100 slp|[from] Sandstorm
|upkeep
|turn|3
|
|t:|1784934058
|switch|p1a: Sinistcha|Sinistcha, L50|100/100
|-heal|p1b: Milotic|100/100 slp|[from] ability: Hospitality|[of] p1a: Sinistcha
|move|p2b: Blastoise|Dark Pulse|p1b: Milotic
|-damage|p1b: Milotic|33/100 slp
|-enditem|p1b: Milotic|Sitrus Berry|[eat]
|-heal|p1b: Milotic|57/100 slp|[from] item: Sitrus Berry
|move|p2a: Vivillon|Sleep Powder|p1a: Sinistcha
|-immune|p1a: Sinistcha
|cant|p1b: Milotic|slp
|
|-weather|Sandstorm|[upkeep]
|-damage|p2b: Blastoise|74/100|[from] Sandstorm
|-damage|p2a: Vivillon|47/100|[from] Sandstorm
|-damage|p1b: Milotic|52/100 slp|[from] Sandstorm
|-damage|p1a: Sinistcha|93/100|[from] Sandstorm
|upkeep
|turn|4
|
|t:|1784934074
|switch|p2a: Farigiraf|Farigiraf, L50, M|100/100
|move|p2b: Blastoise|Dark Pulse|p1a: Sinistcha
|-supereffective|p1a: Sinistcha|1
|-enditem|p1a: Sinistcha|Colbur Berry|[eat]
|-enditem|p1a: Sinistcha|Colbur Berry|[weaken]
|-damage|p1a: Sinistcha|0 fnt
|faint|p1a: Sinistcha
|-curestatus|p1b: Milotic|slp|[msg]
|move|p1b: Milotic|Icy Wind|p2b: Blastoise|[spread] p2a
|-miss|p1b: Milotic|p2b: Blastoise
|-damage|p2a: Farigiraf|90/100
|-unboost|p2a: Farigiraf|spe|1
|
|-weather|Sandstorm|[upkeep]
|-damage|p2b: Blastoise|68/100|[from] Sandstorm
|-damage|p1b: Milotic|46/100|[from] Sandstorm
|-damage|p2a: Farigiraf|84/100|[from] Sandstorm
|upkeep
|
|t:|1784934091
|switch|p1a: Tyranitar|Tyranitar, L50, F|66/100
|turn|5
|
|t:|1784934105
|move|p2a: Farigiraf|Protect|p2a: Farigiraf
|-singleturn|p2a: Farigiraf|Protect
|move|p2b: Blastoise|Dark Pulse|p1b: Milotic
|-crit|p1b: Milotic
|-damage|p1b: Milotic|0 fnt
|faint|p1b: Milotic
|move|p1a: Tyranitar|Rock Slide|p2b: Blastoise|[spread] p2b
|-activate|p2a: Farigiraf|move: Protect
|-damage|p2b: Blastoise|29/100
|
|-weather|none
|upkeep
|
|t:|1784934110
|switch|p1b: Gholdengo|Gholdengo, L50|100/100
|turn|6
|
|t:|1784934124
|detailschange|p1a: Tyranitar|Tyranitar-Mega, L50, F
|-mega|p1a: Tyranitar|Tyranitar|Tyranitarite
|-weather|Sandstorm|[from] ability: Sand Stream|[of] p1a: Tyranitar
|move|p2a: Farigiraf|Helping Hand|p2b: Blastoise
|-singleturn|p2b: Blastoise|Helping Hand|[of] p2a: Farigiraf
|move|p1b: Gholdengo|Protect|p1b: Gholdengo
|-singleturn|p1b: Gholdengo|Protect
|move|p2b: Blastoise|Water Spout|p1b: Gholdengo|[spread] p1a
|-activate|p1b: Gholdengo|move: Protect
|-supereffective|p1a: Tyranitar|1
|-damage|p1a: Tyranitar|1/100
|move|p1a: Tyranitar|Rock Slide|p2a: Farigiraf|[spread] p2a,p2b
|-damage|p2a: Farigiraf|59/100
|-damage|p2b: Blastoise|0 fnt
|faint|p2b: Blastoise
|
|-weather|Sandstorm|[upkeep]
|-damage|p2a: Farigiraf|52/100|[from] Sandstorm
|upkeep
|
|t:|1784934131
|switch|p2b: Vivillon|Vivillon, L50, F|47/100
|turn|7
|
|t:|1784934138
|move|p1a: Tyranitar|Protect|p1a: Tyranitar
|-singleturn|p1a: Tyranitar|Protect
|move|p2b: Vivillon|Hurricane|p1a: Tyranitar
|-activate|p1a: Tyranitar|move: Protect
|move|p1b: Gholdengo|Make It Rain|p2b: Vivillon|[spread] p2a,p2b
|-damage|p2a: Farigiraf|0 fnt
|-damage|p2b: Vivillon|0 fnt
|-unboost|p1b: Gholdengo|spa|2
|faint|p2a: Farigiraf
|faint|p2b: Vivillon
|-damage|p1b: Gholdengo|90/100|[from] item: Life Orb
|
|-weather|Sandstorm|[upkeep]
|upkeep
|
|t:|1784934141
|switch|p2b: Gallade|Gallade, L50, M|100/100
|turn|8
|
|t:|1784934153
|move|p1a: Tyranitar|Knock Off|p2b: Gallade
|-damage|p2b: Gallade|13/100
|-enditem|p2b: Gallade|Iron Ball|[from] move: Knock Off|[of] p1a: Tyranitar
|move|p1b: Gholdengo|Nasty Plot|p1b: Gholdengo
|-boost|p1b: Gholdengo|spa|2
|move|p2b: Gallade|Sacred Sword|p1a: Tyranitar
|-supereffective|p1a: Tyranitar|2
|-damage|p1a: Tyranitar|0 fnt
|faint|p1a: Tyranitar
|
|-weather|Sandstorm|[upkeep]
|-damage|p2b: Gallade|8/100|[from] Sandstorm
|upkeep
|turn|9
|-message|lolgz forfeited.
|
|win|mikupagosbeam
