|j|☆viatles
|j|☆Grackles4
|html|viatlesGrackles4    
|uhtml|bestof|Game 1 of a best-of-3
|t:|1756934349
|gametype|doubles
|player|p1|viatles|hiker|1076
|player|p2|Grackles4|265|1082
|gen|9
|tier|[Gen 9] VGC 2025 Reg H (Bo3)
|rated|
|rule|Species Clause: Limit one of each Pokémon
|rule|Item Clause: Limit 1 of each item
|clearpoke
|poke|p1|Serperior, L50, M|
|poke|p1|Grimmsnarl, L50, M|
|poke|p1|Empoleon, L50, M|
|poke|p1|Garchomp, L50, M|
|poke|p1|Araquanid, L50, F|
|poke|p1|Garganacl, L50, M|
|poke|p2|Incineroar, L50, F|
|poke|p2|Amoonguss, L50, M|
|poke|p2|Ursaluna, L50, F|
|poke|p2|Gholdengo, L50|
|poke|p2|Flamigo, L50, F|
|poke|p2|Farigiraf, L50, F|
|teampreview|4
|showteam|p1|Serperior||CovertCloak|Contrary|Protect,LeafStorm,TeraBlast,GrassPledge|||M|||50|,,,,,Stellar]Grimmsnarl||LightClay|Prankster|LightScreen,Reflect,SpiritBreak,ThunderWave|||M|||50|,,,,,Ghost]Empoleon||ChopleBerry|Competitive|WaterPledge,FlashCannon,Haze,Protect|||M|||50|,,,,,Grass]Garchomp||LoadedDice|RoughSkin|ScaleShot,Earthquake,IronHead,Protect|||M|||50|,,,,,Steel]Araquanid||SafetyGoggles|WaterBubble|WideGuard,Protect,Liquidation,Infestation|||F|||50|,,,,,Grass]Garganacl||Leftovers|PurifyingSalt|SaltCure,Recover,Protect,ThunderPunch|||M|||50|,,,,,Water
|showteam|p2|Incineroar||SitrusBerry|Intimidate|KnockOff,FlareBlitz,PartingShot,FakeOut|||F|||50|,,,,,Grass]Amoonguss||MentalHerb|Regenerator|Spore,RagePowder,PollenPuff,SludgeBomb|||M|||50|,,,,,Water]Ursaluna||FlameOrb|Guts|Facade,HeadlongRush,Earthquake,Protect|||F|||50|,,,,,Normal]Gholdengo||LifeOrb|GoodasGold|MakeItRain,ShadowBall,NastyPlot,Protect||||||50|,,,,,Dragon]Flamigo||FocusSash|Scrappy|CloseCombat,BraveBird,WideGuard,Protect|||F|||50|,,,,,Ghost]Farigiraf||ThroatSpray|ArmorTail|TrickRoom,HyperVoice,Psychic,Protect|||F|||50|,,,,,Grass
|c|☆viatles|gl hf
|inactive|Battle timer is ON: inactive players will automatically lose when time's up. (requested by viatles)
|inactive|Grackles4 has 60 seconds left.
|inactive|Grackles4 has 30 seconds left.
|inactive|Grackles4 has 20 seconds left.
|
|t:|1756934427
|teamsize|p1|4
|teamsize|p2|4
|start
|switch|p1a: Serperior|Serperior, L50, M|100/100
|switch|p1b: Empoleon|Empoleon, L50, M|100/100
|switch|p2a: Gholdengo|Gholdengo, L50, shiny|100/100
|switch|p2b: Flamigo|Flamigo, L50, F, shiny|100/100
|turn|1
|
|t:|1756934447
|switch|p2b: Farigiraf|Farigiraf, L50, F|100/100
|move|p1a: Serperior|Protect|p1a: Serperior
|-singleturn|p1a: Serperior|Protect
|move|p2a: Gholdengo|Nasty Plot|p2a: Gholdengo
|-boost|p2a: Gholdengo|spa|2
|move|p1b: Empoleon|Flash Cannon|p2b: Farigiraf
|-damage|p2b: Farigiraf|66/100
|-unboost|p2b: Farigiraf|spd|1
|
|upkeep
|turn|2
|inactive|Grackles4 has 30 seconds left.
|inactive|Grackles4 has 20 seconds left.
|inactive|Grackles4 has 15 seconds left.
|
|t:|1756934488
|move|p2b: Farigiraf|Protect|p2b: Farigiraf
|-singleturn|p2b: Farigiraf|Protect
|move|p1a: Serperior|Grass Pledge|p2b: Farigiraf
|-waiting|p1a: Serperior|p1b: Empoleon
|move|p1b: Empoleon|Water Pledge|p2a: Gholdengo|[from] move: Grass Pledge
|-combine
|-resisted|p2a: Gholdengo
|-damage|p2a: Gholdengo|67/100
|-sidestart|p2: Grackles4|Grass Pledge
|move|p2a: Gholdengo|Shadow Ball|p1b: Empoleon
|-damage|p1b: Empoleon|0 fnt
|faint|p1b: Empoleon
|-damage|p2a: Gholdengo|58/100|[from] item: Life Orb
|
|upkeep
|
|t:|1756934505
|switch|p1b: Garchomp|Garchomp, L50, M|100/100
|turn|3
|
|t:|1756934517
|-terastallize|p2b: Farigiraf|Grass
|move|p1a: Serperior|Protect|p1a: Serperior
|-singleturn|p1a: Serperior|Protect
|move|p2a: Gholdengo|Protect|p2a: Gholdengo
|-singleturn|p2a: Gholdengo|Protect
|move|p1b: Garchomp|Earthquake|p2a: Gholdengo|[spread] p2b
|-activate|p1a: Serperior|move: Protect
|-activate|p2a: Gholdengo|move: Protect
|-resisted|p2b: Farigiraf
|-damage|p2b: Farigiraf|48/100
|move|p2b: Farigiraf|Trick Room|p2b: Farigiraf
|-fieldstart|move: Trick Room|[of] p2b: Farigiraf
|
|upkeep
|turn|4
|inactive|viatles has 30 seconds left.
|inactive|Grackles4 has 30 seconds left.
|inactive|Grackles4 has 20 seconds left.
|inactive|Grackles4 has 15 seconds left.
|
|t:|1756934559
|switch|p1a: Araquanid|Araquanid, L50, F|100/100
|move|p1b: Garchomp|Protect|p1b: Garchomp
|-singleturn|p1b: Garchomp|Protect
|move|p2b: Farigiraf|Hyper Voice|p1b: Garchomp|[spread] p1a
|-activate|p1b: Garchomp|move: Protect
|-damage|p1a: Araquanid|72/100
|-enditem|p2b: Farigiraf|Throat Spray
|-boost|p2b: Farigiraf|spa|1|[from] item: Throat Spray
|move|p2a: Gholdengo|Make It Rain|p1b: Garchomp|[spread] p1a
|-activate|p1b: Garchomp|move: Protect
|-resisted|p1a: Araquanid
|-damage|p1a: Araquanid|21/100
|-unboost|p2a: Gholdengo|spa|1
|-damage|p2a: Gholdengo|48/100|[from] item: Life Orb
|
|upkeep
|turn|5
|inactive|Grackles4 has 30 seconds left.
|
|t:|1756934588
|move|p1a: Araquanid|Wide Guard|p1a: Araquanid
|-singleturn|p1a: Araquanid|Wide Guard
|move|p2b: Farigiraf|Psychic|p1b: Garchomp
|-damage|p1b: Garchomp|30/100
|move|p2a: Gholdengo|Shadow Ball|p1b: Garchomp
|-damage|p1b: Garchomp|0 fnt
|faint|p1b: Garchomp
|-damage|p2a: Gholdengo|39/100|[from] item: Life Orb
|
|-sideend|p2: Grackles4|Grass Pledge
|upkeep
|
|t:|1756934599
|switch|p1b: Serperior|Serperior, L50, M|100/100
|turn|6
|
|t:|1756934613
|-terastallize|p1b: Serperior|Stellar
|move|p2a: Gholdengo|Protect|p2a: Gholdengo
|-singleturn|p2a: Gholdengo|Protect
|move|p1a: Araquanid|Wide Guard|p1a: Araquanid
|-singleturn|p1a: Araquanid|Wide Guard
|move|p2b: Farigiraf|Psychic|p1b: Serperior
|-crit|p1b: Serperior
|-damage|p1b: Serperior|0 fnt
|faint|p1b: Serperior
|
|upkeep
|turn|7
|
|t:|1756934635
|move|p1a: Araquanid|Liquidation|p2a: Gholdengo
|-damage|p2a: Gholdengo|0 fnt
|faint|p2a: Gholdengo
|move|p2b: Farigiraf|Psychic|p1a: Araquanid
|-damage|p1a: Araquanid|0 fnt
|faint|p1a: Araquanid
|
|win|Grackles4
||viatles is ready for game 2.
