|j|☆Bass pro stan
|j|☆Cyog
|html|Bass pro stanCyog    
|uhtml|bestof|Game 2 of a best-of-3
|t:|1755115692
|gametype|doubles
|player|p1|Bass pro stan|fisherman-gen4|1176
|player|p2|Cyog|2|1191
|gen|9
|tier|[Gen 9] VGC 2025 Reg H (Bo3)
|rated|
|rule|Species Clause: Limit one of each Pokémon
|rule|Item Clause: Limit 1 of each item
|clearpoke
|poke|p1|Toxicroak, L50, M|
|poke|p1|Grimmsnarl, L50, M|
|poke|p1|Politoed, L50, F|
|poke|p1|Incineroar, L50, M|
|poke|p1|Basculegion, L50, M|
|poke|p1|Archaludon, L50, M|
|poke|p2|Pelipper, L50, F|
|poke|p2|Basculegion, L50, M|
|poke|p2|Archaludon, L50, F|
|poke|p2|Amoonguss, L50, F|
|poke|p2|Incineroar, L50, F|
|poke|p2|Kingambit, L50, F|
|teampreview|4
|showteam|p1|Toxicroak||AssaultVest|DrySkin|CloseCombat,SuckerPunch,FakeOut,GunkShot|||M|||50|,,,,,Dark]Grimmsnarl||LightClay|Prankster|Reflect,LightScreen,SpiritBreak,MistyTerrain|||M|||50|,,,,,Ghost]Politoed||DampRock|Drizzle|RainDance,WeatherBall,EarthPower,Protect|||F|||50|,,,,,Grass]Incineroar||CovertCloak|Intimidate|FakeOut,KnockOff,WillOWisp,PartingShot|||M|||50|,,,,,Bug]Basculegion||SitrusBerry|SwiftSwim|FlipTurn,LastRespects,Waterfall,Protect|||M|||50|,,,,,Ghost]Archaludon||PowerHerb|Stalwart|ElectroShot,AuraSphere,FlashCannon,Protect|||M|||50|,,,,,Bug
|showteam|p2|Pelipper||FocusSash|Drizzle|Hurricane,WeatherBall,Tailwind,Protect|||F|||50|,,,,,Stellar]Basculegion||ChoiceBand|SwiftSwim|WaveCrash,FlipTurn,AquaJet,LastRespects|||M|||50|,,,,,Water]Archaludon||AssaultVest|Stamina|ElectroShot,DracoMeteor,FlashCannon,BodyPress|||F|||50|,,,,,Grass]Amoonguss||SitrusBerry|Regenerator|Spore,RagePowder,PollenPuff,Protect|||F|||50|,,,,,Fairy]Incineroar||SafetyGoggles|Intimidate|FakeOut,KnockOff,Taunt,PartingShot|||F|||50|,,,,,Ghost]Kingambit||BlackGlasses|Defiant|KowtowCleave,SuckerPunch,SwordsDance,Protect|||F|||50|,,,,,Dark
|inactive|Battle timer is ON: inactive players will automatically lose when time's up. (requested by Bass pro stan)
|
|t:|1755115719
|teamsize|p1|4
|teamsize|p2|4
|start
|switch|p1a: Toxicroak|Toxicroak, L50, M|100/100
|switch|p1b: Archaludon|Archaludon, L50, M|100/100
|switch|p2a: Incineroar|Incineroar, L50, F|100/100
|switch|p2b: Kingambit|Kingambit, L50, F|100/100
|-ability|p2a: Incineroar|Intimidate|boost
|-unboost|p1a: Toxicroak|atk|1
|-unboost|p1b: Archaludon|atk|1
|turn|1
|inactive|Bass pro stan has 30 seconds left.
|inactive|Cyog has 30 seconds left.
|inactive|Bass pro stan has 20 seconds left.
|inactive|Bass pro stan has 15 seconds left.
|
|t:|1755115763
|move|p1a: Toxicroak|Fake Out|p2b: Kingambit
|-resisted|p2b: Kingambit
|-damage|p2b: Kingambit|97/100
|move|p2a: Incineroar|Fake Out|p1a: Toxicroak
|-damage|p1a: Toxicroak|86/100
|move|p1b: Archaludon|Electro Shot||[still]
|-prepare|p1b: Archaludon|Electro Shot
|-boost|p1b: Archaludon|spa|1
|-enditem|p1b: Archaludon|Power Herb
|-anim|p1b: Archaludon|Electro Shot|p2a: Incineroar
|-damage|p2a: Incineroar|48/100
|cant|p2b: Kingambit|flinch
|
|upkeep
|turn|2
|inactive|Bass pro stan has 30 seconds left.
|inactive|Cyog has 30 seconds left.
|inactive|Bass pro stan has 20 seconds left.
|
|t:|1755115803
|switch|p2b: Amoonguss|Amoonguss, L50, F|100/100
|move|p1b: Archaludon|Aura Sphere|p2b: Amoonguss
|-resisted|p2b: Amoonguss
|-damage|p2b: Amoonguss|84/100
|move|p1a: Toxicroak|Close Combat|p2a: Incineroar
|-supereffective|p2a: Incineroar
|-damage|p2a: Incineroar|0 fnt
|-unboost|p1a: Toxicroak|def|1
|-unboost|p1a: Toxicroak|spd|1
|faint|p2a: Incineroar
|
|upkeep
|
|t:|1755115824
|switch|p2a: Kingambit|Kingambit, L50, F|97/100
|turn|3
|inactive|Bass pro stan has 30 seconds left.
|
|t:|1755115852
|move|p2b: Amoonguss|Rage Powder|p2b: Amoonguss
|-singleturn|p2b: Amoonguss|move: Rage Powder
|move|p1a: Toxicroak|Gunk Shot|p2b: Amoonguss
|-damage|p2b: Amoonguss|50/100
|-enditem|p2b: Amoonguss|Sitrus Berry|[eat]
|-heal|p2b: Amoonguss|75/100|[from] item: Sitrus Berry
|move|p1b: Archaludon|Flash Cannon|p2b: Amoonguss
|-damage|p2b: Amoonguss|23/100
|move|p2a: Kingambit|Kowtow Cleave|p1a: Toxicroak
|-resisted|p1a: Toxicroak
|-damage|p1a: Toxicroak|15/100
|
|upkeep
|turn|4
|inactive|Bass pro stan has 30 seconds left.
|inactive|Cyog has 30 seconds left.
|inactive|Cyog has 20 seconds left.
|
|t:|1755115888
|switch|p2b: Archaludon|Archaludon, L50, F|100/100
|move|p2a: Kingambit|Sucker Punch|p1a: Toxicroak
|-resisted|p1a: Toxicroak
|-damage|p1a: Toxicroak|0 fnt
|faint|p1a: Toxicroak
|move|p1b: Archaludon|Aura Sphere|p2a: Kingambit
|-supereffective|p2a: Kingambit
|-damage|p2a: Kingambit|0 fnt
|faint|p2a: Kingambit
|
|upkeep
|
|t:|1755115903
|switch|p1a: Grimmsnarl|Grimmsnarl, L50, M|100/100
|switch|p2a: Amoonguss|Amoonguss, L50, F|56/100
|turn|5
|inactive|Cyog has 30 seconds left.
|inactive|Cyog has 20 seconds left.
|inactive|Cyog has 15 seconds left.
|inactive|Cyog has 10 seconds left.
|
|t:|1755115949
|move|p1b: Archaludon|Flash Cannon|p2a: Amoonguss
|-damage|p2a: Amoonguss|8/100
|move|p2b: Archaludon|Flash Cannon|p1a: Grimmsnarl
|-supereffective|p1a: Grimmsnarl
|-damage|p1a: Grimmsnarl|25/100
|move|p1a: Grimmsnarl|Spirit Break|p2a: Amoonguss
|-resisted|p2a: Amoonguss
|-damage|p2a: Amoonguss|0 fnt
|faint|p2a: Amoonguss
|
|upkeep
|turn|6
|
|t:|1755115961
|move|p1a: Grimmsnarl|Light Screen|p1a: Grimmsnarl
|-sidestart|p1: Bass pro stan|move: Light Screen
|move|p1b: Archaludon|Aura Sphere|p2b: Archaludon
|-supereffective|p2b: Archaludon
|-damage|p2b: Archaludon|42/100
|-ability|p2b: Archaludon|Stamina|boost
|-boost|p2b: Archaludon|def|1
|move|p2b: Archaludon|Flash Cannon|p1a: Grimmsnarl
|-supereffective|p1a: Grimmsnarl
|-damage|p1a: Grimmsnarl|0 fnt
|faint|p1a: Grimmsnarl
|
|upkeep
|
|t:|1755115971
|switch|p1a: Basculegion|Basculegion, L50, M|100/100
|turn|7
|
|t:|1755115976
|-terastallize|p1a: Basculegion|Ghost
|-terastallize|p2b: Archaludon|Grass
|move|p1b: Archaludon|Aura Sphere|p2b: Archaludon
|-damage|p2b: Archaludon|13/100
|-ability|p2b: Archaludon|Stamina|boost
|-boost|p2b: Archaludon|def|1
|move|p1a: Basculegion|Last Respects|p2b: Archaludon
|-damage|p2b: Archaludon|0 fnt
|faint|p2b: Archaludon
|
|win|Bass pro stan
|raw|Bass pro stan's rating: 1176 → 1202(+26 for winning)
|raw|Cyog's rating: 1191 → 1165(-26 for losing)
|l|☆Cyog
|player|p2|
