|j|☆DrChunkalicious
|j|☆furutori
|html|DrChunkaliciousfurutori    
|uhtml|bestof|Game 1 of a best-of-3
|t:|1783638352
|gametype|doubles
|player|p1|DrChunkalicious|scientist-gen4|
|player|p2|furutori|roxie|
|gen|9
|tier|[Gen 9 Champions] VGC 2026 Reg M-B (Bo3)
|rule|Species Clause: Limit one of each Pokémon
|rule|Item Clause: Limit 1 of each item
|clearpoke
|poke|p1|Raichu, L50, F, shiny|
|poke|p1|Sinistcha-Masterpiece, L50, shiny|
|poke|p1|Sneasler, L50, M, shiny|
|poke|p1|Primarina, L50, M, shiny|
|poke|p1|Gengar, L50, F, shiny|
|poke|p1|Ditto, L50, shiny|
|poke|p2|Froslass, L50, F|
|poke|p2|Gholdengo, L50|
|poke|p2|Kingambit, L50, F|
|poke|p2|Incineroar, L50, M|
|poke|p2|Basculegion, L50, M|
|poke|p2|Arcanine-Hisui, L50, F|
|teampreview|4
|showteam|p1|Raichu||RaichuniteY|LightningRod|ZapCannon,FocusBlast,Surf,NastyPlot|Timid||F|||50|]Sinistcha-Masterpiece||Leftovers|Hospitality|RagePowder,MatchaGotcha,Hex,LifeDew|Bold|||||50|]Sneasler||WhiteHerb|Unburden|Acrobatics,CloseCombat,DireClaw,FakeOut|Adamant||M|||50|]Primarina||ShedShell|LiquidVoice|PerishSong,HyperVoice,Moonblast,IceBeam|Modest||M|||50|]Gengar||Gengarite|CursedBody|DestinyBond,DarkPulse,SludgeWave,ShadowBall|Timid||F|||50|]Ditto||ChoiceScarf|Imposter|Transform|Bold|||||50|
|showteam|p2|Froslass||Froslassite|CursedBody|Blizzard,ShadowBall,AuroraVeil,Protect|Timid||F|||50|]Gholdengo||LifeOrb|GoodasGold|MakeItRain,ShadowBall,NastyPlot,Protect|Timid|||||50|]Kingambit||BlackGlasses|Defiant|KowtowCleave,SwordsDance,SuckerPunch,Protect|Adamant||F|||50|]Incineroar||SitrusBerry|Intimidate|FlareBlitz,FakeOut,ThroatChop,PartingShot|Impish||M|||50|]Basculegion||MysticWater|Adaptability|WaveCrash,AquaJet,LastRespects,Protect|Adamant||M|||50|]Arcanine-Hisui||FocusSash|RockHead|FlareBlitz,HeadSmash,RockSlide,Protect|Jolly||F|||50|
|
|t:|1783638402
|teamsize|p1|4
|teamsize|p2|4
|start
|switch|p1a: Spatk. go brrrr|Raichu, L50, F, shiny|100/100
|switch|p1b: Yoinked|Ditto, L50, shiny|100/100
|switch|p2a: Sazare|Froslass, L50, F|100/100
|switch|p2b: Kattz|Kingambit, L50, F|100/100
|-transform|p1b: Yoinked|p2a: Sazare|[from] ability: Imposter
|turn|1
|
|t:|1783638415
|switch|p1b: Salon|Sneasler, L50, M, shiny|100/100
|detailschange|p1a: Spatk. go brrrr|Raichu-Mega-Y, L50, F, shiny
|-mega|p1a: Spatk. go brrrr|Raichu|Raichunite Y
|detailschange|p2a: Sazare|Froslass-Mega, L50, F
|-mega|p2a: Sazare|Froslass|Froslassite
|-weather|Snowscape|[from] ability: Snow Warning|[of] p2a: Sazare
|move|p2b: Kattz|Protect|p2b: Kattz
|-singleturn|p2b: Kattz|Protect
|move|p1a: Spatk. go brrrr|Focus Blast|p2b: Kattz
|-activate|p2b: Kattz|move: Protect
|move|p2a: Sazare|Aurora Veil|p2a: Sazare
|-sidestart|p2: furutori|move: Aurora Veil
|
|-weather|Snowscape|[upkeep]
|upkeep
|turn|2
|l|☆DrChunkalicious
|player|p1|
|j|☆DrChunkalicious
|player|p1|DrChunkalicious|scientist-gen4|
|c|☆DrChunkalicious|internet moment
|
|t:|1783638455
|move|p1b: Salon|Fake Out|p2b: Kattz
|-resisted|p2b: Kattz|1
|-damage|p2b: Kattz|96/100
|cant|p2b: Kattz|flinch
|move|p1a: Spatk. go brrrr|Focus Blast|p2b: Kattz
|-supereffective|p2b: Kattz|2
|-damage|p2b: Kattz|0 fnt
|faint|p2b: Kattz
|move|p2a: Sazare|Blizzard|p1a: Spatk. go brrrr|[spread] p1a,p1b
|-damage|p1a: Spatk. go brrrr|40/100
|-damage|p1b: Salon|45/100
|
|-weather|Snowscape|[upkeep]
|upkeep
|
|t:|1783638463
|switch|p2b: Potpot|Gholdengo, L50|100/100
|turn|3
|c|☆furutori|why do i choose to throw
|
|t:|1783638496
|move|p1a: Spatk. go brrrr|Zap Cannon|p2b: Potpot
|-damage|p2b: Potpot|41/100
|-status|p2b: Potpot|par
|move|p2a: Sazare|Blizzard|p1b: Salon|[spread] p1a,p1b
|-damage|p1a: Spatk. go brrrr|0 fnt
|-damage|p1b: Salon|0 fnt
|faint|p1a: Spatk. go brrrr
|faint|p1b: Salon
|move|p2b: Potpot|Nasty Plot|p2b: Potpot
|-boost|p2b: Potpot|spa|2
|
|-weather|Snowscape|[upkeep]
|upkeep
|
|t:|1783638506
|switch|p1a: Yoinked|Ditto, L50, shiny|100/100
|switch|p1b: Antique|Sinistcha-Masterpiece, L50, shiny|100/100
|-transform|p1a: Yoinked|p2b: Potpot|[from] ability: Imposter
|turn|4
|
|t:|1783638528
|move|p2b: Potpot|Protect|p2b: Potpot
|-singleturn|p2b: Potpot|Protect
|move|p1a: Yoinked|Make It Rain|p2b: Potpot|[spread] p2a
|-activate|p2b: Potpot|move: Protect
|-supereffective|p2a: Sazare|1
|-damage|p2a: Sazare|0 fnt
|-unboost|p1a: Yoinked|spa|2
|faint|p2a: Sazare
|move|p1b: Antique|Hex|p2b: Potpot
|-activate|p2b: Potpot|move: Protect
|
|-weather|Snowscape|[upkeep]
|upkeep
|
|t:|1783638539
|switch|p2a: Cineroar|Incineroar, L50, M|100/100
|-ability|p2a: Cineroar|Intimidate|boost
|-unboost|p1a: Yoinked|atk|1
|-unboost|p1b: Antique|atk|1
|turn|5
|
|t:|1783638562
|move|p1a: Yoinked|Make It Rain|p2a: Cineroar|[spread] p2b
|-miss|p1a: Yoinked|p2a: Cineroar
|-resisted|p2b: Potpot|1
|-damage|p2b: Potpot|21/100 par
|-unboost|p1a: Yoinked|spa|2
|move|p2a: Cineroar|Flare Blitz|p1a: Yoinked
|-supereffective|p1a: Yoinked|1
|-damage|p1a: Yoinked|0 fnt
|faint|p1a: Yoinked
|-damage|p2a: Cineroar|74/100|[from] Recoil
|move|p1b: Antique|Matcha Gotcha|p2a: Cineroar|[spread] p2a,p2b
|-resisted|p2a: Cineroar|1
|-resisted|p2b: Potpot|1
|-damage|p2a: Cineroar|67/100
|-damage|p2b: Potpot|12/100 par
|cant|p2b: Potpot|par
|
|-weather|none
|-sideend|p2: furutori|move: Aurora Veil
|upkeep
|turn|6
|
|t:|1783638580
|move|p2a: Cineroar|Flare Blitz|p1b: Antique
|-supereffective|p1b: Antique|1
|-damage|p1b: Antique|34/100
|-damage|p2a: Cineroar|48/100|[from] Recoil
|-enditem|p2a: Cineroar|Sitrus Berry|[eat]
|-heal|p2a: Cineroar|73/100|[from] item: Sitrus Berry
|move|p1b: Antique|Matcha Gotcha|p2a: Cineroar|[spread] p2a,p2b
|-resisted|p2a: Cineroar|1
|-resisted|p2b: Potpot|1
|-crit|p2b: Potpot
|-damage|p2a: Cineroar|62/100
|-heal|p1b: Antique|41/100|[from] drain|[of] p2a: Cineroar
|-damage|p2b: Potpot|0 fnt
|-heal|p1b: Antique|46/100|[from] drain|[of] p2b: Potpot
|faint|p2b: Potpot
|
|-heal|p1b: Antique|52/100|[from] item: Leftovers
|upkeep
|turn|7
|c|☆DrChunkalicious|gg
|
|t:|1783638594
|move|p2a: Cineroar|Flare Blitz|p1b: Antique
|-supereffective|p1b: Antique|1
|-damage|p1b: Antique|0 fnt
|faint|p1b: Antique
|-damage|p2a: Cineroar|47/100|[from] Recoil
|
|win|furutori
|c|☆furutori|gg
||furutori is ready for game 2.
||DrChunkalicious is ready for game 2.
|uhtml|next|Next: Game 2 of 3
