|j|☆TreTrainer5252
|j|☆MrPhoenixGC
|html|TreTrainer5252MrPhoenixGC    
|uhtml|bestof|Game 1 of a best-of-3
|t:|1756836748
|gametype|doubles
|player|p1|TreTrainer5252|linebacker|1071
|player|p2|MrPhoenixGC|steven|1158
|gen|9
|tier|[Gen 9] VGC 2025 Reg H (Bo3)
|rated|
|rule|Species Clause: Limit one of each Pokémon
|rule|Item Clause: Limit 1 of each item
|clearpoke
|poke|p1|Maushold-Four, L50|
|poke|p1|Primarina, L50, F|
|poke|p1|Archaludon, L50, M|
|poke|p1|Annihilape, L50, M|
|poke|p1|Amoonguss, L50, M|
|poke|p1|Incineroar, L50, M|
|poke|p2|Gholdengo, L50|
|poke|p2|Pelipper, L50, F|
|poke|p2|Archaludon, L50, F|
|poke|p2|Ursaluna, L50, M|
|poke|p2|Dragonite, L50, M|
|poke|p2|Sinistcha, L50|
|teampreview|4
|showteam|p1|Maushold-Four||FocusSash|FriendGuard|BeatUp,Protect,FollowMe,PopulationBomb||||||50|,,,,,Ghost]Primarina||ThroatSpray|LiquidVoice|Haze,Protect,Moonblast,HyperVoice|||F|||50|,,,,,Grass]Archaludon||PowerHerb|Stamina|Snarl,BodyPress,ElectroShot,FlashCannon|||M|||50|,,,,,Fairy]Annihilape||Leftovers|Defiant|Protect,RageFist,DrainPunch,FinalGambit|||M|||50|,,,,,Fire]Amoonguss||SitrusBerry|Regenerator|Spore,Protect,PollenPuff,RagePowder|||M|||50|,,,,,Water]Incineroar||AssaultVest|Intimidate|Uturn,KnockOff,FlareBlitz,FakeOut|||M|||50|,,,,,Grass
|showteam|p2|Gholdengo||ChoiceScarf|GoodasGold|MakeItRain,ShadowBall,Trick,Protect||||||50|,,,,,Steel]Pelipper||FocusSash|Drizzle|Protect,MuddyWater,Hurricane,WideGuard|||F|||50|,,,,,Ghost]Archaludon||AssaultVest|Stamina|BodyPress,Snarl,ElectroShot,FlashCannon|||F|||50|,,,,,Bug]Ursaluna||FlameOrb|Guts|Protect,Facade,Earthquake,HeadlongRush|||M|||50|,,,,,Ghost]Dragonite||LoadedDice|Multiscale|ScaleShot,Haze,Tailwind,Protect|||M|||50|,,,,,Fairy]Sinistcha||SitrusBerry|Hospitality|TrickRoom,MatchaGotcha,LifeDew,RagePowder||||||50|,,,,,Dark
|inactive|Battle timer is ON: inactive players will automatically lose when time's up. (requested by TreTrainer5252)
|
|t:|1756836766
|teamsize|p1|4
|teamsize|p2|4
|start
|switch|p1a: Reunion|Maushold-Four, L50|100/100
|switch|p1b: Pazoo|Annihilape, L50, M, shiny|100/100
|switch|p2a: Pelipper|Pelipper, L50, F|100/100
|switch|p2b: Dragonite|Dragonite, L50, M|100/100
|-weather|RainDance|[from] ability: Drizzle|[of] p2a: Pelipper
|turn|1
|
|t:|1756836785
|move|p2b: Dragonite|Tailwind|p2b: Dragonite
|-sidestart|p2: MrPhoenixGC|move: Tailwind
|move|p2a: Pelipper|Muddy Water|p1a: Reunion|[spread] p1a,p1b
|-damage|p1a: Reunion|57/100
|-damage|p1b: Pazoo|73/100
|-unboost|p1b: Pazoo|accuracy|1
|-ability|p1b: Pazoo|Defiant|boost
|-boost|p1b: Pazoo|atk|2
|move|p1a: Reunion|Beat Up|p1b: Pazoo
|-damage|p1b: Pazoo|72/100
|-crit|p1b: Pazoo
|-damage|p1b: Pazoo|69/100
|-damage|p1b: Pazoo|67/100
|-damage|p1b: Pazoo|65/100
|-hitcount|p1b: Pazoo|4
|move|p1b: Pazoo|Rage Fist|p2b: Dragonite
|-damage|p2b: Dragonite|0 fnt
|faint|p2b: Dragonite
|
|-weather|RainDance|[upkeep]
|-heal|p1b: Pazoo|72/100|[from] item: Leftovers
|upkeep
|
|t:|1756836806
|switch|p2b: Archaludon|Archaludon, L50, F|100/100
|turn|2
|
|t:|1756836819
|move|p1a: Reunion|Follow Me|p1a: Reunion
|-singleturn|p1a: Reunion|move: Follow Me
|move|p2b: Archaludon|Electro Shot||[still]
|-prepare|p2b: Archaludon|Electro Shot
|-boost|p2b: Archaludon|spa|1
|-anim|p2b: Archaludon|Electro Shot|p1a: Reunion
|-damage|p1a: Reunion|1/100
|move|p2a: Pelipper|Hurricane|p1a: Reunion
|-damage|p1a: Reunion|0 fnt
|faint|p1a: Reunion
|move|p1b: Pazoo|Rage Fist|p2b: Archaludon
|-damage|p2b: Archaludon|0 fnt
|faint|p2b: Archaludon
|
|-weather|RainDance|[upkeep]
|-heal|p1b: Pazoo|78/100|[from] item: Leftovers
|upkeep
|
|t:|1756836837
|switch|p1a: Seeyuh II|Primarina, L50, F, shiny|100/100
|switch|p2b: Sinistcha|Sinistcha, L50|100/100
|turn|3
|inactive|MrPhoenixGC has 30 seconds left.
|
|t:|1756836862
|-terastallize|p2b: Sinistcha|Dark
|move|p2a: Pelipper|Hurricane|p1b: Pazoo
|-supereffective|p1b: Pazoo
|-damage|p1b: Pazoo|0 fnt
|faint|p1b: Pazoo
|move|p2b: Sinistcha|Matcha Gotcha|p1a: Seeyuh II
|-supereffective|p1a: Seeyuh II
|-damage|p1a: Seeyuh II|48/100
|move|p1a: Seeyuh II|Hyper Voice|p2b: Sinistcha|[spread] p2a,p2b
|-resisted|p2a: Pelipper
|-damage|p2a: Pelipper|59/100
|-damage|p2b: Sinistcha|55/100
|-enditem|p1a: Seeyuh II|Throat Spray
|-boost|p1a: Seeyuh II|spa|1|[from] item: Throat Spray
|
|-weather|RainDance|[upkeep]
|upkeep
|
|t:|1756836873
|switch|p1b: Amoonguss|Amoonguss, L50, M, shiny|100/100
|turn|4
|
|t:|1756836887
|move|p1a: Seeyuh II|Protect|p1a: Seeyuh II
|-singleturn|p1a: Seeyuh II|Protect
|move|p2a: Pelipper|Hurricane|p1b: Amoonguss
|-supereffective|p1b: Amoonguss
|-damage|p1b: Amoonguss|8/100
|-enditem|p1b: Amoonguss|Sitrus Berry|[eat]
|-heal|p1b: Amoonguss|33/100|[from] item: Sitrus Berry
|move|p2b: Sinistcha|Matcha Gotcha|p1a: Seeyuh II|[spread] p1b
|-activate|p1a: Seeyuh II|move: Protect
|-resisted|p1b: Amoonguss
|-damage|p1b: Amoonguss|29/100
|-heal|p2b: Sinistcha|58/100|[from] drain|[of] p1b: Amoonguss
|move|p1b: Amoonguss|Spore|p2a: Pelipper
|-status|p2a: Pelipper|slp|[from] move: Spore
|
|-weather|RainDance|[upkeep]
|-sideend|p2: MrPhoenixGC|move: Tailwind
|upkeep
|turn|5
|inactive|MrPhoenixGC has 30 seconds left.
|
|t:|1756836912
|-terastallize|p1a: Seeyuh II|Grass
|cant|p2a: Pelipper|slp
|move|p1a: Seeyuh II|Hyper Voice|p2a: Pelipper|[spread] p2a,p2b
|-resisted|p2a: Pelipper
|-damage|p2a: Pelipper|0 fnt
|-damage|p2b: Sinistcha|0 fnt
|faint|p2a: Pelipper
|faint|p2b: Sinistcha
|
|win|TreTrainer5252
|inactive|TreTrainer5252 has 30 seconds to confirm battle start!
|inactive|MrPhoenixGC has 30 seconds to confirm battle start!
|inactive|TreTrainer5252 has 20 seconds to confirm battle start!
|inactive|MrPhoenixGC has 20 seconds to confirm battle start!
|l|☆MrPhoenixGC
|player|p2|
||MrPhoenixGC is ready for game 2.
|inactive|TreTrainer5252 has 10 seconds to confirm battle start!
||TreTrainer5252 is ready for game 2.
|uhtml|next|Next: Game 2 of 3
