|j|☆Its Sushiii
|j|☆Flatbread42
|html|Its SushiiiFlatbread42    
|uhtml|bestof|Game 1 of a best-of-3
|t:|1785282843
|gametype|doubles
|player|p1|Its Sushiii|102|1372
|player|p2|Flatbread42|170|1263
|gen|9
|tier|[Gen 9 Champions] VGC 2026 Reg M-B (Bo3)
|rated|
|rule|Species Clause: Limit one of each Pokémon
|rule|Item Clause: Limit 1 of each item
|clearpoke
|poke|p1|Excadrill, L50, M, shiny|
|poke|p1|Tyranitar, L50, M|
|poke|p1|Farigiraf, L50, F|
|poke|p1|Sylveon, L50, M|
|poke|p1|Charizard, L50, M|
|poke|p1|Milotic, L50, M|
|poke|p2|Charizard, L50, M|
|poke|p2|Garchomp, L50, F|
|poke|p2|Kingambit, L50, M|
|poke|p2|Farigiraf, L50, F|
|poke|p2|Basculegion, L50, M|
|poke|p2|Whimsicott, L50, F|
|teampreview|4
|showteam|p1|Excadrill||FocusSash|SandRush|IronHead,HighHorsepower,RockSlide,Protect|Adamant||M|||50|]Tyranitar||Tyranitarite|SandStream|RockSlide,KnockOff,LowKick,Protect|Adamant||M|||50|]Farigiraf||SitrusBerry|ArmorTail|Psychic,Thunderbolt,TrickRoom,Protect|Relaxed||F|||50|]Sylveon||LifeOrb|Pixilate|HyperVoice,HyperBeam,QuickAttack,Detect|Quiet||M|||50|]Charizard||CharizarditeY|Blaze|HeatWave,SolarBeam,WeatherBall,Protect|Modest||M|||50|]Milotic||Leftovers|Competitive|Scald,IceBeam,IcyWind,Protect|Modest||M|||50|
|showteam|p2|Charizard||CharizarditeY|Blaze|Protect,SolarBeam,WeatherBall,HeatWave|Modest||M|||50|]Garchomp||LifeOrb|RoughSkin|Protect,RockSlide,StompingTantrum,DragonClaw|Jolly||F|||50|]Kingambit||ChopleBerry|Defiant|Protect,SuckerPunch,LowKick,KowtowCleave|Brave||M|||50|]Farigiraf||SitrusBerry|ArmorTail|Protect,TrickRoom,Thunderbolt,Psychic|Relaxed||F|||50|]Basculegion||MysticWater|Adaptability|Protect,AquaJet,LastRespects,WaveCrash|Adamant||M|||50|]Whimsicott||FocusSash|Prankster|Protect,Encore,Tailwind,Moonblast|Timid||F|||50|
|inactive|Battle timer is ON: inactive players will automatically lose when time's up. (requested by Flatbread42)
|inactive|Flatbread42 has 60 seconds left.
|inactive|Flatbread42 has 30 seconds left.
|inactive|Flatbread42 has 20 seconds left.
|inactive|Flatbread42 has 15 seconds left.
|inactive|Flatbread42 has 10 seconds left.
|inactive|Flatbread42 has 5 seconds left.
|
|t:|1785282939
|teamsize|p1|4
|teamsize|p2|4
|start
|switch|p1a: Excadrill|Excadrill, L50, M, shiny|100/100
|switch|p1b: Tyranitar|Tyranitar, L50, M|100/100
|switch|p2a: Garchomp|Garchomp, L50, F|100/100
|switch|p2b: Charizard|Charizard, L50, M|100/100
|-weather|Sandstorm|[from] ability: Sand Stream|[of] p1b: Tyranitar
|turn|1
|inactive|Its Sushiii has 30 seconds left.
|inactive|Its Sushiii has 20 seconds left.
|
|t:|1785282978
|switch|p1a: Sylveon|Sylveon, L50, M|100/100
|move|p2b: Charizard|Protect|p2b: Charizard
|-singleturn|p2b: Charizard|Protect
|move|p1b: Tyranitar|Protect|p1b: Tyranitar
|-singleturn|p1b: Tyranitar|Protect
|move|p2a: Garchomp|Stomping Tantrum|p1b: Tyranitar
|-activate|p1b: Tyranitar|move: Protect
|
|-weather|Sandstorm|[upkeep]
|-damage|p2b: Charizard|93/100|[from] Sandstorm
|-damage|p1a: Sylveon|94/100|[from] Sandstorm
|upkeep
|turn|2
|inactive|Flatbread42 has 30 seconds left.
|inactive|Flatbread42 has 20 seconds left.
|inactive|Flatbread42 has 15 seconds left.
|inactive|Flatbread42 has 10 seconds left.
|inactive|Flatbread42 has 5 seconds left.
|
|t:|1785283031
|switch|p2b: Kingambit|Kingambit, L50, M|100/100
|detailschange|p1b: Tyranitar|Tyranitar-Mega, L50, M
|-mega|p1b: Tyranitar|Tyranitar|Tyranitarite
|move|p2a: Garchomp|Protect|p2a: Garchomp
|-singleturn|p2a: Garchomp|Protect
|move|p1b: Tyranitar|Rock Slide|p2b: Kingambit|[spread] p2b
|-activate|p2a: Garchomp|move: Protect
|-resisted|p2b: Kingambit|1
|-damage|p2b: Kingambit|86/100
|move|p1a: Sylveon|Hyper Voice|p2a: Garchomp|[spread] p2b
|-activate|p2a: Garchomp|move: Protect
|-damage|p2b: Kingambit|37/100
|-damage|p1a: Sylveon|84/100|[from] item: Life Orb
|
|-weather|Sandstorm|[upkeep]
|-damage|p1a: Sylveon|78/100|[from] Sandstorm
|upkeep
|turn|3
|inactive|Its Sushiii has 30 seconds left.
|inactive|Its Sushiii has 20 seconds left.
|
|t:|1785283067
|switch|p1b: Farigiraf|Farigiraf, L50, F|100/100
|move|p2b: Kingambit|Protect|p2b: Kingambit
|-singleturn|p2b: Kingambit|Protect
|move|p2a: Garchomp|Stomping Tantrum|p1a: Sylveon
|-damage|p1a: Sylveon|27/100
|-damage|p2a: Garchomp|90/100|[from] item: Life Orb
|move|p1a: Sylveon|Hyper Voice|p2b: Kingambit|[spread] p2a
|-activate|p2b: Kingambit|move: Protect
|-supereffective|p2a: Garchomp|1
|-damage|p2a: Garchomp|0 fnt
|faint|p2a: Garchomp
|-damage|p1a: Sylveon|18/100|[from] item: Life Orb
|
|-weather|Sandstorm|[upkeep]
|-damage|p1b: Farigiraf|94/100|[from] Sandstorm
|-damage|p1a: Sylveon|12/100|[from] Sandstorm
|upkeep
|
|t:|1785283090
|switch|p2a: Basculegion|Basculegion, L50, M|100/100
|turn|4
|inactive|Its Sushiii has 30 seconds left.
|inactive|Its Sushiii has 20 seconds left.
|
|t:|1785283130
|move|p1a: Sylveon|Detect|p1a: Sylveon
|-singleturn|p1a: Sylveon|Protect
|move|p2a: Basculegion|Wave Crash|p1a: Sylveon
|-activate|p1a: Sylveon|move: Protect
|move|p1b: Farigiraf|Thunderbolt|p2b: Kingambit
|-damage|p2b: Kingambit|17/100
|move|p2b: Kingambit|Kowtow Cleave|p1b: Farigiraf
|-supereffective|p1b: Farigiraf|1
|-damage|p1b: Farigiraf|21/100
|-enditem|p1b: Farigiraf|Sitrus Berry|[eat]
|-heal|p1b: Farigiraf|45/100|[from] item: Sitrus Berry
|
|-weather|Sandstorm|[upkeep]
|-damage|p2a: Basculegion|93/100|[from] Sandstorm
|-damage|p1a: Sylveon|6/100|[from] Sandstorm
|-damage|p1b: Farigiraf|40/100|[from] Sandstorm
|upkeep
|turn|5
|inactive|Its Sushiii has 30 seconds left.
|inactive|Flatbread42 has 30 seconds left.
|inactive|Flatbread42 has 20 seconds left.
|
|t:|1785283169
|switch|p1a: Excadrill|Excadrill, L50, M, shiny|100/100
|switch|p2b: Charizard|Charizard, L50, M|93/100
|move|p2a: Basculegion|Wave Crash|p1a: Excadrill
|-supereffective|p1a: Excadrill|1
|-enditem|p1a: Excadrill|Focus Sash
|-damage|p1a: Excadrill|1/100
|-damage|p2a: Basculegion|62/100|[from] Recoil
|move|p1b: Farigiraf|Thunderbolt|p2b: Charizard
|-supereffective|p2b: Charizard|1
|-damage|p2b: Charizard|34/100
|
|-weather|none
|upkeep
|turn|6
|inactive|Its Sushiii has 30 seconds left.
|inactive|Flatbread42 has 30 seconds left.
|
|t:|1785283200
|move|p1a: Excadrill|Protect|p1a: Excadrill
|-singleturn|p1a: Excadrill|Protect
|move|p2b: Charizard|Protect|p2b: Charizard
|-singleturn|p2b: Charizard|Protect
|move|p1b: Farigiraf|Protect|p1b: Farigiraf
|-singleturn|p1b: Farigiraf|Protect
|move|p2a: Basculegion|Wave Crash|p1b: Farigiraf
|-activate|p1b: Farigiraf|move: Protect
|
|upkeep
|turn|7
|inactive|Its Sushiii has 30 seconds left.
|inactive|Flatbread42 has 30 seconds left.
|inactive|Its Sushiii has 20 seconds left.
|inactive|Its Sushiii has 15 seconds left.
|
|t:|1785283244
|move|p1a: Excadrill|High Horsepower|p2a: Basculegion
|-damage|p2a: Basculegion|0 fnt
|faint|p2a: Basculegion
|move|p2b: Charizard|Heat Wave|p1a: Excadrill|[spread] p1a,p1b
|-supereffective|p1a: Excadrill|1
|-damage|p1a: Excadrill|0 fnt
|-damage|p1b: Farigiraf|10/100
|faint|p1a: Excadrill
|move|p1b: Farigiraf|Trick Room|p1b: Farigiraf
|-fieldstart|move: Trick Room|[of] p1b: Farigiraf
|
|upkeep
|inactive|Its Sushiii has 30 seconds left.
|inactive|Flatbread42 has 30 seconds left.
|
|t:|1785283278
|switch|p2a: Kingambit|Kingambit, L50, M|17/100
|switch|p1a: Sylveon|Sylveon, L50, M|6/100
|turn|8
|inactive|Flatbread42 has 30 seconds left.
|
|t:|1785283307
|move|p2b: Charizard|Protect|p2b: Charizard
|-singleturn|p2b: Charizard|Protect
|move|p2a: Kingambit|Kowtow Cleave|p1a: Sylveon
|-resisted|p1a: Sylveon|1
|-damage|p1a: Sylveon|0 fnt
|faint|p1a: Sylveon
|move|p1b: Farigiraf|Thunderbolt|p2a: Kingambit
|-damage|p2a: Kingambit|0 fnt
|faint|p2a: Kingambit
|
|upkeep
|
|t:|1785283316
|switch|p1a: Tyranitar|Tyranitar-Mega, L50, M|100/100
|-weather|Sandstorm|[from] ability: Sand Stream|[of] p1a: Tyranitar
|turn|9
|inactive|Flatbread42 has 30 seconds left.
|
|t:|1785283343
|detailschange|p2b: Charizard|Charizard-Mega-Y, L50, M
|-mega|p2b: Charizard|Charizard|Charizardite Y
|-weather|SunnyDay|[from] ability: Drought|[of] p2b: Charizard
|move|p1b: Farigiraf|Thunderbolt|p2b: Charizard
|-supereffective|p2b: Charizard|1
|-damage|p2b: Charizard|0 fnt
|faint|p2b: Charizard
|
|win|Its Sushiii
||Flatbread42 is ready for game 2.
||Its Sushiii is ready for game 2.
|uhtml|next|Next: Game 2 of 3
|l|☆Flatbread42
|player|p2|
