|j|☆TypicalAndyy
|j|☆DrissVG
|html|TypicalAndyyDrissVG    
|uhtml|bestof|Game 3 of a best-of-3
|t:|1755810059
|gametype|doubles
|player|p1|TypicalAndyy|2|1367
|player|p2|DrissVG|2|1330
|gen|9
|tier|[Gen 9] VGC 2025 Reg H (Bo3)
|rated|
|rule|Species Clause: Limit one of each Pokémon
|rule|Item Clause: Limit 1 of each item
|clearpoke
|poke|p1|Ninetales-Alola, L50, F|
|poke|p1|Archaludon, L50, M|
|poke|p1|Incineroar, L50, F|
|poke|p1|Gholdengo, L50|
|poke|p1|Ursaluna, L50, M|
|poke|p1|Farigiraf, L50, F|
|poke|p2|Annihilape, L50, F|
|poke|p2|Sinistcha, L50|
|poke|p2|Maushold-Four, L50|
|poke|p2|Klefki, L50, F|
|poke|p2|Ursaluna-Bloodmoon, L50, M|
|poke|p2|Ninetales-Alola, L50, F|
|teampreview|4
|showteam|p1|Ninetales-Alola||FocusSash|SnowWarning|IcyWind,Encore,Protect,Blizzard|||F|||50|,,,,,Ghost]Archaludon||PowerHerb|Sturdy|Thunderbolt,DragonPulse,Protect,ElectroShot|||M|||50|,,,,,Electric]Incineroar||SafetyGoggles|Intimidate|PartingShot,FlareBlitz,FakeOut,KnockOff|||F|||50|,,,,,Fairy]Gholdengo||LifeOrb|GoodasGold|NastyPlot,ShadowBall,Protect,MakeItRain||||||50|,,,,,Flying]Ursaluna||FlameOrb|Guts|Earthquake,Facade,Protect,HeadlongRush|||M|||50|,,,,,Dragon]Farigiraf||ThroatSpray|ArmorTail|TrickRoom,HyperVoice,Protect,Psychic|||F|||50|,,,,,Water
|showteam|p2|Annihilape||Leftovers|Defiant|Protect,BulkUp,DrainPunch,RageFist|||F|||50|,,,,,Water]Sinistcha||SitrusBerry|Hospitality|MatchaGotcha,TrickRoom,LifeDew,RagePowder||||||50|,,,,,Water]Maushold-Four||SafetyGoggles|FriendGuard|FollowMe,Taunt,BeatUp,Protect||||||50|,,,,,Ghost]Klefki||LightClay|Prankster|Reflect,LightScreen,MistyTerrain,DazzlingGleam|||F|||50|,,,,,Ghost]Ursaluna-Bloodmoon||AssaultVest|MindsEye|BloodMoon,HyperVoice,EarthPower,VacuumWave|||M|||50|,,,,,Water]Ninetales-Alola||FocusSash|SnowWarning|Protect,Encore,IcyWind,Blizzard|||F|||50|,,,,,Ghost
|
|t:|1755810102
|teamsize|p1|4
|teamsize|p2|4
|start
|switch|p1a: Gholdengo|Gholdengo, L50|100/100
|switch|p1b: Archaludon|Archaludon, L50, M, shiny|100/100
|switch|p2a: Annihilape|Annihilape, L50, F, shiny|100/100
|switch|p2b: Klefki|Klefki, L50, F|100/100
|turn|1
|
|t:|1755810117
|-terastallize|p1b: Archaludon|Electric
|move|p2a: Annihilape|Protect|p2a: Annihilape
|-singleturn|p2a: Annihilape|Protect
|move|p2b: Klefki|Light Screen|p2b: Klefki
|-sidestart|p2: DrissVG|move: Light Screen
|move|p1b: Archaludon|Electro Shot||[still]
|-prepare|p1b: Archaludon|Electro Shot
|-boost|p1b: Archaludon|spa|1
|-enditem|p1b: Archaludon|Power Herb
|-anim|p1b: Archaludon|Electro Shot|p2b: Klefki
|-crit|p2b: Klefki
|-damage|p2b: Klefki|0 fnt
|faint|p2b: Klefki
|move|p1a: Gholdengo|Nasty Plot|p1a: Gholdengo
|-boost|p1a: Gholdengo|spa|2
|
|upkeep
|
|t:|1755810130
|switch|p2b: Maushold|Maushold-Four, L50|100/100
|turn|2
|
|t:|1755810149
|move|p1a: Gholdengo|Protect|p1a: Gholdengo
|-singleturn|p1a: Gholdengo|Protect
|move|p2b: Maushold|Beat Up|p2a: Annihilape
|-damage|p2a: Annihilape|99/100
|-damage|p2a: Annihilape|97/100
|-damage|p2a: Annihilape|95/100
|-hitcount|p2a: Annihilape|3
|move|p2a: Annihilape|Rage Fist|p1a: Gholdengo
|-activate|p1a: Gholdengo|move: Protect
|move|p1b: Archaludon|Thunderbolt|p2a: Annihilape
|-damage|p2a: Annihilape|64/100
|
|-heal|p2a: Annihilape|70/100|[from] item: Leftovers
|upkeep
|turn|3
|
|t:|1755810170
|switch|p1a: Farigiraf|Farigiraf, L50, F, shiny|100/100
|move|p2b: Maushold|Follow Me|p2b: Maushold
|-singleturn|p2b: Maushold|move: Follow Me
|move|p2a: Annihilape|Rage Fist|p1a: Farigiraf
|-immune|p1a: Farigiraf
|move|p1b: Archaludon|Thunderbolt|p2b: Maushold
|-damage|p2b: Maushold|43/100
|
|-heal|p2a: Annihilape|76/100|[from] item: Leftovers
|upkeep
|turn|4
|
|t:|1755810189
|move|p1b: Archaludon|Protect|p1b: Archaludon
|-singleturn|p1b: Archaludon|Protect
|move|p2b: Maushold|Beat Up|p1b: Archaludon
|-activate|p1b: Archaludon|move: Protect
|move|p2a: Annihilape|Rage Fist|p1b: Archaludon
|-activate|p1b: Archaludon|move: Protect
|move|p1a: Farigiraf|Hyper Voice|p2b: Maushold|[spread] p2b
|-immune|p2a: Annihilape
|-damage|p2b: Maushold|18/100
|-enditem|p1a: Farigiraf|Throat Spray
|-boost|p1a: Farigiraf|spa|1|[from] item: Throat Spray
|
|-heal|p2a: Annihilape|83/100|[from] item: Leftovers
|upkeep
|turn|5
|
|t:|1755810228
|move|p2b: Maushold|Protect|p2b: Maushold
|-singleturn|p2b: Maushold|Protect
|move|p2a: Annihilape|Rage Fist|p1b: Archaludon
|-damage|p1b: Archaludon|18/100
|move|p1b: Archaludon|Thunderbolt|p2b: Maushold
|-activate|p2b: Maushold|move: Protect
|move|p1a: Farigiraf|Psychic|p2a: Annihilape
|-supereffective|p2a: Annihilape
|-damage|p2a: Annihilape|31/100
|
|-heal|p2a: Annihilape|37/100|[from] item: Leftovers
|upkeep
|turn|6
|
|t:|1755810246
|move|p1b: Archaludon|Protect|p1b: Archaludon
|-singleturn|p1b: Archaludon|Protect
|move|p2b: Maushold|Follow Me|p2b: Maushold
|-singleturn|p2b: Maushold|move: Follow Me
|move|p2a: Annihilape|Drain Punch|p1a: Farigiraf
|-damage|p1a: Farigiraf|74/100
|-heal|p2a: Annihilape|51/100|[from] drain|[of] p1a: Farigiraf
|move|p1a: Farigiraf|Trick Room|p1a: Farigiraf
|-fieldstart|move: Trick Room|[of] p1a: Farigiraf
|
|-heal|p2a: Annihilape|57/100|[from] item: Leftovers
|upkeep
|turn|7
|
|t:|1755810269
|move|p2b: Maushold|Follow Me|p2b: Maushold
|-singleturn|p2b: Maushold|move: Follow Me
|move|p1a: Farigiraf|Psychic|p2b: Maushold
|-damage|p2b: Maushold|0 fnt
|faint|p2b: Maushold
|move|p1b: Archaludon|Dragon Pulse|p2a: Annihilape
|-damage|p2a: Annihilape|16/100
|move|p2a: Annihilape|Rage Fist|p1b: Archaludon
|-damage|p1b: Archaludon|0 fnt
|faint|p1b: Archaludon
|
|-heal|p2a: Annihilape|22/100|[from] item: Leftovers
|upkeep
|
|t:|1755810282
|switch|p1b: Gholdengo|Gholdengo, L50|100/100
|switch|p2b: Sinistcha|Sinistcha, L50|100/100
|-heal|p2a: Annihilape|47/100|[from] ability: Hospitality|[of] p2b: Sinistcha
|turn|8
|
|t:|1755810338
|-terastallize|p2a: Annihilape|Water
|move|p1a: Farigiraf|Psychic|p2a: Annihilape
|-damage|p2a: Annihilape|11/100
|move|p2b: Sinistcha|Life Dew||[still]|[spread] p2a,p2b
|-heal|p2a: Annihilape|36/100
|-fail|p2b: Sinistcha|heal
|move|p1b: Gholdengo|Shadow Ball|p2a: Annihilape
|-damage|p2a: Annihilape|0 fnt
|faint|p2a: Annihilape
|-damage|p1b: Gholdengo|91/100|[from] item: Life Orb
|
|-sideend|p2: DrissVG|move: Light Screen
|upkeep
|turn|9
|
|t:|1755810355
|move|p1a: Farigiraf|Psychic|p2b: Sinistcha
|-damage|p2b: Sinistcha|44/100
|-enditem|p2b: Sinistcha|Sitrus Berry|[eat]
|-heal|p2b: Sinistcha|69/100|[from] item: Sitrus Berry
|move|p2b: Sinistcha|Matcha Gotcha|p1a: Farigiraf|[spread] p1a,p1b
|-resisted|p1b: Gholdengo
|-crit|p1b: Gholdengo
|-damage|p1a: Farigiraf|50/100
|-heal|p2b: Sinistcha|84/100|[from] drain|[of] p1a: Farigiraf
|-damage|p1b: Gholdengo|75/100
|-heal|p2b: Sinistcha|92/100|[from] drain|[of] p1b: Gholdengo
|move|p1b: Gholdengo|Shadow Ball|p2b: Sinistcha
|-supereffective|p2b: Sinistcha
|-damage|p2b: Sinistcha|0 fnt
|faint|p2b: Sinistcha
|-damage|p1b: Gholdengo|66/100|[from] item: Life Orb
|
|win|TypicalAndyy
|raw|TypicalAndyy's rating: 1367 → 1385(+18 for winning)
|raw|DrissVG's rating: 1330 → 1312(-18 for losing)
|l|☆DrissVG
|player|p2|
