|j|☆exposniffer
|j|☆Amielle12
|html|exposnifferAmielle12    
|uhtml|bestof|Game 1 of a best-of-3
|t:|1757120563
|gametype|doubles
|player|p1|exposniffer|blue|1090
|player|p2|Amielle12|101|1057
|gen|9
|tier|[Gen 9] VGC 2025 Reg H (Bo3)
|rated|
|rule|Species Clause: Limit one of each Pokémon
|rule|Item Clause: Limit 1 of each item
|clearpoke
|poke|p1|Gholdengo, L50|
|poke|p1|Dragonite, L50, F|
|poke|p1|Ursaluna-Bloodmoon, L50, M|
|poke|p1|Ninetales-Alola, L50, F|
|poke|p1|Annihilape, L50, M|
|poke|p1|Incineroar, L50, M|
|poke|p2|Electabuzz, L50, F|
|poke|p2|Kingambit, L50, F|
|poke|p2|Volcarona, L50, M|
|poke|p2|Dragonite, L50, M|
|poke|p2|Sneasler, L50, M|
|poke|p2|Rillaboom, L50, M|
|teampreview|4
|showteam|p1|Gholdengo||MetalCoat|GoodasGold|MakeItRain,ShadowBall,NastyPlot,Protect||||||50|,,,,,Water]Dragonite||LoadedDice|Multiscale|ScaleShot,ExtremeSpeed,Haze,Protect|||F|||50|,,,,,Steel]Ursaluna-Bloodmoon||AssaultVest|MindsEye|BloodMoon,HyperVoice,EarthPower,VacuumWave|||M|||50|,,,,,Water]Ninetales-Alola||FocusSash|SnowWarning|Blizzard,IcyWind,AuroraVeil,IcicleSpear|||F|||50|,,,,,Ghost]Annihilape||SafetyGoggles|Defiant|CloseCombat,RageFist,Coaching,Taunt|||M|||50|,,,,,Fire]Incineroar||RockyHelmet|Intimidate|KnockOff,FlareBlitz,PartingShot,FakeOut|||M|||50|,,,,,Ghost
|showteam|p2|Electabuzz||Eviolite|VitalSpirit|FollowMe,Thunderbolt,Taunt,Protect|||F|||50|,,,,,Ghost]Kingambit||BlackGlasses|Defiant|KowtowCleave,SuckerPunch,SwordsDance,Protect|||F|||50|,,,,,Dark]Volcarona||Leftovers|FlameBody|HeatWave,TeraBlast,QuiverDance,Protect|||M|||50|,,,,,Fairy]Dragonite||LoadedDice|Multiscale|ScaleShot,ExtremeSpeed,Haze,Protect|||M|||50|,,,,,Fairy]Sneasler||FocusSash|Unburden|DireClaw,CloseCombat,Coaching,FakeOut|||M|||50|,,,,,Stellar]Rillaboom||AssaultVest|GrassySurge|FakeOut,WoodHammer,GrassyGlide,HighHorsepower|||M|||50|,,,,,Fire
|inactive|Battle timer is ON: inactive players will automatically lose when time's up. (requested by exposniffer)
|
|t:|1757120599
|teamsize|p1|4
|teamsize|p2|4
|start
|switch|p1a: Ursaluna|Ursaluna-Bloodmoon, L50, M|100/100
|switch|p1b: Ninetales|Ninetales-Alola, L50, F|100/100
|switch|p2a: Sneasler|Sneasler, L50, M|100/100
|switch|p2b: Kingambit|Kingambit, L50, F|100/100
|-weather|Snowscape|[from] ability: Snow Warning|[of] p1b: Ninetales
|turn|1
|inactive|exposniffer has 30 seconds left.
|
|t:|1757120629
|-terastallize|p1a: Ursaluna|Water
|-terastallize|p2b: Kingambit|Dark
|move|p2a: Sneasler|Fake Out|p1b: Ninetales
|-damage|p1b: Ninetales|86/100
|cant|p1b: Ninetales|flinch
|move|p1a: Ursaluna|Blood Moon|p2b: Kingambit
|-damage|p2b: Kingambit|21/100
|move|p2b: Kingambit|Swords Dance|p2b: Kingambit
|-boost|p2b: Kingambit|atk|2
|
|-weather|Snowscape|[upkeep]
|upkeep
|turn|2
|
|t:|1757120653
|move|p2b: Kingambit|Protect|p2b: Kingambit
|-singleturn|p2b: Kingambit|Protect
|move|p2a: Sneasler|Dire Claw|p1b: Ninetales
|-supereffective|p1b: Ninetales
|-damage|p1b: Ninetales|5/100
|-status|p1b: Ninetales|psn
|move|p1b: Ninetales|Blizzard|p2b: Kingambit|[spread] p2a
|-activate|p2b: Kingambit|move: Protect
|-damage|p2a: Sneasler|55/100
|move|p1a: Ursaluna|Hyper Voice|p2b: Kingambit|[spread] p2a
|-activate|p2b: Kingambit|move: Protect
|-damage|p2a: Sneasler|1/100
|
|-weather|Snowscape|[upkeep]
|-damage|p1b: Ninetales|0 fnt|[from] psn
|faint|p1b: Ninetales
|upkeep
|
|t:|1757120667
|switch|p1b: Dragonite|Dragonite, L50, F|100/100
|turn|3
|
|t:|1757120687
|move|p1b: Dragonite|Extreme Speed|p2a: Sneasler
|-damage|p2a: Sneasler|0 fnt
|faint|p2a: Sneasler
|move|p1a: Ursaluna|Vacuum Wave|p2b: Kingambit
|-supereffective|p2b: Kingambit
|-damage|p2b: Kingambit|0 fnt
|faint|p2b: Kingambit
|
|-weather|Snowscape|[upkeep]
|upkeep
|
|t:|1757120700
|switch|p2a: Rillaboom|Rillaboom, L50, M|100/100
|switch|p2b: Dragonite|Dragonite, L50, M|100/100
|-fieldstart|move: Grassy Terrain|[from] ability: Grassy Surge|[of] p2a: Rillaboom
|turn|4
|inactive|exposniffer has 30 seconds left.
|
|t:|1757120728
|switch|p1a: Gholdengo|Gholdengo, L50|100/100
|move|p2b: Dragonite|Scale Shot|p1a: Gholdengo
|-resisted|p1a: Gholdengo
|-damage|p1a: Gholdengo|93/100
|-resisted|p1a: Gholdengo
|-damage|p1a: Gholdengo|84/100
|-resisted|p1a: Gholdengo
|-damage|p1a: Gholdengo|76/100
|-resisted|p1a: Gholdengo
|-damage|p1a: Gholdengo|68/100
|-hitcount|p1a: Gholdengo|4
|-unboost|p2b: Dragonite|def|1
|-boost|p2b: Dragonite|spe|1
|move|p1b: Dragonite|Scale Shot|p2a: Rillaboom
|-damage|p2a: Rillaboom|85/100
|-damage|p2a: Rillaboom|71/100
|-damage|p2a: Rillaboom|57/100
|-damage|p2a: Rillaboom|43/100
|-damage|p2a: Rillaboom|30/100
|-hitcount|p2a: Rillaboom|5
|-unboost|p1b: Dragonite|def|1
|-boost|p1b: Dragonite|spe|1
|move|p2a: Rillaboom|Wood Hammer|p1a: Gholdengo
|-resisted|p1a: Gholdengo
|-damage|p1a: Gholdengo|25/100
|-damage|p2a: Rillaboom|17/100|[from] Recoil
|
|-weather|Snowscape|[upkeep]
|-heal|p1a: Gholdengo|31/100|[from] Grassy Terrain
|-heal|p2a: Rillaboom|23/100|[from] Grassy Terrain
|upkeep
|turn|5
|
|t:|1757120748
|move|p1b: Dragonite|Extreme Speed|p2a: Rillaboom
|-damage|p2a: Rillaboom|0 fnt
|faint|p2a: Rillaboom
|move|p2b: Dragonite|Scale Shot|p1b: Dragonite
|-supereffective|p1b: Dragonite
|-damage|p1b: Dragonite|76/100
|-supereffective|p1b: Dragonite
|-damage|p1b: Dragonite|28/100
|-supereffective|p1b: Dragonite
|-damage|p1b: Dragonite|0 fnt
|faint|p1b: Dragonite
|-hitcount|p1: Dragonite|3
|-unboost|p2b: Dragonite|def|1
|-boost|p2b: Dragonite|spe|1
|move|p1a: Gholdengo|Make It Rain|p2b: Dragonite
|-damage|p2b: Dragonite|59/100
|-unboost|p1a: Gholdengo|spa|1
|
|-weather|none
|-heal|p1a: Gholdengo|37/100|[from] Grassy Terrain
|upkeep
|
|t:|1757120753
|switch|p1b: Ursaluna|Ursaluna-Bloodmoon, L50, M, tera:Water|100/100
|turn|6
|-message|Amielle12 forfeited.
|
|win|exposniffer
||exposniffer is ready for game 2.
|inactive|Amielle12 has 30 seconds to confirm battle start!
||Amielle12 is ready for game 2.
|uhtml|next|Next: Game 2 of 3
