|j|☆eklyst
|j|☆MR. HEROW
|html|eklystMR. HEROW    
|uhtml|bestof|Game 2 of a best-of-3
|t:|1783198131
|gametype|doubles
|player|p1|eklyst|pokemaniac|1054
|player|p2|MR. HEROW|hilbert-wonderlauncher|1123
|gen|9
|tier|[Gen 9 Champions] VGC 2026 Reg M-B (Bo3)
|rated|
|rule|Species Clause: Limit one of each Pokémon
|rule|Item Clause: Limit 1 of each item
|clearpoke
|poke|p1|Metagross, L50|
|poke|p1|Floette-Eternal, L50, F|
|poke|p1|Garchomp, L50, F|
|poke|p1|Aerodactyl, L50, M|
|poke|p1|Sinistcha, L50|
|poke|p1|Incineroar, L50, M|
|poke|p2|Sableye, L50, M|
|poke|p2|Meowstic, L50, M|
|poke|p2|Overqwil, L50, M|
|poke|p2|Delphox, L50, M|
|poke|p2|Klefki, L50, F|
|poke|p2|Sneasler, L50, M|
|teampreview|4
|showteam|p1|Metagross||Metagrossite|ClearBody|IronHead,BulletPunch,PsychicFangs,Protect|Adamant|||||50|]Floette-Eternal||Floettite|FlowerVeil|Moonblast,DazzlingGleam,CalmMind,Protect|Modest||F|||50|]Garchomp||LifeOrb|RoughSkin|RockSlide,StompingTantrum,DragonClaw,Protect|Jolly||F|||50|]Aerodactyl||FocusSash|Unnerve|RockSlide,DualWingbeat,Tailwind,Protect|Jolly||M|||50|]Sinistcha||KasibBerry|Hospitality|MatchaGotcha,TrickRoom,RagePowder,Protect|Relaxed|||||50|]Incineroar||SitrusBerry|Intimidate|FakeOut,FlareBlitz,ThroatChop,PartingShot|Adamant||M|||50|
|showteam|p2|Sableye||Sablenite|KeenEye|PainSplit,PsychUp,GyroBall,FoulPlay|Careful||M|||50|]Meowstic||BrightPowder|Prankster|Yawn,SunnyDay,SkillSwap,FakeOut|Impish||M|||50|]Overqwil||Leftovers|PoisonPoint|BarbBarrage,Stockpile,Minimize,Protect|Careful||M|||50|]Delphox||Delphoxite|Blaze|CalmMind,PsychUp,HeatWave,Protect|Timid||M|||50|]Klefki||SitrusBerry|Prankster|DrainingKiss,Substitute,CalmMind,PsychUp|Calm||F|||50|]Sneasler||FocusSash|Unburden|CloseCombat,Protect,DireClaw,FakeOut|Jolly||M|||50|
|inactive|Battle timer is ON: inactive players will automatically lose when time's up. (requested by eklyst)
|
|t:|1783198142
|teamsize|p1|4
|teamsize|p2|4
|start
|switch|p1a: Garchomp|Garchomp, L50, F|100/100
|switch|p1b: Floette|Floette-Eternal, L50, F|100/100
|switch|p2a: Meowstic|Meowstic, L50, M|100/100
|switch|p2b: Overqwil|Overqwil, L50, M|100/100
|turn|1
|
|t:|1783198152
|detailschange|p1b: Floette|Floette-Mega, L50, F
|-mega|p1b: Floette|Floette|Floettite
|-ability|p1b: Floette|Fairy Aura
|move|p2a: Meowstic|Fake Out|p1a: Garchomp
|-damage|p1a: Garchomp|94/100
|-damage|p2a: Meowstic|87/100|[from] ability: Rough Skin|[of] p1a: Garchomp
|cant|p1a: Garchomp|flinch
|move|p1b: Floette|Calm Mind|p1b: Floette
|-boost|p1b: Floette|spa|1
|-boost|p1b: Floette|spd|1
|move|p2b: Overqwil|Stockpile|p2b: Overqwil
|-start|p2b: Overqwil|stockpile1
|-boost|p2b: Overqwil|def|1
|-boost|p2b: Overqwil|spd|1
|
|upkeep
|turn|2
|
|t:|1783198168
|move|p2b: Overqwil|Protect|p2b: Overqwil
|-singleturn|p2b: Overqwil|Protect
|move|p2a: Meowstic|Yawn|p1a: Garchomp
|-start|p1a: Garchomp|move: Yawn|[of] p2a: Meowstic
|move|p1a: Garchomp|Stomping Tantrum|p2b: Overqwil
|-activate|p2b: Overqwil|move: Protect
|move|p1b: Floette|Calm Mind|p1b: Floette
|-boost|p1b: Floette|spa|1
|-boost|p1b: Floette|spd|1
|
|upkeep
|turn|3
|inactive|MR. HEROW has 30 seconds left.
|
|t:|1783198201
|move|p2a: Meowstic|Skill Swap|p2b: Overqwil
|-activate|p2a: Meowstic|Skill Swap|||[of] p2b: Overqwil
|move|p2b: Overqwil|Stockpile|p2b: Overqwil
|-start|p2b: Overqwil|stockpile2
|-boost|p2b: Overqwil|def|1
|-boost|p2b: Overqwil|spd|1
|move|p1a: Garchomp|Stomping Tantrum|p2b: Overqwil
|-supereffective|p2b: Overqwil|1
|-crit|p2b: Overqwil
|-damage|p2b: Overqwil|0 fnt
|faint|p2b: Overqwil
|-damage|p1a: Garchomp|84/100|[from] item: Life Orb
|move|p1b: Floette|Dazzling Gleam|p2a: Meowstic
|-damage|p2a: Meowstic|0 fnt
|faint|p2a: Meowstic
|
|-end|p1a: Garchomp|move: Yawn|[silent]
|-status|p1a: Garchomp|slp
|upkeep
|
|t:|1783198213
|switch|p2a: Klefki|Klefki, L50, F|100/100
|switch|p2b: Delphox|Delphox, L50, M|100/100
|turn|4
|
|t:|1783198232
|switch|p1a: Incineroar|Incineroar, L50, M|100/100
|-ability|p1a: Incineroar|Intimidate|boost
|-unboost|p2a: Klefki|atk|1
|-unboost|p2b: Delphox|atk|1
|detailschange|p2b: Delphox|Delphox-Mega, L50, M
|-mega|p2b: Delphox|Delphox|Delphoxite
|move|p2a: Klefki|Psych Up|p1b: Floette
|-copyboost|p2a: Klefki|p1b: Floette|[from] move: Psych Up
|move|p2b: Delphox|Psych Up|p1b: Floette
|-copyboost|p2b: Delphox|p1b: Floette|[from] move: Psych Up
|move|p1b: Floette|Dazzling Gleam|p2a: Klefki|[spread] p2a,p2b
|-resisted|p2a: Klefki|1
|-resisted|p2b: Delphox|1
|-damage|p2a: Klefki|78/100
|-damage|p2b: Delphox|76/100
|
|upkeep
|turn|5
|
|t:|1783198248
|move|p1a: Incineroar|Fake Out|p2b: Delphox
|-damage|p2b: Delphox|55/100
|move|p2a: Klefki|Calm Mind|p2a: Klefki
|-boost|p2a: Klefki|spa|1
|-boost|p2a: Klefki|spd|1
|cant|p2b: Delphox|flinch
|move|p1b: Floette|Dazzling Gleam|p2a: Klefki|[spread] p2a,p2b
|-resisted|p2a: Klefki|1
|-resisted|p2b: Delphox|1
|-damage|p2a: Klefki|61/100
|-damage|p2b: Delphox|32/100
|
|upkeep
|turn|6
|
|t:|1783198266
|move|p2b: Delphox|Heat Wave|p1a: Incineroar|[spread] p1a,p1b
|-resisted|p1a: Incineroar|1
|-crit|p1a: Incineroar
|-crit|p1b: Floette
|-damage|p1a: Incineroar|42/100
|-damage|p1b: Floette|4/100
|-enditem|p1a: Incineroar|Sitrus Berry|[eat]
|-heal|p1a: Incineroar|66/100|[from] item: Sitrus Berry
|move|p1b: Floette|Dazzling Gleam|p2a: Klefki|[spread] p2a,p2b
|-resisted|p2a: Klefki|1
|-resisted|p2b: Delphox|1
|-damage|p2a: Klefki|44/100
|-damage|p2b: Delphox|9/100
|-enditem|p2a: Klefki|Sitrus Berry|[eat]
|-heal|p2a: Klefki|69/100|[from] item: Sitrus Berry
|move|p2a: Klefki|Draining Kiss|p1b: Floette
|-damage|p1b: Floette|0 fnt
|-heal|p2a: Klefki|73/100|[from] drain|[of] p1b: Floette
|faint|p1b: Floette
|move|p1a: Incineroar|Throat Chop|p2b: Delphox
|-supereffective|p2b: Delphox|1
|-damage|p2b: Delphox|0 fnt
|faint|p2b: Delphox
|
|upkeep
|
|t:|1783198284
|switch|p1b: Sinistcha|Sinistcha, L50|100/100
|-heal|p1a: Incineroar|91/100|[from] ability: Hospitality|[of] p1b: Sinistcha
|turn|7
|
|t:|1783198291
|move|p1b: Sinistcha|Rage Powder|p1b: Sinistcha
|-singleturn|p1b: Sinistcha|move: Rage Powder
|move|p2a: Klefki|Draining Kiss|p1b: Sinistcha
|-damage|p1b: Sinistcha|62/100
|-heal|p2a: Klefki|100/100|[from] drain|[of] p1b: Sinistcha
|move|p1a: Incineroar|Flare Blitz|p2a: Klefki
|-supereffective|p2a: Klefki|1
|-damage|p2a: Klefki|0 fnt
|faint|p2a: Klefki
|-damage|p1a: Incineroar|64/100|[from] Recoil
|
|win|eklyst
|raw|eklyst's rating: 1054 → 1092(+38 for winning)
|raw|MR. HEROW's rating: 1123 → 1093(-30 for losing)
|l|☆MR. HEROW
|player|p2|
