|j|☆ELpanagengar123
|j|☆ztteen
|html|ELpanagengar123ztteen    
|uhtml|bestof|Game 2 of a best-of-3
|t:|1785893898
|gametype|doubles
|player|p1|ELpanagengar123|ingo|
|player|p2|ztteen|n|
|gen|9
|tier|[Gen 9 Champions] VGC 2026 Reg M-B (Bo3)
|rule|Species Clause: Limit one of each Pokémon
|rule|Item Clause: Limit 1 of each item
|clearpoke
|poke|p1|Chandelure, L50, M|
|poke|p1|Basculegion, L50, M|
|poke|p1|Kangaskhan, L50, F|
|poke|p1|Oranguru, L50, M|
|poke|p1|Torkoal, L50, M|
|poke|p1|Hatterene, L50, F|
|poke|p2|Absol, L50, F|
|poke|p2|Simisage, L50, M|
|poke|p2|Toxicroak, L50, M|
|poke|p2|Manectric, L50, M|
|poke|p2|Kleavor, L50, F|
|poke|p2|Sharpedo, L50, M|
|teampreview|4
|showteam|p1|Chandelure||Chandelurite|Infiltrator|HeatWave,TrickRoom,ShadowBall,EnergyBall|Quiet||M|||50|]Basculegion||ChoiceScarf|Adaptability|AquaJet,Protect,WaveCrash,LastRespects|Jolly||M|||50|]Kangaskhan||Leftovers|Scrappy|Protect,LastResort|Adamant||F|||50|]Oranguru||MentalHerb|InnerFocus|TrickRoom,Psyshock,Protect,SunnyDay|Sassy||M|||50|]Torkoal||Charcoal|Drought|SolarBeam,Protect,EarthPower,Eruption|Modest||M|||50|]Hatterene||FairyFeather|MagicBounce|DazzlingGleam,PsychicNoise,Protect,TrickRoom|Quiet||F|||50|
|showteam|p2|Absol||Absolite|SuperLuck|IronTail,SuckerPunch,ThroatChop,PlayRough|Jolly||F|||50|]Simisage||FocusSash|Overgrow|GunkShot,FakeOut,SeedBomb,Superpower|Adamant||M|||50|]Toxicroak||LifeOrb|DrySkin|FakeOut,SuckerPunch,GunkShot,CrossChop|Jolly||M|||50|]Manectric||Magnet|LightningRod|Thunder,Overheat,LightScreen,VoltSwitch|Timid||M|||50|]Kleavor||ChoiceScarf|Sharpness|StoneAxe,CloseCombat,Lunge,NightSlash|Adamant||F|||50|]Sharpedo||WhiteHerb|SpeedBoost|Protect,CloseCombat,Crunch,DestinyBond|Adamant||M|||50|
|
|t:|1785893936
|teamsize|p1|4
|teamsize|p2|4
|start
|switch|p1a: Felicia|Hatterene, L50, F|100/100
|switch|p1b: Jogoat|Torkoal, L50, M|100/100
|switch|p2a: Sharpedo|Sharpedo, L50, M|100/100
|switch|p2b: Simisage|Simisage, L50, M|100/100
|-weather|SunnyDay|[from] ability: Drought|[of] p1b: Jogoat
|turn|1
|inactive|Battle timer is ON: inactive players will automatically lose when time's up. (requested by ELpanagengar123)
|inactive|ztteen has 60 seconds left.
|
|t:|1785893974
|move|p2b: Simisage|Gunk Shot|p1a: Felicia|[miss]
|-miss|p2b: Simisage|p1a: Felicia
|move|p2a: Sharpedo|Crunch|p1a: Felicia
|-damage|p1a: Felicia|50/100y
|move|p1a: Felicia|Dazzling Gleam|p2a: Sharpedo|[spread] p2a,p2b
|-supereffective|p2a: Sharpedo|1
|-damage|p2a: Sharpedo|0 fnt
|-damage|p2b: Simisage|28/100
|faint|p2a: Sharpedo
|move|p1b: Jogoat|Eruption|p2b: Simisage
|-supereffective|p2b: Simisage|1
|-damage|p2b: Simisage|0 fnt
|faint|p2b: Simisage
|
|-weather|SunnyDay|[upkeep]
|upkeep
|
|t:|1785893987
|switch|p2b: Absol|Absol, L50, F|100/100
|switch|p2a: Manectric|Manectric, L50, M|100/100
|turn|2
|
|t:|1785894006
|detailschange|p2b: Absol|Absol-Mega, L50, F
|-mega|p2b: Absol|Absol|Absolite
|move|p1a: Felicia|Protect|p1a: Felicia
|-singleturn|p1a: Felicia|Protect
|move|p2b: Absol|Iron Tail|p1a: Felicia
|-activate|p1a: Felicia|move: Protect
|move|p2a: Manectric|Thunder|p1b: Jogoat
|-damage|p1b: Jogoat|23/100
|-status|p1b: Jogoat|par
|move|p1b: Jogoat|Earth Power|p2a: Manectric
|-supereffective|p2a: Manectric|1
|-damage|p2a: Manectric|3/100
|
|-weather|SunnyDay|[upkeep]
|upkeep
|turn|3
|inactive|ELpanagengar123 has 30 seconds left.
|
|t:|1785894034
|move|p2b: Absol|Iron Tail|p1a: Felicia
|-supereffective|p1a: Felicia|1
|-damage|p1a: Felicia|0 fnt
|faint|p1a: Felicia
|move|p2a: Manectric|Thunder|p1b: Jogoat
|-damage|p1b: Jogoat|0 fnt
|faint|p1b: Jogoat
|
|-weather|SunnyDay|[upkeep]
|upkeep
|
|t:|1785894039
|switch|p1a: Estanislao|Chandelure, L50, M|100/100
|switch|p1b: Mother|Kangaskhan, L50, F|100/100
|turn|4
|
|t:|1785894052
|detailschange|p1a: Estanislao|Chandelure-Mega, L50, M
|-mega|p1a: Estanislao|Chandelure|Chandelurite
|move|p1b: Mother|Protect|p1b: Mother
|-singleturn|p1b: Mother|Protect
|move|p2b: Absol|Throat Chop|p1a: Estanislao
|-supereffective|p1a: Estanislao|1
|-damage|p1a: Estanislao|16/100
|-start|p1a: Estanislao|Throat Chop|[silent]
|move|p2a: Manectric|Thunder|p1b: Mother
|-activate|p1b: Mother|move: Protect
|move|p1a: Estanislao|Heat Wave|p2a: Manectric|[spread] p2a
|-miss|p1a: Estanislao|p2b: Absol
|-damage|p2a: Manectric|0 fnt
|faint|p2a: Manectric
|
|-weather|SunnyDay|[upkeep]
|upkeep
|turn|5
|
|t:|1785894067
|move|p2b: Absol|Throat Chop|p1a: Estanislao
|-supereffective|p1a: Estanislao|1
|-damage|p1a: Estanislao|0 fnt
|faint|p1a: Estanislao
|move|p1b: Mother|Last Resort|p2b: Absol
|-damage|p2b: Absol|0 fnt
|faint|p2b: Absol
|
|win|ELpanagengar123
|l|☆ztteen
|player|p2|
