|j|☆NatRus3
|j|☆kokomiiiii
|html|NatRus3kokomiiiii    
|uhtml|bestof|Game 2 of a best-of-3
|t:|1757831411
|gametype|doubles
|player|p1|NatRus3|2|1086
|player|p2|kokomiiiii|lillie-masters|1071
|gen|9
|tier|[Gen 9] VGC 2025 Reg H (Bo3)
|rated|
|rule|Species Clause: Limit one of each Pokémon
|rule|Item Clause: Limit 1 of each item
|clearpoke
|poke|p1|Pelipper, L50, F|
|poke|p1|Archaludon, L50, F|
|poke|p1|Flamigo, L50, M|
|poke|p1|Basculegion, L50, M|
|poke|p1|Incineroar, L50, F|
|poke|p1|Whimsicott, L50, M|
|poke|p2|Gholdengo, L50|
|poke|p2|Ursaluna, L50, F|
|poke|p2|Dragonite, L50, F|
|poke|p2|Porygon2, L50|
|poke|p2|Incineroar, L50, M|
|poke|p2|Amoonguss, L50, M|
|teampreview|4
|showteam|p1|Pelipper||FocusSash|Drizzle|MuddyWater,Hurricane,WideGuard,Protect|||F|||50|,,,,,Ghost]Archaludon||AssaultVest|Stamina|ElectroShot,DragonPulse,FlashCannon,BodyPress|||F|||50|,,,,,Fairy]Flamigo||ClearAmulet|Scrappy|CloseCombat,BraveBird,Feint,Protect|||M|||50|,,,,,Ghost]Basculegion||LifeOrb|SwiftSwim|AquaJet,LastRespects,WaveCrash,Protect|||M|||50|,,,,,Water]Incineroar||RockyHelmet|Intimidate|FakeOut,KnockOff,FlareBlitz,HelpingHand|||F|||50|,,,,,Grass]Whimsicott||CovertCloak|Prankster|Tailwind,Encore,BeatUp,Moonblast|||M|||50|,,,,,Flying
|showteam|p2|Gholdengo||LifeOrb|GoodasGold|MakeItRain,ShadowBall,NastyPlot,Protect||||||50|,,,,,Water]Ursaluna||FlameOrb|Guts|HeadlongRush,Facade,Earthquake,Protect|||F|||50|,,,,,Ghost]Dragonite||LoadedDice|Multiscale|ScaleShot,Haze,Tailwind,Protect|||F|||50|,,,,,Fairy]Porygon2||Eviolite|Download|IceBeam,TeraBlast,TrickRoom,Recover||||||50|,,,,,Fighting]Incineroar||SafetyGoggles|Intimidate|FakeOut,KnockOff,FlareBlitz,PartingShot|||M|||50|,,,,,Ghost]Amoonguss||SitrusBerry|Regenerator|RagePowder,PollenPuff,Spore,Protect|||M|||50|,,,,,Water
|inactive|Battle timer is ON: inactive players will automatically lose when time's up. (requested by kokomiiiii)
|
|t:|1757831490
|teamsize|p1|4
|teamsize|p2|4
|start
|switch|p1a: Flamigo|Flamigo, L50, M|100/100
|switch|p1b: Incineroar|Incineroar, L50, F|100/100
|switch|p2a: Annoyingon2|Porygon2, L50|100/100
|switch|p2b: SHROOMSSSS|Amoonguss, L50, M, shiny|100/100
|-ability|p1b: Incineroar|Intimidate|boost
|-unboost|p2a: Annoyingon2|atk|1
|-unboost|p2b: SHROOMSSSS|atk|1
|-ability|p2a: Annoyingon2|Download|boost
|-boost|p2a: Annoyingon2|spa|1
|turn|1
|inactive|NatRus3 has 30 seconds left.
|
|t:|1757831516
|-terastallize|p2b: SHROOMSSSS|Water
|move|p1b: Incineroar|Fake Out|p2b: SHROOMSSSS
|-damage|p2b: SHROOMSSSS|89/100
|move|p1a: Flamigo|Brave Bird|p2a: Annoyingon2
|-damage|p2a: Annoyingon2|62/100
|-damage|p1a: Flamigo|87/100|[from] Recoil
|cant|p2b: SHROOMSSSS|flinch
|move|p2a: Annoyingon2|Trick Room|p2a: Annoyingon2
|-fieldstart|move: Trick Room|[of] p2a: Annoyingon2
|
|upkeep
|turn|2
|
|t:|1757831539
|switch|p1a: Whimsicott|Whimsicott, L50, M|100/100
|move|p2b: SHROOMSSSS|Spore|p1b: Incineroar
|-status|p1b: Incineroar|slp|[from] move: Spore
|move|p2a: Annoyingon2|Ice Beam|p1a: Whimsicott
|-supereffective|p1a: Whimsicott
|-crit|p1a: Whimsicott
|-damage|p1a: Whimsicott|0 fnt
|faint|p1a: Whimsicott
|cant|p1b: Incineroar|slp
|
|upkeep
|
|t:|1757831552
|switch|p1a: Flamigo|Flamigo, L50, M|87/100
|turn|3
|
|t:|1757831567
|move|p1a: Flamigo|Protect|p1a: Flamigo
|-singleturn|p1a: Flamigo|Protect
|move|p2b: SHROOMSSSS|Spore|p1a: Flamigo
|-activate|p1a: Flamigo|move: Protect
|move|p2a: Annoyingon2|Tera Blast|p1b: Incineroar
|-damage|p1b: Incineroar|51/100 slp
|cant|p1b: Incineroar|slp
|
|upkeep
|turn|4
|
|t:|1757831590
|move|p2b: SHROOMSSSS|Spore|p1a: Flamigo
|-status|p1a: Flamigo|slp|[from] move: Spore
|move|p2a: Annoyingon2|Tera Blast|p1b: Incineroar
|-damage|p1b: Incineroar|6/100 slp
|-curestatus|p1b: Incineroar|slp|[msg]
|move|p1b: Incineroar|Knock Off|p2b: SHROOMSSSS
|-damage|p2b: SHROOMSSSS|48/100
|-enditem|p2b: SHROOMSSSS|Sitrus Berry|[from] move: Knock Off|[of] p1b: Incineroar
|cant|p1a: Flamigo|slp
|
|upkeep
|turn|5
|inactive|kokomiiiii has 30 seconds left.
|inactive|NatRus3 has 30 seconds left.
|inactive|NatRus3 has 20 seconds left.
|
|t:|1757831636
|switch|p1a: Basculegion|Basculegion, L50, M|100/100
|move|p2b: SHROOMSSSS|Spore|p1b: Incineroar
|-status|p1b: Incineroar|slp|[from] move: Spore
|move|p2a: Annoyingon2|Ice Beam|p1a: Basculegion
|-resisted|p1a: Basculegion
|-damage|p1a: Basculegion|79/100
|cant|p1b: Incineroar|slp
|
|-fieldend|move: Trick Room
|upkeep
|turn|6
|inactive|NatRus3 has 30 seconds left.
|
|t:|1757831669
|-terastallize|p1a: Basculegion|Water
|cant|p1b: Incineroar|slp
|move|p2b: SHROOMSSSS|Rage Powder|p2b: SHROOMSSSS
|-singleturn|p2b: SHROOMSSSS|move: Rage Powder
|move|p1a: Basculegion|Wave Crash|p2b: SHROOMSSSS
|-resisted|p2b: SHROOMSSSS
|-damage|p2b: SHROOMSSSS|7/100
|-damage|p1a: Basculegion|64/100|[from] Recoil
|-damage|p1a: Basculegion|54/100|[from] item: Life Orb
|move|p2a: Annoyingon2|Trick Room|p2a: Annoyingon2
|-fieldstart|move: Trick Room|[of] p2a: Annoyingon2
|
|upkeep
|turn|7
|
|t:|1757831684
|move|p1a: Basculegion|Protect|p1a: Basculegion
|-singleturn|p1a: Basculegion|Protect
|move|p2b: SHROOMSSSS|Spore|p1a: Basculegion
|-activate|p1a: Basculegion|move: Protect
|move|p2a: Annoyingon2|Tera Blast|p1b: Incineroar
|-damage|p1b: Incineroar|0 fnt
|faint|p1b: Incineroar
|
|upkeep
|
|t:|1757831694
|switch|p1b: Flamigo|Flamigo, L50, M|87/100 slp
|turn|8
|
|t:|1757831702
|move|p1a: Basculegion|Aqua Jet|p2b: SHROOMSSSS
|-resisted|p2b: SHROOMSSSS
|-damage|p2b: SHROOMSSSS|0 fnt
|faint|p2b: SHROOMSSSS
|-damage|p1a: Basculegion|45/100|[from] item: Life Orb
|move|p2a: Annoyingon2|Ice Beam|p1b: Flamigo
|-supereffective|p1b: Flamigo
|-damage|p1b: Flamigo|0 fnt
|faint|p1b: Flamigo
|
|upkeep
|
|t:|1757831707
|switch|p2b: bam|Ursaluna, L50, F, shiny|100/100
|turn|9
|
|t:|1757831718
|move|p1a: Basculegion|Protect|p1a: Basculegion
|-singleturn|p1a: Basculegion|Protect
|move|p2a: Annoyingon2|Tera Blast|p1a: Basculegion
|-activate|p1a: Basculegion|move: Protect
|move|p2b: bam|Headlong Rush|p1a: Basculegion
|-activate|p1a: Basculegion|move: Protect
|
|-status|p2b: bam|brn|[from] item: Flame Orb
|upkeep
|turn|10
|
|t:|1757831730
|move|p1a: Basculegion|Protect|p1a: Basculegion
|-singleturn|p1a: Basculegion|Protect
|move|p2a: Annoyingon2|Tera Blast|p1a: Basculegion
|-activate|p1a: Basculegion|move: Protect
|move|p2b: bam|Facade|p1a: Basculegion
|-activate|p1a: Basculegion|move: Protect
|
|-damage|p2b: bam|95/100 brn|[from] brn
|-fieldend|move: Trick Room
|upkeep
|turn|11
|
|t:|1757831745
|move|p1a: Basculegion|Wave Crash|p2a: Annoyingon2
|-crit|p2a: Annoyingon2
|-damage|p2a: Annoyingon2|0 fnt
|faint|p2a: Annoyingon2
|-damage|p1a: Basculegion|27/100|[from] Recoil
|-damage|p1a: Basculegion|17/100|[from] item: Life Orb
|move|p2b: bam|Facade|p1a: Basculegion
|-damage|p1a: Basculegion|0 fnt
|faint|p1a: Basculegion
|
|win|kokomiiiii
|raw|NatRus3's rating: 1086 → 1062(-24 for losing)
|raw|kokomiiiii's rating: 1071 → 1102(+31 for winning)
