|j|☆I love bo3
|j|☆BenBen84
|html|I love bo3BenBen84    
|uhtml|bestof|Game 1 of a best-of-3
|t:|1785513175
|gametype|doubles
|player|p1|I love bo3|dawn|
|player|p2|BenBen84|unknown|
|gen|9
|tier|[Gen 9 Champions] VGC 2026 Reg M-B (Bo3)
|rule|Species Clause: Limit one of each Pokémon
|rule|Item Clause: Limit 1 of each item
|clearpoke
|poke|p1|Staraptor, L50, M, shiny|
|poke|p1|Charizard, L50, M, shiny|
|poke|p1|Garchomp, L50, M, shiny|
|poke|p1|Gholdengo, L50|
|poke|p1|Whimsicott, L50, F, shiny|
|poke|p1|Rotom-Wash, L50|
|poke|p2|Delphox, L50, F, shiny|
|poke|p2|Floette-Eternal, L50, F|
|poke|p2|Incineroar, L50, F, shiny|
|poke|p2|Sinistcha, L50, shiny|
|poke|p2|Sneasler, L50, F, shiny|
|poke|p2|Kingambit, L50, F, shiny|
|teampreview|4
|showteam|p1|Staraptor||Staraptite|Intimidate|CloseCombat,BraveBird,Roost,Protect|Jolly||M|||50|]Charizard||CharizarditeY|Blaze|WeatherBall,HeatWave,SolarBeam,Protect|Modest||M|||50|]Garchomp||LifeOrb|RoughSkin|Earthquake,DragonClaw,RockSlide,Protect|Jolly||M|||50|]Gholdengo||SpellTag|GoodasGold|MakeItRain,ShadowBall,NastyPlot,Protect|Modest|||||50|]Whimsicott||FocusSash|Prankster|Moonblast,Charm,Tailwind,Protect|Timid||F|||50|]Rotom-Wash||ChoiceScarf|Levitate|HydroPump,VoltSwitch,Electroweb,WillOWisp|Timid|||||50|
|showteam|p2|Delphox||Delphoxite|Blaze|HeatWave,Psyshock,NastyPlot,Protect|Timid||F|||50|]Floette-Eternal||Floettite|FlowerVeil|DazzlingGleam,DrainingKiss,CalmMind,Protect|Timid||F|||50|]Incineroar||SitrusBerry|Intimidate|FlareBlitz,HelpingHand,PartingShot,FakeOut|Impish||F|||50|]Sinistcha||OccaBerry|Hospitality|MatchaGotcha,TrickRoom,RagePowder,Protect|Bold|||||50|]Sneasler||FocusSash|PoisonTouch|DireClaw,CloseCombat,FakeOut,QuickGuard|Jolly||F|||50|]Kingambit||BlackGlasses|Defiant|KowtowCleave,SuckerPunch,SwordsDance,Protect|Adamant||F|||50|
|j| Croissant996
|c|☆I love bo3|誰是C開頭
|c|☆I love bo3|三小
|c|☆I love bo3|秒進欸
|
|t:|1785513223
|teamsize|p1|4
|teamsize|p2|4
|start
|switch|p1a: Rotom|Rotom-Wash, L50|100/100
|switch|p1b: Charizard|Charizard, L50, M, shiny|100/100
|switch|p2a: Delphox|Delphox, L50, F, shiny|100/100
|switch|p2b: Sneasler|Sneasler, L50, F, shiny|100/100
|turn|1
|j| zuutokei2
|inactive|Battle timer is ON: inactive players will automatically lose when time's up. (requested by BenBen84)
|j| otenkoz
|
|t:|1785513302
|switch|p1b: Garchomp|Garchomp, L50, M, shiny|100/100
|detailschange|p2a: Delphox|Delphox-Mega, L50, F, shiny
|-mega|p2a: Delphox|Delphox|Delphoxite
|move|p2b: Sneasler|Fake Out|p1a: Rotom
|-damage|p1a: Rotom|83/100
|-status|p1a: Rotom|psn|[from] ability: Poison Touch|[of] p2b: Sneasler
|cant|p1a: Rotom|flinch
|move|p2a: Delphox|Nasty Plot|p2a: Delphox
|-boost|p2a: Delphox|spa|2
|
|-damage|p1a: Rotom|71/100 psn|[from] psn
|upkeep
|turn|2
|c|☆BenBen84|太久ㄌ
|c| zuutokei2|容神累累
|
|t:|1785513323
|switch|p2b: Sinistcha|Sinistcha, L50, shiny|100/100
|move|p2a: Delphox|Protect|p2a: Delphox
|-singleturn|p2a: Delphox|Protect
|move|p1a: Rotom|Electroweb|p2b: Sinistcha|[spread] p2b
|-activate|p2a: Delphox|move: Protect
|-resisted|p2b: Sinistcha|1
|-damage|p2b: Sinistcha|91/100
|-unboost|p2b: Sinistcha|spe|1
|move|p1b: Garchomp|Earthquake|p2a: Delphox|[spread] p2b
|-activate|p2a: Delphox|move: Protect
|-immune|p1a: Rotom|[from] ability: Levitate
|-resisted|p2b: Sinistcha|1
|-damage|p2b: Sinistcha|71/100
|-damage|p1b: Garchomp|90/100|[from] item: Life Orb
|
|-damage|p1a: Rotom|59/100 psn|[from] psn
|upkeep
|turn|3
|c| zuutokei2|消耗的成果
|j| ttsui234
|inactive|I love bo3 has 30 seconds left.
|
|t:|1785513350
|switch|p1a: Whimsicott|Whimsicott, L50, F, shiny|100/100
|move|p2a: Delphox|Psyshock|p1b: Garchomp
|-damage|p1b: Garchomp|2/100
|move|p1b: Garchomp|Rock Slide|p2a: Delphox|[spread] p2a
|-miss|p1b: Garchomp|p2b: Sinistcha
|-supereffective|p2a: Delphox|1
|-damage|p2a: Delphox|34/100
|-damage|p1b: Garchomp|0 fnt|[from] item: Life Orb
|faint|p1b: Garchomp
|move|p2b: Sinistcha|Matcha Gotcha|p1a: Whimsicott|[miss]
|-miss|p2b: Sinistcha|p1a: Whimsicott
|
|upkeep
|
|t:|1785513366
|switch|p1b: Charizard|Charizard, L50, M, shiny|100/100
|turn|4
|inactive|I love bo3 has 30 seconds left.
|inactive|BenBen84 has 30 seconds left.
|inactive|I love bo3 has 20 seconds left.
|inactive|I love bo3 has 15 seconds left.
|inactive|I love bo3 has 10 seconds left.
|
|t:|1785513416
|switch|p1a: Rotom|Rotom-Wash, L50|59/100 psn
|detailschange|p1b: Charizard|Charizard-Mega-Y, L50, M, shiny
|-mega|p1b: Charizard|Charizard|Charizardite Y
|-weather|SunnyDay|[from] ability: Drought|[of] p1b: Charizard
|move|p2a: Delphox|Heat Wave|p1b: Charizard|[spread] p1a,p1b
|-resisted|p1a: Rotom|1
|-resisted|p1b: Charizard|1
|-damage|p1a: Rotom|0 fnt
|-damage|p1b: Charizard|46/100
|faint|p1a: Rotom
|move|p1b: Charizard|Heat Wave|p2b: Sinistcha|[spread] p2a,p2b
|-resisted|p2a: Delphox|1
|-supereffective|p2b: Sinistcha|1
|-enditem|p2b: Sinistcha|Occa Berry|[eat]
|-enditem|p2b: Sinistcha|Occa Berry|[weaken]
|-damage|p2a: Delphox|6/100
|-damage|p2b: Sinistcha|12/100
|move|p2b: Sinistcha|Trick Room|p2b: Sinistcha
|-fieldstart|move: Trick Room|[of] p2b: Sinistcha
|
|-weather|SunnyDay|[upkeep]
|upkeep
|l| ttsui234
|
|t:|1785513430
|switch|p1a: Whimsicott|Whimsicott, L50, F, shiny|100/100
|turn|5
|inactive|I love bo3 has 30 seconds left.
|j| ttsui234
|
|t:|1785513464
|move|p1a: Whimsicott|Protect|p1a: Whimsicott
|-singleturn|p1a: Whimsicott|Protect
|move|p2a: Delphox|Protect|p2a: Delphox
|-singleturn|p2a: Delphox|Protect
|move|p2b: Sinistcha|Matcha Gotcha|p1a: Whimsicott|[spread] p1b
|-activate|p1a: Whimsicott|move: Protect
|-resisted|p1b: Charizard|2
|-damage|p1b: Charizard|41/100
|-heal|p2b: Sinistcha|15/100|[from] drain|[of] p1b: Charizard
|move|p1b: Charizard|Heat Wave|p2b: Sinistcha|[spread] p2b
|-activate|p2a: Delphox|move: Protect
|-supereffective|p2b: Sinistcha|1
|-damage|p2b: Sinistcha|0 fnt
|faint|p2b: Sinistcha
|
|-weather|SunnyDay|[upkeep]
|upkeep
|
|t:|1785513479
|switch|p2b: Kingambit|Kingambit, L50, F, shiny|100/100
|turn|6
|
|t:|1785513489
|move|p1b: Charizard|Protect|p1b: Charizard
|-singleturn|p1b: Charizard|Protect
|move|p2b: Kingambit|Kowtow Cleave|p1b: Charizard
|-activate|p1b: Charizard|move: Protect
|move|p1a: Whimsicott|Moonblast|p2a: Delphox
|-resisted|p2a: Delphox|1
|-damage|p2a: Delphox|0 fnt
|faint|p2a: Delphox
|
|-weather|SunnyDay|[upkeep]
|upkeep
|
|t:|1785513498
|switch|p2a: Sneasler|Sneasler, L50, F, shiny|100/100
|turn|7
|
|t:|1785513505
|move|p1b: Charizard|Protect||[still]
|-fail|p1b: Charizard
|move|p2a: Sneasler|Fake Out|p1a: Whimsicott
|-damage|p1a: Whimsicott|78/100
|move|p2b: Kingambit|Kowtow Cleave|p1b: Charizard
|-damage|p1b: Charizard|0 fnt
|faint|p1b: Charizard
|cant|p1a: Whimsicott|flinch
|
|-weather|SunnyDay|[upkeep]
|upkeep
|turn|8
|
|t:|1785513519
|move|p1a: Whimsicott|Protect|p1a: Whimsicott
|-singleturn|p1a: Whimsicott|Protect
|move|p2b: Kingambit|Kowtow Cleave|p1a: Whimsicott
|-activate|p1a: Whimsicott|move: Protect
|move|p2a: Sneasler|Dire Claw|p1a: Whimsicott
|-activate|p1a: Whimsicott|move: Protect
|
|-weather|none
|-fieldend|move: Trick Room
|upkeep
|turn|9
|
|t:|1785513530
|move|p1a: Whimsicott|Charm|p2a: Sneasler
|-unboost|p2a: Sneasler|atk|2
|move|p2a: Sneasler|Dire Claw|p1a: Whimsicott
|-supereffective|p1a: Whimsicott|2
|-damage|p1a: Whimsicott|0 fnt
|faint|p1a: Whimsicott
|
|win|BenBen84
||I love bo3 is ready for game 2.
|inactive|BenBen84 has 30 seconds to confirm battle start!
||BenBen84 is ready for game 2.
|uhtml|next|Next: Game 2 of 3
|l| ttsui234
|l| Croissant996
|l|☆I love bo3
|player|p1|
|j|☆I love bo3
|player|p1|I love bo3|dawn|
|l|☆I love bo3
|player|p1|
