|j|☆memeberserk
|j|☆jomivgc
|html|memeberserkjomivgc    
|uhtml|bestof|Game 1 of a best-of-3
|t:|1784601881
|gametype|doubles
|player|p1|memeberserk|lance|1240
|player|p2|jomivgc|falkner-gen2|1239
|gen|9
|tier|[Gen 9 Champions] VGC 2026 Reg M-B (Bo3)
|rated|
|rule|Species Clause: Limit one of each Pokémon
|rule|Item Clause: Limit 1 of each item
|clearpoke
|poke|p1|Raichu, L50, F|
|poke|p1|Corviknight, L50, F|
|poke|p1|Sylveon, L50, F|
|poke|p1|Basculegion, L50, M|
|poke|p1|Mamoswine, L50, F|
|poke|p1|Tyranitar, L50, F|
|poke|p2|Aerodactyl, L50, M|
|poke|p2|Charizard, L50, M|
|poke|p2|Incineroar, L50, M|
|poke|p2|Kingambit, L50, F|
|poke|p2|Sylveon, L50, M|
|poke|p2|Garchomp, L50, M|
|teampreview|4
|showteam|p1|Raichu||RaichuniteY|LightningRod|ZapCannon,FocusBlast,FakeOut,Protect|Timid||F|||50|]Corviknight||Leftovers|Unnerve|BraveBird,IronHead,Tailwind,Protect|Careful||F|||50|]Sylveon||FairyFeather|Pixilate|HyperVoice,QuickAttack,Protect,Yawn|Modest||F|||50|]Basculegion||MysticWater|SwiftSwim|WaveCrash,LastRespects,AquaJet,Protect|Adamant||M|||50|]Mamoswine||LifeOrb|Oblivious|HighHorsepower,IceShard,IcicleCrash,Protect|Adamant||F|||50|]Tyranitar||FocusSash|SandStream|RockSlide,KnockOff,Superpower,Protect|Adamant||F|||50|
|showteam|p2|Aerodactyl||Aerodactylite|Unnerve|RockSlide,DualWingbeat,WideGuard,Tailwind|Jolly||M|||50|]Charizard||CharizarditeY|Blaze|HeatWave,WeatherBall,SolarBeam,Protect|Modest||M|||50|]Incineroar||SitrusBerry|Intimidate|FlareBlitz,DarkestLariat,FakeOut,PartingShot|Impish||M|||50|]Kingambit||FocusSash|Defiant|KowtowCleave,IronHead,SuckerPunch,LowKick|Adamant||F|||50|]Sylveon||FairyFeather|Pixilate|HyperVoice,HyperBeam,QuickAttack,Detect|Modest||M|||50|]Garchomp||LifeOrb|RoughSkin|Earthquake,DragonClaw,RockSlide,Protect|Jolly||M|||50|
|inactive|Battle timer is ON: inactive players will automatically lose when time's up. (requested by jomivgc)
|inactive|memeberserk has 60 seconds left.
|inactive|jomivgc has 60 seconds left.
|
|t:|1784601934
|teamsize|p1|4
|teamsize|p2|4
|start
|switch|p1a: Raichu|Raichu, L50, F|100/100
|switch|p1b: Corviknight|Corviknight, L50, F|100/100
|switch|p2a: Garchomp|Garchomp, L50, M|100/100
|switch|p2b: Aerodactyl|Aerodactyl, L50, M|100/100
|-ability|p2b: Aerodactyl|Unnerve
|-ability|p1b: Corviknight|Unnerve
|turn|1
|
|t:|1784601959
|detailschange|p2b: Aerodactyl|Aerodactyl-Mega, L50, M
|-mega|p2b: Aerodactyl|Aerodactyl|Aerodactylite
|detailschange|p1a: Raichu|Raichu-Mega-Y, L50, F
|-mega|p1a: Raichu|Raichu|Raichunite Y
|move|p1a: Raichu|Fake Out|p2a: Garchomp
|-damage|p2a: Garchomp|91/100
|-damage|p1a: Raichu|88/100|[from] ability: Rough Skin|[of] p2a: Garchomp
|move|p2b: Aerodactyl|Tailwind|p2b: Aerodactyl
|-sidestart|p2: jomivgc|move: Tailwind
|cant|p2a: Garchomp|flinch
|move|p1b: Corviknight|Tailwind|p1b: Corviknight
|-sidestart|p1: memeberserk|move: Tailwind
|
|upkeep
|turn|2
|inactive|memeberserk has 30 seconds left.
|inactive|jomivgc has 30 seconds left.
|inactive|jomivgc has 20 seconds left.
|inactive|jomivgc has 15 seconds left.
|inactive|jomivgc has 10 seconds left.
|
|t:|1784602009
|move|p1a: Raichu|Protect|p1a: Raichu
|-singleturn|p1a: Raichu|Protect
|move|p2b: Aerodactyl|Rock Slide|p1a: Raichu|[spread] p1b
|-activate|p1a: Raichu|move: Protect
|-damage|p1b: Corviknight|77/100
|move|p2a: Garchomp|Earthquake|p1a: Raichu|[spread] 
|-activate|p1a: Raichu|move: Protect
|-immune|p2b: Aerodactyl
|-immune|p1b: Corviknight
|move|p1b: Corviknight|Iron Head|p2b: Aerodactyl
|-supereffective|p2b: Aerodactyl|1
|-damage|p2b: Aerodactyl|34/100
|
|-heal|p1b: Corviknight|83/100|[from] item: Leftovers
|upkeep
|turn|3
|
|t:|1784602032
|switch|p1a: Sylveon|Sylveon, L50, F|100/100
|move|p2b: Aerodactyl|Rock Slide|p1b: Corviknight|[spread] p1a,p1b
|-damage|p1a: Sylveon|71/100
|-damage|p1b: Corviknight|62/100
|move|p2a: Garchomp|Earthquake|p1a: Sylveon|[spread] p1a
|-immune|p2b: Aerodactyl
|-immune|p1b: Corviknight
|-damage|p1a: Sylveon|18/100
|-damage|p2a: Garchomp|81/100|[from] item: Life Orb
|move|p1b: Corviknight|Iron Head|p2b: Aerodactyl
|-supereffective|p2b: Aerodactyl|1
|-damage|p2b: Aerodactyl|0 fnt
|faint|p2b: Aerodactyl
|
|-heal|p1b: Corviknight|68/100|[from] item: Leftovers
|upkeep
|
|t:|1784602049
|switch|p2b: Kingambit|Kingambit, L50, F|100/100
|turn|4
|
|t:|1784602069
|move|p1a: Sylveon|Protect|p1a: Sylveon
|-singleturn|p1a: Sylveon|Protect
|move|p2a: Garchomp|Rock Slide|p1a: Sylveon|[spread] p1b
|-activate|p1a: Sylveon|move: Protect
|-damage|p1b: Corviknight|48/100
|-damage|p2a: Garchomp|71/100|[from] item: Life Orb
|cant|p1b: Corviknight|flinch
|move|p2b: Kingambit|Kowtow Cleave|p1b: Corviknight
|-damage|p1b: Corviknight|4/100
|
|-heal|p1b: Corviknight|10/100|[from] item: Leftovers
|-sideend|p1: memeberserk|move: Tailwind
|-sideend|p2: jomivgc|move: Tailwind
|upkeep
|turn|5
|inactive|jomivgc has 30 seconds left.
|
|t:|1784602096
|move|p2a: Garchomp|Rock Slide|p1a: Sylveon|[spread] p1a,p1b
|-damage|p1a: Sylveon|0 fnt
|-damage|p1b: Corviknight|0 fnt
|faint|p1a: Sylveon
|faint|p1b: Corviknight
|-damage|p2a: Garchomp|61/100|[from] item: Life Orb
|move|p2b: Kingambit|Iron Head|p1: Sylveon|[notarget]
|-fail|p2b: Kingambit
|
|upkeep
|
|t:|1784602104
|switch|p1b: Mamoswine|Mamoswine, L50, F|100/100
|switch|p1a: Raichu|Raichu-Mega-Y, L50, F|88/100
|turn|6
|
|t:|1784602119
|switch|p2a: Incineroar|Incineroar, L50, M|100/100
|-ability|p2a: Incineroar|Intimidate|boost
|-unboost|p1a: Raichu|atk|1
|-fail|p1b: Mamoswine|unboost|Attack|[from] ability: Oblivious|[of] p1b: Mamoswine
|move|p1a: Raichu|Focus Blast|p2b: Kingambit
|-supereffective|p2b: Kingambit|2
|-enditem|p2b: Kingambit|Focus Sash
|-damage|p2b: Kingambit|1/100
|move|p1b: Mamoswine|High Horsepower|p2b: Kingambit|[miss]
|-miss|p1b: Mamoswine|p2b: Kingambit
|move|p2b: Kingambit|Iron Head|p1b: Mamoswine
|-supereffective|p1b: Mamoswine|1
|-damage|p1b: Mamoswine|3/100
|
|upkeep
|turn|7
|inactive|memeberserk has 30 seconds left.
|inactive|jomivgc has 30 seconds left.
|
|t:|1784602145
|move|p1b: Mamoswine|Protect|p1b: Mamoswine
|-singleturn|p1b: Mamoswine|Protect
|move|p2a: Incineroar|Fake Out|p1b: Mamoswine
|-activate|p1b: Mamoswine|move: Protect
|move|p2b: Kingambit|Sucker Punch|p1a: Raichu
|-damage|p1a: Raichu|18/100
|move|p1a: Raichu|Focus Blast|p2b: Kingambit
|-supereffective|p2b: Kingambit|2
|-damage|p2b: Kingambit|0 fnt
|faint|p2b: Kingambit
|
|upkeep
|
|t:|1784602155
|switch|p2b: Garchomp|Garchomp, L50, M|61/100
|turn|8
|
|t:|1784602169
|move|p2b: Garchomp|Protect|p2b: Garchomp
|-singleturn|p2b: Garchomp|Protect
|move|p1b: Mamoswine|Ice Shard|p2b: Garchomp
|-activate|p2b: Garchomp|move: Protect
|move|p1a: Raichu|Focus Blast|p2a: Incineroar
|-supereffective|p2a: Incineroar|1
|-damage|p2a: Incineroar|16/100
|-enditem|p2a: Incineroar|Sitrus Berry|[eat]
|-heal|p2a: Incineroar|41/100|[from] item: Sitrus Berry
|move|p2a: Incineroar|Darkest Lariat|p1b: Mamoswine
|-damage|p1b: Mamoswine|0 fnt
|faint|p1b: Mamoswine
|
|upkeep
|turn|9
|-message|memeberserk forfeited.
|
|win|jomivgc
