|j|☆DarinVGC
|j|☆bfik
|html|DarinVGCbfik    
|uhtml|bestof|Game 3 of a best-of-3
|t:|1783336622
|gametype|doubles
|player|p1|DarinVGC|silver|1084
|player|p2|bfik|ninjaboy|1000
|gen|9
|tier|[Gen 9 Champions] VGC 2026 Reg M-B (Bo3)
|rated|
|rule|Species Clause: Limit one of each Pokémon
|rule|Item Clause: Limit 1 of each item
|clearpoke
|poke|p1|Garchomp, L50, M|
|poke|p1|Sylveon, L50, M|
|poke|p1|Kingambit, L50, M|
|poke|p1|Aerodactyl, L50, M|
|poke|p1|Farigiraf, L50, M|
|poke|p1|Charizard, L50, M|
|poke|p2|Swampert, L50, M, shiny|
|poke|p2|Metagross, L50, shiny|
|poke|p2|Chandelure, L50, M, shiny|
|poke|p2|Umbreon, L50, M, shiny|
|poke|p2|Araquanid, L50, M, shiny|
|poke|p2|Garchomp, L50, M, shiny|
|teampreview|4
|showteam|p1|Garchomp||LifeOrb|RoughSkin|Earthquake,RockSlide,DragonClaw,Protect|Jolly||M|||50|]Sylveon||FairyFeather|Pixilate|Protect,HyperVoice,HyperBeam,QuickAttack|Modest||M|||50|]Kingambit||FocusSash|Defiant|IronHead,KowtowCleave,SuckerPunch,LowKick|Adamant||M|||50|]Aerodactyl||Aerodactylite|Unnerve|IceFang,RockSlide,DualWingbeat,Tailwind|Jolly||M|||50|]Farigiraf||SitrusBerry|ArmorTail|TrickRoom,Thunderbolt,TwinBeam,HelpingHand|Bold||M|||50|]Charizard||CharizarditeY|SolarPower|Protect,HeatWave,WeatherBall,SolarBeam|Modest||M|||50|
|showteam|p2|Swampert||Swampertite|Torrent|WaveCrash,StompingTantrum,IcePunch,Protect|Adamant||M|||50|]Metagross||Leftovers|ClearBody|BulletPunch,IronDefense,BodyPress,Protect|Careful|||||50|]Chandelure||Chandelurite|FlameBody|HeatWave,Overheat,ShadowBall,Protect|Timid||M|||50|]Umbreon||MentalHerb|Synchronize|ThunderWave,RainDance,FoulPlay,Protect|Bold||M|||50|]Araquanid||FocusSash|WaterBubble|RainDance,StickyWeb,IcyWind,Liquidation|Sassy||M|||50|]Garchomp||LifeOrb|RoughSkin|StompingTantrum,DragonClaw,SwordsDance,Protect|Jolly||M|||50|
|
|t:|1783336642
|teamsize|p1|4
|teamsize|p2|4
|start
|switch|p1a: Farigiraf|Farigiraf, L50, M|100/100
|switch|p1b: Kingambit|Kingambit, L50, M|100/100
|switch|p2a: Umbreon|Umbreon, L50, M, shiny|100/100
|switch|p2b: Garchomp|Garchomp, L50, M, shiny|100/100
|turn|1
|
|t:|1783336658
|move|p2b: Garchomp|Swords Dance|p2b: Garchomp
|-boost|p2b: Garchomp|atk|2
|move|p1b: Kingambit|Iron Head|p2a: Umbreon
|-damage|p2a: Umbreon|67/100
|move|p2a: Umbreon|Foul Play|p1a: Farigiraf
|-supereffective|p1a: Farigiraf|1
|-damage|p1a: Farigiraf|56/100
|move|p1a: Farigiraf|Trick Room|p1a: Farigiraf
|-fieldstart|move: Trick Room|[of] p1a: Farigiraf
|
|upkeep
|turn|2
|
|t:|1783336673
|move|p1a: Farigiraf|Helping Hand|p1b: Kingambit
|-singleturn|p1b: Kingambit|Helping Hand|[of] p1a: Farigiraf
|move|p2a: Umbreon|Foul Play|p1a: Farigiraf
|-supereffective|p1a: Farigiraf|1
|-damage|p1a: Farigiraf|18/100
|-enditem|p1a: Farigiraf|Sitrus Berry|[eat]
|-heal|p1a: Farigiraf|43/100|[from] item: Sitrus Berry
|move|p1b: Kingambit|Iron Head|p2a: Umbreon
|-damage|p2a: Umbreon|21/100
|move|p2b: Garchomp|Stomping Tantrum|p1b: Kingambit
|-supereffective|p1b: Kingambit|1
|-enditem|p1b: Kingambit|Focus Sash
|-damage|p1b: Kingambit|1/100
|-damage|p2b: Garchomp|90/100|[from] item: Life Orb
|
|upkeep
|turn|3
|
|t:|1783336692
|move|p1a: Farigiraf|Twin Beam|p2b: Garchomp
|-damage|p2b: Garchomp|75/100
|-damage|p2b: Garchomp|58/100
|-hitcount|p2b: Garchomp|2
|move|p2a: Umbreon|Foul Play|p1b: Kingambit
|-resisted|p1b: Kingambit|1
|-damage|p1b: Kingambit|0 fnt
|faint|p1b: Kingambit
|move|p2b: Garchomp|Stomping Tantrum|p1a: Farigiraf
|-damage|p1a: Farigiraf|0 fnt
|faint|p1a: Farigiraf
|-damage|p2b: Garchomp|48/100|[from] item: Life Orb
|
|upkeep
|
|t:|1783336698
|switch|p1a: Sylveon|Sylveon, L50, M|100/100
|switch|p1b: Charizard|Charizard, L50, M|100/100
|turn|4
|
|t:|1783336712
|move|p2b: Garchomp|Protect|p2b: Garchomp
|-singleturn|p2b: Garchomp|Protect
|move|p2a: Umbreon|Thunder Wave|p1b: Charizard|[miss]
|-miss|p2a: Umbreon|p1b: Charizard
|move|p1a: Sylveon|Hyper Voice|p2b: Garchomp|[spread] p2a
|-activate|p2b: Garchomp|move: Protect
|-supereffective|p2a: Umbreon|1
|-crit|p2a: Umbreon
|-damage|p2a: Umbreon|0 fnt
|faint|p2a: Umbreon
|move|p1b: Charizard|Heat Wave|p2b: Garchomp
|-activate|p2b: Garchomp|move: Protect
|
|upkeep
|
|t:|1783336725
|switch|p2a: Araquanid|Araquanid, L50, M, shiny|100/100
|turn|5
|
|t:|1783336737
|detailschange|p1b: Charizard|Charizard-Mega-Y, L50, M
|-mega|p1b: Charizard|Charizard|Charizardite Y
|-weather|SunnyDay|[from] ability: Drought|[of] p1b: Charizard
|move|p2a: Araquanid|Liquidation|p1b: Charizard
|-supereffective|p1b: Charizard|1
|-damage|p1b: Charizard|59/100
|move|p1a: Sylveon|Hyper Voice|p2a: Araquanid|[spread] p2a,p2b
|-supereffective|p2b: Garchomp|1
|-damage|p2a: Araquanid|69/100
|-damage|p2b: Garchomp|0 fnt
|faint|p2b: Garchomp
|move|p1b: Charizard|Solar Beam||[still]
|-prepare|p1b: Charizard|Solar Beam
|-anim|p1b: Charizard|Solar Beam|p2a: Araquanid
|-damage|p2a: Araquanid|41/100
|
|-weather|SunnyDay|[upkeep]
|-fieldend|move: Trick Room
|upkeep
|
|t:|1783336751
|switch|p2b: Swampert|Swampert, L50, M, shiny|100/100
|turn|6
|
|t:|1783336762
|detailschange|p2b: Swampert|Swampert-Mega, L50, M, shiny
|-mega|p2b: Swampert|Swampert|Swampertite
|move|p1b: Charizard|Solar Beam||[still]
|-prepare|p1b: Charizard|Solar Beam
|-anim|p1b: Charizard|Solar Beam|p2b: Swampert
|-supereffective|p2b: Swampert|2
|-damage|p2b: Swampert|0 fnt
|faint|p2b: Swampert
|move|p1a: Sylveon|Hyper Beam|p2a: Araquanid
|-damage|p2a: Araquanid|0 fnt
|-mustrecharge|p1a: Sylveon
|faint|p2a: Araquanid
|
|win|DarinVGC
|raw|DarinVGC's rating: 1084 → 1105(+21 for winning)
|raw|bfik's rating: 1000 → 1000(+0 for losing)
|l|☆bfik
|player|p2|
