|j|☆emmmmyyyyy
|j|☆Mangaking202
|html|emmmmyyyyyMangaking202    
|uhtml|bestof|Game 2 of a best-of-3
|t:|1784381848
|gametype|doubles
|player|p1|emmmmyyyyy|102|1111
|player|p2|Mangaking202|169|1059
|gen|9
|tier|[Gen 9 Champions] VGC 2026 Reg M-B (Bo3)
|rated|
|rule|Species Clause: Limit one of each Pokémon
|rule|Item Clause: Limit 1 of each item
|clearpoke
|poke|p1|Staraptor, L50, F|
|poke|p1|Meganium, L50, M|
|poke|p1|Gholdengo, L50|
|poke|p1|Talonflame, L50, F|
|poke|p1|Clefable, L50, M|
|poke|p1|Incineroar, L50, F|
|poke|p2|Charizard, L50, F, shiny|
|poke|p2|Sableye, L50, M|
|poke|p2|Garchomp, L50, M|
|poke|p2|Sneasler, L50, F|
|poke|p2|Zoroark-Hisui, L50, M|
|poke|p2|Kingambit, L50, F, shiny|
|teampreview|4
|showteam|p1|Staraptor||Staraptite|Intimidate|CloseCombat,Protect,BraveBird,Roost|Adamant||F|||50|]Meganium||Meganiumite|LeafGuard|SolarBeam,Synthesis,PollenPuff,Protect|Timid||M|||50|]Gholdengo||ChoiceScarf|GoodasGold|MakeItRain,DazzlingGleam,ShadowBall,FocusBlast|Timid|||||50|]Talonflame||FocusSash|FlameBody|Tailwind,Overheat,Uturn,Protect|Timid||F|||50|]Clefable||Leftovers|MagicGuard|FollowMe,Protect,Moonblast,LifeDew|Calm||M|||50|]Incineroar||SitrusBerry|Intimidate|FakeOut,PartingShot,FlareBlitz,Protect|Careful||F|||50|
|showteam|p2|Charizard||CharizarditeY|Blaze|HeatWave,SolarBeam,Protect,WeatherBall|Modest||F|||50|]Sableye||RoseliBerry|Prankster|Reflect,PainSplit,LightScreen,Encore|Bold||M|||50|]Garchomp||SitrusBerry|RoughSkin|RockSlide,Earthquake,Protect,DragonClaw|Adamant||M|||50|]Sneasler||WhiteHerb|Unburden|DireClaw,FakeOut,Protect,CloseCombat|Jolly||F|||50|]Zoroark-Hisui||FocusSash|Illusion|BitterMalice,IcyWind,Protect,HyperBeam|Timid||M|||50|]Kingambit||LifeOrb|Defiant|IronHead,KowtowCleave,Protect,SuckerPunch|Adamant||F|||50|
|inactive|Battle timer is ON: inactive players will automatically lose when time's up. (requested by emmmmyyyyy)
|
|t:|1784381878
|teamsize|p1|4
|teamsize|p2|4
|start
|switch|p1a: cupcake|Staraptor, L50, F|100/100
|switch|p1b: pink thing|Clefable, L50, M|100/100
|switch|p2a: Charizard|Charizard, L50, F, shiny|100/100
|switch|p2b: Sneasler|Sneasler, L50, F|100/100
|-ability|p1a: cupcake|Intimidate|boost
|-unboost|p2a: Charizard|atk|1
|-unboost|p2b: Sneasler|atk|1
|-enditem|p2b: Sneasler|White Herb
|-clearnegativeboost|p2b: Sneasler|[silent]
|turn|1
|inactive|emmmmyyyyy has 30 seconds left.
|inactive|emmmmyyyyy has 20 seconds left.
|inactive|Mangaking202 has 30 seconds left.
|
|t:|1784381921
|switch|p1b: rick ross|Incineroar, L50, F|100/100
|-ability|p1b: rick ross|Intimidate|boost
|-unboost|p2a: Charizard|atk|1
|-unboost|p2b: Sneasler|atk|1
|detailschange|p1a: cupcake|Staraptor-Mega, L50, F
|-mega|p1a: cupcake|Staraptor|Staraptite
|detailschange|p2a: Charizard|Charizard-Mega-Y, L50, F, shiny
|-mega|p2a: Charizard|Charizard|Charizardite Y
|-weather|SunnyDay|[from] ability: Drought|[of] p2a: Charizard
|move|p2b: Sneasler|Dire Claw|p1b: rick ross
|-damage|p1b: rick ross|71/100
|move|p1a: cupcake|Close Combat|p2b: Sneasler
|-resisted|p2b: Sneasler|1
|-damage|p2b: Sneasler|42/100
|-boost|p1a: cupcake|def|1
|-boost|p1a: cupcake|spd|1
|move|p2a: Charizard|Heat Wave|p1a: cupcake|[spread] p1a,p1b
|-resisted|p1b: rick ross|1
|-damage|p1a: cupcake|49/100
|-damage|p1b: rick ross|49/100
|-enditem|p1b: rick ross|Sitrus Berry|[eat]
|-heal|p1b: rick ross|73/100|[from] item: Sitrus Berry
|
|-weather|SunnyDay|[upkeep]
|upkeep
|turn|2
|inactive|emmmmyyyyy has 30 seconds left.
|inactive|Mangaking202 has 30 seconds left.
|inactive|emmmmyyyyy has 20 seconds left.
|inactive|Mangaking202 has 20 seconds left.
|inactive|Mangaking202 has 15 seconds left.
|
|t:|1784381966
|move|p2b: Sneasler|Protect|p2b: Sneasler
|-singleturn|p2b: Sneasler|Protect
|move|p2a: Charizard|Protect|p2a: Charizard
|-singleturn|p2a: Charizard|Protect
|move|p1b: rick ross|Fake Out|p2a: Charizard
|-activate|p2a: Charizard|move: Protect
|move|p1a: cupcake|Close Combat|p2b: Sneasler
|-activate|p2b: Sneasler|move: Protect
|
|-weather|SunnyDay|[upkeep]
|upkeep
|turn|3
|
|t:|1784381985
|switch|p2b: Garchomp|Garchomp, L50, M|100/100
|move|p1a: cupcake|Roost|p1a: cupcake
|-heal|p1a: cupcake|99/100
|-singleturn|p1a: cupcake|move: Roost
|move|p2a: Charizard|Heat Wave|p1b: rick ross|[spread] p1a,p1b
|-resisted|p1b: rick ross|1
|-damage|p1a: cupcake|44/100
|-damage|p1b: rick ross|50/100g
|move|p1b: rick ross|Parting Shot|p2a: Charizard
|-unboost|p2a: Charizard|atk|1
|-unboost|p2a: Charizard|spa|1
|
|t:|1784382000
|switch|p1b: pink thing|Clefable, L50, M|100/100|[from] Parting Shot
|
|-weather|SunnyDay|[upkeep]
|upkeep
|turn|4
|
|t:|1784382024
|move|p1a: cupcake|Protect|p1a: cupcake
|-singleturn|p1a: cupcake|Protect
|move|p2b: Garchomp|Bitter Malice|p1b: pink thing
|-damage|p1b: pink thing|72/100
|-unboost|p1b: pink thing|atk|1
|move|p2a: Charizard|Heat Wave|p1b: pink thing|[spread] p1b
|-activate|p1a: cupcake|move: Protect
|-damage|p1b: pink thing|44/100
|move|p1b: pink thing|Life Dew|p1b: pink thing|[spread] p1a,p1b
|-heal|p1a: cupcake|69/100
|-heal|p1b: pink thing|69/100
|
|-weather|SunnyDay|[upkeep]
|-heal|p1b: pink thing|75/100|[from] item: Leftovers
|upkeep
|turn|5
|inactive|Mangaking202 has 30 seconds left.
|
|t:|1784382050
|move|p2b: Garchomp|Bitter Malice|p1b: pink thing
|-damage|p1b: pink thing|50/100g
|-unboost|p1b: pink thing|atk|1
|move|p1a: cupcake|Brave Bird|p2b: Garchomp
|-enditem|p2b: Garchomp|Focus Sash
|-damage|p2b: Garchomp|1/100
|replace|p2b: Zoroark|Zoroark-Hisui, L50, M
|-end|p2b: Zoroark|Illusion
|-damage|p1a: cupcake|42/100|[from] Recoil
|move|p2a: Charizard|Heat Wave|p1b: pink thing|[spread] p1a,p1b
|-damage|p1a: cupcake|6/100
|-damage|p1b: pink thing|23/100
|move|p1b: pink thing|Life Dew|p1b: pink thing|[spread] p1a,p1b
|-heal|p1a: cupcake|31/100
|-heal|p1b: pink thing|48/100
|
|-weather|none
|-heal|p1b: pink thing|54/100|[from] item: Leftovers
|upkeep
|turn|6
|inactive|emmmmyyyyy has 30 seconds left.
|inactive|Mangaking202 has 30 seconds left.
|inactive|emmmmyyyyy has 20 seconds left.
|j| sithred8
|inactive|emmmmyyyyy has 15 seconds left.
|inactive|emmmmyyyyy has 10 seconds left.
|inactive|Mangaking202 has 20 seconds left.
|
|t:|1784382104
|move|p1a: cupcake|Protect|p1a: cupcake
|-singleturn|p1a: cupcake|Protect
|move|p2b: Zoroark|Hyper Beam|p1b: pink thing
|-damage|p1b: pink thing|1/100
|-mustrecharge|p2b: Zoroark
|move|p2a: Charizard|Heat Wave|p1b: pink thing|[spread] p1b
|-activate|p1a: cupcake|move: Protect
|-damage|p1b: pink thing|0 fnt
|faint|p1b: pink thing
|
|upkeep
|
|t:|1784382115
|switch|p1b: rick ross|Incineroar, L50, F|50/100g
|-ability|p1b: rick ross|Intimidate|boost
|-unboost|p2a: Charizard|atk|1
|-unboost|p2b: Zoroark|atk|1
|turn|7
|
|t:|1784382131
|switch|p2a: Sneasler|Sneasler, L50, F|42/100
|move|p1b: rick ross|Fake Out|p2a: Sneasler
|-damage|p2a: Sneasler|24/100
|cant|p2b: Zoroark|recharge
|move|p1a: cupcake|Brave Bird|p2b: Zoroark
|-damage|p2b: Zoroark|0 fnt
|faint|p2b: Zoroark
|-damage|p1a: cupcake|31/100|[from] Recoil
|
|upkeep
|
|t:|1784382145
|switch|p2b: Charizard|Charizard-Mega-Y, L50, F, shiny|100/100
|-weather|SunnyDay|[from] ability: Drought|[of] p2b: Charizard
|turn|8
|inactive|emmmmyyyyy has 30 seconds left.
|
|t:|1784382173
|move|p1a: cupcake|Protect|p1a: cupcake
|-singleturn|p1a: cupcake|Protect
|move|p2a: Sneasler|Close Combat|p1b: rick ross
|-supereffective|p1b: rick ross|1
|-damage|p1b: rick ross|0 fnt
|-unboost|p2a: Sneasler|def|1
|-unboost|p2a: Sneasler|spd|1
|faint|p1b: rick ross
|move|p2b: Charizard|Heat Wave|p1a: cupcake
|-activate|p1a: cupcake|move: Protect
|
|-weather|SunnyDay|[upkeep]
|upkeep
|
|t:|1784382177
|switch|p1b: baller|Gholdengo, L50|100/100
|turn|9
|l|☆Mangaking202
|inactive|Mangaking202 disconnected and has a minute to reconnect!
|player|p2|
|j|☆Mangaking202
|inactive|Mangaking202 reconnected and has 40 seconds left.
|player|p2|Mangaking202|169|
|inactive|Mangaking202 has 30 seconds left.
|inactive|emmmmyyyyy has 30 seconds left.
|
|t:|1784382210
|move|p1b: baller|Shadow Ball|p2a: Sneasler
|-damage|p2a: Sneasler|0 fnt
|faint|p2a: Sneasler
|move|p1a: cupcake|Roost|p1a: cupcake
|-heal|p1a: cupcake|81/100
|-singleturn|p1a: cupcake|move: Roost
|move|p2b: Charizard|Heat Wave|p1a: cupcake|[spread] p1a
|-miss|p2b: Charizard|p1b: baller
|-crit|p1a: cupcake
|-damage|p1a: cupcake|0 fnt
|faint|p1a: cupcake
|
|-weather|SunnyDay|[upkeep]
|upkeep
|
|t:|1784382225
|switch|p2a: Garchomp|Garchomp, L50, M|100/100
|turn|10
|l| sithred8
|
|t:|1784382241
|move|p1b: baller|Shadow Ball|p2b: Charizard
|-damage|p2b: Charizard|60/100
|move|p2b: Charizard|Weather Ball|p1b: baller
|-supereffective|p1b: baller|1
|-damage|p1b: baller|0 fnt
|faint|p1b: baller
|
|win|Mangaking202
|raw|emmmmyyyyy's rating: 1111 → 1082(-29 for losing)
|raw|Mangaking202's rating: 1059 → 1095(+36 for winning)
|l|☆emmmmyyyyy
|player|p1|
|c|☆Mangaking202|Gg
|l|☆Mangaking202
|player|p2|
|j|☆Mangaking202
|player|p2|Mangaking202|169|
