|j|☆s!dd_1
|j|‽CaratroncoSun
|html|s!dd_1CaratroncoSun    
|uhtml|bestof|Game 1 of a best-of-3
|t:|1784110679
|gametype|doubles
|player|p1|s!dd_1|flannery-gen6|1433
|player|p2|CaratroncoSun|juan|1318
|gen|9
|tier|[Gen 9 Champions] VGC 2026 Reg M-B (Bo3)
|rated|
|rule|Species Clause: Limit one of each Pokémon
|rule|Item Clause: Limit 1 of each item
|clearpoke
|poke|p1|Raichu, L50, M|
|poke|p1|Mamoswine, L50, M|
|poke|p1|Sinistcha, L50|
|poke|p1|Sylveon, L50, F|
|poke|p1|Arcanine-Hisui, L50, F|
|poke|p1|Hydreigon, L50, M|
|poke|p2|Charizard, L50, F, shiny|
|poke|p2|Venusaur, L50, F, shiny|
|poke|p2|Whimsicott, L50, M, shiny|
|poke|p2|Basculegion, L50, M|
|poke|p2|Tyranitar, L50, F|
|poke|p2|Mamoswine, L50, F|
|teampreview|4
|showteam|p1|Raichu||RaichuniteY|LightningRod|ZapCannon,FocusBlast,FakeOut,Protect|Timid||M|||50|]Mamoswine||LifeOrb|Oblivious|IcicleCrash,IceShard,HighHorsepower,Protect|Adamant||M|||50|]Sinistcha||ColburBerry|Hospitality|MatchaGotcha,RagePowder,TrickRoom,Protect|Relaxed|||||50|]Sylveon||FairyFeather|Pixilate|HyperVoice,HyperBeam,CalmMind,Detect|Modest||F|||50|]Arcanine-Hisui||FocusSash|Intimidate|FlareBlitz,RockSlide,ExtremeSpeed,Protect|Adamant||F|||50|]Hydreigon||ChoiceScarf|Levitate|DracoMeteor,DarkPulse,EarthPower,Snarl|Modest||M|||50|
|showteam|p2|Charizard||CharizarditeY|Blaze|Protect,SolarBeam,HeatWave,AirSlash|Modest||F|||50|]Venusaur||WideLens|Chlorophyll|Protect,GigaDrain,EarthPower,SleepPowder|Modest||F|||50|]Whimsicott||FairyFeather|Prankster|Protect,Moonblast,Tailwind,Encore|Timid||M|||50|]Basculegion||MysticWater|Adaptability|Protect,AquaJet,WaveCrash,LastRespects|Adamant||M|||50|]Tyranitar||Tyranitarite|SandStream|Protect,RockSlide,KnockOff,LowKick|Adamant||F|||50|]Mamoswine||FocusSash|Oblivious|Protect,HighHorsepower,IcicleCrash,StoneEdge|Adamant||F|||50|
|inactive|Battle timer is ON: inactive players will automatically lose when time's up. (requested by s!dd_1)
|inactive|s!dd_1 has 60 seconds left.
|inactive|CaratroncoSun has 60 seconds left.
|inactive|s!dd_1 has 30 seconds left.
|inactive|s!dd_1 has 20 seconds left.
|
|t:|1784110754
|teamsize|p1|4
|teamsize|p2|4
|start
|switch|p1a: Matador|Mamoswine, L50, M|100/100
|switch|p1b: Chrome|Arcanine-Hisui, L50, F|100/100
|switch|p2a: Whimsicott|Whimsicott, L50, M, shiny|100/100
|switch|p2b: Mamoswine|Mamoswine, L50, F|100/100
|-ability|p1b: Chrome|Intimidate|boost
|-unboost|p2a: Whimsicott|atk|1
|-fail|p2b: Mamoswine|unboost|Attack|[from] ability: Oblivious|[of] p2b: Mamoswine
|turn|1
|inactive|s!dd_1 has 30 seconds left.
|
|t:|1784110781
|move|p1b: Chrome|Protect|p1b: Chrome
|-singleturn|p1b: Chrome|Protect
|move|p2a: Whimsicott|Moonblast|p1a: Matador
|-damage|p1a: Matador|38/100
|move|p1a: Matador|Icicle Crash|p2b: Mamoswine
|-damage|p2b: Mamoswine|22/100
|-damage|p1a: Matador|28/100|[from] item: Life Orb
|cant|p2b: Mamoswine|flinch
|
|upkeep
|turn|2
|inactive|s!dd_1 has 30 seconds left.
|
|t:|1784110807
|move|p2b: Mamoswine|Protect|p2b: Mamoswine
|-singleturn|p2b: Mamoswine|Protect
|move|p2a: Whimsicott|Encore|p1b: Chrome
|-start|p1b: Chrome|Encore
|move|p1b: Chrome|Protect|p1b: Chrome
|-singleturn|p1b: Chrome|Protect
|move|p1a: Matador|Ice Shard|p2b: Mamoswine
|-activate|p2b: Mamoswine|move: Protect
|
|upkeep
|turn|3
|
|t:|1784110821
|switch|p1b: Shaolin|Sinistcha, L50|100/100
|-heal|p1a: Matador|53/100|[from] ability: Hospitality|[of] p1b: Shaolin
|switch|p2b: Basculegion|Basculegion, L50, M|100/100
|move|p1a: Matador|Ice Shard|p2b: Basculegion
|-resisted|p2b: Basculegion|1
|-damage|p2b: Basculegion|82/100
|-damage|p1a: Matador|43/100|[from] item: Life Orb
|move|p2a: Whimsicott|Moonblast|p1a: Matador
|-damage|p1a: Matador|0 fnt
|faint|p1a: Matador
|
|upkeep
|
|t:|1784110827
|switch|p1a: Gipsy Danger|Raichu, L50, M|100/100
|turn|4
|inactive|CaratroncoSun has 30 seconds left.
|
|t:|1784110862
|detailschange|p1a: Gipsy Danger|Raichu-Mega-Y, L50, M
|-mega|p1a: Gipsy Danger|Raichu|Raichunite Y
|move|p2a: Whimsicott|Protect|p2a: Whimsicott
|-singleturn|p2a: Whimsicott|Protect
|move|p2b: Basculegion|Protect|p2b: Basculegion
|-singleturn|p2b: Basculegion|Protect
|move|p1a: Gipsy Danger|Zap Cannon|p2a: Whimsicott
|-activate|p2a: Whimsicott|move: Protect
|move|p1b: Shaolin|Matcha Gotcha|p2a: Whimsicott|[spread] 
|-activate|p2a: Whimsicott|move: Protect
|-activate|p2b: Basculegion|move: Protect
|
|upkeep
|turn|5
|inactive|s!dd_1 has 30 seconds left.
|
|t:|1784110888
|move|p2a: Whimsicott|Tailwind|p2a: Whimsicott
|-sidestart|p2: CaratroncoSun|move: Tailwind
|move|p2b: Basculegion|Last Respects|p1a: Gipsy Danger
|-damage|p1a: Gipsy Danger|40/100
|move|p1a: Gipsy Danger|Zap Cannon|p2b: Basculegion
|-supereffective|p2b: Basculegion|1
|-damage|p2b: Basculegion|0 fnt
|faint|p2b: Basculegion
|move|p1b: Shaolin|Matcha Gotcha|p2a: Whimsicott
|-resisted|p2a: Whimsicott|1
|-damage|p2a: Whimsicott|71/100
|-status|p2a: Whimsicott|brn
|
|-damage|p2a: Whimsicott|65/100 brn|[from] brn
|upkeep
|inactive|CaratroncoSun has 30 seconds left.
|
|t:|1784110919
|switch|p2b: Mamoswine|Mamoswine, L50, F|22/100
|turn|6
|
|t:|1784110928
|move|p1b: Shaolin|Protect|p1b: Shaolin
|-singleturn|p1b: Shaolin|Protect
|move|p2a: Whimsicott|Moonblast|p1a: Gipsy Danger
|-damage|p1a: Gipsy Danger|0 fnt
|faint|p1a: Gipsy Danger
|move|p2b: Mamoswine|Icicle Crash|p1b: Shaolin
|-activate|p1b: Shaolin|move: Protect
|
|-damage|p2a: Whimsicott|59/100 brn|[from] brn
|upkeep
|
|t:|1784110932
|switch|p1a: Chrome|Arcanine-Hisui, L50, F|100/100
|-ability|p1a: Chrome|Intimidate|boost
|-unboost|p2a: Whimsicott|atk|1
|-fail|p2b: Mamoswine|unboost|Attack|[from] ability: Oblivious|[of] p2b: Mamoswine
|turn|7
|inactive|CaratroncoSun has 30 seconds left.
|
|t:|1784110964
|move|p1a: Chrome|Extreme Speed|p2b: Mamoswine
|-damage|p2b: Mamoswine|0 fnt
|faint|p2b: Mamoswine
|move|p1b: Shaolin|Rage Powder|p1b: Shaolin
|-singleturn|p1b: Shaolin|move: Rage Powder
|move|p2a: Whimsicott|Moonblast|p1a: Chrome
|-resisted|p1a: Chrome|1
|-damage|p1a: Chrome|71/100
|
|-damage|p2a: Whimsicott|53/100 brn|[from] brn
|upkeep
|
|t:|1784110974
|switch|p2b: Tyranitar|Tyranitar, L50, F|100/100
|-weather|Sandstorm|[from] ability: Sand Stream|[of] p2b: Tyranitar
|turn|8
|
|t:|1784110986
|detailschange|p2b: Tyranitar|Tyranitar-Mega, L50, F
|-mega|p2b: Tyranitar|Tyranitar|Tyranitarite
|move|p2a: Whimsicott|Protect|p2a: Whimsicott
|-singleturn|p2a: Whimsicott|Protect
|move|p2b: Tyranitar|Rock Slide|p1b: Shaolin|[spread] p1a,p1b
|-supereffective|p1a: Chrome|1
|-damage|p1a: Chrome|0 fnt
|-damage|p1b: Shaolin|66/100
|faint|p1a: Chrome
|move|p1b: Shaolin|Matcha Gotcha|p2b: Tyranitar|[spread] p2b
|-activate|p2a: Whimsicott|move: Protect
|-supereffective|p2b: Tyranitar|1
|-crit|p2b: Tyranitar
|-damage|p2b: Tyranitar|61/100
|-heal|p1b: Shaolin|86/100|[from] drain|[of] p2b: Tyranitar
|
|-weather|Sandstorm|[upkeep]
|-damage|p2a: Whimsicott|47/100 brn|[from] Sandstorm
|-damage|p1b: Shaolin|80/100|[from] Sandstorm
|-damage|p2a: Whimsicott|41/100 brn|[from] brn
|-sideend|p2: CaratroncoSun|move: Tailwind
|upkeep
|turn|9
|
|t:|1784111008
|move|p2a: Whimsicott|Moonblast|p1b: Shaolin
|-crit|p1b: Shaolin
|-damage|p1b: Shaolin|17/100
|move|p2b: Tyranitar|Knock Off|p1b: Shaolin
|-supereffective|p1b: Shaolin|1
|-enditem|p1b: Shaolin|Colbur Berry|[eat]
|-enditem|p1b: Shaolin|Colbur Berry|[weaken]
|-damage|p1b: Shaolin|0 fnt
|faint|p1b: Shaolin
|
|win|CaratroncoSun
