|j|☆dantoaster
|j|☆FlubberMane
|html|dantoasterFlubberMane    
|uhtml|bestof|Game 1 of a best-of-3
|t:|1783454933
|gametype|doubles
|player|p1|dantoaster|n|1097
|player|p2|FlubberMane|miku-psychic|1000
|gen|9
|tier|[Gen 9 Champions] VGC 2026 Reg M-B (Bo3)
|rated|
|rule|Species Clause: Limit one of each Pokémon
|rule|Item Clause: Limit 1 of each item
|clearpoke
|poke|p1|Araquanid, L50, F|
|poke|p1|Incineroar, L50, F|
|poke|p1|Decidueye, L50, M|
|poke|p1|Hydreigon, L50, F|
|poke|p1|Lucario, L50, F|
|poke|p1|Aerodactyl, L50, F|
|poke|p2|Floette-Eternal, L50, F|
|poke|p2|Delphox, L50, M|
|poke|p2|Kingambit, L50, F|
|poke|p2|Sneasler, L50, F|
|poke|p2|Sinistcha, L50|
|poke|p2|Incineroar, L50, M|
|teampreview|4
|showteam|p1|Araquanid||MysticWater|WaterBubble|Liquidation,Lunge,WideGuard,Protect|Adamant||F|||50|]Incineroar||ChopleBerry|Intimidate|FakeOut,FlareBlitz,DarkestLariat,PartingShot|Careful||F|||50|]Decidueye||SpellTag|LongReach|Protect,SpiritShackle,LeafBlade,ShadowSneak|Adamant||M|||50|]Hydreigon||ChoiceScarf|Levitate|DragonPulse,EarthPower,DarkPulse,Snarl|Modest||F|||50|]Lucario||Lucarionite|InnerFocus|AuraSphere,FlashCannon,VacuumWave,Protect|Timid||F|||50|]Aerodactyl||FocusSash|Unnerve|DualWingbeat,RockSlide,Tailwind,Protect|Jolly||F|||50|
|showteam|p2|Floette-Eternal||Floettite|FlowerVeil|Protect,CalmMind,DazzlingGleam,DrainingKiss|Modest||F|||50|]Delphox||Delphoxite|Blaze|HeatWave,Psychic,NastyPlot,Protect|Timid||M|||50|]Kingambit||BlackGlasses|Defiant|SuckerPunch,KowtowCleave,SwordsDance,Protect|Adamant||F|||50|]Sneasler||FocusSash|PoisonTouch|FakeOut,PoisonJab,CloseCombat,QuickGuard|Jolly||F|||50|]Sinistcha||KasibBerry|Hospitality|MatchaGotcha,RagePowder,Protect,TrickRoom|Calm|||||50|]Incineroar||SitrusBerry|Intimidate|FakeOut,FlareBlitz,ThroatChop,PartingShot|Bold||M|||50|
|
|t:|1783454974
|teamsize|p1|4
|teamsize|p2|4
|start
|switch|p1a: Flower|Hydreigon, L50, F|100/100
|switch|p1b: Pete|Aerodactyl, L50, F|100/100
|switch|p2a: Floette|Floette-Eternal, L50, F|100/100
|switch|p2b: Incineroar|Incineroar, L50, M|100/100
|-ability|p1b: Pete|Unnerve
|-ability|p2b: Incineroar|Intimidate|boost
|-unboost|p1a: Flower|atk|1
|-unboost|p1b: Pete|atk|1
|turn|1
|
|t:|1783454993
|switch|p1a: Huey!|Incineroar, L50, F|100/100
|-ability|p1a: Huey!|Intimidate|boost
|-unboost|p2a: Floette|atk|1
|-unboost|p2b: Incineroar|atk|1
|detailschange|p2a: Floette|Floette-Mega, L50, F
|-mega|p2a: Floette|Floette|Floettite
|-ability|p2a: Floette|Fairy Aura
|move|p2b: Incineroar|Fake Out|p1b: Pete
|-resisted|p1b: Pete|1
|-crit|p1b: Pete
|-damage|p1b: Pete|87/100
|cant|p1b: Pete|flinch
|move|p2a: Floette|Dazzling Gleam|p1a: Huey!|[spread] p1a,p1b
|-damage|p1a: Huey!|65/100
|-damage|p1b: Pete|28/100
|
|upkeep
|turn|2
|
|t:|1783455015
|move|p1a: Huey!|Fake Out|p2a: Floette
|-damage|p2a: Floette|89/100
|move|p1b: Pete|Rock Slide|p2a: Floette|[spread] p2a,p2b
|-supereffective|p2b: Incineroar|1
|-damage|p2a: Floette|73/100
|-damage|p2b: Incineroar|75/100
|cant|p2a: Floette|flinch
|move|p2b: Incineroar|Parting Shot|p1a: Huey!
|-unboost|p1a: Huey!|atk|1
|-unboost|p1a: Huey!|spa|1
|
|t:|1783455033
|switch|p2b: Sneasler|Sneasler, L50, F|100/100|[from] Parting Shot
|
|upkeep
|turn|3
|
|t:|1783455045
|move|p1b: Pete|Protect|p1b: Pete
|-singleturn|p1b: Pete|Protect
|move|p2b: Sneasler|Fake Out|p1b: Pete
|-activate|p1b: Pete|move: Protect
|move|p2a: Floette|Dazzling Gleam|p1b: Pete|[spread] p1a
|-activate|p1b: Pete|move: Protect
|-damage|p1a: Huey!|32/100
|move|p1a: Huey!|Flare Blitz|p2a: Floette
|-damage|p2a: Floette|39/100
|-damage|p1a: Huey!|23/100|[from] Recoil
|
|upkeep
|turn|4
|
|t:|1783455061
|switch|p2b: Sinistcha|Sinistcha, L50|100/100
|-heal|p2a: Floette|63/100|[from] ability: Hospitality|[of] p2b: Sinistcha
|move|p1b: Pete|Rock Slide|p2a: Floette|[spread] p2a,p2b
|-damage|p2a: Floette|45/100
|-damage|p2b: Sinistcha|86/100
|move|p2a: Floette|Calm Mind|p2a: Floette
|-boost|p2a: Floette|spa|1
|-boost|p2a: Floette|spd|1
|move|p1a: Huey!|Flare Blitz|p2a: Floette
|-crit|p2a: Floette
|-damage|p2a: Floette|0 fnt
|faint|p2a: Floette
|-damage|p1a: Huey!|11/100|[from] Recoil
|
|upkeep
|
|t:|1783455074
|switch|p2a: Incineroar|Incineroar, L50, M|75/100
|-ability|p2a: Incineroar|Intimidate|boost
|-unboost|p1a: Huey!|atk|1
|-unboost|p1b: Pete|atk|1
|turn|5
|
|t:|1783455088
|switch|p1a: Flower|Hydreigon, L50, F|100/100
|move|p1b: Pete|Protect|p1b: Pete
|-singleturn|p1b: Pete|Protect
|move|p2a: Incineroar|Fake Out|p1a: Flower
|-damage|p1a: Flower|88/100
|move|p2b: Sinistcha|Matcha Gotcha|p1b: Pete|[spread] p1a
|-activate|p1b: Pete|move: Protect
|-resisted|p1a: Flower|1
|-damage|p1a: Flower|75/100
|-heal|p2b: Sinistcha|93/100|[from] drain|[of] p1a: Flower
|
|upkeep
|turn|6
|inactive|Battle timer is ON: inactive players will automatically lose when time's up. (requested by dantoaster)
|inactive|dantoaster has 60 seconds left.
|
|t:|1783455128
|move|p2b: Sinistcha|Protect|p2b: Sinistcha
|-singleturn|p2b: Sinistcha|Protect
|move|p1a: Flower|Earth Power|p2a: Incineroar
|-supereffective|p2a: Incineroar|1
|-damage|p2a: Incineroar|18/100
|move|p1b: Pete|Rock Slide|p2b: Sinistcha|[spread] p2a
|-activate|p2b: Sinistcha|move: Protect
|-supereffective|p2a: Incineroar|1
|-damage|p2a: Incineroar|0 fnt
|faint|p2a: Incineroar
|
|upkeep
|
|t:|1783455135
|switch|p2a: Sneasler|Sneasler, L50, F|100/100
|turn|7
|
|t:|1783455151
|move|p2b: Sinistcha|Rage Powder|p2b: Sinistcha
|-singleturn|p2b: Sinistcha|move: Rage Powder
|move|p1a: Flower|Earth Power|p2b: Sinistcha
|-resisted|p2b: Sinistcha|1
|-damage|p2b: Sinistcha|79/100
|move|p1b: Pete|Rock Slide|p2b: Sinistcha|[spread] p2a,p2b
|-resisted|p2a: Sneasler|1
|-damage|p2a: Sneasler|88/100
|-damage|p2b: Sinistcha|67/100
|move|p2a: Sneasler|Close Combat|p1b: Pete
|-damage|p1b: Pete|0 fnt
|-unboost|p2a: Sneasler|def|1
|-unboost|p2a: Sneasler|spd|1
|faint|p1b: Pete
|
|upkeep
|
|t:|1783455167
|switch|p1b: Bloop|Lucario, L50, F|100/100
|turn|8
|
|t:|1783455176
|detailschange|p1b: Bloop|Lucario-Mega, L50, F
|-mega|p1b: Bloop|Lucario|Lucarionite
|move|p2b: Sinistcha|Rage Powder|p2b: Sinistcha
|-singleturn|p2b: Sinistcha|move: Rage Powder
|move|p1a: Flower|Earth Power|p2b: Sinistcha
|-resisted|p2b: Sinistcha|1
|-damage|p2b: Sinistcha|51/100
|move|p2a: Sneasler|Close Combat|p1b: Bloop
|-supereffective|p1b: Bloop|1
|-damage|p1b: Bloop|0 fnt
|-unboost|p2a: Sneasler|def|1
|-unboost|p2a: Sneasler|spd|1
|faint|p1b: Bloop
|
|upkeep
|
|t:|1783455187
|switch|p1b: Huey!|Incineroar, L50, F|11/100
|-ability|p1b: Huey!|Intimidate|boost
|-unboost|p2a: Sneasler|atk|1
|-unboost|p2b: Sinistcha|atk|1
|turn|9
|
|t:|1783455207
|move|p2b: Sinistcha|Rage Powder|p2b: Sinistcha
|-singleturn|p2b: Sinistcha|move: Rage Powder
|move|p1a: Flower|Earth Power|p2b: Sinistcha
|-resisted|p2b: Sinistcha|1
|-damage|p2b: Sinistcha|35/100
|move|p2a: Sneasler|Close Combat|p1a: Flower
|-supereffective|p1a: Flower|1
|-damage|p1a: Flower|0 fnt
|-unboost|p2a: Sneasler|def|1
|-unboost|p2a: Sneasler|spd|1
|faint|p1a: Flower
|move|p1b: Huey!|Flare Blitz|p2b: Sinistcha
|-supereffective|p2b: Sinistcha|1
|-damage|p2b: Sinistcha|0 fnt
|faint|p2b: Sinistcha
|-damage|p1b: Huey!|1/100|[from] Recoil
|
|upkeep
|turn|10
|
|t:|1783455224
|move|p2a: Sneasler|Close Combat|p1b: Huey!
|-supereffective|p1b: Huey!|1
|-enditem|p1b: Huey!|Chople Berry|[eat]
|-enditem|p1b: Huey!|Chople Berry|[weaken]
|-damage|p1b: Huey!|0 fnt
|-unboost|p2a: Sneasler|def|1
|-unboost|p2a: Sneasler|spd|1
|faint|p1b: Huey!
|
|win|FlubberMane
