|j|☆Mclovingods
|j|☆lux raymundi
|html|Mclovingodslux raymundi    
|uhtml|bestof|Game 2 of a best-of-3
|t:|1784087548
|gametype|doubles
|player|p1|Mclovingods|169|1316
|player|p2|lux raymundi|2|1284
|gen|9
|tier|[Gen 9 Champions] VGC 2026 Reg M-B (Bo3)
|rated|
|rule|Species Clause: Limit one of each Pokémon
|rule|Item Clause: Limit 1 of each item
|clearpoke
|poke|p1|Delphox, L50, M|
|poke|p1|Sinistcha, L50|
|poke|p1|Incineroar, L50, M|
|poke|p1|Blastoise, L50, F|
|poke|p1|Kingambit, L50, F|
|poke|p1|Sneasler, L50, M|
|poke|p2|Sneasler, L50, M|
|poke|p2|Blastoise, L50, M|
|poke|p2|Kingambit, L50, M|
|poke|p2|Incineroar, L50, M|
|poke|p2|Delphox, L50, F|
|poke|p2|Sinistcha, L50|
|teampreview|4
|showteam|p1|Delphox||Delphoxite|Blaze|NastyPlot,HeatWave,Psychic,Protect|Timid||M|||50|]Sinistcha||CobaBerry|Hospitality|MatchaGotcha,RagePowder,LifeDew,TrickRoom|Calm|||||50|]Incineroar||SitrusBerry|Intimidate|FakeOut,PartingShot,FlareBlitz,Taunt|Impish||M|||50|]Blastoise||Blastoisinite|Torrent|WaterSpout,DarkPulse,Protect,ShellSmash|Modest||F|||50|]Kingambit||LifeOrb|Defiant|Protect,SwordsDance,SuckerPunch,KowtowCleave|Adamant||F|||50|]Sneasler||WhiteHerb|Unburden|FakeOut,CloseCombat,DireClaw,Protect|Jolly||M|||50|
|showteam|p2|Sneasler||FocusSash|PoisonTouch|PoisonJab,CloseCombat,FakeOut,QuickGuard|Jolly||M|||50|]Blastoise||Blastoisinite|RainDish|DarkPulse,WaterSpout,ShellSmash,Protect|Modest||M|||50|]Kingambit||BlackGlasses|Defiant|KowtowCleave,SuckerPunch,SwordsDance,Protect|Adamant||M|||50|]Incineroar||SitrusBerry|Intimidate|FlareBlitz,HelpingHand,PartingShot,FakeOut|Careful||M|||50|]Delphox||Delphoxite|Blaze|HeatWave,NastyPlot,Psyshock,Protect|Modest||F|||50|]Sinistcha||KasibBerry|Hospitality|MatchaGotcha,RagePowder,TrickRoom,Protect|Bold|||||50|
|inactive|Battle timer is ON: inactive players will automatically lose when time's up. (requested by Mclovingods)
|
|t:|1784087555
|teamsize|p1|4
|teamsize|p2|4
|start
|switch|p1a: Blastoise|Blastoise, L50, F|100/100
|switch|p1b: Sneasler|Sneasler, L50, M|100/100
|switch|p2a: Sneasler|Sneasler, L50, M|100/100
|switch|p2b: Blastoise|Blastoise, L50, M|100/100
|turn|1
|inactive|lux raymundi has 30 seconds left.
|
|t:|1784087581
|detailschange|p2b: Blastoise|Blastoise-Mega, L50, M
|-mega|p2b: Blastoise|Blastoise|Blastoisinite
|detailschange|p1a: Blastoise|Blastoise-Mega, L50, F
|-mega|p1a: Blastoise|Blastoise|Blastoisinite
|move|p1b: Sneasler|Fake Out|p2b: Blastoise
|-damage|p2b: Blastoise|86/100
|move|p2a: Sneasler|Fake Out|p1a: Blastoise
|-damage|p1a: Blastoise|86/100
|-status|p1a: Blastoise|psn|[from] ability: Poison Touch|[of] p2a: Sneasler
|cant|p2b: Blastoise|flinch
|cant|p1a: Blastoise|flinch
|
|-damage|p1a: Blastoise|74/100 psn|[from] psn
|upkeep
|turn|2
|inactive|lux raymundi has 30 seconds left.
|
|t:|1784087608
|move|p1a: Blastoise|Protect|p1a: Blastoise
|-singleturn|p1a: Blastoise|Protect
|move|p2a: Sneasler|Poison Jab|p1b: Sneasler
|-resisted|p1b: Sneasler|1
|-damage|p1b: Sneasler|65/100
|move|p1b: Sneasler|Close Combat|p2b: Blastoise
|-damage|p2b: Blastoise|22/100
|-unboost|p1b: Sneasler|def|1
|-unboost|p1b: Sneasler|spd|1
|-enditem|p1b: Sneasler|White Herb
|-clearnegativeboost|p1b: Sneasler|[silent]
|move|p2b: Blastoise|Water Spout|p1b: Sneasler|[spread] p1b
|-activate|p1a: Blastoise|move: Protect
|-damage|p1b: Sneasler|47/100
|
|-damage|p1a: Blastoise|62/100 psn|[from] psn
|upkeep
|turn|3
|
|t:|1784087625
|switch|p2a: Sinistcha|Sinistcha, L50|100/100
|-heal|p2b: Blastoise|47/100|[from] ability: Hospitality|[of] p2a: Sinistcha
|switch|p1a: Sinistcha|Sinistcha, L50|100/100
|-heal|p1b: Sneasler|72/100|[from] ability: Hospitality|[of] p1a: Sinistcha
|move|p2b: Blastoise|Protect|p2b: Blastoise
|-singleturn|p2b: Blastoise|Protect
|move|p1b: Sneasler|Dire Claw|p2b: Blastoise
|-activate|p2b: Blastoise|move: Protect
|
|upkeep
|turn|4
|
|t:|1784087646
|move|p2a: Sinistcha|Rage Powder|p2a: Sinistcha
|-singleturn|p2a: Sinistcha|move: Rage Powder
|move|p1b: Sneasler|Dire Claw|p2a: Sinistcha
|-damage|p2a: Sinistcha|65/100
|move|p2b: Blastoise|Dark Pulse|p1a: Sinistcha
|-supereffective|p1a: Sinistcha|1
|-damage|p1a: Sinistcha|23/100
|move|p1a: Sinistcha|Matcha Gotcha|p2a: Sinistcha|[spread] p2a,p2b
|-resisted|p2a: Sinistcha|1
|-supereffective|p2b: Blastoise|1
|-damage|p2a: Sinistcha|54/100
|-heal|p1a: Sinistcha|29/100|[from] drain|[of] p2a: Sinistcha
|-damage|p2b: Blastoise|0 fnt
|-heal|p1a: Sinistcha|50/100g|[from] drain|[of] p2b: Blastoise
|faint|p2b: Blastoise
|
|upkeep
|
|t:|1784087656
|switch|p2b: Sneasler|Sneasler, L50, M|100/100
|turn|5
|
|t:|1784087666
|move|p1b: Sneasler|Protect|p1b: Sneasler
|-singleturn|p1b: Sneasler|Protect
|move|p2b: Sneasler|Poison Jab|p1a: Sinistcha
|-damage|p1a: Sinistcha|14/100
|move|p2a: Sinistcha|Matcha Gotcha|p1a: Sinistcha|[spread] p1a
|-activate|p1b: Sneasler|move: Protect
|-resisted|p1a: Sinistcha|1
|-damage|p1a: Sinistcha|3/100
|-heal|p2a: Sinistcha|60/100|[from] drain|[of] p1a: Sinistcha
|move|p1a: Sinistcha|Life Dew|p1a: Sinistcha|[spread] p1a,p1b
|-heal|p1a: Sinistcha|28/100
|-heal|p1b: Sneasler|97/100
|
|upkeep
|turn|6
|
|t:|1784087687
|switch|p2a: Kingambit|Kingambit, L50, M|100/100
|move|p1a: Sinistcha|Rage Powder|p1a: Sinistcha
|-singleturn|p1a: Sinistcha|move: Rage Powder
|move|p1b: Sneasler|Dire Claw|p2a: Kingambit
|-immune|p2a: Kingambit
|move|p2b: Sneasler|Poison Jab|p1a: Sinistcha
|-damage|p1a: Sinistcha|0 fnt
|faint|p1a: Sinistcha
|
|upkeep
|
|t:|1784087694
|switch|p1a: Blastoise|Blastoise-Mega, L50, F|62/100 psn
|turn|7
|
|t:|1784087710
|switch|p2a: Sinistcha|Sinistcha, L50|60/100
|move|p1a: Blastoise|Protect|p1a: Blastoise
|-singleturn|p1a: Blastoise|Protect
|move|p1b: Sneasler|Close Combat|p2b: Sneasler
|-resisted|p2b: Sneasler|1
|-damage|p2b: Sneasler|47/100
|-unboost|p1b: Sneasler|def|1
|-unboost|p1b: Sneasler|spd|1
|move|p2b: Sneasler|Close Combat|p1a: Blastoise
|-activate|p1a: Blastoise|move: Protect
|
|-damage|p1a: Blastoise|50/100y psn|[from] psn
|upkeep
|turn|8
|inactive|Mclovingods has 30 seconds left.
|inactive|Mclovingods has 20 seconds left.
|
|t:|1784087748
|move|p2a: Sinistcha|Protect|p2a: Sinistcha
|-singleturn|p2a: Sinistcha|Protect
|move|p1b: Sneasler|Close Combat|p2a: Sinistcha
|-activate|p2a: Sinistcha|move: Protect
|move|p2b: Sneasler|Close Combat|p1a: Blastoise
|-damage|p1a: Blastoise|0 fnt
|-unboost|p2b: Sneasler|def|1
|-unboost|p2b: Sneasler|spd|1
|faint|p1a: Blastoise
|
|upkeep
|
|t:|1784087750
|switch|p1a: Kingambit|Kingambit, L50, F|100/100
|turn|9
|
|t:|1784087764
|move|p1a: Kingambit|Protect|p1a: Kingambit
|-singleturn|p1a: Kingambit|Protect
|move|p2a: Sinistcha|Rage Powder|p2a: Sinistcha
|-singleturn|p2a: Sinistcha|move: Rage Powder
|move|p1b: Sneasler|Dire Claw|p2a: Sinistcha
|-damage|p2a: Sinistcha|22/100
|move|p2b: Sneasler|Close Combat|p1b: Sneasler
|-resisted|p1b: Sneasler|1
|-damage|p1b: Sneasler|12/100
|-unboost|p2b: Sneasler|def|1
|-unboost|p2b: Sneasler|spd|1
|
|upkeep
|turn|10
|
|t:|1784087788
|switch|p2b: Kingambit|Kingambit, L50, M|100/100
|move|p1b: Sneasler|Dire Claw|p2a: Sinistcha
|-damage|p2a: Sinistcha|0 fnt
|faint|p2a: Sinistcha
|move|p1a: Kingambit|Kowtow Cleave|p2b: Kingambit
|-resisted|p2b: Kingambit|1
|-damage|p2b: Kingambit|76/100
|-damage|p1a: Kingambit|90/100|[from] item: Life Orb
|
|upkeep
|
|t:|1784087799
|switch|p2a: Sneasler|Sneasler, L50, M|47/100
|turn|11
|
|t:|1784087813
|move|p2a: Sneasler|Fake Out|p1a: Kingambit
|-resisted|p1a: Kingambit|1
|-damage|p1a: Kingambit|85/100
|move|p2b: Kingambit|Sucker Punch|p1b: Sneasler
|-resisted|p1b: Sneasler|1
|-damage|p1b: Sneasler|0 fnt
|faint|p1b: Sneasler
|cant|p1a: Kingambit|flinch
|
|upkeep
|turn|12
|-message|Mclovingods forfeited.
|
|win|lux raymundi
|raw|Mclovingods's rating: 1316 → 1294(-22 for losing)
|raw|lux raymundi's rating: 1284 → 1311(+27 for winning)
