|j|☆Zachattacker
|j|☆dragongoggl
|html|Zachattackerdragongoggl    
|uhtml|bestof|Game 2 of a best-of-3
|t:|1785907801
|gametype|doubles
|player|p1|Zachattacker|265|
|player|p2|dragongoggl|pokemonrangerf-gen4|
|gen|9
|tier|[Gen 9 Champions] VGC 2026 Reg M-B (Bo3)
|rule|Species Clause: Limit one of each Pokémon
|rule|Item Clause: Limit 1 of each item
|clearpoke
|poke|p1|Excadrill, L50, F, shiny|
|poke|p1|Tyranitar, L50, M, shiny|
|poke|p1|Gardevoir, L50, M, shiny|
|poke|p1|Orthworm, L50, M, shiny|
|poke|p1|Mr. Rime, L50, F, shiny|
|poke|p1|Scovillain, L50, M|
|poke|p2|Flapple, L50, F|
|poke|p2|Sneasler, L50, F|
|poke|p2|Meowstic, L50, M|
|poke|p2|Serperior, L50, F|
|poke|p2|Mimikyu, L50, M|
|poke|p2|Aggron, L50, F|
|teampreview|4
|showteam|p1|Excadrill||FocusSash|SandRush|Earthquake,ThroatChop,Protect,IronHead|Serious||F|||50|]Tyranitar||Tyranitarite|SandStream|DragonTail,KnockOff,Protect,BrickBreak|Adamant||M|||50|]Gardevoir||Gardevoirite|Telepathy|HyperVoice,Psychic,Protect,MysticalFire|Bold||M|||50|]Orthworm||SitrusBerry|EarthEater|HeavySlam,BodyPress,Protect,ShedTail|Careful||M|||50|]Mr. Rime|||TangledFeet|Psychic,Encore,FakeOut,Blizzard|Bold||F|||50|]Scovillain||Leftovers|Moody|RagePowder,Overheat,LeechSeed,WillOWisp|Bold||M|||50|
|showteam|p2|Flapple||MiracleSeed|Hustle|GravApple,Protect,DualWingbeat,SuckerPunch|Adamant||F|||50|]Sneasler||WhiteHerb|Unburden|DireClaw,CloseCombat,Protect,FakeOut|Adamant||F|||50|]Meowstic||ColburBerry|Prankster|Gravity,FakeOut,Reflect,Protect|Bold||M|||50|]Serperior||ChoiceScarf|Contrary|LeafStorm,DragonPulse,FrenzyPlant,GigaDrain|Modest||F|||50|]Mimikyu||AspearBerry|Disguise|DrainPunch,SwordsDance,PlayRough,Protect|Adamant||M|||50|]Aggron||FocusSash|Sturdy|IronHead,Earthquake,BodyPress,Protect|Adamant||F|||50|
|j| blockything
|
|t:|1785907824
|teamsize|p1|4
|teamsize|p2|4
|start
|switch|p1a: Simon the digger|Excadrill, L50, F, shiny|100/100
|switch|p1b: Blue Diih|Orthworm, L50, M, shiny|100/100
|switch|p2a: Chunky|Flapple, L50, F|100/100
|switch|p2b: Blue balls|Meowstic, L50, M|100/100
|turn|1
|
|t:|1785907850
|move|p1a: Simon the digger|Protect|p1a: Simon the digger
|-singleturn|p1a: Simon the digger|Protect
|move|p2b: Blue balls|Gravity|p2b: Blue balls
|-fieldstart|move: Gravity
|move|p2a: Chunky|Grav Apple|p1a: Simon the digger
|-activate|p1a: Simon the digger|move: Protect
|move|p1b: Blue Diih|Shed Tail|p1b: Blue Diih
|-start|p1b: Blue Diih|Substitute|[from] move: Shed Tail
|-damage|p1b: Blue Diih|49/100
|-enditem|p1b: Blue Diih|Sitrus Berry|[eat]
|-heal|p1b: Blue Diih|74/100|[from] item: Sitrus Berry
|
|t:|1785907862
|switch|p1b: Aura monster|Tyranitar, L50, M, shiny|100/100|[from] Shed Tail
|-weather|Sandstorm|[from] ability: Sand Stream|[of] p1b: Aura monster
|
|-weather|Sandstorm|[upkeep]
|-damage|p2b: Blue balls|93/100|[from] Sandstorm
|-damage|p2a: Chunky|93/100|[from] Sandstorm
|upkeep
|turn|2
|
|t:|1785907886
|move|p2b: Blue balls|Reflect|p2b: Blue balls
|-sidestart|p2: dragongoggl|Reflect
|move|p1a: Simon the digger|Throat Chop|p2b: Blue balls
|-supereffective|p2b: Blue balls|1
|-enditem|p2b: Blue balls|Colbur Berry|[eat]
|-enditem|p2b: Blue balls|Colbur Berry|[weaken]
|-damage|p2b: Blue balls|75/100
|-start|p2b: Blue balls|Throat Chop|[silent]
|move|p2a: Chunky|Grav Apple|p1b: Aura monster
|-supereffective|p1b: Aura monster|1
|-end|p1b: Aura monster|Substitute
|move|p1b: Aura monster|Dragon Tail|p2a: Chunky
|-supereffective|p2a: Chunky|1
|-damage|p2a: Chunky|58/100
|drag|p2a: Izzy|Sneasler, L50, F|100/100
|
|-weather|Sandstorm|[upkeep]
|-damage|p2a: Izzy|94/100|[from] Sandstorm
|-damage|p2b: Blue balls|69/100|[from] Sandstorm
|upkeep
|turn|3
|
|t:|1785907938
|switch|p1a: Femboy|Gardevoir, L50, M, shiny|100/100
|detailschange|p1b: Aura monster|Tyranitar-Mega, L50, M, shiny
|-mega|p1b: Aura monster|Tyranitar|Tyranitarite
|move|p2b: Blue balls|Protect|p2b: Blue balls
|-singleturn|p2b: Blue balls|Protect
|move|p2a: Izzy|Close Combat|p1b: Aura monster
|-supereffective|p1b: Aura monster|2
|-damage|p1b: Aura monster|0 fnt
|-unboost|p2a: Izzy|def|1
|-unboost|p2a: Izzy|spd|1
|faint|p1b: Aura monster
|-enditem|p2a: Izzy|White Herb
|-clearnegativeboost|p2a: Izzy|[silent]
|
|-weather|Sandstorm|[upkeep]
|-damage|p2a: Izzy|88/100|[from] Sandstorm
|-damage|p2b: Blue balls|63/100|[from] Sandstorm
|-damage|p1a: Femboy|93/100|[from] Sandstorm
|-end|p2b: Blue balls|Throat Chop|[silent]
|upkeep
|
|t:|1785907957
|switch|p1b: Simon the digger|Excadrill, L50, F, shiny|100/100
|turn|4
|
|t:|1785907973
|switch|p2b: Cosplay lite|Mimikyu, L50, M|100/100
|move|p2a: Izzy|Dire Claw|p1a: Femboy
|-supereffective|p1a: Femboy|1
|-damage|p1a: Femboy|0 fnt
|faint|p1a: Femboy
|move|p1b: Simon the digger|Earthquake|p2a: Izzy|[spread] p2a,p2b
|-supereffective|p2a: Izzy|1
|-damage|p2a: Izzy|0 fnt
|-activate|p2b: Cosplay lite|ability: Disguise
|-damage|p2b: Cosplay lite|100/100
|detailschange|p2b: Cosplay lite|Mimikyu-Busted, L50, M
|-damage|p2b: Cosplay lite|87/100|[from] pokemon: Mimikyu-Busted
|faint|p2a: Izzy
|
|-weather|Sandstorm|[upkeep]
|-damage|p2b: Cosplay lite|81/100|[from] Sandstorm
|upkeep
|
|t:|1785907991
|switch|p2a: Chunky|Flapple, L50, F|58/100
|switch|p1a: Blue Diih|Orthworm, L50, M, shiny|74/100
|turn|5
|
|t:|1785908006
|move|p1b: Simon the digger|Earthquake|p2a: Chunky|[spread] p2a,p2b
|-heal|p1a: Blue Diih|99/100|[from] ability: Earth Eater|[of] p1b: Simon the digger
|-resisted|p2a: Chunky|1
|-damage|p2a: Chunky|44/100
|-damage|p2b: Cosplay lite|50/100y
|move|p2b: Cosplay lite|Drain Punch|p1b: Simon the digger
|-supereffective|p1b: Simon the digger|1
|-damage|p1b: Simon the digger|43/100
|-heal|p2b: Cosplay lite|92/100|[from] drain|[of] p1b: Simon the digger
|move|p2a: Chunky|Grav Apple|p1b: Simon the digger
|-damage|p1b: Simon the digger|0 fnt
|faint|p1b: Simon the digger
|move|p1a: Blue Diih|Heavy Slam|p2b: Cosplay lite
|-supereffective|p2b: Cosplay lite|1
|-damage|p2b: Cosplay lite|28/100
|
|-weather|none
|-fieldend|move: Gravity
|upkeep
|turn|6
|
|t:|1785908036
|move|p2b: Cosplay lite|Drain Punch|p1a: Blue Diih
|-supereffective|p1a: Blue Diih|1
|-damage|p1a: Blue Diih|64/100
|-heal|p2b: Cosplay lite|51/100|[from] drain|[of] p1a: Blue Diih
|move|p2a: Chunky|Grav Apple|p1a: Blue Diih
|-resisted|p1a: Blue Diih|1
|-damage|p1a: Blue Diih|32/100
|-unboost|p1a: Blue Diih|def|1
|move|p1a: Blue Diih|Heavy Slam|p2b: Cosplay lite
|-supereffective|p2b: Cosplay lite|1
|-damage|p2b: Cosplay lite|0 fnt
|faint|p2b: Cosplay lite
|
|-sideend|p2: dragongoggl|Reflect
|upkeep
|
|t:|1785908051
|switch|p2b: Blue balls|Meowstic, L50, M|63/100
|turn|7
|
|t:|1785908058
|move|p1a: Blue Diih|Protect|p1a: Blue Diih
|-singleturn|p1a: Blue Diih|Protect
|move|p2b: Blue balls|Gravity|p2b: Blue balls
|-fieldstart|move: Gravity
|move|p2a: Chunky|Grav Apple|p1a: Blue Diih
|-activate|p1a: Blue Diih|move: Protect
|
|upkeep
|turn|8
|
|t:|1785908071
|move|p2b: Blue balls|Reflect|p2b: Blue balls
|-sidestart|p2: dragongoggl|Reflect
|move|p2a: Chunky|Grav Apple|p1a: Blue Diih
|-resisted|p1a: Blue Diih|1
|-damage|p1a: Blue Diih|0 fnt
|faint|p1a: Blue Diih
|
|win|dragongoggl
|inactive|Zachattacker has 30 seconds to confirm battle start!
|inactive|dragongoggl has 30 seconds to confirm battle start!
