|j|☆SuperManMuscle
|j|☆srTerror
|html|SuperManMusclesrTerror    
|uhtml|bestof|Game 3 of a best-of-3
|t:|1785881025
|gametype|doubles
|player|p1|SuperManMuscle|roughneck-gen4|1159
|player|p2|srTerror|169|1175
|gen|9
|tier|[Gen 9 Champions] VGC 2026 Reg M-B (Bo3)
|rated|
|rule|Species Clause: Limit one of each Pokémon
|rule|Item Clause: Limit 1 of each item
|clearpoke
|poke|p1|Staraptor, L50, F, shiny|
|poke|p1|Garchomp, L50, M, shiny|
|poke|p1|Whimsicott, L50, M, shiny|
|poke|p1|Delphox, L50, F|
|poke|p1|Glimmora, L50, M, shiny|
|poke|p1|Kingambit, L50, M, shiny|
|poke|p2|Dragonite, L50, F|
|poke|p2|Milotic, L50, M|
|poke|p2|Sneasler, L50, M|
|poke|p2|Charizard, L50, F|
|poke|p2|Gholdengo, L50|
|poke|p2|Whimsicott, L50, M|
|teampreview|4
|showteam|p1|Staraptor||Staraptite|Intimidate|Protect,Roost,CloseCombat,BraveBird|Jolly||F|||50|]Garchomp||LifeOrb|RoughSkin|Protect,RockSlide,Earthquake,DragonClaw|Jolly||M|||50|]Whimsicott||OccaBerry|Prankster|Moonblast,Tailwind,Charm,Encore|Timid||M|||50|]Delphox||Delphoxite|Magician|Protect,Psychic,HeatWave,Encore|Timid||F|||50|]Glimmora||FocusSash|ToxicDebris|SpikyShield,EarthPower,PowerGem,SludgeBomb|Timid||M|||50|]Kingambit||ChopleBerry|Defiant|Protect,IronHead,SuckerPunch,LowKick|Adamant||M|||50|
|showteam|p2|Dragonite||LifeOrb|InnerFocus|Protect,DragonClaw,ExtremeSpeed,LowKick|Adamant||F|||50|]Milotic||Leftovers|Competitive|Scald,IceBeam,Recover,Protect|Modest||M|||50|]Sneasler||WhiteHerb|Unburden|GunkShot,FakeOut,CloseCombat,Coaching|Adamant||M|||50|]Charizard||CharizarditeY|Blaze|Protect,HeatWave,WeatherBall,SolarBeam|Modest||F|||50|]Gholdengo||FocusSash|GoodasGold|Protect,ShadowBall,PowerGem,MakeItRain|Modest|||||50|]Whimsicott||FairyFeather|Prankster|Protect,Moonblast,Encore,Tailwind|Timid||M|||50|
|inactive|Battle timer is ON: inactive players will automatically lose when time's up. (requested by srTerror)
|inactive|SuperManMuscle has 60 seconds left.
|inactive|srTerror has 60 seconds left.
|
|t:|1785881060
|teamsize|p1|4
|teamsize|p2|4
|start
|switch|p1a: Whimsicott|Whimsicott, L50, M, shiny|100/100
|switch|p1b: Garchomp|Garchomp, L50, M, shiny|100/100
|switch|p2a: Sneasler|Sneasler, L50, M|100/100
|switch|p2b: Whimsicott|Whimsicott, L50, M|100/100
|turn|1
|
|t:|1785881071
|move|p2a: Sneasler|Fake Out|p1b: Garchomp
|-damage|p1b: Garchomp|86/100
|-damage|p2a: Sneasler|87/100|[from] ability: Rough Skin|[of] p1b: Garchomp
|move|p2b: Whimsicott|Tailwind|p2b: Whimsicott
|-sidestart|p2: srTerror|move: Tailwind
|move|p1a: Whimsicott|Tailwind|p1a: Whimsicott
|-sidestart|p1: SuperManMuscle|move: Tailwind
|cant|p1b: Garchomp|flinch
|
|upkeep
|turn|2
|inactive|srTerror has 30 seconds left.
|
|t:|1785881102
|move|p1a: Whimsicott|Encore|p2b: Whimsicott
|-start|p2b: Whimsicott|Encore
|move|p2b: Whimsicott|Tailwind||[still]
|-fail|p2b: Whimsicott
|move|p1b: Garchomp|Earthquake|p2a: Sneasler|[spread] p1a,p2a,p2b
|-resisted|p1a: Whimsicott|1
|-supereffective|p2a: Sneasler|1
|-resisted|p2b: Whimsicott|1
|-damage|p1a: Whimsicott|59/100
|-damage|p2a: Sneasler|0 fnt
|-damage|p2b: Whimsicott|62/100
|faint|p2a: Sneasler
|-damage|p1b: Garchomp|76/100|[from] item: Life Orb
|
|upkeep
|
|t:|1785881116
|switch|p2a: Dragonite|Dragonite, L50, F|100/100
|turn|3
|
|t:|1785881135
|switch|p2b: Charizard|Charizard, L50, F|100/100
|move|p1a: Whimsicott|Moonblast|p2a: Dragonite
|-supereffective|p2a: Dragonite|1
|-damage|p2a: Dragonite|21/100
|move|p1b: Garchomp|Dragon Claw|p2a: Dragonite
|-supereffective|p2a: Dragonite|1
|-crit|p2a: Dragonite
|-damage|p2a: Dragonite|0 fnt
|faint|p2a: Dragonite
|-damage|p1b: Garchomp|67/100|[from] item: Life Orb
|
|upkeep
|
|t:|1785881141
|switch|p2a: Whimsicott|Whimsicott, L50, M|62/100
|turn|4
|j| we_are_toasted
|
|t:|1785881158
|switch|p1a: Glimmora|Glimmora, L50, M, shiny|100/100
|detailschange|p2b: Charizard|Charizard-Mega-Y, L50, F
|-mega|p2b: Charizard|Charizard|Charizardite Y
|-weather|SunnyDay|[from] ability: Drought|[of] p2b: Charizard
|move|p1b: Garchomp|Protect|p1b: Garchomp
|-singleturn|p1b: Garchomp|Protect
|move|p2a: Whimsicott|Encore||[still]
|-fail|p2a: Whimsicott
|move|p2b: Charizard|Weather Ball|p1b: Garchomp
|-activate|p1b: Garchomp|move: Protect
|
|-weather|SunnyDay|[upkeep]
|-sideend|p1: SuperManMuscle|move: Tailwind
|-sideend|p2: srTerror|move: Tailwind
|upkeep
|turn|5
|l| we_are_toasted
|
|t:|1785881175
|move|p2a: Whimsicott|Tailwind|p2a: Whimsicott
|-sidestart|p2: srTerror|move: Tailwind
|move|p2b: Charizard|Solar Beam||[still]
|-prepare|p2b: Charizard|Solar Beam
|-anim|p2b: Charizard|Solar Beam|p1a: Glimmora
|-damage|p1a: Glimmora|44/100
|move|p1b: Garchomp|Rock Slide|p2b: Charizard|[spread] p2a,p2b
|-supereffective|p2b: Charizard|2
|-crit|p2b: Charizard
|-damage|p2a: Whimsicott|24/100
|-damage|p2b: Charizard|0 fnt
|faint|p2b: Charizard
|-damage|p1b: Garchomp|57/100|[from] item: Life Orb
|move|p1a: Glimmora|Power Gem|p2a: Whimsicott
|-damage|p2a: Whimsicott|0 fnt
|faint|p2a: Whimsicott
|
|win|SuperManMuscle
|raw|SuperManMuscle's rating: 1159 → 1185(+26 for winning)
|raw|srTerror's rating: 1175 → 1149(-26 for losing)
|l|☆SuperManMuscle
|player|p1|
