|j|☆AGreatRobot
|j|☆influxxyyy
|html|AGreatRobotinfluxxyyy    
|uhtml|bestof|Game 3 of a best-of-3
|t:|1757103511
|gametype|doubles
|player|p1|AGreatRobot|wattson|
|player|p2|influxxyyy|miku-fire|
|gen|9
|tier|[Gen 9] VGC 2025 Reg H (Bo3)
|rule|Species Clause: Limit one of each Pokémon
|rule|Item Clause: Limit 1 of each item
|clearpoke
|poke|p1|Bisharp, L50, F|
|poke|p1|Clodsire, L50, F|
|poke|p1|Tatsugiri-Stretchy, L50, F|
|poke|p1|Murkrow, L50, F|
|poke|p1|Oranguru, L50, M|
|poke|p1|Weavile, L50, M|
|poke|p2|Dragalge, L50, F|
|poke|p2|Mimikyu, L50, F|
|poke|p2|Primarina, L50, F|
|poke|p2|Bisharp, L50, F|
|poke|p2|Grimmsnarl, L50, M|
|poke|p2|Scrafty, L50, F|
|teampreview|4
|showteam|p1|Bisharp||Eviolite|Defiant|IronHead,ThroatChop,SuckerPunch,Protect|||F|||50|,,,,,Water]Clodsire||SitrusBerry|WaterAbsorb|BodyPress,AfterYou,Stockpile,Yawn|||F|||50|,,,,,Grass]Tatsugiri-Stretchy||ChoiceSpecs|StormDrain|Surf,DracoMeteor,HydroPump,MuddyWater|||F|||50|,,,,,Water]Murkrow||FocusSash|Prankster|Tailwind,RainDance,Taunt,FoulPlay|||F|||50|,,,,,Ghost]Oranguru||SafetyGoggles|Telepathy|Instruct,TrickRoom,Protect,KnockOff|||M|||50|,,,,,Dark]Weavile||LifeOrb|Pressure|TripleAxel,KnockOff,FakeOut,Protect|||M|||50|,,,,,Ice
|showteam|p2|Dragalge||LifeOrb|Adaptability|Protect,SludgeBomb,DracoMeteor,TeraBlast|||F|||50|,,,,,Ground]Mimikyu||MentalHerb|Disguise|ShadowSneak,PlayRough,DestinyBond,TrickRoom|||F|||50|,,,,,Water]Primarina||FairyFeather|LiquidVoice|Protect,DazzlingGleam,Moonblast,HyperVoice|||F|||50|,,,,,Grass]Bisharp||Eviolite|Defiant|Protect,ThroatChop,SuckerPunch,SwordsDance|||F|||50|,,,,,Dark]Grimmsnarl||LightClay|Prankster|LightScreen,Reflect,FakeTears,SpiritBreak|||M|||50|,,,,,Ghost]Scrafty||SafetyGoggles|Intimidate|FakeOut,KnockOff,CloseCombat,Taunt|||F|||50|,,,,,Fairy
|inactive|Battle timer is ON: inactive players will automatically lose when time's up. (requested by influxxyyy)
|inactive|AGreatRobot has 60 seconds left.
|inactive|influxxyyy has 60 seconds left.
|
|t:|1757103557
|teamsize|p1|4
|teamsize|p2|4
|start
|switch|p1a: fren :)|Clodsire, L50, F|100/100
|switch|p1b: Ice Ice Baby|Weavile, L50, M|100/100
|switch|p2a: Mimickyou|Mimikyu, L50, F, shiny|100/100
|switch|p2b: Bishop|Bisharp, L50, F, shiny|100/100
|-ability|p1b: Ice Ice Baby|Pressure
|turn|1
|inactive|influxxyyy has 30 seconds left.
|
|t:|1757103585
|switch|p2b: Semolina|Primarina, L50, F|100/100
|-terastallize|p2a: Mimickyou|Water
|move|p1b: Ice Ice Baby|Triple Axel|p2a: Mimickyou
|-activate|p2a: Mimickyou|ability: Disguise
|-damage|p2a: Mimickyou|100/100
|detailschange|p2a: Mimickyou|Mimikyu-Busted, L50, F, shiny, tera:Water
|-damage|p2a: Mimickyou|88/100|[from] pokemon: Mimikyu-Busted
|-resisted|p2a: Mimickyou
|-crit|p2a: Mimickyou
|-damage|p2a: Mimickyou|64/100
|-resisted|p2a: Mimickyou
|-damage|p2a: Mimickyou|39/100
|-hitcount|p2a: Mimickyou|3
|-damage|p1b: Ice Ice Baby|91/100|[from] item: Life Orb
|move|p1a: fren :)|Yawn|p2b: Semolina
|-start|p2b: Semolina|move: Yawn|[of] p1a: fren :)
|move|p2a: Mimickyou|Trick Room|p2a: Mimickyou
|-fieldstart|move: Trick Room|[of] p2a: Mimickyou
|
|upkeep
|turn|2
|inactive|influxxyyy has 30 seconds left.
|inactive|influxxyyy has 20 seconds left.
|
|t:|1757103622
|move|p1b: Ice Ice Baby|Protect|p1b: Ice Ice Baby
|-singleturn|p1b: Ice Ice Baby|Protect
|move|p1a: fren :)|Stockpile|p1a: fren :)
|-start|p1a: fren :)|stockpile1
|-boost|p1a: fren :)|def|1
|-boost|p1a: fren :)|spd|1
|move|p2b: Semolina|Moonblast|p1b: Ice Ice Baby
|-activate|p1b: Ice Ice Baby|move: Protect
|move|p2a: Mimickyou|Destiny Bond|p2a: Mimickyou
|-singlemove|p2a: Mimickyou|Destiny Bond
|
|-end|p2b: Semolina|move: Yawn|[silent]
|-status|p2b: Semolina|slp
|upkeep
|turn|3
|
|t:|1757103644
|switch|p2b: Bishop|Bisharp, L50, F, shiny|100/100
|switch|p1b: Lil Bro|Bisharp, L50, F|100/100
|move|p1a: fren :)|Stockpile|p1a: fren :)
|-start|p1a: fren :)|stockpile2
|-boost|p1a: fren :)|def|1
|-boost|p1a: fren :)|spd|1
|move|p2a: Mimickyou|Play Rough|p1b: Lil Bro
|-damage|p1b: Lil Bro|75/100
|
|upkeep
|turn|4
|
|t:|1757103664
|switch|p2b: Semolina|Primarina, L50, F|100/100 slp
|switch|p2a: Dragalgae|Dragalge, L50, F, shiny|100/100
|move|p1a: fren :)|Body Press|p2a: Dragalgae
|-resisted|p2a: Dragalgae
|-damage|p2a: Dragalgae|79/100
|move|p1b: Lil Bro|Iron Head|p2b: Semolina
|-damage|p2b: Semolina|46/100 slp
|
|upkeep
|turn|5
|
|t:|1757103691
|move|p1a: fren :)|Stockpile|p1a: fren :)
|-start|p1a: fren :)|stockpile3
|-boost|p1a: fren :)|def|1
|-boost|p1a: fren :)|spd|1
|move|p2a: Dragalgae|Draco Meteor|p1a: fren :)
|-damage|p1a: fren :)|70/100
|-unboost|p2a: Dragalgae|spa|2
|-damage|p2a: Dragalgae|70/100|[from] item: Life Orb
|cant|p2b: Semolina|slp
|move|p1b: Lil Bro|Iron Head|p2b: Semolina
|-damage|p2b: Semolina|0 fnt
|faint|p2b: Semolina
|
|-fieldend|move: Trick Room
|upkeep
|
|t:|1757103713
|switch|p2b: Bishop|Bisharp, L50, F, shiny|100/100
|turn|6
|
|t:|1757103726
|switch|p2a: Mimickyou|Mimikyu-Busted, L50, F, shiny, tera:Water|39/100
|move|p2b: Bishop|Protect|p2b: Bishop
|-singleturn|p2b: Bishop|Protect
|move|p1b: Lil Bro|Iron Head|p2a: Mimickyou
|-resisted|p2a: Mimickyou
|-damage|p2a: Mimickyou|11/100
|move|p1a: fren :)|Body Press|p2b: Bishop
|-activate|p2b: Bishop|move: Protect
|
|upkeep
|turn|7
|inactive|influxxyyy has 30 seconds left.
|
|t:|1757103757
|move|p1b: Lil Bro|Iron Head|p2b: Bishop
|-resisted|p2b: Bishop
|-damage|p2b: Bishop|86/100
|move|p2a: Mimickyou|Destiny Bond|p2a: Mimickyou
|-singlemove|p2a: Mimickyou|Destiny Bond
|move|p2b: Bishop|Throat Chop|p1a: fren :)
|-damage|p1a: fren :)|55/100
|-start|p1a: fren :)|Throat Chop|[silent]
|move|p1a: fren :)|Body Press|p2b: Bishop
|-supereffective|p2b: Bishop
|-damage|p2b: Bishop|0 fnt
|faint|p2b: Bishop
|
|upkeep
|
|t:|1757103764
|switch|p2b: Dragalgae|Dragalge, L50, F, shiny|70/100
|turn|8
|
|t:|1757103779
|move|p2b: Dragalgae|Protect|p2b: Dragalgae
|-singleturn|p2b: Dragalgae|Protect
|move|p1b: Lil Bro|Iron Head|p2b: Dragalgae
|-activate|p2b: Dragalgae|move: Protect
|move|p1a: fren :)|Body Press|p2a: Mimickyou
|-damage|p2a: Mimickyou|0 fnt
|faint|p2a: Mimickyou
|-activate|p2a: Mimickyou|move: Destiny Bond
|faint|p1a: fren :)
|
|upkeep
|
|t:|1757103786
|switch|p1a: Just Keep Swimming|Tatsugiri-Stretchy, L50, F|100/100
|turn|9
|
|t:|1757103790
|move|p1a: Just Keep Swimming|Draco Meteor|p2b: Dragalgae
|-supereffective|p2b: Dragalgae
|-damage|p2b: Dragalgae|0 fnt
|-unboost|p1a: Just Keep Swimming|spa|2
|faint|p2b: Dragalgae
|
|win|AGreatRobot
|c|☆influxxyyy|wp
|c|☆AGreatRobot|Ggs
|l|☆AGreatRobot
|player|p1|
|j|☆AGreatRobot
|player|p1|AGreatRobot|wattson|
|l|☆AGreatRobot
|player|p1|
