|j|☆prophetcassandra
|j|☆Joey Snowball
|html|prophetcassandraJoey Snowball    
|uhtml|bestof|Game 3 of a best-of-3
|t:|1783793606
|gametype|doubles
|player|p1|prophetcassandra|caitlin|
|player|p2|Joey Snowball|266|
|gen|9
|tier|[Gen 9 Champions] VGC 2026 Reg M-B (Bo3)
|rule|Species Clause: Limit one of each Pokémon
|rule|Item Clause: Limit 1 of each item
|clearpoke
|poke|p1|Maushold-Four, L50|
|poke|p1|Gholdengo, L50|
|poke|p1|Swampert, L50, F|
|poke|p1|Talonflame, L50, M|
|poke|p1|Drampa, L50, F|
|poke|p1|Venusaur, L50, F|
|poke|p2|Basculegion-F, L50, F|
|poke|p2|Sinistcha, L50|
|poke|p2|Wyrdeer, L50, F|
|poke|p2|Gyarados, L50, F|
|poke|p2|Blaziken, L50, F|
|poke|p2|Lycanroc-Dusk, L50, M|
|teampreview|4
|showteam|p1|Maushold-Four||WideLens|FriendGuard|PopulationBomb,TidyUp,Crunch,Protect|Naive|||||50|]Gholdengo||LifeOrb|GoodasGold|MakeItRain,NastyPlot,Protect,DazzlingGleam|Modest|||||50|]Swampert||Swampertite|Torrent|Earthquake,HammerArm,FlipTurn,Waterfall|Lax||F|||50|]Talonflame||FocusSash|GaleWings|BraveBird,Roost,Tailwind,BlazeKick|Naive||M|||50|]Drampa||QuickClaw|CloudNine|HyperVoice,GrassKnot,DracoMeteor,ThunderWave|Quiet||F|||50|]Venusaur||Venusaurite|Overgrow|SludgeBomb,EarthPower,SleepPowder,Protect|Timid||F|||50|
|showteam|p2|Basculegion-F||ChoiceScarf|Adaptability|ShadowBall,MuddyWater,Surf,Blizzard|Mild||F|||50|]Sinistcha||QuickClaw|Hospitality|MatchaGotcha,NastyPlot,TrickRoom,ShadowBall|Modest|||||50|]Wyrdeer||SilkScarf|Frisk|PsyshieldBash,GigaImpact,Thrash,ThroatChop|Adamant||F|||50|]Gyarados||Gyaradosite|Intimidate|Waterfall,StoneEdge,Protect,PowerWhip|Relaxed||F|||50|]Blaziken||Blazikenite|Blaze|CloseCombat,FlareBlitz,KnockOff,Protect|Adamant||F|||50|]Lycanroc-Dusk||FocusSash|ToughClaws|RockSlide,Protect,LastResort,SuckerPunch|Adamant||M|||50|
|j| PrinceFrerin
|
|t:|1783793664
|teamsize|p1|4
|teamsize|p2|4
|start
|switch|p1a: Venusaur|Venusaur, L50, F|100/100
|switch|p1b: Talonflame|Talonflame, L50, M|100/100
|switch|p2a: Good ol reliable|Basculegion-F, L50, F|100/100
|switch|p2b: matcha at home|Sinistcha, L50|100/100
|turn|1
|j| immmcanadian
|inactive|Battle timer is ON: inactive players will automatically lose when time's up. (requested by Joey Snowball)
|
|t:|1783793747
|switch|p2b: mega moxie|Gyarados, L50, F|100/100
|-ability|p2b: mega moxie|Intimidate|boost
|-unboost|p1a: Venusaur|atk|1
|-unboost|p1b: Talonflame|atk|1
|detailschange|p1a: Venusaur|Venusaur-Mega, L50, F
|-mega|p1a: Venusaur|Venusaur|Venusaurite
|move|p1b: Talonflame|Tailwind|p1b: Talonflame
|-sidestart|p1: prophetcassandra|move: Tailwind
|move|p1a: Venusaur|Sleep Powder|p2a: Good ol reliable
|-status|p2a: Good ol reliable|slp|[from] move: Sleep Powder
|cant|p2a: Good ol reliable|slp
|
|upkeep
|turn|2
|inactive|Joey Snowball has 30 seconds left.
|inactive|Joey Snowball has 20 seconds left.
|
|t:|1783793784
|switch|p1b: Swampert|Swampert, L50, F|100/100
|switch|p2a: matcha at home|Sinistcha, L50|100/100
|move|p1a: Venusaur|Sleep Powder|p2b: mega moxie
|-status|p2b: mega moxie|slp|[from] move: Sleep Powder
|cant|p2b: mega moxie|slp
|
|upkeep
|turn|3
|c| PrinceFrerin|how accurate is sleep powder?
|inactive|Joey Snowball has 30 seconds left.
|-activate|p2a: matcha at home|item: Quick Claw
|
|t:|1783793817
|switch|p1b: Talonflame|Talonflame, L50, M|100/100
|move|p1a: Venusaur|Sludge Bomb|p2a: matcha at home
|-damage|p2a: matcha at home|48/100
|-status|p2a: matcha at home|psn
|cant|p2b: mega moxie|slp
|move|p2a: matcha at home|Trick Room|p2a: matcha at home
|-fieldstart|move: Trick Room|[of] p2a: matcha at home
|
|-damage|p2a: matcha at home|36/100 psn|[from] psn
|upkeep
|turn|4
|c| immmcanadian|quick claw trick room btw
|c| immmcanadian|LOL
|inactive|prophetcassandra has 30 seconds left.
|inactive|Joey Snowball has 30 seconds left.
|inactive|prophetcassandra has 20 seconds left.
|inactive|Joey Snowball has 20 seconds left.
|inactive|Joey Snowball has 15 seconds left.
|
|t:|1783793860
|switch|p2a: Good ol reliable|Basculegion-F, L50, F|100/100 slp
|switch|p1a: Swampert|Swampert, L50, F|100/100
|move|p1b: Talonflame|Brave Bird|p2a: Good ol reliable
|-damage|p2a: Good ol reliable|37/100 slp
|-damage|p1b: Talonflame|73/100|[from] Recoil
|-curestatus|p2b: mega moxie|slp|[msg]
|move|p2b: mega moxie|Stone Edge|p1b: Talonflame
|-supereffective|p1b: Talonflame|2
|-damage|p1b: Talonflame|0 fnt
|faint|p1b: Talonflame
|
|-sideend|p1: prophetcassandra|move: Tailwind
|upkeep
|
|t:|1783793875
|switch|p1b: Maushold|Maushold-Four, L50|100/100
|turn|5
|inactive|prophetcassandra has 30 seconds left.
|inactive|Joey Snowball has 30 seconds left.
|inactive|prophetcassandra has 20 seconds left.
|inactive|Joey Snowball has 20 seconds left.
|
|t:|1783793913
|switch|p2a: Not in Uber|Blaziken, L50, F|100/100
|detailschange|p2b: mega moxie|Gyarados-Mega, L50, F
|-mega|p2b: mega moxie|Gyarados|Gyaradosite
|-ability|p2b: mega moxie|Mold Breaker
|move|p1a: Swampert|Waterfall|p2a: Not in Uber
|-supereffective|p2a: Not in Uber|1
|-damage|p2a: Not in Uber|0 fnt
|faint|p2a: Not in Uber
|move|p2b: mega moxie|Power Whip|p1a: Swampert
|-supereffective|p1a: Swampert|2
|-damage|p1a: Swampert|0 fnt
|faint|p1a: Swampert
|move|p1b: Maushold|Crunch|p2b: mega moxie
|-resisted|p2b: mega moxie|1
|-damage|p2b: mega moxie|93/100
|
|upkeep
|
|t:|1783793936
|switch|p1a: Venusaur|Venusaur-Mega, L50, F|100/100
|switch|p2a: Good ol reliable|Basculegion-F, L50, F|37/100 slp
|turn|6
|inactive|prophetcassandra has 30 seconds left.
|inactive|Joey Snowball has 30 seconds left.
|inactive|prophetcassandra has 20 seconds left.
|inactive|prophetcassandra has 15 seconds left.
|
|t:|1783793978
|move|p1b: Maushold|Protect|p1b: Maushold
|-singleturn|p1b: Maushold|Protect
|move|p2b: mega moxie|Stone Edge|p1a: Venusaur
|-damage|p1a: Venusaur|60/100
|move|p1a: Venusaur|Earth Power|p2a: Good ol reliable
|-damage|p2a: Good ol reliable|10/100 slp
|cant|p2a: Good ol reliable|slp
|
|upkeep
|turn|7
|inactive|Joey Snowball has 30 seconds left.
|inactive|Joey Snowball has 20 seconds left.
|inactive|Joey Snowball has 15 seconds left.
|inactive|Joey Snowball has 10 seconds left.
|inactive|Joey Snowball has 5 seconds left.
|
|t:|1783794032
|move|p2b: mega moxie|Stone Edge|p1a: Venusaur
|-crit|p1a: Venusaur
|-damage|p1a: Venusaur|4/100
|move|p1a: Venusaur|Earth Power|p2a: Good ol reliable
|-crit|p2a: Good ol reliable
|-damage|p2a: Good ol reliable|0 fnt
|faint|p2a: Good ol reliable
|move|p1b: Maushold|Tidy Up|p1b: Maushold
|-boost|p1b: Maushold|atk|1
|-boost|p1b: Maushold|spe|1
|
|-fieldend|move: Trick Room
|upkeep
|
|t:|1783794043
|switch|p2a: matcha at home|Sinistcha, L50|36/100 psn
|-heal|p2b: mega moxie|100/100|[from] ability: Hospitality|[of] p2a: matcha at home
|turn|8
|inactive|Joey Snowball has 30 seconds left.
|-activate|p2a: matcha at home|item: Quick Claw
|
|t:|1783794071
|move|p2a: matcha at home|Matcha Gotcha|p1b: Maushold|[spread] p1a,p1b
|-resisted|p1a: Venusaur|2
|-damage|p1a: Venusaur|0 fnt
|-heal|p2a: matcha at home|39/100 psn|[from] drain|[of] p1a: Venusaur
|-damage|p1b: Maushold|45/100
|-heal|p2a: matcha at home|67/100 psn|[from] drain|[of] p1b: Maushold
|-status|p1b: Maushold|brn
|faint|p1a: Venusaur
|move|p1b: Maushold|Crunch|p2a: matcha at home
|-supereffective|p2a: matcha at home|1
|-damage|p2a: matcha at home|36/100 psn
|move|p2b: mega moxie|Waterfall|p1b: Maushold
|-damage|p1b: Maushold|0 fnt
|faint|p1b: Maushold
|
|win|Joey Snowball
|c|☆prophetcassandra|im going to lose it
|c| immmcanadian|HAHAHAHAHA
|c| PrinceFrerin|QUICK CLAW
|c| immmcanadian|HAHAHAHAHAHAHAHAHAHAH
