|j|☆Invencible19
|j|‽jacobeiro
|html|Invencible19jacobeiro    
|uhtml|bestof|Game 2 of a best-of-3
|t:|1782290940
|gametype|doubles
|player|p1|Invencible19|dawn-gen4pt|1081
|player|p2|jacobeiro|2|1163
|gen|9
|tier|[Gen 9 Champions] VGC 2026 Reg M-B (Bo3)
|rated|
|rule|Species Clause: Limit one of each Pokémon
|rule|Item Clause: Limit 1 of each item
|clearpoke
|poke|p1|Metagross, L50|
|poke|p1|Hydreigon, L50, F|
|poke|p1|Ninetales-Alola, L50, F, shiny|
|poke|p1|Grimmsnarl, L50, M|
|poke|p1|Aerodactyl, L50, F|
|poke|p1|Skeledirge, L50, F|
|poke|p2|Staraptor, L50, M|
|poke|p2|Charizard, L50, F|
|poke|p2|Garchomp, L50, M|
|poke|p2|Kingambit, L50, M|
|poke|p2|Whimsicott, L50, M|
|poke|p2|Sinistcha, L50|
|teampreview|4
|showteam|p1|Metagross||Metagrossite|ClearBody|IronHead,PsychicFangs,StompingTantrum,Protect|Jolly|||||50|]Hydreigon||ChoiceScarf|Levitate|DracoMeteor,DarkPulse,EarthPower,Uturn|Timid||F|||50|]Ninetales-Alola||FocusSash|SnowWarning|Blizzard,IcyWind,FreezeDry,AuroraVeil|Timid||F|||50|]Grimmsnarl||IronBall|Prankster|SpiritBreak,FakeOut,Trick,PartingShot|Careful||M|||50|]Aerodactyl||Aerodactylite|Unnerve|RockSlide,DualWingbeat,Tailwind,WideGuard|Jolly||F|||50|]Skeledirge||LifeOrb|Unaware|HeatWave,ShadowBall,WillOWisp,Protect|Modest||F|||50|
|showteam|p2|Staraptor||Staraptite|Intimidate|BraveBird,CloseCombat,Roost,Protect|Adamant||M|||50|]Charizard||CharizarditeY|Blaze|HeatWave,WeatherBall,SolarBeam,Protect|Modest||F|||50|]Garchomp||ChoiceScarf|SandVeil|Earthquake,RockSlide,StompingTantrum,DragonClaw|Adamant||M|||50|]Kingambit||ChopleBerry|Defiant|KowtowCleave,IronHead,SuckerPunch,Protect|Adamant||M|||50|]Whimsicott||FocusSash|Prankster|Moonblast,Tailwind,Charm,Encore|Bold||M|||50|]Sinistcha||Leftovers|Hospitality|MatchaGotcha,StrengthSap,RagePowder,Protect|Bold|||||50|
|inactive|Battle timer is ON: inactive players will automatically lose when time's up. (requested by Invencible19)
|
|t:|1782290963
|teamsize|p1|4
|teamsize|p2|4
|start
|switch|p1a: Grimmsnarl|Grimmsnarl, L50, M|100/100
|switch|p1b: Aerodactyl|Aerodactyl, L50, F|100/100
|switch|p2a: Staraptor|Staraptor, L50, M|100/100
|switch|p2b: Whimsicott|Whimsicott, L50, M|100/100
|-ability|p1b: Aerodactyl|Unnerve
|-ability|p2a: Staraptor|Intimidate|boost
|-unboost|p1a: Grimmsnarl|atk|1
|-unboost|p1b: Aerodactyl|atk|1
|turn|1
|inactive|jacobeiro has 30 seconds left.
|
|t:|1782290993
|detailschange|p1b: Aerodactyl|Aerodactyl-Mega, L50, F
|-mega|p1b: Aerodactyl|Aerodactyl|Aerodactylite
|detailschange|p2a: Staraptor|Staraptor-Mega, L50, M
|-mega|p2a: Staraptor|Staraptor|Staraptite
|move|p1a: Grimmsnarl|Fake Out|p2a: Staraptor
|-damage|p2a: Staraptor|93/100
|move|p2b: Whimsicott|Tailwind|p2b: Whimsicott
|-sidestart|p2: jacobeiro|move: Tailwind
|cant|p2a: Staraptor|flinch
|move|p1b: Aerodactyl|Tailwind|p1b: Aerodactyl
|-sidestart|p1: Invencible19|move: Tailwind
|
|upkeep
|turn|2
|
|t:|1782291004
|move|p2b: Whimsicott|Charm|p2a: Staraptor
|-boost|p2a: Staraptor|atk|2
|move|p1b: Aerodactyl|Dual Wingbeat|p2a: Staraptor
|-supereffective|p2a: Staraptor|1
|-damage|p2a: Staraptor|57/100
|-supereffective|p2a: Staraptor|1
|-damage|p2a: Staraptor|21/100
|-hitcount|p2a: Staraptor|2
|move|p2a: Staraptor|Close Combat|p1a: Grimmsnarl
|-damage|p1a: Grimmsnarl|0 fnt
|-boost|p2a: Staraptor|def|1
|-boost|p2a: Staraptor|spd|1
|faint|p1a: Grimmsnarl
|
|upkeep
|
|t:|1782291013
|switch|p1a: Ninetales|Ninetales-Alola, L50, F, shiny|100/100
|-weather|Snowscape|[from] ability: Snow Warning|[of] p1a: Ninetales
|turn|3
|inactive|jacobeiro has 30 seconds left.
|inactive|jacobeiro has 20 seconds left.
|
|t:|1782291050
|move|p2a: Staraptor|Protect|p2a: Staraptor
|-singleturn|p2a: Staraptor|Protect
|move|p2b: Whimsicott|Charm|p1b: Aerodactyl
|-unboost|p1b: Aerodactyl|atk|2
|move|p1b: Aerodactyl|Rock Slide|p2b: Whimsicott|[spread] p2b
|-activate|p2a: Staraptor|move: Protect
|-damage|p2b: Whimsicott|89/100
|move|p1a: Ninetales|Blizzard|p2b: Whimsicott|[spread] p2b
|-activate|p2a: Staraptor|move: Protect
|-supereffective|p2b: Whimsicott|1
|-damage|p2b: Whimsicott|23/100
|
|-weather|Snowscape|[upkeep]
|upkeep
|turn|4
|inactive|jacobeiro has 30 seconds left.
|
|t:|1782291077
|switch|p1b: Skeledirge|Skeledirge, L50, F|100/100
|switch|p2a: Kingambit|Kingambit, L50, M|100/100
|move|p1a: Ninetales|Blizzard|p2b: Whimsicott|[spread] p2a,p2b
|-resisted|p2a: Kingambit|1
|-supereffective|p2b: Whimsicott|1
|-crit|p2b: Whimsicott
|-damage|p2a: Kingambit|86/100
|-damage|p2b: Whimsicott|0 fnt
|faint|p2b: Whimsicott
|
|-weather|Snowscape|[upkeep]
|-sideend|p2: jacobeiro|move: Tailwind
|-sideend|p1: Invencible19|move: Tailwind
|upkeep
|
|t:|1782291084
|switch|p2b: Garchomp|Garchomp, L50, M|100/100
|turn|5
|
|t:|1782291108
|switch|p1b: Aerodactyl|Aerodactyl-Mega, L50, F|100/100
|move|p2b: Garchomp|Stomping Tantrum|p1a: Ninetales
|-damage|p1a: Ninetales|70/100
|move|p1a: Ninetales|Aurora Veil|p1a: Ninetales
|-sidestart|p1: Invencible19|move: Aurora Veil
|move|p2a: Kingambit|Iron Head|p1a: Ninetales
|-supereffective|p1a: Ninetales|2
|-damage|p1a: Ninetales|0 fnt
|faint|p1a: Ninetales
|
|-weather|Snowscape|[upkeep]
|upkeep
|
|t:|1782291117
|switch|p1a: Skeledirge|Skeledirge, L50, F|100/100
|turn|6
|
|t:|1782291128
|move|p2b: Garchomp|Stomping Tantrum|p1a: Skeledirge
|-supereffective|p1a: Skeledirge|1
|-damage|p1a: Skeledirge|52/100
|move|p1b: Aerodactyl|Rock Slide|p2a: Kingambit|[spread] p2a
|-miss|p1b: Aerodactyl|p2b: Garchomp
|-resisted|p2a: Kingambit|1
|-damage|p2a: Kingambit|76/100
|move|p1a: Skeledirge|Heat Wave|p2b: Garchomp|[spread] p2a
|-miss|p1a: Skeledirge|p2b: Garchomp
|-supereffective|p2a: Kingambit|1
|-damage|p2a: Kingambit|0 fnt
|faint|p2a: Kingambit
|-damage|p1a: Skeledirge|42/100|[from] item: Life Orb
|
|-weather|Snowscape|[upkeep]
|upkeep
|
|t:|1782291133
|switch|p2a: Staraptor|Staraptor-Mega, L50, M|21/100
|turn|7
|
|t:|1782291152
|move|p2b: Garchomp|Stomping Tantrum|p1a: Skeledirge
|-supereffective|p1a: Skeledirge|1
|-damage|p1a: Skeledirge|0 fnt
|faint|p1a: Skeledirge
|move|p1b: Aerodactyl|Rock Slide|p2b: Garchomp|[spread] p2a,p2b
|-resisted|p2b: Garchomp|1
|-damage|p2a: Staraptor|0 fnt
|-damage|p2b: Garchomp|85/100
|faint|p2a: Staraptor
|
|-weather|none
|upkeep
|turn|8
|-message|jacobeiro forfeited.
|
|win|Invencible19
|raw|Invencible19's rating: 1081 → 1113(+32 for winning)
|raw|jacobeiro's rating: 1138 → 1109(-29 for losing)
|l|‽jacobeiro
|player|p2|
