|j|☆Cage92
|j|☆hexagonfoot
|html|Cage92hexagonfoot    
|uhtml|bestof|Game 1 of a best-of-3
|t:|1756496367
|gametype|doubles
|player|p1|Cage92|bugsy|1185
|player|p2|hexagonfoot|caitlin|1216
|gen|9
|tier|[Gen 9] VGC 2025 Reg H (Bo3)
|rated|
|rule|Species Clause: Limit one of each Pokémon
|rule|Item Clause: Limit 1 of each item
|clearpoke
|poke|p1|Corviknight, L50, M|
|poke|p1|Garchomp, L50, M|
|poke|p1|Tyranitar, L50, M|
|poke|p1|Gholdengo, L50|
|poke|p1|Sneasler, L50, M|
|poke|p1|Incineroar, L50, M|
|poke|p2|Kingambit, L50, M|
|poke|p2|Primarina, L50, M|
|poke|p2|Sneasler, L50, M|
|poke|p2|Magmar, L50, F|
|poke|p2|Rillaboom, L50, F|
|poke|p2|Dragapult, L50, M|
|teampreview|4
|showteam|p1|Corviknight||CovertCloak|MirrorArmor|BraveBird,Taunt,Roost,Tailwind|||M|||50|,,,,,Dragon]Garchomp||ClearAmulet|RoughSkin|Earthquake,DragonClaw,StompingTantrum,Protect|||M|||50|,,,,,Steel]Tyranitar||AssaultVest|SandStream|RockSlide,KnockOff,TeraBlast,LowKick|||M|||50|,,,,,Flying]Gholdengo||LifeOrb|GoodasGold|MakeItRain,ShadowBall,NastyPlot,Protect||||||50|,,,,,Water]Sneasler||WhiteHerb|Unburden|DireClaw,CloseCombat,Coaching,Protect|||M|||50|,,,,,Ghost]Incineroar||SitrusBerry|Intimidate|FlareBlitz,WillOWisp,PartingShot,FakeOut|||M|||50|,,,,,Grass
|showteam|p2|Kingambit||BlackGlasses|Defiant|KowtowCleave,SuckerPunch,SwordsDance,Protect|||M|||50|,,,,,Ghost]Primarina||SitrusBerry|LiquidVoice|HyperVoice,Moonblast,Haze,Protect|||M|||50|,,,,,Water]Sneasler||FocusSash|PoisonTouch|CloseCombat,DireClaw,FakeOut,Protect|||M|||50|,,,,,Stellar]Magmar||Eviolite|VitalSpirit|Overheat,WillOWisp,FollowMe,Protect|||F|||50|,,,,,Ghost]Rillaboom||AssaultVest|GrassySurge|WoodHammer,GrassyGlide,HighHorsepower,FakeOut|||F|||50|,,,,,Fire]Dragapult||ChoiceBand|ClearBody|DragonDarts,PhantomForce,TeraBlast,Uturn|||M|||50|,,,,,Ghost
|inactive|Battle timer is ON: inactive players will automatically lose when time's up. (requested by hexagonfoot)
|inactive|Cage92 has 60 seconds left.
|
|t:|1756496413
|teamsize|p1|4
|teamsize|p2|4
|start
|switch|p1a: Garchomp|Garchomp, L50, M|100/100
|switch|p1b: Sneasler|Sneasler, L50, M|100/100
|switch|p2a: Sneasler|Sneasler, L50, M|100/100
|switch|p2b: Primarina|Primarina, L50, M|100/100
|turn|1
|inactive|hexagonfoot has 30 seconds left.
|inactive|hexagonfoot has 20 seconds left.
|
|t:|1756496449
|switch|p2a: Rillaboom|Rillaboom, L50, F|100/100
|-fieldstart|move: Grassy Terrain|[from] ability: Grassy Surge|[of] p2a: Rillaboom
|-terastallize|p2b: Primarina|Water
|move|p1b: Sneasler|Protect|p1b: Sneasler
|-singleturn|p1b: Sneasler|Protect
|move|p1a: Garchomp|Protect|p1a: Garchomp
|-singleturn|p1a: Garchomp|Protect
|move|p2b: Primarina|Hyper Voice|p1b: Sneasler|[spread] 
|-activate|p1a: Garchomp|move: Protect
|-activate|p1b: Sneasler|move: Protect
|
|upkeep
|turn|2
|inactive|Cage92 has 30 seconds left.
|inactive|hexagonfoot has 30 seconds left.
|
|t:|1756496483
|move|p2a: Rillaboom|Grassy Glide|p1b: Sneasler
|-resisted|p1b: Sneasler
|-damage|p1b: Sneasler|70/100
|move|p1b: Sneasler|Dire Claw|p2b: Primarina
|-damage|p2b: Primarina|60/100
|-status|p2b: Primarina|psn
|move|p1a: Garchomp|Stomping Tantrum|p2b: Primarina
|-damage|p2b: Primarina|22/100 psn
|-enditem|p2b: Primarina|Sitrus Berry|[eat]
|-heal|p2b: Primarina|47/100 psn|[from] item: Sitrus Berry
|move|p2b: Primarina|Hyper Voice|p1a: Garchomp|[spread] p1a,p1b
|-damage|p1a: Garchomp|50/100
|-damage|p1b: Sneasler|15/100
|
|-heal|p1b: Sneasler|21/100|[from] Grassy Terrain
|-heal|p1a: Garchomp|56/100|[from] Grassy Terrain
|-heal|p2b: Primarina|53/100 psn|[from] Grassy Terrain
|-damage|p2b: Primarina|41/100 psn|[from] psn
|upkeep
|turn|3
|
|t:|1756496507
|switch|p1b: Corviknight|Corviknight, L50, M|100/100
|move|p1a: Garchomp|Protect|p1a: Garchomp
|-singleturn|p1a: Garchomp|Protect
|move|p2a: Rillaboom|Grassy Glide|p1b: Corviknight
|-resisted|p1b: Corviknight
|-damage|p1b: Corviknight|93/100
|move|p2b: Primarina|Moonblast|p1a: Garchomp
|-activate|p1a: Garchomp|move: Protect
|
|-heal|p1a: Garchomp|62/100|[from] Grassy Terrain
|-heal|p2b: Primarina|47/100 psn|[from] Grassy Terrain
|-damage|p2b: Primarina|34/100 psn|[from] psn
|upkeep
|turn|4
|inactive|Cage92 has 30 seconds left.
|
|t:|1756496534
|-terastallize|p1a: Garchomp|Steel
|move|p2b: Primarina|Protect|p2b: Primarina
|-singleturn|p2b: Primarina|Protect
|move|p1a: Garchomp|Stomping Tantrum|p2b: Primarina
|-activate|p2b: Primarina|move: Protect
|move|p2a: Rillaboom|Wood Hammer|p1a: Garchomp
|-resisted|p1a: Garchomp
|-damage|p1a: Garchomp|18/100
|-damage|p2a: Rillaboom|88/100|[from] ability: Rough Skin|[of] p1a: Garchomp
|-damage|p2a: Rillaboom|75/100|[from] Recoil
|move|p1b: Corviknight|Tailwind|p1b: Corviknight
|-sidestart|p1: Cage92|move: Tailwind
|
|-heal|p1a: Garchomp|24/100|[from] Grassy Terrain
|-heal|p2a: Rillaboom|81/100|[from] Grassy Terrain
|-heal|p2b: Primarina|40/100 psn|[from] Grassy Terrain
|-damage|p2b: Primarina|28/100 psn|[from] psn
|upkeep
|turn|5
|
|t:|1756496555
|move|p2a: Rillaboom|Grassy Glide|p1a: Garchomp
|-resisted|p1a: Garchomp
|-damage|p1a: Garchomp|4/100
|-damage|p2a: Rillaboom|69/100|[from] ability: Rough Skin|[of] p1a: Garchomp
|move|p1a: Garchomp|Stomping Tantrum|p2b: Primarina
|-damage|p2b: Primarina|0 fnt
|faint|p2b: Primarina
|move|p1b: Corviknight|Brave Bird|p2a: Rillaboom
|-supereffective|p2a: Rillaboom
|-damage|p2a: Rillaboom|0 fnt
|faint|p2a: Rillaboom
|-damage|p1b: Corviknight|71/100|[from] Recoil
|
|-heal|p1a: Garchomp|10/100|[from] Grassy Terrain
|-fieldend|move: Grassy Terrain
|upkeep
|
|t:|1756496563
|switch|p2a: Magmar|Magmar, L50, F|100/100
|switch|p2b: Sneasler|Sneasler, L50, M|100/100
|turn|6
|inactive|Cage92 has 30 seconds left.
|inactive|Cage92 has 20 seconds left.
|inactive|Cage92 has 15 seconds left.
|
|t:|1756496607
|move|p1a: Garchomp|Protect|p1a: Garchomp
|-singleturn|p1a: Garchomp|Protect
|move|p2b: Sneasler|Fake Out|p1a: Garchomp
|-activate|p1a: Garchomp|move: Protect
|move|p1b: Corviknight|Brave Bird|p2b: Sneasler
|-supereffective|p2b: Sneasler
|-enditem|p2b: Sneasler|Focus Sash
|-damage|p2b: Sneasler|1/100
|-damage|p1b: Corviknight|46/100|[from] Recoil
|move|p2a: Magmar|Overheat|p1b: Corviknight
|-supereffective|p1b: Corviknight
|-damage|p1b: Corviknight|0 fnt
|-unboost|p2a: Magmar|spa|2
|faint|p1b: Corviknight
|
|upkeep
|inactive|Cage92 has 30 seconds left.
|inactive|Cage92 has 20 seconds left.
|
|t:|1756496645
|switch|p1b: Sneasler|Sneasler, L50, M|21/100
|turn|7
|inactive|hexagonfoot has 30 seconds left.
|inactive|hexagonfoot has 20 seconds left.
|
|t:|1756496680
|move|p2a: Magmar|Follow Me|p2a: Magmar
|-singleturn|p2a: Magmar|move: Follow Me
|move|p1b: Sneasler|Dire Claw|p2a: Magmar
|-damage|p2a: Magmar|66/100
|move|p1a: Garchomp|Stomping Tantrum|p2a: Magmar
|-supereffective|p2a: Magmar
|-damage|p2a: Magmar|3/100
|move|p2b: Sneasler|Dire Claw|p1b: Sneasler
|-resisted|p1b: Sneasler
|-damage|p1b: Sneasler|0 fnt
|faint|p1b: Sneasler
|
|-sideend|p1: Cage92|move: Tailwind
|upkeep
|
|t:|1756496693
|switch|p1b: Gholdengo|Gholdengo, L50|100/100
|turn|8
|
|t:|1756496710
|move|p2b: Sneasler|Close Combat|p1a: Garchomp
|-supereffective|p1a: Garchomp
|-damage|p1a: Garchomp|0 fnt
|-unboost|p2b: Sneasler|def|1
|-unboost|p2b: Sneasler|spd|1
|-damage|p2b: Sneasler|0 fnt|[from] ability: Rough Skin|[of] p1a: Garchomp
|faint|p1a: Garchomp
|faint|p2b: Sneasler
|move|p1b: Gholdengo|Make It Rain|p2a: Magmar
|-resisted|p2a: Magmar
|-damage|p2a: Magmar|0 fnt
|-unboost|p1b: Gholdengo|spa|1
|faint|p2a: Magmar
|-damage|p1b: Gholdengo|91/100|[from] item: Life Orb
|
|win|Cage92
||hexagonfoot is ready for game 2.
|inactive|Cage92 has 30 seconds to confirm battle start!
||Cage92 is ready for game 2.
|uhtml|next|Next: Game 2 of 3
