|j|☆edhen
|j|☆Xablauloco123
|html|edhenXablauloco123    
|uhtml|bestof|Game 2 of a best-of-3
|t:|1756864305
|gametype|doubles
|player|p1|edhen|clair|1245
|player|p2|Xablauloco123|102|1208
|gen|9
|tier|[Gen 9] VGC 2025 Reg H (Bo3)
|rated|
|rule|Species Clause: Limit one of each Pokémon
|rule|Item Clause: Limit 1 of each item
|clearpoke
|poke|p1|Politoed, L50, F|
|poke|p1|Archaludon, L50, F|
|poke|p1|Comfey, L50, M|
|poke|p1|Rillaboom, L50, M|
|poke|p1|Basculegion, L50, M|
|poke|p1|Kilowattrel, L50, F|
|poke|p2|Sylveon, L50, F|
|poke|p2|Tauros-Paldea-Aqua, L50, M|
|poke|p2|Talonflame, L50, M|
|poke|p2|Oranguru, L50, F|
|poke|p2|Tyranitar, L50, M|
|poke|p2|Kingambit, L50, M|
|teampreview|4
|showteam|p1|Politoed||Leftovers|Drizzle|Protect,MuddyWater,Haze,Hypnosis|||F|||50|,,,,,Grass]Archaludon||AssaultVest|Stamina|ElectroShot,BodyPress,FlashCannon,DragonPulse|||F|||50|,,,,,Grass]Comfey||WikiBerry|Triage|Protect,FloralHealing,DrainingKiss,Taunt|||M|||50|,,,,,Steel]Rillaboom||LoadedDice|GrassySurge|BulletSeed,GrassyGlide,FakeOut,HighHorsepower|||M|||50|,,,,,Fire]Basculegion||ChoiceBand|SwiftSwim|LastRespects,WaveCrash,AquaJet,FlipTurn|||M|||50|,,,,,Water]Kilowattrel||CovertCloak|WindPower|Tailwind,Protect,Hurricane,VoltSwitch|||F|||50|,,,,,Fairy
|showteam|p2|Sylveon||ThroatSpray|Pixilate|HyperVoice,Protect,TeraBlast,Psychic|||F|||50|,,,,,Water]Tauros-Paldea-Aqua||MirrorHerb|Intimidate|WaveCrash,CloseCombat,RockSlide,Protect|||M|||50|,,,,,Grass]Talonflame||CovertCloak|GaleWings|Tailwind,BraveBird,WillOWisp,FlareBlitz|||M|||50|,,,,,Ghost]Oranguru||MentalHerb|InnerFocus|TrickRoom,Instruct,Encore,Protect|||F|||50|,,,,,Dark]Tyranitar||AssaultVest|SandStream|Earthquake,RockSlide,LowKick,KnockOff|||M|||50|,,,,,Fairy]Kingambit||SafetyGoggles|Defiant|KowtowCleave,SuckerPunch,SwordsDance,Protect|||M|||50|,,,,,Flying
|inactive|Battle timer is ON: inactive players will automatically lose when time's up. (requested by Xablauloco123)
|
|t:|1756864339
|teamsize|p1|4
|teamsize|p2|4
|start
|switch|p1a: Rillaboom|Rillaboom, L50, M|100/100
|switch|p1b: Kilowattrel|Kilowattrel, L50, F|100/100
|switch|p2a: mario lucio|Oranguru, L50, F, shiny|100/100
|switch|p2b: teu pai|Tauros-Paldea-Aqua, L50, M|100/100
|-ability|p2b: teu pai|Intimidate|boost
|-unboost|p1a: Rillaboom|atk|1
|-unboost|p1b: Kilowattrel|atk|1
|-fieldstart|move: Grassy Terrain|[from] ability: Grassy Surge|[of] p1a: Rillaboom
|turn|1
|
|t:|1756864357
|move|p1b: Kilowattrel|Volt Switch|p2a: mario lucio
|-damage|p2a: mario lucio|77/100
|
|t:|1756864360
|switch|p1b: Archaludon|Archaludon, L50, F|100/100|[from] Volt Switch
|move|p2b: teu pai|Rock Slide|p1a: Rillaboom|[spread] p1a,p1b
|-resisted|p1b: Archaludon
|-damage|p1a: Rillaboom|84/100
|-damage|p1b: Archaludon|94/100
|-ability|p1b: Archaludon|Stamina|boost
|-boost|p1b: Archaludon|def|1
|-enditem|p2b: teu pai|Mirror Herb
|-boost|p2b: teu pai|def|1|[from] item: Mirror Herb
|move|p1a: Rillaboom|Bullet Seed|p1b: Archaludon
|-resisted|p1b: Archaludon
|-damage|p1b: Archaludon|93/100
|-ability|p1b: Archaludon|Stamina|boost
|-boost|p1b: Archaludon|def|1
|-resisted|p1b: Archaludon
|-damage|p1b: Archaludon|93/100
|-ability|p1b: Archaludon|Stamina|boost
|-boost|p1b: Archaludon|def|1
|-resisted|p1b: Archaludon
|-damage|p1b: Archaludon|92/100
|-ability|p1b: Archaludon|Stamina|boost
|-boost|p1b: Archaludon|def|1
|-resisted|p1b: Archaludon
|-damage|p1b: Archaludon|92/100
|-ability|p1b: Archaludon|Stamina|boost
|-boost|p1b: Archaludon|def|1
|-resisted|p1b: Archaludon
|-damage|p1b: Archaludon|91/100
|-ability|p1b: Archaludon|Stamina|boost
|-boost|p1b: Archaludon|def|1
|-hitcount|p1b: Archaludon|5
|move|p2a: mario lucio|Trick Room|p2a: mario lucio
|-fieldstart|move: Trick Room|[of] p2a: mario lucio
|
|-heal|p2a: mario lucio|83/100|[from] Grassy Terrain
|-heal|p1b: Archaludon|97/100|[from] Grassy Terrain
|-heal|p1a: Rillaboom|89/100|[from] Grassy Terrain
|upkeep
|turn|2
|inactive|Xablauloco123 has 30 seconds left.
|
|t:|1756864393
|switch|p1a: Politoed|Politoed, L50, F|100/100
|-weather|RainDance|[from] ability: Drizzle|[of] p1a: Politoed
|move|p2a: mario lucio|Instruct|p2b: teu pai
|-singleturn|p2b: teu pai|move: Instruct|[of] p2a: mario lucio
|move|p2b: teu pai|Rock Slide|p1a: Politoed|[spread] p1a,p1b
|-resisted|p1b: Archaludon
|-damage|p1a: Politoed|83/100
|-damage|p1b: Archaludon|96/100
|move|p1b: Archaludon|Electro Shot||[still]
|-prepare|p1b: Archaludon|Electro Shot
|-boost|p1b: Archaludon|spa|1
|-anim|p1b: Archaludon|Electro Shot|p2b: teu pai
|-supereffective|p2b: teu pai
|-damage|p2b: teu pai|0 fnt
|faint|p2b: teu pai
|
|-weather|RainDance|[upkeep]
|-heal|p2a: mario lucio|89/100|[from] Grassy Terrain
|-heal|p1a: Politoed|89/100|[from] Grassy Terrain
|-heal|p1a: Politoed|95/100|[from] item: Leftovers
|-heal|p1b: Archaludon|100/100|[from] Grassy Terrain
|upkeep
|
|t:|1756864412
|switch|p2b: bobbie gudis|Tyranitar, L50, M|100/100
|-weather|Sandstorm|[from] ability: Sand Stream|[of] p2b: bobbie gudis
|turn|3
|
|t:|1756864424
|switch|p1a: Rillaboom|Rillaboom, L50, M|89/100
|switch|p2b: jennifer lopes|Sylveon, L50, F|100/100
|move|p2a: mario lucio|Encore|p1b: Archaludon
|-start|p1b: Archaludon|Encore
|move|p1b: Archaludon|Electro Shot||[still]
|-prepare|p1b: Archaludon|Electro Shot
|-boost|p1b: Archaludon|spa|1
|
|-weather|Sandstorm|[upkeep]
|-damage|p2a: mario lucio|83/100|[from] Sandstorm
|-damage|p2b: jennifer lopes|94/100|[from] Sandstorm
|-damage|p1a: Rillaboom|84/100|[from] Sandstorm
|-heal|p2a: mario lucio|89/100|[from] Grassy Terrain
|-heal|p2b: jennifer lopes|100/100|[from] Grassy Terrain
|-heal|p1a: Rillaboom|89/100|[from] Grassy Terrain
|upkeep
|turn|4
|
|t:|1756864442
|move|p2a: mario lucio|Protect|p2a: mario lucio
|-singleturn|p2a: mario lucio|Protect
|move|p1a: Rillaboom|Fake Out|p2a: mario lucio
|-activate|p2a: mario lucio|move: Protect
|move|p2b: jennifer lopes|Hyper Voice|p1a: Rillaboom|[spread] p1a,p1b
|-damage|p1a: Rillaboom|53/100
|-damage|p1b: Archaludon|75/100
|-enditem|p2b: jennifer lopes|Throat Spray
|-boost|p2b: jennifer lopes|spa|1|[from] item: Throat Spray
|move|p1b: Archaludon|Electro Shot|p2b: jennifer lopes|[from] lockedmove
|-damage|p2b: jennifer lopes|38/100
|
|-weather|Sandstorm|[upkeep]
|-damage|p2a: mario lucio|83/100|[from] Sandstorm
|-damage|p2b: jennifer lopes|32/100|[from] Sandstorm
|-damage|p1a: Rillaboom|47/100|[from] Sandstorm
|-heal|p2a: mario lucio|89/100|[from] Grassy Terrain
|-heal|p2b: jennifer lopes|38/100|[from] Grassy Terrain
|-heal|p1b: Archaludon|81/100|[from] Grassy Terrain
|-heal|p1a: Rillaboom|53/100|[from] Grassy Terrain
|upkeep
|turn|5
|
|t:|1756864460
|move|p1a: Rillaboom|Grassy Glide|p2b: jennifer lopes
|-damage|p2b: jennifer lopes|0 fnt
|faint|p2b: jennifer lopes
|move|p2a: mario lucio|Instruct|p2: jennifer lopes|[notarget]
|-fail|p2a: mario lucio
|move|p1b: Archaludon|Electro Shot||[still]
|-prepare|p1b: Archaludon|Electro Shot
|-boost|p1b: Archaludon|spa|1
|
|-weather|Sandstorm|[upkeep]
|-damage|p2a: mario lucio|83/100|[from] Sandstorm
|-damage|p1a: Rillaboom|47/100|[from] Sandstorm
|-heal|p2a: mario lucio|89/100|[from] Grassy Terrain
|-heal|p1b: Archaludon|87/100|[from] Grassy Terrain
|-heal|p1a: Rillaboom|53/100|[from] Grassy Terrain
|-end|p1b: Archaludon|Encore
|-fieldend|move: Trick Room
|-fieldend|move: Grassy Terrain
|upkeep
|
|t:|1756864464
|switch|p2b: bobbie gudis|Tyranitar, L50, M|100/100
|turn|6
|
|t:|1756864474
|switch|p1a: Politoed|Politoed, L50, F|95/100
|-weather|RainDance|[from] ability: Drizzle|[of] p1a: Politoed
|move|p2b: bobbie gudis|Earthquake|p1b: Archaludon|[spread] p2a,p1a,p1b
|-supereffective|p1b: Archaludon
|-damage|p2a: mario lucio|65/100
|-damage|p1a: Politoed|68/100
|-damage|p1b: Archaludon|79/100
|move|p1b: Archaludon|Electro Shot|p2a: mario lucio|[from] lockedmove
|-damage|p2a: mario lucio|0 fnt
|faint|p2a: mario lucio
|
|-weather|RainDance|[upkeep]
|-heal|p1a: Politoed|74/100|[from] item: Leftovers
|upkeep
|turn|7
|-message|Xablauloco123 forfeited.
|
|win|edhen
|raw|edhen's rating: 1245 → 1267(+22 for winning)
|raw|Xablauloco123's rating: 1208 → 1186(-22 for losing)
|l|☆Xablauloco123
|player|p2|
