|j|☆Divine Monkey King
|j|☆Onion2731
|html|Divine Monkey KingOnion2731    
|uhtml|bestof|Game 1 of a best-of-3
|t:|1785591574
|gametype|doubles
|player|p1|Divine Monkey King|266|1150
|player|p2|Onion2731|266|1131
|gen|9
|tier|[Gen 9 Champions] VGC 2026 Reg M-B (Bo3)
|rated|
|rule|Species Clause: Limit one of each Pokémon
|rule|Item Clause: Limit 1 of each item
|clearpoke
|poke|p1|Tyranitar, L50, M, shiny|
|poke|p1|Aerodactyl, L50, M, shiny|
|poke|p1|Pelipper, L50, M, shiny|
|poke|p1|Basculegion, L50, M, shiny|
|poke|p1|Beedrill, L50, M, shiny|
|poke|p1|Annihilape, L50, M, shiny|
|poke|p2|Gholdengo, L50|
|poke|p2|Incineroar, L50, M, shiny|
|poke|p2|Sableye, L50, F, shiny|
|poke|p2|Scizor, L50, F|
|poke|p2|Politoed, L50, F, shiny|
|poke|p2|Swampert, L50, M, shiny|
|teampreview|4
|showteam|p1|Tyranitar||Tyranitarite|SandStream|BrickBreak,KnockOff,Protect,RockSlide|Adamant||M|||50|]Aerodactyl||FocusSash|Unnerve|DualWingbeat,IronHead,Protect,Tailwind|Jolly||M|||50|]Pelipper||WacanBerry|Drizzle|Hurricane,IceBeam,Protect,WeatherBall|Calm||M|||50|]Basculegion||MysticWater|SwiftSwim|AquaJet,FlipTurn,LastRespects,Protect|Adamant||M|||50|]Beedrill||Beedrillite|Sniper|PoisonJab,Protect,Uturn,FellStinger|Jolly||M|||50|]Annihilape||Leftovers|Defiant|BulkUp,DrainPunch,Protect,ThunderPunch|Adamant||M|||50|
|showteam|p2|Gholdengo||LifeOrb|GoodasGold|MakeItRain,ShadowBall,Thunderbolt,Protect|Modest|||||50|]Incineroar||SitrusBerry|Intimidate|FlareBlitz,PartingShot,FakeOut,Protect|Impish||M|||50|]Sableye||WideLens|Prankster|WillOWisp,Encore,Disable,RainDance|Sassy||F|||50|]Scizor||ExpertBelt|Technician|BulletPunch,CloseCombat,Uturn,Protect|Adamant||F|||50|]Politoed||RindoBerry|Drizzle|WeatherBall,PerishSong,HelpingHand,Protect|Bold||F|||50|]Swampert||Swampertite|Damp|WaveCrash,HighHorsepower,FlipTurn,Protect|Adamant||M|||50|
|
|t:|1785591645
|teamsize|p1|4
|teamsize|p2|4
|start
|switch|p1a: Annihilape|Annihilape, L50, M, shiny|100/100
|switch|p1b: Pelipper|Pelipper, L50, M, shiny|100/100
|switch|p2a: Gholdengo|Gholdengo, L50|100/100
|switch|p2b: Sableye|Sableye, L50, F, shiny|100/100
|-weather|RainDance|[from] ability: Drizzle|[of] p1b: Pelipper
|turn|1
|
|t:|1785591685
|move|p2a: Gholdengo|Protect|p2a: Gholdengo
|-singleturn|p2a: Gholdengo|Protect
|move|p2b: Sableye|Will-O-Wisp|p1a: Annihilape
|-status|p1a: Annihilape|brn
|move|p1a: Annihilape|Bulk Up|p1a: Annihilape
|-boost|p1a: Annihilape|atk|1
|-boost|p1a: Annihilape|def|1
|move|p1b: Pelipper|Weather Ball|p2b: Sableye
|-damage|p2b: Sableye|30/100
|
|-weather|RainDance|[upkeep]
|-damage|p1a: Annihilape|94/100 brn|[from] brn
|upkeep
|turn|2
|
|t:|1785591704
|move|p1a: Annihilape|Protect|p1a: Annihilape
|-singleturn|p1a: Annihilape|Protect
|move|p2b: Sableye|Encore|p1a: Annihilape
|-activate|p1a: Annihilape|move: Protect
|move|p2a: Gholdengo|Thunderbolt|p1b: Pelipper
|-supereffective|p1b: Pelipper|2
|-enditem|p1b: Pelipper|Wacan Berry|[eat]
|-enditem|p1b: Pelipper|Wacan Berry|[weaken]
|-damage|p1b: Pelipper|0 fnt
|faint|p1b: Pelipper
|-damage|p2a: Gholdengo|90/100|[from] item: Life Orb
|
|-weather|RainDance|[upkeep]
|-heal|p1a: Annihilape|100/100 brn|[from] item: Leftovers
|-damage|p1a: Annihilape|94/100 brn|[from] brn
|upkeep
|
|t:|1785591728
|switch|p1b: Basculegion|Basculegion, L50, M, shiny|100/100
|turn|3
|
|t:|1785591752
|move|p1b: Basculegion|Aqua Jet|p2b: Sableye
|-damage|p2b: Sableye|0 fnt
|faint|p2b: Sableye
|move|p2a: Gholdengo|Shadow Ball|p1b: Basculegion
|-supereffective|p1b: Basculegion|1
|-damage|p1b: Basculegion|0 fnt
|faint|p1b: Basculegion
|-damage|p2a: Gholdengo|80/100|[from] item: Life Orb
|move|p1a: Annihilape|Bulk Up|p1a: Annihilape
|-boost|p1a: Annihilape|atk|1
|-boost|p1a: Annihilape|def|1
|
|-weather|RainDance|[upkeep]
|-heal|p1a: Annihilape|100/100 brn|[from] item: Leftovers
|-damage|p1a: Annihilape|94/100 brn|[from] brn
|upkeep
|
|t:|1785591769
|switch|p1b: Tyranitar|Tyranitar, L50, M, shiny|100/100
|switch|p2b: Swampert|Swampert, L50, M, shiny|100/100
|-weather|Sandstorm|[from] ability: Sand Stream|[of] p1b: Tyranitar
|turn|4
|
|t:|1785591805
|detailschange|p2b: Swampert|Swampert-Mega, L50, M, shiny
|-mega|p2b: Swampert|Swampert|Swampertite
|detailschange|p1b: Tyranitar|Tyranitar-Mega, L50, M, shiny
|-mega|p1b: Tyranitar|Tyranitar|Tyranitarite
|move|p2a: Gholdengo|Protect|p2a: Gholdengo
|-singleturn|p2a: Gholdengo|Protect
|move|p2b: Swampert|Flip Turn|p1b: Tyranitar
|-supereffective|p1b: Tyranitar|1
|-damage|p1b: Tyranitar|53/100
|
|t:|1785591813
|switch|p2b: Politoed|Politoed, L50, F, shiny|100/100|[from] Flip Turn
|-weather|RainDance|[from] ability: Drizzle|[of] p2b: Politoed
|move|p1a: Annihilape|Drain Punch|p2b: Politoed
|-damage|p2b: Politoed|64/100
|-heal|p1a: Annihilape|100/100 brn|[from] drain|[of] p2b: Politoed
|move|p1b: Tyranitar|Knock Off|p2a: Gholdengo
|-activate|p2a: Gholdengo|move: Protect
|
|-weather|RainDance|[upkeep]
|-damage|p1a: Annihilape|94/100 brn|[from] brn
|upkeep
|turn|5
|
|t:|1785591845
|move|p2a: Gholdengo|Make It Rain|p1a: Annihilape|[spread] p1a,p1b
|-supereffective|p1b: Tyranitar|1
|-damage|p1a: Annihilape|37/100 brn
|-damage|p1b: Tyranitar|0 fnt
|-unboost|p2a: Gholdengo|spa|2
|faint|p1b: Tyranitar
|-damage|p2a: Gholdengo|71/100|[from] item: Life Orb
|move|p1a: Annihilape|Thunder Punch|p2b: Politoed
|-supereffective|p2b: Politoed|1
|-damage|p2b: Politoed|21/100
|move|p2b: Politoed|Perish Song|p2b: Politoed
|-start|p1a: Annihilape|perish3|[silent]
|-immune|p2a: Gholdengo|[from] ability: Good as Gold
|-start|p2b: Politoed|perish3|[silent]
|-fieldactivate|move: Perish Song
|
|-weather|RainDance|[upkeep]
|-heal|p1a: Annihilape|43/100 brn|[from] item: Leftovers
|-damage|p1a: Annihilape|37/100 brn|[from] brn
|-start|p1a: Annihilape|perish3
|-start|p2b: Politoed|perish3
|upkeep
|turn|6
|
|t:|1785591864
|move|p2a: Gholdengo|Protect|p2a: Gholdengo
|-singleturn|p2a: Gholdengo|Protect
|move|p2b: Politoed|Protect|p2b: Politoed
|-singleturn|p2b: Politoed|Protect
|move|p1a: Annihilape|Thunder Punch|p2a: Gholdengo
|-activate|p2a: Gholdengo|move: Protect
|
|-weather|RainDance|[upkeep]
|-heal|p1a: Annihilape|43/100 brn|[from] item: Leftovers
|-damage|p1a: Annihilape|37/100 brn|[from] brn
|-start|p1a: Annihilape|perish2
|-start|p2b: Politoed|perish2
|upkeep
|turn|7
|
|t:|1785591880
|move|p2a: Gholdengo|Shadow Ball|p1a: Annihilape
|-supereffective|p1a: Annihilape|1
|-damage|p1a: Annihilape|0 fnt
|faint|p1a: Annihilape
|-damage|p2a: Gholdengo|61/100|[from] item: Life Orb
|
|win|Onion2731
||Divine Monkey King is ready for game 2.
||Onion2731 is ready for game 2.
|uhtml|next|Next: Game 2 of 3
|l|☆Onion2731
|player|p2|
