|j|☆EDJPP
|j|☆NightshadeAI
|html|EDJPPNightshadeAI    
|uhtml|bestof|Game 2 of a best-of-3
|t:|1783428251
|gametype|doubles
|player|p1|EDJPP|volkner|1120
|player|p2|NightshadeAI|265|1098
|gen|9
|tier|[Gen 9 Champions] VGC 2026 Reg M-B (Bo3)
|rated|
|rule|Species Clause: Limit one of each Pokémon
|rule|Item Clause: Limit 1 of each item
|clearpoke
|poke|p1|Charizard, L50, F|
|poke|p1|Venusaur, L50, M|
|poke|p1|Basculegion, L50, M|
|poke|p1|Farigiraf, L50, M|
|poke|p1|Typhlosion-Hisui, L50, M|
|poke|p1|Sneasler, L50, M|
|poke|p2|Whimsicott, L50, M|
|poke|p2|Charizard, L50, F|
|poke|p2|Basculegion, L50, M|
|poke|p2|Garchomp, L50, F|
|poke|p2|Floette-Eternal, L50, F|
|poke|p2|Kingambit, L50, F|
|teampreview|4
|showteam|p1|Charizard||CharizarditeY|SolarPower|HeatWave,SolarBeam,WeatherBall,Protect|Modest||F|||50|]Venusaur||Venusaurite|Chlorophyll|GigaDrain,SludgeBomb,EarthPower,SleepPowder|Modest||M|||50|]Basculegion||MysticWater|Adaptability|WaveCrash,AquaJet,LastRespects,Protect|Adamant||M|||50|]Farigiraf||FocusSash|ArmorTail|Roar,Psychic,Thunderbolt,Protect|Modest||M|||50|]Typhlosion-Hisui||ChoiceScarf|Blaze|Eruption,HeatWave,Overheat,InfernalParade|Timid||M|||50|]Sneasler||WhiteHerb|Unburden|FakeOut,Protect,DireClaw,CloseCombat|Jolly||M|||50|
|showteam|p2|Whimsicott||FocusSash|Prankster|Moonblast,Tailwind,Encore,Protect|Timid||M|||50|]Charizard||CharizarditeY|Blaze|WeatherBall,SolarBeam,HeatWave,Protect|Modest||F|||50|]Basculegion||MysticWater|Adaptability|LastRespects,WaveCrash,AquaJet,Protect|Adamant||M|||50|]Garchomp||LifeOrb|RoughSkin|DragonClaw,Earthquake,RockSlide,Protect|Adamant||F|||50|]Floette-Eternal||Floettite|FlowerVeil|DazzlingGleam,LightofRuin,Moonblast,Protect|Modest||F|||50|]Kingambit||ChopleBerry|Defiant|KowtowCleave,SuckerPunch,IronHead,LowKick|Adamant||F|||50|
|inactive|Battle timer is ON: inactive players will automatically lose when time's up. (requested by NightshadeAI)
|inactive|EDJPP also wants the timer to be on.
|
|t:|1783428276
|teamsize|p1|4
|teamsize|p2|4
|start
|switch|p1a: Basculegion|Basculegion, L50, M|100/100
|switch|p1b: Typhlosion|Typhlosion-Hisui, L50, M|100/100
|switch|p2a: Whimsicott|Whimsicott, L50, M|100/100
|switch|p2b: Charizard|Charizard, L50, F|100/100
|turn|1
|inactive|EDJPP has 30 seconds left.
|inactive|EDJPP has 20 seconds left.
|inactive|EDJPP has 15 seconds left.
|inactive|EDJPP has 10 seconds left.
|inactive|EDJPP has 5 seconds left.
|
|t:|1783428330
|detailschange|p2b: Charizard|Charizard-Mega-Y, L50, F
|-mega|p2b: Charizard|Charizard|Charizardite Y
|-weather|SunnyDay|[from] ability: Drought|[of] p2b: Charizard
|move|p1a: Basculegion|Protect|p1a: Basculegion
|-singleturn|p1a: Basculegion|Protect
|move|p2a: Whimsicott|Tailwind|p2a: Whimsicott
|-sidestart|p2: NightshadeAI|move: Tailwind
|move|p2b: Charizard|Heat Wave|p1b: Typhlosion|[spread] p1b
|-activate|p1a: Basculegion|move: Protect
|-resisted|p1b: Typhlosion|1
|-damage|p1b: Typhlosion|48/100
|move|p1b: Typhlosion|Infernal Parade|p2a: Whimsicott
|-damage|p2a: Whimsicott|59/100
|
|-weather|SunnyDay|[upkeep]
|upkeep
|turn|2
|
|t:|1783428340
|move|p2a: Whimsicott|Moonblast|p1a: Basculegion
|-damage|p1a: Basculegion|71/100
|move|p2b: Charizard|Heat Wave|p1b: Typhlosion|[spread] p1a,p1b
|-resisted|p1a: Basculegion|1
|-resisted|p1b: Typhlosion|1
|-damage|p1a: Basculegion|31/100
|-damage|p1b: Typhlosion|0 fnt
|faint|p1b: Typhlosion
|move|p1a: Basculegion|Wave Crash|p2b: Charizard
|-supereffective|p2b: Charizard|1
|-damage|p2b: Charizard|0 fnt
|faint|p2b: Charizard
|-damage|p1a: Basculegion|5/100|[from] Recoil
|
|-weather|SunnyDay|[upkeep]
|upkeep
|
|t:|1783428343
|switch|p1b: Sneasler|Sneasler, L50, M|100/100
|switch|p2b: Basculegion|Basculegion, L50, M|100/100
|turn|3
|
|t:|1783428351
|switch|p2b: Garchomp|Garchomp, L50, F|100/100
|switch|p1a: Farigiraf|Farigiraf, L50, M|100/100
|move|p2a: Whimsicott|Protect|p2a: Whimsicott
|-singleturn|p2a: Whimsicott|Protect
|move|p1b: Sneasler|Dire Claw|p2a: Whimsicott
|-activate|p2a: Whimsicott|move: Protect
|
|-weather|SunnyDay|[upkeep]
|upkeep
|turn|4
|
|t:|1783428360
|move|p2a: Whimsicott|Protect||[still]
|-fail|p2a: Whimsicott
|move|p2b: Garchomp|Earthquake|p1a: Farigiraf|[spread] p2a,p1a,p1b
|-resisted|p2a: Whimsicott|1
|-supereffective|p1b: Sneasler|1
|-damage|p2a: Whimsicott|25/100
|-damage|p1a: Farigiraf|29/100
|-damage|p1b: Sneasler|0 fnt
|faint|p1b: Sneasler
|-damage|p2b: Garchomp|90/100|[from] item: Life Orb
|move|p1a: Farigiraf|Psychic|p2a: Whimsicott
|-damage|p2a: Whimsicott|0 fnt
|faint|p2a: Whimsicott
|
|-weather|SunnyDay|[upkeep]
|-sideend|p2: NightshadeAI|move: Tailwind
|upkeep
|
|t:|1783428364
|switch|p1b: Basculegion|Basculegion, L50, M|5/100
|switch|p2a: Basculegion|Basculegion, L50, M|100/100
|turn|5
|
|t:|1783428370
|move|p2a: Basculegion|Protect|p2a: Basculegion
|-singleturn|p2a: Basculegion|Protect
|move|p2b: Garchomp|Earthquake|p1b: Basculegion|[spread] p1a,p1b
|-activate|p2a: Basculegion|move: Protect
|-damage|p1a: Farigiraf|0 fnt
|-damage|p1b: Basculegion|0 fnt
|faint|p1a: Farigiraf
|faint|p1b: Basculegion
|-damage|p2b: Garchomp|80/100|[from] item: Life Orb
|
|win|NightshadeAI
|raw|EDJPP's rating: 1120 → 1093(-27 for losing)
|raw|NightshadeAI's rating: 1098 → 1125(+27 for winning)
|l|☆NightshadeAI
|player|p2|
