|j|☆Refanner
|j|☆SFmrmimers
|html|RefannerSFmrmimers    
|uhtml|bestof|Game 1 of a best-of-3
|t:|1756580958
|gametype|doubles
|player|p1|Refanner|169|1179
|player|p2|SFmrmimers|n|1040
|gen|9
|tier|[Gen 9] VGC 2025 Reg H (Bo3)
|rated|
|rule|Species Clause: Limit one of each Pokémon
|rule|Item Clause: Limit 1 of each item
|clearpoke
|poke|p1|Garchomp, L50, M|
|poke|p1|Incineroar, L50, F|
|poke|p1|Tyranitar, L50, F|
|poke|p1|Gholdengo, L50|
|poke|p1|Primarina, L50, F|
|poke|p1|Talonflame, L50, F|
|poke|p2|Sneasler, L50, M|
|poke|p2|Kingambit, L50, F|
|poke|p2|Rillaboom, L50, M|
|poke|p2|Basculegion, L50, M|
|poke|p2|Magmar, L50, F|
|poke|p2|Ninetales-Alola, L50, M|
|teampreview|4
|showteam|p1|Garchomp||LifeOrb|RoughSkin|Earthquake,DragonClaw,StompingTantrum,Protect|||M|||50|,,,,,Fire]Incineroar||SitrusBerry|Intimidate|FlareBlitz,KnockOff,PartingShot,FakeOut|||F|||50|,,,,,Grass]Tyranitar||AssaultVest|SandStream|KnockOff,RockSlide,TeraBlast,LowKick|||F|||50|,,,,,Flying]Gholdengo||Leftovers|GoodasGold|MakeItRain,ShadowBall,NastyPlot,Protect||||||50|,,,,,Flying]Primarina||MagoBerry|LiquidVoice|HyperVoice,Moonblast,CalmMind,Protect|||F|||50|,,,,,Poison]Talonflame||CovertCloak|GaleWings|BraveBird,Tailwind,WillOWisp,Taunt|||F|||50|,,,,,Flying
|showteam|p2|Sneasler||FocusSash|PoisonTouch|DireClaw,CloseCombat,FakeOut,Protect|||M|||50|,,,,,Ghost]Kingambit||BlackGlasses|Defiant|KowtowCleave,SuckerPunch,SwordsDance,Protect|||F|||50|,,,,,Fire]Rillaboom||AssaultVest|GrassySurge|FakeOut,Uturn,GrassyGlide,WoodHammer|||M|||50|,,,,,Fire]Basculegion||ChoiceScarf|Adaptability|WaveCrash,LastRespects,TeraBlast,FlipTurn|||M|||50|,,,,,Fairy]Magmar||Eviolite|VitalSpirit|FollowMe,HeatWave,Taunt,Protect|||F|||50|,,,,,Ghost]Ninetales-Alola||NeverMeltIce|SnowWarning|Blizzard,FreezeDry,Encore,Protect|||M|||50|,,,,,Ghost
|
|t:|1756581094
|teamsize|p1|4
|teamsize|p2|4
|start
|switch|p1a: Gholdengo|Gholdengo, L50|100/100
|switch|p1b: Talonflame|Talonflame, L50, F|100/100
|switch|p2a: Sneasler|Sneasler, L50, M|100/100
|switch|p2b: Basculegion|Basculegion, L50, M, shiny|100/100
|turn|1
|inactive|Battle timer is ON: inactive players will automatically lose when time's up. (requested by SFmrmimers)
|
|t:|1756581168
|switch|p2a: Rillaboom|Rillaboom, L50, M|100/100
|-fieldstart|move: Grassy Terrain|[from] ability: Grassy Surge|[of] p2a: Rillaboom
|move|p1b: Talonflame|Tailwind|p1b: Talonflame
|-sidestart|p1: Refanner|move: Tailwind
|move|p1a: Gholdengo|Nasty Plot|p1a: Gholdengo
|-boost|p1a: Gholdengo|spa|2
|move|p2b: Basculegion|Flip Turn|p1b: Talonflame
|-supereffective|p1b: Talonflame
|-damage|p1b: Talonflame|0 fnt
|faint|p1b: Talonflame
|
|t:|1756581186
|switch|p2b: Ninetales|Ninetales-Alola, L50, M|100/100|[from] Flip Turn
|-weather|Snowscape|[from] ability: Snow Warning|[of] p2b: Ninetales
|
|-weather|Snowscape|[upkeep]
|upkeep
|inactive|Refanner has 30 seconds left.
|inactive|Refanner has 20 seconds left.
|
|t:|1756581221
|switch|p1b: Tyranitar|Tyranitar, L50, F|100/100
|-weather|Sandstorm|[from] ability: Sand Stream|[of] p1b: Tyranitar
|turn|2
|inactive|Refanner has 30 seconds left.
|
|t:|1756581246
|move|p2a: Rillaboom|Fake Out|p1b: Tyranitar
|-resisted|p1b: Tyranitar
|-damage|p1b: Tyranitar|94/100
|move|p1a: Gholdengo|Make It Rain|p2a: Rillaboom|[spread] p2a,p2b
|-supereffective|p2b: Ninetales
|-damage|p2a: Rillaboom|38/100
|-damage|p2b: Ninetales|0 fnt
|-unboost|p1a: Gholdengo|spa|1
|faint|p2b: Ninetales
|cant|p1b: Tyranitar|flinch
|
|-weather|Sandstorm|[upkeep]
|-damage|p2a: Rillaboom|32/100|[from] Sandstorm
|-heal|p1b: Tyranitar|99/100|[from] Grassy Terrain
|-heal|p2a: Rillaboom|38/100|[from] Grassy Terrain
|upkeep
|
|t:|1756581268
|switch|p2b: Sneasler|Sneasler, L50, M|100/100
|turn|3
|inactive|Refanner has 30 seconds left.
|
|t:|1756581298
|-terastallize|p1b: Tyranitar|Flying
|move|p2b: Sneasler|Fake Out|p1b: Tyranitar
|-damage|p1b: Tyranitar|87/100
|-status|p1b: Tyranitar|psn|[from] ability: Poison Touch|[of] p2b: Sneasler
|move|p2a: Rillaboom|Grassy Glide|p1b: Tyranitar
|-resisted|p1b: Tyranitar
|-damage|p1b: Tyranitar|73/100 psn
|move|p1a: Gholdengo|Make It Rain|p2a: Rillaboom|[spread] p2a,p2b
|-damage|p2a: Rillaboom|0 fnt
|-damage|p2b: Sneasler|10/100
|-unboost|p1a: Gholdengo|spa|1
|faint|p2a: Rillaboom
|cant|p1b: Tyranitar|flinch
|
|-weather|Sandstorm|[upkeep]
|-damage|p1b: Tyranitar|68/100 psn|[from] Sandstorm
|-damage|p2b: Sneasler|4/100|[from] Sandstorm
|-heal|p2b: Sneasler|10/100|[from] Grassy Terrain
|-damage|p1b: Tyranitar|55/100 psn|[from] psn
|upkeep
|
|t:|1756581317
|switch|p2a: Basculegion|Basculegion, L50, M, shiny|100/100
|turn|4
|inactive|SFmrmimers has 30 seconds left.
|
|t:|1756581343
|move|p1a: Gholdengo|Shadow Ball|p2a: Basculegion
|-supereffective|p2a: Basculegion
|-damage|p2a: Basculegion|9/100
|move|p2a: Basculegion|Last Respects|p1a: Gholdengo
|-supereffective|p1a: Gholdengo
|-damage|p1a: Gholdengo|0 fnt
|faint|p1a: Gholdengo
|move|p1b: Tyranitar|Knock Off|p2b: Sneasler
|-resisted|p2b: Sneasler
|-damage|p2b: Sneasler|0 fnt
|-enditem|p2b: Sneasler|Focus Sash|[from] move: Knock Off|[of] p1b: Tyranitar
|faint|p2b: Sneasler
|
|-weather|Sandstorm|[upkeep]
|-damage|p2a: Basculegion|3/100|[from] Sandstorm
|-damage|p1b: Tyranitar|50/100 psn|[from] Sandstorm
|-heal|p2a: Basculegion|9/100|[from] Grassy Terrain
|-damage|p1b: Tyranitar|38/100 psn|[from] psn
|-sideend|p1: Refanner|move: Tailwind
|upkeep
|
|t:|1756581359
|switch|p1a: Garchomp|Garchomp, L50, M|100/100
|turn|5
|
|t:|1756581364
|move|p2a: Basculegion|Last Respects|p1b: Tyranitar
|-damage|p1b: Tyranitar|0 fnt
|faint|p1b: Tyranitar
|move|p1a: Garchomp|Stomping Tantrum|p2a: Basculegion
|-damage|p2a: Basculegion|0 fnt
|faint|p2a: Basculegion
|-damage|p1a: Garchomp|91/100|[from] item: Life Orb
|
|win|Refanner
||SFmrmimers is ready for game 2.
|inactive|Refanner has 30 seconds to confirm battle start!
|inactive|Refanner has 20 seconds to confirm battle start!
||Refanner is ready for game 2.
|uhtml|next|Next: Game 2 of 3
|l|☆SFmrmimers
|player|p2|
