|j|☆GlitchXDGOAT
|j|☆Scriptorik
|html|GlitchXDGOATScriptorik    
|uhtml|bestof|Game 2 of a best-of-3
|t:|1783793393
|gametype|doubles
|player|p1|GlitchXDGOAT|169|1084
|player|p2|Scriptorik|pokemaniac|1040
|gen|9
|tier|[Gen 9 Champions] VGC 2026 Reg M-B (Bo3)
|rated|
|rule|Species Clause: Limit one of each Pokémon
|rule|Item Clause: Limit 1 of each item
|clearpoke
|poke|p1|Toxapex, L50, F|
|poke|p1|Incineroar, L50, F|
|poke|p1|Sinistcha, L50|
|poke|p1|Dragapult, L50, F|
|poke|p1|Metagross, L50|
|poke|p1|Grimmsnarl, L50, M|
|poke|p2|Dragapult, L50, M|
|poke|p2|Milotic, L50, F|
|poke|p2|Delphox, L50, F|
|poke|p2|Sinistcha, L50|
|poke|p2|Raichu, L50, M|
|poke|p2|Maushold, L50|
|teampreview|4
|showteam|p1|Toxapex||Leftovers|Regenerator|Toxic,BanefulBunker,Infestation,WideGuard|Bold||F|||50|]Incineroar||SitrusBerry|Intimidate|FakeOut,FlareBlitz,PartingShot,Protect|Careful||F|||50|]Sinistcha||KasibBerry|Hospitality|MatchaGotcha,RagePowder,LifeDew,Protect|Bold|||||50|]Dragapult||LifeOrb|ClearBody|DracoMeteor,Hex,ShadowBall,Protect|Timid||F|||50|]Metagross||Metagrossite|ClearBody|BulletPunch,PsychicFangs,BodyPress,Protect|Adamant|||||50|]Grimmsnarl||LightClay|Prankster|Reflect,LightScreen,PartingShot,SpiritBreak|Adamant||M|||50|
|showteam|p2|Dragapult||LightClay|ClearBody|Hex,ThunderWave,Reflect,LightScreen|Timid||M|||50|]Milotic||Leftovers|Competitive|MuddyWater,Coil,Hypnosis,Recover|Calm||F|||50|]Delphox||Delphoxite|Blaze|HeatWave,Psychic,NastyPlot,Protect|Timid||F|||50|]Sinistcha||CobaBerry|Hospitality|MatchaGotcha,Protect,RagePowder,CalmMind|Bold|||||50|]Raichu||RaichuniteY|LightningRod|FakeOut,ZapCannon,FocusBlast,Protect|Timid||M|||50|]Maushold||FocusSash|FriendGuard|SuperFang,FollowMe,Taunt,Protect|Jolly|||||50|
|inactive|Battle timer is ON: inactive players will automatically lose when time's up. (requested by GlitchXDGOAT)
|
|t:|1783793418
|teamsize|p1|4
|teamsize|p2|4
|start
|switch|p1a: Toxapex|Toxapex, L50, F|100/100
|switch|p1b: Incineroar|Incineroar, L50, F|100/100
|switch|p2a: Raichu|Raichu, L50, M|100/100
|switch|p2b: Dragapult|Dragapult, L50, M|100/100
|-ability|p1b: Incineroar|Intimidate|boost
|-unboost|p2a: Raichu|atk|1
|-fail|p2b: Dragapult|unboost|[from] ability: Clear Body|[of] p2b: Dragapult
|turn|1
|
|t:|1783793437
|switch|p1a: Sinistcha|Sinistcha, L50|100/100
|move|p2a: Raichu|Fake Out|p1b: Incineroar
|-damage|p1b: Incineroar|95/100
|move|p2b: Dragapult|Thunder Wave|p2a: Raichu
|-activate|p2a: Raichu|ability: Lightning Rod
|-ability|p2a: Raichu|Lightning Rod|boost
|-boost|p2a: Raichu|spa|1
|cant|p1b: Incineroar|flinch
|
|upkeep
|turn|2
|
|t:|1783793451
|detailschange|p2a: Raichu|Raichu-Mega-Y, L50, M
|-mega|p2a: Raichu|Raichu|Raichunite Y
|move|p1a: Sinistcha|Rage Powder|p1a: Sinistcha
|-singleturn|p1a: Sinistcha|move: Rage Powder
|move|p2b: Dragapult|Reflect|p2b: Dragapult
|-sidestart|p2: Scriptorik|Reflect
|move|p2a: Raichu|Zap Cannon|p1a: Sinistcha
|-resisted|p1a: Sinistcha|1
|-damage|p1a: Sinistcha|58/100
|-status|p1a: Sinistcha|par
|move|p1b: Incineroar|Parting Shot|p2a: Raichu
|-unboost|p2a: Raichu|atk|1
|-unboost|p2a: Raichu|spa|1
|
|t:|1783793462
|switch|p1b: Toxapex|Toxapex, L50, F|100/100|[from] Parting Shot
|
|upkeep
|turn|3
|
|t:|1783793470
|move|p1a: Sinistcha|Rage Powder|p1a: Sinistcha
|-singleturn|p1a: Sinistcha|move: Rage Powder
|move|p2b: Dragapult|Hex|p1a: Sinistcha
|-supereffective|p1a: Sinistcha|1
|-crit|p1a: Sinistcha
|-enditem|p1a: Sinistcha|Kasib Berry|[eat]
|-enditem|p1a: Sinistcha|Kasib Berry|[weaken]
|-damage|p1a: Sinistcha|0 fnt
|faint|p1a: Sinistcha
|move|p2a: Raichu|Zap Cannon|p1b: Toxapex
|-supereffective|p1b: Toxapex|1
|-damage|p1b: Toxapex|1/100
|-status|p1b: Toxapex|par
|move|p1b: Toxapex|Toxic|p2a: Raichu
|-status|p2a: Raichu|tox
|
|-heal|p1b: Toxapex|6/100 par|[from] item: Leftovers
|-damage|p2a: Raichu|94/100 tox|[from] psn
|upkeep
|
|t:|1783793477
|switch|p1a: Dragapult|Dragapult, L50, F|100/100
|turn|4
|c|☆GlitchXDGOAT|That Crit hit hard
|
|t:|1783793495
|-heal|p1b: Toxapex|39/100 par|[from] ability: Regenerator|[silent]
|switch|p1b: Incineroar|Incineroar, L50, F|95/100
|-ability|p1b: Incineroar|Intimidate|boost
|-unboost|p2a: Raichu|atk|1
|-fail|p2b: Dragapult|unboost|[from] ability: Clear Body|[of] p2b: Dragapult
|move|p1a: Dragapult|Hex|p2a: Raichu
|-damage|p2a: Raichu|0 fnt
|faint|p2a: Raichu
|-damage|p1a: Dragapult|90/100|[from] item: Life Orb
|move|p2b: Dragapult|Hex|p1b: Incineroar
|-resisted|p1b: Incineroar|1
|-damage|p1b: Incineroar|85/100
|
|upkeep
|
|t:|1783793510
|switch|p2a: Milotic|Milotic, L50, F|100/100
|turn|5
|
|t:|1783793522
|switch|p1a: Toxapex|Toxapex, L50, F|39/100 par
|move|p1b: Incineroar|Fake Out|p2a: Milotic
|-crit|p2a: Milotic
|-damage|p2a: Milotic|83/100
|move|p2b: Dragapult|Light Screen|p2b: Dragapult
|-sidestart|p2: Scriptorik|move: Light Screen
|cant|p2a: Milotic|flinch
|
|-heal|p2a: Milotic|89/100|[from] item: Leftovers
|-heal|p1a: Toxapex|45/100 par|[from] item: Leftovers
|upkeep
|turn|6
|
|t:|1783793540
|-heal|p1a: Toxapex|78/100 par|[from] ability: Regenerator|[silent]
|switch|p1a: Dragapult|Dragapult, L50, F|90/100
|move|p2b: Dragapult|Hex|p1a: Dragapult
|-supereffective|p1a: Dragapult|1
|-damage|p1a: Dragapult|9/100
|move|p2a: Milotic|Coil|p2a: Milotic
|-boost|p2a: Milotic|atk|1
|-boost|p2a: Milotic|def|1
|-boost|p2a: Milotic|accuracy|1
|move|p1b: Incineroar|Flare Blitz|p2a: Milotic
|-resisted|p2a: Milotic|1
|-damage|p2a: Milotic|77/100
|-damage|p1b: Incineroar|81/100|[from] Recoil
|
|-heal|p2a: Milotic|83/100|[from] item: Leftovers
|upkeep
|turn|7
|
|t:|1783793562
|switch|p2b: Maushold|Maushold, L50|100/100
|switch|p1b: Toxapex|Toxapex, L50, F|78/100 par
|move|p1a: Dragapult|Draco Meteor|p2b: Maushold
|-damage|p2b: Maushold|37/100
|-unboost|p1a: Dragapult|spa|2
|-damage|p1a: Dragapult|0 fnt|[from] item: Life Orb
|faint|p1a: Dragapult
|move|p2a: Milotic|Muddy Water|p1b: Toxapex
|-resisted|p1b: Toxapex|1
|-damage|p1b: Toxapex|64/100 par
|
|-heal|p2a: Milotic|89/100|[from] item: Leftovers
|-heal|p1b: Toxapex|70/100 par|[from] item: Leftovers
|upkeep
|
|t:|1783793570
|switch|p1a: Incineroar|Incineroar, L50, F|81/100
|-ability|p1a: Incineroar|Intimidate|boost
|-unboost|p2a: Milotic|atk|1
|-ability|p2a: Milotic|Competitive|boost
|-boost|p2a: Milotic|spa|2
|-unboost|p2b: Maushold|atk|1
|turn|8
|
|t:|1783793584
|move|p1a: Incineroar|Fake Out|p2a: Milotic
|-damage|p2a: Milotic|85/100
|move|p2b: Maushold|Super Fang|p1b: Toxapex
|-damage|p1b: Toxapex|35/100 par
|cant|p2a: Milotic|flinch
|move|p1b: Toxapex|Toxic|p2b: Maushold
|-status|p2b: Maushold|tox
|
|-heal|p2a: Milotic|91/100|[from] item: Leftovers
|-heal|p1b: Toxapex|41/100 par|[from] item: Leftovers
|-damage|p2b: Maushold|31/100 tox|[from] psn
|upkeep
|turn|9
|
|t:|1783793595
|move|p1a: Incineroar|Protect|p1a: Incineroar
|-singleturn|p1a: Incineroar|Protect
|move|p1b: Toxapex|Baneful Bunker|p1b: Toxapex
|-singleturn|p1b: Toxapex|move: Protect
|move|p2b: Maushold|Follow Me|p2b: Maushold
|-singleturn|p2b: Maushold|move: Follow Me
|move|p2a: Milotic|Muddy Water|p1a: Incineroar|[spread] 
|-activate|p1a: Incineroar|move: Protect
|-activate|p1b: Toxapex|move: Protect
|
|-heal|p2a: Milotic|97/100|[from] item: Leftovers
|-heal|p1b: Toxapex|47/100 par|[from] item: Leftovers
|-damage|p2b: Maushold|19/100 tox|[from] psn
|-sideend|p2: Scriptorik|Reflect
|upkeep
|turn|10
|
|t:|1783793607
|move|p1b: Toxapex|Wide Guard|p1b: Toxapex
|-singleturn|p1b: Toxapex|Wide Guard
|move|p2b: Maushold|Follow Me|p2b: Maushold
|-singleturn|p2b: Maushold|move: Follow Me
|move|p2a: Milotic|Muddy Water|p1a: Incineroar|[spread] 
|-activate|p1a: Incineroar|move: Wide Guard
|-activate|p1b: Toxapex|move: Wide Guard
|move|p1a: Incineroar|Flare Blitz|p2b: Maushold
|-damage|p2b: Maushold|0 fnt
|faint|p2b: Maushold
|-damage|p1a: Incineroar|75/100|[from] Recoil
|
|-heal|p2a: Milotic|100/100|[from] item: Leftovers
|-heal|p1b: Toxapex|52/100 par|[from] item: Leftovers
|upkeep
|
|t:|1783793618
|switch|p2b: Dragapult|Dragapult, L50, M|100/100
|turn|11
|
|t:|1783793626
|cant|p1b: Toxapex|par
|move|p2b: Dragapult|Hex|p1b: Toxapex
|-crit|p1b: Toxapex
|-damage|p1b: Toxapex|0 fnt
|faint|p1b: Toxapex
|move|p2a: Milotic|Hypnosis|p1a: Incineroar
|-status|p1a: Incineroar|slp|[from] move: Hypnosis
|cant|p1a: Incineroar|slp
|
|upkeep
|turn|12
|
|t:|1783793636
|move|p2b: Dragapult|Hex|p1a: Incineroar
|-resisted|p1a: Incineroar|1
|-damage|p1a: Incineroar|54/100 slp
|move|p2a: Milotic|Muddy Water|p1a: Incineroar
|-supereffective|p1a: Incineroar|1
|-damage|p1a: Incineroar|0 fnt
|faint|p1a: Incineroar
|
|win|Scriptorik
||Scriptorik is ready for game 3.
||GlitchXDGOAT is ready for game 3.
|uhtml|next|Next: Game 3 of 3
|l|☆Scriptorik
|player|p2|
