|j|☆clare_chan1738
|j|☆Youax55
|html|clare_chan1738Youax55    
|uhtml|bestof|Game 2 of a best-of-3
|t:|1782964755
|gametype|doubles
|player|p1|clare_chan1738|dawn-gen4pt|
|player|p2|Youax55|nate|
|gen|9
|tier|[Gen 9 Champions] VGC 2026 Reg M-B (Bo3)
|rule|Species Clause: Limit one of each Pokémon
|rule|Item Clause: Limit 1 of each item
|clearpoke
|poke|p1|Aerodactyl, L50, M|
|poke|p1|Decidueye-Hisui, L50, M|
|poke|p1|Sneasler, L50, M, shiny|
|poke|p1|Volcarona, L50, F|
|poke|p1|Hatterene, L50, F|
|poke|p1|Banette, L50, F, shiny|
|poke|p2|Arcanine-Hisui, L50, F|
|poke|p2|Pidgeot, L50, M|
|poke|p2|Weavile, L50, M|
|poke|p2|Ariados, L50, M|
|poke|p2|Hawlucha, L50, M|
|poke|p2|Vanilluxe, L50, M|
|teampreview|4
|showteam|p1|Aerodactyl||Aerodactylite|Unnerve|DualWingbeat,RockSlide,Tailwind,Protect|Jolly||M|||50|]Decidueye-Hisui||ScopeLens|Scrappy|TripleArrows,LeafBlade,SuckerPunch,Protect|Jolly||M|||50|]Sneasler||WhiteHerb|Unburden|FakeOut,DireClaw,CloseCombat,Protect|Adamant||M|||50|]Volcarona||FocusSash|FlameBody|QuiverDance,FieryDance,BugBuzz,Protect|Timid||F|||50|]Hatterene||QuickClaw|MagicBounce|Psychic,DazzlingGleam,ShadowBall,Protect|Modest||F|||50|]Banette||Banettite|CursedBody|DestinyBond,Encore,Disable,Poltergeist|Adamant||F|||50|
|showteam|p2|Arcanine-Hisui||WhiteHerb|Intimidate|RockSlide,ExtremeSpeed,FlareBlitz,Protect|Adamant||F|||50|]Pidgeot||Pidgeotite|BigPecks|Hurricane,HeatWave,Tailwind,Protect|Modest||M|||50|]Weavile||FocusSash|Pressure|FakeOut,KnockOff,IcicleCrash,Protect|Jolly||M|||50|]Ariados||ChartiBerry|Insomnia|RagePowder,ToxicThread,SuckerPunch,Protect|Impish||M|||50|]Hawlucha||Hawluchanite|Limber|Entrainment,Protect,DrainPunch,DualWingbeat|Jolly||M|||50|]Vanilluxe||ChoiceScarf|SnowWarning|FlashCannon,Blizzard,IcyWind,SheerCold|Bold||M|||50|
|j| ChocoHammy
|j| budster16
|
|t:|1782964787
|teamsize|p1|4
|teamsize|p2|4
|start
|switch|p1a: Sneasler|Sneasler, L50, M, shiny|100/100
|switch|p1b: Volcarona|Volcarona, L50, F|100/100
|switch|p2a: Weavile|Weavile, L50, M|100/100
|switch|p2b: Pidgeot|Pidgeot, L50, M|100/100
|-ability|p2a: Weavile|Pressure
|turn|1
|
|t:|1782964808
|switch|p1b: Aerodactyl|Aerodactyl, L50, M|100/100
|-ability|p1b: Aerodactyl|Unnerve
|detailschange|p2b: Pidgeot|Pidgeot-Mega, L50, M
|-mega|p2b: Pidgeot|Pidgeot|Pidgeotite
|move|p2a: Weavile|Fake Out|p1a: Sneasler
|-damage|p1a: Sneasler|77/100
|move|p2b: Pidgeot|Tailwind|p2b: Pidgeot
|-sidestart|p2: Youax55|move: Tailwind
|cant|p1a: Sneasler|flinch
|
|upkeep
|turn|2
|
|t:|1782964842
|detailschange|p1b: Aerodactyl|Aerodactyl-Mega, L50, M
|-mega|p1b: Aerodactyl|Aerodactyl|Aerodactylite
|move|p1a: Sneasler|Protect|p1a: Sneasler
|-singleturn|p1a: Sneasler|Protect
|move|p2a: Weavile|Icicle Crash|p1b: Aerodactyl
|-supereffective|p1b: Aerodactyl|1
|-damage|p1b: Aerodactyl|11/100
|move|p2b: Pidgeot|Heat Wave|p1a: Sneasler|[spread] p1b
|-activate|p1a: Sneasler|move: Protect
|-resisted|p1b: Aerodactyl|1
|-damage|p1b: Aerodactyl|0 fnt
|faint|p1b: Aerodactyl
|
|upkeep
|
|t:|1782964854
|switch|p1b: Volcarona|Volcarona, L50, F|100/100
|turn|3
|
|t:|1782964889
|switch|p2a: Arcanine|Arcanine-Hisui, L50, F|100/100
|-ability|p2a: Arcanine|Intimidate|boost
|-unboost|p1a: Sneasler|atk|1
|-unboost|p1b: Volcarona|atk|1
|-enditem|p1a: Sneasler|White Herb
|-clearnegativeboost|p1a: Sneasler|[silent]
|move|p2b: Pidgeot|Hurricane|p1a: Sneasler
|-supereffective|p1a: Sneasler|1
|-damage|p1a: Sneasler|0 fnt
|faint|p1a: Sneasler
|move|p1b: Volcarona|Quiver Dance|p1b: Volcarona
|-boost|p1b: Volcarona|spa|1
|-boost|p1b: Volcarona|spd|1
|-boost|p1b: Volcarona|spe|1
|
|upkeep
|
|t:|1782964901
|switch|p1a: Decidueye|Decidueye-Hisui, L50, M|100/100
|turn|4
|
|t:|1782964920
|move|p1b: Volcarona|Protect|p1b: Volcarona
|-singleturn|p1b: Volcarona|Protect
|move|p1a: Decidueye|Protect|p1a: Decidueye
|-singleturn|p1a: Decidueye|Protect
|move|p2b: Pidgeot|Heat Wave|p1b: Volcarona|[spread] 
|-activate|p1a: Decidueye|move: Protect
|-activate|p1b: Volcarona|move: Protect
|move|p2a: Arcanine|Rock Slide|p1b: Volcarona|[spread] 
|-activate|p1a: Decidueye|move: Protect
|-activate|p1b: Volcarona|move: Protect
|
|-sideend|p2: Youax55|move: Tailwind
|upkeep
|turn|5
|
|t:|1782964955
|move|p2a: Arcanine|Protect|p2a: Arcanine
|-singleturn|p2a: Arcanine|Protect
|move|p1b: Volcarona|Fiery Dance|p2b: Pidgeot
|-damage|p2b: Pidgeot|18/100
|-boost|p1b: Volcarona|spa|1
|move|p2b: Pidgeot|Hurricane|p1b: Volcarona
|-supereffective|p1b: Volcarona|1
|-damage|p1b: Volcarona|11/100
|move|p1a: Decidueye|Triple Arrows|p2b: Pidgeot
|-damage|p2b: Pidgeot|0 fnt
|faint|p2b: Pidgeot
|
|upkeep
|
|t:|1782964970
|switch|p2b: Weavile|Weavile, L50, M|100/100
|-ability|p2b: Weavile|Pressure
|turn|6
|
|t:|1782964985
|switch|p2b: Vanilluxe|Vanilluxe, L50, M|100/100
|-weather|Snowscape|[from] ability: Snow Warning|[of] p2b: Vanilluxe
|move|p1b: Volcarona|Protect|p1b: Volcarona
|-singleturn|p1b: Volcarona|Protect
|move|p2a: Arcanine|Extreme Speed|p1b: Volcarona
|-activate|p1b: Volcarona|move: Protect
|move|p1a: Decidueye|Triple Arrows|p2b: Vanilluxe
|-supereffective|p2b: Vanilluxe|1
|-damage|p2b: Vanilluxe|44/100
|
|-weather|Snowscape|[upkeep]
|upkeep
|turn|7
|
|t:|1782965018
|move|p1b: Volcarona|Protect||[still]
|-fail|p1b: Volcarona
|move|p2a: Arcanine|Extreme Speed|p1b: Volcarona
|-damage|p1b: Volcarona|0 fnt
|faint|p1b: Volcarona
|move|p2b: Vanilluxe|Blizzard|p1a: Decidueye
|-supereffective|p1a: Decidueye|1
|-damage|p1a: Decidueye|12/100
|-status|p1a: Decidueye|frz
|cant|p1a: Decidueye|frz
|
|-weather|Snowscape|[upkeep]
|upkeep
|turn|8
|
|t:|1782965033
|move|p2a: Arcanine|Extreme Speed|p1a: Decidueye
|-damage|p1a: Decidueye|0 fnt
|faint|p1a: Decidueye
|
|win|Youax55
||clare_chan1738 is ready for game 3.
||Youax55 is ready for game 3.
|uhtml|next|Next: Game 3 of 3
