|j|☆reshiee
|j|☆GymGlofer
|html|reshieeGymGlofer    
|uhtml|bestof|Game 2 of a best-of-3
|t:|1785095989
|gametype|doubles
|player|p1|reshiee|gwynn|1131
|player|p2|GymGlofer|blackbelt|1129
|gen|9
|tier|[Gen 9 Champions] VGC 2026 Reg M-B (Bo3)
|rated|
|rule|Species Clause: Limit one of each Pokémon
|rule|Item Clause: Limit 1 of each item
|clearpoke
|poke|p1|Charizard, L50, M|
|poke|p1|Venusaur, L50, F|
|poke|p1|Pelipper, L50, F|
|poke|p1|Grimmsnarl, L50, M|
|poke|p1|Basculegion, L50, M|
|poke|p1|Archaludon, L50, M|
|poke|p2|Quaquaval, L50, M|
|poke|p2|Greninja, L50, F|
|poke|p2|Pelipper, L50, F|
|poke|p2|Basculegion-F, L50, F|
|poke|p2|Starmie, L50|
|poke|p2|Swampert, L50, M|
|teampreview|4
|showteam|p1|Charizard||CharizarditeY|Blaze|HeatWave,WeatherBall,SolarBeam,Protect|Modest||M|||50|]Venusaur||FocusSash|Chlorophyll|SludgeBomb,EarthPower,SleepPowder,Protect|Modest||F|||50|]Pelipper||SitrusBerry|Drizzle|Hurricane,WeatherBall,Tailwind,WideGuard|Modest||F|||50|]Grimmsnarl||LightClay|Prankster|SpiritBreak,Reflect,LightScreen,PartingShot|Sassy||M|||50|]Basculegion||ChoiceScarf|Adaptability|WaveCrash,LastRespects,FlipTurn,AquaJet|Jolly||M|||50|]Archaludon||Leftovers|Stamina|DragonPulse,FlashCannon,ElectroShot,Protect|Calm||M|||50|
|showteam|p2|Quaquaval||FocusSash|Moxie|AquaStep,CloseCombat,TripleAxel,Protect|Jolly||M|||50|]Greninja||Greninjite|Protean|FlipTurn,DarkPulse,IcyWind,Protect|Hasty||F|||50|]Pelipper||ZoomLens|Drizzle|MuddyWater,Hurricane,WideGuard,Protect|Quiet||F|||50|]Basculegion-F||LifeOrb|Adaptability|ChillingWater,ShadowBall,AquaJet,Protect|Timid||F|||50|]Starmie||ChoiceScarf|Illuminate|HydroPump,Psychic,Thunder,IceBeam|Timid|||||50|]Swampert||Swampertite|Torrent|WaveCrash,Earthquake,BrickBreak,Protect|Adamant||M|||50|
|inactive|Battle timer is ON: inactive players will automatically lose when time's up. (requested by GymGlofer)
|
|t:|1785096007
|teamsize|p1|4
|teamsize|p2|4
|start
|switch|p1a: Charizard|Charizard, L50, M|100/100
|switch|p1b: Grimmsnarl|Grimmsnarl, L50, M|100/100
|switch|p2a: Quaquaval|Quaquaval, L50, M|100/100
|switch|p2b: Basculegion|Basculegion-F, L50, F|100/100
|turn|1
|inactive|reshiee has 30 seconds left.
|
|t:|1785096032
|move|p1a: Charizard|Protect|p1a: Charizard
|-singleturn|p1a: Charizard|Protect
|move|p1b: Grimmsnarl|Reflect|p1b: Grimmsnarl
|-sidestart|p1: reshiee|Reflect
|move|p2a: Quaquaval|Aqua Step|p1b: Grimmsnarl
|-damage|p1b: Grimmsnarl|71/100
|-boost|p2a: Quaquaval|spe|1
|move|p2b: Basculegion|Shadow Ball|p1a: Charizard
|-activate|p1a: Charizard|move: Protect
|
|upkeep
|turn|2
|
|t:|1785096051
|detailschange|p1a: Charizard|Charizard-Mega-Y, L50, M
|-mega|p1a: Charizard|Charizard|Charizardite Y
|-weather|SunnyDay|[from] ability: Drought|[of] p1a: Charizard
|move|p2a: Quaquaval|Protect|p2a: Quaquaval
|-singleturn|p2a: Quaquaval|Protect
|move|p2b: Basculegion|Protect|p2b: Basculegion
|-singleturn|p2b: Basculegion|Protect
|move|p1b: Grimmsnarl|Light Screen|p1b: Grimmsnarl
|-sidestart|p1: reshiee|move: Light Screen
|move|p1a: Charizard|Heat Wave|p2b: Basculegion|[spread] 
|-activate|p2a: Quaquaval|move: Protect
|-activate|p2b: Basculegion|move: Protect
|
|-weather|SunnyDay|[upkeep]
|upkeep
|turn|3
|
|t:|1785096076
|switch|p2a: Pelipper|Pelipper, L50, F|100/100
|-weather|RainDance|[from] ability: Drizzle|[of] p2a: Pelipper
|switch|p2b: Swampert|Swampert, L50, M|100/100
|switch|p1a: Archaludon|Archaludon, L50, M|100/100
|move|p1b: Grimmsnarl|Parting Shot|p2a: Pelipper
|-unboost|p2a: Pelipper|atk|1
|-unboost|p2a: Pelipper|spa|1
|
|t:|1785096087
|switch|p1b: Charizard|Charizard-Mega-Y, L50, M|100/100|[from] Parting Shot
|-weather|SunnyDay|[from] ability: Drought|[of] p1b: Charizard
|
|-weather|SunnyDay|[upkeep]
|upkeep
|turn|4
|inactive|reshiee has 30 seconds left.
|
|t:|1785096114
|switch|p2a: Quaquaval|Quaquaval, L50, M|100/100
|detailschange|p2b: Swampert|Swampert-Mega, L50, M
|-mega|p2b: Swampert|Swampert|Swampertite
|move|p2b: Swampert|Protect|p2b: Swampert
|-singleturn|p2b: Swampert|Protect
|move|p1b: Charizard|Solar Beam||[still]
|-prepare|p1b: Charizard|Solar Beam
|-anim|p1b: Charizard|Solar Beam|p2b: Swampert
|-activate|p2b: Swampert|move: Protect
|move|p1a: Archaludon|Dragon Pulse|p2a: Quaquaval
|-damage|p2a: Quaquaval|49/100
|
|-weather|SunnyDay|[upkeep]
|upkeep
|turn|5
|
|t:|1785096136
|switch|p1b: Grimmsnarl|Grimmsnarl, L50, M|71/100
|move|p1a: Archaludon|Protect|p1a: Archaludon
|-singleturn|p1a: Archaludon|Protect
|move|p2a: Quaquaval|Aqua Step|p1b: Grimmsnarl
|-damage|p1b: Grimmsnarl|58/100
|-boost|p2a: Quaquaval|spe|1
|move|p2b: Swampert|Brick Break|p1a: Archaludon
|-activate|p1a: Archaludon|move: Protect
|
|-weather|SunnyDay|[upkeep]
|upkeep
|turn|6
|inactive|reshiee has 30 seconds left.
|inactive|GymGlofer has 30 seconds left.
|
|t:|1785096164
|switch|p1a: Basculegion|Basculegion, L50, M|100/100
|move|p2a: Quaquaval|Protect|p2a: Quaquaval
|-singleturn|p2a: Quaquaval|Protect
|move|p2b: Swampert|Brick Break|p1a: Basculegion
|-immune|p1a: Basculegion
|move|p1b: Grimmsnarl|Spirit Break|p2a: Quaquaval
|-activate|p2a: Quaquaval|move: Protect
|
|-weather|SunnyDay|[upkeep]
|upkeep
|turn|7
|c|☆GymGlofer|Gg
|c|☆GymGlofer|nice reads
|inactive|reshiee has 30 seconds left.
|inactive|reshiee has 20 seconds left.
|inactive|reshiee has 15 seconds left.
|
|t:|1785096205
|switch|p2a: Pelipper|Pelipper, L50, F|100/100
|-weather|RainDance|[from] ability: Drizzle|[of] p2a: Pelipper
|move|p1b: Grimmsnarl|Parting Shot|p2b: Swampert
|-unboost|p2b: Swampert|atk|1
|-unboost|p2b: Swampert|spa|1
|
|t:|1785096212
|switch|p1b: Charizard|Charizard-Mega-Y, L50, M|100/100|[from] Parting Shot
|-weather|SunnyDay|[from] ability: Drought|[of] p1b: Charizard
|move|p1a: Basculegion|Flip Turn|p2a: Pelipper
|-resisted|p2a: Pelipper|1
|-damage|p2a: Pelipper|91/100
|
|t:|1785096225
|switch|p1a: Grimmsnarl|Grimmsnarl, L50, M|58/100|[from] Flip Turn
|move|p2b: Swampert|Brick Break|p1b: Charizard
|-sideend|p1: reshiee|Reflect
|-sideend|p1: reshiee|move: Light Screen
|-resisted|p1b: Charizard|1
|-damage|p1b: Charizard|90/100
|
|-weather|SunnyDay|[upkeep]
|upkeep
|turn|8
|
|t:|1785096244
|move|p2b: Swampert|Protect|p2b: Swampert
|-singleturn|p2b: Swampert|Protect
|move|p1a: Grimmsnarl|Reflect|p1a: Grimmsnarl
|-sidestart|p1: reshiee|Reflect
|move|p1b: Charizard|Solar Beam||[still]
|-prepare|p1b: Charizard|Solar Beam
|-anim|p1b: Charizard|Solar Beam|p2a: Pelipper
|-damage|p2a: Pelipper|28/100
|move|p2a: Pelipper|Muddy Water|p1a: Grimmsnarl|[spread] p1a,p1b
|-supereffective|p1b: Charizard|1
|-damage|p1a: Grimmsnarl|45/100
|-damage|p1b: Charizard|66/100
|-unboost|p1b: Charizard|accuracy|1
|
|-weather|SunnyDay|[upkeep]
|upkeep
|turn|9
|inactive|GymGlofer has 30 seconds left.
|
|t:|1785096272
|switch|p2a: Basculegion|Basculegion-F, L50, F|100/100
|move|p1b: Charizard|Solar Beam||[still]
|-prepare|p1b: Charizard|Solar Beam
|-anim|p1b: Charizard|Solar Beam|p2b: Swampert
|-supereffective|p2b: Swampert|2
|-damage|p2b: Swampert|0 fnt
|faint|p2b: Swampert
|move|p1a: Grimmsnarl|Spirit Break|p2a: Basculegion
|-damage|p2a: Basculegion|64/100
|-unboost|p2a: Basculegion|spa|1
|
|-weather|SunnyDay|[upkeep]
|upkeep
|
|t:|1785096282
|switch|p2b: Quaquaval|Quaquaval, L50, M|49/100
|turn|10
|
|t:|1785096307
|move|p1b: Charizard|Protect|p1b: Charizard
|-singleturn|p1b: Charizard|Protect
|move|p1a: Grimmsnarl|Light Screen|p1a: Grimmsnarl
|-sidestart|p1: reshiee|move: Light Screen
|move|p2b: Quaquaval|Aqua Step|p1b: Charizard
|-activate|p1b: Charizard|move: Protect
|move|p2a: Basculegion|Shadow Ball|p1b: Charizard
|-activate|p1b: Charizard|move: Protect
|
|-weather|SunnyDay|[upkeep]
|upkeep
|turn|11
|
|t:|1785096327
|switch|p1b: Archaludon|Archaludon, L50, M|100/100
|move|p2b: Quaquaval|Aqua Step|p1a: Grimmsnarl
|-damage|p1a: Grimmsnarl|31/100
|-boost|p2b: Quaquaval|spe|1
|move|p2a: Basculegion|Shadow Ball|p1a: Grimmsnarl
|-resisted|p1a: Grimmsnarl|1
|-damage|p1a: Grimmsnarl|18/100
|-damage|p2a: Basculegion|54/100|[from] item: Life Orb
|move|p1a: Grimmsnarl|Spirit Break|p2b: Quaquaval
|-supereffective|p2b: Quaquaval|1
|-damage|p2b: Quaquaval|0 fnt
|faint|p2b: Quaquaval
|
|-weather|none
|upkeep
|
|t:|1785096337
|switch|p2b: Pelipper|Pelipper, L50, F|28/100
|-weather|RainDance|[from] ability: Drizzle|[of] p2b: Pelipper
|turn|12
|
|t:|1785096357
|move|p2a: Basculegion|Shadow Ball|p1b: Archaludon
|-damage|p1b: Archaludon|77/100
|-unboost|p1b: Archaludon|spd|1
|-ability|p1b: Archaludon|Stamina|boost
|-boost|p1b: Archaludon|def|1
|-damage|p2a: Basculegion|45/100|[from] item: Life Orb
|move|p1b: Archaludon|Electro Shot||[still]
|-prepare|p1b: Archaludon|Electro Shot
|-boost|p1b: Archaludon|spa|1
|-anim|p1b: Archaludon|Electro Shot|p2b: Pelipper
|-supereffective|p2b: Pelipper|2
|-damage|p2b: Pelipper|0 fnt
|faint|p2b: Pelipper
|move|p1a: Grimmsnarl|Spirit Break|p2a: Basculegion
|-damage|p2a: Basculegion|9/100
|-unboost|p2a: Basculegion|spa|1
|
|-weather|RainDance|[upkeep]
|-heal|p1b: Archaludon|83/100|[from] item: Leftovers
|upkeep
|turn|13
|
|t:|1785096379
|move|p2a: Basculegion|Chilling Water|p1a: Grimmsnarl
|-damage|p1a: Grimmsnarl|1/100
|-unboost|p1a: Grimmsnarl|atk|1
|-damage|p2a: Basculegion|0 fnt|[from] item: Life Orb
|faint|p2a: Basculegion
|
|win|reshiee
||GymGlofer is ready for game 3.
