|j|☆void25o
|j|☆Grogguu
|html|void25oGrogguu    
|uhtml|bestof|Game 3 of a best-of-3
|t:|1756604606
|gametype|doubles
|player|p1|void25o|miku-ghost|1128
|player|p2|Grogguu|zinzolin|1047
|gen|9
|tier|[Gen 9] VGC 2025 Reg H (Bo3)
|rated|
|rule|Species Clause: Limit one of each Pokémon
|rule|Item Clause: Limit 1 of each item
|clearpoke
|poke|p1|Pelipper, L50, F|
|poke|p1|Archaludon, L50, M|
|poke|p1|Maushold-Four, L50|
|poke|p1|Poliwrath, L50, F|
|poke|p1|Sinistcha, L50|
|poke|p1|Indeedee, L50, M|
|poke|p2|Dragonite, L50, F|
|poke|p2|Sneasler, L50, F|
|poke|p2|Primarina, L50, F|
|poke|p2|Rillaboom, L50, F|
|poke|p2|Magmar, L50, F|
|poke|p2|Gholdengo, L50|
|teampreview|4
|showteam|p1|Pelipper||SafetyGoggles|Drizzle|WeatherBall,Hurricane,Tailwind,Protect|||F|||50|,,,,,Ground]Archaludon||AssaultVest|Stamina|DragonPulse,ElectroShot,FlashCannon,BodyPress|||M|||50|,,,,,Grass]Maushold-Four||WideLens|Technician|PopulationBomb,FollowMe,Taunt,Protect||||||50|,,,,,Ghost]Poliwrath||SitrusBerry|SwiftSwim|DrainPunch,Liquidation,BellyDrum,Protect|||F|||50|,,,,,Grass]Sinistcha||RockyHelmet|Hospitality|MatchaGotcha,LifeDew,RagePowder,TrickRoom||||||50|,,,,,Water]Indeedee||FocusSash|PsychicSurge|ExpandingForce,TeraBlast,Imprison,TrickRoom|||M|||50|,,,,,Psychic
|showteam|p2|Dragonite||LoadedDice|Multiscale|ScaleShot,Tailwind,Haze,Protect|||F|||50|,,,,,Fairy]Sneasler||FocusSash|Unburden|CloseCombat,DireClaw,FakeOut,Protect|||F|||50|,,,,,Ghost]Primarina||SitrusBerry|LiquidVoice|HyperVoice,Moonblast,CalmMind,Protect|||F|||50|,,,,,Poison]Rillaboom||AssaultVest|GrassySurge|WoodHammer,KnockOff,GrassyGlide,FakeOut|||F|||50|,,,,,Psychic]Magmar||Eviolite|VitalSpirit|Overheat,FollowMe,Taunt,Protect|||F|||50|,,,,,Flying]Gholdengo||Leftovers|GoodasGold|MakeItRain,ShadowBall,Protect,NastyPlot||||||50|,,,,,Water
|inactive|Battle timer is ON: inactive players will automatically lose when time's up. (requested by Grogguu)
|
|t:|1756604635
|teamsize|p1|4
|teamsize|p2|4
|start
|switch|p1a: Poliwrath|Poliwrath, L50, F|100/100
|switch|p1b: Maushold|Maushold-Four, L50|100/100
|switch|p2a: Magmar|Magmar, L50, F|100/100
|switch|p2b: Gholdengo|Gholdengo, L50|100/100
|turn|1
|inactive|Grogguu has 30 seconds left.
|inactive|Grogguu has 20 seconds left.
|inactive|Grogguu has 15 seconds left.
|inactive|Grogguu has 10 seconds left.
|
|t:|1756604684
|move|p1b: Maushold|Taunt|p2a: Magmar
|-start|p2a: Magmar|move: Taunt
|move|p1a: Poliwrath|Belly Drum|p1a: Poliwrath
|-damage|p1a: Poliwrath|50/100
|-setboost|p1a: Poliwrath|atk|6|[from] move: Belly Drum
|-enditem|p1a: Poliwrath|Sitrus Berry|[eat]
|-heal|p1a: Poliwrath|75/100|[from] item: Sitrus Berry
|move|p2a: Magmar|Overheat|p1b: Maushold
|-damage|p1b: Maushold|28/100
|-unboost|p2a: Magmar|spa|2
|move|p2b: Gholdengo|Nasty Plot|p2b: Gholdengo
|-boost|p2b: Gholdengo|spa|2
|
|upkeep
|turn|2
|inactive|void25o has 30 seconds left.
|inactive|Grogguu has 30 seconds left.
|
|t:|1756604718
|-terastallize|p2b: Gholdengo|Water
|move|p1b: Maushold|Population Bomb|p2a: Magmar
|-damage|p2a: Magmar|92/100
|-damage|p2a: Magmar|83/100
|-damage|p2a: Magmar|74/100
|-damage|p2a: Magmar|66/100
|-damage|p2a: Magmar|59/100
|-damage|p2a: Magmar|50/100
|-damage|p2a: Magmar|41/100
|-damage|p2a: Magmar|32/100
|-damage|p2a: Magmar|23/100
|-damage|p2a: Magmar|15/100
|-hitcount|p2a: Magmar|10
|move|p1a: Poliwrath|Liquidation|p2b: Gholdengo
|-resisted|p2b: Gholdengo
|-damage|p2b: Gholdengo|35/100
|-unboost|p2b: Gholdengo|def|1
|move|p2a: Magmar|Overheat|p1b: Maushold
|-damage|p1b: Maushold|0 fnt
|-unboost|p2a: Magmar|spa|2
|faint|p1b: Maushold
|move|p2b: Gholdengo|Make It Rain|p1a: Poliwrath
|-resisted|p1a: Poliwrath
|-damage|p1a: Poliwrath|13/100
|-unboost|p2b: Gholdengo|spa|1
|
|-heal|p2b: Gholdengo|41/100|[from] item: Leftovers
|upkeep
|
|t:|1756604730
|switch|p1b: Pelipper|Pelipper, L50, F|100/100
|-weather|RainDance|[from] ability: Drizzle|[of] p1b: Pelipper
|turn|3
|
|t:|1756604753
|move|p2b: Gholdengo|Protect|p2b: Gholdengo
|-singleturn|p2b: Gholdengo|Protect
|move|p1a: Poliwrath|Drain Punch|p2b: Gholdengo
|-activate|p2b: Gholdengo|move: Protect
|move|p1b: Pelipper|Tailwind|p1b: Pelipper
|-sidestart|p1: void25o|move: Tailwind
|move|p2a: Magmar|Overheat|p1a: Poliwrath|[miss]
|-miss|p2a: Magmar|p1a: Poliwrath
|
|-weather|RainDance|[upkeep]
|-heal|p2b: Gholdengo|47/100|[from] item: Leftovers
|-end|p2a: Magmar|move: Taunt
|upkeep
|turn|4
|
|t:|1756604768
|move|p2a: Magmar|Follow Me|p2a: Magmar
|-singleturn|p2a: Magmar|move: Follow Me
|move|p1a: Poliwrath|Drain Punch|p2a: Magmar
|-damage|p2a: Magmar|0 fnt
|-heal|p1a: Poliwrath|20/100|[from] drain|[of] p2a: Magmar
|faint|p2a: Magmar
|move|p1b: Pelipper|Weather Ball|p2b: Gholdengo
|-resisted|p2b: Gholdengo
|-damage|p2b: Gholdengo|19/100
|move|p2b: Gholdengo|Shadow Ball|p1a: Poliwrath
|-damage|p1a: Poliwrath|0 fnt
|faint|p1a: Poliwrath
|
|-weather|RainDance|[upkeep]
|-heal|p2b: Gholdengo|26/100|[from] item: Leftovers
|upkeep
|inactive|Grogguu has 30 seconds left.
|
|t:|1756604801
|switch|p1a: Archaludon|Archaludon, L50, M, shiny|100/100
|switch|p2a: Dragonite|Dragonite, L50, F|100/100
|turn|5
|inactive|void25o has 30 seconds left.
|inactive|Grogguu has 30 seconds left.
|
|t:|1756604835
|move|p2b: Gholdengo|Protect|p2b: Gholdengo
|-singleturn|p2b: Gholdengo|Protect
|move|p1a: Archaludon|Electro Shot||[still]
|-prepare|p1a: Archaludon|Electro Shot
|-boost|p1a: Archaludon|spa|1
|-anim|p1a: Archaludon|Electro Shot|p2a: Dragonite
|-damage|p2a: Dragonite|73/100
|move|p1b: Pelipper|Hurricane|p2a: Dragonite
|-damage|p2a: Dragonite|34/100
|move|p2a: Dragonite|Tailwind|p2a: Dragonite
|-sidestart|p2: Grogguu|move: Tailwind
|
|-weather|RainDance|[upkeep]
|-heal|p2b: Gholdengo|32/100|[from] item: Leftovers
|upkeep
|turn|6
|
|t:|1756604858
|move|p1a: Archaludon|Electro Shot||[still]
|-prepare|p1a: Archaludon|Electro Shot
|-boost|p1a: Archaludon|spa|1
|-anim|p1a: Archaludon|Electro Shot|p2b: Gholdengo
|-supereffective|p2b: Gholdengo
|-damage|p2b: Gholdengo|0 fnt
|faint|p2b: Gholdengo
|move|p2a: Dragonite|Scale Shot|p1b: Pelipper
|-damage|p1b: Pelipper|83/100
|-damage|p1b: Pelipper|66/100
|-damage|p1b: Pelipper|49/100
|-damage|p1b: Pelipper|32/100
|-damage|p1b: Pelipper|14/100
|-hitcount|p1b: Pelipper|5
|-unboost|p2a: Dragonite|def|1
|-boost|p2a: Dragonite|spe|1
|move|p1b: Pelipper|Hurricane|p2a: Dragonite
|-damage|p2a: Dragonite|0 fnt
|faint|p2a: Dragonite
|
|-weather|RainDance|[upkeep]
|-sideend|p1: void25o|move: Tailwind
|upkeep
|
|t:|1756604863
|switch|p2b: Sneasler|Sneasler, L50, F|100/100
|turn|7
|inactive|void25o has 30 seconds left.
|inactive|void25o has 20 seconds left.
|inactive|void25o has 15 seconds left.
|inactive|void25o has 10 seconds left.
|
|t:|1756604908
|-terastallize|p1a: Archaludon|Grass
|move|p2b: Sneasler|Protect|p2b: Sneasler
|-singleturn|p2b: Sneasler|Protect
|move|p1a: Archaludon|Electro Shot||[still]
|-prepare|p1a: Archaludon|Electro Shot
|-boost|p1a: Archaludon|spa|1
|-anim|p1a: Archaludon|Electro Shot|p2b: Sneasler
|-activate|p2b: Sneasler|move: Protect
|move|p1b: Pelipper|Hurricane|p2b: Sneasler
|-activate|p2b: Sneasler|move: Protect
|
|-weather|none
|upkeep
|turn|8
|
|t:|1756604921
|move|p2b: Sneasler|Dire Claw|p1a: Archaludon
|-supereffective|p1a: Archaludon
|-damage|p1a: Archaludon|40/100
|-status|p1a: Archaludon|slp
|-ability|p1a: Archaludon|Stamina|boost
|-boost|p1a: Archaludon|def|1
|cant|p1a: Archaludon|slp
|move|p1b: Pelipper|Hurricane|p2b: Sneasler|[miss]
|-miss|p1b: Pelipper|p2b: Sneasler
|
|-sideend|p2: Grogguu|move: Tailwind
|upkeep
|turn|9
|
|t:|1756604936
|move|p2b: Sneasler|Dire Claw|p1b: Pelipper
|-damage|p1b: Pelipper|0 fnt
|faint|p1b: Pelipper
|cant|p1a: Archaludon|slp
|
|upkeep
|turn|10
|
|t:|1756604942
|move|p2b: Sneasler|Dire Claw|p1a: Archaludon
|-supereffective|p1a: Archaludon
|-damage|p1a: Archaludon|0 fnt
|faint|p1a: Archaludon
|
|win|Grogguu
|raw|void25o's rating: 1128 → 1097(-31 for losing)
|raw|Grogguu's rating: 1047 → 1087(+40 for winning)
