|j|☆thegreatestnone
|j|☆KodeBeast0526
|html|thegreatestnoneKodeBeast0526    
|uhtml|bestof|Game 1 of a best-of-3
|t:|1783991487
|gametype|doubles
|player|p1|thegreatestnone|169|1153
|player|p2|KodeBeast0526|hiker|1230
|gen|9
|tier|[Gen 9 Champions] VGC 2026 Reg M-B (Bo3)
|rated|
|rule|Species Clause: Limit one of each Pokémon
|rule|Item Clause: Limit 1 of each item
|clearpoke
|poke|p1|Grimmsnarl, L50, M|
|poke|p1|Toxapex, L50, M|
|poke|p1|Slowking-Galar, L50, F|
|poke|p1|Garchomp, L50, F|
|poke|p1|Eelektross, L50, M|
|poke|p1|Scovillain, L50, F|
|poke|p2|Aerodactyl, L50, M|
|poke|p2|Kingambit, L50, M|
|poke|p2|Garchomp, L50, M|
|poke|p2|Charizard, L50, M|
|poke|p2|Incineroar, L50, M|
|poke|p2|Metagross, L50|
|teampreview|4
|showteam|p1|Grimmsnarl||LightClay|Prankster|Protect,Reflect,PartingShot,LightScreen|Sassy||M|||50|]Toxapex||Leftovers|Regenerator|BanefulBunker,Infestation,Toxic,Recover|Relaxed||M|||50|]Slowking-Galar||ColburBerry|Regenerator|PowerGem,Protect,Psychic,FocusBlast|Modest||F|||50|]Garchomp||SitrusBerry|RoughSkin|Protect,RockSlide,StompingTantrum,SwordsDance|Impish||F|||50|]Eelektross||Eelektrossite|Levitate|Protect,Discharge,GigaDrain,Flamethrower|Calm||M|||50|]Scovillain||Scovillainite|Chlorophyll|LeechSeed,RagePowder,Protect,Flamethrower|Calm||F|||50|
|showteam|p2|Aerodactyl||FocusSash|Unnerve|RockSlide,IceFang,Tailwind,WideGuard|Jolly||M|||50|]Kingambit||BlackGlasses|Defiant|KowtowCleave,SuckerPunch,IronHead,Protect|Adamant||M|||50|]Garchomp||LifeOrb|RoughSkin|Earthquake,DragonClaw,StompingTantrum,Protect|Jolly||M|||50|]Charizard||CharizarditeY|Blaze|Protect,HeatWave,SolarBeam,WeatherBall|Modest||M|||50|]Incineroar||SitrusBerry|Intimidate|DarkestLariat,FlareBlitz,FakeOut,PartingShot|Impish||M|||50|]Metagross||Metagrossite|ClearBody|BodyPress,IronHead,Psychic,Protect|Adamant|||||50|
|
|t:|1783991547
|teamsize|p1|4
|teamsize|p2|4
|start
|switch|p1a: Grimmsnarl|Grimmsnarl, L50, M|100/100
|switch|p1b: Slowking|Slowking-Galar, L50, F|100/100
|switch|p2a: Charizard|Charizard, L50, M|100/100
|switch|p2b: Aerodactyl|Aerodactyl, L50, M|100/100
|-ability|p2b: Aerodactyl|Unnerve
|turn|1
|
|t:|1783991567
|move|p1a: Grimmsnarl|Light Screen|p1a: Grimmsnarl
|-sidestart|p1: thegreatestnone|move: Light Screen
|move|p2b: Aerodactyl|Tailwind|p2b: Aerodactyl
|-sidestart|p2: KodeBeast0526|move: Tailwind
|move|p2a: Charizard|Heat Wave|p1b: Slowking|[spread] p1a,p1b
|-damage|p1a: Grimmsnarl|79/100
|-damage|p1b: Slowking|82/100
|-status|p1a: Grimmsnarl|brn
|move|p1b: Slowking|Power Gem|p2a: Charizard
|-supereffective|p2a: Charizard|2
|-damage|p2a: Charizard|0 fnt
|faint|p2a: Charizard
|
|-damage|p1a: Grimmsnarl|73/100 brn|[from] brn
|upkeep
|
|t:|1783991576
|switch|p2a: Metagross|Metagross, L50|100/100
|turn|2
|
|t:|1783991596
|detailschange|p2a: Metagross|Metagross-Mega, L50
|-mega|p2a: Metagross|Metagross|Metagrossite
|move|p1a: Grimmsnarl|Parting Shot|p2a: Metagross
|-unboost|p2a: Metagross|atk|1
|-unboost|p2a: Metagross|spa|1
|
|t:|1783991606
|switch|p1a: Toxapex|Toxapex, L50, M|100/100|[from] Parting Shot
|move|p2b: Aerodactyl|Rock Slide|p1a: Toxapex|[spread] p1a,p1b
|-damage|p1a: Toxapex|84/100
|-damage|p1b: Slowking|53/100
|move|p2a: Metagross|Iron Head|p1a: Toxapex
|-resisted|p1a: Toxapex|1
|-damage|p1a: Toxapex|70/100
|move|p1b: Slowking|Psychic|p2b: Aerodactyl
|-damage|p2b: Aerodactyl|31/100
|
|-heal|p1a: Toxapex|76/100|[from] item: Leftovers
|upkeep
|turn|3
|
|t:|1783991623
|move|p1a: Toxapex|Baneful Bunker|p1a: Toxapex
|-singleturn|p1a: Toxapex|move: Protect
|move|p2b: Aerodactyl|Rock Slide|p1a: Toxapex|[spread] p1b
|-activate|p1a: Toxapex|move: Protect
|-damage|p1b: Slowking|26/100
|move|p2a: Metagross|Psychic|p1a: Toxapex
|-activate|p1a: Toxapex|move: Protect
|cant|p1b: Slowking|flinch
|
|-heal|p1a: Toxapex|82/100|[from] item: Leftovers
|upkeep
|turn|4
|inactive|Battle timer is ON: inactive players will automatically lose when time's up. (requested by KodeBeast0526)
|
|t:|1783991639
|switch|p2a: Garchomp|Garchomp, L50, M|100/100
|-heal|p1a: Toxapex|100/100|[from] ability: Regenerator|[silent]
|switch|p1a: Grimmsnarl|Grimmsnarl, L50, M|73/100 brn
|move|p1b: Slowking|Protect|p1b: Slowking
|-singleturn|p1b: Slowking|Protect
|move|p2b: Aerodactyl|Rock Slide|p1a: Grimmsnarl|[spread] p1a
|-activate|p1b: Slowking|move: Protect
|-damage|p1a: Grimmsnarl|47/100 brn
|
|-damage|p1a: Grimmsnarl|41/100 brn|[from] brn
|-sideend|p2: KodeBeast0526|move: Tailwind
|upkeep
|turn|5
|
|t:|1783991648
|-heal|p1b: Slowking|59/100|[from] ability: Regenerator|[silent]
|switch|p1b: Toxapex|Toxapex, L50, M|100/100
|move|p1a: Grimmsnarl|Reflect|p1a: Grimmsnarl
|-sidestart|p1: thegreatestnone|Reflect
|move|p2b: Aerodactyl|Rock Slide|p1b: Toxapex|[spread] p1a,p1b
|-damage|p1a: Grimmsnarl|25/100 brn
|-damage|p1b: Toxapex|89/100
|move|p2a: Garchomp|Earthquake|p1b: Toxapex|[spread] p1a,p1b
|-immune|p2b: Aerodactyl
|-supereffective|p1b: Toxapex|1
|-damage|p1a: Grimmsnarl|0 fnt
|-damage|p1b: Toxapex|45/100
|faint|p1a: Grimmsnarl
|-damage|p2a: Garchomp|90/100|[from] item: Life Orb
|
|-heal|p1b: Toxapex|50/100g|[from] item: Leftovers
|upkeep
|
|t:|1783991652
|switch|p1a: Scovillain|Scovillain, L50, F|100/100
|turn|6
|
|t:|1783991662
|detailschange|p1a: Scovillain|Scovillain-Mega, L50, F
|-mega|p1a: Scovillain|Scovillain|Scovillainite
|move|p1a: Scovillain|Rage Powder|p1a: Scovillain
|-singleturn|p1a: Scovillain|move: Rage Powder
|move|p2b: Aerodactyl|Rock Slide|p1a: Scovillain|[spread] p1a,p1b
|-supereffective|p1a: Scovillain|1
|-damage|p1a: Scovillain|64/100
|-damage|p1b: Toxapex|40/100
|-status|p2b: Aerodactyl|brn|[from] ability: Spicy Spray|[of] p1a: Scovillain
|move|p2a: Garchomp|Earthquake|p1b: Toxapex|[spread] p1a,p1b
|-immune|p2b: Aerodactyl
|-supereffective|p1b: Toxapex|1
|-damage|p1a: Scovillain|27/100
|-damage|p1b: Toxapex|0 fnt
|-status|p2a: Garchomp|brn|[from] ability: Spicy Spray|[of] p1a: Scovillain
|faint|p1b: Toxapex
|-damage|p2a: Garchomp|80/100 brn|[from] item: Life Orb
|
|-damage|p2b: Aerodactyl|25/100 brn|[from] brn
|-damage|p2a: Garchomp|74/100 brn|[from] brn
|upkeep
|
|t:|1783991678
|switch|p1b: Slowking|Slowking-Galar, L50, F|59/100
|turn|7
|
|t:|1783991688
|move|p1b: Slowking|Protect|p1b: Slowking
|-singleturn|p1b: Slowking|Protect
|move|p2b: Aerodactyl|Rock Slide|p1a: Scovillain|[spread] 
|-activate|p1b: Slowking|move: Protect
|-miss|p2b: Aerodactyl|p1a: Scovillain
|move|p2a: Garchomp|Earthquake|p1b: Slowking|[spread] p1a
|-activate|p1b: Slowking|move: Protect
|-immune|p2b: Aerodactyl
|-damage|p1a: Scovillain|9/100
|-damage|p2a: Garchomp|64/100 brn|[from] item: Life Orb
|move|p1a: Scovillain|Leech Seed|p2a: Garchomp|[miss]
|-miss|p1a: Scovillain|p2a: Garchomp
|
|-damage|p2b: Aerodactyl|20/100r brn|[from] brn
|-damage|p2a: Garchomp|58/100 brn|[from] brn
|upkeep
|turn|8
|
|t:|1783991709
|move|p1a: Scovillain|Rage Powder|p1a: Scovillain
|-singleturn|p1a: Scovillain|move: Rage Powder
|move|p2b: Aerodactyl|Rock Slide|p1b: Slowking|[spread] p1a
|-miss|p2b: Aerodactyl|p1b: Slowking
|-supereffective|p1a: Scovillain|1
|-damage|p1a: Scovillain|0 fnt
|faint|p1a: Scovillain
|move|p2a: Garchomp|Earthquake|p1b: Slowking|[spread] p1b
|-immune|p2b: Aerodactyl
|-supereffective|p1b: Slowking|1
|-damage|p1b: Slowking|27/100
|-damage|p2a: Garchomp|48/100 brn|[from] item: Life Orb
|move|p1b: Slowking|Psychic|p2a: Garchomp
|-damage|p2a: Garchomp|0 fnt
|faint|p2a: Garchomp
|
|-damage|p2b: Aerodactyl|14/100 brn|[from] brn
|-sideend|p1: thegreatestnone|move: Light Screen
|upkeep
|
|t:|1783991721
|switch|p2a: Metagross|Metagross-Mega, L50|100/100
|turn|9
|
|t:|1783991726
|move|p2b: Aerodactyl|Ice Fang|p1b: Slowking
|-damage|p1b: Slowking|19/100
|move|p2a: Metagross|Psychic|p1b: Slowking
|-damage|p1b: Slowking|0 fnt
|faint|p1b: Slowking
|
|win|KodeBeast0526
