|j|☆jayoticnl
|j|☆Ossi1590
|html|jayoticnlOssi1590    
|uhtml|bestof|Game 1 of a best-of-3
|t:|1783436499
|gametype|doubles
|player|p1|jayoticnl|jacinthe|1224
|player|p2|Ossi1590|colress|1358
|gen|9
|tier|[Gen 9 Champions] VGC 2026 Reg M-B (Bo3)
|rated|
|rule|Species Clause: Limit one of each Pokémon
|rule|Item Clause: Limit 1 of each item
|clearpoke
|poke|p1|Tyranitar, L50, M|
|poke|p1|Excadrill, L50, M|
|poke|p1|Primarina, L50, M|
|poke|p1|Rotom-Heat, L50|
|poke|p1|Corviknight, L50, M|
|poke|p1|Sinistcha, L50|
|poke|p2|Raichu, L50, F|
|poke|p2|Mawile, L50, F|
|poke|p2|Sinistcha, L50|
|poke|p2|Ceruledge, L50, M|
|poke|p2|Milotic, L50, M|
|poke|p2|Incineroar, L50, F|
|teampreview|4
|showteam|p1|Tyranitar||Tyranitarite|SandStream|RockSlide,KnockOff,LowKick,Protect|Adamant||M|||50|]Excadrill||FocusSash|SandRush|Earthquake,IronHead,RockSlide,Protect|Adamant||M|||50|]Primarina||LifeOrb|LiquidVoice|Moonblast,HyperVoice,CalmMind,Protect|Modest||M|||50|]Rotom-Heat||ChoiceScarf|Levitate|Overheat,Thunderbolt,VoltSwitch,Electroweb|Timid|||||50|]Corviknight||Leftovers|MirrorArmor|BraveBird,IronHead,Tailwind,BulkUp|Careful||M|||50|]Sinistcha||SitrusBerry|Hospitality|MatchaGotcha,RagePowder,Protect,TrickRoom|Bold|||||50|
|showteam|p2|Raichu||RaichuniteY|LightningRod|ZapCannon,FocusBlast,FakeOut,Protect|Timid||F|||50|]Mawile||Mawilite|HyperCutter|PlayRough,SuckerPunch,SwordsDance,Protect|Adamant||F|||50|]Sinistcha||KasibBerry|Hospitality|MatchaGotcha,LifeDew,RagePowder,Protect|Relaxed|||||50|]Ceruledge||ColburBerry|FlashFire|BitterBlade,ShadowSneak,BulkUp,Protect|Adamant||M|||50|]Milotic||Leftovers|Competitive|MuddyWater,Coil,Hypnosis,Protect|Calm||M|||50|]Incineroar||SitrusBerry|Intimidate|FlareBlitz,ThroatChop,FakeOut,PartingShot|Impish||F|||50|
|
|t:|1783436578
|teamsize|p1|4
|teamsize|p2|4
|start
|switch|p1a: Rotom|Rotom-Heat, L50|100/100
|switch|p1b: Primarina|Primarina, L50, M|100/100
|switch|p2a: Milotic|Milotic, L50, M|100/100
|switch|p2b: Raichu|Raichu, L50, F|100/100
|turn|1
|
|t:|1783436594
|move|p2b: Raichu|Fake Out|p1b: Primarina
|-damage|p1b: Primarina|92/100
|move|p1a: Rotom|Overheat|p2b: Raichu
|-damage|p2b: Raichu|25/100
|-unboost|p1a: Rotom|spa|2
|move|p2a: Milotic|Coil|p2a: Milotic
|-boost|p2a: Milotic|atk|1
|-boost|p2a: Milotic|def|1
|-boost|p2a: Milotic|accuracy|1
|cant|p1b: Primarina|flinch
|
|upkeep
|turn|2
|
|t:|1783436613
|switch|p2b: Ceruledge|Ceruledge, L50, M|100/100
|move|p1a: Rotom|Overheat|p2b: Ceruledge
|-start|p2b: Ceruledge|ability: Flash Fire
|move|p2a: Milotic|Hypnosis|p1b: Primarina
|-status|p1b: Primarina|slp|[from] move: Hypnosis
|cant|p1b: Primarina|slp
|
|upkeep
|turn|3
|
|t:|1783436624
|switch|p1a: Tyranitar|Tyranitar, L50, M|100/100
|-weather|Sandstorm|[from] ability: Sand Stream|[of] p1a: Tyranitar
|move|p2b: Ceruledge|Bulk Up|p2b: Ceruledge
|-boost|p2b: Ceruledge|atk|1
|-boost|p2b: Ceruledge|def|1
|move|p2a: Milotic|Coil|p2a: Milotic
|-boost|p2a: Milotic|atk|1
|-boost|p2a: Milotic|def|1
|-boost|p2a: Milotic|accuracy|1
|cant|p1b: Primarina|slp
|
|-weather|Sandstorm|[upkeep]
|-damage|p2b: Ceruledge|93/100|[from] Sandstorm
|-damage|p2a: Milotic|94/100|[from] Sandstorm
|-damage|p1b: Primarina|85/100 slp|[from] Sandstorm
|-heal|p2a: Milotic|100/100|[from] item: Leftovers
|upkeep
|turn|4
|
|t:|1783436644
|detailschange|p1a: Tyranitar|Tyranitar-Mega, L50, M
|-mega|p1a: Tyranitar|Tyranitar|Tyranitarite
|move|p2b: Ceruledge|Protect|p2b: Ceruledge
|-singleturn|p2b: Ceruledge|Protect
|move|p1a: Tyranitar|Knock Off|p2a: Milotic
|-crit|p2a: Milotic
|-damage|p2a: Milotic|13/100
|-enditem|p2a: Milotic|Leftovers|[from] move: Knock Off|[of] p1a: Tyranitar
|move|p2a: Milotic|Hypnosis|p1a: Tyranitar
|-status|p1a: Tyranitar|slp|[from] move: Hypnosis
|-curestatus|p1b: Primarina|slp|[msg]
|move|p1b: Primarina|Hyper Voice|p2b: Ceruledge|[spread] p2a
|-activate|p2b: Ceruledge|move: Protect
|-resisted|p2a: Milotic|1
|-damage|p2a: Milotic|0 fnt
|faint|p2a: Milotic
|-damage|p1b: Primarina|76/100|[from] item: Life Orb
|
|-weather|Sandstorm|[upkeep]
|-damage|p2b: Ceruledge|87/100|[from] Sandstorm
|-damage|p1b: Primarina|69/100|[from] Sandstorm
|upkeep
|
|t:|1783436653
|switch|p2a: Incineroar|Incineroar, L50, F|100/100
|-ability|p2a: Incineroar|Intimidate|boost
|-unboost|p1a: Tyranitar|atk|1
|-unboost|p1b: Primarina|atk|1
|turn|5
|
|t:|1783436706
|move|p2b: Ceruledge|Bulk Up|p2b: Ceruledge
|-boost|p2b: Ceruledge|atk|1
|-boost|p2b: Ceruledge|def|1
|cant|p1a: Tyranitar|slp
|move|p1b: Primarina|Hyper Voice|p2b: Ceruledge|[spread] p2a,p2b
|-supereffective|p2a: Incineroar|1
|-supereffective|p2b: Ceruledge|1
|-damage|p2a: Incineroar|25/100
|-damage|p2b: Ceruledge|1/100
|-enditem|p2a: Incineroar|Sitrus Berry|[eat]
|-heal|p2a: Incineroar|50/100y|[from] item: Sitrus Berry
|-damage|p1b: Primarina|60/100|[from] item: Life Orb
|move|p2a: Incineroar|Parting Shot|p1a: Tyranitar
|-unboost|p1a: Tyranitar|atk|1
|-unboost|p1a: Tyranitar|spa|1
|
|t:|1783436720
|switch|p2a: Raichu|Raichu, L50, F|25/100|[from] Parting Shot
|
|-weather|Sandstorm|[upkeep]
|-damage|p2a: Raichu|19/100|[from] Sandstorm
|-damage|p2b: Ceruledge|0 fnt|[from] Sandstorm
|-damage|p1b: Primarina|53/100|[from] Sandstorm
|faint|p2b: Ceruledge
|upkeep
|
|t:|1783436723
|switch|p2b: Incineroar|Incineroar, L50, F|50/100y
|-ability|p2b: Incineroar|Intimidate|boost
|-unboost|p1a: Tyranitar|atk|1
|-unboost|p1b: Primarina|atk|1
|turn|6
|
|t:|1783436732
|switch|p1b: Excadrill|Excadrill, L50, M|100/100
|detailschange|p2a: Raichu|Raichu-Mega-Y, L50, F
|-mega|p2a: Raichu|Raichu|Raichunite Y
|move|p2b: Incineroar|Fake Out|p1b: Excadrill
|-resisted|p1b: Excadrill|1
|-crit|p1b: Excadrill
|-damage|p1b: Excadrill|88/100
|move|p2a: Raichu|Focus Blast|p1a: Tyranitar
|-supereffective|p1a: Tyranitar|2
|-damage|p1a: Tyranitar|14/100 slp
|cant|p1a: Tyranitar|slp
|
|-weather|Sandstorm|[upkeep]
|-damage|p2a: Raichu|13/100|[from] Sandstorm
|-damage|p2b: Incineroar|44/100|[from] Sandstorm
|upkeep
|turn|7
|
|t:|1783436745
|switch|p1a: Rotom|Rotom-Heat, L50|100/100
|move|p1b: Excadrill|Earthquake|p2b: Incineroar|[spread] p2a,p2b
|-immune|p1a: Rotom|[from] ability: Levitate
|-supereffective|p2a: Raichu|1
|-supereffective|p2b: Incineroar|1
|-damage|p2a: Raichu|0 fnt
|-damage|p2b: Incineroar|0 fnt
|faint|p2a: Raichu
|faint|p2b: Incineroar
|
|win|jayoticnl
||jayoticnl is ready for game 2.
||Ossi1590 is ready for game 2.
|uhtml|next|Next: Game 2 of 3
