|j|☆VOQJKk
|j|☆Noker_505
|html|VOQJKkNoker_505    
|uhtml|bestof|Game 1 of a best-of-3
|t:|1785678272
|gametype|doubles
|player|p1|VOQJKk|steven|1147
|player|p2|Noker_505|169|1204
|gen|9
|tier|[Gen 9 Champions] VGC 2026 Reg M-B (Bo3)
|rated|
|rule|Species Clause: Limit one of each Pokémon
|rule|Item Clause: Limit 1 of each item
|clearpoke
|poke|p1|Basculegion, L50, M|
|poke|p1|Charizard, L50, M|
|poke|p1|Kingambit, L50, M|
|poke|p1|Garchomp, L50, M|
|poke|p1|Whimsicott, L50, M|
|poke|p1|Floette-Eternal, L50, F|
|poke|p2|Glimmora, L50, F|
|poke|p2|Whimsicott, L50, M|
|poke|p2|Farigiraf, L50, M|
|poke|p2|Staraptor, L50, F|
|poke|p2|Basculegion, L50, M|
|poke|p2|Incineroar, L50, F|
|teampreview|4
|showteam|p1|Basculegion||MysticWater|Adaptability|WaveCrash,LastRespects,AquaJet,Protect|Adamant||M|||50|]Charizard||CharizarditeY|Blaze|HeatWave,WeatherBall,SolarBeam,Protect|Modest||M|||50|]Kingambit||BlackGlasses|Defiant|KowtowCleave,SuckerPunch,IronHead,Protect|Adamant||M|||50|]Garchomp||LifeOrb|RoughSkin|Earthquake,RockSlide,DragonClaw,Protect|Jolly||M|||50|]Whimsicott||FocusSash|Prankster|Moonblast,SunnyDay,Tailwind,Encore|Timid||M|||50|]Floette-Eternal||Floettite|FlowerVeil|DazzlingGleam,Moonblast,LightofRuin,Protect|Modest||F|||50|
|showteam|p2|Glimmora||Glimmoranite|ToxicDebris|EarthPower,SludgeBomb,SpikyShield,PowerGem|Timid||F|||50|]Whimsicott||FocusSash|Prankster|Charm,Moonblast,Encore,Tailwind|Timid||M|||50|]Farigiraf||SitrusBerry|ArmorTail|TrickRoom,Imprison,Thunderbolt,PsychicNoise|Modest||M|||50|]Staraptor||Staraptite|Intimidate|CloseCombat,BraveBird,Protect,Roost|Jolly||F|||50|]Basculegion||ChoiceScarf|Adaptability|WaveCrash,FlipTurn,LastRespects,AquaJet|Adamant||M|||50|]Incineroar||PasshoBerry|Intimidate|PartingShot,ThroatChop,WillOWisp,FakeOut|Serious||F|||50|
|inactive|Battle timer is ON: inactive players will automatically lose when time's up. (requested by VOQJKk)
|
|t:|1785678302
|teamsize|p1|4
|teamsize|p2|4
|start
|switch|p1a: Garchomp|Garchomp, L50, M|100/100
|switch|p1b: Whimsicott|Whimsicott, L50, M|100/100
|switch|p2a: Whimsicott|Whimsicott, L50, M|100/100
|switch|p2b: Glimmora|Glimmora, L50, F|100/100
|turn|1
|
|t:|1785678324
|switch|p2b: Staraptor|Staraptor, L50, F|100/100
|-ability|p2b: Staraptor|Intimidate|boost
|-unboost|p1a: Garchomp|atk|1
|-unboost|p1b: Whimsicott|atk|1
|move|p1b: Whimsicott|Tailwind|p1b: Whimsicott
|-sidestart|p1: VOQJKk|move: Tailwind
|move|p2a: Whimsicott|Tailwind|p2a: Whimsicott
|-sidestart|p2: Noker_505|move: Tailwind
|move|p1a: Garchomp|Earthquake|p2a: Whimsicott|[spread] p1b,p2a
|-immune|p2b: Staraptor
|-resisted|p1b: Whimsicott|1
|-resisted|p2a: Whimsicott|1
|-damage|p1b: Whimsicott|75/100
|-damage|p2a: Whimsicott|71/100
|-damage|p1a: Garchomp|90/100|[from] item: Life Orb
|
|upkeep
|turn|2
|
|t:|1785678339
|detailschange|p2b: Staraptor|Staraptor-Mega, L50, F
|-mega|p2b: Staraptor|Staraptor|Staraptite
|move|p1b: Whimsicott|Encore|p2a: Whimsicott
|-start|p2a: Whimsicott|Encore
|move|p2a: Whimsicott|Tailwind||[still]
|-fail|p2a: Whimsicott
|move|p2b: Staraptor|Close Combat|p1b: Whimsicott
|-resisted|p1b: Whimsicott|1
|-damage|p1b: Whimsicott|33/100
|-boost|p2b: Staraptor|def|1
|-boost|p2b: Staraptor|spd|1
|move|p1a: Garchomp|Rock Slide|p2b: Staraptor|[spread] p2a,p2b
|-damage|p2a: Whimsicott|48/100
|-damage|p2b: Staraptor|90/100
|-damage|p1a: Garchomp|80/100|[from] item: Life Orb
|
|upkeep
|turn|3
|inactive|VOQJKk has 30 seconds left.
|
|t:|1785678365
|switch|p2a: Glimmora|Glimmora, L50, F|100/100
|switch|p1a: Basculegion|Basculegion, L50, M|100/100
|move|p1b: Whimsicott|Moonblast|p2b: Staraptor
|-supereffective|p2b: Staraptor|1
|-damage|p2b: Staraptor|45/100
|move|p2b: Staraptor|Close Combat|p1b: Whimsicott
|-resisted|p1b: Whimsicott|1
|-damage|p1b: Whimsicott|0 fnt
|-boost|p2b: Staraptor|def|1
|-boost|p2b: Staraptor|spd|1
|faint|p1b: Whimsicott
|
|upkeep
|
|t:|1785678380
|switch|p1b: Garchomp|Garchomp, L50, M|80/100
|turn|4
|inactive|VOQJKk has 30 seconds left.
|
|t:|1785678413
|move|p2b: Staraptor|Protect|p2b: Staraptor
|-singleturn|p2b: Staraptor|Protect
|move|p1b: Garchomp|Earthquake|p2a: Glimmora|[spread] p1a,p2a
|-activate|p2b: Staraptor|move: Protect
|-supereffective|p2a: Glimmora|2
|-damage|p1a: Basculegion|54/100
|-damage|p2a: Glimmora|0 fnt
|-activate|p2a: Glimmora|ability: Toxic Debris
|-sidestart|p1: VOQJKk|move: Toxic Spikes
|faint|p2a: Glimmora
|-damage|p1b: Garchomp|70/100|[from] item: Life Orb
|move|p1a: Basculegion|Wave Crash|p2b: Staraptor
|-activate|p2b: Staraptor|move: Protect
|
|-sideend|p2: Noker_505|move: Tailwind
|-sideend|p1: VOQJKk|move: Tailwind
|upkeep
|
|t:|1785678420
|switch|p2a: Whimsicott|Whimsicott, L50, M|48/100
|turn|5
|
|t:|1785678436
|switch|p1b: Charizard|Charizard, L50, M|100/100
|move|p2a: Whimsicott|Charm|p2b: Staraptor
|-boost|p2b: Staraptor|atk|2
|move|p2b: Staraptor|Brave Bird|p1a: Basculegion
|-damage|p1a: Basculegion|0 fnt
|faint|p1a: Basculegion
|-damage|p2b: Staraptor|26/100|[from] Recoil
|
|upkeep
|
|t:|1785678446
|switch|p1a: Garchomp|Garchomp, L50, M|70/100
|-status|p1a: Garchomp|psn
|turn|6
|
|t:|1785678457
|detailschange|p1b: Charizard|Charizard-Mega-Y, L50, M
|-mega|p1b: Charizard|Charizard|Charizardite Y
|-weather|SunnyDay|[from] ability: Drought|[of] p1b: Charizard
|move|p2a: Whimsicott|Moonblast|p1a: Garchomp
|-supereffective|p1a: Garchomp|1
|-damage|p1a: Garchomp|0 fnt
|faint|p1a: Garchomp
|move|p2b: Staraptor|Brave Bird|p1b: Charizard
|-damage|p1b: Charizard|0 fnt
|faint|p1b: Charizard
|-damage|p2b: Staraptor|0 fnt|[from] Recoil
|faint|p2b: Staraptor
|
|win|Noker_505
|inactive|VOQJKk has 30 seconds to confirm battle start!
|inactive|Noker_505 has 30 seconds to confirm battle start!
||Noker_505 is ready for game 2.
|l|☆Noker_505
|player|p2|
|inactive|VOQJKk has 20 seconds to confirm battle start!
||VOQJKk is ready for game 2.
|uhtml|next|Next: Game 2 of 3
