|j|☆actuary97
|j|☆DragoniteMega149
|html|actuary97DragoniteMega149    
|uhtml|bestof|Game 1 of a best-of-3
|t:|1756257687
|gametype|doubles
|player|p1|actuary97|sabrina-frlg|1472
|player|p2|DragoniteMega149|red-lgpe|1374
|gen|9
|tier|[Gen 9] VGC 2025 Reg H (Bo3)
|rated|
|rule|Species Clause: Limit one of each Pokémon
|rule|Item Clause: Limit 1 of each item
|clearpoke
|poke|p1|Whimsicott, L50, F|
|poke|p1|Gallade, L50, M|
|poke|p1|Archaludon, L50, F|
|poke|p1|Malamar, L50, F|
|poke|p1|Indeedee, L50, M|
|poke|p1|Drifblim, L50, M|
|poke|p2|Sneasler, L50, M|
|poke|p2|Indeedee, L50, M|
|poke|p2|Talonflame, L50, M|
|poke|p2|Incineroar, L50, M|
|poke|p2|Electabuzz, L50, M|
|poke|p2|Ursaluna-Bloodmoon, L50, M|
|teampreview|4
|showteam|p1|Whimsicott||FocusSash|Prankster|Moonblast,BeatUp,Encore,Tailwind|||F|||50|,,,,,Ghost]Gallade||ScopeLens|Sharpness|PsychoCut,SacredSword,LeafBlade,Protect|||M|||50|,,,,,Grass]Archaludon||AssaultVest|Stamina|ElectroShot,FlashCannon,Snarl,BodyPress|||F|||50|,,,,,Grass]Malamar||SitrusBerry|Contrary|Superpower,KnockOff,TrickRoom,TopsyTurvy|||F|||50|,,,,,Fire]Indeedee||ChoiceSpecs|PsychicSurge|ExpandingForce,DazzlingGleam,TeraBlast,Trick|||M|||50|,,,,,Fire]Drifblim||PsychicSeed|Unburden|AirSlash,IcyWind,StrengthSap,WillOWisp|||M|||50|,,,,,Flying
|showteam|p2|Sneasler||PsychicSeed|Unburden|DireClaw,CloseCombat,Protect,ThroatChop|||M|||50|,,,,,Dark]Indeedee||FocusSash|PsychicSurge|Imprison,Protect,ExpandingForce,TrickRoom|||M|||50|,,,,,Psychic]Talonflame||CovertCloak|GaleWings|FlareBlitz,Tailwind,DualWingbeat,WillOWisp|||M|||50|,,,,,Fairy]Incineroar||SafetyGoggles|Intimidate|FakeOut,FlareBlitz,KnockOff,PartingShot|||M|||50|,,,,,Ghost]Electabuzz||Eviolite|VitalSpirit|FollowMe,Electroweb,Taunt,Protect|||M|||50|,,,,,Fairy]Ursaluna-Bloodmoon||LifeOrb|MindsEye|BloodMoon,HyperVoice,EarthPower,Protect|||M|||50|,,,,,Normal
|inactive|Battle timer is ON: inactive players will automatically lose when time's up. (requested by actuary97)
|
|t:|1756257714
|teamsize|p1|4
|teamsize|p2|4
|start
|switch|p1a: Malamother|Malamar, L50, F, shiny|100/100
|switch|p1b: Drifblim|Drifblim, L50, M, shiny|100/100
|switch|p2a: Indeedee|Indeedee, L50, M|100/100
|switch|p2b: Ursaluna|Ursaluna-Bloodmoon, L50, M|100/100
|-fieldstart|move: Psychic Terrain|[from] ability: Psychic Surge|[of] p2a: Indeedee
|-enditem|p1b: Drifblim|Psychic Seed
|-boost|p1b: Drifblim|spd|1|[from] item: Psychic Seed
|turn|1
|inactive|DragoniteMega149 has 30 seconds left.
|inactive|actuary97 has 30 seconds left.
|
|t:|1756257750
|-terastallize|p2b: Ursaluna|Normal
|move|p1b: Drifblim|Air Slash|p2a: Indeedee
|-damage|p2a: Indeedee|67/100
|move|p2a: Indeedee|Expanding Force|p1a: Malamother|[spread] p1b
|-immune|p1a: Malamother
|-damage|p1b: Drifblim|67/100
|move|p2b: Ursaluna|Blood Moon|p1a: Malamother
|-damage|p1a: Malamother|0 fnt
|faint|p1a: Malamother
|-damage|p2b: Ursaluna|91/100|[from] item: Life Orb
|
|upkeep
|
|t:|1756257769
|switch|p1a: Indeedee|Indeedee, L50, M, shiny|100/100
|turn|2
|
|t:|1756257780
|switch|p2b: Incineroar|Incineroar, L50, M|100/100
|-ability|p2b: Incineroar|Intimidate|boost
|-unboost|p1a: Indeedee|atk|1
|-unboost|p1b: Drifblim|atk|1
|move|p1b: Drifblim|Air Slash|p2a: Indeedee
|-damage|p2a: Indeedee|36/100
|move|p2a: Indeedee|Expanding Force|p1a: Indeedee|[spread] p1a,p1b
|-resisted|p1a: Indeedee
|-damage|p1a: Indeedee|67/100
|-damage|p1b: Drifblim|31/100
|move|p1a: Indeedee|Expanding Force|p2b: Incineroar|[spread] p2a
|-immune|p2b: Incineroar
|-resisted|p2a: Indeedee
|-damage|p2a: Indeedee|0 fnt
|faint|p2a: Indeedee
|
|upkeep
|
|t:|1756257794
|switch|p2a: Sneasler|Sneasler, L50, M|100/100
|-enditem|p2a: Sneasler|Psychic Seed
|-boost|p2a: Sneasler|spd|1|[from] item: Psychic Seed
|turn|3
|
|t:|1756257808
|switch|p1a: Gallade|Gallade, L50, M, shiny|100/100
|-terastallize|p1b: Drifblim|Flying
|move|p2a: Sneasler|Close Combat|p1a: Gallade
|-resisted|p1a: Gallade
|-damage|p1a: Gallade|39/100
|-unboost|p2a: Sneasler|def|1
|-unboost|p2a: Sneasler|spd|1
|move|p1b: Drifblim|Strength Sap|p2a: Sneasler
|-unboost|p2a: Sneasler|atk|1
|-heal|p1b: Drifblim|100/100
|move|p2b: Incineroar|Knock Off|p1b: Drifblim
|-damage|p1b: Drifblim|70/100
|
|upkeep
|turn|4
|inactive|actuary97 has 30 seconds left.
|inactive|DragoniteMega149 has 30 seconds left.
|
|t:|1756257843
|move|p1a: Gallade|Protect|p1a: Gallade
|-singleturn|p1a: Gallade|Protect
|move|p2a: Sneasler|Dire Claw|p1a: Gallade
|-activate|p1a: Gallade|move: Protect
|move|p1b: Drifblim|Strength Sap|p2b: Incineroar
|-unboost|p2b: Incineroar|atk|1
|-heal|p1b: Drifblim|100/100
|move|p2b: Incineroar|Parting Shot|p1b: Drifblim
|-unboost|p1b: Drifblim|atk|1
|-unboost|p1b: Drifblim|spa|1
|
|t:|1756257847
|switch|p2b: Ursaluna|Ursaluna-Bloodmoon, L50, M, tera:Normal|91/100|[from] Parting Shot
|
|upkeep
|turn|5
|inactive|actuary97 has 30 seconds left.
|inactive|DragoniteMega149 has 30 seconds left.
|
|t:|1756257879
|move|p2a: Sneasler|Dire Claw|p1a: Gallade
|-damage|p1a: Gallade|0 fnt
|faint|p1a: Gallade
|move|p1b: Drifblim|Will-O-Wisp|p2a: Sneasler|[miss]
|-miss|p1b: Drifblim|p2a: Sneasler
|move|p2b: Ursaluna|Hyper Voice|p1b: Drifblim
|-damage|p1b: Drifblim|37/100
|-damage|p2b: Ursaluna|81/100|[from] item: Life Orb
|
|-fieldend|move: Psychic Terrain
|upkeep
|
|t:|1756257882
|switch|p1a: Indeedee|Indeedee, L50, M, shiny|67/100
|-fieldstart|move: Psychic Terrain|[from] ability: Psychic Surge|[of] p1a: Indeedee
|turn|6
|
|t:|1756257893
|switch|p2b: Incineroar|Incineroar, L50, M|100/100
|-ability|p2b: Incineroar|Intimidate|boost
|-unboost|p1a: Indeedee|atk|1
|-unboost|p1b: Drifblim|atk|1
|move|p2a: Sneasler|Throat Chop|p1a: Indeedee
|-supereffective|p1a: Indeedee
|-damage|p1a: Indeedee|0 fnt
|faint|p1a: Indeedee
|move|p1b: Drifblim|Icy Wind|p2a: Sneasler|[spread] p2a,p2b
|-resisted|p2b: Incineroar
|-damage|p2a: Sneasler|92/100
|-damage|p2b: Incineroar|98/100
|-unboost|p2a: Sneasler|spe|1
|-unboost|p2b: Incineroar|spe|1
|
|upkeep
|turn|7
|
|t:|1756257906
|move|p1b: Drifblim|Strength Sap|p2b: Incineroar
|-unboost|p2b: Incineroar|atk|1
|-heal|p1b: Drifblim|100/100
|move|p2a: Sneasler|Dire Claw|p1b: Drifblim
|-damage|p1b: Drifblim|68/100
|move|p2b: Incineroar|Parting Shot|p1b: Drifblim
|-unboost|p1b: Drifblim|atk|1
|-unboost|p1b: Drifblim|spa|1
|
|t:|1756257908
|switch|p2b: Ursaluna|Ursaluna-Bloodmoon, L50, M, tera:Normal|81/100|[from] Parting Shot
|
|upkeep
|turn|8
|
|t:|1756257912
|switch|p2a: Incineroar|Incineroar, L50, M|98/100
|-ability|p2a: Incineroar|Intimidate|boost
|-unboost|p1b: Drifblim|atk|1
|move|p1b: Drifblim|Air Slash|p2a: Incineroar
|-damage|p2a: Incineroar|82/100
|move|p2b: Ursaluna|Blood Moon|p1b: Drifblim
|-damage|p1b: Drifblim|0 fnt
|faint|p1b: Drifblim
|-damage|p2b: Ursaluna|72/100|[from] item: Life Orb
|
|win|DragoniteMega149
||actuary97 is ready for game 2.
|inactive|DragoniteMega149 has 30 seconds to confirm battle start!
