|j|☆raimolol
|j|☆Kuribro
|html|raimololKuribro    
|uhtml|bestof|Game 2 of a best-of-3
|t:|1757914151
|gametype|doubles
|player|p1|raimolol|169|1030
|player|p2|Kuribro|170|1124
|gen|9
|tier|[Gen 9] VGC 2025 Reg H (Bo3)
|rated|
|rule|Species Clause: Limit one of each Pokémon
|rule|Item Clause: Limit 1 of each item
|clearpoke
|poke|p1|Kilowattrel, L50, F|
|poke|p1|Amoonguss, L50, F|
|poke|p1|Incineroar, L50, F|
|poke|p1|Porygon2, L50|
|poke|p1|Weezing, L50, F|
|poke|p1|Ursaluna, L50, M|
|poke|p2|Pelipper, L50, F|
|poke|p2|Archaludon, L50, M|
|poke|p2|Amoonguss, L50, M|
|poke|p2|Incineroar, L50, F|
|poke|p2|Azumarill, L50, M|
|poke|p2|Porygon2, L50|
|teampreview|4
|showteam|p1|Kilowattrel||FocusSash|Competitive|Thunderbolt,AirSlash,Tailwind,Protect|||F|||50|,,,,,Ghost]Amoonguss||SitrusBerry|Regenerator|PollenPuff,Spore,RagePowder,Protect|||F|||50|,,,,,Flying]Incineroar||SafetyGoggles|Intimidate|FakeOut,FlareBlitz,KnockOff,PartingShot|||F|||50|,,,,,Ghost]Porygon2||Eviolite|Download|TeraBlast,IceBeam,Recover,TrickRoom||||||50|,,,,,Flying]Weezing||Leftovers|NeutralizingGas|Taunt,Protect,WillOWisp,ClearSmog|||F|||50|,,,,,Flying]Ursaluna||FlameOrb|Guts|Facade,HeadlongRush,Earthquake,Protect|||M|||50|,,,,,Ghost
|showteam|p2|Pelipper||FocusSash|Drizzle|WeatherBall,Hurricane,Tailwind,Protect|||F|||50|,,,,,Ghost]Archaludon||AssaultVest|Stamina|ElectroShot,DragonPulse,FlashCannon,BodyPress|||M|||50|,,,,,Bug]Amoonguss||CovertCloak|Regenerator|PollenPuff,RagePowder,Spore,Protect|||M|||50|,,,,,Psychic]Incineroar||SafetyGoggles|Intimidate|FakeOut,PartingShot,KnockOff,FlareBlitz|||F|||50|,,,,,Ghost]Azumarill||SitrusBerry|HugePower|AquaJet,PlayRough,BellyDrum,Protect|||M|||50|,,,,,Water]Porygon2||Eviolite|Download|TeraBlast,ShadowBall,TrickRoom,Recover||||||50|,,,,,Fighting
|inactive|Battle timer is ON: inactive players will automatically lose when time's up. (requested by raimolol)
|
|t:|1757914173
|teamsize|p1|4
|teamsize|p2|4
|start
|switch|p1a: Weezing|Weezing, L50, F|100/100
|switch|p1b: Incineroar|Incineroar, L50, F|100/100
|switch|p2a: Incineroar|Incineroar, L50, F|100/100
|switch|p2b: Porygon2|Porygon2, L50|100/100
|-ability|p1a: Weezing|Neutralizing Gas
|turn|1
|
|t:|1757914197
|switch|p2b: Amoonguss|Amoonguss, L50, M|100/100
|move|p1a: Weezing|Protect|p1a: Weezing
|-singleturn|p1a: Weezing|Protect
|move|p1b: Incineroar|Parting Shot|p2b: Amoonguss
|-unboost|p2b: Amoonguss|atk|1
|-unboost|p2b: Amoonguss|spa|1
|
|t:|1757914212
|switch|p1b: Kilowattrel|Kilowattrel, L50, F|100/100|[from] Parting Shot
|move|p2a: Incineroar|Knock Off|p1a: Weezing
|-activate|p1a: Weezing|move: Protect
|
|upkeep
|turn|2
|
|t:|1757914230
|-end|p1a: Weezing|ability: Neutralizing Gas
|-ability|p2a: Incineroar|Intimidate|boost
|-unboost|p1a: Weezing|atk|1
|-unboost|p1b: Kilowattrel|atk|1
|-ability|p1b: Kilowattrel|Competitive|boost
|-boost|p1b: Kilowattrel|spa|2
|switch|p1a: Incineroar|Incineroar, L50, F|100/100
|-ability|p1a: Incineroar|Intimidate|boost
|-unboost|p2a: Incineroar|atk|1
|-unboost|p2b: Amoonguss|atk|1
|switch|p2b: Archaludon|Archaludon, L50, M|100/100
|move|p1b: Kilowattrel|Air Slash|p2b: Archaludon
|-resisted|p2b: Archaludon
|-damage|p2b: Archaludon|77/100
|-ability|p2b: Archaludon|Stamina|boost
|-boost|p2b: Archaludon|def|1
|move|p2a: Incineroar|Knock Off|p1a: Incineroar
|-resisted|p1a: Incineroar
|-damage|p1a: Incineroar|87/100
|-enditem|p1a: Incineroar|Safety Goggles|[from] move: Knock Off|[of] p2a: Incineroar
|
|upkeep
|turn|3
|inactive|raimolol has 30 seconds left.
|inactive|raimolol has 20 seconds left.
|inactive|raimolol has 15 seconds left.
|
|t:|1757914271
|switch|p2a: Amoonguss|Amoonguss, L50, M|100/100
|move|p1b: Kilowattrel|Air Slash|p2b: Archaludon
|-resisted|p2b: Archaludon
|-damage|p2b: Archaludon|52/100
|-ability|p2b: Archaludon|Stamina|boost
|-boost|p2b: Archaludon|def|1
|cant|p2b: Archaludon|flinch
|move|p1a: Incineroar|Knock Off|p2b: Archaludon
|-damage|p2b: Archaludon|38/100
|-ability|p2b: Archaludon|Stamina|boost
|-boost|p2b: Archaludon|def|1
|-enditem|p2b: Archaludon|Assault Vest|[from] move: Knock Off|[of] p1a: Incineroar
|
|upkeep
|turn|4
|
|t:|1757914295
|move|p2a: Amoonguss|Protect|p2a: Amoonguss
|-singleturn|p2a: Amoonguss|Protect
|move|p1b: Kilowattrel|Air Slash|p2b: Archaludon
|-resisted|p2b: Archaludon
|-damage|p2b: Archaludon|0 fnt
|faint|p2b: Archaludon
|move|p1a: Incineroar|Flare Blitz|p2a: Amoonguss
|-activate|p2a: Amoonguss|move: Protect
|
|upkeep
|
|t:|1757914301
|switch|p2b: Porygon2|Porygon2, L50|100/100
|-ability|p2b: Porygon2|Download|boost
|-boost|p2b: Porygon2|atk|1
|turn|5
|
|t:|1757914312
|-terastallize|p2a: Amoonguss|Psychic
|move|p2a: Amoonguss|Rage Powder|p2a: Amoonguss
|-singleturn|p2a: Amoonguss|move: Rage Powder
|move|p1b: Kilowattrel|Tailwind|p1b: Kilowattrel
|-sidestart|p1: raimolol|move: Tailwind
|move|p1a: Incineroar|Flare Blitz|p2a: Amoonguss
|-damage|p2a: Amoonguss|58/100
|-damage|p1a: Incineroar|71/100|[from] Recoil
|move|p2b: Porygon2|Trick Room|p2b: Porygon2
|-fieldstart|move: Trick Room|[of] p2b: Porygon2
|
|upkeep
|turn|6
|inactive|raimolol has 30 seconds left.
|inactive|Kuribro has 30 seconds left.
|
|t:|1757914347
|move|p2a: Amoonguss|Spore|p1a: Incineroar
|-status|p1a: Incineroar|slp|[from] move: Spore
|move|p2b: Porygon2|Tera Blast|p1b: Kilowattrel
|-damage|p1b: Kilowattrel|30/100
|cant|p1a: Incineroar|slp
|move|p1b: Kilowattrel|Thunderbolt|p2a: Amoonguss
|-damage|p2a: Amoonguss|0 fnt
|faint|p2a: Amoonguss
|
|upkeep
|
|t:|1757914350
|switch|p2a: Incineroar|Incineroar, L50, F|100/100
|-ability|p2a: Incineroar|Intimidate|boost
|-unboost|p1a: Incineroar|atk|1
|-unboost|p1b: Kilowattrel|atk|1
|-ability|p1b: Kilowattrel|Competitive|boost
|-boost|p1b: Kilowattrel|spa|2
|turn|7
|
|t:|1757914368
|move|p1b: Kilowattrel|Protect|p1b: Kilowattrel
|-singleturn|p1b: Kilowattrel|Protect
|move|p2b: Porygon2|Tera Blast|p1a: Incineroar
|-damage|p1a: Incineroar|37/100 slp
|move|p2a: Incineroar|Knock Off|p1b: Kilowattrel
|-activate|p1b: Kilowattrel|move: Protect
|cant|p1a: Incineroar|slp
|
|upkeep
|turn|8
|inactive|raimolol has 30 seconds left.
|
|t:|1757914400
|move|p2b: Porygon2|Tera Blast|p1a: Incineroar
|-damage|p1a: Incineroar|0 fnt
|faint|p1a: Incineroar
|move|p2a: Incineroar|Knock Off|p1b: Kilowattrel
|-damage|p1b: Kilowattrel|0 fnt
|-enditem|p1b: Kilowattrel|Focus Sash|[from] move: Knock Off|[of] p2a: Incineroar
|faint|p1b: Kilowattrel
|
|-sideend|p1: raimolol|move: Tailwind
|upkeep
|
|t:|1757914409
|switch|p1a: Ursaluna|Ursaluna, L50, M|100/100
|switch|p1b: Weezing|Weezing, L50, F|100/100
|-ability|p1b: Weezing|Neutralizing Gas
|turn|9
|
|t:|1757914432
|move|p1a: Ursaluna|Headlong Rush|p2a: Incineroar
|-supereffective|p2a: Incineroar
|-damage|p2a: Incineroar|0 fnt
|-unboost|p1a: Ursaluna|def|1
|-unboost|p1a: Ursaluna|spd|1
|faint|p2a: Incineroar
|move|p2b: Porygon2|Tera Blast|p1b: Weezing
|-damage|p1b: Weezing|53/100
|move|p1b: Weezing|Will-O-Wisp|p2b: Porygon2
|-status|p2b: Porygon2|brn
|
|-heal|p1b: Weezing|59/100|[from] item: Leftovers
|-damage|p2b: Porygon2|94/100 brn|[from] brn
|-fieldend|move: Trick Room
|-status|p1a: Ursaluna|brn|[from] item: Flame Orb
|upkeep
|turn|10
|-message|Kuribro forfeited.
|raw|raimolol's rating: 1030 → 1075(+45 for winning)
|raw|Kuribro's rating: 1124 → 1092(-32 for losing)
|
|win|raimolol
|l|☆Kuribro
|player|p2|
|l|☆raimolol
|player|p1|
