|j|☆sandy ghost 5
|j|☆Chavo666
|html|sandy ghost 5Chavo666    
|uhtml|bestof|Game 1 of a best-of-3
|t:|1757070392
|gametype|doubles
|player|p1|sandy ghost 5|baker|1217
|player|p2|Chavo666|policeman-gen4|1129
|gen|9
|tier|[Gen 9] VGC 2025 Reg H (Bo3)
|rated|
|rule|Species Clause: Limit one of each Pokémon
|rule|Item Clause: Limit 1 of each item
|clearpoke
|poke|p1|Tyranitar, L50, F|
|poke|p1|Excadrill, L50, F|
|poke|p1|Sinistcha-Masterpiece, L50|
|poke|p1|Salamence, L50, M|
|poke|p1|Blaziken, L50, F|
|poke|p1|Bruxish, L50, M|
|poke|p2|Reuniclus, L50, F|
|poke|p2|Indeedee-F, L50, F|
|poke|p2|Torkoal, L50, F|
|poke|p2|Gastrodon, L50, F|
|poke|p2|Venusaur, L50, M|
|poke|p2|Incineroar, L50, F|
|teampreview|4
|showteam|p1|Tyranitar||ClearAmulet|SandStream|RockSlide,KnockOff,DragonDance,Protect|||F|||50|,,,,,Grass]Excadrill||AssaultVest|SandRush|Earthquake,IronHead,HighHorsepower,RockSlide|||F|||50|,,,,,Ghost]Sinistcha-Masterpiece||SitrusBerry|Hospitality|ShadowBall,MatchaGotcha,RagePowder,Protect||||||50|,,,,,Dark]Salamence||LifeOrb|Intimidate|DracoMeteor,AirSlash,Protect,Tailwind|||M|||50|,,,,,Ghost]Blaziken||CovertCloak|SpeedBoost|AuraSphere,HeatWave,Coaching,WillOWisp|||F|||50|,,,,,Dragon]Bruxish||ChoiceScarf|Dazzling|PsychicFangs,FlipTurn,WaveCrash,SuperFang|||M|||50|,,,,,Water
|showteam|p2|Reuniclus||LifeOrb|Regenerator|ExpandingForce,Encore,TrickRoom,TeraBlast|||F|||50|,,,,,Fairy]Indeedee-F||PsychicSeed|PsychicSurge|DazzlingGleam,FollowMe,HelpingHand,TrickRoom|||F|||50|,,,,,Fairy]Torkoal||ChoiceSpecs|Drought|HeatWave,Eruption,EarthPower,SolarBeam|||F|||50|,,,,,Fire]Gastrodon||Leftovers|StormDrain|EarthPower,IceBeam,Recover,Yawn|||F|||50|,,,,,Fire]Venusaur||SitrusBerry|Chlorophyll|SleepPowder,SludgeBomb,GigaDrain,Protect|||M|||50|,,,,,Fire]Incineroar||SafetyGoggles|Intimidate|FakeOut,PartingShot,FlareBlitz,KnockOff|||F|||50|,,,,,Fire
|
|t:|1757070439
|teamsize|p1|4
|teamsize|p2|4
|start
|switch|p1a: Excadrill|Excadrill, L50, F|100/100
|switch|p1b: Tyranitar|Tyranitar, L50, F|100/100
|switch|p2a: Venusaur|Venusaur, L50, M, shiny|100/100
|switch|p2b: Incineroar|Incineroar, L50, F|100/100
|-ability|p2b: Incineroar|Intimidate|boost
|-unboost|p1a: Excadrill|atk|1
|-fail|p1b: Tyranitar|unboost|[from] item: Clear Amulet|[of] p1b: Tyranitar
|-weather|Sandstorm|[from] ability: Sand Stream|[of] p1b: Tyranitar
|turn|1
|
|t:|1757070456
|switch|p1b: Salamence|Salamence, L50, M|100/100
|-ability|p1b: Salamence|Intimidate|boost
|-unboost|p2a: Venusaur|atk|1
|-unboost|p2b: Incineroar|atk|1
|-terastallize|p1a: Excadrill|Ghost
|move|p2b: Incineroar|Fake Out|p1b: Salamence
|-damage|p1b: Salamence|92/100
|move|p1a: Excadrill|Earthquake|p2b: Incineroar|[spread] p2a,p2b
|-immune|p1b: Salamence
|-supereffective|p2b: Incineroar
|-damage|p2a: Venusaur|71/100
|-damage|p2b: Incineroar|32/100
|move|p2a: Venusaur|Sleep Powder|p1a: Excadrill|[miss]
|-miss|p2a: Venusaur|p1a: Excadrill
|
|-weather|Sandstorm|[upkeep]
|-damage|p1b: Salamence|86/100|[from] Sandstorm
|-damage|p2a: Venusaur|65/100|[from] Sandstorm
|upkeep
|turn|2
|
|t:|1757070494
|switch|p2b: Torkoal|Torkoal, L50, F|100/100
|-weather|SunnyDay|[from] ability: Drought|[of] p2b: Torkoal
|move|p2a: Venusaur|Sleep Powder|p1a: Excadrill
|-status|p1a: Excadrill|slp|[from] move: Sleep Powder
|move|p1b: Salamence|Air Slash|p2a: Venusaur
|-supereffective|p2a: Venusaur
|-damage|p2a: Venusaur|0 fnt
|faint|p2a: Venusaur
|-damage|p1b: Salamence|77/100|[from] item: Life Orb
|cant|p1a: Excadrill|slp
|
|-weather|SunnyDay|[upkeep]
|upkeep
|
|t:|1757070513
|switch|p2a: Gastrodon|Gastrodon, L50, F|100/100
|turn|3
|
|t:|1757070526
|switch|p1a: Tyranitar|Tyranitar, L50, F|100/100
|-weather|Sandstorm|[from] ability: Sand Stream|[of] p1a: Tyranitar
|-terastallize|p2b: Torkoal|Fire
|move|p1b: Salamence|Draco Meteor|p2b: Torkoal
|-damage|p2b: Torkoal|7/100
|-unboost|p1b: Salamence|spa|2
|-damage|p1b: Salamence|67/100|[from] item: Life Orb
|move|p2a: Gastrodon|Ice Beam|p1b: Salamence
|-supereffective|p1b: Salamence
|-damage|p1b: Salamence|0 fnt
|faint|p1b: Salamence
|move|p2b: Torkoal|Eruption|p1a: Tyranitar
|-resisted|p1a: Tyranitar
|-damage|p1a: Tyranitar|98/100
|
|-weather|Sandstorm|[upkeep]
|-damage|p2b: Torkoal|0 fnt|[from] Sandstorm
|faint|p2b: Torkoal
|upkeep
|
|t:|1757070545
|switch|p1b: Blaziken|Blaziken, L50, F|100/100
|switch|p2b: Incineroar|Incineroar, L50, F|32/100
|-ability|p2b: Incineroar|Intimidate|boost
|-fail|p1a: Tyranitar|unboost|[from] item: Clear Amulet|[of] p1a: Tyranitar
|-unboost|p1b: Blaziken|atk|1
|turn|4
|
|t:|1757070557
|move|p2b: Incineroar|Fake Out|p1a: Tyranitar
|-resisted|p1a: Tyranitar
|-damage|p1a: Tyranitar|93/100
|move|p1b: Blaziken|Aura Sphere|p2b: Incineroar
|-supereffective|p2b: Incineroar
|-damage|p2b: Incineroar|0 fnt
|faint|p2b: Incineroar
|cant|p1a: Tyranitar|flinch
|move|p2a: Gastrodon|Earth Power|p1b: Blaziken
|-supereffective|p1b: Blaziken
|-damage|p1b: Blaziken|18/100
|
|-weather|Sandstorm|[upkeep]
|-damage|p1b: Blaziken|12/100|[from] Sandstorm
|-ability|p1b: Blaziken|Speed Boost|boost
|-boost|p1b: Blaziken|spe|1
|upkeep
|turn|5
|
|t:|1757070573
|move|p1b: Blaziken|Coaching|p1a: Tyranitar
|-boost|p1a: Tyranitar|atk|1
|-boost|p1a: Tyranitar|def|1
|move|p1a: Tyranitar|Knock Off|p2a: Gastrodon
|-crit|p2a: Gastrodon
|-damage|p2a: Gastrodon|0 fnt
|-enditem|p2a: Gastrodon|Leftovers|[from] move: Knock Off|[of] p1a: Tyranitar
|faint|p2a: Gastrodon
|
|win|sandy ghost 5
||Chavo666 is ready for game 2.
||sandy ghost 5 is ready for game 2.
|uhtml|next|Next: Game 2 of 3
