|j|☆ossigt
|j|☆jonen
|html|ossigtjonen    
|uhtml|bestof|Game 1 of a best-of-3
|t:|1756731048
|gametype|doubles
|player|p1|ossigt|hilbert-wonderlauncher|1153
|player|p2|jonen|ruinmaniac-gen3|1182
|gen|9
|tier|[Gen 9] VGC 2025 Reg H (Bo3)
|rated|
|rule|Species Clause: Limit one of each Pokémon
|rule|Item Clause: Limit 1 of each item
|clearpoke
|poke|p1|Kingambit, L50, F|
|poke|p1|Rillaboom, L50, F|
|poke|p1|Electabuzz, L50, M|
|poke|p1|Dragapult, L50, M|
|poke|p1|Volcarona, L50, M|
|poke|p1|Tauros-Paldea-Aqua, L50, M|
|poke|p2|Garchomp, L50, F|
|poke|p2|Weezing-Galar, L50, F|
|poke|p2|Archaludon, L50, M|
|poke|p2|Gholdengo, L50|
|poke|p2|Talonflame, L50, F|
|poke|p2|Annihilape, L50, F|
|teampreview|4
|showteam|p1|Kingambit||BlackGlasses|Defiant|Protect,KowtowCleave,SuckerPunch,SwordsDance|||F|||50|,,,,,Dark]Rillaboom||AssaultVest|GrassySurge|WoodHammer,GrassyGlide,Uturn,FakeOut|||F|||50|,,,,,Fire]Electabuzz||Eviolite|VitalSpirit|Protect,Thunderbolt,HelpingHand,FollowMe|||M|||50|,,,,,Ghost]Dragapult||ChoiceBand|ClearBody|DragonDarts,PhantomForce,Outrage,Uturn|||M|||50|,,,,,Ghost]Volcarona||CovertCloak|FlameBody|Protect,HeatWave,GigaDrain,QuiverDance|||M|||50|,,,,,Dragon]Tauros-Paldea-Aqua||MirrorHerb|Intimidate|Protect,WaveCrash,CloseCombat,AquaJet|||M|||50|,,,,,Water
|showteam|p2|Garchomp||LifeOrb|RoughSkin|DragonClaw,Earthquake,StompingTantrum,Protect|||F|||50|,,,,,Ground]Weezing-Galar||FocusSash|NeutralizingGas|Protect,SludgeBomb,Taunt,StrangeSteam|||F|||50|,,,,,Flying]Archaludon||PowerHerb|Sturdy|ElectroShot,Thunderbolt,DracoMeteor,Protect|||M|||50|,,,,,Electric]Gholdengo||ChoiceSpecs|GoodasGold|ShadowBall,DazzlingGleam,PowerGem,MakeItRain||||||50|,,,,,Fairy]Talonflame||CovertCloak|GaleWings|Tailwind,DualWingbeat,UpperHand,FlareBlitz|||F|||50|,,,,,Fairy]Annihilape||AssaultVest|Defiant|CloseCombat,RageFist,FinalGambit,IcePunch|||F|||50|,,,,,Grass
|
|t:|1756731106
|teamsize|p1|4
|teamsize|p2|4
|start
|switch|p1a: Dragapult|Dragapult, L50, M, shiny|100/100
|switch|p1b: Volcarona|Volcarona, L50, M, shiny|100/100
|switch|p2a: Weezing|Weezing-Galar, L50, F|100/100
|switch|p2b: Annihilape|Annihilape, L50, F|100/100
|-ability|p2a: Weezing|Neutralizing Gas
|turn|1
|
|t:|1756731134
|move|p1b: Volcarona|Protect|p1b: Volcarona
|-singleturn|p1b: Volcarona|Protect
|move|p1a: Dragapult|Dragon Darts|p2b: Annihilape
|-damage|p2b: Annihilape|59/100
|-anim|p1a: Dragapult|Dragon Darts|p2b: Annihilape
|-damage|p2b: Annihilape|18/100
|move|p2b: Annihilape|Final Gambit|p1b: Volcarona
|-activate|p1b: Volcarona|move: Protect
|move|p2a: Weezing|Strange Steam|p1a: Dragapult
|-supereffective|p1a: Dragapult
|-damage|p1a: Dragapult|0 fnt
|faint|p1a: Dragapult
|
|upkeep
|
|t:|1756731148
|switch|p1a: Tauros|Tauros-Paldea-Aqua, L50, M|100/100
|turn|2
|
|t:|1756731163
|move|p1a: Tauros|Aqua Jet|p2b: Annihilape
|-damage|p2b: Annihilape|0 fnt
|faint|p2b: Annihilape
|move|p1b: Volcarona|Quiver Dance|p1b: Volcarona
|-boost|p1b: Volcarona|spa|1
|-boost|p1b: Volcarona|spd|1
|-boost|p1b: Volcarona|spe|1
|move|p2a: Weezing|Strange Steam|p1a: Tauros
|-supereffective|p1a: Tauros
|-crit|p1a: Tauros
|-damage|p1a: Tauros|0 fnt
|faint|p1a: Tauros
|
|upkeep
|
|t:|1756731174
|switch|p1a: Rillaboom|Rillaboom, L50, F, shiny|100/100
|switch|p2b: Talonflame|Talonflame, L50, F|100/100
|turn|3
|
|t:|1756731198
|-terastallize|p1b: Volcarona|Dragon
|move|p2b: Talonflame|Upper Hand|p1a: Rillaboom
|-damage|p1a: Rillaboom|84/100
|cant|p1a: Rillaboom|flinch
|move|p1b: Volcarona|Heat Wave|p2b: Talonflame|[spread] p2a,p2b
|-resisted|p2b: Talonflame
|-damage|p2a: Weezing|2/100
|-damage|p2b: Talonflame|59/100
|move|p2a: Weezing|Sludge Bomb|p1a: Rillaboom
|-supereffective|p1a: Rillaboom
|-damage|p1a: Rillaboom|25/100
|
|upkeep
|turn|4
|
|t:|1756731226
|move|p1b: Volcarona|Heat Wave|p2a: Weezing|[spread] p2a,p2b
|-resisted|p2b: Talonflame
|-damage|p2a: Weezing|0 fnt
|-damage|p2b: Talonflame|19/100
|faint|p2a: Weezing
|-end|p2a: Weezing|ability: Neutralizing Gas
|-fieldstart|move: Grassy Terrain|[from] ability: Grassy Surge|[of] p1a: Rillaboom
|move|p1a: Rillaboom|Grassy Glide|p2b: Talonflame
|-resisted|p2b: Talonflame
|-damage|p2b: Talonflame|6/100
|move|p2b: Talonflame|Flare Blitz|p1a: Rillaboom
|-supereffective|p1a: Rillaboom
|-damage|p1a: Rillaboom|0 fnt
|faint|p1a: Rillaboom
|-damage|p2b: Talonflame|0 fnt|[from] Recoil
|faint|p2b: Talonflame
|
|upkeep
|
|t:|1756731231
|switch|p2b: Gholdengo|Gholdengo, L50|100/100
|turn|5
|
|t:|1756731246
|-terastallize|p2b: Gholdengo|Fairy
|move|p1b: Volcarona|Heat Wave|p2b: Gholdengo
|-damage|p2b: Gholdengo|24/100
|move|p2b: Gholdengo|Dazzling Gleam|p1b: Volcarona
|-supereffective|p1b: Volcarona
|-damage|p1b: Volcarona|21/100
|
|-heal|p1b: Volcarona|28/100|[from] Grassy Terrain
|-heal|p2b: Gholdengo|30/100|[from] Grassy Terrain
|upkeep
|turn|6
|c|☆jonen|gg
|
|t:|1756731256
|move|p1b: Volcarona|Giga Drain|p2b: Gholdengo
|-damage|p2b: Gholdengo|0 fnt
|-heal|p1b: Volcarona|42/100|[from] drain|[of] p2b: Gholdengo
|faint|p2b: Gholdengo
|
|win|ossigt
||ossigt is ready for game 2.
||jonen is ready for game 2.
|uhtml|next|Next: Game 2 of 3
|l|☆jonen
|player|p2|
