|j|☆Gurrasnurra5
|j|☆new mental
|html|Gurrasnurra5new mental    
|uhtml|bestof|Game 3 of a best-of-3
|t:|1785681916
|gametype|doubles
|player|p1|Gurrasnurra5|170|1397
|player|p2|new mental|volkner|1372
|gen|9
|tier|[Gen 9 Champions] VGC 2026 Reg M-B (Bo3)
|rated|
|rule|Species Clause: Limit one of each Pokémon
|rule|Item Clause: Limit 1 of each item
|clearpoke
|poke|p1|Sinistcha, L50, shiny|
|poke|p1|Garchomp, L50, F, shiny|
|poke|p1|Sneasler, L50, M, shiny|
|poke|p1|Floette-Eternal, L50, F|
|poke|p1|Incineroar, L50, F, shiny|
|poke|p1|Kingambit, L50, F, shiny|
|poke|p2|Charizard, L50, M|
|poke|p2|Garchomp, L50, M|
|poke|p2|Incineroar, L50, M|
|poke|p2|Venusaur, L50, M|
|poke|p2|Toxapex, L50, M|
|poke|p2|Sylveon, L50, M|
|teampreview|4
|showteam|p1|Sinistcha||SitrusBerry|Hospitality|MatchaGotcha,TrickRoom,RagePowder,Protect|Bold|||||50|]Garchomp||Garchompite|RoughSkin|StompingTantrum,Earthquake,RockSlide,Protect|Adamant||F|||50|]Sneasler||FocusSash|Unburden|CloseCombat,DireClaw,FakeOut,Coaching|Jolly||M|||50|]Floette-Eternal||Floettite|FlowerVeil|DazzlingGleam,DrainingKiss,CalmMind,Protect|Timid||F|||50|]Incineroar||Leftovers|Intimidate|FakeOut,FlareBlitz,PartingShot,HelpingHand|Sassy||F|||50|]Kingambit||ChopleBerry|Defiant|KowtowCleave,SuckerPunch,IronHead,Protect|Adamant||F|||50|
|showteam|p2|Charizard||CharizarditeY|Blaze|WeatherBall,HeatWave,AncientPower,Protect|Modest||M|||50|]Garchomp||ChoiceScarf|RoughSkin|RockSlide,DragonClaw,Earthquake,StompingTantrum|Adamant||M|||50|]Incineroar||SitrusBerry|Intimidate|FlareBlitz,FakeOut,DarkestLariat,PartingShot|Impish||M|||50|]Venusaur||LifeOrb|Chlorophyll|SludgeBomb,LeafStorm,EarthPower,Protect|Modest||M|||50|]Toxapex||Leftovers|Regenerator|Infestation,Toxic,WideGuard,BanefulBunker|Bold||M|||50|]Sylveon||FairyFeather|Pixilate|HyperVoice,QuickAttack,Yawn,Detect|Modest||M|||50|
|inactive|Battle timer is ON: inactive players will automatically lose when time's up. (requested by new mental)
|
|t:|1785681948
|teamsize|p1|4
|teamsize|p2|4
|start
|switch|p1a: Sneasler|Sneasler, L50, M, shiny|100/100
|switch|p1b: Floette|Floette-Eternal, L50, F|100/100
|switch|p2a: Sylveon|Sylveon, L50, M|100/100
|switch|p2b: Incineroar|Incineroar, L50, M|100/100
|-ability|p2b: Incineroar|Intimidate|boost
|-unboost|p1a: Sneasler|atk|1
|-unboost|p1b: Floette|atk|1
|turn|1
|
|t:|1785681964
|detailschange|p1b: Floette|Floette-Mega, L50, F
|-mega|p1b: Floette|Floette|Floettite
|-ability|p1b: Floette|Fairy Aura
|move|p2a: Sylveon|Detect|p2a: Sylveon
|-singleturn|p2a: Sylveon|Protect
|move|p1a: Sneasler|Fake Out|p2b: Incineroar
|-damage|p2b: Incineroar|93/100
|move|p1b: Floette|Calm Mind|p1b: Floette
|-boost|p1b: Floette|spa|1
|-boost|p1b: Floette|spd|1
|cant|p2b: Incineroar|flinch
|
|upkeep
|turn|2
|
|t:|1785681985
|move|p1a: Sneasler|Dire Claw|p2a: Sylveon
|-supereffective|p2a: Sylveon|1
|-damage|p2a: Sylveon|46/100
|move|p1b: Floette|Dazzling Gleam|p2a: Sylveon|[spread] p2a,p2b
|-damage|p2a: Sylveon|1/100
|-damage|p2b: Incineroar|44/100
|-enditem|p2b: Incineroar|Sitrus Berry|[eat]
|-heal|p2b: Incineroar|68/100|[from] item: Sitrus Berry
|move|p2b: Incineroar|Parting Shot|p1b: Floette
|-unboost|p1b: Floette|atk|1
|-unboost|p1b: Floette|spa|1
|
|t:|1785681989
|switch|p2b: Charizard|Charizard, L50, M|100/100|[from] Parting Shot
|move|p2a: Sylveon|Hyper Voice|p1b: Floette|[spread] p1a,p1b
|-damage|p1a: Sneasler|19/100
|-damage|p1b: Floette|70/100
|
|upkeep
|turn|3
|
|t:|1785682001
|switch|p2a: Toxapex|Toxapex, L50, M|100/100
|detailschange|p2b: Charizard|Charizard-Mega-Y, L50, M
|-mega|p2b: Charizard|Charizard|Charizardite Y
|-weather|SunnyDay|[from] ability: Drought|[of] p2b: Charizard
|move|p1b: Floette|Protect|p1b: Floette
|-singleturn|p1b: Floette|Protect
|move|p1a: Sneasler|Dire Claw|p2b: Charizard
|-damage|p2b: Charizard|71/100
|move|p2b: Charizard|Heat Wave|p1b: Floette|[spread] p1a
|-activate|p1b: Floette|move: Protect
|-damage|p1a: Sneasler|0 fnt
|faint|p1a: Sneasler
|
|-weather|SunnyDay|[upkeep]
|upkeep
|
|t:|1785682005
|switch|p1a: Garchomp|Garchomp, L50, F, shiny|100/100
|turn|4
|
|t:|1785682024
|switch|p2b: Incineroar|Incineroar, L50, M|68/100
|-ability|p2b: Incineroar|Intimidate|boost
|-unboost|p1a: Garchomp|atk|1
|-unboost|p1b: Floette|atk|1
|move|p1b: Floette|Dazzling Gleam|p2b: Incineroar|[spread] p2a,p2b
|-resisted|p2a: Toxapex|1
|-crit|p2a: Toxapex
|-damage|p2a: Toxapex|77/100
|-damage|p2b: Incineroar|37/100
|move|p1a: Garchomp|Rock Slide|p2a: Toxapex|[spread] p2a,p2b
|-supereffective|p2b: Incineroar|1
|-damage|p2a: Toxapex|66/100
|-damage|p2b: Incineroar|16/100
|move|p2a: Toxapex|Toxic|p1b: Floette
|-status|p1b: Floette|tox
|
|-weather|SunnyDay|[upkeep]
|-heal|p2a: Toxapex|72/100|[from] item: Leftovers
|-damage|p1b: Floette|64/100 tox|[from] psn
|upkeep
|turn|5
|
|t:|1785682040
|move|p2b: Incineroar|Fake Out|p1a: Garchomp
|-damage|p1a: Garchomp|89/100
|-damage|p2b: Incineroar|4/100|[from] ability: Rough Skin|[of] p1a: Garchomp
|move|p1b: Floette|Dazzling Gleam|p2b: Incineroar|[spread] p2a,p2b
|-resisted|p2a: Toxapex|1
|-damage|p2a: Toxapex|57/100
|-damage|p2b: Incineroar|0 fnt
|faint|p2b: Incineroar
|cant|p1a: Garchomp|flinch
|move|p2a: Toxapex|Toxic|p1a: Garchomp
|-status|p1a: Garchomp|tox
|
|-weather|SunnyDay|[upkeep]
|-heal|p2a: Toxapex|63/100|[from] item: Leftovers
|-damage|p1b: Floette|51/100 tox|[from] psn
|-damage|p1a: Garchomp|83/100 tox|[from] psn
|upkeep
|
|t:|1785682046
|switch|p2b: Charizard|Charizard-Mega-Y, L50, M|71/100
|turn|6
|
|t:|1785682054
|switch|p1b: Sinistcha|Sinistcha, L50, shiny|100/100
|-heal|p1a: Garchomp|100/100 tox|[from] ability: Hospitality|[of] p1b: Sinistcha
|move|p2a: Toxapex|Wide Guard|p2a: Toxapex
|-singleturn|p2a: Toxapex|Wide Guard
|move|p1a: Garchomp|Rock Slide|p2a: Toxapex|[spread] 
|-activate|p2a: Toxapex|move: Wide Guard
|-activate|p2b: Charizard|move: Wide Guard
|move|p2b: Charizard|Heat Wave|p1a: Garchomp|[spread] p1a,p1b
|-resisted|p1a: Garchomp|1
|-supereffective|p1b: Sinistcha|1
|-damage|p1a: Garchomp|67/100 tox
|-damage|p1b: Sinistcha|0 fnt
|faint|p1b: Sinistcha
|
|-weather|SunnyDay|[upkeep]
|-heal|p2a: Toxapex|68/100|[from] item: Leftovers
|-damage|p1a: Garchomp|55/100 tox|[from] psn
|upkeep
|
|t:|1785682061
|switch|p1b: Floette|Floette-Mega, L50, F|51/100 tox
|-ability|p1b: Floette|Fairy Aura
|turn|7
|
|t:|1785682075
|move|p2a: Toxapex|Wide Guard|p2a: Toxapex
|-singleturn|p2a: Toxapex|Wide Guard
|move|p1b: Floette|Draining Kiss|p2a: Toxapex
|-resisted|p2a: Toxapex|1
|-damage|p2a: Toxapex|56/100
|-heal|p1b: Floette|59/100 tox|[from] drain|[of] p2a: Toxapex
|move|p1a: Garchomp|Stomping Tantrum|p2a: Toxapex
|-supereffective|p2a: Toxapex|1
|-damage|p2a: Toxapex|14/100
|move|p2b: Charizard|Heat Wave|p1a: Garchomp|[spread] p1a,p1b
|-resisted|p1a: Garchomp|1
|-damage|p1a: Garchomp|18/100 tox
|-damage|p1b: Floette|12/100 tox
|
|-weather|none
|-heal|p2a: Toxapex|20/100y|[from] item: Leftovers
|-damage|p1b: Floette|6/100 tox|[from] psn
|-damage|p1a: Garchomp|1/100 tox|[from] psn
|upkeep
|turn|8
|c|☆new mental|gg
|-message|Gurrasnurra5 forfeited.
|
|win|new mental
|raw|Gurrasnurra5's rating: 1397 → 1376(-21 for losing)
|raw|new mental's rating: 1372 → 1393(+21 for winning)
