|j|☆EggEngines2
|j|☆5NitesAtTrickRoom
|html|EggEngines25NitesAtTrickRoom    
|uhtml|bestof|Game 1 of a best-of-3
|t:|1757725422
|gametype|doubles
|player|p1|EggEngines2|collector|
|player|p2|5NitesAtTrickRoom|hilbert|
|gen|9
|tier|[Gen 9] VGC 2025 Reg H (Bo3)
|rule|Species Clause: Limit one of each Pokémon
|rule|Item Clause: Limit 1 of each item
|clearpoke
|poke|p1|Sneasler, L50, M|
|poke|p1|Indeedee, L50, M|
|poke|p1|Volcarona, L50, F|
|poke|p1|Ursaluna-Bloodmoon, L50, M|
|poke|p1|Annihilape, L50, F|
|poke|p1|Tyranitar, L50, M|
|poke|p2|Pelipper, L50, M|
|poke|p2|Archaludon, L50, F|
|poke|p2|Sinistcha-Masterpiece, L50|
|poke|p2|Maushold, L50|
|poke|p2|Basculegion, L50, M|
|poke|p2|Kingambit, L50, M|
|teampreview|4
|showteam|p1|Sneasler||PsychicSeed|Unburden|CloseCombat,DireClaw,ThroatChop,Protect|||M|||50|,,,,,Dark]Indeedee||ChoiceScarf|PsychicSurge|ExpandingForce,TeraBlast,Trick,Protect|||M|||50|,,,,,Psychic]Volcarona||SitrusBerry|FlameBody|Overheat,StruggleBug,RagePowder,Tailwind|||F|||50|,,,,,Grass]Ursaluna-Bloodmoon||LifeOrb|MindsEye|BloodMoon,HyperVoice,EarthPower,Protect|||M|||50|,,,,,Normal]Annihilape||SafetyGoggles|Defiant|CloseCombat,RageFist,Taunt,FinalGambit|||F|||50|,,,,,Fairy]Tyranitar||AssaultVest|SandStream|RockSlide,KnockOff,TeraBlast,LowKick|||M|||50|,,,,,Flying
|showteam|p2|Pelipper||FocusSash|Drizzle|WeatherBall,Hurricane,Tailwind,Protect|||M|||50|,,,,,Grass]Archaludon||AssaultVest|Stamina|FlashCannon,BodyPress,ElectroShot,Snarl|||F|||50|,,,,,Fighting]Sinistcha-Masterpiece||SitrusBerry|Hospitality|RagePowder,MatchaGotcha,TrickRoom,LifeDew||||||50|,,,,,Water]Maushold||WideLens|Technician|Protect,RainDance,PopulationBomb,FollowMe||||||50|,,,,,Ghost]Basculegion||ChoiceScarf|Adaptability|WaveCrash,LastRespects,AquaJet,FlipTurn|||M|||50|,,,,,Water]Kingambit||SafetyGoggles|Defiant|KowtowCleave,SuckerPunch,SwordsDance,Protect|||M|||50|,,,,,Dark
|c|☆5NitesAtTrickRoom|sorry for the delay was scraping together the last team
|c|☆EggEngines2|it's fine
|c|☆5NitesAtTrickRoom|one thing we didnt know exactly how to handle was dd sneasler on lead
|c|☆5NitesAtTrickRoom|or teams in general?
|c|☆5NitesAtTrickRoom|at least early game
|c|☆EggEngines2|yeah. in my testing, i feel like the tera fighting arch was bad into this MU
|c|☆EggEngines2|was wondering how necesary fighting was or if something else would be better into this mu. probably grass or fairy
|c|☆5NitesAtTrickRoom|fighting has been real nice dmg wise it can snag some nasty KOs and has real good resists
|c|☆5NitesAtTrickRoom|but if it becomes an issue it could be worth changing
|
|t:|1757725578
|teamsize|p1|4
|teamsize|p2|4
|start
|switch|p1a: Sneasler|Sneasler, L50, M|100/100
|switch|p1b: Indeedee|Indeedee, L50, M|100/100
|switch|p2a: Archaludon|Archaludon, L50, F|100/100
|switch|p2b: Maushold|Maushold, L50|100/100
|-fieldstart|move: Psychic Terrain|[from] ability: Psychic Surge|[of] p1b: Indeedee
|-enditem|p1a: Sneasler|Psychic Seed
|-boost|p1a: Sneasler|spd|1|[from] item: Psychic Seed
|turn|1
|
|t:|1757725603
|switch|p1a: Annihilape|Annihilape, L50, F|100/100
|-terastallize|p1b: Indeedee|Psychic
|-terastallize|p2b: Maushold|Ghost
|move|p2b: Maushold|Follow Me|p2b: Maushold
|-singleturn|p2b: Maushold|move: Follow Me
|move|p1b: Indeedee|Expanding Force|p2b: Maushold|[spread] p2a,p2b
|-resisted|p2a: Archaludon
|-damage|p2a: Archaludon|74/100
|-damage|p2b: Maushold|0 fnt
|-ability|p2a: Archaludon|Stamina|boost
|-boost|p2a: Archaludon|def|1
|faint|p2b: Maushold
|move|p2a: Archaludon|Snarl|p1b: Indeedee|[spread] p1a,p1b
|-supereffective|p1b: Indeedee
|-damage|p1a: Annihilape|89/100
|-damage|p1b: Indeedee|68/100
|-unboost|p1a: Annihilape|spa|1
|-ability|p1a: Annihilape|Defiant|boost
|-boost|p1a: Annihilape|atk|2
|-unboost|p1b: Indeedee|spa|1
|
|upkeep
|
|t:|1757725612
|switch|p2b: Basculegion|Basculegion, L50, M|100/100
|turn|2
|
|t:|1757725630
|move|p1b: Indeedee|Expanding Force|p2a: Archaludon|[spread] p2a,p2b
|-resisted|p2a: Archaludon
|-damage|p2a: Archaludon|56/100
|-damage|p2b: Basculegion|40/100
|-ability|p2a: Archaludon|Stamina|boost
|-boost|p2a: Archaludon|def|1
|move|p2b: Basculegion|Last Respects|p1a: Annihilape
|-supereffective|p1a: Annihilape
|-damage|p1a: Annihilape|0 fnt
|faint|p1a: Annihilape
|move|p2a: Archaludon|Body Press|p1b: Indeedee
|-resisted|p1b: Indeedee
|-damage|p1b: Indeedee|16/100
|
|upkeep
|
|t:|1757725639
|switch|p1a: Sneasler|Sneasler, L50, M|100/100
|turn|3
|
|t:|1757725651
|switch|p2b: Sinistcha|Sinistcha-Masterpiece, L50|100/100
|-heal|p2a: Archaludon|81/100|[from] ability: Hospitality|[of] p2b: Sinistcha
|switch|p1a: Tyranitar|Tyranitar, L50, M|100/100
|-weather|Sandstorm|[from] ability: Sand Stream|[of] p1a: Tyranitar
|move|p1b: Indeedee|Expanding Force|p2a: Archaludon|[spread] p2a,p2b
|-resisted|p2a: Archaludon
|-damage|p2a: Archaludon|65/100
|-damage|p2b: Sinistcha|54/100
|-ability|p2a: Archaludon|Stamina|boost
|-boost|p2a: Archaludon|def|1
|move|p2a: Archaludon|Snarl|p1a: Tyranitar|[spread] p1b
|-miss|p2a: Archaludon|p1a: Tyranitar
|-supereffective|p1b: Indeedee
|-crit|p1b: Indeedee
|-damage|p1b: Indeedee|0 fnt
|faint|p1b: Indeedee
|
|-weather|Sandstorm|[upkeep]
|-damage|p2b: Sinistcha|48/100|[from] Sandstorm
|-enditem|p2b: Sinistcha|Sitrus Berry|[eat]
|-heal|p2b: Sinistcha|73/100|[from] item: Sitrus Berry
|upkeep
|
|t:|1757725656
|switch|p1b: Sneasler|Sneasler, L50, M|100/100
|turn|4
|
|t:|1757725670
|move|p1b: Sneasler|Protect|p1b: Sneasler
|-singleturn|p1b: Sneasler|Protect
|move|p2b: Sinistcha|Rage Powder|p2b: Sinistcha
|-singleturn|p2b: Sinistcha|move: Rage Powder
|move|p2a: Archaludon|Body Press|p1a: Tyranitar
|-supereffective|p1a: Tyranitar
|-damage|p1a: Tyranitar|0 fnt
|faint|p1a: Tyranitar
|
|-weather|Sandstorm|[upkeep]
|-damage|p1b: Sneasler|95/100|[from] Sandstorm
|-damage|p2b: Sinistcha|67/100|[from] Sandstorm
|upkeep
|turn|5
|
|t:|1757725681
|move|p1b: Sneasler|Throat Chop|p2b: Sinistcha
|-supereffective|p2b: Sinistcha
|-damage|p2b: Sinistcha|8/100
|-start|p2b: Sinistcha|Throat Chop|[silent]
|move|p2a: Archaludon|Body Press|p1b: Sneasler
|-resisted|p1b: Sneasler
|-damage|p1b: Sneasler|41/100
|move|p2b: Sinistcha|Matcha Gotcha|p1b: Sneasler
|-resisted|p1b: Sneasler
|-damage|p1b: Sneasler|19/100
|-heal|p2b: Sinistcha|18/100|[from] drain|[of] p1b: Sneasler
|
|-weather|Sandstorm|[upkeep]
|-damage|p1b: Sneasler|13/100|[from] Sandstorm
|-damage|p2b: Sinistcha|12/100|[from] Sandstorm
|-fieldend|move: Psychic Terrain
|upkeep
|turn|6
|
|t:|1757725693
|move|p1b: Sneasler|Dire Claw|p2b: Sinistcha
|-damage|p2b: Sinistcha|0 fnt
|faint|p2b: Sinistcha
|move|p2a: Archaludon|Body Press|p1b: Sneasler
|-resisted|p1b: Sneasler
|-damage|p1b: Sneasler|0 fnt
|faint|p1b: Sneasler
|
|win|5NitesAtTrickRoom
||EggEngines2 is ready for game 2.
||5NitesAtTrickRoom is ready for game 2.
|uhtml|next|Next: Game 2 of 3
