|j|☆Uniursh
|j|☆weefus
|html|Uniurshweefus    
|uhtml|bestof|Game 2 of a best-of-3
|t:|1757030429
|gametype|doubles
|player|p1|Uniursh|ingo|
|player|p2|weefus|cynthia-gen4|
|gen|9
|tier|[Gen 9] VGC 2025 Reg H (Bo3)
|rule|Species Clause: Limit one of each Pokémon
|rule|Item Clause: Limit 1 of each item
|clearpoke
|poke|p1|Lilligant-Hisui, L50, F|
|poke|p1|Umbreon, L50, F|
|poke|p1|Volcarona, L50, F|
|poke|p1|Ninetales, L50, M|
|poke|p1|Jumpluff, L50, F|
|poke|p1|Ursaluna-Bloodmoon, L50, M|
|poke|p2|Malamar, L50, F|
|poke|p2|Flamigo, L50, M|
|poke|p2|Dondozo, L50, M|
|poke|p2|Tatsugiri, L50, F|
|poke|p2|Talonflame, L50, F|
|poke|p2|Magmar, L50, F|
|teampreview|4
|showteam|p1|Lilligant-Hisui||WideLens|Chlorophyll|SolarBlade,CloseCombat,SleepPowder,TripleAxel|||F|||50|,,,,,Ghost]Umbreon||Leftovers|InnerFocus|FoulPlay,Snarl,Taunt,SkillSwap|||F|||50|,,,,,Water]Volcarona||SafetyGoggles|FlameBody|QuiverDance,FieryDance,BugBuzz,Protect|||F|||50|,,,,,Ghost]Ninetales||BlunderPolicy|Drought|WillOWisp,SolarBeam,HeatWave,SunnyDay|||M|||50|,,,,,Grass]Jumpluff||CovertCloak|Chlorophyll|Tailwind,SleepPowder,RagePowder,Encore|||F|||50|,,,,,Dark]Ursaluna-Bloodmoon||AssaultVest|MindsEye|EarthPower,BloodMoon,HyperVoice,VacuumWave|||M|||50|,,,,,Normal
|showteam|p2|Malamar||AssaultVest|Contrary|Superpower,KnockOff,PsychoCut,RockSlide|||F|||50|,,,,,Steel]Flamigo||FocusSash|Costar|CloseCombat,BraveBird,WideGuard,Protect|||M|||50|,,,,,Grass]Dondozo||Leftovers|Unaware|WaveCrash,Earthquake,OrderUp,Protect|||M|||50|,,,,,Grass]Tatsugiri||ToxicOrb|Commander|MuddyWater,DracoMeteor,IcyWind,Protect|||F|||50|,,,,,Steel]Talonflame||CovertCloak|GaleWings|FlareBlitz,DualWingbeat,WillOWisp,Tailwind|||F|||50|,,,,,Fairy]Magmar||Eviolite|VitalSpirit|Overheat,ClearSmog,FollowMe,Protect|||F|||50|,,,,,Ghost
|j| LumiRev
|
|t:|1757030500
|teamsize|p1|4
|teamsize|p2|4
|start
|switch|p1a: Benadryl|Jumpluff, L50, F|100/100
|switch|p1b: Carnifax|Umbreon, L50, F|100/100
|switch|p2a: Dondozo|Dondozo, L50, M|100/100
|switch|p2b: Tatsugiri|Tatsugiri, L50, F|100/100
|-activate|p2b: Tatsugiri|ability: Commander|[of] p2a: Dondozo
|-boost|p2a: Dondozo|atk|2
|-boost|p2a: Dondozo|spa|2
|-boost|p2a: Dondozo|spe|2
|-boost|p2a: Dondozo|def|2
|-boost|p2a: Dondozo|spd|2
|turn|1
|
|t:|1757030528
|-terastallize|p2a: Dondozo|Grass
|move|p1a: Benadryl|Tailwind|p1a: Benadryl
|-sidestart|p1: Uniursh|move: Tailwind
|move|p2a: Dondozo|Order Up|p1a: Benadryl
|-damage|p1a: Benadryl|29/100
|-boost|p2a: Dondozo|atk|1
|move|p1b: Carnifax|Skill Swap|p2a: Dondozo
|-activate|p1b: Carnifax|move: Skill Swap|Unaware|Inner Focus|[of] p2a: Dondozo
|
|-status|p2b: Tatsugiri|tox|[from] item: Toxic Orb
|upkeep
|turn|2
|
|t:|1757030598
|switch|p1a: Lillimon|Lilligant-Hisui, L50, F|100/100
|move|p2a: Dondozo|Wave Crash|p1b: Carnifax
|-damage|p1b: Carnifax|63/100
|-damage|p2a: Dondozo|89/100|[from] Recoil
|move|p1b: Carnifax|Foul Play|p2a: Dondozo
|-damage|p2a: Dondozo|12/100
|
|-heal|p2a: Dondozo|18/100|[from] item: Leftovers
|-heal|p1b: Carnifax|69/100|[from] item: Leftovers
|-damage|p2b: Tatsugiri|94/100 tox|[from] psn
|upkeep
|turn|3
|
|t:|1757030630
|move|p1a: Lillimon|Triple Axel|p2a: Dondozo
|-supereffective|p2a: Dondozo
|-damage|p2a: Dondozo|12/100
|-supereffective|p2a: Dondozo
|-damage|p2a: Dondozo|2/100
|-supereffective|p2a: Dondozo
|-damage|p2a: Dondozo|0 fnt
|faint|p2a: Dondozo
|-hitcount|p2: Dondozo|3
|move|p1b: Carnifax|Foul Play|p2b: Tatsugiri
|-damage|p2b: Tatsugiri|69/100 tox
|
|-heal|p1b: Carnifax|75/100|[from] item: Leftovers
|-damage|p2b: Tatsugiri|57/100 tox|[from] psn
|upkeep
|
|t:|1757030644
|switch|p2a: Flamigo|Flamigo, L50, M|100/100
|-copyboost|p2a: Flamigo|p2b: Tatsugiri|[from] ability: Costar
|turn|4
|
|t:|1757030683
|switch|p1b: Miles|Ninetales, L50, M|100/100
|-weather|SunnyDay|[from] ability: Drought|[of] p1b: Miles
|move|p1a: Lillimon|Sleep Powder|p2a: Flamigo
|-status|p2a: Flamigo|slp|[from] move: Sleep Powder
|move|p2b: Tatsugiri|Icy Wind|p1b: Miles|[spread] p1a,p1b
|-supereffective|p1a: Lillimon
|-resisted|p1b: Miles
|-damage|p1a: Lillimon|58/100
|-damage|p1b: Miles|94/100
|-unboost|p1a: Lillimon|spe|1
|-unboost|p1b: Miles|spe|1
|cant|p2a: Flamigo|slp
|
|-weather|SunnyDay|[upkeep]
|-damage|p2b: Tatsugiri|38/100 tox|[from] psn
|-sideend|p1: Uniursh|move: Tailwind
|upkeep
|turn|5
|
|t:|1757030726
|move|p1a: Lillimon|Solar Blade||[still]
|-prepare|p1a: Lillimon|Solar Blade
|-anim|p1a: Lillimon|Solar Blade|p2b: Tatsugiri
|-damage|p2b: Tatsugiri|0 fnt
|faint|p2b: Tatsugiri
|-curestatus|p2a: Flamigo|slp|[msg]
|move|p2a: Flamigo|Brave Bird|p1a: Lillimon
|-supereffective|p1a: Lillimon
|-damage|p1a: Lillimon|0 fnt
|faint|p1a: Lillimon
|-damage|p2a: Flamigo|83/100|[from] Recoil
|move|p1b: Miles|Solar Beam||[still]
|-prepare|p1b: Miles|Solar Beam
|-anim|p1b: Miles|Solar Beam|p2a: Flamigo
|-resisted|p2a: Flamigo
|-damage|p2a: Flamigo|62/100
|
|-weather|SunnyDay|[upkeep]
|upkeep
|
|t:|1757030752
|switch|p1a: Benadryl|Jumpluff, L50, F|29/100
|switch|p2b: Magmar|Magmar, L50, F|100/100
|turn|6
|
|t:|1757030778
|move|p2b: Magmar|Follow Me|p2b: Magmar
|-singleturn|p2b: Magmar|move: Follow Me
|move|p1a: Benadryl|Sleep Powder|p2b: Magmar
|-immune|p2b: Magmar|[from] ability: Vital Spirit
|move|p2a: Flamigo|Close Combat|p1b: Miles
|-damage|p1b: Miles|18/100
|-unboost|p2a: Flamigo|def|1
|-unboost|p2a: Flamigo|spd|1
|move|p1b: Miles|Will-O-Wisp|p2b: Magmar
|-immune|p2b: Magmar
|
|-weather|SunnyDay|[upkeep]
|upkeep
|turn|7
|
|t:|1757030799
|switch|p1b: Carnifax|Umbreon, L50, F|75/100
|move|p2b: Magmar|Follow Me|p2b: Magmar
|-singleturn|p2b: Magmar|move: Follow Me
|move|p1a: Benadryl|Tailwind|p1a: Benadryl
|-sidestart|p1: Uniursh|move: Tailwind
|move|p2a: Flamigo|Close Combat|p1b: Carnifax
|-supereffective|p1b: Carnifax
|-damage|p1b: Carnifax|0 fnt
|-unboost|p2a: Flamigo|def|1
|-unboost|p2a: Flamigo|spd|1
|faint|p1b: Carnifax
|
|-weather|SunnyDay|[upkeep]
|upkeep
|
|t:|1757030811
|switch|p1b: Miles|Ninetales, L50, M|18/100
|turn|8
|
|t:|1757030859
|move|p2b: Magmar|Follow Me|p2b: Magmar
|-singleturn|p2b: Magmar|move: Follow Me
|move|p1a: Benadryl|Encore|p2b: Magmar
|-start|p2b: Magmar|Encore
|move|p1b: Miles|Heat Wave|p2a: Flamigo|[spread] p2a,p2b
|-resisted|p2b: Magmar
|-damage|p2a: Flamigo|0 fnt
|-damage|p2b: Magmar|88/100
|faint|p2a: Flamigo
|
|-weather|none
|upkeep
|turn|9
|inactive|Battle timer is ON: inactive players will automatically lose when time's up. (requested by weefus)
|inactiveoff|Battle timer is now OFF.
|
|t:|1757030882
|move|p1a: Benadryl|Rage Powder|p1a: Benadryl
|-singleturn|p1a: Benadryl|move: Rage Powder
|move|p2b: Magmar|Follow Me|p2b: Magmar
|-singleturn|p2b: Magmar|move: Follow Me
|move|p1b: Miles|Heat Wave|p2b: Magmar
|-resisted|p2b: Magmar
|-damage|p2b: Magmar|77/100
|
|upkeep
|turn|10
|
|t:|1757030890
|move|p1a: Benadryl|Rage Powder|p1a: Benadryl
|-singleturn|p1a: Benadryl|move: Rage Powder
|move|p2b: Magmar|Follow Me|p2b: Magmar
|-singleturn|p2b: Magmar|move: Follow Me
|move|p1b: Miles|Heat Wave|p2b: Magmar
|-resisted|p2b: Magmar
|-damage|p2b: Magmar|67/100
|
|-sideend|p1: Uniursh|move: Tailwind
|upkeep
|turn|11
|
|t:|1757030907
|move|p1a: Benadryl|Rage Powder|p1a: Benadryl
|-singleturn|p1a: Benadryl|move: Rage Powder
|move|p2b: Magmar|Follow Me|p2b: Magmar
|-singleturn|p2b: Magmar|move: Follow Me
|move|p1b: Miles|Sunny Day|p1b: Miles
|-weather|SunnyDay
|
|-weather|SunnyDay|[upkeep]
|-end|p2b: Magmar|Encore
|upkeep
|turn|12
|
|t:|1757030926
|move|p1a: Benadryl|Encore|p2b: Magmar
|-start|p2b: Magmar|Encore
|move|p1b: Miles|Heat Wave|p2b: Magmar
|-resisted|p2b: Magmar
|-damage|p2b: Magmar|51/100
|move|p2b: Magmar|Follow Me|p2b: Magmar
|-singleturn|p2b: Magmar|move: Follow Me
|
|-weather|SunnyDay|[upkeep]
|upkeep
|turn|13
|inactive|Battle timer is ON: inactive players will automatically lose when time's up. (requested by weefus)
|inactiveoff|Battle timer is now OFF.
|
|t:|1757030935
|move|p1a: Benadryl|Rage Powder|p1a: Benadryl
|-singleturn|p1a: Benadryl|move: Rage Powder
|move|p2b: Magmar|Follow Me|p2b: Magmar
|-singleturn|p2b: Magmar|move: Follow Me
|move|p1b: Miles|Heat Wave|p2b: Magmar
|-resisted|p2b: Magmar
|-damage|p2b: Magmar|35/100
|
|-weather|SunnyDay|[upkeep]
|upkeep
|turn|14
|
|t:|1757030943
|move|p1a: Benadryl|Rage Powder|p1a: Benadryl
|-singleturn|p1a: Benadryl|move: Rage Powder
|move|p2b: Magmar|Follow Me|p2b: Magmar
|-singleturn|p2b: Magmar|move: Follow Me
|move|p1b: Miles|Heat Wave|p2b: Magmar
|-resisted|p2b: Magmar
|-damage|p2b: Magmar|19/100
|
|-weather|SunnyDay|[upkeep]
|-end|p2b: Magmar|Encore
|upkeep
|turn|15
|
|t:|1757030956
|move|p1a: Benadryl|Encore|p2b: Magmar
|-start|p2b: Magmar|Encore
|move|p1b: Miles|Heat Wave|p2b: Magmar
|-resisted|p2b: Magmar
|-damage|p2b: Magmar|3/100
|move|p2b: Magmar|Follow Me|p2b: Magmar
|-singleturn|p2b: Magmar|move: Follow Me
|
|-weather|none
|upkeep
|turn|16
|
|t:|1757030965
|move|p1a: Benadryl|Rage Powder|p1a: Benadryl
|-singleturn|p1a: Benadryl|move: Rage Powder
|move|p2b: Magmar|Follow Me|p2b: Magmar
|-singleturn|p2b: Magmar|move: Follow Me
|move|p1b: Miles|Heat Wave|p2b: Magmar
|-resisted|p2b: Magmar
|-damage|p2b: Magmar|0 fnt
|faint|p2b: Magmar
|
|win|Uniursh
||weefus is ready for game 3.
|inactive|Uniursh has 30 seconds to confirm battle start!
||Uniursh is ready for game 3.
|uhtml|next|Next: Game 3 of 3
|l|☆weefus
|player|p2|
