|j|☆randomguy1114s
|j|☆UUYoai
|html|randomguy1114sUUYoai    
|uhtml|bestof|Game 1 of a best-of-3
|t:|1756791359
|gametype|doubles
|player|p1|randomguy1114s|lillie-masters|1132
|player|p2|UUYoai|bugcatcher-gen4dp|1121
|gen|9
|tier|[Gen 9] VGC 2025 Reg H (Bo3)
|rated|
|rule|Species Clause: Limit one of each Pokémon
|rule|Item Clause: Limit 1 of each item
|clearpoke
|poke|p1|Garchomp, L50, M|
|poke|p1|Kingambit, L50, F|
|poke|p1|Sneasler, L50, M|
|poke|p1|Gholdengo, L50|
|poke|p1|Talonflame, L50, F|
|poke|p1|Primarina, L50, F|
|poke|p2|Tyranitar, L50, F|
|poke|p2|Excadrill, L50, M|
|poke|p2|Talonflame, L50, M|
|poke|p2|Rotom-Mow, L50|
|poke|p2|Tauros-Paldea-Aqua, L50, M|
|poke|p2|Magmortar, L50, F|
|teampreview|4
|showteam|p1|Garchomp||LifeOrb|RoughSkin|Earthquake,DragonClaw,StompingTantrum,Protect|||M|||50|,,,,,Steel]Kingambit||SafetyGoggles|Defiant|SuckerPunch,Protect,SwordsDance,KowtowCleave|||F|||50|,,,,,Dark]Sneasler||FocusSash|Unburden|CloseCombat,DireClaw,Coaching,Protect|||M|||50|,,,,,Stellar]Gholdengo||ChoiceSpecs|GoodasGold|MakeItRain,Thunderbolt,ShadowBall,FocusBlast||||||50|,,,,,Steel]Talonflame||ClearAmulet|GaleWings|DualWingbeat,Tailwind,Uturn,Protect|||F|||50|,,,,,Ghost]Primarina||ThroatSpray|LiquidVoice|Haze,HyperVoice,Moonblast,Protect|||F|||50|,,,,,Poison
|showteam|p2|Tyranitar||LifeOrb|SandStream|RockSlide,KnockOff,LowKick,Protect|||F|||50|,,,,,Rock]Excadrill||FocusSash|SandRush|Earthquake,IronHead,SwordsDance,Protect|||M|||50|,,,,,Ground]Talonflame||SafetyGoggles|GaleWings|DualWingbeat,Taunt,Tailwind,Protect|||M|||50|,,,,,Ghost]Rotom-Mow||ChoiceScarf|Levitate|LeafStorm,Thunderbolt,VoltSwitch,Trick||||||50|,,,,,Ghost]Tauros-Paldea-Aqua||ClearAmulet|Intimidate|WaveCrash,AquaJet,CloseCombat,Protect|||M|||50|,,,,,Stellar]Magmortar||CovertCloak|FlameBody|Overheat,HelpingHand,ClearSmog,FollowMe|||F|||50|,,,,,Grass
|
|t:|1756791413
|teamsize|p1|4
|teamsize|p2|4
|start
|switch|p1a: Talonflame|Talonflame, L50, F, shiny|100/100
|switch|p1b: Primarina|Primarina, L50, F, shiny|100/100
|switch|p2a: Talonflame|Talonflame, L50, M|100/100
|switch|p2b: Excadrill|Excadrill, L50, M|100/100
|turn|1
|
|t:|1756791434
|-terastallize|p2b: Excadrill|Ground
|move|p1a: Talonflame|Tailwind|p1a: Talonflame
|-sidestart|p1: randomguy1114s|move: Tailwind
|move|p2a: Talonflame|Dual Wingbeat|p1b: Primarina
|-damage|p1b: Primarina|82/100
|-damage|p1b: Primarina|63/100
|-hitcount|p1b: Primarina|2
|move|p1b: Primarina|Hyper Voice|p2b: Excadrill|[spread] p2a,p2b
|-supereffective|p2a: Talonflame
|-supereffective|p2b: Excadrill
|-damage|p2a: Talonflame|4/100
|-damage|p2b: Excadrill|4/100
|-enditem|p1b: Primarina|Throat Spray
|-boost|p1b: Primarina|spa|1|[from] item: Throat Spray
|move|p2b: Excadrill|Earthquake|p1b: Primarina|[spread] p1b
|-immune|p2a: Talonflame
|-immune|p1a: Talonflame
|-damage|p1b: Primarina|0 fnt
|faint|p1b: Primarina
|
|upkeep
|
|t:|1756791452
|switch|p1b: Sneasler|Sneasler, L50, M, shiny|100/100
|turn|2
|
|t:|1756791459
|switch|p2a: Tyranitar|Tyranitar, L50, F|100/100
|-weather|Sandstorm|[from] ability: Sand Stream|[of] p2a: Tyranitar
|move|p2b: Excadrill|Protect|p2b: Excadrill
|-singleturn|p2b: Excadrill|Protect
|move|p1a: Talonflame|Dual Wingbeat|p2b: Excadrill
|-activate|p2b: Excadrill|move: Protect
|move|p1b: Sneasler|Close Combat|p2a: Tyranitar
|-supereffective|p2a: Tyranitar
|-damage|p2a: Tyranitar|0 fnt
|-unboost|p1b: Sneasler|def|1
|-unboost|p1b: Sneasler|spd|1
|faint|p2a: Tyranitar
|
|-weather|Sandstorm|[upkeep]
|-damage|p1a: Talonflame|95/100|[from] Sandstorm
|-damage|p1b: Sneasler|95/100|[from] Sandstorm
|upkeep
|
|t:|1756791473
|switch|p2a: Magmortar|Magmortar, L50, F|100/100
|turn|3
|
|t:|1756791484
|switch|p2b: Talonflame|Talonflame, L50, M|4/100
|move|p1a: Talonflame|U-turn|p2b: Talonflame
|-resisted|p2b: Talonflame
|-damage|p2b: Talonflame|0 fnt
|faint|p2b: Talonflame
|
|t:|1756791489
|switch|p1a: Gholdengo|Gholdengo, L50|100/100|[from] U-turn
|move|p1b: Sneasler|Dire Claw|p2a: Magmortar
|-damage|p2a: Magmortar|57/100
|-status|p1b: Sneasler|brn|[from] ability: Flame Body|[of] p2a: Magmortar
|move|p2a: Magmortar|Overheat|p1b: Sneasler
|-damage|p1b: Sneasler|0 fnt
|-unboost|p2a: Magmortar|spa|2
|faint|p1b: Sneasler
|
|-weather|Sandstorm|[upkeep]
|-damage|p2a: Magmortar|51/100|[from] Sandstorm
|upkeep
|
|t:|1756791498
|switch|p1b: Talonflame|Talonflame, L50, F, shiny|95/100
|switch|p2b: Excadrill|Excadrill, L50, M, tera:Ground|4/100
|turn|4
|
|t:|1756791514
|move|p2b: Excadrill|Protect|p2b: Excadrill
|-singleturn|p2b: Excadrill|Protect
|move|p1b: Talonflame|Dual Wingbeat|p2a: Magmortar|[miss]
|-miss|p1b: Talonflame|p2a: Magmortar
|move|p1a: Gholdengo|Shadow Ball|p2a: Magmortar
|-damage|p2a: Magmortar|0 fnt
|faint|p2a: Magmortar
|
|-weather|Sandstorm|[upkeep]
|-damage|p1b: Talonflame|89/100|[from] Sandstorm
|-sideend|p1: randomguy1114s|move: Tailwind
|upkeep
|turn|5
|
|t:|1756791526
|move|p2b: Excadrill|Earthquake|p1a: Gholdengo|[spread] p1a
|-immune|p1b: Talonflame
|-supereffective|p1a: Gholdengo
|-damage|p1a: Gholdengo|0 fnt
|faint|p1a: Gholdengo
|move|p1b: Talonflame|Dual Wingbeat|p2b: Excadrill
|-damage|p2b: Excadrill|0 fnt
|faint|p2b: Excadrill
|-hitcount|p2: Excadrill|1
|
|win|randomguy1114s
||UUYoai is ready for game 2.
