|j|☆Rosarino
|j|☆bestboi8989
|html|Rosarinobestboi8989    
|uhtml|bestof|Game 3 of a best-of-3
|t:|1757839670
|gametype|doubles
|player|p1|Rosarino|drayden|1086
|player|p2|bestboi8989|169|1078
|gen|9
|tier|[Gen 9] VGC 2025 Reg H (Bo3)
|rated|
|rule|Species Clause: Limit one of each Pokémon
|rule|Item Clause: Limit 1 of each item
|clearpoke
|poke|p1|Sneasler, L50, F|
|poke|p1|Gholdengo, L50|
|poke|p1|Indeedee-F, L50, F|
|poke|p1|Amoonguss, L50, F|
|poke|p1|Dragonite, L50, M|
|poke|p1|Pelipper, L50, F|
|poke|p2|Tyranitar, L50, M|
|poke|p2|Excadrill, L50, M|
|poke|p2|Amoonguss, L50, M|
|poke|p2|Salamence, L50, M|
|poke|p2|Rotom-Heat, L50|
|poke|p2|Primarina, L50, F|
|teampreview|4
|showteam|p1|Sneasler||PsychicSeed|Unburden|ThroatChop,Protect,DireClaw,CloseCombat|||F|||50|,,,,,Dark]Gholdengo||WhiteHerb|GoodasGold|MakeItRain,Protect,NastyPlot,ShadowBall||||||50|,,,,,Water]Indeedee-F||SitrusBerry|PsychicSurge|TrickRoom,Psychic,Protect,FollowMe|||F|||50|,,,,,Fairy]Amoonguss||RockyHelmet|Regenerator|Spore,RagePowder,Protect,EnergyBall|||F|||50|,,,,,Fire]Dragonite||LoadedDice|InnerFocus|ExtremeSpeed,Protect,Haze,ScaleShot|||M|||50|,,,,,Normal]Pelipper||CovertCloak|Drizzle|Tailwind,Protect,WeatherBall,Hurricane|||F|||50|,,,,,Dragon
|showteam|p2|Tyranitar||AssaultVest|SandStream|RockSlide,KnockOff,TeraBlast,LowKick|||M|||50|,,,,,Flying]Excadrill||ClearAmulet|SandRush|Earthquake,IronHead,RockSlide,Protect|||M|||50|,,,,,Ground]Amoonguss||SitrusBerry|Regenerator|RagePowder,PollenPuff,Spore,Protect|||M|||50|,,,,,Water]Salamence||LifeOrb|Intimidate|AirSlash,DracoMeteor,Tailwind,Protect|||M|||50|,,,,,Poison]Rotom-Heat||SafetyGoggles|Levitate|Overheat,Thunderbolt,WillOWisp,Protect||||||50|,,,,,Electric]Primarina||ThroatSpray|LiquidVoice|Moonblast,HyperVoice,Haze,Protect|||F|||50|,,,,,Grass
|
|t:|1757839691
|teamsize|p1|4
|teamsize|p2|4
|start
|switch|p1a: Gholdengo|Gholdengo, L50|100/100
|switch|p1b: Dragonite|Dragonite, L50, M|100/100
|switch|p2a: Excadrill|Excadrill, L50, M|100/100
|switch|p2b: Amoonguss|Amoonguss, L50, M|100/100
|turn|1
|
|t:|1757839710
|-terastallize|p1a: Gholdengo|Water
|move|p2a: Excadrill|Protect|p2a: Excadrill
|-singleturn|p2a: Excadrill|Protect
|move|p1a: Gholdengo|Make It Rain|p2a: Excadrill|[spread] p2b
|-activate|p2a: Excadrill|move: Protect
|-damage|p2b: Amoonguss|59/100
|-unboost|p1a: Gholdengo|spa|1
|-enditem|p1a: Gholdengo|White Herb
|-clearnegativeboost|p1a: Gholdengo|[silent]
|move|p1b: Dragonite|Scale Shot|p2b: Amoonguss
|-damage|p2b: Amoonguss|48/100
|-enditem|p2b: Amoonguss|Sitrus Berry|[eat]
|-heal|p2b: Amoonguss|73/100|[from] item: Sitrus Berry
|-damage|p2b: Amoonguss|60/100
|-damage|p2b: Amoonguss|49/100
|-damage|p2b: Amoonguss|36/100
|-damage|p2b: Amoonguss|24/100
|-hitcount|p2b: Amoonguss|5
|-unboost|p1b: Dragonite|def|1
|-boost|p1b: Dragonite|spe|1
|move|p2b: Amoonguss|Spore|p1b: Dragonite
|-status|p1b: Dragonite|slp|[from] move: Spore
|
|upkeep
|turn|2
|
|t:|1757839741
|switch|p1b: Amoonguss|Amoonguss, L50, F|100/100
|switch|p2b: Tyranitar|Tyranitar, L50, M|100/100
|-weather|Sandstorm|[from] ability: Sand Stream|[of] p2b: Tyranitar
|move|p2a: Excadrill|Rock Slide|p1b: Amoonguss|[spread] p1a
|-miss|p2a: Excadrill|p1b: Amoonguss
|-damage|p1a: Gholdengo|77/100
|move|p1a: Gholdengo|Nasty Plot|p1a: Gholdengo
|-boost|p1a: Gholdengo|spa|2
|
|-weather|Sandstorm|[upkeep]
|-damage|p1a: Gholdengo|71/100|[from] Sandstorm
|-damage|p1b: Amoonguss|95/100|[from] Sandstorm
|upkeep
|turn|3
|
|t:|1757839780
|move|p2a: Excadrill|Protect|p2a: Excadrill
|-singleturn|p2a: Excadrill|Protect
|move|p1b: Amoonguss|Rage Powder|p1b: Amoonguss
|-singleturn|p1b: Amoonguss|move: Rage Powder
|move|p1a: Gholdengo|Make It Rain|p2a: Excadrill|[spread] p2b
|-activate|p2a: Excadrill|move: Protect
|-supereffective|p2b: Tyranitar
|-damage|p2b: Tyranitar|16/100
|-unboost|p1a: Gholdengo|spa|1
|move|p2b: Tyranitar|Rock Slide|p1a: Gholdengo|[spread] p1a,p1b
|-damage|p1a: Gholdengo|38/100
|-damage|p1b: Amoonguss|67/100
|
|-weather|Sandstorm|[upkeep]
|-damage|p1a: Gholdengo|31/100|[from] Sandstorm
|-damage|p1b: Amoonguss|61/100|[from] Sandstorm
|upkeep
|turn|4
|
|t:|1757839805
|switch|p2b: Amoonguss|Amoonguss, L50, M|57/100
|switch|p1b: Pelipper|Pelipper, L50, F|100/100
|-weather|RainDance|[from] ability: Drizzle|[of] p1b: Pelipper
|-terastallize|p2a: Excadrill|Ground
|move|p1a: Gholdengo|Make It Rain|p2a: Excadrill|[spread] p2a,p2b
|-damage|p2a: Excadrill|6/100
|-damage|p2b: Amoonguss|0 fnt
|-unboost|p1a: Gholdengo|spa|1
|faint|p2b: Amoonguss
|move|p2a: Excadrill|Earthquake|p1b: Pelipper|[spread] p1a
|-immune|p1b: Pelipper
|-damage|p1a: Gholdengo|0 fnt
|faint|p1a: Gholdengo
|
|-weather|RainDance|[upkeep]
|upkeep
|
|t:|1757839828
|switch|p1a: Amoonguss|Amoonguss, L50, F|95/100
|switch|p2b: Tyranitar|Tyranitar, L50, M|16/100
|-weather|Sandstorm|[from] ability: Sand Stream|[of] p2b: Tyranitar
|turn|5
|
|t:|1757839851
|move|p2a: Excadrill|Rock Slide|p1a: Amoonguss|[spread] p1a,p1b
|-supereffective|p1b: Pelipper
|-damage|p1a: Amoonguss|77/100
|-damage|p1b: Pelipper|50/100
|move|p2b: Tyranitar|Rock Slide|p1a: Amoonguss|[spread] p1a,p1b
|-supereffective|p1b: Pelipper
|-damage|p1a: Amoonguss|51/100
|-damage|p1b: Pelipper|0 fnt
|faint|p1b: Pelipper
|move|p1a: Amoonguss|Energy Ball|p2b: Tyranitar
|-supereffective|p2b: Tyranitar
|-damage|p2b: Tyranitar|0 fnt
|faint|p2b: Tyranitar
|
|-weather|Sandstorm|[upkeep]
|-damage|p1a: Amoonguss|45/100|[from] Sandstorm
|upkeep
|
|t:|1757839868
|switch|p2b: Salamence|Salamence, L50, M|100/100
|switch|p1b: Dragonite|Dragonite, L50, M|100/100 slp
|-ability|p2b: Salamence|Intimidate|boost
|-unboost|p1a: Amoonguss|atk|1
|-fail|p1b: Dragonite|unboost|Attack|[from] ability: Inner Focus|[of] p1b: Dragonite
|turn|6
|
|t:|1757839884
|cant|p1b: Dragonite|slp
|move|p2a: Excadrill|Rock Slide|p1a: Amoonguss|[spread] p1a,p1b
|-supereffective|p1b: Dragonite
|-damage|p1a: Amoonguss|27/100
|-damage|p1b: Dragonite|52/100 slp
|move|p2b: Salamence|Draco Meteor|p1b: Dragonite|[miss]
|-miss|p2b: Salamence|p1b: Dragonite
|move|p1a: Amoonguss|Spore|p2b: Salamence
|-status|p2b: Salamence|slp|[from] move: Spore
|
|-weather|Sandstorm|[upkeep]
|-damage|p2b: Salamence|95/100 slp|[from] Sandstorm
|-damage|p1b: Dragonite|46/100 slp|[from] Sandstorm
|-damage|p1a: Amoonguss|22/100|[from] Sandstorm
|upkeep
|turn|7
|
|t:|1757839908
|cant|p1b: Dragonite|slp
|move|p2a: Excadrill|Rock Slide|p1b: Dragonite|[spread] p1a,p1b
|-supereffective|p1b: Dragonite
|-damage|p1a: Amoonguss|2/100
|-damage|p1b: Dragonite|0 fnt
|faint|p1b: Dragonite
|cant|p2b: Salamence|slp
|move|p1a: Amoonguss|Energy Ball|p2a: Excadrill
|-supereffective|p2a: Excadrill
|-damage|p2a: Excadrill|0 fnt
|faint|p2a: Excadrill
|
|-weather|Sandstorm|[upkeep]
|-damage|p2b: Salamence|89/100 slp|[from] Sandstorm
|-damage|p1a: Amoonguss|0 fnt|[from] Sandstorm
|faint|p1a: Amoonguss
|
|win|bestboi8989
|raw|Rosarino's rating: 1086 → 1063(-23 for losing)
|raw|bestboi8989's rating: 1078 → 1107(+29 for winning)
|c|☆Rosarino|Ggd
