|j|☆flannerystan
|j|☆teh_umby
|html|flannerystanteh_umby    
|uhtml|bestof|Game 1 of a best-of-3
|t:|1757739431
|gametype|doubles
|player|p1|flannerystan|skyla|
|player|p2|teh_umby|clair|
|gen|9
|tier|[Gen 9] VGC 2025 Reg H (Bo3)
|rule|Species Clause: Limit one of each Pokémon
|rule|Item Clause: Limit 1 of each item
|clearpoke
|poke|p1|Annihilape, L50, F|
|poke|p1|Maushold, L50|
|poke|p1|Gholdengo, L50|
|poke|p1|Incineroar, L50, F|
|poke|p1|Whimsicott, L50, M|
|poke|p1|Dragonite, L50, M|
|poke|p2|Tyranitar, L50, M|
|poke|p2|Excadrill, L50, M|
|poke|p2|Corviknight, L50, M|
|poke|p2|Typhlosion-Hisui, L50, F|
|poke|p2|Sneasler, L50, M|
|poke|p2|Indeedee-F, L50, F|
|teampreview|4
|showteam|p1|Annihilape||Leftovers|Defiant|RageFist,DrainPunch,BulkUp,Protect|||F|||50|,,,,,Fire]Maushold||SafetyGoggles|FriendGuard|BeatUp,SuperFang,FollowMe,Protect||||||50|,,,,,Ghost]Gholdengo||MetalCoat|GoodasGold|MakeItRain,ShadowBall,NastyPlot,Protect||||||50|,,,,,Steel]Incineroar||SitrusBerry|Intimidate|FakeOut,KnockOff,FlareBlitz,PartingShot|||F|||50|,,,,,Bug]Whimsicott||CovertCloak|Prankster|Tailwind,BeatUp,Moonblast,FakeTears|||M|||50|,,,,,Dark]Dragonite||LoadedDice|Multiscale|ScaleShot,ExtremeSpeed,Protect,StompingTantrum|||M|||50|,,,,,Dragon
|showteam|p2|Tyranitar||ClearAmulet|SandStream|HelpingHand,KnockOff,Protect,RockSlide|||M|||50|,,,,,Flying]Excadrill||LifeOrb|SandRush|Earthquake,HighHorsepower,IronHead,Protect|||M|||50|,,,,,Water]Corviknight||Leftovers|MirrorArmor|BraveBird,BulkUp,Protect,Tailwind|||M|||50|,,,,,Dragon]Typhlosion-Hisui||ChoiceScarf|Blaze|BlastBurn,Eruption,HeatWave,ShadowBall|||F|||50|,,,,,Fire]Sneasler||PsychicSeed|Unburden|CloseCombat,Coaching,DireClaw,Protect|||M|||50|,,,,,Stellar]Indeedee-F||SafetyGoggles|PsychicSurge|FollowMe,HelpingHand,Protect,Psychic|||F|||50|,,,,,Fairy
|inactive|Battle timer is ON: inactive players will automatically lose when time's up. (requested by flannerystan)
|inactive|flannerystan has 60 seconds left.
|inactive|teh_umby has 60 seconds left.
|inactive|flannerystan has 30 seconds left.
|inactive|teh_umby has 30 seconds left.
|inactive|flannerystan has 20 seconds left.
|inactive|teh_umby has 20 seconds left.
|inactive|flannerystan has 15 seconds left.
|inactive|teh_umby has 15 seconds left.
|inactive|flannerystan has 10 seconds left.
|inactiveoff|Battle timer is now OFF.
|
|t:|1757739568
|teamsize|p1|4
|teamsize|p2|4
|start
|switch|p1a: Incineroar|Incineroar, L50, F|100/100
|switch|p1b: Dragonite|Dragonite, L50, M|100/100
|switch|p2a: Excadrill|Excadrill, L50, M|100/100
|switch|p2b: Indeedee|Indeedee-F, L50, F|100/100
|-fieldstart|move: Psychic Terrain|[from] ability: Psychic Surge|[of] p2b: Indeedee
|-ability|p1a: Incineroar|Intimidate|boost
|-unboost|p2a: Excadrill|atk|1
|-unboost|p2b: Indeedee|atk|1
|turn|1
|
|t:|1757739646
|move|p2b: Indeedee|Protect|p2b: Indeedee
|-singleturn|p2b: Indeedee|Protect
|move|p1b: Dragonite|Scale Shot|p2a: Excadrill
|-resisted|p2a: Excadrill
|-crit|p2a: Excadrill
|-damage|p2a: Excadrill|86/100
|-resisted|p2a: Excadrill
|-damage|p2a: Excadrill|77/100
|-resisted|p2a: Excadrill
|-damage|p2a: Excadrill|67/100
|-resisted|p2a: Excadrill
|-damage|p2a: Excadrill|59/100
|-resisted|p2a: Excadrill
|-damage|p2a: Excadrill|50/100
|-hitcount|p2a: Excadrill|5
|-unboost|p1b: Dragonite|def|1
|-boost|p1b: Dragonite|spe|1
|move|p2a: Excadrill|Iron Head|p1b: Dragonite
|-damage|p1b: Dragonite|66/100
|-damage|p2a: Excadrill|40/100|[from] item: Life Orb
|move|p1a: Incineroar|Parting Shot|p2a: Excadrill
|-unboost|p2a: Excadrill|atk|1
|-unboost|p2a: Excadrill|spa|1
|
|t:|1757739675
|switch|p1a: Annihilape|Annihilape, L50, F|100/100|[from] Parting Shot
|
|upkeep
|turn|2
|
|t:|1757739701
|switch|p2a: Sneasler|Sneasler, L50, M|100/100
|-enditem|p2a: Sneasler|Psychic Seed
|-boost|p2a: Sneasler|spd|1|[from] item: Psychic Seed
|move|p1b: Dragonite|Stomping Tantrum|p2a: Sneasler
|-supereffective|p2a: Sneasler
|-damage|p2a: Sneasler|4/100
|move|p1a: Annihilape|Bulk Up|p1a: Annihilape
|-boost|p1a: Annihilape|atk|1
|-boost|p1a: Annihilape|def|1
|move|p2b: Indeedee|Psychic|p1a: Annihilape
|-supereffective|p1a: Annihilape
|-damage|p1a: Annihilape|42/100
|
|-heal|p1a: Annihilape|47/100|[from] item: Leftovers
|upkeep
|turn|3
|
|t:|1757739739
|move|p2b: Indeedee|Protect|p2b: Indeedee
|-singleturn|p2b: Indeedee|Protect
|move|p2a: Sneasler|Dire Claw|p1b: Dragonite
|-damage|p1b: Dragonite|0 fnt
|faint|p1b: Dragonite
|move|p1a: Annihilape|Drain Punch|p2a: Sneasler
|-resisted|p2a: Sneasler
|-damage|p2a: Sneasler|0 fnt
|-heal|p1a: Annihilape|49/100|[from] drain|[of] p2a: Sneasler
|faint|p2a: Sneasler
|
|-heal|p1a: Annihilape|55/100|[from] item: Leftovers
|upkeep
|
|t:|1757739754
|switch|p2a: Tyranitar|Tyranitar, L50, M|100/100
|switch|p1b: Maushold|Maushold, L50|100/100
|-weather|Sandstorm|[from] ability: Sand Stream|[of] p2a: Tyranitar
|turn|4
|
|t:|1757739795
|-terastallize|p2a: Tyranitar|Flying
|move|p2b: Indeedee|Helping Hand|p2a: Tyranitar
|-singleturn|p2a: Tyranitar|Helping Hand|[of] p2b: Indeedee
|move|p1b: Maushold|Follow Me|p1b: Maushold
|-singleturn|p1b: Maushold|move: Follow Me
|move|p1a: Annihilape|Drain Punch|p2b: Indeedee
|-damage|p2b: Indeedee|52/100
|-heal|p1a: Annihilape|75/100|[from] drain|[of] p2b: Indeedee
|move|p2a: Tyranitar|Knock Off|p1b: Maushold
|-damage|p1b: Maushold|2/100
|-enditem|p1b: Maushold|Safety Goggles|[from] move: Knock Off|[of] p2a: Tyranitar
|
|-weather|Sandstorm|[upkeep]
|-damage|p1b: Maushold|0 fnt|[from] Sandstorm
|-damage|p1a: Annihilape|70/100|[from] Sandstorm
|-damage|p2a: Tyranitar|95/100|[from] Sandstorm
|faint|p1b: Maushold
|-heal|p1a: Annihilape|75/100|[from] item: Leftovers
|upkeep
|
|t:|1757739807
|switch|p1b: Incineroar|Incineroar, L50, F|100/100
|-ability|p1b: Incineroar|Intimidate|boost
|-fail|p2a: Tyranitar|unboost|[from] item: Clear Amulet|[of] p2a: Tyranitar
|-unboost|p2b: Indeedee|atk|1
|turn|5
|
|t:|1757739840
|move|p2b: Indeedee|Helping Hand|p2a: Tyranitar
|-singleturn|p2a: Tyranitar|Helping Hand|[of] p2b: Indeedee
|move|p1b: Incineroar|Fake Out|p2a: Tyranitar
|-hint|Psychic Terrain doesn't affect Pokémon immune to Ground.
|-damage|p2a: Tyranitar|86/100
|move|p1a: Annihilape|Drain Punch|p2b: Indeedee
|-damage|p2b: Indeedee|8/100
|-heal|p1a: Annihilape|94/100|[from] drain|[of] p2b: Indeedee
|cant|p2a: Tyranitar|flinch
|
|-weather|Sandstorm|[upkeep]
|-damage|p1a: Annihilape|88/100|[from] Sandstorm
|-damage|p1b: Incineroar|95/100|[from] Sandstorm
|-damage|p2a: Tyranitar|80/100|[from] Sandstorm
|-heal|p1a: Annihilape|94/100|[from] item: Leftovers
|-fieldend|move: Psychic Terrain
|upkeep
|turn|6
|
|t:|1757739862
|move|p2b: Indeedee|Helping Hand|p2a: Tyranitar
|-singleturn|p2a: Tyranitar|Helping Hand|[of] p2b: Indeedee
|move|p1a: Annihilape|Protect|p1a: Annihilape
|-singleturn|p1a: Annihilape|Protect
|move|p1b: Incineroar|Knock Off|p2b: Indeedee
|-supereffective|p2b: Indeedee
|-damage|p2b: Indeedee|0 fnt
|-enditem|p2b: Indeedee|Safety Goggles|[from] move: Knock Off|[of] p1b: Incineroar
|faint|p2b: Indeedee
|move|p2a: Tyranitar|Rock Slide|p1b: Incineroar|[spread] p1b
|-activate|p1a: Annihilape|move: Protect
|-supereffective|p1b: Incineroar
|-damage|p1b: Incineroar|14/100
|-enditem|p1b: Incineroar|Sitrus Berry|[eat]
|-heal|p1b: Incineroar|39/100|[from] item: Sitrus Berry
|
|-weather|Sandstorm|[upkeep]
|-damage|p1a: Annihilape|88/100|[from] Sandstorm
|-damage|p1b: Incineroar|33/100|[from] Sandstorm
|-damage|p2a: Tyranitar|74/100|[from] Sandstorm
|-heal|p1a: Annihilape|94/100|[from] item: Leftovers
|upkeep
|
|t:|1757739879
|switch|p2b: Excadrill|Excadrill, L50, M|40/100
|turn|7
|
|t:|1757739904
|move|p2a: Tyranitar|Helping Hand|p2b: Excadrill
|-singleturn|p2b: Excadrill|Helping Hand|[of] p2a: Tyranitar
|move|p2b: Excadrill|Earthquake|p1b: Incineroar|[spread] p1a,p1b
|-immune|p2a: Tyranitar
|-supereffective|p1b: Incineroar
|-damage|p1a: Annihilape|45/100
|-damage|p1b: Incineroar|0 fnt
|faint|p1b: Incineroar
|-damage|p2b: Excadrill|31/100|[from] item: Life Orb
|move|p1a: Annihilape|Rage Fist|p2a: Tyranitar
|-damage|p2a: Tyranitar|1/100
|
|-weather|Sandstorm|[upkeep]
|-damage|p1a: Annihilape|39/100|[from] Sandstorm
|-damage|p2a: Tyranitar|0 fnt|[from] Sandstorm
|faint|p2a: Tyranitar
|-heal|p1a: Annihilape|45/100|[from] item: Leftovers
|upkeep
|turn|8
|
|t:|1757739947
|move|p2b: Excadrill|Iron Head|p1a: Annihilape
|-damage|p1a: Annihilape|11/100
|-damage|p2b: Excadrill|21/100|[from] item: Life Orb
|move|p1a: Annihilape|Drain Punch|p2b: Excadrill
|-supereffective|p2b: Excadrill
|-damage|p2b: Excadrill|0 fnt
|-heal|p1a: Annihilape|21/100|[from] drain|[of] p2b: Excadrill
|faint|p2b: Excadrill
|
|win|flannerystan
|inactive|flannerystan has 30 seconds to confirm battle start!
|inactive|teh_umby has 30 seconds to confirm battle start!
||flannerystan is ready for game 2.
||teh_umby is ready for game 2.
|uhtml|next|Next: Game 2 of 3
|l|☆teh_umby
|player|p2|
