|j|☆HumanPlaysVGC
|j|☆RillaZardCJM
|html|HumanPlaysVGCRillaZardCJM    
|uhtml|bestof|Game 3 of a best-of-3
|t:|1756559787
|gametype|doubles
|player|p1|HumanPlaysVGC|n-masters3|
|player|p2|RillaZardCJM|byron|
|gen|9
|tier|[Gen 9] VGC 2025 Reg H (Bo3)
|rule|Species Clause: Limit one of each Pokémon
|rule|Item Clause: Limit 1 of each item
|clearpoke
|poke|p1|Weezing-Galar, L50, F|
|poke|p1|Toedscruel, L50, M|
|poke|p1|Corviknight, L50, F|
|poke|p1|Incineroar, L50, M|
|poke|p1|Garchomp, L50, F|
|poke|p1|Indeedee, L50, M|
|poke|p2|Rillaboom, L50, M|
|poke|p2|Kingambit, L50, F|
|poke|p2|Sneasler, L50, M|
|poke|p2|Dragapult, L50, M|
|poke|p2|Primarina, L50, F|
|poke|p2|Magmar, L50, F|
|teampreview|4
|showteam|p1|Weezing-Galar||SitrusBerry|NeutralizingGas|DazzlingGleam,SludgeBomb,Protect,Taunt|||F|||50|,,,,,Grass]Toedscruel||CovertCloak|MyceliumMight|Spore,RagePowder,EarthPower,AcidSpray|||M|||50|,,,,,Water]Corviknight||RockyHelmet|MirrorArmor|Tailwind,BraveBird,Protect,Roost|||F|||50|,,,,,Dragon]Incineroar||AbilityShield|Intimidate|FakeOut,KnockOff,PartingShot,Taunt|||M|||50|,,,,,Ghost]Garchomp||LifeOrb|RoughSkin|DragonClaw,Earthquake,Protect,StompingTantrum|||F|||50|,,,,,Ground]Indeedee||FocusSash|PsychicSurge|ExpandingForce,DazzlingGleam,Protect,TrickRoom|||M|||50|,,,,,Psychic
|showteam|p2|Rillaboom||AssaultVest|GrassySurge|FakeOut,GrassyGlide,WoodHammer,HighHorsepower|||M|||50|,,,,,Fire]Kingambit||BlackGlasses|Defiant|Protect,KowtowCleave,SuckerPunch,SwordsDance|||F|||50|,,,,,Fairy]Sneasler||FocusSash|PoisonTouch|Protect,DireClaw,CloseCombat,FakeOut|||M|||50|,,,,,Ghost]Dragapult||ChoiceBand|ClearBody|DragonDarts,PhantomForce,Outrage,Uturn|||M|||50|,,,,,Dragon]Primarina||SitrusBerry|LiquidVoice|Protect,HyperVoice,Moonblast,Haze|||F|||50|,,,,,Poison]Magmar||Eviolite|VitalSpirit|FollowMe,Overheat,WillOWisp,HelpingHand|||F|||50|,,,,,Ghost
|
|t:|1756560389
|teamsize|p1|4
|teamsize|p2|4
|start
|switch|p1a: Weezing|Weezing-Galar, L50, F|100/100
|switch|p1b: Incineroar|Incineroar, L50, M|100/100
|switch|p2a: Rillaboom|Rillaboom, L50, M|100/100
|switch|p2b: Magmar|Magmar, L50, F|100/100
|-ability|p1a: Weezing|Neutralizing Gas
|-block|p1b: Incineroar|item: Ability Shield
|-ability|p1b: Incineroar|Intimidate|boost
|-unboost|p2a: Rillaboom|atk|1
|-unboost|p2b: Magmar|atk|1
|turn|1
|
|t:|1756560517
|move|p2b: Magmar|Helping Hand|p2a: Rillaboom
|-singleturn|p2a: Rillaboom|Helping Hand|[of] p2b: Magmar
|move|p2a: Rillaboom|Fake Out|p1b: Incineroar
|-damage|p1b: Incineroar|89/100
|cant|p1b: Incineroar|flinch
|move|p1a: Weezing|Taunt|p2b: Magmar
|-start|p2b: Magmar|move: Taunt
|
|upkeep
|turn|2
|
|t:|1756560591
|move|p2b: Magmar|Overheat|p1a: Weezing
|-damage|p1a: Weezing|48/100
|-unboost|p2b: Magmar|spa|2
|-enditem|p1a: Weezing|Sitrus Berry|[eat]
|-heal|p1a: Weezing|73/100|[from] item: Sitrus Berry
|move|p2a: Rillaboom|High Horsepower|p1a: Weezing
|-supereffective|p1a: Weezing
|-damage|p1a: Weezing|37/100
|move|p1a: Weezing|Sludge Bomb|p2a: Rillaboom
|-supereffective|p2a: Rillaboom
|-damage|p2a: Rillaboom|61/100
|move|p1b: Incineroar|Parting Shot|p2a: Rillaboom
|-unboost|p2a: Rillaboom|atk|1
|-unboost|p2a: Rillaboom|spa|1
|
|t:|1756560611
|switch|p1b: Corviknight|Corviknight, L50, F|100/100|[from] Parting Shot
|
|upkeep
|turn|3
|
|t:|1756560647
|switch|p2b: Kingambit|Kingambit, L50, F|100/100
|move|p1a: Weezing|Protect|p1a: Weezing
|-singleturn|p1a: Weezing|Protect
|move|p2a: Rillaboom|High Horsepower|p1a: Weezing
|-activate|p1a: Weezing|move: Protect
|move|p1b: Corviknight|Tailwind|p1b: Corviknight
|-sidestart|p1: HumanPlaysVGC|move: Tailwind
|
|upkeep
|turn|4
|
|t:|1756560671
|move|p1b: Corviknight|Brave Bird|p2a: Rillaboom
|-supereffective|p2a: Rillaboom
|-damage|p2a: Rillaboom|0 fnt
|faint|p2a: Rillaboom
|-damage|p1b: Corviknight|80/100|[from] Recoil
|move|p1a: Weezing|Taunt|p2b: Kingambit
|-start|p2b: Kingambit|move: Taunt
|cant|p2b: Kingambit|move: Taunt|Swords Dance
|
|upkeep
|
|t:|1756560681
|switch|p2a: Dragapult|Dragapult, L50, M|100/100
|turn|5
|
|t:|1756560700
|switch|p1b: Incineroar|Incineroar, L50, M|89/100
|-ability|p1b: Incineroar|Intimidate|boost
|-unboost|p2a: Dragapult|atk|1
|-unboost|p2b: Kingambit|atk|1
|move|p1a: Weezing|Protect|p1a: Weezing
|-singleturn|p1a: Weezing|Protect
|move|p2a: Dragapult|U-turn|p1a: Weezing
|-activate|p1a: Weezing|move: Protect
|move|p2b: Kingambit|Kowtow Cleave|p1b: Incineroar
|-resisted|p1b: Incineroar
|-damage|p1b: Incineroar|72/100
|
|upkeep
|turn|6
|
|t:|1756560735
|-end|p1a: Weezing|ability: Neutralizing Gas
|switch|p1a: Corviknight|Corviknight, L50, F|80/100
|switch|p2b: Magmar|Magmar, L50, F|100/100
|move|p1b: Incineroar|Fake Out|p2b: Magmar
|-damage|p2b: Magmar|92/100
|move|p2a: Dragapult|U-turn|p1a: Corviknight
|-resisted|p1a: Corviknight
|-damage|p1a: Corviknight|75/100
|-damage|p2a: Dragapult|84/100|[from] item: Rocky Helmet|[of] p1a: Corviknight
|
|t:|1756560746
|switch|p2a: Kingambit|Kingambit, L50, F|100/100|[from] U-turn
|
|-sideend|p1: HumanPlaysVGC|move: Tailwind
|upkeep
|turn|7
|
|t:|1756560771
|move|p2b: Magmar|Follow Me|p2b: Magmar
|-singleturn|p2b: Magmar|move: Follow Me
|move|p1a: Corviknight|Brave Bird|p2b: Magmar
|-damage|p2b: Magmar|53/100
|-damage|p1a: Corviknight|64/100|[from] Recoil
|move|p1b: Incineroar|Taunt|p2b: Magmar
|-start|p2b: Magmar|move: Taunt
|move|p2a: Kingambit|Swords Dance|p2a: Kingambit
|-boost|p2a: Kingambit|atk|2
|
|upkeep
|turn|8
|
|t:|1756560811
|move|p1a: Corviknight|Protect|p1a: Corviknight
|-singleturn|p1a: Corviknight|Protect
|move|p2a: Kingambit|Protect|p2a: Kingambit
|-singleturn|p2a: Kingambit|Protect
|move|p2b: Magmar|Overheat|p1a: Corviknight
|-activate|p1a: Corviknight|move: Protect
|move|p1b: Incineroar|Knock Off|p2b: Magmar
|-damage|p2b: Magmar|24/100
|-enditem|p2b: Magmar|Eviolite|[from] move: Knock Off|[of] p1b: Incineroar
|
|upkeep
|turn|9
|
|t:|1756560859
|move|p2b: Magmar|Overheat|p1a: Corviknight
|-supereffective|p1a: Corviknight
|-damage|p1a: Corviknight|0 fnt
|-unboost|p2b: Magmar|spa|2
|faint|p1a: Corviknight
|move|p1b: Incineroar|Knock Off|p2a: Kingambit
|-resisted|p2a: Kingambit
|-damage|p2a: Kingambit|86/100
|-enditem|p2a: Kingambit|Black Glasses|[from] move: Knock Off|[of] p1b: Incineroar
|move|p2a: Kingambit|Kowtow Cleave|p1b: Incineroar
|-resisted|p1b: Incineroar
|-damage|p1b: Incineroar|35/100
|
|upkeep
|
|t:|1756560874
|switch|p1a: Weezing|Weezing-Galar, L50, F|37/100
|-ability|p1a: Weezing|Neutralizing Gas
|-block|p1b: Incineroar|item: Ability Shield
|turn|10
|
|t:|1756560899
|-terastallize|p2a: Kingambit|Fairy
|move|p2b: Magmar|Overheat|p1a: Weezing
|-damage|p1a: Weezing|10/100
|-unboost|p2b: Magmar|spa|2
|move|p1a: Weezing|Dazzling Gleam|p2a: Kingambit|[spread] p2a,p2b
|-resisted|p2b: Magmar
|-damage|p2a: Kingambit|69/100
|-damage|p2b: Magmar|13/100
|move|p1b: Incineroar|Parting Shot|p2a: Kingambit
|-unboost|p2a: Kingambit|atk|1
|-unboost|p2a: Kingambit|spa|1
|
|t:|1756560910
|switch|p1b: Garchomp|Garchomp, L50, F|100/100|[from] Parting Shot
|move|p2a: Kingambit|Swords Dance|p2a: Kingambit
|-boost|p2a: Kingambit|atk|2
|
|-end|p2b: Magmar|move: Taunt
|upkeep
|turn|11
|
|t:|1756560954
|switch|p1b: Incineroar|Incineroar, L50, M|35/100
|-ability|p1b: Incineroar|Intimidate|boost
|-unboost|p2a: Kingambit|atk|1
|-unboost|p2b: Magmar|atk|1
|move|p2b: Magmar|Helping Hand|p2a: Kingambit
|-singleturn|p2a: Kingambit|Helping Hand|[of] p2b: Magmar
|move|p2a: Kingambit|Sucker Punch||[still]
|-fail|p2a: Kingambit
|move|p1a: Weezing|Sludge Bomb|p2a: Kingambit
|-supereffective|p2a: Kingambit
|-damage|p2a: Kingambit|16/100
|
|upkeep
|turn|12
|
|t:|1756560984
|move|p1b: Incineroar|Fake Out|p2b: Magmar
|-damage|p2b: Magmar|0 fnt
|faint|p2b: Magmar
|move|p1a: Weezing|Sludge Bomb|p2a: Kingambit
|-supereffective|p2a: Kingambit
|-damage|p2a: Kingambit|0 fnt
|faint|p2a: Kingambit
|
|upkeep
|
|t:|1756560993
|switch|p2a: Dragapult|Dragapult, L50, M|84/100
|turn|13
|
|t:|1756561012
|move|p2a: Dragapult|Phantom Force||[still]
|-prepare|p2a: Dragapult|Phantom Force
|move|p1a: Weezing|Dazzling Gleam|p2a: Dragapult|[miss]
|-miss|p1a: Weezing|p2a: Dragapult
|move|p1b: Incineroar|Knock Off|p2a: Dragapult|[miss]
|-miss|p1b: Incineroar|p2a: Dragapult
|
|upkeep
|turn|14
|
|t:|1756561019
|move|p2a: Dragapult|Phantom Force|p1b: Incineroar|[from] lockedmove
|-resisted|p1b: Incineroar
|-damage|p1b: Incineroar|8/100
|move|p1a: Weezing|Dazzling Gleam|p2a: Dragapult
|-supereffective|p2a: Dragapult
|-damage|p2a: Dragapult|11/100
|move|p1b: Incineroar|Knock Off|p2a: Dragapult
|-supereffective|p2a: Dragapult
|-damage|p2a: Dragapult|0 fnt
|-enditem|p2a: Dragapult|Choice Band|[from] move: Knock Off|[of] p1b: Incineroar
|faint|p2a: Dragapult
|
|win|HumanPlaysVGC
|l|☆RillaZardCJM
|player|p2|
