|j|☆crullvgc
|j|☆shalewell
|html|crullvgcshalewell    
|uhtml|bestof|Game 1 of a best-of-3
|t:|1756579575
|gametype|doubles
|player|p1|crullvgc|janitor|1128
|player|p2|shalewell|266|1030
|gen|9
|tier|[Gen 9] VGC 2025 Reg H (Bo3)
|rated|
|rule|Species Clause: Limit one of each Pokémon
|rule|Item Clause: Limit 1 of each item
|clearpoke
|poke|p1|Garchomp, L50, M|
|poke|p1|Talonflame, L50, M|
|poke|p1|Primarina, L50, F|
|poke|p1|Electabuzz, L50, M|
|poke|p1|Rillaboom, L50, M|
|poke|p1|Gholdengo, L50|
|poke|p2|Baxcalibur, L50, M|
|poke|p2|Volcarona, L50, F|
|poke|p2|Rillaboom, L50, M|
|poke|p2|Klefki, L50, F|
|teampreview|4
|showteam|p1|Garchomp||LifeOrb|RoughSkin|StompingTantrum,Earthquake,DragonClaw,Protect|||M|||50|,,,,,Fire]Talonflame||CovertCloak|GaleWings|Tailwind,WillOWisp,DualWingbeat,Taunt|||M|||50|,,,,,Dark]Primarina||ThroatSpray|LiquidVoice|HyperVoice,Moonblast,Haze,Protect|||F|||50|,,,,,Poison]Electabuzz||Eviolite|VitalSpirit|FollowMe,Electroweb,HelpingHand,Protect|||M|||50|,,,,,Ghost]Rillaboom||AssaultVest|GrassySurge|FakeOut,GrassyGlide,WoodHammer,HighHorsepower|||M|||50|,,,,,Fire]Gholdengo||MetalCoat|GoodasGold|MakeItRain,ShadowBall,NastyPlot,Protect||||||50|,,,,,Steel
|showteam|p2|Baxcalibur||WeaknessPolicy|ThermalExchange|GlaiveRush,IcicleCrash,Protect,IceShard|||M|||50|,,,,,Steel]Volcarona||GrassySeed|FlameBody|FieryDance,BugBuzz,Protect,FlameCharge|||F|||50|,,,,,Steel]Rillaboom||AssaultVest|GrassySurge|WoodHammer,HighHorsepower,FakeOut,Uturn|||M|||50|,,,,,Fire]Klefki||LightClay|Prankster|LightScreen,Reflect,TrickRoom,Imprison|||F|||50|,,,,,Steel
|inactive|Battle timer is ON: inactive players will automatically lose when time's up. (requested by shalewell)
|
|t:|1756579630
|teamsize|p1|4
|teamsize|p2|4
|start
|switch|p1a: Primarina|Primarina, L50, F|100/100
|switch|p1b: Talonflame|Talonflame, L50, M|100/100
|switch|p2a: Klefki|Klefki, L50, F|100/100
|switch|p2b: Rillaboom|Rillaboom, L50, M|100/100
|-fieldstart|move: Grassy Terrain|[from] ability: Grassy Surge|[of] p2b: Rillaboom
|turn|1
|
|t:|1756579652
|move|p1a: Primarina|Protect|p1a: Primarina
|-singleturn|p1a: Primarina|Protect
|move|p2a: Klefki|Light Screen|p2a: Klefki
|-sidestart|p2: shalewell|move: Light Screen
|move|p1b: Talonflame|Taunt|p2a: Klefki
|-start|p2a: Klefki|move: Taunt
|move|p2b: Rillaboom|Wood Hammer|p1a: Primarina
|-activate|p1a: Primarina|move: Protect
|
|upkeep
|turn|2
|
|t:|1756579666
|switch|p2a: Volcarona|Volcarona, L50, F|100/100
|-enditem|p2a: Volcarona|Grassy Seed
|-boost|p2a: Volcarona|def|1|[from] item: Grassy Seed
|-terastallize|p1a: Primarina|Poison
|move|p1b: Talonflame|Dual Wingbeat|p2b: Rillaboom|[miss]
|-miss|p1b: Talonflame|p2b: Rillaboom
|move|p2b: Rillaboom|Wood Hammer|p1a: Primarina
|-resisted|p1a: Primarina
|-damage|p1a: Primarina|50/100
|-damage|p2b: Rillaboom|86/100|[from] Recoil
|move|p1a: Primarina|Hyper Voice|p2a: Volcarona|[spread] p2a,p2b
|-supereffective|p2a: Volcarona
|-resisted|p2b: Rillaboom
|-damage|p2a: Volcarona|63/100
|-damage|p2b: Rillaboom|79/100
|-enditem|p1a: Primarina|Throat Spray
|-boost|p1a: Primarina|spa|1|[from] item: Throat Spray
|
|-heal|p2a: Volcarona|69/100|[from] Grassy Terrain
|-heal|p2b: Rillaboom|85/100|[from] Grassy Terrain
|-heal|p1a: Primarina|57/100|[from] Grassy Terrain
|upkeep
|turn|3
|inactive|shalewell has 30 seconds left.
|
|t:|1756579697
|-terastallize|p2b: Rillaboom|Fire
|move|p1b: Talonflame|Tailwind|p1b: Talonflame
|-sidestart|p1: crullvgc|move: Tailwind
|move|p1a: Primarina|Hyper Voice|p2a: Volcarona|[spread] p2a,p2b
|-supereffective|p2a: Volcarona
|-supereffective|p2b: Rillaboom
|-damage|p2a: Volcarona|9/100
|-damage|p2b: Rillaboom|35/100
|move|p2a: Volcarona|Fiery Dance|p1b: Talonflame
|-resisted|p1b: Talonflame
|-damage|p1b: Talonflame|75/100
|-boost|p2a: Volcarona|spa|1
|move|p2b: Rillaboom|High Horsepower|p1a: Primarina
|-supereffective|p1a: Primarina
|-damage|p1a: Primarina|0 fnt
|faint|p1a: Primarina
|
|-heal|p2a: Volcarona|15/100|[from] Grassy Terrain
|-heal|p2b: Rillaboom|41/100|[from] Grassy Terrain
|upkeep
|
|t:|1756579711
|switch|p1a: Rillaboom|Rillaboom, L50, M|100/100
|turn|4
|
|t:|1756579720
|switch|p2b: Baxcalibur|Baxcalibur, L50, M, shiny|100/100
|move|p1a: Rillaboom|Fake Out|p2b: Baxcalibur
|-damage|p2b: Baxcalibur|87/100
|move|p1b: Talonflame|Dual Wingbeat|p2a: Volcarona
|-supereffective|p2a: Volcarona
|-damage|p2a: Volcarona|0 fnt
|faint|p2a: Volcarona
|-hitcount|p2: Volcarona|1
|
|-heal|p2b: Baxcalibur|93/100|[from] Grassy Terrain
|upkeep
|
|t:|1756579729
|switch|p2a: Klefki|Klefki, L50, F|100/100
|turn|5
|
|t:|1756579753
|switch|p1a: Gholdengo|Gholdengo, L50|100/100
|move|p2a: Klefki|Reflect|p2a: Klefki
|-sidestart|p2: shalewell|Reflect
|move|p1b: Talonflame|Taunt|p2a: Klefki
|-start|p2a: Klefki|move: Taunt
|move|p2b: Baxcalibur|Icicle Crash|p1a: Gholdengo
|-resisted|p1a: Gholdengo
|-damage|p1a: Gholdengo|71/100
|
|-heal|p1a: Gholdengo|77/100|[from] Grassy Terrain
|-heal|p2b: Baxcalibur|99/100|[from] Grassy Terrain
|-fieldend|move: Grassy Terrain
|upkeep
|turn|6
|inactive|crullvgc has 30 seconds left.
|inactive|shalewell has 30 seconds left.
|inactive|shalewell has 20 seconds left.
|inactive|shalewell has 15 seconds left.
|
|t:|1756579795
|switch|p2a: Rillaboom|Rillaboom, L50, M, tera:Fire|41/100
|-fieldstart|move: Grassy Terrain|[from] ability: Grassy Surge|[of] p2a: Rillaboom
|move|p2b: Baxcalibur|Protect|p2b: Baxcalibur
|-singleturn|p2b: Baxcalibur|Protect
|move|p1b: Talonflame|Taunt|p2b: Baxcalibur
|-activate|p2b: Baxcalibur|move: Protect
|move|p1a: Gholdengo|Nasty Plot|p1a: Gholdengo
|-boost|p1a: Gholdengo|spa|2
|
|-heal|p1a: Gholdengo|83/100|[from] Grassy Terrain
|-heal|p2b: Baxcalibur|100/100|[from] Grassy Terrain
|-heal|p2a: Rillaboom|46/100|[from] Grassy Terrain
|-sideend|p1: crullvgc|move: Tailwind
|upkeep
|turn|7
|
|t:|1756579815
|move|p2a: Rillaboom|Fake Out|p1a: Gholdengo
|-immune|p1a: Gholdengo
|move|p1b: Talonflame|Dual Wingbeat|p2a: Rillaboom
|-damage|p2a: Rillaboom|37/100
|-damage|p2a: Rillaboom|27/100
|-hitcount|p2a: Rillaboom|2
|move|p1a: Gholdengo|Make It Rain|p2b: Baxcalibur|[spread] p2a,p2b
|-resisted|p2a: Rillaboom
|-supereffective|p2b: Baxcalibur
|-damage|p2a: Rillaboom|0 fnt
|-damage|p2b: Baxcalibur|0 fnt
|-unboost|p1a: Gholdengo|spa|1
|faint|p2a: Rillaboom
|faint|p2b: Baxcalibur
|
|-heal|p1a: Gholdengo|89/100|[from] Grassy Terrain
|upkeep
|
|t:|1756579827
|switch|p2b: Klefki|Klefki, L50, F|100/100
|turn|8
|
|t:|1756579831
|move|p2b: Klefki|Light Screen||[still]
|-fail|p2b: Klefki
|move|p1b: Talonflame|Taunt|p2b: Klefki
|-start|p2b: Klefki|move: Taunt
|move|p1a: Gholdengo|Make It Rain|p2b: Klefki
|-damage|p2b: Klefki|18/100
|-unboost|p1a: Gholdengo|spa|1
|
|-heal|p1a: Gholdengo|96/100|[from] Grassy Terrain
|-heal|p2b: Klefki|24/100|[from] Grassy Terrain
|-sideend|p2: shalewell|move: Light Screen
|upkeep
|turn|9
|
|t:|1756579840
|move|p1b: Talonflame|Dual Wingbeat|p2b: Klefki
|-resisted|p2b: Klefki
|-damage|p2b: Klefki|19/100
|-resisted|p2b: Klefki
|-damage|p2b: Klefki|13/100
|-hitcount|p2b: Klefki|2
|move|p1a: Gholdengo|Make It Rain|p2b: Klefki
|-damage|p2b: Klefki|0 fnt
|-unboost|p1a: Gholdengo|spa|1
|faint|p2b: Klefki
|
|win|crullvgc
||shalewell is ready for game 2.
