|j|☆MarkusVgc
|j|☆Lorido
|html|MarkusVgcLorido    
|uhtml|bestof|Game 1 of a best-of-3
|t:|1785852599
|gametype|doubles
|player|p1|MarkusVgc|2|1080
|player|p2|Lorido|266|1161
|gen|9
|tier|[Gen 9 Champions] VGC 2026 Reg M-B (Bo3)
|rated|
|rule|Species Clause: Limit one of each Pokémon
|rule|Item Clause: Limit 1 of each item
|clearpoke
|poke|p1|Lucario, L50, M|
|poke|p1|Clefable, L50, M|
|poke|p1|Vivillon, L50, F|
|poke|p1|Garchomp, L50, F|
|poke|p1|Delphox, L50, M|
|poke|p1|Incineroar, L50, F|
|poke|p2|Delphox, L50, M|
|poke|p2|Sneasler, L50, M|
|poke|p2|Incineroar, L50, M|
|poke|p2|Floette-Eternal, L50, F|
|poke|p2|Kingambit, L50, M|
|poke|p2|Sinistcha, L50|
|teampreview|4
|showteam|p1|Lucario||Lucarionite|InnerFocus|CloseCombat,MeteorMash,ThunderPunch,Detect|Jolly||M|||50|]Clefable||SitrusBerry|Unaware|Moonblast,FollowMe,HelpingHand,Protect|Bold||M|||50|]Vivillon||FocusSash|CompoundEyes|Hurricane,RagePowder,SleepPowder,Protect|Timid||F|||50|]Garchomp||LifeOrb|RoughSkin|DragonClaw,Earthquake,RockSlide,Protect|Jolly||F|||50|]Delphox||Delphoxite|Blaze|HeatWave,Psychic,NastyPlot,Protect|Timid||M|||50|]Incineroar||Leftovers|Intimidate|FlareBlitz,ThroatChop,FakeOut,HelpingHand|Careful||F|||50|
|showteam|p2|Delphox||Delphoxite|Blaze|HeatWave,Psychic,NastyPlot,Protect|Timid||M|||50|]Sneasler||FocusSash|PoisonTouch|CloseCombat,PoisonJab,FakeOut,QuickGuard|Jolly||M|||50|]Incineroar||SitrusBerry|Intimidate|FlareBlitz,DarkestLariat,FakeOut,PartingShot|Careful||M|||50|]Floette-Eternal||Floettite|FlowerVeil|DazzlingGleam,DrainingKiss,CalmMind,Protect|Bold||F|||50|]Kingambit||BlackGlasses|Defiant|KowtowCleave,SuckerPunch,SwordsDance,Protect|Adamant||M|||50|]Sinistcha||OccaBerry|Hospitality|MatchaGotcha,RagePowder,TrickRoom,Protect|Bold|||||50|
|
|t:|1785852661
|teamsize|p1|4
|teamsize|p2|4
|start
|switch|p1a: Delphox|Delphox, L50, M|100/100
|switch|p1b: Vivillon|Vivillon, L50, F|100/100
|switch|p2a: Sneasler|Sneasler, L50, M|100/100
|switch|p2b: Delphox|Delphox, L50, M|100/100
|turn|1
|
|t:|1785852689
|detailschange|p2b: Delphox|Delphox-Mega, L50, M
|-mega|p2b: Delphox|Delphox|Delphoxite
|detailschange|p1a: Delphox|Delphox-Mega, L50, M
|-mega|p1a: Delphox|Delphox|Delphoxite
|move|p2a: Sneasler|Fake Out|p1a: Delphox
|-crit|p1a: Delphox
|-damage|p1a: Delphox|75/100
|move|p2b: Delphox|Nasty Plot|p2b: Delphox
|-boost|p2b: Delphox|spa|2
|cant|p1a: Delphox|flinch
|move|p1b: Vivillon|Sleep Powder|p2b: Delphox
|-status|p2b: Delphox|slp|[from] move: Sleep Powder
|
|upkeep
|turn|2
|
|t:|1785852717
|switch|p2a: Sinistcha|Sinistcha, L50|100/100
|cant|p2b: Delphox|slp
|move|p1a: Delphox|Nasty Plot|p1a: Delphox
|-boost|p1a: Delphox|spa|2
|move|p1b: Vivillon|Sleep Powder|p2a: Sinistcha
|-immune|p2a: Sinistcha
|
|upkeep
|turn|3
|
|t:|1785852738
|switch|p2a: Incineroar|Incineroar, L50, M|100/100
|-ability|p2a: Incineroar|Intimidate|boost
|-unboost|p1a: Delphox|atk|1
|-unboost|p1b: Vivillon|atk|1
|cant|p2b: Delphox|slp
|move|p1a: Delphox|Heat Wave|p2b: Delphox|[spread] p2a
|-miss|p1a: Delphox|p2b: Delphox
|-resisted|p2a: Incineroar|1
|-damage|p2a: Incineroar|70/100
|move|p1b: Vivillon|Hurricane|p2b: Delphox
|-damage|p2b: Delphox|57/100 slp
|-start|p2b: Delphox|confusion
|
|upkeep
|turn|4
|
|t:|1785852765
|move|p2a: Incineroar|Fake Out|p1b: Vivillon
|-damage|p1b: Vivillon|80/100
|-curestatus|p2b: Delphox|slp|[msg]
|-activate|p2b: Delphox|confusion
|-damage|p2b: Delphox|50/100y|[from] confusion
|move|p1a: Delphox|Nasty Plot|p1a: Delphox
|-boost|p1a: Delphox|spa|2
|cant|p1b: Vivillon|flinch
|
|upkeep
|turn|5
|
|t:|1785852799
|move|p1b: Vivillon|Rage Powder|p1b: Vivillon
|-singleturn|p1b: Vivillon|move: Rage Powder
|-activate|p2b: Delphox|confusion
|move|p2b: Delphox|Heat Wave|p1b: Vivillon|[spread] p1a,p1b
|-resisted|p1a: Delphox|1
|-supereffective|p1b: Vivillon|1
|-damage|p1a: Delphox|42/100
|-damage|p1b: Vivillon|0 fnt
|faint|p1b: Vivillon
|move|p1a: Delphox|Heat Wave|p2b: Delphox|[spread] p2a,p2b
|-resisted|p2a: Incineroar|1
|-resisted|p2b: Delphox|1
|-damage|p2a: Incineroar|31/100
|-damage|p2b: Delphox|1/100
|-enditem|p2a: Incineroar|Sitrus Berry|[eat]
|-heal|p2a: Incineroar|56/100|[from] item: Sitrus Berry
|move|p2a: Incineroar|Darkest Lariat|p1a: Delphox
|-supereffective|p1a: Delphox|1
|-damage|p1a: Delphox|0 fnt
|faint|p1a: Delphox
|
|upkeep
|
|t:|1785852817
|switch|p1a: Clefable|Clefable, L50, M|100/100
|switch|p1b: Garchomp|Garchomp, L50, F|100/100
|turn|6
|
|t:|1785852829
|switch|p2a: Sinistcha|Sinistcha, L50|100/100
|-heal|p2b: Delphox|25/100|[from] ability: Hospitality|[of] p2a: Sinistcha
|-activate|p2b: Delphox|confusion
|move|p2b: Delphox|Protect|p2b: Delphox
|-singleturn|p2b: Delphox|Protect
|move|p1a: Clefable|Follow Me|p1a: Clefable
|-singleturn|p1a: Clefable|move: Follow Me
|move|p1b: Garchomp|Rock Slide|p2b: Delphox|[spread] p2a
|-activate|p2b: Delphox|move: Protect
|-damage|p2a: Sinistcha|78/100
|-damage|p1b: Garchomp|90/100|[from] item: Life Orb
|
|upkeep
|turn|7
|
|t:|1785852854
|move|p1a: Clefable|Follow Me|p1a: Clefable
|-singleturn|p1a: Clefable|move: Follow Me
|-activate|p2b: Delphox|confusion
|-damage|p2b: Delphox|17/100|[from] confusion
|move|p1b: Garchomp|Rock Slide|p2a: Sinistcha|[spread] p2a,p2b
|-supereffective|p2b: Delphox|1
|-crit|p2b: Delphox
|-damage|p2a: Sinistcha|56/100
|-damage|p2b: Delphox|0 fnt
|faint|p2b: Delphox
|-damage|p1b: Garchomp|80/100|[from] item: Life Orb
|move|p2a: Sinistcha|Matcha Gotcha|p1b: Garchomp|[spread] p1a,p1b
|-damage|p1a: Clefable|78/100
|-heal|p2a: Sinistcha|69/100|[from] drain|[of] p1a: Clefable
|-damage|p1b: Garchomp|54/100
|-heal|p2a: Sinistcha|82/100|[from] drain|[of] p1b: Garchomp
|-status|p1a: Clefable|brn
|
|-damage|p1a: Clefable|72/100 brn|[from] brn
|upkeep
|
|t:|1785852863
|switch|p2b: Sneasler|Sneasler, L50, M|100/100
|turn|8
|
|t:|1785852882
|move|p1b: Garchomp|Protect|p1b: Garchomp
|-singleturn|p1b: Garchomp|Protect
|move|p2b: Sneasler|Fake Out|p1b: Garchomp
|-activate|p1b: Garchomp|move: Protect
|move|p2a: Sinistcha|Matcha Gotcha|p1b: Garchomp|[spread] p1a
|-activate|p1b: Garchomp|move: Protect
|-damage|p1a: Clefable|51/100 brn
|-heal|p2a: Sinistcha|94/100|[from] drain|[of] p1a: Clefable
|move|p1a: Clefable|Moonblast|p2b: Sneasler
|-damage|p2b: Sneasler|52/100
|
|-damage|p1a: Clefable|45/100 brn|[from] brn
|upkeep
|-enditem|p1a: Clefable|Sitrus Berry|[eat]
|-heal|p1a: Clefable|70/100 brn|[from] item: Sitrus Berry
|turn|9
|
|t:|1785852916
|switch|p2b: Incineroar|Incineroar, L50, M|56/100
|-ability|p2b: Incineroar|Intimidate|boost
|-unboost|p1a: Clefable|atk|1
|-unboost|p1b: Garchomp|atk|1
|move|p1b: Garchomp|Dragon Claw|p2a: Sinistcha
|-damage|p2a: Sinistcha|67/100
|-damage|p1b: Garchomp|44/100|[from] item: Life Orb
|move|p2a: Sinistcha|Matcha Gotcha|p1b: Garchomp|[spread] p1a,p1b
|-crit|p1b: Garchomp
|-damage|p1a: Clefable|50/100g brn
|-heal|p2a: Sinistcha|79/100|[from] drain|[of] p1a: Clefable
|-damage|p1b: Garchomp|4/100
|-heal|p2a: Sinistcha|100/100|[from] drain|[of] p1b: Garchomp
|move|p1a: Clefable|Moonblast|p2a: Sinistcha
|-damage|p2a: Sinistcha|69/100
|
|-damage|p1a: Clefable|45/100 brn|[from] brn
|upkeep
|turn|10
|inactive|Battle timer is ON: inactive players will automatically lose when time's up. (requested by Lorido)
|inactive|MarkusVgc has 60 seconds left.
|inactive|MarkusVgc has 30 seconds left.
|inactive|MarkusVgc has 20 seconds left.
|inactive|MarkusVgc has 15 seconds left.
|inactive|MarkusVgc has 10 seconds left.
|inactive|MarkusVgc has 5 seconds left.
|
|t:|1785853115
|move|p1b: Garchomp|Dragon Claw|p2b: Incineroar
|-damage|p2b: Incineroar|22/100
|-damage|p1b: Garchomp|0 fnt|[from] item: Life Orb
|faint|p1b: Garchomp
|move|p2a: Sinistcha|Matcha Gotcha|p1a: Clefable
|-damage|p1a: Clefable|16/100 brn
|-heal|p2a: Sinistcha|85/100|[from] drain|[of] p1a: Clefable
|move|p1a: Clefable|Moonblast|p2b: Incineroar
|-damage|p2b: Incineroar|1/100
|move|p2b: Incineroar|Parting Shot|p1a: Clefable
|-unboost|p1a: Clefable|atk|1
|-unboost|p1a: Clefable|spa|1
|
|t:|1785853126
|switch|p2b: Sneasler|Sneasler, L50, M|52/100|[from] Parting Shot
|
|-damage|p1a: Clefable|10/100 brn|[from] brn
|upkeep
|turn|11
|l|☆MarkusVgc
|inactive|MarkusVgc disconnected and has a minute to reconnect!
|player|p1|
|inactive|MarkusVgc has 30 seconds left.
|inactive|MarkusVgc has 20 seconds left.
|inactive|MarkusVgc has 15 seconds left.
|inactive|MarkusVgc has 10 seconds left.
|inactive|MarkusVgc has 5 seconds left.
|-message|MarkusVgc lost due to inactivity.
|
|win|Lorido
