|j|☆KodeBeast0526
|j|☆pundeh_1001
|html|KodeBeast0526pundeh_1001    
|uhtml|bestof|Game 1 of a best-of-3
|t:|1784050511
|gametype|doubles
|player|p1|KodeBeast0526|hiker|1092
|player|p2|pundeh_1001|1|1189
|gen|9
|tier|[Gen 9 Champions] VGC 2026 Reg M-B (Bo3)
|rated|
|rule|Species Clause: Limit one of each Pokémon
|rule|Item Clause: Limit 1 of each item
|clearpoke
|poke|p1|Aerodactyl, L50, M|
|poke|p1|Kingambit, L50, M|
|poke|p1|Sylveon, L50, M|
|poke|p1|Garchomp, L50, M|
|poke|p1|Charizard, L50, M|
|poke|p1|Incineroar, L50, M|
|poke|p2|Glimmora, L50, M, shiny|
|poke|p2|Mamoswine, L50, F|
|poke|p2|Whimsicott, L50, F|
|poke|p2|Charizard, L50, F|
|poke|p2|Basculegion, L50, M|
|poke|p2|Kingambit, L50, M|
|teampreview|4
|showteam|p1|Aerodactyl||Aerodactylite|Unnerve|RockSlide,IceFang,Tailwind,WideGuard|Jolly||M|||50|]Kingambit||FocusSash|Defiant|KowtowCleave,SuckerPunch,IronHead,Protect|Adamant||M|||50|]Sylveon||FairyFeather|Pixilate|Detect,HyperVoice,HyperBeam,QuickAttack|Modest||M|||50|]Garchomp||LifeOrb|RoughSkin|Earthquake,DragonClaw,StompingTantrum,Protect|Jolly||M|||50|]Charizard||CharizarditeY|Blaze|Protect,HeatWave,SolarBeam,WeatherBall|Modest||M|||50|]Incineroar||SitrusBerry|Intimidate|DarkestLariat,FlareBlitz,FakeOut,PartingShot|Impish||M|||50|
|showteam|p2|Glimmora||Glimmoranite|ToxicDebris|SpikyShield,SludgeBomb,PowerGem,EarthPower|Timid||M|||50|]Mamoswine||LifeOrb|Oblivious|Protect,IceShard,HighHorsepower,IcicleCrash|Adamant||F|||50|]Whimsicott||FocusSash|Prankster|Moonblast,Tailwind,Encore,Protect|Timid||F|||50|]Charizard||CharizarditeY|Blaze|Protect,HeatWave,SolarBeam,WeatherBall|Modest||F|||50|]Basculegion||MysticWater|Adaptability|Protect,WaveCrash,LastRespects,AquaJet|Adamant||M|||50|]Kingambit||ChopleBerry|Defiant|Protect,KowtowCleave,SuckerPunch,LowKick|Adamant||M|||50|
|inactive|Battle timer is ON: inactive players will automatically lose when time's up. (requested by pundeh_1001)
|
|t:|1784050552
|teamsize|p1|4
|teamsize|p2|4
|start
|switch|p1a: Aerodactyl|Aerodactyl, L50, M|100/100
|switch|p1b: Garchomp|Garchomp, L50, M|100/100
|switch|p2a: Mamoswine|Mamoswine, L50, F|100/100
|switch|p2b: Whimsicott|Whimsicott, L50, F|100/100
|-ability|p1a: Aerodactyl|Unnerve
|turn|1
|
|t:|1784050566
|move|p2b: Whimsicott|Tailwind|p2b: Whimsicott
|-sidestart|p2: pundeh_1001|move: Tailwind
|move|p2a: Mamoswine|Icicle Crash|p1a: Aerodactyl
|-supereffective|p1a: Aerodactyl|1
|-damage|p1a: Aerodactyl|0 fnt
|faint|p1a: Aerodactyl
|-damage|p2a: Mamoswine|90/100|[from] item: Life Orb
|move|p1b: Garchomp|Earthquake|p2a: Mamoswine|[spread] p2a,p2b
|-resisted|p2b: Whimsicott|1
|-damage|p2a: Mamoswine|33/100
|-damage|p2b: Whimsicott|59/100
|-damage|p1b: Garchomp|90/100|[from] item: Life Orb
|
|upkeep
|
|t:|1784050572
|switch|p1a: Charizard|Charizard, L50, M|100/100
|turn|2
|
|t:|1784050593
|detailschange|p1a: Charizard|Charizard-Mega-Y, L50, M
|-mega|p1a: Charizard|Charizard|Charizardite Y
|-weather|SunnyDay|[from] ability: Drought|[of] p1a: Charizard
|move|p1b: Garchomp|Protect|p1b: Garchomp
|-singleturn|p1b: Garchomp|Protect
|move|p2b: Whimsicott|Encore|p1b: Garchomp
|-activate|p1b: Garchomp|move: Protect
|move|p2a: Mamoswine|Ice Shard|p1b: Garchomp
|-activate|p1b: Garchomp|move: Protect
|move|p1a: Charizard|Heat Wave|p2a: Mamoswine|[spread] p2a,p2b
|-supereffective|p2a: Mamoswine|1
|-crit|p2a: Mamoswine
|-supereffective|p2b: Whimsicott|1
|-damage|p2a: Mamoswine|0 fnt
|-damage|p2b: Whimsicott|0 fnt
|faint|p2a: Mamoswine
|faint|p2b: Whimsicott
|
|-weather|SunnyDay|[upkeep]
|upkeep
|
|t:|1784050599
|switch|p2b: Kingambit|Kingambit, L50, M|100/100
|switch|p2a: Glimmora|Glimmora, L50, M, shiny|100/100
|turn|3
|
|t:|1784050620
|move|p2a: Glimmora|Spiky Shield|p2a: Glimmora
|-singleturn|p2a: Glimmora|move: Protect
|move|p1a: Charizard|Protect|p1a: Charizard
|-singleturn|p1a: Charizard|Protect
|move|p1b: Garchomp|Earthquake|p2b: Kingambit|[spread] p2b
|-activate|p1a: Charizard|move: Protect
|-activate|p2a: Glimmora|move: Protect
|-supereffective|p2b: Kingambit|1
|-damage|p2b: Kingambit|27/100
|-damage|p1b: Garchomp|80/100|[from] item: Life Orb
|move|p2b: Kingambit|Kowtow Cleave|p1b: Garchomp
|-damage|p1b: Garchomp|32/100
|-damage|p2b: Kingambit|14/100|[from] ability: Rough Skin|[of] p1b: Garchomp
|
|-weather|SunnyDay|[upkeep]
|upkeep
|turn|4
|
|t:|1784050641
|switch|p1a: Sylveon|Sylveon, L50, M|100/100
|detailschange|p2a: Glimmora|Glimmora-Mega, L50, M, shiny
|-mega|p2a: Glimmora|Glimmora|Glimmoranite
|move|p2b: Kingambit|Sucker Punch|p1b: Garchomp
|-damage|p1b: Garchomp|0 fnt
|-damage|p2b: Kingambit|2/100|[from] ability: Rough Skin|[of] p1b: Garchomp
|faint|p1b: Garchomp
|move|p2a: Glimmora|Power Gem|p1a: Sylveon
|-damage|p1a: Sylveon|48/100
|
|-weather|SunnyDay|[upkeep]
|-sideend|p2: pundeh_1001|move: Tailwind
|upkeep
|
|t:|1784050648
|switch|p1b: Charizard|Charizard-Mega-Y, L50, M|100/100
|turn|5
|
|t:|1784050657
|move|p2b: Kingambit|Protect|p2b: Kingambit
|-singleturn|p2b: Kingambit|Protect
|move|p1a: Sylveon|Quick Attack|p2b: Kingambit
|-activate|p2b: Kingambit|move: Protect
|move|p2a: Glimmora|Power Gem|p1b: Charizard
|-supereffective|p1b: Charizard|2
|-crit|p1b: Charizard
|-damage|p1b: Charizard|0 fnt
|faint|p1b: Charizard
|
|-weather|SunnyDay|[upkeep]
|upkeep
|turn|6
|-message|KodeBeast0526 forfeited.
|
|win|pundeh_1001
|l|☆KodeBeast0526
|player|p1|
||pundeh_1001 is ready for game 2.
||KodeBeast0526 is ready for game 2.
|uhtml|next|Next: Game 2 of 3
|j|☆KodeBeast0526
|player|p1|KodeBeast0526|hiker|
