|j|☆sserpiente3
|j|☆coti_05
|html|sserpiente3coti_05    
|uhtml|bestof|Game 2 of a best-of-3
|t:|1782580188
|gametype|doubles
|player|p1|sserpiente3|veteran|1084
|player|p2|coti_05|169|1098
|gen|9
|tier|[Gen 9 Champions] VGC 2026 Reg M-B (Bo3)
|rated|
|rule|Species Clause: Limit one of each Pokémon
|rule|Item Clause: Limit 1 of each item
|clearpoke
|poke|p1|Starmie, L50|
|poke|p1|Pelipper, L50, F|
|poke|p1|Sableye, L50, F|
|poke|p1|Sinistcha, L50|
|poke|p1|Blaziken, L50, F|
|poke|p1|Kingambit, L50, M|
|poke|p2|Charizard, L50, M, shiny|
|poke|p2|Incineroar, L50, M|
|poke|p2|Garchomp, L50, F, shiny|
|poke|p2|Venusaur, L50, F, shiny|
|poke|p2|Basculegion, L50, M|
|poke|p2|Whimsicott, L50, F|
|teampreview|4
|showteam|p1|Starmie||Starminite|Analytic|AquaJet,Liquidation,ZenHeadbutt,Protect|Adamant|||||50|]Pelipper||FocusSash|Drizzle|WeatherBall,Hurricane,Tailwind,Protect|Modest||F|||50|]Sableye||RoseliBerry|Prankster|RainDance,Disable,Encore,WillOWisp|Relaxed||F|||50|]Sinistcha||SitrusBerry|Hospitality|LifeDew,RagePowder,MatchaGotcha,StrengthSap|Calm|||||50|]Blaziken||ZoomLens|SpeedBoost|FocusBlast,Flamethrower,Coaching,Protect|Modest||F|||50|]Kingambit||LifeOrb|Defiant|SuckerPunch,KowtowCleave,LowKick,IronHead|Adamant||M|||50|
|showteam|p2|Charizard||CharizarditeY|SolarPower|HeatWave,Protect,WeatherBall,SolarBeam|Bold||M|||50|]Incineroar||SitrusBerry|Intimidate|FakeOut,FlareBlitz,PartingShot,Crunch|Impish||M|||50|]Garchomp||LifeOrb|RoughSkin|DragonClaw,Earthquake,Protect,RockSlide|Adamant||F|||50|]Venusaur||ExpertBelt|Chlorophyll|SolarBeam,Protect,SludgeBomb,EarthPower|Modest||F|||50|]Basculegion||ChoiceScarf|SwiftSwim|AquaJet,LastRespects,FlipTurn,WaveCrash|Jolly||M|||50|]Whimsicott||BabiriBerry|Prankster|Encore,Protect,Tailwind,LightScreen|Careful||F|||50|
|c|☆coti_05|gg
|c|☆sserpiente3|chacho tanto que me llamabas malo
|c|☆sserpiente3|comete tos mis fules payo mierda
|
|t:|1782580254
|teamsize|p1|4
|teamsize|p2|4
|start
|switch|p1a: Starmie|Starmie, L50|100/100
|switch|p1b: Blaziken|Blaziken, L50, F|100/100
|switch|p2a: Charizard|Charizard, L50, M, shiny|100/100
|switch|p2b: Incineroar|Incineroar, L50, M|100/100
|-ability|p2b: Incineroar|Intimidate|boost
|-unboost|p1a: Starmie|atk|1
|-unboost|p1b: Blaziken|atk|1
|turn|1
|
|t:|1782580275
|detailschange|p2a: Charizard|Charizard-Mega-Y, L50, M, shiny
|-mega|p2a: Charizard|Charizard|Charizardite Y
|-weather|SunnyDay|[from] ability: Drought|[of] p2a: Charizard
|move|p1a: Starmie|Protect|p1a: Starmie
|-singleturn|p1a: Starmie|Protect
|move|p2b: Incineroar|Fake Out|p1b: Blaziken
|-damage|p1b: Blaziken|84/100
|cant|p1b: Blaziken|flinch
|move|p2a: Charizard|Solar Beam||[still]
|-prepare|p2a: Charizard|Solar Beam
|-anim|p2a: Charizard|Solar Beam|p1a: Starmie
|-activate|p1a: Starmie|move: Protect
|
|-weather|SunnyDay|[upkeep]
|-ability|p1b: Blaziken|Speed Boost|boost
|-boost|p1b: Blaziken|spe|1
|upkeep
|turn|2
|
|t:|1782580305
|switch|p1a: kaien shiba|Pelipper, L50, F|100/100
|-weather|RainDance|[from] ability: Drizzle|[of] p1a: kaien shiba
|switch|p2b: Basculegion|Basculegion, L50, M|100/100
|move|p1b: Blaziken|Focus Blast|p2b: Basculegion
|-immune|p2b: Basculegion
|move|p2a: Charizard|Heat Wave|p1a: kaien shiba|[spread] p1a,p1b
|-resisted|p1a: kaien shiba|1
|-resisted|p1b: Blaziken|1
|-damage|p1a: kaien shiba|80/100
|-damage|p1b: Blaziken|66/100
|
|-weather|RainDance|[upkeep]
|-ability|p1b: Blaziken|Speed Boost|boost
|-boost|p1b: Blaziken|spe|1
|upkeep
|turn|3
|
|t:|1782580347
|switch|p1b: Starmie|Starmie, L50|100/100
|switch|p2a: Incineroar|Incineroar, L50, M|100/100
|-ability|p2a: Incineroar|Intimidate|boost
|-unboost|p1a: kaien shiba|atk|1
|-unboost|p1b: Starmie|atk|1
|move|p2b: Basculegion|Flip Turn|p1b: Starmie
|-resisted|p1b: Starmie|1
|-damage|p1b: Starmie|67/100
|
|t:|1782580356
|switch|p2b: Charizard|Charizard-Mega-Y, L50, M, shiny|100/100|[from] Flip Turn
|-weather|SunnyDay|[from] ability: Drought|[of] p2b: Charizard
|move|p1a: kaien shiba|Weather Ball|p2a: Incineroar
|-resisted|p2a: Incineroar|1
|-crit|p2a: Incineroar
|-damage|p2a: Incineroar|73/100
|
|-weather|SunnyDay|[upkeep]
|upkeep
|turn|4
|
|t:|1782580381
|switch|p1a: Blaziken|Blaziken, L50, F|66/100
|move|p1b: Starmie|Protect|p1b: Starmie
|-singleturn|p1b: Starmie|Protect
|move|p2b: Charizard|Heat Wave|p1b: Starmie|[spread] p1a
|-activate|p1b: Starmie|move: Protect
|-resisted|p1a: Blaziken|1
|-damage|p1a: Blaziken|14/100
|move|p2a: Incineroar|Flare Blitz|p1b: Starmie
|-activate|p1b: Starmie|move: Protect
|
|-weather|SunnyDay|[upkeep]
|upkeep
|turn|5
|
|t:|1782580432
|switch|p1b: Kingambit|Kingambit, L50, M|100/100
|switch|p2a: Basculegion|Basculegion, L50, M|100/100
|move|p1a: Blaziken|Focus Blast|p2a: Basculegion
|-immune|p2a: Basculegion
|move|p2b: Charizard|Solar Beam||[still]
|-prepare|p2b: Charizard|Solar Beam
|-anim|p2b: Charizard|Solar Beam|p1b: Kingambit
|-resisted|p1b: Kingambit|1
|-damage|p1b: Kingambit|80/100
|
|-weather|SunnyDay|[upkeep]
|-ability|p1a: Blaziken|Speed Boost|boost
|-boost|p1a: Blaziken|spe|1
|upkeep
|turn|6
|l|☆coti_05
|player|p2|
|j|☆coti_05
|player|p2|coti_05|169|
|
|t:|1782580518
|move|p1a: Blaziken|Protect|p1a: Blaziken
|-singleturn|p1a: Blaziken|Protect
|move|p2a: Basculegion|Aqua Jet|p1a: Blaziken
|-activate|p1a: Blaziken|move: Protect
|move|p2b: Charizard|Weather Ball|p1b: Kingambit
|-supereffective|p1b: Kingambit|1
|-damage|p1b: Kingambit|0 fnt
|faint|p1b: Kingambit
|
|-weather|SunnyDay|[upkeep]
|-ability|p1a: Blaziken|Speed Boost|boost
|-boost|p1a: Blaziken|spe|1
|upkeep
|inactive|Battle timer is ON: inactive players will automatically lose when time's up. (requested by coti_05)
|
|t:|1782580536
|switch|p1b: Starmie|Starmie, L50|67/100
|turn|7
|inactive|coti_05 has 30 seconds left.
|
|t:|1782580563
|switch|p1a: kaien shiba|Pelipper, L50, F|80/100
|-weather|RainDance|[from] ability: Drizzle|[of] p1a: kaien shiba
|switch|p2b: Incineroar|Incineroar, L50, M|73/100
|-ability|p2b: Incineroar|Intimidate|boost
|-unboost|p1a: kaien shiba|atk|1
|-unboost|p1b: Starmie|atk|1
|detailschange|p1b: Starmie|Starmie-Mega, L50
|-mega|p1b: Starmie|Starmie|Starminite
|move|p2a: Basculegion|Aqua Jet|p1a: kaien shiba
|-resisted|p1a: kaien shiba|1
|-damage|p1a: kaien shiba|60/100
|move|p1b: Starmie|Aqua Jet|p2b: Incineroar
|-supereffective|p2b: Incineroar|1
|-damage|p2b: Incineroar|13/100
|-enditem|p2b: Incineroar|Sitrus Berry|[eat]
|-heal|p2b: Incineroar|38/100|[from] item: Sitrus Berry
|
|-weather|RainDance|[upkeep]
|upkeep
|turn|8
|inactive|coti_05 has 30 seconds left.
|inactive|coti_05 has 20 seconds left.
|inactive|coti_05 has 15 seconds left.
|
|t:|1782580605
|switch|p2a: Charizard|Charizard-Mega-Y, L50, M, shiny|100/100
|-weather|SunnyDay|[from] ability: Drought|[of] p2a: Charizard
|switch|p1b: Blaziken|Blaziken, L50, F|14/100
|move|p2b: Incineroar|Fake Out|p1a: kaien shiba
|-damage|p1a: kaien shiba|45/100
|cant|p1a: kaien shiba|flinch
|
|-weather|SunnyDay|[upkeep]
|upkeep
|turn|9
|
|t:|1782580631
|switch|p2b: Basculegion|Basculegion, L50, M|100/100
|move|p1a: kaien shiba|Protect|p1a: kaien shiba
|-singleturn|p1a: kaien shiba|Protect
|move|p1b: Blaziken|Focus Blast|p2a: Charizard
|-resisted|p2a: Charizard|1
|-damage|p2a: Charizard|70/100
|move|p2a: Charizard|Heat Wave|p1b: Blaziken|[spread] p1b
|-activate|p1a: kaien shiba|move: Protect
|-resisted|p1b: Blaziken|1
|-damage|p1b: Blaziken|0 fnt
|faint|p1b: Blaziken
|
|-weather|SunnyDay|[upkeep]
|upkeep
|
|t:|1782580638
|switch|p1b: Starmie|Starmie-Mega, L50|67/100
|turn|10
|
|t:|1782580652
|switch|p2a: Incineroar|Incineroar, L50, M|38/100
|-ability|p2a: Incineroar|Intimidate|boost
|-unboost|p1a: kaien shiba|atk|1
|-unboost|p1b: Starmie|atk|1
|move|p2b: Basculegion|Last Respects|p1b: Starmie
|-supereffective|p1b: Starmie|1
|-damage|p1b: Starmie|5/100
|move|p1b: Starmie|Liquidation|p2a: Incineroar
|-supereffective|p2a: Incineroar|1
|-damage|p2a: Incineroar|0 fnt
|faint|p2a: Incineroar
|move|p1a: kaien shiba|Tailwind|p1a: kaien shiba
|-sidestart|p1: sserpiente3|move: Tailwind
|
|-weather|SunnyDay|[upkeep]
|upkeep
|
|t:|1782580665
|switch|p2a: Venusaur|Venusaur, L50, F, shiny|100/100
|turn|11
|
|t:|1782580678
|move|p1b: Starmie|Protect|p1b: Starmie
|-singleturn|p1b: Starmie|Protect
|move|p2a: Venusaur|Solar Beam||[still]
|-prepare|p2a: Venusaur|Solar Beam
|-anim|p2a: Venusaur|Solar Beam|p1a: kaien shiba
|-damage|p1a: kaien shiba|0 fnt
|faint|p1a: kaien shiba
|move|p2b: Basculegion|Last Respects|p1b: Starmie
|-activate|p1b: Starmie|move: Protect
|
|-weather|SunnyDay|[upkeep]
|upkeep
|turn|12
|c|☆coti_05|lo que has mamao
|c|☆sserpiente3|pásame tu instagram
|inactive|sserpiente3 has 30 seconds left.
|inactive|sserpiente3 has 20 seconds left.
|inactive|sserpiente3 has 15 seconds left.
|c|☆sserpiente3|tu y yo payo mierdas vamos a tener problemas
|
|t:|1782580722
|move|p1b: Starmie|Zen Headbutt|p2a: Venusaur
|-supereffective|p2a: Venusaur|1
|-damage|p2a: Venusaur|0 fnt
|faint|p2a: Venusaur
|move|p2b: Basculegion|Last Respects|p1b: Starmie
|-supereffective|p1b: Starmie|1
|-damage|p1b: Starmie|0 fnt
|faint|p1b: Starmie
|
|win|coti_05
