|j|☆ruti3131
|j|☆lolgz
|html|ruti3131lolgz    
|uhtml|bestof|Game 1 of a best-of-3
|t:|1784380063
|gametype|doubles
|player|p1|ruti3131|102|1068
|player|p2|lolgz|dawn|1078
|gen|9
|tier|[Gen 9 Champions] VGC 2026 Reg M-B (Bo3)
|rated|
|rule|Species Clause: Limit one of each Pokémon
|rule|Item Clause: Limit 1 of each item
|clearpoke
|poke|p1|Metagross, L50|
|poke|p1|Aerodactyl, L50, M|
|poke|p1|Grimmsnarl, L50, M|
|poke|p1|Milotic, L50, F|
|poke|p1|Sneasler, L50, M|
|poke|p1|Blaziken, L50, F|
|poke|p2|Blastoise, L50, F|
|poke|p2|Vivillon, L50, F|
|poke|p2|Farigiraf, L50, M|
|poke|p2|Gallade, L50, M|
|poke|p2|Mawile, L50, F|
|poke|p2|Torkoal, L50, F|
|teampreview|4
|showteam|p1|Metagross||Metagrossite|ClearBody|BulletPunch,PsychUp,IcePunch,RockSlide|Adamant|||||50|]Aerodactyl||Aerodactylite|RockHead|Tailwind,WideGuard,DualWingbeat,RockSlide|Jolly||M|||50|]Grimmsnarl||LightClay|Prankster|Reflect,LightScreen,PartingShot,SpiritBreak|Impish||M|||50|]Milotic||Leftovers|Competitive|MuddyWater,Coil,Hypnosis,LifeDew|Bold||F|||50|]Sneasler||WhiteHerb|Unburden|CloseCombat,FakeOut,DireClaw,Coaching|Adamant||M|||50|]Blaziken||LifeOrb|SpeedBoost|CloseCombat,Detect,RockSlide,FlareBlitz|Adamant||F|||50|
|showteam|p2|Blastoise||Blastoisinite|Torrent|WaterSpout,DarkPulse,FakeOut,ShellSmash|Modest||F|||50|]Vivillon||ChoiceScarf|CompoundEyes|SleepPowder,RagePowder,Tailwind,Hurricane|Timid||F|||50|]Farigiraf||SitrusBerry|ArmorTail|TrickRoom,Psychic,HelpingHand,Protect|Relaxed||M|||50|]Gallade||IronBall|Sharpness|SacredSword,PsychoCut,LeafBlade,TrickRoom|Brave||M|||50|]Mawile||Mawilite|HyperCutter|SuckerPunch,PlayRough,RockSlide,Protect|Brave||F|||50|]Torkoal||Charcoal|Drought|WeatherBall,Eruption,EarthPower,Protect|Quiet||F|||50|
|inactive|Battle timer is ON: inactive players will automatically lose when time's up. (requested by lolgz)
|inactive|ruti3131 has 60 seconds left.
|inactive|lolgz has 60 seconds left.
|inactive|lolgz has 30 seconds left.
|
|t:|1784380129
|teamsize|p1|4
|teamsize|p2|4
|start
|switch|p1a: Aerodactyl|Aerodactyl, L50, M|100/100
|switch|p1b: Grimmsnarl|Grimmsnarl, L50, M|100/100
|switch|p2a: Vivillon|Vivillon, L50, F|100/100
|switch|p2b: Blastoise|Blastoise, L50, F|100/100
|turn|1
|inactive|ruti3131 has 30 seconds left.
|
|t:|1784380158
|detailschange|p1a: Aerodactyl|Aerodactyl-Mega, L50, M
|-mega|p1a: Aerodactyl|Aerodactyl|Aerodactylite
|detailschange|p2b: Blastoise|Blastoise-Mega, L50, F
|-mega|p2b: Blastoise|Blastoise|Blastoisinite
|move|p1b: Grimmsnarl|Parting Shot|p2b: Blastoise
|-unboost|p2b: Blastoise|atk|1
|-unboost|p2b: Blastoise|spa|1
|
|t:|1784380168
|switch|p1b: Milotic|Milotic, L50, F|100/100|[from] Parting Shot
|move|p2a: Vivillon|Sleep Powder|p1a: Aerodactyl
|-status|p1a: Aerodactyl|slp|[from] move: Sleep Powder
|cant|p1a: Aerodactyl|slp
|move|p2b: Blastoise|Shell Smash|p2b: Blastoise
|-unboost|p2b: Blastoise|def|1
|-unboost|p2b: Blastoise|spd|1
|-boost|p2b: Blastoise|atk|2
|-boost|p2b: Blastoise|spa|2
|-boost|p2b: Blastoise|spe|2
|
|upkeep
|turn|2
|inactive|ruti3131 has 30 seconds left.
|
|t:|1784380197
|move|p2b: Blastoise|Shell Smash|p2b: Blastoise
|-unboost|p2b: Blastoise|def|1
|-unboost|p2b: Blastoise|spd|1
|-boost|p2b: Blastoise|atk|2
|-boost|p2b: Blastoise|spa|2
|-boost|p2b: Blastoise|spe|2
|move|p2a: Vivillon|Sleep Powder|p1b: Milotic
|-status|p1b: Milotic|slp|[from] move: Sleep Powder
|cant|p1a: Aerodactyl|slp
|cant|p1b: Milotic|slp
|
|upkeep
|turn|3
|
|t:|1784380215
|switch|p2a: Farigiraf|Farigiraf, L50, M|100/100
|-curestatus|p1a: Aerodactyl|slp|[msg]
|move|p1a: Aerodactyl|Wide Guard|p1a: Aerodactyl
|-singleturn|p1a: Aerodactyl|Wide Guard
|move|p2b: Blastoise|Water Spout|p1a: Aerodactyl|[spread] 
|-activate|p1a: Aerodactyl|move: Wide Guard
|-activate|p1b: Milotic|move: Wide Guard
|-curestatus|p1b: Milotic|slp|[msg]
|move|p1b: Milotic|Hypnosis|p2a: Farigiraf
|-status|p2a: Farigiraf|slp|[from] move: Hypnosis
|
|upkeep
|turn|4
|inactive|ruti3131 has 30 seconds left.
|
|t:|1784380243
|switch|p2a: Vivillon|Vivillon, L50, F|100/100
|move|p2b: Blastoise|Dark Pulse|p1b: Milotic
|-damage|p1b: Milotic|14/100
|move|p1a: Aerodactyl|Tailwind|p1a: Aerodactyl
|-sidestart|p1: ruti3131|move: Tailwind
|move|p1b: Milotic|Coil|p1b: Milotic
|-boost|p1b: Milotic|atk|1
|-boost|p1b: Milotic|def|1
|-boost|p1b: Milotic|accuracy|1
|
|-heal|p1b: Milotic|20/100y|[from] item: Leftovers
|upkeep
|turn|5
|inactive|ruti3131 has 30 seconds left.
|
|t:|1784380271
|move|p1a: Aerodactyl|Wide Guard|p1a: Aerodactyl
|-singleturn|p1a: Aerodactyl|Wide Guard
|move|p2a: Vivillon|Rage Powder|p2a: Vivillon
|-singleturn|p2a: Vivillon|move: Rage Powder
|move|p2b: Blastoise|Dark Pulse|p1b: Milotic
|-damage|p1b: Milotic|0 fnt
|faint|p1b: Milotic
|
|upkeep
|
|t:|1784380282
|switch|p1b: Grimmsnarl|Grimmsnarl, L50, M|100/100
|turn|6
|
|t:|1784380291
|move|p2a: Vivillon|Rage Powder|p2a: Vivillon
|-singleturn|p2a: Vivillon|move: Rage Powder
|move|p1b: Grimmsnarl|Light Screen|p1b: Grimmsnarl
|-sidestart|p1: ruti3131|move: Light Screen
|move|p1a: Aerodactyl|Dual Wingbeat|p2a: Vivillon
|-supereffective|p2a: Vivillon|1
|-damage|p2a: Vivillon|0 fnt
|faint|p2a: Vivillon
|-hitcount|p2: Vivillon|1
|move|p2b: Blastoise|Dark Pulse|p1a: Aerodactyl
|-damage|p1a: Aerodactyl|14/100
|
|upkeep
|
|t:|1784380298
|switch|p2a: Farigiraf|Farigiraf, L50, M|100/100 slp
|turn|7
|inactive|ruti3131 has 30 seconds left.
|
|t:|1784380323
|move|p1b: Grimmsnarl|Parting Shot||[still]
|cant|p2a: Farigiraf|ability: Armor Tail|Parting Shot|[of] p1b: Grimmsnarl
|move|p1a: Aerodactyl|Rock Slide|p2b: Blastoise|[spread] p2b
|-miss|p1a: Aerodactyl|p2a: Farigiraf
|-damage|p2b: Blastoise|42/100
|cant|p2b: Blastoise|flinch
|cant|p2a: Farigiraf|slp
|
|-sideend|p1: ruti3131|move: Tailwind
|upkeep
|turn|8
|
|t:|1784380348
|switch|p2a: Torkoal|Torkoal, L50, F|100/100
|-weather|SunnyDay|[from] ability: Drought|[of] p2a: Torkoal
|move|p1a: Aerodactyl|Wide Guard|p1a: Aerodactyl
|-singleturn|p1a: Aerodactyl|Wide Guard
|move|p2b: Blastoise|Dark Pulse|p1a: Aerodactyl
|-damage|p1a: Aerodactyl|0 fnt
|faint|p1a: Aerodactyl
|move|p1b: Grimmsnarl|Spirit Break|p2b: Blastoise
|-damage|p2b: Blastoise|0 fnt
|faint|p2b: Blastoise
|
|-weather|SunnyDay|[upkeep]
|upkeep
|
|t:|1784380365
|switch|p1a: Blaziken|Blaziken, L50, F|100/100
|switch|p2b: Farigiraf|Farigiraf, L50, M|100/100 slp
|turn|9
|
|t:|1784380386
|move|p1a: Blaziken|Rock Slide|p2a: Torkoal|[spread] p2a
|-miss|p1a: Blaziken|p2b: Farigiraf
|-supereffective|p2a: Torkoal|1
|-damage|p2a: Torkoal|63/100
|-damage|p1a: Blaziken|90/100|[from] item: Life Orb
|move|p1b: Grimmsnarl|Spirit Break|p2a: Torkoal
|-resisted|p2a: Torkoal|1
|-damage|p2a: Torkoal|51/100
|-unboost|p2a: Torkoal|spa|1
|cant|p2a: Torkoal|flinch
|cant|p2b: Farigiraf|slp
|
|-weather|SunnyDay|[upkeep]
|-ability|p1a: Blaziken|Speed Boost|boost
|-boost|p1a: Blaziken|spe|1
|upkeep
|turn|10
|-message|lolgz forfeited.
|raw|ruti3131's rating: 1068 → 1099(+31 for winning)
|raw|lolgz's rating: 1078 → 1056(-22 for losing)
|
|win|ruti3131
