|j|☆endertytar
|j|☆MobiusVGC
|html|endertytarMobiusVGC    
|uhtml|bestof|Game 3 of a best-of-3
|t:|1756223275
|gametype|doubles
|player|p1|endertytar|hugh|1236
|player|p2|MobiusVGC|gentleman-gen4dp|1169
|gen|9
|tier|[Gen 9] VGC 2025 Reg H (Bo3)
|rated|
|rule|Species Clause: Limit one of each Pokémon
|rule|Item Clause: Limit 1 of each item
|clearpoke
|poke|p1|Tyranitar, L50, M|
|poke|p1|Dondozo, L50, M|
|poke|p1|Sneasler, L50, F|
|poke|p1|Gholdengo, L50|
|poke|p1|Indeedee, L50, M|
|poke|p1|Volcarona, L50, F|
|poke|p2|Sneasler, L50, M|
|poke|p2|Dragapult, L50, M|
|poke|p2|Primarina, L50, M|
|poke|p2|Rillaboom, L50, F|
|poke|p2|Kingambit, L50, M|
|poke|p2|Magmar, L50, F|
|teampreview|4
|showteam|p1|Tyranitar||ClearAmulet|SandStream|Protect,DragonDance,RockSlide,KnockOff|||M|||50|,,,,,Ghost]Dondozo||Leftovers|Unaware|Protect,Yawn,Liquidation,Substitute|||M|||50|,,,,,Grass]Sneasler||PsychicSeed|Unburden|CloseCombat,DireClaw,Coaching,Protect|||F|||50|,,,,,Dark]Gholdengo||MetalCoat|GoodasGold|Protect,NastyPlot,ShadowBall,MakeItRain||||||50|,,,,,Steel]Indeedee||ChoiceScarf|PsychicSurge|Trick,ExpandingForce,TrickRoom,Protect|||M|||50|,,,,,Psychic]Volcarona||SitrusBerry|FlameBody|Tailwind,FieryDance,StruggleBug,RagePowder|||F|||50|,,,,,Grass
|showteam|p2|Sneasler||FocusSash|PoisonTouch|CloseCombat,DireClaw,FakeOut,Protect|||M|||50|,,,,,Stellar]Dragapult||ChoiceBand|ClearBody|DragonDarts,TeraBlast,PhantomForce,Uturn|||M|||50|,,,,,Ghost]Primarina||SitrusBerry|LiquidVoice|HyperVoice,Moonblast,Haze,Protect|||M|||50|,,,,,Water]Rillaboom||AssaultVest|GrassySurge|WoodHammer,GrassyGlide,HighHorsepower,FakeOut|||F|||50|,,,,,Fire]Kingambit||BlackGlasses|Defiant|KowtowCleave,SuckerPunch,SwordsDance,Protect|||M|||50|,,,,,Ghost]Magmar||Eviolite|VitalSpirit|Overheat,WillOWisp,FollowMe,Protect|||F|||50|,,,,,Ghost
|inactive|Battle timer is ON: inactive players will automatically lose when time's up. (requested by endertytar)
|inactive|endertytar has 60 seconds left.
|
|t:|1756223330
|teamsize|p1|4
|teamsize|p2|4
|start
|switch|p1a: Volcarona|Volcarona, L50, F|100/100
|switch|p1b: Sneasler|Sneasler, L50, F|100/100
|switch|p2a: Dragapult|Dragapult, L50, M|100/100
|switch|p2b: Sneasler|Sneasler, L50, M|100/100
|turn|1
|inactive|MobiusVGC has 30 seconds left.
|
|t:|1756223360
|-terastallize|p2a: Dragapult|Ghost
|move|p2b: Sneasler|Fake Out|p1b: Sneasler
|-damage|p1b: Sneasler|75/100
|move|p2a: Dragapult|Tera Blast|p1a: Volcarona|[anim] Tera Blast Ghost
|-damage|p1a: Volcarona|13/100
|-enditem|p1a: Volcarona|Sitrus Berry|[eat]
|-heal|p1a: Volcarona|38/100|[from] item: Sitrus Berry
|cant|p1b: Sneasler|flinch
|move|p1a: Volcarona|Tailwind|p1a: Volcarona
|-sidestart|p1: endertytar|move: Tailwind
|
|upkeep
|turn|2
|
|t:|1756223379
|move|p2b: Sneasler|Protect|p2b: Sneasler
|-singleturn|p2b: Sneasler|Protect
|move|p1b: Sneasler|Dire Claw|p2a: Dragapult
|-resisted|p2a: Dragapult
|-crit|p2a: Dragapult
|-damage|p2a: Dragapult|60/100
|move|p1a: Volcarona|Fiery Dance|p2a: Dragapult
|-damage|p2a: Dragapult|12/100
|move|p2a: Dragapult|Tera Blast|p1a: Volcarona|[anim] Tera Blast Ghost
|-damage|p1a: Volcarona|0 fnt
|faint|p1a: Volcarona
|
|upkeep
|
|t:|1756223393
|switch|p1a: Tyranitar|Tyranitar, L50, M|100/100
|-weather|Sandstorm|[from] ability: Sand Stream|[of] p1a: Tyranitar
|turn|3
|
|t:|1756223411
|-terastallize|p1a: Tyranitar|Ghost
|move|p1b: Sneasler|Coaching|p1a: Tyranitar
|-boost|p1a: Tyranitar|atk|1
|-boost|p1a: Tyranitar|def|1
|move|p1a: Tyranitar|Rock Slide|p2a: Dragapult|[spread] p2a,p2b
|-resisted|p2b: Sneasler
|-damage|p2a: Dragapult|0 fnt
|-damage|p2b: Sneasler|54/100
|faint|p2a: Dragapult
|cant|p2b: Sneasler|flinch
|
|-weather|Sandstorm|[upkeep]
|-damage|p1b: Sneasler|69/100|[from] Sandstorm
|-damage|p1a: Tyranitar|94/100|[from] Sandstorm
|-damage|p2b: Sneasler|48/100|[from] Sandstorm
|upkeep
|
|t:|1756223427
|switch|p2a: Magmar|Magmar, L50, F|100/100
|turn|4
|
|t:|1756223442
|move|p2b: Sneasler|Protect|p2b: Sneasler
|-singleturn|p2b: Sneasler|Protect
|move|p1b: Sneasler|Coaching|p1a: Tyranitar
|-boost|p1a: Tyranitar|atk|1
|-boost|p1a: Tyranitar|def|1
|move|p1a: Tyranitar|Dragon Dance|p1a: Tyranitar
|-boost|p1a: Tyranitar|atk|1
|-boost|p1a: Tyranitar|spe|1
|move|p2a: Magmar|Overheat|p1b: Sneasler
|-damage|p1b: Sneasler|2/100
|-unboost|p2a: Magmar|spa|2
|
|-weather|Sandstorm|[upkeep]
|-damage|p1b: Sneasler|0 fnt|[from] Sandstorm
|-damage|p1a: Tyranitar|88/100|[from] Sandstorm
|-damage|p2b: Sneasler|42/100|[from] Sandstorm
|-damage|p2a: Magmar|95/100|[from] Sandstorm
|faint|p1b: Sneasler
|-sideend|p1: endertytar|move: Tailwind
|upkeep
|
|t:|1756223449
|switch|p1b: Dondozo|Dondozo, L50, M|100/100
|turn|5
|
|t:|1756223462
|move|p2b: Sneasler|Dire Claw|p1b: Dondozo
|-damage|p1b: Dondozo|73/100
|-status|p1b: Dondozo|par
|move|p1a: Tyranitar|Rock Slide|p2a: Magmar|[spread] p2a,p2b
|-supereffective|p2a: Magmar
|-resisted|p2b: Sneasler
|-damage|p2a: Magmar|0 fnt
|-damage|p2b: Sneasler|0 fnt
|faint|p2a: Magmar
|faint|p2b: Sneasler
|move|p1b: Dondozo|Substitute|p1b: Dondozo
|-start|p1b: Dondozo|Substitute
|-damage|p1b: Dondozo|48/100 par
|
|-weather|Sandstorm|[upkeep]
|-damage|p1a: Tyranitar|82/100|[from] Sandstorm
|-damage|p1b: Dondozo|42/100 par|[from] Sandstorm
|-heal|p1b: Dondozo|48/100 par|[from] item: Leftovers
|upkeep
|
|t:|1756223473
|switch|p2a: Kingambit|Kingambit, L50, M|100/100
|turn|6
|
|t:|1756223482
|move|p1a: Tyranitar|Knock Off|p2a: Kingambit
|-resisted|p2a: Kingambit
|-damage|p2a: Kingambit|48/100
|-enditem|p2a: Kingambit|Black Glasses|[from] move: Knock Off|[of] p1a: Tyranitar
|move|p2a: Kingambit|Swords Dance|p2a: Kingambit
|-boost|p2a: Kingambit|atk|2
|move|p1b: Dondozo|Yawn|p2a: Kingambit
|-start|p2a: Kingambit|move: Yawn|[of] p1b: Dondozo
|
|-weather|Sandstorm|[upkeep]
|-damage|p1a: Tyranitar|75/100|[from] Sandstorm
|-damage|p1b: Dondozo|42/100 par|[from] Sandstorm
|-heal|p1b: Dondozo|48/100 par|[from] item: Leftovers
|upkeep
|turn|7
|
|t:|1756223495
|move|p1a: Tyranitar|Protect|p1a: Tyranitar
|-singleturn|p1a: Tyranitar|Protect
|move|p1b: Dondozo|Protect|p1b: Dondozo
|-singleturn|p1b: Dondozo|Protect
|move|p2a: Kingambit|Swords Dance|p2a: Kingambit
|-boost|p2a: Kingambit|atk|2
|
|-weather|none
|-heal|p1b: Dondozo|54/100 par|[from] item: Leftovers
|-end|p2a: Kingambit|move: Yawn|[silent]
|-status|p2a: Kingambit|slp
|upkeep
|turn|8
|
|t:|1756223507
|cant|p2a: Kingambit|slp
|move|p1a: Tyranitar|Knock Off|p2a: Kingambit
|-resisted|p2a: Kingambit
|-damage|p2a: Kingambit|12/100 slp
|move|p1b: Dondozo|Liquidation|p2a: Kingambit
|-damage|p2a: Kingambit|0 fnt
|faint|p2a: Kingambit
|
|win|endertytar
|raw|endertytar's rating: 1236 → 1256(+20 for winning)
|raw|MobiusVGC's rating: 1169 → 1149(-20 for losing)
|c|☆MobiusVGC|that g2 double protect got me so hard
|c|☆MobiusVGC|ggs
|c|☆endertytar|YEA
|c|☆endertytar|GG
