|j|☆Seppia98
|j|☆Mortipherus
|html|Seppia98Mortipherus    
|uhtml|bestof|Game 2 of a best-of-3
|t:|1756390071
|gametype|doubles
|player|p1|Seppia98|265|1101
|player|p2|Mortipherus|biker-gen4|1129
|gen|9
|tier|[Gen 9] VGC 2025 Reg H (Bo3)
|rated|
|rule|Species Clause: Limit one of each Pokémon
|rule|Item Clause: Limit 1 of each item
|clearpoke
|poke|p1|Ursaluna-Bloodmoon, L50, M|
|poke|p1|Gholdengo, L50|
|poke|p1|Dragonite, L50, M|
|poke|p1|Sneasler, L50, F|
|poke|p1|Incineroar, L50, M|
|poke|p1|Amoonguss, L50, M|
|poke|p2|Hydrapple, L50, M|
|poke|p2|Arcanine-Hisui, L50, F|
|poke|p2|Gholdengo, L50|
|poke|p2|Electabuzz, L50, F|
|poke|p2|Indeedee, L50, M|
|poke|p2|Sneasler, L50, M|
|teampreview|4
|showteam|p1|Ursaluna-Bloodmoon||AssaultVest|MindsEye|BloodMoon,EarthPower,VacuumWave,HyperVoice|||M|||50|,,,,,Water]Gholdengo||LifeOrb|GoodasGold|Protect,MakeItRain,ShadowBall,NastyPlot||||||50|,,,,,Water]Dragonite||LoadedDice|Multiscale|ScaleShot,Tailwind,Haze,Protect|||M|||50|,,,,,Fairy]Sneasler||FocusSash|Unburden|Protect,DireClaw,CloseCombat,ThroatChop|||F|||50|,,,,,Stellar]Incineroar||SafetyGoggles|Intimidate|KnockOff,PartingShot,FlareBlitz,FakeOut|||M|||50|,,,,,Ghost]Amoonguss||SitrusBerry|Regenerator|RagePowder,Spore,PollenPuff,Protect|||M|||50|,,,,,Psychic
|showteam|p2|Hydrapple||AssaultVest|Regenerator|FickleBeam,EnergyBall,EarthPower,PollenPuff|||M|||50|,,,,,Bug]Arcanine-Hisui||ClearAmulet|Intimidate|Protect,ExtremeSpeed,FlareBlitz,RockSlide|||F|||50|,,,,,Grass]Gholdengo||LifeOrb|GoodasGold|Protect,NastyPlot,MakeItRain,ShadowBall||||||50|,,,,,Flying]Electabuzz||Eviolite|VitalSpirit|Protect,FollowMe,Taunt,Electroweb|||F|||50|,,,,,Dragon]Indeedee||FocusSash|PsychicSurge|Protect,TrickRoom,ExpandingForce,TeraBlast|||M|||50|,,,,,Ground]Sneasler||PsychicSeed|Unburden|Protect,ThroatChop,DireClaw,CloseCombat|||M|||50|,,,,,Dark
|inactive|Battle timer is ON: inactive players will automatically lose when time's up. (requested by Mortipherus)
|
|t:|1756390114
|teamsize|p1|4
|teamsize|p2|4
|start
|switch|p1a: Incineroar|Incineroar, L50, M|100/100
|switch|p1b: Gholdengo|Gholdengo, L50|100/100
|switch|p2a: Indeedee|Indeedee, L50, M|100/100
|switch|p2b: Arcanine|Arcanine-Hisui, L50, F|100/100
|-fieldstart|move: Psychic Terrain|[from] ability: Psychic Surge|[of] p2a: Indeedee
|-ability|p2b: Arcanine|Intimidate|boost
|-unboost|p1a: Incineroar|atk|1
|-unboost|p1b: Gholdengo|atk|1
|-ability|p1a: Incineroar|Intimidate|boost
|-unboost|p2a: Indeedee|atk|1
|-fail|p2b: Arcanine|unboost|[from] item: Clear Amulet|[of] p2b: Arcanine
|turn|1
|inactive|Seppia98 has 30 seconds left.
|inactive|Seppia98 has 20 seconds left.
|inactive|Seppia98 has 15 seconds left.
|inactive|Seppia98 has 10 seconds left.
|inactive|Seppia98 has 5 seconds left.
|
|t:|1756390164
|move|p1b: Gholdengo|Protect|p1b: Gholdengo
|-singleturn|p1b: Gholdengo|Protect
|move|p2a: Indeedee|Tera Blast|p1a: Incineroar
|-damage|p1a: Incineroar|69/100
|move|p2b: Arcanine|Rock Slide|p1b: Gholdengo|[spread] p1a
|-activate|p1b: Gholdengo|move: Protect
|-supereffective|p1a: Incineroar
|-damage|p1a: Incineroar|23/100
|move|p1a: Incineroar|Parting Shot|p2a: Indeedee
|-unboost|p2a: Indeedee|atk|1
|-unboost|p2a: Indeedee|spa|1
|
|t:|1756390177
|switch|p1a: Ursaluna|Ursaluna-Bloodmoon, L50, M|100/100|[from] Parting Shot
|
|upkeep
|turn|2
|
|t:|1756390193
|switch|p2a: Sneasler|Sneasler, L50, M|100/100
|-enditem|p2a: Sneasler|Psychic Seed
|-boost|p2a: Sneasler|spd|1|[from] item: Psychic Seed
|-terastallize|p2b: Arcanine|Grass
|move|p1b: Gholdengo|Make It Rain|p2a: Sneasler|[spread] p2a,p2b
|-damage|p2a: Sneasler|50/100
|-damage|p2b: Arcanine|42/100
|-unboost|p1b: Gholdengo|spa|1
|-damage|p1b: Gholdengo|91/100|[from] item: Life Orb
|move|p2b: Arcanine|Flare Blitz|p1b: Gholdengo
|-supereffective|p1b: Gholdengo
|-damage|p1b: Gholdengo|0 fnt
|faint|p1b: Gholdengo
|-damage|p2b: Arcanine|14/100|[from] Recoil
|move|p1a: Ursaluna|Earth Power|p2b: Arcanine
|-resisted|p2b: Arcanine
|-damage|p2b: Arcanine|0 fnt
|faint|p2b: Arcanine
|
|upkeep
|
|t:|1756390217
|switch|p1b: Amoonguss|Amoonguss, L50, M|100/100
|switch|p2b: Indeedee|Indeedee, L50, M|100/100
|turn|3
|inactive|Seppia98 has 30 seconds left.
|
|t:|1756390244
|switch|p1a: Incineroar|Incineroar, L50, M|23/100
|-ability|p1a: Incineroar|Intimidate|boost
|-unboost|p2a: Sneasler|atk|1
|-unboost|p2b: Indeedee|atk|1
|-terastallize|p1b: Amoonguss|Psychic
|move|p2a: Sneasler|Dire Claw|p1a: Incineroar
|-damage|p1a: Incineroar|0 fnt
|faint|p1a: Incineroar
|move|p2b: Indeedee|Expanding Force|p1b: Amoonguss
|-resisted|p1b: Amoonguss
|-damage|p1b: Amoonguss|71/100
|move|p1b: Amoonguss|Spore|p2a: Sneasler
|-status|p2a: Sneasler|slp|[from] move: Spore
|
|upkeep
|
|t:|1756390254
|switch|p1a: Ursaluna|Ursaluna-Bloodmoon, L50, M|100/100
|turn|4
|
|t:|1756390262
|switch|p2a: Hydrapple|Hydrapple, L50, M|100/100
|move|p1a: Ursaluna|Hyper Voice|p2b: Indeedee|[spread] p2a,p2b
|-damage|p2a: Hydrapple|78/100
|-damage|p2b: Indeedee|52/100
|move|p1b: Amoonguss|Pollen Puff|p1a: Ursaluna
|move|p2b: Indeedee|Trick Room|p2b: Indeedee
|-fieldstart|move: Trick Room|[of] p2b: Indeedee
|
|upkeep
|turn|5
|inactive|Seppia98 has 30 seconds left.
|
|t:|1756390287
|move|p2b: Indeedee|Protect|p2b: Indeedee
|-singleturn|p2b: Indeedee|Protect
|move|p2a: Hydrapple|Energy Ball|p1a: Ursaluna
|-supereffective|p1a: Ursaluna
|-damage|p1a: Ursaluna|38/100
|move|p1b: Amoonguss|Pollen Puff|p1a: Ursaluna
|-heal|p1a: Ursaluna|88/100
|move|p1a: Ursaluna|Blood Moon|p2a: Hydrapple
|-damage|p2a: Hydrapple|29/100
|
|-fieldend|move: Psychic Terrain
|upkeep
|turn|6
|inactive|Mortipherus has 30 seconds left.
|inactive|Seppia98 has 30 seconds left.
|
|t:|1756390322
|switch|p2a: Sneasler|Sneasler, L50, M|50/100 slp
|move|p1b: Amoonguss|Pollen Puff|p1a: Ursaluna
|-heal|p1a: Ursaluna|100/100
|move|p1a: Ursaluna|Hyper Voice|p2a: Sneasler|[spread] p2a,p2b
|-damage|p2a: Sneasler|0 fnt
|-damage|p2b: Indeedee|5/100
|faint|p2a: Sneasler
|move|p2b: Indeedee|Expanding Force|p1a: Ursaluna
|-damage|p1a: Ursaluna|75/100
|
|upkeep
|
|t:|1756390335
|switch|p2a: Hydrapple|Hydrapple, L50, M|62/100
|turn|7
|
|t:|1756390351
|move|p2a: Hydrapple|Pollen Puff|p1b: Amoonguss
|-supereffective|p1b: Amoonguss
|-damage|p1b: Amoonguss|11/100
|-enditem|p1b: Amoonguss|Sitrus Berry|[eat]
|-heal|p1b: Amoonguss|36/100|[from] item: Sitrus Berry
|move|p1b: Amoonguss|Pollen Puff|p2b: Indeedee
|-supereffective|p2b: Indeedee
|-damage|p2b: Indeedee|0 fnt
|faint|p2b: Indeedee
|move|p1a: Ursaluna|Blood Moon|p2a: Hydrapple
|-damage|p2a: Hydrapple|10/100
|
|upkeep
|turn|8
|
|t:|1756390362
|move|p1a: Ursaluna|Vacuum Wave|p2a: Hydrapple
|-damage|p2a: Hydrapple|0 fnt
|faint|p2a: Hydrapple
|
|win|Seppia98
||Mortipherus is ready for game 3.
|inactive|Seppia98 has 30 seconds to confirm battle start!
||Seppia98 is ready for game 3.
|uhtml|next|Next: Game 3 of 3
