|j|‚ėÜGyaradostyranitar
|j|‚ėÜRegionalModeSlow
|html|GyaradostyranitarRegionalModeSlow    
|uhtml|bestof|Game 1 of a best-of-3
|t:|1756321526
|gametype|doubles
|player|p1|Gyaradostyranitar|adaman|1152
|player|p2|RegionalModeSlow|steven|1133
|gen|9
|tier|[Gen 9] VGC 2025 Reg H (Bo3)
|rated|
|rule|Species Clause: Limit one of each Pok√©mon
|rule|Item Clause: Limit 1 of each item
|clearpoke
|poke|p1|Sneasler, L50, F|
|poke|p1|Electabuzz, L50, F|
|poke|p1|Kingambit, L50, M|
|poke|p1|Rillaboom, L50, F|
|poke|p1|Volcarona, L50, M|
|poke|p1|Dragonite, L50, F|
|poke|p2|Noivern, L50, M|
|poke|p2|Weezing-Galar, L50, M|
|poke|p2|Gholdengo, L50|
|poke|p2|Garchomp, L50, F|
|poke|p2|Annihilape, L50, M|
|poke|p2|Magmar, L50, F|
|teampreview|4
|showteam|p1|Sneasler||FocusSash|PoisonTouch|DireClaw,Coaching,Protect,CloseCombat|||F|||50|,,,,,Stellar]Electabuzz||Eviolite|VitalSpirit|FollowMe,Electroweb,Taunt,Protect|||F|||50|,,,,,Ghost]Kingambit||BlackGlasses|Defiant|KowtowCleave,SwordsDance,SuckerPunch,Protect|||M|||50|,,,,,Dark]Rillaboom||AssaultVest|GrassySurge|WoodHammer,Uturn,GrassyGlide,FakeOut|||F|||50|,,,,,Water]Volcarona||Leftovers|FlameBody|HeatWave,TeraBlast,QuiverDance,Protect|||M|||50|,,,,,Fairy]Dragonite||LoadedDice|Multiscale|ScaleShot,Haze,Tailwind,Protect|||F|||50|,,,,,Steel
|showteam|p2|Noivern||CovertCloak|Telepathy|AirSlash,SuperFang,Tailwind,Taunt|||M|||50|,,,,,Steel]Weezing-Galar||ChoiceSpecs|NeutralizingGas|DazzlingGleam,SludgeBomb,StrangeSteam,Flamethrower|||M|||50|,,,,,Flying]Gholdengo||MetalCoat|GoodasGold|MakeItRain,ShadowBall,NastyPlot,Protect||||||50|,,,,,Flying]Garchomp||LifeOrb|RoughSkin|DragonClaw,Earthquake,StompingTantrum,Protect|||F|||50|,,,,,Ground]Annihilape||AssaultVest|Defiant|CloseCombat,ShadowClaw,FinalGambit,Uturn|||M|||50|,,,,,Stellar]Magmar||Eviolite|VitalSpirit|HeatWave,WillOWisp,FollowMe,Protect|||F|||50|,,,,,Ghost
|inactive|Battle timer is ON: inactive players will automatically lose when time's up. (requested by Gyaradostyranitar)
|inactive|Gyaradostyranitar has 60 seconds left.
|
|t:|1756321560
|teamsize|p1|4
|teamsize|p2|4
|start
|switch|p1a: Volcarona|Volcarona, L50, M|100/100
|switch|p1b: Dragonite|Dragonite, L50, F|100/100
|switch|p2a: Ozzy|Noivern, L50, M|100/100
|switch|p2b: V√§in√§m√∂inen|Annihilape, L50, M, shiny|100/100
|turn|1
|
|t:|1756321575
|switch|p2b: PurpleūüíúHaze|Weezing-Galar, L50, M|100/100
|-ability|p2b: PurpleūüíúHaze|Neutralizing Gas
|move|p1a: Volcarona|Protect|p1a: Volcarona
|-singleturn|p1a: Volcarona|Protect
|move|p2a: Ozzy|Tailwind|p2a: Ozzy
|-sidestart|p2: RegionalModeSlow|move: Tailwind
|move|p1b: Dragonite|Scale Shot|p2b: PurpleūüíúHaze
|-immune|p2b: PurpleūüíúHaze
|
|upkeep
|turn|2
|
|t:|1756321597
|switch|p1b: Rillaboom|Rillaboom, L50, F|100/100
|switch|p1a: Electabuzz|Electabuzz, L50, F|100/100
|move|p2a: Ozzy|Taunt|p1a: Electabuzz
|-start|p1a: Electabuzz|move: Taunt
|move|p2b: PurpleūüíúHaze|Dazzling Gleam|p1a: Electabuzz|[spread] p1a,p1b
|-damage|p1a: Electabuzz|69/100
|-damage|p1b: Rillaboom|74/100
|
|upkeep
|turn|3
|inactive|RegionalModeSlow also wants the timer to be on.
|inactive|Gyaradostyranitar has 30 seconds left.
|
|t:|1756321630
|switch|p2a: Bl√•haj|Garchomp, L50, F|100/100
|move|p1b: Rillaboom|Fake Out|p2b: PurpleūüíúHaze
|-damage|p2b: PurpleūüíúHaze|86/100
|cant|p2b: PurpleūüíúHaze|flinch
|move|p1a: Electabuzz|Electroweb|p2a: Bl√•haj|[spread] p2b
|-immune|p2a: Bl√•haj
|-damage|p2b: PurpleūüíúHaze|67/100
|-unboost|p2b: PurpleūüíúHaze|spe|1
|
|upkeep
|turn|4
|
|t:|1756321643
|switch|p1a: Dragonite|Dragonite, L50, F|100/100
|-terastallize|p2b: PurpleūüíúHaze|Flying
|move|p2a: Bl√•haj|Earthquake|p1b: Rillaboom|[spread] p1b
|-immune|p2b: PurpleūüíúHaze
|-immune|p1a: Dragonite
|-resisted|p1b: Rillaboom
|-damage|p1b: Rillaboom|47/100
|-damage|p2a: Bl√•haj|91/100|[from] item: Life Orb
|move|p2b: PurpleūüíúHaze|Dazzling Gleam|p1b: Rillaboom|[spread] p1a,p1b
|-supereffective|p1a: Dragonite
|-damage|p1a: Dragonite|20/100
|-damage|p1b: Rillaboom|17/100
|move|p1b: Rillaboom|Wood Hammer|p2a: Bl√•haj
|-damage|p2a: Bl√•haj|30/100
|-damage|p1b: Rillaboom|0 fnt|[from] Recoil
|faint|p1b: Rillaboom
|
|-sideend|p2: RegionalModeSlow|move: Tailwind
|upkeep
|
|t:|1756321664
|switch|p1b: Volcarona|Volcarona, L50, M|100/100
|turn|5
|
|t:|1756321671
|-end|p2b: PurpleūüíúHaze|ability: Neutralizing Gas
|switch|p2b: Ozzy|Noivern, L50, M|100/100
|-terastallize|p1b: Volcarona|Fairy
|move|p2a: Bl√•haj|Dragon Claw|p1a: Dragonite
|-supereffective|p1a: Dragonite
|-damage|p1a: Dragonite|0 fnt
|faint|p1a: Dragonite
|-damage|p2a: Bl√•haj|21/100|[from] item: Life Orb
|move|p1b: Volcarona|Quiver Dance|p1b: Volcarona
|-boost|p1b: Volcarona|spa|1
|-boost|p1b: Volcarona|spd|1
|-boost|p1b: Volcarona|spe|1
|
|upkeep
|
|t:|1756321676
|switch|p1a: Electabuzz|Electabuzz, L50, F|69/100
|turn|6
|
|t:|1756321686
|move|p1b: Volcarona|Heat Wave|p2b: Ozzy|[spread] p2a,p2b
|-resisted|p2a: Bl√•haj
|-resisted|p2b: Ozzy
|-damage|p2a: Bl√•haj|0 fnt
|-damage|p2b: Ozzy|68/100
|faint|p2a: Bl√•haj
|move|p2b: Ozzy|Tailwind|p2b: Ozzy
|-sidestart|p2: RegionalModeSlow|move: Tailwind
|move|p1a: Electabuzz|Taunt|p2b: Ozzy
|-start|p2b: Ozzy|move: Taunt
|
|upkeep
|
|t:|1756321694
|switch|p2a: PurpleūüíúHaze|Weezing-Galar, L50, M, tera:Flying|67/100
|-ability|p2a: PurpleūüíúHaze|Neutralizing Gas
|turn|7
|
|t:|1756321701
|move|p1a: Electabuzz|Follow Me|p1a: Electabuzz
|-singleturn|p1a: Electabuzz|move: Follow Me
|move|p2b: Ozzy|Super Fang|p1a: Electabuzz|[miss]
|-miss|p2b: Ozzy|p1a: Electabuzz
|move|p1b: Volcarona|Heat Wave|p2b: Ozzy|[spread] p2a,p2b
|-resisted|p2b: Ozzy
|-damage|p2a: PurpleūüíúHaze|1/100
|-damage|p2b: Ozzy|35/100
|move|p2a: PurpleūüíúHaze|Dazzling Gleam|p1b: Volcarona|[spread] p1a,p1b
|-damage|p1a: Electabuzz|38/100
|-damage|p1b: Volcarona|80/100
|
|-heal|p1b: Volcarona|86/100|[from] item: Leftovers
|upkeep
|turn|8
|
|t:|1756321709
|move|p1a: Electabuzz|Follow Me|p1a: Electabuzz
|-singleturn|p1a: Electabuzz|move: Follow Me
|move|p2b: Ozzy|Super Fang|p1a: Electabuzz
|-damage|p1a: Electabuzz|20/100
|move|p1b: Volcarona|Heat Wave|p2a: PurpleūüíúHaze|[spread] p2a,p2b
|-resisted|p2b: Ozzy
|-damage|p2a: PurpleūüíúHaze|0 fnt
|-damage|p2b: Ozzy|0 fnt
|faint|p2a: PurpleūüíúHaze
|-end|p2a: PurpleūüíúHaze|ability: Neutralizing Gas
|faint|p2b: Ozzy
|
|-heal|p1b: Volcarona|93/100|[from] item: Leftovers
|upkeep
|
|t:|1756321712
|switch|p2b: V√§in√§m√∂inen|Annihilape, L50, M, shiny|100/100
|turn|9
|
|t:|1756321721
|move|p1a: Electabuzz|Follow Me|p1a: Electabuzz
|-singleturn|p1a: Electabuzz|move: Follow Me
|move|p2b: V√§in√§m√∂inen|Shadow Claw|p1a: Electabuzz
|-damage|p1a: Electabuzz|0 fnt
|faint|p1a: Electabuzz
|move|p1b: Volcarona|Tera Blast|p2b: V√§in√§m√∂inen|[anim] Tera Blast Fairy
|-supereffective|p2b: V√§in√§m√∂inen
|-damage|p2b: V√§in√§m√∂inen|22/100
|
|-heal|p1b: Volcarona|99/100|[from] item: Leftovers
|-sideend|p2: RegionalModeSlow|move: Tailwind
|upkeep
|turn|10
|
|t:|1756321727
|move|p1b: Volcarona|Tera Blast|p2b: V√§in√§m√∂inen|[anim] Tera Blast Fairy
|-supereffective|p2b: V√§in√§m√∂inen
|-damage|p2b: V√§in√§m√∂inen|0 fnt
|faint|p2b: V√§in√§m√∂inen
|
|win|Gyaradostyranitar
