|j|☆heycoachitsnate
|j|☆goodfish6211
|html|heycoachitsnategoodfish6211    
|uhtml|bestof|Game 1 of a best-of-3
|t:|1785479112
|gametype|doubles
|player|p1|heycoachitsnate|n|1000
|player|p2|goodfish6211|102|1115
|gen|9
|tier|[Gen 9 Champions] VGC 2026 Reg M-B (Bo3)
|rated|
|rule|Species Clause: Limit one of each Pokémon
|rule|Item Clause: Limit 1 of each item
|clearpoke
|poke|p1|Venusaur, L50, F|
|poke|p1|Charizard, L50, M, shiny|
|poke|p1|Garchomp, L50, M|
|poke|p1|Annihilape, L50, M, shiny|
|poke|p1|Incineroar, L50, F|
|poke|p1|Toxapex, L50, M, shiny|
|poke|p2|Charizard, L50, M|
|poke|p2|Sylveon, L50, F, shiny|
|poke|p2|Venusaur, L50, M|
|poke|p2|Kingambit, L50, M|
|poke|p2|Basculegion, L50, M|
|poke|p2|Aerodactyl, L50, M, shiny|
|teampreview|4
|showteam|p1|Venusaur||LifeOrb|Chlorophyll|SolarBeam,SludgeBomb,EarthPower,Protect|Modest||F|||50|]Charizard||CharizarditeY|Blaze|HeatWave,WeatherBall,HelpingHand,Protect|Bold||M|||50|]Garchomp||ChoiceScarf|RoughSkin|RockSlide,DragonClaw,Earthquake,StompingTantrum|Adamant||M|||50|]Annihilape||FocusSash|Defiant|PhantomForce,CloseCombat,RockTomb,Protect|Jolly||M|||50|]Incineroar||SitrusBerry|Intimidate|FlareBlitz,ThroatChop,PartingShot,FakeOut|Impish||F|||50|]Toxapex||Leftovers|Regenerator|Infestation,Toxic,WideGuard,BanefulBunker|Impish||M|||50|
|showteam|p2|Charizard||CharizarditeY|Blaze|HeatWave,WeatherBall,SolarBeam,Protect|Timid||M|||50|]Sylveon||FairyFeather|Pixilate|HyperVoice,Moonblast,QuickAttack,Detect|Modest||F|||50|]Venusaur||LifeOrb|Chlorophyll|GigaDrain,SludgeBomb,EarthPower,Protect|Timid||M|||50|]Kingambit||BlackGlasses|Defiant|KowtowCleave,SuckerPunch,SwordsDance,Protect|Adamant||M|||50|]Basculegion||MysticWater|Adaptability|WaveCrash,LastRespects,AquaJet,Protect|Adamant||M|||50|]Aerodactyl||Aerodactylite|Unnerve|RockSlide,DualWingbeat,Tailwind,Protect|Jolly||M|||50|
|inactive|Battle timer is ON: inactive players will automatically lose when time's up. (requested by heycoachitsnate)
|inactive|goodfish6211 also wants the timer to be on.
|inactive|goodfish6211 has 60 seconds left.
|
|t:|1785479168
|teamsize|p1|4
|teamsize|p2|4
|start
|switch|p1a: Charizard|Charizard, L50, M, shiny|100/100
|switch|p1b: Garchomp|Garchomp, L50, M|100/100
|switch|p2a: Aerodactyl|Aerodactyl, L50, M, shiny|100/100
|switch|p2b: Venusaur|Venusaur, L50, M|100/100
|-ability|p2a: Aerodactyl|Unnerve
|turn|1
|inactive|goodfish6211 has 30 seconds left.
|
|t:|1785479197
|switch|p1a: Toxapex|Toxapex, L50, M, shiny|100/100
|move|p1b: Garchomp|Rock Slide|p2a: Aerodactyl|[spread] p2a,p2b
|-supereffective|p2a: Aerodactyl|1
|-damage|p2a: Aerodactyl|41/100
|-damage|p2b: Venusaur|74/100
|move|p2a: Aerodactyl|Tailwind|p2a: Aerodactyl
|-sidestart|p2: goodfish6211|move: Tailwind
|cant|p2b: Venusaur|flinch
|
|upkeep
|turn|2
|inactive|heycoachitsnate has 30 seconds left.
|inactive|heycoachitsnate has 20 seconds left.
|inactive|heycoachitsnate has 15 seconds left.
|
|t:|1785479239
|move|p2a: Aerodactyl|Protect|p2a: Aerodactyl
|-singleturn|p2a: Aerodactyl|Protect
|move|p2b: Venusaur|Giga Drain|p1b: Garchomp
|-damage|p1b: Garchomp|58/100
|-heal|p2b: Venusaur|100/100|[from] drain|[of] p1b: Garchomp
|-damage|p2b: Venusaur|90/100|[from] item: Life Orb
|move|p1b: Garchomp|Rock Slide|p2b: Venusaur|[spread] p2b
|-activate|p2a: Aerodactyl|move: Protect
|-damage|p2b: Venusaur|61/100
|move|p1a: Toxapex|Infestation|p2a: Aerodactyl
|-activate|p2a: Aerodactyl|move: Protect
|
|upkeep
|turn|3
|
|t:|1785479259
|move|p2a: Aerodactyl|Dual Wingbeat|p1a: Toxapex
|-damage|p1a: Toxapex|87/100
|-damage|p1a: Toxapex|74/100
|-hitcount|p1a: Toxapex|2
|move|p2b: Venusaur|Giga Drain|p1a: Toxapex
|-damage|p1a: Toxapex|39/100
|-heal|p2b: Venusaur|79/100|[from] drain|[of] p1a: Toxapex
|-damage|p2b: Venusaur|70/100|[from] item: Life Orb
|move|p1b: Garchomp|Rock Slide|p2b: Venusaur|[spread] p2a,p2b
|-supereffective|p2a: Aerodactyl|1
|-damage|p2a: Aerodactyl|0 fnt
|-damage|p2b: Venusaur|42/100
|faint|p2a: Aerodactyl
|move|p1a: Toxapex|Infestation|p2b: Venusaur
|-damage|p2b: Venusaur|39/100
|-activate|p2b: Venusaur|move: Infestation|[of] p1a: Toxapex
|
|-heal|p1a: Toxapex|45/100|[from] item: Leftovers
|-damage|p2b: Venusaur|27/100|[from] move: Infestation|[partiallytrapped]
|upkeep
|
|t:|1785479274
|switch|p2a: Charizard|Charizard, L50, M|100/100
|turn|4
|
|t:|1785479296
|detailschange|p2a: Charizard|Charizard-Mega-Y, L50, M
|-mega|p2a: Charizard|Charizard|Charizardite Y
|-weather|SunnyDay|[from] ability: Drought|[of] p2a: Charizard
|move|p1a: Toxapex|Baneful Bunker|p1a: Toxapex
|-singleturn|p1a: Toxapex|move: Protect
|move|p2b: Venusaur|Giga Drain|p1b: Garchomp
|-damage|p1b: Garchomp|12/100
|-heal|p2b: Venusaur|56/100|[from] drain|[of] p1b: Garchomp
|-damage|p2b: Venusaur|46/100|[from] item: Life Orb
|move|p2a: Charizard|Weather Ball|p1b: Garchomp
|-resisted|p1b: Garchomp|1
|-damage|p1b: Garchomp|0 fnt
|faint|p1b: Garchomp
|
|-weather|SunnyDay|[upkeep]
|-heal|p1a: Toxapex|50/100g|[from] item: Leftovers
|-damage|p2b: Venusaur|34/100|[from] move: Infestation|[partiallytrapped]
|-sideend|p2: goodfish6211|move: Tailwind
|upkeep
|
|t:|1785479312
|switch|p1b: Charizard|Charizard, L50, M, shiny|100/100
|turn|5
|
|t:|1785479328
|detailschange|p1b: Charizard|Charizard-Mega-Y, L50, M, shiny
|-mega|p1b: Charizard|Charizard|Charizardite Y
|move|p2b: Venusaur|Earth Power|p1a: Toxapex
|-supereffective|p1a: Toxapex|1
|-damage|p1a: Toxapex|0 fnt
|faint|p1a: Toxapex
|-damage|p2b: Venusaur|24/100|[from] item: Life Orb
|move|p2a: Charizard|Weather Ball|p1b: Charizard
|-resisted|p1b: Charizard|1
|-damage|p1b: Charizard|60/100
|move|p1b: Charizard|Heat Wave|p2b: Venusaur|[spread] p2a,p2b
|-resisted|p2a: Charizard|1
|-supereffective|p2b: Venusaur|1
|-damage|p2a: Charizard|72/100
|-damage|p2b: Venusaur|0 fnt
|faint|p2b: Venusaur
|
|-weather|SunnyDay|[upkeep]
|upkeep
|
|t:|1785479343
|switch|p2b: Basculegion|Basculegion, L50, M|100/100
|switch|p1a: Venusaur|Venusaur, L50, F|100/100
|turn|6
|
|t:|1785479367
|move|p1b: Charizard|Helping Hand|p1a: Venusaur
|-singleturn|p1a: Venusaur|Helping Hand|[of] p1b: Charizard
|move|p1a: Venusaur|Sludge Bomb|p2a: Charizard
|-damage|p2a: Charizard|0 fnt
|faint|p2a: Charizard
|-damage|p1a: Venusaur|90/100|[from] item: Life Orb
|move|p2b: Basculegion|Last Respects|p1a: Venusaur
|-damage|p1a: Venusaur|0 fnt
|faint|p1a: Venusaur
|
|-weather|SunnyDay|[upkeep]
|upkeep
|turn|7
|
|t:|1785479379
|move|p1b: Charizard|Heat Wave|p2b: Basculegion
|-resisted|p2b: Basculegion|1
|-damage|p2b: Basculegion|57/100
|move|p2b: Basculegion|Last Respects|p1b: Charizard
|-damage|p1b: Charizard|0 fnt
|faint|p1b: Charizard
|
|win|goodfish6211
||goodfish6211 is ready for game 2.
||heycoachitsnate is ready for game 2.
|uhtml|next|Next: Game 2 of 3
|l|☆heycoachitsnate
|player|p1|
