|j|☆pirica
|j|☆ilikecsr
|html|piricailikecsr    
|uhtml|bestof|Game 3 of a best-of-3
|t:|1782749178
|gametype|doubles
|player|p1|pirica|roxie|1061
|player|p2|ilikecsr|n|1132
|gen|9
|tier|[Gen 9 Champions] VGC 2026 Reg M-B (Bo3)
|rated|
|rule|Species Clause: Limit one of each Pokémon
|rule|Item Clause: Limit 1 of each item
|clearpoke
|poke|p1|Charizard, L50, F|
|poke|p1|Venusaur, L50, M|
|poke|p1|Whimsicott, L50, F|
|poke|p1|Garchomp, L50, M|
|poke|p1|Scovillain, L50, F|
|poke|p1|Scrafty, L50, M|
|poke|p2|Swampert, L50, F|
|poke|p2|Archaludon, L50, F|
|poke|p2|Sableye, L50, M|
|poke|p2|Sinistcha-Masterpiece, L50|
|poke|p2|Pelipper, L50, M|
|poke|p2|Floette-Eternal, L50, F|
|teampreview|4
|showteam|p1|Charizard||CharizarditeY|SolarPower|Protect,HeatWave,WeatherBall,SolarBeam|Timid||F|||50|]Venusaur||LifeOrb|Chlorophyll|SludgeBomb,EarthPower,Protect,GigaDrain|Modest||M|||50|]Whimsicott||FocusSash|Prankster|Moonblast,Tailwind,SunnyDay,HelpingHand|Bold||F|||50|]Garchomp||ChoiceScarf|RoughSkin|StompingTantrum,DragonClaw,RockSlide,PoisonJab|Jolly||M|||50|]Scovillain||Scovillainite|Moody|Protect,RagePowder,Overheat,EnergyBall|Calm||F|||50|]Scrafty||SitrusBerry|Intimidate|KnockOff,FakeOut,Taunt,BrickBreak|Careful||M|||50|
|showteam|p2|Swampert||Swampertite|Torrent|WaveCrash,Earthquake,IcePunch,Protect|Adamant||F|||50|]Archaludon||Leftovers|Stamina|ElectroShot,DragonPulse,FlashCannon,Protect|Modest||F|||50|]Sableye||LightClay|Prankster|Reflect,LightScreen,RainDance,Encore|Sassy||M|||50|]Sinistcha-Masterpiece||RoseliBerry|Hospitality|MatchaGotcha,RagePowder,TrickRoom,Protect|Sassy|||||50|]Pelipper||FocusSash|Drizzle|WeatherBall,Hurricane,Tailwind,Protect|Modest||M|||50|]Floette-Eternal||Floettite|FlowerVeil|Moonblast,DazzlingGleam,LightofRuin,Protect|Modest||F|||50|
|inactive|Battle timer is ON: inactive players will automatically lose when time's up. (requested by ilikecsr)
|
|t:|1782749202
|teamsize|p1|4
|teamsize|p2|4
|start
|switch|p1a: Charizard|Charizard, L50, F|100/100
|switch|p1b: Scrafty|Scrafty, L50, M|100/100
|switch|p2a: Sableye|Sableye, L50, M|100/100
|switch|p2b: Archaludon|Archaludon, L50, F|100/100
|-ability|p1b: Scrafty|Intimidate|boost
|-unboost|p2a: Sableye|atk|1
|-unboost|p2b: Archaludon|atk|1
|turn|1
|
|t:|1782749214
|move|p1a: Charizard|Protect|p1a: Charizard
|-singleturn|p1a: Charizard|Protect
|move|p2a: Sableye|Rain Dance|p2a: Sableye
|-weather|RainDance
|move|p2b: Archaludon|Electro Shot||[still]
|-prepare|p2b: Archaludon|Electro Shot
|-boost|p2b: Archaludon|spa|1
|-anim|p2b: Archaludon|Electro Shot|p1b: Scrafty
|-damage|p1b: Scrafty|51/100
|move|p1b: Scrafty|Taunt|p2a: Sableye
|-start|p2a: Sableye|move: Taunt
|
|-weather|RainDance|[upkeep]
|upkeep
|turn|2
|
|t:|1782749234
|detailschange|p1a: Charizard|Charizard-Mega-Y, L50, F
|-mega|p1a: Charizard|Charizard|Charizardite Y
|-weather|SunnyDay|[from] ability: Drought|[of] p1a: Charizard
|move|p1a: Charizard|Heat Wave|p2b: Archaludon|[spread] p2a,p2b
|-damage|p2a: Sableye|26/100
|-damage|p2b: Archaludon|39/100
|-ability|p2b: Archaludon|Stamina|boost
|-boost|p2b: Archaludon|def|1
|move|p2b: Archaludon|Dragon Pulse|p1a: Charizard
|-damage|p1a: Charizard|35/100
|move|p1b: Scrafty|Knock Off|p2a: Sableye
|-damage|p2a: Sableye|0 fnt
|-enditem|p2a: Sableye|Light Clay|[from] move: Knock Off|[of] p1b: Scrafty
|faint|p2a: Sableye
|
|-weather|SunnyDay|[upkeep]
|-heal|p2b: Archaludon|45/100|[from] item: Leftovers
|upkeep
|
|t:|1782749248
|switch|p2a: Pelipper|Pelipper, L50, M|100/100
|-weather|RainDance|[from] ability: Drizzle|[of] p2a: Pelipper
|turn|3
|
|t:|1782749271
|switch|p1a: Scovillain|Scovillain, L50, F|100/100
|move|p2a: Pelipper|Hurricane|p1b: Scrafty
|-supereffective|p1b: Scrafty|1
|-damage|p1b: Scrafty|0 fnt
|faint|p1b: Scrafty
|move|p2b: Archaludon|Dragon Pulse|p1a: Scovillain
|-damage|p1a: Scovillain|29/100
|
|-weather|RainDance|[upkeep]
|-heal|p2b: Archaludon|51/100|[from] item: Leftovers
|-ability|p1a: Scovillain|Moody|boost
|-boost|p1a: Scovillain|spe|2
|-unboost|p1a: Scovillain|spa|1
|upkeep
|
|t:|1782749281
|switch|p1b: Charizard|Charizard-Mega-Y, L50, F|35/100
|-weather|SunnyDay|[from] ability: Drought|[of] p1b: Charizard
|turn|4
|inactive|pirica has 30 seconds left.
|inactive|ilikecsr has 30 seconds left.
|inactive|pirica has 20 seconds left.
|
|t:|1782749321
|switch|p2a: Swampert|Swampert, L50, F|100/100
|move|p2b: Archaludon|Protect|p2b: Archaludon
|-singleturn|p2b: Archaludon|Protect
|move|p1a: Scovillain|Rage Powder|p1a: Scovillain
|-singleturn|p1a: Scovillain|move: Rage Powder
|move|p1b: Charizard|Heat Wave|p2a: Swampert|[spread] p2a
|-activate|p2b: Archaludon|move: Protect
|-resisted|p2a: Swampert|1
|-damage|p2a: Swampert|67/100
|
|-weather|SunnyDay|[upkeep]
|-heal|p2b: Archaludon|57/100|[from] item: Leftovers
|-ability|p1a: Scovillain|Moody|boost
|-boost|p1a: Scovillain|spa|2
|-unboost|p1a: Scovillain|spd|1
|upkeep
|turn|5
|inactive|ilikecsr has 30 seconds left.
|inactive|ilikecsr has 20 seconds left.
|inactive|ilikecsr has 15 seconds left.
|inactive|pirica has 30 seconds left.
|inactive|ilikecsr has 10 seconds left.
|inactive|ilikecsr has 5 seconds left.
|
|t:|1782749376
|switch|p1b: Venusaur|Venusaur, L50, M|100/100
|move|p1a: Scovillain|Protect|p1a: Scovillain
|-singleturn|p1a: Scovillain|Protect
|move|p2a: Swampert|Wave Crash|p1b: Venusaur
|-resisted|p1b: Venusaur|1
|-damage|p1b: Venusaur|80/100
|-damage|p2a: Swampert|61/100|[from] Recoil
|move|p2b: Archaludon|Electro Shot||[still]
|-prepare|p2b: Archaludon|Electro Shot
|-boost|p2b: Archaludon|spa|1
|
|-weather|SunnyDay|[upkeep]
|-heal|p2b: Archaludon|63/100|[from] item: Leftovers
|-ability|p1a: Scovillain|Moody|boost
|-boost|p1a: Scovillain|spd|2
|-unboost|p1a: Scovillain|def|1
|upkeep
|turn|6
|
|t:|1782749398
|switch|p2a: Pelipper|Pelipper, L50, M|100/100
|-weather|RainDance|[from] ability: Drizzle|[of] p2a: Pelipper
|move|p1a: Scovillain|Overheat|p2b: Archaludon
|-crit|p2b: Archaludon
|-damage|p2b: Archaludon|10/100
|-unboost|p1a: Scovillain|spa|2
|-ability|p2b: Archaludon|Stamina|boost
|-boost|p2b: Archaludon|def|1
|move|p1b: Venusaur|Giga Drain|p2a: Pelipper
|-crit|p2a: Pelipper
|-enditem|p2a: Pelipper|Focus Sash
|-damage|p2a: Pelipper|1/100
|-heal|p1b: Venusaur|100/100|[from] drain|[of] p2a: Pelipper
|-damage|p1b: Venusaur|90/100|[from] item: Life Orb
|move|p2b: Archaludon|Electro Shot|p1a: Scovillain|[from] lockedmove
|-resisted|p1a: Scovillain|1
|-damage|p1a: Scovillain|1/100
|
|-weather|RainDance|[upkeep]
|-heal|p2b: Archaludon|16/100|[from] item: Leftovers
|-ability|p1a: Scovillain|Moody|boost
|-boost|p1a: Scovillain|spa|2
|-unboost|p1a: Scovillain|atk|1
|upkeep
|turn|7
|inactive|pirica has 30 seconds left.
|inactive|ilikecsr has 30 seconds left.
|
|t:|1782749430
|switch|p1a: Charizard|Charizard-Mega-Y, L50, F|35/100
|-weather|SunnyDay|[from] ability: Drought|[of] p1a: Charizard
|move|p1b: Venusaur|Sludge Bomb|p2a: Pelipper
|-damage|p2a: Pelipper|0 fnt
|faint|p2a: Pelipper
|-damage|p1b: Venusaur|80/100|[from] item: Life Orb
|move|p2b: Archaludon|Dragon Pulse|p1b: Venusaur
|-damage|p1b: Venusaur|0 fnt
|faint|p1b: Venusaur
|
|-weather|SunnyDay|[upkeep]
|-heal|p2b: Archaludon|22/100|[from] item: Leftovers
|upkeep
|
|t:|1782749441
|switch|p1b: Scovillain|Scovillain, L50, F|1/100
|switch|p2a: Swampert|Swampert, L50, F|61/100
|turn|8
|inactive|ilikecsr has 30 seconds left.
|
|t:|1782749469
|detailschange|p2a: Swampert|Swampert-Mega, L50, F
|-mega|p2a: Swampert|Swampert|Swampertite
|move|p1b: Scovillain|Rage Powder|p1b: Scovillain
|-singleturn|p1b: Scovillain|move: Rage Powder
|move|p1a: Charizard|Solar Beam||[still]
|-prepare|p1a: Charizard|Solar Beam
|-anim|p1a: Charizard|Solar Beam|p2a: Swampert
|-supereffective|p2a: Swampert|2
|-damage|p2a: Swampert|0 fnt
|faint|p2a: Swampert
|move|p2b: Archaludon|Electro Shot||[still]
|-prepare|p2b: Archaludon|Electro Shot
|-boost|p2b: Archaludon|spa|1
|
|-weather|SunnyDay|[upkeep]
|-heal|p2b: Archaludon|28/100|[from] item: Leftovers
|-ability|p1b: Scovillain|Moody|boost
|-boost|p1b: Scovillain|spa|2
|-unboost|p1b: Scovillain|spd|1
|upkeep
|turn|9
|
|t:|1782749482
|move|p1b: Scovillain|Rage Powder|p1b: Scovillain
|-singleturn|p1b: Scovillain|move: Rage Powder
|move|p1a: Charizard|Weather Ball|p2b: Archaludon
|-damage|p2b: Archaludon|0 fnt
|faint|p2b: Archaludon
|
|win|pirica
|raw|pirica's rating: 1061 → 1098(+37 for winning)
|raw|ilikecsr's rating: 1132 → 1102(-30 for losing)
|c|☆ilikecsr|gg wp
