|j|☆bartcr0987
|j|☆iori696
|html|bartcr0987iori696    
|uhtml|bestof|Game 2 of a best-of-3
|t:|1783392209
|gametype|doubles
|player|p1|bartcr0987|170|
|player|p2|iori696|169|
|gen|9
|tier|[Gen 9 Champions] VGC 2026 Reg M-B (Bo3)
|rule|Species Clause: Limit one of each Pokémon
|rule|Item Clause: Limit 1 of each item
|clearpoke
|poke|p1|Charizard, L50, M, shiny|
|poke|p1|Sneasler, L50, M, shiny|
|poke|p1|Floette-Eternal, L50, F|
|poke|p1|Kingambit, L50, F, shiny|
|poke|p1|Basculegion, L50, M|
|poke|p1|Farigiraf, L50, M|
|poke|p2|Swampert, L50, F|
|poke|p2|Pelipper, L50, M|
|poke|p2|Archaludon, L50, M|
|poke|p2|Grimmsnarl, L50, M|
|poke|p2|Metagross, L50|
|poke|p2|Sinistcha, L50|
|teampreview|4
|showteam|p1|Charizard||CharizarditeY|SolarPower|HeatWave,SolarBeam,WeatherBall,Protect|Timid||M|||50|]Sneasler||FocusSash|PoisonTouch|DireClaw,CloseCombat,Protect,FakeOut|Jolly||M|||50|]Floette-Eternal||Floettite|FlowerVeil|Moonblast,DazzlingGleam,LightofRuin,Protect|Modest||F|||50|]Kingambit||BlackGlasses|Defiant|KowtowCleave,SuckerPunch,SwordsDance,Protect|Adamant||F|||50|]Basculegion||ChoiceScarf|Adaptability|LastRespects,WaveCrash,AquaJet,FlipTurn|Jolly||M|||50|]Farigiraf||SitrusBerry|ArmorTail|TrickRoom,FoulPlay,Psychic,RainDance|Bold||M|||50|
|showteam|p2|Swampert||Swampertite|Torrent|WaveCrash,Earthquake,IcePunch,Protect|Adamant||F|||50|]Pelipper||FocusSash|Drizzle|WeatherBall,Hurricane,Tailwind,Protect|Modest||M|||50|]Archaludon||Leftovers|Stamina|ElectroShot,FlashCannon,DragonPulse,Protect|Modest||M|||50|]Grimmsnarl||LightClay|Prankster|SpiritBreak,LightScreen,Reflect,PartingShot|Careful||M|||50|]Metagross||Metagrossite|ClearBody|IronHead,PsychicFangs,StompingTantrum,Protect|Jolly|||||50|]Sinistcha||CobaBerry|Hospitality|MatchaGotcha,LifeDew,TrickRoom,RagePowder|Bold|||||50|
|inactive|Battle timer is ON: inactive players will automatically lose when time's up. (requested by bartcr0987)
|
|t:|1783392241
|teamsize|p1|4
|teamsize|p2|4
|start
|switch|p1a: Floette|Floette-Eternal, L50, F|100/100
|switch|p1b: Sneasler|Sneasler, L50, M, shiny|100/100
|switch|p2a: Swampert|Swampert, L50, F|100/100
|switch|p2b: Pelipper|Pelipper, L50, M|100/100
|-weather|RainDance|[from] ability: Drizzle|[of] p2b: Pelipper
|turn|1
|inactive|bartcr0987 has 30 seconds left.
|inactive|bartcr0987 has 20 seconds left.
|inactive|bartcr0987 has 15 seconds left.
|inactive|bartcr0987 has 10 seconds left.
|
|t:|1783392288
|detailschange|p1a: Floette|Floette-Mega, L50, F
|-mega|p1a: Floette|Floette|Floettite
|-ability|p1a: Floette|Fairy Aura
|detailschange|p2a: Swampert|Swampert-Mega, L50, F
|-mega|p2a: Swampert|Swampert|Swampertite
|move|p2a: Swampert|Protect|p2a: Swampert
|-singleturn|p2a: Swampert|Protect
|move|p2b: Pelipper|Protect|p2b: Pelipper
|-singleturn|p2b: Pelipper|Protect
|move|p1b: Sneasler|Dire Claw|p2b: Pelipper
|-activate|p2b: Pelipper|move: Protect
|move|p1a: Floette|Moonblast|p2b: Pelipper
|-activate|p2b: Pelipper|move: Protect
|
|-weather|RainDance|[upkeep]
|upkeep
|turn|2
|inactive|iori696 has 30 seconds left.
|
|t:|1783392321
|move|p1a: Floette|Protect|p1a: Floette
|-singleturn|p1a: Floette|Protect
|move|p2a: Swampert|Wave Crash|p1a: Floette
|-activate|p1a: Floette|move: Protect
|move|p1b: Sneasler|Dire Claw|p2b: Pelipper
|-damage|p2b: Pelipper|46/100
|move|p2b: Pelipper|Tailwind|p2b: Pelipper
|-sidestart|p2: iori696|move: Tailwind
|
|-weather|RainDance|[upkeep]
|upkeep
|turn|3
|inactive|bartcr0987 has 30 seconds left.
|
|t:|1783392351
|switch|p1a: Farigiraf|Farigiraf, L50, M|100/100
|move|p2a: Swampert|Wave Crash|p1a: Farigiraf
|-damage|p1a: Farigiraf|21/100
|-enditem|p1a: Farigiraf|Sitrus Berry|[eat]
|-heal|p1a: Farigiraf|46/100|[from] item: Sitrus Berry
|-damage|p2a: Swampert|70/100|[from] Recoil
|move|p2b: Pelipper|Hurricane|p1b: Sneasler
|-supereffective|p1b: Sneasler|1
|-enditem|p1b: Sneasler|Focus Sash
|-damage|p1b: Sneasler|1/100
|move|p1b: Sneasler|Close Combat|p2a: Swampert
|-damage|p2a: Swampert|22/100
|-unboost|p1b: Sneasler|def|1
|-unboost|p1b: Sneasler|spd|1
|
|-weather|RainDance|[upkeep]
|upkeep
|turn|4
|
|t:|1783392363
|move|p1b: Sneasler|Protect|p1b: Sneasler
|-singleturn|p1b: Sneasler|Protect
|move|p2a: Swampert|Earthquake|p1b: Sneasler|[spread] p1a
|-activate|p1b: Sneasler|move: Protect
|-immune|p2b: Pelipper
|-damage|p1a: Farigiraf|12/100
|move|p2b: Pelipper|Weather Ball|p1a: Farigiraf
|-damage|p1a: Farigiraf|0 fnt
|faint|p1a: Farigiraf
|
|-weather|RainDance|[upkeep]
|upkeep
|
|t:|1783392373
|switch|p1a: Kingambit|Kingambit, L50, F, shiny|100/100
|turn|5
|inactive|iori696 has 30 seconds left.
|inactive|iori696 has 20 seconds left.
|
|t:|1783392412
|move|p1a: Kingambit|Sucker Punch|p2b: Pelipper
|-damage|p2b: Pelipper|0 fnt
|faint|p2b: Pelipper
|move|p2a: Swampert|Earthquake|p1b: Sneasler|[spread] p1a,p1b
|-supereffective|p1a: Kingambit|1
|-supereffective|p1b: Sneasler|1
|-damage|p1a: Kingambit|30/100
|-damage|p1b: Sneasler|0 fnt
|faint|p1b: Sneasler
|
|-weather|none
|-sideend|p2: iori696|move: Tailwind
|upkeep
|
|t:|1783392426
|switch|p1b: Floette|Floette-Mega, L50, F|100/100
|switch|p2b: Grimmsnarl|Grimmsnarl, L50, M|100/100
|-ability|p1b: Floette|Fairy Aura
|turn|6
|
|t:|1783392442
|move|p1b: Floette|Protect|p1b: Floette
|-singleturn|p1b: Floette|Protect
|move|p2a: Swampert|Protect|p2a: Swampert
|-singleturn|p2a: Swampert|Protect
|move|p2b: Grimmsnarl|Light Screen|p2b: Grimmsnarl
|-sidestart|p2: iori696|move: Light Screen
|move|p1a: Kingambit|Sucker Punch||[still]
|-fail|p1a: Kingambit
|
|upkeep
|turn|7
|
|t:|1783392460
|switch|p2a: Archaludon|Archaludon, L50, M|100/100
|move|p2b: Grimmsnarl|Parting Shot|p1b: Floette
|-unboost|p1b: Floette|atk|1
|-unboost|p1b: Floette|spa|1
|
|t:|1783392464
|switch|p2b: Swampert|Swampert-Mega, L50, F|22/100|[from] Parting Shot
|move|p1a: Kingambit|Sucker Punch||[still]
|-fail|p1a: Kingambit
|move|p1b: Floette|Dazzling Gleam|p2b: Swampert|[spread] p2a,p2b
|-damage|p2a: Archaludon|74/100
|-damage|p2b: Swampert|3/100
|-ability|p2a: Archaludon|Stamina|boost
|-boost|p2a: Archaludon|def|1
|
|-heal|p2a: Archaludon|80/100|[from] item: Leftovers
|upkeep
|turn|8
|inactive|iori696 has 30 seconds left.
|
|t:|1783392491
|move|p1a: Kingambit|Protect|p1a: Kingambit
|-singleturn|p1a: Kingambit|Protect
|move|p1b: Floette|Light of Ruin|p2a: Archaludon
|-damage|p2a: Archaludon|27/100
|-ability|p2a: Archaludon|Stamina|boost
|-boost|p2a: Archaludon|def|1
|-damage|p1b: Floette|67/100|[from] Recoil
|move|p2b: Swampert|Wave Crash|p1a: Kingambit
|-activate|p1a: Kingambit|move: Protect
|move|p2a: Archaludon|Flash Cannon|p1b: Floette
|-supereffective|p1b: Floette|1
|-damage|p1b: Floette|4/100
|-unboost|p1b: Floette|spd|1
|
|-heal|p2a: Archaludon|33/100|[from] item: Leftovers
|upkeep
|turn|9
|
|t:|1783392506
|switch|p2b: Grimmsnarl|Grimmsnarl, L50, M|100/100
|move|p2a: Archaludon|Protect|p2a: Archaludon
|-singleturn|p2a: Archaludon|Protect
|move|p1a: Kingambit|Sucker Punch||[still]
|-fail|p1a: Kingambit
|move|p1b: Floette|Dazzling Gleam|p2b: Grimmsnarl|[spread] p2b
|-activate|p2a: Archaludon|move: Protect
|-supereffective|p2b: Grimmsnarl|1
|-damage|p2b: Grimmsnarl|61/100
|
|-heal|p2a: Archaludon|39/100|[from] item: Leftovers
|upkeep
|turn|10
|inactive|bartcr0987 has 30 seconds left.
|
|t:|1783392537
|move|p1a: Kingambit|Sucker Punch|p2a: Archaludon
|-damage|p2a: Archaludon|22/100
|-ability|p2a: Archaludon|Stamina|boost
|-boost|p2a: Archaludon|def|1
|move|p1b: Floette|Moonblast|p2a: Archaludon
|-damage|p2a: Archaludon|0 fnt
|faint|p2a: Archaludon
|move|p2b: Grimmsnarl|Spirit Break|p1b: Floette
|-damage|p1b: Floette|0 fnt
|faint|p1b: Floette
|
|upkeep
|
|t:|1783392546
|switch|p2a: Swampert|Swampert-Mega, L50, F|3/100
|turn|11
|
|t:|1783392550
|move|p2a: Swampert|Protect|p2a: Swampert
|-singleturn|p2a: Swampert|Protect
|move|p1a: Kingambit|Protect|p1a: Kingambit
|-singleturn|p1a: Kingambit|Protect
|move|p2b: Grimmsnarl|Spirit Break|p1a: Kingambit
|-activate|p1a: Kingambit|move: Protect
|
|upkeep
|turn|12
|
|t:|1783392567
|move|p2a: Swampert|Protect|p2a: Swampert
|-singleturn|p2a: Swampert|Protect
|move|p1a: Kingambit|Sucker Punch|p2b: Grimmsnarl
|-resisted|p2b: Grimmsnarl|2
|-damage|p2b: Grimmsnarl|48/100
|move|p2b: Grimmsnarl|Spirit Break|p1a: Kingambit
|-damage|p1a: Kingambit|8/100
|-unboost|p1a: Kingambit|spa|1
|-ability|p1a: Kingambit|Defiant|boost
|-boost|p1a: Kingambit|atk|2
|
|upkeep
|turn|13
|
|t:|1783392579
|move|p1a: Kingambit|Protect|p1a: Kingambit
|-singleturn|p1a: Kingambit|Protect
|move|p2a: Swampert|Wave Crash|p1a: Kingambit
|-activate|p1a: Kingambit|move: Protect
|move|p2b: Grimmsnarl|Spirit Break|p1a: Kingambit
|-activate|p1a: Kingambit|move: Protect
|
|-sideend|p2: iori696|move: Light Screen
|upkeep
|turn|14
|
|t:|1783392587
|move|p1a: Kingambit|Sucker Punch|p2a: Swampert
|-damage|p2a: Swampert|0 fnt
|faint|p2a: Swampert
|move|p2b: Grimmsnarl|Spirit Break|p1a: Kingambit
|-damage|p1a: Kingambit|0 fnt
|faint|p1a: Kingambit
|
|win|iori696
