|j|☆tipolucha
|j|☆Aketzagar18
|html|tipoluchaAketzagar18    
|uhtml|bestof|Game 1 of a best-of-3
|t:|1783963636
|gametype|doubles
|player|p1|tipolucha|169|1122
|player|p2|Aketzagar18|170|1046
|gen|9
|tier|[Gen 9 Champions] VGC 2026 Reg M-B (Bo3)
|rated|
|rule|Species Clause: Limit one of each Pokémon
|rule|Item Clause: Limit 1 of each item
|clearpoke
|poke|p1|Sableye, L50, M|
|poke|p1|Kingambit, L50, M|
|poke|p1|Sneasler, L50, M|
|poke|p1|Aerodactyl, L50, F|
|poke|p1|Charizard, L50, F|
|poke|p1|Scizor, L50, F|
|poke|p2|Incineroar, L50, F|
|poke|p2|Maushold, L50|
|poke|p2|Sinistcha, L50|
|poke|p2|Sneasler, L50, M|
|poke|p2|Blastoise, L50, M|
|poke|p2|Delphox, L50, M|
|teampreview|4
|showteam|p1|Sableye||SitrusBerry|Prankster|SunnyDay,Encore,FakeOut,WillOWisp|Careful||M|||50|]Kingambit||BlackGlasses|Defiant|KowtowCleave,IronHead,SuckerPunch,Protect|Brave||M|||50|]Sneasler||WhiteHerb|Unburden|FakeOut,Coaching,CloseCombat,DireClaw|Adamant||M|||50|]Aerodactyl||FocusSash|RockHead|WideGuard,DualWingbeat,RockSlide,Tailwind|Jolly||F|||50|]Charizard||CharizarditeY|SolarPower|WeatherBall,HeatWave,SolarBeam,Protect|Modest||F|||50|]Scizor||Scizorite|Technician|BulletPunch,BugBite,BrickBreak,DualWingbeat|Adamant||F|||50|
|showteam|p2|Incineroar||SitrusBerry|Intimidate|FakeOut,FlareBlitz,ThroatChop,PartingShot|Impish||F|||50|]Maushold||ChopleBerry|FriendGuard|SuperFang,Feint,FollowMe,Protect|Impish|||||50|]Sinistcha||KasibBerry|Hospitality|MatchaGotcha,LifeDew,RagePowder,Protect|Bold|||||50|]Sneasler||FocusSash|PoisonTouch|FakeOut,CloseCombat,DireClaw,QuickGuard|Jolly||M|||50|]Blastoise||Blastoisinite|RainDish|WaterSpout,DarkPulse,ShellSmash,Protect|Modest||M|||50|]Delphox||Delphoxite|Blaze|HeatWave,Psyshock,NastyPlot,Protect|Timid||M|||50|
|inactive|Battle timer is ON: inactive players will automatically lose when time's up. (requested by Aketzagar18)
|inactive|tipolucha has 60 seconds left.
|inactive|Aketzagar18 has 60 seconds left.
|inactive|Aketzagar18 has 30 seconds left.
|inactive|Aketzagar18 has 20 seconds left.
|inactive|Aketzagar18 has 15 seconds left.
|inactive|Aketzagar18 has 10 seconds left.
|
|t:|1783963720
|teamsize|p1|4
|teamsize|p2|4
|start
|switch|p1a: Aerodactyl|Aerodactyl, L50, F|100/100
|switch|p1b: Kingambit|Kingambit, L50, M|100/100
|switch|p2a: Maushold|Maushold, L50|100/100
|switch|p2b: Blastoise|Blastoise, L50, M|100/100
|turn|1
|
|t:|1783963736
|detailschange|p2b: Blastoise|Blastoise-Mega, L50, M
|-mega|p2b: Blastoise|Blastoise|Blastoisinite
|move|p2a: Maushold|Follow Me|p2a: Maushold
|-singleturn|p2a: Maushold|move: Follow Me
|move|p1a: Aerodactyl|Rock Slide|p2b: Blastoise|[spread] p2a,p2b
|-damage|p2a: Maushold|79/100
|-damage|p2b: Blastoise|83/100
|move|p2b: Blastoise|Shell Smash|p2b: Blastoise
|-unboost|p2b: Blastoise|def|1
|-unboost|p2b: Blastoise|spd|1
|-boost|p2b: Blastoise|atk|2
|-boost|p2b: Blastoise|spa|2
|-boost|p2b: Blastoise|spe|2
|move|p1b: Kingambit|Kowtow Cleave|p2a: Maushold
|-damage|p2a: Maushold|16/100
|
|upkeep
|turn|2
|j| Rolling Stonedge
|inactive|Aketzagar18 has 30 seconds left.
|inactive|Aketzagar18 has 20 seconds left.
|
|t:|1783963772
|move|p1a: Aerodactyl|Wide Guard|p1a: Aerodactyl
|-singleturn|p1a: Aerodactyl|Wide Guard
|move|p2a: Maushold|Follow Me|p2a: Maushold
|-singleturn|p2a: Maushold|move: Follow Me
|move|p2b: Blastoise|Dark Pulse|p1a: Aerodactyl
|-enditem|p1a: Aerodactyl|Focus Sash
|-damage|p1a: Aerodactyl|1/100
|move|p1b: Kingambit|Kowtow Cleave|p2a: Maushold
|-damage|p2a: Maushold|0 fnt
|faint|p2a: Maushold
|
|upkeep
|
|t:|1783963785
|switch|p2a: Incineroar|Incineroar, L50, F|100/100
|-ability|p2a: Incineroar|Intimidate|boost
|-unboost|p1a: Aerodactyl|atk|1
|-unboost|p1b: Kingambit|atk|1
|-ability|p1b: Kingambit|Defiant|boost
|-boost|p1b: Kingambit|atk|2
|turn|3
|
|t:|1783963798
|switch|p1a: Charizard|Charizard, L50, F|100/100
|move|p1b: Kingambit|Protect|p1b: Kingambit
|-singleturn|p1b: Kingambit|Protect
|move|p2a: Incineroar|Fake Out|p1b: Kingambit
|-activate|p1b: Kingambit|move: Protect
|move|p2b: Blastoise|Dark Pulse|p1a: Charizard
|-damage|p1a: Charizard|0 fnt
|faint|p1a: Charizard
|
|upkeep
|
|t:|1783963807
|switch|p1a: Aerodactyl|Aerodactyl, L50, F|1/100
|turn|4
|
|t:|1783963817
|move|p2b: Blastoise|Protect|p2b: Blastoise
|-singleturn|p2b: Blastoise|Protect
|move|p1b: Kingambit|Sucker Punch||[still]
|-fail|p1b: Kingambit
|move|p1a: Aerodactyl|Rock Slide|p2b: Blastoise|[spread] p2a
|-activate|p2b: Blastoise|move: Protect
|-supereffective|p2a: Incineroar|1
|-damage|p2a: Incineroar|66/100
|cant|p2a: Incineroar|flinch
|
|upkeep
|turn|5
|inactive|Aketzagar18 has 30 seconds left.
|inactive|Aketzagar18 has 20 seconds left.
|inactive|Aketzagar18 has 15 seconds left.
|inactive|Aketzagar18 has 10 seconds left.
|inactive|Aketzagar18 has 5 seconds left.
|
|t:|1783963869
|move|p1b: Kingambit|Sucker Punch|p2b: Blastoise
|-damage|p2b: Blastoise|0 fnt
|faint|p2b: Blastoise
|move|p1a: Aerodactyl|Rock Slide|p2a: Incineroar
|-supereffective|p2a: Incineroar|1
|-damage|p2a: Incineroar|27/100
|-enditem|p2a: Incineroar|Sitrus Berry|[eat]
|-heal|p2a: Incineroar|52/100|[from] item: Sitrus Berry
|move|p2a: Incineroar|Flare Blitz|p1b: Kingambit
|-supereffective|p1b: Kingambit|1
|-damage|p1b: Kingambit|33/100
|-damage|p2a: Incineroar|29/100|[from] Recoil
|
|upkeep
|
|t:|1783963877
|switch|p2b: Sinistcha|Sinistcha, L50|100/100
|-heal|p2a: Incineroar|54/100|[from] ability: Hospitality|[of] p2b: Sinistcha
|turn|6
|
|t:|1783963892
|move|p1a: Aerodactyl|Rock Slide|p2b: Sinistcha|[spread] p2a,p2b
|-supereffective|p2a: Incineroar|1
|-damage|p2a: Incineroar|24/100
|-damage|p2b: Sinistcha|82/100
|move|p2b: Sinistcha|Matcha Gotcha|p1a: Aerodactyl|[spread] p1a,p1b
|-resisted|p1b: Kingambit|1
|-damage|p1a: Aerodactyl|0 fnt
|-heal|p2b: Sinistcha|83/100|[from] drain|[of] p1a: Aerodactyl
|-damage|p1b: Kingambit|21/100
|-heal|p2b: Sinistcha|90/100|[from] drain|[of] p1b: Kingambit
|-status|p1b: Kingambit|brn
|faint|p1a: Aerodactyl
|cant|p2a: Incineroar|flinch
|move|p1b: Kingambit|Kowtow Cleave|p2b: Sinistcha
|-supereffective|p2b: Sinistcha|1
|-damage|p2b: Sinistcha|17/100
|
|-damage|p1b: Kingambit|15/100 brn|[from] brn
|upkeep
|
|t:|1783963902
|switch|p1a: Scizor|Scizor, L50, F|100/100
|turn|7
|inactive|Aketzagar18 has 30 seconds left.
|inactive|Aketzagar18 has 20 seconds left.
|inactive|Aketzagar18 has 15 seconds left.
|
|t:|1783963944
|detailschange|p1a: Scizor|Scizor-Mega, L50, F
|-mega|p1a: Scizor|Scizor|Scizorite
|move|p1a: Scizor|Bullet Punch|p2a: Incineroar
|-resisted|p2a: Incineroar|1
|-damage|p2a: Incineroar|10/100
|move|p2b: Sinistcha|Life Dew|p2b: Sinistcha|[spread] p2a,p2b
|-heal|p2a: Incineroar|35/100
|-heal|p2b: Sinistcha|43/100
|move|p2a: Incineroar|Flare Blitz|p1a: Scizor
|-supereffective|p1a: Scizor|2
|-damage|p1a: Scizor|0 fnt
|faint|p1a: Scizor
|-damage|p2a: Incineroar|6/100|[from] Recoil
|move|p1b: Kingambit|Kowtow Cleave|p2b: Sinistcha
|-supereffective|p2b: Sinistcha|1
|-damage|p2b: Sinistcha|0 fnt
|faint|p2b: Sinistcha
|
|-damage|p1b: Kingambit|9/100 brn|[from] brn
|upkeep
|turn|8
|
|t:|1783963967
|move|p1b: Kingambit|Sucker Punch||[still]
|-fail|p1b: Kingambit
|move|p2a: Incineroar|Parting Shot|p1b: Kingambit
|-unboost|p1b: Kingambit|atk|1
|-ability|p1b: Kingambit|Defiant|boost
|-boost|p1b: Kingambit|atk|2
|-unboost|p1b: Kingambit|spa|1
|-ability|p1b: Kingambit|Defiant|boost
|-boost|p1b: Kingambit|atk|2
|
|-damage|p1b: Kingambit|3/100 brn|[from] brn
|upkeep
|turn|9
|
|t:|1783963973
|move|p1b: Kingambit|Sucker Punch|p2a: Incineroar
|-resisted|p2a: Incineroar|1
|-damage|p2a: Incineroar|0 fnt
|faint|p2a: Incineroar
|
|win|tipolucha
||tipolucha is ready for game 2.
||Aketzagar18 is ready for game 2.
|uhtml|next|Next: Game 2 of 3
|l| Rolling Stonedge
|l|☆tipolucha
|player|p1|
