|j|☆delphigni
|j|☆MurQrow
|html|delphigniMurQrow    
|uhtml|bestof|Game 1 of a best-of-3
|t:|1756257531
|gametype|doubles
|player|p1|delphigni|1|1151
|player|p2|MurQrow|169|1035
|gen|9
|tier|[Gen 9] VGC 2025 Reg H (Bo3)
|rated|
|rule|Species Clause: Limit one of each Pokémon
|rule|Item Clause: Limit 1 of each item
|clearpoke
|poke|p1|Kommo-o, L50, M|
|poke|p1|Primarina, L50, F|
|poke|p1|Rillaboom, L50, M|
|poke|p1|Electabuzz, L50, F|
|poke|p1|Tyranitar, L50, F|
|poke|p1|Excadrill, L50, F|
|poke|p2|Ninetales-Alola, L50, F|
|poke|p2|Baxcalibur, L50, F|
|poke|p2|Gholdengo, L50|
|poke|p2|Magmar, L50, M|
|poke|p2|Rillaboom, L50, F|
|poke|p2|Flamigo, L50, M|
|teampreview|4
|showteam|p1|Kommo-o||ThroatSpray|Overcoat|ClangingScales,Flamethrower,ClangorousSoul,Protect|||M|||50|,,,,,Fire]Primarina||LifeOrb|LiquidVoice|HyperVoice,Moonblast,Haze,Protect|||F|||50|,,,,,Poison]Rillaboom||MeadowPlate|GrassySurge|WoodHammer,GrassyGlide,FakeOut,Protect|||M|||50|,,,,,Water]Electabuzz||Eviolite|VitalSpirit|FollowMe,Electroweb,HelpingHand,Protect|||F|||50|,,,,,Fairy]Tyranitar||AssaultVest|SandStream|TeraBlast,RockSlide,KnockOff,LowKick|||F|||50|,,,,,Flying]Excadrill||ClearAmulet|SandRush|RockSlide,IronHead,HighHorsepower,Protect|||F|||50|,,,,,Stellar
|showteam|p2|Ninetales-Alola||CovertCloak|SnowWarning|Blizzard,FreezeDry,Encore,AuroraVeil|||F|||50|,,,,,Fire]Baxcalibur||LoadedDice|ThermalExchange|Protect,IceShard,IcicleSpear,ScaleShot|||F|||50|,,,,,Water]Gholdengo||LifeOrb|GoodasGold|NastyPlot,Protect,MakeItRain,ShadowBall||||||50|,,,,,Water]Magmar||Eviolite|VitalSpirit|ClearSmog,FollowMe,Protect,Flamethrower|||M|||50|,,,,,Ghost]Rillaboom||AssaultVest|GrassySurge|FakeOut,GrassyGlide,WoodHammer,HighHorsepower|||F|||50|,,,,,Fire]Flamigo||ChoiceScarf|Scrappy|CloseCombat,BraveBird,DualWingbeat,Tailwind|||M|||50|,,,,,Ghost
|inactive|Battle timer is ON: inactive players will automatically lose when time's up. (requested by delphigni)
|inactive|delphigni has 60 seconds left.
|inactive|MurQrow has 60 seconds left.
|inactive|delphigni has 30 seconds left.
|inactive|delphigni has 20 seconds left.
|inactive|delphigni has 15 seconds left.
|inactive|delphigni has 10 seconds left.
|c|☆MurQrow|buddy?
|inactive|delphigni has 5 seconds left.
|
|t:|1756257621
|teamsize|p1|4
|teamsize|p2|4
|start
|switch|p1a: Yharim|Kommo-o, L50, M, shiny|100/100
|switch|p1b: Primlance|Primarina, L50, F, shiny|100/100
|switch|p2a: Ninetales|Ninetales-Alola, L50, F|100/100
|switch|p2b: Flush five|Baxcalibur, L50, F|100/100
|-weather|Snowscape|[from] ability: Snow Warning|[of] p2a: Ninetales
|turn|1
|c|☆delphigni|got distracted, sorry
|inactive|delphigni has 30 seconds left.
|inactive|MurQrow has 30 seconds left.
|inactive|MurQrow has 20 seconds left.
|
|t:|1756257659
|-terastallize|p1a: Yharim|Fire
|-terastallize|p2b: Flush five|Water
|move|p2a: Ninetales|Aurora Veil|p2a: Ninetales
|-sidestart|p2: MurQrow|move: Aurora Veil
|move|p1a: Yharim|Clangorous Soul|p1a: Yharim
|-boost|p1a: Yharim|atk|1
|-boost|p1a: Yharim|def|1
|-boost|p1a: Yharim|spa|1
|-boost|p1a: Yharim|spd|1
|-boost|p1a: Yharim|spe|1
|-damage|p1a: Yharim|68/100
|-enditem|p1a: Yharim|Throat Spray
|-boost|p1a: Yharim|spa|1|[from] item: Throat Spray
|move|p2b: Flush five|Scale Shot|p1a: Yharim
|-damage|p1a: Yharim|57/100
|-damage|p1a: Yharim|49/100
|-damage|p1a: Yharim|40/100
|-damage|p1a: Yharim|31/100
|-hitcount|p1a: Yharim|4
|-unboost|p2b: Flush five|def|1
|-boost|p2b: Flush five|spe|1
|move|p1b: Primlance|Moonblast|p2b: Flush five
|-damage|p2b: Flush five|50/100
|-damage|p1b: Primlance|91/100|[from] item: Life Orb
|
|-weather|Snowscape|[upkeep]
|upkeep
|turn|2
|inactive|delphigni has 30 seconds left.
|inactive|MurQrow has 30 seconds left.
|
|t:|1756257693
|move|p1a: Yharim|Protect|p1a: Yharim
|-singleturn|p1a: Yharim|Protect
|move|p2b: Flush five|Protect|p2b: Flush five
|-singleturn|p2b: Flush five|Protect
|move|p2a: Ninetales|Blizzard|p1b: Primlance|[spread] p1b
|-activate|p1a: Yharim|move: Protect
|-resisted|p1b: Primlance
|-damage|p1b: Primlance|80/100
|move|p1b: Primlance|Moonblast|p2b: Flush five
|-activate|p2b: Flush five|move: Protect
|
|-weather|Snowscape|[upkeep]
|upkeep
|turn|3
|inactive|MurQrow has 30 seconds left.
|inactive|MurQrow has 20 seconds left.
|inactive|MurQrow has 15 seconds left.
|
|t:|1756257738
|switch|p2b: Rillaboom|Rillaboom, L50, F|100/100
|-fieldstart|move: Grassy Terrain|[from] ability: Grassy Surge|[of] p2b: Rillaboom
|move|p1a: Yharim|Flamethrower|p2a: Ninetales
|-supereffective|p2a: Ninetales
|-damage|p2a: Ninetales|11/100
|move|p2a: Ninetales|Blizzard|p1a: Yharim|[spread] p1a,p1b
|-resisted|p1a: Yharim
|-resisted|p1b: Primlance
|-damage|p1a: Yharim|22/100
|-damage|p1b: Primlance|69/100
|move|p1b: Primlance|Moonblast|p2b: Rillaboom
|-damage|p2b: Rillaboom|73/100
|-damage|p1b: Primlance|59/100|[from] item: Life Orb
|
|-weather|Snowscape|[upkeep]
|-heal|p1a: Yharim|28/100|[from] Grassy Terrain
|-heal|p2a: Ninetales|17/100|[from] Grassy Terrain
|-heal|p2b: Rillaboom|79/100|[from] Grassy Terrain
|-heal|p1b: Primlance|65/100|[from] Grassy Terrain
|upkeep
|turn|4
|inactive|delphigni has 30 seconds left.
|inactive|MurQrow has 30 seconds left.
|inactive|delphigni has 20 seconds left.
|inactive|MurQrow has 20 seconds left.
|
|t:|1756257774
|switch|p2a: Flush five|Baxcalibur, L50, F, tera:Water|50/100
|move|p1a: Yharim|Protect|p1a: Yharim
|-singleturn|p1a: Yharim|Protect
|move|p1b: Primlance|Protect|p1b: Primlance
|-singleturn|p1b: Primlance|Protect
|move|p2b: Rillaboom|Fake Out|p1a: Yharim
|-activate|p1a: Yharim|move: Protect
|
|-weather|Snowscape|[upkeep]
|-heal|p1a: Yharim|35/100|[from] Grassy Terrain
|-heal|p2a: Flush five|56/100|[from] Grassy Terrain
|-heal|p2b: Rillaboom|85/100|[from] Grassy Terrain
|-heal|p1b: Primlance|71/100|[from] Grassy Terrain
|upkeep
|turn|5
|inactive|delphigni has 30 seconds left.
|
|t:|1756257804
|move|p2a: Flush five|Protect|p2a: Flush five
|-singleturn|p2a: Flush five|Protect
|move|p1a: Yharim|Clanging Scales|p2b: Rillaboom|[spread] p2b
|-activate|p2a: Flush five|move: Protect
|-damage|p2b: Rillaboom|57/100
|-unboost|p1a: Yharim|def|1
|move|p2b: Rillaboom|High Horsepower|p1a: Yharim
|-supereffective|p1a: Yharim
|-damage|p1a: Yharim|0 fnt
|faint|p1a: Yharim
|move|p1b: Primlance|Moonblast|p2a: Flush five
|-activate|p2a: Flush five|move: Protect
|
|-weather|none
|-heal|p2a: Flush five|62/100|[from] Grassy Terrain
|-heal|p2b: Rillaboom|63/100|[from] Grassy Terrain
|-heal|p1b: Primlance|77/100|[from] Grassy Terrain
|-sideend|p2: MurQrow|move: Aurora Veil
|upkeep
|
|t:|1756257808
|switch|p1a: Rilleboom|Rillaboom, L50, M, shiny|100/100
|turn|6
|
|t:|1756257830
|switch|p2a: Gholdengo|Gholdengo, L50|100/100
|switch|p2b: Ninetales|Ninetales-Alola, L50, F|17/100
|-weather|Snowscape|[from] ability: Snow Warning|[of] p2b: Ninetales
|switch|p1b: Bumblebirb|Electabuzz, L50, F, shiny|100/100
|move|p1a: Rilleboom|Grassy Glide|p2a: Gholdengo
|-resisted|p2a: Gholdengo
|-damage|p2a: Gholdengo|75/100
|
|-weather|Snowscape|[upkeep]
|-heal|p2b: Ninetales|23/100|[from] Grassy Terrain
|-heal|p2a: Gholdengo|80/100|[from] Grassy Terrain
|upkeep
|turn|7
|inactive|MurQrow has 30 seconds left.
|
|t:|1756257861
|move|p1a: Rilleboom|Grassy Glide|p2b: Ninetales
|-damage|p2b: Ninetales|0 fnt
|faint|p2b: Ninetales
|move|p1b: Bumblebirb|Electroweb|p2a: Gholdengo
|-damage|p2a: Gholdengo|58/100
|-unboost|p2a: Gholdengo|spe|1
|move|p2a: Gholdengo|Nasty Plot|p2a: Gholdengo
|-boost|p2a: Gholdengo|spa|2
|
|-weather|Snowscape|[upkeep]
|-heal|p2a: Gholdengo|63/100|[from] Grassy Terrain
|-fieldend|move: Grassy Terrain
|upkeep
|
|t:|1756257878
|switch|p2b: Rillaboom|Rillaboom, L50, F|63/100
|-fieldstart|move: Grassy Terrain|[from] ability: Grassy Surge|[of] p2b: Rillaboom
|turn|8
|
|t:|1756257894
|move|p1a: Rilleboom|Protect|p1a: Rilleboom
|-singleturn|p1a: Rilleboom|Protect
|move|p2b: Rillaboom|Fake Out|p1a: Rilleboom
|-activate|p1a: Rilleboom|move: Protect
|move|p1b: Bumblebirb|Electroweb|p2a: Gholdengo|[spread] p2a,p2b
|-resisted|p2b: Rillaboom
|-damage|p2a: Gholdengo|47/100
|-damage|p2b: Rillaboom|58/100
|-unboost|p2a: Gholdengo|spe|1
|-unboost|p2b: Rillaboom|spe|1
|move|p2a: Gholdengo|Shadow Ball|p1b: Bumblebirb
|-damage|p1b: Bumblebirb|13/100
|-damage|p2a: Gholdengo|37/100|[from] item: Life Orb
|
|-weather|Snowscape|[upkeep]
|-heal|p1b: Bumblebirb|19/100|[from] Grassy Terrain
|-heal|p2b: Rillaboom|64/100|[from] Grassy Terrain
|-heal|p2a: Gholdengo|43/100|[from] Grassy Terrain
|upkeep
|turn|9
|
|t:|1756257914
|move|p1b: Bumblebirb|Protect|p1b: Bumblebirb
|-singleturn|p1b: Bumblebirb|Protect
|move|p2b: Rillaboom|Grassy Glide|p1b: Bumblebirb
|-activate|p1b: Bumblebirb|move: Protect
|move|p1a: Rilleboom|Wood Hammer|p2a: Gholdengo
|-resisted|p2a: Gholdengo
|-damage|p2a: Gholdengo|0 fnt
|faint|p2a: Gholdengo
|-damage|p1a: Rilleboom|88/100|[from] Recoil
|
|-weather|Snowscape|[upkeep]
|-heal|p1b: Bumblebirb|25/100|[from] Grassy Terrain
|-heal|p1a: Rilleboom|94/100|[from] Grassy Terrain
|-heal|p2b: Rillaboom|70/100|[from] Grassy Terrain
|upkeep
|
|t:|1756257926
|switch|p2a: Flush five|Baxcalibur, L50, F, tera:Water|62/100
|turn|10
|
|t:|1756257936
|move|p1b: Bumblebirb|Follow Me|p1b: Bumblebirb
|-singleturn|p1b: Bumblebirb|move: Follow Me
|move|p1a: Rilleboom|Grassy Glide|p2a: Flush five
|-supereffective|p2a: Flush five
|-damage|p2a: Flush five|0 fnt
|faint|p2a: Flush five
|move|p2b: Rillaboom|Grassy Glide|p1b: Bumblebirb
|-damage|p1b: Bumblebirb|0 fnt
|faint|p1b: Bumblebirb
|
|-weather|none
|-heal|p1a: Rilleboom|100/100|[from] Grassy Terrain
|-heal|p2b: Rillaboom|76/100|[from] Grassy Terrain
|upkeep
|
|t:|1756257941
|switch|p1b: Primlance|Primarina, L50, F, shiny|77/100
|turn|11
|
|t:|1756257949
|move|p1b: Primlance|Protect|p1b: Primlance
|-singleturn|p1b: Primlance|Protect
|move|p1a: Rilleboom|Wood Hammer|p2b: Rillaboom
|-resisted|p2b: Rillaboom
|-crit|p2b: Rillaboom
|-damage|p2b: Rillaboom|4/100
|-damage|p1a: Rilleboom|75/100|[from] Recoil
|move|p2b: Rillaboom|Wood Hammer|p1b: Primlance
|-activate|p1b: Primlance|move: Protect
|
|-heal|p1a: Rilleboom|82/100|[from] Grassy Terrain
|-heal|p1b: Primlance|83/100|[from] Grassy Terrain
|-heal|p2b: Rillaboom|10/100|[from] Grassy Terrain
|upkeep
|turn|12
|-message|MurQrow forfeited.
|
|win|delphigni
|l|☆MurQrow
|player|p2|
||MurQrow is ready for game 2.
||delphigni is ready for game 2.
|uhtml|next|Next: Game 2 of 3
