|j|‽babysha
|j|☆vamzam
|html|babyshavamzam    
|uhtml|bestof|Game 2 of a best-of-3
|t:|1785602738
|gametype|doubles
|player|p1|babysha|266|1105
|player|p2|vamzam|2|1187
|gen|9
|tier|[Gen 9 Champions] VGC 2026 Reg M-B (Bo3)
|rated|
|rule|Species Clause: Limit one of each Pokémon
|rule|Item Clause: Limit 1 of each item
|clearpoke
|poke|p1|Aerodactyl, L50, F|
|poke|p1|Kingambit, L50, F|
|poke|p1|Sinistcha, L50|
|poke|p1|Swampert, L50, M|
|poke|p1|Sneasler, L50, M|
|poke|p1|Pelipper, L50, M|
|poke|p2|Arcanine-Hisui, L50, F|
|poke|p2|Whimsicott, L50, F|
|poke|p2|Sneasler, L50, M|
|poke|p2|Garchomp, L50, F|
|poke|p2|Kingambit, L50, M|
|poke|p2|Froslass, L50, F, shiny|
|teampreview|4
|showteam|p1|Aerodactyl||LifeOrb|Unnerve|Tailwind,DualWingbeat,RockSlide,Protect|Jolly||F|||50|]Kingambit||FocusSash|Defiant|KowtowCleave,SuckerPunch,IronHead,Protect|Jolly||F|||50|]Sinistcha||ColburBerry|Hospitality|RagePowder,MatchaGotcha,Imprison,TrickRoom|Bold|||||50|]Swampert||Swampertite|Torrent|WaveCrash,Earthquake,IcePunch,Protect|Adamant||M|||50|]Sneasler||WhiteHerb|Unburden|FakeOut,DireClaw,CloseCombat,Protect|Adamant||M|||50|]Pelipper||DampRock|Drizzle|Tailwind,Hurricane,WeatherBall,Protect|Timid||M|||50|
|showteam|p2|Arcanine-Hisui||FocusSash|RockHead|FlareBlitz,RockSlide,ExtremeSpeed,Protect|Impish||F|||50|]Whimsicott||OccaBerry|Prankster|EnergyBall,Encore,Tailwind,Moonblast|Modest||F|||50|]Sneasler||QuickClaw|PoisonTouch|FakeOut,DireClaw,CloseCombat,ThroatChop|Jolly||M|||50|]Garchomp||LifeOrb|RoughSkin|DragonClaw,Earthquake,RockSlide,Protect|Jolly||F|||50|]Kingambit||BlackGlasses|Defiant|KowtowCleave,IronHead,SuckerPunch,Protect|Adamant||M|||50|]Froslass||Froslassite|CursedBody|Blizzard,Thunderbolt,Protect,ShadowBall|Modest||F|||50|
|inactive|Battle timer is ON: inactive players will automatically lose when time's up. (requested by babysha)
|
|t:|1785602765
|teamsize|p1|4
|teamsize|p2|4
|start
|switch|p1a: Pelipper|Pelipper, L50, M|100/100
|switch|p1b: Swampert|Swampert, L50, M|100/100
|switch|p2a: Sneasler|Sneasler, L50, M|100/100
|switch|p2b: Whimsicott|Whimsicott, L50, F|100/100
|-weather|RainDance|[from] ability: Drizzle|[of] p1a: Pelipper
|turn|1
|
|t:|1785602780
|detailschange|p1b: Swampert|Swampert-Mega, L50, M
|-mega|p1b: Swampert|Swampert|Swampertite
|move|p2a: Sneasler|Fake Out|p1a: Pelipper
|-damage|p1a: Pelipper|81/100
|-status|p1a: Pelipper|psn|[from] ability: Poison Touch|[of] p2a: Sneasler
|move|p1b: Swampert|Earthquake|p2a: Sneasler|[spread] p2a,p2b
|-immune|p1a: Pelipper
|-supereffective|p2a: Sneasler|1
|-resisted|p2b: Whimsicott|1
|-damage|p2a: Sneasler|0 fnt
|-damage|p2b: Whimsicott|67/100
|faint|p2a: Sneasler
|move|p2b: Whimsicott|Energy Ball|p1b: Swampert
|-supereffective|p1b: Swampert|2
|-damage|p1b: Swampert|0 fnt
|faint|p1b: Swampert
|cant|p1a: Pelipper|flinch
|
|-weather|RainDance|[upkeep]
|-damage|p1a: Pelipper|68/100 psn|[from] psn
|upkeep
|
|t:|1785602800
|switch|p2a: Garchomp|Garchomp, L50, F|100/100
|switch|p1b: Sneasler|Sneasler, L50, M|100/100
|turn|2
|
|t:|1785602814
|move|p2b: Whimsicott|Tailwind|p2b: Whimsicott
|-sidestart|p2: vamzam|move: Tailwind
|move|p2a: Garchomp|Earthquake|p1a: Pelipper|[spread] p2b,p1b
|-immune|p1a: Pelipper
|-resisted|p2b: Whimsicott|1
|-supereffective|p1b: Sneasler|1
|-damage|p2b: Whimsicott|29/100
|-damage|p1b: Sneasler|0 fnt
|faint|p1b: Sneasler
|-damage|p2a: Garchomp|90/100|[from] item: Life Orb
|move|p1a: Pelipper|Weather Ball|p2a: Garchomp
|-damage|p2a: Garchomp|31/100
|
|-weather|RainDance|[upkeep]
|-damage|p1a: Pelipper|56/100 psn|[from] psn
|upkeep
|
|t:|1785602825
|switch|p1b: Kingambit|Kingambit, L50, F|100/100
|turn|3
|
|t:|1785602843
|move|p1b: Kingambit|Sucker Punch|p2a: Garchomp
|-damage|p2a: Garchomp|0 fnt
|-damage|p1b: Kingambit|87/100|[from] ability: Rough Skin|[of] p2a: Garchomp
|faint|p2a: Garchomp
|move|p2b: Whimsicott|Moonblast|p1b: Kingambit
|-damage|p1b: Kingambit|42/100
|move|p1a: Pelipper|Hurricane|p2b: Whimsicott
|-supereffective|p2b: Whimsicott|1
|-damage|p2b: Whimsicott|0 fnt
|faint|p2b: Whimsicott
|
|-weather|RainDance|[upkeep]
|-damage|p1a: Pelipper|43/100 psn|[from] psn
|upkeep
|
|t:|1785602856
|switch|p2b: Froslass|Froslass, L50, F, shiny|100/100
|turn|4
|
|t:|1785602864
|detailschange|p2b: Froslass|Froslass-Mega, L50, F, shiny
|-mega|p2b: Froslass|Froslass|Froslassite
|-weather|Snowscape|[from] ability: Snow Warning|[of] p2b: Froslass
|move|p1b: Kingambit|Sucker Punch|p2b: Froslass
|-supereffective|p2b: Froslass|1
|-damage|p2b: Froslass|21/100
|move|p2b: Froslass|Thunderbolt|p1b: Kingambit
|-damage|p1b: Kingambit|0 fnt
|faint|p1b: Kingambit
|move|p1a: Pelipper|Hurricane|p2b: Froslass|[miss]
|-miss|p1a: Pelipper|p2b: Froslass
|
|-weather|Snowscape|[upkeep]
|-damage|p1a: Pelipper|31/100 psn|[from] psn
|upkeep
|turn|5
|-message|babysha forfeited.
|raw|babysha's rating: 1105 → 1086(-19 for losing)
|raw|vamzam's rating: 1187 → 1206(+19 for winning)
|
|win|vamzam
|l|‽babysha
|player|p1|
|l|☆vamzam
|player|p2|
|j|☆vamzam
|player|p2|vamzam|2|
