|j|☆Eagleknight
|j|☆godofsohai
|html|Eagleknightgodofsohai    
|uhtml|bestof|Game 2 of a best-of-3
|t:|1786109273
|gametype|doubles
|player|p1|Eagleknight|hilbert|1109
|player|p2|godofsohai|169|1000
|gen|9
|tier|[Gen 9 Champions] VGC 2026 Reg M-B (Bo3)
|rated|
|rule|Species Clause: Limit one of each Pokémon
|rule|Item Clause: Limit 1 of each item
|clearpoke
|poke|p1|Delphox, L50, F|
|poke|p1|Staraptor, L50, M|
|poke|p1|Whimsicott, L50, F|
|poke|p1|Garchomp, L50, M, shiny|
|poke|p1|Kingambit, L50, M|
|poke|p1|Sneasler, L50, F|
|poke|p2|Scolipede, L50, M|
|poke|p2|Delphox, L50, F|
|poke|p2|Incineroar, L50, M|
|poke|p2|Sinistcha, L50|
|poke|p2|Sneasler, L50, F|
|poke|p2|Kingambit, L50, M|
|teampreview|4
|showteam|p1|Delphox||Delphoxite|Blaze|HeatWave,Psychic,Substitute,Protect|Timid||F|||50|]Staraptor||Staraptite|Intimidate|DualWingbeat,CloseCombat,Roost,Protect|Jolly||M|||50|]Whimsicott||FocusSash|Prankster|Moonblast,Tailwind,Charm,LightScreen|Timid||F|||50|]Garchomp||LifeOrb|RoughSkin|DragonClaw,Earthquake,RockSlide,Protect|Jolly||M|||50|]Kingambit||ChopleBerry|Defiant|KowtowCleave,SuckerPunch,LowKick,Protect|Adamant||M|||50|]Sneasler||WhiteHerb|Unburden|DireClaw,CloseCombat,FakeOut,Protect|Adamant||F|||50|
|showteam|p2|Scolipede||Scolipite|SpeedBoost|LeechLife,RockSlide,SwordsDance,Protect|Adamant||M|||50|]Delphox||Delphoxite|Blaze|HeatWave,Psychic,NastyPlot,Protect|Timid||F|||50|]Incineroar||PasshoBerry|Intimidate|FlareBlitz,DarkestLariat,FakeOut,PartingShot|Impish||M|||50|]Sinistcha||SitrusBerry|Hospitality|MatchaGotcha,RagePowder,TrickRoom,Protect|Bold|||||50|]Sneasler||FocusSash|PoisonTouch|CloseCombat,PoisonJab,FakeOut,Coaching|Jolly||F|||50|]Kingambit||LifeOrb|Defiant|SuckerPunch,KowtowCleave,SwordsDance,Protect|Adamant||M|||50|
|inactive|Battle timer is ON: inactive players will automatically lose when time's up. (requested by godofsohai)
|inactive|Eagleknight has 60 seconds left.
|
|t:|1786109317
|teamsize|p1|4
|teamsize|p2|4
|start
|switch|p1a: Sneasler|Sneasler, L50, F|100/100
|switch|p1b: Kingambit|Kingambit, L50, M|100/100
|switch|p2a: Sneasler|Sneasler, L50, F|100/100
|switch|p2b: Delphox|Delphox, L50, F|100/100
|turn|1
|inactive|Eagleknight has 30 seconds left.
|inactive|godofsohai has 30 seconds left.
|inactive|Eagleknight has 20 seconds left.
|inactive|Eagleknight has 15 seconds left.
|
|t:|1786109361
|switch|p1b: Garchomp|Garchomp, L50, M, shiny|100/100
|move|p2b: Delphox|Protect|p2b: Delphox
|-singleturn|p2b: Delphox|Protect
|move|p1a: Sneasler|Fake Out|p2b: Delphox
|-activate|p2b: Delphox|move: Protect
|move|p2a: Sneasler|Close Combat|p1b: Garchomp
|-damage|p1b: Garchomp|36/100
|-unboost|p2a: Sneasler|def|1
|-unboost|p2a: Sneasler|spd|1
|-damage|p2a: Sneasler|87/100|[from] ability: Rough Skin|[of] p1b: Garchomp
|
|upkeep
|turn|2
|inactive|Eagleknight has 30 seconds left.
|inactive|Eagleknight has 20 seconds left.
|inactive|Eagleknight has 15 seconds left.
|
|t:|1786109405
|switch|p2a: Incineroar|Incineroar, L50, M|100/100
|-ability|p2a: Incineroar|Intimidate|boost
|-unboost|p1a: Sneasler|atk|1
|-unboost|p1b: Garchomp|atk|1
|-enditem|p1a: Sneasler|White Herb
|-clearnegativeboost|p1a: Sneasler|[silent]
|detailschange|p2b: Delphox|Delphox-Mega, L50, F
|-mega|p2b: Delphox|Delphox|Delphoxite
|move|p1a: Sneasler|Dire Claw|p2b: Delphox
|-damage|p2b: Delphox|46/100
|-status|p2b: Delphox|psn
|move|p2b: Delphox|Nasty Plot|p2b: Delphox
|-boost|p2b: Delphox|spa|2
|move|p1b: Garchomp|Rock Slide|p2b: Delphox|[spread] p2a,p2b
|-supereffective|p2a: Incineroar|1
|-supereffective|p2b: Delphox|1
|-damage|p2a: Incineroar|76/100
|-damage|p2b: Delphox|2/100 psn
|-damage|p1b: Garchomp|26/100|[from] item: Life Orb
|
|-damage|p2b: Delphox|0 fnt|[from] psn
|faint|p2b: Delphox
|upkeep
|
|t:|1786109426
|switch|p2b: Sinistcha|Sinistcha, L50|100/100
|-heal|p2a: Incineroar|100/100|[from] ability: Hospitality|[of] p2b: Sinistcha
|turn|3
|inactive|Eagleknight has 30 seconds left.
|inactive|Eagleknight has 20 seconds left.
|inactive|Eagleknight has 15 seconds left.
|inactive|Eagleknight has 10 seconds left.
|
|t:|1786109474
|switch|p1b: Kingambit|Kingambit, L50, M|100/100
|move|p1a: Sneasler|Dire Claw|p2b: Sinistcha
|-damage|p2b: Sinistcha|65/100
|move|p2a: Incineroar|Parting Shot|p1a: Sneasler
|-unboost|p1a: Sneasler|atk|1
|-unboost|p1a: Sneasler|spa|1
|
|t:|1786109482
|switch|p2a: Sneasler|Sneasler, L50, F|87/100|[from] Parting Shot
|move|p2b: Sinistcha|Trick Room|p2b: Sinistcha
|-fieldstart|move: Trick Room|[of] p2b: Sinistcha
|
|upkeep
|turn|4
|inactive|Eagleknight has 30 seconds left.
|inactive|Eagleknight has 20 seconds left.
|inactive|Eagleknight has 15 seconds left.
|
|t:|1786109523
|switch|p1b: Delphox|Delphox, L50, F|100/100
|move|p2a: Sneasler|Fake Out|p1b: Delphox
|-damage|p1b: Delphox|79/100
|move|p2b: Sinistcha|Matcha Gotcha|p1b: Delphox|[spread] p1a,p1b
|-resisted|p1a: Sneasler|1
|-resisted|p1b: Delphox|1
|-damage|p1a: Sneasler|82/100
|-heal|p2b: Sinistcha|73/100|[from] drain|[of] p1a: Sneasler
|-damage|p1b: Delphox|64/100
|-heal|p2b: Sinistcha|80/100|[from] drain|[of] p1b: Delphox
|-status|p1a: Sneasler|brn
|move|p1a: Sneasler|Dire Claw|p2a: Sneasler
|-resisted|p2a: Sneasler|1
|-damage|p2a: Sneasler|76/100
|
|-damage|p1a: Sneasler|76/100 brn|[from] brn
|upkeep
|turn|5
|inactive|Eagleknight has 30 seconds left.
|inactive|godofsohai has 30 seconds left.
|inactive|Eagleknight has 20 seconds left.
|inactive|Eagleknight has 15 seconds left.
|inactive|Eagleknight has 10 seconds left.
|
|t:|1786109571
|switch|p2b: Incineroar|Incineroar, L50, M|100/100
|-ability|p2b: Incineroar|Intimidate|boost
|-unboost|p1a: Sneasler|atk|1
|-unboost|p1b: Delphox|atk|1
|switch|p1a: Kingambit|Kingambit, L50, M|100/100
|move|p1b: Delphox|Heat Wave|p2a: Sneasler|[spread] p2a
|-miss|p1b: Delphox|p2b: Incineroar
|-damage|p2a: Sneasler|32/100
|move|p2a: Sneasler|Poison Jab|p1b: Delphox
|-damage|p1b: Delphox|3/100
|-status|p1b: Delphox|psn|[from] ability: Poison Touch|[of] p2a: Sneasler
|
|-damage|p1b: Delphox|0 fnt|[from] psn
|faint|p1b: Delphox
|upkeep
|inactive|Eagleknight has 30 seconds left.
|inactive|Eagleknight has 20 seconds left.
|
|t:|1786109608
|switch|p1b: Sneasler|Sneasler, L50, F|76/100 brn
|turn|6
|inactive|godofsohai has 30 seconds left.
|
|t:|1786109645
|switch|p2a: Sinistcha|Sinistcha, L50|80/100
|move|p2b: Incineroar|Fake Out|p1a: Kingambit
|-resisted|p1a: Kingambit|1
|-damage|p1a: Kingambit|96/100
|cant|p1a: Kingambit|flinch
|move|p1b: Sneasler|Close Combat|p2a: Sinistcha
|-immune|p2a: Sinistcha
|
|-damage|p1b: Sneasler|70/100 brn|[from] brn
|upkeep
|turn|7
|
|t:|1786109669
|move|p2a: Sinistcha|Protect|p2a: Sinistcha
|-singleturn|p2a: Sinistcha|Protect
|move|p1a: Kingambit|Kowtow Cleave|p2a: Sinistcha
|-activate|p2a: Sinistcha|move: Protect
|move|p2b: Incineroar|Flare Blitz|p1a: Kingambit
|-supereffective|p1a: Kingambit|1
|-damage|p1a: Kingambit|30/100
|-damage|p2b: Incineroar|78/100|[from] Recoil
|move|p1b: Sneasler|Close Combat|p2b: Incineroar
|-supereffective|p2b: Incineroar|1
|-damage|p2b: Incineroar|32/100
|-unboost|p1b: Sneasler|def|1
|-unboost|p1b: Sneasler|spd|1
|
|-damage|p1b: Sneasler|64/100 brn|[from] brn
|-fieldend|move: Trick Room
|upkeep
|turn|8
|inactive|Eagleknight has 30 seconds left.
|inactive|godofsohai has 30 seconds left.
|inactive|Eagleknight has 20 seconds left.
|
|t:|1786109707
|switch|p2b: Sneasler|Sneasler, L50, F|32/100
|move|p1b: Sneasler|Dire Claw|p2a: Sinistcha
|-damage|p2a: Sinistcha|62/100
|-status|p2a: Sinistcha|psn
|move|p2a: Sinistcha|Matcha Gotcha|p1a: Kingambit|[spread] p1a,p1b
|-resisted|p1a: Kingambit|1
|-resisted|p1b: Sneasler|1
|-damage|p1a: Kingambit|19/100
|-heal|p2a: Sinistcha|69/100 psn|[from] drain|[of] p1a: Kingambit
|-damage|p1b: Sneasler|42/100 brn
|-heal|p2a: Sinistcha|79/100 psn|[from] drain|[of] p1b: Sneasler
|move|p1a: Kingambit|Kowtow Cleave|p2a: Sinistcha
|-supereffective|p2a: Sinistcha|1
|-damage|p2a: Sinistcha|3/100 psn
|-enditem|p2a: Sinistcha|Sitrus Berry|[eat]
|-heal|p2a: Sinistcha|28/100 psn|[from] item: Sitrus Berry
|
|-damage|p2a: Sinistcha|16/100 psn|[from] psn
|-damage|p1b: Sneasler|36/100 brn|[from] brn
|upkeep
|turn|9
|inactive|Eagleknight has 30 seconds left.
|inactive|godofsohai has 30 seconds left.
|inactive|Eagleknight has 20 seconds left.
|inactive|godofsohai has 20 seconds left.
|inactive|Eagleknight has 15 seconds left.
|inactive|godofsohai has 15 seconds left.
|inactive|Eagleknight has 10 seconds left.
|
|t:|1786109755
|switch|p2a: Incineroar|Incineroar, L50, M|32/100
|-ability|p2a: Incineroar|Intimidate|boost
|-unboost|p1a: Kingambit|atk|1
|-ability|p1a: Kingambit|Defiant|boost
|-boost|p1a: Kingambit|atk|2
|-unboost|p1b: Sneasler|atk|1
|move|p2b: Sneasler|Fake Out|p1a: Kingambit
|-resisted|p1a: Kingambit|1
|-damage|p1a: Kingambit|13/100
|move|p1b: Sneasler|Dire Claw|p2a: Incineroar
|-damage|p2a: Incineroar|20/100y
|cant|p1a: Kingambit|flinch
|
|-damage|p1b: Sneasler|30/100 brn|[from] brn
|upkeep
|turn|10
|inactive|Eagleknight has 30 seconds left.
|inactive|godofsohai has 30 seconds left.
|inactive|Eagleknight has 20 seconds left.
|inactive|godofsohai has 20 seconds left.
|inactive|Eagleknight has 15 seconds left.
|inactive|godofsohai has 15 seconds left.
|inactive|Eagleknight has 10 seconds left.
|
|t:|1786109803
|move|p2a: Incineroar|Fake Out|p1a: Kingambit
|-resisted|p1a: Kingambit|1
|-damage|p1a: Kingambit|10/100
|cant|p1a: Kingambit|flinch
|move|p2b: Sneasler|Poison Jab|p1b: Sneasler
|-resisted|p1b: Sneasler|1
|-damage|p1b: Sneasler|0 fnt
|faint|p1b: Sneasler
|
|upkeep
|inactive|Eagleknight has 15 seconds left this turn.
|inactive|Eagleknight has 10 seconds left.
|
|t:|1786109811
|switch|p1b: Garchomp|Garchomp, L50, M, shiny|26/100
|turn|11
|inactive|Eagleknight has 10 seconds left this turn.
|inactive|godofsohai has 30 seconds left.
|inactive|godofsohai has 20 seconds left.
|inactive|godofsohai has 15 seconds left.
|
|t:|1786109852
|switch|p2a: Sinistcha|Sinistcha, L50|16/100 psn
|-heal|p2b: Sneasler|57/100|[from] ability: Hospitality|[of] p2a: Sinistcha
|move|p1a: Kingambit|Sucker Punch|p2b: Sneasler
|-resisted|p2b: Sneasler|1
|-damage|p2b: Sneasler|3/100
|move|p2b: Sneasler|Close Combat|p1a: Kingambit
|-supereffective|p1a: Kingambit|2
|-enditem|p1a: Kingambit|Chople Berry|[eat]
|-enditem|p1a: Kingambit|Chople Berry|[weaken]
|-damage|p1a: Kingambit|0 fnt
|-unboost|p2b: Sneasler|def|1
|-unboost|p2b: Sneasler|spd|1
|faint|p1a: Kingambit
|move|p1b: Garchomp|Earthquake|p2b: Sneasler|[spread] p2a,p2b
|-resisted|p2a: Sinistcha|1
|-supereffective|p2b: Sneasler|1
|-damage|p2a: Sinistcha|0 fnt
|-damage|p2b: Sneasler|0 fnt
|faint|p2a: Sinistcha
|faint|p2b: Sneasler
|-damage|p1b: Garchomp|16/100|[from] item: Life Orb
|
|upkeep
|
|t:|1786109871
|switch|p2b: Incineroar|Incineroar, L50, M|20/100y
|-ability|p2b: Incineroar|Intimidate|boost
|-unboost|p1b: Garchomp|atk|1
|turn|12
|inactive|Eagleknight has 10 seconds left this turn.
|
|t:|1786109876
|move|p1b: Garchomp|Protect|p1b: Garchomp
|-singleturn|p1b: Garchomp|Protect
|move|p2b: Incineroar|Fake Out|p1b: Garchomp
|-activate|p1b: Garchomp|move: Protect
|
|upkeep
|turn|13
|inactive|Eagleknight has 10 seconds left this turn.
|c|☆Eagleknight|GG
|
|t:|1786109890
|move|p1b: Garchomp|Earthquake|p2b: Incineroar
|-supereffective|p2b: Incineroar|1
|-damage|p2b: Incineroar|0 fnt
|faint|p2b: Incineroar
|-damage|p1b: Garchomp|7/100|[from] item: Life Orb
|
|win|Eagleknight
|raw|Eagleknight's rating: 1109 → 1126(+17 for winning)
|raw|godofsohai's rating: 1000 → 1000(+0 for losing)
|l|☆godofsohai
|player|p2|
