|j|Ōśånicolas rainier
|j|Ōśådigbat
|html|nicolas rainierdigbat    
|uhtml|bestof|Game 3 of a best-of-3
|t:|1783688356
|gametype|doubles
|player|p1|nicolas rainier|266|
|player|p2|digbat|rocketgrunt|
|gen|9
|tier|[Gen 9 Champions] VGC 2026 Reg M-B (Bo3)
|rule|Species Clause: Limit one of each Pok├®mon
|rule|Item Clause: Limit 1 of each item
|clearpoke
|poke|p1|Floette-Eternal, L50, F|
|poke|p1|Charizard, L50, F|
|poke|p1|Kingambit, L50, F|
|poke|p1|Whimsicott, L50, F|
|poke|p1|Basculegion, L50, M|
|poke|p1|Garchomp, L50, M|
|poke|p2|Dragalge, L50, F|
|poke|p2|Grimmsnarl, L50, M|
|poke|p2|Sinistcha, L50|
|poke|p2|Swampert, L50, M|
|poke|p2|Pelipper, L50, M|
|poke|p2|Archaludon, L50, M|
|teampreview|4
|showteam|p1|Floette-Eternal||Floettite|FlowerVeil|Protect,LightofRuin,Moonblast,DazzlingGleam|Modest||F|||50|]Charizard||CharizarditeY|Blaze|SolarBeam,HeatWave,WeatherBall,Protect|Modest||F|||50|]Kingambit||BlackGlasses|Defiant|IronHead,Protect,KowtowCleave,SuckerPunch|Adamant||F|||50|]Whimsicott||FocusSash|Prankster|Moonblast,Tailwind,Encore,Protect|Timid||F|||50|]Basculegion||MysticWater|Adaptability|WaveCrash,Protect,LastRespects,AquaJet|Adamant||M|||50|]Garchomp||LifeOrb|RoughSkin|StompingTantrum,RockSlide,Protect,DragonClaw|Jolly||M|||50|
|showteam|p2|Dragalge||Dragalgite|Adaptability|DracoMeteor,SludgeBomb,FlipTurn,Protect|Quiet||F|||50|]Grimmsnarl||LightClay|Prankster|LightScreen,Reflect,PartingShot,FoulPlay|Calm||M|||50|]Sinistcha||SitrusBerry|Hospitality|MatchaGotcha,LifeDew,RagePowder,TrickRoom|Sassy|||||50|]Swampert||Swampertite|Torrent|WaveCrash,Earthquake,KnockOff,Protect|Adamant||M|||50|]Pelipper||FocusSash|Drizzle|WeatherBall,Hurricane,Tailwind,WideGuard|Timid||M|||50|]Archaludon||Leftovers|Stamina|FlashCannon,ElectroShot,DragonPulse,Protect|Modest||M|||50|
|c|Ōśådigbat|I just checked mega dragalgea just survives being ohkoed by chomp
|c|Ōśånicolas rainier|life orb dragon claw jolly ?
|c|Ōśådigbat|yh, LOrb jolly
|c|Ōśådigbat|max attack EVs
|c|Ōśånicolas rainier|nice
|c|Ōśådigbat|if it high rolls it can ohko with eq but very unlikely
|c|Ōśådigbat|not eq, sorry
|c|Ōśådigbat|meant dragon claw
|c|Ōśånicolas rainier|stomping ?
|c|Ōśånicolas rainier|oh ok
|
|t:|1783688556
|teamsize|p1|4
|teamsize|p2|4
|start
|switch|p1a: Whimsicott|Whimsicott, L50, F|100/100
|switch|p1b: Floette|Floette-Eternal, L50, F|100/100
|switch|p2a: Sinistcha|Sinistcha, L50|100/100
|switch|p2b: Swampert|Swampert, L50, M|100/100
|turn|1
|c|Ōśånicolas rainier|fuck is a 50/50
|
|t:|1783688638
|switch|p2a: Pelipper|Pelipper, L50, M|100/100
|-weather|RainDance|[from] ability: Drizzle|[of] p2a: Pelipper
|detailschange|p1b: Floette|Floette-Mega, L50, F
|-mega|p1b: Floette|Floette|Floettite
|-ability|p1b: Floette|Fairy Aura
|detailschange|p2b: Swampert|Swampert-Mega, L50, M
|-mega|p2b: Swampert|Swampert|Swampertite
|move|p1b: Floette|Protect|p1b: Floette
|-singleturn|p1b: Floette|Protect
|move|p2b: Swampert|Wave Crash|p1b: Floette
|-activate|p1b: Floette|move: Protect
|move|p1a: Whimsicott|Moonblast|p2b: Swampert
|-damage|p2b: Swampert|64/100
|
|-weather|RainDance|[upkeep]
|upkeep
|turn|2
|c|Ōśådigbat|damn it
|c|Ōśånicolas rainier|ok nice
|
|t:|1783688682
|move|p2b: Swampert|Wave Crash|p1b: Floette
|-damage|p1b: Floette|0 fnt
|faint|p1b: Floette
|-damage|p2b: Swampert|38/100|[from] Recoil
|move|p1a: Whimsicott|Moonblast|p2a: Pelipper
|-damage|p2a: Pelipper|36/100
|move|p2a: Pelipper|Hurricane|p1a: Whimsicott
|-supereffective|p1a: Whimsicott|1
|-enditem|p1a: Whimsicott|Focus Sash
|-damage|p1a: Whimsicott|1/100
|
|-weather|RainDance|[upkeep]
|upkeep
|
|t:|1783688695
|switch|p1b: Basculegion|Basculegion, L50, M|100/100
|turn|3
|
|t:|1783688789
|switch|p2a: Sinistcha|Sinistcha, L50|100/100
|-heal|p2b: Swampert|63/100|[from] ability: Hospitality|[of] p2a: Sinistcha
|move|p2b: Swampert|Protect|p2b: Swampert
|-singleturn|p2b: Swampert|Protect
|move|p1b: Basculegion|Aqua Jet|p2b: Swampert
|-activate|p2b: Swampert|move: Protect
|move|p1a: Whimsicott|Moonblast|p2b: Swampert
|-activate|p2b: Swampert|move: Protect
|
|-weather|RainDance|[upkeep]
|upkeep
|turn|4
|c|Ōśånicolas rainier|frick
|
|t:|1783688809
|switch|p2b: Archaludon|Archaludon, L50, M|100/100
|move|p1a: Whimsicott|Encore||[still]
|-fail|p1a: Whimsicott
|move|p1b: Basculegion|Last Respects|p2a: Sinistcha
|-supereffective|p2a: Sinistcha|1
|-damage|p2a: Sinistcha|0 fnt
|faint|p2a: Sinistcha
|
|-weather|RainDance|[upkeep]
|upkeep
|
|t:|1783688825
|switch|p2a: Swampert|Swampert-Mega, L50, M|63/100
|turn|5
|c|Ōśånicolas rainier|oh gg
|c|Ōśånicolas rainier|i don't have chomp lol
|
|t:|1783688861
|move|p1a: Whimsicott|Protect|p1a: Whimsicott
|-singleturn|p1a: Whimsicott|Protect
|move|p2a: Swampert|Knock Off|p1b: Basculegion
|-supereffective|p1b: Basculegion|1
|-damage|p1b: Basculegion|14/100
|-enditem|p1b: Basculegion|Mystic Water|[from] move: Knock Off|[of] p2a: Swampert
|move|p1b: Basculegion|Last Respects|p2a: Swampert
|-damage|p2a: Swampert|5/100
|move|p2b: Archaludon|Electro Shot||[still]
|-prepare|p2b: Archaludon|Electro Shot
|-boost|p2b: Archaludon|spa|1
|-anim|p2b: Archaludon|Electro Shot|p1a: Whimsicott
|-activate|p1a: Whimsicott|move: Protect
|
|-weather|none
|upkeep
|turn|6
|
|t:|1783688931
|switch|p2b: Pelipper|Pelipper, L50, M|36/100
|-weather|RainDance|[from] ability: Drizzle|[of] p2b: Pelipper
|move|p2a: Swampert|Earthquake|p1a: Whimsicott|[spread] p1a,p1b
|-immune|p2b: Pelipper
|-resisted|p1a: Whimsicott|1
|-damage|p1a: Whimsicott|0 fnt
|-damage|p1b: Basculegion|0 fnt
|faint|p1a: Whimsicott
|faint|p1b: Basculegion
|
|-weather|RainDance|[upkeep]
|upkeep
|
|t:|1783688950
|switch|p1b: Kingambit|Kingambit, L50, F|100/100
|turn|7
|
|t:|1783688980
|switch|p2a: Archaludon|Archaludon, L50, M|100/100
|move|p1b: Kingambit|Sucker Punch|p2b: Pelipper
|-damage|p2b: Pelipper|0 fnt
|faint|p2b: Pelipper
|
|-weather|RainDance|[upkeep]
|upkeep
|c|Ōśådigbat|oh good predict
|
|t:|1783688989
|switch|p2b: Swampert|Swampert-Mega, L50, M|5/100
|turn|8
|c|Ōśånicolas rainier|yeah thx
|c|Ōśådigbat|i thought u were gonna sucker swampert tbh
|c|Ōśånicolas rainier|bro this arch
|
|t:|1783689042
|move|p2b: Swampert|Protect|p2b: Swampert
|-singleturn|p2b: Swampert|Protect
|move|p2a: Archaludon|Electro Shot||[still]
|-prepare|p2a: Archaludon|Electro Shot
|-boost|p2a: Archaludon|spa|1
|-anim|p2a: Archaludon|Electro Shot|p1b: Kingambit
|-damage|p1b: Kingambit|52/100
|move|p1b: Kingambit|Kowtow Cleave|p2a: Archaludon
|-damage|p2a: Archaludon|64/100
|-ability|p2a: Archaludon|Stamina|boost
|-boost|p2a: Archaludon|def|1
|
|-weather|RainDance|[upkeep]
|-heal|p2a: Archaludon|70/100|[from] item: Leftovers
|upkeep
|turn|9
|c|Ōśådigbat|yh, i dont think u can win
|c|Ōśådigbat|arch kinda pins u
|
|t:|1783689073
|move|p1b: Kingambit|Sucker Punch|p2b: Swampert
|-damage|p2b: Swampert|0 fnt
|faint|p2b: Swampert
|move|p2a: Archaludon|Electro Shot||[still]
|-prepare|p2a: Archaludon|Electro Shot
|-boost|p2a: Archaludon|spa|1
|-anim|p2a: Archaludon|Electro Shot|p1b: Kingambit
|-damage|p1b: Kingambit|0 fnt
|faint|p1b: Kingambit
|
|win|digbat
|c|Ōśånicolas rainier|gg
|c|Ōśådigbat|gg
