|j|☆protectthyking34
|j|☆Simone1799
|html|protectthyking34Simone1799    
|uhtml|bestof|Game 1 of a best-of-3
|t:|1785461131
|gametype|doubles
|player|p1|protectthyking34|rocketgrunt|1157
|player|p2|Simone1799|pokemaniac|1133
|gen|9
|tier|[Gen 9 Champions] VGC 2026 Reg M-B (Bo3)
|rated|
|rule|Species Clause: Limit one of each Pokémon
|rule|Item Clause: Limit 1 of each item
|clearpoke
|poke|p1|Delphox, L50, M|
|poke|p1|Incineroar, L50, F|
|poke|p1|Sneasler, L50, M|
|poke|p1|Sinistcha, L50|
|poke|p1|Kingambit, L50, F|
|poke|p1|Blastoise, L50, F|
|poke|p2|Golurk, L50|
|poke|p2|Farigiraf, L50, F|
|poke|p2|Kangaskhan, L50, F|
|poke|p2|Torkoal, L50, M|
|poke|p2|Staraptor, L50, F|
|poke|p2|Gholdengo, L50|
|teampreview|4
|showteam|p1|Delphox||Delphoxite|Blaze|NastyPlot,Protect,Psyshock,HeatWave|Timid||M|||50|]Incineroar||SitrusBerry|Intimidate|FakeOut,PartingShot,FlareBlitz,DarkestLariat|Impish||F|||50|]Sneasler||FocusSash|PoisonTouch|GunkShot,FakeOut,CloseCombat,QuickGuard|Jolly||M|||50|]Sinistcha||OccaBerry|Hospitality|MatchaGotcha,RagePowder,TrickRoom,Protect|Calm|||||50|]Kingambit||BlackGlasses|Defiant|SuckerPunch,KowtowCleave,LowKick,Protect|Adamant||F|||50|]Blastoise||Blastoisinite|RainDish|ShellSmash,WaterSpout,DarkPulse,Protect|Timid||F|||50|
|showteam|p2|Golurk||Golurkite|IronFist|Protect,HeadlongRush,IcePunch,Poltergeist|Brave|||||50|]Farigiraf||SitrusBerry|ArmorTail|TwinBeam,TrickRoom,Roar,Thunderbolt|Bold||F|||50|]Kangaskhan||SilkScarf|Scrappy|FakeOut,LastResort|Adamant||F|||50|]Torkoal||Charcoal|Drought|Eruption,Protect,EarthPower,WeatherBall|Quiet||M|||50|]Staraptor||Staraptite|Intimidate|CloseCombat,BraveBird,Tailwind,Protect|Jolly||F|||50|]Gholdengo||LifeOrb|GoodasGold|NastyPlot,MakeItRain,ShadowBall,Protect|Modest|||||50|
|inactive|Battle timer is ON: inactive players will automatically lose when time's up. (requested by Simone1799)
|inactive|Simone1799 has 60 seconds left.
|inactive|Simone1799 has 30 seconds left.
|inactive|Simone1799 has 20 seconds left.
|
|t:|1785461207
|teamsize|p1|4
|teamsize|p2|4
|start
|switch|p1a: Incineroar|Incineroar, L50, F|100/100
|switch|p1b: Delphox|Delphox, L50, M|100/100
|switch|p2a: Kangaskhan|Kangaskhan, L50, F|100/100
|switch|p2b: Farigiraf|Farigiraf, L50, F|100/100
|-ability|p1a: Incineroar|Intimidate|boost
|-fail|p2a: Kangaskhan|unboost|Attack|[from] ability: Scrappy|[of] p2a: Kangaskhan
|-unboost|p2b: Farigiraf|atk|1
|turn|1
|inactive|protectthyking34 has 30 seconds left.
|
|t:|1785461235
|detailschange|p1b: Delphox|Delphox-Mega, L50, M
|-mega|p1b: Delphox|Delphox|Delphoxite
|move|p2a: Kangaskhan|Fake Out|p1b: Delphox
|-damage|p1b: Delphox|64/100
|cant|p1b: Delphox|flinch
|move|p1a: Incineroar|Parting Shot|p2a: Kangaskhan
|-unboost|p2a: Kangaskhan|atk|1
|-unboost|p2a: Kangaskhan|spa|1
|
|t:|1785461242
|switch|p1a: Sinistcha|Sinistcha, L50|100/100|[from] Parting Shot
|-heal|p1b: Delphox|89/100|[from] ability: Hospitality|[of] p1a: Sinistcha
|move|p2b: Farigiraf|Trick Room|p2b: Farigiraf
|-fieldstart|move: Trick Room|[of] p2b: Farigiraf
|
|upkeep
|turn|2
|
|t:|1785461255
|switch|p1b: Incineroar|Incineroar, L50, F|100/100
|-ability|p1b: Incineroar|Intimidate|boost
|-fail|p2a: Kangaskhan|unboost|Attack|[from] ability: Scrappy|[of] p2a: Kangaskhan
|-unboost|p2b: Farigiraf|atk|1
|move|p2b: Farigiraf|Thunderbolt|p1b: Incineroar
|-damage|p1b: Incineroar|80/100
|move|p1a: Sinistcha|Matcha Gotcha|p2a: Kangaskhan|[spread] p2a,p2b
|-damage|p2a: Kangaskhan|75/100
|-damage|p2b: Farigiraf|79/100
|-status|p2a: Kangaskhan|brn
|move|p2a: Kangaskhan|Last Resort|p1b: Incineroar
|-damage|p1b: Incineroar|62/100
|
|-damage|p2a: Kangaskhan|69/100 brn|[from] brn
|upkeep
|turn|3
|
|t:|1785461278
|switch|p1a: Kingambit|Kingambit, L50, F|100/100
|switch|p2a: Torkoal|Torkoal, L50, M|100/100
|-weather|SunnyDay|[from] ability: Drought|[of] p2a: Torkoal
|move|p2b: Farigiraf|Thunderbolt|p1b: Incineroar
|-damage|p1b: Incineroar|43/100
|-enditem|p1b: Incineroar|Sitrus Berry|[eat]
|-heal|p1b: Incineroar|67/100|[from] item: Sitrus Berry
|move|p1b: Incineroar|Parting Shot|p2b: Farigiraf
|-unboost|p2b: Farigiraf|atk|1
|-unboost|p2b: Farigiraf|spa|1
|
|t:|1785461287
|switch|p1b: Sinistcha|Sinistcha, L50|100/100|[from] Parting Shot
|
|-weather|SunnyDay|[upkeep]
|upkeep
|turn|4
|
|t:|1785461302
|switch|p1a: Incineroar|Incineroar, L50, F|67/100
|-ability|p1a: Incineroar|Intimidate|boost
|-unboost|p2a: Torkoal|atk|1
|-unboost|p2b: Farigiraf|atk|1
|move|p1b: Sinistcha|Protect|p1b: Sinistcha
|-singleturn|p1b: Sinistcha|Protect
|move|p2a: Torkoal|Eruption|p1a: Incineroar|[spread] p1a
|-activate|p1b: Sinistcha|move: Protect
|-resisted|p1a: Incineroar|1
|-damage|p1a: Incineroar|30/100
|move|p2b: Farigiraf|Twin Beam|p1b: Sinistcha
|-activate|p1b: Sinistcha|move: Protect
|
|-weather|SunnyDay|[upkeep]
|upkeep
|turn|5
|
|t:|1785461323
|switch|p1b: Delphox|Delphox-Mega, L50, M|89/100
|move|p2a: Torkoal|Eruption|p1a: Incineroar|[spread] p1a,p1b
|-resisted|p1a: Incineroar|1
|-resisted|p1b: Delphox|1
|-damage|p1a: Incineroar|0 fnt
|-damage|p1b: Delphox|44/100
|faint|p1a: Incineroar
|move|p2b: Farigiraf|Thunderbolt|p1b: Delphox
|-damage|p1b: Delphox|29/100
|
|-weather|SunnyDay|[upkeep]
|-fieldend|move: Trick Room
|upkeep
|
|t:|1785461333
|switch|p1a: Sinistcha|Sinistcha, L50|100/100
|-heal|p1b: Delphox|54/100|[from] ability: Hospitality|[of] p1a: Sinistcha
|turn|6
|
|t:|1785461342
|move|p1b: Delphox|Heat Wave|p2b: Farigiraf|[spread] p2a
|-miss|p1b: Delphox|p2b: Farigiraf
|-resisted|p2a: Torkoal|1
|-damage|p2a: Torkoal|54/100
|move|p1a: Sinistcha|Matcha Gotcha|p2a: Torkoal|[spread] p2a,p2b
|-resisted|p2a: Torkoal|1
|-damage|p2a: Torkoal|37/100
|-damage|p2b: Farigiraf|58/100
|move|p2a: Torkoal|Weather Ball|p1a: Sinistcha
|-supereffective|p1a: Sinistcha|1
|-enditem|p1a: Sinistcha|Occa Berry|[eat]
|-enditem|p1a: Sinistcha|Occa Berry|[weaken]
|-damage|p1a: Sinistcha|30/100
|move|p2b: Farigiraf|Trick Room|p2b: Farigiraf
|-fieldstart|move: Trick Room|[of] p2b: Farigiraf
|
|-weather|SunnyDay|[upkeep]
|upkeep
|turn|7
|
|t:|1785461363
|switch|p1a: Kingambit|Kingambit, L50, F|100/100
|move|p1b: Delphox|Protect|p1b: Delphox
|-singleturn|p1b: Delphox|Protect
|move|p2a: Torkoal|Weather Ball|p1a: Kingambit
|-supereffective|p1a: Kingambit|1
|-damage|p1a: Kingambit|0 fnt
|faint|p1a: Kingambit
|move|p2b: Farigiraf|Thunderbolt|p1b: Delphox
|-activate|p1b: Delphox|move: Protect
|
|-weather|none
|upkeep
|
|t:|1785461370
|switch|p1a: Sinistcha|Sinistcha, L50|30/100
|-heal|p1b: Delphox|78/100|[from] ability: Hospitality|[of] p1a: Sinistcha
|turn|8
|
|t:|1785461378
|move|p1a: Sinistcha|Protect|p1a: Sinistcha
|-singleturn|p1a: Sinistcha|Protect
|move|p2a: Torkoal|Eruption|p1a: Sinistcha|[spread] p1b
|-activate|p1a: Sinistcha|move: Protect
|-resisted|p1b: Delphox|1
|-damage|p1b: Delphox|68/100
|move|p2b: Farigiraf|Twin Beam|p1a: Sinistcha
|-activate|p1a: Sinistcha|move: Protect
|move|p1b: Delphox|Heat Wave|p2a: Torkoal|[spread] p2a,p2b
|-resisted|p2a: Torkoal|1
|-damage|p2a: Torkoal|11/100
|-damage|p2b: Farigiraf|17/100
|-enditem|p2b: Farigiraf|Sitrus Berry|[eat]
|-heal|p2b: Farigiraf|41/100|[from] item: Sitrus Berry
|
|upkeep
|turn|9
|
|t:|1785461403
|move|p2a: Torkoal|Eruption|p1b: Delphox|[spread] p1a,p1b
|-supereffective|p1a: Sinistcha|1
|-resisted|p1b: Delphox|1
|-damage|p1a: Sinistcha|19/100
|-damage|p1b: Delphox|65/100
|move|p2b: Farigiraf|Twin Beam|p1a: Sinistcha
|-damage|p1a: Sinistcha|10/100
|-damage|p1a: Sinistcha|1/100
|-hitcount|p1a: Sinistcha|2
|move|p1b: Delphox|Nasty Plot|p1b: Delphox
|-boost|p1b: Delphox|spa|2
|move|p1a: Sinistcha|Trick Room|p1a: Sinistcha
|-fieldend|move: Trick Room
|
|upkeep
|turn|10
|
|t:|1785461420
|move|p1b: Delphox|Heat Wave|p2a: Torkoal|[spread] p2a,p2b
|-resisted|p2a: Torkoal|1
|-damage|p2a: Torkoal|0 fnt
|-damage|p2b: Farigiraf|0 fnt
|faint|p2a: Torkoal
|faint|p2b: Farigiraf
|move|p1a: Sinistcha|Matcha Gotcha|p2: Torkoal|[notarget]
|-fail|p1a: Sinistcha
|
|upkeep
|
|t:|1785461425
|switch|p2b: Golurk|Golurk, L50|100/100
|switch|p2a: Kangaskhan|Kangaskhan, L50, F|69/100 brn
|turn|11
|
|t:|1785461440
|detailschange|p2b: Golurk|Golurk-Mega, L50
|-mega|p2b: Golurk|Golurk|Golurkite
|move|p2a: Kangaskhan|Fake Out|p1b: Delphox
|-damage|p1b: Delphox|49/100
|cant|p1b: Delphox|flinch
|move|p1a: Sinistcha|Matcha Gotcha|p2a: Kangaskhan|[spread] p2a,p2b
|-supereffective|p2b: Golurk|1
|-damage|p2a: Kangaskhan|46/100 brn
|-heal|p1a: Sinistcha|14/100|[from] drain|[of] p2a: Kangaskhan
|-damage|p2b: Golurk|54/100
|-heal|p1a: Sinistcha|39/100|[from] drain|[of] p2b: Golurk
|-status|p2b: Golurk|brn
|move|p2b: Golurk|Ice Punch|p1a: Sinistcha
|-supereffective|p1a: Sinistcha|1
|-damage|p1a: Sinistcha|12/100
|-status|p1a: Sinistcha|frz
|
|-damage|p2a: Kangaskhan|40/100 brn|[from] brn
|-damage|p2b: Golurk|47/100 brn|[from] brn
|upkeep
|turn|12
|
|t:|1785461465
|-curestatus|p1a: Sinistcha|frz|[msg]
|move|p1a: Sinistcha|Rage Powder|p1a: Sinistcha
|-singleturn|p1a: Sinistcha|move: Rage Powder
|move|p1b: Delphox|Psyshock|p2a: Kangaskhan
|-damage|p2a: Kangaskhan|0 fnt
|faint|p2a: Kangaskhan
|move|p2b: Golurk|Poltergeist||[still]
|-fail|p2b: Golurk
|
|-damage|p2b: Golurk|41/100 brn|[from] brn
|upkeep
|turn|13
|-message|Simone1799 forfeited.
|
|win|protectthyking34
|l|☆Simone1799
|player|p2|
||Simone1799 is ready for game 2.
