|j|☆Muichiro25
|j|☆tmmc01
|html|Muichiro25tmmc01    
|uhtml|bestof|Game 3 of a best-of-3
|t:|1782493189
|gametype|doubles
|player|p1|Muichiro25|n|1153
|player|p2|tmmc01|artist|1191
|gen|9
|tier|[Gen 9 Champions] VGC 2026 Reg M-B (Bo3)
|rated|
|rule|Species Clause: Limit one of each Pokémon
|rule|Item Clause: Limit 1 of each item
|clearpoke
|poke|p1|Basculegion, L50, M|
|poke|p1|Garchomp, L50, M|
|poke|p1|Charizard, L50, M|
|poke|p1|Kingambit, L50, M|
|poke|p1|Gholdengo, L50|
|poke|p1|Whimsicott, L50, M|
|poke|p2|Farigiraf, L50, F|
|poke|p2|Charizard, L50, M, shiny|
|poke|p2|Sylveon, L50, M|
|poke|p2|Garchomp, L50, M|
|poke|p2|Kingambit, L50, F|
|poke|p2|Aerodactyl, L50, F|
|teampreview|4
|showteam|p1|Basculegion||ChoiceScarf|Adaptability|AquaJet,LastRespects,WaveCrash,FlipTurn|Jolly||M|||50|]Garchomp||LifeOrb|RoughSkin|DragonClaw,Earthquake,Protect,RockTomb|Jolly||M|||50|]Charizard||CharizarditeY|Blaze|Protect,HeatWave,WeatherBall,SolarBeam|Modest||M|||50|]Kingambit||BlackGlasses|Defiant|SuckerPunch,KowtowCleave,Protect,IronHead|Adamant||M|||50|]Gholdengo||MetalCoat|GoodasGold|Protect,NastyPlot,ShadowBall,MakeItRain|Modest|||||50|]Whimsicott||FocusSash|Prankster|Tailwind,Moonblast,Protect,Encore|Timid||M|||50|
|showteam|p2|Farigiraf||SitrusBerry|ArmorTail|TrickRoom,Roar,GrassKnot,TwinBeam|Bold||F|||50|]Charizard||CharizarditeY|Blaze|Protect,HeatWave,SolarBeam,WeatherBall|Modest||M|||50|]Sylveon||FairyFeather|Pixilate|HyperVoice,Detect,QuickAttack,HyperBeam|Modest||M|||50|]Garchomp||LifeOrb|RoughSkin|Protect,Earthquake,StompingTantrum,DragonClaw|Jolly||M|||50|]Kingambit||FocusSash|Defiant|KowtowCleave,IronHead,SuckerPunch,LowKick|Adamant||F|||50|]Aerodactyl||Aerodactylite|RockHead|Tailwind,SunnyDay,DualWingbeat,RockSlide|Jolly||F|||50|
|inactive|Battle timer is ON: inactive players will automatically lose when time's up. (requested by Muichiro25)
|inactive|tmmc01 has 60 seconds left.
|
|t:|1782493229
|teamsize|p1|4
|teamsize|p2|4
|start
|switch|p1a: Whimsicott|Whimsicott, L50, M|100/100
|switch|p1b: Basculegion|Basculegion, L50, M|100/100
|switch|p2a: Aerodactyl|Aerodactyl, L50, F|100/100
|switch|p2b: Sylveon|Sylveon, L50, M|100/100
|turn|1
|
|t:|1782493248
|detailschange|p2a: Aerodactyl|Aerodactyl-Mega, L50, F
|-mega|p2a: Aerodactyl|Aerodactyl|Aerodactylite
|move|p1a: Whimsicott|Tailwind|p1a: Whimsicott
|-sidestart|p1: Muichiro25|move: Tailwind
|move|p1b: Basculegion|Flip Turn|p2a: Aerodactyl
|-supereffective|p2a: Aerodactyl|1
|-damage|p2a: Aerodactyl|11/100
|
|t:|1782493268
|switch|p1b: Kingambit|Kingambit, L50, M|100/100|[from] Flip Turn
|move|p2a: Aerodactyl|Dual Wingbeat|p1a: Whimsicott
|-supereffective|p1a: Whimsicott|1
|-damage|p1a: Whimsicott|25/100
|-supereffective|p1a: Whimsicott|1
|-damage|p1a: Whimsicott|0 fnt
|faint|p1a: Whimsicott
|-hitcount|p1: Whimsicott|2
|move|p2b: Sylveon|Hyper Voice|p1b: Kingambit
|-damage|p1b: Kingambit|31/100
|
|upkeep
|
|t:|1782493275
|switch|p1a: Garchomp|Garchomp, L50, M|100/100
|turn|2
|
|t:|1782493289
|switch|p2a: Kingambit|Kingambit, L50, F|100/100
|switch|p2b: Garchomp|Garchomp, L50, M|100/100
|move|p1a: Garchomp|Dragon Claw|p2a: Kingambit
|-resisted|p2a: Kingambit|1
|-damage|p2a: Kingambit|75/100
|-damage|p1a: Garchomp|90/100|[from] item: Life Orb
|move|p1b: Kingambit|Iron Head|p2b: Garchomp
|-damage|p2b: Garchomp|55/100
|-damage|p1b: Kingambit|19/100|[from] ability: Rough Skin|[of] p2b: Garchomp
|
|upkeep
|turn|3
|inactive|tmmc01 has 30 seconds left.
|
|t:|1782493315
|move|p2b: Garchomp|Protect|p2b: Garchomp
|-singleturn|p2b: Garchomp|Protect
|move|p1b: Kingambit|Protect|p1b: Kingambit
|-singleturn|p1b: Kingambit|Protect
|move|p2a: Kingambit|Sucker Punch|p1a: Garchomp
|-damage|p1a: Garchomp|46/100
|-damage|p2a: Kingambit|62/100|[from] ability: Rough Skin|[of] p1a: Garchomp
|move|p1a: Garchomp|Earthquake|p2a: Kingambit|[spread] p2a
|-activate|p1b: Kingambit|move: Protect
|-activate|p2b: Garchomp|move: Protect
|-supereffective|p2a: Kingambit|1
|-damage|p2a: Kingambit|0 fnt
|faint|p2a: Kingambit
|-damage|p1a: Garchomp|36/100|[from] item: Life Orb
|
|upkeep
|
|t:|1782493326
|switch|p2a: Sylveon|Sylveon, L50, M|100/100
|turn|4
|
|t:|1782493338
|move|p2b: Garchomp|Protect||[still]
|-fail|p2b: Garchomp
|move|p2a: Sylveon|Detect|p2a: Sylveon
|-singleturn|p2a: Sylveon|Protect
|move|p1a: Garchomp|Dragon Claw|p2b: Garchomp
|-supereffective|p2b: Garchomp|1
|-damage|p2b: Garchomp|0 fnt
|-damage|p1a: Garchomp|24/100|[from] ability: Rough Skin|[of] p2b: Garchomp
|faint|p2b: Garchomp
|-damage|p1a: Garchomp|14/100|[from] item: Life Orb
|move|p1b: Kingambit|Iron Head|p2a: Sylveon
|-activate|p2a: Sylveon|move: Protect
|
|-sideend|p1: Muichiro25|move: Tailwind
|upkeep
|
|t:|1782493352
|switch|p2b: Aerodactyl|Aerodactyl-Mega, L50, F|11/100
|turn|5
|inactive|Muichiro25 has 30 seconds left.
|
|t:|1782493384
|move|p1b: Kingambit|Sucker Punch||[still]
|-fail|p1b: Kingambit
|move|p2b: Aerodactyl|Tailwind|p2b: Aerodactyl
|-sidestart|p2: tmmc01|move: Tailwind
|move|p2a: Sylveon|Hyper Voice|p1a: Garchomp|[spread] p1a,p1b
|-supereffective|p1a: Garchomp|1
|-damage|p1a: Garchomp|0 fnt
|-damage|p1b: Kingambit|0 fnt
|faint|p1a: Garchomp
|faint|p1b: Kingambit
|
|upkeep
|
|t:|1782493389
|switch|p1b: Basculegion|Basculegion, L50, M|100/100
|turn|6
|inactive|Muichiro25 has 30 seconds left.
|inactive|Muichiro25 has 20 seconds left.
|
|t:|1782493425
|move|p2a: Sylveon|Detect|p2a: Sylveon
|-singleturn|p2a: Sylveon|Protect
|move|p2b: Aerodactyl|Dual Wingbeat|p1b: Basculegion
|-damage|p1b: Basculegion|70/100
|-damage|p1b: Basculegion|36/100
|-hitcount|p1b: Basculegion|2
|move|p1b: Basculegion|Last Respects|p2a: Sylveon
|-activate|p2a: Sylveon|move: Protect
|
|upkeep
|turn|7
|
|t:|1782493437
|move|p2b: Aerodactyl|Dual Wingbeat|p1b: Basculegion
|-damage|p1b: Basculegion|7/100
|-crit|p1b: Basculegion
|-damage|p1b: Basculegion|0 fnt
|faint|p1b: Basculegion
|-hitcount|p1: Basculegion|2
|
|win|tmmc01
|raw|Muichiro25's rating: 1153 → 1131(-22 for losing)
|raw|tmmc01's rating: 1191 → 1213(+22 for winning)
|c|☆Muichiro25|ggs
|l|☆Muichiro25
|player|p1|
|c|☆tmmc01|Ggs
|l|☆tmmc01
|player|p2|
|j|☆tmmc01
|player|p2|tmmc01|artist|
