|j|☆CorkscrewRacer
|j|☆Lanz_D
|html|CorkscrewRacerLanz_D    
|uhtml|bestof|Game 1 of a best-of-3
|t:|1756681614
|gametype|doubles
|player|p1|CorkscrewRacer|169|1122
|player|p2|Lanz_D|hilbert|1059
|gen|9
|tier|[Gen 9] VGC 2025 Reg H (Bo3)
|rated|
|rule|Species Clause: Limit one of each Pokémon
|rule|Item Clause: Limit 1 of each item
|clearpoke
|poke|p1|Sneasler, L50, M|
|poke|p1|Dondozo, L50, F|
|poke|p1|Tatsugiri, L50, F|
|poke|p1|Indeedee, L50, M|
|poke|p1|Excadrill, L50, M|
|poke|p1|Tyranitar, L50, M|
|poke|p2|Garchomp, L50, M|
|poke|p2|Kingambit, L50, M|
|poke|p2|Amoonguss, L50, M|
|poke|p2|Annihilape, L50, F|
|poke|p2|Whimsicott, L50, F|
|poke|p2|Eelektross, L50, M|
|teampreview|4
|showteam|p1|Sneasler||PsychicSeed|Unburden|DireClaw,CloseCombat,Protect,ThroatChop|||M|||50|,,,,,Dark]Dondozo||Leftovers|Unaware|WaveCrash,HeavySlam,OrderUp,Protect|||F|||50|,,,,,Grass]Tatsugiri||ChoiceScarf|Commander|DracoMeteor,MuddyWater,IcyWind,DragonPulse|||F|||50|,,,,,Stellar]Indeedee||FocusSash|PsychicSurge|ExpandingForce,Imprison,TrickRoom,Protect|||M|||50|,,,,,Psychic]Excadrill||ClearAmulet|SandRush|Earthquake,IronHead,HighHorsepower,Protect|||M|||50|,,,,,Ground]Tyranitar||AssaultVest|SandStream|RockSlide,KnockOff,LowKick,TeraBlast|||M|||50|,,,,,Flying
|showteam|p2|Garchomp||LifeOrb|RoughSkin|Earthquake,StompingTantrum,DragonClaw,Protect|||M|||50|,,,,,Ground]Kingambit||BlackGlasses|Defiant|SuckerPunch,IronHead,KowtowCleave,Protect|||M|||50|,,,,,Dark]Amoonguss||RockyHelmet|Regenerator|Spore,RagePowder,PollenPuff,Protect|||M|||50|,,,,,Water]Annihilape||Leftovers|Defiant|DrainPunch,RageFist,BulkUp,Protect|||F|||50|,,,,,Fire]Whimsicott||CovertCloak|Prankster|Moonblast,BeatUp,Tailwind,Encore|||F|||50|,,,,,Dark]Eelektross||AssaultVest|Levitate|Electroweb,Discharge,Flamethrower,DragonPulse|||M|||50|,,,,,Electric
|j| BLiiNDProdiigy
|
|t:|1756681687
|teamsize|p1|4
|teamsize|p2|4
|start
|switch|p1a: Indeedee|Indeedee, L50, M|100/100
|switch|p1b: Sneasler|Sneasler, L50, M|100/100
|switch|p2a: Whimsicott|Whimsicott, L50, F|100/100
|switch|p2b: Garchomp|Garchomp, L50, M, shiny|100/100
|-fieldstart|move: Psychic Terrain|[from] ability: Psychic Surge|[of] p1a: Indeedee
|-enditem|p1b: Sneasler|Psychic Seed
|-boost|p1b: Sneasler|spd|1|[from] item: Psychic Seed
|turn|1
|
|t:|1756681728
|-terastallize|p2b: Garchomp|Ground
|move|p2a: Whimsicott|Tailwind|p2a: Whimsicott
|-sidestart|p2: Lanz_D|move: Tailwind
|move|p1b: Sneasler|Dire Claw|p2a: Whimsicott
|-supereffective|p2a: Whimsicott
|-damage|p2a: Whimsicott|0 fnt
|faint|p2a: Whimsicott
|move|p2b: Garchomp|Earthquake|p1b: Sneasler|[spread] p1a,p1b
|-supereffective|p1b: Sneasler
|-enditem|p1a: Indeedee|Focus Sash
|-damage|p1a: Indeedee|1/100
|-damage|p1b: Sneasler|0 fnt
|faint|p1b: Sneasler
|-damage|p2b: Garchomp|91/100|[from] item: Life Orb
|move|p1a: Indeedee|Expanding Force|p2b: Garchomp
|-damage|p2b: Garchomp|12/100
|
|upkeep
|
|t:|1756681747
|switch|p1b: Dondozo|Dondozo, L50, F|100/100
|switch|p2a: Annihilape|Annihilape, L50, F|100/100
|turn|2
|
|t:|1756681768
|move|p1a: Indeedee|Protect|p1a: Indeedee
|-singleturn|p1a: Indeedee|Protect
|move|p1b: Dondozo|Protect|p1b: Dondozo
|-singleturn|p1b: Dondozo|Protect
|move|p2b: Garchomp|Stomping Tantrum|p1a: Indeedee
|-activate|p1a: Indeedee|move: Protect
|move|p2a: Annihilape|Bulk Up|p2a: Annihilape
|-boost|p2a: Annihilape|atk|1
|-boost|p2a: Annihilape|def|1
|
|upkeep
|turn|3
|
|t:|1756681792
|switch|p1a: Tatsugiri|Tatsugiri, L50, F|100/100
|-activate|p1a: Tatsugiri|ability: Commander|[of] p1b: Dondozo
|-boost|p1b: Dondozo|atk|2
|-boost|p1b: Dondozo|spa|2
|-boost|p1b: Dondozo|spe|2
|-boost|p1b: Dondozo|def|2
|-boost|p1b: Dondozo|spd|2
|move|p2b: Garchomp|Dragon Claw|p1a: Tatsugiri|[miss]
|-miss|p2b: Garchomp|p1a: Tatsugiri
|move|p2a: Annihilape|Bulk Up|p2a: Annihilape
|-boost|p2a: Annihilape|atk|1
|-boost|p2a: Annihilape|def|1
|move|p1b: Dondozo|Wave Crash|p2b: Garchomp
|-supereffective|p2b: Garchomp
|-damage|p2b: Garchomp|0 fnt
|-damage|p1b: Dondozo|88/100|[from] ability: Rough Skin|[of] p2b: Garchomp
|faint|p2b: Garchomp
|-damage|p1b: Dondozo|85/100|[from] Recoil
|
|-heal|p1b: Dondozo|91/100|[from] item: Leftovers
|upkeep
|
|t:|1756681811
|switch|p2b: Amoonguss|Amoonguss, L50, M|100/100
|turn|4
|
|t:|1756681826
|-terastallize|p1b: Dondozo|Grass
|move|p2b: Amoonguss|Rage Powder|p2b: Amoonguss
|-singleturn|p2b: Amoonguss|move: Rage Powder
|move|p2a: Annihilape|Bulk Up|p2a: Annihilape
|-boost|p2a: Annihilape|atk|1
|-boost|p2a: Annihilape|def|1
|move|p1b: Dondozo|Heavy Slam|p2b: Amoonguss
|-damage|p2b: Amoonguss|38/100
|-damage|p1b: Dondozo|75/100|[from] item: Rocky Helmet|[of] p2b: Amoonguss
|
|-heal|p1b: Dondozo|81/100|[from] item: Leftovers
|-sideend|p2: Lanz_D|move: Tailwind
|upkeep
|turn|5
|
|t:|1756681842
|move|p2b: Amoonguss|Protect|p2b: Amoonguss
|-singleturn|p2b: Amoonguss|Protect
|move|p1b: Dondozo|Heavy Slam|p2b: Amoonguss
|-activate|p2b: Amoonguss|move: Protect
|move|p2a: Annihilape|Drain Punch|p1b: Dondozo
|-damage|p1b: Dondozo|69/100
|
|-heal|p1b: Dondozo|75/100|[from] item: Leftovers
|-fieldend|move: Psychic Terrain
|upkeep
|turn|6
|
|t:|1756681858
|move|p1b: Dondozo|Heavy Slam|p2b: Amoonguss
|-damage|p2b: Amoonguss|0 fnt
|-damage|p1b: Dondozo|58/100|[from] item: Rocky Helmet|[of] p2b: Amoonguss
|faint|p2b: Amoonguss
|move|p2a: Annihilape|Bulk Up|p2a: Annihilape
|-boost|p2a: Annihilape|atk|1
|-boost|p2a: Annihilape|def|1
|
|-heal|p1b: Dondozo|65/100|[from] item: Leftovers
|upkeep
|turn|7
|
|t:|1756681872
|move|p1b: Dondozo|Wave Crash|p2a: Annihilape
|-damage|p2a: Annihilape|0 fnt
|faint|p2a: Annihilape
|-damage|p1b: Dondozo|35/100|[from] Recoil
|
|win|CorkscrewRacer
||CorkscrewRacer is ready for game 2.
|inactive|Lanz_D has 30 seconds to confirm battle start!
|raw|CorkscrewRacer's rating: 1122 → 1143(+21 for winning)
|raw|Lanz_D's rating: 1059 → 1044(-15 for losing)
