|j|☆The_TrueNose
|j|☆snakke001
|html|The_TrueNosesnakke001    
|uhtml|bestof|Game 1 of a best-of-3
|t:|1756378919
|gametype|doubles
|player|p1|The_TrueNose|265|1112
|player|p2|snakke001|1|1093
|gen|9
|tier|[Gen 9] VGC 2025 Reg H (Bo3)
|rated|
|rule|Species Clause: Limit one of each Pokémon
|rule|Item Clause: Limit 1 of each item
|clearpoke
|poke|p1|Garchomp, L50, M|
|poke|p1|Jumpluff, L50, F|
|poke|p1|Torkoal, L50, F|
|poke|p1|Dragonite, L50, F|
|poke|p1|Typhlosion-Hisui, L50, F|
|poke|p1|Kingambit, L50, F|
|poke|p2|Magmar, L50, M|
|poke|p2|Baxcalibur, L50, M|
|poke|p2|Rillaboom, L50, F|
|poke|p2|Sneasler, L50, F|
|poke|p2|Kingambit, L50, M|
|poke|p2|Dondozo, L50, F|
|teampreview|4
|showteam|p1|Garchomp||LifeOrb|RoughSkin|DragonClaw,StompingTantrum,Earthquake,Protect|||M|||50|,,,,,Fire]Jumpluff||CovertCloak|Chlorophyll|LeafStorm,SleepPowder,Encore,Tailwind|||F|||50|,,,,,Water]Torkoal||EjectPack|Drought|Overheat,BurningJealousy,HelpingHand,Protect|||F|||50|,,,,,Flying]Dragonite||LoadedDice|Multiscale|ScaleShot,ExtremeSpeed,IceSpinner,Protect|||F|||50|,,,,,Fairy]Typhlosion-Hisui||ChoiceSpecs|Blaze|Eruption,ShadowBall,HeatWave,Overheat|||F|||50|,,,,,Fire]Kingambit||AssaultVest|Defiant|SuckerPunch,Assurance,IronHead,LowKick|||F|||50|,,,,,Fire
|showteam|p2|Magmar||Eviolite|VitalSpirit|WillOWisp,Overheat,FollowMe,Protect|||M|||50|,,,,,Electric]Baxcalibur||LoadedDice|ThermalExchange|Protect,IceShard,ScaleShot,IcicleSpear|||M|||50|,,,,,Poison]Rillaboom||AssaultVest|GrassySurge|FakeOut,GrassyGlide,WoodHammer,HighHorsepower|||F|||50|,,,,,Fire]Sneasler||FocusSash|Unburden|Protect,Coaching,DireClaw,CloseCombat|||F|||50|,,,,,Stellar]Kingambit||SafetyGoggles|Defiant|Protect,SuckerPunch,KowtowCleave,SwordsDance|||M|||50|,,,,,Dark]Dondozo||Leftovers|Unaware|Protect,WaveCrash,Fissure,Yawn|||F|||50|,,,,,Bug
|inactive|Battle timer is ON: inactive players will automatically lose when time's up. (requested by snakke001)
|inactive|snakke001 has 60 seconds left.
|
|t:|1756378970
|teamsize|p1|4
|teamsize|p2|4
|start
|switch|p1a: Jumpluff|Jumpluff, L50, F|100/100
|switch|p1b: Torkoal|Torkoal, L50, F|100/100
|switch|p2a: Rillaboom|Rillaboom, L50, F|100/100
|switch|p2b: Sneasler|Sneasler, L50, F|100/100
|-fieldstart|move: Grassy Terrain|[from] ability: Grassy Surge|[of] p2a: Rillaboom
|-weather|SunnyDay|[from] ability: Drought|[of] p1b: Torkoal
|turn|1
|inactive|snakke001 has 30 seconds left.
|
|t:|1756379005
|move|p2a: Rillaboom|Fake Out|p1b: Torkoal
|-damage|p1b: Torkoal|90/100
|move|p1a: Jumpluff|Sleep Powder|p2b: Sneasler|[miss]
|-miss|p1a: Jumpluff|p2b: Sneasler
|move|p2b: Sneasler|Dire Claw|p1a: Jumpluff
|-supereffective|p1a: Jumpluff
|-damage|p1a: Jumpluff|0 fnt
|faint|p1a: Jumpluff
|cant|p1b: Torkoal|flinch
|
|-weather|SunnyDay|[upkeep]
|-heal|p1b: Torkoal|97/100|[from] Grassy Terrain
|upkeep
|
|t:|1756379009
|switch|p1a: Typhlosion|Typhlosion-Hisui, L50, F|100/100
|turn|2
|inactive|snakke001 has 30 seconds left.
|inactive|snakke001 has 20 seconds left.
|inactive|snakke001 has 15 seconds left.
|
|t:|1756379049
|-terastallize|p2a: Rillaboom|Fire
|move|p2b: Sneasler|Coaching|p2a: Rillaboom
|-boost|p2a: Rillaboom|atk|1
|-boost|p2a: Rillaboom|def|1
|move|p1a: Typhlosion|Heat Wave|p2a: Rillaboom|[spread] p2a,p2b
|-resisted|p2a: Rillaboom
|-crit|p2a: Rillaboom
|-damage|p2a: Rillaboom|57/100
|-enditem|p2b: Sneasler|Focus Sash
|-damage|p2b: Sneasler|1/100
|move|p2a: Rillaboom|High Horsepower|p1b: Torkoal
|-supereffective|p1b: Torkoal
|-damage|p1b: Torkoal|21/100
|move|p1b: Torkoal|Overheat|p2a: Rillaboom
|-resisted|p2a: Rillaboom
|-damage|p2a: Rillaboom|31/100
|-unboost|p1b: Torkoal|spa|2
|-enditem|p1b: Torkoal|Eject Pack
|
|t:|1756379063
|switch|p1b: Dragonite|Dragonite, L50, F|100/100
|
|-weather|SunnyDay|[upkeep]
|-heal|p2b: Sneasler|7/100|[from] Grassy Terrain
|-heal|p2a: Rillaboom|37/100|[from] Grassy Terrain
|upkeep
|turn|3
|inactive|snakke001 has 30 seconds left.
|inactive|snakke001 has 20 seconds left.
|inactive|snakke001 has 15 seconds left.
|
|t:|1756379105
|switch|p2b: Baxcalibur|Baxcalibur, L50, M|100/100
|-terastallize|p1a: Typhlosion|Fire
|move|p1b: Dragonite|Extreme Speed|p2b: Baxcalibur
|-damage|p2b: Baxcalibur|72/100
|move|p2a: Rillaboom|Grassy Glide|p1b: Dragonite
|-resisted|p1b: Dragonite
|-damage|p1b: Dragonite|94/100
|move|p1a: Typhlosion|Heat Wave|p2a: Rillaboom|[spread] p2a
|-miss|p1a: Typhlosion|p2b: Baxcalibur
|-resisted|p2a: Rillaboom
|-damage|p2a: Rillaboom|0 fnt
|faint|p2a: Rillaboom
|
|-weather|SunnyDay|[upkeep]
|-heal|p2b: Baxcalibur|78/100|[from] Grassy Terrain
|upkeep
|
|t:|1756379121
|switch|p2a: Dondozo|Dondozo, L50, F|100/100
|turn|4
|
|t:|1756379145
|move|p1b: Dragonite|Protect|p1b: Dragonite
|-singleturn|p1b: Dragonite|Protect
|move|p1a: Typhlosion|Heat Wave|p2b: Baxcalibur|[spread] p2a,p2b
|-resisted|p2a: Dondozo
|-crit|p2a: Dondozo
|-damage|p2a: Dondozo|25/100
|-damage|p2b: Baxcalibur|0 fnt
|faint|p2b: Baxcalibur
|move|p2a: Dondozo|Wave Crash|p1a: Typhlosion
|-supereffective|p1a: Typhlosion
|-crit|p1a: Typhlosion
|-damage|p1a: Typhlosion|3/100
|-damage|p2a: Dondozo|7/100|[from] Recoil
|
|-weather|SunnyDay|[upkeep]
|-heal|p1a: Typhlosion|9/100|[from] Grassy Terrain
|-heal|p2a: Dondozo|13/100|[from] Grassy Terrain
|-heal|p2a: Dondozo|19/100|[from] item: Leftovers
|upkeep
|
|t:|1756379156
|switch|p2b: Sneasler|Sneasler, L50, F|7/100
|turn|5
|
|t:|1756379179
|move|p2b: Sneasler|Protect|p2b: Sneasler
|-singleturn|p2b: Sneasler|Protect
|move|p1b: Dragonite|Extreme Speed|p2b: Sneasler
|-activate|p2b: Sneasler|move: Protect
|move|p1a: Typhlosion|Heat Wave|p2a: Dondozo|[spread] 
|-activate|p2b: Sneasler|move: Protect
|-miss|p1a: Typhlosion|p2a: Dondozo
|move|p2a: Dondozo|Yawn|p1b: Dragonite
|-start|p1b: Dragonite|move: Yawn|[of] p2a: Dondozo
|
|-weather|none
|-heal|p2b: Sneasler|13/100|[from] Grassy Terrain
|-heal|p1a: Typhlosion|15/100|[from] Grassy Terrain
|-heal|p2a: Dondozo|25/100|[from] Grassy Terrain
|-heal|p2a: Dondozo|32/100|[from] item: Leftovers
|-fieldend|move: Grassy Terrain
|upkeep
|turn|6
|inactive|snakke001 has 30 seconds left.
|inactive|snakke001 has 20 seconds left.
|inactive|snakke001 has 15 seconds left.
|inactive|snakke001 has 10 seconds left.
|inactive|snakke001 has 5 seconds left.
|
|t:|1756379231
|move|p1b: Dragonite|Extreme Speed|p2b: Sneasler
|-damage|p2b: Sneasler|0 fnt
|faint|p2b: Sneasler
|move|p1a: Typhlosion|Heat Wave|p2a: Dondozo
|-resisted|p2a: Dondozo
|-damage|p2a: Dondozo|0 fnt
|faint|p2a: Dondozo
|
|win|The_TrueNose
||The_TrueNose is ready for game 2.
||snakke001 is ready for game 2.
|uhtml|next|Next: Game 2 of 3
