|j|☆elmono11
|j|☆namboyVGC
|html|elmono11namboyVGC    
|uhtml|bestof|Game 2 of a best-of-3
|t:|1754939430
|gametype|doubles
|player|p1|elmono11|266|1215
|player|p2|namboyVGC|pokemonranger-gen4|1240
|gen|9
|tier|[Gen 9] VGC 2025 Reg H (Bo3)
|rated|
|rule|Species Clause: Limit one of each Pokémon
|rule|Item Clause: Limit 1 of each item
|clearpoke
|poke|p1|Gholdengo, L50|
|poke|p1|Sneasler, L50, M|
|poke|p1|Rillaboom, L50, M|
|poke|p1|Dragonite, L50, F|
|poke|p1|Ninetales-Alola, L50, M|
|poke|p1|Arcanine-Hisui, L50, F|
|poke|p2|Sneasler, L50, M|
|poke|p2|Indeedee, L50, M|
|poke|p2|Volcarona, L50, F|
|poke|p2|Annihilape, L50, F|
|poke|p2|Tyranitar, L50, M|
|poke|p2|Excadrill, L50, M|
|teampreview|4
|showteam|p1|Gholdengo||GrassySeed|GoodasGold|NastyPlot,MakeItRain,ShadowBall,Protect||||||50|,,,,,Water]Sneasler||WhiteHerb|Unburden|CloseCombat,DireClaw,Coaching,Protect|||M|||50|,,,,,Ghost]Rillaboom||AssaultVest|GrassySurge|FakeOut,GrassyGlide,DrumBeating,HighHorsepower|||M|||50|,,,,,Fire]Dragonite||LoadedDice|Multiscale|ScaleShot,StompingTantrum,Tailwind,Protect|||F|||50|,,,,,Ground]Ninetales-Alola||FocusSash|SnowWarning|Blizzard,IcyWind,Encore,AuroraVeil|||M|||50|,,,,,Ghost]Arcanine-Hisui||ClearAmulet|Intimidate|RockSlide,FlareBlitz,ExtremeSpeed,Protect|||F|||50|,,,,,Water
|showteam|p2|Sneasler||PsychicSeed|Unburden|CloseCombat,DireClaw,ThroatChop,Protect|||M|||50|,,,,,Dark]Indeedee||ChoiceScarf|PsychicSurge|ExpandingForce,TeraBlast,Trick,DazzlingGleam|||M|||50|,,,,,Fire]Volcarona||SitrusBerry|FlameBody|Overheat,StruggleBug,RagePowder,Tailwind|||F|||50|,,,,,Grass]Annihilape||SafetyGoggles|Defiant|CloseCombat,RageFist,Taunt,FinalGambit|||F|||50|,,,,,Psychic]Tyranitar||AssaultVest|SandStream|RockSlide,KnockOff,TeraBlast,LowKick|||M|||50|,,,,,Flying]Excadrill||FocusSash|SandRush|HighHorsepower,Earthquake,IronHead,Protect|||M|||50|,,,,,Ground
|inactive|Battle timer is ON: inactive players will automatically lose when time's up. (requested by elmono11)
|inactive|namboyVGC also wants the timer to be on.
|inactive|elmono11 has 60 seconds left.
|inactive|elmono11 has 30 seconds left.
|
|t:|1754939492
|teamsize|p1|4
|teamsize|p2|4
|start
|switch|p1a: Gholdengo|Gholdengo, L50|100/100
|switch|p1b: Arcanine|Arcanine-Hisui, L50, F|100/100
|switch|p2a: Sneasler|Sneasler, L50, M|100/100
|switch|p2b: Excadrill|Excadrill, L50, M|100/100
|-ability|p1b: Arcanine|Intimidate|boost
|-unboost|p2a: Sneasler|atk|1
|-unboost|p2b: Excadrill|atk|1
|turn|1
|
|t:|1754939509
|switch|p2a: Tyranitar|Tyranitar, L50, M|100/100
|-weather|Sandstorm|[from] ability: Sand Stream|[of] p2a: Tyranitar
|-terastallize|p1a: Gholdengo|Water
|move|p2b: Excadrill|High Horsepower|p1b: Arcanine
|-supereffective|p1b: Arcanine
|-damage|p1b: Arcanine|0 fnt
|faint|p1b: Arcanine
|move|p1a: Gholdengo|Nasty Plot|p1a: Gholdengo
|-boost|p1a: Gholdengo|spa|2
|
|-weather|Sandstorm|[upkeep]
|-damage|p1a: Gholdengo|94/100|[from] Sandstorm
|upkeep
|
|t:|1754939515
|switch|p1b: Rillaboom|Rillaboom, L50, M|100/100
|-fieldstart|move: Grassy Terrain|[from] ability: Grassy Surge|[of] p1b: Rillaboom
|-enditem|p1a: Gholdengo|Grassy Seed
|-boost|p1a: Gholdengo|def|1|[from] item: Grassy Seed
|turn|2
|inactive|elmono11 has 30 seconds left.
|inactive|namboyVGC has 30 seconds left.
|inactive|elmono11 has 20 seconds left.
|inactive|elmono11 has 15 seconds left.
|inactive|elmono11 has 10 seconds left.
|
|t:|1754939564
|-terastallize|p2a: Tyranitar|Flying
|move|p2b: Excadrill|Protect|p2b: Excadrill
|-singleturn|p2b: Excadrill|Protect
|move|p1b: Rillaboom|Drum Beating|p2a: Tyranitar
|-resisted|p2a: Tyranitar
|-damage|p2a: Tyranitar|80/100
|-unboost|p2a: Tyranitar|spe|1
|move|p1a: Gholdengo|Make It Rain|p2b: Excadrill|[spread] p2a
|-activate|p2b: Excadrill|move: Protect
|-damage|p2a: Tyranitar|25/100
|-unboost|p1a: Gholdengo|spa|1
|move|p2a: Tyranitar|Tera Blast|p1b: Rillaboom|[anim] Tera Blast Flying
|-supereffective|p1b: Rillaboom
|-damage|p1b: Rillaboom|2/100
|
|-weather|Sandstorm|[upkeep]
|-damage|p1b: Rillaboom|0 fnt|[from] Sandstorm
|-damage|p1a: Gholdengo|88/100|[from] Sandstorm
|-damage|p2a: Tyranitar|19/100|[from] Sandstorm
|faint|p1b: Rillaboom
|-heal|p1a: Gholdengo|94/100|[from] Grassy Terrain
|upkeep
|
|t:|1754939570
|switch|p1b: Ninetales|Ninetales-Alola, L50, M|100/100
|-weather|Snowscape|[from] ability: Snow Warning|[of] p1b: Ninetales
|turn|3
|inactive|namboyVGC has 30 seconds left.
|
|t:|1754939598
|switch|p2a: Sneasler|Sneasler, L50, M|100/100
|move|p1b: Ninetales|Icy Wind|p2b: Excadrill|[spread] p2a,p2b
|-damage|p2a: Sneasler|79/100
|-damage|p2b: Excadrill|81/100
|-unboost|p2a: Sneasler|spe|1
|-unboost|p2b: Excadrill|spe|1
|move|p1a: Gholdengo|Nasty Plot|p1a: Gholdengo
|-boost|p1a: Gholdengo|spa|2
|move|p2b: Excadrill|Iron Head|p1b: Ninetales
|-supereffective|p1b: Ninetales
|-enditem|p1b: Ninetales|Focus Sash
|-damage|p1b: Ninetales|1/100
|
|-weather|Snowscape|[upkeep]
|-heal|p1b: Ninetales|7/100|[from] Grassy Terrain
|-heal|p1a: Gholdengo|100/100|[from] Grassy Terrain
|-heal|p2a: Sneasler|85/100|[from] Grassy Terrain
|-heal|p2b: Excadrill|87/100|[from] Grassy Terrain
|upkeep
|turn|4
|inactive|elmono11 has 30 seconds left.
|inactive|namboyVGC has 30 seconds left.
|inactive|elmono11 has 20 seconds left.
|inactive|elmono11 has 15 seconds left.
|inactive|elmono11 has 10 seconds left.
|inactive|elmono11 has 5 seconds left.
|
|t:|1754939649
|switch|p2a: Tyranitar|Tyranitar, L50, M, tera:Flying|19/100
|-weather|Sandstorm|[from] ability: Sand Stream|[of] p2a: Tyranitar
|move|p2b: Excadrill|Earthquake|p1a: Gholdengo|[spread] p1a,p1b
|-immune|p2a: Tyranitar
|-damage|p1a: Gholdengo|91/100
|-damage|p1b: Ninetales|0 fnt
|faint|p1b: Ninetales
|move|p1a: Gholdengo|Make It Rain|p2a: Tyranitar|[spread] p2a,p2b
|-resisted|p2b: Excadrill
|-damage|p2a: Tyranitar|0 fnt
|-damage|p2b: Excadrill|10/100
|-unboost|p1a: Gholdengo|spa|1
|faint|p2a: Tyranitar
|
|-weather|Sandstorm|[upkeep]
|-damage|p1a: Gholdengo|85/100|[from] Sandstorm
|-heal|p2b: Excadrill|16/100|[from] Grassy Terrain
|-heal|p1a: Gholdengo|91/100|[from] Grassy Terrain
|upkeep
|
|t:|1754939672
|switch|p2a: Sneasler|Sneasler, L50, M|85/100
|turn|5
|
|t:|1754939694
|move|p2b: Excadrill|Iron Head|p1a: Gholdengo
|-resisted|p1a: Gholdengo
|-damage|p1a: Gholdengo|81/100
|move|p2a: Sneasler|Close Combat|p1a: Gholdengo
|-damage|p1a: Gholdengo|36/100
|-unboost|p2a: Sneasler|def|1
|-unboost|p2a: Sneasler|spd|1
|move|p1a: Gholdengo|Shadow Ball|p2a: Sneasler
|-damage|p2a: Sneasler|0 fnt
|faint|p2a: Sneasler
|
|-weather|Sandstorm|[upkeep]
|-damage|p1a: Gholdengo|30/100|[from] Sandstorm
|-heal|p2b: Excadrill|22/100|[from] Grassy Terrain
|-heal|p1a: Gholdengo|36/100|[from] Grassy Terrain
|upkeep
|
|t:|1754939709
|switch|p2a: Indeedee|Indeedee, L50, M|100/100
|-fieldstart|move: Psychic Terrain|[from] ability: Psychic Surge|[of] p2a: Indeedee
|turn|6
|-message|elmono11 forfeited.
|
|win|namboyVGC
|raw|elmono11's rating: 1215 → 1192(-23 for losing)
|raw|namboyVGC's rating: 1240 → 1263(+23 for winning)
