|j|☆root2iris
|j|☆Mateadelvgc
|html|root2irisMateadelvgc    
|uhtml|bestof|Game 2 of a best-of-3
|t:|1757001848
|gametype|doubles
|player|p1|root2iris|unknownf|
|player|p2|Mateadelvgc|giovanni|
|gen|9
|tier|[Gen 9] VGC 2025 Reg H (Bo3)
|rule|Species Clause: Limit one of each Pokémon
|rule|Item Clause: Limit 1 of each item
|clearpoke
|poke|p1|Archaludon, L50, M|
|poke|p1|Pelipper, L50, F|
|poke|p1|Amoonguss, L50, M|
|poke|p1|Incineroar, L50, M|
|poke|p1|Baxcalibur, L50, F|
|poke|p1|Annihilape, L50, M|
|poke|p2|Sneasler, L50, M|
|poke|p2|Indeedee, L50, M|
|poke|p2|Volcarona, L50, M|
|poke|p2|Ursaluna-Bloodmoon, L50, M|
|poke|p2|Annihilape, L50, M|
|poke|p2|Tyranitar, L50, M|
|teampreview|4
|showteam|p1|Archaludon||AssaultVest|Stamina|DragonPulse,ElectroShot,BodyPress,Thunderbolt|||M|||50|,,,,,Electric]Pelipper||FocusSash|Drizzle|MuddyWater,Hurricane,Tailwind,Protect|||F|||50|,,,,,Ghost]Amoonguss||CovertCloak|Regenerator|PollenPuff,RagePowder,Spore,Protect|||M|||50|,,,,,Fairy]Incineroar||SafetyGoggles|Intimidate|KnockOff,BurningJealousy,PartingShot,FakeOut|||M|||50|,,,,,Ghost]Baxcalibur||LoadedDice|ThermalExchange|IcicleSpear,ScaleShot,HighHorsepower,Protect|||F|||50|,,,,,Ghost]Annihilape||SitrusBerry|Defiant|RageFist,FinalGambit,Coaching,Taunt|||M|||50|,,,,,Water
|showteam|p2|Sneasler||PsychicSeed|Unburden|CloseCombat,DireClaw,ThroatChop,Protect|||M|||50|,,,,,Dark]Indeedee||ChoiceScarf|PsychicSurge|ExpandingForce,TeraBlast,Trick,Protect|||M|||50|,,,,,Psychic]Volcarona||SitrusBerry|FlameBody|Overheat,StruggleBug,RagePowder,Tailwind|||M|||50|,,,,,Grass]Ursaluna-Bloodmoon||LifeOrb|MindsEye|BloodMoon,HyperVoice,EarthPower,Protect|||M|||50|,,,,,Normal]Annihilape||SafetyGoggles|Defiant|CloseCombat,RageFist,Taunt,FinalGambit|||M|||50|,,,,,Fairy]Tyranitar||AssaultVest|SandStream|RockSlide,KnockOff,TeraBlast,LowKick|||M|||50|,,,,,Flying
|inactive|Battle timer is ON: inactive players will automatically lose when time's up. (requested by root2iris)
|inactive|Mateadelvgc has 60 seconds left.
|inactive|Mateadelvgc has 30 seconds left.
|
|t:|1757001915
|teamsize|p1|4
|teamsize|p2|4
|start
|switch|p1a: Oathkeeper|Pelipper, L50, F, shiny|100/100
|switch|p1b: Air Combo++|Baxcalibur, L50, F|100/100
|switch|p2a: Tyranitar|Tyranitar, L50, M|100/100
|switch|p2b: Indeedee|Indeedee, L50, M|100/100
|-fieldstart|move: Psychic Terrain|[from] ability: Psychic Surge|[of] p2b: Indeedee
|-weather|RainDance|[from] ability: Drizzle|[of] p1a: Oathkeeper
|-weather|Sandstorm|[from] ability: Sand Stream|[of] p2a: Tyranitar
|turn|1
|inactive|root2iris has 30 seconds left.
|inactive|Mateadelvgc has 30 seconds left.
|inactive|Mateadelvgc has 20 seconds left.
|inactive|Mateadelvgc has 15 seconds left.
|inactive|Mateadelvgc has 10 seconds left.
|inactive|Mateadelvgc has 5 seconds left.
|
|t:|1757001970
|switch|p1a: RC|Incineroar, L50, M|100/100
|-ability|p1a: RC|Intimidate|boost
|-unboost|p2a: Tyranitar|atk|1
|-unboost|p2b: Indeedee|atk|1
|move|p1b: Air Combo++|Protect|p1b: Air Combo++
|-singleturn|p1b: Air Combo++|Protect
|move|p2b: Indeedee|Expanding Force|p1a: RC|[spread] 
|-activate|p1b: Air Combo++|move: Protect
|-immune|p1a: RC
|move|p2a: Tyranitar|Rock Slide|p1a: RC|[spread] p1a
|-activate|p1b: Air Combo++|move: Protect
|-supereffective|p1a: RC
|-damage|p1a: RC|59/100
|
|-weather|Sandstorm|[upkeep]
|-damage|p2b: Indeedee|95/100|[from] Sandstorm
|-damage|p1b: Air Combo++|95/100|[from] Sandstorm
|upkeep
|turn|2
|inactive|Mateadelvgc has 30 seconds left.
|inactive|Mateadelvgc has 20 seconds left.
|inactive|Mateadelvgc has 15 seconds left.
|inactive|Mateadelvgc has 10 seconds left.
|inactive|Mateadelvgc has 5 seconds left.
|
|t:|1757002021
|switch|p1b: Roxas|Archaludon, L50, M|100/100
|move|p2b: Indeedee|Expanding Force|p1a: RC|[spread] p1b
|-immune|p1a: RC
|-resisted|p1b: Roxas
|-damage|p1b: Roxas|79/100
|-ability|p1b: Roxas|Stamina|boost
|-boost|p1b: Roxas|def|1
|move|p1a: RC|Knock Off|p2b: Indeedee
|-supereffective|p2b: Indeedee
|-damage|p2b: Indeedee|0 fnt
|-enditem|p2b: Indeedee|Choice Scarf|[from] move: Knock Off|[of] p1a: RC
|faint|p2b: Indeedee
|move|p2a: Tyranitar|Rock Slide|p1a: RC|[spread] p1a,p1b
|-supereffective|p1a: RC
|-resisted|p1b: Roxas
|-damage|p1a: RC|17/100
|-damage|p1b: Roxas|75/100
|-ability|p1b: Roxas|Stamina|boost
|-boost|p1b: Roxas|def|1
|
|-weather|Sandstorm|[upkeep]
|upkeep
|inactive|Mateadelvgc has 30 seconds left.
|
|t:|1757002048
|switch|p2b: Annihilape|Annihilape, L50, M|100/100
|turn|3
|inactive|root2iris has 30 seconds left.
|inactive|Mateadelvgc has 30 seconds left.
|inactive|root2iris has 20 seconds left.
|
|t:|1757002084
|move|p2b: Annihilape|Close Combat|p1a: RC
|-supereffective|p1a: RC
|-damage|p1a: RC|0 fnt
|-unboost|p2b: Annihilape|def|1
|-unboost|p2b: Annihilape|spd|1
|faint|p1a: RC
|move|p1b: Roxas|Dragon Pulse|p2b: Annihilape
|-damage|p2b: Annihilape|53/100
|move|p2a: Tyranitar|Knock Off|p1b: Roxas
|-crit|p1b: Roxas
|-damage|p1b: Roxas|23/100
|-ability|p1b: Roxas|Stamina|boost
|-boost|p1b: Roxas|def|1
|-enditem|p1b: Roxas|Assault Vest|[from] move: Knock Off|[of] p2a: Tyranitar
|
|-weather|Sandstorm|[upkeep]
|upkeep
|
|t:|1757002100
|switch|p1a: Oathkeeper|Pelipper, L50, F, shiny|100/100
|-weather|RainDance|[from] ability: Drizzle|[of] p1a: Oathkeeper
|turn|4
|inactive|Mateadelvgc has 30 seconds left.
|inactive|Mateadelvgc has 20 seconds left.
|inactive|Mateadelvgc has 15 seconds left.
|inactive|Mateadelvgc has 10 seconds left.
|inactive|Mateadelvgc has 5 seconds left.
|
|t:|1757002154
|-terastallize|p1a: Oathkeeper|Ghost
|move|p2b: Annihilape|Final Gambit|p1b: Roxas
|-damage|p1b: Roxas|0 fnt
|faint|p2b: Annihilape
|faint|p1b: Roxas
|move|p1a: Oathkeeper|Tailwind|p1a: Oathkeeper
|-sidestart|p1: root2iris|move: Tailwind
|move|p2a: Tyranitar|Knock Off|p1a: Oathkeeper
|-supereffective|p1a: Oathkeeper
|-damage|p1a: Oathkeeper|15/100
|-enditem|p1a: Oathkeeper|Focus Sash|[from] move: Knock Off|[of] p2a: Tyranitar
|
|-weather|RainDance|[upkeep]
|upkeep
|
|t:|1757002165
|switch|p2b: Sneasler|Sneasler, L50, M|100/100
|switch|p1b: Air Combo++|Baxcalibur, L50, F|95/100
|-enditem|p2b: Sneasler|Psychic Seed
|-boost|p2b: Sneasler|spd|1|[from] item: Psychic Seed
|turn|5
|inactive|root2iris has 30 seconds left.
|inactive|Mateadelvgc has 30 seconds left.
|inactive|Mateadelvgc has 20 seconds left.
|inactive|Mateadelvgc has 15 seconds left.
|
|t:|1757002208
|-terastallize|p2a: Tyranitar|Flying
|move|p2b: Sneasler|Close Combat|p1b: Air Combo++
|-supereffective|p1b: Air Combo++
|-damage|p1b: Air Combo++|0 fnt
|-unboost|p2b: Sneasler|def|1
|-unboost|p2b: Sneasler|spd|1
|faint|p1b: Air Combo++
|move|p1a: Oathkeeper|Muddy Water|p2a: Tyranitar|[spread] p2a,p2b
|-damage|p2a: Tyranitar|75/100
|-damage|p2b: Sneasler|40/100
|-unboost|p2b: Sneasler|accuracy|1
|move|p2a: Tyranitar|Rock Slide|p1a: Oathkeeper
|-damage|p1a: Oathkeeper|0 fnt
|faint|p1a: Oathkeeper
|
|win|Mateadelvgc
