|j|☆Lacossg
|j|☆Metallicmadness
|html|LacossgMetallicmadness    
|uhtml|bestof|Game 3 of a best-of-3
|t:|1755886847
|gametype|doubles
|player|p1|Lacossg|101|1263
|player|p2|Metallicmadness|byron|1365
|gen|9
|tier|[Gen 9] VGC 2025 Reg H (Bo3)
|rated|
|rule|Species Clause: Limit one of each Pokémon
|rule|Item Clause: Limit 1 of each item
|clearpoke
|poke|p1|Archaludon, L50, M|
|poke|p1|Espathra, L50, M|
|poke|p1|Kommo-o, L50, F|
|poke|p1|Volcarona, L50, M|
|poke|p1|Maushold, L50|
|poke|p1|Rillaboom, L50, M|
|poke|p2|Indeedee, L50, M|
|poke|p2|Weezing-Galar, L50, M|
|poke|p2|Gallade, L50, M|
|poke|p2|Armarouge, L50, M|
|poke|p2|Primarina, L50, M|
|poke|p2|Electabuzz, L50, F|
|teampreview|4
|showteam|p1|Archaludon||AssaultVest|Stamina|ElectroShot,FlashCannon,DracoMeteor,BodyPress|||M|||50|,,,,,Grass]Espathra||FocusSash|SpeedBoost|LuminaCrash,RainDance,Protect,Hypnosis|||M|||50|,,,,,Fairy]Kommo-o||LifeOrb|Overcoat|AuraSphere,Flamethrower,Protect,DracoMeteor|||F|||50|,,,,,Fire]Volcarona||GrassySeed|FlameBody|FieryDance,TeraBlast,QuiverDance,Protect|||M|||50|,,,,,Fairy]Maushold||ChopleBerry|FriendGuard|FollowMe,Taunt,PopulationBomb,Encore||||||50|,,,,,Ghost]Rillaboom||LoadedDice|GrassySurge|BulletSeed,GrassyGlide,Uturn,FakeOut|||M|||50|,,,,,Fire
|showteam|p2|Indeedee||AbilityShield|PsychicSurge|ExpandingForce,DazzlingGleam,Protect,EnergyBall|||M|||50|,,,,,Fairy]Weezing-Galar||SitrusBerry|NeutralizingGas|ToxicSpikes,Protect,PoisonGas,StrangeSteam|||M|||50|,,,,,Fire]Gallade||ClearAmulet|Sharpness|SacredSword,PsychoCut,TrickRoom,Protect|||M|||50|,,,,,Grass]Armarouge||FocusSash|FlashFire|ExpandingForce,HeatWave,ArmorCannon,Protect|||M|||50|,,,,,Grass]Primarina||LifeOrb|LiquidVoice|HyperVoice,Moonblast,Protect,Haze|||M|||50|,,,,,Poison]Electabuzz||Eviolite|VitalSpirit|Thunderbolt,Protect,Taunt,FollowMe|||F|||50|,,,,,Ghost
|inactive|Battle timer is ON: inactive players will automatically lose when time's up. (requested by Metallicmadness)
|inactive|Lacossg has 60 seconds left.
|
|t:|1755886882
|teamsize|p1|4
|teamsize|p2|4
|start
|switch|p1a: Espathra|Espathra, L50, M|100/100
|switch|p1b: Rillaboom|Rillaboom, L50, M|100/100
|switch|p2a: Armarouge|Armarouge, L50, M|100/100
|switch|p2b: Indeedee|Indeedee, L50, M|100/100
|-fieldstart|move: Psychic Terrain|[from] ability: Psychic Surge|[of] p2b: Indeedee
|-fieldstart|move: Grassy Terrain|[from] ability: Grassy Surge|[of] p1b: Rillaboom
|turn|1
|
|t:|1755886895
|switch|p2b: Weezing|Weezing-Galar, L50, M|100/100
|-ability|p2b: Weezing|Neutralizing Gas
|switch|p1b: Archaludon|Archaludon, L50, M|100/100
|move|p1a: Espathra|Protect|p1a: Espathra
|-singleturn|p1a: Espathra|Protect
|move|p2a: Armarouge|Heat Wave|p1a: Espathra|[spread] p1b
|-activate|p1a: Espathra|move: Protect
|-damage|p1b: Archaludon|78/100
|-status|p1b: Archaludon|brn
|
|-heal|p1b: Archaludon|84/100 brn|[from] Grassy Terrain
|-damage|p1b: Archaludon|78/100 brn|[from] brn
|upkeep
|turn|2
|
|t:|1755886918
|-terastallize|p2b: Weezing|Fire
|move|p1a: Espathra|Lumina Crash|p2b: Weezing
|-damage|p2b: Weezing|59/100
|-unboost|p2b: Weezing|spd|2
|move|p2a: Armarouge|Heat Wave|p1a: Espathra|[spread] p1a,p1b
|-damage|p1a: Espathra|43/100
|-damage|p1b: Archaludon|52/100 brn
|move|p1b: Archaludon|Draco Meteor|p2b: Weezing
|-damage|p2b: Weezing|0 fnt
|-unboost|p1b: Archaludon|spa|2
|faint|p2b: Weezing
|-end|p2b: Weezing|ability: Neutralizing Gas
|
|-heal|p1a: Espathra|49/100|[from] Grassy Terrain
|-heal|p1b: Archaludon|58/100 brn|[from] Grassy Terrain
|-damage|p1b: Archaludon|52/100 brn|[from] brn
|-ability|p1a: Espathra|Speed Boost|boost
|-boost|p1a: Espathra|spe|1
|upkeep
|
|t:|1755886936
|switch|p2b: Gallade|Gallade, L50, M|100/100
|turn|3
|inactive|Lacossg has 30 seconds left.
|
|t:|1755886964
|move|p1a: Espathra|Protect|p1a: Espathra
|-singleturn|p1a: Espathra|Protect
|move|p2a: Armarouge|Armor Cannon|p1a: Espathra
|-activate|p1a: Espathra|move: Protect
|move|p1b: Archaludon|Flash Cannon|p2a: Armarouge
|-resisted|p2a: Armarouge
|-damage|p2a: Armarouge|88/100
|move|p2b: Gallade|Sacred Sword|p1b: Archaludon
|-supereffective|p1b: Archaludon
|-damage|p1b: Archaludon|0 fnt
|faint|p1b: Archaludon
|
|-heal|p1a: Espathra|55/100|[from] Grassy Terrain
|-heal|p2a: Armarouge|94/100|[from] Grassy Terrain
|-ability|p1a: Espathra|Speed Boost|boost
|-boost|p1a: Espathra|spe|1
|upkeep
|
|t:|1755886977
|switch|p1b: Maushold|Maushold, L50|100/100
|turn|4
|
|t:|1755886998
|switch|p2b: Indeedee|Indeedee, L50, M|100/100
|-fieldstart|move: Psychic Terrain|[from] ability: Psychic Surge|[of] p2b: Indeedee
|-terastallize|p1b: Maushold|Ghost
|move|p1a: Espathra|Lumina Crash|p2a: Armarouge
|-resisted|p2a: Armarouge
|-damage|p2a: Armarouge|63/100
|-unboost|p2a: Armarouge|spd|2
|move|p1b: Maushold|Population Bomb|p2a: Armarouge
|-damage|p2a: Armarouge|56/100
|-damage|p2a: Armarouge|48/100
|-damage|p2a: Armarouge|40/100
|-crit|p2a: Armarouge
|-damage|p2a: Armarouge|30/100
|-damage|p2a: Armarouge|22/100
|-damage|p2a: Armarouge|15/100
|-damage|p2a: Armarouge|9/100
|-damage|p2a: Armarouge|1/100
|-damage|p2a: Armarouge|0 fnt
|faint|p2a: Armarouge
|-hitcount|p2: Armarouge|9
|
|-ability|p1a: Espathra|Speed Boost|boost
|-boost|p1a: Espathra|spe|1
|upkeep
|
|t:|1755887009
|switch|p2a: Gallade|Gallade, L50, M|100/100
|turn|5
|
|t:|1755887033
|switch|p1a: Rillaboom|Rillaboom, L50, M|100/100
|-fieldstart|move: Grassy Terrain|[from] ability: Grassy Surge|[of] p1a: Rillaboom
|move|p2b: Indeedee|Expanding Force|p1a: Rillaboom
|-damage|p1a: Rillaboom|74/100
|move|p1b: Maushold|Population Bomb|p2a: Gallade
|-damage|p2a: Gallade|91/100
|-damage|p2a: Gallade|81/100
|-damage|p2a: Gallade|72/100
|-damage|p2a: Gallade|62/100
|-hitcount|p2a: Gallade|4
|move|p2a: Gallade|Psycho Cut|p1b: Maushold
|-damage|p1b: Maushold|40/100
|
|-heal|p1b: Maushold|47/100|[from] Grassy Terrain
|-heal|p1a: Rillaboom|80/100|[from] Grassy Terrain
|-heal|p2a: Gallade|68/100|[from] Grassy Terrain
|upkeep
|turn|6
|
|t:|1755887057
|move|p2b: Indeedee|Expanding Force|p1b: Maushold
|-damage|p1b: Maushold|7/100
|move|p1b: Maushold|Population Bomb|p2a: Gallade
|-damage|p2a: Gallade|58/100
|-damage|p2a: Gallade|50/100
|-damage|p2a: Gallade|42/100
|-damage|p2a: Gallade|34/100
|-damage|p2a: Gallade|24/100
|-damage|p2a: Gallade|15/100
|-damage|p2a: Gallade|5/100
|-damage|p2a: Gallade|0 fnt
|faint|p2a: Gallade
|-hitcount|p2: Gallade|8
|move|p1a: Rillaboom|Bullet Seed|p2b: Indeedee
|-damage|p2b: Indeedee|76/100
|-damage|p2b: Indeedee|51/100
|-damage|p2b: Indeedee|25/100
|-damage|p2b: Indeedee|0 fnt
|faint|p2b: Indeedee
|-hitcount|p2: Indeedee|4
|
|win|Lacossg
|raw|Lacossg's rating: 1263 → 1295(+32 for winning)
|raw|Metallicmadness's rating: 1365 → 1339(-26 for losing)
|l|☆Metallicmadness
|player|p2|
