|j|☆mudkipc4
|j|☆TheLegendShadow
|html|mudkipc4TheLegendShadow    
|uhtml|bestof|Game 2 of a best-of-3
|t:|1782577480
|gametype|doubles
|player|p1|mudkipc4|pokemaniac|1116
|player|p2|TheLegendShadow|170|1040
|gen|9
|tier|[Gen 9 Champions] VGC 2026 Reg M-B (Bo3)
|rated|
|rule|Species Clause: Limit one of each Pokémon
|rule|Item Clause: Limit 1 of each item
|clearpoke
|poke|p1|Mawile, L50, F|
|poke|p1|Farigiraf, L50, F|
|poke|p1|Tyranitar, L50, F|
|poke|p1|Gengar, L50, M|
|poke|p1|Grimmsnarl, L50, M|
|poke|p1|Hydreigon, L50, F|
|poke|p2|Metagross, L50|
|poke|p2|Swampert, L50, F|
|poke|p2|Pelipper, L50, M|
|poke|p2|Sinistcha-Masterpiece, L50|
|poke|p2|Archaludon, L50, F|
|poke|p2|Grimmsnarl, L50, M|
|teampreview|4
|showteam|p1|Mawile||Mawilite|Intimidate|PlayRough,IronHead,SuckerPunch,Protect|Brave||F|||50|]Farigiraf||SitrusBerry|ArmorTail|TrickRoom,Psychic,Protect,Imprison|Bold||F|||50|]Tyranitar||FocusSash|SandStream|RockSlide,BrickBreak,KnockOff,Protect|Adamant||F|||50|]Gengar||Gengarite|CursedBody|SludgeBomb,ShadowBall,Protect,WillOWisp|Timid||M|||50|]Grimmsnarl||LightClay|Prankster|FakeOut,PartingShot,Reflect,SpiritBreak|Impish||M|||50|]Hydreigon||ChoiceScarf|Levitate|DarkPulse,DracoMeteor,EarthPower,Snarl|Modest||F|||50|
|showteam|p2|Metagross||Metagrossite|ClearBody|BodyPress,IronHead,PsychicFangs,Protect|Jolly|||||50|]Swampert||Swampertite|Torrent|IcePunch,WaveCrash,Earthquake,Protect|Serious||F|||50|]Pelipper||SitrusBerry|Drizzle|WeatherBall,Tailwind,Hurricane,WideGuard|Modest||M|||50|]Sinistcha-Masterpiece||CobaBerry|Hospitality|MatchaGotcha,RagePowder,Protect,TrickRoom|Bold|||||50|]Archaludon||Leftovers|Stamina|ElectroShot,FlashCannon,DragonPulse,Protect|Modest||F|||50|]Grimmsnarl||LightClay|Prankster|FoulPlay,LightScreen,Reflect,PartingShot|Careful||M|||50|
|
|t:|1782577495
|teamsize|p1|4
|teamsize|p2|4
|start
|switch|p1a: Charybdis|Gengar, L50, M|100/100
|switch|p1b: Gorgon|Grimmsnarl, L50, M|100/100
|switch|p2a: Metagross|Metagross, L50|100/100
|switch|p2b: Grimmsnarl|Grimmsnarl, L50, M|100/100
|turn|1
|
|t:|1782577502
|detailschange|p1a: Charybdis|Gengar-Mega, L50, M
|-mega|p1a: Charybdis|Gengar|Gengarite
|detailschange|p2a: Metagross|Metagross-Mega, L50
|-mega|p2a: Metagross|Metagross|Metagrossite
|move|p1b: Gorgon|Fake Out|p2a: Metagross
|-resisted|p2a: Metagross|1
|-damage|p2a: Metagross|96/100
|move|p2b: Grimmsnarl|Light Screen|p2b: Grimmsnarl
|-sidestart|p2: TheLegendShadow|move: Light Screen
|move|p1a: Charybdis|Will-O-Wisp|p2a: Metagross
|-status|p2a: Metagross|brn
|cant|p2a: Metagross|flinch
|
|-damage|p2a: Metagross|90/100 brn|[from] brn
|upkeep
|turn|2
|
|t:|1782577517
|move|p1a: Charybdis|Protect|p1a: Charybdis
|-singleturn|p1a: Charybdis|Protect
|move|p2b: Grimmsnarl|Reflect|p2b: Grimmsnarl
|-sidestart|p2: TheLegendShadow|Reflect
|move|p2a: Metagross|Iron Head|p1b: Gorgon
|-supereffective|p1b: Gorgon|1
|-damage|p1b: Gorgon|53/100
|cant|p1b: Gorgon|flinch
|
|-damage|p2a: Metagross|84/100 brn|[from] brn
|upkeep
|turn|3
|
|t:|1782577531
|move|p1b: Gorgon|Parting Shot|p2a: Metagross
|-unboost|p2a: Metagross|atk|1
|-unboost|p2a: Metagross|spa|1
|
|t:|1782577536
|switch|p1b: Hydra|Hydreigon, L50, F|100/100|[from] Parting Shot
|move|p1a: Charybdis|Sludge Bomb|p2b: Grimmsnarl
|-supereffective|p2b: Grimmsnarl|1
|-damage|p2b: Grimmsnarl|38/100
|move|p2a: Metagross|Psychic Fangs|p1a: Charybdis
|-supereffective|p1a: Charybdis|1
|-damage|p1a: Charybdis|59/100
|move|p2b: Grimmsnarl|Foul Play|p1a: Charybdis
|-supereffective|p1a: Charybdis|1
|-damage|p1a: Charybdis|16/100
|
|-damage|p2a: Metagross|78/100 brn|[from] brn
|upkeep
|turn|4
|
|t:|1782577560
|move|p1a: Charybdis|Protect|p1a: Charybdis
|-singleturn|p1a: Charybdis|Protect
|move|p2b: Grimmsnarl|Parting Shot|p1a: Charybdis
|-activate|p1a: Charybdis|move: Protect
|move|p1b: Hydra|Dark Pulse|p2a: Metagross
|-supereffective|p2a: Metagross|1
|-damage|p2a: Metagross|26/100 brn
|move|p2a: Metagross|Psychic Fangs|p1a: Charybdis
|-activate|p1a: Charybdis|move: Protect
|
|-damage|p2a: Metagross|20/100y brn|[from] brn
|upkeep
|turn|5
|
|t:|1782577570
|switch|p1a: Gorgon|Grimmsnarl, L50, M|53/100
|move|p2b: Grimmsnarl|Parting Shot|p1a: Gorgon
|-hint|Since gen 7, Dark is immune to Prankster moves.
|-immune|p1a: Gorgon
|move|p1b: Hydra|Dark Pulse|p2a: Metagross
|-supereffective|p2a: Metagross|1
|-damage|p2a: Metagross|0 fnt
|faint|p2a: Metagross
|
|upkeep
|
|t:|1782577576
|switch|p2a: Pelipper|Pelipper, L50, M|100/100
|-weather|RainDance|[from] ability: Drizzle|[of] p2a: Pelipper
|turn|6
|
|t:|1782577590
|switch|p2b: Archaludon|Archaludon, L50, F|100/100
|move|p1a: Gorgon|Fake Out|p2a: Pelipper
|-damage|p2a: Pelipper|91/100
|move|p1b: Hydra|Dark Pulse|p2a: Pelipper
|-damage|p2a: Pelipper|40/100
|-enditem|p2a: Pelipper|Sitrus Berry|[eat]
|-heal|p2a: Pelipper|64/100|[from] item: Sitrus Berry
|cant|p2a: Pelipper|flinch
|
|-weather|RainDance|[upkeep]
|upkeep
|turn|7
|
|t:|1782577601
|switch|p1b: Typhon|Tyranitar, L50, F|100/100
|-weather|Sandstorm|[from] ability: Sand Stream|[of] p1b: Typhon
|move|p1a: Gorgon|Parting Shot|p2b: Archaludon
|-unboost|p2b: Archaludon|atk|1
|-unboost|p2b: Archaludon|spa|1
|
|t:|1782577607
|switch|p1a: Charybdis|Gengar-Mega, L50, M|16/100|[from] Parting Shot
|move|p2a: Pelipper|Weather Ball|p1a: Charybdis
|-damage|p1a: Charybdis|0 fnt
|faint|p1a: Charybdis
|move|p2b: Archaludon|Dragon Pulse|p1b: Typhon
|-damage|p1b: Typhon|85/100
|
|-weather|Sandstorm|[upkeep]
|-damage|p2a: Pelipper|59/100|[from] Sandstorm
|upkeep
|
|t:|1782577620
|switch|p1a: Gorgon|Grimmsnarl, L50, M|53/100
|turn|8
|
|t:|1782577628
|switch|p2b: Grimmsnarl|Grimmsnarl, L50, M|38/100
|move|p1a: Gorgon|Fake Out|p2a: Pelipper
|-damage|p2a: Pelipper|49/100
|cant|p2a: Pelipper|flinch
|move|p1b: Typhon|Knock Off|p2b: Grimmsnarl
|-resisted|p2b: Grimmsnarl|2
|-damage|p2b: Grimmsnarl|26/100
|-enditem|p2b: Grimmsnarl|Light Clay|[from] move: Knock Off|[of] p1b: Typhon
|
|-weather|Sandstorm|[upkeep]
|-damage|p2a: Pelipper|43/100|[from] Sandstorm
|-damage|p2b: Grimmsnarl|20/100y|[from] Sandstorm
|-damage|p1a: Gorgon|47/100|[from] Sandstorm
|-sideend|p2: TheLegendShadow|move: Light Screen
|upkeep
|turn|9
|
|t:|1782577644
|move|p2b: Grimmsnarl|Light Screen|p2b: Grimmsnarl
|-sidestart|p2: TheLegendShadow|move: Light Screen
|move|p2a: Pelipper|Tailwind|p2a: Pelipper
|-sidestart|p2: TheLegendShadow|move: Tailwind
|move|p1b: Typhon|Brick Break|p2b: Grimmsnarl
|-sideend|p2: TheLegendShadow|Reflect
|-sideend|p2: TheLegendShadow|move: Light Screen
|-damage|p2b: Grimmsnarl|0 fnt
|faint|p2b: Grimmsnarl
|move|p1a: Gorgon|Spirit Break|p2a: Pelipper
|-damage|p2a: Pelipper|4/100
|-unboost|p2a: Pelipper|spa|1
|
|-weather|Sandstorm|[upkeep]
|-damage|p2a: Pelipper|0 fnt|[from] Sandstorm
|-damage|p1a: Gorgon|41/100|[from] Sandstorm
|faint|p2a: Pelipper
|upkeep
|-message|TheLegendShadow forfeited.
|raw|mudkipc4's rating: 1116 → 1136(+20 for winning)
|raw|TheLegendShadow's rating: 1040 → 1027(-13 for losing)
|
|win|mudkipc4
|l|☆TheLegendShadow
|player|p2|
|c|☆mudkipc4|gg
