|j|☆TheLeoj
|j|☆Hjmane
|html|TheLeojHjmane    
|uhtml|bestof|Game 2 of a best-of-3
|t:|1784246398
|gametype|doubles
|player|p1|TheLeoj|266|1126
|player|p2|Hjmane|170|1095
|gen|9
|tier|[Gen 9 Champions] VGC 2026 Reg M-B (Bo3)
|rated|
|rule|Species Clause: Limit one of each Pokémon
|rule|Item Clause: Limit 1 of each item
|clearpoke
|poke|p1|Garchomp, L50, M, shiny|
|poke|p1|Venusaur, L50, M, shiny|
|poke|p1|Incineroar, L50, M, shiny|
|poke|p1|Charizard, L50, M, shiny|
|poke|p1|Toxapex, L50, M, shiny|
|poke|p1|Annihilape, L50, M, shiny|
|poke|p2|Staraptor, L50, F|
|poke|p2|Whimsicott, L50, M|
|poke|p2|Sableye, L50, M|
|poke|p2|Jolteon, L50, F|
|poke|p2|Altaria, L50, M|
|poke|p2|Volcarona, L50, F|
|teampreview|4
|showteam|p1|Garchomp||ChoiceScarf|RoughSkin|Earthquake,RockSlide,DragonClaw,StompingTantrum|Adamant||M|||50|]Venusaur||LifeOrb|Chlorophyll|SludgeBomb,SolarBeam,EarthPower,Protect|Modest||M|||50|]Incineroar||SitrusBerry|Intimidate|FakeOut,FlareBlitz,ThroatChop,PartingShot|Impish||M|||50|]Charizard||CharizarditeY|Blaze|HeatWave,WeatherBall,Protect,HelpingHand|Modest||M|||50|]Toxapex||Leftovers|Regenerator|Infestation,Toxic,WideGuard,BanefulBunker|Impish||M|||50|]Annihilape||FocusSash|Defiant|CloseCombat,PhantomForce,RockTomb,Protect|Jolly||M|||50|
|showteam|p2|Staraptor||Staraptite|Intimidate|CloseCombat,BraveBird,Protect,QuickAttack|Jolly||F|||50|]Whimsicott||MentalHerb|Prankster|Tailwind,Charm,CottonSpore,Moonblast|Bold||M|||50|]Sableye||LightClay|Prankster|LightScreen,Encore,WillOWisp,Reflect|Calm||M|||50|]Jolteon||Magnet|VoltAbsorb|Thunderbolt,CalmMind,HyperVoice,Protect|Timid||F|||50|]Altaria||Leftovers|CloudNine|DragonDance,Roost,BraveBird,DragonClaw|Adamant||M|||50|]Volcarona||Charcoal|FlameBody|FireBlast,BugBuzz,RainDance,Protect|Timid||F|||50|
|inactive|Battle timer is ON: inactive players will automatically lose when time's up. (requested by TheLeoj)
|inactive|Hjmane has 60 seconds left.
|inactive|TheLeoj has 60 seconds left.
|
|t:|1784246441
|teamsize|p1|4
|teamsize|p2|4
|start
|switch|p1a: Garchomp|Garchomp, L50, M, shiny|100/100
|switch|p1b: Incineroar|Incineroar, L50, M, shiny|100/100
|switch|p2a: Staraptor|Staraptor, L50, F|100/100
|switch|p2b: Whimsicott|Whimsicott, L50, M|100/100
|-ability|p2a: Staraptor|Intimidate|boost
|-unboost|p1a: Garchomp|atk|1
|-unboost|p1b: Incineroar|atk|1
|-ability|p1b: Incineroar|Intimidate|boost
|-unboost|p2a: Staraptor|atk|1
|-unboost|p2b: Whimsicott|atk|1
|turn|1
|
|t:|1784246462
|detailschange|p2a: Staraptor|Staraptor-Mega, L50, F
|-mega|p2a: Staraptor|Staraptor|Staraptite
|move|p2a: Staraptor|Protect|p2a: Staraptor
|-singleturn|p2a: Staraptor|Protect
|move|p1b: Incineroar|Fake Out|p2b: Whimsicott
|-damage|p2b: Whimsicott|92/100
|cant|p2b: Whimsicott|flinch
|move|p1a: Garchomp|Rock Slide|p2b: Whimsicott|[spread] 
|-activate|p2a: Staraptor|move: Protect
|-miss|p1a: Garchomp|p2b: Whimsicott
|
|upkeep
|turn|2
|
|t:|1784246486
|switch|p1b: Annihilape|Annihilape, L50, M, shiny|100/100
|move|p2b: Whimsicott|Charm|p1a: Garchomp
|-unboost|p1a: Garchomp|atk|2
|move|p1a: Garchomp|Rock Slide|p2a: Staraptor|[spread] p2a,p2b
|-damage|p2a: Staraptor|90/100
|-damage|p2b: Whimsicott|84/100
|cant|p2a: Staraptor|flinch
|
|upkeep
|turn|3
|inactive|TheLeoj has 30 seconds left.
|inactive|Hjmane has 30 seconds left.
|inactive|Hjmane has 20 seconds left.
|inactive|Hjmane has 15 seconds left.
|
|t:|1784246529
|switch|p1a: Incineroar|Incineroar, L50, M, shiny|100/100
|-ability|p1a: Incineroar|Intimidate|boost
|-boost|p2a: Staraptor|atk|1
|-unboost|p2b: Whimsicott|atk|1
|move|p2b: Whimsicott|Charm|p2a: Staraptor
|-boost|p2a: Staraptor|atk|2
|move|p2a: Staraptor|Close Combat|p1a: Incineroar
|-supereffective|p1a: Incineroar|1
|-damage|p1a: Incineroar|0 fnt
|-boost|p2a: Staraptor|def|1
|-boost|p2a: Staraptor|spd|1
|faint|p1a: Incineroar
|move|p1b: Annihilape|Phantom Force||[still]
|-prepare|p1b: Annihilape|Phantom Force
|
|upkeep
|
|t:|1784246541
|switch|p1a: Toxapex|Toxapex, L50, M, shiny|100/100
|turn|4
|inactive|Hjmane has 30 seconds left.
|inactive|Hjmane has 20 seconds left.
|inactive|Hjmane has 15 seconds left.
|
|t:|1784246583
|move|p2b: Whimsicott|Charm|p2a: Staraptor
|-boost|p2a: Staraptor|atk|2
|move|p2a: Staraptor|Brave Bird|p1b: Annihilape|[miss]
|-miss|p2a: Staraptor|p1b: Annihilape
|move|p1b: Annihilape|Phantom Force|p2a: Staraptor|[from] lockedmove
|-damage|p2a: Staraptor|60/100
|move|p1a: Toxapex|Toxic|p2b: Whimsicott
|-status|p2b: Whimsicott|tox
|
|-damage|p2b: Whimsicott|78/100 tox|[from] psn
|upkeep
|turn|5
|
|t:|1784246598
|move|p1b: Annihilape|Protect|p1b: Annihilape
|-singleturn|p1b: Annihilape|Protect
|move|p2b: Whimsicott|Charm|p2a: Staraptor
|-boost|p2a: Staraptor|atk|2
|move|p2a: Staraptor|Brave Bird|p1b: Annihilape
|-activate|p1b: Annihilape|move: Protect
|move|p1a: Toxapex|Toxic|p2a: Staraptor
|-status|p2a: Staraptor|tox
|
|-damage|p2a: Staraptor|53/100 tox|[from] psn
|-damage|p2b: Whimsicott|66/100 tox|[from] psn
|upkeep
|turn|6
|inactive|TheLeoj has 30 seconds left.
|
|t:|1784246628
|move|p1b: Annihilape|Protect|p1b: Annihilape
|-singleturn|p1b: Annihilape|Protect
|move|p2b: Whimsicott|Charm|p2a: Staraptor
|-boost|p2a: Staraptor|atk|0
|move|p2a: Staraptor|Brave Bird|p1b: Annihilape
|-activate|p1b: Annihilape|move: Protect
|move|p1a: Toxapex|Infestation|p2a: Staraptor
|-resisted|p2a: Staraptor|2
|-damage|p2a: Staraptor|53/100 tox
|-activate|p2a: Staraptor|move: Infestation|[of] p1a: Toxapex
|
|-damage|p2a: Staraptor|40/100 tox|[from] psn
|-damage|p2b: Whimsicott|48/100 tox|[from] psn
|-damage|p2a: Staraptor|28/100 tox|[from] move: Infestation|[partiallytrapped]
|upkeep
|turn|7
|
|t:|1784246649
|move|p2a: Staraptor|Brave Bird|p1a: Toxapex
|-damage|p1a: Toxapex|0 fnt
|faint|p1a: Toxapex
|-damage|p2a: Staraptor|0 fnt|[from] Recoil
|faint|p2a: Staraptor
|move|p1b: Annihilape|Phantom Force||[still]
|-prepare|p1b: Annihilape|Phantom Force
|move|p2b: Whimsicott|Moonblast|p1b: Annihilape|[miss]
|-miss|p2b: Whimsicott|p1b: Annihilape
|
|-damage|p2b: Whimsicott|24/100 tox|[from] psn
|upkeep
|
|t:|1784246662
|switch|p2a: Altaria|Altaria, L50, M|100/100
|switch|p1a: Garchomp|Garchomp, L50, M, shiny|100/100
|-ability|p2a: Altaria|Cloud Nine
|turn|8
|
|t:|1784246668
|move|p1a: Garchomp|Dragon Claw|p2a: Altaria
|-supereffective|p2a: Altaria|1
|-crit|p2a: Altaria
|-damage|p2a: Altaria|0 fnt
|faint|p2a: Altaria
|move|p1b: Annihilape|Phantom Force|p2b: Whimsicott|[from] lockedmove
|-damage|p2b: Whimsicott|0 fnt
|faint|p2b: Whimsicott
|
|upkeep
|
|t:|1784246672
|switch|p2b: Jolteon|Jolteon, L50, F|100/100
|turn|9
|
|t:|1784246685
|move|p1a: Garchomp|Dragon Claw|p2b: Jolteon
|-damage|p2b: Jolteon|7/100
|move|p2b: Jolteon|Calm Mind|p2b: Jolteon
|-boost|p2b: Jolteon|spa|1
|-boost|p2b: Jolteon|spd|1
|move|p1b: Annihilape|Phantom Force||[still]
|-prepare|p1b: Annihilape|Phantom Force
|
|upkeep
|turn|10
|
|t:|1784246695
|move|p2b: Jolteon|Protect|p2b: Jolteon
|-singleturn|p2b: Jolteon|Protect
|move|p1a: Garchomp|Dragon Claw|p2b: Jolteon
|-activate|p2b: Jolteon|move: Protect
|move|p1b: Annihilape|Phantom Force|p2b: Jolteon|[from] lockedmove
|-activate|p2b: Jolteon|move: Phantom Force|[broken]
|-damage|p2b: Jolteon|0 fnt
|faint|p2b: Jolteon
|
|win|TheLeoj
|raw|TheLeoj's rating: 1126 → 1149(+23 for winning)
|raw|Hjmane's rating: 1095 → 1073(-22 for losing)
