|j|☆MidnightCrimsonn
|j|☆wowiekazowee
|html|MidnightCrimsonnwowiekazowee    
|uhtml|bestof|Game 3 of a best-of-3
|t:|1757189347
|gametype|doubles
|player|p1|MidnightCrimsonn|acetrainerf-gen4dp|1189
|player|p2|wowiekazowee|idol|1147
|gen|9
|tier|[Gen 9] VGC 2025 Reg H (Bo3)
|rated|
|rule|Species Clause: Limit one of each Pokémon
|rule|Item Clause: Limit 1 of each item
|clearpoke
|poke|p1|Amoonguss, L50, F|
|poke|p1|Incineroar, L50, F|
|poke|p1|Hydreigon, L50, F|
|poke|p1|Gholdengo, L50|
|poke|p1|Ursaluna, L50, M|
|poke|p1|Porygon2, L50|
|poke|p2|Incineroar, L50, F|
|poke|p2|Rillaboom, L50, M|
|poke|p2|Sneasler, L50, F|
|poke|p2|Gholdengo, L50|
|poke|p2|Ninetales-Alola, L50, F|
|poke|p2|Electabuzz, L50, F|
|teampreview|4
|showteam|p1|Amoonguss||MentalHerb|Regenerator|PollenPuff,Spore,RagePowder,Protect|||F|||50|,,,,,Fairy]Incineroar||AssaultVest|Intimidate|FakeOut,KnockOff,FlareBlitz,Uturn|||F|||50|,,,,,Ghost]Hydreigon||SafetyGoggles|Levitate|DracoMeteor,Snarl,Tailwind,Protect|||F|||50|,,,,,Ghost]Gholdengo||MetalCoat|GoodasGold|MakeItRain,ShadowBall,NastyPlot,Protect||||||50|,,,,,Water]Ursaluna||FlameOrb|Guts|Facade,HeadlongRush,Earthquake,Protect|||M|||50|,,,,,Ghost]Porygon2||Eviolite|Download|TeraBlast,IceBeam,Recover,TrickRoom||||||50|,,,,,Fighting
|showteam|p2|Incineroar||SafetyGoggles|Intimidate|FakeOut,FlareBlitz,KnockOff,PartingShot|||F|||50|,,,,,Water]Rillaboom||AssaultVest|GrassySurge|WoodHammer,GrassyGlide,FakeOut,Uturn|||M|||50|,,,,,Fire]Sneasler||GrassySeed|Unburden|CloseCombat,DireClaw,FakeOut,Protect|||F|||50|,,,,,Dark]Gholdengo||LifeOrb|GoodasGold|MakeItRain,ShadowBall,NastyPlot,Protect||||||50|,,,,,Dragon]Ninetales-Alola||LightClay|SnowWarning|Moonblast,AuroraVeil,Blizzard,Protect|||F|||50|,,,,,Fire]Electabuzz||Eviolite|Static|Electroweb,VoltSwitch,FollowMe,Protect|||F|||50|,,,,,Grass
|inactive|Battle timer is ON: inactive players will automatically lose when time's up. (requested by MidnightCrimsonn)
|
|t:|1757189374
|teamsize|p1|4
|teamsize|p2|4
|start
|switch|p1a: Hydreigon|Hydreigon, L50, F|100/100
|switch|p1b: Incineroar|Incineroar, L50, F, shiny|100/100
|switch|p2a: Pyre|Incineroar, L50, F, shiny|100/100
|switch|p2b: Sale|Gholdengo, L50|100/100
|-ability|p1b: Incineroar|Intimidate|boost
|-unboost|p2a: Pyre|atk|1
|-unboost|p2b: Sale|atk|1
|-ability|p2a: Pyre|Intimidate|boost
|-unboost|p1a: Hydreigon|atk|1
|-unboost|p1b: Incineroar|atk|1
|turn|1
|
|t:|1757189398
|switch|p2b: Bornanors|Rillaboom, L50, M|100/100
|-fieldstart|move: Grassy Terrain|[from] ability: Grassy Surge|[of] p2b: Bornanors
|-terastallize|p1b: Incineroar|Ghost
|move|p2a: Pyre|Fake Out|p1b: Incineroar
|-immune|p1b: Incineroar
|move|p1a: Hydreigon|Tailwind|p1a: Hydreigon
|-sidestart|p1: MidnightCrimsonn|move: Tailwind
|move|p1b: Incineroar|Knock Off|p2b: Bornanors
|-damage|p2b: Bornanors|72/100
|-enditem|p2b: Bornanors|Assault Vest|[from] move: Knock Off|[of] p1b: Incineroar
|
|-heal|p2b: Bornanors|78/100|[from] Grassy Terrain
|upkeep
|turn|2
|
|t:|1757189419
|switch|p1a: Gholdengo|Gholdengo, L50|100/100
|move|p2b: Bornanors|Fake Out|p1a: Gholdengo
|-immune|p1a: Gholdengo
|move|p1b: Incineroar|Flare Blitz|p2b: Bornanors
|-supereffective|p2b: Bornanors
|-damage|p2b: Bornanors|16/100
|-damage|p1b: Incineroar|80/100|[from] Recoil
|move|p2a: Pyre|Knock Off|p1b: Incineroar
|-supereffective|p1b: Incineroar
|-damage|p1b: Incineroar|17/100
|-enditem|p1b: Incineroar|Assault Vest|[from] move: Knock Off|[of] p2a: Pyre
|
|-heal|p1b: Incineroar|23/100|[from] Grassy Terrain
|-heal|p2b: Bornanors|22/100|[from] Grassy Terrain
|upkeep
|turn|3
|
|t:|1757189434
|switch|p1b: Hydreigon|Hydreigon, L50, F|100/100
|move|p2b: Bornanors|Grassy Glide|p1b: Hydreigon
|-resisted|p1b: Hydreigon
|-damage|p1b: Hydreigon|83/100
|move|p1a: Gholdengo|Nasty Plot|p1a: Gholdengo
|-boost|p1a: Gholdengo|spa|2
|move|p2a: Pyre|Knock Off|p1a: Gholdengo
|-supereffective|p1a: Gholdengo
|-damage|p1a: Gholdengo|40/100
|-enditem|p1a: Gholdengo|Metal Coat|[from] move: Knock Off|[of] p2a: Pyre
|
|-heal|p1a: Gholdengo|46/100|[from] Grassy Terrain
|-heal|p2b: Bornanors|28/100|[from] Grassy Terrain
|upkeep
|turn|4
|
|t:|1757189455
|move|p2b: Bornanors|Grassy Glide|p1a: Gholdengo
|-resisted|p1a: Gholdengo
|-damage|p1a: Gholdengo|29/100
|move|p1b: Hydreigon|Draco Meteor|p2a: Pyre
|-crit|p2a: Pyre
|-damage|p2a: Pyre|17/100
|-unboost|p1b: Hydreigon|spa|2
|move|p1a: Gholdengo|Make It Rain|p2a: Pyre|[spread] p2a,p2b
|-resisted|p2a: Pyre
|-damage|p2a: Pyre|0 fnt
|-damage|p2b: Bornanors|0 fnt
|-unboost|p1a: Gholdengo|spa|1
|faint|p2a: Pyre
|faint|p2b: Bornanors
|
|-heal|p1a: Gholdengo|35/100|[from] Grassy Terrain
|-sideend|p1: MidnightCrimsonn|move: Tailwind
|upkeep
|
|t:|1757189471
|switch|p2b: Ashleigh|Sneasler, L50, F|100/100
|switch|p2a: Sale|Gholdengo, L50|100/100
|-enditem|p2b: Ashleigh|Grassy Seed
|-boost|p2b: Ashleigh|def|1|[from] item: Grassy Seed
|turn|5
|
|t:|1757189493
|-terastallize|p2a: Sale|Dragon
|move|p1b: Hydreigon|Protect|p1b: Hydreigon
|-singleturn|p1b: Hydreigon|Protect
|move|p2b: Ashleigh|Close Combat|p1b: Hydreigon
|-activate|p1b: Hydreigon|move: Protect
|move|p2a: Sale|Make It Rain|p1b: Hydreigon|[spread] p1a
|-activate|p1b: Hydreigon|move: Protect
|-resisted|p1a: Gholdengo
|-damage|p1a: Gholdengo|5/100
|-unboost|p2a: Sale|spa|1
|-damage|p2a: Sale|91/100|[from] item: Life Orb
|move|p1a: Gholdengo|Shadow Ball|p2a: Sale
|-damage|p2a: Sale|36/100
|
|-heal|p2a: Sale|42/100|[from] Grassy Terrain
|-heal|p1a: Gholdengo|11/100|[from] Grassy Terrain
|-fieldend|move: Grassy Terrain
|upkeep
|turn|6
|inactive|MidnightCrimsonn has 30 seconds left.
|inactive|wowiekazowee has 30 seconds left.
|inactive|MidnightCrimsonn has 20 seconds left.
|inactive|MidnightCrimsonn has 15 seconds left.
|
|t:|1757189535
|switch|p1b: Incineroar|Incineroar, L50, F, shiny, tera:Ghost|23/100
|-ability|p1b: Incineroar|Intimidate|boost
|-unboost|p2a: Sale|atk|1
|-unboost|p2b: Ashleigh|atk|1
|move|p2b: Ashleigh|Dire Claw|p1b: Incineroar
|-resisted|p1b: Incineroar
|-damage|p1b: Incineroar|10/100
|move|p1a: Gholdengo|Make It Rain|p2a: Sale|[spread] p2a,p2b
|-damage|p2a: Sale|0 fnt
|-damage|p2b: Ashleigh|4/100
|-unboost|p1a: Gholdengo|spa|1
|faint|p2a: Sale
|
|upkeep
|turn|7
|c|☆MidnightCrimsonn|we were speed tieing?
|c|☆MidnightCrimsonn|damm
|inactive|MidnightCrimsonn has 30 seconds left.
|
|t:|1757189564
|switch|p1a: Hydreigon|Hydreigon, L50, F|83/100
|move|p1b: Incineroar|Fake Out|p2b: Ashleigh
|-damage|p2b: Ashleigh|0 fnt
|faint|p2b: Ashleigh
|
|win|MidnightCrimsonn
|raw|MidnightCrimsonn's rating: 1189 → 1211(+22 for winning)
|raw|wowiekazowee's rating: 1147 → 1125(-22 for losing)
|c|☆wowiekazowee|rip but it's checkmate for me tbh
|c|☆wowiekazowee|ggs
|c|☆MidnightCrimsonn|nah i brought ursaluna so wasnt sure there
|c|☆MidnightCrimsonn|ggs!
|l|☆MidnightCrimsonn
|player|p1|
