|j|☆mygreat
|j|☆new mental
|html|mygreatnew mental    
|uhtml|bestof|Game 2 of a best-of-3
|t:|1784883022
|gametype|doubles
|player|p1|mygreat|lance|1292
|player|p2|new mental|volkner|1307
|gen|9
|tier|[Gen 9 Champions] VGC 2026 Reg M-B (Bo3)
|rated|
|rule|Species Clause: Limit one of each Pokémon
|rule|Item Clause: Limit 1 of each item
|clearpoke
|poke|p1|Charizard, L50, F|
|poke|p1|Hydreigon, L50, M|
|poke|p1|Mamoswine, L50, M|
|poke|p1|Toxapex, L50, M|
|poke|p1|Incineroar, L50, M|
|poke|p1|Gholdengo, L50|
|poke|p2|Charizard, L50, F|
|poke|p2|Garchomp, L50, F|
|poke|p2|Incineroar, L50, F|
|poke|p2|Venusaur, L50, M|
|poke|p2|Toxapex, L50, F|
|poke|p2|Sylveon, L50, M|
|teampreview|4
|showteam|p1|Charizard||CharizarditeY|Blaze|SolarBeam,WeatherBall,HeatWave,Protect|Modest||F|||50|]Hydreigon||ChoiceScarf|Levitate|Snarl,DarkPulse,EarthPower,DracoMeteor|Modest||M|||50|]Mamoswine||FocusSash|Oblivious|HighHorsepower,IcicleCrash,IceShard,Protect|Adamant||M|||50|]Toxapex||Leftovers|Regenerator|WideGuard,Infestation,BanefulBunker,Toxic|Bold||M|||50|]Incineroar||SitrusBerry|Intimidate|FlareBlitz,DarkestLariat,PartingShot,FakeOut|Careful||M|||50|]Gholdengo||LifeOrb|GoodasGold|MakeItRain,ShadowBall,PowerGem,Protect|Modest|||||50|
|showteam|p2|Charizard||CharizarditeY|SolarPower|WeatherBall,HeatWave,AncientPower,Protect|Modest||F|||50|]Garchomp||ChoiceScarf|RoughSkin|RockSlide,DragonClaw,Earthquake,StompingTantrum|Adamant||F|||50|]Incineroar||SitrusBerry|Intimidate|FlareBlitz,FakeOut,DarkestLariat,PartingShot|Impish||F|||50|]Venusaur||LifeOrb|Chlorophyll|SludgeBomb,LeafStorm,EarthPower,Protect|Modest||M|||50|]Toxapex||Leftovers|Regenerator|Infestation,Toxic,WideGuard,BanefulBunker|Bold||F|||50|]Sylveon||FairyFeather|Pixilate|HyperVoice,QuickAttack,Yawn,Detect|Modest||M|||50|
|inactive|Battle timer is ON: inactive players will automatically lose when time's up. (requested by mygreat)
|
|t:|1784883049
|teamsize|p1|4
|teamsize|p2|4
|start
|switch|p1a: Charizard|Charizard, L50, F|100/100
|switch|p1b: Toxapex|Toxapex, L50, M|100/100
|switch|p2a: Charizard|Charizard, L50, F|100/100
|switch|p2b: Incineroar|Incineroar, L50, F|100/100
|-ability|p2b: Incineroar|Intimidate|boost
|-unboost|p1a: Charizard|atk|1
|-unboost|p1b: Toxapex|atk|1
|turn|1
|
|t:|1784883070
|detailschange|p1a: Charizard|Charizard-Mega-Y, L50, F
|-mega|p1a: Charizard|Charizard|Charizardite Y
|-weather|SunnyDay|[from] ability: Drought|[of] p1a: Charizard
|detailschange|p2a: Charizard|Charizard-Mega-Y, L50, F
|-mega|p2a: Charizard|Charizard|Charizardite Y
|move|p2b: Incineroar|Fake Out|p1b: Toxapex
|-damage|p1b: Toxapex|92/100
|move|p1a: Charizard|Weather Ball|p2a: Charizard
|-resisted|p2a: Charizard|1
|-damage|p2a: Charizard|65/100
|move|p2a: Charizard|Ancient Power|p1a: Charizard
|-supereffective|p1a: Charizard|2
|-damage|p1a: Charizard|21/100
|cant|p1b: Toxapex|flinch
|
|-weather|SunnyDay|[upkeep]
|-heal|p1b: Toxapex|98/100|[from] item: Leftovers
|upkeep
|turn|2
|
|t:|1784883089
|switch|p1a: Hydreigon|Hydreigon, L50, M|100/100
|move|p2a: Charizard|Protect|p2a: Charizard
|-singleturn|p2a: Charizard|Protect
|move|p2b: Incineroar|Darkest Lariat|p1a: Hydreigon
|-resisted|p1a: Hydreigon|1
|-damage|p1a: Hydreigon|81/100
|move|p1b: Toxapex|Toxic|p2a: Charizard
|-activate|p2a: Charizard|move: Protect
|
|-weather|SunnyDay|[upkeep]
|-heal|p1b: Toxapex|100/100|[from] item: Leftovers
|upkeep
|turn|3
|inactive|mygreat has 30 seconds left.
|inactive|new mental has 30 seconds left.
|inactive|mygreat has 20 seconds left.
|inactive|new mental has 20 seconds left.
|inactive|new mental has 15 seconds left.
|inactive|new mental has 10 seconds left.
|inactive|new mental has 5 seconds left.
|
|t:|1784883141
|switch|p2a: Toxapex|Toxapex, L50, F|100/100
|move|p1a: Hydreigon|Earth Power|p2b: Incineroar
|-supereffective|p2b: Incineroar|1
|-damage|p2b: Incineroar|43/100
|-enditem|p2b: Incineroar|Sitrus Berry|[eat]
|-heal|p2b: Incineroar|68/100|[from] item: Sitrus Berry
|move|p2b: Incineroar|Parting Shot|p1a: Hydreigon
|-unboost|p1a: Hydreigon|atk|1
|-unboost|p1a: Hydreigon|spa|1
|
|t:|1784883146
|switch|p2b: Garchomp|Garchomp, L50, F|100/100|[from] Parting Shot
|move|p1b: Toxapex|Toxic|p2a: Toxapex
|-immune|p2a: Toxapex
|
|-weather|SunnyDay|[upkeep]
|upkeep
|turn|4
|
|t:|1784883158
|switch|p1a: Charizard|Charizard-Mega-Y, L50, F|21/100
|move|p2b: Garchomp|Dragon Claw|p1a: Charizard
|-damage|p1a: Charizard|0 fnt
|faint|p1a: Charizard
|move|p2a: Toxapex|Infestation|p1b: Toxapex
|-resisted|p1b: Toxapex|1
|-damage|p1b: Toxapex|98/100
|-activate|p1b: Toxapex|move: Infestation|[of] p2a: Toxapex
|move|p1b: Toxapex|Infestation|p2b: Garchomp
|-damage|p2b: Garchomp|96/100
|-activate|p2b: Garchomp|move: Infestation|[of] p1b: Toxapex
|-damage|p1b: Toxapex|86/100|[from] ability: Rough Skin|[of] p2b: Garchomp
|
|-weather|SunnyDay|[upkeep]
|-heal|p1b: Toxapex|92/100|[from] item: Leftovers
|-damage|p2b: Garchomp|84/100|[from] move: Infestation|[partiallytrapped]
|-damage|p1b: Toxapex|80/100|[from] move: Infestation|[partiallytrapped]
|upkeep
|
|t:|1784883162
|switch|p1a: Mamoswine|Mamoswine, L50, M|100/100
|turn|5
|
|t:|1784883173
|move|p1a: Mamoswine|Ice Shard|p2b: Garchomp
|-supereffective|p2b: Garchomp|2
|-damage|p2b: Garchomp|0 fnt
|faint|p2b: Garchomp
|move|p2a: Toxapex|Toxic|p1a: Mamoswine
|-status|p1a: Mamoswine|tox
|move|p1b: Toxapex|Infestation|p2a: Toxapex
|-resisted|p2a: Toxapex|1
|-damage|p2a: Toxapex|98/100
|-activate|p2a: Toxapex|move: Infestation|[of] p1b: Toxapex
|
|-weather|none
|-heal|p1b: Toxapex|85/100|[from] item: Leftovers
|-heal|p2a: Toxapex|100/100|[from] item: Leftovers
|-damage|p1a: Mamoswine|94/100 tox|[from] psn
|-damage|p1b: Toxapex|73/100|[from] move: Infestation|[partiallytrapped]
|-damage|p2a: Toxapex|87/100|[from] move: Infestation|[partiallytrapped]
|upkeep
|
|t:|1784883176
|switch|p2b: Charizard|Charizard-Mega-Y, L50, F|65/100
|-weather|SunnyDay|[from] ability: Drought|[of] p2b: Charizard
|turn|6
|
|t:|1784883196
|switch|p1a: Hydreigon|Hydreigon, L50, M|81/100
|move|p2b: Charizard|Weather Ball|p1a: Hydreigon
|-resisted|p1a: Hydreigon|1
|-damage|p1a: Hydreigon|35/100
|move|p2a: Toxapex|Infestation|p1a: Hydreigon
|-supereffective|p1a: Hydreigon|1
|-crit|p1a: Hydreigon
|-damage|p1a: Hydreigon|24/100
|-activate|p1a: Hydreigon|move: Infestation|[of] p2a: Toxapex
|move|p1b: Toxapex|Toxic|p2b: Charizard
|-status|p2b: Charizard|tox
|
|-weather|SunnyDay|[upkeep]
|-heal|p1b: Toxapex|79/100|[from] item: Leftovers
|-heal|p2a: Toxapex|93/100|[from] item: Leftovers
|-damage|p2b: Charizard|60/100 tox|[from] psn
|-damage|p1a: Hydreigon|12/100|[from] move: Infestation|[partiallytrapped]
|-damage|p1b: Toxapex|67/100|[from] move: Infestation|[partiallytrapped]
|-damage|p2a: Toxapex|81/100|[from] move: Infestation|[partiallytrapped]
|upkeep
|turn|7
|inactive|mygreat has 30 seconds left.
|inactive|mygreat has 20 seconds left.
|
|t:|1784883232
|switch|p2b: Incineroar|Incineroar, L50, F|68/100
|-ability|p2b: Incineroar|Intimidate|boost
|-unboost|p1a: Hydreigon|atk|1
|-unboost|p1b: Toxapex|atk|1
|move|p2a: Toxapex|Baneful Bunker|p2a: Toxapex
|-singleturn|p2a: Toxapex|move: Protect
|move|p1a: Hydreigon|Earth Power|p2a: Toxapex
|-activate|p2a: Toxapex|move: Protect
|move|p1b: Toxapex|Infestation|p2b: Incineroar
|-damage|p2b: Incineroar|65/100
|-activate|p2b: Incineroar|move: Infestation|[of] p1b: Toxapex
|
|-weather|SunnyDay|[upkeep]
|-heal|p1b: Toxapex|73/100|[from] item: Leftovers
|-heal|p2a: Toxapex|87/100|[from] item: Leftovers
|-damage|p1a: Hydreigon|1/100|[from] move: Infestation|[partiallytrapped]
|-damage|p2b: Incineroar|52/100|[from] move: Infestation|[partiallytrapped]
|-damage|p1b: Toxapex|61/100|[from] move: Infestation|[partiallytrapped]
|-damage|p2a: Toxapex|75/100|[from] move: Infestation|[partiallytrapped]
|upkeep
|turn|8
|
|t:|1784883243
|move|p2b: Incineroar|Fake Out|p1a: Hydreigon
|-damage|p1a: Hydreigon|0 fnt
|faint|p1a: Hydreigon
|move|p1b: Toxapex|Toxic|p2b: Incineroar
|-status|p2b: Incineroar|tox
|move|p2a: Toxapex|Infestation|p1b: Toxapex
|-resisted|p1b: Toxapex|1
|-damage|p1b: Toxapex|59/100
|
|-weather|SunnyDay|[upkeep]
|-heal|p1b: Toxapex|65/100|[from] item: Leftovers
|-heal|p2a: Toxapex|80/100|[from] item: Leftovers
|-damage|p2b: Incineroar|47/100 tox|[from] psn
|-damage|p2b: Incineroar|34/100 tox|[from] move: Infestation|[partiallytrapped]
|-damage|p1b: Toxapex|53/100|[from] move: Infestation|[partiallytrapped]
|-damage|p2a: Toxapex|68/100|[from] move: Infestation|[partiallytrapped]
|upkeep
|
|t:|1784883246
|switch|p1a: Mamoswine|Mamoswine, L50, M|94/100 tox
|turn|9
|inactive|mygreat has 30 seconds left.
|
|t:|1784883271
|move|p2a: Toxapex|Baneful Bunker|p2a: Toxapex
|-singleturn|p2a: Toxapex|move: Protect
|move|p1a: Mamoswine|High Horsepower|p2b: Incineroar
|-supereffective|p2b: Incineroar|1
|-damage|p2b: Incineroar|0 fnt
|faint|p2b: Incineroar
|move|p1b: Toxapex|Infestation|p2a: Toxapex
|-activate|p2a: Toxapex|move: Protect
|
|-weather|SunnyDay|[upkeep]
|-heal|p2a: Toxapex|74/100|[from] item: Leftovers
|-heal|p1b: Toxapex|59/100|[from] item: Leftovers
|-damage|p1a: Mamoswine|88/100 tox|[from] psn
|-end|p2a: Toxapex|Infestation|[partiallytrapped]
|-end|p1b: Toxapex|Infestation|[partiallytrapped]
|upkeep
|
|t:|1784883274
|switch|p2b: Charizard|Charizard-Mega-Y, L50, F|60/100 tox
|turn|10
|
|t:|1784883283
|move|p1a: Mamoswine|Protect|p1a: Mamoswine
|-singleturn|p1a: Mamoswine|Protect
|move|p1b: Toxapex|Baneful Bunker|p1b: Toxapex
|-singleturn|p1b: Toxapex|move: Protect
|move|p2b: Charizard|Weather Ball|p1a: Mamoswine
|-activate|p1a: Mamoswine|move: Protect
|move|p2a: Toxapex|Infestation|p1b: Toxapex
|-activate|p1b: Toxapex|move: Protect
|
|-weather|none
|-heal|p2a: Toxapex|80/100|[from] item: Leftovers
|-heal|p1b: Toxapex|64/100|[from] item: Leftovers
|-damage|p1a: Mamoswine|76/100 tox|[from] psn
|-damage|p2b: Charizard|54/100 tox|[from] psn
|upkeep
|turn|11
|
|t:|1784883305
|move|p2a: Toxapex|Baneful Bunker|p2a: Toxapex
|-singleturn|p2a: Toxapex|move: Protect
|move|p1b: Toxapex|Wide Guard|p1b: Toxapex
|-singleturn|p1b: Toxapex|Wide Guard
|move|p1a: Mamoswine|High Horsepower|p2a: Toxapex
|-activate|p2a: Toxapex|move: Protect
|move|p2b: Charizard|Ancient Power|p1a: Mamoswine
|-damage|p1a: Mamoswine|44/100 tox
|
|-heal|p2a: Toxapex|85/100|[from] item: Leftovers
|-heal|p1b: Toxapex|70/100|[from] item: Leftovers
|-damage|p1a: Mamoswine|27/100 tox|[from] psn
|-damage|p2b: Charizard|42/100 tox|[from] psn
|upkeep
|turn|12
|inactive|mygreat has 30 seconds left.
|inactive|new mental has 30 seconds left.
|
|t:|1784883338
|move|p1a: Mamoswine|Protect|p1a: Mamoswine
|-singleturn|p1a: Mamoswine|Protect
|move|p2b: Charizard|Ancient Power|p1b: Toxapex
|-damage|p1b: Toxapex|54/100
|move|p1b: Toxapex|Infestation|p2b: Charizard
|-resisted|p2b: Charizard|2
|-crit|p2b: Charizard
|-damage|p2b: Charizard|41/100 tox
|-activate|p2b: Charizard|move: Infestation|[of] p1b: Toxapex
|move|p2a: Toxapex|Infestation|p1b: Toxapex
|-resisted|p1b: Toxapex|1
|-damage|p1b: Toxapex|52/100
|-activate|p1b: Toxapex|move: Infestation|[of] p2a: Toxapex
|
|-heal|p2a: Toxapex|91/100|[from] item: Leftovers
|-heal|p1b: Toxapex|58/100|[from] item: Leftovers
|-damage|p1a: Mamoswine|3/100 tox|[from] psn
|-damage|p2b: Charizard|23/100 tox|[from] psn
|-damage|p2b: Charizard|10/100 tox|[from] move: Infestation|[partiallytrapped]
|-damage|p1b: Toxapex|46/100|[from] move: Infestation|[partiallytrapped]
|upkeep
|turn|13
|
|t:|1784883345
|move|p2a: Toxapex|Baneful Bunker|p2a: Toxapex
|-singleturn|p2a: Toxapex|move: Protect
|move|p1a: Mamoswine|High Horsepower|p2a: Toxapex
|-activate|p2a: Toxapex|move: Protect
|move|p2b: Charizard|Ancient Power|p1a: Mamoswine
|-damage|p1a: Mamoswine|0 fnt
|faint|p1a: Mamoswine
|move|p1b: Toxapex|Infestation|p2a: Toxapex
|-activate|p2a: Toxapex|move: Protect
|
|-heal|p2a: Toxapex|97/100|[from] item: Leftovers
|-heal|p1b: Toxapex|52/100|[from] item: Leftovers
|-damage|p2b: Charizard|0 fnt|[from] psn
|faint|p2b: Charizard
|-damage|p1b: Toxapex|40/100|[from] move: Infestation|[partiallytrapped]
|upkeep
|turn|14
|
|t:|1784883348
|move|p2a: Toxapex|Infestation|p1b: Toxapex
|-resisted|p1b: Toxapex|1
|-damage|p1b: Toxapex|38/100
|move|p1b: Toxapex|Infestation|p2a: Toxapex
|-resisted|p2a: Toxapex|1
|-damage|p2a: Toxapex|96/100
|-activate|p2a: Toxapex|move: Infestation|[of] p1b: Toxapex
|
|-heal|p2a: Toxapex|100/100|[from] item: Leftovers
|-heal|p1b: Toxapex|44/100|[from] item: Leftovers
|-damage|p2a: Toxapex|87/100|[from] move: Infestation|[partiallytrapped]
|-damage|p1b: Toxapex|32/100|[from] move: Infestation|[partiallytrapped]
|upkeep
|turn|15
|
|t:|1784883356
|move|p2a: Toxapex|Baneful Bunker|p2a: Toxapex
|-singleturn|p2a: Toxapex|move: Protect
|move|p1b: Toxapex|Infestation|p2a: Toxapex
|-activate|p2a: Toxapex|move: Protect
|
|-heal|p1b: Toxapex|38/100|[from] item: Leftovers
|-heal|p2a: Toxapex|93/100|[from] item: Leftovers
|-damage|p1b: Toxapex|26/100|[from] move: Infestation|[partiallytrapped]
|-damage|p2a: Toxapex|81/100|[from] move: Infestation|[partiallytrapped]
|upkeep
|turn|16
|
|t:|1784883360
|move|p1b: Toxapex|Infestation|p2a: Toxapex
|-resisted|p2a: Toxapex|1
|-damage|p2a: Toxapex|80/100
|move|p2a: Toxapex|Infestation|p1b: Toxapex
|-resisted|p1b: Toxapex|1
|-crit|p1b: Toxapex
|-damage|p1b: Toxapex|24/100
|
|-heal|p2a: Toxapex|85/100|[from] item: Leftovers
|-heal|p1b: Toxapex|29/100|[from] item: Leftovers
|-damage|p2a: Toxapex|73/100|[from] move: Infestation|[partiallytrapped]
|-end|p1b: Toxapex|Infestation|[partiallytrapped]
|upkeep
|turn|17
|
|t:|1784883368
|move|p1b: Toxapex|Baneful Bunker|p1b: Toxapex
|-singleturn|p1b: Toxapex|move: Protect
|move|p2a: Toxapex|Infestation|p1b: Toxapex
|-activate|p1b: Toxapex|move: Protect
|
|-heal|p1b: Toxapex|35/100|[from] item: Leftovers
|-heal|p2a: Toxapex|79/100|[from] item: Leftovers
|-damage|p2a: Toxapex|67/100|[from] move: Infestation|[partiallytrapped]
|upkeep
|turn|18
|
|t:|1784883371
|move|p2a: Toxapex|Infestation|p1b: Toxapex
|-resisted|p1b: Toxapex|1
|-damage|p1b: Toxapex|34/100
|-activate|p1b: Toxapex|move: Infestation|[of] p2a: Toxapex
|move|p1b: Toxapex|Infestation|p2a: Toxapex
|-resisted|p2a: Toxapex|1
|-damage|p2a: Toxapex|66/100
|
|-heal|p1b: Toxapex|40/100|[from] item: Leftovers
|-heal|p2a: Toxapex|71/100|[from] item: Leftovers
|-damage|p1b: Toxapex|28/100|[from] move: Infestation|[partiallytrapped]
|-end|p2a: Toxapex|Infestation|[partiallytrapped]
|upkeep
|turn|19
|
|t:|1784883375
|move|p2a: Toxapex|Baneful Bunker|p2a: Toxapex
|-singleturn|p2a: Toxapex|move: Protect
|move|p1b: Toxapex|Infestation|p2a: Toxapex
|-activate|p2a: Toxapex|move: Protect
|
|-heal|p2a: Toxapex|77/100|[from] item: Leftovers
|-heal|p1b: Toxapex|33/100|[from] item: Leftovers
|-damage|p1b: Toxapex|21/100|[from] move: Infestation|[partiallytrapped]
|upkeep
|turn|20
|
|t:|1784883380
|move|p2a: Toxapex|Baneful Bunker|p2a: Toxapex
|-singleturn|p2a: Toxapex|move: Protect
|move|p1b: Toxapex|Infestation|p2a: Toxapex
|-activate|p2a: Toxapex|move: Protect
|
|-heal|p2a: Toxapex|83/100|[from] item: Leftovers
|-heal|p1b: Toxapex|27/100|[from] item: Leftovers
|-damage|p1b: Toxapex|15/100|[from] move: Infestation|[partiallytrapped]
|upkeep
|turn|21
|
|t:|1784883389
|move|p2a: Toxapex|Baneful Bunker||[still]
|-fail|p2a: Toxapex
|move|p1b: Toxapex|Infestation|p2a: Toxapex
|-resisted|p2a: Toxapex|1
|-damage|p2a: Toxapex|82/100
|-activate|p2a: Toxapex|move: Infestation|[of] p1b: Toxapex
|
|-heal|p1b: Toxapex|21/100|[from] item: Leftovers
|-heal|p2a: Toxapex|87/100|[from] item: Leftovers
|-damage|p1b: Toxapex|8/100|[from] move: Infestation|[partiallytrapped]
|-damage|p2a: Toxapex|75/100|[from] move: Infestation|[partiallytrapped]
|upkeep
|turn|22
|
|t:|1784883391
|move|p1b: Toxapex|Baneful Bunker|p1b: Toxapex
|-singleturn|p1b: Toxapex|move: Protect
|move|p2a: Toxapex|Infestation|p1b: Toxapex
|-activate|p1b: Toxapex|move: Protect
|
|-heal|p1b: Toxapex|14/100|[from] item: Leftovers
|-heal|p2a: Toxapex|81/100|[from] item: Leftovers
|-damage|p2a: Toxapex|69/100|[from] move: Infestation|[partiallytrapped]
|-end|p1b: Toxapex|Infestation|[partiallytrapped]
|upkeep
|turn|23
|
|t:|1784883394
|move|p1b: Toxapex|Baneful Bunker|p1b: Toxapex
|-singleturn|p1b: Toxapex|move: Protect
|move|p2a: Toxapex|Infestation|p1b: Toxapex
|-activate|p1b: Toxapex|move: Protect
|
|-heal|p1b: Toxapex|20/100y|[from] item: Leftovers
|-heal|p2a: Toxapex|75/100|[from] item: Leftovers
|-damage|p2a: Toxapex|63/100|[from] move: Infestation|[partiallytrapped]
|upkeep
|turn|24
|
|t:|1784883397
|move|p2a: Toxapex|Infestation|p1b: Toxapex
|-resisted|p1b: Toxapex|1
|-crit|p1b: Toxapex
|-damage|p1b: Toxapex|18/100
|-activate|p1b: Toxapex|move: Infestation|[of] p2a: Toxapex
|move|p1b: Toxapex|Infestation|p2a: Toxapex
|-resisted|p2a: Toxapex|1
|-damage|p2a: Toxapex|61/100
|
|-heal|p1b: Toxapex|24/100|[from] item: Leftovers
|-heal|p2a: Toxapex|67/100|[from] item: Leftovers
|-damage|p1b: Toxapex|12/100|[from] move: Infestation|[partiallytrapped]
|-damage|p2a: Toxapex|55/100|[from] move: Infestation|[partiallytrapped]
|upkeep
|turn|25
|
|t:|1784883406
|move|p1b: Toxapex|Baneful Bunker|p1b: Toxapex
|-singleturn|p1b: Toxapex|move: Protect
|move|p2a: Toxapex|Infestation|p1b: Toxapex
|-activate|p1b: Toxapex|move: Protect
|
|-heal|p1b: Toxapex|17/100|[from] item: Leftovers
|-heal|p2a: Toxapex|61/100|[from] item: Leftovers
|-damage|p2a: Toxapex|49/100|[from] move: Infestation|[partiallytrapped]
|-damage|p1b: Toxapex|5/100|[from] move: Infestation|[partiallytrapped]
|upkeep
|turn|26
|
|t:|1784883411
|move|p1b: Toxapex|Baneful Bunker||[still]
|-fail|p1b: Toxapex
|move|p2a: Toxapex|Infestation|p1b: Toxapex
|-resisted|p1b: Toxapex|1
|-damage|p1b: Toxapex|4/100
|
|-heal|p2a: Toxapex|54/100|[from] item: Leftovers
|-heal|p1b: Toxapex|10/100|[from] item: Leftovers
|-end|p2a: Toxapex|Infestation|[partiallytrapped]
|-damage|p1b: Toxapex|0 fnt|[from] move: Infestation|[partiallytrapped]
|faint|p1b: Toxapex
|
|win|new mental
