|j|☆Pakaan64
|j|☆alkdfe
|html|Pakaan64alkdfe    
|uhtml|bestof|Game 3 of a best-of-3
|t:|1783805600
|gametype|doubles
|player|p1|Pakaan64|170|1228
|player|p2|alkdfe|elesa|1123
|gen|9
|tier|[Gen 9 Champions] VGC 2026 Reg M-B (Bo3)
|rated|
|rule|Species Clause: Limit one of each Pokémon
|rule|Item Clause: Limit 1 of each item
|clearpoke
|poke|p1|Charizard, L50, F|
|poke|p1|Milotic, L50, M|
|poke|p1|Venusaur, L50, F|
|poke|p1|Sableye, L50, F|
|poke|p1|Aerodactyl, L50, F|
|poke|p1|Garchomp, L50, M|
|poke|p2|Aerodactyl, L50, M, shiny|
|poke|p2|Kingambit, L50, F, shiny|
|poke|p2|Sylveon, L50, F, shiny|
|poke|p2|Charizard, L50, M, shiny|
|poke|p2|Garchomp, L50, M, shiny|
|poke|p2|Farigiraf, L50, M, shiny|
|teampreview|4
|showteam|p1|Charizard||CharizarditeY|Blaze|HeatWave,WeatherBall,Protect,ScorchingSands|Modest||F|||50|]Milotic||Leftovers|Competitive|Coil,MuddyWater,IceBeam,Protect|Bold||M|||50|]Venusaur||FocusSash|Chlorophyll|LeafStorm,Protect,SludgeBomb,EarthPower|Modest||F|||50|]Sableye||RoseliBerry|Prankster|FakeOut,Quash,SunnyDay,FoulPlay|Impish||F|||50|]Aerodactyl||Aerodactylite|Unnerve|Tailwind,Protect,DualWingbeat,RockSlide|Jolly||F|||50|]Garchomp||LifeOrb|RoughSkin|RockTomb,DragonClaw,StompingTantrum,Protect|Jolly||M|||50|
|showteam|p2|Aerodactyl||Aerodactylite|Unnerve|RockSlide,DualWingbeat,IceFang,Tailwind|Jolly||M|||50|]Kingambit||FocusSash|Defiant|KowtowCleave,IronHead,SuckerPunch,LowKick|Adamant||F|||50|]Sylveon||FairyFeather|Pixilate|HyperVoice,QuickAttack,HyperBeam,Detect|Modest||F|||50|]Charizard||CharizarditeY|Blaze|HeatWave,WeatherBall,SolarBeam,Protect|Modest||M|||50|]Garchomp||LifeOrb|RoughSkin|DragonClaw,Earthquake,RockSlide,Protect|Jolly||M|||50|]Farigiraf||SitrusBerry|ArmorTail|TwinBeam,Thunderbolt,TrickRoom,HelpingHand|Relaxed||M|||50|
|inactive|Battle timer is ON: inactive players will automatically lose when time's up. (requested by Pakaan64)
|
|t:|1783805617
|teamsize|p1|4
|teamsize|p2|4
|start
|switch|p1a: Milotic|Milotic, L50, M|100/100
|switch|p1b: Sableye|Sableye, L50, F|100/100
|switch|p2a: Aerodactyl|Aerodactyl, L50, M, shiny|100/100
|switch|p2b: Sylveon|Sylveon, L50, F, shiny|100/100
|-ability|p2a: Aerodactyl|Unnerve
|turn|1
|
|t:|1783805629
|switch|p2a: Farigiraf|Farigiraf, L50, M, shiny|100/100
|move|p1b: Sableye|Fake Out||[still]
|cant|p2a: Farigiraf|ability: Armor Tail|Fake Out|[of] p1b: Sableye
|move|p1a: Milotic|Coil|p1a: Milotic
|-boost|p1a: Milotic|atk|1
|-boost|p1a: Milotic|def|1
|-boost|p1a: Milotic|accuracy|1
|move|p2b: Sylveon|Hyper Voice|p1b: Sableye|[spread] p1a,p1b
|-supereffective|p1b: Sableye|1
|-enditem|p1b: Sableye|Roseli Berry|[eat]
|-enditem|p1b: Sableye|Roseli Berry|[weaken]
|-damage|p1a: Milotic|73/100
|-damage|p1b: Sableye|33/100
|
|-heal|p1a: Milotic|79/100|[from] item: Leftovers
|upkeep
|turn|2
|
|t:|1783805645
|move|p1a: Milotic|Muddy Water|p2a: Farigiraf|[spread] p2a,p2b
|-damage|p2a: Farigiraf|75/100
|-damage|p2b: Sylveon|82/100
|move|p2b: Sylveon|Hyper Voice|p1b: Sableye|[spread] p1a,p1b
|-supereffective|p1b: Sableye|1
|-damage|p1a: Milotic|53/100
|-damage|p1b: Sableye|0 fnt
|faint|p1b: Sableye
|move|p2a: Farigiraf|Thunderbolt|p1a: Milotic
|-supereffective|p1a: Milotic|1
|-damage|p1a: Milotic|23/100
|
|-heal|p1a: Milotic|29/100|[from] item: Leftovers
|upkeep
|
|t:|1783805657
|switch|p1b: Aerodactyl|Aerodactyl, L50, F|100/100
|-ability|p1b: Aerodactyl|Unnerve
|turn|3
|
|t:|1783805665
|detailschange|p1b: Aerodactyl|Aerodactyl-Mega, L50, F
|-mega|p1b: Aerodactyl|Aerodactyl|Aerodactylite
|move|p2b: Sylveon|Detect|p2b: Sylveon
|-singleturn|p2b: Sylveon|Protect
|move|p1b: Aerodactyl|Dual Wingbeat|p2b: Sylveon
|-activate|p2b: Sylveon|move: Protect
|move|p1a: Milotic|Muddy Water|p2a: Farigiraf|[spread] p2a
|-activate|p2b: Sylveon|move: Protect
|-damage|p2a: Farigiraf|53/100
|move|p2a: Farigiraf|Trick Room|p2a: Farigiraf
|-fieldstart|move: Trick Room|[of] p2a: Farigiraf
|
|-heal|p1a: Milotic|35/100|[from] item: Leftovers
|upkeep
|turn|4
|
|t:|1783805684
|move|p1a: Milotic|Protect|p1a: Milotic
|-singleturn|p1a: Milotic|Protect
|move|p2a: Farigiraf|Thunderbolt|p1b: Aerodactyl
|-supereffective|p1b: Aerodactyl|1
|-damage|p1b: Aerodactyl|46/100
|move|p2b: Sylveon|Hyper Voice|p1a: Milotic|[spread] p1b
|-activate|p1a: Milotic|move: Protect
|-damage|p1b: Aerodactyl|0 fnt
|faint|p1b: Aerodactyl
|
|-heal|p1a: Milotic|41/100|[from] item: Leftovers
|upkeep
|
|t:|1783805688
|switch|p1b: Garchomp|Garchomp, L50, M|100/100
|turn|5
|
|t:|1783805699
|move|p2a: Farigiraf|Thunderbolt|p1a: Milotic
|-supereffective|p1a: Milotic|1
|-damage|p1a: Milotic|10/100
|move|p2b: Sylveon|Hyper Voice|p1b: Garchomp|[spread] p1a,p1b
|-supereffective|p1b: Garchomp|1
|-damage|p1a: Milotic|0 fnt
|-damage|p1b: Garchomp|11/100
|faint|p1a: Milotic
|move|p1b: Garchomp|Stomping Tantrum|p2b: Sylveon
|-damage|p2b: Sylveon|29/100
|-damage|p1b: Garchomp|1/100|[from] item: Life Orb
|
|upkeep
|turn|6
|
|t:|1783805712
|move|p2b: Sylveon|Quick Attack|p1b: Garchomp
|-supereffective|p1b: Garchomp|1
|-damage|p1b: Garchomp|0 fnt
|-damage|p2b: Sylveon|16/100|[from] ability: Rough Skin|[of] p1b: Garchomp
|faint|p1b: Garchomp
|
|win|alkdfe
|raw|Pakaan64's rating: 1228 → 1196(-32 for losing)
|raw|alkdfe's rating: 1123 → 1155(+32 for winning)
|l|☆Pakaan64
|player|p1|
