|j|☆TesslahCoil
|j|☆jmcm54
|html|TesslahCoiljmcm54    
|uhtml|bestof|Game 3 of a best-of-3
|t:|1783805677
|gametype|doubles
|player|p1|TesslahCoil|pokemonrangerf-gen4|1075
|player|p2|jmcm54|cynthia|1024
|gen|9
|tier|[Gen 9 Champions] VGC 2026 Reg M-B (Bo3)
|rated|
|rule|Species Clause: Limit one of each Pokémon
|rule|Item Clause: Limit 1 of each item
|clearpoke
|poke|p1|Sylveon, L50, F|
|poke|p1|Dragonite, L50, M|
|poke|p1|Talonflame, L50, M|
|poke|p1|Emboar, L50, M|
|poke|p1|Kingambit, L50, F|
|poke|p1|Froslass, L50, F|
|poke|p2|Lucario, L50, M|
|poke|p2|Azumarill, L50, M|
|poke|p2|Sinistcha, L50|
|poke|p2|Lycanroc-Dusk, L50, M|
|poke|p2|Talonflame, L50, F|
|poke|p2|Froslass, L50, F|
|teampreview|4
|showteam|p1|Sylveon||FairyFeather|Pixilate|HyperVoice,HyperBeam,QuickAttack,Detect|Modest||F|||50|]Dragonite||LifeOrb|InnerFocus|LowKick,ExtremeSpeed,DragonClaw,Protect|Adamant||M|||50|]Talonflame||SharpBeak|GaleWings|Tailwind,BraveBird,WillOWisp,Protect|Jolly||M|||50|]Emboar||Emboarite|Blaze|FlareBlitz,CloseCombat,RockSlide,Protect|Adamant||M|||50|]Kingambit||FocusSash|Defiant|KowtowCleave,SuckerPunch,IronHead,Protect|Adamant||F|||50|]Froslass||Froslassite|CursedBody|Blizzard,ShadowBall,Taunt,Protect|Timid||F|||50|
|showteam|p2|Lucario||Lucarionite|InnerFocus|MeteorMash,BulletPunch,DrainPunch,Protect|Naughty||M|||50|]Azumarill||SitrusBerry|HugePower|AquaJet,PlayRough,Protect,BellyDrum|Adamant||M|||50|]Sinistcha||Leftovers|Hospitality|MatchaGotcha,LifeDew,RagePowder,TrickRoom|Calm|||||50|]Lycanroc-Dusk||LifeOrb|ToughClaws|Accelerock,DrillRun,Protect,Howl|Adamant||M|||50|]Talonflame||MentalHerb|GaleWings|Tailwind,Taunt,QuickGuard,BraveBird|Jolly||F|||50|]Froslass||FocusSash|CursedBody|Protect,TripleAxel,IceShard,Poltergeist|Jolly||F|||50|
|
|t:|1783805727
|teamsize|p1|4
|teamsize|p2|4
|start
|switch|p1a: Emboar|Emboar, L50, M|100/100
|switch|p1b: Sylveon|Sylveon, L50, F|100/100
|switch|p2a: Azumarill|Azumarill, L50, M|100/100
|switch|p2b: Lycanroc|Lycanroc-Dusk, L50, M|100/100
|turn|1
|
|t:|1783805764
|detailschange|p1a: Emboar|Emboar-Mega, L50, M
|-mega|p1a: Emboar|Emboar|Emboarite
|-ability|p1a: Emboar|Mold Breaker
|move|p1a: Emboar|Protect|p1a: Emboar
|-singleturn|p1a: Emboar|Protect
|move|p2a: Azumarill|Aqua Jet|p1a: Emboar
|-activate|p1a: Emboar|move: Protect
|move|p2b: Lycanroc|Drill Run|p1a: Emboar
|-activate|p1a: Emboar|move: Protect
|move|p1b: Sylveon|Hyper Voice|p2a: Azumarill|[spread] p2a,p2b
|-damage|p2a: Azumarill|42/100
|-damage|p2b: Lycanroc|30/100
|-enditem|p2a: Azumarill|Sitrus Berry|[eat]
|-heal|p2a: Azumarill|67/100|[from] item: Sitrus Berry
|
|upkeep
|turn|2
|
|t:|1783805812
|switch|p2b: Sinistcha|Sinistcha, L50|100/100
|-heal|p2a: Azumarill|92/100|[from] ability: Hospitality|[of] p2b: Sinistcha
|switch|p1a: Talonflame|Talonflame, L50, M|100/100
|move|p2a: Azumarill|Aqua Jet|p1a: Talonflame
|-supereffective|p1a: Talonflame|1
|-damage|p1a: Talonflame|21/100
|move|p1b: Sylveon|Hyper Voice|p2a: Azumarill|[spread] p2a,p2b
|-damage|p2a: Azumarill|34/100
|-damage|p2b: Sinistcha|54/100
|
|-heal|p2b: Sinistcha|60/100|[from] item: Leftovers
|upkeep
|turn|3
|
|t:|1783805842
|move|p2a: Azumarill|Aqua Jet|p1a: Talonflame
|-supereffective|p1a: Talonflame|1
|-damage|p1a: Talonflame|0 fnt
|faint|p1a: Talonflame
|move|p1b: Sylveon|Hyper Voice|p2b: Sinistcha|[spread] p2a,p2b
|-damage|p2a: Azumarill|0 fnt
|-damage|p2b: Sinistcha|16/100
|faint|p2a: Azumarill
|move|p2b: Sinistcha|Life Dew|p2b: Sinistcha
|-heal|p2b: Sinistcha|41/100
|
|-heal|p2b: Sinistcha|47/100|[from] item: Leftovers
|upkeep
|
|t:|1783805869
|switch|p1a: Kingambit|Kingambit, L50, F|100/100
|switch|p2a: Lycanroc|Lycanroc-Dusk, L50, M|30/100
|turn|4
|
|t:|1783805888
|move|p2a: Lycanroc|Protect|p2a: Lycanroc
|-singleturn|p2a: Lycanroc|Protect
|move|p1a: Kingambit|Sucker Punch||[still]
|-fail|p1a: Kingambit
|move|p1b: Sylveon|Hyper Voice|p2a: Lycanroc|[spread] p2b
|-activate|p2a: Lycanroc|move: Protect
|-damage|p2b: Sinistcha|2/100
|move|p2b: Sinistcha|Life Dew|p2b: Sinistcha|[spread] p2a,p2b
|-heal|p2a: Lycanroc|55/100
|-heal|p2b: Sinistcha|27/100
|
|-heal|p2b: Sinistcha|33/100|[from] item: Leftovers
|upkeep
|turn|5
|
|t:|1783805911
|switch|p2b: Lucario|Lucario, L50, M|100/100
|move|p1a: Kingambit|Sucker Punch||[still]
|-fail|p1a: Kingambit
|move|p2a: Lycanroc|Drill Run|p1a: Kingambit
|-supereffective|p1a: Kingambit|1
|-damage|p1a: Kingambit|34/100
|-damage|p2a: Lycanroc|45/100|[from] item: Life Orb
|move|p1b: Sylveon|Hyper Voice|p2a: Lycanroc|[spread] p2a,p2b
|-damage|p2a: Lycanroc|0 fnt
|-damage|p2b: Lucario|16/100
|faint|p2a: Lycanroc
|
|upkeep
|
|t:|1783805923
|switch|p2a: Sinistcha|Sinistcha, L50|33/100
|-heal|p2b: Lucario|40/100|[from] ability: Hospitality|[of] p2a: Sinistcha
|turn|6
|
|t:|1783805941
|detailschange|p2b: Lucario|Lucario-Mega, L50, M
|-mega|p2b: Lucario|Lucario|Lucarionite
|move|p2a: Sinistcha|Rage Powder|p2a: Sinistcha
|-singleturn|p2a: Sinistcha|move: Rage Powder
|move|p2b: Lucario|Drain Punch|p1a: Kingambit
|-supereffective|p1a: Kingambit|2
|-damage|p1a: Kingambit|0 fnt
|-heal|p2b: Lucario|65/100|[from] drain|[of] p1a: Kingambit
|faint|p1a: Kingambit
|move|p1b: Sylveon|Hyper Voice|p2b: Lucario|[spread] p2a,p2b
|-damage|p2a: Sinistcha|0 fnt
|-damage|p2b: Lucario|0 fnt
|faint|p2a: Sinistcha
|faint|p2b: Lucario
|
|win|TesslahCoil
|raw|TesslahCoil's rating: 1075 → 1100(+25 for winning)
|raw|jmcm54's rating: 1024 → 1012(-12 for losing)
