|j|☆daarpavgc
|j|☆themugao
|html|daarpavgcthemugao    
|uhtml|bestof|Game 2 of a best-of-3
|t:|1782236451
|gametype|doubles
|player|p1|daarpavgc|170|1041
|player|p2|themugao|1|1139
|gen|9
|tier|[Gen 9 Champions] VGC 2026 Reg M-B (Bo3)
|rated|
|rule|Species Clause: Limit one of each Pokémon
|rule|Item Clause: Limit 1 of each item
|clearpoke
|poke|p1|Delphox, L50, F, shiny|
|poke|p1|Maushold-Four, L50, shiny|
|poke|p1|Heliolisk, L50, M, shiny|
|poke|p1|Whimsicott, L50, F, shiny|
|poke|p1|Incineroar, L50, M|
|poke|p1|Kommo-o, L50, M, shiny|
|poke|p2|Incineroar, L50, F|
|poke|p2|Mawile, L50, F|
|poke|p2|Rhyperior, L50, M|
|poke|p2|Farigiraf, L50, F|
|poke|p2|Dragalge, L50, F|
|poke|p2|Sinistcha, L50|
|teampreview|4
|showteam|p1|Delphox||Delphoxite|Magician|NastyPlot,Protect,HeatWave,Psychic|Timid||F|||50|]Maushold-Four||ChopleBerry|FriendGuard|FollowMe,Encore,SuperFang,BabyDollEyes|Timid|||||50|]Heliolisk||LifeOrb|DrySkin|Thunderbolt,HyperVoice,AllySwitch,WeatherBall|Timid||M|||50|]Whimsicott||FocusSash|Prankster|Tailwind,Moonblast,SunnyDay,Encore|Timid||F|||50|]Incineroar||SitrusBerry|Intimidate|FakeOut,Protect,ThroatChop,PartingShot|Careful||M|||50|]Kommo-o||Leftovers|Overcoat|ClangingScales,ClangorousSoul,Flamethrower,AuraSphere|Modest||M|||50|
|showteam|p2|Incineroar||SitrusBerry|Intimidate|FlareBlitz,Protect,PartingShot,FakeOut|Brave||F|||50|]Mawile||Mawilite|Intimidate|IronHead,PlayRough,SuckerPunch,SwordsDance|Brave||F|||50|]Rhyperior||LifeOrb|SolidRock|RockSlide,HighHorsepower,Protect,IcePunch|Brave||M|||50|]Farigiraf||ColburBerry|ArmorTail|Psychic,TrickRoom,Protect,HelpingHand|Sassy||F|||50|]Dragalge||Dragalgite|Adaptability|SludgeBomb,DracoMeteor,SludgeWave,Protect|Modest||F|||50|]Sinistcha||Leftovers|Hospitality|GigaDrain,TrickRoom,RagePowder,ShadowBall|Sassy|||||50|
|
|t:|1782236499
|teamsize|p1|4
|teamsize|p2|4
|start
|switch|p1a: Whimsicott|Whimsicott, L50, F, shiny|100/100
|switch|p1b: Kommo-o|Kommo-o, L50, M, shiny|100/100
|switch|p2a: Rhyperior|Rhyperior, L50, M|100/100
|switch|p2b: Farigiraf|Farigiraf, L50, F|100/100
|turn|1
|
|t:|1782236509
|switch|p2a: Dragalge|Dragalge, L50, F|100/100
|move|p1a: Whimsicott|Moonblast|p2b: Farigiraf
|-damage|p2b: Farigiraf|82/100
|move|p1b: Kommo-o|Clangorous Soul|p1b: Kommo-o
|-boost|p1b: Kommo-o|atk|1
|-boost|p1b: Kommo-o|def|1
|-boost|p1b: Kommo-o|spa|1
|-boost|p1b: Kommo-o|spd|1
|-boost|p1b: Kommo-o|spe|1
|-damage|p1b: Kommo-o|67/100
|move|p2b: Farigiraf|Trick Room|p2b: Farigiraf
|-fieldstart|move: Trick Room|[of] p2b: Farigiraf
|
|-heal|p1b: Kommo-o|72/100|[from] item: Leftovers
|upkeep
|turn|2
|
|t:|1782236525
|switch|p2b: Mawile|Mawile, L50, F|100/100
|-ability|p2b: Mawile|Intimidate|boost
|-unboost|p1a: Whimsicott|atk|1
|-unboost|p1b: Kommo-o|atk|1
|switch|p1a: Maushold|Maushold-Four, L50, shiny|100/100
|move|p2a: Dragalge|Draco Meteor|p1b: Kommo-o
|-supereffective|p1b: Kommo-o|1
|-damage|p1b: Kommo-o|0 fnt
|-unboost|p2a: Dragalge|spa|2
|faint|p1b: Kommo-o
|
|upkeep
|
|t:|1782236537
|switch|p1b: Delphox|Delphox, L50, F, shiny|100/100
|turn|3
|
|t:|1782236557
|detailschange|p2b: Mawile|Mawile-Mega, L50, F
|-mega|p2b: Mawile|Mawile|Mawilite
|detailschange|p1b: Delphox|Delphox-Mega, L50, F, shiny
|-mega|p1b: Delphox|Delphox|Delphoxite
|move|p2b: Mawile|Sucker Punch||[still]
|-fail|p2b: Mawile
|move|p2a: Dragalge|Sludge Wave|p1a: Maushold|[spread] p1a,p1b
|-immune|p2b: Mawile
|-damage|p1a: Maushold|75/100
|-damage|p1b: Delphox|85/100
|move|p1a: Maushold|Encore|p2a: Dragalge
|-start|p2a: Dragalge|Encore
|move|p1b: Delphox|Nasty Plot|p1b: Delphox
|-boost|p1b: Delphox|spa|2
|
|upkeep
|turn|4
|
|t:|1782236573
|move|p1a: Maushold|Follow Me|p1a: Maushold
|-singleturn|p1a: Maushold|move: Follow Me
|move|p2b: Mawile|Sucker Punch||[still]
|-fail|p2b: Mawile
|move|p2a: Dragalge|Sludge Wave|p1a: Maushold|[spread] p1a,p1b
|-immune|p2b: Mawile
|-damage|p1a: Maushold|48/100
|-damage|p1b: Delphox|69/100
|move|p1b: Delphox|Heat Wave|p2b: Mawile|[spread] p2a
|-miss|p1b: Delphox|p2b: Mawile
|-resisted|p2a: Dragalge|1
|-crit|p2a: Dragalge
|-damage|p2a: Dragalge|47/100
|
|upkeep
|turn|5
|
|t:|1782236596
|move|p1b: Delphox|Protect|p1b: Delphox
|-singleturn|p1b: Delphox|Protect
|move|p2b: Mawile|Iron Head|p1a: Maushold
|-damage|p1a: Maushold|0 fnt
|faint|p1a: Maushold
|move|p2a: Dragalge|Sludge Wave|p1b: Delphox|[spread] 
|-activate|p1b: Delphox|move: Protect
|-immune|p2b: Mawile
|
|-fieldend|move: Trick Room
|upkeep
|
|t:|1782236604
|switch|p1a: Whimsicott|Whimsicott, L50, F, shiny|100/100
|turn|6
|
|t:|1782236609
|switch|p2a: Farigiraf|Farigiraf, L50, F|82/100
|move|p1a: Whimsicott|Encore||[still]
|cant|p2a: Farigiraf|ability: Armor Tail|Encore|[of] p1a: Whimsicott
|move|p2b: Mawile|Sucker Punch|p1b: Delphox
|-supereffective|p1b: Delphox|1
|-damage|p1b: Delphox|0 fnt
|faint|p1b: Delphox
|
|upkeep
|turn|7
|-message|daarpavgc forfeited.
|raw|daarpavgc's rating: 1041 → 1029(-12 for losing)
|raw|themugao's rating: 1139 → 1157(+18 for winning)
|
|win|themugao
|l|☆daarpavgc
|player|p1|
