|j|☆rock1093
|j|☆kimmy k
|html|rock1093kimmy k    
|uhtml|bestof|Game 3 of a best-of-3
|t:|1756338953
|gametype|doubles
|player|p1|rock1093|169|1148
|player|p2|kimmy k|preschooler|1200
|gen|9
|tier|[Gen 9] VGC 2025 Reg H (Bo3)
|rated|
|rule|Species Clause: Limit one of each Pokémon
|rule|Item Clause: Limit 1 of each item
|clearpoke
|poke|p1|Sneasler, L50, M|
|poke|p1|Dragapult, L50, M|
|poke|p1|Dondozo, L50, M|
|poke|p1|Rillaboom, L50, M|
|poke|p1|Volcarona, L50, M|
|poke|p1|Electabuzz, L50, M|
|poke|p2|Politoed, L50, F|
|poke|p2|Gothitelle, L50, F|
|poke|p2|Incineroar, L50, F|
|poke|p2|Amoonguss, L50, M|
|poke|p2|Kingdra, L50, F|
|poke|p2|Archaludon, L50, M|
|teampreview|4
|showteam|p1|Sneasler||FocusSash|PoisonTouch|FakeOut,DireClaw,CloseCombat,Protect|||M|||50|,,,,,Ghost]Dragapult||ChoiceBand|ClearBody|DragonDarts,PhantomForce,Uturn,Outrage|||M|||50|,,,,,Dragon]Dondozo||Leftovers|Unaware|WaveCrash,Yawn,Fissure,Protect|||M|||50|,,,,,Poison]Rillaboom||AssaultVest|GrassySurge|FakeOut,WoodHammer,GrassyGlide,HighHorsepower|||M|||50|,,,,,Fire]Volcarona||CovertCloak|FlameBody|HeatWave,QuiverDance,TeraBlast,Protect|||M|||50|,,,,,Fairy]Electabuzz||Eviolite|VitalSpirit|Thunderbolt,FollowMe,Taunt,Protect|||M|||50|,,,,,Ghost
|showteam|p2|Politoed||Leftovers|Drizzle|Protect,WeatherBall,PerishSong,Encore|||F|||50|,,,,,Grass]Gothitelle||SitrusBerry|ShadowTag|Protect,Psychic,FakeOut,TrickRoom|||F|||50|,,,,,Dark]Incineroar||SafetyGoggles|Intimidate|Protect,KnockOff,FakeOut,PartingShot|||F|||50|,,,,,Ghost]Amoonguss||EjectButton|Regenerator|Protect,RagePowder,PollenPuff,Spore|||M|||50|,,,,,Fairy]Kingdra||LifeOrb|SwiftSwim|Protect,WeatherBall,DracoMeteor,MuddyWater|||F|||50|,,,,,Stellar]Archaludon||PowerHerb|Sturdy|Protect,ElectroShot,DragonPulse,FlashCannon|||M|||50|,,,,,Electric
|inactive|Battle timer is ON: inactive players will automatically lose when time's up. (requested by kimmy k)
|inactive|rock1093 has 60 seconds left.
|l|☆rock1093
|inactive|rock1093 disconnected and has a minute to reconnect!
|player|p1|
|j|☆rock1093
|inactive|rock1093 reconnected and has 35 seconds left.
|player|p1|rock1093|169|
|inactive|rock1093 has 30 seconds left.
|inactive|rock1093 has 20 seconds left.
|inactive|rock1093 has 15 seconds left.
|inactive|rock1093 has 10 seconds left.
|
|t:|1756339034
|teamsize|p1|4
|teamsize|p2|4
|start
|switch|p1a: Sneasler|Sneasler, L50, M|100/100
|switch|p1b: Rillaboom|Rillaboom, L50, M|100/100
|switch|p2a: Politoed|Politoed, L50, F|100/100
|switch|p2b: Gothitelle|Gothitelle, L50, F|100/100
|-fieldstart|move: Grassy Terrain|[from] ability: Grassy Surge|[of] p1b: Rillaboom
|-weather|RainDance|[from] ability: Drizzle|[of] p2a: Politoed
|turn|1
|inactive|rock1093 has 30 seconds left.
|
|t:|1756339062
|move|p2a: Politoed|Protect|p2a: Politoed
|-singleturn|p2a: Politoed|Protect
|move|p2b: Gothitelle|Protect|p2b: Gothitelle
|-singleturn|p2b: Gothitelle|Protect
|move|p1a: Sneasler|Dire Claw|p2a: Politoed
|-activate|p2a: Politoed|move: Protect
|move|p1b: Rillaboom|Wood Hammer|p2b: Gothitelle
|-activate|p2b: Gothitelle|move: Protect
|
|-weather|RainDance|[upkeep]
|upkeep
|turn|2
|inactive|rock1093 has 30 seconds left.
|
|t:|1756339095
|switch|p2a: Archaludon|Archaludon, L50, M|100/100
|move|p1a: Sneasler|Dire Claw|p2a: Archaludon
|-immune|p2a: Archaludon
|move|p1b: Rillaboom|Wood Hammer|p2b: Gothitelle
|-damage|p2b: Gothitelle|27/100
|-enditem|p2b: Gothitelle|Sitrus Berry|[eat]
|-heal|p2b: Gothitelle|52/100|[from] item: Sitrus Berry
|-damage|p1b: Rillaboom|79/100|[from] Recoil
|move|p2b: Gothitelle|Trick Room|p2b: Gothitelle
|-fieldstart|move: Trick Room|[of] p2b: Gothitelle
|
|-weather|RainDance|[upkeep]
|-heal|p2b: Gothitelle|58/100|[from] Grassy Terrain
|-heal|p1b: Rillaboom|85/100|[from] Grassy Terrain
|upkeep
|turn|3
|
|t:|1756339119
|switch|p2b: Incineroar|Incineroar, L50, F|100/100
|-ability|p2b: Incineroar|Intimidate|boost
|-unboost|p1a: Sneasler|atk|1
|-unboost|p1b: Rillaboom|atk|1
|move|p1b: Rillaboom|Wood Hammer|p2b: Incineroar
|-resisted|p2b: Incineroar
|-damage|p2b: Incineroar|74/100
|-damage|p1b: Rillaboom|76/100|[from] Recoil
|move|p2a: Archaludon|Electro Shot||[still]
|-prepare|p2a: Archaludon|Electro Shot
|-boost|p2a: Archaludon|spa|1
|-anim|p2a: Archaludon|Electro Shot|p1b: Rillaboom
|-resisted|p1b: Rillaboom
|-damage|p1b: Rillaboom|52/100
|move|p1a: Sneasler|Close Combat|p2a: Archaludon
|-supereffective|p2a: Archaludon
|-damage|p2a: Archaludon|34/100
|-unboost|p1a: Sneasler|def|1
|-unboost|p1a: Sneasler|spd|1
|
|-weather|RainDance|[upkeep]
|-heal|p2b: Incineroar|80/100|[from] Grassy Terrain
|-heal|p1b: Rillaboom|58/100|[from] Grassy Terrain
|-heal|p2a: Archaludon|40/100|[from] Grassy Terrain
|upkeep
|turn|4
|inactive|rock1093 has 30 seconds left.
|inactive|kimmy k has 30 seconds left.
|inactive|rock1093 has 20 seconds left.
|
|t:|1756339156
|-terastallize|p2a: Archaludon|Electric
|move|p2b: Incineroar|Parting Shot|p1a: Sneasler
|-unboost|p1a: Sneasler|atk|1
|-unboost|p1a: Sneasler|spa|1
|
|t:|1756339160
|switch|p2b: Gothitelle|Gothitelle, L50, F|58/100|[from] Parting Shot
|move|p1b: Rillaboom|High Horsepower|p2a: Archaludon
|-supereffective|p2a: Archaludon
|-damage|p2a: Archaludon|4/100
|move|p2a: Archaludon|Electro Shot||[still]
|-prepare|p2a: Archaludon|Electro Shot
|-boost|p2a: Archaludon|spa|1
|-anim|p2a: Archaludon|Electro Shot|p1b: Rillaboom
|-resisted|p1b: Rillaboom
|-damage|p1b: Rillaboom|4/100
|move|p1a: Sneasler|Close Combat|p2b: Gothitelle
|-resisted|p2b: Gothitelle
|-damage|p2b: Gothitelle|43/100
|-unboost|p1a: Sneasler|def|1
|-unboost|p1a: Sneasler|spd|1
|
|-weather|RainDance|[upkeep]
|-heal|p2b: Gothitelle|50/100|[from] Grassy Terrain
|-heal|p1b: Rillaboom|10/100|[from] Grassy Terrain
|-heal|p2a: Archaludon|10/100|[from] Grassy Terrain
|upkeep
|turn|5
|inactive|rock1093 has 30 seconds left.
|
|t:|1756339188
|move|p2a: Archaludon|Protect|p2a: Archaludon
|-singleturn|p2a: Archaludon|Protect
|move|p1a: Sneasler|Protect|p1a: Sneasler
|-singleturn|p1a: Sneasler|Protect
|move|p2b: Gothitelle|Psychic|p1b: Rillaboom
|-damage|p1b: Rillaboom|0 fnt
|faint|p1b: Rillaboom
|
|-weather|none
|-heal|p2b: Gothitelle|56/100|[from] Grassy Terrain
|-heal|p2a: Archaludon|16/100|[from] Grassy Terrain
|-fieldend|move: Grassy Terrain
|upkeep
|
|t:|1756339203
|switch|p1b: Volcarona|Volcarona, L50, M|100/100
|turn|6
|
|t:|1756339221
|-terastallize|p1b: Volcarona|Fairy
|move|p2b: Gothitelle|Psychic|p1a: Sneasler
|-supereffective|p1a: Sneasler
|-enditem|p1a: Sneasler|Focus Sash
|-damage|p1a: Sneasler|1/100
|move|p2a: Archaludon|Electro Shot||[still]
|-prepare|p2a: Archaludon|Electro Shot
|-boost|p2a: Archaludon|spa|1
|-enditem|p2a: Archaludon|Power Herb
|-anim|p2a: Archaludon|Electro Shot|p1a: Sneasler
|-damage|p1a: Sneasler|0 fnt
|faint|p1a: Sneasler
|move|p1b: Volcarona|Tera Blast|p2b: Gothitelle|[anim] Tera Blast Fairy
|-damage|p2b: Gothitelle|24/100
|
|-fieldend|move: Trick Room
|upkeep
|
|t:|1756339239
|switch|p1a: Dondozo|Dondozo, L50, M|100/100
|turn|7
|
|t:|1756339248
|move|p1b: Volcarona|Heat Wave|p2b: Gothitelle|[spread] p2a,p2b
|-damage|p2a: Archaludon|0 fnt
|-damage|p2b: Gothitelle|0 fnt
|faint|p2a: Archaludon
|faint|p2b: Gothitelle
|move|p1a: Dondozo|Wave Crash|p2: Archaludon|[notarget]
|-fail|p1a: Dondozo
|
|upkeep
|
|t:|1756339251
|switch|p2a: Incineroar|Incineroar, L50, F|80/100
|switch|p2b: Politoed|Politoed, L50, F|100/100
|-weather|RainDance|[from] ability: Drizzle|[of] p2b: Politoed
|-ability|p2a: Incineroar|Intimidate|boost
|-unboost|p1a: Dondozo|atk|1
|-unboost|p1b: Volcarona|atk|1
|turn|8
|
|t:|1756339274
|move|p2a: Incineroar|Fake Out|p1a: Dondozo
|-damage|p1a: Dondozo|94/100
|move|p1b: Volcarona|Tera Blast|p2a: Incineroar|[anim] Tera Blast Fairy
|-damage|p2a: Incineroar|50/100
|move|p2b: Politoed|Weather Ball|p1a: Dondozo
|-resisted|p1a: Dondozo
|-damage|p1a: Dondozo|77/100
|cant|p1a: Dondozo|flinch
|
|-weather|RainDance|[upkeep]
|-heal|p1a: Dondozo|83/100|[from] item: Leftovers
|upkeep
|turn|9
|inactive|rock1093 has 30 seconds left.
|
|t:|1756339307
|move|p1b: Volcarona|Protect|p1b: Volcarona
|-singleturn|p1b: Volcarona|Protect
|move|p2b: Politoed|Weather Ball|p1a: Dondozo
|-resisted|p1a: Dondozo
|-damage|p1a: Dondozo|65/100
|move|p2a: Incineroar|Knock Off|p1a: Dondozo
|-damage|p1a: Dondozo|43/100
|-enditem|p1a: Dondozo|Leftovers|[from] move: Knock Off|[of] p2a: Incineroar
|move|p1a: Dondozo|Yawn|p2b: Politoed
|-start|p2b: Politoed|move: Yawn|[of] p1a: Dondozo
|
|-weather|RainDance|[upkeep]
|upkeep
|turn|10
|
|t:|1756339326
|move|p1b: Volcarona|Quiver Dance|p1b: Volcarona
|-boost|p1b: Volcarona|spa|1
|-boost|p1b: Volcarona|spd|1
|-boost|p1b: Volcarona|spe|1
|move|p2b: Politoed|Encore|p1a: Dondozo
|-start|p1a: Dondozo|Encore
|move|p2a: Incineroar|Parting Shot|p1b: Volcarona
|-unboost|p1b: Volcarona|atk|1
|-unboost|p1b: Volcarona|spa|1
|move|p1a: Dondozo|Yawn||[still]
|-fail|p1a: Dondozo
|
|-weather|RainDance|[upkeep]
|-end|p2b: Politoed|move: Yawn|[silent]
|-status|p2b: Politoed|slp
|upkeep
|turn|11
|
|t:|1756339345
|move|p1b: Volcarona|Heat Wave|p2a: Incineroar|[spread] p2b
|-miss|p1b: Volcarona|p2a: Incineroar
|-resisted|p2b: Politoed
|-damage|p2b: Politoed|93/100 slp
|cant|p2b: Politoed|slp
|move|p2a: Incineroar|Parting Shot|p1b: Volcarona
|-unboost|p1b: Volcarona|atk|1
|-unboost|p1b: Volcarona|spa|1
|move|p1a: Dondozo|Yawn|p2a: Incineroar
|-start|p2a: Incineroar|move: Yawn|[of] p1a: Dondozo
|
|-weather|RainDance|[upkeep]
|-heal|p2b: Politoed|99/100 slp|[from] item: Leftovers
|upkeep
|turn|12
|
|t:|1756339365
|move|p1b: Volcarona|Tera Blast|p2a: Incineroar|[anim] Tera Blast Fairy
|-damage|p2a: Incineroar|31/100
|cant|p2b: Politoed|slp
|move|p2a: Incineroar|Knock Off|p1a: Dondozo
|-damage|p1a: Dondozo|28/100
|move|p1a: Dondozo|Yawn||[still]
|-fail|p1a: Dondozo
|
|-weather|none
|-heal|p2b: Politoed|100/100 slp|[from] item: Leftovers
|-end|p1a: Dondozo|Encore
|-end|p2a: Incineroar|move: Yawn|[silent]
|-status|p2a: Incineroar|slp
|upkeep
|turn|13
|
|t:|1756339382
|move|p1b: Volcarona|Quiver Dance|p1b: Volcarona
|-boost|p1b: Volcarona|spa|1
|-boost|p1b: Volcarona|spd|1
|-boost|p1b: Volcarona|spe|1
|cant|p2b: Politoed|slp
|cant|p2a: Incineroar|slp
|move|p1a: Dondozo|Fissure|p2b: Politoed|[miss]
|-miss|p1a: Dondozo|p2b: Politoed
|
|upkeep
|turn|14
|
|t:|1756339401
|move|p1b: Volcarona|Tera Blast|p2a: Incineroar|[anim] Tera Blast Fairy
|-damage|p2a: Incineroar|1/100 slp
|-curestatus|p2b: Politoed|slp|[msg]
|move|p2b: Politoed|Weather Ball|p1a: Dondozo
|-damage|p1a: Dondozo|20/100
|-curestatus|p2a: Incineroar|slp|[msg]
|move|p2a: Incineroar|Knock Off|p1a: Dondozo
|-damage|p1a: Dondozo|5/100
|move|p1a: Dondozo|Fissure|p2b: Politoed|[miss]
|-miss|p1a: Dondozo|p2b: Politoed
|
|upkeep
|turn|15
|
|t:|1756339419
|move|p2a: Incineroar|Protect|p2a: Incineroar
|-singleturn|p2a: Incineroar|Protect
|move|p1a: Dondozo|Protect|p1a: Dondozo
|-singleturn|p1a: Dondozo|Protect
|move|p1b: Volcarona|Heat Wave|p2a: Incineroar|[spread] p2b
|-activate|p2a: Incineroar|move: Protect
|-resisted|p2b: Politoed
|-damage|p2b: Politoed|87/100
|move|p2b: Politoed|Perish Song|p2b: Politoed
|-start|p1a: Dondozo|perish3|[silent]
|-start|p1b: Volcarona|perish3|[silent]
|-start|p2a: Incineroar|perish3|[silent]
|-start|p2b: Politoed|perish3|[silent]
|-fieldactivate|move: Perish Song
|
|-heal|p2b: Politoed|93/100|[from] item: Leftovers
|-start|p1b: Volcarona|perish3
|-start|p2b: Politoed|perish3
|-start|p2a: Incineroar|perish3
|-start|p1a: Dondozo|perish3
|upkeep
|turn|16
|
|t:|1756339441
|move|p1b: Volcarona|Heat Wave|p2a: Incineroar|[spread] p2a,p2b
|-resisted|p2a: Incineroar
|-resisted|p2b: Politoed
|-damage|p2a: Incineroar|0 fnt
|-damage|p2b: Politoed|80/100
|faint|p2a: Incineroar
|move|p2b: Politoed|Weather Ball|p1a: Dondozo
|-damage|p1a: Dondozo|0 fnt
|faint|p1a: Dondozo
|
|-heal|p2b: Politoed|86/100|[from] item: Leftovers
|-start|p1b: Volcarona|perish2
|-start|p2b: Politoed|perish2
|upkeep
|turn|17
|
|t:|1756339455
|move|p1b: Volcarona|Quiver Dance|p1b: Volcarona
|-boost|p1b: Volcarona|spa|1
|-boost|p1b: Volcarona|spd|1
|-boost|p1b: Volcarona|spe|1
|move|p2b: Politoed|Encore|p1b: Volcarona
|-start|p1b: Volcarona|Encore
|
|-heal|p2b: Politoed|92/100|[from] item: Leftovers
|-start|p1b: Volcarona|perish1
|-start|p2b: Politoed|perish1
|upkeep
|turn|18
|
|t:|1756339467
|move|p2b: Politoed|Protect|p2b: Politoed
|-singleturn|p2b: Politoed|Protect
|move|p1b: Volcarona|Quiver Dance|p1b: Volcarona
|-boost|p1b: Volcarona|spa|1
|-boost|p1b: Volcarona|spd|1
|-boost|p1b: Volcarona|spe|1
|
|-heal|p2b: Politoed|98/100|[from] item: Leftovers
|-start|p1b: Volcarona|perish0
|-start|p2b: Politoed|perish0
|faint|p1b: Volcarona
|faint|p2b: Politoed
|
|win|kimmy k
|raw|rock1093's rating: 1148 → 1127(-21 for losing)
|raw|kimmy k's rating: 1200 → 1221(+21 for winning)
|l|☆kimmy k
|player|p2|
|j|☆kimmy k
|player|p2|kimmy k|preschooler|
