|j|☆iliteratepineapple
|j|☆hungry hillo
|html|iliteratepineapplehungry hillo    
|uhtml|bestof|Game 3 of a best-of-3
|t:|1756159255
|gametype|doubles
|player|p1|iliteratepineapple|169|
|player|p2|hungry hillo|n|
|gen|9
|tier|[Gen 9] VGC 2025 Reg H (Bo3)
|rule|Species Clause: Limit one of each Pokémon
|rule|Item Clause: Limit 1 of each item
|clearpoke
|poke|p1|Ninetales-Alola, L50, M|
|poke|p1|Gothitelle, L50, M|
|poke|p1|Murkrow, L50, F|
|poke|p1|Incineroar, L50, F|
|poke|p1|Sinistcha-Masterpiece, L50|
|poke|p1|Ursaluna, L50, M|
|poke|p2|Sneasler, L50, M|
|poke|p2|Clefable, L50, F|
|poke|p2|Gholdengo, L50|
|poke|p2|Magmar, L50, M|
|poke|p2|Dragapult, L50, M|
|poke|p2|Rillaboom, L50, M|
|teampreview|4
|showteam|p1|Ninetales-Alola||FocusSash|SnowWarning|Blizzard,Encore,Disable,Protect|||M|||50|,,,,,Dark]Gothitelle||Leftovers|ShadowTag|Protect,Psychic,FakeOut,Taunt|||M|||50|,,,,,Water]Murkrow||Eviolite|Prankster|DualWingbeat,Tailwind,PerishSong,FeatherDance|||F|||50|,,,,,Ghost]Incineroar||AssaultVest|Intimidate|KnockOff,FlareBlitz,Uturn,FakeOut|||F|||50|,,,,,Bug]Sinistcha-Masterpiece||SitrusBerry|Hospitality|MatchaGotcha,RagePowder,TrickRoom,LifeDew||||||50|,,,,,Dark]Ursaluna||FlameOrb|Guts|Facade,HeadlongRush,Earthquake,Protect|||M|||50|,,,,,Ghost
|showteam|p2|Sneasler||FocusSash|Unburden|CloseCombat,DireClaw,Protect,ThroatChop|||M|||50|,,,,,Dark]Clefable||RockyHelmet|Unaware|Moonblast,IcyWind,FollowMe,Protect|||F|||50|,,,,,Steel]Gholdengo||LifeOrb|GoodasGold|MakeItRain,ShadowBall,NastyPlot,Protect||||||50|,,,,,Water]Magmar||Eviolite|VitalSpirit|Taunt,FollowMe,Protect,Overheat|||M|||50|,,,,,Ghost]Dragapult||ChoiceBand|ClearBody|PhantomForce,DragonDarts,SuckerPunch,Uturn|||M|||50|,,,,,Dragon]Rillaboom||AssaultVest|GrassySurge|WoodHammer,GrassyGlide,HighHorsepower,FakeOut|||M|||50|,,,,,Fire
|
|t:|1756159269
|teamsize|p1|4
|teamsize|p2|4
|start
|switch|p1a: Murkrow|Murkrow, L50, F|100/100
|switch|p1b: Incineroar|Incineroar, L50, F|100/100
|switch|p2a: Wisper|Dragapult, L50, M|100/100
|switch|p2b: Devil|Clefable, L50, F, shiny|100/100
|-ability|p1b: Incineroar|Intimidate|boost
|-fail|p2a: Wisper|unboost|[from] ability: Clear Body|[of] p2a: Wisper
|-unboost|p2b: Devil|atk|1
|turn|1
|
|t:|1756159311
|-terastallize|p2a: Wisper|Dragon
|move|p2b: Devil|Follow Me|p2b: Devil
|-singleturn|p2b: Devil|move: Follow Me
|move|p1a: Murkrow|Tailwind|p1a: Murkrow
|-sidestart|p1: iliteratepineapple|move: Tailwind
|move|p1b: Incineroar|Knock Off|p2b: Devil
|-resisted|p2b: Devil
|-damage|p2b: Devil|80/100
|-damage|p1b: Incineroar|84/100|[from] item: Rocky Helmet|[of] p2b: Devil
|-enditem|p2b: Devil|Rocky Helmet|[from] move: Knock Off|[of] p1b: Incineroar
|move|p2a: Wisper|Dragon Darts|p1a: Murkrow
|-damage|p1a: Murkrow|31/100
|-anim|p2a: Wisper|Dragon Darts|p1b: Incineroar
|-damage|p1b: Incineroar|24/100
|
|upkeep
|turn|2
|
|t:|1756159350
|switch|p1a: Sinistcha|Sinistcha-Masterpiece, L50|100/100
|-heal|p1b: Incineroar|49/100|[from] ability: Hospitality|[of] p1a: Sinistcha
|move|p2b: Devil|Follow Me|p2b: Devil
|-singleturn|p2b: Devil|move: Follow Me
|move|p1b: Incineroar|U-turn|p2b: Devil
|-resisted|p2b: Devil
|-damage|p2b: Devil|71/100
|
|t:|1756159367
|switch|p1b: Ursaluna|Ursaluna, L50, M|100/100|[from] U-turn
|move|p2a: Wisper|Dragon Darts|p1a: Sinistcha
|-damage|p1a: Sinistcha|47/100
|-enditem|p1a: Sinistcha|Sitrus Berry|[eat]
|-heal|p1a: Sinistcha|71/100|[from] item: Sitrus Berry
|-anim|p2a: Wisper|Dragon Darts|p1b: Ursaluna
|-crit|p1b: Ursaluna
|-damage|p1b: Ursaluna|39/100
|
|-status|p1b: Ursaluna|brn|[from] item: Flame Orb
|upkeep
|turn|3
|
|t:|1756159394
|move|p1b: Ursaluna|Protect|p1b: Ursaluna
|-singleturn|p1b: Ursaluna|Protect
|move|p2b: Devil|Follow Me|p2b: Devil
|-singleturn|p2b: Devil|move: Follow Me
|move|p2a: Wisper|Dragon Darts|p1a: Sinistcha
|-damage|p1a: Sinistcha|22/100
|-anim|p2a: Wisper|Dragon Darts|p1a: Sinistcha
|-damage|p1a: Sinistcha|0 fnt
|faint|p1a: Sinistcha
|
|-damage|p1b: Ursaluna|33/100 brn|[from] brn
|upkeep
|
|t:|1756159422
|switch|p1a: Incineroar|Incineroar, L50, F|49/100
|-ability|p1a: Incineroar|Intimidate|boost
|-fail|p2a: Wisper|unboost|[from] ability: Clear Body|[of] p2a: Wisper
|-unboost|p2b: Devil|atk|1
|turn|4
|
|t:|1756159439
|move|p1a: Incineroar|Fake Out|p2a: Wisper
|-damage|p2a: Wisper|82/100
|move|p2b: Devil|Follow Me|p2b: Devil
|-singleturn|p2b: Devil|move: Follow Me
|cant|p2a: Wisper|flinch
|move|p1b: Ursaluna|Earthquake|p2b: Devil|[spread] p1a,p2a,p2b
|-supereffective|p1a: Incineroar
|-damage|p1a: Incineroar|0 fnt
|-damage|p2a: Wisper|0 fnt
|-damage|p2b: Devil|17/100
|faint|p1a: Incineroar
|faint|p2a: Wisper
|
|-damage|p1b: Ursaluna|27/100 brn|[from] brn
|-sideend|p1: iliteratepineapple|move: Tailwind
|upkeep
|
|t:|1756159451
|switch|p2a: Dk|Rillaboom, L50, M|100/100
|switch|p1a: Murkrow|Murkrow, L50, F|31/100
|-fieldstart|move: Grassy Terrain|[from] ability: Grassy Surge|[of] p2a: Dk
|turn|5
|
|t:|1756159495
|move|p1b: Ursaluna|Protect|p1b: Ursaluna
|-singleturn|p1b: Ursaluna|Protect
|move|p1a: Murkrow|Tailwind|p1a: Murkrow
|-sidestart|p1: iliteratepineapple|move: Tailwind
|move|p2a: Dk|Grassy Glide|p1b: Ursaluna
|-activate|p1b: Ursaluna|move: Protect
|move|p2b: Devil|Moonblast|p1a: Murkrow
|-supereffective|p1a: Murkrow
|-damage|p1a: Murkrow|0 fnt
|faint|p1a: Murkrow
|
|-heal|p1b: Ursaluna|33/100 brn|[from] Grassy Terrain
|-heal|p2b: Devil|23/100|[from] Grassy Terrain
|-damage|p1b: Ursaluna|27/100 brn|[from] brn
|upkeep
|turn|6
|
|t:|1756159515
|-terastallize|p1b: Ursaluna|Ghost
|move|p2b: Devil|Follow Me|p2b: Devil
|-singleturn|p2b: Devil|move: Follow Me
|move|p1b: Ursaluna|Facade|p2b: Devil
|-damage|p2b: Devil|0 fnt
|faint|p2b: Devil
|move|p2a: Dk|Wood Hammer|p1b: Ursaluna
|-crit|p1b: Ursaluna
|-damage|p1b: Ursaluna|0 fnt
|faint|p1b: Ursaluna
|-damage|p2a: Dk|91/100|[from] Recoil
|
|win|hungry hillo
