|j|☆Daniw9
|j|☆WASHINGTONGARGACHA
|html|Daniw9WASHINGTONGARGACHA    
|uhtml|bestof|Game 2 of a best-of-3
|t:|1756374854
|gametype|doubles
|player|p1|Daniw9|2|1118
|player|p2|WASHINGTONGARGACHA|265|1021
|gen|9
|tier|[Gen 9] VGC 2025 Reg H (Bo3)
|rated|
|rule|Species Clause: Limit one of each Pokémon
|rule|Item Clause: Limit 1 of each item
|clearpoke
|poke|p1|Garchomp, L50, M|
|poke|p1|Tyranitar, L50, M|
|poke|p1|Delphox, L50, F|
|poke|p1|Indeedee-F, L50, F|
|poke|p1|Gallade, L50, M|
|poke|p1|Whimsicott, L50, F|
|poke|p2|Farigiraf, L50, M|
|poke|p2|Incineroar, L50, F|
|poke|p2|Rillaboom, L50, F|
|poke|p2|Gholdengo, L50|
|poke|p2|Blaziken, L50, F|
|poke|p2|Sneasler, L50, M|
|teampreview|4
|showteam|p1|Garchomp||LifeOrb|SandVeil|Earthquake,StompingTantrum,Protect,DragonClaw|||M|||50|,,,,,Steel]Tyranitar||AssaultVest|SandStream|RockSlide,TeraBlast,KnockOff,LowKick|||M|||50|,,,,,Flying]Delphox||PsychicSeed|Magician|ExpandingForce,HeatWave,TeraBlast,Protect|||F|||50|,,,,,Fairy]Indeedee-F||SafetyGoggles|PsychicSurge|DazzlingGleam,TrickRoom,FollowMe,HelpingHand|||F|||50|,,,,,Water]Gallade||ClearAmulet|Sharpness|SacredSword,PsychoCut,TrickRoom,Protect|||M|||50|,,,,,Grass]Whimsicott||CovertCloak|Prankster|Moonblast,Tailwind,Encore,Protect|||F|||50|,,,,,Ghost
|showteam|p2|Farigiraf||ThroatSpray|ArmorTail|HyperVoice,Psychic,TrickRoom,Protect|||M|||50|,,,,,Fairy]Incineroar||SafetyGoggles|Intimidate|FlareBlitz,FakeOut,KnockOff,PartingShot|||F|||50|,,,,,Ghost]Rillaboom||AssaultVest|GrassySurge|FakeOut,GrassyGlide,Uturn,WoodHammer|||F|||50|,,,,,Fire]Gholdengo||SitrusBerry|GoodasGold|MakeItRain,NastyPlot,ShadowBall,Protect||||||50|,,,,,Water]Blaziken||FocusSash|SpeedBoost|CloseCombat,FlareBlitz,Protect,SwordsDance|||F|||50|,,,,,Stellar]Sneasler||GrassySeed|Unburden|DireClaw,CloseCombat,Protect,ThroatChop|||M|||50|,,,,,Stellar
|
|t:|1756374872
|teamsize|p1|4
|teamsize|p2|4
|start
|switch|p1a: Delphox|Delphox, L50, F|100/100
|switch|p1b: Indeedee|Indeedee-F, L50, F|100/100
|switch|p2a: Gholdengo|Gholdengo, L50|100/100
|switch|p2b: Farigiraf|Farigiraf, L50, M|100/100
|-fieldstart|move: Psychic Terrain|[from] ability: Psychic Surge|[of] p1b: Indeedee
|-enditem|p1a: Delphox|Psychic Seed
|-boost|p1a: Delphox|spd|1|[from] item: Psychic Seed
|turn|1
|
|t:|1756374885
|switch|p1b: Whimsicott|Whimsicott, L50, F|100/100
|-terastallize|p2a: Gholdengo|Water
|move|p1a: Delphox|Heat Wave|p2a: Gholdengo|[spread] p2a,p2b
|-resisted|p2a: Gholdengo
|-damage|p2a: Gholdengo|81/100
|-damage|p2b: Farigiraf|77/100
|-status|p2b: Farigiraf|brn
|-item|p1a: Delphox|Sitrus Berry|[from] ability: Magician|[of] p2a: Gholdengo
|move|p2a: Gholdengo|Make It Rain|p1a: Delphox|[spread] p1a,p1b
|-resisted|p1a: Delphox
|-supereffective|p1b: Whimsicott
|-damage|p1a: Delphox|86/100
|-damage|p1b: Whimsicott|0 fnt
|-unboost|p2a: Gholdengo|spa|1
|faint|p1b: Whimsicott
|move|p2b: Farigiraf|Hyper Voice|p1a: Delphox
|-damage|p1a: Delphox|57/100
|-enditem|p2b: Farigiraf|Throat Spray
|-boost|p2b: Farigiraf|spa|1|[from] item: Throat Spray
|
|-damage|p2b: Farigiraf|71/100 brn|[from] brn
|upkeep
|
|t:|1756374903
|switch|p1b: Tyranitar|Tyranitar, L50, M|100/100
|-weather|Sandstorm|[from] ability: Sand Stream|[of] p1b: Tyranitar
|turn|2
|
|t:|1756374914
|switch|p2a: Incineroar|Incineroar, L50, F|100/100
|-ability|p2a: Incineroar|Intimidate|boost
|-unboost|p1a: Delphox|atk|1
|-unboost|p1b: Tyranitar|atk|1
|-terastallize|p1b: Tyranitar|Flying
|move|p2b: Farigiraf|Protect|p2b: Farigiraf
|-singleturn|p2b: Farigiraf|Protect
|move|p1a: Delphox|Expanding Force|p2b: Farigiraf|[spread] 
|-activate|p2b: Farigiraf|move: Protect
|-immune|p2a: Incineroar
|move|p1b: Tyranitar|Knock Off|p2b: Farigiraf
|-activate|p2b: Farigiraf|move: Protect
|
|-weather|Sandstorm|[upkeep]
|-damage|p1a: Delphox|52/100|[from] Sandstorm
|-damage|p1b: Tyranitar|95/100|[from] Sandstorm
|-damage|p2b: Farigiraf|64/100 brn|[from] Sandstorm
|-damage|p2b: Farigiraf|58/100 brn|[from] brn
|upkeep
|turn|3
|
|t:|1756374936
|move|p2a: Incineroar|Fake Out|p1b: Tyranitar
|-hint|Psychic Terrain doesn't affect Pokémon immune to Ground.
|-crit|p1b: Tyranitar
|-damage|p1b: Tyranitar|78/100
|move|p1a: Delphox|Tera Blast|p2a: Incineroar
|-damage|p2a: Incineroar|76/100
|cant|p1b: Tyranitar|flinch
|move|p2b: Farigiraf|Trick Room|p2b: Farigiraf
|-fieldstart|move: Trick Room|[of] p2b: Farigiraf
|
|-weather|Sandstorm|[upkeep]
|-damage|p2b: Farigiraf|52/100 brn|[from] Sandstorm
|-damage|p1b: Tyranitar|72/100|[from] Sandstorm
|-damage|p1a: Delphox|46/100|[from] Sandstorm
|-enditem|p1a: Delphox|Sitrus Berry|[eat]
|-heal|p1a: Delphox|71/100|[from] item: Sitrus Berry
|-damage|p2b: Farigiraf|46/100 brn|[from] brn
|upkeep
|turn|4
|
|t:|1756374959
|switch|p1b: Indeedee|Indeedee-F, L50, F|100/100
|move|p1a: Delphox|Protect|p1a: Delphox
|-singleturn|p1a: Delphox|Protect
|move|p2a: Incineroar|Knock Off|p1a: Delphox
|-activate|p1a: Delphox|move: Protect
|move|p2b: Farigiraf|Hyper Voice|p1b: Indeedee|[spread] p1b
|-activate|p1a: Delphox|move: Protect
|-damage|p1b: Indeedee|67/100
|
|-weather|Sandstorm|[upkeep]
|-damage|p2b: Farigiraf|40/100 brn|[from] Sandstorm
|-damage|p1a: Delphox|65/100|[from] Sandstorm
|-damage|p2b: Farigiraf|34/100 brn|[from] brn
|upkeep
|turn|5
|
|t:|1756374976
|switch|p1a: Tyranitar|Tyranitar, L50, M, tera:Flying|72/100
|move|p2a: Incineroar|Knock Off|p1b: Indeedee
|-supereffective|p1b: Indeedee
|-crit|p1b: Indeedee
|-damage|p1b: Indeedee|0 fnt
|-enditem|p1b: Indeedee|Safety Goggles|[from] move: Knock Off|[of] p2a: Incineroar
|faint|p1b: Indeedee
|move|p2b: Farigiraf|Hyper Voice|p1a: Tyranitar
|-crit|p1a: Tyranitar
|-damage|p1a: Tyranitar|30/100
|
|-weather|Sandstorm|[upkeep]
|-damage|p2b: Farigiraf|27/100 brn|[from] Sandstorm
|-damage|p1a: Tyranitar|24/100|[from] Sandstorm
|-damage|p2b: Farigiraf|21/100 brn|[from] brn
|-fieldend|move: Psychic Terrain
|upkeep
|
|t:|1756374980
|switch|p1b: Delphox|Delphox, L50, F|65/100
|turn|6
|
|t:|1756374995
|move|p2a: Incineroar|Knock Off|p1b: Delphox
|-supereffective|p1b: Delphox
|-damage|p1b: Delphox|0 fnt
|faint|p1b: Delphox
|move|p2b: Farigiraf|Hyper Voice|p1a: Tyranitar
|-damage|p1a: Tyranitar|0 fnt
|faint|p1a: Tyranitar
|
|win|WASHINGTONGARGACHA
||WASHINGTONGARGACHA is ready for game 3.
|inactive|Daniw9 has 30 seconds to confirm battle start!
|inactive|Daniw9 has 20 seconds to confirm battle start!
||Daniw9 is ready for game 3.
|uhtml|next|Next: Game 3 of 3
|l|☆WASHINGTONGARGACHA
|player|p2|
