|j|☆K-TrachoVgc2189
|j|☆scottpilgrim35
|html|K-TrachoVgc2189scottpilgrim35    
|uhtml|bestof|Game 2 of a best-of-3
|t:|1783180758
|gametype|doubles
|player|p1|K-TrachoVgc2189|101|1000
|player|p2|scottpilgrim35|2|1022
|gen|9
|tier|[Gen 9 Champions] VGC 2026 Reg M-B (Bo3)
|rated|
|rule|Species Clause: Limit one of each Pokémon
|rule|Item Clause: Limit 1 of each item
|clearpoke
|poke|p1|Incineroar, L50, M|
|poke|p1|Farigiraf, L50, M|
|poke|p1|Torkoal, L50, F|
|poke|p1|Maushold, L50|
|poke|p1|Mawile, L50, M|
|poke|p1|Pyroar, L50, F|
|poke|p2|Milotic, L50, M|
|poke|p2|Palafin, L50, M|
|poke|p2|Swampert, L50, M|
|poke|p2|Pelipper, L50, F|
|poke|p2|Blastoise, L50, F|
|poke|p2|Basculegion, L50, M|
|teampreview|4
|showteam|p1|Incineroar||WhiteHerb|Intimidate|FakeOut,FlareBlitz,DarkestLariat,CloseCombat|Brave||M|||50|]Farigiraf||SitrusBerry|ArmorTail|TwinBeam,HelpingHand,TrickRoom,Protect|Bold||M|||50|]Torkoal||Charcoal|Drought|Eruption,WeatherBall,HelpingHand,Protect|Modest||F|||50|]Maushold||WideLens|Technician|PopulationBomb,Charm,FollowMe,Protect|Jolly|||||50|]Mawile||Mawilite|Intimidate|PlayRough,SuckerPunch,SwordsDance,Protect|Adamant||M|||50|]Pyroar||Pyroarite|Unnerve|Overheat,HeatWave,SolarBeam,Protect|Timid||F|||50|
|showteam|p2|Milotic||Leftovers|Competitive|HydroPump,IceBeam,Recover,Protect|Lax||M|||50|]Palafin||RindoBerry|ZerotoHero|FlipTurn,JetPunch,Protect,WaveCrash|Impish||M|||50|]Swampert||Swampertite|Torrent|Earthquake,WaveCrash,IcePunch,Protect|Impish||M|||50|]Pelipper||WacanBerry|Drizzle|Hurricane,Tailwind,HelpingHand,WideGuard|Bold||F|||50|]Blastoise||SitrusBerry|RainDish|FakeOut,Haze,AquaTail,ChillingWater|Bold||F|||50|]Basculegion||ChoiceScarf|Adaptability|LastRespects,AquaJet,Liquidation,Protect|Adamant||M|||50|
|
|t:|1783180773
|teamsize|p1|4
|teamsize|p2|4
|start
|switch|p1a: Farigiraf|Farigiraf, L50, M|100/100
|switch|p1b: Maushold|Maushold, L50|100/100
|switch|p2a: Pelipper|Pelipper, L50, F|100/100
|switch|p2b: Blastoise|Blastoise, L50, F|100/100
|-weather|RainDance|[from] ability: Drizzle|[of] p2a: Pelipper
|turn|1
|
|t:|1783180800
|move|p1a: Farigiraf|Helping Hand|p1b: Maushold
|-singleturn|p1b: Maushold|Helping Hand|[of] p1a: Farigiraf
|move|p1b: Maushold|Population Bomb|p2b: Blastoise
|-damage|p2b: Blastoise|87/100
|-damage|p2b: Blastoise|72/100
|-damage|p2b: Blastoise|58/100
|-hitcount|p2b: Blastoise|3
|move|p2b: Blastoise|Chilling Water|p1a: Farigiraf
|-damage|p1a: Farigiraf|79/100
|-unboost|p1a: Farigiraf|atk|1
|move|p2a: Pelipper|Tailwind|p2a: Pelipper
|-sidestart|p2: scottpilgrim35|move: Tailwind
|
|-weather|RainDance|[upkeep]
|-heal|p2b: Blastoise|64/100|[from] ability: Rain Dish
|upkeep
|turn|2
|
|t:|1783180823
|switch|p2b: Milotic|Milotic, L50, M|100/100
|move|p1b: Maushold|Follow Me|p1b: Maushold
|-singleturn|p1b: Maushold|move: Follow Me
|move|p2a: Pelipper|Hurricane|p1b: Maushold
|-damage|p1b: Maushold|35/100
|move|p1a: Farigiraf|Trick Room|p1a: Farigiraf
|-fieldstart|move: Trick Room|[of] p1a: Farigiraf
|
|-weather|RainDance|[upkeep]
|upkeep
|turn|3
|
|t:|1783180862
|move|p2a: Pelipper|Wide Guard|p2a: Pelipper
|-singleturn|p2a: Pelipper|Wide Guard
|move|p1a: Farigiraf|Twin Beam|p2a: Pelipper
|-damage|p2a: Pelipper|72/100
|-damage|p2a: Pelipper|46/100
|-hitcount|p2a: Pelipper|2
|move|p1b: Maushold|Population Bomb|p2a: Pelipper
|-damage|p2a: Pelipper|35/100
|-damage|p2a: Pelipper|24/100
|-damage|p2a: Pelipper|12/100
|-damage|p2a: Pelipper|1/100
|-damage|p2a: Pelipper|0 fnt
|faint|p2a: Pelipper
|-hitcount|p2: Pelipper|5
|move|p2b: Milotic|Recover||[still]
|-fail|p2b: Milotic|heal
|
|-weather|RainDance|[upkeep]
|upkeep
|
|t:|1783180883
|switch|p2a: Blastoise|Blastoise, L50, F|64/100
|turn|4
|
|t:|1783180905
|move|p2a: Blastoise|Fake Out||[still]
|cant|p1a: Farigiraf|ability: Armor Tail|Fake Out|[of] p2a: Blastoise
|move|p1b: Maushold|Follow Me|p1b: Maushold
|-singleturn|p1b: Maushold|move: Follow Me
|move|p1a: Farigiraf|Twin Beam|p2a: Blastoise
|-damage|p2a: Blastoise|51/100
|-damage|p2a: Blastoise|37/100
|-enditem|p2a: Blastoise|Sitrus Berry|[eat]
|-heal|p2a: Blastoise|62/100|[from] item: Sitrus Berry
|-hitcount|p2a: Blastoise|2
|move|p2b: Milotic|Ice Beam|p1b: Maushold
|-damage|p1b: Maushold|0 fnt
|faint|p1b: Maushold
|
|-weather|RainDance|[upkeep]
|-heal|p2a: Blastoise|68/100|[from] ability: Rain Dish
|-sideend|p2: scottpilgrim35|move: Tailwind
|upkeep
|
|t:|1783180910
|switch|p1b: Torkoal|Torkoal, L50, F|100/100
|-weather|SunnyDay|[from] ability: Drought|[of] p1b: Torkoal
|turn|5
|
|t:|1783180932
|move|p1a: Farigiraf|Helping Hand|p1b: Torkoal
|-singleturn|p1b: Torkoal|Helping Hand|[of] p1a: Farigiraf
|move|p1b: Torkoal|Eruption|p2b: Milotic|[spread] p2a,p2b
|-resisted|p2a: Blastoise|1
|-resisted|p2b: Milotic|1
|-damage|p2a: Blastoise|9/100
|-damage|p2b: Milotic|50/100g
|move|p2a: Blastoise|Aqua Tail|p1b: Torkoal
|-supereffective|p1b: Torkoal|1
|-damage|p1b: Torkoal|81/100
|move|p2b: Milotic|Hydro Pump|p1a: Farigiraf
|-damage|p1a: Farigiraf|61/100
|
|-weather|SunnyDay|[upkeep]
|-heal|p2b: Milotic|56/100|[from] item: Leftovers
|upkeep
|turn|6
|
|t:|1783180958
|move|p1b: Torkoal|Eruption|p2a: Blastoise|[spread] p2a,p2b
|-resisted|p2a: Blastoise|1
|-resisted|p2b: Milotic|1
|-damage|p2a: Blastoise|0 fnt
|-damage|p2b: Milotic|29/100
|faint|p2a: Blastoise
|move|p1a: Farigiraf|Twin Beam|p2b: Milotic
|-damage|p2b: Milotic|17/100
|-damage|p2b: Milotic|5/100
|-hitcount|p2b: Milotic|2
|move|p2b: Milotic|Ice Beam|p1a: Farigiraf
|-damage|p1a: Farigiraf|37/100
|-enditem|p1a: Farigiraf|Sitrus Berry|[eat]
|-heal|p1a: Farigiraf|61/100|[from] item: Sitrus Berry
|
|-weather|SunnyDay|[upkeep]
|-heal|p2b: Milotic|11/100|[from] item: Leftovers
|-fieldend|move: Trick Room
|upkeep
|l|☆scottpilgrim35
|player|p2|
|inactive|Battle timer is ON: inactive players will automatically lose when time's up. (requested by K-TrachoVgc2189)
|inactive|scottpilgrim35 has 30 seconds to reconnect!
|inactive|scottpilgrim35 has 20 seconds to reconnect!
|inactive|scottpilgrim35 has 15 seconds to reconnect!
|inactive|scottpilgrim35 has 10 seconds to reconnect!
|inactive|scottpilgrim35 has 5 seconds to reconnect!
|-message|scottpilgrim35 lost due to inactivity.
|
|win|K-TrachoVgc2189
|raw|K-TrachoVgc2189's rating: 1000 → 1043(+43 for winning)
|raw|scottpilgrim35's rating: 1022 → 1008(-14 for losing)
