|j|☆amazon-kai
|j|☆IndianCrackCoffee
|html|amazon-kaiIndianCrackCoffee    
|uhtml|bestof|Game 1 of a best-of-3
|t:|1756485874
|gametype|doubles
|player|p1|amazon-kai|idol|1100
|player|p2|IndianCrackCoffee|brendan-masters|1066
|gen|9
|tier|[Gen 9] VGC 2025 Reg H (Bo3)
|rated|
|rule|Species Clause: Limit one of each Pokémon
|rule|Item Clause: Limit 1 of each item
|clearpoke
|poke|p1|Gholdengo, L50|
|poke|p1|Basculegion, L50, M|
|poke|p1|Rillaboom, L50, M|
|poke|p1|Volcarona, L50, M|
|poke|p1|Salamence, L50, M|
|poke|p1|Kingambit, L50, F|
|poke|p2|Dragonite, L50, F|
|poke|p2|Ursaluna-Bloodmoon, L50, M|
|poke|p2|Archaludon, L50, F|
|poke|p2|Whimsicott, L50, M|
|poke|p2|Gholdengo, L50|
|poke|p2|Incineroar, L50, F|
|teampreview|4
|showteam|p1|Gholdengo||LifeOrb|GoodasGold|Protect,ShadowBall,MakeItRain,NastyPlot||||||50|,,,,,Water]Basculegion||ChoiceScarf|Adaptability|WaveCrash,FlipTurn,LastRespects,IcyWind|||M|||50|,,,,,Ghost]Rillaboom||AssaultVest|GrassySurge|FakeOut,GrassyGlide,WoodHammer,HighHorsepower|||M|||50|,,,,,Fire]Volcarona||CovertCloak|FlameBody|RagePowder,TeraBlast,HeatWave,QuiverDance|||M|||50|,,,,,Fairy]Salamence||MirrorHerb|Intimidate|DualWingbeat,BrickBreak,BreakingSwipe,Protect|||M|||50|,,,,,Fighting]Kingambit||BlackGlasses|Defiant|Protect,SwordsDance,SuckerPunch,KowtowCleave|||F|||50|,,,,,Dark
|showteam|p2|Dragonite||LoadedDice|Multiscale|ScaleShot,ExtremeSpeed,IceSpinner,Protect|||F|||50|,,,,,Fairy]Ursaluna-Bloodmoon||AssaultVest|MindsEye|BloodMoon,HyperVoice,EarthPower,VacuumWave|||M|||50|,,,,,Water]Archaludon||PowerHerb|Sturdy|ElectroShot,FlashCannon,DracoMeteor,Protect|||F|||50|,,,,,Stellar]Whimsicott||CovertCloak|Prankster|FakeTears,Tailwind,Encore,Moonblast|||M|||50|,,,,,Poison]Gholdengo||ChoiceSpecs|GoodasGold|MakeItRain,ShadowBall,PowerGem,SteelBeam||||||50|,,,,,Steel]Incineroar||MirrorHerb|Intimidate|FakeOut,PartingShot,KnockOff,FlareBlitz|||F|||50|,,,,,Ghost
|inactive|Battle timer is ON: inactive players will automatically lose when time's up. (requested by amazon-kai)
|
|t:|1756485952
|teamsize|p1|4
|teamsize|p2|4
|start
|switch|p1a: Basculegion|Basculegion, L50, M|100/100
|switch|p1b: Salamence|Salamence, L50, M|100/100
|switch|p2a: Gholdengo|Gholdengo, L50|100/100
|switch|p2b: Incineroar|Incineroar, L50, F|100/100
|-ability|p1b: Salamence|Intimidate|boost
|-unboost|p2a: Gholdengo|atk|1
|-unboost|p2b: Incineroar|atk|1
|-ability|p2b: Incineroar|Intimidate|boost
|-unboost|p1a: Basculegion|atk|1
|-unboost|p1b: Salamence|atk|1
|turn|1
|inactive|amazon-kai has 30 seconds left.
|
|t:|1756485981
|switch|p2b: Whimsicott|Whimsicott, L50, M|100/100
|-terastallize|p2a: Gholdengo|Steel
|move|p1b: Salamence|Protect|p1b: Salamence
|-singleturn|p1b: Salamence|Protect
|move|p1a: Basculegion|Flip Turn|p2a: Gholdengo
|-damage|p2a: Gholdengo|72/100
|
|t:|1756485999
|switch|p1a: Rillaboom|Rillaboom, L50, M|100/100|[from] Flip Turn
|-fieldstart|move: Grassy Terrain|[from] ability: Grassy Surge|[of] p1a: Rillaboom
|move|p2a: Gholdengo|Make It Rain|p1a: Rillaboom|[spread] p1a
|-activate|p1b: Salamence|move: Protect
|-damage|p1a: Rillaboom|33/100
|-unboost|p2a: Gholdengo|spa|1
|
|-heal|p2a: Gholdengo|78/100|[from] Grassy Terrain
|-heal|p1a: Rillaboom|40/100|[from] Grassy Terrain
|upkeep
|turn|2
|inactive|IndianCrackCoffee has 30 seconds left.
|inactive|amazon-kai has 30 seconds left.
|
|t:|1756486038
|switch|p1a: Basculegion|Basculegion, L50, M|100/100
|-terastallize|p1b: Salamence|Fighting
|move|p2b: Whimsicott|Encore|p1b: Salamence
|-start|p1b: Salamence|Encore
|move|p1b: Salamence|Protect||[still]
|-fail|p1b: Salamence
|move|p2a: Gholdengo|Make It Rain|p1a: Basculegion|[spread] p1a,p1b
|-resisted|p1a: Basculegion
|-damage|p1a: Basculegion|60/100
|-damage|p1b: Salamence|29/100
|-unboost|p2a: Gholdengo|spa|1
|
|-heal|p1a: Basculegion|67/100|[from] Grassy Terrain
|-heal|p1b: Salamence|35/100|[from] Grassy Terrain
|-heal|p2a: Gholdengo|85/100|[from] Grassy Terrain
|upkeep
|turn|3
|
|t:|1756486057
|move|p1b: Salamence|Protect|p1b: Salamence
|-singleturn|p1b: Salamence|Protect
|move|p2b: Whimsicott|Tailwind|p2b: Whimsicott
|-sidestart|p2: IndianCrackCoffee|move: Tailwind
|move|p2a: Gholdengo|Make It Rain|p1a: Basculegion|[spread] p1a
|-activate|p1b: Salamence|move: Protect
|-resisted|p1a: Basculegion
|-damage|p1a: Basculegion|37/100
|-unboost|p2a: Gholdengo|spa|1
|move|p1a: Basculegion|Wave Crash|p2a: Gholdengo
|-damage|p2a: Gholdengo|0 fnt
|faint|p2a: Gholdengo
|-damage|p1a: Basculegion|14/100|[from] Recoil
|
|-heal|p1a: Basculegion|20/100|[from] Grassy Terrain
|-heal|p1b: Salamence|41/100|[from] Grassy Terrain
|upkeep
|
|t:|1756486073
|switch|p2a: Archaludon|Archaludon, L50, F|100/100
|turn|4
|
|t:|1756486084
|switch|p1a: Rillaboom|Rillaboom, L50, M|40/100
|switch|p1b: Gholdengo|Gholdengo, L50|100/100
|move|p2b: Whimsicott|Moonblast|p1b: Gholdengo
|-resisted|p1b: Gholdengo
|-crit|p1b: Gholdengo
|-damage|p1b: Gholdengo|77/100
|-unboost|p1b: Gholdengo|spa|1
|move|p2a: Archaludon|Electro Shot||[still]
|-prepare|p2a: Archaludon|Electro Shot
|-boost|p2a: Archaludon|spa|1
|-enditem|p2a: Archaludon|Power Herb
|-anim|p2a: Archaludon|Electro Shot|p1a: Rillaboom
|-resisted|p1a: Rillaboom
|-damage|p1a: Rillaboom|13/100
|
|-heal|p1b: Gholdengo|83/100|[from] Grassy Terrain
|-heal|p1a: Rillaboom|19/100|[from] Grassy Terrain
|upkeep
|turn|5
|
|t:|1756486104
|move|p2b: Whimsicott|Moonblast|p1a: Rillaboom
|-damage|p1a: Rillaboom|0 fnt
|faint|p1a: Rillaboom
|move|p2a: Archaludon|Flash Cannon|p1b: Gholdengo
|-resisted|p1b: Gholdengo
|-damage|p1b: Gholdengo|48/100
|move|p1b: Gholdengo|Nasty Plot|p1b: Gholdengo
|-boost|p1b: Gholdengo|spa|2
|
|-heal|p1b: Gholdengo|54/100|[from] Grassy Terrain
|-fieldend|move: Grassy Terrain
|upkeep
|
|t:|1756486111
|switch|p1a: Salamence|Salamence, L50, M, tera:Fighting|41/100
|-ability|p1a: Salamence|Intimidate|boost
|-unboost|p2a: Archaludon|atk|1
|-unboost|p2b: Whimsicott|atk|1
|turn|6
|
|t:|1756486121
|move|p2b: Whimsicott|Moonblast|p1a: Salamence
|-supereffective|p1a: Salamence
|-damage|p1a: Salamence|0 fnt
|faint|p1a: Salamence
|move|p2a: Archaludon|Draco Meteor|p1b: Gholdengo
|-resisted|p1b: Gholdengo
|-damage|p1b: Gholdengo|0 fnt
|-unboost|p2a: Archaludon|spa|2
|faint|p1b: Gholdengo
|
|-sideend|p2: IndianCrackCoffee|move: Tailwind
|upkeep
|-message|amazon-kai forfeited.
|
|win|IndianCrackCoffee
||amazon-kai is ready for game 2.
