|j|☆zephyr1807
|j|☆NyulaDraws
|html|zephyr1807NyulaDraws    
|uhtml|bestof|Game 1 of a best-of-3
|t:|1783438239
|gametype|doubles
|player|p1|zephyr1807|170|1085
|player|p2|NyulaDraws|backpacker|1106
|gen|9
|tier|[Gen 9 Champions] VGC 2026 Reg M-B (Bo3)
|rated|
|rule|Species Clause: Limit one of each Pokémon
|rule|Item Clause: Limit 1 of each item
|clearpoke
|poke|p1|Charizard, L50, M, shiny|
|poke|p1|Whimsicott, L50, M|
|poke|p1|Metagross, L50|
|poke|p1|Basculegion, L50, M|
|poke|p1|Garchomp, L50, F|
|poke|p1|Sneasler, L50, F|
|poke|p2|Blastoise, L50, M|
|poke|p2|Delphox, L50, M, shiny|
|poke|p2|Incineroar, L50, M|
|poke|p2|Sneasler, L50, M|
|poke|p2|Sinistcha, L50|
|poke|p2|Maushold-Four, L50|
|teampreview|4
|showteam|p1|Charizard||CharizarditeY|Blaze|Protect,SolarBeam,HeatWave,ScorchingSands|Modest||M|||50|]Whimsicott||FocusSash|Prankster|Encore,Tailwind,Moonblast,Protect|Timid||M|||50|]Metagross||Leftovers|ClearBody|Protect,PsychicFangs,BulletPunch,IronHead|Adamant|||||50|]Basculegion||ExpertBelt|Adaptability|AquaJet,LastRespects,WaveCrash,Protect|Jolly||M|||50|]Garchomp||SitrusBerry|RoughSkin|DragonClaw,Protect,Earthquake,RockSlide|Jolly||F|||50|]Sneasler||WhiteHerb|Unburden|FakeOut,DireClaw,CloseCombat,Protect|Jolly||F|||50|
|showteam|p2|Blastoise||Blastoisinite|RainDish|WaterSpout,DarkPulse,ShellSmash,Protect|Modest||M|||50|]Delphox||Delphoxite|Blaze|HeatWave,Psyshock,NastyPlot,Protect|Timid||M|||50|]Incineroar||SitrusBerry|Intimidate|FakeOut,FlareBlitz,ThroatChop,PartingShot|Impish||M|||50|]Sneasler||FocusSash|PoisonTouch|FakeOut,CloseCombat,DireClaw,QuickGuard|Jolly||M|||50|]Sinistcha||KasibBerry|Hospitality|MatchaGotcha,LifeDew,RagePowder,Protect|Bold|||||50|]Maushold-Four||ChopleBerry|FriendGuard|SuperFang,Feint,FollowMe,SunnyDay|Impish|||||50|
|
|t:|1783438275
|teamsize|p1|4
|teamsize|p2|4
|start
|switch|p1a: Sneasler|Sneasler, L50, F|100/100
|switch|p1b: Whimsicott|Whimsicott, L50, M|100/100
|switch|p2a: Maushold|Maushold-Four, L50|100/100
|switch|p2b: Blastoise|Blastoise, L50, M|100/100
|turn|1
|inactive|Battle timer is ON: inactive players will automatically lose when time's up. (requested by NyulaDraws)
|
|t:|1783438297
|detailschange|p2b: Blastoise|Blastoise-Mega, L50, M
|-mega|p2b: Blastoise|Blastoise|Blastoisinite
|move|p1a: Sneasler|Fake Out|p2b: Blastoise
|-damage|p2b: Blastoise|89/100
|move|p2a: Maushold|Follow Me|p2a: Maushold
|-singleturn|p2a: Maushold|move: Follow Me
|move|p1b: Whimsicott|Tailwind|p1b: Whimsicott
|-sidestart|p1: zephyr1807|move: Tailwind
|cant|p2b: Blastoise|flinch
|
|upkeep
|turn|2
|
|t:|1783438315
|move|p1a: Sneasler|Protect|p1a: Sneasler
|-singleturn|p1a: Sneasler|Protect
|move|p2a: Maushold|Follow Me|p2a: Maushold
|-singleturn|p2a: Maushold|move: Follow Me
|move|p1b: Whimsicott|Encore|p2a: Maushold
|-start|p2a: Maushold|Encore
|move|p2b: Blastoise|Shell Smash|p2b: Blastoise
|-unboost|p2b: Blastoise|def|1
|-unboost|p2b: Blastoise|spd|1
|-boost|p2b: Blastoise|atk|2
|-boost|p2b: Blastoise|spa|2
|-boost|p2b: Blastoise|spe|2
|
|upkeep
|turn|3
|
|t:|1783438330
|switch|p2a: Incineroar|Incineroar, L50, M|100/100
|-ability|p2a: Incineroar|Intimidate|boost
|-unboost|p1a: Sneasler|atk|1
|-unboost|p1b: Whimsicott|atk|1
|-enditem|p1a: Sneasler|White Herb
|-clearnegativeboost|p1a: Sneasler|[silent]
|move|p2b: Blastoise|Protect|p2b: Blastoise
|-singleturn|p2b: Blastoise|Protect
|move|p1b: Whimsicott|Encore|p2b: Blastoise
|-activate|p2b: Blastoise|move: Protect
|move|p1a: Sneasler|Close Combat|p2a: Incineroar
|-supereffective|p2a: Incineroar|1
|-crit|p2a: Incineroar
|-damage|p2a: Incineroar|0 fnt
|-unboost|p1a: Sneasler|def|1
|-unboost|p1a: Sneasler|spd|1
|faint|p2a: Incineroar
|
|upkeep
|
|t:|1783438346
|switch|p2a: Sinistcha|Sinistcha, L50|100/100
|-heal|p2b: Blastoise|100/100|[from] ability: Hospitality|[of] p2a: Sinistcha
|turn|4
|
|t:|1783438363
|switch|p1a: Metagross|Metagross, L50|100/100
|move|p2a: Sinistcha|Rage Powder|p2a: Sinistcha
|-singleturn|p2a: Sinistcha|move: Rage Powder
|move|p1b: Whimsicott|Encore|p2b: Blastoise
|-start|p2b: Blastoise|Encore
|move|p2b: Blastoise|Protect||[still]
|-fail|p2b: Blastoise
|
|-sideend|p1: zephyr1807|move: Tailwind
|upkeep
|turn|5
|
|t:|1783438384
|move|p2b: Blastoise|Protect|p2b: Blastoise
|-singleturn|p2b: Blastoise|Protect
|move|p1b: Whimsicott|Tailwind|p1b: Whimsicott
|-sidestart|p1: zephyr1807|move: Tailwind
|move|p1a: Metagross|Psychic Fangs|p2b: Blastoise
|-activate|p2b: Blastoise|move: Protect
|move|p2a: Sinistcha|Matcha Gotcha|p1a: Metagross|[spread] p1a,p1b
|-resisted|p1a: Metagross|1
|-resisted|p1b: Whimsicott|1
|-damage|p1a: Metagross|85/100
|-damage|p1b: Whimsicott|84/100
|-status|p1a: Metagross|brn
|
|-heal|p1a: Metagross|91/100 brn|[from] item: Leftovers
|-damage|p1a: Metagross|85/100 brn|[from] brn
|upkeep
|turn|6
|
|t:|1783438404
|move|p2b: Blastoise|Protect|p2b: Blastoise
|-singleturn|p2b: Blastoise|Protect
|move|p1b: Whimsicott|Moonblast|p2b: Blastoise
|-activate|p2b: Blastoise|move: Protect
|move|p1a: Metagross|Psychic Fangs|p2b: Blastoise
|-activate|p2b: Blastoise|move: Protect
|move|p2a: Sinistcha|Life Dew||[still]|[still]|[spread] 
|-fail|p2a: Sinistcha|heal
|-fail|p2b: Blastoise|heal
|
|-heal|p1a: Metagross|91/100 brn|[from] item: Leftovers
|-damage|p1a: Metagross|85/100 brn|[from] brn
|-end|p2b: Blastoise|Encore
|upkeep
|turn|7
|
|t:|1783438427
|move|p1b: Whimsicott|Encore|p2b: Blastoise
|-start|p2b: Blastoise|Encore
|move|p2b: Blastoise|Protect|p2b: Blastoise
|-singleturn|p2b: Blastoise|Protect
|move|p1a: Metagross|Psychic Fangs|p2a: Sinistcha
|-damage|p2a: Sinistcha|79/100
|move|p2a: Sinistcha|Matcha Gotcha|p1a: Metagross|[spread] p1a,p1b
|-resisted|p1a: Metagross|1
|-resisted|p1b: Whimsicott|1
|-damage|p1a: Metagross|69/100 brn
|-heal|p2a: Sinistcha|86/100|[from] drain|[of] p1a: Metagross
|-damage|p1b: Whimsicott|65/100
|-heal|p2a: Sinistcha|94/100|[from] drain|[of] p1b: Whimsicott
|
|-heal|p1a: Metagross|75/100 brn|[from] item: Leftovers
|-damage|p1a: Metagross|69/100 brn|[from] brn
|upkeep
|turn|8
|inactive|zephyr1807 has 30 seconds left.
|inactive|NyulaDraws has 30 seconds left.
|inactive|NyulaDraws has 20 seconds left.
|
|t:|1783438462
|move|p2b: Blastoise|Protect||[still]
|-fail|p2b: Blastoise
|move|p1b: Whimsicott|Moonblast|p2b: Blastoise
|-damage|p2b: Blastoise|55/100
|move|p1a: Metagross|Psychic Fangs|p2b: Blastoise
|-damage|p2b: Blastoise|21/100
|move|p2a: Sinistcha|Matcha Gotcha|p1a: Metagross|[spread] p1a,p1b
|-resisted|p1a: Metagross|1
|-resisted|p1b: Whimsicott|1
|-damage|p1a: Metagross|55/100 brn
|-heal|p2a: Sinistcha|100/100|[from] drain|[of] p1a: Metagross
|-damage|p1b: Whimsicott|49/100
|-status|p1b: Whimsicott|brn
|
|-heal|p1a: Metagross|61/100 brn|[from] item: Leftovers
|-damage|p1b: Whimsicott|43/100 brn|[from] brn
|-damage|p1a: Metagross|55/100 brn|[from] brn
|-sideend|p1: zephyr1807|move: Tailwind
|upkeep
|turn|9
|inactive|zephyr1807 has 30 seconds left.
|
|t:|1783438494
|move|p2b: Blastoise|Protect|p2b: Blastoise
|-singleturn|p2b: Blastoise|Protect
|move|p2a: Sinistcha|Rage Powder|p2a: Sinistcha
|-singleturn|p2a: Sinistcha|move: Rage Powder
|move|p1b: Whimsicott|Tailwind|p1b: Whimsicott
|-sidestart|p1: zephyr1807|move: Tailwind
|move|p1a: Metagross|Iron Head|p2a: Sinistcha
|-damage|p2a: Sinistcha|79/100
|
|-heal|p1a: Metagross|61/100 brn|[from] item: Leftovers
|-damage|p1b: Whimsicott|37/100 brn|[from] brn
|-damage|p1a: Metagross|55/100 brn|[from] brn
|-end|p2b: Blastoise|Encore
|upkeep
|turn|10
|
|t:|1783438513
|move|p2b: Blastoise|Protect|p2b: Blastoise
|-singleturn|p2b: Blastoise|Protect
|move|p2a: Sinistcha|Rage Powder|p2a: Sinistcha
|-singleturn|p2a: Sinistcha|move: Rage Powder
|move|p1b: Whimsicott|Encore|p2b: Blastoise
|-activate|p2b: Blastoise|move: Protect
|move|p1a: Metagross|Psychic Fangs|p2a: Sinistcha
|-damage|p2a: Sinistcha|57/100
|
|-heal|p1a: Metagross|61/100 brn|[from] item: Leftovers
|-damage|p1b: Whimsicott|31/100 brn|[from] brn
|-damage|p1a: Metagross|55/100 brn|[from] brn
|upkeep
|turn|11
|
|t:|1783438527
|move|p1b: Whimsicott|Encore||[still]
|-fail|p1b: Whimsicott
|move|p2b: Blastoise|Dark Pulse|p1a: Metagross
|-supereffective|p1a: Metagross|1
|-damage|p1a: Metagross|0 fnt
|faint|p1a: Metagross
|move|p2a: Sinistcha|Life Dew|p2a: Sinistcha|[spread] p2a,p2b
|-heal|p2a: Sinistcha|82/100
|-heal|p2b: Blastoise|46/100
|
|-damage|p1b: Whimsicott|24/100 brn|[from] brn
|upkeep
|
|t:|1783438542
|switch|p1a: Sneasler|Sneasler, L50, F|100/100
|turn|12
|
|t:|1783438549
|move|p1a: Sneasler|Fake Out|p2b: Blastoise
|-damage|p2b: Blastoise|23/100
|move|p2a: Sinistcha|Rage Powder|p2a: Sinistcha
|-singleturn|p2a: Sinistcha|move: Rage Powder
|move|p1b: Whimsicott|Moonblast|p2a: Sinistcha
|-damage|p2a: Sinistcha|55/100
|cant|p2b: Blastoise|flinch
|
|-damage|p1b: Whimsicott|18/100 brn|[from] brn
|-sideend|p1: zephyr1807|move: Tailwind
|upkeep
|turn|13
|
|t:|1783438564
|move|p1b: Whimsicott|Tailwind|p1b: Whimsicott
|-sidestart|p1: zephyr1807|move: Tailwind
|move|p1a: Sneasler|Close Combat|p2b: Blastoise
|-damage|p2b: Blastoise|0 fnt
|-unboost|p1a: Sneasler|def|1
|-unboost|p1a: Sneasler|spd|1
|faint|p2b: Blastoise
|move|p2a: Sinistcha|Life Dew|p2a: Sinistcha
|-heal|p2a: Sinistcha|80/100
|
|-damage|p1b: Whimsicott|12/100 brn|[from] brn
|upkeep
|
|t:|1783438572
|switch|p2b: Maushold|Maushold-Four, L50|100/100
|turn|14
|
|t:|1783438585
|switch|p1a: Basculegion|Basculegion, L50, M|100/100
|move|p1b: Whimsicott|Moonblast|p2a: Sinistcha
|-damage|p2a: Sinistcha|60/100
|move|p2b: Maushold|Super Fang|p1a: Basculegion
|-immune|p1a: Basculegion
|move|p2a: Sinistcha|Matcha Gotcha|p1b: Whimsicott|[spread] p1b
|-miss|p2a: Sinistcha|p1a: Basculegion
|-resisted|p1b: Whimsicott|1
|-damage|p1b: Whimsicott|0 fnt
|-heal|p2a: Sinistcha|66/100|[from] drain|[of] p1b: Whimsicott
|faint|p1b: Whimsicott
|
|upkeep
|
|t:|1783438600
|switch|p1b: Sneasler|Sneasler, L50, F|100/100
|turn|15
|
|t:|1783438610
|move|p1b: Sneasler|Fake Out|p2b: Maushold
|-damage|p2b: Maushold|86/100
|move|p1a: Basculegion|Last Respects|p2a: Sinistcha
|-supereffective|p2a: Sinistcha|1
|-enditem|p2a: Sinistcha|Kasib Berry|[eat]
|-enditem|p2a: Sinistcha|Kasib Berry|[weaken]
|-damage|p2a: Sinistcha|2/100
|cant|p2b: Maushold|flinch
|move|p2a: Sinistcha|Matcha Gotcha|p1a: Basculegion|[spread] p1a,p1b
|-supereffective|p1a: Basculegion|1
|-crit|p1a: Basculegion
|-resisted|p1b: Sneasler|1
|-damage|p1a: Basculegion|18/100
|-heal|p2a: Sinistcha|50/100y|[from] drain|[of] p1a: Basculegion
|-damage|p1b: Sneasler|82/100
|-heal|p2a: Sinistcha|57/100|[from] drain|[of] p1b: Sneasler
|
|upkeep
|turn|16
|inactive|NyulaDraws has 30 seconds left.
|
|t:|1783438637
|move|p2b: Maushold|Follow Me|p2b: Maushold
|-singleturn|p2b: Maushold|move: Follow Me
|move|p1b: Sneasler|Close Combat|p2b: Maushold
|-supereffective|p2b: Maushold|1
|-enditem|p2b: Maushold|Chople Berry|[eat]
|-enditem|p2b: Maushold|Chople Berry|[weaken]
|-damage|p2b: Maushold|23/100
|-unboost|p1b: Sneasler|def|1
|-unboost|p1b: Sneasler|spd|1
|move|p1a: Basculegion|Last Respects|p2b: Maushold
|-immune|p2b: Maushold
|move|p2a: Sinistcha|Matcha Gotcha|p1b: Sneasler|[spread] p1b
|-miss|p2a: Sinistcha|p1a: Basculegion
|-resisted|p1b: Sneasler|1
|-damage|p1b: Sneasler|57/100
|-heal|p2a: Sinistcha|69/100|[from] drain|[of] p1b: Sneasler
|
|-sideend|p1: zephyr1807|move: Tailwind
|upkeep
|turn|17
|inactive|zephyr1807 has 30 seconds left.
|inactive|NyulaDraws has 30 seconds left.
|
|t:|1783438670
|move|p1b: Sneasler|Close Combat|p2b: Maushold
|-supereffective|p2b: Maushold|1
|-damage|p2b: Maushold|0 fnt
|-unboost|p1b: Sneasler|def|1
|-unboost|p1b: Sneasler|spd|1
|faint|p2b: Maushold
|move|p1a: Basculegion|Last Respects|p2a: Sinistcha
|-supereffective|p2a: Sinistcha|1
|-damage|p2a: Sinistcha|0 fnt
|faint|p2a: Sinistcha
|
|win|zephyr1807
||zephyr1807 is ready for game 2.
|inactive|NyulaDraws has 30 seconds to confirm battle start!
|c|☆NyulaDraws|2 misses so unlucky
||NyulaDraws is ready for game 2.
|uhtml|next|Next: Game 2 of 3
|l|☆zephyr1807
|player|p1|
