|j|☆mangeurdetopcut
|j|☆umbreoffxd
|html|mangeurdetopcutumbreoffxd    
|uhtml|bestof|Game 1 of a best-of-3
|t:|1756667257
|gametype|doubles
|player|p1|mangeurdetopcut|170|1000
|player|p2|umbreoffxd|ingo-hisui|1080
|gen|9
|tier|[Gen 9] VGC 2025 Reg H (Bo3)
|rated|
|rule|Species Clause: Limit one of each Pokémon
|rule|Item Clause: Limit 1 of each item
|clearpoke
|poke|p1|Sneasler, L50, F|
|poke|p1|Indeedee, L50, M|
|poke|p1|Volcarona, L50, F|
|poke|p1|Ursaluna-Bloodmoon, L50, M|
|poke|p1|Annihilape, L50, F|
|poke|p1|Tyranitar, L50, M|
|poke|p2|Ninetales-Alola, L50, F|
|poke|p2|Ursaluna-Bloodmoon, L50, M|
|poke|p2|Baxcalibur, L50, M|
|poke|p2|Incineroar, L50, F|
|poke|p2|Whimsicott, L50, M|
|poke|p2|Gholdengo, L50|
|teampreview|4
|showteam|p1|Sneasler||PsychicSeed|Unburden|CloseCombat,DireClaw,ThroatChop,Protect|||F|||50|,,,,,Dark]Indeedee||ChoiceScarf|PsychicSurge|ExpandingForce,TeraBlast,Trick,Protect|||M|||50|,,,,,Psychic]Volcarona||SitrusBerry|FlameBody|Overheat,StruggleBug,RagePowder,Tailwind|||F|||50|,,,,,Grass]Ursaluna-Bloodmoon||LifeOrb|MindsEye|BloodMoon,HyperVoice,EarthPower,Protect|||M|||50|,,,,,Normal]Annihilape||SafetyGoggles|Defiant|CloseCombat,RageFist,Taunt,FinalGambit|||F|||50|,,,,,Fairy]Tyranitar||AssaultVest|SandStream|RockSlide,KnockOff,TeraBlast,LowKick|||M|||50|,,,,,Flying
|showteam|p2|Ninetales-Alola||FocusSash|SnowWarning|FreezeDry,Blizzard,AuroraVeil,Protect|||F|||50|,,,,,Ghost]Ursaluna-Bloodmoon||SilkScarf|MindsEye|BloodMoon,EarthPower,HyperVoice,Protect|||M|||50|,,,,,Water]Baxcalibur||LoadedDice|ThermalExchange|IcicleSpear,ScaleShot,IceShard,Protect|||M|||50|,,,,,Ghost]Incineroar||AssaultVest|Intimidate|Uturn,FakeOut,FlareBlitz,KnockOff|||F|||50|,,,,,Ghost]Whimsicott||CovertCloak|Prankster|Moonblast,Encore,Tailwind,MistyTerrain|||M|||50|,,,,,Steel]Gholdengo||LifeOrb|GoodasGold|MakeItRain,ShadowBall,NastyPlot,Protect||||||50|,,,,,Water
|inactive|Battle timer is ON: inactive players will automatically lose when time's up. (requested by mangeurdetopcut)
|
|t:|1756667302
|teamsize|p1|4
|teamsize|p2|4
|start
|switch|p1a: Sneasler|Sneasler, L50, F|100/100
|switch|p1b: Indeedee|Indeedee, L50, M|100/100
|switch|p2a: Whimsicott|Whimsicott, L50, M, shiny|100/100
|switch|p2b: Baxcalibur|Baxcalibur, L50, M, shiny|100/100
|-fieldstart|move: Psychic Terrain|[from] ability: Psychic Surge|[of] p1b: Indeedee
|-enditem|p1a: Sneasler|Psychic Seed
|-boost|p1a: Sneasler|spd|1|[from] item: Psychic Seed
|turn|1
|inactive|mangeurdetopcut has 30 seconds left.
|inactive|mangeurdetopcut has 20 seconds left.
|inactive|mangeurdetopcut has 15 seconds left.
|inactive|mangeurdetopcut has 10 seconds left.
|
|t:|1756667350
|-terastallize|p1b: Indeedee|Psychic
|-terastallize|p2b: Baxcalibur|Ghost
|move|p2a: Whimsicott|Misty Terrain|p2a: Whimsicott
|-fieldstart|move: Misty Terrain
|move|p1a: Sneasler|Dire Claw|p2b: Baxcalibur
|-resisted|p2b: Baxcalibur
|-damage|p2b: Baxcalibur|79/100
|move|p1b: Indeedee|Expanding Force|p2b: Baxcalibur
|-damage|p2b: Baxcalibur|22/100
|move|p2b: Baxcalibur|Scale Shot|p1a: Sneasler
|-crit|p1a: Sneasler
|-damage|p1a: Sneasler|81/100
|-damage|p1a: Sneasler|68/100
|-damage|p1a: Sneasler|54/100
|-damage|p1a: Sneasler|42/100
|-damage|p1a: Sneasler|30/100
|-hitcount|p1a: Sneasler|5
|-unboost|p2b: Baxcalibur|def|1
|-boost|p2b: Baxcalibur|spe|1
|
|upkeep
|turn|2
|inactive|mangeurdetopcut has 30 seconds left.
|inactive|umbreoffxd has 30 seconds left.
|inactive|mangeurdetopcut has 20 seconds left.
|inactive|umbreoffxd has 20 seconds left.
|inactive|mangeurdetopcut has 15 seconds left.
|inactive|umbreoffxd has 15 seconds left.
|
|t:|1756667395
|move|p1a: Sneasler|Protect|p1a: Sneasler
|-singleturn|p1a: Sneasler|Protect
|move|p2a: Whimsicott|Tailwind|p2a: Whimsicott
|-sidestart|p2: umbreoffxd|move: Tailwind
|move|p2b: Baxcalibur|Icicle Spear|p1b: Indeedee
|-damage|p1b: Indeedee|69/100
|-damage|p1b: Indeedee|37/100
|-damage|p1b: Indeedee|6/100
|-damage|p1b: Indeedee|0 fnt
|faint|p1b: Indeedee
|-hitcount|p1: Indeedee|4
|
|upkeep
|
|t:|1756667417
|switch|p1b: Annihilape|Annihilape, L50, F|100/100
|turn|3
|
|t:|1756667433
|move|p2a: Whimsicott|Encore|p1a: Sneasler
|-start|p1a: Sneasler|Encore
|move|p2b: Baxcalibur|Icicle Spear|p1b: Annihilape
|-damage|p1b: Annihilape|84/100
|-damage|p1b: Annihilape|67/100
|-damage|p1b: Annihilape|50/100
|-damage|p1b: Annihilape|34/100
|-hitcount|p1b: Annihilape|4
|move|p1a: Sneasler|Protect||[still]
|-fail|p1a: Sneasler
|move|p1b: Annihilape|Rage Fist|p2b: Baxcalibur
|-supereffective|p2b: Baxcalibur
|-damage|p2b: Baxcalibur|0 fnt
|faint|p2b: Baxcalibur
|
|upkeep
|
|t:|1756667445
|switch|p2b: Gholdengo|Gholdengo, L50|100/100
|turn|4
|
|t:|1756667461
|switch|p1a: Volcarona|Volcarona, L50, F|100/100
|move|p2a: Whimsicott|Moonblast|p1a: Volcarona
|-resisted|p1a: Volcarona
|-damage|p1a: Volcarona|87/100
|move|p2b: Gholdengo|Shadow Ball|p1b: Annihilape
|-supereffective|p1b: Annihilape
|-damage|p1b: Annihilape|0 fnt
|faint|p1b: Annihilape
|-damage|p2b: Gholdengo|91/100|[from] item: Life Orb
|
|upkeep
|
|t:|1756667471
|switch|p1b: Sneasler|Sneasler, L50, F|30/100
|turn|5
|inactive|umbreoffxd has 30 seconds left.
|
|t:|1756667496
|move|p2a: Whimsicott|Moonblast|p1b: Sneasler
|-damage|p1b: Sneasler|0 fnt
|faint|p1b: Sneasler
|move|p2b: Gholdengo|Make It Rain|p1a: Volcarona
|-resisted|p1a: Volcarona
|-damage|p1a: Volcarona|46/100
|-unboost|p2b: Gholdengo|spa|1
|-enditem|p1a: Volcarona|Sitrus Berry|[eat]
|-heal|p1a: Volcarona|71/100|[from] item: Sitrus Berry
|-damage|p2b: Gholdengo|82/100|[from] item: Life Orb
|move|p1a: Volcarona|Overheat|p2b: Gholdengo
|-supereffective|p2b: Gholdengo
|-damage|p2b: Gholdengo|0 fnt
|-unboost|p1a: Volcarona|spa|2
|faint|p2b: Gholdengo
|
|-sideend|p2: umbreoffxd|move: Tailwind
|-fieldend|Misty Terrain
|upkeep
|
|t:|1756667505
|switch|p2b: Ursaluna|Ursaluna-Bloodmoon, L50, M|100/100
|turn|6
|
|t:|1756667515
|move|p2a: Whimsicott|Tailwind|p2a: Whimsicott
|-sidestart|p2: umbreoffxd|move: Tailwind
|move|p2b: Ursaluna|Blood Moon|p1a: Volcarona
|-damage|p1a: Volcarona|0 fnt
|faint|p1a: Volcarona
|
|win|umbreoffxd
||umbreoffxd is ready for game 2.
||mangeurdetopcut is ready for game 2.
|uhtml|next|Next: Game 2 of 3
