|j|☆boyoohboy
|j|☆floettefan670
|html|boyoohboyfloettefan670    
|uhtml|bestof|Game 1 of a best-of-3
|t:|1783868905
|gametype|doubles
|player|p1|boyoohboy|1|1081
|player|p2|floettefan670|miku-psychic|1081
|gen|9
|tier|[Gen 9 Champions] VGC 2026 Reg M-B (Bo3)
|rated|
|rule|Species Clause: Limit one of each Pokémon
|rule|Item Clause: Limit 1 of each item
|clearpoke
|poke|p1|Basculegion, L50, M|
|poke|p1|Sneasler, L50, F|
|poke|p1|Dragonite, L50, M|
|poke|p1|Ninetales-Alola, L50, F|
|poke|p1|Kingambit, L50, M|
|poke|p1|Froslass, L50, F|
|poke|p2|Floette-Eternal, L50, F|
|poke|p2|Delphox, L50, M|
|poke|p2|Garchomp, L50, F|
|poke|p2|Sneasler, L50, F|
|poke|p2|Sinistcha, L50|
|poke|p2|Incineroar, L50, F|
|teampreview|4
|showteam|p1|Basculegion||SitrusBerry|Adaptability|Protect,WaveCrash,AquaJet,LastRespects|Adamant||M|||50|]Sneasler||FocusSash|Unburden|RockSlide,CloseCombat,DireClaw,FakeOut|Adamant||F|||50|]Dragonite||Dragoninite|Multiscale|DragonPulse,HeatWave,ExtremeSpeed,Tailwind|Modest||M|||50|]Ninetales-Alola||NeverMeltIce|SnowWarning|Blizzard,FreezeDry,RainDance,AuroraVeil|Timid||F|||50|]Kingambit||ChopleBerry|Defiant|KowtowCleave,SuckerPunch,IronHead,LowKick|Adamant||M|||50|]Froslass||Froslassite|SnowCloak|Blizzard,FrostBreath,ShadowBall,AuroraVeil|Timid||F|||50|
|showteam|p2|Floette-Eternal||Floettite|FlowerVeil|Protect,CalmMind,DazzlingGleam,DrainingKiss|Modest||F|||50|]Delphox||Delphoxite|Blaze|HeatWave,Psychic,NastyPlot,Protect|Timid||M|||50|]Garchomp||ChoiceScarf|RoughSkin|RockTomb,Earthquake,StompingTantrum,DragonClaw|Adamant||F|||50|]Sneasler||FocusSash|PoisonTouch|FakeOut,PoisonJab,CloseCombat,QuickGuard|Jolly||F|||50|]Sinistcha||KasibBerry|Hospitality|MatchaGotcha,RagePowder,Protect,TrickRoom|Calm|||||50|]Incineroar||SitrusBerry|Intimidate|FakeOut,FlareBlitz,ThroatChop,PartingShot|Impish||F|||50|
|
|t:|1783868984
|teamsize|p1|4
|teamsize|p2|4
|start
|switch|p1a: Basculegion|Basculegion, L50, M|100/100
|switch|p1b: Sneasler|Sneasler, L50, F|100/100
|switch|p2a: Delphox|Delphox, L50, M|100/100
|switch|p2b: Sinistcha|Sinistcha, L50|100/100
|turn|1
|inactive|Battle timer is ON: inactive players will automatically lose when time's up. (requested by boyoohboy)
|
|t:|1783869002
|move|p2a: Delphox|Protect|p2a: Delphox
|-singleturn|p2a: Delphox|Protect
|move|p1a: Basculegion|Protect|p1a: Basculegion
|-singleturn|p1a: Basculegion|Protect
|move|p2b: Sinistcha|Protect|p2b: Sinistcha
|-singleturn|p2b: Sinistcha|Protect
|move|p1b: Sneasler|Rock Slide|p2b: Sinistcha|[spread] 
|-activate|p2a: Delphox|move: Protect
|-activate|p2b: Sinistcha|move: Protect
|
|upkeep
|turn|2
|inactive|floettefan670 has 30 seconds left.
|
|t:|1783869030
|switch|p2a: Incineroar|Incineroar, L50, F|100/100
|-ability|p2a: Incineroar|Intimidate|boost
|-unboost|p1a: Basculegion|atk|1
|-unboost|p1b: Sneasler|atk|1
|move|p1b: Sneasler|Dire Claw|p2b: Sinistcha
|-damage|p2b: Sinistcha|70/100
|move|p1a: Basculegion|Wave Crash|p2a: Incineroar
|-supereffective|p2a: Incineroar|1
|-damage|p2a: Incineroar|28/100
|-enditem|p2a: Incineroar|Sitrus Berry|[eat]
|-heal|p2a: Incineroar|53/100|[from] item: Sitrus Berry
|-damage|p1a: Basculegion|76/100|[from] Recoil
|move|p2b: Sinistcha|Matcha Gotcha|p1a: Basculegion|[spread] p1a,p1b
|-supereffective|p1a: Basculegion|1
|-resisted|p1b: Sneasler|1
|-damage|p1a: Basculegion|30/100
|-heal|p2b: Sinistcha|97/100|[from] drain|[of] p1a: Basculegion
|-damage|p1b: Sneasler|84/100
|-heal|p2b: Sinistcha|100/100|[from] drain|[of] p1b: Sneasler
|-status|p1a: Basculegion|brn
|-enditem|p1a: Basculegion|Sitrus Berry|[eat]
|-heal|p1a: Basculegion|55/100 brn|[from] item: Sitrus Berry
|
|-damage|p1a: Basculegion|49/100 brn|[from] brn
|upkeep
|turn|3
|inactive|boyoohboy has 30 seconds left.
|inactive|floettefan670 has 30 seconds left.
|inactive|floettefan670 has 20 seconds left.
|
|t:|1783869067
|switch|p1a: Dragonite|Dragonite, L50, M|100/100
|move|p1b: Sneasler|Close Combat|p2a: Incineroar
|-supereffective|p2a: Incineroar|1
|-damage|p2a: Incineroar|0 fnt
|-unboost|p1b: Sneasler|def|1
|-unboost|p1b: Sneasler|spd|1
|faint|p2a: Incineroar
|move|p2b: Sinistcha|Matcha Gotcha|p1b: Sneasler|[spread] p1b
|-miss|p2b: Sinistcha|p1a: Dragonite
|-resisted|p1b: Sneasler|1
|-damage|p1b: Sneasler|59/100
|
|upkeep
|
|t:|1783869075
|switch|p2a: Delphox|Delphox, L50, M|100/100
|turn|4
|inactive|floettefan670 has 30 seconds left.
|
|t:|1783869101
|switch|p2b: Garchomp|Garchomp, L50, F|100/100
|detailschange|p2a: Delphox|Delphox-Mega, L50, M
|-mega|p2a: Delphox|Delphox|Delphoxite
|detailschange|p1a: Dragonite|Dragonite-Mega, L50, M
|-mega|p1a: Dragonite|Dragonite|Dragoninite
|move|p2a: Delphox|Heat Wave|p1b: Sneasler|[spread] p1a,p1b
|-resisted|p1a: Dragonite|1
|-damage|p1a: Dragonite|92/100
|-damage|p1b: Sneasler|0 fnt
|faint|p1b: Sneasler
|move|p1a: Dragonite|Tailwind|p1a: Dragonite
|-sidestart|p1: boyoohboy|move: Tailwind
|
|upkeep
|
|t:|1783869111
|switch|p1b: Froslass|Froslass, L50, F|100/100
|turn|5
|
|t:|1783869128
|move|p1b: Froslass|Shadow Ball|p2a: Delphox
|-supereffective|p2a: Delphox|1
|-damage|p2a: Delphox|42/100
|move|p1a: Dragonite|Dragon Pulse|p2b: Garchomp
|-supereffective|p2b: Garchomp|1
|-damage|p2b: Garchomp|0 fnt
|faint|p2b: Garchomp
|move|p2a: Delphox|Nasty Plot|p2a: Delphox
|-boost|p2a: Delphox|spa|2
|
|upkeep
|
|t:|1783869134
|switch|p2b: Sinistcha|Sinistcha, L50|100/100
|-heal|p2a: Delphox|67/100|[from] ability: Hospitality|[of] p2b: Sinistcha
|turn|6
|
|t:|1783869147
|move|p2a: Delphox|Protect|p2a: Delphox
|-singleturn|p2a: Delphox|Protect
|move|p2b: Sinistcha|Protect|p2b: Sinistcha
|-singleturn|p2b: Sinistcha|Protect
|move|p1b: Froslass|Shadow Ball|p2a: Delphox
|-activate|p2a: Delphox|move: Protect
|move|p1a: Dragonite|Dragon Pulse|p2a: Delphox
|-activate|p2a: Delphox|move: Protect
|
|upkeep
|turn|7
|
|t:|1783869163
|move|p2b: Sinistcha|Rage Powder|p2b: Sinistcha
|-singleturn|p2b: Sinistcha|move: Rage Powder
|move|p1b: Froslass|Shadow Ball|p2b: Sinistcha
|-supereffective|p2b: Sinistcha|1
|-enditem|p2b: Sinistcha|Kasib Berry|[eat]
|-enditem|p2b: Sinistcha|Kasib Berry|[weaken]
|-damage|p2b: Sinistcha|73/100
|move|p1a: Dragonite|Dragon Pulse|p2b: Sinistcha
|-damage|p2b: Sinistcha|26/100
|move|p2a: Delphox|Heat Wave|p1b: Froslass|[spread] p1a,p1b
|-resisted|p1a: Dragonite|1
|-supereffective|p1b: Froslass|1
|-damage|p1a: Dragonite|65/100
|-damage|p1b: Froslass|0 fnt
|faint|p1b: Froslass
|
|-sideend|p1: boyoohboy|move: Tailwind
|upkeep
|
|t:|1783869176
|switch|p1b: Basculegion|Basculegion, L50, M|49/100 brn
|turn|8
|
|t:|1783869184
|move|p2b: Sinistcha|Rage Powder|p2b: Sinistcha
|-singleturn|p2b: Sinistcha|move: Rage Powder
|move|p2a: Delphox|Psychic|p1a: Dragonite
|-damage|p1a: Dragonite|0 fnt
|faint|p1a: Dragonite
|move|p1b: Basculegion|Wave Crash|p2b: Sinistcha
|-resisted|p2b: Sinistcha|1
|-damage|p2b: Sinistcha|12/100
|-damage|p1b: Basculegion|44/100 brn|[from] Recoil
|
|-damage|p1b: Basculegion|39/100 brn|[from] brn
|upkeep
|turn|9
|c|☆boyoohboy|ggs
|
|t:|1783869197
|move|p2b: Sinistcha|Rage Powder|p2b: Sinistcha
|-singleturn|p2b: Sinistcha|move: Rage Powder
|move|p2a: Delphox|Psychic|p1b: Basculegion
|-damage|p1b: Basculegion|0 fnt
|faint|p1b: Basculegion
|
|win|floettefan670
