|j|☆Atrix MJ
|j|☆shminki
|html|Atrix MJshminki    
|uhtml|bestof|Game 3 of a best-of-3
|t:|1755977894
|gametype|doubles
|player|p1|Atrix MJ|miku-fire|1177
|player|p2|shminki|ethan|1240
|gen|9
|tier|[Gen 9] VGC 2025 Reg H (Bo3)
|rated|
|rule|Species Clause: Limit one of each Pokémon
|rule|Item Clause: Limit 1 of each item
|clearpoke
|poke|p1|Archaludon, L50, M|
|poke|p1|Pelipper, L50, F|
|poke|p1|Mimikyu, L50, M|
|poke|p1|Incineroar, L50, M|
|poke|p1|Ursaluna, L50, F|
|poke|p1|Amoonguss, L50, F|
|poke|p2|Farigiraf, L50, M|
|poke|p2|Ursaluna, L50, F|
|poke|p2|Amoonguss, L50, M|
|poke|p2|Gholdengo, L50|
|poke|p2|Incineroar, L50, F|
|poke|p2|Hydreigon, L50, M|
|teampreview|4
|showteam|p1|Archaludon||AssaultVest|Stamina|ElectroShot,Snarl,FlashCannon,DragonPulse|||M|||50|,,,,,Electric]Pelipper||FocusSash|Drizzle|Hurricane,WeatherBall,Protect,Tailwind|||F|||50|,,,,,Stellar]Mimikyu||LifeOrb|Disguise|PlayRough,ShadowSneak,TrickRoom,Curse|||M|||50|,,,,,Steel]Incineroar||SafetyGoggles|Intimidate|FlareBlitz,KnockOff,FakeOut,PartingShot|||M|||50|,,,,,Ghost]Ursaluna||FlameOrb|Guts|Facade,HeadlongRush,Earthquake,Protect|||F|||50|,,,,,Ghost]Amoonguss||RockyHelmet|Regenerator|Spore,RagePowder,SludgeBomb,PollenPuff|||F|||50|,,,,,Dark
|showteam|p2|Farigiraf||ThroatSpray|ArmorTail|Psychic,HyperVoice,TrickRoom,Protect|||M|||50|,,,,,Normal]Ursaluna||FlameOrb|Guts|HeadlongRush,Facade,Earthquake,Protect|||F|||50|,,,,,Ghost]Amoonguss||MentalHerb|Regenerator|PollenPuff,Spore,RagePowder,Protect|||M|||50|,,,,,Dark]Gholdengo||ChoiceSpecs|GoodasGold|MakeItRain,ShadowBall,DazzlingGleam,Trick||||||50|,,,,,Water]Incineroar||SafetyGoggles|Intimidate|FakeOut,FlareBlitz,KnockOff,PartingShot|||F|||50|,,,,,Ghost]Hydreigon||CovertCloak|Levitate|DracoMeteor,DarkPulse,Tailwind,Protect|||M|||50|,,,,,Fire
|inactive|Battle timer is ON: inactive players will automatically lose when time's up. (requested by shminki)
|
|t:|1755977908
|teamsize|p1|4
|teamsize|p2|4
|start
|switch|p1a: Incineroar|Incineroar, L50, M|100/100
|switch|p1b: Mimikyu|Mimikyu, L50, M|100/100
|switch|p2a: Hydreigon|Hydreigon, L50, M|100/100
|switch|p2b: Ursaluna|Ursaluna, L50, F|100/100
|-ability|p1a: Incineroar|Intimidate|boost
|-unboost|p2a: Hydreigon|atk|1
|-unboost|p2b: Ursaluna|atk|1
|turn|1
|
|t:|1755977920
|switch|p2a: Farigiraf|Farigiraf, L50, M|100/100
|move|p2b: Ursaluna|Headlong Rush|p1a: Incineroar
|-supereffective|p1a: Incineroar
|-damage|p1a: Incineroar|16/100
|-unboost|p2b: Ursaluna|def|1
|-unboost|p2b: Ursaluna|spd|1
|move|p1a: Incineroar|Knock Off|p2b: Ursaluna
|-damage|p2b: Ursaluna|48/100
|-enditem|p2b: Ursaluna|Flame Orb|[from] move: Knock Off|[of] p1a: Incineroar
|move|p1b: Mimikyu|Trick Room|p1b: Mimikyu
|-fieldstart|move: Trick Room|[of] p1b: Mimikyu
|
|upkeep
|turn|2
|
|t:|1755977943
|switch|p2b: Hydreigon|Hydreigon, L50, M|100/100
|-terastallize|p2a: Farigiraf|Normal
|-terastallize|p1a: Incineroar|Ghost
|move|p2a: Farigiraf|Hyper Voice|p1a: Incineroar|[spread] 
|-immune|p1a: Incineroar
|-immune|p1b: Mimikyu
|move|p1a: Incineroar|Parting Shot|p2a: Farigiraf
|-unboost|p2a: Farigiraf|atk|1
|-unboost|p2a: Farigiraf|spa|1
|
|t:|1755977951
|switch|p1a: Ursaluna|Ursaluna, L50, F, shiny|100/100|[from] Parting Shot
|move|p1b: Mimikyu|Play Rough|p2b: Hydreigon
|-supereffective|p2b: Hydreigon
|-damage|p2b: Hydreigon|0 fnt
|faint|p2b: Hydreigon
|-damage|p1b: Mimikyu|91/100|[from] item: Life Orb
|
|-status|p1a: Ursaluna|brn|[from] item: Flame Orb
|upkeep
|
|t:|1755977960
|switch|p2b: Ursaluna|Ursaluna, L50, F|48/100
|turn|3
|c|☆Atrix MJ|Ur bear is so weird
|c|☆shminki|its marco silvas XD
|
|t:|1755977974
|switch|p1b: Incineroar|Incineroar, L50, M, tera:Ghost|16/100
|-ability|p1b: Incineroar|Intimidate|boost
|-unboost|p2a: Farigiraf|atk|1
|-unboost|p2b: Ursaluna|atk|1
|move|p1a: Ursaluna|Facade|p2a: Farigiraf
|-damage|p2a: Farigiraf|0 fnt
|faint|p2a: Farigiraf
|move|p2b: Ursaluna|Facade|p1a: Ursaluna
|-damage|p1a: Ursaluna|80/100 brn
|
|-damage|p1a: Ursaluna|74/100 brn|[from] brn
|upkeep
|
|t:|1755977979
|switch|p2a: Gholdengo|Gholdengo, L50|100/100
|turn|4
|
|t:|1755977986
|move|p1b: Incineroar|Fake Out|p2b: Ursaluna
|-damage|p2b: Ursaluna|38/100
|move|p1a: Ursaluna|Headlong Rush|p2a: Gholdengo
|-supereffective|p2a: Gholdengo
|-damage|p2a: Gholdengo|0 fnt
|-unboost|p1a: Ursaluna|def|1
|-unboost|p1a: Ursaluna|spd|1
|faint|p2a: Gholdengo
|cant|p2b: Ursaluna|flinch
|
|-damage|p1a: Ursaluna|68/100 brn|[from] brn
|upkeep
|turn|5
|-message|shminki forfeited.
|
|win|Atrix MJ
|raw|Atrix MJ's rating: 1177 → 1206(+29 for winning)
|raw|shminki's rating: 1240 → 1211(-29 for losing)
|l|☆shminki
|player|p2|
|c|☆Atrix MJ|Ggs
