|j|☆trevYAH
|j|☆Andrea Pirlo 2
|html|trevYAHAndrea Pirlo 2    
|uhtml|bestof|Game 1 of a best-of-3
|t:|1784129894
|gametype|doubles
|player|p1|trevYAH|trevor|1370
|player|p2|Andrea Pirlo 2|lucas|1429
|gen|9
|tier|[Gen 9 Champions] VGC 2026 Reg M-B (Bo3)
|rated|
|rule|Species Clause: Limit one of each Pokémon
|rule|Item Clause: Limit 1 of each item
|clearpoke
|poke|p1|Froslass, L50, F|
|poke|p1|Dragonite, L50, F|
|poke|p1|Toxapex, L50, M|
|poke|p1|Sneasler, L50, F|
|poke|p1|Kingambit, L50, M|
|poke|p1|Blaziken, L50, M|
|poke|p2|Charizard, L50, F|
|poke|p2|Venusaur, L50, F|
|poke|p2|Grimmsnarl, L50, M|
|poke|p2|Archaludon, L50, F|
|poke|p2|Pelipper, L50, F|
|poke|p2|Swampert, L50, M|
|teampreview|4
|showteam|p1|Froslass||Froslassite|CursedBody|Blizzard,ShadowBall,AuroraVeil,Protect|Timid||F|||50|]Dragonite||LifeOrb|InnerFocus|DragonClaw,ExtremeSpeed,LowKick,Protect|Adamant||F|||50|]Toxapex||Leftovers|Regenerator|Infestation,Toxic,WideGuard,BanefulBunker|Impish||M|||50|]Sneasler||FocusSash|PoisonTouch|CloseCombat,PoisonJab,FakeOut,Protect|Jolly||F|||50|]Kingambit||BlackGlasses|Defiant|KowtowCleave,SwordsDance,SuckerPunch,Protect|Adamant||M|||50|]Blaziken||Blazikenite|SpeedBoost|CloseCombat,FlareBlitz,RockSlide,Protect|Adamant||M|||50|
|showteam|p2|Charizard||CharizarditeY|Blaze|HeatWave,WeatherBall,Hurricane,Protect|Modest||F|||50|]Venusaur||FocusSash|Chlorophyll|EnergyBall,SludgeBomb,EarthPower,SleepPowder|Modest||F|||50|]Grimmsnarl||LightClay|Prankster|SpiritBreak,PartingShot,Reflect,LightScreen|Careful||M|||50|]Archaludon||Leftovers|Stamina|ElectroShot,DragonPulse,FlashCannon,Protect|Modest||F|||50|]Pelipper||SitrusBerry|Drizzle|WeatherBall,Hurricane,Tailwind,Protect|Modest||F|||50|]Swampert||Swampertite|Torrent|WaveCrash,HighHorsepower,IcePunch,Protect|Adamant||M|||50|
|inactive|Battle timer is ON: inactive players will automatically lose when time's up. (requested by Andrea Pirlo 2)
|inactive|trevYAH has 60 seconds left.
|
|t:|1784129957
|teamsize|p1|4
|teamsize|p2|4
|start
|switch|p1a: Sneasler|Sneasler, L50, F|100/100
|switch|p1b: Blaziken|Blaziken, L50, M|100/100
|switch|p2a: Grimmsnarl|Grimmsnarl, L50, M|100/100
|switch|p2b: Swampert|Swampert, L50, M|100/100
|turn|1
|
|t:|1784129977
|detailschange|p2b: Swampert|Swampert-Mega, L50, M
|-mega|p2b: Swampert|Swampert|Swampertite
|move|p1a: Sneasler|Fake Out|p2b: Swampert
|-crit|p2b: Swampert
|-damage|p2b: Swampert|82/100
|move|p2a: Grimmsnarl|Reflect|p2a: Grimmsnarl
|-sidestart|p2: Andrea Pirlo 2|Reflect
|move|p1b: Blaziken|Close Combat|p2a: Grimmsnarl
|-damage|p2a: Grimmsnarl|55/100
|-unboost|p1b: Blaziken|def|1
|-unboost|p1b: Blaziken|spd|1
|cant|p2b: Swampert|flinch
|
|-ability|p1b: Blaziken|Speed Boost|boost
|-boost|p1b: Blaziken|spe|1
|upkeep
|turn|2
|
|t:|1784129993
|move|p2a: Grimmsnarl|Parting Shot|p1a: Sneasler
|-unboost|p1a: Sneasler|atk|1
|-unboost|p1a: Sneasler|spa|1
|
|t:|1784129998
|switch|p2a: Pelipper|Pelipper, L50, F|100/100|[from] Parting Shot
|-weather|RainDance|[from] ability: Drizzle|[of] p2a: Pelipper
|move|p2b: Swampert|High Horsepower|p1b: Blaziken
|-supereffective|p1b: Blaziken|1
|-damage|p1b: Blaziken|0 fnt
|faint|p1b: Blaziken
|move|p1a: Sneasler|Close Combat|p2b: Swampert
|-damage|p2b: Swampert|55/100
|-unboost|p1a: Sneasler|def|1
|-unboost|p1a: Sneasler|spd|1
|
|-weather|RainDance|[upkeep]
|upkeep
|
|t:|1784130005
|switch|p1b: Froslass|Froslass, L50, F|100/100
|turn|3
|
|t:|1784130010
|switch|p2a: Grimmsnarl|Grimmsnarl, L50, M|55/100
|detailschange|p1b: Froslass|Froslass-Mega, L50, F
|-mega|p1b: Froslass|Froslass|Froslassite
|-weather|Snowscape|[from] ability: Snow Warning|[of] p1b: Froslass
|move|p1a: Sneasler|Close Combat|p2b: Swampert
|-damage|p2b: Swampert|31/100
|-unboost|p1a: Sneasler|def|1
|-unboost|p1a: Sneasler|spd|1
|move|p1b: Froslass|Aurora Veil|p1b: Froslass
|-sidestart|p1: trevYAH|move: Aurora Veil
|move|p2b: Swampert|Ice Punch|p1a: Sneasler
|-damage|p1a: Sneasler|26/100
|
|-weather|Snowscape|[upkeep]
|upkeep
|turn|4
|
|t:|1784130027
|switch|p1a: Kingambit|Kingambit, L50, M|100/100
|move|p2a: Grimmsnarl|Parting Shot|p1b: Froslass
|-unboost|p1b: Froslass|atk|1
|-unboost|p1b: Froslass|spa|1
|
|t:|1784130035
|switch|p2a: Pelipper|Pelipper, L50, F|100/100|[from] Parting Shot
|-weather|RainDance|[from] ability: Drizzle|[of] p2a: Pelipper
|move|p2b: Swampert|Ice Punch|p1a: Kingambit
|-resisted|p1a: Kingambit|1
|-damage|p1a: Kingambit|92/100
|-status|p1a: Kingambit|frz
|move|p1b: Froslass|Blizzard|p2b: Swampert|[spread] p2a,p2b
|-damage|p2a: Pelipper|67/100
|-damage|p2b: Swampert|7/100
|
|-weather|RainDance|[upkeep]
|upkeep
|turn|5
|
|t:|1784130051
|switch|p1b: Sneasler|Sneasler, L50, F|26/100
|switch|p2a: Archaludon|Archaludon, L50, F|100/100
|-curestatus|p1a: Kingambit|frz|[msg]
|move|p1a: Kingambit|Protect|p1a: Kingambit
|-singleturn|p1a: Kingambit|Protect
|move|p2b: Swampert|Wave Crash|p1b: Sneasler
|-damage|p1b: Sneasler|0 fnt
|faint|p1b: Sneasler
|-damage|p2b: Swampert|0 fnt|[from] Recoil
|faint|p2b: Swampert
|
|-weather|RainDance|[upkeep]
|upkeep
|
|t:|1784130062
|switch|p1b: Froslass|Froslass-Mega, L50, F|100/100
|switch|p2b: Pelipper|Pelipper, L50, F|67/100
|-weather|Snowscape|[from] ability: Snow Warning|[of] p1b: Froslass
|-weather|RainDance|[from] ability: Drizzle|[of] p2b: Pelipper
|turn|6
|
|t:|1784130072
|move|p1b: Froslass|Blizzard|p2a: Archaludon|[spread] p2b
|-miss|p1b: Froslass|p2a: Archaludon
|-damage|p2b: Pelipper|22/100
|-enditem|p2b: Pelipper|Sitrus Berry|[eat]
|-heal|p2b: Pelipper|46/100|[from] item: Sitrus Berry
|move|p2a: Archaludon|Electro Shot||[still]
|-prepare|p2a: Archaludon|Electro Shot
|-boost|p2a: Archaludon|spa|1
|-anim|p2a: Archaludon|Electro Shot|p1a: Kingambit
|-damage|p1a: Kingambit|56/100
|move|p2b: Pelipper|Tailwind|p2b: Pelipper
|-sidestart|p2: Andrea Pirlo 2|move: Tailwind
|move|p1a: Kingambit|Swords Dance|p1a: Kingambit
|-boost|p1a: Kingambit|atk|2
|
|-weather|RainDance|[upkeep]
|upkeep
|turn|7
|
|t:|1784130083
|move|p1a: Kingambit|Sucker Punch|p2a: Archaludon
|-damage|p2a: Archaludon|56/100
|-ability|p2a: Archaludon|Stamina|boost
|-boost|p2a: Archaludon|def|1
|move|p2a: Archaludon|Electro Shot||[still]
|-prepare|p2a: Archaludon|Electro Shot
|-boost|p2a: Archaludon|spa|1
|-anim|p2a: Archaludon|Electro Shot|p1a: Kingambit
|-damage|p1a: Kingambit|6/100
|move|p2b: Pelipper|Weather Ball|p1b: Froslass
|-damage|p1b: Froslass|63/100
|move|p1b: Froslass|Blizzard|p2b: Pelipper|[spread] p2b
|-miss|p1b: Froslass|p2a: Archaludon
|-damage|p2b: Pelipper|1/100
|
|-weather|RainDance|[upkeep]
|-heal|p2a: Archaludon|62/100|[from] item: Leftovers
|-sideend|p1: trevYAH|move: Aurora Veil
|upkeep
|turn|8
|
|t:|1784130104
|move|p1a: Kingambit|Sucker Punch|p2b: Pelipper
|-damage|p2b: Pelipper|0 fnt
|faint|p2b: Pelipper
|move|p2a: Archaludon|Flash Cannon|p1b: Froslass
|-supereffective|p1b: Froslass|1
|-damage|p1b: Froslass|0 fnt
|faint|p1b: Froslass
|
|-weather|RainDance|[upkeep]
|-heal|p2a: Archaludon|68/100|[from] item: Leftovers
|-sideend|p2: Andrea Pirlo 2|Reflect
|upkeep
|
|t:|1784130106
|switch|p2b: Grimmsnarl|Grimmsnarl, L50, M|55/100
|turn|9
|
|t:|1784130112
|move|p1a: Kingambit|Sucker Punch|p2a: Archaludon
|-damage|p2a: Archaludon|22/100
|-ability|p2a: Archaludon|Stamina|boost
|-boost|p2a: Archaludon|def|1
|move|p2a: Archaludon|Flash Cannon|p1a: Kingambit
|-resisted|p1a: Kingambit|1
|-damage|p1a: Kingambit|0 fnt
|faint|p1a: Kingambit
|
|win|Andrea Pirlo 2
