|j|☆erporros
|j|☆Luh_simoes-04
|html|erporrosLuh_simoes-04    
|uhtml|bestof|Game 1 of a best-of-3
|t:|1757811754
|gametype|doubles
|player|p1|erporros|blackbelt-gen4dp|1189
|player|p2|Luh_simoes-04|drayden|1264
|gen|9
|tier|[Gen 9] VGC 2025 Reg H (Bo3)
|rated|
|rule|Species Clause: Limit one of each Pokémon
|rule|Item Clause: Limit 1 of each item
|clearpoke
|poke|p1|Comfey, L50, M|
|poke|p1|Rillaboom, L50, F|
|poke|p1|Magmar, L50, M|
|poke|p1|Gholdengo, L50|
|poke|p1|Tauros-Paldea-Aqua, L50, M|
|poke|p1|Hydreigon, L50, F|
|poke|p2|Armarouge, L50, F|
|poke|p2|Ursaluna-Bloodmoon, L50, M|
|poke|p2|Indeedee-F, L50, F|
|poke|p2|Tsareena, L50, F|
|poke|p2|Primarina, L50, F|
|poke|p2|Gallade, L50, M|
|teampreview|4
|showteam|p1|Comfey||GrassySeed|Triage|DrainingKiss,CalmMind,Protect,TeraBlast|||M|||50|,,,,,Water]Rillaboom||MiracleSeed|GrassySurge|Uturn,FakeOut,GrassyGlide,WoodHammer|||F|||50|,,,,,Fire]Magmar||Eviolite|VitalSpirit|FollowMe,WillOWisp,Overheat,Protect|||M|||50|,,,,,Ghost]Gholdengo||MetalCoat|GoodasGold|MakeItRain,NastyPlot,Protect,ShadowBall||||||50|,,,,,Steel]Tauros-Paldea-Aqua||MirrorHerb|Intimidate|WaveCrash,AquaJet,CloseCombat,Protect|||M|||50|,,,,,Water]Hydreigon||RazorClaw|Levitate|DracoMeteor,Snarl,FocusEnergy,Protect|||F|||50|,,,,,Ghost
|showteam|p2|Armarouge||PowerHerb|FlashFire|ArmorCannon,ExpandingForce,MeteorBeam,TrickRoom|||F|||50|,,,,,Grass]Ursaluna-Bloodmoon||LifeOrb|MindsEye|HyperVoice,BloodMoon,EarthPower,Protect|||M|||50|,,,,,Normal]Indeedee-F||MentalHerb|PsychicSurge|Psychic,HelpingHand,FollowMe,TrickRoom|||F|||50|,,,,,Fairy]Tsareena||WideLens|QueenlyMajesty|PowerWhip,TripleAxel,Taunt,Protect|||F|||50|,,,,,Ice]Primarina||ThroatSpray|LiquidVoice|HyperVoice,Moonblast,Haze,Protect|||F|||50|,,,,,Steel]Gallade||SafetyGoggles|Sharpness|SacredSword,PsychoCut,WideGuard,TrickRoom|||M|||50|,,,,,Water
|inactive|Battle timer is ON: inactive players will automatically lose when time's up. (requested by Luh_simoes-04)
|
|t:|1757811774
|teamsize|p1|4
|teamsize|p2|4
|start
|switch|p1a: Hydreigon|Hydreigon, L50, F|100/100
|switch|p1b: Comfey|Comfey, L50, M|100/100
|switch|p2a: Indeedee|Indeedee-F, L50, F|100/100
|switch|p2b: Armarouge|Armarouge, L50, F|100/100
|-fieldstart|move: Psychic Terrain|[from] ability: Psychic Surge|[of] p2a: Indeedee
|turn|1
|
|t:|1757811786
|-terastallize|p2b: Armarouge|Grass
|move|p1a: Hydreigon|Snarl|p2b: Armarouge|[spread] p2a,p2b
|-supereffective|p2a: Indeedee
|-crit|p2a: Indeedee
|-damage|p2a: Indeedee|42/100
|-damage|p2b: Armarouge|80/100
|-unboost|p2a: Indeedee|spa|1
|-unboost|p2b: Armarouge|spa|1
|move|p1b: Comfey|Calm Mind|p1b: Comfey
|-boost|p1b: Comfey|spa|1
|-boost|p1b: Comfey|spd|1
|move|p2b: Armarouge|Meteor Beam||[still]
|-prepare|p2b: Armarouge|Meteor Beam
|-boost|p2b: Armarouge|spa|1
|-enditem|p2b: Armarouge|Power Herb
|-anim|p2b: Armarouge|Meteor Beam|p1a: Hydreigon
|-damage|p1a: Hydreigon|51/100
|move|p2a: Indeedee|Trick Room|p2a: Indeedee
|-fieldstart|move: Trick Room|[of] p2a: Indeedee
|
|upkeep
|turn|2
|
|t:|1757811810
|move|p2a: Indeedee|Follow Me|p2a: Indeedee
|-singleturn|p2a: Indeedee|move: Follow Me
|move|p2b: Armarouge|Armor Cannon|p1a: Hydreigon
|-resisted|p1a: Hydreigon
|-damage|p1a: Hydreigon|13/100
|-unboost|p2b: Armarouge|def|1
|-unboost|p2b: Armarouge|spd|1
|move|p1b: Comfey|Calm Mind|p1b: Comfey
|-boost|p1b: Comfey|spa|1
|-boost|p1b: Comfey|spd|1
|move|p1a: Hydreigon|Snarl|p2a: Indeedee|[spread] p2a,p2b
|-supereffective|p2a: Indeedee
|-damage|p2a: Indeedee|1/100
|-damage|p2b: Armarouge|44/100
|-unboost|p2a: Indeedee|spa|1
|-unboost|p2b: Armarouge|spa|1
|
|upkeep
|turn|3
|
|t:|1757811831
|switch|p1a: Rillaboom|Rillaboom, L50, F|100/100
|-fieldstart|move: Grassy Terrain|[from] ability: Grassy Surge|[of] p1a: Rillaboom
|-enditem|p1b: Comfey|Grassy Seed
|-boost|p1b: Comfey|def|1|[from] item: Grassy Seed
|move|p2a: Indeedee|Helping Hand|p2b: Armarouge
|-singleturn|p2b: Armarouge|Helping Hand|[of] p2a: Indeedee
|move|p1b: Comfey|Draining Kiss|p2b: Armarouge
|-damage|p2b: Armarouge|0 fnt
|faint|p2b: Armarouge
|
|-heal|p2a: Indeedee|7/100|[from] Grassy Terrain
|upkeep
|
|t:|1757811842
|switch|p2b: Gallade|Gallade, L50, M|100/100
|turn|4
|
|t:|1757811853
|switch|p2a: Tsareena|Tsareena, L50, F|100/100
|move|p1b: Comfey|Draining Kiss||[still]
|cant|p2a: Tsareena|ability: Queenly Majesty|Draining Kiss|[of] p1b: Comfey
|move|p1a: Rillaboom|Fake Out||[still]
|cant|p2a: Tsareena|ability: Queenly Majesty|Fake Out|[of] p1a: Rillaboom
|move|p2b: Gallade|Psycho Cut|p1b: Comfey
|-damage|p1b: Comfey|58/100
|
|-heal|p1b: Comfey|64/100|[from] Grassy Terrain
|upkeep
|turn|5
|
|t:|1757811869
|move|p2b: Gallade|Psycho Cut|p1b: Comfey
|-damage|p1b: Comfey|21/100
|move|p2a: Tsareena|Triple Axel|p1b: Comfey
|-damage|p1b: Comfey|14/100
|-damage|p1b: Comfey|2/100
|-damage|p1b: Comfey|0 fnt
|faint|p1b: Comfey
|-hitcount|p1: Comfey|3
|move|p1a: Rillaboom|Wood Hammer|p2b: Gallade
|-damage|p2b: Gallade|0 fnt
|faint|p2b: Gallade
|-damage|p1a: Rillaboom|68/100|[from] Recoil
|
|-heal|p1a: Rillaboom|74/100|[from] Grassy Terrain
|-fieldend|move: Trick Room
|upkeep
|
|t:|1757811882
|switch|p1b: Magmar|Magmar, L50, M|100/100
|switch|p2b: Indeedee|Indeedee-F, L50, F|7/100
|-fieldstart|move: Psychic Terrain|[from] ability: Psychic Surge|[of] p2b: Indeedee
|turn|6
|-message|Luh_simoes-04 forfeited.
|
|win|erporros
|l|☆Luh_simoes-04
|player|p2|
||Luh_simoes-04 is ready for game 2.
||erporros is ready for game 2.
|uhtml|next|Next: Game 2 of 3
