|j|☆FillmooreTJ
|j|☆lukoog
|html|FillmooreTJlukoog    
|uhtml|bestof|Game 2 of a best-of-3
|t:|1783454940
|gametype|doubles
|player|p1|FillmooreTJ|clair|1102
|player|p2|lukoog|265|1064
|gen|9
|tier|[Gen 9 Champions] VGC 2026 Reg M-B (Bo3)
|rated|
|rule|Species Clause: Limit one of each Pokémon
|rule|Item Clause: Limit 1 of each item
|clearpoke
|poke|p1|Raichu, L50, M|
|poke|p1|Basculegion-F, L50, F|
|poke|p1|Ninetales-Alola, L50, M|
|poke|p1|Staraptor, L50, F|
|poke|p1|Arcanine-Hisui, L50, M|
|poke|p1|Tsareena, L50, F|
|poke|p2|Raichu, L50, F|
|poke|p2|Aerodactyl, L50, F, shiny|
|poke|p2|Garchomp, L50, F, shiny|
|poke|p2|Sceptile, L50, M|
|poke|p2|Whimsicott, L50, M|
|poke|p2|Rotom-Wash, L50|
|teampreview|4
|showteam|p1|Raichu||RaichuniteY|LightningRod|FakeOut,Thunder,FocusBlast,Protect|Timid||M|||50|]Basculegion-F||ChoiceScarf|Adaptability|ShadowBall,MuddyWater,FlipTurn,Blizzard|Modest||F|||50|]Ninetales-Alola||NeverMeltIce|SnowWarning|AuroraVeil,Blizzard,Protect,IcyWind|Timid||M|||50|]Staraptor||Staraptite|Intimidate|CloseCombat,Roost,BraveBird,Protect|Adamant||F|||50|]Arcanine-Hisui||ShucaBerry|Intimidate|HeadSmash,FlareBlitz,ExtremeSpeed,Protect|Adamant||M|||50|]Tsareena||SitrusBerry|QueenlyMajesty|TropKick,LowKick,Taunt,Uturn|Adamant||F|||50|
|showteam|p2|Raichu||RaichuniteY|LightningRod|ZapCannon,FocusBlast,FakeOut,Protect|Timid||F|||50|]Aerodactyl||FocusSash|Unnerve|RockSlide,Tailwind,StealthRock,WideGuard|Jolly||F|||50|]Garchomp||SoftSand|RoughSkin|Earthquake,RockSlide,StompingTantrum,Protect|Adamant||F|||50|]Sceptile||Sceptilite|Overgrow|Protect,EnergyBall,DragonPulse,EarthPower|Modest||M|||50|]Whimsicott||YacheBerry|Prankster|Encore,Tailwind,Taunt,Moonblast|Bold||M|||50|]Rotom-Wash||SitrusBerry|Levitate|Discharge,VoltSwitch,WillOWisp,ShadowBall|Timid|||||50|
|
|t:|1783454979
|teamsize|p1|4
|teamsize|p2|4
|start
|switch|p1a: Raichu|Raichu, L50, M|100/100
|switch|p1b: Staraptor|Staraptor, L50, F|100/100
|switch|p2a: Aerodactyl|Aerodactyl, L50, F, shiny|100/100
|switch|p2b: Garchomp|Garchomp, L50, F, shiny|100/100
|-ability|p2a: Aerodactyl|Unnerve
|-ability|p1b: Staraptor|Intimidate|boost
|-unboost|p2a: Aerodactyl|atk|1
|-unboost|p2b: Garchomp|atk|1
|turn|1
|inactive|Battle timer is ON: inactive players will automatically lose when time's up. (requested by lukoog)
|
|t:|1783455009
|detailschange|p1b: Staraptor|Staraptor-Mega, L50, F
|-mega|p1b: Staraptor|Staraptor|Staraptite
|move|p1a: Raichu|Fake Out|p2b: Garchomp
|-damage|p2b: Garchomp|93/100
|-damage|p1a: Raichu|87/100|[from] ability: Rough Skin|[of] p2b: Garchomp
|move|p2a: Aerodactyl|Tailwind|p2a: Aerodactyl
|-sidestart|p2: lukoog|move: Tailwind
|cant|p2b: Garchomp|flinch
|move|p1b: Staraptor|Close Combat|p2a: Aerodactyl
|-enditem|p2a: Aerodactyl|Focus Sash
|-damage|p2a: Aerodactyl|1/100
|-boost|p1b: Staraptor|def|1
|-boost|p1b: Staraptor|spd|1
|
|upkeep
|turn|2
|
|t:|1783455028
|move|p1a: Raichu|Protect|p1a: Raichu
|-singleturn|p1a: Raichu|Protect
|move|p2a: Aerodactyl|Rock Slide|p1b: Staraptor|[spread] 
|-activate|p1a: Raichu|move: Protect
|-miss|p2a: Aerodactyl|p1b: Staraptor
|move|p2b: Garchomp|Earthquake|p1a: Raichu|[spread] 
|-activate|p1a: Raichu|move: Protect
|-immune|p2a: Aerodactyl
|-immune|p1b: Staraptor
|move|p1b: Staraptor|Close Combat|p2a: Aerodactyl
|-damage|p2a: Aerodactyl|0 fnt
|-boost|p1b: Staraptor|def|1
|-boost|p1b: Staraptor|spd|1
|faint|p2a: Aerodactyl
|
|upkeep
|
|t:|1783455032
|switch|p2a: Rotom|Rotom-Wash, L50|100/100
|turn|3
|inactive|FillmooreTJ has 30 seconds left.
|inactive|lukoog has 30 seconds left.
|l|☆lukoog
|inactive|lukoog disconnected and has a minute to reconnect!
|player|p2|
|inactive|lukoog has 20 seconds left.
|inactive|lukoog has 15 seconds left.
|inactive|lukoog has 10 seconds left.
|j|☆lukoog
|inactive|lukoog reconnected and has 10 seconds left.
|player|p2|lukoog|265|
|inactive|lukoog has 5 seconds left.
|
|t:|1783455087
|switch|p1a: Ninetales|Ninetales-Alola, L50, M|100/100
|-weather|Snowscape|[from] ability: Snow Warning|[of] p1a: Ninetales
|move|p1b: Staraptor|Protect|p1b: Staraptor
|-singleturn|p1b: Staraptor|Protect
|move|p2a: Rotom|Discharge|p1a: Ninetales|[spread] p1a
|-activate|p1b: Staraptor|move: Protect
|-immune|p2b: Garchomp
|-damage|p1a: Ninetales|69/100
|move|p2b: Garchomp|Earthquake|p1a: Ninetales|[spread] p1a
|-activate|p1b: Staraptor|move: Protect
|-immune|p2a: Rotom|[from] ability: Levitate
|-damage|p1a: Ninetales|36/100
|
|-weather|Snowscape|[upkeep]
|upkeep
|turn|4
|inactive|FillmooreTJ has 30 seconds left.
|
|t:|1783455119
|move|p2a: Rotom|Discharge|p1b: Staraptor|[spread] p1a,p1b
|-immune|p2b: Garchomp
|-supereffective|p1b: Staraptor|1
|-damage|p1a: Ninetales|4/100
|-damage|p1b: Staraptor|70/100
|-status|p1a: Ninetales|par
|move|p2b: Garchomp|Rock Slide|p1a: Ninetales|[spread] p1a,p1b
|-supereffective|p1a: Ninetales|1
|-damage|p1a: Ninetales|0 fnt
|-damage|p1b: Staraptor|65/100
|faint|p1a: Ninetales
|move|p1b: Staraptor|Close Combat|p2a: Rotom
|-damage|p2a: Rotom|9/100
|-boost|p1b: Staraptor|def|1
|-boost|p1b: Staraptor|spd|1
|-enditem|p2a: Rotom|Sitrus Berry|[eat]
|-heal|p2a: Rotom|33/100|[from] item: Sitrus Berry
|
|-weather|Snowscape|[upkeep]
|-sideend|p2: lukoog|move: Tailwind
|upkeep
|
|t:|1783455140
|switch|p1a: Basculegion|Basculegion-F, L50, F|100/100
|turn|5
|inactive|FillmooreTJ has 30 seconds left.
|
|t:|1783455166
|move|p1a: Basculegion|Shadow Ball|p2a: Rotom
|-damage|p2a: Rotom|0 fnt
|faint|p2a: Rotom
|move|p2b: Garchomp|Earthquake|p1a: Basculegion|[spread] p1a
|-immune|p1b: Staraptor
|-damage|p1a: Basculegion|57/100
|move|p1b: Staraptor|Roost|p1b: Staraptor
|-heal|p1b: Staraptor|100/100
|-singleturn|p1b: Staraptor|move: Roost
|
|-weather|Snowscape|[upkeep]
|upkeep
|
|t:|1783455175
|switch|p2a: Raichu|Raichu, L50, F|100/100
|turn|6
|
|t:|1783455189
|switch|p1a: Raichu|Raichu, L50, M|87/100
|detailschange|p2a: Raichu|Raichu-Mega-Y, L50, F
|-mega|p2a: Raichu|Raichu|Raichunite Y
|move|p2a: Raichu|Fake Out|p1b: Staraptor
|-damage|p1b: Staraptor|96/100
|move|p2b: Garchomp|Stomping Tantrum|p1a: Raichu
|-supereffective|p1a: Raichu|1
|-damage|p1a: Raichu|0 fnt
|faint|p1a: Raichu
|cant|p1b: Staraptor|flinch
|
|-weather|Snowscape|[upkeep]
|upkeep
|
|t:|1783455197
|switch|p1a: Basculegion|Basculegion-F, L50, F|57/100
|turn|7
|
|t:|1783455208
|move|p2a: Raichu|Zap Cannon|p1b: Staraptor
|-supereffective|p1b: Staraptor|1
|-damage|p1b: Staraptor|33/100
|-status|p1b: Staraptor|par
|move|p1a: Basculegion|Blizzard|p2a: Raichu|[spread] p2a,p2b
|-supereffective|p2b: Garchomp|2
|-damage|p2a: Raichu|56/100
|-damage|p2b: Garchomp|0 fnt
|faint|p2b: Garchomp
|move|p1b: Staraptor|Close Combat|p2a: Raichu
|-damage|p2a: Raichu|0 fnt
|-boost|p1b: Staraptor|def|1
|-boost|p1b: Staraptor|spd|1
|faint|p2a: Raichu
|
|win|FillmooreTJ
|inactive|FillmooreTJ has 30 seconds to confirm battle start!
|inactive|lukoog has 30 seconds to confirm battle start!
||FillmooreTJ is ready for game 3.
||lukoog is ready for game 3.
|uhtml|next|Next: Game 3 of 3
|l|☆lukoog
|player|p2|
