|j|☆chudddddd
|j|☆anino23
|html|chuddddddanino23    
|uhtml|bestof|Game 1 of a best-of-3
|t:|1783709915
|gametype|doubles
|player|p1|chudddddd|170|1031
|player|p2|anino23|101|1116
|gen|9
|tier|[Gen 9 Champions] VGC 2026 Reg M-B (Bo3)
|rated|
|rule|Species Clause: Limit one of each Pokémon
|rule|Item Clause: Limit 1 of each item
|clearpoke
|poke|p1|Staraptor, L50, F|
|poke|p1|Gholdengo, L50|
|poke|p1|Incineroar, L50, F|
|poke|p1|Sinistcha, L50|
|poke|p1|Tyranitar, L50, M|
|poke|p1|Whimsicott, L50, M|
|poke|p2|Pyroar, L50, F, shiny|
|poke|p2|Scrafty, L50, F|
|poke|p2|Mamoswine, L50, F|
|poke|p2|Venusaur, L50, F|
|poke|p2|Torkoal, L50, F|
|poke|p2|Farigiraf, L50, M|
|teampreview|4
|showteam|p1|Staraptor||Staraptite|Intimidate|CloseCombat,BraveBird,Protect,Uturn|Jolly||F|||50|]Gholdengo||ExpertBelt|GoodasGold|MakeItRain,ShadowBall,Protect,NastyPlot|Modest|||||50|]Incineroar||SitrusBerry|Intimidate|PartingShot,Protect,FakeOut,Flamethrower|Sassy||F|||50|]Sinistcha||Leftovers|Hospitality|MatchaGotcha,Substitute,Protect,ShadowBall|Bold|||||50|]Tyranitar||Tyranitarite|Unnerve|Protect,RockSlide,Earthquake,Crunch|Adamant||M|||50|]Whimsicott||FocusSash|Prankster|Moonblast,Tailwind,Encore,Protect|Bold||M|||50|
|showteam|p2|Pyroar||Pyroarite|Unnerve|HeatWave,Overheat,Yawn,Protect|Timid||F|||50|]Scrafty||Scraftinite|Intimidate|FakeOut,IcePunch,DrainPunch,KnockOff|Adamant||F|||50|]Mamoswine||FocusSash|Oblivious|IceShard,HighHorsepower,RockSlide,Protect|Jolly||F|||50|]Venusaur||LifeOrb|Chlorophyll|EnergyBall,EarthPower,SludgeBomb,Protect|Modest||F|||50|]Torkoal||HeatRock|Drought|Eruption,HelpingHand,WeatherBall,Protect|Quiet||F|||50|]Farigiraf||SitrusBerry|ArmorTail|Psychic,Thunderbolt,TrickRoom,Protect|Quiet||M|||50|
|inactive|Battle timer is ON: inactive players will automatically lose when time's up. (requested by anino23)
|inactive|chudddddd has 60 seconds left.
|inactive|anino23 has 60 seconds left.
|inactive|anino23 has 30 seconds left.
|inactive|anino23 has 20 seconds left.
|inactive|anino23 has 15 seconds left.
|inactive|anino23 has 10 seconds left.
|inactive|anino23 has 5 seconds left.
|
|t:|1783710003
|teamsize|p1|4
|teamsize|p2|4
|start
|switch|p1a: Staraptor|Staraptor, L50, F|100/100
|switch|p1b: Whimsicott|Whimsicott, L50, M|100/100
|switch|p2a: Scrafty|Scrafty, L50, F|100/100
|switch|p2b: Farigiraf|Farigiraf, L50, M|100/100
|-ability|p1a: Staraptor|Intimidate|boost
|-unboost|p2a: Scrafty|atk|1
|-unboost|p2b: Farigiraf|atk|1
|-ability|p2a: Scrafty|Intimidate|boost
|-unboost|p1a: Staraptor|atk|1
|-unboost|p1b: Whimsicott|atk|1
|turn|1
|
|t:|1783710027
|detailschange|p1a: Staraptor|Staraptor-Mega, L50, F
|-mega|p1a: Staraptor|Staraptor|Staraptite
|move|p2a: Scrafty|Fake Out|p1b: Whimsicott
|-damage|p1b: Whimsicott|92/100
|cant|p1b: Whimsicott|flinch
|move|p1a: Staraptor|Brave Bird|p2a: Scrafty
|-supereffective|p2a: Scrafty|1
|-damage|p2a: Scrafty|22/100
|-damage|p1a: Staraptor|72/100|[from] Recoil
|move|p2b: Farigiraf|Trick Room|p2b: Farigiraf
|-fieldstart|move: Trick Room|[of] p2b: Farigiraf
|
|upkeep
|turn|2
|inactive|chudddddd has 30 seconds left.
|inactive|chudddddd has 20 seconds left.
|inactive|chudddddd has 15 seconds left.
|
|t:|1783710071
|switch|p1b: Sinistcha|Sinistcha, L50|100/100
|-heal|p1a: Staraptor|97/100|[from] ability: Hospitality|[of] p1b: Sinistcha
|detailschange|p2a: Scrafty|Scrafty-Mega, L50, F
|-mega|p2a: Scrafty|Scrafty|Scraftinite
|-ability|p2a: Scrafty|Intimidate|boost
|-boost|p1a: Staraptor|atk|1
|-unboost|p1b: Sinistcha|atk|1
|move|p2b: Farigiraf|Psychic|p1a: Staraptor
|-supereffective|p1a: Staraptor|1
|-damage|p1a: Staraptor|0 fnt
|faint|p1a: Staraptor
|move|p2a: Scrafty|Ice Punch|p1b: Sinistcha
|-supereffective|p1b: Sinistcha|1
|-damage|p1b: Sinistcha|75/100
|
|-heal|p1b: Sinistcha|81/100|[from] item: Leftovers
|upkeep
|
|t:|1783710086
|switch|p1a: Gholdengo|Gholdengo, L50|100/100
|turn|3
|inactive|anino23 has 30 seconds left.
|
|t:|1783710115
|switch|p2b: Torkoal|Torkoal, L50, F|100/100
|-weather|SunnyDay|[from] ability: Drought|[of] p2b: Torkoal
|move|p2a: Scrafty|Knock Off|p1a: Gholdengo
|-supereffective|p1a: Gholdengo|1
|-damage|p1a: Gholdengo|33/100
|-enditem|p1a: Gholdengo|Expert Belt|[from] move: Knock Off|[of] p2a: Scrafty
|move|p1b: Sinistcha|Matcha Gotcha|p2a: Scrafty|[spread] p2a,p2b
|-resisted|p2b: Torkoal|1
|-damage|p2a: Scrafty|1/100
|-heal|p1b: Sinistcha|91/100|[from] drain|[of] p2a: Scrafty
|-damage|p2b: Torkoal|81/100
|-heal|p1b: Sinistcha|100/100|[from] drain|[of] p2b: Torkoal
|move|p1a: Gholdengo|Make It Rain|p2a: Scrafty|[spread] p2a,p2b
|-resisted|p2b: Torkoal|1
|-damage|p2a: Scrafty|0 fnt
|-damage|p2b: Torkoal|48/100
|-unboost|p1a: Gholdengo|spa|2
|faint|p2a: Scrafty
|
|-weather|SunnyDay|[upkeep]
|upkeep
|
|t:|1783710132
|switch|p2a: Farigiraf|Farigiraf, L50, M|100/100
|turn|4
|
|t:|1783710145
|move|p1a: Gholdengo|Protect|p1a: Gholdengo
|-singleturn|p1a: Gholdengo|Protect
|move|p2b: Torkoal|Eruption|p1a: Gholdengo|[spread] p1b
|-activate|p1a: Gholdengo|move: Protect
|-supereffective|p1b: Sinistcha|1
|-damage|p1b: Sinistcha|19/100
|move|p2a: Farigiraf|Psychic|p1b: Sinistcha
|-damage|p1b: Sinistcha|0 fnt
|faint|p1b: Sinistcha
|
|-weather|SunnyDay|[upkeep]
|upkeep
|
|t:|1783710156
|switch|p1b: Whimsicott|Whimsicott, L50, M|92/100
|turn|5
|
|t:|1783710168
|switch|p2a: Mamoswine|Mamoswine, L50, F|100/100
|move|p1b: Whimsicott|Protect|p1b: Whimsicott
|-singleturn|p1b: Whimsicott|Protect
|move|p2b: Torkoal|Eruption|p1a: Gholdengo|[spread] p1a
|-activate|p1b: Whimsicott|move: Protect
|-supereffective|p1a: Gholdengo|1
|-damage|p1a: Gholdengo|0 fnt
|faint|p1a: Gholdengo
|
|-weather|SunnyDay|[upkeep]
|-fieldend|move: Trick Room
|upkeep
|turn|6
|
|t:|1783710180
|move|p2a: Mamoswine|Ice Shard|p1b: Whimsicott
|-supereffective|p1b: Whimsicott|1
|-damage|p1b: Whimsicott|56/100
|move|p1b: Whimsicott|Tailwind|p1b: Whimsicott
|-sidestart|p1: chudddddd|move: Tailwind
|move|p2b: Torkoal|Weather Ball|p1b: Whimsicott
|-supereffective|p1b: Whimsicott|1
|-damage|p1b: Whimsicott|0 fnt
|faint|p1b: Whimsicott
|
|win|anino23
||chudddddd is ready for game 2.
|inactive|anino23 has 30 seconds to confirm battle start!
||anino23 is ready for game 2.
|uhtml|next|Next: Game 2 of 3
