|j|☆LeCehlou
|j|☆dominicvgc07
|html|LeCehloudominicvgc07    
|uhtml|bestof|Game 2 of a best-of-3
|t:|1756232042
|gametype|doubles
|player|p1|LeCehlou|102|
|player|p2|dominicvgc07|ghetsis|
|gen|9
|tier|[Gen 9] VGC 2025 Reg H (Bo3)
|rule|Species Clause: Limit one of each Pokémon
|rule|Item Clause: Limit 1 of each item
|clearpoke
|poke|p1|Whimsicott, L50, M|
|poke|p1|Ursaluna-Bloodmoon, L50, M|
|poke|p1|Archaludon, L50, M|
|poke|p1|Typhlosion-Hisui, L50, M|
|poke|p1|Indeedee-F, L50, F|
|poke|p1|Gallade, L50, M|
|poke|p2|Kingambit, L50, M|
|poke|p2|Sneasler, L50, M|
|poke|p2|Rillaboom, L50, M|
|poke|p2|Dragonite, L50, M|
|poke|p2|Electabuzz, L50, F|
|poke|p2|Dondozo, L50, M|
|teampreview|4
|showteam|p1|Whimsicott||CovertCloak|Prankster|Tailwind,Moonblast,SunnyDay,Encore|||M|||50|,,,,,Steel]Ursaluna-Bloodmoon||LifeOrb|MindsEye|EarthPower,BloodMoon,HyperVoice,Protect|||M|||50|,,,,,Normal]Archaludon||PowerHerb|Sturdy|ElectroShot,FlashCannon,Protect,DracoMeteor|||M|||50|,,,,,Stellar]Typhlosion-Hisui||ChoiceSpecs|Blaze|Eruption,HeatWave,ShadowBall,Overheat|||M|||50|,,,,,Fire]Indeedee-F||SafetyGoggles|PsychicSurge|TrickRoom,FollowMe,Imprison,Psychic|||F|||50|,,,,,Fairy]Gallade||ClearAmulet|Sharpness|TrickRoom,PsychoCut,SacredSword,WideGuard|||M|||50|,,,,,Grass
|showteam|p2|Kingambit||BlackGlasses|Defiant|KowtowCleave,SuckerPunch,SwordsDance,Protect|||M|||50|,,,,,Dark]Sneasler||FocusSash|PoisonTouch|FakeOut,CloseCombat,DireClaw,Coaching|||M|||50|,,,,,Ghost]Rillaboom||AssaultVest|GrassySurge|FakeOut,WoodHammer,GrassyGlide,Uturn|||M|||50|,,,,,Fire]Dragonite||LoadedDice|Multiscale|ScaleShot,LowKick,Haze,Protect|||M|||50|,,,,,Steel]Electabuzz||Eviolite|VitalSpirit|Thunderbolt,FollowMe,Taunt,Protect|||F|||50|,,,,,Dragon]Dondozo||Leftovers|Unaware|WaveCrash,Yawn,Fissure,Protect|||M|||50|,,,,,Poison
|c|☆LeCehlou|gl hf
|
|t:|1756232098
|teamsize|p1|4
|teamsize|p2|4
|start
|switch|p1a: Whimsicott|Whimsicott, L50, M|100/100
|switch|p1b: Typhlosion|Typhlosion-Hisui, L50, M|100/100
|switch|p2a: Skydragon|Dragonite, L50, M|100/100
|switch|p2b: Kong|Rillaboom, L50, M|100/100
|-fieldstart|move: Grassy Terrain|[from] ability: Grassy Surge|[of] p2b: Kong
|turn|1
|
|t:|1756232134
|-terastallize|p2b: Kong|Fire
|move|p1b: Typhlosion|Heat Wave|p2a: Skydragon|[spread] p2a,p2b
|-resisted|p2a: Skydragon
|-resisted|p2b: Kong
|-damage|p2a: Skydragon|87/100
|-damage|p2b: Kong|82/100
|move|p1a: Whimsicott|Moonblast|p2a: Skydragon
|-supereffective|p2a: Skydragon
|-damage|p2a: Skydragon|26/100
|move|p2a: Skydragon|Scale Shot|p1b: Typhlosion
|-damage|p1b: Typhlosion|80/100
|-damage|p1b: Typhlosion|60/100
|-damage|p1b: Typhlosion|40/100
|-damage|p1b: Typhlosion|21/100
|-hitcount|p1b: Typhlosion|4
|-unboost|p2a: Skydragon|def|1
|-boost|p2a: Skydragon|spe|1
|move|p2b: Kong|U-turn|p1a: Whimsicott
|-damage|p1a: Whimsicott|75/100
|
|t:|1756232152
|switch|p2b: 1000 volt|Electabuzz, L50, F|100/100|[from] U-turn
|
|-heal|p1b: Typhlosion|27/100|[from] Grassy Terrain
|-heal|p1a: Whimsicott|81/100|[from] Grassy Terrain
|upkeep
|turn|2
|inactive|Battle timer is ON: inactive players will automatically lose when time's up. (requested by LeCehlou)
|
|t:|1756232215
|switch|p1b: Ursaluna|Ursaluna-Bloodmoon, L50, M|100/100
|move|p2b: 1000 volt|Follow Me|p2b: 1000 volt
|-singleturn|p2b: 1000 volt|move: Follow Me
|move|p1a: Whimsicott|Tailwind|p1a: Whimsicott
|-sidestart|p1: LeCehlou|move: Tailwind
|move|p2a: Skydragon|Scale Shot|p1b: Ursaluna
|-damage|p1b: Ursaluna|88/100
|-damage|p1b: Ursaluna|77/100
|-damage|p1b: Ursaluna|63/100
|-damage|p1b: Ursaluna|51/100
|-hitcount|p1b: Ursaluna|4
|-unboost|p2a: Skydragon|def|1
|-boost|p2a: Skydragon|spe|1
|
|-heal|p1a: Whimsicott|87/100|[from] Grassy Terrain
|-heal|p1b: Ursaluna|57/100|[from] Grassy Terrain
|upkeep
|turn|3
|inactive|LeCehlou has 30 seconds left.
|inactive|dominicvgc07 has 30 seconds left.
|inactive|dominicvgc07 has 20 seconds left.
|
|t:|1756232252
|-terastallize|p1b: Ursaluna|Normal
|move|p2b: 1000 volt|Follow Me|p2b: 1000 volt
|-singleturn|p2b: 1000 volt|move: Follow Me
|move|p1a: Whimsicott|Encore|p2b: 1000 volt
|-start|p2b: 1000 volt|Encore
|move|p2a: Skydragon|Low Kick|p1b: Ursaluna
|-supereffective|p1b: Ursaluna
|-damage|p1b: Ursaluna|0 fnt
|faint|p1b: Ursaluna
|
|-heal|p1a: Whimsicott|93/100|[from] Grassy Terrain
|upkeep
|
|t:|1756232261
|switch|p1b: Typhlosion|Typhlosion-Hisui, L50, M|27/100
|turn|4
|
|t:|1756232282
|move|p2b: 1000 volt|Follow Me|p2b: 1000 volt
|-singleturn|p2b: 1000 volt|move: Follow Me
|move|p1a: Whimsicott|Sunny Day|p1a: Whimsicott
|-weather|SunnyDay
|move|p1b: Typhlosion|Heat Wave|p2a: Skydragon|[spread] p2a,p2b
|-resisted|p2a: Skydragon
|-damage|p2a: Skydragon|0 fnt
|-damage|p2b: 1000 volt|12/100
|faint|p2a: Skydragon
|
|-weather|SunnyDay|[upkeep]
|-heal|p1b: Typhlosion|33/100|[from] Grassy Terrain
|-heal|p1a: Whimsicott|99/100|[from] Grassy Terrain
|-heal|p2b: 1000 volt|18/100|[from] Grassy Terrain
|upkeep
|
|t:|1756232288
|switch|p2a: Nightmare|Sneasler, L50, M|100/100
|turn|5
|
|t:|1756232306
|move|p2b: 1000 volt|Follow Me|p2b: 1000 volt
|-singleturn|p2b: 1000 volt|move: Follow Me
|move|p1b: Typhlosion|Heat Wave|p2b: 1000 volt|[spread] p2a,p2b
|-enditem|p2a: Nightmare|Focus Sash
|-damage|p2a: Nightmare|1/100
|-damage|p2b: 1000 volt|0 fnt
|-status|p2a: Nightmare|brn
|faint|p2b: 1000 volt
|move|p1a: Whimsicott|Moonblast|p2a: Nightmare
|-damage|p2a: Nightmare|0 fnt
|faint|p2a: Nightmare
|
|-weather|SunnyDay|[upkeep]
|-heal|p1b: Typhlosion|39/100|[from] Grassy Terrain
|-heal|p1a: Whimsicott|100/100|[from] Grassy Terrain
|-sideend|p1: LeCehlou|move: Tailwind
|-fieldend|move: Grassy Terrain
|upkeep
|
|t:|1756232314
|switch|p2b: Kong|Rillaboom, L50, M, tera:Fire|82/100
|-fieldstart|move: Grassy Terrain|[from] ability: Grassy Surge|[of] p2b: Kong
|turn|6
|
|t:|1756232325
|move|p1b: Typhlosion|Heat Wave|p2b: Kong
|-resisted|p2b: Kong
|-damage|p2b: Kong|45/100
|move|p1a: Whimsicott|Moonblast|p2b: Kong
|-resisted|p2b: Kong
|-damage|p2b: Kong|35/100
|move|p2b: Kong|Wood Hammer|p1b: Typhlosion
|-resisted|p1b: Typhlosion
|-damage|p1b: Typhlosion|0 fnt
|faint|p1b: Typhlosion
|-damage|p2b: Kong|26/100|[from] Recoil
|
|-weather|SunnyDay|[upkeep]
|-heal|p2b: Kong|32/100|[from] Grassy Terrain
|upkeep
|
|t:|1756232328
|switch|p1b: Indeedee|Indeedee-F, L50, F|100/100
|-fieldstart|move: Psychic Terrain|[from] ability: Psychic Surge|[of] p1b: Indeedee
|turn|7
|
|t:|1756232332
|move|p1a: Whimsicott|Tailwind|p1a: Whimsicott
|-sidestart|p1: LeCehlou|move: Tailwind
|move|p1b: Indeedee|Psychic|p2b: Kong
|-damage|p2b: Kong|4/100
|move|p2b: Kong|U-turn|p1b: Indeedee
|-supereffective|p1b: Indeedee
|-damage|p1b: Indeedee|59/100
|
|-weather|SunnyDay|[upkeep]
|upkeep
|turn|8
|c|☆dominicvgc07|gg
|
|t:|1756232341
|move|p1a: Whimsicott|Moonblast|p2b: Kong
|-resisted|p2b: Kong
|-damage|p2b: Kong|0 fnt
|faint|p2b: Kong
|
|win|LeCehlou
|c|☆LeCehlou|ggs
|c|☆dominicvgc07|gz
