|j|☆Pokken2Plz
|j|☆Plebston mcbacon
|html|Pokken2PlzPlebston mcbacon    
|uhtml|bestof|Game 2 of a best-of-3
|t:|1786201695
|gametype|doubles
|player|p1|Pokken2Plz|170|
|player|p2|Plebston mcbacon|byron|
|gen|9
|tier|[Gen 9 Champions] VGC 2026 Reg M-B (Bo3)
|rule|Species Clause: Limit one of each Pokémon
|rule|Item Clause: Limit 1 of each item
|clearpoke
|poke|p1|Charizard, L50, M|
|poke|p1|Glimmora, L50, M|
|poke|p1|Whimsicott, L50, F|
|poke|p1|Ninetales-Alola, L50, F|
|poke|p1|Kingambit, L50, M|
|poke|p1|Kommo-o, L50, M|
|poke|p2|Farigiraf, L50, M|
|poke|p2|Camerupt, L50, M|
|poke|p2|Primarina, L50, F|
|poke|p2|Abomasnow, L50, F|
|poke|p2|Kingambit, L50, M|
|poke|p2|Sinistcha, L50|
|teampreview|4
|showteam|p1|Charizard||CharizarditeY|Blaze|HeatWave,WeatherBall,SolarBeam,Protect|Modest||M|||50|]Glimmora||Glimmoranite|ToxicDebris|SludgeBomb,PowerGem,EarthPower,SpikyShield|Modest||M|||50|]Whimsicott||FocusSash|Prankster|Moonblast,Tailwind,Encore,Protect|Timid||F|||50|]Ninetales-Alola||NeverMeltIce|SnowWarning|Blizzard,FreezeDry,Disable,Protect|Timid||F|||50|]Kingambit||BlackGlasses|Defiant|KowtowCleave,SuckerPunch,IronHead,Protect|Adamant||M|||50|]Kommo-o||LifeOrb|Overcoat|ClangingScales,AuraSphere,VacuumWave,Protect|Modest||M|||50|
|showteam|p2|Farigiraf||ColburBerry|ArmorTail|TrickRoom,Psychic,HelpingHand,Protect|Relaxed||M|||50|]Camerupt||Cameruptite|AngerPoint|Eruption,HeatWave,EarthPower,Protect|Quiet||M|||50|]Primarina||LifeOrb|LiquidVoice|HyperVoice,Moonblast,CalmMind,Protect|Modest||F|||50|]Abomasnow||Abomasite|SnowWarning|AuroraVeil,Blizzard,EnergyBall,Protect|Quiet||F|||50|]Kingambit||ChopleBerry|Defiant|SuckerPunch,KowtowCleave,IronHead,Protect|Brave||M|||50|]Sinistcha||OccaBerry|Hospitality|RagePowder,MatchaGotcha,LifeDew,TrickRoom|Relaxed|||||50|
|j| Blizz.vg
|j| Eevee1ynn
|j| Hudie EU
|j| RK_pocoyo
|j| FaultierChunk
|j| SurfingJackal
|inactive|Battle timer is ON: inactive players will automatically lose when time's up. (requested by Pokken2Plz)
|j| shrimplyasapphic
|l| SurfingJackal
|j| RunningRad
|
|t:|1786201729
|teamsize|p1|4
|teamsize|p2|4
|start
|switch|p1a: Charizard|Charizard, L50, M|100/100
|switch|p1b: Kingambit|Kingambit, L50, M|100/100
|switch|p2a: Falafel|Farigiraf, L50, M|100/100
|switch|p2b: Labubu|Sinistcha, L50|100/100
|turn|1
|inactive|Plebston mcbacon has 30 seconds left.
|
|t:|1786201754
|detailschange|p1a: Charizard|Charizard-Mega-Y, L50, M
|-mega|p1a: Charizard|Charizard|Charizardite Y
|-weather|SunnyDay|[from] ability: Drought|[of] p1a: Charizard
|move|p1b: Kingambit|Protect|p1b: Kingambit
|-singleturn|p1b: Kingambit|Protect
|move|p2b: Labubu|Rage Powder|p2b: Labubu
|-singleturn|p2b: Labubu|move: Rage Powder
|move|p1a: Charizard|Heat Wave|p2a: Falafel|[spread] p2a,p2b
|-supereffective|p2b: Labubu|1
|-crit|p2b: Labubu
|-enditem|p2b: Labubu|Occa Berry|[eat]
|-enditem|p2b: Labubu|Occa Berry|[weaken]
|-damage|p2a: Falafel|36/100
|-damage|p2b: Labubu|0 fnt
|faint|p2b: Labubu
|move|p2a: Falafel|Trick Room|p2a: Falafel
|-fieldstart|move: Trick Room|[of] p2a: Falafel
|
|-weather|SunnyDay|[upkeep]
|upkeep
|
|t:|1786201768
|switch|p2b: Mr Meats|Camerupt, L50, M|100/100
|turn|2
|inactive|Plebston mcbacon has 30 seconds left.
|
|t:|1786201802
|switch|p1b: Kommo-o|Kommo-o, L50, M|100/100
|detailschange|p2b: Mr Meats|Camerupt-Mega, L50, M
|-mega|p2b: Mr Meats|Camerupt|Cameruptite
|move|p2a: Falafel|Helping Hand|p2b: Mr Meats
|-singleturn|p2b: Mr Meats|Helping Hand|[of] p2a: Falafel
|move|p2b: Mr Meats|Eruption|p1a: Charizard|[spread] p1a,p1b
|-resisted|p1a: Charizard|1
|-resisted|p1b: Kommo-o|1
|-damage|p1a: Charizard|21/100
|-damage|p1b: Kommo-o|12/100
|move|p1a: Charizard|Heat Wave|p2a: Falafel|[spread] p2b
|-miss|p1a: Charizard|p2a: Falafel
|-resisted|p2b: Mr Meats|1
|-damage|p2b: Mr Meats|69/100
|
|-weather|SunnyDay|[upkeep]
|upkeep
|turn|3
|
|t:|1786201826
|move|p1a: Charizard|Protect|p1a: Charizard
|-singleturn|p1a: Charizard|Protect
|move|p1b: Kommo-o|Protect|p1b: Kommo-o
|-singleturn|p1b: Kommo-o|Protect
|move|p2b: Mr Meats|Heat Wave|p1a: Charizard|[spread] 
|-activate|p1a: Charizard|move: Protect
|-activate|p1b: Kommo-o|move: Protect
|move|p2a: Falafel|Psychic|p1a: Charizard
|-activate|p1a: Charizard|move: Protect
|
|-weather|SunnyDay|[upkeep]
|upkeep
|turn|4
|inactive|Pokken2Plz has 30 seconds left.
|inactive|Pokken2Plz has 20 seconds left.
|
|t:|1786201865
|move|p1a: Charizard|Protect||[still]
|-fail|p1a: Charizard
|move|p1b: Kommo-o|Protect|p1b: Kommo-o
|-singleturn|p1b: Kommo-o|Protect
|move|p2b: Mr Meats|Heat Wave|p1a: Charizard|[spread] p1a
|-activate|p1b: Kommo-o|move: Protect
|-resisted|p1a: Charizard|1
|-crit|p1a: Charizard
|-damage|p1a: Charizard|0 fnt
|faint|p1a: Charizard
|move|p2a: Falafel|Psychic|p1b: Kommo-o
|-activate|p1b: Kommo-o|move: Protect
|
|-weather|SunnyDay|[upkeep]
|upkeep
|
|t:|1786201871
|switch|p1a: Glimmora|Glimmora, L50, M|100/100
|turn|5
|inactive|Plebston mcbacon has 30 seconds left.
|inactive|Plebston mcbacon has 20 seconds left.
|
|t:|1786201908
|move|p1b: Kommo-o|Protect||[still]
|-fail|p1b: Kommo-o
|move|p1a: Glimmora|Spiky Shield|p1a: Glimmora
|-singleturn|p1a: Glimmora|move: Protect
|move|p2b: Mr Meats|Heat Wave|p1b: Kommo-o|[spread] p1b
|-activate|p1a: Glimmora|move: Protect
|-resisted|p1b: Kommo-o|1
|-damage|p1b: Kommo-o|0 fnt
|faint|p1b: Kommo-o
|move|p2a: Falafel|Psychic|p1a: Glimmora
|-activate|p1a: Glimmora|move: Protect
|
|-weather|none
|-fieldend|move: Trick Room
|upkeep
|
|t:|1786201916
|switch|p1b: Kingambit|Kingambit, L50, M|100/100
|turn|6
|inactive|Plebston mcbacon has 30 seconds left.
|inactive|Plebston mcbacon has 20 seconds left.
|inactive|Plebston mcbacon has 15 seconds left.
|inactive|Plebston mcbacon has 10 seconds left.
|inactive|Plebston mcbacon has 5 seconds left.
|
|t:|1786201967
|move|p2b: Mr Meats|Protect|p2b: Mr Meats
|-singleturn|p2b: Mr Meats|Protect
|move|p1a: Glimmora|Earth Power|p2b: Mr Meats
|-activate|p2b: Mr Meats|move: Protect
|move|p1b: Kingambit|Kowtow Cleave|p2a: Falafel
|-supereffective|p2a: Falafel|1
|-enditem|p2a: Falafel|Colbur Berry|[eat]
|-enditem|p2a: Falafel|Colbur Berry|[weaken]
|-damage|p2a: Falafel|0 fnt
|faint|p2a: Falafel
|
|upkeep
|
|t:|1786201975
|switch|p2a: Miku|Primarina, L50, F|100/100
|turn|7
|
|t:|1786201993
|move|p1b: Kingambit|Sucker Punch|p2b: Mr Meats
|-damage|p2b: Mr Meats|21/100
|move|p1a: Glimmora|Earth Power|p2b: Mr Meats
|-supereffective|p2b: Mr Meats|1
|-damage|p2b: Mr Meats|0 fnt
|faint|p2b: Mr Meats
|move|p2a: Miku|Hyper Voice|p1b: Kingambit|[spread] p1a,p1b
|-supereffective|p1a: Glimmora|1
|-damage|p1a: Glimmora|0 fnt
|-damage|p1b: Kingambit|50/100g
|faint|p1a: Glimmora
|-damage|p2a: Miku|90/100|[from] item: Life Orb
|
|upkeep
|turn|8
|
|t:|1786202007
|move|p1b: Kingambit|Iron Head|p2a: Miku
|-damage|p2a: Miku|21/100
|move|p2a: Miku|Moonblast|p1b: Kingambit
|-crit|p1b: Kingambit
|-damage|p1b: Kingambit|0 fnt
|faint|p1b: Kingambit
|-damage|p2a: Miku|11/100|[from] item: Life Orb
|
|win|Plebston mcbacon
||Pokken2Plz is ready for game 3.
|inactive|Plebston mcbacon has 30 seconds to confirm battle start!
||Plebston mcbacon is ready for game 3.
|uhtml|next|Next: Game 3 of 3
|l| FaultierChunk
|l| Eevee1ynn
|l| RunningRad
