|j|Ōśånocturnallynoct
|j|Ōśåquazasuks
|html|nocturnallynoctquazasuks    
|uhtml|bestof|Game 3 of a best-of-3
|t:|1757026781
|gametype|doubles
|player|p1|nocturnallynoct|266|1099
|player|p2|quazasuks|265|1040
|gen|9
|tier|[Gen 9] VGC 2025 Reg H (Bo3)
|rated|
|rule|Species Clause: Limit one of each Pok├®mon
|rule|Item Clause: Limit 1 of each item
|clearpoke
|poke|p1|Charizard, L50, F|
|poke|p1|Torkoal, L50, F|
|poke|p1|Porygon2, L50|
|poke|p1|Incineroar, L50, F|
|poke|p1|Jumpluff, L50, F|
|poke|p1|Ursaluna, L50, F|
|poke|p2|Ceruledge, L50, F|
|poke|p2|Salamence, L50, F|
|poke|p2|Glimmora, L50, M|
|poke|p2|Electivire, L50, M|
|poke|p2|Swampert, L50, F|
|poke|p2|Skarmory, L50, M|
|teampreview|4
|showteam|p1|Charizard||ChoiceSpecs|SolarPower|HeatWave,Overheat,WeatherBall,AirSlash|||F|||50|,,,,,Ghost]Torkoal||EjectPack|Drought|Eruption,Overheat,HelpingHand,Protect|||F|||50|,,,,,Fire]Porygon2||Eviolite|Download|IceBeam,TeraBlast,TrickRoom,Recover||||||50|,,,,,Fighting]Incineroar||SitrusBerry|Intimidate|FlareBlitz,KnockOff,FakeOut,PartingShot|||F|||50|,,,,,Ghost]Jumpluff||CovertCloak|Chlorophyll|SleepPowder,SunnyDay,RagePowder,Tailwind|||F|||50|,,,,,Water]Ursaluna||FlameOrb|Guts|HeadlongRush,Facade,Earthquake,Protect|||F|||50|,,,,,Ghost
|showteam|p2|Ceruledge||FocusSash|FlashFire|BitterBlade,DestinyBond,SwordsDance,ShadowSneak|||F|||50|,,,,,Ghost]Salamence||WhiteHerb|Intimidate|TeraBlast,DracoMeteor,Flamethrower,AirSlash|||F|||50|,,,,,Steel]Glimmora||RedCard|ToxicDebris|MortalSpin,SpikyShield,StealthRock,Spikes|||M|||50|,,,,,Flying]Electivire||LifeOrb|VitalSpirit|IcePunch,Taunt,VoltSwitch,Facade|||M|||50|,,,,,Ice]Swampert||WeaknessPolicy|Torrent|KnockOff,Earthquake,BodySlam,Liquidation|||F|||50|,,,,,Water]Skarmory||RockyHelmet|Sturdy|Roost,IronDefense,BodyPress,Protect|||M|||50|,,,,,Fighting
|inactive|Battle timer is ON: inactive players will automatically lose when time's up. (requested by nocturnallynoct)
|c|Ōśåquazasuks|so power gem
|c|Ōśåquazasuks|anything else you'd change?
|inactive|quazasuks has 60 seconds left.
|c|Ōśånocturnallynoct|you only have 2 protects on the team which makes it pretty easy to just attack
|
|t:|1757026839
|teamsize|p1|4
|teamsize|p2|4
|start
|switch|p1a: Incineroar|Incineroar, L50, F|100/100
|switch|p1b: Jumpluff|Jumpluff, L50, F|100/100
|switch|p2a: Skarmory|Skarmory, L50, M|100/100
|switch|p2b: Salamence|Salamence, L50, F|100/100
|-ability|p2b: Salamence|Intimidate|boost
|-unboost|p1a: Incineroar|atk|1
|-unboost|p1b: Jumpluff|atk|1
|-ability|p1a: Incineroar|Intimidate|boost
|-unboost|p2a: Skarmory|atk|1
|-unboost|p2b: Salamence|atk|1
|-enditem|p2b: Salamence|White Herb
|-clearnegativeboost|p2b: Salamence|[silent]
|turn|1
|inactive|nocturnallynoct has 30 seconds left.
|
|t:|1757026873
|move|p1a: Incineroar|Fake Out|p2b: Salamence
|-damage|p2b: Salamence|90/100
|move|p1b: Jumpluff|Sleep Powder|p2a: Skarmory|[miss]
|-miss|p1b: Jumpluff|p2a: Skarmory
|cant|p2b: Salamence|flinch
|move|p2a: Skarmory|Iron Defense|p2a: Skarmory
|-boost|p2a: Skarmory|def|2
|
|upkeep
|turn|2
|inactive|nocturnallynoct has 30 seconds left.
|
|t:|1757026900
|move|p1b: Jumpluff|Tailwind|p1b: Jumpluff
|-sidestart|p1: nocturnallynoct|move: Tailwind
|move|p1a: Incineroar|Parting Shot|p2b: Salamence
|-unboost|p2b: Salamence|atk|1
|-unboost|p2b: Salamence|spa|1
|
|t:|1757026908
|switch|p1a: Charizard|Charizard, L50, F|100/100|[from] Parting Shot
|move|p2b: Salamence|Air Slash|p1b: Jumpluff
|-supereffective|p1b: Jumpluff
|-damage|p1b: Jumpluff|54/100
|move|p2a: Skarmory|Body Press|p1a: Charizard
|-resisted|p1a: Charizard
|-damage|p1a: Charizard|67/100
|
|upkeep
|turn|3
|
|t:|1757026930
|-terastallize|p2a: Skarmory|Fighting
|move|p1b: Jumpluff|Rage Powder|p1b: Jumpluff
|-singleturn|p1b: Jumpluff|move: Rage Powder
|move|p1a: Charizard|Heat Wave|p2a: Skarmory|[spread] p2a,p2b
|-resisted|p2b: Salamence
|-damage|p2a: Skarmory|53/100
|-damage|p2b: Salamence|60/100
|move|p2b: Salamence|Air Slash|p1b: Jumpluff
|-supereffective|p1b: Jumpluff
|-damage|p1b: Jumpluff|0 fnt
|faint|p1b: Jumpluff
|move|p2a: Skarmory|Body Press|p1a: Charizard
|-resisted|p1a: Charizard
|-damage|p1a: Charizard|12/100
|
|upkeep
|
|t:|1757026949
|switch|p1b: Incineroar|Incineroar, L50, F|100/100
|-ability|p1b: Incineroar|Intimidate|boost
|-unboost|p2a: Skarmory|atk|1
|-unboost|p2b: Salamence|atk|1
|turn|4
|inactive|nocturnallynoct has 30 seconds left.
|
|t:|1757026977
|move|p1a: Charizard|Heat Wave|p2a: Skarmory|[spread] p2b
|-miss|p1a: Charizard|p2a: Skarmory
|-resisted|p2b: Salamence
|-damage|p2b: Salamence|32/100
|move|p1b: Incineroar|Knock Off|p2a: Skarmory
|-resisted|p2a: Skarmory
|-damage|p2a: Skarmory|45/100
|-damage|p1b: Incineroar|84/100|[from] item: Rocky Helmet|[of] p2a: Skarmory
|-enditem|p2a: Skarmory|Rocky Helmet|[from] move: Knock Off|[of] p1b: Incineroar
|move|p2b: Salamence|Air Slash|p1a: Charizard
|-damage|p1a: Charizard|0 fnt
|faint|p1a: Charizard
|move|p2a: Skarmory|Roost|p2a: Skarmory
|-heal|p2a: Skarmory|95/100
|
|upkeep
|
|t:|1757026991
|switch|p1a: Ursaluna|Ursaluna, L50, F|100/100
|turn|5
|inactive|nocturnallynoct has 30 seconds left.
|inactive|nocturnallynoct has 20 seconds left.
|
|t:|1757027030
|-terastallize|p1a: Ursaluna|Ghost
|move|p1b: Incineroar|Knock Off|p2b: Salamence
|-damage|p2b: Salamence|0 fnt
|faint|p2b: Salamence
|move|p1a: Ursaluna|Facade|p2a: Skarmory
|-damage|p2a: Skarmory|78/100
|move|p2a: Skarmory|Iron Defense|p2a: Skarmory
|-boost|p2a: Skarmory|def|2
|
|-sideend|p1: nocturnallynoct|move: Tailwind
|-status|p1a: Ursaluna|brn|[from] item: Flame Orb
|upkeep
|c|Ōśånocturnallynoct|hahhaha
|
|t:|1757027047
|switch|p2b: Swampert|Swampert, L50, F|100/100
|turn|6
|
|t:|1757027063
|move|p1b: Incineroar|Knock Off|p2b: Swampert
|-damage|p2b: Swampert|57/100
|-enditem|p2b: Swampert|Weakness Policy|[from] move: Knock Off|[of] p1b: Incineroar
|move|p2a: Skarmory|Body Press|p1b: Incineroar
|-supereffective|p1b: Incineroar
|-damage|p1b: Incineroar|0 fnt
|faint|p1b: Incineroar
|move|p1a: Ursaluna|Facade|p2b: Swampert
|-damage|p2b: Swampert|0 fnt
|faint|p2b: Swampert
|
|-damage|p1a: Ursaluna|95/100 brn|[from] brn
|upkeep
|c|Ōśåquazasuks|sheesh
|
|t:|1757027079
|switch|p2b: Electivire|Electivire, L50, M|100/100
|turn|7
|c|Ōśåquazasuks|uh oh
|inactive|quazasuks has 30 seconds left.
|c|Ōśånocturnallynoct|stall game
|c|Ōśånocturnallynoct|here we go
|inactive|quazasuks has 20 seconds left.
|
|t:|1757027116
|move|p2a: Skarmory|Protect|p2a: Skarmory
|-singleturn|p2a: Skarmory|Protect
|move|p2b: Electivire|Ice Punch|p1a: Ursaluna
|-damage|p1a: Ursaluna|70/100 brn
|-damage|p2b: Electivire|90/100|[from] item: Life Orb
|move|p1a: Ursaluna|Headlong Rush|p2b: Electivire
|-supereffective|p2b: Electivire
|-damage|p2b: Electivire|0 fnt
|-unboost|p1a: Ursaluna|def|1
|-unboost|p1a: Ursaluna|spd|1
|faint|p2b: Electivire
|
|-damage|p1a: Ursaluna|64/100 brn|[from] brn
|upkeep
|turn|8
|
|t:|1757027135
|move|p2a: Skarmory|Iron Defense|p2a: Skarmory
|-boost|p2a: Skarmory|def|2
|move|p1a: Ursaluna|Facade|p2a: Skarmory
|-damage|p2a: Skarmory|53/100
|
|-damage|p1a: Ursaluna|58/100 brn|[from] brn
|upkeep
|turn|9
|c|Ōśånocturnallynoct|crit crit crit
|
|t:|1757027144
|move|p2a: Skarmory|Roost|p2a: Skarmory
|-heal|p2a: Skarmory|100/100
|move|p1a: Ursaluna|Facade|p2a: Skarmory
|-damage|p2a: Skarmory|76/100
|
|-damage|p1a: Ursaluna|52/100 brn|[from] brn
|upkeep
|turn|10
|
|t:|1757027152
|move|p2a: Skarmory|Iron Defense|p2a: Skarmory
|-boost|p2a: Skarmory|def|0
|move|p1a: Ursaluna|Facade|p2a: Skarmory
|-damage|p2a: Skarmory|52/100
|
|-damage|p1a: Ursaluna|46/100 brn|[from] brn
|upkeep
|turn|11
|
|t:|1757027163
|move|p2a: Skarmory|Roost|p2a: Skarmory
|-heal|p2a: Skarmory|100/100
|move|p1a: Ursaluna|Facade|p2a: Skarmory
|-damage|p2a: Skarmory|75/100
|
|-damage|p1a: Ursaluna|40/100 brn|[from] brn
|upkeep
|turn|12
|c|Ōśånocturnallynoct|you can protect to stall out burn turns
|
|t:|1757027170
|move|p2a: Skarmory|Protect|p2a: Skarmory
|-singleturn|p2a: Skarmory|Protect
|move|p1a: Ursaluna|Facade|p2a: Skarmory
|-activate|p2a: Skarmory|move: Protect
|
|-damage|p1a: Ursaluna|35/100 brn|[from] brn
|upkeep
|turn|13
|c|Ōśåquazasuks|yea i just didn't know the max def raise lol
|
|t:|1757027186
|move|p2a: Skarmory|Protect||[still]
|-fail|p2a: Skarmory
|move|p1a: Ursaluna|Facade|p2a: Skarmory
|-damage|p2a: Skarmory|52/100
|
|-damage|p1a: Ursaluna|29/100 brn|[from] brn
|upkeep
|turn|14
|
|t:|1757027193
|move|p2a: Skarmory|Roost|p2a: Skarmory
|-heal|p2a: Skarmory|100/100
|move|p1a: Ursaluna|Facade|p2a: Skarmory
|-damage|p2a: Skarmory|74/100
|
|-damage|p1a: Ursaluna|23/100 brn|[from] brn
|upkeep
|turn|15
|
|t:|1757027200
|move|p2a: Skarmory|Protect|p2a: Skarmory
|-singleturn|p2a: Skarmory|Protect
|move|p1a: Ursaluna|Facade|p2a: Skarmory
|-activate|p2a: Skarmory|move: Protect
|
|-damage|p1a: Ursaluna|17/100 brn|[from] brn
|upkeep
|turn|16
|c|Ōśånocturnallynoct|no crit ;(
|
|t:|1757027208
|move|p2a: Skarmory|Roost|p2a: Skarmory
|-heal|p2a: Skarmory|100/100
|move|p1a: Ursaluna|Facade|p2a: Skarmory
|-damage|p2a: Skarmory|74/100
|
|-damage|p1a: Ursaluna|11/100 brn|[from] brn
|upkeep
|turn|17
|
|t:|1757027216
|move|p2a: Skarmory|Protect|p2a: Skarmory
|-singleturn|p2a: Skarmory|Protect
|move|p1a: Ursaluna|Facade|p2a: Skarmory
|-activate|p2a: Skarmory|move: Protect
|
|-damage|p1a: Ursaluna|5/100 brn|[from] brn
|upkeep
|turn|18
|c|Ōśånocturnallynoct|gg
|c|Ōśåquazasuks|gg close games
|
|t:|1757027231
|move|p2a: Skarmory|Roost|p2a: Skarmory
|-heal|p2a: Skarmory|100/100
|move|p1a: Ursaluna|Facade|p2a: Skarmory
|-damage|p2a: Skarmory|76/100
|
|-damage|p1a: Ursaluna|0 fnt|[from] brn
|faint|p1a: Ursaluna
|
|win|quazasuks
|raw|nocturnallynoct's rating: 1099 → 1070(-29 for losing)
|raw|quazasuks's rating: 1040 → 1080(+40 for winning)
