|j|☆Luisnm01
|j|☆ImAtWorkVGC
|html|Luisnm01ImAtWorkVGC    
|uhtml|bestof|Game 2 of a best-of-3
|t:|1786037639
|gametype|doubles
|player|p1|Luisnm01|1|1137
|player|p2|ImAtWorkVGC|102|1206
|gen|9
|tier|[Gen 9 Champions] VGC 2026 Reg M-B (Bo3)
|rated|
|rule|Species Clause: Limit one of each Pokémon
|rule|Item Clause: Limit 1 of each item
|clearpoke
|poke|p1|Archaludon, L50, M|
|poke|p1|Pelipper, L50, M|
|poke|p1|Basculegion, L50, M|
|poke|p1|Sinistcha, L50|
|poke|p1|Sableye, L50, F|
|poke|p1|Meganium, L50, F|
|poke|p2|Ceruledge, L50, F|
|poke|p2|Raichu, L50, F, shiny|
|poke|p2|Kingambit, L50, M|
|poke|p2|Clefable, L50, F, shiny|
|poke|p2|Ninetales-Alola, L50, F|
|poke|p2|Gyarados, L50, M|
|teampreview|4
|showteam|p1|Archaludon||Leftovers|Stamina|Protect,ElectroShot,FlashCannon,DragonPulse|Modest||M|||50|]Pelipper||LifeOrb|Drizzle|Protect,Hurricane,WeatherBall,Tailwind|Timid||M|||50|]Basculegion||ChoiceScarf|Adaptability|LastRespects,AquaJet,WaveCrash,FlipTurn|Jolly||M|||50|]Sinistcha||KasibBerry|Hospitality|RagePowder,MatchaGotcha,LifeDew,TrickRoom|Bold|||||50|]Sableye||LightClay|Prankster|LightScreen,Reflect,RainDance,Encore|Calm||F|||50|]Meganium||Meganiumite|Overgrow|SolarBeam,Protect,DazzlingGleam,WeatherBall|Modest||F|||50|
|showteam|p2|Ceruledge||Leftovers|FlashFire|Protect,BitterBlade,ShadowSneak,BulkUp|Adamant||F|||50|]Raichu||RaichuniteY|LightningRod|Protect,FakeOut,ZapCannon,FocusBlast|Timid||F|||50|]Kingambit||FocusSash|Defiant|Protect,KowtowCleave,SuckerPunch,IronHead|Adamant||M|||50|]Clefable||KebiaBerry|Unaware|FollowMe,Moonblast,HelpingHand,Protect|Bold||F|||50|]Ninetales-Alola||NeverMeltIce|SnowWarning|Blizzard,FreezeDry,AuroraVeil,Protect|Timid||F|||50|]Gyarados||SitrusBerry|Intimidate|Protect,Waterfall,PowerWhip,DragonDance|Adamant||M|||50|
|inactive|Battle timer is ON: inactive players will automatically lose when time's up. (requested by Luisnm01)
|
|t:|1786037684
|teamsize|p1|4
|teamsize|p2|4
|start
|switch|p1a: Sableye|Sableye, L50, F|100/100
|switch|p1b: Basculegion|Basculegion, L50, M|100/100
|switch|p2a: Raichu|Raichu, L50, F, shiny|100/100
|switch|p2b: Kingambit|Kingambit, L50, M|100/100
|turn|1
|
|t:|1786037705
|move|p2a: Raichu|Protect|p2a: Raichu
|-singleturn|p2a: Raichu|Protect
|move|p1a: Sableye|Reflect|p1a: Sableye
|-sidestart|p1: Luisnm01|Reflect
|move|p1b: Basculegion|Wave Crash|p2a: Raichu
|-activate|p2a: Raichu|move: Protect
|move|p2b: Kingambit|Kowtow Cleave|p1b: Basculegion
|-supereffective|p1b: Basculegion|1
|-damage|p1b: Basculegion|20/100y
|
|upkeep
|turn|2
|
|t:|1786037727
|switch|p1b: Archaludon|Archaludon, L50, M|100/100
|switch|p2a: Ceruledge|Ceruledge, L50, F|100/100
|move|p2b: Kingambit|Sucker Punch||[still]
|-fail|p2b: Kingambit
|move|p1a: Sableye|Light Screen|p1a: Sableye
|-sidestart|p1: Luisnm01|move: Light Screen
|
|upkeep
|turn|3
|
|t:|1786037746
|switch|p2a: Raichu|Raichu, L50, F, shiny|100/100
|move|p1a: Sableye|Rain Dance|p1a: Sableye
|-weather|RainDance
|move|p1b: Archaludon|Electro Shot||[still]
|-prepare|p1b: Archaludon|Electro Shot
|-boost|p1b: Archaludon|spa|1
|-anim|p1b: Archaludon|Electro Shot|p2a: Raichu
|-ability|p2a: Raichu|Lightning Rod|boost
|-boost|p2a: Raichu|spa|1
|move|p2b: Kingambit|Kowtow Cleave|p1a: Sableye
|-damage|p1a: Sableye|59/100
|
|-weather|RainDance|[upkeep]
|upkeep
|turn|4
|inactive|Luisnm01 has 30 seconds left.
|inactive|ImAtWorkVGC has 30 seconds left.
|
|t:|1786037778
|detailschange|p2a: Raichu|Raichu-Mega-Y, L50, F, shiny
|-mega|p2a: Raichu|Raichu|Raichunite Y
|move|p1a: Sableye|Rain Dance||[still]
|-fail|p1a: Sableye
|move|p2a: Raichu|Focus Blast|p1b: Archaludon
|-supereffective|p1b: Archaludon|1
|-damage|p1b: Archaludon|9/100
|-ability|p1b: Archaludon|Stamina|boost
|-boost|p1b: Archaludon|def|1
|move|p1b: Archaludon|Dragon Pulse|p2a: Raichu
|-damage|p2a: Raichu|8/100
|move|p2b: Kingambit|Kowtow Cleave|p1a: Sableye
|-damage|p1a: Sableye|17/100
|
|-weather|RainDance|[upkeep]
|-heal|p1b: Archaludon|15/100|[from] item: Leftovers
|upkeep
|turn|5
|
|t:|1786037799
|switch|p2a: Ninetales|Ninetales-Alola, L50, F|100/100
|-weather|Snowscape|[from] ability: Snow Warning|[of] p2a: Ninetales
|switch|p1b: Basculegion|Basculegion, L50, M|20/100y
|move|p1a: Sableye|Encore||[still]
|-fail|p1a: Sableye
|move|p2b: Kingambit|Kowtow Cleave|p1a: Sableye
|-damage|p1a: Sableye|0 fnt
|faint|p1a: Sableye
|
|-weather|Snowscape|[upkeep]
|upkeep
|
|t:|1786037811
|switch|p1a: Pelipper|Pelipper, L50, M|100/100
|-weather|RainDance|[from] ability: Drizzle|[of] p1a: Pelipper
|turn|6
|
|t:|1786037832
|switch|p1b: Archaludon|Archaludon, L50, M|15/100
|move|p2b: Kingambit|Protect|p2b: Kingambit
|-singleturn|p2b: Kingambit|Protect
|move|p2a: Ninetales|Freeze-Dry|p1b: Archaludon
|-damage|p1b: Archaludon|0 fnt
|faint|p1b: Archaludon
|move|p1a: Pelipper|Hurricane|p2a: Ninetales
|-damage|p2a: Ninetales|22/100
|-start|p2a: Ninetales|confusion
|-damage|p1a: Pelipper|90/100|[from] item: Life Orb
|
|-weather|RainDance|[upkeep]
|upkeep
|inactive|Luisnm01 has 30 seconds left.
|inactive|Luisnm01 has 20 seconds left.
|inactive|Luisnm01 has 15 seconds left.
|
|t:|1786037873
|switch|p1b: Basculegion|Basculegion, L50, M|20/100y
|turn|7
|
|t:|1786037889
|switch|p2a: Ceruledge|Ceruledge, L50, F|100/100
|move|p2b: Kingambit|Sucker Punch|p1b: Basculegion
|-supereffective|p1b: Basculegion|1
|-damage|p1b: Basculegion|0 fnt
|faint|p1b: Basculegion
|move|p1a: Pelipper|Weather Ball|p2b: Kingambit
|-enditem|p2b: Kingambit|Focus Sash
|-damage|p2b: Kingambit|1/100
|-damage|p1a: Pelipper|81/100|[from] item: Life Orb
|
|-weather|RainDance|[upkeep]
|upkeep
|turn|8
|
|t:|1786037898
|switch|p2b: Ninetales|Ninetales-Alola, L50, F|22/100
|-weather|Snowscape|[from] ability: Snow Warning|[of] p2b: Ninetales
|move|p2a: Ceruledge|Shadow Sneak|p1a: Pelipper
|-crit|p1a: Pelipper
|-damage|p1a: Pelipper|40/100
|move|p1a: Pelipper|Weather Ball|p2a: Ceruledge
|-resisted|p2a: Ceruledge|1
|-damage|p2a: Ceruledge|84/100
|-damage|p1a: Pelipper|31/100|[from] item: Life Orb
|
|-weather|Snowscape|[upkeep]
|-heal|p2a: Ceruledge|90/100|[from] item: Leftovers
|-sideend|p1: Luisnm01|Reflect
|upkeep
|turn|9
|
|t:|1786037904
|move|p2b: Ninetales|Freeze-Dry|p1a: Pelipper
|-supereffective|p1a: Pelipper|2
|-damage|p1a: Pelipper|0 fnt
|faint|p1a: Pelipper
|
|win|ImAtWorkVGC
|raw|Luisnm01's rating: 1137 → 1117(-20 for losing)
|raw|ImAtWorkVGC's rating: 1206 → 1226(+20 for winning)
