|j|☆superG195
|j|☆PopoVGC
|html|superG195PopoVGC    
|uhtml|bestof|Game 1 of a best-of-3
|t:|1785881665
|gametype|doubles
|player|p1|superG195|brawly|1231
|player|p2|PopoVGC|silver|1190
|gen|9
|tier|[Gen 9 Champions] VGC 2026 Reg M-B (Bo3)
|rated|
|rule|Species Clause: Limit one of each Pokémon
|rule|Item Clause: Limit 1 of each item
|clearpoke
|poke|p1|Sceptile, L50, F|
|poke|p1|Garchomp, L50, M|
|poke|p1|Corviknight, L50, F|
|poke|p1|Metagross, L50|
|poke|p1|Rotom-Heat, L50|
|poke|p1|Tyranitar, L50, M|
|poke|p2|Gholdengo, L50|
|poke|p2|Tyranitar, L50, M|
|poke|p2|Excadrill, L50, F|
|poke|p2|Pidgeot, L50, M|
|poke|p2|Tsareena, L50, F|
|poke|p2|Rotom-Wash, L50|
|teampreview|4
|showteam|p1|Sceptile||Sceptilite|Overgrow|EarthPower,DragonPulse,EnergyBall,Protect|Timid||F|||50|]Garchomp||LifeOrb|RoughSkin|Earthquake,DragonClaw,Protect,RockSlide|Jolly||M|||50|]Corviknight||Leftovers|MirrorArmor|Tailwind,BraveBird,BodyPress,Protect|Adamant||F|||50|]Metagross||Metagrossite|ClearBody|Protect,PsychicFangs,IronHead,IcePunch|Jolly|||||50|]Rotom-Heat||ChoiceScarf|Levitate|Discharge,Overheat,VoltSwitch,Electroweb|Timid|||||50|]Tyranitar||FocusSash|SandStream|RockSlide,KnockOff,LowKick,Protect|Adamant||M|||50|
|showteam|p2|Gholdengo||LifeOrb|GoodasGold|MakeItRain,ShadowBall,NastyPlot,Protect|Timid|||||50|]Tyranitar||Tyranitarite|SandStream|RockSlide,KnockOff,Protect,LowKick|Jolly||M|||50|]Excadrill||FocusSash|SandRush|IronHead,Earthquake,RockSlide,Protect|Adamant||F|||50|]Pidgeot||Pidgeotite|BigPecks|Hurricane,HeatWave,Protect,Tailwind|Timid||M|||50|]Tsareena||ChoiceScarf|QueenlyMajesty|PowerWhip,TripleAxel,Uturn,LowKick|Jolly||F|||50|]Rotom-Wash||SitrusBerry|Levitate|Thunderbolt,HydroPump,Protect,WillOWisp|Bold|||||50|
|
|t:|1785881715
|teamsize|p1|4
|teamsize|p2|4
|start
|switch|p1a: Corviknight|Corviknight, L50, F|100/100
|switch|p1b: Rotom|Rotom-Heat, L50|100/100
|switch|p2a: Tsareena|Tsareena, L50, F|100/100
|switch|p2b: Excadrill|Excadrill, L50, F|100/100
|turn|1
|
|t:|1785881749
|switch|p1b: Garchomp|Garchomp, L50, M|100/100
|move|p2a: Tsareena|Triple Axel|p1a: Corviknight|[miss]
|-miss|p2a: Tsareena|p1a: Corviknight
|move|p2b: Excadrill|Rock Slide|p1b: Garchomp|[spread] p1a,p1b
|-resisted|p1b: Garchomp|1
|-damage|p1a: Corviknight|81/100
|-damage|p1b: Garchomp|88/100
|move|p1a: Corviknight|Tailwind|p1a: Corviknight
|-sidestart|p1: superG195|move: Tailwind
|
|-heal|p1a: Corviknight|87/100|[from] item: Leftovers
|upkeep
|turn|2
|
|t:|1785881764
|switch|p2b: Rotom|Rotom-Wash, L50|100/100
|move|p1b: Garchomp|Protect|p1b: Garchomp
|-singleturn|p1b: Garchomp|Protect
|move|p2a: Tsareena|Triple Axel|p1b: Garchomp
|-activate|p1b: Garchomp|move: Protect
|move|p1a: Corviknight|Brave Bird|p2a: Tsareena
|-supereffective|p2a: Tsareena|1
|-damage|p2a: Tsareena|0 fnt
|faint|p2a: Tsareena
|-damage|p1a: Corviknight|63/100|[from] Recoil
|
|-heal|p1a: Corviknight|69/100|[from] item: Leftovers
|upkeep
|
|t:|1785881773
|switch|p2a: Pidgeot|Pidgeot, L50, M|100/100
|turn|3
|
|t:|1785881789
|move|p2a: Pidgeot|Protect|p2a: Pidgeot
|-singleturn|p2a: Pidgeot|Protect
|move|p1b: Garchomp|Rock Slide|p2a: Pidgeot|[spread] p2b
|-activate|p2a: Pidgeot|move: Protect
|-damage|p2b: Rotom|74/100
|-damage|p1b: Garchomp|78/100|[from] item: Life Orb
|move|p1a: Corviknight|Brave Bird|p2a: Pidgeot
|-activate|p2a: Pidgeot|move: Protect
|move|p2b: Rotom|Will-O-Wisp|p1b: Garchomp
|-status|p1b: Garchomp|brn
|
|-heal|p1a: Corviknight|75/100|[from] item: Leftovers
|-damage|p1b: Garchomp|72/100 brn|[from] brn
|upkeep
|turn|4
|
|t:|1785881808
|detailschange|p2a: Pidgeot|Pidgeot-Mega, L50, M
|-mega|p2a: Pidgeot|Pidgeot|Pidgeotite
|move|p1b: Garchomp|Rock Slide|p2b: Rotom|[spread] p2a,p2b
|-supereffective|p2a: Pidgeot|1
|-damage|p2a: Pidgeot|63/100
|-damage|p2b: Rotom|63/100
|-damage|p1b: Garchomp|62/100 brn|[from] item: Life Orb
|cant|p2a: Pidgeot|flinch
|move|p1a: Corviknight|Brave Bird|p2a: Pidgeot
|-damage|p2a: Pidgeot|7/100
|-damage|p1a: Corviknight|60/100|[from] Recoil
|move|p2b: Rotom|Thunderbolt|p1a: Corviknight
|-supereffective|p1a: Corviknight|1
|-crit|p1a: Corviknight
|-damage|p1a: Corviknight|0 fnt
|faint|p1a: Corviknight
|
|-damage|p1b: Garchomp|56/100 brn|[from] brn
|-sideend|p1: superG195|move: Tailwind
|upkeep
|
|t:|1785881825
|switch|p1a: Rotom|Rotom-Heat, L50|100/100
|turn|5
|
|t:|1785881840
|move|p2a: Pidgeot|Protect|p2a: Pidgeot
|-singleturn|p2a: Pidgeot|Protect
|move|p1a: Rotom|Discharge|p2a: Pidgeot|[spread] p2b
|-activate|p2a: Pidgeot|move: Protect
|-immune|p1b: Garchomp
|-damage|p2b: Rotom|35/100
|-enditem|p2b: Rotom|Sitrus Berry|[eat]
|-heal|p2b: Rotom|60/100|[from] item: Sitrus Berry
|move|p1b: Garchomp|Dragon Claw|p2b: Rotom
|-damage|p2b: Rotom|32/100
|-damage|p1b: Garchomp|46/100 brn|[from] item: Life Orb
|move|p2b: Rotom|Hydro Pump|p1a: Rotom
|-supereffective|p1a: Rotom|1
|-damage|p1a: Rotom|0 fnt
|faint|p1a: Rotom
|
|-damage|p1b: Garchomp|40/100 brn|[from] brn
|upkeep
|
|t:|1785881857
|switch|p1a: Sceptile|Sceptile, L50, F|100/100
|turn|6
|
|t:|1785881872
|detailschange|p1a: Sceptile|Sceptile-Mega, L50, F
|-mega|p1a: Sceptile|Sceptile|Sceptilite
|move|p1a: Sceptile|Energy Ball|p2a: Pidgeot
|-resisted|p2a: Pidgeot|1
|-damage|p2a: Pidgeot|0 fnt
|faint|p2a: Pidgeot
|move|p1b: Garchomp|Dragon Claw|p2b: Rotom
|-damage|p2b: Rotom|7/100
|-damage|p1b: Garchomp|31/100 brn|[from] item: Life Orb
|move|p2b: Rotom|Hydro Pump|p1b: Garchomp
|-damage|p1b: Garchomp|0 fnt
|faint|p1b: Garchomp
|
|upkeep
|
|t:|1785881884
|switch|p2a: Excadrill|Excadrill, L50, F|100/100
|turn|7
|
|t:|1785881892
|move|p1a: Sceptile|Protect|p1a: Sceptile
|-singleturn|p1a: Sceptile|Protect
|move|p2a: Excadrill|Iron Head|p1a: Sceptile
|-activate|p1a: Sceptile|move: Protect
|move|p2b: Rotom|Hydro Pump|p1a: Sceptile
|-activate|p1a: Sceptile|move: Protect
|
|upkeep
|turn|8
|
|t:|1785881906
|move|p1a: Sceptile|Energy Ball|p2a: Excadrill
|-damage|p2a: Excadrill|27/100
|move|p2a: Excadrill|Iron Head|p1a: Sceptile
|-damage|p1a: Sceptile|37/100
|move|p2b: Rotom|Hydro Pump|p1a: Sceptile
|-resisted|p1a: Sceptile|2
|-damage|p1a: Sceptile|25/100
|
|upkeep
|turn|9
|
|t:|1785881923
|move|p1a: Sceptile|Energy Ball|p2b: Rotom
|-supereffective|p2b: Rotom|1
|-damage|p2b: Rotom|0 fnt
|faint|p2b: Rotom
|move|p2a: Excadrill|Iron Head|p1a: Sceptile
|-damage|p1a: Sceptile|0 fnt
|faint|p1a: Sceptile
|
|win|PopoVGC
||superG195 is ready for game 2.
||PopoVGC is ready for game 2.
|uhtml|next|Next: Game 2 of 3
|l|☆superG195
|player|p1|
