|j|☆lux raymundi
|j|☆csh72c
|html|lux raymundicsh72c    
|uhtml|bestof|Game 2 of a best-of-3
|t:|1783108636
|gametype|doubles
|player|p1|lux raymundi|2|1108
|player|p2|csh72c|cynthia|1105
|gen|9
|tier|[Gen 9 Champions] VGC 2026 Reg M-B (Bo3)
|rated|
|rule|Species Clause: Limit one of each Pokémon
|rule|Item Clause: Limit 1 of each item
|clearpoke
|poke|p1|Farigiraf, L50, F|
|poke|p1|Floette-Eternal, L50, F|
|poke|p1|Basculegion, L50, M|
|poke|p1|Sneasler, L50, F|
|poke|p1|Sinistcha, L50|
|poke|p1|Delphox, L50, M|
|poke|p2|Toxapex, L50, F, shiny|
|poke|p2|Volcarona, L50, M|
|poke|p2|Altaria, L50, F|
|poke|p2|Whimsicott, L50, F, shiny|
|poke|p2|Palafin, L50, F, shiny|
|poke|p2|Lucario, L50, F|
|teampreview|4
|showteam|p1|Farigiraf||SitrusBerry|ArmorTail|TrickRoom,HelpingHand,Protect,TwinBeam|Bold||F|||50|]Floette-Eternal||Floettite|FlowerVeil|CalmMind,DazzlingGleam,Moonblast,Protect|Modest||F|||50|]Basculegion||FocusSash|Adaptability|AquaJet,Liquidation,LastRespects,Protect|Adamant||M|||50|]Sneasler||WhiteHerb|Unburden|FakeOut,CloseCombat,DireClaw,Protect|Jolly||F|||50|]Sinistcha||KasibBerry|Hospitality|MatchaGotcha,RagePowder,TrickRoom,LifeDew|Serious|||||50|]Delphox||Delphoxite|Blaze|NastyPlot,HeatWave,Psychic,Protect|Timid||M|||50|
|showteam|p2|Toxapex||Leftovers|Regenerator|BanefulBunker,Toxic,Infestation,IronDefense|Sassy||F|||50|]Volcarona||SitrusBerry|FlameBody|QuiverDance,Protect,StruggleBug,HeatWave|Serious||M|||50|]Altaria||Altarianite|CloudNine|Protect,Moonblast,DracoMeteor,HyperVoice|Modest||F|||50|]Whimsicott||FocusSash|Prankster|Tailwind,Moonblast,Endeavor,Encore|Timid||F|||50|]Palafin||ChoiceScarf|ZerotoHero|FlipTurn,CloseCombat,WaveCrash,IronHead|Adamant||F|||50|]Lucario||Lucarionite|InnerFocus|Protect,BulletPunch,AuraSphere,VacuumWave|Mild||F|||50|
|inactive|Battle timer is ON: inactive players will automatically lose when time's up. (requested by csh72c)
|
|t:|1783108650
|teamsize|p1|4
|teamsize|p2|4
|start
|switch|p1a: Sneasler|Sneasler, L50, F|100/100
|switch|p1b: Delphox|Delphox, L50, M|100/100
|switch|p2a: Volcarona|Volcarona, L50, M|100/100
|switch|p2b: Whimsicott|Whimsicott, L50, F, shiny|100/100
|turn|1
|
|t:|1783108666
|detailschange|p1b: Delphox|Delphox-Mega, L50, M
|-mega|p1b: Delphox|Delphox|Delphoxite
|move|p1a: Sneasler|Fake Out|p2b: Whimsicott
|-damage|p2b: Whimsicott|78/100
|cant|p2b: Whimsicott|flinch
|move|p1b: Delphox|Heat Wave|p2b: Whimsicott|[spread] p2a,p2b
|-supereffective|p2b: Whimsicott|1
|-damage|p2a: Volcarona|55/100
|-damage|p2b: Whimsicott|0 fnt
|faint|p2b: Whimsicott
|move|p2a: Volcarona|Quiver Dance|p2a: Volcarona
|-boost|p2a: Volcarona|spa|1
|-boost|p2a: Volcarona|spd|1
|-boost|p2a: Volcarona|spe|1
|
|upkeep
|
|t:|1783108677
|switch|p2b: Toxapex|Toxapex, L50, F, shiny|100/100
|turn|2
|inactive|lux raymundi has 30 seconds left.
|
|t:|1783108706
|switch|p1a: Basculegion|Basculegion, L50, M|100/100
|move|p2a: Volcarona|Heat Wave|p1a: Basculegion|[spread] p1a,p1b
|-resisted|p1a: Basculegion|1
|-resisted|p1b: Delphox|1
|-crit|p1b: Delphox
|-damage|p1a: Basculegion|68/100
|-damage|p1b: Delphox|60/100
|move|p1b: Delphox|Nasty Plot|p1b: Delphox
|-boost|p1b: Delphox|spa|2
|move|p2b: Toxapex|Iron Defense|p2b: Toxapex
|-boost|p2b: Toxapex|def|2
|
|upkeep
|turn|3
|
|t:|1783108725
|move|p2a: Volcarona|Protect|p2a: Volcarona
|-singleturn|p2a: Volcarona|Protect
|move|p1b: Delphox|Psychic|p2b: Toxapex
|-supereffective|p2b: Toxapex|1
|-damage|p2b: Toxapex|0 fnt
|faint|p2b: Toxapex
|move|p1a: Basculegion|Liquidation|p2a: Volcarona
|-activate|p2a: Volcarona|move: Protect
|
|upkeep
|
|t:|1783108733
|switch|p2b: Lucario|Lucario, L50, F|100/100
|turn|4
|
|t:|1783108742
|switch|p1a: Sinistcha|Sinistcha, L50|100/100
|-heal|p1b: Delphox|85/100|[from] ability: Hospitality|[of] p1a: Sinistcha
|detailschange|p2b: Lucario|Lucario-Mega, L50, F
|-mega|p2b: Lucario|Lucario|Lucarionite
|move|p2b: Lucario|Protect|p2b: Lucario
|-singleturn|p2b: Lucario|Protect
|move|p2a: Volcarona|Struggle Bug|p1a: Sinistcha|[spread] p1a,p1b
|-damage|p1a: Sinistcha|70/100
|-damage|p1b: Delphox|55/100
|-unboost|p1a: Sinistcha|spa|1
|-unboost|p1b: Delphox|spa|1
|move|p1b: Delphox|Heat Wave|p2b: Lucario|[spread] p2a
|-activate|p2b: Lucario|move: Protect
|-damage|p2a: Volcarona|11/100
|-enditem|p2a: Volcarona|Sitrus Berry|[eat]
|-heal|p2a: Volcarona|36/100|[from] item: Sitrus Berry
|
|upkeep
|turn|5
|
|t:|1783108767
|move|p1a: Sinistcha|Rage Powder|p1a: Sinistcha
|-singleturn|p1a: Sinistcha|move: Rage Powder
|move|p2b: Lucario|Bullet Punch|p1a: Sinistcha
|-damage|p1a: Sinistcha|42/100
|move|p2a: Volcarona|Heat Wave|p1a: Sinistcha|[spread] p1a,p1b
|-supereffective|p1a: Sinistcha|1
|-resisted|p1b: Delphox|1
|-damage|p1a: Sinistcha|0 fnt
|-damage|p1b: Delphox|27/100
|faint|p1a: Sinistcha
|move|p1b: Delphox|Heat Wave|p2b: Lucario|[spread] p2a,p2b
|-supereffective|p2b: Lucario|1
|-damage|p2a: Volcarona|0 fnt
|-damage|p2b: Lucario|0 fnt
|faint|p2a: Volcarona
|faint|p2b: Lucario
|
|win|lux raymundi
|raw|lux raymundi's rating: 1108 → 1133(+25 for winning)
|raw|csh72c's rating: 1105 → 1080(-25 for losing)
