|j|☆OreXis945
|j|☆danicruz.music
|html|OreXis945danicruz.music    
|uhtml|bestof|Game 3 of a best-of-3
|t:|1756915278
|gametype|doubles
|player|p1|OreXis945|101|1170
|player|p2|danicruz.music|whitney|1180
|gen|9
|tier|[Gen 9] VGC 2025 Reg H (Bo3)
|rated|
|rule|Species Clause: Limit one of each Pokémon
|rule|Item Clause: Limit 1 of each item
|clearpoke
|poke|p1|Archaludon, L50, F|
|poke|p1|Sinistcha-Masterpiece, L50|
|poke|p1|Dragonite, L50, F|
|poke|p1|Pelipper, L50, F|
|poke|p1|Ursaluna, L50, F|
|poke|p1|Gholdengo, L50|
|poke|p2|Dondozo, L50, F|
|poke|p2|Tatsugiri, L50, M|
|poke|p2|Pelipper, L50, F|
|poke|p2|Archaludon, L50, M|
|poke|p2|Dragapult, L50, F|
|poke|p2|Rillaboom, L50, M|
|teampreview|4
|showteam|p1|Archaludon||AssaultVest|Stamina|BodyPress,Snarl,ElectroShot,FlashCannon|||F|||50|,,,,,Fighting]Sinistcha-Masterpiece||SitrusBerry|Hospitality|MatchaGotcha,RagePowder,TrickRoom,LifeDew||||||50|,,,,,Dark]Dragonite||LoadedDice|Multiscale|ScaleShot,Protect,Tailwind,Haze|||F|||50|,,,,,Steel]Pelipper||FocusSash|Drizzle|MuddyWater,Hurricane,Tailwind,Protect|||F|||50|,,,,,Ghost]Ursaluna||FlameOrb|Guts|Facade,HeadlongRush,Earthquake,Protect|||F|||50|,,,,,Ghost]Gholdengo||ChoiceScarf|GoodasGold|MakeItRain,TeraBlast,ShadowBall,Trick||||||50|,,,,,Water
|showteam|p2|Dondozo||Leftovers|Unaware|WaveCrash,Earthquake,OrderUp,Protect|||F|||50|,,,,,Ground]Tatsugiri||FocusSash|Commander|DragonPulse,DracoMeteor,MuddyWater,IcyWind|||M|||50|,,,,,Fairy]Pelipper||CovertCloak|Drizzle|Hurricane,WeatherBall,WideGuard,Tailwind|||F|||50|,,,,,Fire]Archaludon||PowerHerb|Stalwart|ElectroShot,FlashCannon,DracoMeteor,Protect|||M|||50|,,,,,Electric]Dragapult||ChoiceBand|ClearBody|DragonDarts,BodySlam,PhantomForce,Uturn|||F|||50|,,,,,Normal]Rillaboom||AssaultVest|GrassySurge|FakeOut,GrassyGlide,WoodHammer,Uturn|||M|||50|,,,,,Fire
|inactive|Battle timer is ON: inactive players will automatically lose when time's up. (requested by danicruz.music)
|inactive|OreXis945 has 60 seconds left.
|inactive|danicruz.music has 60 seconds left.
|inactive|OreXis945 has 30 seconds left.
|
|t:|1756915348
|teamsize|p1|4
|teamsize|p2|4
|start
|switch|p1a: Dragonite|Dragonite, L50, F|100/100
|switch|p1b: Gholdengo|Gholdengo, L50|100/100
|switch|p2a: Dragapult|Dragapult, L50, F|100/100
|switch|p2b: Archaludon|Archaludon, L50, M|100/100
|turn|1
|
|t:|1756915367
|switch|p1b: Archaludon|Archaludon, L50, F|100/100
|-terastallize|p2a: Dragapult|Normal
|move|p2b: Archaludon|Protect|p2b: Archaludon
|-singleturn|p2b: Archaludon|Protect
|move|p2a: Dragapult|Dragon Darts|p1a: Dragonite
|-supereffective|p1a: Dragonite
|-damage|p1a: Dragonite|57/100
|-anim|p2a: Dragapult|Dragon Darts|p1b: Archaludon
|-damage|p1b: Archaludon|78/100
|-ability|p1b: Archaludon|Stamina|boost
|-boost|p1b: Archaludon|def|1
|move|p1a: Dragonite|Scale Shot|p1b: Archaludon
|-damage|p1b: Archaludon|71/100
|-ability|p1b: Archaludon|Stamina|boost
|-boost|p1b: Archaludon|def|1
|-damage|p1b: Archaludon|66/100
|-ability|p1b: Archaludon|Stamina|boost
|-boost|p1b: Archaludon|def|1
|-damage|p1b: Archaludon|62/100
|-ability|p1b: Archaludon|Stamina|boost
|-boost|p1b: Archaludon|def|1
|-damage|p1b: Archaludon|59/100
|-ability|p1b: Archaludon|Stamina|boost
|-boost|p1b: Archaludon|def|1
|-hitcount|p1b: Archaludon|4
|-unboost|p1a: Dragonite|def|1
|-boost|p1a: Dragonite|spe|1
|
|upkeep
|turn|2
|inactive|OreXis945 has 30 seconds left.
|
|t:|1756915395
|switch|p1a: Sinistcha|Sinistcha-Masterpiece, L50|100/100
|-heal|p1b: Archaludon|84/100|[from] ability: Hospitality|[of] p1a: Sinistcha
|move|p2a: Dragapult|Dragon Darts|p1a: Sinistcha
|-damage|p1a: Sinistcha|66/100
|-anim|p2a: Dragapult|Dragon Darts|p1b: Archaludon
|-damage|p1b: Archaludon|76/100
|-ability|p1b: Archaludon|Stamina|boost
|-boost|p1b: Archaludon|def|1
|move|p2b: Archaludon|Draco Meteor|p1b: Archaludon
|-damage|p1b: Archaludon|33/100
|-unboost|p2b: Archaludon|spa|2
|move|p1b: Archaludon|Body Press|p2b: Archaludon
|-supereffective|p2b: Archaludon
|-damage|p2b: Archaludon|0 fnt
|faint|p2b: Archaludon
|
|upkeep
|
|t:|1756915408
|switch|p2b: Dondozo|Dondozo, L50, F|100/100
|turn|3
|
|t:|1756915419
|switch|p1a: Gholdengo|Gholdengo, L50|100/100
|move|p2a: Dragapult|Dragon Darts|p1b: Archaludon
|-crit|p1b: Archaludon
|-damage|p1b: Archaludon|1/100
|-anim|p2a: Dragapult|Dragon Darts|p1a: Gholdengo
|-resisted|p1a: Gholdengo
|-damage|p1a: Gholdengo|78/100
|move|p1b: Archaludon|Body Press|p2a: Dragapult
|-supereffective|p2a: Dragapult
|-damage|p2a: Dragapult|0 fnt
|faint|p2a: Dragapult
|move|p2b: Dondozo|Order Up|p1b: Archaludon
|-crit|p1b: Archaludon
|-damage|p1b: Archaludon|0 fnt
|faint|p1b: Archaludon
|
|upkeep
|
|t:|1756915439
|switch|p2a: Tatsugiri|Tatsugiri, L50, M|100/100
|switch|p1b: Dragonite|Dragonite, L50, F|57/100
|-activate|p2a: Tatsugiri|ability: Commander|[of] p2b: Dondozo
|-boost|p2b: Dondozo|atk|2
|-boost|p2b: Dondozo|spa|2
|-boost|p2b: Dondozo|spe|2
|-boost|p2b: Dondozo|def|2
|-boost|p2b: Dondozo|spd|2
|turn|4
|
|t:|1756915444
|switch|p1a: Sinistcha|Sinistcha-Masterpiece, L50|66/100
|-heal|p1b: Dragonite|82/100|[from] ability: Hospitality|[of] p1a: Sinistcha
|move|p1b: Dragonite|Protect|p1b: Dragonite
|-singleturn|p1b: Dragonite|Protect
|move|p2b: Dondozo|Order Up|p1b: Dragonite
|-activate|p1b: Dragonite|move: Protect
|
|upkeep
|turn|5
|
|t:|1756915455
|move|p1a: Sinistcha|Rage Powder|p1a: Sinistcha
|-singleturn|p1a: Sinistcha|move: Rage Powder
|move|p1b: Dragonite|Haze|p1b: Dragonite
|-clearallboost
|move|p2b: Dondozo|Order Up|p1a: Sinistcha
|-damage|p1a: Sinistcha|44/100
|-enditem|p1a: Sinistcha|Sitrus Berry|[eat]
|-heal|p1a: Sinistcha|69/100|[from] item: Sitrus Berry
|-boost|p2b: Dondozo|atk|1
|
|upkeep
|turn|6
|
|t:|1756915467
|move|p1b: Dragonite|Tailwind|p1b: Dragonite
|-sidestart|p1: OreXis945|move: Tailwind
|move|p1a: Sinistcha|Matcha Gotcha|p2a: Tatsugiri|[spread] p2b
|-miss|p1a: Sinistcha|p2a: Tatsugiri
|-supereffective|p2b: Dondozo
|-damage|p2b: Dondozo|56/100
|-heal|p1a: Sinistcha|100/100|[from] drain|[of] p2b: Dondozo
|move|p2b: Dondozo|Order Up|p1b: Dragonite
|-supereffective|p1b: Dragonite
|-damage|p1b: Dragonite|0 fnt
|faint|p1b: Dragonite
|-boost|p2b: Dondozo|atk|1
|
|-heal|p2b: Dondozo|62/100|[from] item: Leftovers
|upkeep
|
|t:|1756915477
|switch|p1b: Gholdengo|Gholdengo, L50|78/100
|turn|7
|
|t:|1756915484
|move|p2b: Dondozo|Protect|p2b: Dondozo
|-singleturn|p2b: Dondozo|Protect
|move|p1b: Gholdengo|Shadow Ball|p2b: Dondozo
|-activate|p2b: Dondozo|move: Protect
|move|p1a: Sinistcha|Matcha Gotcha|p2a: Tatsugiri|[spread] 
|-miss|p1a: Sinistcha|p2a: Tatsugiri
|-activate|p2b: Dondozo|move: Protect
|
|-heal|p2b: Dondozo|69/100|[from] item: Leftovers
|upkeep
|turn|8
|
|t:|1756915489
|move|p1b: Gholdengo|Shadow Ball|p2b: Dondozo
|-damage|p2b: Dondozo|23/100
|move|p1a: Sinistcha|Matcha Gotcha|p2a: Tatsugiri|[spread] p2b
|-miss|p1a: Sinistcha|p2a: Tatsugiri
|-supereffective|p2b: Dondozo
|-damage|p2b: Dondozo|0 fnt
|faint|p2b: Dondozo
|
|upkeep
|turn|9
|
|t:|1756915502
|move|p1b: Gholdengo|Shadow Ball|p2a: Tatsugiri
|-damage|p2a: Tatsugiri|38/100
|move|p1a: Sinistcha|Matcha Gotcha|p2a: Tatsugiri
|-crit|p2a: Tatsugiri
|-damage|p2a: Tatsugiri|0 fnt
|faint|p2a: Tatsugiri
|
|win|OreXis945
|raw|OreXis945's rating: 1170 → 1196(+26 for winning)
|raw|danicruz.music's rating: 1180 → 1154(-26 for losing)
