|j|☆glotis
|j|☆Gentlefish
|html|glotisGentlefish    
|uhtml|bestof|Game 2 of a best-of-3
|t:|1756168413
|gametype|doubles
|player|p1|glotis|linebacker|1040
|player|p2|Gentlefish|dragontamer-gen9|1138
|gen|9
|tier|[Gen 9] VGC 2025 Reg H (Bo3)
|rated|
|rule|Species Clause: Limit one of each Pokémon
|rule|Item Clause: Limit 1 of each item
|clearpoke
|poke|p1|Magcargo, L50, F|
|poke|p1|Blaziken, L50, M|
|poke|p1|Swampert, L50, M|
|poke|p1|Salamence, L50, F|
|poke|p1|Braviary, L50, M|
|poke|p1|Breloom, L50, F|
|poke|p2|Garchomp, L50, M|
|poke|p2|Weezing-Galar, L50, M|
|poke|p2|Archaludon, L50, M|
|poke|p2|Gholdengo, L50|
|poke|p2|Talonflame, L50, F|
|poke|p2|Annihilape, L50, M|
|teampreview|4
|showteam|p1|Magcargo||AirBalloon|FlameBody|WillOWisp,Protect,SunnyDay,HeatWave|||F|||50|,,,,,Grass]Blaziken||FocusSash|SpeedBoost|BlazeKick,Coaching,Protect,Counter|||M|||50|,,,,,Dark]Swampert||AssaultVest|Torrent|Waterfall,BodyPress,Earthquake,FlipTurn|||M|||50|,,,,,Water]Salamence||ClearAmulet|Intimidate|DracoMeteor,DragonClaw,DualWingbeat,Tailwind|||F|||50|,,,,,Steel]Braviary||CovertCloak|Defiant|BulkUp,Protect,BodySlam,RockSlide|||M|||50|,,,,,Normal]Breloom||SitrusBerry|Technician|MachPunch,Spore,Protect,SwordsDance|||F|||50|,,,,,Dark
|showteam|p2|Garchomp||LifeOrb|RoughSkin|DragonClaw,Earthquake,StompingTantrum,Protect|||M|||50|,,,,,Ground]Weezing-Galar||FocusSash|NeutralizingGas|Protect,SludgeBomb,Taunt,StrangeSteam|||M|||50|,,,,,Flying]Archaludon||PowerHerb|Sturdy|ElectroShot,Thunderbolt,DracoMeteor,Protect|||M|||50|,,,,,Electric]Gholdengo||ChoiceSpecs|GoodasGold|ShadowBall,DazzlingGleam,PowerGem,MakeItRain||||||50|,,,,,Fairy]Talonflame||CovertCloak|GaleWings|Tailwind,DualWingbeat,WillOWisp,FlareBlitz|||F|||50|,,,,,Stellar]Annihilape||AssaultVest|Defiant|CloseCombat,RageFist,FinalGambit,IcePunch|||M|||50|,,,,,Grass
|inactive|Battle timer is ON: inactive players will automatically lose when time's up. (requested by glotis)
|inactive|glotis has 60 seconds left.
|inactive|Gentlefish has 60 seconds left.
|inactive|Gentlefish has 30 seconds left.
|inactive|Gentlefish has 20 seconds left.
|
|t:|1756168485
|teamsize|p1|4
|teamsize|p2|4
|start
|switch|p1a: Breloom|Breloom, L50, F, shiny|100/100
|switch|p1b: Magcargo|Magcargo, L50, F, shiny|100/100
|switch|p2a: Talonflame|Talonflame, L50, F|100/100
|switch|p2b: Archaludon|Archaludon, L50, M|100/100
|-item|p1b: Magcargo|Air Balloon
|turn|1
|
|t:|1756168506
|-terastallize|p1a: Breloom|Dark
|move|p2a: Talonflame|Dual Wingbeat|p1a: Breloom
|-damage|p1a: Breloom|80/100
|-damage|p1a: Breloom|58/100
|-hitcount|p1a: Breloom|2
|move|p2b: Archaludon|Electro Shot||[still]
|-prepare|p2b: Archaludon|Electro Shot
|-boost|p2b: Archaludon|spa|1
|-enditem|p2b: Archaludon|Power Herb
|-anim|p2b: Archaludon|Electro Shot|p1a: Breloom
|-damage|p1a: Breloom|0 fnt
|faint|p1a: Breloom
|move|p1b: Magcargo|Heat Wave|p2a: Talonflame|[spread] p2a,p2b
|-resisted|p2a: Talonflame
|-damage|p2a: Talonflame|82/100
|-damage|p2b: Archaludon|64/100
|
|upkeep
|
|t:|1756168518
|switch|p1a: Blaziken|Blaziken, L50, M|100/100
|turn|2
|
|t:|1756168530
|move|p1a: Blaziken|Protect|p1a: Blaziken
|-singleturn|p1a: Blaziken|Protect
|move|p2a: Talonflame|Tailwind|p2a: Talonflame
|-sidestart|p2: Gentlefish|move: Tailwind
|move|p2b: Archaludon|Thunderbolt|p1b: Magcargo
|-damage|p1b: Magcargo|62/100
|-enditem|p1b: Magcargo|Air Balloon
|move|p1b: Magcargo|Will-O-Wisp|p2b: Archaludon
|-status|p2b: Archaludon|brn
|
|-damage|p2b: Archaludon|58/100 brn|[from] brn
|-ability|p1a: Blaziken|Speed Boost|boost
|-boost|p1a: Blaziken|spe|1
|upkeep
|turn|3
|inactive|glotis has 30 seconds left.
|
|t:|1756168564
|move|p2a: Talonflame|Dual Wingbeat|p1a: Blaziken|[miss]
|-miss|p2a: Talonflame|p1a: Blaziken
|move|p2b: Archaludon|Thunderbolt|p1a: Blaziken
|-damage|p1a: Blaziken|42/100
|move|p1a: Blaziken|Blaze Kick|p2b: Archaludon
|-damage|p2b: Archaludon|29/100 brn
|move|p1b: Magcargo|Sunny Day|p1b: Magcargo
|-weather|SunnyDay
|
|-weather|SunnyDay|[upkeep]
|-damage|p2b: Archaludon|23/100 brn|[from] brn
|-ability|p1a: Blaziken|Speed Boost|boost
|-boost|p1a: Blaziken|spe|1
|upkeep
|turn|4
|
|t:|1756168584
|move|p2b: Archaludon|Protect|p2b: Archaludon
|-singleturn|p2b: Archaludon|Protect
|move|p1a: Blaziken|Protect|p1a: Blaziken
|-singleturn|p1a: Blaziken|Protect
|move|p2a: Talonflame|Dual Wingbeat|p1a: Blaziken
|-activate|p1a: Blaziken|move: Protect
|move|p1b: Magcargo|Heat Wave|p2b: Archaludon|[spread] p2a
|-activate|p2b: Archaludon|move: Protect
|-resisted|p2a: Talonflame
|-damage|p2a: Talonflame|55/100
|
|-weather|SunnyDay|[upkeep]
|-damage|p2b: Archaludon|17/100 brn|[from] brn
|-ability|p1a: Blaziken|Speed Boost|boost
|-boost|p1a: Blaziken|spe|1
|upkeep
|turn|5
|
|t:|1756168601
|move|p2a: Talonflame|Dual Wingbeat|p1a: Blaziken|[miss]
|-miss|p2a: Talonflame|p1a: Blaziken
|move|p1a: Blaziken|Blaze Kick|p2b: Archaludon
|-crit|p2b: Archaludon
|-damage|p2b: Archaludon|0 fnt
|faint|p2b: Archaludon
|move|p1b: Magcargo|Heat Wave|p2a: Talonflame
|-resisted|p2a: Talonflame
|-damage|p2a: Talonflame|17/100
|
|-weather|SunnyDay|[upkeep]
|-sideend|p2: Gentlefish|move: Tailwind
|-ability|p1a: Blaziken|Speed Boost|boost
|-boost|p1a: Blaziken|spe|1
|upkeep
|
|t:|1756168615
|switch|p2b: Annihilape|Annihilape, L50, M|100/100
|turn|6
|
|t:|1756168635
|move|p1a: Blaziken|Blaze Kick|p2a: Talonflame|[miss]
|-miss|p1a: Blaziken|p2a: Talonflame
|move|p2a: Talonflame|Tailwind|p2a: Talonflame
|-sidestart|p2: Gentlefish|move: Tailwind
|move|p2b: Annihilape|Rage Fist|p1a: Blaziken
|-damage|p1a: Blaziken|11/100
|move|p1b: Magcargo|Will-O-Wisp|p2b: Annihilape|[miss]
|-miss|p1b: Magcargo|p2b: Annihilape
|
|-weather|SunnyDay|[upkeep]
|-ability|p1a: Blaziken|Speed Boost|boost
|-boost|p1a: Blaziken|spe|1
|upkeep
|turn|7
|
|t:|1756168655
|move|p1a: Blaziken|Blaze Kick|p2b: Annihilape
|-damage|p2b: Annihilape|47/100
|-status|p2b: Annihilape|brn
|move|p2a: Talonflame|Flare Blitz|p1a: Blaziken
|-resisted|p1a: Blaziken
|-damage|p1a: Blaziken|0 fnt
|faint|p1a: Blaziken
|-damage|p2a: Talonflame|13/100|[from] Recoil
|move|p2b: Annihilape|Close Combat|p1b: Magcargo
|-supereffective|p1b: Magcargo
|-damage|p1b: Magcargo|10/100
|-unboost|p2b: Annihilape|def|1
|-unboost|p2b: Annihilape|spd|1
|move|p1b: Magcargo|Heat Wave|p2b: Annihilape|[spread] p2a,p2b
|-resisted|p2a: Talonflame
|-damage|p2a: Talonflame|0 fnt
|-damage|p2b: Annihilape|12/100 brn
|faint|p2a: Talonflame
|
|-weather|none
|-damage|p2b: Annihilape|6/100 brn|[from] brn
|upkeep
|
|t:|1756168675
|switch|p2a: Gholdengo|Gholdengo, L50|100/100
|switch|p1a: Braviary|Braviary, L50, M|100/100
|turn|8
|
|t:|1756168687
|move|p2b: Annihilape|Ice Punch|p1a: Braviary
|-supereffective|p1a: Braviary
|-damage|p1a: Braviary|71/100
|move|p2a: Gholdengo|Make It Rain|p1b: Magcargo|[spread] p1a,p1b
|-damage|p1a: Braviary|0 fnt
|-damage|p1b: Magcargo|0 fnt
|-unboost|p2a: Gholdengo|spa|1
|faint|p1a: Braviary
|faint|p1b: Magcargo
|
|win|Gentlefish
|raw|glotis's rating: 1040 → 1028(-12 for losing)
|raw|Gentlefish's rating: 1138 → 1156(+18 for winning)
|l|☆glotis
|player|p1|
