|j|☆Bellsproutfanwill
|j|☆emptinessmach
|html|Bellsproutfanwillemptinessmach    
|uhtml|bestof|Game 3 of a best-of-3
|t:|1757036302
|gametype|doubles
|player|p1|Bellsproutfanwill|2|1246
|player|p2|emptinessmach|red|1160
|gen|9
|tier|[Gen 9] VGC 2025 Reg H (Bo3)
|rated|
|rule|Species Clause: Limit one of each Pokémon
|rule|Item Clause: Limit 1 of each item
|clearpoke
|poke|p1|Torkoal, L50, M|
|poke|p1|Oranguru, L50, F|
|poke|p1|Hariyama, L50, F|
|poke|p1|Sinistcha, L50|
|poke|p1|Annihilape, L50, F|
|poke|p1|Ursaluna-Bloodmoon, L50, M|
|poke|p2|Porygon2, L50|
|poke|p2|Incineroar, L50, M|
|poke|p2|Garchomp, L50, M|
|poke|p2|Gholdengo, L50|
|poke|p2|Amoonguss, L50, M|
|poke|p2|Sneasler, L50, F|
|teampreview|4
|showteam|p1|Torkoal||Charcoal|Drought|Eruption,HeatWave,BodyPress,Protect|||M|||50|,,,,,Fire]Oranguru||MentalHerb|InnerFocus|Instruct,TrickRoom,Encore,Taunt|||F|||50|,,,,,Fairy]Hariyama||FlameOrb|Guts|DrainPunch,ThunderPunch,BulkUp,FakeOut|||F|||50|,,,,,Electric]Sinistcha||FocusSash|Hospitality|MatchaGotcha,ShadowBall,RagePowder,TrickRoom||||||50|,,,,,Normal]Annihilape||ChoiceScarf|Defiant|RageFist,Uturn,FinalGambit,Taunt|||F|||50|,,,,,Grass]Ursaluna-Bloodmoon||ThroatSpray|MindsEye|HyperVoice,EarthPower,BloodMoon,Protect|||M|||50|,,,,,Ghost
|showteam|p2|Porygon2||Eviolite|Download|TeraBlast,IceBeam,Recover,TrickRoom||||||50|,,,,,Ground]Incineroar||SafetyGoggles|Intimidate|FlareBlitz,KnockOff,FakeOut,PartingShot|||M|||50|,,,,,Ghost]Garchomp||ClearAmulet|RoughSkin|Earthquake,Protect,StompingTantrum,DragonClaw|||M|||50|,,,,,Fire]Gholdengo||LifeOrb|GoodasGold|Protect,NastyPlot,MakeItRain,ShadowBall||||||50|,,,,,Water]Amoonguss||SitrusBerry|Regenerator|Spore,RagePowder,Protect,PollenPuff|||M|||50|,,,,,Fairy]Sneasler||FocusSash|PoisonTouch|DireClaw,CloseCombat,Coaching,Protect|||F|||50|,,,,,Flying
|
|t:|1757036316
|teamsize|p1|4
|teamsize|p2|4
|start
|switch|p1a: Oranguru|Oranguru, L50, F|100/100
|switch|p1b: Sinistcha|Sinistcha, L50|100/100
|switch|p2a: Sneasler|Sneasler, L50, F|100/100
|switch|p2b: Garchomp|Garchomp, L50, M|100/100
|turn|1
|
|t:|1757036331
|-terastallize|p2a: Sneasler|Flying
|move|p1b: Sinistcha|Rage Powder|p1b: Sinistcha
|-singleturn|p1b: Sinistcha|move: Rage Powder
|move|p2a: Sneasler|Coaching|p2b: Garchomp
|-boost|p2b: Garchomp|atk|1
|-boost|p2b: Garchomp|def|1
|move|p2b: Garchomp|Earthquake|p1b: Sinistcha|[spread] p1a,p1b
|-immune|p2a: Sneasler
|-resisted|p1b: Sinistcha
|-damage|p1a: Oranguru|50/100
|-damage|p1b: Sinistcha|72/100
|move|p1a: Oranguru|Trick Room|p1a: Oranguru
|-fieldstart|move: Trick Room|[of] p1a: Oranguru
|
|upkeep
|turn|2
|
|t:|1757036348
|move|p1a: Oranguru|Taunt|p2b: Garchomp
|-start|p2b: Garchomp|move: Taunt
|move|p1b: Sinistcha|Matcha Gotcha|p2a: Sneasler|[spread] p2a,p2b
|-resisted|p2a: Sneasler
|-damage|p2a: Sneasler|79/100
|-heal|p1b: Sinistcha|81/100|[from] drain|[of] p2a: Sneasler
|-damage|p2b: Garchomp|63/100
|-heal|p1b: Sinistcha|100/100|[from] drain|[of] p2b: Garchomp
|move|p2b: Garchomp|Earthquake|p1a: Oranguru|[spread] p1a,p1b
|-immune|p2a: Sneasler
|-resisted|p1b: Sinistcha
|-damage|p1a: Oranguru|2/100
|-damage|p1b: Sinistcha|72/100
|move|p2a: Sneasler|Coaching|p2b: Garchomp
|-boost|p2b: Garchomp|atk|1
|-boost|p2b: Garchomp|def|1
|
|upkeep
|turn|3
|
|t:|1757036374
|move|p1a: Oranguru|Instruct|p1b: Sinistcha
|-singleturn|p1b: Sinistcha|move: Instruct|[of] p1a: Oranguru
|move|p1b: Sinistcha|Matcha Gotcha|p2b: Garchomp|[spread] p2a,p2b
|-resisted|p2a: Sneasler
|-damage|p2a: Sneasler|57/100
|-heal|p1b: Sinistcha|82/100|[from] drain|[of] p2a: Sneasler
|-damage|p2b: Garchomp|27/100
|-heal|p1b: Sinistcha|100/100|[from] drain|[of] p2b: Garchomp
|-status|p2a: Sneasler|brn
|-status|p2b: Garchomp|brn
|move|p1b: Sinistcha|Shadow Ball|p2b: Garchomp
|-damage|p2b: Garchomp|0 fnt
|faint|p2b: Garchomp
|move|p2a: Sneasler|Dire Claw|p1b: Sinistcha
|-damage|p1b: Sinistcha|81/100
|-status|p1b: Sinistcha|par
|
|-damage|p2a: Sneasler|51/100 brn|[from] brn
|upkeep
|
|t:|1757036382
|switch|p2b: Incineroar|Incineroar, L50, M|100/100
|-ability|p2b: Incineroar|Intimidate|boost
|-fail|p1a: Oranguru|unboost|Attack|[from] ability: Inner Focus|[of] p1a: Oranguru
|-unboost|p1b: Sinistcha|atk|1
|turn|4
|
|t:|1757036411
|move|p2b: Incineroar|Fake Out|p1a: Oranguru
|-damage|p1a: Oranguru|0 fnt
|faint|p1a: Oranguru
|move|p1b: Sinistcha|Shadow Ball|p2a: Sneasler
|-damage|p2a: Sneasler|0 fnt
|faint|p2a: Sneasler
|
|upkeep
|
|t:|1757036420
|switch|p1a: Ursaluna|Ursaluna-Bloodmoon, L50, M|100/100
|switch|p2a: Porygon2|Porygon2, L50|100/100
|-ability|p2a: Porygon2|Download|boost
|-boost|p2a: Porygon2|spa|1
|turn|5
|
|t:|1757036461
|-terastallize|p1a: Ursaluna|Ghost
|cant|p1b: Sinistcha|par
|move|p1a: Ursaluna|Earth Power|p2b: Incineroar
|-supereffective|p2b: Incineroar
|-damage|p2b: Incineroar|16/100
|move|p2b: Incineroar|Flare Blitz|p1b: Sinistcha
|-supereffective|p1b: Sinistcha
|-damage|p1b: Sinistcha|0 fnt
|faint|p1b: Sinistcha
|-damage|p2b: Incineroar|0 fnt|[from] Recoil
|faint|p2b: Incineroar
|move|p2a: Porygon2|Trick Room|p2a: Porygon2
|-fieldend|move: Trick Room
|
|upkeep
|
|t:|1757036476
|switch|p1b: Torkoal|Torkoal, L50, M|100/100
|-weather|SunnyDay|[from] ability: Drought|[of] p1b: Torkoal
|turn|6
|
|t:|1757036488
|move|p2a: Porygon2|Tera Blast|p1b: Torkoal
|-damage|p1b: Torkoal|32/100
|move|p1a: Ursaluna|Hyper Voice|p2a: Porygon2
|-damage|p2a: Porygon2|66/100
|-enditem|p1a: Ursaluna|Throat Spray
|-boost|p1a: Ursaluna|spa|1|[from] item: Throat Spray
|move|p1b: Torkoal|Eruption|p2a: Porygon2
|-damage|p2a: Porygon2|43/100
|
|-weather|SunnyDay|[upkeep]
|upkeep
|turn|7
|inactive|Battle timer is ON: inactive players will automatically lose when time's up. (requested by emptinessmach)
|
|t:|1757036506
|move|p2a: Porygon2|Ice Beam|p1a: Ursaluna
|-crit|p1a: Ursaluna
|-damage|p1a: Ursaluna|37/100
|move|p1a: Ursaluna|Blood Moon|p2a: Porygon2
|-damage|p2a: Porygon2|0 fnt
|faint|p2a: Porygon2
|
|win|Bellsproutfanwill
|raw|Bellsproutfanwill's rating: 1246 → 1265(+19 for winning)
|raw|emptinessmach's rating: 1160 → 1141(-19 for losing)
|l|☆Bellsproutfanwill
|player|p1|
