|j|☆Styxstarz
|j|☆tang de maracuja
|html|Styxstarztang de maracuja    
|uhtml|bestof|Game 1 of a best-of-3
|t:|1784601653
|gametype|doubles
|player|p1|Styxstarz|169|1142
|player|p2|tang de maracuja|morty|1205
|gen|9
|tier|[Gen 9 Champions] VGC 2026 Reg M-B (Bo3)
|rated|
|rule|Species Clause: Limit one of each Pokémon
|rule|Item Clause: Limit 1 of each item
|clearpoke
|poke|p1|Pelipper, L50, F|
|poke|p1|Farigiraf, L50, M|
|poke|p1|Raichu, L50, M|
|poke|p1|Sableye, L50, M|
|poke|p1|Archaludon, L50, M|
|poke|p1|Basculegion, L50, M|
|poke|p2|Gengar, L50, M|
|poke|p2|Archaludon, L50, M|
|poke|p2|Politoed, L50, M|
|poke|p2|Swampert, L50, M|
|poke|p2|Vivillon, L50, F|
|poke|p2|Incineroar, L50, M|
|teampreview|4
|showteam|p1|Pelipper||DampRock|Drizzle|Hurricane,WeatherBall,IceBeam,WideGuard|Modest||F|||50|]Farigiraf||SitrusBerry|SapSipper|Imprison,TrickRoom,HyperVoice,AllySwitch|Modest||M|||50|]Raichu||RaichuniteY|LightningRod|ZapCannon,FocusBlast,Surf,Protect|Timid||M|||50|]Sableye||LightClay|Prankster|RainDance,LightScreen,WillOWisp,Encore|Impish||M|||50|]Archaludon||Leftovers|Stamina|ElectroShot,DragonPulse,FlashCannon,Protect|Modest||M|||50|]Basculegion||LifeOrb|SwiftSwim|WaveCrash,AquaJet,LastRespects,Protect|Adamant||M|||50|
|showteam|p2|Gengar||Gengarite|CursedBody|ShadowBall,SludgeBomb,PerishSong,Protect|Modest||M|||50|]Archaludon||Leftovers|Stamina|ElectroShot,DragonPulse,FlashCannon,Protect|Bold||M|||50|]Politoed||SitrusBerry|Drizzle|WeatherBall,Hypnosis,PerishSong,Protect|Calm||M|||50|]Swampert||Swampertite|Torrent|WaveCrash,Earthquake,IcePunch,Protect|Adamant||M|||50|]Vivillon||FocusSash|CompoundEyes|Hurricane,SleepPowder,RagePowder,Protect|Timid||F|||50|]Incineroar||PasshoBerry|Intimidate|ThroatChop,FakeOut,PartingShot,Protect|Impish||M|||50|
|inactive|Battle timer is ON: inactive players will automatically lose when time's up. (requested by tang de maracuja)
|inactive|Styxstarz has 60 seconds left.
|inactive|tang de maracuja has 60 seconds left.
|inactive|Styxstarz has 30 seconds left.
|
|t:|1784601714
|teamsize|p1|4
|teamsize|p2|4
|start
|switch|p1a: Farigiraf|Farigiraf, L50, M|100/100
|switch|p1b: Raichu|Raichu, L50, M|100/100
|switch|p2a: Swampert|Swampert, L50, M|100/100
|switch|p2b: Vivillon|Vivillon, L50, F|100/100
|turn|1
|
|t:|1784601735
|switch|p2b: Politoed|Politoed, L50, M|100/100
|-weather|RainDance|[from] ability: Drizzle|[of] p2b: Politoed
|detailschange|p2a: Swampert|Swampert-Mega, L50, M
|-mega|p2a: Swampert|Swampert|Swampertite
|move|p1b: Raichu|Protect|p1b: Raichu
|-singleturn|p1b: Raichu|Protect
|move|p2a: Swampert|Earthquake|p1a: Farigiraf|[spread] p2b,p1a
|-activate|p1b: Raichu|move: Protect
|-damage|p2b: Politoed|58/100
|-damage|p1a: Farigiraf|48/100
|-enditem|p1a: Farigiraf|Sitrus Berry|[eat]
|-heal|p1a: Farigiraf|73/100|[from] item: Sitrus Berry
|move|p1a: Farigiraf|Hyper Voice|p2b: Politoed|[spread] p2a,p2b
|-damage|p2a: Swampert|69/100
|-damage|p2b: Politoed|34/100
|-enditem|p2b: Politoed|Sitrus Berry|[eat]
|-heal|p2b: Politoed|59/100|[from] item: Sitrus Berry
|
|-weather|RainDance|[upkeep]
|upkeep
|turn|2
|inactive|Styxstarz has 30 seconds left.
|inactive|tang de maracuja has 30 seconds left.
|
|t:|1784601768
|switch|p1b: Pelipper|Pelipper, L50, F|100/100
|move|p2a: Swampert|Earthquake|p1b: Pelipper|[spread] p2b,p1a
|-immune|p1b: Pelipper
|-damage|p2b: Politoed|17/100
|-damage|p1a: Farigiraf|16/100
|move|p2b: Politoed|Weather Ball|p1a: Farigiraf
|-damage|p1a: Farigiraf|0 fnt
|faint|p1a: Farigiraf
|
|-weather|RainDance|[upkeep]
|upkeep
|
|t:|1784601777
|switch|p1a: Basculegion|Basculegion, L50, M|100/100
|turn|3
|inactive|Styxstarz has 30 seconds left.
|inactive|Styxstarz has 20 seconds left.
|
|t:|1784601813
|switch|p2a: Archaludon|Archaludon, L50, M|100/100
|move|p2b: Politoed|Protect|p2b: Politoed
|-singleturn|p2b: Politoed|Protect
|move|p1b: Pelipper|Wide Guard|p1b: Pelipper
|-singleturn|p1b: Pelipper|Wide Guard
|move|p1a: Basculegion|Last Respects|p2b: Politoed
|-activate|p2b: Politoed|move: Protect
|
|-weather|RainDance|[upkeep]
|upkeep
|turn|4
|inactive|tang de maracuja has 30 seconds left.
|inactive|tang de maracuja has 20 seconds left.
|inactive|tang de maracuja has 15 seconds left.
|
|t:|1784601857
|switch|p1b: Raichu|Raichu, L50, M|100/100
|move|p1a: Basculegion|Last Respects|p2b: Politoed
|-damage|p2b: Politoed|0 fnt
|faint|p2b: Politoed
|-damage|p1a: Basculegion|90/100|[from] item: Life Orb
|move|p2a: Archaludon|Electro Shot||[still]
|-activate|p1b: Raichu|ability: Lightning Rod
|-prepare|p2a: Archaludon|Electro Shot
|-boost|p2a: Archaludon|spa|1
|-anim|p2a: Archaludon|Electro Shot|p1b: Raichu
|-ability|p1b: Raichu|Lightning Rod|boost
|-boost|p1b: Raichu|spa|1
|
|-weather|RainDance|[upkeep]
|upkeep
|
|t:|1784601865
|switch|p2b: Swampert|Swampert-Mega, L50, M|69/100
|turn|5
|
|t:|1784601878
|switch|p2b: Vivillon|Vivillon, L50, F|100/100
|detailschange|p1b: Raichu|Raichu-Mega-Y, L50, M
|-mega|p1b: Raichu|Raichu|Raichunite Y
|move|p1a: Basculegion|Wave Crash|p2b: Vivillon
|-enditem|p2b: Vivillon|Focus Sash
|-damage|p2b: Vivillon|1/100
|-damage|p1a: Basculegion|64/100|[from] Recoil
|-damage|p1a: Basculegion|54/100|[from] item: Life Orb
|move|p1b: Raichu|Focus Blast|p2a: Archaludon
|-supereffective|p2a: Archaludon|1
|-damage|p2a: Archaludon|0 fnt
|faint|p2a: Archaludon
|
|-weather|none
|upkeep
|-message|tang de maracuja forfeited.
|
|win|Styxstarz
