|j|☆ToshiVGC
|j|☆Heliosan
|html|ToshiVGCHeliosan    
|uhtml|bestof|Game 3 of a best-of-3
|t:|1757837321
|gametype|doubles
|player|p1|ToshiVGC|elesa|1167
|player|p2|Heliosan|steven|1165
|gen|9
|tier|[Gen 9] VGC 2025 Reg H (Bo3)
|rated|
|rule|Species Clause: Limit one of each Pokémon
|rule|Item Clause: Limit 1 of each item
|clearpoke
|poke|p1|Hatterene, L50, F|
|poke|p1|Torkoal, L50, M|
|poke|p1|Indeedee-F, L50, F|
|poke|p1|Ursaluna, L50, F|
|poke|p1|Gallade, L50, M|
|poke|p1|Lilligant-Hisui, L50, F|
|poke|p2|Annihilape, L50, F|
|poke|p2|Rillaboom, L50, M|
|poke|p2|Gholdengo, L50|
|poke|p2|Ursaluna-Bloodmoon, L50, M|
|poke|p2|Incineroar, L50, M|
|poke|p2|Dragonite, L50, F|
|teampreview|4
|showteam|p1|Hatterene||LifeOrb|MagicBounce|DazzlingGleam,ExpandingForce,TrickRoom,Protect|||F|||50|,,,,,Psychic]Torkoal||Charcoal|Drought|Eruption,HeatWave,Protect,EarthPower|||M|||50|,,,,,Fire]Indeedee-F||PsychicSeed|PsychicSurge|DazzlingGleam,FollowMe,TrickRoom,HelpingHand|||F|||50|,,,,,Fairy]Ursaluna||FlameOrb|Guts|Facade,HeadlongRush,Earthquake,Protect|||F|||50|,,,,,Ghost]Gallade||ClearAmulet|Sharpness|SacredSword,PsychoCut,TrickRoom,WideGuard|||M|||50|,,,,,Grass]Lilligant-Hisui||FocusSash|Chlorophyll|CloseCombat,SolarBlade,SleepPowder,AfterYou|||F|||50|,,,,,Ghost
|showteam|p2|Annihilape||SafetyGoggles|Defiant|CloseCombat,RageFist,FinalGambit,Taunt|||F|||50|,,,,,Water]Rillaboom||AssaultVest|GrassySurge|WoodHammer,GrassyGlide,HighHorsepower,FakeOut|||M|||50|,,,,,Fire]Gholdengo||LifeOrb|GoodasGold|MakeItRain,ShadowBall,NastyPlot,Protect||||||50|,,,,,Water]Ursaluna-Bloodmoon||FocusSash|MindsEye|HyperVoice,BloodMoon,EarthPower,Protect|||M|||50|,,,,,Normal]Incineroar||SitrusBerry|Intimidate|FlareBlitz,KnockOff,PartingShot,FakeOut|||M|||50|,,,,,Ghost]Dragonite||LoadedDice|Multiscale|ScaleShot,Haze,Tailwind,Protect|||F|||50|,,,,,Steel
|j| Claarity
|
|t:|1757837373
|teamsize|p1|4
|teamsize|p2|4
|start
|switch|p1a: Torkoal|Torkoal, L50, M, shiny|100/100
|switch|p1b: Lilligant|Lilligant-Hisui, L50, F, shiny|100/100
|switch|p2a: Ursaluna|Ursaluna-Bloodmoon, L50, M|100/100
|switch|p2b: Annihilape|Annihilape, L50, F|100/100
|-weather|SunnyDay|[from] ability: Drought|[of] p1a: Torkoal
|turn|1
|
|t:|1757837411
|-terastallize|p2b: Annihilape|Water
|move|p1a: Torkoal|Protect|p1a: Torkoal
|-singleturn|p1a: Torkoal|Protect
|move|p1b: Lilligant|Sleep Powder|p2a: Ursaluna|[miss]
|-miss|p1b: Lilligant|p2a: Ursaluna
|move|p2b: Annihilape|Close Combat|p1b: Lilligant
|-damage|p1b: Lilligant|18/100
|-unboost|p2b: Annihilape|def|1
|-unboost|p2b: Annihilape|spd|1
|move|p2a: Ursaluna|Earth Power|p1a: Torkoal
|-activate|p1a: Torkoal|move: Protect
|
|-weather|SunnyDay|[upkeep]
|upkeep
|turn|2
|
|t:|1757837455
|switch|p1a: Gallade|Gallade, L50, M, shiny|100/100
|move|p1b: Lilligant|Solar Blade||[still]
|-prepare|p1b: Lilligant|Solar Blade
|-anim|p1b: Lilligant|Solar Blade|p2b: Annihilape
|-supereffective|p2b: Annihilape
|-damage|p2b: Annihilape|0 fnt
|faint|p2b: Annihilape
|move|p2a: Ursaluna|Hyper Voice|p1b: Lilligant|[spread] p1a,p1b
|-damage|p1a: Gallade|66/100
|-damage|p1b: Lilligant|0 fnt
|faint|p1b: Lilligant
|
|-weather|SunnyDay|[upkeep]
|upkeep
|
|t:|1757837478
|switch|p1b: Indeedee|Indeedee-F, L50, F, shiny|100/100
|switch|p2b: Gholdengo|Gholdengo, L50|100/100
|-fieldstart|move: Psychic Terrain|[from] ability: Psychic Surge|[of] p1b: Indeedee
|-enditem|p1b: Indeedee|Psychic Seed
|-boost|p1b: Indeedee|spd|1|[from] item: Psychic Seed
|turn|3
|
|t:|1757837506
|move|p1a: Gallade|Wide Guard|p1a: Gallade
|-singleturn|p1a: Gallade|Wide Guard
|move|p2b: Gholdengo|Make It Rain|p1b: Indeedee|[spread] 
|-activate|p1a: Gallade|move: Wide Guard
|-activate|p1b: Indeedee|move: Wide Guard
|move|p2a: Ursaluna|Blood Moon|p1a: Gallade
|-damage|p1a: Gallade|0 fnt
|faint|p1a: Gallade
|move|p1b: Indeedee|Trick Room|p1b: Indeedee
|-fieldstart|move: Trick Room|[of] p1b: Indeedee
|
|-weather|SunnyDay|[upkeep]
|upkeep
|
|t:|1757837518
|switch|p1a: Torkoal|Torkoal, L50, M, shiny|100/100
|turn|4
|
|t:|1757837527
|-terastallize|p1a: Torkoal|Fire
|move|p2a: Ursaluna|Protect|p2a: Ursaluna
|-singleturn|p2a: Ursaluna|Protect
|move|p1a: Torkoal|Eruption|p2a: Ursaluna|[spread] p2b
|-activate|p2a: Ursaluna|move: Protect
|-supereffective|p2b: Gholdengo
|-damage|p2b: Gholdengo|0 fnt
|faint|p2b: Gholdengo
|move|p1b: Indeedee|Dazzling Gleam|p2a: Ursaluna
|-activate|p2a: Ursaluna|move: Protect
|
|-weather|SunnyDay|[upkeep]
|upkeep
|
|t:|1757837534
|switch|p2b: Rillaboom|Rillaboom, L50, M|100/100
|-fieldstart|move: Grassy Terrain|[from] ability: Grassy Surge|[of] p2b: Rillaboom
|turn|5
|
|t:|1757837557
|move|p1a: Torkoal|Protect|p1a: Torkoal
|-singleturn|p1a: Torkoal|Protect
|move|p2b: Rillaboom|Fake Out|p1b: Indeedee
|-damage|p1b: Indeedee|86/100
|move|p2a: Ursaluna|Blood Moon|p1b: Indeedee
|-damage|p1b: Indeedee|37/100
|cant|p1b: Indeedee|flinch
|
|-weather|none
|-heal|p1b: Indeedee|43/100|[from] Grassy Terrain
|upkeep
|turn|6
|
|t:|1757837576
|move|p1b: Indeedee|Helping Hand|p1a: Torkoal
|-singleturn|p1a: Torkoal|Helping Hand|[of] p1b: Indeedee
|move|p2a: Ursaluna|Protect|p2a: Ursaluna
|-singleturn|p2a: Ursaluna|Protect
|move|p2b: Rillaboom|Grassy Glide|p1b: Indeedee
|-damage|p1b: Indeedee|10/100
|move|p1a: Torkoal|Eruption|p2b: Rillaboom|[spread] p2b
|-activate|p2a: Ursaluna|move: Protect
|-supereffective|p2b: Rillaboom
|-damage|p2b: Rillaboom|0 fnt
|faint|p2b: Rillaboom
|
|-heal|p1b: Indeedee|16/100|[from] Grassy Terrain
|upkeep
|turn|7
|
|t:|1757837595
|move|p2a: Ursaluna|Protect||[still]
|-fail|p2a: Ursaluna
|move|p1a: Torkoal|Eruption|p2a: Ursaluna
|-enditem|p2a: Ursaluna|Focus Sash
|-damage|p2a: Ursaluna|1/100
|move|p1b: Indeedee|Dazzling Gleam|p2a: Ursaluna
|-damage|p2a: Ursaluna|0 fnt
|faint|p2a: Ursaluna
|
|win|ToshiVGC
|raw|ToshiVGC's rating: 1167 → 1192(+25 for winning)
|raw|Heliosan's rating: 1165 → 1140(-25 for losing)
