|j|☆paradox duck
|j|☆mb gang
|html|paradox duckmb gang    
|uhtml|bestof|Game 1 of a best-of-3
|t:|1785880908
|gametype|doubles
|player|p1|paradox duck|ghetsis|1352
|player|p2|mb gang|skier|1380
|gen|9
|tier|[Gen 9 Champions] VGC 2026 Reg M-B (Bo3)
|rated|
|rule|Species Clause: Limit one of each Pokémon
|rule|Item Clause: Limit 1 of each item
|clearpoke
|poke|p1|Garchomp, L50, M|
|poke|p1|Tyranitar, L50, F|
|poke|p1|Gholdengo, L50|
|poke|p1|Whimsicott, L50, M|
|poke|p1|Sneasler, L50, F|
|poke|p1|Floette-Eternal, L50, F|
|poke|p2|Drampa, L50, M|
|poke|p2|Kingambit, L50, F|
|poke|p2|Delphox, L50, F|
|poke|p2|Sinistcha, L50|
|poke|p2|Sneasler, L50, F|
|poke|p2|Tauros-Paldea-Aqua, L50, M|
|teampreview|4
|showteam|p1|Garchomp||Garchompite|SandVeil|EarthPower,DracoMeteor,PowerGem,Protect|Modest||M|||50|]Tyranitar||FocusSash|SandStream|RockSlide,Superpower,KnockOff,Protect|Jolly||F|||50|]Gholdengo||LifeOrb|GoodasGold|MakeItRain,ShadowBall,NastyPlot,Protect|Modest|||||50|]Whimsicott||BabiriBerry|Prankster|Moonblast,Tailwind,Encore,Protect|Timid||M|||50|]Sneasler||WhiteHerb|Unburden|CloseCombat,DireClaw,FakeOut,Protect|Jolly||F|||50|]Floette-Eternal||Floettite|FlowerVeil|Moonblast,DazzlingGleam,LightofRuin,Protect|Modest||F|||50|
|showteam|p2|Drampa||HabanBerry|CloudNine|LightScreen,Protect,HelpingHand,DracoMeteor|Sassy||M|||50|]Kingambit||BlackGlasses|Defiant|KowtowCleave,SuckerPunch,IronHead,Protect|Brave||F|||50|]Delphox||Delphoxite|Blaze|HeatWave,Psychic,CalmMind,Protect|Timid||F|||50|]Sinistcha||SitrusBerry|Hospitality|MatchaGotcha,Protect,RagePowder,TrickRoom|Relaxed|||||50|]Sneasler||FocusSash|PoisonTouch|PoisonJab,CloseCombat,FakeOut,Protect|Jolly||F|||50|]Tauros-Paldea-Aqua||ChoiceScarf|Intimidate|CloseCombat,RockSlide,WaveCrash,AquaJet|Jolly||M|||50|
|inactive|Battle timer is ON: inactive players will automatically lose when time's up. (requested by mb gang)
|inactive|paradox duck has 60 seconds left.
|inactive|paradox duck has 30 seconds left.
|inactive|paradox duck has 20 seconds left.
|
|t:|1785880979
|teamsize|p1|4
|teamsize|p2|4
|start
|switch|p1a: Garchomp|Garchomp, L50, M|100/100
|switch|p1b: Sneasler|Sneasler, L50, F|100/100
|switch|p2a: Delphox|Delphox, L50, F|100/100
|switch|p2b: Sneasler|Sneasler, L50, F|100/100
|turn|1
|
|t:|1785881004
|switch|p2b: Sinistcha|Sinistcha, L50|100/100
|detailschange|p2a: Delphox|Delphox-Mega, L50, F
|-mega|p2a: Delphox|Delphox|Delphoxite
|move|p2a: Delphox|Protect|p2a: Delphox
|-singleturn|p2a: Delphox|Protect
|move|p1b: Sneasler|Fake Out|p2a: Delphox
|-activate|p2a: Delphox|move: Protect
|move|p1a: Garchomp|Earth Power|p2b: Sinistcha
|-resisted|p2b: Sinistcha|1
|-damage|p2b: Sinistcha|80/100
|
|upkeep
|turn|2
|inactive|mb gang has 30 seconds left.
|
|t:|1785881035
|switch|p1b: Tyranitar|Tyranitar, L50, F|100/100
|-weather|Sandstorm|[from] ability: Sand Stream|[of] p1b: Tyranitar
|detailschange|p1a: Garchomp|Garchomp-Mega, L50, M
|-mega|p1a: Garchomp|Garchomp|Garchompite
|move|p2b: Sinistcha|Rage Powder|p2b: Sinistcha
|-singleturn|p2b: Sinistcha|move: Rage Powder
|move|p2a: Delphox|Calm Mind|p2a: Delphox
|-boost|p2a: Delphox|spa|1
|-boost|p2a: Delphox|spd|1
|move|p1a: Garchomp|Draco Meteor|p2b: Sinistcha
|-damage|p2b: Sinistcha|2/100
|-unboost|p1a: Garchomp|spa|2
|-enditem|p2b: Sinistcha|Sitrus Berry|[eat]
|-heal|p2b: Sinistcha|27/100|[from] item: Sitrus Berry
|
|-weather|Sandstorm|[upkeep]
|-damage|p2a: Delphox|94/100|[from] Sandstorm
|-damage|p2b: Sinistcha|21/100|[from] Sandstorm
|upkeep
|turn|3
|
|t:|1785881057
|move|p2a: Delphox|Protect|p2a: Delphox
|-singleturn|p2a: Delphox|Protect
|move|p1b: Tyranitar|Rock Slide|p2b: Sinistcha|[spread] p2b
|-activate|p2a: Delphox|move: Protect
|-damage|p2b: Sinistcha|0 fnt
|faint|p2b: Sinistcha
|move|p1a: Garchomp|Draco Meteor|p2a: Delphox
|-activate|p2a: Delphox|move: Protect
|
|-weather|Sandstorm|[upkeep]
|-damage|p2a: Delphox|88/100|[from] Sandstorm
|upkeep
|
|t:|1785881071
|switch|p2b: Sneasler|Sneasler, L50, F|100/100
|turn|4
|inactive|mb gang has 30 seconds left.
|
|t:|1785881105
|switch|p1a: Sneasler|Sneasler, L50, F|100/100
|move|p1b: Tyranitar|Protect|p1b: Tyranitar
|-singleturn|p1b: Tyranitar|Protect
|move|p2a: Delphox|Psychic|p1a: Sneasler
|-supereffective|p1a: Sneasler|2
|-damage|p1a: Sneasler|0 fnt
|faint|p1a: Sneasler
|move|p2b: Sneasler|Close Combat|p1b: Tyranitar
|-activate|p1b: Tyranitar|move: Protect
|
|-weather|Sandstorm|[upkeep]
|-damage|p2a: Delphox|82/100|[from] Sandstorm
|-damage|p2b: Sneasler|94/100|[from] Sandstorm
|upkeep
|
|t:|1785881117
|switch|p1a: Whimsicott|Whimsicott, L50, M|100/100
|turn|5
|inactive|mb gang has 30 seconds left.
|inactive|mb gang has 20 seconds left.
|
|t:|1785881156
|move|p1a: Whimsicott|Tailwind|p1a: Whimsicott
|-sidestart|p1: paradox duck|move: Tailwind
|move|p1b: Tyranitar|Knock Off|p2a: Delphox
|-supereffective|p2a: Delphox|1
|-damage|p2a: Delphox|0 fnt
|faint|p2a: Delphox
|move|p2b: Sneasler|Close Combat|p1b: Tyranitar
|-supereffective|p1b: Tyranitar|2
|-enditem|p1b: Tyranitar|Focus Sash
|-damage|p1b: Tyranitar|1/100
|-unboost|p2b: Sneasler|def|1
|-unboost|p2b: Sneasler|spd|1
|
|-weather|Sandstorm|[upkeep]
|-damage|p1a: Whimsicott|94/100|[from] Sandstorm
|-damage|p2b: Sneasler|88/100|[from] Sandstorm
|upkeep
|
|t:|1785881160
|switch|p2a: Kingambit|Kingambit, L50, F|100/100
|turn|6
|
|t:|1785881179
|move|p2b: Sneasler|Protect|p2b: Sneasler
|-singleturn|p2b: Sneasler|Protect
|move|p1a: Whimsicott|Encore|p2b: Sneasler
|-activate|p2b: Sneasler|move: Protect
|move|p2a: Kingambit|Sucker Punch|p1b: Tyranitar
|-resisted|p1b: Tyranitar|1
|-damage|p1b: Tyranitar|0 fnt
|faint|p1b: Tyranitar
|
|-weather|none
|upkeep
|
|t:|1785881186
|switch|p1b: Garchomp|Garchomp-Mega, L50, M|100/100
|turn|7
|
|t:|1785881193
|move|p2b: Sneasler|Protect|p2b: Sneasler
|-singleturn|p2b: Sneasler|Protect
|move|p1a: Whimsicott|Encore|p2b: Sneasler
|-activate|p2b: Sneasler|move: Protect
|move|p1b: Garchomp|Earth Power|p2a: Kingambit
|-supereffective|p2a: Kingambit|1
|-damage|p2a: Kingambit|0 fnt
|faint|p2a: Kingambit
|
|upkeep
|turn|8
|
|t:|1785881206
|move|p1a: Whimsicott|Encore|p2b: Sneasler
|-start|p2b: Sneasler|Encore
|move|p2b: Sneasler|Protect||[still]
|-fail|p2b: Sneasler
|move|p1b: Garchomp|Earth Power|p2b: Sneasler
|-supereffective|p2b: Sneasler|1
|-damage|p2b: Sneasler|0 fnt
|faint|p2b: Sneasler
|
|win|paradox duck
||paradox duck is ready for game 2.
|inactive|mb gang has 30 seconds to confirm battle start!
