|j|☆Triir
|j|☆MiiverseVGC
|html|TriirMiiverseVGC    
|uhtml|bestof|Game 1 of a best-of-3
|t:|1784469464
|gametype|doubles
|player|p1|Triir|#smogonxnpa2025draftee2|
|player|p2|MiiverseVGC|265|
|gen|9
|tier|[Gen 9 Champions] VGC 2026 Reg M-B (Bo3)
|rule|Species Clause: Limit one of each Pokémon
|rule|Item Clause: Limit 1 of each item
|clearpoke
|poke|p1|Garchomp, L50, M|
|poke|p1|Venusaur, L50, M|
|poke|p1|Incineroar, L50, M|
|poke|p1|Charizard, L50, M|
|poke|p1|Toxapex, L50, M|
|poke|p1|Annihilape, L50, M|
|poke|p2|Charizard, L50, F|
|poke|p2|Venusaur, L50, F|
|poke|p2|Hydreigon, L50, M|
|poke|p2|Annihilape, L50, F|
|poke|p2|Toxapex, L50, M|
|poke|p2|Incineroar, L50, M|
|teampreview|4
|showteam|p1|Garchomp||ChoiceScarf|RoughSkin|Earthquake,RockSlide,DragonClaw,StompingTantrum|Adamant||M|||50|]Venusaur||LifeOrb|Chlorophyll|SludgeBomb,SolarBeam,EarthPower,Protect|Modest||M|||50|]Incineroar||SitrusBerry|Intimidate|FakeOut,FlareBlitz,ThroatChop,PartingShot|Impish||M|||50|]Charizard||CharizarditeY|Blaze|HeatWave,WeatherBall,HelpingHand,Protect|Modest||M|||50|]Toxapex||Leftovers|Regenerator|Infestation,Toxic,WideGuard,BanefulBunker|Impish||M|||50|]Annihilape||FocusSash|Defiant|CloseCombat,PhantomForce,RockTomb,Protect|Jolly||M|||50|
|showteam|p2|Charizard||CharizarditeY|Blaze|HeatWave,WeatherBall,HelpingHand,Protect|Modest||F|||50|]Venusaur||LifeOrb|Chlorophyll|SolarBeam,SludgeBomb,EarthPower,Protect|Modest||F|||50|]Hydreigon||ChoiceScarf|Levitate|DracoMeteor,DarkPulse,Snarl,EarthPower|Modest||M|||50|]Annihilape||FocusSash|Defiant|CloseCombat,PhantomForce,RockTomb,Protect|Jolly||F|||50|]Toxapex||Leftovers|Regenerator|Toxic,Infestation,WideGuard,BanefulBunker|Bold||M|||50|]Incineroar||SitrusBerry|Intimidate|FlareBlitz,DarkestLariat,PartingShot,FakeOut|Careful||M|||50|
|j| Axior
|c|☆MiiverseVGC|glhf
|c|☆Triir|u2
|j| Finabas
|l| Finabas
|
|t:|1784469590
|teamsize|p1|4
|teamsize|p2|4
|start
|switch|p1a: Annihilape|Annihilape, L50, M|100/100
|switch|p1b: Garchomp|Garchomp, L50, M|100/100
|switch|p2a: Charizard|Charizard, L50, F|100/100
|switch|p2b: Annihilape|Annihilape, L50, F|100/100
|turn|1
|j| frostvg
|j| baaaaat_
|
|t:|1784469641
|switch|p2b: Venusaur|Venusaur, L50, F|100/100
|move|p2a: Charizard|Protect|p2a: Charizard
|-singleturn|p2a: Charizard|Protect
|move|p1b: Garchomp|Rock Slide|p2a: Charizard|[spread] p2b
|-activate|p2a: Charizard|move: Protect
|-damage|p2b: Venusaur|73/100
|move|p1a: Annihilape|Phantom Force||[still]
|-prepare|p1a: Annihilape|Phantom Force
|
|upkeep
|turn|2
|j| Finabas
|
|t:|1784469687
|switch|p1b: Charizard|Charizard, L50, M|100/100
|detailschange|p2a: Charizard|Charizard-Mega-Y, L50, F
|-mega|p2a: Charizard|Charizard|Charizardite Y
|-weather|SunnyDay|[from] ability: Drought|[of] p2a: Charizard
|move|p2b: Venusaur|Solar Beam||[still]
|-prepare|p2b: Venusaur|Solar Beam
|-anim|p2b: Venusaur|Solar Beam|p1b: Charizard
|-resisted|p1b: Charizard|2
|-damage|p1b: Charizard|78/100
|-damage|p2b: Venusaur|63/100|[from] item: Life Orb
|move|p1a: Annihilape|Phantom Force|p2b: Venusaur|[from] lockedmove
|-damage|p2b: Venusaur|10/100
|move|p2a: Charizard|Heat Wave|p1a: Annihilape|[spread] p1a,p1b
|-resisted|p1b: Charizard|1
|-damage|p1a: Annihilape|37/100
|-damage|p1b: Charizard|40/100
|
|-weather|SunnyDay|[upkeep]
|upkeep
|turn|3
|
|t:|1784469743
|switch|p1b: Toxapex|Toxapex, L50, M|100/100
|move|p1a: Annihilape|Protect|p1a: Annihilape
|-singleturn|p1a: Annihilape|Protect
|move|p2b: Venusaur|Sludge Bomb|p1b: Toxapex
|-resisted|p1b: Toxapex|1
|-damage|p1b: Toxapex|79/100
|-damage|p2b: Venusaur|1/100|[from] item: Life Orb
|move|p2a: Charizard|Heat Wave|p1a: Annihilape|[spread] p1b
|-activate|p1a: Annihilape|move: Protect
|-resisted|p1b: Toxapex|1
|-damage|p1b: Toxapex|56/100
|
|-weather|SunnyDay|[upkeep]
|-heal|p1b: Toxapex|62/100|[from] item: Leftovers
|upkeep
|turn|4
|l| Finabas
|j| starstruckbunni
|
|t:|1784469792
|switch|p1a: Charizard|Charizard, L50, M|40/100
|switch|p2a: Toxapex|Toxapex, L50, M|100/100
|move|p2b: Venusaur|Protect|p2b: Venusaur
|-singleturn|p2b: Venusaur|Protect
|move|p1b: Toxapex|Baneful Bunker||[still]
|-fail|p1b: Toxapex
|
|-weather|SunnyDay|[upkeep]
|-heal|p1b: Toxapex|68/100|[from] item: Leftovers
|upkeep
|turn|5
|j| Finabas
|l| starstruckbunni
|j| flarefox
|
|t:|1784469821
|detailschange|p1a: Charizard|Charizard-Mega-Y, L50, M
|-mega|p1a: Charizard|Charizard|Charizardite Y
|move|p1b: Toxapex|Baneful Bunker|p1b: Toxapex
|-singleturn|p1b: Toxapex|move: Protect
|move|p2b: Venusaur|Solar Beam||[still]
|-prepare|p2b: Venusaur|Solar Beam
|-anim|p2b: Venusaur|Solar Beam|p1b: Toxapex
|-activate|p1b: Toxapex|move: Protect
|move|p1a: Charizard|Heat Wave|p2b: Venusaur|[spread] p2a,p2b
|-resisted|p2a: Toxapex|1
|-supereffective|p2b: Venusaur|1
|-damage|p2a: Toxapex|76/100
|-damage|p2b: Venusaur|0 fnt
|faint|p2b: Venusaur
|move|p2a: Toxapex|Infestation|p1a: Charizard
|-resisted|p1a: Charizard|2
|-damage|p1a: Charizard|40/100
|-activate|p1a: Charizard|move: Infestation|[of] p2a: Toxapex
|
|-weather|SunnyDay|[upkeep]
|-heal|p1b: Toxapex|73/100|[from] item: Leftovers
|-heal|p2a: Toxapex|82/100|[from] item: Leftovers
|-damage|p1a: Charizard|28/100|[from] move: Infestation|[partiallytrapped]
|upkeep
|j| Hecate2
|j| Li Zhiyan
|j| marcofiero
|
|t:|1784469856
|switch|p2b: Annihilape|Annihilape, L50, F|100/100
|turn|6
|
|t:|1784469880
|move|p2a: Toxapex|Baneful Bunker|p2a: Toxapex
|-singleturn|p2a: Toxapex|move: Protect
|move|p2b: Annihilape|Rock Tomb|p1a: Charizard
|-supereffective|p1a: Charizard|2
|-damage|p1a: Charizard|0 fnt
|faint|p1a: Charizard
|move|p1b: Toxapex|Toxic|p2b: Annihilape
|-status|p2b: Annihilape|tox
|
|-weather|none
|-heal|p2a: Toxapex|87/100|[from] item: Leftovers
|-heal|p1b: Toxapex|79/100|[from] item: Leftovers
|-damage|p2b: Annihilape|94/100 tox|[from] psn
|upkeep
|
|t:|1784469887
|switch|p1a: Garchomp|Garchomp, L50, M|100/100
|turn|7
|j| yasminablubberbil
|j| expected choquet
|j| A Regu1ar Guy
|
|t:|1784469911
|-heal|p2a: Toxapex|100/100|[from] ability: Regenerator|[silent]
|switch|p2a: Charizard|Charizard-Mega-Y, L50, F|100/100
|-weather|SunnyDay|[from] ability: Drought|[of] p2a: Charizard
|move|p1b: Toxapex|Wide Guard|p1b: Toxapex
|-singleturn|p1b: Toxapex|Wide Guard
|move|p1a: Garchomp|Earthquake|p2b: Annihilape|[spread] p2b
|-activate|p1b: Toxapex|move: Wide Guard
|-immune|p2a: Charizard
|-damage|p2b: Annihilape|47/100 tox
|move|p2b: Annihilape|Phantom Force||[still]
|-prepare|p2b: Annihilape|Phantom Force
|
|-weather|SunnyDay|[upkeep]
|-heal|p1b: Toxapex|85/100|[from] item: Leftovers
|-damage|p2b: Annihilape|35/100 tox|[from] psn
|upkeep
|turn|8
|
|t:|1784469937
|switch|p1a: Annihilape|Annihilape, L50, M|37/100
|move|p2b: Annihilape|Phantom Force|p1a: Annihilape|[from] lockedmove
|-supereffective|p1a: Annihilape|1
|-crit|p1a: Annihilape
|-damage|p1a: Annihilape|0 fnt
|faint|p1a: Annihilape
|move|p2a: Charizard|Weather Ball|p1b: Toxapex
|-resisted|p1b: Toxapex|1
|-damage|p1b: Toxapex|50/100g
|move|p1b: Toxapex|Infestation|p2a: Charizard
|-resisted|p2a: Charizard|2
|-damage|p2a: Charizard|99/100
|-activate|p2a: Charizard|move: Infestation|[of] p1b: Toxapex
|
|-weather|SunnyDay|[upkeep]
|-heal|p1b: Toxapex|56/100|[from] item: Leftovers
|-damage|p2b: Annihilape|18/100 tox|[from] psn
|-damage|p2a: Charizard|87/100|[from] move: Infestation|[partiallytrapped]
|upkeep
|
|t:|1784469941
|switch|p1a: Garchomp|Garchomp, L50, M|100/100
|turn|9
|l| marcofiero
|
|t:|1784469974
|move|p2a: Charizard|Protect|p2a: Charizard
|-singleturn|p2a: Charizard|Protect
|move|p1a: Garchomp|Dragon Claw|p2b: Annihilape
|-damage|p2b: Annihilape|0 fnt
|faint|p2b: Annihilape
|move|p1b: Toxapex|Toxic|p2a: Charizard
|-activate|p2a: Charizard|move: Protect
|
|-weather|SunnyDay|[upkeep]
|-heal|p1b: Toxapex|61/100|[from] item: Leftovers
|-damage|p2a: Charizard|75/100|[from] move: Infestation|[partiallytrapped]
|upkeep
|
|t:|1784469978
|switch|p2b: Toxapex|Toxapex, L50, M|100/100
|turn|10
|
|t:|1784470003
|move|p1a: Garchomp|Dragon Claw|p2a: Charizard
|-damage|p2a: Charizard|26/100
|move|p2a: Charizard|Weather Ball|p1a: Garchomp
|-resisted|p1a: Garchomp|1
|-damage|p1a: Garchomp|52/100
|move|p2b: Toxapex|Toxic|p1a: Garchomp
|-status|p1a: Garchomp|tox
|move|p1b: Toxapex|Toxic|p2a: Charizard
|-status|p2a: Charizard|tox
|
|-weather|SunnyDay|[upkeep]
|-heal|p1b: Toxapex|67/100|[from] item: Leftovers
|-damage|p1a: Garchomp|46/100 tox|[from] psn
|-damage|p2a: Charizard|21/100 tox|[from] psn
|-damage|p2a: Charizard|9/100 tox|[from] move: Infestation|[partiallytrapped]
|upkeep
|turn|11
|
|t:|1784470032
|move|p1a: Garchomp|Dragon Claw|p2a: Charizard
|-damage|p2a: Charizard|0 fnt
|faint|p2a: Charizard
|move|p1b: Toxapex|Infestation|p2b: Toxapex
|-resisted|p2b: Toxapex|1
|-damage|p2b: Toxapex|98/100
|-activate|p2b: Toxapex|move: Infestation|[of] p1b: Toxapex
|move|p2b: Toxapex|Infestation|p1b: Toxapex
|-resisted|p1b: Toxapex|1
|-damage|p1b: Toxapex|66/100
|-activate|p1b: Toxapex|move: Infestation|[of] p2b: Toxapex
|
|-weather|none
|-heal|p2b: Toxapex|100/100|[from] item: Leftovers
|-heal|p1b: Toxapex|71/100|[from] item: Leftovers
|-damage|p1a: Garchomp|34/100 tox|[from] psn
|-damage|p2b: Toxapex|87/100|[from] move: Infestation|[partiallytrapped]
|-damage|p1b: Toxapex|59/100|[from] move: Infestation|[partiallytrapped]
|upkeep
|turn|12
|
|t:|1784470042
|move|p2b: Toxapex|Baneful Bunker|p2b: Toxapex
|-singleturn|p2b: Toxapex|move: Protect
|move|p1a: Garchomp|Dragon Claw|p2b: Toxapex
|-activate|p2b: Toxapex|move: Protect
|move|p1b: Toxapex|Infestation|p2b: Toxapex
|-activate|p2b: Toxapex|move: Protect
|
|-heal|p1b: Toxapex|65/100|[from] item: Leftovers
|-heal|p2b: Toxapex|93/100|[from] item: Leftovers
|-damage|p1a: Garchomp|16/100 tox|[from] psn
|-damage|p1b: Toxapex|53/100|[from] move: Infestation|[partiallytrapped]
|-damage|p2b: Toxapex|81/100|[from] move: Infestation|[partiallytrapped]
|upkeep
|turn|13
|l| yasminablubberbil
|
|t:|1784470049
|move|p2b: Toxapex|Baneful Bunker||[still]
|-fail|p2b: Toxapex
|move|p1a: Garchomp|Dragon Claw|p2b: Toxapex
|-damage|p2b: Toxapex|56/100
|move|p1b: Toxapex|Infestation|p2b: Toxapex
|-resisted|p2b: Toxapex|1
|-damage|p2b: Toxapex|54/100
|
|-heal|p2b: Toxapex|60/100|[from] item: Leftovers
|-heal|p1b: Toxapex|59/100|[from] item: Leftovers
|-damage|p1a: Garchomp|0 fnt|[from] psn
|faint|p1a: Garchomp
|-damage|p1b: Toxapex|47/100|[from] move: Infestation|[partiallytrapped]
|-damage|p2b: Toxapex|48/100|[from] move: Infestation|[partiallytrapped]
|upkeep
|turn|14
|
|t:|1784470054
|move|p2b: Toxapex|Infestation|p1b: Toxapex
|-resisted|p1b: Toxapex|1
|-damage|p1b: Toxapex|45/100
|move|p1b: Toxapex|Infestation|p2b: Toxapex
|-resisted|p2b: Toxapex|1
|-damage|p2b: Toxapex|47/100
|
|-heal|p2b: Toxapex|52/100|[from] item: Leftovers
|-heal|p1b: Toxapex|51/100|[from] item: Leftovers
|-damage|p2b: Toxapex|40/100|[from] move: Infestation|[partiallytrapped]
|-damage|p1b: Toxapex|39/100|[from] move: Infestation|[partiallytrapped]
|upkeep
|turn|15
|
|t:|1784470069
|move|p1b: Toxapex|Infestation|p2b: Toxapex
|-resisted|p2b: Toxapex|1
|-damage|p2b: Toxapex|39/100
|move|p2b: Toxapex|Infestation|p1b: Toxapex
|-resisted|p1b: Toxapex|1
|-damage|p1b: Toxapex|38/100
|
|-heal|p1b: Toxapex|43/100|[from] item: Leftovers
|-heal|p2b: Toxapex|45/100|[from] item: Leftovers
|-damage|p2b: Toxapex|33/100|[from] move: Infestation|[partiallytrapped]
|-damage|p1b: Toxapex|31/100|[from] move: Infestation|[partiallytrapped]
|upkeep
|turn|16
|
|t:|1784470077
|move|p1b: Toxapex|Infestation|p2b: Toxapex
|-resisted|p2b: Toxapex|1
|-crit|p2b: Toxapex
|-damage|p2b: Toxapex|31/100
|move|p2b: Toxapex|Infestation|p1b: Toxapex
|-resisted|p1b: Toxapex|1
|-damage|p1b: Toxapex|30/100
|
|-heal|p2b: Toxapex|36/100|[from] item: Leftovers
|-heal|p1b: Toxapex|36/100|[from] item: Leftovers
|-end|p1b: Toxapex|Infestation|[partiallytrapped]
|-end|p2b: Toxapex|Infestation|[partiallytrapped]
|upkeep
|turn|17
|
|t:|1784470082
|move|p2b: Toxapex|Baneful Bunker|p2b: Toxapex
|-singleturn|p2b: Toxapex|move: Protect
|move|p1b: Toxapex|Infestation|p2b: Toxapex
|-activate|p2b: Toxapex|move: Protect
|
|-heal|p1b: Toxapex|42/100|[from] item: Leftovers
|-heal|p2b: Toxapex|42/100|[from] item: Leftovers
|upkeep
|turn|18
|
|t:|1784470085
|move|p2b: Toxapex|Infestation|p1b: Toxapex
|-resisted|p1b: Toxapex|1
|-damage|p1b: Toxapex|40/100
|-activate|p1b: Toxapex|move: Infestation|[of] p2b: Toxapex
|move|p1b: Toxapex|Infestation|p2b: Toxapex
|-resisted|p2b: Toxapex|1
|-damage|p2b: Toxapex|41/100
|-activate|p2b: Toxapex|move: Infestation|[of] p1b: Toxapex
|
|-heal|p2b: Toxapex|47/100|[from] item: Leftovers
|-heal|p1b: Toxapex|46/100|[from] item: Leftovers
|-damage|p2b: Toxapex|35/100|[from] move: Infestation|[partiallytrapped]
|-damage|p1b: Toxapex|34/100|[from] move: Infestation|[partiallytrapped]
|upkeep
|turn|19
|j| Vvhggvbhj
|
|t:|1784470089
|move|p2b: Toxapex|Infestation|p1b: Toxapex
|-resisted|p1b: Toxapex|1
|-damage|p1b: Toxapex|33/100
|move|p1b: Toxapex|Infestation|p2b: Toxapex
|-resisted|p2b: Toxapex|1
|-damage|p2b: Toxapex|33/100
|
|-heal|p2b: Toxapex|39/100|[from] item: Leftovers
|-heal|p1b: Toxapex|38/100|[from] item: Leftovers
|-damage|p2b: Toxapex|27/100|[from] move: Infestation|[partiallytrapped]
|-damage|p1b: Toxapex|26/100|[from] move: Infestation|[partiallytrapped]
|upkeep
|turn|20
|
|t:|1784470098
|move|p1b: Toxapex|Infestation|p2b: Toxapex
|-resisted|p2b: Toxapex|1
|-damage|p2b: Toxapex|26/100
|move|p2b: Toxapex|Infestation|p1b: Toxapex
|-resisted|p1b: Toxapex|1
|-damage|p1b: Toxapex|25/100
|
|-heal|p2b: Toxapex|31/100|[from] item: Leftovers
|-heal|p1b: Toxapex|31/100|[from] item: Leftovers
|-damage|p1b: Toxapex|19/100|[from] move: Infestation|[partiallytrapped]
|-damage|p2b: Toxapex|19/100|[from] move: Infestation|[partiallytrapped]
|upkeep
|turn|21
|l| Vvhggvbhj
|
|t:|1784470105
|move|p2b: Toxapex|Baneful Bunker|p2b: Toxapex
|-singleturn|p2b: Toxapex|move: Protect
|move|p1b: Toxapex|Baneful Bunker||[still]
|-fail|p1b: Toxapex
|
|-heal|p2b: Toxapex|25/100|[from] item: Leftovers
|-heal|p1b: Toxapex|24/100|[from] item: Leftovers
|-damage|p1b: Toxapex|12/100|[from] move: Infestation|[partiallytrapped]
|-damage|p2b: Toxapex|13/100|[from] move: Infestation|[partiallytrapped]
|upkeep
|turn|22
|
|t:|1784470114
|move|p2b: Toxapex|Infestation|p1b: Toxapex
|-resisted|p1b: Toxapex|1
|-damage|p1b: Toxapex|11/100
|move|p1b: Toxapex|Infestation|p2b: Toxapex
|-resisted|p2b: Toxapex|1
|-damage|p2b: Toxapex|12/100
|
|-heal|p2b: Toxapex|17/100|[from] item: Leftovers
|-heal|p1b: Toxapex|17/100|[from] item: Leftovers
|-damage|p1b: Toxapex|5/100|[from] move: Infestation|[partiallytrapped]
|-damage|p2b: Toxapex|5/100|[from] move: Infestation|[partiallytrapped]
|upkeep
|turn|23
|j| kynan sahur
|
|t:|1784470121
|move|p2b: Toxapex|Baneful Bunker|p2b: Toxapex
|-singleturn|p2b: Toxapex|move: Protect
|move|p1b: Toxapex|Infestation|p2b: Toxapex
|-activate|p2b: Toxapex|move: Protect
|
|-heal|p1b: Toxapex|10/100|[from] item: Leftovers
|-heal|p2b: Toxapex|11/100|[from] item: Leftovers
|-end|p1b: Toxapex|Infestation|[partiallytrapped]
|-end|p2b: Toxapex|Infestation|[partiallytrapped]
|upkeep
|turn|24
|j| xmarsh
|
|t:|1784470130
|move|p2b: Toxapex|Infestation|p1b: Toxapex
|-resisted|p1b: Toxapex|1
|-damage|p1b: Toxapex|9/100
|-activate|p1b: Toxapex|move: Infestation|[of] p2b: Toxapex
|move|p1b: Toxapex|Infestation|p2b: Toxapex
|-resisted|p2b: Toxapex|1
|-damage|p2b: Toxapex|10/100
|-activate|p2b: Toxapex|move: Infestation|[of] p1b: Toxapex
|
|-heal|p1b: Toxapex|15/100|[from] item: Leftovers
|-heal|p2b: Toxapex|15/100|[from] item: Leftovers
|-damage|p2b: Toxapex|3/100|[from] move: Infestation|[partiallytrapped]
|-damage|p1b: Toxapex|3/100|[from] move: Infestation|[partiallytrapped]
|upkeep
|turn|25
|l| xmarsh
|j| beben la lechee
|
|t:|1784470144
|move|p1b: Toxapex|Baneful Bunker|p1b: Toxapex
|-singleturn|p1b: Toxapex|move: Protect
|move|p2b: Toxapex|Infestation|p1b: Toxapex
|-activate|p1b: Toxapex|move: Protect
|
|-heal|p1b: Toxapex|8/100|[from] item: Leftovers
|-heal|p2b: Toxapex|9/100|[from] item: Leftovers
|-damage|p1b: Toxapex|0 fnt|[from] move: Infestation|[partiallytrapped]
|faint|p1b: Toxapex
|
|win|MiiverseVGC
|j| starstruckbunni
||Triir is ready for game 2.
||MiiverseVGC is ready for game 2.
|uhtml|next|Next: Game 2 of 3
|l| starstruckbunni
|l| Finabas
|j| MajorStar
|j| marcofiero
|l| kynan sahur
|j| thacrow
|j| Finabas
|l| beben la lechee
|l| expected choquet
|l| thacrow
|l| Finabas
|j| Finabas
|j| AnxiousApple
|j| beben la lechee
|l| Finabas
|l| marcofiero
|j| Finabas
|j| jmodri
|j| parlayprincewins
|l| beben la lechee
|l| Finabas
|j| Finabas
|l| Finabas
|j| marcofiero
|j| Code
|j| Finabas
|l| flarefox
|l| Finabas
|j| Finabas
|l| Finabas
|l| Hecate2
|l| AnxiousApple
|l| Li Zhiyan
|l| A Regu1ar Guy
|j| sap sipper farig
|l| frostvg
|j| Finabas
|l| Axior
|l| MajorStar
|l| Finabas
|j| TrailerParkBarbie
