|j|☆CheesyTime
|j|☆WGSGZM
|html|CheesyTimeWGSGZM    
|uhtml|bestof|Game 2 of a best-of-3
|t:|1782203232
|gametype|doubles
|player|p1|CheesyTime|colress|1116
|player|p2|WGSGZM|steven|1124
|gen|9
|tier|[Gen 9 Champions] VGC 2026 Reg M-B (Bo3)
|rated|
|rule|Species Clause: Limit one of each Pokémon
|rule|Item Clause: Limit 1 of each item
|clearpoke
|poke|p1|Pyroar, L50, F|
|poke|p1|Ninetales, L50, M, shiny|
|poke|p1|Whimsicott, L50, F|
|poke|p1|Floette-Eternal, L50, F|
|poke|p1|Basculegion, L50, M|
|poke|p1|Farigiraf, L50, M|
|poke|p2|Sneasler, L50, F|
|poke|p2|Delphox, L50, F|
|poke|p2|Kingambit, L50, F|
|poke|p2|Sinistcha, L50|
|poke|p2|Incineroar, L50, M|
|poke|p2|Floette-Eternal, L50, F|
|teampreview|4
|showteam|p1|Pyroar||Pyroarite|Unnerve|HeatWave,Overheat,SolarBeam,Protect|Timid||F|||50|]Ninetales||ChoiceScarf|Drought|HeatWave,Overheat,SolarBeam,FakeTears|Modest||M|||50|]Whimsicott||FocusSash|Prankster|Moonblast,Tailwind,SunnyDay,Protect|Timid||F|||50|]Floette-Eternal||Floettite|FlowerVeil|Moonblast,LightofRuin,DazzlingGleam,Protect|Modest||F|||50|]Basculegion||LifeOrb|Adaptability|WaveCrash,LastRespects,AquaJet,Protect|Adamant||M|||50|]Farigiraf||SitrusBerry|ArmorTail|Psychic,Thunderbolt,TrickRoom,HelpingHand|Bold||M|||50|
|showteam|p2|Sneasler||FocusSash|Unburden|FakeOut,CloseCombat,DireClaw,QuickGuard|Jolly||F|||50|]Delphox||Delphoxite|Blaze|HeatWave,Psychic,NastyPlot,Protect|Timid||F|||50|]Kingambit||BlackGlasses|Defiant|KowtowCleave,SwordsDance,SuckerPunch,Protect|Adamant||F|||50|]Sinistcha||KasibBerry|Hospitality|MatchaGotcha,RagePowder,TrickRoom,Protect|Bold|||||50|]Incineroar||SitrusBerry|Intimidate|PartingShot,FakeOut,ThroatChop,FlareBlitz|Careful||M|||50|]Floette-Eternal||Floettite|FlowerVeil|Moonblast,DazzlingGleam,CalmMind,Protect|Modest||F|||50|
|inactive|Battle timer is ON: inactive players will automatically lose when time's up. (requested by WGSGZM)
|inactive|CheesyTime has 60 seconds left.
|
|t:|1782203293
|teamsize|p1|4
|teamsize|p2|4
|start
|switch|p1a: Whimsicott|Whimsicott, L50, F|100/100
|switch|p1b: Basculegion|Basculegion, L50, M|100/100
|switch|p2a: Delphox|Delphox, L50, F|100/100
|switch|p2b: Incineroar|Incineroar, L50, M|100/100
|-ability|p2b: Incineroar|Intimidate|boost
|-unboost|p1a: Whimsicott|atk|1
|-unboost|p1b: Basculegion|atk|1
|turn|1
|inactive|WGSGZM has 30 seconds left.
|
|t:|1782203323
|detailschange|p2a: Delphox|Delphox-Mega, L50, F
|-mega|p2a: Delphox|Delphox|Delphoxite
|move|p2a: Delphox|Protect|p2a: Delphox
|-singleturn|p2a: Delphox|Protect
|move|p1a: Whimsicott|Moonblast|p2b: Incineroar
|-damage|p2b: Incineroar|70/100
|-unboost|p2b: Incineroar|spa|1
|move|p1b: Basculegion|Wave Crash|p2b: Incineroar
|-supereffective|p2b: Incineroar|1
|-damage|p2b: Incineroar|0 fnt
|faint|p2b: Incineroar
|-damage|p1b: Basculegion|76/100|[from] Recoil
|-damage|p1b: Basculegion|67/100|[from] item: Life Orb
|
|upkeep
|
|t:|1782203332
|switch|p2b: Kingambit|Kingambit, L50, F|100/100
|turn|2
|
|t:|1782203340
|move|p1b: Basculegion|Protect|p1b: Basculegion
|-singleturn|p1b: Basculegion|Protect
|move|p1a: Whimsicott|Tailwind|p1a: Whimsicott
|-sidestart|p1: CheesyTime|move: Tailwind
|move|p2a: Delphox|Nasty Plot|p2a: Delphox
|-boost|p2a: Delphox|spa|2
|move|p2b: Kingambit|Kowtow Cleave|p1a: Whimsicott
|-resisted|p1a: Whimsicott|1
|-damage|p1a: Whimsicott|58/100
|
|upkeep
|turn|3
|inactive|CheesyTime has 30 seconds left.
|inactive|WGSGZM has 30 seconds left.
|
|t:|1782203375
|move|p2a: Delphox|Protect|p2a: Delphox
|-singleturn|p2a: Delphox|Protect
|move|p1b: Basculegion|Aqua Jet|p2b: Kingambit
|-damage|p2b: Kingambit|79/100
|-damage|p1b: Basculegion|57/100|[from] item: Life Orb
|move|p1a: Whimsicott|Moonblast|p2b: Kingambit
|-damage|p2b: Kingambit|47/100
|move|p2b: Kingambit|Kowtow Cleave|p1b: Basculegion
|-supereffective|p1b: Basculegion|1
|-damage|p1b: Basculegion|0 fnt
|faint|p1b: Basculegion
|
|upkeep
|
|t:|1782203382
|switch|p1b: Floette|Floette-Eternal, L50, F|100/100
|turn|4
|
|t:|1782203398
|detailschange|p1b: Floette|Floette-Mega, L50, F
|-mega|p1b: Floette|Floette|Floettite
|-ability|p1b: Floette|Fairy Aura
|move|p1a: Whimsicott|Moonblast|p2a: Delphox
|-resisted|p2a: Delphox|1
|-damage|p2a: Delphox|77/100
|move|p1b: Floette|Dazzling Gleam|p2a: Delphox|[spread] p2a,p2b
|-resisted|p2a: Delphox|1
|-damage|p2a: Delphox|53/100
|-damage|p2b: Kingambit|0 fnt
|faint|p2b: Kingambit
|move|p2a: Delphox|Heat Wave|p1b: Floette|[spread] p1a,p1b
|-supereffective|p1a: Whimsicott|1
|-damage|p1a: Whimsicott|0 fnt
|-damage|p1b: Floette|28/100
|-status|p1b: Floette|brn
|faint|p1a: Whimsicott
|
|-damage|p1b: Floette|22/100 brn|[from] brn
|upkeep
|
|t:|1782203406
|switch|p1a: Farigiraf|Farigiraf, L50, M|100/100
|switch|p2b: Sneasler|Sneasler, L50, F|100/100
|turn|5
|inactive|CheesyTime has 30 seconds left.
|inactive|CheesyTime has 20 seconds left.
|
|t:|1782203446
|move|p1b: Floette|Protect|p1b: Floette
|-singleturn|p1b: Floette|Protect
|move|p2a: Delphox|Protect|p2a: Delphox
|-singleturn|p2a: Delphox|Protect
|move|p2b: Sneasler|Close Combat|p1a: Farigiraf
|-damage|p1a: Farigiraf|54/100
|-unboost|p2b: Sneasler|def|1
|-unboost|p2b: Sneasler|spd|1
|move|p1a: Farigiraf|Trick Room|p1a: Farigiraf
|-fieldstart|move: Trick Room|[of] p1a: Farigiraf
|
|-damage|p1b: Floette|16/100 brn|[from] brn
|-sideend|p1: CheesyTime|move: Tailwind
|upkeep
|turn|6
|
|t:|1782203466
|move|p1a: Farigiraf|Psychic|p2b: Sneasler
|-supereffective|p2b: Sneasler|2
|-enditem|p2b: Sneasler|Focus Sash
|-damage|p2b: Sneasler|1/100
|move|p1b: Floette|Light of Ruin|p2a: Delphox
|-resisted|p2a: Delphox|1
|-damage|p2a: Delphox|1/100
|-damage|p1b: Floette|0 fnt|[from] Recoil
|faint|p1b: Floette
|move|p2a: Delphox|Heat Wave|p1a: Farigiraf
|-damage|p1a: Farigiraf|0 fnt
|faint|p1a: Farigiraf
|
|win|WGSGZM
