|j|☆papucaru
|j|☆TeyVgc
|html|papucaruTeyVgc    
|uhtml|bestof|Game 3 of a best-of-3
|t:|1784055609
|gametype|doubles
|player|p1|papucaru|265|1121
|player|p2|TeyVgc|rood|1212
|gen|9
|tier|[Gen 9 Champions] VGC 2026 Reg M-B (Bo3)
|rated|
|rule|Species Clause: Limit one of each Pokémon
|rule|Item Clause: Limit 1 of each item
|clearpoke
|poke|p1|Farigiraf, L50, M|
|poke|p1|Kangaskhan, L50, F|
|poke|p1|Torkoal, L50, F|
|poke|p1|Camerupt, L50, M|
|poke|p1|Vileplume, L50, F|
|poke|p1|Pyroar, L50, F|
|poke|p2|Raichu, L50, F|
|poke|p2|Sinistcha, L50|
|poke|p2|Ceruledge, L50, M|
|poke|p2|Milotic, L50, F|
|poke|p2|Incineroar, L50, F|
|poke|p2|Floette-Eternal, L50, F|
|teampreview|4
|showteam|p1|Farigiraf||ColburBerry|ArmorTail|Psychic,Thunderbolt,TrickRoom,Protect|Sassy||M|||50|]Kangaskhan||SilkScarf|Scrappy|FakeOut,LastResort|Brave||F|||50|]Torkoal||LifeOrb|Drought|Eruption,WeatherBall,HelpingHand,Protect|Quiet||F|||50|]Camerupt||Cameruptite|SolidRock|Eruption,Flamethrower,EarthPower,AncientPower|Quiet||M|||50|]Vileplume||FocusSash|Chlorophyll|AfterYou,SleepPowder,LeafStorm,SludgeBomb|Timid||F|||50|]Pyroar||Pyroarite|Unnerve|HeatWave,Flamethrower,SolarBeam,Protect|Timid||F|||50|
|showteam|p2|Raichu||RaichuniteY|LightningRod|ZapCannon,FocusBlast,FakeOut,Protect|Timid||F|||50|]Sinistcha||KasibBerry|Hospitality|MatchaGotcha,Protect,RagePowder,TrickRoom|Relaxed|||||50|]Ceruledge||ColburBerry|FlashFire|BitterBlade,ShadowSneak,BulkUp,Protect|Adamant||M|||50|]Milotic||Leftovers|Competitive|MuddyWater,Coil,Hypnosis,Recover|Calm||F|||50|]Incineroar||SitrusBerry|Intimidate|FlareBlitz,ThroatChop,FakeOut,PartingShot|Impish||F|||50|]Floette-Eternal||Floettite|FlowerVeil|CalmMind,Protect,Moonblast,DazzlingGleam|Modest||F|||50|
|
|t:|1784055626
|teamsize|p1|4
|teamsize|p2|4
|start
|switch|p1a: Farigiraf|Farigiraf, L50, M|100/100
|switch|p1b: Kangaskhan|Kangaskhan, L50, F|100/100
|switch|p2a: Ceruledge|Ceruledge, L50, M|100/100
|switch|p2b: Incineroar|Incineroar, L50, F|100/100
|-ability|p2b: Incineroar|Intimidate|boost
|-unboost|p1a: Farigiraf|atk|1
|-fail|p1b: Kangaskhan|unboost|Attack|[from] ability: Scrappy|[of] p1b: Kangaskhan
|turn|1
|j| creed revival tour
|l| creed revival tour
|
|t:|1784055644
|move|p1b: Kangaskhan|Fake Out|p2a: Ceruledge
|-damage|p2a: Ceruledge|74/100
|cant|p2a: Ceruledge|flinch
|move|p2b: Incineroar|Parting Shot|p1b: Kangaskhan
|-unboost|p1b: Kangaskhan|atk|1
|-unboost|p1b: Kangaskhan|spa|1
|
|t:|1784055650
|switch|p2b: Sinistcha|Sinistcha, L50|100/100|[from] Parting Shot
|-heal|p2a: Ceruledge|99/100|[from] ability: Hospitality|[of] p2b: Sinistcha
|move|p1a: Farigiraf|Trick Room|p1a: Farigiraf
|-fieldstart|move: Trick Room|[of] p1a: Farigiraf
|
|upkeep
|turn|2
|
|t:|1784055680
|switch|p1a: Camerupt|Camerupt, L50, M|100/100
|move|p2b: Sinistcha|Rage Powder|p2b: Sinistcha
|-singleturn|p2b: Sinistcha|move: Rage Powder
|move|p1b: Kangaskhan|Last Resort|p2b: Sinistcha
|-damage|p2b: Sinistcha|57/100
|move|p2a: Ceruledge|Bulk Up|p2a: Ceruledge
|-boost|p2a: Ceruledge|atk|1
|-boost|p2a: Ceruledge|def|1
|
|upkeep
|turn|3
|
|t:|1784055705
|detailschange|p1a: Camerupt|Camerupt-Mega, L50, M
|-mega|p1a: Camerupt|Camerupt|Cameruptite
|move|p2b: Sinistcha|Rage Powder|p2b: Sinistcha
|-singleturn|p2b: Sinistcha|move: Rage Powder
|move|p1a: Camerupt|Earth Power|p2b: Sinistcha
|-resisted|p2b: Sinistcha|1
|-damage|p2b: Sinistcha|22/100
|move|p1b: Kangaskhan|Last Resort|p2b: Sinistcha
|-damage|p2b: Sinistcha|0 fnt
|faint|p2b: Sinistcha
|move|p2a: Ceruledge|Bitter Blade|p1b: Kangaskhan
|-crit|p1b: Kangaskhan
|-damage|p1b: Kangaskhan|0 fnt
|-heal|p2a: Ceruledge|100/100|[from] drain|[of] p1b: Kangaskhan
|faint|p1b: Kangaskhan
|
|upkeep
|
|t:|1784055736
|switch|p2b: Milotic|Milotic, L50, F|100/100
|switch|p1b: Vileplume|Vileplume, L50, F|100/100
|turn|4
|
|t:|1784055752
|move|p2a: Ceruledge|Protect|p2a: Ceruledge
|-singleturn|p2a: Ceruledge|Protect
|move|p1a: Camerupt|Earth Power|p2a: Ceruledge
|-activate|p2a: Ceruledge|move: Protect
|move|p2b: Milotic|Muddy Water|p1a: Camerupt|[spread] p1a,p1b
|-supereffective|p1a: Camerupt|2
|-resisted|p1b: Vileplume|1
|-damage|p1a: Camerupt|2/100
|-damage|p1b: Vileplume|86/100
|-unboost|p1a: Camerupt|accuracy|1
|move|p1b: Vileplume|Leaf Storm|p2b: Milotic
|-supereffective|p2b: Milotic|1
|-damage|p2b: Milotic|27/100
|-unboost|p1b: Vileplume|spa|2
|
|-heal|p2b: Milotic|33/100|[from] item: Leftovers
|upkeep
|turn|5
|
|t:|1784055778
|switch|p2b: Incineroar|Incineroar, L50, F|100/100
|-ability|p2b: Incineroar|Intimidate|boost
|-unboost|p1a: Camerupt|atk|1
|-unboost|p1b: Vileplume|atk|1
|switch|p1b: Farigiraf|Farigiraf, L50, M|100/100
|move|p2a: Ceruledge|Shadow Sneak||[still]
|cant|p1b: Farigiraf|ability: Armor Tail|Shadow Sneak|[of] p2a: Ceruledge
|move|p1a: Camerupt|Earth Power|p2a: Ceruledge
|-supereffective|p2a: Ceruledge|1
|-damage|p2a: Ceruledge|0 fnt
|faint|p2a: Ceruledge
|
|-fieldend|move: Trick Room
|upkeep
|
|t:|1784055784
|switch|p2a: Milotic|Milotic, L50, F|33/100
|turn|6
|
|t:|1784055806
|switch|p1a: Vileplume|Vileplume, L50, F|86/100
|move|p2a: Milotic|Recover|p2a: Milotic
|-heal|p2a: Milotic|83/100
|move|p2b: Incineroar|Throat Chop|p1b: Farigiraf
|-supereffective|p1b: Farigiraf|1
|-enditem|p1b: Farigiraf|Colbur Berry|[eat]
|-enditem|p1b: Farigiraf|Colbur Berry|[weaken]
|-damage|p1b: Farigiraf|66/100
|-start|p1b: Farigiraf|Throat Chop|[silent]
|move|p1b: Farigiraf|Trick Room|p1b: Farigiraf
|-fieldstart|move: Trick Room|[of] p1b: Farigiraf
|
|-heal|p2a: Milotic|89/100|[from] item: Leftovers
|upkeep
|turn|7
|
|t:|1784055823
|move|p1b: Farigiraf|Thunderbolt|p2a: Milotic
|-supereffective|p2a: Milotic|1
|-damage|p2a: Milotic|60/100
|move|p2b: Incineroar|Flare Blitz|p1a: Vileplume
|-supereffective|p1a: Vileplume|1
|-damage|p1a: Vileplume|0 fnt
|faint|p1a: Vileplume
|-damage|p2b: Incineroar|78/100|[from] Recoil
|move|p2a: Milotic|Muddy Water|p1b: Farigiraf|[miss]
|-miss|p2a: Milotic|p1b: Farigiraf
|
|-heal|p2a: Milotic|66/100|[from] item: Leftovers
|-end|p1b: Farigiraf|Throat Chop|[silent]
|upkeep
|
|t:|1784055832
|switch|p1a: Camerupt|Camerupt-Mega, L50, M|2/100
|turn|8
|
|t:|1784055844
|move|p1a: Camerupt|Earth Power|p2b: Incineroar
|-supereffective|p2b: Incineroar|1
|-damage|p2b: Incineroar|0 fnt
|faint|p2b: Incineroar
|move|p1b: Farigiraf|Thunderbolt|p2a: Milotic
|-supereffective|p2a: Milotic|1
|-damage|p2a: Milotic|34/100
|-status|p2a: Milotic|par
|move|p2a: Milotic|Muddy Water|p1b: Farigiraf|[spread] p1a,p1b
|-supereffective|p1a: Camerupt|2
|-damage|p1a: Camerupt|0 fnt
|-damage|p1b: Farigiraf|48/100
|faint|p1a: Camerupt
|
|-heal|p2a: Milotic|40/100 par|[from] item: Leftovers
|upkeep
|turn|9
|
|t:|1784055859
|move|p2a: Milotic|Recover|p2a: Milotic
|-heal|p2a: Milotic|90/100 par
|move|p1b: Farigiraf|Thunderbolt|p2a: Milotic
|-supereffective|p2a: Milotic|1
|-damage|p2a: Milotic|59/100 par
|
|-heal|p2a: Milotic|65/100 par|[from] item: Leftovers
|upkeep
|turn|10
|
|t:|1784055890
|move|p2a: Milotic|Recover|p2a: Milotic
|-heal|p2a: Milotic|100/100 par
|move|p1b: Farigiraf|Thunderbolt|p2a: Milotic
|-supereffective|p2a: Milotic|1
|-damage|p2a: Milotic|70/100 par
|
|-heal|p2a: Milotic|76/100 par|[from] item: Leftovers
|-fieldend|move: Trick Room
|upkeep
|turn|11
|
|t:|1784055899
|move|p1b: Farigiraf|Thunderbolt|p2a: Milotic
|-supereffective|p2a: Milotic|1
|-damage|p2a: Milotic|44/100 par
|move|p2a: Milotic|Recover|p2a: Milotic
|-heal|p2a: Milotic|94/100 par
|
|-heal|p2a: Milotic|100/100 par|[from] item: Leftovers
|upkeep
|turn|12
|
|t:|1784055905
|move|p1b: Farigiraf|Thunderbolt|p2a: Milotic
|-supereffective|p2a: Milotic|1
|-damage|p2a: Milotic|68/100 par
|move|p2a: Milotic|Muddy Water|p1b: Farigiraf
|-damage|p1b: Farigiraf|24/100
|
|-heal|p2a: Milotic|74/100 par|[from] item: Leftovers
|upkeep
|turn|13
|
|t:|1784055912
|move|p1b: Farigiraf|Thunderbolt|p2a: Milotic
|-supereffective|p2a: Milotic|1
|-damage|p2a: Milotic|40/100 par
|move|p2a: Milotic|Muddy Water|p1b: Farigiraf|[miss]
|-miss|p2a: Milotic|p1b: Farigiraf
|
|-heal|p2a: Milotic|46/100 par|[from] item: Leftovers
|upkeep
|turn|14
|
|t:|1784055919
|move|p1b: Farigiraf|Thunderbolt|p2a: Milotic
|-supereffective|p2a: Milotic|1
|-damage|p2a: Milotic|11/100 par
|move|p2a: Milotic|Recover|p2a: Milotic
|-heal|p2a: Milotic|61/100 par
|
|-heal|p2a: Milotic|67/100 par|[from] item: Leftovers
|upkeep
|turn|15
|
|t:|1784055925
|move|p1b: Farigiraf|Thunderbolt|p2a: Milotic
|-supereffective|p2a: Milotic|1
|-damage|p2a: Milotic|36/100 par
|move|p2a: Milotic|Muddy Water|p1b: Farigiraf|[miss]
|-miss|p2a: Milotic|p1b: Farigiraf
|
|-heal|p2a: Milotic|42/100 par|[from] item: Leftovers
|upkeep
|turn|16
|
|t:|1784055930
|move|p1b: Farigiraf|Thunderbolt|p2a: Milotic
|-supereffective|p2a: Milotic|1
|-damage|p2a: Milotic|11/100 par
|move|p2a: Milotic|Recover|p2a: Milotic
|-heal|p2a: Milotic|61/100 par
|
|-heal|p2a: Milotic|67/100 par|[from] item: Leftovers
|upkeep
|turn|17
|
|t:|1784055936
|move|p1b: Farigiraf|Thunderbolt|p2a: Milotic
|-supereffective|p2a: Milotic|1
|-damage|p2a: Milotic|33/100 par
|move|p2a: Milotic|Muddy Water|p1b: Farigiraf
|-damage|p1b: Farigiraf|1/100
|
|-heal|p2a: Milotic|39/100 par|[from] item: Leftovers
|upkeep
|turn|18
|
|t:|1784055942
|move|p1b: Farigiraf|Thunderbolt|p2a: Milotic
|-supereffective|p2a: Milotic|1
|-damage|p2a: Milotic|6/100 par
|move|p2a: Milotic|Recover|p2a: Milotic
|-heal|p2a: Milotic|56/100 par
|
|-heal|p2a: Milotic|62/100 par|[from] item: Leftovers
|upkeep
|turn|19
|
|t:|1784055949
|move|p1b: Farigiraf|Thunderbolt|p2a: Milotic
|-supereffective|p2a: Milotic|1
|-damage|p2a: Milotic|34/100 par
|move|p2a: Milotic|Muddy Water|p1b: Farigiraf
|-damage|p1b: Farigiraf|0 fnt
|faint|p1b: Farigiraf
|
|win|TeyVgc
|raw|papucaru's rating: 1121 → 1102(-19 for losing)
|raw|TeyVgc's rating: 1212 → 1231(+19 for winning)
