|j|☆noahguyvgc
|j|☆TeyVgc
|html|noahguyvgcTeyVgc    
|uhtml|bestof|Game 1 of a best-of-3
|t:|1783442529
|gametype|doubles
|player|p1|noahguyvgc|roxie|1172
|player|p2|TeyVgc|rood|1332
|gen|9
|tier|[Gen 9 Champions] VGC 2026 Reg M-B (Bo3)
|rated|
|rule|Species Clause: Limit one of each Pokémon
|rule|Item Clause: Limit 1 of each item
|clearpoke
|poke|p1|Whimsicott, L50, M, shiny|
|poke|p1|Froslass, L50, F, shiny|
|poke|p1|Sneasler, L50, M, shiny|
|poke|p1|Ditto, L50, shiny|
|poke|p1|Kleavor, L50, M|
|poke|p1|Charizard, L50, F, shiny|
|poke|p2|Raichu, L50, F|
|poke|p2|Sinistcha, L50|
|poke|p2|Ceruledge, L50, M|
|poke|p2|Milotic, L50, M|
|poke|p2|Incineroar, L50, M|
|poke|p2|Floette-Eternal, L50, F|
|teampreview|4
|showteam|p1|Whimsicott||LifeOrb|Prankster|Tailwind,Moonblast,EnergyBall,Protect|Timid||M|||50|]Froslass||Froslassite|CursedBody|Blizzard,ShadowBall,Thunderbolt,Protect|Modest||F|||50|]Sneasler||WhiteHerb|Unburden|FakeOut,DireClaw,CloseCombat,Protect|Jolly||M|||50|]Ditto||ChoiceScarf|Imposter|Transform|Timid|||||50|]Kleavor||FocusSash|Sharpness|StoneAxe,CloseCombat,Feint,Protect|Jolly||M|||50|]Charizard||CharizarditeY|SolarPower|HeatWave,WeatherBall,SolarBeam,Protect|Modest||F|||50|
|showteam|p2|Raichu||RaichuniteY|LightningRod|ZapCannon,FocusBlast,FakeOut,Protect|Timid||F|||50|]Sinistcha||KasibBerry|Hospitality|MatchaGotcha,LifeDew,RagePowder,Protect|Relaxed|||||50|]Ceruledge||ColburBerry|FlashFire|BitterBlade,ShadowSneak,BulkUp,Protect|Adamant||M|||50|]Milotic||Leftovers|Competitive|MuddyWater,Coil,Hypnosis,Protect|Calm||M|||50|]Incineroar||SitrusBerry|Intimidate|FlareBlitz,ThroatChop,FakeOut,PartingShot|Impish||M|||50|]Floette-Eternal||Floettite|FlowerVeil|CalmMind,Protect,Moonblast,DazzlingGleam|Modest||F|||50|
|inactive|Battle timer is ON: inactive players will automatically lose when time's up. (requested by noahguyvgc)
|c|☆TeyVgc|bruh
|inactive|noahguyvgc has 60 seconds left.
|inactive|TeyVgc has 60 seconds left.
|c|☆TeyVgc|I love bumping into noah vgc on ladder
|
|t:|1783442583
|teamsize|p1|4
|teamsize|p2|4
|start
|switch|p1a: Lotus|Whimsicott, L50, M, shiny|100/100
|switch|p1b: Sneasler|Sneasler, L50, M, shiny|100/100
|switch|p2a: Raichu|Raichu, L50, F|100/100
|switch|p2b: Milotic|Milotic, L50, M|100/100
|turn|1
|c|☆noahguyvgc|Lol what's up bro
|c|☆TeyVgc|nothing much man, procrastinating
|c|☆TeyVgc|gl hf fool
|c|☆noahguyvgc|You too
|inactive|noahguyvgc has 30 seconds left.
|inactive|TeyVgc has 30 seconds left.
|inactive|TeyVgc has 20 seconds left.
|
|t:|1783442622
|detailschange|p2a: Raichu|Raichu-Mega-Y, L50, F
|-mega|p2a: Raichu|Raichu|Raichunite Y
|move|p1a: Lotus|Protect|p1a: Lotus
|-singleturn|p1a: Lotus|Protect
|move|p1b: Sneasler|Protect|p1b: Sneasler
|-singleturn|p1b: Sneasler|Protect
|move|p2a: Raichu|Zap Cannon|p1b: Sneasler
|-activate|p1b: Sneasler|move: Protect
|move|p2b: Milotic|Muddy Water|p1b: Sneasler|[spread] 
|-activate|p1a: Lotus|move: Protect
|-activate|p1b: Sneasler|move: Protect
|
|upkeep
|turn|2
|
|t:|1783442635
|move|p1a: Lotus|Tailwind|p1a: Lotus
|-sidestart|p1: noahguyvgc|move: Tailwind
|move|p1b: Sneasler|Close Combat|p2a: Raichu
|-damage|p2a: Raichu|17/100
|-unboost|p1b: Sneasler|def|1
|-unboost|p1b: Sneasler|spd|1
|-enditem|p1b: Sneasler|White Herb
|-clearnegativeboost|p1b: Sneasler|[silent]
|move|p2a: Raichu|Zap Cannon|p1b: Sneasler
|-damage|p1b: Sneasler|23/100
|-status|p1b: Sneasler|par
|move|p2b: Milotic|Muddy Water|p1a: Lotus|[spread] p1a,p1b
|-resisted|p1a: Lotus|1
|-damage|p1a: Lotus|82/100
|-damage|p1b: Sneasler|0 fnt
|-unboost|p1a: Lotus|accuracy|1
|faint|p1b: Sneasler
|
|upkeep
|
|t:|1783442644
|switch|p1b: Ditto|Ditto, L50, shiny|100/100
|-transform|p1b: Ditto|p2a: Raichu|[from] ability: Imposter
|turn|3
|
|t:|1783442660
|switch|p2b: Sinistcha|Sinistcha, L50|100/100
|-heal|p2a: Raichu|42/100|[from] ability: Hospitality|[of] p2b: Sinistcha
|move|p2a: Raichu|Protect|p2a: Raichu
|-singleturn|p2a: Raichu|Protect
|move|p1b: Ditto|Zap Cannon|p2b: Sinistcha
|-resisted|p2b: Sinistcha|1
|-damage|p2b: Sinistcha|69/100
|-status|p2b: Sinistcha|par
|move|p1a: Lotus|Moonblast|p2a: Raichu
|-activate|p2a: Raichu|move: Protect
|
|upkeep
|turn|4
|
|t:|1783442679
|switch|p2a: Incineroar|Incineroar, L50, M|100/100
|-ability|p2a: Incineroar|Intimidate|boost
|-unboost|p1a: Lotus|atk|1
|-unboost|p1b: Ditto|atk|1
|move|p1b: Ditto|Zap Cannon|p2a: Incineroar
|-damage|p2a: Incineroar|45/100
|-status|p2a: Incineroar|par
|-enditem|p2a: Incineroar|Sitrus Berry|[eat]
|-heal|p2a: Incineroar|69/100 par|[from] item: Sitrus Berry
|move|p1a: Lotus|Moonblast|p2a: Incineroar
|-damage|p2a: Incineroar|37/100 par
|-damage|p1a: Lotus|73/100|[from] item: Life Orb
|move|p2b: Sinistcha|Matcha Gotcha|p1b: Ditto|[spread] p1a,p1b
|-resisted|p1a: Lotus|1
|-damage|p1a: Lotus|57/100
|-heal|p2b: Sinistcha|76/100 par|[from] drain|[of] p1a: Lotus
|-damage|p1b: Ditto|65/100
|-heal|p2b: Sinistcha|92/100 par|[from] drain|[of] p1b: Ditto
|
|upkeep
|turn|5
|inactive|noahguyvgc has 30 seconds left.
|
|t:|1783442709
|move|p2b: Sinistcha|Rage Powder|p2b: Sinistcha
|-singleturn|p2b: Sinistcha|move: Rage Powder
|move|p1b: Ditto|Zap Cannon|p2b: Sinistcha
|-resisted|p2b: Sinistcha|1
|-damage|p2b: Sinistcha|64/100 par
|move|p1a: Lotus|Moonblast|p2a: Incineroar
|-damage|p2a: Incineroar|3/100 par
|-damage|p1a: Lotus|47/100|[from] item: Life Orb
|move|p2a: Incineroar|Flare Blitz|p1a: Lotus
|-supereffective|p1a: Lotus|1
|-crit|p1a: Lotus
|-damage|p1a: Lotus|0 fnt
|faint|p1a: Lotus
|-damage|p2a: Incineroar|0 fnt|[from] Recoil
|faint|p2a: Incineroar
|
|-sideend|p1: noahguyvgc|move: Tailwind
|upkeep
|
|t:|1783442730
|switch|p1a: Kleavor|Kleavor, L50, M|100/100
|switch|p2a: Raichu|Raichu-Mega-Y, L50, F|42/100
|turn|6
|inactive|TeyVgc has 30 seconds left.
|
|t:|1783442758
|move|p2a: Raichu|Fake Out|p1b: Ditto
|-damage|p1b: Ditto|51/100
|cant|p1b: Ditto|flinch
|move|p1a: Kleavor|Stone Axe|p2a: Raichu
|-damage|p2a: Raichu|0 fnt
|-sidestart|p2: TeyVgc|move: Stealth Rock
|faint|p2a: Raichu
|cant|p2b: Sinistcha|par
|
|upkeep
|
|t:|1783442767
|switch|p2a: Milotic|Milotic, L50, M|100/100
|-damage|p2a: Milotic|87/100|[from] Stealth Rock
|turn|7
|
|t:|1783442774
|move|p2b: Sinistcha|Rage Powder|p2b: Sinistcha
|-singleturn|p2b: Sinistcha|move: Rage Powder
|move|p1b: Ditto|Zap Cannon|p2b: Sinistcha
|-resisted|p2b: Sinistcha|1
|-damage|p2b: Sinistcha|33/100 par
|move|p1a: Kleavor|Stone Axe|p2b: Sinistcha
|-damage|p2b: Sinistcha|0 fnt
|faint|p2b: Sinistcha
|move|p2a: Milotic|Muddy Water|p1b: Ditto|[spread] p1a,p1b
|-supereffective|p1a: Kleavor|1
|-damage|p1a: Kleavor|30/100
|-damage|p1b: Ditto|20/100r
|
|-heal|p2a: Milotic|93/100|[from] item: Leftovers
|upkeep
|turn|8
|
|t:|1783442786
|move|p2a: Milotic|Protect|p2a: Milotic
|-singleturn|p2a: Milotic|Protect
|move|p1a: Kleavor|Feint|p2a: Milotic
|-activate|p2a: Milotic|move: Feint
|-damage|p2a: Milotic|84/100
|move|p1b: Ditto|Zap Cannon|p2a: Milotic
|-supereffective|p2a: Milotic|1
|-damage|p2a: Milotic|0 fnt
|faint|p2a: Milotic
|
|win|noahguyvgc
