|j|☆screwsalesman
|j|☆BackPAC
|html|screwsalesmanBackPAC    
|uhtml|bestof|Game 2 of a best-of-3
|t:|1756611507
|gametype|doubles
|player|p1|screwsalesman|102|1287
|player|p2|BackPAC|burglar|1311
|gen|9
|tier|[Gen 9] VGC 2025 Reg H (Bo3)
|rated|
|rule|Species Clause: Limit one of each Pokémon
|rule|Item Clause: Limit 1 of each item
|clearpoke
|poke|p1|Porygon2, L50|
|poke|p1|Incineroar, L50, M|
|poke|p1|Ursaluna, L50, F|
|poke|p1|Jumpluff, L50, F|
|poke|p1|Charizard, L50, F|
|poke|p1|Torkoal, L50, M|
|poke|p2|Maushold-Four, L50|
|poke|p2|Incineroar, L50, M|
|poke|p2|Archaludon, L50, F|
|poke|p2|Pelipper, L50, F|
|poke|p2|Sinistcha, L50|
|poke|p2|Primarina, L50, M|
|teampreview|4
|showteam|p1|Porygon2||Eviolite|Download|TeraBlast,IceBeam,TrickRoom,Recover||||||50|,,,,,Fighting]Incineroar||SitrusBerry|Intimidate|FakeOut,KnockOff,FlareBlitz,PartingShot|||M|||50|,,,,,Ghost]Ursaluna||FlameOrb|Guts|HeadlongRush,Facade,Earthquake,Protect|||F|||50|,,,,,Ghost]Jumpluff||CovertCloak|Chlorophyll|RagePowder,SunnyDay,Tailwind,SleepPowder|||F|||50|,,,,,Water]Charizard||ChoiceSpecs|SolarPower|HeatWave,Overheat,WeatherBall,DragonPulse|||F|||50|,,,,,Ghost]Torkoal||EjectPack|Drought|Overheat,Eruption,HelpingHand,Protect|||M|||50|,,,,,Fire
|showteam|p2|Maushold-Four||WideLens|Technician|Protect,FollowMe,ThunderWave,PopulationBomb||||||50|,,,,,Grass]Incineroar||SafetyGoggles|Intimidate|PartingShot,Taunt,FakeOut,KnockOff|||M|||50|,,,,,Ghost]Archaludon||AssaultVest|Stamina|BodyPress,ElectroShot,DragonPulse,FlashCannon|||F|||50|,,,,,Grass]Pelipper||FocusSash|Drizzle|Protect,Tailwind,Hurricane,MuddyWater|||F|||50|,,,,,Ghost]Sinistcha||SitrusBerry|Hospitality|TrickRoom,LifeDew,RagePowder,MatchaGotcha||||||50|,,,,,Dark]Primarina||LifeOrb|LiquidVoice|Protect,AquaJet,Moonblast,HyperVoice|||M|||50|,,,,,Water
|inactive|Battle timer is ON: inactive players will automatically lose when time's up. (requested by screwsalesman)
|
|t:|1756611528
|teamsize|p1|4
|teamsize|p2|4
|start
|switch|p1a: Incineroar|Incineroar, L50, M|100/100
|switch|p1b: Ursaluna|Ursaluna, L50, F|100/100
|switch|p2a: Maushold|Maushold-Four, L50|100/100
|switch|p2b: Incineroar|Incineroar, L50, M|100/100
|-ability|p2b: Incineroar|Intimidate|boost
|-unboost|p1a: Incineroar|atk|1
|-unboost|p1b: Ursaluna|atk|1
|-ability|p1a: Incineroar|Intimidate|boost
|-unboost|p2a: Maushold|atk|1
|-unboost|p2b: Incineroar|atk|1
|turn|1
|inactive|BackPAC has 30 seconds left.
|
|t:|1756611562
|-terastallize|p2b: Incineroar|Ghost
|move|p1b: Ursaluna|Protect|p1b: Ursaluna
|-singleturn|p1b: Ursaluna|Protect
|move|p2a: Maushold|Population Bomb|p1a: Incineroar
|-damage|p1a: Incineroar|93/100
|-damage|p1a: Incineroar|86/100
|-damage|p1a: Incineroar|78/100
|-damage|p1a: Incineroar|71/100
|-damage|p1a: Incineroar|64/100
|-damage|p1a: Incineroar|57/100
|-damage|p1a: Incineroar|50/100
|-enditem|p1a: Incineroar|Sitrus Berry|[eat]
|-heal|p1a: Incineroar|74/100|[from] item: Sitrus Berry
|-damage|p1a: Incineroar|67/100
|-damage|p1a: Incineroar|60/100
|-damage|p1a: Incineroar|54/100
|-hitcount|p1a: Incineroar|10
|move|p2b: Incineroar|Knock Off|p1b: Ursaluna
|-activate|p1b: Ursaluna|move: Protect
|move|p1a: Incineroar|Parting Shot|p2a: Maushold
|-unboost|p2a: Maushold|atk|1
|-unboost|p2a: Maushold|spa|1
|
|t:|1756611584
|switch|p1a: Porygon2|Porygon2, L50, shiny|100/100|[from] Parting Shot
|-ability|p1a: Porygon2|Download|boost
|-boost|p1a: Porygon2|atk|1
|
|-status|p1b: Ursaluna|brn|[from] item: Flame Orb
|upkeep
|turn|2
|
|t:|1756611599
|move|p2a: Maushold|Thunder Wave|p1a: Porygon2
|-status|p1a: Porygon2|par
|move|p2b: Incineroar|Taunt|p1a: Porygon2
|-start|p1a: Porygon2|move: Taunt
|move|p1b: Ursaluna|Facade|p2a: Maushold
|-damage|p2a: Maushold|0 fnt
|faint|p2a: Maushold
|cant|p1a: Porygon2|move: Taunt|Trick Room
|
|-damage|p1b: Ursaluna|95/100 brn|[from] brn
|upkeep
|
|t:|1756611614
|switch|p2a: Primarina|Primarina, L50, M|100/100
|turn|3
|
|t:|1756611627
|move|p1b: Ursaluna|Protect|p1b: Ursaluna
|-singleturn|p1b: Ursaluna|Protect
|move|p2b: Incineroar|Parting Shot|p1b: Ursaluna
|-activate|p1b: Ursaluna|move: Protect
|move|p2a: Primarina|Hyper Voice|p1b: Ursaluna|[spread] p1a
|-activate|p1b: Ursaluna|move: Protect
|-damage|p1a: Porygon2|73/100 par
|-damage|p2a: Primarina|91/100|[from] item: Life Orb
|move|p1a: Porygon2|Tera Blast|p2a: Primarina
|-damage|p2a: Primarina|60/100
|
|-damage|p1b: Ursaluna|89/100 brn|[from] brn
|upkeep
|turn|4
|inactive|screwsalesman has 30 seconds left.
|inactive|BackPAC has 30 seconds left.
|inactive|screwsalesman has 20 seconds left.
|
|t:|1756611666
|switch|p1a: Torkoal|Torkoal, L50, M|100/100
|-weather|SunnyDay|[from] ability: Drought|[of] p1a: Torkoal
|move|p2b: Incineroar|Knock Off|p1b: Ursaluna
|-damage|p1b: Ursaluna|70/100 brn
|-enditem|p1b: Ursaluna|Flame Orb|[from] move: Knock Off|[of] p2b: Incineroar
|move|p2a: Primarina|Hyper Voice|p1b: Ursaluna|[spread] p1a,p1b
|-supereffective|p1a: Torkoal
|-supereffective|p1b: Ursaluna
|-damage|p1a: Torkoal|47/100
|-damage|p1b: Ursaluna|27/100 brn
|-damage|p2a: Primarina|51/100|[from] item: Life Orb
|move|p1b: Ursaluna|Facade|p2a: Primarina
|-damage|p2a: Primarina|0 fnt
|faint|p2a: Primarina
|
|-weather|SunnyDay|[upkeep]
|-damage|p1b: Ursaluna|22/100 brn|[from] brn
|upkeep
|
|t:|1756611674
|switch|p2a: Pelipper|Pelipper, L50, F|100/100
|-weather|RainDance|[from] ability: Drizzle|[of] p2a: Pelipper
|turn|5
|
|t:|1756611691
|switch|p1a: Incineroar|Incineroar, L50, M|54/100
|-ability|p1a: Incineroar|Intimidate|boost
|-unboost|p2a: Pelipper|atk|1
|-unboost|p2b: Incineroar|atk|1
|move|p1b: Ursaluna|Protect|p1b: Ursaluna
|-singleturn|p1b: Ursaluna|Protect
|move|p2a: Pelipper|Muddy Water|p1b: Ursaluna|[spread] p1a
|-activate|p1b: Ursaluna|move: Protect
|-supereffective|p1a: Incineroar
|-damage|p1a: Incineroar|0 fnt
|faint|p1a: Incineroar
|move|p2b: Incineroar|Knock Off|p1b: Ursaluna
|-activate|p1b: Ursaluna|move: Protect
|
|-weather|RainDance|[upkeep]
|-damage|p1b: Ursaluna|16/100 brn|[from] brn
|upkeep
|
|t:|1756611700
|switch|p1a: Torkoal|Torkoal, L50, M|47/100
|-weather|SunnyDay|[from] ability: Drought|[of] p1a: Torkoal
|turn|6
|
|t:|1756611709
|move|p2a: Pelipper|Muddy Water|p1b: Ursaluna|[spread] p1a,p1b
|-supereffective|p1a: Torkoal
|-supereffective|p1b: Ursaluna
|-damage|p1a: Torkoal|12/100
|-damage|p1b: Ursaluna|0 fnt
|-unboost|p1a: Torkoal|accuracy|1
|faint|p1b: Ursaluna
|-enditem|p1a: Torkoal|Eject Pack
|
|t:|1756611716
|switch|p1a: Porygon2|Porygon2, L50, shiny|73/100 par
|-ability|p1a: Porygon2|Download|boost
|-boost|p1a: Porygon2|spa|1
|move|p2b: Incineroar|Knock Off|p1a: Porygon2
|-damage|p1a: Porygon2|62/100 par
|-enditem|p1a: Porygon2|Eviolite|[from] move: Knock Off|[of] p2b: Incineroar
|
|-weather|SunnyDay|[upkeep]
|upkeep
|
|t:|1756611718
|switch|p1b: Torkoal|Torkoal, L50, M|12/100
|turn|7
|
|t:|1756611734
|move|p1b: Torkoal|Protect|p1b: Torkoal
|-singleturn|p1b: Torkoal|Protect
|move|p2a: Pelipper|Muddy Water|p1a: Porygon2|[spread] p1a
|-activate|p1b: Torkoal|move: Protect
|-damage|p1a: Porygon2|49/100 par
|move|p2b: Incineroar|Taunt|p1a: Porygon2
|-start|p1a: Porygon2|move: Taunt
|move|p1a: Porygon2|Tera Blast|p2a: Pelipper
|-damage|p2a: Pelipper|8/100
|
|-weather|SunnyDay|[upkeep]
|upkeep
|turn|8
|
|t:|1756611753
|move|p2a: Pelipper|Muddy Water|p1b: Torkoal|[spread] p1b
|-miss|p2a: Pelipper|p1a: Porygon2
|-supereffective|p1b: Torkoal
|-damage|p1b: Torkoal|0 fnt
|faint|p1b: Torkoal
|move|p2b: Incineroar|Knock Off|p1a: Porygon2
|-damage|p1a: Porygon2|36/100 par
|move|p1a: Porygon2|Ice Beam|p2b: Incineroar
|-damage|p2b: Incineroar|68/100
|
|-weather|SunnyDay|[upkeep]
|upkeep
|turn|9
|
|t:|1756611766
|move|p2a: Pelipper|Muddy Water|p1a: Porygon2|[miss]
|-miss|p2a: Pelipper|p1a: Porygon2
|move|p2b: Incineroar|Knock Off|p1a: Porygon2
|-damage|p1a: Porygon2|23/100 par
|move|p1a: Porygon2|Tera Blast|p2a: Pelipper
|-damage|p2a: Pelipper|0 fnt
|faint|p2a: Pelipper
|
|-weather|SunnyDay|[upkeep]
|-end|p1a: Porygon2|move: Taunt
|upkeep
|turn|10
|
|t:|1756611774
|move|p2b: Incineroar|Knock Off|p1a: Porygon2
|-damage|p1a: Porygon2|10/100 par
|cant|p1a: Porygon2|par
|
|-weather|none
|upkeep
|turn|11
|
|t:|1756611779
|-terastallize|p1a: Porygon2|Fighting
|move|p2b: Incineroar|Knock Off|p1a: Porygon2
|-resisted|p1a: Porygon2
|-damage|p1a: Porygon2|4/100 par
|cant|p1a: Porygon2|par
|
|upkeep
|turn|12
|
|t:|1756611784
|move|p2b: Incineroar|Knock Off|p1a: Porygon2
|-resisted|p1a: Porygon2
|-damage|p1a: Porygon2|0 fnt
|faint|p1a: Porygon2
|
|win|BackPAC
|raw|screwsalesman's rating: 1287 → 1264(-23 for losing)
|raw|BackPAC's rating: 1311 → 1330(+19 for winning)
|l|☆screwsalesman
|player|p1|
|j|☆screwsalesman
|player|p1|screwsalesman|102|
