|j|☆Fr3gsy
|j|‽vilan333
|html|Fr3gsyvilan333    
|uhtml|bestof|Game 3 of a best-of-3
|t:|1756328760
|gametype|doubles
|player|p1|Fr3gsy|giovanni|1075
|player|p2|vilan333|marshal|1102
|gen|9
|tier|[Gen 9] VGC 2025 Reg H (Bo3)
|rated|
|rule|Species Clause: Limit one of each Pokémon
|rule|Item Clause: Limit 1 of each item
|clearpoke
|poke|p1|Volcarona, L50, M|
|poke|p1|Sinistcha, L50|
|poke|p1|Maushold, L50|
|poke|p1|Annihilape, L50, M|
|poke|p1|Grimmsnarl, L50, M|
|poke|p1|Rillaboom, L50, M|
|poke|p2|Sneasler, L50, M|
|poke|p2|Indeedee, L50, M|
|poke|p2|Ursaluna-Bloodmoon, L50, M|
|poke|p2|Electabuzz, L50, M|
|poke|p2|Talonflame, L50, F|
|poke|p2|Incineroar, L50, F|
|teampreview|4
|showteam|p1|Volcarona||SitrusBerry|FlameBody|QuiverDance,Protect,HeatWave,TeraBlast|||M|||50|,,,,,Water]Sinistcha||FocusSash|Hospitality|RagePowder,ShadowBall,Protect,MatchaGotcha||||||50|,,,,,Fire]Maushold||SafetyGoggles|FriendGuard|Protect,Taunt,FollowMe,BeatUp||||||50|,,,,,Ghost]Annihilape||Leftovers|Defiant|BulkUp,DrainPunch,RageFist,Protect|||M|||50|,,,,,Fire]Grimmsnarl||LightClay|Prankster|LightScreen,Reflect,SpiritBreak,PartingShot|||M|||50|,,,,,Ghost]Rillaboom||AssaultVest|GrassySurge|FakeOut,Uturn,GrassyGlide,WoodHammer|||M|||50|,,,,,Fire
|showteam|p2|Sneasler||PsychicSeed|Unburden|Protect,CloseCombat,DireClaw,ThroatChop|||M|||50|,,,,,Dark]Indeedee||FocusSash|PsychicSurge|Imprison,TrickRoom,ExpandingForce,TeraBlast|||M|||50|,,,,,Fighting]Ursaluna-Bloodmoon||LifeOrb|MindsEye|Protect,HyperVoice,BloodMoon,EarthPower|||M|||50|,,,,,Normal]Electabuzz||Eviolite|VitalSpirit|Electroweb,Protect,Taunt,FollowMe|||M|||50|,,,,,Ghost]Talonflame||CovertCloak|GaleWings|Tailwind,WillOWisp,DualWingbeat,FlareBlitz|||F|||50|,,,,,Fairy]Incineroar||SafetyGoggles|Intimidate|FakeOut,KnockOff,PartingShot,FlareBlitz|||F|||50|,,,,,Ghost
|
|t:|1756328785
|teamsize|p1|4
|teamsize|p2|4
|start
|switch|p1a: Annihilape|Annihilape, L50, M|100/100
|switch|p1b: Maushold|Maushold, L50|100/100
|switch|p2a: Incineroar|Incineroar, L50, F|100/100
|switch|p2b: Sneasler|Sneasler, L50, M|100/100
|-ability|p2a: Incineroar|Intimidate|boost
|-unboost|p1a: Annihilape|atk|1
|-ability|p1a: Annihilape|Defiant|boost
|-boost|p1a: Annihilape|atk|2
|-unboost|p1b: Maushold|atk|1
|turn|1
|
|t:|1756328810
|switch|p2a: Indeedee|Indeedee, L50, M|100/100
|-fieldstart|move: Psychic Terrain|[from] ability: Psychic Surge|[of] p2a: Indeedee
|-enditem|p2b: Sneasler|Psychic Seed
|-boost|p2b: Sneasler|spd|1|[from] item: Psychic Seed
|move|p1b: Maushold|Protect|p1b: Maushold
|-singleturn|p1b: Maushold|Protect
|move|p1a: Annihilape|Protect|p1a: Annihilape
|-singleturn|p1a: Annihilape|Protect
|move|p2b: Sneasler|Dire Claw|p1a: Annihilape
|-activate|p1a: Annihilape|move: Protect
|
|upkeep
|turn|2
|
|t:|1756328838
|move|p2b: Sneasler|Dire Claw|p1a: Annihilape
|-resisted|p1a: Annihilape
|-damage|p1a: Annihilape|88/100
|-status|p1a: Annihilape|psn
|move|p2a: Indeedee|Expanding Force|p1a: Annihilape|[spread] p1a,p1b
|-supereffective|p1a: Annihilape
|-crit|p1b: Maushold
|-damage|p1a: Annihilape|28/100 psn
|-damage|p1b: Maushold|0 fnt
|faint|p1b: Maushold
|move|p1a: Annihilape|Bulk Up|p1a: Annihilape
|-boost|p1a: Annihilape|atk|1
|-boost|p1a: Annihilape|def|1
|
|-heal|p1a: Annihilape|34/100 psn|[from] item: Leftovers
|-damage|p1a: Annihilape|21/100 psn|[from] psn
|upkeep
|
|t:|1756328854
|switch|p1b: Sinistcha|Sinistcha, L50|100/100
|-heal|p1a: Annihilape|46/100 psn|[from] ability: Hospitality|[of] p1b: Sinistcha
|turn|3
|
|t:|1756328871
|move|p2b: Sneasler|Protect|p2b: Sneasler
|-singleturn|p2b: Sneasler|Protect
|move|p1b: Sinistcha|Rage Powder|p1b: Sinistcha
|-singleturn|p1b: Sinistcha|move: Rage Powder
|move|p2a: Indeedee|Expanding Force|p1a: Annihilape|[spread] p1a,p1b
|-supereffective|p1a: Annihilape
|-damage|p1a: Annihilape|0 fnt
|-damage|p1b: Sinistcha|36/100
|faint|p1a: Annihilape
|
|upkeep
|
|t:|1756328882
|switch|p1a: Volcarona|Volcarona, L50, M|100/100
|turn|4
|
|t:|1756328896
|move|p2b: Sneasler|Dire Claw|p1a: Volcarona
|-damage|p1a: Volcarona|57/100
|-status|p2b: Sneasler|brn|[from] ability: Flame Body|[of] p1a: Volcarona
|move|p2a: Indeedee|Expanding Force|p1a: Volcarona|[spread] p1a,p1b
|-damage|p1a: Volcarona|8/100
|-damage|p1b: Sinistcha|0 fnt
|-enditem|p1a: Volcarona|Sitrus Berry|[eat]
|-heal|p1a: Volcarona|33/100|[from] item: Sitrus Berry
|faint|p1b: Sinistcha
|move|p1a: Volcarona|Quiver Dance|p1a: Volcarona
|-boost|p1a: Volcarona|spa|1
|-boost|p1a: Volcarona|spd|1
|-boost|p1a: Volcarona|spe|1
|
|-damage|p2b: Sneasler|95/100 brn|[from] brn
|upkeep
|turn|5
|
|t:|1756328916
|move|p2b: Sneasler|Dire Claw|p1a: Volcarona
|-damage|p1a: Volcarona|14/100
|-status|p1a: Volcarona|slp
|cant|p1a: Volcarona|slp
|move|p2a: Indeedee|Expanding Force|p1a: Volcarona
|-crit|p1a: Volcarona
|-damage|p1a: Volcarona|0 fnt
|faint|p1a: Volcarona
|
|win|vilan333
|raw|Fr3gsy's rating: 1075 → 1055(-20 for losing)
|raw|vilan333's rating: 1102 → 1125(+23 for winning)
