|j|☆Devta
|j|☆zaharba
|html|Devtazaharba    
|uhtml|bestof|Game 2 of a best-of-3
|t:|1782569692
|gametype|doubles
|player|p1|Devta|hexmaniac-gen6|1116
|player|p2|zaharba|101|1087
|gen|9
|tier|[Gen 9 Champions] VGC 2026 Reg M-B (Bo3)
|rated|
|rule|Species Clause: Limit one of each Pokémon
|rule|Item Clause: Limit 1 of each item
|clearpoke
|poke|p1|Charizard, L50, F, shiny|
|poke|p1|Garchomp, L50, F|
|poke|p1|Gholdengo, L50|
|poke|p1|Whimsicott, L50, M, shiny|
|poke|p1|Incineroar, L50, M|
|poke|p1|Basculegion, L50, M, shiny|
|poke|p2|Raichu, L50, F, shiny|
|poke|p2|Basculegion-F, L50, F|
|poke|p2|Ninetales-Alola, L50, F, shiny|
|poke|p2|Talonflame, L50, F|
|poke|p2|Vivillon, L50, F|
|poke|p2|Tyranitar, L50, F|
|teampreview|4
|showteam|p1|Charizard||CharizarditeY|Blaze|Protect,HeatWave,WeatherBall,SolarBeam|Modest||F|||50|]Garchomp||LifeOrb|RoughSkin|Protect,DragonClaw,StompingTantrum,RockSlide|Jolly||F|||50|]Gholdengo||SpellTag|GoodasGold|Protect,ShadowBall,MakeItRain,NastyPlot|Timid|||||50|]Whimsicott||FocusSash|Prankster|Protect,Moonblast,Encore,Tailwind|Timid||M|||50|]Incineroar||SitrusBerry|Intimidate|FlareBlitz,ThroatChop,PartingShot,FakeOut|Impish||M|||50|]Basculegion||ChoiceScarf|Adaptability|WaveCrash,LastRespects,FlipTurn,AquaJet|Jolly||M|||50|
|showteam|p2|Raichu||RaichuniteY|LightningRod|FocusBlast,ZapCannon,UpperHand,FakeOut|Timid||F|||50|]Basculegion-F||SpellTag|Adaptability|Protect,Hex,HydroPump,MuddyWater|Modest||F|||50|]Ninetales-Alola||NeverMeltIce|SnowWarning|Protect,FreezeDry,Blizzard,Encore|Timid||F|||50|]Talonflame||LifeOrb|GaleWings|Protect,BraveBird,Overheat,Tailwind|Naive||F|||50|]Vivillon||ChoiceScarf|CompoundEyes|SleepPowder,RagePowder,Hurricane,Tailwind|Timid||F|||50|]Tyranitar||ExpertBelt|SandStream|RockSlide,HighHorsepower,Protect,DragonDance|Adamant||F|||50|
|inactive|Battle timer is ON: inactive players will automatically lose when time's up. (requested by zaharba)
|inactive|zaharba has 60 seconds left.
|inactive|zaharba has 30 seconds left.
|
|t:|1782569763
|teamsize|p1|4
|teamsize|p2|4
|start
|switch|p1a: Gholdengo|Gholdengo, L50|100/100
|switch|p1b: Garchomp|Garchomp, L50, F|100/100
|switch|p2a: Raichu|Raichu, L50, F, shiny|100/100
|switch|p2b: Vivillon|Vivillon, L50, F|100/100
|turn|1
|inactive|Devta has 30 seconds left.
|inactive|zaharba has 30 seconds left.
|inactive|Devta has 20 seconds left.
|
|t:|1782569798
|switch|p1a: Incineroar|Incineroar, L50, M|100/100
|-ability|p1a: Incineroar|Intimidate|boost
|-unboost|p2a: Raichu|atk|1
|-unboost|p2b: Vivillon|atk|1
|detailschange|p2a: Raichu|Raichu-Mega-Y, L50, F, shiny
|-mega|p2a: Raichu|Raichu|Raichunite Y
|move|p1b: Garchomp|Protect|p1b: Garchomp
|-singleturn|p1b: Garchomp|Protect
|move|p2b: Vivillon|Sleep Powder|p1b: Garchomp
|-activate|p1b: Garchomp|move: Protect
|move|p2a: Raichu|Zap Cannon|p1a: Incineroar
|-damage|p1a: Incineroar|43/100
|-status|p1a: Incineroar|par
|-enditem|p1a: Incineroar|Sitrus Berry|[eat]
|-heal|p1a: Incineroar|67/100 par|[from] item: Sitrus Berry
|
|upkeep
|turn|2
|
|t:|1782569819
|move|p2a: Raichu|Upper Hand|p1a: Incineroar
|-supereffective|p1a: Incineroar|1
|-damage|p1a: Incineroar|53/100 par
|cant|p1a: Incineroar|flinch
|move|p2b: Vivillon|Sleep Powder|p1b: Garchomp
|-status|p1b: Garchomp|slp|[from] move: Sleep Powder
|cant|p1b: Garchomp|slp
|
|upkeep
|turn|3
|inactive|Devta has 30 seconds left.
|inactive|Devta has 20 seconds left.
|inactive|Devta has 15 seconds left.
|inactive|Devta has 10 seconds left.
|inactive|Devta has 5 seconds left.
|
|t:|1782569871
|switch|p2b: Basculegion|Basculegion-F, L50, F|100/100
|move|p2a: Raichu|Focus Blast|p1a: Incineroar
|-supereffective|p1a: Incineroar|1
|-damage|p1a: Incineroar|0 fnt
|faint|p1a: Incineroar
|cant|p1b: Garchomp|slp
|
|upkeep
|
|t:|1782569877
|switch|p1a: Whimsicott|Whimsicott, L50, M, shiny|100/100
|turn|4
|
|t:|1782569898
|move|p1a: Whimsicott|Tailwind|p1a: Whimsicott
|-sidestart|p1: Devta|move: Tailwind
|-curestatus|p1b: Garchomp|slp|[msg]
|move|p1b: Garchomp|Dragon Claw|p2a: Raichu
|-damage|p2a: Raichu|0 fnt
|faint|p2a: Raichu
|-damage|p1b: Garchomp|90/100|[from] item: Life Orb
|move|p2b: Basculegion|Hex|p1b: Garchomp
|-damage|p1b: Garchomp|37/100
|
|upkeep
|
|t:|1782569921
|switch|p2a: Tyranitar|Tyranitar, L50, F|100/100
|-weather|Sandstorm|[from] ability: Sand Stream|[of] p2a: Tyranitar
|turn|5
|
|t:|1782569935
|move|p1a: Whimsicott|Moonblast|p2b: Basculegion
|-damage|p2b: Basculegion|59/100
|move|p1b: Garchomp|Dragon Claw|p2b: Basculegion
|-damage|p2b: Basculegion|1/100
|-damage|p1b: Garchomp|27/100|[from] item: Life Orb
|move|p2b: Basculegion|Muddy Water|p1b: Garchomp|[spread] p1a,p1b
|-resisted|p1a: Whimsicott|1
|-damage|p1a: Whimsicott|64/100
|-damage|p1b: Garchomp|0 fnt
|-unboost|p1a: Whimsicott|accuracy|1
|faint|p1b: Garchomp
|move|p2a: Tyranitar|Rock Slide|p1a: Whimsicott
|-damage|p1a: Whimsicott|0 fnt
|faint|p1a: Whimsicott
|
|-weather|Sandstorm|[upkeep]
|-damage|p2b: Basculegion|0 fnt|[from] Sandstorm
|faint|p2b: Basculegion
|upkeep
|
|t:|1782569952
|switch|p1b: Gholdengo|Gholdengo, L50|100/100
|switch|p2b: Vivillon|Vivillon, L50, F|100/100
|turn|6
|
|t:|1782569973
|move|p2a: Tyranitar|Protect|p2a: Tyranitar
|-singleturn|p2a: Tyranitar|Protect
|move|p1b: Gholdengo|Nasty Plot|p1b: Gholdengo
|-boost|p1b: Gholdengo|spa|2
|move|p2b: Vivillon|Tailwind|p2b: Vivillon
|-sidestart|p2: zaharba|move: Tailwind
|
|-weather|Sandstorm|[upkeep]
|-damage|p2b: Vivillon|94/100|[from] Sandstorm
|upkeep
|turn|7
|
|t:|1782569987
|move|p2b: Vivillon|Tailwind||[still]
|-fail|p2b: Vivillon
|move|p1b: Gholdengo|Make It Rain|p2b: Vivillon|[spread] p2a,p2b
|-supereffective|p2a: Tyranitar|1
|-damage|p2a: Tyranitar|0 fnt
|-damage|p2b: Vivillon|0 fnt
|-unboost|p1b: Gholdengo|spa|2
|faint|p2a: Tyranitar
|faint|p2b: Vivillon
|
|win|Devta
