|j|☆Frisk Azzy
|j|☆LittleSunLight
|html|Frisk AzzyLittleSunLight    
|uhtml|bestof|Game 2 of a best-of-3
|t:|1783630901
|gametype|doubles
|player|p1|Frisk Azzy|riley|
|player|p2|LittleSunLight|beauty|
|gen|9
|tier|[Gen 9 Champions] VGC 2026 Reg M-B (Bo3)
|rule|Species Clause: Limit one of each Pokémon
|rule|Item Clause: Limit 1 of each item
|clearpoke
|poke|p1|Charizard, L50, M, shiny|
|poke|p1|Venusaur, L50, M|
|poke|p1|Whimsicott, L50, M|
|poke|p1|Luxray, L50, M, shiny|
|poke|p1|Aegislash, L50, F|
|poke|p1|Garchomp, L50, F, shiny|
|poke|p2|Dragonite, L50, F, shiny|
|poke|p2|Froslass, L50, F|
|poke|p2|Sneasler, L50, M|
|poke|p2|Arcanine-Hisui, L50, M|
|poke|p2|Basculegion, L50, M|
|poke|p2|Kingambit, L50, F|
|teampreview|4
|showteam|p1|Charizard||CharizarditeY|SolarPower|HeatWave,Protect,SolarBeam,AirSlash|Timid||M|||50|]Venusaur||LifeOrb|Chlorophyll|GigaDrain,SludgeBomb,Protect,EarthPower|Modest||M|||50|]Whimsicott||FocusSash|Prankster|Moonblast,Tailwind,Taunt,SunnyDay|Timid||M|||50|]Luxray||SitrusBerry|Intimidate|Crunch,WildCharge,Protect,VoltSwitch|Sassy||M|||50|]Aegislash||SpellTag|StanceChange|IronHead,KingsShield,WideGuard,ShadowSneak|Adamant||F|||50|]Garchomp||YacheBerry|RoughSkin|DragonClaw,Protect,Earthquake,RockSlide|Jolly||F|||50|
|showteam|p2|Dragonite||Dragoninite|Multiscale|Protect,Tailwind,DragonPulse,Flamethrower|Modest||F|||50|]Froslass||Froslassite|CursedBody|Protect,Blizzard,ShadowBall,AuroraVeil|Timid||F|||50|]Sneasler||WhiteHerb|Unburden|Protect,CloseCombat,DireClaw,FakeOut|Jolly||M|||50|]Arcanine-Hisui||FocusSash|RockHead|FlareBlitz,HeadSmash,RockSlide,ExtremeSpeed|Jolly||M|||50|]Basculegion||LifeOrb|Adaptability|Protect,WaveCrash,AquaJet,LastRespects|Adamant||M|||50|]Kingambit||ChopleBerry|Defiant|Protect,KowtowCleave,IronHead,SuckerPunch|Adamant||F|||50|
|inactive|Battle timer is ON: inactive players will automatically lose when time's up. (requested by LittleSunLight)
|
|t:|1783630934
|teamsize|p1|4
|teamsize|p2|4
|start
|switch|p1a: Garchomp|Garchomp, L50, F, shiny|100/100
|switch|p1b: Aegislash|Aegislash, L50, F|100/100
|switch|p2a: Mochi|Sneasler, L50, M|100/100
|switch|p2b: Frisk|Arcanine-Hisui, L50, M|100/100
|turn|1
|inactive|LittleSunLight has 30 seconds left.
|inactive|LittleSunLight has 20 seconds left.
|
|t:|1783630972
|move|p1a: Garchomp|Protect|p1a: Garchomp
|-singleturn|p1a: Garchomp|Protect
|move|p1b: Aegislash|King's Shield|p1b: Aegislash
|-singleturn|p1b: Aegislash|Protect
|move|p2a: Mochi|Fake Out|p1a: Garchomp
|-activate|p1a: Garchomp|move: Protect
|move|p2b: Frisk|Rock Slide|p1a: Garchomp|[spread] 
|-activate|p1a: Garchomp|move: Protect
|-activate|p1b: Aegislash|move: Protect
|
|upkeep
|turn|2
|inactive|LittleSunLight has 30 seconds left.
|inactive|LittleSunLight has 20 seconds left.
|inactive|LittleSunLight has 15 seconds left.
|
|t:|1783631016
|move|p1b: Aegislash|Wide Guard|p1b: Aegislash
|-singleturn|p1b: Aegislash|Wide Guard
|move|p2a: Mochi|Close Combat|p1a: Garchomp
|-damage|p1a: Garchomp|40/100
|-unboost|p2a: Mochi|def|1
|-unboost|p2a: Mochi|spd|1
|-damage|p2a: Mochi|87/100|[from] ability: Rough Skin|[of] p1a: Garchomp
|-enditem|p2a: Mochi|White Herb
|-clearnegativeboost|p2a: Mochi|[silent]
|move|p1a: Garchomp|Earthquake|p2a: Mochi|[spread] p2a,p2b
|-activate|p1b: Aegislash|move: Wide Guard
|-supereffective|p2a: Mochi|1
|-supereffective|p2b: Frisk|2
|-damage|p2a: Mochi|0 fnt
|-enditem|p2b: Frisk|Focus Sash
|-damage|p2b: Frisk|1/100
|faint|p2a: Mochi
|move|p2b: Frisk|Rock Slide|p1a: Garchomp|[spread] 
|-activate|p1a: Garchomp|move: Wide Guard
|-activate|p1b: Aegislash|move: Wide Guard
|
|upkeep
|inactive|LittleSunLight has 30 seconds left.
|
|t:|1783631043
|switch|p2a: Elssssa|Froslass, L50, F|100/100
|turn|3
|inactive|LittleSunLight has 30 seconds left.
|
|t:|1783631073
|switch|p1a: Charizard|Charizard, L50, M, shiny|100/100
|-formechange|p1b: Aegislash|Aegislash-Blade|
|move|p1b: Aegislash|Shadow Sneak|p2b: Frisk
|-damage|p2b: Frisk|0 fnt
|faint|p2b: Frisk
|move|p2a: Elssssa|Shadow Ball|p1a: Charizard
|-damage|p1a: Charizard|62/100
|
|upkeep
|
|t:|1783631082
|switch|p2b: Helix!|Dragonite, L50, F, shiny|100/100
|turn|4
|inactive|LittleSunLight has 30 seconds left.
|inactive|LittleSunLight has 20 seconds left.
|
|t:|1783631121
|detailschange|p2a: Elssssa|Froslass-Mega, L50, F
|-mega|p2a: Elssssa|Froslass|Froslassite
|-weather|Snowscape|[from] ability: Snow Warning|[of] p2a: Elssssa
|detailschange|p1a: Charizard|Charizard-Mega-Y, L50, M, shiny
|-mega|p1a: Charizard|Charizard|Charizardite Y
|-weather|SunnyDay|[from] ability: Drought|[of] p1a: Charizard
|move|p1b: Aegislash|Wide Guard|p1b: Aegislash
|-singleturn|p1b: Aegislash|Wide Guard
|move|p2a: Elssssa|Shadow Ball|p1a: Charizard
|-damage|p1a: Charizard|13/100
|move|p1a: Charizard|Heat Wave|p2a: Elssssa|[spread] p2a,p2b
|-supereffective|p2a: Elssssa|1
|-resisted|p2b: Helix!|1
|-damage|p2a: Elssssa|0 fnt
|-damage|p2b: Helix!|83/100
|faint|p2a: Elssssa
|move|p2b: Helix!|Tailwind|p2b: Helix!
|-sidestart|p2: LittleSunLight|move: Tailwind
|
|-weather|SunnyDay|[upkeep]
|upkeep
|turn|5
|inactive|LittleSunLight has 30 seconds left.
|
|t:|1783631153
|move|p1a: Charizard|Protect|p1a: Charizard
|-singleturn|p1a: Charizard|Protect
|move|p2b: Helix!|Flamethrower|p1b: Aegislash
|-supereffective|p1b: Aegislash|1
|-damage|p1b: Aegislash|0 fnt
|faint|p1b: Aegislash
|
|-weather|SunnyDay|[upkeep]
|upkeep
|
|t:|1783631162
|switch|p1b: Venusaur|Venusaur, L50, M|100/100
|turn|6
|
|t:|1783631180
|move|p1b: Venusaur|Protect|p1b: Venusaur
|-singleturn|p1b: Venusaur|Protect
|move|p2b: Helix!|Flamethrower|p1b: Venusaur
|-activate|p1b: Venusaur|move: Protect
|move|p1a: Charizard|Air Slash|p2b: Helix!
|-damage|p2b: Helix!|37/100
|
|-weather|SunnyDay|[upkeep]
|upkeep
|turn|7
|
|t:|1783631194
|move|p1a: Charizard|Protect|p1a: Charizard
|-singleturn|p1a: Charizard|Protect
|move|p1b: Venusaur|Sludge Bomb|p2b: Helix!
|-damage|p2b: Helix!|0 fnt
|faint|p2b: Helix!
|-damage|p1b: Venusaur|90/100|[from] item: Life Orb
|
|win|Frisk Azzy
|inactive|Frisk Azzy has 30 seconds to confirm battle start!
|inactive|LittleSunLight has 30 seconds to confirm battle start!
|c|☆LittleSunLight|gg
