|j|☆capspungo
|j|☆PaniniWeenie
|html|capspungoPaniniWeenie    
|uhtml|bestof|Game 2 of a best-of-3
|t:|1757001701
|gametype|doubles
|player|p1|capspungo|2|1300
|player|p2|PaniniWeenie|pokemaniac|1442
|gen|9
|tier|[Gen 9] VGC 2025 Reg H (Bo3)
|rated|
|rule|Species Clause: Limit one of each Pokémon
|rule|Item Clause: Limit 1 of each item
|clearpoke
|poke|p1|Ursaluna, L50, F|
|poke|p1|Indeedee-F, L50, F|
|poke|p1|Exeggutor, L50, F|
|poke|p1|Torkoal, L50, F|
|poke|p1|Gallade, L50, M|
|poke|p1|Corviknight, L50, F|
|poke|p2|Sneasler, L50, M|
|poke|p2|Volcarona, L50, M|
|poke|p2|Dragonite, L50, M|
|poke|p2|Rillaboom, L50, M|
|poke|p2|Electabuzz, L50, F|
|poke|p2|Kingambit, L50, F|
|teampreview|4
|showteam|p1|Ursaluna||FlameOrb|Guts|Protect,Facade,Earthquake,HeadlongRush|||F|||50|,,,,,Ghost]Indeedee-F||PsychicSeed|PsychicSurge|TrickRoom,Psychic,FollowMe,HelpingHand|||F|||50|,,,,,Grass]Exeggutor||FocusSash|Chlorophyll|TrickRoom,ExpandingForce,EnergyBall,SleepPowder|||F|||50|,,,,,Psychic]Torkoal||Charcoal|Drought|Eruption,HeatWave,Protect,WeatherBall|||F|||50|,,,,,Fire]Gallade||ClearAmulet|Sharpness|PsychoCut,TrickRoom,WideGuard,SacredSword|||M|||50|,,,,,Fire]Corviknight||SitrusBerry|Pressure|BraveBird,BulkUp,Protect,Roost|||F|||50|,,,,,Dragon
|showteam|p2|Sneasler||FocusSash|PoisonTouch|DireClaw,CloseCombat,FakeOut,Coaching|||M|||50|,,,,,Stellar]Volcarona||Leftovers|FlameBody|HeatWave,QuiverDance,Protect,TeraBlast|||M|||50|,,,,,Fairy]Dragonite||LoadedDice|Multiscale|ScaleShot,ExtremeSpeed,Haze,Protect|||M|||50|,,,,,Steel]Rillaboom||AssaultVest|GrassySurge|WoodHammer,GrassyGlide,HighHorsepower,FakeOut|||M|||50|,,,,,Fire]Electabuzz||Eviolite|VitalSpirit|FollowMe,Thunderbolt,Taunt,Protect|||F|||50|,,,,,Ghost]Kingambit||BlackGlasses|Defiant|KowtowCleave,SuckerPunch,SwordsDance,Protect|||F|||50|,,,,,Dark
|inactive|Battle timer is ON: inactive players will automatically lose when time's up. (requested by capspungo)
|
|t:|1757001746
|teamsize|p1|4
|teamsize|p2|4
|start
|switch|p1a: Exeggutor|Exeggutor, L50, F|100/100
|switch|p1b: Torkoal|Torkoal, L50, F|100/100
|switch|p2a: Sneasler|Sneasler, L50, M|100/100
|switch|p2b: Dragonite|Dragonite, L50, M|100/100
|-weather|SunnyDay|[from] ability: Drought|[of] p1b: Torkoal
|turn|1
|
|t:|1757001766
|switch|p1b: Indeedee|Indeedee-F, L50, F|100/100
|-fieldstart|move: Psychic Terrain|[from] ability: Psychic Surge|[of] p1b: Indeedee
|-enditem|p1b: Indeedee|Psychic Seed
|-boost|p1b: Indeedee|spd|1|[from] item: Psychic Seed
|move|p1a: Exeggutor|Expanding Force|p2b: Dragonite|[spread] p2a,p2b
|-supereffective|p2a: Sneasler
|-enditem|p2a: Sneasler|Focus Sash
|-damage|p2a: Sneasler|1/100
|-damage|p2b: Dragonite|65/100
|move|p2a: Sneasler|Dire Claw|p1a: Exeggutor
|-supereffective|p1a: Exeggutor
|-enditem|p1a: Exeggutor|Focus Sash
|-damage|p1a: Exeggutor|1/100
|-status|p1a: Exeggutor|psn|[from] ability: Poison Touch|[of] p2a: Sneasler
|move|p2b: Dragonite|Scale Shot|p1a: Exeggutor
|-damage|p1a: Exeggutor|0 fnt
|faint|p1a: Exeggutor
|-hitcount|p1: Exeggutor|1
|-unboost|p2b: Dragonite|def|1
|-boost|p2b: Dragonite|spe|1
|
|-weather|SunnyDay|[upkeep]
|upkeep
|
|t:|1757001791
|switch|p1a: Gallade|Gallade, L50, M|100/100
|turn|2
|inactive|capspungo has 30 seconds left.
|inactive|PaniniWeenie has 30 seconds left.
|inactive|PaniniWeenie has 20 seconds left.
|
|t:|1757001827
|-terastallize|p1a: Gallade|Fire
|move|p2b: Dragonite|Scale Shot|p1a: Gallade
|-damage|p1a: Gallade|79/100
|-damage|p1a: Gallade|59/100
|-damage|p1a: Gallade|36/100
|-damage|p1a: Gallade|17/100
|-hitcount|p1a: Gallade|4
|-unboost|p2b: Dragonite|def|1
|-boost|p2b: Dragonite|spe|1
|move|p2a: Sneasler|Close Combat|p1b: Indeedee
|-crit|p1b: Indeedee
|-damage|p1b: Indeedee|19/100
|-unboost|p2a: Sneasler|def|1
|-unboost|p2a: Sneasler|spd|1
|-status|p1b: Indeedee|psn|[from] ability: Poison Touch|[of] p2a: Sneasler
|move|p1a: Gallade|Psycho Cut|p2b: Dragonite
|-damage|p2b: Dragonite|0 fnt
|faint|p2b: Dragonite
|move|p1b: Indeedee|Trick Room|p1b: Indeedee
|-fieldstart|move: Trick Room|[of] p1b: Indeedee
|
|-weather|SunnyDay|[upkeep]
|-damage|p1b: Indeedee|6/100 psn|[from] psn
|upkeep
|
|t:|1757001851
|switch|p2b: Rillaboom|Rillaboom, L50, M|100/100
|-fieldstart|move: Grassy Terrain|[from] ability: Grassy Surge|[of] p2b: Rillaboom
|turn|3
|
|t:|1757001870
|switch|p2a: Volcarona|Volcarona, L50, M|100/100
|move|p2b: Rillaboom|Fake Out|p1a: Gallade
|-damage|p1a: Gallade|0 fnt
|faint|p1a: Gallade
|move|p1b: Indeedee|Follow Me|p1b: Indeedee
|-singleturn|p1b: Indeedee|move: Follow Me
|
|-weather|SunnyDay|[upkeep]
|-heal|p1b: Indeedee|12/100 psn|[from] Grassy Terrain
|-damage|p1b: Indeedee|0 fnt|[from] psn
|faint|p1b: Indeedee
|upkeep
|
|t:|1757001876
|switch|p1b: Torkoal|Torkoal, L50, F|100/100
|turn|4
|
|t:|1757001890
|-terastallize|p2b: Rillaboom|Fire
|move|p2a: Volcarona|Protect|p2a: Volcarona
|-singleturn|p2a: Volcarona|Protect
|move|p1b: Torkoal|Eruption|p2a: Volcarona|[spread] p2b
|-activate|p2a: Volcarona|move: Protect
|-resisted|p2b: Rillaboom
|-damage|p2b: Rillaboom|65/100
|move|p2b: Rillaboom|High Horsepower|p1b: Torkoal
|-supereffective|p1b: Torkoal
|-damage|p1b: Torkoal|51/100
|
|-weather|SunnyDay|[upkeep]
|-heal|p1b: Torkoal|57/100|[from] Grassy Terrain
|-heal|p2b: Rillaboom|71/100|[from] Grassy Terrain
|upkeep
|turn|5
|
|t:|1757001907
|switch|p2a: Sneasler|Sneasler, L50, M|1/100
|move|p1b: Torkoal|Heat Wave|p2a: Sneasler|[spread] p2a,p2b
|-resisted|p2b: Rillaboom
|-damage|p2a: Sneasler|0 fnt
|-damage|p2b: Rillaboom|50/100
|faint|p2a: Sneasler
|move|p2b: Rillaboom|High Horsepower|p1b: Torkoal
|-supereffective|p1b: Torkoal
|-damage|p1b: Torkoal|7/100
|
|-weather|none
|-heal|p1b: Torkoal|13/100|[from] Grassy Terrain
|-heal|p2b: Rillaboom|57/100|[from] Grassy Terrain
|upkeep
|-message|capspungo forfeited.
|
|win|PaniniWeenie
|raw|capspungo's rating: 1300 → 1285(-15 for losing)
|raw|PaniniWeenie's rating: 1442 → 1454(+12 for winning)
