|j|☆new mental
|j|☆kushala25
|html|new mentalkushala25    
|uhtml|bestof|Game 2 of a best-of-3
|t:|1783199164
|gametype|doubles
|player|p1|new mental|volkner|1116
|player|p2|kushala25|marshal|1155
|gen|9
|tier|[Gen 9 Champions] VGC 2026 Reg M-B (Bo3)
|rated|
|rule|Species Clause: Limit one of each Pokémon
|rule|Item Clause: Limit 1 of each item
|clearpoke
|poke|p1|Aerodactyl, L50, F|
|poke|p1|Garchomp, L50, M|
|poke|p1|Kingambit, L50, M|
|poke|p1|Charizard, L50, F|
|poke|p1|Sylveon, L50, F|
|poke|p1|Farigiraf, L50, M|
|poke|p2|Metagross, L50|
|poke|p2|Staraptor, L50, M|
|poke|p2|Primarina, L50, F|
|poke|p2|Whimsicott, L50, F|
|poke|p2|Delphox, L50, F|
|poke|p2|Garchomp, L50, F|
|teampreview|4
|showteam|p1|Aerodactyl||Aerodactylite|Unnerve|IceFang,RockSlide,Tailwind,DualWingbeat|Jolly||F|||50|]Garchomp||LifeOrb|RoughSkin|DragonClaw,StompingTantrum,Earthquake,Protect|Jolly||M|||50|]Kingambit||FocusSash|Defiant|SuckerPunch,KowtowCleave,IronHead,LowKick|Adamant||M|||50|]Charizard||CharizarditeY|SolarPower|Protect,HeatWave,SolarBeam,WeatherBall|Timid||F|||50|]Sylveon||FairyFeather|Pixilate|Protect,HyperVoice,HyperBeam,QuickAttack|Modest||F|||50|]Farigiraf||SitrusBerry|ArmorTail|TrickRoom,Thunderbolt,Psychic,Roar|Bold||M|||50|
|showteam|p2|Metagross||Leftovers|ClearBody|PsychicFangs,MeteorMash,BodyPress,CosmicPower|Adamant|||||50|]Staraptor||Staraptite|Intimidate|CloseCombat,BraveBird,Protect,Roost|Adamant||M|||50|]Primarina||SitrusBerry|LiquidVoice|Moonblast,DrainingKiss,CalmMind,HyperVoice|Modest||F|||50|]Whimsicott||FocusSash|Prankster|Moonblast,Tailwind,Charm,Protect|Timid||F|||50|]Delphox||Delphoxite|Blaze|Psyshock,NastyPlot,HeatWave,GrassKnot|Timid||F|||50|]Garchomp||LifeOrb|RoughSkin|RockSlide,StompingTantrum,PoisonJab,DragonClaw|Jolly||F|||50|
|
|t:|1783199171
|teamsize|p1|4
|teamsize|p2|4
|start
|switch|p1a: Sylveon|Sylveon, L50, F|100/100
|switch|p1b: Farigiraf|Farigiraf, L50, M|100/100
|switch|p2a: Staraptor|Staraptor, L50, M|100/100
|switch|p2b: Whimsicott|Whimsicott, L50, F|100/100
|-ability|p2a: Staraptor|Intimidate|boost
|-unboost|p1a: Sylveon|atk|1
|-unboost|p1b: Farigiraf|atk|1
|turn|1
|
|t:|1783199183
|detailschange|p2a: Staraptor|Staraptor-Mega, L50, M
|-mega|p2a: Staraptor|Staraptor|Staraptite
|move|p2b: Whimsicott|Charm|p2a: Staraptor
|-boost|p2a: Staraptor|atk|2
|move|p2a: Staraptor|Close Combat|p1b: Farigiraf
|-damage|p1b: Farigiraf|0 fnt
|-boost|p2a: Staraptor|def|1
|-boost|p2a: Staraptor|spd|1
|faint|p1b: Farigiraf
|move|p1a: Sylveon|Hyper Beam|p2a: Staraptor
|-supereffective|p2a: Staraptor|1
|-damage|p2a: Staraptor|0 fnt
|-mustrecharge|p1a: Sylveon
|faint|p2a: Staraptor
|
|upkeep
|
|t:|1783199195
|switch|p2a: Metagross|Metagross, L50|100/100
|switch|p1b: Charizard|Charizard, L50, F|100/100
|turn|2
|inactive|Battle timer is ON: inactive players will automatically lose when time's up. (requested by new mental)
|
|t:|1783199212
|detailschange|p1b: Charizard|Charizard-Mega-Y, L50, F
|-mega|p1b: Charizard|Charizard|Charizardite Y
|-weather|SunnyDay|[from] ability: Drought|[of] p1b: Charizard
|move|p2b: Whimsicott|Tailwind|p2b: Whimsicott
|-sidestart|p2: kushala25|move: Tailwind
|move|p2a: Metagross|Psychic Fangs|p1b: Charizard
|-damage|p1b: Charizard|53/100
|move|p1b: Charizard|Heat Wave|p2a: Metagross|[spread] p2a
|-miss|p1b: Charizard|p2b: Whimsicott
|-supereffective|p2a: Metagross|1
|-damage|p2a: Metagross|0 fnt
|faint|p2a: Metagross
|cant|p1a: Sylveon|recharge
|
|-weather|SunnyDay|[upkeep]
|upkeep
|
|t:|1783199222
|switch|p2a: Primarina|Primarina, L50, F|100/100
|turn|3
|
|t:|1783199228
|move|p2b: Whimsicott|Protect|p2b: Whimsicott
|-singleturn|p2b: Whimsicott|Protect
|move|p2a: Primarina|Calm Mind|p2a: Primarina
|-boost|p2a: Primarina|spa|1
|-boost|p2a: Primarina|spd|1
|move|p1b: Charizard|Heat Wave|p2b: Whimsicott|[spread] 
|-activate|p2b: Whimsicott|move: Protect
|-miss|p1b: Charizard|p2a: Primarina
|move|p1a: Sylveon|Hyper Voice|p2b: Whimsicott|[spread] p2a
|-activate|p2b: Whimsicott|move: Protect
|-damage|p2a: Primarina|72/100
|
|-weather|SunnyDay|[upkeep]
|upkeep
|turn|4
|
|t:|1783199242
|move|p2b: Whimsicott|Moonblast|p1a: Sylveon
|-damage|p1a: Sylveon|74/100
|move|p2a: Primarina|Calm Mind|p2a: Primarina
|-boost|p2a: Primarina|spa|1
|-boost|p2a: Primarina|spd|1
|move|p1b: Charizard|Heat Wave|p2a: Primarina|[spread] p2a,p2b
|-resisted|p2a: Primarina|1
|-supereffective|p2b: Whimsicott|1
|-damage|p2a: Primarina|59/100
|-enditem|p2b: Whimsicott|Focus Sash
|-damage|p2b: Whimsicott|1/100
|move|p1a: Sylveon|Hyper Voice|p2a: Primarina|[spread] p2a,p2b
|-damage|p2a: Primarina|40/100
|-damage|p2b: Whimsicott|0 fnt
|-enditem|p2a: Primarina|Sitrus Berry|[eat]
|-heal|p2a: Primarina|64/100|[from] item: Sitrus Berry
|faint|p2b: Whimsicott
|
|-weather|SunnyDay|[upkeep]
|upkeep
|turn|5
|
|t:|1783199257
|move|p2a: Primarina|Hyper Voice|p1b: Charizard|[spread] p1a,p1b
|-supereffective|p1b: Charizard|1
|-damage|p1a: Sylveon|44/100
|-damage|p1b: Charizard|0 fnt
|faint|p1b: Charizard
|move|p1a: Sylveon|Hyper Voice|p2a: Primarina
|-crit|p2a: Primarina
|-damage|p2a: Primarina|0 fnt
|faint|p2a: Primarina
|
|win|new mental
|raw|new mental's rating: 1116 → 1144(+28 for winning)
|raw|kushala25's rating: 1155 → 1127(-28 for losing)
