|j|☆manukuru
|j|☆Sorhana11
|html|manukuruSorhana11    
|uhtml|bestof|Game 2 of a best-of-3
|t:|1785671264
|gametype|doubles
|player|p1|manukuru|shauntal|
|player|p2|Sorhana11|101|
|gen|9
|tier|[Gen 9 Champions] VGC 2026 Reg M-B (Bo3)
|rule|Species Clause: Limit one of each Pokémon
|rule|Item Clause: Limit 1 of each item
|clearpoke
|poke|p1|Oranguru, L50, F|
|poke|p1|Flareon, L50, F|
|poke|p1|Hatterene, L50, F|
|poke|p1|Audino, L50, F|
|poke|p1|Crabominable, L50, M|
|poke|p1|Trevenant, L50, M|
|poke|p2|Malamar, L50, F|
|poke|p2|Cofagrigus, L50, M|
|poke|p2|Heliolisk, L50, F|
|poke|p2|Ninetales, L50, F|
|poke|p2|Vileplume, L50, M|
|poke|p2|Sableye, L50, F|
|teampreview|4
|showteam|p1|Oranguru||MentalHerb|InnerFocus|TrickRoom,Instruct,PsychicTerrain,Psychic|Bold||F|||50|]Flareon||LifeOrb|FlashFire|Detect,FlareBlitz,QuickAttack,DoubleEdge|Adamant||F|||50|]Hatterene||FairyFeather|MagicBounce|Protect,TrickRoom,DazzlingGleam,ExpandingForce|Quiet||F|||50|]Audino||Leftovers|Regenerator|AllySwitch,HealPulse,DazzlingGleam,HelpingHand|Calm||F|||50|]Crabominable||Crabominite|AngerPoint|IceHammer,DrainPunch,Protect,WideGuard|Brave||M|||50|]Trevenant||SitrusBerry|Harvest|Protect,WoodHammer,Poltergeist,LeechSeed|Sassy||M|||50|
|showteam|p2|Malamar||SitrusBerry|Contrary|Superpower,TrickRoom,KnockOff,PoisonJab|Brave||F|||50|]Cofagrigus||Leftovers|Mummy|TrickRoom,Protect,IronDefense,BodyPress|Relaxed||M|||50|]Heliolisk||LifeOrb|SolarPower|Thunderbolt,VoltSwitch,HyperVoice,DragonTail|Modest||F|||50|]Ninetales||Charcoal|Drought|HeatWave,SolarBeam,Overheat,Roar|Modest||F|||50|]Vileplume||WideLens|Chlorophyll|SludgeBomb,Moonblast,SleepPowder,Protect|Modest||M|||50|]Sableye||Sablenite|KeenEye|FakeOut,WillOWisp,Encore,LightScreen|Relaxed||F|||50|
|
|t:|1785671314
|teamsize|p1|4
|teamsize|p2|4
|start
|switch|p1a: Flareon|Flareon, L50, F|100/100
|switch|p1b: Oranguru|Oranguru, L50, F|100/100
|switch|p2a: Ninetales|Ninetales, L50, F|100/100
|switch|p2b: Heliolisk|Heliolisk, L50, F|100/100
|-weather|SunnyDay|[from] ability: Drought|[of] p2a: Ninetales
|turn|1
|
|t:|1785671336
|move|p1a: Flareon|Detect|p1a: Flareon
|-singleturn|p1a: Flareon|Protect
|move|p2b: Heliolisk|Thunderbolt|p1a: Flareon
|-activate|p1a: Flareon|move: Protect
|move|p2a: Ninetales|Roar|p1b: Oranguru
|drag|p1b: Hatterene|Hatterene, L50, F|100/100
|
|-weather|SunnyDay|[upkeep]
|-damage|p2b: Heliolisk|87/100|[from] ability: Solar Power|[of] p2b: Heliolisk
|upkeep
|turn|2
|
|t:|1785671360
|move|p2b: Heliolisk|Thunderbolt|p1a: Flareon
|-damage|p1a: Flareon|16/100
|-damage|p2b: Heliolisk|78/100|[from] item: Life Orb
|move|p1a: Flareon|Flare Blitz|p2b: Heliolisk
|-damage|p2b: Heliolisk|0 fnt
|faint|p2b: Heliolisk
|-damage|p1a: Flareon|0 fnt|[from] Recoil
|faint|p1a: Flareon
|move|p2a: Ninetales|Roar|p1b: Hatterene
|move|p1b: Hatterene|Roar|p2a: Ninetales|[from] ability: Magic Bounce
|drag|p2a: Malamar|Malamar, L50, F|100/100
|move|p1b: Hatterene|Trick Room|p1b: Hatterene
|-fieldstart|move: Trick Room|[of] p1b: Hatterene
|
|-weather|SunnyDay|[upkeep]
|upkeep
|
|t:|1785671413
|switch|p1a: Crabominable|Crabominable, L50, M|100/100
|switch|p2b: Cofagrigus|Cofagrigus, L50, M|100/100
|turn|3
|l|☆Sorhana11
|player|p2|
|j|☆Sorhana11
|player|p2|Sorhana11|101|
|
|t:|1785671470
|detailschange|p1a: Crabominable|Crabominable-Mega, L50, M
|-mega|p1a: Crabominable|Crabominable|Crabominite
|move|p1b: Hatterene|Dazzling Gleam|p2a: Malamar|[spread] p2a,p2b
|-supereffective|p2a: Malamar|1
|-damage|p2a: Malamar|0 fnt
|-damage|p2b: Cofagrigus|59/100
|faint|p2a: Malamar
|move|p1a: Crabominable|Ice Hammer|p2b: Cofagrigus
|-damage|p2b: Cofagrigus|10/100
|-unboost|p1a: Crabominable|spe|1
|-activate|p2b: Cofagrigus|ability: Mummy|p1a: Crabominable|[ability] Iron Fist
|move|p2b: Cofagrigus|Trick Room|p2b: Cofagrigus
|-fieldend|move: Trick Room
|
|-weather|SunnyDay|[upkeep]
|-heal|p2b: Cofagrigus|16/100|[from] item: Leftovers
|upkeep
|
|t:|1785671476
|switch|p2a: Ninetales|Ninetales, L50, F|100/100
|turn|4
|
|t:|1785671521
|move|p1b: Hatterene|Protect|p1b: Hatterene
|-singleturn|p1b: Hatterene|Protect
|move|p2a: Ninetales|Heat Wave|p1a: Crabominable|[spread] p1a
|-activate|p1b: Hatterene|move: Protect
|-supereffective|p1a: Crabominable|1
|-damage|p1a: Crabominable|19/100
|move|p1a: Crabominable|Ice Hammer|p2b: Cofagrigus
|-damage|p2b: Cofagrigus|0 fnt
|-unboost|p1a: Crabominable|spe|1
|faint|p2b: Cofagrigus
|
|-weather|SunnyDay|[upkeep]
|upkeep
|turn|5
|
|t:|1785671540
|move|p1a: Crabominable|Wide Guard|p1a: Crabominable
|-singleturn|p1a: Crabominable|Wide Guard
|move|p2a: Ninetales|Overheat|p1b: Hatterene
|-damage|p1b: Hatterene|0 fnt
|-unboost|p2a: Ninetales|spa|2
|faint|p1b: Hatterene
|
|-weather|none
|upkeep
|
|t:|1785671548
|switch|p1b: Oranguru|Oranguru, L50, F|100/100
|turn|6
|
|t:|1785671633
|move|p2a: Ninetales|Overheat|p1a: Crabominable
|-supereffective|p1a: Crabominable|1
|-damage|p1a: Crabominable|0 fnt
|-unboost|p2a: Ninetales|spa|2
|faint|p1a: Crabominable
|move|p1b: Oranguru|Trick Room|p1b: Oranguru
|-fieldstart|move: Trick Room|[of] p1b: Oranguru
|
|upkeep
|turn|7
|
|t:|1785671642
|move|p1b: Oranguru|Psychic|p2a: Ninetales
|-damage|p2a: Ninetales|69/100
|move|p2a: Ninetales|Overheat|p1b: Oranguru
|-damage|p1b: Oranguru|81/100
|-unboost|p2a: Ninetales|spa|2
|
|upkeep
|turn|8
|
|t:|1785671649
|move|p1b: Oranguru|Psychic|p2a: Ninetales
|-damage|p2a: Ninetales|40/100
|move|p2a: Ninetales|Overheat|p1b: Oranguru
|-damage|p1b: Oranguru|68/100
|
|upkeep
|turn|9
|
|t:|1785671657
|move|p1b: Oranguru|Psychic|p2a: Ninetales
|-damage|p2a: Ninetales|10/100
|move|p2a: Ninetales|Overheat|p1b: Oranguru
|-damage|p1b: Oranguru|54/100
|
|upkeep
|turn|10
|
|t:|1785671665
|move|p1b: Oranguru|Psychic|p2a: Ninetales
|-damage|p2a: Ninetales|0 fnt
|faint|p2a: Ninetales
|
|win|manukuru
||manukuru is ready for game 3.
||Sorhana11 is ready for game 3.
|uhtml|next|Next: Game 3 of 3
|l|☆Sorhana11
|player|p2|
