|j|☆mayorga9099
|j|☆Welosethose!
|html|mayorga9099Welosethose!    
|uhtml|bestof|Game 2 of a best-of-3
|t:|1756583921
|gametype|doubles
|player|p1|mayorga9099|ethan|1137
|player|p2|Welosethose!|hilbert|1121
|gen|9
|tier|[Gen 9] VGC 2025 Reg H (Bo3)
|rated|
|rule|Species Clause: Limit one of each Pokémon
|rule|Item Clause: Limit 1 of each item
|clearpoke
|poke|p1|Incineroar, L50, M|
|poke|p1|Dragapult, L50, M|
|poke|p1|Gastrodon, L50, F|
|poke|p1|Farigiraf, L50, F|
|poke|p1|Gholdengo, L50|
|poke|p1|Ursaluna-Bloodmoon, L50, M|
|poke|p2|Gholdengo, L50|
|poke|p2|Incineroar, L50, F|
|poke|p2|Archaludon, L50, M|
|poke|p2|Amoonguss, L50, M|
|poke|p2|Whimsicott, L50, F|
|poke|p2|Dragapult, L50, F|
|teampreview|4
|showteam|p1|Incineroar||AssaultVest|Intimidate|FlareBlitz,KnockOff,FakeOut,Uturn|||M|||50|,,,,,Water]Dragapult||FocusSash|ClearBody|PhantomForce,BreakingSwipe,Disable,ThunderWave|||M|||50|,,,,,Ghost]Gastrodon||Leftovers|StormDrain|EarthPower,IcyWind,Protect,Yawn|||F|||50|,,,,,Fairy]Farigiraf||SitrusBerry|ArmorTail|DazzlingGleam,PsychicNoise,HelpingHand,TrickRoom|||F|||50|,,,,,Fairy]Gholdengo||MetalCoat|GoodasGold|MakeItRain,ShadowBall,NastyPlot,Protect||||||50|,,,,,Water]Ursaluna-Bloodmoon||LifeOrb|MindsEye|BloodMoon,HyperVoice,EarthPower,Protect|||M|||50|,,,,,Normal
|showteam|p2|Gholdengo||Leftovers|GoodasGold|MakeItRain,DazzlingGleam,NastyPlot,Protect||||||50|,,,,,Fairy]Incineroar||AssaultVest|Intimidate|FakeOut,Uturn,FlareBlitz,KnockOff|||F|||50|,,,,,Grass]Archaludon||PowerHerb|Stalwart|ElectroShot,DracoMeteor,Thunderbolt,Protect|||M|||50|,,,,,Electric]Amoonguss||SitrusBerry|Regenerator|RagePowder,Spore,ClearSmog,Protect|||M|||50|,,,,,Psychic]Whimsicott||FocusSash|Prankster|Tailwind,Moonblast,Endeavor,Encore|||F|||50|,,,,,Ghost]Dragapult||ChoiceBand|ClearBody|DragonDarts,Outrage,TeraBlast,Uturn|||F|||50|,,,,,Ghost
|inactive|Battle timer is ON: inactive players will automatically lose when time's up. (requested by mayorga9099)
|
|t:|1756583998
|teamsize|p1|4
|teamsize|p2|4
|start
|switch|p1a: Farigiraf|Farigiraf, L50, F|100/100
|switch|p1b: Ursaluna|Ursaluna-Bloodmoon, L50, M|100/100
|switch|p2a: Whimsicott|Whimsicott, L50, F|100/100
|switch|p2b: Dragapult|Dragapult, L50, F|100/100
|turn|1
|inactive|mayorga9099 has 30 seconds left.
|inactive|Welosethose! has 30 seconds left.
|inactive|mayorga9099 has 20 seconds left.
|inactive|Welosethose! has 20 seconds left.
|inactive|Welosethose! has 15 seconds left.
|inactive|Welosethose! has 10 seconds left.
|inactive|Welosethose! has 5 seconds left.
|
|t:|1756584050
|-terastallize|p2b: Dragapult|Ghost
|move|p2b: Dragapult|Tera Blast|p1a: Farigiraf|[anim] Tera Blast Ghost
|-immune|p1a: Farigiraf
|move|p2a: Whimsicott|Moonblast|p1a: Farigiraf
|-damage|p1a: Farigiraf|71/100
|move|p1a: Farigiraf|Psychic Noise|p2b: Dragapult
|-damage|p2b: Dragapult|64/100
|-start|p2b: Dragapult|move: Heal Block
|move|p1b: Ursaluna|Blood Moon|p2b: Dragapult
|-damage|p2b: Dragapult|0 fnt
|faint|p2b: Dragapult
|-damage|p1b: Ursaluna|91/100|[from] item: Life Orb
|
|upkeep
|
|t:|1756584064
|switch|p2b: Gholdengo|Gholdengo, L50|100/100
|turn|2
|inactive|mayorga9099 has 30 seconds left.
|
|t:|1756584097
|switch|p1b: Incineroar|Incineroar, L50, M|100/100
|-ability|p1b: Incineroar|Intimidate|boost
|-unboost|p2a: Whimsicott|atk|1
|-unboost|p2b: Gholdengo|atk|1
|move|p2a: Whimsicott|Moonblast|p1a: Farigiraf
|-damage|p1a: Farigiraf|42/100
|-enditem|p1a: Farigiraf|Sitrus Berry|[eat]
|-heal|p1a: Farigiraf|67/100|[from] item: Sitrus Berry
|move|p2b: Gholdengo|Make It Rain|p1a: Farigiraf|[spread] p1a,p1b
|-resisted|p1b: Incineroar
|-damage|p1a: Farigiraf|28/100
|-damage|p1b: Incineroar|86/100
|-unboost|p2b: Gholdengo|spa|1
|move|p1a: Farigiraf|Trick Room|p1a: Farigiraf
|-fieldstart|move: Trick Room|[of] p1a: Farigiraf
|
|upkeep
|turn|3
|inactive|mayorga9099 has 30 seconds left.
|
|t:|1756584126
|switch|p2b: Archaludon|Archaludon, L50, M|100/100
|move|p1a: Farigiraf|Psychic Noise|p2a: Whimsicott
|-damage|p2a: Whimsicott|55/100
|-start|p2a: Whimsicott|move: Heal Block
|move|p1b: Incineroar|Flare Blitz|p2a: Whimsicott
|-supereffective|p2a: Whimsicott
|-damage|p2a: Whimsicott|0 fnt
|faint|p2a: Whimsicott
|-damage|p1b: Incineroar|74/100|[from] Recoil
|
|upkeep
|
|t:|1756584134
|switch|p2a: Gholdengo|Gholdengo, L50|100/100
|turn|4
|inactive|mayorga9099 has 30 seconds left.
|inactive|mayorga9099 has 20 seconds left.
|
|t:|1756584169
|move|p1b: Incineroar|Knock Off|p2b: Archaludon
|-damage|p2b: Archaludon|58/100
|-enditem|p2b: Archaludon|Power Herb|[from] move: Knock Off|[of] p1b: Incineroar
|move|p1a: Farigiraf|Psychic Noise|p2b: Archaludon
|-resisted|p2b: Archaludon
|-damage|p2b: Archaludon|37/100
|-start|p2b: Archaludon|move: Heal Block
|move|p2a: Gholdengo|Nasty Plot|p2a: Gholdengo
|-boost|p2a: Gholdengo|spa|2
|move|p2b: Archaludon|Electro Shot||[still]
|-prepare|p2b: Archaludon|Electro Shot
|-boost|p2b: Archaludon|spa|1
|
|upkeep
|turn|5
|inactive|mayorga9099 has 30 seconds left.
|
|t:|1756584196
|move|p1b: Incineroar|Flare Blitz|p2b: Archaludon
|-damage|p2b: Archaludon|0 fnt
|faint|p2b: Archaludon
|-damage|p1b: Incineroar|64/100|[from] Recoil
|move|p1a: Farigiraf|Psychic Noise|p2a: Gholdengo
|-resisted|p2a: Gholdengo
|-damage|p2a: Gholdengo|86/100
|-start|p2a: Gholdengo|move: Heal Block
|move|p2a: Gholdengo|Dazzling Gleam|p1b: Incineroar|[spread] p1a,p1b
|-damage|p1a: Farigiraf|0 fnt
|-damage|p1b: Incineroar|34/100
|faint|p1a: Farigiraf
|
|upkeep
|
|t:|1756584208
|switch|p1a: Ursaluna|Ursaluna-Bloodmoon, L50, M|91/100
|turn|6
|
|t:|1756584227
|move|p2a: Gholdengo|Protect|p2a: Gholdengo
|-singleturn|p2a: Gholdengo|Protect
|move|p1a: Ursaluna|Hyper Voice|p2a: Gholdengo
|-activate|p2a: Gholdengo|move: Protect
|move|p1b: Incineroar|Knock Off|p2a: Gholdengo
|-activate|p2a: Gholdengo|move: Protect
|
|-end|p2a: Gholdengo|move: Heal Block
|-fieldend|move: Trick Room
|upkeep
|turn|7
|
|t:|1756584244
|-terastallize|p1a: Ursaluna|Normal
|move|p2a: Gholdengo|Make It Rain|p1b: Incineroar|[spread] p1a,p1b
|-resisted|p1b: Incineroar
|-damage|p1a: Ursaluna|0 fnt
|-damage|p1b: Incineroar|5/100
|-unboost|p2a: Gholdengo|spa|1
|faint|p1a: Ursaluna
|move|p1b: Incineroar|Knock Off|p2a: Gholdengo
|-supereffective|p2a: Gholdengo
|-damage|p2a: Gholdengo|0 fnt
|-enditem|p2a: Gholdengo|Leftovers|[from] move: Knock Off|[of] p1b: Incineroar
|faint|p2a: Gholdengo
|
|win|mayorga9099
||Welosethose! is ready for game 3.
||mayorga9099 is ready for game 3.
|uhtml|next|Next: Game 3 of 3
