|j|☆Shitfuckerreturns2
|j|☆Someoneofficial
|html|Shitfuckerreturns2Someoneofficial    
|uhtml|bestof|Game 1 of a best-of-3
|t:|1784928502
|gametype|doubles
|player|p1|Shitfuckerreturns2|harlequin|
|player|p2|Someoneofficial|170|
|gen|9
|tier|[Gen 9 Champions] VGC 2026 Reg M-B (Bo3)
|rule|Species Clause: Limit one of each Pokémon
|rule|Item Clause: Limit 1 of each item
|clearpoke
|poke|p1|Falinks, L50|
|poke|p1|Audino, L50, F|
|poke|p1|Maushold-Four, L50, shiny|
|poke|p1|Scrafty, L50, F, shiny|
|poke|p1|Archaludon, L50, F|
|poke|p1|Staraptor, L50, F|
|poke|p2|Charizard, L50, M, shiny|
|poke|p2|Raichu, L50, M, shiny|
|poke|p2|Sinistcha, L50, shiny|
|poke|p2|Vivillon-Monsoon, L50, M, shiny|
|poke|p2|Basculegion, L50, M, shiny|
|poke|p2|Sneasler, L50, M, shiny|
|teampreview|4
|showteam|p1|Falinks||Falinksite|Defiant|NoRetreat,Protect,RockSlide,HighHorsepower|Adamant|||||50|]Audino||ChoiceScarf|Healer|SimpleBeam,HealPulse,AfterYou,Encore|Timid||F|||50|]Maushold-Four||WideLens|Technician|PopulationBomb,FollowMe,Protect,TidyUp|Jolly|||||50|]Scrafty||Scraftinite|Intimidate|FakeOut,Coaching,KnockOff,DrainPunch|Careful||F|||50|]Archaludon||SitrusBerry|Stamina|ElectroShot,DragonPulse,FlashCannon,AuraSphere|Modest||F|||50|]Staraptor||FocusSash|Intimidate|Tailwind,Uturn,RainDance,GigaImpact|Jolly||F|||50|
|showteam|p2|Charizard||CharizarditeX|Blaze|BreakingSwipe,DragonDance,FlareBlitz,Protect|Adamant||M|||50|]Raichu||RaichuniteY|LightningRod|FakeOut,Protect,FocusBlast,ZapCannon|Timid||M|||50|]Sinistcha||ColburBerry|Hospitality|RagePowder,MatchaGotcha,TrickRoom,Imprison|Bold|||||50|]Vivillon-Monsoon||FocusSash|CompoundEyes|Protect,Tailwind,SleepPowder,SunnyDay|Timid||M|||50|]Basculegion||ChoiceScarf|Adaptability|LastRespects,WaveCrash,AquaJet,FlipTurn|Jolly||M|||50|]Sneasler||WhiteHerb|Unburden|Protect,FakeOut,CloseCombat,DireClaw|Adamant||M|||50|
|j| guxueprimalblade
|j| HEROBREIN9
|j| porporisnowbluu
|c| porporisnowbluu|Ouuu lets see this play
|
|t:|1784928632
|teamsize|p1|4
|teamsize|p2|4
|start
|switch|p1a: why|Staraptor, L50, F|100/100
|switch|p1b: Maushold-Six-Seven|Maushold-Four, L50, shiny|100/100
|switch|p2a: Chonka chu|Raichu, L50, M, shiny|100/100
|switch|p2b: Vivion|Vivillon-Monsoon, L50, M, shiny|100/100
|-ability|p1a: why|Intimidate|boost
|-unboost|p2a: Chonka chu|atk|1
|-unboost|p2b: Vivion|atk|1
|turn|1
|
|t:|1784928647
|switch|p1a: That bridge i hate|Archaludon, L50, F|100/100
|detailschange|p2a: Chonka chu|Raichu-Mega-Y, L50, M, shiny
|-mega|p2a: Chonka chu|Raichu|Raichunite Y
|move|p1b: Maushold-Six-Seven|Protect|p1b: Maushold-Six-Seven
|-singleturn|p1b: Maushold-Six-Seven|Protect
|move|p2a: Chonka chu|Fake Out|p1a: That bridge i hate
|-resisted|p1a: That bridge i hate|1
|-damage|p1a: That bridge i hate|97/100
|-ability|p1a: That bridge i hate|Stamina|boost
|-boost|p1a: That bridge i hate|def|1
|move|p2b: Vivion|Sleep Powder|p1b: Maushold-Six-Seven
|-activate|p1b: Maushold-Six-Seven|move: Protect
|
|upkeep
|turn|2
|
|t:|1784928682
|switch|p2b: Bascu|Basculegion, L50, M, shiny|100/100
|move|p2a: Chonka chu|Zap Cannon|p1b: Maushold-Six-Seven
|-damage|p1b: Maushold-Six-Seven|17/100
|-status|p1b: Maushold-Six-Seven|par
|move|p1a: That bridge i hate|Dragon Pulse|p2a: Chonka chu
|-damage|p2a: Chonka chu|41/100
|move|p1b: Maushold-Six-Seven|Population Bomb|p2b: Bascu
|-immune|p2b: Bascu
|
|upkeep
|turn|3
|
|t:|1784928703
|move|p1b: Maushold-Six-Seven|Follow Me|p1b: Maushold-Six-Seven
|-singleturn|p1b: Maushold-Six-Seven|move: Follow Me
|move|p2b: Bascu|Flip Turn|p1b: Maushold-Six-Seven
|-damage|p1b: Maushold-Six-Seven|0 fnt
|faint|p1b: Maushold-Six-Seven
|
|t:|1784928708
|switch|p2b: 2slimey|Sneasler, L50, M, shiny|100/100|[from] Flip Turn
|move|p2a: Chonka chu|Focus Blast|p1a: That bridge i hate
|-supereffective|p1a: That bridge i hate|1
|-damage|p1a: That bridge i hate|1/100
|-ability|p1a: That bridge i hate|Stamina|boost
|-boost|p1a: That bridge i hate|def|1
|-enditem|p1a: That bridge i hate|Sitrus Berry|[eat]
|-heal|p1a: That bridge i hate|25/100|[from] item: Sitrus Berry
|move|p1a: That bridge i hate|Electro Shot||[still]
|-prepare|p1a: That bridge i hate|Electro Shot
|-boost|p1a: That bridge i hate|spa|1
|
|upkeep
|
|t:|1784928711
|switch|p1b: why|Staraptor, L50, F|100/100
|-ability|p1b: why|Intimidate|boost
|-unboost|p2a: Chonka chu|atk|1
|-unboost|p2b: 2slimey|atk|1
|-enditem|p2b: 2slimey|White Herb
|-clearnegativeboost|p2b: 2slimey|[silent]
|turn|4
|j| hakoryu
|
|t:|1784928739
|switch|p1b: Dumb idiot|Scrafty, L50, F, shiny|100/100
|-ability|p1b: Dumb idiot|Intimidate|boost
|-unboost|p2a: Chonka chu|atk|1
|-unboost|p2b: 2slimey|atk|1
|move|p2b: 2slimey|Close Combat|p1a: That bridge i hate
|-supereffective|p1a: That bridge i hate|1
|-damage|p1a: That bridge i hate|0 fnt
|-unboost|p2b: 2slimey|def|1
|-unboost|p2b: 2slimey|spd|1
|faint|p1a: That bridge i hate
|move|p2a: Chonka chu|Zap Cannon|p1b: Dumb idiot
|-damage|p1b: Dumb idiot|54/100
|-status|p1b: Dumb idiot|par
|
|upkeep
|
|t:|1784928746
|switch|p1a: why|Staraptor, L50, F|100/100
|-ability|p1a: why|Intimidate|boost
|-unboost|p2a: Chonka chu|atk|1
|-unboost|p2b: 2slimey|atk|1
|turn|5
|
|t:|1784928773
|detailschange|p1b: Dumb idiot|Scrafty-Mega, L50, F, shiny
|-mega|p1b: Dumb idiot|Scrafty|Scraftinite
|-ability|p1b: Dumb idiot|Intimidate|boost
|-unboost|p2a: Chonka chu|atk|1
|-unboost|p2b: 2slimey|atk|1
|cant|p1b: Dumb idiot|par
|move|p2b: 2slimey|Close Combat|p1b: Dumb idiot
|-supereffective|p1b: Dumb idiot|1
|-damage|p1b: Dumb idiot|7/100 par
|-unboost|p2b: 2slimey|def|1
|-unboost|p2b: 2slimey|spd|1
|move|p2a: Chonka chu|Zap Cannon|p1a: why
|-supereffective|p1a: why|1
|-enditem|p1a: why|Focus Sash
|-damage|p1a: why|1/100
|-status|p1a: why|par
|move|p1a: why|Tailwind|p1a: why
|-sidestart|p1: Shitfuckerreturns2|move: Tailwind
|
|upkeep
|turn|6
|
|t:|1784928792
|move|p2b: 2slimey|Dire Claw|p1a: why
|-damage|p1a: why|0 fnt
|-fail|p1a: why
|faint|p1a: why
|move|p2a: Chonka chu|Zap Cannon|p1b: Dumb idiot
|-damage|p1b: Dumb idiot|0 fnt
|faint|p1b: Dumb idiot
|
|win|Someoneofficial
||Shitfuckerreturns2 is ready for game 2.
||Someoneofficial is ready for game 2.
|uhtml|next|Next: Game 2 of 3
|l| porporisnowbluu
|j| porporisnowbluu
|l| porporisnowbluu
|l| guxueprimalblade
