|j|☆Crow1998
|j|☆Victor711
|html|Crow1998Victor711    
|uhtml|bestof|Game 1 of a best-of-3
|t:|1785249696
|gametype|doubles
|player|p1|Crow1998|gambler|1051
|player|p2|Victor711|102|1028
|gen|9
|tier|[Gen 9 Champions] VGC 2026 Reg M-B (Bo3)
|rated|
|rule|Species Clause: Limit one of each Pokémon
|rule|Item Clause: Limit 1 of each item
|clearpoke
|poke|p1|Tyranitar, L50, M|
|poke|p1|Excadrill, L50, F|
|poke|p1|Gholdengo, L50|
|poke|p1|Staraptor, L50, F|
|poke|p1|Milotic, L50, M|
|poke|p1|Sinistcha, L50|
|poke|p2|Aerodactyl, L50, M|
|poke|p2|Charizard, L50, M|
|poke|p2|Whimsicott, L50, F|
|poke|p2|Kingambit, L50, F|
|poke|p2|Garchomp, L50, M|
|poke|p2|Basculegion, L50, M|
|teampreview|4
|showteam|p1|Tyranitar||Tyranitarite|SandStream|KnockOff,RockSlide,LowKick,Protect|Adamant||M|||50|]Excadrill||FocusSash|SandRush|HighHorsepower,IronHead,RockSlide,Protect|Adamant||F|||50|]Gholdengo||LifeOrb|GoodasGold|MakeItRain,ShadowBall,NastyPlot,Protect|Modest|||||50|]Staraptor||Staraptite|Intimidate|CloseCombat,BraveBird,Tailwind,Protect|Jolly||F|||50|]Milotic||SitrusBerry|Competitive|Scald,IcyWind,IceBeam,Recover|Modest||M|||50|]Sinistcha||ColburBerry|Hospitality|MatchaGotcha,RagePowder,Protect,TrickRoom|Bold|||||50|
|showteam|p2|Aerodactyl||Aerodactylite|Unnerve|Tailwind,DualWingbeat,RockSlide,Protect|Jolly||M|||50|]Charizard||CharizarditeY|Blaze|Protect,WeatherBall,SolarBeam,HeatWave|Timid||M|||50|]Whimsicott||FocusSash|Prankster|Tailwind,Moonblast,Encore,Growth|Timid||F|||50|]Kingambit||ChopleBerry|Defiant|Protect,SuckerPunch,IronHead,KowtowCleave|Adamant||F|||50|]Garchomp||LifeOrb|RoughSkin|Protect,Earthquake,DragonClaw,StompingTantrum|Jolly||M|||50|]Basculegion||ChoiceScarf|Adaptability|AquaJet,FlipTurn,LastRespects,WaveCrash|Jolly||M|||50|
|inactive|Battle timer is ON: inactive players will automatically lose when time's up. (requested by Crow1998)
|inactive|Crow1998 has 60 seconds left.
|
|t:|1785249848
|teamsize|p1|4
|teamsize|p2|4
|start
|switch|p1a: Milotic|Milotic, L50, M|100/100
|switch|p1b: Tyranitar|Tyranitar, L50, M|100/100
|switch|p2a: Basculegion|Basculegion, L50, M|100/100
|switch|p2b: Aerodactyl|Aerodactyl, L50, M|100/100
|-ability|p2b: Aerodactyl|Unnerve
|-weather|Sandstorm|[from] ability: Sand Stream|[of] p1b: Tyranitar
|turn|1
|inactive|Crow1998 has 30 seconds left.
|
|t:|1785249877
|detailschange|p2b: Aerodactyl|Aerodactyl-Mega, L50, M
|-mega|p2b: Aerodactyl|Aerodactyl|Aerodactylite
|move|p1b: Tyranitar|Protect|p1b: Tyranitar
|-singleturn|p1b: Tyranitar|Protect
|move|p2b: Aerodactyl|Rock Slide|p1b: Tyranitar|[spread] 
|-activate|p1b: Tyranitar|move: Protect
|-miss|p2b: Aerodactyl|p1a: Milotic
|move|p2a: Basculegion|Flip Turn|p1b: Tyranitar
|-activate|p1b: Tyranitar|move: Protect
|move|p1a: Milotic|Icy Wind|p2a: Basculegion|[spread] p2a,p2b
|-resisted|p2a: Basculegion|1
|-supereffective|p2b: Aerodactyl|1
|-damage|p2a: Basculegion|94/100
|-damage|p2b: Aerodactyl|82/100
|-unboost|p2a: Basculegion|spe|1
|-unboost|p2b: Aerodactyl|spe|1
|
|-weather|Sandstorm|[upkeep]
|-damage|p2a: Basculegion|88/100|[from] Sandstorm
|-damage|p1a: Milotic|94/100|[from] Sandstorm
|upkeep
|turn|2
|inactive|Victor711 has 30 seconds left.
|
|t:|1785249904
|switch|p1b: Sinistcha|Sinistcha, L50|100/100
|-heal|p1a: Milotic|100/100|[from] ability: Hospitality|[of] p1b: Sinistcha
|move|p2b: Aerodactyl|Rock Slide|p1a: Milotic|[spread] p1a,p1b
|-damage|p1a: Milotic|66/100
|-damage|p1b: Sinistcha|74/100
|move|p2a: Basculegion|Flip Turn|p1b: Sinistcha
|-resisted|p1b: Sinistcha|1
|-damage|p1b: Sinistcha|58/100
|
|t:|1785249916
|switch|p2a: Garchomp|Garchomp, L50, M|100/100|[from] Flip Turn
|move|p1a: Milotic|Scald|p2b: Aerodactyl
|-supereffective|p2b: Aerodactyl|1
|-damage|p2b: Aerodactyl|23/100
|-status|p2b: Aerodactyl|brn
|
|-weather|Sandstorm|[upkeep]
|-damage|p1a: Milotic|60/100|[from] Sandstorm
|-damage|p1b: Sinistcha|52/100|[from] Sandstorm
|-damage|p2b: Aerodactyl|17/100 brn|[from] brn
|upkeep
|turn|3
|inactive|Crow1998 has 30 seconds left.
|inactive|Crow1998 has 20 seconds left.
|inactive|Crow1998 has 15 seconds left.
|
|t:|1785249957
|move|p1b: Sinistcha|Protect|p1b: Sinistcha
|-singleturn|p1b: Sinistcha|Protect
|move|p2a: Garchomp|Earthquake|p1a: Milotic|[spread] p1a
|-activate|p1b: Sinistcha|move: Protect
|-immune|p2b: Aerodactyl
|-damage|p1a: Milotic|9/100
|-enditem|p1a: Milotic|Sitrus Berry|[eat]
|-heal|p1a: Milotic|34/100|[from] item: Sitrus Berry
|-damage|p2a: Garchomp|90/100|[from] item: Life Orb
|move|p2b: Aerodactyl|Rock Slide|p1b: Sinistcha|[spread] p1a
|-activate|p1b: Sinistcha|move: Protect
|-damage|p1a: Milotic|18/100
|move|p1a: Milotic|Ice Beam|p2a: Garchomp
|-supereffective|p2a: Garchomp|2
|-damage|p2a: Garchomp|0 fnt
|faint|p2a: Garchomp
|
|-weather|Sandstorm|[upkeep]
|-damage|p1a: Milotic|12/100|[from] Sandstorm
|-damage|p1b: Sinistcha|46/100|[from] Sandstorm
|-damage|p2b: Aerodactyl|12/100 brn|[from] brn
|upkeep
|inactive|Victor711 has 30 seconds left.
|
|t:|1785249984
|switch|p2a: Kingambit|Kingambit, L50, F|100/100
|turn|4
|inactive|Crow1998 has 30 seconds left.
|inactive|Crow1998 has 20 seconds left.
|inactive|Crow1998 has 15 seconds left.
|inactive|Crow1998 has 10 seconds left.
|
|t:|1785250032
|switch|p1a: Tyranitar|Tyranitar, L50, M|100/100
|move|p2b: Aerodactyl|Dual Wingbeat|p1a: Tyranitar
|-resisted|p1a: Tyranitar|1
|-damage|p1a: Tyranitar|94/100
|-resisted|p1a: Tyranitar|1
|-damage|p1a: Tyranitar|88/100
|-hitcount|p1a: Tyranitar|2
|move|p1b: Sinistcha|Matcha Gotcha|p2b: Aerodactyl|[spread] p2a,p2b
|-resisted|p2a: Kingambit|1
|-damage|p2a: Kingambit|88/100
|-heal|p1b: Sinistcha|53/100|[from] drain|[of] p2a: Kingambit
|-damage|p2b: Aerodactyl|0 fnt
|-heal|p1b: Sinistcha|58/100|[from] drain|[of] p2b: Aerodactyl
|faint|p2b: Aerodactyl
|move|p2a: Kingambit|Kowtow Cleave|p1b: Sinistcha
|-supereffective|p1b: Sinistcha|1
|-enditem|p1b: Sinistcha|Colbur Berry|[eat]
|-enditem|p1b: Sinistcha|Colbur Berry|[weaken]
|-damage|p1b: Sinistcha|24/100
|
|-weather|Sandstorm|[upkeep]
|-damage|p1b: Sinistcha|18/100|[from] Sandstorm
|upkeep
|
|t:|1785250056
|switch|p2b: Basculegion|Basculegion, L50, M|88/100
|turn|5
|
|t:|1785250066
|move|p1b: Sinistcha|Rage Powder|p1b: Sinistcha
|-singleturn|p1b: Sinistcha|move: Rage Powder
|move|p2b: Basculegion|Last Respects|p1b: Sinistcha
|-supereffective|p1b: Sinistcha|1
|-damage|p1b: Sinistcha|0 fnt
|faint|p1b: Sinistcha
|move|p1a: Tyranitar|Knock Off|p2b: Basculegion
|-supereffective|p2b: Basculegion|1
|-crit|p2b: Basculegion
|-damage|p2b: Basculegion|0 fnt
|-enditem|p2b: Basculegion|Choice Scarf|[from] move: Knock Off|[of] p1a: Tyranitar
|faint|p2b: Basculegion
|move|p2a: Kingambit|Iron Head|p1a: Tyranitar
|-supereffective|p1a: Tyranitar|1
|-damage|p1a: Tyranitar|22/100
|
|-weather|none
|upkeep
|
|t:|1785250079
|switch|p1b: Excadrill|Excadrill, L50, F|100/100
|turn|6
|
|t:|1785250102
|detailschange|p1a: Tyranitar|Tyranitar-Mega, L50, M
|-mega|p1a: Tyranitar|Tyranitar|Tyranitarite
|-weather|Sandstorm|[from] ability: Sand Stream|[of] p1a: Tyranitar
|move|p1b: Excadrill|High Horsepower|p2a: Kingambit
|-supereffective|p2a: Kingambit|1
|-damage|p2a: Kingambit|16/100
|move|p1a: Tyranitar|Low Kick|p2a: Kingambit
|-supereffective|p2a: Kingambit|2
|-enditem|p2a: Kingambit|Chople Berry|[eat]
|-enditem|p2a: Kingambit|Chople Berry|[weaken]
|-damage|p2a: Kingambit|0 fnt
|faint|p2a: Kingambit
|
|win|Crow1998
|inactive|Crow1998 has 30 seconds to confirm battle start!
|inactive|Victor711 has 30 seconds to confirm battle start!
|raw|Crow1998's rating: 1051 → 1081(+30 for winning)
|raw|Victor711's rating: 1028 → 1015(-13 for losing)
|l|☆Victor711
|player|p2|
