|j|☆noriaki kasai
|j|☆sbhaga34
|html|noriaki kasaisbhaga34    
|uhtml|bestof|Game 3 of a best-of-3
|t:|1757174618
|gametype|doubles
|player|p1|noriaki kasai|swimmer-gen4dp|1351
|player|p2|sbhaga34|hugh|1256
|gen|9
|tier|[Gen 9] VGC 2025 Reg H (Bo3)
|rated|
|rule|Species Clause: Limit one of each Pokémon
|rule|Item Clause: Limit 1 of each item
|clearpoke
|poke|p1|Annihilape, L50, F|
|poke|p1|Sinistcha, L50|
|poke|p1|Maushold-Four, L50|
|poke|p1|Klefki, L50, M|
|poke|p1|Ursaluna-Bloodmoon, L50, M|
|poke|p1|Ninetales-Alola, L50, F|
|poke|p2|Indeedee-F, L50, F|
|poke|p2|Murkrow, L50, M|
|poke|p2|Tyranitar, L50, F|
|poke|p2|Excadrill, L50, F|
|poke|p2|Gardevoir, L50, F|
|poke|p2|Ursaluna-Bloodmoon, L50, M|
|teampreview|4
|showteam|p1|Annihilape||Leftovers|Defiant|Protect,BulkUp,DrainPunch,RageFist|||F|||50|,,,,,Fire]Sinistcha||SitrusBerry|Hospitality|MatchaGotcha,TrickRoom,LifeDew,RagePowder||||||50|,,,,,Water]Maushold-Four||FocusSash|FriendGuard|FollowMe,Taunt,BeatUp,Protect||||||50|,,,,,Ghost]Klefki||LightClay|Prankster|Reflect,LightScreen,MistyTerrain,DazzlingGleam|||M|||50|,,,,,Ghost]Ursaluna-Bloodmoon||AssaultVest|MindsEye|BloodMoon,HyperVoice,EarthPower,VacuumWave|||M|||50|,,,,,Water]Ninetales-Alola||ChoiceSpecs|SnowWarning|Blizzard,IcyWind,FreezeDry,Moonblast|||F|||50|,,,,,Ghost
|showteam|p2|Indeedee-F||SafetyGoggles|PsychicSurge|FollowMe,TrickRoom,HelpingHand,Psychic|||F|||50|,,,,,Fairy]Murkrow||Eviolite|Prankster|Tailwind,Haze,BraveBird,FoulPlay|||M|||50|,,,,,Ghost]Tyranitar||WeaknessPolicy|SandStream|RockSlide,KnockOff,LowKick,Protect|||F|||50|,,,,,Flying]Excadrill||FocusSash|SandRush|Earthquake,IronHead,SwordsDance,Protect|||F|||50|,,,,,Ground]Gardevoir||ChoiceScarf|Telepathy|ExpandingForce,DazzlingGleam,Moonblast,IcyWind|||F|||50|,,,,,Psychic]Ursaluna-Bloodmoon||AssaultVest|MindsEye|BloodMoon,HyperVoice,EarthPower,Snarl|||M|||50|,,,,,Electric
|
|t:|1757174674
|teamsize|p1|4
|teamsize|p2|4
|start
|switch|p1a: Annihilape|Annihilape, L50, F, shiny|100/100
|switch|p1b: Maushold|Maushold-Four, L50|100/100
|switch|p2a: Indeedee|Indeedee-F, L50, F|100/100
|switch|p2b: Excadrill|Excadrill, L50, F, shiny|100/100
|-fieldstart|move: Psychic Terrain|[from] ability: Psychic Surge|[of] p2a: Indeedee
|turn|1
|inactive|Battle timer is ON: inactive players will automatically lose when time's up. (requested by noriaki kasai)
|inactive|noriaki kasai has 60 seconds left.
|
|t:|1757174707
|move|p2a: Indeedee|Follow Me|p2a: Indeedee
|-singleturn|p2a: Indeedee|move: Follow Me
|move|p1b: Maushold|Taunt|p2a: Indeedee
|-start|p2a: Indeedee|move: Taunt
|move|p1a: Annihilape|Drain Punch|p2a: Indeedee
|-damage|p2a: Indeedee|66/100
|move|p2b: Excadrill|Swords Dance|p2b: Excadrill
|-boost|p2b: Excadrill|atk|2
|
|upkeep
|turn|2
|
|t:|1757174724
|switch|p2a: Gardevoir|Gardevoir, L50, F, shiny|100/100
|move|p2b: Excadrill|Protect|p2b: Excadrill
|-singleturn|p2b: Excadrill|Protect
|move|p1b: Maushold|Follow Me|p1b: Maushold
|-singleturn|p1b: Maushold|move: Follow Me
|move|p1a: Annihilape|Drain Punch|p2b: Excadrill
|-activate|p2b: Excadrill|move: Protect
|
|upkeep
|turn|3
|
|t:|1757174742
|-terastallize|p2b: Excadrill|Ground
|move|p1b: Maushold|Protect|p1b: Maushold
|-singleturn|p1b: Maushold|Protect
|move|p1a: Annihilape|Protect|p1a: Annihilape
|-singleturn|p1a: Annihilape|Protect
|move|p2a: Gardevoir|Icy Wind|p1a: Annihilape|[spread] 
|-activate|p1a: Annihilape|move: Protect
|-activate|p1b: Maushold|move: Protect
|move|p2b: Excadrill|Earthquake|p1b: Maushold|[spread] 
|-activate|p1a: Annihilape|move: Protect
|-activate|p1b: Maushold|move: Protect
|-activate|p2a: Gardevoir|ability: Telepathy
|
|upkeep
|turn|4
|inactive|noriaki kasai has 30 seconds left.
|inactive|noriaki kasai has 20 seconds left.
|inactive|noriaki kasai has 15 seconds left.
|inactive|noriaki kasai has 10 seconds left.
|
|t:|1757174789
|move|p2a: Gardevoir|Icy Wind|p1a: Annihilape|[spread] p1a,p1b
|-damage|p1a: Annihilape|90/100
|-damage|p1b: Maushold|82/100
|-unboost|p1a: Annihilape|spe|1
|-ability|p1a: Annihilape|Defiant|boost
|-boost|p1a: Annihilape|atk|2
|-unboost|p1b: Maushold|spe|1
|move|p2b: Excadrill|Earthquake|p1a: Annihilape|[spread] p1a,p1b
|-activate|p2a: Gardevoir|ability: Telepathy
|-damage|p1a: Annihilape|9/100
|-damage|p1b: Maushold|0 fnt
|faint|p1b: Maushold
|move|p1a: Annihilape|Drain Punch|p2b: Excadrill
|-damage|p2b: Excadrill|13/100
|-heal|p1a: Annihilape|48/100|[from] drain|[of] p2b: Excadrill
|
|-heal|p1a: Annihilape|54/100|[from] item: Leftovers
|upkeep
|
|t:|1757174794
|switch|p1b: Sinistcha|Sinistcha, L50|100/100
|-heal|p1a: Annihilape|79/100|[from] ability: Hospitality|[of] p1b: Sinistcha
|turn|5
|inactive|noriaki kasai has 30 seconds left.
|inactive|noriaki kasai has 20 seconds left.
|inactive|noriaki kasai has 15 seconds left.
|inactive|sbhaga34 has 30 seconds left.
|
|t:|1757174837
|switch|p2a: Tyranitar|Tyranitar, L50, F|100/100
|-weather|Sandstorm|[from] ability: Sand Stream|[of] p2a: Tyranitar
|move|p2b: Excadrill|Iron Head|p1b: Sinistcha
|-crit|p1b: Sinistcha
|-damage|p1b: Sinistcha|0 fnt
|faint|p1b: Sinistcha
|move|p1a: Annihilape|Rage Fist|p2a: Tyranitar
|-resisted|p2a: Tyranitar
|-damage|p2a: Tyranitar|52/100
|
|-weather|Sandstorm|[upkeep]
|-damage|p1a: Annihilape|73/100|[from] Sandstorm
|-heal|p1a: Annihilape|79/100|[from] item: Leftovers
|-fieldend|move: Psychic Terrain
|upkeep
|
|t:|1757174855
|switch|p1b: Ursaluna|Ursaluna-Bloodmoon, L50, M|100/100
|turn|6
|inactive|noriaki kasai has 30 seconds left.
|
|t:|1757174887
|switch|p2a: Indeedee|Indeedee-F, L50, F|66/100
|-fieldstart|move: Psychic Terrain|[from] ability: Psychic Surge|[of] p2a: Indeedee
|move|p2b: Excadrill|Protect|p2b: Excadrill
|-singleturn|p2b: Excadrill|Protect
|move|p1b: Ursaluna|Vacuum Wave|p2b: Excadrill
|-activate|p2b: Excadrill|move: Psychic Terrain
|move|p1a: Annihilape|Drain Punch|p2a: Indeedee
|-damage|p2a: Indeedee|0 fnt
|-heal|p1a: Annihilape|100/100|[from] drain|[of] p2a: Indeedee
|faint|p2a: Indeedee
|
|-weather|Sandstorm|[upkeep]
|-damage|p1a: Annihilape|94/100|[from] Sandstorm
|-heal|p1a: Annihilape|100/100|[from] item: Leftovers
|upkeep
|
|t:|1757174901
|switch|p2a: Gardevoir|Gardevoir, L50, F, shiny|100/100
|turn|7
|inactive|noriaki kasai has 30 seconds left.
|inactive|noriaki kasai has 20 seconds left.
|
|t:|1757174939
|move|p2b: Excadrill|Earthquake|p1b: Ursaluna|[spread] p1a,p1b
|-activate|p2a: Gardevoir|ability: Telepathy
|-damage|p1a: Annihilape|0 fnt
|-damage|p1b: Ursaluna|23/100
|faint|p1a: Annihilape
|move|p2a: Gardevoir|Expanding Force|p1b: Ursaluna
|-damage|p1b: Ursaluna|0 fnt
|faint|p1b: Ursaluna
|
|win|sbhaga34
|raw|noriaki kasai's rating: 1351 → 1326(-25 for losing)
|raw|sbhaga34's rating: 1256 → 1288(+32 for winning)
