|j|☆kengo19
|j|☆NorthernVGC
|html|kengo19NorthernVGC    
|uhtml|bestof|Game 3 of a best-of-3
|t:|1784591415
|gametype|doubles
|player|p1|kengo19|102|
|player|p2|NorthernVGC|sabrina|
|gen|9
|tier|[Gen 9 Champions] VGC 2026 Reg M-B (Bo3)
|rule|Species Clause: Limit one of each Pokémon
|rule|Item Clause: Limit 1 of each item
|clearpoke
|poke|p1|Meowstic, L50, M|
|poke|p1|Basculegion, L50, M|
|poke|p1|Archaludon, L50, F|
|poke|p1|Meganium, L50, M|
|poke|p1|Swampert, L50, M|
|poke|p1|Zoroark, L50, M|
|poke|p2|Scovillain, L50, M|
|poke|p2|Umbreon, L50, M|
|poke|p2|Froslass, L50, F|
|poke|p2|Aegislash, L50, M|
|poke|p2|Qwilfish, L50, F|
|poke|p2|Vivillon-Fancy, L50, M|
|teampreview|4
|showteam|p1|Meowstic||LightClay|Prankster|Psychic,Reflect,LightScreen,RainDance|Bold||M|||50|]Basculegion||LifeOrb|SwiftSwim|AquaJet,WaveCrash,HeadSmash,LastRespects|Adamant||M|||50|]Archaludon||FocusSash|Stalwart|ElectroShot,SteelBeam,DracoMeteor,Protect|Modest||F|||50|]Meganium||Meganiumite|Overgrow|SolarBeam,DazzlingGleam,WeatherBall,Protect|Modest||M|||50|]Swampert||Swampertite|Torrent|WaveCrash,HighHorsepower,IcePunch,Protect|Adamant||M|||50|]Zoroark||ChoiceScarf|Illusion|NightDaze,Flamethrower,BrickBreak,Uturn|Modest||M|||50|
|showteam|p2|Scovillain||Scovillainite|Moody|GigaDrain,RagePowder,LeechSeed,Protect|Bold||M|||50|]Umbreon||Leftovers|InnerFocus|Yawn,Protect,Wish,Snarl|Bold||M|||50|]Froslass||Froslassite|CursedBody|Blizzard,Protect,AuroraVeil,ShadowBall|Modest||F|||50|]Aegislash||LifeOrb|StanceChange|ShadowSneak,KingsShield,IronHead,SacredSword|Adamant||M|||50|]Qwilfish||ChoiceScarf|Intimidate|Acupressure,FlipTurn,IcyWind,Whirlpool|Jolly||F|||50|]Vivillon-Fancy||FocusSash|CompoundEyes|SleepPowder,Hurricane,RagePowder,SunnyDay|Timid||M|||50|
|
|t:|1784591470
|teamsize|p1|4
|teamsize|p2|4
|start
|switch|p1a: Meowstic|Meowstic, L50, M|100/100
|switch|p1b: Archaludon|Archaludon, L50, F|100/100
|switch|p2a: Aegislash|Aegislash, L50, M|100/100
|switch|p2b: Scovillain|Scovillain, L50, M|100/100
|turn|1
|
|t:|1784591495
|detailschange|p2b: Scovillain|Scovillain-Mega, L50, M
|-mega|p2b: Scovillain|Scovillain|Scovillainite
|move|p1b: Archaludon|Protect|p1b: Archaludon
|-singleturn|p1b: Archaludon|Protect
|move|p1a: Meowstic|Reflect|p1a: Meowstic
|-sidestart|p1: kengo19|Reflect
|move|p2b: Scovillain|Giga Drain|p1a: Meowstic
|-damage|p1a: Meowstic|66/100
|-formechange|p2a: Aegislash|Aegislash-Blade|
|move|p2a: Aegislash|Iron Head|p1a: Meowstic
|-damage|p1a: Meowstic|25/100
|-damage|p2a: Aegislash|90/100|[from] item: Life Orb
|
|upkeep
|turn|2
|
|t:|1784591523
|switch|p2a: Umbreon|Umbreon, L50, M|100/100
|move|p1a: Meowstic|Rain Dance|p1a: Meowstic
|-weather|RainDance
|move|p1b: Archaludon|Electro Shot||[still]
|-prepare|p1b: Archaludon|Electro Shot
|-boost|p1b: Archaludon|spa|1
|-anim|p1b: Archaludon|Electro Shot|p2a: Umbreon
|-damage|p2a: Umbreon|55/100
|move|p2b: Scovillain|Leech Seed|p1b: Archaludon
|-start|p1b: Archaludon|move: Leech Seed
|
|-weather|RainDance|[upkeep]
|-heal|p2a: Umbreon|61/100|[from] item: Leftovers
|-damage|p1b: Archaludon|87/100|[from] Leech Seed|[of] p2b: Scovillain
|upkeep
|turn|3
|
|t:|1784591553
|move|p1a: Meowstic|Light Screen|p1a: Meowstic
|-sidestart|p1: kengo19|move: Light Screen
|move|p1b: Archaludon|Electro Shot||[still]
|-prepare|p1b: Archaludon|Electro Shot
|-boost|p1b: Archaludon|spa|1
|-anim|p1b: Archaludon|Electro Shot|p2a: Umbreon
|-damage|p2a: Umbreon|0 fnt
|faint|p2a: Umbreon
|move|p2b: Scovillain|Giga Drain|p1a: Meowstic
|-damage|p1a: Meowstic|1/100
|
|-weather|RainDance|[upkeep]
|-damage|p1b: Archaludon|75/100|[from] Leech Seed|[of] p2b: Scovillain
|upkeep
|
|t:|1784591568
|switch|p2a: Vivillon|Vivillon-Fancy, L50, M|100/100
|turn|4
|
|t:|1784591582
|move|p2a: Vivillon|Sleep Powder|p1b: Archaludon
|-status|p1b: Archaludon|slp|[from] move: Sleep Powder
|cant|p1b: Archaludon|slp
|move|p1a: Meowstic|Psychic|p2a: Vivillon
|-damage|p2a: Vivillon|51/100
|move|p2b: Scovillain|Giga Drain|p1b: Archaludon
|-resisted|p1b: Archaludon|2
|-damage|p1b: Archaludon|66/100 slp
|
|-weather|RainDance|[upkeep]
|-damage|p1b: Archaludon|54/100 slp|[from] Leech Seed|[of] p2b: Scovillain
|upkeep
|turn|5
|
|t:|1784591620
|move|p2a: Vivillon|Sunny Day|p2a: Vivillon
|-weather|SunnyDay
|cant|p1b: Archaludon|slp
|move|p1a: Meowstic|Psychic|p2a: Vivillon
|-damage|p2a: Vivillon|0 fnt
|faint|p2a: Vivillon
|move|p2b: Scovillain|Giga Drain|p1a: Meowstic
|-damage|p1a: Meowstic|0 fnt
|faint|p1a: Meowstic
|
|-weather|SunnyDay|[upkeep]
|-damage|p1b: Archaludon|42/100 slp|[from] Leech Seed|[of] p2b: Scovillain
|upkeep
|
|t:|1784591644
|switch|p2a: Aegislash|Aegislash, L50, M|90/100
|switch|p1a: Basculegion|Basculegion, L50, M|100/100
|turn|6
|
|t:|1784591707
|-curestatus|p1b: Archaludon|slp|[msg]
|move|p1b: Archaludon|Protect|p1b: Archaludon
|-singleturn|p1b: Archaludon|Protect
|move|p1a: Basculegion|Head Smash|p2b: Scovillain|[miss]
|-miss|p1a: Basculegion|p2b: Scovillain
|move|p2b: Scovillain|Giga Drain|p1a: Basculegion
|-supereffective|p1a: Basculegion|1
|-damage|p1a: Basculegion|46/100
|-formechange|p2a: Aegislash|Aegislash-Blade|
|move|p2a: Aegislash|Sacred Sword|p1b: Archaludon
|-activate|p1b: Archaludon|move: Protect
|
|-weather|SunnyDay|[upkeep]
|-damage|p1b: Archaludon|30/100|[from] Leech Seed|[of] p2b: Scovillain
|upkeep
|turn|7
|
|t:|1784591746
|move|p2b: Scovillain|Protect|p2b: Scovillain
|-singleturn|p2b: Scovillain|Protect
|-formechange|p2a: Aegislash|Aegislash|
|move|p2a: Aegislash|King's Shield|p2a: Aegislash
|-singleturn|p2a: Aegislash|Protect
|move|p1b: Archaludon|Draco Meteor|p2a: Aegislash
|-activate|p2a: Aegislash|move: Protect
|move|p1a: Basculegion|Head Smash|p2b: Scovillain
|-activate|p2b: Scovillain|move: Protect
|
|-weather|SunnyDay|[upkeep]
|-damage|p1b: Archaludon|18/100|[from] Leech Seed|[of] p2b: Scovillain
|upkeep
|turn|8
|
|t:|1784591768
|move|p1b: Archaludon|Draco Meteor|p2a: Aegislash
|-resisted|p2a: Aegislash|1
|-damage|p2a: Aegislash|34/100
|-unboost|p1b: Archaludon|spa|2
|move|p1a: Basculegion|Head Smash|p2b: Scovillain
|-supereffective|p2b: Scovillain|1
|-damage|p2b: Scovillain|0 fnt
|-status|p1a: Basculegion|brn|[from] ability: Spicy Spray|[of] p2b: Scovillain
|faint|p2b: Scovillain
|-damage|p1a: Basculegion|3/100 brn|[from] Recoil
|-damage|p1a: Basculegion|0 fnt|[from] item: Life Orb
|faint|p1a: Basculegion
|-formechange|p2a: Aegislash|Aegislash-Blade|
|move|p2a: Aegislash|Sacred Sword|p1b: Archaludon
|-supereffective|p1b: Archaludon|1
|-damage|p1b: Archaludon|0 fnt
|faint|p1b: Archaludon
|-damage|p2a: Aegislash|24/100|[from] item: Life Orb
|
|-weather|SunnyDay|[upkeep]
|-sideend|p1: kengo19|Reflect
|upkeep
|
|t:|1784591791
|switch|p1b: Swampert|Swampert, L50, M|100/100
|turn|9
|
|t:|1784591804
|detailschange|p1b: Swampert|Swampert-Mega, L50, M
|-mega|p1b: Swampert|Swampert|Swampertite
|-formechange|p2a: Aegislash|Aegislash|
|move|p2a: Aegislash|King's Shield|p2a: Aegislash
|-singleturn|p2a: Aegislash|Protect
|move|p1b: Swampert|High Horsepower|p2a: Aegislash
|-activate|p2a: Aegislash|move: Protect
|-unboost|p1b: Swampert|atk|1
|
|-weather|none
|upkeep
|turn|10
|
|t:|1784591827
|move|p1b: Swampert|High Horsepower|p2a: Aegislash
|-supereffective|p2a: Aegislash|1
|-damage|p2a: Aegislash|0 fnt
|faint|p2a: Aegislash
|
|win|kengo19
|c|☆kengo19|GG
