|j|☆howard b real
|j|☆natcentre
|html|howard b realnatcentre    
|uhtml|bestof|Game 2 of a best-of-3
|t:|1757856493
|gametype|doubles
|player|p1|howard b real|giovanni|1291
|player|p2|natcentre|170|1343
|gen|9
|tier|[Gen 9] VGC 2025 Reg H (Bo3)
|rated|
|rule|Species Clause: Limit one of each Pokémon
|rule|Item Clause: Limit 1 of each item
|clearpoke
|poke|p1|Amoonguss, L50, F|
|poke|p1|Dragonite, L50, M|
|poke|p1|Excadrill, L50, F|
|poke|p1|Gholdengo, L50|
|poke|p1|Gyarados, L50, F|
|poke|p1|Tyranitar, L50, F|
|poke|p2|Palafin, L50, F|
|poke|p2|Rillaboom, L50, M|
|poke|p2|Volcarona, L50, F|
|poke|p2|Dragapult, L50, F|
|poke|p2|Sneasler, L50, M|
|poke|p2|Kingambit, L50, F|
|teampreview|4
|showteam|p1|Amoonguss||CovertCloak|Regenerator|RagePowder,Spore,SludgeBomb,Protect|||F|||50|,,,,,Psychic]Dragonite||LoadedDice|InnerFocus|ScaleShot,LowKick,Tailwind,Haze|||M|||50|,,,,,Fairy]Excadrill||FocusSash|SandRush|Protect,HighHorsepower,Earthquake,IronHead|||F|||50|,,,,,Ghost]Gholdengo||LifeOrb|GoodasGold|MakeItRain,NastyPlot,Protect,ShadowBall||||||50|,,,,,Water]Gyarados||SafetyGoggles|Intimidate|Waterfall,ThunderWave,Taunt,Protect|||F|||50|,,,,,Steel]Tyranitar||AssaultVest|SandStream|RockSlide,KnockOff,LowKick,TeraBlast|||F|||50|,,,,,Flying
|showteam|p2|Palafin||MysticWater|ZerotoHero|Protect,WaveCrash,JetPunch,Haze|||F|||50|,,,,,Grass]Rillaboom||AssaultVest|GrassySurge|WoodHammer,Uturn,GrassyGlide,FakeOut|||M|||50|,,,,,Fire]Volcarona||SitrusBerry|FlameBody|Protect,HeatWave,Overheat,Tailwind|||F|||50|,,,,,Fairy]Dragapult||ChoiceSpecs|ClearBody|DracoMeteor,DragonPulse,ShadowBall,TeraBlast|||F|||50|,,,,,Fairy]Sneasler||FocusSash|Unburden|Protect,FakeOut,DireClaw,CloseCombat|||M|||50|,,,,,Stellar]Kingambit||SafetyGoggles|Defiant|Protect,KowtowCleave,SuckerPunch,SwordsDance|||F|||50|,,,,,Ghost
|inactive|Battle timer is ON: inactive players will automatically lose when time's up. (requested by howard b real)
|
|t:|1757856523
|teamsize|p1|4
|teamsize|p2|4
|start
|switch|p1a: Excadrill|Excadrill, L50, F|100/100
|switch|p1b: Tyranitar|Tyranitar, L50, F|100/100
|switch|p2a: Palafin|Palafin, L50, F|100/100
|switch|p2b: Kingambit|Kingambit, L50, F|100/100
|-weather|Sandstorm|[from] ability: Sand Stream|[of] p1b: Tyranitar
|turn|1
|inactive|natcentre has 30 seconds left.
|inactive|natcentre has 20 seconds left.
|inactive|natcentre has 15 seconds left.
|inactive|natcentre has 10 seconds left.
|
|t:|1757856569
|switch|p2b: Rillaboom|Rillaboom, L50, M|100/100
|-fieldstart|move: Grassy Terrain|[from] ability: Grassy Surge|[of] p2b: Rillaboom
|move|p2a: Palafin|Protect|p2a: Palafin
|-singleturn|p2a: Palafin|Protect
|move|p1a: Excadrill|High Horsepower|p2a: Palafin
|-activate|p2a: Palafin|move: Protect
|move|p1b: Tyranitar|Knock Off|p2b: Rillaboom
|-damage|p2b: Rillaboom|51/100
|-enditem|p2b: Rillaboom|Assault Vest|[from] move: Knock Off|[of] p1b: Tyranitar
|
|-weather|Sandstorm|[upkeep]
|-damage|p2a: Palafin|95/100|[from] Sandstorm
|-damage|p2b: Rillaboom|45/100|[from] Sandstorm
|-heal|p2a: Palafin|100/100|[from] Grassy Terrain
|-heal|p2b: Rillaboom|51/100|[from] Grassy Terrain
|upkeep
|turn|2
|
|t:|1757856589
|switch|p1a: Amoonguss|Amoonguss, L50, F|100/100
|switch|p1b: Gyarados|Gyarados, L50, F|100/100
|-ability|p1b: Gyarados|Intimidate|boost
|-unboost|p2a: Palafin|atk|1
|-unboost|p2b: Rillaboom|atk|1
|move|p2b: Rillaboom|Fake Out|p1b: Gyarados
|-damage|p1b: Gyarados|90/100
|move|p2a: Palafin|Wave Crash|p1a: Amoonguss
|-resisted|p1a: Amoonguss
|-damage|p1a: Amoonguss|85/100
|-damage|p2a: Palafin|95/100|[from] Recoil
|
|-weather|Sandstorm|[upkeep]
|-damage|p2a: Palafin|89/100|[from] Sandstorm
|-damage|p2b: Rillaboom|45/100|[from] Sandstorm
|-damage|p1a: Amoonguss|80/100|[from] Sandstorm
|-heal|p2a: Palafin|95/100|[from] Grassy Terrain
|-heal|p2b: Rillaboom|51/100|[from] Grassy Terrain
|-heal|p1a: Amoonguss|85/100|[from] Grassy Terrain
|upkeep
|turn|3
|
|t:|1757856604
|detailschange|p2a: Palafin|Palafin-Hero, L50, F
|switch|p2a: Kingambit|Kingambit, L50, F|100/100
|move|p1b: Gyarados|Thunder Wave|p2a: Kingambit
|-status|p2a: Kingambit|par
|move|p2b: Rillaboom|Wood Hammer|p1b: Gyarados
|-damage|p1b: Gyarados|33/100
|-damage|p2b: Rillaboom|32/100|[from] Recoil
|move|p1a: Amoonguss|Sludge Bomb|p2b: Rillaboom
|-supereffective|p2b: Rillaboom
|-damage|p2b: Rillaboom|0 fnt
|faint|p2b: Rillaboom
|
|-weather|Sandstorm|[upkeep]
|-damage|p1a: Amoonguss|80/100|[from] Sandstorm
|-heal|p1a: Amoonguss|85/100|[from] Grassy Terrain
|upkeep
|
|t:|1757856621
|switch|p2b: Sneasler|Sneasler, L50, M|100/100
|turn|4
|
|t:|1757856631
|move|p1b: Gyarados|Protect|p1b: Gyarados
|-singleturn|p1b: Gyarados|Protect
|move|p2b: Sneasler|Dire Claw|p1b: Gyarados
|-activate|p1b: Gyarados|move: Protect
|cant|p2a: Kingambit|par
|move|p1a: Amoonguss|Spore|p2b: Sneasler
|-status|p2b: Sneasler|slp|[from] move: Spore
|
|-weather|Sandstorm|[upkeep]
|-damage|p2b: Sneasler|95/100 slp|[from] Sandstorm
|-damage|p1a: Amoonguss|80/100|[from] Sandstorm
|-heal|p2b: Sneasler|100/100 slp|[from] Grassy Terrain
|-heal|p1a: Amoonguss|85/100|[from] Grassy Terrain
|upkeep
|turn|5
|inactive|howard b real has 30 seconds left.
|
|t:|1757856661
|switch|p1a: Excadrill|Excadrill, L50, F|100/100
|cant|p2b: Sneasler|slp
|move|p1b: Gyarados|Waterfall|p2a: Kingambit
|-damage|p2a: Kingambit|72/100 par
|move|p2a: Kingambit|Kowtow Cleave|p1b: Gyarados
|-damage|p1b: Gyarados|0 fnt
|faint|p1b: Gyarados
|
|-weather|none
|-heal|p2a: Kingambit|77/100 par|[from] Grassy Terrain
|-fieldend|move: Grassy Terrain
|upkeep
|
|t:|1757856676
|switch|p1b: Tyranitar|Tyranitar, L50, F|100/100
|-weather|Sandstorm|[from] ability: Sand Stream|[of] p1b: Tyranitar
|turn|6
|inactive|natcentre has 30 seconds left.
|inactive|natcentre has 20 seconds left.
|inactive|natcentre has 15 seconds left.
|inactive|natcentre has 10 seconds left.
|inactive|natcentre has 5 seconds left.
|
|t:|1757856730
|-terastallize|p1b: Tyranitar|Flying
|cant|p2a: Kingambit|par
|move|p1a: Excadrill|Earthquake|p2b: Sneasler|[spread] p2a,p2b
|-immune|p1b: Tyranitar
|-supereffective|p2a: Kingambit
|-supereffective|p2b: Sneasler
|-damage|p2a: Kingambit|10/100 par
|-enditem|p2b: Sneasler|Focus Sash
|-damage|p2b: Sneasler|1/100 slp
|cant|p2b: Sneasler|slp
|move|p1b: Tyranitar|Knock Off|p2a: Kingambit
|-resisted|p2a: Kingambit
|-damage|p2a: Kingambit|0 fnt
|-enditem|p2a: Kingambit|Safety Goggles|[from] move: Knock Off|[of] p1b: Tyranitar
|faint|p2a: Kingambit
|
|-weather|Sandstorm|[upkeep]
|-damage|p2b: Sneasler|0 fnt|[from] Sandstorm
|-damage|p1b: Tyranitar|94/100|[from] Sandstorm
|faint|p2b: Sneasler
|upkeep
|-message|natcentre forfeited.
|
|win|howard b real
|l|☆natcentre
|player|p2|
||natcentre is ready for game 3.
||howard b real is ready for game 3.
|uhtml|next|Next: Game 3 of 3
|l|☆howard b real
|player|p1|
