|j|ŌśåSitrusC
|j|ŌśåMagicalArcher57
|html|SitrusCMagicalArcher57    
|uhtml|bestof|Game 3 of a best-of-3
|t:|1783861799
|gametype|doubles
|player|p1|SitrusC|lucas|
|player|p2|MagicalArcher57|diantha|
|gen|9
|tier|[Gen 9 Champions] VGC 2026 Reg M-B (Bo3)
|rule|Species Clause: Limit one of each Pok├®mon
|rule|Item Clause: Limit 1 of each item
|clearpoke
|poke|p1|Charizard, L50, M|
|poke|p1|Garchomp, L50, F|
|poke|p1|Kingambit, L50, M|
|poke|p1|Aerodactyl, L50, F|
|poke|p1|Farigiraf, L50, M|
|poke|p1|Sylveon, L50, F|
|poke|p2|Aerodactyl, L50, F|
|poke|p2|Kingambit, L50, F|
|poke|p2|Sylveon, L50, F|
|poke|p2|Garchomp, L50, F|
|poke|p2|Charizard, L50, M|
|poke|p2|Incineroar, L50, F|
|teampreview|4
|showteam|p1|Charizard||CharizarditeY|Blaze|Protect,HeatWave,SolarBeam,WeatherBall|Modest||M|||50|]Garchomp||LifeOrb|RoughSkin|Protect,Earthquake,DragonClaw,StompingTantrum|Jolly||F|||50|]Kingambit||FocusSash|Defiant|LowKick,IronHead,SuckerPunch,KowtowCleave|Adamant||M|||50|]Aerodactyl||Aerodactylite|Unnerve|Tailwind,IceFang,RockSlide,WideGuard|Jolly||F|||50|]Farigiraf||SitrusBerry|ArmorTail|TrickRoom,TwinBeam,Thunderbolt,HelpingHand|Bold||M|||50|]Sylveon||FairyFeather|Pixilate|Protect,HyperVoice,HyperBeam,QuickAttack|Modest||F|||50|
|showteam|p2|Aerodactyl||Aerodactylite|Unnerve|RockSlide,IceFang,Tailwind,WideGuard|Jolly||F|||50|]Kingambit||FocusSash|Defiant|KowtowCleave,SuckerPunch,IronHead,LowKick|Adamant||F|||50|]Sylveon||FairyFeather|Pixilate|Detect,HyperVoice,HyperBeam,QuickAttack|Modest||F|||50|]Garchomp||LifeOrb|RoughSkin|Earthquake,DragonClaw,StompingTantrum,Protect|Jolly||F|||50|]Charizard||CharizarditeY|Blaze|Protect,HeatWave,SolarBeam,WeatherBall|Modest||M|||50|]Incineroar||SitrusBerry|Intimidate|DarkestLariat,FlareBlitz,FakeOut,PartingShot|Impish||F|||50|
|inactive|Battle timer is ON: inactive players will automatically lose when time's up. (requested by MagicalArcher57)
|inactive|SitrusC also wants the timer to be on.
|c|ŌśåSitrusC|Glhf
|c|ŌśåMagicalArcher57|glhf
|
|t:|1783861821
|teamsize|p1|4
|teamsize|p2|4
|start
|switch|p1a: Kingambit|Kingambit, L50, M|100/100
|switch|p1b: Aerodactyl|Aerodactyl, L50, F|100/100
|switch|p2a: Kingambit|Kingambit, L50, F|100/100
|switch|p2b: Aerodactyl|Aerodactyl, L50, F|100/100
|-ability|p1b: Aerodactyl|Unnerve
|-ability|p2b: Aerodactyl|Unnerve
|turn|1
|
|t:|1783861843
|detailschange|p1b: Aerodactyl|Aerodactyl-Mega, L50, F
|-mega|p1b: Aerodactyl|Aerodactyl|Aerodactylite
|detailschange|p2b: Aerodactyl|Aerodactyl-Mega, L50, F
|-mega|p2b: Aerodactyl|Aerodactyl|Aerodactylite
|move|p1b: Aerodactyl|Tailwind|p1b: Aerodactyl
|-sidestart|p1: SitrusC|move: Tailwind
|move|p2b: Aerodactyl|Tailwind|p2b: Aerodactyl
|-sidestart|p2: MagicalArcher57|move: Tailwind
|move|p1a: Kingambit|Low Kick|p2a: Kingambit
|-supereffective|p2a: Kingambit|2
|-enditem|p2a: Kingambit|Focus Sash
|-damage|p2a: Kingambit|1/100
|move|p2a: Kingambit|Low Kick|p1a: Kingambit
|-supereffective|p1a: Kingambit|2
|-enditem|p1a: Kingambit|Focus Sash
|-damage|p1a: Kingambit|1/100
|
|upkeep
|turn|2
|inactive|SitrusC has 30 seconds left.
|inactive|SitrusC has 20 seconds left.
|
|t:|1783861878
|switch|p2a: Garchomp|Garchomp, L50, F|100/100
|move|p1a: Kingambit|Sucker Punch|p2b: Aerodactyl
|-damage|p2b: Aerodactyl|59/100
|move|p1b: Aerodactyl|Rock Slide|p2b: Aerodactyl|[spread] p2a,p2b
|-resisted|p2a: Garchomp|1
|-supereffective|p2b: Aerodactyl|1
|-damage|p2a: Garchomp|85/100
|-damage|p2b: Aerodactyl|0 fnt
|faint|p2b: Aerodactyl
|
|upkeep
|
|t:|1783861896
|switch|p2b: Sylveon|Sylveon, L50, F|100/100
|turn|3
|
|t:|1783861906
|switch|p2a: Kingambit|Kingambit, L50, F|1/100
|move|p2b: Sylveon|Quick Attack|p1a: Kingambit
|-damage|p1a: Kingambit|0 fnt
|faint|p1a: Kingambit
|move|p1b: Aerodactyl|Ice Fang|p2a: Kingambit
|-resisted|p2a: Kingambit|1
|-damage|p2a: Kingambit|0 fnt
|faint|p2a: Kingambit
|
|upkeep
|
|t:|1783861918
|switch|p1a: Sylveon|Sylveon, L50, F|100/100
|switch|p2a: Garchomp|Garchomp, L50, F|85/100
|turn|4
|inactive|SitrusC has 30 seconds left.
|inactive|SitrusC has 20 seconds left.
|
|t:|1783861954
|move|p1a: Sylveon|Protect|p1a: Sylveon
|-singleturn|p1a: Sylveon|Protect
|move|p1b: Aerodactyl|Ice Fang|p2a: Garchomp
|-supereffective|p2a: Garchomp|2
|-damage|p2a: Garchomp|0 fnt
|-damage|p1b: Aerodactyl|87/100|[from] ability: Rough Skin|[of] p2a: Garchomp
|faint|p2a: Garchomp
|move|p2b: Sylveon|Hyper Voice|p1b: Aerodactyl|[spread] p1b
|-activate|p1a: Sylveon|move: Protect
|-damage|p1b: Aerodactyl|29/100
|
|-sideend|p1: SitrusC|move: Tailwind
|-sideend|p2: MagicalArcher57|move: Tailwind
|upkeep
|turn|5
|c|ŌśåMagicalArcher57|gg
|c|ŌśåSitrusC|Ggs wp
|
|t:|1783861974
|move|p1b: Aerodactyl|Rock Slide|p2b: Sylveon
|-damage|p2b: Sylveon|50/100g
|move|p2b: Sylveon|Hyper Voice|p1a: Sylveon|[spread] p1a,p1b
|-damage|p1a: Sylveon|64/100
|-damage|p1b: Aerodactyl|0 fnt
|faint|p1b: Aerodactyl
|move|p1a: Sylveon|Hyper Voice|p2b: Sylveon
|-damage|p2b: Sylveon|4/100
|
|upkeep
|c|ŌśåMagicalArcher57|i think u got the mu nailed down tialwind lowkick is the most ocnsitent lead
|c|ŌśåSitrusC|Ok
|
|t:|1783861989
|switch|p1b: Garchomp|Garchomp, L50, F|100/100
|turn|6
|
|t:|1783861994
|move|p1b: Garchomp|Earthquake|p2b: Sylveon|[spread] p1a,p2b
|-crit|p2b: Sylveon
|-damage|p1a: Sylveon|9/100
|-damage|p2b: Sylveon|0 fnt
|faint|p2b: Sylveon
|-damage|p1b: Garchomp|90/100|[from] item: Life Orb
|
|win|SitrusC
