|j|☆jacobeiro
|j|☆Av3z
|html|jacobeiroAv3z    
|uhtml|bestof|Game 2 of a best-of-3
|t:|1756556197
|gametype|doubles
|player|p1|jacobeiro|266|1108
|player|p2|Av3z|steven|1020
|gen|9
|tier|[Gen 9] VGC 2025 Reg H (Bo3)
|rated|
|rule|Species Clause: Limit one of each Pokémon
|rule|Item Clause: Limit 1 of each item
|clearpoke
|poke|p1|Incineroar, L50, M|
|poke|p1|Amoonguss, L50, M|
|poke|p1|Gholdengo, L50|
|poke|p1|Dragonite, L50, M|
|poke|p1|Ursaluna-Bloodmoon, L50, M|
|poke|p1|Sneasler, L50, F|
|poke|p2|Weezing-Galar, L50, F|
|poke|p2|Toedscruel, L50, F|
|poke|p2|Pawmot, L50, F|
|poke|p2|Corviknight, L50, F|
|poke|p2|Typhlosion-Hisui, L50, F|
|poke|p2|Garchomp, L50, F|
|teampreview|4
|showteam|p1|Incineroar||SafetyGoggles|Intimidate|FlareBlitz,KnockOff,PartingShot,FakeOut|||M|||50|,,,,,Ghost]Amoonguss||SitrusBerry|Regenerator|Spore,RagePowder,PollenPuff,Protect|||M|||50|,,,,,Fire]Gholdengo||LifeOrb|GoodasGold|MakeItRain,ShadowBall,NastyPlot,Protect||||||50|,,,,,Water]Dragonite||LoadedDice|Multiscale|ScaleShot,Tailwind,Haze,Protect|||M|||50|,,,,,Fairy]Ursaluna-Bloodmoon||AssaultVest|MindsEye|HyperVoice,BloodMoon,EarthPower,VacuumWave|||M|||50|,,,,,Water]Sneasler||FocusSash|Unburden|CloseCombat,DireClaw,ThroatChop,Protect|||F|||50|,,,,,Stellar
|showteam|p2|Weezing-Galar||ChoiceSpecs|NeutralizingGas|StrangeSteam,SludgeBomb,DazzlingGleam,Flamethrower|||F|||50|,,,,,Fire]Toedscruel||CovertCloak|MyceliumMight|RagePowder,Spore,EarthPower,AcidSpray|||F|||50|,,,,,Water]Pawmot||FocusSash|NaturalCure|CloseCombat,DoubleShock,Protect,FakeOut|||F|||50|,,,,,Electric]Corviknight||SitrusBerry|MirrorArmor|Roost,Tailwind,BraveBird,Protect|||F|||50|,,,,,Dragon]Typhlosion-Hisui||ChoiceScarf|Blaze|Eruption,HeatWave,ShadowBall,SleepTalk|||F|||50|,,,,,Fire]Garchomp||LifeOrb|RoughSkin|Earthquake,StompingTantrum,DragonClaw,Protect|||F|||50|,,,,,Ground
|inactive|Battle timer is ON: inactive players will automatically lose when time's up. (requested by Av3z)
|
|t:|1756556233
|teamsize|p1|4
|teamsize|p2|4
|start
|switch|p1a: Ursaluna|Ursaluna-Bloodmoon, L50, M|100/100
|switch|p1b: Gholdengo|Gholdengo, L50|100/100
|switch|p2a: Paul Heyman|Weezing-Galar, L50, F|100/100
|switch|p2b: Darby Alin|Corviknight, L50, F|100/100
|-ability|p2a: Paul Heyman|Neutralizing Gas
|turn|1
|
|t:|1756556255
|-terastallize|p2a: Paul Heyman|Fire
|move|p1b: Gholdengo|Nasty Plot|p1b: Gholdengo
|-boost|p1b: Gholdengo|spa|2
|move|p2b: Darby Alin|Tailwind|p2b: Darby Alin
|-sidestart|p2: Av3z|move: Tailwind
|move|p2a: Paul Heyman|Flamethrower|p1b: Gholdengo
|-supereffective|p1b: Gholdengo
|-damage|p1b: Gholdengo|0 fnt
|faint|p1b: Gholdengo
|move|p1a: Ursaluna|Hyper Voice|p2a: Paul Heyman|[spread] p2a,p2b
|-resisted|p2b: Darby Alin
|-damage|p2a: Paul Heyman|52/100
|-damage|p2b: Darby Alin|84/100
|
|upkeep
|c|☆Av3z|https://pastebin.com/MX6i9tnj
|inactive|jacobeiro has 30 seconds left.
|inactive|jacobeiro has 20 seconds left.
|inactive|jacobeiro has 15 seconds left.
|
|t:|1756556296
|switch|p1b: Incineroar|Incineroar, L50, M|100/100
|turn|2
|
|t:|1756556307
|move|p2b: Darby Alin|Brave Bird|p1a: Ursaluna
|-damage|p1a: Ursaluna|71/100
|-damage|p2b: Darby Alin|75/100|[from] Recoil
|move|p2a: Paul Heyman|Flamethrower|p1a: Ursaluna
|-damage|p1a: Ursaluna|33/100
|move|p1b: Incineroar|Knock Off|p2b: Darby Alin
|-damage|p2b: Darby Alin|40/100
|-enditem|p2b: Darby Alin|Sitrus Berry|[from] move: Knock Off|[of] p1b: Incineroar
|move|p1a: Ursaluna|Hyper Voice|p2a: Paul Heyman|[spread] p2a,p2b
|-resisted|p2b: Darby Alin
|-damage|p2a: Paul Heyman|0 fnt
|-damage|p2b: Darby Alin|23/100
|faint|p2a: Paul Heyman
|-end|p2a: Paul Heyman|ability: Neutralizing Gas
|-ability|p1b: Incineroar|Intimidate|boost
|-ability|p2b: Darby Alin|Mirror Armor
|-unboost|p1b: Incineroar|atk|1
|
|upkeep
|
|t:|1756556324
|switch|p2a: CM Punk|Pawmot, L50, F|100/100
|turn|3
|
|t:|1756556337
|move|p2a: CM Punk|Fake Out|p1a: Ursaluna
|-damage|p1a: Ursaluna|22/100
|move|p2b: Darby Alin|Roost|p2b: Darby Alin
|-heal|p2b: Darby Alin|74/100
|-singleturn|p2b: Darby Alin|move: Roost
|move|p1b: Incineroar|Flare Blitz|p2b: Darby Alin
|-supereffective|p2b: Darby Alin
|-damage|p2b: Darby Alin|20/100
|-damage|p1b: Incineroar|83/100|[from] Recoil
|cant|p1a: Ursaluna|flinch
|
|upkeep
|turn|4
|
|t:|1756556360
|switch|p2b: John Cena|Garchomp, L50, F|100/100
|move|p2a: CM Punk|Close Combat|p1a: Ursaluna
|-supereffective|p1a: Ursaluna
|-damage|p1a: Ursaluna|0 fnt
|-unboost|p2a: CM Punk|def|1
|-unboost|p2a: CM Punk|spd|1
|faint|p1a: Ursaluna
|move|p1b: Incineroar|Flare Blitz|p2a: CM Punk
|-crit|p2a: CM Punk
|-enditem|p2a: CM Punk|Focus Sash
|-damage|p2a: CM Punk|1/100
|-damage|p1b: Incineroar|59/100|[from] Recoil
|
|-sideend|p2: Av3z|move: Tailwind
|upkeep
|
|t:|1756556366
|switch|p1a: Sneasler|Sneasler, L50, F|100/100
|turn|5
|
|t:|1756556390
|move|p2a: CM Punk|Protect|p2a: CM Punk
|-singleturn|p2a: CM Punk|Protect
|move|p1a: Sneasler|Dire Claw|p2b: John Cena
|-resisted|p2b: John Cena
|-damage|p2b: John Cena|80/100
|-damage|p1a: Sneasler|88/100|[from] ability: Rough Skin|[of] p2b: John Cena
|move|p2b: John Cena|Earthquake|p1b: Incineroar|[spread] p1a,p1b
|-activate|p2a: CM Punk|move: Protect
|-supereffective|p1a: Sneasler
|-supereffective|p1b: Incineroar
|-damage|p1a: Sneasler|0 fnt
|-damage|p1b: Incineroar|0 fnt
|faint|p1a: Sneasler
|faint|p1b: Incineroar
|-damage|p2b: John Cena|71/100|[from] item: Life Orb
|
|win|Av3z
|raw|jacobeiro's rating: 1108 → 1077(-31 for losing)
|raw|Av3z's rating: 1020 → 1066(+46 for winning)
|l|☆jacobeiro
|player|p1|
|c|☆Av3z|gg
