|j|☆Duca_tommy
|j|☆psychic system
|html|Duca_tommypsychic system    
|uhtml|bestof|Game 1 of a best-of-3
|t:|1757699208
|gametype|doubles
|player|p1|Duca_tommy|169|1199
|player|p2|psychic system|dawn|1288
|gen|9
|tier|[Gen 9] VGC 2025 Reg H (Bo3)
|rated|
|rule|Species Clause: Limit one of each Pokémon
|rule|Item Clause: Limit 1 of each item
|clearpoke
|poke|p1|Hydrapple, L50, M|
|poke|p1|Indeedee-F, L50, F|
|poke|p1|Gallade, L50, M|
|poke|p1|Torkoal, L50, M|
|poke|p1|Zoroark-Hisui, L50, M|
|poke|p1|Hatterene, L50, F|
|poke|p2|Incineroar, L50, M|
|poke|p2|Florges, L50, F|
|poke|p2|Amoonguss, L50, M|
|poke|p2|Pelipper, L50, F|
|poke|p2|Garchomp, L50, M|
|poke|p2|Rillaboom, L50, F|
|teampreview|4
|showteam|p1|Hydrapple||AssaultVest|Regenerator|PollenPuff,SolarBeam,EnergyBall,FickleBeam|||M|||50|,,,,,Poison]Indeedee-F||PsychicSeed|PsychicSurge|TrickRoom,FollowMe,HelpingHand,Psychic|||F|||50|,,,,,Grass]Gallade||ClearAmulet|Sharpness|PsychoCut,SacredSword,WideGuard,TrickRoom|||M|||50|,,,,,Grass]Torkoal||Charcoal|Drought|Eruption,HeatWave,WeatherBall,Protect|||M|||50|,,,,,Fire]Zoroark-Hisui||ChoiceSpecs|Illusion|HyperBeam,HyperVoice,BitterMalice,ShadowBall|||M|||50|,,,,,Normal]Hatterene||LifeOrb|MagicBounce|TrickRoom,ExpandingForce,DazzlingGleam,Protect|||F|||50|,,,,,Fire
|showteam|p2|Incineroar||SafetyGoggles|Intimidate|FakeOut,KnockOff,FlareBlitz,PartingShot|||M|||50|,,,,,Ghost]Florges||Leftovers|FlowerVeil|Moonblast,DazzlingGleam,CalmMind,Protect|||F|||50|,,,,,Poison]Amoonguss||SitrusBerry|Regenerator|ClearSmog,Spore,PollenPuff,RagePowder|||M|||50|,,,,,Water]Pelipper||ChoiceScarf|Drizzle|MuddyWater,Hurricane,IcyWind,WeatherBall|||F|||50|,,,,,Water]Garchomp||ClearAmulet|RoughSkin|StompingTantrum,DragonClaw,SwordsDance,Protect|||M|||50|,,,,,Poison]Rillaboom||AssaultVest|GrassySurge|DrumBeating,GrassyGlide,HighHorsepower,FakeOut|||F|||50|,,,,,Fire
|inactive|Battle timer is ON: inactive players will automatically lose when time's up. (requested by Duca_tommy)
|inactive|psychic system has 60 seconds left.
|
|t:|1757699257
|teamsize|p1|4
|teamsize|p2|4
|start
|switch|p1a: Indeedee|Indeedee-F, L50, F|100/100
|switch|p1b: Gallade|Gallade, L50, M|100/100
|switch|p2a: Florges|Florges, L50, F|100/100
|switch|p2b: Incineroar|Incineroar, L50, M|100/100
|-fieldstart|move: Psychic Terrain|[from] ability: Psychic Surge|[of] p1a: Indeedee
|-enditem|p1a: Indeedee|Psychic Seed
|-boost|p1a: Indeedee|spd|1|[from] item: Psychic Seed
|-ability|p2b: Incineroar|Intimidate|boost
|-unboost|p1a: Indeedee|atk|1
|-fail|p1b: Gallade|unboost|[from] item: Clear Amulet|[of] p1b: Gallade
|turn|1
|
|t:|1757699279
|move|p1a: Indeedee|Follow Me|p1a: Indeedee
|-singleturn|p1a: Indeedee|move: Follow Me
|move|p2a: Florges|Dazzling Gleam|p1b: Gallade|[spread] p1a,p1b
|-supereffective|p1b: Gallade
|-damage|p1a: Indeedee|84/100
|-damage|p1b: Gallade|58/100
|move|p2b: Incineroar|Parting Shot|p1a: Indeedee
|-unboost|p1a: Indeedee|atk|1
|-unboost|p1a: Indeedee|spa|1
|
|t:|1757699290
|switch|p2b: Amoonguss|Amoonguss, L50, M|100/100|[from] Parting Shot
|move|p1b: Gallade|Trick Room|p1b: Gallade
|-fieldstart|move: Trick Room|[of] p1b: Gallade
|
|upkeep
|turn|2
|inactive|psychic system has 30 seconds left.
|
|t:|1757699320
|-terastallize|p1a: Indeedee|Grass
|move|p1a: Indeedee|Follow Me|p1a: Indeedee
|-singleturn|p1a: Indeedee|move: Follow Me
|move|p2b: Amoonguss|Spore|p1a: Indeedee
|-immune|p1a: Indeedee
|move|p1b: Gallade|Psycho Cut|p2b: Amoonguss
|-supereffective|p2b: Amoonguss
|-damage|p2b: Amoonguss|0 fnt
|faint|p2b: Amoonguss
|move|p2a: Florges|Moonblast|p1a: Indeedee
|-damage|p1a: Indeedee|59/100
|-unboost|p1a: Indeedee|spa|1
|
|upkeep
|
|t:|1757699335
|switch|p2b: Pelipper|Pelipper, L50, F|100/100
|-weather|RainDance|[from] ability: Drizzle|[of] p2b: Pelipper
|turn|3
|inactive|Duca_tommy has 30 seconds left.
|
|t:|1757699363
|move|p1a: Indeedee|Psychic|p2b: Pelipper
|-damage|p2b: Pelipper|70/100
|move|p1b: Gallade|Psycho Cut|p2b: Pelipper
|-damage|p2b: Pelipper|0 fnt
|faint|p2b: Pelipper
|move|p2a: Florges|Moonblast|p1b: Gallade
|-supereffective|p1b: Gallade
|-damage|p1b: Gallade|0 fnt
|faint|p1b: Gallade
|
|-weather|RainDance|[upkeep]
|upkeep
|
|t:|1757699375
|switch|p1b: Torkoal|Torkoal, L50, M|100/100
|switch|p2b: Incineroar|Incineroar, L50, M|100/100
|-weather|SunnyDay|[from] ability: Drought|[of] p1b: Torkoal
|-ability|p2b: Incineroar|Intimidate|boost
|-unboost|p1a: Indeedee|atk|1
|-unboost|p1b: Torkoal|atk|1
|turn|4
|inactive|psychic system has 30 seconds left.
|inactive|Duca_tommy has 30 seconds left.
|
|t:|1757699409
|move|p2a: Florges|Protect|p2a: Florges
|-singleturn|p2a: Florges|Protect
|move|p1a: Indeedee|Follow Me|p1a: Indeedee
|-singleturn|p1a: Indeedee|move: Follow Me
|move|p1b: Torkoal|Eruption|p2b: Incineroar|[spread] p2b
|-activate|p2a: Florges|move: Protect
|-resisted|p2b: Incineroar
|-damage|p2b: Incineroar|62/100
|move|p2b: Incineroar|Flare Blitz|p1a: Indeedee
|-supereffective|p1a: Indeedee
|-damage|p1a: Indeedee|0 fnt
|faint|p1a: Indeedee
|-damage|p2b: Incineroar|45/100|[from] Recoil
|
|-weather|SunnyDay|[upkeep]
|upkeep
|
|t:|1757699412
|switch|p1a: Hatterene|Hatterene, L50, F|100/100
|turn|5
|
|t:|1757699432
|move|p1b: Torkoal|Eruption|p2b: Incineroar|[spread] p2a,p2b
|-resisted|p2b: Incineroar
|-damage|p2a: Florges|37/100
|-damage|p2b: Incineroar|3/100
|move|p1a: Hatterene|Dazzling Gleam|p2a: Florges|[spread] p2a,p2b
|-damage|p2a: Florges|6/100
|-damage|p2b: Incineroar|0 fnt
|faint|p2b: Incineroar
|-damage|p1a: Hatterene|91/100|[from] item: Life Orb
|move|p2a: Florges|Calm Mind|p2a: Florges
|-boost|p2a: Florges|spa|1
|-boost|p2a: Florges|spd|1
|
|-weather|SunnyDay|[upkeep]
|-heal|p2a: Florges|12/100|[from] item: Leftovers
|-fieldend|move: Trick Room
|-fieldend|move: Psychic Terrain
|upkeep
|turn|6
|
|t:|1757699449
|move|p2a: Florges|Protect|p2a: Florges
|-singleturn|p2a: Florges|Protect
|move|p1b: Torkoal|Weather Ball|p2a: Florges
|-activate|p2a: Florges|move: Protect
|move|p1a: Hatterene|Trick Room|p1a: Hatterene
|-fieldstart|move: Trick Room|[of] p1a: Hatterene
|
|-weather|SunnyDay|[upkeep]
|-heal|p2a: Florges|19/100|[from] item: Leftovers
|upkeep
|turn|7
|-message|psychic system forfeited.
|
|win|Duca_tommy
||Duca_tommy is ready for game 2.
||psychic system is ready for game 2.
|uhtml|next|Next: Game 2 of 3
