|j|☆no_dupes
|j|☆pokeplaygg
|html|no_dupespokeplaygg    
|uhtml|bestof|Game 2 of a best-of-3
|t:|1756254332
|gametype|doubles
|player|p1|no_dupes|brock-gen2|1292
|player|p2|pokeplaygg|1|1200
|gen|9
|tier|[Gen 9] VGC 2025 Reg H (Bo3)
|rated|
|rule|Species Clause: Limit one of each Pokémon
|rule|Item Clause: Limit 1 of each item
|clearpoke
|poke|p1|Sneasler, L50, M|
|poke|p1|Indeedee, L50, M|
|poke|p1|Volcarona, L50, M|
|poke|p1|Ursaluna-Bloodmoon, L50, M|
|poke|p1|Annihilape, L50, F|
|poke|p1|Tyranitar, L50, M|
|poke|p2|Amoonguss, L50, F|
|poke|p2|Annihilape, L50, M|
|poke|p2|Pelipper, L50, F|
|poke|p2|Maushold, L50|
|poke|p2|Basculegion, L50, M|
|poke|p2|Incineroar, L50, M|
|teampreview|4
|showteam|p1|Sneasler||PsychicSeed|Unburden|CloseCombat,DireClaw,ThroatChop,Protect|||M|||50|,,,,,Dark]Indeedee||ChoiceScarf|PsychicSurge|ExpandingForce,TeraBlast,Trick,Protect|||M|||50|,,,,,Psychic]Volcarona||SitrusBerry|FlameBody|Overheat,StruggleBug,RagePowder,Tailwind|||M|||50|,,,,,Grass]Ursaluna-Bloodmoon||LifeOrb|MindsEye|BloodMoon,HyperVoice,EarthPower,Protect|||M|||50|,,,,,Normal]Annihilape||SafetyGoggles|Defiant|CloseCombat,RageFist,Taunt,FinalGambit|||F|||50|,,,,,Fairy]Tyranitar||AssaultVest|SandStream|RockSlide,KnockOff,TeraBlast,LowKick|||M|||50|,,,,,Flying
|showteam|p2|Amoonguss||RockyHelmet|Regenerator|ClearSmog,Spore,RagePowder,PollenPuff|||F|||50|,,,,,Water]Annihilape||Leftovers|Defiant|Protect,DrainPunch,BulkUp,RageFist|||M|||50|,,,,,Fire]Pelipper||FocusSash|Drizzle|WeatherBall,Protect,Hurricane,Tailwind|||F|||50|,,,,,Stellar]Maushold||SafetyGoggles|FriendGuard|FollowMe,BeatUp,Taunt,Protect||||||50|,,,,,Ghost]Basculegion||ChoiceBand|SwiftSwim|LastRespects,AquaJet,WaveCrash,FlipTurn|||M|||50|,,,,,Fire]Incineroar||AssaultVest|Intimidate|FakeOut,KnockOff,FlareBlitz,Uturn|||M|||50|,,,,,Ghost
|inactive|Battle timer is ON: inactive players will automatically lose when time's up. (requested by pokeplaygg)
|inactive|no_dupes has 60 seconds left.
|inactive|pokeplaygg has 60 seconds left.
|
|t:|1756254367
|teamsize|p1|4
|teamsize|p2|4
|start
|switch|p1a: Alfred|Indeedee, L50, M|100/100
|switch|p1b: Caesar|Annihilape, L50, F, shiny|100/100
|switch|p2a: Basculegion|Basculegion, L50, M|100/100
|switch|p2b: Annihilape|Annihilape, L50, M|100/100
|-fieldstart|move: Psychic Terrain|[from] ability: Psychic Surge|[of] p1a: Alfred
|turn|1
|inactive|no_dupes has 30 seconds left.
|
|t:|1756254394
|switch|p1a: Volcarona|Volcarona, L50, M, shiny|100/100
|switch|p2b: Pelipper|Pelipper, L50, F|100/100
|-weather|RainDance|[from] ability: Drizzle|[of] p2b: Pelipper
|move|p2a: Basculegion|Wave Crash|p1a: Volcarona
|-supereffective|p1a: Volcarona
|-damage|p1a: Volcarona|0 fnt
|-status|p2a: Basculegion|brn|[from] ability: Flame Body|[of] p1a: Volcarona
|faint|p1a: Volcarona
|-damage|p2a: Basculegion|70/100 brn|[from] Recoil
|move|p1b: Caesar|Rage Fist|p2a: Basculegion
|-supereffective|p2a: Basculegion
|-damage|p2a: Basculegion|26/100 brn
|
|-weather|RainDance|[upkeep]
|-damage|p2a: Basculegion|20/100 brn|[from] brn
|upkeep
|
|t:|1756254397
|switch|p1a: Tyranitar|Tyranitar, L50, M|100/100
|-weather|Sandstorm|[from] ability: Sand Stream|[of] p1a: Tyranitar
|turn|2
|inactive|pokeplaygg has 30 seconds left.
|
|t:|1756254431
|-terastallize|p1a: Tyranitar|Flying
|move|p1b: Caesar|Rage Fist|p2b: Pelipper
|-damage|p2b: Pelipper|74/100
|move|p2b: Pelipper|Tailwind|p2b: Pelipper
|-sidestart|p2: pokeplaygg|move: Tailwind
|move|p2a: Basculegion|Wave Crash|p1a: Tyranitar
|-damage|p1a: Tyranitar|63/100
|-damage|p2a: Basculegion|8/100 brn|[from] Recoil
|move|p1a: Tyranitar|Rock Slide|p2a: Basculegion|[spread] p2a
|-miss|p1a: Tyranitar|p2b: Pelipper
|-damage|p2a: Basculegion|0 fnt
|faint|p2a: Basculegion
|
|-weather|Sandstorm|[upkeep]
|-damage|p2b: Pelipper|68/100|[from] Sandstorm
|-damage|p1a: Tyranitar|57/100|[from] Sandstorm
|upkeep
|
|t:|1756254447
|switch|p2a: Annihilape|Annihilape, L50, M|100/100
|turn|3
|inactive|pokeplaygg has 30 seconds left.
|inactive|pokeplaygg has 20 seconds left.
|
|t:|1756254482
|move|p2a: Annihilape|Bulk Up|p2a: Annihilape
|-boost|p2a: Annihilape|atk|1
|-boost|p2a: Annihilape|def|1
|move|p2b: Pelipper|Weather Ball|p1a: Tyranitar
|-supereffective|p1a: Tyranitar
|-damage|p1a: Tyranitar|23/100
|move|p1b: Caesar|Final Gambit|p2a: Annihilape
|-immune|p2a: Annihilape
|move|p1a: Tyranitar|Rock Slide|p2a: Annihilape|[spread] p2a,p2b
|-resisted|p2a: Annihilape
|-supereffective|p2b: Pelipper
|-damage|p2a: Annihilape|90/100
|-damage|p2b: Pelipper|0 fnt
|faint|p2b: Pelipper
|
|-weather|Sandstorm|[upkeep]
|-damage|p2a: Annihilape|84/100|[from] Sandstorm
|-damage|p1a: Tyranitar|17/100|[from] Sandstorm
|-heal|p2a: Annihilape|90/100|[from] item: Leftovers
|upkeep
|
|t:|1756254500
|switch|p2b: Incineroar|Incineroar, L50, M|100/100
|-ability|p2b: Incineroar|Intimidate|boost
|-unboost|p1a: Tyranitar|atk|1
|-unboost|p1b: Caesar|atk|1
|-ability|p1b: Caesar|Defiant|boost
|-boost|p1b: Caesar|atk|2
|turn|4
|
|t:|1756254518
|switch|p1a: Alfred|Indeedee, L50, M|100/100
|move|p2a: Annihilape|Rage Fist|p1b: Caesar
|-supereffective|p1b: Caesar
|-damage|p1b: Caesar|0 fnt
|faint|p1b: Caesar
|move|p2b: Incineroar|Flare Blitz|p1a: Alfred
|-damage|p1a: Alfred|0 fnt
|faint|p1a: Alfred
|-damage|p2b: Incineroar|74/100|[from] Recoil
|
|-weather|Sandstorm|[upkeep]
|-damage|p2a: Annihilape|84/100|[from] Sandstorm
|-damage|p2b: Incineroar|68/100|[from] Sandstorm
|-heal|p2a: Annihilape|90/100|[from] item: Leftovers
|upkeep
|
|t:|1756254523
|switch|p1b: Tyranitar|Tyranitar, L50, M, tera:Flying|17/100
|turn|5
|
|t:|1756254530
|move|p2a: Annihilape|Rage Fist|p1b: Tyranitar
|-damage|p1b: Tyranitar|0 fnt
|faint|p1b: Tyranitar
|
|win|pokeplaygg
