|j|☆FroslassYES!
|j|‽spain core
|html|FroslassYES!spain core    
|uhtml|bestof|Game 1 of a best-of-3
|t:|1786192618
|gametype|doubles
|player|p1|FroslassYES!|li|
|player|p2|spain core|leon|
|gen|9
|tier|[Gen 9 Champions] VGC 2026 Reg M-B (Bo3)
|rule|Species Clause: Limit one of each Pokémon
|rule|Item Clause: Limit 1 of each item
|clearpoke
|poke|p1|Kingambit, L50, M, shiny|
|poke|p1|Clefable, L50, M, shiny|
|poke|p1|Arcanine-Hisui, L50, M, shiny|
|poke|p1|Froslass, L50, F, shiny|
|poke|p1|Basculegion, L50, M, shiny|
|poke|p1|Kommo-o, L50, F|
|poke|p2|Kangaskhan, L50, F|
|poke|p2|Farigiraf, L50, M|
|poke|p2|Torkoal, L50, F|
|poke|p2|Hatterene, L50, F|
|poke|p2|Kingambit, L50, F|
|poke|p2|Venusaur, L50, F|
|teampreview|4
|showteam|p1|Kingambit||LifeOrb|Defiant|KowtowCleave,SuckerPunch,SwordsDance,Protect|Adamant||M|||50|]Clefable||SitrusBerry|Unaware|Moonblast,IcyWind,FollowMe,Protect|Calm||M|||50|]Arcanine-Hisui||FocusSash|RockHead|FlareBlitz,HeadSmash,ExtremeSpeed,Protect|Jolly||M|||50|]Froslass||Froslassite|CursedBody|Blizzard,ShadowBall,AuroraVeil,Protect|Timid||F|||50|]Basculegion||MysticWater|Adaptability|WaveCrash,AquaJet,LastRespects,Protect|Adamant||M|||50|]Kommo-o||Leftovers|Soundproof|ClangingScales,AuraSphere,ClangorousSoul,Protect|Timid||F|||50|
|showteam|p2|Kangaskhan||Kangaskhanite|Scrappy|FakeOut,DoubleEdge,Crunch,DrainPunch|Brave||F|||50|]Farigiraf||SitrusBerry|ArmorTail|Psychic,HyperVoice,TrickRoom,Protect|Quiet||M|||50|]Torkoal||Charcoal|Drought|Eruption,WeatherBall,EarthPower,Protect|Quiet||F|||50|]Hatterene||LifeOrb|MagicBounce|Psychic,DazzlingGleam,Protect,TrickRoom|Quiet||F|||50|]Kingambit||ExpertBelt|Defiant|KowtowCleave,SuckerPunch,IronHead,LowKick|Brave||F|||50|]Venusaur||FocusSash|Chlorophyll|EarthPower,SludgeBomb,SleepPowder,Protect|Modest||F|||50|
|inactive|Battle timer is ON: inactive players will automatically lose when time's up. (requested by FroslassYES!)
|inactive|FroslassYES! has 60 seconds left.
|
|t:|1786192674
|teamsize|p1|4
|teamsize|p2|4
|start
|switch|p1a: Basculegion|Basculegion, L50, M, shiny|100/100
|switch|p1b: Kommo-o|Kommo-o, L50, F|100/100
|switch|p2a: Kangaskhan|Kangaskhan, L50, F|100/100
|switch|p2b: Farigiraf|Farigiraf, L50, M|100/100
|turn|1
|
|t:|1786192684
|move|p2a: Kangaskhan|Fake Out|p1a: Basculegion
|-damage|p1a: Basculegion|80/100
|move|p1b: Kommo-o|Clangorous Soul|p1b: Kommo-o
|-boost|p1b: Kommo-o|atk|1
|-boost|p1b: Kommo-o|def|1
|-boost|p1b: Kommo-o|spa|1
|-boost|p1b: Kommo-o|spd|1
|-boost|p1b: Kommo-o|spe|1
|-damage|p1b: Kommo-o|67/100
|cant|p1a: Basculegion|flinch
|move|p2b: Farigiraf|Trick Room|p2b: Farigiraf
|-fieldstart|move: Trick Room|[of] p2b: Farigiraf
|
|-heal|p1b: Kommo-o|73/100|[from] item: Leftovers
|upkeep
|turn|2
|
|t:|1786192707
|detailschange|p2a: Kangaskhan|Kangaskhan-Mega, L50, F
|-mega|p2a: Kangaskhan|Kangaskhan|Kangaskhanite
|move|p1b: Kommo-o|Protect|p1b: Kommo-o
|-singleturn|p1b: Kommo-o|Protect
|move|p2b: Farigiraf|Psychic|p1b: Kommo-o
|-activate|p1b: Kommo-o|move: Protect
|move|p2a: Kangaskhan|Crunch|p1a: Basculegion
|-supereffective|p1a: Basculegion|1
|-damage|p1a: Basculegion|17/100
|-supereffective|p1a: Basculegion|1
|-damage|p1a: Basculegion|1/100
|-hitcount|p1a: Basculegion|2
|move|p1a: Basculegion|Wave Crash|p2b: Farigiraf
|-damage|p2b: Farigiraf|0 fnt
|faint|p2b: Farigiraf
|-damage|p1a: Basculegion|0 fnt|[from] Recoil
|faint|p1a: Basculegion
|
|-heal|p1b: Kommo-o|79/100|[from] item: Leftovers
|upkeep
|inactive|spain core has 30 seconds left.
|
|t:|1786192737
|switch|p2b: Kingambit|Kingambit, L50, F|100/100
|switch|p1a: Clefable|Clefable, L50, M, shiny|100/100
|turn|3
|inactive|FroslassYES! has 30 seconds left.
|inactive|FroslassYES! has 20 seconds left.
|inactive|FroslassYES! has 15 seconds left.
|
|t:|1786192777
|move|p1a: Clefable|Follow Me|p1a: Clefable
|-singleturn|p1a: Clefable|move: Follow Me
|move|p2b: Kingambit|Iron Head|p1a: Clefable
|-supereffective|p1a: Clefable|1
|-damage|p1a: Clefable|6/100
|-enditem|p1a: Clefable|Sitrus Berry|[eat]
|-heal|p1a: Clefable|31/100|[from] item: Sitrus Berry
|move|p2a: Kangaskhan|Double-Edge|p1a: Clefable
|-damage|p1a: Clefable|0 fnt
|faint|p1a: Clefable
|-damage|p2a: Kangaskhan|89/100|[from] Recoil
|move|p1b: Kommo-o|Aura Sphere|p2b: Kingambit
|-supereffective|p2b: Kingambit|2
|-damage|p2b: Kingambit|0 fnt
|faint|p2b: Kingambit
|
|-heal|p1b: Kommo-o|85/100|[from] item: Leftovers
|upkeep
|
|t:|1786192789
|switch|p2b: Torkoal|Torkoal, L50, F|100/100
|switch|p1a: Arcanine|Arcanine-Hisui, L50, M, shiny|100/100
|-weather|SunnyDay|[from] ability: Drought|[of] p2b: Torkoal
|turn|4
|
|t:|1786192811
|move|p1a: Arcanine|Protect|p1a: Arcanine
|-singleturn|p1a: Arcanine|Protect
|move|p1b: Kommo-o|Protect|p1b: Kommo-o
|-singleturn|p1b: Kommo-o|Protect
|move|p2b: Torkoal|Eruption|p1a: Arcanine|[spread] 
|-activate|p1a: Arcanine|move: Protect
|-activate|p1b: Kommo-o|move: Protect
|move|p2a: Kangaskhan|Drain Punch|p1a: Arcanine
|-activate|p1a: Arcanine|move: Protect
|
|-weather|SunnyDay|[upkeep]
|-heal|p1b: Kommo-o|91/100|[from] item: Leftovers
|upkeep
|turn|5
|
|t:|1786192825
|move|p1a: Arcanine|Extreme Speed|p2b: Torkoal
|-damage|p2b: Torkoal|79/100
|move|p2b: Torkoal|Eruption|p1b: Kommo-o|[spread] p1a,p1b
|-resisted|p1a: Arcanine|2
|-resisted|p1b: Kommo-o|1
|-damage|p1a: Arcanine|80/100
|-damage|p1b: Kommo-o|65/100
|move|p2a: Kangaskhan|Double-Edge|p1b: Kommo-o
|-damage|p1b: Kommo-o|19/100
|-damage|p1b: Kommo-o|9/100
|-hitcount|p1b: Kommo-o|2
|-damage|p2a: Kangaskhan|76/100|[from] Recoil
|move|p1b: Kommo-o|Aura Sphere|p2a: Kangaskhan
|-supereffective|p2a: Kangaskhan|1
|-damage|p2a: Kangaskhan|0 fnt
|faint|p2a: Kangaskhan
|
|-weather|SunnyDay|[upkeep]
|-heal|p1b: Kommo-o|15/100|[from] item: Leftovers
|-fieldend|move: Trick Room
|upkeep
|turn|6
|
|t:|1786192841
|move|p1b: Kommo-o|Clanging Scales|p2b: Torkoal
|-damage|p2b: Torkoal|0 fnt
|faint|p2b: Torkoal
|
|win|FroslassYES!
