|j|☆Farigi no Raf
|j|☆KilamanolaVGC
|html|Farigi no RafKilamanolaVGC    
|uhtml|bestof|Game 2 of a best-of-3
|t:|1757040699
|gametype|doubles
|player|p1|Farigi no Raf|vince|1409
|player|p2|KilamanolaVGC|265|1366
|gen|9
|tier|[Gen 9] VGC 2025 Reg H (Bo3)
|rated|
|rule|Species Clause: Limit one of each Pokémon
|rule|Item Clause: Limit 1 of each item
|clearpoke
|poke|p1|Dragonite, L50, F|
|poke|p1|Gholdengo, L50|
|poke|p1|Sneasler, L50, F|
|poke|p1|Rillaboom, L50, M|
|poke|p1|Ursaluna-Bloodmoon, L50, M|
|poke|p1|Magmar, L50, F|
|poke|p2|Weezing-Galar, L50, F|
|poke|p2|Slaking, L50, M|
|poke|p2|Dragapult, L50, M|
|poke|p2|Corviknight, L50, M|
|poke|p2|Dondozo, L50, M|
|poke|p2|Tatsugiri, L50, M|
|teampreview|4
|showteam|p1|Dragonite||LoadedDice|Multiscale|ScaleShot,Tailwind,ExtremeSpeed,Protect|||F|||50|,,,,,Fairy]Gholdengo||LifeOrb|GoodasGold|MakeItRain,ShadowBall,NastyPlot,Protect||||||50|,,,,,Water]Sneasler||FocusSash|PoisonTouch|CloseCombat,DireClaw,Coaching,FakeOut|||F|||50|,,,,,Ghost]Rillaboom||AssaultVest|GrassySurge|WoodHammer,FakeOut,GrassyGlide,HighHorsepower|||M|||50|,,,,,Fire]Ursaluna-Bloodmoon||SilkScarf|MindsEye|HyperVoice,EarthPower,BloodMoon,Protect|||M|||50|,,,,,Water]Magmar||Eviolite|VitalSpirit|FollowMe,BurningJealousy,ClearSmog,Protect|||F|||50|,,,,,Dragon
|showteam|p2|Weezing-Galar||CovertCloak|NeutralizingGas|StrangeSteam,WillOWisp,Taunt,Protect|||F|||50|,,,,,Water]Slaking||LifeOrb|Truant|DoubleEdge,SuckerPunch,HighHorsepower,Protect|||M|||50|,,,,,Ghost]Dragapult||ChoiceBand|ClearBody|DragonDarts,TeraBlast,PhantomForce,Uturn|||M|||50|,,,,,Ghost]Corviknight||SitrusBerry|MirrorArmor|BraveBird,Tailwind,Roost,Protect|||M|||50|,,,,,Dragon]Dondozo||Leftovers|Unaware|WaveCrash,HeavySlam,OrderUp,Protect|||M|||50|,,,,,Grass]Tatsugiri||FocusSash|Commander|MuddyWater,DragonPulse,IcyWind,Protect|||M|||50|,,,,,Grass
|inactive|Battle timer is ON: inactive players will automatically lose when time's up. (requested by KilamanolaVGC)
|
|t:|1757040703
|teamsize|p1|4
|teamsize|p2|4
|start
|switch|p1a: Sneasler|Sneasler, L50, F|100/100
|switch|p1b: Dragonite|Dragonite, L50, F|100/100
|switch|p2a: Slaking|Slaking, L50, M, shiny|100/100
|switch|p2b: Weezing|Weezing-Galar, L50, F, shiny|100/100
|-ability|p2b: Weezing|Neutralizing Gas
|turn|1
|
|t:|1757040721
|move|p2a: Slaking|Protect|p2a: Slaking
|-singleturn|p2a: Slaking|Protect
|move|p1a: Sneasler|Coaching|p1b: Dragonite
|-boost|p1b: Dragonite|atk|1
|-boost|p1b: Dragonite|def|1
|move|p1b: Dragonite|Scale Shot|p2a: Slaking
|-activate|p2a: Slaking|move: Protect
|move|p2b: Weezing|Will-O-Wisp|p1b: Dragonite
|-status|p1b: Dragonite|brn
|
|-damage|p1b: Dragonite|94/100 brn|[from] brn
|upkeep
|turn|2
|
|t:|1757040737
|move|p1a: Sneasler|Dire Claw|p2a: Slaking
|-damage|p2a: Slaking|65/100
|-status|p2a: Slaking|slp
|cant|p2a: Slaking|slp
|move|p1b: Dragonite|Scale Shot|p2a: Slaking
|-damage|p2a: Slaking|56/100 slp
|-damage|p2a: Slaking|47/100 slp
|-damage|p2a: Slaking|38/100 slp
|-damage|p2a: Slaking|29/100 slp
|-damage|p2a: Slaking|20/100 slp
|-hitcount|p2a: Slaking|5
|-unboost|p1b: Dragonite|def|1
|-boost|p1b: Dragonite|spe|1
|move|p2b: Weezing|Will-O-Wisp|p1a: Sneasler
|-status|p1a: Sneasler|brn
|
|-damage|p1b: Dragonite|88/100 brn|[from] brn
|-damage|p1a: Sneasler|95/100 brn|[from] brn
|upkeep
|turn|3
|
|t:|1757040753
|move|p1b: Dragonite|Extreme Speed|p2a: Slaking
|-damage|p2a: Slaking|0 fnt
|faint|p2a: Slaking
|move|p1a: Sneasler|Coaching|p1b: Dragonite
|-boost|p1b: Dragonite|atk|1
|-boost|p1b: Dragonite|def|1
|move|p2b: Weezing|Strange Steam|p1b: Dragonite
|-supereffective|p1b: Dragonite
|-damage|p1b: Dragonite|27/100 brn
|-start|p1b: Dragonite|confusion
|
|-damage|p1b: Dragonite|21/100 brn|[from] brn
|-damage|p1a: Sneasler|89/100 brn|[from] brn
|upkeep
|
|t:|1757040763
|switch|p2a: Corviknight|Corviknight, L50, M, shiny|100/100
|turn|4
|
|t:|1757040775
|-activate|p1b: Dragonite|confusion
|-damage|p1b: Dragonite|0 fnt|[from] confusion
|faint|p1b: Dragonite
|move|p1a: Sneasler|Close Combat|p2a: Corviknight
|-damage|p2a: Corviknight|75/100
|-unboost|p1a: Sneasler|def|1
|-unboost|p1a: Sneasler|spd|1
|move|p2a: Corviknight|Tailwind|p2a: Corviknight
|-sidestart|p2: KilamanolaVGC|move: Tailwind
|move|p2b: Weezing|Strange Steam|p1a: Sneasler
|-damage|p1a: Sneasler|36/100 brn
|
|-damage|p1a: Sneasler|30/100 brn|[from] brn
|upkeep
|
|t:|1757040781
|switch|p1b: Gholdengo|Gholdengo, L50|100/100
|turn|5
|inactive|KilamanolaVGC has 30 seconds left.
|
|t:|1757040809
|-terastallize|p2b: Weezing|Water
|move|p2a: Corviknight|Brave Bird|p1a: Sneasler
|-supereffective|p1a: Sneasler
|-damage|p1a: Sneasler|0 fnt
|faint|p1a: Sneasler
|-damage|p2a: Corviknight|67/100|[from] Recoil
|move|p2b: Weezing|Strange Steam|p1b: Gholdengo
|-resisted|p1b: Gholdengo
|-damage|p1b: Gholdengo|87/100
|move|p1b: Gholdengo|Nasty Plot|p1b: Gholdengo
|-boost|p1b: Gholdengo|spa|2
|
|upkeep
|
|t:|1757040817
|switch|p1a: Magmar|Magmar, L50, F|100/100
|turn|6
|
|t:|1757040824
|move|p1a: Magmar|Follow Me|p1a: Magmar
|-singleturn|p1a: Magmar|move: Follow Me
|move|p2a: Corviknight|Brave Bird|p1a: Magmar
|-damage|p1a: Magmar|69/100
|-damage|p2a: Corviknight|59/100|[from] Recoil
|move|p2b: Weezing|Strange Steam|p1a: Magmar
|-resisted|p1a: Magmar
|-damage|p1a: Magmar|59/100
|move|p1b: Gholdengo|Nasty Plot|p1b: Gholdengo
|-boost|p1b: Gholdengo|spa|2
|
|upkeep
|turn|7
|
|t:|1757040835
|move|p1a: Magmar|Follow Me|p1a: Magmar
|-singleturn|p1a: Magmar|move: Follow Me
|move|p2a: Corviknight|Brave Bird|p1a: Magmar
|-damage|p1a: Magmar|27/100
|-damage|p2a: Corviknight|50/100|[from] Recoil
|-enditem|p2a: Corviknight|Sitrus Berry|[eat]
|-heal|p2a: Corviknight|75/100|[from] item: Sitrus Berry
|move|p2b: Weezing|Strange Steam|p1a: Magmar
|-resisted|p1a: Magmar
|-damage|p1a: Magmar|17/100
|move|p1b: Gholdengo|Nasty Plot|p1b: Gholdengo
|-boost|p1b: Gholdengo|spa|2
|
|-sideend|p2: KilamanolaVGC|move: Tailwind
|upkeep
|turn|8
|
|t:|1757040855
|move|p1b: Gholdengo|Make It Rain|p2a: Corviknight|[spread] p2a,p2b
|-resisted|p2a: Corviknight
|-resisted|p2b: Weezing
|-damage|p2a: Corviknight|0 fnt
|-damage|p2b: Weezing|0 fnt
|-unboost|p1b: Gholdengo|spa|1
|faint|p2a: Corviknight
|faint|p2b: Weezing
|-end|p2b: Weezing|ability: Neutralizing Gas
|-damage|p1b: Gholdengo|77/100|[from] item: Life Orb
|move|p1a: Magmar|Burning Jealousy|p2: Corviknight|[notarget]
|-fail|p1a: Magmar
|
|upkeep
|
|t:|1757040857
|switch|p2b: Dragapult|Dragapult, L50, M, shiny|100/100
|turn|9
|
|t:|1757040868
|move|p1a: Magmar|Follow Me|p1a: Magmar
|-singleturn|p1a: Magmar|move: Follow Me
|move|p2b: Dragapult|Phantom Force||[still]
|-prepare|p2b: Dragapult|Phantom Force
|move|p1b: Gholdengo|Shadow Ball|p2b: Dragapult|[miss]
|-miss|p1b: Gholdengo|p2b: Dragapult
|
|upkeep
|turn|10
|
|t:|1757040875
|move|p1a: Magmar|Follow Me|p1a: Magmar
|-singleturn|p1a: Magmar|move: Follow Me
|move|p2b: Dragapult|Phantom Force|p1a: Magmar|[from] lockedmove
|-damage|p1a: Magmar|0 fnt
|faint|p1a: Magmar
|move|p1b: Gholdengo|Shadow Ball|p2b: Dragapult
|-supereffective|p2b: Dragapult
|-damage|p2b: Dragapult|0 fnt
|faint|p2b: Dragapult
|-damage|p1b: Gholdengo|68/100|[from] item: Life Orb
|
|win|Farigi no Raf
|raw|Farigi no Raf's rating: 1409 → 1427(+18 for winning)
|raw|KilamanolaVGC's rating: 1366 → 1348(-18 for losing)
|l|☆KilamanolaVGC
|player|p2|
