|j|☆Bruneauxx
|j|☆chamoy-pt2
|html|Bruneauxxchamoy-pt2    
|uhtml|bestof|Game 1 of a best-of-3
|t:|1756518388
|gametype|doubles
|player|p1|Bruneauxx|fisherman-gen4|1147
|player|p2|chamoy-pt2|riley|1164
|gen|9
|tier|[Gen 9] VGC 2025 Reg H (Bo3)
|rated|
|rule|Species Clause: Limit one of each Pokémon
|rule|Item Clause: Limit 1 of each item
|clearpoke
|poke|p1|Braviary-Hisui, L50, M|
|poke|p1|Sneasler, L50, F|
|poke|p1|Indeedee-F, L50, F|
|poke|p1|Pelipper, L50, M|
|poke|p1|Archaludon, L50, F|
|poke|p1|Garchomp, L50, F|
|poke|p2|Incineroar, L50, M|
|poke|p2|Dragapult, L50, F|
|poke|p2|Whimsicott, L50, F|
|poke|p2|Typhlosion-Hisui, L50, M|
|poke|p2|Annihilape, L50, M|
|poke|p2|Indeedee, L50, M|
|teampreview|4
|showteam|p1|Braviary-Hisui||TwistedSpoon|TintedLens|ExpandingForce,AirSlash,EsperWing,Protect|||M|||50|,,,,,Psychic]Sneasler||PsychicSeed|Unburden|DireClaw,CloseCombat,ThroatChop,Protect|||F|||50|,,,,,Dark]Indeedee-F||SafetyGoggles|PsychicSurge|DazzlingGleam,FollowMe,TrickRoom,HelpingHand|||F|||50|,,,,,Fairy]Pelipper||FocusSash|Drizzle|Hurricane,WeatherBall,Tailwind,Protect|||M|||50|,,,,,Stellar]Archaludon||AssaultVest|Stamina|ElectroShot,Snarl,DragonPulse,BodyPress|||F|||50|,,,,,Grass]Garchomp||ClearAmulet|RoughSkin|Earthquake,ScaleShot,RockSlide,Protect|||F|||50|,,,,,Ground
|showteam|p2|Incineroar||SafetyGoggles|Intimidate|FakeOut,PartingShot,KnockOff,HelpingHand|||M|||50|,,,,,Water]Dragapult||ChoiceBand|ClearBody|DragonDarts,PhantomForce,SuckerPunch,Uturn|||F|||50|,,,,,Dragon]Whimsicott||CovertCloak|Prankster|Tailwind,Moonblast,SunnyDay,BeatUp|||F|||50|,,,,,Water]Typhlosion-Hisui||ChoiceSpecs|Blaze|Eruption,HeatWave,ShadowBall,Overheat|||M|||50|,,,,,Fire]Annihilape||SitrusBerry|Defiant|RageFist,DrainPunch,BulkUp,Protect|||M|||50|,,,,,Fire]Indeedee||FocusSash|PsychicSurge|ExpandingForce,TrickRoom,Imprison,Protect|||M|||50|,,,,,Psychic
|j| We_Are_Toasted
|inactive|Battle timer is ON: inactive players will automatically lose when time's up. (requested by Bruneauxx)
|
|t:|1756518421
|teamsize|p1|4
|teamsize|p2|4
|start
|switch|p1a: Indeedee|Indeedee-F, L50, F|100/100
|switch|p1b: Sneasler|Sneasler, L50, F|100/100
|switch|p2a: Whimsicott|Whimsicott, L50, F|100/100
|switch|p2b: Annihilape|Annihilape, L50, M|100/100
|-fieldstart|move: Psychic Terrain|[from] ability: Psychic Surge|[of] p1a: Indeedee
|-enditem|p1b: Sneasler|Psychic Seed
|-boost|p1b: Sneasler|spd|1|[from] item: Psychic Seed
|turn|1
|
|t:|1756518437
|switch|p2a: Incineroar|Incineroar, L50, M|100/100
|-ability|p2a: Incineroar|Intimidate|boost
|-unboost|p1a: Indeedee|atk|1
|-unboost|p1b: Sneasler|atk|1
|move|p1b: Sneasler|Dire Claw|p2a: Incineroar
|-damage|p2a: Incineroar|74/100
|move|p2b: Annihilape|Bulk Up|p2b: Annihilape
|-boost|p2b: Annihilape|atk|1
|-boost|p2b: Annihilape|def|1
|move|p1a: Indeedee|Trick Room|p1a: Indeedee
|-fieldstart|move: Trick Room|[of] p1a: Indeedee
|
|upkeep
|turn|2
|
|t:|1756518459
|move|p1a: Indeedee|Follow Me|p1a: Indeedee
|-singleturn|p1a: Indeedee|move: Follow Me
|move|p2a: Incineroar|Parting Shot|p1a: Indeedee
|-unboost|p1a: Indeedee|atk|1
|-unboost|p1a: Indeedee|spa|1
|
|t:|1756518464
|switch|p2a: Whimsicott|Whimsicott, L50, F|100/100|[from] Parting Shot
|move|p2b: Annihilape|Drain Punch|p1a: Indeedee
|-damage|p1a: Indeedee|46/100
|move|p1b: Sneasler|Close Combat|p2a: Whimsicott
|-resisted|p2a: Whimsicott
|-damage|p2a: Whimsicott|75/100
|-unboost|p1b: Sneasler|def|1
|-unboost|p1b: Sneasler|spd|1
|
|upkeep
|turn|3
|
|t:|1756518482
|switch|p1b: Braviary|Braviary-Hisui, L50, M|100/100
|move|p1a: Indeedee|Follow Me|p1a: Indeedee
|-singleturn|p1a: Indeedee|move: Follow Me
|move|p2b: Annihilape|Rage Fist|p1a: Indeedee
|-immune|p1a: Indeedee
|move|p2a: Whimsicott|Beat Up|p1a: Indeedee
|-supereffective|p1a: Indeedee
|-damage|p1a: Indeedee|42/100
|-supereffective|p1a: Indeedee
|-damage|p1a: Indeedee|36/100
|-supereffective|p1a: Indeedee
|-damage|p1a: Indeedee|30/100
|-supereffective|p1a: Indeedee
|-damage|p1a: Indeedee|24/100
|-hitcount|p1a: Indeedee|4
|
|upkeep
|turn|4
|l| We_Are_Toasted
|inactive|chamoy-pt2 has 30 seconds left.
|
|t:|1756518508
|-terastallize|p2b: Annihilape|Fire
|-terastallize|p1b: Braviary|Psychic
|move|p1a: Indeedee|Helping Hand|p1b: Braviary
|-singleturn|p1b: Braviary|Helping Hand|[of] p1a: Indeedee
|move|p2b: Annihilape|Bulk Up|p2b: Annihilape
|-boost|p2b: Annihilape|atk|1
|-boost|p2b: Annihilape|def|1
|move|p1b: Braviary|Expanding Force|p2a: Whimsicott|[spread] p2a,p2b
|-crit|p2b: Annihilape
|-damage|p2a: Whimsicott|0 fnt
|-damage|p2b: Annihilape|0 fnt
|faint|p2a: Whimsicott
|faint|p2b: Annihilape
|
|upkeep
|
|t:|1756518519
|switch|p2b: Dragapult|Dragapult, L50, F|100/100
|switch|p2a: Incineroar|Incineroar, L50, M|74/100
|-ability|p2a: Incineroar|Intimidate|boost
|-unboost|p1a: Indeedee|atk|1
|-unboost|p1b: Braviary|atk|1
|turn|5
|inactive|Bruneauxx has 30 seconds left.
|
|t:|1756518546
|move|p2a: Incineroar|Helping Hand|p2b: Dragapult
|-singleturn|p2b: Dragapult|Helping Hand|[of] p2a: Incineroar
|move|p1a: Indeedee|Follow Me|p1a: Indeedee
|-singleturn|p1a: Indeedee|move: Follow Me
|move|p1b: Braviary|Expanding Force|p2a: Incineroar|[spread] p2b
|-immune|p2a: Incineroar
|-damage|p2b: Dragapult|0 fnt
|faint|p2b: Dragapult
|
|-fieldend|move: Trick Room
|-fieldend|move: Psychic Terrain
|upkeep
|turn|6
|-message|chamoy-pt2 forfeited.
|
|win|Bruneauxx
|l|☆chamoy-pt2
|player|p2|
||chamoy-pt2 is ready for game 2.
||Bruneauxx is ready for game 2.
|uhtml|next|Next: Game 2 of 3
