|j|☆Peppersalt1
|j|☆dutchilles
|html|Peppersalt1dutchilles    
|uhtml|bestof|Game 2 of a best-of-3
|t:|1784345104
|gametype|doubles
|player|p1|Peppersalt1|teamrocket|
|player|p2|dutchilles|265|
|gen|9
|tier|[Gen 9 Champions] VGC 2026 Reg M-B (Bo3)
|rule|Species Clause: Limit one of each Pokémon
|rule|Item Clause: Limit 1 of each item
|clearpoke
|poke|p1|Venusaur, L50, F|
|poke|p1|Incineroar, L50, F|
|poke|p1|Vivillon, L50, F|
|poke|p1|Farigiraf, L50, F|
|poke|p1|Rotom-Wash, L50|
|poke|p1|Rhyperior, L50, F|
|poke|p2|Primarina, L50, M|
|poke|p2|Metagross, L50|
|poke|p2|Grimmsnarl, L50, M|
|poke|p2|Mimikyu, L50, M|
|poke|p2|Blaziken, L50, M|
|poke|p2|Lucario, L50, F|
|teampreview|4
|showteam|p1|Venusaur||Venusaurite|Overgrow|GigaDrain,SludgeBomb,EarthPower,Protect|Modest||F|||50|]Incineroar||ChopleBerry|Intimidate|FlareBlitz,ThroatChop,FakeOut,PartingShot|Careful||F|||50|]Vivillon||FocusSash|CompoundEyes|Hurricane,SleepPowder,Tailwind,Protect|Timid||F|||50|]Farigiraf||ColburBerry|ArmorTail|HyperVoice,Psychic,HelpingHand,TrickRoom|Modest||F|||50|]Rotom-Wash||ChoiceScarf|Levitate|Thunderbolt,Electroweb,HydroPump,VoltSwitch|Modest|||||50|]Rhyperior||LifeOrb|SolidRock|HighHorsepower,Earthquake,RockSlide,Protect|Brave||F|||50|
|showteam|p2|Primarina||Leftovers|LiquidVoice|HyperVoice,CalmMind,Protect,Surf|Modest||M|||50|]Metagross||Metagrossite|ClearBody|IronHead,PsychicFangs,BulletPunch,Protect|Jolly|||||50|]Grimmsnarl||LightClay|Prankster|SpiritBreak,LightScreen,Reflect,PartingShot|Careful||M|||50|]Mimikyu||LifeOrb|Disguise|PlayRough,ShadowSneak,TrickRoom,ShadowClaw|Adamant||M|||50|]Blaziken||FocusSash|SpeedBoost|CloseCombat,FlareBlitz,RockSlide,Protect|Adamant||M|||50|]Lucario||ChoiceScarf|InnerFocus|AuraSphere,FlashCannon,Protect,VacuumWave|Modest||F|||50|
|inactive|Battle timer is ON: inactive players will automatically lose when time's up. (requested by Peppersalt1)
|inactiveoff|Battle timer is now OFF.
|
|t:|1784345149
|teamsize|p1|4
|teamsize|p2|4
|start
|switch|p1a: Incineroar|Incineroar, L50, F|100/100
|switch|p1b: Farigiraf|Farigiraf, L50, F|100/100
|switch|p2a: Metagross|Metagross, L50|100/100
|switch|p2b: Blaziken|Blaziken, L50, M|100/100
|-ability|p1a: Incineroar|Intimidate|boost
|-fail|p2a: Metagross|unboost|[from] ability: Clear Body|[of] p2a: Metagross
|-unboost|p2b: Blaziken|atk|1
|turn|1
|inactive|Battle timer is ON: inactive players will automatically lose when time's up. (requested by Peppersalt1)
|
|t:|1784345189
|detailschange|p2a: Metagross|Metagross-Mega, L50
|-mega|p2a: Metagross|Metagross|Metagrossite
|move|p2a: Metagross|Iron Head|p1b: Farigiraf
|-damage|p1b: Farigiraf|49/100
|move|p2b: Blaziken|Rock Slide|p1a: Incineroar|[spread] p1a,p1b
|-supereffective|p1a: Incineroar|1
|-damage|p1a: Incineroar|74/100
|-damage|p1b: Farigiraf|38/100
|move|p1a: Incineroar|Parting Shot|p2a: Metagross
|-unboost|p2a: Metagross|atk|1
|-unboost|p2a: Metagross|spa|1
|
|t:|1784345199
|switch|p1a: Rhyperior|Rhyperior, L50, F|100/100|[from] Parting Shot
|cant|p1b: Farigiraf|flinch
|
|-ability|p2b: Blaziken|Speed Boost|boost
|-boost|p2b: Blaziken|spe|1
|upkeep
|turn|2
|inactive|dutchilles has 30 seconds left.
|
|t:|1784345227
|switch|p1a: Incineroar|Incineroar, L50, F|74/100
|-ability|p1a: Incineroar|Intimidate|boost
|-unboost|p2a: Metagross|atk|1
|-unboost|p2b: Blaziken|atk|1
|move|p2b: Blaziken|Close Combat|p1a: Incineroar
|-supereffective|p1a: Incineroar|1
|-enditem|p1a: Incineroar|Chople Berry|[eat]
|-enditem|p1a: Incineroar|Chople Berry|[weaken]
|-damage|p1a: Incineroar|44/100
|-unboost|p2b: Blaziken|def|1
|-unboost|p2b: Blaziken|spd|1
|move|p2a: Metagross|Iron Head|p1a: Incineroar
|-resisted|p1a: Incineroar|1
|-damage|p1a: Incineroar|30/100
|move|p1b: Farigiraf|Trick Room|p1b: Farigiraf
|-fieldstart|move: Trick Room|[of] p1b: Farigiraf
|
|-ability|p2b: Blaziken|Speed Boost|boost
|-boost|p2b: Blaziken|spe|1
|upkeep
|turn|3
|
|t:|1784345253
|switch|p1a: Rhyperior|Rhyperior, L50, F|100/100
|move|p2a: Metagross|Protect|p2a: Metagross
|-singleturn|p2a: Metagross|Protect
|move|p2b: Blaziken|Protect|p2b: Blaziken
|-singleturn|p2b: Blaziken|Protect
|move|p1b: Farigiraf|Psychic|p2b: Blaziken
|-activate|p2b: Blaziken|move: Protect
|
|-ability|p2b: Blaziken|Speed Boost|boost
|-boost|p2b: Blaziken|spe|1
|upkeep
|turn|4
|inactive|dutchilles has 30 seconds left.
|
|t:|1784345285
|switch|p2b: Grimmsnarl|Grimmsnarl, L50, M|100/100
|move|p1a: Rhyperior|Earthquake|p2a: Metagross|[spread] p1b,p2a,p2b
|-supereffective|p2a: Metagross|1
|-damage|p1b: Farigiraf|0 fnt
|-damage|p2a: Metagross|5/100
|-damage|p2b: Grimmsnarl|49/100
|faint|p1b: Farigiraf
|-damage|p1a: Rhyperior|90/100|[from] item: Life Orb
|move|p2a: Metagross|Iron Head|p1a: Rhyperior
|-supereffective|p1a: Rhyperior|1
|-damage|p1a: Rhyperior|63/100
|
|upkeep
|
|t:|1784345296
|switch|p1b: Venusaur|Venusaur, L50, F|100/100
|turn|5
|
|t:|1784345309
|detailschange|p1b: Venusaur|Venusaur-Mega, L50, F
|-mega|p1b: Venusaur|Venusaur|Venusaurite
|move|p2a: Metagross|Protect|p2a: Metagross
|-singleturn|p2a: Metagross|Protect
|move|p2b: Grimmsnarl|Reflect|p2b: Grimmsnarl
|-sidestart|p2: dutchilles|Reflect
|move|p1a: Rhyperior|Rock Slide|p2a: Metagross|[spread] p2b
|-activate|p2a: Metagross|move: Protect
|-damage|p2b: Grimmsnarl|20/100y
|-damage|p1a: Rhyperior|53/100|[from] item: Life Orb
|move|p1b: Venusaur|Earth Power|p2b: Grimmsnarl
|-damage|p2b: Grimmsnarl|0 fnt
|faint|p2b: Grimmsnarl
|
|upkeep
|
|t:|1784345328
|switch|p2b: Blaziken|Blaziken, L50, M|100/100
|turn|6
|
|t:|1784345336
|switch|p1a: Incineroar|Incineroar, L50, F|30/100
|-ability|p1a: Incineroar|Intimidate|boost
|-unboost|p2a: Metagross|atk|1
|-unboost|p2b: Blaziken|atk|1
|move|p2b: Blaziken|Protect|p2b: Blaziken
|-singleturn|p2b: Blaziken|Protect
|move|p2a: Metagross|Protect|p2a: Metagross
|-singleturn|p2a: Metagross|Protect
|move|p1b: Venusaur|Earth Power|p2a: Metagross
|-activate|p2a: Metagross|move: Protect
|
|-fieldend|move: Trick Room
|-ability|p2b: Blaziken|Speed Boost|boost
|-boost|p2b: Blaziken|spe|1
|upkeep
|turn|7
|inactive|dutchilles has 30 seconds left.
|
|t:|1784345364
|move|p1a: Incineroar|Fake Out|p2b: Blaziken
|-damage|p2b: Blaziken|89/100
|move|p2a: Metagross|Bullet Punch|p1a: Incineroar
|-resisted|p1a: Incineroar|1
|-damage|p1a: Incineroar|24/100
|cant|p2b: Blaziken|flinch
|move|p1b: Venusaur|Earth Power|p2b: Blaziken
|-supereffective|p2b: Blaziken|1
|-damage|p2b: Blaziken|0 fnt
|faint|p2b: Blaziken
|
|upkeep
|
|t:|1784345374
|switch|p2b: Lucario|Lucario, L50, F|100/100
|turn|8
|
|t:|1784345390
|move|p2a: Metagross|Psychic Fangs|p1b: Venusaur
|-supereffective|p1b: Venusaur|1
|-damage|p1b: Venusaur|58/100
|move|p2b: Lucario|Aura Sphere|p1a: Incineroar
|-supereffective|p1a: Incineroar|1
|-damage|p1a: Incineroar|0 fnt
|faint|p1a: Incineroar
|move|p1b: Venusaur|Earth Power|p2b: Lucario
|-supereffective|p2b: Lucario|1
|-damage|p2b: Lucario|15/100
|
|upkeep
|
|t:|1784345397
|switch|p1a: Rhyperior|Rhyperior, L50, F|53/100
|turn|9
|
|t:|1784345407
|move|p2a: Metagross|Psychic Fangs|p1b: Venusaur
|-supereffective|p1b: Venusaur|1
|-damage|p1b: Venusaur|16/100
|move|p2b: Lucario|Aura Sphere|p1a: Rhyperior
|-supereffective|p1a: Rhyperior|1
|-crit|p1a: Rhyperior
|-damage|p1a: Rhyperior|0 fnt
|faint|p1a: Rhyperior
|move|p1b: Venusaur|Earth Power|p2a: Metagross
|-supereffective|p2a: Metagross|1
|-damage|p2a: Metagross|0 fnt
|faint|p2a: Metagross
|
|upkeep
|turn|10
|
|t:|1784345428
|move|p1b: Venusaur|Protect|p1b: Venusaur
|-singleturn|p1b: Venusaur|Protect
|move|p2b: Lucario|Aura Sphere|p1b: Venusaur
|-activate|p1b: Venusaur|move: Protect
|
|upkeep
|turn|11
|
|t:|1784345442
|move|p2b: Lucario|Aura Sphere|p1b: Venusaur
|-resisted|p1b: Venusaur|1
|-damage|p1b: Venusaur|0 fnt
|faint|p1b: Venusaur
|
|win|dutchilles
|c|☆Peppersalt1|damn
||Peppersalt1 is ready for game 3.
|inactive|dutchilles has 30 seconds to confirm battle start!
||dutchilles is ready for game 3.
|uhtml|next|Next: Game 3 of 3
