|j|☆gurted
|j|☆Goodusername69
|html|gurtedGoodusername69    
|uhtml|bestof|Game 1 of a best-of-3
|t:|1757179710
|gametype|doubles
|player|p1|gurted|giovanni|1034
|player|p2|Goodusername69|266|1039
|gen|9
|tier|[Gen 9] VGC 2025 Reg H (Bo3)
|rated|
|rule|Species Clause: Limit one of each Pokémon
|rule|Item Clause: Limit 1 of each item
|clearpoke
|poke|p1|Volcarona, L50, F|
|poke|p1|Electabuzz, L50, F|
|poke|p1|Annihilape, L50, F|
|poke|p1|Kingambit, L50, M|
|poke|p1|Dragonite, L50, M|
|poke|p1|Rillaboom, L50, F|
|poke|p2|Electabuzz, L50, F|
|poke|p2|Volcarona, L50, M|
|poke|p2|Kingambit, L50, F|
|poke|p2|Sneasler, L50, F|
|poke|p2|Rillaboom, L50, M|
|poke|p2|Dragonite, L50, M|
|teampreview|4
|showteam|p1|Volcarona||SitrusBerry|FlameBody|HeatWave,TeraBlast,QuiverDance,Protect|||F|||50|,,,,,Fairy]Electabuzz||Eviolite|VitalSpirit|Thunderbolt,Taunt,FollowMe,Protect|||F|||50|,,,,,Ghost]Annihilape|||Defiant|CloseCombat,RageFist,Coaching,Protect|||F|||50|,,,,,Fire]Kingambit||AssaultVest|Defiant|KowtowCleave,SuckerPunch,IronDefense,LowKick|||M|||50|,,,,,Ghost]Dragonite||LoadedDice|Multiscale|ScaleShot,Tailwind,Haze,Protect|||M|||50|,,,,,Fairy]Rillaboom||MiracleSeed|GrassySurge|GrassyGlide,HighHorsepower,KnockOff,Protect|||F|||50|,,,,,Fire
|showteam|p2|Electabuzz||Eviolite|VitalSpirit|Thunderbolt,Taunt,FollowMe,Protect|||F|||50|,,,,,Ghost]Volcarona||CovertCloak|FlameBody|HeatWave,TeraBlast,QuiverDance,Protect|||M|||50|,,,,,Fairy]Kingambit||BlackGlasses|Defiant|KowtowCleave,SuckerPunch,SwordsDance,Protect|||F|||50|,,,,,Dark]Sneasler||FocusSash|Unburden|CloseCombat,DireClaw,Protect,Coaching|||F|||50|,,,,,Stellar]Rillaboom||AssaultVest|GrassySurge|FakeOut,HighHorsepower,WoodHammer,GrassyGlide|||M|||50|,,,,,Fire]Dragonite||LoadedDice|Multiscale|ScaleShot,Haze,LowKick,Protect|||M|||50|,,,,,Fairy
|inactive|Battle timer is ON: inactive players will automatically lose when time's up. (requested by gurted)
|inactive|Goodusername69 has 60 seconds left.
|
|t:|1757179842
|teamsize|p1|4
|teamsize|p2|4
|start
|switch|p1a: Volcarona|Volcarona, L50, F|100/100
|switch|p1b: Electabuzz|Electabuzz, L50, F|100/100
|switch|p2a: Sundown|Volcarona, L50, M, shiny|100/100
|switch|p2b: Lightbulb|Electabuzz, L50, F, shiny|100/100
|turn|1
|inactive|Goodusername69 has 30 seconds left.
|
|t:|1757179870
|move|p2a: Sundown|Quiver Dance|p2a: Sundown
|-boost|p2a: Sundown|spa|1
|-boost|p2a: Sundown|spd|1
|-boost|p2a: Sundown|spe|1
|move|p1a: Volcarona|Quiver Dance|p1a: Volcarona
|-boost|p1a: Volcarona|spa|1
|-boost|p1a: Volcarona|spd|1
|-boost|p1a: Volcarona|spe|1
|move|p2b: Lightbulb|Taunt|p1b: Electabuzz
|-start|p1b: Electabuzz|move: Taunt
|cant|p1b: Electabuzz|move: Taunt|Taunt
|
|upkeep
|turn|2
|inactive|gurted has 30 seconds left.
|
|t:|1757179898
|switch|p1b: Dragonite|Dragonite, L50, M|100/100
|move|p2a: Sundown|Quiver Dance|p2a: Sundown
|-boost|p2a: Sundown|spa|1
|-boost|p2a: Sundown|spd|1
|-boost|p2a: Sundown|spe|1
|move|p1a: Volcarona|Quiver Dance|p1a: Volcarona
|-boost|p1a: Volcarona|spa|1
|-boost|p1a: Volcarona|spd|1
|-boost|p1a: Volcarona|spe|1
|move|p2b: Lightbulb|Taunt|p1a: Volcarona
|-start|p1a: Volcarona|move: Taunt
|
|upkeep
|turn|3
|inactive|Goodusername69 has 30 seconds left.
|inactive|Goodusername69 has 20 seconds left.
|inactive|Goodusername69 has 15 seconds left.
|
|t:|1757179943
|-terastallize|p2a: Sundown|Fairy
|move|p1b: Dragonite|Protect|p1b: Dragonite
|-singleturn|p1b: Dragonite|Protect
|move|p2a: Sundown|Quiver Dance|p2a: Sundown
|-boost|p2a: Sundown|spa|1
|-boost|p2a: Sundown|spd|1
|-boost|p2a: Sundown|spe|1
|move|p1a: Volcarona|Heat Wave|p2a: Sundown|[spread] p2a,p2b
|-damage|p2a: Sundown|76/100
|-damage|p2b: Lightbulb|42/100
|move|p2b: Lightbulb|Taunt|p1b: Dragonite
|-activate|p1b: Dragonite|move: Protect
|
|upkeep
|turn|4
|
|t:|1757179964
|switch|p1b: Electabuzz|Electabuzz, L50, F|100/100
|move|p2a: Sundown|Tera Blast|p1b: Electabuzz|[anim] Tera Blast Fairy
|-damage|p1b: Electabuzz|18/100
|move|p1a: Volcarona|Heat Wave|p2a: Sundown|[spread] p2a,p2b
|-damage|p2a: Sundown|48/100
|-damage|p2b: Lightbulb|0 fnt
|faint|p2b: Lightbulb
|
|upkeep
|
|t:|1757179975
|switch|p2b: Bob the Janitor|Rillaboom, L50, M|100/100
|-fieldstart|move: Grassy Terrain|[from] ability: Grassy Surge|[of] p2b: Bob the Janitor
|turn|5
|
|t:|1757179989
|move|p2b: Bob the Janitor|Fake Out|p1a: Volcarona
|-damage|p1a: Volcarona|86/100
|move|p1b: Electabuzz|Follow Me|p1b: Electabuzz
|-singleturn|p1b: Electabuzz|move: Follow Me
|move|p2a: Sundown|Quiver Dance|p2a: Sundown
|-boost|p2a: Sundown|spa|1
|-boost|p2a: Sundown|spd|1
|-boost|p2a: Sundown|spe|1
|cant|p1a: Volcarona|flinch
|
|-heal|p2a: Sundown|54/100|[from] Grassy Terrain
|-heal|p1a: Volcarona|92/100|[from] Grassy Terrain
|-heal|p1b: Electabuzz|24/100|[from] Grassy Terrain
|-end|p1a: Volcarona|move: Taunt
|upkeep
|turn|6
|
|t:|1757180005
|switch|p2b: Vaggie|Sneasler, L50, F|100/100
|move|p2a: Sundown|Heat Wave|p1b: Electabuzz|[spread] p1a,p1b
|-crit|p1a: Volcarona
|-damage|p1a: Volcarona|0 fnt
|-damage|p1b: Electabuzz|0 fnt
|faint|p1a: Volcarona
|faint|p1b: Electabuzz
|
|-heal|p2a: Sundown|60/100|[from] Grassy Terrain
|upkeep
|-message|gurted forfeited.
|
|win|Goodusername69
|l|☆gurted
|player|p1|
||gurted is ready for game 2.
||Goodusername69 is ready for game 2.
|uhtml|next|Next: Game 2 of 3
