|j|☆sampsonwildbeast
|j|☆desbrozadorasGoian
|html|sampsonwildbeastdesbrozadorasGoian    
|uhtml|bestof|Game 1 of a best-of-3
|t:|1785677098
|gametype|doubles
|player|p1|sampsonwildbeast|170|1069
|player|p2|desbrozadorasGoian|wattson|1073
|gen|9
|tier|[Gen 9 Champions] VGC 2026 Reg M-B (Bo3)
|rated|
|rule|Species Clause: Limit one of each Pokémon
|rule|Item Clause: Limit 1 of each item
|clearpoke
|poke|p1|Gengar, L50, M|
|poke|p1|Incineroar, L50, M|
|poke|p1|Politoed, L50, F|
|poke|p1|Meganium, L50, M|
|poke|p1|Basculegion, L50, M|
|poke|p1|Kangaskhan, L50, F|
|poke|p2|Goodra-Hisui, L50, M|
|poke|p2|Espathra, L50, M|
|poke|p2|Scovillain, L50, M|
|poke|p2|Pelipper, L50, F|
|poke|p2|Garchomp, L50, F|
|poke|p2|Sinistcha, L50|
|teampreview|4
|showteam|p1|Gengar||Gengarite|CursedBody|Protect,PerishSong,ShadowBall,SludgeBomb|Timid||M|||50|]Incineroar||SitrusBerry|Intimidate|FakeOut,Protect,PartingShot,FlareBlitz|Careful||M|||50|]Politoed||DampRock|Drizzle|PerishSong,Protect,IceBeam,WeatherBall|Calm||F|||50|]Meganium||Meganiumite|Overgrow|Protect,DazzlingGleam,WeatherBall,SolarBeam|Timid||M|||50|]Basculegion||LifeOrb|SwiftSwim|Protect,LastRespects,AquaJet,Liquidation|Adamant||M|||50|]Kangaskhan||SilkScarf|Scrappy|FakeOut,LastResort|Jolly||F|||50|
|showteam|p2|Goodra-Hisui||Leftovers|ShellArmor|MuddyWater,FlashCannon,Shelter,Protect|Bold||M|||50|]Espathra||FocusSash|SpeedBoost|LuminaCrash,CalmMind,BatonPass,Protect|Timid||M|||50|]Scovillain||Scovillainite|Moody|Protect,RagePowder,LeechSeed,Overheat|Calm||M|||50|]Pelipper||SitrusBerry|Drizzle|Hurricane,WeatherBall,Tailwind,WideGuard|Modest||F|||50|]Garchomp||LifeOrb|RoughSkin|DragonClaw,RockTomb,Earthquake,Protect|Jolly||F|||50|]Sinistcha||ColburBerry|Hospitality|MatchaGotcha,RagePowder,LifeDew,Protect|Relaxed|||||50|
|inactive|Battle timer is ON: inactive players will automatically lose when time's up. (requested by desbrozadorasGoian)
|inactive|desbrozadorasGoian has 60 seconds left.
|
|t:|1785677143
|teamsize|p1|4
|teamsize|p2|4
|start
|switch|p1a: Gengar|Gengar, L50, M|100/100
|switch|p1b: Incineroar|Incineroar, L50, M|100/100
|switch|p2a: Garchomp|Garchomp, L50, F|100/100
|switch|p2b: Pelipper|Pelipper, L50, F|100/100
|-weather|RainDance|[from] ability: Drizzle|[of] p2b: Pelipper
|-ability|p1b: Incineroar|Intimidate|boost
|-unboost|p2a: Garchomp|atk|1
|-unboost|p2b: Pelipper|atk|1
|turn|1
|
|t:|1785677156
|switch|p2a: Sinistcha|Sinistcha, L50|100/100
|detailschange|p1a: Gengar|Gengar-Mega, L50, M
|-mega|p1a: Gengar|Gengar|Gengarite
|move|p1b: Incineroar|Fake Out|p2a: Sinistcha
|-immune|p2a: Sinistcha
|move|p1a: Gengar|Perish Song|p1a: Gengar
|-start|p1a: Gengar|perish3|[silent]
|-start|p1b: Incineroar|perish3|[silent]
|-start|p2a: Sinistcha|perish3|[silent]
|-start|p2b: Pelipper|perish3|[silent]
|-fieldactivate|move: Perish Song
|move|p2b: Pelipper|Weather Ball|p1b: Incineroar
|-supereffective|p1b: Incineroar|1
|-damage|p1b: Incineroar|18/100
|-enditem|p1b: Incineroar|Sitrus Berry|[eat]
|-heal|p1b: Incineroar|43/100|[from] item: Sitrus Berry
|
|-weather|RainDance|[upkeep]
|-start|p1a: Gengar|perish3
|-start|p2b: Pelipper|perish3
|-start|p2a: Sinistcha|perish3
|-start|p1b: Incineroar|perish3
|upkeep
|turn|2
|inactive|sampsonwildbeast has 30 seconds left.
|inactive|sampsonwildbeast has 20 seconds left.
|
|t:|1785677192
|switch|p2a: Garchomp|Garchomp, L50, F|100/100
|move|p1b: Incineroar|Protect|p1b: Incineroar
|-singleturn|p1b: Incineroar|Protect
|move|p1a: Gengar|Shadow Ball|p2a: Garchomp
|-damage|p2a: Garchomp|43/100
|move|p2b: Pelipper|Hurricane|p1a: Gengar
|-damage|p1a: Gengar|37/100
|
|-weather|RainDance|[upkeep]
|-start|p1a: Gengar|perish2
|-start|p2b: Pelipper|perish2
|-start|p1b: Incineroar|perish2
|upkeep
|turn|3
|inactive|sampsonwildbeast has 30 seconds left.
|
|t:|1785677222
|switch|p1a: Politoed|Politoed, L50, F|100/100
|move|p2a: Garchomp|Protect|p2a: Garchomp
|-singleturn|p2a: Garchomp|Protect
|move|p2b: Pelipper|Tailwind|p2b: Pelipper
|-sidestart|p2: desbrozadorasGoian|move: Tailwind
|move|p1b: Incineroar|Parting Shot|p2a: Garchomp
|-activate|p2a: Garchomp|move: Protect
|
|-weather|RainDance|[upkeep]
|-start|p2b: Pelipper|perish1
|-start|p1b: Incineroar|perish1
|upkeep
|turn|4
|
|t:|1785677242
|switch|p1b: Basculegion|Basculegion, L50, M|100/100
|move|p2a: Garchomp|Earthquake|p1a: Politoed|[spread] p1a,p1b
|-immune|p2b: Pelipper
|-damage|p1a: Politoed|44/100
|-damage|p1b: Basculegion|36/100
|-damage|p2a: Garchomp|33/100|[from] item: Life Orb
|move|p2b: Pelipper|Hurricane|p1a: Politoed
|-damage|p1a: Politoed|18/100
|move|p1a: Politoed|Ice Beam|p2a: Garchomp
|-supereffective|p2a: Garchomp|2
|-damage|p2a: Garchomp|0 fnt
|faint|p2a: Garchomp
|
|-weather|RainDance|[upkeep]
|-start|p2b: Pelipper|perish0
|faint|p2b: Pelipper
|upkeep
|
|t:|1785677257
|switch|p2a: Espathra|Espathra, L50, M|100/100
|switch|p2b: Sinistcha|Sinistcha, L50|100/100
|turn|5
|
|t:|1785677266
|move|p2a: Espathra|Lumina Crash|p1b: Basculegion
|-damage|p1b: Basculegion|0 fnt
|faint|p1b: Basculegion
|move|p2b: Sinistcha|Matcha Gotcha|p1a: Politoed
|-supereffective|p1a: Politoed|1
|-damage|p1a: Politoed|0 fnt
|faint|p1a: Politoed
|
|-weather|none
|-ability|p2a: Espathra|Speed Boost|boost
|-boost|p2a: Espathra|spe|1
|upkeep
|
|t:|1785677278
|switch|p1b: Incineroar|Incineroar, L50, M|43/100
|switch|p1a: Gengar|Gengar-Mega, L50, M|37/100
|-ability|p1b: Incineroar|Intimidate|boost
|-unboost|p2a: Espathra|atk|1
|-unboost|p2b: Sinistcha|atk|1
|turn|6
|
|t:|1785677291
|move|p2a: Espathra|Protect|p2a: Espathra
|-singleturn|p2a: Espathra|Protect
|move|p2b: Sinistcha|Protect|p2b: Sinistcha
|-singleturn|p2b: Sinistcha|Protect
|move|p1b: Incineroar|Fake Out|p2a: Espathra
|-activate|p2a: Espathra|move: Protect
|move|p1a: Gengar|Shadow Ball|p2a: Espathra
|-activate|p2a: Espathra|move: Protect
|
|-sideend|p2: desbrozadorasGoian|move: Tailwind
|-ability|p2a: Espathra|Speed Boost|boost
|-boost|p2a: Espathra|spe|1
|upkeep
|turn|7
|
|t:|1785677309
|move|p1a: Gengar|Protect|p1a: Gengar
|-singleturn|p1a: Gengar|Protect
|move|p2b: Sinistcha|Rage Powder|p2b: Sinistcha
|-singleturn|p2b: Sinistcha|move: Rage Powder
|move|p2a: Espathra|Lumina Crash|p1a: Gengar
|-activate|p1a: Gengar|move: Protect
|move|p1b: Incineroar|Flare Blitz|p2b: Sinistcha
|-supereffective|p2b: Sinistcha|1
|-damage|p2b: Sinistcha|20/100y
|-damage|p1b: Incineroar|20/100y|[from] Recoil
|
|-ability|p2a: Espathra|Speed Boost|boost
|-boost|p2a: Espathra|spe|1
|upkeep
|turn|8
|
|t:|1785677324
|move|p2a: Espathra|Lumina Crash|p1a: Gengar
|-supereffective|p1a: Gengar|1
|-damage|p1a: Gengar|0 fnt
|faint|p1a: Gengar
|move|p2b: Sinistcha|Matcha Gotcha|p1b: Incineroar
|-resisted|p1b: Incineroar|1
|-damage|p1b: Incineroar|8/100
|-heal|p2b: Sinistcha|27/100|[from] drain|[of] p1b: Incineroar
|move|p1b: Incineroar|Flare Blitz|p2b: Sinistcha
|-supereffective|p2b: Sinistcha|1
|-damage|p2b: Sinistcha|0 fnt
|faint|p2b: Sinistcha
|-damage|p1b: Incineroar|1/100|[from] Recoil
|
|-ability|p2a: Espathra|Speed Boost|boost
|-boost|p2a: Espathra|spe|1
|upkeep
|turn|9
|
|t:|1785677344
|move|p2a: Espathra|Calm Mind|p2a: Espathra
|-boost|p2a: Espathra|spa|1
|-boost|p2a: Espathra|spd|1
|move|p1b: Incineroar|Parting Shot|p2a: Espathra
|-unboost|p2a: Espathra|atk|1
|-unboost|p2a: Espathra|spa|1
|
|-ability|p2a: Espathra|Speed Boost|boost
|-boost|p2a: Espathra|spe|1
|upkeep
|turn|10
|
|t:|1785677353
|move|p2a: Espathra|Calm Mind|p2a: Espathra
|-boost|p2a: Espathra|spa|1
|-boost|p2a: Espathra|spd|1
|move|p1b: Incineroar|Flare Blitz|p2a: Espathra
|-damage|p2a: Espathra|20/100y
|-damage|p1b: Incineroar|0 fnt|[from] Recoil
|faint|p1b: Incineroar
|
|win|desbrozadorasGoian
