|j|☆tooon
|j|☆satandagiii2005
|html|tooonsatandagiii2005    
|uhtml|bestof|Game 2 of a best-of-3
|t:|1784227231
|gametype|doubles
|player|p1|tooon|gambler|1140
|player|p2|satandagiii2005|byron|1199
|gen|9
|tier|[Gen 9 Champions] VGC 2026 Reg M-B (Bo3)
|rated|
|rule|Species Clause: Limit one of each Pokémon
|rule|Item Clause: Limit 1 of each item
|clearpoke
|poke|p1|Tyranitar, L50, F|
|poke|p1|Excadrill, L50, M|
|poke|p1|Staraptor, L50, M|
|poke|p1|Sinistcha, L50|
|poke|p1|Milotic, L50, M|
|poke|p1|Gholdengo, L50|
|poke|p2|Venusaur, L50, F|
|poke|p2|Grimmsnarl, L50, M|
|poke|p2|Pelipper, L50, F|
|poke|p2|Archaludon, L50, M|
|poke|p2|Swampert, L50, M|
|poke|p2|Hydreigon, L50, F|
|teampreview|4
|showteam|p1|Tyranitar||Tyranitarite|SandStream|RockSlide,KnockOff,HighHorsepower,Protect|Jolly||F|||50|]Excadrill||FocusSash|SandRush|IronHead,HighHorsepower,RockSlide,Protect|Jolly||M|||50|]Staraptor||Staraptite|Intimidate|CloseCombat,BraveBird,Tailwind,Protect|Jolly||M|||50|]Sinistcha||ColburBerry|Hospitality|MatchaGotcha,ShadowBall,RagePowder,Protect|Bold|||||50|]Milotic||SitrusBerry|Competitive|Scald,IcyWind,Haze,Protect|Calm||M|||50|]Gholdengo||LifeOrb|GoodasGold|MakeItRain,ShadowBall,NastyPlot,Protect|Modest|||||50|
|showteam|p2|Venusaur||Venusaurite|Overgrow|Protect,EarthPower,GigaDrain,SludgeBomb|Modest||F|||50|]Grimmsnarl||LightClay|Prankster|SpiritBreak,Reflect,LightScreen,PartingShot|Careful||M|||50|]Pelipper||SitrusBerry|Drizzle|WeatherBall,Hurricane,Tailwind,WideGuard|Modest||F|||50|]Archaludon||Leftovers|Stamina|Protect,ElectroShot,DragonPulse,FlashCannon|Calm||M|||50|]Swampert||Swampertite|Torrent|Protect,WaveCrash,Earthquake,IcePunch|Adamant||M|||50|]Hydreigon||ChoiceScarf|Levitate|DarkPulse,Snarl,DracoMeteor,Uturn|Timid||F|||50|
|
|t:|1784227241
|teamsize|p1|4
|teamsize|p2|4
|start
|switch|p1a: Sinistcha|Sinistcha, L50|100/100
|switch|p1b: Gholdengo|Gholdengo, L50|100/100
|switch|p2a: Venusaur|Venusaur, L50, F|100/100
|switch|p2b: Grimmsnarl|Grimmsnarl, L50, M|100/100
|turn|1
|inactive|Battle timer is ON: inactive players will automatically lose when time's up. (requested by satandagiii2005)
|
|t:|1784227251
|detailschange|p2a: Venusaur|Venusaur-Mega, L50, F
|-mega|p2a: Venusaur|Venusaur|Venusaurite
|move|p1a: Sinistcha|Rage Powder|p1a: Sinistcha
|-singleturn|p1a: Sinistcha|move: Rage Powder
|move|p2b: Grimmsnarl|Light Screen|p2b: Grimmsnarl
|-sidestart|p2: satandagiii2005|move: Light Screen
|move|p1b: Gholdengo|Nasty Plot|p1b: Gholdengo
|-boost|p1b: Gholdengo|spa|2
|move|p2a: Venusaur|Sludge Bomb|p1a: Sinistcha
|-damage|p1a: Sinistcha|53/100
|
|upkeep
|turn|2
|inactive|satandagiii2005 has 30 seconds left.
|inactive|satandagiii2005 has 20 seconds left.
|
|t:|1784227287
|switch|p1a: Tyranitar|Tyranitar, L50, F|100/100
|-weather|Sandstorm|[from] ability: Sand Stream|[of] p1a: Tyranitar
|move|p2b: Grimmsnarl|Parting Shot|p1a: Tyranitar
|-hint|Since gen 7, Dark is immune to Prankster moves.
|-immune|p1a: Tyranitar
|move|p1b: Gholdengo|Make It Rain|p2a: Venusaur|[spread] p2a,p2b
|-crit|p2a: Venusaur
|-supereffective|p2b: Grimmsnarl|1
|-damage|p2a: Venusaur|0 fnt
|-damage|p2b: Grimmsnarl|0 fnt
|-unboost|p1b: Gholdengo|spa|2
|faint|p2a: Venusaur
|faint|p2b: Grimmsnarl
|-damage|p1b: Gholdengo|90/100|[from] item: Life Orb
|
|-weather|Sandstorm|[upkeep]
|upkeep
|
|t:|1784227302
|switch|p2a: Pelipper|Pelipper, L50, F|100/100
|switch|p2b: Archaludon|Archaludon, L50, M|100/100
|-weather|RainDance|[from] ability: Drizzle|[of] p2a: Pelipper
|turn|3
|
|t:|1784227312
|switch|p1a: Sinistcha|Sinistcha, L50|53/100
|-heal|p1b: Gholdengo|100/100|[from] ability: Hospitality|[of] p1a: Sinistcha
|move|p1b: Gholdengo|Protect|p1b: Gholdengo
|-singleturn|p1b: Gholdengo|Protect
|move|p2b: Archaludon|Electro Shot||[still]
|-prepare|p2b: Archaludon|Electro Shot
|-boost|p2b: Archaludon|spa|1
|-anim|p2b: Archaludon|Electro Shot|p1b: Gholdengo
|-activate|p1b: Gholdengo|move: Protect
|move|p2a: Pelipper|Weather Ball|p1b: Gholdengo
|-activate|p1b: Gholdengo|move: Protect
|
|-weather|RainDance|[upkeep]
|upkeep
|turn|4
|
|t:|1784227328
|switch|p1a: Tyranitar|Tyranitar, L50, F|100/100
|-weather|Sandstorm|[from] ability: Sand Stream|[of] p1a: Tyranitar
|move|p1b: Gholdengo|Nasty Plot|p1b: Gholdengo
|-boost|p1b: Gholdengo|spa|2
|move|p2b: Archaludon|Electro Shot||[still]
|-prepare|p2b: Archaludon|Electro Shot
|-boost|p2b: Archaludon|spa|1
|move|p2a: Pelipper|Tailwind|p2a: Pelipper
|-sidestart|p2: satandagiii2005|move: Tailwind
|
|-weather|Sandstorm|[upkeep]
|-damage|p2a: Pelipper|93/100|[from] Sandstorm
|upkeep
|turn|5
|inactive|tooon has 30 seconds left.
|inactive|tooon has 20 seconds left.
|
|t:|1784227365
|move|p2a: Pelipper|Wide Guard|p2a: Pelipper
|-singleturn|p2a: Pelipper|Wide Guard
|move|p2b: Archaludon|Electro Shot|p1b: Gholdengo|[from] lockedmove
|-damage|p1b: Gholdengo|32/100
|move|p1a: Tyranitar|High Horsepower|p2b: Archaludon
|-supereffective|p2b: Archaludon|1
|-crit|p2b: Archaludon
|-damage|p2b: Archaludon|34/100
|-ability|p2b: Archaludon|Stamina|boost
|-boost|p2b: Archaludon|def|1
|move|p1b: Gholdengo|Shadow Ball|p2b: Archaludon
|-damage|p2b: Archaludon|0 fnt
|faint|p2b: Archaludon
|-damage|p1b: Gholdengo|23/100|[from] item: Life Orb
|
|-weather|Sandstorm|[upkeep]
|-damage|p2a: Pelipper|87/100|[from] Sandstorm
|upkeep
|turn|6
|-message|satandagiii2005 forfeited.
|
|win|tooon
|raw|tooon's rating: 1140 → 1169(+29 for winning)
|raw|satandagiii2005's rating: 1199 → 1170(-29 for losing)
|l|☆satandagiii2005
|player|p2|
