|j|☆marcosdeltasena31
|j|☆Onir the magician
|html|marcosdeltasena31Onir the magician    
|uhtml|bestof|Game 1 of a best-of-3
|t:|1757112406
|gametype|doubles
|player|p1|marcosdeltasena31|hilbert|1341
|player|p2|Onir the magician|brycenman|1249
|gen|9
|tier|[Gen 9] VGC 2025 Reg H (Bo3)
|rated|
|rule|Species Clause: Limit one of each Pokémon
|rule|Item Clause: Limit 1 of each item
|clearpoke
|poke|p1|Dragonite, L50, F|
|poke|p1|Sneasler, L50, F|
|poke|p1|Volcarona, L50, F|
|poke|p1|Rillaboom, L50, M|
|poke|p1|Kingambit, L50, F|
|poke|p1|Electabuzz, L50, F|
|poke|p2|Dragonite, L50, M|
|poke|p2|Ursaluna-Bloodmoon, L50, M|
|poke|p2|Gholdengo, L50|
|poke|p2|Amoonguss, L50, F|
|poke|p2|Sneasler, L50, M|
|poke|p2|Incineroar, L50, M|
|teampreview|4
|showteam|p1|Dragonite||LoadedDice|Multiscale|ScaleShot,ExtremeSpeed,Haze,Protect|||F|||50|,,,,,Fairy]Sneasler||FocusSash|PoisonTouch|DireClaw,CloseCombat,FakeOut,Coaching|||F|||50|,,,,,Ghost]Volcarona||CovertCloak|FlameBody|HeatWave,TeraBlast,QuiverDance,Protect|||F|||50|,,,,,Fairy]Rillaboom||AssaultVest|GrassySurge|WoodHammer,FakeOut,GrassyGlide,HighHorsepower|||M|||50|,,,,,Fire]Kingambit||BlackGlasses|Defiant|KowtowCleave,SwordsDance,SuckerPunch,Protect|||F|||50|,,,,,Dark]Electabuzz||Eviolite|VitalSpirit|Thunderbolt,FollowMe,Taunt,Protect|||F|||50|,,,,,Ghost
|showteam|p2|Dragonite||LoadedDice|Multiscale|ScaleShot,Tailwind,Haze,Protect|||M|||50|,,,,,Fairy]Ursaluna-Bloodmoon||AssaultVest|MindsEye|BloodMoon,EarthPower,VacuumWave,HyperVoice|||M|||50|,,,,,Water]Gholdengo||LifeOrb|GoodasGold|Protect,MakeItRain,ShadowBall,NastyPlot||||||50|,,,,,Water]Amoonguss||SitrusBerry|Regenerator|RagePowder,Spore,PollenPuff,Protect|||F|||50|,,,,,Psychic]Sneasler||FocusSash|Unburden|Protect,DireClaw,CloseCombat,ThroatChop|||M|||50|,,,,,Stellar]Incineroar||SafetyGoggles|Intimidate|KnockOff,PartingShot,FlareBlitz,FakeOut|||M|||50|,,,,,Ghost
|
|t:|1757112449
|teamsize|p1|4
|teamsize|p2|4
|start
|switch|p1a: Dragonite|Dragonite, L50, F|100/100
|switch|p1b: Sneasler|Sneasler, L50, F|100/100
|switch|p2a: Golden Wind|Dragonite, L50, M|100/100
|switch|p2b: 8|Sneasler, L50, M|100/100
|turn|1
|
|t:|1757112474
|switch|p2b: Luffy|Incineroar, L50, M|100/100
|-ability|p2b: Luffy|Intimidate|boost
|-unboost|p1a: Dragonite|atk|1
|-unboost|p1b: Sneasler|atk|1
|move|p1b: Sneasler|Fake Out|p2a: Golden Wind
|-damage|p2a: Golden Wind|94/100
|-status|p2a: Golden Wind|psn|[from] ability: Poison Touch|[of] p1b: Sneasler
|cant|p2a: Golden Wind|flinch
|move|p1a: Dragonite|Scale Shot|p2b: Luffy
|-damage|p2b: Luffy|90/100
|-damage|p2b: Luffy|80/100
|-damage|p2b: Luffy|70/100
|-damage|p2b: Luffy|61/100
|-damage|p2b: Luffy|51/100
|-hitcount|p2b: Luffy|5
|-unboost|p1a: Dragonite|def|1
|-boost|p1a: Dragonite|spe|1
|
|-damage|p2a: Golden Wind|82/100 psn|[from] psn
|upkeep
|turn|2
|
|t:|1757112490
|switch|p1b: Electabuzz|Electabuzz, L50, F|100/100
|move|p1a: Dragonite|Protect|p1a: Dragonite
|-singleturn|p1a: Dragonite|Protect
|move|p2b: Luffy|Fake Out|p1a: Dragonite
|-activate|p1a: Dragonite|move: Protect
|move|p2a: Golden Wind|Scale Shot|p1b: Electabuzz
|-damage|p1b: Electabuzz|89/100
|-damage|p1b: Electabuzz|78/100
|-damage|p1b: Electabuzz|66/100
|-damage|p1b: Electabuzz|55/100
|-damage|p1b: Electabuzz|43/100
|-hitcount|p1b: Electabuzz|5
|-unboost|p2a: Golden Wind|def|1
|-boost|p2a: Golden Wind|spe|1
|
|-damage|p2a: Golden Wind|70/100 psn|[from] psn
|upkeep
|turn|3
|
|t:|1757112507
|-terastallize|p2a: Golden Wind|Fairy
|move|p1b: Electabuzz|Follow Me|p1b: Electabuzz
|-singleturn|p1b: Electabuzz|move: Follow Me
|move|p2a: Golden Wind|Scale Shot|p1b: Electabuzz
|-damage|p1b: Electabuzz|31/100
|-damage|p1b: Electabuzz|20/100
|-damage|p1b: Electabuzz|9/100
|-crit|p1b: Electabuzz
|-damage|p1b: Electabuzz|0 fnt
|faint|p1b: Electabuzz
|-hitcount|p1: Electabuzz|4
|-unboost|p2a: Golden Wind|def|1
|-boost|p2a: Golden Wind|spe|1
|move|p1a: Dragonite|Scale Shot|p2b: Luffy
|-damage|p2b: Luffy|42/100
|-damage|p2b: Luffy|32/100
|-damage|p2b: Luffy|21/100
|-damage|p2b: Luffy|11/100
|-damage|p2b: Luffy|2/100
|-hitcount|p2b: Luffy|5
|-unboost|p1a: Dragonite|def|1
|-boost|p1a: Dragonite|spe|1
|move|p2b: Luffy|Knock Off|p1a: Dragonite
|-damage|p1a: Dragonite|56/100
|-enditem|p1a: Dragonite|Loaded Dice|[from] move: Knock Off|[of] p2b: Luffy
|
|-damage|p2a: Golden Wind|58/100 psn|[from] psn
|upkeep
|
|t:|1757112519
|switch|p1b: Kingambit|Kingambit, L50, F|100/100
|turn|4
|
|t:|1757112543
|-terastallize|p1b: Kingambit|Dark
|move|p1b: Kingambit|Sucker Punch|p2a: Golden Wind
|-resisted|p2a: Golden Wind
|-damage|p2a: Golden Wind|0 fnt
|faint|p2a: Golden Wind
|move|p1a: Dragonite|Scale Shot|p2b: Luffy
|-damage|p2b: Luffy|0 fnt
|faint|p2b: Luffy
|-hitcount|p2: Luffy|1
|-unboost|p1a: Dragonite|def|1
|-boost|p1a: Dragonite|spe|1
|
|upkeep
|
|t:|1757112548
|switch|p2a: 8|Sneasler, L50, M|100/100
|switch|p2b: Tony|Ursaluna-Bloodmoon, L50, M|100/100
|turn|5
|
|t:|1757112572
|move|p1a: Dragonite|Protect|p1a: Dragonite
|-singleturn|p1a: Dragonite|Protect
|move|p1b: Kingambit|Protect|p1b: Kingambit
|-singleturn|p1b: Kingambit|Protect
|move|p2b: Tony|Vacuum Wave|p1b: Kingambit
|-activate|p1b: Kingambit|move: Protect
|move|p2a: 8|Close Combat|p1b: Kingambit
|-activate|p1b: Kingambit|move: Protect
|
|upkeep
|turn|6
|
|t:|1757112585
|move|p2b: Tony|Vacuum Wave|p1b: Kingambit
|-supereffective|p1b: Kingambit
|-damage|p1b: Kingambit|72/100
|move|p1b: Kingambit|Sucker Punch|p2a: 8
|-resisted|p2a: 8
|-damage|p2a: 8|41/100
|move|p1a: Dragonite|Scale Shot|p2a: 8
|-damage|p2a: 8|23/100
|-damage|p2a: 8|5/100
|-hitcount|p2a: 8|2
|-unboost|p1a: Dragonite|def|1
|-boost|p1a: Dragonite|spe|1
|move|p2a: 8|Close Combat|p1b: Kingambit
|-supereffective|p1b: Kingambit
|-damage|p1b: Kingambit|0 fnt
|-unboost|p2a: 8|def|1
|-unboost|p2a: 8|spd|1
|faint|p1b: Kingambit
|
|upkeep
|
|t:|1757112596
|switch|p1b: Sneasler|Sneasler, L50, F|100/100
|turn|7
|
|t:|1757112626
|move|p1a: Dragonite|Scale Shot|p2b: Tony
|-damage|p2b: Tony|93/100
|-damage|p2b: Tony|85/100
|-damage|p2b: Tony|78/100
|-hitcount|p2b: Tony|3
|-unboost|p1a: Dragonite|def|1
|-boost|p1a: Dragonite|spe|1
|move|p1b: Sneasler|Close Combat|p2b: Tony
|-supereffective|p2b: Tony
|-damage|p2b: Tony|0 fnt
|-unboost|p1b: Sneasler|def|1
|-unboost|p1b: Sneasler|spd|1
|faint|p2b: Tony
|move|p2a: 8|Dire Claw|p1b: Sneasler
|-resisted|p1b: Sneasler
|-damage|p1b: Sneasler|50/100
|
|upkeep
|turn|8
|
|t:|1757112642
|move|p1a: Dragonite|Extreme Speed|p2a: 8
|-damage|p2a: 8|0 fnt
|faint|p2a: 8
|
|win|marcosdeltasena31
||Onir the magician is ready for game 2.
