|j|☆Fr0z3nFl4M3
|j|☆joyfulwizard
|html|Fr0z3nFl4M3joyfulwizard    
|uhtml|bestof|Game 1 of a best-of-3
|t:|1782300290
|gametype|doubles
|player|p1|Fr0z3nFl4M3|170|1062
|player|p2|joyfulwizard|266|1117
|gen|9
|tier|[Gen 9 Champions] VGC 2026 Reg M-B (Bo3)
|rated|
|rule|Species Clause: Limit one of each Pokémon
|rule|Item Clause: Limit 1 of each item
|clearpoke
|poke|p1|Greninja, L50, M|
|poke|p1|Incineroar, L50, M|
|poke|p1|Sneasler, L50, M|
|poke|p1|Ninetales-Alola, L50, M|
|poke|p1|Scizor, L50, F|
|poke|p1|Garchomp, L50, F|
|poke|p2|Politoed, L50, M|
|poke|p2|Gengar, L50, F, shiny|
|poke|p2|Sinistcha, L50|
|poke|p2|Incineroar, L50, M|
|poke|p2|Scrafty, L50, F|
|poke|p2|Floette-Eternal, L50, F|
|teampreview|4
|showteam|p1|Greninja||Greninjite|Protean|Blizzard,WaterShuriken,DarkPulse,Protect|Timid||M|||50|]Incineroar||SitrusBerry|Intimidate|FlareBlitz,ThroatChop,FakeOut,PartingShot|Adamant||M|||50|]Sneasler||WhiteHerb|Unburden|DireClaw,CloseCombat,RockTomb,Protect|Naughty||M|||50|]Ninetales-Alola||FocusSash|SnowWarning|Blizzard,AuroraVeil,Moonblast,FreezeDry|Mild||M|||50|]Scizor||Scizorite|Technician|Protect,BulletPunch,BugBite,SwordsDance|Naughty||F|||50|]Garchomp||ChoiceScarf|RoughSkin|StompingTantrum,RockSlide,DragonClaw,Earthquake|Lonely||F|||50|
|showteam|p2|Politoed||SitrusBerry|Drizzle|Protect,WeatherBall,IcyWind,Encore|Modest||M|||50|]Gengar||Gengarite|CursedBody|PerishSong,ShadowBall,Disable,Protect|Timid||F|||50|]Sinistcha||KasibBerry|Hospitality|MatchaGotcha,TrickRoom,RagePowder,Protect|Modest|||||50|]Incineroar||PasshoBerry|Intimidate|Protect,FakeOut,PartingShot,DarkestLariat|Careful||M|||50|]Scrafty||FocusSash|Intimidate|Protect,FakeOut,KnockOff,CloseCombat|Adamant||F|||50|]Floette-Eternal||Floettite|FlowerVeil|Protect,DrainingKiss,CalmMind,DazzlingGleam|Modest||F|||50|
|
|t:|1782300368
|teamsize|p1|4
|teamsize|p2|4
|start
|switch|p1a: Incineroar|Incineroar, L50, M|100/100
|switch|p1b: Sneasler|Sneasler, L50, M|100/100
|switch|p2a: Gengar|Gengar, L50, F, shiny|100/100
|switch|p2b: Scrafty|Scrafty, L50, F|100/100
|-ability|p2b: Scrafty|Intimidate|boost
|-unboost|p1a: Incineroar|atk|1
|-unboost|p1b: Sneasler|atk|1
|-ability|p1a: Incineroar|Intimidate|boost
|-unboost|p2a: Gengar|atk|1
|-unboost|p2b: Scrafty|atk|1
|-enditem|p1b: Sneasler|White Herb
|-clearnegativeboost|p1b: Sneasler|[silent]
|turn|1
|inactive|Battle timer is ON: inactive players will automatically lose when time's up. (requested by joyfulwizard)
|
|t:|1782300389
|detailschange|p2a: Gengar|Gengar-Mega, L50, F, shiny
|-mega|p2a: Gengar|Gengar|Gengarite
|move|p2b: Scrafty|Fake Out|p1a: Incineroar
|-damage|p1a: Incineroar|92/100
|cant|p1a: Incineroar|flinch
|move|p1b: Sneasler|Rock Tomb|p2a: Gengar
|-damage|p2a: Gengar|73/100
|-unboost|p2a: Gengar|spe|1
|move|p2a: Gengar|Perish Song|p2a: Gengar
|-start|p1a: Incineroar|perish3|[silent]
|-start|p1b: Sneasler|perish3|[silent]
|-start|p2a: Gengar|perish3|[silent]
|-start|p2b: Scrafty|perish3|[silent]
|-fieldactivate|move: Perish Song
|
|-start|p1b: Sneasler|perish3
|-start|p2a: Gengar|perish3
|-start|p2b: Scrafty|perish3
|-start|p1a: Incineroar|perish3
|upkeep
|turn|2
|inactive|Fr0z3nFl4M3 has 30 seconds left.
|
|t:|1782300421
|switch|p2b: Incineroar|Incineroar, L50, M|100/100
|-ability|p2b: Incineroar|Intimidate|boost
|-unboost|p1a: Incineroar|atk|1
|-unboost|p1b: Sneasler|atk|1
|move|p2a: Gengar|Protect|p2a: Gengar
|-singleturn|p2a: Gengar|Protect
|move|p1b: Sneasler|Dire Claw|p2b: Incineroar
|-damage|p2b: Incineroar|70/100
|-status|p2b: Incineroar|psn
|move|p1a: Incineroar|Parting Shot|p2a: Gengar
|-activate|p2a: Gengar|move: Protect
|
|-damage|p2b: Incineroar|57/100 psn|[from] psn
|-start|p1b: Sneasler|perish2
|-start|p2a: Gengar|perish2
|-start|p1a: Incineroar|perish2
|upkeep
|turn|3
|inactive|Fr0z3nFl4M3 has 30 seconds left.
|
|t:|1782300447
|switch|p2a: Scrafty|Scrafty, L50, F|100/100
|-ability|p2a: Scrafty|Intimidate|boost
|-unboost|p1a: Incineroar|atk|1
|-unboost|p1b: Sneasler|atk|1
|move|p1b: Sneasler|Close Combat|p2b: Incineroar
|-supereffective|p2b: Incineroar|1
|-damage|p2b: Incineroar|0 fnt
|-unboost|p1b: Sneasler|def|1
|-unboost|p1b: Sneasler|spd|1
|faint|p2b: Incineroar
|move|p1a: Incineroar|Parting Shot|p2a: Scrafty
|-unboost|p2a: Scrafty|atk|1
|-unboost|p2a: Scrafty|spa|1
|
|t:|1782300460
|switch|p1a: Ninetales|Ninetales-Alola, L50, M|100/100|[from] Parting Shot
|-weather|Snowscape|[from] ability: Snow Warning|[of] p1a: Ninetales
|
|-weather|Snowscape|[upkeep]
|-start|p1b: Sneasler|perish1
|upkeep
|
|t:|1782300463
|switch|p2b: Gengar|Gengar-Mega, L50, F, shiny|73/100
|turn|4
|
|t:|1782300481
|move|p2b: Gengar|Protect|p2b: Gengar
|-singleturn|p2b: Gengar|Protect
|move|p2a: Scrafty|Protect|p2a: Scrafty
|-singleturn|p2a: Scrafty|Protect
|move|p1b: Sneasler|Close Combat|p2a: Scrafty
|-activate|p2a: Scrafty|move: Protect
|move|p1a: Ninetales|Aurora Veil|p1a: Ninetales
|-sidestart|p1: Fr0z3nFl4M3|move: Aurora Veil
|
|-weather|Snowscape|[upkeep]
|-start|p1b: Sneasler|perish0
|faint|p1b: Sneasler
|upkeep
|
|t:|1782300489
|switch|p1b: Greninja|Greninja, L50, M|100/100
|turn|5
|inactive|joyfulwizard has 30 seconds left.
|inactive|joyfulwizard has 20 seconds left.
|inactive|joyfulwizard has 15 seconds left.
|
|t:|1782300531
|switch|p2b: Floette|Floette-Eternal, L50, F|100/100
|detailschange|p1b: Greninja|Greninja-Mega, L50, M
|-mega|p1b: Greninja|Greninja|Greninjite
|move|p1b: Greninja|Blizzard|p2b: Floette|[spread] p2a,p2b
|-start|p1b: Greninja|typechange|Ice|[from] ability: Protean
|-damage|p2a: Scrafty|51/100
|-damage|p2b: Floette|56/100
|move|p1a: Ninetales|Blizzard|p2b: Floette|[spread] p2a,p2b
|-damage|p2a: Scrafty|14/100
|-damage|p2b: Floette|26/100
|move|p2a: Scrafty|Close Combat|p1b: Greninja
|-supereffective|p1b: Greninja|1
|-damage|p1b: Greninja|54/100
|-unboost|p2a: Scrafty|def|1
|-unboost|p2a: Scrafty|spd|1
|
|-weather|Snowscape|[upkeep]
|upkeep
|turn|6
|-message|joyfulwizard forfeited.
|
|win|Fr0z3nFl4M3
||joyfulwizard is ready for game 2.
||Fr0z3nFl4M3 is ready for game 2.
|uhtml|next|Next: Game 2 of 3
