|j|☆Reckzz
|j|☆Oscarm92
|html|ReckzzOscarm92    
|uhtml|bestof|Game 1 of a best-of-3
|t:|1784699748
|gametype|doubles
|player|p1|Reckzz|101|1253
|player|p2|Oscarm92|169|1252
|gen|9
|tier|[Gen 9 Champions] VGC 2026 Reg M-B (Bo3)
|rated|
|rule|Species Clause: Limit one of each Pokémon
|rule|Item Clause: Limit 1 of each item
|clearpoke
|poke|p1|Tyranitar, L50, F|
|poke|p1|Excadrill, L50, M|
|poke|p1|Milotic, L50, M|
|poke|p1|Sinistcha, L50|
|poke|p1|Staraptor, L50, F|
|poke|p1|Gholdengo, L50|
|poke|p2|Charizard, L50, M, shiny|
|poke|p2|Aerodactyl, L50, M|
|poke|p2|Garchomp, L50, M, shiny|
|poke|p2|Kingambit, L50, M|
|poke|p2|Sylveon, L50, M|
|poke|p2|Farigiraf, L50, F|
|teampreview|4
|showteam|p1|Tyranitar||Tyranitarite|SandStream|KnockOff,RockSlide,HighHorsepower,Protect|Jolly||F|||50|]Excadrill||FocusSash|SandRush|Earthquake,IronHead,RockSlide,Protect|Adamant||M|||50|]Milotic||SitrusBerry|Competitive|Scald,IcyWind,Haze,Protect|Calm||M|||50|]Sinistcha||ColburBerry|Hospitality|MatchaGotcha,ShadowBall,Protect,RagePowder|Bold|||||50|]Staraptor||Staraptite|Intimidate|CloseCombat,BraveBird,Tailwind,Protect|Jolly||F|||50|]Gholdengo||LifeOrb|GoodasGold|MakeItRain,ShadowBall,NastyPlot,Protect|Modest|||||50|
|showteam|p2|Charizard||CharizarditeY|Blaze|HeatWave,WeatherBall,SolarBeam,Protect|Modest||M|||50|]Aerodactyl||Aerodactylite|Unnerve|IceFang,RockSlide,Tailwind,DualWingbeat|Jolly||M|||50|]Garchomp||LifeOrb|RoughSkin|DragonClaw,StompingTantrum,Earthquake,Protect|Jolly||M|||50|]Kingambit||FocusSash|Defiant|SuckerPunch,KowtowCleave,IronHead,LowKick|Adamant||M|||50|]Sylveon||FairyFeather|Pixilate|QuickAttack,HyperVoice,HyperBeam,Protect|Modest||M|||50|]Farigiraf||SitrusBerry|ArmorTail|TrickRoom,Thunderbolt,PsychicFangs,Psychic|Bold||F|||50|
|
|t:|1784699773
|teamsize|p1|4
|teamsize|p2|4
|start
|switch|p1a: Tyranitar|Tyranitar, L50, F|100/100
|switch|p1b: Excadrill|Excadrill, L50, M|100/100
|switch|p2a: Garchomp|Garchomp, L50, M, shiny|100/100
|switch|p2b: Kingambit|Kingambit, L50, M|100/100
|-weather|Sandstorm|[from] ability: Sand Stream|[of] p1a: Tyranitar
|turn|1
|
|t:|1784699813
|switch|p1a: Milotic|Milotic, L50, M|100/100
|move|p1b: Excadrill|Protect|p1b: Excadrill
|-singleturn|p1b: Excadrill|Protect
|move|p2b: Kingambit|Sucker Punch||[still]
|-fail|p2b: Kingambit
|move|p2a: Garchomp|Stomping Tantrum|p1a: Milotic
|-damage|p1a: Milotic|50/100g
|-damage|p2a: Garchomp|90/100|[from] item: Life Orb
|
|-weather|Sandstorm|[upkeep]
|-damage|p1a: Milotic|44/100|[from] Sandstorm
|-enditem|p1a: Milotic|Sitrus Berry|[eat]
|-heal|p1a: Milotic|69/100|[from] item: Sitrus Berry
|upkeep
|turn|2
|
|t:|1784699863
|move|p2b: Kingambit|Sucker Punch|p1b: Excadrill
|-damage|p1b: Excadrill|42/100
|move|p1b: Excadrill|Earthquake|p2b: Kingambit|[spread] p1a,p2a,p2b
|-supereffective|p2b: Kingambit|1
|-damage|p1a: Milotic|30/100
|-damage|p2a: Garchomp|46/100
|-damage|p2b: Kingambit|16/100
|move|p2a: Garchomp|Earthquake|p1b: Excadrill|[spread] p2b,p1a,p1b
|-supereffective|p2b: Kingambit|1
|-supereffective|p1b: Excadrill|1
|-damage|p2b: Kingambit|0 fnt
|-damage|p1a: Milotic|0 fnt
|-damage|p1b: Excadrill|0 fnt
|faint|p2b: Kingambit
|faint|p1a: Milotic
|faint|p1b: Excadrill
|-damage|p2a: Garchomp|37/100|[from] item: Life Orb
|
|-weather|Sandstorm|[upkeep]
|upkeep
|
|t:|1784699898
|switch|p1b: Sinistcha|Sinistcha, L50|100/100
|switch|p1a: Tyranitar|Tyranitar, L50, F|100/100
|switch|p2b: Sylveon|Sylveon, L50, M|100/100
|turn|3
|
|t:|1784699910
|move|p1a: Tyranitar|Protect|p1a: Tyranitar
|-singleturn|p1a: Tyranitar|Protect
|move|p2b: Sylveon|Protect|p2b: Sylveon
|-singleturn|p2b: Sylveon|Protect
|move|p2a: Garchomp|Earthquake|p1b: Sinistcha|[spread] p1b
|-activate|p2b: Sylveon|move: Protect
|-activate|p1a: Tyranitar|move: Protect
|-resisted|p1b: Sinistcha|1
|-damage|p1b: Sinistcha|79/100
|-damage|p2a: Garchomp|27/100|[from] item: Life Orb
|move|p1b: Sinistcha|Matcha Gotcha|p2a: Garchomp|[spread] p2a
|-activate|p2b: Sylveon|move: Protect
|-damage|p2a: Garchomp|0 fnt
|-heal|p1b: Sinistcha|93/100|[from] drain|[of] p2a: Garchomp
|faint|p2a: Garchomp
|
|-weather|Sandstorm|[upkeep]
|-damage|p2b: Sylveon|93/100|[from] Sandstorm
|-damage|p1b: Sinistcha|88/100|[from] Sandstorm
|upkeep
|
|t:|1784699914
|switch|p2a: Charizard|Charizard, L50, M, shiny|100/100
|turn|4
|
|t:|1784699944
|detailschange|p1a: Tyranitar|Tyranitar-Mega, L50, F
|-mega|p1a: Tyranitar|Tyranitar|Tyranitarite
|move|p2a: Charizard|Protect|p2a: Charizard
|-singleturn|p2a: Charizard|Protect
|move|p1a: Tyranitar|Rock Slide|p2b: Sylveon|[spread] p2b
|-activate|p2a: Charizard|move: Protect
|-damage|p2b: Sylveon|54/100
|move|p2b: Sylveon|Hyper Voice|p1b: Sinistcha|[spread] p1a,p1b
|-supereffective|p1a: Tyranitar|1
|-damage|p1a: Tyranitar|50/100y
|-damage|p1b: Sinistcha|42/100
|move|p1b: Sinistcha|Matcha Gotcha|p2b: Sylveon|[spread] p2b
|-activate|p2a: Charizard|move: Protect
|-damage|p2b: Sylveon|34/100
|-heal|p1b: Sinistcha|53/100|[from] drain|[of] p2b: Sylveon
|
|-weather|Sandstorm|[upkeep]
|-damage|p2a: Charizard|93/100|[from] Sandstorm
|-damage|p2b: Sylveon|28/100|[from] Sandstorm
|-damage|p1b: Sinistcha|47/100|[from] Sandstorm
|upkeep
|turn|5
|
|t:|1784700031
|detailschange|p2a: Charizard|Charizard-Mega-Y, L50, M, shiny
|-mega|p2a: Charizard|Charizard|Charizardite Y
|-weather|SunnyDay|[from] ability: Drought|[of] p2a: Charizard
|move|p1b: Sinistcha|Protect|p1b: Sinistcha
|-singleturn|p1b: Sinistcha|Protect
|move|p1a: Tyranitar|Rock Slide|p2b: Sylveon|[spread] p2a
|-miss|p1a: Tyranitar|p2b: Sylveon
|-supereffective|p2a: Charizard|2
|-damage|p2a: Charizard|0 fnt
|faint|p2a: Charizard
|move|p2b: Sylveon|Hyper Voice|p1b: Sinistcha|[spread] p1a
|-activate|p1b: Sinistcha|move: Protect
|-supereffective|p1a: Tyranitar|1
|-damage|p1a: Tyranitar|0 fnt
|faint|p1a: Tyranitar
|
|-weather|SunnyDay|[upkeep]
|upkeep
|turn|6
|
|t:|1784700062
|move|p2b: Sylveon|Hyper Voice|p1b: Sinistcha
|-crit|p1b: Sinistcha
|-damage|p1b: Sinistcha|0 fnt
|faint|p1b: Sinistcha
|
|win|Oscarm92
||Oscarm92 is ready for game 2.
||Reckzz is ready for game 2.
|uhtml|next|Next: Game 2 of 3
|l|☆Reckzz
|player|p1|
