|j|☆Dungx showdown
|j|☆KodeBeast0526
|html|Dungx showdownKodeBeast0526    
|uhtml|bestof|Game 1 of a best-of-3
|t:|1783393088
|gametype|doubles
|player|p1|Dungx showdown|miku-ghost|1176
|player|p2|KodeBeast0526|sailor|1111
|gen|9
|tier|[Gen 9 Champions] VGC 2026 Reg M-B (Bo3)
|rated|
|rule|Species Clause: Limit one of each Pokémon
|rule|Item Clause: Limit 1 of each item
|clearpoke
|poke|p1|Pelipper, L50, M|
|poke|p1|Archaludon, L50, M|
|poke|p1|Basculegion, L50, M|
|poke|p1|Dragonite, L50, F|
|poke|p1|Metagross, L50|
|poke|p1|Sableye, L50, M|
|poke|p2|Gengar, L50, F, shiny|
|poke|p2|Swampert, L50, F, shiny|
|poke|p2|Incineroar, L50, M, shiny|
|poke|p2|Politoed, L50, F, shiny|
|poke|p2|Archaludon, L50, M|
|poke|p2|Vivillon-Ocean, L50, F|
|teampreview|4
|showteam|p1|Pelipper||FocusSash|Drizzle|Tailwind,Protect,WeatherBall,Hurricane|Modest||M|||50|]Archaludon||Leftovers|Stamina|ElectroShot,Protect,FlashCannon,DragonPulse|Modest||M|||50|]Basculegion||LifeOrb|SwiftSwim|AquaJet,WaveCrash,Protect,LastRespects|Adamant||M|||50|]Dragonite||Dragoninite|InnerFocus|Hurricane,WeatherBall,Protect,DracoMeteor|Modest||F|||50|]Metagross||Metagrossite|ClearBody|PsychicFangs,Protect,MeteorMash,StompingTantrum|Adamant|||||50|]Sableye||RoseliBerry|Prankster|LightScreen,WillOWisp,FoulPlay,RainDance|Bold||M|||50|
|showteam|p2|Gengar||Gengarite|CursedBody|ShadowBall,PerishSong,SludgeBomb,Protect|Timid||F|||50|]Swampert||Swampertite|Torrent|WaveCrash,Earthquake,IcePunch,Protect|Adamant||F|||50|]Incineroar||PasshoBerry|Intimidate|ThroatChop,PartingShot,FakeOut,Protect|Sassy||M|||50|]Politoed||SitrusBerry|Drizzle|WeatherBall,PerishSong,Encore,Protect|Calm||F|||50|]Archaludon||Leftovers|Stamina|DragonPulse,FlashCannon,ElectroShot,Protect|Bold||M|||50|]Vivillon-Ocean||FocusSash|CompoundEyes|Hurricane,SleepPowder,RagePowder,Protect|Timid||F|||50|
|inactive|Battle timer is ON: inactive players will automatically lose when time's up. (requested by Dungx showdown)
|inactive|Dungx showdown has 60 seconds left.
|
|t:|1783393137
|teamsize|p1|4
|teamsize|p2|4
|start
|switch|p1a: Ultra neon|Metagross, L50|100/100
|switch|p1b: Recoil|Basculegion, L50, M|100/100
|switch|p2a: Incineroar|Incineroar, L50, M, shiny|100/100
|switch|p2b: Vivillon|Vivillon-Ocean, L50, F|100/100
|-ability|p2a: Incineroar|Intimidate|boost
|-fail|p1a: Ultra neon|unboost|[from] ability: Clear Body|[of] p1a: Ultra neon
|-unboost|p1b: Recoil|atk|1
|turn|1
|
|t:|1783393149
|move|p1b: Recoil|Protect|p1b: Recoil
|-singleturn|p1b: Recoil|Protect
|move|p1a: Ultra neon|Protect|p1a: Ultra neon
|-singleturn|p1a: Ultra neon|Protect
|move|p2a: Incineroar|Fake Out|p1a: Ultra neon
|-activate|p1a: Ultra neon|move: Protect
|move|p2b: Vivillon|Sleep Powder|p1b: Recoil
|-activate|p1b: Recoil|move: Protect
|
|upkeep
|turn|2
|
|t:|1783393166
|switch|p2a: Archaludon|Archaludon, L50, M|100/100
|detailschange|p1a: Ultra neon|Metagross-Mega, L50
|-mega|p1a: Ultra neon|Metagross|Metagrossite
|move|p1b: Recoil|Aqua Jet|p2b: Vivillon
|-damage|p2b: Vivillon|64/100
|-damage|p1b: Recoil|90/100|[from] item: Life Orb
|move|p1a: Ultra neon|Meteor Mash|p2b: Vivillon
|-damage|p2b: Vivillon|0 fnt
|faint|p2b: Vivillon
|
|upkeep
|
|t:|1783393180
|switch|p2b: Incineroar|Incineroar, L50, M, shiny|100/100
|-ability|p2b: Incineroar|Intimidate|boost
|-unboost|p1a: Ultra neon|atk|1
|-unboost|p1b: Recoil|atk|1
|turn|3
|
|t:|1783393199
|switch|p1b: Roblox|Archaludon, L50, M|100/100
|move|p2b: Incineroar|Fake Out|p1a: Ultra neon
|-resisted|p1a: Ultra neon|1
|-damage|p1a: Ultra neon|96/100
|cant|p1a: Ultra neon|flinch
|move|p2a: Archaludon|Electro Shot||[still]
|-prepare|p2a: Archaludon|Electro Shot
|-boost|p2a: Archaludon|spa|1
|
|upkeep
|turn|4
|
|t:|1783393224
|move|p1a: Ultra neon|Stomping Tantrum|p2b: Incineroar
|-supereffective|p2b: Incineroar|1
|-damage|p2b: Incineroar|3/100
|move|p2a: Archaludon|Electro Shot|p1b: Roblox|[from] lockedmove
|-resisted|p1b: Roblox|1
|-damage|p1b: Roblox|70/100
|-ability|p1b: Roblox|Stamina|boost
|-boost|p1b: Roblox|def|1
|move|p1b: Roblox|Dragon Pulse|p2b: Incineroar
|-damage|p2b: Incineroar|0 fnt
|faint|p2b: Incineroar
|
|-heal|p1b: Roblox|76/100|[from] item: Leftovers
|upkeep
|
|t:|1783393233
|switch|p2b: Gengar|Gengar, L50, F, shiny|100/100
|turn|5
|
|t:|1783393257
|switch|p1a: Sableye|Sableye, L50, M|100/100
|move|p2b: Gengar|Protect|p2b: Gengar
|-singleturn|p2b: Gengar|Protect
|move|p2a: Archaludon|Electro Shot||[still]
|-prepare|p2a: Archaludon|Electro Shot
|-boost|p2a: Archaludon|spa|1
|move|p1b: Roblox|Dragon Pulse|p2b: Gengar
|-activate|p2b: Gengar|move: Protect
|
|-heal|p1b: Roblox|82/100|[from] item: Leftovers
|upkeep
|turn|6
|inactive|KodeBeast0526 has 30 seconds left.
|inactive|KodeBeast0526 has 20 seconds left.
|inactive|KodeBeast0526 has 15 seconds left.
|
|t:|1783393302
|detailschange|p2b: Gengar|Gengar-Mega, L50, F, shiny
|-mega|p2b: Gengar|Gengar|Gengarite
|move|p1a: Sableye|Light Screen|p1a: Sableye
|-sidestart|p1: Dungx showdown|move: Light Screen
|move|p2b: Gengar|Shadow Ball|p1a: Sableye
|-damage|p1a: Sableye|60/100
|move|p2a: Archaludon|Electro Shot|p1a: Sableye|[from] lockedmove
|-damage|p1a: Sableye|0 fnt
|faint|p1a: Sableye
|move|p1b: Roblox|Dragon Pulse|p2b: Gengar
|-damage|p2b: Gengar|58/100
|
|-heal|p1b: Roblox|88/100|[from] item: Leftovers
|upkeep
|
|t:|1783393315
|switch|p1a: Ultra neon|Metagross-Mega, L50|96/100
|turn|7
|
|t:|1783393332
|move|p2b: Gengar|Protect|p2b: Gengar
|-singleturn|p2b: Gengar|Protect
|move|p1a: Ultra neon|Meteor Mash|p2b: Gengar
|-activate|p2b: Gengar|move: Protect
|move|p2a: Archaludon|Dragon Pulse|p1b: Roblox
|-crit|p1b: Roblox
|-damage|p1b: Roblox|0 fnt
|faint|p1b: Roblox
|
|upkeep
|
|t:|1783393339
|switch|p1b: Recoil|Basculegion, L50, M|90/100
|turn|8
|
|t:|1783393355
|move|p1b: Recoil|Protect|p1b: Recoil
|-singleturn|p1b: Recoil|Protect
|move|p2b: Gengar|Shadow Ball|p1a: Ultra neon
|-supereffective|p1a: Ultra neon|1
|-damage|p1a: Ultra neon|32/100
|move|p1a: Ultra neon|Psychic Fangs|p2b: Gengar
|-supereffective|p2b: Gengar|1
|-damage|p2b: Gengar|0 fnt
|faint|p2b: Gengar
|move|p2a: Archaludon|Electro Shot||[still]
|-prepare|p2a: Archaludon|Electro Shot
|-boost|p2a: Archaludon|spa|1
|
|upkeep
|turn|9
|
|t:|1783393370
|move|p1a: Ultra neon|Stomping Tantrum|p2a: Archaludon
|-supereffective|p2a: Archaludon|1
|-damage|p2a: Archaludon|44/100
|-ability|p2a: Archaludon|Stamina|boost
|-boost|p2a: Archaludon|def|1
|move|p1b: Recoil|Last Respects|p2a: Archaludon
|-damage|p2a: Archaludon|2/100
|-ability|p2a: Archaludon|Stamina|boost
|-boost|p2a: Archaludon|def|1
|-damage|p1b: Recoil|80/100|[from] item: Life Orb
|move|p2a: Archaludon|Electro Shot|p1b: Recoil|[from] lockedmove
|-supereffective|p1b: Recoil|1
|-damage|p1b: Recoil|0 fnt
|faint|p1b: Recoil
|
|-heal|p2a: Archaludon|8/100|[from] item: Leftovers
|upkeep
|turn|10
|
|t:|1783393379
|move|p2a: Archaludon|Protect|p2a: Archaludon
|-singleturn|p2a: Archaludon|Protect
|move|p1a: Ultra neon|Stomping Tantrum|p2a: Archaludon
|-activate|p2a: Archaludon|move: Protect
|
|-heal|p2a: Archaludon|14/100|[from] item: Leftovers
|-sideend|p1: Dungx showdown|move: Light Screen
|upkeep
|turn|11
|
|t:|1783393385
|move|p1a: Ultra neon|Stomping Tantrum|p2a: Archaludon
|-supereffective|p2a: Archaludon|1
|-damage|p2a: Archaludon|0 fnt
|faint|p2a: Archaludon
|
|win|Dungx showdown
