|j|☆sggsikgsklgnsklg
|j|☆notagamblingaddict
|html|sggsikgsklgnsklgnotagamblingaddict    
|uhtml|bestof|Game 1 of a best-of-3
|t:|1784993338
|gametype|doubles
|player|p1|sggsikgsklgnsklg|2|
|player|p2|notagamblingaddict|drayton|
|gen|9
|tier|[Gen 9 Champions] VGC 2026 Reg M-B (Bo3)
|rule|Species Clause: Limit one of each Pokémon
|rule|Item Clause: Limit 1 of each item
|clearpoke
|poke|p1|Incineroar, L50, F|
|poke|p1|Aerodactyl, L50, M|
|poke|p1|Rotom-Mow, L50|
|poke|p1|Goodra-Hisui, L50, M|
|poke|p1|Meowstic, L50, M|
|poke|p1|Zoroark, L50, F|
|poke|p2|Delphox, L50, F|
|poke|p2|Meowstic, L50, M|
|poke|p2|Garchomp, L50, F, shiny|
|poke|p2|Milotic, L50, F|
|poke|p2|Toxicroak, L50, M|
|poke|p2|Zoroark, L50, M|
|teampreview|4
|showteam|p1|Incineroar||SitrusBerry|Intimidate|FakeOut,FlareBlitz,PartingShot,DarkestLariat|Adamant||F|||50|]Aerodactyl||FocusSash|Unnerve|RockSlide,DualWingbeat,Protect,Tailwind|Jolly||M|||50|]Rotom-Mow||ChoiceScarf|Levitate|VoltSwitch,Thunderbolt,LeafStorm,Electroweb|Timid|||||50|]Goodra-Hisui||Leftovers|ShellArmor|Shelter,BodyPress,HeavySlam,Protect|Bold||M|||50|]Meowstic||ExpertBelt|Prankster|Gravity,FakeOut,PsychicTerrain,ThunderWave|Careful||M|||50|]Zoroark||LifeOrb|Illusion|Snarl,Taunt,FocusBlast,Encore|Timid||F|||50|
|showteam|p2|Delphox||Delphoxite|Blaze|HeatWave,ScorchingSands,Protect,NastyPlot|Timid||F|||50|]Meowstic||SitrusBerry|Prankster|Gravity,FakeOut,PsychicTerrain,ThunderWave|Careful||M|||50|]Garchomp||ChoiceScarf|RoughSkin|Earthquake,DragonClaw,BrickBreak,RockSlide|Adamant||F|||50|]Milotic||Leftovers|Competitive|MuddyWater,IceBeam,Coil,Recover|Modest||F|||50|]Toxicroak||FocusSash|PoisonTouch|CloseCombat,PoisonJab,FakeOut,Taunt|Adamant||M|||50|]Zoroark||LifeOrb|Illusion|Snarl,Taunt,FocusBlast,Encore|Timid||M|||50|
|inactive|Battle timer is ON: inactive players will automatically lose when time's up. (requested by notagamblingaddict)
|
|t:|1784993345
|teamsize|p1|4
|teamsize|p2|4
|start
|switch|p1a: Incineroar|Incineroar, L50, F|100/100
|switch|p1b: Aerodactyl|Aerodactyl, L50, M|100/100
|switch|p2a: Delphox|Delphox, L50, F|100/100
|switch|p2b: Meowstic|Meowstic, L50, M|100/100
|-ability|p1b: Aerodactyl|Unnerve
|-ability|p1a: Incineroar|Intimidate|boost
|-unboost|p2a: Delphox|atk|1
|-unboost|p2b: Meowstic|atk|1
|turn|1
|
|t:|1784993358
|switch|p2a: Milotic|Milotic, L50, F|100/100
|move|p1b: Aerodactyl|Protect|p1b: Aerodactyl
|-singleturn|p1b: Aerodactyl|Protect
|move|p2b: Meowstic|Fake Out|p1b: Aerodactyl
|-activate|p1b: Aerodactyl|move: Protect
|move|p1a: Incineroar|Fake Out|p2a: Milotic
|-damage|p2a: Milotic|85/100
|
|-heal|p2a: Milotic|91/100|[from] item: Leftovers
|upkeep
|turn|2
|
|t:|1784993375
|move|p2b: Meowstic|Thunder Wave|p1b: Aerodactyl
|-status|p1b: Aerodactyl|par
|move|p2a: Milotic|Coil|p2a: Milotic
|-boost|p2a: Milotic|atk|1
|-boost|p2a: Milotic|def|1
|-boost|p2a: Milotic|accuracy|1
|move|p1b: Aerodactyl|Rock Slide|p2b: Meowstic|[spread] p2a,p2b
|-crit|p2b: Meowstic
|-damage|p2a: Milotic|72/100
|-damage|p2b: Meowstic|56/100
|move|p1a: Incineroar|Darkest Lariat|p2b: Meowstic
|-supereffective|p2b: Meowstic|1
|-crit|p2b: Meowstic
|-damage|p2b: Meowstic|0 fnt
|faint|p2b: Meowstic
|
|-heal|p2a: Milotic|78/100|[from] item: Leftovers
|upkeep
|
|t:|1784993392
|switch|p2b: Delphox|Delphox, L50, F|100/100
|turn|3
|
|t:|1784993414
|move|p2b: Delphox|Protect|p2b: Delphox
|-singleturn|p2b: Delphox|Protect
|move|p2a: Milotic|Muddy Water|p1b: Aerodactyl|[spread] p1a,p1b
|-supereffective|p1a: Incineroar|1
|-supereffective|p1b: Aerodactyl|1
|-damage|p1a: Incineroar|39/100
|-damage|p1b: Aerodactyl|19/100 par
|-unboost|p1a: Incineroar|accuracy|1
|-enditem|p1a: Incineroar|Sitrus Berry|[eat]
|-heal|p1a: Incineroar|64/100|[from] item: Sitrus Berry
|move|p1b: Aerodactyl|Tailwind|p1b: Aerodactyl
|-sidestart|p1: sggsikgsklgnsklg|move: Tailwind
|move|p1a: Incineroar|Darkest Lariat|p2b: Delphox
|-activate|p2b: Delphox|move: Protect
|
|-heal|p2a: Milotic|84/100|[from] item: Leftovers
|upkeep
|turn|4
|inactive|sggsikgsklgnsklg has 30 seconds left.
|inactive|notagamblingaddict has 30 seconds left.
|
|t:|1784993448
|switch|p2b: Garchomp|Garchomp, L50, F, shiny|100/100
|move|p1b: Aerodactyl|Rock Slide|p2b: Garchomp|[spread] p2b
|-miss|p1b: Aerodactyl|p2a: Milotic
|-resisted|p2b: Garchomp|1
|-damage|p2b: Garchomp|87/100
|move|p1a: Incineroar|Darkest Lariat|p2b: Garchomp
|-damage|p2b: Garchomp|46/100
|-damage|p1a: Incineroar|51/100|[from] ability: Rough Skin|[of] p2b: Garchomp
|move|p2a: Milotic|Muddy Water|p1b: Aerodactyl|[spread] p1a,p1b
|-supereffective|p1a: Incineroar|1
|-supereffective|p1b: Aerodactyl|1
|-damage|p1a: Incineroar|0 fnt
|-damage|p1b: Aerodactyl|0 fnt
|faint|p1a: Incineroar
|faint|p1b: Aerodactyl
|
|-heal|p2a: Milotic|90/100|[from] item: Leftovers
|upkeep
|inactive|sggsikgsklgnsklg has 30 seconds left.
|inactive|sggsikgsklgnsklg has 20 seconds left.
|
|t:|1784993487
|switch|p1b: Goodra|Goodra-Hisui, L50, M|100/100
|switch|p1a: Rotom|Rotom-Mow, L50|100/100
|turn|5
|inactiveoff|Battle timer is now OFF.
|
|t:|1784993595
|move|p1a: Rotom|Thunderbolt|p2a: Milotic
|-supereffective|p2a: Milotic|1
|-damage|p2a: Milotic|37/100
|move|p2b: Garchomp|Brick Break|p1a: Rotom
|-damage|p1a: Rotom|59/100
|move|p1b: Goodra|Body Press|p2b: Garchomp
|-damage|p2b: Garchomp|19/100
|-damage|p1b: Goodra|87/100|[from] ability: Rough Skin|[of] p2b: Garchomp
|move|p2a: Milotic|Ice Beam|p1a: Rotom
|-supereffective|p1a: Rotom|1
|-damage|p1a: Rotom|0 fnt
|faint|p1a: Rotom
|
|-heal|p1b: Goodra|93/100|[from] item: Leftovers
|-heal|p2a: Milotic|43/100|[from] item: Leftovers
|upkeep
|turn|6
|
|t:|1784993614
|move|p2b: Garchomp|Brick Break|p1b: Goodra
|-supereffective|p1b: Goodra|1
|-damage|p1b: Goodra|50/100g
|move|p1b: Goodra|Body Press|p2b: Garchomp
|-damage|p2b: Garchomp|0 fnt
|-damage|p1b: Goodra|38/100|[from] ability: Rough Skin|[of] p2b: Garchomp
|faint|p2b: Garchomp
|move|p2a: Milotic|Recover|p2a: Milotic
|-heal|p2a: Milotic|93/100
|
|-heal|p1b: Goodra|44/100|[from] item: Leftovers
|-heal|p2a: Milotic|99/100|[from] item: Leftovers
|-sideend|p1: sggsikgsklgnsklg|move: Tailwind
|upkeep
|
|t:|1784993623
|switch|p2b: Delphox|Delphox, L50, F|100/100
|turn|7
|
|t:|1784993630
|detailschange|p2b: Delphox|Delphox-Mega, L50, F
|-mega|p2b: Delphox|Delphox|Delphoxite
|move|p2b: Delphox|Scorching Sands|p1b: Goodra
|-supereffective|p1b: Goodra|1
|-damage|p1b: Goodra|1/100
|move|p2a: Milotic|Ice Beam|p1b: Goodra
|-damage|p1b: Goodra|0 fnt
|faint|p1b: Goodra
|
|win|notagamblingaddict
|inactive|sggsikgsklgnsklg has 29 seconds to confirm battle start!
|inactive|notagamblingaddict has 29 seconds to confirm battle start!
||notagamblingaddict is ready for game 2.
