|j|☆Squiggs842
|j|☆Ceratophor
|html|Squiggs842Ceratophor    
|uhtml|bestof|Game 1 of a best-of-3
|t:|1782225258
|gametype|doubles
|player|p1|Squiggs842|266|1000
|player|p2|Ceratophor|169|1000
|gen|9
|tier|[Gen 9 Champions] VGC 2026 Reg M-B (Bo3)
|rated|
|rule|Species Clause: Limit one of each Pokémon
|rule|Item Clause: Limit 1 of each item
|clearpoke
|poke|p1|Blaziken, L50, F, shiny|
|poke|p1|Kingambit, L50, M, shiny|
|poke|p1|Basculegion, L50, M, shiny|
|poke|p1|Ninetales-Alola, L50, F, shiny|
|poke|p1|Gengar, L50, F, shiny|
|poke|p1|Incineroar, L50, F, shiny|
|poke|p2|Scolipede, L50, M|
|poke|p2|Oranguru, L50, F|
|poke|p2|Aerodactyl, L50, M|
|poke|p2|Blastoise, L50, M|
|poke|p2|Rampardos, L50, F|
|poke|p2|Quaquaval, L50, M|
|teampreview|4
|showteam|p1|Blaziken||Blazikenite|SpeedBoost|CloseCombat,RockSlide,FlareBlitz,Detect|Adamant||F|||50|]Kingambit||LifeOrb|Defiant|KowtowCleave,SuckerPunch,Protect,IronHead|Adamant||M|||50|]Basculegion||FocusSash|Adaptability|Liquidation,LastRespects,AquaJet,Protect|Adamant||M|||50|]Ninetales-Alola||NeverMeltIce|SnowWarning|Blizzard,FreezeDry,Encore,Protect|Timid||F|||50|]Gengar||Gengarite|CursedBody|ShadowBall,Disable,PerishSong,Protect|Modest||F|||50|]Incineroar||PasshoBerry|Intimidate|FakeOut,PartingShot,FlareBlitz,Protect|Relaxed||F|||50|
|showteam|p2|Scolipede||Scolipite|SpeedBoost|SwordsDance,Earthquake,GunkShot,Protect|Adamant||M|||50|]Oranguru||SitrusBerry|Telepathy|TrickRoom,Protect,Gravity,PsychicNoise|Relaxed||F|||50|]Aerodactyl||FocusSash|Unnerve|Tailwind,RockSlide,DualWingbeat,WideGuard|Jolly||M|||50|]Blastoise||Blastoisinite|Torrent|WaterSpout,DarkPulse,Protect,FakeOut|Modest||M|||50|]Rampardos||LifeOrb|SheerForce|RockSlide,ZenHeadbutt,Protect,BodySlam|Brave||F|||50|]Quaquaval||BlackBelt|Moxie|AquaStep,Coaching,CloseCombat,Protect|Jolly||M|||50|
|
|t:|1782225306
|teamsize|p1|4
|teamsize|p2|4
|start
|switch|p1a: Gengar|Gengar, L50, F, shiny|100/100
|switch|p1b: Incineroar|Incineroar, L50, F, shiny|100/100
|switch|p2a: Scolipede|Scolipede, L50, M|100/100
|switch|p2b: Oranguru|Oranguru, L50, F|100/100
|-ability|p1b: Incineroar|Intimidate|boost
|-unboost|p2a: Scolipede|atk|1
|-unboost|p2b: Oranguru|atk|1
|turn|1
|
|t:|1782225315
|detailschange|p2a: Scolipede|Scolipede-Mega, L50, M
|-mega|p2a: Scolipede|Scolipede|Scolipite
|detailschange|p1a: Gengar|Gengar-Mega, L50, F, shiny
|-mega|p1a: Gengar|Gengar|Gengarite
|move|p1b: Incineroar|Fake Out|p2a: Scolipede
|-damage|p2a: Scolipede|92/100
|move|p1a: Gengar|Perish Song|p1a: Gengar
|-start|p1a: Gengar|perish3|[silent]
|-start|p1b: Incineroar|perish3|[silent]
|-start|p2a: Scolipede|perish3|[silent]
|-start|p2b: Oranguru|perish3|[silent]
|-fieldactivate|move: Perish Song
|cant|p2a: Scolipede|flinch
|move|p2b: Oranguru|Psychic Noise|p1a: Gengar
|-supereffective|p1a: Gengar|1
|-damage|p1a: Gengar|52/100
|-start|p1a: Gengar|move: Heal Block
|
|-start|p1a: Gengar|perish3
|-start|p2a: Scolipede|perish3
|-start|p1b: Incineroar|perish3
|-start|p2b: Oranguru|perish3
|upkeep
|turn|2
|
|t:|1782225331
|move|p1a: Gengar|Protect|p1a: Gengar
|-singleturn|p1a: Gengar|Protect
|move|p1b: Incineroar|Protect|p1b: Incineroar
|-singleturn|p1b: Incineroar|Protect
|move|p2a: Scolipede|Swords Dance|p2a: Scolipede
|-boost|p2a: Scolipede|atk|2
|move|p2b: Oranguru|Trick Room|p2b: Oranguru
|-fieldstart|move: Trick Room|[of] p2b: Oranguru
|
|-end|p1a: Gengar|move: Heal Block
|-start|p1b: Incineroar|perish2
|-start|p2b: Oranguru|perish2
|-start|p2a: Scolipede|perish2
|-start|p1a: Gengar|perish2
|upkeep
|turn|3
|
|t:|1782225363
|switch|p1a: Basculegion|Basculegion, L50, M, shiny|100/100
|move|p1b: Incineroar|Parting Shot|p2a: Scolipede
|-unboost|p2a: Scolipede|atk|1
|-unboost|p2a: Scolipede|spa|1
|
|t:|1782225371
|switch|p1b: Gengar|Gengar-Mega, L50, F, shiny|52/100|[from] Parting Shot
|move|p2b: Oranguru|Gravity|p2b: Oranguru
|-fieldstart|move: Gravity
|move|p2a: Scolipede|Earthquake|p1a: Basculegion|[spread] p1a,p1b
|-activate|p2b: Oranguru|ability: Telepathy
|-supereffective|p1b: Gengar|1
|-damage|p1a: Basculegion|70/100
|-damage|p1b: Gengar|0 fnt
|faint|p1b: Gengar
|
|-start|p2b: Oranguru|perish1
|-start|p2a: Scolipede|perish1
|upkeep
|
|t:|1782225380
|switch|p1b: Ninetales|Ninetales-Alola, L50, F, shiny|100/100
|-weather|Snowscape|[from] ability: Snow Warning|[of] p1b: Ninetales
|turn|4
|
|t:|1782225391
|switch|p2b: Quaquaval|Quaquaval, L50, M|100/100
|switch|p2a: Rampardos|Rampardos, L50, F|100/100
|move|p1a: Basculegion|Liquidation|p2a: Rampardos
|-supereffective|p2a: Rampardos|1
|-damage|p2a: Rampardos|0 fnt
|faint|p2a: Rampardos
|move|p1b: Ninetales|Blizzard|p2b: Quaquaval
|-resisted|p2b: Quaquaval|1
|-damage|p2b: Quaquaval|68/100
|
|-weather|Snowscape|[upkeep]
|upkeep
|
|t:|1782225396
|switch|p2a: Scolipede|Scolipede-Mega, L50, M|92/100
|turn|5
|
|t:|1782225403
|switch|p1a: Incineroar|Incineroar, L50, F, shiny|100/100
|-ability|p1a: Incineroar|Intimidate|boost
|-unboost|p2a: Scolipede|atk|1
|-unboost|p2b: Quaquaval|atk|1
|move|p2a: Scolipede|Gunk Shot|p1b: Ninetales
|-supereffective|p1b: Ninetales|1
|-damage|p1b: Ninetales|25/100
|move|p2b: Quaquaval|Coaching|p2a: Scolipede
|-boost|p2a: Scolipede|atk|1
|-boost|p2a: Scolipede|def|1
|move|p1b: Ninetales|Freeze-Dry|p2b: Quaquaval
|-supereffective|p2b: Quaquaval|1
|-damage|p2b: Quaquaval|0 fnt
|faint|p2b: Quaquaval
|
|-weather|Snowscape|[upkeep]
|upkeep
|
|t:|1782225412
|switch|p2b: Oranguru|Oranguru, L50, F|100/100
|turn|6
|
|t:|1782225433
|move|p2b: Oranguru|Protect|p2b: Oranguru
|-singleturn|p2b: Oranguru|Protect
|move|p1b: Ninetales|Protect|p1b: Ninetales
|-singleturn|p1b: Ninetales|Protect
|move|p1a: Incineroar|Fake Out|p2a: Scolipede
|-damage|p2a: Scolipede|87/100
|cant|p2a: Scolipede|flinch
|
|-weather|Snowscape|[upkeep]
|-fieldend|move: Trick Room
|upkeep
|turn|7
|
|t:|1782225445
|move|p1b: Ninetales|Encore|p2b: Oranguru
|-start|p2b: Oranguru|Encore
|move|p2b: Oranguru|Protect||[still]
|-fail|p2b: Oranguru
|move|p2a: Scolipede|Swords Dance|p2a: Scolipede
|-boost|p2a: Scolipede|atk|2
|move|p1a: Incineroar|Flare Blitz|p2a: Scolipede
|-supereffective|p2a: Scolipede|1
|-damage|p2a: Scolipede|40/100
|-damage|p1a: Incineroar|87/100|[from] Recoil
|
|-weather|Snowscape|[upkeep]
|-fieldend|move: Gravity
|upkeep
|turn|8
|
|t:|1782225452
|move|p2b: Oranguru|Protect|p2b: Oranguru
|-singleturn|p2b: Oranguru|Protect
|move|p1b: Ninetales|Blizzard|p2a: Scolipede|[spread] p2a
|-activate|p2b: Oranguru|move: Protect
|-damage|p2a: Scolipede|9/100
|move|p2a: Scolipede|Earthquake|p1b: Ninetales|[spread] p1a,p1b
|-activate|p2b: Oranguru|move: Protect
|-supereffective|p1a: Incineroar|1
|-damage|p1a: Incineroar|15/100
|-damage|p1b: Ninetales|0 fnt
|faint|p1b: Ninetales
|move|p1a: Incineroar|Flare Blitz|p2a: Scolipede
|-supereffective|p2a: Scolipede|1
|-damage|p2a: Scolipede|0 fnt
|faint|p2a: Scolipede
|-damage|p1a: Incineroar|12/100|[from] Recoil
|
|-weather|none
|upkeep
|
|t:|1782225456
|switch|p1b: Basculegion|Basculegion, L50, M, shiny|70/100
|turn|9
|-message|Ceratophor forfeited.
|
|win|Squiggs842
|l|☆Ceratophor
|player|p2|
||Squiggs842 is ready for game 2.
|raw|Squiggs842's rating: 1000 → 1040(+40 for winning)
|raw|Ceratophor's rating: 1000 → 1000(+0 for losing)
