|j|☆GothitelleVGC
|j|☆taj11
|html|GothitelleVGCtaj11    
|uhtml|bestof|Game 2 of a best-of-3
|t:|1756794423
|gametype|doubles
|player|p1|GothitelleVGC|266|1113
|player|p2|taj11|caitlin|1057
|gen|9
|tier|[Gen 9] VGC 2025 Reg H (Bo3)
|rated|
|rule|Species Clause: Limit one of each Pokémon
|rule|Item Clause: Limit 1 of each item
|clearpoke
|poke|p1|Archaludon, L50, F|
|poke|p1|Basculegion, L50, M|
|poke|p1|Magmar, L50, M|
|poke|p1|Rillaboom, L50, F|
|poke|p1|Sneasler, L50, M|
|poke|p1|Garchomp, L50, M|
|poke|p2|Volcarona, L50, M|
|poke|p2|Rillaboom, L50, M|
|poke|p2|Electabuzz, L50, M|
|poke|p2|Dragonite, L50, M|
|poke|p2|Kingambit, L50, M|
|poke|p2|Sneasler, L50, F|
|teampreview|4
|showteam|p1|Archaludon||PowerHerb|Sturdy|FlashCannon,DracoMeteor,ElectroShot,Protect|||F|||50|,,,,,Stellar]Basculegion||ChoiceScarf|Adaptability|WaveCrash,LastRespects,AquaJet,TeraBlast|||M|||50|,,,,,Grass]Magmar||Eviolite|VitalSpirit|Protect,FollowMe,WillOWisp,Overheat|||M|||50|,,,,,Ghost]Rillaboom||AssaultVest|GrassySurge|FakeOut,WoodHammer,GrassyGlide,Uturn|||F|||50|,,,,,Ghost]Sneasler||GrassySeed|Unburden|FakeOut,CloseCombat,DireClaw,Protect|||M|||50|,,,,,Ghost]Garchomp||LifeOrb|RoughSkin|Protect,DragonClaw,StompingTantrum,SwordsDance|||M|||50|,,,,,Steel
|showteam|p2|Volcarona||Leftovers|FlameBody|HeatWave,TeraBlast,QuiverDance,Protect|||M|||50|,,,,,Fairy]Rillaboom||AssaultVest|GrassySurge|WoodHammer,GrassyGlide,HighHorsepower,FakeOut|||M|||50|,,,,,Fire]Electabuzz||Eviolite|VitalSpirit|Thunderbolt,FollowMe,Taunt,Protect|||M|||50|,,,,,Ghost]Dragonite||LoadedDice|InnerFocus|ScaleShot,ExtremeSpeed,Haze,Protect|||M|||50|,,,,,Normal]Kingambit||BlackGlasses|Defiant|KowtowCleave,SuckerPunch,SwordsDance,Protect|||M|||50|,,,,,Dark]Sneasler||FocusSash|PoisonTouch|CloseCombat,DireClaw,Coaching,FakeOut|||F|||50|,,,,,Stellar
|
|t:|1756794443
|teamsize|p1|4
|teamsize|p2|4
|start
|switch|p1a: Archaludon|Archaludon, L50, F|100/100
|switch|p1b: Magmar|Magmar, L50, M|100/100
|switch|p2a: Dracona|Dragonite, L50, M, shiny|100/100
|switch|p2b: Clawbird|Sneasler, L50, F|100/100
|turn|1
|
|t:|1756794484
|-terastallize|p2a: Dracona|Normal
|-terastallize|p1b: Magmar|Ghost
|move|p1a: Archaludon|Protect|p1a: Archaludon
|-singleturn|p1a: Archaludon|Protect
|move|p2b: Clawbird|Fake Out|p1b: Magmar
|-immune|p1b: Magmar
|move|p2a: Dracona|Scale Shot|p1b: Magmar
|-damage|p1b: Magmar|88/100
|-damage|p1b: Magmar|75/100
|-damage|p1b: Magmar|63/100
|-damage|p1b: Magmar|50/100
|-hitcount|p1b: Magmar|4
|-unboost|p2a: Dracona|def|1
|-boost|p2a: Dracona|spe|1
|move|p1b: Magmar|Will-O-Wisp|p2a: Dracona
|-status|p2a: Dracona|brn
|
|-damage|p2a: Dracona|95/100 brn|[from] brn
|upkeep
|turn|2
|
|t:|1756794519
|move|p1b: Magmar|Follow Me|p1b: Magmar
|-singleturn|p1b: Magmar|move: Follow Me
|move|p2a: Dracona|Scale Shot|p1b: Magmar|[miss]
|-miss|p2a: Dracona|p1b: Magmar
|move|p2b: Clawbird|Dire Claw|p1b: Magmar
|-resisted|p1b: Magmar
|-damage|p1b: Magmar|32/100
|move|p1a: Archaludon|Electro Shot||[still]
|-prepare|p1a: Archaludon|Electro Shot
|-boost|p1a: Archaludon|spa|1
|-enditem|p1a: Archaludon|Power Herb
|-anim|p1a: Archaludon|Electro Shot|p2b: Clawbird
|-damage|p2b: Clawbird|16/100
|
|-damage|p2a: Dracona|89/100 brn|[from] brn
|upkeep
|turn|3
|
|t:|1756794540
|switch|p2b: BoomBoom|Rillaboom, L50, M|100/100
|-fieldstart|move: Grassy Terrain|[from] ability: Grassy Surge|[of] p2b: BoomBoom
|move|p1b: Magmar|Follow Me|p1b: Magmar
|-singleturn|p1b: Magmar|move: Follow Me
|move|p2a: Dracona|Scale Shot|p1b: Magmar
|-crit|p1b: Magmar
|-damage|p1b: Magmar|22/100
|-damage|p1b: Magmar|16/100
|-damage|p1b: Magmar|9/100
|-crit|p1b: Magmar
|-damage|p1b: Magmar|0 fnt
|faint|p1b: Magmar
|-hitcount|p1: Magmar|4
|-unboost|p2a: Dracona|def|1
|-boost|p2a: Dracona|spe|1
|move|p1a: Archaludon|Flash Cannon|p2b: BoomBoom
|-damage|p2b: BoomBoom|56/100
|
|-heal|p2a: Dracona|95/100 brn|[from] Grassy Terrain
|-heal|p2b: BoomBoom|62/100|[from] Grassy Terrain
|-damage|p2a: Dracona|89/100 brn|[from] brn
|upkeep
|
|t:|1756794551
|switch|p1b: Sneasler|Sneasler, L50, M|100/100
|-enditem|p1b: Sneasler|Grassy Seed
|-boost|p1b: Sneasler|def|1|[from] item: Grassy Seed
|turn|4
|
|t:|1756794585
|move|p1b: Sneasler|Protect|p1b: Sneasler
|-singleturn|p1b: Sneasler|Protect
|move|p2b: BoomBoom|Fake Out|p1b: Sneasler
|-activate|p1b: Sneasler|move: Protect
|move|p2a: Dracona|Scale Shot|p1b: Sneasler
|-activate|p1b: Sneasler|move: Protect
|move|p1a: Archaludon|Draco Meteor|p2b: BoomBoom
|-damage|p2b: BoomBoom|0 fnt
|-unboost|p1a: Archaludon|spa|2
|faint|p2b: BoomBoom
|
|-heal|p2a: Dracona|95/100 brn|[from] Grassy Terrain
|-damage|p2a: Dracona|89/100 brn|[from] brn
|upkeep
|
|t:|1756794593
|switch|p2b: Clawbird|Sneasler, L50, F|16/100
|turn|5
|
|t:|1756794603
|move|p2b: Clawbird|Fake Out|p1b: Sneasler
|-damage|p1b: Sneasler|86/100
|cant|p1b: Sneasler|flinch
|move|p2a: Dracona|Scale Shot|p1b: Sneasler
|-damage|p1b: Sneasler|78/100
|-damage|p1b: Sneasler|70/100
|-damage|p1b: Sneasler|60/100
|-damage|p1b: Sneasler|51/100
|-hitcount|p1b: Sneasler|4
|-unboost|p2a: Dracona|def|1
|-boost|p2a: Dracona|spe|1
|move|p1a: Archaludon|Flash Cannon|p2b: Clawbird
|-damage|p2b: Clawbird|0 fnt
|faint|p2b: Clawbird
|
|-heal|p1b: Sneasler|57/100|[from] Grassy Terrain
|-heal|p2a: Dracona|95/100 brn|[from] Grassy Terrain
|-damage|p2a: Dracona|89/100 brn|[from] brn
|upkeep
|
|t:|1756794616
|switch|p2b: Kingsman|Kingambit, L50, M|100/100
|turn|6
|
|t:|1756794652
|switch|p1a: Garchomp|Garchomp, L50, M|100/100
|move|p1b: Sneasler|Close Combat|p2a: Dracona
|-supereffective|p2a: Dracona
|-damage|p2a: Dracona|0 fnt
|-unboost|p1b: Sneasler|def|1
|-unboost|p1b: Sneasler|spd|1
|faint|p2a: Dracona
|move|p2b: Kingsman|Kowtow Cleave|p1a: Garchomp
|-damage|p1a: Garchomp|36/100
|-damage|p2b: Kingsman|88/100|[from] ability: Rough Skin|[of] p1a: Garchomp
|
|-heal|p1b: Sneasler|63/100|[from] Grassy Terrain
|-heal|p1a: Garchomp|42/100|[from] Grassy Terrain
|-heal|p2b: Kingsman|94/100|[from] Grassy Terrain
|upkeep
|turn|7
|
|t:|1756794663
|move|p2b: Kingsman|Sucker Punch|p1b: Sneasler
|-resisted|p1b: Sneasler
|-damage|p1b: Sneasler|18/100
|move|p1b: Sneasler|Close Combat|p2b: Kingsman
|-supereffective|p2b: Kingsman
|-damage|p2b: Kingsman|0 fnt
|-unboost|p1b: Sneasler|def|1
|-unboost|p1b: Sneasler|spd|1
|faint|p2b: Kingsman
|
|win|GothitelleVGC
||taj11 is ready for game 3.
||GothitelleVGC is ready for game 3.
|uhtml|next|Next: Game 3 of 3
