|j|☆owbd
|j|☆zhz2021
|html|owbdzhz2021    
|uhtml|bestof|Game 2 of a best-of-3
|t:|1784193206
|gametype|doubles
|player|p1|owbd|cynthia-gen4|1193
|player|p2|zhz2021|169|1120
|gen|9
|tier|[Gen 9 Champions] VGC 2026 Reg M-B (Bo3)
|rated|
|rule|Species Clause: Limit one of each Pokémon
|rule|Item Clause: Limit 1 of each item
|clearpoke
|poke|p1|Charizard, L50, F|
|poke|p1|Floette-Eternal, L50, F|
|poke|p1|Kingambit, L50, F|
|poke|p1|Garchomp, L50, M|
|poke|p1|Basculegion, L50, M|
|poke|p1|Whimsicott, L50, F|
|poke|p2|Pidgeot, L50, M|
|poke|p2|Venusaur, L50, M|
|poke|p2|Mamoswine, L50, M|
|poke|p2|Ninetales, L50, M|
|poke|p2|Sneasler, L50, F|
|poke|p2|Basculegion, L50, M|
|teampreview|4
|showteam|p1|Charizard||CharizarditeY|Blaze|HeatWave,WeatherBall,SolarBeam,Protect|Modest||F|||50|]Floette-Eternal||Floettite|FlowerVeil|Moonblast,DazzlingGleam,LightofRuin,Protect|Modest||F|||50|]Kingambit||ChopleBerry|Defiant|IronHead,KowtowCleave,SuckerPunch,LowKick|Adamant||F|||50|]Garchomp||RoseliBerry|RoughSkin|DragonClaw,Earthquake,RockSlide,PoisonJab|Jolly||M|||50|]Basculegion||LifeOrb|Adaptability|WaveCrash,LastRespects,AquaJet,Protect|Adamant||M|||50|]Whimsicott||FocusSash|Prankster|Moonblast,Encore,Tailwind,Protect|Timid||F|||50|
|showteam|p2|Pidgeot||Pidgeotite|TangledFeet|Hurricane,HeatWave,Tailwind,Protect|Modest||M|||50|]Venusaur||WideLens|Chlorophyll|LeafStorm,SludgeBomb,SleepPowder,Protect|Modest||M|||50|]Mamoswine||FocusSash|Oblivious|IceShard,Earthquake,HighHorsepower,Protect|Adamant||M|||50|]Ninetales||LifeOrb|Drought|HeatWave,Encore,HelpingHand,Protect|Timid||M|||50|]Sneasler||WhiteHerb|Unburden|FakeOut,DireClaw,CloseCombat,Protect|Adamant||F|||50|]Basculegion||ChoiceScarf|Adaptability|WaveCrash,AquaJet,LastRespects,FlipTurn|Jolly||M|||50|
|
|t:|1784193226
|teamsize|p1|4
|teamsize|p2|4
|start
|switch|p1a: Charizard|Charizard, L50, F|100/100
|switch|p1b: Whimsicott|Whimsicott, L50, F|100/100
|switch|p2a: Pidgeot|Pidgeot, L50, M|100/100
|switch|p2b: Sneasler|Sneasler, L50, F|100/100
|turn|1
|
|t:|1784193246
|detailschange|p2a: Pidgeot|Pidgeot-Mega, L50, M
|-mega|p2a: Pidgeot|Pidgeot|Pidgeotite
|detailschange|p1a: Charizard|Charizard-Mega-Y, L50, F
|-mega|p1a: Charizard|Charizard|Charizardite Y
|-weather|SunnyDay|[from] ability: Drought|[of] p1a: Charizard
|move|p2b: Sneasler|Fake Out|p1b: Whimsicott
|-damage|p1b: Whimsicott|77/100
|cant|p1b: Whimsicott|flinch
|move|p2a: Pidgeot|Tailwind|p2a: Pidgeot
|-sidestart|p2: zhz2021|move: Tailwind
|move|p1a: Charizard|Heat Wave|p2b: Sneasler|[spread] p2a
|-miss|p1a: Charizard|p2b: Sneasler
|-crit|p2a: Pidgeot
|-damage|p2a: Pidgeot|0 fnt
|faint|p2a: Pidgeot
|
|-weather|SunnyDay|[upkeep]
|upkeep
|
|t:|1784193262
|switch|p2a: Venusaur|Venusaur, L50, M|100/100
|turn|2
|
|t:|1784193274
|move|p1b: Whimsicott|Tailwind|p1b: Whimsicott
|-sidestart|p1: owbd|move: Tailwind
|move|p2a: Venusaur|Sleep Powder|p1a: Charizard
|-status|p1a: Charizard|slp|[from] move: Sleep Powder
|move|p2b: Sneasler|Dire Claw|p1a: Charizard
|-damage|p1a: Charizard|55/100 slp
|cant|p1a: Charizard|slp
|
|-weather|SunnyDay|[upkeep]
|upkeep
|turn|3
|
|t:|1784193287
|move|p2a: Venusaur|Sludge Bomb|p1b: Whimsicott
|-supereffective|p1b: Whimsicott|2
|-damage|p1b: Whimsicott|0 fnt
|faint|p1b: Whimsicott
|move|p2b: Sneasler|Dire Claw|p1a: Charizard
|-damage|p1a: Charizard|10/100 slp
|cant|p1a: Charizard|slp
|
|-weather|SunnyDay|[upkeep]
|upkeep
|
|t:|1784193301
|switch|p1b: Basculegion|Basculegion, L50, M|100/100
|turn|4
|
|t:|1784193314
|-curestatus|p1a: Charizard|slp|[msg]
|move|p1a: Charizard|Protect|p1a: Charizard
|-singleturn|p1a: Charizard|Protect
|move|p2a: Venusaur|Leaf Storm|p1b: Basculegion
|-supereffective|p1b: Basculegion|1
|-damage|p1b: Basculegion|0 fnt
|-unboost|p2a: Venusaur|spa|2
|faint|p1b: Basculegion
|move|p2b: Sneasler|Dire Claw|p1a: Charizard
|-activate|p1a: Charizard|move: Protect
|
|-weather|SunnyDay|[upkeep]
|-sideend|p2: zhz2021|move: Tailwind
|upkeep
|
|t:|1784193327
|switch|p1b: Garchomp|Garchomp, L50, M|100/100
|turn|5
|
|t:|1784193334
|move|p2a: Venusaur|Protect|p2a: Venusaur
|-singleturn|p2a: Venusaur|Protect
|move|p2b: Sneasler|Protect|p2b: Sneasler
|-singleturn|p2b: Sneasler|Protect
|move|p1b: Garchomp|Earthquake|p2b: Sneasler|[spread] 
|-activate|p2a: Venusaur|move: Protect
|-activate|p2b: Sneasler|move: Protect
|-immune|p1a: Charizard
|move|p1a: Charizard|Heat Wave|p2b: Sneasler|[spread] 
|-activate|p2a: Venusaur|move: Protect
|-activate|p2b: Sneasler|move: Protect
|
|-weather|none
|-sideend|p1: owbd|move: Tailwind
|upkeep
|turn|6
|
|t:|1784193353
|switch|p2b: Ninetales|Ninetales, L50, M|100/100
|-weather|SunnyDay|[from] ability: Drought|[of] p2b: Ninetales
|move|p2a: Venusaur|Sludge Bomb|p1a: Charizard
|-damage|p1a: Charizard|0 fnt
|faint|p1a: Charizard
|move|p1b: Garchomp|Earthquake|p2a: Venusaur|[spread] p2a,p2b
|-supereffective|p2b: Ninetales|1
|-damage|p2a: Venusaur|58/100
|-damage|p2b: Ninetales|5/100
|
|-weather|SunnyDay|[upkeep]
|upkeep
|turn|7
|
|t:|1784193366
|move|p2a: Venusaur|Sleep Powder|p1b: Garchomp
|-status|p1b: Garchomp|slp|[from] move: Sleep Powder
|cant|p1b: Garchomp|slp
|move|p2b: Ninetales|Heat Wave|p1b: Garchomp
|-resisted|p1b: Garchomp|1
|-damage|p1b: Garchomp|66/100 slp
|-damage|p2b: Ninetales|0 fnt|[from] item: Life Orb
|faint|p2b: Ninetales
|
|-weather|SunnyDay|[upkeep]
|upkeep
|
|t:|1784193368
|switch|p2b: Sneasler|Sneasler, L50, F|100/100
|turn|8
|
|t:|1784193377
|move|p2a: Venusaur|Leaf Storm|p1b: Garchomp
|-damage|p1b: Garchomp|38/100 slp
|-unboost|p2a: Venusaur|spa|2
|move|p2b: Sneasler|Close Combat|p1b: Garchomp
|-crit|p1b: Garchomp
|-damage|p1b: Garchomp|0 fnt
|-unboost|p2b: Sneasler|def|1
|-unboost|p2b: Sneasler|spd|1
|-damage|p2b: Sneasler|87/100|[from] ability: Rough Skin|[of] p1b: Garchomp
|faint|p1b: Garchomp
|
|win|zhz2021
||zhz2021 is ready for game 3.
||owbd is ready for game 3.
|uhtml|next|Next: Game 3 of 3
|l|☆zhz2021
|player|p2|
