|j|☆emptinessmach
|j|☆Kurolax
|html|emptinessmachKurolax    
|uhtml|bestof|Game 1 of a best-of-3
|t:|1756950920
|gametype|doubles
|player|p1|emptinessmach|red|1007
|player|p2|Kurolax|169|1153
|gen|9
|tier|[Gen 9] VGC 2025 Reg H (Bo3)
|rated|
|rule|Species Clause: Limit one of each Pokémon
|rule|Item Clause: Limit 1 of each item
|clearpoke
|poke|p1|Porygon2, L50|
|poke|p1|Incineroar, L50, F|
|poke|p1|Garchomp, L50, F|
|poke|p1|Gholdengo, L50|
|poke|p1|Amoonguss, L50, M|
|poke|p1|Sneasler, L50, M|
|poke|p2|Electabuzz, L50, M|
|poke|p2|Ursaluna-Bloodmoon, L50, M|
|poke|p2|Arcanine-Hisui, L50, F|
|poke|p2|Tyranitar, L50, M|
|poke|p2|Sneasler, L50, M|
|poke|p2|Indeedee, L50, M|
|teampreview|4
|showteam|p1|Porygon2||Eviolite|Download|TeraBlast,IceBeam,Recover,TrickRoom||||||50|,,,,,Ground]Incineroar||SafetyGoggles|Intimidate|FlareBlitz,KnockOff,FakeOut,PartingShot|||F|||50|,,,,,Ghost]Garchomp||ClearAmulet|RoughSkin|Earthquake,Protect,StompingTantrum,DragonClaw|||F|||50|,,,,,Fire]Gholdengo||LifeOrb|GoodasGold|Protect,NastyPlot,MakeItRain,ShadowBall||||||50|,,,,,Water]Amoonguss||SitrusBerry|Regenerator|Spore,RagePowder,Protect,PollenPuff|||M|||50|,,,,,Fairy]Sneasler||FocusSash|PoisonTouch|DireClaw,CloseCombat,Coaching,Protect|||M|||50|,,,,,Flying
|showteam|p2|Electabuzz||Eviolite|VitalSpirit|Electroweb,FollowMe,Taunt,Thunderbolt|||M|||50|,,,,,Electric]Ursaluna-Bloodmoon||ThroatSpray|MindsEye|HyperVoice,BloodMoon,Protect,EarthPower|||M|||50|,,,,,Ghost]Arcanine-Hisui||ClearAmulet|Intimidate|RockSlide,WildCharge,FlareBlitz,Protect|||F|||50|,,,,,Water]Tyranitar||AssaultVest|SandStream|RockSlide,TeraBlast,KnockOff,HighHorsepower|||M|||50|,,,,,Flying]Sneasler||PsychicSeed|Unburden|DireClaw,CloseCombat,Protect,Acrobatics|||M|||50|,,,,,Flying]Indeedee||FocusSash|PsychicSurge|DazzlingGleam,ExpandingForce,Psychic,TrickRoom|||M|||50|,,,,,Dark
|
|t:|1756950942
|teamsize|p1|4
|teamsize|p2|4
|start
|switch|p1a: Sneasler|Sneasler, L50, M|100/100
|switch|p1b: Garchomp|Garchomp, L50, F|100/100
|switch|p2a: Indeedee|Indeedee, L50, M|100/100
|switch|p2b: Arcanine|Arcanine-Hisui, L50, F|100/100
|-ability|p2b: Arcanine|Intimidate|boost
|-unboost|p1a: Sneasler|atk|1
|-fail|p1b: Garchomp|unboost|[from] item: Clear Amulet|[of] p1b: Garchomp
|-fieldstart|move: Psychic Terrain|[from] ability: Psychic Surge|[of] p2a: Indeedee
|turn|1
|
|t:|1756950968
|switch|p1a: Incineroar|Incineroar, L50, F|100/100
|-ability|p1a: Incineroar|Intimidate|boost
|-unboost|p2a: Indeedee|atk|1
|-fail|p2b: Arcanine|unboost|[from] item: Clear Amulet|[of] p2b: Arcanine
|-terastallize|p2b: Arcanine|Water
|move|p1b: Garchomp|Stomping Tantrum|p2b: Arcanine
|-damage|p2b: Arcanine|53/100
|move|p2b: Arcanine|Rock Slide|p1a: Incineroar|[spread] p1a,p1b
|-supereffective|p1a: Incineroar
|-resisted|p1b: Garchomp
|-damage|p1a: Incineroar|50/100
|-damage|p1b: Garchomp|86/100
|move|p2a: Indeedee|Dazzling Gleam|p1b: Garchomp|[spread] p1a,p1b
|-supereffective|p1b: Garchomp
|-damage|p1a: Incineroar|35/100
|-damage|p1b: Garchomp|42/100
|
|upkeep
|turn|2
|
|t:|1756950992
|switch|p1a: Porygon2|Porygon2, L50|100/100
|-ability|p1a: Porygon2|Download|boost
|-boost|p1a: Porygon2|atk|1
|move|p1b: Garchomp|Protect|p1b: Garchomp
|-singleturn|p1b: Garchomp|Protect
|move|p2b: Arcanine|Rock Slide|p1b: Garchomp|[spread] p1a
|-activate|p1b: Garchomp|move: Protect
|-damage|p1a: Porygon2|83/100
|move|p2a: Indeedee|Dazzling Gleam|p1b: Garchomp|[spread] p1a
|-activate|p1b: Garchomp|move: Protect
|-damage|p1a: Porygon2|69/100
|
|upkeep
|turn|3
|
|t:|1756951012
|switch|p1b: Sneasler|Sneasler, L50, M|100/100
|move|p2b: Arcanine|Rock Slide|p1a: Porygon2|[spread] 
|-miss|p2b: Arcanine|p1a: Porygon2
|-miss|p2b: Arcanine|p1b: Sneasler
|move|p2a: Indeedee|Dazzling Gleam|p1b: Sneasler|[spread] p1a,p1b
|-damage|p1a: Porygon2|57/100
|-damage|p1b: Sneasler|72/100
|move|p1a: Porygon2|Tera Blast|p2b: Arcanine
|-damage|p2b: Arcanine|17/100
|
|upkeep
|turn|4
|
|t:|1756951036
|move|p2b: Arcanine|Protect|p2b: Arcanine
|-singleturn|p2b: Arcanine|Protect
|move|p1b: Sneasler|Dire Claw|p2a: Indeedee
|-damage|p2a: Indeedee|27/100
|-status|p2a: Indeedee|slp
|cant|p2a: Indeedee|slp
|move|p1a: Porygon2|Recover|p1a: Porygon2
|-heal|p1a: Porygon2|100/100
|
|upkeep
|turn|5
|
|t:|1756951056
|move|p1b: Sneasler|Dire Claw|p2b: Arcanine
|-damage|p2b: Arcanine|0 fnt
|faint|p2b: Arcanine
|-curestatus|p2a: Indeedee|slp|[msg]
|move|p2a: Indeedee|Expanding Force|p1a: Porygon2|[spread] p1a,p1b
|-supereffective|p1b: Sneasler
|-damage|p1a: Porygon2|63/100
|-damage|p1b: Sneasler|0 fnt
|faint|p1b: Sneasler
|move|p1a: Porygon2|Tera Blast|p2a: Indeedee
|-damage|p2a: Indeedee|0 fnt
|faint|p2a: Indeedee
|
|-fieldend|move: Psychic Terrain
|upkeep
|
|t:|1756951060
|switch|p1b: Incineroar|Incineroar, L50, F|35/100
|switch|p2b: Ursaluna|Ursaluna-Bloodmoon, L50, M|100/100
|switch|p2a: Sneasler|Sneasler, L50, M|100/100
|-ability|p1b: Incineroar|Intimidate|boost
|-unboost|p2a: Sneasler|atk|1
|-unboost|p2b: Ursaluna|atk|1
|turn|6
|
|t:|1756951089
|move|p1b: Incineroar|Fake Out|p2a: Sneasler
|-damage|p2a: Sneasler|81/100
|cant|p2a: Sneasler|flinch
|move|p2b: Ursaluna|Hyper Voice|p1a: Porygon2|[spread] p1a,p1b
|-damage|p1a: Porygon2|41/100
|-damage|p1b: Incineroar|7/100
|-enditem|p2b: Ursaluna|Throat Spray
|-boost|p2b: Ursaluna|spa|1|[from] item: Throat Spray
|move|p1a: Porygon2|Ice Beam|p2b: Ursaluna
|-supereffective|p2b: Ursaluna
|-damage|p2b: Ursaluna|42/100
|
|upkeep
|turn|7
|
|t:|1756951132
|-terastallize|p1a: Porygon2|Ground
|move|p2a: Sneasler|Close Combat|p1a: Porygon2
|-damage|p1a: Porygon2|14/100
|-unboost|p2a: Sneasler|def|1
|-unboost|p2a: Sneasler|spd|1
|move|p1b: Incineroar|Knock Off|p2b: Ursaluna
|-crit|p2b: Ursaluna
|-damage|p2b: Ursaluna|14/100
|move|p2b: Ursaluna|Hyper Voice|p1b: Incineroar|[spread] p1a,p1b
|-damage|p1a: Porygon2|0 fnt
|-damage|p1b: Incineroar|0 fnt
|faint|p1a: Porygon2
|faint|p1b: Incineroar
|
|upkeep
|
|t:|1756951144
|switch|p1b: Garchomp|Garchomp, L50, F|42/100
|turn|8
|
|t:|1756951153
|move|p2a: Sneasler|Dire Claw|p1b: Garchomp
|-resisted|p1b: Garchomp
|-damage|p1b: Garchomp|26/100
|-damage|p2a: Sneasler|69/100|[from] ability: Rough Skin|[of] p1b: Garchomp
|move|p1b: Garchomp|Earthquake|p2b: Ursaluna|[spread] p2a,p2b
|-supereffective|p2a: Sneasler
|-damage|p2a: Sneasler|0 fnt
|-damage|p2b: Ursaluna|0 fnt
|faint|p2a: Sneasler
|faint|p2b: Ursaluna
|
|win|emptinessmach
|inactive|emptinessmach has 30 seconds to confirm battle start!
|inactive|Kurolax has 30 seconds to confirm battle start!
||Kurolax is ready for game 2.
||emptinessmach is ready for game 2.
|uhtml|next|Next: Game 2 of 3
|l|☆Kurolax
|player|p2|
