|j|☆spoolingus
|j|☆Jon Mateo
|html|spoolingusJon Mateo    
|uhtml|bestof|Game 2 of a best-of-3
|t:|1782236864
|gametype|doubles
|player|p1|spoolingus|102|1175
|player|p2|Jon Mateo|102|1232
|gen|9
|tier|[Gen 9 Champions] VGC 2026 Reg M-B (Bo3)
|rated|
|rule|Species Clause: Limit one of each Pokémon
|rule|Item Clause: Limit 1 of each item
|clearpoke
|poke|p1|Swampert, L50, F|
|poke|p1|Sinistcha, L50|
|poke|p1|Pelipper, L50, M|
|poke|p1|Archaludon, L50, F|
|poke|p1|Grimmsnarl, L50, M|
|poke|p1|Metagross, L50|
|poke|p2|Ninetales-Alola, L50, M|
|poke|p2|Milotic, L50, M|
|poke|p2|Snorlax, L50, M|
|poke|p2|Blaziken, L50, M|
|poke|p2|Aerodactyl, L50, F|
|poke|p2|Aegislash, L50, M|
|teampreview|4
|showteam|p1|Swampert||Swampertite|Torrent|WaveCrash,HighHorsepower,KnockOff,Protect|Adamant||F|||50|]Sinistcha||KasibBerry|Hospitality|MatchaGotcha,RagePowder,TrickRoom,LifeDew|Bold|||||50|]Pelipper||FocusSash|Drizzle|WeatherBall,Hurricane,Tailwind,Protect|Modest||M|||50|]Archaludon||Leftovers|Stamina|ElectroShot,DragonPulse,FlashCannon,Protect|Calm||F|||50|]Grimmsnarl||LightClay|Prankster|FoulPlay,Reflect,LightScreen,PartingShot|Calm||M|||50|]Metagross||Metagrossite|ClearBody|PsychicFangs,IronHead,BodyPress,Protect|Jolly|||||50|
|showteam|p2|Ninetales-Alola||ChoiceScarf|SnowWarning|Blizzard,FreezeDry,Psyshock,Moonblast|Modest||M|||50|]Milotic||Leftovers|Competitive|Scald,Blizzard,Protect,Recover|Bold||M|||50|]Snorlax||SitrusBerry|ThickFat|Curse,BodySlam,Yawn,HighHorsepower|Impish||M|||50|]Blaziken||FocusSash|SpeedBoost|Protect,CloseCombat,BlazeKick,Coaching|Adamant||M|||50|]Aerodactyl||Aerodactylite|Unnerve|DualWingbeat,RockSlide,Protect,Tailwind|Jolly||F|||50|]Aegislash||SpellTag|StanceChange|ShadowSneak,Poltergeist,IronHead,KingsShield|Adamant||M|||50|
|inactive|Battle timer is ON: inactive players will automatically lose when time's up. (requested by spoolingus)
|inactive|Jon Mateo has 60 seconds left.
|inactive|Jon Mateo has 30 seconds left.
|inactive|Jon Mateo has 20 seconds left.
|inactive|Jon Mateo has 15 seconds left.
|inactive|Jon Mateo has 10 seconds left.
|inactive|Jon Mateo has 5 seconds left.
|
|t:|1782236990
|teamsize|p1|4
|teamsize|p2|4
|start
|switch|p1a: Metagross|Metagross, L50|100/100
|switch|p1b: Grimmsnarl|Grimmsnarl, L50, M|100/100
|switch|p2a: Aegislash|Aegislash, L50, M|100/100
|switch|p2b: Snorlax|Snorlax, L50, M|100/100
|turn|1
|inactive|spoolingus has 30 seconds left.
|
|t:|1782237018
|switch|p1a: Archaludon|Archaludon, L50, F|100/100
|move|p1b: Grimmsnarl|Reflect|p1b: Grimmsnarl
|-sidestart|p1: spoolingus|Reflect
|-formechange|p2a: Aegislash|Aegislash-Blade|
|move|p2a: Aegislash|Iron Head|p1b: Grimmsnarl
|-supereffective|p1b: Grimmsnarl|1
|-crit|p1b: Grimmsnarl
|-damage|p1b: Grimmsnarl|0 fnt
|faint|p1b: Grimmsnarl
|move|p2b: Snorlax|Curse|p2b: Snorlax
|-unboost|p2b: Snorlax|spe|1
|-boost|p2b: Snorlax|atk|1
|-boost|p2b: Snorlax|def|1
|
|upkeep
|
|t:|1782237029
|switch|p1b: Pelipper|Pelipper, L50, M|100/100
|-weather|RainDance|[from] ability: Drizzle|[of] p1b: Pelipper
|turn|2
|
|t:|1782237042
|-formechange|p2a: Aegislash|Aegislash|
|move|p2a: Aegislash|King's Shield|p2a: Aegislash
|-singleturn|p2a: Aegislash|Protect
|move|p1a: Archaludon|Electro Shot||[still]
|-prepare|p1a: Archaludon|Electro Shot
|-boost|p1a: Archaludon|spa|1
|-anim|p1a: Archaludon|Electro Shot|p2b: Snorlax
|-damage|p2b: Snorlax|68/100
|move|p1b: Pelipper|Weather Ball|p2b: Snorlax
|-damage|p2b: Snorlax|29/100
|-enditem|p2b: Snorlax|Sitrus Berry|[eat]
|-heal|p2b: Snorlax|54/100|[from] item: Sitrus Berry
|move|p2b: Snorlax|Yawn|p1a: Archaludon
|-start|p1a: Archaludon|move: Yawn|[of] p2b: Snorlax
|
|-weather|RainDance|[upkeep]
|upkeep
|turn|3
|
|t:|1782237066
|move|p1a: Archaludon|Flash Cannon|p2a: Aegislash
|-resisted|p2a: Aegislash|1
|-damage|p2a: Aegislash|77/100
|move|p1b: Pelipper|Weather Ball|p2b: Snorlax
|-damage|p2b: Snorlax|9/100
|-formechange|p2a: Aegislash|Aegislash-Blade|
|move|p2a: Aegislash|Iron Head|p1b: Pelipper
|-resisted|p1b: Pelipper|1
|-damage|p1b: Pelipper|80/100
|move|p2b: Snorlax|Body Slam|p1b: Pelipper
|-damage|p1b: Pelipper|24/100
|
|-weather|RainDance|[upkeep]
|-end|p1a: Archaludon|move: Yawn|[silent]
|-status|p1a: Archaludon|slp
|upkeep
|turn|4
|
|t:|1782237086
|move|p2a: Aegislash|Shadow Sneak|p1b: Pelipper
|-damage|p1b: Pelipper|0 fnt
|faint|p1b: Pelipper
|cant|p1a: Archaludon|slp
|move|p2b: Snorlax|High Horsepower|p1a: Archaludon
|-supereffective|p1a: Archaludon|1
|-damage|p1a: Archaludon|58/100 slp
|-ability|p1a: Archaludon|Stamina|boost
|-boost|p1a: Archaludon|def|1
|
|-weather|RainDance|[upkeep]
|-heal|p1a: Archaludon|65/100 slp|[from] item: Leftovers
|upkeep
|
|t:|1782237087
|switch|p1b: Metagross|Metagross, L50|100/100
|turn|5
|inactive|Jon Mateo has 30 seconds left.
|inactive|Jon Mateo has 20 seconds left.
|
|t:|1782237126
|detailschange|p1b: Metagross|Metagross-Mega, L50
|-mega|p1b: Metagross|Metagross|Metagrossite
|move|p1b: Metagross|Protect|p1b: Metagross
|-singleturn|p1b: Metagross|Protect
|cant|p1a: Archaludon|slp
|move|p2a: Aegislash|Poltergeist|p1b: Metagross
|-activate|p1b: Metagross|move: Protect
|move|p2b: Snorlax|High Horsepower|p1b: Metagross
|-activate|p1b: Metagross|move: Protect
|
|-weather|RainDance|[upkeep]
|-heal|p1a: Archaludon|71/100 slp|[from] item: Leftovers
|upkeep
|turn|6
|
|t:|1782237141
|move|p1b: Metagross|Psychic Fangs|p2b: Snorlax
|-damage|p2b: Snorlax|0 fnt
|faint|p2b: Snorlax
|-curestatus|p1a: Archaludon|slp|[msg]
|move|p1a: Archaludon|Electro Shot||[still]
|-prepare|p1a: Archaludon|Electro Shot
|-boost|p1a: Archaludon|spa|1
|-anim|p1a: Archaludon|Electro Shot|p2a: Aegislash
|-damage|p2a: Aegislash|0 fnt
|faint|p2a: Aegislash
|
|-weather|none
|-heal|p1a: Archaludon|77/100|[from] item: Leftovers
|upkeep
|
|t:|1782237144
|switch|p2a: Ninetales|Ninetales-Alola, L50, M|100/100
|switch|p2b: Blaziken|Blaziken, L50, M|100/100
|-weather|Snowscape|[from] ability: Snow Warning|[of] p2a: Ninetales
|turn|7
|
|t:|1782237155
|move|p2a: Ninetales|Blizzard|p1b: Metagross|[spread] p1a,p1b
|-resisted|p1b: Metagross|1
|-damage|p1a: Archaludon|44/100
|-damage|p1b: Metagross|80/100
|-status|p1b: Metagross|frz
|-ability|p1a: Archaludon|Stamina|boost
|-boost|p1a: Archaludon|def|1
|cant|p1b: Metagross|frz
|move|p2b: Blaziken|Blaze Kick|p1b: Metagross
|-supereffective|p1b: Metagross|1
|-damage|p1b: Metagross|29/100 frz
|-curestatus|p1b: Metagross|frz|[msg]
|move|p1a: Archaludon|Flash Cannon|p2a: Ninetales
|-supereffective|p2a: Ninetales|2
|-damage|p2a: Ninetales|0 fnt
|faint|p2a: Ninetales
|
|-weather|Snowscape|[upkeep]
|-heal|p1a: Archaludon|51/100|[from] item: Leftovers
|-ability|p2b: Blaziken|Speed Boost|boost
|-boost|p2b: Blaziken|spe|1
|upkeep
|turn|8
|
|t:|1782237171
|move|p2b: Blaziken|Protect|p2b: Blaziken
|-singleturn|p2b: Blaziken|Protect
|move|p1b: Metagross|Protect|p1b: Metagross
|-singleturn|p1b: Metagross|Protect
|move|p1a: Archaludon|Dragon Pulse|p2b: Blaziken
|-activate|p2b: Blaziken|move: Protect
|
|-weather|Snowscape|[upkeep]
|-heal|p1a: Archaludon|57/100|[from] item: Leftovers
|-sideend|p1: spoolingus|Reflect
|-ability|p2b: Blaziken|Speed Boost|boost
|-boost|p2b: Blaziken|spe|1
|upkeep
|turn|9
|
|t:|1782237177
|move|p2b: Blaziken|Close Combat|p1a: Archaludon
|-supereffective|p1a: Archaludon|1
|-damage|p1a: Archaludon|9/100
|-unboost|p2b: Blaziken|def|1
|-unboost|p2b: Blaziken|spd|1
|-ability|p1a: Archaludon|Stamina|boost
|-boost|p1a: Archaludon|def|1
|move|p1b: Metagross|Psychic Fangs|p2b: Blaziken
|-supereffective|p2b: Blaziken|1
|-enditem|p2b: Blaziken|Focus Sash
|-damage|p2b: Blaziken|1/100
|move|p1a: Archaludon|Dragon Pulse|p2b: Blaziken
|-damage|p2b: Blaziken|0 fnt
|faint|p2b: Blaziken
|
|win|spoolingus
|raw|spoolingus's rating: 1175 → 1204(+29 for winning)
|raw|Jon Mateo's rating: 1232 → 1203(-29 for losing)
