|j|☆Bug!Bug!Survival
|j|☆testdigi
|html|Bug!Bug!Survivaltestdigi    
|uhtml|bestof|Game 2 of a best-of-3
|t:|1785325829
|gametype|doubles
|player|p1|Bug!Bug!Survival|169|1209
|player|p2|testdigi|169|1131
|gen|9
|tier|[Gen 9 Champions] VGC 2026 Reg M-B (Bo3)
|rated|
|rule|Species Clause: Limit one of each Pokémon
|rule|Item Clause: Limit 1 of each item
|clearpoke
|poke|p1|Bellibolt, L50, M|
|poke|p1|Rotom-Heat, L50|
|poke|p1|Sceptile, L50, M|
|poke|p1|Aerodactyl, L50, M|
|poke|p1|Garchomp, L50, M|
|poke|p1|Meowscarada, L50, M|
|poke|p2|Tyranitar, L50, M|
|poke|p2|Excadrill, L50, F|
|poke|p2|Gholdengo, L50, shiny|
|poke|p2|Milotic, L50, F, shiny|
|poke|p2|Sinistcha, L50|
|poke|p2|Staraptor, L50, M|
|teampreview|4
|showteam|p1|Bellibolt||BigRoot|Electromorphosis|ParabolicCharge,Soak,SlackOff,SuckerPunch|Relaxed||M|||50|]Rotom-Heat||ChoiceScarf|Levitate|Discharge,Overheat,WillOWisp,Trick|Timid|||||50|]Sceptile||Sceptilite|Overgrow|Detect,LeafStorm,DragonPulse,EarthPower|Timid||M|||50|]Aerodactyl||FocusSash|Unnerve|Protect,Tailwind,RockSlide,DualWingbeat|Adamant||M|||50|]Garchomp||ExpertBelt|RoughSkin|Earthquake,Liquidation,IronHead,RockSlide|Adamant||M|||50|]Meowscarada||LifeOrb|Protean|TripleAxel,LowKick,KnockOff,FlowerTrick|Jolly||M|||50|
|showteam|p2|Tyranitar||Tyranitarite|SandStream|RockSlide,KnockOff,LowKick,Protect|Jolly||M|||50|]Excadrill||FocusSash|SandRush|HighHorsepower,IronHead,RockSlide,Protect|Adamant||F|||50|]Gholdengo||LifeOrb|GoodasGold|ShadowBall,MakeItRain,NastyPlot,Protect|Modest|||||50|]Milotic||SitrusBerry|Competitive|Scald,IceBeam,IcyWind,Protect|Calm||F|||50|]Sinistcha||ColburBerry|Hospitality|MatchaGotcha,LifeDew,RagePowder,Protect|Bold|||||50|]Staraptor||Staraptite|Intimidate|CloseCombat,BraveBird,Tailwind,Protect|Jolly||M|||50|
|
|t:|1785325907
|teamsize|p1|4
|teamsize|p2|4
|start
|switch|p1a: Rotom|Rotom-Heat, L50|100/100
|switch|p1b: Sceptile|Sceptile, L50, M|100/100
|switch|p2a: Milotic|Milotic, L50, F, shiny|100/100
|switch|p2b: Staraptor|Staraptor, L50, M|100/100
|-ability|p2b: Staraptor|Intimidate|boost
|-unboost|p1a: Rotom|atk|1
|-unboost|p1b: Sceptile|atk|1
|turn|1
|
|t:|1785325942
|detailschange|p1b: Sceptile|Sceptile-Mega, L50, M
|-mega|p1b: Sceptile|Sceptile|Sceptilite
|move|p2b: Staraptor|Protect|p2b: Staraptor
|-singleturn|p2b: Staraptor|Protect
|move|p1a: Rotom|Discharge|p2a: Milotic|[spread] p2a
|-activate|p2b: Staraptor|move: Protect
|-ability|p1b: Sceptile|Lightning Rod|boost
|-boost|p1b: Sceptile|spa|1
|-supereffective|p2a: Milotic|1
|-damage|p2a: Milotic|64/100
|move|p1b: Sceptile|Dragon Pulse|p2b: Staraptor
|-activate|p2b: Staraptor|move: Protect
|move|p2a: Milotic|Ice Beam|p1b: Sceptile
|-supereffective|p1b: Sceptile|2
|-damage|p1b: Sceptile|0 fnt
|faint|p1b: Sceptile
|
|upkeep
|
|t:|1785325949
|switch|p1b: Bellibolt|Bellibolt, L50, M|100/100
|turn|2
|
|t:|1785325969
|switch|p2b: Tyranitar|Tyranitar, L50, M|100/100
|-weather|Sandstorm|[from] ability: Sand Stream|[of] p2b: Tyranitar
|move|p1a: Rotom|Discharge|p2b: Tyranitar|[spread] p1b,p2a,p2b
|-resisted|p1b: Bellibolt|1
|-supereffective|p2a: Milotic|1
|-crit|p2a: Milotic
|-damage|p1b: Bellibolt|85/100
|-damage|p2a: Milotic|10/100
|-damage|p2b: Tyranitar|83/100
|-status|p2b: Tyranitar|par
|-start|p1b: Bellibolt|Charge|Discharge|[from] ability: Electromorphosis
|-enditem|p2a: Milotic|Sitrus Berry|[eat]
|-heal|p2a: Milotic|35/100|[from] item: Sitrus Berry
|move|p2a: Milotic|Scald|p1a: Rotom
|-supereffective|p1a: Rotom|1
|-damage|p1a: Rotom|13/100
|move|p1b: Bellibolt|Parabolic Charge|p2a: Milotic|[spread] p1a,p2a,p2b
|-resisted|p1a: Rotom|1
|-supereffective|p2a: Milotic|1
|-damage|p1a: Rotom|0 fnt
|-heal|p1b: Bellibolt|91/100|[from] drain|[of] p1a: Rotom
|-damage|p2a: Milotic|0 fnt
|-heal|p1b: Bellibolt|100/100|[from] drain|[of] p2a: Milotic
|-damage|p2b: Tyranitar|57/100 par
|faint|p1a: Rotom
|faint|p2a: Milotic
|-end|p1b: Bellibolt|Charge|[silent]
|
|-weather|Sandstorm|[upkeep]
|-damage|p1b: Bellibolt|94/100|[from] Sandstorm
|upkeep
|
|t:|1785325995
|switch|p1a: Garchomp|Garchomp, L50, M|100/100
|switch|p2a: Gholdengo|Gholdengo, L50, shiny|100/100
|turn|3
|
|t:|1785326011
|switch|p2b: Staraptor|Staraptor, L50, M|100/100
|-ability|p2b: Staraptor|Intimidate|boost
|-unboost|p1a: Garchomp|atk|1
|-unboost|p1b: Bellibolt|atk|1
|move|p2a: Gholdengo|Nasty Plot|p2a: Gholdengo
|-boost|p2a: Gholdengo|spa|2
|move|p1a: Garchomp|Liquidation|p2b: Staraptor
|-damage|p2b: Staraptor|73/100
|move|p1b: Bellibolt|Soak|p2a: Gholdengo
|-immune|p2a: Gholdengo|[from] ability: Good as Gold
|
|-weather|Sandstorm|[upkeep]
|-damage|p2b: Staraptor|67/100|[from] Sandstorm
|-damage|p1b: Bellibolt|88/100|[from] Sandstorm
|upkeep
|turn|4
|
|t:|1785326038
|switch|p2b: Tyranitar|Tyranitar, L50, M|57/100 par
|move|p2a: Gholdengo|Shadow Ball|p1b: Bellibolt
|-damage|p1b: Bellibolt|0 fnt
|faint|p1b: Bellibolt
|-damage|p2a: Gholdengo|90/100|[from] item: Life Orb
|move|p1a: Garchomp|Liquidation|p2b: Tyranitar
|-supereffective|p2b: Tyranitar|1
|-damage|p2b: Tyranitar|7/100 par
|
|-weather|Sandstorm|[upkeep]
|upkeep
|turn|5
|-message|Bug!Bug!Survival forfeited.
|
|win|testdigi
