|j|☆Squ1dge_
|j|☆Low Tier Goodra
|html|Squ1dge_Low Tier Goodra    
|uhtml|bestof|Game 1 of a best-of-3
|t:|1757682567
|gametype|doubles
|player|p1|Squ1dge_|101|1466
|player|p2|Low Tier Goodra|jasmine|1440
|gen|9
|tier|[Gen 9] VGC 2025 Reg H (Bo3)
|rated|
|rule|Species Clause: Limit one of each Pokémon
|rule|Item Clause: Limit 1 of each item
|clearpoke
|poke|p1|Gholdengo, L50|
|poke|p1|Sneasler, L50, M|
|poke|p1|Rillaboom, L50, F|
|poke|p1|Dragonite, L50, F|
|poke|p1|Ninetales-Alola, L50, M|
|poke|p1|Arcanine-Hisui, L50, F|
|poke|p2|Armarouge, L50, M|
|poke|p2|Torkoal, L50, F|
|poke|p2|Sinistcha-Masterpiece, L50|
|poke|p2|Rillaboom, L50, M|
|poke|p2|Ursaluna, L50, F|
|poke|p2|Incineroar, L50, M|
|teampreview|4
|showteam|p1|Gholdengo||GrassySeed|GoodasGold|NastyPlot,MakeItRain,ShadowBall,Protect||||||50|,,,,,Water]Sneasler||WhiteHerb|Unburden|CloseCombat,DireClaw,Coaching,Protect|||M|||50|,,,,,Ghost]Rillaboom||AssaultVest|GrassySurge|FakeOut,GrassyGlide,DrumBeating,HighHorsepower|||F|||50|,,,,,Fire]Dragonite||LoadedDice|Multiscale|ScaleShot,StompingTantrum,Tailwind,Protect|||F|||50|,,,,,Ground]Ninetales-Alola||FocusSash|SnowWarning|Blizzard,IcyWind,Encore,AuroraVeil|||M|||50|,,,,,Ghost]Arcanine-Hisui||ClearAmulet|Intimidate|RockSlide,FlareBlitz,ExtremeSpeed,Protect|||F|||50|,,,,,Water
|showteam|p2|Armarouge||MentalHerb|FlashFire|ArmorCannon,ExpandingForce,TrickRoom,Protect|||M|||50|,,,,,Grass]Torkoal||Leftovers|Drought|Eruption,WeatherBall,EarthPower,Protect|||F|||50|,,,,,Fire]Sinistcha-Masterpiece||GrassySeed|Heatproof|MatchaGotcha,ShadowBall,CalmMind,TrickRoom||||||50|,,,,,Fairy]Rillaboom||CovertCloak|GrassySurge|WoodHammer,Uturn,Taunt,FakeOut|||M|||50|,,,,,Water]Ursaluna||FlameOrb|Guts|HeadlongRush,Facade,Substitute,Protect|||F|||50|,,,,,Ghost]Incineroar||SafetyGoggles|Intimidate|FlareBlitz,KnockOff,Taunt,FakeOut|||M|||50|,,,,,Ghost
|
|t:|1757682617
|teamsize|p1|4
|teamsize|p2|4
|start
|switch|p1a: Gholdengo|Gholdengo, L50|100/100
|switch|p1b: Rillaboom|Rillaboom, L50, F|100/100
|switch|p2a: Rillaboom|Rillaboom, L50, M|100/100
|switch|p2b: Armarouge|Armarouge, L50, M|100/100
|-fieldstart|move: Grassy Terrain|[from] ability: Grassy Surge|[of] p1b: Rillaboom
|-enditem|p1a: Gholdengo|Grassy Seed
|-boost|p1a: Gholdengo|def|1|[from] item: Grassy Seed
|turn|1
|
|t:|1757682652
|move|p1b: Rillaboom|Fake Out|p2b: Armarouge
|-damage|p2b: Armarouge|90/100
|move|p1a: Gholdengo|Nasty Plot|p1a: Gholdengo
|-boost|p1a: Gholdengo|spa|2
|move|p2a: Rillaboom|U-turn|p1b: Rillaboom
|-supereffective|p1b: Rillaboom
|-damage|p1b: Rillaboom|44/100
|
|t:|1757682660
|switch|p2a: Sinistcha|Sinistcha-Masterpiece, L50|100/100|[from] U-turn
|-enditem|p2a: Sinistcha|Grassy Seed
|-boost|p2a: Sinistcha|def|1|[from] item: Grassy Seed
|cant|p2b: Armarouge|flinch
|
|-heal|p1b: Rillaboom|50/100|[from] Grassy Terrain
|-heal|p2b: Armarouge|96/100|[from] Grassy Terrain
|upkeep
|turn|2
|
|t:|1757682680
|move|p1b: Rillaboom|Drum Beating|p2a: Sinistcha
|-resisted|p2a: Sinistcha
|-damage|p2a: Sinistcha|86/100
|-unboost|p2a: Sinistcha|spe|1
|move|p1a: Gholdengo|Make It Rain|p2b: Armarouge|[spread] p2a,p2b
|-resisted|p2b: Armarouge
|-damage|p2a: Sinistcha|0 fnt
|-damage|p2b: Armarouge|65/100
|-unboost|p1a: Gholdengo|spa|1
|faint|p2a: Sinistcha
|move|p2b: Armarouge|Trick Room|p2b: Armarouge
|-fieldstart|move: Trick Room|[of] p2b: Armarouge
|
|-heal|p2b: Armarouge|71/100|[from] Grassy Terrain
|-heal|p1b: Rillaboom|56/100|[from] Grassy Terrain
|upkeep
|
|t:|1757682694
|switch|p2a: Ursaluna|Ursaluna, L50, F|100/100
|turn|3
|
|t:|1757682710
|switch|p1b: Arcanine|Arcanine-Hisui, L50, F|100/100
|-ability|p1b: Arcanine|Intimidate|boost
|-unboost|p2a: Ursaluna|atk|1
|-unboost|p2b: Armarouge|atk|1
|-terastallize|p1a: Gholdengo|Water
|move|p2a: Ursaluna|Substitute|p2a: Ursaluna
|-start|p2a: Ursaluna|Substitute
|-damage|p2a: Ursaluna|76/100
|move|p2b: Armarouge|Armor Cannon|p1b: Arcanine
|-resisted|p1b: Arcanine
|-damage|p1b: Arcanine|84/100
|-unboost|p2b: Armarouge|def|1
|-unboost|p2b: Armarouge|spd|1
|move|p1a: Gholdengo|Make It Rain|p2b: Armarouge|[spread] p2a,p2b
|-end|p2a: Ursaluna|Substitute
|-resisted|p2b: Armarouge
|-damage|p2b: Armarouge|32/100
|-unboost|p1a: Gholdengo|spa|1
|
|-heal|p2a: Ursaluna|82/100|[from] Grassy Terrain
|-heal|p2b: Armarouge|38/100|[from] Grassy Terrain
|-heal|p1b: Arcanine|90/100|[from] Grassy Terrain
|-status|p2a: Ursaluna|brn|[from] item: Flame Orb
|upkeep
|turn|4
|
|t:|1757682734
|switch|p2b: Rillaboom|Rillaboom, L50, M|100/100
|switch|p1b: Rillaboom|Rillaboom, L50, F|56/100
|move|p1a: Gholdengo|Protect|p1a: Gholdengo
|-singleturn|p1a: Gholdengo|Protect
|move|p2a: Ursaluna|Headlong Rush|p1b: Rillaboom
|-resisted|p1b: Rillaboom
|-damage|p1b: Rillaboom|23/100
|-unboost|p2a: Ursaluna|def|1
|-unboost|p2a: Ursaluna|spd|1
|
|-heal|p2a: Ursaluna|87/100 brn|[from] Grassy Terrain
|-heal|p1b: Rillaboom|29/100|[from] Grassy Terrain
|-damage|p2a: Ursaluna|82/100 brn|[from] brn
|upkeep
|turn|5
|
|t:|1757682750
|-terastallize|p2a: Ursaluna|Ghost
|move|p1b: Rillaboom|Fake Out|p2b: Rillaboom
|-damage|p2b: Rillaboom|86/100
|move|p2a: Ursaluna|Facade|p1b: Rillaboom
|-damage|p1b: Rillaboom|0 fnt
|faint|p1b: Rillaboom
|move|p2b: Rillaboom|Wood Hammer|p1a: Gholdengo
|-supereffective|p1a: Gholdengo
|-damage|p1a: Gholdengo|0 fnt
|faint|p1a: Gholdengo
|-damage|p2b: Rillaboom|52/100|[from] Recoil
|
|-heal|p2a: Ursaluna|87/100 brn|[from] Grassy Terrain
|-heal|p2b: Rillaboom|58/100|[from] Grassy Terrain
|-damage|p2a: Ursaluna|82/100 brn|[from] brn
|-fieldend|move: Grassy Terrain
|upkeep
|
|t:|1757682761
|switch|p1a: Ninetales|Ninetales-Alola, L50, M|100/100
|switch|p1b: Arcanine|Arcanine-Hisui, L50, F|90/100
|-ability|p1b: Arcanine|Intimidate|boost
|-unboost|p2a: Ursaluna|atk|1
|-unboost|p2b: Rillaboom|atk|1
|-weather|Snowscape|[from] ability: Snow Warning|[of] p1a: Ninetales
|turn|6
|
|t:|1757682787
|move|p2a: Ursaluna|Facade|p1a: Ninetales
|-damage|p1a: Ninetales|33/100
|move|p2b: Rillaboom|Wood Hammer|p1a: Ninetales
|-damage|p1a: Ninetales|0 fnt
|faint|p1a: Ninetales
|-damage|p2b: Rillaboom|50/100|[from] Recoil
|move|p1b: Arcanine|Rock Slide|p2b: Rillaboom|[spread] p2a,p2b
|-damage|p2a: Ursaluna|51/100 brn
|-damage|p2b: Rillaboom|23/100
|
|-weather|Snowscape|[upkeep]
|-damage|p2a: Ursaluna|45/100 brn|[from] brn
|-fieldend|move: Trick Room
|upkeep
|turn|7
|
|t:|1757682821
|move|p1b: Arcanine|Protect|p1b: Arcanine
|-singleturn|p1b: Arcanine|Protect
|move|p2b: Rillaboom|Wood Hammer|p1b: Arcanine
|-activate|p1b: Arcanine|move: Protect
|move|p2a: Ursaluna|Headlong Rush|p1b: Arcanine
|-activate|p1b: Arcanine|move: Protect
|
|-weather|Snowscape|[upkeep]
|-damage|p2a: Ursaluna|39/100 brn|[from] brn
|upkeep
|turn|8
|
|t:|1757682830
|move|p1b: Arcanine|Flare Blitz|p2a: Ursaluna
|-crit|p2a: Ursaluna
|-damage|p2a: Ursaluna|0 fnt
|faint|p2a: Ursaluna
|-damage|p1b: Arcanine|72/100|[from] Recoil
|move|p2b: Rillaboom|Wood Hammer|p1b: Arcanine
|-damage|p1b: Arcanine|15/100
|-damage|p2b: Rillaboom|5/100|[from] Recoil
|
|-weather|Snowscape|[upkeep]
|upkeep
|
|t:|1757682840
|switch|p2a: Armarouge|Armarouge, L50, M|38/100
|turn|9
|
|t:|1757682845
|move|p1b: Arcanine|Rock Slide|p2a: Armarouge|[spread] p2a,p2b
|-supereffective|p2a: Armarouge
|-damage|p2a: Armarouge|0 fnt
|-damage|p2b: Rillaboom|0 fnt
|faint|p2a: Armarouge
|faint|p2b: Rillaboom
|
|win|Squ1dge_
||Low Tier Goodra is ready for game 2.
||Squ1dge_ is ready for game 2.
|uhtml|next|Next: Game 2 of 3
