|j|☆Airgetsu
|j|☆iloveships
|html|Airgetsuiloveships    
|uhtml|bestof|Game 1 of a best-of-3
|t:|1785336705
|gametype|doubles
|player|p1|Airgetsu|102|1000
|player|p2|iloveships|emmet|1074
|gen|9
|tier|[Gen 9 Champions] VGC 2026 Reg M-B (Bo3)
|rated|
|rule|Species Clause: Limit one of each Pokémon
|rule|Item Clause: Limit 1 of each item
|clearpoke
|poke|p1|Tyranitar, L50, F, shiny|
|poke|p1|Houndstone, L50, M|
|poke|p1|Corviknight, L50, M, shiny|
|poke|p1|Eelektross, L50, M|
|poke|p1|Sinistcha-Masterpiece, L50|
|poke|p1|Garchomp, L50, M|
|poke|p2|Charizard, L50, M, shiny|
|poke|p2|Garchomp, L50, M|
|poke|p2|Incineroar, L50, M|
|poke|p2|Sylveon, L50, F, shiny|
|poke|p2|Aerodactyl, L50, M|
|poke|p2|Farigiraf, L50, F|
|teampreview|4
|showteam|p1|Tyranitar||Tyranitarite|SandStream|RockSlide,KnockOff,Protect,LowKick|Careful||F|||50|]Houndstone||Leftovers|SandRush|WillOWisp,Poltergeist,Protect,PsychicFangs|Impish||M|||50|]Corviknight||OccaBerry|MirrorArmor|Roost,BraveBird,IronHead,Tailwind|Careful||M|||50|]Eelektross||Eelektrossite|Levitate|Thunderbolt,GigaDrain,Flamethrower,Protect|Modest||M|||50|]Sinistcha-Masterpiece||SitrusBerry|Hospitality|MatchaGotcha,TrickRoom,LifeDew,RagePowder|Bold|||||50|]Garchomp||RoseliBerry|SandVeil|Earthquake,DragonClaw,RockSlide,Protect|Jolly||M|||50|
|showteam|p2|Charizard||CharizarditeY|Blaze|HeatWave,WeatherBall,SolarBeam,Protect|Modest||M|||50|]Garchomp||LifeOrb|RoughSkin|Earthquake,StompingTantrum,DragonClaw,Protect|Jolly||M|||50|]Incineroar||SitrusBerry|Intimidate|FakeOut,FlareBlitz,ThroatChop,PartingShot|Careful||M|||50|]Sylveon||FairyFeather|Pixilate|HyperVoice,QuickAttack,Moonblast,Detect|Modest||F|||50|]Aerodactyl||FocusSash|Unnerve|RockSlide,Protect,Tailwind,WideGuard|Jolly||M|||50|]Farigiraf||ColburBerry|ArmorTail|TwinBeam,Thunderbolt,TrickRoom,HelpingHand|Relaxed||F|||50|
|inactive|Battle timer is ON: inactive players will automatically lose when time's up. (requested by iloveships)
|inactive|Airgetsu has 60 seconds left.
|inactive|iloveships has 60 seconds left.
|j| senseii trey
|inactive|iloveships has 30 seconds left.
|inactive|iloveships has 20 seconds left.
|inactive|iloveships has 15 seconds left.
|inactive|iloveships has 10 seconds left.
|inactive|iloveships has 5 seconds left.
|
|t:|1785336791
|teamsize|p1|4
|teamsize|p2|4
|start
|switch|p1a: Eelektross|Eelektross, L50, M|100/100
|switch|p1b: Corviknight|Corviknight, L50, M, shiny|100/100
|switch|p2a: Aerodactyl|Aerodactyl, L50, M|100/100
|switch|p2b: Garchomp|Garchomp, L50, M|100/100
|-ability|p2a: Aerodactyl|Unnerve
|turn|1
|inactive|Airgetsu has 30 seconds left.
|inactive|iloveships has 30 seconds left.
|
|t:|1785336817
|detailschange|p1a: Eelektross|Eelektross-Mega, L50, M
|-mega|p1a: Eelektross|Eelektross|Eelektrossite
|move|p2a: Aerodactyl|Tailwind|p2a: Aerodactyl
|-sidestart|p2: iloveships|move: Tailwind
|move|p2b: Garchomp|Dragon Claw|p1a: Eelektross
|-damage|p1a: Eelektross|40/100
|-damage|p2b: Garchomp|90/100|[from] item: Life Orb
|move|p1a: Eelektross|Thunderbolt|p2a: Aerodactyl
|-supereffective|p2a: Aerodactyl|1
|-enditem|p2a: Aerodactyl|Focus Sash
|-damage|p2a: Aerodactyl|1/100
|move|p1b: Corviknight|Tailwind|p1b: Corviknight
|-sidestart|p1: Airgetsu|move: Tailwind
|
|upkeep
|turn|2
|
|t:|1785336842
|move|p1a: Eelektross|Protect|p1a: Eelektross
|-singleturn|p1a: Eelektross|Protect
|move|p2a: Aerodactyl|Rock Slide|p1b: Corviknight|[spread] p1b
|-activate|p1a: Eelektross|move: Protect
|-damage|p1b: Corviknight|81/100
|move|p2b: Garchomp|Dragon Claw|p1a: Eelektross
|-activate|p1a: Eelektross|move: Protect
|move|p1b: Corviknight|Iron Head|p2a: Aerodactyl
|-supereffective|p2a: Aerodactyl|1
|-damage|p2a: Aerodactyl|0 fnt
|faint|p2a: Aerodactyl
|
|upkeep
|
|t:|1785336861
|switch|p2a: Sylveon|Sylveon, L50, F, shiny|100/100
|turn|3
|
|t:|1785336877
|switch|p1b: Sinistcha|Sinistcha-Masterpiece, L50|100/100
|-heal|p1a: Eelektross|64/100|[from] ability: Hospitality|[of] p1b: Sinistcha
|move|p2a: Sylveon|Detect|p2a: Sylveon
|-singleturn|p2a: Sylveon|Protect
|move|p2b: Garchomp|Dragon Claw|p1a: Eelektross
|-damage|p1a: Eelektross|8/100
|-damage|p2b: Garchomp|80/100|[from] item: Life Orb
|move|p1a: Eelektross|Giga Drain|p2b: Garchomp
|-damage|p2b: Garchomp|52/100
|-heal|p1a: Eelektross|22/100|[from] drain|[of] p2b: Garchomp
|
|upkeep
|turn|4
|
|t:|1785336896
|move|p2b: Garchomp|Dragon Claw|p1b: Sinistcha
|-damage|p1b: Sinistcha|60/100
|-damage|p2b: Garchomp|43/100|[from] item: Life Orb
|move|p1a: Eelektross|Thunderbolt|p2a: Sylveon
|-damage|p2a: Sylveon|63/100
|move|p2a: Sylveon|Hyper Voice|p1b: Sinistcha|[spread] p1a,p1b
|-damage|p1a: Eelektross|0 fnt
|-damage|p1b: Sinistcha|9/100
|-enditem|p1b: Sinistcha|Sitrus Berry|[eat]
|-heal|p1b: Sinistcha|34/100|[from] item: Sitrus Berry
|faint|p1a: Eelektross
|move|p1b: Sinistcha|Trick Room|p1b: Sinistcha
|-fieldstart|move: Trick Room|[of] p1b: Sinistcha
|
|-sideend|p2: iloveships|move: Tailwind
|-sideend|p1: Airgetsu|move: Tailwind
|upkeep
|
|t:|1785336909
|switch|p1a: Corviknight|Corviknight, L50, M, shiny|81/100
|turn|5
|
|t:|1785336926
|move|p1a: Corviknight|Iron Head|p2a: Sylveon
|-supereffective|p2a: Sylveon|1
|-damage|p2a: Sylveon|2/100
|move|p1b: Sinistcha|Matcha Gotcha|p2a: Sylveon|[spread] p2a,p2b
|-damage|p2a: Sylveon|0 fnt
|-heal|p1b: Sinistcha|35/100|[from] drain|[of] p2a: Sylveon
|-damage|p2b: Garchomp|18/100
|-heal|p1b: Sinistcha|48/100|[from] drain|[of] p2b: Garchomp
|faint|p2a: Sylveon
|move|p2b: Garchomp|Dragon Claw|p1a: Corviknight
|-resisted|p1a: Corviknight|1
|-damage|p1a: Corviknight|60/100
|-damage|p2b: Garchomp|8/100|[from] item: Life Orb
|
|upkeep
|
|t:|1785336939
|switch|p2a: Incineroar|Incineroar, L50, M|100/100
|-ability|p2a: Incineroar|Intimidate|boost
|-ability|p1a: Corviknight|Mirror Armor
|-unboost|p2a: Incineroar|atk|1
|-unboost|p1b: Sinistcha|atk|1
|turn|6
|-message|iloveships forfeited.
|
|win|Airgetsu
