|j|☆ReshiramVG
|j|☆Rowletspin
|html|ReshiramVGRowletspin    
|uhtml|bestof|Game 1 of a best-of-3
|t:|1786150317
|gametype|doubles
|player|p1|ReshiramVG|hilbert|1186
|player|p2|Rowletspin|170|1238
|gen|9
|tier|[Gen 9 Champions] VGC 2026 Reg M-B (Bo3)
|rated|
|rule|Species Clause: Limit one of each Pokémon
|rule|Item Clause: Limit 1 of each item
|clearpoke
|poke|p1|Floette-Eternal, L50, F|
|poke|p1|Rotom-Wash, L50|
|poke|p1|Sinistcha-Masterpiece, L50|
|poke|p1|Incineroar, L50, M|
|poke|p1|Ceruledge, L50, F|
|poke|p1|Raichu, L50, M|
|poke|p2|Glimmora, L50, M|
|poke|p2|Ninetales-Alola, L50, M|
|poke|p2|Kingambit, L50, F|
|poke|p2|Kommo-o, L50, M|
|poke|p2|Whimsicott, L50, M|
|poke|p2|Basculegion, L50, M|
|teampreview|4
|showteam|p1|Floette-Eternal||Floettite|FlowerVeil|Protect,DazzlingGleam,DrainingKiss,CalmMind|Modest||F|||50|]Rotom-Wash||ChoiceScarf|Levitate|HydroPump,VoltSwitch,Electroweb,WillOWisp|Timid|||||50|]Sinistcha-Masterpiece||KasibBerry|Hospitality|Protect,MatchaGotcha,RagePowder,LifeDew|Bold|||||50|]Incineroar||SitrusBerry|Intimidate|FlareBlitz,ThroatChop,PartingShot,FakeOut|Impish||M|||50|]Ceruledge||ColburBerry|FlashFire|Protect,BitterBlade,ShadowSneak,BulkUp|Adamant||F|||50|]Raichu||RaichuniteY|Static|Protect,FakeOut,ZapCannon,FocusBlast|Timid||M|||50|
|showteam|p2|Glimmora||Glimmoranite|ToxicDebris|SludgeBomb,PowerGem,EarthPower,Protect|Timid||M|||50|]Ninetales-Alola||NeverMeltIce|SnowCloak|Blizzard,FreezeDry,Encore,Protect|Timid||M|||50|]Kingambit||ChopleBerry|Defiant|IronHead,KowtowCleave,SuckerPunch,Protect|Adamant||F|||50|]Kommo-o||LifeOrb|Soundproof|ClangingScales,AuraSphere,VacuumWave,Protect|Modest||M|||50|]Whimsicott||FocusSash|Prankster|Moonblast,Tailwind,Encore,Protect|Timid||M|||50|]Basculegion||ChoiceScarf|Adaptability|WaveCrash,LastRespects,AquaJet,FlipTurn|Jolly||M|||50|
|
|t:|1786150389
|teamsize|p1|4
|teamsize|p2|4
|start
|switch|p1a: Rotom|Rotom-Wash, L50|100/100
|switch|p1b: Raichu|Raichu, L50, M|100/100
|switch|p2a: Whimsicott|Whimsicott, L50, M|100/100
|switch|p2b: Glimmora|Glimmora, L50, M|100/100
|turn|1
|
|t:|1786150399
|detailschange|p1b: Raichu|Raichu-Mega-Y, L50, M
|-mega|p1b: Raichu|Raichu|Raichunite Y
|move|p2a: Whimsicott|Protect|p2a: Whimsicott
|-singleturn|p2a: Whimsicott|Protect
|move|p2b: Glimmora|Protect|p2b: Glimmora
|-singleturn|p2b: Glimmora|Protect
|move|p1b: Raichu|Fake Out|p2a: Whimsicott
|-activate|p2a: Whimsicott|move: Protect
|move|p1a: Rotom|Hydro Pump|p2b: Glimmora
|-activate|p2b: Glimmora|move: Protect
|
|upkeep
|turn|2
|
|t:|1786150433
|switch|p2b: Basculegion|Basculegion, L50, M|100/100
|move|p2a: Whimsicott|Encore|p1b: Raichu
|-start|p1b: Raichu|Encore
|move|p1b: Raichu|Fake Out||[still]
|-hint|Fake Out only works on your first turn out.
|-fail|p1b: Raichu
|move|p1a: Rotom|Hydro Pump|p2b: Basculegion
|-resisted|p2b: Basculegion|1
|-damage|p2b: Basculegion|78/100
|
|upkeep
|turn|3
|l|☆ReshiramVG
|player|p1|
|j|☆ReshiramVG
|player|p1|ReshiramVG|hilbert|
|
|t:|1786150472
|switch|p1a: Sinistcha|Sinistcha-Masterpiece, L50|100/100
|switch|p1b: Incineroar|Incineroar, L50, M|100/100
|-ability|p1b: Incineroar|Intimidate|boost
|-unboost|p2a: Whimsicott|atk|1
|-unboost|p2b: Basculegion|atk|1
|move|p2b: Basculegion|Wave Crash|p1b: Incineroar
|-supereffective|p1b: Incineroar|1
|-damage|p1b: Incineroar|16/100
|-enditem|p1b: Incineroar|Sitrus Berry|[eat]
|-heal|p1b: Incineroar|41/100|[from] item: Sitrus Berry
|-damage|p2b: Basculegion|50/100g|[from] Recoil
|move|p2a: Whimsicott|Moonblast|p1a: Sinistcha
|-damage|p1a: Sinistcha|66/100
|
|upkeep
|turn|4
|
|t:|1786150504
|switch|p2b: Glimmora|Glimmora, L50, M|100/100
|move|p2a: Whimsicott|Protect|p2a: Whimsicott
|-singleturn|p2a: Whimsicott|Protect
|move|p1b: Incineroar|Fake Out|p2a: Whimsicott
|-activate|p2a: Whimsicott|move: Protect
|move|p1a: Sinistcha|Matcha Gotcha|p2b: Glimmora|[spread] p2b
|-activate|p2a: Whimsicott|move: Protect
|-damage|p2b: Glimmora|68/100
|-heal|p1a: Sinistcha|81/100|[from] drain|[of] p2b: Glimmora
|
|upkeep
|turn|5
|
|t:|1786150538
|detailschange|p2b: Glimmora|Glimmora-Mega, L50, M
|-mega|p2b: Glimmora|Glimmora|Glimmoranite
|move|p1a: Sinistcha|Protect|p1a: Sinistcha
|-singleturn|p1a: Sinistcha|Protect
|move|p2a: Whimsicott|Moonblast|p1a: Sinistcha
|-activate|p1a: Sinistcha|move: Protect
|move|p2b: Glimmora|Sludge Bomb|p1a: Sinistcha
|-activate|p1a: Sinistcha|move: Protect
|move|p1b: Incineroar|Parting Shot|p2b: Glimmora
|-unboost|p2b: Glimmora|atk|1
|-unboost|p2b: Glimmora|spa|1
|
|t:|1786150561
|switch|p1b: Rotom|Rotom-Wash, L50|100/100|[from] Parting Shot
|
|upkeep
|turn|6
|
|t:|1786150607
|switch|p1a: Raichu|Raichu-Mega-Y, L50, M|100/100
|move|p2a: Whimsicott|Tailwind|p2a: Whimsicott
|-sidestart|p2: Rowletspin|move: Tailwind
|move|p2b: Glimmora|Sludge Bomb|p1a: Raichu
|-damage|p1a: Raichu|44/100
|move|p1b: Rotom|Volt Switch|p2a: Whimsicott
|-resisted|p2a: Whimsicott|1
|-damage|p2a: Whimsicott|78/100
|
|t:|1786150625
|switch|p1b: Sinistcha|Sinistcha-Masterpiece, L50|81/100|[from] Volt Switch
|-heal|p1a: Raichu|69/100|[from] ability: Hospitality|[of] p1b: Sinistcha
|
|upkeep
|turn|7
|
|t:|1786150676
|switch|p1b: Rotom|Rotom-Wash, L50|100/100
|move|p1a: Raichu|Protect|p1a: Raichu
|-singleturn|p1a: Raichu|Protect
|move|p2a: Whimsicott|Moonblast|p1b: Rotom
|-damage|p1b: Rotom|60/100
|move|p2b: Glimmora|Sludge Bomb|p1a: Raichu
|-activate|p1a: Raichu|move: Protect
|
|upkeep
|turn|8
|
|t:|1786150712
|move|p2a: Whimsicott|Moonblast|p1b: Rotom
|-damage|p1b: Rotom|19/100
|move|p2b: Glimmora|Sludge Bomb|p1b: Rotom
|-damage|p1b: Rotom|0 fnt
|faint|p1b: Rotom
|move|p1a: Raichu|Zap Cannon|p2a: Whimsicott
|-resisted|p2a: Whimsicott|1
|-damage|p2a: Whimsicott|27/100
|-status|p2a: Whimsicott|par
|
|upkeep
|
|t:|1786150725
|switch|p1b: Incineroar|Incineroar, L50, M|41/100
|-ability|p1b: Incineroar|Intimidate|boost
|-unboost|p2a: Whimsicott|atk|1
|-unboost|p2b: Glimmora|atk|1
|turn|9
|
|t:|1786150736
|move|p2a: Whimsicott|Protect|p2a: Whimsicott
|-singleturn|p2a: Whimsicott|Protect
|move|p2b: Glimmora|Protect|p2b: Glimmora
|-singleturn|p2b: Glimmora|Protect
|move|p1b: Incineroar|Fake Out|p2b: Glimmora
|-activate|p2b: Glimmora|move: Protect
|move|p1a: Raichu|Zap Cannon|p2a: Whimsicott
|-activate|p2a: Whimsicott|move: Protect
|
|-sideend|p2: Rowletspin|move: Tailwind
|upkeep
|turn|10
|
|t:|1786150753
|move|p1a: Raichu|Protect|p1a: Raichu
|-singleturn|p1a: Raichu|Protect
|move|p2a: Whimsicott|Tailwind|p2a: Whimsicott
|-sidestart|p2: Rowletspin|move: Tailwind
|move|p2b: Glimmora|Power Gem|p1b: Incineroar
|-supereffective|p1b: Incineroar|1
|-damage|p1b: Incineroar|0 fnt
|faint|p1b: Incineroar
|
|upkeep
|
|t:|1786150762
|switch|p1b: Sinistcha|Sinistcha-Masterpiece, L50|81/100
|-heal|p1a: Raichu|94/100|[from] ability: Hospitality|[of] p1b: Sinistcha
|turn|11
|
|t:|1786150772
|cant|p2a: Whimsicott|par
|move|p2b: Glimmora|Sludge Bomb|p1b: Sinistcha
|-damage|p1b: Sinistcha|38/100
|move|p1a: Raichu|Zap Cannon|p2b: Glimmora
|-damage|p2b: Glimmora|4/100
|-status|p2b: Glimmora|par
|move|p1b: Sinistcha|Life Dew|p1b: Sinistcha|[spread] p1a,p1b
|-heal|p1a: Raichu|100/100
|-heal|p1b: Sinistcha|63/100
|
|upkeep
|turn|12
|
|t:|1786150801
|move|p2a: Whimsicott|Encore|p1a: Raichu
|-start|p1a: Raichu|Encore
|move|p1a: Raichu|Zap Cannon|p2b: Glimmora
|-damage|p2b: Glimmora|0 fnt
|faint|p2b: Glimmora
|move|p1b: Sinistcha|Life Dew||[still]|[spread] p1a,p1b
|-fail|p1a: Raichu|heal
|-heal|p1b: Sinistcha|88/100
|
|upkeep
|
|t:|1786150810
|switch|p2b: Basculegion|Basculegion, L50, M|50/100g
|turn|13
|
|t:|1786150833
|move|p1b: Sinistcha|Rage Powder|p1b: Sinistcha
|-singleturn|p1b: Sinistcha|move: Rage Powder
|move|p2b: Basculegion|Last Respects|p1b: Sinistcha
|-supereffective|p1b: Sinistcha|1
|-enditem|p1b: Sinistcha|Kasib Berry|[eat]
|-enditem|p1b: Sinistcha|Kasib Berry|[weaken]
|-damage|p1b: Sinistcha|45/100
|move|p1a: Raichu|Zap Cannon|p2b: Basculegion
|-supereffective|p2b: Basculegion|1
|-damage|p2b: Basculegion|0 fnt
|faint|p2b: Basculegion
|move|p2a: Whimsicott|Moonblast|p1b: Sinistcha
|-damage|p1b: Sinistcha|10/100
|
|-sideend|p2: Rowletspin|move: Tailwind
|upkeep
|
|t:|1786150841
|switch|p2b: Kingambit|Kingambit, L50, F|100/100
|turn|14
|
|t:|1786150867
|move|p1a: Raichu|Zap Cannon|p2b: Kingambit
|-damage|p2b: Kingambit|47/100
|-status|p2b: Kingambit|par
|move|p2a: Whimsicott|Moonblast|p1b: Sinistcha
|-damage|p1b: Sinistcha|0 fnt
|faint|p1b: Sinistcha
|move|p2b: Kingambit|Kowtow Cleave|p1a: Raichu
|-damage|p1a: Raichu|31/100
|
|-end|p1a: Raichu|Encore
|upkeep
|turn|15
|
|t:|1786150891
|move|p2a: Whimsicott|Encore|p1a: Raichu
|-start|p1a: Raichu|Encore
|move|p2b: Kingambit|Sucker Punch|p1a: Raichu
|-damage|p1a: Raichu|0 fnt
|faint|p1a: Raichu
|
|win|Rowletspin
