|j|☆bulano 4 the win
|j|☆Dawsonschris
|html|bulano 4 the winDawsonschris    
|uhtml|bestof|Game 1 of a best-of-3
|t:|1756228953
|gametype|doubles
|player|p1|bulano 4 the win|guzma|1109
|player|p2|Dawsonschris|artist-gen4|1034
|gen|9
|tier|[Gen 9] VGC 2025 Reg H (Bo3)
|rated|
|rule|Species Clause: Limit one of each Pokémon
|rule|Item Clause: Limit 1 of each item
|clearpoke
|poke|p1|Garchomp, L50, F|
|poke|p1|Gholdengo, L50|
|poke|p1|Sneasler, L50, M|
|poke|p1|Dragonite, L50, F|
|poke|p1|Incineroar, L50, F|
|poke|p1|Whimsicott, L50, M|
|poke|p2|Ursaluna-Bloodmoon, L50, M|
|poke|p2|Electabuzz, L50, M|
|poke|p2|Sneasler, L50, F|
|poke|p2|Indeedee, L50, M|
|poke|p2|Incineroar, L50, F|
|poke|p2|Talonflame, L50, F|
|teampreview|4
|showteam|p1|Garchomp||LifeOrb|RoughSkin|Protect,Earthquake,StompingTantrum,DragonClaw|||F|||50|,,,,,Ground]Gholdengo||ChoiceSpecs|GoodasGold|Thunderbolt,MakeItRain,ShadowBall,Trick||||||50|,,,,,Steel]Sneasler||WhiteHerb|Unburden|FakeOut,Protect,CloseCombat,DireClaw|||M|||50|,,,,,Stellar]Dragonite||ChoiceBand|InnerFocus|Outrage,ExtremeSpeed,IceSpinner,StompingTantrum|||F|||50|,,,,,Normal]Incineroar||AssaultVest|Intimidate|FakeOut,KnockOff,FlareBlitz,Uturn|||F|||50|,,,,,Grass]Whimsicott||FocusSash|Prankster|Protect,Tailwind,Moonblast,Encore|||M|||50|,,,,,Ghost
|showteam|p2|Ursaluna-Bloodmoon||LifeOrb|MindsEye|Protect,BloodMoon,EarthPower,HyperVoice|||M|||50|,,,,,Normal]Electabuzz||Eviolite|VitalSpirit|FollowMe,Taunt,Electroweb,Protect|||M|||50|,,,,,Dragon]Sneasler||PsychicSeed|Unburden|ThroatChop,DireClaw,CloseCombat,Protect|||F|||50|,,,,,Dark]Indeedee||FocusSash|PsychicSurge|ExpandingForce,TrickRoom,HelpingHand,Protect|||M|||50|,,,,,Psychic]Incineroar||SafetyGoggles|Intimidate|FakeOut,KnockOff,PartingShot,FlareBlitz|||F|||50|,,,,,Dragon]Talonflame||CovertCloak|GaleWings|FlareBlitz,DualWingbeat,WillOWisp,Tailwind|||F|||50|,,,,,Fairy
|
|t:|1756228997
|teamsize|p1|4
|teamsize|p2|4
|start
|switch|p1a: Whimsicott|Whimsicott, L50, M|100/100
|switch|p1b: Gholdengo|Gholdengo, L50|100/100
|switch|p2a: Incineroar|Incineroar, L50, F|100/100
|switch|p2b: Talonflame|Talonflame, L50, F|100/100
|-ability|p2a: Incineroar|Intimidate|boost
|-unboost|p1a: Whimsicott|atk|1
|-unboost|p1b: Gholdengo|atk|1
|turn|1
|inactive|Battle timer is ON: inactive players will automatically lose when time's up. (requested by Dawsonschris)
|
|t:|1756229025
|switch|p1b: Incineroar|Incineroar, L50, F|100/100
|-ability|p1b: Incineroar|Intimidate|boost
|-unboost|p2a: Incineroar|atk|1
|-unboost|p2b: Talonflame|atk|1
|move|p2b: Talonflame|Tailwind|p2b: Talonflame
|-sidestart|p2: Dawsonschris|move: Tailwind
|move|p1a: Whimsicott|Tailwind|p1a: Whimsicott
|-sidestart|p1: bulano 4 the win|move: Tailwind
|move|p2a: Incineroar|Flare Blitz|p1b: Incineroar
|-resisted|p1b: Incineroar
|-damage|p1b: Incineroar|86/100
|-damage|p2a: Incineroar|95/100|[from] Recoil
|
|upkeep
|turn|2
|
|t:|1756229049
|switch|p2b: Ursaluna|Ursaluna-Bloodmoon, L50, M|100/100
|move|p1b: Incineroar|Fake Out|p2a: Incineroar
|-damage|p2a: Incineroar|83/100
|move|p1a: Whimsicott|Encore||[still]
|-fail|p1a: Whimsicott
|cant|p2a: Incineroar|flinch
|
|upkeep
|turn|3
|inactive|Dawsonschris has 30 seconds left.
|inactive|Dawsonschris has 20 seconds left.
|
|t:|1756229088
|move|p1a: Whimsicott|Moonblast|p2b: Ursaluna
|-damage|p2b: Ursaluna|55/100
|move|p2a: Incineroar|Parting Shot|p1b: Incineroar
|-unboost|p1b: Incineroar|atk|1
|-unboost|p1b: Incineroar|spa|1
|
|t:|1756229108
|switch|p2a: Sneasler|Sneasler, L50, F|100/100|[from] Parting Shot
|move|p2b: Ursaluna|Earth Power|p1b: Incineroar
|-supereffective|p1b: Incineroar
|-damage|p1b: Incineroar|0 fnt
|faint|p1b: Incineroar
|-damage|p2b: Ursaluna|46/100|[from] item: Life Orb
|
|upkeep
|inactive|bulano 4 the win has 30 seconds left.
|
|t:|1756229135
|switch|p1b: Gholdengo|Gholdengo, L50|100/100
|turn|4
|
|t:|1756229154
|switch|p2b: Incineroar|Incineroar, L50, F|83/100
|-ability|p2b: Incineroar|Intimidate|boost
|-unboost|p1a: Whimsicott|atk|1
|-unboost|p1b: Gholdengo|atk|1
|-terastallize|p1b: Gholdengo|Steel
|move|p1a: Whimsicott|Moonblast|p2a: Sneasler
|-damage|p2a: Sneasler|50/100
|move|p2a: Sneasler|Dire Claw|p1a: Whimsicott
|-supereffective|p1a: Whimsicott
|-enditem|p1a: Whimsicott|Focus Sash
|-damage|p1a: Whimsicott|1/100
|-status|p1a: Whimsicott|par
|move|p1b: Gholdengo|Make It Rain|p2a: Sneasler|[spread] p2a,p2b
|-resisted|p2b: Incineroar
|-damage|p2a: Sneasler|0 fnt
|-damage|p2b: Incineroar|36/100
|-unboost|p1b: Gholdengo|spa|1
|faint|p2a: Sneasler
|
|-sideend|p2: Dawsonschris|move: Tailwind
|-sideend|p1: bulano 4 the win|move: Tailwind
|upkeep
|inactive|Dawsonschris has 30 seconds left.
|
|t:|1756229180
|switch|p2a: Talonflame|Talonflame, L50, F|100/100
|turn|5
|
|t:|1756229196
|switch|p1b: Dragonite|Dragonite, L50, F|100/100
|move|p1a: Whimsicott|Protect|p1a: Whimsicott
|-singleturn|p1a: Whimsicott|Protect
|move|p2a: Talonflame|Tailwind|p2a: Talonflame
|-sidestart|p2: Dawsonschris|move: Tailwind
|move|p2b: Incineroar|Knock Off|p1a: Whimsicott
|-activate|p1a: Whimsicott|move: Protect
|
|upkeep
|turn|6
|inactive|Dawsonschris has 30 seconds left.
|
|t:|1756229225
|move|p1b: Dragonite|Extreme Speed|p2a: Talonflame
|-damage|p2a: Talonflame|45/100
|cant|p1a: Whimsicott|par
|move|p2a: Talonflame|Dual Wingbeat|p1a: Whimsicott
|-supereffective|p1a: Whimsicott
|-damage|p1a: Whimsicott|0 fnt
|faint|p1a: Whimsicott
|-hitcount|p1: Whimsicott|1
|move|p2b: Incineroar|Parting Shot|p1b: Dragonite
|-unboost|p1b: Dragonite|atk|1
|-unboost|p1b: Dragonite|spa|1
|
|t:|1756229238
|switch|p2b: Ursaluna|Ursaluna-Bloodmoon, L50, M|46/100|[from] Parting Shot
|
|upkeep
|
|t:|1756229241
|switch|p1a: Gholdengo|Gholdengo, L50, tera:Steel|100/100
|turn|7
|
|t:|1756229261
|switch|p2a: Incineroar|Incineroar, L50, F|36/100
|-ability|p2a: Incineroar|Intimidate|boost
|-unboost|p1a: Gholdengo|atk|1
|-fail|p1b: Dragonite|unboost|Attack|[from] ability: Inner Focus|[of] p1b: Dragonite
|move|p1b: Dragonite|Extreme Speed|p2b: Ursaluna
|-damage|p2b: Ursaluna|18/100
|move|p2b: Ursaluna|Earth Power|p1a: Gholdengo
|-supereffective|p1a: Gholdengo
|-damage|p1a: Gholdengo|0 fnt
|faint|p1a: Gholdengo
|-damage|p2b: Ursaluna|8/100|[from] item: Life Orb
|
|upkeep
|turn|8
|inactive|Dawsonschris has 30 seconds left.
|
|t:|1756229292
|move|p2b: Ursaluna|Protect|p2b: Ursaluna
|-singleturn|p2b: Ursaluna|Protect
|move|p1b: Dragonite|Extreme Speed|p2b: Ursaluna
|-activate|p2b: Ursaluna|move: Protect
|move|p2a: Incineroar|Knock Off|p1b: Dragonite
|-damage|p1b: Dragonite|55/100
|-enditem|p1b: Dragonite|Choice Band|[from] move: Knock Off|[of] p2a: Incineroar
|
|-sideend|p2: Dawsonschris|move: Tailwind
|upkeep
|turn|9
|
|t:|1756229314
|switch|p2b: Talonflame|Talonflame, L50, F|45/100
|move|p1b: Dragonite|Extreme Speed|p2b: Talonflame
|-damage|p2b: Talonflame|19/100
|move|p2a: Incineroar|Parting Shot|p1b: Dragonite
|-unboost|p1b: Dragonite|atk|1
|-unboost|p1b: Dragonite|spa|1
|
|t:|1756229322
|switch|p2a: Ursaluna|Ursaluna-Bloodmoon, L50, M|8/100|[from] Parting Shot
|
|upkeep
|turn|10
|
|t:|1756229330
|move|p2a: Ursaluna|Protect|p2a: Ursaluna
|-singleturn|p2a: Ursaluna|Protect
|move|p2b: Talonflame|Will-O-Wisp|p1b: Dragonite
|-status|p1b: Dragonite|brn
|move|p1b: Dragonite|Ice Spinner|p2a: Ursaluna
|-activate|p2a: Ursaluna|move: Protect
|
|-damage|p1b: Dragonite|49/100 brn|[from] brn
|upkeep
|turn|11
|
|t:|1756229345
|switch|p2a: Incineroar|Incineroar, L50, F|36/100
|-ability|p2a: Incineroar|Intimidate|boost
|-fail|p1b: Dragonite|unboost|Attack|[from] ability: Inner Focus|[of] p1b: Dragonite
|move|p2b: Talonflame|Tailwind|p2b: Talonflame
|-sidestart|p2: Dawsonschris|move: Tailwind
|move|p1b: Dragonite|Stomping Tantrum|p2a: Incineroar
|-supereffective|p2a: Incineroar
|-damage|p2a: Incineroar|20/100
|
|-damage|p1b: Dragonite|42/100 brn|[from] brn
|upkeep
|turn|12
|
|t:|1756229362
|move|p1b: Dragonite|Extreme Speed|p2b: Talonflame
|-damage|p2b: Talonflame|9/100
|move|p2b: Talonflame|Flare Blitz|p1b: Dragonite
|-resisted|p1b: Dragonite
|-damage|p1b: Dragonite|24/100 brn
|-damage|p2b: Talonflame|3/100|[from] Recoil
|move|p2a: Incineroar|Flare Blitz|p1b: Dragonite
|-resisted|p1b: Dragonite
|-damage|p1b: Dragonite|0 fnt
|faint|p1b: Dragonite
|-damage|p2a: Incineroar|13/100|[from] Recoil
|
|win|Dawsonschris
||bulano 4 the win is ready for game 2.
|inactive|Dawsonschris has 30 seconds to confirm battle start!
