|j|☆pressinblades
|j|☆XDvat
|html|pressinbladesXDvat    
|uhtml|bestof|Game 2 of a best-of-3
|t:|1782583793
|gametype|doubles
|player|p1|pressinblades|steven|1142
|player|p2|XDvat|170|1184
|gen|9
|tier|[Gen 9 Champions] VGC 2026 Reg M-B (Bo3)
|rated|
|rule|Species Clause: Limit one of each Pokémon
|rule|Item Clause: Limit 1 of each item
|clearpoke
|poke|p1|Talonflame, L50, F|
|poke|p1|Maushold, L50|
|poke|p1|Gardevoir, L50, F, shiny|
|poke|p1|Hydreigon, L50, F|
|poke|p1|Metagross, L50|
|poke|p1|Garchomp, L50, F, shiny|
|poke|p2|Metagross, L50|
|poke|p2|Grimmsnarl, L50, M|
|poke|p2|Rotom-Wash, L50|
|poke|p2|Incineroar, L50, M|
|poke|p2|Garchomp, L50, M|
|poke|p2|Staraptor, L50, F|
|teampreview|4
|showteam|p1|Talonflame||LifeOrb|GaleWings|Protect,DualWingbeat,Tailwind,Overheat|Naive||F|||50|]Maushold||FocusSash|FriendGuard|Protect,SuperFang,PopulationBomb,FollowMe|Adamant|||||50|]Gardevoir||Gardevoirite|Telepathy|Protect,TrickRoom,HyperVoice,Psychic|Modest||F|||50|]Hydreigon||ChoiceScarf|Levitate|DracoMeteor,DarkPulse,Snarl,FlashCannon|Modest||F|||50|]Metagross||Metagrossite|ClearBody|Protect,MeteorMash,PsychicFangs,BulletPunch|Adamant|||||50|]Garchomp||ExpertBelt|RoughSkin|Protect,RockSlide,Earthquake,DragonClaw|Adamant||F|||50|
|showteam|p2|Metagross||Metagrossite|ClearBody|IronHead,PsychicFangs,IcePunch,Protect|Jolly|||||50|]Grimmsnarl||LightClay|Prankster|SpiritBreak,LightScreen,Reflect,FakeOut|Careful||M|||50|]Rotom-Wash||Leftovers|Levitate|Thunderbolt,HydroPump,WillOWisp,Protect|Modest|||||50|]Incineroar||SitrusBerry|Intimidate|FlareBlitz,FakeOut,ThroatChop,PartingShot|Adamant||M|||50|]Garchomp||ChoiceScarf|RoughSkin|DragonClaw,StompingTantrum,RockSlide,Earthquake|Adamant||M|||50|]Staraptor||Staraptite|Intimidate|BraveBird,CloseCombat,Roost,Protect|Jolly||F|||50|
|
|t:|1782583820
|teamsize|p1|4
|teamsize|p2|4
|start
|switch|p1a: Metagross|Metagross, L50|100/100
|switch|p1b: Garchomp|Garchomp, L50, F, shiny|100/100
|switch|p2a: Staraptor|Staraptor, L50, F|100/100
|switch|p2b: Incineroar|Incineroar, L50, M|100/100
|-ability|p2a: Staraptor|Intimidate|boost
|-fail|p1a: Metagross|unboost|[from] ability: Clear Body|[of] p1a: Metagross
|-unboost|p1b: Garchomp|atk|1
|-ability|p2b: Incineroar|Intimidate|boost
|-fail|p1a: Metagross|unboost|[from] ability: Clear Body|[of] p1a: Metagross
|-unboost|p1b: Garchomp|atk|1
|turn|1
|
|t:|1782583842
|detailschange|p2a: Staraptor|Staraptor-Mega, L50, F
|-mega|p2a: Staraptor|Staraptor|Staraptite
|move|p2b: Incineroar|Fake Out|p1a: Metagross
|-resisted|p1a: Metagross|1
|-damage|p1a: Metagross|94/100
|move|p2a: Staraptor|Close Combat|p1b: Garchomp
|-damage|p1b: Garchomp|39/100
|-boost|p2a: Staraptor|def|1
|-boost|p2a: Staraptor|spd|1
|-damage|p2a: Staraptor|87/100|[from] ability: Rough Skin|[of] p1b: Garchomp
|move|p1b: Garchomp|Rock Slide|p2b: Incineroar|[spread] p2a,p2b
|-supereffective|p2b: Incineroar|1
|-damage|p2a: Staraptor|79/100
|-damage|p2b: Incineroar|75/100
|cant|p1a: Metagross|flinch
|
|upkeep
|turn|2
|
|t:|1782583887
|switch|p1b: Gardevoir|Gardevoir, L50, F, shiny|100/100
|move|p2a: Staraptor|Close Combat|p1b: Gardevoir
|-resisted|p1b: Gardevoir|2
|-damage|p1b: Gardevoir|81/100
|-boost|p2a: Staraptor|def|1
|-boost|p2a: Staraptor|spd|1
|move|p1a: Metagross|Psychic Fangs|p2a: Staraptor
|-supereffective|p2a: Staraptor|1
|-damage|p2a: Staraptor|27/100
|move|p2b: Incineroar|Throat Chop|p1a: Metagross
|-supereffective|p1a: Metagross|1
|-damage|p1a: Metagross|36/100
|-start|p1a: Metagross|Throat Chop|[silent]
|
|upkeep
|turn|3
|
|t:|1782583927
|move|p2a: Staraptor|Protect|p2a: Staraptor
|-singleturn|p2a: Staraptor|Protect
|move|p1b: Gardevoir|Protect|p1b: Gardevoir
|-singleturn|p1b: Gardevoir|Protect
|move|p1a: Metagross|Bullet Punch|p2a: Staraptor
|-activate|p2a: Staraptor|move: Protect
|move|p2b: Incineroar|Throat Chop|p1a: Metagross
|-supereffective|p1a: Metagross|1
|-damage|p1a: Metagross|0 fnt
|faint|p1a: Metagross
|
|upkeep
|
|t:|1782583936
|switch|p1a: Maushold|Maushold, L50|100/100
|turn|4
|
|t:|1782583977
|switch|p2b: Grimmsnarl|Grimmsnarl, L50, M|100/100
|detailschange|p1b: Gardevoir|Gardevoir-Mega, L50, F, shiny
|-mega|p1b: Gardevoir|Gardevoir|Gardevoirite
|move|p1a: Maushold|Follow Me|p1a: Maushold
|-singleturn|p1a: Maushold|move: Follow Me
|move|p2a: Staraptor|Roost|p2a: Staraptor
|-heal|p2a: Staraptor|77/100
|-singleturn|p2a: Staraptor|move: Roost
|move|p1b: Gardevoir|Hyper Voice|p2b: Grimmsnarl|[spread] p2a,p2b
|-supereffective|p2a: Staraptor|1
|-supereffective|p2b: Grimmsnarl|1
|-damage|p2a: Staraptor|13/100
|-damage|p2b: Grimmsnarl|4/100
|
|upkeep
|turn|5
|
|t:|1782584027
|move|p1a: Maushold|Protect|p1a: Maushold
|-singleturn|p1a: Maushold|Protect
|move|p1b: Gardevoir|Protect|p1b: Gardevoir
|-singleturn|p1b: Gardevoir|Protect
|move|p2b: Grimmsnarl|Light Screen|p2b: Grimmsnarl
|-sidestart|p2: XDvat|move: Light Screen
|move|p2a: Staraptor|Close Combat|p1a: Maushold
|-activate|p1a: Maushold|move: Protect
|
|upkeep
|turn|6
|
|t:|1782584051
|move|p1a: Maushold|Follow Me|p1a: Maushold
|-singleturn|p1a: Maushold|move: Follow Me
|move|p2a: Staraptor|Brave Bird|p1a: Maushold
|-damage|p1a: Maushold|1/100
|-damage|p2a: Staraptor|0 fnt|[from] Recoil
|faint|p2a: Staraptor
|move|p1b: Gardevoir|Hyper Voice|p2b: Grimmsnarl
|-supereffective|p2b: Grimmsnarl|1
|-damage|p2b: Grimmsnarl|0 fnt
|faint|p2b: Grimmsnarl
|
|upkeep
|
|t:|1782584059
|switch|p2a: Incineroar|Incineroar, L50, M|75/100
|switch|p2b: Rotom|Rotom-Wash, L50|100/100
|-ability|p2a: Incineroar|Intimidate|boost
|-unboost|p1a: Maushold|atk|1
|-unboost|p1b: Gardevoir|atk|1
|turn|7
|
|t:|1782584075
|switch|p1b: Garchomp|Garchomp, L50, F, shiny|39/100
|move|p1a: Maushold|Protect|p1a: Maushold
|-singleturn|p1a: Maushold|Protect
|move|p2a: Incineroar|Fake Out|p1b: Garchomp
|-damage|p1b: Garchomp|29/100
|-damage|p2a: Incineroar|62/100|[from] ability: Rough Skin|[of] p1b: Garchomp
|move|p2b: Rotom|Thunderbolt|p1b: Garchomp
|-immune|p1b: Garchomp
|
|upkeep
|turn|8
|
|t:|1782584095
|move|p1a: Maushold|Super Fang|p2b: Rotom
|-damage|p2b: Rotom|50/100g
|move|p1b: Garchomp|Rock Slide|p2b: Rotom|[spread] p2a,p2b
|-supereffective|p2a: Incineroar|1
|-damage|p2a: Incineroar|17/100
|-damage|p2b: Rotom|24/100
|-enditem|p2a: Incineroar|Sitrus Berry|[eat]
|-heal|p2a: Incineroar|42/100|[from] item: Sitrus Berry
|move|p2b: Rotom|Hydro Pump|p1b: Garchomp
|-damage|p1b: Garchomp|0 fnt
|faint|p1b: Garchomp
|move|p2a: Incineroar|Throat Chop|p1a: Maushold
|-damage|p1a: Maushold|0 fnt
|faint|p1a: Maushold
|
|-heal|p2b: Rotom|31/100|[from] item: Leftovers
|upkeep
|
|t:|1782584107
|switch|p1b: Gardevoir|Gardevoir-Mega, L50, F, shiny|81/100
|turn|9
|
|t:|1782584132
|move|p1b: Gardevoir|Hyper Voice|p2b: Rotom|[spread] p2a,p2b
|-damage|p2a: Incineroar|13/100
|-damage|p2b: Rotom|0 fnt
|faint|p2b: Rotom
|move|p2a: Incineroar|Throat Chop|p1b: Gardevoir
|-crit|p1b: Gardevoir
|-damage|p1b: Gardevoir|9/100
|-start|p1b: Gardevoir|Throat Chop|[silent]
|
|upkeep
|turn|10
|
|t:|1782584141
|move|p1b: Gardevoir|Protect|p1b: Gardevoir
|-singleturn|p1b: Gardevoir|Protect
|move|p2a: Incineroar|Throat Chop|p1b: Gardevoir
|-activate|p1b: Gardevoir|move: Protect
|
|-end|p1b: Gardevoir|Throat Chop|[silent]
|upkeep
|turn|11
|
|t:|1782584147
|move|p1b: Gardevoir|Hyper Voice|p2a: Incineroar
|-damage|p2a: Incineroar|0 fnt
|faint|p2a: Incineroar
|
|win|pressinblades
|raw|pressinblades's rating: 1142 → 1170(+28 for winning)
|raw|XDvat's rating: 1184 → 1156(-28 for losing)
