|j|☆Ryoku_Jetstream
|j|☆chronojet95
|html|Ryoku_Jetstreamchronojet95    
|uhtml|bestof|Game 2 of a best-of-3
|t:|1782496507
|gametype|doubles
|player|p1|Ryoku_Jetstream|nate|
|player|p2|chronojet95|lucas|
|gen|9
|tier|[Gen 9 Champions] VGC 2026 Reg M-B (Bo3)
|rule|Species Clause: Limit one of each Pokémon
|rule|Item Clause: Limit 1 of each item
|clearpoke
|poke|p1|Charizard, L50, M|
|poke|p1|Lycanroc-Dusk, L50, M, shiny|
|poke|p1|Dragonite, L50, F|
|poke|p1|Decidueye-Hisui, L50, F|
|poke|p1|Milotic, L50, F|
|poke|p1|Umbreon, L50, F, shiny|
|poke|p2|Delphox, L50, F|
|poke|p2|Hawlucha, L50, F|
|poke|p2|Slowking-Galar, L50, F|
|poke|p2|Malamar, L50, F|
|poke|p2|Gyarados, L50, F|
|poke|p2|Raichu, L50, F|
|teampreview|4
|showteam|p1|Charizard||CharizarditeX|Blaze|DragonDance,DragonClaw,FlareBlitz,AirSlash|Naughty||M|||50|]Lycanroc-Dusk||FocusSash|ToughClaws|Accelerock,RockSlide,PsychicFangs,IronHead|Jolly||M|||50|]Dragonite||Dragoninite|Multiscale|ExtremeSpeed,DracoMeteor,Thunderbolt,Protect|Quiet||F|||50|]Decidueye-Hisui||ExpertBelt|Overgrow|LeafBlade,AuraSphere,AirSlash,GigaDrain|Quiet||F|||50|]Milotic||Leftovers|MarvelScale|Protect,Recover,IceBeam,Scald|Calm||F|||50|]Umbreon|||Synchronize|Snarl,ShadowBall,LightScreen,SkillSwap|Quiet||F|||50|
|showteam|p2|Delphox||ColburBerry|Magician|HeatWave,CalmMind,Protect,Psychic|Timid||F|||50|]Hawlucha||WhiteHerb|Unburden|CloseCombat,Acrobatics,SwordsDance,Protect|Adamant||F|||50|]Slowking-Galar||Leftovers|Regenerator|CalmMind,SludgeBomb,Psychic,IceBeam|Modest||F|||50|]Malamar||SitrusBerry|Contrary|Superpower,KnockOff,Protect,PsychoCut|Serious||F|||50|]Gyarados||Gyaradosite|Intimidate|Waterfall,IceFang,DragonDance,Protect|Jolly||F|||50|]Raichu||RaichuniteX|LightningRod|VoltTackle,KnockOff,FakeOut,Nuzzle|Jolly||F|||50|
|j| fancy_0221
|j| Glacia20
|
|t:|1782496542
|teamsize|p1|4
|teamsize|p2|4
|start
|switch|p1a: Lycanroc|Lycanroc-Dusk, L50, M, shiny|100/100
|switch|p1b: Dragonite|Dragonite, L50, F|100/100
|switch|p2a: Gyarados|Gyarados, L50, F|100/100
|switch|p2b: Slowking|Slowking-Galar, L50, F|100/100
|-ability|p2a: Gyarados|Intimidate|boost
|-unboost|p1a: Lycanroc|atk|1
|-unboost|p1b: Dragonite|atk|1
|turn|1
|
|t:|1782496573
|move|p2a: Gyarados|Protect|p2a: Gyarados
|-singleturn|p2a: Gyarados|Protect
|move|p1a: Lycanroc|Rock Slide|p2a: Gyarados|[spread] p2b
|-activate|p2a: Gyarados|move: Protect
|-damage|p2b: Slowking|79/100
|move|p1b: Dragonite|Thunderbolt|p2a: Gyarados
|-activate|p2a: Gyarados|move: Protect
|move|p2b: Slowking|Ice Beam|p1b: Dragonite
|-supereffective|p1b: Dragonite|2
|-damage|p1b: Dragonite|43/100
|
|-heal|p2b: Slowking|85/100|[from] item: Leftovers
|upkeep
|turn|2
|
|t:|1782496611
|detailschange|p2a: Gyarados|Gyarados-Mega, L50, F
|-mega|p2a: Gyarados|Gyarados|Gyaradosite
|-ability|p2a: Gyarados|Mold Breaker
|move|p1b: Dragonite|Protect|p1b: Dragonite
|-singleturn|p1b: Dragonite|Protect
|move|p1a: Lycanroc|Accelerock|p2a: Gyarados
|-damage|p2a: Gyarados|83/100
|move|p2a: Gyarados|Ice Fang|p1b: Dragonite
|-activate|p1b: Dragonite|move: Protect
|move|p2b: Slowking|Sludge Bomb|p1a: Lycanroc
|-resisted|p1a: Lycanroc|1
|-damage|p1a: Lycanroc|64/100
|-status|p1a: Lycanroc|psn
|
|-heal|p2b: Slowking|91/100|[from] item: Leftovers
|-damage|p1a: Lycanroc|52/100 psn|[from] psn
|upkeep
|turn|3
|
|t:|1782496642
|detailschange|p1b: Dragonite|Dragonite-Mega, L50, F
|-mega|p1b: Dragonite|Dragonite|Dragoninite
|move|p2a: Gyarados|Protect|p2a: Gyarados
|-singleturn|p2a: Gyarados|Protect
|move|p1a: Lycanroc|Psychic Fangs|p2b: Slowking
|-crit|p2b: Slowking
|-damage|p2b: Slowking|34/100
|move|p1b: Dragonite|Thunderbolt|p2a: Gyarados
|-activate|p2a: Gyarados|move: Protect
|move|p2b: Slowking|Ice Beam|p1b: Dragonite
|-supereffective|p1b: Dragonite|2
|-crit|p1b: Dragonite
|-damage|p1b: Dragonite|0 fnt
|faint|p1b: Dragonite
|
|-heal|p2b: Slowking|40/100|[from] item: Leftovers
|-damage|p1a: Lycanroc|40/100 psn|[from] psn
|upkeep
|
|t:|1782496663
|switch|p1b: Milotic|Milotic, L50, F|100/100
|turn|4
|
|t:|1782496700
|-heal|p2b: Slowking|73/100|[from] ability: Regenerator|[silent]
|switch|p2b: Malamar|Malamar, L50, F|100/100
|move|p1a: Lycanroc|Psychic Fangs|p2b: Malamar
|-immune|p2b: Malamar
|move|p2a: Gyarados|Waterfall|p1a: Lycanroc
|-supereffective|p1a: Lycanroc|1
|-damage|p1a: Lycanroc|0 fnt
|faint|p1a: Lycanroc
|move|p1b: Milotic|Ice Beam|p2a: Gyarados
|-resisted|p2a: Gyarados|1
|-damage|p2a: Gyarados|74/100
|
|upkeep
|
|t:|1782496714
|switch|p1a: Decidueye|Decidueye-Hisui, L50, F|100/100
|turn|5
|
|t:|1782496745
|switch|p2b: Slowking|Slowking-Galar, L50, F|73/100
|move|p2a: Gyarados|Protect|p2a: Gyarados
|-singleturn|p2a: Gyarados|Protect
|move|p1b: Milotic|Scald|p2b: Slowking
|-damage|p2b: Slowking|51/100
|-status|p2b: Slowking|brn
|move|p1a: Decidueye|Aura Sphere|p2a: Gyarados
|-activate|p2a: Gyarados|move: Protect
|
|-heal|p2b: Slowking|57/100 brn|[from] item: Leftovers
|-damage|p2b: Slowking|51/100 brn|[from] brn
|upkeep
|turn|6
|
|t:|1782496791
|-heal|p2b: Slowking|84/100 brn|[from] ability: Regenerator|[silent]
|switch|p2b: Malamar|Malamar, L50, F|100/100
|move|p2a: Gyarados|Ice Fang|p1a: Decidueye
|-supereffective|p1a: Decidueye|1
|-damage|p1a: Decidueye|41/100
|move|p1b: Milotic|Scald|p2b: Malamar
|-damage|p2b: Malamar|65/100
|move|p1a: Decidueye|Aura Sphere|p2a: Gyarados
|-supereffective|p2a: Gyarados|1
|-crit|p2a: Gyarados
|-damage|p2a: Gyarados|0 fnt
|faint|p2a: Gyarados
|
|upkeep
|
|t:|1782496809
|switch|p2a: Hawlucha|Hawlucha, L50, F|100/100
|turn|7
|
|t:|1782496834
|move|p2a: Hawlucha|Protect|p2a: Hawlucha
|-singleturn|p2a: Hawlucha|Protect
|move|p1b: Milotic|Scald|p2a: Hawlucha
|-activate|p2a: Hawlucha|move: Protect
|move|p2b: Malamar|Superpower|p1a: Decidueye
|-damage|p1a: Decidueye|4/100
|-boost|p2b: Malamar|atk|1
|-boost|p2b: Malamar|def|1
|move|p1a: Decidueye|Air Slash|p2a: Hawlucha
|-activate|p2a: Hawlucha|move: Protect
|
|upkeep
|turn|8
|
|t:|1782496872
|move|p2a: Hawlucha|Acrobatics|p1a: Decidueye
|-supereffective|p1a: Decidueye|2
|-damage|p1a: Decidueye|0 fnt
|faint|p1a: Decidueye
|move|p1b: Milotic|Scald|p2a: Hawlucha
|-damage|p2a: Hawlucha|53/100
|move|p2b: Malamar|Knock Off|p1b: Milotic
|-damage|p1b: Milotic|33/100
|-enditem|p1b: Milotic|Leftovers|[from] move: Knock Off|[of] p2b: Malamar
|
|upkeep
|turn|9
|
|t:|1782496898
|move|p2a: Hawlucha|Acrobatics|p1b: Milotic
|-damage|p1b: Milotic|3/100
|move|p1b: Milotic|Recover|p1b: Milotic
|-heal|p1b: Milotic|53/100
|move|p2b: Malamar|Superpower|p1b: Milotic
|-damage|p1b: Milotic|0 fnt
|-boost|p2b: Malamar|atk|1
|-boost|p2b: Malamar|def|1
|faint|p1b: Milotic
|
|win|chronojet95
|inactive|Ryoku_Jetstream has 30 seconds to confirm battle start!
|inactive|chronojet95 has 30 seconds to confirm battle start!
|l|☆Ryoku_Jetstream
|player|p1|
|l|☆chronojet95
|player|p2|
|inactive|Ryoku_Jetstream has 20 seconds to confirm battle start!
|inactive|chronojet95 has 20 seconds to confirm battle start!
|inactive|Ryoku_Jetstream has 10 seconds to confirm battle start!
|inactive|chronojet95 has 10 seconds to confirm battle start!
|inactive|Ryoku_Jetstream has 0 seconds to confirm battle start!
|inactive|chronojet95 has 0 seconds to confirm battle start!
|uhtml|next|Next: Game 3 of 3
|l| fancy_0221
