|j|â˜†fr3aky b1lly
|j|â˜†SeymoursLeftToeVGC
|html|fr3aky b1llySeymoursLeftToeVGC    
|uhtml|bestof|Game 1 of a best-of-3
|t:|1783347838
|gametype|doubles
|player|p1|fr3aky b1lly|jacinthe|1149
|player|p2|SeymoursLeftToeVGC|ninjaboy|1185
|gen|9
|tier|[Gen 9 Champions] VGC 2026 Reg M-B (Bo3)
|rated|
|rule|Species Clause: Limit one of each PokÃ©mon
|rule|Item Clause: Limit 1 of each item
|clearpoke
|poke|p1|Archaludon, L50, F, shiny|
|poke|p1|Incineroar, L50, F|
|poke|p1|Politoed, L50, F|
|poke|p1|Gengar, L50, M, shiny|
|poke|p1|Swampert, L50, F|
|poke|p1|Sinistcha, L50|
|poke|p2|Tyranitar, L50, M, shiny|
|poke|p2|Excadrill, L50, F, shiny|
|poke|p2|Kangaskhan, L50, F, shiny|
|poke|p2|Tsareena, L50, F, shiny|
|poke|p2|Clefable, L50, F, shiny|
|poke|p2|Talonflame, L50, M, shiny|
|teampreview|4
|showteam|p1|Archaludon||Leftovers|Stamina|ElectroShot,FlashCannon,DracoMeteor,Protect|Modest||F|||50|]Incineroar||PasshoBerry|Intimidate|ThroatChop,FakeOut,PartingShot,Taunt|Careful||F|||50|]Politoed||SitrusBerry|Drizzle|WeatherBall,Encore,IceBeam,IcyWind|Modest||F|||50|]Gengar||Gengarite|CursedBody|SludgeBomb,ShadowBall,WillOWisp,Protect|Timid||M|||50|]Swampert||Swampertite|Damp|WaveCrash,HighHorsepower,IcePunch,Protect|Adamant||F|||50|]Sinistcha||ColburBerry|Hospitality|MatchaGotcha,RagePowder,TrickRoom,LifeDew|Bold|||||50|
|showteam|p2|Tyranitar||Tyranitarite|SandStream|RockSlide,Protect,DragonDance,KnockOff|Adamant||M|||50|]Excadrill||FocusSash|SandRush|Earthquake,IronHead,Protect,HighHorsepower|Adamant||F|||50|]Kangaskhan||Kangaskhanite|Scrappy|FakeOut,LastResort|Adamant||F|||50|]Tsareena||LifeOrb|QueenlyMajesty|LowKick,Protect,TropKick,Uturn|Adamant||F|||50|]Clefable||SitrusBerry|Unaware|FollowMe,IceBeam,Protect,HelpingHand|Modest||F|||50|]Talonflame||SharpBeak|GaleWings|DualWingbeat,Tailwind,Protect,Taunt|Adamant||M|||50|
|inactive|Battle timer is ON: inactive players will automatically lose when time's up. (requested by SeymoursLeftToeVGC)
|l|â˜†SeymoursLeftToeVGC
|inactive|SeymoursLeftToeVGC disconnected and has a minute to reconnect!
|player|p2|
|j|â˜†SeymoursLeftToeVGC
|inactive|SeymoursLeftToeVGC reconnected and has 65 seconds left.
|player|p2|SeymoursLeftToeVGC|ninjaboy|
|inactive|fr3aky b1lly has 60 seconds left.
|inactive|SeymoursLeftToeVGC has 60 seconds left.
|inactive|fr3aky b1lly has 30 seconds left.
|inactive|fr3aky b1lly has 20 seconds left.
|
|t:|1783347910
|teamsize|p1|4
|teamsize|p2|4
|start
|switch|p1a: Big Pert|Swampert, L50, F|100/100
|switch|p1b: UwU So Scary!|Incineroar, L50, F|100/100
|switch|p2a: Tsareena|Tsareena, L50, F, shiny|100/100
|switch|p2b: Talonflame|Talonflame, L50, M, shiny|100/100
|-ability|p1b: UwU So Scary!|Intimidate|boost
|-unboost|p2a: Tsareena|atk|1
|-unboost|p2b: Talonflame|atk|1
|turn|1
|
|t:|1783347929
|switch|p1a: Glimmer|Archaludon, L50, F, shiny|100/100
|move|p2a: Tsareena|Protect|p2a: Tsareena
|-singleturn|p2a: Tsareena|Protect
|move|p2b: Talonflame|Tailwind|p2b: Talonflame
|-sidestart|p2: SeymoursLeftToeVGC|move: Tailwind
|move|p1b: UwU So Scary!|Parting Shot|p2a: Tsareena
|-activate|p2a: Tsareena|move: Protect
|
|upkeep
|turn|2
|inactive|fr3aky b1lly has 30 seconds left.
|
|t:|1783347954
|switch|p1b: Forg|Politoed, L50, F|100/100
|-weather|RainDance|[from] ability: Drizzle|[of] p1b: Forg
|move|p2b: Talonflame|Taunt|p1b: Forg
|-start|p1b: Forg|move: Taunt
|move|p2a: Tsareena|Low Kick|p1a: Glimmer
|-supereffective|p1a: Glimmer|1
|-damage|p1a: Glimmer|64/100
|-ability|p1a: Glimmer|Stamina|boost
|-boost|p1a: Glimmer|def|1
|-damage|p2a: Tsareena|90/100|[from] item: Life Orb
|move|p1a: Glimmer|Electro Shot||[still]
|-prepare|p1a: Glimmer|Electro Shot
|-boost|p1a: Glimmer|spa|1
|-anim|p1a: Glimmer|Electro Shot|p2b: Talonflame
|-supereffective|p2b: Talonflame|1
|-damage|p2b: Talonflame|0 fnt
|faint|p2b: Talonflame
|
|-weather|RainDance|[upkeep]
|-heal|p1a: Glimmer|70/100|[from] item: Leftovers
|upkeep
|
|t:|1783347973
|switch|p2b: Excadrill|Excadrill, L50, F, shiny|100/100
|turn|3
|inactive|fr3aky b1lly has 30 seconds left.
|inactive|fr3aky b1lly has 20 seconds left.
|inactive|fr3aky b1lly has 15 seconds left.
|inactive|fr3aky b1lly has 10 seconds left.
|
|t:|1783348020
|switch|p2a: Tyranitar|Tyranitar, L50, M, shiny|100/100
|-weather|Sandstorm|[from] ability: Sand Stream|[of] p2a: Tyranitar
|switch|p1b: UwU So Scary!|Incineroar, L50, F|100/100
|-ability|p1b: UwU So Scary!|Intimidate|boost
|-unboost|p2a: Tyranitar|atk|1
|-unboost|p2b: Excadrill|atk|1
|move|p1a: Glimmer|Protect|p1a: Glimmer
|-singleturn|p1a: Glimmer|Protect
|move|p2b: Excadrill|High Horsepower|p1a: Glimmer
|-activate|p1a: Glimmer|move: Protect
|
|-weather|Sandstorm|[upkeep]
|-damage|p1b: UwU So Scary!|93/100|[from] Sandstorm
|-heal|p1a: Glimmer|76/100|[from] item: Leftovers
|upkeep
|turn|4
|inactive|fr3aky b1lly has 30 seconds left.
|inactive|fr3aky b1lly has 20 seconds left.
|inactive|fr3aky b1lly has 15 seconds left.
|inactive|fr3aky b1lly has 10 seconds left.
|
|t:|1783348069
|detailschange|p2a: Tyranitar|Tyranitar-Mega, L50, M, shiny
|-mega|p2a: Tyranitar|Tyranitar|Tyranitarite
|move|p2b: Excadrill|High Horsepower|p1a: Glimmer
|-supereffective|p1a: Glimmer|1
|-damage|p1a: Glimmer|37/100
|-ability|p1a: Glimmer|Stamina|boost
|-boost|p1a: Glimmer|def|1
|move|p2a: Tyranitar|Rock Slide|p1a: Glimmer|[spread] p1a,p1b
|-resisted|p1a: Glimmer|1
|-supereffective|p1b: UwU So Scary!|1
|-damage|p1a: Glimmer|32/100
|-damage|p1b: UwU So Scary!|57/100
|-ability|p1a: Glimmer|Stamina|boost
|-boost|p1a: Glimmer|def|1
|cant|p1a: Glimmer|flinch
|cant|p1b: UwU So Scary!|flinch
|
|-weather|Sandstorm|[upkeep]
|-damage|p1b: UwU So Scary!|51/100|[from] Sandstorm
|-heal|p1a: Glimmer|39/100|[from] item: Leftovers
|-sideend|p2: SeymoursLeftToeVGC|move: Tailwind
|upkeep
|turn|5
|inactive|fr3aky b1lly has 30 seconds left.
|inactive|SeymoursLeftToeVGC has 30 seconds left.
|inactive|fr3aky b1lly has 20 seconds left.
|inactive|fr3aky b1lly has 15 seconds left.
|
|t:|1783348112
|move|p1a: Glimmer|Protect|p1a: Glimmer
|-singleturn|p1a: Glimmer|Protect
|move|p2b: Excadrill|High Horsepower|p1a: Glimmer
|-activate|p1a: Glimmer|move: Protect
|move|p2a: Tyranitar|Dragon Dance|p2a: Tyranitar
|-boost|p2a: Tyranitar|atk|1
|-boost|p2a: Tyranitar|spe|1
|move|p1b: UwU So Scary!|Parting Shot|p2b: Excadrill
|-unboost|p2b: Excadrill|atk|1
|-unboost|p2b: Excadrill|spa|1
|
|t:|1783348126
|switch|p1b: Forg|Politoed, L50, F|100/100|[from] Parting Shot
|-weather|RainDance|[from] ability: Drizzle|[of] p1b: Forg
|
|-weather|RainDance|[upkeep]
|-heal|p1a: Glimmer|45/100|[from] item: Leftovers
|upkeep
|turn|6
|
|t:|1783348147
|switch|p1b: UwU So Scary!|Incineroar, L50, F|51/100
|-ability|p1b: UwU So Scary!|Intimidate|boost
|-unboost|p2a: Tyranitar|atk|1
|-unboost|p2b: Excadrill|atk|1
|move|p2a: Tyranitar|Rock Slide|p1b: UwU So Scary!|[spread] p1b
|-miss|p2a: Tyranitar|p1a: Glimmer
|-supereffective|p1b: UwU So Scary!|1
|-damage|p1b: UwU So Scary!|12/100
|move|p2b: Excadrill|High Horsepower|p1a: Glimmer
|-supereffective|p1a: Glimmer|1
|-damage|p1a: Glimmer|31/100
|-ability|p1a: Glimmer|Stamina|boost
|-boost|p1a: Glimmer|def|1
|move|p1a: Glimmer|Flash Cannon|p2a: Tyranitar
|-supereffective|p2a: Tyranitar|1
|-damage|p2a: Tyranitar|17/100
|
|-weather|RainDance|[upkeep]
|-heal|p1a: Glimmer|38/100|[from] item: Leftovers
|upkeep
|turn|7
|inactive|fr3aky b1lly has 30 seconds left.
|
|t:|1783348182
|switch|p2b: Tsareena|Tsareena, L50, F, shiny|90/100
|move|p1b: UwU So Scary!|Fake Out||[still]
|cant|p2b: Tsareena|ability: Queenly Majesty|Fake Out|[of] p1b: UwU So Scary!
|move|p2a: Tyranitar|Rock Slide|p1a: Glimmer|[spread] p1a
|-miss|p2a: Tyranitar|p1b: UwU So Scary!
|-resisted|p1a: Glimmer|1
|-damage|p1a: Glimmer|35/100
|-ability|p1a: Glimmer|Stamina|boost
|-boost|p1a: Glimmer|def|1
|move|p1a: Glimmer|Electro Shot||[still]
|-prepare|p1a: Glimmer|Electro Shot
|-boost|p1a: Glimmer|spa|1
|-anim|p1a: Glimmer|Electro Shot|p2a: Tyranitar
|-damage|p2a: Tyranitar|0 fnt
|faint|p2a: Tyranitar
|
|-weather|RainDance|[upkeep]
|-heal|p1a: Glimmer|41/100|[from] item: Leftovers
|upkeep
|
|t:|1783348198
|switch|p2a: Excadrill|Excadrill, L50, F, shiny|100/100
|turn|8
|inactive|fr3aky b1lly has 30 seconds left.
|
|t:|1783348233
|switch|p1b: Big Pert|Swampert, L50, F|100/100
|move|p2a: Excadrill|Earthquake|p1a: Glimmer|[spread] p2b,p1a,p1b
|-resisted|p2b: Tsareena|1
|-supereffective|p1a: Glimmer|1
|-damage|p2b: Tsareena|67/100
|-damage|p1a: Glimmer|22/100
|-damage|p1b: Big Pert|58/100
|-ability|p1a: Glimmer|Stamina|boost
|-boost|p1a: Glimmer|def|1
|move|p1a: Glimmer|Draco Meteor|p2b: Tsareena
|-damage|p2b: Tsareena|0 fnt
|-unboost|p1a: Glimmer|spa|2
|faint|p2b: Tsareena
|
|-weather|RainDance|[upkeep]
|-heal|p1a: Glimmer|28/100|[from] item: Leftovers
|upkeep
|turn|9
|
|t:|1783348251
|detailschange|p1b: Big Pert|Swampert-Mega, L50, F
|-mega|p1b: Big Pert|Swampert|Swampertite
|move|p1b: Big Pert|Wave Crash|p2a: Excadrill
|-supereffective|p2a: Excadrill|1
|-enditem|p2a: Excadrill|Focus Sash
|-damage|p2a: Excadrill|1/100
|-damage|p1b: Big Pert|25/100|[from] Recoil
|move|p2a: Excadrill|Earthquake|p1a: Glimmer|[spread] p1a,p1b
|-supereffective|p1a: Glimmer|1
|-damage|p1a: Glimmer|12/100
|-damage|p1b: Big Pert|0 fnt
|faint|p1b: Big Pert
|move|p1a: Glimmer|Flash Cannon|p2a: Excadrill
|-resisted|p2a: Excadrill|1
|-damage|p2a: Excadrill|0 fnt
|faint|p2a: Excadrill
|
|win|fr3aky b1lly
