|j|☆KarmicPines2002
|j|☆YAYOI23
|html|KarmicPines2002YAYOI23    
|uhtml|bestof|Game 1 of a best-of-3
|t:|1784567930
|gametype|doubles
|player|p1|KarmicPines2002|2|1075
|player|p2|YAYOI23|1|1000
|gen|9
|tier|[Gen 9 Champions] VGC 2026 Reg M-B (Bo3)
|rated|
|rule|Species Clause: Limit one of each Pokémon
|rule|Item Clause: Limit 1 of each item
|clearpoke
|poke|p1|Venusaur, L50, M|
|poke|p1|Charizard, L50, M|
|poke|p1|Grimmsnarl, L50, M|
|poke|p1|Archaludon, L50, F|
|poke|p1|Basculegion, L50, M|
|poke|p1|Pelipper, L50, F|
|poke|p2|Blastoise, L50, M|
|poke|p2|Talonflame, L50, M|
|poke|p2|Sableye, L50, M|
|poke|p2|Vivillon, L50, M|
|poke|p2|Archaludon, L50, F|
|poke|p2|Sinistcha, L50|
|teampreview|4
|showteam|p1|Venusaur||FocusSash|Chlorophyll|SludgeBomb,EarthPower,SleepPowder,Protect|Modest||M|||50|]Charizard||CharizarditeY|Blaze|Protect,HeatWave,SolarBeam,WeatherBall|Modest||M|||50|]Grimmsnarl||LightClay|Prankster|SpiritBreak,LightScreen,Reflect,PartingShot|Sassy||M|||50|]Archaludon||Leftovers|Stamina|ElectroShot,DragonPulse,FlashCannon,Protect|Calm||F|||50|]Basculegion||ChoiceScarf|Adaptability|WaveCrash,LastRespects,AquaJet,FlipTurn|Jolly||M|||50|]Pelipper||SitrusBerry|Drizzle|Hurricane,WeatherBall,Tailwind,WideGuard|Modest||F|||50|
|showteam|p2|Blastoise||Blastoisinite|Torrent|WaterSpout,Protect,ShellSmash,DarkPulse|Modest||M|||50|]Talonflame||SharpBeak|FlameBody|DualWingbeat,Tailwind,QuickGuard,BraveBird|Jolly||M|||50|]Sableye||RoseliBerry|KeenEye|Encore,Disable,FakeOut,RainDance|Careful||M|||50|]Vivillon||FocusSash|CompoundEyes|PollenPuff,SleepPowder,RagePowder,Protect|Timid||M|||50|]Archaludon||ChoiceScarf|Sturdy|AuraSphere,ElectroShot,DragonPulse,FlashCannon|Modest||F|||50|]Sinistcha||SitrusBerry|Hospitality|MatchaGotcha,RagePowder,TrickRoom,Imprison|Relaxed|||||50|
|
|t:|1784567971
|teamsize|p1|4
|teamsize|p2|4
|start
|switch|p1a: Archaludon|Archaludon, L50, F|100/100
|switch|p1b: Grimmsnarl|Grimmsnarl, L50, M|100/100
|switch|p2a: Sableye|Sableye, L50, M|100/100
|switch|p2b: Talonflame|Talonflame, L50, M|100/100
|turn|1
|inactive|Battle timer is ON: inactive players will automatically lose when time's up. (requested by KarmicPines2002)
|inactive|KarmicPines2002 has 60 seconds left.
|inactive|YAYOI23 has 60 seconds left.
|
|t:|1784568007
|move|p2a: Sableye|Fake Out|p1a: Archaludon
|-resisted|p1a: Archaludon|1
|-damage|p1a: Archaludon|97/100
|-ability|p1a: Archaludon|Stamina|boost
|-boost|p1a: Archaludon|def|1
|move|p1b: Grimmsnarl|Reflect|p1b: Grimmsnarl
|-sidestart|p1: KarmicPines2002|Reflect
|move|p2b: Talonflame|Brave Bird|p1b: Grimmsnarl
|-damage|p1b: Grimmsnarl|59/100
|-damage|p2b: Talonflame|82/100|[from] Recoil
|cant|p1a: Archaludon|flinch
|
|-heal|p1a: Archaludon|100/100|[from] item: Leftovers
|upkeep
|turn|2
|inactive|KarmicPines2002 has 30 seconds left.
|inactive|YAYOI23 has 30 seconds left.
|inactive|YAYOI23 has 20 seconds left.
|
|t:|1784568044
|switch|p2a: Archaludon|Archaludon, L50, F|100/100
|move|p1b: Grimmsnarl|Parting Shot|p2b: Talonflame
|-unboost|p2b: Talonflame|atk|1
|-unboost|p2b: Talonflame|spa|1
|
|t:|1784568049
|switch|p1b: Pelipper|Pelipper, L50, F|100/100|[from] Parting Shot
|-weather|RainDance|[from] ability: Drizzle|[of] p1b: Pelipper
|move|p2b: Talonflame|Tailwind|p2b: Talonflame
|-sidestart|p2: YAYOI23|move: Tailwind
|move|p1a: Archaludon|Electro Shot||[still]
|-prepare|p1a: Archaludon|Electro Shot
|-boost|p1a: Archaludon|spa|1
|-anim|p1a: Archaludon|Electro Shot|p2a: Archaludon
|-resisted|p2a: Archaludon|1
|-damage|p2a: Archaludon|61/100
|
|-weather|RainDance|[upkeep]
|upkeep
|turn|3
|inactive|KarmicPines2002 has 30 seconds left.
|inactive|YAYOI23 has 30 seconds left.
|
|t:|1784568082
|switch|p1b: Grimmsnarl|Grimmsnarl, L50, M|59/100
|move|p2a: Archaludon|Dragon Pulse|p1a: Archaludon
|-damage|p1a: Archaludon|58/100
|-ability|p1a: Archaludon|Stamina|boost
|-boost|p1a: Archaludon|def|1
|move|p2b: Talonflame|Brave Bird|p1b: Grimmsnarl
|-damage|p1b: Grimmsnarl|34/100
|-damage|p2b: Talonflame|71/100|[from] Recoil
|move|p1a: Archaludon|Dragon Pulse|p2a: Archaludon
|-damage|p2a: Archaludon|0 fnt
|faint|p2a: Archaludon
|
|-weather|RainDance|[upkeep]
|-heal|p1a: Archaludon|64/100|[from] item: Leftovers
|upkeep
|
|t:|1784568106
|switch|p2a: Blastoise|Blastoise, L50, M|100/100
|turn|4
|
|t:|1784568119
|move|p1b: Grimmsnarl|Light Screen|p1b: Grimmsnarl
|-sidestart|p1: KarmicPines2002|move: Light Screen
|move|p2b: Talonflame|Brave Bird|p1b: Grimmsnarl
|-damage|p1b: Grimmsnarl|10/100
|-damage|p2b: Talonflame|61/100|[from] Recoil
|move|p2a: Blastoise|Water Spout|p1b: Grimmsnarl|[spread] p1a,p1b
|-resisted|p1a: Archaludon|1
|-damage|p1a: Archaludon|42/100
|-damage|p1b: Grimmsnarl|0 fnt
|-ability|p1a: Archaludon|Stamina|boost
|-boost|p1a: Archaludon|def|1
|faint|p1b: Grimmsnarl
|move|p1a: Archaludon|Electro Shot||[still]
|-prepare|p1a: Archaludon|Electro Shot
|-boost|p1a: Archaludon|spa|1
|-anim|p1a: Archaludon|Electro Shot|p2a: Blastoise
|-supereffective|p2a: Blastoise|1
|-damage|p2a: Blastoise|0 fnt
|faint|p2a: Blastoise
|
|-weather|RainDance|[upkeep]
|-heal|p1a: Archaludon|48/100|[from] item: Leftovers
|upkeep
|
|t:|1784568142
|switch|p2a: Sableye|Sableye, L50, M|100/100
|switch|p1b: Basculegion|Basculegion, L50, M|100/100
|turn|5
|
|t:|1784568164
|move|p2b: Talonflame|Brave Bird|p1b: Basculegion
|-damage|p1b: Basculegion|74/100
|-damage|p2b: Talonflame|50/100g|[from] Recoil
|move|p1b: Basculegion|Wave Crash|p2a: Sableye
|-damage|p2a: Sableye|0 fnt
|faint|p2a: Sableye
|-damage|p1b: Basculegion|48/100|[from] Recoil
|move|p1a: Archaludon|Dragon Pulse|p2b: Talonflame
|-damage|p2b: Talonflame|0 fnt
|faint|p2b: Talonflame
|
|win|KarmicPines2002
|inactive|KarmicPines2002 has 30 seconds to confirm battle start!
|inactive|YAYOI23 has 30 seconds to confirm battle start!
