|j|☆coti_05
|j|☆ssooner
|html|coti_05ssooner    
|uhtml|bestof|Game 3 of a best-of-3
|t:|1784363659
|gametype|doubles
|player|p1|coti_05|170|1139
|player|p2|ssooner|wallace|1091
|gen|9
|tier|[Gen 9 Champions] VGC 2026 Reg M-B (Bo3)
|rated|
|rule|Species Clause: Limit one of each Pokémon
|rule|Item Clause: Limit 1 of each item
|clearpoke
|poke|p1|Charizard, L50, M, shiny|
|poke|p1|Incineroar, L50, M|
|poke|p1|Garchomp, L50, F, shiny|
|poke|p1|Aerodactyl, L50, M|
|poke|p1|Toxapex, L50, F|
|poke|p1|Sylveon, L50, M|
|poke|p2|Talonflame, L50, F|
|poke|p2|Gholdengo, L50|
|poke|p2|Metagross, L50|
|poke|p2|Garchomp, L50, F|
|poke|p2|Tyranitar, L50, F|
|poke|p2|Rotom-Wash, L50|
|teampreview|4
|showteam|p1|Charizard||CharizarditeY|SolarPower|HeatWave,Protect,WeatherBall,SolarBeam|Bold||M|||50|]Incineroar||SitrusBerry|Intimidate|FakeOut,FlareBlitz,PartingShot,Crunch|Impish||M|||50|]Garchomp||LifeOrb|RoughSkin|DragonClaw,Earthquake,Protect,RockSlide|Adamant||F|||50|]Aerodactyl||Aerodactylite|RockHead|Tailwind,Protect,RockSlide,DualWingbeat|Jolly||M|||50|]Toxapex||Leftovers|Regenerator|WideGuard,BanefulBunker,Toxic,Infestation|Sassy||F|||50|]Sylveon||FairyFeather|Pixilate|Protect,HyperBeam,HyperVoice,CalmMind|Bold||M|||50|
|showteam|p2|Talonflame|||GaleWings|Acrobatics,Protect,Tailwind,QuickGuard|Jolly||F|||50|]Gholdengo||LifeOrb|GoodasGold|MakeItRain,NastyPlot,Protect,ShadowBall|Timid|||||50|]Metagross||Metagrossite|ClearBody|BulletPunch,Protect,IronHead,PsychicFangs|Jolly|||||50|]Garchomp||ChoiceScarf|SandVeil|DragonClaw,Earthquake,RockSlide,StompingTantrum|Serious||F|||50|]Tyranitar||Tyranitarite|SandStream|IcePunch,KnockOff,Protect,RockSlide|Adamant||F|||50|]Rotom-Wash||SitrusBerry|Levitate|HydroPump,Protect,WillOWisp,Thunderbolt|Serious|||||50|
|inactive|Battle timer is ON: inactive players will automatically lose when time's up. (requested by ssooner)
|inactive|coti_05 has 60 seconds left.
|
|t:|1784363704
|teamsize|p1|4
|teamsize|p2|4
|start
|switch|p1a: Aerodactyl|Aerodactyl, L50, M|100/100
|switch|p1b: Incineroar|Incineroar, L50, M|100/100
|switch|p2a: Tyranitar|Tyranitar, L50, F|100/100
|switch|p2b: Talonflame|Talonflame, L50, F|100/100
|-weather|Sandstorm|[from] ability: Sand Stream|[of] p2a: Tyranitar
|-ability|p1b: Incineroar|Intimidate|boost
|-unboost|p2a: Tyranitar|atk|1
|-unboost|p2b: Talonflame|atk|1
|turn|1
|
|t:|1784363725
|detailschange|p1a: Aerodactyl|Aerodactyl-Mega, L50, M
|-mega|p1a: Aerodactyl|Aerodactyl|Aerodactylite
|detailschange|p2a: Tyranitar|Tyranitar-Mega, L50, F
|-mega|p2a: Tyranitar|Tyranitar|Tyranitarite
|move|p1b: Incineroar|Fake Out|p2a: Tyranitar
|-resisted|p2a: Tyranitar|1
|-damage|p2a: Tyranitar|96/100
|move|p2b: Talonflame|Tailwind|p2b: Talonflame
|-sidestart|p2: ssooner|move: Tailwind
|cant|p2a: Tyranitar|flinch
|move|p1a: Aerodactyl|Tailwind|p1a: Aerodactyl
|-sidestart|p1: coti_05|move: Tailwind
|
|-weather|Sandstorm|[upkeep]
|-damage|p2b: Talonflame|94/100|[from] Sandstorm
|-damage|p1b: Incineroar|94/100|[from] Sandstorm
|upkeep
|turn|2
|inactive|coti_05 has 30 seconds left.
|
|t:|1784363750
|switch|p2b: Garchomp|Garchomp, L50, F|100/100
|switch|p1b: Toxapex|Toxapex, L50, F|100/100
|move|p1a: Aerodactyl|Rock Slide|p2b: Garchomp|[spread] p2b
|-miss|p1a: Aerodactyl|p2a: Tyranitar
|-resisted|p2b: Garchomp|1
|-damage|p2b: Garchomp|87/100
|move|p2a: Tyranitar|Rock Slide|p1a: Aerodactyl|[spread] p1a,p1b
|-supereffective|p1a: Aerodactyl|1
|-damage|p1a: Aerodactyl|37/100
|-damage|p1b: Toxapex|81/100
|
|-weather|Sandstorm|[upkeep]
|-damage|p1b: Toxapex|75/100|[from] Sandstorm
|-heal|p1b: Toxapex|81/100|[from] item: Leftovers
|upkeep
|turn|3
|inactive|ssooner has 30 seconds left.
|
|t:|1784363780
|switch|p1a: Incineroar|Incineroar, L50, M|94/100
|-ability|p1a: Incineroar|Intimidate|boost
|-unboost|p2a: Tyranitar|atk|1
|-unboost|p2b: Garchomp|atk|1
|move|p1b: Toxapex|Wide Guard|p1b: Toxapex
|-singleturn|p1b: Toxapex|Wide Guard
|move|p2b: Garchomp|Stomping Tantrum|p1b: Toxapex
|-supereffective|p1b: Toxapex|1
|-damage|p1b: Toxapex|40/100
|move|p2a: Tyranitar|Knock Off|p1a: Incineroar
|-resisted|p1a: Incineroar|1
|-damage|p1a: Incineroar|82/100
|-enditem|p1a: Incineroar|Sitrus Berry|[from] move: Knock Off|[of] p2a: Tyranitar
|
|-weather|Sandstorm|[upkeep]
|-damage|p1a: Incineroar|76/100|[from] Sandstorm
|-damage|p1b: Toxapex|34/100|[from] Sandstorm
|-heal|p1b: Toxapex|40/100|[from] item: Leftovers
|upkeep
|turn|4
|inactive|coti_05 has 30 seconds left.
|
|t:|1784363808
|switch|p2a: Rotom|Rotom-Wash, L50|100/100
|move|p1a: Incineroar|Fake Out|p2b: Garchomp
|-damage|p2b: Garchomp|78/100
|cant|p2b: Garchomp|flinch
|move|p1b: Toxapex|Toxic|p2b: Garchomp
|-status|p2b: Garchomp|tox
|
|-weather|Sandstorm|[upkeep]
|-damage|p2a: Rotom|94/100|[from] Sandstorm
|-damage|p1a: Incineroar|70/100|[from] Sandstorm
|-damage|p1b: Toxapex|34/100|[from] Sandstorm
|-heal|p1b: Toxapex|40/100|[from] item: Leftovers
|-damage|p2b: Garchomp|72/100 tox|[from] psn
|-sideend|p1: coti_05|move: Tailwind
|-sideend|p2: ssooner|move: Tailwind
|upkeep
|turn|5
|
|t:|1784363830
|move|p1b: Toxapex|Baneful Bunker|p1b: Toxapex
|-singleturn|p1b: Toxapex|move: Protect
|move|p2b: Garchomp|Stomping Tantrum|p1a: Incineroar
|-supereffective|p1a: Incineroar|1
|-damage|p1a: Incineroar|0 fnt
|faint|p1a: Incineroar
|move|p2a: Rotom|Thunderbolt|p1b: Toxapex
|-activate|p1b: Toxapex|move: Protect
|
|-weather|none
|-heal|p1b: Toxapex|46/100|[from] item: Leftovers
|-damage|p2b: Garchomp|60/100 tox|[from] psn
|upkeep
|
|t:|1784363849
|switch|p1a: Aerodactyl|Aerodactyl-Mega, L50, M|37/100
|turn|6
|inactive|coti_05 has 30 seconds left.
|
|t:|1784363876
|-heal|p1b: Toxapex|79/100|[from] ability: Regenerator|[silent]
|switch|p1b: Garchomp|Garchomp, L50, F, shiny|100/100
|move|p1a: Aerodactyl|Protect|p1a: Aerodactyl
|-singleturn|p1a: Aerodactyl|Protect
|move|p2b: Garchomp|Stomping Tantrum|p1b: Garchomp
|-damage|p1b: Garchomp|73/100
|-damage|p2b: Garchomp|48/100 tox|[from] ability: Rough Skin|[of] p1b: Garchomp
|move|p2a: Rotom|Thunderbolt|p1a: Aerodactyl
|-activate|p1a: Aerodactyl|move: Protect
|
|-damage|p2b: Garchomp|30/100 tox|[from] psn
|upkeep
|turn|7
|inactive|coti_05 has 30 seconds left.
|
|t:|1784363906
|switch|p2b: Tyranitar|Tyranitar-Mega, L50, F|96/100
|-weather|Sandstorm|[from] ability: Sand Stream|[of] p2b: Tyranitar
|move|p1a: Aerodactyl|Rock Slide|p2a: Rotom|[spread] p2a,p2b
|-damage|p2a: Rotom|66/100
|-damage|p2b: Tyranitar|77/100
|move|p1b: Garchomp|Earthquake|p2a: Rotom|[spread] p2b
|-immune|p1a: Aerodactyl
|-immune|p2a: Rotom|[from] ability: Levitate
|-supereffective|p2b: Tyranitar|1
|-damage|p2b: Tyranitar|0 fnt
|faint|p2b: Tyranitar
|-damage|p1b: Garchomp|63/100|[from] item: Life Orb
|move|p2a: Rotom|Thunderbolt|p1a: Aerodactyl
|-supereffective|p1a: Aerodactyl|1
|-damage|p1a: Aerodactyl|0 fnt
|faint|p1a: Aerodactyl
|
|-weather|Sandstorm|[upkeep]
|-damage|p2a: Rotom|60/100|[from] Sandstorm
|upkeep
|
|t:|1784363925
|switch|p1a: Toxapex|Toxapex, L50, F|79/100
|switch|p2b: Garchomp|Garchomp, L50, F|30/100 tox
|turn|8
|inactive|coti_05 has 30 seconds left.
|
|t:|1784363951
|move|p1b: Garchomp|Protect|p1b: Garchomp
|-singleturn|p1b: Garchomp|Protect
|move|p1a: Toxapex|Baneful Bunker|p1a: Toxapex
|-singleturn|p1a: Toxapex|move: Protect
|move|p2b: Garchomp|Dragon Claw|p1b: Garchomp
|-activate|p1b: Garchomp|move: Protect
|move|p2a: Rotom|Thunderbolt|p1a: Toxapex
|-activate|p1a: Toxapex|move: Protect
|
|-weather|Sandstorm|[upkeep]
|-damage|p2a: Rotom|54/100|[from] Sandstorm
|-damage|p1a: Toxapex|73/100|[from] Sandstorm
|-heal|p1a: Toxapex|79/100|[from] item: Leftovers
|-damage|p2b: Garchomp|24/100 tox|[from] psn
|upkeep
|turn|9
|inactive|ssooner has 30 seconds left.
|
|t:|1784363979
|move|p1b: Garchomp|Protect|p1b: Garchomp
|-singleturn|p1b: Garchomp|Protect
|move|p2b: Garchomp|Dragon Claw|p1b: Garchomp
|-activate|p1b: Garchomp|move: Protect
|move|p2a: Rotom|Thunderbolt|p1a: Toxapex
|-supereffective|p1a: Toxapex|1
|-damage|p1a: Toxapex|21/100
|move|p1a: Toxapex|Toxic|p2a: Rotom
|-status|p2a: Rotom|tox
|
|-weather|Sandstorm|[upkeep]
|-damage|p2a: Rotom|49/100 tox|[from] Sandstorm
|-damage|p1a: Toxapex|15/100|[from] Sandstorm
|-enditem|p2a: Rotom|Sitrus Berry|[eat]
|-heal|p2a: Rotom|73/100 tox|[from] item: Sitrus Berry
|-heal|p1a: Toxapex|21/100|[from] item: Leftovers
|-damage|p2b: Garchomp|12/100 tox|[from] psn
|-damage|p2a: Rotom|67/100 tox|[from] psn
|upkeep
|turn|10
|
|t:|1784364000
|move|p1b: Garchomp|Protect||[still]
|-fail|p1b: Garchomp
|move|p1a: Toxapex|Baneful Bunker|p1a: Toxapex
|-singleturn|p1a: Toxapex|move: Protect
|move|p2b: Garchomp|Dragon Claw|p1b: Garchomp
|-supereffective|p1b: Garchomp|1
|-damage|p1b: Garchomp|0 fnt
|-damage|p2b: Garchomp|0 fnt|[from] ability: Rough Skin|[of] p1b: Garchomp
|faint|p1b: Garchomp
|faint|p2b: Garchomp
|move|p2a: Rotom|Thunderbolt|p1a: Toxapex
|-activate|p1a: Toxapex|move: Protect
|
|-weather|Sandstorm|[upkeep]
|-damage|p2a: Rotom|62/100 tox|[from] Sandstorm
|-damage|p1a: Toxapex|15/100|[from] Sandstorm
|-heal|p1a: Toxapex|21/100|[from] item: Leftovers
|-damage|p2a: Rotom|50/100g tox|[from] psn
|upkeep
|
|t:|1784364013
|switch|p2b: Talonflame|Talonflame, L50, F|94/100
|turn|11
|
|t:|1784364020
|move|p1a: Toxapex|Baneful Bunker||[still]
|-fail|p1a: Toxapex
|move|p2b: Talonflame|Acrobatics|p1a: Toxapex
|-damage|p1a: Toxapex|0 fnt
|faint|p1a: Toxapex
|
|win|ssooner
|raw|coti_05's rating: 1139 → 1111(-28 for losing)
|raw|ssooner's rating: 1091 → 1121(+30 for winning)
