|j|☆Jim9174
|j|☆Awammy
|html|Jim9174Awammy    
|uhtml|bestof|Game 1 of a best-of-3
|t:|1783969014
|gametype|doubles
|player|p1|Jim9174|benga|
|player|p2|Awammy|colress|
|gen|9
|tier|[Gen 9 Champions] VGC 2026 Reg M-B (Bo3)
|rule|Species Clause: Limit one of each Pokémon
|rule|Item Clause: Limit 1 of each item
|clearpoke
|poke|p1|Greninja, L50, F|
|poke|p1|Aerodactyl, L50, F|
|poke|p1|Farigiraf, L50, M|
|poke|p1|Garchomp, L50, F|
|poke|p1|Incineroar, L50, M|
|poke|p1|Sinistcha-Masterpiece, L50|
|poke|p2|Kingambit, L50, F|
|poke|p2|Floette-Eternal, L50, F|
|poke|p2|Incineroar, L50, F|
|poke|p2|Sneasler, L50, M|
|poke|p2|Sinistcha, L50|
|poke|p2|Dragonite, L50, F|
|teampreview|4
|showteam|p1|Greninja||Greninjite|Torrent|IceBeam,Extrasensory,HydroPump,Protect|Timid||F|||50|]Aerodactyl||FocusSash|Unnerve|RockSlide,Tailwind,WideGuard,Protect|Jolly||F|||50|]Farigiraf||SitrusBerry|ArmorTail|HyperVoice,Psyshock,NastyPlot,Protect|Modest||M|||50|]Garchomp||SoftSand|RoughSkin|StompingTantrum,Earthquake,DragonClaw,Protect|Jolly||F|||50|]Incineroar||ChopleBerry|Intimidate|FakeOut,FlareBlitz,DarkestLariat,PartingShot|Careful||M|||50|]Sinistcha-Masterpiece||MiracleSeed|Hospitality|MatchaGotcha,RagePowder,TrickRoom,Protect|Modest|||||50|
|showteam|p2|Kingambit||ChopleBerry|Defiant|Protect,IronHead,SuckerPunch,KowtowCleave|Adamant||F|||50|]Floette-Eternal||Floettite|FlowerVeil|Protect,CalmMind,DrainingKiss,DazzlingGleam|Bold||F|||50|]Incineroar||SitrusBerry|Intimidate|FakeOut,FlareBlitz,WillOWisp,PartingShot|Careful||F|||50|]Sneasler||FocusSash|PoisonTouch|FakeOut,Coaching,PoisonJab,CloseCombat|Jolly||M|||50|]Sinistcha||Leftovers|Hospitality|Protect,MatchaGotcha,TrickRoom,RagePowder|Bold|||||50|]Dragonite||LifeOrb|InnerFocus|Protect,DragonClaw,ExtremeSpeed,RockSlide|Adamant||F|||50|
|c|☆Jim9174|glhf!
|c|☆Awammy|u2!
|j| jpievgc
|l| jpievgc
|j| jpievgc
|
|t:|1783969116
|teamsize|p1|4
|teamsize|p2|4
|start
|switch|p1a: Aerodactyl|Aerodactyl, L50, F|100/100
|switch|p1b: Garchomp|Garchomp, L50, F|100/100
|switch|p2a: Floette|Floette-Eternal, L50, F|100/100
|switch|p2b: Sneasler|Sneasler, L50, M|100/100
|-ability|p1a: Aerodactyl|Unnerve
|turn|1
|
|t:|1783969161
|switch|p2b: Incineroar|Incineroar, L50, F|100/100
|-ability|p2b: Incineroar|Intimidate|boost
|-unboost|p1a: Aerodactyl|atk|1
|-unboost|p1b: Garchomp|atk|1
|detailschange|p2a: Floette|Floette-Mega, L50, F
|-mega|p2a: Floette|Floette|Floettite
|-ability|p2a: Floette|Fairy Aura
|move|p1a: Aerodactyl|Protect|p1a: Aerodactyl
|-singleturn|p1a: Aerodactyl|Protect
|move|p1b: Garchomp|Earthquake|p2b: Incineroar|[spread] p2a,p2b
|-activate|p1a: Aerodactyl|move: Protect
|-supereffective|p2b: Incineroar|1
|-damage|p2a: Floette|73/100
|-damage|p2b: Incineroar|51/100
|move|p2a: Floette|Calm Mind|p2a: Floette
|-boost|p2a: Floette|spa|1
|-boost|p2a: Floette|spd|1
|
|upkeep
|turn|2
|
|t:|1783969201
|switch|p1b: Farigiraf|Farigiraf, L50, M|100/100
|move|p2b: Incineroar|Fake Out||[still]
|cant|p1b: Farigiraf|ability: Armor Tail|Fake Out|[of] p2b: Incineroar
|move|p1a: Aerodactyl|Rock Slide|p2b: Incineroar|[spread] p2a,p2b
|-supereffective|p2b: Incineroar|1
|-damage|p2a: Floette|57/100
|-damage|p2b: Incineroar|21/100
|move|p2a: Floette|Draining Kiss|p1a: Aerodactyl
|-damage|p1a: Aerodactyl|29/100
|-heal|p2a: Floette|100/100|[from] drain|[of] p1a: Aerodactyl
|
|upkeep
|turn|3
|l| jpievgc
|
|t:|1783969257
|switch|p2b: Sneasler|Sneasler, L50, M|100/100
|move|p1a: Aerodactyl|Rock Slide|p2b: Sneasler|[spread] p2b
|-miss|p1a: Aerodactyl|p2a: Floette
|-resisted|p2b: Sneasler|1
|-damage|p2b: Sneasler|87/100
|move|p2a: Floette|Calm Mind|p2a: Floette
|-boost|p2a: Floette|spa|1
|-boost|p2a: Floette|spd|1
|move|p1b: Farigiraf|Nasty Plot|p1b: Farigiraf
|-boost|p1b: Farigiraf|spa|2
|
|upkeep
|turn|4
|j| Gdrampa
|
|t:|1783969302
|move|p1b: Farigiraf|Protect|p1b: Farigiraf
|-singleturn|p1b: Farigiraf|Protect
|move|p1a: Aerodactyl|Tailwind|p1a: Aerodactyl
|-sidestart|p1: Jim9174|move: Tailwind
|move|p2b: Sneasler|Close Combat|p1a: Aerodactyl
|-damage|p1a: Aerodactyl|0 fnt
|-unboost|p2b: Sneasler|def|1
|-unboost|p2b: Sneasler|spd|1
|faint|p1a: Aerodactyl
|move|p2a: Floette|Calm Mind|p2a: Floette
|-boost|p2a: Floette|spa|1
|-boost|p2a: Floette|spd|1
|
|upkeep
|
|t:|1783969321
|switch|p1a: Garchomp|Garchomp, L50, F|100/100
|turn|5
|
|t:|1783969344
|switch|p2b: Incineroar|Incineroar, L50, F|21/100
|-enditem|p2b: Incineroar|Sitrus Berry|[eat]
|-heal|p2b: Incineroar|46/100|[from] item: Sitrus Berry
|-ability|p2b: Incineroar|Intimidate|boost
|-unboost|p1a: Garchomp|atk|1
|-unboost|p1b: Farigiraf|atk|1
|move|p1a: Garchomp|Stomping Tantrum|p2b: Incineroar
|-supereffective|p2b: Incineroar|1
|-damage|p2b: Incineroar|0 fnt
|faint|p2b: Incineroar
|move|p1b: Farigiraf|Psyshock|p2a: Floette
|-damage|p2a: Floette|40/100
|move|p2a: Floette|Dazzling Gleam|p1a: Garchomp|[spread] p1a,p1b
|-supereffective|p1a: Garchomp|1
|-crit|p1b: Farigiraf
|-damage|p1a: Garchomp|0 fnt
|-damage|p1b: Farigiraf|0 fnt
|faint|p1a: Garchomp
|faint|p1b: Farigiraf
|
|upkeep
|j| Autumnal Rein
|
|t:|1783969359
|switch|p1b: Greninja|Greninja, L50, F|100/100
|switch|p2b: Sinistcha|Sinistcha, L50|100/100
|-heal|p2a: Floette|64/100|[from] ability: Hospitality|[of] p2b: Sinistcha
|turn|6
|
|t:|1783969366
|detailschange|p1b: Greninja|Greninja-Mega, L50, F
|-mega|p1b: Greninja|Greninja|Greninjite
|move|p2b: Sinistcha|Rage Powder|p2b: Sinistcha
|-singleturn|p2b: Sinistcha|move: Rage Powder
|move|p1b: Greninja|Ice Beam|p2b: Sinistcha
|-start|p1b: Greninja|typechange|Ice|[from] ability: Protean
|-supereffective|p2b: Sinistcha|1
|-damage|p2b: Sinistcha|8/100
|move|p2a: Floette|Draining Kiss|p1b: Greninja
|-damage|p1b: Greninja|0 fnt
|-heal|p2a: Floette|100/100|[from] drain|[of] p1b: Greninja
|faint|p1b: Greninja
|
|win|Awammy
||Jim9174 is ready for game 2.
||Awammy is ready for game 2.
|uhtml|next|Next: Game 2 of 3
|l| Gdrampa
|l| Autumnal Rein
|l|☆Awammy
|player|p2|
|j| thepostmanp
|l| thepostmanp
|n|☆Jim9174|jim9174
|j| thepostmanp
