|j|☆Artere Happy
|j|☆ENDERTYTAR
|html|Artere HappyENDERTYTAR    
|uhtml|bestof|Game 1 of a best-of-3
|t:|1785948712
|gametype|doubles
|player|p1|Artere Happy|101|1144
|player|p2|ENDERTYTAR|170|1124
|gen|9
|tier|[Gen 9 Champions] VGC 2026 Reg M-B (Bo3)
|rated|
|rule|Species Clause: Limit one of each Pokémon
|rule|Item Clause: Limit 1 of each item
|clearpoke
|poke|p1|Gengar, L50, F|
|poke|p1|Kommo-o, L50, F|
|poke|p1|Whimsicott, L50, F|
|poke|p1|Staraptor, L50, F|
|poke|p1|Incineroar, L50, M|
|poke|p1|Sylveon, L50, F|
|poke|p2|Charizard, L50, F|
|poke|p2|Milotic, L50, F|
|poke|p2|Grimmsnarl, L50, M|
|poke|p2|Sinistcha, L50|
|poke|p2|Incineroar, L50, M|
|poke|p2|Floette-Eternal, L50, F|
|teampreview|4
|showteam|p1|Gengar||Gengarite|CursedBody|ShadowBall,Disable,SludgeBomb,Protect|Modest||F|||50|]Kommo-o||Leftovers|Soundproof|ClangingScales,Protect,AuraSphere,ClangorousSoul|Timid||F|||50|]Whimsicott||FocusSash|Prankster|Charm,Encore,Moonblast,Tailwind|Timid||F|||50|]Staraptor||Staraptite|Intimidate|BraveBird,CloseCombat,Protect,Roost|Jolly||F|||50|]Incineroar||SitrusBerry|Intimidate|FakeOut,PartingShot,FlareBlitz,ThroatChop|Careful||M|||50|]Sylveon||FairyFeather|Pixilate|HyperVoice,QuickAttack,HyperBeam,Detect|Modest||F|||50|
|showteam|p2|Charizard||CharizarditeX|Blaze|Protect,DragonRush,FlareBlitz,DragonDance|Adamant||F|||50|]Milotic||Leftovers|Competitive|Coil,MuddyWater,Hypnosis,Protect|Calm||F|||50|]Grimmsnarl||LightClay|Prankster|LightScreen,Reflect,SpiritBreak,PartingShot|Impish||M|||50|]Sinistcha||ColburBerry|Hospitality|MatchaGotcha,TrickRoom,RagePowder,Protect|Calm|||||50|]Incineroar||SitrusBerry|Intimidate|FakeOut,FlareBlitz,PartingShot,ThroatChop|Adamant||M|||50|]Floette-Eternal||Floettite|FlowerVeil|Protect,Moonblast,DazzlingGleam,CalmMind|Modest||F|||50|
|
|t:|1785948770
|teamsize|p1|4
|teamsize|p2|4
|start
|switch|p1a: Gengar|Gengar, L50, F|100/100
|switch|p1b: Whimsicott|Whimsicott, L50, F|100/100
|switch|p2a: Milotic|Milotic, L50, F|100/100
|switch|p2b: Incineroar|Incineroar, L50, M|100/100
|-ability|p2b: Incineroar|Intimidate|boost
|-unboost|p1a: Gengar|atk|1
|-unboost|p1b: Whimsicott|atk|1
|turn|1
|inactive|Battle timer is ON: inactive players will automatically lose when time's up. (requested by ENDERTYTAR)
|
|t:|1785948785
|detailschange|p1a: Gengar|Gengar-Mega, L50, F
|-mega|p1a: Gengar|Gengar|Gengarite
|move|p1a: Gengar|Protect|p1a: Gengar
|-singleturn|p1a: Gengar|Protect
|move|p1b: Whimsicott|Tailwind|p1b: Whimsicott
|-sidestart|p1: Artere Happy|move: Tailwind
|move|p2a: Milotic|Muddy Water|p1a: Gengar|[spread] p1b
|-activate|p1a: Gengar|move: Protect
|-resisted|p1b: Whimsicott|1
|-damage|p1b: Whimsicott|82/100
|move|p2b: Incineroar|Flare Blitz|p1a: Gengar
|-activate|p1a: Gengar|move: Protect
|
|upkeep
|turn|2
|
|t:|1785948799
|switch|p1b: Incineroar|Incineroar, L50, M|100/100
|-ability|p1b: Incineroar|Intimidate|boost
|-unboost|p2a: Milotic|atk|1
|-ability|p2a: Milotic|Competitive|boost
|-boost|p2a: Milotic|spa|2
|-unboost|p2b: Incineroar|atk|1
|move|p1a: Gengar|Disable|p2a: Milotic
|-start|p2a: Milotic|Disable|Muddy Water
|cant|p2a: Milotic|Disable|Muddy Water
|move|p2b: Incineroar|Flare Blitz|p1b: Incineroar
|-resisted|p1b: Incineroar|1
|-damage|p1b: Incineroar|86/100
|-damage|p2b: Incineroar|95/100|[from] Recoil
|
|upkeep
|turn|3
|
|t:|1785948824
|switch|p1a: Kommo-o|Kommo-o, L50, F|100/100
|move|p1b: Incineroar|Parting Shot|p2b: Incineroar
|-unboost|p2b: Incineroar|atk|1
|-unboost|p2b: Incineroar|spa|1
|
|t:|1785948832
|switch|p1b: Whimsicott|Whimsicott, L50, F|82/100|[from] Parting Shot
|move|p2a: Milotic|Hypnosis|p1a: Kommo-o
|-status|p1a: Kommo-o|slp|[from] move: Hypnosis
|move|p2b: Incineroar|Parting Shot|p1a: Kommo-o
|-immune|p1a: Kommo-o|[from] ability: Soundproof
|
|upkeep
|turn|4
|
|t:|1785948851
|switch|p1b: Gengar|Gengar-Mega, L50, F|100/100
|switch|p2a: Grimmsnarl|Grimmsnarl, L50, M|100/100
|cant|p1a: Kommo-o|slp
|move|p2b: Incineroar|Flare Blitz|p1b: Gengar
|-damage|p1b: Gengar|65/100
|-damage|p2b: Incineroar|87/100|[from] Recoil
|
|-sideend|p1: Artere Happy|move: Tailwind
|upkeep
|turn|5
|
|t:|1785948866
|switch|p1a: Incineroar|Incineroar, L50, M|86/100
|-ability|p1a: Incineroar|Intimidate|boost
|-unboost|p2a: Grimmsnarl|atk|1
|-unboost|p2b: Incineroar|atk|1
|move|p1b: Gengar|Sludge Bomb|p2a: Grimmsnarl
|-supereffective|p2a: Grimmsnarl|1
|-damage|p2a: Grimmsnarl|0 fnt
|faint|p2a: Grimmsnarl
|move|p2b: Incineroar|Parting Shot|p1b: Gengar
|-unboost|p1b: Gengar|atk|1
|-unboost|p1b: Gengar|spa|1
|
|t:|1785948877
|switch|p2b: Charizard|Charizard, L50, F|100/100|[from] Parting Shot
|
|upkeep
|
|t:|1785948881
|switch|p2a: Incineroar|Incineroar, L50, M|87/100
|-ability|p2a: Incineroar|Intimidate|boost
|-unboost|p1a: Incineroar|atk|1
|-unboost|p1b: Gengar|atk|1
|turn|6
|
|t:|1785948890
|switch|p1b: Kommo-o|Kommo-o, L50, F|100/100 slp
|detailschange|p2b: Charizard|Charizard-Mega-X, L50, F
|-mega|p2b: Charizard|Charizard|Charizardite X
|move|p2b: Charizard|Dragon Rush|p1b: Kommo-o
|-supereffective|p1b: Kommo-o|1
|-damage|p1b: Kommo-o|0 fnt
|faint|p1b: Kommo-o
|move|p1a: Incineroar|Parting Shot|p2b: Charizard
|-unboost|p2b: Charizard|atk|1
|-unboost|p2b: Charizard|spa|1
|
|t:|1785948902
|switch|p1a: Gengar|Gengar-Mega, L50, F|65/100|[from] Parting Shot
|move|p2a: Incineroar|Flare Blitz|p1a: Gengar
|-damage|p1a: Gengar|0 fnt
|faint|p1a: Gengar
|-damage|p2a: Incineroar|72/100|[from] Recoil
|
|upkeep
|
|t:|1785948907
|switch|p1a: Incineroar|Incineroar, L50, M|86/100
|switch|p1b: Whimsicott|Whimsicott, L50, F|82/100
|-ability|p1a: Incineroar|Intimidate|boost
|-unboost|p2a: Incineroar|atk|1
|-unboost|p2b: Charizard|atk|1
|turn|7
|
|t:|1785948917
|move|p1a: Incineroar|Fake Out|p2a: Incineroar
|-damage|p2a: Incineroar|63/100
|move|p1b: Whimsicott|Charm|p2b: Charizard
|-unboost|p2b: Charizard|atk|2
|move|p2b: Charizard|Flare Blitz|p1b: Whimsicott
|-supereffective|p1b: Whimsicott|1
|-damage|p1b: Whimsicott|17/100
|-damage|p2b: Charizard|78/100|[from] Recoil
|cant|p2a: Incineroar|flinch
|
|upkeep
|turn|8
|
|t:|1785948929
|switch|p2b: Milotic|Milotic, L50, F|100/100
|move|p1b: Whimsicott|Charm|p2b: Milotic
|-unboost|p2b: Milotic|atk|2
|-ability|p2b: Milotic|Competitive|boost
|-boost|p2b: Milotic|spa|2
|move|p1a: Incineroar|Throat Chop|p2b: Milotic
|-damage|p2b: Milotic|75/100
|-start|p2b: Milotic|Throat Chop|[silent]
|move|p2a: Incineroar|Flare Blitz|p1b: Whimsicott
|-supereffective|p1b: Whimsicott|1
|-damage|p1b: Whimsicott|0 fnt
|faint|p1b: Whimsicott
|-damage|p2a: Incineroar|58/100|[from] Recoil
|
|-heal|p2b: Milotic|81/100|[from] item: Leftovers
|upkeep
|turn|9
|-message|Artere Happy forfeited.
|
|win|ENDERTYTAR
|l|☆Artere Happy
|player|p1|
||ENDERTYTAR is ready for game 2.
||Artere Happy is ready for game 2.
|uhtml|next|Next: Game 2 of 3
