|j|☆poppliolord
|j|☆camapplk
|html|poppliolordcamapplk    
|uhtml|bestof|Game 2 of a best-of-3
|t:|1784328981
|gametype|doubles
|player|p1|poppliolord|n|
|player|p2|camapplk|pokefan|
|gen|9
|tier|[Gen 9 Champions] VGC 2026 Reg M-B (Bo3)
|rule|Species Clause: Limit one of each Pokémon
|rule|Item Clause: Limit 1 of each item
|clearpoke
|poke|p1|Gardevoir, L50, M, shiny|
|poke|p1|Ceruledge, L50, M|
|poke|p1|Scrafty, L50, M|
|poke|p1|Noivern, L50, F|
|poke|p1|Torterra, L50, F, shiny|
|poke|p1|Kingambit, L50, M, shiny|
|poke|p2|Toxicroak, L50, F|
|poke|p2|Sableye, L50, M|
|poke|p2|Mamoswine, L50, M|
|poke|p2|Scovillain, L50, F|
|poke|p2|Dragonite, L50, F|
|poke|p2|Jolteon, L50, F|
|teampreview|4
|showteam|p1|Gardevoir||Gardevoirite|Synchronize|HyperVoice,Psychic,TrickRoom,Protect|Modest||M|||50|]Ceruledge||Leftovers|WeakArmor|BitterBlade,ShadowSneak,BulkUp,Protect|Adamant||M|||50|]Scrafty||SitrusBerry|Intimidate|FakeOut,DrainPunch,KnockOff,Protect|Careful||M|||50|]Noivern||FocusSash|Frisk|Tailwind,DracoMeteor,AirSlash,Protect|Timid||F|||50|]Torterra||LifeOrb|ShellArmor|WoodHammer,HeadlongRush,Earthquake,Protect|Adamant||F|||50|]Kingambit||ShucaBerry|Defiant|KowtowCleave,SuckerPunch,IronHead,Protect|Adamant||M|||50|
|showteam|p2|Toxicroak||ExpertBelt|DrySkin|LowKick,FakeOut,CloseCombat,Protect|Adamant||F|||50|]Sableye||Sablenite|Prankster|FakeOut,Encore,RainDance,Taunt|Calm||M|||50|]Mamoswine||SitrusBerry|ThickFat|HighHorsepower,IcicleSpear,HeavySlam,Protect|Serious||M|||50|]Scovillain||ChartiBerry|Chlorophyll|HelpingHand,RagePowder,WillOWisp,Overheat|Timid||F|||50|]Dragonite||Dragoninite|InnerFocus|Flamethrower,Hurricane,DragonPulse,Protect|Modest||F|||50|]Jolteon||FocusSash|VoltAbsorb|EerieImpulse,Thunder,Yawn,WeatherBall|Modest||F|||50|
|c|☆camapplk|gg
|inactive|Battle timer is ON: inactive players will automatically lose when time's up. (requested by poppliolord)
|
|t:|1784329015
|teamsize|p1|4
|teamsize|p2|4
|start
|switch|p1a: Black Baron|Scrafty, L50, M|100/100
|switch|p1b: Gardevoir|Gardevoir, L50, M, shiny|100/100
|switch|p2a: Sableye|Sableye, L50, M|100/100
|switch|p2b: Mamoswine|Mamoswine, L50, M|100/100
|-ability|p1a: Black Baron|Intimidate|boost
|-unboost|p2a: Sableye|atk|1
|-unboost|p2b: Mamoswine|atk|1
|turn|1
|inactive|poppliolord has 30 seconds left.
|inactive|camapplk has 30 seconds left.
|inactive|camapplk has 20 seconds left.
|
|t:|1784329050
|detailschange|p1b: Gardevoir|Gardevoir-Mega, L50, M, shiny
|-mega|p1b: Gardevoir|Gardevoir|Gardevoirite
|move|p1a: Black Baron|Fake Out|p2b: Mamoswine
|-damage|p2b: Mamoswine|90/100
|move|p2a: Sableye|Fake Out|p1a: Black Baron
|-damage|p1a: Black Baron|95/100
|cant|p2b: Mamoswine|flinch
|move|p1b: Gardevoir|Trick Room|p1b: Gardevoir
|-fieldstart|move: Trick Room|[of] p1b: Gardevoir
|
|upkeep
|turn|2
|inactive|poppliolord has 30 seconds left.
|inactive|camapplk has 30 seconds left.
|
|t:|1784329079
|switch|p1b: Terrapion|Torterra, L50, F, shiny|100/100
|move|p2a: Sableye|Encore||[still]
|-fail|p2a: Sableye
|move|p1a: Black Baron|Knock Off|p2b: Mamoswine
|-damage|p2b: Mamoswine|60/100
|-enditem|p2b: Mamoswine|Sitrus Berry|[from] move: Knock Off|[of] p1a: Black Baron
|move|p2b: Mamoswine|High Horsepower|p1a: Black Baron
|-damage|p1a: Black Baron|69/100
|
|upkeep
|turn|3
|inactive|poppliolord has 30 seconds left.
|
|t:|1784329109
|move|p2a: Sableye|Rain Dance|p2a: Sableye
|-weather|RainDance
|move|p1b: Terrapion|Wood Hammer|p2a: Sableye
|-damage|p2a: Sableye|0 fnt
|faint|p2a: Sableye
|-damage|p1b: Terrapion|72/100|[from] Recoil
|-damage|p1b: Terrapion|63/100|[from] item: Life Orb
|move|p1a: Black Baron|Drain Punch|p2b: Mamoswine
|-supereffective|p2b: Mamoswine|1
|-damage|p2b: Mamoswine|15/100
|-heal|p1a: Black Baron|98/100|[from] drain|[of] p2b: Mamoswine
|move|p2b: Mamoswine|Icicle Spear|p1b: Terrapion
|-supereffective|p1b: Terrapion|2
|-damage|p1b: Terrapion|29/100
|-supereffective|p1b: Terrapion|2
|-damage|p1b: Terrapion|0 fnt
|faint|p1b: Terrapion
|-hitcount|p1: Terrapion|2
|
|-weather|RainDance|[upkeep]
|upkeep
|inactive|poppliolord has 30 seconds left.
|
|t:|1784329136
|switch|p2a: Toxicroak|Toxicroak, L50, F|100/100
|switch|p1b: Yoshimitsu|Kingambit, L50, M, shiny|100/100
|turn|4
|inactive|poppliolord has 30 seconds left.
|inactive|poppliolord has 20 seconds left.
|
|t:|1784329171
|move|p2b: Mamoswine|Protect|p2b: Mamoswine
|-singleturn|p2b: Mamoswine|Protect
|move|p1b: Yoshimitsu|Iron Head|p2a: Toxicroak
|-damage|p2a: Toxicroak|27/100
|move|p1a: Black Baron|Knock Off|p2a: Toxicroak
|-resisted|p2a: Toxicroak|1
|-damage|p2a: Toxicroak|6/100
|-enditem|p2a: Toxicroak|Expert Belt|[from] move: Knock Off|[of] p1a: Black Baron
|move|p2a: Toxicroak|Low Kick|p1b: Yoshimitsu
|-supereffective|p1b: Yoshimitsu|2
|-damage|p1b: Yoshimitsu|0 fnt
|faint|p1b: Yoshimitsu
|
|-weather|RainDance|[upkeep]
|-heal|p2a: Toxicroak|18/100|[from] ability: Dry Skin
|upkeep
|
|t:|1784329187
|switch|p1b: Gardevoir|Gardevoir-Mega, L50, M, shiny|100/100
|turn|5
|inactive|poppliolord has 30 seconds left.
|inactive|camapplk has 30 seconds left.
|inactive|poppliolord has 20 seconds left.
|
|t:|1784329222
|move|p1a: Black Baron|Drain Punch|p2b: Mamoswine
|-supereffective|p2b: Mamoswine|1
|-damage|p2b: Mamoswine|0 fnt
|-heal|p1a: Black Baron|100/100|[from] drain|[of] p2b: Mamoswine
|faint|p2b: Mamoswine
|move|p1b: Gardevoir|Psychic|p2a: Toxicroak
|-supereffective|p2a: Toxicroak|2
|-damage|p2a: Toxicroak|0 fnt
|faint|p2a: Toxicroak
|
|-weather|RainDance|[upkeep]
|-fieldend|move: Trick Room
|upkeep
|
|t:|1784329229
|switch|p2b: Dragonite|Dragonite, L50, F|100/100
|turn|6
|
|t:|1784329239
|detailschange|p2b: Dragonite|Dragonite-Mega, L50, F
|-mega|p2b: Dragonite|Dragonite|Dragoninite
|move|p2b: Dragonite|Hurricane|p1a: Black Baron
|-supereffective|p1a: Black Baron|1
|-damage|p1a: Black Baron|0 fnt
|faint|p1a: Black Baron
|move|p1b: Gardevoir|Hyper Voice|p2b: Dragonite
|-supereffective|p2b: Dragonite|1
|-damage|p2b: Dragonite|46/100
|
|-weather|RainDance|[upkeep]
|upkeep
|turn|7
|
|t:|1784329254
|move|p1b: Gardevoir|Protect|p1b: Gardevoir
|-singleturn|p1b: Gardevoir|Protect
|move|p2b: Dragonite|Hurricane|p1b: Gardevoir
|-activate|p1b: Gardevoir|move: Protect
|
|-weather|none
|upkeep
|turn|8
|
|t:|1784329262
|move|p2b: Dragonite|Hurricane|p1b: Gardevoir|[miss]
|-miss|p2b: Dragonite|p1b: Gardevoir
|move|p1b: Gardevoir|Hyper Voice|p2b: Dragonite
|-supereffective|p2b: Dragonite|1
|-damage|p2b: Dragonite|0 fnt
|faint|p2b: Dragonite
|
|win|poppliolord
|c|☆camapplk|gg
|c|☆poppliolord|Ggs
