|j|☆LinksSecretLover
|j|☆SurfinSamurott
|html|LinksSecretLoverSurfinSamurott    
|uhtml|bestof|Game 3 of a best-of-3
|t:|1755817911
|gametype|doubles
|player|p1|LinksSecretLover|cowgirl|1171
|player|p2|SurfinSamurott|hassel|1195
|gen|9
|tier|[Gen 9] VGC 2025 Reg H (Bo3)
|rated|
|rule|Species Clause: Limit one of each Pokémon
|rule|Item Clause: Limit 1 of each item
|clearpoke
|poke|p1|Gholdengo, L50|
|poke|p1|Rillaboom, L50, M|
|poke|p1|Arcanine-Hisui, L50, F|
|poke|p1|Sneasler, L50, M|
|poke|p1|Dragonite, L50, F|
|poke|p1|Ninetales-Alola, L50, M|
|poke|p2|Whimsicott, L50, F|
|poke|p2|Typhlosion-Hisui, L50, M|
|poke|p2|Ursaluna-Bloodmoon, L50, M|
|poke|p2|Electabuzz, L50, M|
|poke|p2|Rillaboom, L50, M|
|poke|p2|Sneasler, L50, F|
|teampreview|4
|showteam|p1|Gholdengo||GrassySeed|GoodasGold|MakeItRain,NastyPlot,ShadowBall,Protect||||||50|,,,,,Water]Rillaboom||AssaultVest|GrassySurge|FakeOut,GrassyGlide,WoodHammer,Uturn|||M|||50|,,,,,Fire]Arcanine-Hisui||ClearAmulet|Intimidate|RockSlide,FlareBlitz,ExtremeSpeed,Protect|||F|||50|,,,,,Water]Sneasler||FocusSash|Unburden|CloseCombat,DireClaw,Coaching,Protect|||M|||50|,,,,,Stellar]Dragonite||LoadedDice|Multiscale|ScaleShot,StompingTantrum,Protect,Tailwind|||F|||50|,,,,,Ground]Ninetales-Alola||CovertCloak|SnowWarning|Blizzard,IcyWind,AuroraVeil,Encore|||M|||50|,,,,,Ice
|showteam|p2|Whimsicott||FocusSash|Prankster|Moonblast,Tailwind,SunnyDay,Protect|||F|||50|,,,,,Ghost]Typhlosion-Hisui||ChoiceSpecs|Blaze|Eruption,HeatWave,ShadowBall,Overheat|||M|||50|,,,,,Fire]Ursaluna-Bloodmoon||AssaultVest|MindsEye|BloodMoon,EarthPower,HyperVoice,VacuumWave|||M|||50|,,,,,Water]Electabuzz||Eviolite|VitalSpirit|Electroweb,Taunt,FollowMe,HelpingHand|||M|||50|,,,,,Ghost]Rillaboom||MeadowPlate|GrassySurge|WoodHammer,GrassyGlide,HighHorsepower,Protect|||M|||50|,,,,,Grass]Sneasler||GrassySeed|Unburden|CloseCombat,DireClaw,RockSlide,Protect|||F|||50|,,,,,Stellar
|
|t:|1755817926
|teamsize|p1|4
|teamsize|p2|4
|start
|switch|p1a: Rocky Road|Sneasler, L50, M|100/100
|switch|p1b: BrewingStorm|Dragonite, L50, F|100/100
|switch|p2a: Whimsicott|Whimsicott, L50, F|100/100
|switch|p2b: Typhlosion|Typhlosion-Hisui, L50, M|100/100
|turn|1
|
|t:|1755817963
|move|p2a: Whimsicott|Sunny Day|p2a: Whimsicott
|-weather|SunnyDay
|move|p1a: Rocky Road|Dire Claw|p2a: Whimsicott
|-supereffective|p2a: Whimsicott
|-enditem|p2a: Whimsicott|Focus Sash
|-damage|p2a: Whimsicott|1/100
|move|p2b: Typhlosion|Heat Wave|p1b: BrewingStorm|[spread] p1a,p1b
|-resisted|p1b: BrewingStorm
|-enditem|p1a: Rocky Road|Focus Sash
|-damage|p1a: Rocky Road|1/100
|-damage|p1b: BrewingStorm|79/100
|move|p1b: BrewingStorm|Scale Shot|p2b: Typhlosion
|-damage|p2b: Typhlosion|82/100
|-damage|p2b: Typhlosion|63/100
|-damage|p2b: Typhlosion|43/100
|-damage|p2b: Typhlosion|23/100
|-damage|p2b: Typhlosion|2/100
|-hitcount|p2b: Typhlosion|5
|-unboost|p1b: BrewingStorm|def|1
|-boost|p1b: BrewingStorm|spe|1
|
|-weather|SunnyDay|[upkeep]
|upkeep
|turn|2
|
|t:|1755817980
|move|p2a: Whimsicott|Protect|p2a: Whimsicott
|-singleturn|p2a: Whimsicott|Protect
|move|p1a: Rocky Road|Dire Claw|p2b: Typhlosion
|-resisted|p2b: Typhlosion
|-damage|p2b: Typhlosion|0 fnt
|faint|p2b: Typhlosion
|move|p1b: BrewingStorm|Tailwind|p1b: BrewingStorm
|-sidestart|p1: LinksSecretLover|move: Tailwind
|
|-weather|SunnyDay|[upkeep]
|upkeep
|
|t:|1755817986
|switch|p2b: Rillaboom|Rillaboom, L50, M|100/100
|-fieldstart|move: Grassy Terrain|[from] ability: Grassy Surge|[of] p2b: Rillaboom
|turn|3
|
|t:|1755817999
|-terastallize|p2b: Rillaboom|Grass
|move|p2b: Rillaboom|Grassy Glide|p1b: BrewingStorm
|-resisted|p1b: BrewingStorm
|-damage|p1b: BrewingStorm|58/100
|move|p1a: Rocky Road|Dire Claw|p2a: Whimsicott
|-supereffective|p2a: Whimsicott
|-damage|p2a: Whimsicott|0 fnt
|faint|p2a: Whimsicott
|move|p1b: BrewingStorm|Stomping Tantrum|p2b: Rillaboom
|-resisted|p2b: Rillaboom
|-damage|p2b: Rillaboom|85/100
|
|-weather|SunnyDay|[upkeep]
|-heal|p1a: Rocky Road|7/100|[from] Grassy Terrain
|-heal|p2b: Rillaboom|92/100|[from] Grassy Terrain
|upkeep
|
|t:|1755818005
|switch|p2a: Ursaluna|Ursaluna-Bloodmoon, L50, M|100/100
|turn|4
|
|t:|1755818022
|move|p1a: Rocky Road|Protect|p1a: Rocky Road
|-singleturn|p1a: Rocky Road|Protect
|move|p2b: Rillaboom|Grassy Glide|p1a: Rocky Road
|-activate|p1a: Rocky Road|move: Protect
|move|p1b: BrewingStorm|Scale Shot|p2b: Rillaboom
|-damage|p2b: Rillaboom|76/100
|-damage|p2b: Rillaboom|62/100
|-damage|p2b: Rillaboom|48/100
|-damage|p2b: Rillaboom|32/100
|-crit|p2b: Rillaboom
|-damage|p2b: Rillaboom|9/100
|-hitcount|p2b: Rillaboom|5
|-unboost|p1b: BrewingStorm|def|1
|-boost|p1b: BrewingStorm|spe|1
|move|p2a: Ursaluna|Blood Moon|p1b: BrewingStorm
|-damage|p1b: BrewingStorm|0 fnt
|faint|p1b: BrewingStorm
|
|-weather|SunnyDay|[upkeep]
|-heal|p1a: Rocky Road|13/100|[from] Grassy Terrain
|-heal|p2b: Rillaboom|15/100|[from] Grassy Terrain
|upkeep
|
|t:|1755818025
|switch|p1b: N17|Rillaboom, L50, M|100/100
|turn|5
|
|t:|1755818034
|move|p2b: Rillaboom|Protect|p2b: Rillaboom
|-singleturn|p2b: Rillaboom|Protect
|move|p1a: Rocky Road|Coaching|p1b: N17
|-boost|p1b: N17|atk|1
|-boost|p1b: N17|def|1
|move|p1b: N17|Wood Hammer|p2a: Ursaluna
|-supereffective|p2a: Ursaluna
|-damage|p2a: Ursaluna|0 fnt
|faint|p2a: Ursaluna
|-damage|p1b: N17|66/100|[from] Recoil
|
|-weather|none
|-heal|p1a: Rocky Road|19/100|[from] Grassy Terrain
|-heal|p1b: N17|72/100|[from] Grassy Terrain
|-heal|p2b: Rillaboom|21/100|[from] Grassy Terrain
|-sideend|p1: LinksSecretLover|move: Tailwind
|upkeep
|turn|6
|
|t:|1755818042
|move|p1a: Rocky Road|Protect|p1a: Rocky Road
|-singleturn|p1a: Rocky Road|Protect
|move|p2b: Rillaboom|Grassy Glide|p1a: Rocky Road
|-activate|p1a: Rocky Road|move: Protect
|move|p1b: N17|U-turn|p2b: Rillaboom
|-supereffective|p2b: Rillaboom
|-damage|p2b: Rillaboom|0 fnt
|faint|p2b: Rillaboom
|
|win|LinksSecretLover
|raw|LinksSecretLover's rating: 1171 → 1198(+27 for winning)
|raw|SurfinSamurott's rating: 1195 → 1168(-27 for losing)
