|j|☆PikaTROD
|j|☆LordTentacle69
|html|PikaTRODLordTentacle69    
|uhtml|bestof|Game 1 of a best-of-3
|t:|1756702320
|gametype|doubles
|player|p1|PikaTROD|265|1408
|player|p2|LordTentacle69|plasmagruntf|1231
|gen|9
|tier|[Gen 9] VGC 2025 Reg H (Bo3)
|rated|
|rule|Species Clause: Limit one of each Pokémon
|rule|Item Clause: Limit 1 of each item
|clearpoke
|poke|p1|Kingambit, L50, M|
|poke|p1|Primarina, L50, F|
|poke|p1|Sneasler, L50, M|
|poke|p1|Magmar, L50, F|
|poke|p1|Rillaboom, L50, F|
|poke|p1|Dragapult, L50, F|
|poke|p2|Dragonite, L50, M|
|poke|p2|Pelipper, L50, M|
|poke|p2|Archaludon, L50, F|
|poke|p2|Ursaluna, L50, F|
|poke|p2|Sinistcha-Masterpiece, L50|
|poke|p2|Incineroar, L50, F|
|teampreview|4
|showteam|p1|Kingambit||BlackGlasses|Defiant|KowtowCleave,SuckerPunch,SwordsDance,Protect|||M|||50|,,,,,Dark]Primarina||SitrusBerry|LiquidVoice|HyperVoice,Moonblast,Haze,Protect|||F|||50|,,,,,Water]Sneasler||FocusSash|Unburden|CloseCombat,DireClaw,FakeOut,Protect|||M|||50|,,,,,Stellar]Magmar||Eviolite|VitalSpirit|Overheat,WillOWisp,FollowMe,Protect|||F|||50|,,,,,Ghost]Rillaboom||AssaultVest|GrassySurge|WoodHammer,GrassyGlide,HighHorsepower,FakeOut|||F|||50|,,,,,Fire]Dragapult||ChoiceBand|ClearBody|DragonDarts,PhantomForce,Outrage,Uturn|||F|||50|,,,,,Dragon
|showteam|p2|Dragonite||LoadedDice|Multiscale|ScaleShot,ExtremeSpeed,Haze,Protect|||M|||50|,,,,,Fairy]Pelipper||FocusSash|Drizzle|MuddyWater,Hurricane,Tailwind,Protect|||M|||50|,,,,,Dark]Archaludon||AssaultVest|Stamina|ElectroShot,DracoMeteor,FlashCannon,BodyPress|||F|||50|,,,,,Fighting]Ursaluna||FlameOrb|Guts|Facade,HeadlongRush,Protect,Earthquake|||F|||50|,,,,,Ghost]Sinistcha-Masterpiece||SitrusBerry|Hospitality|MatchaGotcha,RagePowder,TrickRoom,LifeDew||||||50|,,,,,Water]Incineroar||SafetyGoggles|Intimidate|KnockOff,Taunt,FakeOut,PartingShot|||F|||50|,,,,,Ghost
|inactive|Battle timer is ON: inactive players will automatically lose when time's up. (requested by PikaTROD)
|
|t:|1756702395
|teamsize|p1|4
|teamsize|p2|4
|start
|switch|p1a: Sneasler|Sneasler, L50, M|100/100
|switch|p1b: Primarina|Primarina, L50, F|100/100
|switch|p2a: Pelipper|Pelipper, L50, M|100/100
|switch|p2b: Archaludon|Archaludon, L50, F|100/100
|-weather|RainDance|[from] ability: Drizzle|[of] p2a: Pelipper
|turn|1
|
|t:|1756702411
|switch|p1b: Rillaboom|Rillaboom, L50, F|100/100
|-fieldstart|move: Grassy Terrain|[from] ability: Grassy Surge|[of] p1b: Rillaboom
|-terastallize|p1a: Sneasler|Stellar
|move|p2a: Pelipper|Protect|p2a: Pelipper
|-singleturn|p2a: Pelipper|Protect
|move|p1a: Sneasler|Close Combat|p2b: Archaludon
|-supereffective|p2b: Archaludon
|-damage|p2b: Archaludon|0 fnt
|-unboost|p1a: Sneasler|def|1
|-unboost|p1a: Sneasler|spd|1
|faint|p2b: Archaludon
|
|-weather|RainDance|[upkeep]
|upkeep
|
|t:|1756702424
|switch|p2b: Sinistcha|Sinistcha-Masterpiece, L50|100/100
|turn|2
|
|t:|1756702442
|move|p1b: Rillaboom|Fake Out|p2a: Pelipper
|-damage|p2a: Pelipper|82/100
|move|p1a: Sneasler|Dire Claw|p2b: Sinistcha
|-crit|p2b: Sinistcha
|-damage|p2b: Sinistcha|40/100
|-enditem|p2b: Sinistcha|Sitrus Berry|[eat]
|-heal|p2b: Sinistcha|65/100|[from] item: Sitrus Berry
|cant|p2a: Pelipper|flinch
|move|p2b: Sinistcha|Trick Room|p2b: Sinistcha
|-fieldstart|move: Trick Room|[of] p2b: Sinistcha
|
|-weather|RainDance|[upkeep]
|-heal|p2b: Sinistcha|71/100|[from] Grassy Terrain
|upkeep
|turn|3
|inactive|LordTentacle69 has 30 seconds left.
|
|t:|1756702471
|switch|p1b: Kingambit|Kingambit, L50, M|100/100
|move|p1a: Sneasler|Protect|p1a: Sneasler
|-singleturn|p1a: Sneasler|Protect
|move|p2b: Sinistcha|Life Dew|p2b: Sinistcha|[spread] p2a,p2b
|-heal|p2a: Pelipper|100/100
|-heal|p2b: Sinistcha|96/100
|move|p2a: Pelipper|Hurricane|p1b: Kingambit
|-resisted|p1b: Kingambit
|-damage|p1b: Kingambit|74/100
|
|-weather|RainDance|[upkeep]
|-heal|p1b: Kingambit|80/100|[from] Grassy Terrain
|-heal|p2b: Sinistcha|100/100|[from] Grassy Terrain
|upkeep
|turn|4
|inactive|PikaTROD has 30 seconds left.
|inactive|PikaTROD has 20 seconds left.
|inactive|PikaTROD has 15 seconds left.
|inactive|PikaTROD has 10 seconds left.
|
|t:|1756702519
|switch|p2b: Ursaluna|Ursaluna, L50, F|100/100
|move|p1b: Kingambit|Kowtow Cleave|p2b: Ursaluna
|-damage|p2b: Ursaluna|59/100
|move|p2a: Pelipper|Muddy Water|p1a: Sneasler|[spread] p1a,p1b
|-damage|p1a: Sneasler|10/100
|-damage|p1b: Kingambit|36/100
|-unboost|p1b: Kingambit|accuracy|1
|-ability|p1b: Kingambit|Defiant|boost
|-boost|p1b: Kingambit|atk|2
|move|p1a: Sneasler|Close Combat|p2a: Pelipper
|-resisted|p2a: Pelipper
|-damage|p2a: Pelipper|62/100
|-unboost|p1a: Sneasler|def|1
|-unboost|p1a: Sneasler|spd|1
|
|-weather|RainDance|[upkeep]
|-heal|p2b: Ursaluna|65/100|[from] Grassy Terrain
|-heal|p1b: Kingambit|42/100|[from] Grassy Terrain
|-heal|p1a: Sneasler|15/100|[from] Grassy Terrain
|-status|p2b: Ursaluna|brn|[from] item: Flame Orb
|upkeep
|turn|5
|inactive|PikaTROD has 30 seconds left.
|inactive|LordTentacle69 has 30 seconds left.
|inactive|PikaTROD has 20 seconds left.
|inactive|PikaTROD has 15 seconds left.
|inactive|PikaTROD has 10 seconds left.
|inactive|PikaTROD has 5 seconds left.
|
|t:|1756702573
|move|p1b: Kingambit|Protect|p1b: Kingambit
|-singleturn|p1b: Kingambit|Protect
|move|p2b: Ursaluna|Earthquake|p1b: Kingambit|[spread] p1a
|-activate|p1b: Kingambit|move: Protect
|-immune|p2a: Pelipper
|-supereffective|p1a: Sneasler
|-damage|p1a: Sneasler|0 fnt
|faint|p1a: Sneasler
|move|p2a: Pelipper|Muddy Water|p1b: Kingambit
|-activate|p1b: Kingambit|move: Protect
|
|-weather|none
|-heal|p2b: Ursaluna|71/100 brn|[from] Grassy Terrain
|-heal|p1b: Kingambit|48/100|[from] Grassy Terrain
|-damage|p2b: Ursaluna|65/100 brn|[from] brn
|-fieldend|move: Grassy Terrain
|upkeep
|
|t:|1756702588
|switch|p1a: Rillaboom|Rillaboom, L50, F|100/100
|-fieldstart|move: Grassy Terrain|[from] ability: Grassy Surge|[of] p1a: Rillaboom
|turn|6
|inactive|PikaTROD has 30 seconds left.
|inactive|LordTentacle69 has 30 seconds left.
|inactive|PikaTROD has 20 seconds left.
|
|t:|1756702626
|switch|p2a: Sinistcha|Sinistcha-Masterpiece, L50|100/100
|-heal|p2b: Ursaluna|90/100 brn|[from] ability: Hospitality|[of] p2a: Sinistcha
|-terastallize|p2b: Ursaluna|Ghost
|move|p1a: Rillaboom|Grassy Glide|p2b: Ursaluna
|-damage|p2b: Ursaluna|59/100 brn
|move|p2b: Ursaluna|Headlong Rush|p1b: Kingambit
|-supereffective|p1b: Kingambit
|-damage|p1b: Kingambit|0 fnt
|-unboost|p2b: Ursaluna|def|1
|-unboost|p2b: Ursaluna|spd|1
|faint|p1b: Kingambit
|
|-heal|p2b: Ursaluna|65/100 brn|[from] Grassy Terrain
|-damage|p2b: Ursaluna|59/100 brn|[from] brn
|-fieldend|move: Trick Room
|upkeep
|
|t:|1756702636
|switch|p1b: Primarina|Primarina, L50, F|100/100
|turn|7
|
|t:|1756702650
|move|p2b: Ursaluna|Protect|p2b: Ursaluna
|-singleturn|p2b: Ursaluna|Protect
|move|p1a: Rillaboom|Grassy Glide|p2b: Ursaluna
|-activate|p2b: Ursaluna|move: Protect
|move|p1b: Primarina|Hyper Voice|p2a: Sinistcha|[spread] p2a
|-activate|p2b: Ursaluna|move: Protect
|-resisted|p2a: Sinistcha
|-damage|p2a: Sinistcha|86/100
|move|p2a: Sinistcha|Trick Room|p2a: Sinistcha
|-fieldstart|move: Trick Room|[of] p2a: Sinistcha
|
|-heal|p2b: Ursaluna|65/100 brn|[from] Grassy Terrain
|-heal|p2a: Sinistcha|92/100|[from] Grassy Terrain
|-damage|p2b: Ursaluna|59/100 brn|[from] brn
|upkeep
|turn|8
|
|t:|1756702675
|move|p1a: Rillaboom|Grassy Glide|p2b: Ursaluna
|-damage|p2b: Ursaluna|20/100 brn
|move|p2b: Ursaluna|Facade|p1a: Rillaboom
|-damage|p1a: Rillaboom|0 fnt
|faint|p1a: Rillaboom
|move|p1b: Primarina|Hyper Voice|p2b: Ursaluna|[spread] p2a,p2b
|-resisted|p2a: Sinistcha
|-damage|p2a: Sinistcha|75/100
|-damage|p2b: Ursaluna|0 fnt
|faint|p2b: Ursaluna
|move|p2a: Sinistcha|Matcha Gotcha|p1b: Primarina
|-supereffective|p1b: Primarina
|-damage|p1b: Primarina|22/100
|-heal|p2a: Sinistcha|100/100|[from] drain|[of] p1b: Primarina
|-enditem|p1b: Primarina|Sitrus Berry|[eat]
|-heal|p1b: Primarina|47/100|[from] item: Sitrus Berry
|
|-heal|p1b: Primarina|53/100|[from] Grassy Terrain
|upkeep
|-message|PikaTROD forfeited.
|
|win|LordTentacle69
|l|☆PikaTROD
|player|p1|
||PikaTROD is ready for game 2.
|j|☆PikaTROD
|player|p1|PikaTROD|265|
|l|☆LordTentacle69
|player|p2|
|inactive|LordTentacle69 has 30 seconds to confirm battle start!
||LordTentacle69 is ready for game 2.
|uhtml|next|Next: Game 2 of 3
|j|☆LordTentacle69
|player|p2|LordTentacle69|plasmagruntf|
|l|☆LordTentacle69
|player|p2|
