|j|☆itbeasher
|j|☆psychic system
|html|itbeasherpsychic system    
|uhtml|bestof|Game 1 of a best-of-3
|t:|1757089314
|gametype|doubles
|player|p1|itbeasher|1|1107
|player|p2|psychic system|lucas|1204
|gen|9
|tier|[Gen 9] VGC 2025 Reg H (Bo3)
|rated|
|rule|Species Clause: Limit one of each Pokémon
|rule|Item Clause: Limit 1 of each item
|clearpoke
|poke|p1|Whimsicott, L50, F|
|poke|p1|Typhlosion-Hisui, L50, F|
|poke|p1|Sneasler, L50, F|
|poke|p1|Indeedee, L50, M|
|poke|p1|Dondozo, L50, M|
|poke|p1|Tatsugiri, L50, F|
|poke|p2|Electabuzz, L50, M|
|poke|p2|Incineroar, L50, M|
|poke|p2|Rillaboom, L50, F|
|poke|p2|Annihilape, L50, F|
|poke|p2|Sneasler, L50, F|
|poke|p2|Primarina, L50, M|
|teampreview|4
|showteam|p1|Whimsicott||CovertCloak|Prankster|Tailwind,Moonblast,SunnyDay,Taunt|||F|||50|,,,,,Water]Typhlosion-Hisui||ChoiceSpecs|Blaze|Eruption,HeatWave,ShadowBall,Flamethrower|||F|||50|,,,,,Fire]Sneasler||PsychicSeed|Unburden|DireClaw,CloseCombat,ThroatChop,Coaching|||F|||50|,,,,,Dark]Indeedee||ChoiceScarf|PsychicSurge|ExpandingForce,TeraBlast,Trick,DazzlingGleam|||M|||50|,,,,,Psychic]Dondozo||Leftovers|Unaware|Protect,HeavySlam,WaveCrash,Earthquake|||M|||50|,,,,,Steel]Tatsugiri||FocusSash|Commander|MuddyWater,DracoMeteor,IcyWind,DragonPulse|||F|||50|,,,,,Steel
|showteam|p2|Electabuzz||Eviolite|VitalSpirit|VoltSwitch,Taunt,Electroweb,FollowMe|||M|||50|,,,,,Ghost]Incineroar||SafetyGoggles|Intimidate|FakeOut,PartingShot,FlareBlitz,KnockOff|||M|||50|,,,,,Grass]Rillaboom||AssaultVest|GrassySurge|GrassyGlide,FakeOut,DrumBeating,Uturn|||F|||50|,,,,,Fire]Annihilape||Leftovers|Defiant|DrainPunch,RageFist,Protect,BulkUp|||F|||50|,,,,,Fire]Sneasler||FocusSash|Unburden|CloseCombat,Protect,FakeOut,DireClaw|||F|||50|,,,,,Ghost]Primarina||SitrusBerry|LiquidVoice|Protect,HyperVoice,Moonblast,CalmMind|||M|||50|,,,,,Poison
|inactive|Battle timer is ON: inactive players will automatically lose when time's up. (requested by psychic system)
|inactive|psychic system has 60 seconds left.
|inactive|psychic system has 30 seconds left.
|inactive|psychic system has 20 seconds left.
|inactive|psychic system has 15 seconds left.
|inactive|psychic system has 10 seconds left.
|inactive|psychic system has 5 seconds left.
|
|t:|1757089404
|teamsize|p1|4
|teamsize|p2|4
|start
|switch|p1a: Whimsicott|Whimsicott, L50, F|100/100
|switch|p1b: Typhlosion|Typhlosion-Hisui, L50, F|100/100
|switch|p2a: Electabuzz|Electabuzz, L50, M|100/100
|switch|p2b: Annihilape|Annihilape, L50, F|100/100
|turn|1
|
|t:|1757089422
|-terastallize|p2b: Annihilape|Fire
|-terastallize|p1b: Typhlosion|Fire
|move|p1a: Whimsicott|Taunt|p2b: Annihilape
|-start|p2b: Annihilape|move: Taunt
|move|p2a: Electabuzz|Electroweb|p1b: Typhlosion|[spread] p1a,p1b
|-resisted|p1a: Whimsicott
|-damage|p1a: Whimsicott|92/100
|-damage|p1b: Typhlosion|82/100
|-unboost|p1b: Typhlosion|spe|1
|move|p2b: Annihilape|Rage Fist|p1b: Typhlosion
|-damage|p1b: Typhlosion|52/100
|move|p1b: Typhlosion|Eruption|p2b: Annihilape|[spread] p2a,p2b
|-resisted|p2b: Annihilape
|-damage|p2a: Electabuzz|47/100
|-damage|p2b: Annihilape|74/100
|
|-heal|p2b: Annihilape|80/100|[from] item: Leftovers
|upkeep
|turn|2
|inactive|psychic system has 30 seconds left.
|inactive|psychic system has 20 seconds left.
|inactive|psychic system has 15 seconds left.
|inactive|psychic system has 10 seconds left.
|
|t:|1757089469
|move|p1a: Whimsicott|Tailwind|p1a: Whimsicott
|-sidestart|p1: itbeasher|move: Tailwind
|move|p1b: Typhlosion|Eruption|p2a: Electabuzz|[spread] p2a,p2b
|-resisted|p2b: Annihilape
|-damage|p2a: Electabuzz|0 fnt
|-damage|p2b: Annihilape|51/100
|faint|p2a: Electabuzz
|move|p2b: Annihilape|Drain Punch|p1b: Typhlosion
|-damage|p1b: Typhlosion|7/100
|-heal|p2b: Annihilape|68/100|[from] drain|[of] p1b: Typhlosion
|
|-heal|p2b: Annihilape|74/100|[from] item: Leftovers
|upkeep
|
|t:|1757089483
|switch|p2a: Primarina|Primarina, L50, M|100/100
|turn|3
|inactive|psychic system has 30 seconds left.
|
|t:|1757089510
|move|p1a: Whimsicott|Taunt|p2a: Primarina
|-start|p2a: Primarina|move: Taunt
|move|p1b: Typhlosion|Eruption|p2b: Annihilape|[spread] p2a,p2b
|-resisted|p2a: Primarina
|-resisted|p2b: Annihilape
|-damage|p2a: Primarina|96/100
|-damage|p2b: Annihilape|69/100
|move|p2b: Annihilape|Drain Punch|p1a: Whimsicott
|-resisted|p1a: Whimsicott
|-damage|p1a: Whimsicott|73/100
|-heal|p2b: Annihilape|76/100|[from] drain|[of] p1a: Whimsicott
|cant|p2a: Primarina|move: Taunt|Calm Mind
|
|-heal|p2b: Annihilape|82/100|[from] item: Leftovers
|-end|p2b: Annihilape|move: Taunt
|upkeep
|turn|4
|inactive|itbeasher has 30 seconds left.
|inactive|psychic system has 30 seconds left.
|inactive|itbeasher has 20 seconds left.
|inactive|psychic system has 20 seconds left.
|inactive|itbeasher has 15 seconds left.
|inactive|psychic system has 15 seconds left.
|
|t:|1757089555
|move|p1a: Whimsicott|Taunt|p2b: Annihilape
|-start|p2b: Annihilape|move: Taunt
|move|p1b: Typhlosion|Eruption|p2b: Annihilape|[spread] p2a,p2b
|-resisted|p2a: Primarina
|-resisted|p2b: Annihilape
|-damage|p2a: Primarina|90/100
|-damage|p2b: Annihilape|76/100
|move|p2b: Annihilape|Drain Punch|p1a: Whimsicott
|-resisted|p1a: Whimsicott
|-damage|p1a: Whimsicott|53/100
|-heal|p2b: Annihilape|84/100|[from] drain|[of] p1a: Whimsicott
|move|p2a: Primarina|Moonblast|p1a: Whimsicott
|-damage|p1a: Whimsicott|0 fnt
|faint|p1a: Whimsicott
|
|-heal|p2b: Annihilape|90/100|[from] item: Leftovers
|upkeep
|
|t:|1757089562
|switch|p1a: Dondozo|Dondozo, L50, M|100/100
|turn|5
|
|t:|1757089581
|switch|p1b: Tatsugiri|Tatsugiri, L50, F|100/100
|-activate|p1b: Tatsugiri|ability: Commander|[of] p1a: Dondozo
|-boost|p1a: Dondozo|atk|2
|-boost|p1a: Dondozo|spa|2
|-boost|p1a: Dondozo|spe|2
|-boost|p1a: Dondozo|def|2
|-boost|p1a: Dondozo|spd|2
|switch|p2b: Incineroar|Incineroar, L50, M|100/100
|-ability|p2b: Incineroar|Intimidate|boost
|-unboost|p1a: Dondozo|atk|1
|-unboost|p1b: Tatsugiri|atk|1
|move|p1a: Dondozo|Heavy Slam|p2a: Primarina
|-crit|p2a: Primarina
|-damage|p2a: Primarina|23/100
|-enditem|p2a: Primarina|Sitrus Berry|[eat]
|-heal|p2a: Primarina|48/100|[from] item: Sitrus Berry
|move|p2a: Primarina|Moonblast|p1a: Dondozo
|-damage|p1a: Dondozo|77/100
|
|-heal|p1a: Dondozo|84/100|[from] item: Leftovers
|-end|p2a: Primarina|move: Taunt
|-sideend|p1: itbeasher|move: Tailwind
|upkeep
|turn|6
|inactive|itbeasher has 30 seconds left.
|inactive|psychic system has 30 seconds left.
|inactive|psychic system has 20 seconds left.
|inactive|psychic system has 15 seconds left.
|inactive|psychic system has 10 seconds left.
|
|t:|1757089627
|switch|p2b: Annihilape|Annihilape, L50, F, tera:Fire|90/100
|move|p1a: Dondozo|Wave Crash|p2b: Annihilape
|-supereffective|p2b: Annihilape
|-damage|p2b: Annihilape|0 fnt
|faint|p2b: Annihilape
|-damage|p1a: Dondozo|57/100|[from] Recoil
|move|p2a: Primarina|Calm Mind|p2a: Primarina
|-boost|p2a: Primarina|spa|1
|-boost|p2a: Primarina|spd|1
|
|-heal|p1a: Dondozo|63/100|[from] item: Leftovers
|upkeep
|
|t:|1757089638
|switch|p2b: Incineroar|Incineroar, L50, M|100/100
|-ability|p2b: Incineroar|Intimidate|boost
|-unboost|p1a: Dondozo|atk|1
|-unboost|p1b: Tatsugiri|atk|1
|turn|7
|
|t:|1757089655
|move|p1a: Dondozo|Protect|p1a: Dondozo
|-singleturn|p1a: Dondozo|Protect
|move|p2b: Incineroar|Fake Out|p1a: Dondozo
|-activate|p1a: Dondozo|move: Protect
|move|p2a: Primarina|Calm Mind|p2a: Primarina
|-boost|p2a: Primarina|spa|1
|-boost|p2a: Primarina|spd|1
|
|-heal|p1a: Dondozo|69/100|[from] item: Leftovers
|upkeep
|turn|8
|
|t:|1757089679
|move|p1a: Dondozo|Heavy Slam|p2a: Primarina
|-damage|p2a: Primarina|18/100
|move|p2b: Incineroar|Parting Shot|p1a: Dondozo
|-unboost|p1a: Dondozo|atk|1
|-unboost|p1a: Dondozo|spa|1
|move|p2a: Primarina|Moonblast|p1a: Dondozo
|-damage|p1a: Dondozo|48/100
|-unboost|p1a: Dondozo|spa|1
|
|-heal|p1a: Dondozo|54/100|[from] item: Leftovers
|upkeep
|turn|9
|
|t:|1757089703
|move|p1a: Dondozo|Heavy Slam|p2a: Primarina
|-damage|p2a: Primarina|0 fnt
|faint|p2a: Primarina
|move|p2b: Incineroar|Knock Off|p1a: Dondozo
|-damage|p1a: Dondozo|39/100
|-enditem|p1a: Dondozo|Leftovers|[from] move: Knock Off|[of] p2b: Incineroar
|
|upkeep
|turn|10
|
|t:|1757089719
|move|p1a: Dondozo|Wave Crash|p2b: Incineroar
|-supereffective|p2b: Incineroar
|-damage|p2b: Incineroar|32/100
|-damage|p1a: Dondozo|19/100|[from] Recoil
|move|p2b: Incineroar|Knock Off|p1a: Dondozo
|-crit|p1a: Dondozo
|-damage|p1a: Dondozo|0 fnt
|faint|p1a: Dondozo
|
|upkeep
|
|t:|1757089727
|switch|p1a: Typhlosion|Typhlosion-Hisui, L50, F, tera:Fire|7/100
|turn|11
|
|t:|1757089739
|move|p1a: Typhlosion|Flamethrower|p2b: Incineroar
|-resisted|p2b: Incineroar
|-damage|p2b: Incineroar|0 fnt
|faint|p2b: Incineroar
|
|win|itbeasher
||psychic system is ready for game 2.
||itbeasher is ready for game 2.
|uhtml|next|Next: Game 2 of 3
