|j|☆Promesus
|j|☆hide on whimsicott
|html|Promesushide on whimsicott    
|uhtml|bestof|Game 3 of a best-of-3
|t:|1782667462
|gametype|doubles
|player|p1|Promesus|hilbert-wonderlauncher|1189
|player|p2|hide on whimsicott|artist-gen4|1228
|gen|9
|tier|[Gen 9 Champions] VGC 2026 Reg M-B (Bo3)
|rated|
|rule|Species Clause: Limit one of each Pokémon
|rule|Item Clause: Limit 1 of each item
|clearpoke
|poke|p1|Charizard, L50, M, shiny|
|poke|p1|Floette-Eternal, L50, F|
|poke|p1|Basculegion, L50, M|
|poke|p1|Whimsicott, L50, F|
|poke|p1|Garchomp, L50, M|
|poke|p1|Kingambit, L50, F|
|poke|p2|Gardevoir, L50, M|
|poke|p2|Basculegion, L50, M|
|poke|p2|Pelipper, L50, F|
|poke|p2|Archaludon, L50, M|
|poke|p2|Maushold-Four, L50|
|poke|p2|Swampert, L50, F|
|teampreview|4
|showteam|p1|Charizard||CharizarditeY|Blaze|HeatWave,WeatherBall,SolarBeam,Protect|Modest||M|||50|]Floette-Eternal||Floettite|FlowerVeil|LightofRuin,DazzlingGleam,Moonblast,Protect|Timid||F|||50|]Basculegion||MysticWater|Adaptability|WaveCrash,AquaJet,LastRespects,Protect|Adamant||M|||50|]Whimsicott||FocusSash|Prankster|Moonblast,Encore,Protect,Tailwind|Timid||F|||50|]Garchomp||LifeOrb|RoughSkin|RockSlide,Earthquake,DragonClaw,Protect|Jolly||M|||50|]Kingambit||BlackGlasses|Defiant|KowtowCleave,IronHead,Protect,SuckerPunch|Adamant||F|||50|
|showteam|p2|Gardevoir||Gardevoirite|Trace|Psyshock,HyperVoice,Protect,TrickRoom|Modest||M|||50|]Basculegion||ChoiceScarf|Adaptability|LastRespects,WaveCrash,PsychicFangs,FlipTurn|Adamant||M|||50|]Pelipper||SitrusBerry|Drizzle|Hurricane,Tailwind,WeatherBall,RainDance|Bold||F|||50|]Archaludon||Leftovers|Stamina|ElectroShot,DragonPulse,FlashCannon,Protect|Modest||M|||50|]Maushold-Four||FocusSash|FriendGuard|Feint,SuperFang,Protect,FollowMe|Jolly|||||50|]Swampert||Swampertite|Torrent|IcePunch,HighHorsepower,WaveCrash,Protect|Adamant||F|||50|
|inactive|Battle timer is ON: inactive players will automatically lose when time's up. (requested by Promesus)
|inactive|hide on whimsicott also wants the timer to be on.
|inactive|Promesus has 60 seconds left.
|
|t:|1782667520
|teamsize|p1|4
|teamsize|p2|4
|start
|switch|p1a: Floette|Floette-Eternal, L50, F|100/100
|switch|p1b: Whimsicott|Whimsicott, L50, F|100/100
|switch|p2a: Maushold|Maushold-Four, L50|100/100
|switch|p2b: Gardevoir|Gardevoir, L50, M|100/100
|-ability|p2b: Gardevoir|Flower Veil|Trace|[from] ability: Trace|[of] p1a: Floette
|turn|1
|
|t:|1782667541
|detailschange|p1a: Floette|Floette-Mega, L50, F
|-mega|p1a: Floette|Floette|Floettite
|-ability|p1a: Floette|Fairy Aura
|detailschange|p2b: Gardevoir|Gardevoir-Mega, L50, M
|-mega|p2b: Gardevoir|Gardevoir|Gardevoirite
|move|p1b: Whimsicott|Moonblast|p2a: Maushold
|-damage|p2a: Maushold|33/100
|move|p2a: Maushold|Super Fang|p1a: Floette
|-damage|p1a: Floette|50/100g
|move|p1a: Floette|Dazzling Gleam|p2b: Gardevoir|[spread] p2a,p2b
|-damage|p2a: Maushold|0 fnt
|-damage|p2b: Gardevoir|66/100
|faint|p2a: Maushold
|move|p2b: Gardevoir|Hyper Voice|p1b: Whimsicott|[spread] p1a,p1b
|-damage|p1a: Floette|0 fnt
|-enditem|p1b: Whimsicott|Focus Sash
|-damage|p1b: Whimsicott|1/100
|faint|p1a: Floette
|
|upkeep
|inactive|hide on whimsicott has 30 seconds left.
|
|t:|1782667566
|switch|p2a: Pelipper|Pelipper, L50, F|100/100
|switch|p1a: Kingambit|Kingambit, L50, F|100/100
|-weather|RainDance|[from] ability: Drizzle|[of] p2a: Pelipper
|turn|2
|inactive|Promesus has 30 seconds left.
|inactive|hide on whimsicott has 30 seconds left.
|inactive|Promesus has 20 seconds left.
|inactive|Promesus has 15 seconds left.
|
|t:|1782667609
|move|p1b: Whimsicott|Protect|p1b: Whimsicott
|-singleturn|p1b: Whimsicott|Protect
|move|p2b: Gardevoir|Protect|p2b: Gardevoir
|-singleturn|p2b: Gardevoir|Protect
|move|p2a: Pelipper|Weather Ball|p1a: Kingambit
|-damage|p1a: Kingambit|56/100
|move|p1a: Kingambit|Iron Head|p2b: Gardevoir
|-activate|p2b: Gardevoir|move: Protect
|
|-weather|RainDance|[upkeep]
|upkeep
|turn|3
|
|t:|1782667624
|switch|p2b: Basculegion|Basculegion, L50, M|100/100
|move|p1b: Whimsicott|Moonblast|p2a: Pelipper
|-damage|p2a: Pelipper|56/100
|move|p2a: Pelipper|Weather Ball|p1a: Kingambit
|-damage|p1a: Kingambit|10/100
|move|p1a: Kingambit|Kowtow Cleave|p2a: Pelipper
|-damage|p2a: Pelipper|12/100
|-enditem|p2a: Pelipper|Sitrus Berry|[eat]
|-heal|p2a: Pelipper|36/100|[from] item: Sitrus Berry
|
|-weather|RainDance|[upkeep]
|upkeep
|turn|4
|inactive|hide on whimsicott has 30 seconds left.
|inactive|hide on whimsicott has 20 seconds left.
|inactive|hide on whimsicott has 15 seconds left.
|
|t:|1782667667
|switch|p2a: Gardevoir|Gardevoir-Mega, L50, M|66/100
|move|p1a: Kingambit|Sucker Punch|p2b: Basculegion
|-supereffective|p2b: Basculegion|1
|-damage|p2b: Basculegion|10/100
|move|p2b: Basculegion|Wave Crash|p1a: Kingambit
|-damage|p1a: Kingambit|0 fnt
|faint|p1a: Kingambit
|-damage|p2b: Basculegion|7/100|[from] Recoil
|move|p1b: Whimsicott|Moonblast|p2a: Gardevoir
|-damage|p2a: Gardevoir|37/100
|
|-weather|RainDance|[upkeep]
|upkeep
|
|t:|1782667679
|switch|p1a: Garchomp|Garchomp, L50, M|100/100
|turn|5
|inactive|Promesus has 30 seconds left.
|
|t:|1782667705
|move|p1b: Whimsicott|Protect|p1b: Whimsicott
|-singleturn|p1b: Whimsicott|Protect
|move|p1a: Garchomp|Protect|p1a: Garchomp
|-singleturn|p1a: Garchomp|Protect
|move|p2a: Gardevoir|Protect|p2a: Gardevoir
|-singleturn|p2a: Gardevoir|Protect
|move|p2b: Basculegion|Wave Crash|p1a: Garchomp
|-activate|p1a: Garchomp|move: Protect
|
|-weather|RainDance|[upkeep]
|upkeep
|turn|6
|inactive|Promesus has 30 seconds left.
|inactive|Promesus has 20 seconds left.
|inactive|Promesus has 15 seconds left.
|inactive|hide on whimsicott has 30 seconds left.
|inactive|Promesus has 10 seconds left.
|inactive|Promesus has 5 seconds left.
|
|t:|1782667759
|move|p1b: Whimsicott|Tailwind|p1b: Whimsicott
|-sidestart|p1: Promesus|move: Tailwind
|move|p1a: Garchomp|Rock Slide|p2a: Gardevoir|[spread] p2a,p2b
|-damage|p2a: Gardevoir|0 fnt
|-damage|p2b: Basculegion|0 fnt
|faint|p2a: Gardevoir
|faint|p2b: Basculegion
|-damage|p1a: Garchomp|90/100|[from] item: Life Orb
|
|-weather|none
|upkeep
|-message|hide on whimsicott forfeited.
|
|win|Promesus
|raw|Promesus's rating: 1189 → 1217(+28 for winning)
|raw|hide on whimsicott's rating: 1228 → 1200(-28 for losing)
