|j|☆maikage
|j|☆toobadforalt
|html|maikagetoobadforalt    
|uhtml|bestof|Game 1 of a best-of-3
|t:|1757789360
|gametype|doubles
|player|p1|maikage|firebreather|1134
|player|p2|toobadforalt|2|1273
|gen|9
|tier|[Gen 9] VGC 2025 Reg H (Bo3)
|rated|
|rule|Species Clause: Limit one of each Pokémon
|rule|Item Clause: Limit 1 of each item
|clearpoke
|poke|p1|Ursaluna-Bloodmoon, L50, M|
|poke|p1|Gholdengo, L50|
|poke|p1|Dragonite, L50, M|
|poke|p1|Sneasler, L50, M|
|poke|p1|Incineroar, L50, M|
|poke|p1|Amoonguss, L50, M|
|poke|p2|Dragapult, L50, M|
|poke|p2|Magmar, L50, F|
|poke|p2|Rillaboom, L50, M|
|poke|p2|Kingambit, L50, F|
|poke|p2|Sneasler, L50, M|
|poke|p2|Milotic, L50, M|
|teampreview|4
|showteam|p1|Ursaluna-Bloodmoon||AssaultVest|MindsEye|BloodMoon,EarthPower,VacuumWave,HyperVoice|||M|||50|,,,,,Water]Gholdengo||LifeOrb|GoodasGold|Protect,MakeItRain,ShadowBall,NastyPlot||||||50|,,,,,Water]Dragonite||LoadedDice|Multiscale|ScaleShot,Tailwind,Haze,Protect|||M|||50|,,,,,Fairy]Sneasler||FocusSash|Unburden|Protect,DireClaw,CloseCombat,ThroatChop|||M|||50|,,,,,Stellar]Incineroar||SafetyGoggles|Intimidate|KnockOff,PartingShot,FlareBlitz,FakeOut|||M|||50|,,,,,Ghost]Amoonguss||SitrusBerry|Regenerator|RagePowder,Spore,PollenPuff,Protect|||M|||50|,,,,,Psychic
|showteam|p2|Dragapult||ChoiceBand|ClearBody|DragonDarts,Uturn,PhantomForce,TeraBlast|||M|||50|,,,,,Ghost]Magmar||Eviolite|VitalSpirit|FollowMe,Overheat,Taunt,WillOWisp|||F|||50|,,,,,Ghost]Rillaboom||AssaultVest|GrassySurge|FakeOut,WoodHammer,GrassyGlide,HighHorsepower|||M|||50|,,,,,Fire]Kingambit||SafetyGoggles|Defiant|SwordsDance,KowtowCleave,SuckerPunch,Protect|||F|||50|,,,,,Flying]Sneasler||FocusSash|Unburden|FakeOut,DireClaw,CloseCombat,Protect|||M|||50|,,,,,Stellar]Milotic||Leftovers|Competitive|Scald,IcyWind,Haze,Protect|||M|||50|,,,,,Grass
|inactive|Battle timer is ON: inactive players will automatically lose when time's up. (requested by maikage)
|inactive|maikage has 60 seconds left.
|inactive|toobadforalt has 60 seconds left.
|
|t:|1757789395
|teamsize|p1|4
|teamsize|p2|4
|start
|switch|p1a: Amoonguss|Amoonguss, L50, M|100/100
|switch|p1b: Dragonite|Dragonite, L50, M|100/100
|switch|p2a: Milotic|Milotic, L50, M|100/100
|switch|p2b: Dragapult|Dragapult, L50, M|100/100
|turn|1
|inactive|toobadforalt has 30 seconds left.
|inactive|toobadforalt has 20 seconds left.
|
|t:|1757789434
|switch|p2b: Kingambit|Kingambit, L50, F|100/100
|-terastallize|p2a: Milotic|Grass
|move|p1b: Dragonite|Tailwind|p1b: Dragonite
|-sidestart|p1: maikage|move: Tailwind
|move|p2a: Milotic|Icy Wind|p1a: Amoonguss|[spread] p1a,p1b
|-supereffective|p1a: Amoonguss
|-crit|p1a: Amoonguss
|-supereffective|p1b: Dragonite
|-damage|p1a: Amoonguss|73/100
|-damage|p1b: Dragonite|80/100
|-unboost|p1a: Amoonguss|spe|1
|-unboost|p1b: Dragonite|spe|1
|move|p1a: Amoonguss|Spore|p2a: Milotic
|-immune|p2a: Milotic
|
|upkeep
|turn|2
|inactive|maikage has 30 seconds left.
|
|t:|1757789463
|move|p1b: Dragonite|Scale Shot|p2a: Milotic
|-damage|p2a: Milotic|86/100
|-damage|p2a: Milotic|73/100
|-damage|p2a: Milotic|60/100
|-damage|p2a: Milotic|47/100
|-hitcount|p2a: Milotic|4
|-unboost|p1b: Dragonite|def|1
|-boost|p1b: Dragonite|spe|1
|move|p2a: Milotic|Icy Wind|p1a: Amoonguss|[spread] p1a,p1b
|-supereffective|p1a: Amoonguss
|-supereffective|p1b: Dragonite
|-damage|p1a: Amoonguss|54/100
|-damage|p1b: Dragonite|34/100
|-unboost|p1a: Amoonguss|spe|1
|-unboost|p1b: Dragonite|spe|1
|move|p2b: Kingambit|Swords Dance|p2b: Kingambit
|-boost|p2b: Kingambit|atk|2
|move|p1a: Amoonguss|Spore|p2b: Kingambit
|-activate|p2b: Kingambit|item: Safety Goggles|Spore
|
|-heal|p2a: Milotic|54/100|[from] item: Leftovers
|upkeep
|turn|3
|inactive|maikage has 30 seconds left.
|inactive|maikage has 20 seconds left.
|inactive|maikage has 15 seconds left.
|inactive|maikage has 10 seconds left.
|
|t:|1757789508
|move|p2a: Milotic|Protect|p2a: Milotic
|-singleturn|p2a: Milotic|Protect
|move|p2b: Kingambit|Sucker Punch|p1b: Dragonite
|-damage|p1b: Dragonite|0 fnt
|faint|p1b: Dragonite
|move|p1a: Amoonguss|Pollen Puff|p1: Dragonite|[notarget]
|-fail|p1a: Amoonguss
|
|-heal|p2a: Milotic|60/100|[from] item: Leftovers
|upkeep
|
|t:|1757789518
|switch|p1b: Incineroar|Incineroar, L50, M|100/100
|-ability|p1b: Incineroar|Intimidate|boost
|-unboost|p2a: Milotic|atk|1
|-ability|p2a: Milotic|Competitive|boost
|-boost|p2a: Milotic|spa|2
|-unboost|p2b: Kingambit|atk|1
|-ability|p2b: Kingambit|Defiant|boost
|-boost|p2b: Kingambit|atk|2
|turn|4
|
|t:|1757789536
|move|p2a: Milotic|Protect||[still]
|-fail|p2a: Milotic
|move|p1b: Incineroar|Flare Blitz|p2a: Milotic
|-supereffective|p2a: Milotic
|-damage|p2a: Milotic|0 fnt
|faint|p2a: Milotic
|-damage|p1b: Incineroar|81/100|[from] Recoil
|move|p2b: Kingambit|Kowtow Cleave|p1a: Amoonguss
|-damage|p1a: Amoonguss|0 fnt
|faint|p1a: Amoonguss
|
|-sideend|p1: maikage|move: Tailwind
|upkeep
|
|t:|1757789547
|switch|p2a: Dragapult|Dragapult, L50, M|100/100
|switch|p1a: Sneasler|Sneasler, L50, M|100/100
|turn|5
|
|t:|1757789568
|move|p2b: Kingambit|Sucker Punch|p1a: Sneasler
|-resisted|p1a: Sneasler
|-damage|p1a: Sneasler|20/100
|move|p2a: Dragapult|Dragon Darts|p1a: Sneasler
|-damage|p1a: Sneasler|0 fnt
|-anim|p2a: Dragapult|Dragon Darts|p1b: Incineroar
|-damage|p1b: Incineroar|40/100
|faint|p1a: Sneasler
|move|p1b: Incineroar|Knock Off|p2a: Dragapult
|-supereffective|p2a: Dragapult
|-damage|p2a: Dragapult|0 fnt
|-enditem|p2a: Dragapult|Choice Band|[from] move: Knock Off|[of] p1b: Incineroar
|faint|p2a: Dragapult
|
|upkeep
|-message|maikage forfeited.
|
|win|toobadforalt
|l|☆maikage
|player|p1|
||toobadforalt is ready for game 2.
||maikage is ready for game 2.
|uhtml|next|Next: Game 2 of 3
