|j|☆ToastedArt
|j|☆gautherxd
|html|ToastedArtgautherxd    
|uhtml|bestof|Game 1 of a best-of-3
|t:|1784466158
|gametype|doubles
|player|p1|ToastedArt|iris|1000
|player|p2|gautherxd|caitlin|1000
|gen|9
|tier|[Gen 9 Champions] VGC 2026 Reg M-B (Bo3)
|rated|
|rule|Species Clause: Limit one of each Pokémon
|rule|Item Clause: Limit 1 of each item
|clearpoke
|poke|p1|Falinks, L50, shiny|
|poke|p1|Incineroar, L50, M|
|poke|p1|Vanilluxe, L50, F, shiny|
|poke|p1|Basculegion, L50, M, shiny|
|poke|p1|Sneasler, L50, F|
|poke|p1|Dragonite, L50, M, shiny|
|poke|p2|Floette-Eternal, L50, F|
|poke|p2|Charizard, L50, M, shiny|
|poke|p2|Kingambit, L50, F|
|poke|p2|Whimsicott, L50, M, shiny|
|poke|p2|Basculegion, L50, M, shiny|
|poke|p2|Garchomp, L50, F|
|teampreview|4
|showteam|p1|Falinks||Falinksite|Defiant|NoRetreat,CloseCombat,Substitute,Protect|Adamant|||||50|]Incineroar||Charcoal|Intimidate|FlareBlitz,ThroatChop,FakeOut,PartingShot|Adamant||M|||50|]Vanilluxe||ChoiceScarf|SnowWarning|Blizzard,FreezeDry,IcyWind,SheerCold|Modest||F|||50|]Basculegion||SitrusBerry|Adaptability|WaveCrash,LastRespects,AquaJet,Protect|Adamant||M|||50|]Sneasler||FocusSash|PoisonTouch|PoisonJab,CloseCombat,FakeOut,Coaching|Jolly||F|||50|]Dragonite||DragonFang|Multiscale|DragonClaw,ExtremeSpeed,LowKick,Tailwind|Adamant||M|||50|
|showteam|p2|Floette-Eternal||Floettite|FlowerVeil|Protect,LightofRuin,Moonblast,DazzlingGleam|Timid||F|||50|]Charizard||CharizarditeY|Blaze|SolarBeam,HeatWave,WeatherBall,Protect|Modest||M|||50|]Kingambit||BlackGlasses|Defiant|IronHead,Protect,KowtowCleave,SuckerPunch|Adamant||F|||50|]Whimsicott||FocusSash|Prankster|Moonblast,Tailwind,Encore,Protect|Timid||M|||50|]Basculegion||MysticWater|Adaptability|WaveCrash,Protect,LastRespects,AquaJet|Adamant||M|||50|]Garchomp||LifeOrb|RoughSkin|Earthquake,RockSlide,Protect,DragonClaw|Jolly||F|||50|
|inactive|Battle timer is ON: inactive players will automatically lose when time's up. (requested by gautherxd)
|inactive|ToastedArt also wants the timer to be on.
|inactive|ToastedArt has 60 seconds left.
|inactive|gautherxd has 60 seconds left.
|
|t:|1784466233
|teamsize|p1|4
|teamsize|p2|4
|start
|switch|p1a: Sneasler|Sneasler, L50, F|100/100
|switch|p1b: Dragonite|Dragonite, L50, M, shiny|100/100
|switch|p2a: Floette|Floette-Eternal, L50, F|100/100
|switch|p2b: Charizard|Charizard, L50, M, shiny|100/100
|turn|1
|inactive|ToastedArt has 30 seconds left.
|inactive|gautherxd has 30 seconds left.
|
|t:|1784466263
|detailschange|p2b: Charizard|Charizard-Mega-Y, L50, M, shiny
|-mega|p2b: Charizard|Charizard|Charizardite Y
|-weather|SunnyDay|[from] ability: Drought|[of] p2b: Charizard
|move|p1a: Sneasler|Poison Jab|p2a: Floette
|-supereffective|p2a: Floette|1
|-damage|p2a: Floette|0 fnt
|faint|p2a: Floette
|move|p2b: Charizard|Heat Wave|p1b: Dragonite|[spread] p1a,p1b
|-resisted|p1b: Dragonite|1
|-damage|p1a: Sneasler|2/100
|-damage|p1b: Dragonite|81/100
|move|p1b: Dragonite|Tailwind|p1b: Dragonite
|-sidestart|p1: ToastedArt|move: Tailwind
|
|-weather|SunnyDay|[upkeep]
|upkeep
|
|t:|1784466274
|switch|p2a: Whimsicott|Whimsicott, L50, M, shiny|100/100
|turn|2
|
|t:|1784466282
|switch|p1b: Basculegion|Basculegion, L50, M, shiny|100/100
|move|p2a: Whimsicott|Tailwind|p2a: Whimsicott
|-sidestart|p2: gautherxd|move: Tailwind
|move|p1a: Sneasler|Poison Jab|p2a: Whimsicott
|-supereffective|p2a: Whimsicott|2
|-enditem|p2a: Whimsicott|Focus Sash
|-damage|p2a: Whimsicott|1/100
|-status|p2a: Whimsicott|psn|[from] ability: Poison Touch|[of] p1a: Sneasler
|move|p2b: Charizard|Heat Wave|p1b: Basculegion|[spread] p1b
|-miss|p2b: Charizard|p1a: Sneasler
|-resisted|p1b: Basculegion|1
|-damage|p1b: Basculegion|64/100
|
|-weather|SunnyDay|[upkeep]
|-damage|p2a: Whimsicott|0 fnt|[from] psn
|faint|p2a: Whimsicott
|upkeep
|
|t:|1784466296
|switch|p2a: Garchomp|Garchomp, L50, F|100/100
|turn|3
|
|t:|1784466312
|move|p2a: Garchomp|Protect|p2a: Garchomp
|-singleturn|p2a: Garchomp|Protect
|move|p1b: Basculegion|Protect|p1b: Basculegion
|-singleturn|p1b: Basculegion|Protect
|move|p1a: Sneasler|Coaching|p1b: Basculegion
|-boost|p1b: Basculegion|atk|1
|-boost|p1b: Basculegion|def|1
|move|p2b: Charizard|Solar Beam||[still]
|-prepare|p2b: Charizard|Solar Beam
|-anim|p2b: Charizard|Solar Beam|p1b: Basculegion
|-activate|p1b: Basculegion|move: Protect
|
|-weather|SunnyDay|[upkeep]
|upkeep
|turn|4
|inactive|ToastedArt has 30 seconds left.
|
|t:|1784466339
|move|p1a: Sneasler|Coaching|p1b: Basculegion
|-boost|p1b: Basculegion|atk|1
|-boost|p1b: Basculegion|def|1
|move|p2a: Garchomp|Earthquake|p1b: Basculegion|[spread] p1a,p1b
|-immune|p2b: Charizard
|-supereffective|p1a: Sneasler|1
|-damage|p1a: Sneasler|0 fnt
|-damage|p1b: Basculegion|34/100
|-enditem|p1b: Basculegion|Sitrus Berry|[eat]
|-heal|p1b: Basculegion|59/100|[from] item: Sitrus Berry
|faint|p1a: Sneasler
|-damage|p2a: Garchomp|90/100|[from] item: Life Orb
|move|p2b: Charizard|Solar Beam||[still]
|-prepare|p2b: Charizard|Solar Beam
|-anim|p2b: Charizard|Solar Beam|p1b: Basculegion
|-supereffective|p1b: Basculegion|1
|-damage|p1b: Basculegion|0 fnt
|faint|p1b: Basculegion
|
|-weather|SunnyDay|[upkeep]
|-sideend|p1: ToastedArt|move: Tailwind
|upkeep
|
|t:|1784466353
|switch|p1a: Dragonite|Dragonite, L50, M, shiny|81/100
|switch|p1b: Falinks|Falinks, L50, shiny|100/100
|turn|5
|inactive|gautherxd has 30 seconds left.
|
|t:|1784466379
|detailschange|p1b: Falinks|Falinks-Mega, L50, shiny
|-mega|p1b: Falinks|Falinks|Falinksite
|move|p2a: Garchomp|Rock Slide|p1a: Dragonite|[spread] p1a,p1b
|-supereffective|p1a: Dragonite|1
|-resisted|p1b: Falinks|1
|-crit|p1b: Falinks
|-damage|p1a: Dragonite|24/100
|-damage|p1b: Falinks|81/100
|-damage|p2a: Garchomp|80/100|[from] item: Life Orb
|move|p2b: Charizard|Heat Wave|p1a: Dragonite|[spread] p1a,p1b
|-resisted|p1a: Dragonite|1
|-damage|p1a: Dragonite|0 fnt
|-damage|p1b: Falinks|0 fnt
|faint|p1a: Dragonite
|faint|p1b: Falinks
|
|win|gautherxd
