|j|☆is_katabo
|j|☆StosMac33
|html|is_kataboStosMac33    
|uhtml|bestof|Game 2 of a best-of-3
|t:|1757201964
|gametype|doubles
|player|p1|is_katabo|barry|
|player|p2|StosMac33|169|
|gen|9
|tier|[Gen 9] VGC 2025 Reg H (Bo3)
|rule|Species Clause: Limit one of each Pokémon
|rule|Item Clause: Limit 1 of each item
|clearpoke
|poke|p1|Milotic, L50, M|
|poke|p1|Incineroar, L50, F|
|poke|p1|Amoonguss, L50, F|
|poke|p1|Gholdengo, L50|
|poke|p1|Ursaluna-Bloodmoon, L50, M|
|poke|p1|Dragonite, L50, F|
|poke|p2|Annihilape, L50, M|
|poke|p2|Primarina, L50, M|
|poke|p2|Electabuzz, L50, F|
|poke|p2|Sylveon, L50, F|
|poke|p2|Ursaluna, L50, M|
|poke|p2|Sinistcha, L50|
|teampreview|4
|showteam|p1|Milotic||SafetyGoggles|Competitive|Scald,IcyWind,Haze,Protect|||M|||50|,,,,,Dragon]Incineroar||SitrusBerry|Intimidate|FakeOut,KnockOff,FlareBlitz,PartingShot|||F|||50|,,,,,Ghost]Amoonguss||CovertCloak|Regenerator|PollenPuff,RagePowder,Spore,Protect|||F|||50|,,,,,Electric]Gholdengo||LifeOrb|GoodasGold|MakeItRain,ShadowBall,NastyPlot,Protect||||||50|,,,,,Water]Ursaluna-Bloodmoon||AssaultVest|MindsEye|BloodMoon,HyperVoice,EarthPower,VacuumWave|||M|||50|,,,,,Water]Dragonite||LoadedDice|Multiscale|ScaleShot,ExtremeSpeed,Tailwind,Protect|||F|||50|,,,,,Steel
|showteam|p2|Annihilape||SafetyGoggles|Defiant|DrainPunch,RageFist,BulkUp,FinalGambit|||M|||50|,,,,,Fire]Primarina||LifeOrb|LiquidVoice|CalmMind,HyperVoice,Moonblast,Protect|||M|||50|,,,,,Water]Electabuzz||Eviolite|VitalSpirit|Electroweb,Taunt,FollowMe,ElectricTerrain|||F|||50|,,,,,Ghost]Sylveon||ThroatSpray|CuteCharm|HyperVoice,CalmMind,Protect,HyperBeam|||F|||50|,,,,,Fairy]Ursaluna||FlameOrb|Guts|Earthquake,HeadlongRush,Protect,Facade|||M|||50|,,,,,Ghost]Sinistcha||MentalHerb|Hospitality|TrickRoom,MatchaGotcha,Imprison,RagePowder||||||50|,,,,,Normal
|
|t:|1757201989
|teamsize|p1|4
|teamsize|p2|4
|start
|switch|p1a: Love Can Be...|Dragonite, L50, F|100/100
|switch|p1b: Party People|Gholdengo, L50|100/100
|switch|p2a: Annihilape|Annihilape, L50, M|100/100
|switch|p2b: Electabuzz|Electabuzz, L50, F|100/100
|turn|1
|
|t:|1757202014
|move|p2b: Electabuzz|Electroweb|p1a: Love Can Be...|[spread] p1a,p1b
|-damage|p1a: Love Can Be...|93/100
|-damage|p1b: Party People|87/100
|-unboost|p1a: Love Can Be...|spe|1
|-unboost|p1b: Party People|spe|1
|move|p2a: Annihilape|Rage Fist|p1b: Party People
|-supereffective|p1b: Party People
|-damage|p1b: Party People|40/100
|move|p1b: Party People|Nasty Plot|p1b: Party People
|-boost|p1b: Party People|spa|2
|move|p1a: Love Can Be...|Tailwind|p1a: Love Can Be...
|-sidestart|p1: is_katabo|move: Tailwind
|
|upkeep
|turn|2
|
|t:|1757202044
|-terastallize|p2a: Annihilape|Fire
|move|p1b: Party People|Protect|p1b: Party People
|-singleturn|p1b: Party People|Protect
|move|p1a: Love Can Be...|Scale Shot|p2b: Electabuzz
|-damage|p2b: Electabuzz|88/100
|-damage|p2b: Electabuzz|78/100
|-damage|p2b: Electabuzz|65/100
|-damage|p2b: Electabuzz|54/100
|-crit|p2b: Electabuzz
|-damage|p2b: Electabuzz|38/100
|-hitcount|p2b: Electabuzz|5
|-unboost|p1a: Love Can Be...|def|1
|-boost|p1a: Love Can Be...|spe|1
|move|p2b: Electabuzz|Electroweb|p1b: Party People|[spread] p1a
|-activate|p1b: Party People|move: Protect
|-damage|p1a: Love Can Be...|78/100
|-unboost|p1a: Love Can Be...|spe|1
|move|p2a: Annihilape|Rage Fist|p1b: Party People
|-activate|p1b: Party People|move: Protect
|
|upkeep
|turn|3
|
|t:|1757202080
|-terastallize|p1b: Party People|Water
|move|p1a: Love Can Be...|Extreme Speed|p2b: Electabuzz
|-damage|p2b: Electabuzz|13/100
|move|p2b: Electabuzz|Follow Me|p2b: Electabuzz
|-singleturn|p2b: Electabuzz|move: Follow Me
|move|p1b: Party People|Shadow Ball|p2b: Electabuzz
|-damage|p2b: Electabuzz|0 fnt
|faint|p2b: Electabuzz
|-damage|p1b: Party People|30/100|[from] item: Life Orb
|move|p2a: Annihilape|Rage Fist|p1b: Party People
|-damage|p1b: Party People|2/100
|
|upkeep
|
|t:|1757202098
|switch|p2b: Ursaluna|Ursaluna, L50, M|100/100
|turn|4
|
|t:|1757202115
|move|p2b: Ursaluna|Protect|p2b: Ursaluna
|-singleturn|p2b: Ursaluna|Protect
|move|p1b: Party People|Shadow Ball|p2a: Annihilape
|-damage|p2a: Annihilape|3/100
|-damage|p1b: Party People|0 fnt|[from] item: Life Orb
|faint|p1b: Party People
|move|p1a: Love Can Be...|Scale Shot|p2a: Annihilape
|-damage|p2a: Annihilape|0 fnt
|faint|p2a: Annihilape
|-hitcount|p2: Annihilape|1
|-unboost|p1a: Love Can Be...|def|1
|-boost|p1a: Love Can Be...|spe|1
|
|-sideend|p1: is_katabo|move: Tailwind
|-status|p2b: Ursaluna|brn|[from] item: Flame Orb
|upkeep
|
|t:|1757202135
|switch|p1b: Big Fish|Milotic, L50, M|100/100
|switch|p2a: Sinistcha|Sinistcha, L50|100/100
|turn|5
|
|t:|1757202151
|move|p2a: Sinistcha|Rage Powder|p2a: Sinistcha
|-singleturn|p2a: Sinistcha|move: Rage Powder
|move|p1a: Love Can Be...|Scale Shot|p2a: Sinistcha
|-damage|p2a: Sinistcha|87/100
|-damage|p2a: Sinistcha|74/100
|-crit|p2a: Sinistcha
|-damage|p2a: Sinistcha|55/100
|-damage|p2a: Sinistcha|43/100
|-hitcount|p2a: Sinistcha|4
|-unboost|p1a: Love Can Be...|def|1
|-boost|p1a: Love Can Be...|spe|1
|move|p1b: Big Fish|Scald|p2b: Ursaluna
|-supereffective|p2b: Ursaluna
|-damage|p2b: Ursaluna|50/100 brn
|move|p2b: Ursaluna|Facade|p1a: Love Can Be...
|-damage|p1a: Love Can Be...|0 fnt
|faint|p1a: Love Can Be...
|
|-damage|p2b: Ursaluna|44/100 brn|[from] brn
|upkeep
|
|t:|1757202168
|switch|p1a: Yeah Right|Incineroar, L50, F|100/100
|-ability|p1a: Yeah Right|Intimidate|boost
|-unboost|p2a: Sinistcha|atk|1
|-unboost|p2b: Ursaluna|atk|1
|turn|6
|
|t:|1757202178
|move|p2b: Ursaluna|Protect|p2b: Ursaluna
|-singleturn|p2b: Ursaluna|Protect
|move|p1b: Big Fish|Icy Wind|p2b: Ursaluna|[spread] p2a
|-activate|p2b: Ursaluna|move: Protect
|-supereffective|p2a: Sinistcha
|-damage|p2a: Sinistcha|22/100
|-unboost|p2a: Sinistcha|spe|1
|move|p1a: Yeah Right|Knock Off|p2a: Sinistcha
|-supereffective|p2a: Sinistcha
|-damage|p2a: Sinistcha|0 fnt
|-enditem|p2a: Sinistcha|Mental Herb|[from] move: Knock Off|[of] p1a: Yeah Right
|faint|p2a: Sinistcha
|
|-damage|p2b: Ursaluna|38/100 brn|[from] brn
|upkeep
|turn|7
|
|t:|1757202206
|move|p1b: Big Fish|Scald|p2b: Ursaluna
|-supereffective|p2b: Ursaluna
|-damage|p2b: Ursaluna|0 fnt
|faint|p2b: Ursaluna
|
|win|is_katabo
|c|☆is_katabo|gg
|l|☆StosMac33
|player|p2|
