|j|☆avaiugg
|j|☆andiom123
|html|avaiuggandiom123    
|uhtml|bestof|Game 1 of a best-of-3
|t:|1785379524
|gametype|doubles
|player|p1|avaiugg|169|1070
|player|p2|andiom123|red|1167
|gen|9
|tier|[Gen 9 Champions] VGC 2026 Reg M-B (Bo3)
|rated|
|rule|Species Clause: Limit one of each Pokémon
|rule|Item Clause: Limit 1 of each item
|clearpoke
|poke|p1|Torkoal, L50, M|
|poke|p1|Typhlosion-Hisui, L50, F|
|poke|p1|Incineroar, L50, M|
|poke|p1|Lopunny, L50, F|
|poke|p1|Vivillon, L50, F|
|poke|p1|Farigiraf, L50, M|
|poke|p2|Incineroar, L50, M|
|poke|p2|Farigiraf, L50, F|
|poke|p2|Sylveon, L50, F|
|poke|p2|Torkoal, L50, M|
|poke|p2|Kangaskhan, L50, F|
|poke|p2|Mudsdale, L50, F|
|teampreview|4
|showteam|p1|Torkoal||Charcoal|Drought|WeatherBall,Eruption,Protect,HeatWave|Quiet||M|||50|]Typhlosion-Hisui||ChoiceScarf|Frisk|Eruption,ShadowBall,Overheat,HeatWave|Timid||F|||50|]Incineroar||SitrusBerry|Intimidate|PartingShot,FakeOut,FlareBlitz,ThroatChop|Adamant||M|||50|]Lopunny||Lopunnite|Limber|AfterYou,CloseCombat,IcePunch,FakeOut|Jolly||F|||50|]Vivillon||FocusSash|CompoundEyes|SleepPowder,Hurricane,Tailwind,RagePowder|Timid||F|||50|]Farigiraf||ColburBerry|ArmorTail|HyperVoice,Psychic,TrickRoom,HelpingHand|Quiet||M|||50|
|showteam|p2|Incineroar||MuscleBand|Intimidate|ThroatChop,FlareBlitz,FakeOut,PartingShot|Brave||M|||50|]Farigiraf||SitrusBerry|ArmorTail|FoulPlay,PsychicNoise,TrickRoom,HelpingHand|Relaxed||F|||50|]Sylveon||FairyFeather|Pixilate|HyperVoice,HyperBeam,Yawn,Detect|Modest||F|||50|]Torkoal||Charcoal|Drought|Eruption,EarthPower,Flamethrower,Protect|Quiet||M|||50|]Kangaskhan||Kangaskhanite|Scrappy|DoubleEdge,FakeOut,IcePunch,HammerArm|Brave||F|||50|]Mudsdale||LifeOrb|InnerFocus|HighHorsepower,Earthquake,RockSlide,HeavySlam|Brave||F|||50|
|
|t:|1785379568
|teamsize|p1|4
|teamsize|p2|4
|start
|switch|p1a: Torkoal|Torkoal, L50, M|100/100
|switch|p1b: Typhlosion|Typhlosion-Hisui, L50, F|100/100
|switch|p2a: Kangaskhan|Kangaskhan, L50, F|100/100
|switch|p2b: Sylveon|Sylveon, L50, F|100/100
|-item|p2a: Kangaskhan|Kangaskhanite|[from] ability: Frisk|[of] p1b: Typhlosion
|-item|p2b: Sylveon|Fairy Feather|[from] ability: Frisk|[of] p1b: Typhlosion
|-weather|SunnyDay|[from] ability: Drought|[of] p1a: Torkoal
|turn|1
|
|t:|1785379583
|switch|p1a: Incineroar|Incineroar, L50, M|100/100
|-ability|p1a: Incineroar|Intimidate|boost
|-fail|p2a: Kangaskhan|unboost|Attack|[from] ability: Scrappy|[of] p2a: Kangaskhan
|-unboost|p2b: Sylveon|atk|1
|move|p2a: Kangaskhan|Fake Out|p1b: Typhlosion
|-damage|p1b: Typhlosion|73/100
|cant|p1b: Typhlosion|flinch
|move|p2b: Sylveon|Hyper Voice|p1b: Typhlosion|[spread] p1a,p1b
|-resisted|p1b: Typhlosion|1
|-damage|p1a: Incineroar|59/100
|-damage|p1b: Typhlosion|45/100
|
|-weather|SunnyDay|[upkeep]
|upkeep
|turn|2
|
|t:|1785379609
|move|p1a: Incineroar|Fake Out|p2b: Sylveon
|-damage|p2b: Sylveon|86/100
|move|p1b: Typhlosion|Overheat|p2a: Kangaskhan
|-damage|p2a: Kangaskhan|10/100
|-unboost|p1b: Typhlosion|spa|2
|move|p2a: Kangaskhan|Double-Edge|p1b: Typhlosion
|-damage|p1b: Typhlosion|0 fnt
|faint|p1b: Typhlosion
|-damage|p2a: Kangaskhan|0 fnt|[from] Recoil
|faint|p2a: Kangaskhan
|cant|p2b: Sylveon|flinch
|
|-weather|SunnyDay|[upkeep]
|upkeep
|
|t:|1785379622
|switch|p1b: Torkoal|Torkoal, L50, M|100/100
|switch|p2a: Mudsdale|Mudsdale, L50, F|100/100
|turn|3
|
|t:|1785379636
|move|p2b: Sylveon|Detect|p2b: Sylveon
|-singleturn|p2b: Sylveon|Protect
|move|p1b: Torkoal|Protect|p1b: Torkoal
|-singleturn|p1b: Torkoal|Protect
|move|p1a: Incineroar|Parting Shot|p2b: Sylveon
|-activate|p2b: Sylveon|move: Protect
|move|p2a: Mudsdale|Earthquake|p1a: Incineroar|[spread] p1a
|-activate|p2b: Sylveon|move: Protect
|-activate|p1b: Torkoal|move: Protect
|-supereffective|p1a: Incineroar|1
|-damage|p1a: Incineroar|0 fnt
|faint|p1a: Incineroar
|-damage|p2a: Mudsdale|90/100|[from] item: Life Orb
|
|-weather|SunnyDay|[upkeep]
|upkeep
|
|t:|1785379638
|switch|p1a: Lopunny|Lopunny, L50, F|100/100
|turn|4
|
|t:|1785379657
|move|p1a: Lopunny|After You|p1b: Torkoal
|-activate|p1b: Torkoal|move: After You
|move|p1b: Torkoal|Eruption|p2b: Sylveon|[spread] p2a,p2b
|-damage|p2a: Mudsdale|10/100
|-damage|p2b: Sylveon|17/100
|move|p2b: Sylveon|Hyper Voice|p1a: Lopunny|[spread] p1a,p1b
|-resisted|p1b: Torkoal|1
|-damage|p1a: Lopunny|40/100
|-damage|p1b: Torkoal|67/100
|move|p2a: Mudsdale|High Horsepower|p1b: Torkoal
|-supereffective|p1b: Torkoal|1
|-damage|p1b: Torkoal|0 fnt
|faint|p1b: Torkoal
|-damage|p2a: Mudsdale|1/100|[from] item: Life Orb
|
|-weather|SunnyDay|[upkeep]
|upkeep
|turn|5
|
|t:|1785379675
|detailschange|p1a: Lopunny|Lopunny-Mega, L50, F
|-mega|p1a: Lopunny|Lopunny|Lopunnite
|move|p1a: Lopunny|Close Combat|p2b: Sylveon
|-resisted|p2b: Sylveon|1
|-damage|p2b: Sylveon|0 fnt
|-unboost|p1a: Lopunny|def|1
|-unboost|p1a: Lopunny|spd|1
|faint|p2b: Sylveon
|move|p2a: Mudsdale|High Horsepower|p1a: Lopunny
|-damage|p1a: Lopunny|0 fnt
|faint|p1a: Lopunny
|-damage|p2a: Mudsdale|0 fnt|[from] item: Life Orb
|faint|p2a: Mudsdale
|
|win|andiom123
|l|☆avaiugg
|player|p1|
||avaiugg is ready for game 2.
||andiom123 is ready for game 2.
|uhtml|next|Next: Game 2 of 3
