|j|☆KoopaPlays
|j|☆whipq
|html|KoopaPlayswhipq    
|uhtml|bestof|Game 1 of a best-of-3
|t:|1783813813
|gametype|doubles
|player|p1|KoopaPlays|hiker|
|player|p2|whipq|2|
|gen|9
|tier|[Gen 9 Champions] VGC 2026 Reg M-B (Bo3)
|rule|Species Clause: Limit one of each Pokémon
|rule|Item Clause: Limit 1 of each item
|clearpoke
|poke|p1|Glimmora, L50, M, shiny|
|poke|p1|Liepard, L50, F, shiny|
|poke|p1|Krookodile, L50, M|
|poke|p1|Rotom-Heat, L50, shiny|
|poke|p1|Corviknight, L50, M, shiny|
|poke|p1|Mawile, L50, F, shiny|
|poke|p2|Simipour, L50, F, shiny|
|poke|p2|Salazzle, L50, F, shiny|
|poke|p2|Sableye, L50, M, shiny|
|poke|p2|Snorlax, L50, M, shiny|
|poke|p2|Chesnaught, L50, F, shiny|
|poke|p2|Aegislash, L50, M, shiny|
|teampreview|4
|showteam|p1|Glimmora||Glimmoranite|ToxicDebris|SludgeBomb,EarthPower,PowerGem,SpikyShield|Modest||M|||50|]Liepard||FocusSash|Prankster|FakeOut,FakeTears,Encore,Taunt|Jolly||F|||50|]Krookodile||LifeOrb|Intimidate|KnockOff,CloseCombat,HighHorsepower,Protect|Adamant||M|||50|]Rotom-Heat||SitrusBerry|Levitate|Overheat,Thunderbolt,Electroweb,VoltSwitch|Modest|||||50|]Corviknight||OccaBerry|Unnerve|BraveBird,Tailwind,IronHead,Protect|Careful||M|||50|]Mawile||Mawilite|HyperCutter|SuckerPunch,PlayRough,IronHead,Protect|Adamant||F|||50|
|showteam|p2|Simipour||SitrusBerry|Gluttony|IcePunch,Liquidation,FlipTurn,FakeOut|Jolly||F|||50|]Salazzle||FocusSash|Oblivious|HeatWave,SludgeWave,Protect,NastyPlot|Timid||F|||50|]Sableye||Sablenite|Prankster|Poltergeist,FakeOut,WillOWisp,DrainPunch|Adamant||M|||50|]Snorlax||Leftovers|ThickFat|BodySlam,IcePunch,Rest,SleepTalk|Adamant||M|||50|]Chesnaught||Chesnaughtite|Bulletproof|WoodHammer,BodyPress,SpikyShield,LeechSeed|Impish||F|||50|]Aegislash||OccaBerry|StanceChange|SacredSword,DestinyBond,KingsShield,Poltergeist|Careful||M|||50|
|
|t:|1783813930
|teamsize|p1|4
|teamsize|p2|4
|start
|switch|p1a: Glimmora|Glimmora, L50, M, shiny|100/100
|switch|p1b: Liepard|Liepard, L50, F, shiny|100/100
|switch|p2a: Aegislash|Aegislash, L50, M, shiny|100/100
|switch|p2b: Salazzle|Salazzle, L50, F, shiny|100/100
|turn|1
|
|t:|1783813989
|switch|p2b: Sableye|Sableye, L50, M, shiny|100/100
|detailschange|p1a: Glimmora|Glimmora-Mega, L50, M, shiny
|-mega|p1a: Glimmora|Glimmora|Glimmoranite
|move|p2a: Aegislash|King's Shield|p2a: Aegislash
|-singleturn|p2a: Aegislash|Protect
|move|p1b: Liepard|Fake Out|p2b: Sableye
|-immune|p2b: Sableye
|move|p1a: Glimmora|Earth Power|p2a: Aegislash
|-activate|p2a: Aegislash|move: Protect
|
|upkeep
|turn|2
|
|t:|1783814053
|detailschange|p2b: Sableye|Sableye-Mega, L50, M, shiny
|-mega|p2b: Sableye|Sableye|Sablenite
|move|p1a: Glimmora|Spiky Shield|p1a: Glimmora
|-singleturn|p1a: Glimmora|move: Protect
|move|p2b: Sableye|Fake Out|p1b: Liepard
|-damage|p1b: Liepard|78/100
|cant|p1b: Liepard|flinch
|-formechange|p2a: Aegislash|Aegislash-Blade|
|move|p2a: Aegislash|Sacred Sword|p1a: Glimmora
|-activate|p1a: Glimmora|move: Protect
|-damage|p2a: Aegislash|88/100|[from] Spiky Shield|[of] p1a: Glimmora
|
|upkeep
|turn|3
|
|t:|1783814090
|switch|p1b: Krookodile|Krookodile, L50, M|100/100
|-ability|p1b: Krookodile|Intimidate|boost
|-unboost|p2a: Aegislash|atk|1
|-unboost|p2b: Sableye|atk|1
|move|p1a: Glimmora|Earth Power|p2b: Sableye
|-damage|p2b: Sableye|64/100
|move|p2a: Aegislash|Destiny Bond|p2a: Aegislash
|-singlemove|p2a: Aegislash|Destiny Bond
|move|p2b: Sableye|Poltergeist|p1a: Glimmora
|-activate|p1a: Glimmora|move: Poltergeist|Glimmoranite
|-damage|p1a: Glimmora|65/100
|
|upkeep
|turn|4
|
|t:|1783814139
|-formechange|p2a: Aegislash|Aegislash|
|move|p2a: Aegislash|King's Shield|p2a: Aegislash
|-singleturn|p2a: Aegislash|Protect
|move|p1a: Glimmora|Power Gem|p2b: Sableye
|-damage|p2b: Sableye|0 fnt
|faint|p2b: Sableye
|move|p1b: Krookodile|Knock Off|p2a: Aegislash
|-activate|p2a: Aegislash|move: Protect
|-unboost|p1b: Krookodile|atk|1
|
|upkeep
|
|t:|1783814154
|switch|p2b: Snorlax|Snorlax, L50, M, shiny|100/100
|turn|5
|
|t:|1783814198
|switch|p1b: Liepard|Liepard, L50, F, shiny|78/100
|move|p1a: Glimmora|Earth Power|p2a: Aegislash
|-supereffective|p2a: Aegislash|1
|-damage|p2a: Aegislash|40/100
|-unboost|p2a: Aegislash|spd|1
|-formechange|p2a: Aegislash|Aegislash-Blade|
|move|p2a: Aegislash|Sacred Sword|p1a: Glimmora
|-damage|p1a: Glimmora|46/100
|move|p2b: Snorlax|Ice Punch|p1b: Liepard
|-damage|p1b: Liepard|32/100
|
|upkeep
|turn|6
|
|t:|1783814239
|move|p1b: Liepard|Fake Tears|p2b: Snorlax
|-unboost|p2b: Snorlax|spd|2
|move|p1a: Glimmora|Power Gem|p2b: Snorlax
|-damage|p2b: Snorlax|22/100
|move|p2a: Aegislash|Destiny Bond|p2a: Aegislash
|-singlemove|p2a: Aegislash|Destiny Bond
|move|p2b: Snorlax|Ice Punch|p1a: Glimmora
|-damage|p1a: Glimmora|18/100
|
|-heal|p2b: Snorlax|28/100|[from] item: Leftovers
|upkeep
|turn|7
|
|t:|1783814275
|move|p1a: Glimmora|Spiky Shield|p1a: Glimmora
|-singleturn|p1a: Glimmora|move: Protect
|-formechange|p2a: Aegislash|Aegislash|
|move|p2a: Aegislash|King's Shield|p2a: Aegislash
|-singleturn|p2a: Aegislash|Protect
|move|p1b: Liepard|Encore|p2a: Aegislash
|-start|p2a: Aegislash|Encore
|move|p2b: Snorlax|Rest|p2b: Snorlax
|-status|p2b: Snorlax|slp|[from] move: Rest
|-heal|p2b: Snorlax|100/100 slp|[silent]
|
|upkeep
|turn|8
|
|t:|1783814299
|move|p2a: Aegislash|King's Shield|p2a: Aegislash
|-singleturn|p2a: Aegislash|Protect
|move|p1b: Liepard|Fake Tears|p2b: Snorlax
|-unboost|p2b: Snorlax|spd|2
|move|p1a: Glimmora|Sludge Bomb|p2b: Snorlax
|-damage|p2b: Snorlax|0 fnt
|faint|p2b: Snorlax
|
|upkeep
|
|t:|1783814306
|switch|p2b: Salazzle|Salazzle, L50, F, shiny|100/100
|turn|9
|j| MonkeyTimeMonke
|c| MonkeyTimeMonke|Snorlax :(
|
|t:|1783814355
|move|p2a: Aegislash|King's Shield||[still]
|-fail|p2a: Aegislash
|move|p1b: Liepard|Taunt|p2a: Aegislash
|-start|p2a: Aegislash|move: Taunt
|move|p2b: Salazzle|Heat Wave|p1a: Glimmora|[spread] p1a,p1b
|-resisted|p1a: Glimmora|1
|-damage|p1a: Glimmora|0 fnt
|-damage|p1b: Liepard|0 fnt
|faint|p1a: Glimmora
|faint|p1b: Liepard
|
|upkeep
|
|t:|1783814362
|switch|p1b: Corviknight|Corviknight, L50, M, shiny|100/100
|switch|p1a: Krookodile|Krookodile, L50, M|100/100
|-ability|p1b: Corviknight|Unnerve
|-ability|p1a: Krookodile|Intimidate|boost
|-unboost|p2a: Aegislash|atk|1
|-fail|p2b: Salazzle|unboost|Attack|[from] ability: Oblivious|[of] p2b: Salazzle
|turn|10
|l| MonkeyTimeMonke
|
|t:|1783814441
|move|p2b: Salazzle|Heat Wave|p1a: Krookodile|[spread] p1a,p1b
|-supereffective|p1b: Corviknight|1
|-enditem|p1b: Corviknight|Occa Berry|[eat]
|-enditem|p1b: Corviknight|Occa Berry|[weaken]
|-damage|p1a: Krookodile|55/100
|-damage|p1b: Corviknight|73/100
|move|p1a: Krookodile|Knock Off|p2b: Salazzle
|-crit|p2b: Salazzle
|-enditem|p2b: Salazzle|Focus Sash
|-damage|p2b: Salazzle|1/100
|-damage|p1a: Krookodile|45/100|[from] item: Life Orb
|move|p1b: Corviknight|Brave Bird|p2b: Salazzle
|-damage|p2b: Salazzle|0 fnt
|faint|p2b: Salazzle
|-damage|p1b: Corviknight|72/100|[from] Recoil
|-activate|p2a: Aegislash|move: Struggle
|-formechange|p2a: Aegislash|Aegislash-Blade|
|move|p2a: Aegislash|Struggle|p1a: Krookodile
|-damage|p1a: Krookodile|35/100
|-damage|p2a: Aegislash|14/100|[from] recoil
|
|-end|p2a: Aegislash|Encore
|upkeep
|turn|11
|
|t:|1783814459
|move|p1a: Krookodile|Knock Off|p2a: Aegislash
|-supereffective|p2a: Aegislash|1
|-damage|p2a: Aegislash|0 fnt
|-enditem|p2a: Aegislash|Occa Berry|[from] move: Knock Off|[of] p1a: Krookodile
|faint|p2a: Aegislash
|-damage|p1a: Krookodile|25/100|[from] item: Life Orb
|
|win|KoopaPlays
||whipq is ready for game 2.
||KoopaPlays is ready for game 2.
|uhtml|next|Next: Game 2 of 3
