|j|☆mackerjuan
|j|☆vgc_eon
|html|mackerjuanvgc_eon    
|uhtml|bestof|Game 2 of a best-of-3
|t:|1756209425
|gametype|doubles
|player|p1|mackerjuan|2|1206
|player|p2|vgc_eon|green|1154
|gen|9
|tier|[Gen 9] VGC 2025 Reg H (Bo3)
|rated|
|rule|Species Clause: Limit one of each Pokémon
|rule|Item Clause: Limit 1 of each item
|clearpoke
|poke|p1|Incineroar, L50, F|
|poke|p1|Gholdengo, L50|
|poke|p1|Porygon2, L50|
|poke|p1|Ursaluna, L50, F|
|poke|p1|Amoonguss, L50, M|
|poke|p1|Hydreigon, L50, F|
|poke|p2|Sneasler, L50, F|
|poke|p2|Dragonite, L50, F|
|poke|p2|Dondozo, L50, M|
|poke|p2|Rillaboom, L50, M|
|poke|p2|Volcarona, L50, F|
|poke|p2|Electabuzz, L50, M|
|teampreview|4
|showteam|p1|Incineroar||SafetyGoggles|Intimidate|FlareBlitz,KnockOff,FakeOut,PartingShot|||F|||50|,,,,,Ghost]Gholdengo||LifeOrb|GoodasGold|MakeItRain,ShadowBall,NastyPlot,Protect||||||50|,,,,,Water]Porygon2||Eviolite|Download|TeraBlast,IceBeam,Recover,TrickRoom||||||50|,,,,,Fighting]Ursaluna||FlameOrb|Guts|Facade,HeadlongRush,Earthquake,Protect|||F|||50|,,,,,Ghost]Amoonguss||SitrusBerry|Regenerator|PollenPuff,Spore,RagePowder,Protect|||M|||50|,,,,,Water]Hydreigon||CovertCloak|Levitate|Taunt,Tailwind,DracoMeteor,Snarl|||F|||50|,,,,,Steel
|showteam|p2|Sneasler||FocusSash|PoisonTouch|FakeOut,DireClaw,CloseCombat,Protect|||F|||50|,,,,,Dark]Dragonite||LoadedDice|Multiscale|ExtremeSpeed,ScaleShot,StompingTantrum,Protect|||F|||50|,,,,,Steel]Dondozo||Leftovers|Unaware|WaveCrash,Yawn,Fissure,Protect|||M|||50|,,,,,Poison]Rillaboom||AssaultVest|GrassySurge|FakeOut,WoodHammer,GrassyGlide,Uturn|||M|||50|,,,,,Fire]Volcarona||CovertCloak|FlameBody|HeatWave,QuiverDance,TeraBlast,Protect|||F|||50|,,,,,Fairy]Electabuzz||Eviolite|VitalSpirit|Thunderbolt,FollowMe,Taunt,Protect|||M|||50|,,,,,Ghost
|inactive|Battle timer is ON: inactive players will automatically lose when time's up. (requested by mackerjuan)
|
|t:|1756209453
|teamsize|p1|4
|teamsize|p2|4
|start
|switch|p1a: Incineroar|Incineroar, L50, F|100/100
|switch|p1b: Gholdengo|Gholdengo, L50|100/100
|switch|p2a: Sneasler|Sneasler, L50, F|100/100
|switch|p2b: Volcarona|Volcarona, L50, F|100/100
|-ability|p1a: Incineroar|Intimidate|boost
|-unboost|p2a: Sneasler|atk|1
|-unboost|p2b: Volcarona|atk|1
|turn|1
|inactive|mackerjuan has 30 seconds left.
|inactive|mackerjuan has 20 seconds left.
|inactive|mackerjuan has 15 seconds left.
|inactive|mackerjuan has 10 seconds left.
|inactive|mackerjuan has 5 seconds left.
|
|t:|1756209506
|-terastallize|p1b: Gholdengo|Water
|move|p2a: Sneasler|Fake Out|p1a: Incineroar
|-damage|p1a: Incineroar|92/100
|-status|p1a: Incineroar|psn|[from] ability: Poison Touch|[of] p2a: Sneasler
|move|p2b: Volcarona|Quiver Dance|p2b: Volcarona
|-boost|p2b: Volcarona|spa|1
|-boost|p2b: Volcarona|spd|1
|-boost|p2b: Volcarona|spe|1
|move|p1b: Gholdengo|Nasty Plot|p1b: Gholdengo
|-boost|p1b: Gholdengo|spa|2
|cant|p1a: Incineroar|flinch
|
|-damage|p1a: Incineroar|80/100 psn|[from] psn
|upkeep
|turn|2
|
|t:|1756209527
|move|p1b: Gholdengo|Protect|p1b: Gholdengo
|-singleturn|p1b: Gholdengo|Protect
|move|p2b: Volcarona|Heat Wave|p1b: Gholdengo|[spread] p1a
|-activate|p1b: Gholdengo|move: Protect
|-resisted|p1a: Incineroar
|-damage|p1a: Incineroar|57/100 psn
|move|p2a: Sneasler|Close Combat|p1a: Incineroar
|-supereffective|p1a: Incineroar
|-damage|p1a: Incineroar|0 fnt
|-unboost|p2a: Sneasler|def|1
|-unboost|p2a: Sneasler|spd|1
|faint|p1a: Incineroar
|
|upkeep
|
|t:|1756209543
|switch|p1a: Porygon2|Porygon2, L50|100/100
|-ability|p1a: Porygon2|Download|boost
|-boost|p1a: Porygon2|atk|1
|turn|3
|
|t:|1756209557
|move|p2b: Volcarona|Heat Wave|p1a: Porygon2|[spread] p1a,p1b
|-crit|p1a: Porygon2
|-resisted|p1b: Gholdengo
|-damage|p1a: Porygon2|47/100
|-damage|p1b: Gholdengo|72/100
|move|p2a: Sneasler|Close Combat|p1a: Porygon2
|-supereffective|p1a: Porygon2
|-damage|p1a: Porygon2|0 fnt
|-unboost|p2a: Sneasler|def|1
|-unboost|p2a: Sneasler|spd|1
|faint|p1a: Porygon2
|move|p1b: Gholdengo|Make It Rain|p2a: Sneasler|[spread] p2a,p2b
|-resisted|p2b: Volcarona
|-enditem|p2a: Sneasler|Focus Sash
|-damage|p2a: Sneasler|1/100
|-damage|p2b: Volcarona|66/100
|-unboost|p1b: Gholdengo|spa|1
|-damage|p1b: Gholdengo|62/100|[from] item: Life Orb
|
|upkeep
|
|t:|1756209573
|switch|p1a: Ursaluna|Ursaluna, L50, F|100/100
|turn|4
|
|t:|1756209596
|move|p1b: Gholdengo|Protect|p1b: Gholdengo
|-singleturn|p1b: Gholdengo|Protect
|move|p2b: Volcarona|Heat Wave|p1b: Gholdengo|[spread] p1a
|-activate|p1b: Gholdengo|move: Protect
|-damage|p1a: Ursaluna|49/100
|move|p2a: Sneasler|Close Combat|p1b: Gholdengo
|-activate|p1b: Gholdengo|move: Protect
|move|p1a: Ursaluna|Earthquake|p2a: Sneasler|[spread] p2a,p2b
|-activate|p1b: Gholdengo|move: Protect
|-supereffective|p2a: Sneasler
|-damage|p2a: Sneasler|0 fnt
|-damage|p2b: Volcarona|11/100
|faint|p2a: Sneasler
|
|-status|p1a: Ursaluna|brn|[from] item: Flame Orb
|upkeep
|
|t:|1756209604
|switch|p2a: Rillaboom|Rillaboom, L50, M|100/100
|-fieldstart|move: Grassy Terrain|[from] ability: Grassy Surge|[of] p2a: Rillaboom
|turn|5
|
|t:|1756209615
|-terastallize|p2b: Volcarona|Fairy
|move|p2a: Rillaboom|Fake Out|p1b: Gholdengo
|-damage|p1b: Gholdengo|48/100
|move|p2b: Volcarona|Tera Blast|p1b: Gholdengo|[anim] Tera Blast Fairy
|-damage|p1b: Gholdengo|0 fnt
|faint|p1b: Gholdengo
|move|p1a: Ursaluna|Facade|p2a: Rillaboom
|-damage|p2a: Rillaboom|0 fnt
|faint|p2a: Rillaboom
|
|-heal|p2b: Volcarona|18/100|[from] Grassy Terrain
|-heal|p1a: Ursaluna|55/100 brn|[from] Grassy Terrain
|-damage|p1a: Ursaluna|49/100 brn|[from] brn
|upkeep
|
|t:|1756209621
|switch|p2a: Dondozo|Dondozo, L50, M|100/100
|turn|6
|
|t:|1756209625
|move|p2b: Volcarona|Tera Blast|p1a: Ursaluna|[anim] Tera Blast Fairy
|-damage|p1a: Ursaluna|0 fnt
|faint|p1a: Ursaluna
|
|win|vgc_eon
