|j|☆Bigboyblue3451
|j|☆slowpoke.jpg
|html|Bigboyblue3451slowpoke.jpg    
|uhtml|bestof|Game 1 of a best-of-3
|t:|1756696465
|gametype|doubles
|player|p1|Bigboyblue3451|102|1342
|player|p2|slowpoke.jpg|fisherman-gen4|1386
|gen|9
|tier|[Gen 9] VGC 2025 Reg H (Bo3)
|rated|
|rule|Species Clause: Limit one of each Pokémon
|rule|Item Clause: Limit 1 of each item
|clearpoke
|poke|p1|Archaludon, L50, F|
|poke|p1|Gholdengo, L50|
|poke|p1|Incineroar, L50, F|
|poke|p1|Pelipper, L50, F|
|poke|p1|Amoonguss, L50, F|
|poke|p1|Dragonite, L50, F|
|poke|p2|Sneasler, L50, M|
|poke|p2|Indeedee, L50, M|
|poke|p2|Volcarona, L50, F|
|poke|p2|Ursaluna-Bloodmoon, L50, M|
|poke|p2|Annihilape, L50, M|
|poke|p2|Tyranitar, L50, M|
|teampreview|4
|showteam|p1|Archaludon||AssaultVest|Stamina|ElectroShot,Snarl,DracoMeteor,BodyPress|||F|||50|,,,,,Bug]Gholdengo||LifeOrb|GoodasGold|MakeItRain,ShadowBall,NastyPlot,Protect||||||50|,,,,,Water]Incineroar||SafetyGoggles|Intimidate|FakeOut,KnockOff,FlareBlitz,PartingShot|||F|||50|,,,,,Ghost]Pelipper||FocusSash|Drizzle|MuddyWater,Hurricane,Tailwind,Protect|||F|||50|,,,,,Stellar]Amoonguss||CovertCloak|Regenerator|Spore,PollenPuff,RagePowder,Protect|||F|||50|,,,,,Psychic]Dragonite||LoadedDice|Multiscale|ScaleShot,Haze,LowKick,Protect|||F|||50|,,,,,Fairy
|showteam|p2|Sneasler||PsychicSeed|Unburden|CloseCombat,DireClaw,ThroatChop,Protect|||M|||50|,,,,,Dark]Indeedee||ChoiceScarf|PsychicSurge|ExpandingForce,TeraBlast,Trick,Protect|||M|||50|,,,,,Psychic]Volcarona||SitrusBerry|FlameBody|Flamethrower,StruggleBug,RagePowder,Tailwind|||F|||50|,,,,,Grass]Ursaluna-Bloodmoon||LifeOrb|MindsEye|BloodMoon,HyperVoice,EarthPower,Protect|||M|||50|,,,,,Normal]Annihilape||SafetyGoggles|Defiant|CloseCombat,RageFist,Taunt,FinalGambit|||M|||50|,,,,,Fairy]Tyranitar||AssaultVest|SandStream|RockSlide,KnockOff,TeraBlast,LowKick|||M|||50|,,,,,Flying
|j| God of restricted
|inactive|Battle timer is ON: inactive players will automatically lose when time's up. (requested by Bigboyblue3451)
|
|t:|1756696536
|teamsize|p1|4
|teamsize|p2|4
|start
|switch|p1a: Gholdengo|Gholdengo, L50|100/100
|switch|p1b: Amoonguss|Amoonguss, L50, F|100/100
|switch|p2a: Annihilape|Annihilape, L50, M|100/100
|switch|p2b: Volcarona|Volcarona, L50, F|100/100
|turn|1
|inactive|Bigboyblue3451 has 30 seconds left.
|inactive|Bigboyblue3451 has 20 seconds left.
|
|t:|1756696572
|move|p1a: Gholdengo|Protect|p1a: Gholdengo
|-singleturn|p1a: Gholdengo|Protect
|move|p2b: Volcarona|Struggle Bug|p1b: Amoonguss|[spread] p1b
|-activate|p1a: Gholdengo|move: Protect
|-damage|p1b: Amoonguss|84/100
|move|p2a: Annihilape|Taunt|p1b: Amoonguss
|-start|p1b: Amoonguss|move: Taunt
|cant|p1b: Amoonguss|move: Taunt|Spore
|
|upkeep
|turn|2
|inactive|Bigboyblue3451 has 30 seconds left.
|
|t:|1756696600
|switch|p1a: Archaludon|Archaludon, L50, F|100/100
|move|p2b: Volcarona|Struggle Bug|p1b: Amoonguss|[spread] p1a,p1b
|-resisted|p1a: Archaludon
|-damage|p1a: Archaludon|94/100
|-damage|p1b: Amoonguss|67/100
|-unboost|p1a: Archaludon|spa|1
|-ability|p1a: Archaludon|Stamina|boost
|-boost|p1a: Archaludon|def|1
|move|p2a: Annihilape|Rage Fist|p1a: Archaludon
|-damage|p1a: Archaludon|84/100
|-ability|p1a: Archaludon|Stamina|boost
|-boost|p1a: Archaludon|def|1
|move|p1b: Amoonguss|Pollen Puff|p1a: Archaludon
|-heal|p1a: Archaludon|100/100
|
|upkeep
|turn|3
|inactive|Bigboyblue3451 has 30 seconds left.
|
|t:|1756696628
|switch|p1b: Pelipper|Pelipper, L50, F|100/100
|-weather|RainDance|[from] ability: Drizzle|[of] p1b: Pelipper
|move|p2b: Volcarona|Flamethrower|p1b: Pelipper
|-resisted|p1b: Pelipper
|-damage|p1b: Pelipper|83/100
|move|p2a: Annihilape|Final Gambit|p1a: Archaludon
|-damage|p1a: Archaludon|0 fnt
|faint|p2a: Annihilape
|faint|p1a: Archaludon
|
|-weather|RainDance|[upkeep]
|upkeep
|
|t:|1756696638
|switch|p2a: Indeedee|Indeedee, L50, M|100/100
|switch|p1a: Amoonguss|Amoonguss, L50, F|100/100
|-fieldstart|move: Psychic Terrain|[from] ability: Psychic Surge|[of] p2a: Indeedee
|turn|4
|
|t:|1756696647
|switch|p2b: Sneasler|Sneasler, L50, M|100/100
|-enditem|p2b: Sneasler|Psychic Seed
|-boost|p2b: Sneasler|spd|1|[from] item: Psychic Seed
|-terastallize|p2a: Indeedee|Psychic
|-terastallize|p1a: Amoonguss|Psychic
|move|p1b: Pelipper|Protect|p1b: Pelipper
|-singleturn|p1b: Pelipper|Protect
|move|p2a: Indeedee|Expanding Force|p1a: Amoonguss|[spread] p1a
|-activate|p1b: Pelipper|move: Protect
|-resisted|p1a: Amoonguss
|-damage|p1a: Amoonguss|70/100
|move|p1a: Amoonguss|Spore|p2a: Indeedee
|-status|p2a: Indeedee|slp|[from] move: Spore
|
|-weather|RainDance|[upkeep]
|upkeep
|turn|5
|
|t:|1756696664
|move|p2b: Sneasler|Dire Claw|p1b: Pelipper
|-damage|p1b: Pelipper|22/100
|cant|p2a: Indeedee|slp
|move|p1b: Pelipper|Tailwind|p1b: Pelipper
|-sidestart|p1: Bigboyblue3451|move: Tailwind
|move|p1a: Amoonguss|Spore|p2b: Sneasler
|-status|p2b: Sneasler|slp|[from] move: Spore
|
|-weather|RainDance|[upkeep]
|upkeep
|turn|6
|
|t:|1756696675
|cant|p2b: Sneasler|slp
|move|p1b: Pelipper|Hurricane|p2b: Sneasler
|-supereffective|p2b: Sneasler
|-damage|p2b: Sneasler|8/100 slp
|cant|p2a: Indeedee|slp
|move|p1a: Amoonguss|Pollen Puff|p1b: Pelipper
|-heal|p1b: Pelipper|72/100
|
|-weather|RainDance|[upkeep]
|upkeep
|turn|7
|
|t:|1756696682
|cant|p2b: Sneasler|slp
|move|p1b: Pelipper|Muddy Water|p2b: Sneasler|[spread] p2b
|-miss|p1b: Pelipper|p2a: Indeedee
|-damage|p2b: Sneasler|0 fnt
|faint|p2b: Sneasler
|cant|p2a: Indeedee|slp
|move|p1a: Amoonguss|Pollen Puff|p2a: Indeedee
|-supereffective|p2a: Indeedee
|-crit|p2a: Indeedee
|-damage|p2a: Indeedee|20/100 slp
|
|-weather|none
|upkeep
|
|t:|1756696685
|switch|p2b: Volcarona|Volcarona, L50, F|100/100
|turn|8
|
|t:|1756696698
|move|p1b: Pelipper|Muddy Water|p2a: Indeedee|[spread] p2a,p2b
|-supereffective|p2b: Volcarona
|-damage|p2a: Indeedee|0 fnt
|-damage|p2b: Volcarona|44/100
|-enditem|p2b: Volcarona|Sitrus Berry|[eat]
|-heal|p2b: Volcarona|69/100|[from] item: Sitrus Berry
|faint|p2a: Indeedee
|move|p2b: Volcarona|Struggle Bug|p1a: Amoonguss|[spread] p1a,p1b
|-supereffective|p1a: Amoonguss
|-resisted|p1b: Pelipper
|-crit|p1b: Pelipper
|-damage|p1a: Amoonguss|41/100
|-damage|p1b: Pelipper|48/100
|-unboost|p1b: Pelipper|spa|1
|move|p1a: Amoonguss|Spore|p2b: Volcarona
|-status|p2b: Volcarona|slp|[from] move: Spore
|
|-sideend|p1: Bigboyblue3451|move: Tailwind
|-fieldend|move: Psychic Terrain
|upkeep
|turn|9
|-message|slowpoke.jpg forfeited.
|
|win|Bigboyblue3451
||slowpoke.jpg is ready for game 2.
||Bigboyblue3451 is ready for game 2.
|uhtml|next|Next: Game 2 of 3
