|j|☆taytayla
|j|☆LastHorzion
|html|taytaylaLastHorzion    
|uhtml|bestof|Game 3 of a best-of-3
|t:|1757127914
|gametype|doubles
|player|p1|taytayla|lady|1286
|player|p2|LastHorzion|steven|1354
|gen|9
|tier|[Gen 9] VGC 2025 Reg H (Bo3)
|rated|
|rule|Species Clause: Limit one of each Pokémon
|rule|Item Clause: Limit 1 of each item
|clearpoke
|poke|p1|Arcanine-Hisui, L50, F|
|poke|p1|Primarina, L50, F|
|poke|p1|Gholdengo, L50|
|poke|p1|Sneasler, L50, F|
|poke|p1|Rillaboom, L50, M|
|poke|p1|Dragonite, L50, M|
|poke|p2|Sneasler, L50, M|
|poke|p2|Indeedee, L50, M|
|poke|p2|Ursaluna-Bloodmoon, L50, M|
|poke|p2|Electabuzz, L50, F|
|poke|p2|Tyranitar, L50, M|
|poke|p2|Dragapult, L50, M|
|teampreview|4
|showteam|p1|Arcanine-Hisui||ClearAmulet|Intimidate|FlareBlitz,RockSlide,Protect,ExtremeSpeed|||F|||50|,,,,,Water]Primarina||ThroatSpray|LiquidVoice|HyperVoice,Protect,Moonblast,IcyWind|||F|||50|,,,,,Steel]Gholdengo||GrassySeed|GoodasGold|MakeItRain,NastyPlot,ShadowBall,Protect||||||50|,,,,,Water]Sneasler||WhiteHerb|Unburden|DireClaw,CloseCombat,Coaching,Protect|||F|||50|,,,,,Ghost]Rillaboom||AssaultVest|GrassySurge|FakeOut,DrumBeating,HighHorsepower,GrassyGlide|||M|||50|,,,,,Fire]Dragonite||LoadedDice|Multiscale|ScaleShot,Protect,StompingTantrum,Tailwind|||M|||50|,,,,,Ground
|showteam|p2|Sneasler||PsychicSeed|Unburden|CloseCombat,DireClaw,ThroatChop,Protect|||M|||50|,,,,,Dark]Indeedee||FocusSash|PsychicSurge|ExpandingForce,TrickRoom,Imprison,Protect|||M|||50|,,,,,Psychic]Ursaluna-Bloodmoon||LifeOrb|MindsEye|BloodMoon,HyperVoice,EarthPower,Protect|||M|||50|,,,,,Normal]Electabuzz||Eviolite|VitalSpirit|Electroweb,FollowMe,Taunt,Protect|||F|||50|,,,,,Dragon]Tyranitar||AssaultVest|SandStream|KnockOff,TeraBlast,RockSlide,LowKick|||M|||50|,,,,,Flying]Dragapult||ChoiceBand|ClearBody|DragonDarts,Uturn,PhantomForce,Outrage|||M|||50|,,,,,Dragon
|inactive|Battle timer is ON: inactive players will automatically lose when time's up. (requested by taytayla)
|inactive|LastHorzion also wants the timer to be on.
|
|t:|1757127943
|teamsize|p1|4
|teamsize|p2|4
|start
|switch|p1a: Dragonite|Dragonite, L50, M|100/100
|switch|p1b: Gholdengo|Gholdengo, L50|100/100
|switch|p2a: Dragapult|Dragapult, L50, M, shiny|100/100
|switch|p2b: Ursaluna|Ursaluna-Bloodmoon, L50, M|100/100
|turn|1
|inactive|taytayla has 30 seconds left.
|inactive|LastHorzion has 30 seconds left.
|
|t:|1757127976
|-terastallize|p2a: Dragapult|Dragon
|move|p2a: Dragapult|Outrage|p1a: Dragonite
|-supereffective|p1a: Dragonite
|-damage|p1a: Dragonite|0 fnt
|faint|p1a: Dragonite
|move|p1b: Gholdengo|Make It Rain|p2a: Dragapult|[spread] p2a,p2b
|-damage|p2a: Dragapult|38/100
|-damage|p2b: Ursaluna|33/100
|-unboost|p1b: Gholdengo|spa|1
|move|p2b: Ursaluna|Blood Moon|p1b: Gholdengo
|-resisted|p1b: Gholdengo
|-damage|p1b: Gholdengo|37/100
|-damage|p2b: Ursaluna|24/100|[from] item: Life Orb
|
|upkeep
|
|t:|1757127991
|switch|p1a: Primarina|Primarina, L50, F|100/100
|turn|2
|
|t:|1757128013
|move|p1b: Gholdengo|Protect|p1b: Gholdengo
|-singleturn|p1b: Gholdengo|Protect
|move|p2b: Ursaluna|Protect|p2b: Ursaluna
|-singleturn|p2b: Ursaluna|Protect
|move|p2a: Dragapult|Outrage|p1a: Primarina|[from] lockedmove
|-immune|p1a: Primarina
|move|p1a: Primarina|Hyper Voice|p2a: Dragapult|[spread] p2a
|-activate|p2b: Ursaluna|move: Protect
|-resisted|p2a: Dragapult
|-damage|p2a: Dragapult|12/100
|-enditem|p1a: Primarina|Throat Spray
|-boost|p1a: Primarina|spa|1|[from] item: Throat Spray
|
|upkeep
|turn|3
|inactive|LastHorzion has 30 seconds left.
|inactive|taytayla has 30 seconds left.
|
|t:|1757128049
|-terastallize|p1a: Primarina|Steel
|move|p2a: Dragapult|Outrage|p1a: Primarina
|-resisted|p1a: Primarina
|-damage|p1a: Primarina|29/100
|move|p1b: Gholdengo|Make It Rain|p2a: Dragapult|[spread] p2a,p2b
|-damage|p2a: Dragapult|0 fnt
|-damage|p2b: Ursaluna|0 fnt
|-unboost|p1b: Gholdengo|spa|1
|faint|p2a: Dragapult
|faint|p2b: Ursaluna
|move|p1a: Primarina|Hyper Voice|p2: Dragapult|[notarget]
|-fail|p1a: Primarina
|
|upkeep
|
|t:|1757128057
|switch|p2a: Indeedee|Indeedee, L50, M|100/100
|switch|p2b: Sneasler|Sneasler, L50, M|100/100
|-fieldstart|move: Psychic Terrain|[from] ability: Psychic Surge|[of] p2a: Indeedee
|-enditem|p2b: Sneasler|Psychic Seed
|-boost|p2b: Sneasler|spd|1|[from] item: Psychic Seed
|turn|4
|inactive|taytayla has 30 seconds left.
|inactive|LastHorzion has 30 seconds left.
|inactive|taytayla has 20 seconds left.
|
|t:|1757128094
|move|p1a: Primarina|Protect|p1a: Primarina
|-singleturn|p1a: Primarina|Protect
|move|p2b: Sneasler|Close Combat|p1a: Primarina
|-activate|p1a: Primarina|move: Protect
|move|p2a: Indeedee|Expanding Force|p1b: Gholdengo|[spread] p1b
|-activate|p1a: Primarina|move: Protect
|-resisted|p1b: Gholdengo
|-damage|p1b: Gholdengo|5/100
|move|p1b: Gholdengo|Nasty Plot|p1b: Gholdengo
|-boost|p1b: Gholdengo|spa|2
|
|upkeep
|turn|5
|
|t:|1757128116
|move|p1b: Gholdengo|Protect|p1b: Gholdengo
|-singleturn|p1b: Gholdengo|Protect
|move|p2b: Sneasler|Throat Chop|p1a: Primarina
|-damage|p1a: Primarina|0 fnt
|faint|p1a: Primarina
|move|p2a: Indeedee|Expanding Force|p1b: Gholdengo
|-activate|p1b: Gholdengo|move: Protect
|
|upkeep
|
|t:|1757128121
|switch|p1a: Sneasler|Sneasler, L50, F|100/100
|turn|6
|inactive|LastHorzion has 30 seconds left.
|
|t:|1757128148
|move|p2b: Sneasler|Throat Chop|p1a: Sneasler
|-resisted|p1a: Sneasler
|-damage|p1a: Sneasler|74/100
|-start|p1a: Sneasler|Throat Chop|[silent]
|move|p1a: Sneasler|Dire Claw|p2a: Indeedee
|-damage|p2a: Indeedee|5/100
|move|p2a: Indeedee|Expanding Force|p1a: Sneasler|[spread] p1a,p1b
|-supereffective|p1a: Sneasler
|-resisted|p1b: Gholdengo
|-damage|p1a: Sneasler|0 fnt
|-damage|p1b: Gholdengo|0 fnt
|faint|p1a: Sneasler
|faint|p1b: Gholdengo
|
|win|LastHorzion
|raw|taytayla's rating: 1286 → 1266(-20 for losing)
|raw|LastHorzion's rating: 1354 → 1370(+16 for winning)
|l|☆taytayla
|player|p1|
