|j|☆joemama1313
|j|☆Aeraster
|html|joemama1313Aeraster    
|uhtml|bestof|Game 2 of a best-of-3
|t:|1756775966
|gametype|doubles
|player|p1|joemama1313|rocketgrunt|
|player|p2|Aeraster|266|
|gen|9
|tier|[Gen 9] VGC 2025 Reg H (Bo3)
|rule|Species Clause: Limit one of each Pokémon
|rule|Item Clause: Limit 1 of each item
|clearpoke
|poke|p1|Armarouge, L50, F|
|poke|p1|Annihilape, L50, M|
|poke|p1|Indeedee-F, L50, F|
|poke|p1|Ursaluna, L50, M|
|poke|p1|Ninetales-Alola, L50, F|
|poke|p1|Maushold-Four, L50|
|poke|p2|Volcarona, L50, F|
|poke|p2|Dondozo, L50, M|
|poke|p2|Tatsugiri, L50, F|
|poke|p2|Whimsicott, L50, F|
|poke|p2|Weezing-Galar, L50, M|
|poke|p2|Amoonguss, L50, F|
|teampreview|4
|showteam|p1|Armarouge||LifeOrb|FlashFire|ClearSmog,ExpandingForce,AuraSphere,Protect|||F|||50|,,,,,Fighting]Annihilape||LumBerry|VitalSpirit|RageFist,DrainPunch,Curse,Protect|||M|||50|,,,,,Flying]Indeedee-F||FocusSash|PsychicSurge|Protect,TrickRoom,FollowMe,Psyshock|||F|||50|,,,,,Fire]Ursaluna||FlameOrb|Guts|HeadlongRush,PlayRough,Facade,Protect|||M|||50|,,,,,Fairy]Ninetales-Alola||AbilityShield|SnowWarning|Blizzard,AuroraVeil,FreezeDry,Encore|||F|||50|,,,,,Water]Maushold-Four||SafetyGoggles|FriendGuard|BeatUp,Encore,Charm,FollowMe||||||50|,,,,,Steel
|showteam|p2|Volcarona||SitrusBerry|FlameBody|FieryDance,TeraBlast,RagePowder,QuiverDance|||F|||50|,,,,,Water]Dondozo||Leftovers|Unaware|WaveCrash,OrderUp,BodyPress,Protect|||M|||50|,,,,,Steel]Tatsugiri||FocusSash|Commander|DracoMeteor,MuddyWater,IcyWind,Protect|||F|||50|,,,,,Stellar]Whimsicott||CovertCloak|Prankster|Moonblast,LightScreen,Taunt,Protect|||F|||50|,,,,,Water]Weezing-Galar||ChoiceSpecs|NeutralizingGas|SludgeBomb,StrangeSteam,DarkPulse,TeraBlast|||M|||50|,,,,,Dark]Amoonguss||RockyHelmet|Regenerator|Spore,FoulPlay,RagePowder,Protect|||F|||50|,,,,,Water
|j| Argo472
|j| adc in 2017
|j| AWailOfATail
|
|t:|1756776228
|teamsize|p1|4
|teamsize|p2|4
|start
|switch|p1a: Indeedees sons mom|Indeedee-F, L50, F|100/100
|switch|p1b: Big Fella|Ursaluna, L50, M|100/100
|switch|p2a: Dondozo|Dondozo, L50, M|100/100
|switch|p2b: Tatsugiri|Tatsugiri, L50, F|100/100
|-fieldstart|move: Psychic Terrain|[from] ability: Psychic Surge|[of] p1a: Indeedees sons mom
|-activate|p2b: Tatsugiri|ability: Commander|[of] p2a: Dondozo
|-boost|p2a: Dondozo|atk|2
|-boost|p2a: Dondozo|spa|2
|-boost|p2a: Dondozo|spe|2
|-boost|p2a: Dondozo|def|2
|-boost|p2a: Dondozo|spd|2
|turn|1
|
|t:|1756776289
|move|p1a: Indeedees sons mom|Protect|p1a: Indeedees sons mom
|-singleturn|p1a: Indeedees sons mom|Protect
|move|p1b: Big Fella|Protect|p1b: Big Fella
|-singleturn|p1b: Big Fella|Protect
|move|p2a: Dondozo|Order Up|p1a: Indeedees sons mom
|-activate|p1a: Indeedees sons mom|move: Protect
|
|-status|p1b: Big Fella|brn|[from] item: Flame Orb
|upkeep
|turn|2
|
|t:|1756776406
|move|p1a: Indeedees sons mom|Follow Me|p1a: Indeedees sons mom
|-singleturn|p1a: Indeedees sons mom|move: Follow Me
|move|p2a: Dondozo|Wave Crash|p1a: Indeedees sons mom
|-enditem|p1a: Indeedees sons mom|Focus Sash
|-damage|p1a: Indeedees sons mom|1/100
|-damage|p2a: Dondozo|75/100|[from] Recoil
|move|p1b: Big Fella|Facade|p2a: Dondozo
|-damage|p2a: Dondozo|41/100
|
|-heal|p2a: Dondozo|47/100|[from] item: Leftovers
|-damage|p1b: Big Fella|95/100 brn|[from] brn
|upkeep
|turn|3
|
|t:|1756776498
|move|p1a: Indeedees sons mom|Follow Me|p1a: Indeedees sons mom
|-singleturn|p1a: Indeedees sons mom|move: Follow Me
|move|p2a: Dondozo|Order Up|p1a: Indeedees sons mom
|-damage|p1a: Indeedees sons mom|0 fnt
|faint|p1a: Indeedees sons mom
|-boost|p2a: Dondozo|atk|1
|move|p1b: Big Fella|Facade|p2a: Dondozo
|-damage|p2a: Dondozo|15/100
|
|-heal|p2a: Dondozo|21/100|[from] item: Leftovers
|-damage|p1b: Big Fella|89/100 brn|[from] brn
|upkeep
|
|t:|1756776527
|switch|p1a: speed mcgee|Ninetales-Alola, L50, F, shiny|100/100
|-weather|Snowscape|[from] ability: Snow Warning|[of] p1a: speed mcgee
|turn|4
|
|t:|1756776620
|-terastallize|p2a: Dondozo|Steel
|move|p1a: speed mcgee|Aurora Veil|p1a: speed mcgee
|-sidestart|p1: joemama1313|move: Aurora Veil
|move|p2a: Dondozo|Wave Crash|p1b: Big Fella
|-supereffective|p1b: Big Fella
|-damage|p1b: Big Fella|0 fnt
|faint|p1b: Big Fella
|-damage|p2a: Dondozo|0 fnt|[from] Recoil
|faint|p2a: Dondozo
|
|-weather|Snowscape|[upkeep]
|upkeep
|
|t:|1756776648
|switch|p2a: Weezing|Weezing-Galar, L50, M|100/100
|switch|p1b: Danny Phantom|Annihilape, L50, M, shiny|100/100
|-ability|p2a: Weezing|Neutralizing Gas
|-block|p1a: speed mcgee|item: Ability Shield
|turn|5
|
|t:|1756776766
|-terastallize|p1a: speed mcgee|Water
|move|p1b: Danny Phantom|Protect|p1b: Danny Phantom
|-singleturn|p1b: Danny Phantom|Protect
|move|p1a: speed mcgee|Blizzard|p2b: Tatsugiri|[spread] p2a,p2b
|-damage|p2a: Weezing|47/100
|-damage|p2b: Tatsugiri|59/100
|move|p2b: Tatsugiri|Draco Meteor|p1b: Danny Phantom
|-activate|p1b: Danny Phantom|move: Protect
|move|p2a: Weezing|Sludge Bomb|p1a: speed mcgee
|-damage|p1a: speed mcgee|57/100
|
|-weather|Snowscape|[upkeep]
|-fieldend|move: Psychic Terrain
|upkeep
|turn|6
|
|t:|1756776904
|-end|p2a: Weezing|ability: Neutralizing Gas
|switch|p2a: Volcarona|Volcarona, L50, F|100/100
|move|p1a: speed mcgee|Blizzard|p2a: Volcarona|[spread] p2a,p2b
|-resisted|p2a: Volcarona
|-damage|p2a: Volcarona|88/100
|-damage|p2b: Tatsugiri|21/100
|move|p2b: Tatsugiri|Draco Meteor|p1a: speed mcgee
|-crit|p1a: speed mcgee
|-damage|p1a: speed mcgee|0 fnt
|-unboost|p2b: Tatsugiri|spa|2
|faint|p1a: speed mcgee
|move|p1b: Danny Phantom|Drain Punch|p2b: Tatsugiri
|-damage|p2b: Tatsugiri|0 fnt
|faint|p2b: Tatsugiri
|
|-weather|Snowscape|[upkeep]
|upkeep
|
|t:|1756776919
|switch|p2b: Weezing|Weezing-Galar, L50, M|47/100
|-ability|p2b: Weezing|Neutralizing Gas
|turn|7
|
|t:|1756776969
|move|p2a: Volcarona|Quiver Dance|p2a: Volcarona
|-boost|p2a: Volcarona|spa|1
|-boost|p2a: Volcarona|spd|1
|-boost|p2a: Volcarona|spe|1
|move|p2b: Weezing|Strange Steam|p1b: Danny Phantom
|-supereffective|p1b: Danny Phantom
|-crit|p1b: Danny Phantom
|-damage|p1b: Danny Phantom|0 fnt
|faint|p1b: Danny Phantom
|
|win|Aeraster
||joemama1313 is ready for game 3.
|inactive|Aeraster has 30 seconds to confirm battle start!
||Aeraster is ready for game 3.
|uhtml|next|Next: Game 3 of 3
|l| AWailOfATail
|l|☆joemama1313
|player|p1|
