|j|☆Picoti
|j|☆natsukivgc
|html|Picotinatsukivgc    
|uhtml|bestof|Game 3 of a best-of-3
|t:|1785466275
|gametype|doubles
|player|p1|Picoti|266|1070
|player|p2|natsukivgc|1|1104
|gen|9
|tier|[Gen 9 Champions] VGC 2026 Reg M-B (Bo3)
|rated|
|rule|Species Clause: Limit one of each Pokémon
|rule|Item Clause: Limit 1 of each item
|clearpoke
|poke|p1|Araquanid, L50, F|
|poke|p1|Farigiraf, L50, M|
|poke|p1|Victreebel, L50, F|
|poke|p1|Avalugg-Hisui, L50, M|
|poke|p1|Camerupt, L50, M|
|poke|p1|Aromatisse, L50, F|
|poke|p2|Charizard, L50, F|
|poke|p2|Sneasler, L50, F|
|poke|p2|Kingambit, L50, M|
|poke|p2|Dragonite, L50, F|
|poke|p2|Floette-Eternal, L50, F|
|poke|p2|Whimsicott, L50, M|
|teampreview|4
|showteam|p1|Araquanid||MysticWater|WaterBubble|WideGuard,Liquidation,LeechLife,Protect|Brave||F|||50|]Farigiraf||SitrusBerry|ArmorTail|TwinBeam,Thunderbolt,TrickRoom,Protect|Calm||M|||50|]Victreebel||Victreebelite|Chlorophyll|StrengthSap,EnergyBall,SludgeBomb,SleepPowder|Mild||F|||50|]Avalugg-Hisui||WideLens|Sturdy|RockSlide,MountainGale,HighHorsepower,Protect|Brave||M|||50|]Camerupt||Cameruptite|MagmaArmor|HeatWave,Protect,AncientPower,EarthPower|Quiet||M|||50|]Aromatisse||Leftovers|AromaVeil|TrickRoom,CalmMind,DrainingKiss,Protect|Relaxed||F|||50|
|showteam|p2|Charizard||CharizarditeY|Blaze|HeatWave,SolarBeam,WeatherBall,Protect|Modest||F|||50|]Sneasler||WhiteHerb|Unburden|CloseCombat,DireClaw,FakeOut,Coaching|Jolly||F|||50|]Kingambit||BlackGlasses|Defiant|KowtowCleave,SuckerPunch,SwordsDance,Protect|Adamant||M|||50|]Dragonite||LifeOrb|InnerFocus|DragonClaw,LowKick,ExtremeSpeed,Protect|Adamant||F|||50|]Floette-Eternal||Floettite|FlowerVeil|Moonblast,DazzlingGleam,LightofRuin,Protect|Modest||F|||50|]Whimsicott||FocusSash|Prankster|Moonblast,Tailwind,Encore,Protect|Timid||M|||50|
|
|t:|1785466296
|teamsize|p1|4
|teamsize|p2|4
|start
|switch|p1a: Farigiraf|Farigiraf, L50, M|100/100
|switch|p1b: Avalugg|Avalugg-Hisui, L50, M|100/100
|switch|p2a: Sneasler|Sneasler, L50, F|100/100
|switch|p2b: Dragonite|Dragonite, L50, F|100/100
|turn|1
|inactive|Battle timer is ON: inactive players will automatically lose when time's up. (requested by Picoti)
|
|t:|1785466330
|move|p2a: Sneasler|Close Combat|p1a: Farigiraf
|-damage|p1a: Farigiraf|47/100
|-unboost|p2a: Sneasler|def|1
|-unboost|p2a: Sneasler|spd|1
|-enditem|p1a: Farigiraf|Sitrus Berry|[eat]
|-heal|p1a: Farigiraf|71/100|[from] item: Sitrus Berry
|-enditem|p2a: Sneasler|White Herb
|-clearnegativeboost|p2a: Sneasler|[silent]
|move|p2b: Dragonite|Dragon Claw|p1a: Farigiraf
|-damage|p1a: Farigiraf|18/100
|-damage|p2b: Dragonite|90/100|[from] item: Life Orb
|move|p1b: Avalugg|Mountain Gale|p2b: Dragonite
|-supereffective|p2b: Dragonite|2
|-damage|p2b: Dragonite|0 fnt
|faint|p2b: Dragonite
|move|p1a: Farigiraf|Trick Room|p1a: Farigiraf
|-fieldstart|move: Trick Room|[of] p1a: Farigiraf
|
|upkeep
|
|t:|1785466345
|switch|p2b: Kingambit|Kingambit, L50, M|100/100
|turn|2
|inactive|natsukivgc has 30 seconds left.
|
|t:|1785466372
|switch|p1a: Camerupt|Camerupt, L50, M|100/100
|switch|p2a: Floette|Floette-Eternal, L50, F|100/100
|move|p1b: Avalugg|High Horsepower|p2a: Floette
|-damage|p2a: Floette|41/100
|move|p2b: Kingambit|Kowtow Cleave|p1a: Camerupt
|-damage|p1a: Camerupt|29/100
|
|upkeep
|turn|3
|
|t:|1785466387
|detailschange|p1a: Camerupt|Camerupt-Mega, L50, M
|-mega|p1a: Camerupt|Camerupt|Cameruptite
|detailschange|p2a: Floette|Floette-Mega, L50, F
|-mega|p2a: Floette|Floette|Floettite
|-ability|p2a: Floette|Fairy Aura
|move|p2b: Kingambit|Protect|p2b: Kingambit
|-singleturn|p2b: Kingambit|Protect
|move|p2a: Floette|Protect|p2a: Floette
|-singleturn|p2a: Floette|Protect
|move|p1a: Camerupt|Heat Wave|p2a: Floette|[spread] 
|-activate|p2a: Floette|move: Protect
|-activate|p2b: Kingambit|move: Protect
|move|p1b: Avalugg|High Horsepower|p2b: Kingambit
|-activate|p2b: Kingambit|move: Protect
|
|upkeep
|turn|4
|inactive|natsukivgc has 30 seconds left.
|inactive|natsukivgc has 20 seconds left.
|inactive|natsukivgc has 15 seconds left.
|inactive|natsukivgc has 10 seconds left.
|
|t:|1785466433
|switch|p1b: Farigiraf|Farigiraf, L50, M|18/100
|switch|p2a: Sneasler|Sneasler, L50, F|100/100
|move|p2b: Kingambit|Sucker Punch||[still]
|cant|p1b: Farigiraf|ability: Armor Tail|Sucker Punch|[of] p2b: Kingambit
|move|p1a: Camerupt|Heat Wave|p2a: Sneasler|[spread] p2a,p2b
|-supereffective|p2b: Kingambit|1
|-damage|p2a: Sneasler|23/100
|-damage|p2b: Kingambit|14/100
|
|upkeep
|turn|5
|inactive|natsukivgc has 30 seconds left.
|
|t:|1785466462
|switch|p1b: Araquanid|Araquanid, L50, F|100/100
|move|p2b: Kingambit|Protect|p2b: Kingambit
|-singleturn|p2b: Kingambit|Protect
|move|p1a: Camerupt|Heat Wave|p2a: Sneasler|[spread] p2a
|-activate|p2b: Kingambit|move: Protect
|-damage|p2a: Sneasler|0 fnt
|faint|p2a: Sneasler
|
|-fieldend|move: Trick Room
|upkeep
|
|t:|1785466471
|switch|p2a: Floette|Floette-Mega, L50, F|41/100
|-ability|p2a: Floette|Fairy Aura
|turn|6
|inactive|natsukivgc has 30 seconds left.
|
|t:|1785466497
|move|p1a: Camerupt|Protect|p1a: Camerupt
|-singleturn|p1a: Camerupt|Protect
|move|p2a: Floette|Light of Ruin|p1b: Araquanid
|-damage|p1b: Araquanid|5/100
|-damage|p2a: Floette|0 fnt|[from] Recoil
|faint|p2a: Floette
|move|p2b: Kingambit|Kowtow Cleave|p1a: Camerupt
|-activate|p1a: Camerupt|move: Protect
|move|p1b: Araquanid|Liquidation|p2b: Kingambit
|-damage|p2b: Kingambit|0 fnt
|faint|p2b: Kingambit
|
|win|Picoti
|raw|Picoti's rating: 1070 → 1102(+32 for winning)
|raw|natsukivgc's rating: 1104 → 1077(-27 for losing)
