|j|☆jngldiff
|j|☆atarka511
|html|jngldiffatarka511    
|uhtml|bestof|Game 1 of a best-of-3
|t:|1756669019
|gametype|doubles
|player|p1|jngldiff|169|1219
|player|p2|atarka511|volkner|1081
|gen|9
|tier|[Gen 9] VGC 2025 Reg H (Bo3)
|rated|
|rule|Species Clause: Limit one of each Pokémon
|rule|Item Clause: Limit 1 of each item
|clearpoke
|poke|p1|Sneasler, L50, M|
|poke|p1|Dragonite, L50, M|
|poke|p1|Rillaboom, L50, M|
|poke|p1|Basculegion, L50, M|
|poke|p1|Volcarona, L50, M|
|poke|p1|Kingambit, L50, M|
|poke|p2|Palafin, L50, M|
|poke|p2|Rillaboom, L50, F|
|poke|p2|Incineroar, L50, M|
|poke|p2|Sneasler, L50, F|
|poke|p2|Annihilape, L50, F|
|poke|p2|Sylveon, L50, M|
|teampreview|4
|showteam|p1|Sneasler||FocusSash|Unburden|CloseCombat,DireClaw,Coaching,Protect|||M|||50|,,,,,Ghost]Dragonite||LoadedDice|Multiscale|ScaleShot,ExtremeSpeed,Haze,Protect|||M|||50|,,,,,Fairy]Rillaboom||MiracleSeed|GrassySurge|WoodHammer,GrassyGlide,Taunt,FakeOut|||M|||50|,,,,,Fire]Basculegion||ChoiceScarf|Adaptability|WaveCrash,FlipTurn,LastRespects,AquaJet|||M|||50|,,,,,Water]Volcarona||CovertCloak|FlameBody|HeatWave,TeraBlast,QuiverDance,Protect|||M|||50|,,,,,Fairy]Kingambit||AssaultVest|Defiant|KowtowCleave,SuckerPunch,IronHead,LowKick|||M|||50|,,,,,Dragon
|showteam|p2|Palafin||MysticWater|ZerotoHero|CloseCombat,FlipTurn,WaveCrash,Protect|||M|||50|,,,,,Grass]Rillaboom||AssaultVest|GrassySurge|FakeOut,Uturn,GrassyGlide,WoodHammer|||F|||50|,,,,,Water]Incineroar||RockyHelmet|Intimidate|FakeOut,FlareBlitz,KnockOff,Uturn|||M|||50|,,,,,Grass]Sneasler||FocusSash|Unburden|CloseCombat,FakeOut,DireClaw,Protect|||F|||50|,,,,,Stellar]Annihilape||Leftovers|Defiant|BulkUp,DrainPunch,Protect,RageFist|||F|||50|,,,,,Grass]Sylveon||GrassySeed|Pixilate|HyperVoice,Moonblast,TeraBlast,Protect|||M|||50|,,,,,Fire
|inactive|Battle timer is ON: inactive players will automatically lose when time's up. (requested by jngldiff)
|inactive|jngldiff has 60 seconds left.
|inactive|atarka511 has 60 seconds left.
|
|t:|1756669074
|teamsize|p1|4
|teamsize|p2|4
|start
|switch|p1a: Kingambit|Kingambit, L50, M|100/100
|switch|p1b: Volcarona|Volcarona, L50, M|100/100
|switch|p2a: Palafin|Palafin, L50, M|100/100
|switch|p2b: Incineroar|Incineroar, L50, M|100/100
|-ability|p2b: Incineroar|Intimidate|boost
|-unboost|p1a: Kingambit|atk|1
|-ability|p1a: Kingambit|Defiant|boost
|-boost|p1a: Kingambit|atk|2
|-unboost|p1b: Volcarona|atk|1
|turn|1
|inactive|jngldiff has 30 seconds left.
|inactive|atarka511 has 30 seconds left.
|inactive|jngldiff has 20 seconds left.
|inactive|jngldiff has 15 seconds left.
|
|t:|1756669116
|switch|p1b: Basculegion|Basculegion, L50, M|100/100
|move|p2b: Incineroar|Fake Out|p1a: Kingambit
|-resisted|p1a: Kingambit
|-damage|p1a: Kingambit|96/100
|move|p2a: Palafin|Flip Turn|p1a: Kingambit
|-damage|p1a: Kingambit|77/100
|
|t:|1756669124
|detailschange|p2a: Palafin|Palafin-Hero, L50, M
|switch|p2a: Sneasler|Sneasler, L50, F|100/100|[from] Flip Turn
|cant|p1a: Kingambit|flinch
|
|upkeep
|turn|2
|inactive|jngldiff has 30 seconds left.
|inactive|atarka511 has 30 seconds left.
|
|t:|1756669157
|-terastallize|p2b: Incineroar|Grass
|-terastallize|p1a: Kingambit|Dragon
|move|p2a: Sneasler|Protect|p2a: Sneasler
|-singleturn|p2a: Sneasler|Protect
|move|p1b: Basculegion|Flip Turn|p2a: Sneasler
|-activate|p2a: Sneasler|move: Protect
|move|p2b: Incineroar|Knock Off|p1b: Basculegion
|-supereffective|p1b: Basculegion
|-damage|p1b: Basculegion|0 fnt
|-enditem|p1b: Basculegion|Choice Scarf|[from] move: Knock Off|[of] p2b: Incineroar
|faint|p1b: Basculegion
|move|p1a: Kingambit|Kowtow Cleave|p2b: Incineroar
|-damage|p2b: Incineroar|35/100
|-damage|p1a: Kingambit|61/100|[from] item: Rocky Helmet|[of] p2b: Incineroar
|
|upkeep
|
|t:|1756669175
|switch|p1b: Sneasler|Sneasler, L50, M|100/100
|turn|3
|
|t:|1756669192
|move|p1b: Sneasler|Dire Claw|p2b: Incineroar
|-supereffective|p2b: Incineroar
|-crit|p2b: Incineroar
|-damage|p2b: Incineroar|0 fnt
|-damage|p1b: Sneasler|84/100|[from] item: Rocky Helmet|[of] p2b: Incineroar
|faint|p2b: Incineroar
|move|p2a: Sneasler|Dire Claw|p1a: Kingambit
|-damage|p1a: Kingambit|27/100
|-status|p1a: Kingambit|par
|move|p1a: Kingambit|Kowtow Cleave|p2a: Sneasler
|-resisted|p2a: Sneasler
|-damage|p2a: Sneasler|38/100
|
|upkeep
|
|t:|1756669205
|switch|p2b: Sylveon|Sylveon, L50, M|100/100
|turn|4
|
|t:|1756669222
|switch|p2a: Palafin|Palafin-Hero, L50, M|100/100
|-activate|p2a: Palafin|ability: Zero to Hero
|move|p2b: Sylveon|Protect|p2b: Sylveon
|-singleturn|p2b: Sylveon|Protect
|move|p1a: Kingambit|Sucker Punch||[still]
|-fail|p1a: Kingambit
|move|p1b: Sneasler|Dire Claw|p2a: Palafin
|-damage|p2a: Palafin|62/100
|
|upkeep
|turn|5
|
|t:|1756669246
|move|p1a: Kingambit|Sucker Punch|p2a: Palafin
|-damage|p2a: Palafin|2/100
|move|p1b: Sneasler|Dire Claw|p2b: Sylveon
|-supereffective|p2b: Sylveon
|-damage|p2b: Sylveon|0 fnt
|faint|p2b: Sylveon
|move|p2a: Palafin|Wave Crash|p1b: Sneasler
|-crit|p1b: Sneasler
|-damage|p1b: Sneasler|0 fnt
|faint|p1b: Sneasler
|-damage|p2a: Palafin|0 fnt|[from] Recoil
|faint|p2a: Palafin
|
|upkeep
|
|t:|1756669255
|switch|p1b: Volcarona|Volcarona, L50, M|100/100
|switch|p2b: Sneasler|Sneasler, L50, F|38/100
|turn|6
|
|t:|1756669263
|cant|p1a: Kingambit|par
|move|p2b: Sneasler|Dire Claw|p1a: Kingambit
|-damage|p1a: Kingambit|0 fnt
|faint|p1a: Kingambit
|move|p1b: Volcarona|Heat Wave|p2b: Sneasler
|-damage|p2b: Sneasler|0 fnt
|faint|p2b: Sneasler
|
|win|jngldiff
||atarka511 is ready for game 2.
|inactive|jngldiff has 30 seconds to confirm battle start!
||jngldiff is ready for game 2.
|uhtml|next|Next: Game 2 of 3
|l|☆atarka511
|player|p2|
