|j|☆Zhang21
|j|☆RagCheese
|html|Zhang21RagCheese    
|uhtml|bestof|Game 1 of a best-of-3
|t:|1757811146
|gametype|doubles
|player|p1|Zhang21|170|1114
|player|p2|RagCheese|bellelba|1073
|gen|9
|tier|[Gen 9] VGC 2025 Reg H (Bo3)
|rated|
|rule|Species Clause: Limit one of each Pokémon
|rule|Item Clause: Limit 1 of each item
|clearpoke
|poke|p1|Ninetales-Alola, L50, M|
|poke|p1|Frosmoth, L50, F|
|poke|p1|Incineroar, L50, F|
|poke|p1|Rillaboom, L50, M|
|poke|p1|Palafin, L50, M|
|poke|p1|Sneasler, L50, F|
|poke|p2|Tyranitar, L50, M|
|poke|p2|Gholdengo, L50|
|poke|p2|Salamence, L50, M|
|poke|p2|Gallade, L50, M|
|poke|p2|Whimsicott, L50, M|
|poke|p2|Clefairy, L50, M|
|teampreview|4
|showteam|p1|Ninetales-Alola||CovertCloak|SnowWarning|Blizzard,Moonblast,AuroraVeil,Protect|||M|||50|,,,,,Water]Frosmoth||MentalHerb|IceScales|IceBeam,GigaDrain,QuiverDance,Protect|||F|||50|,,,,,Ice]Incineroar||SafetyGoggles|Intimidate|FakeOut,FlareBlitz,KnockOff,PartingShot|||F|||50|,,,,,Ghost]Rillaboom||AssaultVest|GrassySurge|FakeOut,WoodHammer,HighHorsepower,Uturn|||M|||50|,,,,,Fire]Palafin||ClearAmulet|ZerotoHero|WaveCrash,JetPunch,FlipTurn,Protect|||M|||50|,,,,,Water]Sneasler||GrassySeed|Unburden|DireClaw,CloseCombat,Acrobatics,Protect|||F|||50|,,,,,Flying
|showteam|p2|Tyranitar||ClearAmulet|SandStream|Protect,DragonDance,KnockOff,RockSlide|||M|||50|,,,,,Ghost]Gholdengo||AirBalloon|GoodasGold|Protect,NastyPlot,MakeItRain,ShadowBall||||||50|,,,,,Steel]Salamence||LifeOrb|Intimidate|Protect,Earthquake,Tailwind,DracoMeteor|||M|||50|,,,,,Ground]Gallade||ChoiceScarf|Sharpness|SacredSword,IcyWind,PsychoCut,Coaching|||M|||50|,,,,,Ghost]Whimsicott||CovertCloak|Prankster|LightScreen,Tailwind,Moonblast,Encore|||M|||50|,,,,,Dark]Clefairy||Eviolite|FriendGuard|FollowMe,AfterYou,HelpingHand,Protect|||M|||50|,,,,,Fairy
|
|t:|1757811191
|teamsize|p1|4
|teamsize|p2|4
|start
|switch|p1a: Palafin|Palafin, L50, M|100/100
|switch|p1b: Frosmoth|Frosmoth, L50, F|100/100
|switch|p2a: Tyranitar|Tyranitar, L50, M|100/100
|switch|p2b: Whimsicott|Whimsicott, L50, M|100/100
|-weather|Sandstorm|[from] ability: Sand Stream|[of] p2a: Tyranitar
|turn|1
|inactive|Battle timer is ON: inactive players will automatically lose when time's up. (requested by Zhang21)
|
|t:|1757811274
|-terastallize|p2a: Tyranitar|Ghost
|move|p1b: Frosmoth|Protect|p1b: Frosmoth
|-singleturn|p1b: Frosmoth|Protect
|move|p2b: Whimsicott|Light Screen|p2b: Whimsicott
|-sidestart|p2: RagCheese|move: Light Screen
|move|p1a: Palafin|Flip Turn|p2a: Tyranitar
|-damage|p2a: Tyranitar|83/100
|
|t:|1757811287
|detailschange|p1a: Palafin|Palafin-Hero, L50, M
|switch|p1a: Rillaboom|Rillaboom, L50, M|100/100|[from] Flip Turn
|-fieldstart|move: Grassy Terrain|[from] ability: Grassy Surge|[of] p1a: Rillaboom
|move|p2a: Tyranitar|Dragon Dance|p2a: Tyranitar
|-boost|p2a: Tyranitar|atk|1
|-boost|p2a: Tyranitar|spe|1
|
|-weather|Sandstorm|[upkeep]
|-damage|p2b: Whimsicott|95/100|[from] Sandstorm
|-damage|p2a: Tyranitar|77/100|[from] Sandstorm
|-damage|p1a: Rillaboom|95/100|[from] Sandstorm
|-damage|p1b: Frosmoth|94/100|[from] Sandstorm
|-heal|p2b: Whimsicott|100/100|[from] Grassy Terrain
|-heal|p2a: Tyranitar|83/100|[from] Grassy Terrain
|-heal|p1a: Rillaboom|100/100|[from] Grassy Terrain
|-heal|p1b: Frosmoth|100/100|[from] Grassy Terrain
|upkeep
|turn|2
|inactive|RagCheese has 30 seconds left.
|inactive|RagCheese has 20 seconds left.
|inactive|RagCheese has 15 seconds left.
|inactive|RagCheese has 10 seconds left.
|inactive|RagCheese has 5 seconds left.
|
|t:|1757811341
|switch|p1b: Palafin|Palafin-Hero, L50, M|100/100
|-activate|p1b: Palafin|ability: Zero to Hero
|move|p2b: Whimsicott|Tailwind|p2b: Whimsicott
|-sidestart|p2: RagCheese|move: Tailwind
|move|p2a: Tyranitar|Knock Off|p1a: Rillaboom
|-damage|p1a: Rillaboom|22/100
|-enditem|p1a: Rillaboom|Assault Vest|[from] move: Knock Off|[of] p2a: Tyranitar
|move|p1a: Rillaboom|Wood Hammer|p2a: Tyranitar
|-damage|p2a: Tyranitar|26/100
|-damage|p1a: Rillaboom|3/100|[from] Recoil
|
|-weather|Sandstorm|[upkeep]
|-damage|p2b: Whimsicott|95/100|[from] Sandstorm
|-damage|p2a: Tyranitar|20/100|[from] Sandstorm
|-damage|p1b: Palafin|95/100|[from] Sandstorm
|-damage|p1a: Rillaboom|0 fnt|[from] Sandstorm
|faint|p1a: Rillaboom
|-heal|p2b: Whimsicott|100/100|[from] Grassy Terrain
|-heal|p2a: Tyranitar|26/100|[from] Grassy Terrain
|-heal|p1b: Palafin|100/100|[from] Grassy Terrain
|upkeep
|
|t:|1757811359
|switch|p1a: Frosmoth|Frosmoth, L50, F|100/100
|turn|3
|
|t:|1757811379
|-terastallize|p1b: Palafin|Water
|move|p1b: Palafin|Jet Punch|p2a: Tyranitar
|-damage|p2a: Tyranitar|0 fnt
|faint|p2a: Tyranitar
|move|p2b: Whimsicott|Moonblast|p1b: Palafin
|-damage|p1b: Palafin|69/100
|move|p1a: Frosmoth|Quiver Dance|p1a: Frosmoth
|-boost|p1a: Frosmoth|spa|1
|-boost|p1a: Frosmoth|spd|1
|-boost|p1a: Frosmoth|spe|1
|
|-weather|Sandstorm|[upkeep]
|-damage|p2b: Whimsicott|95/100|[from] Sandstorm
|-damage|p1b: Palafin|63/100|[from] Sandstorm
|-damage|p1a: Frosmoth|94/100|[from] Sandstorm
|-heal|p2b: Whimsicott|100/100|[from] Grassy Terrain
|-heal|p1b: Palafin|69/100|[from] Grassy Terrain
|-heal|p1a: Frosmoth|100/100|[from] Grassy Terrain
|upkeep
|inactive|RagCheese has 30 seconds left.
|inactive|RagCheese has 20 seconds left.
|inactive|RagCheese has 15 seconds left.
|inactive|RagCheese has 10 seconds left.
|
|t:|1757811425
|switch|p2a: Gholdengo|Gholdengo, L50|100/100
|-item|p2a: Gholdengo|Air Balloon
|turn|4
|
|t:|1757811441
|move|p1a: Frosmoth|Protect|p1a: Frosmoth
|-singleturn|p1a: Frosmoth|Protect
|move|p2a: Gholdengo|Make It Rain|p1b: Palafin|[spread] p1b
|-activate|p1a: Frosmoth|move: Protect
|-resisted|p1b: Palafin
|-damage|p1b: Palafin|41/100
|-unboost|p2a: Gholdengo|spa|1
|move|p2b: Whimsicott|Moonblast|p1b: Palafin
|-damage|p1b: Palafin|8/100
|move|p1b: Palafin|Wave Crash|p2a: Gholdengo
|-damage|p2a: Gholdengo|0 fnt
|-enditem|p2a: Gholdengo|Air Balloon
|faint|p2a: Gholdengo
|-damage|p1b: Palafin|0 fnt|[from] Recoil
|faint|p1b: Palafin
|
|-weather|Sandstorm|[upkeep]
|-damage|p2b: Whimsicott|95/100|[from] Sandstorm
|-damage|p1a: Frosmoth|94/100|[from] Sandstorm
|-heal|p2b: Whimsicott|100/100|[from] Grassy Terrain
|-heal|p1a: Frosmoth|100/100|[from] Grassy Terrain
|upkeep
|
|t:|1757811464
|switch|p1b: Ninetales|Ninetales-Alola, L50, M|100/100
|switch|p2a: Salamence|Salamence, L50, M|100/100
|-ability|p2a: Salamence|Intimidate|boost
|-unboost|p1a: Frosmoth|atk|1
|-unboost|p1b: Ninetales|atk|1
|-weather|Snowscape|[from] ability: Snow Warning|[of] p1b: Ninetales
|turn|5
|inactive|RagCheese has 30 seconds left.
|inactive|RagCheese has 20 seconds left.
|inactive|RagCheese has 15 seconds left.
|inactive|RagCheese has 10 seconds left.
|inactive|RagCheese has 5 seconds left.
|
|t:|1757811517
|move|p2b: Whimsicott|Moonblast|p1a: Frosmoth
|-damage|p1a: Frosmoth|91/100
|-unboost|p1a: Frosmoth|spa|1
|move|p2a: Salamence|Earthquake|p1a: Frosmoth|[spread] p2b,p1a,p1b
|-resisted|p2b: Whimsicott
|-resisted|p1a: Frosmoth
|-damage|p2b: Whimsicott|91/100
|-damage|p1a: Frosmoth|84/100
|-damage|p1b: Ninetales|85/100
|-damage|p2a: Salamence|91/100|[from] item: Life Orb
|move|p1b: Ninetales|Blizzard|p2a: Salamence|[spread] p2a,p2b
|-supereffective|p2a: Salamence
|-supereffective|p2b: Whimsicott
|-damage|p2a: Salamence|15/100
|-damage|p2b: Whimsicott|53/100
|move|p1a: Frosmoth|Ice Beam|p2b: Whimsicott
|-supereffective|p2b: Whimsicott
|-damage|p2b: Whimsicott|0 fnt
|faint|p2b: Whimsicott
|
|-weather|Snowscape|[upkeep]
|-heal|p1b: Ninetales|91/100|[from] Grassy Terrain
|-heal|p1a: Frosmoth|90/100|[from] Grassy Terrain
|-sideend|p2: RagCheese|move: Light Screen
|-sideend|p2: RagCheese|move: Tailwind
|-fieldend|move: Grassy Terrain
|upkeep
|turn|6
|-message|RagCheese forfeited.
|
|win|Zhang21
||RagCheese is ready for game 2.
||Zhang21 is ready for game 2.
|uhtml|next|Next: Game 2 of 3
