|j|☆angelbee21
|j|☆Cecho8
|html|angelbee21Cecho8    
|uhtml|bestof|Game 1 of a best-of-3
|t:|1757196109
|gametype|doubles
|player|p1|angelbee21|lenora|1238
|player|p2|Cecho8|shadowtriad|1244
|gen|9
|tier|[Gen 9] VGC 2025 Reg H (Bo3)
|rated|
|rule|Species Clause: Limit one of each Pokémon
|rule|Item Clause: Limit 1 of each item
|clearpoke
|poke|p1|Flamigo, L50, M|
|poke|p1|Garchomp, L50, F|
|poke|p1|Kingambit, L50, M|
|poke|p1|Typhlosion-Hisui, L50, F|
|poke|p1|Ninetales-Alola, L50, M|
|poke|p1|Rillaboom, L50, F|
|poke|p2|Rillaboom, L50, M|
|poke|p2|Ceruledge, L50, F|
|poke|p2|Ninetales-Alola, L50, M|
|poke|p2|Annihilape, L50, F|
|poke|p2|Electabuzz, L50, F|
|poke|p2|Ursaluna-Bloodmoon, L50, M|
|teampreview|4
|showteam|p1|Flamigo||FocusSash|Scrappy|CloseCombat,DualWingbeat,WideGuard,Protect|||M|||50|,,,,,Stellar]Garchomp||LifeOrb|RoughSkin|DragonClaw,StompingTantrum,PoisonJab,Protect|||F|||50|,,,,,Poison]Kingambit||BlackGlasses|Defiant|KowtowCleave,SuckerPunch,IronHead,Protect|||M|||50|,,,,,Dark]Typhlosion-Hisui||ChoiceScarf|Blaze|Eruption,ShadowBall,HeatWave,Overheat|||F|||50|,,,,,Fire]Ninetales-Alola||LightClay|SnowWarning|AuroraVeil,FreezeDry,Moonblast,Protect|||M|||50|,,,,,Water]Rillaboom||AssaultVest|GrassySurge|DrumBeating,FakeOut,GrassyGlide,HighHorsepower|||F|||50|,,,,,Fire
|showteam|p2|Rillaboom||AssaultVest|GrassySurge|FakeOut,GrassyGlide,WoodHammer,Uturn|||M|||50|,,,,,Fire]Ceruledge||GrassySeed|FlashFire|BitterBlade,ShadowSneak,SwordsDance,Protect|||F|||50|,,,,,Bug]Ninetales-Alola||FocusSash|SnowWarning|IcyWind,Blizzard,Encore,Protect|||M|||50|,,,,,Ghost]Annihilape||SafetyGoggles|Defiant|FinalGambit,CloseCombat,Coaching,RageFist|||F|||50|,,,,,Fire]Electabuzz||Eviolite|VitalSpirit|FollowMe,Taunt,Electroweb,Protect|||F|||50|,,,,,Ghost]Ursaluna-Bloodmoon||LifeOrb|MindsEye|BloodMoon,HyperVoice,EarthPower,Protect|||M|||50|,,,,,Ghost
|inactive|Battle timer is ON: inactive players will automatically lose when time's up. (requested by angelbee21)
|inactive|Cecho8 has 60 seconds left.
|inactive|Cecho8 has 30 seconds left.
|inactive|Cecho8 has 20 seconds left.
|inactive|Cecho8 has 15 seconds left.
|inactive|Cecho8 has 10 seconds left.
|inactive|Cecho8 has 5 seconds left.
|
|t:|1757196199
|teamsize|p1|4
|teamsize|p2|4
|start
|switch|p1a: dat ice dawg|Ninetales-Alola, L50, M|100/100
|switch|p1b: MONKEY!!|Rillaboom, L50, F|100/100
|switch|p2a: Ceruledge|Ceruledge, L50, F|100/100
|switch|p2b: Annihilape|Annihilape, L50, F|100/100
|-weather|Snowscape|[from] ability: Snow Warning|[of] p1a: dat ice dawg
|-fieldstart|move: Grassy Terrain|[from] ability: Grassy Surge|[of] p1b: MONKEY!!
|-enditem|p2a: Ceruledge|Grassy Seed
|-boost|p2a: Ceruledge|def|1|[from] item: Grassy Seed
|turn|1
|inactive|angelbee21 has 30 seconds left.
|inactive|Cecho8 has 30 seconds left.
|
|t:|1757196232
|move|p1a: dat ice dawg|Aurora Veil|p1a: dat ice dawg
|-sidestart|p1: angelbee21|move: Aurora Veil
|move|p2b: Annihilape|Coaching|p2a: Ceruledge
|-boost|p2a: Ceruledge|atk|1
|-boost|p2a: Ceruledge|def|1
|move|p2a: Ceruledge|Bitter Blade|p1b: MONKEY!!
|-supereffective|p1b: MONKEY!!
|-damage|p1b: MONKEY!!|25/100
|move|p1b: MONKEY!!|Drum Beating|p2b: Annihilape
|-damage|p2b: Annihilape|53/100
|-unboost|p2b: Annihilape|spe|1
|-ability|p2b: Annihilape|Defiant|boost
|-boost|p2b: Annihilape|atk|2
|
|-weather|Snowscape|[upkeep]
|-heal|p1b: MONKEY!!|31/100|[from] Grassy Terrain
|-heal|p2b: Annihilape|59/100|[from] Grassy Terrain
|upkeep
|turn|2
|
|t:|1757196255
|move|p1a: dat ice dawg|Moonblast|p2b: Annihilape
|-supereffective|p2b: Annihilape
|-damage|p2b: Annihilape|4/100
|move|p2a: Ceruledge|Bitter Blade|p1a: dat ice dawg
|-supereffective|p1a: dat ice dawg
|-damage|p1a: dat ice dawg|29/100
|move|p1b: MONKEY!!|High Horsepower|p2a: Ceruledge
|-supereffective|p2a: Ceruledge
|-crit|p2a: Ceruledge
|-damage|p2a: Ceruledge|0 fnt
|faint|p2a: Ceruledge
|move|p2b: Annihilape|Rage Fist|p1b: MONKEY!!
|-damage|p1b: MONKEY!!|0 fnt
|faint|p1b: MONKEY!!
|
|-weather|Snowscape|[upkeep]
|-heal|p1a: dat ice dawg|35/100|[from] Grassy Terrain
|-heal|p2b: Annihilape|10/100|[from] Grassy Terrain
|upkeep
|
|t:|1757196273
|switch|p2a: Ninetales|Ninetales-Alola, L50, M|100/100
|switch|p1b: Biffpipp|Typhlosion-Hisui, L50, F|100/100
|turn|3
|
|t:|1757196293
|-terastallize|p1b: Biffpipp|Fire
|move|p2a: Ninetales|Protect|p2a: Ninetales
|-singleturn|p2a: Ninetales|Protect
|move|p1b: Biffpipp|Eruption|p2a: Ninetales|[spread] p2b
|-activate|p2a: Ninetales|move: Protect
|-damage|p2b: Annihilape|0 fnt
|faint|p2b: Annihilape
|move|p1a: dat ice dawg|Moonblast|p2a: Ninetales
|-activate|p2a: Ninetales|move: Protect
|
|-weather|Snowscape|[upkeep]
|-heal|p1a: dat ice dawg|41/100|[from] Grassy Terrain
|upkeep
|
|t:|1757196294
|switch|p2b: Rillaboom|Rillaboom, L50, M|100/100
|turn|4
|
|t:|1757196307
|switch|p1b: AMIGOSSS|Flamigo, L50, M|100/100
|-terastallize|p2b: Rillaboom|Fire
|move|p1a: dat ice dawg|Protect|p1a: dat ice dawg
|-singleturn|p1a: dat ice dawg|Protect
|move|p2b: Rillaboom|Fake Out|p1b: AMIGOSSS
|-damage|p1b: AMIGOSSS|87/100
|move|p2a: Ninetales|Icy Wind|p1a: dat ice dawg|[spread] p1b
|-activate|p1a: dat ice dawg|move: Protect
|-supereffective|p1b: AMIGOSSS
|-damage|p1b: AMIGOSSS|52/100
|-unboost|p1b: AMIGOSSS|spe|1
|
|-weather|Snowscape|[upkeep]
|-heal|p1a: dat ice dawg|47/100|[from] Grassy Terrain
|upkeep
|turn|5
|
|t:|1757196331
|move|p1b: AMIGOSSS|Wide Guard|p1b: AMIGOSSS
|-singleturn|p1b: AMIGOSSS|Wide Guard
|move|p2b: Rillaboom|Grassy Glide|p1a: dat ice dawg
|-damage|p1a: dat ice dawg|27/100
|move|p2a: Ninetales|Blizzard|p1a: dat ice dawg|[spread] 
|-activate|p1a: dat ice dawg|move: Wide Guard
|-activate|p1b: AMIGOSSS|move: Wide Guard
|move|p1a: dat ice dawg|Moonblast|p2a: Ninetales
|-damage|p2a: Ninetales|60/100
|-unboost|p2a: Ninetales|spa|1
|
|-weather|none
|-heal|p2a: Ninetales|66/100|[from] Grassy Terrain
|-heal|p1a: dat ice dawg|33/100|[from] Grassy Terrain
|-fieldend|move: Grassy Terrain
|upkeep
|turn|6
|
|t:|1757196348
|move|p2a: Ninetales|Encore|p1b: AMIGOSSS
|-start|p1b: AMIGOSSS|Encore
|move|p1a: dat ice dawg|Moonblast|p2a: Ninetales
|-damage|p2a: Ninetales|27/100
|move|p2b: Rillaboom|Wood Hammer|p1a: dat ice dawg
|-damage|p1a: dat ice dawg|0 fnt
|faint|p1a: dat ice dawg
|-damage|p2b: Rillaboom|92/100|[from] Recoil
|move|p1b: AMIGOSSS|Wide Guard||[still]
|-fail|p1b: AMIGOSSS
|
|upkeep
|
|t:|1757196352
|switch|p1a: Biffpipp|Typhlosion-Hisui, L50, F, tera:Fire|100/100
|turn|7
|
|t:|1757196373
|move|p2a: Ninetales|Protect|p2a: Ninetales
|-singleturn|p2a: Ninetales|Protect
|move|p1b: AMIGOSSS|Wide Guard|p1b: AMIGOSSS
|-singleturn|p1b: AMIGOSSS|Wide Guard
|move|p1a: Biffpipp|Eruption|p2b: Rillaboom|[spread] p2b
|-activate|p2a: Ninetales|move: Protect
|-resisted|p2b: Rillaboom
|-damage|p2b: Rillaboom|62/100
|move|p2b: Rillaboom|Wood Hammer|p1a: Biffpipp
|-resisted|p1a: Biffpipp
|-damage|p1a: Biffpipp|70/100
|-damage|p2b: Rillaboom|54/100|[from] Recoil
|
|upkeep
|turn|8
|
|t:|1757196394
|move|p2a: Ninetales|Protect|p2a: Ninetales
|-singleturn|p2a: Ninetales|Protect
|move|p1b: AMIGOSSS|Wide Guard|p1b: AMIGOSSS
|-singleturn|p1b: AMIGOSSS|Wide Guard
|move|p1a: Biffpipp|Eruption|p2a: Ninetales|[spread] p2b
|-activate|p2a: Ninetales|move: Protect
|-resisted|p2b: Rillaboom
|-damage|p2b: Rillaboom|36/100
|move|p2b: Rillaboom|U-turn|p1a: Biffpipp
|-resisted|p1a: Biffpipp
|-damage|p1a: Biffpipp|57/100
|
|-end|p1b: AMIGOSSS|Encore
|-sideend|p1: angelbee21|move: Aurora Veil
|upkeep
|turn|9
|
|t:|1757196416
|move|p1a: Biffpipp|Eruption|p2b: Rillaboom|[spread] p2a,p2b
|-supereffective|p2a: Ninetales
|-resisted|p2b: Rillaboom
|-damage|p2a: Ninetales|0 fnt
|-damage|p2b: Rillaboom|20/100
|faint|p2a: Ninetales
|move|p2b: Rillaboom|Wood Hammer|p1a: Biffpipp
|-resisted|p1a: Biffpipp
|-damage|p1a: Biffpipp|11/100
|-damage|p2b: Rillaboom|9/100|[from] Recoil
|move|p1b: AMIGOSSS|Close Combat|p2b: Rillaboom
|-damage|p2b: Rillaboom|0 fnt
|-unboost|p1b: AMIGOSSS|def|1
|-unboost|p1b: AMIGOSSS|spd|1
|faint|p2b: Rillaboom
|
|win|angelbee21
||Cecho8 is ready for game 2.
||angelbee21 is ready for game 2.
|uhtml|next|Next: Game 2 of 3
