|j|☆elpibevgc
|j|☆lanagram
|html|elpibevgclanagram    
|uhtml|bestof|Game 1 of a best-of-3
|t:|1785614748
|gametype|doubles
|player|p1|elpibevgc|lucas|1104
|player|p2|lanagram|102|1155
|gen|9
|tier|[Gen 9 Champions] VGC 2026 Reg M-B (Bo3)
|rated|
|rule|Species Clause: Limit one of each Pokémon
|rule|Item Clause: Limit 1 of each item
|clearpoke
|poke|p1|Gengar, L50, M|
|poke|p1|Incineroar, L50, M|
|poke|p1|Politoed, L50, F|
|poke|p1|Archaludon, L50, M|
|poke|p1|Vivillon-Jungle, L50, F|
|poke|p1|Swampert, L50, M|
|poke|p2|Gengar, L50, M|
|poke|p2|Grimmsnarl, L50, M|
|poke|p2|Hawlucha, L50, F|
|poke|p2|Snorlax, L50, M|
|poke|p2|Ditto, L50|
|poke|p2|Hydreigon, L50, F|
|teampreview|4
|showteam|p1|Gengar||Gengarite|CursedBody|ShadowBall,PerishSong,SludgeBomb,Protect|Modest||M|||50|]Incineroar||PasshoBerry|Intimidate|ThroatChop,PartingShot,FakeOut,Protect|Impish||M|||50|]Politoed||SitrusBerry|Drizzle|WeatherBall,PerishSong,Encore,Protect|Calm||F|||50|]Archaludon||Leftovers|Stamina|DragonPulse,FlashCannon,ElectroShot,Protect|Bold||M|||50|]Vivillon-Jungle||FocusSash|CompoundEyes|Hurricane,SleepPowder,RagePowder,Protect|Timid||F|||50|]Swampert||Swampertite|Torrent|WaveCrash,Earthquake,IcePunch,Protect|Adamant||M|||50|
|showteam|p2|Gengar||Gengarite|CursedBody|ShadowBall,SludgeBomb,PerishSong,Protect|Timid||M|||50|]Grimmsnarl||RoseliBerry|Prankster|FakeOut,Superpower,PartingShot,ThroatChop|Adamant||M|||50|]Hawlucha||Hawluchanite|Limber|CrossChop,Entrainment,DualWingbeat,Protect|Jolly||F|||50|]Snorlax||Leftovers|ThickFat|Fissure,Stockpile,BodyPress,Protect|Bold||M|||50|]Ditto||ChoiceScarf|Imposter|Transform|Bold|||||50|]Hydreigon||LifeOrb|Levitate|DracoMeteor,Snarl,Uturn,Protect|Timid||F|||50|
|
|t:|1785614855
|teamsize|p1|4
|teamsize|p2|4
|start
|switch|p1a: Politoed|Politoed, L50, F|100/100
|switch|p1b: Archaludon|Archaludon, L50, M|100/100
|switch|p2a: Grimmsnarl|Grimmsnarl, L50, M|100/100
|switch|p2b: Hydreigon|Hydreigon, L50, F|100/100
|-weather|RainDance|[from] ability: Drizzle|[of] p1a: Politoed
|turn|1
|
|t:|1785614893
|move|p1b: Archaludon|Protect|p1b: Archaludon
|-singleturn|p1b: Archaludon|Protect
|move|p1a: Politoed|Protect|p1a: Politoed
|-singleturn|p1a: Politoed|Protect
|move|p2a: Grimmsnarl|Fake Out|p1a: Politoed
|-activate|p1a: Politoed|move: Protect
|move|p2b: Hydreigon|Snarl|p1a: Politoed|[spread] 
|-activate|p1a: Politoed|move: Protect
|-activate|p1b: Archaludon|move: Protect
|
|-weather|RainDance|[upkeep]
|upkeep
|turn|2
|
|t:|1785614918
|switch|p1b: Swampert|Swampert, L50, M|100/100
|move|p2b: Hydreigon|Snarl|p1b: Swampert|[spread] p1a,p1b
|-damage|p1a: Politoed|79/100
|-damage|p1b: Swampert|68/100
|-unboost|p1a: Politoed|spa|1
|-unboost|p1b: Swampert|spa|1
|-damage|p2b: Hydreigon|90/100|[from] item: Life Orb
|move|p2a: Grimmsnarl|Throat Chop|p1a: Politoed
|-damage|p1a: Politoed|39/100
|-start|p1a: Politoed|Throat Chop|[silent]
|-enditem|p1a: Politoed|Sitrus Berry|[eat]
|-heal|p1a: Politoed|64/100|[from] item: Sitrus Berry
|move|p1a: Politoed|Encore|p2a: Grimmsnarl
|-start|p2a: Grimmsnarl|Encore
|
|-weather|RainDance|[upkeep]
|upkeep
|turn|3
|
|t:|1785614957
|detailschange|p1b: Swampert|Swampert-Mega, L50, M
|-mega|p1b: Swampert|Swampert|Swampertite
|move|p1b: Swampert|Ice Punch|p2b: Hydreigon
|-supereffective|p2b: Hydreigon|1
|-damage|p2b: Hydreigon|14/100
|move|p2b: Hydreigon|Draco Meteor|p1b: Swampert
|-damage|p1b: Swampert|0 fnt
|-unboost|p2b: Hydreigon|spa|2
|faint|p1b: Swampert
|-damage|p2b: Hydreigon|5/100|[from] item: Life Orb
|move|p2a: Grimmsnarl|Throat Chop|p1a: Politoed
|-damage|p1a: Politoed|28/100
|move|p1a: Politoed|Weather Ball|p2a: Grimmsnarl
|-damage|p2a: Grimmsnarl|63/100
|
|-weather|RainDance|[upkeep]
|-end|p1a: Politoed|Throat Chop|[silent]
|upkeep
|
|t:|1785614975
|switch|p1b: Archaludon|Archaludon, L50, M|100/100
|turn|4
|
|t:|1785614997
|switch|p2a: Ditto|Ditto, L50|100/100
|-transform|p2a: Ditto|p1b: Archaludon|[from] ability: Imposter
|move|p1b: Archaludon|Protect|p1b: Archaludon
|-singleturn|p1b: Archaludon|Protect
|move|p2b: Hydreigon|Snarl|p1a: Politoed|[spread] p1a
|-activate|p1b: Archaludon|move: Protect
|-damage|p1a: Politoed|18/100
|-unboost|p1a: Politoed|spa|1
|-damage|p2b: Hydreigon|0 fnt|[from] item: Life Orb
|faint|p2b: Hydreigon
|move|p1a: Politoed|Weather Ball|p2a: Ditto
|-resisted|p2a: Ditto|1
|-damage|p2a: Ditto|85/100
|-ability|p2a: Ditto|Stamina|boost
|-boost|p2a: Ditto|def|1
|
|-weather|RainDance|[upkeep]
|upkeep
|
|t:|1785615005
|switch|p2b: Gengar|Gengar, L50, M|100/100
|turn|5
|
|t:|1785615042
|switch|p1a: Vivillon|Vivillon-Jungle, L50, F|100/100
|detailschange|p2b: Gengar|Gengar-Mega, L50, M
|-mega|p2b: Gengar|Gengar|Gengarite
|move|p2b: Gengar|Shadow Ball|p1b: Archaludon
|-damage|p1b: Archaludon|55/100
|-ability|p1b: Archaludon|Stamina|boost
|-boost|p1b: Archaludon|def|1
|move|p2a: Ditto|Dragon Pulse|p1b: Archaludon
|-crit|p1b: Archaludon
|-damage|p1b: Archaludon|7/100
|-ability|p1b: Archaludon|Stamina|boost
|-boost|p1b: Archaludon|def|1
|move|p1b: Archaludon|Electro Shot||[still]
|-prepare|p1b: Archaludon|Electro Shot
|-boost|p1b: Archaludon|spa|1
|-anim|p1b: Archaludon|Electro Shot|p2b: Gengar
|-damage|p2b: Gengar|43/100
|
|-weather|none
|-heal|p1b: Archaludon|13/100|[from] item: Leftovers
|upkeep
|turn|6
|
|t:|1785615081
|move|p2b: Gengar|Protect|p2b: Gengar
|-singleturn|p2b: Gengar|Protect
|move|p1a: Vivillon|Rage Powder|p1a: Vivillon
|-singleturn|p1a: Vivillon|move: Rage Powder
|move|p2a: Ditto|Dragon Pulse|p1a: Vivillon
|-damage|p1a: Vivillon|25/100
|move|p1b: Archaludon|Dragon Pulse|p2b: Gengar
|-activate|p2b: Gengar|move: Protect
|
|-heal|p1b: Archaludon|19/100|[from] item: Leftovers
|upkeep
|turn|7
|
|t:|1785615113
|move|p1b: Archaludon|Protect|p1b: Archaludon
|-singleturn|p1b: Archaludon|Protect
|move|p2b: Gengar|Sludge Bomb|p1a: Vivillon
|-damage|p1a: Vivillon|0 fnt
|faint|p1a: Vivillon
|move|p2a: Ditto|Dragon Pulse|p1b: Archaludon
|-activate|p1b: Archaludon|move: Protect
|
|-heal|p1b: Archaludon|25/100|[from] item: Leftovers
|upkeep
|
|t:|1785615122
|switch|p1a: Politoed|Politoed, L50, F|18/100
|-weather|RainDance|[from] ability: Drizzle|[of] p1a: Politoed
|turn|8
|
|t:|1785615172
|move|p2b: Gengar|Sludge Bomb|p1a: Politoed
|-damage|p1a: Politoed|0 fnt
|faint|p1a: Politoed
|move|p2a: Ditto|Dragon Pulse|p1b: Archaludon
|-damage|p1b: Archaludon|0 fnt
|faint|p1b: Archaludon
|
|win|lanagram
