|j|☆cantchat_sorry
|j|☆CrazyComet37
|html|cantchat_sorryCrazyComet37    
|uhtml|bestof|Game 2 of a best-of-3
|t:|1783385216
|gametype|doubles
|player|p1|cantchat_sorry|clair|1040
|player|p2|CrazyComet37|flint|1181
|gen|9
|tier|[Gen 9 Champions] VGC 2026 Reg M-B (Bo3)
|rated|
|rule|Species Clause: Limit one of each Pokémon
|rule|Item Clause: Limit 1 of each item
|clearpoke
|poke|p1|Rotom-Heat, L50|
|poke|p1|Venusaur, L50, M|
|poke|p1|Sableye, L50, F|
|poke|p1|Garchomp, L50, M|
|poke|p1|Milotic, L50, M|
|poke|p1|Aegislash, L50, M|
|poke|p2|Whimsicott, L50, M|
|poke|p2|Garchomp, L50, F|
|poke|p2|Charizard, L50, M|
|poke|p2|Floette-Eternal, L50, F|
|poke|p2|Kingambit, L50, F|
|poke|p2|Basculegion, L50, M|
|teampreview|4
|showteam|p1|Rotom-Heat||ChoiceScarf|Levitate|Thunderbolt,Overheat,Electroweb,Trick|Timid|||||50|]Venusaur||Venusaurite|Chlorophyll|GigaDrain,SludgeBomb,EarthPower,Protect|Modest||M|||50|]Sableye||RoseliBerry|Prankster|FoulPlay,Reflect,LightScreen,ThunderWave|Bold||F|||50|]Garchomp||DragonFang|RoughSkin|ScaleShot,Earthquake,RockTomb,Protect|Jolly||M|||50|]Milotic||Leftovers|Competitive|Scald,IceBeam,LifeDew,Protect|Bold||M|||50|]Aegislash||SpellTag|StanceChange|Poltergeist,ShadowSneak,SacredSword,KingsShield|Adamant||M|||50|
|showteam|p2|Whimsicott||FocusSash|Prankster|Protect,Tailwind,Moonblast,Encore|Timid||M|||50|]Garchomp||LifeOrb|RoughSkin|Protect,Earthquake,DragonClaw,RockSlide|Jolly||F|||50|]Charizard||CharizarditeY|Blaze|Protect,HeatWave,WeatherBall,SolarBeam|Modest||M|||50|]Floette-Eternal||Floettite|FlowerVeil|Protect,LightofRuin,DazzlingGleam,Moonblast|Modest||F|||50|]Kingambit||ChopleBerry|Defiant|IronHead,SuckerPunch,KowtowCleave,LowKick|Adamant||F|||50|]Basculegion||MysticWater|Adaptability|Protect,AquaJet,LastRespects,WaveCrash|Adamant||M|||50|
|inactive|Battle timer is ON: inactive players will automatically lose when time's up. (requested by CrazyComet37)
|
|t:|1783385267
|teamsize|p1|4
|teamsize|p2|4
|start
|switch|p1a: Rotom|Rotom-Heat, L50|100/100
|switch|p1b: Garchomp|Garchomp, L50, M|100/100
|switch|p2a: Whimsicott|Whimsicott, L50, M|100/100
|switch|p2b: Garchomp|Garchomp, L50, F|100/100
|turn|1
|inactive|CrazyComet37 has 30 seconds left.
|inactive|CrazyComet37 has 20 seconds left.
|
|t:|1783385303
|switch|p1b: Aegislash|Aegislash, L50, M|100/100
|move|p1a: Rotom|Trick|p2b: Garchomp
|-activate|p1a: Rotom|move: Trick|[of] p2b: Garchomp
|-item|p2b: Garchomp|Choice Scarf|[from] move: Trick
|-item|p1a: Rotom|Life Orb|[from] move: Trick
|move|p2b: Garchomp|Rock Slide|p1b: Aegislash|[spread] p1a,p1b
|-supereffective|p1a: Rotom|1
|-resisted|p1b: Aegislash|1
|-damage|p1a: Rotom|46/100
|-damage|p1b: Aegislash|92/100
|move|p2a: Whimsicott|Moonblast|p1b: Aegislash
|-resisted|p1b: Aegislash|1
|-damage|p1b: Aegislash|77/100
|-unboost|p1b: Aegislash|spa|1
|
|upkeep
|turn|2
|inactive|CrazyComet37 has 30 seconds left.
|inactive|CrazyComet37 has 20 seconds left.
|inactive|CrazyComet37 has 15 seconds left.
|
|t:|1783385343
|switch|p1a: Venusaur|Venusaur, L50, M|100/100
|move|p2b: Garchomp|Rock Slide|p1b: Aegislash|[spread] p1a,p1b
|-resisted|p1b: Aegislash|1
|-damage|p1a: Venusaur|72/100
|-damage|p1b: Aegislash|70/100
|move|p2a: Whimsicott|Moonblast|p1a: Venusaur
|-resisted|p1a: Venusaur|1
|-damage|p1a: Venusaur|52/100
|-formechange|p1b: Aegislash|Aegislash-Blade|
|move|p1b: Aegislash|Poltergeist|p2a: Whimsicott
|-activate|p2a: Whimsicott|move: Poltergeist|Focus Sash
|-enditem|p2a: Whimsicott|Focus Sash
|-damage|p2a: Whimsicott|1/100
|
|upkeep
|turn|3
|
|t:|1783385368
|switch|p2b: Charizard|Charizard, L50, M|100/100
|detailschange|p1a: Venusaur|Venusaur-Mega, L50, M
|-mega|p1a: Venusaur|Venusaur|Venusaurite
|move|p2a: Whimsicott|Tailwind|p2a: Whimsicott
|-sidestart|p2: CrazyComet37|move: Tailwind
|move|p1a: Venusaur|Giga Drain|p2b: Charizard
|-resisted|p2b: Charizard|2
|-damage|p2b: Charizard|86/100
|-heal|p1a: Venusaur|59/100|[from] drain|[of] p2b: Charizard
|move|p1b: Aegislash|Poltergeist|p2b: Charizard
|-activate|p2b: Charizard|move: Poltergeist|Charizardite Y
|-damage|p2b: Charizard|0 fnt
|faint|p2b: Charizard
|
|upkeep
|inactive|CrazyComet37 has 30 seconds left.
|
|t:|1783385400
|switch|p2b: Garchomp|Garchomp, L50, F|100/100
|turn|4
|
|t:|1783385409
|move|p1b: Aegislash|Shadow Sneak|p2a: Whimsicott
|-damage|p2a: Whimsicott|0 fnt
|faint|p2a: Whimsicott
|move|p2b: Garchomp|Dragon Claw|p1b: Aegislash
|-resisted|p1b: Aegislash|1
|-damage|p1b: Aegislash|29/100
|move|p1a: Venusaur|Giga Drain|p2b: Garchomp
|-damage|p2b: Garchomp|55/100
|-heal|p1a: Venusaur|85/100|[from] drain|[of] p2b: Garchomp
|
|upkeep
|
|t:|1783385415
|switch|p2a: Basculegion|Basculegion, L50, M|100/100
|turn|5
|
|t:|1783385427
|move|p1a: Venusaur|Protect|p1a: Venusaur
|-singleturn|p1a: Venusaur|Protect
|-formechange|p1b: Aegislash|Aegislash|
|move|p1b: Aegislash|King's Shield|p1b: Aegislash
|-singleturn|p1b: Aegislash|Protect
|move|p2b: Garchomp|Dragon Claw|p1b: Aegislash
|-activate|p1b: Aegislash|move: Protect
|-unboost|p2b: Garchomp|atk|1
|move|p2a: Basculegion|Last Respects|p1a: Venusaur
|-activate|p1a: Venusaur|move: Protect
|
|upkeep
|turn|6
|
|t:|1783385446
|-formechange|p1b: Aegislash|Aegislash-Blade|
|move|p1b: Aegislash|Shadow Sneak|p2a: Basculegion
|-supereffective|p2a: Basculegion|1
|-damage|p2a: Basculegion|25/100
|move|p2b: Garchomp|Dragon Claw|p1a: Venusaur
|-damage|p1a: Venusaur|58/100
|move|p2a: Basculegion|Last Respects|p1a: Venusaur
|-damage|p1a: Venusaur|0 fnt
|faint|p1a: Venusaur
|
|-sideend|p2: CrazyComet37|move: Tailwind
|upkeep
|
|t:|1783385463
|switch|p1a: Garchomp|Garchomp, L50, M|100/100
|turn|7
|
|t:|1783385475
|move|p1b: Aegislash|Shadow Sneak|p2a: Basculegion
|-supereffective|p2a: Basculegion|1
|-damage|p2a: Basculegion|0 fnt
|faint|p2a: Basculegion
|move|p2b: Garchomp|Dragon Claw|p1a: Garchomp
|-supereffective|p1a: Garchomp|1
|-damage|p1a: Garchomp|44/100
|-damage|p2b: Garchomp|43/100|[from] ability: Rough Skin|[of] p1a: Garchomp
|move|p1a: Garchomp|Scale Shot|p2b: Garchomp|[miss]
|-miss|p1a: Garchomp|p2b: Garchomp
|
|upkeep
|turn|8
|
|t:|1783385487
|move|p2b: Garchomp|Dragon Claw|p1a: Garchomp
|-supereffective|p1a: Garchomp|1
|-damage|p1a: Garchomp|0 fnt
|-damage|p2b: Garchomp|30/100|[from] ability: Rough Skin|[of] p1a: Garchomp
|faint|p1a: Garchomp
|move|p1b: Aegislash|Poltergeist|p2b: Garchomp
|-activate|p2b: Garchomp|move: Poltergeist|Choice Scarf
|-damage|p2b: Garchomp|0 fnt
|faint|p2b: Garchomp
|
|win|cantchat_sorry
||CrazyComet37 is ready for game 3.
|l|☆cantchat_sorry
|player|p1|
|inactive|cantchat_sorry has 30 seconds to confirm battle start!
||cantchat_sorry is ready for game 3.
|uhtml|next|Next: Game 3 of 3
