|j|☆chocokoala vgc
|j|☆Master M-rada
|html|chocokoala vgcMaster M-rada    
|uhtml|bestof|Game 3 of a best-of-3
|t:|1785179826
|gametype|doubles
|player|p1|chocokoala vgc|benga|1338
|player|p2|Master M-rada|miku-ice|1371
|gen|9
|tier|[Gen 9 Champions] VGC 2026 Reg M-B (Bo3)
|rated|
|rule|Species Clause: Limit one of each Pokémon
|rule|Item Clause: Limit 1 of each item
|clearpoke
|poke|p1|Scovillain, L50, M|
|poke|p1|Primarina, L50, M|
|poke|p1|Aerodactyl, L50, M|
|poke|p1|Garchomp, L50, M|
|poke|p1|Gholdengo, L50|
|poke|p1|Grimmsnarl, L50, M|
|poke|p2|Gengar, L50, F, shiny|
|poke|p2|Snorlax, L50, M|
|poke|p2|Incineroar, L50, M, shiny|
|poke|p2|Scrafty, L50, M, shiny|
|poke|p2|Dragonite, L50, M|
|poke|p2|Ninetales-Alola, L50, F|
|teampreview|4
|showteam|p1|Scovillain||Scovillainite|Moody|Flamethrower,GigaDrain,Protect,RagePowder|Bold||M|||50|]Primarina||Leftovers|LiquidVoice|HyperVoice,Moonblast,Protect,CalmMind|Modest||M|||50|]Aerodactyl||Aerodactylite|Unnerve|RockSlide,DualWingbeat,Protect,Tailwind|Jolly||M|||50|]Garchomp||SoftSand|RoughSkin|Earthquake,StompingTantrum,Protect,DragonClaw|Jolly||M|||50|]Gholdengo||LifeOrb|GoodasGold|MakeItRain,ShadowBall,Protect,NastyPlot|Modest|||||50|]Grimmsnarl||LightClay|Prankster|LightScreen,Reflect,FakeOut,FoulPlay|Calm||M|||50|
|showteam|p2|Gengar||Gengarite|CursedBody|PerishSong,ShadowBall,SludgeBomb,Protect|Modest||F|||50|]Snorlax||Leftovers|ThickFat|Yawn,Encore,Fissure,Protect|Relaxed||M|||50|]Incineroar||SitrusBerry|Intimidate|FlareBlitz,PartingShot,FakeOut,Protect|Relaxed||M|||50|]Scrafty||FocusSash|Intimidate|CloseCombat,KnockOff,FakeOut,Protect|Careful||M|||50|]Dragonite||LifeOrb|InnerFocus|DragonClaw,LowKick,ExtremeSpeed,Protect|Adamant||M|||50|]Ninetales-Alola||NeverMeltIce|SnowWarning|Blizzard,FreezeDry,Encore,Protect|Timid||F|||50|
|inactive|Battle timer is ON: inactive players will automatically lose when time's up. (requested by Master M-rada)
|inactive|chocokoala vgc also wants the timer to be on.
|
|t:|1785179855
|teamsize|p1|4
|teamsize|p2|4
|start
|switch|p1a: Primarina|Primarina, L50, M|100/100
|switch|p1b: Aerodactyl|Aerodactyl, L50, M|100/100
|switch|p2a: Incineroar|Incineroar, L50, M, shiny|100/100
|switch|p2b: Gengar|Gengar, L50, F, shiny|100/100
|-ability|p1b: Aerodactyl|Unnerve
|-ability|p2a: Incineroar|Intimidate|boost
|-unboost|p1a: Primarina|atk|1
|-unboost|p1b: Aerodactyl|atk|1
|turn|1
|
|t:|1785179873
|detailschange|p1b: Aerodactyl|Aerodactyl-Mega, L50, M
|-mega|p1b: Aerodactyl|Aerodactyl|Aerodactylite
|detailschange|p2b: Gengar|Gengar-Mega, L50, F, shiny
|-mega|p2b: Gengar|Gengar|Gengarite
|move|p2a: Incineroar|Fake Out|p1a: Primarina
|-damage|p1a: Primarina|87/100
|move|p1b: Aerodactyl|Rock Slide|p2b: Gengar|[spread] 
|-miss|p1b: Aerodactyl|p2a: Incineroar
|-miss|p1b: Aerodactyl|p2b: Gengar
|move|p2b: Gengar|Perish Song|p2b: Gengar
|-start|p1a: Primarina|perish3|[silent]
|-start|p1b: Aerodactyl|perish3|[silent]
|-start|p2a: Incineroar|perish3|[silent]
|-start|p2b: Gengar|perish3|[silent]
|-fieldactivate|move: Perish Song
|cant|p1a: Primarina|flinch
|
|-heal|p1a: Primarina|93/100|[from] item: Leftovers
|-start|p1b: Aerodactyl|perish3
|-start|p2b: Gengar|perish3
|-start|p1a: Primarina|perish3
|-start|p2a: Incineroar|perish3
|upkeep
|turn|2
|
|t:|1785179894
|move|p2b: Gengar|Protect|p2b: Gengar
|-singleturn|p2b: Gengar|Protect
|move|p1b: Aerodactyl|Rock Slide|p2b: Gengar|[spread] p2a
|-activate|p2b: Gengar|move: Protect
|-supereffective|p2a: Incineroar|1
|-damage|p2a: Incineroar|63/100
|move|p1a: Primarina|Calm Mind|p1a: Primarina
|-boost|p1a: Primarina|spa|1
|-boost|p1a: Primarina|spd|1
|cant|p2a: Incineroar|flinch
|
|-heal|p1a: Primarina|99/100|[from] item: Leftovers
|-start|p1b: Aerodactyl|perish2
|-start|p2b: Gengar|perish2
|-start|p1a: Primarina|perish2
|-start|p2a: Incineroar|perish2
|upkeep
|turn|3
|inactive|Master M-rada has 30 seconds left.
|
|t:|1785179923
|switch|p2b: Scrafty|Scrafty, L50, M, shiny|100/100
|-ability|p2b: Scrafty|Intimidate|boost
|-unboost|p1a: Primarina|atk|1
|-unboost|p1b: Aerodactyl|atk|1
|move|p1b: Aerodactyl|Dual Wingbeat|p2b: Scrafty
|-supereffective|p2b: Scrafty|1
|-damage|p2b: Scrafty|75/100
|-supereffective|p2b: Scrafty|1
|-damage|p2b: Scrafty|51/100
|-hitcount|p2b: Scrafty|2
|move|p1a: Primarina|Hyper Voice|p2b: Scrafty|[spread] p2a,p2b
|-supereffective|p2a: Incineroar|1
|-damage|p2a: Incineroar|0 fnt
|-damage|p2b: Scrafty|12/100
|faint|p2a: Incineroar
|
|-heal|p1a: Primarina|100/100|[from] item: Leftovers
|-start|p1b: Aerodactyl|perish1
|-start|p1a: Primarina|perish1
|upkeep
|
|t:|1785179940
|switch|p2a: Gengar|Gengar-Mega, L50, F, shiny|100/100
|turn|4
|
|t:|1785179946
|move|p2a: Gengar|Protect|p2a: Gengar
|-singleturn|p2a: Gengar|Protect
|move|p2b: Scrafty|Fake Out|p1b: Aerodactyl
|-resisted|p1b: Aerodactyl|1
|-damage|p1b: Aerodactyl|94/100
|cant|p1b: Aerodactyl|flinch
|move|p1a: Primarina|Hyper Voice|p2a: Gengar|[spread] p2b
|-activate|p2a: Gengar|move: Protect
|-damage|p2b: Scrafty|0 fnt
|faint|p2b: Scrafty
|
|-start|p1b: Aerodactyl|perish0
|-start|p1a: Primarina|perish0
|faint|p1b: Aerodactyl
|faint|p1a: Primarina
|upkeep
|
|t:|1785179958
|switch|p1b: Garchomp|Garchomp, L50, M|100/100
|switch|p1a: Gholdengo|Gholdengo, L50|100/100
|switch|p2b: Ninetales|Ninetales-Alola, L50, F|100/100
|-weather|Snowscape|[from] ability: Snow Warning|[of] p2b: Ninetales
|turn|5
|
|t:|1785179969
|move|p1b: Garchomp|Protect|p1b: Garchomp
|-singleturn|p1b: Garchomp|Protect
|move|p2b: Ninetales|Blizzard|p1a: Gholdengo|[spread] p1a
|-activate|p1b: Garchomp|move: Protect
|-resisted|p1a: Gholdengo|1
|-damage|p1a: Gholdengo|78/100
|move|p2a: Gengar|Shadow Ball|p1a: Gholdengo
|-supereffective|p1a: Gholdengo|1
|-damage|p1a: Gholdengo|0 fnt
|faint|p1a: Gholdengo
|
|-weather|Snowscape|[upkeep]
|upkeep
|turn|6
|
|t:|1785179982
|move|p2b: Ninetales|Blizzard|p1b: Garchomp
|-supereffective|p1b: Garchomp|2
|-damage|p1b: Garchomp|0 fnt
|faint|p1b: Garchomp
|
|win|Master M-rada
|raw|chocokoala vgc's rating: 1338 → 1320(-18 for losing)
|raw|Master M-rada's rating: 1371 → 1389(+18 for winning)
