|j|☆That_Leek
|j|☆nibblesjibbles
|html|That_Leeknibblesjibbles    
|uhtml|bestof|Game 3 of a best-of-3
|t:|1755554860
|gametype|doubles
|player|p1|That_Leek|blue-masters|1266
|player|p2|nibblesjibbles|1|1256
|gen|9
|tier|[Gen 9] VGC 2025 Reg H (Bo3)
|rated|
|rule|Species Clause: Limit one of each Pokémon
|rule|Item Clause: Limit 1 of each item
|clearpoke
|poke|p1|Incineroar, L50, F|
|poke|p1|Gholdengo, L50|
|poke|p1|Dragonite, L50, M|
|poke|p1|Amoonguss, L50, F|
|poke|p1|Ursaluna-Bloodmoon, L50, M|
|poke|p1|Gallade, L50, M|
|poke|p2|Garchomp, L50, M|
|poke|p2|Gholdengo, L50|
|poke|p2|Incineroar, L50, F|
|poke|p2|Amoonguss, L50, F|
|poke|p2|Kilowattrel, L50, M|
|poke|p2|Tyranitar, L50, F|
|teampreview|4
|showteam|p1|Incineroar||SafetyGoggles|Intimidate|FakeOut,FlareBlitz,KnockOff,PartingShot|||F|||50|,,,,,Water]Gholdengo||LifeOrb|GoodasGold|MakeItRain,ShadowBall,NastyPlot,Protect||||||50|,,,,,Dragon]Dragonite||LoadedDice|Multiscale|Tailwind,StompingTantrum,ScaleShot,Protect|||M|||50|,,,,,Fairy]Amoonguss||SitrusBerry|Regenerator|PollenPuff,Spore,RagePowder,Protect|||F|||50|,,,,,Fairy]Ursaluna-Bloodmoon||AssaultVest|MindsEye|VacuumWave,BloodMoon,HyperVoice,EarthPower|||M|||50|,,,,,Ghost]Gallade||FocusSash|Sharpness|TrickRoom,SacredSword,WideGuard,PsychoCut|||M|||50|,,,,,Fairy
|showteam|p2|Garchomp||LifeOrb|SandVeil|DragonClaw,StompingTantrum,Earthquake,Protect|||M|||50|,,,,,Ground]Gholdengo||MetalCoat|GoodasGold|MakeItRain,ShadowBall,NastyPlot,Protect||||||50|,,,,,Flying]Incineroar||SafetyGoggles|Intimidate|FakeOut,FlareBlitz,KnockOff,PartingShot|||F|||50|,,,,,Ghost]Amoonguss||SitrusBerry|Regenerator|Spore,RagePowder,PollenPuff,Protect|||F|||50|,,,,,Fairy]Kilowattrel||FocusSash|Competitive|Electroweb,VoltSwitch,AirSlash,Tailwind|||M|||50|,,,,,Ghost]Tyranitar||AssaultVest|SandStream|RockSlide,KnockOff,LowKick,TeraBlast|||F|||50|,,,,,Flying
|inactive|Battle timer is ON: inactive players will automatically lose when time's up. (requested by nibblesjibbles)
|inactive|nibblesjibbles has 60 seconds left.
|
|t:|1755554907
|teamsize|p1|4
|teamsize|p2|4
|start
|switch|p1a: Dragonite|Dragonite, L50, M|100/100
|switch|p1b: Amoonguss|Amoonguss, L50, F|100/100
|switch|p2a: Incineroar|Incineroar, L50, F|100/100
|switch|p2b: Gholdengo|Gholdengo, L50|100/100
|-ability|p2a: Incineroar|Intimidate|boost
|-unboost|p1a: Dragonite|atk|1
|-unboost|p1b: Amoonguss|atk|1
|turn|1
|
|t:|1755554920
|switch|p1b: Incineroar|Incineroar, L50, F|100/100
|-ability|p1b: Incineroar|Intimidate|boost
|-unboost|p2a: Incineroar|atk|1
|-unboost|p2b: Gholdengo|atk|1
|move|p2a: Incineroar|Fake Out|p1a: Dragonite
|-damage|p1a: Dragonite|96/100
|move|p2b: Gholdengo|Nasty Plot|p2b: Gholdengo
|-boost|p2b: Gholdengo|spa|2
|cant|p1a: Dragonite|flinch
|
|upkeep
|turn|2
|inactive|nibblesjibbles has 30 seconds left.
|
|t:|1755554949
|switch|p2a: Garchomp|Garchomp, L50, M|100/100
|-terastallize|p2b: Gholdengo|Flying
|move|p1a: Dragonite|Protect|p1a: Dragonite
|-singleturn|p1a: Dragonite|Protect
|move|p2b: Gholdengo|Make It Rain|p1a: Dragonite|[spread] p1b
|-activate|p1a: Dragonite|move: Protect
|-resisted|p1b: Incineroar
|-damage|p1b: Incineroar|56/100
|-unboost|p2b: Gholdengo|spa|1
|move|p1b: Incineroar|Knock Off|p2b: Gholdengo
|-damage|p2b: Gholdengo|54/100
|-enditem|p2b: Gholdengo|Metal Coat|[from] move: Knock Off|[of] p1b: Incineroar
|
|upkeep
|turn|3
|
|t:|1755554967
|switch|p2b: Incineroar|Incineroar, L50, F|100/100
|-ability|p2b: Incineroar|Intimidate|boost
|-unboost|p1a: Dragonite|atk|1
|-unboost|p1b: Incineroar|atk|1
|switch|p1b: Amoonguss|Amoonguss, L50, F|100/100
|move|p2a: Garchomp|Stomping Tantrum|p1b: Amoonguss
|-damage|p1b: Amoonguss|61/100
|-damage|p2a: Garchomp|91/100|[from] item: Life Orb
|move|p1a: Dragonite|Tailwind|p1a: Dragonite
|-sidestart|p1: That_Leek|move: Tailwind
|
|upkeep
|turn|4
|
|t:|1755554982
|switch|p1a: Incineroar|Incineroar, L50, F|56/100
|-ability|p1a: Incineroar|Intimidate|boost
|-unboost|p2a: Garchomp|atk|1
|-unboost|p2b: Incineroar|atk|1
|move|p2b: Incineroar|Fake Out|p1b: Amoonguss
|-damage|p1b: Amoonguss|54/100
|move|p2a: Garchomp|Dragon Claw|p1b: Amoonguss
|-damage|p1b: Amoonguss|26/100
|-enditem|p1b: Amoonguss|Sitrus Berry|[eat]
|-heal|p1b: Amoonguss|51/100|[from] item: Sitrus Berry
|-damage|p2a: Garchomp|81/100|[from] item: Life Orb
|cant|p1b: Amoonguss|flinch
|
|upkeep
|turn|5
|
|t:|1755554994
|move|p2a: Garchomp|Protect|p2a: Garchomp
|-singleturn|p2a: Garchomp|Protect
|move|p1a: Incineroar|Knock Off|p2b: Incineroar
|-resisted|p2b: Incineroar
|-damage|p2b: Incineroar|78/100
|-enditem|p2b: Incineroar|Safety Goggles|[from] move: Knock Off|[of] p1a: Incineroar
|move|p2b: Incineroar|Flare Blitz|p1b: Amoonguss
|-supereffective|p1b: Amoonguss
|-damage|p1b: Amoonguss|0 fnt
|faint|p1b: Amoonguss
|-damage|p2b: Incineroar|60/100|[from] Recoil
|
|upkeep
|
|t:|1755554999
|switch|p1b: Dragonite|Dragonite, L50, M|96/100
|turn|6
|inactive|That_Leek has 30 seconds left.
|inactive|That_Leek has 20 seconds left.
|
|t:|1755555037
|-terastallize|p1b: Dragonite|Fairy
|move|p1b: Dragonite|Scale Shot|p2b: Incineroar
|-damage|p2b: Incineroar|46/100
|-damage|p2b: Incineroar|31/100
|-crit|p2b: Incineroar
|-damage|p2b: Incineroar|11/100
|-damage|p2b: Incineroar|0 fnt
|faint|p2b: Incineroar
|-hitcount|p2: Incineroar|4
|-unboost|p1b: Dragonite|def|1
|-boost|p1b: Dragonite|spe|1
|move|p1a: Incineroar|Knock Off|p2a: Garchomp
|-damage|p2a: Garchomp|30/100
|-enditem|p2a: Garchomp|Life Orb|[from] move: Knock Off|[of] p1a: Incineroar
|move|p2a: Garchomp|Dragon Claw|p1b: Dragonite
|-immune|p1b: Dragonite
|
|-sideend|p1: That_Leek|move: Tailwind
|upkeep
|
|t:|1755555043
|switch|p2b: Kilowattrel|Kilowattrel, L50, M|100/100
|turn|7
|
|t:|1755555059
|move|p2b: Kilowattrel|Tailwind|p2b: Kilowattrel
|-sidestart|p2: nibblesjibbles|move: Tailwind
|move|p2a: Garchomp|Earthquake|p1b: Dragonite|[spread] p1a,p1b
|-immune|p2b: Kilowattrel
|-supereffective|p1a: Incineroar
|-damage|p1a: Incineroar|4/100
|-damage|p1b: Dragonite|55/100
|move|p1b: Dragonite|Scale Shot|p2b: Kilowattrel
|-damage|p2b: Kilowattrel|74/100
|-damage|p2b: Kilowattrel|46/100
|-damage|p2b: Kilowattrel|22/100
|-crit|p2b: Kilowattrel
|-damage|p2b: Kilowattrel|0 fnt
|faint|p2b: Kilowattrel
|-hitcount|p2: Kilowattrel|4
|-unboost|p1b: Dragonite|def|1
|-boost|p1b: Dragonite|spe|1
|move|p1a: Incineroar|Parting Shot|p2a: Garchomp
|-unboost|p2a: Garchomp|atk|1
|-unboost|p2a: Garchomp|spa|1
|
|t:|1755555067
|switch|p1a: Gholdengo|Gholdengo, L50|100/100|[from] Parting Shot
|
|upkeep
|
|t:|1755555070
|switch|p2b: Gholdengo|Gholdengo, L50, tera:Flying|54/100
|turn|8
|
|t:|1755555094
|move|p2a: Garchomp|Earthquake|p1a: Gholdengo|[spread] p1a,p1b
|-immune|p2b: Gholdengo
|-supereffective|p1a: Gholdengo
|-damage|p1a: Gholdengo|66/100
|-damage|p1b: Dragonite|12/100
|move|p2b: Gholdengo|Make It Rain|p1a: Gholdengo|[spread] p1a,p1b
|-resisted|p1a: Gholdengo
|-supereffective|p1b: Dragonite
|-damage|p1a: Gholdengo|44/100
|-damage|p1b: Dragonite|0 fnt
|-unboost|p2b: Gholdengo|spa|1
|faint|p1b: Dragonite
|move|p1a: Gholdengo|Make It Rain|p2b: Gholdengo|[spread] p2a,p2b
|-damage|p2a: Garchomp|0 fnt
|-damage|p2b: Gholdengo|0 fnt
|-unboost|p1a: Gholdengo|spa|1
|faint|p2a: Garchomp
|faint|p2b: Gholdengo
|-damage|p1a: Gholdengo|35/100|[from] item: Life Orb
|
|win|That_Leek
|raw|That_Leek's rating: 1266 → 1290(+24 for winning)
|raw|nibblesjibbles's rating: 1256 → 1232(-24 for losing)
|l|☆nibblesjibbles
|player|p2|
