|j|☆borntobethegoat
|j|☆Chocokoala VGC
|html|borntobethegoatChocokoala VGC    
|uhtml|bestof|Game 1 of a best-of-3
|t:|1782492971
|gametype|doubles
|player|p1|borntobethegoat|caitlin|1212
|player|p2|Chocokoala VGC|aaron|1280
|gen|9
|tier|[Gen 9 Champions] VGC 2026 Reg M-B (Bo3)
|rated|
|rule|Species Clause: Limit one of each Pokémon
|rule|Item Clause: Limit 1 of each item
|clearpoke
|poke|p1|Archaludon, L50, F|
|poke|p1|Pelipper, L50, M|
|poke|p1|Grimmsnarl, L50, M|
|poke|p1|Sinistcha, L50|
|poke|p1|Metagross, L50|
|poke|p1|Swampert, L50, M|
|poke|p2|Scrafty, L50, M, shiny|
|poke|p2|Farigiraf, L50, F|
|poke|p2|Whimsicott, L50, M|
|poke|p2|Gholdengo, L50|
|poke|p2|Raichu, L50, M, shiny|
|poke|p2|Volcarona, L50, F|
|teampreview|4
|showteam|p1|Archaludon||Leftovers|Stamina|ElectroShot,DragonPulse,FlashCannon,Protect|Modest||F|||50|]Pelipper||SitrusBerry|Drizzle|WeatherBall,Hurricane,Tailwind,WideGuard|Modest||M|||50|]Grimmsnarl||LightClay|Prankster|SpiritBreak,PartingShot,LightScreen,Reflect|Careful||M|||50|]Sinistcha||CobaBerry|Hospitality|MatchaGotcha,RagePowder,TrickRoom,Protect|Relaxed|||||50|]Metagross||Metagrossite|ClearBody|IronHead,PsychicFangs,BodyPress,Protect|Jolly|||||50|]Swampert||Swampertite|Torrent|WaveCrash,HighHorsepower,IcePunch,Protect|Adamant||M|||50|
|showteam|p2|Scrafty||Scraftinite|Intimidate|FakeOut,KnockOff,Protect,DrainPunch|Adamant||M|||50|]Farigiraf||SitrusBerry|ArmorTail|Psychic,HelpingHand,Protect,TrickRoom|Bold||F|||50|]Whimsicott||FocusSash|Prankster|Tailwind,FakeTears,Encore,Moonblast|Timid||M|||50|]Gholdengo||LifeOrb|GoodasGold|MakeItRain,ShadowBall,Protect,NastyPlot|Modest|||||50|]Raichu||RaichuniteY|LightningRod|ZapCannon,FocusBlast,Protect,GrassKnot|Timid||M|||50|]Volcarona||Leftovers|FlameBody|RagePowder,HeatWave,Protect,StruggleBug|Timid||F|||50|
|inactive|Battle timer is ON: inactive players will automatically lose when time's up. (requested by Chocokoala VGC)
|inactive|borntobethegoat has 60 seconds left.
|inactive|borntobethegoat has 30 seconds left.
|
|t:|1782493036
|teamsize|p1|4
|teamsize|p2|4
|start
|switch|p1a: Grimmsnarl|Grimmsnarl, L50, M|100/100
|switch|p1b: Swampert|Swampert, L50, M|100/100
|switch|p2a: Whimsicott|Whimsicott, L50, M|100/100
|switch|p2b: Raichu|Raichu, L50, M, shiny|100/100
|turn|1
|
|t:|1782493059
|detailschange|p1b: Swampert|Swampert-Mega, L50, M
|-mega|p1b: Swampert|Swampert|Swampertite
|move|p2b: Raichu|Protect|p2b: Raichu
|-singleturn|p2b: Raichu|Protect
|move|p2a: Whimsicott|Tailwind|p2a: Whimsicott
|-sidestart|p2: Chocokoala VGC|move: Tailwind
|move|p1a: Grimmsnarl|Light Screen|p1a: Grimmsnarl
|-sidestart|p1: borntobethegoat|move: Light Screen
|move|p1b: Swampert|High Horsepower|p2b: Raichu
|-activate|p2b: Raichu|move: Protect
|
|upkeep
|turn|2
|
|t:|1782493072
|detailschange|p2b: Raichu|Raichu-Mega-Y, L50, M, shiny
|-mega|p2b: Raichu|Raichu|Raichunite Y
|move|p2a: Whimsicott|Fake Tears|p1b: Swampert
|-unboost|p1b: Swampert|spd|2
|move|p2b: Raichu|Grass Knot|p1b: Swampert
|-supereffective|p1b: Swampert|2
|-damage|p1b: Swampert|0 fnt
|faint|p1b: Swampert
|move|p1a: Grimmsnarl|Spirit Break|p2a: Whimsicott
|-damage|p2a: Whimsicott|60/100
|-unboost|p2a: Whimsicott|spa|1
|
|upkeep
|
|t:|1782493086
|switch|p1b: Archaludon|Archaludon, L50, F|100/100
|turn|3
|
|t:|1782493095
|switch|p1b: Pelipper|Pelipper, L50, M|100/100
|-weather|RainDance|[from] ability: Drizzle|[of] p1b: Pelipper
|move|p2a: Whimsicott|Fake Tears|p1b: Pelipper
|-unboost|p1b: Pelipper|spd|2
|move|p1a: Grimmsnarl|Parting Shot|p2b: Raichu
|-unboost|p2b: Raichu|atk|1
|-unboost|p2b: Raichu|spa|1
|
|t:|1782493102
|switch|p1a: Archaludon|Archaludon, L50, F|100/100|[from] Parting Shot
|move|p2b: Raichu|Focus Blast|p1b: Pelipper
|-resisted|p1b: Pelipper|1
|-damage|p1b: Pelipper|73/100
|
|-weather|RainDance|[upkeep]
|upkeep
|turn|4
|
|t:|1782493111
|switch|p2b: Volcarona|Volcarona, L50, F|100/100
|switch|p1a: Grimmsnarl|Grimmsnarl, L50, M|100/100
|move|p2a: Whimsicott|Fake Tears|p1a: Grimmsnarl
|-hint|Since gen 7, Dark is immune to Prankster moves.
|-immune|p1a: Grimmsnarl
|move|p1b: Pelipper|Tailwind|p1b: Pelipper
|-sidestart|p1: borntobethegoat|move: Tailwind
|
|-weather|RainDance|[upkeep]
|-sideend|p2: Chocokoala VGC|move: Tailwind
|upkeep
|turn|5
|
|t:|1782493132
|move|p2a: Whimsicott|Fake Tears|p1b: Pelipper
|-unboost|p1b: Pelipper|spd|2
|move|p1a: Grimmsnarl|Parting Shot|p2b: Volcarona
|-unboost|p2b: Volcarona|atk|1
|-unboost|p2b: Volcarona|spa|1
|
|t:|1782493137
|switch|p1a: Archaludon|Archaludon, L50, F|100/100|[from] Parting Shot
|move|p1b: Pelipper|Hurricane|p2a: Whimsicott
|-supereffective|p2a: Whimsicott|1
|-damage|p2a: Whimsicott|0 fnt
|faint|p2a: Whimsicott
|move|p2b: Volcarona|Struggle Bug|p1a: Archaludon|[spread] p1a,p1b
|-resisted|p1a: Archaludon|1
|-resisted|p1b: Pelipper|1
|-damage|p1a: Archaludon|96/100
|-damage|p1b: Pelipper|58/100
|-unboost|p1a: Archaludon|spa|1
|-unboost|p1b: Pelipper|spa|1
|-ability|p1a: Archaludon|Stamina|boost
|-boost|p1a: Archaludon|def|1
|
|-weather|RainDance|[upkeep]
|-heal|p1a: Archaludon|100/100|[from] item: Leftovers
|upkeep
|
|t:|1782493151
|switch|p2a: Gholdengo|Gholdengo, L50|100/100
|turn|6
|
|t:|1782493165
|move|p2b: Volcarona|Protect|p2b: Volcarona
|-singleturn|p2b: Volcarona|Protect
|move|p2a: Gholdengo|Protect|p2a: Gholdengo
|-singleturn|p2a: Gholdengo|Protect
|move|p1a: Archaludon|Electro Shot||[still]
|-prepare|p1a: Archaludon|Electro Shot
|-boost|p1a: Archaludon|spa|1
|-anim|p1a: Archaludon|Electro Shot|p2a: Gholdengo
|-activate|p2a: Gholdengo|move: Protect
|move|p1b: Pelipper|Weather Ball|p2b: Volcarona
|-activate|p2b: Volcarona|move: Protect
|
|-weather|RainDance|[upkeep]
|upkeep
|turn|7
|
|t:|1782493180
|move|p2b: Volcarona|Rage Powder|p2b: Volcarona
|-singleturn|p2b: Volcarona|move: Rage Powder
|move|p1a: Archaludon|Electro Shot||[still]
|-prepare|p1a: Archaludon|Electro Shot
|-boost|p1a: Archaludon|spa|1
|-anim|p1a: Archaludon|Electro Shot|p2b: Volcarona
|-damage|p2b: Volcarona|51/100
|move|p1b: Pelipper|Weather Ball|p2b: Volcarona
|-supereffective|p2b: Volcarona|1
|-damage|p2b: Volcarona|0 fnt
|faint|p2b: Volcarona
|move|p2a: Gholdengo|Nasty Plot|p2a: Gholdengo
|-boost|p2a: Gholdengo|spa|2
|
|-weather|none
|-sideend|p1: borntobethegoat|move: Tailwind
|upkeep
|
|t:|1782493193
|switch|p2b: Raichu|Raichu-Mega-Y, L50, M, shiny|100/100
|turn|8
|
|t:|1782493205
|switch|p1b: Grimmsnarl|Grimmsnarl, L50, M|100/100
|move|p2b: Raichu|Zap Cannon|p1a: Archaludon
|-resisted|p1a: Archaludon|1
|-damage|p1a: Archaludon|75/100
|-status|p1a: Archaludon|par
|-ability|p1a: Archaludon|Stamina|boost
|-boost|p1a: Archaludon|def|1
|move|p2a: Gholdengo|Shadow Ball|p1a: Archaludon
|-damage|p1a: Archaludon|3/100 par
|-ability|p1a: Archaludon|Stamina|boost
|-boost|p1a: Archaludon|def|1
|-damage|p2a: Gholdengo|90/100|[from] item: Life Orb
|move|p1a: Archaludon|Dragon Pulse|p2b: Raichu
|-damage|p2b: Raichu|11/100
|
|-heal|p1a: Archaludon|9/100 par|[from] item: Leftovers
|-sideend|p1: borntobethegoat|move: Light Screen
|upkeep
|turn|9
|-message|borntobethegoat forfeited.
|
|win|Chocokoala VGC
