|j|☆GaliVGC
|j|☆Roadtonr1
|html|GaliVGCRoadtonr1    
|uhtml|bestof|Game 3 of a best-of-3
|t:|1782484691
|gametype|doubles
|player|p1|GaliVGC|2|1114
|player|p2|Roadtonr1|2|1077
|gen|9
|tier|[Gen 9 Champions] VGC 2026 Reg M-B (Bo3)
|rated|
|rule|Species Clause: Limit one of each Pokémon
|rule|Item Clause: Limit 1 of each item
|clearpoke
|poke|p1|Eelektross, L50, M|
|poke|p1|Garchomp, L50, F|
|poke|p1|Talonflame, L50, F|
|poke|p1|Incineroar, L50, F|
|poke|p1|Sinistcha, L50|
|poke|p1|Floette-Eternal, L50, F|
|poke|p2|Incineroar, L50, M|
|poke|p2|Raichu, L50, M|
|poke|p2|Milotic, L50, F|
|poke|p2|Farigiraf, L50, F|
|poke|p2|Torkoal, L50, M|
|poke|p2|Vileplume, L50, F, shiny|
|teampreview|4
|showteam|p1|Eelektross||Eelektrossite|Levitate|Discharge,GrassKnot,Protect,Thunderbolt|Modest||M|||50|]Garchomp||LifeOrb|RoughSkin|Earthquake,DragonClaw,Protect,RockSlide|Adamant||F|||50|]Talonflame||WideLens|GaleWings|DualWingbeat,Tailwind,Protect,WillOWisp|Jolly||F|||50|]Incineroar||ChopleBerry|Intimidate|PartingShot,FakeOut,ThroatChop,FlareBlitz|Impish||F|||50|]Sinistcha||SitrusBerry|Hospitality|MatchaGotcha,RagePowder,Protect,TrickRoom|Calm|||||50|]Floette-Eternal||Floettite|FlowerVeil|Moonblast,DazzlingGleam,CalmMind,Protect|Modest||F|||50|
|showteam|p2|Incineroar||SitrusBerry|Intimidate|FlareBlitz,ThroatChop,FakeOut,PartingShot|Impish||M|||50|]Raichu||RaichuniteY|LightningRod|ZapCannon,FocusBlast,FakeOut,Protect|Timid||M|||50|]Milotic||Leftovers|Competitive|MuddyWater,Protect,Coil,Hypnosis|Calm||F|||50|]Farigiraf||ColburBerry|ArmorTail|HyperVoice,Psychic,Protect,TrickRoom|Quiet||F|||50|]Torkoal||Charcoal|Drought|Eruption,WeatherBall,HeatWave,Protect|Quiet||M|||50|]Vileplume||FocusSash|Chlorophyll|SludgeBomb,Protect,SleepPowder,AfterYou|Timid||F|||50|
|
|t:|1782484708
|teamsize|p1|4
|teamsize|p2|4
|start
|switch|p1a: Floette|Floette-Eternal, L50, F|100/100
|switch|p1b: Garchomp|Garchomp, L50, F|100/100
|switch|p2a: Incineroar|Incineroar, L50, M|100/100
|switch|p2b: Milotic|Milotic, L50, F|100/100
|-ability|p2a: Incineroar|Intimidate|boost
|-unboost|p1a: Floette|atk|1
|-unboost|p1b: Garchomp|atk|1
|turn|1
|
|t:|1782484724
|detailschange|p1a: Floette|Floette-Mega, L50, F
|-mega|p1a: Floette|Floette|Floettite
|-ability|p1a: Floette|Fairy Aura
|move|p2a: Incineroar|Fake Out|p1a: Floette
|-damage|p1a: Floette|88/100
|move|p1b: Garchomp|Rock Slide|p2a: Incineroar|[spread] p2a,p2b
|-supereffective|p2a: Incineroar|1
|-damage|p2a: Incineroar|70/100
|-damage|p2b: Milotic|85/100
|-damage|p1b: Garchomp|90/100|[from] item: Life Orb
|cant|p1a: Floette|flinch
|move|p2b: Milotic|Coil|p2b: Milotic
|-boost|p2b: Milotic|atk|1
|-boost|p2b: Milotic|def|1
|-boost|p2b: Milotic|accuracy|1
|
|-heal|p2b: Milotic|91/100|[from] item: Leftovers
|upkeep
|turn|2
|
|t:|1782484744
|move|p1b: Garchomp|Rock Slide|p2b: Milotic|[spread] p2a,p2b
|-supereffective|p2a: Incineroar|1
|-damage|p2a: Incineroar|42/100
|-damage|p2b: Milotic|80/100
|-enditem|p2a: Incineroar|Sitrus Berry|[eat]
|-heal|p2a: Incineroar|66/100|[from] item: Sitrus Berry
|-damage|p1b: Garchomp|80/100|[from] item: Life Orb
|move|p1a: Floette|Calm Mind|p1a: Floette
|-boost|p1a: Floette|spa|1
|-boost|p1a: Floette|spd|1
|cant|p2b: Milotic|flinch
|move|p2a: Incineroar|Parting Shot|p1a: Floette
|-unboost|p1a: Floette|atk|1
|-unboost|p1a: Floette|spa|1
|
|t:|1782484758
|switch|p2a: Vileplume|Vileplume, L50, F, shiny|100/100|[from] Parting Shot
|
|-heal|p2b: Milotic|86/100|[from] item: Leftovers
|upkeep
|turn|3
|
|t:|1782484775
|move|p1b: Garchomp|Rock Slide|p2a: Vileplume|[spread] p2a,p2b
|-damage|p2a: Vileplume|75/100
|-damage|p2b: Milotic|76/100
|-damage|p1b: Garchomp|71/100|[from] item: Life Orb
|move|p1a: Floette|Moonblast|p2b: Milotic
|-damage|p2b: Milotic|28/100
|move|p2a: Vileplume|Sludge Bomb|p1a: Floette
|-supereffective|p1a: Floette|1
|-damage|p1a: Floette|38/100
|-status|p1a: Floette|psn
|move|p2b: Milotic|Hypnosis|p1b: Garchomp
|-status|p1b: Garchomp|slp|[from] move: Hypnosis
|
|-heal|p2b: Milotic|34/100|[from] item: Leftovers
|-damage|p1a: Floette|27/100 psn|[from] psn
|upkeep
|turn|4
|
|t:|1782484796
|switch|p1b: Sinistcha|Sinistcha, L50|100/100
|-heal|p1a: Floette|51/100 psn|[from] ability: Hospitality|[of] p1b: Sinistcha
|move|p1a: Floette|Protect|p1a: Floette
|-singleturn|p1a: Floette|Protect
|move|p2b: Milotic|Protect|p2b: Milotic
|-singleturn|p2b: Milotic|Protect
|move|p2a: Vileplume|Sludge Bomb|p1a: Floette
|-activate|p1a: Floette|move: Protect
|
|-heal|p2b: Milotic|40/100|[from] item: Leftovers
|-damage|p1a: Floette|39/100 psn|[from] psn
|upkeep
|turn|5
|
|t:|1782484820
|switch|p2b: Incineroar|Incineroar, L50, M|66/100
|-ability|p2b: Incineroar|Intimidate|boost
|-unboost|p1a: Floette|atk|1
|-unboost|p1b: Sinistcha|atk|1
|switch|p1b: Garchomp|Garchomp, L50, F|71/100 slp
|move|p1a: Floette|Dazzling Gleam|p2a: Vileplume|[spread] p2a,p2b
|-resisted|p2a: Vileplume|1
|-damage|p2a: Vileplume|41/100
|-damage|p2b: Incineroar|25/100
|move|p2a: Vileplume|Sludge Bomb|p1a: Floette
|-supereffective|p1a: Floette|1
|-damage|p1a: Floette|0 fnt
|faint|p1a: Floette
|
|upkeep
|
|t:|1782484835
|switch|p1a: Incineroar|Incineroar, L50, F|100/100
|-ability|p1a: Incineroar|Intimidate|boost
|-unboost|p2a: Vileplume|atk|1
|-unboost|p2b: Incineroar|atk|1
|turn|6
|
|t:|1782484840
|move|p1a: Incineroar|Fake Out|p2a: Vileplume
|-crit|p2a: Vileplume
|-damage|p2a: Vileplume|20/100y
|cant|p1b: Garchomp|slp
|cant|p2a: Vileplume|flinch
|move|p2b: Incineroar|Parting Shot|p1b: Garchomp
|-unboost|p1b: Garchomp|atk|1
|-unboost|p1b: Garchomp|spa|1
|
|t:|1782484844
|switch|p2b: Milotic|Milotic, L50, F|40/100|[from] Parting Shot
|
|-heal|p2b: Milotic|46/100|[from] item: Leftovers
|upkeep
|turn|7
|
|t:|1782484853
|switch|p2a: Incineroar|Incineroar, L50, M|25/100
|-ability|p2a: Incineroar|Intimidate|boost
|-unboost|p1a: Incineroar|atk|1
|-unboost|p1b: Garchomp|atk|1
|cant|p1b: Garchomp|slp
|move|p2b: Milotic|Coil|p2b: Milotic
|-boost|p2b: Milotic|atk|1
|-boost|p2b: Milotic|def|1
|-boost|p2b: Milotic|accuracy|1
|move|p1a: Incineroar|Flare Blitz|p2a: Incineroar
|-resisted|p2a: Incineroar|1
|-damage|p2a: Incineroar|13/100
|-damage|p1a: Incineroar|96/100|[from] Recoil
|
|-heal|p2b: Milotic|51/100|[from] item: Leftovers
|upkeep
|turn|8
|
|t:|1782484866
|-curestatus|p1b: Garchomp|slp|[msg]
|move|p1b: Garchomp|Rock Slide|p2b: Milotic|[spread] p2a,p2b
|-supereffective|p2a: Incineroar|1
|-damage|p2a: Incineroar|0 fnt
|-damage|p2b: Milotic|44/100
|faint|p2a: Incineroar
|-damage|p1b: Garchomp|61/100|[from] item: Life Orb
|cant|p2b: Milotic|flinch
|move|p1a: Incineroar|Throat Chop|p2b: Milotic
|-damage|p2b: Milotic|31/100
|-start|p2b: Milotic|Throat Chop|[silent]
|
|-heal|p2b: Milotic|37/100|[from] item: Leftovers
|upkeep
|
|t:|1782484879
|switch|p2a: Raichu|Raichu, L50, M|100/100
|turn|9
|
|t:|1782484887
|switch|p1a: Sinistcha|Sinistcha, L50|100/100
|-heal|p1b: Garchomp|86/100|[from] ability: Hospitality|[of] p1a: Sinistcha
|detailschange|p2a: Raichu|Raichu-Mega-Y, L50, M
|-mega|p2a: Raichu|Raichu|Raichunite Y
|move|p1b: Garchomp|Protect|p1b: Garchomp
|-singleturn|p1b: Garchomp|Protect
|move|p2a: Raichu|Focus Blast|p1b: Garchomp
|-activate|p1b: Garchomp|move: Protect
|move|p2b: Milotic|Muddy Water|p1a: Sinistcha|[spread] p1a
|-activate|p1b: Garchomp|move: Protect
|-resisted|p1a: Sinistcha|1
|-damage|p1a: Sinistcha|88/100
|
|-heal|p2b: Milotic|43/100|[from] item: Leftovers
|-end|p2b: Milotic|Throat Chop|[silent]
|upkeep
|turn|10
|
|t:|1782484906
|move|p2b: Milotic|Protect|p2b: Milotic
|-singleturn|p2b: Milotic|Protect
|move|p2a: Raichu|Zap Cannon|p1a: Sinistcha
|-resisted|p1a: Sinistcha|1
|-damage|p1a: Sinistcha|61/100
|-status|p1a: Sinistcha|par
|move|p1b: Garchomp|Earthquake|p2a: Raichu|[spread] p1a,p2a
|-activate|p2b: Milotic|move: Protect
|-resisted|p1a: Sinistcha|1
|-supereffective|p2a: Raichu|1
|-damage|p1a: Sinistcha|48/100 par
|-damage|p2a: Raichu|13/100
|-enditem|p1a: Sinistcha|Sitrus Berry|[eat]
|-heal|p1a: Sinistcha|73/100 par|[from] item: Sitrus Berry
|-damage|p1b: Garchomp|77/100|[from] item: Life Orb
|move|p1a: Sinistcha|Matcha Gotcha|p2a: Raichu|[spread] p2a
|-activate|p2b: Milotic|move: Protect
|-damage|p2a: Raichu|0 fnt
|-heal|p1a: Sinistcha|79/100 par|[from] drain|[of] p2a: Raichu
|faint|p2a: Raichu
|
|-heal|p2b: Milotic|49/100|[from] item: Leftovers
|upkeep
|
|t:|1782484915
|switch|p2a: Vileplume|Vileplume, L50, F, shiny|20/100y
|turn|11
|
|t:|1782484921
|move|p1b: Garchomp|Earthquake|p2b: Milotic|[spread] p1a,p2a,p2b
|-resisted|p1a: Sinistcha|1
|-damage|p1a: Sinistcha|66/100 par
|-damage|p2a: Vileplume|0 fnt
|-damage|p2b: Milotic|33/100
|faint|p2a: Vileplume
|-damage|p1b: Garchomp|67/100|[from] item: Life Orb
|move|p2b: Milotic|Muddy Water|p1b: Garchomp|[spread] p1a,p1b
|-resisted|p1a: Sinistcha|1
|-damage|p1a: Sinistcha|55/100 par
|-damage|p1b: Garchomp|43/100
|move|p1a: Sinistcha|Matcha Gotcha|p2b: Milotic
|-supereffective|p2b: Milotic|1
|-crit|p2b: Milotic
|-damage|p2b: Milotic|0 fnt
|-heal|p1a: Sinistcha|74/100 par|[from] drain|[of] p2b: Milotic
|faint|p2b: Milotic
|
|win|GaliVGC
|raw|GaliVGC's rating: 1114 → 1136(+22 for winning)
|raw|Roadtonr1's rating: 1077 → 1058(-19 for losing)
