|j|☆Adriatic Tides
|j|‽EDJPP
|html|Adriatic TidesEDJPP    
|uhtml|bestof|Game 1 of a best-of-3
|t:|1784424924
|gametype|doubles
|player|p1|Adriatic Tides|leon|1158
|player|p2|EDJPP|169|1075
|gen|9
|tier|[Gen 9 Champions] VGC 2026 Reg M-B (Bo3)
|rated|
|rule|Species Clause: Limit one of each Pokémon
|rule|Item Clause: Limit 1 of each item
|clearpoke
|poke|p1|Tyranitar, L50, F|
|poke|p1|Excadrill, L50, M|
|poke|p1|Delphox, L50, F|
|poke|p1|Sinistcha, L50|
|poke|p1|Rotom-Wash, L50|
|poke|p1|Incineroar, L50, F|
|poke|p2|Froslass, L50, F|
|poke|p2|Lycanroc-Dusk, L50, F|
|poke|p2|Talonflame, L50, F|
|poke|p2|Rotom-Mow, L50|
|poke|p2|Sneasler, L50, F|
|poke|p2|Garchomp, L50, F|
|teampreview|4
|showteam|p1|Tyranitar||Tyranitarite|SandStream|KnockOff,RockSlide,Protect,LowKick|Adamant||F|||50|]Excadrill||FocusSash|SandRush|Protect,Earthquake,IronHead,RockSlide|Adamant||M|||50|]Delphox||Delphoxite|Blaze|NastyPlot,HeatWave,Psyshock,Protect|Timid||F|||50|]Sinistcha||ColburBerry|Hospitality|TrickRoom,MatchaGotcha,Protect,RagePowder|Bold|||||50|]Rotom-Wash||Leftovers|Levitate|Electroweb,HydroPump,Protect,Thunderbolt|Modest|||||50|]Incineroar||SitrusBerry|Intimidate|FakeOut,FlareBlitz,PartingShot,ThroatChop|Careful||F|||50|
|showteam|p2|Froslass||Froslassite|CursedBody|Blizzard,Protect,ShadowBall,AuroraVeil|Timid||F|||50|]Lycanroc-Dusk||ExpertBelt|ToughClaws|Accelerock,CloseCombat,Protect,Trailblaze|Adamant||F|||50|]Talonflame|||GaleWings|Tailwind,Protect,FlareBlitz,Acrobatics|Jolly||F|||50|]Rotom-Mow||SitrusBerry|Levitate|WillOWisp,Protect,Thunderbolt,LeafStorm|Timid|||||50|]Sneasler||WhiteHerb|Unburden|CloseCombat,FakeOut,DireClaw,Protect|Jolly||F|||50|]Garchomp||ChoiceScarf|RoughSkin|Earthquake,DragonClaw,RockSlide,StompingTantrum|Jolly||F|||50|
|c|☆Adriatic Tides|gl hf
|
|t:|1784424968
|teamsize|p1|4
|teamsize|p2|4
|start
|switch|p1a: Tyranitar|Tyranitar, L50, F|100/100
|switch|p1b: Excadrill|Excadrill, L50, M|100/100
|switch|p2a: Rotom|Rotom-Mow, L50|100/100
|switch|p2b: Froslass|Froslass, L50, F|100/100
|-weather|Sandstorm|[from] ability: Sand Stream|[of] p1a: Tyranitar
|turn|1
|
|t:|1784424998
|switch|p1a: Rotom|Rotom-Wash, L50|100/100
|move|p1b: Excadrill|Protect|p1b: Excadrill
|-singleturn|p1b: Excadrill|Protect
|move|p2b: Froslass|Protect|p2b: Froslass
|-singleturn|p2b: Froslass|Protect
|move|p2a: Rotom|Will-O-Wisp|p1a: Rotom
|-status|p1a: Rotom|brn
|
|-weather|Sandstorm|[upkeep]
|-damage|p2b: Froslass|93/100|[from] Sandstorm
|-damage|p2a: Rotom|94/100|[from] Sandstorm
|-damage|p1a: Rotom|94/100 brn|[from] Sandstorm
|-heal|p1a: Rotom|100/100 brn|[from] item: Leftovers
|-damage|p1a: Rotom|94/100 brn|[from] brn
|upkeep
|turn|2
|
|t:|1784425021
|detailschange|p2b: Froslass|Froslass-Mega, L50, F
|-mega|p2b: Froslass|Froslass|Froslassite
|-weather|Snowscape|[from] ability: Snow Warning|[of] p2b: Froslass
|move|p2b: Froslass|Aurora Veil|p2b: Froslass
|-sidestart|p2: EDJPP|move: Aurora Veil
|move|p2a: Rotom|Will-O-Wisp|p1b: Excadrill
|-status|p1b: Excadrill|brn
|move|p1b: Excadrill|Iron Head|p2b: Froslass
|-supereffective|p2b: Froslass|1
|-damage|p2b: Froslass|60/100
|move|p1a: Rotom|Electroweb|p2a: Rotom|[spread] p2a
|-miss|p1a: Rotom|p2b: Froslass
|-resisted|p2a: Rotom|2
|-damage|p2a: Rotom|90/100
|-unboost|p2a: Rotom|spe|1
|
|-weather|Snowscape|[upkeep]
|-heal|p1a: Rotom|100/100 brn|[from] item: Leftovers
|-damage|p1b: Excadrill|94/100 brn|[from] brn
|-damage|p1a: Rotom|94/100 brn|[from] brn
|upkeep
|turn|3
|
|t:|1784425040
|move|p1b: Excadrill|Protect|p1b: Excadrill
|-singleturn|p1b: Excadrill|Protect
|move|p2b: Froslass|Blizzard|p1a: Rotom|[spread] p1a
|-activate|p1b: Excadrill|move: Protect
|-resisted|p1a: Rotom|1
|-damage|p1a: Rotom|69/100 brn
|move|p1a: Rotom|Electroweb|p2b: Froslass|[spread] p2a,p2b
|-resisted|p2a: Rotom|2
|-damage|p2a: Rotom|86/100
|-damage|p2b: Froslass|46/100
|-unboost|p2a: Rotom|spe|1
|-unboost|p2b: Froslass|spe|1
|move|p2a: Rotom|Leaf Storm|p1a: Rotom
|-supereffective|p1a: Rotom|1
|-damage|p1a: Rotom|0 fnt
|-unboost|p2a: Rotom|spa|2
|faint|p1a: Rotom
|
|-weather|Snowscape|[upkeep]
|-damage|p1b: Excadrill|88/100 brn|[from] brn
|upkeep
|
|t:|1784425055
|switch|p1a: Tyranitar|Tyranitar, L50, F|100/100
|-weather|Sandstorm|[from] ability: Sand Stream|[of] p1a: Tyranitar
|turn|4
|
|t:|1784425064
|switch|p2b: Lycanroc|Lycanroc-Dusk, L50, F|100/100
|switch|p2a: Garchomp|Garchomp, L50, F|100/100
|detailschange|p1a: Tyranitar|Tyranitar-Mega, L50, F
|-mega|p1a: Tyranitar|Tyranitar|Tyranitarite
|move|p1b: Excadrill|Iron Head|p2a: Garchomp
|-damage|p2a: Garchomp|83/100
|-damage|p1b: Excadrill|75/100 brn|[from] ability: Rough Skin|[of] p2a: Garchomp
|move|p1a: Tyranitar|Rock Slide|p2b: Lycanroc|[spread] p2a,p2b
|-resisted|p2a: Garchomp|1
|-damage|p2a: Garchomp|71/100
|-damage|p2b: Lycanroc|64/100
|
|-weather|Sandstorm|[upkeep]
|-damage|p1b: Excadrill|70/100 brn|[from] brn
|upkeep
|turn|5
|
|t:|1784425085
|move|p1a: Tyranitar|Protect|p1a: Tyranitar
|-singleturn|p1a: Tyranitar|Protect
|move|p1b: Excadrill|Earthquake|p2a: Garchomp|[spread] p2a,p2b
|-activate|p1a: Tyranitar|move: Protect
|-supereffective|p2b: Lycanroc|1
|-damage|p2a: Garchomp|57/100
|-damage|p2b: Lycanroc|26/100
|move|p2a: Garchomp|Stomping Tantrum|p1b: Excadrill
|-supereffective|p1b: Excadrill|1
|-damage|p1b: Excadrill|0 fnt
|faint|p1b: Excadrill
|move|p2b: Lycanroc|Close Combat|p1a: Tyranitar
|-activate|p1a: Tyranitar|move: Protect
|
|-weather|Sandstorm|[upkeep]
|upkeep
|
|t:|1784425094
|switch|p1b: Delphox|Delphox, L50, F|100/100
|turn|6
|
|t:|1784425114
|move|p1b: Delphox|Protect|p1b: Delphox
|-singleturn|p1b: Delphox|Protect
|move|p2b: Lycanroc|Accelerock|p1b: Delphox
|-activate|p1b: Delphox|move: Protect
|move|p2a: Garchomp|Stomping Tantrum|p1a: Tyranitar
|-supereffective|p1a: Tyranitar|1
|-damage|p1a: Tyranitar|50/100g
|move|p1a: Tyranitar|Rock Slide|p2a: Garchomp|[spread] p2a,p2b
|-resisted|p2a: Garchomp|1
|-damage|p2a: Garchomp|44/100
|-damage|p2b: Lycanroc|0 fnt
|faint|p2b: Lycanroc
|
|-weather|Sandstorm|[upkeep]
|-damage|p1b: Delphox|94/100|[from] Sandstorm
|-sideend|p2: EDJPP|move: Aurora Veil
|upkeep
|
|t:|1784425118
|switch|p2b: Froslass|Froslass-Mega, L50, F|46/100
|-weather|Snowscape|[from] ability: Snow Warning|[of] p2b: Froslass
|turn|7
|
|t:|1784425129
|move|p2a: Garchomp|Stomping Tantrum|p1a: Tyranitar
|-supereffective|p1a: Tyranitar|1
|-crit|p1a: Tyranitar
|-damage|p1a: Tyranitar|0 fnt
|faint|p1a: Tyranitar
|move|p2b: Froslass|Shadow Ball|p1b: Delphox
|-supereffective|p1b: Delphox|1
|-damage|p1b: Delphox|0 fnt
|faint|p1b: Delphox
|
|win|EDJPP
||EDJPP is ready for game 2.
||Adriatic Tides is ready for game 2.
|uhtml|next|Next: Game 2 of 3
