|j|☆Dannte56789
|j|☆No.1AnicredibleFan
|html|Dannte56789No.1AnicredibleFan    
|uhtml|bestof|Game 1 of a best-of-3
|t:|1756401028
|gametype|doubles
|player|p1|Dannte56789|2|1000
|player|p2|No.1AnicredibleFan|hilbert|1073
|gen|9
|tier|[Gen 9] VGC 2025 Reg H (Bo3)
|rated|
|rule|Species Clause: Limit one of each Pokémon
|rule|Item Clause: Limit 1 of each item
|clearpoke
|poke|p1|Basculegion-F, L50, F|
|poke|p1|Archaludon, L50, M|
|poke|p1|Pelipper, L50, F|
|poke|p1|Rillaboom, L50, M|
|poke|p1|Amoonguss, L50, F|
|poke|p1|Raichu, L50, M|
|poke|p2|Baxcalibur, L50, M|
|poke|p2|Ursaluna-Bloodmoon, L50, M|
|poke|p2|Farigiraf, L50, F|
|poke|p2|Murkrow, L50, M|
|poke|p2|Arcanine-Hisui, L50, M|
|poke|p2|Amoonguss, L50, M|
|teampreview|4
|showteam|p1|Basculegion-F||ChoiceSpecs|SwiftSwim|ShadowBall,MuddyWater,IceBeam,Protect|||F|||50|,,,,,Ghost]Archaludon||PowerHerb|Stamina|ElectroShot,BodyPress,Protect,DracoMeteor|||M|||50|,,,,,Electric]Pelipper||FocusSash|Drizzle|WeatherBall,WideGuard,Tailwind,Protect|||F|||50|,,,,,Ground]Rillaboom||ChoiceBand|GrassySurge|WoodHammer,FakeOut,GrassyGlide,Uturn|||M|||50|,,,,,Ghost]Amoonguss||SafetyGoggles|Regenerator|Protect,Spore,PollenPuff,RagePowder|||F|||50|,,,,,Water]Raichu||SitrusBerry|Static|Electroweb,KnockOff,VoltSwitch,Thunderbolt|||M|||50|,,,,,Electric
|showteam|p2|Baxcalibur||LoadedDice|ThermalExchange|Protect,SwordsDance,ScaleShot,IcicleSpear|||M|||50|,,,,,Poison]Ursaluna-Bloodmoon||LifeOrb|MindsEye|Protect,EarthPower,HyperVoice,BloodMoon|||M|||50|,,,,,Normal]Farigiraf||ThroatSpray|ArmorTail|Protect,TrickRoom,HyperVoice,Psychic|||F|||50|,,,,,Water]Murkrow||Eviolite|Prankster|Protect,Tailwind,Snarl,Haze|||M|||50|,,,,,Ghost]Arcanine-Hisui||ClearAmulet|Intimidate|FlareBlitz,RockSlide,ExtremeSpeed,CloseCombat|||M|||50|,,,,,Grass]Amoonguss||SitrusBerry|Regenerator|Protect,RagePowder,PollenPuff,Spore|||M|||50|,,,,,Water
|inactive|Battle timer is ON: inactive players will automatically lose when time's up. (requested by No.1AnicredibleFan)
|
|t:|1756401067
|teamsize|p1|4
|teamsize|p2|4
|start
|switch|p1a: Archaludon|Archaludon, L50, M|100/100
|switch|p1b: Amoonguss|Amoonguss, L50, F|100/100
|switch|p2a: Farigiraf|Farigiraf, L50, F|100/100
|switch|p2b: Amoonguss|Amoonguss, L50, M|100/100
|turn|1
|inactive|Dannte56789 has 30 seconds left.
|
|t:|1756401099
|move|p2a: Farigiraf|Protect|p2a: Farigiraf
|-singleturn|p2a: Farigiraf|Protect
|move|p1a: Archaludon|Body Press|p2a: Farigiraf
|-activate|p2a: Farigiraf|move: Protect
|move|p1b: Amoonguss|Spore|p2b: Amoonguss
|-immune|p2b: Amoonguss
|move|p2b: Amoonguss|Spore|p1a: Archaludon
|-status|p1a: Archaludon|slp|[from] move: Spore
|
|upkeep
|turn|2
|inactive|Dannte56789 has 30 seconds left.
|
|t:|1756401128
|switch|p2a: Murkrow|Murkrow, L50, M|100/100
|switch|p2b: Ursaluna|Ursaluna-Bloodmoon, L50, M|100/100
|move|p1b: Amoonguss|Rage Powder|p1b: Amoonguss
|-singleturn|p1b: Amoonguss|move: Rage Powder
|cant|p1a: Archaludon|slp
|
|upkeep
|turn|3
|inactive|No.1AnicredibleFan has 30 seconds left.
|
|t:|1756401160
|-terastallize|p2b: Ursaluna|Normal
|cant|p1a: Archaludon|slp
|move|p1b: Amoonguss|Protect|p1b: Amoonguss
|-singleturn|p1b: Amoonguss|Protect
|move|p2a: Murkrow|Snarl|p1b: Amoonguss|[spread] p1a
|-activate|p1b: Amoonguss|move: Protect
|-damage|p1a: Archaludon|87/100 slp
|-unboost|p1a: Archaludon|spa|1
|-ability|p1a: Archaludon|Stamina|boost
|-boost|p1a: Archaludon|def|1
|move|p2b: Ursaluna|Blood Moon|p1b: Amoonguss
|-activate|p1b: Amoonguss|move: Protect
|
|upkeep
|turn|4
|inactive|Dannte56789 has 30 seconds left.
|inactive|No.1AnicredibleFan has 30 seconds left.
|inactive|Dannte56789 has 20 seconds left.
|inactive|Dannte56789 has 15 seconds left.
|inactive|Dannte56789 has 10 seconds left.
|inactive|Dannte56789 has 5 seconds left.
|
|t:|1756401217
|move|p2b: Ursaluna|Protect|p2b: Ursaluna
|-singleturn|p2b: Ursaluna|Protect
|move|p2a: Murkrow|Tailwind|p2a: Murkrow
|-sidestart|p2: No.1AnicredibleFan|move: Tailwind
|cant|p1a: Archaludon|slp
|move|p1b: Amoonguss|Spore|p2b: Ursaluna
|-activate|p2b: Ursaluna|move: Protect
|
|upkeep
|turn|5
|
|t:|1756401238
|-terastallize|p1a: Archaludon|Electric
|move|p1b: Amoonguss|Rage Powder|p1b: Amoonguss
|-singleturn|p1b: Amoonguss|move: Rage Powder
|move|p2a: Murkrow|Haze|p2a: Murkrow
|-clearallboost
|move|p2b: Ursaluna|Earth Power|p1b: Amoonguss
|-damage|p1b: Amoonguss|55/100
|-damage|p2b: Ursaluna|91/100|[from] item: Life Orb
|-curestatus|p1a: Archaludon|slp|[msg]
|move|p1a: Archaludon|Electro Shot||[still]
|-prepare|p1a: Archaludon|Electro Shot
|-boost|p1a: Archaludon|spa|1
|-enditem|p1a: Archaludon|Power Herb
|-anim|p1a: Archaludon|Electro Shot|p2a: Murkrow
|-supereffective|p2a: Murkrow
|-damage|p2a: Murkrow|0 fnt
|faint|p2a: Murkrow
|
|upkeep
|
|t:|1756401253
|switch|p2a: Amoonguss|Amoonguss, L50, M|100/100
|turn|6
|inactive|Dannte56789 has 30 seconds left.
|
|t:|1756401284
|move|p2b: Ursaluna|Protect|p2b: Ursaluna
|-singleturn|p2b: Ursaluna|Protect
|move|p1b: Amoonguss|Rage Powder|p1b: Amoonguss
|-singleturn|p1b: Amoonguss|move: Rage Powder
|move|p1a: Archaludon|Body Press|p2a: Amoonguss
|-resisted|p2a: Amoonguss
|-damage|p2a: Amoonguss|90/100
|move|p2a: Amoonguss|Spore|p1a: Archaludon
|-status|p1a: Archaludon|slp|[from] move: Spore
|
|upkeep
|turn|7
|
|t:|1756401302
|switch|p1a: Pelipper|Pelipper, L50, F|100/100
|-weather|RainDance|[from] ability: Drizzle|[of] p1a: Pelipper
|switch|p2a: Farigiraf|Farigiraf, L50, F|100/100
|move|p1b: Amoonguss|Protect|p1b: Amoonguss
|-singleturn|p1b: Amoonguss|Protect
|move|p2b: Ursaluna|Blood Moon|p1b: Amoonguss
|-activate|p1b: Amoonguss|move: Protect
|
|-weather|RainDance|[upkeep]
|-sideend|p2: No.1AnicredibleFan|move: Tailwind
|upkeep
|turn|8
|inactive|Dannte56789 has 30 seconds left.
|inactive|Dannte56789 has 20 seconds left.
|
|t:|1756401340
|move|p1a: Pelipper|Weather Ball|p2a: Farigiraf
|-damage|p2a: Farigiraf|39/100
|move|p2a: Farigiraf|Psychic|p1b: Amoonguss
|-supereffective|p1b: Amoonguss
|-damage|p1b: Amoonguss|0 fnt
|faint|p1b: Amoonguss
|move|p2b: Ursaluna|Hyper Voice|p1a: Pelipper
|-enditem|p1a: Pelipper|Focus Sash
|-damage|p1a: Pelipper|1/100
|-damage|p2b: Ursaluna|81/100|[from] item: Life Orb
|
|-weather|RainDance|[upkeep]
|upkeep
|
|t:|1756401354
|switch|p1b: Basculegion|Basculegion-F, L50, F, shiny|100/100
|turn|9
|
|t:|1756401368
|switch|p2a: Amoonguss|Amoonguss, L50, M|100/100
|move|p1a: Pelipper|Protect|p1a: Pelipper
|-singleturn|p1a: Pelipper|Protect
|move|p2b: Ursaluna|Protect|p2b: Ursaluna
|-singleturn|p2b: Ursaluna|Protect
|move|p1b: Basculegion|Shadow Ball|p2a: Amoonguss
|-damage|p2a: Amoonguss|55/100
|
|-weather|RainDance|[upkeep]
|upkeep
|turn|10
|
|t:|1756401393
|move|p2a: Amoonguss|Rage Powder|p2a: Amoonguss
|-singleturn|p2a: Amoonguss|move: Rage Powder
|move|p1b: Basculegion|Shadow Ball|p2a: Amoonguss
|-damage|p2a: Amoonguss|6/100
|-enditem|p2a: Amoonguss|Sitrus Berry|[eat]
|-heal|p2a: Amoonguss|31/100|[from] item: Sitrus Berry
|move|p1a: Pelipper|Weather Ball|p2a: Amoonguss
|-resisted|p2a: Amoonguss
|-damage|p2a: Amoonguss|4/100
|move|p2b: Ursaluna|Hyper Voice|p1b: Basculegion|[spread] p1a,p1b
|-damage|p1a: Pelipper|0 fnt
|-damage|p1b: Basculegion|30/100
|faint|p1a: Pelipper
|-damage|p2b: Ursaluna|72/100|[from] item: Life Orb
|
|-weather|RainDance|[upkeep]
|upkeep
|
|t:|1756401410
|switch|p1a: Archaludon|Archaludon, L50, M, tera:Electric|87/100 slp
|turn|11
|
|t:|1756401422
|switch|p2a: Farigiraf|Farigiraf, L50, F|39/100
|move|p1b: Basculegion|Shadow Ball|p2b: Ursaluna
|-immune|p2b: Ursaluna
|cant|p1a: Archaludon|slp
|move|p2b: Ursaluna|Hyper Voice|p1a: Archaludon|[spread] p1a,p1b
|-damage|p1a: Archaludon|22/100 slp
|-damage|p1b: Basculegion|0 fnt
|-ability|p1a: Archaludon|Stamina|boost
|-boost|p1a: Archaludon|def|1
|faint|p1b: Basculegion
|-damage|p2b: Ursaluna|62/100|[from] item: Life Orb
|
|-weather|none
|upkeep
|turn|12
|
|t:|1756401443
|cant|p1a: Archaludon|slp
|move|p2a: Farigiraf|Psychic|p1a: Archaludon
|-damage|p1a: Archaludon|0 fnt
|faint|p1a: Archaludon
|
|win|No.1AnicredibleFan
