|j|☆AyushXD
|j|☆Stereofloveeee
|html|AyushXDStereofloveeee    
|uhtml|bestof|Game 2 of a best-of-3
|t:|1785748355
|gametype|doubles
|player|p1|AyushXD|lucas|1266
|player|p2|Stereofloveeee|2|1214
|gen|9
|tier|[Gen 9 Champions] VGC 2026 Reg M-B (Bo3)
|rated|
|rule|Species Clause: Limit one of each Pokémon
|rule|Item Clause: Limit 1 of each item
|clearpoke
|poke|p1|Gengar, L50, F, shiny|
|poke|p1|Archaludon, L50, M|
|poke|p1|Politoed, L50, F|
|poke|p1|Swampert, L50, F|
|poke|p1|Vivillon, L50, F|
|poke|p1|Incineroar, L50, M|
|poke|p2|Excadrill, L50, M|
|poke|p2|Tyranitar, L50, F, shiny|
|poke|p2|Sinistcha, L50|
|poke|p2|Milotic, L50, F, shiny|
|poke|p2|Gholdengo, L50|
|poke|p2|Staraptor, L50, M, shiny|
|teampreview|4
|showteam|p1|Gengar||Gengarite|CursedBody|ShadowBall,SludgeBomb,PerishSong,Protect|Modest||F|||50|]Archaludon||Leftovers|Stamina|ElectroShot,DragonPulse,FlashCannon,Protect|Bold||M|||50|]Politoed||SitrusBerry|Drizzle|WeatherBall,Hypnosis,PerishSong,Protect|Calm||F|||50|]Swampert||Swampertite|Torrent|WaveCrash,Earthquake,IcePunch,Protect|Adamant||F|||50|]Vivillon||FocusSash|CompoundEyes|Hurricane,SleepPowder,RagePowder,Protect|Timid||F|||50|]Incineroar||PasshoBerry|Intimidate|ThroatChop,FakeOut,PartingShot,Protect|Impish||M|||50|
|showteam|p2|Excadrill||FocusSash|SandRush|HighHorsepower,Protect,RockSlide,IronHead|Adamant||M|||50|]Tyranitar||Tyranitarite|SandStream|RockSlide,KnockOff,Protect,LowKick|Adamant||F|||50|]Sinistcha||SitrusBerry|Hospitality|MatchaGotcha,LifeDew,RagePowder,ShadowBall|Modest|||||50|]Milotic||Leftovers|Competitive|Scald,IceBeam,IcyWind,Protect|Quiet||F|||50|]Gholdengo||LifeOrb|GoodasGold|MakeItRain,NastyPlot,ShadowBall,Protect|Timid|||||50|]Staraptor||Staraptite|Intimidate|BraveBird,CloseCombat,Tailwind,Protect|Jolly||M|||50|
|inactive|Battle timer is ON: inactive players will automatically lose when time's up. (requested by AyushXD)
|
|t:|1785748383
|teamsize|p1|4
|teamsize|p2|4
|start
|switch|p1a: Gengar|Gengar, L50, F, shiny|100/100
|switch|p1b: Incineroar|Incineroar, L50, M|100/100
|switch|p2a: Milotic|Milotic, L50, F, shiny|100/100
|switch|p2b: Gholdengo|Gholdengo, L50|100/100
|-ability|p1b: Incineroar|Intimidate|boost
|-unboost|p2a: Milotic|atk|1
|-ability|p2a: Milotic|Competitive|boost
|-boost|p2a: Milotic|spa|2
|-unboost|p2b: Gholdengo|atk|1
|turn|1
|inactive|AyushXD has 30 seconds left.
|inactive|Stereofloveeee has 30 seconds left.
|inactive|Stereofloveeee has 20 seconds left.
|
|t:|1785748422
|switch|p2b: Staraptor|Staraptor, L50, M, shiny|100/100
|-ability|p2b: Staraptor|Intimidate|boost
|-unboost|p1a: Gengar|atk|1
|-unboost|p1b: Incineroar|atk|1
|detailschange|p1a: Gengar|Gengar-Mega, L50, F, shiny
|-mega|p1a: Gengar|Gengar|Gengarite
|move|p2a: Milotic|Protect|p2a: Milotic
|-singleturn|p2a: Milotic|Protect
|move|p1b: Incineroar|Fake Out|p2a: Milotic
|-activate|p2a: Milotic|move: Protect
|move|p1a: Gengar|Perish Song|p1a: Gengar
|-start|p1a: Gengar|perish3|[silent]
|-start|p1b: Incineroar|perish3|[silent]
|-start|p2a: Milotic|perish3|[silent]
|-start|p2b: Staraptor|perish3|[silent]
|-fieldactivate|move: Perish Song
|
|-start|p2b: Staraptor|perish3
|-start|p1a: Gengar|perish3
|-start|p2a: Milotic|perish3
|-start|p1b: Incineroar|perish3
|upkeep
|turn|2
|inactive|Stereofloveeee has 30 seconds left.
|inactive|Stereofloveeee has 20 seconds left.
|inactive|Stereofloveeee has 15 seconds left.
|inactive|Stereofloveeee has 10 seconds left.
|
|t:|1785748471
|detailschange|p2b: Staraptor|Staraptor-Mega, L50, M, shiny
|-mega|p2b: Staraptor|Staraptor|Staraptite
|move|p1a: Gengar|Protect|p1a: Gengar
|-singleturn|p1a: Gengar|Protect
|move|p1b: Incineroar|Protect|p1b: Incineroar
|-singleturn|p1b: Incineroar|Protect
|move|p2b: Staraptor|Close Combat|p1b: Incineroar
|-activate|p1b: Incineroar|move: Protect
|move|p2a: Milotic|Scald|p1a: Gengar
|-activate|p1a: Gengar|move: Protect
|
|-start|p2b: Staraptor|perish2
|-start|p1a: Gengar|perish2
|-start|p2a: Milotic|perish2
|-start|p1b: Incineroar|perish2
|upkeep
|turn|3
|
|t:|1785748492
|switch|p1a: Archaludon|Archaludon, L50, M|100/100
|move|p2b: Staraptor|Brave Bird|p1a: Archaludon
|-resisted|p1a: Archaludon|1
|-damage|p1a: Archaludon|80/100
|-ability|p1a: Archaludon|Stamina|boost
|-boost|p1a: Archaludon|def|1
|-damage|p2b: Staraptor|93/100|[from] Recoil
|move|p2a: Milotic|Scald|p1a: Archaludon
|-resisted|p1a: Archaludon|1
|-damage|p1a: Archaludon|47/100
|-ability|p1a: Archaludon|Stamina|boost
|-boost|p1a: Archaludon|def|1
|move|p1b: Incineroar|Parting Shot|p2b: Staraptor
|-boost|p2b: Staraptor|atk|1
|-boost|p2b: Staraptor|spa|1
|
|t:|1785748507
|switch|p1b: Gengar|Gengar-Mega, L50, F, shiny|100/100|[from] Parting Shot
|
|-heal|p1a: Archaludon|53/100|[from] item: Leftovers
|-start|p2b: Staraptor|perish1
|-start|p2a: Milotic|perish1
|upkeep
|turn|4
|
|t:|1785748526
|move|p1b: Gengar|Protect|p1b: Gengar
|-singleturn|p1b: Gengar|Protect
|move|p1a: Archaludon|Protect|p1a: Archaludon
|-singleturn|p1a: Archaludon|Protect
|move|p2b: Staraptor|Tailwind|p2b: Staraptor
|-sidestart|p2: Stereofloveeee|move: Tailwind
|move|p2a: Milotic|Ice Beam|p1a: Archaludon
|-activate|p1a: Archaludon|move: Protect
|
|-heal|p1a: Archaludon|59/100|[from] item: Leftovers
|-start|p2b: Staraptor|perish0
|-start|p2a: Milotic|perish0
|faint|p2b: Staraptor
|faint|p2a: Milotic
|upkeep
|
|t:|1785748536
|switch|p2b: Tyranitar|Tyranitar, L50, F, shiny|100/100
|switch|p2a: Gholdengo|Gholdengo, L50|100/100
|-weather|Sandstorm|[from] ability: Sand Stream|[of] p2b: Tyranitar
|turn|5
|inactive|Stereofloveeee has 30 seconds left.
|
|t:|1785748570
|switch|p1b: Incineroar|Incineroar, L50, M|100/100
|-ability|p1b: Incineroar|Intimidate|boost
|-unboost|p2a: Gholdengo|atk|1
|-unboost|p2b: Tyranitar|atk|1
|move|p2a: Gholdengo|Make It Rain|p1b: Incineroar|[spread] p1a,p1b
|-resisted|p1a: Archaludon|1
|-resisted|p1b: Incineroar|1
|-damage|p1a: Archaludon|27/100
|-damage|p1b: Incineroar|76/100
|-unboost|p2a: Gholdengo|spa|2
|-ability|p1a: Archaludon|Stamina|boost
|-boost|p1a: Archaludon|def|1
|-damage|p2a: Gholdengo|90/100|[from] item: Life Orb
|move|p2b: Tyranitar|Knock Off|p1b: Incineroar
|-resisted|p1b: Incineroar|1
|-damage|p1b: Incineroar|62/100
|-enditem|p1b: Incineroar|Passho Berry|[from] move: Knock Off|[of] p2b: Tyranitar
|move|p1a: Archaludon|Flash Cannon|p2b: Tyranitar
|-supereffective|p2b: Tyranitar|1
|-damage|p2b: Tyranitar|60/100
|-unboost|p2b: Tyranitar|spd|1
|
|-weather|Sandstorm|[upkeep]
|-damage|p1b: Incineroar|56/100|[from] Sandstorm
|-heal|p1a: Archaludon|34/100|[from] item: Leftovers
|upkeep
|turn|6
|inactive|AyushXD has 30 seconds left.
|inactive|Stereofloveeee has 30 seconds left.
|inactive|Stereofloveeee has 20 seconds left.
|
|t:|1785748610
|switch|p1b: Politoed|Politoed, L50, F|100/100
|-weather|RainDance|[from] ability: Drizzle|[of] p1b: Politoed
|move|p2a: Gholdengo|Nasty Plot|p2a: Gholdengo
|-boost|p2a: Gholdengo|spa|2
|move|p2b: Tyranitar|Rock Slide|p1b: Politoed|[spread] p1a,p1b
|-resisted|p1a: Archaludon|1
|-damage|p1a: Archaludon|30/100
|-damage|p1b: Politoed|82/100
|-ability|p1a: Archaludon|Stamina|boost
|-boost|p1a: Archaludon|def|1
|cant|p1a: Archaludon|flinch
|
|-weather|RainDance|[upkeep]
|-heal|p1a: Archaludon|37/100|[from] item: Leftovers
|upkeep
|turn|7
|inactive|Stereofloveeee has 30 seconds left.
|
|t:|1785748642
|move|p1a: Archaludon|Protect|p1a: Archaludon
|-singleturn|p1a: Archaludon|Protect
|move|p2a: Gholdengo|Shadow Ball|p1a: Archaludon
|-activate|p1a: Archaludon|move: Protect
|move|p2b: Tyranitar|Knock Off|p1b: Politoed
|-damage|p1b: Politoed|48/100
|-enditem|p1b: Politoed|Sitrus Berry|[from] move: Knock Off|[of] p2b: Tyranitar
|move|p1b: Politoed|Weather Ball|p2b: Tyranitar
|-supereffective|p2b: Tyranitar|1
|-damage|p2b: Tyranitar|0 fnt
|faint|p2b: Tyranitar
|
|-weather|RainDance|[upkeep]
|-heal|p1a: Archaludon|43/100|[from] item: Leftovers
|-sideend|p2: Stereofloveeee|move: Tailwind
|upkeep
|turn|8
|
|t:|1785748665
|move|p2a: Gholdengo|Shadow Ball|p1a: Archaludon
|-damage|p1a: Archaludon|0 fnt
|faint|p1a: Archaludon
|-damage|p2a: Gholdengo|80/100|[from] item: Life Orb
|move|p1b: Politoed|Weather Ball|p2a: Gholdengo
|-damage|p2a: Gholdengo|21/100
|
|-weather|RainDance|[upkeep]
|upkeep
|
|t:|1785748668
|switch|p1a: Gengar|Gengar-Mega, L50, F, shiny|100/100
|turn|9
|
|t:|1785748675
|switch|p1b: Incineroar|Incineroar, L50, M|56/100
|-ability|p1b: Incineroar|Intimidate|boost
|-unboost|p2a: Gholdengo|atk|1
|move|p1a: Gengar|Shadow Ball|p2a: Gholdengo
|-supereffective|p2a: Gholdengo|1
|-damage|p2a: Gholdengo|0 fnt
|faint|p2a: Gholdengo
|
|win|AyushXD
||Stereofloveeee is ready for game 3.
||AyushXD is ready for game 3.
|uhtml|next|Next: Game 3 of 3
|l|☆Stereofloveeee
|player|p2|
