|j|☆javi fuego
|j|☆lyk0
|html|javi fuegolyk0    
|uhtml|bestof|Game 2 of a best-of-3
|t:|1785768255
|gametype|doubles
|player|p1|javi fuego|265|1321
|player|p2|lyk0|ghetsis|1300
|gen|9
|tier|[Gen 9 Champions] VGC 2026 Reg M-B (Bo3)
|rated|
|rule|Species Clause: Limit one of each Pokémon
|rule|Item Clause: Limit 1 of each item
|clearpoke
|poke|p1|Raichu, L50, F|
|poke|p1|Floette-Eternal, L50, F|
|poke|p1|Sinistcha, L50|
|poke|p1|Ceruledge, L50, M|
|poke|p1|Milotic, L50, F|
|poke|p1|Incineroar, L50, M|
|poke|p2|Staraptor, L50, F|
|poke|p2|Delphox, L50, F|
|poke|p2|Whimsicott, L50, M|
|poke|p2|Kingambit, L50, F|
|poke|p2|Garchomp, L50, M|
|poke|p2|Milotic, L50, M, shiny|
|teampreview|4
|showteam|p1|Raichu||RaichuniteY|LightningRod|ZapCannon,FocusBlast,FakeOut,Protect|Timid||F|||50|]Floette-Eternal||Floettite|FlowerVeil|CalmMind,DazzlingGleam,DrainingKiss,Protect|Timid||F|||50|]Sinistcha||KasibBerry|Hospitality|MatchaGotcha,LifeDew,RagePowder,Protect|Relaxed|||||50|]Ceruledge||ColburBerry|FlashFire|BitterBlade,ShadowSneak,BulkUp,Protect|Adamant||M|||50|]Milotic||Leftovers|Competitive|MuddyWater,Coil,Hypnosis,Protect|Calm||F|||50|]Incineroar||SitrusBerry|Intimidate|FlareBlitz,ThroatChop,FakeOut,PartingShot|Impish||M|||50|
|showteam|p2|Staraptor||Staraptite|Intimidate|BraveBird,CloseCombat,Roost,Protect|Jolly||F|||50|]Delphox||Delphoxite|Blaze|HeatWave,Psychic,Substitute,Protect|Timid||F|||50|]Whimsicott||OccaBerry|Prankster|Moonblast,Tailwind,Charm,LightScreen|Timid||M|||50|]Kingambit||ChopleBerry|Defiant|LowKick,KowtowCleave,IronHead,SuckerPunch|Adamant||F|||50|]Garchomp||LifeOrb|RoughSkin|DragonClaw,Earthquake,RockSlide,Protect|Jolly||M|||50|]Milotic||Leftovers|Competitive|Recover,Scald,IcyWind,Protect|Bold||M|||50|
|inactive|Battle timer is ON: inactive players will automatically lose when time's up. (requested by javi fuego)
|l|☆javi fuego
|inactive|javi fuego disconnected and has a minute to reconnect!
|player|p1|
|
|t:|1785768320
|teamsize|p1|4
|teamsize|p2|4
|start
|switch|p1a: Raichu|Raichu, L50, F|100/100
|switch|p1b: Sinistcha|Sinistcha, L50|100/100
|switch|p2a: Milotic|Milotic, L50, M, shiny|100/100
|switch|p2b: Whimsicott|Whimsicott, L50, M|100/100
|turn|1
|j|☆javi fuego
|inactive|javi fuego reconnected and has 45 seconds left.
|player|p1|javi fuego|265|
|inactive|javi fuego has 30 seconds left.
|inactive|lyk0 has 30 seconds left.
|
|t:|1785768354
|detailschange|p1a: Raichu|Raichu-Mega-Y, L50, F
|-mega|p1a: Raichu|Raichu|Raichunite Y
|move|p1a: Raichu|Fake Out|p2b: Whimsicott
|-damage|p2b: Whimsicott|91/100
|cant|p2b: Whimsicott|flinch
|move|p2a: Milotic|Icy Wind|p1a: Raichu|[spread] p1a,p1b
|-supereffective|p1b: Sinistcha|1
|-damage|p1a: Raichu|86/100
|-damage|p1b: Sinistcha|80/100
|-unboost|p1a: Raichu|spe|1
|-unboost|p1b: Sinistcha|spe|1
|move|p1b: Sinistcha|Matcha Gotcha|p2a: Milotic|[spread] p2a,p2b
|-supereffective|p2a: Milotic|1
|-resisted|p2b: Whimsicott|1
|-damage|p2a: Milotic|64/100
|-heal|p1b: Sinistcha|100/100|[from] drain|[of] p2a: Milotic
|-damage|p2b: Whimsicott|74/100
|
|-heal|p2a: Milotic|70/100|[from] item: Leftovers
|upkeep
|turn|2
|inactive|lyk0 has 30 seconds left.
|inactive|lyk0 has 20 seconds left.
|
|t:|1785768389
|switch|p1a: Milotic|Milotic, L50, F|100/100
|move|p2b: Whimsicott|Light Screen|p2b: Whimsicott
|-sidestart|p2: lyk0|move: Light Screen
|move|p2a: Milotic|Icy Wind|p1a: Milotic|[spread] p1a,p1b
|-resisted|p1a: Milotic|1
|-supereffective|p1b: Sinistcha|1
|-damage|p1a: Milotic|97/100
|-damage|p1b: Sinistcha|82/100
|-unboost|p1a: Milotic|spe|1
|-ability|p1a: Milotic|Competitive|boost
|-boost|p1a: Milotic|spa|2
|-unboost|p1b: Sinistcha|spe|1
|move|p1b: Sinistcha|Matcha Gotcha|p2b: Whimsicott|[spread] p2a,p2b
|-supereffective|p2a: Milotic|1
|-resisted|p2b: Whimsicott|1
|-damage|p2a: Milotic|44/100
|-heal|p1b: Sinistcha|96/100|[from] drain|[of] p2a: Milotic
|-damage|p2b: Whimsicott|63/100
|-heal|p1b: Sinistcha|100/100|[from] drain|[of] p2b: Whimsicott
|-status|p2a: Milotic|brn
|
|-heal|p2a: Milotic|50/100g brn|[from] item: Leftovers
|-heal|p1a: Milotic|100/100|[from] item: Leftovers
|-damage|p2a: Milotic|44/100 brn|[from] brn
|upkeep
|turn|3
|
|t:|1785768413
|move|p2b: Whimsicott|Tailwind|p2b: Whimsicott
|-sidestart|p2: lyk0|move: Tailwind
|move|p2a: Milotic|Scald|p1a: Milotic
|-resisted|p1a: Milotic|1
|-damage|p1a: Milotic|90/100
|-status|p1a: Milotic|brn
|move|p1a: Milotic|Coil|p1a: Milotic
|-boost|p1a: Milotic|atk|1
|-boost|p1a: Milotic|def|1
|-boost|p1a: Milotic|accuracy|1
|move|p1b: Sinistcha|Matcha Gotcha|p2a: Milotic|[spread] p2a
|-miss|p1b: Sinistcha|p2b: Whimsicott
|-supereffective|p2a: Milotic|1
|-damage|p2a: Milotic|20/100y brn
|
|-heal|p2a: Milotic|26/100 brn|[from] item: Leftovers
|-heal|p1a: Milotic|96/100 brn|[from] item: Leftovers
|-damage|p2a: Milotic|20/100y brn|[from] brn
|-damage|p1a: Milotic|90/100 brn|[from] brn
|upkeep
|turn|4
|
|t:|1785768430
|switch|p2a: Staraptor|Staraptor, L50, F|100/100
|-ability|p2a: Staraptor|Intimidate|boost
|-unboost|p1a: Milotic|atk|1
|-ability|p1a: Milotic|Competitive|boost
|-boost|p1a: Milotic|spa|2
|-unboost|p1b: Sinistcha|atk|1
|move|p2b: Whimsicott|Moonblast|p1b: Sinistcha
|-damage|p1b: Sinistcha|74/100
|move|p1a: Milotic|Hypnosis|p2b: Whimsicott
|-status|p2b: Whimsicott|slp|[from] move: Hypnosis
|move|p1b: Sinistcha|Matcha Gotcha|p2b: Whimsicott|[spread] p2a,p2b
|-resisted|p2a: Staraptor|1
|-crit|p2a: Staraptor
|-resisted|p2b: Whimsicott|1
|-damage|p2a: Staraptor|76/100
|-heal|p1b: Sinistcha|87/100|[from] drain|[of] p2a: Staraptor
|-damage|p2b: Whimsicott|52/100 slp
|-heal|p1b: Sinistcha|92/100|[from] drain|[of] p2b: Whimsicott
|-status|p2a: Staraptor|brn
|
|-heal|p1a: Milotic|96/100 brn|[from] item: Leftovers
|-damage|p2a: Staraptor|71/100 brn|[from] brn
|-damage|p1a: Milotic|90/100 brn|[from] brn
|upkeep
|turn|5
|
|t:|1785768455
|detailschange|p2a: Staraptor|Staraptor-Mega, L50, F
|-mega|p2a: Staraptor|Staraptor|Staraptite
|cant|p2b: Whimsicott|slp
|move|p2a: Staraptor|Close Combat|p1a: Milotic
|-damage|p1a: Milotic|74/100 brn
|-boost|p2a: Staraptor|def|1
|-boost|p2a: Staraptor|spd|1
|move|p1a: Milotic|Muddy Water|p2a: Staraptor|[spread] p2a,p2b
|-resisted|p2b: Whimsicott|1
|-damage|p2a: Staraptor|40/100 brn
|-damage|p2b: Whimsicott|22/100 slp
|-unboost|p2b: Whimsicott|accuracy|1
|move|p1b: Sinistcha|Life Dew|p1b: Sinistcha|[spread] p1a,p1b
|-heal|p1a: Milotic|100/100 brn
|-heal|p1b: Sinistcha|100/100
|
|-damage|p2a: Staraptor|35/100 brn|[from] brn
|-damage|p1a: Milotic|94/100 brn|[from] brn
|upkeep
|turn|6
|inactive|lyk0 has 30 seconds left.
|
|t:|1785768480
|cant|p2b: Whimsicott|slp
|move|p2a: Staraptor|Brave Bird|p1b: Sinistcha
|-supereffective|p1b: Sinistcha|1
|-damage|p1b: Sinistcha|52/100
|-damage|p2a: Staraptor|20/100y brn|[from] Recoil
|move|p1a: Milotic|Muddy Water|p2a: Staraptor|[spread] p2a,p2b
|-resisted|p2b: Whimsicott|1
|-damage|p2a: Staraptor|0 fnt
|-damage|p2b: Whimsicott|0 fnt
|faint|p2a: Staraptor
|faint|p2b: Whimsicott
|move|p1b: Sinistcha|Matcha Gotcha|p2: Staraptor|[notarget]
|-fail|p1b: Sinistcha
|
|-heal|p1a: Milotic|100/100 brn|[from] item: Leftovers
|-damage|p1a: Milotic|94/100 brn|[from] brn
|-sideend|p2: lyk0|move: Light Screen
|-sideend|p2: lyk0|move: Tailwind
|upkeep
|
|t:|1785768485
|switch|p2a: Milotic|Milotic, L50, M, shiny|20/100y brn
|switch|p2b: Kingambit|Kingambit, L50, F|100/100
|turn|7
|
|t:|1785768503
|move|p2a: Milotic|Recover|p2a: Milotic
|-heal|p2a: Milotic|70/100 brn
|move|p2b: Kingambit|Kowtow Cleave|p1b: Sinistcha
|-supereffective|p1b: Sinistcha|1
|-damage|p1b: Sinistcha|0 fnt
|faint|p1b: Sinistcha
|move|p1a: Milotic|Hypnosis|p2b: Kingambit
|-status|p2b: Kingambit|slp|[from] move: Hypnosis
|
|-heal|p2a: Milotic|76/100 brn|[from] item: Leftovers
|-heal|p1a: Milotic|100/100 brn|[from] item: Leftovers
|-damage|p2a: Milotic|70/100 brn|[from] brn
|-damage|p1a: Milotic|94/100 brn|[from] brn
|upkeep
|
|t:|1785768509
|switch|p1b: Raichu|Raichu-Mega-Y, L50, F|86/100
|turn|8
|
|t:|1785768531
|move|p2a: Milotic|Protect|p2a: Milotic
|-singleturn|p2a: Milotic|Protect
|move|p1b: Raichu|Focus Blast|p2b: Kingambit
|-supereffective|p2b: Kingambit|2
|-enditem|p2b: Kingambit|Chople Berry|[eat]
|-enditem|p2b: Kingambit|Chople Berry|[weaken]
|-damage|p2b: Kingambit|22/100 slp
|cant|p2b: Kingambit|slp
|move|p1a: Milotic|Coil|p1a: Milotic
|-boost|p1a: Milotic|atk|1
|-boost|p1a: Milotic|def|1
|-boost|p1a: Milotic|accuracy|1
|
|-heal|p2a: Milotic|76/100 brn|[from] item: Leftovers
|-heal|p1a: Milotic|100/100 brn|[from] item: Leftovers
|-damage|p2a: Milotic|70/100 brn|[from] brn
|-damage|p1a: Milotic|94/100 brn|[from] brn
|upkeep
|turn|9
|inactive|javi fuego has 30 seconds left.
|
|t:|1785768566
|move|p1b: Raichu|Zap Cannon|p2a: Milotic
|-supereffective|p2a: Milotic|1
|-damage|p2a: Milotic|0 fnt
|faint|p2a: Milotic
|cant|p2b: Kingambit|slp
|move|p1a: Milotic|Muddy Water|p2b: Kingambit
|-damage|p2b: Kingambit|0 fnt
|faint|p2b: Kingambit
|
|win|javi fuego
||lyk0 is ready for game 3.
||javi fuego is ready for game 3.
|uhtml|next|Next: Game 3 of 3
|l|☆lyk0
|player|p2|
