|j|☆SleepD2
|j|☆d1mo22
|html|SleepD2d1mo22    
|uhtml|bestof|Game 3 of a best-of-3
|t:|1785260349
|gametype|doubles
|player|p1|SleepD2|265|1349
|player|p2|d1mo22|skier|1326
|gen|9
|tier|[Gen 9 Champions] VGC 2026 Reg M-B (Bo3)
|rated|
|rule|Species Clause: Limit one of each Pokémon
|rule|Item Clause: Limit 1 of each item
|clearpoke
|poke|p1|Kommo-o, L50, F|
|poke|p1|Gardevoir, L50, F|
|poke|p1|Maushold-Four, L50|
|poke|p1|Kingambit, L50, M|
|poke|p1|Talonflame, L50, M|
|poke|p1|Basculegion, L50, M|
|poke|p2|Raichu, L50, M|
|poke|p2|Gyarados, L50, M, shiny|
|poke|p2|Mamoswine, L50, M|
|poke|p2|Ceruledge, L50, F|
|poke|p2|Sinistcha, L50|
|poke|p2|Kingambit, L50, M, shiny|
|teampreview|4
|showteam|p1|Kommo-o||LifeOrb|Soundproof|Protect,VacuumWave,ClangingScales,AuraSphere|Timid||F|||50|]Gardevoir||Gardevoirite|Synchronize|Protect,HyperVoice,Psychic,Thunderbolt|Modest||F|||50|]Maushold-Four||FocusSash|FriendGuard|FollowMe,Protect,SuperFang,HelpingHand|Jolly|||||50|]Kingambit||ExpertBelt|Defiant|SuckerPunch,KowtowCleave,IronHead,Protect|Jolly||M|||50|]Talonflame||SharpBeak|GaleWings|Protect,DualWingbeat,Tailwind,QuickGuard|Jolly||M|||50|]Basculegion||ChoiceScarf|Adaptability|WaveCrash,LastRespects,FlipTurn,AquaJet|Jolly||M|||50|
|showteam|p2|Raichu||RaichuniteY|LightningRod|FakeOut,Encore,ZapCannon,FocusBlast|Timid||M|||50|]Gyarados||Gyaradosite|Intimidate|LashOut,Waterfall,DragonDance,Protect|Adamant||M|||50|]Mamoswine||LifeOrb|Oblivious|Protect,IcicleCrash,IceShard,HighHorsepower|Jolly||M|||50|]Ceruledge||ColburBerry|FlashFire|BitterBlade,ShadowSneak,BulkUp,Protect|Adamant||F|||50|]Sinistcha||SitrusBerry|Hospitality|Protect,RagePowder,MatchaGotcha,LifeDew|Bold|||||50|]Kingambit||FocusSash|Defiant|Protect,SuckerPunch,KowtowCleave,IronHead|Adamant||M|||50|
|inactive|Battle timer is ON: inactive players will automatically lose when time's up. (requested by d1mo22)
|inactive|d1mo22 has 60 seconds left.
|
|t:|1785260395
|teamsize|p1|4
|teamsize|p2|4
|start
|switch|p1a: Rainy boots|Basculegion, L50, M|100/100
|switch|p1b: Kingambit|Kingambit, L50, M|100/100
|switch|p2a: Raichu|Raichu, L50, M|100/100
|switch|p2b: Ceruledge|Ceruledge, L50, F|100/100
|turn|1
|inactive|d1mo22 has 30 seconds left.
|inactive|d1mo22 has 20 seconds left.
|
|t:|1785260434
|detailschange|p2a: Raichu|Raichu-Mega-Y, L50, M
|-mega|p2a: Raichu|Raichu|Raichunite Y
|move|p1a: Rainy boots|Wave Crash|p2a: Raichu
|-damage|p2a: Raichu|0 fnt
|faint|p2a: Raichu
|-damage|p1a: Rainy boots|71/100|[from] Recoil
|move|p2b: Ceruledge|Bulk Up|p2b: Ceruledge
|-boost|p2b: Ceruledge|atk|1
|-boost|p2b: Ceruledge|def|1
|move|p1b: Kingambit|Kowtow Cleave|p2b: Ceruledge
|-supereffective|p2b: Ceruledge|1
|-enditem|p2b: Ceruledge|Colbur Berry|[eat]
|-enditem|p2b: Ceruledge|Colbur Berry|[weaken]
|-damage|p2b: Ceruledge|60/100
|
|upkeep
|
|t:|1785260439
|switch|p2a: Kingambit|Kingambit, L50, M, shiny|100/100
|turn|2
|
|t:|1785260452
|switch|p1a: Kommo-o|Kommo-o, L50, F|100/100
|move|p2b: Ceruledge|Protect|p2b: Ceruledge
|-singleturn|p2b: Ceruledge|Protect
|move|p1b: Kingambit|Protect|p1b: Kingambit
|-singleturn|p1b: Kingambit|Protect
|move|p2a: Kingambit|Sucker Punch||[still]
|-fail|p2a: Kingambit
|
|upkeep
|turn|3
|
|t:|1785260465
|move|p1b: Kingambit|Sucker Punch|p2b: Ceruledge
|-supereffective|p2b: Ceruledge|1
|-damage|p2b: Ceruledge|0 fnt
|faint|p2b: Ceruledge
|move|p1a: Kommo-o|Clanging Scales|p2a: Kingambit
|-resisted|p2a: Kingambit|1
|-damage|p2a: Kingambit|62/100
|-unboost|p1a: Kommo-o|def|1
|-damage|p1a: Kommo-o|90/100|[from] item: Life Orb
|move|p2a: Kingambit|Iron Head|p1a: Kommo-o
|-damage|p1a: Kommo-o|20/100y
|
|upkeep
|
|t:|1785260467
|switch|p2b: Sinistcha|Sinistcha, L50|100/100
|-heal|p2a: Kingambit|87/100|[from] ability: Hospitality|[of] p2b: Sinistcha
|turn|4
|
|t:|1785260486
|move|p1a: Kommo-o|Vacuum Wave|p2a: Kingambit
|-supereffective|p2a: Kingambit|2
|-damage|p2a: Kingambit|0 fnt
|faint|p2a: Kingambit
|-damage|p1a: Kommo-o|10/100|[from] item: Life Orb
|move|p1b: Kingambit|Kowtow Cleave|p2b: Sinistcha
|-supereffective|p2b: Sinistcha|1
|-damage|p2b: Sinistcha|4/100
|-enditem|p2b: Sinistcha|Sitrus Berry|[eat]
|-heal|p2b: Sinistcha|29/100|[from] item: Sitrus Berry
|move|p2b: Sinistcha|Matcha Gotcha|p1a: Kommo-o|[spread] p1a,p1b
|-resisted|p1a: Kommo-o|1
|-resisted|p1b: Kingambit|1
|-damage|p1a: Kommo-o|0 fnt
|-heal|p2b: Sinistcha|34/100|[from] drain|[of] p1a: Kommo-o
|-damage|p1b: Kingambit|87/100
|-heal|p2b: Sinistcha|40/100|[from] drain|[of] p1b: Kingambit
|faint|p1a: Kommo-o
|
|upkeep
|
|t:|1785260496
|switch|p1a: Rainy boots|Basculegion, L50, M|71/100
|turn|5
|-message|d1mo22 forfeited.
|
|win|SleepD2
|raw|SleepD2's rating: 1349 → 1368(+19 for winning)
|raw|d1mo22's rating: 1326 → 1307(-19 for losing)
|l|☆d1mo22
|player|p2|
