|j|☆sum1dum
|j|☆TheRealEmilyRose
|html|sum1dumTheRealEmilyRose    
|uhtml|bestof|Game 1 of a best-of-3
|t:|1783111141
|gametype|doubles
|player|p1|sum1dum|rosa|1151
|player|p2|TheRealEmilyRose|dawn|1140
|gen|9
|tier|[Gen 9 Champions] VGC 2026 Reg M-B (Bo3)
|rated|
|rule|Species Clause: Limit one of each Pokémon
|rule|Item Clause: Limit 1 of each item
|clearpoke
|poke|p1|Gliscor, L50, M|
|poke|p1|Primarina, L50, F|
|poke|p1|Metagross, L50|
|poke|p1|Ninetales-Alola, L50, M|
|poke|p1|Incineroar, L50, M|
|poke|p1|Sinistcha, L50|
|poke|p2|Grimmsnarl, L50, M|
|poke|p2|Charizard, L50, M|
|poke|p2|Garchomp, L50, F|
|poke|p2|Gholdengo, L50|
|poke|p2|Kingambit, L50, F|
|poke|p2|Sneasler, L50, F|
|teampreview|4
|showteam|p1|Gliscor||LifeOrb|HyperCutter|DualWingbeat,HighHorsepower,Protect,RockSlide|Jolly||M|||50|]Primarina||Leftovers|LiquidVoice|CalmMind,HyperVoice,Moonblast,Protect|Modest||F|||50|]Metagross||Metagrossite|ClearBody|BulletPunch,IronHead,Protect,PsychicFangs|Jolly|||||50|]Ninetales-Alola||LightClay|SnowWarning|AuroraVeil,FreezeDry,Moonblast,Protect|Timid||M|||50|]Incineroar||ChopleBerry|Intimidate|FakeOut,FlareBlitz,DarkestLariat,PartingShot|Impish||M|||50|]Sinistcha||SitrusBerry|Hospitality|MatchaGotcha,Protect,LifeDew,RagePowder|Bold|||||50|
|showteam|p2|Grimmsnarl||IronBall|Prankster|SpiritBreak,Reflect,LightScreen,Trick|Careful||M|||50|]Charizard||CharizarditeY|Blaze|HeatWave,WeatherBall,SolarBeam,Protect|Modest||M|||50|]Garchomp||LifeOrb|RoughSkin|Earthquake,DragonClaw,RockSlide,Protect|Jolly||F|||50|]Gholdengo||ChoiceScarf|GoodasGold|MakeItRain,ShadowBall,PowerGem,Psychic|Modest|||||50|]Kingambit||BlackGlasses|Defiant|KowtowCleave,SuckerPunch,SwordsDance,Protect|Adamant||F|||50|]Sneasler||FocusSash|PoisonTouch|FakeOut,DireClaw,CloseCombat,Protect|Jolly||F|||50|
|inactive|Battle timer is ON: inactive players will automatically lose when time's up. (requested by TheRealEmilyRose)
|inactive|sum1dum also wants the timer to be on.
|inactive|sum1dum has 60 seconds left.
|inactive|TheRealEmilyRose has 60 seconds left.
|
|t:|1783111198
|teamsize|p1|4
|teamsize|p2|4
|start
|switch|p1a: Perserverance|Metagross, L50|100/100
|switch|p1b: Justice|Incineroar, L50, M|100/100
|switch|p2a: Gholdengo|Gholdengo, L50|100/100
|switch|p2b: Kingambit|Kingambit, L50, F|100/100
|-ability|p1b: Justice|Intimidate|boost
|-unboost|p2a: Gholdengo|atk|1
|-unboost|p2b: Kingambit|atk|1
|-ability|p2b: Kingambit|Defiant|boost
|-boost|p2b: Kingambit|atk|2
|turn|1
|
|t:|1783111218
|switch|p1a: Patience|Primarina, L50, F|100/100
|move|p2a: Gholdengo|Power Gem|p1b: Justice
|-supereffective|p1b: Justice|1
|-damage|p1b: Justice|53/100
|move|p1b: Justice|Flare Blitz|p2b: Kingambit
|-supereffective|p2b: Kingambit|1
|-damage|p2b: Kingambit|32/100
|-damage|p1b: Justice|30/100|[from] Recoil
|move|p2b: Kingambit|Kowtow Cleave|p1a: Patience
|-resisted|p1a: Patience|1
|-damage|p1a: Patience|50/100g
|
|-heal|p1a: Patience|56/100|[from] item: Leftovers
|upkeep
|turn|2
|inactive|TheRealEmilyRose has 30 seconds left.
|
|t:|1783111246
|switch|p1b: Perserverance|Metagross, L50|100/100
|move|p2b: Kingambit|Sucker Punch|p1a: Patience
|-resisted|p1a: Patience|1
|-damage|p1a: Patience|21/100
|move|p2a: Gholdengo|Power Gem|p1b: Perserverance
|-resisted|p1b: Perserverance|1
|-damage|p1b: Perserverance|80/100
|move|p1a: Patience|Hyper Voice|p2b: Kingambit|[spread] p2a,p2b
|-damage|p2a: Gholdengo|59/100
|-damage|p2b: Kingambit|1/100
|
|-heal|p1a: Patience|27/100|[from] item: Leftovers
|upkeep
|turn|3
|
|t:|1783111263
|detailschange|p1b: Perserverance|Metagross-Mega, L50
|-mega|p1b: Perserverance|Metagross|Metagrossite
|move|p1b: Perserverance|Bullet Punch|p2b: Kingambit
|-resisted|p2b: Kingambit|1
|-damage|p2b: Kingambit|0 fnt
|faint|p2b: Kingambit
|move|p2a: Gholdengo|Power Gem|p1a: Patience
|-crit|p1a: Patience
|-damage|p1a: Patience|0 fnt
|faint|p1a: Patience
|
|upkeep
|
|t:|1783111273
|switch|p1a: Justice|Incineroar, L50, M|30/100
|switch|p2b: Charizard|Charizard, L50, M|100/100
|-ability|p1a: Justice|Intimidate|boost
|-unboost|p2a: Gholdengo|atk|1
|-unboost|p2b: Charizard|atk|1
|turn|4
|
|t:|1783111283
|detailschange|p2b: Charizard|Charizard-Mega-Y, L50, M
|-mega|p2b: Charizard|Charizard|Charizardite Y
|-weather|SunnyDay|[from] ability: Drought|[of] p2b: Charizard
|move|p2b: Charizard|Protect|p2b: Charizard
|-singleturn|p2b: Charizard|Protect
|move|p1a: Justice|Fake Out|p2b: Charizard
|-activate|p2b: Charizard|move: Protect
|move|p2a: Gholdengo|Power Gem|p1a: Justice
|-supereffective|p1a: Justice|1
|-damage|p1a: Justice|0 fnt
|faint|p1a: Justice
|move|p1b: Perserverance|Psychic Fangs|p2a: Gholdengo
|-resisted|p2a: Gholdengo|1
|-damage|p2a: Gholdengo|26/100
|
|-weather|SunnyDay|[upkeep]
|upkeep
|
|t:|1783111285
|switch|p1a: Bravery|Gliscor, L50, M|100/100
|turn|5
|
|t:|1783111301
|move|p1b: Perserverance|Protect|p1b: Perserverance
|-singleturn|p1b: Perserverance|Protect
|move|p2a: Gholdengo|Power Gem|p1a: Bravery
|-damage|p1a: Bravery|54/100
|move|p1a: Bravery|Rock Slide|p2a: Gholdengo|[spread] p2a
|-miss|p1a: Bravery|p2b: Charizard
|-resisted|p2a: Gholdengo|1
|-damage|p2a: Gholdengo|15/100
|-damage|p1a: Bravery|44/100|[from] item: Life Orb
|move|p2b: Charizard|Heat Wave|p1b: Perserverance|[spread] p1a
|-activate|p1b: Perserverance|move: Protect
|-damage|p1a: Bravery|0 fnt
|faint|p1a: Bravery
|
|-weather|SunnyDay|[upkeep]
|upkeep
|turn|6
|
|t:|1783111322
|move|p1b: Perserverance|Bullet Punch|p2a: Gholdengo
|-resisted|p2a: Gholdengo|1
|-damage|p2a: Gholdengo|0 fnt
|faint|p2a: Gholdengo
|move|p2b: Charizard|Weather Ball|p1b: Perserverance
|-supereffective|p1b: Perserverance|1
|-damage|p1b: Perserverance|0 fnt
|faint|p1b: Perserverance
|
|win|TheRealEmilyRose
