|j|☆Foffa
|j|☆Lego Darth Malgus
|html|FoffaLego Darth Malgus    
|uhtml|bestof|Game 1 of a best-of-3
|t:|1757004743
|gametype|doubles
|player|p1|Foffa|102|1218
|player|p2|Lego Darth Malgus|266|1281
|gen|9
|tier|[Gen 9] VGC 2025 Reg H (Bo3)
|rated|
|rule|Species Clause: Limit one of each Pokémon
|rule|Item Clause: Limit 1 of each item
|clearpoke
|poke|p1|Chesnaught, L50, M|
|poke|p1|Ninetales-Alola, L50, M|
|poke|p1|Incineroar, L50, F|
|poke|p1|Gholdengo, L50|
|poke|p1|Farigiraf, L50, F|
|poke|p1|Garchomp, L50, F|
|poke|p2|Kommo-o, L50, M|
|poke|p2|Tyranitar, L50, F|
|poke|p2|Excadrill, L50, M|
|poke|p2|Samurott-Hisui, L50, M|
|poke|p2|Rillaboom, L50, M|
|poke|p2|Volcarona, L50, M|
|teampreview|4
|showteam|p1|Chesnaught||Leftovers|Bulletproof|SpikyShield,IronDefense,BodyPress,LeechSeed|||M|||50|,,,,,Steel]Ninetales-Alola||LightClay|SnowWarning|Protect,AuroraVeil,Blizzard,IcyWind|||M|||50|,,,,,Fire]Incineroar||RockyHelmet|Intimidate|FlareBlitz,FakeOut,KnockOff,PartingShot|||F|||50|,,,,,Fairy]Gholdengo||ChoiceScarf|GoodasGold|MakeItRain,ShadowBall,Trick,PowerGem||||||50|,,,,,Steel]Farigiraf||SafetyGoggles|ArmorTail|TrickRoom,PsychicNoise,Imprison,HelpingHand|||F|||50|,,,,,Dark]Garchomp||ClearAmulet|RoughSkin|DragonClaw,Protect,StompingTantrum,Earthquake|||F|||50|,,,,,Fire
|showteam|p2|Kommo-o||GrassySeed|Overcoat|BodyPress,IronDefense,Protect,DragonPulse|||M|||50|,,,,,Fairy]Tyranitar||ChoiceScarf|SandStream|RockSlide,KnockOff,TeraBlast,LowKick|||F|||50|,,,,,Flying]Excadrill||FocusSash|SandRush|HighHorsepower,IronHead,Bulldoze,Protect|||M|||50|,,,,,Ghost]Samurott-Hisui||AssaultVest|Sharpness|NightSlash,AquaCutter,SacredSword,SuckerPunch|||M|||50|,,,,,Ghost]Rillaboom||MiracleSeed|GrassySurge|FakeOut,DrumBeating,GrassyGlide,Taunt|||M|||50|,,,,,Water]Volcarona||SitrusBerry|FlameBody|QuiverDance,HeatWave,TeraBlast,Protect|||M|||50|,,,,,Fairy
|inactive|Battle timer is ON: inactive players will automatically lose when time's up. (requested by Lego Darth Malgus)
|inactive|Foffa has 60 seconds left.
|inactive|Lego Darth Malgus has 60 seconds left.
|
|t:|1757004793
|teamsize|p1|4
|teamsize|p2|4
|start
|switch|p1a: Ninetales|Ninetales-Alola, L50, M|100/100
|switch|p1b: Garchomp|Garchomp, L50, F|100/100
|switch|p2a: Kommo-o|Kommo-o, L50, M, shiny|100/100
|switch|p2b: Rillaboom|Rillaboom, L50, M, shiny|100/100
|-weather|Snowscape|[from] ability: Snow Warning|[of] p1a: Ninetales
|-fieldstart|move: Grassy Terrain|[from] ability: Grassy Surge|[of] p2b: Rillaboom
|-enditem|p2a: Kommo-o|Grassy Seed
|-boost|p2a: Kommo-o|def|1|[from] item: Grassy Seed
|turn|1
|inactive|Foffa has 30 seconds left.
|inactive|Foffa has 20 seconds left.
|inactive|Foffa has 15 seconds left.
|
|t:|1757004834
|switch|p1b: Chesnaught|Chesnaught, L50, M|100/100
|-terastallize|p2a: Kommo-o|Fairy
|move|p2b: Rillaboom|Fake Out|p1a: Ninetales
|-damage|p1a: Ninetales|88/100
|cant|p1a: Ninetales|flinch
|move|p2a: Kommo-o|Iron Defense|p2a: Kommo-o
|-boost|p2a: Kommo-o|def|2
|
|-weather|Snowscape|[upkeep]
|-heal|p1a: Ninetales|94/100|[from] Grassy Terrain
|upkeep
|turn|2
|
|t:|1757004845
|move|p1a: Ninetales|Aurora Veil|p1a: Ninetales
|-sidestart|p1: Foffa|move: Aurora Veil
|move|p2b: Rillaboom|Taunt|p1b: Chesnaught
|-start|p1b: Chesnaught|move: Taunt
|move|p2a: Kommo-o|Body Press|p1a: Ninetales
|-damage|p1a: Ninetales|36/100
|cant|p1b: Chesnaught|move: Taunt|Iron Defense
|
|-weather|Snowscape|[upkeep]
|-heal|p1a: Ninetales|42/100|[from] Grassy Terrain
|upkeep
|turn|3
|
|t:|1757004861
|move|p1a: Ninetales|Protect|p1a: Ninetales
|-singleturn|p1a: Ninetales|Protect
|move|p2a: Kommo-o|Protect|p2a: Kommo-o
|-singleturn|p2a: Kommo-o|Protect
|move|p2b: Rillaboom|Drum Beating|p1a: Ninetales
|-activate|p1a: Ninetales|move: Protect
|move|p1b: Chesnaught|Body Press|p2b: Rillaboom
|-damage|p2b: Rillaboom|59/100
|
|-weather|Snowscape|[upkeep]
|-heal|p1a: Ninetales|48/100|[from] Grassy Terrain
|-heal|p2b: Rillaboom|65/100|[from] Grassy Terrain
|upkeep
|turn|4
|
|t:|1757004883
|switch|p2b: Volcarona|Volcarona, L50, M, shiny|100/100
|move|p1a: Ninetales|Blizzard|p2b: Volcarona|[spread] p2a,p2b
|-crit|p2a: Kommo-o
|-resisted|p2b: Volcarona
|-damage|p2a: Kommo-o|66/100
|-damage|p2b: Volcarona|90/100
|move|p2a: Kommo-o|Body Press|p1a: Ninetales
|-damage|p1a: Ninetales|0 fnt
|faint|p1a: Ninetales
|move|p1b: Chesnaught|Body Press|p2b: Volcarona
|-resisted|p2b: Volcarona
|-damage|p2b: Volcarona|68/100
|
|-weather|Snowscape|[upkeep]
|-heal|p2b: Volcarona|74/100|[from] Grassy Terrain
|-heal|p2a: Kommo-o|71/100|[from] Grassy Terrain
|-end|p1b: Chesnaught|move: Taunt
|upkeep
|
|t:|1757004895
|switch|p1a: Garchomp|Garchomp, L50, F|100/100
|turn|5
|
|t:|1757004914
|move|p1a: Garchomp|Stomping Tantrum|p2b: Volcarona
|-damage|p2b: Volcarona|28/100
|-enditem|p2b: Volcarona|Sitrus Berry|[eat]
|-heal|p2b: Volcarona|53/100|[from] item: Sitrus Berry
|move|p2b: Volcarona|Quiver Dance|p2b: Volcarona
|-boost|p2b: Volcarona|spa|1
|-boost|p2b: Volcarona|spd|1
|-boost|p2b: Volcarona|spe|1
|move|p2a: Kommo-o|Body Press|p1b: Chesnaught
|-damage|p1b: Chesnaught|52/100
|move|p1b: Chesnaught|Leech Seed|p2a: Kommo-o
|-start|p2a: Kommo-o|move: Leech Seed
|
|-weather|none
|-heal|p2b: Volcarona|58/100|[from] Grassy Terrain
|-heal|p2a: Kommo-o|77/100|[from] Grassy Terrain
|-heal|p1b: Chesnaught|58/100|[from] Grassy Terrain
|-heal|p1b: Chesnaught|65/100|[from] item: Leftovers
|-damage|p2a: Kommo-o|65/100|[from] Leech Seed|[of] p1b: Chesnaught
|-heal|p1b: Chesnaught|75/100|[silent]
|-fieldend|move: Grassy Terrain
|upkeep
|turn|6
|
|t:|1757004935
|move|p1b: Chesnaught|Spiky Shield|p1b: Chesnaught
|-singleturn|p1b: Chesnaught|move: Protect
|move|p2b: Volcarona|Tera Blast|p1a: Garchomp
|-crit|p1a: Garchomp
|-damage|p1a: Garchomp|44/100
|move|p1a: Garchomp|Earthquake|p2b: Volcarona|[spread] p2a,p2b
|-activate|p1b: Chesnaught|move: Protect
|-damage|p2a: Kommo-o|55/100
|-damage|p2b: Volcarona|15/100
|move|p2a: Kommo-o|Body Press|p1a: Garchomp
|-damage|p1a: Garchomp|0 fnt
|-damage|p2a: Kommo-o|42/100|[from] ability: Rough Skin|[of] p1a: Garchomp
|faint|p1a: Garchomp
|
|-heal|p1b: Chesnaught|82/100|[from] item: Leftovers
|-damage|p2a: Kommo-o|30/100|[from] Leech Seed|[of] p1b: Chesnaught
|-heal|p1b: Chesnaught|93/100|[silent]
|upkeep
|
|t:|1757004948
|switch|p1a: Incineroar|Incineroar, L50, F|100/100
|-ability|p1a: Incineroar|Intimidate|boost
|-unboost|p2a: Kommo-o|atk|1
|-unboost|p2b: Volcarona|atk|1
|turn|7
|
|t:|1757004958
|move|p1a: Incineroar|Fake Out|p2b: Volcarona
|-damage|p2b: Volcarona|1/100
|cant|p2b: Volcarona|flinch
|move|p2a: Kommo-o|Body Press|p1a: Incineroar
|-supereffective|p1a: Incineroar
|-damage|p1a: Incineroar|0 fnt
|-damage|p2a: Kommo-o|14/100|[from] item: Rocky Helmet|[of] p1a: Incineroar
|faint|p1a: Incineroar
|move|p1b: Chesnaught|Iron Defense|p1b: Chesnaught
|-boost|p1b: Chesnaught|def|2
|
|-heal|p1b: Chesnaught|99/100|[from] item: Leftovers
|-damage|p2a: Kommo-o|2/100|[from] Leech Seed|[of] p1b: Chesnaught
|-heal|p1b: Chesnaught|100/100|[silent]
|upkeep
|turn|8
|
|t:|1757004971
|switch|p2a: Rillaboom|Rillaboom, L50, M, shiny|65/100
|-fieldstart|move: Grassy Terrain|[from] ability: Grassy Surge|[of] p2a: Rillaboom
|move|p2b: Volcarona|Protect|p2b: Volcarona
|-singleturn|p2b: Volcarona|Protect
|move|p1b: Chesnaught|Body Press|p2b: Volcarona
|-activate|p2b: Volcarona|move: Protect
|
|-heal|p2b: Volcarona|7/100|[from] Grassy Terrain
|-heal|p2a: Rillaboom|71/100|[from] Grassy Terrain
|upkeep
|turn|9
|
|t:|1757004980
|move|p1b: Chesnaught|Spiky Shield|p1b: Chesnaught
|-singleturn|p1b: Chesnaught|move: Protect
|move|p2a: Rillaboom|Fake Out|p1b: Chesnaught
|-activate|p1b: Chesnaught|move: Protect
|-damage|p2a: Rillaboom|59/100|[from] Spiky Shield|[of] p1b: Chesnaught
|move|p2b: Volcarona|Quiver Dance|p2b: Volcarona
|-boost|p2b: Volcarona|spa|1
|-boost|p2b: Volcarona|spd|1
|-boost|p2b: Volcarona|spe|1
|
|-heal|p2b: Volcarona|13/100|[from] Grassy Terrain
|-heal|p2a: Rillaboom|64/100|[from] Grassy Terrain
|-sideend|p1: Foffa|move: Aurora Veil
|upkeep
|turn|10
|
|t:|1757004987
|move|p2b: Volcarona|Heat Wave|p1b: Chesnaught
|-supereffective|p1b: Chesnaught
|-damage|p1b: Chesnaught|0 fnt
|faint|p1b: Chesnaught
|
|win|Lego Darth Malgus
||Lego Darth Malgus is ready for game 2.
||Foffa is ready for game 2.
|uhtml|next|Next: Game 2 of 3
