|j|☆drew0723
|j|☆Geauxing2anfield
|html|drew0723Geauxing2anfield    
|uhtml|bestof|Game 1 of a best-of-3
|t:|1783285336
|gametype|doubles
|player|p1|drew0723|2|
|player|p2|Geauxing2anfield|bugcatcher-gen4dp|
|gen|9
|tier|[Gen 9 Champions] VGC 2026 Reg M-B (Bo3)
|rule|Species Clause: Limit one of each Pokémon
|rule|Item Clause: Limit 1 of each item
|clearpoke
|poke|p1|Archaludon, L50, M|
|poke|p1|Lopunny, L50, F|
|poke|p1|Sableye, L50, M|
|poke|p1|Volcarona, L50, F|
|poke|p1|Araquanid, L50, F|
|poke|p1|Gardevoir, L50, F|
|poke|p2|Goodra-Hisui, L50, M|
|poke|p2|Floette-Eternal, L50, F|
|poke|p2|Sharpedo, L50, M|
|poke|p2|Reuniclus, L50, F, shiny|
|poke|p2|Audino, L50, F, shiny|
|poke|p2|Golurk, L50, shiny|
|teampreview|4
|showteam|p1|Archaludon||SitrusBerry|Stamina|ElectroShot,FlashCannon,DragonPulse,Protect|Modest||M|||50|]Lopunny||Lopunnite|Limber|FakeOut,CloseCombat,TripleAxel,Protect|Jolly||F|||50|]Sableye||RoseliBerry|Prankster|LightScreen,RainDance,WillOWisp,Taunt|Calm||M|||50|]Volcarona||Leftovers|FlameBody|QuiverDance,FieryDance,GigaDrain,Protect|Modest||F|||50|]Araquanid||MysticWater|WaterBubble|Liquidation,LeechLife,WideGuard,Protect|Adamant||F|||50|]Gardevoir||FocusSash|Trace|Moonblast,RainDance,Encore,Taunt|Modest||F|||50|
|showteam|p2|Goodra-Hisui||ExpertBelt|ShellArmor|BodyPress,Shelter,DragonPulse,Protect|Relaxed||M|||50|]Floette-Eternal||Floettite|FlowerVeil|Moonblast,Protect,Psychic,CalmMind|Relaxed||F|||50|]Sharpedo||Sharpedonite|SpeedBoost|Protect,CloseCombat,Earthquake,Crunch|Adamant||M|||50|]Reuniclus||ColburBerry|Overcoat|SkillSwap,TrickRoom,ExpandingForce,Protect|Relaxed||F|||50|]Audino||Audinite|Healer|DazzlingGleam,Protect,CalmMind,Thunderbolt|Quiet||F|||50|]Golurk||LifeOrb|NoGuard|Poltergeist,Protect,DynamicPunch,StoneEdge|Brave|||||50|
|c|☆drew0723|AY
|c|☆drew0723|uhh
|c|☆drew0723|so... we just gonna gentlemans to not open those?
|c|☆Geauxing2anfield|Yeah I won’t
|c|☆Geauxing2anfield|Haha
|c|☆drew0723|ight, cool
|c|☆Geauxing2anfield|glhf
|c|☆drew0723|Good luck, have fun!
|
|t:|1783285467
|teamsize|p1|4
|teamsize|p2|4
|start
|switch|p1a: Lopunny|Lopunny, L50, F|100/100
|switch|p1b: Volcarona|Volcarona, L50, F|100/100
|switch|p2a: Goodra|Goodra-Hisui, L50, M|100/100
|switch|p2b: Sharpedo|Sharpedo, L50, M|100/100
|turn|1
|
|t:|1783285496
|detailschange|p1a: Lopunny|Lopunny-Mega, L50, F
|-mega|p1a: Lopunny|Lopunny|Lopunnite
|move|p2b: Sharpedo|Protect|p2b: Sharpedo
|-singleturn|p2b: Sharpedo|Protect
|move|p1a: Lopunny|Close Combat|p2a: Goodra
|-supereffective|p2a: Goodra|1
|-damage|p2a: Goodra|9/100
|-unboost|p1a: Lopunny|def|1
|-unboost|p1a: Lopunny|spd|1
|move|p1b: Volcarona|Quiver Dance|p1b: Volcarona
|-boost|p1b: Volcarona|spa|1
|-boost|p1b: Volcarona|spd|1
|-boost|p1b: Volcarona|spe|1
|move|p2a: Goodra|Shelter|p2a: Goodra
|-boost|p2a: Goodra|def|2
|
|-ability|p2b: Sharpedo|Speed Boost|boost
|-boost|p2b: Sharpedo|spe|1
|upkeep
|turn|2
|
|t:|1783285544
|detailschange|p2b: Sharpedo|Sharpedo-Mega, L50, M
|-mega|p2b: Sharpedo|Sharpedo|Sharpedonite
|move|p2a: Goodra|Protect|p2a: Goodra
|-singleturn|p2a: Goodra|Protect
|move|p2b: Sharpedo|Crunch|p1b: Volcarona
|-damage|p1b: Volcarona|0 fnt
|faint|p1b: Volcarona
|move|p1a: Lopunny|Close Combat|p2b: Sharpedo
|-supereffective|p2b: Sharpedo|1
|-damage|p2b: Sharpedo|0 fnt
|-unboost|p1a: Lopunny|def|1
|-unboost|p1a: Lopunny|spd|1
|faint|p2b: Sharpedo
|
|upkeep
|
|t:|1783285569
|switch|p2b: Reuniclus|Reuniclus, L50, F, shiny|100/100
|switch|p1b: Araquanid|Araquanid, L50, F|100/100
|turn|3
|
|t:|1783285611
|move|p2a: Goodra|Protect||[still]
|-fail|p2a: Goodra
|move|p1a: Lopunny|Triple Axel|p2b: Reuniclus
|-damage|p2b: Reuniclus|94/100
|-damage|p2b: Reuniclus|82/100
|-damage|p2b: Reuniclus|65/100
|-hitcount|p2b: Reuniclus|3
|move|p1b: Araquanid|Liquidation|p2b: Reuniclus
|-damage|p2b: Reuniclus|2/100
|move|p2b: Reuniclus|Trick Room|p2b: Reuniclus
|-fieldstart|move: Trick Room|[of] p2b: Reuniclus
|
|upkeep
|turn|4
|
|t:|1783285666
|move|p1a: Lopunny|Protect|p1a: Lopunny
|-singleturn|p1a: Lopunny|Protect
|move|p2b: Reuniclus|Expanding Force|p1b: Araquanid
|-damage|p1b: Araquanid|73/100
|move|p1b: Araquanid|Liquidation|p2a: Goodra
|-resisted|p2a: Goodra|1
|-damage|p2a: Goodra|0 fnt
|faint|p2a: Goodra
|
|upkeep
|
|t:|1783285677
|switch|p2a: Floette|Floette-Eternal, L50, F|100/100
|turn|5
|
|t:|1783285697
|switch|p1a: Gardevoir|Gardevoir, L50, F|100/100
|-ability|p1a: Gardevoir|Flower Veil|Trace|[from] ability: Trace|[of] p2a: Floette
|move|p1b: Araquanid|Protect|p1b: Araquanid
|-singleturn|p1b: Araquanid|Protect
|move|p2b: Reuniclus|Expanding Force|p1a: Gardevoir
|-resisted|p1a: Gardevoir|1
|-damage|p1a: Gardevoir|83/100
|move|p2a: Floette|Calm Mind|p2a: Floette
|-boost|p2a: Floette|spa|1
|-boost|p2a: Floette|spd|1
|
|upkeep
|turn|6
|
|t:|1783285741
|move|p2b: Reuniclus|Protect|p2b: Reuniclus
|-singleturn|p2b: Reuniclus|Protect
|move|p2a: Floette|Protect|p2a: Floette
|-singleturn|p2a: Floette|Protect
|move|p1b: Araquanid|Liquidation|p2a: Floette
|-activate|p2a: Floette|move: Protect
|move|p1a: Gardevoir|Encore|p2a: Floette
|-activate|p2a: Floette|move: Protect
|
|upkeep
|turn|7
|
|t:|1783285767
|move|p2b: Reuniclus|Expanding Force|p1b: Araquanid
|-damage|p1b: Araquanid|49/100
|move|p1b: Araquanid|Liquidation|p2a: Floette
|-damage|p2a: Floette|9/100
|move|p2a: Floette|Moonblast|p1a: Gardevoir
|-damage|p1a: Gardevoir|12/100
|move|p1a: Gardevoir|Moonblast|p2b: Reuniclus
|-damage|p2b: Reuniclus|0 fnt
|faint|p2b: Reuniclus
|
|-fieldend|move: Trick Room
|upkeep
|turn|8
|
|t:|1783285832
|move|p1b: Araquanid|Protect|p1b: Araquanid
|-singleturn|p1b: Araquanid|Protect
|move|p1a: Gardevoir|Moonblast|p2a: Floette
|-damage|p2a: Floette|0 fnt
|faint|p2a: Floette
|
|win|drew0723
|c|☆drew0723|GG
