|j|☆GWMicroK
|j|☆Joriot
|html|GWMicroKJoriot    
|uhtml|bestof|Game 1 of a best-of-3
|t:|1783618738
|gametype|doubles
|player|p1|GWMicroK|169|1075
|player|p2|Joriot|falkner|1099
|gen|9
|tier|[Gen 9 Champions] VGC 2026 Reg M-B (Bo3)
|rated|
|rule|Species Clause: Limit one of each Pokémon
|rule|Item Clause: Limit 1 of each item
|clearpoke
|poke|p1|Ditto, L50, shiny|
|poke|p1|Sinistcha-Masterpiece, L50, shiny|
|poke|p1|Pelipper, L50, F|
|poke|p1|Swampert, L50, F|
|poke|p1|Tyranitar, L50, F|
|poke|p1|Archaludon, L50, M|
|poke|p2|Swampert, L50, F|
|poke|p2|Pelipper, L50, M|
|poke|p2|Grimmsnarl, L50, M|
|poke|p2|Gholdengo, L50|
|poke|p2|Archaludon, L50, F|
|poke|p2|Sinistcha, L50|
|teampreview|4
|showteam|p1|Ditto||QuickClaw|Imposter|Transform|Relaxed|||||50|]Sinistcha-Masterpiece||SitrusBerry|Hospitality|MatchaGotcha,TrickRoom,LifeDew,RagePowder|Bold|||||50|]Pelipper||FocusSash|Drizzle|WeatherBall,Hurricane,WideGuard,Tailwind|Timid||F|||50|]Swampert||Swampertite|Damp|WaveCrash,Earthquake,IcePunch,Protect|Adamant||F|||50|]Tyranitar||Tyranitarite|SandStream|KnockOff,RockSlide,DragonDance,Protect|Adamant||F|||50|]Archaludon||Leftovers|Stamina|DragonPulse,FlashCannon,ElectroShot,Protect|Modest||M|||50|
|showteam|p2|Swampert||Swampertite|Damp|WaveCrash,HighHorsepower,IcePunch,Protect|Adamant||F|||50|]Pelipper||FocusSash|Drizzle|WeatherBall,Hurricane,Tailwind,WideGuard|Timid||M|||50|]Grimmsnarl||LightClay|Prankster|LightScreen,Reflect,FakeOut,PartingShot|Impish||M|||50|]Gholdengo||LifeOrb|GoodasGold|MakeItRain,ShadowBall,Protect,NastyPlot|Timid|||||50|]Archaludon||Leftovers|Stamina|ElectroShot,DragonPulse,AuraSphere,Protect|Modest||F|||50|]Sinistcha||CobaBerry|Hospitality|MatchaGotcha,RagePowder,LifeDew,Protect|Bold|||||50|
|inactive|Battle timer is ON: inactive players will automatically lose when time's up. (requested by GWMicroK)
|
|t:|1783618776
|teamsize|p1|4
|teamsize|p2|4
|start
|switch|p1a: Archaludon|Archaludon, L50, M|100/100
|switch|p1b: Swampert|Swampert, L50, F|100/100
|switch|p2a: Archaludon|Archaludon, L50, F|100/100
|switch|p2b: Grimmsnarl|Grimmsnarl, L50, M|100/100
|turn|1
|
|t:|1783618800
|detailschange|p1b: Swampert|Swampert-Mega, L50, F
|-mega|p1b: Swampert|Swampert|Swampertite
|move|p2b: Grimmsnarl|Fake Out|p1b: Swampert
|-damage|p1b: Swampert|88/100
|cant|p1b: Swampert|flinch
|move|p1a: Archaludon|Flash Cannon|p2b: Grimmsnarl
|-supereffective|p2b: Grimmsnarl|1
|-damage|p2b: Grimmsnarl|25/100
|move|p2a: Archaludon|Aura Sphere|p1a: Archaludon
|-supereffective|p1a: Archaludon|1
|-damage|p1a: Archaludon|41/100
|-ability|p1a: Archaludon|Stamina|boost
|-boost|p1a: Archaludon|def|1
|
|-heal|p1a: Archaludon|47/100|[from] item: Leftovers
|upkeep
|turn|2
|
|t:|1783618820
|switch|p1a: Sinistcha|Sinistcha-Masterpiece, L50, shiny|100/100
|-heal|p1b: Swampert|100/100|[from] ability: Hospitality|[of] p1a: Sinistcha
|move|p2b: Grimmsnarl|Parting Shot|p1b: Swampert
|-unboost|p1b: Swampert|atk|1
|-unboost|p1b: Swampert|spa|1
|
|t:|1783618825
|switch|p2b: Sinistcha|Sinistcha, L50|100/100|[from] Parting Shot
|move|p1b: Swampert|Earthquake|p2a: Archaludon|[spread] p1a,p2a,p2b
|-resisted|p1a: Sinistcha|1
|-supereffective|p2a: Archaludon|1
|-resisted|p2b: Sinistcha|1
|-damage|p1a: Sinistcha|88/100
|-damage|p2a: Archaludon|56/100
|-damage|p2b: Sinistcha|85/100
|-ability|p2a: Archaludon|Stamina|boost
|-boost|p2a: Archaludon|def|1
|move|p2a: Archaludon|Aura Sphere|p1a: Sinistcha
|-immune|p1a: Sinistcha
|
|-heal|p2a: Archaludon|62/100|[from] item: Leftovers
|upkeep
|turn|3
|
|t:|1783618846
|switch|p1b: Archaludon|Archaludon, L50, M|47/100
|move|p2a: Archaludon|Dragon Pulse|p1a: Sinistcha
|-damage|p1a: Sinistcha|54/100
|move|p2b: Sinistcha|Life Dew|p2b: Sinistcha|[spread] p2a,p2b
|-heal|p2a: Archaludon|87/100
|-heal|p2b: Sinistcha|100/100
|move|p1a: Sinistcha|Life Dew|p1a: Sinistcha|[spread] p1a,p1b
|-heal|p1a: Sinistcha|79/100
|-heal|p1b: Archaludon|72/100
|
|-heal|p1b: Archaludon|78/100|[from] item: Leftovers
|-heal|p2a: Archaludon|93/100|[from] item: Leftovers
|upkeep
|turn|4
|
|t:|1783618871
|switch|p1b: Ditto|Ditto, L50, shiny|100/100
|-transform|p1b: Ditto|p2a: Archaludon|[from] ability: Imposter
|move|p1a: Sinistcha|Rage Powder|p1a: Sinistcha
|-singleturn|p1a: Sinistcha|move: Rage Powder
|move|p2a: Archaludon|Dragon Pulse|p1a: Sinistcha
|-damage|p1a: Sinistcha|42/100
|-enditem|p1a: Sinistcha|Sitrus Berry|[eat]
|-heal|p1a: Sinistcha|66/100|[from] item: Sitrus Berry
|move|p2b: Sinistcha|Matcha Gotcha|p1b: Ditto|[spread] p1a,p1b
|-resisted|p1a: Sinistcha|1
|-resisted|p1b: Ditto|2
|-damage|p1a: Sinistcha|55/100
|-damage|p1b: Ditto|92/100
|-ability|p1b: Ditto|Stamina|boost
|-boost|p1b: Ditto|def|1
|
|-heal|p2a: Archaludon|99/100|[from] item: Leftovers
|upkeep
|turn|5
|inactive|GWMicroK has 30 seconds left.
|
|t:|1783618897
|switch|p2b: Grimmsnarl|Grimmsnarl, L50, M|25/100
|move|p2a: Archaludon|Protect|p2a: Archaludon
|-singleturn|p2a: Archaludon|Protect
|move|p1b: Ditto|Dragon Pulse|p2a: Archaludon
|-activate|p2a: Archaludon|move: Protect
|move|p1a: Sinistcha|Life Dew|p1a: Sinistcha|[spread] p1a,p1b
|-heal|p1a: Sinistcha|80/100
|-heal|p1b: Ditto|100/100
|
|-heal|p2a: Archaludon|100/100|[from] item: Leftovers
|upkeep
|turn|6
|inactive|Joriot has 30 seconds left.
|inactive|GWMicroK has 30 seconds left.
|inactive|Joriot has 20 seconds left.
|inactive|Joriot has 15 seconds left.
|inactive|Joriot has 10 seconds left.
|
|t:|1783618945
|move|p2b: Grimmsnarl|Light Screen|p2b: Grimmsnarl
|-sidestart|p2: Joriot|move: Light Screen
|move|p2a: Archaludon|Aura Sphere|p1b: Ditto
|-supereffective|p1b: Ditto|1
|-damage|p1b: Ditto|45/100
|-ability|p1b: Ditto|Stamina|boost
|-boost|p1b: Ditto|def|1
|move|p1b: Ditto|Aura Sphere|p2a: Archaludon
|-supereffective|p2a: Archaludon|1
|-damage|p2a: Archaludon|68/100
|-ability|p2a: Archaludon|Stamina|boost
|-boost|p2a: Archaludon|def|1
|move|p1a: Sinistcha|Matcha Gotcha|p2b: Grimmsnarl|[spread] p2a,p2b
|-resisted|p2a: Archaludon|2
|-crit|p2a: Archaludon
|-damage|p2a: Archaludon|58/100
|-heal|p1a: Sinistcha|85/100|[from] drain|[of] p2a: Archaludon
|-damage|p2b: Grimmsnarl|9/100
|-heal|p1a: Sinistcha|94/100|[from] drain|[of] p2b: Grimmsnarl
|-ability|p2a: Archaludon|Stamina|boost
|-boost|p2a: Archaludon|def|1
|
|-heal|p2a: Archaludon|64/100|[from] item: Leftovers
|upkeep
|turn|7
|inactive|Joriot has 30 seconds left.
|
|t:|1783618974
|move|p1b: Ditto|Protect|p1b: Ditto
|-singleturn|p1b: Ditto|Protect
|move|p2b: Grimmsnarl|Parting Shot|p1b: Ditto
|-activate|p1b: Ditto|move: Protect
|move|p2a: Archaludon|Electro Shot||[still]
|-prepare|p2a: Archaludon|Electro Shot
|-boost|p2a: Archaludon|spa|1
|move|p1a: Sinistcha|Life Dew|p1a: Sinistcha|[spread] p1a,p1b
|-heal|p1a: Sinistcha|100/100
|-heal|p1b: Ditto|70/100
|
|-heal|p2a: Archaludon|71/100|[from] item: Leftovers
|upkeep
|turn|8
|
|t:|1783618993
|switch|p1b: Swampert|Swampert-Mega, L50, F|100/100
|move|p2b: Grimmsnarl|Parting Shot|p1b: Swampert
|-unboost|p1b: Swampert|atk|1
|-unboost|p1b: Swampert|spa|1
|
|t:|1783618997
|switch|p2b: Sinistcha|Sinistcha, L50|100/100|[from] Parting Shot
|-heal|p2a: Archaludon|95/100|[from] ability: Hospitality|[of] p2b: Sinistcha
|move|p2a: Archaludon|Electro Shot|p1b: Swampert|[from] lockedmove
|-immune|p1b: Swampert
|move|p1a: Sinistcha|Matcha Gotcha|p2b: Sinistcha|[spread] p2a,p2b
|-resisted|p2a: Archaludon|2
|-resisted|p2b: Sinistcha|1
|-damage|p2a: Archaludon|92/100
|-damage|p2b: Sinistcha|91/100
|-ability|p2a: Archaludon|Stamina|boost
|-boost|p2a: Archaludon|def|1
|
|-heal|p2a: Archaludon|98/100|[from] item: Leftovers
|upkeep
|turn|9
|
|t:|1783619019
|move|p1b: Swampert|Protect|p1b: Swampert
|-singleturn|p1b: Swampert|Protect
|move|p2a: Archaludon|Aura Sphere|p1b: Swampert
|-activate|p1b: Swampert|move: Protect
|move|p2b: Sinistcha|Matcha Gotcha|p1a: Sinistcha|[spread] p1a
|-activate|p1b: Swampert|move: Protect
|-resisted|p1a: Sinistcha|1
|-crit|p1a: Sinistcha
|-damage|p1a: Sinistcha|84/100
|-heal|p2b: Sinistcha|99/100|[from] drain|[of] p1a: Sinistcha
|move|p1a: Sinistcha|Matcha Gotcha|p2a: Archaludon|[spread] p2a,p2b
|-resisted|p2a: Archaludon|2
|-resisted|p2b: Sinistcha|1
|-damage|p2a: Archaludon|94/100
|-heal|p1a: Sinistcha|86/100|[from] drain|[of] p2a: Archaludon
|-damage|p2b: Sinistcha|91/100
|-heal|p1a: Sinistcha|90/100|[from] drain|[of] p2b: Sinistcha
|-ability|p2a: Archaludon|Stamina|boost
|-boost|p2a: Archaludon|def|1
|
|-heal|p2a: Archaludon|100/100|[from] item: Leftovers
|upkeep
|turn|10
|inactive|GWMicroK has 30 seconds left.
|
|t:|1783619046
|switch|p1b: Ditto|Ditto, L50, shiny|70/100
|-transform|p1b: Ditto|p2a: Archaludon|[from] ability: Imposter
|move|p1a: Sinistcha|Rage Powder|p1a: Sinistcha
|-singleturn|p1a: Sinistcha|move: Rage Powder
|move|p2a: Archaludon|Aura Sphere|p1a: Sinistcha
|-immune|p1a: Sinistcha
|move|p2b: Sinistcha|Matcha Gotcha|p1a: Sinistcha|[spread] p1a,p1b
|-resisted|p1a: Sinistcha|1
|-resisted|p1b: Ditto|2
|-damage|p1a: Sinistcha|78/100
|-heal|p2b: Sinistcha|97/100|[from] drain|[of] p1a: Sinistcha
|-damage|p1b: Ditto|64/100
|-heal|p2b: Sinistcha|100/100|[from] drain|[of] p1b: Ditto
|-status|p1b: Ditto|brn
|-ability|p1b: Ditto|Stamina|boost
|-boost|p1b: Ditto|def|1
|
|-damage|p1b: Ditto|58/100 brn|[from] brn
|upkeep
|turn|11
|inactive|GWMicroK has 30 seconds left.
|inactive|Joriot has 30 seconds left.
|
|t:|1783619077
|switch|p2b: Pelipper|Pelipper, L50, M|100/100
|-weather|RainDance|[from] ability: Drizzle|[of] p2b: Pelipper
|move|p1b: Ditto|Protect|p1b: Ditto
|-singleturn|p1b: Ditto|Protect
|move|p2a: Archaludon|Electro Shot||[still]
|-prepare|p2a: Archaludon|Electro Shot
|-boost|p2a: Archaludon|spa|1
|-anim|p2a: Archaludon|Electro Shot|p1b: Ditto
|-activate|p1b: Ditto|move: Protect
|move|p1a: Sinistcha|Life Dew|p1a: Sinistcha|[spread] p1a,p1b
|-heal|p1a: Sinistcha|100/100
|-heal|p1b: Ditto|83/100 brn
|
|-weather|RainDance|[upkeep]
|-damage|p1b: Ditto|78/100 brn|[from] brn
|upkeep
|turn|12
|inactive|GWMicroK has 30 seconds left.
|inactive|Joriot has 30 seconds left.
|inactive|GWMicroK has 20 seconds left.
|inactive|GWMicroK has 15 seconds left.
|
|t:|1783619127
|switch|p1a: Archaludon|Archaludon, L50, M|78/100
|move|p2b: Pelipper|Hurricane|p1a: Archaludon
|-resisted|p1a: Archaludon|1
|-damage|p1a: Archaludon|51/100
|-ability|p1a: Archaludon|Stamina|boost
|-boost|p1a: Archaludon|def|1
|move|p1b: Ditto|Electro Shot||[still]
|-prepare|p1b: Ditto|Electro Shot
|-boost|p1b: Ditto|spa|1
|-anim|p1b: Ditto|Electro Shot|p2b: Pelipper
|-supereffective|p2b: Pelipper|2
|-enditem|p2b: Pelipper|Focus Sash
|-damage|p2b: Pelipper|1/100
|move|p2a: Archaludon|Electro Shot||[still]
|-prepare|p2a: Archaludon|Electro Shot
|-boost|p2a: Archaludon|spa|1
|-anim|p2a: Archaludon|Electro Shot|p1a: Archaludon
|-resisted|p1a: Archaludon|1
|-damage|p1a: Archaludon|0 fnt
|faint|p1a: Archaludon
|
|-weather|RainDance|[upkeep]
|-damage|p1b: Ditto|72/100 brn|[from] brn
|upkeep
|
|t:|1783619151
|switch|p1a: Swampert|Swampert-Mega, L50, F|100/100
|turn|13
|inactive|Joriot has 30 seconds left.
|
|t:|1783619183
|switch|p2b: Grimmsnarl|Grimmsnarl, L50, M|9/100
|move|p1a: Swampert|Ice Punch|p2b: Grimmsnarl
|-damage|p2b: Grimmsnarl|0 fnt
|faint|p2b: Grimmsnarl
|move|p2a: Archaludon|Electro Shot||[still]
|-prepare|p2a: Archaludon|Electro Shot
|-boost|p2a: Archaludon|spa|1
|-anim|p2a: Archaludon|Electro Shot|p1b: Ditto
|-resisted|p1b: Ditto|1
|-damage|p1b: Ditto|0 fnt
|faint|p1b: Ditto
|
|-weather|RainDance|[upkeep]
|-sideend|p2: Joriot|move: Light Screen
|upkeep
|
|t:|1783619198
|switch|p2b: Sinistcha|Sinistcha, L50|100/100
|switch|p1b: Sinistcha|Sinistcha-Masterpiece, L50, shiny|100/100
|turn|14
|
|t:|1783619215
|move|p2b: Sinistcha|Protect|p2b: Sinistcha
|-singleturn|p2b: Sinistcha|Protect
|move|p1b: Sinistcha|Rage Powder|p1b: Sinistcha
|-singleturn|p1b: Sinistcha|move: Rage Powder
|move|p1a: Swampert|Ice Punch|p2b: Sinistcha
|-activate|p2b: Sinistcha|move: Protect
|move|p2a: Archaludon|Electro Shot||[still]
|-prepare|p2a: Archaludon|Electro Shot
|-boost|p2a: Archaludon|spa|1
|-anim|p2a: Archaludon|Electro Shot|p1b: Sinistcha
|-resisted|p1b: Sinistcha|1
|-damage|p1b: Sinistcha|38/100
|
|-weather|RainDance|[upkeep]
|upkeep
|turn|15
|
|t:|1783619237
|switch|p2b: Pelipper|Pelipper, L50, M|1/100
|move|p1a: Swampert|Ice Punch|p2b: Pelipper
|-damage|p2b: Pelipper|0 fnt
|faint|p2b: Pelipper
|move|p2a: Archaludon|Electro Shot||[still]
|-prepare|p2a: Archaludon|Electro Shot
|-boost|p2a: Archaludon|spa|1
|-anim|p2a: Archaludon|Electro Shot|p1b: Sinistcha
|-resisted|p1b: Sinistcha|1
|-damage|p1b: Sinistcha|0 fnt
|faint|p1b: Sinistcha
|
|-weather|none
|upkeep
|
|t:|1783619243
|switch|p2b: Sinistcha|Sinistcha, L50|100/100
|turn|16
|
|t:|1783619255
|move|p1a: Swampert|Ice Punch|p2b: Sinistcha
|-supereffective|p2b: Sinistcha|1
|-damage|p2b: Sinistcha|48/100
|move|p2a: Archaludon|Dragon Pulse|p1a: Swampert
|-damage|p1a: Swampert|0 fnt
|faint|p1a: Swampert
|
|win|Joriot
||Joriot is ready for game 2.
||GWMicroK is ready for game 2.
|uhtml|next|Next: Game 2 of 3
