|j|☆todayistom
|j|☆simpleized
|html|todayistomsimpleized    
|uhtml|bestof|Game 2 of a best-of-3
|t:|1785978336
|gametype|doubles
|player|p1|todayistom|1|
|player|p2|simpleized|pokemonrangerf|
|gen|9
|tier|[Gen 9 Champions] VGC 2026 Reg M-B (Bo3)
|rule|Species Clause: Limit one of each Pokémon
|rule|Item Clause: Limit 1 of each item
|clearpoke
|poke|p1|Arcanine, L50, F|
|poke|p1|Eelektross, L50, M|
|poke|p1|Hippowdon, L50, F|
|poke|p1|Excadrill, L50, F, shiny|
|poke|p1|Blastoise, L50, F|
|poke|p1|Lopunny, L50, M|
|poke|p2|Azumarill, L50, M|
|poke|p2|Whimsicott, L50, F|
|poke|p2|Tsareena, L50, F|
|poke|p2|Delphox, L50, F|
|poke|p2|Leafeon, L50, F|
|poke|p2|Aurorus, L50, F|
|teampreview|4
|showteam|p1|Arcanine||SitrusBerry|Intimidate|Snarl,WillOWisp,HeatWave,Howl|Bold||F|||50|]Eelektross||Eelektrossite|Levitate|FlashCannon,Thunderbolt,Flamethrower,Protect|Timid||M|||50|]Hippowdon||Leftovers|SandStream|Yawn,Protect,HighHorsepower,SlackOff|Impish||F|||50|]Excadrill||Excadrite|SandRush|Earthquake,Protect,HighHorsepower,RockSlide|Adamant||F|||50|]Blastoise||MysticWater|Torrent|Haze,FakeOut,HydroCannon,Protect|Sassy||F|||50|]Lopunny||Lopunnite|CuteCharm|ThunderWave,FakeOut,HighJumpKick,FirePunch|Jolly||M|||50|
|showteam|p2|Azumarill||LifeOrb|HugePower|AquaJet,PlayRough,Liquidation,Protect|Adamant||M|||50|]Whimsicott||OccaBerry|Prankster|Moonblast,HelpingHand,Tailwind,SunnyDay|Bold||F|||50|]Tsareena||SitrusBerry|QueenlyMajesty|TropKick,Protect,KnockOff,HelpingHand|Adamant||F|||50|]Delphox||Delphoxite|Blaze|HeatWave,Psychic,Protect,ScorchingSands|Modest||F|||50|]Leafeon||FocusSash|Chlorophyll|LeafBlade,Protect,Yawn,FakeTears|Adamant||F|||50|]Aurorus||ChoiceScarf|SnowWarning|Blizzard,IceBeam,WeatherBall,AncientPower|Modest||F|||50|
|
|t:|1785978373
|teamsize|p1|4
|teamsize|p2|4
|start
|switch|p1a: Lopunny|Lopunny, L50, M|100/100
|switch|p1b: Excadrill|Excadrill, L50, F, shiny|100/100
|switch|p2a: Azumarill|Azumarill, L50, M|100/100
|switch|p2b: Whimsicott|Whimsicott, L50, F|100/100
|turn|1
|
|t:|1785978410
|switch|p2a: Tsareena|Tsareena, L50, F|100/100
|move|p1a: Lopunny|Fake Out||[still]
|cant|p2a: Tsareena|ability: Queenly Majesty|Fake Out|[of] p1a: Lopunny
|move|p2b: Whimsicott|Tailwind|p2b: Whimsicott
|-sidestart|p2: simpleized|move: Tailwind
|move|p1b: Excadrill|Rock Slide|p2b: Whimsicott|[spread] p2a,p2b
|-damage|p2a: Tsareena|78/100
|-damage|p2b: Whimsicott|83/100
|
|upkeep
|turn|2
|
|t:|1785978440
|move|p2b: Whimsicott|Helping Hand|p2a: Tsareena
|-singleturn|p2a: Tsareena|Helping Hand|[of] p2b: Whimsicott
|move|p2a: Tsareena|Trop Kick|p1b: Excadrill
|-damage|p1b: Excadrill|20/100y
|-unboost|p1b: Excadrill|atk|1
|move|p1a: Lopunny|Fire Punch|p2a: Tsareena
|-supereffective|p2a: Tsareena|1
|-damage|p2a: Tsareena|40/100
|-enditem|p2a: Tsareena|Sitrus Berry|[eat]
|-heal|p2a: Tsareena|64/100|[from] item: Sitrus Berry
|move|p1b: Excadrill|Rock Slide|p2a: Tsareena|[spread] p2a,p2b
|-damage|p2a: Tsareena|49/100
|-damage|p2b: Whimsicott|71/100
|
|upkeep
|turn|3
|j| Urstepslowbro
|
|t:|1785978459
|move|p1b: Excadrill|Protect|p1b: Excadrill
|-singleturn|p1b: Excadrill|Protect
|move|p2b: Whimsicott|Moonblast|p1a: Lopunny
|-damage|p1a: Lopunny|64/100
|-unboost|p1a: Lopunny|spa|1
|move|p2a: Tsareena|Trop Kick|p1b: Excadrill
|-activate|p1b: Excadrill|move: Protect
|move|p1a: Lopunny|High Jump Kick|p2a: Tsareena
|-damage|p2a: Tsareena|15/100
|
|upkeep
|turn|4
|
|t:|1785978492
|switch|p1a: Hippowdon|Hippowdon, L50, F|100/100
|-weather|Sandstorm|[from] ability: Sand Stream|[of] p1a: Hippowdon
|move|p2b: Whimsicott|Moonblast|p1a: Hippowdon
|-damage|p1a: Hippowdon|73/100
|move|p1b: Excadrill|Rock Slide|p2a: Tsareena|[spread] p2a,p2b
|-damage|p2a: Tsareena|1/100
|-damage|p2b: Whimsicott|59/100
|move|p2a: Tsareena|Trop Kick|p1b: Excadrill
|-damage|p1b: Excadrill|0 fnt
|faint|p1b: Excadrill
|
|-weather|Sandstorm|[upkeep]
|-damage|p2b: Whimsicott|53/100|[from] Sandstorm
|-damage|p2a: Tsareena|0 fnt|[from] Sandstorm
|faint|p2a: Tsareena
|-heal|p1a: Hippowdon|79/100|[from] item: Leftovers
|-sideend|p2: simpleized|move: Tailwind
|upkeep
|
|t:|1785978518
|switch|p1b: Lopunny|Lopunny, L50, M|64/100
|switch|p2a: Delphox|Delphox, L50, F|100/100
|turn|5
|j| mrwindmillz
|
|t:|1785978555
|move|p2a: Delphox|Protect|p2a: Delphox
|-singleturn|p2a: Delphox|Protect
|move|p2b: Whimsicott|Sunny Day|p2b: Whimsicott
|-weather|SunnyDay
|move|p1b: Lopunny|Fire Punch|p2b: Whimsicott
|-supereffective|p2b: Whimsicott|1
|-enditem|p2b: Whimsicott|Occa Berry|[eat]
|-enditem|p2b: Whimsicott|Occa Berry|[weaken]
|-damage|p2b: Whimsicott|26/100
|move|p1a: Hippowdon|High Horsepower|p2a: Delphox
|-activate|p2a: Delphox|move: Protect
|
|-weather|SunnyDay|[upkeep]
|-heal|p1a: Hippowdon|85/100|[from] item: Leftovers
|upkeep
|turn|6
|
|t:|1785978577
|switch|p1a: Arcanine|Arcanine, L50, F|100/100
|-ability|p1a: Arcanine|Intimidate|boost
|-unboost|p2a: Delphox|atk|1
|-unboost|p2b: Whimsicott|atk|1
|detailschange|p2a: Delphox|Delphox-Mega, L50, F
|-mega|p2a: Delphox|Delphox|Delphoxite
|move|p2b: Whimsicott|Helping Hand|p2a: Delphox
|-singleturn|p2a: Delphox|Helping Hand|[of] p2b: Whimsicott
|move|p2a: Delphox|Heat Wave|p1b: Lopunny|[spread] p1a,p1b
|-resisted|p1a: Arcanine|1
|-damage|p1a: Arcanine|50/100g
|-damage|p1b: Lopunny|0 fnt
|faint|p1b: Lopunny
|
|-weather|SunnyDay|[upkeep]
|upkeep
|
|t:|1785978586
|switch|p1b: Hippowdon|Hippowdon, L50, F|85/100
|-weather|Sandstorm|[from] ability: Sand Stream|[of] p1b: Hippowdon
|turn|7
|
|t:|1785978614
|move|p2b: Whimsicott|Sunny Day|p2b: Whimsicott
|-weather|SunnyDay
|move|p2a: Delphox|Heat Wave|p1a: Arcanine|[spread] p1a,p1b
|-resisted|p1a: Arcanine|1
|-crit|p1a: Arcanine
|-damage|p1a: Arcanine|1/100
|-damage|p1b: Hippowdon|11/100
|-enditem|p1a: Arcanine|Sitrus Berry|[eat]
|-heal|p1a: Arcanine|26/100|[from] item: Sitrus Berry
|move|p1a: Arcanine|Heat Wave|p2a: Delphox|[spread] p2a
|-miss|p1a: Arcanine|p2b: Whimsicott
|-resisted|p2a: Delphox|1
|-damage|p2a: Delphox|82/100
|move|p1b: Hippowdon|Yawn|p2a: Delphox
|-start|p2a: Delphox|move: Yawn|[of] p1b: Hippowdon
|
|-weather|SunnyDay|[upkeep]
|-heal|p1b: Hippowdon|17/100|[from] item: Leftovers
|upkeep
|turn|8
|
|t:|1785978638
|move|p2b: Whimsicott|Helping Hand|p2a: Delphox
|-singleturn|p2a: Delphox|Helping Hand|[of] p2b: Whimsicott
|move|p1b: Hippowdon|Protect|p1b: Hippowdon
|-singleturn|p1b: Hippowdon|Protect
|move|p2a: Delphox|Heat Wave|p1a: Arcanine|[spread] p1a
|-activate|p1b: Hippowdon|move: Protect
|-resisted|p1a: Arcanine|1
|-damage|p1a: Arcanine|0 fnt
|faint|p1a: Arcanine
|
|-weather|SunnyDay|[upkeep]
|-heal|p1b: Hippowdon|23/100|[from] item: Leftovers
|-end|p2a: Delphox|move: Yawn|[silent]
|-status|p2a: Delphox|slp
|upkeep
|turn|9
|
|t:|1785978655
|switch|p2a: Azumarill|Azumarill, L50, M|100/100
|move|p2b: Whimsicott|Moonblast|p1b: Hippowdon
|-damage|p1b: Hippowdon|0 fnt
|faint|p1b: Hippowdon
|
|win|simpleized
|l|☆simpleized
|player|p2|
|l|☆todayistom
|player|p1|
|l| mrwindmillz
