|j|☆kommander
|j|☆The JRL
|html|kommanderThe JRL    
|uhtml|bestof|Game 2 of a best-of-3
|t:|1785429326
|gametype|doubles
|player|p1|kommander|#smogonxnpa2025winner|
|player|p2|The JRL|#ssdivserpents|
|gen|9
|tier|[Gen 9 Champions] VGC 2026 Reg M-B (Bo3)
|rule|Species Clause: Limit one of each Pokémon
|rule|Item Clause: Limit 1 of each item
|clearpoke
|poke|p1|Garchomp, L50, F|
|poke|p1|Tyranitar, L50, F|
|poke|p1|Gholdengo, L50|
|poke|p1|Whimsicott, L50, F|
|poke|p1|Incineroar, L50, F|
|poke|p1|Charizard, L50, M|
|poke|p2|Sneasler, L50, M|
|poke|p2|Blastoise, L50, M|
|poke|p2|Kingambit, L50, M|
|poke|p2|Incineroar, L50, M|
|poke|p2|Delphox, L50, F|
|poke|p2|Sinistcha, L50|
|teampreview|4
|showteam|p1|Garchomp||Garchompite|SandVeil|EarthPower,DracoMeteor,PowerGem,Protect|Modest||F|||50|]Tyranitar||ChoiceScarf|SandStream|RockSlide,KnockOff,LowKick,IcyWind|Jolly||F|||50|]Gholdengo||LifeOrb|GoodasGold|MakeItRain,ShadowBall,NastyPlot,Protect|Modest|||||50|]Whimsicott||FocusSash|Prankster|Moonblast,Protect,Tailwind,Encore|Modest||F|||50|]Incineroar||PasshoBerry|Intimidate|FakeOut,FlareBlitz,ThroatChop,PartingShot|Careful||F|||50|]Charizard||CharizarditeY|Blaze|HeatWave,WeatherBall,Protect,SolarBeam|Modest||M|||50|
|showteam|p2|Sneasler||FocusSash|PoisonTouch|FakeOut,CloseCombat,DireClaw,QuickGuard|Jolly||M|||50|]Blastoise||Blastoisinite|RainDish|ShellSmash,WaterSpout,DarkPulse,Protect|Modest||M|||50|]Kingambit||BlackGlasses|Defiant|SwordsDance,KowtowCleave,SuckerPunch,Protect|Adamant||M|||50|]Incineroar||SitrusBerry|Intimidate|FakeOut,FlareBlitz,ThroatChop,PartingShot|Impish||M|||50|]Delphox||Delphoxite|Blaze|NastyPlot,HeatWave,Psyshock,Protect|Modest||F|||50|]Sinistcha||KasibBerry|Hospitality|MatchaGotcha,RagePowder,TrickRoom,Protect|Bold|||||50|
|j| Shiritu
|j| aseqtpie
|
|t:|1785429375
|teamsize|p1|4
|teamsize|p2|4
|start
|switch|p1a: Tyranitar|Tyranitar, L50, F|100/100
|switch|p1b: Garchomp|Garchomp, L50, F|100/100
|switch|p2a: Incineroar|Incineroar, L50, M|100/100
|switch|p2b: Delphox|Delphox, L50, F|100/100
|-weather|Sandstorm|[from] ability: Sand Stream|[of] p1a: Tyranitar
|-ability|p2a: Incineroar|Intimidate|boost
|-unboost|p1a: Tyranitar|atk|1
|-unboost|p1b: Garchomp|atk|1
|turn|1
|
|t:|1785429429
|detailschange|p2b: Delphox|Delphox-Mega, L50, F
|-mega|p2b: Delphox|Delphox|Delphoxite
|detailschange|p1b: Garchomp|Garchomp-Mega, L50, F
|-mega|p1b: Garchomp|Garchomp|Garchompite
|move|p2a: Incineroar|Fake Out|p1a: Tyranitar
|-resisted|p1a: Tyranitar|1
|-damage|p1a: Tyranitar|95/100
|cant|p1a: Tyranitar|flinch
|move|p2b: Delphox|Nasty Plot|p2b: Delphox
|-boost|p2b: Delphox|spa|2
|move|p1b: Garchomp|Earth Power|p2a: Incineroar
|-supereffective|p2a: Incineroar|1
|-damage|p2a: Incineroar|0 fnt
|faint|p2a: Incineroar
|
|-weather|Sandstorm|[upkeep]
|-damage|p2b: Delphox|94/100|[from] Sandstorm
|upkeep
|
|t:|1785429445
|switch|p2a: Sneasler|Sneasler, L50, M|100/100
|turn|2
|
|t:|1785429468
|move|p2a: Sneasler|Fake Out|p1b: Garchomp
|-damage|p1b: Garchomp|87/100
|move|p1a: Tyranitar|Icy Wind|p2a: Sneasler|[spread] p2b
|-miss|p1a: Tyranitar|p2a: Sneasler
|-resisted|p2b: Delphox|1
|-damage|p2b: Delphox|90/100
|-unboost|p2b: Delphox|spe|1
|cant|p1b: Garchomp|flinch
|move|p2b: Delphox|Heat Wave|p1b: Garchomp|[spread] p1a,p1b
|-resisted|p1a: Tyranitar|1
|-resisted|p1b: Garchomp|1
|-damage|p1a: Tyranitar|70/100
|-damage|p1b: Garchomp|45/100
|-status|p1b: Garchomp|brn
|
|-weather|Sandstorm|[upkeep]
|-damage|p2a: Sneasler|94/100|[from] Sandstorm
|-damage|p2b: Delphox|84/100|[from] Sandstorm
|-damage|p1b: Garchomp|39/100 brn|[from] brn
|upkeep
|turn|3
|
|t:|1785429506
|switch|p2b: Kingambit|Kingambit, L50, M|100/100
|move|p2a: Sneasler|Close Combat|p1b: Garchomp
|-damage|p1b: Garchomp|0 fnt
|-unboost|p2a: Sneasler|def|1
|-unboost|p2a: Sneasler|spd|1
|faint|p1b: Garchomp
|move|p1a: Tyranitar|Icy Wind|p2a: Sneasler|[spread] p2a,p2b
|-resisted|p2b: Kingambit|1
|-damage|p2a: Sneasler|77/100
|-damage|p2b: Kingambit|97/100
|-unboost|p2a: Sneasler|spe|1
|-unboost|p2b: Kingambit|spe|1
|-ability|p2b: Kingambit|Defiant|boost
|-boost|p2b: Kingambit|atk|2
|
|-weather|Sandstorm|[upkeep]
|-damage|p2a: Sneasler|71/100|[from] Sandstorm
|upkeep
|
|t:|1785429522
|switch|p1b: Incineroar|Incineroar, L50, F|100/100
|-ability|p1b: Incineroar|Intimidate|boost
|-unboost|p2a: Sneasler|atk|1
|-unboost|p2b: Kingambit|atk|1
|-ability|p2b: Kingambit|Defiant|boost
|-boost|p2b: Kingambit|atk|2
|turn|4
|
|t:|1785429569
|switch|p1a: Whimsicott|Whimsicott, L50, F|100/100
|move|p2b: Kingambit|Sucker Punch|p1b: Incineroar
|-resisted|p1b: Incineroar|1
|-damage|p1b: Incineroar|51/100
|move|p2a: Sneasler|Close Combat|p1b: Incineroar
|-supereffective|p1b: Incineroar|1
|-damage|p1b: Incineroar|0 fnt
|-unboost|p2a: Sneasler|def|1
|-unboost|p2a: Sneasler|spd|1
|faint|p1b: Incineroar
|
|-weather|Sandstorm|[upkeep]
|-damage|p1a: Whimsicott|94/100|[from] Sandstorm
|-damage|p2a: Sneasler|65/100|[from] Sandstorm
|upkeep
|
|t:|1785429577
|switch|p1b: Tyranitar|Tyranitar, L50, F|70/100
|turn|5
|
|t:|1785429601
|switch|p2a: Delphox|Delphox-Mega, L50, F|84/100
|move|p2b: Kingambit|Protect|p2b: Kingambit
|-singleturn|p2b: Kingambit|Protect
|move|p1b: Tyranitar|Low Kick|p2b: Kingambit
|-activate|p2b: Kingambit|move: Protect
|move|p1a: Whimsicott|Moonblast|p2a: Delphox
|-resisted|p2a: Delphox|1
|-crit|p2a: Delphox
|-damage|p2a: Delphox|61/100
|
|-weather|none
|upkeep
|turn|6
|
|t:|1785429627
|move|p2b: Kingambit|Sucker Punch|p1b: Tyranitar
|-resisted|p1b: Tyranitar|1
|-damage|p1b: Tyranitar|20/100y
|move|p1b: Tyranitar|Low Kick|p2a: Delphox
|-resisted|p2a: Delphox|1
|-damage|p2a: Delphox|49/100
|move|p2a: Delphox|Heat Wave|p1b: Tyranitar|[spread] p1a,p1b
|-supereffective|p1a: Whimsicott|1
|-resisted|p1b: Tyranitar|1
|-damage|p1a: Whimsicott|0 fnt
|-damage|p1b: Tyranitar|1/100
|faint|p1a: Whimsicott
|
|upkeep
|turn|7
|
|t:|1785429642
|move|p2b: Kingambit|Sucker Punch|p1b: Tyranitar
|-resisted|p1b: Tyranitar|1
|-damage|p1b: Tyranitar|0 fnt
|faint|p1b: Tyranitar
|
|win|The JRL
||kommander is ready for game 3.
||The JRL is ready for game 3.
|uhtml|next|Next: Game 3 of 3
|j| famus123
|j| White Atoq
|j|+zoyotte
|l|☆The JRL
|player|p2|
|l|☆kommander
|player|p1|
|l|+zoyotte
|j|☆kommander
|player|p1|kommander|#smogonxnpa2025winner|
|j| NXPULT DARK
