|j|☆kommander
|j|☆The JRL
|html|kommanderThe JRL    
|uhtml|bestof|Game 1 of a best-of-3
|t:|1785428759
|gametype|doubles
|player|p1|kommander|#smogonxnpa2025winner|
|player|p2|The JRL|#ssdivserpents|
|gen|9
|tier|[Gen 9 Champions] VGC 2026 Reg M-B (Bo3)
|rule|Species Clause: Limit one of each Pokémon
|rule|Item Clause: Limit 1 of each item
|clearpoke
|poke|p1|Garchomp, L50, F|
|poke|p1|Tyranitar, L50, F|
|poke|p1|Gholdengo, L50|
|poke|p1|Whimsicott, L50, F|
|poke|p1|Incineroar, L50, M|
|poke|p1|Charizard, L50, M|
|poke|p2|Sneasler, L50, M|
|poke|p2|Blastoise, L50, M|
|poke|p2|Kingambit, L50, M|
|poke|p2|Incineroar, L50, F|
|poke|p2|Delphox, L50, F|
|poke|p2|Sinistcha, L50|
|teampreview|4
|showteam|p1|Garchomp||Garchompite|SandVeil|EarthPower,DracoMeteor,PowerGem,Protect|Modest||F|||50|]Tyranitar||ChoiceScarf|SandStream|RockSlide,KnockOff,LowKick,IcyWind|Jolly||F|||50|]Gholdengo||LifeOrb|GoodasGold|MakeItRain,ShadowBall,NastyPlot,Protect|Modest|||||50|]Whimsicott||FocusSash|Prankster|Moonblast,Protect,Tailwind,Encore|Modest||F|||50|]Incineroar||PasshoBerry|Intimidate|FakeOut,FlareBlitz,ThroatChop,PartingShot|Careful||M|||50|]Charizard||CharizarditeY|Blaze|HeatWave,WeatherBall,Protect,SolarBeam|Modest||M|||50|
|showteam|p2|Sneasler||FocusSash|PoisonTouch|FakeOut,CloseCombat,DireClaw,QuickGuard|Jolly||M|||50|]Blastoise||Blastoisinite|RainDish|ShellSmash,WaterSpout,DarkPulse,Protect|Modest||M|||50|]Kingambit||BlackGlasses|Defiant|SwordsDance,KowtowCleave,SuckerPunch,Protect|Adamant||M|||50|]Incineroar||SitrusBerry|Intimidate|FakeOut,FlareBlitz,ThroatChop,PartingShot|Impish||F|||50|]Delphox||Delphoxite|Blaze|NastyPlot,HeatWave,Psyshock,Protect|Modest||F|||50|]Sinistcha||KasibBerry|Hospitality|MatchaGotcha,RagePowder,TrickRoom,Protect|Bold|||||50|
|j| NXPULT DARK
|j|+zoyotte
|j| caesarr
|l| caesarr
|j| aseqtpie
|j| Shiritu
|c|+zoyotte|el shiringitu
|c|☆kommander|Ya envie el link
|c|☆kommander|Have fun
|inactive|Battle timer is ON: inactive players will automatically lose when time's up. (requested by kommander)
|c| NXPULT DARK|apuren pe
|
|t:|1785428946
|teamsize|p1|4
|teamsize|p2|4
|start
|switch|p1a: Charizard|Charizard, L50, M|100/100
|switch|p1b: Incineroar|Incineroar, L50, M|100/100
|switch|p2a: Blastoise|Blastoise, L50, M|100/100
|switch|p2b: Sneasler|Sneasler, L50, M|100/100
|-ability|p1b: Incineroar|Intimidate|boost
|-unboost|p2a: Blastoise|atk|1
|-unboost|p2b: Sneasler|atk|1
|turn|1
|inactive|The JRL has 30 seconds left.
|
|t:|1785428976
|switch|p2b: Incineroar|Incineroar, L50, F|100/100
|-ability|p2b: Incineroar|Intimidate|boost
|-unboost|p1a: Charizard|atk|1
|-unboost|p1b: Incineroar|atk|1
|switch|p1b: Whimsicott|Whimsicott, L50, F|100/100
|detailschange|p1a: Charizard|Charizard-Mega-Y, L50, M
|-mega|p1a: Charizard|Charizard|Charizardite Y
|-weather|SunnyDay|[from] ability: Drought|[of] p1a: Charizard
|detailschange|p2a: Blastoise|Blastoise-Mega, L50, M
|-mega|p2a: Blastoise|Blastoise|Blastoisinite
|move|p2a: Blastoise|Protect|p2a: Blastoise
|-singleturn|p2a: Blastoise|Protect
|move|p1a: Charizard|Solar Beam||[still]
|-prepare|p1a: Charizard|Solar Beam
|-anim|p1a: Charizard|Solar Beam|p2a: Blastoise
|-activate|p2a: Blastoise|move: Protect
|
|-weather|SunnyDay|[upkeep]
|upkeep
|turn|2
|inactive|kommander has 30 seconds left.
|inactive|The JRL has 30 seconds left.
|inactive|kommander has 20 seconds left.
|inactive|kommander has 15 seconds left.
|j| famus123
|inactive|kommander has 10 seconds left.
|
|t:|1785429022
|switch|p2a: Sneasler|Sneasler, L50, M|100/100
|move|p1b: Whimsicott|Protect|p1b: Whimsicott
|-singleturn|p1b: Whimsicott|Protect
|move|p2b: Incineroar|Fake Out|p1a: Charizard
|-damage|p1a: Charizard|88/100
|cant|p1a: Charizard|flinch
|
|-weather|SunnyDay|[upkeep]
|upkeep
|turn|3
|inactive|kommander has 30 seconds left.
|inactive|The JRL has 30 seconds left.
|inactive|kommander has 20 seconds left.
|inactive|The JRL has 20 seconds left.
|inactive|kommander has 15 seconds left.
|
|t:|1785429063
|switch|p1b: Incineroar|Incineroar, L50, M|100/100
|-ability|p1b: Incineroar|Intimidate|boost
|-unboost|p2a: Sneasler|atk|1
|-unboost|p2b: Incineroar|atk|1
|move|p2a: Sneasler|Dire Claw|p1b: Incineroar
|-damage|p1b: Incineroar|74/100
|-status|p1b: Incineroar|slp
|move|p1a: Charizard|Weather Ball|p2a: Sneasler
|-enditem|p2a: Sneasler|Focus Sash
|-damage|p2a: Sneasler|1/100
|move|p2b: Incineroar|Parting Shot|p1a: Charizard
|-unboost|p1a: Charizard|atk|1
|-unboost|p1a: Charizard|spa|1
|
|t:|1785429078
|switch|p2b: Blastoise|Blastoise-Mega, L50, M|100/100|[from] Parting Shot
|
|-weather|SunnyDay|[upkeep]
|upkeep
|turn|4
|c| NXPULT DARK|menuda skill no?
|inactive|The JRL has 30 seconds left.
|inactive|kommander has 30 seconds left.
|inactive|The JRL has 20 seconds left.
|inactive|The JRL has 15 seconds left.
|l| NXPULT DARK
|inactive|The JRL has 10 seconds left.
|
|t:|1785429123
|switch|p2a: Incineroar|Incineroar, L50, F|100/100
|-ability|p2a: Incineroar|Intimidate|boost
|-unboost|p1a: Charizard|atk|1
|-unboost|p1b: Incineroar|atk|1
|cant|p1b: Incineroar|slp
|move|p1a: Charizard|Solar Beam||[still]
|-prepare|p1a: Charizard|Solar Beam
|-anim|p1a: Charizard|Solar Beam|p2b: Blastoise
|-supereffective|p2b: Blastoise|1
|-damage|p2b: Blastoise|40/100
|move|p2b: Blastoise|Shell Smash|p2b: Blastoise
|-unboost|p2b: Blastoise|def|1
|-unboost|p2b: Blastoise|spd|1
|-boost|p2b: Blastoise|atk|2
|-boost|p2b: Blastoise|spa|2
|-boost|p2b: Blastoise|spe|2
|
|-weather|SunnyDay|[upkeep]
|upkeep
|turn|5
|inactive|kommander has 30 seconds left.
|inactive|The JRL has 30 seconds left.
|inactive|kommander has 20 seconds left.
|inactive|The JRL has 20 seconds left.
|inactive|kommander has 15 seconds left.
|inactive|The JRL has 15 seconds left.
|inactive|kommander has 10 seconds left.
|inactive|The JRL has 10 seconds left.
|
|t:|1785429175
|switch|p1a: Whimsicott|Whimsicott, L50, F|100/100
|switch|p2a: Sneasler|Sneasler, L50, M|1/100
|move|p2b: Blastoise|Protect|p2b: Blastoise
|-singleturn|p2b: Blastoise|Protect
|-curestatus|p1b: Incineroar|slp|[msg]
|move|p1b: Incineroar|Parting Shot|p2b: Blastoise
|-activate|p2b: Blastoise|move: Protect
|
|-weather|none
|upkeep
|turn|6
|inactive|kommander has 30 seconds left.
|inactive|kommander has 20 seconds left.
|inactive|kommander has 15 seconds left.
|inactive|The JRL has 30 seconds left.
|inactive|kommander has 10 seconds left.
|inactive|The JRL has 20 seconds left.
|inactive|The JRL has 15 seconds left.
|inactive|The JRL has 10 seconds left.
|
|t:|1785429237
|switch|p1b: Charizard|Charizard-Mega-Y, L50, M|88/100
|-weather|SunnyDay|[from] ability: Drought|[of] p1b: Charizard
|move|p1a: Whimsicott|Protect|p1a: Whimsicott
|-singleturn|p1a: Whimsicott|Protect
|move|p2a: Sneasler|Fake Out|p1a: Whimsicott
|-activate|p1a: Whimsicott|move: Protect
|move|p2b: Blastoise|Water Spout|p1a: Whimsicott|[spread] p1b
|-activate|p1a: Whimsicott|move: Protect
|-supereffective|p1b: Charizard|1
|-damage|p1b: Charizard|45/100
|
|-weather|SunnyDay|[upkeep]
|upkeep
|turn|7
|inactive|The JRL has 30 seconds left.
|
|t:|1785429269
|move|p2b: Blastoise|Protect|p2b: Blastoise
|-singleturn|p2b: Blastoise|Protect
|move|p1a: Whimsicott|Tailwind|p1a: Whimsicott
|-sidestart|p1: kommander|move: Tailwind
|move|p1b: Charizard|Heat Wave|p2b: Blastoise|[spread] p2a
|-activate|p2b: Blastoise|move: Protect
|-damage|p2a: Sneasler|0 fnt
|faint|p2a: Sneasler
|
|-weather|SunnyDay|[upkeep]
|upkeep
|
|t:|1785429286
|switch|p2a: Incineroar|Incineroar, L50, F|100/100
|-ability|p2a: Incineroar|Intimidate|boost
|-unboost|p1a: Whimsicott|atk|1
|-unboost|p1b: Charizard|atk|1
|turn|8
|
|t:|1785429309
|switch|p2b: Sinistcha|Sinistcha, L50|100/100
|move|p1a: Whimsicott|Encore||[still]
|-fail|p1a: Whimsicott
|move|p1b: Charizard|Weather Ball|p2b: Sinistcha
|-supereffective|p2b: Sinistcha|1
|-damage|p2b: Sinistcha|0 fnt
|faint|p2b: Sinistcha
|move|p2a: Incineroar|Flare Blitz|p1b: Charizard
|-resisted|p1b: Charizard|1
|-damage|p1b: Charizard|9/100
|-damage|p2a: Incineroar|89/100|[from] Recoil
|
|-weather|SunnyDay|[upkeep]
|upkeep
|-message|The JRL forfeited.
|
|win|kommander
||The JRL is ready for game 2.
||kommander is ready for game 2.
|uhtml|next|Next: Game 2 of 3
|j| White Atoq
|l|☆The JRL
|player|p2|
|l|☆kommander
|player|p1|
|l|+zoyotte
|j| NXPULT DARK
|j|☆kommander
|player|p1|kommander|#smogonxnpa2025winner|
