|j|☆Iceman5687
|j|☆Artere Happy
|html|Iceman5687Artere Happy    
|uhtml|bestof|Game 1 of a best-of-3
|t:|1782459741
|gametype|doubles
|player|p1|Iceman5687|101|1173
|player|p2|Artere Happy|medium|1163
|gen|9
|tier|[Gen 9 Champions] VGC 2026 Reg M-B (Bo3)
|rated|
|rule|Species Clause: Limit one of each Pokémon
|rule|Item Clause: Limit 1 of each item
|clearpoke
|poke|p1|Floette-Eternal, L50, F|
|poke|p1|Charizard, L50, F|
|poke|p1|Kingambit, L50, F|
|poke|p1|Whimsicott, L50, M|
|poke|p1|Basculegion, L50, M|
|poke|p1|Garchomp, L50, M|
|poke|p2|Gengar, L50, F|
|poke|p2|Sinistcha, L50|
|poke|p2|Incineroar, L50, F|
|poke|p2|Politoed, L50, M|
|poke|p2|Swampert, L50, F|
|poke|p2|Archaludon, L50, F|
|teampreview|4
|showteam|p1|Floette-Eternal||Floettite|FlowerVeil|LightofRuin,Moonblast,DazzlingGleam,Protect|Modest||F|||50|]Charizard||CharizarditeY|Blaze|SolarBeam,HeatWave,WeatherBall,Protect|Modest||F|||50|]Kingambit||ChopleBerry|Defiant|IronHead,LowKick,KowtowCleave,SuckerPunch|Adamant||F|||50|]Whimsicott||FocusSash|Prankster|Moonblast,Tailwind,Encore,Protect|Timid||M|||50|]Basculegion||LifeOrb|Adaptability|WaveCrash,Protect,LastRespects,AquaJet|Adamant||M|||50|]Garchomp||RoseliBerry|RoughSkin|Earthquake,RockSlide,PoisonJab,DragonClaw|Adamant||M|||50|
|showteam|p2|Gengar||Gengarite|CursedBody|ShadowBall,Disable,PerishSong,Protect|Timid||F|||50|]Sinistcha||KasibBerry|Hospitality|MatchaGotcha,Protect,RagePowder,LifeDew|Bold|||||50|]Incineroar||PasshoBerry|Intimidate|FakeOut,DarkestLariat,Protect,PartingShot|Relaxed||F|||50|]Politoed||SitrusBerry|Drizzle|WeatherBall,Encore,PerishSong,Protect|Calm||M|||50|]Swampert||Swampertite|Torrent|WaveCrash,FlipTurn,HighHorsepower,Protect|Adamant||F|||50|]Archaludon||Leftovers|Stamina|ElectroShot,DragonPulse,FlashCannon,Protect|Modest||F|||50|
|inactive|Battle timer is ON: inactive players will automatically lose when time's up. (requested by Artere Happy)
|inactive|Iceman5687 has 60 seconds left.
|inactive|Artere Happy has 60 seconds left.
|inactive|Iceman5687 has 30 seconds left.
|inactive|Iceman5687 has 20 seconds left.
|inactive|Iceman5687 has 15 seconds left.
|inactive|Iceman5687 has 10 seconds left.
|inactive|Iceman5687 has 5 seconds left.
|
|t:|1782459828
|teamsize|p1|4
|teamsize|p2|4
|start
|switch|p1a: Whimsicott|Whimsicott, L50, M|100/100
|switch|p1b: Garchomp|Garchomp, L50, M|100/100
|switch|p2a: Incineroar|Incineroar, L50, F|100/100
|switch|p2b: Swampert|Swampert, L50, F|100/100
|-ability|p2a: Incineroar|Intimidate|boost
|-unboost|p1a: Whimsicott|atk|1
|-unboost|p1b: Garchomp|atk|1
|turn|1
|inactive|Artere Happy has 30 seconds left.
|inactive|Artere Happy has 20 seconds left.
|inactive|Artere Happy has 15 seconds left.
|
|t:|1782459870
|detailschange|p2b: Swampert|Swampert-Mega, L50, F
|-mega|p2b: Swampert|Swampert|Swampertite
|move|p1a: Whimsicott|Protect|p1a: Whimsicott
|-singleturn|p1a: Whimsicott|Protect
|move|p2a: Incineroar|Fake Out|p1a: Whimsicott
|-activate|p1a: Whimsicott|move: Protect
|move|p1b: Garchomp|Rock Slide|p2b: Swampert|[spread] p2a,p2b
|-supereffective|p2a: Incineroar|1
|-resisted|p2b: Swampert|1
|-damage|p2a: Incineroar|81/100
|-damage|p2b: Swampert|95/100
|cant|p2b: Swampert|flinch
|
|upkeep
|turn|2
|l|☆Artere Happy
|inactive|Artere Happy disconnected and has a minute to reconnect!
|player|p2|
|j|☆Artere Happy
|inactive|Artere Happy reconnected and has 45 seconds left.
|player|p2|Artere Happy|medium|
|inactive|Iceman5687 has 30 seconds left.
|inactive|Artere Happy has 30 seconds left.
|
|t:|1782459903
|move|p1a: Whimsicott|Tailwind|p1a: Whimsicott
|-sidestart|p1: Iceman5687|move: Tailwind
|move|p1b: Garchomp|Rock Slide|p2a: Incineroar|[spread] p2a,p2b
|-supereffective|p2a: Incineroar|1
|-resisted|p2b: Swampert|1
|-damage|p2a: Incineroar|61/100
|-damage|p2b: Swampert|90/100
|move|p2b: Swampert|Flip Turn|p1a: Whimsicott
|-resisted|p1a: Whimsicott|1
|-damage|p1a: Whimsicott|80/100
|
|t:|1782459912
|switch|p2b: Politoed|Politoed, L50, M|100/100|[from] Flip Turn
|-weather|RainDance|[from] ability: Drizzle|[of] p2b: Politoed
|move|p2a: Incineroar|Parting Shot|p1b: Garchomp
|-unboost|p1b: Garchomp|atk|1
|-unboost|p1b: Garchomp|spa|1
|
|t:|1782459923
|switch|p2a: Archaludon|Archaludon, L50, F|100/100|[from] Parting Shot
|
|-weather|RainDance|[upkeep]
|upkeep
|turn|3
|
|t:|1782459936
|switch|p1b: Basculegion|Basculegion, L50, M|100/100
|switch|p2b: Incineroar|Incineroar, L50, F|61/100
|-ability|p2b: Incineroar|Intimidate|boost
|-unboost|p1a: Whimsicott|atk|1
|-unboost|p1b: Basculegion|atk|1
|move|p1a: Whimsicott|Moonblast|p2b: Incineroar
|-damage|p2b: Incineroar|37/100
|move|p2a: Archaludon|Flash Cannon|p1a: Whimsicott
|-supereffective|p1a: Whimsicott|1
|-damage|p1a: Whimsicott|0 fnt
|faint|p1a: Whimsicott
|
|-weather|RainDance|[upkeep]
|upkeep
|inactive|Iceman5687 has 30 seconds left.
|inactive|Iceman5687 has 20 seconds left.
|
|t:|1782459973
|switch|p1a: Garchomp|Garchomp, L50, M|100/100
|turn|4
|
|t:|1782459993
|move|p1b: Basculegion|Protect|p1b: Basculegion
|-singleturn|p1b: Basculegion|Protect
|move|p2b: Incineroar|Fake Out|p1a: Garchomp
|-damage|p1a: Garchomp|90/100
|-damage|p2b: Incineroar|24/100|[from] ability: Rough Skin|[of] p1a: Garchomp
|cant|p1a: Garchomp|flinch
|move|p2a: Archaludon|Electro Shot||[still]
|-prepare|p2a: Archaludon|Electro Shot
|-boost|p2a: Archaludon|spa|1
|-anim|p2a: Archaludon|Electro Shot|p1b: Basculegion
|-activate|p1b: Basculegion|move: Protect
|
|-weather|RainDance|[upkeep]
|upkeep
|turn|5
|inactive|Artere Happy has 30 seconds left.
|inactive|Artere Happy has 20 seconds left.
|inactive|Artere Happy has 15 seconds left.
|
|t:|1782460033
|switch|p1b: Charizard|Charizard, L50, F|100/100
|move|p2b: Incineroar|Protect|p2b: Incineroar
|-singleturn|p2b: Incineroar|Protect
|move|p1a: Garchomp|Earthquake|p2a: Archaludon|[spread] p2a
|-activate|p2b: Incineroar|move: Protect
|-immune|p1b: Charizard
|-supereffective|p2a: Archaludon|1
|-damage|p2a: Archaludon|45/100
|-ability|p2a: Archaludon|Stamina|boost
|-boost|p2a: Archaludon|def|1
|move|p2a: Archaludon|Electro Shot||[still]
|-prepare|p2a: Archaludon|Electro Shot
|-boost|p2a: Archaludon|spa|1
|-anim|p2a: Archaludon|Electro Shot|p1b: Charizard
|-supereffective|p1b: Charizard|1
|-crit|p1b: Charizard
|-damage|p1b: Charizard|0 fnt
|faint|p1b: Charizard
|
|-weather|RainDance|[upkeep]
|-heal|p2a: Archaludon|52/100|[from] item: Leftovers
|-sideend|p1: Iceman5687|move: Tailwind
|upkeep
|-message|Iceman5687 forfeited.
|
|win|Artere Happy
