|j|☆latinbigote
|j|☆Deathspeakerknight
|html|latinbigoteDeathspeakerknight    
|uhtml|bestof|Game 2 of a best-of-3
|t:|1783045071
|gametype|doubles
|player|p1|latinbigote|266|1000
|player|p2|Deathspeakerknight|102|1000
|gen|9
|tier|[Gen 9 Champions] VGC 2026 Reg M-B (Bo3)
|rated|
|rule|Species Clause: Limit one of each Pokémon
|rule|Item Clause: Limit 1 of each item
|clearpoke
|poke|p1|Staraptor, L50, M|
|poke|p1|Garchomp, L50, F|
|poke|p1|Basculegion, L50, M|
|poke|p1|Typhlosion-Hisui, L50, F|
|poke|p1|Dragonite, L50, M|
|poke|p1|Grimmsnarl, L50, M|
|poke|p2|Charizard, L50, F|
|poke|p2|Metagross, L50|
|poke|p2|Ninetales-Alola, L50, F|
|poke|p2|Milotic, L50, M|
|poke|p2|Hydreigon, L50, F|
|poke|p2|Excadrill, L50, M|
|teampreview|4
|showteam|p1|Staraptor||Staraptite|Intimidate|BraveBird,CloseCombat,Roost,Protect|Jolly||M|||50|]Garchomp||RoseliBerry|RoughSkin|DragonClaw,StompingTantrum,RockTomb,PoisonJab|Jolly||F|||50|]Basculegion||MysticWater|Adaptability|WaveCrash,LastRespects,AquaJet,Protect|Adamant||M|||50|]Typhlosion-Hisui||ChoiceScarf|Frisk|Eruption,HeatWave,BurnUp,ShadowBall|Modest||F|||50|]Dragonite||Dragoninite|Multiscale|DracoMeteor,Thunderbolt,Flamethrower,IceBeam|Modest||M|||50|]Grimmsnarl||LightClay|Prankster|FakeTears,PartingShot,Reflect,LightScreen|Calm||M|||50|
|showteam|p2|Charizard||SitrusBerry|Blaze|WeatherBall,FirePunch,Acrobatics,Protect|Jolly||F|||50|]Metagross||Metagrossite|ClearBody|Protect,Earthquake,BulletPunch,PsychicFangs|Jolly|||||50|]Ninetales-Alola||LightClay|SnowWarning|AuroraVeil,Blizzard,FreezeDry,Protect|Timid||F|||50|]Milotic||Leftovers|Competitive|Scald,IceBeam,LifeDew,IcyWind|Bold||M|||50|]Hydreigon||LifeOrb|Levitate|DarkPulse,DracoMeteor,Protect,Tailwind|Timid||F|||50|]Excadrill||Excadrite|MoldBreaker|IronHead,HighHorsepower,RockSlide,Protect|Jolly||M|||50|
|
|t:|1783045102
|teamsize|p1|4
|teamsize|p2|4
|start
|switch|p1a: Staraptor|Staraptor, L50, M|100/100
|switch|p1b: Grimmsnarl|Grimmsnarl, L50, M|100/100
|switch|p2a: Hydreigon|Hydreigon, L50, F|100/100
|switch|p2b: Ninetales|Ninetales-Alola, L50, F|100/100
|-weather|Snowscape|[from] ability: Snow Warning|[of] p2b: Ninetales
|-ability|p1a: Staraptor|Intimidate|boost
|-unboost|p2a: Hydreigon|atk|1
|-unboost|p2b: Ninetales|atk|1
|turn|1
|
|t:|1783045122
|detailschange|p1a: Staraptor|Staraptor-Mega, L50, M
|-mega|p1a: Staraptor|Staraptor|Staraptite
|move|p1b: Grimmsnarl|Fake Tears|p1a: Staraptor
|-boost|p1a: Staraptor|spd|2
|move|p1a: Staraptor|Close Combat|p2a: Hydreigon
|-supereffective|p2a: Hydreigon|1
|-damage|p2a: Hydreigon|0 fnt
|-boost|p1a: Staraptor|def|1
|-boost|p1a: Staraptor|spd|1
|faint|p2a: Hydreigon
|move|p2b: Ninetales|Blizzard|p1a: Staraptor|[spread] p1a,p1b
|-supereffective|p1a: Staraptor|1
|-damage|p1a: Staraptor|66/100
|-damage|p1b: Grimmsnarl|72/100
|-status|p1a: Staraptor|frz
|
|-weather|Snowscape|[upkeep]
|upkeep
|
|t:|1783045137
|switch|p2a: Excadrill|Excadrill, L50, M|100/100
|-ability|p2a: Excadrill|Mold Breaker
|turn|2
|
|t:|1783045159
|move|p1b: Grimmsnarl|Parting Shot|p2b: Ninetales
|-unboost|p2b: Ninetales|atk|1
|-unboost|p2b: Ninetales|spa|1
|
|t:|1783045163
|switch|p1b: Typhlosion|Typhlosion-Hisui, L50, F|100/100|[from] Parting Shot
|-item|p2a: Excadrill|Excadrite|[from] ability: Frisk|[of] p1b: Typhlosion
|-item|p2b: Ninetales|Light Clay|[from] ability: Frisk|[of] p1b: Typhlosion
|cant|p1a: Staraptor|frz
|move|p2b: Ninetales|Aurora Veil|p2b: Ninetales
|-sidestart|p2: Deathspeakerknight|move: Aurora Veil
|move|p2a: Excadrill|Rock Slide|p1b: Typhlosion|[spread] p1b
|-miss|p2a: Excadrill|p1a: Staraptor
|-supereffective|p1b: Typhlosion|1
|-crit|p1b: Typhlosion
|-damage|p1b: Typhlosion|18/100
|
|-weather|Snowscape|[upkeep]
|upkeep
|turn|3
|
|t:|1783045187
|move|p1b: Typhlosion|Eruption|p2a: Excadrill|[spread] p2a,p2b
|-supereffective|p2a: Excadrill|1
|-supereffective|p2b: Ninetales|1
|-damage|p2a: Excadrill|78/100
|-damage|p2b: Ninetales|78/100
|-curestatus|p1a: Staraptor|frz|[msg]
|move|p1a: Staraptor|Close Combat|p2a: Excadrill
|-supereffective|p2a: Excadrill|1
|-damage|p2a: Excadrill|0 fnt
|-boost|p1a: Staraptor|def|1
|-boost|p1a: Staraptor|spd|1
|faint|p2a: Excadrill
|move|p2b: Ninetales|Freeze-Dry|p1a: Staraptor
|-supereffective|p1a: Staraptor|1
|-damage|p1a: Staraptor|50/100g
|
|-weather|Snowscape|[upkeep]
|upkeep
|
|t:|1783045201
|switch|p2a: Metagross|Metagross, L50|100/100
|turn|4
|
|t:|1783045220
|switch|p1b: Basculegion|Basculegion, L50, M|100/100
|detailschange|p2a: Metagross|Metagross-Mega, L50
|-mega|p2a: Metagross|Metagross|Metagrossite
|move|p2a: Metagross|Psychic Fangs|p1a: Staraptor
|-supereffective|p1a: Staraptor|1
|-damage|p1a: Staraptor|0 fnt
|faint|p1a: Staraptor
|move|p2b: Ninetales|Blizzard|p1b: Basculegion
|-resisted|p1b: Basculegion|1
|-damage|p1b: Basculegion|84/100
|-status|p1b: Basculegion|frz
|
|-weather|Snowscape|[upkeep]
|upkeep
|
|t:|1783045234
|switch|p1a: Typhlosion|Typhlosion-Hisui, L50, F|18/100
|-item|p2a: Metagross|Metagrossite|[from] ability: Frisk|[of] p1a: Typhlosion
|-item|p2b: Ninetales|Light Clay|[from] ability: Frisk|[of] p1a: Typhlosion
|turn|5
|
|t:|1783045255
|move|p2b: Ninetales|Protect|p2b: Ninetales
|-singleturn|p2b: Ninetales|Protect
|move|p1a: Typhlosion|Burn Up|p2b: Ninetales
|-activate|p2b: Ninetales|move: Protect
|move|p2a: Metagross|Earthquake|p1b: Basculegion|[spread] p1a,p1b
|-activate|p2b: Ninetales|move: Protect
|-supereffective|p1a: Typhlosion|1
|-damage|p1a: Typhlosion|0 fnt
|-damage|p1b: Basculegion|53/100 frz
|faint|p1a: Typhlosion
|cant|p1b: Basculegion|frz
|
|-weather|none
|upkeep
|
|t:|1783045267
|switch|p1a: Grimmsnarl|Grimmsnarl, L50, M|72/100
|turn|6
|
|t:|1783045277
|move|p2a: Metagross|Bullet Punch|p1a: Grimmsnarl
|-supereffective|p1a: Grimmsnarl|1
|-damage|p1a: Grimmsnarl|10/100
|move|p1a: Grimmsnarl|Parting Shot|p2a: Metagross
|-unboost|p2a: Metagross|atk|1
|-unboost|p2a: Metagross|spa|1
|move|p2b: Ninetales|Freeze-Dry|p1b: Basculegion
|-supereffective|p1b: Basculegion|1
|-damage|p1b: Basculegion|13/100 frz
|cant|p1b: Basculegion|frz
|
|upkeep
|turn|7
|-message|latinbigote forfeited.
|
|win|Deathspeakerknight
|raw|latinbigote's rating: 1000 → 1000(+0 for losing)
|raw|Deathspeakerknight's rating: 1000 → 1040(+40 for winning)
|l|☆latinbigote
|player|p1|
