|j|☆thebritishwooper
|j|☆gluttorn
|html|thebritishwoopergluttorn    
|uhtml|bestof|Game 1 of a best-of-3
|t:|1782485374
|gametype|doubles
|player|p1|thebritishwooper|n|1013
|player|p2|gluttorn|266|1094
|gen|9
|tier|[Gen 9 Champions] VGC 2026 Reg M-B (Bo3)
|rated|
|rule|Species Clause: Limit one of each Pokémon
|rule|Item Clause: Limit 1 of each item
|clearpoke
|poke|p1|Metagross, L50|
|poke|p1|Aerodactyl, L50, M|
|poke|p1|Incineroar, L50, F|
|poke|p1|Sinistcha, L50|
|poke|p1|Sneasler, L50, M|
|poke|p1|Rotom-Wash, L50|
|poke|p2|Scrafty, L50, M|
|poke|p2|Torkoal, L50, F|
|poke|p2|Farigiraf, L50, F|
|poke|p2|Hatterene, L50, F|
|poke|p2|Vileplume, L50, F|
|poke|p2|Archaludon, L50, F|
|teampreview|4
|showteam|p1|Metagross||Metagrossite|ClearBody|MeteorMash,PsychicFangs,ShadowClaw,Protect|Jolly|||||50|]Aerodactyl||Aerodactylite|Unnerve|RockSlide,DualWingbeat,Tailwind,Protect|Impish||M|||50|]Incineroar||SitrusBerry|Intimidate|FakeOut,PartingShot,ThroatChop,FlareBlitz|Careful||F|||50|]Sinistcha||KasibBerry|Hospitality|RagePowder,MatchaGotcha,LifeDew,Protect|Bold|||||50|]Sneasler||WhiteHerb|Unburden|CloseCombat,FakeOut,DireClaw,Protect|Adamant||M|||50|]Rotom-Wash||ChoiceScarf|Levitate|Thunderbolt,Electroweb,HydroPump,WillOWisp|Timid|||||50|
|showteam|p2|Scrafty||Scraftinite|Intimidate|FakeOut,KnockOff,DrainPunch,RockSlide|Brave||M|||50|]Torkoal||Charcoal|Drought|EarthPower,HeatWave,Eruption,Protect|Quiet||F|||50|]Farigiraf||MentalHerb|ArmorTail|Protect,HelpingHand,TrickRoom,Psychic|Calm||F|||50|]Hatterene||LifeOrb|MagicBounce|DazzlingGleam,Psychic,TrickRoom,Protect|Modest||F|||50|]Vileplume||FocusSash|Chlorophyll|AfterYou,Protect,EnergyBall,SludgeBomb|Timid||F|||50|]Archaludon||ChoiceScarf|Sturdy|Thunderbolt,DragonPulse,FlashCannon,BrickBreak|Timid||F|||50|
|inactive|Battle timer is ON: inactive players will automatically lose when time's up. (requested by thebritishwooper)
|inactive|thebritishwooper has 60 seconds left.
|
|t:|1782485414
|teamsize|p1|4
|teamsize|p2|4
|start
|switch|p1a: Incineroar|Incineroar, L50, F|100/100
|switch|p1b: Rotom|Rotom-Wash, L50|100/100
|switch|p2a: Farigiraf|Farigiraf, L50, F|100/100
|switch|p2b: Scrafty|Scrafty, L50, M|100/100
|-ability|p1a: Incineroar|Intimidate|boost
|-unboost|p2a: Farigiraf|atk|1
|-unboost|p2b: Scrafty|atk|1
|-ability|p2b: Scrafty|Intimidate|boost
|-unboost|p1a: Incineroar|atk|1
|-unboost|p1b: Rotom|atk|1
|turn|1
|inactive|gluttorn has 30 seconds left.
|
|t:|1782485449
|detailschange|p2b: Scrafty|Scrafty-Mega, L50, M
|-mega|p2b: Scrafty|Scrafty|Scraftinite
|-ability|p2b: Scrafty|Intimidate|boost
|-unboost|p1a: Incineroar|atk|1
|-unboost|p1b: Rotom|atk|1
|move|p1b: Rotom|Will-O-Wisp|p2b: Scrafty
|-status|p2b: Scrafty|brn
|move|p1a: Incineroar|Throat Chop|p2a: Farigiraf
|-supereffective|p2a: Farigiraf|1
|-damage|p2a: Farigiraf|65/100
|-start|p2a: Farigiraf|Throat Chop|[silent]
|move|p2b: Scrafty|Knock Off|p1b: Rotom
|-damage|p1b: Rotom|75/100
|-enditem|p1b: Rotom|Choice Scarf|[from] move: Knock Off|[of] p2b: Scrafty
|move|p2a: Farigiraf|Trick Room|p2a: Farigiraf
|-fieldstart|move: Trick Room|[of] p2a: Farigiraf
|
|-damage|p2b: Scrafty|94/100 brn|[from] brn
|upkeep
|turn|2
|inactive|thebritishwooper has 30 seconds left.
|
|t:|1782485477
|switch|p2a: Hatterene|Hatterene, L50, F|100/100
|move|p2b: Scrafty|Drain Punch|p1a: Incineroar
|-supereffective|p1a: Incineroar|1
|-damage|p1a: Incineroar|71/100
|-heal|p2b: Scrafty|100/100 brn|[from] drain|[of] p1a: Incineroar
|move|p1a: Incineroar|Parting Shot|p2b: Scrafty
|-unboost|p2b: Scrafty|atk|1
|-unboost|p2b: Scrafty|spa|1
|
|t:|1782485489
|switch|p1a: Sneasler|Sneasler, L50, M|100/100|[from] Parting Shot
|move|p1b: Rotom|Thunderbolt|p2a: Hatterene
|-damage|p2a: Hatterene|51/100
|
|-damage|p2b: Scrafty|94/100 brn|[from] brn
|upkeep
|turn|3
|
|t:|1782485507
|switch|p2b: Farigiraf|Farigiraf, L50, F|65/100
|move|p1a: Sneasler|Fake Out||[still]
|cant|p2b: Farigiraf|ability: Armor Tail|Fake Out|[of] p1a: Sneasler
|move|p2a: Hatterene|Psychic|p1a: Sneasler
|-supereffective|p1a: Sneasler|2
|-damage|p1a: Sneasler|0 fnt
|faint|p1a: Sneasler
|-damage|p2a: Hatterene|41/100|[from] item: Life Orb
|move|p1b: Rotom|Hydro Pump|p2b: Farigiraf|[miss]
|-miss|p1b: Rotom|p2b: Farigiraf
|
|upkeep
|
|t:|1782485515
|switch|p1a: Incineroar|Incineroar, L50, F|71/100
|-ability|p1a: Incineroar|Intimidate|boost
|-unboost|p2a: Hatterene|atk|1
|-unboost|p2b: Farigiraf|atk|1
|turn|4
|
|t:|1782485529
|move|p2b: Farigiraf|Helping Hand|p2a: Hatterene
|-singleturn|p2a: Hatterene|Helping Hand|[of] p2b: Farigiraf
|move|p2a: Hatterene|Dazzling Gleam|p1b: Rotom|[spread] p1a,p1b
|-damage|p1a: Incineroar|25/100
|-damage|p1b: Rotom|0 fnt
|-enditem|p1a: Incineroar|Sitrus Berry|[eat]
|-heal|p1a: Incineroar|50/100y|[from] item: Sitrus Berry
|faint|p1b: Rotom
|-damage|p2a: Hatterene|31/100|[from] item: Life Orb
|move|p1a: Incineroar|Throat Chop|p2b: Farigiraf
|-supereffective|p2b: Farigiraf|1
|-damage|p2b: Farigiraf|9/100
|-start|p2b: Farigiraf|Throat Chop|[silent]
|
|upkeep
|
|t:|1782485543
|switch|p1b: Aerodactyl|Aerodactyl, L50, M|100/100
|-ability|p1b: Aerodactyl|Unnerve
|turn|5
|
|t:|1782485556
|switch|p2b: Scrafty|Scrafty-Mega, L50, M|94/100 brn
|-ability|p2b: Scrafty|Intimidate|boost
|-unboost|p1a: Incineroar|atk|1
|-unboost|p1b: Aerodactyl|atk|1
|detailschange|p1b: Aerodactyl|Aerodactyl-Mega, L50, M
|-mega|p1b: Aerodactyl|Aerodactyl|Aerodactylite
|move|p1b: Aerodactyl|Protect|p1b: Aerodactyl
|-singleturn|p1b: Aerodactyl|Protect
|move|p2a: Hatterene|Dazzling Gleam|p1b: Aerodactyl|[spread] p1a
|-activate|p1b: Aerodactyl|move: Protect
|-damage|p1a: Incineroar|20/100y
|-damage|p2a: Hatterene|21/100|[from] item: Life Orb
|move|p1a: Incineroar|Throat Chop|p2a: Hatterene
|-damage|p2a: Hatterene|0 fnt
|faint|p2a: Hatterene
|
|-damage|p2b: Scrafty|88/100 brn|[from] brn
|-fieldend|move: Trick Room
|upkeep
|inactive|gluttorn has 30 seconds left.
|
|t:|1782485589
|switch|p2a: Torkoal|Torkoal, L50, F|100/100
|-weather|SunnyDay|[from] ability: Drought|[of] p2a: Torkoal
|turn|6
|
|t:|1782485600
|move|p2b: Scrafty|Fake Out|p1b: Aerodactyl
|-resisted|p1b: Aerodactyl|1
|-damage|p1b: Aerodactyl|96/100
|cant|p1b: Aerodactyl|flinch
|move|p1a: Incineroar|Parting Shot|p2a: Torkoal
|-unboost|p2a: Torkoal|atk|1
|-unboost|p2a: Torkoal|spa|1
|move|p2a: Torkoal|Earth Power|p1a: Incineroar
|-supereffective|p1a: Incineroar|1
|-damage|p1a: Incineroar|0 fnt
|faint|p1a: Incineroar
|
|-weather|SunnyDay|[upkeep]
|-damage|p2b: Scrafty|82/100 brn|[from] brn
|upkeep
|turn|7
|inactive|gluttorn has 30 seconds left.
|
|t:|1782485631
|move|p1b: Aerodactyl|Dual Wingbeat|p2b: Scrafty
|-supereffective|p2b: Scrafty|1
|-damage|p2b: Scrafty|58/100 brn
|-supereffective|p2b: Scrafty|1
|-damage|p2b: Scrafty|32/100 brn
|-hitcount|p2b: Scrafty|2
|move|p2b: Scrafty|Rock Slide|p1b: Aerodactyl
|-supereffective|p1b: Aerodactyl|1
|-damage|p1b: Aerodactyl|69/100
|move|p2a: Torkoal|Heat Wave|p1b: Aerodactyl
|-resisted|p1b: Aerodactyl|1
|-damage|p1b: Aerodactyl|43/100
|
|-weather|SunnyDay|[upkeep]
|-damage|p2b: Scrafty|26/100 brn|[from] brn
|upkeep
|turn|8
|
|t:|1782485650
|switch|p2b: Farigiraf|Farigiraf, L50, F|9/100
|move|p1b: Aerodactyl|Rock Slide|p2b: Farigiraf|[spread] p2a,p2b
|-supereffective|p2a: Torkoal|1
|-damage|p2a: Torkoal|76/100
|-damage|p2b: Farigiraf|0 fnt
|faint|p2b: Farigiraf
|move|p2a: Torkoal|Heat Wave|p1b: Aerodactyl|[miss]
|-miss|p2a: Torkoal|p1b: Aerodactyl
|
|-weather|SunnyDay|[upkeep]
|upkeep
|
|t:|1782485661
|switch|p2b: Scrafty|Scrafty-Mega, L50, M|26/100 brn
|-ability|p2b: Scrafty|Intimidate|boost
|-unboost|p1b: Aerodactyl|atk|1
|turn|9
|
|t:|1782485676
|move|p2b: Scrafty|Fake Out|p1b: Aerodactyl
|-resisted|p1b: Aerodactyl|1
|-damage|p1b: Aerodactyl|39/100
|cant|p1b: Aerodactyl|flinch
|move|p2a: Torkoal|Heat Wave|p1b: Aerodactyl
|-resisted|p1b: Aerodactyl|1
|-crit|p1b: Aerodactyl
|-damage|p1b: Aerodactyl|0 fnt
|faint|p1b: Aerodactyl
|
|win|gluttorn
|l|☆thebritishwooper
|player|p1|
||thebritishwooper is ready for game 2.
|inactive|gluttorn has 30 seconds to confirm battle start!
|inactive|gluttorn has 20 seconds to confirm battle start!
|inactive|gluttorn has 10 seconds to confirm battle start!
