|j|☆DylanP10
|j|☆YoYutta
|html|DylanP10YoYutta    
|uhtml|bestof|Game 1 of a best-of-3
|t:|1756579140
|gametype|doubles
|player|p1|DylanP10|lucas-gen4pt|
|player|p2|YoYutta|alec-anime|
|gen|9
|tier|[Gen 9] VGC 2025 Reg H (Bo3)
|rule|Species Clause: Limit one of each Pokémon
|rule|Item Clause: Limit 1 of each item
|clearpoke
|poke|p1|Pelipper, L50, M|
|poke|p1|Basculegion, L50, M|
|poke|p1|Archaludon, L50, F|
|poke|p1|Gholdengo, L50|
|poke|p1|Amoonguss, L50, F|
|poke|p1|Incineroar, L50, M|
|poke|p2|Tyranitar, L50, F|
|poke|p2|Excadrill, L50, F|
|poke|p2|Sinistcha, L50|
|poke|p2|Primarina, L50, F|
|poke|p2|Talonflame, L50, M|
|poke|p2|Kommo-o, L50, F|
|teampreview|4
|showteam|p1|Pelipper||FocusSash|Drizzle|WeatherBall,Hurricane,Tailwind,WideGuard|||M|||50|,,,,,Ground]Basculegion||ChoiceBand|SwiftSwim|WaveCrash,AquaJet,FlipTurn,LastRespects|||M|||50|,,,,,Water]Archaludon||AssaultVest|Stamina|ElectroShot,FlashCannon,DragonPulse,BodyPress|||F|||50|,,,,,Grass]Gholdengo||LifeOrb|GoodasGold|MakeItRain,ShadowBall,NastyPlot,Protect||||||50|,,,,,Dragon]Amoonguss||MentalHerb|Regenerator|Spore,RagePowder,PollenPuff,Protect|||F|||50|,,,,,Ghost]Incineroar||SafetyGoggles|Intimidate|WillOWisp,KnockOff,FakeOut,PartingShot|||M|||50|,,,,,Ghost
|showteam|p2|Tyranitar||AssaultVest|SandStream|RockSlide,KnockOff,TeraBlast,LowKick|||F|||50|,,,,,Flying]Excadrill||ClearAmulet|SandRush|Earthquake,HighHorsepower,IronHead,Protect|||F|||50|,,,,,Grass]Sinistcha||SitrusBerry|Hospitality|MatchaGotcha,LifeDew,RagePowder,TrickRoom||||||50|,,,,,Poison]Primarina||MysticWater|LiquidVoice|HyperVoice,Moonblast,Haze,Protect|||F|||50|,,,,,Grass]Talonflame||SafetyGoggles|GaleWings|FlareBlitz,Taunt,WillOWisp,Tailwind|||M|||50|,,,,,Ghost]Kommo-o||ThroatSpray|Overcoat|ClangingScales,Boomburst,ClangorousSoul,Protect|||F|||50|,,,,,Normal
|c|☆YoYutta|é pra começar?
|c|☆DylanP10|não
|c|☆DylanP10|e so para deixar pronto mesmo
|j| arcaico1
|j| Pandersonsb
|
|t:|1756579647
|teamsize|p1|4
|teamsize|p2|4
|start
|switch|p1a: Gholdengo|Gholdengo, L50|100/100
|switch|p1b: Amoonguss|Amoonguss, L50, F|100/100
|switch|p2a: Tyranitar|Tyranitar, L50, F, shiny|100/100
|switch|p2b: Talonflame|Talonflame, L50, M|100/100
|-weather|Sandstorm|[from] ability: Sand Stream|[of] p2a: Tyranitar
|turn|1
|
|t:|1756579757
|-terastallize|p1a: Gholdengo|Dragon
|move|p1b: Amoonguss|Protect|p1b: Amoonguss
|-singleturn|p1b: Amoonguss|Protect
|move|p2b: Talonflame|Flare Blitz|p1b: Amoonguss
|-activate|p1b: Amoonguss|move: Protect
|move|p1a: Gholdengo|Nasty Plot|p1a: Gholdengo
|-boost|p1a: Gholdengo|spa|2
|move|p2a: Tyranitar|Knock Off|p1b: Amoonguss
|-activate|p1b: Amoonguss|move: Protect
|
|-weather|Sandstorm|[upkeep]
|-damage|p1a: Gholdengo|95/100|[from] Sandstorm
|-damage|p1b: Amoonguss|95/100|[from] Sandstorm
|upkeep
|turn|2
|
|t:|1756579807
|switch|p1b: Pelipper|Pelipper, L50, M|100/100
|-weather|RainDance|[from] ability: Drizzle|[of] p1b: Pelipper
|-terastallize|p2a: Tyranitar|Flying
|move|p2b: Talonflame|Tailwind|p2b: Talonflame
|-sidestart|p2: YoYutta|move: Tailwind
|move|p2a: Tyranitar|Tera Blast|p1b: Pelipper|[anim] Tera Blast Flying
|-damage|p1b: Pelipper|42/100
|move|p1a: Gholdengo|Shadow Ball|p2b: Talonflame
|-damage|p2b: Talonflame|0 fnt
|faint|p2b: Talonflame
|-damage|p1a: Gholdengo|85/100|[from] item: Life Orb
|
|-weather|RainDance|[upkeep]
|upkeep
|
|t:|1756579841
|switch|p2b: Excadrill|Excadrill, L50, F, shiny|100/100
|turn|3
|
|t:|1756579858
|switch|p2a: Primarina|Primarina, L50, F|100/100
|switch|p1b: Amoonguss|Amoonguss, L50, F|100/100
|move|p2b: Excadrill|Protect|p2b: Excadrill
|-singleturn|p2b: Excadrill|Protect
|move|p1a: Gholdengo|Shadow Ball|p2b: Excadrill
|-activate|p2b: Excadrill|move: Protect
|
|-weather|RainDance|[upkeep]
|upkeep
|turn|4
|
|t:|1756579932
|move|p1a: Gholdengo|Protect|p1a: Gholdengo
|-singleturn|p1a: Gholdengo|Protect
|move|p2b: Excadrill|High Horsepower|p1b: Amoonguss
|-damage|p1b: Amoonguss|56/100
|move|p2a: Primarina|Haze|p2a: Primarina
|-clearallboost
|move|p1b: Amoonguss|Spore|p2b: Excadrill
|-status|p2b: Excadrill|slp|[from] move: Spore
|
|-weather|RainDance|[upkeep]
|upkeep
|turn|5
|
|t:|1756579955
|move|p2a: Primarina|Protect|p2a: Primarina
|-singleturn|p2a: Primarina|Protect
|move|p1b: Amoonguss|Rage Powder|p1b: Amoonguss
|-singleturn|p1b: Amoonguss|move: Rage Powder
|cant|p2b: Excadrill|slp
|move|p1a: Gholdengo|Nasty Plot|p1a: Gholdengo
|-boost|p1a: Gholdengo|spa|2
|
|-weather|RainDance|[upkeep]
|-sideend|p2: YoYutta|move: Tailwind
|upkeep
|turn|6
|
|t:|1756580007
|switch|p2a: Tyranitar|Tyranitar, L50, F, shiny, tera:Flying|100/100
|-weather|Sandstorm|[from] ability: Sand Stream|[of] p2a: Tyranitar
|move|p1b: Amoonguss|Rage Powder|p1b: Amoonguss
|-singleturn|p1b: Amoonguss|move: Rage Powder
|cant|p2b: Excadrill|slp
|move|p1a: Gholdengo|Make It Rain|p2b: Excadrill|[spread] p2a,p2b
|-resisted|p2b: Excadrill
|-damage|p2a: Tyranitar|29/100
|-damage|p2b: Excadrill|31/100 slp
|-unboost|p1a: Gholdengo|spa|1
|-damage|p1a: Gholdengo|76/100|[from] item: Life Orb
|
|-weather|Sandstorm|[upkeep]
|-damage|p1a: Gholdengo|70/100|[from] Sandstorm
|-damage|p2a: Tyranitar|23/100|[from] Sandstorm
|-damage|p1b: Amoonguss|50/100|[from] Sandstorm
|upkeep
|turn|7
|
|t:|1756580046
|switch|p1b: Pelipper|Pelipper, L50, M|42/100
|-weather|RainDance|[from] ability: Drizzle|[of] p1b: Pelipper
|cant|p2b: Excadrill|slp
|move|p1a: Gholdengo|Make It Rain|p2b: Excadrill|[spread] p2a,p2b
|-resisted|p2b: Excadrill
|-damage|p2a: Tyranitar|0 fnt
|-damage|p2b: Excadrill|0 fnt
|-unboost|p1a: Gholdengo|spa|1
|faint|p2a: Tyranitar
|faint|p2b: Excadrill
|-damage|p1a: Gholdengo|60/100|[from] item: Life Orb
|
|-weather|RainDance|[upkeep]
|upkeep
|
|t:|1756580055
|switch|p2b: Primarina|Primarina, L50, F|100/100
|turn|8
|
|t:|1756580065
|switch|p1b: Amoonguss|Amoonguss, L50, F|83/100
|move|p1a: Gholdengo|Protect|p1a: Gholdengo
|-singleturn|p1a: Gholdengo|Protect
|move|p2b: Primarina|Hyper Voice|p1b: Amoonguss|[spread] p1b
|-activate|p1a: Gholdengo|move: Protect
|-resisted|p1b: Amoonguss
|-damage|p1b: Amoonguss|57/100
|
|-weather|RainDance|[upkeep]
|upkeep
|turn|9
|
|t:|1756580073
|move|p1b: Amoonguss|Rage Powder|p1b: Amoonguss
|-singleturn|p1b: Amoonguss|move: Rage Powder
|move|p1a: Gholdengo|Nasty Plot|p1a: Gholdengo
|-boost|p1a: Gholdengo|spa|2
|move|p2b: Primarina|Hyper Voice|p1b: Amoonguss|[spread] p1a,p1b
|-resisted|p1a: Gholdengo
|-resisted|p1b: Amoonguss
|-damage|p1a: Gholdengo|21/100
|-damage|p1b: Amoonguss|30/100
|
|-weather|RainDance|[upkeep]
|upkeep
|turn|10
|
|t:|1756580098
|move|p1a: Gholdengo|Make It Rain|p2b: Primarina
|-damage|p2b: Primarina|0 fnt
|-unboost|p1a: Gholdengo|spa|1
|faint|p2b: Primarina
|-damage|p1a: Gholdengo|12/100|[from] item: Life Orb
|
|win|DylanP10
||DylanP10 is ready for game 2.
||YoYutta is ready for game 2.
|uhtml|next|Next: Game 2 of 3
|l| arcaico1
|l|☆DylanP10
|player|p1|
|l|☆YoYutta
|player|p2|
|l| Pandersonsb
|j|☆YoYutta
|player|p2|YoYutta|alec-anime|
