|j|â˜†rasaighul
|j|â˜†onescoopmann
|html|rasaighulonescoopmann    
|uhtml|bestof|Game 2 of a best-of-3
|t:|1756417579
|gametype|doubles
|player|p1|rasaighul|palmer|1048
|player|p2|onescoopmann|1|1165
|gen|9
|tier|[Gen 9] VGC 2025 Reg H (Bo3)
|rated|
|rule|Species Clause: Limit one of each PokÃ©mon
|rule|Item Clause: Limit 1 of each item
|clearpoke
|poke|p1|Porygon2, L50|
|poke|p1|Incineroar, L50, M|
|poke|p1|Ursaluna, L50, F|
|poke|p1|Charizard, L50, M|
|poke|p1|Jumpluff, L50, M|
|poke|p1|Torkoal, L50, M|
|poke|p2|Indeedee-F, L50, F|
|poke|p2|Hatterene, L50, F|
|poke|p2|Torkoal, L50, M|
|poke|p2|Lilligant-Hisui, L50, F|
|poke|p2|Ursaluna, L50, F|
|poke|p2|Gallade, L50, M|
|teampreview|4
|showteam|p1|Porygon2||Eviolite|Download|TeraBlast,IceBeam,Recover,TrickRoom||||||50|,,,,,Fighting]Incineroar||SafetyGoggles|Intimidate|FakeOut,FlareBlitz,KnockOff,PartingShot|||M|||50|,,,,,Ghost]Ursaluna||FlameOrb|Guts|Earthquake,Facade,HeadlongRush,Protect|||F|||50|,,,,,Ghost]Charizard||ChoiceSpecs|SolarPower|HeatWave,Overheat,AirSlash,WeatherBall|||M|||50|,,,,,Ghost]Jumpluff||CovertCloak|Chlorophyll|Tailwind,SunnyDay,RagePowder,SleepPowder|||M|||50|,,,,,Water]Torkoal||EjectPack|Drought|Overheat,Eruption,HelpingHand,Protect|||M|||50|,,,,,Fire
|showteam|p2|Indeedee-F||PsychicSeed|PsychicSurge|FollowMe,Psychic,HelpingHand,TrickRoom|||F|||50|,,,,,Grass]Hatterene||LifeOrb|MagicBounce|ExpandingForce,DazzlingGleam,TrickRoom,Protect|||F|||50|,,,,,Fire]Torkoal||Charcoal|Drought|Eruption,WeatherBall,HeatWave,Protect|||M|||50|,,,,,Fire]Lilligant-Hisui||FocusSash|Chlorophyll|SleepPowder,AfterYou,LeafBlade,CloseCombat|||F|||50|,,,,,Ghost]Ursaluna||FlameOrb|Guts|HeadlongRush,Facade,SwordsDance,Protect|||F|||50|,,,,,Normal]Gallade||ClearAmulet|Sharpness|SacredSword,PsychoCut,WideGuard,TrickRoom|||M|||50|,,,,,Grass
|inactive|Battle timer is ON: inactive players will automatically lose when time's up. (requested by rasaighul)
|
|t:|1756417607
|teamsize|p1|4
|teamsize|p2|4
|start
|switch|p1a: Porygon2|Porygon2, L50|100/100
|switch|p1b: Incineroar|Incineroar, L50, M|100/100
|switch|p2a: Indeedee|Indeedee-F, L50, F|100/100
|switch|p2b: Hatterene|Hatterene, L50, F|100/100
|-ability|p1b: Incineroar|Intimidate|boost
|-unboost|p2a: Indeedee|atk|1
|-unboost|p2b: Hatterene|atk|1
|-ability|p1a: Porygon2|Download|boost
|-boost|p1a: Porygon2|atk|1
|-fieldstart|move: Psychic Terrain|[from] ability: Psychic Surge|[of] p2a: Indeedee
|-enditem|p2a: Indeedee|Psychic Seed
|-boost|p2a: Indeedee|spd|1|[from] item: Psychic Seed
|turn|1
|
|t:|1756417623
|move|p2a: Indeedee|Helping Hand|p2b: Hatterene
|-singleturn|p2b: Hatterene|Helping Hand|[of] p2a: Indeedee
|move|p1b: Incineroar|Knock Off|p2b: Hatterene
|-damage|p2b: Hatterene|41/100
|-enditem|p2b: Hatterene|Life Orb|[from] move: Knock Off|[of] p1b: Incineroar
|move|p2b: Hatterene|Dazzling Gleam|p1a: Porygon2|[spread] p1a,p1b
|-damage|p1a: Porygon2|69/100
|-damage|p1b: Incineroar|53/100
|move|p1a: Porygon2|Trick Room|p1a: Porygon2
|-fieldstart|move: Trick Room|[of] p1a: Porygon2
|
|upkeep
|turn|2
|
|t:|1756417645
|move|p2a: Indeedee|Helping Hand|p2b: Hatterene
|-singleturn|p2b: Hatterene|Helping Hand|[of] p2a: Indeedee
|move|p2b: Hatterene|Dazzling Gleam|p1a: Porygon2|[spread] p1a,p1b
|-damage|p1a: Porygon2|32/100
|-damage|p1b: Incineroar|2/100
|move|p1b: Incineroar|Flare Blitz|p2b: Hatterene
|-damage|p2b: Hatterene|0 fnt
|faint|p2b: Hatterene
|-damage|p1b: Incineroar|0 fnt|[from] Recoil
|faint|p1b: Incineroar
|move|p1a: Porygon2|Trick Room|p1a: Porygon2
|-fieldend|move: Trick Room
|
|upkeep
|
|t:|1756417660
|switch|p1b: Ursaluna|Ursaluna, L50, F|100/100
|switch|p2b: Gallade|Gallade, L50, M|100/100
|turn|3
|inactive|rasaighul has 30 seconds left.
|inactive|rasaighul has 20 seconds left.
|inactive|rasaighul has 15 seconds left.
|inactive|rasaighul has 10 seconds left.
|
|t:|1756417705
|-terastallize|p1b: Ursaluna|Ghost
|move|p1b: Ursaluna|Facade|p2b: Gallade
|-damage|p2b: Gallade|47/100
|move|p1a: Porygon2|Recover|p1a: Porygon2
|-heal|p1a: Porygon2|82/100
|move|p2b: Gallade|Sacred Sword|p1b: Ursaluna
|-immune|p1b: Ursaluna
|move|p2a: Indeedee|Trick Room|p2a: Indeedee
|-fieldstart|move: Trick Room|[of] p2a: Indeedee
|
|-status|p1b: Ursaluna|brn|[from] item: Flame Orb
|upkeep
|turn|4
|
|t:|1756417728
|move|p2a: Indeedee|Helping Hand|p2b: Gallade
|-singleturn|p2b: Gallade|Helping Hand|[of] p2a: Indeedee
|move|p2b: Gallade|Sacred Sword|p1a: Porygon2
|-supereffective|p1a: Porygon2
|-damage|p1a: Porygon2|0 fnt
|faint|p1a: Porygon2
|move|p1b: Ursaluna|Facade|p2b: Gallade
|-damage|p2b: Gallade|0 fnt
|faint|p2b: Gallade
|
|-damage|p1b: Ursaluna|95/100 brn|[from] brn
|upkeep
|
|t:|1756417741
|switch|p2b: Torkoal|Torkoal, L50, M|100/100
|switch|p1a: Torkoal|Torkoal, L50, M|100/100
|-weather|SunnyDay|[from] ability: Drought|[of] p1a: Torkoal
|turn|5
|c|â˜†onescoopmann|ok
|c|â˜†onescoopmann|lets see me lose this a third time
|
|t:|1756417755
|-terastallize|p2b: Torkoal|Fire
|move|p2a: Indeedee|Helping Hand|p2b: Torkoal
|-singleturn|p2b: Torkoal|Helping Hand|[of] p2a: Indeedee
|move|p1a: Torkoal|Protect|p1a: Torkoal
|-singleturn|p1a: Torkoal|Protect
|move|p1b: Ursaluna|Protect|p1b: Ursaluna
|-singleturn|p1b: Ursaluna|Protect
|move|p2b: Torkoal|Eruption|p1b: Ursaluna|[spread] 
|-activate|p1a: Torkoal|move: Protect
|-activate|p1b: Ursaluna|move: Protect
|
|-weather|SunnyDay|[upkeep]
|-damage|p1b: Ursaluna|89/100 brn|[from] brn
|-fieldend|move: Psychic Terrain
|upkeep
|turn|6
|c|â˜†onescoopmann|nevermind I guess lmao
|c|â˜†onescoopmann|I too hate fun
|
|t:|1756417771
|move|p2a: Indeedee|Helping Hand|p2b: Torkoal
|-singleturn|p2b: Torkoal|Helping Hand|[of] p2a: Indeedee
|move|p2b: Torkoal|Eruption|p1b: Ursaluna|[spread] p1a,p1b
|-resisted|p1a: Torkoal
|-damage|p1a: Torkoal|0 fnt
|-damage|p1b: Ursaluna|0 fnt
|faint|p1a: Torkoal
|faint|p1b: Ursaluna
|
|win|onescoopmann
||onescoopmann is ready for game 3.
|inactive|rasaighul has 30 seconds to confirm battle start!
||rasaighul is ready for game 3.
|uhtml|next|Next: Game 3 of 3
