|j|☆quain4
|j|☆Jakobtc
|html|quain4Jakobtc    
|uhtml|bestof|Game 1 of a best-of-3
|t:|1757698587
|gametype|doubles
|player|p1|quain4|169|1146
|player|p2|Jakobtc|riley|1169
|gen|9
|tier|[Gen 9] VGC 2025 Reg H (Bo3)
|rated|
|rule|Species Clause: Limit one of each Pokémon
|rule|Item Clause: Limit 1 of each item
|clearpoke
|poke|p1|Amoonguss, L50, M|
|poke|p1|Mandibuzz, L50, F|
|poke|p1|Cyclizar, L50, M|
|poke|p1|Archaludon, L50, F|
|poke|p1|Zoroark-Hisui, L50, F|
|poke|p1|Sneasler, L50, F|
|poke|p2|Drifblim, L50, M|
|poke|p2|Indeedee, L50, M|
|poke|p2|Arcanine-Hisui, L50, M|
|poke|p2|Garchomp, L50, F|
|poke|p2|Amoonguss, L50, M|
|poke|p2|Primarina, L50, F|
|teampreview|4
|showteam|p1|Amoonguss||SitrusBerry|Regenerator|Protect,Spore,PollenPuff,RagePowder|||M|||50|,,,,,Psychic]Mandibuzz||AguavBerry|Overcoat|Protect,FoulPlay,Snarl,Tailwind|||F|||50|,,,,,Steel]Cyclizar||DragonFang|Regenerator|DracoMeteor,BodySlam,Protect,ShedTail|||M|||50|,,,,,Steel]Archaludon||PowerHerb|Sturdy|ElectroShot,FlashCannon,DracoMeteor,Protect|||F|||50|,,,,,Electric]Zoroark-Hisui||FocusSash|Illusion|Protect,HyperVoice,NastyPlot,BitterMalice|||F|||50|,,,,,Normal]Sneasler||WhiteHerb|Unburden|Protect,ThroatChop,CloseCombat,DireClaw|||F|||50|,,,,,Dark
|showteam|p2|Drifblim||PsychicSeed|Unburden|Tailwind,StrengthSap,WillOWisp,Acrobatics|||M|||50|,,,,,Grass]Indeedee||FocusSash|PsychicSurge|ExpandingForce,TeraBlast,SkillSwap,Protect|||M|||50|,,,,,Fighting]Arcanine-Hisui||ChoiceBand|Intimidate|RockSlide,FlareBlitz,ExtremeSpeed,CloseCombat|||M|||50|,,,,,Grass]Garchomp||LifeOrb|RoughSkin|StompingTantrum,DragonClaw,Earthquake,Protect|||F|||50|,,,,,Ground]Amoonguss||SitrusBerry|Regenerator|Spore,LeafStorm,RagePowder,Protect|||M|||50|,,,,,Water]Primarina||MysticWater|LiquidVoice|HyperVoice,Moonblast,Haze,Protect|||F|||50|,,,,,Steel
|inactive|Battle timer is ON: inactive players will automatically lose when time's up. (requested by quain4)
|c|☆Jakobtc|glhf
|inactive|quain4 has 60 seconds left.
|
|t:|1757698630
|teamsize|p1|4
|teamsize|p2|4
|start
|switch|p1a: Cyclizar|Cyclizar, L50, M|100/100
|switch|p1b: Sneasler|Sneasler, L50, F|100/100
|switch|p2a: Drifblim|Drifblim, L50, M|100/100
|switch|p2b: Indeedee|Indeedee, L50, M|100/100
|-fieldstart|move: Psychic Terrain|[from] ability: Psychic Surge|[of] p2b: Indeedee
|-enditem|p2a: Drifblim|Psychic Seed
|-boost|p2a: Drifblim|spd|1|[from] item: Psychic Seed
|turn|1
|inactive|Jakobtc has 30 seconds left.
|inactive|Jakobtc has 20 seconds left.
|
|t:|1757698667
|-terastallize|p1b: Sneasler|Dark
|move|p2a: Drifblim|Tailwind|p2a: Drifblim
|-sidestart|p2: Jakobtc|move: Tailwind
|move|p2b: Indeedee|Expanding Force|p1a: Cyclizar|[spread] p1a
|-immune|p1b: Sneasler
|-damage|p1a: Cyclizar|29/100
|move|p1a: Cyclizar|Shed Tail|p1a: Cyclizar
|-fail|p1a: Cyclizar|move: Shed Tail|[weak]
|move|p1b: Sneasler|Throat Chop|p2a: Drifblim
|-supereffective|p2a: Drifblim
|-damage|p2a: Drifblim|0 fnt
|faint|p2a: Drifblim
|
|upkeep
|
|t:|1757698688
|switch|p2a: Garchomp|Garchomp, L50, F|100/100
|turn|2
|
|t:|1757698699
|switch|p1a: Mandibuzz|Mandibuzz, L50, F|100/100
|-terastallize|p2a: Garchomp|Ground
|move|p1b: Sneasler|Protect|p1b: Sneasler
|-singleturn|p1b: Sneasler|Protect
|move|p2a: Garchomp|Stomping Tantrum|p1b: Sneasler
|-activate|p1b: Sneasler|move: Protect
|move|p2b: Indeedee|Expanding Force|p1a: Mandibuzz|[spread] 
|-activate|p1b: Sneasler|move: Protect
|-immune|p1a: Mandibuzz
|
|upkeep
|turn|3
|inactive|Jakobtc has 30 seconds left.
|
|t:|1757698733
|switch|p2b: Arcanine|Arcanine-Hisui, L50, M|100/100
|-ability|p2b: Arcanine|Intimidate|boost
|-unboost|p1a: Mandibuzz|atk|1
|-unboost|p1b: Sneasler|atk|1
|-enditem|p1b: Sneasler|White Herb
|-clearnegativeboost|p1b: Sneasler|[silent]
|move|p1b: Sneasler|Close Combat|p2b: Arcanine
|-supereffective|p2b: Arcanine
|-damage|p2b: Arcanine|0 fnt
|-unboost|p1b: Sneasler|def|1
|-unboost|p1b: Sneasler|spd|1
|faint|p2b: Arcanine
|move|p2a: Garchomp|Stomping Tantrum|p1b: Sneasler
|-damage|p1b: Sneasler|0 fnt
|faint|p1b: Sneasler
|-damage|p2a: Garchomp|91/100|[from] item: Life Orb
|move|p1a: Mandibuzz|Tailwind|p1a: Mandibuzz
|-sidestart|p1: quain4|move: Tailwind
|
|upkeep
|
|t:|1757698750
|switch|p1b: Cyclizar|Cyclizar, L50, M|63/100
|switch|p2b: Indeedee|Indeedee, L50, M|100/100
|turn|4
|
|t:|1757698764
|move|p1b: Cyclizar|Protect|p1b: Cyclizar
|-singleturn|p1b: Cyclizar|Protect
|move|p2a: Garchomp|Dragon Claw|p1a: Mandibuzz
|-damage|p1a: Mandibuzz|60/100
|-damage|p2a: Garchomp|81/100|[from] item: Life Orb
|move|p2b: Indeedee|Tera Blast|p1a: Mandibuzz
|-crit|p1a: Mandibuzz
|-damage|p1a: Mandibuzz|12/100
|-enditem|p1a: Mandibuzz|Aguav Berry|[eat]
|-heal|p1a: Mandibuzz|45/100|[from] item: Aguav Berry
|move|p1a: Mandibuzz|Snarl|p2a: Garchomp|[spread] p2a,p2b
|-supereffective|p2b: Indeedee
|-damage|p2a: Garchomp|71/100
|-damage|p2b: Indeedee|74/100
|-unboost|p2a: Garchomp|spa|1
|-unboost|p2b: Indeedee|spa|1
|
|-sideend|p2: Jakobtc|move: Tailwind
|upkeep
|turn|5
|
|t:|1757698782
|move|p2b: Indeedee|Protect|p2b: Indeedee
|-singleturn|p2b: Indeedee|Protect
|move|p1b: Cyclizar|Draco Meteor|p2b: Indeedee
|-activate|p2b: Indeedee|move: Protect
|move|p1a: Mandibuzz|Snarl|p2a: Garchomp|[spread] p2a
|-activate|p2b: Indeedee|move: Protect
|-damage|p2a: Garchomp|60/100
|-unboost|p2a: Garchomp|spa|1
|move|p2a: Garchomp|Dragon Claw|p1b: Cyclizar
|-supereffective|p1b: Cyclizar
|-damage|p1b: Cyclizar|0 fnt
|faint|p1b: Cyclizar
|-damage|p2a: Garchomp|50/100|[from] item: Life Orb
|
|-fieldend|move: Psychic Terrain
|upkeep
|
|t:|1757698785
|switch|p1b: Archaludon|Archaludon, L50, F|100/100
|turn|6
|
|t:|1757698807
|move|p2a: Garchomp|Protect|p2a: Garchomp
|-singleturn|p2a: Garchomp|Protect
|move|p2b: Indeedee|Protect||[still]
|-fail|p2b: Indeedee
|move|p1b: Archaludon|Draco Meteor|p2a: Garchomp
|-activate|p2a: Garchomp|move: Protect
|move|p1a: Mandibuzz|Snarl|p2b: Indeedee|[spread] 
|-activate|p2a: Garchomp|move: Protect
|-miss|p1a: Mandibuzz|p2b: Indeedee
|
|-sideend|p1: quain4|move: Tailwind
|upkeep
|turn|7
|
|t:|1757698824
|move|p1b: Archaludon|Protect|p1b: Archaludon
|-singleturn|p1b: Archaludon|Protect
|move|p2a: Garchomp|Dragon Claw|p1a: Mandibuzz
|-damage|p1a: Mandibuzz|0 fnt
|faint|p1a: Mandibuzz
|-damage|p2a: Garchomp|41/100|[from] item: Life Orb
|move|p2b: Indeedee|Tera Blast|p1b: Archaludon
|-activate|p1b: Archaludon|move: Protect
|
|upkeep
|turn|8
|
|t:|1757698835
|move|p2a: Garchomp|Stomping Tantrum|p1b: Archaludon
|-supereffective|p1b: Archaludon
|-ability|p1b: Archaludon|Sturdy
|-damage|p1b: Archaludon|1/100
|-damage|p2a: Garchomp|31/100|[from] item: Life Orb
|move|p2b: Indeedee|Expanding Force|p1b: Archaludon
|-resisted|p1b: Archaludon
|-crit|p1b: Archaludon
|-damage|p1b: Archaludon|0 fnt
|faint|p1b: Archaludon
|
|win|Jakobtc
||quain4 is ready for game 2.
|inactive|Jakobtc has 30 seconds to confirm battle start!
||Jakobtc is ready for game 2.
|uhtml|next|Next: Game 2 of 3
