|j|☆Yubay Chocolate
|j|☆glubglobs
|html|Yubay Chocolateglubglobs    
|uhtml|bestof|Game 2 of a best-of-3
|t:|1756386707
|gametype|doubles
|player|p1|Yubay Chocolate|kieran-champion|1109
|player|p2|glubglobs|cynthia|1172
|gen|9
|tier|[Gen 9] VGC 2025 Reg H (Bo3)
|rated|
|rule|Species Clause: Limit one of each Pokémon
|rule|Item Clause: Limit 1 of each item
|clearpoke
|poke|p1|Dragonite, L50, M|
|poke|p1|Volcarona, L50, F|
|poke|p1|Sneasler, L50, M|
|poke|p1|Rillaboom, L50, M|
|poke|p1|Electabuzz, L50, M|
|poke|p1|Kingambit, L50, M|
|poke|p2|Primarina, L50, F|
|poke|p2|Sneasler, L50, F|
|poke|p2|Electabuzz, L50, F|
|poke|p2|Kingambit, L50, M|
|poke|p2|Dragapult, L50, M|
|poke|p2|Rillaboom, L50, M|
|teampreview|4
|showteam|p1|Dragonite||LoadedDice|Multiscale|ScaleShot,ExtremeSpeed,Haze,Protect|||M|||50|,,,,,Fairy]Volcarona||CovertCloak|FlameBody|HeatWave,TeraBlast,QuiverDance,Protect|||F|||50|,,,,,Fairy]Sneasler||FocusSash|Unburden|CloseCombat,DireClaw,Coaching,Protect|||M|||50|,,,,,Stellar]Rillaboom||AssaultVest|GrassySurge|WoodHammer,GrassyGlide,HighHorsepower,FakeOut|||M|||50|,,,,,Water]Electabuzz||Eviolite|VitalSpirit|Electroweb,FollowMe,Taunt,Protect|||M|||50|,,,,,Ghost]Kingambit||BlackGlasses|Defiant|KowtowCleave,SuckerPunch,SwordsDance,Protect|||M|||50|,,,,,Water
|showteam|p2|Primarina||ThroatSpray|LiquidVoice|Protect,Haze,HyperVoice,Moonblast|||F|||50|,,,,,Poison]Sneasler||FocusSash|PoisonTouch|Protect,NightSlash,DireClaw,CloseCombat|||F|||50|,,,,,Stellar]Electabuzz||Eviolite|VitalSpirit|Protect,FollowMe,Taunt,Electroweb|||F|||50|,,,,,Fairy]Kingambit||BlackGlasses|Defiant|Protect,SwordsDance,SuckerPunch,KowtowCleave|||M|||50|,,,,,Dark]Dragapult||ChoiceBand|ClearBody|Uturn,DragonDarts,PhantomForce,Outrage|||M|||50|,,,,,Dragon]Rillaboom||AssaultVest|GrassySurge|FakeOut,Uturn,GrassyGlide,WoodHammer|||M|||50|,,,,,Fire
|inactive|Battle timer is ON: inactive players will automatically lose when time's up. (requested by glubglobs)
|
|t:|1756386722
|teamsize|p1|4
|teamsize|p2|4
|start
|switch|p1a: Dragonite|Dragonite, L50, M|100/100
|switch|p1b: Sneasler|Sneasler, L50, M|100/100
|switch|p2a: Dragapult|Dragapult, L50, M|100/100
|switch|p2b: Electabuzz|Electabuzz, L50, F|100/100
|turn|1
|
|t:|1756386733
|switch|p2a: Primarina|Primarina, L50, F|100/100
|move|p1b: Sneasler|Coaching|p1a: Dragonite
|-boost|p1a: Dragonite|atk|1
|-boost|p1a: Dragonite|def|1
|move|p1a: Dragonite|Scale Shot|p2b: Electabuzz
|-damage|p2b: Electabuzz|81/100
|-damage|p2b: Electabuzz|64/100
|-damage|p2b: Electabuzz|48/100
|-damage|p2b: Electabuzz|30/100
|-hitcount|p2b: Electabuzz|4
|-unboost|p1a: Dragonite|def|1
|-boost|p1a: Dragonite|spe|1
|move|p2b: Electabuzz|Electroweb|p1a: Dragonite|[spread] p1a,p1b
|-crit|p1b: Sneasler
|-damage|p1a: Dragonite|93/100
|-damage|p1b: Sneasler|70/100
|-unboost|p1a: Dragonite|spe|1
|-unboost|p1b: Sneasler|spe|1
|
|upkeep
|turn|2
|inactive|Yubay Chocolate has 30 seconds left.
|inactive|glubglobs has 30 seconds left.
|
|t:|1756386767
|-terastallize|p1a: Dragonite|Fairy
|-terastallize|p2a: Primarina|Poison
|move|p2b: Electabuzz|Protect|p2b: Electabuzz
|-singleturn|p2b: Electabuzz|Protect
|move|p1a: Dragonite|Scale Shot|p2b: Electabuzz
|-activate|p2b: Electabuzz|move: Protect
|move|p1b: Sneasler|Dire Claw|p2a: Primarina
|-resisted|p2a: Primarina
|-damage|p2a: Primarina|76/100
|move|p2a: Primarina|Haze|p2a: Primarina
|-clearallboost
|
|upkeep
|turn|3
|
|t:|1756386787
|move|p2b: Electabuzz|Follow Me|p2b: Electabuzz
|-singleturn|p2b: Electabuzz|move: Follow Me
|move|p1b: Sneasler|Coaching|p1a: Dragonite
|-boost|p1a: Dragonite|atk|1
|-boost|p1a: Dragonite|def|1
|move|p1a: Dragonite|Scale Shot|p2b: Electabuzz|[miss]
|-miss|p1a: Dragonite|p2b: Electabuzz
|move|p2a: Primarina|Hyper Voice|p1a: Dragonite|[spread] p1a,p1b
|-damage|p1a: Dragonite|57/100
|-damage|p1b: Sneasler|25/100
|-enditem|p2a: Primarina|Throat Spray
|-boost|p2a: Primarina|spa|1|[from] item: Throat Spray
|
|upkeep
|turn|4
|
|t:|1756386806
|move|p1a: Dragonite|Extreme Speed|p2b: Electabuzz
|-damage|p2b: Electabuzz|0 fnt
|faint|p2b: Electabuzz
|move|p1b: Sneasler|Dire Claw|p2a: Primarina
|-resisted|p2a: Primarina
|-damage|p2a: Primarina|49/100
|-status|p2a: Primarina|par
|move|p2a: Primarina|Hyper Voice|p1a: Dragonite|[spread] p1a,p1b
|-damage|p1a: Dragonite|0 fnt
|-damage|p1b: Sneasler|0 fnt
|faint|p1a: Dragonite
|faint|p1b: Sneasler
|
|upkeep
|
|t:|1756386825
|switch|p1b: Electabuzz|Electabuzz, L50, M|100/100
|switch|p1a: Kingambit|Kingambit, L50, M|100/100
|switch|p2b: Sneasler|Sneasler, L50, F|100/100
|turn|5
|
|t:|1756386841
|move|p1a: Kingambit|Protect|p1a: Kingambit
|-singleturn|p1a: Kingambit|Protect
|move|p2b: Sneasler|Dire Claw|p1b: Electabuzz
|-damage|p1b: Electabuzz|62/100
|move|p1b: Electabuzz|Electroweb|p2a: Primarina|[spread] p2a,p2b
|-damage|p2a: Primarina|39/100 par
|-damage|p2b: Sneasler|81/100
|-unboost|p2a: Primarina|spe|1
|-unboost|p2b: Sneasler|spe|1
|move|p2a: Primarina|Hyper Voice|p1b: Electabuzz|[spread] p1b
|-activate|p1a: Kingambit|move: Protect
|-damage|p1b: Electabuzz|24/100
|
|upkeep
|turn|6
|
|t:|1756386858
|move|p1b: Electabuzz|Follow Me|p1b: Electabuzz
|-singleturn|p1b: Electabuzz|move: Follow Me
|move|p2b: Sneasler|Close Combat|p1b: Electabuzz
|-damage|p1b: Electabuzz|0 fnt
|-unboost|p2b: Sneasler|def|1
|-unboost|p2b: Sneasler|spd|1
|faint|p1b: Electabuzz
|move|p1a: Kingambit|Kowtow Cleave|p2b: Sneasler
|-resisted|p2b: Sneasler
|-damage|p2b: Sneasler|11/100
|move|p2a: Primarina|Hyper Voice|p1a: Kingambit
|-damage|p1a: Kingambit|36/100
|
|upkeep
|turn|7
|
|t:|1756386876
|move|p2b: Sneasler|Protect|p2b: Sneasler
|-singleturn|p2b: Sneasler|Protect
|move|p1a: Kingambit|Sucker Punch||[still]
|-fail|p1a: Kingambit
|move|p2a: Primarina|Hyper Voice|p1a: Kingambit
|-damage|p1a: Kingambit|0 fnt
|faint|p1a: Kingambit
|
|win|glubglobs
||glubglobs is ready for game 3.
||Yubay Chocolate is ready for game 3.
|uhtml|next|Next: Game 3 of 3
