|j|☆jadenbr09
|j|☆Yellowdi4m0nd
|html|jadenbr09Yellowdi4m0nd    
|uhtml|bestof|Game 2 of a best-of-3
|t:|1785003490
|gametype|doubles
|player|p1|jadenbr09|roark|1203
|player|p2|Yellowdi4m0nd|266|1000
|gen|9
|tier|[Gen 9 Champions] VGC 2026 Reg M-B (Bo3)
|rated|
|rule|Species Clause: Limit one of each Pokémon
|rule|Item Clause: Limit 1 of each item
|clearpoke
|poke|p1|Charizard, L50, F, shiny|
|poke|p1|Kingambit, L50, F|
|poke|p1|Farigiraf, L50, F|
|poke|p1|Aerodactyl, L50, M|
|poke|p1|Sylveon, L50, F|
|poke|p1|Garchomp, L50, F|
|poke|p2|Sneasler, L50, M|
|poke|p2|Blastoise, L50, M|
|poke|p2|Kingambit, L50, M|
|poke|p2|Incineroar, L50, M|
|poke|p2|Delphox, L50, F|
|poke|p2|Sinistcha, L50|
|teampreview|4
|showteam|p1|Charizard||CharizarditeY|Blaze|HeatWave,WeatherBall,SolarBeam,Protect|Modest||F|||50|]Kingambit||FocusSash|Defiant|KowtowCleave,SuckerPunch,IronHead,LowKick|Adamant||F|||50|]Farigiraf||SitrusBerry|ArmorTail|TwinBeam,Thunderbolt,Roar,TrickRoom|Bold||F|||50|]Aerodactyl||Aerodactylite|Unnerve|DualWingbeat,IceFang,Tailwind,RockSlide|Jolly||M|||50|]Sylveon||FairyFeather|Pixilate|QuickAttack,HyperBeam,HyperVoice,Protect|Modest||F|||50|]Garchomp||SoftSand|RoughSkin|StompingTantrum,DragonClaw,RockTomb,Protect|Adamant||F|||50|
|showteam|p2|Sneasler||FocusSash|PoisonTouch|PoisonJab,CloseCombat,FakeOut,QuickGuard|Jolly||M|||50|]Blastoise||Blastoisinite|RainDish|DarkPulse,WaterSpout,ShellSmash,Protect|Modest||M|||50|]Kingambit||BlackGlasses|Defiant|KowtowCleave,SuckerPunch,SwordsDance,Protect|Adamant||M|||50|]Incineroar||SitrusBerry|Intimidate|FlareBlitz,HelpingHand,PartingShot,FakeOut|Careful||M|||50|]Delphox||Delphoxite|Blaze|HeatWave,NastyPlot,Psyshock,Protect|Modest||F|||50|]Sinistcha||KasibBerry|Hospitality|MatchaGotcha,RagePowder,TrickRoom,Protect|Bold|||||50|
|
|t:|1785003513
|teamsize|p1|4
|teamsize|p2|4
|start
|switch|p1a: Charizard|Charizard, L50, F, shiny|100/100
|switch|p1b: Garchomp|Garchomp, L50, F|100/100
|switch|p2a: Sneasler|Sneasler, L50, M|100/100
|switch|p2b: Blastoise|Blastoise, L50, M|100/100
|turn|1
|inactive|Battle timer is ON: inactive players will automatically lose when time's up. (requested by jadenbr09)
|
|t:|1785003536
|switch|p1b: Farigiraf|Farigiraf, L50, F|100/100
|switch|p2b: Incineroar|Incineroar, L50, M|100/100
|-ability|p2b: Incineroar|Intimidate|boost
|-unboost|p1a: Charizard|atk|1
|-unboost|p1b: Farigiraf|atk|1
|detailschange|p1a: Charizard|Charizard-Mega-Y, L50, F, shiny
|-mega|p1a: Charizard|Charizard|Charizardite Y
|-weather|SunnyDay|[from] ability: Drought|[of] p1a: Charizard
|move|p2a: Sneasler|Poison Jab|p1a: Charizard
|-damage|p1a: Charizard|54/100
|move|p1a: Charizard|Heat Wave|p2a: Sneasler|[spread] p2a,p2b
|-resisted|p2b: Incineroar|1
|-damage|p2a: Sneasler|17/100
|-damage|p2b: Incineroar|74/100
|
|-weather|SunnyDay|[upkeep]
|upkeep
|turn|2
|
|t:|1785003560
|move|p1a: Charizard|Protect|p1a: Charizard
|-singleturn|p1a: Charizard|Protect
|move|p2a: Sneasler|Poison Jab|p1b: Farigiraf
|-damage|p1b: Farigiraf|69/100
|-status|p1b: Farigiraf|psn
|move|p2b: Incineroar|Parting Shot|p1a: Charizard
|-activate|p1a: Charizard|move: Protect
|move|p1b: Farigiraf|Twin Beam|p2a: Sneasler
|-supereffective|p2a: Sneasler|2
|-damage|p2a: Sneasler|0 fnt
|faint|p2a: Sneasler
|-hitcount|p2: Sneasler|1
|
|-weather|SunnyDay|[upkeep]
|-damage|p1b: Farigiraf|57/100 psn|[from] psn
|upkeep
|
|t:|1785003578
|switch|p2a: Blastoise|Blastoise, L50, M|100/100
|turn|3
|inactive|jadenbr09 has 30 seconds left.
|
|t:|1785003603
|detailschange|p2a: Blastoise|Blastoise-Mega, L50, M
|-mega|p2a: Blastoise|Blastoise|Blastoisinite
|move|p2a: Blastoise|Protect|p2a: Blastoise
|-singleturn|p2a: Blastoise|Protect
|move|p1a: Charizard|Solar Beam||[still]
|-prepare|p1a: Charizard|Solar Beam
|-anim|p1a: Charizard|Solar Beam|p2a: Blastoise
|-activate|p2a: Blastoise|move: Protect
|move|p2b: Incineroar|Parting Shot|p1a: Charizard
|-unboost|p1a: Charizard|atk|1
|-unboost|p1a: Charizard|spa|1
|
|t:|1785003612
|switch|p2b: Sinistcha|Sinistcha, L50|100/100|[from] Parting Shot
|move|p1b: Farigiraf|Thunderbolt|p2b: Sinistcha
|-resisted|p2b: Sinistcha|1
|-damage|p2b: Sinistcha|89/100
|
|-weather|SunnyDay|[upkeep]
|-damage|p1b: Farigiraf|44/100 psn|[from] psn
|upkeep
|-enditem|p1b: Farigiraf|Sitrus Berry|[eat]
|-heal|p1b: Farigiraf|69/100 psn|[from] item: Sitrus Berry
|turn|4
|
|t:|1785003631
|move|p2b: Sinistcha|Rage Powder|p2b: Sinistcha
|-singleturn|p2b: Sinistcha|move: Rage Powder
|move|p1a: Charizard|Heat Wave|p2a: Blastoise|[spread] p2b
|-miss|p1a: Charizard|p2a: Blastoise
|-supereffective|p2b: Sinistcha|1
|-damage|p2b: Sinistcha|12/100
|move|p2a: Blastoise|Dark Pulse|p1b: Farigiraf
|-supereffective|p1b: Farigiraf|1
|-damage|p1b: Farigiraf|0 fnt
|faint|p1b: Farigiraf
|
|-weather|SunnyDay|[upkeep]
|upkeep
|
|t:|1785003647
|switch|p1b: Kingambit|Kingambit, L50, F|100/100
|turn|5
|
|t:|1785003669
|switch|p1a: Garchomp|Garchomp, L50, F|100/100
|move|p2b: Sinistcha|Rage Powder|p2b: Sinistcha
|-singleturn|p2b: Sinistcha|move: Rage Powder
|move|p2a: Blastoise|Shell Smash|p2a: Blastoise
|-unboost|p2a: Blastoise|def|1
|-unboost|p2a: Blastoise|spd|1
|-boost|p2a: Blastoise|atk|2
|-boost|p2a: Blastoise|spa|2
|-boost|p2a: Blastoise|spe|2
|move|p1b: Kingambit|Kowtow Cleave|p2b: Sinistcha
|-supereffective|p2b: Sinistcha|1
|-damage|p2b: Sinistcha|0 fnt
|faint|p2b: Sinistcha
|
|-weather|none
|upkeep
|
|t:|1785003672
|switch|p2b: Incineroar|Incineroar, L50, M|74/100
|-ability|p2b: Incineroar|Intimidate|boost
|-unboost|p1a: Garchomp|atk|1
|-unboost|p1b: Kingambit|atk|1
|-ability|p1b: Kingambit|Defiant|boost
|-boost|p1b: Kingambit|atk|2
|turn|6
|inactive|jadenbr09 has 30 seconds left.
|inactive|jadenbr09 has 20 seconds left.
|inactive|jadenbr09 has 15 seconds left.
|inactive|jadenbr09 has 10 seconds left.
|
|t:|1785003721
|move|p2b: Incineroar|Fake Out|p1b: Kingambit
|-resisted|p1b: Kingambit|1
|-damage|p1b: Kingambit|96/100
|cant|p1b: Kingambit|flinch
|move|p2a: Blastoise|Water Spout|p1b: Kingambit|[spread] p1a,p1b
|-damage|p1a: Garchomp|0 fnt
|-damage|p1b: Kingambit|0 fnt
|faint|p1a: Garchomp
|faint|p1b: Kingambit
|
|upkeep
|
|t:|1785003740
|switch|p1b: Charizard|Charizard-Mega-Y, L50, F, shiny|54/100
|-weather|SunnyDay|[from] ability: Drought|[of] p1b: Charizard
|turn|7
|c|☆jadenbr09|Chingas a toda tu madre
|-message|jadenbr09 forfeited.
|
|win|Yellowdi4m0nd
