|j|☆Elipick
|j|☆francoilforteprep
|html|Elipickfrancoilforteprep    
|uhtml|bestof|Game 2 of a best-of-3
|t:|1756244416
|gametype|doubles
|player|p1|Elipick|cynthia-gen4|1023
|player|p2|francoilforteprep|266|1000
|gen|9
|tier|[Gen 9] VGC 2025 Reg H (Bo3)
|rated|
|rule|Species Clause: Limit one of each Pokémon
|rule|Item Clause: Limit 1 of each item
|clearpoke
|poke|p1|Arcanine-Hisui, L50, F|
|poke|p1|Gholdengo, L50|
|poke|p1|Whimsicott, L50, F|
|poke|p1|Sneasler, L50, M|
|poke|p1|Indeedee-F, L50, F|
|poke|p1|Primarina, L50, M|
|poke|p2|Toxapex, L50, F|
|poke|p2|Chesnaught, L50, F|
|poke|p2|Grimmsnarl, L50, M|
|poke|p2|Incineroar, L50, M|
|poke|p2|Sinistcha, L50|
|poke|p2|Torkoal, L50, M|
|teampreview|4
|showteam|p1|Arcanine-Hisui||ClearAmulet|Intimidate|ExtremeSpeed,RockSlide,FlareBlitz,Protect|||F|||50|,,,,,Fire]Gholdengo||LifeOrb|GoodasGold|MakeItRain,ShadowBall,NastyPlot,Protect||||||50|,,,,,Water]Whimsicott||FocusSash|Prankster|Endeavor,Tailwind,Moonblast,Encore|||F|||50|,,,,,Ghost]Sneasler||PsychicSeed|Unburden|DireClaw,CloseCombat,ThroatChop,Protect|||M|||50|,,,,,Dark]Indeedee-F||SafetyGoggles|PsychicSurge|Psyshock,FollowMe,DrainingKiss,Protect|||F|||50|,,,,,Psychic]Primarina||AssaultVest|LiquidVoice|Moonblast,HyperVoice,TeraBlast,FlipTurn|||M|||50|,,,,,Fire
|showteam|p2|Toxapex||BlackSludge|Regenerator|Toxic,BanefulBunker,Infestation,Recover|||F|||50|,,,,,Ghost]Chesnaught||Leftovers|Bulletproof|SpikyShield,LeechSeed,KnockOff,DrainPunch|||F|||50|,,,,,Water]Grimmsnarl||LightClay|Prankster|PartingShot,LightScreen,Reflect,SpiritBreak|||M|||50|,,,,,Ghost]Incineroar||SafetyGoggles|Intimidate|FlareBlitz,KnockOff,FakeOut,PartingShot|||M|||50|,,,,,Ghost]Sinistcha||SitrusBerry|Hospitality|LifeDew,RagePowder,StrengthSap,ShadowBall||||||50|,,,,,Dragon]Torkoal||AssaultVest|Drought|FireSpin,WeatherBall,HeatWave,EarthPower|||M|||50|,,,,,Grass
|
|t:|1756244453
|teamsize|p1|4
|teamsize|p2|4
|start
|switch|p1a: Whimsicott|Whimsicott, L50, F|100/100
|switch|p1b: Gholdengo|Gholdengo, L50|100/100
|switch|p2a: Grimmsnarl|Grimmsnarl, L50, M|100/100
|switch|p2b: Chesnaught|Chesnaught, L50, F|100/100
|turn|1
|
|t:|1756244475
|-terastallize|p2b: Chesnaught|Water
|move|p2a: Grimmsnarl|Light Screen|p2a: Grimmsnarl
|-sidestart|p2: francoilforteprep|move: Light Screen
|move|p1a: Whimsicott|Moonblast|p2b: Chesnaught
|-damage|p2b: Chesnaught|82/100
|move|p1b: Gholdengo|Nasty Plot|p1b: Gholdengo
|-boost|p1b: Gholdengo|spa|2
|move|p2b: Chesnaught|Knock Off|p1b: Gholdengo
|-supereffective|p1b: Gholdengo
|-damage|p1b: Gholdengo|41/100
|-enditem|p1b: Gholdengo|Life Orb|[from] move: Knock Off|[of] p2b: Chesnaught
|
|-heal|p2b: Chesnaught|88/100|[from] item: Leftovers
|upkeep
|turn|2
|
|t:|1756244501
|switch|p2a: Incineroar|Incineroar, L50, M|100/100
|-ability|p2a: Incineroar|Intimidate|boost
|-unboost|p1a: Whimsicott|atk|1
|-unboost|p1b: Gholdengo|atk|1
|move|p1a: Whimsicott|Moonblast|p2a: Incineroar
|-damage|p2a: Incineroar|77/100
|-unboost|p2a: Incineroar|spa|1
|move|p1b: Gholdengo|Make It Rain|p2a: Incineroar|[spread] p2a,p2b
|-resisted|p2a: Incineroar
|-resisted|p2b: Chesnaught
|-damage|p2a: Incineroar|44/100
|-damage|p2b: Chesnaught|64/100
|-unboost|p1b: Gholdengo|spa|1
|move|p2b: Chesnaught|Knock Off|p1b: Gholdengo
|-supereffective|p1b: Gholdengo
|-damage|p1b: Gholdengo|7/100
|
|-heal|p2b: Chesnaught|70/100|[from] item: Leftovers
|upkeep
|turn|3
|
|t:|1756244529
|move|p2a: Incineroar|Fake Out|p1a: Whimsicott
|-damage|p1a: Whimsicott|81/100
|cant|p1a: Whimsicott|flinch
|move|p1b: Gholdengo|Shadow Ball|p2b: Chesnaught
|-immune|p2b: Chesnaught|[from] ability: Bulletproof
|move|p2b: Chesnaught|Knock Off|p1b: Gholdengo
|-supereffective|p1b: Gholdengo
|-damage|p1b: Gholdengo|0 fnt
|faint|p1b: Gholdengo
|
|-heal|p2b: Chesnaught|76/100|[from] item: Leftovers
|upkeep
|
|t:|1756244547
|switch|p1b: Indeedee|Indeedee-F, L50, F|100/100
|-fieldstart|move: Psychic Terrain|[from] ability: Psychic Surge|[of] p1b: Indeedee
|turn|4
|
|t:|1756244584
|move|p1a: Whimsicott|Encore|p2a: Incineroar
|-activate|p2a: Incineroar|move: Psychic Terrain
|move|p2a: Incineroar|Knock Off|p1b: Indeedee
|-supereffective|p1b: Indeedee
|-damage|p1b: Indeedee|0 fnt
|-enditem|p1b: Indeedee|Safety Goggles|[from] move: Knock Off|[of] p2a: Incineroar
|faint|p1b: Indeedee
|move|p2b: Chesnaught|Leech Seed|p1a: Whimsicott
|-immune|p1a: Whimsicott
|
|-heal|p2b: Chesnaught|83/100|[from] item: Leftovers
|upkeep
|
|t:|1756244596
|switch|p1b: Sneasler|Sneasler, L50, M|100/100
|-enditem|p1b: Sneasler|Psychic Seed
|-boost|p1b: Sneasler|spd|1|[from] item: Psychic Seed
|turn|5
|
|t:|1756244616
|move|p2b: Chesnaught|Spiky Shield|p2b: Chesnaught
|-singleturn|p2b: Chesnaught|move: Protect
|move|p1b: Sneasler|Dire Claw|p2b: Chesnaught
|-activate|p2b: Chesnaught|move: Protect
|-damage|p1b: Sneasler|88/100|[from] Spiky Shield|[of] p2b: Chesnaught
|move|p1a: Whimsicott|Moonblast|p2a: Incineroar
|-damage|p2a: Incineroar|20/100
|-unboost|p2a: Incineroar|spa|1
|move|p2a: Incineroar|Flare Blitz|p1a: Whimsicott
|-supereffective|p1a: Whimsicott
|-damage|p1a: Whimsicott|0 fnt
|faint|p1a: Whimsicott
|-damage|p2a: Incineroar|2/100|[from] Recoil
|
|-heal|p2b: Chesnaught|89/100|[from] item: Leftovers
|upkeep
|turn|6
|
|t:|1756244639
|move|p1b: Sneasler|Protect|p1b: Sneasler
|-singleturn|p1b: Sneasler|Protect
|move|p2a: Incineroar|Flare Blitz|p1b: Sneasler
|-activate|p1b: Sneasler|move: Protect
|move|p2b: Chesnaught|Leech Seed|p1b: Sneasler
|-activate|p1b: Sneasler|move: Protect
|
|-heal|p2b: Chesnaught|95/100|[from] item: Leftovers
|upkeep
|turn|7
|
|t:|1756244660
|switch|p2a: Toxapex|Toxapex, L50, F|100/100
|move|p1b: Sneasler|Dire Claw|p2a: Toxapex
|-resisted|p2a: Toxapex
|-damage|p2a: Toxapex|83/100
|move|p2b: Chesnaught|Leech Seed|p1b: Sneasler
|-start|p1b: Sneasler|move: Leech Seed
|
|-heal|p2b: Chesnaught|100/100|[from] item: Leftovers
|-heal|p2a: Toxapex|89/100|[from] item: Black Sludge
|-damage|p1b: Sneasler|76/100|[from] Leech Seed|[of] p2b: Chesnaught
|upkeep
|turn|8
|
|t:|1756244678
|move|p1b: Sneasler|Dire Claw|p2b: Chesnaught
|-damage|p2b: Chesnaught|63/100
|-status|p2b: Chesnaught|par
|move|p2a: Toxapex|Infestation|p1b: Sneasler
|-resisted|p1b: Sneasler
|-damage|p1b: Sneasler|75/100
|-activate|p1b: Sneasler|move: Infestation|[of] p2a: Toxapex
|move|p2b: Chesnaught|Knock Off|p1b: Sneasler
|-resisted|p1b: Sneasler
|-damage|p1b: Sneasler|62/100
|
|-heal|p2a: Toxapex|95/100|[from] item: Black Sludge
|-heal|p2b: Chesnaught|69/100 par|[from] item: Leftovers
|-damage|p1b: Sneasler|50/100|[from] Leech Seed|[of] p2b: Chesnaught
|-heal|p2b: Chesnaught|79/100 par|[silent]
|-damage|p1b: Sneasler|37/100|[from] move: Infestation|[partiallytrapped]
|-sideend|p2: francoilforteprep|move: Light Screen
|-fieldend|move: Psychic Terrain
|upkeep
|turn|9
|
|t:|1756244716
|cant|p2b: Chesnaught|par
|move|p1b: Sneasler|Dire Claw|p2a: Toxapex
|-resisted|p2a: Toxapex
|-damage|p2a: Toxapex|76/100
|-status|p2a: Toxapex|slp
|cant|p2a: Toxapex|slp
|
|-heal|p2a: Toxapex|82/100 slp|[from] item: Black Sludge
|-heal|p2b: Chesnaught|85/100 par|[from] item: Leftovers
|-damage|p1b: Sneasler|25/100|[from] Leech Seed|[of] p2b: Chesnaught
|-heal|p2b: Chesnaught|95/100 par|[silent]
|-damage|p1b: Sneasler|13/100|[from] move: Infestation|[partiallytrapped]
|upkeep
|turn|10
|
|t:|1756244746
|-curestatus|p2a: Toxapex|slp|[msg]
|move|p2a: Toxapex|Baneful Bunker|p2a: Toxapex
|-singleturn|p2a: Toxapex|move: Protect
|move|p2b: Chesnaught|Spiky Shield|p2b: Chesnaught
|-singleturn|p2b: Chesnaught|move: Protect
|move|p1b: Sneasler|Close Combat|p2b: Chesnaught
|-activate|p2b: Chesnaught|move: Protect
|-damage|p1b: Sneasler|0 fnt|[from] Spiky Shield|[of] p2b: Chesnaught
|faint|p1b: Sneasler
|
|win|francoilforteprep
