|j|☆BigE3L
|j|☆Rockslap
|html|BigE3LRockslap    
|uhtml|bestof|Game 2 of a best-of-3
|t:|1756356478
|gametype|doubles
|player|p1|BigE3L|gambler|1203
|player|p2|Rockslap|hiker-gen4|1184
|gen|9
|tier|[Gen 9] VGC 2025 Reg H (Bo3)
|rated|
|rule|Species Clause: Limit one of each Pokémon
|rule|Item Clause: Limit 1 of each item
|clearpoke
|poke|p1|Torkoal, L50, F|
|poke|p1|Porygon2, L50|
|poke|p1|Ursaluna, L50, M|
|poke|p1|Rillaboom, L50, M|
|poke|p1|Lilligant-Hisui, L50, F|
|poke|p1|Garchomp, L50, F|
|poke|p2|Kommo-o, L50, M|
|poke|p2|Golduck, L50, M|
|poke|p2|Incineroar, L50, F|
|poke|p2|Rillaboom, L50, M|
|poke|p2|Volcarona, L50, F|
|poke|p2|Amoonguss, L50, M|
|teampreview|4
|showteam|p1|Torkoal||Charcoal|Drought|Eruption,EarthPower,HeatWave,Protect|||F|||50|,,,,,Grass]Porygon2||Eviolite|Download|TrickRoom,Recover,TriAttack,Protect||||||50|,,,,,Grass]Ursaluna||FlameOrb|Guts|Facade,HeadlongRush,Earthquake,Protect|||M|||50|,,,,,Ghost]Rillaboom||AssaultVest|GrassySurge|FakeOut,GrassyGlide,WoodHammer,HighHorsepower|||M|||50|,,,,,Grass]Lilligant-Hisui||FocusSash|Chlorophyll|Protect,CloseCombat,AfterYou,LeafBlade|||F|||50|,,,,,Ghost]Garchomp||RockyHelmet|RoughSkin|SwordsDance,Protect,StompingTantrum,DragonClaw|||F|||50|,,,,,Grass
|showteam|p2|Kommo-o||ThroatSpray|Soundproof|ClangingScales,FlashCannon,ClangorousSoul,Protect|||M|||50|,,,,,Steel]Golduck||CovertCloak|CloudNine|Encore,IcyWind,Taunt,SimpleBeam|||M|||50|,,,,,Ghost]Incineroar||SafetyGoggles|Intimidate|FakeOut,KnockOff,PartingShot,FlareBlitz|||F|||50|,,,,,Bug]Rillaboom||AssaultVest|GrassySurge|FakeOut,WoodHammer,GrassyGlide,HighHorsepower|||M|||50|,,,,,Water]Volcarona||SitrusBerry|FlameBody|QuiverDance,HeatWave,GigaDrain,Protect|||F|||50|,,,,,Grass]Amoonguss||RockyHelmet|Regenerator|PollenPuff,RagePowder,ClearSmog,Spore|||M|||50|,,,,,Water
|
|t:|1756356493
|teamsize|p1|4
|teamsize|p2|4
|start
|switch|p1a: Porygon2|Porygon2, L50|100/100
|switch|p1b: Rillaboom|Rillaboom, L50, M|100/100
|switch|p2a: Rillaboom|Rillaboom, L50, M|100/100
|switch|p2b: Kommo-o|Kommo-o, L50, M, shiny|100/100
|-fieldstart|move: Grassy Terrain|[from] ability: Grassy Surge|[of] p1b: Rillaboom
|-ability|p1a: Porygon2|Download|boost
|-boost|p1a: Porygon2|spa|1
|turn|1
|j| Mcn35
|
|t:|1756356510
|switch|p2b: Incineroar|Incineroar, L50, F|100/100
|-ability|p2b: Incineroar|Intimidate|boost
|-unboost|p1a: Porygon2|atk|1
|-unboost|p1b: Rillaboom|atk|1
|move|p1a: Porygon2|Protect|p1a: Porygon2
|-singleturn|p1a: Porygon2|Protect
|move|p1b: Rillaboom|Fake Out|p2b: Incineroar
|-damage|p2b: Incineroar|92/100
|move|p2a: Rillaboom|Fake Out|p1a: Porygon2
|-activate|p1a: Porygon2|move: Protect
|
|-heal|p2b: Incineroar|98/100|[from] Grassy Terrain
|upkeep
|turn|2
|
|t:|1756356536
|move|p2b: Incineroar|Fake Out|p1a: Porygon2
|-damage|p1a: Porygon2|93/100
|move|p1b: Rillaboom|High Horsepower|p2b: Incineroar
|-supereffective|p2b: Incineroar
|-damage|p2b: Incineroar|59/100
|move|p2a: Rillaboom|Wood Hammer|p1a: Porygon2
|-damage|p1a: Porygon2|54/100
|-damage|p2a: Rillaboom|88/100|[from] Recoil
|cant|p1a: Porygon2|flinch
|
|-heal|p2a: Rillaboom|94/100|[from] Grassy Terrain
|-heal|p2b: Incineroar|66/100|[from] Grassy Terrain
|-heal|p1a: Porygon2|60/100|[from] Grassy Terrain
|upkeep
|turn|3
|
|t:|1756356564
|-terastallize|p1a: Porygon2|Grass
|move|p1b: Rillaboom|High Horsepower|p2b: Incineroar
|-supereffective|p2b: Incineroar
|-damage|p2b: Incineroar|24/100
|move|p2a: Rillaboom|Wood Hammer|p1a: Porygon2
|-resisted|p1a: Porygon2
|-damage|p1a: Porygon2|41/100
|-damage|p2a: Rillaboom|88/100|[from] Recoil
|move|p2b: Incineroar|Knock Off|p1a: Porygon2
|-damage|p1a: Porygon2|18/100
|-enditem|p1a: Porygon2|Eviolite|[from] move: Knock Off|[of] p2b: Incineroar
|move|p1a: Porygon2|Trick Room|p1a: Porygon2
|-fieldstart|move: Trick Room|[of] p1a: Porygon2
|
|-heal|p1a: Porygon2|24/100|[from] Grassy Terrain
|-heal|p2b: Incineroar|30/100|[from] Grassy Terrain
|-heal|p2a: Rillaboom|94/100|[from] Grassy Terrain
|upkeep
|turn|4
|
|t:|1756356583
|switch|p1a: Torkoal|Torkoal, L50, F|100/100
|-weather|SunnyDay|[from] ability: Drought|[of] p1a: Torkoal
|switch|p2a: Kommo-o|Kommo-o, L50, M, shiny|100/100
|move|p2b: Incineroar|Parting Shot|p1b: Rillaboom
|-unboost|p1b: Rillaboom|atk|1
|-unboost|p1b: Rillaboom|spa|1
|
|t:|1756356592
|switch|p2b: Rillaboom|Rillaboom, L50, M|94/100|[from] Parting Shot
|move|p1b: Rillaboom|High Horsepower|p2b: Rillaboom
|-resisted|p2b: Rillaboom
|-crit|p2b: Rillaboom
|-damage|p2b: Rillaboom|74/100
|
|-weather|SunnyDay|[upkeep]
|-heal|p2b: Rillaboom|80/100|[from] Grassy Terrain
|upkeep
|turn|5
|
|t:|1756356601
|switch|p1b: Ursaluna|Ursaluna, L50, M|100/100
|move|p1a: Torkoal|Protect|p1a: Torkoal
|-singleturn|p1a: Torkoal|Protect
|move|p2b: Rillaboom|Fake Out|p1a: Torkoal
|-activate|p1a: Torkoal|move: Protect
|move|p2a: Kommo-o|Clangorous Soul|p2a: Kommo-o
|-boost|p2a: Kommo-o|atk|1
|-boost|p2a: Kommo-o|def|1
|-boost|p2a: Kommo-o|spa|1
|-boost|p2a: Kommo-o|spd|1
|-boost|p2a: Kommo-o|spe|1
|-damage|p2a: Kommo-o|68/100
|-enditem|p2a: Kommo-o|Throat Spray
|-boost|p2a: Kommo-o|spa|1|[from] item: Throat Spray
|
|-weather|SunnyDay|[upkeep]
|-heal|p2b: Rillaboom|86/100|[from] Grassy Terrain
|-heal|p2a: Kommo-o|73/100|[from] Grassy Terrain
|-fieldend|move: Grassy Terrain
|-status|p1b: Ursaluna|brn|[from] item: Flame Orb
|upkeep
|turn|6
|
|t:|1756356623
|switch|p2b: Volcarona|Volcarona, L50, F|100/100
|move|p2a: Kommo-o|Protect|p2a: Kommo-o
|-singleturn|p2a: Kommo-o|Protect
|move|p1a: Torkoal|Eruption|p2b: Volcarona|[spread] p2b
|-activate|p2a: Kommo-o|move: Protect
|-damage|p2b: Volcarona|16/100
|-enditem|p2b: Volcarona|Sitrus Berry|[eat]
|-heal|p2b: Volcarona|41/100|[from] item: Sitrus Berry
|move|p1b: Ursaluna|Facade|p2a: Kommo-o
|-activate|p2a: Kommo-o|move: Protect
|
|-weather|SunnyDay|[upkeep]
|-damage|p1b: Ursaluna|95/100 brn|[from] brn
|upkeep
|turn|7
|inactive|Battle timer is ON: inactive players will automatically lose when time's up. (requested by BigE3L)
|
|t:|1756356654
|move|p2a: Kommo-o|Protect||[still]
|-fail|p2a: Kommo-o
|move|p1a: Torkoal|Eruption|p2b: Volcarona|[spread] p2a,p2b
|-resisted|p2a: Kommo-o
|-damage|p2a: Kommo-o|40/100
|-damage|p2b: Volcarona|0 fnt
|faint|p2b: Volcarona
|move|p1b: Ursaluna|Facade|p2a: Kommo-o
|-damage|p2a: Kommo-o|0 fnt
|faint|p2a: Kommo-o
|
|-weather|SunnyDay|[upkeep]
|-damage|p1b: Ursaluna|89/100 brn|[from] brn
|-fieldend|move: Trick Room
|upkeep
|-message|Rockslap forfeited.
|
|win|BigE3L
|raw|BigE3L's rating: 1203 → 1227(+24 for winning)
|raw|Rockslap's rating: 1184 → 1160(-24 for losing)
|l|☆Rockslap
|player|p2|
