|j|☆Kaizer_Ifrit
|j|☆sandy ghost 5
|html|Kaizer_Ifritsandy ghost 5    
|uhtml|bestof|Game 3 of a best-of-3
|t:|1757077216
|gametype|doubles
|player|p1|Kaizer_Ifrit|caitlin|1166
|player|p2|sandy ghost 5|baker|1350
|gen|9
|tier|[Gen 9] VGC 2025 Reg H (Bo3)
|rated|
|rule|Species Clause: Limit one of each Pokémon
|rule|Item Clause: Limit 1 of each item
|clearpoke
|poke|p1|Charizard, L50, M|
|poke|p1|Murkrow, L50, M|
|poke|p1|Indeedee, L50, M|
|poke|p1|Delphox, L50, F|
|poke|p1|Sneasler, L50, F|
|poke|p1|Dragapult, L50, M|
|poke|p2|Tyranitar, L50, F|
|poke|p2|Excadrill, L50, F|
|poke|p2|Sinistcha-Masterpiece, L50|
|poke|p2|Salamence, L50, F|
|poke|p2|Blaziken, L50, M|
|poke|p2|Bruxish, L50, F|
|teampreview|4
|showteam|p1|Charizard||ChoiceSpecs|SolarPower|HeatWave,Overheat,ScorchingSands,WeatherBall|||M|||50|,,,,,Ghost]Murkrow||Eviolite|Prankster|FoulPlay,Haze,SunnyDay,Tailwind|||M|||50|,,,,,Ghost]Indeedee||FocusSash|PsychicSurge|ExpandingForce,TrickRoom,Imprison,TeraBlast|||M|||50|,,,,,Fighting]Delphox||LifeOrb|Blaze|ExpandingForce,Flamethrower,DazzlingGleam,Protect|||F|||50|,,,,,Psychic]Sneasler||WhiteHerb|Unburden|CloseCombat,DireClaw,ThroatChop,Protect|||F|||50|,,,,,Dark]Dragapult||ChoiceBand|ClearBody|DragonDarts,Outrage,PhantomForce,Uturn|||M|||50|,,,,,Dragon
|showteam|p2|Tyranitar||ClearAmulet|SandStream|RockSlide,KnockOff,DragonDance,Protect|||F|||50|,,,,,Grass]Excadrill||AssaultVest|SandRush|Earthquake,IronHead,HighHorsepower,RockSlide|||F|||50|,,,,,Ghost]Sinistcha-Masterpiece||SitrusBerry|Hospitality|ShadowBall,MatchaGotcha,RagePowder,Protect||||||50|,,,,,Dark]Salamence||LifeOrb|Intimidate|DracoMeteor,AirSlash,Protect,Tailwind|||F|||50|,,,,,Ghost]Blaziken||CovertCloak|SpeedBoost|AuraSphere,HeatWave,Coaching,WillOWisp|||M|||50|,,,,,Dragon]Bruxish||ChoiceScarf|Dazzling|PsychicFangs,FlipTurn,WaveCrash,SuperFang|||F|||50|,,,,,Water
|inactive|Battle timer is ON: inactive players will automatically lose when time's up. (requested by Kaizer_Ifrit)
|
|t:|1757077233
|teamsize|p1|4
|teamsize|p2|4
|start
|switch|p1a: A.K.I|Sneasler, L50, F|100/100
|switch|p1b: NASA X-43|Dragapult, L50, M|100/100
|switch|p2a: Excadrill|Excadrill, L50, F|100/100
|switch|p2b: Tyranitar|Tyranitar, L50, F|100/100
|-weather|Sandstorm|[from] ability: Sand Stream|[of] p2b: Tyranitar
|turn|1
|
|t:|1757077256
|move|p1a: A.K.I|Protect|p1a: A.K.I
|-singleturn|p1a: A.K.I|Protect
|move|p2a: Excadrill|High Horsepower|p1a: A.K.I
|-activate|p1a: A.K.I|move: Protect
|move|p1b: NASA X-43|U-turn|p2b: Tyranitar
|-supereffective|p2b: Tyranitar
|-damage|p2b: Tyranitar|31/100
|
|t:|1757077263
|switch|p1b: Mafia boss|Murkrow, L50, M|100/100|[from] U-turn
|move|p2b: Tyranitar|Knock Off|p1b: Mafia boss
|-resisted|p1b: Mafia boss
|-damage|p1b: Mafia boss|74/100
|-enditem|p1b: Mafia boss|Eviolite|[from] move: Knock Off|[of] p2b: Tyranitar
|
|-weather|Sandstorm|[upkeep]
|-damage|p1a: A.K.I|95/100|[from] Sandstorm
|-damage|p1b: Mafia boss|68/100|[from] Sandstorm
|upkeep
|turn|2
|
|t:|1757077285
|switch|p2a: Puppet|Sinistcha-Masterpiece, L50|100/100
|-heal|p2b: Tyranitar|56/100|[from] ability: Hospitality|[of] p2a: Puppet
|-terastallize|p1a: A.K.I|Dark
|move|p1b: Mafia boss|Sunny Day|p1b: Mafia boss
|-weather|SunnyDay
|move|p1a: A.K.I|Close Combat|p2b: Tyranitar
|-supereffective|p2b: Tyranitar
|-damage|p2b: Tyranitar|0 fnt
|-unboost|p1a: A.K.I|def|1
|-unboost|p1a: A.K.I|spd|1
|faint|p2b: Tyranitar
|-enditem|p1a: A.K.I|White Herb
|-clearnegativeboost|p1a: A.K.I|[silent]
|
|-weather|SunnyDay|[upkeep]
|upkeep
|
|t:|1757077295
|switch|p2b: Salamence|Salamence, L50, F|100/100
|-ability|p2b: Salamence|Intimidate|boost
|-unboost|p1a: A.K.I|atk|1
|-unboost|p1b: Mafia boss|atk|1
|turn|3
|
|t:|1757077307
|move|p1b: Mafia boss|Tailwind|p1b: Mafia boss
|-sidestart|p1: Kaizer_Ifrit|move: Tailwind
|move|p1a: A.K.I|Throat Chop|p2a: Puppet
|-supereffective|p2a: Puppet
|-damage|p2a: Puppet|43/100
|-start|p2a: Puppet|Throat Chop|[silent]
|-enditem|p2a: Puppet|Sitrus Berry|[eat]
|-heal|p2a: Puppet|68/100|[from] item: Sitrus Berry
|move|p2b: Salamence|Tailwind|p2b: Salamence
|-sidestart|p2: sandy ghost 5|move: Tailwind
|move|p2a: Puppet|Matcha Gotcha|p1a: A.K.I|[spread] p1a,p1b
|-resisted|p1b: Mafia boss
|-damage|p1a: A.K.I|58/100
|-heal|p2a: Puppet|84/100|[from] drain|[of] p1a: A.K.I
|-damage|p1b: Mafia boss|43/100
|-heal|p2a: Puppet|96/100|[from] drain|[of] p1b: Mafia boss
|
|-weather|SunnyDay|[upkeep]
|upkeep
|turn|4
|inactive|sandy ghost 5 has 30 seconds left.
|
|t:|1757077334
|move|p1b: Mafia boss|Haze|p1b: Mafia boss
|-clearallboost
|move|p1a: A.K.I|Dire Claw|p2b: Salamence
|-damage|p2b: Salamence|37/100
|move|p2b: Salamence|Air Slash|p1b: Mafia boss
|-damage|p1b: Mafia boss|0 fnt
|faint|p1b: Mafia boss
|-damage|p2b: Salamence|27/100|[from] item: Life Orb
|move|p2a: Puppet|Matcha Gotcha|p1a: A.K.I
|-damage|p1a: A.K.I|7/100
|-heal|p2a: Puppet|100/100|[from] drain|[of] p1a: A.K.I
|
|-weather|SunnyDay|[upkeep]
|-end|p2a: Puppet|Throat Chop|[silent]
|upkeep
|
|t:|1757077347
|switch|p1b: NASA X-43|Dragapult, L50, M|100/100
|turn|5
|inactive|sandy ghost 5 has 30 seconds left.
|inactive|sandy ghost 5 has 20 seconds left.
|
|t:|1757077382
|move|p2a: Puppet|Rage Powder|p2a: Puppet
|-singleturn|p2a: Puppet|move: Rage Powder
|move|p1a: A.K.I|Close Combat|p2a: Puppet
|-immune|p2a: Puppet
|move|p1b: NASA X-43|Outrage|p2a: Puppet
|-damage|p2a: Puppet|12/100
|move|p2b: Salamence|Air Slash|p1a: A.K.I|[miss]
|-miss|p2b: Salamence|p1a: A.K.I
|
|-weather|SunnyDay|[upkeep]
|upkeep
|turn|6
|c|☆sandy ghost 5|welp
|c|☆sandy ghost 5|gg
|inactive|sandy ghost 5 has 30 seconds left.
|
|t:|1757077407
|move|p2b: Salamence|Protect|p2b: Salamence
|-singleturn|p2b: Salamence|Protect
|move|p1a: A.K.I|Throat Chop|p2b: Salamence
|-activate|p2b: Salamence|move: Protect
|move|p1b: NASA X-43|Outrage|p2a: Puppet|[from] lockedmove
|-damage|p2a: Puppet|0 fnt
|faint|p2a: Puppet
|
|-weather|none
|-sideend|p2: sandy ghost 5|move: Tailwind
|-sideend|p1: Kaizer_Ifrit|move: Tailwind
|upkeep
|
|t:|1757077416
|switch|p2a: Excadrill|Excadrill, L50, F|100/100
|turn|7
|
|t:|1757077440
|-terastallize|p2a: Excadrill|Ghost
|move|p2b: Salamence|Protect||[still]
|-fail|p2b: Salamence
|move|p1a: A.K.I|Dire Claw|p2b: Salamence
|-damage|p2b: Salamence|0 fnt
|faint|p2b: Salamence
|move|p1b: NASA X-43|Outrage|p2a: Excadrill|[from] lockedmove
|-damage|p2a: Excadrill|0 fnt
|faint|p2a: Excadrill
|-start|p1b: NASA X-43|confusion|[fatigue]
|
|win|Kaizer_Ifrit
|raw|Kaizer_Ifrit's rating: 1166 → 1203(+37 for winning)
|raw|sandy ghost 5's rating: 1350 → 1320(-30 for losing)
|c|☆Kaizer_Ifrit|Ffs
|c|☆Kaizer_Ifrit|Ggs**
|c|☆sandy ghost 5|what did you have int he back?
|l|☆Kaizer_Ifrit
|player|p1|
