|j|☆Iceman5687
|j|☆theonlyambipomfan
|html|Iceman5687theonlyambipomfan    
|uhtml|bestof|Game 2 of a best-of-3
|t:|1784005888
|gametype|doubles
|player|p1|Iceman5687|265|1114
|player|p2|theonlyambipomfan|volkner|1136
|gen|9
|tier|[Gen 9 Champions] VGC 2026 Reg M-B (Bo3)
|rated|
|rule|Species Clause: Limit one of each Pokémon
|rule|Item Clause: Limit 1 of each item
|clearpoke
|poke|p1|Sylveon, L50, F, shiny|
|poke|p1|Basculegion, L50, M|
|poke|p1|Kingambit, L50, F, shiny|
|poke|p1|Garchomp, L50, M|
|poke|p1|Charizard, L50, F, shiny|
|poke|p1|Whimsicott, L50, F, shiny|
|poke|p2|Glimmora, L50, M, shiny|
|poke|p2|Whimsicott, L50, F|
|poke|p2|Incineroar, L50, M, shiny|
|poke|p2|Kommo-o, L50, F|
|poke|p2|Basculegion, L50, M, shiny|
|poke|p2|Rotom-Frost, L50|
|teampreview|4
|showteam|p1|Sylveon||FairyFeather|Pixilate|HyperVoice,QuickAttack,Protect,HyperBeam|Modest||F|||50|]Basculegion||LifeOrb|Adaptability|WaveCrash,LastRespects,AquaJet,Protect|Adamant||M|||50|]Kingambit||ChopleBerry|Defiant|KowtowCleave,IronHead,SuckerPunch,LowKick|Adamant||F|||50|]Garchomp||RoseliBerry|RoughSkin|Earthquake,RockSlide,DragonClaw,PoisonJab|Adamant||M|||50|]Charizard||CharizarditeY|Blaze|HeatWave,WeatherBall,SolarBeam,Protect|Modest||F|||50|]Whimsicott||FocusSash|Prankster|Moonblast,Tailwind,Encore,Protect|Timid||F|||50|
|showteam|p2|Glimmora||Glimmoranite|ToxicDebris|SludgeBomb,PowerGem,EnergyBall,SpikyShield|Timid||M|||50|]Whimsicott||FocusSash|Prankster|Tailwind,Encore,GrassKnot,Protect|Bold||F|||50|]Incineroar||ExpertBelt|Intimidate|FakeOut,FlareBlitz,PartingShot,DarkestLariat|Adamant||M|||50|]Kommo-o||SitrusBerry|Bulletproof|ClangorousSoul,ClangingScales,VacuumWave,Protect|Timid||F|||50|]Basculegion||ChoiceScarf|Adaptability|WaveCrash,LastRespects,IceFang,FlipTurn|Jolly||M|||50|]Rotom-Frost||LifeOrb|Levitate|WillOWisp,VoltSwitch,Thunderbolt,Blizzard|Timid|||||50|
|
|t:|1784005926
|teamsize|p1|4
|teamsize|p2|4
|start
|switch|p1a: Whimsicott|Whimsicott, L50, F, shiny|100/100
|switch|p1b: Charizard|Charizard, L50, F, shiny|100/100
|switch|p2a: Rotom|Rotom-Frost, L50|100/100
|switch|p2b: Whimsicott|Whimsicott, L50, F|100/100
|turn|1
|inactive|Battle timer is ON: inactive players will automatically lose when time's up. (requested by theonlyambipomfan)
|
|t:|1784005939
|detailschange|p1b: Charizard|Charizard-Mega-Y, L50, F, shiny
|-mega|p1b: Charizard|Charizard|Charizardite Y
|-weather|SunnyDay|[from] ability: Drought|[of] p1b: Charizard
|move|p1a: Whimsicott|Tailwind|p1a: Whimsicott
|-sidestart|p1: Iceman5687|move: Tailwind
|move|p2b: Whimsicott|Tailwind|p2b: Whimsicott
|-sidestart|p2: theonlyambipomfan|move: Tailwind
|move|p2a: Rotom|Thunderbolt|p1b: Charizard
|-supereffective|p1b: Charizard|1
|-damage|p1b: Charizard|4/100
|-damage|p2a: Rotom|90/100|[from] item: Life Orb
|move|p1b: Charizard|Heat Wave|p2a: Rotom|[spread] p2a,p2b
|-supereffective|p2a: Rotom|1
|-supereffective|p2b: Whimsicott|1
|-damage|p2a: Rotom|0 fnt
|-enditem|p2b: Whimsicott|Focus Sash
|-damage|p2b: Whimsicott|1/100
|faint|p2a: Rotom
|
|-weather|SunnyDay|[upkeep]
|upkeep
|
|t:|1784005958
|switch|p2a: Glimmora|Glimmora, L50, M, shiny|100/100
|turn|2
|
|t:|1784005973
|detailschange|p2a: Glimmora|Glimmora-Mega, L50, M, shiny
|-mega|p2a: Glimmora|Glimmora|Glimmoranite
|move|p1b: Charizard|Protect|p1b: Charizard
|-singleturn|p1b: Charizard|Protect
|move|p2b: Whimsicott|Encore|p1a: Whimsicott
|-start|p1a: Whimsicott|Encore
|move|p1a: Whimsicott|Tailwind||[still]
|-fail|p1a: Whimsicott
|move|p2a: Glimmora|Sludge Bomb|p1b: Charizard
|-activate|p1b: Charizard|move: Protect
|
|-weather|SunnyDay|[upkeep]
|upkeep
|turn|3
|
|t:|1784005988
|switch|p1a: Garchomp|Garchomp, L50, M|100/100
|switch|p1b: Basculegion|Basculegion, L50, M|100/100
|move|p2b: Whimsicott|Encore||[still]
|-fail|p2b: Whimsicott
|move|p2a: Glimmora|Power Gem|p1a: Garchomp
|-resisted|p1a: Garchomp|1
|-damage|p1a: Garchomp|67/100
|
|-weather|SunnyDay|[upkeep]
|upkeep
|turn|4
|
|t:|1784006003
|switch|p1b: Whimsicott|Whimsicott, L50, F, shiny|100/100
|move|p2b: Whimsicott|Protect|p2b: Whimsicott
|-singleturn|p2b: Whimsicott|Protect
|move|p2a: Glimmora|Energy Ball|p1b: Whimsicott
|-resisted|p1b: Whimsicott|1
|-damage|p1b: Whimsicott|71/100
|move|p1a: Garchomp|Rock Slide|p2b: Whimsicott|[spread] p2a
|-activate|p2b: Whimsicott|move: Protect
|-damage|p2a: Glimmora|76/100
|
|-weather|SunnyDay|[upkeep]
|-sideend|p1: Iceman5687|move: Tailwind
|-sideend|p2: theonlyambipomfan|move: Tailwind
|upkeep
|turn|5
|
|t:|1784006019
|move|p1b: Whimsicott|Encore|p2b: Whimsicott
|-start|p2b: Whimsicott|Encore
|move|p2b: Whimsicott|Protect||[still]
|-fail|p2b: Whimsicott
|move|p2a: Glimmora|Sludge Bomb|p1b: Whimsicott
|-supereffective|p1b: Whimsicott|2
|-damage|p1b: Whimsicott|0 fnt
|faint|p1b: Whimsicott
|move|p1a: Garchomp|Earthquake|p2b: Whimsicott|[spread] p2a,p2b
|-supereffective|p2a: Glimmora|2
|-resisted|p2b: Whimsicott|1
|-damage|p2a: Glimmora|0 fnt
|-damage|p2b: Whimsicott|0 fnt
|faint|p2a: Glimmora
|faint|p2b: Whimsicott
|
|-weather|none
|upkeep
|-message|theonlyambipomfan forfeited.
|
|win|Iceman5687
