|j|☆jiaco5
|j|☆Jimboslice149
|html|jiaco5Jimboslice149    
|uhtml|bestof|Game 1 of a best-of-3
|t:|1784083527
|gametype|doubles
|player|p1|jiaco5|2|1269
|player|p2|Jimboslice149|169|1191
|gen|9
|tier|[Gen 9 Champions] VGC 2026 Reg M-B (Bo3)
|rated|
|rule|Species Clause: Limit one of each Pokémon
|rule|Item Clause: Limit 1 of each item
|clearpoke
|poke|p1|Blastoise, L50, M|
|poke|p1|Sinistcha, L50|
|poke|p1|Delphox, L50, M|
|poke|p1|Sneasler, L50, F|
|poke|p1|Incineroar, L50, M|
|poke|p1|Kingambit, L50, M|
|poke|p2|Slowking-Galar, L50, M|
|poke|p2|Kangaskhan, L50, F|
|poke|p2|Chandelure, L50, F|
|poke|p2|Raichu, L50, F|
|poke|p2|Grimmsnarl, L50, M|
|poke|p2|Corviknight, L50, M|
|teampreview|4
|showteam|p1|Blastoise||Blastoisinite|RainDish|WaterSpout,DarkPulse,ShellSmash,Protect|Modest||M|||50|]Sinistcha||OccaBerry|Hospitality|MatchaGotcha,TrickRoom,RagePowder,Protect|Relaxed|||||50|]Delphox||Delphoxite|Blaze|HeatWave,Psychic,NastyPlot,Protect|Timid||M|||50|]Sneasler||FocusSash|PoisonTouch|CloseCombat,PoisonJab,FakeOut,QuickGuard|Jolly||F|||50|]Incineroar||SitrusBerry|Intimidate|FlareBlitz,FakeOut,ThroatChop,PartingShot|Impish||M|||50|]Kingambit||BlackGlasses|Defiant|KowtowCleave,SuckerPunch,SwordsDance,Protect|Adamant||M|||50|
|showteam|p2|Slowking-Galar||SitrusBerry|Regenerator|ChillyReception,SludgeBomb,Yawn,TrickRoom|Sassy||M|||50|]Kangaskhan||Kangaskhanite|Scrappy|FakeOut,Crunch,BodySlam,Earthquake|Adamant||F|||50|]Chandelure||LifeOrb|Infiltrator|HeatWave,ShadowBall,TrickRoom,Protect|Quiet||F|||50|]Raichu||RaichuniteY|LightningRod|ZapCannon,FakeOut,FocusBlast,Protect|Hasty||F|||50|]Grimmsnarl||LightClay|Prankster|PartingShot,FakeOut,Reflect,LightScreen|Careful||M|||50|]Corviknight||Leftovers|MirrorArmor|BulkUp,Roost,BodyPress,BraveBird|Sassy||M|||50|
|inactive|Battle timer is ON: inactive players will automatically lose when time's up. (requested by Jimboslice149)
|inactive|jiaco5 has 60 seconds left.
|
|t:|1784083585
|teamsize|p1|4
|teamsize|p2|4
|start
|switch|p1a: Sneasler|Sneasler, L50, F|100/100
|switch|p1b: Delphox|Delphox, L50, M|100/100
|switch|p2a: Kangaskhan|Kangaskhan, L50, F|100/100
|switch|p2b: Chandelure|Chandelure, L50, F|100/100
|turn|1
|inactive|Jimboslice149 has 30 seconds left.
|
|t:|1784083617
|detailschange|p1b: Delphox|Delphox-Mega, L50, M
|-mega|p1b: Delphox|Delphox|Delphoxite
|detailschange|p2a: Kangaskhan|Kangaskhan-Mega, L50, F
|-mega|p2a: Kangaskhan|Kangaskhan|Kangaskhanite
|move|p1a: Sneasler|Fake Out|p2a: Kangaskhan
|-damage|p2a: Kangaskhan|89/100
|move|p1b: Delphox|Nasty Plot|p1b: Delphox
|-boost|p1b: Delphox|spa|2
|cant|p2a: Kangaskhan|flinch
|move|p2b: Chandelure|Trick Room|p2b: Chandelure
|-fieldstart|move: Trick Room|[of] p2b: Chandelure
|
|upkeep
|turn|2
|
|t:|1784083635
|switch|p1a: Incineroar|Incineroar, L50, M|100/100
|-ability|p1a: Incineroar|Intimidate|boost
|-unboost|p2a: Kangaskhan|atk|1
|-unboost|p2b: Chandelure|atk|1
|move|p1b: Delphox|Protect|p1b: Delphox
|-singleturn|p1b: Delphox|Protect
|move|p2b: Chandelure|Shadow Ball|p1b: Delphox
|-activate|p1b: Delphox|move: Protect
|move|p2a: Kangaskhan|Body Slam|p1a: Incineroar
|-damage|p1a: Incineroar|77/100
|-status|p1a: Incineroar|par
|-damage|p1a: Incineroar|72/100 par
|-hitcount|p1a: Incineroar|2
|
|upkeep
|turn|3
|inactive|jiaco5 has 30 seconds left.
|inactive|jiaco5 has 20 seconds left.
|inactive|jiaco5 has 15 seconds left.
|
|t:|1784083676
|move|p1a: Incineroar|Throat Chop|p2b: Chandelure
|-supereffective|p2b: Chandelure|1
|-damage|p2b: Chandelure|26/100
|-start|p2b: Chandelure|Throat Chop|[silent]
|move|p2b: Chandelure|Shadow Ball|p1b: Delphox
|-supereffective|p1b: Delphox|1
|-damage|p1b: Delphox|0 fnt
|faint|p1b: Delphox
|-damage|p2b: Chandelure|17/100|[from] item: Life Orb
|move|p2a: Kangaskhan|Crunch|p1a: Incineroar
|-resisted|p1a: Incineroar|1
|-damage|p1a: Incineroar|65/100 par
|-resisted|p1a: Incineroar|1
|-damage|p1a: Incineroar|64/100 par
|-hitcount|p1a: Incineroar|2
|
|upkeep
|
|t:|1784083688
|switch|p1b: Sinistcha|Sinistcha, L50|100/100
|-heal|p1a: Incineroar|89/100 par|[from] ability: Hospitality|[of] p1b: Sinistcha
|turn|4
|inactive|Jimboslice149 has 30 seconds left.
|
|t:|1784083722
|move|p1a: Incineroar|Throat Chop|p2b: Chandelure
|-supereffective|p2b: Chandelure|1
|-damage|p2b: Chandelure|0 fnt
|faint|p2b: Chandelure
|move|p1b: Sinistcha|Matcha Gotcha|p2a: Kangaskhan
|-damage|p2a: Kangaskhan|61/100
|move|p2a: Kangaskhan|Crunch|p1b: Sinistcha
|-supereffective|p1b: Sinistcha|1
|-damage|p1b: Sinistcha|66/100
|-supereffective|p1b: Sinistcha|1
|-damage|p1b: Sinistcha|57/100
|-hitcount|p1b: Sinistcha|2
|
|upkeep
|
|t:|1784083732
|switch|p2b: Slowking|Slowking-Galar, L50, M|100/100
|turn|5
|inactive|Jimboslice149 has 30 seconds left.
|
|t:|1784083760
|move|p1a: Incineroar|Flare Blitz|p2a: Kangaskhan
|-damage|p2a: Kangaskhan|22/100
|-damage|p1a: Incineroar|75/100 par|[from] Recoil
|move|p2b: Slowking|Yawn|p1b: Sinistcha
|-start|p1b: Sinistcha|move: Yawn|[of] p2b: Slowking
|move|p1b: Sinistcha|Matcha Gotcha|p2b: Slowking|[spread] p2a,p2b
|-resisted|p2b: Slowking|1
|-damage|p2a: Kangaskhan|1/100
|-heal|p1b: Sinistcha|70/100|[from] drain|[of] p2a: Kangaskhan
|-damage|p2b: Slowking|93/100
|-heal|p1b: Sinistcha|74/100|[from] drain|[of] p2b: Slowking
|move|p2a: Kangaskhan|Crunch|p1b: Sinistcha
|-supereffective|p1b: Sinistcha|1
|-damage|p1b: Sinistcha|38/100
|-supereffective|p1b: Sinistcha|1
|-damage|p1b: Sinistcha|30/100
|-hitcount|p1b: Sinistcha|2
|
|-fieldend|move: Trick Room
|upkeep
|turn|6
|inactive|jiaco5 has 30 seconds left.
|inactive|Jimboslice149 has 30 seconds left.
|
|t:|1784083787
|switch|p1b: Sneasler|Sneasler, L50, F|100/100
|-heal|p2b: Slowking|100/100|[from] ability: Regenerator|[silent]
|switch|p2b: Corviknight|Corviknight, L50, M|100/100
|move|p2a: Kangaskhan|Body Slam|p1b: Sneasler
|-damage|p1b: Sneasler|45/100
|-damage|p1b: Sneasler|34/100
|-hitcount|p1b: Sneasler|2
|move|p1a: Incineroar|Flare Blitz|p2a: Kangaskhan
|-damage|p2a: Kangaskhan|0 fnt
|faint|p2a: Kangaskhan
|-damage|p1a: Incineroar|74/100 par|[from] Recoil
|
|upkeep
|
|t:|1784083802
|switch|p2a: Slowking|Slowking-Galar, L50, M|100/100
|turn|7
|
|t:|1784083816
|move|p1b: Sneasler|Fake Out|p2b: Corviknight
|-resisted|p2b: Corviknight|1
|-damage|p2b: Corviknight|94/100
|cant|p2b: Corviknight|flinch
|move|p2a: Slowking|Sludge Bomb|p1a: Incineroar
|-damage|p1a: Incineroar|45/100 par
|-enditem|p1a: Incineroar|Sitrus Berry|[eat]
|-heal|p1a: Incineroar|69/100 par|[from] item: Sitrus Berry
|move|p1a: Incineroar|Flare Blitz|p2b: Corviknight
|-supereffective|p2b: Corviknight|1
|-damage|p2b: Corviknight|14/100
|-damage|p1a: Incineroar|43/100 par|[from] Recoil
|
|-heal|p2b: Corviknight|20/100y|[from] item: Leftovers
|upkeep
|turn|8
|
|t:|1784083839
|move|p1b: Sneasler|Close Combat|p2b: Corviknight
|-damage|p2b: Corviknight|0 fnt
|-unboost|p1b: Sneasler|def|1
|-unboost|p1b: Sneasler|spd|1
|faint|p2b: Corviknight
|move|p2a: Slowking|Sludge Bomb|p1a: Incineroar
|-damage|p1a: Incineroar|8/100 par
|move|p1a: Incineroar|Throat Chop|p2a: Slowking
|-supereffective|p2a: Slowking|1
|-damage|p2a: Slowking|28/100
|-start|p2a: Slowking|Throat Chop|[silent]
|-enditem|p2a: Slowking|Sitrus Berry|[eat]
|-heal|p2a: Slowking|53/100|[from] item: Sitrus Berry
|
|upkeep
|turn|9
|
|t:|1784083860
|switch|p1b: Sinistcha|Sinistcha, L50|30/100
|-heal|p1a: Incineroar|33/100 par|[from] ability: Hospitality|[of] p1b: Sinistcha
|move|p2a: Slowking|Sludge Bomb|p1b: Sinistcha
|-damage|p1b: Sinistcha|0 fnt
|faint|p1b: Sinistcha
|move|p1a: Incineroar|Throat Chop|p2a: Slowking
|-supereffective|p2a: Slowking|1
|-crit|p2a: Slowking
|-damage|p2a: Slowking|0 fnt
|faint|p2a: Slowking
|
|win|jiaco5
