|j|☆Inteligent8pro
|j|☆imsochove
|html|Inteligent8proimsochove    
|uhtml|bestof|Game 3 of a best-of-3
|t:|1786148496
|gametype|doubles
|player|p1|Inteligent8pro|elesa|1180
|player|p2|imsochove|265|1291
|gen|9
|tier|[Gen 9 Champions] VGC 2026 Reg M-B (Bo3)
|rated|
|rule|Species Clause: Limit one of each Pokémon
|rule|Item Clause: Limit 1 of each item
|clearpoke
|poke|p1|Blaziken, L50, M|
|poke|p1|Venusaur, L50, F|
|poke|p1|Kingambit, L50, F|
|poke|p1|Ninetales-Alola, L50, M|
|poke|p1|Lycanroc-Dusk, L50, M|
|poke|p1|Basculegion, L50, M|
|poke|p2|Bellibolt, L50, F|
|poke|p2|Grimmsnarl, L50, M|
|poke|p2|Staraptor, L50, M|
|poke|p2|Hippowdon, L50, M|
|poke|p2|Sinistcha-Masterpiece, L50|
|poke|p2|Raichu, L50, F|
|teampreview|4
|showteam|p1|Blaziken||Blazikenite|SpeedBoost|FlareBlitz,CloseCombat,RockSlide,Detect|Adamant||M|||50|]Venusaur||Venusaurite|Chlorophyll|GigaDrain,SludgeBomb,EarthPower,Protect|Modest||F|||50|]Kingambit||LifeOrb|Defiant|KowtowCleave,SuckerPunch,IronHead,Protect|Adamant||F|||50|]Ninetales-Alola||NeverMeltIce|SnowWarning|Blizzard,FreezeDry,Encore,Protect|Timid||M|||50|]Lycanroc-Dusk||FocusSash|ToughClaws|RockSlide,Accelerock,CloseCombat,Protect|Adamant||M|||50|]Basculegion||ChoiceScarf|Adaptability|LastRespects,WaveCrash,AquaJet,FlipTurn|Jolly||M|||50|
|showteam|p2|Bellibolt||SitrusBerry|Electromorphosis|ParabolicCharge,Thunderbolt,Soak,Protect|Modest||F|||50|]Grimmsnarl||LightClay|Prankster|LightScreen,FoulPlay,Reflect,PartingShot|Sassy||M|||50|]Staraptor||Staraptite|Intimidate|BraveBird,CloseCombat,Roost,Protect|Jolly||M|||50|]Hippowdon||IronBall|SandStream|HighHorsepower,IceFang,HeavySlam,Protect|Brave||M|||50|]Sinistcha-Masterpiece||ColburBerry|Hospitality|MatchaGotcha,RagePowder,TrickRoom,Protect|Bold|||||50|]Raichu||RaichuniteX|LightningRod|VoltTackle,VoltSwitch,FakeOut,Protect|Jolly||F|||50|
|l|☆imsochove
|player|p2|
|j|☆imsochove
|player|p2|imsochove|265|
|inactive|Battle timer is ON: inactive players will automatically lose when time's up. (requested by imsochove)
|
|t:|1786148520
|teamsize|p1|4
|teamsize|p2|4
|start
|switch|p1a: Kingambit|Kingambit, L50, F|100/100
|switch|p1b: Venusaur|Venusaur, L50, F|100/100
|switch|p2a: Staraptor|Staraptor, L50, M|100/100
|switch|p2b: Grimmsnarl|Grimmsnarl, L50, M|100/100
|-ability|p2a: Staraptor|Intimidate|boost
|-unboost|p1a: Kingambit|atk|1
|-ability|p1a: Kingambit|Defiant|boost
|-boost|p1a: Kingambit|atk|2
|-unboost|p1b: Venusaur|atk|1
|turn|1
|inactive|Inteligent8pro has 30 seconds left.
|
|t:|1786148555
|detailschange|p2a: Staraptor|Staraptor-Mega, L50, M
|-mega|p2a: Staraptor|Staraptor|Staraptite
|move|p1a: Kingambit|Protect|p1a: Kingambit
|-singleturn|p1a: Kingambit|Protect
|move|p2b: Grimmsnarl|Parting Shot|p2a: Staraptor
|-boost|p2a: Staraptor|atk|1
|-boost|p2a: Staraptor|spa|1
|
|t:|1786148573
|switch|p2b: Sinistcha|Sinistcha-Masterpiece, L50|100/100|[from] Parting Shot
|move|p2a: Staraptor|Brave Bird|p1b: Venusaur
|-supereffective|p1b: Venusaur|1
|-crit|p1b: Venusaur
|-damage|p1b: Venusaur|0 fnt
|faint|p1b: Venusaur
|-damage|p2a: Staraptor|67/100|[from] Recoil
|
|upkeep
|
|t:|1786148582
|switch|p1b: Ninetales|Ninetales-Alola, L50, M|100/100
|-weather|Snowscape|[from] ability: Snow Warning|[of] p1b: Ninetales
|turn|2
|
|t:|1786148602
|move|p2b: Sinistcha|Rage Powder|p2b: Sinistcha
|-singleturn|p2b: Sinistcha|move: Rage Powder
|move|p1a: Kingambit|Sucker Punch||[still]
|-fail|p1a: Kingambit
|move|p2a: Staraptor|Close Combat|p1b: Ninetales
|-damage|p1b: Ninetales|25/100
|-boost|p2a: Staraptor|def|1
|-boost|p2a: Staraptor|spd|1
|move|p1b: Ninetales|Blizzard|p2b: Sinistcha|[spread] p2a,p2b
|-supereffective|p2a: Staraptor|1
|-supereffective|p2b: Sinistcha|1
|-damage|p2a: Staraptor|24/100
|-damage|p2b: Sinistcha|35/100
|
|-weather|Snowscape|[upkeep]
|upkeep
|turn|3
|l|☆imsochove
|inactive|imsochove disconnected and has a minute to reconnect!
|player|p2|
|j|☆imsochove
|inactive|imsochove reconnected and has 55 seconds left.
|player|p2|imsochove|265|
|
|t:|1786148626
|switch|p2b: Grimmsnarl|Grimmsnarl, L50, M|100/100
|move|p2a: Staraptor|Protect|p2a: Staraptor
|-singleturn|p2a: Staraptor|Protect
|move|p1b: Ninetales|Protect|p1b: Ninetales
|-singleturn|p1b: Ninetales|Protect
|move|p1a: Kingambit|Kowtow Cleave|p2a: Staraptor
|-activate|p2a: Staraptor|move: Protect
|
|-weather|Snowscape|[upkeep]
|upkeep
|turn|4
|
|t:|1786148645
|switch|p1b: Blaziken|Blaziken, L50, M|100/100
|move|p2b: Grimmsnarl|Parting Shot|p1b: Blaziken
|-unboost|p1b: Blaziken|atk|1
|-unboost|p1b: Blaziken|spa|1
|
|t:|1786148651
|switch|p2b: Sinistcha|Sinistcha-Masterpiece, L50|35/100|[from] Parting Shot
|-heal|p2a: Staraptor|49/100|[from] ability: Hospitality|[of] p2b: Sinistcha
|move|p1a: Kingambit|Sucker Punch||[still]
|-fail|p1a: Kingambit
|move|p2a: Staraptor|Roost|p2a: Staraptor
|-heal|p2a: Staraptor|100/100
|-singleturn|p2a: Staraptor|move: Roost
|
|-weather|Snowscape|[upkeep]
|upkeep
|turn|5
|
|t:|1786148673
|switch|p2b: Grimmsnarl|Grimmsnarl, L50, M|100/100
|move|p1b: Blaziken|Detect|p1b: Blaziken
|-singleturn|p1b: Blaziken|Protect
|move|p1a: Kingambit|Protect|p1a: Kingambit
|-singleturn|p1a: Kingambit|Protect
|move|p2a: Staraptor|Brave Bird|p1b: Blaziken
|-activate|p1b: Blaziken|move: Protect
|
|-weather|Snowscape|[upkeep]
|-ability|p1b: Blaziken|Speed Boost|boost
|-boost|p1b: Blaziken|spe|1
|upkeep
|turn|6
|
|t:|1786148695
|detailschange|p1b: Blaziken|Blaziken-Mega, L50, M
|-mega|p1b: Blaziken|Blaziken|Blazikenite
|move|p2b: Grimmsnarl|Reflect|p2b: Grimmsnarl
|-sidestart|p2: imsochove|Reflect
|move|p1a: Kingambit|Sucker Punch|p2a: Staraptor
|-resisted|p2a: Staraptor|1
|-damage|p2a: Staraptor|82/100
|-damage|p1a: Kingambit|90/100|[from] item: Life Orb
|move|p1b: Blaziken|Flare Blitz|p2a: Staraptor
|-damage|p2a: Staraptor|61/100
|-damage|p1b: Blaziken|92/100|[from] Recoil
|move|p2a: Staraptor|Close Combat|p1a: Kingambit
|-supereffective|p1a: Kingambit|2
|-damage|p1a: Kingambit|0 fnt
|-boost|p2a: Staraptor|def|1
|-boost|p2a: Staraptor|spd|1
|faint|p1a: Kingambit
|
|-weather|none
|-ability|p1b: Blaziken|Speed Boost|boost
|-boost|p1b: Blaziken|spe|1
|upkeep
|
|t:|1786148707
|switch|p1a: Ninetales|Ninetales-Alola, L50, M|25/100
|-weather|Snowscape|[from] ability: Snow Warning|[of] p1a: Ninetales
|turn|7
|
|t:|1786148727
|move|p2a: Staraptor|Protect|p2a: Staraptor
|-singleturn|p2a: Staraptor|Protect
|move|p2b: Grimmsnarl|Light Screen|p2b: Grimmsnarl
|-sidestart|p2: imsochove|move: Light Screen
|move|p1b: Blaziken|Rock Slide|p2a: Staraptor|[spread] p2b
|-activate|p2a: Staraptor|move: Protect
|-damage|p2b: Grimmsnarl|90/100
|move|p1a: Ninetales|Blizzard|p2b: Grimmsnarl|[spread] p2b
|-activate|p2a: Staraptor|move: Protect
|-damage|p2b: Grimmsnarl|69/100
|
|-weather|Snowscape|[upkeep]
|-ability|p1b: Blaziken|Speed Boost|boost
|-boost|p1b: Blaziken|spe|1
|upkeep
|turn|8
|inactive|Inteligent8pro has 30 seconds left.
|
|t:|1786148754
|move|p2b: Grimmsnarl|Parting Shot|p1b: Blaziken
|-unboost|p1b: Blaziken|atk|1
|-unboost|p1b: Blaziken|spa|1
|
|t:|1786148757
|switch|p2b: Sinistcha|Sinistcha-Masterpiece, L50|35/100|[from] Parting Shot
|-heal|p2a: Staraptor|86/100|[from] ability: Hospitality|[of] p2b: Sinistcha
|move|p1b: Blaziken|Rock Slide|p2a: Staraptor|[spread] p2a,p2b
|-damage|p2a: Staraptor|83/100
|-damage|p2b: Sinistcha|29/100
|cant|p2a: Staraptor|flinch
|move|p1a: Ninetales|Blizzard|p2b: Sinistcha|[spread] p2a,p2b
|-supereffective|p2a: Staraptor|1
|-supereffective|p2b: Sinistcha|1
|-damage|p2a: Staraptor|59/100
|-damage|p2b: Sinistcha|0 fnt
|faint|p2b: Sinistcha
|
|-weather|Snowscape|[upkeep]
|-ability|p1b: Blaziken|Speed Boost|boost
|-boost|p1b: Blaziken|spe|1
|upkeep
|
|t:|1786148770
|switch|p2b: Bellibolt|Bellibolt, L50, F|100/100
|turn|9
|
|t:|1786148778
|move|p2a: Staraptor|Protect|p2a: Staraptor
|-singleturn|p2a: Staraptor|Protect
|move|p1b: Blaziken|Rock Slide|p2b: Bellibolt|[spread] p2b
|-activate|p2a: Staraptor|move: Protect
|-damage|p2b: Bellibolt|93/100
|-start|p2b: Bellibolt|Charge|Rock Slide|[from] ability: Electromorphosis
|move|p1a: Ninetales|Blizzard|p2a: Staraptor|[spread] p2b
|-activate|p2a: Staraptor|move: Protect
|-damage|p2b: Bellibolt|75/100
|-start|p2b: Bellibolt|Charge|Blizzard|[from] ability: Electromorphosis
|move|p2b: Bellibolt|Parabolic Charge|p1a: Ninetales|[spread] p1a,p1b
|-activate|p2a: Staraptor|move: Protect
|-damage|p1a: Ninetales|0 fnt
|-heal|p2b: Bellibolt|85/100|[from] drain|[of] p1a: Ninetales
|-damage|p1b: Blaziken|46/100
|-heal|p2b: Bellibolt|100/100|[from] drain|[of] p1b: Blaziken
|faint|p1a: Ninetales
|-end|p2b: Bellibolt|Charge|[silent]
|
|-weather|Snowscape|[upkeep]
|-ability|p1b: Blaziken|Speed Boost|boost
|-boost|p1b: Blaziken|spe|1
|upkeep
|turn|10
|
|t:|1786148800
|move|p1b: Blaziken|Rock Slide|p2b: Bellibolt|[spread] p2a,p2b
|-damage|p2a: Staraptor|55/100
|-damage|p2b: Bellibolt|93/100
|-start|p2b: Bellibolt|Charge|Rock Slide|[from] ability: Electromorphosis
|cant|p2a: Staraptor|flinch
|cant|p2b: Bellibolt|flinch
|-end|p2b: Bellibolt|Charge|[silent]
|
|-weather|Snowscape|[upkeep]
|-ability|p1b: Blaziken|Speed Boost|boost
|-boost|p1b: Blaziken|spe|1
|upkeep
|turn|11
|
|t:|1786148815
|move|p1b: Blaziken|Rock Slide|p2b: Bellibolt|[spread] p2a,p2b
|-damage|p2a: Staraptor|50/100g
|-damage|p2b: Bellibolt|87/100
|-start|p2b: Bellibolt|Charge|Rock Slide|[from] ability: Electromorphosis
|move|p2a: Staraptor|Brave Bird|p1b: Blaziken
|-supereffective|p1b: Blaziken|1
|-damage|p1b: Blaziken|0 fnt
|faint|p1b: Blaziken
|-damage|p2a: Staraptor|37/100|[from] Recoil
|
|win|imsochove
|raw|Inteligent8pro's rating: 1180 → 1163(-17 for losing)
|raw|imsochove's rating: 1291 → 1308(+17 for winning)
