|j|☆Capfoo
|j|☆randomguy1114s
|html|Capfoorandomguy1114s    
|uhtml|bestof|Game 1 of a best-of-3
|t:|1756933754
|gametype|doubles
|player|p1|Capfoo|brawly|1117
|player|p2|randomguy1114s|lillie-masters|1145
|gen|9
|tier|[Gen 9] VGC 2025 Reg H (Bo3)
|rated|
|rule|Species Clause: Limit one of each Pokémon
|rule|Item Clause: Limit 1 of each item
|clearpoke
|poke|p1|Whimsicott, L50, M|
|poke|p1|Annihilape, L50, M|
|poke|p1|Archaludon, L50, M|
|poke|p1|Meowscarada, L50, F|
|poke|p1|Pelipper, L50, M|
|poke|p1|Indeedee-F, L50, F|
|poke|p2|Talonflame, L50, F|
|poke|p2|Garchomp, L50, M|
|poke|p2|Tyranitar, L50, M|
|poke|p2|Ursaluna-Bloodmoon, L50, M|
|poke|p2|Amoonguss, L50, F|
|poke|p2|Chandelure, L50, F|
|teampreview|4
|showteam|p1|Whimsicott||CovertCloak|Prankster|Tailwind,DazzlingGleam,Taunt,BeatUp|||M|||50|,,,,,Water]Annihilape||Leftovers|Defiant|DrainPunch,RageFist,BulkUp,Protect|||M|||50|,,,,,Fire]Archaludon||AssaultVest|Stamina|BodyPress,FlashCannon,DragonPulse,ElectroShot|||M|||50|,,,,,Ghost]Meowscarada||ChoiceBand|Protean|FlowerTrick,KnockOff,TripleAxel,Uturn|||F|||50|,,,,,Grass]Pelipper||FocusSash|Drizzle|Hurricane,WeatherBall,WideGuard,Protect|||M|||50|,,,,,Grass]Indeedee-F||SafetyGoggles|PsychicSurge|FollowMe,Psychic,Imprison,TrickRoom|||F|||50|,,,,,Fairy
|showteam|p2|Talonflame||SafetyGoggles|GaleWings|Tailwind,FlareBlitz,BraveBird,WillOWisp|||F|||50|,,,,,Ghost]Garchomp||ClearAmulet|SandVeil|Earthquake,DragonClaw,StompingTantrum,Protect|||M|||50|,,,,,Steel]Tyranitar||AssaultVest|SandStream|RockSlide,KnockOff,TeraBlast,LowKick|||M|||50|,,,,,Flying]Ursaluna-Bloodmoon||LifeOrb|MindsEye|BloodMoon,HyperVoice,EarthPower,Protect|||M|||50|,,,,,Normal]Amoonguss||MentalHerb|Regenerator|RagePowder,PollenPuff,Spore,Protect|||F|||50|,,,,,Water]Chandelure||SitrusBerry|FlashFire|HeatWave,ShadowBall,TrickRoom,Protect|||F|||50|,,,,,Grass
|
|t:|1756933783
|teamsize|p1|4
|teamsize|p2|4
|start
|switch|p1a: Meowscarada|Meowscarada, L50, F|100/100
|switch|p1b: Whimsicott|Whimsicott, L50, M|100/100
|switch|p2a: BIRDD|Talonflame, L50, F, shiny|100/100
|switch|p2b: BEARRRRRR|Ursaluna-Bloodmoon, L50, M|100/100
|turn|1
|
|t:|1756933804
|move|p2a: BIRDD|Brave Bird|p1a: Meowscarada
|-supereffective|p1a: Meowscarada
|-damage|p1a: Meowscarada|0 fnt
|faint|p1a: Meowscarada
|-damage|p2a: BIRDD|68/100|[from] Recoil
|move|p1b: Whimsicott|Tailwind|p1b: Whimsicott
|-sidestart|p1: Capfoo|move: Tailwind
|move|p2b: BEARRRRRR|Blood Moon|p1b: Whimsicott
|-damage|p1b: Whimsicott|0 fnt
|faint|p1b: Whimsicott
|-damage|p2b: BEARRRRRR|91/100|[from] item: Life Orb
|
|upkeep
|
|t:|1756933809
|switch|p1a: Pelipper|Pelipper, L50, M|100/100
|switch|p1b: Annihilape|Annihilape, L50, M|100/100
|-weather|RainDance|[from] ability: Drizzle|[of] p1a: Pelipper
|turn|2
|
|t:|1756933828
|move|p1b: Annihilape|Bulk Up|p1b: Annihilape
|-boost|p1b: Annihilape|atk|1
|-boost|p1b: Annihilape|def|1
|move|p1a: Pelipper|Weather Ball|p2a: BIRDD
|-supereffective|p2a: BIRDD
|-damage|p2a: BIRDD|0 fnt
|faint|p2a: BIRDD
|move|p2b: BEARRRRRR|Hyper Voice|p1a: Pelipper|[spread] p1a,p1b
|-damage|p1a: Pelipper|9/100
|-damage|p1b: Annihilape|44/100
|-damage|p2b: BEARRRRRR|81/100|[from] item: Life Orb
|
|-weather|RainDance|[upkeep]
|-heal|p1b: Annihilape|50/100|[from] item: Leftovers
|upkeep
|
|t:|1756933840
|switch|p2a: SHARKKK|Garchomp, L50, M, shiny|100/100
|turn|3
|
|t:|1756933860
|move|p2a: SHARKKK|Protect|p2a: SHARKKK
|-singleturn|p2a: SHARKKK|Protect
|move|p2b: BEARRRRRR|Protect|p2b: BEARRRRRR
|-singleturn|p2b: BEARRRRRR|Protect
|move|p1b: Annihilape|Drain Punch|p2b: BEARRRRRR
|-activate|p2b: BEARRRRRR|move: Protect
|move|p1a: Pelipper|Weather Ball|p2b: BEARRRRRR
|-activate|p2b: BEARRRRRR|move: Protect
|
|-weather|RainDance|[upkeep]
|-heal|p1b: Annihilape|56/100|[from] item: Leftovers
|upkeep
|turn|4
|
|t:|1756933873
|move|p1b: Annihilape|Drain Punch|p2b: BEARRRRRR
|-supereffective|p2b: BEARRRRRR
|-damage|p2b: BEARRRRRR|0 fnt
|-heal|p1b: Annihilape|97/100|[from] drain|[of] p2b: BEARRRRRR
|faint|p2b: BEARRRRRR
|move|p1a: Pelipper|Weather Ball|p2a: SHARKKK
|-damage|p2a: SHARKKK|30/100
|move|p2a: SHARKKK|Dragon Claw|p1a: Pelipper
|-damage|p1a: Pelipper|0 fnt
|faint|p1a: Pelipper
|
|-weather|RainDance|[upkeep]
|-heal|p1b: Annihilape|100/100|[from] item: Leftovers
|-sideend|p1: Capfoo|move: Tailwind
|upkeep
|
|t:|1756933884
|switch|p2b: DINOOOO|Tyranitar, L50, M, shiny|100/100
|-weather|Sandstorm|[from] ability: Sand Stream|[of] p2b: DINOOOO
|turn|5
|
|t:|1756933897
|-terastallize|p2b: DINOOOO|Flying
|move|p1b: Annihilape|Protect|p1b: Annihilape
|-singleturn|p1b: Annihilape|Protect
|move|p2a: SHARKKK|Dragon Claw|p1b: Annihilape
|-activate|p1b: Annihilape|move: Protect
|move|p2b: DINOOOO|Tera Blast|p1b: Annihilape|[anim] Tera Blast Flying
|-activate|p1b: Annihilape|move: Protect
|
|-weather|Sandstorm|[upkeep]
|-damage|p1b: Annihilape|95/100|[from] Sandstorm
|-damage|p2b: DINOOOO|95/100|[from] Sandstorm
|-heal|p1b: Annihilape|100/100|[from] item: Leftovers
|upkeep
|turn|6
|
|t:|1756933910
|-terastallize|p1b: Annihilape|Fire
|move|p2a: SHARKKK|Dragon Claw|p1b: Annihilape
|-damage|p1b: Annihilape|71/100
|move|p1b: Annihilape|Rage Fist|p2a: SHARKKK
|-crit|p2a: SHARKKK
|-damage|p2a: SHARKKK|0 fnt
|faint|p2a: SHARKKK
|move|p2b: DINOOOO|Tera Blast|p1b: Annihilape|[anim] Tera Blast Flying
|-damage|p1b: Annihilape|37/100
|
|-weather|Sandstorm|[upkeep]
|-damage|p1b: Annihilape|31/100|[from] Sandstorm
|-damage|p2b: DINOOOO|89/100|[from] Sandstorm
|-heal|p1b: Annihilape|37/100|[from] item: Leftovers
|upkeep
|turn|7
|
|t:|1756933924
|move|p1b: Annihilape|Protect|p1b: Annihilape
|-singleturn|p1b: Annihilape|Protect
|move|p2b: DINOOOO|Rock Slide|p1b: Annihilape
|-activate|p1b: Annihilape|move: Protect
|
|-weather|Sandstorm|[upkeep]
|-damage|p1b: Annihilape|31/100|[from] Sandstorm
|-damage|p2b: DINOOOO|83/100|[from] Sandstorm
|-heal|p1b: Annihilape|37/100|[from] item: Leftovers
|upkeep
|turn|8
|
|t:|1756933931
|move|p1b: Annihilape|Rage Fist|p2b: DINOOOO
|-damage|p2b: DINOOOO|0 fnt
|faint|p2b: DINOOOO
|
|win|Capfoo
||Capfoo is ready for game 2.
|inactive|randomguy1114s has 30 seconds to confirm battle start!
