|j|☆escorpiobutfrommk
|j|☆kobjkhjgv
|html|escorpiobutfrommkkobjkhjgv    
|uhtml|bestof|Game 2 of a best-of-3
|t:|1756258153
|gametype|doubles
|player|p1|escorpiobutfrommk|red|1030
|player|p2|kobjkhjgv|pokemonrangerf|1000
|gen|9
|tier|[Gen 9] VGC 2025 Reg H (Bo3)
|rated|
|rule|Species Clause: Limit one of each Pokémon
|rule|Item Clause: Limit 1 of each item
|clearpoke
|poke|p1|Sneasler, L50, M|
|poke|p1|Ceruledge, L50, F|
|poke|p1|Dragonite, L50, M|
|poke|p1|Gastrodon, L50, F|
|poke|p1|Kingambit, L50, F|
|poke|p1|Rillaboom, L50, F|
|poke|p2|Incineroar, L50, F|
|poke|p2|Rillaboom, L50, M|
|poke|p2|Tauros-Paldea-Aqua, L50, M|
|poke|p2|Gholdengo, L50|
|poke|p2|Clefable, L50, F|
|poke|p2|Mamoswine, L50, F|
|teampreview|4
|showteam|p1|Sneasler||FocusSash|Unburden|DireClaw,CloseCombat,Coaching,FakeOut|||M|||50|,,,,,Ghost]Ceruledge||Leftovers|FlashFire|Protect,BulkUp,BitterBlade,ShadowSneak|||F|||50|,,,,,Grass]Dragonite||LoadedDice|Multiscale|Protect,ScaleShot,LowKick,ExtremeSpeed|||M|||50|,,,,,Fairy]Gastrodon||SitrusBerry|StormDrain|Protect,IceBeam,EarthPower,ClearSmog|||F|||50|,,,,,Flying]Kingambit||AssaultVest|Defiant|KowtowCleave,SuckerPunch,IronHead,TeraBlast|||F|||50|,,,,,Flying]Rillaboom||MiracleSeed|GrassySurge|WoodHammer,GrassyGlide,HighHorsepower,FakeOut|||F|||50|,,,,,Fire
|showteam|p2|Incineroar||RockyHelmet|Intimidate|FakeOut,KnockOff,FlareBlitz,PartingShot|||F|||50|,,,,,Ghost]Rillaboom||AssaultVest|GrassySurge|DrumBeating,GrassyGlide,FakeOut,Uturn|||M|||50|,,,,,Fire]Tauros-Paldea-Aqua||MirrorHerb|Intimidate|RagingBull,AquaJet,CloseCombat,Protect|||M|||50|,,,,,Water]Gholdengo||MetalCoat|GoodasGold|MakeItRain,ShadowBall,NastyPlot,Protect||||||50|,,,,,Dragon]Clefable||SafetyGoggles|Unaware|FollowMe,Protect,Moonblast,LightScreen|||F|||50|,,,,,Water]Mamoswine||CovertCloak|ThickFat|IceShard,IcicleCrash,HighHorsepower,Protect|||F|||50|,,,,,Ice
|inactive|Battle timer is ON: inactive players will automatically lose when time's up. (requested by kobjkhjgv)
|
|t:|1756258176
|teamsize|p1|4
|teamsize|p2|4
|start
|switch|p1a: Sneasler|Sneasler, L50, M|100/100
|switch|p1b: Kingambit|Kingambit, L50, F|100/100
|switch|p2a: Gholdengo|Gholdengo, L50|100/100
|switch|p2b: Tauros|Tauros-Paldea-Aqua, L50, M|100/100
|-ability|p2b: Tauros|Intimidate|boost
|-unboost|p1a: Sneasler|atk|1
|-unboost|p1b: Kingambit|atk|1
|-ability|p1b: Kingambit|Defiant|boost
|-boost|p1b: Kingambit|atk|2
|-enditem|p2b: Tauros|Mirror Herb
|-boost|p2b: Tauros|atk|2|[from] item: Mirror Herb
|turn|1
|
|t:|1756258193
|-terastallize|p2a: Gholdengo|Dragon
|move|p1a: Sneasler|Fake Out|p2b: Tauros
|-damage|p2b: Tauros|90/100
|cant|p2b: Tauros|flinch
|move|p2a: Gholdengo|Shadow Ball|p1a: Sneasler
|-damage|p1a: Sneasler|48/100
|move|p1b: Kingambit|Kowtow Cleave|p2a: Gholdengo
|-damage|p2a: Gholdengo|36/100
|
|upkeep
|turn|2
|
|t:|1756258212
|-terastallize|p1b: Kingambit|Flying
|move|p2a: Gholdengo|Protect|p2a: Gholdengo
|-singleturn|p2a: Gholdengo|Protect
|move|p1a: Sneasler|Coaching|p1b: Kingambit
|-boost|p1b: Kingambit|atk|1
|-boost|p1b: Kingambit|def|1
|move|p2b: Tauros|Close Combat|p1b: Kingambit
|-resisted|p1b: Kingambit
|-damage|p1b: Kingambit|70/100
|-unboost|p2b: Tauros|def|1
|-unboost|p2b: Tauros|spd|1
|move|p1b: Kingambit|Tera Blast|p2b: Tauros|[anim] Tera Blast Flying
|-supereffective|p2b: Tauros
|-damage|p2b: Tauros|0 fnt
|faint|p2b: Tauros
|
|upkeep
|
|t:|1756258226
|switch|p2b: Clefable|Clefable, L50, F|100/100
|turn|3
|
|t:|1756258241
|move|p2b: Clefable|Follow Me|p2b: Clefable
|-singleturn|p2b: Clefable|move: Follow Me
|move|p1a: Sneasler|Dire Claw|p2b: Clefable
|-supereffective|p2b: Clefable
|-damage|p2b: Clefable|1/100
|-status|p2b: Clefable|psn
|move|p2a: Gholdengo|Make It Rain|p1b: Kingambit|[spread] p1a,p1b
|-damage|p1a: Sneasler|0 fnt
|-damage|p1b: Kingambit|35/100
|-unboost|p2a: Gholdengo|spa|1
|faint|p1a: Sneasler
|move|p1b: Kingambit|Tera Blast|p2b: Clefable|[anim] Tera Blast Flying
|-damage|p2b: Clefable|0 fnt
|faint|p2b: Clefable
|
|upkeep
|
|t:|1756258252
|switch|p1a: Gastrodon|Gastrodon, L50, F|100/100
|switch|p2b: Mamoswine|Mamoswine, L50, F|100/100
|turn|4
|
|t:|1756258271
|move|p2b: Mamoswine|Ice Shard|p1b: Kingambit
|-supereffective|p1b: Kingambit
|-damage|p1b: Kingambit|13/100
|move|p1b: Kingambit|Sucker Punch||[still]
|-fail|p1b: Kingambit
|move|p2a: Gholdengo|Make It Rain|p1a: Gastrodon|[spread] p1a,p1b
|-resisted|p1a: Gastrodon
|-damage|p1a: Gastrodon|83/100
|-damage|p1b: Kingambit|0 fnt
|-unboost|p2a: Gholdengo|spa|1
|faint|p1b: Kingambit
|move|p1a: Gastrodon|Ice Beam|p2a: Gholdengo
|-supereffective|p2a: Gholdengo
|-damage|p2a: Gholdengo|0 fnt
|faint|p2a: Gholdengo
|
|upkeep
|
|t:|1756258274
|switch|p1b: Ceruledge|Ceruledge, L50, F|100/100
|turn|5
|
|t:|1756258300
|move|p2b: Mamoswine|Icicle Crash|p1b: Ceruledge|[miss]
|-miss|p2b: Mamoswine|p1b: Ceruledge
|move|p1b: Ceruledge|Bitter Blade|p2b: Mamoswine
|-supereffective|p2b: Mamoswine
|-damage|p2b: Mamoswine|45/100
|move|p1a: Gastrodon|Ice Beam|p2b: Mamoswine
|-damage|p2b: Mamoswine|28/100
|
|upkeep
|turn|6
|-message|kobjkhjgv forfeited.
|
|win|escorpiobutfrommk
|raw|escorpiobutfrommk's rating: 1030 → 1062(+32 for winning)
|raw|kobjkhjgv's rating: 1000 → 1000(+0 for losing)
|l|☆kobjkhjgv
|player|p2|
