|j|☆Theelvisboy1
|j|☆Zyennai
|html|Theelvisboy1Zyennai    
|uhtml|bestof|Game 3 of a best-of-3
|t:|1784954533
|gametype|doubles
|player|p1|Theelvisboy1|cynthia|
|player|p2|Zyennai|cynthia-gen4|
|gen|9
|tier|[Gen 9 Champions] VGC 2026 Reg M-B (Bo3)
|rule|Species Clause: Limit one of each Pokémon
|rule|Item Clause: Limit 1 of each item
|clearpoke
|poke|p1|Rhyperior, L50, M|
|poke|p1|Leafeon, L50, M, shiny|
|poke|p1|Torkoal, L50, F|
|poke|p1|Pelipper, L50, M|
|poke|p1|Dragonite, L50, M|
|poke|p1|Absol, L50, M|
|poke|p2|Overqwil, L50, F|
|poke|p2|Klefki, L50, F|
|poke|p2|Sableye, L50, M|
|poke|p2|Meowstic, L50, M|
|poke|p2|Gengar, L50, M|
|poke|p2|Toxapex, L50, F|
|teampreview|4
|showteam|p1|Rhyperior||PasshoBerry|LightningRod|RockSlide,SupercellSlam,Earthquake,HammerArm|Brave||M|||50|]Leafeon||LifeOrb|Chlorophyll|SolarBlade,XScissor,KnockOff,Yawn|Adamant||M|||50|]Torkoal||HeatRock|Drought|StealthRock,RockSlide,HeatWave,WillOWisp|Sassy||F|||50|]Pelipper||DampRock|Drizzle|Protect,Uturn,Tailwind,Hurricane|Bold||M|||50|]Dragonite||ChoiceScarf|Multiscale|HeatWave,Hurricane,Thunder,Surf|Modest||M|||50|]Absol||Absolite|Pressure|SwordsDance,PlayRough,NightSlash,SuckerPunch|Adamant||M|||50|
|showteam|p2|Overqwil||Leftovers|Intimidate|BarbBarrage,Minimize,Stockpile,Protect|Careful||F|||50|]Klefki||SitrusBerry|Prankster|DrainingKiss,CalmMind,PsychUp,Substitute|Calm||F|||50|]Sableye||Sablenite|Prankster|DarkPulse,DazzlingGleam,Protect,Quash|Careful||M|||50|]Meowstic||BrightPowder|Prankster|FakeOut,SkillSwap,SunnyDay,RainDance|Bold||M|||50|]Gengar||Gengarite|CursedBody|PerishSong,Disable,ShadowBall,Protect|Timid||M|||50|]Toxapex||QuickClaw|Regenerator|Infestation,Toxic,WideGuard,BanefulBunker|Bold||F|||50|
|inactive|Battle timer is ON: inactive players will automatically lose when time's up. (requested by Zyennai)
|inactiveoff|Battle timer is now OFF.
|
|t:|1784954550
|teamsize|p1|4
|teamsize|p2|4
|start
|switch|p1a: Morgan|Pelipper, L50, M|100/100
|switch|p1b: Aesc the Saviour|Absol, L50, M|100/100
|switch|p2a: Overqwil|Overqwil, L50, F|100/100
|switch|p2b: Meowstic|Meowstic, L50, M|100/100
|-ability|p1b: Aesc the Saviour|Pressure
|-ability|p2a: Overqwil|Intimidate|boost
|-unboost|p1a: Morgan|atk|1
|-unboost|p1b: Aesc the Saviour|atk|1
|-weather|RainDance|[from] ability: Drizzle|[of] p1a: Morgan
|turn|1
|
|t:|1784954574
|detailschange|p1b: Aesc the Saviour|Absol-Mega, L50, M
|-mega|p1b: Aesc the Saviour|Absol|Absolite
|move|p2b: Meowstic|Fake Out|p1a: Morgan
|-damage|p1a: Morgan|94/100
|move|p1b: Aesc the Saviour|Night Slash|p2b: Meowstic
|-supereffective|p2b: Meowstic|1
|-damage|p2b: Meowstic|45/100
|move|p2a: Overqwil|Minimize|p2a: Overqwil
|-boost|p2a: Overqwil|evasion|2
|cant|p1a: Morgan|flinch
|
|-weather|RainDance|[upkeep]
|upkeep
|turn|2
|
|t:|1784954590
|move|p2b: Meowstic|Skill Swap|p2a: Overqwil
|-activate|p2b: Meowstic|Skill Swap|||[of] p2a: Overqwil
|-ability|p2b: Meowstic|Intimidate|boost
|-unboost|p1a: Morgan|atk|1
|-unboost|p1b: Aesc the Saviour|atk|1
|move|p2a: Overqwil|Stockpile|p2a: Overqwil
|-start|p2a: Overqwil|stockpile1
|-boost|p2a: Overqwil|def|1
|-boost|p2a: Overqwil|spd|1
|move|p1b: Aesc the Saviour|Night Slash|p2b: Meowstic|[miss]
|-miss|p1b: Aesc the Saviour|p2b: Meowstic
|move|p1a: Morgan|U-turn|p2b: Meowstic
|-supereffective|p2b: Meowstic|1
|-damage|p2b: Meowstic|37/100
|
|t:|1784954605
|switch|p1a: Castoria|Dragonite, L50, M|100/100|[from] U-turn
|
|-weather|RainDance|[upkeep]
|upkeep
|turn|3
|
|t:|1784954640
|move|p2a: Overqwil|Stockpile|p2a: Overqwil
|-start|p2a: Overqwil|stockpile2
|-boost|p2a: Overqwil|def|1
|-boost|p2a: Overqwil|spd|1
|move|p1a: Castoria|Hurricane|p2a: Overqwil
|-damage|p2a: Overqwil|76/100
|-start|p2a: Overqwil|confusion
|move|p1b: Aesc the Saviour|Swords Dance|p1b: Aesc the Saviour
|-boost|p1b: Aesc the Saviour|atk|2
|move|p2b: Meowstic|Skill Swap|p2a: Overqwil
|-activate|p2b: Meowstic|Skill Swap|||[of] p2a: Overqwil
|-ability|p2a: Overqwil|Intimidate|boost
|-unboost|p1a: Castoria|atk|1
|-unboost|p1b: Aesc the Saviour|atk|1
|
|-weather|RainDance|[upkeep]
|-heal|p2a: Overqwil|82/100|[from] item: Leftovers
|upkeep
|turn|4
|
|t:|1784954666
|move|p2b: Meowstic|Sunny Day|p2b: Meowstic
|-weather|SunnyDay
|move|p1a: Castoria|Hurricane|p2a: Overqwil|[miss]
|-miss|p1a: Castoria|p2a: Overqwil
|move|p1b: Aesc the Saviour|Night Slash|p2b: Meowstic
|-supereffective|p2b: Meowstic|1
|-damage|p2b: Meowstic|0 fnt
|faint|p2b: Meowstic
|-activate|p2a: Overqwil|confusion
|move|p2a: Overqwil|Stockpile|p2a: Overqwil
|-start|p2a: Overqwil|stockpile3
|-boost|p2a: Overqwil|def|1
|-boost|p2a: Overqwil|spd|1
|
|-weather|SunnyDay|[upkeep]
|-heal|p2a: Overqwil|89/100|[from] item: Leftovers
|upkeep
|
|t:|1784954682
|switch|p2b: Toxapex|Toxapex, L50, F|100/100
|turn|5
|
|t:|1784954701
|switch|p1b: Morgan|Pelipper, L50, M|94/100
|-weather|RainDance|[from] ability: Drizzle|[of] p1b: Morgan
|move|p1a: Castoria|Hurricane|p2a: Overqwil
|-damage|p2a: Overqwil|69/100
|-activate|p2a: Overqwil|confusion
|-damage|p2a: Overqwil|65/100|[from] confusion
|move|p2b: Toxapex|Toxic|p1b: Morgan
|-status|p1b: Morgan|tox
|
|-weather|RainDance|[upkeep]
|-heal|p2a: Overqwil|71/100|[from] item: Leftovers
|-damage|p1b: Morgan|88/100 tox|[from] psn
|upkeep
|turn|6
|-activate|p2b: Toxapex|item: Quick Claw
|
|t:|1784954727
|switch|p1a: Aesc the Saviour|Absol-Mega, L50, M|100/100
|-activate|p2a: Overqwil|confusion
|move|p2a: Overqwil|Protect|p2a: Overqwil
|-singleturn|p2a: Overqwil|Protect
|move|p2b: Toxapex|Toxic|p1a: Aesc the Saviour
|move|p1a: Aesc the Saviour|Toxic|p2b: Toxapex|[from] ability: Magic Bounce
|-immune|p2b: Toxapex
|move|p1b: Morgan|Hurricane|p2b: Toxapex
|-damage|p2b: Toxapex|61/100
|
|-weather|RainDance|[upkeep]
|-heal|p2a: Overqwil|77/100|[from] item: Leftovers
|-damage|p1b: Morgan|76/100 tox|[from] psn
|upkeep
|turn|7
|
|t:|1784954756
|switch|p1b: Woodwose|Rhyperior, L50, M|100/100
|move|p2b: Toxapex|Baneful Bunker|p2b: Toxapex
|-singleturn|p2b: Toxapex|move: Protect
|move|p1a: Aesc the Saviour|Swords Dance|p1a: Aesc the Saviour
|-boost|p1a: Aesc the Saviour|atk|2
|-end|p2a: Overqwil|confusion
|move|p2a: Overqwil|Barb Barrage|p1b: Woodwose
|-resisted|p1b: Woodwose|2
|-damage|p1b: Woodwose|96/100
|
|-weather|RainDance|[upkeep]
|-heal|p2a: Overqwil|83/100|[from] item: Leftovers
|upkeep
|turn|8
|
|t:|1784954789
|move|p1a: Aesc the Saviour|Night Slash|p2b: Toxapex
|-crit|p2b: Toxapex
|-damage|p2b: Toxapex|0 fnt
|faint|p2b: Toxapex
|move|p2a: Overqwil|Minimize|p2a: Overqwil
|-boost|p2a: Overqwil|evasion|2
|move|p1b: Woodwose|Supercell Slam|p2a: Overqwil
|-damage|p2a: Overqwil|54/100
|
|-weather|RainDance|[upkeep]
|-heal|p2a: Overqwil|60/100|[from] item: Leftovers
|upkeep
|
|t:|1784954799
|switch|p2b: Klefki|Klefki, L50, F|100/100
|turn|9
|
|t:|1784954815
|switch|p1a: Castoria|Dragonite, L50, M|100/100
|move|p2b: Klefki|Psych Up|p2a: Overqwil
|-copyboost|p2b: Klefki|p2a: Overqwil|[from] move: Psych Up
|move|p2a: Overqwil|Minimize|p2a: Overqwil
|-boost|p2a: Overqwil|evasion|2
|move|p1b: Woodwose|Earthquake|p2b: Klefki|[spread] p2a
|-immune|p1a: Castoria
|-miss|p1b: Woodwose|p2b: Klefki
|-supereffective|p2a: Overqwil|1
|-damage|p2a: Overqwil|26/100
|
|-weather|RainDance|[upkeep]
|-heal|p2a: Overqwil|32/100|[from] item: Leftovers
|upkeep
|turn|10
|
|t:|1784954833
|move|p2a: Overqwil|Protect|p2a: Overqwil
|-singleturn|p2a: Overqwil|Protect
|move|p2b: Klefki|Substitute|p2b: Klefki
|-start|p2b: Klefki|Substitute
|-damage|p2b: Klefki|75/100
|move|p1a: Castoria|Thunder|p1b: Woodwose
|-activate|p1b: Woodwose|ability: Lightning Rod
|-ability|p1b: Woodwose|Lightning Rod|boost
|-boost|p1b: Woodwose|spa|1
|move|p1b: Woodwose|Earthquake|p2a: Overqwil|[spread] 
|-activate|p2a: Overqwil|move: Protect
|-immune|p1a: Castoria
|-miss|p1b: Woodwose|p2b: Klefki
|
|-weather|RainDance|[upkeep]
|-heal|p2a: Overqwil|39/100|[from] item: Leftovers
|upkeep
|turn|11
|
|t:|1784954856
|switch|p1b: Aesc the Saviour|Absol-Mega, L50, M|100/100
|move|p1a: Castoria|Thunder|p2a: Overqwil
|-damage|p2a: Overqwil|25/100
|move|p2a: Overqwil|Barb Barrage|p1a: Castoria
|-damage|p1a: Castoria|87/100
|move|p2b: Klefki|Draining Kiss|p1a: Castoria
|-supereffective|p1a: Castoria|1
|-damage|p1a: Castoria|55/100
|-heal|p2b: Klefki|100/100|[from] drain|[of] p1a: Castoria
|
|-weather|RainDance|[upkeep]
|-heal|p2a: Overqwil|31/100|[from] item: Leftovers
|upkeep
|turn|12
|
|t:|1784954870
|move|p2a: Overqwil|Protect|p2a: Overqwil
|-singleturn|p2a: Overqwil|Protect
|move|p1b: Aesc the Saviour|Sucker Punch||[still]
|-fail|p1b: Aesc the Saviour
|move|p2b: Klefki|Calm Mind|p2b: Klefki
|-boost|p2b: Klefki|spa|1
|-boost|p2b: Klefki|spd|1
|move|p1a: Castoria|Thunder|p2a: Overqwil
|-activate|p2a: Overqwil|move: Protect
|
|-weather|none
|-heal|p2a: Overqwil|38/100|[from] item: Leftovers
|upkeep
|turn|13
|
|t:|1784954894
|switch|p1b: Morgan|Pelipper, L50, M|76/100 tox
|-weather|RainDance|[from] ability: Drizzle|[of] p1b: Morgan
|move|p2a: Overqwil|Protect||[still]
|-fail|p2a: Overqwil
|move|p1a: Castoria|Thunder|p2a: Overqwil
|-damage|p2a: Overqwil|26/100
|move|p2b: Klefki|Draining Kiss|p1a: Castoria
|-supereffective|p1a: Castoria|1
|-damage|p1a: Castoria|7/100
|
|-weather|RainDance|[upkeep]
|-heal|p2a: Overqwil|32/100|[from] item: Leftovers
|-damage|p1b: Morgan|70/100 tox|[from] psn
|upkeep
|turn|14
|
|t:|1784954913
|move|p2a: Overqwil|Protect|p2a: Overqwil
|-singleturn|p2a: Overqwil|Protect
|move|p2b: Klefki|Calm Mind|p2b: Klefki
|-boost|p2b: Klefki|spa|1
|-boost|p2b: Klefki|spd|1
|move|p1a: Castoria|Thunder|p2b: Klefki
|-crit|p2b: Klefki
|-end|p2b: Klefki|Substitute
|move|p1b: Morgan|Hurricane|p2b: Klefki
|-resisted|p2b: Klefki|1
|-damage|p2b: Klefki|93/100
|
|-weather|RainDance|[upkeep]
|-heal|p2a: Overqwil|38/100|[from] item: Leftovers
|-damage|p1b: Morgan|58/100 tox|[from] psn
|upkeep
|turn|15
|
|t:|1784954931
|move|p2b: Klefki|Substitute|p2b: Klefki
|-start|p2b: Klefki|Substitute
|-damage|p2b: Klefki|68/100
|move|p1a: Castoria|Thunder|p2a: Overqwil
|-damage|p2a: Overqwil|26/100
|move|p2a: Overqwil|Barb Barrage|p1b: Morgan
|-damage|p1b: Morgan|14/100 tox
|move|p1b: Morgan|Hurricane|p2a: Overqwil
|-damage|p2a: Overqwil|8/100
|-start|p2a: Overqwil|confusion
|
|-weather|RainDance|[upkeep]
|-heal|p2a: Overqwil|14/100|[from] item: Leftovers
|-damage|p1b: Morgan|0 fnt|[from] psn
|faint|p1b: Morgan
|upkeep
|
|t:|1784954949
|switch|p1b: Woodwose|Rhyperior, L50, M|96/100
|turn|16
|
|t:|1784954966
|-activate|p2a: Overqwil|confusion
|-damage|p2a: Overqwil|10/100|[from] confusion
|move|p1a: Castoria|Thunder|p1b: Woodwose
|-activate|p1b: Woodwose|ability: Lightning Rod
|-ability|p1b: Woodwose|Lightning Rod|boost
|-boost|p1b: Woodwose|spa|1
|move|p2b: Klefki|Draining Kiss|p1a: Castoria
|-supereffective|p1a: Castoria|1
|-crit|p1a: Castoria
|-damage|p1a: Castoria|0 fnt
|-heal|p2b: Klefki|73/100|[from] drain|[of] p1a: Castoria
|faint|p1a: Castoria
|move|p1b: Woodwose|Hammer Arm|p2a: Overqwil|[miss]
|-miss|p1b: Woodwose|p2a: Overqwil
|
|-weather|RainDance|[upkeep]
|-heal|p2a: Overqwil|16/100|[from] item: Leftovers
|upkeep
|
|t:|1784954974
|switch|p1a: Aesc the Saviour|Absol-Mega, L50, M|100/100
|turn|17
|
|t:|1784955010
|-end|p2a: Overqwil|confusion
|move|p2a: Overqwil|Protect|p2a: Overqwil
|-singleturn|p2a: Overqwil|Protect
|move|p1a: Aesc the Saviour|Swords Dance|p1a: Aesc the Saviour
|-boost|p1a: Aesc the Saviour|atk|2
|move|p2b: Klefki|Draining Kiss|p1a: Aesc the Saviour
|-supereffective|p1a: Aesc the Saviour|1
|-damage|p1a: Aesc the Saviour|0 fnt
|-heal|p2b: Klefki|100/100|[from] drain|[of] p1a: Aesc the Saviour
|faint|p1a: Aesc the Saviour
|move|p1b: Woodwose|Hammer Arm|p2a: Overqwil
|-activate|p2a: Overqwil|move: Protect
|
|-weather|RainDance|[upkeep]
|-heal|p2a: Overqwil|22/100|[from] item: Leftovers
|upkeep
|turn|18
|
|t:|1784955034
|move|p2a: Overqwil|Barb Barrage|p1b: Woodwose
|-resisted|p1b: Woodwose|2
|-damage|p1b: Woodwose|92/100
|move|p2b: Klefki|Draining Kiss|p1b: Woodwose
|-damage|p1b: Woodwose|59/100
|move|p1b: Woodwose|Earthquake|p2b: Klefki|[spread] p2b
|-miss|p1b: Woodwose|p2a: Overqwil
|-supereffective|p2b: Klefki|1
|-end|p2b: Klefki|Substitute
|
|-weather|RainDance|[upkeep]
|-heal|p2a: Overqwil|29/100|[from] item: Leftovers
|upkeep
|turn|19
|
|t:|1784955050
|move|p2a: Overqwil|Protect|p2a: Overqwil
|-singleturn|p2a: Overqwil|Protect
|move|p2b: Klefki|Substitute|p2b: Klefki
|-start|p2b: Klefki|Substitute
|-damage|p2b: Klefki|75/100
|move|p1b: Woodwose|Earthquake|p2a: Overqwil|[spread] 
|-activate|p2a: Overqwil|move: Protect
|-miss|p1b: Woodwose|p2b: Klefki
|
|-weather|RainDance|[upkeep]
|-heal|p2a: Overqwil|35/100|[from] item: Leftovers
|upkeep
|turn|20
|
|t:|1784955063
|move|p2a: Overqwil|Barb Barrage|p1b: Woodwose
|-resisted|p1b: Woodwose|2
|-damage|p1b: Woodwose|55/100
|-status|p1b: Woodwose|psn
|move|p2b: Klefki|Draining Kiss|p1b: Woodwose
|-damage|p1b: Woodwose|20/100y psn
|-heal|p2b: Klefki|100/100|[from] drain|[of] p1b: Woodwose
|move|p1b: Woodwose|Earthquake|p2a: Overqwil|[spread] 
|-miss|p1b: Woodwose|p2a: Overqwil
|-miss|p1b: Woodwose|p2b: Klefki
|
|-weather|none
|-heal|p2a: Overqwil|41/100|[from] item: Leftovers
|-damage|p1b: Woodwose|8/100 psn|[from] psn
|upkeep
|turn|21
|
|t:|1784955085
|move|p2a: Overqwil|Barb Barrage|p1b: Woodwose
|-resisted|p1b: Woodwose|2
|-damage|p1b: Woodwose|1/100 psn
|move|p2b: Klefki|Draining Kiss|p1b: Woodwose
|-damage|p1b: Woodwose|0 fnt
|faint|p1b: Woodwose
|
|win|Zyennai
|l|☆Theelvisboy1
|player|p1|
