|j|☆sig.kire
|j|☆Sincubii
|html|sig.kireSincubii    
|uhtml|bestof|Game 1 of a best-of-3
|t:|1757739147
|gametype|doubles
|player|p1|sig.kire|sailor|1116
|player|p2|Sincubii|palmer|1078
|gen|9
|tier|[Gen 9] VGC 2025 Reg H (Bo3)
|rated|
|rule|Species Clause: Limit one of each Pokémon
|rule|Item Clause: Limit 1 of each item
|clearpoke
|poke|p1|Corviknight, L50, F|
|poke|p1|Garchomp, L50, M|
|poke|p1|Tyranitar, L50, F|
|poke|p1|Volcarona, L50, F|
|poke|p1|Indeedee, L50, M|
|poke|p1|Sneasler, L50, F|
|poke|p2|Weavile, L50, M|
|poke|p2|Weezing-Galar, L50, F|
|poke|p2|Tyranitar, L50, F|
|poke|p2|Toedscruel, L50, M|
|poke|p2|Dragonite, L50, F|
|poke|p2|Typhlosion-Hisui, L50, F|
|teampreview|4
|showteam|p1|Corviknight||SitrusBerry|MirrorArmor|BraveBird,BodyPress,BulkUp,Roost|||F|||50|,,,,,Fire]Garchomp||LifeOrb|RoughSkin|DragonClaw,StompingTantrum,Earthquake,Protect|||M|||50|,,,,,Ground]Tyranitar||AssaultVest|SandStream|RockSlide,KnockOff,TeraBlast,LowKick|||F|||50|,,,,,Flying]Volcarona||SafetyGoggles|FlameBody|Overheat,Protect,RagePowder,Tailwind|||F|||50|,,,,,Fairy]Indeedee||ChoiceScarf|PsychicSurge|ExpandingForce,HelpingHand,Trick,TrickRoom|||M|||50|,,,,,Psychic]Sneasler||PsychicSeed|Unburden|DireClaw,CloseCombat,ThroatChop,Protect|||F|||50|,,,,,Dark
|showteam|p2|Weavile||LifeOrb|Pressure|FakeOut,IceSpinner,KnockOff,LowKick|||M|||50|,,,,,Ghost]Weezing-Galar||SafetyGoggles|NeutralizingGas|StrangeSteam,WillOWisp,Taunt,Protect|||F|||50|,,,,,Fire]Tyranitar||AssaultVest|SandStream|KnockOff,RockSlide,TeraBlast,LowKick|||F|||50|,,,,,Flying]Toedscruel||CovertCloak|MyceliumMight|Spore,EarthPower,Protect,LeafStorm|||M|||50|,,,,,Poison]Dragonite||LoadedDice|InnerFocus|Protect,ScaleShot,Tailwind,IronHead|||F|||50|,,,,,Steel]Typhlosion-Hisui||ChoiceScarf|Blaze|Eruption,Flamethrower,ShadowBall,LavaPlume|||F|||50|,,,,,Fire
|inactive|Battle timer is ON: inactive players will automatically lose when time's up. (requested by sig.kire)
|c|☆sig.kire|glhf
|
|t:|1757739216
|teamsize|p1|4
|teamsize|p2|4
|start
|switch|p1a: Indeedee|Indeedee, L50, M|100/100
|switch|p1b: Sneasler|Sneasler, L50, F|100/100
|switch|p2a: Weezing|Weezing-Galar, L50, F|100/100
|switch|p2b: Big Boss|Dragonite, L50, F, shiny|100/100
|-ability|p2a: Weezing|Neutralizing Gas
|turn|1
|
|t:|1757739240
|move|p2a: Weezing|Protect|p2a: Weezing
|-singleturn|p2a: Weezing|Protect
|move|p1a: Indeedee|Expanding Force|p2a: Weezing
|-activate|p2a: Weezing|move: Protect
|move|p1b: Sneasler|Dire Claw|p2b: Big Boss
|-damage|p2b: Big Boss|61/100
|move|p2b: Big Boss|Tailwind|p2b: Big Boss
|-sidestart|p2: Sincubii|move: Tailwind
|
|upkeep
|turn|2
|inactive|Sincubii has 30 seconds left.
|inactive|Sincubii has 20 seconds left.
|
|t:|1757739279
|-terastallize|p2a: Weezing|Fire
|move|p1a: Indeedee|Expanding Force|p2a: Weezing
|-damage|p2a: Weezing|52/100
|move|p2b: Big Boss|Scale Shot|p1b: Sneasler
|-damage|p1b: Sneasler|77/100
|-damage|p1b: Sneasler|51/100
|-damage|p1b: Sneasler|27/100
|-damage|p1b: Sneasler|2/100
|-damage|p1b: Sneasler|0 fnt
|faint|p1b: Sneasler
|-hitcount|p1: Sneasler|5
|-unboost|p2b: Big Boss|def|1
|-boost|p2b: Big Boss|spe|1
|move|p2a: Weezing|Strange Steam|p1a: Indeedee
|-damage|p1a: Indeedee|63/100
|
|upkeep
|
|t:|1757739286
|switch|p1b: Volcarona|Volcarona, L50, F|100/100
|turn|3
|inactive|Sincubii has 30 seconds left.
|
|t:|1757739312
|move|p1b: Volcarona|Rage Powder|p1b: Volcarona
|-singleturn|p1b: Volcarona|move: Rage Powder
|move|p2b: Big Boss|Iron Head|p1b: Volcarona
|-resisted|p1b: Volcarona
|-damage|p1b: Volcarona|86/100
|move|p1a: Indeedee|Expanding Force|p2b: Big Boss
|-damage|p2b: Big Boss|25/100
|move|p2a: Weezing|Taunt|p1b: Volcarona
|-start|p1b: Volcarona|move: Taunt
|
|upkeep
|turn|4
|
|t:|1757739328
|-terastallize|p1a: Indeedee|Psychic
|move|p2b: Big Boss|Scale Shot|p1a: Indeedee
|-damage|p1a: Indeedee|30/100
|-damage|p1a: Indeedee|0 fnt
|faint|p1a: Indeedee
|-hitcount|p1: Indeedee|2
|-unboost|p2b: Big Boss|def|1
|-boost|p2b: Big Boss|spe|1
|move|p2a: Weezing|Strange Steam|p1b: Volcarona
|-resisted|p1b: Volcarona
|-damage|p1b: Volcarona|75/100
|-start|p1b: Volcarona|confusion
|-activate|p1b: Volcarona|confusion
|move|p1b: Volcarona|Overheat|p2b: Big Boss
|-resisted|p2b: Big Boss
|-damage|p2b: Big Boss|0 fnt
|-unboost|p1b: Volcarona|spa|2
|faint|p2b: Big Boss
|
|-sideend|p2: Sincubii|move: Tailwind
|upkeep
|
|t:|1757739342
|switch|p1a: Corviknight|Corviknight, L50, F|100/100
|switch|p2b: Typhlosion|Typhlosion-Hisui, L50, F|100/100
|turn|5
|
|t:|1757739360
|move|p2b: Typhlosion|Eruption|p1a: Corviknight|[spread] p1a,p1b
|-supereffective|p1a: Corviknight
|-damage|p1a: Corviknight|9/100
|-damage|p1b: Volcarona|34/100
|-enditem|p1a: Corviknight|Sitrus Berry|[eat]
|-heal|p1a: Corviknight|34/100|[from] item: Sitrus Berry
|-activate|p1b: Volcarona|confusion
|move|p1b: Volcarona|Overheat|p2b: Typhlosion
|-resisted|p2b: Typhlosion
|-damage|p2b: Typhlosion|82/100
|-unboost|p1b: Volcarona|spa|2
|move|p1a: Corviknight|Body Press|p2a: Weezing
|-damage|p2a: Weezing|38/100
|move|p2a: Weezing|Strange Steam|p1b: Volcarona
|-resisted|p1b: Volcarona
|-damage|p1b: Volcarona|23/100
|
|upkeep
|turn|6
|inactive|Sincubii has 30 seconds left.
|
|t:|1757739388
|move|p2b: Typhlosion|Eruption|p1a: Corviknight|[spread] p1a,p1b
|-supereffective|p1a: Corviknight
|-damage|p1a: Corviknight|0 fnt
|-damage|p1b: Volcarona|0 fnt
|faint|p1a: Corviknight
|faint|p1b: Volcarona
|
|win|Sincubii
||sig.kire is ready for game 2.
|l|☆Sincubii
|player|p2|
|inactive|Sincubii has 30 seconds to confirm battle start!
||Sincubii is ready for game 2.
|uhtml|next|Next: Game 2 of 3
