|j|☆laufey#1fan
|j|☆certified urgl
|html|laufey#1fancertified urgl    
|uhtml|bestof|Game 3 of a best-of-3
|t:|1754781360
|gametype|doubles
|player|p1|laufey#1fan|lady|1357
|player|p2|certified urgl|102|1253
|gen|9
|tier|[Gen 9] VGC 2025 Reg H (Bo3)
|rated|
|rule|Species Clause: Limit one of each Pokémon
|rule|Item Clause: Limit 1 of each item
|clearpoke
|poke|p1|Garchomp, L50, F|
|poke|p1|Dragonite, L50, M|
|poke|p1|Ninetales-Alola, L50, F|
|poke|p1|Amoonguss, L50, M|
|poke|p1|Kingambit, L50, M|
|poke|p1|Arcanine-Hisui, L50, M|
|poke|p2|Volcarona, L50, F|
|poke|p2|Sneasler, L50, M|
|poke|p2|Dragapult, L50, F|
|poke|p2|Electabuzz, L50, M|
|poke|p2|Primarina, L50, F|
|poke|p2|Rillaboom, L50, F|
|teampreview|4
|showteam|p1|Garchomp||LifeOrb|RoughSkin|StompingTantrum,Protect,DragonClaw,Earthquake|||F|||50|,,,,,Fire]Dragonite||LoadedDice|Multiscale|ScaleShot,Haze,IceSpinner,Protect|||M|||50|,,,,,Fairy]Ninetales-Alola||FocusSash|SnowWarning|FreezeDry,Encore,Protect,Blizzard|||F|||50|,,,,,Ghost]Amoonguss||SitrusBerry|Regenerator|PollenPuff,Protect,RagePowder,Spore|||M|||50|,,,,,Psychic]Kingambit||AssaultVest|Defiant|KowtowCleave,LowKick,IronHead,SuckerPunch|||M|||50|,,,,,Flying]Arcanine-Hisui||MirrorHerb|Intimidate|Protect,RockSlide,FlareBlitz,ExtremeSpeed|||M|||50|,,,,,Grass
|showteam|p2|Volcarona||Leftovers|FlameBody|QuiverDance,Flamethrower,GigaDrain,Protect|||F|||50|,,,,,Grass]Sneasler||FocusSash|PoisonTouch|CloseCombat,DireClaw,FakeOut,Protect|||M|||50|,,,,,Stellar]Dragapult||ChoiceBand|ClearBody|DragonDarts,Outrage,Uturn,PhantomForce|||F|||50|,,,,,Dragon]Electabuzz||Eviolite|VitalSpirit|FollowMe,Taunt,Electroweb,Protect|||M|||50|,,,,,Fairy]Primarina||ThroatSpray|LiquidVoice|HyperVoice,Moonblast,Haze,Protect|||F|||50|,,,,,Steel]Rillaboom||AssaultVest|GrassySurge|WoodHammer,GrassyGlide,FakeOut,Uturn|||F|||50|,,,,,Fire
|inactive|Battle timer is ON: inactive players will automatically lose when time's up. (requested by certified urgl)
|inactive|laufey#1fan has 60 seconds left.
|inactive|certified urgl has 60 seconds left.
|inactive|certified urgl has 30 seconds left.
|
|t:|1754781428
|teamsize|p1|4
|teamsize|p2|4
|start
|switch|p1a: JOYBOY|Dragonite, L50, M|100/100
|switch|p1b: Jeffina|Garchomp, L50, F, shiny|100/100
|switch|p2a: Rillaboom|Rillaboom, L50, F|100/100
|switch|p2b: Volcarona|Volcarona, L50, F|100/100
|-fieldstart|move: Grassy Terrain|[from] ability: Grassy Surge|[of] p2a: Rillaboom
|turn|1
|
|t:|1754781443
|-terastallize|p1b: Jeffina|Fire
|move|p2a: Rillaboom|Fake Out|p1a: JOYBOY
|-damage|p1a: JOYBOY|93/100
|move|p1b: Jeffina|Dragon Claw|p2b: Volcarona
|-damage|p2b: Volcarona|40/100
|-damage|p1b: Jeffina|91/100|[from] item: Life Orb
|move|p2b: Volcarona|Quiver Dance|p2b: Volcarona
|-boost|p2b: Volcarona|spa|1
|-boost|p2b: Volcarona|spd|1
|-boost|p2b: Volcarona|spe|1
|cant|p1a: JOYBOY|flinch
|
|-heal|p2b: Volcarona|46/100|[from] Grassy Terrain
|-heal|p2b: Volcarona|52/100|[from] item: Leftovers
|-heal|p1b: Jeffina|97/100|[from] Grassy Terrain
|upkeep
|turn|2
|
|t:|1754781463
|move|p2b: Volcarona|Protect|p2b: Volcarona
|-singleturn|p2b: Volcarona|Protect
|move|p1b: Jeffina|Dragon Claw|p2a: Rillaboom
|-damage|p2a: Rillaboom|47/100
|-damage|p1b: Jeffina|87/100|[from] item: Life Orb
|move|p1a: JOYBOY|Haze|p1a: JOYBOY
|-clearallboost
|move|p2a: Rillaboom|U-turn|p1a: JOYBOY
|-resisted|p1a: JOYBOY
|-damage|p1a: JOYBOY|80/100
|
|t:|1754781474
|switch|p2a: Primarina|Primarina, L50, F|100/100|[from] U-turn
|
|-heal|p1b: Jeffina|93/100|[from] Grassy Terrain
|-heal|p2b: Volcarona|58/100|[from] Grassy Terrain
|-heal|p2b: Volcarona|65/100|[from] item: Leftovers
|upkeep
|turn|3
|
|t:|1754781493
|move|p1a: JOYBOY|Protect|p1a: JOYBOY
|-singleturn|p1a: JOYBOY|Protect
|move|p1b: Jeffina|Dragon Claw|p2b: Volcarona
|-damage|p2b: Volcarona|7/100
|-damage|p1b: Jeffina|83/100|[from] item: Life Orb
|move|p2b: Volcarona|Flamethrower|p1a: JOYBOY
|-activate|p1a: JOYBOY|move: Protect
|move|p2a: Primarina|Hyper Voice|p1b: Jeffina|[spread] p1b
|-activate|p1a: JOYBOY|move: Protect
|-supereffective|p1b: Jeffina
|-damage|p1b: Jeffina|5/100
|-enditem|p2a: Primarina|Throat Spray
|-boost|p2a: Primarina|spa|1|[from] item: Throat Spray
|
|-heal|p1b: Jeffina|11/100|[from] Grassy Terrain
|-heal|p2b: Volcarona|14/100|[from] Grassy Terrain
|-heal|p2b: Volcarona|20/100|[from] item: Leftovers
|upkeep
|turn|4
|inactive|laufey#1fan has 30 seconds left.
|inactive|laufey#1fan has 20 seconds left.
|inactive|certified urgl has 30 seconds left.
|inactive|laufey#1fan has 15 seconds left.
|
|t:|1754781537
|move|p2b: Volcarona|Protect|p2b: Volcarona
|-singleturn|p2b: Volcarona|Protect
|move|p1b: Jeffina|Stomping Tantrum|p2a: Primarina
|-damage|p2a: Primarina|40/100
|-damage|p1b: Jeffina|1/100|[from] item: Life Orb
|move|p1a: JOYBOY|Haze|p1a: JOYBOY
|-clearallboost
|move|p2a: Primarina|Hyper Voice|p1a: JOYBOY|[spread] p1a,p1b
|-resisted|p1a: JOYBOY
|-supereffective|p1b: Jeffina
|-damage|p1a: JOYBOY|62/100
|-damage|p1b: Jeffina|0 fnt
|faint|p1b: Jeffina
|
|-heal|p2b: Volcarona|26/100|[from] Grassy Terrain
|-heal|p2b: Volcarona|32/100|[from] item: Leftovers
|-heal|p2a: Primarina|45/100|[from] Grassy Terrain
|upkeep
|
|t:|1754781552
|switch|p1b: Kingambit|Kingambit, L50, M|100/100
|turn|5
|
|t:|1754781572
|move|p2b: Volcarona|Flamethrower|p1b: Kingambit
|-supereffective|p1b: Kingambit
|-damage|p1b: Kingambit|33/100
|move|p1a: JOYBOY|Scale Shot|p2b: Volcarona
|-damage|p2b: Volcarona|16/100
|-damage|p2b: Volcarona|0 fnt
|faint|p2b: Volcarona
|-hitcount|p2: Volcarona|2
|-unboost|p1a: JOYBOY|def|1
|-boost|p1a: JOYBOY|spe|1
|move|p2a: Primarina|Moonblast|p1a: JOYBOY
|-supereffective|p1a: JOYBOY
|-damage|p1a: JOYBOY|0 fnt
|faint|p1a: JOYBOY
|move|p1b: Kingambit|Iron Head|p2a: Primarina
|-crit|p2a: Primarina
|-damage|p2a: Primarina|0 fnt
|faint|p2a: Primarina
|
|-heal|p1b: Kingambit|39/100|[from] Grassy Terrain
|-fieldend|move: Grassy Terrain
|upkeep
|
|t:|1754781591
|switch|p2b: Sneasler|Sneasler, L50, M|100/100
|switch|p1a: Maracas|Amoonguss, L50, M|100/100
|switch|p2a: Rillaboom|Rillaboom, L50, F|47/100
|-fieldstart|move: Grassy Terrain|[from] ability: Grassy Surge|[of] p2a: Rillaboom
|turn|6
|
|t:|1754781610
|move|p2a: Rillaboom|Fake Out|p1a: Maracas
|-damage|p1a: Maracas|88/100
|cant|p1a: Maracas|flinch
|move|p2b: Sneasler|Close Combat|p1b: Kingambit
|-supereffective|p1b: Kingambit
|-damage|p1b: Kingambit|0 fnt
|-unboost|p2b: Sneasler|def|1
|-unboost|p2b: Sneasler|spd|1
|faint|p1b: Kingambit
|
|-heal|p2a: Rillaboom|53/100|[from] Grassy Terrain
|-heal|p1a: Maracas|94/100|[from] Grassy Terrain
|upkeep
|turn|7
|
|t:|1754781623
|-terastallize|p2b: Sneasler|Stellar
|move|p2b: Sneasler|Dire Claw|p1a: Maracas
|-damage|p1a: Maracas|47/100
|-status|p1a: Maracas|slp
|-enditem|p1a: Maracas|Sitrus Berry|[eat]
|-heal|p1a: Maracas|71/100 slp|[from] item: Sitrus Berry
|move|p2a: Rillaboom|U-turn|p1a: Maracas
|-damage|p1a: Maracas|53/100 slp
|cant|p1a: Maracas|slp
|
|-heal|p2a: Rillaboom|59/100|[from] Grassy Terrain
|-heal|p1a: Maracas|59/100 slp|[from] Grassy Terrain
|upkeep
|turn|8
|-message|laufey#1fan forfeited.
|
|win|certified urgl
|raw|laufey#1fan's rating: 1357 → 1331(-26 for losing)
|raw|certified urgl's rating: 1253 → 1285(+32 for winning)
