|j|☆breakfast enjoyer
|j|☆digisoul4
|html|breakfast enjoyerdigisoul4    
|uhtml|bestof|Game 2 of a best-of-3
|t:|1785703388
|gametype|doubles
|player|p1|breakfast enjoyer|#rbtt9hoopers|
|player|p2|digisoul4|volkner|
|gen|9
|tier|[Gen 9 Champions] VGC 2026 Reg M-B (Bo3)
|rule|Species Clause: Limit one of each Pokémon
|rule|Item Clause: Limit 1 of each item
|clearpoke
|poke|p1|Gengar, L50, M|
|poke|p1|Tinkaton, L50, F|
|poke|p1|Incineroar, L50, M|
|poke|p1|Kingambit, L50, M|
|poke|p1|Altaria, L50, M|
|poke|p1|Annihilape, L50, F|
|poke|p2|Tyranitar, L50, F|
|poke|p2|Hydreigon, L50, M|
|poke|p2|Mimikyu, L50, M|
|poke|p2|Excadrill, L50, F|
|poke|p2|Corviknight, L50, F|
|poke|p2|Rotom-Wash, L50|
|teampreview|4
|showteam|p1|Gengar||Gengarite|CursedBody|ShadowBall,Disable,PerishSong,Protect|Timid||M|||50|]Tinkaton||ShucaBerry|MoldBreaker|GigatonHammer,FakeOut,Encore,Protect|Jolly||F|||50|]Incineroar||PasshoBerry|Intimidate|FlareBlitz,FakeOut,PartingShot,Protect|Relaxed||M|||50|]Kingambit||BlackGlasses|Defiant|KowtowCleave,SuckerPunch,SwordsDance,Protect|Adamant||M|||50|]Altaria||Leftovers|CloudNine|FireSpin,PerishSong,WillOWisp,Protect|Bold||M|||50|]Annihilape||ChoiceScarf|Defiant|CloseCombat,PhantomForce,IcePunch,Uturn|Adamant||F|||50|
|showteam|p2|Tyranitar||Tyranitarite|SandStream|KnockOff,RockSlide,Protect,LowKick|Adamant||F|||50|]Hydreigon||ChoiceScarf|Levitate|DracoMeteor,DarkPulse,HeatWave,Snarl|Modest||M|||50|]Mimikyu||FairyFeather|Disguise|ShadowSneak,ShadowClaw,PlayRough,Protect|Adamant||M|||50|]Excadrill||FocusSash|SandRush|RockSlide,IronHead,Earthquake,Protect|Adamant||F|||50|]Corviknight||Leftovers|MirrorArmor|BraveBird,BulkUp,Roost,Tailwind|Careful||F|||50|]Rotom-Wash||SitrusBerry|Levitate|Thunderbolt,HydroPump,WillOWisp,Protect|Modest|||||50|
|inactive|Battle timer is ON: inactive players will automatically lose when time's up. (requested by digisoul4)
|
|t:|1785703436
|teamsize|p1|4
|teamsize|p2|4
|start
|switch|p1a: Gengar|Gengar, L50, M|100/100
|switch|p1b: Tinkaton|Tinkaton, L50, F|100/100
|switch|p2a: Hydreigon|Hydreigon, L50, M|100/100
|switch|p2b: Corviknight|Corviknight, L50, F|100/100
|-ability|p1b: Tinkaton|Mold Breaker
|turn|1
|
|t:|1785703449
|switch|p2b: Mimikyu|Mimikyu, L50, M|100/100
|detailschange|p1a: Gengar|Gengar-Mega, L50, M
|-mega|p1a: Gengar|Gengar|Gengarite
|move|p1b: Tinkaton|Fake Out|p2a: Hydreigon
|-damage|p2a: Hydreigon|91/100
|cant|p2a: Hydreigon|flinch
|move|p1a: Gengar|Perish Song|p1a: Gengar
|-start|p1a: Gengar|perish3|[silent]
|-start|p1b: Tinkaton|perish3|[silent]
|-start|p2a: Hydreigon|perish3|[silent]
|-start|p2b: Mimikyu|perish3|[silent]
|-fieldactivate|move: Perish Song
|
|-start|p2a: Hydreigon|perish3
|-start|p1a: Gengar|perish3
|-start|p1b: Tinkaton|perish3
|-start|p2b: Mimikyu|perish3
|upkeep
|turn|2
|inactive|digisoul4 has 30 seconds left.
|inactive|digisoul4 has 20 seconds left.
|
|t:|1785703484
|switch|p1a: Incineroar|Incineroar, L50, M|100/100
|-ability|p1a: Incineroar|Intimidate|boost
|-unboost|p2a: Hydreigon|atk|1
|-unboost|p2b: Mimikyu|atk|1
|move|p2a: Hydreigon|Dark Pulse|p1a: Incineroar
|-resisted|p1a: Incineroar|1
|-damage|p1a: Incineroar|82/100
|move|p1b: Tinkaton|Gigaton Hammer|p2b: Mimikyu
|-supereffective|p2b: Mimikyu|1
|-damage|p2b: Mimikyu|0 fnt
|faint|p2b: Mimikyu
|
|-start|p2a: Hydreigon|perish2
|-start|p1b: Tinkaton|perish2
|upkeep
|
|t:|1785703500
|switch|p2b: Rotom|Rotom-Wash, L50|100/100
|turn|3
|
|t:|1785703516
|switch|p1b: Gengar|Gengar-Mega, L50, M|100/100
|move|p2a: Hydreigon|Dark Pulse|p1b: Gengar
|-supereffective|p1b: Gengar|1
|-damage|p1b: Gengar|13/100
|move|p2b: Rotom|Hydro Pump|p1a: Incineroar
|-supereffective|p1a: Incineroar|1
|-enditem|p1a: Incineroar|Passho Berry|[eat]
|-enditem|p1a: Incineroar|Passho Berry|[weaken]
|-damage|p1a: Incineroar|42/100
|move|p1a: Incineroar|Parting Shot|p2b: Rotom
|-unboost|p2b: Rotom|atk|1
|-unboost|p2b: Rotom|spa|1
|
|t:|1785703530
|switch|p1a: Tinkaton|Tinkaton, L50, F|100/100|[from] Parting Shot
|-ability|p1a: Tinkaton|Mold Breaker
|
|-start|p2a: Hydreigon|perish1
|upkeep
|turn|4
|
|t:|1785703543
|move|p1b: Gengar|Protect|p1b: Gengar
|-singleturn|p1b: Gengar|Protect
|move|p1a: Tinkaton|Protect|p1a: Tinkaton
|-singleturn|p1a: Tinkaton|Protect
|move|p2b: Rotom|Protect|p2b: Rotom
|-singleturn|p2b: Rotom|Protect
|move|p2a: Hydreigon|Dark Pulse|p1b: Gengar
|-activate|p1b: Gengar|move: Protect
|
|-start|p2a: Hydreigon|perish0
|faint|p2a: Hydreigon
|upkeep
|
|t:|1785703549
|switch|p2a: Corviknight|Corviknight, L50, F|100/100
|turn|5
|
|t:|1785703556
|move|p1b: Gengar|Perish Song|p1b: Gengar
|-start|p1a: Tinkaton|perish3|[silent]
|-start|p1b: Gengar|perish3|[silent]
|-start|p2a: Corviknight|perish3|[silent]
|-start|p2b: Rotom|perish3|[silent]
|-fieldactivate|move: Perish Song
|move|p1a: Tinkaton|Encore|p2b: Rotom
|-start|p2b: Rotom|Encore
|move|p2b: Rotom|Protect||[still]
|-fail|p2b: Rotom
|move|p2a: Corviknight|Brave Bird|p1b: Gengar
|-damage|p1b: Gengar|0 fnt
|faint|p1b: Gengar
|-damage|p2a: Corviknight|96/100|[from] Recoil
|
|-heal|p2a: Corviknight|100/100|[from] item: Leftovers
|-start|p1a: Tinkaton|perish3
|-start|p2b: Rotom|perish3
|-start|p2a: Corviknight|perish3
|upkeep
|
|t:|1785703565
|switch|p1b: Incineroar|Incineroar, L50, M|42/100
|-ability|p1b: Incineroar|Intimidate|boost
|-ability|p2a: Corviknight|Mirror Armor
|-unboost|p1b: Incineroar|atk|1
|-unboost|p2b: Rotom|atk|1
|turn|6
|
|t:|1785703582
|switch|p1a: Annihilape|Annihilape, L50, F|100/100
|move|p2b: Rotom|Protect|p2b: Rotom
|-singleturn|p2b: Rotom|Protect
|move|p1b: Incineroar|Fake Out|p2a: Corviknight
|-resisted|p2a: Corviknight|1
|-damage|p2a: Corviknight|97/100
|cant|p2a: Corviknight|flinch
|
|-heal|p2a: Corviknight|100/100|[from] item: Leftovers
|-start|p2b: Rotom|perish2
|-start|p2a: Corviknight|perish2
|upkeep
|turn|7
|
|t:|1785703593
|move|p2b: Rotom|Protect||[still]
|-fail|p2b: Rotom
|move|p1b: Incineroar|Protect|p1b: Incineroar
|-singleturn|p1b: Incineroar|Protect
|move|p1a: Annihilape|Phantom Force||[still]
|-prepare|p1a: Annihilape|Phantom Force
|move|p2a: Corviknight|Brave Bird|p1a: Annihilape|[miss]
|-miss|p2a: Corviknight|p1a: Annihilape
|
|-end|p2b: Rotom|Encore
|-start|p2b: Rotom|perish1
|-start|p2a: Corviknight|perish1
|upkeep
|turn|8
|c|☆digisoul4|wow
|c|☆digisoul4|i got destroyed lol
|c|☆digisoul4|ggs
|c|☆breakfast enjoyer|ggs
|
|t:|1785703609
|switch|p1b: Tinkaton|Tinkaton, L50, F|100/100
|-ability|p1b: Tinkaton|Mold Breaker
|move|p1a: Annihilape|Phantom Force|p2a: Corviknight|[from] lockedmove
|-damage|p2a: Corviknight|60/100
|move|p2b: Rotom|Hydro Pump|p1a: Annihilape
|-damage|p1a: Annihilape|65/100
|move|p2a: Corviknight|Brave Bird|p1b: Tinkaton
|-resisted|p1b: Tinkaton|1
|-damage|p1b: Tinkaton|76/100
|-damage|p2a: Corviknight|53/100|[from] Recoil
|
|-heal|p2a: Corviknight|59/100|[from] item: Leftovers
|-start|p2b: Rotom|perish0
|-start|p2a: Corviknight|perish0
|upkeep
|faint|p2b: Rotom
|faint|p2a: Corviknight
|
|win|breakfast enjoyer
|c|☆breakfast enjoyer|yeah i think you needed to play into ttar more
|c|☆breakfast enjoyer|which is tough bc ape
|c|☆digisoul4|tbh first time on this matchup xd
|c|☆digisoul4|didnt know what to do
|c|☆breakfast enjoyer|all g
|c|☆breakfast enjoyer|gl in future tours
|c|☆digisoul4|thnks g
|c|☆digisoul4|gg
|l|☆digisoul4
|player|p2|
