|j|☆eklyst
|j|☆x5414
|html|eklystx5414    
|uhtml|bestof|Game 2 of a best-of-3
|t:|1782452561
|gametype|doubles
|player|p1|eklyst|pokemaniac|1188
|player|p2|x5414|102|1320
|gen|9
|tier|[Gen 9 Champions] VGC 2026 Reg M-B (Bo3)
|rated|
|rule|Species Clause: Limit one of each Pokémon
|rule|Item Clause: Limit 1 of each item
|clearpoke
|poke|p1|Metagross, L50|
|poke|p1|Annihilape, L50, F|
|poke|p1|Garchomp, L50, F|
|poke|p1|Whimsicott, L50, M|
|poke|p1|Arcanine-Hisui, L50, M|
|poke|p1|Kingambit, L50, F|
|poke|p2|Pelipper, L50, F|
|poke|p2|Basculegion, L50, M|
|poke|p2|Incineroar, L50, F|
|poke|p2|Raichu, L50, M|
|poke|p2|Scizor, L50, M|
|poke|p2|Sinistcha, L50|
|teampreview|4
|showteam|p1|Metagross||Metagrossite|ClearBody|BulletPunch,PsychicFangs,IronHead,Protect|Adamant|||||50|]Annihilape||Leftovers|Defiant|RageFist,DrainPunch,BulkUp,Protect|Adamant||F|||50|]Garchomp||LifeOrb|RoughSkin|RockSlide,StompingTantrum,DragonClaw,Protect|Jolly||F|||50|]Whimsicott||FocusSash|Prankster|Moonblast,Tailwind,Encore,BeatUp|Timid||M|||50|]Arcanine-Hisui||ChoiceScarf|RockHead|HeadSmash,FlareBlitz,RockSlide,ExtremeSpeed|Adamant||M|||50|]Kingambit||BlackGlasses|Defiant|KowtowCleave,SuckerPunch,SwordsDance,Protect|Brave||F|||50|
|showteam|p2|Pelipper||FocusSash|Drizzle|Hurricane,Tailwind,WeatherBall,Protect|Timid||F|||50|]Basculegion||ChoiceScarf|Adaptability|FlipTurn,LastRespects,WaveCrash,AquaJet|Jolly||M|||50|]Incineroar||SitrusBerry|Intimidate|FlareBlitz,PartingShot,FakeOut,DarkestLariat|Relaxed||F|||50|]Raichu||RaichuniteY|LightningRod|Encore,FocusBlast,ZapCannon,Protect|Timid||M|||50|]Scizor||Leftovers|Technician|Curse,Protect,BugBite,BulletPunch|Adamant||M|||50|]Sinistcha||OccaBerry|Hospitality|MatchaGotcha,RagePowder,TrickRoom,LifeDew|Sassy|||||50|
|inactive|Battle timer is ON: inactive players will automatically lose when time's up. (requested by eklyst)
|
|t:|1782452590
|teamsize|p1|4
|teamsize|p2|4
|start
|switch|p1a: Whimsicott|Whimsicott, L50, M|100/100
|switch|p1b: Annihilape|Annihilape, L50, F|100/100
|switch|p2a: Pelipper|Pelipper, L50, F|100/100
|switch|p2b: Basculegion|Basculegion, L50, M|100/100
|-weather|RainDance|[from] ability: Drizzle|[of] p2a: Pelipper
|turn|1
|
|t:|1782452600
|move|p1b: Annihilape|Protect|p1b: Annihilape
|-singleturn|p1b: Annihilape|Protect
|move|p1a: Whimsicott|Tailwind|p1a: Whimsicott
|-sidestart|p1: eklyst|move: Tailwind
|move|p2b: Basculegion|Flip Turn|p1a: Whimsicott
|-resisted|p1a: Whimsicott|1
|-damage|p1a: Whimsicott|57/100
|
|t:|1782452607
|switch|p2b: Raichu|Raichu, L50, M|100/100|[from] Flip Turn
|move|p2a: Pelipper|Tailwind|p2a: Pelipper
|-sidestart|p2: x5414|move: Tailwind
|
|-weather|RainDance|[upkeep]
|upkeep
|turn|2
|
|t:|1782452631
|switch|p2a: Basculegion|Basculegion, L50, M|100/100
|switch|p1b: Garchomp|Garchomp, L50, F|100/100
|detailschange|p2b: Raichu|Raichu-Mega-Y, L50, M
|-mega|p2b: Raichu|Raichu|Raichunite Y
|move|p2b: Raichu|Focus Blast|p1b: Garchomp
|-damage|p1b: Garchomp|49/100
|move|p1a: Whimsicott|Moonblast|p2b: Raichu
|-damage|p2b: Raichu|47/100
|
|-weather|RainDance|[upkeep]
|upkeep
|turn|3
|inactive|eklyst has 30 seconds left.
|
|t:|1782452657
|move|p2a: Basculegion|Wave Crash|p1a: Whimsicott
|-resisted|p1a: Whimsicott|1
|-damage|p1a: Whimsicott|0 fnt
|faint|p1a: Whimsicott
|-damage|p2a: Basculegion|86/100|[from] Recoil
|move|p2b: Raichu|Focus Blast|p1b: Garchomp
|-damage|p1b: Garchomp|0 fnt
|faint|p1b: Garchomp
|
|-weather|RainDance|[upkeep]
|upkeep
|
|t:|1782452666
|switch|p1a: Kingambit|Kingambit, L50, F|100/100
|switch|p1b: Annihilape|Annihilape, L50, F|100/100
|turn|4
|
|t:|1782452678
|move|p1a: Kingambit|Sucker Punch|p2a: Basculegion
|-supereffective|p2a: Basculegion|1
|-damage|p2a: Basculegion|0 fnt
|faint|p2a: Basculegion
|move|p2b: Raichu|Focus Blast|p1a: Kingambit
|-supereffective|p1a: Kingambit|2
|-damage|p1a: Kingambit|0 fnt
|faint|p1a: Kingambit
|move|p1b: Annihilape|Rage Fist|p2b: Raichu
|-damage|p2b: Raichu|1/100
|
|-weather|RainDance|[upkeep]
|-sideend|p2: x5414|move: Tailwind
|-sideend|p1: eklyst|move: Tailwind
|upkeep
|
|t:|1782452683
|switch|p2a: Pelipper|Pelipper, L50, F|100/100
|turn|5
|
|t:|1782452695
|move|p2b: Raichu|Zap Cannon|p1b: Annihilape
|-damage|p1b: Annihilape|29/100
|-status|p1b: Annihilape|par
|move|p2a: Pelipper|Hurricane|p1b: Annihilape
|-supereffective|p1b: Annihilape|1
|-damage|p1b: Annihilape|0 fnt
|faint|p1b: Annihilape
|
|win|x5414
||x5414 is ready for game 3.
||x5414 is ready for game 3.
||eklyst is ready for game 3.
|uhtml|next|Next: Game 3 of 3
|l|☆x5414
|player|p2|
