|j|☆NoiceDynamite
|j|☆Wesrui
|html|NoiceDynamiteWesrui    
|uhtml|bestof|Game 3 of a best-of-3
|t:|1757817629
|gametype|doubles
|player|p1|NoiceDynamite|cynthia|1079
|player|p2|Wesrui|silver|1068
|gen|9
|tier|[Gen 9] VGC 2025 Reg H (Bo3)
|rated|
|rule|Species Clause: Limit one of each Pokémon
|rule|Item Clause: Limit 1 of each item
|clearpoke
|poke|p1|Garchomp, L50, F|
|poke|p1|Gholdengo, L50|
|poke|p1|Weezing-Galar, L50, F|
|poke|p1|Talonflame, L50, M|
|poke|p1|Archaludon, L50, M|
|poke|p1|Annihilape, L50, M|
|poke|p2|Ninetales-Alola, L50, M|
|poke|p2|Kommo-o, L50, M|
|poke|p2|Arcanine-Hisui, L50, M|
|poke|p2|Basculegion, L50, M|
|poke|p2|Kingambit, L50, M|
|poke|p2|Rillaboom, L50, F|
|teampreview|4
|showteam|p1|Garchomp||LifeOrb|RoughSkin|DragonClaw,Earthquake,StompingTantrum,Protect|||F|||50|,,,,,Ground]Gholdengo||ChoiceSpecs|GoodasGold|DazzlingGleam,ShadowBall,PowerGem,MakeItRain||||||50|,,,,,Fairy]Weezing-Galar||FocusSash|NeutralizingGas|Protect,SludgeBomb,StrangeSteam,Taunt|||F|||50|,,,,,Flying]Talonflame||CovertCloak|GaleWings|Tailwind,DualWingbeat,WillOWisp,FlareBlitz|||M|||50|,,,,,Stellar]Archaludon||PowerHerb|Sturdy|ElectroShot,Thunderbolt,DracoMeteor,Protect|||M|||50|,,,,,Electric]Annihilape||AssaultVest|Defiant|CloseCombat,RageFist,FinalGambit,IcePunch|||M|||50|,,,,,Grass
|showteam|p2|Ninetales-Alola||FocusSash|SnowWarning|Blizzard,Encore,IcyWind,AuroraVeil|||M|||50|,,,,,Ghost]Kommo-o||ThroatSpray|Overcoat|ClangingScales,Flamethrower,ClangorousSoul,Protect|||M|||50|,,,,,Fire]Arcanine-Hisui||ChoiceBand|Intimidate|FlareBlitz,RockSlide,ExtremeSpeed,HeadSmash|||M|||50|,,,,,Ghost]Basculegion||ChoiceScarf|Adaptability|WaveCrash,LastRespects,FlipTurn,AquaJet|||M|||50|,,,,,Water]Kingambit||AssaultVest|Defiant|SuckerPunch,KowtowCleave,LowKick,IronHead|||M|||50|,,,,,Water]Rillaboom||MiracleSeed|GrassySurge|GrassyGlide,WoodHammer,FakeOut,Taunt|||F|||50|,,,,,Grass
|inactive|Battle timer is ON: inactive players will automatically lose when time's up. (requested by Wesrui)
|inactive|Wesrui has 60 seconds left.
|
|t:|1757817681
|teamsize|p1|4
|teamsize|p2|4
|start
|switch|p1a: Garchomp|Garchomp, L50, F|100/100
|switch|p1b: Weezing|Weezing-Galar, L50, F|100/100
|switch|p2a: Kingambit|Kingambit, L50, M, shiny|100/100
|switch|p2b: Basculegion|Basculegion, L50, M, shiny|100/100
|-ability|p1b: Weezing|Neutralizing Gas
|turn|1
|inactive|Wesrui has 30 seconds left.
|inactive|Wesrui has 20 seconds left.
|
|t:|1757817716
|-terastallize|p2a: Kingambit|Water
|move|p1b: Weezing|Protect|p1b: Weezing
|-singleturn|p1b: Weezing|Protect
|move|p2b: Basculegion|Flip Turn|p1b: Weezing
|-activate|p1b: Weezing|move: Protect
|move|p1a: Garchomp|Earthquake|p2a: Kingambit|[spread] p2a,p2b
|-activate|p1b: Weezing|move: Protect
|-damage|p2a: Kingambit|65/100
|-damage|p2b: Basculegion|29/100
|-damage|p1a: Garchomp|91/100|[from] item: Life Orb
|move|p2a: Kingambit|Iron Head|p1b: Weezing
|-activate|p1b: Weezing|move: Protect
|
|upkeep
|turn|2
|inactive|NoiceDynamite has 30 seconds left.
|inactive|NoiceDynamite has 20 seconds left.
|
|t:|1757817756
|-terastallize|p1b: Weezing|Flying
|move|p2b: Basculegion|Flip Turn|p1b: Weezing
|-damage|p1b: Weezing|68/100
|
|t:|1757817772
|switch|p2b: Ninetales|Ninetales-Alola, L50, M, shiny|100/100|[from] Flip Turn
|move|p1a: Garchomp|Earthquake|p2a: Kingambit|[spread] p2a,p2b
|-immune|p1b: Weezing
|-damage|p2a: Kingambit|23/100
|-damage|p2b: Ninetales|21/100
|-damage|p1a: Garchomp|81/100|[from] item: Life Orb
|move|p1b: Weezing|Sludge Bomb|p2a: Kingambit
|-damage|p2a: Kingambit|0 fnt
|faint|p2a: Kingambit
|
|upkeep
|
|t:|1757817780
|switch|p2a: Basculegion|Basculegion, L50, M, shiny|29/100
|turn|3
|
|t:|1757817793
|move|p2a: Basculegion|Last Respects|p1a: Garchomp
|-damage|p1a: Garchomp|30/100
|move|p2b: Ninetales|Icy Wind|p1a: Garchomp|[spread] p1a,p1b
|-supereffective|p1a: Garchomp
|-supereffective|p1b: Weezing
|-damage|p1a: Garchomp|0 fnt
|-damage|p1b: Weezing|17/100
|-unboost|p1b: Weezing|spe|1
|faint|p1a: Garchomp
|move|p1b: Weezing|Sludge Bomb|p2a: Basculegion
|-resisted|p2a: Basculegion
|-damage|p2a: Basculegion|9/100
|
|upkeep
|
|t:|1757817804
|switch|p1a: Archaludon|Archaludon, L50, M|100/100
|turn|4
|j| Trestkon
|inactive|NoiceDynamite has 30 seconds left.
|inactive|Wesrui has 30 seconds left.
|
|t:|1757817837
|move|p1b: Weezing|Protect|p1b: Weezing
|-singleturn|p1b: Weezing|Protect
|move|p2a: Basculegion|Last Respects|p1b: Weezing
|-activate|p1b: Weezing|move: Protect
|move|p2b: Ninetales|Aurora Veil||[still]
|-fail|p2b: Ninetales
|move|p1a: Archaludon|Electro Shot||[still]
|-prepare|p1a: Archaludon|Electro Shot
|-boost|p1a: Archaludon|spa|1
|-enditem|p1a: Archaludon|Power Herb
|-anim|p1a: Archaludon|Electro Shot|p2b: Ninetales
|-damage|p2b: Ninetales|0 fnt
|faint|p2b: Ninetales
|
|upkeep
|
|t:|1757817839
|switch|p2b: Kommo-o|Kommo-o, L50, M|100/100
|turn|5
|
|t:|1757817857
|move|p2b: Kommo-o|Protect|p2b: Kommo-o
|-singleturn|p2b: Kommo-o|Protect
|move|p2a: Basculegion|Last Respects|p1b: Weezing
|-damage|p1b: Weezing|0 fnt
|faint|p1b: Weezing
|-end|p1b: Weezing|ability: Neutralizing Gas
|move|p1a: Archaludon|Draco Meteor|p2b: Kommo-o
|-activate|p2b: Kommo-o|move: Protect
|
|upkeep
|
|t:|1757817866
|switch|p1b: Annihilape|Annihilape, L50, M|100/100
|turn|6
|
|t:|1757817881
|move|p2a: Basculegion|Last Respects|p1b: Annihilape
|-supereffective|p1b: Annihilape
|-damage|p1b: Annihilape|0 fnt
|faint|p1b: Annihilape
|move|p1a: Archaludon|Thunderbolt|p2a: Basculegion
|-supereffective|p2a: Basculegion
|-damage|p2a: Basculegion|0 fnt
|faint|p2a: Basculegion
|move|p2b: Kommo-o|Clanging Scales|p1a: Archaludon
|-damage|p1a: Archaludon|14/100
|-unboost|p2b: Kommo-o|def|1
|-enditem|p2b: Kommo-o|Throat Spray
|-boost|p2b: Kommo-o|spa|1|[from] item: Throat Spray
|
|upkeep
|turn|7
|
|t:|1757817899
|move|p2b: Kommo-o|Protect|p2b: Kommo-o
|-singleturn|p2b: Kommo-o|Protect
|move|p1a: Archaludon|Draco Meteor|p2b: Kommo-o
|-activate|p2b: Kommo-o|move: Protect
|
|upkeep
|turn|8
|
|t:|1757817907
|move|p1a: Archaludon|Draco Meteor|p2b: Kommo-o
|-supereffective|p2b: Kommo-o
|-damage|p2b: Kommo-o|0 fnt
|-unboost|p1a: Archaludon|spa|2
|faint|p2b: Kommo-o
|
|win|NoiceDynamite
|raw|NoiceDynamite's rating: 1079 → 1106(+27 for winning)
|raw|Wesrui's rating: 1068 → 1048(-20 for losing)
