|j|☆Chelo.vgc
|j|☆a wonder year
|html|Chelo.vgca wonder year    
|uhtml|bestof|Game 2 of a best-of-3
|t:|1756999724
|gametype|doubles
|player|p1|Chelo.vgc|benga|
|player|p2|a wonder year|miku-fairy|
|gen|9
|tier|[Gen 9] VGC 2025 Reg H (Bo3)
|rule|Species Clause: Limit one of each Pokémon
|rule|Item Clause: Limit 1 of each item
|clearpoke
|poke|p1|Gholdengo, L50|
|poke|p1|Indeedee-F, L50, F|
|poke|p1|Armarouge, L50, F|
|poke|p1|Ursaluna, L50, M|
|poke|p1|Torkoal, L50, M|
|poke|p1|Lilligant-Hisui, L50, F|
|poke|p2|Annihilape, L50, M|
|poke|p2|Sinistcha, L50|
|poke|p2|Maushold-Four, L50|
|poke|p2|Klefki, L50, M|
|poke|p2|Ursaluna-Bloodmoon, L50, M|
|poke|p2|Dragonite, L50, F|
|teampreview|4
|showteam|p1|Gholdengo||WhiteHerb|GoodasGold|MakeItRain,Protect,Thunderbolt,ShadowBall||||||50|,,,,,Steel]Indeedee-F||SafetyGoggles|PsychicSurge|DazzlingGleam,HelpingHand,TrickRoom,FollowMe|||F|||50|,,,,,Fairy]Armarouge||LifeOrb|FlashFire|TrickRoom,ArmorCannon,ExpandingForce,Protect|||F|||50|,,,,,Grass]Ursaluna||FlameOrb|Guts|Protect,HeadlongRush,Earthquake,Facade|||M|||50|,,,,,Ghost]Torkoal||EjectButton|Drought|WeatherBall,Protect,EarthPower,Eruption|||M|||50|,,,,,Fire]Lilligant-Hisui||FocusSash|Chlorophyll|SleepPowder,LeafBlade,CloseCombat,AfterYou|||F|||50|,,,,,Ghost
|showteam|p2|Annihilape||Leftovers|Defiant|RageFist,DrainPunch,BulkUp,Protect|||M|||50|,,,,,Fire]Sinistcha||SitrusBerry|Hospitality|MatchaGotcha,RagePowder,StrengthSap,LifeDew||||||50|,,,,,Dark]Maushold-Four||SafetyGoggles|FriendGuard|FollowMe,BeatUp,Taunt,HelpingHand||||||50|,,,,,Ghost]Klefki||LightClay|Prankster|DazzlingGleam,Reflect,LightScreen,MistyTerrain|||M|||50|,,,,,Ghost]Ursaluna-Bloodmoon||AssaultVest|MindsEye|EarthPower,BloodMoon,HyperVoice,VacuumWave|||M|||50|,,,,,Normal]Dragonite||LoadedDice|InnerFocus|ScaleShot,Tailwind,Haze,Protect|||F|||50|,,,,,Fairy
|
|t:|1756999745
|teamsize|p1|4
|teamsize|p2|4
|start
|switch|p1a: turcool|Torkoal, L50, M|100/100
|switch|p1b: go to sleep|Lilligant-Hisui, L50, F, shiny|100/100
|switch|p2a: Another Disaster|Ursaluna-Bloodmoon, L50, M|100/100
|switch|p2b: JesusChristI’m26|Klefki, L50, M|100/100
|-weather|SunnyDay|[from] ability: Drought|[of] p1a: turcool
|turn|1
|
|t:|1756999769
|switch|p2a: Cousins|Maushold-Four, L50|100/100
|-terastallize|p1a: turcool|Fire
|move|p2b: JesusChristI’m26|Light Screen|p2b: JesusChristI’m26
|-sidestart|p2: a wonder year|move: Light Screen
|move|p1b: go to sleep|After You|p1a: turcool
|-activate|p1a: turcool|move: After You
|move|p1a: turcool|Eruption|p2b: JesusChristI’m26|[spread] p2a,p2b
|-supereffective|p2b: JesusChristI’m26
|-damage|p2a: Cousins|25/100
|-damage|p2b: JesusChristI’m26|0 fnt
|faint|p2b: JesusChristI’m26
|
|-weather|SunnyDay|[upkeep]
|upkeep
|
|t:|1756999775
|switch|p2b: Another Disaster|Ursaluna-Bloodmoon, L50, M|100/100
|turn|2
|
|t:|1756999787
|-terastallize|p2b: Another Disaster|Normal
|move|p2a: Cousins|Helping Hand|p2b: Another Disaster
|-singleturn|p2b: Another Disaster|Helping Hand|[of] p2a: Cousins
|move|p1b: go to sleep|After You|p1a: turcool
|-activate|p1a: turcool|move: After You
|move|p1a: turcool|Eruption|p2b: Another Disaster|[spread] p2a,p2b
|-damage|p2a: Cousins|0 fnt
|-damage|p2b: Another Disaster|68/100
|faint|p2a: Cousins
|move|p2b: Another Disaster|Hyper Voice|p1b: go to sleep|[spread] p1a,p1b
|-damage|p1a: turcool|7/100
|-enditem|p1b: go to sleep|Focus Sash
|-damage|p1b: go to sleep|1/100
|-enditem|p1a: turcool|Eject Button
|
|t:|1756999805
|switch|p1a: frenemy|Indeedee-F, L50, F|100/100
|-fieldstart|move: Psychic Terrain|[from] ability: Psychic Surge|[of] p1a: frenemy
|
|-weather|SunnyDay|[upkeep]
|upkeep
|
|t:|1756999808
|switch|p2a: 40 Hour Ride Home|Annihilape, L50, M|100/100
|turn|3
|
|t:|1756999819
|move|p1a: frenemy|Helping Hand|p1b: go to sleep
|-singleturn|p1b: go to sleep|Helping Hand|[of] p1a: frenemy
|move|p1b: go to sleep|Close Combat|p2b: Another Disaster
|-supereffective|p2b: Another Disaster
|-crit|p2b: Another Disaster
|-damage|p2b: Another Disaster|0 fnt
|-unboost|p1b: go to sleep|def|1
|-unboost|p1b: go to sleep|spd|1
|faint|p2b: Another Disaster
|move|p2a: 40 Hour Ride Home|Bulk Up|p2a: 40 Hour Ride Home
|-boost|p2a: 40 Hour Ride Home|atk|1
|-boost|p2a: 40 Hour Ride Home|def|1
|
|-weather|SunnyDay|[upkeep]
|upkeep
|turn|4
|c|☆a wonder year|well that didn’t work
|
|t:|1756999839
|move|p1b: go to sleep|Sleep Powder|p2a: 40 Hour Ride Home|[miss]
|-miss|p1b: go to sleep|p2a: 40 Hour Ride Home
|move|p2a: 40 Hour Ride Home|Drain Punch|p1a: frenemy
|-damage|p1a: frenemy|46/100
|move|p1a: frenemy|Trick Room|p1a: frenemy
|-fieldstart|move: Trick Room|[of] p1a: frenemy
|
|-weather|SunnyDay|[upkeep]
|upkeep
|turn|5
|
|t:|1756999865
|move|p1a: frenemy|Helping Hand|p1b: go to sleep
|-singleturn|p1b: go to sleep|Helping Hand|[of] p1a: frenemy
|move|p2a: 40 Hour Ride Home|Drain Punch|p1b: go to sleep
|-crit|p1b: go to sleep
|-damage|p1b: go to sleep|0 fnt
|faint|p1b: go to sleep
|
|-weather|none
|upkeep
|
|t:|1756999873
|switch|p1b: moggerman|Armarouge, L50, F, shiny|100/100
|turn|6
|
|t:|1756999879
|move|p1a: frenemy|Helping Hand|p1b: moggerman
|-singleturn|p1b: moggerman|Helping Hand|[of] p1a: frenemy
|move|p1b: moggerman|Expanding Force|p2a: 40 Hour Ride Home
|-supereffective|p2a: 40 Hour Ride Home
|-damage|p2a: 40 Hour Ride Home|0 fnt
|faint|p2a: 40 Hour Ride Home
|-damage|p1b: moggerman|91/100|[from] item: Life Orb
|
|win|Chelo.vgc
||Chelo.vgc is ready for game 3.
|inactive|a wonder year has 30 seconds to confirm battle start!
||a wonder year is ready for game 3.
|uhtml|next|Next: Game 3 of 3
|l|☆a wonder year
|player|p2|
