|j|☆bellytelevision
|j|☆Comeonbruv
|html|bellytelevisionComeonbruv    
|uhtml|bestof|Game 1 of a best-of-3
|t:|1785262196
|gametype|doubles
|player|p1|bellytelevision|biker|1141
|player|p2|Comeonbruv|hilbert-wonderlauncher|1143
|gen|9
|tier|[Gen 9 Champions] VGC 2026 Reg M-B (Bo3)
|rated|
|rule|Species Clause: Limit one of each Pokémon
|rule|Item Clause: Limit 1 of each item
|clearpoke
|poke|p1|Pelipper, L50, F|
|poke|p1|Grimmsnarl, L50, M|
|poke|p1|Charizard, L50, M|
|poke|p1|Venusaur, L50, F|
|poke|p1|Basculegion, L50, M|
|poke|p1|Archaludon, L50, M|
|poke|p2|Sceptile, L50, F|
|poke|p2|Infernape, L50, F|
|poke|p2|Blastoise, L50, M|
|poke|p2|Empoleon, L50, M|
|poke|p2|Venusaur, L50, F|
|poke|p2|Charizard, L50, M, shiny|
|teampreview|4
|showteam|p1|Pelipper||SitrusBerry|Drizzle|Hurricane,WeatherBall,Tailwind,WideGuard|Modest||F|||50|]Grimmsnarl||LightClay|Prankster|SpiritBreak,Reflect,LightScreen,PartingShot|Sassy||M|||50|]Charizard||CharizarditeY|Blaze|HeatWave,WeatherBall,SolarBeam,Protect|Modest||M|||50|]Venusaur||FocusSash|Chlorophyll|SludgeBomb,EarthPower,SleepPowder,Protect|Modest||F|||50|]Basculegion||ChoiceScarf|Adaptability|WaveCrash,LastRespects,FlipTurn,AquaJet|Jolly||M|||50|]Archaludon||Leftovers|Stamina|DragonPulse,FlashCannon,ElectroShot,Protect|Calm||M|||50|
|showteam|p2|Sceptile||WhiteHerb|Overgrow|LeafStorm,DragonPulse,Protect,Detect|Timid||F|||50|]Infernape||LifeOrb|IronFist|FakeOut,CloseCombat,Protect,FlareBlitz|Jolly||F|||50|]Blastoise||ShellBell|Torrent|WaterPulse,IceBeam,AuraSphere,DarkPulse|Modest||M|||50|]Empoleon||Leftovers|Competitive|HydroPump,FlashCannon,IcyWind,Protect|Modest||M|||50|]Venusaur||FocusSash|Chlorophyll|SludgeBomb,Protect,SleepPowder,GigaDrain|Modest||F|||50|]Charizard||CharizarditeY|Blaze|HeatWave,SolarBeam,Protect,Overheat|Timid||M|||50|
|inactive|Battle timer is ON: inactive players will automatically lose when time's up. (requested by Comeonbruv)
|inactive|bellytelevision has 60 seconds left.
|inactive|Comeonbruv has 60 seconds left.
|
|t:|1785262257
|teamsize|p1|4
|teamsize|p2|4
|start
|switch|p1a: Charizard|Charizard, L50, M|100/100
|switch|p1b: Grimmsnarl|Grimmsnarl, L50, M|100/100
|switch|p2a: El Padrino|Empoleon, L50, M|100/100
|switch|p2b: Mono|Infernape, L50, F|100/100
|turn|1
|
|t:|1785262281
|switch|p1b: Basculegion|Basculegion, L50, M|100/100
|detailschange|p1a: Charizard|Charizard-Mega-Y, L50, M
|-mega|p1a: Charizard|Charizard|Charizardite Y
|-weather|SunnyDay|[from] ability: Drought|[of] p1a: Charizard
|move|p1a: Charizard|Protect|p1a: Charizard
|-singleturn|p1a: Charizard|Protect
|move|p2b: Mono|Fake Out|p1b: Basculegion
|-immune|p1b: Basculegion
|move|p2a: El Padrino|Icy Wind|p1b: Basculegion|[spread] p1b
|-activate|p1a: Charizard|move: Protect
|-resisted|p1b: Basculegion|1
|-damage|p1b: Basculegion|92/100
|-unboost|p1b: Basculegion|spe|1
|
|-weather|SunnyDay|[upkeep]
|upkeep
|turn|2
|inactive|bellytelevision has 30 seconds left.
|inactive|Comeonbruv has 30 seconds left.
|
|t:|1785262315
|switch|p1b: Pelipper|Pelipper, L50, F|100/100
|-weather|RainDance|[from] ability: Drizzle|[of] p1b: Pelipper
|move|p2b: Mono|Protect|p2b: Mono
|-singleturn|p2b: Mono|Protect
|move|p1a: Charizard|Weather Ball|p2b: Mono
|-activate|p2b: Mono|move: Protect
|move|p2a: El Padrino|Icy Wind|p1a: Charizard|[spread] p1a,p1b
|-damage|p1a: Charizard|89/100
|-damage|p1b: Pelipper|82/100
|-unboost|p1a: Charizard|spe|1
|-unboost|p1b: Pelipper|spe|1
|
|-weather|RainDance|[upkeep]
|upkeep
|turn|3
|inactive|Comeonbruv has 30 seconds left.
|
|t:|1785262347
|switch|p2b: Gloria|Venusaur, L50, F|100/100
|move|p1b: Pelipper|Wide Guard|p1b: Pelipper
|-singleturn|p1b: Pelipper|Wide Guard
|move|p1a: Charizard|Weather Ball|p2b: Gloria
|-resisted|p2b: Gloria|1
|-damage|p2b: Gloria|64/100
|move|p2a: El Padrino|Icy Wind|p1a: Charizard|[spread] 
|-activate|p1a: Charizard|move: Wide Guard
|-activate|p1b: Pelipper|move: Wide Guard
|
|-weather|RainDance|[upkeep]
|upkeep
|turn|4
|inactive|Comeonbruv has 30 seconds left.
|
|t:|1785262374
|switch|p1a: Grimmsnarl|Grimmsnarl, L50, M|100/100
|move|p2b: Gloria|Sleep Powder|p1b: Pelipper
|-status|p1b: Pelipper|slp|[from] move: Sleep Powder
|move|p2a: El Padrino|Icy Wind|p1b: Pelipper|[spread] p1a,p1b
|-damage|p1a: Grimmsnarl|88/100
|-damage|p1b: Pelipper|67/100 slp
|-unboost|p1a: Grimmsnarl|spe|1
|-unboost|p1b: Pelipper|spe|1
|cant|p1b: Pelipper|slp
|
|-weather|RainDance|[upkeep]
|upkeep
|turn|5
|
|t:|1785262394
|switch|p2a: Mono|Infernape, L50, F|100/100
|move|p1a: Grimmsnarl|Light Screen|p1a: Grimmsnarl
|-sidestart|p1: bellytelevision|move: Light Screen
|move|p2b: Gloria|Sleep Powder|p1a: Grimmsnarl
|-status|p1a: Grimmsnarl|slp|[from] move: Sleep Powder
|cant|p1b: Pelipper|slp
|
|-weather|RainDance|[upkeep]
|upkeep
|turn|6
|
|t:|1785262417
|switch|p2a: Chorizo|Charizard, L50, M, shiny|100/100
|cant|p1a: Grimmsnarl|slp
|move|p2b: Gloria|Sludge Bomb|p1a: Grimmsnarl
|-supereffective|p1a: Grimmsnarl|1
|-damage|p1a: Grimmsnarl|39/100 slp
|-curestatus|p1b: Pelipper|slp|[msg]
|move|p1b: Pelipper|Hurricane|p2b: Gloria
|-supereffective|p2b: Gloria|1
|-damage|p2b: Gloria|0 fnt
|faint|p2b: Gloria
|
|-weather|none
|upkeep
|
|t:|1785262429
|switch|p2b: Mono|Infernape, L50, F|100/100
|turn|7
|
|t:|1785262438
|switch|p1b: Basculegion|Basculegion, L50, M|92/100
|detailschange|p2a: Chorizo|Charizard-Mega-Y, L50, M, shiny
|-mega|p2a: Chorizo|Charizard|Charizardite Y
|-weather|SunnyDay|[from] ability: Drought|[of] p2a: Chorizo
|move|p2b: Mono|Fake Out|p1b: Basculegion
|-immune|p1b: Basculegion
|cant|p1a: Grimmsnarl|slp
|move|p2a: Chorizo|Heat Wave|p1b: Basculegion|[spread] p1a,p1b
|-resisted|p1b: Basculegion|1
|-damage|p1a: Grimmsnarl|4/100 slp
|-damage|p1b: Basculegion|69/100
|-status|p1b: Basculegion|brn
|
|-weather|SunnyDay|[upkeep]
|-damage|p1b: Basculegion|63/100 brn|[from] brn
|upkeep
|turn|8
|inactive|Comeonbruv has 30 seconds left.
|
|t:|1785262465
|switch|p2a: El Padrino|Empoleon, L50, M|100/100
|switch|p1a: Pelipper|Pelipper, L50, F|67/100
|-weather|RainDance|[from] ability: Drizzle|[of] p1a: Pelipper
|move|p1b: Basculegion|Wave Crash|p2a: El Padrino
|-resisted|p2a: El Padrino|1
|-damage|p2a: El Padrino|74/100
|-damage|p1b: Basculegion|54/100 brn|[from] Recoil
|move|p2b: Mono|Flare Blitz|p1b: Basculegion
|-resisted|p1b: Basculegion|1
|-crit|p1b: Basculegion
|-damage|p1b: Basculegion|26/100 brn
|-damage|p2b: Mono|88/100|[from] Recoil
|-damage|p2b: Mono|78/100|[from] item: Life Orb
|
|-weather|RainDance|[upkeep]
|-heal|p2a: El Padrino|80/100|[from] item: Leftovers
|-damage|p1b: Basculegion|20/100y brn|[from] brn
|upkeep
|turn|9
|inactive|bellytelevision has 30 seconds left.
|
|t:|1785262491
|move|p2b: Mono|Protect|p2b: Mono
|-singleturn|p2b: Mono|Protect
|move|p1a: Pelipper|Wide Guard|p1a: Pelipper
|-singleturn|p1a: Pelipper|Wide Guard
|move|p1b: Basculegion|Wave Crash|p2b: Mono
|-activate|p2b: Mono|move: Protect
|move|p2a: El Padrino|Icy Wind|p1b: Basculegion|[spread] 
|-activate|p1a: Pelipper|move: Wide Guard
|-activate|p1b: Basculegion|move: Wide Guard
|
|-weather|RainDance|[upkeep]
|-heal|p2a: El Padrino|85/100|[from] item: Leftovers
|-damage|p1b: Basculegion|14/100 brn|[from] brn
|upkeep
|turn|10
|
|t:|1785262507
|switch|p2b: Chorizo|Charizard-Mega-Y, L50, M, shiny|100/100
|-weather|SunnyDay|[from] ability: Drought|[of] p2b: Chorizo
|move|p1a: Pelipper|Wide Guard|p1a: Pelipper
|-singleturn|p1a: Pelipper|Wide Guard
|move|p1b: Basculegion|Wave Crash|p2b: Chorizo
|-supereffective|p2b: Chorizo|1
|-damage|p2b: Chorizo|49/100
|-damage|p1b: Basculegion|1/100 brn|[from] Recoil
|move|p2a: El Padrino|Icy Wind|p1b: Basculegion|[spread] 
|-activate|p1a: Pelipper|move: Wide Guard
|-activate|p1b: Basculegion|move: Wide Guard
|
|-weather|SunnyDay|[upkeep]
|-heal|p2a: El Padrino|91/100|[from] item: Leftovers
|-damage|p1b: Basculegion|0 fnt|[from] brn
|faint|p1b: Basculegion
|upkeep
|
|t:|1785262524
|switch|p1b: Charizard|Charizard-Mega-Y, L50, M|89/100
|turn|11
|
|t:|1785262533
|switch|p2b: Mono|Infernape, L50, F|78/100
|move|p1a: Pelipper|Wide Guard|p1a: Pelipper
|-singleturn|p1a: Pelipper|Wide Guard
|move|p1b: Charizard|Heat Wave|p2b: Mono|[spread] p2a,p2b
|-resisted|p2b: Mono|1
|-damage|p2a: El Padrino|30/100
|-damage|p2b: Mono|35/100
|-status|p2a: El Padrino|brn
|move|p2a: El Padrino|Hydro Pump|p1b: Charizard
|-supereffective|p1b: Charizard|1
|-damage|p1b: Charizard|61/100
|
|-weather|SunnyDay|[upkeep]
|-heal|p2a: El Padrino|36/100 brn|[from] item: Leftovers
|-damage|p2a: El Padrino|30/100 brn|[from] brn
|upkeep
|turn|12
|inactive|Comeonbruv has 30 seconds left.
|
|t:|1785262560
|move|p1b: Charizard|Protect|p1b: Charizard
|-singleturn|p1b: Charizard|Protect
|move|p2b: Mono|Fake Out|p1b: Charizard
|-activate|p1b: Charizard|move: Protect
|move|p1a: Pelipper|Tailwind|p1a: Pelipper
|-sidestart|p1: bellytelevision|move: Tailwind
|move|p2a: El Padrino|Hydro Pump|p1b: Charizard
|-activate|p1b: Charizard|move: Protect
|
|-weather|SunnyDay|[upkeep]
|-heal|p2a: El Padrino|36/100 brn|[from] item: Leftovers
|-damage|p2a: El Padrino|30/100 brn|[from] brn
|-sideend|p1: bellytelevision|move: Light Screen
|upkeep
|turn|13
|
|t:|1785262582
|switch|p2a: Chorizo|Charizard-Mega-Y, L50, M, shiny|49/100
|move|p2b: Mono|Protect|p2b: Mono
|-singleturn|p2b: Mono|Protect
|move|p1b: Charizard|Heat Wave|p2b: Mono|[spread] p2a
|-activate|p2b: Mono|move: Protect
|-resisted|p2a: Chorizo|1
|-damage|p2a: Chorizo|20/100y
|move|p1a: Pelipper|Hurricane|p2b: Mono
|-activate|p2b: Mono|move: Protect
|
|-weather|SunnyDay|[upkeep]
|upkeep
|turn|14
|
|t:|1785262597
|switch|p2b: El Padrino|Empoleon, L50, M|30/100 brn
|move|p2a: Chorizo|Protect|p2a: Chorizo
|-singleturn|p2a: Chorizo|Protect
|move|p1b: Charizard|Heat Wave|p2a: Chorizo|[spread] p2b
|-activate|p2a: Chorizo|move: Protect
|-damage|p2b: El Padrino|0 fnt
|faint|p2b: El Padrino
|move|p1a: Pelipper|Weather Ball|p2a: Chorizo
|-activate|p2a: Chorizo|move: Protect
|
|-weather|none
|upkeep
|
|t:|1785262610
|switch|p2b: Mono|Infernape, L50, F|35/100
|turn|15
|
|t:|1785262620
|move|p2b: Mono|Fake Out|p1a: Pelipper
|-damage|p1a: Pelipper|50/100g
|-damage|p2b: Mono|25/100|[from] item: Life Orb
|move|p1b: Charizard|Heat Wave|p2b: Mono|[spread] p2a,p2b
|-resisted|p2a: Chorizo|1
|-resisted|p2b: Mono|1
|-damage|p2a: Chorizo|0 fnt
|-damage|p2b: Mono|0 fnt
|faint|p2a: Chorizo
|faint|p2b: Mono
|
|win|bellytelevision
|inactive|bellytelevision has 30 seconds to confirm battle start!
|inactive|Comeonbruv has 30 seconds to confirm battle start!
||bellytelevision is ready for game 2.
|l|☆Comeonbruv
|player|p2|
|inactive|Comeonbruv has 19 seconds to confirm battle start!
||Comeonbruv is ready for game 2.
|uhtml|next|Next: Game 2 of 3
