|j|☆Linkmasterjr
|j|☆jonathan53332
|html|Linkmasterjrjonathan53332    
|uhtml|bestof|Game 1 of a best-of-3
|t:|1782460005
|gametype|doubles
|player|p1|Linkmasterjr|265|
|player|p2|jonathan53332|266|
|gen|9
|tier|[Gen 9 Champions] VGC 2026 Reg M-B (Bo3)
|rule|Species Clause: Limit one of each Pokémon
|rule|Item Clause: Limit 1 of each item
|clearpoke
|poke|p1|Raichu, L50, F|
|poke|p1|Staraptor, L50, M|
|poke|p1|Grimmsnarl, L50, M|
|poke|p1|Scizor, L50, F|
|poke|p1|Archaludon, L50, M|
|poke|p1|Whimsicott, L50, M|
|poke|p2|Primarina, L50, F|
|poke|p2|Sinistcha-Masterpiece, L50, shiny|
|poke|p2|Pelipper, L50, F|
|poke|p2|Meganium, L50, M, shiny|
|poke|p2|Excadrill, L50, M|
|poke|p2|Sceptile, L50, F|
|teampreview|4
|showteam|p1|Raichu||RaichuniteY|LightningRod|Thunder,KnockOff,AlluringVoice,FakeOut|Hasty||F|||50|]Staraptor||Staraptite|Intimidate|CloseCombat,Tailwind,BraveBird,Protect|Jolly||M|||50|]Grimmsnarl||LightClay|Prankster|LightScreen,Reflect,PartingShot,SpiritBreak|Careful||M|||50|]Scizor||MuscleBand|Technician|BulletPunch,DualWingbeat,Tailwind,CloseCombat|Adamant||F|||50|]Archaludon||FocusSash|Stamina|FlashCannon,ElectroShot,AuraSphere,Protect|Timid||M|||50|]Whimsicott||SitrusBerry|Prankster|TrickRoom,Tailwind,Protect,GigaDrain|Relaxed||M|||50|
|showteam|p2|Primarina||Leftovers|LiquidVoice|HyperVoice,Blizzard,EnergyBall,ShadowBall|Modest||F|||50|]Sinistcha-Masterpiece||SitrusBerry|Hospitality|MatchaGotcha,StrengthSap,ShadowBall,Scald|Modest|||||50|]Pelipper||FocusSash|Drizzle|Hurricane,WideGuard,IcyWind,Tailwind|Modest||F|||50|]Meganium||Meganiumite|LeafGuard|WeatherBall,SolarBeam,DazzlingGleam,Synthesis|Timid||M|||50|]Excadrill||Excadrite|SandRush|Earthquake,IronHead,BrickBreak,Protect|Jolly||M|||50|]Sceptile||Sceptilite|Overgrow|DragonPulse,FrenzyPlant,VacuumWave,Endeavor|Timid||F|||50|
|inactive|Battle timer is ON: inactive players will automatically lose when time's up. (requested by Linkmasterjr)
|
|t:|1782460041
|teamsize|p1|4
|teamsize|p2|4
|start
|switch|p1a: Staraptor|Staraptor, L50, M|100/100
|switch|p1b: Scizor|Scizor, L50, F|100/100
|switch|p2a: Pelipper|Pelipper, L50, F|100/100
|switch|p2b: Meganium|Meganium, L50, M, shiny|100/100
|-ability|p1a: Staraptor|Intimidate|boost
|-unboost|p2a: Pelipper|atk|1
|-unboost|p2b: Meganium|atk|1
|-weather|RainDance|[from] ability: Drizzle|[of] p2a: Pelipper
|turn|1
|inactive|Linkmasterjr has 30 seconds left.
|
|t:|1782460070
|switch|p2b: Excadrill|Excadrill, L50, M|100/100
|switch|p1b: Archaludon|Archaludon, L50, M|100/100
|detailschange|p1a: Staraptor|Staraptor-Mega, L50, M
|-mega|p1a: Staraptor|Staraptor|Staraptite
|move|p1a: Staraptor|Brave Bird|p2b: Excadrill
|-resisted|p2b: Excadrill|1
|-damage|p2b: Excadrill|50/100g
|-damage|p1a: Staraptor|80/100|[from] Recoil
|move|p2a: Pelipper|Tailwind|p2a: Pelipper
|-sidestart|p2: jonathan53332|move: Tailwind
|
|-weather|RainDance|[upkeep]
|upkeep
|turn|2
|inactive|Linkmasterjr has 30 seconds left.
|inactive|jonathan53332 has 30 seconds left.
|
|t:|1782460100
|switch|p1a: Whimsicott|Whimsicott, L50, M|100/100
|move|p2b: Excadrill|Earthquake|p1b: Archaludon|[spread] p1a,p1b
|-immune|p2a: Pelipper
|-resisted|p1a: Whimsicott|1
|-supereffective|p1b: Archaludon|1
|-damage|p1a: Whimsicott|84/100
|-damage|p1b: Archaludon|30/100
|-ability|p1b: Archaludon|Stamina|boost
|-boost|p1b: Archaludon|def|1
|move|p2a: Pelipper|Hurricane|p1b: Archaludon
|-resisted|p1b: Archaludon|1
|-damage|p1b: Archaludon|0 fnt
|faint|p1b: Archaludon
|
|-weather|RainDance|[upkeep]
|upkeep
|
|t:|1782460115
|switch|p1b: Scizor|Scizor, L50, F|100/100
|turn|3
|
|t:|1782460134
|move|p1a: Whimsicott|Protect|p1a: Whimsicott
|-singleturn|p1a: Whimsicott|Protect
|move|p2b: Excadrill|Earthquake|p1a: Whimsicott|[spread] p1b
|-activate|p1a: Whimsicott|move: Protect
|-immune|p2a: Pelipper
|-damage|p1b: Scizor|59/100
|move|p2a: Pelipper|Hurricane|p1a: Whimsicott
|-activate|p1a: Whimsicott|move: Protect
|move|p1b: Scizor|Close Combat|p2b: Excadrill
|-supereffective|p2b: Excadrill|1
|-damage|p2b: Excadrill|0 fnt
|-unboost|p1b: Scizor|def|1
|-unboost|p1b: Scizor|spd|1
|faint|p2b: Excadrill
|
|-weather|RainDance|[upkeep]
|upkeep
|
|t:|1782460142
|switch|p2b: Meganium|Meganium, L50, M, shiny|100/100
|turn|4
|inactive|Linkmasterjr has 30 seconds left.
|
|t:|1782460170
|switch|p1a: Staraptor|Staraptor-Mega, L50, M|80/100
|detailschange|p2b: Meganium|Meganium-Mega, L50, M, shiny
|-mega|p2b: Meganium|Meganium|Meganiumite
|move|p2b: Meganium|Weather Ball|p1b: Scizor
|-supereffective|p1b: Scizor|2
|-damage|p1b: Scizor|0 fnt
|faint|p1b: Scizor
|move|p2a: Pelipper|Hurricane|p1a: Staraptor
|-supereffective|p1a: Staraptor|1
|-damage|p1a: Staraptor|0 fnt
|faint|p1a: Staraptor
|
|-weather|RainDance|[upkeep]
|-sideend|p2: jonathan53332|move: Tailwind
|upkeep
|
|t:|1782460178
|switch|p1b: Whimsicott|Whimsicott, L50, M|84/100
|turn|5
|
|t:|1782460185
|move|p1b: Whimsicott|Protect|p1b: Whimsicott
|-singleturn|p1b: Whimsicott|Protect
|move|p2b: Meganium|Weather Ball|p1b: Whimsicott
|-activate|p1b: Whimsicott|move: Protect
|move|p2a: Pelipper|Hurricane|p1b: Whimsicott
|-activate|p1b: Whimsicott|move: Protect
|
|-weather|none
|upkeep
|turn|6
|
|t:|1782460189
|move|p2b: Meganium|Weather Ball|p1b: Whimsicott
|-supereffective|p1b: Whimsicott|1
|-damage|p1b: Whimsicott|0 fnt
|faint|p1b: Whimsicott
|
|win|jonathan53332
