|j|☆dasllamaman
|j|☆adc in 2017
|html|dasllamamanadc in 2017    
|uhtml|bestof|Game 2 of a best-of-3
|t:|1756167760
|gametype|doubles
|player|p1|dasllamaman|266|
|player|p2|adc in 2017|2|
|gen|9
|tier|[Gen 9] VGC 2025 Reg H (Bo3)
|rule|Species Clause: Limit one of each Pokémon
|rule|Item Clause: Limit 1 of each item
|clearpoke
|poke|p1|Sneasler, L50, F|
|poke|p1|Ursaluna-Bloodmoon, L50, M|
|poke|p1|Slaking, L50, M|
|poke|p1|Weezing-Galar, L50, F|
|poke|p1|Volcarona, L50, F|
|poke|p1|Toedscruel, L50, F|
|poke|p2|Pelipper, L50, F|
|poke|p2|Tatsugiri, L50, F|
|poke|p2|Dondozo, L50, F|
|poke|p2|Archaludon, L50, F|
|poke|p2|Basculegion, L50, M|
|poke|p2|Whimsicott, L50, F|
|teampreview|4
|showteam|p1|Sneasler||FocusSash|Unburden|CloseCombat,DireClaw,ThroatChop,FakeOut|||F|||50|,,,,,Stellar]Ursaluna-Bloodmoon||LifeOrb|MindsEye|BloodMoon,EarthPower,HyperVoice,Protect|||M|||50|,,,,,Normal]Slaking||AssaultVest|Truant|ThunderPunch,DrainPunch,KnockOff,TeraBlast|||M|||50|,,,,,Ghost]Weezing-Galar||BlackSludge|NeutralizingGas|AcidSpray,StrangeSteam,Thunder,Protect|||F|||50|,,,,,Steel]Volcarona||SitrusBerry|FlameBody|FieryDance,GigaDrain,Protect,QuiverDance|||F|||50|,,,,,Grass]Toedscruel||ExpertBelt|MyceliumMight|LeafStorm,EarthPower,Spore,RagePowder|||F|||50|,,,,,Grass
|showteam|p2|Pelipper||AbilityShield|Drizzle|Hurricane,HelpingHand,Protect,WeatherBall|||F|||50|,,,,,Steel]Tatsugiri||EjectPack|Commander|DracoMeteor,MuddyWater,HelpingHand,Protect|||F|||50|,,,,,Stellar]Dondozo||Leftovers|Unaware|OrderUp,WaveCrash,Protect,Substitute|||F|||50|,,,,,Dragon]Archaludon||PowerHerb|Stamina|DracoMeteor,FlashCannon,ElectroShot,Protect|||F|||50|,,,,,Flying]Basculegion||LifeOrb|SwiftSwim|LastRespects,WaveCrash,AquaJet,Protect|||M|||50|,,,,,Water]Whimsicott||CovertCloak|Prankster|Moonblast,Taunt,Encore,LightScreen|||F|||50|,,,,,Dark
|j| joemama1313
|j| AWailOfATail
|j| KurosakiTaichou
|j| Aeraster
|
|t:|1756167844
|teamsize|p1|4
|teamsize|p2|4
|start
|switch|p1a: Weezing|Weezing-Galar, L50, F|100/100
|switch|p1b: Toedscruel|Toedscruel, L50, F|100/100
|switch|p2a: Pelipper|Pelipper, L50, F|100/100
|switch|p2b: Archaludon|Archaludon, L50, F|100/100
|-ability|p1a: Weezing|Neutralizing Gas
|-block|p2a: Pelipper|item: Ability Shield
|-weather|RainDance|[from] ability: Drizzle|[of] p2a: Pelipper
|turn|1
|
|t:|1756167880
|move|p1b: Toedscruel|Spore|p2b: Archaludon
|-status|p2b: Archaludon|slp|[from] move: Spore
|cant|p2b: Archaludon|slp
|move|p2a: Pelipper|Hurricane|p1b: Toedscruel
|-supereffective|p1b: Toedscruel
|-damage|p1b: Toedscruel|34/100
|move|p1a: Weezing|Thunder|p2a: Pelipper
|-supereffective|p2a: Pelipper
|-damage|p2a: Pelipper|0 fnt
|faint|p2a: Pelipper
|
|-weather|RainDance|[upkeep]
|upkeep
|
|t:|1756167894
|switch|p2a: Tatsugiri|Tatsugiri, L50, F|100/100
|turn|2
|
|t:|1756167966
|move|p2a: Tatsugiri|Protect|p2a: Tatsugiri
|-singleturn|p2a: Tatsugiri|Protect
|move|p1b: Toedscruel|Spore|p2a: Tatsugiri
|-activate|p2a: Tatsugiri|move: Protect
|-curestatus|p2b: Archaludon|slp|[msg]
|move|p2b: Archaludon|Flash Cannon|p1b: Toedscruel
|-damage|p1b: Toedscruel|2/100
|move|p1a: Weezing|Strange Steam|p2a: Tatsugiri
|-activate|p2a: Tatsugiri|move: Protect
|
|-weather|RainDance|[upkeep]
|upkeep
|turn|3
|
|t:|1756168053
|move|p2b: Archaludon|Protect|p2b: Archaludon
|-singleturn|p2b: Archaludon|Protect
|move|p1b: Toedscruel|Spore|p2b: Archaludon
|-activate|p2b: Archaludon|move: Protect
|move|p2a: Tatsugiri|Muddy Water|p1b: Toedscruel|[spread] p1a,p1b
|-damage|p1a: Weezing|52/100
|-damage|p1b: Toedscruel|0 fnt
|faint|p1b: Toedscruel
|move|p1a: Weezing|Strange Steam|p2a: Tatsugiri
|-supereffective|p2a: Tatsugiri
|-damage|p2a: Tatsugiri|32/100
|
|-weather|RainDance|[upkeep]
|-heal|p1a: Weezing|57/100|[from] item: Black Sludge
|upkeep
|
|t:|1756168120
|switch|p1b: Volcarona|Volcarona, L50, F|100/100
|turn|4
|
|t:|1756168247
|-terastallize|p1b: Volcarona|Grass
|move|p2a: Tatsugiri|Protect|p2a: Tatsugiri
|-singleturn|p2a: Tatsugiri|Protect
|move|p1a: Weezing|Protect|p1a: Weezing
|-singleturn|p1a: Weezing|Protect
|move|p1b: Volcarona|Giga Drain|p2a: Tatsugiri
|-activate|p2a: Tatsugiri|move: Protect
|move|p2b: Archaludon|Electro Shot||[still]
|-prepare|p2b: Archaludon|Electro Shot
|-boost|p2b: Archaludon|spa|1
|-anim|p2b: Archaludon|Electro Shot|p1b: Volcarona
|-resisted|p1b: Volcarona
|-damage|p1b: Volcarona|71/100
|
|-weather|RainDance|[upkeep]
|-heal|p1a: Weezing|63/100|[from] item: Black Sludge
|upkeep
|turn|5
|
|t:|1756168352
|switch|p2a: Dondozo|Dondozo, L50, F|100/100
|-end|p1a: Weezing|ability: Neutralizing Gas
|switch|p1a: Sneasler|Sneasler, L50, F|100/100
|move|p1b: Volcarona|Giga Drain|p2a: Dondozo
|-supereffective|p2a: Dondozo
|-damage|p2a: Dondozo|29/100
|-heal|p1b: Volcarona|100/100|[from] drain|[of] p2a: Dondozo
|move|p2b: Archaludon|Electro Shot||[still]
|-prepare|p2b: Archaludon|Electro Shot
|-boost|p2b: Archaludon|spa|1
|-anim|p2b: Archaludon|Electro Shot|p1a: Sneasler
|-enditem|p1a: Sneasler|Focus Sash
|-damage|p1a: Sneasler|1/100
|
|-weather|none
|-heal|p2a: Dondozo|35/100|[from] item: Leftovers
|upkeep
|turn|6
|
|t:|1756168422
|-terastallize|p2b: Archaludon|Flying
|move|p2a: Dondozo|Protect|p2a: Dondozo
|-singleturn|p2a: Dondozo|Protect
|move|p1a: Sneasler|Fake Out|p2b: Archaludon
|-damage|p2b: Archaludon|90/100
|-ability|p2b: Archaludon|Stamina|boost
|-boost|p2b: Archaludon|def|1
|move|p1b: Volcarona|Giga Drain|p2a: Dondozo
|-activate|p2a: Dondozo|move: Protect
|cant|p2b: Archaludon|flinch
|
|-heal|p2a: Dondozo|41/100|[from] item: Leftovers
|upkeep
|turn|7
|
|t:|1756168456
|move|p2a: Dondozo|Protect|p2a: Dondozo
|-singleturn|p2a: Dondozo|Protect
|move|p1a: Sneasler|Dire Claw|p2b: Archaludon
|-damage|p2b: Archaludon|68/100
|-status|p2b: Archaludon|slp
|-ability|p2b: Archaludon|Stamina|boost
|-boost|p2b: Archaludon|def|1
|move|p1b: Volcarona|Giga Drain|p2a: Dondozo
|-activate|p2a: Dondozo|move: Protect
|cant|p2b: Archaludon|slp
|
|-heal|p2a: Dondozo|47/100|[from] item: Leftovers
|upkeep
|turn|8
|
|t:|1756168565
|switch|p2b: Tatsugiri|Tatsugiri, L50, F|32/100
|-activate|p2b: Tatsugiri|ability: Commander|[of] p2a: Dondozo
|-boost|p2a: Dondozo|atk|2
|-boost|p2a: Dondozo|spa|2
|-boost|p2a: Dondozo|spe|2
|-boost|p2a: Dondozo|def|2
|-boost|p2a: Dondozo|spd|2
|move|p1a: Sneasler|Dire Claw|p2a: Dondozo
|-damage|p2a: Dondozo|36/100
|-status|p2a: Dondozo|slp
|move|p1b: Volcarona|Giga Drain|p2a: Dondozo
|-supereffective|p2a: Dondozo
|-damage|p2a: Dondozo|4/100 slp
|cant|p2a: Dondozo|slp
|
|-heal|p2a: Dondozo|10/100 slp|[from] item: Leftovers
|upkeep
|turn|9
|c|☆adc in 2017|:0
|c| KurosakiTaichou|move balanced move
|c| KurosakiTaichou|most
|
|t:|1756168633
|move|p1a: Sneasler|Dire Claw|p2a: Dondozo
|-damage|p2a: Dondozo|0 fnt
|faint|p2a: Dondozo
|move|p1b: Volcarona|Fiery Dance|p2b: Tatsugiri
|-resisted|p2b: Tatsugiri
|-damage|p2b: Tatsugiri|20/100
|
|upkeep
|
|t:|1756168640
|switch|p2a: Archaludon|Archaludon, L50, F, tera:Flying|68/100 slp
|turn|10
|
|t:|1756168673
|move|p2b: Tatsugiri|Protect|p2b: Tatsugiri
|-singleturn|p2b: Tatsugiri|Protect
|move|p1a: Sneasler|Dire Claw|p2b: Tatsugiri
|-activate|p2b: Tatsugiri|move: Protect
|move|p1b: Volcarona|Fiery Dance|p2a: Archaludon
|-damage|p2a: Archaludon|25/100 slp
|-ability|p2a: Archaludon|Stamina|boost
|-boost|p2a: Archaludon|def|1
|cant|p2a: Archaludon|slp
|
|upkeep
|turn|11
|
|t:|1756168689
|move|p1a: Sneasler|Dire Claw|p2b: Tatsugiri
|-damage|p2b: Tatsugiri|0 fnt
|faint|p2b: Tatsugiri
|move|p1b: Volcarona|Fiery Dance|p2a: Archaludon
|-damage|p2a: Archaludon|0 fnt
|faint|p2a: Archaludon
|
|win|dasllamaman
||dasllamaman is ready for game 3.
|inactive|adc in 2017 has 30 seconds to confirm battle start!
||adc in 2017 is ready for game 3.
|uhtml|next|Next: Game 3 of 3
|l| Aeraster
|l| KurosakiTaichou
