|j|☆crullvgc
|j|☆eskyur
|html|crullvgceskyur    
|uhtml|bestof|Game 2 of a best-of-3
|t:|1757174374
|gametype|doubles
|player|p1|crullvgc|janitor|1124
|player|p2|eskyur|steven|1143
|gen|9
|tier|[Gen 9] VGC 2025 Reg H (Bo3)
|rated|
|rule|Species Clause: Limit one of each Pokémon
|rule|Item Clause: Limit 1 of each item
|clearpoke
|poke|p1|Garchomp, L50, M|
|poke|p1|Talonflame, L50, F|
|poke|p1|Primarina, L50, F|
|poke|p1|Electabuzz, L50, F|
|poke|p1|Rillaboom, L50, M|
|poke|p1|Gholdengo, L50|
|poke|p2|Charizard, L50, F|
|poke|p2|Whimsicott, L50, M|
|poke|p2|Maushold-Four, L50|
|poke|p2|Incineroar, L50, M|
|poke|p2|Rillaboom, L50, F|
|poke|p2|Dragapult, L50, F|
|teampreview|4
|showteam|p1|Garchomp||LifeOrb|RoughSkin|StompingTantrum,Earthquake,DragonClaw,Protect|||M|||50|,,,,,Fire]Talonflame||CovertCloak|GaleWings|Tailwind,WillOWisp,DualWingbeat,Taunt|||F|||50|,,,,,Dark]Primarina||ThroatSpray|LiquidVoice|HyperVoice,Moonblast,Haze,Protect|||F|||50|,,,,,Poison]Electabuzz||Eviolite|VitalSpirit|FollowMe,Electroweb,HelpingHand,Protect|||F|||50|,,,,,Ghost]Rillaboom||AssaultVest|GrassySurge|FakeOut,GrassyGlide,WoodHammer,HighHorsepower|||M|||50|,,,,,Fire]Gholdengo||MetalCoat|GoodasGold|MakeItRain,ShadowBall,NastyPlot,Protect||||||50|,,,,,Steel
|showteam|p2|Charizard||LifeOrb|SolarPower|HeatWave,Flamethrower,AirSlash,Protect|||F|||50|,,,,,Fire]Whimsicott||FocusSash|Prankster|Moonblast,Tailwind,Protect,SunnyDay|||M|||50|,,,,,Ghost]Maushold-Four||WideLens|Technician|PopulationBomb,Protect,Taunt,FollowMe||||||50|,,,,,Ghost]Incineroar||SafetyGoggles|Intimidate|KnockOff,PartingShot,FakeOut,FlareBlitz|||M|||50|,,,,,Ghost]Rillaboom||AssaultVest|GrassySurge|FakeOut,Uturn,GrassyGlide,WoodHammer|||F|||50|,,,,,Fire]Dragapult||ChoiceBand|ClearBody|DragonDarts,Outrage,PhantomForce,Uturn|||F|||50|,,,,,Dragon
|
|t:|1757174388
|teamsize|p1|4
|teamsize|p2|4
|start
|switch|p1a: Rillaboom|Rillaboom, L50, M|100/100
|switch|p1b: Gholdengo|Gholdengo, L50|100/100
|switch|p2a: Charizard|Charizard, L50, F|100/100
|switch|p2b: Whimsicott|Whimsicott, L50, M|100/100
|-fieldstart|move: Grassy Terrain|[from] ability: Grassy Surge|[of] p1a: Rillaboom
|turn|1
|
|t:|1757174417
|move|p2b: Whimsicott|Protect|p2b: Whimsicott
|-singleturn|p2b: Whimsicott|Protect
|move|p2a: Charizard|Protect|p2a: Charizard
|-singleturn|p2a: Charizard|Protect
|move|p1a: Rillaboom|Fake Out|p2b: Whimsicott
|-activate|p2b: Whimsicott|move: Protect
|move|p1b: Gholdengo|Shadow Ball|p2b: Whimsicott
|-activate|p2b: Whimsicott|move: Protect
|
|upkeep
|turn|2
|
|t:|1757174434
|switch|p1b: Primarina|Primarina, L50, F|100/100
|-terastallize|p2a: Charizard|Fire
|-terastallize|p1a: Rillaboom|Fire
|move|p2b: Whimsicott|Sunny Day|p2b: Whimsicott
|-weather|SunnyDay
|move|p2a: Charizard|Heat Wave|p1a: Rillaboom|[spread] p1a,p1b
|-resisted|p1a: Rillaboom
|-resisted|p1b: Primarina
|-damage|p1a: Rillaboom|61/100
|-damage|p1b: Primarina|47/100
|-damage|p2a: Charizard|91/100|[from] item: Life Orb
|move|p1a: Rillaboom|High Horsepower|p2a: Charizard
|-supereffective|p2a: Charizard
|-damage|p2a: Charizard|10/100
|
|-weather|SunnyDay|[upkeep]
|-damage|p2a: Charizard|0 fnt|[from] ability: Solar Power|[of] p2a: Charizard
|faint|p2a: Charizard
|-heal|p1a: Rillaboom|67/100|[from] Grassy Terrain
|-heal|p1b: Primarina|53/100|[from] Grassy Terrain
|upkeep
|
|t:|1757174461
|switch|p2a: Dragapult|Dragapult, L50, F|100/100
|turn|3
|
|t:|1757174471
|move|p1a: Rillaboom|Grassy Glide|p2b: Whimsicott
|-resisted|p2b: Whimsicott
|-damage|p2b: Whimsicott|75/100
|move|p2a: Dragapult|Dragon Darts|p1a: Rillaboom
|-damage|p1a: Rillaboom|32/100
|-anim|p2a: Dragapult|Dragon Darts|p1a: Rillaboom
|-damage|p1a: Rillaboom|0 fnt
|faint|p1a: Rillaboom
|move|p2b: Whimsicott|Moonblast|p1b: Primarina
|-damage|p1b: Primarina|23/100
|-unboost|p1b: Primarina|spa|1
|move|p1b: Primarina|Moonblast|p2b: Whimsicott
|-damage|p2b: Whimsicott|26/100
|-unboost|p2b: Whimsicott|spa|1
|
|-weather|SunnyDay|[upkeep]
|-heal|p2b: Whimsicott|32/100|[from] Grassy Terrain
|-heal|p1b: Primarina|29/100|[from] Grassy Terrain
|upkeep
|
|t:|1757174487
|switch|p1a: Gholdengo|Gholdengo, L50|100/100
|turn|4
|
|t:|1757174494
|switch|p2a: Incineroar|Incineroar, L50, M|100/100
|-ability|p2a: Incineroar|Intimidate|boost
|-unboost|p1a: Gholdengo|atk|1
|-unboost|p1b: Primarina|atk|1
|move|p2b: Whimsicott|Protect|p2b: Whimsicott
|-singleturn|p2b: Whimsicott|Protect
|move|p1a: Gholdengo|Make It Rain|p2b: Whimsicott|[spread] p2a
|-activate|p2b: Whimsicott|move: Protect
|-resisted|p2a: Incineroar
|-damage|p2a: Incineroar|77/100
|-unboost|p1a: Gholdengo|spa|1
|move|p1b: Primarina|Moonblast|p2a: Incineroar
|-damage|p2a: Incineroar|53/100
|
|-weather|SunnyDay|[upkeep]
|-heal|p2b: Whimsicott|38/100|[from] Grassy Terrain
|-heal|p1b: Primarina|35/100|[from] Grassy Terrain
|-heal|p2a: Incineroar|59/100|[from] Grassy Terrain
|upkeep
|turn|5
|
|t:|1757174516
|switch|p1b: Garchomp|Garchomp, L50, M|100/100
|move|p2b: Whimsicott|Moonblast|p1b: Garchomp
|-supereffective|p1b: Garchomp
|-damage|p1b: Garchomp|45/100
|move|p1a: Gholdengo|Make It Rain|p2b: Whimsicott|[spread] p2a,p2b
|-resisted|p2a: Incineroar
|-supereffective|p2b: Whimsicott
|-damage|p2a: Incineroar|45/100
|-damage|p2b: Whimsicott|0 fnt
|-unboost|p1a: Gholdengo|spa|1
|faint|p2b: Whimsicott
|move|p2a: Incineroar|Flare Blitz|p1a: Gholdengo
|-supereffective|p1a: Gholdengo
|-damage|p1a: Gholdengo|0 fnt
|faint|p1a: Gholdengo
|-damage|p2a: Incineroar|18/100|[from] Recoil
|
|-weather|SunnyDay|[upkeep]
|-heal|p1b: Garchomp|51/100|[from] Grassy Terrain
|-heal|p2a: Incineroar|24/100|[from] Grassy Terrain
|-fieldend|move: Grassy Terrain
|upkeep
|
|t:|1757174536
|switch|p2b: Dragapult|Dragapult, L50, F|100/100
|switch|p1a: Primarina|Primarina, L50, F|35/100
|turn|6
|inactive|Battle timer is ON: inactive players will automatically lose when time's up. (requested by eskyur)
|
|t:|1757174588
|move|p2b: Dragapult|Phantom Force||[still]
|-prepare|p2b: Dragapult|Phantom Force
|move|p1b: Garchomp|Dragon Claw|p2b: Dragapult|[miss]
|-miss|p1b: Garchomp|p2b: Dragapult
|move|p1a: Primarina|Hyper Voice|p2a: Incineroar|[spread] p2a
|-miss|p1a: Primarina|p2b: Dragapult
|-supereffective|p2a: Incineroar
|-damage|p2a: Incineroar|2/100
|-enditem|p1a: Primarina|Throat Spray
|-boost|p1a: Primarina|spa|1|[from] item: Throat Spray
|move|p2a: Incineroar|Flare Blitz|p1a: Primarina
|-resisted|p1a: Primarina
|-damage|p1a: Primarina|0 fnt
|faint|p1a: Primarina
|-damage|p2a: Incineroar|0 fnt|[from] Recoil
|faint|p2a: Incineroar
|
|-weather|none
|upkeep
|turn|7
|
|t:|1757174608
|move|p2b: Dragapult|Phantom Force|p1b: Garchomp|[from] lockedmove
|-damage|p1b: Garchomp|0 fnt
|-damage|p2b: Dragapult|88/100|[from] ability: Rough Skin|[of] p1b: Garchomp
|faint|p1b: Garchomp
|
|win|eskyur
||crullvgc is ready for game 3.
