|j|☆Mortipherus
|j|☆dj_arcigno
|html|Mortipherusdj_arcigno    
|uhtml|bestof|Game 1 of a best-of-3
|t:|1756294473
|gametype|doubles
|player|p1|Mortipherus|biker-gen4|1100
|player|p2|dj_arcigno|102|1155
|gen|9
|tier|[Gen 9] VGC 2025 Reg H (Bo3)
|rated|
|rule|Species Clause: Limit one of each Pokémon
|rule|Item Clause: Limit 1 of each item
|clearpoke
|poke|p1|Hydrapple, L50, F|
|poke|p1|Arcanine-Hisui, L50, F|
|poke|p1|Gholdengo, L50|
|poke|p1|Electabuzz, L50, M|
|poke|p1|Indeedee, L50, M|
|poke|p1|Sneasler, L50, M|
|poke|p2|Sneasler, L50, F|
|poke|p2|Dragonite, L50, F|
|poke|p2|Rillaboom, L50, F|
|poke|p2|Basculegion, L50, M|
|poke|p2|Volcarona, L50, M|
|poke|p2|Kingambit, L50, M|
|teampreview|4
|showteam|p1|Hydrapple||AssaultVest|Regenerator|FickleBeam,EnergyBall,EarthPower,PollenPuff|||F|||50|,,,,,Bug]Arcanine-Hisui||ClearAmulet|Intimidate|Protect,ExtremeSpeed,FlareBlitz,RockSlide|||F|||50|,,,,,Grass]Gholdengo||LifeOrb|GoodasGold|Protect,NastyPlot,MakeItRain,ShadowBall||||||50|,,,,,Flying]Electabuzz||Eviolite|VitalSpirit|Protect,FollowMe,Taunt,Electroweb|||M|||50|,,,,,Dragon]Indeedee||FocusSash|PsychicSurge|Protect,TrickRoom,ExpandingForce,TeraBlast|||M|||50|,,,,,Ground]Sneasler||PsychicSeed|Unburden|Protect,ThroatChop,DireClaw,CloseCombat|||M|||50|,,,,,Dark
|showteam|p2|Sneasler||FocusSash|Unburden|CloseCombat,DireClaw,Coaching,Protect|||F|||50|,,,,,Ghost]Dragonite||LoadedDice|Multiscale|ScaleShot,ExtremeSpeed,Haze,Protect|||F|||50|,,,,,Fairy]Rillaboom||MiracleSeed|GrassySurge|WoodHammer,GrassyGlide,Taunt,FakeOut|||F|||50|,,,,,Fire]Basculegion||ChoiceScarf|Adaptability|WaveCrash,FlipTurn,LastRespects,TeraBlast|||M|||50|,,,,,Fighting]Volcarona||CovertCloak|FlameBody|HeatWave,TeraBlast,QuiverDance,Protect|||M|||50|,,,,,Fairy]Kingambit||AssaultVest|Defiant|KowtowCleave,SuckerPunch,IronHead,LowKick|||M|||50|,,,,,Flying
|
|t:|1756294521
|teamsize|p1|4
|teamsize|p2|4
|start
|switch|p1a: Arcanine|Arcanine-Hisui, L50, F|100/100
|switch|p1b: Sneasler|Sneasler, L50, M|100/100
|switch|p2a: Dragonite|Dragonite, L50, F|100/100
|switch|p2b: Sneasler|Sneasler, L50, F|100/100
|-ability|p1a: Arcanine|Intimidate|boost
|-unboost|p2a: Dragonite|atk|1
|-unboost|p2b: Sneasler|atk|1
|turn|1
|
|t:|1756294565
|move|p2b: Sneasler|Coaching|p2a: Dragonite
|-boost|p2a: Dragonite|atk|1
|-boost|p2a: Dragonite|def|1
|move|p1b: Sneasler|Dire Claw|p2a: Dragonite
|-damage|p2a: Dragonite|84/100
|-status|p2a: Dragonite|par
|move|p1a: Arcanine|Rock Slide|p2a: Dragonite|[spread] p2a,p2b
|-supereffective|p2a: Dragonite
|-resisted|p2b: Sneasler
|-damage|p2a: Dragonite|40/100 par
|-damage|p2b: Sneasler|78/100
|cant|p2a: Dragonite|flinch
|
|upkeep
|turn|2
|
|t:|1756294590
|switch|p1b: Indeedee|Indeedee, L50, M|100/100
|-fieldstart|move: Psychic Terrain|[from] ability: Psychic Surge|[of] p1b: Indeedee
|switch|p2a: Kingambit|Kingambit, L50, M|100/100
|move|p2b: Sneasler|Close Combat|p1a: Arcanine
|-supereffective|p1a: Arcanine
|-damage|p1a: Arcanine|9/100
|-unboost|p2b: Sneasler|def|1
|-unboost|p2b: Sneasler|spd|1
|move|p1a: Arcanine|Rock Slide|p2a: Kingambit|[spread] p2a
|-miss|p1a: Arcanine|p2b: Sneasler
|-resisted|p2a: Kingambit
|-damage|p2a: Kingambit|92/100
|
|upkeep
|turn|3
|
|t:|1756294609
|switch|p2b: Rillaboom|Rillaboom, L50, F|100/100
|-fieldstart|move: Grassy Terrain|[from] ability: Grassy Surge|[of] p2b: Rillaboom
|switch|p1a: Sneasler|Sneasler, L50, M|100/100
|-terastallize|p1b: Indeedee|Ground
|-terastallize|p2a: Kingambit|Flying
|move|p2a: Kingambit|Sucker Punch||[still]
|-fail|p2a: Kingambit
|move|p1b: Indeedee|Tera Blast|p2a: Kingambit|[anim] Tera Blast Ground
|-immune|p2a: Kingambit
|
|upkeep
|turn|4
|
|t:|1756294639
|switch|p1b: Hydrapple|Hydrapple, L50, F|100/100
|move|p1a: Sneasler|Protect|p1a: Sneasler
|-singleturn|p1a: Sneasler|Protect
|move|p2b: Rillaboom|Fake Out|p1a: Sneasler
|-activate|p1a: Sneasler|move: Protect
|move|p2a: Kingambit|Kowtow Cleave|p1a: Sneasler
|-activate|p1a: Sneasler|move: Protect
|
|upkeep
|turn|5
|
|t:|1756294658
|switch|p2b: Sneasler|Sneasler, L50, F|78/100
|switch|p1b: Indeedee|Indeedee, L50, M, tera:Ground|100/100
|-fieldstart|move: Psychic Terrain|[from] ability: Psychic Surge|[of] p1b: Indeedee
|-enditem|p1a: Sneasler|Psychic Seed
|-boost|p1a: Sneasler|spd|1|[from] item: Psychic Seed
|move|p1a: Sneasler|Dire Claw|p2b: Sneasler
|-resisted|p2b: Sneasler
|-crit|p2b: Sneasler
|-damage|p2b: Sneasler|24/100
|move|p2a: Kingambit|Kowtow Cleave|p1a: Sneasler
|-resisted|p1a: Sneasler
|-damage|p1a: Sneasler|60/100
|
|upkeep
|turn|6
|
|t:|1756294679
|switch|p2b: Rillaboom|Rillaboom, L50, F|100/100
|-fieldstart|move: Grassy Terrain|[from] ability: Grassy Surge|[of] p2b: Rillaboom
|move|p1a: Sneasler|Dire Claw|p2a: Kingambit
|-damage|p2a: Kingambit|58/100
|move|p1b: Indeedee|Expanding Force|p2b: Rillaboom
|-damage|p2b: Rillaboom|59/100
|move|p2a: Kingambit|Kowtow Cleave|p1b: Indeedee
|-damage|p1b: Indeedee|5/100
|
|-heal|p1a: Sneasler|66/100|[from] Grassy Terrain
|-heal|p1b: Indeedee|11/100|[from] Grassy Terrain
|-heal|p2b: Rillaboom|65/100|[from] Grassy Terrain
|upkeep
|turn|7
|
|t:|1756294709
|switch|p1b: Hydrapple|Hydrapple, L50, F|100/100
|move|p1a: Sneasler|Protect|p1a: Sneasler
|-singleturn|p1a: Sneasler|Protect
|move|p2b: Rillaboom|Fake Out|p1a: Sneasler
|-activate|p1a: Sneasler|move: Protect
|move|p2a: Kingambit|Kowtow Cleave|p1b: Hydrapple
|-damage|p1b: Hydrapple|64/100
|
|-heal|p1a: Sneasler|72/100|[from] Grassy Terrain
|-heal|p2b: Rillaboom|71/100|[from] Grassy Terrain
|-heal|p1b: Hydrapple|71/100|[from] Grassy Terrain
|upkeep
|turn|8
|
|t:|1756294726
|switch|p2b: Dragonite|Dragonite, L50, F|40/100 par
|move|p1a: Sneasler|Dire Claw|p2a: Kingambit
|-damage|p2a: Kingambit|23/100
|-status|p2a: Kingambit|psn
|move|p2a: Kingambit|Kowtow Cleave|p1a: Sneasler
|-resisted|p1a: Sneasler
|-damage|p1a: Sneasler|34/100
|move|p1b: Hydrapple|Pollen Puff|p2b: Dragonite
|-resisted|p2b: Dragonite
|-damage|p2b: Dragonite|23/100 par
|
|-heal|p1a: Sneasler|40/100|[from] Grassy Terrain
|-heal|p1b: Hydrapple|77/100|[from] Grassy Terrain
|-damage|p2a: Kingambit|11/100 psn|[from] psn
|upkeep
|turn|9
|
|t:|1756294746
|switch|p2a: Rillaboom|Rillaboom, L50, F|71/100
|move|p1a: Sneasler|Protect|p1a: Sneasler
|-singleturn|p1a: Sneasler|Protect
|move|p2b: Dragonite|Extreme Speed|p1a: Sneasler
|-activate|p1a: Sneasler|move: Protect
|move|p1b: Hydrapple|Fickle Beam|p2b: Dragonite
|-supereffective|p2b: Dragonite
|-crit|p2b: Dragonite
|-damage|p2b: Dragonite|0 fnt
|faint|p2b: Dragonite
|
|-heal|p1a: Sneasler|46/100|[from] Grassy Terrain
|-heal|p2a: Rillaboom|77/100|[from] Grassy Terrain
|-heal|p1b: Hydrapple|83/100|[from] Grassy Terrain
|upkeep
|
|t:|1756294752
|switch|p2b: Sneasler|Sneasler, L50, F|24/100
|turn|10
|
|t:|1756294775
|switch|p1b: Indeedee|Indeedee, L50, M, tera:Ground|11/100
|-fieldstart|move: Psychic Terrain|[from] ability: Psychic Surge|[of] p1b: Indeedee
|move|p1a: Sneasler|Dire Claw|p2b: Sneasler
|-resisted|p2b: Sneasler
|-damage|p2b: Sneasler|0 fnt
|faint|p2b: Sneasler
|move|p2a: Rillaboom|Wood Hammer|p1a: Sneasler
|-resisted|p1a: Sneasler
|-damage|p1a: Sneasler|0 fnt
|faint|p1a: Sneasler
|-damage|p2a: Rillaboom|66/100|[from] Recoil
|
|upkeep
|
|t:|1756294792
|switch|p2b: Kingambit|Kingambit, L50, M, tera:Flying|11/100 psn
|switch|p1a: Arcanine|Arcanine-Hisui, L50, F|9/100
|-ability|p1a: Arcanine|Intimidate|boost
|-unboost|p2a: Rillaboom|atk|1
|-unboost|p2b: Kingambit|atk|1
|-ability|p2b: Kingambit|Defiant|boost
|-boost|p2b: Kingambit|atk|2
|turn|11
|
|t:|1756294803
|move|p1a: Arcanine|Extreme Speed|p2b: Kingambit
|-hint|Psychic Terrain doesn't affect Pokémon immune to Ground.
|-damage|p2b: Kingambit|0 fnt
|faint|p2b: Kingambit
|move|p1b: Indeedee|Expanding Force|p2a: Rillaboom
|-damage|p2a: Rillaboom|0 fnt
|faint|p2a: Rillaboom
|
|win|Mortipherus
||dj_arcigno is ready for game 2.
|inactive|Mortipherus has 30 seconds to confirm battle start!
||Mortipherus is ready for game 2.
|uhtml|next|Next: Game 2 of 3
|l|☆dj_arcigno
|player|p2|
