|j|☆fumomarlboro
|j|☆bigboyblue3451
|html|fumomarlborobigboyblue3451    
|uhtml|bestof|Game 2 of a best-of-3
|t:|1756771105
|gametype|doubles
|player|p1|fumomarlboro|1|1280
|player|p2|bigboyblue3451|101|1311
|gen|9
|tier|[Gen 9] VGC 2025 Reg H (Bo3)
|rated|
|rule|Species Clause: Limit one of each Pokémon
|rule|Item Clause: Limit 1 of each item
|clearpoke
|poke|p1|Rillaboom, L50, F|
|poke|p1|Basculegion, L50, M|
|poke|p1|Volcarona, L50, F|
|poke|p1|Tyranitar, L50, M|
|poke|p1|Dragonite, L50, F|
|poke|p1|Incineroar, L50, F|
|poke|p2|Archaludon, L50, F|
|poke|p2|Gholdengo, L50|
|poke|p2|Maushold, L50|
|poke|p2|Incineroar, L50, M|
|poke|p2|Pelipper, L50, M|
|poke|p2|Amoonguss, L50, F|
|teampreview|4
|showteam|p1|Rillaboom||MiracleSeed|GrassySurge|WoodHammer,GrassyGlide,HighHorsepower,FakeOut|||F|||50|,,,,,Fire]Basculegion||ChoiceScarf|Adaptability|WaveCrash,LastRespects,FlipTurn,TeraBlast|||M|||50|,,,,,Grass]Volcarona||Leftovers|FlameBody|HeatWave,TeraBlast,QuiverDance,Protect|||F|||50|,,,,,Fairy]Tyranitar||AssaultVest|SandStream|RockSlide,KnockOff,TeraBlast,LowKick|||M|||50|,,,,,Flying]Dragonite||LoadedDice|Multiscale|ExtremeSpeed,ScaleShot,Protect,Haze|||F|||50|,,,,,Fairy]Incineroar||SafetyGoggles|Intimidate|FakeOut,FlareBlitz,KnockOff,PartingShot|||F|||50|,,,,,Ghost
|showteam|p2|Archaludon||AssaultVest|Stamina|ElectroShot,Snarl,DracoMeteor,BodyPress|||F|||50|,,,,,Bug]Gholdengo||LifeOrb|GoodasGold|MakeItRain,ShadowBall,NastyPlot,Protect||||||50|,,,,,Water]Maushold||WideLens|Technician|PopulationBomb,Taunt,FollowMe,Protect||||||50|,,,,,Ghost]Incineroar||SafetyGoggles|Intimidate|FakeOut,KnockOff,FlareBlitz,PartingShot|||M|||50|,,,,,Ghost]Pelipper||FocusSash|Drizzle|MuddyWater,Hurricane,Tailwind,Protect|||M|||50|,,,,,Stellar]Amoonguss||CovertCloak|Regenerator|Spore,PollenPuff,RagePowder,ClearSmog|||F|||50|,,,,,Psychic
|inactive|Battle timer is ON: inactive players will automatically lose when time's up. (requested by fumomarlboro)
|inactive|bigboyblue3451 has 60 seconds left.
|inactive|fumomarlboro has 60 seconds left.
|
|t:|1756771148
|teamsize|p1|4
|teamsize|p2|4
|start
|switch|p1a: Basculegion|Basculegion, L50, M|100/100
|switch|p1b: Dragonite|Dragonite, L50, F|100/100
|switch|p2a: Archaludon|Archaludon, L50, F|100/100
|switch|p2b: Pelipper|Pelipper, L50, M|100/100
|-weather|RainDance|[from] ability: Drizzle|[of] p2b: Pelipper
|turn|1
|inactive|bigboyblue3451 has 30 seconds left.
|
|t:|1756771178
|-terastallize|p1a: Basculegion|Grass
|move|p1a: Basculegion|Flip Turn|p2b: Pelipper
|-resisted|p2b: Pelipper
|-damage|p2b: Pelipper|72/100
|
|t:|1756771183
|switch|p1a: Tyranitar|Tyranitar, L50, M|100/100|[from] Flip Turn
|-weather|Sandstorm|[from] ability: Sand Stream|[of] p1a: Tyranitar
|move|p1b: Dragonite|Scale Shot|p2b: Pelipper
|-damage|p2b: Pelipper|52/100
|-damage|p2b: Pelipper|31/100
|-damage|p2b: Pelipper|12/100
|-damage|p2b: Pelipper|0 fnt
|faint|p2b: Pelipper
|-hitcount|p2: Pelipper|4
|-unboost|p1b: Dragonite|def|1
|-boost|p1b: Dragonite|spe|1
|move|p2a: Archaludon|Snarl|p1b: Dragonite|[spread] p1a,p1b
|-resisted|p1a: Tyranitar
|-damage|p1a: Tyranitar|98/100
|-damage|p1b: Dragonite|93/100
|-unboost|p1a: Tyranitar|spa|1
|-unboost|p1b: Dragonite|spa|1
|
|-weather|Sandstorm|[upkeep]
|-damage|p1b: Dragonite|87/100|[from] Sandstorm
|upkeep
|
|t:|1756771186
|switch|p2b: Incineroar|Incineroar, L50, M|100/100
|-ability|p2b: Incineroar|Intimidate|boost
|-unboost|p1a: Tyranitar|atk|1
|-unboost|p1b: Dragonite|atk|1
|turn|2
|
|t:|1756771211
|switch|p1a: Volcarona|Volcarona, L50, F|100/100
|move|p2b: Incineroar|Fake Out|p1a: Volcarona
|-damage|p1a: Volcarona|87/100
|move|p1b: Dragonite|Haze|p1b: Dragonite
|-clearallboost
|move|p2a: Archaludon|Draco Meteor|p1b: Dragonite
|-supereffective|p1b: Dragonite
|-damage|p1b: Dragonite|0 fnt
|-unboost|p2a: Archaludon|spa|2
|faint|p1b: Dragonite
|
|-weather|Sandstorm|[upkeep]
|-damage|p1a: Volcarona|81/100|[from] Sandstorm
|-heal|p1a: Volcarona|87/100|[from] item: Leftovers
|upkeep
|
|t:|1756771225
|switch|p1b: Basculegion|Basculegion, L50, M, tera:Grass|100/100
|turn|3
|
|t:|1756771241
|switch|p2a: Amoonguss|Amoonguss, L50, F|100/100
|-terastallize|p2b: Incineroar|Ghost
|move|p1b: Basculegion|Flip Turn|p2b: Incineroar
|-damage|p2b: Incineroar|74/100
|
|t:|1756771247
|switch|p1b: Tyranitar|Tyranitar, L50, M|98/100|[from] Flip Turn
|move|p1a: Volcarona|Quiver Dance|p1a: Volcarona
|-boost|p1a: Volcarona|spa|1
|-boost|p1a: Volcarona|spd|1
|-boost|p1a: Volcarona|spe|1
|move|p2b: Incineroar|Knock Off|p1b: Tyranitar
|-resisted|p1b: Tyranitar
|-damage|p1b: Tyranitar|79/100
|-enditem|p1b: Tyranitar|Assault Vest|[from] move: Knock Off|[of] p2b: Incineroar
|
|-weather|Sandstorm|[upkeep]
|-damage|p1a: Volcarona|81/100|[from] Sandstorm
|-damage|p2a: Amoonguss|95/100|[from] Sandstorm
|-heal|p1a: Volcarona|87/100|[from] item: Leftovers
|upkeep
|turn|4
|inactive|bigboyblue3451 has 30 seconds left.
|
|t:|1756771273
|move|p1a: Volcarona|Heat Wave|p2b: Incineroar|[spread] p2b
|-miss|p1a: Volcarona|p2a: Amoonguss
|-damage|p2b: Incineroar|24/100
|move|p1b: Tyranitar|Knock Off|p2a: Amoonguss
|-damage|p2a: Amoonguss|51/100
|-enditem|p2a: Amoonguss|Covert Cloak|[from] move: Knock Off|[of] p1b: Tyranitar
|move|p2b: Incineroar|Knock Off|p1a: Volcarona
|-damage|p1a: Volcarona|37/100
|-status|p2b: Incineroar|brn|[from] ability: Flame Body|[of] p1a: Volcarona
|-enditem|p1a: Volcarona|Leftovers|[from] move: Knock Off|[of] p2b: Incineroar
|move|p2a: Amoonguss|Spore|p1a: Volcarona
|-status|p1a: Volcarona|slp|[from] move: Spore
|
|-weather|Sandstorm|[upkeep]
|-damage|p1a: Volcarona|31/100 slp|[from] Sandstorm
|-damage|p2a: Amoonguss|45/100|[from] Sandstorm
|-damage|p2b: Incineroar|18/100 brn|[from] brn
|upkeep
|turn|5
|
|t:|1756771298
|switch|p2a: Archaludon|Archaludon, L50, F|100/100
|cant|p1a: Volcarona|slp
|move|p1b: Tyranitar|Rock Slide|p2a: Archaludon|[spread] p2b
|-miss|p1b: Tyranitar|p2a: Archaludon
|-damage|p2b: Incineroar|0 fnt
|faint|p2b: Incineroar
|
|-weather|none
|upkeep
|inactive|bigboyblue3451 has 30 seconds left.
|
|t:|1756771325
|switch|p2b: Amoonguss|Amoonguss, L50, F|78/100
|turn|6
|
|t:|1756771335
|switch|p1a: Basculegion|Basculegion, L50, M, tera:Grass|100/100
|move|p2a: Archaludon|Snarl|p1a: Basculegion|[spread] p1a,p1b
|-resisted|p1b: Tyranitar
|-damage|p1a: Basculegion|85/100
|-damage|p1b: Tyranitar|73/100
|-unboost|p1a: Basculegion|spa|1
|-unboost|p1b: Tyranitar|spa|1
|move|p1b: Tyranitar|Tera Blast|p2b: Amoonguss
|-damage|p2b: Amoonguss|69/100
|move|p2b: Amoonguss|Spore|p1b: Tyranitar
|-status|p1b: Tyranitar|slp|[from] move: Spore
|
|upkeep
|turn|7
|
|t:|1756771355
|switch|p1b: Volcarona|Volcarona, L50, F|31/100 slp
|move|p1a: Basculegion|Last Respects|p2b: Amoonguss
|-damage|p2b: Amoonguss|33/100
|move|p2a: Archaludon|Body Press|p1b: Volcarona
|-resisted|p1b: Volcarona
|-damage|p1b: Volcarona|18/100 slp
|move|p2b: Amoonguss|Pollen Puff|p2a: Archaludon
|
|upkeep
|turn|8
|inactive|bigboyblue3451 has 30 seconds left.
|
|t:|1756771382
|cant|p1b: Volcarona|slp
|move|p2b: Amoonguss|Rage Powder|p2b: Amoonguss
|-singleturn|p2b: Amoonguss|move: Rage Powder
|move|p1a: Basculegion|Last Respects|p2b: Amoonguss
|-damage|p2b: Amoonguss|0 fnt
|faint|p2b: Amoonguss
|move|p2a: Archaludon|Draco Meteor|p1a: Basculegion
|-damage|p1a: Basculegion|12/100
|-unboost|p2a: Archaludon|spa|2
|
|upkeep
|turn|9
|
|t:|1756771404
|switch|p1a: Tyranitar|Tyranitar, L50, M|73/100 slp
|-weather|Sandstorm|[from] ability: Sand Stream|[of] p1a: Tyranitar
|cant|p1b: Volcarona|slp
|move|p2a: Archaludon|Snarl|p1b: Volcarona|[spread] p1a,p1b
|-resisted|p1a: Tyranitar
|-damage|p1a: Tyranitar|71/100 slp
|-damage|p1b: Volcarona|11/100 slp
|-unboost|p1a: Tyranitar|spa|1
|-unboost|p1b: Volcarona|spa|1
|
|-weather|Sandstorm|[upkeep]
|-damage|p1b: Volcarona|5/100 slp|[from] Sandstorm
|upkeep
|turn|10
|inactive|fumomarlboro has 30 seconds left.
|inactive|bigboyblue3451 has 30 seconds left.
|inactive|fumomarlboro has 20 seconds left.
|inactive|bigboyblue3451 has 20 seconds left.
|inactive|bigboyblue3451 has 15 seconds left.
|inactive|bigboyblue3451 has 10 seconds left.
|inactive|bigboyblue3451 has 5 seconds left.
|
|t:|1756771460
|-curestatus|p1b: Volcarona|slp|[msg]
|move|p1b: Volcarona|Heat Wave|p2a: Archaludon|[miss]
|-miss|p1b: Volcarona|p2a: Archaludon
|move|p2a: Archaludon|Electro Shot||[still]
|-prepare|p2a: Archaludon|Electro Shot
|-boost|p2a: Archaludon|spa|1
|cant|p1a: Tyranitar|slp
|
|-weather|Sandstorm|[upkeep]
|-damage|p1b: Volcarona|0 fnt|[from] Sandstorm
|faint|p1b: Volcarona
|upkeep
|
|t:|1756771469
|switch|p1b: Basculegion|Basculegion, L50, M, tera:Grass|12/100
|turn|11
|inactive|bigboyblue3451 has 30 seconds left.
|inactive|bigboyblue3451 has 20 seconds left.
|inactive|bigboyblue3451 has 15 seconds left.
|inactive|bigboyblue3451 has 10 seconds left.
|inactive|bigboyblue3451 has 5 seconds left.
|
|t:|1756771524
|move|p1b: Basculegion|Last Respects|p2a: Archaludon
|-damage|p2a: Archaludon|50/100
|-ability|p2a: Archaludon|Stamina|boost
|-boost|p2a: Archaludon|def|1
|move|p2a: Archaludon|Electro Shot|p1b: Basculegion|[from] lockedmove
|-resisted|p1b: Basculegion
|-damage|p1b: Basculegion|0 fnt
|faint|p1b: Basculegion
|cant|p1a: Tyranitar|slp
|
|-weather|Sandstorm|[upkeep]
|upkeep
|turn|12
|inactive|bigboyblue3451 has 30 seconds left.
|inactive|bigboyblue3451 has 20 seconds left.
|inactive|bigboyblue3451 has 15 seconds left.
|inactive|bigboyblue3451 has 10 seconds left.
|inactive|bigboyblue3451 has 5 seconds left.
|
|t:|1756771579
|move|p2a: Archaludon|Electro Shot||[still]
|-prepare|p2a: Archaludon|Electro Shot
|-boost|p2a: Archaludon|spa|1
|-curestatus|p1a: Tyranitar|slp|[msg]
|move|p1a: Tyranitar|Low Kick|p2a: Archaludon
|-supereffective|p2a: Archaludon
|-damage|p2a: Archaludon|25/100
|-ability|p2a: Archaludon|Stamina|boost
|-boost|p2a: Archaludon|def|1
|
|-weather|Sandstorm|[upkeep]
|upkeep
|turn|13
|
|t:|1756771590
|move|p2a: Archaludon|Electro Shot|p1a: Tyranitar|[from] lockedmove
|-damage|p1a: Tyranitar|47/100
|move|p1a: Tyranitar|Low Kick|p2a: Archaludon
|-supereffective|p2a: Archaludon
|-damage|p2a: Archaludon|4/100
|-ability|p2a: Archaludon|Stamina|boost
|-boost|p2a: Archaludon|def|1
|
|-weather|none
|upkeep
|turn|14
|
|t:|1756771595
|move|p2a: Archaludon|Body Press|p1a: Tyranitar
|-supereffective|p1a: Tyranitar
|-damage|p1a: Tyranitar|0 fnt
|faint|p1a: Tyranitar
|
|win|bigboyblue3451
||fumomarlboro is ready for game 3.
||fumomarlboro is ready for game 3.
||bigboyblue3451 is ready for game 3.
|uhtml|next|Next: Game 3 of 3
|l|☆fumomarlboro
|player|p1|
