|j|☆reuman
|j|☆andiom123
|html|reumanandiom123    
|uhtml|bestof|Game 3 of a best-of-3
|t:|1784394241
|gametype|doubles
|player|p1|reuman|lucas|1064
|player|p2|andiom123|red|1221
|gen|9
|tier|[Gen 9 Champions] VGC 2026 Reg M-B (Bo3)
|rated|
|rule|Species Clause: Limit one of each Pokémon
|rule|Item Clause: Limit 1 of each item
|clearpoke
|poke|p1|Garchomp, L50, M|
|poke|p1|Basculegion, L50, M|
|poke|p1|Incineroar, L50, F|
|poke|p1|Gengar, L50, M, shiny|
|poke|p1|Goodra-Hisui, L50, M|
|poke|p1|Pidgeot, L50, M|
|poke|p2|Incineroar, L50, F|
|poke|p2|Farigiraf, L50, M|
|poke|p2|Sylveon, L50, F|
|poke|p2|Torkoal, L50, F|
|poke|p2|Kangaskhan, L50, F|
|poke|p2|Mawile, L50, M|
|teampreview|4
|showteam|p1|Garchomp||LifeOrb|RoughSkin|RockSlide,DragonClaw,StompingTantrum,Protect|Jolly||M|||50|]Basculegion||ChoiceScarf|Adaptability|AquaJet,WaveCrash,LastRespects,FlipTurn|Jolly||M|||50|]Incineroar||SitrusBerry|Intimidate|ThroatChop,FlareBlitz,FakeOut,PartingShot|Careful||F|||50|]Gengar||Gengarite|CursedBody|ShadowBall,SludgeWave,WillOWisp,Protect|Timid||M|||50|]Goodra-Hisui||Leftovers|Gooey|DragonPulse,DragonTail,FlashCannon,Thunderbolt|Quiet||M|||50|]Pidgeot||Pidgeotite|KeenEye|Hurricane,Protect,Tailwind,HeatWave|Timid||M|||50|
|showteam|p2|Incineroar||MuscleBand|Intimidate|ThroatChop,FlareBlitz,FakeOut,PartingShot|Brave||F|||50|]Farigiraf||SitrusBerry|ArmorTail|FoulPlay,PsychicNoise,TrickRoom,HelpingHand|Relaxed||M|||50|]Sylveon||FairyFeather|Pixilate|HyperVoice,HyperBeam,Yawn,Detect|Modest||F|||50|]Torkoal||Charcoal|Drought|Eruption,EarthPower,Flamethrower,Protect|Quiet||F|||50|]Kangaskhan||Kangaskhanite|Scrappy|DoubleEdge,FakeOut,IcePunch,HammerArm|Brave||F|||50|]Mawile||Mawilite|HyperCutter|RockSlide,PlayRough,SuckerPunch,Protect|Brave||M|||50|
|inactive|Battle timer is ON: inactive players will automatically lose when time's up. (requested by reuman)
|inactive|reuman has 60 seconds left.
|
|t:|1784394293
|teamsize|p1|4
|teamsize|p2|4
|start
|switch|p1a: Incineroar|Incineroar, L50, F|100/100
|switch|p1b: Goodra|Goodra-Hisui, L50, M|100/100
|switch|p2a: Farigiraf|Farigiraf, L50, M|100/100
|switch|p2b: Kangaskhan|Kangaskhan, L50, F|100/100
|-ability|p1a: Incineroar|Intimidate|boost
|-unboost|p2a: Farigiraf|atk|1
|-fail|p2b: Kangaskhan|unboost|Attack|[from] ability: Scrappy|[of] p2b: Kangaskhan
|turn|1
|inactive|reuman has 30 seconds left.
|inactive|andiom123 has 30 seconds left.
|
|t:|1784394323
|detailschange|p2b: Kangaskhan|Kangaskhan-Mega, L50, F
|-mega|p2b: Kangaskhan|Kangaskhan|Kangaskhanite
|move|p2b: Kangaskhan|Fake Out|p1a: Incineroar
|-damage|p1a: Incineroar|77/100
|-damage|p1a: Incineroar|72/100
|-hitcount|p1a: Incineroar|2
|cant|p1a: Incineroar|flinch
|move|p1b: Goodra|Dragon Pulse|p2a: Farigiraf
|-damage|p2a: Farigiraf|57/100
|move|p2a: Farigiraf|Foul Play|p1a: Incineroar
|-resisted|p1a: Incineroar|1
|-damage|p1a: Incineroar|60/100
|
|upkeep
|turn|2
|inactive|reuman has 30 seconds left.
|inactive|reuman has 20 seconds left.
|inactive|reuman has 15 seconds left.
|inactive|reuman has 10 seconds left.
|
|t:|1784394368
|move|p2b: Kangaskhan|Hammer Arm|p1a: Incineroar
|-supereffective|p1a: Incineroar|1
|-damage|p1a: Incineroar|0 fnt
|-unboost|p2b: Kangaskhan|spe|1
|faint|p1a: Incineroar
|move|p1b: Goodra|Dragon Pulse|p2a: Farigiraf
|-damage|p2a: Farigiraf|16/100
|-enditem|p2a: Farigiraf|Sitrus Berry|[eat]
|-heal|p2a: Farigiraf|41/100|[from] item: Sitrus Berry
|move|p2a: Farigiraf|Trick Room|p2a: Farigiraf
|-fieldstart|move: Trick Room|[of] p2a: Farigiraf
|
|upkeep
|
|t:|1784394374
|switch|p1a: Garchomp|Garchomp, L50, M|100/100
|turn|3
|
|t:|1784394387
|switch|p1b: Gengar|Gengar, L50, M, shiny|100/100
|move|p2a: Farigiraf|Psychic Noise|p1b: Gengar
|-supereffective|p1b: Gengar|1
|-damage|p1b: Gengar|3/100
|-start|p1b: Gengar|move: Heal Block
|move|p2b: Kangaskhan|Ice Punch|p1a: Garchomp
|-supereffective|p1a: Garchomp|2
|-damage|p1a: Garchomp|0 fnt
|-damage|p2b: Kangaskhan|87/100|[from] ability: Rough Skin|[of] p1a: Garchomp
|faint|p1a: Garchomp
|
|upkeep
|
|t:|1784394403
|switch|p1a: Goodra|Goodra-Hisui, L50, M|100/100
|turn|4
|
|t:|1784394417
|detailschange|p1b: Gengar|Gengar-Mega, L50, M, shiny
|-mega|p1b: Gengar|Gengar|Gengarite
|move|p1b: Gengar|Protect|p1b: Gengar
|-singleturn|p1b: Gengar|Protect
|move|p2b: Kangaskhan|Hammer Arm|p1a: Goodra|[miss]
|-miss|p2b: Kangaskhan|p1a: Goodra
|move|p2a: Farigiraf|Psychic Noise|p1b: Gengar
|-activate|p1b: Gengar|move: Protect
|move|p1a: Goodra|Dragon Pulse|p2b: Kangaskhan
|-damage|p2b: Kangaskhan|50/100g
|
|-end|p1b: Gengar|move: Heal Block
|upkeep
|turn|5
|
|t:|1784394438
|move|p2a: Farigiraf|Psychic Noise|p1b: Gengar
|-supereffective|p1b: Gengar|1
|-damage|p1b: Gengar|0 fnt
|faint|p1b: Gengar
|move|p1a: Goodra|Dragon Pulse|p2b: Kangaskhan
|-damage|p2b: Kangaskhan|17/100
|move|p2b: Kangaskhan|Hammer Arm|p1a: Goodra|[miss]
|-miss|p2b: Kangaskhan|p1a: Goodra
|
|upkeep
|turn|6
|
|t:|1784394455
|move|p2b: Kangaskhan|Hammer Arm|p1a: Goodra
|-supereffective|p1a: Goodra|1
|-damage|p1a: Goodra|34/100
|-unboost|p2b: Kangaskhan|spe|1
|-ability|p1a: Goodra|Gooey
|-unboost|p2b: Kangaskhan|spe|1
|-supereffective|p1a: Goodra|1
|-damage|p1a: Goodra|17/100
|-unboost|p2b: Kangaskhan|spe|1
|-ability|p1a: Goodra|Gooey
|-unboost|p2b: Kangaskhan|spe|1
|-hitcount|p1a: Goodra|2
|move|p2a: Farigiraf|Psychic Noise|p1a: Goodra
|-resisted|p1a: Goodra|1
|-damage|p1a: Goodra|8/100
|-start|p1a: Goodra|move: Heal Block
|move|p1a: Goodra|Dragon Pulse|p2a: Farigiraf
|-damage|p2a: Farigiraf|3/100
|
|-fieldend|move: Trick Room
|upkeep
|turn|7
|inactive|andiom123 has 30 seconds left.
|
|t:|1784394481
|move|p2a: Farigiraf|Psychic Noise|p1a: Goodra
|-resisted|p1a: Goodra|1
|-damage|p1a: Goodra|0 fnt
|faint|p1a: Goodra
|
|win|andiom123
|raw|reuman's rating: 1064 → 1053(-11 for losing)
|raw|andiom123's rating: 1221 → 1235(+14 for winning)
|l|☆reuman
|player|p1|
