|j|☆NyulaDraws
|j|☆Isdizpotato
|html|NyulaDrawsIsdizpotato    
|uhtml|bestof|Game 1 of a best-of-3
|t:|1783437365
|gametype|doubles
|player|p1|NyulaDraws|backpacker|1058
|player|p2|Isdizpotato|101|1015
|gen|9
|tier|[Gen 9 Champions] VGC 2026 Reg M-B (Bo3)
|rated|
|rule|Species Clause: Limit one of each Pokémon
|rule|Item Clause: Limit 1 of each item
|clearpoke
|poke|p1|Blastoise, L50, F|
|poke|p1|Delphox, L50, F, shiny|
|poke|p1|Incineroar, L50, F|
|poke|p1|Sneasler, L50, F|
|poke|p1|Sinistcha, L50|
|poke|p1|Maushold-Four, L50|
|poke|p2|Tyranitar, L50, M|
|poke|p2|Alakazam, L50, F|
|poke|p2|Lucario, L50, F|
|poke|p2|Metagross, L50|
|poke|p2|Sceptile, L50, M|
|poke|p2|Froslass, L50, F|
|teampreview|4
|showteam|p1|Blastoise||Blastoisinite|RainDish|WaterSpout,DarkPulse,ShellSmash,Protect|Modest||F|||50|]Delphox||Delphoxite|Blaze|HeatWave,Psyshock,NastyPlot,Protect|Timid||F|||50|]Incineroar||SitrusBerry|Intimidate|FakeOut,FlareBlitz,ThroatChop,PartingShot|Impish||F|||50|]Sneasler||FocusSash|PoisonTouch|FakeOut,CloseCombat,DireClaw,QuickGuard|Jolly||F|||50|]Sinistcha||KasibBerry|Hospitality|MatchaGotcha,LifeDew,RagePowder,Protect|Bold|||||50|]Maushold-Four||ChopleBerry|FriendGuard|SuperFang,Feint,FollowMe,SunnyDay|Impish|||||50|
|showteam|p2|Tyranitar||Tyranitarite|SandStream|Earthquake,DragonTail,KnockOff,RockSlide|Adamant||M|||50|]Alakazam||LightClay|MagicGuard|Reflect,LightScreen,Psychic,Protect|Bold||F|||50|]Lucario||SitrusBerry|InnerFocus|Coaching,CloseCombat,ExtremeSpeed,HealPulse|Jolly||F|||50|]Metagross||Metagrossite|ClearBody|BulletPunch,Earthquake,MeteorMash,PsychicFangs|Adamant|||||50|]Sceptile||ChoiceScarf|Overgrow|GigaDrain,DragonPulse,EarthPower,HelpingHand|Modest||M|||50|]Froslass||Froslassite|CursedBody|Blizzard,NastyPlot,DrainingKiss,ShadowBall|Bold||F|||50|
|
|t:|1783437438
|teamsize|p1|4
|teamsize|p2|4
|start
|switch|p1a: Blastoise|Blastoise, L50, F|100/100
|switch|p1b: Sinistcha|Sinistcha, L50|100/100
|switch|p2a: Alakazam|Alakazam, L50, F|100/100
|switch|p2b: Froslass|Froslass, L50, F|100/100
|turn|1
|
|t:|1783437474
|detailschange|p1a: Blastoise|Blastoise-Mega, L50, F
|-mega|p1a: Blastoise|Blastoise|Blastoisinite
|move|p2a: Alakazam|Light Screen|p2a: Alakazam
|-sidestart|p2: Isdizpotato|move: Light Screen
|move|p2b: Froslass|Nasty Plot|p2b: Froslass
|-boost|p2b: Froslass|spa|2
|move|p1a: Blastoise|Dark Pulse|p2b: Froslass
|-supereffective|p2b: Froslass|1
|-damage|p2b: Froslass|21/100
|-start|p1a: Blastoise|Disable|Dark Pulse|[from] ability: Cursed Body|[of] p2b: Froslass
|move|p1b: Sinistcha|Matcha Gotcha|p2a: Alakazam|[spread] p2a,p2b
|-damage|p2a: Alakazam|81/100
|-damage|p2b: Froslass|2/100
|
|upkeep
|turn|2
|
|t:|1783437507
|switch|p1a: Incineroar|Incineroar, L50, F|100/100
|-ability|p1a: Incineroar|Intimidate|boost
|-unboost|p2a: Alakazam|atk|1
|-unboost|p2b: Froslass|atk|1
|move|p1b: Sinistcha|Protect|p1b: Sinistcha
|-singleturn|p1b: Sinistcha|Protect
|move|p2a: Alakazam|Psychic|p1b: Sinistcha
|-activate|p1b: Sinistcha|move: Protect
|move|p2b: Froslass|Draining Kiss|p1a: Incineroar
|-damage|p1a: Incineroar|83/100
|-heal|p2b: Froslass|16/100|[from] drain|[of] p1a: Incineroar
|
|upkeep
|turn|3
|
|t:|1783437542
|move|p2a: Alakazam|Psychic|p1b: Sinistcha
|-damage|p1b: Sinistcha|62/100
|move|p2b: Froslass|Draining Kiss|p1b: Sinistcha
|-damage|p1b: Sinistcha|46/100
|-heal|p2b: Froslass|29/100|[from] drain|[of] p1b: Sinistcha
|move|p1b: Sinistcha|Matcha Gotcha|p2a: Alakazam|[spread] p2a,p2b
|-damage|p2a: Alakazam|62/100
|-heal|p1b: Sinistcha|54/100|[from] drain|[of] p2a: Alakazam
|-damage|p2b: Froslass|10/100
|-heal|p1b: Sinistcha|64/100|[from] drain|[of] p2b: Froslass
|move|p1a: Incineroar|Flare Blitz|p2b: Froslass
|-supereffective|p2b: Froslass|1
|-damage|p2b: Froslass|0 fnt
|-start|p1a: Incineroar|Disable|Flare Blitz|[from] ability: Cursed Body|[of] p2b: Froslass
|faint|p2b: Froslass
|-damage|p1a: Incineroar|80/100|[from] Recoil
|
|upkeep
|inactive|Battle timer is ON: inactive players will automatically lose when time's up. (requested by NyulaDraws)
|
|t:|1783437571
|switch|p2b: Metagross|Metagross, L50|100/100
|turn|4
|
|t:|1783437592
|detailschange|p2b: Metagross|Metagross-Mega, L50
|-mega|p2b: Metagross|Metagross|Metagrossite
|move|p2b: Metagross|Earthquake|p1a: Incineroar|[spread] p2a,p1a,p1b
|-supereffective|p1a: Incineroar|1
|-resisted|p1b: Sinistcha|1
|-damage|p2a: Alakazam|31/100
|-damage|p1a: Incineroar|44/100
|-damage|p1b: Sinistcha|52/100
|-enditem|p1a: Incineroar|Sitrus Berry|[eat]
|-heal|p1a: Incineroar|69/100|[from] item: Sitrus Berry
|move|p2a: Alakazam|Reflect|p2a: Alakazam
|-sidestart|p2: Isdizpotato|Reflect
|move|p1b: Sinistcha|Life Dew|p1b: Sinistcha|[spread] p1a,p1b
|-heal|p1a: Incineroar|94/100
|-heal|p1b: Sinistcha|77/100
|move|p1a: Incineroar|Throat Chop|p2a: Alakazam
|-supereffective|p2a: Alakazam|1
|-damage|p2a: Alakazam|0 fnt
|faint|p2a: Alakazam
|
|upkeep
|
|t:|1783437610
|switch|p2a: Lucario|Lucario, L50, F|100/100
|turn|5
|
|t:|1783437618
|move|p1b: Sinistcha|Rage Powder|p1b: Sinistcha
|-singleturn|p1b: Sinistcha|move: Rage Powder
|move|p2b: Metagross|Earthquake|p1b: Sinistcha|[spread] p2a,p1a,p1b
|-supereffective|p2a: Lucario|1
|-supereffective|p1a: Incineroar|1
|-resisted|p1b: Sinistcha|1
|-damage|p2a: Lucario|48/100
|-damage|p1a: Incineroar|54/100
|-damage|p1b: Sinistcha|65/100
|-enditem|p2a: Lucario|Sitrus Berry|[eat]
|-heal|p2a: Lucario|73/100|[from] item: Sitrus Berry
|move|p2a: Lucario|Coaching|p2b: Metagross
|-boost|p2b: Metagross|atk|1
|-boost|p2b: Metagross|def|1
|move|p1a: Incineroar|Throat Chop|p2b: Metagross
|-supereffective|p2b: Metagross|1
|-damage|p2b: Metagross|80/100
|-start|p2b: Metagross|Throat Chop|[silent]
|
|upkeep
|turn|6
|inactive|Isdizpotato has 30 seconds left.
|
|t:|1783437646
|move|p2a: Lucario|Extreme Speed|p1a: Incineroar
|-damage|p1a: Incineroar|40/100
|move|p2b: Metagross|Meteor Mash|p1b: Sinistcha
|-damage|p1b: Sinistcha|0 fnt
|faint|p1b: Sinistcha
|move|p1a: Incineroar|Parting Shot|p2b: Metagross
|-unboost|p2b: Metagross|atk|1
|-unboost|p2b: Metagross|spa|1
|
|t:|1783437666
|switch|p1a: Blastoise|Blastoise-Mega, L50, F|100/100|[from] Parting Shot
|
|-end|p2b: Metagross|Throat Chop|[silent]
|upkeep
|
|t:|1783437670
|switch|p1b: Incineroar|Incineroar, L50, F|40/100
|-ability|p1b: Incineroar|Intimidate|boost
|-fail|p2a: Lucario|unboost|Attack|[from] ability: Inner Focus|[of] p2a: Lucario
|-unboost|p2b: Metagross|atk|1
|turn|7
|
|t:|1783437690
|move|p2b: Metagross|Meteor Mash|p1a: Blastoise
|-resisted|p1a: Blastoise|1
|-damage|p1a: Blastoise|79/100
|-boost|p2b: Metagross|atk|1
|move|p2a: Lucario|Coaching|p2b: Metagross
|-boost|p2b: Metagross|atk|1
|-boost|p2b: Metagross|def|1
|move|p1a: Blastoise|Water Spout|p2a: Lucario|[spread] p2a,p2b
|-damage|p2a: Lucario|24/100
|-damage|p2b: Metagross|52/100
|move|p1b: Incineroar|Flare Blitz|p2a: Lucario
|-supereffective|p2a: Lucario|1
|-damage|p2a: Lucario|0 fnt
|faint|p2a: Lucario
|-damage|p1b: Incineroar|34/100|[from] Recoil
|
|upkeep
|turn|8
|
|t:|1783437711
|move|p1a: Blastoise|Protect|p1a: Blastoise
|-singleturn|p1a: Blastoise|Protect
|move|p2b: Metagross|Earthquake|p1a: Blastoise|[spread] p1b
|-activate|p1a: Blastoise|move: Protect
|-supereffective|p1b: Incineroar|1
|-damage|p1b: Incineroar|0 fnt
|faint|p1b: Incineroar
|
|-sideend|p2: Isdizpotato|move: Light Screen
|upkeep
|
|t:|1783437719
|switch|p1b: Sneasler|Sneasler, L50, F|100/100
|turn|9
|
|t:|1783437725
|move|p1b: Sneasler|Fake Out|p2b: Metagross
|-resisted|p2b: Metagross|1
|-damage|p2b: Metagross|50/100g
|cant|p2b: Metagross|flinch
|move|p1a: Blastoise|Shell Smash|p1a: Blastoise
|-unboost|p1a: Blastoise|def|1
|-unboost|p1a: Blastoise|spd|1
|-boost|p1a: Blastoise|atk|2
|-boost|p1a: Blastoise|spa|2
|-boost|p1a: Blastoise|spe|2
|
|upkeep
|turn|10
|
|t:|1783437741
|move|p1a: Blastoise|Dark Pulse|p2b: Metagross
|-supereffective|p2b: Metagross|1
|-damage|p2b: Metagross|0 fnt
|faint|p2b: Metagross
|
|win|NyulaDraws
||NyulaDraws is ready for game 2.
|l|☆Isdizpotato
|player|p2|
|inactive|Isdizpotato has 30 seconds to confirm battle start!
|inactive|Isdizpotato has 20 seconds to confirm battle start!
|inactive|Isdizpotato has 10 seconds to confirm battle start!
|uhtml|next|Next: Game 2 of 3
