|j|☆tastethekoalabear
|j|☆GetaJobApplication
|html|tastethekoalabearGetaJobApplication    
|uhtml|bestof|Game 3 of a best-of-3
|t:|1757086982
|gametype|doubles
|player|p1|tastethekoalabear|cheryl|1231
|player|p2|GetaJobApplication|cynthia-gen4|1151
|gen|9
|tier|[Gen 9] VGC 2025 Reg H (Bo3)
|rated|
|rule|Species Clause: Limit one of each Pokémon
|rule|Item Clause: Limit 1 of each item
|clearpoke
|poke|p1|Tyranitar, L50, M|
|poke|p1|Excadrill, L50, F|
|poke|p1|Annihilape, L50, M|
|poke|p1|Corviknight, L50, M|
|poke|p1|Volcarona, L50, F|
|poke|p1|Sneasler, L50, F|
|poke|p2|Rillaboom, L50, F|
|poke|p2|Magmar, L50, F|
|poke|p2|Kingambit, L50, M|
|poke|p2|Ninetales-Alola, L50, M|
|poke|p2|Basculegion, L50, M|
|poke|p2|Sneasler, L50, M|
|teampreview|4
|showteam|p1|Tyranitar||AssaultVest|SandStream|KnockOff,RockSlide,TeraBlast,LowKick|||M|||50|,,,,,Flying]Excadrill||FocusSash|SandRush|IronHead,HighHorsepower,Earthquake,Protect|||F|||50|,,,,,Stellar]Annihilape||SafetyGoggles|Defiant|BulkUp,RageFist,DrainPunch,Taunt|||M|||50|,,,,,Water]Corviknight||Leftovers|MirrorArmor|BraveBird,BulkUp,Roost,Tailwind|||M|||50|,,,,,Dragon]Volcarona||SitrusBerry|FlameBody|StruggleBug,GigaDrain,FieryDance,RagePowder|||F|||50|,,,,,Grass]Sneasler||WhiteHerb|Unburden|Protect,CloseCombat,DireClaw,ThroatChop|||F|||50|,,,,,Dark
|showteam|p2|Rillaboom||AssaultVest|GrassySurge|DrumBeating,GrassyGlide,FakeOut,Uturn|||F|||50|,,,,,Ghost]Magmar||Eviolite|VitalSpirit|Overheat,FollowMe,Taunt,Protect|||F|||50|,,,,,Ghost]Kingambit||BlackGlasses|Defiant|KowtowCleave,SuckerPunch,SwordsDance,Protect|||M|||50|,,,,,Fire]Ninetales-Alola||LifeOrb|SnowWarning|Blizzard,FreezeDry,Encore,Protect|||M|||50|,,,,,Ghost]Basculegion||ChoiceScarf|Adaptability|WaveCrash,LastRespects,FlipTurn,TeraBlast|||M|||50|,,,,,Fighting]Sneasler||FocusSash|PoisonTouch|CloseCombat,DireClaw,FakeOut,Protect|||M|||50|,,,,,Ghost
|inactive|Battle timer is ON: inactive players will automatically lose when time's up. (requested by tastethekoalabear)
|
|t:|1757087003
|teamsize|p1|4
|teamsize|p2|4
|start
|switch|p1a: Spine Breaker|Sneasler, L50, F|100/100
|switch|p1b: Moky|Annihilape, L50, M|100/100
|switch|p2a: Basculegion|Basculegion, L50, M|100/100
|switch|p2b: Rillaboom|Rillaboom, L50, F|100/100
|-fieldstart|move: Grassy Terrain|[from] ability: Grassy Surge|[of] p2b: Rillaboom
|turn|1
|
|t:|1757087020
|move|p2b: Rillaboom|Grassy Glide|p1b: Moky
|-damage|p1b: Moky|60/100
|move|p2a: Basculegion|Wave Crash|p1b: Moky
|-damage|p1b: Moky|0 fnt
|faint|p1b: Moky
|-damage|p2a: Basculegion|80/100|[from] Recoil
|move|p1a: Spine Breaker|Close Combat|p2b: Rillaboom
|-damage|p2b: Rillaboom|37/100
|-unboost|p1a: Spine Breaker|def|1
|-unboost|p1a: Spine Breaker|spd|1
|-enditem|p1a: Spine Breaker|White Herb
|-clearnegativeboost|p1a: Spine Breaker|[silent]
|
|-heal|p2a: Basculegion|86/100|[from] Grassy Terrain
|-heal|p2b: Rillaboom|44/100|[from] Grassy Terrain
|upkeep
|
|t:|1757087036
|switch|p1b: Mountain|Excadrill, L50, F|100/100
|turn|2
|
|t:|1757087056
|move|p1b: Mountain|Protect|p1b: Mountain
|-singleturn|p1b: Mountain|Protect
|move|p2b: Rillaboom|Grassy Glide|p1b: Mountain
|-activate|p1b: Mountain|move: Protect
|move|p1a: Spine Breaker|Throat Chop|p2a: Basculegion
|-supereffective|p2a: Basculegion
|-damage|p2a: Basculegion|11/100
|-start|p2a: Basculegion|Throat Chop|[silent]
|move|p2a: Basculegion|Wave Crash|p1a: Spine Breaker
|-damage|p1a: Spine Breaker|0 fnt
|faint|p1a: Spine Breaker
|-damage|p2a: Basculegion|0 fnt|[from] Recoil
|faint|p2a: Basculegion
|
|-heal|p2b: Rillaboom|50/100|[from] Grassy Terrain
|upkeep
|
|t:|1757087068
|switch|p1a: Tokyo|Tyranitar, L50, M|100/100
|switch|p2a: Sneasler|Sneasler, L50, M|100/100
|-weather|Sandstorm|[from] ability: Sand Stream|[of] p1a: Tokyo
|turn|3
|
|t:|1757087078
|-terastallize|p1a: Tokyo|Flying
|move|p2a: Sneasler|Fake Out|p1b: Mountain
|-resisted|p1b: Mountain
|-damage|p1b: Mountain|90/100
|cant|p1b: Mountain|flinch
|move|p2b: Rillaboom|Drum Beating|p1b: Mountain
|-damage|p1b: Mountain|7/100
|-unboost|p1b: Mountain|spe|1
|move|p1a: Tokyo|Tera Blast|p2b: Rillaboom|[anim] Tera Blast Flying
|-supereffective|p2b: Rillaboom
|-damage|p2b: Rillaboom|0 fnt
|faint|p2b: Rillaboom
|
|-weather|Sandstorm|[upkeep]
|-damage|p2a: Sneasler|95/100|[from] Sandstorm
|-damage|p1a: Tokyo|95/100|[from] Sandstorm
|-heal|p1b: Mountain|13/100|[from] Grassy Terrain
|-heal|p2a: Sneasler|100/100|[from] Grassy Terrain
|upkeep
|
|t:|1757087088
|switch|p2b: Ninetales|Ninetales-Alola, L50, M|100/100
|-weather|Snowscape|[from] ability: Snow Warning|[of] p2b: Ninetales
|turn|4
|
|t:|1757087098
|-terastallize|p2b: Ninetales|Ghost
|move|p1b: Mountain|Protect|p1b: Mountain
|-singleturn|p1b: Mountain|Protect
|move|p2b: Ninetales|Blizzard|p1a: Tokyo|[spread] p1a
|-activate|p1b: Mountain|move: Protect
|-supereffective|p1a: Tokyo
|-crit|p1a: Tokyo
|-damage|p1a: Tokyo|21/100
|-damage|p2b: Ninetales|91/100|[from] item: Life Orb
|move|p2a: Sneasler|Dire Claw|p1a: Tokyo
|-damage|p1a: Tokyo|0 fnt
|faint|p1a: Tokyo
|
|-weather|Snowscape|[upkeep]
|-heal|p2b: Ninetales|97/100|[from] Grassy Terrain
|-heal|p1b: Mountain|19/100|[from] Grassy Terrain
|upkeep
|turn|5
|
|t:|1757087111
|move|p2b: Ninetales|Freeze-Dry|p1b: Mountain
|-damage|p1b: Mountain|0 fnt
|faint|p1b: Mountain
|-damage|p2b: Ninetales|88/100|[from] item: Life Orb
|
|win|GetaJobApplication
|raw|tastethekoalabear's rating: 1231 → 1200(-31 for losing)
|raw|GetaJobApplication's rating: 1151 → 1182(+31 for winning)
|l|☆tastethekoalabear
|player|p1|
