|j|☆furretusedpunch
|j|☆RustyTacos27
|html|furretusedpunchRustyTacos27    
|uhtml|bestof|Game 2 of a best-of-3
|t:|1755992161
|gametype|doubles
|player|p1|furretusedpunch|lacey|1163
|player|p2|RustyTacos27|169|1255
|gen|9
|tier|[Gen 9] VGC 2025 Reg H (Bo3)
|rated|
|rule|Species Clause: Limit one of each Pokémon
|rule|Item Clause: Limit 1 of each item
|clearpoke
|poke|p1|Gholdengo, L50|
|poke|p1|Sneasler, L50, M|
|poke|p1|Rillaboom, L50, F|
|poke|p1|Dragonite, L50, M|
|poke|p1|Ninetales-Alola, L50, F|
|poke|p1|Arcanine-Hisui, L50, F|
|poke|p2|Grimmsnarl, L50, M|
|poke|p2|Incineroar, L50, F|
|poke|p2|Gliscor, L50, F|
|poke|p2|Archaludon, L50, M|
|poke|p2|Sinistcha, L50|
|poke|p2|Pelipper, L50, F|
|teampreview|4
|showteam|p1|Gholdengo||GrassySeed|GoodasGold|NastyPlot,MakeItRain,ShadowBall,Protect||||||50|,,,,,Water]Sneasler||WhiteHerb|Unburden|CloseCombat,DireClaw,Coaching,Protect|||M|||50|,,,,,Ghost]Rillaboom||AssaultVest|GrassySurge|FakeOut,GrassyGlide,DrumBeating,HighHorsepower|||F|||50|,,,,,Fire]Dragonite||LoadedDice|Multiscale|ScaleShot,StompingTantrum,Tailwind,Protect|||M|||50|,,,,,Ground]Ninetales-Alola||FocusSash|SnowWarning|Blizzard,IcyWind,Encore,AuroraVeil|||F|||50|,,,,,Ghost]Arcanine-Hisui||ClearAmulet|Intimidate|RockSlide,FlareBlitz,ExtremeSpeed,Protect|||F|||50|,,,,,Water
|showteam|p2|Grimmsnarl||LightClay|Prankster|ThunderWave,LightScreen,Reflect,SpiritBreak|||M|||50|,,,,,Ghost]Incineroar||SafetyGoggles|Intimidate|FakeOut,KnockOff,FlareBlitz,PartingShot|||F|||50|,,,,,Ghost]Gliscor||ToxicOrb|PoisonHeal|DualWingbeat,SwordsDance,Protect,HighHorsepower|||F|||50|,,,,,Water]Archaludon||PowerHerb|Stalwart|ElectroShot,DracoMeteor,Thunderbolt,Protect|||M|||50|,,,,,Electric]Sinistcha||AssaultVest|Hospitality|MatchaGotcha,ShadowBall,Scald,LeafStorm||||||50|,,,,,Water]Pelipper||FocusSash|Drizzle|WeatherBall,Hurricane,Tailwind,Protect|||F|||50|,,,,,Ghost
|
|t:|1755992204
|teamsize|p1|4
|teamsize|p2|4
|start
|switch|p1a: Ninetales|Ninetales-Alola, L50, F|100/100
|switch|p1b: Gholdengo|Gholdengo, L50|100/100
|switch|p2a: Grimmsnarl|Grimmsnarl, L50, M|100/100
|switch|p2b: Gliscor|Gliscor, L50, F|100/100
|-weather|Snowscape|[from] ability: Snow Warning|[of] p1a: Ninetales
|turn|1
|
|t:|1755992222
|-terastallize|p2b: Gliscor|Water
|move|p2a: Grimmsnarl|Thunder Wave|p1a: Ninetales
|-status|p1a: Ninetales|par
|move|p1b: Gholdengo|Nasty Plot|p1b: Gholdengo
|-boost|p1b: Gholdengo|spa|2
|move|p2b: Gliscor|Swords Dance|p2b: Gliscor
|-boost|p2b: Gliscor|atk|2
|cant|p1a: Ninetales|par
|
|-weather|Snowscape|[upkeep]
|-status|p2b: Gliscor|tox|[from] item: Toxic Orb
|upkeep
|turn|2
|
|t:|1755992237
|switch|p1a: Rillaboom|Rillaboom, L50, F|100/100
|-fieldstart|move: Grassy Terrain|[from] ability: Grassy Surge|[of] p1a: Rillaboom
|-enditem|p1b: Gholdengo|Grassy Seed
|-boost|p1b: Gholdengo|def|1|[from] item: Grassy Seed
|move|p1b: Gholdengo|Protect|p1b: Gholdengo
|-singleturn|p1b: Gholdengo|Protect
|move|p2a: Grimmsnarl|Light Screen|p2a: Grimmsnarl
|-sidestart|p2: RustyTacos27|move: Light Screen
|move|p2b: Gliscor|High Horsepower|p1b: Gholdengo
|-activate|p1b: Gholdengo|move: Protect
|
|-weather|Snowscape|[upkeep]
|upkeep
|turn|3
|
|t:|1755992252
|move|p2b: Gliscor|Protect|p2b: Gliscor
|-singleturn|p2b: Gliscor|Protect
|move|p1a: Rillaboom|Fake Out|p2b: Gliscor
|-activate|p2b: Gliscor|move: Protect
|move|p2a: Grimmsnarl|Reflect|p2a: Grimmsnarl
|-sidestart|p2: RustyTacos27|Reflect
|move|p1b: Gholdengo|Nasty Plot|p1b: Gholdengo
|-boost|p1b: Gholdengo|spa|2
|
|-weather|Snowscape|[upkeep]
|upkeep
|turn|4
|
|t:|1755992273
|-terastallize|p1a: Rillaboom|Fire
|move|p1b: Gholdengo|Protect|p1b: Gholdengo
|-singleturn|p1b: Gholdengo|Protect
|move|p2a: Grimmsnarl|Thunder Wave|p1a: Rillaboom
|-status|p1a: Rillaboom|par
|move|p2b: Gliscor|High Horsepower|p1b: Gholdengo
|-activate|p1b: Gholdengo|move: Protect
|move|p1a: Rillaboom|Drum Beating|p2b: Gliscor
|-supereffective|p2b: Gliscor
|-damage|p2b: Gliscor|49/100 tox
|-unboost|p2b: Gliscor|spe|1
|
|-weather|Snowscape|[upkeep]
|-heal|p2b: Gliscor|55/100 tox|[from] Grassy Terrain
|-heal|p2b: Gliscor|68/100 tox|[from] ability: Poison Heal
|upkeep
|turn|5
|inactive|Battle timer is ON: inactive players will automatically lose when time's up. (requested by RustyTacos27)
|
|t:|1755992314
|switch|p2a: Sinistcha|Sinistcha, L50|100/100
|-heal|p2b: Gliscor|92/100 tox|[from] ability: Hospitality|[of] p2a: Sinistcha
|cant|p1a: Rillaboom|par
|move|p1b: Gholdengo|Shadow Ball|p2b: Gliscor
|-damage|p2b: Gliscor|15/100 tox
|move|p2b: Gliscor|High Horsepower|p1b: Gholdengo
|-supereffective|p1b: Gholdengo
|-damage|p1b: Gholdengo|11/100
|
|-weather|none
|-heal|p1b: Gholdengo|17/100|[from] Grassy Terrain
|-heal|p2b: Gliscor|21/100 tox|[from] Grassy Terrain
|-heal|p2b: Gliscor|33/100 tox|[from] ability: Poison Heal
|upkeep
|turn|6
|
|t:|1755992338
|cant|p1a: Rillaboom|par
|move|p1b: Gholdengo|Shadow Ball|p2a: Sinistcha
|-supereffective|p2a: Sinistcha
|-damage|p2a: Sinistcha|0 fnt
|faint|p2a: Sinistcha
|move|p2b: Gliscor|High Horsepower|p1a: Rillaboom
|-supereffective|p1a: Rillaboom
|-damage|p1a: Rillaboom|0 fnt
|faint|p1a: Rillaboom
|
|-heal|p1b: Gholdengo|23/100|[from] Grassy Terrain
|-heal|p2b: Gliscor|40/100 tox|[from] Grassy Terrain
|-heal|p2b: Gliscor|52/100 tox|[from] ability: Poison Heal
|-fieldend|move: Grassy Terrain
|upkeep
|
|t:|1755992350
|switch|p1a: Ninetales|Ninetales-Alola, L50, F|100/100 par
|switch|p2a: Grimmsnarl|Grimmsnarl, L50, M|100/100
|-weather|Snowscape|[from] ability: Snow Warning|[of] p1a: Ninetales
|turn|7
|
|t:|1755992365
|move|p2b: Gliscor|Protect|p2b: Gliscor
|-singleturn|p2b: Gliscor|Protect
|move|p1b: Gholdengo|Make It Rain|p2b: Gliscor|[spread] p2a
|-activate|p2b: Gliscor|move: Protect
|-supereffective|p2a: Grimmsnarl
|-damage|p2a: Grimmsnarl|0 fnt
|-unboost|p1b: Gholdengo|spa|1
|faint|p2a: Grimmsnarl
|cant|p1a: Ninetales|par
|
|-weather|Snowscape|[upkeep]
|-heal|p2b: Gliscor|64/100 tox|[from] ability: Poison Heal
|upkeep
|
|t:|1755992372
|switch|p2a: Archaludon|Archaludon, L50, M|100/100
|turn|8
|
|t:|1755992386
|move|p1b: Gholdengo|Protect|p1b: Gholdengo
|-singleturn|p1b: Gholdengo|Protect
|move|p2a: Archaludon|Electro Shot||[still]
|-prepare|p2a: Archaludon|Electro Shot
|-boost|p2a: Archaludon|spa|1
|-enditem|p2a: Archaludon|Power Herb
|-anim|p2a: Archaludon|Electro Shot|p1b: Gholdengo
|-activate|p1b: Gholdengo|move: Protect
|move|p1a: Ninetales|Icy Wind|p2b: Gliscor|[spread] p2a,p2b
|-resisted|p2b: Gliscor
|-crit|p2b: Gliscor
|-damage|p2a: Archaludon|90/100
|-damage|p2b: Gliscor|52/100 tox
|-unboost|p2a: Archaludon|spe|1
|-unboost|p2b: Gliscor|spe|1
|move|p2b: Gliscor|Dual Wingbeat|p1a: Ninetales
|-damage|p1a: Ninetales|68/100 par
|-damage|p1a: Ninetales|35/100 par
|-hitcount|p1a: Ninetales|2
|
|-weather|Snowscape|[upkeep]
|-heal|p2b: Gliscor|64/100 tox|[from] ability: Poison Heal
|upkeep
|turn|9
|inactive|furretusedpunch has 30 seconds left.
|
|t:|1755992418
|move|p1b: Gholdengo|Shadow Ball|p2b: Gliscor
|-damage|p2b: Gliscor|0 fnt
|faint|p2b: Gliscor
|move|p1a: Ninetales|Aurora Veil|p1a: Ninetales
|-sidestart|p1: furretusedpunch|move: Aurora Veil
|move|p2a: Archaludon|Thunderbolt|p1b: Gholdengo
|-damage|p1b: Gholdengo|0 fnt
|faint|p1b: Gholdengo
|
|-weather|Snowscape|[upkeep]
|-sideend|p2: RustyTacos27|move: Light Screen
|upkeep
|
|t:|1755992425
|switch|p1b: Dragonite|Dragonite, L50, M|100/100
|turn|10
|
|t:|1755992429
|move|p1b: Dragonite|Stomping Tantrum|p2a: Archaludon
|-supereffective|p2a: Archaludon
|-damage|p2a: Archaludon|60/100
|cant|p1a: Ninetales|par
|move|p2a: Archaludon|Draco Meteor|p1b: Dragonite
|-supereffective|p1b: Dragonite
|-damage|p1b: Dragonite|30/100
|-unboost|p2a: Archaludon|spa|2
|
|-weather|Snowscape|[upkeep]
|-sideend|p2: RustyTacos27|Reflect
|upkeep
|turn|11
|inactive|furretusedpunch has 30 seconds left.
|
|t:|1755992458
|move|p1b: Dragonite|Stomping Tantrum|p2a: Archaludon
|-supereffective|p2a: Archaludon
|-damage|p2a: Archaludon|17/100
|move|p1a: Ninetales|Blizzard|p2a: Archaludon
|-damage|p2a: Archaludon|0 fnt
|faint|p2a: Archaludon
|
|win|furretusedpunch
|raw|furretusedpunch's rating: 1163 → 1194(+31 for winning)
|raw|RustyTacos27's rating: 1255 → 1224(-31 for losing)
