|j|☆Bruthathechosen
|j|☆Lukarioks
|html|BruthathechosenLukarioks    
|uhtml|bestof|Game 1 of a best-of-3
|t:|1756584084
|gametype|doubles
|player|p1|Bruthathechosen|lady-gen4|1102
|player|p2|Lukarioks|169|1000
|gen|9
|tier|[Gen 9] VGC 2025 Reg H (Bo3)
|rated|
|rule|Species Clause: Limit one of each Pokémon
|rule|Item Clause: Limit 1 of each item
|clearpoke
|poke|p1|Annihilape, L50, M|
|poke|p1|Maushold, L50|
|poke|p1|Incineroar, L50, M|
|poke|p1|Sinistcha-Masterpiece, L50|
|poke|p1|Inteleon, L50, M|
|poke|p1|Hydreigon, L50, M|
|poke|p2|Tyranitar, L50, F|
|poke|p2|Garchomp, L50, F|
|poke|p2|Skeledirge, L50, F|
|poke|p2|Volcarona, L50, M|
|poke|p2|Dondozo, L50, F|
|poke|p2|Tatsugiri, L50, M|
|teampreview|4
|showteam|p1|Annihilape||Leftovers|Defiant|BulkUp,RageFist,DrainPunch,Protect|||M|||50|,,,,,Fire]Maushold||SafetyGoggles|FriendGuard|Taunt,BeatUp,FollowMe,Protect||||||50|,,,,,Ghost]Incineroar||AssaultVest|Intimidate|FakeOut,FlareBlitz,KnockOff,Uturn|||M|||50|,,,,,Grass]Sinistcha-Masterpiece||RockyHelmet|Hospitality|MatchaGotcha,RagePowder,StrengthSap,Protect||||||50|,,,,,Water]Inteleon||FocusSash|Torrent|MuddyWater,IceBeam,Uturn,Protect|||M|||50|,,,,,Ghost]Hydreigon||SitrusBerry|Levitate|Snarl,DracoMeteor,Tailwind,Protect|||M|||50|,,,,,Ghost
|showteam|p2|Tyranitar||ClearAmulet|SandStream|RockSlide,KnockOff,TeraBlast,DragonDance|||F|||50|,,,,,Flying]Garchomp||LifeOrb|SandVeil|Earthquake,BreakingSwipe,Liquidation,StompingTantrum|||F|||50|,,,,,Water]Skeledirge||ThroatSpray|Unaware|TorchSong,AlluringVoice,ShadowBall,Snarl|||F|||50|,,,,,Fairy]Volcarona||IapapaBerry|FlameBody|HeatWave,BugBuzz,RagePowder,QuiverDance|||M|||50|,,,,,Grass]Dondozo||Leftovers|Unaware|OrderUp,WaveCrash,Waterfall,Substitute|||F|||50|,,,,,Steel]Tatsugiri||ChoiceScarf|Commander|DracoMeteor,MuddyWater,HydroPump,IcyWind|||M|||50|,,,,,Dragon
|inactive|Battle timer is ON: inactive players will automatically lose when time's up. (requested by Lukarioks)
|inactive|Bruthathechosen has 60 seconds left.
|inactive|Lukarioks has 60 seconds left.
|inactive|Lukarioks has 30 seconds left.
|
|t:|1756584147
|teamsize|p1|4
|teamsize|p2|4
|start
|switch|p1a: Annihilape|Annihilape, L50, M|100/100
|switch|p1b: Maushold|Maushold, L50|100/100
|switch|p2a: Skeledirge|Skeledirge, L50, F|100/100
|switch|p2b: Tyranitar|Tyranitar, L50, F|100/100
|-weather|Sandstorm|[from] ability: Sand Stream|[of] p2b: Tyranitar
|turn|1
|inactive|Lukarioks has 30 seconds left.
|
|t:|1756584174
|-terastallize|p2b: Tyranitar|Flying
|move|p1b: Maushold|Beat Up|p1a: Annihilape
|-crit|p1a: Annihilape
|-damage|p1a: Annihilape|96/100
|-crit|p1a: Annihilape
|-damage|p1a: Annihilape|92/100
|-damage|p1a: Annihilape|90/100
|-damage|p1a: Annihilape|88/100
|-hitcount|p1a: Annihilape|4
|move|p1a: Annihilape|Rage Fist|p2a: Skeledirge
|-supereffective|p2a: Skeledirge
|-damage|p2a: Skeledirge|0 fnt
|faint|p2a: Skeledirge
|move|p2b: Tyranitar|Dragon Dance|p2b: Tyranitar
|-boost|p2b: Tyranitar|atk|1
|-boost|p2b: Tyranitar|spe|1
|
|-weather|Sandstorm|[upkeep]
|-damage|p1a: Annihilape|82/100|[from] Sandstorm
|-damage|p2b: Tyranitar|94/100|[from] Sandstorm
|-heal|p1a: Annihilape|88/100|[from] item: Leftovers
|upkeep
|
|t:|1756584196
|switch|p2a: Tatsugiri|Tatsugiri, L50, M|100/100
|turn|2
|
|t:|1756584208
|move|p1b: Maushold|Follow Me|p1b: Maushold
|-singleturn|p1b: Maushold|move: Follow Me
|move|p2a: Tatsugiri|Muddy Water|p1b: Maushold|[spread] p1a,p1b
|-damage|p1a: Annihilape|64/100
|-damage|p1b: Maushold|51/100
|-unboost|p1a: Annihilape|accuracy|1
|-ability|p1a: Annihilape|Defiant|boost
|-boost|p1a: Annihilape|atk|2
|move|p1a: Annihilape|Bulk Up|p1a: Annihilape
|-boost|p1a: Annihilape|atk|1
|-boost|p1a: Annihilape|def|1
|move|p2b: Tyranitar|Tera Blast|p1b: Maushold|[anim] Tera Blast Flying
|-damage|p1b: Maushold|0 fnt
|faint|p1b: Maushold
|
|-weather|Sandstorm|[upkeep]
|-damage|p2a: Tatsugiri|95/100|[from] Sandstorm
|-damage|p1a: Annihilape|58/100|[from] Sandstorm
|-damage|p2b: Tyranitar|88/100|[from] Sandstorm
|-heal|p1a: Annihilape|64/100|[from] item: Leftovers
|upkeep
|
|t:|1756584220
|switch|p1b: Sinistcha|Sinistcha-Masterpiece, L50|100/100
|-heal|p1a: Annihilape|89/100|[from] ability: Hospitality|[of] p1b: Sinistcha
|turn|3
|
|t:|1756584233
|move|p1b: Sinistcha|Rage Powder|p1b: Sinistcha
|-singleturn|p1b: Sinistcha|move: Rage Powder
|move|p2a: Tatsugiri|Muddy Water|p1b: Sinistcha|[spread] p1a,p1b
|-resisted|p1b: Sinistcha
|-damage|p1a: Annihilape|56/100
|-damage|p1b: Sinistcha|82/100
|-unboost|p1b: Sinistcha|accuracy|1
|move|p1a: Annihilape|Rage Fist|p2b: Tyranitar
|-damage|p2b: Tyranitar|0 fnt
|faint|p2b: Tyranitar
|
|-weather|Sandstorm|[upkeep]
|-damage|p2a: Tatsugiri|89/100|[from] Sandstorm
|-damage|p1a: Annihilape|50/100|[from] Sandstorm
|-damage|p1b: Sinistcha|76/100|[from] Sandstorm
|-heal|p1a: Annihilape|56/100|[from] item: Leftovers
|upkeep
|
|t:|1756584242
|switch|p2b: Dondozo|Dondozo, L50, F|100/100
|-activate|p2a: Tatsugiri|ability: Commander|[of] p2b: Dondozo
|-boost|p2b: Dondozo|atk|2
|-boost|p2b: Dondozo|spa|2
|-boost|p2b: Dondozo|spe|2
|-boost|p2b: Dondozo|def|2
|-boost|p2b: Dondozo|spd|2
|turn|4
|
|t:|1756584255
|move|p1a: Annihilape|Protect|p1a: Annihilape
|-singleturn|p1a: Annihilape|Protect
|move|p2b: Dondozo|Order Up|p1a: Annihilape
|-activate|p1a: Annihilape|move: Protect
|move|p1b: Sinistcha|Strength Sap|p2b: Dondozo
|-unboost|p2b: Dondozo|atk|1
|-heal|p1b: Sinistcha|100/100
|
|-weather|Sandstorm|[upkeep]
|-damage|p2a: Tatsugiri|84/100|[from] Sandstorm
|-damage|p1a: Annihilape|50/100|[from] Sandstorm
|-damage|p2b: Dondozo|94/100|[from] Sandstorm
|-damage|p1b: Sinistcha|94/100|[from] Sandstorm
|-heal|p1a: Annihilape|56/100|[from] item: Leftovers
|-heal|p2b: Dondozo|100/100|[from] item: Leftovers
|upkeep
|turn|5
|
|t:|1756584270
|move|p1b: Sinistcha|Rage Powder|p1b: Sinistcha
|-singleturn|p1b: Sinistcha|move: Rage Powder
|move|p1a: Annihilape|Drain Punch|p2b: Dondozo
|-damage|p2b: Dondozo|91/100
|-heal|p1a: Annihilape|62/100|[from] drain|[of] p2b: Dondozo
|move|p2b: Dondozo|Order Up|p1b: Sinistcha
|-damage|p1b: Sinistcha|58/100
|-boost|p2b: Dondozo|atk|1
|
|-weather|none
|-heal|p1a: Annihilape|68/100|[from] item: Leftovers
|-heal|p2b: Dondozo|97/100|[from] item: Leftovers
|upkeep
|turn|6
|
|t:|1756584286
|move|p1a: Annihilape|Rage Fist|p2b: Dondozo
|-damage|p2b: Dondozo|53/100
|move|p2b: Dondozo|Substitute|p2b: Dondozo
|-start|p2b: Dondozo|Substitute
|-damage|p2b: Dondozo|29/100
|move|p1b: Sinistcha|Strength Sap||[still]
|-fail|p1b: Sinistcha
|
|-heal|p1a: Annihilape|74/100|[from] item: Leftovers
|-heal|p2b: Dondozo|35/100|[from] item: Leftovers
|upkeep
|turn|7
|inactive|Lukarioks has 30 seconds left.
|inactive|Lukarioks has 20 seconds left.
|
|t:|1756584321
|move|p1b: Sinistcha|Rage Powder|p1b: Sinistcha
|-singleturn|p1b: Sinistcha|move: Rage Powder
|move|p1a: Annihilape|Rage Fist|p2b: Dondozo
|-end|p2b: Dondozo|Substitute
|move|p2b: Dondozo|Order Up|p1b: Sinistcha
|-damage|p1b: Sinistcha|10/100
|-boost|p2b: Dondozo|atk|1
|
|-heal|p1a: Annihilape|80/100|[from] item: Leftovers
|-heal|p2b: Dondozo|41/100|[from] item: Leftovers
|upkeep
|turn|8
|
|t:|1756584343
|move|p1b: Sinistcha|Protect|p1b: Sinistcha
|-singleturn|p1b: Sinistcha|Protect
|move|p1a: Annihilape|Rage Fist|p2b: Dondozo
|-damage|p2b: Dondozo|0 fnt
|faint|p2b: Dondozo
|
|-heal|p1a: Annihilape|86/100|[from] item: Leftovers
|upkeep
|turn|9
|
|t:|1756584367
|move|p2a: Tatsugiri|Muddy Water|p1b: Sinistcha|[spread] p1a,p1b
|-resisted|p1b: Sinistcha
|-damage|p1a: Annihilape|53/100
|-damage|p1b: Sinistcha|0 fnt
|faint|p1b: Sinistcha
|move|p1a: Annihilape|Drain Punch|p2a: Tatsugiri|[miss]
|-miss|p1a: Annihilape|p2a: Tatsugiri
|
|-heal|p1a: Annihilape|59/100|[from] item: Leftovers
|upkeep
|
|t:|1756584373
|switch|p1b: Inteleon|Inteleon, L50, M|100/100
|turn|10
|
|t:|1756584380
|move|p2a: Tatsugiri|Muddy Water|p1a: Annihilape|[spread] p1a,p1b
|-resisted|p1b: Inteleon
|-damage|p1a: Annihilape|27/100
|-damage|p1b: Inteleon|67/100
|-unboost|p1b: Inteleon|accuracy|1
|move|p1b: Inteleon|Ice Beam|p2a: Tatsugiri|[miss]
|-miss|p1b: Inteleon|p2a: Tatsugiri
|move|p1a: Annihilape|Drain Punch|p2a: Tatsugiri|[miss]
|-miss|p1a: Annihilape|p2a: Tatsugiri
|
|-heal|p1a: Annihilape|33/100|[from] item: Leftovers
|upkeep
|turn|11
|
|t:|1756584393
|move|p1a: Annihilape|Protect|p1a: Annihilape
|-singleturn|p1a: Annihilape|Protect
|move|p2a: Tatsugiri|Muddy Water|p1a: Annihilape|[spread] p1b
|-activate|p1a: Annihilape|move: Protect
|-resisted|p1b: Inteleon
|-damage|p1b: Inteleon|34/100
|move|p1b: Inteleon|Ice Beam|p2a: Tatsugiri|[miss]
|-miss|p1b: Inteleon|p2a: Tatsugiri
|
|-heal|p1a: Annihilape|39/100|[from] item: Leftovers
|upkeep
|turn|12
|
|t:|1756584406
|move|p2a: Tatsugiri|Muddy Water|p1b: Inteleon|[spread] p1a,p1b
|-resisted|p1b: Inteleon
|-damage|p1a: Annihilape|7/100
|-damage|p1b: Inteleon|0 fnt
|faint|p1b: Inteleon
|move|p1a: Annihilape|Drain Punch|p2a: Tatsugiri
|-damage|p2a: Tatsugiri|0 fnt
|-heal|p1a: Annihilape|39/100|[from] drain|[of] p2a: Tatsugiri
|faint|p2a: Tatsugiri
|
|win|Bruthathechosen
||Bruthathechosen is ready for game 2.
|inactive|Lukarioks has 30 seconds to confirm battle start!
||Lukarioks is ready for game 2.
|uhtml|next|Next: Game 2 of 3
