|j|☆rowlet pesetero
|j|☆gustavlund
|html|rowlet peseterogustavlund    
|uhtml|bestof|Game 3 of a best-of-3
|t:|1755789492
|gametype|doubles
|player|p1|rowlet pesetero|cheren-gen5bw2|1248
|player|p2|gustavlund|giovanni|1392
|gen|9
|tier|[Gen 9] VGC 2025 Reg H (Bo3)
|rated|
|rule|Species Clause: Limit one of each Pokémon
|rule|Item Clause: Limit 1 of each item
|clearpoke
|poke|p1|Sneasler, L50, M|
|poke|p1|Indeedee, L50, M|
|poke|p1|Volcarona, L50, M|
|poke|p1|Ursaluna-Bloodmoon, L50, M|
|poke|p1|Annihilape, L50, M|
|poke|p1|Tyranitar, L50, F|
|poke|p2|Baxcalibur, L50, F|
|poke|p2|Dondozo, L50, M|
|poke|p2|Kingambit, L50, M|
|poke|p2|Rillaboom, L50, M|
|poke|p2|Sneasler, L50, F|
|poke|p2|Volcarona, L50, M|
|teampreview|4
|showteam|p1|Sneasler||PsychicSeed|Unburden|CloseCombat,DireClaw,ThroatChop,Protect|||M|||50|,,,,,Dark]Indeedee||ChoiceScarf|PsychicSurge|ExpandingForce,TeraBlast,Trick,Protect|||M|||50|,,,,,Psychic]Volcarona||SitrusBerry|FlameBody|Overheat,StruggleBug,RagePowder,Tailwind|||M|||50|,,,,,Grass]Ursaluna-Bloodmoon||LifeOrb|MindsEye|BloodMoon,HyperVoice,EarthPower,Protect|||M|||50|,,,,,Normal]Annihilape||SafetyGoggles|Defiant|CloseCombat,Taunt,RageFist,FinalGambit|||M|||50|,,,,,Fairy]Tyranitar||AssaultVest|SandStream|RockSlide,KnockOff,LowKick,TeraBlast|||F|||50|,,,,,Flying
|showteam|p2|Baxcalibur||LoadedDice|ThermalExchange|Protect,IcicleSpear,ScaleShot,IceShard|||F|||50|,,,,,Ghost]Dondozo||Leftovers|Unaware|Protect,Liquidation,Yawn,Fissure|||M|||50|,,,,,Bug]Kingambit||SafetyGoggles|Defiant|Protect,KowtowCleave,SuckerPunch,SwordsDance|||M|||50|,,,,,Dark]Rillaboom||AssaultVest|GrassySurge|WoodHammer,GrassyGlide,FakeOut,HighHorsepower|||M|||50|,,,,,Water]Sneasler||FocusSash|Unburden|Protect,CloseCombat,DireClaw,Coaching|||F|||50|,,,,,Stellar]Volcarona||CovertCloak|FlameBody|HeatWave,TeraBlast,QuiverDance,RagePowder|||M|||50|,,,,,Fairy
|inactive|Battle timer is ON: inactive players will automatically lose when time's up. (requested by gustavlund)
|
|t:|1755789521
|teamsize|p1|4
|teamsize|p2|4
|start
|switch|p1a: Sneasler|Sneasler, L50, M|100/100
|switch|p1b: Indeedee|Indeedee, L50, M|100/100
|switch|p2a: Baxcalibur|Baxcalibur, L50, F|100/100
|switch|p2b: Volcarona|Volcarona, L50, M|100/100
|-fieldstart|move: Psychic Terrain|[from] ability: Psychic Surge|[of] p1b: Indeedee
|-enditem|p1a: Sneasler|Psychic Seed
|-boost|p1a: Sneasler|spd|1|[from] item: Psychic Seed
|turn|1
|inactive|gustavlund has 30 seconds left.
|inactive|rowlet pesetero has 30 seconds left.
|
|t:|1755789554
|-terastallize|p1a: Sneasler|Dark
|move|p1a: Sneasler|Throat Chop|p2a: Baxcalibur
|-damage|p2a: Baxcalibur|55/100
|-start|p2a: Baxcalibur|Throat Chop|[silent]
|move|p1b: Indeedee|Expanding Force|p2a: Baxcalibur|[spread] p2a,p2b
|-damage|p2a: Baxcalibur|0 fnt
|-damage|p2b: Volcarona|45/100
|faint|p2a: Baxcalibur
|move|p2b: Volcarona|Heat Wave|p1a: Sneasler|[spread] p1a,p1b
|-damage|p1a: Sneasler|70/100
|-damage|p1b: Indeedee|52/100
|-status|p1a: Sneasler|brn
|-status|p1b: Indeedee|brn
|
|-damage|p1a: Sneasler|64/100 brn|[from] brn
|-damage|p1b: Indeedee|46/100 brn|[from] brn
|upkeep
|
|t:|1755789563
|switch|p2a: Rillaboom|Rillaboom, L50, M|100/100
|-fieldstart|move: Grassy Terrain|[from] ability: Grassy Surge|[of] p2a: Rillaboom
|turn|2
|
|t:|1755789587
|move|p2a: Rillaboom|Grassy Glide|p1a: Sneasler
|-damage|p1a: Sneasler|1/100 brn
|move|p1a: Sneasler|Dire Claw|p2b: Volcarona
|-damage|p2b: Volcarona|18/100
|move|p1b: Indeedee|Expanding Force|p2b: Volcarona
|-damage|p2b: Volcarona|0 fnt
|faint|p2b: Volcarona
|
|-heal|p1a: Sneasler|7/100 brn|[from] Grassy Terrain
|-heal|p1b: Indeedee|52/100 brn|[from] Grassy Terrain
|-damage|p1a: Sneasler|1/100 brn|[from] brn
|-damage|p1b: Indeedee|46/100 brn|[from] brn
|upkeep
|
|t:|1755789599
|switch|p2b: Sneasler|Sneasler, L50, F|100/100
|turn|3
|
|t:|1755789614
|move|p2a: Rillaboom|Grassy Glide|p1a: Sneasler
|-damage|p1a: Sneasler|0 fnt
|faint|p1a: Sneasler
|move|p1b: Indeedee|Expanding Force|p2b: Sneasler
|-supereffective|p2b: Sneasler
|-enditem|p2b: Sneasler|Focus Sash
|-damage|p2b: Sneasler|1/100
|move|p2b: Sneasler|Coaching|p2a: Rillaboom
|-boost|p2a: Rillaboom|atk|1
|-boost|p2a: Rillaboom|def|1
|
|-heal|p2b: Sneasler|7/100|[from] Grassy Terrain
|-heal|p1b: Indeedee|52/100 brn|[from] Grassy Terrain
|-damage|p1b: Indeedee|46/100 brn|[from] brn
|upkeep
|
|t:|1755789623
|switch|p1a: Volcarona|Volcarona, L50, M|100/100
|turn|4
|
|t:|1755789636
|-terastallize|p2b: Sneasler|Stellar
|move|p2a: Rillaboom|Grassy Glide|p1b: Indeedee
|-damage|p1b: Indeedee|0 fnt
|faint|p1b: Indeedee
|move|p2b: Sneasler|Dire Claw|p1a: Volcarona
|-damage|p1a: Volcarona|28/100
|-enditem|p1a: Volcarona|Sitrus Berry|[eat]
|-heal|p1a: Volcarona|53/100|[from] item: Sitrus Berry
|move|p1a: Volcarona|Struggle Bug|p2b: Sneasler|[spread] p2a,p2b
|-supereffective|p2a: Rillaboom
|-resisted|p2b: Sneasler
|-damage|p2a: Rillaboom|78/100
|-damage|p2b: Sneasler|1/100
|-unboost|p2a: Rillaboom|spa|1
|-unboost|p2b: Sneasler|spa|1
|
|-heal|p2b: Sneasler|7/100|[from] Grassy Terrain
|-heal|p1a: Volcarona|59/100|[from] Grassy Terrain
|-heal|p2a: Rillaboom|84/100|[from] Grassy Terrain
|upkeep
|
|t:|1755789639
|switch|p1b: Ursaluna|Ursaluna-Bloodmoon, L50, M|100/100
|turn|5
|inactive|gustavlund has 30 seconds left.
|inactive|gustavlund has 20 seconds left.
|
|t:|1755789675
|move|p1b: Ursaluna|Protect|p1b: Ursaluna
|-singleturn|p1b: Ursaluna|Protect
|move|p2a: Rillaboom|Grassy Glide|p1a: Volcarona
|-resisted|p1a: Volcarona
|-damage|p1a: Volcarona|44/100
|move|p2b: Sneasler|Dire Claw|p1a: Volcarona
|-damage|p1a: Volcarona|0 fnt
|faint|p1a: Volcarona
|
|-heal|p2b: Sneasler|13/100|[from] Grassy Terrain
|-heal|p2a: Rillaboom|90/100|[from] Grassy Terrain
|upkeep
|turn|6
|
|t:|1755789685
|move|p2a: Rillaboom|Grassy Glide|p1b: Ursaluna
|-supereffective|p1b: Ursaluna
|-damage|p1b: Ursaluna|20/100
|move|p2b: Sneasler|Close Combat|p1b: Ursaluna
|-supereffective|p1b: Ursaluna
|-damage|p1b: Ursaluna|0 fnt
|-unboost|p2b: Sneasler|def|1
|-unboost|p2b: Sneasler|spd|1
|faint|p1b: Ursaluna
|
|win|gustavlund
|raw|rowlet pesetero's rating: 1248 → 1233(-15 for losing)
|raw|gustavlund's rating: 1392 → 1404(+12 for winning)
|l|☆gustavlund
|player|p2|
