|j|☆SelvesterTheYAK
|j|☆sorriae
|html|SelvesterTheYAKsorriae    
|uhtml|bestof|Game 2 of a best-of-3
|t:|1756925653
|gametype|doubles
|player|p1|SelvesterTheYAK|101|1118
|player|p2|sorriae|hiker-gen4|1130
|gen|9
|tier|[Gen 9] VGC 2025 Reg H (Bo3)
|rated|
|rule|Species Clause: Limit one of each Pokémon
|rule|Item Clause: Limit 1 of each item
|clearpoke
|poke|p1|Tyranitar, L50, F|
|poke|p1|Garchomp, L50, F|
|poke|p1|Gholdengo, L50|
|poke|p1|Talonflame, L50, M|
|poke|p1|Amoonguss, L50, F|
|poke|p1|Milotic, L50, M|
|poke|p2|Exeggutor, L50, F|
|poke|p2|Indeedee-F, L50, F|
|poke|p2|Gallade, L50, M|
|poke|p2|Torkoal, L50, M|
|poke|p2|Garchomp, L50, F|
|poke|p2|Incineroar, L50, F|
|teampreview|4
|showteam|p1|Tyranitar||AssaultVest|SandStream|RockSlide,TeraBlast,KnockOff,LowKick|||F|||50|,,,,,Flying]Garchomp||LifeOrb|SandVeil|Protect,DragonClaw,StompingTantrum,Earthquake|||F|||50|,,,,,Steel]Gholdengo||MetalCoat|GoodasGold|MakeItRain,ShadowBall,Protect,NastyPlot||||||50|,,,,,Flying]Talonflame||CovertCloak|GaleWings|BraveBird,Tailwind,WillOWisp,Taunt|||M|||50|,,,,,Ghost]Amoonguss||SitrusBerry|Regenerator|Protect,Spore,RagePowder,PollenPuff|||F|||50|,,,,,Water]Milotic||SafetyGoggles|Competitive|Haze,Protect,IcyWind,Scald|||M|||50|,,,,,Dragon
|showteam|p2|Exeggutor||SitrusBerry|Harvest|ExpandingForce,GigaDrain,SleepPowder,TrickRoom|||F|||50|,,,,,Psychic]Indeedee-F||RockyHelmet|PsychicSurge|FollowMe,HelpingHand,DazzlingGleam,TrickRoom|||F|||50|,,,,,Steel]Gallade||SafetyGoggles|Sharpness|PsychoCut,SacredSword,WideGuard,TrickRoom|||M|||50|,,,,,Dark]Torkoal||AirBalloon|Drought|Eruption,HeatWave,WeatherBall,SolarBeam|||M|||50|,,,,,Fire]Garchomp||ClearAmulet|RoughSkin|Earthquake,StompingTantrum,RockSlide,Protect|||F|||50|,,,,,Steel]Incineroar||CovertCloak|Intimidate|FakeOut,PartingShot,KnockOff,FlareBlitz|||F|||50|,,,,,Flying
|
|t:|1756925673
|teamsize|p1|4
|teamsize|p2|4
|start
|switch|p1a: Talonflame|Talonflame, L50, M|100/100
|switch|p1b: Garchomp|Garchomp, L50, F|100/100
|switch|p2a: Garchomp|Garchomp, L50, F|100/100
|switch|p2b: Incineroar|Incineroar, L50, F|100/100
|-ability|p2b: Incineroar|Intimidate|boost
|-unboost|p1a: Talonflame|atk|1
|-unboost|p1b: Garchomp|atk|1
|turn|1
|
|t:|1756925727
|move|p1b: Garchomp|Protect|p1b: Garchomp
|-singleturn|p1b: Garchomp|Protect
|move|p2b: Incineroar|Fake Out|p1b: Garchomp
|-activate|p1b: Garchomp|move: Protect
|move|p1a: Talonflame|Tailwind|p1a: Talonflame
|-sidestart|p1: SelvesterTheYAK|move: Tailwind
|move|p2a: Garchomp|Rock Slide|p1b: Garchomp|[spread] p1a
|-activate|p1b: Garchomp|move: Protect
|-supereffective|p1a: Talonflame
|-damage|p1a: Talonflame|0 fnt
|faint|p1a: Talonflame
|
|upkeep
|
|t:|1756925750
|switch|p1a: Tyranitar|Tyranitar, L50, F|100/100
|-weather|Sandstorm|[from] ability: Sand Stream|[of] p1a: Tyranitar
|turn|2
|
|t:|1756925783
|-terastallize|p1a: Tyranitar|Flying
|move|p1b: Garchomp|Dragon Claw|p2a: Garchomp
|-supereffective|p2a: Garchomp
|-damage|p2a: Garchomp|24/100
|-damage|p1b: Garchomp|88/100|[from] ability: Rough Skin|[of] p2a: Garchomp
|-damage|p1b: Garchomp|78/100|[from] item: Life Orb
|move|p1a: Tyranitar|Knock Off|p2a: Garchomp
|-damage|p2a: Garchomp|0 fnt
|-damage|p1a: Tyranitar|88/100|[from] ability: Rough Skin|[of] p2a: Garchomp
|-enditem|p2a: Garchomp|Clear Amulet|[from] move: Knock Off|[of] p1a: Tyranitar
|faint|p2a: Garchomp
|move|p2b: Incineroar|Knock Off|p1a: Tyranitar
|-damage|p1a: Tyranitar|51/100
|-enditem|p1a: Tyranitar|Assault Vest|[from] move: Knock Off|[of] p2b: Incineroar
|
|-weather|Sandstorm|[upkeep]
|-damage|p1a: Tyranitar|45/100|[from] Sandstorm
|-damage|p2b: Incineroar|95/100|[from] Sandstorm
|upkeep
|
|t:|1756925801
|switch|p2a: Indeedee|Indeedee-F, L50, F|100/100
|-fieldstart|move: Psychic Terrain|[from] ability: Psychic Surge|[of] p2a: Indeedee
|turn|3
|
|t:|1756925826
|-terastallize|p2a: Indeedee|Steel
|move|p1b: Garchomp|Earthquake|p2b: Incineroar|[spread] p2a,p2b
|-immune|p1a: Tyranitar
|-supereffective|p2a: Indeedee
|-supereffective|p2b: Incineroar
|-damage|p2a: Indeedee|33/100
|-damage|p2b: Incineroar|35/100
|-damage|p1b: Garchomp|68/100|[from] item: Life Orb
|move|p1a: Tyranitar|Knock Off|p2a: Indeedee
|-damage|p2a: Indeedee|0 fnt
|-damage|p1a: Tyranitar|29/100|[from] item: Rocky Helmet|[of] p2a: Indeedee
|-enditem|p2a: Indeedee|Rocky Helmet|[from] move: Knock Off|[of] p1a: Tyranitar
|faint|p2a: Indeedee
|move|p2b: Incineroar|Parting Shot|p1a: Tyranitar
|-unboost|p1a: Tyranitar|atk|1
|-unboost|p1a: Tyranitar|spa|1
|
|t:|1756925840
|switch|p2b: Exeggutor|Exeggutor, L50, F|100/100|[from] Parting Shot
|
|-weather|Sandstorm|[upkeep]
|-damage|p1a: Tyranitar|23/100|[from] Sandstorm
|-damage|p2b: Exeggutor|95/100|[from] Sandstorm
|upkeep
|
|t:|1756925845
|switch|p2a: Incineroar|Incineroar, L50, F|35/100
|-ability|p2a: Incineroar|Intimidate|boost
|-unboost|p1a: Tyranitar|atk|1
|-unboost|p1b: Garchomp|atk|1
|turn|4
|
|t:|1756925863
|switch|p1b: Amoonguss|Amoonguss, L50, F|100/100
|move|p2a: Incineroar|Fake Out|p1a: Tyranitar
|-hint|Psychic Terrain doesn't affect Pokémon immune to Ground.
|-damage|p1a: Tyranitar|13/100
|cant|p1a: Tyranitar|flinch
|move|p2b: Exeggutor|Trick Room|p2b: Exeggutor
|-fieldstart|move: Trick Room|[of] p2b: Exeggutor
|
|-weather|Sandstorm|[upkeep]
|-damage|p2b: Exeggutor|89/100|[from] Sandstorm
|-damage|p2a: Incineroar|29/100|[from] Sandstorm
|-damage|p1b: Amoonguss|95/100|[from] Sandstorm
|-damage|p1a: Tyranitar|7/100|[from] Sandstorm
|-sideend|p1: SelvesterTheYAK|move: Tailwind
|upkeep
|turn|5
|
|t:|1756925877
|move|p1b: Amoonguss|Spore|p2a: Incineroar
|-status|p2a: Incineroar|slp|[from] move: Spore
|move|p2b: Exeggutor|Expanding Force|p1b: Amoonguss|[spread] p1a,p1b
|-supereffective|p1b: Amoonguss
|-damage|p1a: Tyranitar|0 fnt
|-damage|p1b: Amoonguss|0 fnt
|faint|p1a: Tyranitar
|faint|p1b: Amoonguss
|cant|p2a: Incineroar|slp
|
|-weather|Sandstorm|[upkeep]
|-damage|p2b: Exeggutor|83/100|[from] Sandstorm
|-damage|p2a: Incineroar|23/100 slp|[from] Sandstorm
|upkeep
|
|t:|1756925890
|switch|p1a: Garchomp|Garchomp, L50, F|68/100
|turn|6
|
|t:|1756925897
|move|p2b: Exeggutor|Expanding Force|p1a: Garchomp
|-damage|p1a: Garchomp|0 fnt
|faint|p1a: Garchomp
|
|win|sorriae
|raw|SelvesterTheYAK's rating: 1118 → 1094(-24 for losing)
|raw|sorriae's rating: 1130 → 1154(+24 for winning)
|l|☆sorriae
|player|p2|
