|j|☆FabioVelho
|j|☆cartulo
|html|FabioVelhocartulo    
|uhtml|bestof|Game 2 of a best-of-3
|t:|1782328272
|gametype|doubles
|player|p1|FabioVelho|sage|
|player|p2|cartulo|blue|
|gen|9
|tier|[Gen 9 Champions] VGC 2026 Reg M-B (Bo3)
|rule|Species Clause: Limit one of each Pokémon
|rule|Item Clause: Limit 1 of each item
|clearpoke
|poke|p1|Metagross, L50|
|poke|p1|Kommo-o, L50, F|
|poke|p1|Sylveon, L50, F|
|poke|p1|Aerodactyl, L50, F|
|poke|p1|Incineroar, L50, F|
|poke|p1|Milotic, L50, M|
|poke|p2|Grimmsnarl, L50, M|
|poke|p2|Charizard, L50, M|
|poke|p2|Gallade, L50, M|
|poke|p2|Farigiraf, L50, M|
|poke|p2|Kangaskhan, L50, F|
|poke|p2|Torkoal, L50, F|
|teampreview|4
|showteam|p1|Metagross||Metagrossite|ClearBody|IronHead,PsychicFangs,StompingTantrum,Protect|Adamant|||||50|]Kommo-o||Leftovers|Soundproof|ClangingScales,AuraSphere,ClangorousSoul,Protect|Modest||F|||50|]Sylveon||FairyFeather|Pixilate|HyperVoice,HyperBeam,QuickAttack,Detect|Modest||F|||50|]Aerodactyl||Aerodactylite|Unnerve|RockSlide,DualWingbeat,Tailwind,Protect|Jolly||F|||50|]Incineroar||PasshoBerry|Intimidate|FlareBlitz,ThroatChop,PartingShot,FakeOut|Careful||F|||50|]Milotic||SitrusBerry|Competitive|Scald,IcyWind,LifeDew,Protect|Modest||M|||50|
|showteam|p2|Grimmsnarl||LightClay|Prankster|FakeOut,SpiritBreak,Reflect,LightScreen|Careful||M|||50|]Charizard||CharizarditeY|Blaze|HeatWave,WeatherBall,ScorchingSands,Protect|Modest||M|||50|]Gallade||IronBall|Sharpness|PsychoCut,SacredSword,LeafBlade,TrickRoom|Brave||M|||50|]Farigiraf||SitrusBerry|ArmorTail|Psychic,HyperVoice,TrickRoom,Protect|Quiet||M|||50|]Kangaskhan||Kangaskhanite|EarlyBird|FakeOut,DoubleEdge,HammerArm,Crunch|Adamant||F|||50|]Torkoal||LifeOrb|Drought|Eruption,WeatherBall,EarthPower,Protect|Quiet||F|||50|
|inactive|Battle timer is ON: inactive players will automatically lose when time's up. (requested by cartulo)
|
|t:|1782328285
|teamsize|p1|4
|teamsize|p2|4
|start
|switch|p1a: Metagross|Metagross, L50|100/100
|switch|p1b: Milotic|Milotic, L50, M|100/100
|switch|p2a: BOLINHA1578|Farigiraf, L50, M|100/100
|switch|p2b: SOUCARLOS IMENSO|Grimmsnarl, L50, M|100/100
|turn|1
|inactive|cartulo has 30 seconds left.
|
|t:|1782328316
|detailschange|p1a: Metagross|Metagross-Mega, L50
|-mega|p1a: Metagross|Metagross|Metagrossite
|move|p2b: SOUCARLOS IMENSO|Fake Out|p1a: Metagross
|-resisted|p1a: Metagross|1
|-damage|p1a: Metagross|95/100
|cant|p1a: Metagross|flinch
|move|p1b: Milotic|Scald|p2a: BOLINHA1578
|-damage|p2a: BOLINHA1578|71/100
|-status|p2a: BOLINHA1578|brn
|move|p2a: BOLINHA1578|Trick Room|p2a: BOLINHA1578
|-fieldstart|move: Trick Room|[of] p2a: BOLINHA1578
|
|-damage|p2a: BOLINHA1578|65/100 brn|[from] brn
|upkeep
|turn|2
|
|t:|1782328339
|switch|p2a: SC DO SUN|Torkoal, L50, F|100/100
|-weather|SunnyDay|[from] ability: Drought|[of] p2a: SC DO SUN
|move|p2b: SOUCARLOS IMENSO|Light Screen|p2b: SOUCARLOS IMENSO
|-sidestart|p2: cartulo|move: Light Screen
|move|p1b: Milotic|Scald|p2a: SC DO SUN
|-supereffective|p2a: SC DO SUN|1
|-damage|p2a: SC DO SUN|70/100
|move|p1a: Metagross|Iron Head|p2b: SOUCARLOS IMENSO
|-supereffective|p2b: SOUCARLOS IMENSO|1
|-damage|p2b: SOUCARLOS IMENSO|0 fnt
|faint|p2b: SOUCARLOS IMENSO
|
|-weather|SunnyDay|[upkeep]
|upkeep
|
|t:|1782328353
|switch|p2b: SA e GAZ|Kangaskhan, L50, F|100/100
|turn|3
|
|t:|1782328364
|detailschange|p2b: SA e GAZ|Kangaskhan-Mega, L50, F
|-mega|p2b: SA e GAZ|Kangaskhan|Kangaskhanite
|move|p1a: Metagross|Protect|p1a: Metagross
|-singleturn|p1a: Metagross|Protect
|move|p2b: SA e GAZ|Fake Out|p1b: Milotic
|-damage|p1b: Milotic|80/100
|-damage|p1b: Milotic|75/100
|-hitcount|p1b: Milotic|2
|move|p2a: SC DO SUN|Eruption|p1a: Metagross|[spread] p1b
|-activate|p1a: Metagross|move: Protect
|-resisted|p1b: Milotic|1
|-damage|p1b: Milotic|53/100
|-damage|p2a: SC DO SUN|61/100|[from] item: Life Orb
|cant|p1b: Milotic|flinch
|
|-weather|SunnyDay|[upkeep]
|upkeep
|turn|4
|inactive|FabioVelho has 30 seconds left.
|inactive|cartulo has 30 seconds left.
|
|t:|1782328391
|switch|p1a: Kommo-o|Kommo-o, L50, F|100/100
|move|p2a: SC DO SUN|Eruption|p1a: Kommo-o|[spread] p1a,p1b
|-resisted|p1a: Kommo-o|1
|-resisted|p1b: Milotic|1
|-damage|p1a: Kommo-o|71/100
|-damage|p1b: Milotic|33/100
|-enditem|p1b: Milotic|Sitrus Berry|[eat]
|-heal|p1b: Milotic|57/100|[from] item: Sitrus Berry
|-damage|p2a: SC DO SUN|51/100|[from] item: Life Orb
|move|p1b: Milotic|Scald|p2a: SC DO SUN
|-supereffective|p2a: SC DO SUN|1
|-damage|p2a: SC DO SUN|23/100
|move|p2b: SA e GAZ|Double-Edge|p1b: Milotic
|-damage|p1b: Milotic|0 fnt
|faint|p1b: Milotic
|-damage|p2b: SA e GAZ|81/100|[from] Recoil
|
|-weather|SunnyDay|[upkeep]
|-heal|p1a: Kommo-o|76/100|[from] item: Leftovers
|upkeep
|
|t:|1782328409
|switch|p1b: Sylveon|Sylveon, L50, F|100/100
|turn|5
|
|t:|1782328419
|switch|p2b: BOLINHA1578|Farigiraf, L50, M|65/100 brn
|move|p1b: Sylveon|Detect|p1b: Sylveon
|-singleturn|p1b: Sylveon|Protect
|move|p1a: Kommo-o|Protect|p1a: Kommo-o
|-singleturn|p1a: Kommo-o|Protect
|move|p2a: SC DO SUN|Weather Ball|p1b: Sylveon
|-activate|p1b: Sylveon|move: Protect
|
|-weather|SunnyDay|[upkeep]
|-heal|p1a: Kommo-o|82/100|[from] item: Leftovers
|-damage|p2b: BOLINHA1578|59/100 brn|[from] brn
|-fieldend|move: Trick Room
|upkeep
|turn|6
|
|t:|1782328437
|move|p2b: BOLINHA1578|Protect|p2b: BOLINHA1578
|-singleturn|p2b: BOLINHA1578|Protect
|move|p1a: Kommo-o|Clanging Scales|p2b: BOLINHA1578|[spread] p2a
|-activate|p2b: BOLINHA1578|move: Protect
|-damage|p2a: SC DO SUN|0 fnt
|faint|p2a: SC DO SUN
|-unboost|p1a: Kommo-o|def|1
|move|p1b: Sylveon|Hyper Beam|p2b: BOLINHA1578
|-activate|p2b: BOLINHA1578|move: Protect
|
|-weather|none
|-heal|p1a: Kommo-o|88/100|[from] item: Leftovers
|-damage|p2b: BOLINHA1578|53/100 brn|[from] brn
|upkeep
|
|t:|1782328444
|switch|p2a: SA e GAZ|Kangaskhan-Mega, L50, F|81/100
|turn|7
|
|t:|1782328458
|move|p2a: SA e GAZ|Fake Out|p1b: Sylveon
|-damage|p1b: Sylveon|76/100
|-damage|p1b: Sylveon|71/100
|-hitcount|p1b: Sylveon|2
|move|p1a: Kommo-o|Clanging Scales|p2b: BOLINHA1578|[spread] p2a,p2b
|-damage|p2a: SA e GAZ|61/100
|-damage|p2b: BOLINHA1578|29/100 brn
|-enditem|p2b: BOLINHA1578|Sitrus Berry|[eat]
|-heal|p2b: BOLINHA1578|54/100 brn|[from] item: Sitrus Berry
|-unboost|p1a: Kommo-o|def|1
|cant|p1b: Sylveon|flinch
|move|p2b: BOLINHA1578|Trick Room|p2b: BOLINHA1578
|-fieldstart|move: Trick Room|[of] p2b: BOLINHA1578
|
|-heal|p1a: Kommo-o|94/100|[from] item: Leftovers
|-damage|p2b: BOLINHA1578|48/100 brn|[from] brn
|upkeep
|turn|8
|
|t:|1782328478
|move|p1a: Kommo-o|Protect|p1a: Kommo-o
|-singleturn|p1a: Kommo-o|Protect
|move|p2b: BOLINHA1578|Psychic|p1a: Kommo-o
|-activate|p1a: Kommo-o|move: Protect
|move|p1b: Sylveon|Hyper Voice|p2a: SA e GAZ|[spread] p2a,p2b
|-damage|p2a: SA e GAZ|36/100
|-damage|p2b: BOLINHA1578|21/100 brn
|move|p2a: SA e GAZ|Double-Edge|p1b: Sylveon
|-damage|p1b: Sylveon|2/100
|-damage|p1b: Sylveon|0 fnt
|faint|p1b: Sylveon
|-hitcount|p1: Sylveon|2
|-damage|p2a: SA e GAZ|16/100|[from] Recoil
|
|-heal|p1a: Kommo-o|100/100|[from] item: Leftovers
|-damage|p2b: BOLINHA1578|15/100 brn|[from] brn
|upkeep
|
|t:|1782328493
|switch|p1b: Metagross|Metagross-Mega, L50|95/100
|turn|9
|
|t:|1782328508
|move|p1a: Kommo-o|Protect||[still]
|-fail|p1a: Kommo-o
|move|p2b: BOLINHA1578|Psychic|p1a: Kommo-o
|-supereffective|p1a: Kommo-o|1
|-damage|p1a: Kommo-o|9/100
|move|p2a: SA e GAZ|Hammer Arm|p1a: Kommo-o
|-damage|p1a: Kommo-o|0 fnt
|-unboost|p2a: SA e GAZ|spe|1
|faint|p1a: Kommo-o
|move|p1b: Metagross|Iron Head|p2a: SA e GAZ
|-damage|p2a: SA e GAZ|0 fnt
|faint|p2a: SA e GAZ
|
|-damage|p2b: BOLINHA1578|8/100 brn|[from] brn
|-sideend|p2: cartulo|move: Light Screen
|upkeep
|turn|10
|
|t:|1782328522
|move|p2b: BOLINHA1578|Psychic|p1b: Metagross
|-resisted|p1b: Metagross|2
|-damage|p1b: Metagross|84/100
|move|p1b: Metagross|Iron Head|p2b: BOLINHA1578
|-damage|p2b: BOLINHA1578|0 fnt
|faint|p2b: BOLINHA1578
|
|win|FabioVelho
