|j|☆Iceman5687
|j|☆johx123
|html|Iceman5687johx123    
|uhtml|bestof|Game 2 of a best-of-3
|t:|1784017861
|gametype|doubles
|player|p1|Iceman5687|265|1243
|player|p2|johx123|1|1116
|gen|9
|tier|[Gen 9 Champions] VGC 2026 Reg M-B (Bo3)
|rated|
|rule|Species Clause: Limit one of each Pokémon
|rule|Item Clause: Limit 1 of each item
|clearpoke
|poke|p1|Whimsicott, L50, F|
|poke|p1|Swampert, L50, M|
|poke|p1|Pelipper, L50, M|
|poke|p1|Archaludon, L50, F|
|poke|p1|Basculegion, L50, M|
|poke|p1|Floette-Eternal, L50, F|
|poke|p2|Gardevoir, L50, M|
|poke|p2|Farigiraf, L50, F|
|poke|p2|Torkoal, L50, F|
|poke|p2|Incineroar, L50, M|
|poke|p2|Scovillain, L50, F|
|poke|p2|Kingambit, L50, F|
|teampreview|4
|showteam|p1|Whimsicott||CobaBerry|Prankster|Moonblast,Tailwind,Encore,Protect|Bold||F|||50|]Swampert||Swampertite|Damp|WaveCrash,Earthquake,IcePunch,Protect|Adamant||M|||50|]Pelipper||LifeOrb|Drizzle|Hurricane,WeatherBall,Tailwind,Protect|Modest||M|||50|]Archaludon||Leftovers|Stamina|DracoMeteor,FlashCannon,ElectroShot,Protect|Modest||F|||50|]Basculegion||FocusSash|Adaptability|Liquidation,LastRespects,AquaJet,Protect|Adamant||M|||50|]Floette-Eternal||Floettite|FlowerVeil|Moonblast,DazzlingGleam,LightofRuin,Protect|Modest||F|||50|
|showteam|p2|Gardevoir||Gardevoirite|Synchronize|HyperVoice,AuraSphere,TrickRoom,Protect|Quiet||M|||50|]Farigiraf||ColburBerry|ArmorTail|TwinBeam,TrickRoom,Protect,HelpingHand|Relaxed||F|||50|]Torkoal||Charcoal|Drought|Eruption,Protect,Flamethrower,SolarBeam|Quiet||F|||50|]Incineroar||SitrusBerry|Intimidate|FakeOut,FlareBlitz,PartingShot,ThroatChop|Sassy||M|||50|]Scovillain||Scovillainite|Chlorophyll|RagePowder,Overheat,LeechSeed,Protect|Sassy||F|||50|]Kingambit||BlackGlasses|Defiant|KowtowCleave,LowKick,SuckerPunch,Protect|Adamant||F|||50|
|inactive|Battle timer is ON: inactive players will automatically lose when time's up. (requested by johx123)
|
|t:|1784017893
|teamsize|p1|4
|teamsize|p2|4
|start
|switch|p1a: Swampert|Swampert, L50, M|100/100
|switch|p1b: Archaludon|Archaludon, L50, F|100/100
|switch|p2a: Farigiraf|Farigiraf, L50, F|100/100
|switch|p2b: Incineroar|Incineroar, L50, M|100/100
|-ability|p2b: Incineroar|Intimidate|boost
|-unboost|p1a: Swampert|atk|1
|-unboost|p1b: Archaludon|atk|1
|turn|1
|
|t:|1784017906
|switch|p1b: Pelipper|Pelipper, L50, M|100/100
|-weather|RainDance|[from] ability: Drizzle|[of] p1b: Pelipper
|detailschange|p1a: Swampert|Swampert-Mega, L50, M
|-mega|p1a: Swampert|Swampert|Swampertite
|move|p1a: Swampert|Wave Crash|p2b: Incineroar
|-supereffective|p2b: Incineroar|1
|-damage|p2b: Incineroar|0 fnt
|faint|p2b: Incineroar
|-damage|p1a: Swampert|65/100|[from] Recoil
|move|p2a: Farigiraf|Trick Room|p2a: Farigiraf
|-fieldstart|move: Trick Room|[of] p2a: Farigiraf
|
|-weather|RainDance|[upkeep]
|upkeep
|
|t:|1784017915
|switch|p2b: Torkoal|Torkoal, L50, F|100/100
|-weather|SunnyDay|[from] ability: Drought|[of] p2b: Torkoal
|turn|2
|
|t:|1784017927
|switch|p1b: Basculegion|Basculegion, L50, M|100/100
|move|p2a: Farigiraf|Helping Hand|p2b: Torkoal
|-singleturn|p2b: Torkoal|Helping Hand|[of] p2a: Farigiraf
|move|p2b: Torkoal|Eruption|p1b: Basculegion|[spread] p1a,p1b
|-resisted|p1a: Swampert|1
|-resisted|p1b: Basculegion|1
|-damage|p1a: Swampert|11/100
|-damage|p1b: Basculegion|25/100
|move|p1a: Swampert|Wave Crash|p2b: Torkoal
|-supereffective|p2b: Torkoal|1
|-damage|p2b: Torkoal|62/100
|-damage|p1a: Swampert|1/100|[from] Recoil
|
|-weather|SunnyDay|[upkeep]
|upkeep
|turn|3
|
|t:|1784017940
|move|p1a: Swampert|Protect|p1a: Swampert
|-singleturn|p1a: Swampert|Protect
|move|p1b: Basculegion|Protect|p1b: Basculegion
|-singleturn|p1b: Basculegion|Protect
|move|p2b: Torkoal|Eruption|p1a: Swampert|[spread] 
|-activate|p1a: Swampert|move: Protect
|-activate|p1b: Basculegion|move: Protect
|move|p2a: Farigiraf|Twin Beam|p1b: Basculegion
|-activate|p1b: Basculegion|move: Protect
|
|-weather|SunnyDay|[upkeep]
|upkeep
|turn|4
|
|t:|1784017957
|switch|p2b: Gardevoir|Gardevoir, L50, M|100/100
|switch|p1a: Pelipper|Pelipper, L50, M|100/100
|-weather|RainDance|[from] ability: Drizzle|[of] p1a: Pelipper
|move|p2a: Farigiraf|Twin Beam|p1b: Basculegion
|-damage|p1b: Basculegion|7/100
|-damage|p1b: Basculegion|0 fnt
|faint|p1b: Basculegion
|-hitcount|p1: Basculegion|2
|
|-weather|RainDance|[upkeep]
|upkeep
|
|t:|1784017967
|switch|p1b: Archaludon|Archaludon, L50, F|100/100
|turn|5
|inactive|Iceman5687 has 30 seconds left.
|
|t:|1784017996
|detailschange|p2b: Gardevoir|Gardevoir-Mega, L50, M
|-mega|p2b: Gardevoir|Gardevoir|Gardevoirite
|move|p1a: Pelipper|Protect|p1a: Pelipper
|-singleturn|p1a: Pelipper|Protect
|move|p1b: Archaludon|Flash Cannon|p2b: Gardevoir
|-supereffective|p2b: Gardevoir|1
|-damage|p2b: Gardevoir|47/100
|move|p2a: Farigiraf|Trick Room|p2a: Farigiraf
|-fieldend|move: Trick Room
|move|p2b: Gardevoir|Trick Room|p2b: Gardevoir
|-fieldstart|move: Trick Room|[of] p2b: Gardevoir
|
|-weather|RainDance|[upkeep]
|upkeep
|turn|6
|inactive|johx123 has 30 seconds left.
|l|☆johx123
|inactive|johx123 disconnected and has a minute to reconnect!
|player|p2|
|inactive|johx123 has 20 seconds left.
|inactive|johx123 has 15 seconds left.
|inactive|johx123 has 10 seconds left.
|inactive|johx123 has 5 seconds left.
|-message|johx123 lost due to inactivity.
|
|win|Iceman5687
|raw|Iceman5687's rating: 1243 → 1259(+16 for winning)
|raw|johx123's rating: 1116 → 1100(-16 for losing)
