|j|☆Spyro cat
|j|‽Slackermaru
|html|Spyro catSlackermaru    
|uhtml|bestof|Game 3 of a best-of-3
|t:|1754502895
|gametype|doubles
|player|p1|Spyro cat|265|1311
|player|p2|Slackermaru|workerice|1407
|gen|9
|tier|[Gen 9] VGC 2025 Reg H (Bo3)
|rated|
|rule|Species Clause: Limit one of each Pokémon
|rule|Item Clause: Limit 1 of each item
|clearpoke
|poke|p1|Indeedee, L50, M|
|poke|p1|Sneasler, L50, F|
|poke|p1|Excadrill, L50, M|
|poke|p1|Magmar, L50, M|
|poke|p1|Corviknight, L50, F|
|poke|p1|Tyranitar, L50, M|
|poke|p2|Porygon2, L50|
|poke|p2|Hydreigon, L50, F|
|poke|p2|Incineroar, L50, F|
|poke|p2|Garchomp, L50, M|
|poke|p2|Amoonguss, L50, M|
|poke|p2|Gholdengo, L50|
|teampreview|4
|showteam|p1|Indeedee||ChoiceScarf|PsychicSurge|ExpandingForce,TeraBlast,Trick,Protect|||M|||50|,,,,,Psychic]Sneasler||WhiteHerb|Unburden|FakeOut,CloseCombat,DireClaw,Coaching|||F|||50|,,,,,Flying]Excadrill||FocusSash|SandRush|Earthquake,IronHead,SwordsDance,Protect|||M|||50|,,,,,Ground]Magmar||Eviolite|VitalSpirit|HeatWave,FollowMe,HelpingHand,Protect|||M|||50|,,,,,Flying]Corviknight||PsychicSeed|MirrorArmor|BraveBird,PowerTrip,BulkUp,Roost|||F|||50|,,,,,Water]Tyranitar||AssaultVest|SandStream|RockSlide,KnockOff,LowKick,TeraBlast|||M|||50|,,,,,Flying
|showteam|p2|Porygon2||Eviolite|Download|TeraBlast,IceBeam,TrickRoom,Recover||||||50|,,,,,Fighting]Hydreigon||SafetyGoggles|Levitate|Snarl,DracoMeteor,Tailwind,Protect|||F|||50|,,,,,Ghost]Incineroar||SitrusBerry|Intimidate|FlareBlitz,KnockOff,PartingShot,FakeOut|||F|||50|,,,,,Grass]Garchomp||LoadedDice|RoughSkin|ScaleShot,Earthquake,StompingTantrum,Protect|||M|||50|,,,,,Fire]Amoonguss||CovertCloak|Regenerator|PollenPuff,Spore,RagePowder,Protect|||M|||50|,,,,,Fire]Gholdengo||MetalCoat|GoodasGold|MakeItRain,ShadowBall,NastyPlot,Protect||||||50|,,,,,Flying
|inactive|Battle timer is ON: inactive players will automatically lose when time's up. (requested by Spyro cat)
|inactive|Slackermaru has 60 seconds left.
|
|t:|1754502955
|teamsize|p1|4
|teamsize|p2|4
|start
|switch|p1a: Indeedee|Indeedee, L50, M|100/100
|switch|p1b: Corviknight|Corviknight, L50, F|100/100
|switch|p2a: Hydreigon|Hydreigon, L50, F, shiny|100/100
|switch|p2b: Incineroar|Incineroar, L50, F, shiny|100/100
|-fieldstart|move: Psychic Terrain|[from] ability: Psychic Surge|[of] p1a: Indeedee
|-enditem|p1b: Corviknight|Psychic Seed
|-boost|p1b: Corviknight|spd|1|[from] item: Psychic Seed
|-ability|p2b: Incineroar|Intimidate|boost
|-unboost|p1a: Indeedee|atk|1
|-ability|p1b: Corviknight|Mirror Armor
|-unboost|p2b: Incineroar|atk|1
|turn|1
|
|t:|1754502976
|switch|p1a: Tyranitar|Tyranitar, L50, M|100/100
|-weather|Sandstorm|[from] ability: Sand Stream|[of] p1a: Tyranitar
|move|p2a: Hydreigon|Snarl|p1a: Tyranitar|[spread] p1b
|-miss|p2a: Hydreigon|p1a: Tyranitar
|-damage|p1b: Corviknight|92/100
|-ability|p1b: Corviknight|Mirror Armor
|-unboost|p2a: Hydreigon|spa|1
|move|p2b: Incineroar|Flare Blitz|p1b: Corviknight
|-supereffective|p1b: Corviknight
|-damage|p1b: Corviknight|33/100
|-damage|p2b: Incineroar|80/100|[from] Recoil
|move|p1b: Corviknight|Bulk Up|p1b: Corviknight
|-boost|p1b: Corviknight|atk|1
|-boost|p1b: Corviknight|def|1
|
|-weather|Sandstorm|[upkeep]
|-damage|p2b: Incineroar|74/100|[from] Sandstorm
|upkeep
|turn|2
|inactive|Slackermaru has 30 seconds left.
|
|t:|1754503005
|move|p2a: Hydreigon|Draco Meteor|p1b: Corviknight
|-resisted|p1b: Corviknight
|-damage|p1b: Corviknight|23/100
|-unboost|p2a: Hydreigon|spa|2
|move|p2b: Incineroar|Flare Blitz|p1b: Corviknight
|-supereffective|p1b: Corviknight
|-damage|p1b: Corviknight|0 fnt
|faint|p1b: Corviknight
|-damage|p2b: Incineroar|66/100|[from] Recoil
|move|p1a: Tyranitar|Rock Slide|p2b: Incineroar|[spread] p2a,p2b
|-supereffective|p2b: Incineroar
|-damage|p2a: Hydreigon|67/100
|-damage|p2b: Incineroar|0 fnt
|faint|p2b: Incineroar
|
|-weather|Sandstorm|[upkeep]
|upkeep
|
|t:|1754503021
|switch|p2b: Garchomp|Garchomp, L50, M, shiny|100/100
|switch|p1b: Excadrill|Excadrill, L50, M|100/100
|turn|3
|
|t:|1754503036
|-terastallize|p1a: Tyranitar|Flying
|move|p2b: Garchomp|Protect|p2b: Garchomp
|-singleturn|p2b: Garchomp|Protect
|move|p1b: Excadrill|Earthquake|p2b: Garchomp|[spread] 
|-activate|p2b: Garchomp|move: Protect
|-immune|p1a: Tyranitar
|-immune|p2a: Hydreigon|[from] ability: Levitate
|move|p2a: Hydreigon|Tailwind|p2a: Hydreigon
|-sidestart|p2: Slackermaru|move: Tailwind
|move|p1a: Tyranitar|Knock Off|p2b: Garchomp
|-activate|p2b: Garchomp|move: Protect
|
|-weather|Sandstorm|[upkeep]
|-damage|p1a: Tyranitar|95/100|[from] Sandstorm
|upkeep
|turn|4
|inactive|Spyro cat has 30 seconds left.
|
|t:|1754503064
|move|p1b: Excadrill|Protect|p1b: Excadrill
|-singleturn|p1b: Excadrill|Protect
|move|p2a: Hydreigon|Snarl|p1b: Excadrill|[spread] p1a
|-activate|p1b: Excadrill|move: Protect
|-damage|p1a: Tyranitar|90/100
|-unboost|p1a: Tyranitar|spa|1
|move|p2b: Garchomp|Earthquake|p1a: Tyranitar|[spread] 
|-activate|p1b: Excadrill|move: Protect
|-immune|p2a: Hydreigon|[from] ability: Levitate
|-immune|p1a: Tyranitar
|move|p1a: Tyranitar|Low Kick|p2a: Hydreigon
|-supereffective|p2a: Hydreigon
|-damage|p2a: Hydreigon|0 fnt
|faint|p2a: Hydreigon
|
|-weather|Sandstorm|[upkeep]
|-damage|p1a: Tyranitar|84/100|[from] Sandstorm
|upkeep
|
|t:|1754503080
|switch|p2a: Gholdengo|Gholdengo, L50|100/100
|turn|5
|
|t:|1754503106
|switch|p1b: Indeedee|Indeedee, L50, M|100/100
|-terastallize|p2a: Gholdengo|Flying
|move|p2b: Garchomp|Earthquake|p1a: Tyranitar|[spread] p1b
|-immune|p2a: Gholdengo
|-immune|p1a: Tyranitar
|-damage|p1b: Indeedee|12/100
|move|p2a: Gholdengo|Make It Rain|p1a: Tyranitar|[spread] p1a,p1b
|-damage|p1a: Tyranitar|49/100
|-damage|p1b: Indeedee|0 fnt
|-unboost|p2a: Gholdengo|spa|1
|faint|p1b: Indeedee
|move|p1a: Tyranitar|Knock Off|p2a: Gholdengo
|-damage|p2a: Gholdengo|46/100
|-enditem|p2a: Gholdengo|Metal Coat|[from] move: Knock Off|[of] p1a: Tyranitar
|
|-weather|none
|-fieldend|move: Psychic Terrain
|upkeep
|
|t:|1754503124
|switch|p1b: Excadrill|Excadrill, L50, M|100/100
|turn|6
|
|t:|1754503136
|move|p1b: Excadrill|Protect|p1b: Excadrill
|-singleturn|p1b: Excadrill|Protect
|move|p2b: Garchomp|Scale Shot|p1a: Tyranitar
|-damage|p1a: Tyranitar|37/100
|-damage|p1a: Tyranitar|25/100
|-damage|p1a: Tyranitar|15/100
|-damage|p1a: Tyranitar|2/100
|-damage|p1a: Tyranitar|0 fnt
|faint|p1a: Tyranitar
|-hitcount|p1: Tyranitar|5
|-unboost|p2b: Garchomp|def|1
|-boost|p2b: Garchomp|spe|1
|move|p2a: Gholdengo|Shadow Ball|p1b: Excadrill
|-activate|p1b: Excadrill|move: Protect
|
|-sideend|p2: Slackermaru|move: Tailwind
|upkeep
|turn|7
|
|t:|1754503156
|move|p2b: Garchomp|Earthquake|p1b: Excadrill|[spread] p1b
|-immune|p2a: Gholdengo
|-supereffective|p1b: Excadrill
|-enditem|p1b: Excadrill|Focus Sash
|-damage|p1b: Excadrill|1/100
|move|p1b: Excadrill|Iron Head|p2a: Gholdengo
|-damage|p2a: Gholdengo|2/100
|move|p2a: Gholdengo|Shadow Ball|p1b: Excadrill
|-damage|p1b: Excadrill|0 fnt
|faint|p1b: Excadrill
|
|win|Slackermaru
|raw|Spyro cat's rating: 1311 → 1296(-15 for losing)
|raw|Slackermaru's rating: 1407 → 1422(+15 for winning)
|l|☆Spyro cat
|player|p1|
