|j|☆renkinex
|j|☆DonFragueta
|html|renkinexDonFragueta    
|uhtml|bestof|Game 2 of a best-of-3
|t:|1756660162
|gametype|doubles
|player|p1|renkinex|skyla|
|player|p2|DonFragueta|lance|
|gen|9
|tier|[Gen 9] VGC 2025 Reg H (Bo3)
|rule|Species Clause: Limit one of each Pokémon
|rule|Item Clause: Limit 1 of each item
|clearpoke
|poke|p1|Dragonite, L50, M|
|poke|p1|Volcarona, L50, F|
|poke|p1|Sneasler, L50, M|
|poke|p1|Rillaboom, L50, M|
|poke|p1|Electabuzz, L50, M|
|poke|p1|Kingambit, L50, M|
|poke|p2|Sneasler, L50, F|
|poke|p2|Ceruledge, L50, M|
|poke|p2|Dragonite, L50, F|
|poke|p2|Gastrodon, L50, M|
|poke|p2|Kingambit, L50, F|
|poke|p2|Rillaboom, L50, F|
|teampreview|4
|showteam|p1|Dragonite||LoadedDice|Multiscale|ScaleShot,ExtremeSpeed,Haze,Protect|||M|||50|,,,,,Fairy]Volcarona||CovertCloak|FlameBody|HeatWave,TeraBlast,QuiverDance,Protect|||F|||50|,,,,,Fairy]Sneasler||FocusSash|Unburden|CloseCombat,DireClaw,Coaching,FakeOut|||M|||50|,,,,,Ghost]Rillaboom||MiracleSeed|GrassySurge|WoodHammer,GrassyGlide,HighHorsepower,FakeOut|||M|||50|,,,,,Fire]Electabuzz||Eviolite|VitalSpirit|Thunderbolt,FollowMe,Taunt,Protect|||M|||50|,,,,,Dragon]Kingambit||AssaultVest|Defiant|KowtowCleave,SuckerPunch,IronHead,TeraBlast|||M|||50|,,,,,Flying
|showteam|p2|Sneasler||FocusSash|Unburden|CloseCombat,DireClaw,Coaching,FakeOut|||F|||50|,,,,,Ghost]Ceruledge||Leftovers|FlashFire|Protect,BitterBlade,ShadowSneak,BulkUp|||M|||50|,,,,,Grass]Dragonite||LoadedDice|Multiscale|Protect,ScaleShot,LowKick,ExtremeSpeed|||F|||50|,,,,,Fairy]Gastrodon||SitrusBerry|StormDrain|Protect,EarthPower,IceBeam,ClearSmog|||M|||50|,,,,,Flying]Kingambit||AssaultVest|Defiant|KowtowCleave,SuckerPunch,IronHead,TeraBlast|||F|||50|,,,,,Flying]Rillaboom||MiracleSeed|GrassySurge|WoodHammer,GrassyGlide,HighHorsepower,FakeOut|||F|||50|,,,,,Fire
|j| ingeniero tapion
|j| shrometh
|j| Masi912
|j| LiebesleidVGC
|j| TTL Sann♡
|j| zeepel
|j| calymaster
|j| Matyel2030
|
|t:|1756660237
|teamsize|p1|4
|teamsize|p2|4
|start
|switch|p1a: Dragonite|Dragonite, L50, M|100/100
|switch|p1b: Sneasler|Sneasler, L50, M|100/100
|switch|p2a: Sneasler|Sneasler, L50, F|100/100
|switch|p2b: Kingambit|Kingambit, L50, F|100/100
|turn|1
|
|t:|1756660274
|-terastallize|p2b: Kingambit|Flying
|move|p1b: Sneasler|Fake Out|p2b: Kingambit
|-damage|p2b: Kingambit|89/100
|move|p2a: Sneasler|Fake Out|p1b: Sneasler
|-damage|p1b: Sneasler|79/100
|move|p1a: Dragonite|Scale Shot|p2a: Sneasler
|-damage|p2a: Sneasler|75/100
|-damage|p2a: Sneasler|50/100
|-damage|p2a: Sneasler|25/100
|-damage|p2a: Sneasler|0 fnt
|faint|p2a: Sneasler
|-hitcount|p2: Sneasler|4
|-unboost|p1a: Dragonite|def|1
|-boost|p1a: Dragonite|spe|1
|cant|p2b: Kingambit|flinch
|
|upkeep
|
|t:|1756660284
|switch|p2a: Gastrodon|Gastrodon, L50, M|100/100
|turn|2
|
|t:|1756660334
|switch|p1b: Electabuzz|Electabuzz, L50, M|100/100
|move|p1a: Dragonite|Protect|p1a: Dragonite
|-singleturn|p1a: Dragonite|Protect
|move|p2b: Kingambit|Tera Blast|p1b: Electabuzz|[anim] Tera Blast Flying
|-resisted|p1b: Electabuzz
|-damage|p1b: Electabuzz|84/100
|move|p2a: Gastrodon|Ice Beam|p1a: Dragonite
|-activate|p1a: Dragonite|move: Protect
|
|upkeep
|turn|3
|
|t:|1756660371
|move|p1b: Electabuzz|Follow Me|p1b: Electabuzz
|-singleturn|p1b: Electabuzz|move: Follow Me
|move|p1a: Dragonite|Scale Shot|p2b: Kingambit
|-damage|p2b: Kingambit|78/100
|-damage|p2b: Kingambit|66/100
|-damage|p2b: Kingambit|54/100
|-damage|p2b: Kingambit|43/100
|-damage|p2b: Kingambit|31/100
|-hitcount|p2b: Kingambit|5
|-unboost|p1a: Dragonite|def|1
|-boost|p1a: Dragonite|spe|1
|move|p2b: Kingambit|Kowtow Cleave|p1b: Electabuzz
|-damage|p1b: Electabuzz|47/100
|move|p2a: Gastrodon|Ice Beam|p1b: Electabuzz
|-damage|p1b: Electabuzz|29/100
|
|upkeep
|turn|4
|inactive|Battle timer is ON: inactive players will automatically lose when time's up. (requested by DonFragueta)
|
|t:|1756660435
|-terastallize|p1a: Dragonite|Fairy
|move|p1b: Electabuzz|Follow Me|p1b: Electabuzz
|-singleturn|p1b: Electabuzz|move: Follow Me
|move|p1a: Dragonite|Scale Shot|p2b: Kingambit
|-damage|p2b: Kingambit|19/100
|-damage|p2b: Kingambit|7/100
|-damage|p2b: Kingambit|0 fnt
|faint|p2b: Kingambit
|-hitcount|p2: Kingambit|3
|-unboost|p1a: Dragonite|def|1
|-boost|p1a: Dragonite|spe|1
|move|p2a: Gastrodon|Earth Power|p1b: Electabuzz
|-supereffective|p1b: Electabuzz
|-damage|p1b: Electabuzz|0 fnt
|faint|p1b: Electabuzz
|
|upkeep
|
|t:|1756660453
|switch|p1b: Sneasler|Sneasler, L50, M|79/100
|switch|p2b: Ceruledge|Ceruledge, L50, M|100/100
|turn|5
|inactive|renkinex has 30 seconds left.
|inactive|renkinex has 20 seconds left.
|inactive|renkinex has 15 seconds left.
|inactive|renkinex has 10 seconds left.
|
|t:|1756660500
|move|p2a: Gastrodon|Protect|p2a: Gastrodon
|-singleturn|p2a: Gastrodon|Protect
|move|p1a: Dragonite|Scale Shot|p2a: Gastrodon
|-activate|p2a: Gastrodon|move: Protect
|move|p1b: Sneasler|Close Combat|p2a: Gastrodon
|-activate|p2a: Gastrodon|move: Protect
|move|p2b: Ceruledge|Bulk Up|p2b: Ceruledge
|-boost|p2b: Ceruledge|atk|1
|-boost|p2b: Ceruledge|def|1
|
|upkeep
|turn|6
|inactive|renkinex has 30 seconds left.
|inactive|renkinex has 20 seconds left.
|inactive|renkinex has 15 seconds left.
|inactive|renkinex has 10 seconds left.
|
|t:|1756660546
|move|p1a: Dragonite|Scale Shot|p2a: Gastrodon
|-damage|p2a: Gastrodon|85/100
|-damage|p2a: Gastrodon|70/100
|-damage|p2a: Gastrodon|56/100
|-damage|p2a: Gastrodon|41/100
|-enditem|p2a: Gastrodon|Sitrus Berry|[eat]
|-heal|p2a: Gastrodon|66/100|[from] item: Sitrus Berry
|-damage|p2a: Gastrodon|51/100
|-hitcount|p2a: Gastrodon|5
|-unboost|p1a: Dragonite|def|1
|-boost|p1a: Dragonite|spe|1
|move|p1b: Sneasler|Close Combat|p2a: Gastrodon
|-damage|p2a: Gastrodon|0 fnt
|-unboost|p1b: Sneasler|def|1
|-unboost|p1b: Sneasler|spd|1
|faint|p2a: Gastrodon
|move|p2b: Ceruledge|Bitter Blade|p1a: Dragonite
|-damage|p1a: Dragonite|0 fnt
|faint|p1a: Dragonite
|
|upkeep
|
|t:|1756660565
|switch|p1a: Kingambit|Kingambit, L50, M|100/100
|turn|7
|inactive|renkinex has 30 seconds left.
|
|t:|1756660595
|move|p1a: Kingambit|Sucker Punch||[still]
|-fail|p1a: Kingambit
|move|p1b: Sneasler|Dire Claw|p2b: Ceruledge
|-resisted|p2b: Ceruledge
|-damage|p2b: Ceruledge|83/100
|-status|p2b: Ceruledge|slp
|cant|p2b: Ceruledge|slp
|
|-heal|p2b: Ceruledge|90/100 slp|[from] item: Leftovers
|upkeep
|turn|8
|
|t:|1756660616
|move|p1b: Sneasler|Coaching|p1a: Kingambit
|-boost|p1a: Kingambit|atk|1
|-boost|p1a: Kingambit|def|1
|-curestatus|p2b: Ceruledge|slp|[msg]
|move|p2b: Ceruledge|Bulk Up|p2b: Ceruledge
|-boost|p2b: Ceruledge|atk|1
|-boost|p2b: Ceruledge|def|1
|move|p1a: Kingambit|Kowtow Cleave|p2b: Ceruledge
|-supereffective|p2b: Ceruledge
|-damage|p2b: Ceruledge|0 fnt
|faint|p2b: Ceruledge
|
|win|renkinex
||DonFragueta is ready for game 3.
|inactive|renkinex has 30 seconds to confirm battle start!
||renkinex is ready for game 3.
|uhtml|next|Next: Game 3 of 3
|l| Matyel2030
|l| ingeniero tapion
|j| Matyel2030
|l| zeepel
|l| shrometh
|l| Matyel2030
|j| simiusblack
|l| TTL Sann♡
|l| calymaster
|l| LiebesleidVGC
