|j|☆robinrambles
|j|☆wadelah
|html|robinrambleswadelah    
|uhtml|bestof|Game 2 of a best-of-3
|t:|1785249424
|gametype|doubles
|player|p1|robinrambles|dawn-gen4pt|1114
|player|p2|wadelah|cynthia|1045
|gen|9
|tier|[Gen 9 Champions] VGC 2026 Reg M-B (Bo3)
|rated|
|rule|Species Clause: Limit one of each Pokémon
|rule|Item Clause: Limit 1 of each item
|clearpoke
|poke|p1|Staraptor, L50, F|
|poke|p1|Gholdengo, L50|
|poke|p1|Hydreigon, L50, F|
|poke|p1|Farigiraf, L50, F|
|poke|p1|Grimmsnarl, L50, M|
|poke|p1|Aerodactyl, L50, F|
|poke|p2|Swampert, L50, M|
|poke|p2|Pelipper, L50, M, shiny|
|poke|p2|Sinistcha, L50, shiny|
|poke|p2|Archaludon, L50, F|
|poke|p2|Sableye, L50, M|
|poke|p2|Basculegion, L50, M, shiny|
|teampreview|4
|showteam|p1|Staraptor||Staraptite|Intimidate|Roost,Protect,CloseCombat,BraveBird|Jolly||F|||50|]Gholdengo||ColburBerry|GoodasGold|MakeItRain,NastyPlot,ShadowBall,Protect|Timid|||||50|]Hydreigon||ChoiceScarf|Levitate|DracoMeteor,Snarl,EarthPower,Flamethrower|Modest||F|||50|]Farigiraf||SitrusBerry|ArmorTail|Thunderbolt,TwinBeam,Protect,HelpingHand|Calm||F|||50|]Grimmsnarl||RoseliBerry|Prankster|SpiritBreak,Taunt,PartingShot,FakeOut|Adamant||M|||50|]Aerodactyl||WideLens|Unnerve|DualWingbeat,RockSlide,Protect,Tailwind|Jolly||F|||50|
|showteam|p2|Swampert||Swampertite|Torrent|Earthquake,WaveCrash,Protect,IcePunch|Adamant||M|||50|]Pelipper||FocusSash|Drizzle|Hurricane,WeatherBall,Tailwind,Protect|Quiet||M|||50|]Sinistcha||SitrusBerry|Hospitality|MatchaGotcha,Protect,RagePowder,LifeDew|Modest|||||50|]Archaludon||Leftovers|Stamina|DragonPulse,FlashCannon,ElectroShot,Protect|Serious||F|||50|]Sableye||LightClay|Prankster|Reflect,LightScreen,WillOWisp,Protect|Bold||M|||50|]Basculegion||LifeOrb|Adaptability|WaveCrash,LastRespects,Protect,FlipTurn|Jolly||M|||50|
|inactive|Battle timer is ON: inactive players will automatically lose when time's up. (requested by wadelah)
|inactive|robinrambles has 60 seconds left.
|inactive|wadelah has 60 seconds left.
|
|t:|1785249463
|teamsize|p1|4
|teamsize|p2|4
|start
|switch|p1a: Grimmsnarl|Grimmsnarl, L50, M|100/100
|switch|p1b: Hydreigon|Hydreigon, L50, F|100/100
|switch|p2a: Pelipper|Pelipper, L50, M, shiny|100/100
|switch|p2b: Swampert|Swampert, L50, M|100/100
|-weather|RainDance|[from] ability: Drizzle|[of] p2a: Pelipper
|turn|1
|inactive|robinrambles has 30 seconds left.
|inactive|wadelah has 30 seconds left.
|inactive|wadelah has 20 seconds left.
|inactive|wadelah has 15 seconds left.
|inactive|wadelah has 10 seconds left.
|inactive|wadelah has 5 seconds left.
|
|t:|1785249513
|detailschange|p2b: Swampert|Swampert-Mega, L50, M
|-mega|p2b: Swampert|Swampert|Swampertite
|move|p1a: Grimmsnarl|Fake Out|p2b: Swampert
|-damage|p2b: Swampert|87/100
|cant|p2b: Swampert|flinch
|move|p1b: Hydreigon|Draco Meteor|p2b: Swampert
|-damage|p2b: Swampert|21/100
|-unboost|p1b: Hydreigon|spa|2
|move|p2a: Pelipper|Hurricane|p1b: Hydreigon
|-damage|p1b: Hydreigon|49/100
|-start|p1b: Hydreigon|confusion
|
|-weather|RainDance|[upkeep]
|upkeep
|turn|2
|inactive|robinrambles has 30 seconds left.
|
|t:|1785249547
|switch|p1b: Farigiraf|Farigiraf, L50, F|100/100
|move|p2b: Swampert|Protect|p2b: Swampert
|-singleturn|p2b: Swampert|Protect
|move|p1a: Grimmsnarl|Parting Shot|p2b: Swampert
|-activate|p2b: Swampert|move: Protect
|move|p2a: Pelipper|Hurricane|p1b: Farigiraf
|-damage|p1b: Farigiraf|61/100
|
|-weather|RainDance|[upkeep]
|upkeep
|turn|3
|inactive|wadelah has 30 seconds left.
|inactive|wadelah has 20 seconds left.
|inactive|wadelah has 15 seconds left.
|inactive|wadelah has 10 seconds left.
|
|t:|1785249596
|switch|p2a: Sinitria|Sinistcha, L50, shiny|100/100
|-heal|p2b: Swampert|46/100|[from] ability: Hospitality|[of] p2a: Sinitria
|move|p1b: Farigiraf|Protect|p1b: Farigiraf
|-singleturn|p1b: Farigiraf|Protect
|move|p1a: Grimmsnarl|Parting Shot|p2b: Swampert
|-unboost|p2b: Swampert|atk|1
|-unboost|p2b: Swampert|spa|1
|
|t:|1785249612
|switch|p1a: Staraptor|Staraptor, L50, F|100/100|[from] Parting Shot
|-ability|p1a: Staraptor|Intimidate|boost
|-unboost|p2a: Sinitria|atk|1
|-unboost|p2b: Swampert|atk|1
|move|p2b: Swampert|Ice Punch|p1b: Farigiraf
|-activate|p1b: Farigiraf|move: Protect
|
|-weather|RainDance|[upkeep]
|upkeep
|turn|4
|inactive|robinrambles has 30 seconds left.
|
|t:|1785249641
|switch|p2b: Basculegion|Basculegion, L50, M, shiny|100/100
|switch|p1b: Grimmsnarl|Grimmsnarl, L50, M|100/100
|move|p1a: Staraptor|Protect|p1a: Staraptor
|-singleturn|p1a: Staraptor|Protect
|move|p2a: Sinitria|Protect||[still]
|-fail|p2a: Sinitria
|
|-weather|RainDance|[upkeep]
|upkeep
|turn|5
|inactive|robinrambles has 30 seconds left.
|inactive|robinrambles has 20 seconds left.
|
|t:|1785249679
|switch|p2b: Swampert|Swampert-Mega, L50, M|46/100
|detailschange|p1a: Staraptor|Staraptor-Mega, L50, F
|-mega|p1a: Staraptor|Staraptor|Staraptite
|move|p1b: Grimmsnarl|Parting Shot|p2b: Swampert
|-unboost|p2b: Swampert|atk|1
|-unboost|p2b: Swampert|spa|1
|
|t:|1785249686
|switch|p1b: Hydreigon|Hydreigon, L50, F|49/100|[from] Parting Shot
|move|p1a: Staraptor|Brave Bird|p2a: Sinitria
|-supereffective|p2a: Sinitria|1
|-damage|p2a: Sinitria|0 fnt
|faint|p2a: Sinitria
|-damage|p1a: Staraptor|71/100|[from] Recoil
|
|-weather|none
|upkeep
|
|t:|1785249698
|switch|p2a: Pelipper|Pelipper, L50, M, shiny|100/100
|-weather|RainDance|[from] ability: Drizzle|[of] p2a: Pelipper
|turn|6
|
|t:|1785249713
|move|p2b: Swampert|Protect|p2b: Swampert
|-singleturn|p2b: Swampert|Protect
|move|p1a: Staraptor|Protect|p1a: Staraptor
|-singleturn|p1a: Staraptor|Protect
|move|p1b: Hydreigon|Snarl|p2a: Pelipper|[spread] p2a
|-activate|p2b: Swampert|move: Protect
|-damage|p2a: Pelipper|62/100
|-unboost|p2a: Pelipper|spa|1
|move|p2a: Pelipper|Tailwind|p2a: Pelipper
|-sidestart|p2: wadelah|move: Tailwind
|
|-weather|RainDance|[upkeep]
|upkeep
|turn|7
|inactive|robinrambles has 30 seconds left.
|
|t:|1785249740
|switch|p1b: Grimmsnarl|Grimmsnarl, L50, M|100/100
|move|p2b: Swampert|Ice Punch|p1a: Staraptor
|-supereffective|p1a: Staraptor|1
|-damage|p1a: Staraptor|25/100
|move|p2a: Pelipper|Hurricane|p1b: Grimmsnarl
|-crit|p1b: Grimmsnarl
|-damage|p1b: Grimmsnarl|20/100y
|-start|p1b: Grimmsnarl|confusion
|move|p1a: Staraptor|Close Combat|p2b: Swampert
|-damage|p2b: Swampert|0 fnt
|-boost|p1a: Staraptor|def|1
|-boost|p1a: Staraptor|spd|1
|faint|p2b: Swampert
|
|-weather|RainDance|[upkeep]
|upkeep
|
|t:|1785249758
|switch|p2b: Basculegion|Basculegion, L50, M, shiny|100/100
|turn|8
|
|t:|1785249781
|move|p1a: Staraptor|Protect|p1a: Staraptor
|-singleturn|p1a: Staraptor|Protect
|-activate|p1b: Grimmsnarl|confusion
|move|p1b: Grimmsnarl|Fake Out|p2a: Pelipper
|-damage|p2a: Pelipper|42/100
|move|p2b: Basculegion|Last Respects|p1b: Grimmsnarl
|-resisted|p1b: Grimmsnarl|1
|-damage|p1b: Grimmsnarl|0 fnt
|faint|p1b: Grimmsnarl
|-damage|p2b: Basculegion|90/100|[from] item: Life Orb
|cant|p2a: Pelipper|flinch
|
|-weather|RainDance|[upkeep]
|upkeep
|
|t:|1785249803
|switch|p1b: Farigiraf|Farigiraf, L50, F|61/100
|turn|9
|
|t:|1785249816
|move|p1a: Staraptor|Protect||[still]
|-fail|p1a: Staraptor
|move|p1b: Farigiraf|Protect|p1b: Farigiraf
|-singleturn|p1b: Farigiraf|Protect
|move|p2b: Basculegion|Last Respects|p1b: Farigiraf
|-activate|p1b: Farigiraf|move: Protect
|move|p2a: Pelipper|Hurricane|p1a: Staraptor
|-supereffective|p1a: Staraptor|1
|-damage|p1a: Staraptor|0 fnt
|faint|p1a: Staraptor
|
|-weather|RainDance|[upkeep]
|-sideend|p2: wadelah|move: Tailwind
|upkeep
|
|t:|1785249828
|switch|p1a: Hydreigon|Hydreigon, L50, F|49/100
|turn|10
|
|t:|1785249845
|move|p1b: Farigiraf|Helping Hand|p1a: Hydreigon
|-singleturn|p1a: Hydreigon|Helping Hand|[of] p1b: Farigiraf
|move|p1a: Hydreigon|Snarl|p2a: Pelipper|[spread] p2a,p2b
|-crit|p2a: Pelipper
|-supereffective|p2b: Basculegion|1
|-damage|p2a: Pelipper|0 fnt
|-damage|p2b: Basculegion|12/100
|-unboost|p2b: Basculegion|spa|1
|faint|p2a: Pelipper
|move|p2b: Basculegion|Last Respects|p1b: Farigiraf
|-immune|p1b: Farigiraf
|
|-weather|none
|upkeep
|turn|11
|
|t:|1785249864
|move|p1a: Hydreigon|Snarl|p2b: Basculegion
|-supereffective|p2b: Basculegion|1
|-damage|p2b: Basculegion|0 fnt
|faint|p2b: Basculegion
|
|win|robinrambles
|raw|robinrambles's rating: 1114 → 1134(+20 for winning)
|raw|wadelah's rating: 1045 → 1032(-13 for losing)
|l|☆wadelah
|player|p2|
