|j|☆lvnshdw
|j|☆Scapegoat11
|html|lvnshdwScapegoat11    
|uhtml|bestof|Game 1 of a best-of-3
|t:|1783550383
|gametype|doubles
|player|p1|lvnshdw|169|
|player|p2|Scapegoat11|hugh|
|gen|9
|tier|[Gen 9 Champions] VGC 2026 Reg M-B (Bo3)
|rule|Species Clause: Limit one of each Pokémon
|rule|Item Clause: Limit 1 of each item
|clearpoke
|poke|p1|Gengar, L50, M|
|poke|p1|Incineroar, L50, M|
|poke|p1|Sinistcha-Masterpiece, L50|
|poke|p1|Politoed, L50, F|
|poke|p1|Archaludon, L50, M|
|poke|p1|Swampert, L50, F|
|poke|p2|Sneasler, L50, F|
|poke|p2|Blastoise, L50, M, shiny|
|poke|p2|Kingambit, L50, M|
|poke|p2|Incineroar, L50, M|
|poke|p2|Delphox, L50, F, shiny|
|poke|p2|Sinistcha, L50|
|teampreview|4
|showteam|p1|Gengar||Gengarite|CursedBody|ShadowBall,PerishSong,Disable,Protect|Timid||M|||50|]Incineroar||ChopleBerry|Intimidate|ThroatChop,FakeOut,PartingShot,Protect|Relaxed||M|||50|]Sinistcha-Masterpiece||ColburBerry|Hospitality|MatchaGotcha,ShadowBall,RagePowder,Protect|Relaxed|||||50|]Politoed||Leftovers|Drizzle|WeatherBall,PerishSong,Encore,Protect|Calm||F|||50|]Archaludon||FocusSash|Stalwart|FlashCannon,DragonPulse,ElectroShot,Protect|Timid||M|||50|]Swampert||Swampertite|Damp|Liquidation,HighHorsepower,IcePunch,Protect|Jolly||F|||50|
|showteam|p2|Sneasler||FocusSash|PoisonTouch|PoisonJab,CloseCombat,FakeOut,QuickGuard|Jolly||F|||50|]Blastoise||Blastoisinite|RainDish|DarkPulse,WaterSpout,ShellSmash,Protect|Modest||M|||50|]Kingambit||BlackGlasses|Defiant|KowtowCleave,SuckerPunch,SwordsDance,Protect|Adamant||M|||50|]Incineroar||SitrusBerry|Intimidate|FlareBlitz,HelpingHand,PartingShot,FakeOut|Careful||M|||50|]Delphox||Delphoxite|Blaze|HeatWave,NastyPlot,Psyshock,Protect|Modest||F|||50|]Sinistcha||KasibBerry|Hospitality|MatchaGotcha,RagePowder,TrickRoom,Protect|Bold|||||50|
|
|t:|1783550443
|teamsize|p1|4
|teamsize|p2|4
|start
|switch|p1a: Politoed|Politoed, L50, F|100/100
|switch|p1b: Archaludon|Archaludon, L50, M|100/100
|switch|p2a: Blastoise|Blastoise, L50, M, shiny|100/100
|switch|p2b: Sneasler|Sneasler, L50, F|100/100
|-weather|RainDance|[from] ability: Drizzle|[of] p1a: Politoed
|turn|1
|
|t:|1783550471
|detailschange|p2a: Blastoise|Blastoise-Mega, L50, M, shiny
|-mega|p2a: Blastoise|Blastoise|Blastoisinite
|move|p2b: Sneasler|Fake Out|p1b: Archaludon
|-resisted|p1b: Archaludon|1
|-damage|p1b: Archaludon|94/100
|cant|p1b: Archaludon|flinch
|move|p2a: Blastoise|Shell Smash|p2a: Blastoise
|-unboost|p2a: Blastoise|def|1
|-unboost|p2a: Blastoise|spd|1
|-boost|p2a: Blastoise|atk|2
|-boost|p2a: Blastoise|spa|2
|-boost|p2a: Blastoise|spe|2
|move|p1a: Politoed|Encore|p2b: Sneasler
|-start|p2b: Sneasler|Encore
|
|-weather|RainDance|[upkeep]
|upkeep
|turn|2
|
|t:|1783550489
|switch|p2b: Incineroar|Incineroar, L50, M|100/100
|-ability|p2b: Incineroar|Intimidate|boost
|-unboost|p1a: Politoed|atk|1
|-unboost|p1b: Archaludon|atk|1
|move|p2a: Blastoise|Dark Pulse|p1b: Archaludon
|-damage|p1b: Archaludon|0 fnt
|faint|p1b: Archaludon
|move|p1a: Politoed|Perish Song|p1a: Politoed
|-start|p1a: Politoed|perish3|[silent]
|-start|p2a: Blastoise|perish3|[silent]
|-start|p2b: Incineroar|perish3|[silent]
|-fieldactivate|move: Perish Song
|
|-weather|RainDance|[upkeep]
|-start|p2a: Blastoise|perish3
|-start|p2b: Incineroar|perish3
|-start|p1a: Politoed|perish3
|upkeep
|
|t:|1783550503
|switch|p1b: Gengar|Gengar, L50, M|100/100
|turn|3
|
|t:|1783550509
|detailschange|p1b: Gengar|Gengar-Mega, L50, M
|-mega|p1b: Gengar|Gengar|Gengarite
|move|p1b: Gengar|Protect|p1b: Gengar
|-singleturn|p1b: Gengar|Protect
|move|p1a: Politoed|Protect|p1a: Politoed
|-singleturn|p1a: Politoed|Protect
|move|p2b: Incineroar|Fake Out|p1a: Politoed
|-activate|p1a: Politoed|move: Protect
|move|p2a: Blastoise|Water Spout|p1b: Gengar|[spread] 
|-activate|p1a: Politoed|move: Protect
|-activate|p1b: Gengar|move: Protect
|
|-weather|RainDance|[upkeep]
|-start|p2a: Blastoise|perish2
|-start|p2b: Incineroar|perish2
|-start|p1a: Politoed|perish2
|upkeep
|turn|4
|
|t:|1783550535
|switch|p1b: Sinistcha|Sinistcha-Masterpiece, L50|100/100
|move|p2b: Incineroar|Helping Hand|p2a: Blastoise
|-singleturn|p2a: Blastoise|Helping Hand|[of] p2b: Incineroar
|move|p2a: Blastoise|Water Spout|p1a: Politoed|[spread] p1a,p1b
|-resisted|p1a: Politoed|1
|-resisted|p1b: Sinistcha|1
|-damage|p1a: Politoed|2/100
|-damage|p1b: Sinistcha|0 fnt
|faint|p1b: Sinistcha
|move|p1a: Politoed|Weather Ball|p2b: Incineroar
|-supereffective|p2b: Incineroar|1
|-damage|p2b: Incineroar|13/100
|-enditem|p2b: Incineroar|Sitrus Berry|[eat]
|-heal|p2b: Incineroar|38/100|[from] item: Sitrus Berry
|
|-weather|RainDance|[upkeep]
|-heal|p1a: Politoed|8/100|[from] item: Leftovers
|-start|p2a: Blastoise|perish1
|-start|p2b: Incineroar|perish1
|-start|p1a: Politoed|perish1
|upkeep
|
|t:|1783550553
|switch|p1b: Gengar|Gengar-Mega, L50, M|100/100
|turn|5
|
|t:|1783550569
|move|p1b: Gengar|Protect|p1b: Gengar
|-singleturn|p1b: Gengar|Protect
|move|p1a: Politoed|Protect|p1a: Politoed
|-singleturn|p1a: Politoed|Protect
|move|p2a: Blastoise|Dark Pulse|p1b: Gengar
|-activate|p1b: Gengar|move: Protect
|move|p2b: Incineroar|Flare Blitz|p1a: Politoed
|-activate|p1a: Politoed|move: Protect
|
|-weather|none
|-heal|p1a: Politoed|14/100|[from] item: Leftovers
|-start|p2a: Blastoise|perish0
|-start|p2b: Incineroar|perish0
|-start|p1a: Politoed|perish0
|faint|p2a: Blastoise
|faint|p2b: Incineroar
|faint|p1a: Politoed
|upkeep
|
|t:|1783550576
|switch|p2a: Sneasler|Sneasler, L50, F|100/100
|switch|p2b: Sinistcha|Sinistcha, L50|100/100
|turn|6
|c|☆lvnshdw|yo im actually playing terribly
|c|☆Scapegoat11|I mean
|c|☆Scapegoat11|This endgame isn't great for me
|c|☆Scapegoat11|You're also playing a very hard team to pilot
|
|t:|1783550605
|move|p2a: Sneasler|Poison Jab|p1b: Gengar
|-resisted|p1b: Gengar|2
|-damage|p1b: Gengar|88/100
|move|p1b: Gengar|Shadow Ball|p2b: Sinistcha
|-supereffective|p2b: Sinistcha|1
|-enditem|p2b: Sinistcha|Kasib Berry|[eat]
|-enditem|p2b: Sinistcha|Kasib Berry|[weaken]
|-damage|p2b: Sinistcha|62/100
|move|p2b: Sinistcha|Matcha Gotcha|p1b: Gengar
|-resisted|p1b: Gengar|1
|-crit|p1b: Gengar
|-damage|p1b: Gengar|59/100
|-heal|p2b: Sinistcha|76/100|[from] drain|[of] p1b: Gengar
|
|upkeep
|turn|7
|
|t:|1783550621
|move|p2a: Sneasler|Poison Jab|p1b: Gengar
|-resisted|p1b: Gengar|2
|-damage|p1b: Gengar|47/100
|move|p1b: Gengar|Shadow Ball|p2b: Sinistcha
|-supereffective|p2b: Sinistcha|1
|-damage|p2b: Sinistcha|0 fnt
|faint|p2b: Sinistcha
|
|upkeep
|turn|8
|c|☆lvnshdw|i just need one perish
|
|t:|1783550628
|move|p2a: Sneasler|Poison Jab|p1b: Gengar
|-resisted|p1b: Gengar|2
|-damage|p1b: Gengar|35/100
|move|p1b: Gengar|Perish Song|p1b: Gengar
|-start|p1b: Gengar|perish3|[silent]
|-start|p2a: Sneasler|perish3|[silent]
|-fieldactivate|move: Perish Song
|
|-start|p2a: Sneasler|perish3
|-start|p1b: Gengar|perish3
|upkeep
|turn|9
|c|☆lvnshdw|now i win if i can stall
|c|☆lvnshdw|cuz whoever faints last wins
|c|☆Scapegoat11|You really didn't need to perish
|
|t:|1783550645
|move|p1b: Gengar|Protect|p1b: Gengar
|-singleturn|p1b: Gengar|Protect
|move|p2a: Sneasler|Poison Jab|p1b: Gengar
|-activate|p1b: Gengar|move: Protect
|
|-start|p2a: Sneasler|perish2
|-start|p1b: Gengar|perish2
|upkeep
|turn|10
|c|☆Scapegoat11|You could've just shadow balled me twice
|
|t:|1783550654
|move|p2a: Sneasler|Poison Jab|p1b: Gengar
|-resisted|p1b: Gengar|2
|-damage|p1b: Gengar|24/100
|move|p1b: Gengar|Disable|p2a: Sneasler
|-start|p2a: Sneasler|Disable|Poison Jab
|
|-start|p2a: Sneasler|perish1
|-start|p1b: Gengar|perish1
|upkeep
|turn|11
|
|t:|1783550662
|move|p1b: Gengar|Protect|p1b: Gengar
|-singleturn|p1b: Gengar|Protect
|move|p2a: Sneasler|Close Combat|p1b: Gengar
|-activate|p1b: Gengar|move: Protect
|
|-start|p2a: Sneasler|perish0
|-start|p1b: Gengar|perish0
|faint|p2a: Sneasler
|faint|p1b: Gengar
|
|win|lvnshdw
||Scapegoat11 is ready for game 2.
|c|☆lvnshdw|fair
||lvnshdw is ready for game 2.
|uhtml|next|Next: Game 2 of 3
