|j|☆paintleg4cy
|j|☆25th_mang
|html|paintleg4cy25th_mang    
|uhtml|bestof|Game 3 of a best-of-3
|t:|1782368446
|gametype|doubles
|player|p1|paintleg4cy|dawn-gen4pt|1211
|player|p2|25th_mang|ballguy|1221
|gen|9
|tier|[Gen 9 Champions] VGC 2026 Reg M-B (Bo3)
|rated|
|rule|Species Clause: Limit one of each Pokémon
|rule|Item Clause: Limit 1 of each item
|clearpoke
|poke|p1|Swampert, L50, M, shiny|
|poke|p1|Pelipper, L50, M, shiny|
|poke|p1|Archaludon, L50, M, shiny|
|poke|p1|Grimmsnarl, L50, M, shiny|
|poke|p1|Eelektross, L50, M, shiny|
|poke|p1|Floette-Eternal, L50, F|
|poke|p2|Crabominable, L50, F|
|poke|p2|Farigiraf, L50, F|
|poke|p2|Incineroar, L50, F|
|poke|p2|Archaludon, L50, F|
|poke|p2|Pelipper, L50, M|
|poke|p2|Sinistcha, L50|
|teampreview|4
|showteam|p1|Swampert||Swampertite|Torrent|WaveCrash,Earthquake,IcePunch,Protect|Adamant||M|||50|]Pelipper||FocusSash|Drizzle|Tailwind,Protect,WeatherBall,Hurricane|Modest||M|||50|]Archaludon||Leftovers|Stamina|ElectroShot,DracoMeteor,FlashCannon,Protect|Calm||M|||50|]Grimmsnarl||LightClay|Prankster|Reflect,LightScreen,SpiritBreak,PartingShot|Careful||M|||50|]Eelektross||LifeOrb|Levitate|Thunder,GigaDrain,Discharge,Protect|Modest||M|||50|]Floette-Eternal||Floettite|FlowerVeil|Moonblast,LightofRuin,DazzlingGleam,Protect|Timid||F|||50|
|showteam|p2|Crabominable||Crabominite|HyperCutter|IceHammer,DrainPunch,Protect,ThunderPunch|Brave||F|||50|]Farigiraf||MentalHerb|ArmorTail|TrickRoom,Psychic,HyperVoice,HelpingHand|Relaxed||F|||50|]Incineroar||Charcoal|Intimidate|FakeOut,FlareBlitz,Assurance,Snarl|Adamant||F|||50|]Archaludon||Magnet|Stalwart|ElectroShot,AuraSphere,DracoMeteor,Protect|Quiet||F|||50|]Pelipper||SharpBeak|Drizzle|Hurricane,WeatherBall,WideGuard,Protect|Modest||M|||50|]Sinistcha||SitrusBerry|Hospitality|MatchaGotcha,RagePowder,LifeDew,TrickRoom|Relaxed|||||50|
|inactive|Battle timer is ON: inactive players will automatically lose when time's up. (requested by 25th_mang)
|inactive|paintleg4cy has 60 seconds left.
|
|t:|1782368487
|teamsize|p1|4
|teamsize|p2|4
|start
|switch|p1a: Archaludon|Archaludon, L50, M, shiny|100/100
|switch|p1b: Pelipper|Pelipper, L50, M, shiny|100/100
|switch|p2a: My1stFlip|Farigiraf, L50, F|100/100
|switch|p2b: Doomscroll|Archaludon, L50, F|100/100
|-weather|RainDance|[from] ability: Drizzle|[of] p1b: Pelipper
|turn|1
|inactive|paintleg4cy has 30 seconds left.
|
|t:|1782368514
|move|p2a: My1stFlip|Helping Hand|p2b: Doomscroll
|-singleturn|p2b: Doomscroll|Helping Hand|[of] p2a: My1stFlip
|move|p1b: Pelipper|Hurricane|p2a: My1stFlip
|-damage|p2a: My1stFlip|58/100
|move|p1a: Archaludon|Electro Shot||[still]
|-prepare|p1a: Archaludon|Electro Shot
|-boost|p1a: Archaludon|spa|1
|-anim|p1a: Archaludon|Electro Shot|p2a: My1stFlip
|-damage|p2a: My1stFlip|13/100
|move|p2b: Doomscroll|Aura Sphere|p1a: Archaludon
|-supereffective|p1a: Archaludon|1
|-damage|p1a: Archaludon|23/100
|-ability|p1a: Archaludon|Stamina|boost
|-boost|p1a: Archaludon|def|1
|
|-weather|RainDance|[upkeep]
|-heal|p1a: Archaludon|29/100|[from] item: Leftovers
|upkeep
|turn|2
|inactive|25th_mang has 30 seconds left.
|
|t:|1782368545
|switch|p2a: Hockey Rivalry|Crabominable, L50, F|100/100
|move|p1a: Archaludon|Protect|p1a: Archaludon
|-singleturn|p1a: Archaludon|Protect
|move|p1b: Pelipper|Weather Ball|p2a: Hockey Rivalry
|-damage|p2a: Hockey Rivalry|23/100
|move|p2b: Doomscroll|Electro Shot||[still]
|-prepare|p2b: Doomscroll|Electro Shot
|-boost|p2b: Doomscroll|spa|1
|-anim|p2b: Doomscroll|Electro Shot|p1b: Pelipper
|-supereffective|p1b: Pelipper|2
|-crit|p1b: Pelipper
|-enditem|p1b: Pelipper|Focus Sash
|-damage|p1b: Pelipper|1/100
|
|-weather|RainDance|[upkeep]
|-heal|p1a: Archaludon|36/100|[from] item: Leftovers
|upkeep
|turn|3
|inactive|25th_mang has 30 seconds left.
|
|t:|1782368575
|switch|p1b: Grimmsnarl|Grimmsnarl, L50, M, shiny|100/100
|move|p1a: Archaludon|Draco Meteor|p2b: Doomscroll
|-damage|p2b: Doomscroll|12/100
|-unboost|p1a: Archaludon|spa|2
|move|p2b: Doomscroll|Electro Shot||[still]
|-prepare|p2b: Doomscroll|Electro Shot
|-boost|p2b: Doomscroll|spa|1
|-anim|p2b: Doomscroll|Electro Shot|p1a: Archaludon
|-resisted|p1a: Archaludon|1
|-damage|p1a: Archaludon|0 fnt
|faint|p1a: Archaludon
|move|p2a: Hockey Rivalry|Drain Punch|p1b: Grimmsnarl
|-damage|p1b: Grimmsnarl|58/100
|-heal|p2a: Hockey Rivalry|41/100|[from] drain|[of] p1b: Grimmsnarl
|
|-weather|RainDance|[upkeep]
|upkeep
|
|t:|1782368584
|switch|p1a: Swampert|Swampert, L50, M, shiny|100/100
|turn|4
|inactive|25th_mang has 30 seconds left.
|inactive|25th_mang has 20 seconds left.
|inactive|25th_mang has 15 seconds left.
|inactive|25th_mang has 10 seconds left.
|
|t:|1782368631
|switch|p2b: My Direction|Sinistcha, L50|100/100
|-heal|p2a: Hockey Rivalry|66/100|[from] ability: Hospitality|[of] p2b: My Direction
|switch|p1b: Pelipper|Pelipper, L50, M, shiny|1/100
|detailschange|p1a: Swampert|Swampert-Mega, L50, M, shiny
|-mega|p1a: Swampert|Swampert|Swampertite
|detailschange|p2a: Hockey Rivalry|Crabominable-Mega, L50, F
|-mega|p2a: Hockey Rivalry|Crabominable|Crabominite
|move|p1a: Swampert|Earthquake|p2b: My Direction|[spread] p2a,p2b
|-immune|p1b: Pelipper
|-resisted|p2b: My Direction|1
|-damage|p2a: Hockey Rivalry|29/100
|-damage|p2b: My Direction|81/100
|move|p2a: Hockey Rivalry|Ice Hammer|p1b: Pelipper
|-damage|p1b: Pelipper|0 fnt
|-unboost|p2a: Hockey Rivalry|spe|1
|faint|p1b: Pelipper
|
|-weather|RainDance|[upkeep]
|upkeep
|
|t:|1782368643
|switch|p1b: Grimmsnarl|Grimmsnarl, L50, M, shiny|58/100
|turn|5
|
|t:|1782368668
|move|p1a: Swampert|Ice Punch|p2b: My Direction
|-supereffective|p2b: My Direction|1
|-damage|p2b: My Direction|35/100
|-enditem|p2b: My Direction|Sitrus Berry|[eat]
|-heal|p2b: My Direction|60/100|[from] item: Sitrus Berry
|move|p1b: Grimmsnarl|Spirit Break|p2a: Hockey Rivalry
|-supereffective|p2a: Hockey Rivalry|1
|-damage|p2a: Hockey Rivalry|0 fnt
|faint|p2a: Hockey Rivalry
|move|p2b: My Direction|Trick Room|p2b: My Direction
|-fieldstart|move: Trick Room|[of] p2b: My Direction
|
|-weather|none
|upkeep
|
|t:|1782368682
|switch|p2a: My1stFlip|Farigiraf, L50, F|13/100
|turn|6
|
|t:|1782368688
|move|p2a: My1stFlip|Helping Hand|p2b: My Direction
|-singleturn|p2b: My Direction|Helping Hand|[of] p2a: My1stFlip
|move|p1a: Swampert|Protect|p1a: Swampert
|-singleturn|p1a: Swampert|Protect
|move|p1b: Grimmsnarl|Spirit Break|p2a: My1stFlip
|-damage|p2a: My1stFlip|0 fnt
|faint|p2a: My1stFlip
|move|p2b: My Direction|Matcha Gotcha|p1b: Grimmsnarl|[spread] p1b
|-activate|p1a: Swampert|move: Protect
|-damage|p1b: Grimmsnarl|22/100
|-heal|p2b: My Direction|78/100|[from] drain|[of] p1b: Grimmsnarl
|
|upkeep
|
|t:|1782368694
|switch|p2a: Doomscroll|Archaludon, L50, F|12/100
|turn|7
|
|t:|1782368700
|move|p2a: Doomscroll|Protect|p2a: Doomscroll
|-singleturn|p2a: Doomscroll|Protect
|move|p1b: Grimmsnarl|Light Screen|p1b: Grimmsnarl
|-sidestart|p1: paintleg4cy|move: Light Screen
|move|p2b: My Direction|Matcha Gotcha|p1a: Swampert|[spread] p1a,p1b
|-supereffective|p1a: Swampert|2
|-damage|p1a: Swampert|44/100
|-heal|p2b: My Direction|100/100|[from] drain|[of] p1a: Swampert
|-damage|p1b: Grimmsnarl|7/100
|-status|p1a: Swampert|brn
|move|p1a: Swampert|Earthquake|p2b: My Direction|[spread] p1b,p2b
|-activate|p2a: Doomscroll|move: Protect
|-resisted|p2b: My Direction|1
|-damage|p1b: Grimmsnarl|0 fnt
|-damage|p2b: My Direction|89/100
|faint|p1b: Grimmsnarl
|
|-damage|p1a: Swampert|37/100 brn|[from] brn
|upkeep
|turn|8
|
|t:|1782368719
|move|p2b: My Direction|Matcha Gotcha|p1a: Swampert
|-supereffective|p1a: Swampert|2
|-damage|p1a: Swampert|0 fnt
|-heal|p2b: My Direction|100/100|[from] drain|[of] p1a: Swampert
|faint|p1a: Swampert
|
|win|25th_mang
|raw|paintleg4cy's rating: 1211 → 1187(-24 for losing)
|raw|25th_mang's rating: 1221 → 1245(+24 for winning)
|l|☆paintleg4cy
|player|p1|
|c|☆25th_mang|Ggs
|l|☆25th_mang
|player|p2|
|j|☆25th_mang
|player|p2|25th_mang|ballguy|
