|j|☆VyersFGC
|j|☆natsukivgc
|html|VyersFGCnatsukivgc    
|uhtml|bestof|Game 1 of a best-of-3
|t:|1785419698
|gametype|doubles
|player|p1|VyersFGC|pokemonranger|1227
|player|p2|natsukivgc|265|1172
|gen|9
|tier|[Gen 9 Champions] VGC 2026 Reg M-B (Bo3)
|rated|
|rule|Species Clause: Limit one of each Pokémon
|rule|Item Clause: Limit 1 of each item
|clearpoke
|poke|p1|Raichu, L50, F|
|poke|p1|Ninetales-Alola, L50, F|
|poke|p1|Archaludon, L50, M|
|poke|p1|Azumarill, L50, F|
|poke|p1|Incineroar, L50, M|
|poke|p1|Aerodactyl, L50, F|
|poke|p2|Charizard, L50, M|
|poke|p2|Sneasler, L50, F|
|poke|p2|Kingambit, L50, F|
|poke|p2|Dragonite, L50, F|
|poke|p2|Floette-Eternal, L50, F|
|poke|p2|Whimsicott, L50, F|
|teampreview|4
|showteam|p1|Raichu||RaichuniteY|LightningRod|ZapCannon,Protect,UpperHand,FocusBlast|Timid||F|||50|]Ninetales-Alola||LightClay|SnowWarning|Blizzard,FreezeDry,AuroraVeil,Protect|Modest||F|||50|]Archaludon||Leftovers|Stamina|ElectroShot,Protect,DragonPulse,FlashCannon|Modest||M|||50|]Azumarill||SitrusBerry|HugePower|Liquidation,Protect,AquaJet,PlayRough|Adamant||F|||50|]Incineroar||BlackGlasses|Intimidate|DarkestLariat,FakeOut,FlareBlitz,Protect|Brave||M|||50|]Aerodactyl||FocusSash|Unnerve|RockSlide,DualWingbeat,WideGuard,Tailwind|Jolly||F|||50|
|showteam|p2|Charizard||CharizarditeY|Blaze|HeatWave,SolarBeam,WeatherBall,Protect|Modest||M|||50|]Sneasler||WhiteHerb|Unburden|CloseCombat,DireClaw,FakeOut,Coaching|Jolly||F|||50|]Kingambit||BlackGlasses|Defiant|KowtowCleave,SuckerPunch,SwordsDance,Protect|Adamant||F|||50|]Dragonite||LifeOrb|InnerFocus|DragonClaw,LowKick,ExtremeSpeed,Protect|Adamant||F|||50|]Floette-Eternal||Floettite|FlowerVeil|Moonblast,DazzlingGleam,LightofRuin,Protect|Modest||F|||50|]Whimsicott||FocusSash|Prankster|Moonblast,Tailwind,Encore,Protect|Timid||F|||50|
|
|t:|1785419734
|teamsize|p1|4
|teamsize|p2|4
|start
|switch|p1a: Raichu|Raichu, L50, F|100/100
|switch|p1b: Aerodactyl|Aerodactyl, L50, F|100/100
|switch|p2a: Whimsicott|Whimsicott, L50, F|100/100
|switch|p2b: Floette|Floette-Eternal, L50, F|100/100
|-ability|p1b: Aerodactyl|Unnerve
|turn|1
|inactive|Battle timer is ON: inactive players will automatically lose when time's up. (requested by VyersFGC)
|
|t:|1785419769
|switch|p1a: Incineroar|Incineroar, L50, M|100/100
|-ability|p1a: Incineroar|Intimidate|boost
|-block|p2a: Whimsicott|ability: Flower Veil|[of] p2b: Floette
|-unboost|p2b: Floette|atk|1
|detailschange|p2b: Floette|Floette-Mega, L50, F
|-mega|p2b: Floette|Floette|Floettite
|-ability|p2b: Floette|Fairy Aura
|move|p2a: Whimsicott|Tailwind|p2a: Whimsicott
|-sidestart|p2: natsukivgc|move: Tailwind
|move|p2b: Floette|Moonblast|p1b: Aerodactyl
|-enditem|p1b: Aerodactyl|Focus Sash
|-damage|p1b: Aerodactyl|1/100
|move|p1b: Aerodactyl|Tailwind|p1b: Aerodactyl
|-sidestart|p1: VyersFGC|move: Tailwind
|
|upkeep
|turn|2
|inactive|VyersFGC has 30 seconds left.
|inactive|natsukivgc has 30 seconds left.
|
|t:|1785419800
|move|p1a: Incineroar|Fake Out|p2a: Whimsicott
|-crit|p2a: Whimsicott
|-damage|p2a: Whimsicott|70/100
|cant|p2a: Whimsicott|flinch
|move|p1b: Aerodactyl|Rock Slide|p2a: Whimsicott|[spread] p2a,p2b
|-damage|p2a: Whimsicott|35/100
|-damage|p2b: Floette|69/100
|cant|p2b: Floette|flinch
|
|upkeep
|turn|3
|inactive|VyersFGC has 30 seconds left.
|inactive|natsukivgc has 30 seconds left.
|
|t:|1785419834
|move|p1b: Aerodactyl|Rock Slide|p2a: Whimsicott|[spread] p2a,p2b
|-damage|p2a: Whimsicott|0 fnt
|-damage|p2b: Floette|36/100
|faint|p2a: Whimsicott
|cant|p2b: Floette|flinch
|move|p1a: Incineroar|Flare Blitz|p2b: Floette
|-damage|p2b: Floette|0 fnt
|faint|p2b: Floette
|-damage|p1a: Incineroar|90/100|[from] Recoil
|
|upkeep
|
|t:|1785419844
|switch|p2a: Kingambit|Kingambit, L50, F|100/100
|switch|p2b: Dragonite|Dragonite, L50, F|100/100
|turn|4
|
|t:|1785419859
|move|p2b: Dragonite|Extreme Speed|p1b: Aerodactyl
|-resisted|p1b: Aerodactyl|1
|-damage|p1b: Aerodactyl|0 fnt
|faint|p1b: Aerodactyl
|-damage|p2b: Dragonite|90/100|[from] item: Life Orb
|move|p1a: Incineroar|Flare Blitz|p2a: Kingambit
|-supereffective|p2a: Kingambit|1
|-damage|p2a: Kingambit|13/100
|-damage|p1a: Incineroar|61/100|[from] Recoil
|move|p2a: Kingambit|Swords Dance|p2a: Kingambit
|-boost|p2a: Kingambit|atk|2
|
|-sideend|p1: VyersFGC|move: Tailwind
|-sideend|p2: natsukivgc|move: Tailwind
|upkeep
|
|t:|1785419882
|switch|p1b: Ninetales|Ninetales-Alola, L50, F|100/100
|-weather|Snowscape|[from] ability: Snow Warning|[of] p1b: Ninetales
|turn|5
|inactive|natsukivgc has 30 seconds left.
|
|t:|1785419914
|move|p2a: Kingambit|Sucker Punch|p1a: Incineroar
|-resisted|p1a: Incineroar|1
|-damage|p1a: Incineroar|22/100
|move|p1b: Ninetales|Blizzard|p2b: Dragonite|[spread] p2a,p2b
|-resisted|p2a: Kingambit|1
|-supereffective|p2b: Dragonite|2
|-damage|p2a: Kingambit|0 fnt
|-damage|p2b: Dragonite|0 fnt
|faint|p2a: Kingambit
|faint|p2b: Dragonite
|
|win|VyersFGC
