|j|☆SunDjinn
|j|☆yosiel
|html|SunDjinnyosiel    
|uhtml|bestof|Game 1 of a best-of-3
|t:|1782193985
|gametype|doubles
|player|p1|SunDjinn|hugh|1000
|player|p2|yosiel|acetrainersnow|1050
|gen|9
|tier|[Gen 9 Champions] VGC 2026 Reg M-B (Bo3)
|rated|
|rule|Species Clause: Limit one of each Pokémon
|rule|Item Clause: Limit 1 of each item
|clearpoke
|poke|p1|Sceptile, L50, F|
|poke|p1|Scolipede, L50, M|
|poke|p1|Grimmsnarl, L50, M|
|poke|p1|Tauros, L50, M|
|poke|p1|Sableye, L50, M|
|poke|p1|Rotom-Heat, L50|
|poke|p2|Floette-Eternal, L50, F|
|poke|p2|Incineroar, L50, M, shiny|
|poke|p2|Sableye, L50, M, shiny|
|poke|p2|Swampert, L50, M, shiny|
|poke|p2|Dragonite, L50, M, shiny|
|poke|p2|Sinistcha, L50, shiny|
|teampreview|4
|showteam|p1|Sceptile||Sceptilite|Overgrow|GigaDrain,DragonPulse,EarthPower,Protect|Timid||F|||50|]Scolipede||Scolipite|SpeedBoost|LeechLife,PoisonJab,RockSlide,SwordsDance|Adamant||M|||50|]Grimmsnarl||LightClay|Prankster|LightScreen,Reflect,PartingShot,SpiritBreak|Impish||M|||50|]Tauros||LifeOrb|SheerForce|BodySlam,IronHead,ZenHeadbutt,RockSlide|Jolly||M|||50|]Sableye||Leftovers|Prankster|FakeOut,WillOWisp,Taunt,Disable|Careful||M|||50|]Rotom-Heat||ChoiceScarf|Levitate|Discharge,Overheat,ShadowBall,VoltSwitch|Modest|||||50|
|showteam|p2|Floette-Eternal||Floettite|FlowerVeil|CalmMind,Protect,DazzlingGleam,GigaDrain|Bold||F|||50|]Incineroar||ChopleBerry|Intimidate|FakeOut,DarkestLariat,FlareBlitz,PartingShot|Impish||M|||50|]Sableye||DampRock|Prankster|RainDance,FakeOut,KnockOff,WillOWisp|Careful||M|||50|]Swampert||Swampertite|Damp|Earthquake,IcePunch,FlipTurn,WaveCrash|Adamant||M|||50|]Dragonite||Leftovers|InnerFocus|Protect,Hurricane,ThunderWave,DracoMeteor|Modest||M|||50|]Sinistcha||SitrusBerry|Hospitality|MatchaGotcha,TrickRoom,LifeDew,RagePowder|Calm|||||50|
|
|t:|1782194006
|teamsize|p1|4
|teamsize|p2|4
|start
|switch|p1a: Sceptile|Sceptile, L50, F|100/100
|switch|p1b: Rotom|Rotom-Heat, L50|100/100
|switch|p2a: Floette|Floette-Eternal, L50, F|100/100
|switch|p2b: Incineroar|Incineroar, L50, M, shiny|100/100
|-ability|p2b: Incineroar|Intimidate|boost
|-unboost|p1a: Sceptile|atk|1
|-unboost|p1b: Rotom|atk|1
|turn|1
|inactive|Battle timer is ON: inactive players will automatically lose when time's up. (requested by SunDjinn)
|
|t:|1782194027
|move|p1a: Sceptile|Protect|p1a: Sceptile
|-singleturn|p1a: Sceptile|Protect
|move|p2b: Incineroar|Fake Out|p1b: Rotom
|-damage|p1b: Rotom|86/100
|cant|p1b: Rotom|flinch
|move|p2a: Floette|Calm Mind|p2a: Floette
|-boost|p2a: Floette|spa|1
|-boost|p2a: Floette|spd|1
|
|upkeep
|turn|2
|
|t:|1782194042
|detailschange|p1a: Sceptile|Sceptile-Mega, L50, F
|-mega|p1a: Sceptile|Sceptile|Sceptilite
|detailschange|p2a: Floette|Floette-Mega, L50, F
|-mega|p2a: Floette|Floette|Floettite
|-ability|p2a: Floette|Fairy Aura
|move|p1a: Sceptile|Earth Power|p2b: Incineroar
|-supereffective|p2b: Incineroar|1
|-damage|p2b: Incineroar|37/100
|move|p1b: Rotom|Discharge|p2b: Incineroar|[spread] p2a,p2b
|-ability|p1a: Sceptile|Lightning Rod|boost
|-boost|p1a: Sceptile|spa|1
|-damage|p2a: Floette|84/100
|-damage|p2b: Incineroar|10/100
|-status|p2a: Floette|par
|move|p2b: Incineroar|Parting Shot|p1a: Sceptile
|-unboost|p1a: Sceptile|atk|1
|-unboost|p1a: Sceptile|spa|1
|
|t:|1782194058
|switch|p2b: Sinistcha|Sinistcha, L50, shiny|100/100|[from] Parting Shot
|-heal|p2a: Floette|100/100 par|[from] ability: Hospitality|[of] p2b: Sinistcha
|cant|p2a: Floette|par
|
|upkeep
|turn|3
|
|t:|1782194072
|switch|p2b: Incineroar|Incineroar, L50, M, shiny|10/100
|-ability|p2b: Incineroar|Intimidate|boost
|-unboost|p1a: Sceptile|atk|1
|-unboost|p1b: Rotom|atk|1
|move|p1a: Sceptile|Giga Drain|p2a: Floette
|-damage|p2a: Floette|80/100 par
|move|p1b: Rotom|Discharge|p2a: Floette|[spread] p2a,p2b
|-ability|p1a: Sceptile|Lightning Rod|boost
|-boost|p1a: Sceptile|spa|1
|-damage|p2a: Floette|66/100 par
|-damage|p2b: Incineroar|0 fnt
|faint|p2b: Incineroar
|move|p2a: Floette|Dazzling Gleam|p1a: Sceptile|[spread] p1a,p1b
|-supereffective|p1a: Sceptile|1
|-resisted|p1b: Rotom|1
|-damage|p1a: Sceptile|0 fnt
|-damage|p1b: Rotom|47/100
|faint|p1a: Sceptile
|
|upkeep
|
|t:|1782194088
|switch|p1a: Grimmsnarl|Grimmsnarl, L50, M|100/100
|switch|p2b: Sinistcha|Sinistcha, L50, shiny|100/100
|-heal|p2a: Floette|91/100 par|[from] ability: Hospitality|[of] p2b: Sinistcha
|turn|4
|
|t:|1782194096
|switch|p1b: Tauros|Tauros, L50, M|100/100
|switch|p2b: Dragonite|Dragonite, L50, M, shiny|100/100
|move|p1a: Grimmsnarl|Light Screen|p1a: Grimmsnarl
|-sidestart|p1: SunDjinn|move: Light Screen
|move|p2a: Floette|Dazzling Gleam|p1b: Tauros|[spread] p1a,p1b
|-supereffective|p1a: Grimmsnarl|1
|-damage|p1a: Grimmsnarl|2/100
|-damage|p1b: Tauros|26/100
|
|upkeep
|turn|5
|inactive|yosiel has 30 seconds left.
|
|t:|1782194122
|move|p1a: Grimmsnarl|Parting Shot|p2a: Floette
|-unboost|p2a: Floette|atk|1
|-unboost|p2a: Floette|spa|1
|
|t:|1782194129
|switch|p1a: Rotom|Rotom-Heat, L50|47/100|[from] Parting Shot
|move|p1b: Tauros|Rock Slide|p2a: Floette|[spread] p2a,p2b
|-supereffective|p2b: Dragonite|1
|-damage|p2a: Floette|65/100 par
|-damage|p2b: Dragonite|47/100
|move|p2b: Dragonite|Hurricane|p1a: Rotom
|-resisted|p1a: Rotom|1
|-damage|p1a: Rotom|24/100
|cant|p2a: Floette|par
|
|-heal|p2b: Dragonite|52/100|[from] item: Leftovers
|upkeep
|turn|6
|
|t:|1782194147
|switch|p2b: Sinistcha|Sinistcha, L50, shiny|100/100
|-heal|p2a: Floette|90/100 par|[from] ability: Hospitality|[of] p2b: Sinistcha
|move|p1a: Rotom|Volt Switch|p2b: Sinistcha
|-resisted|p2b: Sinistcha|1
|-damage|p2b: Sinistcha|83/100
|
|t:|1782194154
|switch|p1a: Grimmsnarl|Grimmsnarl, L50, M|2/100|[from] Volt Switch
|move|p1b: Tauros|Rock Slide|p2a: Floette|[spread] p2a,p2b
|-damage|p2a: Floette|62/100 par
|-damage|p2b: Sinistcha|60/100
|move|p2a: Floette|Dazzling Gleam|p1a: Grimmsnarl|[spread] p1a,p1b
|-supereffective|p1a: Grimmsnarl|1
|-damage|p1a: Grimmsnarl|0 fnt
|-damage|p1b: Tauros|0 fnt
|faint|p1a: Grimmsnarl
|faint|p1b: Tauros
|
|upkeep
|-message|SunDjinn forfeited.
|
|win|yosiel
|l|☆SunDjinn
|player|p1|
||SunDjinn is ready for game 2.
|inactive|yosiel has 30 seconds to confirm battle start!
|inactive|yosiel has 20 seconds to confirm battle start!
