|j|☆Pickle315
|j|☆Culley
|html|Pickle315Culley    
|uhtml|bestof|Game 1 of a best-of-3
|t:|1756950572
|gametype|doubles
|player|p1|Pickle315|hilbert|1077
|player|p2|Culley|marnie-masters3|1029
|gen|9
|tier|[Gen 9] VGC 2025 Reg H (Bo3)
|rated|
|rule|Species Clause: Limit one of each Pokémon
|rule|Item Clause: Limit 1 of each item
|clearpoke
|poke|p1|Torkoal, L50, F|
|poke|p1|Amoonguss, L50, M|
|poke|p1|Charizard, L50, F|
|poke|p1|Kingambit, L50, F|
|poke|p1|Rillaboom, L50, M|
|poke|p1|Dragapult, L50, M|
|poke|p2|Pelipper, L50, F|
|poke|p2|Basculegion, L50, M|
|poke|p2|Archaludon, L50, M|
|poke|p2|Talonflame, L50, M|
|poke|p2|Clefairy, L50, F|
|poke|p2|Incineroar, L50, F|
|teampreview|4
|showteam|p1|Torkoal||SafetyGoggles|Drought|BodyPress,HeatWave,HelpingHand,WillOWisp|||F|||50|,,,,,Fighting]Amoonguss||RockyHelmet|Regenerator|PollenPuff,RagePowder,Spore,Synthesis|||M|||50|,,,,,Water]Charizard||LifeOrb|SolarPower|TeraBlast,HeatWave,Protect,SolarBeam|||F|||50|,,,,,Flying]Kingambit||AssaultVest|Defiant|KowtowCleave,IronHead,SuckerPunch,BrickBreak|||F|||50|,,,,,Ghost]Rillaboom||SitrusBerry|GrassySurge|HighHorsepower,GrassyGlide,SolarBlade,FakeOut|||M|||50|,,,,,Electric]Dragapult||ColburBerry|ClearBody|SunnyDay,Protect,DracoMeteor,Thunderbolt|||M|||50|,,,,,Steel
|showteam|p2|Pelipper||DampRock|Drizzle|IcyWind,Protect,WeatherBall,WideGuard|||F|||50|,,,,,Water]Basculegion||ChoiceBand|SwiftSwim|AquaJet,LastRespects,FlipTurn,WaveCrash|||M|||50|,,,,,Water]Archaludon||AssaultVest|Stamina|DracoMeteor,ElectroShot,FlashCannon,BodyPress|||M|||50|,,,,,Electric]Talonflame||FocusSash|GaleWings|DualWingbeat,Tailwind,Taunt,WillOWisp|||M|||50|,,,,,Dark]Clefairy||Eviolite|FriendGuard|DrainingKiss,Encore,FakeTears,FollowMe|||F|||50|,,,,,Fairy]Incineroar||SafetyGoggles|Intimidate|FakeOut,FlareBlitz,KnockOff,PartingShot|||F|||50|,,,,,Fire
|c|☆Culley|Glhf
|
|t:|1756950607
|teamsize|p1|4
|teamsize|p2|4
|start
|switch|p1a: Kingambit|Kingambit, L50, F|100/100
|switch|p1b: Dragapult|Dragapult, L50, M|100/100
|switch|p2a: Your nightmare|Basculegion, L50, M, shiny|100/100
|switch|p2b: Pelliiiiiiii 3|Pelipper, L50, F, shiny|100/100
|-weather|RainDance|[from] ability: Drizzle|[of] p2b: Pelliiiiiiii 3
|turn|1
|c|☆Pickle315|glhf
|
|t:|1756950631
|switch|p1b: Torkoal|Torkoal, L50, F|100/100
|-weather|SunnyDay|[from] ability: Drought|[of] p1b: Torkoal
|move|p2a: Your nightmare|Flip Turn|p1b: Torkoal
|-supereffective|p1b: Torkoal
|-damage|p1b: Torkoal|76/100
|
|t:|1756950638
|switch|p2a: The bridge 3|Archaludon, L50, M|100/100|[from] Flip Turn
|move|p2b: Pelliiiiiiii 3|Icy Wind|p1a: Kingambit|[spread] p1a,p1b
|-resisted|p1a: Kingambit
|-resisted|p1b: Torkoal
|-damage|p1a: Kingambit|97/100
|-damage|p1b: Torkoal|68/100
|-unboost|p1a: Kingambit|spe|1
|-ability|p1a: Kingambit|Defiant|boost
|-boost|p1a: Kingambit|atk|2
|-unboost|p1b: Torkoal|spe|1
|move|p1a: Kingambit|Kowtow Cleave|p2a: The bridge 3
|-damage|p2a: The bridge 3|13/100
|-ability|p2a: The bridge 3|Stamina|boost
|-boost|p2a: The bridge 3|def|1
|
|-weather|SunnyDay|[upkeep]
|upkeep
|turn|2
|
|t:|1756950658
|switch|p2b: Fletch|Talonflame, L50, M, shiny|100/100
|switch|p1b: Dragapult|Dragapult, L50, M|100/100
|move|p1a: Kingambit|Sucker Punch|p2a: The bridge 3
|-damage|p2a: The bridge 3|0 fnt
|faint|p2a: The bridge 3
|
|-weather|SunnyDay|[upkeep]
|upkeep
|
|t:|1756950662
|switch|p2a: Pelliiiiiiii 3|Pelipper, L50, F, shiny|100/100
|-weather|RainDance|[from] ability: Drizzle|[of] p2a: Pelliiiiiiii 3
|turn|3
|
|t:|1756950687
|move|p2b: Fletch|Tailwind|p2b: Fletch
|-sidestart|p2: Culley|move: Tailwind
|move|p1a: Kingambit|Sucker Punch|p2a: Pelliiiiiiii 3
|-damage|p2a: Pelliiiiiiii 3|26/100
|move|p1b: Dragapult|Thunderbolt|p2b: Fletch
|-supereffective|p2b: Fletch
|-damage|p2b: Fletch|46/100
|move|p2a: Pelliiiiiiii 3|Icy Wind|p1b: Dragapult|[spread] p1a,p1b
|-resisted|p1a: Kingambit
|-supereffective|p1b: Dragapult
|-damage|p1a: Kingambit|94/100
|-damage|p1b: Dragapult|82/100
|-unboost|p1a: Kingambit|spe|1
|-ability|p1a: Kingambit|Defiant|boost
|-boost|p1a: Kingambit|atk|2
|
|-weather|RainDance|[upkeep]
|upkeep
|turn|4
|
|t:|1756950718
|switch|p2b: Your nightmare|Basculegion, L50, M, shiny|100/100
|move|p1a: Kingambit|Sucker Punch|p2a: Pelliiiiiiii 3
|-damage|p2a: Pelliiiiiiii 3|0 fnt
|faint|p2a: Pelliiiiiiii 3
|move|p1b: Dragapult|Thunderbolt|p2b: Your nightmare
|-supereffective|p2b: Your nightmare
|-damage|p2b: Your nightmare|56/100
|
|-weather|RainDance|[upkeep]
|upkeep
|
|t:|1756950721
|switch|p2a: Fletch|Talonflame, L50, M, shiny|46/100
|turn|5
|
|t:|1756950744
|switch|p1b: Torkoal|Torkoal, L50, F|68/100
|-weather|SunnyDay|[from] ability: Drought|[of] p1b: Torkoal
|-terastallize|p2b: Your nightmare|Water
|move|p1a: Kingambit|Sucker Punch|p2b: Your nightmare
|-damage|p2b: Your nightmare|0 fnt
|faint|p2b: Your nightmare
|move|p2a: Fletch|Will-O-Wisp|p1a: Kingambit
|-status|p1a: Kingambit|brn
|
|-weather|SunnyDay|[upkeep]
|-damage|p1a: Kingambit|88/100 brn|[from] brn
|upkeep
|turn|6
|c|☆Culley|Fuckkkkk!!!!! Gg
|
|t:|1756950768
|move|p1a: Kingambit|Sucker Punch|p2a: Fletch
|-damage|p2a: Fletch|0 fnt
|faint|p2a: Fletch
|
|win|Pickle315
||Culley is ready for game 2.
|c|☆Pickle315|gg
||Pickle315 is ready for game 2.
|uhtml|next|Next: Game 2 of 3
|l|☆Culley
|player|p2|
