|j|☆SekonxTwo
|j|☆Mclovingods
|html|SekonxTwoMclovingods    
|uhtml|bestof|Game 1 of a best-of-3
|t:|1782674096
|gametype|doubles
|player|p1|SekonxTwo|iris-gen5bw2|1167
|player|p2|Mclovingods|266|1193
|gen|9
|tier|[Gen 9 Champions] VGC 2026 Reg M-B (Bo3)
|rated|
|rule|Species Clause: Limit one of each Pokémon
|rule|Item Clause: Limit 1 of each item
|clearpoke
|poke|p1|Hydreigon, L50, M|
|poke|p1|Sneasler, L50, M|
|poke|p1|Kingambit, L50, M|
|poke|p1|Basculegion, L50, M|
|poke|p1|Aerodactyl, L50, F|
|poke|p1|Froslass, L50, F|
|poke|p2|Delphox, L50, F|
|poke|p2|Basculegion, L50, M|
|poke|p2|Sinistcha, L50|
|poke|p2|Incineroar, L50, F|
|poke|p2|Garchomp, L50, F|
|poke|p2|Staraptor, L50, F|
|teampreview|4
|showteam|p1|Hydreigon||ChoiceScarf|Levitate|DracoMeteor,DarkPulse,Snarl,FireBlast|Modest||M|||50|]Sneasler||WhiteHerb|Unburden|FakeOut,DireClaw,CloseCombat,Protect|Jolly||M|||50|]Kingambit||ChopleBerry|Defiant|IronHead,Protect,SuckerPunch,KowtowCleave|Adamant||M|||50|]Basculegion||FocusSash|Adaptability|AquaJet,Liquidation,LastRespects,Protect|Adamant||M|||50|]Aerodactyl||Aerodactylite|Unnerve|DualWingbeat,RockSlide,Protect,Tailwind|Jolly||F|||50|]Froslass||Froslassite|CursedBody|AuroraVeil,Blizzard,Protect,ShadowBall|Modest||F|||50|
|showteam|p2|Delphox||Delphoxite|Blaze|NastyPlot,HeatWave,Psychic,Protect|Timid||F|||50|]Basculegion||MysticWater|Adaptability|WaveCrash,AquaJet,LastRespects,Protect|Jolly||M|||50|]Sinistcha||CobaBerry|Hospitality|MatchaGotcha,RagePowder,LifeDew,TrickRoom|Calm|||||50|]Incineroar||SitrusBerry|Intimidate|FakeOut,PartingShot,FlareBlitz,DarkestLariat|Careful||F|||50|]Garchomp||LifeOrb|RoughSkin|Earthquake,DragonClaw,RockSlide,Protect|Jolly||F|||50|]Staraptor||Staraptite|Intimidate|CloseCombat,BraveBird,Protect,Roost|Jolly||F|||50|
|inactive|Battle timer is ON: inactive players will automatically lose when time's up. (requested by SekonxTwo)
|inactive|SekonxTwo has 60 seconds left.
|inactive|SekonxTwo has 30 seconds left.
|
|t:|1782674166
|teamsize|p1|4
|teamsize|p2|4
|start
|switch|p1a: Aerodactyl|Aerodactyl, L50, F|100/100
|switch|p1b: Sneasler|Sneasler, L50, M|100/100
|switch|p2a: Delphox|Delphox, L50, F|100/100
|switch|p2b: Incineroar|Incineroar, L50, F|100/100
|-ability|p1a: Aerodactyl|Unnerve
|-ability|p2b: Incineroar|Intimidate|boost
|-unboost|p1a: Aerodactyl|atk|1
|-unboost|p1b: Sneasler|atk|1
|-enditem|p1b: Sneasler|White Herb
|-clearnegativeboost|p1b: Sneasler|[silent]
|turn|1
|inactive|SekonxTwo has 30 seconds left.
|
|t:|1782674194
|detailschange|p1a: Aerodactyl|Aerodactyl-Mega, L50, F
|-mega|p1a: Aerodactyl|Aerodactyl|Aerodactylite
|detailschange|p2a: Delphox|Delphox-Mega, L50, F
|-mega|p2a: Delphox|Delphox|Delphoxite
|move|p2a: Delphox|Protect|p2a: Delphox
|-singleturn|p2a: Delphox|Protect
|move|p1b: Sneasler|Fake Out|p2b: Incineroar
|-damage|p2b: Incineroar|88/100
|move|p1a: Aerodactyl|Rock Slide|p2a: Delphox|[spread] p2b
|-activate|p2a: Delphox|move: Protect
|-supereffective|p2b: Incineroar|1
|-damage|p2b: Incineroar|54/100
|cant|p2b: Incineroar|flinch
|
|upkeep
|turn|2
|inactive|SekonxTwo has 30 seconds left.
|
|t:|1782674220
|move|p1b: Sneasler|Close Combat|p2b: Incineroar
|-supereffective|p2b: Incineroar|1
|-crit|p2b: Incineroar
|-damage|p2b: Incineroar|0 fnt
|-unboost|p1b: Sneasler|def|1
|-unboost|p1b: Sneasler|spd|1
|faint|p2b: Incineroar
|move|p1a: Aerodactyl|Rock Slide|p2a: Delphox|[miss]
|-miss|p1a: Aerodactyl|p2a: Delphox
|move|p2a: Delphox|Psychic|p1b: Sneasler
|-supereffective|p1b: Sneasler|2
|-damage|p1b: Sneasler|0 fnt
|faint|p1b: Sneasler
|
|upkeep
|
|t:|1782674237
|switch|p1b: Hydreigon|Hydreigon, L50, M|100/100
|switch|p2b: Sinistcha|Sinistcha, L50|100/100
|turn|3
|
|t:|1782674250
|move|p2a: Delphox|Protect|p2a: Delphox
|-singleturn|p2a: Delphox|Protect
|move|p1b: Hydreigon|Snarl|p2b: Sinistcha|[spread] p2b
|-activate|p2a: Delphox|move: Protect
|-supereffective|p2b: Sinistcha|1
|-damage|p2b: Sinistcha|59/100
|-unboost|p2b: Sinistcha|spa|1
|move|p1a: Aerodactyl|Rock Slide|p2a: Delphox|[spread] p2b
|-activate|p2a: Delphox|move: Protect
|-crit|p2b: Sinistcha
|-damage|p2b: Sinistcha|14/100
|cant|p2b: Sinistcha|flinch
|
|upkeep
|turn|4
|
|t:|1782674272
|switch|p2b: Garchomp|Garchomp, L50, F|100/100
|move|p1b: Hydreigon|Snarl|p2a: Delphox|[spread] p2a,p2b
|-supereffective|p2a: Delphox|1
|-damage|p2a: Delphox|56/100
|-damage|p2b: Garchomp|75/100
|-unboost|p2a: Delphox|spa|1
|-unboost|p2b: Garchomp|spa|1
|move|p1a: Aerodactyl|Rock Slide|p2a: Delphox|[spread] p2a,p2b
|-supereffective|p2a: Delphox|1
|-resisted|p2b: Garchomp|1
|-damage|p2a: Delphox|0 fnt
|-damage|p2b: Garchomp|65/100
|faint|p2a: Delphox
|
|upkeep
|
|t:|1782674277
|switch|p2a: Sinistcha|Sinistcha, L50|14/100
|-heal|p2b: Garchomp|90/100|[from] ability: Hospitality|[of] p2a: Sinistcha
|turn|5
|
|t:|1782674290
|move|p1b: Hydreigon|Snarl|p2b: Garchomp|[spread] p2b
|-miss|p1b: Hydreigon|p2a: Sinistcha
|-crit|p2b: Garchomp
|-damage|p2b: Garchomp|54/100
|-unboost|p2b: Garchomp|spa|1
|move|p1a: Aerodactyl|Dual Wingbeat|p2b: Garchomp
|-crit|p2b: Garchomp
|-damage|p2b: Garchomp|12/100
|-damage|p1a: Aerodactyl|87/100|[from] ability: Rough Skin|[of] p2b: Garchomp
|-damage|p2b: Garchomp|0 fnt
|-damage|p1a: Aerodactyl|75/100|[from] ability: Rough Skin|[of] p2b: Garchomp
|faint|p2b: Garchomp
|-hitcount|p2: Garchomp|2
|move|p2a: Sinistcha|Trick Room|p2a: Sinistcha
|-fieldstart|move: Trick Room|[of] p2a: Sinistcha
|
|upkeep
|turn|6
|-message|Mclovingods forfeited.
|
|win|SekonxTwo
||Mclovingods is ready for game 2.
||SekonxTwo is ready for game 2.
|uhtml|next|Next: Game 2 of 3
|l|☆SekonxTwo
|player|p1|
