|j|☆Er Yayo
|j|☆nazunabpd
|html|Er Yayonazunabpd    
|uhtml|bestof|Game 1 of a best-of-3
|t:|1756645138
|gametype|doubles
|player|p1|Er Yayo|101|1156
|player|p2|nazunabpd|roxie|1099
|gen|9
|tier|[Gen 9] VGC 2025 Reg H (Bo3)
|rated|
|rule|Species Clause: Limit one of each Pokémon
|rule|Item Clause: Limit 1 of each item
|clearpoke
|poke|p1|Porygon2, L50|
|poke|p1|Charizard, L50, F|
|poke|p1|Jumpluff, L50, F|
|poke|p1|Torkoal, L50, M|
|poke|p1|Ursaluna, L50, F|
|poke|p1|Incineroar, L50, F|
|poke|p2|Ursaluna, L50, F|
|poke|p2|Farigiraf, L50, F|
|poke|p2|Sneasler, L50, M|
|poke|p2|Torkoal, L50, F|
|poke|p2|Whimsicott, L50, M|
|poke|p2|Dragapult, L50, M|
|teampreview|4
|showteam|p1|Porygon2||Eviolite|Download|TeraBlast,IceBeam,TrickRoom,Recover||||||50|,,,,,Fighting]Charizard||ChoiceSpecs|SolarPower|HeatWave,Overheat,WeatherBall,AirSlash|||F|||50|,,,,,Ghost]Jumpluff||CovertCloak|Chlorophyll|Tailwind,SleepPowder,SunnyDay,RagePowder|||F|||50|,,,,,Water]Torkoal||EjectPack|Drought|Eruption,Overheat,HelpingHand,Protect|||M|||50|,,,,,Fire]Ursaluna||FlameOrb|Guts|Facade,HeadlongRush,Earthquake,Protect|||F|||50|,,,,,Ghost]Incineroar||SitrusBerry|Intimidate|FlareBlitz,KnockOff,PartingShot,FakeOut|||F|||50|,,,,,Ghost
|showteam|p2|Ursaluna||FlameOrb|Guts|Facade,Earthquake,HighHorsepower,Protect|||F|||50|,,,,,Ground]Farigiraf||ThroatSpray|ArmorTail|TrickRoom,HelpingHand,HyperVoice,Protect|||F|||50|,,,,,Normal]Sneasler||WhiteHerb|Unburden|DireClaw,CloseCombat,Protect,FakeOut|||M|||50|,,,,,Stellar]Torkoal||Charcoal|Drought|Eruption,ClearSmog,EarthPower,Protect|||F|||50|,,,,,Grass]Whimsicott||CovertCloak|Prankster|Tailwind,LightScreen,Taunt,Encore|||M|||50|,,,,,Steel]Dragapult||LifeOrb|ClearBody|SuckerPunch,DragonDarts,DragonClaw,Protect|||M|||50|,,,,,Fire
|
|t:|1756645218
|teamsize|p1|4
|teamsize|p2|4
|start
|switch|p1a: Jumpluff|Jumpluff, L50, F|100/100
|switch|p1b: Torkoal|Torkoal, L50, M|100/100
|switch|p2a: Sneasler|Sneasler, L50, M|100/100
|switch|p2b: Whimsicott|Whimsicott, L50, M|100/100
|-weather|SunnyDay|[from] ability: Drought|[of] p1b: Torkoal
|turn|1
|
|t:|1756645261
|switch|p1a: Incineroar|Incineroar, L50, F|100/100
|-ability|p1a: Incineroar|Intimidate|boost
|-unboost|p2a: Sneasler|atk|1
|-unboost|p2b: Whimsicott|atk|1
|-enditem|p2a: Sneasler|White Herb
|-clearnegativeboost|p2a: Sneasler|[silent]
|move|p2a: Sneasler|Fake Out|p1b: Torkoal
|-damage|p1b: Torkoal|89/100
|move|p2b: Whimsicott|Taunt|p1a: Incineroar
|-hint|Since gen 7, Dark is immune to Prankster moves.
|-immune|p1a: Incineroar
|cant|p1b: Torkoal|flinch
|
|-weather|SunnyDay|[upkeep]
|upkeep
|turn|2
|
|t:|1756645296
|move|p2a: Sneasler|Protect|p2a: Sneasler
|-singleturn|p2a: Sneasler|Protect
|move|p1a: Incineroar|Fake Out|p2a: Sneasler
|-activate|p2a: Sneasler|move: Protect
|move|p2b: Whimsicott|Light Screen|p2b: Whimsicott
|-sidestart|p2: nazunabpd|move: Light Screen
|move|p1b: Torkoal|Overheat|p2b: Whimsicott
|-supereffective|p2b: Whimsicott
|-damage|p2b: Whimsicott|0 fnt
|-unboost|p1b: Torkoal|spa|2
|faint|p2b: Whimsicott
|-enditem|p1b: Torkoal|Eject Pack
|
|t:|1756645307
|switch|p1b: Jumpluff|Jumpluff, L50, F|100/100
|
|-weather|SunnyDay|[upkeep]
|upkeep
|
|t:|1756645321
|switch|p2b: Ursaluna|Ursaluna, L50, F|100/100
|turn|3
|
|t:|1756645361
|-terastallize|p2b: Ursaluna|Ground
|move|p2a: Sneasler|Dire Claw|p1b: Jumpluff
|-supereffective|p1b: Jumpluff
|-damage|p1b: Jumpluff|0 fnt
|faint|p1b: Jumpluff
|move|p1a: Incineroar|Parting Shot|p2a: Sneasler
|-unboost|p2a: Sneasler|atk|1
|-unboost|p2a: Sneasler|spa|1
|
|t:|1756645371
|switch|p1a: Ursaluna|Ursaluna, L50, F|100/100|[from] Parting Shot
|move|p2b: Ursaluna|High Horsepower|p1a: Ursaluna
|-damage|p1a: Ursaluna|46/100
|
|-weather|SunnyDay|[upkeep]
|-status|p1a: Ursaluna|brn|[from] item: Flame Orb
|-status|p2b: Ursaluna|brn|[from] item: Flame Orb
|upkeep
|
|t:|1756645379
|switch|p1b: Incineroar|Incineroar, L50, F|100/100
|-ability|p1b: Incineroar|Intimidate|boost
|-unboost|p2a: Sneasler|atk|1
|-unboost|p2b: Ursaluna|atk|1
|turn|4
|
|t:|1756645408
|switch|p2a: Dragapult|Dragapult, L50, M|100/100
|switch|p1b: Torkoal|Torkoal, L50, M|89/100
|move|p2b: Ursaluna|Protect|p2b: Ursaluna
|-singleturn|p2b: Ursaluna|Protect
|move|p1a: Ursaluna|Facade|p2a: Dragapult
|-immune|p2a: Dragapult
|
|-weather|SunnyDay|[upkeep]
|-damage|p1a: Ursaluna|40/100 brn|[from] brn
|-damage|p2b: Ursaluna|94/100 brn|[from] brn
|upkeep
|turn|5
|
|t:|1756645456
|switch|p1b: Incineroar|Incineroar, L50, F|100/100
|-ability|p1b: Incineroar|Intimidate|boost
|-fail|p2a: Dragapult|unboost|[from] ability: Clear Body|[of] p2a: Dragapult
|-unboost|p2b: Ursaluna|atk|1
|move|p2a: Dragapult|Dragon Claw|p1a: Ursaluna
|-damage|p1a: Ursaluna|0 fnt
|faint|p1a: Ursaluna
|-damage|p2a: Dragapult|90/100|[from] item: Life Orb
|move|p2b: Ursaluna|Facade|p1b: Incineroar
|-damage|p1b: Incineroar|42/100
|-enditem|p1b: Incineroar|Sitrus Berry|[eat]
|-heal|p1b: Incineroar|67/100|[from] item: Sitrus Berry
|
|-weather|none
|-damage|p2b: Ursaluna|88/100 brn|[from] brn
|upkeep
|-message|Er Yayo forfeited.
|
|win|nazunabpd
|l|☆Er Yayo
|player|p1|
||nazunabpd is ready for game 2.
||Er Yayo is ready for game 2.
|uhtml|next|Next: Game 2 of 3
