|j|☆Miilanz
|j|☆EleRickVGC
|html|MiilanzEleRickVGC    
|uhtml|bestof|Game 3 of a best-of-3
|t:|1782220909
|gametype|doubles
|player|p1|Miilanz|caitlin|
|player|p2|EleRickVGC|2|
|gen|9
|tier|[Gen 9 Champions] VGC 2026 Reg M-B (Bo3)
|rule|Species Clause: Limit one of each Pokémon
|rule|Item Clause: Limit 1 of each item
|clearpoke
|poke|p1|Incineroar, L50, F|
|poke|p1|Mawile, L50, F|
|poke|p1|Farigiraf, L50, M|
|poke|p1|Delphox, L50, F|
|poke|p1|Sneasler, L50, M|
|poke|p1|Aerodactyl, L50, M|
|poke|p2|Pelipper, L50, M|
|poke|p2|Swampert, L50, M|
|poke|p2|Kingambit, L50, F|
|poke|p2|Sableye, L50, F|
|poke|p2|Sinistcha-Masterpiece, L50|
|poke|p2|Archaludon, L50, M|
|teampreview|4
|showteam|p1|Incineroar||Charcoal|Intimidate|FlareBlitz,PartingShot,FakeOut,ThroatChop|Adamant||F|||50|]Mawile||Mawilite|HyperCutter|PlayRough,SuckerPunch,IronHead,Protect|Adamant||F|||50|]Farigiraf||ColburBerry|ArmorTail|Psychic,Protect,TrickRoom,HyperVoice|Modest||M|||50|]Delphox||Delphoxite|Blaze|HeatWave,Psyshock,NastyPlot,Protect|Timid||F|||50|]Sneasler||WhiteHerb|Unburden|DireClaw,CloseCombat,FakeOut,Protect|Adamant||M|||50|]Aerodactyl||FocusSash|Unnerve|Tailwind,RockSlide,DualWingbeat,Protect|Jolly||M|||50|
|showteam|p2|Pelipper||FocusSash|Drizzle|WideGuard,Tailwind,WeatherBall,Hurricane|Timid||M|||50|]Swampert||Swampertite|Damp|WaveCrash,Earthquake,IcePunch,Protect|Adamant||M|||50|]Kingambit||ChopleBerry|Defiant|SuckerPunch,KowtowCleave,Protect,IronHead|Brave||F|||50|]Sableye||RoseliBerry|Prankster|Encore,WillOWisp,FoulPlay,RainDance|Impish||F|||50|]Sinistcha-Masterpiece||CobaBerry|Hospitality|StrengthSap,MatchaGotcha,RagePowder,LifeDew|Bold|||||50|]Archaludon||Leftovers|Stamina|ElectroShot,DracoMeteor,FlashCannon,Protect|Modest||M|||50|
|inactive|Battle timer is ON: inactive players will automatically lose when time's up. (requested by Miilanz)
|
|t:|1782220949
|teamsize|p1|4
|teamsize|p2|4
|start
|switch|p1a: Farigiraf|Farigiraf, L50, M|100/100
|switch|p1b: Sneasler|Sneasler, L50, M|100/100
|switch|p2a: Swampert|Swampert, L50, M|100/100
|switch|p2b: Kingambit|Kingambit, L50, F|100/100
|turn|1
|
|t:|1782220969
|switch|p2b: Pelipper|Pelipper, L50, M|100/100
|-weather|RainDance|[from] ability: Drizzle|[of] p2b: Pelipper
|detailschange|p2a: Swampert|Swampert-Mega, L50, M
|-mega|p2a: Swampert|Swampert|Swampertite
|move|p1b: Sneasler|Fake Out|p2a: Swampert
|-damage|p2a: Swampert|87/100
|cant|p2a: Swampert|flinch
|move|p1a: Farigiraf|Trick Room|p1a: Farigiraf
|-fieldstart|move: Trick Room|[of] p1a: Farigiraf
|
|-weather|RainDance|[upkeep]
|upkeep
|turn|2
|
|t:|1782220992
|switch|p2b: Sableye|Sableye, L50, F|100/100
|move|p1b: Sneasler|Protect|p1b: Sneasler
|-singleturn|p1b: Sneasler|Protect
|move|p1a: Farigiraf|Psychic|p2b: Sableye
|-immune|p2b: Sableye
|move|p2a: Swampert|Wave Crash|p1a: Farigiraf
|-damage|p1a: Farigiraf|0 fnt
|faint|p1a: Farigiraf
|-damage|p2a: Swampert|45/100|[from] Recoil
|
|-weather|RainDance|[upkeep]
|upkeep
|
|t:|1782221004
|switch|p1a: Mawile|Mawile, L50, F|100/100
|turn|3
|
|t:|1782221013
|detailschange|p1a: Mawile|Mawile-Mega, L50, F
|-mega|p1a: Mawile|Mawile|Mawilite
|move|p2b: Sableye|Will-O-Wisp|p1a: Mawile
|-status|p1a: Mawile|brn
|move|p1a: Mawile|Play Rough|p2b: Sableye
|-supereffective|p2b: Sableye|1
|-enditem|p2b: Sableye|Roseli Berry|[eat]
|-enditem|p2b: Sableye|Roseli Berry|[weaken]
|-damage|p2b: Sableye|59/100
|move|p1b: Sneasler|Close Combat|p2a: Swampert
|-damage|p2a: Swampert|0 fnt
|-unboost|p1b: Sneasler|def|1
|-unboost|p1b: Sneasler|spd|1
|faint|p2a: Swampert
|-enditem|p1b: Sneasler|White Herb
|-clearnegativeboost|p1b: Sneasler|[silent]
|
|-weather|RainDance|[upkeep]
|-damage|p1a: Mawile|94/100 brn|[from] brn
|upkeep
|
|t:|1782221034
|switch|p2a: Pelipper|Pelipper, L50, M|100/100
|turn|4
|
|t:|1782221041
|switch|p1b: Incineroar|Incineroar, L50, F|100/100
|-ability|p1b: Incineroar|Intimidate|boost
|-unboost|p2a: Pelipper|atk|1
|-unboost|p2b: Sableye|atk|1
|move|p2b: Sableye|Will-O-Wisp|p1b: Incineroar
|-immune|p1b: Incineroar
|move|p1a: Mawile|Play Rough|p2b: Sableye
|-supereffective|p2b: Sableye|1
|-damage|p2b: Sableye|0 fnt
|faint|p2b: Sableye
|move|p2a: Pelipper|Weather Ball|p1a: Mawile
|-damage|p1a: Mawile|13/100 brn
|
|-weather|RainDance|[upkeep]
|-damage|p1a: Mawile|7/100 brn|[from] brn
|upkeep
|
|t:|1782221058
|switch|p2b: Kingambit|Kingambit, L50, F|100/100
|turn|5
|
|t:|1782221077
|move|p1b: Incineroar|Fake Out|p2b: Kingambit
|-resisted|p2b: Kingambit|1
|-damage|p2b: Kingambit|95/100
|cant|p2b: Kingambit|flinch
|move|p1a: Mawile|Play Rough|p2a: Pelipper
|-crit|p2a: Pelipper
|-damage|p2a: Pelipper|20/100y
|move|p2a: Pelipper|Weather Ball|p1b: Incineroar
|-supereffective|p1b: Incineroar|1
|-damage|p1b: Incineroar|0 fnt
|faint|p1b: Incineroar
|
|-weather|none
|-damage|p1a: Mawile|1/100 brn|[from] brn
|-fieldend|move: Trick Room
|upkeep
|
|t:|1782221090
|switch|p1b: Sneasler|Sneasler, L50, M|100/100
|turn|6
|
|t:|1782221108
|move|p1b: Sneasler|Fake Out|p2b: Kingambit
|-resisted|p2b: Kingambit|1
|-damage|p2b: Kingambit|90/100
|move|p1a: Mawile|Sucker Punch|p2a: Pelipper
|-damage|p2a: Pelipper|0 fnt
|faint|p2a: Pelipper
|cant|p2b: Kingambit|flinch
|
|-damage|p1a: Mawile|0 fnt|[from] brn
|faint|p1a: Mawile
|upkeep
|turn|7
|
|t:|1782221121
|move|p1b: Sneasler|Close Combat|p2b: Kingambit
|-supereffective|p2b: Kingambit|2
|-enditem|p2b: Kingambit|Chople Berry|[eat]
|-enditem|p2b: Kingambit|Chople Berry|[weaken]
|-damage|p2b: Kingambit|3/100
|-unboost|p1b: Sneasler|def|1
|-unboost|p1b: Sneasler|spd|1
|move|p2b: Kingambit|Iron Head|p1b: Sneasler
|-damage|p1b: Sneasler|0 fnt
|faint|p1b: Sneasler
|
|win|EleRickVGC
|c|☆Miilanz|gg
|c|☆EleRickVGC|Wow gg!
|c|☆Miilanz|that was crazy close, wp!
|c|☆EleRickVGC|Thought you had me there. Thought it was a 2hko
|c|☆Miilanz|yeah me too, was prolly the defence drop
|c|☆EleRickVGC|Wp too! Grab the replays and i'll jump to discord
|c|☆Miilanz|will do
|c|☆EleRickVGC|Cool I'll  leave this open till you send the replays just to be sure
|l|☆EleRickVGC
|player|p2|
