|j|☆kheld
|j|☆iannaVi
|html|kheldiannaVi    
|uhtml|bestof|Game 2 of a best-of-3
|t:|1783346680
|gametype|doubles
|player|p1|kheld|170|1255
|player|p2|iannaVi|cheren-gen5bw2|1193
|gen|9
|tier|[Gen 9 Champions] VGC 2026 Reg M-B (Bo3)
|rated|
|rule|Species Clause: Limit one of each Pokémon
|rule|Item Clause: Limit 1 of each item
|clearpoke
|poke|p1|Blastoise, L50, F|
|poke|p1|Incineroar, L50, F|
|poke|p1|Sneasler, L50, M|
|poke|p1|Sinistcha, L50|
|poke|p1|Froslass, L50, F|
|poke|p1|Samurott-Hisui, L50, F|
|poke|p2|Scovillain, L50, F|
|poke|p2|Kingambit, L50, M|
|poke|p2|Lycanroc-Dusk, L50, F|
|poke|p2|Basculegion, L50, M|
|poke|p2|Metagross, L50|
|poke|p2|Sylveon, L50, M|
|teampreview|4
|showteam|p1|Blastoise||Blastoisinite|RainDish|DarkPulse,WaterSpout,ShellSmash,Protect|Modest||F|||50|]Incineroar||SitrusBerry|Intimidate|FakeOut,PartingShot,FlareBlitz,ThroatChop|Impish||F|||50|]Sneasler||FocusSash|Unburden|FakeOut,CloseCombat,DireClaw,QuickGuard|Jolly||M|||50|]Sinistcha||KasibBerry|Hospitality|MatchaGotcha,LifeDew,RagePowder,Protect|Impish|||||50|]Froslass||Froslassite|SnowCloak|Blizzard,NastyPlot,Thunderbolt,Protect|Timid||F|||50|]Samurott-Hisui||BlackGlasses|Sharpness|AquaCutter,SacredSword,NightSlash,SuckerPunch|Adamant||F|||50|
|showteam|p2|Scovillain||Scovillainite|Moody|GigaDrain,Overheat,RagePowder,Protect|Bold||F|||50|]Kingambit||BlackGlasses|Defiant|KowtowCleave,SuckerPunch,SwordsDance,Protect|Adamant||M|||50|]Lycanroc-Dusk||FocusSash|ToughClaws|CloseCombat,Accelerock,RockSlide,Protect|Jolly||F|||50|]Basculegion||SitrusBerry|Adaptability|WaveCrash,LastRespects,AquaJet,Protect|Adamant||M|||50|]Metagross||Metagrossite|ClearBody|IronHead,PsychicFangs,IcePunch,Protect|Adamant|||||50|]Sylveon||FairyFeather|Pixilate|HyperVoice,HyperBeam,QuickAttack,Detect|Modest||M|||50|
|inactive|Battle timer is ON: inactive players will automatically lose when time's up. (requested by iannaVi)
|
|t:|1783346742
|teamsize|p1|4
|teamsize|p2|4
|start
|switch|p1a: Samurott|Samurott-Hisui, L50, F|100/100
|switch|p1b: Sneasler|Sneasler, L50, M|100/100
|switch|p2a: Scovillain|Scovillain, L50, F|100/100
|switch|p2b: Kingambit|Kingambit, L50, M|100/100
|turn|1
|
|t:|1783346757
|detailschange|p2a: Scovillain|Scovillain-Mega, L50, F
|-mega|p2a: Scovillain|Scovillain|Scovillainite
|move|p2a: Scovillain|Protect|p2a: Scovillain
|-singleturn|p2a: Scovillain|Protect
|move|p2b: Kingambit|Protect|p2b: Kingambit
|-singleturn|p2b: Kingambit|Protect
|move|p1b: Sneasler|Dire Claw|p2a: Scovillain
|-activate|p2a: Scovillain|move: Protect
|move|p1a: Samurott|Sacred Sword|p2b: Kingambit
|-activate|p2b: Kingambit|move: Protect
|
|upkeep
|turn|2
|
|t:|1783346778
|switch|p1a: Blastoise|Blastoise, L50, F|100/100
|switch|p2b: Sylveon|Sylveon, L50, M|100/100
|move|p1b: Sneasler|Dire Claw|p2a: Scovillain
|-supereffective|p2a: Scovillain|1
|-crit|p2a: Scovillain
|-damage|p2a: Scovillain|0 fnt
|-status|p1b: Sneasler|brn|[from] ability: Spicy Spray|[of] p2a: Scovillain
|faint|p2a: Scovillain
|
|-damage|p1b: Sneasler|94/100 brn|[from] brn
|upkeep
|
|t:|1783346791
|switch|p2a: Kingambit|Kingambit, L50, M|100/100
|turn|3
|
|t:|1783346804
|move|p1a: Blastoise|Protect|p1a: Blastoise
|-singleturn|p1a: Blastoise|Protect
|move|p2a: Kingambit|Sucker Punch||[still]
|-fail|p2a: Kingambit
|move|p1b: Sneasler|Close Combat|p2a: Kingambit
|-supereffective|p2a: Kingambit|2
|-damage|p2a: Kingambit|4/100
|-unboost|p1b: Sneasler|def|1
|-unboost|p1b: Sneasler|spd|1
|move|p2b: Sylveon|Hyper Voice|p1b: Sneasler|[spread] p1b
|-activate|p1a: Blastoise|move: Protect
|-damage|p1b: Sneasler|0 fnt
|faint|p1b: Sneasler
|
|upkeep
|
|t:|1783346818
|switch|p1b: Sinistcha|Sinistcha, L50|100/100
|turn|4
|
|t:|1783346825
|detailschange|p1a: Blastoise|Blastoise-Mega, L50, F
|-mega|p1a: Blastoise|Blastoise|Blastoisinite
|move|p1b: Sinistcha|Rage Powder|p1b: Sinistcha
|-singleturn|p1b: Sinistcha|move: Rage Powder
|move|p2a: Kingambit|Sucker Punch||[still]
|-fail|p2a: Kingambit
|move|p1a: Blastoise|Water Spout|p2a: Kingambit|[spread] p2a,p2b
|-damage|p2a: Kingambit|0 fnt
|-damage|p2b: Sylveon|53/100
|faint|p2a: Kingambit
|move|p2b: Sylveon|Hyper Voice|p1b: Sinistcha|[spread] p1a,p1b
|-damage|p1a: Blastoise|45/100
|-damage|p1b: Sinistcha|49/100
|
|upkeep
|
|t:|1783346837
|switch|p2a: Lycanroc|Lycanroc-Dusk, L50, F|100/100
|turn|5
|
|t:|1783346861
|move|p2a: Lycanroc|Protect|p2a: Lycanroc
|-singleturn|p2a: Lycanroc|Protect
|move|p1a: Blastoise|Protect|p1a: Blastoise
|-singleturn|p1a: Blastoise|Protect
|move|p1b: Sinistcha|Matcha Gotcha|p2a: Lycanroc|[spread] p2b
|-activate|p2a: Lycanroc|move: Protect
|-damage|p2b: Sylveon|39/100
|-heal|p1b: Sinistcha|57/100|[from] drain|[of] p2b: Sylveon
|move|p2b: Sylveon|Hyper Voice|p1b: Sinistcha|[spread] p1b
|-activate|p1a: Blastoise|move: Protect
|-damage|p1b: Sinistcha|4/100
|
|upkeep
|turn|6
|inactive|kheld has 30 seconds left.
|
|t:|1783346892
|move|p1b: Sinistcha|Rage Powder|p1b: Sinistcha
|-singleturn|p1b: Sinistcha|move: Rage Powder
|move|p2a: Lycanroc|Accelerock|p1b: Sinistcha
|-damage|p1b: Sinistcha|0 fnt
|faint|p1b: Sinistcha
|move|p1a: Blastoise|Dark Pulse|p2b: Sylveon
|-resisted|p2b: Sylveon|1
|-damage|p2b: Sylveon|20/100y
|move|p2b: Sylveon|Hyper Voice|p1a: Blastoise
|-damage|p1a: Blastoise|0 fnt
|faint|p1a: Blastoise
|
|upkeep
|-message|kheld forfeited.
|
|win|iannaVi
|raw|kheld's rating: 1255 → 1226(-29 for losing)
|raw|iannaVi's rating: 1193 → 1222(+29 for winning)
|l|☆kheld
|player|p1|
