|j|☆Mahdrescher
|j|☆azuredreamer vg
|html|Mahdrescherazuredreamer vg    
|uhtml|bestof|Game 3 of a best-of-3
|t:|1756427109
|gametype|doubles
|player|p1|Mahdrescher|2|1185
|player|p2|azuredreamer vg|102|1190
|gen|9
|tier|[Gen 9] VGC 2025 Reg H (Bo3)
|rated|
|rule|Species Clause: Limit one of each Pokémon
|rule|Item Clause: Limit 1 of each item
|clearpoke
|poke|p1|Rillaboom, L50, F|
|poke|p1|Electabuzz, L50, M|
|poke|p1|Archaludon, L50, M|
|poke|p1|Kingambit, L50, M|
|poke|p1|Pelipper, L50, M|
|poke|p1|Basculegion, L50, M|
|poke|p2|Annihilape, L50, M|
|poke|p2|Archaludon, L50, M|
|poke|p2|Ursaluna-Bloodmoon, L50, M|
|poke|p2|Whimsicott, L50, F|
|poke|p2|Dragonite, L50, M|
|poke|p2|Pelipper, L50, F|
|teampreview|4
|showteam|p1|Rillaboom||LoadedDice|GrassySurge|BulletSeed,GrassyGlide,HighHorsepower,FakeOut|||F|||50|,,,,,Fire]Electabuzz||Eviolite|VitalSpirit|Electroweb,Taunt,FollowMe,Protect|||M|||50|,,,,,Ghost]Archaludon||AssaultVest|Stamina|ElectroShot,BodyPress,FlashCannon,DragonPulse|||M|||50|,,,,,Bug]Kingambit||BlackGlasses|Defiant|KowtowCleave,SuckerPunch,SwordsDance,Protect|||M|||50|,,,,,Dark]Pelipper||FocusSash|Drizzle|WeatherBall,Hurricane,Tailwind,Protect|||M|||50|,,,,,Ghost]Basculegion||ChoiceBand|SwiftSwim|WaveCrash,AquaJet,FlipTurn,LastRespects|||M|||50|,,,,,Grass
|showteam|p2|Annihilape||ChoiceScarf|Defiant|FinalGambit,RageFist,Uturn,CloseCombat|||M|||50|,,,,,Grass]Archaludon||AssaultVest|Stamina|BodyPress,FlashCannon,ElectroShot,DracoMeteor|||M|||50|,,,,,Water]Ursaluna-Bloodmoon||LifeOrb|MindsEye|EarthPower,BloodMoon,HyperVoice,Protect|||M|||50|,,,,,Normal]Whimsicott||FocusSash|Prankster|Moonblast,BeatUp,Tailwind,Taunt|||F|||50|,,,,,Ghost]Dragonite||LoadedDice|InnerFocus|ScaleShot,IceSpinner,Haze,Protect|||M|||50|,,,,,Steel]Pelipper||CovertCloak|Drizzle|WeatherBall,Hurricane,Tailwind,Protect|||F|||50|,,,,,Ghost
|inactive|Battle timer is ON: inactive players will automatically lose when time's up. (requested by azuredreamer vg)
|
|t:|1756427133
|teamsize|p1|4
|teamsize|p2|4
|start
|switch|p1a: Ikarus|Pelipper, L50, M|100/100
|switch|p1b: Poseidon|Basculegion, L50, M|100/100
|switch|p2a: Archaludon|Archaludon, L50, M, shiny|100/100
|switch|p2b: Whimsicott|Whimsicott, L50, F|100/100
|-weather|RainDance|[from] ability: Drizzle|[of] p1a: Ikarus
|turn|1
|
|t:|1756427158
|-terastallize|p2a: Archaludon|Water
|move|p1b: Poseidon|Flip Turn|p2b: Whimsicott
|-resisted|p2b: Whimsicott
|-damage|p2b: Whimsicott|50/100
|
|t:|1756427167
|switch|p1b: Zeus|Electabuzz, L50, M|100/100|[from] Flip Turn
|move|p2b: Whimsicott|Moonblast|p1a: Ikarus
|-damage|p1a: Ikarus|38/100
|move|p1a: Ikarus|Hurricane|p2b: Whimsicott
|-supereffective|p2b: Whimsicott
|-damage|p2b: Whimsicott|0 fnt
|faint|p2b: Whimsicott
|move|p2a: Archaludon|Electro Shot||[still]
|-prepare|p2a: Archaludon|Electro Shot
|-boost|p2a: Archaludon|spa|1
|-anim|p2a: Archaludon|Electro Shot|p1a: Ikarus
|-supereffective|p1a: Ikarus
|-damage|p1a: Ikarus|0 fnt
|faint|p1a: Ikarus
|
|-weather|RainDance|[upkeep]
|upkeep
|
|t:|1756427185
|switch|p2b: Annihilape|Annihilape, L50, M|100/100
|switch|p1a: Hephaistos|Archaludon, L50, M|100/100
|turn|2
|
|t:|1756427212
|-terastallize|p1b: Zeus|Ghost
|move|p1b: Zeus|Follow Me|p1b: Zeus
|-singleturn|p1b: Zeus|move: Follow Me
|move|p2b: Annihilape|Final Gambit|p1b: Zeus
|-immune|p1b: Zeus
|move|p1a: Hephaistos|Electro Shot||[still]
|-prepare|p1a: Hephaistos|Electro Shot
|-boost|p1a: Hephaistos|spa|1
|-anim|p1a: Hephaistos|Electro Shot|p2a: Archaludon
|-supereffective|p2a: Archaludon
|-damage|p2a: Archaludon|23/100
|-ability|p2a: Archaludon|Stamina|boost
|-boost|p2a: Archaludon|def|1
|move|p2a: Archaludon|Electro Shot||[still]
|-prepare|p2a: Archaludon|Electro Shot
|-boost|p2a: Archaludon|spa|1
|-anim|p2a: Archaludon|Electro Shot|p1b: Zeus
|-damage|p1b: Zeus|34/100
|
|-weather|RainDance|[upkeep]
|upkeep
|turn|3
|inactive|azuredreamer vg has 30 seconds left.
|
|t:|1756427237
|switch|p2b: Dragonite|Dragonite, L50, M, shiny|100/100
|move|p1b: Zeus|Follow Me|p1b: Zeus
|-singleturn|p1b: Zeus|move: Follow Me
|move|p1a: Hephaistos|Electro Shot||[still]
|-prepare|p1a: Hephaistos|Electro Shot
|-boost|p1a: Hephaistos|spa|1
|-anim|p1a: Hephaistos|Electro Shot|p2a: Archaludon
|-supereffective|p2a: Archaludon
|-damage|p2a: Archaludon|0 fnt
|faint|p2a: Archaludon
|
|-weather|RainDance|[upkeep]
|upkeep
|c|☆azuredreamer vg|AHHH LOL
|c|☆azuredreamer vg|DISTRACTED AND DIDNT EVEN CHECK YOUR TERAS
|
|t:|1756427250
|switch|p2a: Annihilape|Annihilape, L50, M|100/100
|turn|4
|inactive|azuredreamer vg has 30 seconds left.
|
|t:|1756427279
|move|p1b: Zeus|Follow Me|p1b: Zeus
|-singleturn|p1b: Zeus|move: Follow Me
|move|p2a: Annihilape|Rage Fist|p1b: Zeus
|-supereffective|p1b: Zeus
|-damage|p1b: Zeus|0 fnt
|faint|p1b: Zeus
|move|p2b: Dragonite|Scale Shot|p1a: Hephaistos
|-damage|p1a: Hephaistos|88/100
|-ability|p1a: Hephaistos|Stamina|boost
|-boost|p1a: Hephaistos|def|1
|-damage|p1a: Hephaistos|81/100
|-ability|p1a: Hephaistos|Stamina|boost
|-boost|p1a: Hephaistos|def|1
|-damage|p1a: Hephaistos|75/100
|-ability|p1a: Hephaistos|Stamina|boost
|-boost|p1a: Hephaistos|def|1
|-damage|p1a: Hephaistos|70/100
|-ability|p1a: Hephaistos|Stamina|boost
|-boost|p1a: Hephaistos|def|1
|-hitcount|p1a: Hephaistos|4
|-unboost|p2b: Dragonite|def|1
|-boost|p2b: Dragonite|spe|1
|move|p1a: Hephaistos|Electro Shot||[still]
|-prepare|p1a: Hephaistos|Electro Shot
|-boost|p1a: Hephaistos|spa|1
|-anim|p1a: Hephaistos|Electro Shot|p2b: Dragonite
|-crit|p2b: Dragonite
|-damage|p2b: Dragonite|0 fnt
|faint|p2b: Dragonite
|
|-weather|RainDance|[upkeep]
|upkeep
|
|t:|1756427294
|switch|p1b: Poseidon|Basculegion, L50, M|100/100
|turn|5
|c|☆azuredreamer vg|WELL, thats that, so dumb of me
|c|☆azuredreamer vg|ggs
|
|t:|1756427307
|move|p1b: Poseidon|Last Respects|p2a: Annihilape
|-supereffective|p2a: Annihilape
|-damage|p2a: Annihilape|0 fnt
|faint|p2a: Annihilape
|
|win|Mahdrescher
|raw|Mahdrescher's rating: 1185 → 1210(+25 for winning)
|raw|azuredreamer vg's rating: 1190 → 1165(-25 for losing)
|l|☆azuredreamer vg
|player|p2|
|l|☆Mahdrescher
|player|p1|
|j|☆azuredreamer vg
|player|p2|azuredreamer vg|102|
