|j|☆ChocoHammy
|j|☆morphiusdoorphius
|html|ChocoHammymorphiusdoorphius    
|uhtml|bestof|Game 2 of a best-of-3
|t:|1783732810
|gametype|doubles
|player|p1|ChocoHammy|265|
|player|p2|morphiusdoorphius|linebacker|
|gen|9
|tier|[Gen 9 Champions] VGC 2026 Reg M-B (Bo3)
|rule|Species Clause: Limit one of each Pokémon
|rule|Item Clause: Limit 1 of each item
|clearpoke
|poke|p1|Aurorus, L50, F|
|poke|p1|Ceruledge, L50, M|
|poke|p1|Clefable, L50, F|
|poke|p1|Tauros-Paldea-Blaze, L50, M|
|poke|p1|Garchomp, L50, F|
|poke|p1|Golurk, L50|
|poke|p2|Charizard, L50, M|
|poke|p2|Talonflame, L50, F|
|poke|p2|Primarina, L50, F|
|poke|p2|Kingambit, L50, M|
|poke|p2|Kleavor, L50, M|
|poke|p2|Scrafty, L50, F|
|teampreview|4
|showteam|p1|Aurorus||ChopleBerry|SnowWarning|Blizzard,AncientPower,EarthPower,Protect|Modest||F|||50|]Ceruledge||ColburBerry|FlashFire|BitterBlade,ShadowSneak,BulkUp,Protect|Adamant||M|||50|]Clefable||Clefablite|Unaware|Moonblast,Encore,FollowMe,Protect|Bold||F|||50|]Tauros-Paldea-Blaze||FocusSash|Intimidate|CloseCombat,FlareBlitz,WillOWisp,Protect|Adamant||M|||50|]Garchomp||ChoiceScarf|RoughSkin|Earthquake,DragonClaw,RockSlide,StompingTantrum|Jolly||F|||50|]Golurk||Golurkite|IronFist|HeadlongRush,Poltergeist,IcePunch,Protect|Adamant|||||50|
|showteam|p2|Charizard||CharizarditeY|Blaze|HeatWave,Protect,WeatherBall,SolarBeam|Modest||M|||50|]Talonflame||FocusSash|GaleWings|Tailwind,Protect,FlareBlitz,BraveBird|Jolly||F|||50|]Primarina||MysticWater|LiquidVoice|IceBeam,Moonblast,Protect,HyperVoice|Naive||F|||50|]Kingambit||ChopleBerry|Defiant|IronHead,Protect,SuckerPunch,SwordsDance|Adamant||M|||50|]Kleavor||WideLens|Sharpness|StoneAxe,XScissor,RockSlide,Protect|Adamant||M|||50|]Scrafty||Scraftinite|Intimidate|SuperFang,FakeOut,Protect,CloseCombat|Adamant||F|||50|
|j| clare_chan1738
|j| InfiniKnight
|j| budster16
|
|t:|1783732868
|teamsize|p1|4
|teamsize|p2|4
|start
|switch|p1a: Clefable|Clefable, L50, F|100/100
|switch|p1b: Tauros|Tauros-Paldea-Blaze, L50, M|100/100
|switch|p2a: Talonflame|Talonflame, L50, F|100/100
|switch|p2b: Kleavor|Kleavor, L50, M|100/100
|-ability|p1b: Tauros|Intimidate|boost
|-unboost|p2a: Talonflame|atk|1
|-unboost|p2b: Kleavor|atk|1
|turn|1
|
|t:|1783732925
|switch|p1b: Garchomp|Garchomp, L50, F|100/100
|move|p2b: Kleavor|Protect|p2b: Kleavor
|-singleturn|p2b: Kleavor|Protect
|move|p2a: Talonflame|Tailwind|p2a: Talonflame
|-sidestart|p2: morphiusdoorphius|move: Tailwind
|move|p1a: Clefable|Moonblast|p2b: Kleavor
|-activate|p2b: Kleavor|move: Protect
|
|upkeep
|turn|2
|
|t:|1783733039
|move|p2a: Talonflame|Protect|p2a: Talonflame
|-singleturn|p2a: Talonflame|Protect
|move|p2b: Kleavor|X-Scissor|p1b: Garchomp
|-damage|p1b: Garchomp|53/100
|-damage|p2b: Kleavor|87/100|[from] ability: Rough Skin|[of] p1b: Garchomp
|move|p1b: Garchomp|Rock Slide|p2a: Talonflame|[spread] p2b
|-activate|p2a: Talonflame|move: Protect
|-supereffective|p2b: Kleavor|1
|-damage|p2b: Kleavor|36/100
|move|p1a: Clefable|Moonblast|p2a: Talonflame
|-activate|p2a: Talonflame|move: Protect
|
|upkeep
|turn|3
|
|t:|1783733083
|switch|p2a: Primarina|Primarina, L50, F|100/100
|move|p2b: Kleavor|Protect|p2b: Kleavor
|-singleturn|p2b: Kleavor|Protect
|move|p1a: Clefable|Follow Me|p1a: Clefable
|-singleturn|p1a: Clefable|move: Follow Me
|move|p1b: Garchomp|Rock Slide|p2a: Primarina|[spread] p2a
|-activate|p2b: Kleavor|move: Protect
|-damage|p2a: Primarina|70/100
|
|upkeep
|turn|4
|
|t:|1783733121
|switch|p2b: Talonflame|Talonflame, L50, F|100/100
|move|p1a: Clefable|Follow Me|p1a: Clefable
|-singleturn|p1a: Clefable|move: Follow Me
|move|p1b: Garchomp|Rock Slide|p2a: Primarina|[spread] p2a,p2b
|-supereffective|p2b: Talonflame|2
|-damage|p2a: Primarina|43/100
|-enditem|p2b: Talonflame|Focus Sash
|-damage|p2b: Talonflame|1/100
|move|p2a: Primarina|Hyper Voice|p1a: Clefable|[spread] p1a,p1b
|-damage|p1a: Clefable|63/100
|-damage|p1b: Garchomp|7/100
|
|-sideend|p2: morphiusdoorphius|move: Tailwind
|upkeep
|turn|5
|
|t:|1783733177
|switch|p2b: Kingambit|Kingambit, L50, M|100/100
|move|p2a: Primarina|Protect|p2a: Primarina
|-singleturn|p2a: Primarina|Protect
|move|p1b: Garchomp|Rock Slide|p2b: Kingambit|[spread] p2b
|-activate|p2a: Primarina|move: Protect
|-resisted|p2b: Kingambit|1
|-damage|p2b: Kingambit|93/100
|move|p1a: Clefable|Moonblast|p2a: Primarina
|-activate|p2a: Primarina|move: Protect
|
|upkeep
|turn|6
|
|t:|1783733221
|move|p2b: Kingambit|Sucker Punch|p1b: Garchomp
|-damage|p1b: Garchomp|0 fnt
|-damage|p2b: Kingambit|81/100|[from] ability: Rough Skin|[of] p1b: Garchomp
|faint|p1b: Garchomp
|move|p2a: Primarina|Moonblast|p1a: Clefable
|-damage|p1a: Clefable|20/100y
|move|p1a: Clefable|Encore|p2b: Kingambit
|-start|p2b: Kingambit|Encore
|
|upkeep
|
|t:|1783733289
|switch|p1b: Tauros|Tauros-Paldea-Blaze, L50, M|100/100
|-ability|p1b: Tauros|Intimidate|boost
|-unboost|p2a: Primarina|atk|1
|-unboost|p2b: Kingambit|atk|1
|-ability|p2b: Kingambit|Defiant|boost
|-boost|p2b: Kingambit|atk|2
|turn|7
|
|t:|1783733385
|switch|p2b: Talonflame|Talonflame, L50, F|1/100
|move|p1a: Clefable|Protect|p1a: Clefable
|-singleturn|p1a: Clefable|Protect
|move|p1b: Tauros|Close Combat|p2a: Primarina
|-resisted|p2a: Primarina|1
|-damage|p2a: Primarina|0 fnt
|-unboost|p1b: Tauros|def|1
|-unboost|p1b: Tauros|spd|1
|faint|p2a: Primarina
|
|upkeep
|
|t:|1783733399
|switch|p2a: Kleavor|Kleavor, L50, M|36/100
|turn|8
|
|t:|1783733496
|move|p1a: Clefable|Follow Me|p1a: Clefable
|-singleturn|p1a: Clefable|move: Follow Me
|move|p2b: Talonflame|Brave Bird|p1a: Clefable
|-damage|p1a: Clefable|0 fnt
|faint|p1a: Clefable
|-damage|p2b: Talonflame|0 fnt|[from] Recoil
|faint|p2b: Talonflame
|move|p1b: Tauros|Close Combat|p2a: Kleavor
|-damage|p2a: Kleavor|0 fnt
|-unboost|p1b: Tauros|def|1
|-unboost|p1b: Tauros|spd|1
|faint|p2a: Kleavor
|
|upkeep
|
|t:|1783733509
|switch|p2b: Kingambit|Kingambit, L50, M|81/100
|switch|p1a: Ceruledge|Ceruledge, L50, M|100/100
|turn|9
|
|t:|1783733532
|move|p1b: Tauros|Close Combat|p2b: Kingambit
|-supereffective|p2b: Kingambit|2
|-enditem|p2b: Kingambit|Chople Berry|[eat]
|-enditem|p2b: Kingambit|Chople Berry|[weaken]
|-damage|p2b: Kingambit|0 fnt
|-unboost|p1b: Tauros|def|1
|-unboost|p1b: Tauros|spd|1
|faint|p2b: Kingambit
|
|win|ChocoHammy
