|j|☆blfuller_4
|j|☆Luke693VGC
|html|blfuller_4Luke693VGC    
|uhtml|bestof|Game 2 of a best-of-3
|t:|1756921724
|gametype|doubles
|player|p1|blfuller_4|265|1135
|player|p2|Luke693VGC|cyclist-gen4|1149
|gen|9
|tier|[Gen 9] VGC 2025 Reg H (Bo3)
|rated|
|rule|Species Clause: Limit one of each Pokémon
|rule|Item Clause: Limit 1 of each item
|clearpoke
|poke|p1|Sneasler, L50, M|
|poke|p1|Indeedee, L50, M|
|poke|p1|Gholdengo, L50|
|poke|p1|Dragapult, L50, M|
|poke|p1|Kingambit, L50, M|
|poke|p1|Electabuzz, L50, M|
|poke|p2|Archaludon, L50, M|
|poke|p2|Pelipper, L50, M|
|poke|p2|Basculegion, L50, M|
|poke|p2|Amoonguss, L50, F|
|poke|p2|Incineroar, L50, F|
|poke|p2|Gholdengo, L50|
|teampreview|4
|showteam|p1|Sneasler||PsychicSeed|Unburden|Protect,DireClaw,CloseCombat,ThroatChop|||M|||50|,,,,,Dark]Indeedee||ChoiceScarf|PsychicSurge|ExpandingForce,DazzlingGleam,ShadowBall,Trick|||M|||50|,,,,,Psychic]Gholdengo||ChoiceSpecs|GoodasGold|MakeItRain,ShadowBall,PowerGem,Thunderbolt||||||50|,,,,,Dragon]Dragapult||ChoiceBand|ClearBody|Outrage,DragonDarts,PhantomForce,Uturn|||M|||50|,,,,,Dragon]Kingambit||AssaultVest|Defiant|KowtowCleave,IronHead,TeraBlast,SuckerPunch|||M|||50|,,,,,Fire]Electabuzz||Eviolite|VitalSpirit|FollowMe,Electroweb,Taunt,HelpingHand|||M|||50|,,,,,Ghost
|showteam|p2|Archaludon||AssaultVest|Stamina|DragonPulse,ElectroShot,FlashCannon,BodyPress|||M|||50|,,,,,Grass]Pelipper||FocusSash|Drizzle|WeatherBall,Hurricane,Tailwind,Protect|||M|||50|,,,,,Stellar]Basculegion||ChoiceBand|SwiftSwim|WaveCrash,LastRespects,AquaJet,FlipTurn|||M|||50|,,,,,Water]Amoonguss||RockyHelmet|Regenerator|PollenPuff,RagePowder,Spore,Protect|||F|||50|,,,,,Water]Incineroar||SafetyGoggles|Intimidate|KnockOff,FakeOut,PartingShot,Taunt|||F|||50|,,,,,Ghost]Gholdengo||LifeOrb|GoodasGold|MakeItRain,ShadowBall,NastyPlot,Protect||||||50|,,,,,Water
|
|t:|1756921763
|teamsize|p1|4
|teamsize|p2|4
|start
|switch|p1a: Electabuzz|Electabuzz, L50, M|100/100
|switch|p1b: Dragapult|Dragapult, L50, M|100/100
|switch|p2a: Gholdengo|Gholdengo, L50|100/100
|switch|p2b: Amoonguss|Amoonguss, L50, F|100/100
|turn|1
|inactive|Battle timer is ON: inactive players will automatically lose when time's up. (requested by Luke693VGC)
|
|t:|1756921793
|move|p2b: Amoonguss|Protect|p2b: Amoonguss
|-singleturn|p2b: Amoonguss|Protect
|move|p1b: Dragapult|Phantom Force||[still]
|-prepare|p1b: Dragapult|Phantom Force
|move|p2a: Gholdengo|Nasty Plot|p2a: Gholdengo
|-boost|p2a: Gholdengo|spa|2
|move|p1a: Electabuzz|Taunt|p2b: Amoonguss
|-activate|p2b: Amoonguss|move: Protect
|
|upkeep
|turn|2
|
|t:|1756921807
|move|p2b: Amoonguss|Rage Powder|p2b: Amoonguss
|-singleturn|p2b: Amoonguss|move: Rage Powder
|move|p1b: Dragapult|Phantom Force|p2b: Amoonguss|[from] lockedmove
|-damage|p2b: Amoonguss|44/100
|-damage|p1b: Dragapult|84/100|[from] item: Rocky Helmet|[of] p2b: Amoonguss
|move|p2a: Gholdengo|Make It Rain|p1b: Dragapult|[spread] p1a,p1b
|-resisted|p1a: Electabuzz
|-damage|p1a: Electabuzz|56/100
|-damage|p1b: Dragapult|0 fnt
|-unboost|p2a: Gholdengo|spa|1
|faint|p1b: Dragapult
|-damage|p2a: Gholdengo|91/100|[from] item: Life Orb
|move|p1a: Electabuzz|Taunt|p2b: Amoonguss
|-start|p2b: Amoonguss|move: Taunt
|
|upkeep
|
|t:|1756921817
|switch|p1b: Sneasler|Sneasler, L50, M|100/100
|turn|3
|inactive|Luke693VGC has 30 seconds left.
|inactive|Luke693VGC has 20 seconds left.
|inactive|Luke693VGC has 15 seconds left.
|inactive|Luke693VGC has 10 seconds left.
|inactive|Luke693VGC has 5 seconds left.
|
|t:|1756921867
|switch|p2b: Pelipper|Pelipper, L50, M|100/100
|-weather|RainDance|[from] ability: Drizzle|[of] p2b: Pelipper
|-terastallize|p2a: Gholdengo|Water
|move|p1b: Sneasler|Protect|p1b: Sneasler
|-singleturn|p1b: Sneasler|Protect
|move|p2a: Gholdengo|Make It Rain|p1a: Electabuzz|[spread] p1a
|-activate|p1b: Sneasler|move: Protect
|-resisted|p1a: Electabuzz
|-damage|p1a: Electabuzz|25/100
|-unboost|p2a: Gholdengo|spa|1
|-damage|p2a: Gholdengo|82/100|[from] item: Life Orb
|move|p1a: Electabuzz|Electroweb|p2b: Pelipper|[spread] p2a,p2b
|-supereffective|p2a: Gholdengo
|-supereffective|p2b: Pelipper
|-damage|p2a: Gholdengo|52/100
|-damage|p2b: Pelipper|3/100
|-unboost|p2a: Gholdengo|spe|1
|-unboost|p2b: Pelipper|spe|1
|
|-weather|RainDance|[upkeep]
|upkeep
|turn|4
|inactive|blfuller_4 has 30 seconds left.
|inactive|Luke693VGC has 30 seconds left.
|inactive|Luke693VGC has 20 seconds left.
|
|t:|1756921904
|switch|p2a: Amoonguss|Amoonguss, L50, F|78/100
|move|p2b: Pelipper|Protect|p2b: Pelipper
|-singleturn|p2b: Pelipper|Protect
|move|p1b: Sneasler|Dire Claw|p2a: Amoonguss
|-damage|p2a: Amoonguss|45/100
|-status|p2a: Amoonguss|slp
|-damage|p1b: Sneasler|84/100|[from] item: Rocky Helmet|[of] p2a: Amoonguss
|move|p1a: Electabuzz|Electroweb|p2a: Amoonguss|[spread] p2a
|-activate|p2b: Pelipper|move: Protect
|-resisted|p2a: Amoonguss
|-damage|p2a: Amoonguss|39/100 slp
|-unboost|p2a: Amoonguss|spe|1
|
|-weather|RainDance|[upkeep]
|upkeep
|turn|5
|inactive|Luke693VGC has 30 seconds left.
|inactive|Luke693VGC has 20 seconds left.
|inactive|Luke693VGC has 15 seconds left.
|inactive|Luke693VGC has 10 seconds left.
|inactive|Luke693VGC has 5 seconds left.
|
|t:|1756921958
|switch|p2b: Gholdengo|Gholdengo, L50, tera:Water|52/100
|move|p1b: Sneasler|Dire Claw|p2a: Amoonguss
|-damage|p2a: Amoonguss|4/100 slp
|-damage|p1b: Sneasler|68/100|[from] item: Rocky Helmet|[of] p2a: Amoonguss
|move|p1a: Electabuzz|Electroweb|p2a: Amoonguss|[spread] p2a,p2b
|-resisted|p2a: Amoonguss
|-supereffective|p2b: Gholdengo
|-damage|p2a: Amoonguss|0 fnt
|-damage|p2b: Gholdengo|24/100
|-unboost|p2b: Gholdengo|spe|1
|faint|p2a: Amoonguss
|
|-weather|RainDance|[upkeep]
|upkeep
|
|t:|1756921971
|switch|p2a: Basculegion|Basculegion, L50, M|100/100
|turn|6
|inactive|blfuller_4 has 30 seconds left.
|inactive|Luke693VGC has 30 seconds left.
|
|t:|1756922004
|-terastallize|p1b: Sneasler|Dark
|move|p1a: Electabuzz|Follow Me|p1a: Electabuzz
|-singleturn|p1a: Electabuzz|move: Follow Me
|move|p2a: Basculegion|Wave Crash|p1a: Electabuzz
|-damage|p1a: Electabuzz|0 fnt
|faint|p1a: Electabuzz
|-damage|p2a: Basculegion|94/100|[from] Recoil
|move|p1b: Sneasler|Throat Chop|p2a: Basculegion
|-supereffective|p2a: Basculegion
|-damage|p2a: Basculegion|0 fnt
|faint|p2a: Basculegion
|move|p2b: Gholdengo|Make It Rain|p1b: Sneasler
|-damage|p1b: Sneasler|0 fnt
|-unboost|p2b: Gholdengo|spa|1
|faint|p1b: Sneasler
|-damage|p2b: Gholdengo|14/100|[from] item: Life Orb
|
|-weather|RainDance|[upkeep]
|upkeep
|
|t:|1756922021
|switch|p1b: Indeedee|Indeedee, L50, M|100/100
|switch|p2a: Pelipper|Pelipper, L50, M|3/100
|-fieldstart|move: Psychic Terrain|[from] ability: Psychic Surge|[of] p1b: Indeedee
|turn|7
|inactive|Luke693VGC has 30 seconds left.
|
|t:|1756922054
|move|p1b: Indeedee|Expanding Force|p2a: Pelipper|[spread] p2a,p2b
|-damage|p2a: Pelipper|0 fnt
|-damage|p2b: Gholdengo|0 fnt
|faint|p2a: Pelipper
|faint|p2b: Gholdengo
|
|win|blfuller_4
|raw|blfuller_4's rating: 1135 → 1161(+26 for winning)
|raw|Luke693VGC's rating: 1149 → 1123(-26 for losing)
