|j|☆CavaliereIsSoPeak
|j|☆glubglobs
|html|CavaliereIsSoPeakglubglobs    
|uhtml|bestof|Game 2 of a best-of-3
|t:|1756385824
|gametype|doubles
|player|p1|CavaliereIsSoPeak|gambler|1248
|player|p2|glubglobs|cynthia|1193
|gen|9
|tier|[Gen 9] VGC 2025 Reg H (Bo3)
|rated|
|rule|Species Clause: Limit one of each Pokémon
|rule|Item Clause: Limit 1 of each item
|clearpoke
|poke|p1|Charizard, L50, M|
|poke|p1|Dragapult, L50, M|
|poke|p1|Sneasler, L50, F|
|poke|p1|Incineroar, L50, M|
|poke|p1|Ursaluna-Bloodmoon, L50, M|
|poke|p1|Whimsicott, L50, F|
|poke|p2|Primarina, L50, F|
|poke|p2|Sneasler, L50, F|
|poke|p2|Electabuzz, L50, M|
|poke|p2|Kingambit, L50, M|
|poke|p2|Dragapult, L50, M|
|poke|p2|Rillaboom, L50, F|
|teampreview|4
|showteam|p1|Charizard||ChoiceSpecs|SolarPower|HeatWave,Overheat,WeatherBall,SolarBeam|||M|||50|,,,,,Ghost]Dragapult||ChoiceBand|ClearBody|DragonDarts,Outrage,PhantomForce,Uturn|||M|||50|,,,,,Dragon]Sneasler||FocusSash|Unburden|DireClaw,CloseCombat,ThroatChop,Protect|||F|||50|,,,,,Dark]Incineroar||SafetyGoggles|Intimidate|FakeOut,KnockOff,FlareBlitz,PartingShot|||M|||50|,,,,,Ghost]Ursaluna-Bloodmoon||LifeOrb|MindsEye|BloodMoon,HyperVoice,EarthPower,Protect|||M|||50|,,,,,Normal]Whimsicott||CovertCloak|Prankster|Moonblast,Tailwind,Encore,SunnyDay|||F|||50|,,,,,Poison
|showteam|p2|Primarina||ThroatSpray|LiquidVoice|Protect,Haze,HyperVoice,Moonblast|||F|||50|,,,,,Poison]Sneasler||FocusSash|PoisonTouch|Protect,NightSlash,DireClaw,CloseCombat|||F|||50|,,,,,Stellar]Electabuzz||Eviolite|VitalSpirit|Protect,FollowMe,Taunt,Electroweb|||M|||50|,,,,,Fairy]Kingambit||BlackGlasses|Defiant|Protect,SwordsDance,SuckerPunch,KowtowCleave|||M|||50|,,,,,Dark]Dragapult||ChoiceBand|ClearBody|Uturn,DragonDarts,PhantomForce,Outrage|||M|||50|,,,,,Dragon]Rillaboom||AssaultVest|GrassySurge|FakeOut,Uturn,GrassyGlide,WoodHammer|||F|||50|,,,,,Fire
|inactive|Battle timer is ON: inactive players will automatically lose when time's up. (requested by glubglobs)
|
|t:|1756385847
|teamsize|p1|4
|teamsize|p2|4
|start
|switch|p1a: Shāhmat|Ursaluna-Bloodmoon, L50, M|100/100
|switch|p1b: Mary|Whimsicott, L50, F|100/100
|switch|p2a: Electabuzz|Electabuzz, L50, M|100/100
|switch|p2b: Sneasler|Sneasler, L50, F|100/100
|turn|1
|
|t:|1756385860
|move|p1b: Mary|Tailwind|p1b: Mary
|-sidestart|p1: CavaliereIsSoPeak|move: Tailwind
|move|p1a: Shāhmat|Hyper Voice|p2a: Electabuzz|[spread] p2a,p2b
|-crit|p2a: Electabuzz
|-damage|p2a: Electabuzz|41/100
|-damage|p2b: Sneasler|31/100
|-damage|p1a: Shāhmat|91/100|[from] item: Life Orb
|move|p2b: Sneasler|Close Combat|p1a: Shāhmat
|-supereffective|p1a: Shāhmat
|-damage|p1a: Shāhmat|0 fnt
|-unboost|p2b: Sneasler|def|1
|-unboost|p2b: Sneasler|spd|1
|faint|p1a: Shāhmat
|move|p2a: Electabuzz|Taunt|p1b: Mary
|-start|p1b: Mary|move: Taunt
|
|upkeep
|
|t:|1756385864
|switch|p1a: Agni|Charizard, L50, M|100/100
|turn|2
|
|t:|1756385878
|switch|p1b: D'oro|Sneasler, L50, F|100/100
|move|p2b: Sneasler|Protect|p2b: Sneasler
|-singleturn|p2b: Sneasler|Protect
|move|p2a: Electabuzz|Protect|p2a: Electabuzz
|-singleturn|p2a: Electabuzz|Protect
|move|p1a: Agni|Heat Wave|p2a: Electabuzz|[spread] 
|-activate|p2a: Electabuzz|move: Protect
|-activate|p2b: Sneasler|move: Protect
|
|upkeep
|turn|3
|
|t:|1756385900
|switch|p1b: Mary|Whimsicott, L50, F|100/100
|switch|p2b: Primarina|Primarina, L50, F|100/100
|move|p1a: Agni|Heat Wave|p2a: Electabuzz|[spread] p2a,p2b
|-resisted|p2b: Primarina
|-damage|p2a: Electabuzz|6/100
|-damage|p2b: Primarina|81/100
|move|p2a: Electabuzz|Electroweb|p1a: Agni|[spread] p1a,p1b
|-supereffective|p1a: Agni
|-resisted|p1b: Mary
|-damage|p1a: Agni|62/100
|-damage|p1b: Mary|91/100
|-unboost|p1a: Agni|spe|1
|
|upkeep
|turn|4
|
|t:|1756385921
|move|p1b: Mary|Sunny Day|p1b: Mary
|-weather|SunnyDay
|move|p1a: Agni|Heat Wave|p2b: Primarina|[spread] p2a,p2b
|-resisted|p2b: Primarina
|-damage|p2a: Electabuzz|0 fnt
|-damage|p2b: Primarina|40/100
|faint|p2a: Electabuzz
|move|p2b: Primarina|Hyper Voice|p1b: Mary|[spread] p1a,p1b
|-supereffective|p1a: Agni
|-resisted|p1b: Mary
|-damage|p1a: Agni|11/100
|-damage|p1b: Mary|81/100
|-enditem|p2b: Primarina|Throat Spray
|-boost|p2b: Primarina|spa|1|[from] item: Throat Spray
|
|-weather|SunnyDay|[upkeep]
|-damage|p1a: Agni|0 fnt|[from] ability: Solar Power|[of] p1a: Agni
|faint|p1a: Agni
|-sideend|p1: CavaliereIsSoPeak|move: Tailwind
|upkeep
|
|t:|1756385940
|switch|p1a: D'oro|Sneasler, L50, F|100/100
|switch|p2a: Dragapult|Dragapult, L50, M|100/100
|turn|5
|
|t:|1756385960
|-terastallize|p1a: D'oro|Dark
|move|p1b: Mary|Tailwind|p1b: Mary
|-sidestart|p1: CavaliereIsSoPeak|move: Tailwind
|move|p1a: D'oro|Throat Chop|p2a: Dragapult
|-supereffective|p2a: Dragapult
|-damage|p2a: Dragapult|0 fnt
|faint|p2a: Dragapult
|move|p2b: Primarina|Moonblast|p1b: Mary
|-damage|p1b: Mary|0 fnt
|faint|p1b: Mary
|
|-weather|SunnyDay|[upkeep]
|upkeep
|
|t:|1756385970
|switch|p2a: Sneasler|Sneasler, L50, F|31/100
|turn|6
|
|t:|1756385974
|move|p1a: D'oro|Protect|p1a: D'oro
|-singleturn|p1a: D'oro|Protect
|move|p2a: Sneasler|Protect|p2a: Sneasler
|-singleturn|p2a: Sneasler|Protect
|move|p2b: Primarina|Protect||[still]
|-fail|p2b: Primarina
|
|-weather|SunnyDay|[upkeep]
|upkeep
|turn|7
|
|t:|1756385995
|move|p2b: Primarina|Protect|p2b: Primarina
|-singleturn|p2b: Primarina|Protect
|move|p1a: D'oro|Close Combat|p2a: Sneasler
|-resisted|p2a: Sneasler
|-damage|p2a: Sneasler|0 fnt
|-unboost|p1a: D'oro|def|1
|-unboost|p1a: D'oro|spd|1
|faint|p2a: Sneasler
|
|-weather|SunnyDay|[upkeep]
|upkeep
|turn|8
|
|t:|1756386010
|-terastallize|p2b: Primarina|Poison
|move|p1a: D'oro|Dire Claw|p2b: Primarina
|-resisted|p2b: Primarina
|-damage|p2b: Primarina|14/100
|-status|p2b: Primarina|slp
|cant|p2b: Primarina|slp
|
|-weather|none
|-sideend|p1: CavaliereIsSoPeak|move: Tailwind
|upkeep
|turn|9
|
|t:|1756386019
|move|p1a: D'oro|Close Combat|p2b: Primarina
|-resisted|p2b: Primarina
|-damage|p2b: Primarina|0 fnt
|-unboost|p1a: D'oro|def|1
|-unboost|p1a: D'oro|spd|1
|faint|p2b: Primarina
|
|win|CavaliereIsSoPeak
|raw|CavaliereIsSoPeak's rating: 1248 → 1269(+21 for winning)
|raw|glubglobs's rating: 1193 → 1172(-21 for losing)
|l|☆CavaliereIsSoPeak
|player|p1|
