|j|☆caseofxtc
|j|☆GIRLHELL1998
|html|caseofxtcGIRLHELL1998    
|uhtml|bestof|Game 2 of a best-of-3
|t:|1757650566
|gametype|doubles
|player|p1|caseofxtc|2|
|player|p2|GIRLHELL1998|roxie|
|gen|9
|tier|[Gen 9] VGC 2025 Reg H (Bo3)
|rule|Species Clause: Limit one of each Pokémon
|rule|Item Clause: Limit 1 of each item
|clearpoke
|poke|p1|Gholdengo, L50|
|poke|p1|Tyranitar, L50, M|
|poke|p1|Electabuzz, L50, M|
|poke|p1|Garchomp, L50, M|
|poke|p1|Scrafty, L50, F|
|poke|p1|Talonflame, L50, M|
|poke|p2|Incineroar, L50, F|
|poke|p2|Porygon2, L50|
|poke|p2|Amoonguss, L50, M|
|poke|p2|Ursaluna, L50, F|
|poke|p2|Gholdengo, L50|
|poke|p2|Flamigo, L50, M|
|teampreview|4
|showteam|p1|Gholdengo||ChoiceSpecs|GoodasGold|Trick,Thunderbolt,ShadowBall,MakeItRain||||||50|,,,,,Steel]Tyranitar||AssaultVest|SandStream|RockSlide,StompingTantrum,KnockOff,TeraBlast|||M|||50|,,,,,Flying]Electabuzz||Eviolite|VitalSpirit|Electroweb,Protect,FollowMe,Taunt|||M|||50|,,,,,Fairy]Garchomp||LifeOrb|SandVeil|DragonClaw,SwordsDance,Earthquake,Protect|||M|||50|,,,,,Ground]Scrafty||MirrorHerb|Intimidate|DrainPunch,BulkUp,FakeOut,KnockOff|||F|||50|,,,,,Ghost]Talonflame||SafetyGoggles|GaleWings|DualWingbeat,FlareBlitz,Tailwind,Protect|||M|||50|,,,,,Ghost
|showteam|p2|Incineroar||SafetyGoggles|Intimidate|KnockOff,FlareBlitz,PartingShot,FakeOut|||F|||50|,,,,,Grass]Porygon2||Eviolite|Download|TeraBlast,IceBeam,Recover,TrickRoom||||||50|,,,,,Fighting]Amoonguss||MentalHerb|Regenerator|Spore,RagePowder,PollenPuff,SludgeBomb|||M|||50|,,,,,Water]Ursaluna||FlameOrb|Guts|Facade,HeadlongRush,Earthquake,Protect|||F|||50|,,,,,Normal]Gholdengo||LifeOrb|GoodasGold|MakeItRain,ShadowBall,NastyPlot,Protect||||||50|,,,,,Dragon]Flamigo||FocusSash|Scrappy|CloseCombat,BraveBird,WideGuard,Protect|||M|||50|,,,,,Ghost
|inactive|Battle timer is ON: inactive players will automatically lose when time's up. (requested by GIRLHELL1998)
|inactive|GIRLHELL1998 has 60 seconds left.
|inactive|GIRLHELL1998 has 30 seconds left.
|
|t:|1757650631
|teamsize|p1|4
|teamsize|p2|4
|start
|switch|p1a: Tyranitar|Tyranitar, L50, M|100/100
|switch|p1b: Talonflame|Talonflame, L50, M|100/100
|switch|p2a: Incineroar|Incineroar, L50, F, shiny|100/100
|switch|p2b: Porygon2|Porygon2, L50, shiny|100/100
|-ability|p2a: Incineroar|Intimidate|boost
|-unboost|p1a: Tyranitar|atk|1
|-unboost|p1b: Talonflame|atk|1
|-weather|Sandstorm|[from] ability: Sand Stream|[of] p1a: Tyranitar
|-ability|p2b: Porygon2|Download|boost
|-boost|p2b: Porygon2|spa|1
|turn|1
|inactive|caseofxtc has 30 seconds left.
|
|t:|1757650660
|switch|p1b: Scrafty|Scrafty, L50, F|100/100
|-ability|p1b: Scrafty|Intimidate|boost
|-unboost|p2a: Incineroar|atk|1
|-unboost|p2b: Porygon2|atk|1
|move|p2a: Incineroar|Fake Out|p1a: Tyranitar
|-resisted|p1a: Tyranitar
|-damage|p1a: Tyranitar|97/100
|cant|p1a: Tyranitar|flinch
|move|p2b: Porygon2|Trick Room|p2b: Porygon2
|-fieldstart|move: Trick Room|[of] p2b: Porygon2
|
|-weather|Sandstorm|[upkeep]
|-damage|p1b: Scrafty|95/100|[from] Sandstorm
|-damage|p2b: Porygon2|94/100|[from] Sandstorm
|upkeep
|turn|2
|inactive|GIRLHELL1998 has 30 seconds left.
|inactive|caseofxtc has 30 seconds left.
|inactive|GIRLHELL1998 has 20 seconds left.
|
|t:|1757650696
|-terastallize|p2b: Porygon2|Fighting
|move|p1b: Scrafty|Bulk Up|p1b: Scrafty
|-boost|p1b: Scrafty|atk|1
|-boost|p1b: Scrafty|def|1
|move|p1a: Tyranitar|Rock Slide|p2a: Incineroar|[spread] p2a,p2b
|-supereffective|p2a: Incineroar
|-resisted|p2b: Porygon2
|-damage|p2a: Incineroar|54/100
|-damage|p2b: Porygon2|89/100
|move|p2b: Porygon2|Tera Blast|p1b: Scrafty|[anim] Tera Blast Fighting
|-supereffective|p1b: Scrafty
|-damage|p1b: Scrafty|25/100
|move|p2a: Incineroar|Parting Shot|p1b: Scrafty
|-unboost|p1b: Scrafty|atk|1
|-unboost|p1b: Scrafty|spa|1
|
|t:|1757650710
|switch|p2a: Ursaluna|Ursaluna, L50, F, shiny|100/100|[from] Parting Shot
|
|-weather|Sandstorm|[upkeep]
|-damage|p1b: Scrafty|19/100|[from] Sandstorm
|-damage|p2b: Porygon2|83/100|[from] Sandstorm
|-status|p2a: Ursaluna|brn|[from] item: Flame Orb
|upkeep
|turn|3
|inactive|GIRLHELL1998 has 30 seconds left.
|
|t:|1757650741
|switch|p1b: Talonflame|Talonflame, L50, M|100/100
|-terastallize|p1a: Tyranitar|Flying
|move|p2a: Ursaluna|Facade|p1b: Talonflame
|-damage|p1b: Talonflame|0 fnt
|faint|p1b: Talonflame
|move|p1a: Tyranitar|Tera Blast|p2b: Porygon2|[anim] Tera Blast Flying
|-supereffective|p2b: Porygon2
|-crit|p2b: Porygon2
|-damage|p2b: Porygon2|8/100
|move|p2b: Porygon2|Tera Blast|p1a: Tyranitar|[anim] Tera Blast Fighting
|-resisted|p1a: Tyranitar
|-damage|p1a: Tyranitar|84/100
|
|-weather|Sandstorm|[upkeep]
|-damage|p1a: Tyranitar|78/100|[from] Sandstorm
|-damage|p2b: Porygon2|2/100|[from] Sandstorm
|-damage|p2a: Ursaluna|95/100 brn|[from] brn
|upkeep
|
|t:|1757650757
|switch|p1b: Scrafty|Scrafty, L50, F|19/100
|-ability|p1b: Scrafty|Intimidate|boost
|-unboost|p2a: Ursaluna|atk|1
|-unboost|p2b: Porygon2|atk|1
|turn|4
|
|t:|1757650779
|switch|p2b: Incineroar|Incineroar, L50, F, shiny|54/100
|-ability|p2b: Incineroar|Intimidate|boost
|-unboost|p1a: Tyranitar|atk|1
|-unboost|p1b: Scrafty|atk|1
|move|p2a: Ursaluna|Protect|p2a: Ursaluna
|-singleturn|p2a: Ursaluna|Protect
|move|p1b: Scrafty|Fake Out|p2b: Incineroar
|-damage|p2b: Incineroar|47/100
|move|p1a: Tyranitar|Knock Off|p2a: Ursaluna
|-activate|p2a: Ursaluna|move: Protect
|
|-weather|Sandstorm|[upkeep]
|-damage|p1b: Scrafty|13/100|[from] Sandstorm
|-damage|p1a: Tyranitar|72/100|[from] Sandstorm
|-damage|p2a: Ursaluna|89/100 brn|[from] brn
|upkeep
|turn|5
|inactive|caseofxtc has 30 seconds left.
|
|t:|1757650808
|switch|p1b: Garchomp|Garchomp, L50, M|100/100
|move|p2b: Incineroar|Fake Out|p1b: Garchomp
|-damage|p1b: Garchomp|87/100
|move|p2a: Ursaluna|Facade|p1a: Tyranitar
|-damage|p1a: Tyranitar|7/100
|move|p1a: Tyranitar|Knock Off|p2a: Ursaluna
|-damage|p2a: Ursaluna|70/100 brn
|-enditem|p2a: Ursaluna|Flame Orb|[from] move: Knock Off|[of] p1a: Tyranitar
|
|-weather|none
|-damage|p2a: Ursaluna|64/100 brn|[from] brn
|-fieldend|move: Trick Room
|upkeep
|turn|6
|inactive|GIRLHELL1998 has 30 seconds left.
|inactive|GIRLHELL1998 has 20 seconds left.
|
|t:|1757650843
|move|p1b: Garchomp|Earthquake|p2b: Incineroar|[spread] p2a,p2b
|-immune|p1a: Tyranitar
|-supereffective|p2b: Incineroar
|-crit|p2b: Incineroar
|-damage|p2a: Ursaluna|28/100 brn
|-damage|p2b: Incineroar|0 fnt
|faint|p2b: Incineroar
|-damage|p1b: Garchomp|77/100|[from] item: Life Orb
|move|p1a: Tyranitar|Rock Slide|p2a: Ursaluna
|-resisted|p2a: Ursaluna
|-damage|p2a: Ursaluna|21/100 brn
|move|p2a: Ursaluna|Facade|p1b: Garchomp
|-damage|p1b: Garchomp|0 fnt
|faint|p1b: Garchomp
|
|-damage|p2a: Ursaluna|15/100 brn|[from] brn
|upkeep
|
|t:|1757650860
|switch|p1b: Scrafty|Scrafty, L50, F|13/100
|switch|p2b: Amoonguss|Amoonguss, L50, M, shiny|100/100
|-ability|p1b: Scrafty|Intimidate|boost
|-unboost|p2a: Ursaluna|atk|1
|-unboost|p2b: Amoonguss|atk|1
|turn|7
|inactive|GIRLHELL1998 has 30 seconds left.
|inactive|GIRLHELL1998 has 20 seconds left.
|inactive|GIRLHELL1998 has 15 seconds left.
|
|t:|1757650902
|move|p1b: Scrafty|Fake Out|p2a: Ursaluna
|-damage|p2a: Ursaluna|9/100 brn
|move|p2b: Amoonguss|Rage Powder|p2b: Amoonguss
|-singleturn|p2b: Amoonguss|move: Rage Powder
|move|p1a: Tyranitar|Tera Blast|p2b: Amoonguss|[anim] Tera Blast Flying
|-supereffective|p2b: Amoonguss
|-damage|p2b: Amoonguss|57/100
|cant|p2a: Ursaluna|flinch
|
|-damage|p2a: Ursaluna|3/100 brn|[from] brn
|upkeep
|turn|8
|
|t:|1757650918
|move|p2b: Amoonguss|Rage Powder|p2b: Amoonguss
|-singleturn|p2b: Amoonguss|move: Rage Powder
|move|p1a: Tyranitar|Rock Slide|p2a: Ursaluna|[spread] p2a,p2b
|-resisted|p2a: Ursaluna
|-damage|p2a: Ursaluna|0 fnt
|-damage|p2b: Amoonguss|43/100
|faint|p2a: Ursaluna
|move|p1b: Scrafty|Drain Punch|p2b: Amoonguss
|-resisted|p2b: Amoonguss
|-damage|p2b: Amoonguss|31/100
|-heal|p1b: Scrafty|21/100|[from] drain|[of] p2b: Amoonguss
|
|upkeep
|
|t:|1757650923
|switch|p2a: Porygon2|Porygon2, L50, shiny, tera:Fighting|2/100
|-ability|p2a: Porygon2|Download|boost
|-boost|p2a: Porygon2|atk|1
|-enditem|p1b: Scrafty|Mirror Herb
|-boost|p1b: Scrafty|atk|1|[from] item: Mirror Herb
|turn|9
|-message|GIRLHELL1998 forfeited.
|
|win|caseofxtc
|l|☆GIRLHELL1998
|player|p2|
||GIRLHELL1998 is ready for game 3.
||caseofxtc is ready for game 3.
|uhtml|next|Next: Game 3 of 3
|j|☆GIRLHELL1998
|player|p2|GIRLHELL1998|roxie|
|l|☆caseofxtc
|player|p1|
