|j|☆sorecruiser
|j|☆DrManbeast
|html|sorecruiserDrManbeast    
|uhtml|bestof|Game 1 of a best-of-3
|t:|1756523616
|gametype|doubles
|player|p1|sorecruiser|furisodegirl-black|1000
|player|p2|DrManbeast|101|1030
|gen|9
|tier|[Gen 9] VGC 2025 Reg H (Bo3)
|rated|
|rule|Species Clause: Limit one of each Pokémon
|rule|Item Clause: Limit 1 of each item
|clearpoke
|poke|p1|Clefable, L50, F|
|poke|p1|Garchomp, L50, F|
|poke|p1|Whimsicott, L50, F|
|poke|p1|Hydreigon, L50, M|
|poke|p1|Annihilape, L50, M|
|poke|p1|Gholdengo, L50|
|poke|p2|Sneasler, L50, F|
|poke|p2|Indeedee, L50, M|
|poke|p2|Baxcalibur, L50, M|
|poke|p2|Krookodile, L50, M|
|poke|p2|Magmortar, L50, M|
|poke|p2|Pawmot, L50, M|
|teampreview|4
|showteam|p1|Clefable||SitrusBerry|Unaware|FollowMe,Moonblast,MistyTerrain,Protect|||F|||50|,,,,,Water]Garchomp||LifeOrb|RoughSkin|StompingTantrum,DragonClaw,Earthquake,Protect|||F|||50|,,,,,Ground]Whimsicott||FocusSash|Prankster|Moonblast,Encore,Tailwind,SunnyDay|||F|||50|,,,,,Ghost]Hydreigon||ChoiceSpecs|Levitate|DarkPulse,DracoMeteor,Snarl,HeatWave|||M|||50|,,,,,Fire]Annihilape||Leftovers|Defiant|RageFist,DrainPunch,BulkUp,Protect|||M|||50|,,,,,Water]Gholdengo||IronPlate|GoodasGold|MakeItRain,ShadowBall,NastyPlot,Protect||||||50|,,,,,Steel
|showteam|p2|Sneasler||PsychicSeed|Unburden|CloseCombat,ThroatChop,Protect,Coaching|||F|||50|,,,,,Dark]Indeedee||ChoiceScarf|PsychicSurge|ExpandingForce,DazzlingGleam,ShadowBall,Trick|||M|||50|,,,,,Fairy]Baxcalibur||LoadedDice|ThermalExchange|IcicleSpear,ScaleShot,Protect,IceShard|||M|||50|,,,,,Poison]Krookodile||AssaultVest|Intimidate|CloseCombat,KnockOff,HighHorsepower,RockSlide|||M|||50|,,,,,Fire]Magmortar||SitrusBerry|FlameBody|FollowMe,WillOWisp,Overheat,Thunderbolt|||M|||50|,,,,,Grass]Pawmot||FocusSash|VoltAbsorb|FakeOut,CloseCombat,DoubleShock,RevivalBlessing|||M|||50|,,,,,Electric
|inactive|Battle timer is ON: inactive players will automatically lose when time's up. (requested by DrManbeast)
|inactive|sorecruiser has 60 seconds left.
|inactive|DrManbeast has 60 seconds left.
|
|t:|1756523654
|teamsize|p1|4
|teamsize|p2|4
|start
|switch|p1a: Clefable|Clefable, L50, F|100/100
|switch|p1b: Hydreigon|Hydreigon, L50, M|100/100
|switch|p2a: Sneasler|Sneasler, L50, F|100/100
|switch|p2b: Indeedee|Indeedee, L50, M|100/100
|-fieldstart|move: Psychic Terrain|[from] ability: Psychic Surge|[of] p2b: Indeedee
|-enditem|p2a: Sneasler|Psychic Seed
|-boost|p2a: Sneasler|spd|1|[from] item: Psychic Seed
|turn|1
|inactive|sorecruiser has 30 seconds left.
|inactive|DrManbeast has 30 seconds left.
|
|t:|1756523688
|-terastallize|p1b: Hydreigon|Fire
|move|p2a: Sneasler|Protect|p2a: Sneasler
|-singleturn|p2a: Sneasler|Protect
|move|p2b: Indeedee|Expanding Force|p1b: Hydreigon|[spread] p1a,p1b
|-damage|p1a: Clefable|54/100
|-damage|p1b: Hydreigon|42/100
|move|p1b: Hydreigon|Heat Wave|p2b: Indeedee|[spread] p2b
|-activate|p2a: Sneasler|move: Protect
|-damage|p2b: Indeedee|26/100
|move|p1a: Clefable|Misty Terrain|p1a: Clefable
|-fieldstart|move: Misty Terrain
|
|upkeep
|turn|2
|
|t:|1756523705
|move|p1a: Clefable|Follow Me|p1a: Clefable
|-singleturn|p1a: Clefable|move: Follow Me
|move|p2a: Sneasler|Close Combat|p1a: Clefable
|-resisted|p1a: Clefable
|-damage|p1a: Clefable|25/100
|-unboost|p2a: Sneasler|def|1
|-unboost|p2a: Sneasler|spd|1
|-enditem|p1a: Clefable|Sitrus Berry|[eat]
|-heal|p1a: Clefable|50/100|[from] item: Sitrus Berry
|move|p2b: Indeedee|Expanding Force|p1a: Clefable
|-damage|p1a: Clefable|17/100
|move|p1b: Hydreigon|Heat Wave|p2a: Sneasler|[spread] p2a,p2b
|-damage|p2a: Sneasler|20/100
|-damage|p2b: Indeedee|0 fnt
|faint|p2b: Indeedee
|
|upkeep
|
|t:|1756523719
|switch|p2b: Krookodile|Krookodile, L50, M|100/100
|-ability|p2b: Krookodile|Intimidate|boost
|-unboost|p1a: Clefable|atk|1
|-unboost|p1b: Hydreigon|atk|1
|turn|3
|
|t:|1756523729
|move|p2a: Sneasler|Protect|p2a: Sneasler
|-singleturn|p2a: Sneasler|Protect
|move|p1a: Clefable|Follow Me|p1a: Clefable
|-singleturn|p1a: Clefable|move: Follow Me
|move|p1b: Hydreigon|Heat Wave|p2a: Sneasler|[spread] 
|-activate|p2a: Sneasler|move: Protect
|-miss|p1b: Hydreigon|p2b: Krookodile
|move|p2b: Krookodile|Rock Slide|p1b: Hydreigon|[spread] p1a,p1b
|-supereffective|p1b: Hydreigon
|-damage|p1a: Clefable|2/100
|-damage|p1b: Hydreigon|0 fnt
|faint|p1b: Hydreigon
|
|upkeep
|
|t:|1756523738
|switch|p1b: Gholdengo|Gholdengo, L50|100/100
|turn|4
|
|t:|1756523747
|move|p1a: Clefable|Follow Me|p1a: Clefable
|-singleturn|p1a: Clefable|move: Follow Me
|move|p2a: Sneasler|Coaching|p2b: Krookodile
|-boost|p2b: Krookodile|atk|1
|-boost|p2b: Krookodile|def|1
|move|p2b: Krookodile|Rock Slide|p1b: Gholdengo|[spread] p1a,p1b
|-resisted|p1b: Gholdengo
|-damage|p1a: Clefable|0 fnt
|-damage|p1b: Gholdengo|87/100
|faint|p1a: Clefable
|cant|p1b: Gholdengo|flinch
|
|upkeep
|
|t:|1756523759
|switch|p1a: Annihilape|Annihilape, L50, M|100/100
|turn|5
|
|t:|1756523771
|move|p2a: Sneasler|Throat Chop|p1b: Gholdengo
|-supereffective|p1b: Gholdengo
|-damage|p1b: Gholdengo|19/100
|-start|p1b: Gholdengo|Throat Chop|[silent]
|move|p2b: Krookodile|Knock Off|p1b: Gholdengo
|-supereffective|p1b: Gholdengo
|-damage|p1b: Gholdengo|0 fnt
|-enditem|p1b: Gholdengo|Iron Plate|[from] move: Knock Off|[of] p2b: Krookodile
|faint|p1b: Gholdengo
|move|p1a: Annihilape|Bulk Up|p1a: Annihilape
|-boost|p1a: Annihilape|atk|1
|-boost|p1a: Annihilape|def|1
|
|-fieldend|Misty Terrain
|upkeep
|turn|6
|
|t:|1756523790
|move|p2a: Sneasler|Coaching|p2b: Krookodile
|-boost|p2b: Krookodile|atk|1
|-boost|p2b: Krookodile|def|1
|move|p2b: Krookodile|Knock Off|p1a: Annihilape
|-damage|p1a: Annihilape|41/100
|-enditem|p1a: Annihilape|Leftovers|[from] move: Knock Off|[of] p2b: Krookodile
|move|p1a: Annihilape|Rage Fist|p2a: Sneasler
|-damage|p2a: Sneasler|0 fnt
|faint|p2a: Sneasler
|
|upkeep
|
|t:|1756523800
|switch|p2a: Baxcalibur|Baxcalibur, L50, M|100/100
|turn|7
|
|t:|1756523816
|move|p2b: Krookodile|Knock Off|p1a: Annihilape
|-damage|p1a: Annihilape|0 fnt
|faint|p1a: Annihilape
|
|win|DrManbeast
||DrManbeast is ready for game 2.
||sorecruiser is ready for game 2.
|uhtml|next|Next: Game 2 of 3
|l|☆DrManbeast
|player|p2|
|l|☆sorecruiser
|player|p1|
|j|☆sorecruiser
|player|p1|sorecruiser|furisodegirl-black|
