|j|☆kris7443
|j|☆5GiftedCanariSubs
|html|kris74435GiftedCanariSubs    
|uhtml|bestof|Game 1 of a best-of-3
|t:|1784280728
|gametype|doubles
|player|p1|kris7443|teamrocket|1000
|player|p2|5GiftedCanariSubs|canari|1074
|gen|9
|tier|[Gen 9 Champions] VGC 2026 Reg M-B (Bo3)
|rated|
|rule|Species Clause: Limit one of each Pokémon
|rule|Item Clause: Limit 1 of each item
|clearpoke
|poke|p1|Sinistcha, L50|
|poke|p1|Whimsicott, L50, M|
|poke|p1|Raichu, L50, M|
|poke|p1|Gholdengo, L50|
|poke|p1|Eelektross, L50, F|
|poke|p1|Garchomp, L50, F|
|poke|p2|Tyranitar, L50, F|
|poke|p2|Staraptor, L50, M|
|poke|p2|Excadrill, L50, M|
|poke|p2|Milotic, L50, M|
|poke|p2|Sinistcha, L50|
|poke|p2|Gholdengo, L50|
|teampreview|4
|showteam|p1|Sinistcha||SitrusBerry|Hospitality|Imprison,TrickRoom,RagePowder,MatchaGotcha|Modest|||||50|]Whimsicott||FocusSash|Prankster|Encore,Tailwind,EnergyBall,Moonblast|Timid||M|||50|]Raichu||RaichuniteY|LightningRod|Protect,FocusBlast,VoltSwitch,ZapCannon|Timid||M|||50|]Gholdengo||ChoiceScarf|GoodasGold|MakeItRain,PowerGem,ShadowBall,FlashCannon|Timid|||||50|]Eelektross||Eelektrossite|Levitate|Discharge,Thunderbolt,DragonPulse,Flamethrower|Modest||F|||50|]Garchomp||LifeOrb|RoughSkin|Protect,Earthquake,DragonClaw,StompingTantrum|Jolly||F|||50|
|showteam|p2|Tyranitar||Tyranitarite|SandStream|RockSlide,KnockOff,HighHorsepower,Protect|Jolly||F|||50|]Staraptor||Staraptite|Intimidate|BraveBird,CloseCombat,Tailwind,Protect|Jolly||M|||50|]Excadrill||FocusSash|SandRush|RockSlide,HighHorsepower,IronHead,Protect|Jolly||M|||50|]Milotic||SitrusBerry|Competitive|Scald,IcyWind,Haze,Protect|Calm||M|||50|]Sinistcha||KasibBerry|Hospitality|MatchaGotcha,RagePowder,ShadowBall,Protect|Bold|||||50|]Gholdengo||LifeOrb|GoodasGold|MakeItRain,ShadowBall,NastyPlot,Protect|Modest|||||50|
|inactive|Battle timer is ON: inactive players will automatically lose when time's up. (requested by kris7443)
|inactive|kris7443 has 60 seconds left.
|inactive|5GiftedCanariSubs has 60 seconds left.
|inactive|kris7443 has 30 seconds left.
|inactive|kris7443 has 20 seconds left.
|inactive|kris7443 has 15 seconds left.
|
|t:|1784280813
|teamsize|p1|4
|teamsize|p2|4
|start
|switch|p1a: windy innit|Whimsicott, L50, M|100/100
|switch|p1b: miss me?|Raichu, L50, M|100/100
|switch|p2a: Excadrill|Excadrill, L50, M|100/100
|switch|p2b: Tyranitar|Tyranitar, L50, F|100/100
|-weather|Sandstorm|[from] ability: Sand Stream|[of] p2b: Tyranitar
|turn|1
|inactive|5GiftedCanariSubs has 30 seconds left.
|inactive|5GiftedCanariSubs has 20 seconds left.
|inactive|5GiftedCanariSubs has 15 seconds left.
|
|t:|1784280856
|switch|p2b: Sinistcha|Sinistcha, L50|100/100
|detailschange|p1b: miss me?|Raichu-Mega-Y, L50, M
|-mega|p1b: miss me?|Raichu|Raichunite Y
|move|p1b: miss me?|Protect|p1b: miss me?
|-singleturn|p1b: miss me?|Protect
|move|p2a: Excadrill|High Horsepower|p1b: miss me?
|-activate|p1b: miss me?|move: Protect
|move|p1a: windy innit|Energy Ball|p2a: Excadrill
|-damage|p2a: Excadrill|53/100
|
|-weather|Sandstorm|[upkeep]
|-damage|p1b: miss me?|94/100|[from] Sandstorm
|-damage|p1a: windy innit|94/100|[from] Sandstorm
|-damage|p2b: Sinistcha|94/100|[from] Sandstorm
|upkeep
|turn|2
|inactive|kris7443 has 30 seconds left.
|
|t:|1784280882
|move|p2b: Sinistcha|Rage Powder|p2b: Sinistcha
|-singleturn|p2b: Sinistcha|move: Rage Powder
|move|p1a: windy innit|Encore|p2a: Excadrill
|-start|p2a: Excadrill|Encore
|move|p2a: Excadrill|High Horsepower|p1b: miss me?
|-supereffective|p1b: miss me?|1
|-damage|p1b: miss me?|0 fnt
|faint|p1b: miss me?
|
|-weather|Sandstorm|[upkeep]
|-damage|p1a: windy innit|88/100|[from] Sandstorm
|-damage|p2b: Sinistcha|88/100|[from] Sandstorm
|upkeep
|
|t:|1784280893
|switch|p1b: GOAT|Garchomp, L50, F|100/100
|turn|3
|
|t:|1784280907
|switch|p2a: Milotic|Milotic, L50, M|100/100
|move|p1a: windy innit|Moonblast|p2b: Sinistcha
|-damage|p2b: Sinistcha|49/100
|move|p1b: GOAT|Dragon Claw|p2b: Sinistcha
|-damage|p2b: Sinistcha|9/100
|-damage|p1b: GOAT|90/100|[from] item: Life Orb
|move|p2b: Sinistcha|Matcha Gotcha|p1a: windy innit|[spread] p1a,p1b
|-resisted|p1a: windy innit|1
|-damage|p1a: windy innit|67/100
|-heal|p2b: Sinistcha|17/100|[from] drain|[of] p1a: windy innit
|-damage|p1b: GOAT|65/100
|-heal|p2b: Sinistcha|32/100|[from] drain|[of] p1b: GOAT
|
|-weather|Sandstorm|[upkeep]
|-damage|p1a: windy innit|61/100|[from] Sandstorm
|-damage|p2a: Milotic|94/100|[from] Sandstorm
|-damage|p2b: Sinistcha|26/100|[from] Sandstorm
|upkeep
|turn|4
|inactive|kris7443 has 30 seconds left.
|inactive|kris7443 has 20 seconds left.
|inactive|kris7443 has 15 seconds left.
|
|t:|1784280948
|move|p1b: GOAT|Protect|p1b: GOAT
|-singleturn|p1b: GOAT|Protect
|move|p2b: Sinistcha|Rage Powder|p2b: Sinistcha
|-singleturn|p2b: Sinistcha|move: Rage Powder
|move|p1a: windy innit|Moonblast|p2b: Sinistcha
|-damage|p2b: Sinistcha|0 fnt
|faint|p2b: Sinistcha
|move|p2a: Milotic|Icy Wind|p1a: windy innit|[spread] p1a
|-activate|p1b: GOAT|move: Protect
|-supereffective|p1a: windy innit|1
|-damage|p1a: windy innit|26/100
|-unboost|p1a: windy innit|spe|1
|
|-weather|Sandstorm|[upkeep]
|-damage|p1a: windy innit|20/100y|[from] Sandstorm
|-damage|p2a: Milotic|88/100|[from] Sandstorm
|upkeep
|
|t:|1784280956
|switch|p2b: Excadrill|Excadrill, L50, M|53/100
|turn|5
|
|t:|1784280969
|move|p2b: Excadrill|Protect|p2b: Excadrill
|-singleturn|p2b: Excadrill|Protect
|move|p1a: windy innit|Tailwind|p1a: windy innit
|-sidestart|p1: kris7443|move: Tailwind
|move|p1b: GOAT|Earthquake|p2a: Milotic|[spread] p1a,p2a
|-activate|p2b: Excadrill|move: Protect
|-resisted|p1a: windy innit|1
|-crit|p2a: Milotic
|-damage|p1a: windy innit|0 fnt
|-damage|p2a: Milotic|20/100y
|-enditem|p2a: Milotic|Sitrus Berry|[eat]
|-heal|p2a: Milotic|45/100|[from] item: Sitrus Berry
|faint|p1a: windy innit
|-damage|p1b: GOAT|55/100|[from] item: Life Orb
|move|p2a: Milotic|Icy Wind|p1b: GOAT
|-supereffective|p1b: GOAT|2
|-damage|p1b: GOAT|2/100
|-unboost|p1b: GOAT|spe|1
|
|-weather|none
|upkeep
|
|t:|1784280986
|switch|p1a: on me|Sinistcha, L50|100/100
|-heal|p1b: GOAT|26/100|[from] ability: Hospitality|[of] p1a: on me
|turn|6
|inactive|5GiftedCanariSubs has 30 seconds left.
|inactive|5GiftedCanariSubs has 20 seconds left.
|
|t:|1784281022
|switch|p2a: Tyranitar|Tyranitar, L50, F|100/100
|-weather|Sandstorm|[from] ability: Sand Stream|[of] p2a: Tyranitar
|move|p1b: GOAT|Protect|p1b: GOAT
|-singleturn|p1b: GOAT|Protect
|move|p2b: Excadrill|Iron Head|p1b: GOAT
|-activate|p1b: GOAT|move: Protect
|move|p1a: on me|Matcha Gotcha|p2b: Excadrill|[spread] p2a
|-miss|p1a: on me|p2b: Excadrill
|-supereffective|p2a: Tyranitar|1
|-damage|p2a: Tyranitar|67/100
|-status|p2a: Tyranitar|brn
|
|-weather|Sandstorm|[upkeep]
|-damage|p1a: on me|93/100|[from] Sandstorm
|-damage|p2a: Tyranitar|61/100 brn|[from] brn
|upkeep
|turn|7
|inactive|kris7443 has 30 seconds left.
|
|t:|1784281056
|move|p2b: Excadrill|Protect|p2b: Excadrill
|-singleturn|p2b: Excadrill|Protect
|move|p2a: Tyranitar|Protect|p2a: Tyranitar
|-singleturn|p2a: Tyranitar|Protect
|move|p1a: on me|Rage Powder|p1a: on me
|-singleturn|p1a: on me|move: Rage Powder
|move|p1b: GOAT|Earthquake|p2b: Excadrill|[spread] p1a
|-activate|p2a: Tyranitar|move: Protect
|-activate|p2b: Excadrill|move: Protect
|-resisted|p1a: on me|1
|-damage|p1a: on me|74/100
|-damage|p1b: GOAT|16/100|[from] item: Life Orb
|
|-weather|Sandstorm|[upkeep]
|-damage|p1a: on me|67/100|[from] Sandstorm
|-damage|p2a: Tyranitar|55/100 brn|[from] brn
|upkeep
|turn|8
|inactive|kris7443 has 30 seconds left.
|
|t:|1784281087
|detailschange|p2a: Tyranitar|Tyranitar-Mega, L50, F
|-mega|p2a: Tyranitar|Tyranitar|Tyranitarite
|move|p1a: on me|Rage Powder|p1a: on me
|-singleturn|p1a: on me|move: Rage Powder
|move|p2b: Excadrill|Iron Head|p1a: on me
|-damage|p1a: on me|30/100
|-enditem|p1a: on me|Sitrus Berry|[eat]
|-heal|p1a: on me|55/100|[from] item: Sitrus Berry
|move|p1b: GOAT|Earthquake|p2a: Tyranitar|[spread] p1a,p2a,p2b
|-resisted|p1a: on me|1
|-supereffective|p2a: Tyranitar|1
|-supereffective|p2b: Excadrill|1
|-damage|p1a: on me|33/100
|-damage|p2a: Tyranitar|0 fnt
|-damage|p2b: Excadrill|0 fnt
|faint|p2a: Tyranitar
|faint|p2b: Excadrill
|-damage|p1b: GOAT|7/100|[from] item: Life Orb
|
|-weather|Sandstorm|[upkeep]
|-damage|p1a: on me|27/100|[from] Sandstorm
|-sideend|p1: kris7443|move: Tailwind
|upkeep
|
|t:|1784281098
|switch|p2b: Milotic|Milotic, L50, M|45/100
|turn|9
|
|t:|1784281112
|move|p1b: GOAT|Protect|p1b: GOAT
|-singleturn|p1b: GOAT|Protect
|move|p2b: Milotic|Icy Wind|p1b: GOAT|[spread] p1a
|-activate|p1b: GOAT|move: Protect
|-supereffective|p1a: on me|1
|-damage|p1a: on me|5/100
|-unboost|p1a: on me|spe|1
|move|p1a: on me|Matcha Gotcha|p2b: Milotic
|-supereffective|p2b: Milotic|1
|-damage|p2b: Milotic|0 fnt
|-heal|p1a: on me|29/100|[from] drain|[of] p2b: Milotic
|faint|p2b: Milotic
|
|win|kris7443
