|j|☆sopa de moscas
|j|☆JvinsVGC
|html|sopa de moscasJvinsVGC    
|uhtml|bestof|Game 3 of a best-of-3
|t:|1783164262
|gametype|doubles
|player|p1|sopa de moscas|miku-ghost|1317
|player|p2|JvinsVGC|265|1356
|gen|9
|tier|[Gen 9 Champions] VGC 2026 Reg M-B (Bo3)
|rated|
|rule|Species Clause: Limit one of each Pokémon
|rule|Item Clause: Limit 1 of each item
|clearpoke
|poke|p1|Incineroar, L50, F|
|poke|p1|Farigiraf, L50, M|
|poke|p1|Torkoal, L50, F|
|poke|p1|Floette-Eternal, L50, F|
|poke|p1|Maushold-Four, L50|
|poke|p1|Golurk, L50|
|poke|p2|Staraptor, L50, M|
|poke|p2|Grimmsnarl, L50, M|
|poke|p2|Arcanine-Hisui, L50, M|
|poke|p2|Garchomp, L50, M|
|poke|p2|Gholdengo, L50|
|poke|p2|Maushold-Four, L50|
|teampreview|4
|showteam|p1|Incineroar||ChopleBerry|Intimidate|ThroatChop,FakeOut,FlareBlitz,PartingShot|Careful||F|||50|]Farigiraf||SitrusBerry|ArmorTail|Thunderbolt,Psychic,TrickRoom,Protect|Sassy||M|||50|]Torkoal||Charcoal|Drought|Eruption,HeatWave,WeatherBall,Protect|Quiet||F|||50|]Floette-Eternal||Floettite|FlowerVeil|Moonblast,DazzlingGleam,LightofRuin,Protect|Modest||F|||50|]Maushold-Four||WideLens|Technician|PopulationBomb,FollowMe,HelpingHand,Protect|Jolly|||||50|]Golurk||LifeOrb|NoGuard|HeadlongRush,Poltergeist,Protect,StoneEdge|Brave|||||50|
|showteam|p2|Staraptor||Staraptite|Intimidate|CloseCombat,BraveBird,Tailwind,Roost|Adamant||M|||50|]Grimmsnarl||LightClay|Prankster|LightScreen,Reflect,SpiritBreak,PartingShot|Careful||M|||50|]Arcanine-Hisui||HardStone|RockHead|FlareBlitz,RockSlide,HeadSmash,Protect|Adamant||M|||50|]Garchomp||SoftSand|RoughSkin|Earthquake,DragonClaw,SwordsDance,Protect|Adamant||M|||50|]Gholdengo||SitrusBerry|GoodasGold|MakeItRain,ShadowBall,NastyPlot,Protect|Modest|||||50|]Maushold-Four||FocusSash|FriendGuard|FollowMe,SuperFang,Charm,Protect|Timid|||||50|
|inactive|Battle timer is ON: inactive players will automatically lose when time's up. (requested by sopa de moscas)
|inactive|sopa de moscas has 60 seconds left.
|inactive|JvinsVGC has 60 seconds left.
|
|t:|1783164332
|teamsize|p1|4
|teamsize|p2|4
|start
|switch|p1a: Incineroar|Incineroar, L50, F|100/100
|switch|p1b: Farigiraf|Farigiraf, L50, M|100/100
|switch|p2a: Arcanine|Arcanine-Hisui, L50, M|100/100
|switch|p2b: Maushold|Maushold-Four, L50|100/100
|-ability|p1a: Incineroar|Intimidate|boost
|-unboost|p2a: Arcanine|atk|1
|-unboost|p2b: Maushold|atk|1
|turn|1
|
|t:|1783164349
|move|p1a: Incineroar|Fake Out|p2b: Maushold
|-damage|p2b: Maushold|85/100
|cant|p2b: Maushold|flinch
|move|p2a: Arcanine|Rock Slide|p1b: Farigiraf|[spread] p1a,p1b
|-supereffective|p1a: Incineroar|1
|-damage|p1a: Incineroar|60/100
|-damage|p1b: Farigiraf|80/100
|cant|p1b: Farigiraf|flinch
|
|upkeep
|turn|2
|
|t:|1783164366
|move|p2b: Maushold|Super Fang|p1b: Farigiraf
|-damage|p1b: Farigiraf|40/100
|-enditem|p1b: Farigiraf|Sitrus Berry|[eat]
|-heal|p1b: Farigiraf|64/100|[from] item: Sitrus Berry
|move|p2a: Arcanine|Head Smash|p1b: Farigiraf
|-damage|p1b: Farigiraf|11/100
|move|p1a: Incineroar|Parting Shot|p2b: Maushold
|-unboost|p2b: Maushold|atk|1
|-unboost|p2b: Maushold|spa|1
|
|t:|1783164374
|switch|p1a: Torkoal|Torkoal, L50, F|100/100|[from] Parting Shot
|-weather|SunnyDay|[from] ability: Drought|[of] p1a: Torkoal
|move|p1b: Farigiraf|Trick Room|p1b: Farigiraf
|-fieldstart|move: Trick Room|[of] p1b: Farigiraf
|
|-weather|SunnyDay|[upkeep]
|upkeep
|turn|3
|
|t:|1783164382
|move|p2b: Maushold|Protect|p2b: Maushold
|-singleturn|p2b: Maushold|Protect
|move|p1a: Torkoal|Eruption|p2b: Maushold|[spread] p2a
|-activate|p2b: Maushold|move: Protect
|-resisted|p2a: Arcanine|2
|-damage|p2a: Arcanine|81/100
|move|p1b: Farigiraf|Psychic|p2a: Arcanine
|-damage|p2a: Arcanine|50/100g
|move|p2a: Arcanine|Rock Slide|p1a: Torkoal|[spread] p1a,p1b
|-supereffective|p1a: Torkoal|1
|-damage|p1a: Torkoal|64/100
|-damage|p1b: Farigiraf|0 fnt
|faint|p1b: Farigiraf
|
|-weather|SunnyDay|[upkeep]
|upkeep
|inactive|sopa de moscas has 30 seconds left.
|
|t:|1783164407
|switch|p1b: Incineroar|Incineroar, L50, F|60/100
|-ability|p1b: Incineroar|Intimidate|boost
|-unboost|p2a: Arcanine|atk|1
|-unboost|p2b: Maushold|atk|1
|turn|4
|
|t:|1783164422
|move|p2a: Arcanine|Protect|p2a: Arcanine
|-singleturn|p2a: Arcanine|Protect
|move|p1a: Torkoal|Eruption|p2a: Arcanine|[spread] p2b
|-activate|p2a: Arcanine|move: Protect
|-damage|p2b: Maushold|11/100
|move|p1b: Incineroar|Throat Chop|p2a: Arcanine
|-activate|p2a: Arcanine|move: Protect
|move|p2b: Maushold|Super Fang|p1a: Torkoal
|-damage|p1a: Torkoal|32/100
|
|-weather|SunnyDay|[upkeep]
|upkeep
|turn|5
|inactive|JvinsVGC has 30 seconds left.
|
|t:|1783164453
|switch|p2a: Grimmsnarl|Grimmsnarl, L50, M|100/100
|move|p2b: Maushold|Protect|p2b: Maushold
|-singleturn|p2b: Maushold|Protect
|move|p1a: Torkoal|Heat Wave|p2a: Grimmsnarl|[spread] p2a
|-activate|p2b: Maushold|move: Protect
|-damage|p2a: Grimmsnarl|66/100
|move|p1b: Incineroar|Throat Chop|p2a: Grimmsnarl
|-resisted|p2a: Grimmsnarl|2
|-damage|p2a: Grimmsnarl|60/100
|-start|p2a: Grimmsnarl|Throat Chop|[silent]
|
|-weather|SunnyDay|[upkeep]
|upkeep
|turn|6
|
|t:|1783164472
|switch|p2b: Arcanine|Arcanine-Hisui, L50, M|50/100g
|move|p2a: Grimmsnarl|Light Screen|p2a: Grimmsnarl
|-sidestart|p2: JvinsVGC|move: Light Screen
|move|p1a: Torkoal|Heat Wave|p2b: Arcanine|[spread] p2a,p2b
|-resisted|p2b: Arcanine|2
|-damage|p2a: Grimmsnarl|29/100
|-damage|p2b: Arcanine|41/100
|move|p1b: Incineroar|Parting Shot|p2a: Grimmsnarl
|-unboost|p2a: Grimmsnarl|atk|1
|-unboost|p2a: Grimmsnarl|spa|1
|
|t:|1783164477
|switch|p1b: Floette|Floette-Eternal, L50, F|100/100|[from] Parting Shot
|
|-weather|none
|-end|p2a: Grimmsnarl|Throat Chop|[silent]
|-fieldend|move: Trick Room
|upkeep
|turn|7
|
|t:|1783164498
|switch|p1a: Incineroar|Incineroar, L50, F|60/100
|-ability|p1a: Incineroar|Intimidate|boost
|-unboost|p2a: Grimmsnarl|atk|1
|-unboost|p2b: Arcanine|atk|1
|detailschange|p1b: Floette|Floette-Mega, L50, F
|-mega|p1b: Floette|Floette|Floettite
|-ability|p1b: Floette|Fairy Aura
|move|p2a: Grimmsnarl|Parting Shot|p1b: Floette
|-unboost|p1b: Floette|atk|1
|-unboost|p1b: Floette|spa|1
|inactive|JvinsVGC has 30 seconds left.
|
|t:|1783164524
|switch|p2a: Maushold|Maushold-Four, L50|11/100|[from] Parting Shot
|move|p1b: Floette|Dazzling Gleam|p2b: Arcanine|[spread] p2a,p2b
|-resisted|p2b: Arcanine|1
|-damage|p2a: Maushold|0 fnt
|-damage|p2b: Arcanine|31/100
|faint|p2a: Maushold
|move|p2b: Arcanine|Rock Slide|p1a: Incineroar|[spread] p1a,p1b
|-supereffective|p1a: Incineroar|1
|-damage|p1a: Incineroar|20/100y
|-damage|p1b: Floette|73/100
|
|upkeep
|
|t:|1783164536
|switch|p2a: Gholdengo|Gholdengo, L50|100/100
|turn|8
|
|t:|1783164555
|move|p2b: Arcanine|Protect|p2b: Arcanine
|-singleturn|p2b: Arcanine|Protect
|move|p1b: Floette|Light of Ruin|p2b: Arcanine
|-activate|p2b: Arcanine|move: Protect
|move|p2a: Gholdengo|Make It Rain|p1b: Floette|[spread] p1a,p1b
|-resisted|p1a: Incineroar|1
|-supereffective|p1b: Floette|1
|-damage|p1a: Incineroar|0 fnt
|-damage|p1b: Floette|1/100
|-unboost|p2a: Gholdengo|spa|2
|faint|p1a: Incineroar
|
|upkeep
|
|t:|1783164560
|switch|p1a: Torkoal|Torkoal, L50, F|32/100
|-weather|SunnyDay|[from] ability: Drought|[of] p1a: Torkoal
|turn|9
|
|t:|1783164576
|move|p1b: Floette|Protect|p1b: Floette
|-singleturn|p1b: Floette|Protect
|move|p2b: Arcanine|Rock Slide|p1a: Torkoal|[spread] p1a
|-activate|p1b: Floette|move: Protect
|-supereffective|p1a: Torkoal|1
|-damage|p1a: Torkoal|0 fnt
|faint|p1a: Torkoal
|move|p2a: Gholdengo|Shadow Ball|p1b: Floette
|-activate|p1b: Floette|move: Protect
|
|-weather|SunnyDay|[upkeep]
|upkeep
|turn|10
|-message|sopa de moscas forfeited.
|
|win|JvinsVGC
|raw|sopa de moscas's rating: 1317 → 1299(-18 for losing)
|raw|JvinsVGC's rating: 1356 → 1374(+18 for winning)
|l|☆sopa de moscas
|player|p1|
|l|☆JvinsVGC
|player|p2|
|j|☆sopa de moscas
|player|p1|sopa de moscas|miku-ghost|
