|j|☆CavaliereIsSoPeak
|j|☆PutoLen34
|html|CavaliereIsSoPeakPutoLen34    
|uhtml|bestof|Game 2 of a best-of-3
|t:|1756828718
|gametype|doubles
|player|p1|CavaliereIsSoPeak|gambler|
|player|p2|PutoLen34|preschooler|
|gen|9
|tier|[Gen 9] VGC 2025 Reg H (Bo3)
|rule|Species Clause: Limit one of each Pokémon
|rule|Item Clause: Limit 1 of each item
|clearpoke
|poke|p1|Volcarona, L50, M|
|poke|p1|Rillaboom, L50, M|
|poke|p1|Sneasler, L50, F|
|poke|p1|Dragonite, L50, M|
|poke|p1|Ursaluna-Bloodmoon, L50, M|
|poke|p1|Whimsicott, L50, F|
|poke|p2|Primeape, L50, F|
|poke|p2|Smeargle, L50, F|
|poke|p2|Krookodile, L50, M|
|poke|p2|Cryogonal, L50|
|poke|p2|Gholdengo, L50|
|poke|p2|Whimsicott, L50, M|
|teampreview|4
|showteam|p1|Volcarona||SitrusBerry|FlameBody|HeatWave,TeraBlast,QuiverDance,Protect|||M|||50|,,,,,Fairy]Rillaboom||AssaultVest|GrassySurge|WoodHammer,GrassyGlide,FakeOut,Uturn|||M|||50|,,,,,Fire]Sneasler||FocusSash|Unburden|DireClaw,CloseCombat,ThroatChop,Protect|||F|||50|,,,,,Dark]Dragonite||LoadedDice|Multiscale|ScaleShot,ExtremeSpeed,Haze,Protect|||M|||50|,,,,,Steel]Ursaluna-Bloodmoon||LifeOrb|MindsEye|BloodMoon,HyperVoice,EarthPower,Protect|||M|||50|,,,,,Normal]Whimsicott||CovertCloak|Prankster|Moonblast,Tailwind,Encore,Taunt|||F|||50|,,,,,Poison
|showteam|p2|Primeape||Eviolite|AngerPoint|DrainPunch,RageFist,Taunt,Protect|||F|||50|,,,,,Ghost]Smeargle||FocusSash|Moody|FakeOut,FollowMe,Spore,WickedBlow|||F|||50|,,,,,Ghost]Krookodile||AssaultVest|AngerPoint|Earthquake,HighHorsepower,PowerTrip,RockSlide|||M|||50|,,,,,Fire]Cryogonal||CovertCloak|Levitate|FrostBreath,IcyWind,Haze,FreezeDry||||||50|,,,,,Fairy]Gholdengo||WeaknessPolicy|GoodasGold|MakeItRain,ShadowBall,NastyPlot,Protect||||||50|,,,,,Water]Whimsicott||ScopeLens|Prankster|Tailwind,Taunt,BeatUp,Moonblast|||M|||50|,,,,,Ghost
|j| subhamcheee
|l| subhamcheee
|
|t:|1756828798
|teamsize|p1|4
|teamsize|p2|4
|start
|switch|p1a: Mary|Whimsicott, L50, F|100/100
|switch|p1b: Sylva|Rillaboom, L50, M|100/100
|switch|p2a: Gordibuena|Whimsicott, L50, M|100/100
|switch|p2b: Perro Sanxe|Smeargle, L50, F|100/100
|-fieldstart|move: Grassy Terrain|[from] ability: Grassy Surge|[of] p1b: Sylva
|turn|1
|
|t:|1756828835
|move|p2b: Perro Sanxe|Fake Out|p1b: Sylva
|-damage|p1b: Sylva|96/100
|move|p2a: Gordibuena|Taunt|p1a: Mary
|-start|p1a: Mary|move: Taunt
|cant|p1a: Mary|move: Taunt|Tailwind
|cant|p1b: Sylva|flinch
|
|-heal|p1b: Sylva|100/100|[from] Grassy Terrain
|-ability|p2b: Perro Sanxe|Moody|boost
|-boost|p2b: Perro Sanxe|atk|2
|-unboost|p2b: Perro Sanxe|spa|1
|upkeep
|turn|2
|
|t:|1756828858
|switch|p2b: Melon Husk|Gholdengo, L50|100/100
|move|p2a: Gordibuena|Tailwind|p2a: Gordibuena
|-sidestart|p2: PutoLen34|move: Tailwind
|move|p1b: Sylva|Grassy Glide|p2b: Melon Husk
|-resisted|p2b: Melon Husk
|-damage|p2b: Melon Husk|85/100
|move|p1a: Mary|Moonblast|p2b: Melon Husk
|-resisted|p2b: Melon Husk
|-damage|p2b: Melon Husk|72/100
|-unboost|p2b: Melon Husk|spa|1
|
|-heal|p2b: Melon Husk|78/100|[from] Grassy Terrain
|upkeep
|turn|3
|
|t:|1756828889
|switch|p1a: Dante|Volcarona, L50, M|100/100
|move|p2a: Gordibuena|Beat Up|p2b: Melon Husk
|-supereffective|p2b: Melon Husk
|-damage|p2b: Melon Husk|74/100
|-enditem|p2b: Melon Husk|Weakness Policy
|-boost|p2b: Melon Husk|atk|2|[from] item: Weakness Policy
|-boost|p2b: Melon Husk|spa|2|[from] item: Weakness Policy
|-supereffective|p2b: Melon Husk
|-damage|p2b: Melon Husk|70/100
|-supereffective|p2b: Melon Husk
|-damage|p2b: Melon Husk|68/100
|-supereffective|p2b: Melon Husk
|-damage|p2b: Melon Husk|62/100
|-hitcount|p2b: Melon Husk|4
|move|p2b: Melon Husk|Nasty Plot|p2b: Melon Husk
|-boost|p2b: Melon Husk|spa|2
|move|p1b: Sylva|U-turn|p2a: Gordibuena
|-damage|p2a: Gordibuena|72/100
|
|t:|1756828926
|switch|p1b: Mary|Whimsicott, L50, F|100/100|[from] U-turn
|
|-heal|p2a: Gordibuena|78/100|[from] Grassy Terrain
|-heal|p2b: Melon Husk|69/100|[from] Grassy Terrain
|upkeep
|turn|4
|inactive|Battle timer is ON: inactive players will automatically lose when time's up. (requested by CavaliereIsSoPeak)
|
|t:|1756828980
|switch|p1b: Sylva|Rillaboom, L50, M|100/100
|switch|p1a: D'oro|Sneasler, L50, F|100/100
|-terastallize|p2b: Melon Husk|Water
|move|p2a: Gordibuena|Taunt|p1b: Sylva
|-start|p1b: Sylva|move: Taunt
|move|p2b: Melon Husk|Make It Rain|p1b: Sylva|[spread] p1a,p1b
|-enditem|p1a: D'oro|Focus Sash
|-damage|p1a: D'oro|1/100
|-damage|p1b: Sylva|18/100
|-unboost|p2b: Melon Husk|spa|1
|
|-heal|p2a: Gordibuena|84/100|[from] Grassy Terrain
|-heal|p1a: D'oro|7/100|[from] Grassy Terrain
|-heal|p2b: Melon Husk|75/100|[from] Grassy Terrain
|-heal|p1b: Sylva|24/100|[from] Grassy Terrain
|upkeep
|turn|5
|inactive|CavaliereIsSoPeak has 30 seconds left.
|inactive|PutoLen34 has 30 seconds left.
|inactive|CavaliereIsSoPeak has 20 seconds left.
|inactive|PutoLen34 has 20 seconds left.
|inactive|PutoLen34 has 15 seconds left.
|inactive|PutoLen34 has 10 seconds left.
|
|t:|1756829029
|move|p2b: Melon Husk|Protect|p2b: Melon Husk
|-singleturn|p2b: Melon Husk|Protect
|move|p1b: Sylva|Fake Out|p2a: Gordibuena
|-damage|p2a: Gordibuena|66/100
|cant|p2a: Gordibuena|flinch
|move|p1a: D'oro|Dire Claw|p2a: Gordibuena
|-supereffective|p2a: Gordibuena
|-damage|p2a: Gordibuena|0 fnt
|faint|p2a: Gordibuena
|
|-heal|p1a: D'oro|13/100|[from] Grassy Terrain
|-heal|p2b: Melon Husk|81/100|[from] Grassy Terrain
|-heal|p1b: Sylva|30/100|[from] Grassy Terrain
|-sideend|p2: PutoLen34|move: Tailwind
|-fieldend|move: Grassy Terrain
|upkeep
|
|t:|1756829041
|switch|p2a: Perro Sanxe|Smeargle, L50, F|100/100
|turn|6
|inactive|PutoLen34 has 30 seconds left.
|
|t:|1756829073
|switch|p1b: Mary|Whimsicott, L50, F|100/100
|move|p1a: D'oro|Protect|p1a: D'oro
|-singleturn|p1a: D'oro|Protect
|move|p2a: Perro Sanxe|Fake Out|p1a: D'oro
|-activate|p1a: D'oro|move: Protect
|move|p2b: Melon Husk|Shadow Ball|p1b: Mary
|-damage|p1b: Mary|0 fnt
|faint|p1b: Mary
|
|-ability|p2a: Perro Sanxe|Moody|boost
|-boost|p2a: Perro Sanxe|spd|2
|-unboost|p2a: Perro Sanxe|def|1
|upkeep
|
|t:|1756829082
|switch|p1b: Sylva|Rillaboom, L50, M|30/100
|-fieldstart|move: Grassy Terrain|[from] ability: Grassy Surge|[of] p1b: Sylva
|turn|7
|inactive|PutoLen34 has 30 seconds left.
|
|t:|1756829116
|move|p1b: Sylva|Fake Out|p2a: Perro Sanxe
|-damage|p2a: Perro Sanxe|48/100
|cant|p2a: Perro Sanxe|flinch
|move|p1a: D'oro|Close Combat|p2b: Melon Husk
|-damage|p2b: Melon Husk|23/100
|-unboost|p1a: D'oro|def|1
|-unboost|p1a: D'oro|spd|1
|move|p2b: Melon Husk|Make It Rain|p1a: D'oro|[spread] p1a,p1b
|-crit|p1b: Sylva
|-damage|p1a: D'oro|0 fnt
|-damage|p1b: Sylva|0 fnt
|-unboost|p2b: Melon Husk|spa|1
|faint|p1a: D'oro
|faint|p1b: Sylva
|
|-heal|p2a: Perro Sanxe|54/100|[from] Grassy Terrain
|-heal|p2b: Melon Husk|29/100|[from] Grassy Terrain
|-ability|p2a: Perro Sanxe|Moody|boost
|-boost|p2a: Perro Sanxe|spa|2
|-unboost|p2a: Perro Sanxe|atk|1
|upkeep
|
|t:|1756829123
|switch|p1b: Dante|Volcarona, L50, M|100/100
|turn|8
|inactive|PutoLen34 has 30 seconds left.
|
|t:|1756829150
|move|p1b: Dante|Heat Wave|p2a: Perro Sanxe|[spread] p2a,p2b
|-resisted|p2b: Melon Husk
|-damage|p2a: Perro Sanxe|19/100
|-damage|p2b: Melon Husk|12/100
|move|p2a: Perro Sanxe|Spore|p1b: Dante
|-status|p1b: Dante|slp|[from] move: Spore
|move|p2b: Melon Husk|Nasty Plot|p2b: Melon Husk
|-boost|p2b: Melon Husk|spa|2
|
|-heal|p2a: Perro Sanxe|25/100|[from] Grassy Terrain
|-heal|p2b: Melon Husk|18/100|[from] Grassy Terrain
|-ability|p2a: Perro Sanxe|Moody|boost
|-boost|p2a: Perro Sanxe|def|2
|-unboost|p2a: Perro Sanxe|spd|1
|upkeep
|turn|9
|inactive|PutoLen34 has 30 seconds left.
|inactive|PutoLen34 has 20 seconds left.
|
|t:|1756829185
|move|p2a: Perro Sanxe|Follow Me|p2a: Perro Sanxe
|-singleturn|p2a: Perro Sanxe|move: Follow Me
|cant|p1b: Dante|slp
|move|p2b: Melon Husk|Shadow Ball|p1b: Dante
|-damage|p1b: Dante|0 fnt
|faint|p1b: Dante
|
|win|PutoLen34
|l|☆CavaliereIsSoPeak
|player|p1|
