|j|☆Edmondantes97
|j|☆SRareFox
|html|Edmondantes97SRareFox    
|uhtml|bestof|Game 1 of a best-of-3
|t:|1757674385
|gametype|doubles
|player|p1|Edmondantes97|lucas|1040
|player|p2|SRareFox|170|1159
|gen|9
|tier|[Gen 9] VGC 2025 Reg H (Bo3)
|rated|
|rule|Species Clause: Limit one of each Pokémon
|rule|Item Clause: Limit 1 of each item
|clearpoke
|poke|p1|Serperior, L50, M|
|poke|p1|Ampharos, L50, F|
|poke|p1|Chandelure, L50, M|
|poke|p1|Incineroar, L50, F|
|poke|p1|Ninetales-Alola, L50, M|
|poke|p1|Gliscor, L50, M|
|poke|p2|Indeedee-F, L50, F|
|poke|p2|Gallade, L50, M|
|poke|p2|Hatterene, L50, F|
|poke|p2|Ursaluna, L50, M|
|poke|p2|Torkoal, L50, M|
|poke|p2|Porygon2, L50|
|teampreview|4
|showteam|p1|Serperior||Leftovers|Contrary|LeafStorm,Protect,Substitute,LeechSeed|||M|||50|,,,,,Poison]Ampharos||ChoiceSpecs|Static|DazzlingGleam,Thunderbolt,Discharge,VoltSwitch|||F|||50|,,,,,Fairy]Chandelure||FocusSash|FlashFire|HeatWave,ShadowBall,TrickRoom,Overheat|||M|||50|,,,,,Grass]Incineroar||AssaultVest|Intimidate|FakeOut,Uturn,KnockOff,FlareBlitz|||F|||50|,,,,,Ghost]Ninetales-Alola||LightClay|SnowWarning|Moonblast,AuroraVeil,IcyWind,Protect|||M|||50|,,,,,Water]Gliscor||ToxicOrb|PoisonHeal|SwordsDance,Acrobatics,Protect,HighHorsepower|||M|||50|,,,,,Normal
|showteam|p2|Indeedee-F||SafetyGoggles|PsychicSurge|Psychic,FollowMe,TrickRoom,HelpingHand|||F|||50|,,,,,Water]Gallade||ClearAmulet|Sharpness|PsychoCut,SacredSword,TrickRoom,WideGuard|||M|||50|,,,,,Grass]Hatterene||LifeOrb|MagicBounce|ExpandingForce,DazzlingGleam,TrickRoom,MysticalFire|||F|||50|,,,,,Fire]Ursaluna||FlameOrb|Guts|Facade,HeadlongRush,Earthquake,Protect|||M|||50|,,,,,Ghost]Torkoal||Charcoal|Drought|Eruption,WeatherBall,ClearSmog,Protect|||M|||50|,,,,,Fire]Porygon2||Eviolite|Download|IceBeam,TeraBlast,TrickRoom,Recover||||||50|,,,,,Flying
|inactive|Battle timer is ON: inactive players will automatically lose when time's up. (requested by SRareFox)
|inactive|Edmondantes97 has 60 seconds left.
|inactive|SRareFox has 60 seconds left.
|
|t:|1757674439
|teamsize|p1|4
|teamsize|p2|4
|start
|switch|p1a: Serperior|Serperior, L50, M|100/100
|switch|p1b: Incineroar|Incineroar, L50, F|100/100
|switch|p2a: Indeedee|Indeedee-F, L50, F|100/100
|switch|p2b: Gallade|Gallade, L50, M|100/100
|-ability|p1b: Incineroar|Intimidate|boost
|-unboost|p2a: Indeedee|atk|1
|-fail|p2b: Gallade|unboost|[from] item: Clear Amulet|[of] p2b: Gallade
|-fieldstart|move: Psychic Terrain|[from] ability: Psychic Surge|[of] p2a: Indeedee
|turn|1
|inactive|Edmondantes97 has 30 seconds left.
|inactive|SRareFox has 30 seconds left.
|inactive|SRareFox has 20 seconds left.
|inactive|SRareFox has 15 seconds left.
|inactive|SRareFox has 10 seconds left.
|
|t:|1757674496
|move|p2a: Indeedee|Follow Me|p2a: Indeedee
|-singleturn|p2a: Indeedee|move: Follow Me
|move|p1a: Serperior|Substitute|p1a: Serperior
|-start|p1a: Serperior|Substitute
|-damage|p1a: Serperior|76/100
|move|p1b: Incineroar|U-turn|p2a: Indeedee
|-supereffective|p2a: Indeedee
|-damage|p2a: Indeedee|59/100
|
|t:|1757674502
|switch|p1b: Chandelure|Chandelure, L50, M|100/100|[from] U-turn
|move|p2b: Gallade|Trick Room|p2b: Gallade
|-fieldstart|move: Trick Room|[of] p2b: Gallade
|
|-heal|p1a: Serperior|82/100|[from] item: Leftovers
|upkeep
|turn|2
|inactive|SRareFox has 30 seconds left.
|inactive|SRareFox has 20 seconds left.
|inactive|SRareFox has 15 seconds left.
|
|t:|1757674547
|move|p2b: Gallade|Sacred Sword|p1a: Serperior
|-end|p1a: Serperior|Substitute
|move|p2a: Indeedee|Psychic|p1b: Chandelure
|-damage|p1b: Chandelure|56/100
|move|p1b: Chandelure|Shadow Ball|p2b: Gallade
|-supereffective|p2b: Gallade
|-damage|p2b: Gallade|11/100
|move|p1a: Serperior|Leech Seed|p2a: Indeedee
|-start|p2a: Indeedee|move: Leech Seed
|
|-heal|p1a: Serperior|88/100|[from] item: Leftovers
|-damage|p2a: Indeedee|46/100|[from] Leech Seed|[of] p1a: Serperior
|-heal|p1a: Serperior|99/100|[silent]
|upkeep
|turn|3
|inactive|SRareFox has 30 seconds left.
|inactive|Edmondantes97 has 30 seconds left.
|
|t:|1757674583
|switch|p2a: Hatterene|Hatterene, L50, F|100/100
|switch|p1b: Incineroar|Incineroar, L50, F|100/100
|-ability|p1b: Incineroar|Intimidate|boost
|-unboost|p2a: Hatterene|atk|1
|-fail|p2b: Gallade|unboost|[from] item: Clear Amulet|[of] p2b: Gallade
|move|p1a: Serperior|Protect|p1a: Serperior
|-singleturn|p1a: Serperior|Protect
|move|p2b: Gallade|Psycho Cut|p1b: Incineroar
|-immune|p1b: Incineroar
|
|-heal|p1a: Serperior|100/100|[from] item: Leftovers
|upkeep
|turn|4
|inactive|Edmondantes97 has 30 seconds left.
|inactive|Edmondantes97 has 20 seconds left.
|
|t:|1757674620
|switch|p1a: Chandelure|Chandelure, L50, M|56/100
|-terastallize|p1b: Incineroar|Ghost
|move|p2a: Hatterene|Expanding Force|p1a: Chandelure|[spread] p1a,p1b
|-damage|p1a: Chandelure|0 fnt
|-damage|p1b: Incineroar|43/100
|faint|p1a: Chandelure
|-damage|p2a: Hatterene|91/100|[from] item: Life Orb
|move|p2b: Gallade|Sacred Sword|p1b: Incineroar
|-immune|p1b: Incineroar
|move|p1b: Incineroar|Knock Off|p2a: Hatterene
|-damage|p2a: Hatterene|38/100
|-enditem|p2a: Hatterene|Life Orb|[from] move: Knock Off|[of] p1b: Incineroar
|
|upkeep
|
|t:|1757674635
|switch|p1a: Serperior|Serperior, L50, M|100/100
|turn|5
|inactive|SRareFox has 30 seconds left.
|inactive|SRareFox has 20 seconds left.
|
|t:|1757674671
|switch|p2b: Indeedee|Indeedee-F, L50, F|46/100
|switch|p1b: Ninetales|Ninetales-Alola, L50, M|100/100
|-weather|Snowscape|[from] ability: Snow Warning|[of] p1b: Ninetales
|move|p1a: Serperior|Protect|p1a: Serperior
|-singleturn|p1a: Serperior|Protect
|move|p2a: Hatterene|Expanding Force|p1b: Ninetales|[spread] p1b
|-activate|p1a: Serperior|move: Protect
|-damage|p1b: Ninetales|27/100
|
|-weather|Snowscape|[upkeep]
|-fieldend|move: Trick Room
|-fieldend|move: Psychic Terrain
|upkeep
|turn|6
|inactive|Edmondantes97 has 30 seconds left.
|inactive|SRareFox has 30 seconds left.
|
|t:|1757674698
|move|p2b: Indeedee|Follow Me|p2b: Indeedee
|-singleturn|p2b: Indeedee|move: Follow Me
|move|p1a: Serperior|Leaf Storm|p2b: Indeedee
|-damage|p2b: Indeedee|12/100
|-boost|p1a: Serperior|spa|2
|move|p1b: Ninetales|Aurora Veil|p1b: Ninetales
|-sidestart|p1: Edmondantes97|move: Aurora Veil
|move|p2a: Hatterene|Trick Room|p2a: Hatterene
|-fieldstart|move: Trick Room|[of] p2a: Hatterene
|
|-weather|Snowscape|[upkeep]
|upkeep
|turn|7
|inactive|SRareFox has 30 seconds left.
|inactive|SRareFox has 20 seconds left.
|inactive|SRareFox has 15 seconds left.
|
|t:|1757674742
|switch|p2b: Torkoal|Torkoal, L50, M|100/100
|-weather|SunnyDay|[from] ability: Drought|[of] p2b: Torkoal
|move|p2a: Hatterene|Mystical Fire|p1b: Ninetales
|-supereffective|p1b: Ninetales
|-crit|p1b: Ninetales
|-damage|p1b: Ninetales|0 fnt
|faint|p1b: Ninetales
|move|p1a: Serperior|Leaf Storm|p2a: Hatterene
|-damage|p2a: Hatterene|0 fnt
|-boost|p1a: Serperior|spa|2
|faint|p2a: Hatterene
|
|-weather|SunnyDay|[upkeep]
|upkeep
|
|t:|1757674757
|switch|p2a: Gallade|Gallade, L50, M|11/100
|switch|p1b: Incineroar|Incineroar, L50, F, tera:Ghost|43/100
|-ability|p1b: Incineroar|Intimidate|boost
|-fail|p2a: Gallade|unboost|[from] item: Clear Amulet|[of] p2a: Gallade
|-unboost|p2b: Torkoal|atk|1
|turn|8
|
|t:|1757674780
|switch|p2a: Indeedee|Indeedee-F, L50, F|12/100
|-fieldstart|move: Psychic Terrain|[from] ability: Psychic Surge|[of] p2a: Indeedee
|-terastallize|p2b: Torkoal|Fire
|move|p2b: Torkoal|Eruption|p1a: Serperior|[spread] p1a,p1b
|-supereffective|p1a: Serperior
|-damage|p1a: Serperior|0 fnt
|-damage|p1b: Incineroar|0 fnt
|faint|p1a: Serperior
|faint|p1b: Incineroar
|
|win|SRareFox
|inactive|Edmondantes97 has 30 seconds to confirm battle start!
|inactive|SRareFox has 30 seconds to confirm battle start!
||SRareFox is ready for game 2.
||Edmondantes97 is ready for game 2.
|uhtml|next|Next: Game 2 of 3
