|j|☆2cmdemaximopoder
|j|☆4wobu
|html|2cmdemaximopoder4wobu    
|uhtml|bestof|Game 2 of a best-of-3
|t:|1783584346
|gametype|doubles
|player|p1|2cmdemaximopoder|265|1108
|player|p2|4wobu|2|1000
|gen|9
|tier|[Gen 9 Champions] VGC 2026 Reg M-B (Bo3)
|rated|
|rule|Species Clause: Limit one of each Pokémon
|rule|Item Clause: Limit 1 of each item
|clearpoke
|poke|p1|Blastoise, L50, F|
|poke|p1|Delphox, L50, M|
|poke|p1|Incineroar, L50, M|
|poke|p1|Sneasler, L50, F|
|poke|p1|Sinistcha, L50|
|poke|p1|Maushold-Four, L50|
|poke|p2|Decidueye-Hisui, L50, M|
|poke|p2|Arcanine-Hisui, L50, F|
|poke|p2|Charizard, L50, F|
|poke|p2|Venusaur, L50, M|
|poke|p2|Dragapult, L50, F|
|poke|p2|Kingambit, L50, F|
|teampreview|4
|showteam|p1|Blastoise||Blastoisinite|RainDish|WaterSpout,DarkPulse,ShellSmash,Protect|Modest||F|||50|]Delphox||Delphoxite|Blaze|HeatWave,Psyshock,NastyPlot,Protect|Timid||M|||50|]Incineroar||SitrusBerry|Intimidate|FakeOut,FlareBlitz,ThroatChop,PartingShot|Impish||M|||50|]Sneasler||FocusSash|PoisonTouch|FakeOut,CloseCombat,DireClaw,QuickGuard|Jolly||F|||50|]Sinistcha||KasibBerry|Hospitality|MatchaGotcha,LifeDew,RagePowder,Protect|Bold|||||50|]Maushold-Four||ChopleBerry|FriendGuard|SuperFang,Feint,FollowMe,Protect|Impish|||||50|
|showteam|p2|Decidueye-Hisui||ScopeLens|Scrappy|TripleArrows,LeafBlade,Protect,Tailwind|Careful||M|||50|]Arcanine-Hisui||LifeOrb|RockHead|FlareBlitz,HeadSmash,ExtremeSpeed,Protect|Jolly||F|||50|]Charizard||CharizarditeY|Blaze|HeatWave,Protect,WeatherBall,ScorchingSands|Timid||F|||50|]Venusaur||SitrusBerry|Chlorophyll|SleepPowder,SolarBeam,SludgeBomb,EarthPower|Timid||M|||50|]Dragapult||DragonFang|ClearBody|WillOWisp,DragonDarts,PsychicFangs,PhantomForce|Jolly||F|||50|]Kingambit||BlackGlasses|Defiant|SuckerPunch,KowtowCleave,IronHead,Protect|Adamant||F|||50|
|inactive|Battle timer is ON: inactive players will automatically lose when time's up. (requested by 2cmdemaximopoder)
|
|t:|1783584379
|teamsize|p1|4
|teamsize|p2|4
|start
|switch|p1a: Blastoise|Blastoise, L50, F|100/100
|switch|p1b: Maushold|Maushold-Four, L50|100/100
|switch|p2a: Decidueye|Decidueye-Hisui, L50, M|100/100
|switch|p2b: Venusaur|Venusaur, L50, M|100/100
|turn|1
|
|t:|1783584398
|move|p1a: Blastoise|Protect|p1a: Blastoise
|-singleturn|p1a: Blastoise|Protect
|move|p2b: Venusaur|Sleep Powder|p1b: Maushold
|-status|p1b: Maushold|slp|[from] move: Sleep Powder
|cant|p1b: Maushold|slp
|move|p2a: Decidueye|Tailwind|p2a: Decidueye
|-sidestart|p2: 4wobu|move: Tailwind
|
|upkeep
|turn|2
|
|t:|1783584417
|switch|p1a: Sinistcha|Sinistcha, L50|100/100
|move|p2b: Venusaur|Sleep Powder|p1a: Sinistcha
|-immune|p1a: Sinistcha
|move|p2a: Decidueye|Leaf Blade|p1a: Sinistcha
|-resisted|p1a: Sinistcha|1
|-damage|p1a: Sinistcha|89/100
|cant|p1b: Maushold|slp
|
|upkeep
|turn|3
|
|t:|1783584433
|switch|p2b: Arcanine|Arcanine-Hisui, L50, F|100/100
|move|p1a: Sinistcha|Protect|p1a: Sinistcha
|-singleturn|p1a: Sinistcha|Protect
|move|p2a: Decidueye|Triple Arrows|p1b: Maushold
|-supereffective|p1b: Maushold|1
|-crit|p1b: Maushold
|-enditem|p1b: Maushold|Chople Berry|[eat]
|-enditem|p1b: Maushold|Chople Berry|[weaken]
|-damage|p1b: Maushold|53/100 slp
|-curestatus|p1b: Maushold|slp|[msg]
|move|p1b: Maushold|Super Fang|p2b: Arcanine
|-damage|p2b: Arcanine|50/100g
|
|upkeep
|turn|4
|
|t:|1783584447
|switch|p1a: Sneasler|Sneasler, L50, F|100/100
|move|p1b: Maushold|Protect|p1b: Maushold
|-singleturn|p1b: Maushold|Protect
|move|p2b: Arcanine|Flare Blitz|p1a: Sneasler
|-damage|p1a: Sneasler|1/100
|-damage|p2b: Arcanine|40/100|[from] item: Life Orb
|move|p2a: Decidueye|Triple Arrows|p1b: Maushold
|-activate|p1b: Maushold|move: Protect
|
|-sideend|p2: 4wobu|move: Tailwind
|upkeep
|turn|5
|
|t:|1783584467
|switch|p2b: Venusaur|Venusaur, L50, M|100/100
|switch|p1b: Sinistcha|Sinistcha, L50|89/100
|-heal|p1a: Sneasler|26/100|[from] ability: Hospitality|[of] p1b: Sinistcha
|move|p1a: Sneasler|Dire Claw|p2a: Decidueye
|-supereffective|p2a: Decidueye|1
|-crit|p2a: Decidueye
|-damage|p2a: Decidueye|0 fnt
|faint|p2a: Decidueye
|
|upkeep
|
|t:|1783584478
|switch|p2a: Charizard|Charizard, L50, F|100/100
|turn|6
|inactive|2cmdemaximopoder has 30 seconds left.
|inactive|4wobu has 30 seconds left.
|inactive|2cmdemaximopoder has 20 seconds left.
|
|t:|1783584514
|detailschange|p2a: Charizard|Charizard-Mega-Y, L50, F
|-mega|p2a: Charizard|Charizard|Charizardite Y
|-weather|SunnyDay|[from] ability: Drought|[of] p2a: Charizard
|move|p2b: Venusaur|Earth Power|p1a: Sneasler
|-supereffective|p1a: Sneasler|1
|-damage|p1a: Sneasler|0 fnt
|faint|p1a: Sneasler
|move|p2a: Charizard|Heat Wave|p1b: Sinistcha
|-supereffective|p1b: Sinistcha|1
|-damage|p1b: Sinistcha|0 fnt
|faint|p1b: Sinistcha
|
|-weather|SunnyDay|[upkeep]
|upkeep
|
|t:|1783584517
|switch|p1a: Blastoise|Blastoise, L50, F|100/100
|switch|p1b: Maushold|Maushold-Four, L50|53/100
|turn|7
|
|t:|1783584532
|detailschange|p1a: Blastoise|Blastoise-Mega, L50, F
|-mega|p1a: Blastoise|Blastoise|Blastoisinite
|move|p2a: Charizard|Protect|p2a: Charizard
|-singleturn|p2a: Charizard|Protect
|move|p1b: Maushold|Follow Me|p1b: Maushold
|-singleturn|p1b: Maushold|move: Follow Me
|move|p2b: Venusaur|Sleep Powder|p1b: Maushold
|-status|p1b: Maushold|slp|[from] move: Sleep Powder
|move|p1a: Blastoise|Shell Smash|p1a: Blastoise
|-unboost|p1a: Blastoise|def|1
|-unboost|p1a: Blastoise|spd|1
|-boost|p1a: Blastoise|atk|2
|-boost|p1a: Blastoise|spa|2
|-boost|p1a: Blastoise|spe|2
|
|-weather|SunnyDay|[upkeep]
|upkeep
|turn|8
|
|t:|1783584553
|cant|p1b: Maushold|slp
|move|p2b: Venusaur|Solar Beam||[still]
|-prepare|p2b: Venusaur|Solar Beam
|-anim|p2b: Venusaur|Solar Beam|p1a: Blastoise
|-supereffective|p1a: Blastoise|1
|-damage|p1a: Blastoise|0 fnt
|faint|p1a: Blastoise
|move|p2a: Charizard|Heat Wave|p1b: Maushold
|-damage|p1b: Maushold|0 fnt
|faint|p1b: Maushold
|
|win|4wobu
