|j|☆thaduck
|j|☆lettitripppp
|html|thaducklettitripppp    
|uhtml|bestof|Game 1 of a best-of-3
|t:|1784754773
|gametype|doubles
|player|p1|thaduck|ghetsis|1271
|player|p2|lettitripppp|lucas|1302
|gen|9
|tier|[Gen 9 Champions] VGC 2026 Reg M-B (Bo3)
|rated|
|rule|Species Clause: Limit one of each Pokémon
|rule|Item Clause: Limit 1 of each item
|clearpoke
|poke|p1|Blastoise, L50, F|
|poke|p1|Delphox, L50, M|
|poke|p1|Sinistcha, L50|
|poke|p1|Incineroar, L50, M|
|poke|p1|Sneasler, L50, F|
|poke|p1|Kingambit, L50, F|
|poke|p2|Charizard, L50, M, shiny|
|poke|p2|Incineroar, L50, F|
|poke|p2|Toxapex, L50, M, shiny|
|poke|p2|Venusaur, L50, F|
|poke|p2|Garchomp, L50, F|
|poke|p2|Annihilape, L50, F|
|teampreview|4
|showteam|p1|Blastoise||Blastoisinite|RainDish|WaterSpout,ShellSmash,DarkPulse,Protect|Modest||F|||50|]Delphox||Delphoxite|Blaze|HeatWave,Psyshock,NastyPlot,Protect|Modest||M|||50|]Sinistcha||ColburBerry|Hospitality|MatchaGotcha,RagePowder,TrickRoom,LifeDew|Bold|||||50|]Incineroar||SitrusBerry|Intimidate|PartingShot,FakeOut,HelpingHand,FlareBlitz|Careful||M|||50|]Sneasler||FocusSash|PoisonTouch|CloseCombat,PoisonJab,FakeOut,RockTomb|Jolly||F|||50|]Kingambit||LifeOrb|Defiant|KowtowCleave,SuckerPunch,SwordsDance,Protect|Adamant||F|||50|
|showteam|p2|Charizard||CharizarditeY|Blaze|HelpingHand,WeatherBall,HeatWave,Protect|Modest||M|||50|]Incineroar||SitrusBerry|Intimidate|PartingShot,ThroatChop,FlareBlitz,FakeOut|Impish||F|||50|]Toxapex||Leftovers|Regenerator|WideGuard,Infestation,Toxic,BanefulBunker|Bold||M|||50|]Venusaur||LifeOrb|Chlorophyll|SludgeBomb,EarthPower,SolarBeam,Protect|Modest||F|||50|]Garchomp||ChoiceScarf|RoughSkin|StompingTantrum,DragonClaw,Earthquake,RockSlide|Adamant||F|||50|]Annihilape||FocusSash|Defiant|PhantomForce,CloseCombat,RockTomb,Protect|Jolly||F|||50|
|inactive|Battle timer is ON: inactive players will automatically lose when time's up. (requested by lettitripppp)
|
|t:|1784754796
|teamsize|p1|4
|teamsize|p2|4
|start
|switch|p1a: Delphox|Delphox, L50, M|100/100
|switch|p1b: Sneasler|Sneasler, L50, F|100/100
|switch|p2a: AGNI|Charizard, L50, M, shiny|100/100
|switch|p2b: AOI TODO|Incineroar, L50, F|100/100
|-ability|p2b: AOI TODO|Intimidate|boost
|-unboost|p1a: Delphox|atk|1
|-unboost|p1b: Sneasler|atk|1
|turn|1
|
|t:|1784754810
|switch|p2a: CRUSH SHARK|Garchomp, L50, F|100/100
|detailschange|p1a: Delphox|Delphox-Mega, L50, M
|-mega|p1a: Delphox|Delphox|Delphoxite
|move|p1b: Sneasler|Fake Out|p2b: AOI TODO
|-damage|p2b: AOI TODO|92/100
|move|p1a: Delphox|Nasty Plot|p1a: Delphox
|-boost|p1a: Delphox|spa|2
|cant|p2b: AOI TODO|flinch
|
|upkeep
|turn|2
|
|t:|1784754826
|move|p1a: Delphox|Protect|p1a: Delphox
|-singleturn|p1a: Delphox|Protect
|move|p2a: CRUSH SHARK|Rock Slide|p1a: Delphox|[spread] p1b
|-activate|p1a: Delphox|move: Protect
|-resisted|p1b: Sneasler|1
|-damage|p1b: Sneasler|84/100
|move|p1b: Sneasler|Rock Tomb|p2a: CRUSH SHARK
|-resisted|p2a: CRUSH SHARK|1
|-damage|p2a: CRUSH SHARK|93/100
|-unboost|p2a: CRUSH SHARK|spe|1
|move|p2b: AOI TODO|Parting Shot|p1b: Sneasler
|-unboost|p1b: Sneasler|atk|1
|-unboost|p1b: Sneasler|spa|1
|
|t:|1784754840
|switch|p2b: PHANTOM BANG|Annihilape, L50, F|100/100|[from] Parting Shot
|
|upkeep
|turn|3
|
|t:|1784754851
|switch|p2a: AOI TODO|Incineroar, L50, F|92/100
|-ability|p2a: AOI TODO|Intimidate|boost
|-unboost|p1a: Delphox|atk|1
|-unboost|p1b: Sneasler|atk|1
|move|p2b: PHANTOM BANG|Protect|p2b: PHANTOM BANG
|-singleturn|p2b: PHANTOM BANG|Protect
|move|p1b: Sneasler|Poison Jab|p2b: PHANTOM BANG
|-activate|p2b: PHANTOM BANG|move: Protect
|move|p1a: Delphox|Heat Wave|p2a: AOI TODO|[spread] 
|-activate|p2b: PHANTOM BANG|move: Protect
|-miss|p1a: Delphox|p2a: AOI TODO
|
|upkeep
|turn|4
|
|t:|1784754873
|move|p2a: AOI TODO|Fake Out|p1a: Delphox
|-damage|p1a: Delphox|86/100
|move|p1b: Sneasler|Close Combat|p2a: AOI TODO
|-supereffective|p2a: AOI TODO|1
|-damage|p2a: AOI TODO|53/100
|-unboost|p1b: Sneasler|def|1
|-unboost|p1b: Sneasler|spd|1
|cant|p1a: Delphox|flinch
|move|p2b: PHANTOM BANG|Phantom Force||[still]
|-prepare|p2b: PHANTOM BANG|Phantom Force
|
|upkeep
|turn|5
|
|t:|1784754888
|switch|p1a: Kingambit|Kingambit, L50, F|100/100
|move|p1b: Sneasler|Close Combat|p2a: AOI TODO
|-supereffective|p2a: AOI TODO|1
|-damage|p2a: AOI TODO|18/100
|-unboost|p1b: Sneasler|def|1
|-unboost|p1b: Sneasler|spd|1
|-status|p2a: AOI TODO|psn|[from] ability: Poison Touch|[of] p1b: Sneasler
|-enditem|p2a: AOI TODO|Sitrus Berry|[eat]
|-heal|p2a: AOI TODO|43/100 psn|[from] item: Sitrus Berry
|move|p2b: PHANTOM BANG|Phantom Force|p1a: Kingambit|[from] lockedmove
|-resisted|p1a: Kingambit|1
|-damage|p1a: Kingambit|82/100
|move|p2a: AOI TODO|Parting Shot|p1b: Sneasler
|-unboost|p1b: Sneasler|atk|1
|-unboost|p1b: Sneasler|spa|1
|
|t:|1784754897
|switch|p2a: CRUSH SHARK|Garchomp, L50, F|93/100|[from] Parting Shot
|
|upkeep
|turn|6
|
|t:|1784754913
|move|p1a: Kingambit|Protect|p1a: Kingambit
|-singleturn|p1a: Kingambit|Protect
|move|p2a: CRUSH SHARK|Rock Slide|p1a: Kingambit|[spread] p1b
|-activate|p1a: Kingambit|move: Protect
|-resisted|p1b: Sneasler|1
|-damage|p1b: Sneasler|50/100g
|cant|p1b: Sneasler|flinch
|move|p2b: PHANTOM BANG|Close Combat|p1a: Kingambit
|-activate|p1a: Kingambit|move: Protect
|
|upkeep
|turn|7
|
|t:|1784754929
|switch|p1a: Delphox|Delphox-Mega, L50, M|86/100
|move|p2a: CRUSH SHARK|Rock Slide|p1b: Sneasler|[spread] p1a,p1b
|-supereffective|p1a: Delphox|1
|-resisted|p1b: Sneasler|1
|-crit|p1b: Sneasler
|-damage|p1a: Delphox|34/100
|-damage|p1b: Sneasler|0 fnt
|faint|p1b: Sneasler
|move|p2b: PHANTOM BANG|Close Combat|p1a: Delphox
|-resisted|p1a: Delphox|1
|-damage|p1a: Delphox|0 fnt
|-unboost|p2b: PHANTOM BANG|def|1
|-unboost|p2b: PHANTOM BANG|spd|1
|faint|p1a: Delphox
|
|upkeep
|
|t:|1784754939
|switch|p1b: Kingambit|Kingambit, L50, F|82/100
|switch|p1a: Incineroar|Incineroar, L50, M|100/100
|-ability|p1a: Incineroar|Intimidate|boost
|-unboost|p2a: CRUSH SHARK|atk|1
|-unboost|p2b: PHANTOM BANG|atk|1
|-ability|p2b: PHANTOM BANG|Defiant|boost
|-boost|p2b: PHANTOM BANG|atk|2
|turn|8
|
|t:|1784754946
|move|p2a: CRUSH SHARK|Rock Slide|p1a: Incineroar|[spread] p1a,p1b
|-supereffective|p1a: Incineroar|1
|-resisted|p1b: Kingambit|1
|-damage|p1a: Incineroar|77/100
|-damage|p1b: Kingambit|77/100
|move|p2b: PHANTOM BANG|Close Combat|p1a: Incineroar
|-supereffective|p1a: Incineroar|1
|-crit|p1a: Incineroar
|-damage|p1a: Incineroar|0 fnt
|-unboost|p2b: PHANTOM BANG|def|1
|-unboost|p2b: PHANTOM BANG|spd|1
|faint|p1a: Incineroar
|move|p1b: Kingambit|Swords Dance|p1b: Kingambit
|-boost|p1b: Kingambit|atk|2
|
|upkeep
|turn|9
|
|t:|1784754958
|move|p1b: Kingambit|Sucker Punch|p2b: PHANTOM BANG
|-enditem|p2b: PHANTOM BANG|Focus Sash
|-damage|p2b: PHANTOM BANG|1/100
|-damage|p1b: Kingambit|68/100|[from] item: Life Orb
|move|p2a: CRUSH SHARK|Rock Slide|p1b: Kingambit
|-resisted|p1b: Kingambit|1
|-damage|p1b: Kingambit|61/100
|move|p2b: PHANTOM BANG|Close Combat|p1b: Kingambit
|-supereffective|p1b: Kingambit|2
|-damage|p1b: Kingambit|0 fnt
|-unboost|p2b: PHANTOM BANG|def|1
|-unboost|p2b: PHANTOM BANG|spd|1
|faint|p1b: Kingambit
|
|win|lettitripppp
|inactive|thaduck has 29 seconds to confirm battle start!
|inactive|lettitripppp has 29 seconds to confirm battle start!
||lettitripppp is ready for game 2.
