|j|â˜†MiiverseVGC
|j|â˜†supahsanti
|html|MiiverseVGCsupahsanti    
|uhtml|bestof|Game 1 of a best-of-3
|t:|1785074599
|gametype|doubles
|player|p1|MiiverseVGC|266|
|player|p2|supahsanti|clerk-boss|
|gen|9
|tier|[Gen 9 Champions] VGC 2026 Reg M-B (Bo3)
|rule|Species Clause: Limit one of each PokÃ©mon
|rule|Item Clause: Limit 1 of each item
|clearpoke
|poke|p1|Charizard, L50, F|
|poke|p1|Floette-Eternal, L50, F|
|poke|p1|Garchomp, L50, F|
|poke|p1|Basculegion, L50, M|
|poke|p1|Whimsicott, L50, M|
|poke|p1|Incineroar, L50, M|
|poke|p2|Gengar, L50, F|
|poke|p2|Incineroar, L50, F|
|poke|p2|Swampert, L50, F|
|poke|p2|Politoed, L50, M|
|poke|p2|Vivillon, L50, F|
|poke|p2|Kommo-o, L50, M|
|teampreview|4
|showteam|p1|Charizard||CharizarditeY|Blaze|HeatWave,WeatherBall,SolarBeam,Protect|Modest||F|||50|]Floette-Eternal||Floettite|FlowerVeil|DazzlingGleam,LightofRuin,Moonblast,Protect|Modest||F|||50|]Garchomp||LifeOrb|RoughSkin|Earthquake,DragonClaw,RockSlide,Protect|Jolly||F|||50|]Basculegion||MysticWater|Adaptability|WaveCrash,AquaJet,LastRespects,Protect|Adamant||M|||50|]Whimsicott||FocusSash|Prankster|Moonblast,Tailwind,Encore,Protect|Timid||M|||50|]Incineroar||SitrusBerry|Intimidate|FlareBlitz,DarkestLariat,PartingShot,FakeOut|Careful||M|||50|
|showteam|p2|Gengar||Gengarite|CursedBody|Protect,PerishSong,Disable,ShadowBall|Modest||F|||50|]Incineroar||PasshoBerry|Intimidate|Protect,FakeOut,DarkestLariat,PartingShot|Sassy||F|||50|]Swampert||Swampertite|Torrent|Protect,WaveCrash,HighHorsepower,IcePunch|Adamant||F|||50|]Politoed||SitrusBerry|Drizzle|Protect,WeatherBall,PerishSong,Hypnosis|Calm||M|||50|]Vivillon||FocusSash|CompoundEyes|Protect,SleepPowder,RagePowder,Hurricane|Timid||F|||50|]Kommo-o||Leftovers|Soundproof|Protect,ClangorousSoul,ClangingScales,AuraSphere|Modest||M|||50|
|c|â˜†supahsanti|glhf
|j| Code
|j| ncl nash
|c|â˜†MiiverseVGC|you too
|j| sidw
|j| Gale Strikes
|j| Hecate2
|j| k0nqueror
|j| JeanMrXPaul
|
|t:|1785074712
|teamsize|p1|4
|teamsize|p2|4
|start
|switch|p1a: Charizard|Charizard, L50, F|100/100
|switch|p1b: Garchomp|Garchomp, L50, F|100/100
|switch|p2a: Gengar|Gengar, L50, F|100/100
|switch|p2b: Incineroar|Incineroar, L50, F|100/100
|-ability|p2b: Incineroar|Intimidate|boost
|-unboost|p1a: Charizard|atk|1
|-unboost|p1b: Garchomp|atk|1
|turn|1
|
|t:|1785074748
|switch|p1a: Whimsicott|Whimsicott, L50, M|100/100
|detailschange|p2a: Gengar|Gengar-Mega, L50, F
|-mega|p2a: Gengar|Gengar|Gengarite
|move|p2b: Incineroar|Fake Out|p1a: Whimsicott
|-damage|p1a: Whimsicott|82/100
|move|p1b: Garchomp|Rock Slide|p2a: Gengar|[spread] p2a,p2b
|-supereffective|p2b: Incineroar|1
|-damage|p2a: Gengar|80/100
|-damage|p2b: Incineroar|69/100
|-damage|p1b: Garchomp|90/100|[from] item: Life Orb
|move|p2a: Gengar|Perish Song|p2a: Gengar
|-start|p1a: Whimsicott|perish3|[silent]
|-start|p1b: Garchomp|perish3|[silent]
|-start|p2a: Gengar|perish3|[silent]
|-start|p2b: Incineroar|perish3|[silent]
|-fieldactivate|move: Perish Song
|
|-start|p1a: Whimsicott|perish3
|-start|p1b: Garchomp|perish3
|-start|p2a: Gengar|perish3
|-start|p2b: Incineroar|perish3
|upkeep
|turn|2
|
|t:|1785074772
|move|p2a: Gengar|Protect|p2a: Gengar
|-singleturn|p2a: Gengar|Protect
|move|p2b: Incineroar|Protect|p2b: Incineroar
|-singleturn|p2b: Incineroar|Protect
|move|p1a: Whimsicott|Moonblast|p2b: Incineroar
|-activate|p2b: Incineroar|move: Protect
|move|p1b: Garchomp|Earthquake|p2b: Incineroar|[spread] p1a
|-activate|p2a: Gengar|move: Protect
|-activate|p2b: Incineroar|move: Protect
|-resisted|p1a: Whimsicott|1
|-damage|p1a: Whimsicott|57/100
|-damage|p1b: Garchomp|80/100|[from] item: Life Orb
|
|-start|p1a: Whimsicott|perish2
|-start|p1b: Garchomp|perish2
|-start|p2a: Gengar|perish2
|-start|p2b: Incineroar|perish2
|upkeep
|turn|3
|
|t:|1785074801
|switch|p2a: Politoed|Politoed, L50, M|100/100
|-weather|RainDance|[from] ability: Drizzle|[of] p2a: Politoed
|move|p1a: Whimsicott|Moonblast|p2b: Incineroar
|-damage|p2b: Incineroar|44/100
|move|p1b: Garchomp|Earthquake|p2b: Incineroar|[spread] p1a,p2a,p2b
|-resisted|p1a: Whimsicott|1
|-supereffective|p2b: Incineroar|1
|-damage|p1a: Whimsicott|32/100
|-damage|p2a: Politoed|70/100
|-damage|p2b: Incineroar|0 fnt
|faint|p2b: Incineroar
|-damage|p1b: Garchomp|70/100|[from] item: Life Orb
|
|-weather|RainDance|[upkeep]
|-start|p1a: Whimsicott|perish1
|-start|p1b: Garchomp|perish1
|upkeep
|
|t:|1785074809
|switch|p2b: Gengar|Gengar-Mega, L50, F|80/100
|turn|4
|
|t:|1785074843
|move|p2b: Gengar|Protect|p2b: Gengar
|-singleturn|p2b: Gengar|Protect
|move|p2a: Politoed|Protect|p2a: Politoed
|-singleturn|p2a: Politoed|Protect
|move|p1a: Whimsicott|Tailwind|p1a: Whimsicott
|-sidestart|p1: MiiverseVGC|move: Tailwind
|move|p1b: Garchomp|Earthquake|p2a: Politoed|[spread] p1a
|-activate|p2a: Politoed|move: Protect
|-activate|p2b: Gengar|move: Protect
|-resisted|p1a: Whimsicott|1
|-damage|p1a: Whimsicott|6/100
|-damage|p1b: Garchomp|60/100|[from] item: Life Orb
|
|-weather|RainDance|[upkeep]
|-start|p1a: Whimsicott|perish0
|-start|p1b: Garchomp|perish0
|faint|p1a: Whimsicott
|faint|p1b: Garchomp
|upkeep
|
|t:|1785074846
|switch|p1a: Charizard|Charizard, L50, F|100/100
|switch|p1b: Basculegion|Basculegion, L50, M|100/100
|turn|5
|
|t:|1785074932
|switch|p2a: Vivillon|Vivillon, L50, F|100/100
|detailschange|p1a: Charizard|Charizard-Mega-Y, L50, F
|-mega|p1a: Charizard|Charizard|Charizardite Y
|-weather|SunnyDay|[from] ability: Drought|[of] p1a: Charizard
|move|p2b: Gengar|Protect|p2b: Gengar
|-singleturn|p2b: Gengar|Protect
|move|p1a: Charizard|Weather Ball|p2b: Gengar
|-activate|p2b: Gengar|move: Protect
|move|p1b: Basculegion|Last Respects|p2a: Vivillon
|-enditem|p2a: Vivillon|Focus Sash
|-damage|p2a: Vivillon|1/100
|
|-weather|SunnyDay|[upkeep]
|upkeep
|turn|6
|j| Mogo
|j| FBISurveillanceMan
|j| SlycedBreadVGC
|j| thebusinesspiggy2
|j| tedidn
|j|+Aldrich
|
|t:|1785075027
|switch|p2a: Politoed|Politoed, L50, M|70/100
|-weather|RainDance|[from] ability: Drizzle|[of] p2a: Politoed
|move|p2b: Gengar|Protect||[still]
|-fail|p2b: Gengar
|move|p1a: Charizard|Weather Ball|p2a: Politoed
|-resisted|p2a: Politoed|1
|-damage|p2a: Politoed|45/100
|-enditem|p2a: Politoed|Sitrus Berry|[eat]
|-heal|p2a: Politoed|70/100|[from] item: Sitrus Berry
|move|p1b: Basculegion|Last Respects|p2b: Gengar
|-supereffective|p2b: Gengar|1
|-damage|p2b: Gengar|0 fnt
|faint|p2b: Gengar
|
|-weather|RainDance|[upkeep]
|upkeep
|
|t:|1785075038
|switch|p2b: Vivillon|Vivillon, L50, F|1/100
|turn|7
|j| 8766t
|
|t:|1785075052
|move|p2b: Vivillon|Protect|p2b: Vivillon
|-singleturn|p2b: Vivillon|Protect
|move|p2a: Politoed|Protect|p2a: Politoed
|-singleturn|p2a: Politoed|Protect
|move|p1a: Charizard|Weather Ball|p2b: Vivillon
|-activate|p2b: Vivillon|move: Protect
|move|p1b: Basculegion|Last Respects|p2a: Politoed
|-activate|p2a: Politoed|move: Protect
|
|-weather|RainDance|[upkeep]
|-sideend|p1: MiiverseVGC|move: Tailwind
|upkeep
|turn|8
|l|+Aldrich
|
|t:|1785075080
|move|p2b: Vivillon|Protect||[still]
|-fail|p2b: Vivillon
|move|p1b: Basculegion|Aqua Jet|p2b: Vivillon
|-damage|p2b: Vivillon|0 fnt
|faint|p2b: Vivillon
|move|p1a: Charizard|Weather Ball|p2a: Politoed
|-resisted|p2a: Politoed|1
|-damage|p2a: Politoed|44/100
|move|p2a: Politoed|Perish Song|p2a: Politoed
|-start|p1a: Charizard|perish3|[silent]
|-start|p1b: Basculegion|perish3|[silent]
|-start|p2a: Politoed|perish3|[silent]
|-fieldactivate|move: Perish Song
|
|-weather|RainDance|[upkeep]
|-start|p1a: Charizard|perish3
|-start|p1b: Basculegion|perish3
|-start|p2a: Politoed|perish3
|upkeep
|turn|9
|
|t:|1785075087
|move|p2a: Politoed|Protect|p2a: Politoed
|-singleturn|p2a: Politoed|Protect
|move|p1a: Charizard|Solar Beam||[still]
|-prepare|p1a: Charizard|Solar Beam
|move|p1b: Basculegion|Last Respects|p2a: Politoed
|-activate|p2a: Politoed|move: Protect
|
|-weather|RainDance|[upkeep]
|-start|p1a: Charizard|perish2
|-start|p1b: Basculegion|perish2
|-start|p2a: Politoed|perish2
|upkeep
|turn|10
|j| Vikram chan
|j|+Aldrich
|
|t:|1785075091
|move|p2a: Politoed|Protect|p2a: Politoed
|-singleturn|p2a: Politoed|Protect
|move|p1a: Charizard|Solar Beam|p2a: Politoed|[from] lockedmove
|-activate|p2a: Politoed|move: Protect
|move|p1b: Basculegion|Last Respects|p2a: Politoed
|-activate|p2a: Politoed|move: Protect
|
|-weather|none
|-start|p1a: Charizard|perish1
|-start|p1b: Basculegion|perish1
|-start|p2a: Politoed|perish1
|upkeep
|turn|11
|j| Flarefox
|
|t:|1785075097
|move|p2a: Politoed|Protect||[still]
|-fail|p2a: Politoed
|move|p1a: Charizard|Heat Wave|p2a: Politoed
|-resisted|p2a: Politoed|1
|-damage|p2a: Politoed|22/100
|-status|p2a: Politoed|brn
|move|p1b: Basculegion|Last Respects|p2a: Politoed
|-damage|p2a: Politoed|0 fnt
|faint|p2a: Politoed
|
|win|MiiverseVGC
||supahsanti is ready for game 2.
||MiiverseVGC is ready for game 2.
|uhtml|next|Next: Game 2 of 3
|l|+Aldrich
|j|+Aldrich
|j| A Regu1ar Guy
|j| Niccovgc
|l| A Regu1ar Guy
|j| MajorStar
|j| A Regu1ar Guy
|j| RK_pocoyo
|l| MajorStar
|l| RK_pocoyo
|l| sidw
|j| Star Ariaaâ‹†Ë™âŸ¡â™¡
|l| Niccovgc
|j| sohaib
|l| A Regu1ar Guy
|j| A Regu1ar Guy
|j|+Howkings
|j| carneyasada
|l| k0nqueror
|l| Star Ariaaâ‹†Ë™âŸ¡â™¡
|l| carneyasada
|l| JeanMrXPaul
|l| Mogo
|l| sohaib
|l|â˜†supahsanti
|player|p2|
|l| ncl nash
|l| thebusinesspiggy2
|l| Vikram chan
|l| A Regu1ar Guy
|l| Flarefox
|l| 8766t
|l|â˜†MiiverseVGC
|player|p1|
|l| FBISurveillanceMan
|j| RK_pocoyo
|l| RK_pocoyo
|j| Galahad Excalibur
|l|+Howkings
|l| Galahad Excalibur
|j|+Howkings
|j| Onemagician4496
