|j|☆idkvgc19
|j|☆ansufati7
|html|idkvgc19ansufati7    
|uhtml|bestof|Game 1 of a best-of-3
|t:|1756921295
|gametype|doubles
|player|p1|idkvgc19|ethan|1064
|player|p2|ansufati7|ethan|1023
|gen|9
|tier|[Gen 9] VGC 2025 Reg H (Bo3)
|rated|
|rule|Species Clause: Limit one of each Pokémon
|rule|Item Clause: Limit 1 of each item
|clearpoke
|poke|p1|Indeedee, L50, M|
|poke|p1|Sneasler, L50, F|
|poke|p1|Excadrill, L50, M|
|poke|p1|Tyranitar, L50, F|
|poke|p1|Annihilape, L50, F|
|poke|p1|Corviknight, L50, F|
|poke|p2|Kommo-o, L50, M|
|poke|p2|Ursaluna-Bloodmoon, L50, M|
|poke|p2|Rillaboom, L50, M|
|poke|p2|Gholdengo, L50|
|poke|p2|Incineroar, L50, M|
|poke|p2|Whimsicott, L50, M|
|teampreview|4
|showteam|p1|Indeedee||ChoiceScarf|PsychicSurge|ExpandingForce,Trick,Protect,TeraBlast|||M|||50|,,,,,Psychic]Sneasler||WhiteHerb|Unburden|DireClaw,CloseCombat,Coaching,FakeOut|||F|||50|,,,,,Flying]Excadrill||FocusSash|SandRush|HighHorsepower,Earthquake,IronHead,Protect|||M|||50|,,,,,Stellar]Tyranitar||AssaultVest|SandStream|RockSlide,LowKick,KnockOff,TeraBlast|||F|||50|,,,,,Flying]Annihilape||SafetyGoggles|Defiant|CloseCombat,RageFist,FinalGambit,Taunt|||F|||50|,,,,,Water]Corviknight||PsychicSeed|MirrorArmor|BraveBird,Roost,PowerTrip,BulkUp|||F|||50|,,,,,Dragon
|showteam|p2|Kommo-o||ThroatSpray|Soundproof|ClangingScales,ClangorousSoul,FlashCannon,Protect|||M|||50|,,,,,Steel]Ursaluna-Bloodmoon||AssaultVest|MindsEye|BloodMoon,VacuumWave,EarthPower,HyperVoice|||M|||50|,,,,,Ghost]Rillaboom||MiracleSeed|GrassySurge|FakeOut,GrassyGlide,Uturn,WoodHammer|||M|||50|,,,,,Fire]Gholdengo||ChoiceScarf|GoodasGold|MakeItRain,ShadowBall,Trick,NastyPlot||||||50|,,,,,Water]Incineroar||SafetyGoggles|Intimidate|FakeOut,KnockOff,PartingShot,WillOWisp|||M|||50|,,,,,Ghost]Whimsicott||CovertCloak|Prankster|Moonblast,Tailwind,SunnyDay,Encore|||M|||50|,,,,,Poison
|
|t:|1756921372
|teamsize|p1|4
|teamsize|p2|4
|start
|switch|p1a: Corviknight|Corviknight, L50, F|100/100
|switch|p1b: Sneasler|Sneasler, L50, F|100/100
|switch|p2a: Whimsicott|Whimsicott, L50, M, shiny|100/100
|switch|p2b: Ursaluna|Ursaluna-Bloodmoon, L50, M|100/100
|turn|1
|
|t:|1756921419
|move|p2a: Whimsicott|Tailwind|p2a: Whimsicott
|-sidestart|p2: ansufati7|move: Tailwind
|move|p1b: Sneasler|Coaching|p1a: Corviknight
|-boost|p1a: Corviknight|atk|1
|-boost|p1a: Corviknight|def|1
|move|p2b: Ursaluna|Earth Power|p1b: Sneasler
|-supereffective|p1b: Sneasler
|-damage|p1b: Sneasler|0 fnt
|faint|p1b: Sneasler
|move|p1a: Corviknight|Bulk Up|p1a: Corviknight
|-boost|p1a: Corviknight|atk|1
|-boost|p1a: Corviknight|def|1
|
|upkeep
|
|t:|1756921427
|switch|p1b: Indeedee|Indeedee, L50, M|100/100
|-fieldstart|move: Psychic Terrain|[from] ability: Psychic Surge|[of] p1b: Indeedee
|-enditem|p1a: Corviknight|Psychic Seed
|-boost|p1a: Corviknight|spd|1|[from] item: Psychic Seed
|turn|2
|
|t:|1756921448
|switch|p2a: Rillaboom|Rillaboom, L50, M|100/100
|-fieldstart|move: Grassy Terrain|[from] ability: Grassy Surge|[of] p2a: Rillaboom
|move|p1b: Indeedee|Expanding Force|p2a: Rillaboom
|-damage|p2a: Rillaboom|61/100
|move|p2b: Ursaluna|Hyper Voice|p1a: Corviknight|[spread] p1a,p1b
|-resisted|p1a: Corviknight
|-damage|p1a: Corviknight|90/100
|-damage|p1b: Indeedee|51/100
|move|p1a: Corviknight|Brave Bird|p2b: Ursaluna
|-damage|p2b: Ursaluna|35/100
|-damage|p1a: Corviknight|67/100|[from] Recoil
|
|-heal|p2a: Rillaboom|67/100|[from] Grassy Terrain
|-heal|p1b: Indeedee|57/100|[from] Grassy Terrain
|-heal|p2b: Ursaluna|41/100|[from] Grassy Terrain
|upkeep
|turn|3
|
|t:|1756921485
|switch|p1b: Tyranitar|Tyranitar, L50, F|100/100
|-weather|Sandstorm|[from] ability: Sand Stream|[of] p1b: Tyranitar
|move|p2a: Rillaboom|Fake Out|p1a: Corviknight
|-resisted|p1a: Corviknight
|-damage|p1a: Corviknight|64/100
|move|p2b: Ursaluna|Earth Power|p1b: Tyranitar
|-supereffective|p1b: Tyranitar
|-damage|p1b: Tyranitar|56/100
|cant|p1a: Corviknight|flinch
|
|-weather|Sandstorm|[upkeep]
|-damage|p2a: Rillaboom|61/100|[from] Sandstorm
|-heal|p2a: Rillaboom|67/100|[from] Grassy Terrain
|-heal|p2b: Ursaluna|47/100|[from] Grassy Terrain
|-heal|p1b: Tyranitar|62/100|[from] Grassy Terrain
|upkeep
|turn|4
|
|t:|1756921519
|move|p2a: Rillaboom|Wood Hammer|p1b: Tyranitar
|-supereffective|p1b: Tyranitar
|-damage|p1b: Tyranitar|0 fnt
|faint|p1b: Tyranitar
|-damage|p2a: Rillaboom|48/100|[from] Recoil
|move|p2b: Ursaluna|Hyper Voice|p1a: Corviknight
|-resisted|p1a: Corviknight
|-damage|p1a: Corviknight|48/100
|move|p1a: Corviknight|Brave Bird|p2a: Rillaboom
|-supereffective|p2a: Rillaboom
|-damage|p2a: Rillaboom|0 fnt
|faint|p2a: Rillaboom
|-damage|p1a: Corviknight|31/100|[from] Recoil
|
|-weather|Sandstorm|[upkeep]
|-heal|p2b: Ursaluna|54/100|[from] Grassy Terrain
|-sideend|p2: ansufati7|move: Tailwind
|upkeep
|
|t:|1756921538
|switch|p2a: Whimsicott|Whimsicott, L50, M, shiny|100/100
|switch|p1b: Indeedee|Indeedee, L50, M|57/100
|-fieldstart|move: Psychic Terrain|[from] ability: Psychic Surge|[of] p1b: Indeedee
|turn|5
|
|t:|1756921567
|move|p1b: Indeedee|Expanding Force|p2a: Whimsicott|[spread] p2a,p2b
|-damage|p2a: Whimsicott|25/100
|-damage|p2b: Ursaluna|18/100
|move|p2a: Whimsicott|Moonblast|p1b: Indeedee
|-damage|p1b: Indeedee|20/100
|move|p1a: Corviknight|Roost|p1a: Corviknight
|-heal|p1a: Corviknight|81/100
|-singleturn|p1a: Corviknight|move: Roost
|move|p2b: Ursaluna|Hyper Voice|p1a: Corviknight|[spread] p1a,p1b
|-resisted|p1a: Corviknight
|-damage|p1a: Corviknight|70/100
|-damage|p1b: Indeedee|0 fnt
|faint|p1b: Indeedee
|
|-weather|Sandstorm|[upkeep]
|-damage|p2a: Whimsicott|19/100|[from] Sandstorm
|upkeep
|turn|6
|
|t:|1756921591
|move|p2a: Whimsicott|Moonblast|p1a: Corviknight
|-resisted|p1a: Corviknight
|-damage|p1a: Corviknight|62/100
|move|p1a: Corviknight|Brave Bird|p2b: Ursaluna
|-damage|p2b: Ursaluna|0 fnt
|faint|p2b: Ursaluna
|-damage|p1a: Corviknight|56/100|[from] Recoil
|
|-weather|Sandstorm|[upkeep]
|-damage|p2a: Whimsicott|13/100|[from] Sandstorm
|upkeep
|
|t:|1756921601
|switch|p2b: Kommo-o|Kommo-o, L50, M|100/100
|turn|7
|
|t:|1756921619
|-terastallize|p2b: Kommo-o|Steel
|move|p2a: Whimsicott|Moonblast|p1a: Corviknight
|-resisted|p1a: Corviknight
|-damage|p1a: Corviknight|47/100
|move|p2b: Kommo-o|Clangorous Soul|p2b: Kommo-o
|-boost|p2b: Kommo-o|atk|1
|-boost|p2b: Kommo-o|def|1
|-boost|p2b: Kommo-o|spa|1
|-boost|p2b: Kommo-o|spd|1
|-boost|p2b: Kommo-o|spe|1
|-damage|p2b: Kommo-o|68/100
|-enditem|p2b: Kommo-o|Throat Spray
|-boost|p2b: Kommo-o|spa|1|[from] item: Throat Spray
|move|p1a: Corviknight|Brave Bird|p2a: Whimsicott
|-supereffective|p2a: Whimsicott
|-damage|p2a: Whimsicott|0 fnt
|faint|p2a: Whimsicott
|-damage|p1a: Corviknight|43/100|[from] Recoil
|
|-weather|none
|upkeep
|turn|8
|inactive|Battle timer is ON: inactive players will automatically lose when time's up. (requested by idkvgc19)
|
|t:|1756921641
|move|p2b: Kommo-o|Clanging Scales|p1a: Corviknight
|-resisted|p1a: Corviknight
|-damage|p1a: Corviknight|9/100
|-unboost|p2b: Kommo-o|def|1
|move|p1a: Corviknight|Roost|p1a: Corviknight
|-heal|p1a: Corviknight|59/100
|-singleturn|p1a: Corviknight|move: Roost
|
|upkeep
|turn|9
|
|t:|1756921654
|move|p2b: Kommo-o|Clanging Scales|p1a: Corviknight
|-resisted|p1a: Corviknight
|-damage|p1a: Corviknight|25/100
|-unboost|p2b: Kommo-o|def|1
|move|p1a: Corviknight|Roost|p1a: Corviknight
|-heal|p1a: Corviknight|75/100
|-singleturn|p1a: Corviknight|move: Roost
|
|-fieldend|move: Psychic Terrain
|upkeep
|turn|10
|
|t:|1756921671
|move|p2b: Kommo-o|Clanging Scales|p1a: Corviknight
|-resisted|p1a: Corviknight
|-damage|p1a: Corviknight|41/100
|-unboost|p2b: Kommo-o|def|1
|move|p1a: Corviknight|Roost|p1a: Corviknight
|-heal|p1a: Corviknight|91/100
|-singleturn|p1a: Corviknight|move: Roost
|
|upkeep
|turn|11
|
|t:|1756921681
|move|p2b: Kommo-o|Clanging Scales|p1a: Corviknight
|-resisted|p1a: Corviknight
|-damage|p1a: Corviknight|59/100
|-unboost|p2b: Kommo-o|def|1
|move|p1a: Corviknight|Power Trip|p2b: Kommo-o
|-damage|p2b: Kommo-o|0 fnt
|faint|p2b: Kommo-o
|
|win|idkvgc19
||idkvgc19 is ready for game 2.
|l|☆ansufati7
|player|p2|
|inactive|ansufati7 has 30 seconds to confirm battle start!
||ansufati7 is ready for game 2.
|uhtml|next|Next: Game 2 of 3
