|j|☆Jun RH
|j|☆1700 for rogue
|html|Jun RH1700 for rogue    
|uhtml|bestof|Game 1 of a best-of-3
|t:|1756975968
|gametype|doubles
|player|p1|Jun RH|burglar|1126
|player|p2|1700 for rogue|scientist-gen4|1191
|gen|9
|tier|[Gen 9] VGC 2025 Reg H (Bo3)
|rated|
|rule|Species Clause: Limit one of each Pokémon
|rule|Item Clause: Limit 1 of each item
|clearpoke
|poke|p1|Gholdengo, L50|
|poke|p1|Incineroar, L50, F|
|poke|p1|Amoonguss, L50, F|
|poke|p1|Dragonite, L50, M|
|poke|p1|Garchomp, L50, M|
|poke|p1|Primarina, L50, F|
|poke|p2|Milotic, L50, M|
|poke|p2|Ceruledge, L50, F|
|poke|p2|Ninetales-Alola, L50, M|
|poke|p2|Rillaboom, L50, M|
|poke|p2|Gengar, L50, F|
|poke|p2|Kommo-o, L50, M|
|teampreview|4
|showteam|p1|Gholdengo||LifeOrb|GoodasGold|MakeItRain,ShadowBall,NastyPlot,Protect||||||50|,,,,,Water]Incineroar||SafetyGoggles|Intimidate|KnockOff,FlareBlitz,FakeOut,PartingShot|||F|||50|,,,,,Ghost]Amoonguss||CovertCloak|Regenerator|RagePowder,PollenPuff,Protect,Spore|||F|||50|,,,,,Dark]Dragonite||LoadedDice|Multiscale|ScaleShot,Tailwind,Protect,Haze|||M|||50|,,,,,Fairy]Garchomp||ClearAmulet|RoughSkin|DragonClaw,Earthquake,StompingTantrum,Protect|||M|||50|,,,,,Fire]Primarina||AssaultVest|LiquidVoice|HyperVoice,Moonblast,IcyWind,DazzlingGleam|||F|||50|,,,,,Grass
|showteam|p2|Milotic||Leftovers|Competitive|Scald,IceBeam,LifeDew,Protect|||M|||50|,,,,,Grass]Ceruledge||ClearAmulet|FlashFire|BulkUp,BitterBlade,ShadowSneak,Protect|||F|||50|,,,,,Grass]Ninetales-Alola||LightClay|SnowWarning|AuroraVeil,Blizzard,IcyWind,Protect|||M|||50|,,,,,Ghost]Rillaboom||AssaultVest|GrassySurge|WoodHammer,FakeOut,Uturn,GrassyGlide|||M|||50|,,,,,Grass]Gengar||FocusSash|CursedBody|ShadowBall,SludgeBomb,ClearSmog,Protect|||F|||50|,,,,,Ghost]Kommo-o||ThroatSpray|Bulletproof|AuraSphere,ClangingScales,ClangorousSoul,Protect|||M|||50|,,,,,Steel
|inactive|Battle timer is ON: inactive players will automatically lose when time's up. (requested by 1700 for rogue)
|inactive|Jun RH has 60 seconds left.
|inactive|Jun RH has 30 seconds left.
|inactive|Jun RH has 20 seconds left.
|inactive|Jun RH has 15 seconds left.
|inactive|Jun RH has 10 seconds left.
|inactive|Jun RH has 5 seconds left.
|
|t:|1756976058
|teamsize|p1|4
|teamsize|p2|4
|start
|switch|p1a: Gholdengo|Gholdengo, L50|100/100
|switch|p1b: Incineroar|Incineroar, L50, F|100/100
|switch|p2a: Gengar|Gengar, L50, F|100/100
|switch|p2b: monke oooo|Rillaboom, L50, M|100/100
|-ability|p1b: Incineroar|Intimidate|boost
|-unboost|p2a: Gengar|atk|1
|-unboost|p2b: monke oooo|atk|1
|-fieldstart|move: Grassy Terrain|[from] ability: Grassy Surge|[of] p2b: monke oooo
|turn|1
|inactive|Jun RH has 30 seconds left.
|
|t:|1756976084
|move|p1a: Gholdengo|Protect|p1a: Gholdengo
|-singleturn|p1a: Gholdengo|Protect
|move|p1b: Incineroar|Fake Out|p2b: monke oooo
|-damage|p2b: monke oooo|91/100
|cant|p2b: monke oooo|flinch
|move|p2a: Gengar|Sludge Bomb|p1b: Incineroar
|-crit|p1b: Incineroar
|-damage|p1b: Incineroar|37/100
|-status|p1b: Incineroar|psn
|
|-heal|p1b: Incineroar|43/100 psn|[from] Grassy Terrain
|-heal|p2b: monke oooo|97/100|[from] Grassy Terrain
|-damage|p1b: Incineroar|31/100 psn|[from] psn
|upkeep
|turn|2
|inactive|Jun RH has 30 seconds left.
|inactive|Jun RH has 20 seconds left.
|inactive|Jun RH has 15 seconds left.
|
|t:|1756976129
|switch|p1a: Dragonite|Dragonite, L50, M|100/100
|move|p2b: monke oooo|Grassy Glide|p1a: Dragonite
|-resisted|p1a: Dragonite
|-damage|p1a: Dragonite|97/100
|move|p2a: Gengar|Shadow Ball|p1a: Dragonite
|-damage|p1a: Dragonite|51/100
|-unboost|p1a: Dragonite|spd|1
|move|p1b: Incineroar|Knock Off|p2a: Gengar
|-supereffective|p2a: Gengar
|-enditem|p2a: Gengar|Focus Sash
|-damage|p2a: Gengar|1/100
|
|-heal|p2a: Gengar|7/100|[from] Grassy Terrain
|-heal|p1b: Incineroar|37/100 psn|[from] Grassy Terrain
|-heal|p2b: monke oooo|100/100|[from] Grassy Terrain
|-damage|p1b: Incineroar|25/100 psn|[from] psn
|upkeep
|turn|3
|inactive|Jun RH has 30 seconds left.
|inactive|1700 for rogue has 30 seconds left.
|
|t:|1756976157
|move|p2a: Gengar|Sludge Bomb|p1a: Dragonite
|-damage|p1a: Dragonite|0 fnt
|faint|p1a: Dragonite
|move|p1b: Incineroar|Knock Off|p2a: Gengar
|-supereffective|p2a: Gengar
|-damage|p2a: Gengar|0 fnt
|faint|p2a: Gengar
|move|p2b: monke oooo|U-turn|p1b: Incineroar
|-damage|p1b: Incineroar|8/100 psn
|
|t:|1756976163
|switch|p2b: Milotic|Milotic, L50, M|100/100|[from] U-turn
|
|-heal|p1b: Incineroar|14/100 psn|[from] Grassy Terrain
|-damage|p1b: Incineroar|2/100 psn|[from] psn
|upkeep
|
|t:|1756976177
|switch|p2a: Ninetales|Ninetales-Alola, L50, M|100/100
|switch|p1a: Gholdengo|Gholdengo, L50|100/100
|-weather|Snowscape|[from] ability: Snow Warning|[of] p2a: Ninetales
|turn|4
|inactive|Jun RH has 30 seconds left.
|
|t:|1756976202
|-terastallize|p1a: Gholdengo|Water
|move|p2a: Ninetales|Blizzard|p1b: Incineroar|[spread] p1a,p1b
|-resisted|p1a: Gholdengo
|-resisted|p1b: Incineroar
|-damage|p1a: Gholdengo|87/100
|-damage|p1b: Incineroar|0 fnt
|faint|p1b: Incineroar
|move|p1a: Gholdengo|Nasty Plot|p1a: Gholdengo
|-boost|p1a: Gholdengo|spa|2
|move|p2b: Milotic|Scald|p1a: Gholdengo
|-resisted|p1a: Gholdengo
|-damage|p1a: Gholdengo|67/100
|
|-weather|Snowscape|[upkeep]
|-heal|p1a: Gholdengo|73/100|[from] Grassy Terrain
|upkeep
|
|t:|1756976216
|switch|p1b: Primarina|Primarina, L50, F|100/100
|turn|5
|
|t:|1756976224
|move|p2a: Ninetales|Aurora Veil|p2a: Ninetales
|-sidestart|p2: 1700 for rogue|move: Aurora Veil
|move|p1a: Gholdengo|Make It Rain|p2b: Milotic|[spread] p2a,p2b
|-supereffective|p2a: Ninetales
|-resisted|p2b: Milotic
|-damage|p2a: Ninetales|0 fnt
|-damage|p2b: Milotic|74/100
|-unboost|p1a: Gholdengo|spa|1
|faint|p2a: Ninetales
|-damage|p1a: Gholdengo|64/100|[from] item: Life Orb
|move|p2b: Milotic|Scald|p1a: Gholdengo
|-resisted|p1a: Gholdengo
|-damage|p1a: Gholdengo|42/100
|move|p1b: Primarina|Moonblast|p2b: Milotic
|-damage|p2b: Milotic|50/100
|
|-weather|Snowscape|[upkeep]
|-heal|p1a: Gholdengo|48/100|[from] Grassy Terrain
|-heal|p2b: Milotic|56/100|[from] Grassy Terrain
|-heal|p2b: Milotic|62/100|[from] item: Leftovers
|-fieldend|move: Grassy Terrain
|upkeep
|
|t:|1756976229
|switch|p2a: monke oooo|Rillaboom, L50, M|100/100
|-fieldstart|move: Grassy Terrain|[from] ability: Grassy Surge|[of] p2a: monke oooo
|turn|6
|inactive|Jun RH has 30 seconds left.
|
|t:|1756976257
|-terastallize|p2a: monke oooo|Grass
|move|p1a: Gholdengo|Shadow Ball|p2b: Milotic
|-damage|p2b: Milotic|21/100
|-damage|p1a: Gholdengo|38/100|[from] item: Life Orb
|move|p2a: monke oooo|Wood Hammer|p1b: Primarina
|-supereffective|p1b: Primarina
|-damage|p1b: Primarina|0 fnt
|faint|p1b: Primarina
|-damage|p2a: monke oooo|71/100|[from] Recoil
|move|p2b: Milotic|Scald|p1a: Gholdengo
|-resisted|p1a: Gholdengo
|-damage|p1a: Gholdengo|19/100
|
|-weather|Snowscape|[upkeep]
|-heal|p1a: Gholdengo|25/100|[from] Grassy Terrain
|-heal|p2a: monke oooo|77/100|[from] Grassy Terrain
|-heal|p2b: Milotic|27/100|[from] Grassy Terrain
|-heal|p2b: Milotic|33/100|[from] item: Leftovers
|upkeep
|turn|7
|
|t:|1756976279
|move|p2a: monke oooo|Grassy Glide|p1a: Gholdengo
|-supereffective|p1a: Gholdengo
|-damage|p1a: Gholdengo|0 fnt
|faint|p1a: Gholdengo
|
|win|1700 for rogue
||1700 for rogue is ready for game 2.
