|j|☆Chandeliere
|j|☆snailboss
|html|Chandelieresnailboss    
|uhtml|bestof|Game 1 of a best-of-3
|t:|1756517269
|gametype|doubles
|player|p1|Chandeliere|ethan|1108
|player|p2|snailboss|102|1166
|gen|9
|tier|[Gen 9] VGC 2025 Reg H (Bo3)
|rated|
|rule|Species Clause: Limit one of each Pokémon
|rule|Item Clause: Limit 1 of each item
|clearpoke
|poke|p1|Incineroar, L50, M|
|poke|p1|Dragonite, L50, M|
|poke|p1|Porygon2, L50|
|poke|p1|Ursaluna-Bloodmoon, L50, M|
|poke|p1|Ninetales-Alola, L50, F|
|poke|p1|Annihilape, L50, F|
|poke|p2|Tyranitar, L50, F|
|poke|p2|Excadrill, L50, F|
|poke|p2|Indeedee-F, L50, F|
|poke|p2|Zoroark-Hisui, L50, F|
|poke|p2|Corviknight, L50, F|
|poke|p2|Amoonguss, L50, M|
|teampreview|4
|showteam|p1|Incineroar||ChopleBerry|Intimidate|FlareBlitz,KnockOff,FakeOut,PartingShot|||M|||50|,,,,,Grass]Dragonite||LoadedDice|Multiscale|ScaleShot,Tailwind,Haze,Protect|||M|||50|,,,,,Steel]Porygon2||Eviolite|Download|TeraBlast,IceBeam,Recover,TrickRoom||||||50|,,,,,Fighting]Ursaluna-Bloodmoon||AssaultVest|MindsEye|HyperVoice,BloodMoon,VacuumWave,EarthPower|||M|||50|,,,,,Water]Ninetales-Alola||LightClay|SnowWarning|IcicleSpear,Encore,IcyWind,AuroraVeil|||F|||50|,,,,,Ghost]Annihilape||SafetyGoggles|Defiant|DrainPunch,RageFist,BulkUp,Protect|||F|||50|,,,,,Fire
|showteam|p2|Tyranitar||AssaultVest|SandStream|RockSlide,KnockOff,LowKick,TeraBlast|||F|||50|,,,,,Flying]Excadrill||FocusSash|SandRush|IronHead,Protect,SwordsDance,Earthquake|||F|||50|,,,,,Ground]Indeedee-F||SafetyGoggles|PsychicSurge|TrickRoom,FollowMe,Psychic,HelpingHand|||F|||50|,,,,,Fairy]Zoroark-Hisui||ChoiceSpecs|Illusion|HyperVoice,ShadowBall,HyperBeam,Flamethrower|||F|||50|,,,,,Normal]Corviknight||PsychicSeed|MirrorArmor|BraveBird,PowerTrip,BulkUp,Roost|||F|||50|,,,,,Dragon]Amoonguss||SitrusBerry|Regenerator|Spore,Protect,RagePowder,ClearSmog|||M|||50|,,,,,Water
|
|t:|1756517340
|teamsize|p1|4
|teamsize|p2|4
|start
|switch|p1a: Incineroar|Incineroar, L50, M|100/100
|switch|p1b: Porygon2|Porygon2, L50|100/100
|switch|p2a: Excadrill|Excadrill, L50, F|100/100
|switch|p2b: Tyranitar|Tyranitar, L50, F|100/100
|-weather|Sandstorm|[from] ability: Sand Stream|[of] p2b: Tyranitar
|-ability|p1a: Incineroar|Intimidate|boost
|-unboost|p2a: Excadrill|atk|1
|-unboost|p2b: Tyranitar|atk|1
|-ability|p1b: Porygon2|Download|boost
|-boost|p1b: Porygon2|spa|1
|turn|1
|
|t:|1756517364
|switch|p2b: Indeedee|Indeedee-F, L50, F|100/100
|-fieldstart|move: Psychic Terrain|[from] ability: Psychic Surge|[of] p2b: Indeedee
|-terastallize|p2a: Excadrill|Normal
|move|p1a: Incineroar|Fake Out|p2a: Excadrill
|-activate|p2a: Excadrill|move: Psychic Terrain
|move|p2a: Excadrill|Hyper Beam|p1b: Porygon2
|-damage|p1b: Porygon2|0 fnt
|-mustrecharge|p2a: Excadrill
|faint|p1b: Porygon2
|
|-weather|Sandstorm|[upkeep]
|-damage|p2a: Excadrill|94/100|[from] Sandstorm
|-damage|p1a: Incineroar|94/100|[from] Sandstorm
|upkeep
|
|t:|1756517387
|switch|p1b: Ursaluna|Ursaluna-Bloodmoon, L50, M|100/100
|turn|2
|
|t:|1756517397
|move|p2b: Indeedee|Follow Me|p2b: Indeedee
|-singleturn|p2b: Indeedee|move: Follow Me
|cant|p2a: Excadrill|recharge
|move|p1a: Incineroar|Knock Off|p2b: Indeedee
|-supereffective|p2b: Indeedee
|-damage|p2b: Indeedee|21/100
|-enditem|p2b: Indeedee|Safety Goggles|[from] move: Knock Off|[of] p1a: Incineroar
|move|p1b: Ursaluna|Hyper Voice|p2a: Excadrill|[spread] p2a,p2b
|-damage|p2a: Excadrill|20/100
|-damage|p2b: Indeedee|0 fnt
|replace|p2a: Zoroark|Zoroark-Hisui, L50, F
|-end|p2a: Zoroark|Illusion
|faint|p2b: Indeedee
|
|-weather|Sandstorm|[upkeep]
|-damage|p2a: Zoroark|14/100|[from] Sandstorm
|-damage|p1a: Incineroar|88/100|[from] Sandstorm
|upkeep
|
|t:|1756517416
|switch|p2b: Excadrill|Excadrill, L50, F|100/100
|turn|3
|
|t:|1756517432
|switch|p1a: Ninetales|Ninetales-Alola, L50, F|100/100
|-weather|Snowscape|[from] ability: Snow Warning|[of] p1a: Ninetales
|move|p2a: Zoroark|Hyper Beam|p1b: Ursaluna
|-damage|p1b: Ursaluna|0 fnt
|-mustrecharge|p2a: Zoroark
|faint|p1b: Ursaluna
|move|p2b: Excadrill|Swords Dance|p2b: Excadrill
|-boost|p2b: Excadrill|atk|2
|
|-weather|Snowscape|[upkeep]
|upkeep
|
|t:|1756517442
|switch|p1b: Incineroar|Incineroar, L50, M|88/100
|-ability|p1b: Incineroar|Intimidate|boost
|-unboost|p2a: Zoroark|atk|1
|-unboost|p2b: Excadrill|atk|1
|turn|4
|
|t:|1756517460
|-terastallize|p1a: Ninetales|Ghost
|move|p2b: Excadrill|Protect|p2b: Excadrill
|-singleturn|p2b: Excadrill|Protect
|cant|p2a: Zoroark|recharge
|move|p1a: Ninetales|Icy Wind|p2a: Zoroark|[spread] p2a
|-activate|p2b: Excadrill|move: Protect
|-damage|p2a: Zoroark|0 fnt
|faint|p2a: Zoroark
|move|p1b: Incineroar|Flare Blitz|p2b: Excadrill
|-activate|p2b: Excadrill|move: Protect
|
|-weather|Snowscape|[upkeep]
|upkeep
|
|t:|1756517470
|switch|p2a: Tyranitar|Tyranitar, L50, F|100/100
|-weather|Sandstorm|[from] ability: Sand Stream|[of] p2a: Tyranitar
|turn|5
|
|t:|1756517483
|move|p2b: Excadrill|Iron Head|p1a: Ninetales
|-damage|p1a: Ninetales|10/100
|move|p1a: Ninetales|Icy Wind|p2b: Excadrill|[spread] p2a,p2b
|-damage|p2a: Tyranitar|95/100
|-damage|p2b: Excadrill|84/100
|-unboost|p2a: Tyranitar|spe|1
|-unboost|p2b: Excadrill|spe|1
|move|p1b: Incineroar|Flare Blitz|p2b: Excadrill
|-supereffective|p2b: Excadrill
|-damage|p2b: Excadrill|0 fnt
|faint|p2b: Excadrill
|-damage|p1b: Incineroar|62/100|[from] Recoil
|move|p2a: Tyranitar|Knock Off|p1a: Ninetales
|-supereffective|p1a: Ninetales
|-damage|p1a: Ninetales|0 fnt
|-enditem|p1a: Ninetales|Light Clay|[from] move: Knock Off|[of] p2a: Tyranitar
|faint|p1a: Ninetales
|
|-weather|Sandstorm|[upkeep]
|-damage|p1b: Incineroar|56/100|[from] Sandstorm
|-fieldend|move: Psychic Terrain
|upkeep
|turn|6
|
|t:|1756517507
|move|p1b: Incineroar|Knock Off|p2a: Tyranitar
|-resisted|p2a: Tyranitar
|-damage|p2a: Tyranitar|78/100
|-enditem|p2a: Tyranitar|Assault Vest|[from] move: Knock Off|[of] p1b: Incineroar
|move|p2a: Tyranitar|Rock Slide|p1b: Incineroar
|-supereffective|p1b: Incineroar
|-damage|p1b: Incineroar|0 fnt
|faint|p1b: Incineroar
|
|win|snailboss
||Chandeliere is ready for game 2.
|inactive|snailboss has 30 seconds to confirm battle start!
|inactive|snailboss has 20 seconds to confirm battle start!
||snailboss is ready for game 2.
|uhtml|next|Next: Game 2 of 3
