|j|☆Fell Blue
|j|☆sbhaga34
|html|Fell Bluesbhaga34    
|uhtml|bestof|Game 2 of a best-of-3
|t:|1784174074
|gametype|doubles
|player|p1|Fell Blue|fantina|1236
|player|p2|sbhaga34|hugh|1190
|gen|9
|tier|[Gen 9 Champions] VGC 2026 Reg M-B (Bo3)
|rated|
|rule|Species Clause: Limit one of each Pokémon
|rule|Item Clause: Limit 1 of each item
|clearpoke
|poke|p1|Mawile, L50, F|
|poke|p1|Farigiraf, L50, F|
|poke|p1|Drampa, L50, M|
|poke|p1|Kleavor, L50, M|
|poke|p1|Araquanid, L50, M|
|poke|p1|Incineroar, L50, F|
|poke|p2|Excadrill, L50, F|
|poke|p2|Tyranitar, L50, M|
|poke|p2|Corviknight, L50, M|
|poke|p2|Rotom-Wash, L50|
|poke|p2|Mimikyu, L50, M|
|poke|p2|Scovillain, L50, M|
|teampreview|4
|showteam|p1|Mawile||Mawilite|HyperCutter|RockSlide,PlayRough,SuckerPunch,BrickBreak|Brave||F|||50|]Farigiraf||SitrusBerry|ArmorTail|Thunderbolt,HelpingHand,Psychic,TrickRoom|Modest||F|||50|]Drampa||Drampanite|CloudNine|EarthPower,EnergyBall,Thunderbolt,Protect|Quiet||M|||50|]Kleavor||FocusSash|Sharpness|StoneAxe,CloseCombat,XScissor,NightSlash|Adamant||M|||50|]Araquanid||MysticWater|WaterBubble|Surf,HydroPump,MirrorCoat,Endeavor|Quiet||M|||50|]Incineroar||LifeOrb|Intimidate|CloseCombat,FlareBlitz,FakeOut,ThroatChop|Brave||F|||50|
|showteam|p2|Excadrill||FocusSash|SandRush|Earthquake,IronHead,SwordsDance,Protect|Adamant||F|||50|]Tyranitar||Tyranitarite|SandStream|RockSlide,KnockOff,LowKick,Protect|Adamant||M|||50|]Corviknight||SharpBeak|MirrorArmor|BraveBird,Tailwind,BulkUp,Roost|Careful||M|||50|]Rotom-Wash||ChoiceScarf|Levitate|VoltSwitch,Thunderbolt,Electroweb,HydroPump|Timid|||||50|]Mimikyu||FairyFeather|Disguise|PlayRough,ShadowSneak,TrickRoom,ShadowClaw|Adamant||M|||50|]Scovillain||Scovillainite|Chlorophyll|RagePowder,Overheat,GigaDrain,Protect|Calm||M|||50|
|inactive|Battle timer is ON: inactive players will automatically lose when time's up. (requested by sbhaga34)
|
|t:|1784174083
|teamsize|p1|4
|teamsize|p2|4
|start
|switch|p1a: Farigiraf|Farigiraf, L50, F|100/100
|switch|p1b: Drampa|Drampa, L50, M|100/100
|switch|p2a: Rotom|Rotom-Wash, L50|100/100
|switch|p2b: Corviknight|Corviknight, L50, M|100/100
|-ability|p1b: Drampa|Cloud Nine
|turn|1
|
|t:|1784174107
|move|p2a: Rotom|Volt Switch|p1a: Farigiraf
|-damage|p1a: Farigiraf|76/100
|
|t:|1784174110
|switch|p2a: Tyranitar|Tyranitar, L50, M|100/100|[from] Volt Switch
|-weather|Sandstorm|[from] ability: Sand Stream|[of] p2a: Tyranitar
|move|p2b: Corviknight|Brave Bird|p1b: Drampa
|-damage|p1b: Drampa|41/100
|-damage|p2b: Corviknight|82/100|[from] Recoil
|move|p1b: Drampa|Earth Power|p2a: Tyranitar
|-supereffective|p2a: Tyranitar|1
|-damage|p2a: Tyranitar|43/100
|move|p1a: Farigiraf|Trick Room|p1a: Farigiraf
|-fieldstart|move: Trick Room|[of] p1a: Farigiraf
|
|-weather|Sandstorm|[upkeep]
|upkeep
|turn|2
|inactive|sbhaga34 has 30 seconds left.
|
|t:|1784174143
|switch|p2b: Rotom|Rotom-Wash, L50|100/100
|detailschange|p2a: Tyranitar|Tyranitar-Mega, L50, M
|-mega|p2a: Tyranitar|Tyranitar|Tyranitarite
|move|p1b: Drampa|Earth Power|p2a: Tyranitar
|-supereffective|p2a: Tyranitar|1
|-damage|p2a: Tyranitar|0 fnt
|faint|p2a: Tyranitar
|move|p1a: Farigiraf|Thunderbolt|p2b: Rotom
|-damage|p2b: Rotom|77/100
|
|-weather|Sandstorm|[upkeep]
|upkeep
|
|t:|1784174156
|switch|p2a: Excadrill|Excadrill, L50, F|100/100
|turn|3
|
|t:|1784174167
|move|p1b: Drampa|Energy Ball|p2b: Rotom
|-supereffective|p2b: Rotom|1
|-damage|p2b: Rotom|13/100
|move|p1a: Farigiraf|Thunderbolt|p2b: Rotom
|-damage|p2b: Rotom|0 fnt
|faint|p2b: Rotom
|move|p2a: Excadrill|Earthquake|p1b: Drampa|[spread] p1a,p1b
|-damage|p1a: Farigiraf|36/100
|-damage|p1b: Drampa|0 fnt
|-enditem|p1a: Farigiraf|Sitrus Berry|[eat]
|-heal|p1a: Farigiraf|61/100|[from] item: Sitrus Berry
|faint|p1b: Drampa
|
|-weather|Sandstorm|[upkeep]
|-damage|p1a: Farigiraf|55/100|[from] Sandstorm
|upkeep
|
|t:|1784174176
|switch|p1b: Incineroar|Incineroar, L50, F|100/100
|switch|p2b: Corviknight|Corviknight, L50, M|82/100
|-ability|p1b: Incineroar|Intimidate|boost
|-unboost|p2a: Excadrill|atk|1
|-ability|p2b: Corviknight|Mirror Armor
|-unboost|p1b: Incineroar|atk|1
|turn|4
|
|t:|1784174198
|move|p1b: Incineroar|Fake Out|p2a: Excadrill
|-resisted|p2a: Excadrill|1
|-damage|p2a: Excadrill|91/100
|-damage|p1b: Incineroar|90/100|[from] item: Life Orb
|move|p1a: Farigiraf|Thunderbolt|p2b: Corviknight
|-supereffective|p2b: Corviknight|1
|-damage|p2b: Corviknight|36/100
|-status|p2b: Corviknight|par
|cant|p2b: Corviknight|par
|cant|p2a: Excadrill|flinch
|
|-weather|Sandstorm|[upkeep]
|-damage|p1b: Incineroar|84/100|[from] Sandstorm
|-damage|p1a: Farigiraf|49/100|[from] Sandstorm
|upkeep
|turn|5
|inactive|sbhaga34 has 30 seconds left.
|
|t:|1784174223
|move|p2a: Excadrill|Protect|p2a: Excadrill
|-singleturn|p2a: Excadrill|Protect
|move|p2b: Corviknight|Brave Bird|p1b: Incineroar
|-damage|p1b: Incineroar|39/100
|-damage|p2b: Corviknight|21/100 par|[from] Recoil
|move|p1b: Incineroar|Flare Blitz|p2a: Excadrill
|-activate|p2a: Excadrill|move: Protect
|move|p1a: Farigiraf|Thunderbolt|p2b: Corviknight
|-supereffective|p2b: Corviknight|1
|-damage|p2b: Corviknight|0 fnt
|faint|p2b: Corviknight
|
|-weather|none
|-fieldend|move: Trick Room
|upkeep
|turn|6
|
|t:|1784174233
|move|p2a: Excadrill|Earthquake|p1b: Incineroar|[spread] p1a,p1b
|-supereffective|p1b: Incineroar|1
|-damage|p1a: Farigiraf|25/100
|-damage|p1b: Incineroar|0 fnt
|faint|p1b: Incineroar
|move|p1a: Farigiraf|Psychic|p2a: Excadrill
|-resisted|p2a: Excadrill|1
|-damage|p2a: Excadrill|65/100
|
|upkeep
|
|t:|1784174235
|switch|p1b: Araquanid|Araquanid, L50, M|100/100
|turn|7
|
|t:|1784174241
|move|p2a: Excadrill|Iron Head|p1a: Farigiraf
|-damage|p1a: Farigiraf|0 fnt
|faint|p1a: Farigiraf
|move|p1b: Araquanid|Surf|p2a: Excadrill
|-supereffective|p2a: Excadrill|1
|-damage|p2a: Excadrill|0 fnt
|faint|p2a: Excadrill
|
|win|Fell Blue
|raw|Fell Blue's rating: 1236 → 1258(+22 for winning)
|raw|sbhaga34's rating: 1190 → 1168(-22 for losing)
