|j|☆JaVinciVGC
|j|☆bluntmaster9000
|html|JaVinciVGCbluntmaster9000    
|uhtml|bestof|Game 2 of a best-of-3
|t:|1757858553
|gametype|doubles
|player|p1|JaVinciVGC|palmer|1364
|player|p2|bluntmaster9000|1|1404
|gen|9
|tier|[Gen 9] VGC 2025 Reg H (Bo3)
|rated|
|rule|Species Clause: Limit one of each Pokémon
|rule|Item Clause: Limit 1 of each item
|clearpoke
|poke|p1|Kingambit, L50, F|
|poke|p1|Gothitelle, L50, F|
|poke|p1|Dragapult, L50, F|
|poke|p1|Gholdengo, L50|
|poke|p1|Whimsicott, L50, M|
|poke|p1|Ursaluna-Bloodmoon, L50, M|
|poke|p2|Charizard, L50, M|
|poke|p2|Torkoal, L50, F|
|poke|p2|Jumpluff, L50, F|
|poke|p2|Ursaluna, L50, M|
|poke|p2|Incineroar, L50, F|
|poke|p2|Porygon2, L50|
|teampreview|4
|showteam|p1|Kingambit||SafetyGoggles|Defiant|KowtowCleave,SwordsDance,SuckerPunch,Protect|||F|||50|,,,,,Water]Gothitelle||SitrusBerry|ShadowTag|FakeOut,Psychic,HelpingHand,Protect|||F|||50|,,,,,Dark]Dragapult||ChoiceBand|ClearBody|DragonDarts,PhantomForce,Uturn,TeraBlast|||F|||50|,,,,,Ghost]Gholdengo||LifeOrb|GoodasGold|MakeItRain,ShadowBall,NastyPlot,Protect||||||50|,,,,,Water]Whimsicott||FocusSash|Prankster|Moonblast,Tailwind,FakeTears,Protect|||M|||50|,,,,,Ghost]Ursaluna-Bloodmoon||SilkScarf|MindsEye|HyperVoice,EarthPower,BloodMoon,Protect|||M|||50|,,,,,Normal
|showteam|p2|Charizard||ChoiceSpecs|SolarPower|HeatWave,Overheat,WeatherBall,AirSlash|||M|||50|,,,,,Ghost]Torkoal||EjectPack|Drought|Eruption,Overheat,HelpingHand,Protect|||F|||50|,,,,,Fire]Jumpluff||CovertCloak|Chlorophyll|SleepPowder,SunnyDay,LeafStorm,Tailwind|||F|||50|,,,,,Water]Ursaluna||FlameOrb|Guts|HeadlongRush,Facade,Earthquake,Protect|||M|||50|,,,,,Ghost]Incineroar||SitrusBerry|Intimidate|FlareBlitz,KnockOff,FakeOut,PartingShot|||F|||50|,,,,,Ghost]Porygon2||Eviolite|Download|IceBeam,TeraBlast,TrickRoom,Recover||||||50|,,,,,Fighting
|inactive|Battle timer is ON: inactive players will automatically lose when time's up. (requested by bluntmaster9000)
|inactive|bluntmaster9000 has 60 seconds left.
|
|t:|1757858589
|teamsize|p1|4
|teamsize|p2|4
|start
|switch|p1a: Gholdengo|Gholdengo, L50|100/100
|switch|p1b: Gothitelle|Gothitelle, L50, F|100/100
|switch|p2a: Porygon2|Porygon2, L50, shiny|100/100
|switch|p2b: Incineroar|Incineroar, L50, F|100/100
|-ability|p2b: Incineroar|Intimidate|boost
|-unboost|p1a: Gholdengo|atk|1
|-unboost|p1b: Gothitelle|atk|1
|-ability|p2a: Porygon2|Download|boost
|-boost|p2a: Porygon2|spa|1
|turn|1
|
|t:|1757858608
|move|p1b: Gothitelle|Fake Out|p2b: Incineroar
|-damage|p2b: Incineroar|97/100
|move|p1a: Gholdengo|Nasty Plot|p1a: Gholdengo
|-boost|p1a: Gholdengo|spa|2
|cant|p2b: Incineroar|flinch
|move|p2a: Porygon2|Trick Room|p2a: Porygon2
|-fieldstart|move: Trick Room|[of] p2a: Porygon2
|
|upkeep
|turn|2
|
|t:|1757858629
|switch|p1b: Kingambit|Kingambit, L50, F|100/100
|move|p1a: Gholdengo|Protect|p1a: Gholdengo
|-singleturn|p1a: Gholdengo|Protect
|move|p2a: Porygon2|Ice Beam|p1a: Gholdengo
|-activate|p1a: Gholdengo|move: Protect
|move|p2b: Incineroar|Knock Off|p1a: Gholdengo
|-activate|p1a: Gholdengo|move: Protect
|
|upkeep
|turn|3
|
|t:|1757858645
|-terastallize|p2a: Porygon2|Fighting
|-terastallize|p1a: Gholdengo|Water
|move|p1b: Kingambit|Swords Dance|p1b: Kingambit
|-boost|p1b: Kingambit|atk|2
|move|p2a: Porygon2|Tera Blast|p1b: Kingambit|[anim] Tera Blast Fighting
|-supereffective|p1b: Kingambit
|-damage|p1b: Kingambit|0 fnt
|faint|p1b: Kingambit
|move|p2b: Incineroar|Knock Off|p1a: Gholdengo
|-damage|p1a: Gholdengo|56/100
|-enditem|p1a: Gholdengo|Life Orb|[from] move: Knock Off|[of] p2b: Incineroar
|move|p1a: Gholdengo|Shadow Ball|p2b: Incineroar
|-resisted|p2b: Incineroar
|-damage|p2b: Incineroar|57/100
|
|upkeep
|
|t:|1757858648
|switch|p1b: Gothitelle|Gothitelle, L50, F|100/100
|turn|4
|
|t:|1757858670
|move|p1b: Gothitelle|Protect|p1b: Gothitelle
|-singleturn|p1b: Gothitelle|Protect
|move|p1a: Gholdengo|Protect|p1a: Gholdengo
|-singleturn|p1a: Gholdengo|Protect
|move|p2a: Porygon2|Ice Beam|p1b: Gothitelle
|-activate|p1b: Gothitelle|move: Protect
|move|p2b: Incineroar|Knock Off|p1b: Gothitelle
|-activate|p1b: Gothitelle|move: Protect
|
|upkeep
|turn|5
|
|t:|1757858677
|move|p2a: Porygon2|Tera Blast|p1a: Gholdengo|[anim] Tera Blast Fighting
|-damage|p1a: Gholdengo|0 fnt
|faint|p1a: Gholdengo
|move|p1b: Gothitelle|Psychic|p2a: Porygon2
|-supereffective|p2a: Porygon2
|-damage|p2a: Porygon2|60/100
|move|p2b: Incineroar|Knock Off|p1b: Gothitelle
|-supereffective|p1b: Gothitelle
|-damage|p1b: Gothitelle|33/100
|-enditem|p1b: Gothitelle|Sitrus Berry|[from] move: Knock Off|[of] p2b: Incineroar
|
|-fieldend|move: Trick Room
|upkeep
|
|t:|1757858680
|switch|p1a: Ursaluna|Ursaluna-Bloodmoon, L50, M|100/100
|turn|6
|
|t:|1757858701
|move|p2b: Incineroar|Knock Off|p1a: Ursaluna
|-damage|p1a: Ursaluna|68/100
|-enditem|p1a: Ursaluna|Silk Scarf|[from] move: Knock Off|[of] p2b: Incineroar
|move|p1a: Ursaluna|Hyper Voice|p2a: Porygon2|[spread] p2a,p2b
|-damage|p2a: Porygon2|36/100
|-damage|p2b: Incineroar|19/100
|-enditem|p2b: Incineroar|Sitrus Berry|[eat]
|-heal|p2b: Incineroar|44/100|[from] item: Sitrus Berry
|move|p1b: Gothitelle|Psychic|p2a: Porygon2
|-supereffective|p2a: Porygon2
|-damage|p2a: Porygon2|0 fnt
|faint|p2a: Porygon2
|
|upkeep
|
|t:|1757858711
|switch|p2a: Ursaluna|Ursaluna, L50, M, shiny|100/100
|turn|7
|
|t:|1757858728
|move|p1b: Gothitelle|Protect|p1b: Gothitelle
|-singleturn|p1b: Gothitelle|Protect
|move|p2a: Ursaluna|Protect|p2a: Ursaluna
|-singleturn|p2a: Ursaluna|Protect
|move|p2b: Incineroar|Parting Shot|p1a: Ursaluna
|-unboost|p1a: Ursaluna|atk|1
|-unboost|p1a: Ursaluna|spa|1
|
|t:|1757858735
|switch|p2b: Torkoal|Torkoal, L50, F, shiny|100/100|[from] Parting Shot
|-weather|SunnyDay|[from] ability: Drought|[of] p2b: Torkoal
|move|p1a: Ursaluna|Earth Power|p2b: Torkoal
|-supereffective|p2b: Torkoal
|-damage|p2b: Torkoal|1/100
|
|-weather|SunnyDay|[upkeep]
|-status|p2a: Ursaluna|brn|[from] item: Flame Orb
|upkeep
|turn|8
|
|t:|1757858749
|move|p1b: Gothitelle|Helping Hand|p1a: Ursaluna
|-singleturn|p1a: Ursaluna|Helping Hand|[of] p1b: Gothitelle
|move|p2b: Torkoal|Helping Hand|p2a: Ursaluna
|-singleturn|p2a: Ursaluna|Helping Hand|[of] p2b: Torkoal
|move|p1a: Ursaluna|Blood Moon|p2a: Ursaluna
|-damage|p2a: Ursaluna|27/100 brn
|move|p2a: Ursaluna|Earthquake|p1a: Ursaluna|[spread] p2b,p1a,p1b
|-supereffective|p2b: Torkoal
|-damage|p2b: Torkoal|0 fnt
|-damage|p1a: Ursaluna|0 fnt
|-damage|p1b: Gothitelle|0 fnt
|faint|p2b: Torkoal
|faint|p1a: Ursaluna
|faint|p1b: Gothitelle
|
|win|bluntmaster9000
|raw|JaVinciVGC's rating: 1364 → 1346(-18 for losing)
|raw|bluntmaster9000's rating: 1404 → 1422(+18 for winning)
|l|☆JaVinciVGC
|player|p1|
