|j|☆Octoputzi
|j|☆Gaspar8
|html|OctoputziGaspar8    
|uhtml|bestof|Game 1 of a best-of-3
|t:|1756200573
|gametype|doubles
|player|p1|Octoputzi|hoopster|1111
|player|p2|Gaspar8|102|1197
|gen|9
|tier|[Gen 9] VGC 2025 Reg H (Bo3)
|rated|
|rule|Species Clause: Limit one of each Pokémon
|rule|Item Clause: Limit 1 of each item
|clearpoke
|poke|p1|Archaludon, L50, M|
|poke|p1|Basculegion, L50, M|
|poke|p1|Pelipper, L50, F|
|poke|p1|Amoonguss, L50, F|
|poke|p1|Incineroar, L50, F|
|poke|p1|Gholdengo, L50|
|poke|p2|Volcarona, L50, M|
|poke|p2|Sinistcha, L50|
|poke|p2|Sneasler, L50, M|
|poke|p2|Ursaluna-Bloodmoon, L50, M|
|poke|p2|Dragapult, L50, M|
|poke|p2|Porygon2, L50|
|teampreview|4
|showteam|p1|Archaludon||AssaultVest|Stamina|DracoMeteor,ElectroShot,FlashCannon,BodyPress|||M|||50|,,,,,Grass]Basculegion||ChoiceBand|SwiftSwim|FlipTurn,WaveCrash,AquaJet,LastRespects|||M|||50|,,,,,Water]Pelipper||FocusSash|Drizzle|Hurricane,WeatherBall,Tailwind,Protect|||F|||50|,,,,,Stellar]Amoonguss||SitrusBerry|Regenerator|Spore,RagePowder,PollenPuff,Protect|||F|||50|,,,,,Fairy]Incineroar||SafetyGoggles|Intimidate|FakeOut,FlareBlitz,KnockOff,PartingShot|||F|||50|,,,,,Ghost]Gholdengo||LifeOrb|GoodasGold|NastyPlot,MakeItRain,ShadowBall,Protect||||||50|,,,,,Water
|showteam|p2|Volcarona||Leftovers|FlameBody|HeatWave,GigaDrain,QuiverDance,Protect|||M|||50|,,,,,Grass]Sinistcha||RockyHelmet|Hospitality|MatchaGotcha,StrengthSap,RagePowder,TrickRoom||||||50|,,,,,Fairy]Sneasler||FocusSash|Unburden|DireClaw,CloseCombat,ThroatChop,FakeOut|||M|||50|,,,,,Ghost]Ursaluna-Bloodmoon||AssaultVest|MindsEye|BloodMoon,EarthPower,HyperVoice,VacuumWave|||M|||50|,,,,,Normal]Dragapult||ChoiceBand|ClearBody|DragonDarts,Outrage,TeraBlast,Uturn|||M|||50|,,,,,Ghost]Porygon2||Eviolite|Download|TeraBlast,IceBeam,Recover,TrickRoom||||||50|,,,,,Fighting
|inactive|Battle timer is ON: inactive players will automatically lose when time's up. (requested by Octoputzi)
|inactive|Octoputzi has 60 seconds left.
|
|t:|1756200610
|teamsize|p1|4
|teamsize|p2|4
|start
|switch|p1a: Fisch|Basculegion, L50, M|100/100
|switch|p1b: Pelipper|Pelipper, L50, F|100/100
|switch|p2a: Sneasler|Sneasler, L50, M|100/100
|switch|p2b: Volcarona|Volcarona, L50, M|100/100
|-weather|RainDance|[from] ability: Drizzle|[of] p1b: Pelipper
|turn|1
|inactive|Octoputzi has 30 seconds left.
|inactive|Octoputzi has 20 seconds left.
|
|t:|1756200648
|-terastallize|p1a: Fisch|Water
|move|p2b: Volcarona|Protect|p2b: Volcarona
|-singleturn|p2b: Volcarona|Protect
|move|p1b: Pelipper|Protect|p1b: Pelipper
|-singleturn|p1b: Pelipper|Protect
|move|p1a: Fisch|Wave Crash|p2b: Volcarona
|-activate|p2b: Volcarona|move: Protect
|move|p2a: Sneasler|Throat Chop|p1a: Fisch
|-damage|p1a: Fisch|61/100
|-start|p1a: Fisch|Throat Chop|[silent]
|
|-weather|RainDance|[upkeep]
|upkeep
|turn|2
|
|t:|1756200667
|switch|p2b: Sinistcha|Sinistcha, L50, shiny|100/100
|move|p1a: Fisch|Wave Crash|p2b: Sinistcha
|-resisted|p2b: Sinistcha
|-damage|p2b: Sinistcha|4/100
|-damage|p1a: Fisch|45/100|[from] item: Rocky Helmet|[of] p2b: Sinistcha
|-damage|p1a: Fisch|17/100|[from] Recoil
|move|p2a: Sneasler|Dire Claw|p1b: Pelipper
|-damage|p1b: Pelipper|36/100
|-status|p1b: Pelipper|psn
|move|p1b: Pelipper|Hurricane|p2b: Sinistcha
|-supereffective|p2b: Sinistcha
|-damage|p2b: Sinistcha|0 fnt
|faint|p2b: Sinistcha
|
|-weather|RainDance|[upkeep]
|-damage|p1b: Pelipper|24/100 psn|[from] psn
|-end|p1a: Fisch|Throat Chop|[silent]
|upkeep
|
|t:|1756200687
|switch|p2b: Volcarona|Volcarona, L50, M|100/100
|turn|3
|
|t:|1756200703
|switch|p1b: Archaludon|Archaludon, L50, M|100/100
|move|p2b: Volcarona|Protect|p2b: Volcarona
|-singleturn|p2b: Volcarona|Protect
|move|p1a: Fisch|Wave Crash|p2a: Sneasler
|-enditem|p2a: Sneasler|Focus Sash
|-damage|p2a: Sneasler|1/100
|-damage|p1a: Fisch|0 fnt|[from] Recoil
|faint|p1a: Fisch
|move|p2a: Sneasler|Throat Chop|p1b: Archaludon
|-damage|p1b: Archaludon|77/100
|-start|p1b: Archaludon|Throat Chop|[silent]
|-ability|p1b: Archaludon|Stamina|boost
|-boost|p1b: Archaludon|def|1
|
|-weather|RainDance|[upkeep]
|upkeep
|
|t:|1756200710
|switch|p1a: Incineroar|Incineroar, L50, F|100/100
|-ability|p1a: Incineroar|Intimidate|boost
|-unboost|p2a: Sneasler|atk|1
|-unboost|p2b: Volcarona|atk|1
|turn|4
|inactive|Octoputzi has 30 seconds left.
|
|t:|1756200740
|move|p1a: Incineroar|Fake Out|p2a: Sneasler
|-damage|p2a: Sneasler|0 fnt
|faint|p2a: Sneasler
|move|p2b: Volcarona|Quiver Dance|p2b: Volcarona
|-boost|p2b: Volcarona|spa|1
|-boost|p2b: Volcarona|spd|1
|-boost|p2b: Volcarona|spe|1
|move|p1b: Archaludon|Electro Shot||[still]
|-prepare|p1b: Archaludon|Electro Shot
|-boost|p1b: Archaludon|spa|1
|-anim|p1b: Archaludon|Electro Shot|p2b: Volcarona
|-damage|p2b: Volcarona|64/100
|
|-weather|RainDance|[upkeep]
|-heal|p2b: Volcarona|70/100|[from] item: Leftovers
|-end|p1b: Archaludon|Throat Chop|[silent]
|upkeep
|
|t:|1756200754
|switch|p2a: Dragapult|Dragapult, L50, M|100/100
|turn|5
|
|t:|1756200773
|move|p2a: Dragapult|Outrage|p1b: Archaludon
|-damage|p1b: Archaludon|24/100
|-ability|p1b: Archaludon|Stamina|boost
|-boost|p1b: Archaludon|def|1
|move|p2b: Volcarona|Quiver Dance|p2b: Volcarona
|-boost|p2b: Volcarona|spa|1
|-boost|p2b: Volcarona|spd|1
|-boost|p2b: Volcarona|spe|1
|move|p1b: Archaludon|Electro Shot||[still]
|-prepare|p1b: Archaludon|Electro Shot
|-boost|p1b: Archaludon|spa|1
|-anim|p1b: Archaludon|Electro Shot|p2a: Dragapult
|-resisted|p2a: Dragapult
|-damage|p2a: Dragapult|47/100
|move|p1a: Incineroar|Knock Off|p2a: Dragapult
|-supereffective|p2a: Dragapult
|-damage|p2a: Dragapult|0 fnt
|-enditem|p2a: Dragapult|Choice Band|[from] move: Knock Off|[of] p1a: Incineroar
|faint|p2a: Dragapult
|
|-weather|none
|-heal|p2b: Volcarona|76/100|[from] item: Leftovers
|upkeep
|turn|6
|
|t:|1756200796
|switch|p1a: Pelipper|Pelipper, L50, F|24/100 psn
|-weather|RainDance|[from] ability: Drizzle|[of] p1a: Pelipper
|move|p2b: Volcarona|Heat Wave|p1a: Pelipper|[spread] p1a
|-miss|p2b: Volcarona|p1b: Archaludon
|-resisted|p1a: Pelipper
|-damage|p1a: Pelipper|0 fnt
|faint|p1a: Pelipper
|move|p1b: Archaludon|Electro Shot||[still]
|-prepare|p1b: Archaludon|Electro Shot
|-boost|p1b: Archaludon|spa|1
|-anim|p1b: Archaludon|Electro Shot|p2b: Volcarona
|-damage|p2b: Volcarona|26/100
|
|-weather|RainDance|[upkeep]
|-heal|p2b: Volcarona|32/100|[from] item: Leftovers
|upkeep
|
|t:|1756200803
|switch|p1a: Incineroar|Incineroar, L50, F|100/100
|-ability|p1a: Incineroar|Intimidate|boost
|-unboost|p2b: Volcarona|atk|1
|turn|7
|
|t:|1756200815
|move|p2b: Volcarona|Protect|p2b: Volcarona
|-singleturn|p2b: Volcarona|Protect
|move|p1a: Incineroar|Fake Out|p2b: Volcarona
|-activate|p2b: Volcarona|move: Protect
|move|p1b: Archaludon|Electro Shot||[still]
|-prepare|p1b: Archaludon|Electro Shot
|-boost|p1b: Archaludon|spa|1
|-anim|p1b: Archaludon|Electro Shot|p2b: Volcarona
|-activate|p2b: Volcarona|move: Protect
|
|-weather|RainDance|[upkeep]
|-heal|p2b: Volcarona|38/100|[from] item: Leftovers
|upkeep
|turn|8
|
|t:|1756200829
|move|p2b: Volcarona|Heat Wave|p1b: Archaludon|[spread] p1a,p1b
|-resisted|p1a: Incineroar
|-damage|p1a: Incineroar|89/100
|-damage|p1b: Archaludon|0 fnt
|faint|p1b: Archaludon
|move|p1a: Incineroar|Knock Off|p2b: Volcarona
|-damage|p2b: Volcarona|3/100
|-enditem|p2b: Volcarona|Leftovers|[from] move: Knock Off|[of] p1a: Incineroar
|
|-weather|RainDance|[upkeep]
|upkeep
|turn|9
|
|t:|1756200840
|-terastallize|p2b: Volcarona|Grass
|move|p2b: Volcarona|Giga Drain|p1a: Incineroar
|-resisted|p1a: Incineroar
|-damage|p1a: Incineroar|68/100
|-heal|p2b: Volcarona|14/100|[from] drain|[of] p1a: Incineroar
|move|p1a: Incineroar|Flare Blitz|p2b: Volcarona
|-supereffective|p2b: Volcarona
|-damage|p2b: Volcarona|0 fnt
|faint|p2b: Volcarona
|-damage|p1a: Incineroar|63/100|[from] Recoil
|
|win|Octoputzi
||Octoputzi is ready for game 2.
|inactive|Gaspar8 has 30 seconds to confirm battle start!
|l|☆Gaspar8
|player|p2|
||Gaspar8 is ready for game 2.
|uhtml|next|Next: Game 2 of 3
