|j|☆Gundnub
|j|☆prove it to ya
|html|Gundnubprove it to ya    
|uhtml|bestof|Game 1 of a best-of-3
|t:|1786062804
|gametype|doubles
|player|p1|Gundnub|169|
|player|p2|prove it to ya|pokemonranger-gen4|
|gen|9
|tier|[Gen 9 Champions] VGC 2026 Reg M-B (Bo3)
|rule|Species Clause: Limit one of each Pokémon
|rule|Item Clause: Limit 1 of each item
|clearpoke
|poke|p1|Staraptor, L50, M|
|poke|p1|Garchomp, L50, M|
|poke|p1|Whimsicott, L50, M|
|poke|p1|Delphox, L50, M|
|poke|p1|Glimmora, L50, M|
|poke|p1|Kingambit, L50, M|
|poke|p2|Kingambit, L50, M|
|poke|p2|Gardevoir, L50, F|
|poke|p2|Talonflame, L50, F|
|poke|p2|Maushold, L50|
|poke|p2|Basculegion, L50, M|
|poke|p2|Garchomp, L50, M|
|teampreview|4
|showteam|p1|Staraptor||Staraptite|Intimidate|Protect,Roost,CloseCombat,BraveBird|Jolly||M|||50|]Garchomp||LifeOrb|RoughSkin|Protect,RockSlide,Earthquake,DragonClaw|Jolly||M|||50|]Whimsicott||OccaBerry|Prankster|Moonblast,Tailwind,Charm,LightScreen|Timid||M|||50|]Delphox||Delphoxite|Magician|Protect,Psychic,HeatWave,Substitute|Timid||M|||50|]Glimmora||FocusSash|ToxicDebris|SpikyShield,SludgeBomb,EarthPower,PowerGem|Timid||M|||50|]Kingambit||ChopleBerry|Defiant|SuckerPunch,LowKick,IronHead,KowtowCleave|Adamant||M|||50|
|showteam|p2|Kingambit||FocusSash|Defiant|KowtowCleave,IronHead,SuckerPunch,LowKick|Adamant||M|||50|]Gardevoir||Gardevoirite|Telepathy|HyperVoice,Psyshock,TrickRoom,Protect|Modest||F|||50|]Talonflame||LifeOrb|GaleWings|DualWingbeat,FlareBlitz,Tailwind,Protect|Jolly||F|||50|]Maushold||ChopleBerry|FriendGuard|Feint,SuperFang,FollowMe,Protect|Impish|||||50|]Basculegion||MysticWater|Adaptability|WaveCrash,LastRespects,AquaJet,Protect|Adamant||M|||50|]Garchomp||SitrusBerry|RoughSkin|Earthquake,StompingTantrum,RockTomb,Protect|Adamant||M|||50|
|
|t:|1786062857
|teamsize|p1|4
|teamsize|p2|4
|start
|switch|p1a: Glimmora|Glimmora, L50, M|100/100
|switch|p1b: Kingambit|Kingambit, L50, M|100/100
|switch|p2a: Talonflame|Talonflame, L50, F|100/100
|switch|p2b: Garchomp|Garchomp, L50, M|100/100
|turn|1
|
|t:|1786062903
|switch|p1b: Staraptor|Staraptor, L50, M|100/100
|-ability|p1b: Staraptor|Intimidate|boost
|-unboost|p2a: Talonflame|atk|1
|-unboost|p2b: Garchomp|atk|1
|move|p2a: Talonflame|Tailwind|p2a: Talonflame
|-sidestart|p2: prove it to ya|move: Tailwind
|move|p2b: Garchomp|Earthquake|p1b: Staraptor|[spread] p1a
|-immune|p2a: Talonflame
|-immune|p1b: Staraptor
|-supereffective|p1a: Glimmora|2
|-enditem|p1a: Glimmora|Focus Sash
|-damage|p1a: Glimmora|1/100
|-activate|p1a: Glimmora|ability: Toxic Debris
|-sidestart|p2: prove it to ya|move: Toxic Spikes
|move|p1a: Glimmora|Power Gem|p2a: Talonflame
|-supereffective|p2a: Talonflame|2
|-damage|p2a: Talonflame|0 fnt
|faint|p2a: Talonflame
|
|upkeep
|
|t:|1786062914
|switch|p2a: Gardevoir|Gardevoir, L50, F|100/100
|-status|p2a: Gardevoir|psn
|turn|2
|
|t:|1786062955
|detailschange|p2a: Gardevoir|Gardevoir-Mega, L50, F
|-mega|p2a: Gardevoir|Gardevoir|Gardevoirite
|move|p1b: Staraptor|Protect|p1b: Staraptor
|-singleturn|p1b: Staraptor|Protect
|move|p1a: Glimmora|Spiky Shield|p1a: Glimmora
|-singleturn|p1a: Glimmora|move: Protect
|move|p2b: Garchomp|Stomping Tantrum|p1a: Glimmora
|-activate|p1a: Glimmora|move: Protect
|-damage|p2b: Garchomp|87/100|[from] Spiky Shield|[of] p1a: Glimmora
|move|p2a: Gardevoir|Hyper Voice|p1b: Staraptor|[spread] 
|-activate|p1a: Glimmora|move: Protect
|-activate|p1b: Staraptor|move: Protect
|
|-damage|p2a: Gardevoir|88/100 psn|[from] psn
|upkeep
|turn|3
|
|t:|1786063016
|switch|p1b: Kingambit|Kingambit, L50, M|100/100
|move|p2b: Garchomp|Stomping Tantrum|p1b: Kingambit
|-supereffective|p1b: Kingambit|1
|-damage|p1b: Kingambit|56/100
|move|p2a: Gardevoir|Hyper Voice|p1b: Kingambit|[spread] p1a,p1b
|-resisted|p1a: Glimmora|1
|-damage|p1a: Glimmora|0 fnt
|-damage|p1b: Kingambit|12/100
|faint|p1a: Glimmora
|
|-damage|p2a: Gardevoir|76/100 psn|[from] psn
|upkeep
|
|t:|1786063047
|switch|p1a: Garchomp|Garchomp, L50, M|100/100
|turn|4
|
|t:|1786063121
|move|p2a: Gardevoir|Protect|p2a: Gardevoir
|-singleturn|p2a: Gardevoir|Protect
|move|p1a: Garchomp|Protect|p1a: Garchomp
|-singleturn|p1a: Garchomp|Protect
|move|p1b: Kingambit|Sucker Punch||[still]
|-fail|p1b: Kingambit
|move|p2b: Garchomp|Earthquake|p1a: Garchomp|[spread] p1b
|-activate|p2a: Gardevoir|move: Protect
|-activate|p1a: Garchomp|move: Protect
|-supereffective|p1b: Kingambit|1
|-damage|p1b: Kingambit|0 fnt
|faint|p1b: Kingambit
|
|-damage|p2a: Gardevoir|64/100 psn|[from] psn
|-sideend|p2: prove it to ya|move: Tailwind
|upkeep
|
|t:|1786063128
|switch|p1b: Staraptor|Staraptor, L50, M|100/100
|-ability|p1b: Staraptor|Intimidate|boost
|-unboost|p2a: Gardevoir|atk|1
|-unboost|p2b: Garchomp|atk|1
|turn|5
|l|☆prove it to ya
|player|p2|
|j|☆prove it to ya
|player|p2|prove it to ya|pokemonranger-gen4|
|
|t:|1786063278
|switch|p2b: Basculegion|Basculegion, L50, M|100/100
|-status|p2b: Basculegion|psn
|detailschange|p1b: Staraptor|Staraptor-Mega, L50, M
|-mega|p1b: Staraptor|Staraptor|Staraptite
|move|p1b: Staraptor|Brave Bird|p2a: Gardevoir
|-damage|p2a: Gardevoir|0 fnt
|faint|p2a: Gardevoir
|-damage|p1b: Staraptor|80/100|[from] Recoil
|move|p1a: Garchomp|Earthquake|p2b: Basculegion|[spread] p2b
|-immune|p1b: Staraptor
|-damage|p2b: Basculegion|46/100 psn
|-damage|p1a: Garchomp|90/100|[from] item: Life Orb
|
|-damage|p2b: Basculegion|33/100 psn|[from] psn
|upkeep
|
|t:|1786063294
|switch|p2a: Garchomp|Garchomp, L50, M|87/100
|-status|p2a: Garchomp|psn
|turn|6
|
|t:|1786063311
|move|p2b: Basculegion|Aqua Jet|p1b: Staraptor
|-damage|p1b: Staraptor|49/100
|move|p1b: Staraptor|Close Combat|p2a: Garchomp
|-damage|p2a: Garchomp|34/100 psn
|-boost|p1b: Staraptor|def|1
|-boost|p1b: Staraptor|spd|1
|-damage|p1b: Staraptor|37/100|[from] ability: Rough Skin|[of] p2a: Garchomp
|-enditem|p2a: Garchomp|Sitrus Berry|[eat]
|-heal|p2a: Garchomp|58/100 psn|[from] item: Sitrus Berry
|move|p1a: Garchomp|Earthquake|p2a: Garchomp|[spread] p2a,p2b
|-immune|p1b: Staraptor
|-damage|p2a: Garchomp|12/100 psn
|-damage|p2b: Basculegion|0 fnt
|faint|p2b: Basculegion
|-damage|p1a: Garchomp|80/100|[from] item: Life Orb
|move|p2a: Garchomp|Stomping Tantrum|p1a: Garchomp
|-damage|p1a: Garchomp|40/100
|-damage|p2a: Garchomp|0 fnt|[from] ability: Rough Skin|[of] p1a: Garchomp
|faint|p2a: Garchomp
|
|win|Gundnub
