|j|☆monsoonisbest
|j|☆Artere Happy
|html|monsoonisbestArtere Happy    
|uhtml|bestof|Game 2 of a best-of-3
|t:|1785488824
|gametype|doubles
|player|p1|monsoonisbest|2|1297
|player|p2|Artere Happy|1|1168
|gen|9
|tier|[Gen 9 Champions] VGC 2026 Reg M-B (Bo3)
|rated|
|rule|Species Clause: Limit one of each Pokémon
|rule|Item Clause: Limit 1 of each item
|clearpoke
|poke|p1|Appletun, L50, M|
|poke|p1|Farigiraf, L50, F|
|poke|p1|Mawile, L50, M|
|poke|p1|Sylveon, L50, M|
|poke|p1|Charizard, L50, F|
|poke|p1|Garchomp, L50, M|
|poke|p2|Venusaur, L50, F|
|poke|p2|Mamoswine, L50, M|
|poke|p2|Charizard, L50, M|
|poke|p2|Garchomp, L50, F|
|poke|p2|Sylveon, L50, F|
|poke|p2|Incineroar, L50, F|
|teampreview|4
|showteam|p1|Appletun||Leftovers|ThickFat|DracoMeteor,AppleAcid,Recover,Protect|Bold||M|||50|]Farigiraf||SitrusBerry|ArmorTail|Psychic,Thunderbolt,TrickRoom,Protect|Bold||F|||50|]Mawile||Mawilite|Intimidate|PlayRough,SuckerPunch,RockSlide,Protect|Adamant||M|||50|]Sylveon||FairyFeather|Pixilate|HyperVoice,HyperBeam,QuickAttack,Protect|Modest||M|||50|]Charizard||CharizarditeY|Blaze|HeatWave,SolarBeam,WeatherBall,Protect|Modest||F|||50|]Garchomp||LifeOrb|RoughSkin|Earthquake,DragonClaw,StompingTantrum,Protect|Jolly||M|||50|
|showteam|p2|Venusaur||LifeOrb|Chlorophyll|SolarBeam,SludgeBomb,EarthPower,Protect|Modest||F|||50|]Mamoswine||FocusSash|Oblivious|HighHorsepower,RockTomb,IceShard,Protect|Jolly||M|||50|]Charizard||CharizarditeY|Blaze|HeatWave,WeatherBall,HelpingHand,Protect|Modest||M|||50|]Garchomp||ChoiceScarf|RoughSkin|Earthquake,DragonClaw,RockSlide,StompingTantrum|Adamant||F|||50|]Sylveon||FairyFeather|Pixilate|HyperVoice,Yawn,Moonblast,Detect|Modest||F|||50|]Incineroar||SitrusBerry|Intimidate|FakeOut,PartingShot,FlareBlitz,ThroatChop|Careful||F|||50|
|
|t:|1785488845
|teamsize|p1|4
|teamsize|p2|4
|start
|switch|p1a: Garchomp|Garchomp, L50, M|100/100
|switch|p1b: Farigiraf|Farigiraf, L50, F|100/100
|switch|p2a: Mamoswine|Mamoswine, L50, M|100/100
|switch|p2b: Charizard|Charizard, L50, M|100/100
|turn|1
|
|t:|1785488863
|switch|p2a: Incineroar|Incineroar, L50, F|100/100
|-ability|p2a: Incineroar|Intimidate|boost
|-unboost|p1a: Garchomp|atk|1
|-unboost|p1b: Farigiraf|atk|1
|detailschange|p2b: Charizard|Charizard-Mega-Y, L50, M
|-mega|p2b: Charizard|Charizard|Charizardite Y
|-weather|SunnyDay|[from] ability: Drought|[of] p2b: Charizard
|move|p1a: Garchomp|Dragon Claw|p2b: Charizard
|-damage|p2b: Charizard|63/100
|-damage|p1a: Garchomp|90/100|[from] item: Life Orb
|move|p2b: Charizard|Weather Ball|p1b: Farigiraf
|-damage|p1b: Farigiraf|29/100
|-enditem|p1b: Farigiraf|Sitrus Berry|[eat]
|-heal|p1b: Farigiraf|54/100|[from] item: Sitrus Berry
|move|p1b: Farigiraf|Trick Room|p1b: Farigiraf
|-fieldstart|move: Trick Room|[of] p1b: Farigiraf
|
|-weather|SunnyDay|[upkeep]
|upkeep
|turn|2
|
|t:|1785488900
|move|p2a: Incineroar|Parting Shot|p1a: Garchomp
|-unboost|p1a: Garchomp|atk|1
|-unboost|p1a: Garchomp|spa|1
|inactive|Battle timer is ON: inactive players will automatically lose when time's up. (requested by monsoonisbest)
|
|t:|1785488929
|switch|p2a: Mamoswine|Mamoswine, L50, M|100/100|[from] Parting Shot
|move|p1b: Farigiraf|Thunderbolt|p2b: Charizard
|-supereffective|p2b: Charizard|1
|-damage|p2b: Charizard|21/100
|-status|p2b: Charizard|par
|move|p2b: Charizard|Weather Ball|p1b: Farigiraf
|-damage|p1b: Farigiraf|0 fnt
|faint|p1b: Farigiraf
|move|p1a: Garchomp|Dragon Claw|p2b: Charizard
|-damage|p2b: Charizard|0 fnt
|faint|p2b: Charizard
|-damage|p1a: Garchomp|80/100|[from] item: Life Orb
|
|-weather|SunnyDay|[upkeep]
|upkeep
|
|t:|1785488942
|switch|p1b: Appletun|Appletun, L50, M|100/100
|switch|p2b: Incineroar|Incineroar, L50, F|100/100
|-ability|p2b: Incineroar|Intimidate|boost
|-unboost|p1a: Garchomp|atk|1
|-unboost|p1b: Appletun|atk|1
|turn|3
|inactive|Artere Happy has 30 seconds left.
|inactive|Artere Happy has 20 seconds left.
|
|t:|1785488982
|switch|p1a: Mawile|Mawile, L50, M|100/100
|-ability|p1a: Mawile|Intimidate|boost
|-fail|p2a: Mamoswine|unboost|Attack|[from] ability: Oblivious|[of] p2a: Mamoswine
|-unboost|p2b: Incineroar|atk|1
|move|p2b: Incineroar|Fake Out|p1a: Mawile
|-resisted|p1a: Mawile|1
|-damage|p1a: Mawile|95/100
|move|p2a: Mamoswine|Ice Shard|p1b: Appletun
|-supereffective|p1b: Appletun|2
|-damage|p1b: Appletun|64/100
|move|p1b: Appletun|Apple Acid|p2a: Mamoswine
|-supereffective|p2a: Mamoswine|1
|-damage|p2a: Mamoswine|4/100
|-unboost|p2a: Mamoswine|spd|1
|
|-weather|SunnyDay|[upkeep]
|-heal|p1b: Appletun|70/100|[from] item: Leftovers
|upkeep
|turn|4
|inactive|monsoonisbest has 30 seconds left.
|
|t:|1785489012
|detailschange|p1a: Mawile|Mawile-Mega, L50, M
|-mega|p1a: Mawile|Mawile|Mawilite
|move|p2a: Mamoswine|Protect|p2a: Mamoswine
|-singleturn|p2a: Mamoswine|Protect
|move|p1b: Appletun|Apple Acid|p2b: Incineroar
|-resisted|p2b: Incineroar|1
|-damage|p2b: Incineroar|87/100
|-unboost|p2b: Incineroar|spd|1
|move|p1a: Mawile|Rock Slide|p2a: Mamoswine|[spread] p2b
|-activate|p2a: Mamoswine|move: Protect
|-supereffective|p2b: Incineroar|1
|-damage|p2b: Incineroar|33/100
|-enditem|p2b: Incineroar|Sitrus Berry|[eat]
|-heal|p2b: Incineroar|57/100|[from] item: Sitrus Berry
|cant|p2b: Incineroar|flinch
|
|-weather|SunnyDay|[upkeep]
|-heal|p1b: Appletun|76/100|[from] item: Leftovers
|upkeep
|turn|5
|inactive|Artere Happy has 30 seconds left.
|inactive|Artere Happy has 20 seconds left.
|inactive|Artere Happy has 15 seconds left.
|inactive|Artere Happy has 10 seconds left.
|inactive|Artere Happy has 5 seconds left.
|
|t:|1785489067
|move|p1b: Appletun|Draco Meteor|p2b: Incineroar
|-damage|p2b: Incineroar|7/100
|-unboost|p1b: Appletun|spa|2
|move|p1a: Mawile|Rock Slide|p2b: Incineroar|[spread] p2a,p2b
|-supereffective|p2b: Incineroar|1
|-damage|p2a: Mamoswine|0 fnt
|-damage|p2b: Incineroar|0 fnt
|faint|p2a: Mamoswine
|faint|p2b: Incineroar
|
|-weather|none
|-heal|p1b: Appletun|82/100|[from] item: Leftovers
|-fieldend|move: Trick Room
|upkeep
|
|t:|1785489091
|switch|p2b: Venusaur|Venusaur, L50, F|100/100
|turn|6
|
|t:|1785489099
|switch|p1b: Garchomp|Garchomp, L50, M|80/100
|move|p2b: Venusaur|Earth Power|p1a: Mawile
|-supereffective|p1a: Mawile|1
|-damage|p1a: Mawile|21/100
|-damage|p2b: Venusaur|90/100|[from] item: Life Orb
|move|p1a: Mawile|Rock Slide|p2b: Venusaur
|-damage|p2b: Venusaur|39/100
|
|upkeep
|turn|7
|inactive|Artere Happy has 30 seconds left.
|
|t:|1785489134
|move|p1a: Mawile|Sucker Punch|p2b: Venusaur
|-damage|p2b: Venusaur|0 fnt
|faint|p2b: Venusaur
|
|win|monsoonisbest
