|j|☆jagheter
|j|☆ScrewSalesman
|html|jagheterScrewSalesman    
|uhtml|bestof|Game 3 of a best-of-3
|t:|1756440145
|gametype|doubles
|player|p1|jagheter|worker|1032
|player|p2|ScrewSalesman|cynthia-gen4|1168
|gen|9
|tier|[Gen 9] VGC 2025 Reg H (Bo3)
|rated|
|rule|Species Clause: Limit one of each Pokémon
|rule|Item Clause: Limit 1 of each item
|clearpoke
|poke|p1|Venusaur, L50, F|
|poke|p1|Volcarona, L50, F|
|poke|p1|Incineroar, L50, M|
|poke|p1|Grimmsnarl, L50, M|
|poke|p1|Dondozo, L50, M|
|poke|p1|Rillaboom, L50, F|
|poke|p2|Porygon2, L50|
|poke|p2|Incineroar, L50, M|
|poke|p2|Ursaluna, L50, F|
|poke|p2|Jumpluff, L50, M|
|poke|p2|Charizard, L50, M|
|poke|p2|Torkoal, L50, M|
|teampreview|4
|showteam|p1|Venusaur||WideLens|Chlorophyll|SleepPowder,Protect,SludgeBomb,EarthPower|||F|||50|,,,,,Ghost]Volcarona||CovertCloak|FlameBody|FieryDance,GigaDrain,QuiverDance,Protect|||F|||50|,,,,,Dragon]Incineroar||MirrorHerb|Intimidate|FakeOut,KnockOff,Taunt,FlareBlitz|||M|||50|,,,,,Ghost]Grimmsnarl||BlackGlasses|Prankster|Reflect,LightScreen,SpiritBreak,SuckerPunch|||M|||50|,,,,,Dark]Dondozo||Leftovers|Unaware|Fissure,Protect,Liquidation,Yawn|||M|||50|,,,,,Ghost]Rillaboom||AssaultVest|GrassySurge|FakeOut,WoodHammer,GrassyGlide,Uturn|||F|||50|,,,,,Fire
|showteam|p2|Porygon2||Eviolite|Download|TeraBlast,IceBeam,TrickRoom,Recover||||||50|,,,,,Fighting]Incineroar||SitrusBerry|Intimidate|FakeOut,KnockOff,FlareBlitz,PartingShot|||M|||50|,,,,,Ghost]Ursaluna||FlameOrb|Guts|HeadlongRush,Facade,Earthquake,Protect|||F|||50|,,,,,Ghost]Jumpluff||CovertCloak|Chlorophyll|RagePowder,PollenPuff,Tailwind,SleepPowder|||M|||50|,,,,,Water]Charizard||ChoiceSpecs|SolarPower|HeatWave,Overheat,WeatherBall,DragonPulse|||M|||50|,,,,,Ghost]Torkoal||EjectPack|Drought|Overheat,Eruption,HelpingHand,Protect|||M|||50|,,,,,Fire
|inactive|Battle timer is ON: inactive players will automatically lose when time's up. (requested by ScrewSalesman)
|
|t:|1756440171
|teamsize|p1|4
|teamsize|p2|4
|start
|switch|p1a: Venusaur|Venusaur, L50, F, shiny|100/100
|switch|p1b: Volcarona|Volcarona, L50, F, shiny|100/100
|switch|p2a: Charizard|Charizard, L50, M, shiny|100/100
|switch|p2b: Incineroar|Incineroar, L50, M|100/100
|-ability|p2b: Incineroar|Intimidate|boost
|-unboost|p1a: Venusaur|atk|1
|-unboost|p1b: Volcarona|atk|1
|turn|1
|inactive|jagheter has 30 seconds left.
|inactive|jagheter has 20 seconds left.
|
|t:|1756440209
|switch|p1a: Grimmsnarl|Grimmsnarl, L50, M, shiny|100/100
|-terastallize|p1b: Volcarona|Dragon
|move|p2a: Charizard|Heat Wave|p1b: Volcarona|[spread] p1a,p1b
|-resisted|p1b: Volcarona
|-damage|p1a: Grimmsnarl|45/100
|-damage|p1b: Volcarona|77/100
|move|p1b: Volcarona|Quiver Dance|p1b: Volcarona
|-boost|p1b: Volcarona|spa|1
|-boost|p1b: Volcarona|spd|1
|-boost|p1b: Volcarona|spe|1
|move|p2b: Incineroar|Knock Off|p1b: Volcarona
|-damage|p1b: Volcarona|19/100
|-enditem|p1b: Volcarona|Covert Cloak|[from] move: Knock Off|[of] p2b: Incineroar
|
|upkeep
|turn|2
|inactive|ScrewSalesman has 30 seconds left.
|
|t:|1756440236
|move|p1b: Volcarona|Protect|p1b: Volcarona
|-singleturn|p1b: Volcarona|Protect
|move|p1a: Grimmsnarl|Light Screen|p1a: Grimmsnarl
|-sidestart|p1: jagheter|move: Light Screen
|move|p2a: Charizard|Heat Wave|p1b: Volcarona|[spread] p1a
|-activate|p1b: Volcarona|move: Protect
|-damage|p1a: Grimmsnarl|7/100
|move|p2b: Incineroar|Parting Shot|p1a: Grimmsnarl
|-unboost|p1a: Grimmsnarl|atk|1
|-unboost|p1a: Grimmsnarl|spa|1
|
|t:|1756440246
|switch|p2b: Porygon2|Porygon2, L50, shiny|100/100|[from] Parting Shot
|-ability|p2b: Porygon2|Download|boost
|-boost|p2b: Porygon2|atk|1
|
|upkeep
|turn|3
|
|t:|1756440262
|move|p1a: Grimmsnarl|Sucker Punch|p2a: Charizard
|-damage|p2a: Charizard|63/100
|move|p1b: Volcarona|Giga Drain|p2b: Porygon2
|-damage|p2b: Porygon2|77/100
|-heal|p1b: Volcarona|31/100|[from] drain|[of] p2b: Porygon2
|move|p2a: Charizard|Heat Wave|p1a: Grimmsnarl|[spread] p1a,p1b
|-resisted|p1b: Volcarona
|-damage|p1a: Grimmsnarl|0 fnt
|-damage|p1b: Volcarona|21/100
|faint|p1a: Grimmsnarl
|move|p2b: Porygon2|Ice Beam|p1b: Volcarona
|-supereffective|p1b: Volcarona
|-crit|p1b: Volcarona
|-damage|p1b: Volcarona|0 fnt
|faint|p1b: Volcarona
|
|upkeep
|
|t:|1756440281
|switch|p1b: Venusaur|Venusaur, L50, F, shiny|100/100
|switch|p1a: Dondozo|Dondozo, L50, M, shiny|100/100
|turn|4
|
|t:|1756440302
|switch|p2a: Incineroar|Incineroar, L50, M|100/100
|-ability|p2a: Incineroar|Intimidate|boost
|-unboost|p1a: Dondozo|atk|1
|-unboost|p1b: Venusaur|atk|1
|move|p1b: Venusaur|Sleep Powder|p2b: Porygon2
|-status|p2b: Porygon2|slp|[from] move: Sleep Powder
|cant|p2b: Porygon2|slp
|move|p1a: Dondozo|Liquidation|p2a: Incineroar
|-supereffective|p2a: Incineroar
|-damage|p2a: Incineroar|61/100
|-unboost|p2a: Incineroar|def|1
|
|upkeep
|turn|5
|
|t:|1756440320
|move|p1b: Venusaur|Protect|p1b: Venusaur
|-singleturn|p1b: Venusaur|Protect
|move|p2a: Incineroar|Knock Off|p1a: Dondozo
|-crit|p1a: Dondozo
|-damage|p1a: Dondozo|63/100
|-enditem|p1a: Dondozo|Leftovers|[from] move: Knock Off|[of] p2a: Incineroar
|cant|p2b: Porygon2|slp
|move|p1a: Dondozo|Liquidation|p2a: Incineroar
|-supereffective|p2a: Incineroar
|-damage|p2a: Incineroar|25/100
|-enditem|p2a: Incineroar|Sitrus Berry|[eat]
|-heal|p2a: Incineroar|50/100|[from] item: Sitrus Berry
|
|upkeep
|turn|6
|inactive|ScrewSalesman has 30 seconds left.
|
|t:|1756440350
|move|p1b: Venusaur|Sleep Powder|p2a: Incineroar
|-status|p2a: Incineroar|slp|[from] move: Sleep Powder
|cant|p2a: Incineroar|slp
|cant|p2b: Porygon2|slp
|move|p1a: Dondozo|Fissure|p2b: Porygon2
|-damage|p2b: Porygon2|0 fnt
|faint|p2b: Porygon2
|-ohko
|
|-sideend|p1: jagheter|move: Light Screen
|upkeep
|
|t:|1756440361
|switch|p2b: Ursaluna|Ursaluna, L50, F|100/100
|turn|7
|
|t:|1756440368
|switch|p2a: Charizard|Charizard, L50, M, shiny|63/100
|move|p2b: Ursaluna|Protect|p2b: Ursaluna
|-singleturn|p2b: Ursaluna|Protect
|move|p1b: Venusaur|Sleep Powder|p2b: Ursaluna
|-activate|p2b: Ursaluna|move: Protect
|move|p1a: Dondozo|Liquidation|p2a: Charizard
|-supereffective|p2a: Charizard
|-damage|p2a: Charizard|11/100
|
|-status|p2b: Ursaluna|brn|[from] item: Flame Orb
|upkeep
|turn|8
|
|t:|1756440387
|move|p1b: Venusaur|Protect|p1b: Venusaur
|-singleturn|p1b: Venusaur|Protect
|move|p2a: Charizard|Heat Wave|p1b: Venusaur|[spread] p1a
|-activate|p1b: Venusaur|move: Protect
|-resisted|p1a: Dondozo
|-damage|p1a: Dondozo|43/100
|move|p2b: Ursaluna|Facade|p1a: Dondozo
|-damage|p1a: Dondozo|0 fnt
|faint|p1a: Dondozo
|
|-damage|p2b: Ursaluna|95/100 brn|[from] brn
|upkeep
|turn|9
|
|t:|1756440404
|move|p2a: Charizard|Heat Wave|p1b: Venusaur
|-supereffective|p1b: Venusaur
|-damage|p1b: Venusaur|0 fnt
|faint|p1b: Venusaur
|
|win|ScrewSalesman
|raw|jagheter's rating: 1032 → 1023(-9 for losing)
|raw|ScrewSalesman's rating: 1168 → 1184(+16 for winning)
