|j|☆gladland
|j|‽Gejeknf
|html|gladlandGejeknf    
|uhtml|bestof|Game 2 of a best-of-3
|t:|1757823894
|gametype|doubles
|player|p1|gladland|2|1061
|player|p2|Gejeknf|170|1088
|gen|9
|tier|[Gen 9] VGC 2025 Reg H (Bo3)
|rated|
|rule|Species Clause: Limit one of each Pokémon
|rule|Item Clause: Limit 1 of each item
|clearpoke
|poke|p1|Kingambit, L50, F|
|poke|p1|Delphox, L50, M|
|poke|p1|Pelipper, L50, M|
|poke|p1|Archaludon, L50, F|
|poke|p1|Indeedee, L50, M|
|poke|p1|Sneasler, L50, M|
|poke|p2|Dragapult, L50, F|
|poke|p2|Whimsicott, L50, M|
|poke|p2|Gholdengo, L50|
|poke|p2|Rillaboom, L50, M|
|poke|p2|Sneasler, L50, M|
|poke|p2|Ursaluna, L50, M|
|teampreview|4
|showteam|p1|Kingambit||LifeOrb|SupremeOverlord|LowKick,IronHead,KowtowCleave,SuckerPunch|||F|||50|,,,,,Ghost]Delphox||FocusSash|Magician|ExpandingForce,DazzlingGleam,Flamethrower,Protect|||M|||50|,,,,,Fairy]Pelipper||SitrusBerry|Drizzle|Tailwind,Hurricane,Surf,RainDance|||M|||50|,,,,,Ground]Archaludon||AssaultVest|Stamina|ElectroShot,DracoMeteor,BodyPress,FlashCannon|||F|||50|,,,,,Electric]Indeedee||ChoiceScarf|PsychicSurge|ExpandingForce,HelpingHand,Protect,HyperVoice|||M|||50|,,,,,Steel]Sneasler||PsychicSeed|Unburden|DireClaw,CloseCombat,ThroatChop,Protect|||M|||50|,,,,,Dark
|showteam|p2|Dragapult||FocusSash|ClearBody|DragonDarts,Protect,TeraBlast,WillOWisp|||F|||50|,,,,,Ghost]Whimsicott||CovertCloak|Prankster|Tailwind,Taunt,Encore,Moonblast|||M|||50|,,,,,Dark]Gholdengo||GrassySeed|GoodasGold|MakeItRain,NastyPlot,ShadowBall,Protect||||||50|,,,,,Steel]Rillaboom||AssaultVest|GrassySurge|FakeOut,GrassyGlide,HighHorsepower,DrumBeating|||M|||50|,,,,,Grass]Sneasler||WhiteHerb|Unburden|DireClaw,CloseCombat,Coaching,Protect|||M|||50|,,,,,Stellar]Ursaluna||ClearAmulet|Bulletproof|BulkUp,Facade,StompingTantrum,DrainPunch|||M|||50|,,,,,Ghost
|inactive|Battle timer is ON: inactive players will automatically lose when time's up. (requested by Gejeknf)
|inactive|gladland has 60 seconds left.
|inactive|Gejeknf has 60 seconds left.
|
|t:|1757823934
|teamsize|p1|4
|teamsize|p2|4
|start
|switch|p1a: Pelipper|Pelipper, L50, M|100/100
|switch|p1b: Archaludon|Archaludon, L50, F|100/100
|switch|p2a: Sneasler|Sneasler, L50, M|100/100
|switch|p2b: Ursaluna|Ursaluna, L50, M|100/100
|-weather|RainDance|[from] ability: Drizzle|[of] p1a: Pelipper
|turn|1
|inactive|gladland has 30 seconds left.
|inactive|Gejeknf has 30 seconds left.
|inactive|gladland has 20 seconds left.
|inactive|gladland has 15 seconds left.
|inactive|Gejeknf has 20 seconds left.
|inactive|Gejeknf has 15 seconds left.
|
|t:|1757823982
|-terastallize|p2b: Ursaluna|Ghost
|move|p2a: Sneasler|Dire Claw|p1a: Pelipper
|-damage|p1a: Pelipper|48/100
|-enditem|p1a: Pelipper|Sitrus Berry|[eat]
|-heal|p1a: Pelipper|72/100|[from] item: Sitrus Berry
|move|p2b: Ursaluna|Facade|p1a: Pelipper
|-damage|p1a: Pelipper|33/100
|move|p1a: Pelipper|Surf|p2b: Ursaluna|[spread] p1b,p2a,p2b
|-resisted|p1b: Archaludon
|-damage|p1b: Archaludon|87/100
|-damage|p2a: Sneasler|58/100
|-damage|p2b: Ursaluna|75/100
|-ability|p1b: Archaludon|Stamina|boost
|-boost|p1b: Archaludon|def|1
|move|p1b: Archaludon|Draco Meteor|p2b: Ursaluna
|-damage|p2b: Ursaluna|17/100
|-unboost|p1b: Archaludon|spa|2
|
|-weather|RainDance|[upkeep]
|upkeep
|turn|2
|inactive|Gejeknf has 30 seconds left.
|
|t:|1757824009
|move|p2a: Sneasler|Coaching|p2b: Ursaluna
|-boost|p2b: Ursaluna|atk|1
|-boost|p2b: Ursaluna|def|1
|move|p2b: Ursaluna|Drain Punch|p1b: Archaludon
|-supereffective|p1b: Archaludon
|-crit|p1b: Archaludon
|-damage|p1b: Archaludon|8/100
|-heal|p2b: Ursaluna|53/100|[from] drain|[of] p1b: Archaludon
|-ability|p1b: Archaludon|Stamina|boost
|-boost|p1b: Archaludon|def|1
|move|p1a: Pelipper|Surf|p2b: Ursaluna|[spread] p1b,p2a,p2b
|-resisted|p1b: Archaludon
|-damage|p1b: Archaludon|0 fnt
|-damage|p2a: Sneasler|8/100
|-damage|p2b: Ursaluna|26/100
|faint|p1b: Archaludon
|
|-weather|RainDance|[upkeep]
|upkeep
|
|t:|1757824022
|switch|p1b: Sneasler|Sneasler, L50, M|100/100
|turn|3
|
|t:|1757824039
|move|p1b: Sneasler|Protect|p1b: Sneasler
|-singleturn|p1b: Sneasler|Protect
|move|p2a: Sneasler|Dire Claw|p1a: Pelipper
|-damage|p1a: Pelipper|0 fnt
|faint|p1a: Pelipper
|move|p2b: Ursaluna|Drain Punch|p1b: Sneasler
|-activate|p1b: Sneasler|move: Protect
|
|-weather|RainDance|[upkeep]
|upkeep
|
|t:|1757824045
|switch|p1a: Indeedee|Indeedee, L50, M|100/100
|-fieldstart|move: Psychic Terrain|[from] ability: Psychic Surge|[of] p1a: Indeedee
|-enditem|p1b: Sneasler|Psychic Seed
|-boost|p1b: Sneasler|spd|1|[from] item: Psychic Seed
|turn|4
|
|t:|1757824064
|move|p2a: Sneasler|Protect|p2a: Sneasler
|-singleturn|p2a: Sneasler|Protect
|move|p1b: Sneasler|Dire Claw|p2a: Sneasler
|-activate|p2a: Sneasler|move: Protect
|move|p1a: Indeedee|Expanding Force|p2b: Ursaluna|[spread] p2b
|-activate|p2a: Sneasler|move: Protect
|-damage|p2b: Ursaluna|0 fnt
|faint|p2b: Ursaluna
|
|-weather|RainDance|[upkeep]
|upkeep
|
|t:|1757824075
|switch|p2b: Rillaboom|Rillaboom, L50, M|100/100
|-fieldstart|move: Grassy Terrain|[from] ability: Grassy Surge|[of] p2b: Rillaboom
|turn|5
|
|t:|1757824090
|switch|p2a: Gholdengo|Gholdengo, L50|100/100
|-enditem|p2a: Gholdengo|Grassy Seed
|-boost|p2a: Gholdengo|def|1|[from] item: Grassy Seed
|move|p1b: Sneasler|Protect|p1b: Sneasler
|-singleturn|p1b: Sneasler|Protect
|move|p1a: Indeedee|Expanding Force|p2a: Gholdengo
|-resisted|p2a: Gholdengo
|-damage|p2a: Gholdengo|76/100
|move|p2b: Rillaboom|Drum Beating|p1a: Indeedee
|-damage|p1a: Indeedee|0 fnt
|faint|p1a: Indeedee
|
|-weather|none
|-heal|p2a: Gholdengo|83/100|[from] Grassy Terrain
|upkeep
|turn|6
|inactive|gladland has 30 seconds left.
|inactive|Gejeknf has 30 seconds left.
|inactive|Gejeknf has 20 seconds left.
|
|t:|1757824127
|-terastallize|p1b: Sneasler|Dark
|move|p1b: Sneasler|Throat Chop|p2a: Gholdengo
|-supereffective|p2a: Gholdengo
|-damage|p2a: Gholdengo|11/100
|-start|p2a: Gholdengo|Throat Chop|[silent]
|move|p2b: Rillaboom|High Horsepower|p1b: Sneasler
|-damage|p1b: Sneasler|42/100
|move|p2a: Gholdengo|Nasty Plot|p2a: Gholdengo
|-boost|p2a: Gholdengo|spa|2
|
|-heal|p1b: Sneasler|48/100|[from] Grassy Terrain
|-heal|p2a: Gholdengo|17/100|[from] Grassy Terrain
|upkeep
|turn|7
|
|t:|1757824145
|move|p1b: Sneasler|Protect|p1b: Sneasler
|-singleturn|p1b: Sneasler|Protect
|move|p2b: Rillaboom|Drum Beating|p1b: Sneasler
|-activate|p1b: Sneasler|move: Protect
|move|p2a: Gholdengo|Make It Rain|p1b: Sneasler
|-activate|p1b: Sneasler|move: Protect
|
|-heal|p1b: Sneasler|54/100|[from] Grassy Terrain
|-heal|p2a: Gholdengo|23/100|[from] Grassy Terrain
|-end|p2a: Gholdengo|Throat Chop|[silent]
|upkeep
|turn|8
|
|t:|1757824156
|move|p2a: Gholdengo|Protect|p2a: Gholdengo
|-singleturn|p2a: Gholdengo|Protect
|move|p1b: Sneasler|Throat Chop|p2a: Gholdengo
|-activate|p2a: Gholdengo|move: Protect
|move|p2b: Rillaboom|Drum Beating|p1b: Sneasler
|-damage|p1b: Sneasler|0 fnt
|faint|p1b: Sneasler
|
|win|Gejeknf
|l|☆gladland
|player|p1|
||gladland is ready for game 3.
|l|‽Gejeknf
|player|p2|
|inactive|Gejeknf has 30 seconds to confirm battle start!
||Gejeknf is ready for game 3.
|uhtml|next|Next: Game 3 of 3
