|j|☆amimegustaleseria
|j|☆Cristante terabug
|html|amimegustaleseriaCristante terabug    
|uhtml|bestof|Game 3 of a best-of-3
|t:|1754903281
|gametype|doubles
|player|p1|amimegustaleseria|169|1164
|player|p2|Cristante terabug|kieran-champion|1274
|gen|9
|tier|[Gen 9] VGC 2025 Reg H (Bo3)
|rated|
|rule|Species Clause: Limit one of each Pokémon
|rule|Item Clause: Limit 1 of each item
|clearpoke
|poke|p1|Klefki, L50, F|
|poke|p1|Ceruledge, L50, M|
|poke|p1|Sneasler, L50, M|
|poke|p1|Indeedee-F, L50, F|
|poke|p1|Ursaluna-Bloodmoon, L50, M|
|poke|p1|Hydreigon, L50, F|
|poke|p2|Incineroar, L50, F|
|poke|p2|Pelipper, L50, M|
|poke|p2|Archaludon, L50, M|
|poke|p2|Dragonite, L50, M|
|poke|p2|Sinistcha, L50|
|poke|p2|Ursaluna, L50, F|
|teampreview|4
|showteam|p1|Klefki||LightClay|Prankster|LightScreen,Reflect,ThunderWave,FlashCannon|||F|||50|,,,,,Flying]Ceruledge||ClearAmulet|FlashFire|BulkUp,BitterBlade,Poltergeist,Protect|||M|||50|,,,,,Grass]Sneasler||PsychicSeed|Unburden|CloseCombat,DireClaw,ThroatChop,Protect|||M|||50|,,,,,Dark]Indeedee-F||SafetyGoggles|PsychicSurge|FollowMe,Protect,HelpingHand,Psychic|||F|||50|,,,,,Fairy]Ursaluna-Bloodmoon||AssaultVest|MindsEye|BloodMoon,HyperVoice,EarthPower,VacuumWave|||M|||50|,,,,,Ghost]Hydreigon||ScopeLens|Levitate|FocusEnergy,DracoMeteor,Protect,DarkPulse|||F|||50|,,,,,Steel
|showteam|p2|Incineroar||SafetyGoggles|Intimidate|FlareBlitz,KnockOff,PartingShot,FakeOut|||F|||50|,,,,,Ghost]Pelipper||FocusSash|Drizzle|Hurricane,MuddyWater,Tailwind,Protect|||M|||50|,,,,,Ghost]Archaludon||AssaultVest|Stamina|ElectroShot,Snarl,FlashCannon,BodyPress|||M|||50|,,,,,Bug]Dragonite||LoadedDice|Multiscale|ScaleShot,Tailwind,Haze,Protect|||M|||50|,,,,,Fairy]Sinistcha||SitrusBerry|Hospitality|MatchaGotcha,RagePowder,LifeDew,TrickRoom||||||50|,,,,,Dark]Ursaluna||FlameOrb|Guts|Earthquake,Facade,HeadlongRush,Protect|||F|||50|,,,,,Ghost
|inactive|Battle timer is ON: inactive players will automatically lose when time's up. (requested by Cristante terabug)
|
|t:|1754903341
|teamsize|p1|4
|teamsize|p2|4
|start
|switch|p1a: Klefki|Klefki, L50, F|100/100
|switch|p1b: Ursaluna|Ursaluna-Bloodmoon, L50, M|100/100
|switch|p2a: Incineroar|Incineroar, L50, F|100/100
|switch|p2b: Pelipper|Pelipper, L50, M, shiny|100/100
|-weather|RainDance|[from] ability: Drizzle|[of] p2b: Pelipper
|-ability|p2a: Incineroar|Intimidate|boost
|-unboost|p1a: Klefki|atk|1
|-unboost|p1b: Ursaluna|atk|1
|turn|1
|inactive|amimegustaleseria has 30 seconds left.
|inactive|amimegustaleseria has 20 seconds left.
|
|t:|1754903379
|-terastallize|p1b: Ursaluna|Ghost
|move|p1a: Klefki|Light Screen|p1a: Klefki
|-sidestart|p1: amimegustaleseria|move: Light Screen
|move|p2b: Pelipper|Muddy Water|p1b: Ursaluna|[spread] p1a,p1b
|-damage|p1a: Klefki|70/100
|-damage|p1b: Ursaluna|78/100
|move|p2a: Incineroar|Knock Off|p1b: Ursaluna
|-supereffective|p1b: Ursaluna
|-damage|p1b: Ursaluna|14/100
|-enditem|p1b: Ursaluna|Assault Vest|[from] move: Knock Off|[of] p2a: Incineroar
|move|p1b: Ursaluna|Earth Power|p2a: Incineroar
|-supereffective|p2a: Incineroar
|-damage|p2a: Incineroar|8/100
|
|-weather|RainDance|[upkeep]
|upkeep
|turn|2
|
|t:|1754903399
|move|p1a: Klefki|Thunder Wave|p2b: Pelipper
|-status|p2b: Pelipper|par
|move|p1b: Ursaluna|Vacuum Wave|p2a: Incineroar
|-supereffective|p2a: Incineroar
|-damage|p2a: Incineroar|0 fnt
|faint|p2a: Incineroar
|cant|p2b: Pelipper|par
|
|-weather|RainDance|[upkeep]
|upkeep
|
|t:|1754903415
|switch|p2a: Archaludon|Archaludon, L50, M|100/100
|turn|3
|inactive|amimegustaleseria has 30 seconds left.
|
|t:|1754903447
|-terastallize|p2a: Archaludon|Bug
|move|p1a: Klefki|Thunder Wave|p2a: Archaludon
|-status|p2a: Archaludon|par
|move|p1b: Ursaluna|Blood Moon|p2b: Pelipper
|-enditem|p2b: Pelipper|Focus Sash
|-damage|p2b: Pelipper|1/100 par
|move|p2a: Archaludon|Electro Shot||[still]
|-prepare|p2a: Archaludon|Electro Shot
|-boost|p2a: Archaludon|spa|1
|-anim|p2a: Archaludon|Electro Shot|p1a: Klefki
|-damage|p1a: Klefki|33/100
|move|p2b: Pelipper|Muddy Water|p1b: Ursaluna|[spread] p1a,p1b
|-damage|p1a: Klefki|4/100
|-damage|p1b: Ursaluna|0 fnt
|faint|p1b: Ursaluna
|
|-weather|RainDance|[upkeep]
|upkeep
|
|t:|1754903470
|switch|p1b: Sneasler|Sneasler, L50, M|100/100
|turn|4
|
|t:|1754903489
|move|p1b: Sneasler|Protect|p1b: Sneasler
|-singleturn|p1b: Sneasler|Protect
|move|p1a: Klefki|Flash Cannon|p2b: Pelipper
|-resisted|p2b: Pelipper
|-damage|p2b: Pelipper|0 fnt
|faint|p2b: Pelipper
|move|p2a: Archaludon|Electro Shot||[still]
|-prepare|p2a: Archaludon|Electro Shot
|-boost|p2a: Archaludon|spa|1
|-anim|p2a: Archaludon|Electro Shot|p1b: Sneasler
|-activate|p1b: Sneasler|move: Protect
|
|-weather|RainDance|[upkeep]
|upkeep
|
|t:|1754903496
|switch|p2b: Dragonite|Dragonite, L50, M|100/100
|turn|5
|inactive|amimegustaleseria has 30 seconds left.
|inactive|amimegustaleseria has 20 seconds left.
|
|t:|1754903531
|move|p2b: Dragonite|Protect|p2b: Dragonite
|-singleturn|p2b: Dragonite|Protect
|move|p1a: Klefki|Reflect|p1a: Klefki
|-sidestart|p1: amimegustaleseria|Reflect
|move|p1b: Sneasler|Dire Claw|p2b: Dragonite
|-activate|p2b: Dragonite|move: Protect
|cant|p2a: Archaludon|par
|
|-weather|none
|upkeep
|turn|6
|inactive|amimegustaleseria has 30 seconds left.
|
|t:|1754903566
|move|p1b: Sneasler|Protect|p1b: Sneasler
|-singleturn|p1b: Sneasler|Protect
|move|p1a: Klefki|Thunder Wave|p2b: Dragonite|[miss]
|-miss|p1a: Klefki|p2b: Dragonite
|move|p2b: Dragonite|Scale Shot|p1b: Sneasler
|-activate|p1b: Sneasler|move: Protect
|cant|p2a: Archaludon|par
|
|upkeep
|turn|7
|c|☆Cristante terabug|hv u got hands or u need to win only with rng?
|inactive|amimegustaleseria has 30 seconds left.
|inactive|amimegustaleseria has 20 seconds left.
|inactive|amimegustaleseria has 15 seconds left.
|inactive|amimegustaleseria has 10 seconds left.
|
|t:|1754903614
|switch|p1b: Indeedee|Indeedee-F, L50, F|100/100
|-fieldstart|move: Psychic Terrain|[from] ability: Psychic Surge|[of] p1b: Indeedee
|move|p2b: Dragonite|Scale Shot|p1b: Indeedee
|-damage|p1b: Indeedee|91/100
|-damage|p1b: Indeedee|81/100
|-damage|p1b: Indeedee|70/100
|-damage|p1b: Indeedee|60/100
|-hitcount|p1b: Indeedee|4
|-unboost|p2b: Dragonite|def|1
|-boost|p2b: Dragonite|spe|1
|move|p1a: Klefki|Flash Cannon|p2b: Dragonite
|-damage|p2b: Dragonite|87/100
|move|p2a: Archaludon|Snarl|p1b: Indeedee|[spread] p1a,p1b
|-resisted|p1a: Klefki
|-supereffective|p1b: Indeedee
|-damage|p1a: Klefki|0 fnt
|-damage|p1b: Indeedee|31/100
|-unboost|p1b: Indeedee|spa|1
|faint|p1a: Klefki
|
|upkeep
|inactive|amimegustaleseria has 30 seconds left.
|
|t:|1754903640
|switch|p1a: Sneasler|Sneasler, L50, M|100/100
|-enditem|p1a: Sneasler|Psychic Seed
|-boost|p1a: Sneasler|spd|1|[from] item: Psychic Seed
|turn|8
|
|t:|1754903661
|move|p1b: Indeedee|Helping Hand|p1a: Sneasler
|-singleturn|p1a: Sneasler|Helping Hand|[of] p1b: Indeedee
|move|p1a: Sneasler|Dire Claw|p2b: Dragonite
|-damage|p2b: Dragonite|0 fnt
|faint|p2b: Dragonite
|move|p2a: Archaludon|Snarl|p1b: Indeedee|[spread] p1a,p1b
|-resisted|p1a: Sneasler
|-supereffective|p1b: Indeedee
|-damage|p1a: Sneasler|93/100
|-damage|p1b: Indeedee|2/100
|-unboost|p1a: Sneasler|spa|1
|-unboost|p1b: Indeedee|spa|1
|
|-sideend|p1: amimegustaleseria|move: Light Screen
|upkeep
|turn|9
|
|t:|1754903685
|move|p1b: Indeedee|Helping Hand|p1a: Sneasler
|-singleturn|p1a: Sneasler|Helping Hand|[of] p1b: Indeedee
|move|p1a: Sneasler|Dire Claw|p2a: Archaludon
|-damage|p2a: Archaludon|52/100 par
|-ability|p2a: Archaludon|Stamina|boost
|-boost|p2a: Archaludon|def|1
|move|p2a: Archaludon|Snarl|p1a: Sneasler|[spread] p1a,p1b
|-resisted|p1a: Sneasler
|-supereffective|p1b: Indeedee
|-damage|p1a: Sneasler|82/100
|-damage|p1b: Indeedee|0 fnt
|-unboost|p1a: Sneasler|spa|1
|faint|p1b: Indeedee
|
|upkeep
|turn|10
|
|t:|1754903701
|move|p1a: Sneasler|Dire Claw|p2a: Archaludon
|-damage|p2a: Archaludon|32/100 par
|-ability|p2a: Archaludon|Stamina|boost
|-boost|p2a: Archaludon|def|1
|cant|p2a: Archaludon|par
|
|upkeep
|turn|11
|
|t:|1754903710
|move|p1a: Sneasler|Dire Claw|p2a: Archaludon
|-damage|p2a: Archaludon|16/100 par
|-ability|p2a: Archaludon|Stamina|boost
|-boost|p2a: Archaludon|def|1
|cant|p2a: Archaludon|par
|
|-fieldend|move: Psychic Terrain
|upkeep
|turn|12
|c|☆Cristante terabug|hope u don't wake up tomorrow
|
|t:|1754903723
|move|p1a: Sneasler|Dire Claw|p2a: Archaludon
|-damage|p2a: Archaludon|3/100 par
|-ability|p2a: Archaludon|Stamina|boost
|-boost|p2a: Archaludon|def|1
|move|p2a: Archaludon|Flash Cannon|p1a: Sneasler
|-damage|p1a: Sneasler|23/100
|
|-sideend|p1: amimegustaleseria|Reflect
|upkeep
|turn|13
|
|t:|1754903733
|move|p1a: Sneasler|Dire Claw|p2a: Archaludon
|-damage|p2a: Archaludon|0 fnt
|faint|p2a: Archaludon
|
|win|amimegustaleseria
|raw|amimegustaleseria's rating: 1164 → 1197(+33 for winning)
|raw|Cristante terabug's rating: 1274 → 1241(-33 for losing)
