|j|☆bimbo mafioso
|j|☆KptainFr
|html|bimbo mafiosoKptainFr    
|uhtml|bestof|Game 1 of a best-of-3
|t:|1757022557
|gametype|doubles
|player|p1|bimbo mafioso|swimmerf|1130
|player|p2|KptainFr|steven|1133
|gen|9
|tier|[Gen 9] VGC 2025 Reg H (Bo3)
|rated|
|rule|Species Clause: Limit one of each Pokémon
|rule|Item Clause: Limit 1 of each item
|clearpoke
|poke|p1|Amoonguss, L50, M|
|poke|p1|Dragonite, L50, F|
|poke|p1|Incineroar, L50, M|
|poke|p1|Sneasler, L50, F|
|poke|p1|Ursaluna-Bloodmoon, L50, M|
|poke|p1|Gholdengo, L50|
|poke|p2|Sneasler, L50, F|
|poke|p2|Ceruledge, L50, F|
|poke|p2|Dragonite, L50, F|
|poke|p2|Gastrodon-East, L50, F|
|poke|p2|Kingambit, L50, M|
|poke|p2|Rillaboom, L50, M|
|teampreview|4
|showteam|p1|Amoonguss||SitrusBerry|Regenerator|Spore,RagePowder,PollenPuff,Protect|||M|||50|,,,,,Water]Dragonite||LoadedDice|Multiscale|ScaleShot,Tailwind,Haze,Protect|||F|||50|,,,,,Fairy]Incineroar||SafetyGoggles|Intimidate|FakeOut,KnockOff,Taunt,PartingShot|||M|||50|,,,,,Ghost]Sneasler||FocusSash|Unburden|CloseCombat,DireClaw,Coaching,Protect|||F|||50|,,,,,Stellar]Ursaluna-Bloodmoon||AssaultVest|MindsEye|HyperVoice,EarthPower,BloodMoon,VacuumWave|||M|||50|,,,,,Poison]Gholdengo||LifeOrb|GoodasGold|MakeItRain,ShadowBall,NastyPlot,Protect||||||50|,,,,,Water
|showteam|p2|Sneasler||FocusSash|Unburden|CloseCombat,DireClaw,Coaching,Protect|||F|||50|,,,,,Ghost]Ceruledge||Leftovers|FlashFire|BitterBlade,ShadowSneak,BulkUp,Protect|||F|||50|,,,,,Grass]Dragonite||LoadedDice|InnerFocus|ScaleShot,LowKick,ExtremeSpeed,Protect|||F|||50|,,,,,Fairy]Gastrodon-East||SitrusBerry|StormDrain|EarthPower,IceBeam,ClearSmog,Protect|||F|||50|,,,,,Poison]Kingambit||AssaultVest|Defiant|TeraBlast,IronHead,KowtowCleave,SuckerPunch|||M|||50|,,,,,Flying]Rillaboom||MiracleSeed|GrassySurge|WoodHammer,GrassyGlide,HighHorsepower,FakeOut|||M|||50|,,,,,Grass
|inactive|Battle timer is ON: inactive players will automatically lose when time's up. (requested by KptainFr)
|inactive|bimbo mafioso also wants the timer to be on.
|inactive|bimbo mafioso has 60 seconds left.
|inactive|KptainFr has 60 seconds left.
|
|t:|1757022601
|teamsize|p1|4
|teamsize|p2|4
|start
|switch|p1a: Dragonite|Dragonite, L50, F|100/100
|switch|p1b: Ursaluna|Ursaluna-Bloodmoon, L50, M|100/100
|switch|p2a: Dragonite|Dragonite, L50, F|100/100
|switch|p2b: Sneasler|Sneasler, L50, F|100/100
|turn|1
|
|t:|1757022621
|-terastallize|p1a: Dragonite|Fairy
|move|p2b: Sneasler|Dire Claw|p1a: Dragonite
|-supereffective|p1a: Dragonite
|-damage|p1a: Dragonite|50/100
|move|p1a: Dragonite|Scale Shot|p2b: Sneasler
|-damage|p2b: Sneasler|75/100
|-damage|p2b: Sneasler|50/100
|-damage|p2b: Sneasler|24/100
|-damage|p2b: Sneasler|0 fnt
|faint|p2b: Sneasler
|-hitcount|p2: Sneasler|4
|-unboost|p1a: Dragonite|def|1
|-boost|p1a: Dragonite|spe|1
|move|p2a: Dragonite|Scale Shot|p1b: Ursaluna|[miss]
|-miss|p2a: Dragonite|p1b: Ursaluna
|move|p1b: Ursaluna|Blood Moon|p2a: Dragonite
|-damage|p2a: Dragonite|25/100
|
|upkeep
|
|t:|1757022639
|switch|p2b: Kingambit|Kingambit, L50, M|100/100
|turn|2
|
|t:|1757022658
|-terastallize|p2b: Kingambit|Flying
|move|p1a: Dragonite|Protect|p1a: Dragonite
|-singleturn|p1a: Dragonite|Protect
|move|p2a: Dragonite|Low Kick|p1b: Ursaluna
|-supereffective|p1b: Ursaluna
|-damage|p1b: Ursaluna|27/100
|move|p1b: Ursaluna|Earth Power|p2b: Kingambit
|-immune|p2b: Kingambit
|move|p2b: Kingambit|Kowtow Cleave|p1a: Dragonite
|-activate|p1a: Dragonite|move: Protect
|
|upkeep
|turn|3
|
|t:|1757022677
|move|p2a: Dragonite|Protect|p2a: Dragonite
|-singleturn|p2a: Dragonite|Protect
|move|p1b: Ursaluna|Vacuum Wave|p2a: Dragonite
|-activate|p2a: Dragonite|move: Protect
|move|p1a: Dragonite|Scale Shot|p2b: Kingambit
|-damage|p2b: Kingambit|90/100
|-damage|p2b: Kingambit|79/100
|-damage|p2b: Kingambit|68/100
|-damage|p2b: Kingambit|56/100
|-damage|p2b: Kingambit|45/100
|-hitcount|p2b: Kingambit|5
|-unboost|p1a: Dragonite|def|1
|-boost|p1a: Dragonite|spe|1
|move|p2b: Kingambit|Kowtow Cleave|p1a: Dragonite
|-resisted|p1a: Dragonite
|-crit|p1a: Dragonite
|-damage|p1a: Dragonite|0 fnt
|faint|p1a: Dragonite
|
|upkeep
|
|t:|1757022693
|switch|p1a: Sneasler|Sneasler, L50, F|100/100
|turn|4
|
|t:|1757022706
|move|p2a: Dragonite|Extreme Speed|p1b: Ursaluna
|-damage|p1b: Ursaluna|4/100
|move|p2b: Kingambit|Sucker Punch|p1b: Ursaluna
|-damage|p1b: Ursaluna|0 fnt
|faint|p1b: Ursaluna
|move|p1a: Sneasler|Dire Claw|p2a: Dragonite
|-damage|p2a: Dragonite|0 fnt
|faint|p2a: Dragonite
|
|upkeep
|
|t:|1757022714
|switch|p2a: Gastrodon|Gastrodon-East, L50, F|100/100
|switch|p1b: Incineroar|Incineroar, L50, M|100/100
|-ability|p1b: Incineroar|Intimidate|boost
|-unboost|p2a: Gastrodon|atk|1
|-unboost|p2b: Kingambit|atk|1
|-ability|p2b: Kingambit|Defiant|boost
|-boost|p2b: Kingambit|atk|2
|turn|5
|
|t:|1757022740
|move|p1b: Incineroar|Fake Out|p2b: Kingambit
|-damage|p2b: Kingambit|37/100
|move|p1a: Sneasler|Dire Claw|p2b: Kingambit
|-damage|p2b: Kingambit|8/100
|cant|p2b: Kingambit|flinch
|move|p2a: Gastrodon|Ice Beam|p1a: Sneasler
|-damage|p1a: Sneasler|68/100
|
|upkeep
|turn|6
|
|t:|1757022759
|move|p2b: Kingambit|Sucker Punch|p1b: Incineroar
|-resisted|p1b: Incineroar
|-damage|p1b: Incineroar|75/100
|move|p1a: Sneasler|Dire Claw|p2b: Kingambit
|-damage|p2b: Kingambit|0 fnt
|faint|p2b: Kingambit
|move|p1b: Incineroar|Knock Off|p2a: Gastrodon
|-damage|p2a: Gastrodon|58/100
|-enditem|p2a: Gastrodon|Sitrus Berry|[from] move: Knock Off|[of] p1b: Incineroar
|move|p2a: Gastrodon|Earth Power|p1a: Sneasler
|-supereffective|p1a: Sneasler
|-damage|p1a: Sneasler|0 fnt
|faint|p1a: Sneasler
|
|upkeep
|turn|7
|
|t:|1757022772
|move|p1b: Incineroar|Knock Off|p2a: Gastrodon
|-damage|p2a: Gastrodon|32/100
|move|p2a: Gastrodon|Earth Power|p1b: Incineroar
|-supereffective|p1b: Incineroar
|-damage|p1b: Incineroar|17/100
|
|upkeep
|turn|8
|
|t:|1757022777
|move|p1b: Incineroar|Knock Off|p2a: Gastrodon
|-damage|p2a: Gastrodon|3/100
|move|p2a: Gastrodon|Earth Power|p1b: Incineroar
|-supereffective|p1b: Incineroar
|-damage|p1b: Incineroar|0 fnt
|faint|p1b: Incineroar
|
|win|KptainFr
||bimbo mafioso is ready for game 2.
||KptainFr is ready for game 2.
|uhtml|next|Next: Game 2 of 3
|l|☆KptainFr
|player|p2|
