|j|☆gene takavic
|j|☆Maybe ALTcom
|html|gene takavicMaybe ALTcom    
|uhtml|bestof|Game 2 of a best-of-3
|t:|1756511343
|gametype|doubles
|player|p1|gene takavic|pryce|1191
|player|p2|Maybe ALTcom|2|1225
|gen|9
|tier|[Gen 9] VGC 2025 Reg H (Bo3)
|rated|
|rule|Species Clause: Limit one of each Pokémon
|rule|Item Clause: Limit 1 of each item
|clearpoke
|poke|p1|Charizard, L50, M|
|poke|p1|Torkoal, L50, F|
|poke|p1|Porygon2, L50|
|poke|p1|Incineroar, L50, F|
|poke|p1|Jumpluff, L50, M|
|poke|p1|Ursaluna, L50, F|
|poke|p2|Magmar, L50, F|
|poke|p2|Rillaboom, L50, M|
|poke|p2|Ninetales-Alola, L50, M|
|poke|p2|Kommo-o, L50, M|
|poke|p2|Kingambit, L50, F|
|poke|p2|Basculegion, L50, M|
|teampreview|4
|showteam|p1|Charizard||ChoiceSpecs|SolarPower|HeatWave,Overheat,WeatherBall,AirSlash|||M|||50|,,,,,Ghost]Torkoal||EjectPack|Drought|Eruption,Overheat,HelpingHand,Protect|||F|||50|,,,,,Fire]Porygon2||Eviolite|Download|TeraBlast,IceBeam,Recover,TrickRoom||||||50|,,,,,Fighting]Incineroar||SitrusBerry|Intimidate|FlareBlitz,KnockOff,FakeOut,PartingShot|||F|||50|,,,,,Ghost]Jumpluff||CovertCloak|Chlorophyll|SleepPowder,SunnyDay,RagePowder,Tailwind|||M|||50|,,,,,Water]Ursaluna||FlameOrb|Guts|HeadlongRush,Facade,Earthquake,Protect|||F|||50|,,,,,Ghost
|showteam|p2|Magmar||Eviolite|VitalSpirit|FollowMe,ClearSmog,Protect,Flamethrower|||F|||50|,,,,,Ghost]Rillaboom||AssaultVest|GrassySurge|WoodHammer,GrassyGlide,FakeOut,HighHorsepower|||M|||50|,,,,,Fire]Ninetales-Alola||FocusSash|SnowWarning|IcyWind,Blizzard,Encore,Protect|||M|||50|,,,,,Ghost]Kommo-o||ThroatSpray|Soundproof|ClangingScales,ClangorousSoul,Flamethrower,Protect|||M|||50|,,,,,Fire]Kingambit||BlackGlasses|Defiant|KowtowCleave,SuckerPunch,SwordsDance,Protect|||F|||50|,,,,,Dark]Basculegion||ChoiceScarf|Adaptability|WaveCrash,LastRespects,FlipTurn,TeraBlast|||M|||50|,,,,,Fighting
|inactive|Battle timer is ON: inactive players will automatically lose when time's up. (requested by gene takavic)
|inactive|Maybe ALTcom has 60 seconds left.
|
|t:|1756511390
|teamsize|p1|4
|teamsize|p2|4
|start
|switch|p1a: Porygon2|Porygon2, L50|100/100
|switch|p1b: Torkoal|Torkoal, L50, F|100/100
|switch|p2a: Kommo-o|Kommo-o, L50, M|100/100
|switch|p2b: Magmar|Magmar, L50, F|100/100
|-ability|p1a: Porygon2|Download|boost
|-boost|p1a: Porygon2|spa|1
|-weather|SunnyDay|[from] ability: Drought|[of] p1b: Torkoal
|turn|1
|inactive|gene takavic has 30 seconds left.
|inactive|Maybe ALTcom has 30 seconds left.
|inactive|gene takavic has 20 seconds left.
|inactive|Maybe ALTcom has 20 seconds left.
|inactive|Maybe ALTcom has 15 seconds left.
|
|t:|1756511433
|move|p2b: Magmar|Follow Me|p2b: Magmar
|-singleturn|p2b: Magmar|move: Follow Me
|move|p2a: Kommo-o|Clangorous Soul|p2a: Kommo-o
|-boost|p2a: Kommo-o|atk|1
|-boost|p2a: Kommo-o|def|1
|-boost|p2a: Kommo-o|spa|1
|-boost|p2a: Kommo-o|spd|1
|-boost|p2a: Kommo-o|spe|1
|-damage|p2a: Kommo-o|68/100
|-enditem|p2a: Kommo-o|Throat Spray
|-boost|p2a: Kommo-o|spa|1|[from] item: Throat Spray
|move|p1b: Torkoal|Overheat|p2b: Magmar
|-resisted|p2b: Magmar
|-damage|p2b: Magmar|69/100
|-unboost|p1b: Torkoal|spa|2
|-enditem|p1b: Torkoal|Eject Pack
|
|t:|1756511449
|switch|p1b: Ursaluna|Ursaluna, L50, F|100/100
|move|p1a: Porygon2|Trick Room|p1a: Porygon2
|-fieldstart|move: Trick Room|[of] p1a: Porygon2
|
|-weather|SunnyDay|[upkeep]
|-status|p1b: Ursaluna|brn|[from] item: Flame Orb
|upkeep
|turn|2
|inactive|gene takavic has 30 seconds left.
|inactive|Maybe ALTcom has 30 seconds left.
|inactive|gene takavic has 20 seconds left.
|inactive|gene takavic has 15 seconds left.
|inactive|gene takavic has 10 seconds left.
|inactive|gene takavic has 5 seconds left.
|
|t:|1756511501
|move|p2b: Magmar|Protect|p2b: Magmar
|-singleturn|p2b: Magmar|Protect
|move|p2a: Kommo-o|Protect|p2a: Kommo-o
|-singleturn|p2a: Kommo-o|Protect
|move|p1a: Porygon2|Ice Beam|p2a: Kommo-o
|-activate|p2a: Kommo-o|move: Protect
|move|p1b: Ursaluna|Earthquake|p2b: Magmar|[spread] p1a
|-activate|p2a: Kommo-o|move: Protect
|-activate|p2b: Magmar|move: Protect
|-damage|p1a: Porygon2|59/100
|
|-weather|SunnyDay|[upkeep]
|-damage|p1b: Ursaluna|95/100 brn|[from] brn
|upkeep
|turn|3
|inactive|gene takavic has 30 seconds left.
|inactive|Maybe ALTcom has 30 seconds left.
|inactive|Maybe ALTcom has 20 seconds left.
|inactive|Maybe ALTcom has 15 seconds left.
|inactive|Maybe ALTcom has 10 seconds left.
|inactive|gene takavic has 20 seconds left.
|inactive|gene takavic has 15 seconds left.
|inactive|gene takavic has 10 seconds left.
|inactive|Maybe ALTcom has 5 seconds left.
|inactive|gene takavic has 5 seconds left.
|
|t:|1756511570
|move|p2b: Magmar|Follow Me|p2b: Magmar
|-singleturn|p2b: Magmar|move: Follow Me
|move|p1a: Porygon2|Ice Beam|p2b: Magmar
|-resisted|p2b: Magmar
|-damage|p2b: Magmar|53/100
|move|p1b: Ursaluna|Facade|p2b: Magmar
|-damage|p2b: Magmar|0 fnt
|faint|p2b: Magmar
|move|p2a: Kommo-o|Clanging Scales|p1a: Porygon2|[spread] p1a,p1b
|-damage|p1a: Porygon2|12/100
|-damage|p1b: Ursaluna|19/100 brn
|-unboost|p2a: Kommo-o|def|1
|
|-weather|SunnyDay|[upkeep]
|-damage|p1b: Ursaluna|14/100 brn|[from] brn
|upkeep
|
|t:|1756511582
|switch|p2b: Ninetales|Ninetales-Alola, L50, M|100/100
|-weather|Snowscape|[from] ability: Snow Warning|[of] p2b: Ninetales
|turn|4
|
|t:|1756511600
|-terastallize|p2b: Ninetales|Ghost
|move|p2a: Kommo-o|Protect|p2a: Kommo-o
|-singleturn|p2a: Kommo-o|Protect
|move|p1a: Porygon2|Recover|p1a: Porygon2
|-heal|p1a: Porygon2|62/100
|move|p1b: Ursaluna|Facade|p2a: Kommo-o
|-activate|p2a: Kommo-o|move: Protect
|move|p2b: Ninetales|Blizzard|p1a: Porygon2|[spread] p1a,p1b
|-supereffective|p1b: Ursaluna
|-damage|p1a: Porygon2|42/100
|-damage|p1b: Ursaluna|0 fnt
|-status|p1a: Porygon2|frz
|faint|p1b: Ursaluna
|
|-weather|Snowscape|[upkeep]
|upkeep
|
|t:|1756511606
|switch|p1b: Incineroar|Incineroar, L50, F|100/100
|-ability|p1b: Incineroar|Intimidate|boost
|-unboost|p2a: Kommo-o|atk|1
|-unboost|p2b: Ninetales|atk|1
|turn|5
|
|t:|1756511623
|switch|p1a: Torkoal|Torkoal, L50, F|100/100
|-weather|SunnyDay|[from] ability: Drought|[of] p1a: Torkoal
|move|p1b: Incineroar|Parting Shot|p2a: Kommo-o
|-immune|p2a: Kommo-o|[from] ability: Soundproof
|move|p2b: Ninetales|Encore||[still]
|-fail|p2b: Ninetales
|move|p2a: Kommo-o|Clanging Scales|p1b: Incineroar|[spread] p1a,p1b
|-damage|p1a: Torkoal|7/100
|-damage|p1b: Incineroar|28/100
|-enditem|p1b: Incineroar|Sitrus Berry|[eat]
|-heal|p1b: Incineroar|52/100|[from] item: Sitrus Berry
|-unboost|p2a: Kommo-o|def|1
|
|-weather|SunnyDay|[upkeep]
|-fieldend|move: Trick Room
|upkeep
|turn|6
|-message|gene takavic forfeited.
|
|win|Maybe ALTcom
||gene takavic is ready for game 3.
