|j|☆spellweaver1
|j|☆SnorlaxPikachu1
|html|spellweaver1SnorlaxPikachu1    
|uhtml|bestof|Game 1 of a best-of-3
|t:|1757629896
|gametype|doubles
|player|p1|spellweaver1|iris-gen5bw2|1320
|player|p2|SnorlaxPikachu1|palmer|1540
|gen|9
|tier|[Gen 9] VGC 2025 Reg H (Bo3)
|rated|
|rule|Species Clause: Limit one of each Pokémon
|rule|Item Clause: Limit 1 of each item
|clearpoke
|poke|p1|Milotic, L50, F|
|poke|p1|Meowscarada, L50, F|
|poke|p1|Delphox, L50, M|
|poke|p1|Indeedee-F, L50, F|
|poke|p1|Annihilape, L50, M|
|poke|p1|Ninetales-Alola, L50, M|
|poke|p2|Kingambit, L50, F|
|poke|p2|Rillaboom, L50, M|
|poke|p2|Ninetales-Alola, L50, M|
|poke|p2|Magmar, L50, M|
|poke|p2|Sneasler, L50, M|
|poke|p2|Basculegion, L50, M|
|teampreview|4
|showteam|p1|Milotic||SitrusBerry|Competitive|Coil,Hypnosis,MuddyWater,Protect|||F|||50|,,,,,Poison]Meowscarada||FocusSash|Overgrow|KnockOff,TripleAxel,Protect,FlowerTrick|||F|||50|,,,,,Stellar]Delphox||LifeOrb|Blaze|HeatWave,DazzlingGleam,ExpandingForce,Protect|||M|||50|,,,,,Fairy]Indeedee-F||PsychicSeed|PsychicSurge|FollowMe,Psychic,TrickRoom,HelpingHand|||F|||50|,,,,,Fire]Annihilape||SafetyGoggles|Defiant|CloseCombat,RageFist,Taunt,FinalGambit|||M|||50|,,,,,Water]Ninetales-Alola||NeverMeltIce|SnowWarning|Blizzard,IcyWind,FreezeDry,Howl|||M|||50|,,,,,Water
|showteam|p2|Kingambit||BlackGlasses|Defiant|SuckerPunch,KowtowCleave,SwordsDance,Protect|||F|||50|,,,,,Fire]Rillaboom||AssaultVest|GrassySurge|WoodHammer,GrassyGlide,Uturn,FakeOut|||M|||50|,,,,,Ghost]Ninetales-Alola||LifeOrb|SnowWarning|Blizzard,FreezeDry,Encore,Protect|||M|||50|,,,,,Ice]Magmar||Eviolite|VitalSpirit|HeatWave,WillOWisp,FollowMe,Protect|||M|||50|,,,,,Ghost]Sneasler||FocusSash|Unburden|DireClaw,CloseCombat,FakeOut,Protect|||M|||50|,,,,,Ghost]Basculegion||ChoiceScarf|Adaptability|TeraBlast,LastRespects,WaveCrash,FlipTurn|||M|||50|,,,,,Fighting
|inactive|Battle timer is ON: inactive players will automatically lose when time's up. (requested by spellweaver1)
|c|☆SnorlaxPikachu1|glhf
|inactive|SnorlaxPikachu1 has 60 seconds left.
|c|☆spellweaver1|glhf
|inactive|SnorlaxPikachu1 has 30 seconds left.
|
|t:|1757629969
|teamsize|p1|4
|teamsize|p2|4
|start
|switch|p1a: Delphox|Delphox, L50, M|100/100
|switch|p1b: Indeedee|Indeedee-F, L50, F|100/100
|switch|p2a: THE FLAMING KING|Kingambit, L50, F|100/100
|switch|p2b: Hades|Basculegion, L50, M|100/100
|-fieldstart|move: Psychic Terrain|[from] ability: Psychic Surge|[of] p1b: Indeedee
|-enditem|p1b: Indeedee|Psychic Seed
|-boost|p1b: Indeedee|spd|1|[from] item: Psychic Seed
|turn|1
|inactive|spellweaver1 has 30 seconds left.
|
|t:|1757630000
|-terastallize|p2a: THE FLAMING KING|Fire
|move|p1b: Indeedee|Follow Me|p1b: Indeedee
|-singleturn|p1b: Indeedee|move: Follow Me
|move|p2b: Hades|Flip Turn|p1b: Indeedee
|-damage|p1b: Indeedee|62/100
|
|t:|1757630005
|switch|p2b: Gaia|Rillaboom, L50, M|100/100|[from] Flip Turn
|-fieldstart|move: Grassy Terrain|[from] ability: Grassy Surge|[of] p2b: Gaia
|move|p1a: Delphox|Expanding Force|p2b: Gaia
|-damage|p2b: Gaia|58/100
|-damage|p1a: Delphox|91/100|[from] item: Life Orb
|move|p2a: THE FLAMING KING|Kowtow Cleave|p1b: Indeedee
|-supereffective|p1b: Indeedee
|-damage|p1b: Indeedee|0 fnt
|faint|p1b: Indeedee
|
|-heal|p1a: Delphox|97/100|[from] Grassy Terrain
|-heal|p2b: Gaia|64/100|[from] Grassy Terrain
|upkeep
|
|t:|1757630018
|switch|p1b: Ninetales|Ninetales-Alola, L50, M, shiny|100/100
|-weather|Snowscape|[from] ability: Snow Warning|[of] p1b: Ninetales
|turn|2
|
|t:|1757630030
|-terastallize|p1a: Delphox|Fairy
|move|p2b: Gaia|Fake Out|p1a: Delphox
|-crit|p1a: Delphox
|-damage|p1a: Delphox|67/100
|move|p1b: Ninetales|Blizzard|p2a: THE FLAMING KING|[spread] p2a,p2b
|-resisted|p2a: THE FLAMING KING
|-supereffective|p2b: Gaia
|-damage|p2a: THE FLAMING KING|83/100
|-damage|p2b: Gaia|14/100
|cant|p1a: Delphox|flinch
|move|p2a: THE FLAMING KING|Swords Dance|p2a: THE FLAMING KING
|-boost|p2a: THE FLAMING KING|atk|2
|
|-weather|Snowscape|[upkeep]
|-heal|p1a: Delphox|73/100|[from] Grassy Terrain
|-heal|p2b: Gaia|20/100|[from] Grassy Terrain
|-heal|p2a: THE FLAMING KING|89/100|[from] Grassy Terrain
|upkeep
|turn|3
|
|t:|1757630047
|move|p2b: Gaia|Grassy Glide|p1b: Ninetales
|-damage|p1b: Ninetales|62/100
|move|p1b: Ninetales|Blizzard|p2a: THE FLAMING KING|[spread] p2a,p2b
|-resisted|p2a: THE FLAMING KING
|-crit|p2a: THE FLAMING KING
|-supereffective|p2b: Gaia
|-damage|p2a: THE FLAMING KING|58/100
|-damage|p2b: Gaia|0 fnt
|faint|p2b: Gaia
|move|p1a: Delphox|Heat Wave|p2a: THE FLAMING KING
|-resisted|p2a: THE FLAMING KING
|-damage|p2a: THE FLAMING KING|22/100
|-damage|p1a: Delphox|63/100|[from] item: Life Orb
|move|p2a: THE FLAMING KING|Kowtow Cleave|p1b: Ninetales
|-resisted|p1b: Ninetales
|-damage|p1b: Ninetales|0 fnt
|faint|p1b: Ninetales
|
|-weather|Snowscape|[upkeep]
|-heal|p1a: Delphox|69/100|[from] Grassy Terrain
|-heal|p2a: THE FLAMING KING|28/100|[from] Grassy Terrain
|upkeep
|
|t:|1757630064
|switch|p1b: Meowscarada|Meowscarada, L50, F|100/100
|switch|p2b: Hades|Basculegion, L50, M|100/100
|turn|4
|
|t:|1757630083
|move|p2a: THE FLAMING KING|Sucker Punch|p1a: Delphox
|-resisted|p1a: Delphox
|-damage|p1a: Delphox|2/100
|move|p2b: Hades|Flip Turn|p1b: Meowscarada
|-resisted|p1b: Meowscarada
|-damage|p1b: Meowscarada|73/100
|
|t:|1757630089
|switch|p2b: Aw dangit|Sneasler, L50, M|100/100|[from] Flip Turn
|move|p1b: Meowscarada|Flower Trick|p2b: Aw dangit
|-resisted|p2b: Aw dangit
|-crit|p2b: Aw dangit
|-damage|p2b: Aw dangit|37/100
|move|p1a: Delphox|Expanding Force|p2a: THE FLAMING KING
|-damage|p2a: THE FLAMING KING|0 fnt
|faint|p2a: THE FLAMING KING
|-damage|p1a: Delphox|0 fnt|[from] item: Life Orb
|faint|p1a: Delphox
|
|-weather|Snowscape|[upkeep]
|-heal|p2b: Aw dangit|43/100|[from] Grassy Terrain
|-heal|p1b: Meowscarada|79/100|[from] Grassy Terrain
|upkeep
|
|t:|1757630091
|switch|p2a: Hades|Basculegion, L50, M|100/100
|turn|5
|
|t:|1757630106
|move|p2b: Aw dangit|Fake Out|p1b: Meowscarada
|-damage|p1b: Meowscarada|55/100
|move|p2a: Hades|Last Respects|p1b: Meowscarada
|-resisted|p1b: Meowscarada
|-damage|p1b: Meowscarada|0 fnt
|faint|p1b: Meowscarada
|
|win|SnorlaxPikachu1
|l|☆spellweaver1
|player|p1|
||SnorlaxPikachu1 is ready for game 2.
||spellweaver1 is ready for game 2.
|uhtml|next|Next: Game 2 of 3
