|j|☆Djogmacx
|j|☆void25o
|html|Djogmacxvoid25o    
|uhtml|bestof|Game 2 of a best-of-3
|t:|1756611182
|gametype|doubles
|player|p1|Djogmacx|veteran|1067
|player|p2|void25o|miku-ghost|1158
|gen|9
|tier|[Gen 9] VGC 2025 Reg H (Bo3)
|rated|
|rule|Species Clause: Limit one of each Pokémon
|rule|Item Clause: Limit 1 of each item
|clearpoke
|poke|p1|Dragonite, L50, F|
|poke|p1|Hydrapple, L50, M|
|poke|p1|Incineroar, L50, F|
|poke|p1|Grimmsnarl, L50, M|
|poke|p1|Porygon-Z, L50|
|poke|p1|Politoed, L50, M|
|poke|p2|Pelipper, L50, F|
|poke|p2|Archaludon, L50, F|
|poke|p2|Maushold-Four, L50|
|poke|p2|Poliwrath, L50, M|
|poke|p2|Sinistcha, L50|
|poke|p2|Indeedee, L50, M|
|teampreview|4
|showteam|p1|Dragonite||LoadedDice|InnerFocus|ScaleShot,ExtremeSpeed,Tailwind,Protect|||F|||50|,,,,,Normal]Hydrapple||Leftovers|Regenerator|FickleBeam,DragonCheer,Recover,Protect|||M|||50|,,,,,Dragon]Incineroar||AssaultVest|Intimidate|FakeOut,FlareBlitz,Uturn,KnockOff|||F|||50|,,,,,Bug]Grimmsnarl||CovertCloak|Prankster|SpiritBreak,LightScreen,Reflect,PartingShot|||M|||50|,,,,,Ghost]Porygon-Z||LifeOrb|Adaptability|HyperBeam,TriAttack,Protect,IcyWind||||||50|,,,,,Normal]Politoed||ClearAmulet|Drizzle|WeatherBall,Haze,HelpingHand,Protect|||M|||50|,,,,,Grass
|showteam|p2|Pelipper||SafetyGoggles|Drizzle|WeatherBall,Hurricane,Tailwind,Protect|||F|||50|,,,,,Ground]Archaludon||AssaultVest|Stamina|DragonPulse,ElectroShot,FlashCannon,BodyPress|||F|||50|,,,,,Grass]Maushold-Four||WideLens|Technician|PopulationBomb,FollowMe,Taunt,Protect||||||50|,,,,,Ghost]Poliwrath||SitrusBerry|SwiftSwim|DrainPunch,Liquidation,BellyDrum,Protect|||M|||50|,,,,,Grass]Sinistcha||RockyHelmet|Hospitality|MatchaGotcha,LifeDew,RagePowder,TrickRoom||||||50|,,,,,Water]Indeedee||FocusSash|PsychicSurge|ExpandingForce,TeraBlast,Imprison,TrickRoom|||M|||50|,,,,,Psychic
|inactive|Battle timer is ON: inactive players will automatically lose when time's up. (requested by Djogmacx)
|inactive|Djogmacx has 60 seconds left.
|
|t:|1756611280
|teamsize|p1|4
|teamsize|p2|4
|start
|switch|p1a: Dragonite|Dragonite, L50, F|100/100
|switch|p1b: Grimmsnarl|Grimmsnarl, L50, M|100/100
|switch|p2a: Archaludon|Archaludon, L50, F, shiny|100/100
|switch|p2b: Maushold|Maushold-Four, L50|100/100
|turn|1
|inactive|Djogmacx has 30 seconds left.
|inactive|void25o has 30 seconds left.
|
|t:|1756611315
|move|p1b: Grimmsnarl|Light Screen|p1b: Grimmsnarl
|-sidestart|p1: Djogmacx|move: Light Screen
|move|p2b: Maushold|Population Bomb|p2a: Archaludon
|-resisted|p2a: Archaludon
|-damage|p2a: Archaludon|96/100
|-ability|p2a: Archaludon|Stamina|boost
|-boost|p2a: Archaludon|def|1
|-resisted|p2a: Archaludon
|-damage|p2a: Archaludon|93/100
|-ability|p2a: Archaludon|Stamina|boost
|-boost|p2a: Archaludon|def|1
|-resisted|p2a: Archaludon
|-damage|p2a: Archaludon|91/100
|-ability|p2a: Archaludon|Stamina|boost
|-boost|p2a: Archaludon|def|1
|-resisted|p2a: Archaludon
|-damage|p2a: Archaludon|90/100
|-ability|p2a: Archaludon|Stamina|boost
|-boost|p2a: Archaludon|def|1
|-resisted|p2a: Archaludon
|-damage|p2a: Archaludon|88/100
|-ability|p2a: Archaludon|Stamina|boost
|-boost|p2a: Archaludon|def|1
|-resisted|p2a: Archaludon
|-damage|p2a: Archaludon|87/100
|-ability|p2a: Archaludon|Stamina|boost
|-boost|p2a: Archaludon|def|1
|-resisted|p2a: Archaludon
|-damage|p2a: Archaludon|85/100
|-resisted|p2a: Archaludon
|-damage|p2a: Archaludon|84/100
|-resisted|p2a: Archaludon
|-crit|p2a: Archaludon
|-damage|p2a: Archaludon|78/100
|-resisted|p2a: Archaludon
|-damage|p2a: Archaludon|77/100
|-hitcount|p2a: Archaludon|10
|move|p2a: Archaludon|Dragon Pulse|p1a: Dragonite
|-supereffective|p1a: Dragonite
|-damage|p1a: Dragonite|55/100
|move|p1a: Dragonite|Tailwind|p1a: Dragonite
|-sidestart|p1: Djogmacx|move: Tailwind
|
|upkeep
|turn|2
|inactive|Djogmacx has 30 seconds left.
|inactive|void25o has 30 seconds left.
|inactive|Djogmacx has 20 seconds left.
|inactive|void25o has 20 seconds left.
|inactive|Djogmacx has 15 seconds left.
|inactive|void25o has 15 seconds left.
|inactive|Djogmacx has 10 seconds left.
|inactive|void25o has 10 seconds left.
|inactive|Djogmacx has 5 seconds left.
|inactive|void25o has 5 seconds left.
|
|t:|1756611369
|move|p1b: Grimmsnarl|Parting Shot|p2a: Archaludon
|-unboost|p2a: Archaludon|atk|1
|-unboost|p2a: Archaludon|spa|1
|
|t:|1756611373
|switch|p1b: Incineroar|Incineroar, L50, F|100/100|[from] Parting Shot
|-ability|p1b: Incineroar|Intimidate|boost
|-unboost|p2a: Archaludon|atk|1
|-unboost|p2b: Maushold|atk|1
|move|p1a: Dragonite|Scale Shot|p2b: Maushold|[miss]
|-miss|p1a: Dragonite|p2b: Maushold
|move|p2b: Maushold|Population Bomb|p1b: Incineroar
|-damage|p1b: Incineroar|93/100
|-damage|p1b: Incineroar|86/100
|-damage|p1b: Incineroar|78/100
|-damage|p1b: Incineroar|72/100
|-damage|p1b: Incineroar|64/100
|-damage|p1b: Incineroar|58/100
|-damage|p1b: Incineroar|50/100
|-damage|p1b: Incineroar|43/100
|-damage|p1b: Incineroar|36/100
|-damage|p1b: Incineroar|28/100
|-hitcount|p1b: Incineroar|10
|move|p2a: Archaludon|Dragon Pulse|p1a: Dragonite
|-supereffective|p1a: Dragonite
|-damage|p1a: Dragonite|24/100
|
|upkeep
|turn|3
|inactive|Djogmacx has 30 seconds left.
|inactive|void25o has 30 seconds left.
|c|☆Djogmacx|hit the cassino
|inactive|Djogmacx has 20 seconds left.
|inactive|Djogmacx has 15 seconds left.
|inactive|Djogmacx has 10 seconds left.
|
|t:|1756611419
|move|p2b: Maushold|Protect|p2b: Maushold
|-singleturn|p2b: Maushold|Protect
|move|p1a: Dragonite|Scale Shot|p2b: Maushold
|-activate|p2b: Maushold|move: Protect
|move|p1b: Incineroar|Knock Off|p2a: Archaludon
|-damage|p2a: Archaludon|68/100
|-enditem|p2a: Archaludon|Assault Vest|[from] move: Knock Off|[of] p1b: Incineroar
|move|p2a: Archaludon|Dragon Pulse|p1a: Dragonite
|-supereffective|p1a: Dragonite
|-damage|p1a: Dragonite|0 fnt
|faint|p1a: Dragonite
|
|upkeep
|
|t:|1756611430
|switch|p1a: Porygon-Z|Porygon-Z, L50|100/100
|turn|4
|
|t:|1756611450
|switch|p1b: Grimmsnarl|Grimmsnarl, L50, M|100/100
|-terastallize|p1a: Porygon-Z|Normal
|move|p1a: Porygon-Z|Hyper Beam|p2a: Archaludon
|-resisted|p2a: Archaludon
|-damage|p2a: Archaludon|0 fnt
|-mustrecharge|p1a: Porygon-Z
|faint|p2a: Archaludon
|-damage|p1a: Porygon-Z|91/100|[from] item: Life Orb
|move|p2b: Maushold|Population Bomb|p1b: Grimmsnarl
|-damage|p1b: Grimmsnarl|93/100
|-damage|p1b: Grimmsnarl|85/100
|-damage|p1b: Grimmsnarl|77/100
|-damage|p1b: Grimmsnarl|68/100
|-damage|p1b: Grimmsnarl|60/100
|-damage|p1b: Grimmsnarl|52/100
|-damage|p1b: Grimmsnarl|43/100
|-crit|p1b: Grimmsnarl
|-damage|p1b: Grimmsnarl|24/100
|-damage|p1b: Grimmsnarl|15/100
|-damage|p1b: Grimmsnarl|7/100
|-hitcount|p1b: Grimmsnarl|10
|
|-sideend|p1: Djogmacx|move: Tailwind
|upkeep
|
|t:|1756611462
|switch|p2a: Pelipper|Pelipper, L50, F|100/100
|-weather|RainDance|[from] ability: Drizzle|[of] p2a: Pelipper
|turn|5
|c|☆Djogmacx|dude
|inactive|Djogmacx has 30 seconds left.
|c|☆Djogmacx|just hit the cassino already
|inactive|Djogmacx has 20 seconds left.
|inactive|Djogmacx has 15 seconds left.
|
|t:|1756611505
|move|p1b: Grimmsnarl|Parting Shot|p2a: Pelipper
|-unboost|p2a: Pelipper|atk|1
|-unboost|p2a: Pelipper|spa|1
|
|t:|1756611509
|switch|p1b: Incineroar|Incineroar, L50, F|28/100|[from] Parting Shot
|-ability|p1b: Incineroar|Intimidate|boost
|-unboost|p2a: Pelipper|atk|1
|-unboost|p2b: Maushold|atk|1
|move|p2b: Maushold|Population Bomb|p1a: Porygon-Z
|-damage|p1a: Porygon-Z|83/100
|-damage|p1a: Porygon-Z|76/100
|-damage|p1a: Porygon-Z|68/100
|-damage|p1a: Porygon-Z|60/100
|-damage|p1a: Porygon-Z|53/100
|-damage|p1a: Porygon-Z|45/100
|-damage|p1a: Porygon-Z|38/100
|-damage|p1a: Porygon-Z|30/100
|-damage|p1a: Porygon-Z|22/100
|-damage|p1a: Porygon-Z|14/100
|-hitcount|p1a: Porygon-Z|10
|cant|p1a: Porygon-Z|recharge
|move|p2a: Pelipper|Weather Ball|p1a: Porygon-Z
|-crit|p1a: Porygon-Z
|-damage|p1a: Porygon-Z|0 fnt
|faint|p1a: Porygon-Z
|
|-weather|RainDance|[upkeep]
|-sideend|p1: Djogmacx|move: Light Screen
|upkeep
|
|t:|1756611532
|switch|p1a: Grimmsnarl|Grimmsnarl, L50, M|7/100
|turn|6
|inactive|Djogmacx has 30 seconds left.
|
|t:|1756611565
|move|p2b: Maushold|Population Bomb|p1b: Incineroar
|-damage|p1b: Incineroar|24/100
|-damage|p1b: Incineroar|19/100
|-crit|p1b: Incineroar
|-damage|p1b: Incineroar|6/100
|-damage|p1b: Incineroar|1/100
|-damage|p1b: Incineroar|0 fnt
|faint|p1b: Incineroar
|-hitcount|p1: Incineroar|5
|move|p2a: Pelipper|Weather Ball|p1a: Grimmsnarl
|-damage|p1a: Grimmsnarl|0 fnt
|faint|p1a: Grimmsnarl
|
|win|void25o
|raw|Djogmacx's rating: 1067 → 1052(-15 for losing)
|raw|void25o's rating: 1158 → 1177(+19 for winning)
