|j|☆MiiverseVGC
|j|☆Katz
|html|MiiverseVGCKatz    
|uhtml|bestof|Game 2 of a best-of-3
|t:|1782558267
|gametype|doubles
|player|p1|MiiverseVGC|265|
|player|p2|Katz|#smogonxnpa2026draftee|
|gen|9
|tier|[Gen 9 Champions] VGC 2026 Reg M-B (Bo3)
|rule|Species Clause: Limit one of each Pokémon
|rule|Item Clause: Limit 1 of each item
|clearpoke
|poke|p1|Charizard, L50, M|
|poke|p1|Floette-Eternal, L50, F|
|poke|p1|Garchomp, L50, F|
|poke|p1|Kingambit, L50, M|
|poke|p1|Basculegion, L50, M|
|poke|p1|Whimsicott, L50, F|
|poke|p2|Floette-Eternal, L50, F|
|poke|p2|Charizard, L50, F|
|poke|p2|Kingambit, L50, F|
|poke|p2|Whimsicott, L50, M|
|poke|p2|Basculegion, L50, M|
|poke|p2|Garchomp, L50, F|
|teampreview|4
|showteam|p1|Charizard||CharizarditeY|Blaze|HeatWave,WeatherBall,SolarBeam,Protect|Modest||M|||50|]Floette-Eternal||Floettite|FlowerVeil|DazzlingGleam,Moonblast,LightofRuin,Protect|Modest||F|||50|]Garchomp||RoseliBerry|RoughSkin|Earthquake,DragonClaw,PoisonJab,RockSlide|Jolly||F|||50|]Kingambit||OccaBerry|Defiant|KowtowCleave,SuckerPunch,IronHead,Protect|Adamant||M|||50|]Basculegion||LifeOrb|Adaptability|WaveCrash,AquaJet,LastRespects,Protect|Adamant||M|||50|]Whimsicott||FocusSash|Prankster|Moonblast,Tailwind,Encore,Protect|Timid||F|||50|
|showteam|p2|Floette-Eternal||Floettite|FlowerVeil|LightofRuin,Moonblast,DazzlingGleam,Protect|Timid||F|||50|]Charizard||CharizarditeY|Blaze|SolarBeam,HeatWave,WeatherBall,Protect|Modest||F|||50|]Kingambit||OccaBerry|Defiant|LowKick,Protect,KowtowCleave,SuckerPunch|Adamant||F|||50|]Whimsicott||FocusSash|Prankster|Moonblast,Tailwind,Encore,Protect|Timid||M|||50|]Basculegion||MysticWater|Adaptability|WaveCrash,Protect,LastRespects,AquaJet|Adamant||M|||50|]Garchomp||LifeOrb|RoughSkin|Earthquake,RockSlide,Protect,DragonClaw|Jolly||F|||50|
|j| Kyogre33
|j|+Zelda
|j| multi boy
|l| Kyogre33
|
|t:|1782558317
|teamsize|p1|4
|teamsize|p2|4
|start
|switch|p1a: Whimsicott|Whimsicott, L50, F|100/100
|switch|p1b: Charizard|Charizard, L50, M|100/100
|switch|p2a: Whimsicott|Whimsicott, L50, M|100/100
|switch|p2b: Floette|Floette-Eternal, L50, F|100/100
|turn|1
|j| last _dress3
|
|t:|1782558349
|detailschange|p2b: Floette|Floette-Mega, L50, F
|-mega|p2b: Floette|Floette|Floettite
|-ability|p2b: Floette|Fairy Aura
|detailschange|p1b: Charizard|Charizard-Mega-Y, L50, M
|-mega|p1b: Charizard|Charizard|Charizardite Y
|-weather|SunnyDay|[from] ability: Drought|[of] p1b: Charizard
|move|p1a: Whimsicott|Tailwind|p1a: Whimsicott
|-sidestart|p1: MiiverseVGC|move: Tailwind
|move|p1b: Charizard|Heat Wave|p2b: Floette|[spread] p2a,p2b
|-supereffective|p2a: Whimsicott|1
|-crit|p2b: Floette
|-enditem|p2a: Whimsicott|Focus Sash
|-damage|p2a: Whimsicott|1/100
|-damage|p2b: Floette|17/100
|move|p2a: Whimsicott|Moonblast|p1a: Whimsicott
|-damage|p1a: Whimsicott|24/100
|move|p2b: Floette|Dazzling Gleam|p1a: Whimsicott|[spread] p1a,p1b
|-resisted|p1b: Charizard|1
|-damage|p1a: Whimsicott|0 fnt
|-damage|p1b: Charizard|75/100
|faint|p1a: Whimsicott
|
|-weather|SunnyDay|[upkeep]
|upkeep
|
|t:|1782558362
|switch|p1a: Basculegion|Basculegion, L50, M|100/100
|turn|2
|j| mattmaster2010
|
|t:|1782558422
|move|p2a: Whimsicott|Protect|p2a: Whimsicott
|-singleturn|p2a: Whimsicott|Protect
|move|p1a: Basculegion|Aqua Jet|p2a: Whimsicott
|-activate|p2a: Whimsicott|move: Protect
|move|p1b: Charizard|Weather Ball|p2b: Floette
|-damage|p2b: Floette|0 fnt
|faint|p2b: Floette
|
|-weather|SunnyDay|[upkeep]
|upkeep
|
|t:|1782558431
|switch|p2b: Garchomp|Garchomp, L50, F|100/100
|turn|3
|inactive|Battle timer is ON: inactive players will automatically lose when time's up. (requested by Katz)
|j| Kyogre33
|
|t:|1782558490
|move|p2a: Whimsicott|Encore|p1a: Basculegion
|-start|p1a: Basculegion|Encore
|move|p1a: Basculegion|Aqua Jet|p2a: Whimsicott
|-resisted|p2a: Whimsicott|1
|-damage|p2a: Whimsicott|0 fnt
|faint|p2a: Whimsicott
|-damage|p1a: Basculegion|90/100|[from] item: Life Orb
|move|p1b: Charizard|Heat Wave|p2b: Garchomp|[miss]
|-miss|p1b: Charizard|p2b: Garchomp
|move|p2b: Garchomp|Rock Slide|p1a: Basculegion|[spread] p1a
|-miss|p2b: Garchomp|p1b: Charizard
|-damage|p1a: Basculegion|56/100
|-damage|p2b: Garchomp|90/100|[from] item: Life Orb
|
|-weather|SunnyDay|[upkeep]
|upkeep
|
|t:|1782558507
|switch|p2a: Kingambit|Kingambit, L50, F|100/100
|turn|4
|inactive|Katz has 30 seconds left.
|inactive|Katz has 20 seconds left.
|inactive|Katz has 15 seconds left.
|
|t:|1782558551
|switch|p1a: Garchomp|Garchomp, L50, F|100/100
|move|p1b: Charizard|Weather Ball|p2a: Kingambit
|-supereffective|p2a: Kingambit|1
|-enditem|p2a: Kingambit|Occa Berry|[eat]
|-enditem|p2a: Kingambit|Occa Berry|[weaken]
|-damage|p2a: Kingambit|27/100
|move|p2b: Garchomp|Dragon Claw|p1a: Garchomp
|-supereffective|p1a: Garchomp|1
|-damage|p1a: Garchomp|1/100
|-damage|p2b: Garchomp|77/100|[from] ability: Rough Skin|[of] p1a: Garchomp
|-damage|p2b: Garchomp|68/100|[from] item: Life Orb
|move|p2a: Kingambit|Kowtow Cleave|p1a: Garchomp
|-damage|p1a: Garchomp|0 fnt
|-damage|p2a: Kingambit|15/100|[from] ability: Rough Skin|[of] p1a: Garchomp
|faint|p1a: Garchomp
|
|-weather|SunnyDay|[upkeep]
|-sideend|p1: MiiverseVGC|move: Tailwind
|upkeep
|
|t:|1782558560
|switch|p1a: Basculegion|Basculegion, L50, M|56/100
|turn|5
|
|t:|1782558583
|move|p1b: Charizard|Protect|p1b: Charizard
|-singleturn|p1b: Charizard|Protect
|move|p1a: Basculegion|Protect|p1a: Basculegion
|-singleturn|p1a: Basculegion|Protect
|move|p2a: Kingambit|Sucker Punch||[still]
|-fail|p2a: Kingambit
|move|p2b: Garchomp|Rock Slide|p1b: Charizard|[spread] 
|-activate|p1a: Basculegion|move: Protect
|-activate|p1b: Charizard|move: Protect
|
|-weather|none
|upkeep
|turn|6
|
|t:|1782558602
|move|p1a: Basculegion|Aqua Jet|p2b: Garchomp
|-damage|p2b: Garchomp|28/100
|-damage|p1a: Basculegion|44/100|[from] ability: Rough Skin|[of] p2b: Garchomp
|-damage|p1a: Basculegion|35/100|[from] item: Life Orb
|move|p2a: Kingambit|Sucker Punch||[still]
|-fail|p2a: Kingambit
|move|p2b: Garchomp|Rock Slide|p1a: Basculegion|[spread] p1a
|-miss|p2b: Garchomp|p1b: Charizard
|-damage|p1a: Basculegion|2/100
|-damage|p2b: Garchomp|18/100|[from] item: Life Orb
|move|p1b: Charizard|Heat Wave|p2b: Garchomp|[spread] p2a,p2b
|-supereffective|p2a: Kingambit|1
|-resisted|p2b: Garchomp|1
|-damage|p2a: Kingambit|0 fnt
|-damage|p2b: Garchomp|0 fnt
|faint|p2a: Kingambit
|faint|p2b: Garchomp
|
|win|MiiverseVGC
|l| Kyogre33
|c|☆MiiverseVGC|My b bro
|c|☆Katz|gg
|l|☆Katz
|player|p2|
|l|+Zelda
|c|☆MiiverseVGC|gg
|j| Pagos-Eternal
