|j|☆Pokimohy
|j|☆eljulius
|html|Pokimohyeljulius    
|uhtml|bestof|Game 1 of a best-of-3
|t:|1784642121
|gametype|doubles
|player|p1|Pokimohy|gentleman-gen4dp|
|player|p2|eljulius|lance|
|gen|9
|tier|[Gen 9 Champions] VGC 2026 Reg M-B (Bo3)
|rule|Species Clause: Limit one of each Pokémon
|rule|Item Clause: Limit 1 of each item
|clearpoke
|poke|p1|Charizard, L50, M|
|poke|p1|Aerodactyl, L50, F|
|poke|p1|Farigiraf, L50, M|
|poke|p1|Sylveon, L50, F|
|poke|p1|Kingambit, L50, M|
|poke|p1|Garchomp, L50, M|
|poke|p2|Blastoise, L50, M|
|poke|p2|Maushold, L50|
|poke|p2|Milotic, L50, M|
|poke|p2|Sinistcha, L50|
|poke|p2|Delphox, L50, M|
|poke|p2|Incineroar, L50, M|
|teampreview|4
|showteam|p1|Charizard||CharizarditeY|Blaze|HeatWave,WeatherBall,SolarBeam,Protect|Timid||M|||50|]Aerodactyl||Aerodactylite|Unnerve|Tailwind,IceFang,RockSlide,DualWingbeat|Jolly||F|||50|]Farigiraf||SitrusBerry|ArmorTail|TrickRoom,TwinBeam,Thunderbolt,Roar|Quiet||M|||50|]Sylveon||FairyFeather|Pixilate|HyperVoice,HyperBeam,Detect,QuickAttack|Modest||F|||50|]Kingambit||FocusSash|Defiant|KowtowCleave,LowKick,IronHead,SuckerPunch|Adamant||M|||50|]Garchomp||LifeOrb|RoughSkin|Earthquake,RockSlide,DragonClaw,Protect|Adamant||M|||50|
|showteam|p2|Blastoise||Blastoisinite|RainDish|WaterSpout,ShellSmash,DarkPulse,AuraSphere|Modest||M|||50|]Maushold||FocusSash|FriendGuard|PopulationBomb,Encore,SuperFang,FollowMe|Impish|||||50|]Milotic||Leftovers|Competitive|MuddyWater,Coil,Recover,Hypnosis|Bold||M|||50|]Sinistcha||KasibBerry|Hospitality|MatchaGotcha,TrickRoom,LifeDew,RagePowder|Bold|||||50|]Delphox||Delphoxite|Blaze|NastyPlot,Psychic,HeatWave,Protect|Timid||M|||50|]Incineroar||SitrusBerry|Intimidate|FakeOut,PartingShot,DarkestLariat,FlareBlitz|Impish||M|||50|
|c|☆Pokimohy|Suerte
|c|☆eljulius|Igual
|
|t:|1784642234
|teamsize|p1|4
|teamsize|p2|4
|start
|switch|p1a: Kingambit|Kingambit, L50, M|100/100
|switch|p1b: Farigiraf|Farigiraf, L50, M|100/100
|switch|p2a: K.Mbappe|Blastoise, L50, M|100/100
|switch|p2b: Visca Barsa|Maushold, L50|100/100
|turn|1
|
|t:|1784642257
|detailschange|p2a: K.Mbappe|Blastoise-Mega, L50, M
|-mega|p2a: K.Mbappe|Blastoise|Blastoisinite
|move|p2b: Visca Barsa|Follow Me|p2b: Visca Barsa
|-singleturn|p2b: Visca Barsa|move: Follow Me
|move|p2a: K.Mbappe|Water Spout|p1a: Kingambit|[spread] p1a,p1b
|-damage|p1a: Kingambit|17/100
|-damage|p1b: Farigiraf|32/100
|-enditem|p1b: Farigiraf|Sitrus Berry|[eat]
|-heal|p1b: Farigiraf|56/100|[from] item: Sitrus Berry
|move|p1a: Kingambit|Kowtow Cleave|p2b: Visca Barsa
|-damage|p2b: Visca Barsa|53/100
|move|p1b: Farigiraf|Trick Room|p1b: Farigiraf
|-fieldstart|move: Trick Room|[of] p1b: Farigiraf
|
|upkeep
|turn|2
|
|t:|1784642280
|move|p2b: Visca Barsa|Follow Me|p2b: Visca Barsa
|-singleturn|p2b: Visca Barsa|move: Follow Me
|move|p1b: Farigiraf|Twin Beam|p2b: Visca Barsa
|-damage|p2b: Visca Barsa|32/100
|-crit|p2b: Visca Barsa
|-damage|p2b: Visca Barsa|0 fnt
|faint|p2b: Visca Barsa
|-hitcount|p2: Visca Barsa|2
|move|p1a: Kingambit|Kowtow Cleave|p2a: K.Mbappe
|-damage|p2a: K.Mbappe|53/100
|move|p2a: K.Mbappe|Water Spout|p1a: Kingambit|[spread] p1a,p1b
|-damage|p1a: Kingambit|0 fnt
|-damage|p1b: Farigiraf|23/100
|faint|p1a: Kingambit
|
|upkeep
|
|t:|1784642290
|switch|p1a: Garchomp|Garchomp, L50, M|100/100
|switch|p2b: Carles Puyol|Incineroar, L50, M|100/100
|-ability|p2b: Carles Puyol|Intimidate|boost
|-unboost|p1a: Garchomp|atk|1
|-unboost|p1b: Farigiraf|atk|1
|turn|3
|
|t:|1784642302
|move|p1b: Farigiraf|Twin Beam|p2a: K.Mbappe
|-damage|p2a: K.Mbappe|33/100
|-damage|p2a: K.Mbappe|16/100
|-hitcount|p2a: K.Mbappe|2
|move|p2b: Carles Puyol|Parting Shot|p1a: Garchomp
|-unboost|p1a: Garchomp|atk|1
|-unboost|p1a: Garchomp|spa|1
|
|t:|1784642306
|switch|p2b: Cubarsi|Sinistcha, L50|100/100|[from] Parting Shot
|-heal|p2a: K.Mbappe|41/100|[from] ability: Hospitality|[of] p2b: Cubarsi
|move|p2a: K.Mbappe|Dark Pulse|p1a: Garchomp
|-damage|p1a: Garchomp|45/100
|move|p1a: Garchomp|Earthquake|p2a: K.Mbappe|[spread] p1b,p2a,p2b
|-resisted|p2b: Cubarsi|1
|-damage|p1b: Farigiraf|0 fnt
|-damage|p2a: K.Mbappe|16/100
|-damage|p2b: Cubarsi|89/100
|faint|p1b: Farigiraf
|-damage|p1a: Garchomp|35/100|[from] item: Life Orb
|
|upkeep
|
|t:|1784642315
|switch|p1b: Aerodactyl|Aerodactyl, L50, F|100/100
|-ability|p1b: Aerodactyl|Unnerve
|turn|4
|
|t:|1784642327
|detailschange|p1b: Aerodactyl|Aerodactyl-Mega, L50, F
|-mega|p1b: Aerodactyl|Aerodactyl|Aerodactylite
|move|p2b: Cubarsi|Life Dew|p2b: Cubarsi|[spread] p2a,p2b
|-heal|p2a: K.Mbappe|41/100
|-heal|p2b: Cubarsi|100/100
|move|p2a: K.Mbappe|Dark Pulse|p1b: Aerodactyl
|-damage|p1b: Aerodactyl|46/100
|move|p1a: Garchomp|Earthquake|p2a: K.Mbappe|[spread] p2a,p2b
|-immune|p1b: Aerodactyl
|-resisted|p2b: Cubarsi|1
|-damage|p2a: K.Mbappe|12/100
|-damage|p2b: Cubarsi|89/100
|-damage|p1a: Garchomp|25/100|[from] item: Life Orb
|move|p1b: Aerodactyl|Dual Wingbeat|p2b: Cubarsi
|-supereffective|p2b: Cubarsi|1
|-damage|p2b: Cubarsi|45/100
|-supereffective|p2b: Cubarsi|1
|-damage|p2b: Cubarsi|5/100
|-hitcount|p2b: Cubarsi|2
|
|upkeep
|turn|5
|
|t:|1784642349
|move|p2b: Cubarsi|Life Dew|p2b: Cubarsi|[spread] p2a,p2b
|-heal|p2a: K.Mbappe|37/100
|-heal|p2b: Cubarsi|30/100
|move|p2a: K.Mbappe|Dark Pulse|p1a: Garchomp
|-damage|p1a: Garchomp|0 fnt
|faint|p1a: Garchomp
|move|p1b: Aerodactyl|Rock Slide|p2a: K.Mbappe|[spread] p2a,p2b
|-damage|p2a: K.Mbappe|12/100
|-damage|p2b: Cubarsi|6/100
|
|-fieldend|move: Trick Room
|upkeep
|turn|6
|
|t:|1784642357
|move|p1b: Aerodactyl|Rock Slide|p2b: Cubarsi|[spread] p2a
|-miss|p1b: Aerodactyl|p2b: Cubarsi
|-damage|p2a: K.Mbappe|0 fnt
|faint|p2a: K.Mbappe
|move|p2b: Cubarsi|Trick Room|p2b: Cubarsi
|-fieldstart|move: Trick Room|[of] p2b: Cubarsi
|
|upkeep
|
|t:|1784642359
|switch|p2a: Carles Puyol|Incineroar, L50, M|100/100
|-ability|p2a: Carles Puyol|Intimidate|boost
|-unboost|p1b: Aerodactyl|atk|1
|turn|7
|
|t:|1784642367
|move|p2a: Carles Puyol|Fake Out|p1b: Aerodactyl
|-resisted|p1b: Aerodactyl|1
|-damage|p1b: Aerodactyl|40/100
|move|p2b: Cubarsi|Matcha Gotcha|p1b: Aerodactyl
|-damage|p1b: Aerodactyl|2/100
|-heal|p2b: Cubarsi|24/100|[from] drain|[of] p1b: Aerodactyl
|cant|p1b: Aerodactyl|flinch
|
|upkeep
|turn|8
|
|t:|1784642372
|move|p2a: Carles Puyol|Darkest Lariat|p1b: Aerodactyl
|-damage|p1b: Aerodactyl|0 fnt
|faint|p1b: Aerodactyl
|
|win|eljulius
||Pokimohy is ready for game 2.
||eljulius is ready for game 2.
|uhtml|next|Next: Game 2 of 3
|j| MeteorPlayz_
