|j|☆endershovel
|j|☆KatKraydel
|html|endershovelKatKraydel    
|uhtml|bestof|Game 2 of a best-of-3
|t:|1785409979
|gametype|doubles
|player|p1|endershovel|170|1360
|player|p2|KatKraydel|lebanne|1284
|gen|9
|tier|[Gen 9 Champions] VGC 2026 Reg M-B (Bo3)
|rated|
|rule|Species Clause: Limit one of each Pokémon
|rule|Item Clause: Limit 1 of each item
|clearpoke
|poke|p1|Starmie, L50, shiny|
|poke|p1|Sneasler, L50, M|
|poke|p1|Pelipper, L50, M|
|poke|p1|Archaludon, L50, F|
|poke|p1|Sinistcha-Masterpiece, L50|
|poke|p1|Kingambit, L50, M|
|poke|p2|Ninetales-Alola, L50, F|
|poke|p2|Whimsicott, L50, M|
|poke|p2|Kingambit, L50, F|
|poke|p2|Hawlucha, L50, F|
|poke|p2|Ceruledge, L50, M|
|poke|p2|Floette-Eternal, L50, F|
|teampreview|4
|showteam|p1|Starmie||Starminite|NaturalCure|Liquidation,ZenHeadbutt,AquaJet,Protect|Jolly|||||50|]Sneasler||WhiteHerb|Unburden|CloseCombat,DireClaw,Coaching,FakeOut|Adamant||M|||50|]Pelipper||SitrusBerry|Drizzle|Hurricane,MuddyWater,Tailwind,Protect|Modest||M|||50|]Archaludon||Leftovers|Stamina|ElectroShot,FlashCannon,DragonPulse,Protect|Modest||F|||50|]Sinistcha-Masterpiece||ColburBerry|Hospitality|MatchaGotcha,RagePowder,TrickRoom,Protect|Calm|||||50|]Kingambit||BlackGlasses|Defiant|KowtowCleave,SuckerPunch,SwordsDance,Protect|Adamant||M|||50|
|showteam|p2|Ninetales-Alola||NeverMeltIce|SnowWarning|Blizzard,FreezeDry,Disable,Protect|Timid||F|||50|]Whimsicott||FocusSash|Prankster|Moonblast,Tailwind,Encore,Protect|Timid||M|||50|]Kingambit||LifeOrb|Defiant|KowtowCleave,SuckerPunch,IronHead,Protect|Adamant||F|||50|]Hawlucha||Hawluchanite|MoldBreaker|CloseCombat,BraveBird,StoneEdge,Protect|Adamant||F|||50|]Ceruledge||ColburBerry|FlashFire|BitterBlade,ShadowSneak,BulkUp,Protect|Adamant||M|||50|]Floette-Eternal||Floettite|FlowerVeil|Moonblast,DazzlingGleam,LightofRuin,Protect|Modest||F|||50|
|
|t:|1785410032
|teamsize|p1|4
|teamsize|p2|4
|start
|switch|p1a: Sinistcha|Sinistcha-Masterpiece, L50|100/100
|switch|p1b: Sneasler|Sneasler, L50, M|100/100
|switch|p2a: expectations|Hawlucha, L50, F|100/100
|switch|p2b: Bounce Man|Whimsicott, L50, M|100/100
|-ability|p2a: expectations|Mold Breaker
|turn|1
|inactive|Battle timer is ON: inactive players will automatically lose when time's up. (requested by endershovel)
|
|t:|1785410047
|detailschange|p2a: expectations|Hawlucha-Mega, L50, F
|-mega|p2a: expectations|Hawlucha|Hawluchanite
|move|p1b: Sneasler|Fake Out|p2a: expectations
|-damage|p2a: expectations|84/100
|move|p2b: Bounce Man|Encore|p1b: Sneasler
|-start|p1b: Sneasler|Encore
|cant|p2a: expectations|flinch
|move|p1a: Sinistcha|Trick Room|p1a: Sinistcha
|-fieldstart|move: Trick Room|[of] p1a: Sinistcha
|
|upkeep
|turn|2
|
|t:|1785410065
|switch|p1a: Archaludon|Archaludon, L50, F|100/100
|switch|p1b: Pelipper|Pelipper, L50, M|100/100
|-weather|RainDance|[from] ability: Drizzle|[of] p1b: Pelipper
|move|p2b: Bounce Man|Encore||[still]
|-fail|p2b: Bounce Man
|move|p2a: expectations|Close Combat|p1b: Pelipper
|-resisted|p1b: Pelipper|1
|-damage|p1b: Pelipper|63/100
|-unboost|p2a: expectations|def|1
|-unboost|p2a: expectations|spd|1
|
|-weather|RainDance|[upkeep]
|upkeep
|turn|3
|
|t:|1785410081
|switch|p1b: Sinistcha|Sinistcha-Masterpiece, L50|100/100
|switch|p2a: Midwest Indigo|Ninetales-Alola, L50, F|100/100
|-weather|Snowscape|[from] ability: Snow Warning|[of] p2a: Midwest Indigo
|switch|p2b: Porcelain|Kingambit, L50, F|100/100
|move|p1a: Archaludon|Flash Cannon|p2b: Porcelain
|-resisted|p2b: Porcelain|1
|-damage|p2b: Porcelain|78/100
|-unboost|p2b: Porcelain|spd|1
|-ability|p2b: Porcelain|Defiant|boost
|-boost|p2b: Porcelain|atk|2
|
|-weather|Snowscape|[upkeep]
|upkeep
|turn|4
|
|t:|1785410100
|switch|p1b: Pelipper|Pelipper, L50, M|63/100
|-weather|RainDance|[from] ability: Drizzle|[of] p1b: Pelipper
|move|p2a: Midwest Indigo|Protect|p2a: Midwest Indigo
|-singleturn|p2a: Midwest Indigo|Protect
|move|p2b: Porcelain|Kowtow Cleave|p1b: Pelipper
|-damage|p1b: Pelipper|0 fnt
|faint|p1b: Pelipper
|-damage|p2b: Porcelain|69/100|[from] item: Life Orb
|move|p1a: Archaludon|Electro Shot||[still]
|-prepare|p1a: Archaludon|Electro Shot
|-boost|p1a: Archaludon|spa|1
|-anim|p1a: Archaludon|Electro Shot|p2b: Porcelain
|-damage|p2b: Porcelain|0 fnt
|faint|p2b: Porcelain
|
|-weather|RainDance|[upkeep]
|upkeep
|
|t:|1785410110
|switch|p2b: Bounce Man|Whimsicott, L50, M|100/100
|switch|p1b: Sinistcha|Sinistcha-Masterpiece, L50|100/100
|turn|5
|
|t:|1785410119
|move|p2b: Bounce Man|Encore|p1a: Archaludon
|-start|p1a: Archaludon|Encore
|move|p1b: Sinistcha|Matcha Gotcha|p2b: Bounce Man|[spread] p2a
|-miss|p1b: Sinistcha|p2b: Bounce Man
|-damage|p2a: Midwest Indigo|72/100
|move|p1a: Archaludon|Electro Shot||[still]
|-prepare|p1a: Archaludon|Electro Shot
|-boost|p1a: Archaludon|spa|1
|-anim|p1a: Archaludon|Electro Shot|p2b: Bounce Man
|-resisted|p2b: Bounce Man|1
|-damage|p2b: Bounce Man|33/100
|move|p2a: Midwest Indigo|Blizzard|p1b: Sinistcha|[spread] p1a,p1b
|-supereffective|p1b: Sinistcha|1
|-crit|p1b: Sinistcha
|-damage|p1a: Archaludon|57/100
|-damage|p1b: Sinistcha|0 fnt
|-status|p1a: Archaludon|frz
|-ability|p1a: Archaludon|Stamina|boost
|-boost|p1a: Archaludon|def|1
|faint|p1b: Sinistcha
|
|-weather|RainDance|[upkeep]
|-heal|p1a: Archaludon|63/100 frz|[from] item: Leftovers
|-fieldend|move: Trick Room
|upkeep
|
|t:|1785410123
|switch|p1b: Sneasler|Sneasler, L50, M|100/100
|turn|6
|
|t:|1785410135
|switch|p2a: expectations|Hawlucha-Mega, L50, F|84/100
|move|p2b: Bounce Man|Protect|p2b: Bounce Man
|-singleturn|p2b: Bounce Man|Protect
|move|p1b: Sneasler|Dire Claw|p2a: expectations
|-damage|p2a: expectations|39/100
|-status|p2a: expectations|par
|cant|p1a: Archaludon|frz
|
|-weather|RainDance|[upkeep]
|-heal|p1a: Archaludon|69/100 frz|[from] item: Leftovers
|upkeep
|turn|7
|
|t:|1785410150
|move|p2b: Bounce Man|Moonblast|p1b: Sneasler
|-damage|p1b: Sneasler|54/100
|move|p1b: Sneasler|Dire Claw|p2a: expectations
|-damage|p2a: expectations|0 fnt
|faint|p2a: expectations
|-curestatus|p1a: Archaludon|frz|[msg]
|move|p1a: Archaludon|Electro Shot||[still]
|-prepare|p1a: Archaludon|Electro Shot
|-boost|p1a: Archaludon|spa|1
|-anim|p1a: Archaludon|Electro Shot|p2b: Bounce Man
|-resisted|p2b: Bounce Man|1
|-damage|p2b: Bounce Man|0 fnt
|faint|p2b: Bounce Man
|
|-weather|RainDance|[upkeep]
|-heal|p1a: Archaludon|75/100|[from] item: Leftovers
|-end|p1a: Archaludon|Encore
|upkeep
|
|t:|1785410157
|switch|p2b: Midwest Indigo|Ninetales-Alola, L50, F|72/100
|-weather|Snowscape|[from] ability: Snow Warning|[of] p2b: Midwest Indigo
|turn|8
|
|t:|1785410162
|move|p1b: Sneasler|Dire Claw|p2b: Midwest Indigo
|-supereffective|p2b: Midwest Indigo|1
|-damage|p2b: Midwest Indigo|0 fnt
|faint|p2b: Midwest Indigo
|
|win|endershovel
|raw|endershovel's rating: 1360 → 1376(+16 for winning)
|raw|KatKraydel's rating: 1284 → 1264(-20 for losing)
|l|☆KatKraydel
|player|p2|
