|j|☆FlareIsSolar
|j|☆Permasona
|html|FlareIsSolarPermasona    
|uhtml|bestof|Game 2 of a best-of-3
|t:|1757629899
|gametype|doubles
|player|p1|FlareIsSolar|volkner|1240
|player|p2|Permasona|sabrina|1260
|gen|9
|tier|[Gen 9] VGC 2025 Reg H (Bo3)
|rated|
|rule|Species Clause: Limit one of each Pokémon
|rule|Item Clause: Limit 1 of each item
|clearpoke
|poke|p1|Garchomp, L50, F|
|poke|p1|Gholdengo, L50|
|poke|p1|Talonflame, L50, M|
|poke|p1|Amoonguss, L50, M|
|poke|p1|Tyranitar, L50, M|
|poke|p1|Basculegion, L50, M|
|poke|p2|Ursaluna, L50, M|
|poke|p2|Archaludon, L50, M|
|poke|p2|Pelipper, L50, F|
|poke|p2|Sinistcha-Masterpiece, L50|
|poke|p2|Incineroar, L50, M|
|poke|p2|Overqwil, L50, F|
|teampreview|4
|showteam|p1|Garchomp||LifeOrb|RoughSkin|DragonClaw,StompingTantrum,Earthquake,Protect|||F|||50|,,,,,Steel]Gholdengo||MetalCoat|GoodasGold|MakeItRain,ShadowBall,NastyPlot,Protect||||||50|,,,,,Water]Talonflame||CovertCloak|GaleWings|BraveBird,WillOWisp,Tailwind,Taunt|||M|||50|,,,,,Ghost]Amoonguss||SitrusBerry|Regenerator|PollenPuff,Spore,RagePowder,Protect|||M|||50|,,,,,Water]Tyranitar||AssaultVest|SandStream|KnockOff,RockSlide,LowKick,TeraBlast|||M|||50|,,,,,Flying]Basculegion||ChoiceScarf|Adaptability|WaveCrash,LastRespects,FlipTurn,AquaJet|||M|||50|,,,,,Water
|showteam|p2|Ursaluna||FlameOrb|Guts|Earthquake,HeadlongRush,Facade,Protect|||M|||50|,,,,,Ghost]Archaludon||AssaultVest|Stamina|DragonPulse,ElectroShot,BodyPress,FlashCannon|||M|||50|,,,,,Fairy]Pelipper||FocusSash|Drizzle|Tailwind,Protect,Hurricane,WeatherBall|||F|||50|,,,,,Ghost]Sinistcha-Masterpiece||CovertCloak|Hospitality|MatchaGotcha,NastyPlot,TrickRoom,RagePowder||||||50|,,,,,Poison]Incineroar||SafetyGoggles|Intimidate|FlareBlitz,KnockOff,PartingShot,FakeOut|||M|||50|,,,,,Flying]Overqwil||LifeOrb|SwiftSwim|PoisonJab,Protect,Taunt,ThroatChop|||F|||50|,,,,,Grass
|inactive|Battle timer is ON: inactive players will automatically lose when time's up. (requested by Permasona)
|
|t:|1757629918
|teamsize|p1|4
|teamsize|p2|4
|start
|switch|p1a: Gholdengo|Gholdengo, L50|100/100
|switch|p1b: Talonflame|Talonflame, L50, M|100/100
|switch|p2a: Pelipper|Pelipper, L50, F|100/100
|switch|p2b: Overqwil|Overqwil, L50, F|100/100
|-weather|RainDance|[from] ability: Drizzle|[of] p2a: Pelipper
|turn|1
|
|t:|1757629939
|switch|p1b: Tyranitar|Tyranitar, L50, M|100/100
|-weather|Sandstorm|[from] ability: Sand Stream|[of] p1b: Tyranitar
|switch|p2a: Incineroar|Incineroar, L50, M|100/100
|-ability|p2a: Incineroar|Intimidate|boost
|-unboost|p1a: Gholdengo|atk|1
|-unboost|p1b: Tyranitar|atk|1
|-terastallize|p1a: Gholdengo|Water
|move|p1a: Gholdengo|Make It Rain|p2b: Overqwil|[spread] p2a,p2b
|-resisted|p2a: Incineroar
|-damage|p2a: Incineroar|73/100
|-damage|p2b: Overqwil|12/100
|-unboost|p1a: Gholdengo|spa|1
|move|p2b: Overqwil|Throat Chop|p1a: Gholdengo
|-damage|p1a: Gholdengo|49/100
|-start|p1a: Gholdengo|Throat Chop|[silent]
|-damage|p2b: Overqwil|2/100|[from] item: Life Orb
|
|-weather|Sandstorm|[upkeep]
|-damage|p1a: Gholdengo|43/100|[from] Sandstorm
|-damage|p2b: Overqwil|0 fnt|[from] Sandstorm
|faint|p2b: Overqwil
|upkeep
|
|t:|1757629950
|switch|p2b: Pelipper|Pelipper, L50, F|100/100
|-weather|RainDance|[from] ability: Drizzle|[of] p2b: Pelipper
|turn|2
|
|t:|1757629968
|switch|p1b: Talonflame|Talonflame, L50, M|100/100
|move|p1a: Gholdengo|Protect|p1a: Gholdengo
|-singleturn|p1a: Gholdengo|Protect
|move|p2a: Incineroar|Fake Out|p1b: Talonflame
|-damage|p1b: Talonflame|86/100
|move|p2b: Pelipper|Tailwind|p2b: Pelipper
|-sidestart|p2: Permasona|move: Tailwind
|
|-weather|RainDance|[upkeep]
|-end|p1a: Gholdengo|Throat Chop|[silent]
|upkeep
|turn|3
|inactive|Permasona has 30 seconds left.
|
|t:|1757629994
|switch|p1b: Tyranitar|Tyranitar, L50, M|100/100
|-weather|Sandstorm|[from] ability: Sand Stream|[of] p1b: Tyranitar
|move|p2b: Pelipper|Hurricane|p1a: Gholdengo
|-damage|p1a: Gholdengo|0 fnt
|faint|p1a: Gholdengo
|move|p2a: Incineroar|Parting Shot|p1b: Tyranitar
|-unboost|p1b: Tyranitar|atk|1
|-unboost|p1b: Tyranitar|spa|1
|
|t:|1757630002
|switch|p2a: Archaludon|Archaludon, L50, M|100/100|[from] Parting Shot
|
|-weather|Sandstorm|[upkeep]
|-damage|p2b: Pelipper|95/100|[from] Sandstorm
|upkeep
|
|t:|1757630008
|switch|p1a: Garchomp|Garchomp, L50, F|100/100
|turn|4
|inactive|FlareIsSolar has 30 seconds left.
|
|t:|1757630033
|switch|p2b: Incineroar|Incineroar, L50, M|73/100
|-ability|p2b: Incineroar|Intimidate|boost
|-unboost|p1a: Garchomp|atk|1
|-unboost|p1b: Tyranitar|atk|1
|switch|p1a: Talonflame|Talonflame, L50, M|86/100
|-terastallize|p2a: Archaludon|Fairy
|move|p2a: Archaludon|Dragon Pulse|p1a: Talonflame
|-crit|p1a: Talonflame
|-damage|p1a: Talonflame|0 fnt
|faint|p1a: Talonflame
|move|p1b: Tyranitar|Low Kick|p2b: Incineroar
|-supereffective|p2b: Incineroar
|-damage|p2b: Incineroar|47/100
|
|-weather|Sandstorm|[upkeep]
|-damage|p2a: Archaludon|94/100|[from] Sandstorm
|upkeep
|
|t:|1757630035
|switch|p1a: Garchomp|Garchomp, L50, F|100/100
|turn|5
|
|t:|1757630059
|switch|p2b: Pelipper|Pelipper, L50, F|95/100
|-weather|RainDance|[from] ability: Drizzle|[of] p2b: Pelipper
|move|p1a: Garchomp|Protect|p1a: Garchomp
|-singleturn|p1a: Garchomp|Protect
|move|p2a: Archaludon|Body Press|p1b: Tyranitar
|-supereffective|p1b: Tyranitar
|-damage|p1b: Tyranitar|23/100
|move|p1b: Tyranitar|Rock Slide|p2a: Archaludon|[spread] p2a,p2b
|-supereffective|p2b: Pelipper
|-damage|p2a: Archaludon|84/100
|-damage|p2b: Pelipper|55/100
|-ability|p2a: Archaludon|Stamina|boost
|-boost|p2a: Archaludon|def|1
|
|-weather|RainDance|[upkeep]
|-sideend|p2: Permasona|move: Tailwind
|upkeep
|turn|6
|-message|FlareIsSolar forfeited.
|
|win|Permasona
||FlareIsSolar is ready for game 3.
||Permasona is ready for game 3.
|uhtml|next|Next: Game 3 of 3
