|j|☆dont make me walk
|j|☆ryoshino19
|html|dont make me walkryoshino19    
|uhtml|bestof|Game 2 of a best-of-3
|t:|1755109355
|gametype|doubles
|player|p1|dont make me walk|red-masters3|1260
|player|p2|ryoshino19|1|1237
|gen|9
|tier|[Gen 9] VGC 2025 Reg H (Bo3)
|rated|
|rule|Species Clause: Limit one of each Pokémon
|rule|Item Clause: Limit 1 of each item
|clearpoke
|poke|p1|Murkrow, L50, F|
|poke|p1|Indeedee-F, L50, F|
|poke|p1|Ursaluna-Bloodmoon, L50, M|
|poke|p1|Armarouge, L50, F|
|poke|p1|Gholdengo, L50|
|poke|p1|Annihilape, L50, F|
|poke|p2|Annihilape, L50, F|
|poke|p2|Maushold-Four, L50|
|poke|p2|Rillaboom, L50, F|
|poke|p2|Incineroar, L50, F|
|poke|p2|Ninetales-Alola, L50, F|
|poke|p2|Gastrodon, L50, F|
|teampreview|4
|showteam|p1|Murkrow||Eviolite|Prankster|Tailwind,FoulPlay,Haze,SunnyDay|||F|||50|,,,,,Ghost]Indeedee-F||RockyHelmet|PsychicSurge|FollowMe,TrickRoom,HelpingHand,Psychic|||F|||50|,,,,,Fairy]Ursaluna-Bloodmoon||LifeOrb|MindsEye|Protect,EarthPower,HyperVoice,BloodMoon|||M|||50|,,,,,Normal]Armarouge||PowerHerb|FlashFire|TrickRoom,MeteorBeam,HeatWave,ExpandingForce|||F|||50|,,,,,Grass]Gholdengo||ChoiceSpecs|GoodasGold|MakeItRain,ShadowBall,Thunderbolt,Trick||||||50|,,,,,Steel]Annihilape||SafetyGoggles|Defiant|Protect,BulkUp,RageFist,DrainPunch|||F|||50|,,,,,Fire
|showteam|p2|Annihilape||Leftovers|Defiant|DrainPunch,RageFist,BulkUp,Protect|||F|||50|,,,,,Fire]Maushold-Four||SafetyGoggles|FriendGuard|BeatUp,SuperFang,FollowMe,Taunt||||||50|,,,,,Ghost]Rillaboom||AssaultVest|GrassySurge|WoodHammer,GrassyGlide,Uturn,FakeOut|||F|||50|,,,,,Fire]Incineroar||RockyHelmet|Intimidate|FlareBlitz,KnockOff,PartingShot,FakeOut|||F|||50|,,,,,Ghost]Ninetales-Alola||FocusSash|SnowWarning|IcyWind,FreezeDry,AuroraVeil,Protect|||F|||50|,,,,,Ghost]Gastrodon||SitrusBerry|StormDrain|EarthPower,Yawn,ClearSmog,Protect|||F|||50|,,,,,Grass
|inactive|Battle timer is ON: inactive players will automatically lose when time's up. (requested by ryoshino19)
|inactive|dont make me walk also wants the timer to be on.
|
|t:|1755109376
|teamsize|p1|4
|teamsize|p2|4
|start
|switch|p1a: Murkrow|Murkrow, L50, F, shiny|100/100
|switch|p1b: Ursaluna|Ursaluna-Bloodmoon, L50, M|100/100
|switch|p2a: Rillaboom|Rillaboom, L50, F, shiny|100/100
|switch|p2b: Gastrodon|Gastrodon, L50, F|100/100
|-fieldstart|move: Grassy Terrain|[from] ability: Grassy Surge|[of] p2a: Rillaboom
|turn|1
|
|t:|1755109392
|move|p1b: Ursaluna|Protect|p1b: Ursaluna
|-singleturn|p1b: Ursaluna|Protect
|move|p2a: Rillaboom|Fake Out|p1b: Ursaluna
|-activate|p1b: Ursaluna|move: Protect
|move|p1a: Murkrow|Foul Play|p2a: Rillaboom
|-damage|p2a: Rillaboom|60/100
|move|p2b: Gastrodon|Yawn|p1a: Murkrow
|-start|p1a: Murkrow|move: Yawn|[of] p2b: Gastrodon
|
|-heal|p2a: Rillaboom|66/100|[from] Grassy Terrain
|upkeep
|turn|2
|
|t:|1755109404
|switch|p1a: Indeedee|Indeedee-F, L50, F|100/100
|-fieldstart|move: Psychic Terrain|[from] ability: Psychic Surge|[of] p1a: Indeedee
|switch|p2a: Ninetales|Ninetales-Alola, L50, F, shiny|100/100
|-weather|Snowscape|[from] ability: Snow Warning|[of] p2a: Ninetales
|-terastallize|p1b: Ursaluna|Normal
|move|p1b: Ursaluna|Hyper Voice|p2b: Gastrodon|[spread] p2a,p2b
|-damage|p2a: Ninetales|20/100
|-damage|p2b: Gastrodon|37/100
|-enditem|p2b: Gastrodon|Sitrus Berry|[eat]
|-heal|p2b: Gastrodon|62/100|[from] item: Sitrus Berry
|-damage|p1b: Ursaluna|91/100|[from] item: Life Orb
|move|p2b: Gastrodon|Yawn|p1b: Ursaluna
|-start|p1b: Ursaluna|move: Yawn|[of] p2b: Gastrodon
|
|-weather|Snowscape|[upkeep]
|upkeep
|turn|3
|
|t:|1755109424
|switch|p1b: Armarouge|Armarouge, L50, F, shiny|100/100
|move|p2a: Ninetales|Aurora Veil|p2a: Ninetales
|-sidestart|p2: ryoshino19|move: Aurora Veil
|move|p2b: Gastrodon|Yawn|p1b: Armarouge
|-start|p1b: Armarouge|move: Yawn|[of] p2b: Gastrodon
|move|p1a: Indeedee|Trick Room|p1a: Indeedee
|-fieldstart|move: Trick Room|[of] p1a: Indeedee
|
|-weather|Snowscape|[upkeep]
|upkeep
|turn|4
|inactive|dont make me walk has 30 seconds left.
|
|t:|1755109452
|switch|p2b: Rillaboom|Rillaboom, L50, F, shiny|66/100
|-fieldstart|move: Grassy Terrain|[from] ability: Grassy Surge|[of] p2b: Rillaboom
|switch|p1a: Ursaluna|Ursaluna-Bloodmoon, L50, M, tera:Normal|91/100
|switch|p1b: Murkrow|Murkrow, L50, F, shiny|100/100
|switch|p2a: Annihilape|Annihilape, L50, F, shiny|100/100
|
|-weather|Snowscape|[upkeep]
|-heal|p1a: Ursaluna|97/100|[from] Grassy Terrain
|-heal|p2b: Rillaboom|72/100|[from] Grassy Terrain
|upkeep
|turn|5
|
|t:|1755109467
|switch|p1b: Indeedee|Indeedee-F, L50, F|100/100
|-fieldstart|move: Psychic Terrain|[from] ability: Psychic Surge|[of] p1b: Indeedee
|move|p2b: Rillaboom|Fake Out|p1b: Indeedee
|-activate|p1b: Indeedee|move: Psychic Terrain
|move|p1a: Ursaluna|Blood Moon|p2b: Rillaboom
|-crit|p2b: Rillaboom
|-damage|p2b: Rillaboom|0 fnt
|faint|p2b: Rillaboom
|-damage|p1a: Ursaluna|87/100|[from] item: Life Orb
|move|p2a: Annihilape|Drain Punch|p1a: Ursaluna
|-supereffective|p1a: Ursaluna
|-damage|p1a: Ursaluna|33/100
|
|-weather|Snowscape|[upkeep]
|upkeep
|
|t:|1755109470
|switch|p2b: Gastrodon|Gastrodon, L50, F|62/100
|turn|6
|inactive|dont make me walk has 30 seconds left.
|
|t:|1755109495
|switch|p1a: Armarouge|Armarouge, L50, F, shiny|100/100
|-terastallize|p2a: Annihilape|Fire
|move|p1b: Indeedee|Follow Me|p1b: Indeedee
|-singleturn|p1b: Indeedee|move: Follow Me
|move|p2b: Gastrodon|Yawn|p1b: Indeedee
|-start|p1b: Indeedee|move: Yawn|[of] p2b: Gastrodon
|move|p2a: Annihilape|Drain Punch|p1b: Indeedee
|-damage|p1b: Indeedee|67/100
|-damage|p2a: Annihilape|84/100|[from] item: Rocky Helmet|[of] p1b: Indeedee
|
|-weather|none
|-heal|p2a: Annihilape|90/100|[from] item: Leftovers
|upkeep
|turn|7
|
|t:|1755109504
|switch|p1b: Murkrow|Murkrow, L50, F, shiny|100/100
|move|p2a: Annihilape|Protect|p2a: Annihilape
|-singleturn|p2a: Annihilape|Protect
|move|p2b: Gastrodon|Yawn|p1a: Armarouge
|-start|p1a: Armarouge|move: Yawn|[of] p2b: Gastrodon
|move|p1a: Armarouge|Expanding Force|p2a: Annihilape|[spread] p2b
|-activate|p2a: Annihilape|move: Protect
|-damage|p2b: Gastrodon|24/100
|
|-heal|p2a: Annihilape|96/100|[from] item: Leftovers
|-sideend|p2: ryoshino19|move: Aurora Veil
|-fieldend|move: Trick Room
|upkeep
|turn|8
|
|t:|1755109514
|move|p1b: Murkrow|Tailwind|p1b: Murkrow
|-sidestart|p1: dont make me walk|move: Tailwind
|move|p1a: Armarouge|Expanding Force|p2b: Gastrodon|[spread] p2a,p2b
|-damage|p2a: Annihilape|36/100
|-damage|p2b: Gastrodon|0 fnt
|faint|p2b: Gastrodon
|move|p2a: Annihilape|Drain Punch|p1a: Armarouge
|-resisted|p1a: Armarouge
|-crit|p1a: Armarouge
|-damage|p1a: Armarouge|76/100
|-heal|p2a: Annihilape|48/100|[from] drain|[of] p1a: Armarouge
|
|-heal|p2a: Annihilape|54/100|[from] item: Leftovers
|-end|p1a: Armarouge|move: Yawn|[silent]
|-status|p1a: Armarouge|slp
|upkeep
|
|t:|1755109519
|switch|p2b: Ninetales|Ninetales-Alola, L50, F, shiny|20/100
|-weather|Snowscape|[from] ability: Snow Warning|[of] p2b: Ninetales
|turn|9
|
|t:|1755109525
|move|p1b: Murkrow|Sunny Day|p1b: Murkrow
|-weather|SunnyDay
|cant|p1a: Armarouge|slp
|move|p2b: Ninetales|Icy Wind|p1b: Murkrow|[spread] p1b
|-miss|p2b: Ninetales|p1a: Armarouge
|-supereffective|p1b: Murkrow
|-damage|p1b: Murkrow|67/100
|-unboost|p1b: Murkrow|spe|1
|move|p2a: Annihilape|Rage Fist|p1b: Murkrow
|-resisted|p1b: Murkrow
|-damage|p1b: Murkrow|42/100
|
|-weather|SunnyDay|[upkeep]
|-heal|p2a: Annihilape|59/100|[from] item: Leftovers
|-fieldend|move: Psychic Terrain
|upkeep
|turn|10
|
|t:|1755109538
|switch|p1b: Indeedee|Indeedee-F, L50, F|67/100
|-fieldstart|move: Psychic Terrain|[from] ability: Psychic Surge|[of] p1b: Indeedee
|-curestatus|p1a: Armarouge|slp|[msg]
|move|p1a: Armarouge|Meteor Beam||[still]
|-prepare|p1a: Armarouge|Meteor Beam
|-boost|p1a: Armarouge|spa|1
|-enditem|p1a: Armarouge|Power Herb
|-anim|p1a: Armarouge|Meteor Beam|p2a: Annihilape|[miss]
|-miss|p1a: Armarouge|p2a: Annihilape
|move|p2b: Ninetales|Icy Wind|p1b: Indeedee|[spread] p1a,p1b
|-resisted|p1a: Armarouge
|-crit|p1a: Armarouge
|-damage|p1a: Armarouge|63/100
|-damage|p1b: Indeedee|51/100
|-unboost|p1a: Armarouge|spe|1
|-unboost|p1b: Indeedee|spe|1
|move|p2a: Annihilape|Rage Fist|p1a: Armarouge
|-supereffective|p1a: Armarouge
|-damage|p1a: Armarouge|0 fnt
|faint|p1a: Armarouge
|
|-weather|SunnyDay|[upkeep]
|-heal|p2a: Annihilape|65/100|[from] item: Leftovers
|upkeep
|
|t:|1755109544
|switch|p1a: Ursaluna|Ursaluna-Bloodmoon, L50, M, tera:Normal|33/100
|turn|11
|
|t:|1755109553
|move|p1b: Indeedee|Helping Hand|p1a: Ursaluna
|-singleturn|p1a: Ursaluna|Helping Hand|[of] p1b: Indeedee
|move|p2a: Annihilape|Protect|p2a: Annihilape
|-singleturn|p2a: Annihilape|Protect
|move|p1a: Ursaluna|Hyper Voice|p2b: Ninetales|[spread] p2b
|-activate|p2a: Annihilape|move: Protect
|-damage|p2b: Ninetales|0 fnt
|faint|p2b: Ninetales
|-damage|p1a: Ursaluna|23/100|[from] item: Life Orb
|
|-weather|SunnyDay|[upkeep]
|-heal|p2a: Annihilape|71/100|[from] item: Leftovers
|-sideend|p1: dont make me walk|move: Tailwind
|upkeep
|turn|12
|
|t:|1755109557
|move|p1b: Indeedee|Follow Me|p1b: Indeedee
|-singleturn|p1b: Indeedee|move: Follow Me
|move|p2a: Annihilape|Drain Punch|p1b: Indeedee
|-damage|p1b: Indeedee|18/100
|-heal|p2a: Annihilape|85/100|[from] drain|[of] p1b: Indeedee
|-damage|p2a: Annihilape|69/100|[from] item: Rocky Helmet|[of] p1b: Indeedee
|move|p1a: Ursaluna|Earth Power|p2a: Annihilape
|-supereffective|p2a: Annihilape
|-damage|p2a: Annihilape|0 fnt
|faint|p2a: Annihilape
|-damage|p1a: Ursaluna|13/100|[from] item: Life Orb
|
|win|dont make me walk
|raw|dont make me walk's rating: 1260 → 1283(+23 for winning)
|raw|ryoshino19's rating: 1237 → 1214(-23 for losing)
|l|☆ryoshino19
|player|p2|
