|j|☆helloworld369
|j|☆Athrys
|html|helloworld369Athrys    
|uhtml|bestof|Game 1 of a best-of-3
|t:|1783149356
|gametype|doubles
|player|p1|helloworld369|roxie|1000
|player|p2|Athrys|guitarist|1000
|gen|9
|tier|[Gen 9 Champions] VGC 2026 Reg M-B (Bo3)
|rated|
|rule|Species Clause: Limit one of each Pokémon
|rule|Item Clause: Limit 1 of each item
|clearpoke
|poke|p1|Toxapex, L50, F|
|poke|p1|Venusaur, L50, F|
|poke|p1|Incineroar, L50, F|
|poke|p1|Grimmsnarl, L50, M|
|poke|p1|Aerodactyl, L50, F|
|poke|p1|Mamoswine, L50, M|
|poke|p2|Scolipede, L50, F|
|poke|p2|Scrafty, L50, M|
|poke|p2|Sinistcha, L50|
|poke|p2|Aerodactyl, L50, M|
|poke|p2|Sylveon, L50, M|
|poke|p2|Garchomp, L50, M|
|teampreview|4
|showteam|p1|Toxapex||Leftovers|Merciless|BanefulBunker,WideGuard,Haze,Toxic|Bold||F|||50|]Venusaur||Venusaurite|Overgrow|GigaDrain,SludgeBomb,LeechSeed,Protect|Bold||F|||50|]Incineroar||PasshoBerry|Intimidate|FakeOut,WillOWisp,ThroatChop,PartingShot|Careful||F|||50|]Grimmsnarl||LightClay|Prankster|LightScreen,Reflect,PartingShot,SpiritBreak|Careful||M|||50|]Aerodactyl||Aerodactylite|Unnerve|DualWingbeat,RockSlide,Taunt,Protect|Jolly||F|||50|]Mamoswine||FocusSash|Oblivious|IcicleCrash,IceShard,HighHorsepower,Protect|Jolly||M|||50|
|showteam|p2|Scolipede||Scolipite|SpeedBoost|Protect,PoisonJab,LeechLife,SwordsDance|Adamant||F|||50|]Scrafty||Scraftinite|Intimidate|Protect,FakeOut,KnockOff,DrainPunch|Adamant||M|||50|]Sinistcha||KasibBerry|Hospitality|Protect,MatchaGotcha,TrickRoom,RagePowder|Bold|||||50|]Aerodactyl||FocusSash|Unnerve|Protect,Tailwind,RockSlide,DualWingbeat|Jolly||M|||50|]Sylveon||FairyFeather|Pixilate|Protect,CalmMind,HyperVoice,QuickAttack|Modest||M|||50|]Garchomp||ChoiceScarf|RoughSkin|DragonClaw,Earthquake,PoisonJab,RockSlide|Adamant||M|||50|
|
|t:|1783149401
|teamsize|p1|4
|teamsize|p2|4
|start
|switch|p1a: Incineroar|Incineroar, L50, F|100/100
|switch|p1b: Grimmsnarl|Grimmsnarl, L50, M|100/100
|switch|p2a: Scolipede|Scolipede, L50, F|100/100
|switch|p2b: Aerodactyl|Aerodactyl, L50, M|100/100
|-ability|p2b: Aerodactyl|Unnerve
|-ability|p1a: Incineroar|Intimidate|boost
|-unboost|p2a: Scolipede|atk|1
|-unboost|p2b: Aerodactyl|atk|1
|turn|1
|inactive|Battle timer is ON: inactive players will automatically lose when time's up. (requested by helloworld369)
|
|t:|1783149435
|move|p1b: Grimmsnarl|Reflect|p1b: Grimmsnarl
|-sidestart|p1: helloworld369|Reflect
|move|p2b: Aerodactyl|Rock Slide|p1b: Grimmsnarl|[spread] p1a,p1b
|-supereffective|p1a: Incineroar|1
|-damage|p1a: Incineroar|78/100
|-damage|p1b: Grimmsnarl|87/100
|move|p2a: Scolipede|Swords Dance|p2a: Scolipede
|-boost|p2a: Scolipede|atk|2
|move|p1a: Incineroar|Will-O-Wisp|p2a: Scolipede
|-status|p2a: Scolipede|brn
|
|-damage|p2a: Scolipede|94/100 brn|[from] brn
|-ability|p2a: Scolipede|Speed Boost|boost
|-boost|p2a: Scolipede|spe|1
|upkeep
|turn|2
|inactive|Athrys has 30 seconds left.
|
|t:|1783149462
|move|p1b: Grimmsnarl|Parting Shot|p2a: Scolipede
|-unboost|p2a: Scolipede|atk|1
|-unboost|p2a: Scolipede|spa|1
|
|t:|1783149466
|switch|p1b: Venusaur|Venusaur, L50, F|100/100|[from] Parting Shot
|move|p2a: Scolipede|Swords Dance|p2a: Scolipede
|-boost|p2a: Scolipede|atk|2
|move|p2b: Aerodactyl|Rock Slide|p1b: Venusaur|[spread] p1a,p1b
|-supereffective|p1a: Incineroar|1
|-damage|p1a: Incineroar|55/100
|-damage|p1b: Venusaur|90/100
|cant|p1a: Incineroar|flinch
|
|-damage|p2a: Scolipede|88/100 brn|[from] brn
|-ability|p2a: Scolipede|Speed Boost|boost
|-boost|p2a: Scolipede|spe|1
|upkeep
|turn|3
|
|t:|1783149490
|detailschange|p2a: Scolipede|Scolipede-Mega, L50, F
|-mega|p2a: Scolipede|Scolipede|Scolipite
|detailschange|p1b: Venusaur|Venusaur-Mega, L50, F
|-mega|p1b: Venusaur|Venusaur|Venusaurite
|move|p2a: Scolipede|Swords Dance|p2a: Scolipede
|-boost|p2a: Scolipede|atk|2
|move|p2b: Aerodactyl|Dual Wingbeat|p1b: Venusaur
|-supereffective|p1b: Venusaur|1
|-damage|p1b: Venusaur|81/100
|-supereffective|p1b: Venusaur|1
|-damage|p1b: Venusaur|71/100
|-hitcount|p1b: Venusaur|2
|move|p1b: Venusaur|Leech Seed|p2a: Scolipede
|-start|p2a: Scolipede|move: Leech Seed
|move|p1a: Incineroar|Parting Shot|p2b: Aerodactyl
|-unboost|p2b: Aerodactyl|atk|1
|-unboost|p2b: Aerodactyl|spa|1
|
|t:|1783149500
|switch|p1a: Grimmsnarl|Grimmsnarl, L50, M|87/100|[from] Parting Shot
|
|-damage|p2a: Scolipede|75/100 brn|[from] Leech Seed|[of] p1b: Venusaur
|-heal|p1b: Venusaur|80/100|[silent]
|-damage|p2a: Scolipede|70/100 brn|[from] brn
|upkeep
|turn|4
|
|t:|1783149522
|move|p1a: Grimmsnarl|Parting Shot|p2a: Scolipede
|-unboost|p2a: Scolipede|atk|1
|-unboost|p2a: Scolipede|spa|1
|
|t:|1783149525
|switch|p1a: Incineroar|Incineroar, L50, F|55/100|[from] Parting Shot
|-ability|p1a: Incineroar|Intimidate|boost
|-unboost|p2a: Scolipede|atk|1
|-unboost|p2b: Aerodactyl|atk|1
|move|p2a: Scolipede|Leech Life|p1b: Venusaur
|-damage|p1b: Venusaur|59/100
|-heal|p2a: Scolipede|84/100 brn|[from] drain|[of] p1b: Venusaur
|move|p2b: Aerodactyl|Dual Wingbeat|p1b: Venusaur
|-supereffective|p1b: Venusaur|1
|-damage|p1b: Venusaur|54/100
|-supereffective|p1b: Venusaur|1
|-damage|p1b: Venusaur|48/100
|-hitcount|p1b: Venusaur|2
|move|p1b: Venusaur|Leech Seed|p2b: Aerodactyl
|-start|p2b: Aerodactyl|move: Leech Seed
|
|-damage|p2a: Scolipede|72/100 brn|[from] Leech Seed|[of] p1b: Venusaur
|-heal|p1b: Venusaur|57/100|[silent]
|-damage|p2b: Aerodactyl|87/100|[from] Leech Seed|[of] p1b: Venusaur
|-heal|p1b: Venusaur|67/100|[silent]
|-damage|p2a: Scolipede|66/100 brn|[from] brn
|upkeep
|turn|5
|
|t:|1783149548
|switch|p2b: Scrafty|Scrafty, L50, M|100/100
|-ability|p2b: Scrafty|Intimidate|boost
|-unboost|p1a: Incineroar|atk|1
|-unboost|p1b: Venusaur|atk|1
|switch|p1b: Grimmsnarl|Grimmsnarl, L50, M|87/100
|move|p2a: Scolipede|Swords Dance|p2a: Scolipede
|-boost|p2a: Scolipede|atk|2
|move|p1a: Incineroar|Parting Shot|p2a: Scolipede
|-unboost|p2a: Scolipede|atk|1
|-unboost|p2a: Scolipede|spa|1
|
|t:|1783149561
|switch|p1a: Mamoswine|Mamoswine, L50, M|100/100|[from] Parting Shot
|
|-damage|p2a: Scolipede|54/100 brn|[from] Leech Seed|[of] p1b: Grimmsnarl
|-heal|p1b: Grimmsnarl|95/100|[silent]
|-damage|p2a: Scolipede|48/100 brn|[from] brn
|upkeep
|turn|6
|
|t:|1783149576
|switch|p1b: Incineroar|Incineroar, L50, F|55/100
|-ability|p1b: Incineroar|Intimidate|boost
|-unboost|p2a: Scolipede|atk|1
|-unboost|p2b: Scrafty|atk|1
|move|p2a: Scolipede|Leech Life|p1b: Incineroar
|-damage|p1b: Incineroar|23/100
|-heal|p2a: Scolipede|72/100 brn|[from] drain|[of] p1b: Incineroar
|move|p1a: Mamoswine|Icicle Crash|p2a: Scolipede|[miss]
|-miss|p1a: Mamoswine|p2a: Scolipede
|move|p2b: Scrafty|Drain Punch|p1a: Mamoswine
|-supereffective|p1a: Mamoswine|1
|-damage|p1a: Mamoswine|67/100
|
|-damage|p2a: Scolipede|59/100 brn|[from] Leech Seed|[of] p1b: Incineroar
|-heal|p1b: Incineroar|32/100|[silent]
|-damage|p2a: Scolipede|54/100 brn|[from] brn
|upkeep
|turn|7
|
|t:|1783149596
|switch|p1a: Grimmsnarl|Grimmsnarl, L50, M|95/100
|move|p1b: Incineroar|Fake Out|p2a: Scolipede
|-damage|p2a: Scolipede|43/100 brn
|cant|p2a: Scolipede|flinch
|move|p2b: Scrafty|Drain Punch|p1b: Incineroar
|-supereffective|p1b: Incineroar|1
|-damage|p1b: Incineroar|5/100
|
|-damage|p2a: Scolipede|31/100 brn|[from] Leech Seed|[of] p1b: Incineroar
|-heal|p1b: Incineroar|14/100|[silent]
|-damage|p2a: Scolipede|25/100 brn|[from] brn
|upkeep
|turn|8
|
|t:|1783149617
|switch|p1b: Venusaur|Venusaur-Mega, L50, F|67/100
|move|p2a: Scolipede|Poison Jab|p1a: Grimmsnarl
|-supereffective|p1a: Grimmsnarl|1
|-damage|p1a: Grimmsnarl|12/100
|move|p2b: Scrafty|Knock Off|p1a: Grimmsnarl
|-resisted|p1a: Grimmsnarl|2
|-damage|p1a: Grimmsnarl|6/100
|-enditem|p1a: Grimmsnarl|Light Clay|[from] move: Knock Off|[of] p2b: Scrafty
|move|p1a: Grimmsnarl|Spirit Break|p2b: Scrafty
|-supereffective|p2b: Scrafty|2
|-damage|p2b: Scrafty|0 fnt
|faint|p2b: Scrafty
|
|-damage|p2a: Scolipede|13/100 brn|[from] Leech Seed|[of] p1b: Venusaur
|-heal|p1b: Venusaur|76/100|[silent]
|-damage|p2a: Scolipede|7/100 brn|[from] brn
|-sideend|p1: helloworld369|Reflect
|upkeep
|
|t:|1783149628
|switch|p2b: Aerodactyl|Aerodactyl, L50, M|87/100
|-ability|p2b: Aerodactyl|Unnerve
|turn|9
|
|t:|1783149635
|move|p1b: Venusaur|Protect|p1b: Venusaur
|-singleturn|p1b: Venusaur|Protect
|move|p1a: Grimmsnarl|Reflect|p1a: Grimmsnarl
|-sidestart|p1: helloworld369|Reflect
|move|p2a: Scolipede|Leech Life|p1b: Venusaur
|-activate|p1b: Venusaur|move: Protect
|move|p2b: Aerodactyl|Dual Wingbeat|p1b: Venusaur
|-activate|p1b: Venusaur|move: Protect
|
|-damage|p2a: Scolipede|0 fnt|[from] Leech Seed|[of] p1b: Venusaur
|-heal|p1b: Venusaur|81/100|[silent]
|faint|p2a: Scolipede
|upkeep
|
|t:|1783149637
|switch|p2a: Garchomp|Garchomp, L50, M|100/100
|turn|10
|
|t:|1783149657
|move|p1a: Grimmsnarl|Parting Shot|p2a: Garchomp
|-unboost|p2a: Garchomp|atk|1
|-unboost|p2a: Garchomp|spa|1
|
|t:|1783149659
|switch|p1a: Incineroar|Incineroar, L50, F|14/100|[from] Parting Shot
|-ability|p1a: Incineroar|Intimidate|boost
|-unboost|p2a: Garchomp|atk|1
|-unboost|p2b: Aerodactyl|atk|1
|move|p2a: Garchomp|Earthquake|p1a: Incineroar|[spread] p1a,p1b
|-immune|p2b: Aerodactyl
|-supereffective|p1a: Incineroar|1
|-crit|p1b: Venusaur
|-damage|p1a: Incineroar|0 fnt
|-damage|p1b: Venusaur|46/100
|faint|p1a: Incineroar
|move|p2b: Aerodactyl|Dual Wingbeat|p1b: Venusaur
|-supereffective|p1b: Venusaur|1
|-damage|p1b: Venusaur|37/100
|-supereffective|p1b: Venusaur|1
|-damage|p1b: Venusaur|26/100
|-hitcount|p1b: Venusaur|2
|move|p1b: Venusaur|Leech Seed|p2a: Garchomp
|-start|p2a: Garchomp|move: Leech Seed
|
|-damage|p2a: Garchomp|87/100|[from] Leech Seed|[of] p1b: Venusaur
|-heal|p1b: Venusaur|40/100|[silent]
|upkeep
|
|t:|1783149672
|switch|p1a: Grimmsnarl|Grimmsnarl, L50, M|6/100
|turn|11
|
|t:|1783149680
|move|p1a: Grimmsnarl|Parting Shot|p2a: Garchomp
|-unboost|p2a: Garchomp|atk|1
|-unboost|p2a: Garchomp|spa|1
|
|t:|1783149682
|switch|p1a: Mamoswine|Mamoswine, L50, M|67/100|[from] Parting Shot
|move|p2a: Garchomp|Earthquake|p1a: Mamoswine|[spread] p1a,p1b
|-immune|p2b: Aerodactyl
|-damage|p1a: Mamoswine|53/100
|-damage|p1b: Venusaur|33/100
|move|p2b: Aerodactyl|Rock Slide|p1a: Mamoswine|[spread] p1a,p1b
|-damage|p1a: Mamoswine|40/100
|-damage|p1b: Venusaur|26/100
|cant|p1b: Venusaur|flinch
|
|-damage|p2a: Garchomp|75/100|[from] Leech Seed|[of] p1b: Venusaur
|-heal|p1b: Venusaur|39/100|[silent]
|upkeep
|turn|12
|
|t:|1783149697
|move|p1a: Mamoswine|Protect|p1a: Mamoswine
|-singleturn|p1a: Mamoswine|Protect
|move|p1b: Venusaur|Protect|p1b: Venusaur
|-singleturn|p1b: Venusaur|Protect
|move|p2a: Garchomp|Earthquake|p1a: Mamoswine|[spread] 
|-activate|p1a: Mamoswine|move: Protect
|-activate|p1b: Venusaur|move: Protect
|-immune|p2b: Aerodactyl
|move|p2b: Aerodactyl|Rock Slide|p1b: Venusaur|[spread] 
|-activate|p1a: Mamoswine|move: Protect
|-activate|p1b: Venusaur|move: Protect
|
|-damage|p2a: Garchomp|63/100|[from] Leech Seed|[of] p1b: Venusaur
|-heal|p1b: Venusaur|52/100|[silent]
|upkeep
|turn|13
|
|t:|1783149705
|move|p1a: Mamoswine|Ice Shard|p2b: Aerodactyl
|-supereffective|p2b: Aerodactyl|1
|-damage|p2b: Aerodactyl|22/100
|move|p2a: Garchomp|Earthquake|p1a: Mamoswine|[spread] p1a,p1b
|-immune|p2b: Aerodactyl
|-damage|p1a: Mamoswine|27/100
|-damage|p1b: Venusaur|45/100
|move|p2b: Aerodactyl|Rock Slide|p1a: Mamoswine|[spread] p1a,p1b
|-damage|p1a: Mamoswine|13/100
|-damage|p1b: Venusaur|39/100
|move|p1b: Venusaur|Giga Drain|p2b: Aerodactyl
|-damage|p2b: Aerodactyl|0 fnt
|-heal|p1b: Venusaur|49/100|[from] drain|[of] p2b: Aerodactyl
|faint|p2b: Aerodactyl
|
|-damage|p2a: Garchomp|51/100|[from] Leech Seed|[of] p1b: Venusaur
|-heal|p1b: Venusaur|62/100|[silent]
|-sideend|p1: helloworld369|Reflect
|upkeep
|turn|14
|
|t:|1783149717
|move|p1a: Mamoswine|Ice Shard|p2a: Garchomp
|-supereffective|p2a: Garchomp|2
|-damage|p2a: Garchomp|0 fnt
|faint|p2a: Garchomp
|
|win|helloworld369
