|j|☆rodry3
|j|☆rrrrayito
|html|rodry3rrrrayito    
|uhtml|bestof|Game 2 of a best-of-3
|t:|1783354195
|gametype|doubles
|player|p1|rodry3|roxie|1124
|player|p2|rrrrayito|101|1119
|gen|9
|tier|[Gen 9 Champions] VGC 2026 Reg M-B (Bo3)
|rated|
|rule|Species Clause: Limit one of each Pokémon
|rule|Item Clause: Limit 1 of each item
|clearpoke
|poke|p1|Blastoise, L50, F|
|poke|p1|Sableye, L50, F|
|poke|p1|Sneasler, L50, F|
|poke|p1|Espathra, L50, M|
|poke|p1|Archaludon, L50, F|
|poke|p1|Sinistcha, L50|
|poke|p2|Incineroar, L50, F, shiny|
|poke|p2|Rotom-Wash, L50, shiny|
|poke|p2|Aegislash, L50, M, shiny|
|poke|p2|Garchomp, L50, F|
|poke|p2|Floette-Eternal, L50, F, shiny|
|poke|p2|Talonflame, L50, M|
|teampreview|4
|showteam|p1|Blastoise||Blastoisinite|RainDish|WaterSpout,DarkPulse,ShellSmash,FakeOut|Modest||F|||50|]Sableye||RoseliBerry|Prankster|Reflect,LightScreen,RainDance,WillOWisp|Sassy||F|||50|]Sneasler||FocusSash|Unburden|DireClaw,CloseCombat,FakeOut,Protect|Adamant||F|||50|]Espathra||SitrusBerry|SpeedBoost|LuminaCrash,CalmMind,BatonPass,Protect|Timid||M|||50|]Archaludon||Leftovers|Stamina|Protect,ElectroShot,DragonPulse,FlashCannon|Modest||F|||50|]Sinistcha||KasibBerry|Hospitality|MatchaGotcha,LifeDew,RagePowder,PsychUp|Bold|||||50|
|showteam|p2|Incineroar||Leftovers|Intimidate|PartingShot,DarkestLariat,FlareBlitz,FakeOut|Careful||F|||50|]Rotom-Wash||SitrusBerry|Levitate|Protect,WillOWisp,Thunderbolt,HydroPump|Modest|||||50|]Aegislash||SpellTag|StanceChange|IronHead,Poltergeist,ShadowSneak,KingsShield|Adamant||M|||50|]Garchomp||WhiteHerb|RoughSkin|Earthquake,RockSlide,DragonClaw,Protect|Adamant||F|||50|]Floette-Eternal||Floettite|FlowerVeil|Moonblast,CalmMind,DazzlingGleam,Protect|Modest||F|||50|]Talonflame|||GaleWings|Acrobatics,Tailwind,FlareBlitz,Protect|Jolly||M|||50|
|inactive|Battle timer is ON: inactive players will automatically lose when time's up. (requested by rrrrayito)
|inactive|rodry3 also wants the timer to be on.
|inactive|rrrrayito has 60 seconds left.
|
|t:|1783354247
|teamsize|p1|4
|teamsize|p2|4
|start
|switch|p1a: Sableye|Sableye, L50, F|100/100
|switch|p1b: Espathra|Espathra, L50, M|100/100
|switch|p2a: Incineroar|Incineroar, L50, F, shiny|100/100
|switch|p2b: Rotom|Rotom-Wash, L50, shiny|100/100
|-ability|p2a: Incineroar|Intimidate|boost
|-unboost|p1a: Sableye|atk|1
|-unboost|p1b: Espathra|atk|1
|turn|1
|inactive|rodry3 has 30 seconds left.
|inactive|rrrrayito has 30 seconds left.
|inactive|rodry3 has 20 seconds left.
|inactive|rrrrayito has 20 seconds left.
|inactive|rodry3 has 15 seconds left.
|
|t:|1783354287
|move|p1b: Espathra|Protect|p1b: Espathra
|-singleturn|p1b: Espathra|Protect
|move|p1a: Sableye|Light Screen|p1a: Sableye
|-sidestart|p1: rodry3|move: Light Screen
|move|p2b: Rotom|Thunderbolt|p1b: Espathra
|-activate|p1b: Espathra|move: Protect
|move|p2a: Incineroar|Darkest Lariat|p1a: Sableye
|-damage|p1a: Sableye|53/100
|
|-ability|p1b: Espathra|Speed Boost|boost
|-boost|p1b: Espathra|spe|1
|upkeep
|turn|2
|
|t:|1783354305
|move|p1a: Sableye|Reflect|p1a: Sableye
|-sidestart|p1: rodry3|Reflect
|move|p1b: Espathra|Calm Mind|p1b: Espathra
|-boost|p1b: Espathra|spa|1
|-boost|p1b: Espathra|spd|1
|move|p2b: Rotom|Thunderbolt|p1b: Espathra
|-damage|p1b: Espathra|79/100
|move|p2a: Incineroar|Darkest Lariat|p1a: Sableye
|-damage|p1a: Sableye|22/100
|
|-ability|p1b: Espathra|Speed Boost|boost
|-boost|p1b: Espathra|spe|1
|upkeep
|turn|3
|inactive|rrrrayito has 30 seconds left.
|
|t:|1783354331
|move|p1a: Sableye|Rain Dance|p1a: Sableye
|-weather|RainDance
|move|p1b: Espathra|Baton Pass|p1b: Espathra
|
|t:|1783354334
|switch|p1b: Archaludon|Archaludon, L50, F|100/100|[from] Baton Pass
|move|p2b: Rotom|Thunderbolt|p1a: Sableye
|-damage|p1a: Sableye|0 fnt
|faint|p1a: Sableye
|move|p2a: Incineroar|Parting Shot|p1b: Archaludon
|-unboost|p1b: Archaludon|atk|1
|-unboost|p1b: Archaludon|spa|1
|
|t:|1783354345
|switch|p2a: Talonflame|Talonflame, L50, M|100/100|[from] Parting Shot
|
|-weather|RainDance|[upkeep]
|upkeep
|
|t:|1783354352
|switch|p1a: Sinistcha|Sinistcha, L50|100/100
|turn|4
|
|t:|1783354373
|switch|p2b: Incineroar|Incineroar, L50, F, shiny|100/100
|-ability|p2b: Incineroar|Intimidate|boost
|-unboost|p1a: Sinistcha|atk|1
|-unboost|p1b: Archaludon|atk|1
|move|p2a: Talonflame|Tailwind|p2a: Talonflame
|-sidestart|p2: rrrrayito|move: Tailwind
|move|p1b: Archaludon|Electro Shot||[still]
|-prepare|p1b: Archaludon|Electro Shot
|-boost|p1b: Archaludon|spa|1
|-anim|p1b: Archaludon|Electro Shot|p2a: Talonflame
|-supereffective|p2a: Talonflame|1
|-damage|p2a: Talonflame|0 fnt
|faint|p2a: Talonflame
|move|p1a: Sinistcha|Matcha Gotcha|p2b: Incineroar
|-resisted|p2b: Incineroar|1
|-crit|p2b: Incineroar
|-damage|p2b: Incineroar|82/100
|
|-weather|RainDance|[upkeep]
|-heal|p2b: Incineroar|88/100|[from] item: Leftovers
|upkeep
|inactive|rrrrayito has 30 seconds left.
|
|t:|1783354399
|switch|p2a: Rotom|Rotom-Wash, L50, shiny|100/100
|turn|5
|
|t:|1783354416
|move|p2a: Rotom|Protect|p2a: Rotom
|-singleturn|p2a: Rotom|Protect
|move|p1b: Archaludon|Electro Shot||[still]
|-prepare|p1b: Archaludon|Electro Shot
|-boost|p1b: Archaludon|spa|1
|-anim|p1b: Archaludon|Electro Shot|p2b: Incineroar
|-damage|p2b: Incineroar|23/100
|move|p2b: Incineroar|Flare Blitz|p1a: Sinistcha
|-supereffective|p1a: Sinistcha|1
|-damage|p1a: Sinistcha|72/100
|-damage|p2b: Incineroar|15/100|[from] Recoil
|move|p1a: Sinistcha|Matcha Gotcha|p2a: Rotom|[spread] p2b
|-activate|p2a: Rotom|move: Protect
|-resisted|p2b: Incineroar|1
|-crit|p2b: Incineroar
|-damage|p2b: Incineroar|1/100
|-heal|p1a: Sinistcha|80/100|[from] drain|[of] p2b: Incineroar
|
|-weather|RainDance|[upkeep]
|-heal|p2b: Incineroar|6/100|[from] item: Leftovers
|-sideend|p1: rodry3|move: Light Screen
|upkeep
|turn|6
|inactive|rrrrayito has 30 seconds left.
|
|t:|1783354445
|switch|p2a: Aegislash|Aegislash, L50, M, shiny|100/100
|move|p1b: Archaludon|Flash Cannon|p2b: Incineroar
|-resisted|p2b: Incineroar|1
|-damage|p2b: Incineroar|0 fnt
|faint|p2b: Incineroar
|move|p1a: Sinistcha|Psych Up|p1b: Archaludon
|-copyboost|p1a: Sinistcha|p1b: Archaludon|[from] move: Psych Up
|
|-weather|RainDance|[upkeep]
|-sideend|p1: rodry3|Reflect
|upkeep
|
|t:|1783354457
|switch|p2b: Rotom|Rotom-Wash, L50, shiny|100/100
|turn|7
|
|t:|1783354472
|move|p2b: Rotom|Hydro Pump|p1b: Archaludon
|-resisted|p1b: Archaludon|1
|-damage|p1b: Archaludon|78/100
|-ability|p1b: Archaludon|Stamina|boost
|-boost|p1b: Archaludon|def|1
|move|p1b: Archaludon|Electro Shot||[still]
|-prepare|p1b: Archaludon|Electro Shot
|-boost|p1b: Archaludon|spa|1
|-anim|p1b: Archaludon|Electro Shot|p2a: Aegislash
|-damage|p2a: Aegislash|18/100
|move|p1a: Sinistcha|Matcha Gotcha|p2a: Aegislash|[spread] p2a,p2b
|-resisted|p2a: Aegislash|1
|-supereffective|p2b: Rotom|1
|-damage|p2a: Aegislash|0 fnt
|-heal|p1a: Sinistcha|89/100|[from] drain|[of] p2a: Aegislash
|-damage|p2b: Rotom|0 fnt
|-heal|p1a: Sinistcha|100/100|[from] drain|[of] p2b: Rotom
|faint|p2a: Aegislash
|faint|p2b: Rotom
|
|win|rodry3
|raw|rodry3's rating: 1124 → 1149(+25 for winning)
|raw|rrrrayito's rating: 1119 → 1094(-25 for losing)
|l|☆rrrrayito
|player|p2|
