|j|☆Rotomotopoto
|j|☆is_katabo
|html|Rotomotopotois_katabo    
|uhtml|bestof|Game 3 of a best-of-3
|t:|1754688731
|gametype|doubles
|player|p1|Rotomotopoto|cynthia|1196
|player|p2|is_katabo|caitlin|1190
|gen|9
|tier|[Gen 9] VGC 2025 Reg H (Bo3)
|rated|
|rule|Species Clause: Limit one of each Pokémon
|rule|Item Clause: Limit 1 of each item
|clearpoke
|poke|p1|Maushold-Four, L50|
|poke|p1|Annihilape, L50, M|
|poke|p1|Archaludon, L50, M|
|poke|p1|Pelipper, L50, M|
|poke|p1|Sinistcha, L50|
|poke|p1|Overqwil, L50, M|
|poke|p2|Incineroar, L50, F|
|poke|p2|Sneasler, L50, M|
|poke|p2|Dragonite, L50, F|
|poke|p2|Ursaluna-Bloodmoon, L50, M|
|poke|p2|Porygon2, L50|
|poke|p2|Amoonguss, L50, F|
|teampreview|4
|showteam|p1|Maushold-Four||SafetyGoggles|FriendGuard|SuperFang,BeatUp,Taunt,FollowMe||||||50|,,,,,Ghost]Annihilape||Leftovers|Defiant|RageFist,DrainPunch,BulkUp,Protect|||M|||50|,,,,,Fire]Archaludon||AssaultVest|Stamina|ElectroShot,DracoMeteor,FlashCannon,BodyPress|||M|||50|,,,,,Grass]Pelipper||FocusSash|Drizzle|WeatherBall,Hurricane,Tailwind,WideGuard|||M|||50|,,,,,Ghost]Sinistcha||SitrusBerry|Hospitality|RagePowder,MatchaGotcha,LifeDew,TrickRoom||||||50|,,,,,Fire]Overqwil||LifeOrb|SwiftSwim|Haze,ThroatChop,PoisonJab,Liquidation|||M|||50|,,,,,Water
|showteam|p2|Incineroar||SafetyGoggles|Intimidate|FakeOut,KnockOff,FlareBlitz,PartingShot|||F|||50|,,,,,Ghost]Sneasler||FocusSash|PoisonTouch|DireClaw,CloseCombat,ThroatChop,Protect|||M|||50|,,,,,Stellar]Dragonite||LoadedDice|Multiscale|ScaleShot,StompingTantrum,Haze,Protect|||F|||50|,,,,,Steel]Ursaluna-Bloodmoon||AssaultVest|MindsEye|BloodMoon,HyperVoice,EarthPower,VacuumWave|||M|||50|,,,,,Ghost]Porygon2||Eviolite|Download|TeraBlast,IceBeam,Recover,TrickRoom||||||50|,,,,,Fighting]Amoonguss||SitrusBerry|Regenerator|PollenPuff,RagePowder,Spore,Protect|||F|||50|,,,,,Water
|inactive|Battle timer is ON: inactive players will automatically lose when time's up. (requested by Rotomotopoto)
|
|t:|1754688779
|teamsize|p1|4
|teamsize|p2|4
|start
|switch|p1a: Maushold|Maushold-Four, L50|100/100
|switch|p1b: Annihilape|Annihilape, L50, M|100/100
|switch|p2a: claws|Sneasler, L50, M|100/100
|switch|p2b: Gl Babe!|Dragonite, L50, F|100/100
|turn|1
|inactive|is_katabo has 30 seconds left.
|
|t:|1754688806
|move|p2a: claws|Throat Chop|p1a: Maushold
|-damage|p1a: Maushold|63/100
|-start|p1a: Maushold|Throat Chop|[silent]
|move|p1a: Maushold|Beat Up|p1b: Annihilape
|-damage|p1b: Annihilape|99/100
|-damage|p1b: Annihilape|96/100
|-damage|p1b: Annihilape|94/100
|-damage|p1b: Annihilape|92/100
|-hitcount|p1b: Annihilape|4
|move|p1b: Annihilape|Rage Fist|p2a: claws
|-enditem|p2a: claws|Focus Sash
|-damage|p2a: claws|1/100
|move|p2b: Gl Babe!|Scale Shot|p1a: Maushold
|-damage|p1a: Maushold|45/100
|-damage|p1a: Maushold|26/100
|-damage|p1a: Maushold|8/100
|-damage|p1a: Maushold|0 fnt
|faint|p1a: Maushold
|-hitcount|p1: Maushold|4
|-unboost|p2b: Gl Babe!|def|1
|-boost|p2b: Gl Babe!|spe|1
|
|-heal|p1b: Annihilape|99/100|[from] item: Leftovers
|upkeep
|
|t:|1754688819
|switch|p1a: Sinistcha|Sinistcha, L50|100/100
|-heal|p1b: Annihilape|100/100|[from] ability: Hospitality|[of] p1a: Sinistcha
|turn|2
|inactive|is_katabo has 30 seconds left.
|inactive|is_katabo has 20 seconds left.
|
|t:|1754688858
|switch|p2a: Immaterial|Amoonguss, L50, F|100/100
|move|p2b: Gl Babe!|Protect|p2b: Gl Babe!
|-singleturn|p2b: Gl Babe!|Protect
|move|p1b: Annihilape|Rage Fist|p2b: Gl Babe!
|-activate|p2b: Gl Babe!|move: Protect
|move|p1a: Sinistcha|Matcha Gotcha|p2a: Immaterial|[spread] 
|-activate|p2b: Gl Babe!|move: Protect
|-miss|p1a: Sinistcha|p2a: Immaterial
|
|upkeep
|turn|3
|inactive|is_katabo has 30 seconds left.
|
|t:|1754688883
|move|p2b: Gl Babe!|Stomping Tantrum|p1a: Sinistcha
|-resisted|p1a: Sinistcha
|-damage|p1a: Sinistcha|86/100
|move|p1b: Annihilape|Rage Fist|p2b: Gl Babe!
|-damage|p2b: Gl Babe!|22/100
|move|p1a: Sinistcha|Matcha Gotcha|p2b: Gl Babe!|[spread] p2a,p2b
|-resisted|p2a: Immaterial
|-resisted|p2b: Gl Babe!
|-damage|p2a: Immaterial|97/100
|-heal|p1a: Sinistcha|89/100|[from] drain|[of] p2a: Immaterial
|-damage|p2b: Gl Babe!|16/100
|-heal|p1a: Sinistcha|91/100|[from] drain|[of] p2b: Gl Babe!
|-status|p2a: Immaterial|brn
|-status|p2b: Gl Babe!|brn
|move|p2a: Immaterial|Spore|p1b: Annihilape
|-status|p1b: Annihilape|slp|[from] move: Spore
|
|-damage|p2b: Gl Babe!|10/100 brn|[from] brn
|-damage|p2a: Immaterial|91/100 brn|[from] brn
|upkeep
|turn|4
|inactive|is_katabo has 30 seconds left.
|inactive|is_katabo has 20 seconds left.
|
|t:|1754688919
|move|p2b: Gl Babe!|Scale Shot|p1a: Sinistcha|[miss]
|-miss|p2b: Gl Babe!|p1a: Sinistcha
|cant|p1b: Annihilape|slp
|move|p1a: Sinistcha|Matcha Gotcha|p2a: Immaterial|[spread] p2a,p2b
|-resisted|p2a: Immaterial
|-resisted|p2b: Gl Babe!
|-damage|p2a: Immaterial|87/100 brn
|-heal|p1a: Sinistcha|94/100|[from] drain|[of] p2a: Immaterial
|-damage|p2b: Gl Babe!|3/100 brn
|-heal|p1a: Sinistcha|98/100|[from] drain|[of] p2b: Gl Babe!
|move|p2a: Immaterial|Pollen Puff|p1a: Sinistcha
|-damage|p1a: Sinistcha|81/100
|
|-damage|p2b: Gl Babe!|0 fnt|[from] brn
|faint|p2b: Gl Babe!
|-damage|p2a: Immaterial|81/100 brn|[from] brn
|upkeep
|
|t:|1754688937
|switch|p2b: HOT 2 GO!|Porygon2, L50|100/100
|-ability|p2b: HOT 2 GO!|Download|boost
|-boost|p2b: HOT 2 GO!|atk|1
|turn|5
|
|t:|1754688950
|-terastallize|p1a: Sinistcha|Fire
|cant|p1b: Annihilape|slp
|move|p1a: Sinistcha|Matcha Gotcha|p2b: HOT 2 GO!|[spread] p2a,p2b
|-resisted|p2a: Immaterial
|-damage|p2a: Immaterial|77/100 brn
|-heal|p1a: Sinistcha|84/100|[from] drain|[of] p2a: Immaterial
|-damage|p2b: HOT 2 GO!|85/100
|-heal|p1a: Sinistcha|93/100|[from] drain|[of] p2b: HOT 2 GO!
|move|p2b: HOT 2 GO!|Ice Beam|p1a: Sinistcha
|-resisted|p1a: Sinistcha
|-damage|p1a: Sinistcha|82/100
|move|p2a: Immaterial|Spore|p1a: Sinistcha
|-status|p1a: Sinistcha|slp|[from] move: Spore
|
|-damage|p2a: Immaterial|71/100 brn|[from] brn
|upkeep
|turn|6
|
|t:|1754688974
|switch|p2b: claws|Sneasler, L50, M|1/100
|-curestatus|p1b: Annihilape|slp|[msg]
|move|p1b: Annihilape|Rage Fist|p2a: Immaterial
|-damage|p2a: Immaterial|0 fnt
|faint|p2a: Immaterial
|cant|p1a: Sinistcha|slp
|
|upkeep
|
|t:|1754688983
|switch|p2a: HOT 2 GO!|Porygon2, L50|85/100
|-ability|p2a: HOT 2 GO!|Download|boost
|-boost|p2a: HOT 2 GO!|atk|1
|turn|7
|
|t:|1754689004
|-terastallize|p2b: claws|Stellar
|move|p1b: Annihilape|Protect|p1b: Annihilape
|-singleturn|p1b: Annihilape|Protect
|move|p2b: claws|Throat Chop|p1b: Annihilape
|-activate|p1b: Annihilape|move: Protect
|cant|p1a: Sinistcha|slp
|move|p2a: HOT 2 GO!|Tera Blast|p1a: Sinistcha
|-damage|p1a: Sinistcha|51/100 slp
|
|upkeep
|turn|8
|
|t:|1754689024
|cant|p1a: Sinistcha|slp
|move|p2b: claws|Throat Chop|p1b: Annihilape
|-damage|p1b: Annihilape|68/100
|-start|p1b: Annihilape|Throat Chop|[silent]
|move|p1b: Annihilape|Rage Fist|p2b: claws
|-damage|p2b: claws|0 fnt
|faint|p2b: claws
|move|p2a: HOT 2 GO!|Tera Blast|p1b: Annihilape
|-immune|p1b: Annihilape
|
|-heal|p1b: Annihilape|75/100|[from] item: Leftovers
|upkeep
|turn|9
|-message|is_katabo forfeited.
|
|win|Rotomotopoto
|raw|Rotomotopoto's rating: 1196 → 1221(+25 for winning)
|raw|is_katabo's rating: 1190 → 1165(-25 for losing)
