|j|☆Chocokoala VGC
|j|☆lilacq
|html|Chocokoala VGClilacq    
|uhtml|bestof|Game 3 of a best-of-3
|t:|1785415698
|gametype|doubles
|player|p1|Chocokoala VGC|aaron|1285
|player|p2|lilacq|shauntal|1238
|gen|9
|tier|[Gen 9 Champions] VGC 2026 Reg M-B (Bo3)
|rated|
|rule|Species Clause: Limit one of each Pokémon
|rule|Item Clause: Limit 1 of each item
|clearpoke
|poke|p1|Scovillain, L50, M|
|poke|p1|Primarina, L50, F|
|poke|p1|Aerodactyl, L50, F|
|poke|p1|Garchomp, L50, M|
|poke|p1|Gholdengo, L50|
|poke|p1|Grimmsnarl, L50, M|
|poke|p2|Whimsicott, L50, F|
|poke|p2|Eelektross, L50, F|
|poke|p2|Staraptor, L50, F|
|poke|p2|Sinistcha-Masterpiece, L50|
|poke|p2|Ceruledge, L50, F|
|poke|p2|Glimmora, L50, F|
|teampreview|4
|showteam|p1|Scovillain||Scovillainite|Insomnia|Flamethrower,GigaDrain,Protect,RagePowder|Bold||M|||50|]Primarina||Leftovers|LiquidVoice|HyperVoice,Moonblast,Protect,CalmMind|Modest||F|||50|]Aerodactyl||Aerodactylite|Unnerve|RockSlide,DualWingbeat,Protect,Tailwind|Jolly||F|||50|]Garchomp||SoftSand|RoughSkin|Earthquake,StompingTantrum,Protect,DragonClaw|Jolly||M|||50|]Gholdengo||LifeOrb|GoodasGold|MakeItRain,ShadowBall,Protect,NastyPlot|Modest|||||50|]Grimmsnarl||LightClay|Prankster|LightScreen,Reflect,FakeOut,FoulPlay|Calm||M|||50|
|showteam|p2|Whimsicott||FocusSash|Prankster|Tailwind,Moonblast,Tickle,Protect|Timid||F|||50|]Eelektross||Eelektrossite|Levitate|Flamethrower,Thunderbolt,GigaDrain,Protect|Timid||F|||50|]Staraptor||Staraptite|Intimidate|CloseCombat,BraveBird,Roost,Protect|Adamant||F|||50|]Sinistcha-Masterpiece||SitrusBerry|Hospitality|MatchaGotcha,RagePowder,TrickRoom,LifeDew|Calm|||||50|]Ceruledge||ColburBerry|FlashFire|BulkUp,BitterBlade,ShadowSneak,Poltergeist|Adamant||F|||50|]Glimmora||PoisonBarb|ToxicDebris|SludgeBomb,PowerGem,SpikyShield,EarthPower|Timid||F|||50|
|inactive|Battle timer is ON: inactive players will automatically lose when time's up. (requested by Chocokoala VGC)
|
|t:|1785415711
|teamsize|p1|4
|teamsize|p2|4
|start
|switch|p1a: Scovillain|Scovillain, L50, M|100/100
|switch|p1b: Gholdengo|Gholdengo, L50|100/100
|switch|p2a: Whimsicott|Whimsicott, L50, F|100/100
|switch|p2b: Glimmora|Glimmora, L50, F|100/100
|turn|1
|
|t:|1785415722
|move|p1b: Gholdengo|Protect|p1b: Gholdengo
|-singleturn|p1b: Gholdengo|Protect
|move|p1a: Scovillain|Protect|p1a: Scovillain
|-singleturn|p1a: Scovillain|Protect
|move|p2a: Whimsicott|Tailwind|p2a: Whimsicott
|-sidestart|p2: lilacq|move: Tailwind
|move|p2b: Glimmora|Sludge Bomb|p1a: Scovillain
|-activate|p1a: Scovillain|move: Protect
|
|upkeep
|turn|2
|
|t:|1785415739
|switch|p1a: Garchomp|Garchomp, L50, M|100/100
|move|p2a: Whimsicott|Moonblast|p1a: Garchomp
|-supereffective|p1a: Garchomp|1
|-damage|p1a: Garchomp|22/100
|move|p2b: Glimmora|Sludge Bomb|p1a: Garchomp
|-resisted|p1a: Garchomp|1
|-damage|p1a: Garchomp|0 fnt
|faint|p1a: Garchomp
|move|p1b: Gholdengo|Make It Rain|p2b: Glimmora|[spread] p2a,p2b
|-supereffective|p2a: Whimsicott|1
|-supereffective|p2b: Glimmora|1
|-enditem|p2a: Whimsicott|Focus Sash
|-damage|p2a: Whimsicott|1/100
|-damage|p2b: Glimmora|0 fnt
|-unboost|p1b: Gholdengo|spa|2
|faint|p2b: Glimmora
|-damage|p1b: Gholdengo|90/100|[from] item: Life Orb
|
|upkeep
|
|t:|1785415749
|switch|p1a: Scovillain|Scovillain, L50, M|100/100
|switch|p2b: Eelektross|Eelektross, L50, F|100/100
|turn|3
|
|t:|1785415767
|switch|p1b: Primarina|Primarina, L50, F|100/100
|detailschange|p2b: Eelektross|Eelektross-Mega, L50, F
|-mega|p2b: Eelektross|Eelektross|Eelektrossite
|detailschange|p1a: Scovillain|Scovillain-Mega, L50, M
|-mega|p1a: Scovillain|Scovillain|Scovillainite
|move|p2a: Whimsicott|Moonblast|p1b: Primarina
|-damage|p1b: Primarina|69/100
|move|p2b: Eelektross|Flamethrower|p1b: Primarina
|-resisted|p1b: Primarina|1
|-damage|p1b: Primarina|55/100
|move|p1a: Scovillain|Giga Drain|p2b: Eelektross
|-damage|p2b: Eelektross|60/100
|
|-heal|p1b: Primarina|61/100|[from] item: Leftovers
|upkeep
|turn|4
|
|t:|1785415787
|move|p1a: Scovillain|Rage Powder|p1a: Scovillain
|-singleturn|p1a: Scovillain|move: Rage Powder
|move|p2a: Whimsicott|Moonblast|p1a: Scovillain
|-resisted|p1a: Scovillain|1
|-damage|p1a: Scovillain|83/100
|-status|p2a: Whimsicott|brn|[from] ability: Spicy Spray|[of] p1a: Scovillain
|move|p2b: Eelektross|Thunderbolt|p1a: Scovillain
|-resisted|p1a: Scovillain|1
|-damage|p1a: Scovillain|61/100
|-status|p2b: Eelektross|brn|[from] ability: Spicy Spray|[of] p1a: Scovillain
|move|p1b: Primarina|Hyper Voice|p2a: Whimsicott|[spread] p2a,p2b
|-resisted|p2a: Whimsicott|1
|-damage|p2a: Whimsicott|0 fnt
|-damage|p2b: Eelektross|19/100 brn
|faint|p2a: Whimsicott
|
|-heal|p1b: Primarina|67/100|[from] item: Leftovers
|-damage|p2b: Eelektross|13/100 brn|[from] brn
|-sideend|p2: lilacq|move: Tailwind
|upkeep
|
|t:|1785415790
|switch|p2a: Ceruledge|Ceruledge, L50, F|100/100
|turn|5
|
|t:|1785415806
|move|p1a: Scovillain|Rage Powder|p1a: Scovillain
|-singleturn|p1a: Scovillain|move: Rage Powder
|move|p2b: Eelektross|Flamethrower|p1a: Scovillain
|-damage|p1a: Scovillain|27/100
|move|p2a: Ceruledge|Poltergeist|p1a: Scovillain
|-activate|p1a: Scovillain|move: Poltergeist|Scovillainite
|-crit|p1a: Scovillain
|-damage|p1a: Scovillain|0 fnt
|-immune|p2a: Ceruledge
|faint|p1a: Scovillain
|move|p1b: Primarina|Hyper Voice|p2b: Eelektross|[spread] p2a,p2b
|-supereffective|p2a: Ceruledge|1
|-damage|p2a: Ceruledge|37/100
|-damage|p2b: Eelektross|0 fnt
|faint|p2b: Eelektross
|
|-heal|p1b: Primarina|73/100|[from] item: Leftovers
|upkeep
|
|t:|1785415813
|switch|p1a: Gholdengo|Gholdengo, L50|90/100
|turn|6
|
|t:|1785415818
|move|p1a: Gholdengo|Protect|p1a: Gholdengo
|-singleturn|p1a: Gholdengo|Protect
|move|p2a: Ceruledge|Bitter Blade|p1a: Gholdengo
|-activate|p1a: Gholdengo|move: Protect
|move|p1b: Primarina|Calm Mind|p1b: Primarina
|-boost|p1b: Primarina|spa|1
|-boost|p1b: Primarina|spd|1
|
|-heal|p1b: Primarina|79/100|[from] item: Leftovers
|upkeep
|turn|7
|
|t:|1785415826
|move|p1a: Gholdengo|Shadow Ball|p2a: Ceruledge
|-supereffective|p2a: Ceruledge|1
|-damage|p2a: Ceruledge|0 fnt
|faint|p2a: Ceruledge
|-damage|p1a: Gholdengo|81/100|[from] item: Life Orb
|
|win|Chocokoala VGC
|raw|Chocokoala VGC's rating: 1285 → 1307(+22 for winning)
|raw|lilacq's rating: 1238 → 1216(-22 for losing)
