|j|☆tailmyroom
|j|☆agn9
|html|tailmyroomagn9    
|uhtml|bestof|Game 2 of a best-of-3
|t:|1755082998
|gametype|doubles
|player|p1|tailmyroom|scientist-gen4dp|1293
|player|p2|agn9|ghetsis-gen5bw|1216
|gen|9
|tier|[Gen 9] VGC 2025 Reg H (Bo3)
|rated|
|rule|Species Clause: Limit one of each Pokémon
|rule|Item Clause: Limit 1 of each item
|clearpoke
|poke|p1|Gholdengo, L50|
|poke|p1|Sneasler, L50, M|
|poke|p1|Rillaboom, L50, F|
|poke|p1|Dragonite, L50, M|
|poke|p1|Ninetales-Alola, L50, F|
|poke|p1|Arcanine-Hisui, L50, F|
|poke|p2|Whimsicott, L50, M|
|poke|p2|Ursaluna-Bloodmoon, L50, M|
|poke|p2|Kleavor, L50, F|
|poke|p2|Annihilape, L50, M|
|poke|p2|Maushold-Four, L50|
|poke|p2|Farigiraf, L50, M|
|teampreview|4
|showteam|p1|Gholdengo||GrassySeed|GoodasGold|NastyPlot,MakeItRain,ShadowBall,Protect||||||50|,,,,,Water]Sneasler||WhiteHerb|Unburden|CloseCombat,DireClaw,Coaching,Protect|||M|||50|,,,,,Ghost]Rillaboom||AssaultVest|GrassySurge|FakeOut,GrassyGlide,DrumBeating,HighHorsepower|||F|||50|,,,,,Fire]Dragonite||LoadedDice|Multiscale|ScaleShot,StompingTantrum,Tailwind,Protect|||M|||50|,,,,,Ground]Ninetales-Alola||FocusSash|SnowWarning|Blizzard,IcyWind,Encore,AuroraVeil|||F|||50|,,,,,Ghost]Arcanine-Hisui||ClearAmulet|Intimidate|RockSlide,FlareBlitz,ExtremeSpeed,Protect|||F|||50|,,,,,Water
|showteam|p2|Whimsicott||CovertCloak|Prankster|Encore,Protect,Tailwind,Moonblast|||M|||50|,,,,,Grass]Ursaluna-Bloodmoon||LifeOrb|MindsEye|BloodMoon,Protect,HyperVoice,EarthPower|||M|||50|,,,,,Normal]Kleavor||FocusSash|Sharpness|NightSlash,XScissor,Protect,StoneAxe|||F|||50|,,,,,Stellar]Annihilape||Leftovers|Defiant|Protect,BulkUp,RageFist,DrainPunch|||M|||50|,,,,,Water]Maushold-Four||SafetyGoggles|FriendGuard|BeatUp,Protect,FollowMe,Taunt||||||50|,,,,,Ghost]Farigiraf||RockyHelmet|ArmorTail|Protect,TrickRoom,ExpandingForce,Imprison|||M|||50|,,,,,Fairy
|inactive|Battle timer is ON: inactive players will automatically lose when time's up. (requested by agn9)
|inactive|tailmyroom has 60 seconds left.
|
|t:|1755083059
|teamsize|p1|4
|teamsize|p2|4
|start
|switch|p1a: Gholdengo|Gholdengo, L50|100/100
|switch|p1b: Dragonite|Dragonite, L50, M|100/100
|switch|p2a: Maushold|Maushold-Four, L50|100/100
|switch|p2b: Annihilape|Annihilape, L50, M|100/100
|turn|1
|inactive|agn9 has 30 seconds left.
|
|t:|1755083091
|-terastallize|p1a: Gholdengo|Water
|-terastallize|p2b: Annihilape|Water
|move|p2a: Maushold|Beat Up|p2b: Annihilape
|-damage|p2b: Annihilape|98/100
|-damage|p2b: Annihilape|96/100
|-damage|p2b: Annihilape|94/100
|-damage|p2b: Annihilape|92/100
|-hitcount|p2b: Annihilape|4
|move|p1a: Gholdengo|Nasty Plot|p1a: Gholdengo
|-boost|p1a: Gholdengo|spa|2
|move|p1b: Dragonite|Scale Shot|p2a: Maushold
|-damage|p2a: Maushold|82/100
|-damage|p2a: Maushold|63/100
|-damage|p2a: Maushold|42/100
|-damage|p2a: Maushold|22/100
|-hitcount|p2a: Maushold|4
|-unboost|p1b: Dragonite|def|1
|-boost|p1b: Dragonite|spe|1
|move|p2b: Annihilape|Rage Fist|p1a: Gholdengo
|-damage|p1a: Gholdengo|0 fnt
|faint|p1a: Gholdengo
|
|-heal|p2b: Annihilape|98/100|[from] item: Leftovers
|upkeep
|
|t:|1755083115
|switch|p1a: Ninetales|Ninetales-Alola, L50, F|100/100
|-weather|Snowscape|[from] ability: Snow Warning|[of] p1a: Ninetales
|turn|2
|
|t:|1755083127
|move|p1b: Dragonite|Scale Shot|p2b: Annihilape
|-damage|p2b: Annihilape|87/100
|-damage|p2b: Annihilape|77/100
|-damage|p2b: Annihilape|67/100
|-damage|p2b: Annihilape|56/100
|-damage|p2b: Annihilape|44/100
|-hitcount|p2b: Annihilape|5
|-unboost|p1b: Dragonite|def|1
|-boost|p1b: Dragonite|spe|1
|move|p2a: Maushold|Taunt|p1a: Ninetales
|-start|p1a: Ninetales|move: Taunt
|move|p1a: Ninetales|Blizzard|p2a: Maushold|[spread] p2a,p2b
|-resisted|p2b: Annihilape
|-damage|p2a: Maushold|0 fnt
|-damage|p2b: Annihilape|34/100
|faint|p2a: Maushold
|move|p2b: Annihilape|Rage Fist|p1b: Dragonite
|-damage|p1b: Dragonite|0 fnt
|faint|p1b: Dragonite
|
|-weather|Snowscape|[upkeep]
|-heal|p2b: Annihilape|40/100|[from] item: Leftovers
|upkeep
|
|t:|1755083150
|switch|p2a: Whimsicott|Whimsicott, L50, M|100/100
|switch|p1b: Sneasler|Sneasler, L50, M|100/100
|turn|3
|inactive|tailmyroom has 30 seconds left.
|inactive|tailmyroom has 20 seconds left.
|
|t:|1755083186
|move|p1b: Sneasler|Protect|p1b: Sneasler
|-singleturn|p1b: Sneasler|Protect
|move|p2a: Whimsicott|Tailwind|p2a: Whimsicott
|-sidestart|p2: agn9|move: Tailwind
|move|p2b: Annihilape|Rage Fist|p1b: Sneasler
|-activate|p1b: Sneasler|move: Protect
|move|p1a: Ninetales|Blizzard|p2a: Whimsicott|[spread] p2a,p2b
|-supereffective|p2a: Whimsicott
|-resisted|p2b: Annihilape
|-damage|p2a: Whimsicott|14/100
|-damage|p2b: Annihilape|25/100
|
|-weather|Snowscape|[upkeep]
|-heal|p2b: Annihilape|31/100|[from] item: Leftovers
|upkeep
|turn|4
|
|t:|1755083204
|move|p1b: Sneasler|Protect||[still]
|-fail|p1b: Sneasler
|move|p2a: Whimsicott|Moonblast|p1a: Ninetales
|-damage|p1a: Ninetales|62/100
|-unboost|p1a: Ninetales|spa|1
|move|p2b: Annihilape|Rage Fist|p1b: Sneasler
|-damage|p1b: Sneasler|0 fnt
|faint|p1b: Sneasler
|move|p1a: Ninetales|Blizzard|p2a: Whimsicott|[spread] p2a,p2b
|-supereffective|p2a: Whimsicott
|-resisted|p2b: Annihilape
|-damage|p2a: Whimsicott|0 fnt
|-damage|p2b: Annihilape|22/100
|faint|p2a: Whimsicott
|
|-weather|Snowscape|[upkeep]
|-heal|p2b: Annihilape|28/100|[from] item: Leftovers
|-end|p1a: Ninetales|move: Taunt
|upkeep
|
|t:|1755083216
|switch|p2a: Ursaluna|Ursaluna-Bloodmoon, L50, M|100/100
|turn|5
|
|t:|1755083222
|move|p2b: Annihilape|Rage Fist|p1a: Ninetales
|-damage|p1a: Ninetales|0 fnt
|faint|p1a: Ninetales
|
|win|agn9
|raw|tailmyroom's rating: 1293 → 1263(-30 for losing)
|raw|agn9's rating: 1216 → 1246(+30 for winning)
