|j|☆ghjk09
|j|☆battle v rayquaza
|html|ghjk09battle v rayquaza    
|uhtml|bestof|Game 1 of a best-of-3
|t:|1784289102
|gametype|doubles
|player|p1|ghjk09|hilbert|1031
|player|p2|battle v rayquaza|266|1009
|gen|9
|tier|[Gen 9 Champions] VGC 2026 Reg M-B (Bo3)
|rated|
|rule|Species Clause: Limit one of each Pokémon
|rule|Item Clause: Limit 1 of each item
|clearpoke
|poke|p1|Malamar, L50, M|
|poke|p1|Audino, L50, F|
|poke|p1|Chandelure, L50, M|
|poke|p1|Zoroark-Hisui, L50, M|
|poke|p1|Whimsicott, L50, F|
|poke|p1|Overqwil, L50, F|
|poke|p2|Charizard, L50, F, shiny|
|poke|p2|Milotic, L50, F|
|poke|p2|Whimsicott, L50, F, shiny|
|poke|p2|Garchomp, L50, M|
|poke|p2|Gholdengo, L50|
|poke|p2|Staraptor, L50, M|
|teampreview|4
|showteam|p1|Malamar||Malamarite|Contrary|ThroatChop,PsychUp,Rest,Superpower|Relaxed||M|||50|]Audino||MentalHerb|Healer|SimpleBeam,HealPulse,Protect,TrickRoom|Serious||F|||50|]Chandelure||SitrusBerry|FlashFire|AcidArmor,CalmMind,Flamethrower,Minimize|Bold||M|||50|]Zoroark-Hisui||ChoiceScarf|Illusion|WillOWisp,Memento,RainDance,Taunt|Jolly||M|||50|]Whimsicott||LifeOrb|Prankster|Memento,GrassKnot,LightScreen,SunnyDay|Modest||F|||50|]Overqwil||Leftovers|Intimidate|ThroatChop,SwordsDance,Minimize,Stockpile|Sassy||F|||50|
|showteam|p2|Charizard||CharizarditeY|Blaze|HeatWave,SolarBeam,Protect,AncientPower|Modest||F|||50|]Milotic||Leftovers|Competitive|Scald,LifeDew,Protect,AquaRing|Bold||F|||50|]Whimsicott||FocusSash|Prankster|Tailwind,Moonblast,Encore,Charm|Timid||F|||50|]Garchomp||LifeOrb|RoughSkin|Earthquake,DragonClaw,Protect,RockSlide|Adamant||M|||50|]Gholdengo||SitrusBerry|GoodasGold|Protect,ShadowBall,MakeItRain,PowerGem|Modest|||||50|]Staraptor||Staraptite|Intimidate|CloseCombat,Protect,Roost,BraveBird|Adamant||M|||50|
|inactive|Battle timer is ON: inactive players will automatically lose when time's up. (requested by battle v rayquaza)
|inactive|ghjk09 has 60 seconds left.
|inactive|battle v rayquaza has 60 seconds left.
|
|t:|1784289145
|teamsize|p1|4
|teamsize|p2|4
|start
|switch|p1a: Audino|Audino, L50, F|100/100
|switch|p1b: Overqwil|Overqwil, L50, F|100/100
|switch|p2a: Charizard|Charizard, L50, F, shiny|100/100
|switch|p2b: Whimsicott|Whimsicott, L50, F, shiny|100/100
|turn|1
|inactive|ghjk09 has 30 seconds left.
|inactive|battle v rayquaza has 30 seconds left.
|inactive|battle v rayquaza has 20 seconds left.
|inactive|battle v rayquaza has 15 seconds left.
|inactive|battle v rayquaza has 10 seconds left.
|inactive|battle v rayquaza has 5 seconds left.
|
|t:|1784289196
|detailschange|p2a: Charizard|Charizard-Mega-Y, L50, F, shiny
|-mega|p2a: Charizard|Charizard|Charizardite Y
|-weather|SunnyDay|[from] ability: Drought|[of] p2a: Charizard
|move|p1b: Overqwil|Memento|p2a: Charizard
|-unboost|p2a: Charizard|atk|2
|-unboost|p2a: Charizard|spa|2
|faint|p1b: Overqwil
|move|p2b: Whimsicott|Moonblast|p1a: Audino
|-damage|p1a: Audino|70/100
|move|p2a: Charizard|Solar Beam||[still]
|-prepare|p2a: Charizard|Solar Beam
|-anim|p2a: Charizard|Solar Beam|p1a: Audino
|-damage|p1a: Audino|43/100
|move|p1a: Audino|Trick Room|p1a: Audino
|-fieldstart|move: Trick Room|[of] p1a: Audino
|
|-weather|SunnyDay|[upkeep]
|upkeep
|
|t:|1784289217
|switch|p1b: Overqwil|Overqwil, L50, F|100/100
|-ability|p1b: Overqwil|Intimidate|boost
|-unboost|p2a: Charizard|atk|1
|-unboost|p2b: Whimsicott|atk|1
|turn|2
|inactive|battle v rayquaza has 30 seconds left.
|
|t:|1784289245
|switch|p2a: Milotic|Milotic, L50, F|100/100
|move|p2b: Whimsicott|Encore|p1a: Audino
|-start|p1a: Audino|Encore
|-enditem|p1a: Audino|Mental Herb
|-end|p1a: Audino|Encore
|move|p1a: Audino|Simple Beam|p1b: Overqwil
|-ability|p1b: Overqwil|Simple|Intimidate|[from] move: Simple Beam
|move|p1b: Overqwil|Minimize|p1b: Overqwil
|-boost|p1b: Overqwil|evasion|4
|
|-weather|SunnyDay|[upkeep]
|upkeep
|turn|3
|inactive|ghjk09 has 30 seconds left.
|inactive|battle v rayquaza has 30 seconds left.
|inactive|battle v rayquaza has 20 seconds left.
|
|t:|1784289283
|move|p1a: Audino|Protect|p1a: Audino
|-singleturn|p1a: Audino|Protect
|move|p2b: Whimsicott|Encore|p1a: Audino
|-activate|p1a: Audino|move: Protect
|move|p1b: Overqwil|Stockpile|p1b: Overqwil
|-start|p1b: Overqwil|stockpile1
|-boost|p1b: Overqwil|def|2
|-boost|p1b: Overqwil|spd|2
|move|p2a: Milotic|Scald|p1b: Overqwil|[miss]
|-miss|p2a: Milotic|p1b: Overqwil
|
|-weather|SunnyDay|[upkeep]
|upkeep
|turn|4
|inactive|ghjk09 has 30 seconds left.
|
|t:|1784289309
|move|p1a: Audino|Simple Beam|p2b: Whimsicott
|-ability|p2b: Whimsicott|Simple|Prankster|[from] move: Simple Beam
|move|p1b: Overqwil|Minimize|p1b: Overqwil
|-boost|p1b: Overqwil|evasion|2
|move|p2a: Milotic|Scald|p1b: Overqwil|[miss]
|-miss|p2a: Milotic|p1b: Overqwil
|move|p2b: Whimsicott|Moonblast|p1b: Overqwil|[miss]
|-miss|p2b: Whimsicott|p1b: Overqwil
|
|-weather|SunnyDay|[upkeep]
|upkeep
|turn|5
|
|t:|1784289333
|move|p1a: Audino|Protect|p1a: Audino
|-singleturn|p1a: Audino|Protect
|move|p1b: Overqwil|Stockpile|p1b: Overqwil
|-start|p1b: Overqwil|stockpile2
|-boost|p1b: Overqwil|def|2
|-boost|p1b: Overqwil|spd|2
|move|p2a: Milotic|Scald|p1a: Audino
|-activate|p1a: Audino|move: Protect
|move|p2b: Whimsicott|Moonblast|p1b: Overqwil|[miss]
|-miss|p2b: Whimsicott|p1b: Overqwil
|
|-weather|none
|-fieldend|move: Trick Room
|upkeep
|turn|6
|inactive|ghjk09 has 30 seconds left.
|
|t:|1784289358
|move|p2b: Whimsicott|Tailwind|p2b: Whimsicott
|-sidestart|p2: battle v rayquaza|move: Tailwind
|move|p2a: Milotic|Scald|p1a: Audino
|-damage|p1a: Audino|15/100
|move|p1b: Overqwil|Stockpile|p1b: Overqwil
|-start|p1b: Overqwil|stockpile3
|-boost|p1b: Overqwil|def|2
|-boost|p1b: Overqwil|spd|2
|move|p1a: Audino|Trick Room|p1a: Audino
|-fieldstart|move: Trick Room|[of] p1a: Audino
|
|upkeep
|turn|7
|
|t:|1784289382
|move|p1a: Audino|Simple Beam|p2a: Milotic
|-ability|p2a: Milotic|Simple|Competitive|[from] move: Simple Beam
|move|p1b: Overqwil|Swords Dance|p1b: Overqwil
|-boost|p1b: Overqwil|atk|4
|move|p2a: Milotic|Aqua Ring|p2a: Milotic
|-start|p2a: Milotic|Aqua Ring
|move|p2b: Whimsicott|Moonblast|p1a: Audino
|-damage|p1a: Audino|0 fnt
|faint|p1a: Audino
|
|upkeep
|
|t:|1784289397
|switch|p1a: Malamar|Malamar, L50, M|100/100
|turn|8
|
|t:|1784289422
|detailschange|p1a: Malamar|Malamar-Mega, L50, M
|-mega|p1a: Malamar|Malamar|Malamarite
|move|p2a: Milotic|Protect|p2a: Milotic
|-singleturn|p2a: Milotic|Protect
|move|p1b: Overqwil|Swords Dance|p1b: Overqwil
|-boost|p1b: Overqwil|atk|2
|move|p1a: Malamar|Psych Up|p1b: Overqwil
|-copyboost|p1a: Malamar|p1b: Overqwil|[from] move: Psych Up
|move|p2b: Whimsicott|Encore|p1b: Overqwil
|-start|p1b: Overqwil|Encore
|
|upkeep
|turn|9
|
|t:|1784289446
|move|p1b: Overqwil|Swords Dance|p1b: Overqwil
|-boost|p1b: Overqwil|atk|0
|move|p1a: Malamar|Throat Chop|p2b: Whimsicott
|-resisted|p2b: Whimsicott|1
|-damage|p2b: Whimsicott|46/100
|-start|p2b: Whimsicott|Throat Chop|[silent]
|move|p2a: Milotic|Scald|p1a: Malamar|[miss]
|-miss|p2a: Milotic|p1a: Malamar
|move|p2b: Whimsicott|Encore|p1a: Malamar
|-start|p1a: Malamar|Encore
|
|-sideend|p2: battle v rayquaza|move: Tailwind
|upkeep
|turn|10
|
|t:|1784289465
|switch|p2a: Charizard|Charizard-Mega-Y, L50, F, shiny|100/100
|-weather|SunnyDay|[from] ability: Drought|[of] p2a: Charizard
|move|p1b: Overqwil|Swords Dance|p1b: Overqwil
|-boost|p1b: Overqwil|atk|0
|move|p1a: Malamar|Throat Chop|p2b: Whimsicott
|-resisted|p2b: Whimsicott|1
|-damage|p2b: Whimsicott|0 fnt
|faint|p2b: Whimsicott
|
|-weather|SunnyDay|[upkeep]
|-fieldend|move: Trick Room
|upkeep
|
|t:|1784289484
|switch|p2b: Staraptor|Staraptor, L50, M|100/100
|-ability|p2b: Staraptor|Intimidate|boost
|-boost|p1a: Malamar|atk|0
|-unboost|p1b: Overqwil|atk|2
|turn|11
|inactive|ghjk09 has 30 seconds left.
|
|t:|1784289511
|move|p2b: Staraptor|Close Combat|p1b: Overqwil|[miss]
|-miss|p2b: Staraptor|p1b: Overqwil
|move|p2a: Charizard|Heat Wave|p1b: Overqwil|[spread] p1a
|-miss|p2a: Charizard|p1b: Overqwil
|-damage|p1a: Malamar|84/100
|move|p1a: Malamar|Throat Chop|p2b: Staraptor
|-damage|p2b: Staraptor|0 fnt
|faint|p2b: Staraptor
|move|p1b: Overqwil|Swords Dance|p1b: Overqwil
|-boost|p1b: Overqwil|atk|2
|
|-weather|SunnyDay|[upkeep]
|-end|p1b: Overqwil|Encore
|upkeep
|-message|battle v rayquaza forfeited.
|
|win|ghjk09
|l|☆battle v rayquaza
|player|p2|
|raw|ghjk09's rating: 1031 → 1064(+33 for winning)
|raw|battle v rayquaza's rating: 1009 → 1000(-9 for losing)
