|j|☆ethnol1816
|j|☆JZ21
|html|ethnol1816JZ21    
|uhtml|bestof|Game 2 of a best-of-3
|t:|1756571802
|gametype|doubles
|player|p1|ethnol1816|boarder|
|player|p2|JZ21|brendan-rs|
|gen|9
|tier|[Gen 9] VGC 2025 Reg H (Bo3)
|rule|Species Clause: Limit one of each Pokémon
|rule|Item Clause: Limit 1 of each item
|clearpoke
|poke|p1|Gholdengo, L50|
|poke|p1|Hydreigon, L50, M|
|poke|p1|Whimsicott, L50, M|
|poke|p1|Garchomp, L50, M|
|poke|p1|Clefable, L50, M|
|poke|p1|Feraligatr, L50, F|
|poke|p2|Archaludon, L50, M|
|poke|p2|Pelipper, L50, M|
|poke|p2|Basculegion, L50, M|
|poke|p2|Gholdengo, L50|
|poke|p2|Incineroar, L50, M|
|poke|p2|Amoonguss, L50, M|
|teampreview|4
|showteam|p1|Gholdengo||Leftovers|GoodasGold|NastyPlot,ShadowBall,MakeItRain,Protect||||||50|,,,,,Dragon]Hydreigon||ChoiceSpecs|Levitate|DarkPulse,DracoMeteor,HeatWave,FlashCannon|||M|||50|,,,,,Fire]Whimsicott||FocusSash|Prankster|Moonblast,Tailwind,SunnyDay,Encore|||M|||50|,,,,,Ghost]Garchomp||ChoiceBand|RoughSkin|RockSlide,StompingTantrum,Earthquake,DragonClaw|||M|||50|,,,,,Steel]Clefable||SitrusBerry|Unaware|Moonblast,MistyTerrain,FollowMe,Protect|||M|||50|,,,,,Water]Feraligatr||LifeOrb|SheerForce|Liquidation,Crunch,IcePunch,Protect|||F|||50|,,,,,Ghost
|showteam|p2|Archaludon||AssaultVest|Stamina|ElectroShot,BodyPress,DragonPulse,Snarl|||M|||50|,,,,,Bug]Pelipper||FocusSash|Drizzle|WeatherBall,Hurricane,Tailwind,Protect|||M|||50|,,,,,Ground]Basculegion||ChoiceBand|SwiftSwim|WaveCrash,FlipTurn,LastRespects,AquaJet|||M|||50|,,,,,Water]Gholdengo||LifeOrb|GoodasGold|MakeItRain,ShadowBall,NastyPlot,Protect||||||50|,,,,,Water]Incineroar||SafetyGoggles|Intimidate|KnockOff,PartingShot,Taunt,FakeOut|||M|||50|,,,,,Ghost]Amoonguss||SitrusBerry|Regenerator|Spore,RagePowder,PollenPuff,Protect|||M|||50|,,,,,Water
|inactive|Battle timer is ON: inactive players will automatically lose when time's up. (requested by ethnol1816)
|inactive|JZ21 has 60 seconds left.
|
|t:|1756571850
|teamsize|p1|4
|teamsize|p2|4
|start
|switch|p1a: hyculese|Hydreigon, L50, M, shiny|100/100
|switch|p1b: scott|Whimsicott, L50, M|100/100
|switch|p2a: Gholdengo|Gholdengo, L50|100/100
|switch|p2b: RicFlareDrip|Incineroar, L50, M, shiny|100/100
|-ability|p2b: RicFlareDrip|Intimidate|boost
|-unboost|p1a: hyculese|atk|1
|-unboost|p1b: scott|atk|1
|turn|1
|inactive|ethnol1816 has 30 seconds left.
|inactive|JZ21 has 30 seconds left.
|inactive|JZ21 has 20 seconds left.
|inactive|JZ21 has 15 seconds left.
|inactive|JZ21 has 10 seconds left.
|
|t:|1756571906
|-terastallize|p2a: Gholdengo|Water
|move|p2b: RicFlareDrip|Fake Out|p1a: hyculese
|-crit|p1a: hyculese
|-damage|p1a: hyculese|84/100
|move|p1b: scott|Tailwind|p1b: scott
|-sidestart|p1: ethnol1816|move: Tailwind
|cant|p1a: hyculese|flinch
|move|p2a: Gholdengo|Make It Rain|p1a: hyculese|[spread] p1a,p1b
|-supereffective|p1b: scott
|-damage|p1a: hyculese|17/100
|-enditem|p1b: scott|Focus Sash
|-damage|p1b: scott|1/100
|-unboost|p2a: Gholdengo|spa|1
|-damage|p2a: Gholdengo|91/100|[from] item: Life Orb
|
|upkeep
|turn|2
|inactive|ethnol1816 has 30 seconds left.
|inactive|JZ21 has 30 seconds left.
|
|t:|1756571938
|move|p2a: Gholdengo|Protect|p2a: Gholdengo
|-singleturn|p2a: Gholdengo|Protect
|move|p1b: scott|Moonblast|p2a: Gholdengo
|-activate|p2a: Gholdengo|move: Protect
|move|p1a: hyculese|Dark Pulse|p2a: Gholdengo
|-activate|p2a: Gholdengo|move: Protect
|move|p2b: RicFlareDrip|Knock Off|p1a: hyculese
|-resisted|p1a: hyculese
|-damage|p1a: hyculese|0 fnt
|-enditem|p1a: hyculese|Choice Specs|[from] move: Knock Off|[of] p2b: RicFlareDrip
|faint|p1a: hyculese
|
|upkeep
|
|t:|1756571942
|switch|p1a: chompy|Garchomp, L50, M|100/100
|turn|3
|inactive|JZ21 has 30 seconds left.
|
|t:|1756571969
|switch|p2a: Basculegion|Basculegion, L50, M|100/100
|move|p1b: scott|Moonblast|p2a: Basculegion
|-damage|p2a: Basculegion|64/100
|move|p1a: chompy|Earthquake|p2b: RicFlareDrip|[spread] p1b,p2a,p2b
|-resisted|p1b: scott
|-supereffective|p2b: RicFlareDrip
|-damage|p1b: scott|0 fnt
|-damage|p2a: Basculegion|0 fnt
|-damage|p2b: RicFlareDrip|0 fnt
|faint|p1b: scott
|faint|p2a: Basculegion
|faint|p2b: RicFlareDrip
|
|upkeep
|j| schleorge
|inactive|ethnol1816 has 30 seconds left.
|
|t:|1756571995
|switch|p1b: nsdr trdng|Gholdengo, L50|100/100
|switch|p2a: Pelipper|Pelipper, L50, M, shiny|100/100
|switch|p2b: Gholdengo|Gholdengo, L50, tera:Water|91/100
|-weather|RainDance|[from] ability: Drizzle|[of] p2a: Pelipper
|turn|4
|inactive|JZ21 has 30 seconds left.
|inactive|JZ21 has 20 seconds left.
|
|t:|1756572033
|-terastallize|p1b: nsdr trdng|Dragon
|move|p2b: Gholdengo|Protect|p2b: Gholdengo
|-singleturn|p2b: Gholdengo|Protect
|move|p2a: Pelipper|Protect|p2a: Pelipper
|-singleturn|p2a: Pelipper|Protect
|move|p1a: chompy|Earthquake|p2b: Gholdengo|[spread] p1b
|-activate|p2a: Pelipper|move: Protect
|-activate|p2b: Gholdengo|move: Protect
|-damage|p1b: nsdr trdng|46/100
|move|p1b: nsdr trdng|Make It Rain|p2b: Gholdengo|[spread] 
|-activate|p2a: Pelipper|move: Protect
|-activate|p2b: Gholdengo|move: Protect
|
|-weather|RainDance|[upkeep]
|-heal|p1b: nsdr trdng|52/100|[from] item: Leftovers
|-sideend|p1: ethnol1816|move: Tailwind
|upkeep
|turn|5
|inactive|JZ21 has 30 seconds left.
|inactive|JZ21 has 20 seconds left.
|
|t:|1756572071
|move|p2b: Gholdengo|Protect||[still]
|-fail|p2b: Gholdengo
|move|p1b: nsdr trdng|Protect|p1b: nsdr trdng
|-singleturn|p1b: nsdr trdng|Protect
|move|p1a: chompy|Earthquake|p2a: Pelipper|[spread] p2b
|-activate|p1b: nsdr trdng|move: Protect
|-immune|p2a: Pelipper
|-damage|p2b: Gholdengo|25/100
|move|p2a: Pelipper|Hurricane|p1b: nsdr trdng
|-activate|p1b: nsdr trdng|move: Protect
|
|-weather|RainDance|[upkeep]
|-heal|p1b: nsdr trdng|59/100|[from] item: Leftovers
|upkeep
|turn|6
|inactive|JZ21 has 30 seconds left.
|inactive|JZ21 has 20 seconds left.
|
|t:|1756572110
|move|p2b: Gholdengo|Protect|p2b: Gholdengo
|-singleturn|p2b: Gholdengo|Protect
|move|p1a: chompy|Earthquake|p2a: Pelipper|[spread] p1b
|-activate|p2b: Gholdengo|move: Protect
|-immune|p2a: Pelipper
|-damage|p1b: nsdr trdng|0 fnt
|faint|p1b: nsdr trdng
|move|p2a: Pelipper|Hurricane|p1a: chompy
|-damage|p1a: chompy|46/100
|
|-weather|RainDance|[upkeep]
|upkeep
|turn|7
|
|t:|1756572128
|move|p1a: chompy|Earthquake|p2b: Gholdengo|[spread] p2b
|-immune|p2a: Pelipper
|-damage|p2b: Gholdengo|0 fnt
|faint|p2b: Gholdengo
|move|p2a: Pelipper|Weather Ball|p1a: chompy
|-damage|p1a: chompy|0 fnt
|faint|p1a: chompy
|
|win|JZ21
