|j|☆Shaboogles
|j|☆SmolivStayStrong<3
|html|ShabooglesSmolivStayStrong<3    
|uhtml|bestof|Game 3 of a best-of-3
|t:|1783649694
|gametype|doubles
|player|p1|Shaboogles|rosa|
|player|p2|SmolivStayStrong<3|miku-flying|
|gen|9
|tier|[Gen 9 Champions] VGC 2026 Reg M-B (Bo3)
|rule|Species Clause: Limit one of each Pokémon
|rule|Item Clause: Limit 1 of each item
|clearpoke
|poke|p1|Chandelure, L50, M|
|poke|p1|Garganacl, L50, M|
|poke|p1|Greninja, L50, M|
|poke|p1|Rotom-Mow, L50|
|poke|p1|Krookodile, L50, M|
|poke|p1|Ariados, L50, M|
|poke|p2|Chesnaught, L50, F, shiny|
|poke|p2|Blastoise, L50, M|
|poke|p2|Chandelure, L50, M|
|poke|p2|Jolteon, L50, F|
|poke|p2|Floette-Eternal, L50, F|
|poke|p2|Klefki, L50, F, shiny|
|teampreview|4
|showteam|p1|Chandelure||Chandelurite|Infiltrator|HeatWave,ShadowBall,TrickRoom,Protect|Modest||M|||50|]Garganacl||Leftovers|PurifyingSalt|WideGuard,SaltCure,Recover,Protect|Sassy||M|||50|]Greninja||Greninjite|Torrent|IcyWind,Protect,HydroPump,DarkPulse|Timid||M|||50|]Rotom-Mow||ChoiceScarf|Levitate|Thunderbolt,LeafStorm,Electroweb,Trick|Timid|||||50|]Krookodile||PasshoBerry|Intimidate|Crunch,Taunt,Protect,HighHorsepower|Adamant||M|||50|]Ariados||ScopeLens|Sniper|CrossPoison,Protect,RagePowder,KnockOff|Impish||M|||50|
|showteam|p2|Chesnaught||Chesnaughtite|Bulletproof|BodyPress,SpikyShield,WideGuard,SeedBomb|Adamant||F|||50|]Blastoise||SitrusBerry|RainDish|FakeOut,WaveCrash,Yawn,FlipTurn|Adamant||M|||50|]Chandelure||FocusSash|FlashFire|HeatWave,ShadowBall,Protect,TrickRoom|Modest||M|||50|]Jolteon||ChoiceScarf|VoltAbsorb|VoltSwitch,Thunderbolt,Electroweb,AlluringVoice|Modest||F|||50|]Floette-Eternal||Leftovers|FlowerVeil|CalmMind,Moonblast,DazzlingGleam,Protect|Bold||F|||50|]Klefki||LightClay|Prankster|FlashCannon,ThunderWave,FoulPlay,LightScreen|Bold||F|||50|
|inactive|Battle timer is ON: inactive players will automatically lose when time's up. (requested by SmolivStayStrong<3)
|inactive|Shaboogles has 60 seconds left.
|
|t:|1783649747
|teamsize|p1|4
|teamsize|p2|4
|start
|switch|p1a: Rotom|Rotom-Mow, L50|100/100
|switch|p1b: Greninja|Greninja, L50, M|100/100
|switch|p2a: Floette|Floette-Eternal, L50, F|100/100
|switch|p2b: Blastoise|Blastoise, L50, M|100/100
|turn|1
|inactive|Shaboogles has 30 seconds left.
|
|t:|1783649775
|move|p2b: Blastoise|Fake Out|p1a: Rotom
|-damage|p1a: Rotom|84/100
|cant|p1a: Rotom|flinch
|move|p1b: Greninja|Hydro Pump|p2a: Floette|[miss]
|-miss|p1b: Greninja|p2a: Floette
|move|p2a: Floette|Calm Mind|p2a: Floette
|-boost|p2a: Floette|spa|1
|-boost|p2a: Floette|spd|1
|
|upkeep
|turn|2
|inactive|Shaboogles has 30 seconds left.
|inactive|SmolivStayStrong<3 has 30 seconds left.
|
|t:|1783649802
|switch|p2b: Chesnaught|Chesnaught, L50, F, shiny|100/100
|move|p1a: Rotom|Electroweb|p2a: Floette|[spread] p2a,p2b
|-resisted|p2b: Chesnaught|1
|-damage|p2a: Floette|89/100
|-damage|p2b: Chesnaught|90/100
|-unboost|p2a: Floette|spe|1
|move|p1b: Greninja|Hydro Pump|p2a: Floette
|-damage|p2a: Floette|64/100
|move|p2a: Floette|Dazzling Gleam|p1b: Greninja|[spread] p1a,p1b
|-supereffective|p1b: Greninja|1
|-damage|p1a: Rotom|27/100
|-damage|p1b: Greninja|0 fnt
|faint|p1b: Greninja
|
|-heal|p2a: Floette|70/100|[from] item: Leftovers
|upkeep
|
|t:|1783649810
|switch|p1b: Chandelure|Chandelure, L50, M|100/100
|turn|3
|
|t:|1783649823
|switch|p1a: Garganacl|Garganacl, L50, M|100/100
|detailschange|p1b: Chandelure|Chandelure-Mega, L50, M
|-mega|p1b: Chandelure|Chandelure|Chandelurite
|detailschange|p2b: Chesnaught|Chesnaught-Mega, L50, F, shiny
|-mega|p2b: Chesnaught|Chesnaught|Chesnaughtite
|move|p2b: Chesnaught|Wide Guard|p2b: Chesnaught
|-singleturn|p2b: Chesnaught|Wide Guard
|move|p1b: Chandelure|Shadow Ball|p2a: Floette
|-damage|p2a: Floette|39/100
|move|p2a: Floette|Dazzling Gleam|p1a: Garganacl|[spread] p1a,p1b
|-resisted|p1b: Chandelure|1
|-damage|p1a: Garganacl|73/100
|-damage|p1b: Chandelure|77/100
|
|-heal|p2a: Floette|45/100|[from] item: Leftovers
|-heal|p1a: Garganacl|79/100|[from] item: Leftovers
|upkeep
|turn|4
|inactive|Shaboogles has 30 seconds left.
|inactive|SmolivStayStrong<3 has 30 seconds left.
|
|t:|1783649856
|move|p1b: Chandelure|Shadow Ball|p2a: Floette
|-damage|p2a: Floette|14/100
|move|p2a: Floette|Dazzling Gleam|p1a: Garganacl|[spread] p1a,p1b
|-resisted|p1b: Chandelure|1
|-damage|p1a: Garganacl|51/100
|-damage|p1b: Chandelure|57/100
|move|p2b: Chesnaught|Body Press|p1a: Garganacl
|-supereffective|p1a: Garganacl|1
|-damage|p1a: Garganacl|0 fnt
|faint|p1a: Garganacl
|
|-heal|p2a: Floette|20/100y|[from] item: Leftovers
|upkeep
|
|t:|1783649859
|switch|p1a: Rotom|Rotom-Mow, L50|27/100
|turn|5
|
|t:|1783649873
|move|p2a: Floette|Protect|p2a: Floette
|-singleturn|p2a: Floette|Protect
|move|p2b: Chesnaught|Spiky Shield|p2b: Chesnaught
|-singleturn|p2b: Chesnaught|move: Protect
|move|p1a: Rotom|Thunderbolt|p2a: Floette
|-activate|p2a: Floette|move: Protect
|move|p1b: Chandelure|Heat Wave|p2b: Chesnaught|[spread] 
|-activate|p2a: Floette|move: Protect
|-activate|p2b: Chesnaught|move: Protect
|
|-heal|p2a: Floette|26/100|[from] item: Leftovers
|upkeep
|turn|6
|
|t:|1783649890
|move|p1a: Rotom|Thunderbolt|p2a: Floette
|-damage|p2a: Floette|2/100
|move|p1b: Chandelure|Heat Wave|p2a: Floette|[spread] p2a,p2b
|-supereffective|p2b: Chesnaught|1
|-damage|p2a: Floette|0 fnt
|-damage|p2b: Chesnaught|18/100
|faint|p2a: Floette
|move|p2b: Chesnaught|Body Press|p1a: Rotom
|-damage|p1a: Rotom|0 fnt
|faint|p1a: Rotom
|
|upkeep
|
|t:|1783649900
|switch|p2a: Blastoise|Blastoise, L50, M|100/100
|turn|7
|
|t:|1783649907
|move|p2b: Chesnaught|Wide Guard|p2b: Chesnaught
|-singleturn|p2b: Chesnaught|Wide Guard
|move|p1b: Chandelure|Heat Wave|p2a: Blastoise|[spread] 
|-activate|p2a: Blastoise|move: Wide Guard
|-activate|p2b: Chesnaught|move: Wide Guard
|move|p2a: Blastoise|Yawn|p1b: Chandelure
|-start|p1b: Chandelure|move: Yawn|[of] p2a: Blastoise
|
|upkeep
|turn|8
|
|t:|1783649919
|move|p2b: Chesnaught|Wide Guard|p2b: Chesnaught
|-singleturn|p2b: Chesnaught|Wide Guard
|move|p1b: Chandelure|Heat Wave|p2a: Blastoise|[spread] 
|-activate|p2a: Blastoise|move: Wide Guard
|-activate|p2b: Chesnaught|move: Wide Guard
|move|p2a: Blastoise|Flip Turn|p1b: Chandelure
|-supereffective|p1b: Chandelure|1
|-damage|p1b: Chandelure|0 fnt
|faint|p1b: Chandelure
|
|win|SmolivStayStrong<3
|c|☆Shaboogles|GGS CERI GOAT
|c|☆SmolivStayStrong<3|GGs goat
|l|☆Shaboogles
|player|p1|
