|j|☆Megamoehre
|j|☆DrXJ13
|html|MegamoehreDrXJ13    
|uhtml|bestof|Game 3 of a best-of-3
|t:|1783268038
|gametype|doubles
|player|p1|Megamoehre|blackbelt-gen4dp|1317
|player|p2|DrXJ13|cyrus|1349
|gen|9
|tier|[Gen 9 Champions] VGC 2026 Reg M-B (Bo3)
|rated|
|rule|Species Clause: Limit one of each Pokémon
|rule|Item Clause: Limit 1 of each item
|clearpoke
|poke|p1|Grimmsnarl, L50, M|
|poke|p1|Swampert, L50, M|
|poke|p1|Pelipper, L50, M|
|poke|p1|Archaludon, L50, M|
|poke|p1|Sinistcha, L50|
|poke|p1|Metagross, L50, shiny|
|poke|p2|Froslass, L50, F|
|poke|p2|Sneasler, L50, M|
|poke|p2|Kingambit, L50, M|
|poke|p2|Scovillain, L50, F|
|poke|p2|Basculegion, L50, M|
|poke|p2|Lycanroc-Dusk, L50, F|
|teampreview|4
|showteam|p1|Grimmsnarl||LightClay|Prankster|FoulPlay,PartingShot,Reflect,LightScreen|Calm||M|||50|]Swampert||Swampertite|Damp|WaveCrash,Earthquake,IcePunch,Protect|Adamant||M|||50|]Pelipper||SitrusBerry|Drizzle|Hurricane,WeatherBall,Tailwind,WideGuard|Modest||M|||50|]Archaludon||Leftovers|Stamina|ElectroShot,DragonPulse,FlashCannon,Protect|Modest||M|||50|]Sinistcha||CobaBerry|Hospitality|MatchaGotcha,RagePowder,TrickRoom,Protect|Relaxed|||||50|]Metagross||Metagrossite|ClearBody|IronHead,PsychicFangs,BodyPress,Protect|Jolly|||||50|
|showteam|p2|Froslass||Froslassite|CursedBody|Blizzard,ShadowBall,AuroraVeil,Protect|Modest||F|||50|]Sneasler||WhiteHerb|Unburden|FakeOut,CloseCombat,DireClaw,Protect|Jolly||M|||50|]Kingambit||BlackGlasses|Defiant|SwordsDance,SuckerPunch,Protect,KowtowCleave|Adamant||M|||50|]Scovillain||Scovillainite|Moody|Overheat,GigaDrain,RagePowder,Protect|Bold||F|||50|]Basculegion||ChoiceScarf|Adaptability|AquaJet,FlipTurn,WaveCrash,LastRespects|Jolly||M|||50|]Lycanroc-Dusk||FocusSash|ToughClaws|Accelerock,CloseCombat,RockSlide,Protect|Adamant||F|||50|
|inactive|Battle timer is ON: inactive players will automatically lose when time's up. (requested by DrXJ13)
|
|t:|1783268059
|teamsize|p1|4
|teamsize|p2|4
|start
|switch|p1a: Archaludon|Archaludon, L50, M|100/100
|switch|p1b: Grimmsnarl|Grimmsnarl, L50, M|100/100
|switch|p2a: Kingambit|Kingambit, L50, M|100/100
|switch|p2b: Scovillain|Scovillain, L50, F|100/100
|turn|1
|inactive|DrXJ13 has 30 seconds left.
|
|t:|1783268085
|detailschange|p2b: Scovillain|Scovillain-Mega, L50, F
|-mega|p2b: Scovillain|Scovillain|Scovillainite
|move|p1b: Grimmsnarl|Reflect|p1b: Grimmsnarl
|-sidestart|p1: Megamoehre|Reflect
|move|p1a: Archaludon|Dragon Pulse|p2b: Scovillain
|-damage|p2b: Scovillain|61/100
|-status|p1a: Archaludon|brn|[from] ability: Spicy Spray|[of] p2b: Scovillain
|move|p2b: Scovillain|Overheat|p1a: Archaludon
|-damage|p1a: Archaludon|39/100 brn
|-unboost|p2b: Scovillain|spa|2
|-ability|p1a: Archaludon|Stamina|boost
|-boost|p1a: Archaludon|def|1
|move|p2a: Kingambit|Swords Dance|p2a: Kingambit
|-boost|p2a: Kingambit|atk|2
|
|-heal|p1a: Archaludon|45/100 brn|[from] item: Leftovers
|-damage|p1a: Archaludon|39/100 brn|[from] brn
|upkeep
|turn|2
|
|t:|1783268107
|move|p1a: Archaludon|Protect|p1a: Archaludon
|-singleturn|p1a: Archaludon|Protect
|move|p2a: Kingambit|Sucker Punch||[still]
|-fail|p2a: Kingambit
|move|p2b: Scovillain|Giga Drain|p1b: Grimmsnarl
|-damage|p1b: Grimmsnarl|86/100
|-heal|p2b: Scovillain|69/100|[from] drain|[of] p1b: Grimmsnarl
|move|p1b: Grimmsnarl|Foul Play|p2a: Kingambit
|-resisted|p2a: Kingambit|1
|-damage|p2a: Kingambit|64/100
|
|-heal|p1a: Archaludon|45/100 brn|[from] item: Leftovers
|-damage|p1a: Archaludon|39/100 brn|[from] brn
|upkeep
|turn|3
|inactive|Megamoehre has 30 seconds left.
|
|t:|1783268135
|switch|p1a: Swampert|Swampert, L50, M|100/100
|move|p2b: Scovillain|Rage Powder|p2b: Scovillain
|-singleturn|p2b: Scovillain|move: Rage Powder
|move|p1b: Grimmsnarl|Foul Play|p2b: Scovillain
|-damage|p2b: Scovillain|29/100
|-status|p1b: Grimmsnarl|brn|[from] ability: Spicy Spray|[of] p2b: Scovillain
|move|p2a: Kingambit|Kowtow Cleave|p1a: Swampert
|-damage|p1a: Swampert|23/100
|
|-damage|p1b: Grimmsnarl|80/100 brn|[from] brn
|upkeep
|turn|4
|inactive|DrXJ13 has 30 seconds left.
|inactive|Megamoehre has 30 seconds left.
|
|t:|1783268168
|switch|p1a: Archaludon|Archaludon, L50, M|39/100 brn
|switch|p2b: Sneasler|Sneasler, L50, M|100/100
|move|p2a: Kingambit|Sucker Punch||[still]
|-fail|p2a: Kingambit
|move|p1b: Grimmsnarl|Foul Play|p2a: Kingambit
|-resisted|p2a: Kingambit|1
|-damage|p2a: Kingambit|46/100
|
|-heal|p1a: Archaludon|45/100 brn|[from] item: Leftovers
|-damage|p1a: Archaludon|39/100 brn|[from] brn
|-damage|p1b: Grimmsnarl|74/100 brn|[from] brn
|upkeep
|turn|5
|
|t:|1783268187
|switch|p1a: Pelipper|Pelipper, L50, M|100/100
|-weather|RainDance|[from] ability: Drizzle|[of] p1a: Pelipper
|move|p2a: Kingambit|Sucker Punch||[still]
|-fail|p2a: Kingambit
|move|p2b: Sneasler|Dire Claw|p1b: Grimmsnarl
|-supereffective|p1b: Grimmsnarl|1
|-damage|p1b: Grimmsnarl|28/100 brn
|move|p1b: Grimmsnarl|Foul Play|p2a: Kingambit
|-resisted|p2a: Kingambit|1
|-damage|p2a: Kingambit|27/100
|
|-weather|RainDance|[upkeep]
|-damage|p1b: Grimmsnarl|22/100 brn|[from] brn
|upkeep
|turn|6
|
|t:|1783268204
|switch|p2b: Scovillain|Scovillain-Mega, L50, F|29/100
|move|p2a: Kingambit|Protect|p2a: Kingambit
|-singleturn|p2a: Kingambit|Protect
|move|p1a: Pelipper|Hurricane|p2b: Scovillain
|-supereffective|p2b: Scovillain|1
|-damage|p2b: Scovillain|0 fnt
|-status|p1a: Pelipper|brn|[from] ability: Spicy Spray|[of] p2b: Scovillain
|faint|p2b: Scovillain
|move|p1b: Grimmsnarl|Foul Play|p2a: Kingambit
|-activate|p2a: Kingambit|move: Protect
|
|-weather|RainDance|[upkeep]
|-damage|p1a: Pelipper|94/100 brn|[from] brn
|-damage|p1b: Grimmsnarl|16/100 brn|[from] brn
|upkeep
|
|t:|1783268220
|switch|p2b: Sneasler|Sneasler, L50, M|100/100
|turn|7
|
|t:|1783268240
|move|p2b: Sneasler|Fake Out|p1a: Pelipper
|-damage|p1a: Pelipper|85/100 brn
|cant|p1a: Pelipper|flinch
|move|p1b: Grimmsnarl|Foul Play|p2a: Kingambit
|-resisted|p2a: Kingambit|1
|-damage|p2a: Kingambit|7/100
|move|p2a: Kingambit|Kowtow Cleave|p1a: Pelipper
|-damage|p1a: Pelipper|0 fnt
|faint|p1a: Pelipper
|
|-weather|RainDance|[upkeep]
|-damage|p1b: Grimmsnarl|10/100 brn|[from] brn
|upkeep
|
|t:|1783268252
|switch|p1a: Swampert|Swampert, L50, M|23/100
|turn|8
|
|t:|1783268266
|detailschange|p1a: Swampert|Swampert-Mega, L50, M
|-mega|p1a: Swampert|Swampert|Swampertite
|move|p1b: Grimmsnarl|Light Screen|p1b: Grimmsnarl
|-sidestart|p1: Megamoehre|move: Light Screen
|move|p2a: Kingambit|Sucker Punch|p1a: Swampert
|-damage|p1a: Swampert|0 fnt
|faint|p1a: Swampert
|move|p2b: Sneasler|Dire Claw|p1b: Grimmsnarl
|-supereffective|p1b: Grimmsnarl|1
|-damage|p1b: Grimmsnarl|0 fnt
|-fail|p1b: Grimmsnarl
|faint|p1b: Grimmsnarl
|
|-weather|RainDance|[upkeep]
|-sideend|p1: Megamoehre|Reflect
|upkeep
|
|t:|1783268284
|switch|p1b: Archaludon|Archaludon, L50, M|39/100 brn
|turn|9
|
|t:|1783268292
|move|p2b: Sneasler|Close Combat|p1b: Archaludon
|-supereffective|p1b: Archaludon|1
|-damage|p1b: Archaludon|0 fnt
|-unboost|p2b: Sneasler|def|1
|-unboost|p2b: Sneasler|spd|1
|faint|p1b: Archaludon
|
|win|DrXJ13
