|j|☆iflamercenar
|j|☆gargatest
|html|iflamercenargargatest    
|uhtml|bestof|Game 1 of a best-of-3
|t:|1756557195
|gametype|doubles
|player|p1|iflamercenar|acetrainer-gen4dp|1254
|player|p2|gargatest|cyclist|1153
|gen|9
|tier|[Gen 9] VGC 2025 Reg H (Bo3)
|rated|
|rule|Species Clause: Limit one of each Pokémon
|rule|Item Clause: Limit 1 of each item
|clearpoke
|poke|p1|Sneasler, L50, F|
|poke|p1|Volcarona, L50, F|
|poke|p1|Dragonite, L50, F|
|poke|p1|Rillaboom, L50, F|
|poke|p1|Maushold-Four, L50|
|poke|p1|Gholdengo, L50|
|poke|p2|Gyarados, L50, M|
|poke|p2|Sneasler, L50, M|
|poke|p2|Indeedee, L50, M|
|poke|p2|Volcarona, L50, F|
|poke|p2|Ursaluna-Bloodmoon, L50, M|
|poke|p2|Tyranitar, L50, M|
|teampreview|4
|showteam|p1|Sneasler||GrassySeed|Unburden|DireClaw,CloseCombat,ThroatChop,Protect|||F|||50|,,,,,Dark]Volcarona||Leftovers|FlameBody|HeatWave,QuiverDance,TeraBlast,Protect|||F|||50|,,,,,Fairy]Dragonite||LoadedDice|Multiscale|ScaleShot,ExtremeSpeed,Haze,Protect|||F|||50|,,,,,Steel]Rillaboom||AssaultVest|GrassySurge|WoodHammer,GrassyGlide,HighHorsepower,FakeOut|||F|||50|,,,,,Fire]Maushold-Four||WideLens|FriendGuard|FollowMe,Taunt,PopulationBomb,Protect||||||50|,,,,,Ghost]Gholdengo||SitrusBerry|GoodasGold|MakeItRain,ShadowBall,NastyPlot,Protect||||||50|,,,,,Water
|showteam|p2|Gyarados||SafetyGoggles|Intimidate|Taunt,ThunderWave,Waterfall,Protect|||M|||50|,,,,,Steel]Sneasler||PsychicSeed|Unburden|CloseCombat,DireClaw,ThroatChop,Protect|||M|||50|,,,,,Dark]Indeedee||ChoiceScarf|PsychicSurge|ExpandingForce,TeraBlast,Trick,Protect|||M|||50|,,,,,Psychic]Volcarona||SitrusBerry|FlameBody|Overheat,StruggleBug,RagePowder,Tailwind|||F|||50|,,,,,Grass]Ursaluna-Bloodmoon||LifeOrb|MindsEye|HyperVoice,BloodMoon,EarthPower,Protect|||M|||50|,,,,,Normal]Tyranitar||AssaultVest|SandStream|LowKick,TeraBlast,KnockOff,RockSlide|||M|||50|,,,,,Flying
|inactive|Battle timer is ON: inactive players will automatically lose when time's up. (requested by iflamercenar)
|
|t:|1756557286
|teamsize|p1|4
|teamsize|p2|4
|start
|switch|p1a: Rillaboom|Rillaboom, L50, F|100/100
|switch|p1b: Sneasler|Sneasler, L50, F|100/100
|switch|p2a: Gyarados|Gyarados, L50, M, shiny|100/100
|switch|p2b: Volcarona|Volcarona, L50, F, shiny|100/100
|-fieldstart|move: Grassy Terrain|[from] ability: Grassy Surge|[of] p1a: Rillaboom
|-enditem|p1b: Sneasler|Grassy Seed
|-boost|p1b: Sneasler|def|1|[from] item: Grassy Seed
|-ability|p2a: Gyarados|Intimidate|boost
|-unboost|p1a: Rillaboom|atk|1
|-unboost|p1b: Sneasler|atk|1
|turn|1
|
|t:|1756557306
|-terastallize|p1a: Rillaboom|Fire
|move|p1a: Rillaboom|Fake Out|p2a: Gyarados
|-damage|p2a: Gyarados|93/100
|move|p1b: Sneasler|Dire Claw|p2a: Gyarados
|-crit|p2a: Gyarados
|-damage|p2a: Gyarados|39/100
|move|p2b: Volcarona|Tailwind|p2b: Volcarona
|-sidestart|p2: gargatest|move: Tailwind
|cant|p2a: Gyarados|flinch
|
|upkeep
|turn|2
|inactive|gargatest has 30 seconds left.
|
|t:|1756557339
|move|p1a: Rillaboom|Grassy Glide|p2a: Gyarados
|-crit|p2a: Gyarados
|-damage|p2a: Gyarados|0 fnt
|faint|p2a: Gyarados
|move|p1b: Sneasler|Dire Claw|p2b: Volcarona
|-damage|p2b: Volcarona|63/100
|-status|p2b: Volcarona|slp
|cant|p2b: Volcarona|slp
|
|-heal|p2b: Volcarona|69/100 slp|[from] Grassy Terrain
|upkeep
|
|t:|1756557348
|switch|p2a: Tyranitar|Tyranitar, L50, M, shiny|100/100
|-weather|Sandstorm|[from] ability: Sand Stream|[of] p2a: Tyranitar
|turn|3
|inactive|gargatest has 30 seconds left.
|inactive|gargatest has 20 seconds left.
|inactive|gargatest has 15 seconds left.
|inactive|gargatest has 10 seconds left.
|inactive|gargatest has 5 seconds left.
|
|t:|1756557403
|move|p1b: Sneasler|Dire Claw|p2a: Tyranitar
|-resisted|p2a: Tyranitar
|-damage|p2a: Tyranitar|89/100
|-status|p2a: Tyranitar|par
|-curestatus|p2b: Volcarona|slp|[msg]
|move|p2b: Volcarona|Overheat|p1a: Rillaboom
|-resisted|p1a: Rillaboom
|-damage|p1a: Rillaboom|77/100
|-unboost|p2b: Volcarona|spa|2
|move|p1a: Rillaboom|High Horsepower|p2b: Volcarona
|-damage|p2b: Volcarona|42/100
|-enditem|p2b: Volcarona|Sitrus Berry|[eat]
|-heal|p2b: Volcarona|67/100|[from] item: Sitrus Berry
|move|p2a: Tyranitar|Low Kick|p1a: Rillaboom
|-damage|p1a: Rillaboom|48/100
|
|-weather|Sandstorm|[upkeep]
|-damage|p1b: Sneasler|95/100|[from] Sandstorm
|-damage|p2b: Volcarona|60/100|[from] Sandstorm
|-damage|p1a: Rillaboom|42/100|[from] Sandstorm
|-heal|p1b: Sneasler|100/100|[from] Grassy Terrain
|-heal|p2b: Volcarona|67/100|[from] Grassy Terrain
|-heal|p1a: Rillaboom|48/100|[from] Grassy Terrain
|-heal|p2a: Tyranitar|95/100 par|[from] Grassy Terrain
|upkeep
|turn|4
|inactive|gargatest has 30 seconds left.
|inactive|gargatest has 20 seconds left.
|inactive|gargatest has 15 seconds left.
|
|t:|1756557445
|move|p1b: Sneasler|Close Combat|p2a: Tyranitar
|-supereffective|p2a: Tyranitar
|-damage|p2a: Tyranitar|0 fnt
|-unboost|p1b: Sneasler|def|1
|-unboost|p1b: Sneasler|spd|1
|faint|p2a: Tyranitar
|move|p2b: Volcarona|Overheat|p1b: Sneasler
|-damage|p1b: Sneasler|36/100
|-unboost|p2b: Volcarona|spa|2
|move|p1a: Rillaboom|High Horsepower|p2b: Volcarona
|-damage|p2b: Volcarona|40/100
|
|-weather|Sandstorm|[upkeep]
|-damage|p1b: Sneasler|31/100|[from] Sandstorm
|-damage|p2b: Volcarona|34/100|[from] Sandstorm
|-damage|p1a: Rillaboom|42/100|[from] Sandstorm
|-heal|p1b: Sneasler|36/100|[from] Grassy Terrain
|-heal|p2b: Volcarona|40/100|[from] Grassy Terrain
|-heal|p1a: Rillaboom|48/100|[from] Grassy Terrain
|-sideend|p2: gargatest|move: Tailwind
|upkeep
|inactive|gargatest has 30 seconds left.
|inactive|gargatest has 20 seconds left.
|
|t:|1756557482
|switch|p2a: Sneasler|Sneasler, L50, M|100/100
|turn|5
|
|t:|1756557502
|move|p1b: Sneasler|Dire Claw|p2b: Volcarona
|-damage|p2b: Volcarona|6/100
|-status|p2b: Volcarona|slp
|-status|p1b: Sneasler|brn|[from] ability: Flame Body|[of] p2b: Volcarona
|move|p2a: Sneasler|Close Combat|p1a: Rillaboom
|-damage|p1a: Rillaboom|0 fnt
|-unboost|p2a: Sneasler|def|1
|-unboost|p2a: Sneasler|spd|1
|faint|p1a: Rillaboom
|cant|p2b: Volcarona|slp
|
|-weather|Sandstorm|[upkeep]
|-damage|p1b: Sneasler|31/100 brn|[from] Sandstorm
|-damage|p2a: Sneasler|95/100|[from] Sandstorm
|-damage|p2b: Volcarona|0 fnt|[from] Sandstorm
|faint|p2b: Volcarona
|-heal|p1b: Sneasler|36/100 brn|[from] Grassy Terrain
|-heal|p2a: Sneasler|100/100|[from] Grassy Terrain
|-damage|p1b: Sneasler|31/100 brn|[from] brn
|-fieldend|move: Grassy Terrain
|upkeep
|
|t:|1756557511
|switch|p1a: Volcarona|Volcarona, L50, F|100/100
|turn|6
|inactive|gargatest has 30 seconds left.
|inactive|gargatest has 20 seconds left.
|inactive|gargatest has 15 seconds left.
|inactive|gargatest has 10 seconds left.
|inactive|gargatest has 5 seconds left.
|-message|gargatest forfeited.
|
|win|iflamercenar
||gargatest is ready for game 2.
||iflamercenar is ready for game 2.
|uhtml|next|Next: Game 2 of 3
|l|☆iflamercenar
|player|p1|
