|j|☆robotarmadillo
|j|☆Xto80
|html|robotarmadilloXto80    
|uhtml|bestof|Game 3 of a best-of-3
|t:|1783186457
|gametype|doubles
|player|p1|robotarmadillo|youngster-gen4dp|
|player|p2|Xto80|lucas|
|gen|9
|tier|[Gen 9 Champions] VGC 2026 Reg M-B (Bo3)
|rule|Species Clause: Limit one of each Pokémon
|rule|Item Clause: Limit 1 of each item
|clearpoke
|poke|p1|Excadrill, L50, M|
|poke|p1|Blastoise, L50, M|
|poke|p1|Gliscor, L50, M|
|poke|p1|Greninja, L50, M|
|poke|p1|Floette-Eternal, L50, F|
|poke|p1|Tyrantrum, L50, F|
|poke|p2|Lucario, L50, M|
|poke|p2|Pelipper, L50, M|
|poke|p2|Archaludon, L50, F|
|poke|p2|Mimikyu, L50, M|
|poke|p2|Toxicroak, L50, M|
|poke|p2|Appletun, L50, M|
|teampreview|4
|showteam|p1|Excadrill||FocusSash|SandRush|Sandstorm,Earthquake,XScissor,IronHead|Adamant||M|||50|]Blastoise||WhiteHerb|RainDish|AquaJet,FakeOut,ShellSmash,Liquidation|Adamant||M|||50|]Gliscor||MentalHerb|SandVeil|Tailwind,ToxicSpikes,KnockOff,Sandstorm|Careful||M|||50|]Greninja||Greninjite|Protean|SludgeWave,Protect,IceBeam,WaterShuriken|Timid||M|||50|]Floette-Eternal||Floettite|FlowerVeil|Moonblast,EnergyBall,Protect,Psychic|Timid||F|||50|]Tyrantrum||ExpertBelt|StrongJaw|ThunderFang,CloseCombat,DracoMeteor,RockSlide|Naughty||F|||50|
|showteam|p2|Lucario||Lucarionite|InnerFocus|CloseCombat,BulletPunch,MeteorMash,Detect|Jolly||M|||50|]Pelipper||FocusSash|Drizzle|Hurricane,Tailwind,Protect,WeatherBall|Bold||M|||50|]Archaludon||ExpertBelt|Stamina|ElectroShot,FlashCannon,DracoMeteor,Snarl|Timid||F|||50|]Mimikyu||MentalHerb|Disguise|TrickRoom,PlayRough,WillOWisp,ShadowSneak|Sassy||M|||50|]Toxicroak||LifeOrb|DrySkin|FakeOut,GunkShot,DrainPunch,SuckerPunch|Jolly||M|||50|]Appletun||Leftovers|ThickFat|AppleAcid,DragonPulse,Recover,Protect|Calm||M|||50|
|
|t:|1783186563
|teamsize|p1|4
|teamsize|p2|4
|start
|switch|p1a: Excadrill|Excadrill, L50, M|100/100
|switch|p1b: Gliscor|Gliscor, L50, M|100/100
|switch|p2a: Pelipper|Pelipper, L50, M|100/100
|switch|p2b: Lucario|Lucario, L50, M|100/100
|-weather|RainDance|[from] ability: Drizzle|[of] p2a: Pelipper
|turn|1
|
|t:|1783186614
|detailschange|p2b: Lucario|Lucario-Mega, L50, M
|-mega|p2b: Lucario|Lucario|Lucarionite
|move|p2b: Lucario|Close Combat|p1a: Excadrill
|-supereffective|p1a: Excadrill|1
|-enditem|p1a: Excadrill|Focus Sash
|-damage|p1a: Excadrill|1/100
|-unboost|p2b: Lucario|def|1
|-unboost|p2b: Lucario|spd|1
|move|p1a: Excadrill|Earthquake|p2b: Lucario|[spread] p2b
|-immune|p1b: Gliscor
|-immune|p2a: Pelipper
|-supereffective|p2b: Lucario|1
|-damage|p2b: Lucario|0 fnt
|faint|p2b: Lucario
|move|p1b: Gliscor|Tailwind|p1b: Gliscor
|-sidestart|p1: robotarmadillo|move: Tailwind
|move|p2a: Pelipper|Weather Ball|p1b: Gliscor
|-supereffective|p1b: Gliscor|1
|-crit|p1b: Gliscor
|-damage|p1b: Gliscor|0 fnt
|faint|p1b: Gliscor
|
|-weather|RainDance|[upkeep]
|upkeep
|
|t:|1783186704
|switch|p2b: Archaludon|Archaludon, L50, F|100/100
|switch|p1b: Blastoise|Blastoise, L50, M|100/100
|turn|2
|
|t:|1783186778
|move|p1b: Blastoise|Fake Out|p2b: Archaludon
|-resisted|p2b: Archaludon|1
|-damage|p2b: Archaludon|94/100
|-ability|p2b: Archaludon|Stamina|boost
|-boost|p2b: Archaludon|def|1
|move|p1a: Excadrill|Earthquake|p2b: Archaludon|[spread] p1b,p2b
|-immune|p2a: Pelipper
|-supereffective|p2b: Archaludon|1
|-damage|p1b: Blastoise|51/100
|-damage|p2b: Archaludon|47/100
|-ability|p2b: Archaludon|Stamina|boost
|-boost|p2b: Archaludon|def|1
|cant|p2b: Archaludon|flinch
|move|p2a: Pelipper|Weather Ball|p1a: Excadrill
|-supereffective|p1a: Excadrill|1
|-damage|p1a: Excadrill|0 fnt
|faint|p1a: Excadrill
|
|-weather|RainDance|[upkeep]
|-heal|p1b: Blastoise|57/100|[from] ability: Rain Dish
|upkeep
|
|t:|1783186843
|switch|p1a: Floette|Floette-Eternal, L50, F|100/100
|turn|3
|
|t:|1783186910
|detailschange|p1a: Floette|Floette-Mega, L50, F
|-mega|p1a: Floette|Floette|Floettite
|-ability|p1a: Floette|Fairy Aura
|move|p1a: Floette|Moonblast|p2b: Archaludon
|-crit|p2b: Archaludon
|-damage|p2b: Archaludon|0 fnt
|faint|p2b: Archaludon
|move|p1b: Blastoise|Liquidation|p2a: Pelipper
|-resisted|p2a: Pelipper|1
|-damage|p2a: Pelipper|80/100
|move|p2a: Pelipper|Hurricane|p1a: Floette
|-damage|p1a: Floette|67/100
|-start|p1a: Floette|confusion
|
|-weather|RainDance|[upkeep]
|-heal|p1b: Blastoise|62/100|[from] ability: Rain Dish
|upkeep
|
|t:|1783186927
|switch|p2b: Mimikyu|Mimikyu, L50, M|100/100
|turn|4
|
|t:|1783187025
|move|p1b: Blastoise|Aqua Jet|p2b: Mimikyu
|-activate|p2b: Mimikyu|ability: Disguise
|-damage|p2b: Mimikyu|100/100
|detailschange|p2b: Mimikyu|Mimikyu-Busted, L50, M
|-damage|p2b: Mimikyu|87/100|[from] pokemon: Mimikyu-Busted
|-activate|p1a: Floette|confusion
|move|p1a: Floette|Moonblast|p2a: Pelipper
|-damage|p2a: Pelipper|0 fnt
|faint|p2a: Pelipper
|move|p2b: Mimikyu|Play Rough|p1a: Floette
|-damage|p1a: Floette|13/100
|
|-weather|RainDance|[upkeep]
|-heal|p1b: Blastoise|68/100|[from] ability: Rain Dish
|-sideend|p1: robotarmadillo|move: Tailwind
|upkeep
|turn|5
|
|t:|1783187119
|-end|p1a: Floette|confusion
|move|p1a: Floette|Protect|p1a: Floette
|-singleturn|p1a: Floette|Protect
|move|p2b: Mimikyu|Shadow Sneak|p1a: Floette
|-activate|p1a: Floette|move: Protect
|move|p1b: Blastoise|Shell Smash|p1b: Blastoise
|-unboost|p1b: Blastoise|def|1
|-unboost|p1b: Blastoise|spd|1
|-boost|p1b: Blastoise|atk|2
|-boost|p1b: Blastoise|spa|2
|-boost|p1b: Blastoise|spe|2
|-enditem|p1b: Blastoise|White Herb
|-clearnegativeboost|p1b: Blastoise|[silent]
|
|-weather|none
|upkeep
|turn|6
|
|t:|1783187166
|move|p2b: Mimikyu|Shadow Sneak|p1a: Floette
|-damage|p1a: Floette|0 fnt
|faint|p1a: Floette
|move|p1b: Blastoise|Liquidation|p2b: Mimikyu
|-damage|p2b: Mimikyu|0 fnt
|faint|p2b: Mimikyu
|
|win|robotarmadillo
