|j|☆znivs
|j|☆OssiGT
|html|znivsOssiGT    
|uhtml|bestof|Game 3 of a best-of-3
|t:|1784628371
|gametype|doubles
|player|p1|znivs|169|1229
|player|p2|OssiGT|hilbert-wonderlauncher|1308
|gen|9
|tier|[Gen 9 Champions] VGC 2026 Reg M-B (Bo3)
|rated|
|rule|Species Clause: Limit one of each Pokémon
|rule|Item Clause: Limit 1 of each item
|clearpoke
|poke|p1|Venusaur, L50, M|
|poke|p1|Charizard, L50, M|
|poke|p1|Grimmsnarl, L50, M|
|poke|p1|Archaludon, L50, F|
|poke|p1|Basculegion, L50, M|
|poke|p1|Pelipper, L50, M|
|poke|p2|Raichu, L50, M|
|poke|p2|Mawile, L50, M|
|poke|p2|Sinistcha, L50|
|poke|p2|Ceruledge, L50, M|
|poke|p2|Milotic, L50, F|
|poke|p2|Incineroar, L50, F|
|teampreview|4
|showteam|p1|Venusaur||FocusSash|Chlorophyll|SludgeBomb,EarthPower,Protect,SleepPowder|Modest||M|||50|]Charizard||CharizarditeY|SolarPower|Protect,HeatWave,SolarBeam,WeatherBall|Modest||M|||50|]Grimmsnarl||LightClay|Prankster|SpiritBreak,Reflect,LightScreen,PartingShot|Sassy||M|||50|]Archaludon||Leftovers|Stamina|ElectroShot,Protect,FlashCannon,DragonPulse|Calm||F|||50|]Basculegion||ChoiceScarf|Adaptability|WaveCrash,LastRespects,AquaJet,FlipTurn|Jolly||M|||50|]Pelipper||SitrusBerry|Drizzle|WeatherBall,Hurricane,Tailwind,WideGuard|Modest||M|||50|
|showteam|p2|Raichu||RaichuniteY|LightningRod|ZapCannon,FocusBlast,FakeOut,Protect|Timid||M|||50|]Mawile||Mawilite|HyperCutter|PlayRough,SuckerPunch,SwordsDance,Protect|Adamant||M|||50|]Sinistcha||KasibBerry|Hospitality|MatchaGotcha,LifeDew,RagePowder,Protect|Relaxed|||||50|]Ceruledge||ColburBerry|FlashFire|BitterBlade,ShadowSneak,BulkUp,Protect|Adamant||M|||50|]Milotic||Leftovers|Competitive|MuddyWater,Coil,Hypnosis,Protect|Calm||F|||50|]Incineroar||SitrusBerry|Intimidate|FlareBlitz,ThroatChop,FakeOut,PartingShot|Impish||F|||50|
|inactive|Battle timer is ON: inactive players will automatically lose when time's up. (requested by znivs)
|inactive|znivs has 60 seconds left.
|
|t:|1784628420
|teamsize|p1|4
|teamsize|p2|4
|start
|switch|p1a: Charizard|Charizard, L50, M|100/100
|switch|p1b: Grimmsnarl|Grimmsnarl, L50, M|100/100
|switch|p2a: Milotic|Milotic, L50, F|100/100
|switch|p2b: Incineroar|Incineroar, L50, F|100/100
|-ability|p2b: Incineroar|Intimidate|boost
|-unboost|p1a: Charizard|atk|1
|-unboost|p1b: Grimmsnarl|atk|1
|turn|1
|
|t:|1784628433
|detailschange|p1a: Charizard|Charizard-Mega-Y, L50, M
|-mega|p1a: Charizard|Charizard|Charizardite Y
|-weather|SunnyDay|[from] ability: Drought|[of] p1a: Charizard
|move|p2b: Incineroar|Fake Out|p1a: Charizard
|-damage|p1a: Charizard|88/100
|move|p1b: Grimmsnarl|Light Screen|p1b: Grimmsnarl
|-sidestart|p1: znivs|move: Light Screen
|cant|p1a: Charizard|flinch
|move|p2a: Milotic|Coil|p2a: Milotic
|-boost|p2a: Milotic|atk|1
|-boost|p2a: Milotic|def|1
|-boost|p2a: Milotic|accuracy|1
|
|-weather|SunnyDay|[upkeep]
|upkeep
|turn|2
|
|t:|1784628449
|move|p2a: Milotic|Protect|p2a: Milotic
|-singleturn|p2a: Milotic|Protect
|move|p1a: Charizard|Weather Ball|p2b: Incineroar
|-resisted|p2b: Incineroar|1
|-damage|p2b: Incineroar|63/100
|move|p2b: Incineroar|Parting Shot|p1a: Charizard
|-unboost|p1a: Charizard|atk|1
|-unboost|p1a: Charizard|spa|1
|
|t:|1784628458
|switch|p2b: Raichu|Raichu, L50, M|100/100|[from] Parting Shot
|move|p1b: Grimmsnarl|Spirit Break|p2b: Raichu
|-damage|p2b: Raichu|70/100
|-unboost|p2b: Raichu|spa|1
|
|-weather|SunnyDay|[upkeep]
|upkeep
|turn|3
|
|t:|1784628472
|switch|p1a: Venusaur|Venusaur, L50, M|100/100
|move|p2b: Raichu|Fake Out|p1a: Venusaur
|-damage|p1a: Venusaur|90/100
|move|p1b: Grimmsnarl|Parting Shot|p2b: Raichu
|-unboost|p2b: Raichu|atk|1
|-unboost|p2b: Raichu|spa|1
|
|t:|1784628479
|switch|p1b: Charizard|Charizard-Mega-Y, L50, M|88/100|[from] Parting Shot
|move|p2a: Milotic|Hypnosis|p1b: Charizard|[miss]
|-miss|p2a: Milotic|p1b: Charizard
|
|-weather|SunnyDay|[upkeep]
|upkeep
|turn|4
|
|t:|1784628498
|switch|p2b: Incineroar|Incineroar, L50, F|63/100
|-ability|p2b: Incineroar|Intimidate|boost
|-unboost|p1a: Venusaur|atk|1
|-unboost|p1b: Charizard|atk|1
|move|p2a: Milotic|Protect|p2a: Milotic
|-singleturn|p2a: Milotic|Protect
|move|p1a: Venusaur|Earth Power|p2b: Incineroar
|-supereffective|p2b: Incineroar|1
|-damage|p2b: Incineroar|12/100
|-enditem|p2b: Incineroar|Sitrus Berry|[eat]
|-heal|p2b: Incineroar|37/100|[from] item: Sitrus Berry
|move|p1b: Charizard|Solar Beam||[still]
|-prepare|p1b: Charizard|Solar Beam
|-anim|p1b: Charizard|Solar Beam|p2a: Milotic
|-activate|p2a: Milotic|move: Protect
|
|-weather|SunnyDay|[upkeep]
|upkeep
|turn|5
|
|t:|1784628512
|move|p2b: Incineroar|Fake Out|p1a: Venusaur
|-damage|p1a: Venusaur|77/100
|cant|p1a: Venusaur|flinch
|move|p1b: Charizard|Solar Beam||[still]
|-prepare|p1b: Charizard|Solar Beam
|-anim|p1b: Charizard|Solar Beam|p2a: Milotic
|-supereffective|p2a: Milotic|1
|-damage|p2a: Milotic|34/100
|move|p2a: Milotic|Hypnosis|p1b: Charizard
|-status|p1b: Charizard|slp|[from] move: Hypnosis
|
|-weather|none
|-heal|p2a: Milotic|40/100|[from] item: Leftovers
|upkeep
|turn|6
|inactive|znivs has 30 seconds left.
|
|t:|1784628538
|switch|p1b: Grimmsnarl|Grimmsnarl, L50, M|100/100
|switch|p2b: Sinistcha|Sinistcha, L50|100/100
|-heal|p2a: Milotic|65/100|[from] ability: Hospitality|[of] p2b: Sinistcha
|move|p1a: Venusaur|Protect|p1a: Venusaur
|-singleturn|p1a: Venusaur|Protect
|move|p2a: Milotic|Hypnosis|p1a: Venusaur
|-activate|p1a: Venusaur|move: Protect
|
|-heal|p2a: Milotic|71/100|[from] item: Leftovers
|upkeep
|turn|7
|
|t:|1784628555
|switch|p1b: Charizard|Charizard-Mega-Y, L50, M|88/100 slp
|-weather|SunnyDay|[from] ability: Drought|[of] p1b: Charizard
|move|p1a: Venusaur|Sleep Powder|p2a: Milotic
|-status|p2a: Milotic|slp|[from] move: Sleep Powder
|cant|p2a: Milotic|slp
|move|p2b: Sinistcha|Life Dew||[still]|[spread] p2a,p2b
|-heal|p2a: Milotic|96/100 slp
|-fail|p2b: Sinistcha|heal
|
|-weather|SunnyDay|[upkeep]
|-heal|p2a: Milotic|100/100 slp|[from] item: Leftovers
|upkeep
|turn|8
|
|t:|1784628575
|move|p2b: Sinistcha|Protect|p2b: Sinistcha
|-singleturn|p2b: Sinistcha|Protect
|move|p1a: Venusaur|Sludge Bomb|p2b: Sinistcha
|-activate|p2b: Sinistcha|move: Protect
|cant|p1b: Charizard|slp
|cant|p2a: Milotic|slp
|
|-weather|SunnyDay|[upkeep]
|-sideend|p1: znivs|move: Light Screen
|upkeep
|turn|9
|
|t:|1784628595
|switch|p2b: Incineroar|Incineroar, L50, F|37/100
|-ability|p2b: Incineroar|Intimidate|boost
|-unboost|p1a: Venusaur|atk|1
|-unboost|p1b: Charizard|atk|1
|move|p1a: Venusaur|Sludge Bomb|p2a: Milotic
|-damage|p2a: Milotic|71/100 slp
|cant|p1b: Charizard|slp
|-curestatus|p2a: Milotic|slp|[msg]
|move|p2a: Milotic|Hypnosis|p1a: Venusaur
|-status|p1a: Venusaur|slp|[from] move: Hypnosis
|
|-weather|SunnyDay|[upkeep]
|-heal|p2a: Milotic|77/100|[from] item: Leftovers
|upkeep
|turn|10
|
|t:|1784628611
|cant|p1a: Venusaur|slp
|-curestatus|p1b: Charizard|slp|[msg]
|move|p1b: Charizard|Solar Beam||[still]
|-prepare|p1b: Charizard|Solar Beam
|-anim|p1b: Charizard|Solar Beam|p2a: Milotic
|-supereffective|p2a: Milotic|1
|-damage|p2a: Milotic|13/100
|move|p2a: Milotic|Hypnosis|p1b: Charizard
|-status|p1b: Charizard|slp|[from] move: Hypnosis
|move|p2b: Incineroar|Parting Shot|p1a: Venusaur
|-unboost|p1a: Venusaur|atk|1
|-unboost|p1a: Venusaur|spa|1
|
|t:|1784628624
|switch|p2b: Raichu|Raichu, L50, M|70/100|[from] Parting Shot
|
|-weather|SunnyDay|[upkeep]
|-heal|p2a: Milotic|19/100|[from] item: Leftovers
|upkeep
|turn|11
|
|t:|1784628632
|switch|p1b: Grimmsnarl|Grimmsnarl, L50, M|100/100
|detailschange|p2b: Raichu|Raichu-Mega-Y, L50, M
|-mega|p2b: Raichu|Raichu|Raichunite Y
|cant|p1a: Venusaur|slp
|move|p2b: Raichu|Zap Cannon|p1b: Grimmsnarl
|-damage|p1b: Grimmsnarl|47/100
|-status|p1b: Grimmsnarl|par
|move|p2a: Milotic|Coil|p2a: Milotic
|-boost|p2a: Milotic|atk|1
|-boost|p2a: Milotic|def|1
|-boost|p2a: Milotic|accuracy|1
|
|-weather|none
|-heal|p2a: Milotic|25/100|[from] item: Leftovers
|upkeep
|turn|12
|
|t:|1784628646
|switch|p2b: Sinistcha|Sinistcha, L50|100/100
|-heal|p2a: Milotic|50/100y|[from] ability: Hospitality|[of] p2b: Sinistcha
|move|p2a: Milotic|Protect|p2a: Milotic
|-singleturn|p2a: Milotic|Protect
|move|p1b: Grimmsnarl|Light Screen|p1b: Grimmsnarl
|-sidestart|p1: znivs|move: Light Screen
|-curestatus|p1a: Venusaur|slp|[msg]
|move|p1a: Venusaur|Earth Power|p2b: Sinistcha
|-resisted|p2b: Sinistcha|1
|-damage|p2b: Sinistcha|91/100
|
|-heal|p2a: Milotic|55/100|[from] item: Leftovers
|upkeep
|turn|13
|
|t:|1784628660
|switch|p1a: Charizard|Charizard-Mega-Y, L50, M|88/100 slp
|-weather|SunnyDay|[from] ability: Drought|[of] p1a: Charizard
|move|p1b: Grimmsnarl|Parting Shot|p2b: Sinistcha
|-unboost|p2b: Sinistcha|atk|1
|-unboost|p2b: Sinistcha|spa|1
|
|t:|1784628667
|switch|p1b: Venusaur|Venusaur, L50, M|77/100|[from] Parting Shot
|move|p2a: Milotic|Muddy Water|p1b: Venusaur|[spread] p1a,p1b
|-supereffective|p1a: Charizard|1
|-resisted|p1b: Venusaur|1
|-damage|p1a: Charizard|74/100 slp
|-damage|p1b: Venusaur|73/100
|move|p2b: Sinistcha|Life Dew|p2b: Sinistcha|[spread] p2a,p2b
|-heal|p2a: Milotic|81/100
|-heal|p2b: Sinistcha|100/100
|
|-weather|SunnyDay|[upkeep]
|-heal|p2a: Milotic|87/100|[from] item: Leftovers
|upkeep
|turn|14
|
|t:|1784628686
|switch|p2b: Raichu|Raichu-Mega-Y, L50, M|70/100
|move|p1b: Venusaur|Sludge Bomb|p2a: Milotic
|-damage|p2a: Milotic|60/100
|cant|p1a: Charizard|slp
|move|p2a: Milotic|Hypnosis|p1b: Venusaur
|-status|p1b: Venusaur|slp|[from] move: Hypnosis
|
|-weather|SunnyDay|[upkeep]
|-heal|p2a: Milotic|66/100|[from] item: Leftovers
|upkeep
|turn|15
|
|t:|1784628699
|-curestatus|p1a: Charizard|slp|[msg]
|move|p1a: Charizard|Protect|p1a: Charizard
|-singleturn|p1a: Charizard|Protect
|cant|p1b: Venusaur|slp
|move|p2b: Raichu|Zap Cannon|p1a: Charizard
|-activate|p1a: Charizard|move: Protect
|move|p2a: Milotic|Muddy Water|p1b: Venusaur|[spread] p1b
|-activate|p1a: Charizard|move: Protect
|-resisted|p1b: Venusaur|1
|-damage|p1b: Venusaur|68/100 slp
|-unboost|p1b: Venusaur|accuracy|1
|
|-weather|SunnyDay|[upkeep]
|-heal|p2a: Milotic|72/100|[from] item: Leftovers
|upkeep
|turn|16
|
|t:|1784628711
|switch|p1a: Grimmsnarl|Grimmsnarl, L50, M|47/100 par
|cant|p1b: Venusaur|slp
|move|p2b: Raichu|Zap Cannon|p1a: Grimmsnarl
|-damage|p1a: Grimmsnarl|11/100 par
|move|p2a: Milotic|Muddy Water|p1b: Venusaur|[spread] p1a,p1b
|-resisted|p1b: Venusaur|1
|-damage|p1a: Grimmsnarl|4/100 par
|-damage|p1b: Venusaur|64/100 slp
|
|-weather|SunnyDay|[upkeep]
|-heal|p2a: Milotic|78/100|[from] item: Leftovers
|upkeep
|turn|17
|
|t:|1784628733
|move|p2b: Raichu|Protect|p2b: Raichu
|-singleturn|p2b: Raichu|Protect
|move|p1a: Grimmsnarl|Parting Shot|p2b: Raichu
|-activate|p2b: Raichu|move: Protect
|-curestatus|p1b: Venusaur|slp|[msg]
|move|p1b: Venusaur|Earth Power|p2b: Raichu
|-activate|p2b: Raichu|move: Protect
|move|p2a: Milotic|Hypnosis|p1b: Venusaur
|-status|p1b: Venusaur|slp|[from] move: Hypnosis
|
|-weather|none
|-heal|p2a: Milotic|84/100|[from] item: Leftovers
|upkeep
|turn|18
|
|t:|1784628750
|move|p1a: Grimmsnarl|Parting Shot|p2b: Raichu
|-unboost|p2b: Raichu|atk|1
|-unboost|p2b: Raichu|spa|1
|
|t:|1784628753
|switch|p1a: Charizard|Charizard-Mega-Y, L50, M|74/100|[from] Parting Shot
|-weather|SunnyDay|[from] ability: Drought|[of] p1a: Charizard
|cant|p1b: Venusaur|slp
|move|p2b: Raichu|Zap Cannon|p1b: Venusaur
|-resisted|p1b: Venusaur|1
|-damage|p1b: Venusaur|49/100 slp
|move|p2a: Milotic|Muddy Water|p1a: Charizard|[spread] p1a,p1b
|-supereffective|p1a: Charizard|1
|-resisted|p1b: Venusaur|1
|-damage|p1a: Charizard|61/100
|-damage|p1b: Venusaur|44/100 slp
|
|-weather|SunnyDay|[upkeep]
|-heal|p2a: Milotic|90/100|[from] item: Leftovers
|upkeep
|turn|19
|
|t:|1784628775
|cant|p1b: Venusaur|slp
|move|p2b: Raichu|Zap Cannon|p1a: Charizard
|-supereffective|p1a: Charizard|1
|-damage|p1a: Charizard|9/100
|-status|p1a: Charizard|par
|move|p2a: Milotic|Muddy Water|p1a: Charizard|[spread] p1a,p1b
|-supereffective|p1a: Charizard|1
|-resisted|p1b: Venusaur|1
|-damage|p1a: Charizard|0 fnt
|-damage|p1b: Venusaur|40/100 slp
|faint|p1a: Charizard
|
|-weather|SunnyDay|[upkeep]
|-heal|p2a: Milotic|96/100|[from] item: Leftovers
|-sideend|p1: znivs|move: Light Screen
|upkeep
|
|t:|1784628784
|switch|p1a: Grimmsnarl|Grimmsnarl, L50, M|4/100 par
|turn|20
|
|t:|1784628795
|switch|p2b: Sinistcha|Sinistcha, L50|100/100
|-heal|p2a: Milotic|100/100|[from] ability: Hospitality|[of] p2b: Sinistcha
|move|p1a: Grimmsnarl|Light Screen|p1a: Grimmsnarl
|-sidestart|p1: znivs|move: Light Screen
|-curestatus|p1b: Venusaur|slp|[msg]
|move|p1b: Venusaur|Earth Power|p2b: Sinistcha
|-resisted|p2b: Sinistcha|1
|-damage|p2b: Sinistcha|87/100
|move|p2a: Milotic|Muddy Water|p1b: Venusaur|[spread] p1a,p1b
|-resisted|p1b: Venusaur|1
|-damage|p1a: Grimmsnarl|0 fnt
|-damage|p1b: Venusaur|36/100
|-unboost|p1b: Venusaur|accuracy|1
|faint|p1a: Grimmsnarl
|
|-weather|SunnyDay|[upkeep]
|upkeep
|
|t:|1784628806
|switch|p1a: Basculegion|Basculegion, L50, M|100/100
|turn|21
|
|t:|1784628816
|move|p2b: Sinistcha|Protect|p2b: Sinistcha
|-singleturn|p2b: Sinistcha|Protect
|move|p1b: Venusaur|Sleep Powder|p2a: Milotic
|-status|p2a: Milotic|slp|[from] move: Sleep Powder
|move|p1a: Basculegion|Last Respects|p2b: Sinistcha
|-activate|p2b: Sinistcha|move: Protect
|cant|p2a: Milotic|slp
|
|-weather|SunnyDay|[upkeep]
|upkeep
|turn|22
|
|t:|1784628834
|switch|p2b: Incineroar|Incineroar, L50, F|37/100
|-ability|p2b: Incineroar|Intimidate|boost
|-unboost|p1a: Basculegion|atk|1
|-unboost|p1b: Venusaur|atk|1
|move|p1b: Venusaur|Earth Power|p2b: Incineroar|[miss]
|-miss|p1b: Venusaur|p2b: Incineroar
|move|p1a: Basculegion|Last Respects|p2b: Incineroar
|-resisted|p2b: Incineroar|1
|-damage|p2b: Incineroar|14/100
|cant|p2a: Milotic|slp
|
|-weather|none
|upkeep
|turn|23
|
|t:|1784628850
|move|p2b: Incineroar|Fake Out|p1b: Venusaur
|-damage|p1b: Venusaur|21/100
|move|p1a: Basculegion|Last Respects|p2b: Incineroar
|-resisted|p2b: Incineroar|1
|-damage|p2b: Incineroar|0 fnt
|faint|p2b: Incineroar
|cant|p1b: Venusaur|flinch
|-curestatus|p2a: Milotic|slp|[msg]
|move|p2a: Milotic|Hypnosis|p1a: Basculegion
|-status|p1a: Basculegion|slp|[from] move: Hypnosis
|
|upkeep
|
|t:|1784628862
|switch|p2b: Raichu|Raichu-Mega-Y, L50, M|70/100
|turn|24
|
|t:|1784628870
|cant|p1a: Basculegion|slp
|move|p2b: Raichu|Zap Cannon|p1a: Basculegion
|-supereffective|p1a: Basculegion|1
|-damage|p1a: Basculegion|9/100 slp
|move|p1b: Venusaur|Earth Power|p2b: Raichu
|-supereffective|p2b: Raichu|1
|-damage|p2b: Raichu|0 fnt
|faint|p2b: Raichu
|move|p2a: Milotic|Hypnosis|p1b: Venusaur
|-status|p1b: Venusaur|slp|[from] move: Hypnosis
|
|upkeep
|
|t:|1784628880
|switch|p2b: Sinistcha|Sinistcha, L50|87/100
|turn|25
|
|t:|1784628886
|-curestatus|p1a: Basculegion|slp|[msg]
|move|p1a: Basculegion|Last Respects|p2b: Sinistcha
|-supereffective|p2b: Sinistcha|1
|-enditem|p2b: Sinistcha|Kasib Berry|[eat]
|-enditem|p2b: Sinistcha|Kasib Berry|[weaken]
|-damage|p2b: Sinistcha|32/100
|cant|p1b: Venusaur|slp
|move|p2a: Milotic|Muddy Water|p1a: Basculegion|[spread] p1a,p1b
|-resisted|p1a: Basculegion|1
|-resisted|p1b: Venusaur|1
|-damage|p1a: Basculegion|0 fnt
|-damage|p1b: Venusaur|12/100 slp
|faint|p1a: Basculegion
|move|p2b: Sinistcha|Matcha Gotcha|p1b: Venusaur|[miss]
|-miss|p2b: Sinistcha|p1b: Venusaur
|
|upkeep
|turn|26
|
|t:|1784628908
|move|p2a: Milotic|Protect|p2a: Milotic
|-singleturn|p2a: Milotic|Protect
|cant|p1b: Venusaur|slp
|move|p2b: Sinistcha|Life Dew||[still]|[spread] p2a,p2b
|-fail|p2a: Milotic|heal
|-heal|p2b: Sinistcha|57/100
|
|upkeep
|turn|27
|
|t:|1784628922
|-curestatus|p1b: Venusaur|slp|[msg]
|move|p1b: Venusaur|Sludge Bomb|p2b: Sinistcha
|-damage|p2b: Sinistcha|16/100
|move|p2a: Milotic|Hypnosis|p1b: Venusaur
|-status|p1b: Venusaur|slp|[from] move: Hypnosis
|move|p2b: Sinistcha|Matcha Gotcha|p1b: Venusaur
|-resisted|p1b: Venusaur|2
|-damage|p1b: Venusaur|7/100 slp
|-heal|p2b: Sinistcha|19/100|[from] drain|[of] p1b: Venusaur
|
|-sideend|p1: znivs|move: Light Screen
|upkeep
|turn|28
|
|t:|1784628934
|cant|p1b: Venusaur|slp
|move|p2a: Milotic|Muddy Water|p1b: Venusaur
|-resisted|p1b: Venusaur|1
|-damage|p1b: Venusaur|0 fnt
|faint|p1b: Venusaur
|
|win|OssiGT
|raw|znivs's rating: 1229 → 1210(-19 for losing)
|raw|OssiGT's rating: 1308 → 1324(+16 for winning)
|c|☆OssiGT|gg
|c|☆OssiGT|Really difficult play
|c|☆znivs|gg
|c|☆OssiGT|You played well my friend
|c|☆znivs|just practicing friend for tourneys, good luck further!
