|j|☆BoloinaBox
|j|☆sparrow.d.ace
|html|BoloinaBoxsparrow.d.ace    
|uhtml|bestof|Game 3 of a best-of-3
|t:|1757105419
|gametype|doubles
|player|p1|BoloinaBox|170|1117
|player|p2|sparrow.d.ace|alec-anime|1176
|gen|9
|tier|[Gen 9] VGC 2025 Reg H (Bo3)
|rated|
|rule|Species Clause: Limit one of each Pokémon
|rule|Item Clause: Limit 1 of each item
|clearpoke
|poke|p1|Kingambit, L50, M|
|poke|p1|Sinistcha, L50|
|poke|p1|Primarina, L50, F|
|poke|p1|Rillaboom, L50, M|
|poke|p1|Sneasler, L50, M|
|poke|p1|Ceruledge, L50, M|
|poke|p2|Basculegion, L50, M|
|poke|p2|Archaludon, L50, M|
|poke|p2|Sneasler, L50, M|
|poke|p2|Rillaboom, L50, M|
|poke|p2|Pelipper, L50, F|
|poke|p2|Incineroar, L50, M|
|teampreview|4
|showteam|p1|Kingambit||DreadPlate|Defiant|KowtowCleave,SuckerPunch,SwordsDance,Protect|||M|||50|,,,,,Dark]Sinistcha||SitrusBerry|Hospitality|MatchaGotcha,RagePowder,LifeDew,Protect||||||50|,,,,,Grass]Primarina||ThroatSpray|LiquidVoice|HyperVoice,Moonblast,Haze,Protect|||F|||50|,,,,,Poison]Rillaboom||AssaultVest|GrassySurge|GrassyGlide,DrumBeating,KnockOff,FakeOut|||M|||50|,,,,,Fire]Sneasler||FocusSash|Unburden|CloseCombat,DireClaw,Coaching,Protect|||M|||50|,,,,,Stellar]Ceruledge||ClearAmulet|FlashFire|BitterBlade,Poltergeist,BulkUp,Protect|||M|||50|,,,,,Grass
|showteam|p2|Basculegion||ChoiceBand|SwiftSwim|WaveCrash,FlipTurn,LastRespects,AquaJet|||M|||50|,,,,,Water]Archaludon||AssaultVest|Stamina|ElectroShot,DragonPulse,FlashCannon,BodyPress|||M|||50|,,,,,Bug]Sneasler||FocusSash|PoisonTouch|DireClaw,CloseCombat,ThroatChop,Protect|||M|||50|,,,,,Ghost]Rillaboom||LoadedDice|GrassySurge|BulletSeed,GrassyGlide,Uturn,FakeOut|||M|||50|,,,,,Fire]Pelipper||CovertCloak|Drizzle|WeatherBall,Hurricane,Tailwind,Protect|||F|||50|,,,,,Grass]Incineroar||SitrusBerry|Intimidate|FlareBlitz,KnockOff,FakeOut,PartingShot|||M|||50|,,,,,Ghost
|inactive|Battle timer is ON: inactive players will automatically lose when time's up. (requested by BoloinaBox)
|inactive|BoloinaBox has 60 seconds left.
|inactive|BoloinaBox has 30 seconds left.
|
|t:|1757105481
|teamsize|p1|4
|teamsize|p2|4
|start
|switch|p1a: Sinistcha|Sinistcha, L50|100/100
|switch|p1b: Kingambit|Kingambit, L50, M|100/100
|switch|p2a: Rillaboom|Rillaboom, L50, M|100/100
|switch|p2b: Archaludon|Archaludon, L50, M|100/100
|-fieldstart|move: Grassy Terrain|[from] ability: Grassy Surge|[of] p2a: Rillaboom
|turn|1
|inactive|sparrow.d.ace has 30 seconds left.
|inactive|sparrow.d.ace has 20 seconds left.
|inactive|BoloinaBox has 30 seconds left.
|
|t:|1757105522
|-terastallize|p2b: Archaludon|Bug
|move|p2a: Rillaboom|Bullet Seed|p2b: Archaludon
|-resisted|p2b: Archaludon
|-damage|p2b: Archaludon|94/100
|-ability|p2b: Archaludon|Stamina|boost
|-boost|p2b: Archaludon|def|1
|-resisted|p2b: Archaludon
|-damage|p2b: Archaludon|90/100
|-ability|p2b: Archaludon|Stamina|boost
|-boost|p2b: Archaludon|def|1
|-resisted|p2b: Archaludon
|-damage|p2b: Archaludon|87/100
|-ability|p2b: Archaludon|Stamina|boost
|-boost|p2b: Archaludon|def|1
|-resisted|p2b: Archaludon
|-damage|p2b: Archaludon|84/100
|-ability|p2b: Archaludon|Stamina|boost
|-boost|p2b: Archaludon|def|1
|-resisted|p2b: Archaludon
|-damage|p2b: Archaludon|82/100
|-ability|p2b: Archaludon|Stamina|boost
|-boost|p2b: Archaludon|def|1
|-hitcount|p2b: Archaludon|5
|move|p2b: Archaludon|Electro Shot||[still]
|-prepare|p2b: Archaludon|Electro Shot
|-boost|p2b: Archaludon|spa|1
|move|p1a: Sinistcha|Life Dew||[still]|[still]|[spread] 
|-fail|p1a: Sinistcha|heal
|-fail|p1b: Kingambit|heal
|move|p1b: Kingambit|Swords Dance|p1b: Kingambit
|-boost|p1b: Kingambit|atk|2
|
|-heal|p2b: Archaludon|88/100|[from] Grassy Terrain
|upkeep
|turn|2
|inactive|BoloinaBox has 30 seconds left.
|inactive|sparrow.d.ace has 30 seconds left.
|inactive|BoloinaBox has 20 seconds left.
|
|t:|1757105559
|move|p1b: Kingambit|Protect|p1b: Kingambit
|-singleturn|p1b: Kingambit|Protect
|move|p2a: Rillaboom|U-turn|p1b: Kingambit
|-activate|p1b: Kingambit|move: Protect
|move|p2b: Archaludon|Electro Shot|p1a: Sinistcha|[from] lockedmove
|-resisted|p1a: Sinistcha
|-damage|p1a: Sinistcha|72/100
|move|p1a: Sinistcha|Matcha Gotcha|p2b: Archaludon|[spread] p2a
|-miss|p1a: Sinistcha|p2b: Archaludon
|-resisted|p2a: Rillaboom
|-damage|p2a: Rillaboom|83/100
|-heal|p1a: Sinistcha|83/100|[from] drain|[of] p2a: Rillaboom
|
|-heal|p2a: Rillaboom|89/100|[from] Grassy Terrain
|-heal|p2b: Archaludon|94/100|[from] Grassy Terrain
|-heal|p1a: Sinistcha|89/100|[from] Grassy Terrain
|upkeep
|turn|3
|c|☆sparrow.d.ace|lol may misstake
|inactive|BoloinaBox has 30 seconds left.
|inactive|BoloinaBox has 20 seconds left.
|inactive|sparrow.d.ace has 30 seconds left.
|
|t:|1757105601
|move|p1a: Sinistcha|Rage Powder|p1a: Sinistcha
|-singleturn|p1a: Sinistcha|move: Rage Powder
|move|p2a: Rillaboom|U-turn|p1a: Sinistcha
|-damage|p1a: Sinistcha|68/100
|
|t:|1757105605
|switch|p2a: Pelipper|Pelipper, L50, F|100/100|[from] U-turn
|-weather|RainDance|[from] ability: Drizzle|[of] p2a: Pelipper
|move|p2b: Archaludon|Dragon Pulse|p1a: Sinistcha
|-damage|p1a: Sinistcha|17/100
|-enditem|p1a: Sinistcha|Sitrus Berry|[eat]
|-heal|p1a: Sinistcha|42/100|[from] item: Sitrus Berry
|move|p1b: Kingambit|Swords Dance|p1b: Kingambit
|-boost|p1b: Kingambit|atk|2
|
|-weather|RainDance|[upkeep]
|-heal|p2b: Archaludon|99/100|[from] Grassy Terrain
|-heal|p1a: Sinistcha|48/100|[from] Grassy Terrain
|upkeep
|turn|4
|inactive|BoloinaBox has 30 seconds left.
|inactive|sparrow.d.ace has 30 seconds left.
|
|t:|1757105637
|move|p1b: Kingambit|Protect|p1b: Kingambit
|-singleturn|p1b: Kingambit|Protect
|move|p2b: Archaludon|Dragon Pulse|p1b: Kingambit
|-activate|p1b: Kingambit|move: Protect
|move|p2a: Pelipper|Tailwind|p2a: Pelipper
|-sidestart|p2: sparrow.d.ace|move: Tailwind
|move|p1a: Sinistcha|Matcha Gotcha|p2a: Pelipper|[spread] p2a,p2b
|-crit|p2a: Pelipper
|-resisted|p2b: Archaludon
|-damage|p2a: Pelipper|45/100
|-heal|p1a: Sinistcha|74/100|[from] drain|[of] p2a: Pelipper
|-damage|p2b: Archaludon|89/100
|-heal|p1a: Sinistcha|80/100|[from] drain|[of] p2b: Archaludon
|-ability|p2b: Archaludon|Stamina|boost
|-boost|p2b: Archaludon|def|1
|
|-weather|RainDance|[upkeep]
|-heal|p2b: Archaludon|95/100|[from] Grassy Terrain
|-heal|p1a: Sinistcha|86/100|[from] Grassy Terrain
|upkeep
|turn|5
|inactive|BoloinaBox has 30 seconds left.
|inactive|BoloinaBox has 20 seconds left.
|inactive|BoloinaBox has 15 seconds left.
|inactive|BoloinaBox has 10 seconds left.
|inactive|BoloinaBox has 5 seconds left.
|
|t:|1757105690
|switch|p2a: Rillaboom|Rillaboom, L50, M|89/100
|move|p1a: Sinistcha|Rage Powder|p1a: Sinistcha
|-singleturn|p1a: Sinistcha|move: Rage Powder
|move|p2b: Archaludon|Body Press|p1a: Sinistcha
|-immune|p1a: Sinistcha
|move|p1b: Kingambit|Swords Dance|p1b: Kingambit
|-boost|p1b: Kingambit|atk|2
|
|-weather|RainDance|[upkeep]
|-heal|p2a: Rillaboom|95/100|[from] Grassy Terrain
|-heal|p2b: Archaludon|100/100|[from] Grassy Terrain
|-heal|p1a: Sinistcha|93/100|[from] Grassy Terrain
|-fieldend|move: Grassy Terrain
|upkeep
|turn|6
|inactive|BoloinaBox has 30 seconds left.
|inactive|sparrow.d.ace has 30 seconds left.
|inactive|BoloinaBox has 20 seconds left.
|
|t:|1757105726
|move|p1a: Sinistcha|Protect|p1a: Sinistcha
|-singleturn|p1a: Sinistcha|Protect
|move|p1b: Kingambit|Protect|p1b: Kingambit
|-singleturn|p1b: Kingambit|Protect
|move|p2a: Rillaboom|U-turn|p1a: Sinistcha
|-activate|p1a: Sinistcha|move: Protect
|move|p2b: Archaludon|Electro Shot||[still]
|-prepare|p2b: Archaludon|Electro Shot
|-boost|p2b: Archaludon|spa|1
|-anim|p2b: Archaludon|Electro Shot|p1a: Sinistcha
|-activate|p1a: Sinistcha|move: Protect
|
|-weather|RainDance|[upkeep]
|upkeep
|turn|7
|inactive|BoloinaBox has 30 seconds left.
|
|t:|1757105754
|-terastallize|p1b: Kingambit|Dark
|move|p1a: Sinistcha|Rage Powder|p1a: Sinistcha
|-singleturn|p1a: Sinistcha|move: Rage Powder
|move|p2a: Rillaboom|U-turn|p1a: Sinistcha
|-damage|p1a: Sinistcha|72/100
|
|t:|1757105760
|switch|p2a: Pelipper|Pelipper, L50, F|45/100|[from] U-turn
|move|p2b: Archaludon|Electro Shot||[still]
|-prepare|p2b: Archaludon|Electro Shot
|-boost|p2b: Archaludon|spa|1
|-anim|p2b: Archaludon|Electro Shot|p1a: Sinistcha
|-resisted|p1a: Sinistcha
|-damage|p1a: Sinistcha|30/100
|move|p1b: Kingambit|Kowtow Cleave|p2b: Archaludon
|-damage|p2b: Archaludon|42/100
|
|-weather|none
|-sideend|p2: sparrow.d.ace|move: Tailwind
|upkeep
|turn|8
|inactive|BoloinaBox has 30 seconds left.
|inactive|sparrow.d.ace has 30 seconds left.
|inactive|BoloinaBox has 20 seconds left.
|inactive|sparrow.d.ace has 20 seconds left.
|inactive|sparrow.d.ace has 15 seconds left.
|
|t:|1757105804
|move|p1a: Sinistcha|Rage Powder|p1a: Sinistcha
|-singleturn|p1a: Sinistcha|move: Rage Powder
|move|p1b: Kingambit|Sucker Punch|p2b: Archaludon
|-damage|p2b: Archaludon|0 fnt
|faint|p2b: Archaludon
|move|p2a: Pelipper|Tailwind|p2a: Pelipper
|-sidestart|p2: sparrow.d.ace|move: Tailwind
|
|upkeep
|
|t:|1757105809
|switch|p2b: Rillaboom|Rillaboom, L50, M|95/100
|-fieldstart|move: Grassy Terrain|[from] ability: Grassy Surge|[of] p2b: Rillaboom
|turn|9
|
|t:|1757105825
|switch|p2a: Basculegion|Basculegion, L50, M, shiny|100/100
|move|p1a: Sinistcha|Protect|p1a: Sinistcha
|-singleturn|p1a: Sinistcha|Protect
|move|p1b: Kingambit|Protect|p1b: Kingambit
|-singleturn|p1b: Kingambit|Protect
|move|p2b: Rillaboom|U-turn|p1a: Sinistcha
|-activate|p1a: Sinistcha|move: Protect
|
|-heal|p2b: Rillaboom|100/100|[from] Grassy Terrain
|-heal|p1a: Sinistcha|36/100|[from] Grassy Terrain
|upkeep
|turn|10
|inactive|sparrow.d.ace has 30 seconds left.
|inactive|sparrow.d.ace has 20 seconds left.
|inactive|sparrow.d.ace has 15 seconds left.
|inactive|sparrow.d.ace has 10 seconds left.
|
|t:|1757105872
|move|p1b: Kingambit|Sucker Punch|p2a: Basculegion
|-supereffective|p2a: Basculegion
|-crit|p2a: Basculegion
|-damage|p2a: Basculegion|0 fnt
|faint|p2a: Basculegion
|move|p2b: Rillaboom|U-turn|p1a: Sinistcha
|-damage|p1a: Sinistcha|15/100
|
|t:|1757105878
|switch|p2b: Pelipper|Pelipper, L50, F|45/100|[from] U-turn
|-weather|RainDance|[from] ability: Drizzle|[of] p2b: Pelipper
|move|p1a: Sinistcha|Matcha Gotcha|p2b: Pelipper
|-damage|p2b: Pelipper|0 fnt
|-heal|p1a: Sinistcha|36/100|[from] drain|[of] p2b: Pelipper
|faint|p2b: Pelipper
|
|-weather|RainDance|[upkeep]
|-heal|p1a: Sinistcha|42/100|[from] Grassy Terrain
|upkeep
|c|☆sparrow.d.ace|gs
|
|t:|1757105886
|switch|p2b: Rillaboom|Rillaboom, L50, M|100/100
|turn|11
|
|t:|1757105892
|move|p1a: Sinistcha|Protect|p1a: Sinistcha
|-singleturn|p1a: Sinistcha|Protect
|move|p1b: Kingambit|Protect|p1b: Kingambit
|-singleturn|p1b: Kingambit|Protect
|move|p2b: Rillaboom|Bullet Seed|p1b: Kingambit
|-activate|p1b: Kingambit|move: Protect
|
|-weather|RainDance|[upkeep]
|-heal|p1a: Sinistcha|48/100|[from] Grassy Terrain
|-sideend|p2: sparrow.d.ace|move: Tailwind
|upkeep
|turn|12
|
|t:|1757105902
|move|p1a: Sinistcha|Rage Powder|p1a: Sinistcha
|-singleturn|p1a: Sinistcha|move: Rage Powder
|move|p2b: Rillaboom|Bullet Seed|p1b: Kingambit
|-damage|p1b: Kingambit|86/100
|-damage|p1b: Kingambit|72/100
|-damage|p1b: Kingambit|58/100
|-damage|p1b: Kingambit|43/100
|-damage|p1b: Kingambit|30/100
|-hitcount|p1b: Kingambit|5
|move|p1b: Kingambit|Kowtow Cleave|p2b: Rillaboom
|-damage|p2b: Rillaboom|0 fnt
|faint|p2b: Rillaboom
|
|win|BoloinaBox
|raw|BoloinaBox's rating: 1117 → 1146(+29 for winning)
|raw|sparrow.d.ace's rating: 1176 → 1147(-29 for losing)
|c|☆BoloinaBox|gg
|c|☆BoloinaBox|you need to be carefull of gambit
|c|☆BoloinaBox|he is like the only T bug counter
|l|☆BoloinaBox
|player|p1|
|c|☆sparrow.d.ace|yeah
