|j|☆hollowtide
|j|☆Acris
|html|hollowtideAcris    
|uhtml|bestof|Game 1 of a best-of-3
|t:|1756532390
|gametype|doubles
|player|p1|hollowtide|depotagent|1080
|player|p2|Acris|2|1023
|gen|9
|tier|[Gen 9] VGC 2025 Reg H (Bo3)
|rated|
|rule|Species Clause: Limit one of each Pokémon
|rule|Item Clause: Limit 1 of each item
|clearpoke
|poke|p1|Garchomp, L50, F|
|poke|p1|Tyranitar, L50, F|
|poke|p1|Incineroar, L50, F|
|poke|p1|Gholdengo, L50|
|poke|p1|Dragonite, L50, F|
|poke|p1|Amoonguss, L50, F|
|poke|p2|Maushold, L50|
|poke|p2|Annihilape, L50, F|
|poke|p2|Incineroar, L50, F|
|poke|p2|Rillaboom, L50, M|
|poke|p2|Dragonite, L50, M|
|poke|p2|Gholdengo, L50|
|teampreview|4
|showteam|p1|Garchomp||BrightPowder|SandVeil|Earthquake,StompingTantrum,DragonClaw,Protect|||F|||50|,,,,,Ground]Tyranitar||AssaultVest|SandStream|RockSlide,KnockOff,TeraBlast,LowKick|||F|||50|,,,,,Flying]Incineroar||SafetyGoggles|Intimidate|FakeOut,KnockOff,PartingShot,FlareBlitz|||F|||50|,,,,,Ghost]Gholdengo||LifeOrb|GoodasGold|MakeItRain,ShadowBall,NastyPlot,Protect||||||50|,,,,,Steel]Dragonite||LoadedDice|Multiscale|ScaleShot,Tailwind,Haze,Protect|||F|||50|,,,,,Fairy]Amoonguss||SitrusBerry|Regenerator|Spore,RagePowder,SludgeBomb,Protect|||F|||50|,,,,,Grass
|showteam|p2|Maushold||WideLens|Technician|PopulationBomb,BeatUp,Protect,FollowMe||||||50|,,,,,Ghost]Annihilape||Leftovers|Defiant|RageFist,DrainPunch,Protect,BulkUp|||F|||50|,,,,,Fire]Incineroar||SitrusBerry|Intimidate|FakeOut,KnockOff,PartingShot,FlareBlitz|||F|||50|,,,,,Grass]Rillaboom||AssaultVest|GrassySurge|FakeOut,GrassyGlide,Uturn,WoodHammer|||M|||50|,,,,,Fire]Dragonite||LoadedDice|Multiscale|ScaleShot,Tailwind,Protect,Haze|||M|||50|,,,,,Fairy]Gholdengo||LifeOrb|GoodasGold|MakeItRain,ShadowBall,Protect,NastyPlot||||||50|,,,,,Water
|
|t:|1756532449
|teamsize|p1|4
|teamsize|p2|4
|start
|switch|p1a: Tyranitar|Tyranitar, L50, F|100/100
|switch|p1b: Amoonguss|Amoonguss, L50, F|100/100
|switch|p2a: Incineroar|Incineroar, L50, F|100/100
|switch|p2b: Annihilape|Annihilape, L50, F|100/100
|-ability|p2a: Incineroar|Intimidate|boost
|-unboost|p1a: Tyranitar|atk|1
|-unboost|p1b: Amoonguss|atk|1
|-weather|Sandstorm|[from] ability: Sand Stream|[of] p1a: Tyranitar
|turn|1
|
|t:|1756532468
|-terastallize|p1a: Tyranitar|Flying
|move|p2a: Incineroar|Fake Out|p1b: Amoonguss
|-damage|p1b: Amoonguss|86/100
|cant|p1b: Amoonguss|flinch
|move|p2b: Annihilape|Bulk Up|p2b: Annihilape
|-boost|p2b: Annihilape|atk|1
|-boost|p2b: Annihilape|def|1
|move|p1a: Tyranitar|Tera Blast|p2b: Annihilape|[anim] Tera Blast Flying
|-supereffective|p2b: Annihilape
|-damage|p2b: Annihilape|51/100
|
|-weather|Sandstorm|[upkeep]
|-damage|p2b: Annihilape|45/100|[from] Sandstorm
|-damage|p2a: Incineroar|94/100|[from] Sandstorm
|-damage|p1a: Tyranitar|95/100|[from] Sandstorm
|-damage|p1b: Amoonguss|80/100|[from] Sandstorm
|-heal|p2b: Annihilape|51/100|[from] item: Leftovers
|upkeep
|turn|2
|
|t:|1756532489
|move|p2b: Annihilape|Rage Fist|p1b: Amoonguss
|-damage|p1b: Amoonguss|5/100
|-enditem|p1b: Amoonguss|Sitrus Berry|[eat]
|-heal|p1b: Amoonguss|30/100|[from] item: Sitrus Berry
|move|p2a: Incineroar|Flare Blitz|p1b: Amoonguss
|-supereffective|p1b: Amoonguss
|-damage|p1b: Amoonguss|0 fnt
|faint|p1b: Amoonguss
|-damage|p2a: Incineroar|83/100|[from] Recoil
|move|p1a: Tyranitar|Rock Slide|p2b: Annihilape|[spread] p2a,p2b
|-supereffective|p2a: Incineroar
|-resisted|p2b: Annihilape
|-crit|p2b: Annihilape
|-damage|p2a: Incineroar|45/100
|-damage|p2b: Annihilape|30/100
|-enditem|p2a: Incineroar|Sitrus Berry|[eat]
|-heal|p2a: Incineroar|70/100|[from] item: Sitrus Berry
|
|-weather|Sandstorm|[upkeep]
|-damage|p2b: Annihilape|24/100|[from] Sandstorm
|-damage|p2a: Incineroar|64/100|[from] Sandstorm
|-damage|p1a: Tyranitar|89/100|[from] Sandstorm
|-heal|p2b: Annihilape|30/100|[from] item: Leftovers
|upkeep
|
|t:|1756532498
|switch|p1b: Garchomp|Garchomp, L50, F|100/100
|turn|3
|
|t:|1756532530
|-terastallize|p2a: Incineroar|Grass
|move|p2b: Annihilape|Protect|p2b: Annihilape
|-singleturn|p2b: Annihilape|Protect
|move|p1b: Garchomp|Earthquake|p2b: Annihilape|[spread] p2a
|-activate|p2b: Annihilape|move: Protect
|-immune|p1a: Tyranitar
|-resisted|p2a: Incineroar
|-damage|p2a: Incineroar|41/100
|move|p2a: Incineroar|Parting Shot|p1b: Garchomp|[miss]
|-miss|p2a: Incineroar|p1b: Garchomp
|move|p1a: Tyranitar|Rock Slide|p2a: Incineroar|[spread] p2a
|-activate|p2b: Annihilape|move: Protect
|-damage|p2a: Incineroar|21/100
|
|-weather|Sandstorm|[upkeep]
|-damage|p2b: Annihilape|24/100|[from] Sandstorm
|-damage|p2a: Incineroar|15/100|[from] Sandstorm
|-damage|p1a: Tyranitar|83/100|[from] Sandstorm
|-heal|p2b: Annihilape|30/100|[from] item: Leftovers
|upkeep
|turn|4
|
|t:|1756532547
|move|p2b: Annihilape|Rage Fist|p1a: Tyranitar
|-damage|p1a: Tyranitar|9/100
|move|p1b: Garchomp|Earthquake|p2a: Incineroar|[spread] p2a,p2b
|-immune|p1a: Tyranitar
|-resisted|p2a: Incineroar
|-damage|p2a: Incineroar|0 fnt
|-damage|p2b: Annihilape|0 fnt
|faint|p2a: Incineroar
|faint|p2b: Annihilape
|move|p1a: Tyranitar|Rock Slide|p2: Incineroar|[notarget]
|-fail|p1a: Tyranitar
|
|-weather|Sandstorm|[upkeep]
|-damage|p1a: Tyranitar|3/100|[from] Sandstorm
|upkeep
|
|t:|1756532556
|switch|p2b: Gholdengo|Gholdengo, L50|100/100
|switch|p2a: Maushold|Maushold, L50|100/100
|turn|5
|
|t:|1756532570
|move|p2a: Maushold|Population Bomb|p1b: Garchomp
|-damage|p1b: Garchomp|89/100
|-damage|p1b: Garchomp|77/100
|-hitcount|p1b: Garchomp|2
|move|p1b: Garchomp|Earthquake|p2a: Maushold|[spread] p2a,p2b
|-immune|p1a: Tyranitar
|-supereffective|p2b: Gholdengo
|-damage|p2a: Maushold|30/100
|-damage|p2b: Gholdengo|0 fnt
|faint|p2b: Gholdengo
|move|p1a: Tyranitar|Rock Slide|p2a: Maushold
|-damage|p2a: Maushold|0 fnt
|faint|p2a: Maushold
|
|win|hollowtide
||Acris is ready for game 2.
|inactive|hollowtide has 30 seconds to confirm battle start!
