|j|☆bennoVGC
|j|☆PidoveQ
|html|bennoVGCPidoveQ    
|uhtml|bestof|Game 2 of a best-of-3
|t:|1755524306
|gametype|doubles
|player|p1|bennoVGC|170|1305
|player|p2|PidoveQ|akari|1371
|gen|9
|tier|[Gen 9] VGC 2025 Reg H (Bo3)
|rated|
|rule|Species Clause: Limit one of each Pokémon
|rule|Item Clause: Limit 1 of each item
|clearpoke
|poke|p1|Ursaluna, L50, F|
|poke|p1|Kilowattrel, L50, F|
|poke|p1|Gholdengo, L50|
|poke|p1|Incineroar, L50, M|
|poke|p1|Amoonguss, L50, M|
|poke|p1|Porygon2, L50|
|poke|p2|Incineroar, L50, M|
|poke|p2|Farigiraf, L50, F|
|poke|p2|Amoonguss, L50, F|
|poke|p2|Sneasler, L50, M|
|poke|p2|Dragapult, L50, F|
|poke|p2|Gholdengo, L50|
|teampreview|4
|showteam|p1|Ursaluna||FlameOrb|Guts|Facade,HeadlongRush,Earthquake,Protect|||F|||50|,,,,,Fairy]Kilowattrel||FocusSash|Competitive|Thunderbolt,AirSlash,Tailwind,Protect|||F|||50|,,,,,Ghost]Gholdengo||LifeOrb|GoodasGold|MakeItRain,ShadowBall,NastyPlot,Protect||||||50|,,,,,Dragon]Incineroar||AssaultVest|Intimidate|KnockOff,FlareBlitz,Uturn,FakeOut|||M|||50|,,,,,Grass]Amoonguss||MentalHerb|Regenerator|Spore,RagePowder,ClearSmog,Protect|||M|||50|,,,,,Fairy]Porygon2||Eviolite|Download|TeraBlast,IceBeam,Recover,TrickRoom||||||50|,,,,,Fighting
|showteam|p2|Incineroar||AssaultVest|Intimidate|FlareBlitz,KnockOff,FakeOut,Uturn|||M|||50|,,,,,Grass]Farigiraf||ThroatSpray|ArmorTail|HyperVoice,Psychic,TrickRoom,Protect|||F|||50|,,,,,Fairy]Amoonguss||MentalHerb|Regenerator|PollenPuff,RagePowder,Spore,Protect|||F|||50|,,,,,Water]Sneasler||FocusSash|Unburden|DireClaw,CloseCombat,ThroatChop,Protect|||M|||50|,,,,,Stellar]Dragapult||ChoiceBand|ClearBody|DragonDarts,PhantomForce,Outrage,Uturn|||F|||50|,,,,,Dragon]Gholdengo||LifeOrb|GoodasGold|MakeItRain,ShadowBall,DazzlingGleam,Protect||||||50|,,,,,Fairy
|inactive|Battle timer is ON: inactive players will automatically lose when time's up. (requested by PidoveQ)
|inactive|PidoveQ has 60 seconds left.
|
|t:|1755524354
|teamsize|p1|4
|teamsize|p2|4
|start
|switch|p1a: Dinko|Ursaluna, L50, F|100/100
|switch|p1b: Big Bird|Kilowattrel, L50, F|100/100
|switch|p2a: Safety car|Farigiraf, L50, F, shiny|100/100
|switch|p2b: Dragapult|Dragapult, L50, F, shiny|100/100
|turn|1
|
|t:|1755524377
|-terastallize|p2b: Dragapult|Dragon
|move|p1b: Big Bird|Air Slash|p2a: Safety car
|-damage|p2a: Safety car|69/100
|move|p2b: Dragapult|Dragon Darts|p1a: Dinko
|-damage|p1a: Dinko|60/100
|-anim|p2b: Dragapult|Dragon Darts|p1b: Big Bird
|-damage|p1b: Big Bird|1/100
|move|p1a: Dinko|Earthquake|p2a: Safety car|[spread] p2a,p2b
|-immune|p1b: Big Bird
|-damage|p2a: Safety car|23/100
|-damage|p2b: Dragapult|45/100
|cant|p2a: Safety car|flinch
|
|-status|p1a: Dinko|brn|[from] item: Flame Orb
|upkeep
|turn|2
|
|t:|1755524398
|move|p2b: Dragapult|Dragon Darts|p1a: Dinko
|-damage|p1a: Dinko|18/100 brn
|-anim|p2b: Dragapult|Dragon Darts|p1b: Big Bird
|-damage|p1b: Big Bird|0 fnt
|faint|p1b: Big Bird
|move|p1a: Dinko|Earthquake|p2a: Safety car|[spread] p2a,p2b
|-crit|p2b: Dragapult
|-damage|p2a: Safety car|0 fnt
|-damage|p2b: Dragapult|0 fnt
|faint|p2a: Safety car
|faint|p2b: Dragapult
|
|-damage|p1a: Dinko|12/100 brn|[from] brn
|upkeep
|
|t:|1755524422
|switch|p1b: Mr Worldwide|Gholdengo, L50|100/100
|switch|p2b: Sassy|Sneasler, L50, M, shiny|100/100
|switch|p2a: Yggalag|Incineroar, L50, M, shiny|100/100
|-ability|p2a: Yggalag|Intimidate|boost
|-unboost|p1a: Dinko|atk|1
|-unboost|p1b: Mr Worldwide|atk|1
|turn|3
|
|t:|1755524437
|switch|p1a: Pumpy the Grumpy|Incineroar, L50, M, shiny|100/100
|-ability|p1a: Pumpy the Grumpy|Intimidate|boost
|-unboost|p2a: Yggalag|atk|1
|-unboost|p2b: Sassy|atk|1
|move|p2b: Sassy|Throat Chop|p1a: Pumpy the Grumpy
|-resisted|p1a: Pumpy the Grumpy
|-damage|p1a: Pumpy the Grumpy|92/100
|-start|p1a: Pumpy the Grumpy|Throat Chop|[silent]
|move|p1b: Mr Worldwide|Make It Rain|p2a: Yggalag|[spread] p2a,p2b
|-resisted|p2a: Yggalag
|-damage|p2a: Yggalag|85/100
|-damage|p2b: Sassy|20/100
|-unboost|p1b: Mr Worldwide|spa|1
|-damage|p1b: Mr Worldwide|91/100|[from] item: Life Orb
|move|p2a: Yggalag|Knock Off|p1b: Mr Worldwide
|-supereffective|p1b: Mr Worldwide
|-damage|p1b: Mr Worldwide|34/100
|-enditem|p1b: Mr Worldwide|Life Orb|[from] move: Knock Off|[of] p2a: Yggalag
|
|upkeep
|turn|4
|inactive|bennoVGC has 30 seconds left.
|inactive|bennoVGC has 20 seconds left.
|inactive|bennoVGC has 15 seconds left.
|inactive|bennoVGC has 10 seconds left.
|
|t:|1755524485
|move|p2b: Sassy|Protect|p2b: Sassy
|-singleturn|p2b: Sassy|Protect
|move|p1a: Pumpy the Grumpy|Fake Out|p2a: Yggalag
|-damage|p2a: Yggalag|75/100
|move|p1b: Mr Worldwide|Make It Rain|p2a: Yggalag|[spread] p2a
|-activate|p2b: Sassy|move: Protect
|-resisted|p2a: Yggalag
|-damage|p2a: Yggalag|67/100
|-unboost|p1b: Mr Worldwide|spa|1
|cant|p2a: Yggalag|flinch
|
|-end|p1a: Pumpy the Grumpy|Throat Chop|[silent]
|upkeep
|turn|5
|
|t:|1755524493
|move|p2b: Sassy|Close Combat|p1a: Pumpy the Grumpy
|-supereffective|p1a: Pumpy the Grumpy
|-damage|p1a: Pumpy the Grumpy|2/100
|-unboost|p2b: Sassy|def|1
|-unboost|p2b: Sassy|spd|1
|move|p1b: Mr Worldwide|Make It Rain|p2b: Sassy|[spread] p2a,p2b
|-resisted|p2a: Yggalag
|-damage|p2a: Yggalag|61/100
|-damage|p2b: Sassy|0 fnt
|-unboost|p1b: Mr Worldwide|spa|1
|faint|p2b: Sassy
|move|p1a: Pumpy the Grumpy|Flare Blitz|p2a: Yggalag
|-resisted|p2a: Yggalag
|-damage|p2a: Yggalag|39/100
|-damage|p1a: Pumpy the Grumpy|0 fnt|[from] Recoil
|faint|p1a: Pumpy the Grumpy
|move|p2a: Yggalag|Knock Off|p1b: Mr Worldwide
|-supereffective|p1b: Mr Worldwide
|-damage|p1b: Mr Worldwide|0 fnt
|faint|p1b: Mr Worldwide
|
|upkeep
|
|t:|1755524496
|switch|p1b: Dinko|Ursaluna, L50, F|12/100 brn
|turn|6
|
|t:|1755524501
|move|p1b: Dinko|Headlong Rush|p2a: Yggalag
|-supereffective|p2a: Yggalag
|-damage|p2a: Yggalag|0 fnt
|-unboost|p1b: Dinko|def|1
|-unboost|p1b: Dinko|spd|1
|faint|p2a: Yggalag
|
|win|bennoVGC
|raw|bennoVGC's rating: 1305 → 1329(+24 for winning)
|raw|PidoveQ's rating: 1371 → 1347(-24 for losing)
|l|☆PidoveQ
|player|p2|
