|j|☆lolgz
|j|☆mechabicho_14
|html|lolgzmechabicho_14    
|uhtml|bestof|Game 1 of a best-of-3
|t:|1782268761
|gametype|doubles
|player|p1|lolgz|dawn|1143
|player|p2|mechabicho_14|265|1201
|gen|9
|tier|[Gen 9 Champions] VGC 2026 Reg M-B (Bo3)
|rated|
|rule|Species Clause: Limit one of each Pokémon
|rule|Item Clause: Limit 1 of each item
|clearpoke
|poke|p1|Torkoal, L50, M|
|poke|p1|Vileplume, L50, M|
|poke|p1|Farigiraf, L50, F|
|poke|p1|Scrafty, L50, F|
|poke|p1|Gallade, L50, M|
|poke|p1|Mawile, L50, F|
|poke|p2|Pelipper, L50, M|
|poke|p2|Archaludon, L50, M|
|poke|p2|Glimmora, L50, F|
|poke|p2|Sinistcha, L50|
|poke|p2|Swampert, L50, M|
|poke|p2|Talonflame, L50, F|
|teampreview|4
|showteam|p1|Torkoal||Charcoal|Drought|Eruption,WeatherBall,EarthPower,Protect|Quiet||M|||50|]Vileplume||FocusSash|Chlorophyll|EnergyBall,SludgeBomb,SleepPowder,AfterYou|Timid||M|||50|]Farigiraf||SitrusBerry|ArmorTail|TrickRoom,Protect,Psychic,HelpingHand|Bold||F|||50|]Scrafty||Scraftinite|Intimidate|CloseCombat,KnockOff,FakeOut,RockSlide|Brave||F|||50|]Gallade||IronBall|Sharpness|SacredSword,PsychoCut,WideGuard,TrickRoom|Brave||M|||50|]Mawile||Mawilite|Intimidate|SuckerPunch,PlayRough,SwordsDance,Protect|Brave||F|||50|
|showteam|p2|Pelipper||LifeOrb|Drizzle|Protect,Hurricane,WeatherBall,MuddyWater|Modest||M|||50|]Archaludon||Leftovers|Stamina|Protect,ElectroShot,FlashCannon,DracoMeteor|Modest||M|||50|]Glimmora||Glimmoranite|ToxicDebris|SpikyShield,PowerGem,EarthPower,SludgeBomb|Modest||F|||50|]Sinistcha||SitrusBerry|Hospitality|LifeDew,RagePowder,TrickRoom,MatchaGotcha|Bold|||||50|]Swampert||Swampertite|Torrent|Protect,WaveCrash,Earthquake,IcePunch|Jolly||M|||50|]Talonflame||SharpBeak|GaleWings|Protect,Tailwind,RainDance,BraveBird|Jolly||F|||50|
|inactive|Battle timer is ON: inactive players will automatically lose when time's up. (requested by lolgz)
|inactive|lolgz has 60 seconds left.
|inactive|mechabicho_14 has 60 seconds left.
|inactive|mechabicho_14 has 30 seconds left.
|inactive|mechabicho_14 has 20 seconds left.
|inactive|mechabicho_14 has 15 seconds left.
|inactive|mechabicho_14 has 10 seconds left.
|
|t:|1782268842
|teamsize|p1|4
|teamsize|p2|4
|start
|switch|p1a: Farigiraf|Farigiraf, L50, F|100/100
|switch|p1b: Scrafty|Scrafty, L50, F|100/100
|switch|p2a: Archaludon|Archaludon, L50, M|100/100
|switch|p2b: Talonflame|Talonflame, L50, F|100/100
|-ability|p1b: Scrafty|Intimidate|boost
|-unboost|p2a: Archaludon|atk|1
|-unboost|p2b: Talonflame|atk|1
|turn|1
|inactive|mechabicho_14 has 30 seconds left.
|
|t:|1782268868
|detailschange|p1b: Scrafty|Scrafty-Mega, L50, F
|-mega|p1b: Scrafty|Scrafty|Scraftinite
|-ability|p1b: Scrafty|Intimidate|boost
|-unboost|p2a: Archaludon|atk|1
|-unboost|p2b: Talonflame|atk|1
|move|p2b: Talonflame|Rain Dance|p2b: Talonflame
|-weather|RainDance
|move|p2a: Archaludon|Electro Shot||[still]
|-prepare|p2a: Archaludon|Electro Shot
|-boost|p2a: Archaludon|spa|1
|-anim|p2a: Archaludon|Electro Shot|p1b: Scrafty
|-damage|p1b: Scrafty|54/100
|move|p1b: Scrafty|Close Combat|p2a: Archaludon
|-supereffective|p2a: Archaludon|1
|-damage|p2a: Archaludon|0 fnt
|-unboost|p1b: Scrafty|def|1
|-unboost|p1b: Scrafty|spd|1
|faint|p2a: Archaludon
|move|p1a: Farigiraf|Trick Room|p1a: Farigiraf
|-fieldstart|move: Trick Room|[of] p1a: Farigiraf
|
|-weather|RainDance|[upkeep]
|upkeep
|
|t:|1782268886
|switch|p2a: Swampert|Swampert, L50, M|100/100
|turn|2
|
|t:|1782268894
|detailschange|p2a: Swampert|Swampert-Mega, L50, M
|-mega|p2a: Swampert|Swampert|Swampertite
|move|p2b: Talonflame|Protect|p2b: Talonflame
|-singleturn|p2b: Talonflame|Protect
|move|p1b: Scrafty|Close Combat|p2a: Swampert
|-damage|p2a: Swampert|35/100
|-unboost|p1b: Scrafty|def|1
|-unboost|p1b: Scrafty|spd|1
|move|p1a: Farigiraf|Psychic|p2a: Swampert
|-damage|p2a: Swampert|6/100
|move|p2a: Swampert|Earthquake|p1a: Farigiraf|[spread] p1a,p1b
|-activate|p2b: Talonflame|move: Protect
|-crit|p1b: Scrafty
|-damage|p1a: Farigiraf|69/100
|-damage|p1b: Scrafty|0 fnt
|faint|p1b: Scrafty
|
|-weather|RainDance|[upkeep]
|upkeep
|
|t:|1782268903
|switch|p1b: Gallade|Gallade, L50, M|100/100
|turn|3
|
|t:|1782268915
|switch|p1a: Torkoal|Torkoal, L50, M|100/100
|-weather|SunnyDay|[from] ability: Drought|[of] p1a: Torkoal
|switch|p2b: Pelipper|Pelipper, L50, M|100/100
|-weather|RainDance|[from] ability: Drizzle|[of] p2b: Pelipper
|move|p1b: Gallade|Psycho Cut|p2a: Swampert
|-damage|p2a: Swampert|0 fnt
|faint|p2a: Swampert
|
|-weather|RainDance|[upkeep]
|upkeep
|
|t:|1782268926
|switch|p2a: Talonflame|Talonflame, L50, F|100/100
|turn|4
|
|t:|1782268939
|switch|p1a: Farigiraf|Farigiraf, L50, F|69/100
|move|p2a: Talonflame|Brave Bird||[still]
|cant|p1a: Farigiraf|ability: Armor Tail|Brave Bird|[of] p2a: Talonflame
|move|p1b: Gallade|Psycho Cut|p2a: Talonflame
|-damage|p2a: Talonflame|3/100
|move|p2b: Pelipper|Weather Ball|p1a: Farigiraf
|-damage|p1a: Farigiraf|0 fnt
|faint|p1a: Farigiraf
|-damage|p2b: Pelipper|90/100|[from] item: Life Orb
|
|-weather|RainDance|[upkeep]
|upkeep
|
|t:|1782268944
|switch|p1a: Torkoal|Torkoal, L50, M|100/100
|-weather|SunnyDay|[from] ability: Drought|[of] p1a: Torkoal
|turn|5
|
|t:|1782268948
|move|p2b: Pelipper|Protect|p2b: Pelipper
|-singleturn|p2b: Pelipper|Protect
|move|p2a: Talonflame|Protect|p2a: Talonflame
|-singleturn|p2a: Talonflame|Protect
|move|p1a: Torkoal|Eruption|p2a: Talonflame|[spread] 
|-activate|p2a: Talonflame|move: Protect
|-activate|p2b: Pelipper|move: Protect
|move|p1b: Gallade|Psycho Cut|p2b: Pelipper
|-activate|p2b: Pelipper|move: Protect
|
|-weather|SunnyDay|[upkeep]
|-fieldend|move: Trick Room
|upkeep
|turn|6
|
|t:|1782268957
|move|p2a: Talonflame|Brave Bird|p1b: Gallade
|-supereffective|p1b: Gallade|1
|-damage|p1b: Gallade|0 fnt
|faint|p1b: Gallade
|-damage|p2a: Talonflame|0 fnt|[from] Recoil
|faint|p2a: Talonflame
|move|p2b: Pelipper|Muddy Water|p1a: Torkoal
|-supereffective|p1a: Torkoal|1
|-damage|p1a: Torkoal|36/100
|-damage|p2b: Pelipper|80/100|[from] item: Life Orb
|move|p1a: Torkoal|Eruption|p2b: Pelipper
|-resisted|p2b: Pelipper|1
|-damage|p2b: Pelipper|47/100
|
|-weather|SunnyDay|[upkeep]
|upkeep
|turn|7
|
|t:|1782268963
|move|p2b: Pelipper|Muddy Water|p1a: Torkoal
|-supereffective|p1a: Torkoal|1
|-damage|p1a: Torkoal|0 fnt
|faint|p1a: Torkoal
|-damage|p2b: Pelipper|38/100|[from] item: Life Orb
|
|win|mechabicho_14
