|j|☆marillrag1
|j|☆Promesus
|html|marillrag1Promesus    
|uhtml|bestof|Game 2 of a best-of-3
|t:|1785228746
|gametype|doubles
|player|p1|marillrag1|101|1290
|player|p2|Promesus|hilbert-wonderlauncher|1278
|gen|9
|tier|[Gen 9 Champions] VGC 2026 Reg M-B (Bo3)
|rated|
|rule|Species Clause: Limit one of each Pokémon
|rule|Item Clause: Limit 1 of each item
|clearpoke
|poke|p1|Raichu, L50, F|
|poke|p1|Sylveon, L50, M|
|poke|p1|Arcanine-Hisui, L50, F|
|poke|p1|Kingambit, L50, M|
|poke|p1|Farigiraf, L50, M|
|poke|p1|Staraptor, L50, M|
|poke|p2|Charizard, L50, M, shiny|
|poke|p2|Venusaur, L50, M|
|poke|p2|Grimmsnarl, L50, M|
|poke|p2|Archaludon, L50, M|
|poke|p2|Pelipper, L50, M|
|poke|p2|Basculegion, L50, M, shiny|
|teampreview|4
|showteam|p1|Raichu||RaichuniteY|LightningRod|Protect,ZapCannon,FocusBlast,FakeOut|Timid||F|||50|]Sylveon||FairyFeather|Pixilate|Detect,HyperVoice,HyperBeam,QuickAttack|Modest||M|||50|]Arcanine-Hisui||FocusSash|RockHead|Protect,FlareBlitz,HeadSmash,ExtremeSpeed|Jolly||F|||50|]Kingambit||LifeOrb|Defiant|Protect,KowtowCleave,SwordsDance,SuckerPunch|Adamant||M|||50|]Farigiraf||SitrusBerry|ArmorTail|Protect,Psychic,HelpingHand,TrickRoom|Calm||M|||50|]Staraptor||Staraptite|Intimidate|Protect,DualWingbeat,CloseCombat,Tailwind|Jolly||M|||50|
|showteam|p2|Charizard||CharizarditeY|Blaze|HeatWave,WeatherBall,SolarBeam,Protect|Modest||M|||50|]Venusaur||FocusSash|Chlorophyll|EarthPower,SludgeBomb,Protect,SleepPowder|Modest||M|||50|]Grimmsnarl||LightClay|Prankster|SpiritBreak,PartingShot,Reflect,LightScreen|Sassy||M|||50|]Archaludon||Leftovers|Stamina|ElectroShot,DragonPulse,FlashCannon,Protect|Calm||M|||50|]Pelipper||SitrusBerry|Drizzle|WeatherBall,Hurricane,Tailwind,WideGuard|Bold||M|||50|]Basculegion||ChoiceScarf|Adaptability|FlipTurn,WaveCrash,AquaJet,LastRespects|Adamant||M|||50|
|inactive|Battle timer is ON: inactive players will automatically lose when time's up. (requested by Promesus)
|inactive|marillrag1 has 60 seconds left.
|inactive|Promesus has 60 seconds left.
|
|t:|1785228794
|teamsize|p1|4
|teamsize|p2|4
|start
|switch|p1a: Raichu|Raichu, L50, F|100/100
|switch|p1b: Kingambit|Kingambit, L50, M|100/100
|switch|p2a: Charizard|Charizard, L50, M, shiny|100/100
|switch|p2b: Venusaur|Venusaur, L50, M|100/100
|turn|1
|inactive|marillrag1 has 30 seconds left.
|inactive|Promesus has 30 seconds left.
|
|t:|1785228824
|detailschange|p1a: Raichu|Raichu-Mega-Y, L50, F
|-mega|p1a: Raichu|Raichu|Raichunite Y
|move|p2a: Charizard|Protect|p2a: Charizard
|-singleturn|p2a: Charizard|Protect
|move|p2b: Venusaur|Protect|p2b: Venusaur
|-singleturn|p2b: Venusaur|Protect
|move|p1b: Kingambit|Sucker Punch||[still]
|-fail|p1b: Kingambit
|move|p1a: Raichu|Zap Cannon|p2a: Charizard
|-activate|p2a: Charizard|move: Protect
|
|upkeep
|turn|2
|inactive|marillrag1 has 30 seconds left.
|
|t:|1785228850
|detailschange|p2a: Charizard|Charizard-Mega-Y, L50, M, shiny
|-mega|p2a: Charizard|Charizard|Charizardite Y
|-weather|SunnyDay|[from] ability: Drought|[of] p2a: Charizard
|move|p1b: Kingambit|Protect|p1b: Kingambit
|-singleturn|p1b: Kingambit|Protect
|move|p2b: Venusaur|Sleep Powder|p1a: Raichu
|-status|p1a: Raichu|slp|[from] move: Sleep Powder
|cant|p1a: Raichu|slp
|move|p2a: Charizard|Heat Wave|p1a: Raichu|[spread] p1a
|-activate|p1b: Kingambit|move: Protect
|-damage|p1a: Raichu|24/100 slp
|
|-weather|SunnyDay|[upkeep]
|upkeep
|turn|3
|inactive|Promesus has 30 seconds left.
|inactive|Promesus has 20 seconds left.
|inactive|Promesus has 15 seconds left.
|
|t:|1785228893
|move|p2b: Venusaur|Sleep Powder|p1b: Kingambit
|-status|p1b: Kingambit|slp|[from] move: Sleep Powder
|-curestatus|p1a: Raichu|slp|[msg]
|move|p1a: Raichu|Zap Cannon|p2a: Charizard
|-supereffective|p2a: Charizard|1
|-damage|p2a: Charizard|0 fnt
|faint|p2a: Charizard
|cant|p1b: Kingambit|slp
|
|-weather|SunnyDay|[upkeep]
|upkeep
|
|t:|1785228910
|switch|p2a: Archaludon|Archaludon, L50, M|100/100
|turn|4
|
|t:|1785228921
|move|p1a: Raichu|Protect|p1a: Raichu
|-singleturn|p1a: Raichu|Protect
|move|p2b: Venusaur|Sleep Powder|p1a: Raichu
|-activate|p1a: Raichu|move: Protect
|move|p2a: Archaludon|Electro Shot||[still]
|-prepare|p2a: Archaludon|Electro Shot
|-boost|p2a: Archaludon|spa|1
|cant|p1b: Kingambit|slp
|
|-weather|SunnyDay|[upkeep]
|upkeep
|turn|5
|inactive|marillrag1 has 30 seconds left.
|inactive|marillrag1 has 20 seconds left.
|
|t:|1785228957
|switch|p1a: Sylveon|Sylveon, L50, M|100/100
|-curestatus|p1b: Kingambit|slp|[msg]
|move|p1b: Kingambit|Protect|p1b: Kingambit
|-singleturn|p1b: Kingambit|Protect
|move|p2b: Venusaur|Sleep Powder|p1a: Sylveon
|-status|p1a: Sylveon|slp|[from] move: Sleep Powder
|move|p2a: Archaludon|Electro Shot|p1b: Kingambit|[from] lockedmove
|-activate|p1b: Kingambit|move: Protect
|
|-weather|SunnyDay|[upkeep]
|upkeep
|turn|6
|inactive|marillrag1 has 30 seconds left.
|
|t:|1785228983
|move|p2b: Venusaur|Sleep Powder|p1b: Kingambit
|-status|p1b: Kingambit|slp|[from] move: Sleep Powder
|move|p2a: Archaludon|Flash Cannon|p1a: Sylveon
|-supereffective|p1a: Sylveon|1
|-damage|p1a: Sylveon|17/100 slp
|cant|p1a: Sylveon|slp
|cant|p1b: Kingambit|slp
|
|-weather|none
|upkeep
|turn|7
|
|t:|1785228992
|switch|p2b: Pelipper|Pelipper, L50, M|100/100
|-weather|RainDance|[from] ability: Drizzle|[of] p2b: Pelipper
|cant|p1a: Sylveon|slp
|move|p2a: Archaludon|Electro Shot||[still]
|-prepare|p2a: Archaludon|Electro Shot
|-boost|p2a: Archaludon|spa|1
|-anim|p2a: Archaludon|Electro Shot|p1b: Kingambit
|-damage|p1b: Kingambit|42/100 slp
|-curestatus|p1b: Kingambit|slp|[msg]
|move|p1b: Kingambit|Swords Dance|p1b: Kingambit
|-boost|p1b: Kingambit|atk|2
|
|-weather|RainDance|[upkeep]
|upkeep
|turn|8
|inactive|marillrag1 has 30 seconds left.
|inactive|Promesus has 30 seconds left.
|inactive|marillrag1 has 20 seconds left.
|inactive|marillrag1 has 15 seconds left.
|
|t:|1785229034
|switch|p1a: Raichu|Raichu-Mega-Y, L50, F|24/100
|move|p1b: Kingambit|Sucker Punch|p2a: Archaludon
|-damage|p2a: Archaludon|31/100
|-ability|p2a: Archaludon|Stamina|boost
|-boost|p2a: Archaludon|def|1
|-damage|p1b: Kingambit|32/100|[from] item: Life Orb
|move|p2a: Archaludon|Flash Cannon|p1a: Raichu
|-resisted|p1a: Raichu|1
|-damage|p1a: Raichu|0 fnt
|faint|p1a: Raichu
|move|p2b: Pelipper|Weather Ball|p1b: Kingambit
|-damage|p1b: Kingambit|0 fnt
|faint|p1b: Kingambit
|
|-weather|RainDance|[upkeep]
|-heal|p2a: Archaludon|38/100|[from] item: Leftovers
|upkeep
|
|t:|1785229047
|switch|p1a: Sylveon|Sylveon, L50, M|17/100 slp
|switch|p1b: Staraptor|Staraptor, L50, M|100/100
|-ability|p1b: Staraptor|Intimidate|boost
|-unboost|p2a: Archaludon|atk|1
|-unboost|p2b: Pelipper|atk|1
|turn|9
|
|t:|1785229058
|move|p2a: Archaludon|Protect|p2a: Archaludon
|-singleturn|p2a: Archaludon|Protect
|-curestatus|p1a: Sylveon|slp|[msg]
|move|p1a: Sylveon|Detect|p1a: Sylveon
|-singleturn|p1a: Sylveon|Protect
|move|p1b: Staraptor|Tailwind|p1b: Staraptor
|-sidestart|p1: marillrag1|move: Tailwind
|move|p2b: Pelipper|Tailwind|p2b: Pelipper
|-sidestart|p2: Promesus|move: Tailwind
|
|-weather|RainDance|[upkeep]
|-heal|p2a: Archaludon|44/100|[from] item: Leftovers
|upkeep
|turn|10
|inactive|marillrag1 has 30 seconds left.
|
|t:|1785229097
|move|p1b: Staraptor|Close Combat|p2a: Archaludon
|-supereffective|p2a: Archaludon|1
|-damage|p2a: Archaludon|13/100
|-unboost|p1b: Staraptor|def|1
|-unboost|p1b: Staraptor|spd|1
|-ability|p2a: Archaludon|Stamina|boost
|-boost|p2a: Archaludon|def|1
|move|p2a: Archaludon|Flash Cannon|p1a: Sylveon
|-supereffective|p1a: Sylveon|1
|-damage|p1a: Sylveon|0 fnt
|faint|p1a: Sylveon
|move|p2b: Pelipper|Weather Ball|p1b: Staraptor
|-damage|p1b: Staraptor|1/100
|
|-weather|RainDance|[upkeep]
|-heal|p2a: Archaludon|19/100|[from] item: Leftovers
|upkeep
|turn|11
|-message|marillrag1 forfeited.
|
|win|Promesus
||marillrag1 is ready for game 3.
||Promesus is ready for game 3.
|uhtml|next|Next: Game 3 of 3
|l|☆Promesus
|player|p2|
