|j|☆thecrazur
|j|☆julielovesfroslass
|html|thecrazurjulielovesfroslass    
|uhtml|bestof|Game 1 of a best-of-3
|t:|1784668867
|gametype|doubles
|player|p1|thecrazur|1|1175
|player|p2|julielovesfroslass|waitress|1137
|gen|9
|tier|[Gen 9 Champions] VGC 2026 Reg M-B (Bo3)
|rated|
|rule|Species Clause: Limit one of each Pokémon
|rule|Item Clause: Limit 1 of each item
|clearpoke
|poke|p1|Blaziken, L50, F|
|poke|p1|Ninetales-Alola, L50, F|
|poke|p1|Sinistcha, L50|
|poke|p1|Aerodactyl, L50, M|
|poke|p1|Kingambit, L50, M|
|poke|p1|Basculegion, L50, M|
|poke|p2|Charizard, L50, F, shiny|
|poke|p2|Metagross, L50|
|poke|p2|Hydreigon, L50, F|
|poke|p2|Incineroar, L50, M|
|poke|p2|Toxapex, L50, F|
|poke|p2|Annihilape, L50, M|
|teampreview|4
|showteam|p1|Blaziken||Blazikenite|SpeedBoost|AuraSphere,HeatWave,ScorchingSands,Detect|Modest||F|||50|]Ninetales-Alola||LifeOrb|SnowWarning|Blizzard,FreezeDry,Moonblast,Protect|Timid||F|||50|]Sinistcha||ColburBerry|Hospitality|MatchaGotcha,Protect,TrickRoom,RagePowder|Bold|||||50|]Aerodactyl||Aerodactylite|Unnerve|RockSlide,DualWingbeat,Protect,Tailwind|Jolly||M|||50|]Kingambit||FocusSash|Defiant|SuckerPunch,IronHead,LowKick,KowtowCleave|Adamant||M|||50|]Basculegion||ChoiceScarf|Adaptability|LastRespects,WaveCrash,AquaJet,FlipTurn|Jolly||M|||50|
|showteam|p2|Charizard||CharizarditeY|Blaze|HeatWave,WeatherBall,SolarBeam,Protect|Modest||F|||50|]Metagross||Metagrossite|ClearBody|PsychicFangs,BulletPunch,IcePunch,Protect|Jolly|||||50|]Hydreigon||ChoiceScarf|Levitate|DarkPulse,DracoMeteor,Snarl,EarthPower|Modest||F|||50|]Incineroar||SitrusBerry|Intimidate|FlareBlitz,ThroatChop,PartingShot,FakeOut|Impish||M|||50|]Toxapex||Leftovers|Regenerator|Infestation,Toxic,WideGuard,BanefulBunker|Relaxed||F|||50|]Annihilape||FocusSash|Defiant|PhantomForce,CloseCombat,RockTomb,Protect|Jolly||M|||50|
|inactive|Battle timer is ON: inactive players will automatically lose when time's up. (requested by julielovesfroslass)
|inactive|thecrazur has 60 seconds left.
|inactive|julielovesfroslass has 60 seconds left.
|
|t:|1784668909
|teamsize|p1|4
|teamsize|p2|4
|start
|switch|p1a: Blaziken|Blaziken, L50, F|100/100
|switch|p1b: Aerodactyl|Aerodactyl, L50, M|100/100
|switch|p2a: Metagross|Metagross, L50|100/100
|switch|p2b: Toxapex|Toxapex, L50, F|100/100
|-ability|p1b: Aerodactyl|Unnerve
|turn|1
|
|t:|1784668934
|detailschange|p2a: Metagross|Metagross-Mega, L50
|-mega|p2a: Metagross|Metagross|Metagrossite
|detailschange|p1a: Blaziken|Blaziken-Mega, L50, F
|-mega|p1a: Blaziken|Blaziken|Blazikenite
|move|p1a: Blaziken|Detect|p1a: Blaziken
|-singleturn|p1a: Blaziken|Protect
|move|p2b: Toxapex|Wide Guard|p2b: Toxapex
|-singleturn|p2b: Toxapex|Wide Guard
|move|p1b: Aerodactyl|Tailwind|p1b: Aerodactyl
|-sidestart|p1: thecrazur|move: Tailwind
|move|p2a: Metagross|Psychic Fangs|p1a: Blaziken
|-activate|p1a: Blaziken|move: Protect
|
|-ability|p1a: Blaziken|Speed Boost|boost
|-boost|p1a: Blaziken|spe|1
|upkeep
|turn|2
|inactive|thecrazur has 30 seconds left.
|inactive|thecrazur has 20 seconds left.
|inactive|thecrazur has 15 seconds left.
|
|t:|1784668975
|switch|p1b: Basculegion|Basculegion, L50, M|100/100
|move|p2b: Toxapex|Wide Guard|p2b: Toxapex
|-singleturn|p2b: Toxapex|Wide Guard
|move|p1a: Blaziken|Scorching Sands|p2a: Metagross
|-supereffective|p2a: Metagross|1
|-damage|p2a: Metagross|49/100
|move|p2a: Metagross|Ice Punch|p1b: Basculegion
|-resisted|p1b: Basculegion|1
|-damage|p1b: Basculegion|76/100
|
|-ability|p1a: Blaziken|Speed Boost|boost
|-boost|p1a: Blaziken|spe|1
|upkeep
|turn|3
|inactive|thecrazur has 30 seconds left.
|inactive|julielovesfroslass has 30 seconds left.
|
|t:|1784669006
|switch|p1b: Ninetales|Ninetales-Alola, L50, F|100/100
|-weather|Snowscape|[from] ability: Snow Warning|[of] p1b: Ninetales
|move|p2a: Metagross|Protect|p2a: Metagross
|-singleturn|p2a: Metagross|Protect
|move|p1a: Blaziken|Scorching Sands|p2a: Metagross
|-activate|p2a: Metagross|move: Protect
|move|p2b: Toxapex|Infestation|p1a: Blaziken
|-resisted|p1a: Blaziken|2
|-damage|p1a: Blaziken|99/100
|-activate|p1a: Blaziken|move: Infestation|[of] p2b: Toxapex
|
|-weather|Snowscape|[upkeep]
|-damage|p1a: Blaziken|87/100|[from] move: Infestation|[partiallytrapped]
|-ability|p1a: Blaziken|Speed Boost|boost
|-boost|p1a: Blaziken|spe|1
|upkeep
|turn|4
|inactive|julielovesfroslass has 30 seconds left.
|
|t:|1784669031
|switch|p2a: Hydreigon|Hydreigon, L50, F|100/100
|move|p1b: Ninetales|Protect|p1b: Ninetales
|-singleturn|p1b: Ninetales|Protect
|move|p1a: Blaziken|Scorching Sands|p2a: Hydreigon
|-immune|p2a: Hydreigon|[from] ability: Levitate
|move|p2b: Toxapex|Toxic|p1a: Blaziken
|-status|p1a: Blaziken|tox
|
|-weather|Snowscape|[upkeep]
|-damage|p1a: Blaziken|81/100 tox|[from] psn
|-damage|p1a: Blaziken|69/100 tox|[from] move: Infestation|[partiallytrapped]
|-sideend|p1: thecrazur|move: Tailwind
|-ability|p1a: Blaziken|Speed Boost|boost
|-boost|p1a: Blaziken|spe|1
|upkeep
|turn|5
|
|t:|1784669050
|switch|p2a: Annihilape|Annihilape, L50, M|100/100
|move|p1a: Blaziken|Aura Sphere|p2a: Annihilape
|-immune|p2a: Annihilape
|move|p1b: Ninetales|Freeze-Dry|p2b: Toxapex
|-supereffective|p2b: Toxapex|1
|-damage|p2b: Toxapex|48/100
|-damage|p1b: Ninetales|90/100|[from] item: Life Orb
|move|p2b: Toxapex|Infestation|p1b: Ninetales
|-resisted|p1b: Ninetales|1
|-damage|p1b: Ninetales|88/100
|-activate|p1b: Ninetales|move: Infestation|[of] p2b: Toxapex
|
|-weather|Snowscape|[upkeep]
|-heal|p2b: Toxapex|54/100|[from] item: Leftovers
|-damage|p1a: Blaziken|56/100 tox|[from] psn
|-damage|p1a: Blaziken|44/100 tox|[from] move: Infestation|[partiallytrapped]
|-damage|p1b: Ninetales|76/100|[from] move: Infestation|[partiallytrapped]
|-ability|p1a: Blaziken|Speed Boost|boost
|-boost|p1a: Blaziken|spe|1
|upkeep
|turn|6
|inactive|thecrazur has 30 seconds left.
|
|t:|1784669078
|move|p2a: Annihilape|Protect|p2a: Annihilape
|-singleturn|p2a: Annihilape|Protect
|move|p2b: Toxapex|Baneful Bunker|p2b: Toxapex
|-singleturn|p2b: Toxapex|move: Protect
|move|p1a: Blaziken|Scorching Sands|p2b: Toxapex
|-activate|p2b: Toxapex|move: Protect
|move|p1b: Ninetales|Moonblast|p2a: Annihilape
|-activate|p2a: Annihilape|move: Protect
|
|-weather|Snowscape|[upkeep]
|-heal|p2b: Toxapex|59/100|[from] item: Leftovers
|-damage|p1a: Blaziken|26/100 tox|[from] psn
|-damage|p1a: Blaziken|14/100 tox|[from] move: Infestation|[partiallytrapped]
|-damage|p1b: Ninetales|64/100|[from] move: Infestation|[partiallytrapped]
|-ability|p1a: Blaziken|Speed Boost|boost
|-boost|p1a: Blaziken|spe|1
|upkeep
|turn|7
|inactive|julielovesfroslass has 30 seconds left.
|
|t:|1784669104
|switch|p2a: Metagross|Metagross-Mega, L50|49/100
|move|p1a: Blaziken|Scorching Sands|p2b: Toxapex
|-supereffective|p2b: Toxapex|1
|-damage|p2b: Toxapex|16/100
|move|p1b: Ninetales|Freeze-Dry|p2b: Toxapex
|-supereffective|p2b: Toxapex|1
|-damage|p2b: Toxapex|0 fnt
|faint|p2b: Toxapex
|-damage|p1b: Ninetales|54/100|[from] item: Life Orb
|
|-weather|none
|-damage|p1a: Blaziken|0 fnt|[from] psn
|faint|p1a: Blaziken
|-end|p1b: Ninetales|Infestation|[partiallytrapped]|[silent]
|upkeep
|
|t:|1784669117
|switch|p1a: Basculegion|Basculegion, L50, M|76/100
|switch|p2b: Hydreigon|Hydreigon, L50, F|100/100
|turn|8
|
|t:|1784669140
|switch|p1a: Aerodactyl|Aerodactyl, L50, M|100/100
|-ability|p1a: Aerodactyl|Unnerve
|move|p2a: Metagross|Bullet Punch|p1b: Ninetales
|-supereffective|p1b: Ninetales|2
|-damage|p1b: Ninetales|0 fnt
|faint|p1b: Ninetales
|move|p2b: Hydreigon|Dark Pulse|p1a: Aerodactyl
|-damage|p1a: Aerodactyl|40/100
|
|upkeep
|
|t:|1784669149
|switch|p1b: Basculegion|Basculegion, L50, M|76/100
|turn|9
|
|t:|1784669159
|move|p2a: Metagross|Bullet Punch|p1a: Aerodactyl
|-supereffective|p1a: Aerodactyl|1
|-damage|p1a: Aerodactyl|0 fnt
|faint|p1a: Aerodactyl
|move|p2b: Hydreigon|Dark Pulse|p1b: Basculegion
|-supereffective|p1b: Basculegion|1
|-damage|p1b: Basculegion|0 fnt
|faint|p1b: Basculegion
|
|win|julielovesfroslass
