|j|☆memeberserk
|j|☆viatles
|html|memeberserkviatles    
|uhtml|bestof|Game 1 of a best-of-3
|t:|1783561374
|gametype|doubles
|player|p1|memeberserk|lance|1234
|player|p2|viatles|hiker|1131
|gen|9
|tier|[Gen 9 Champions] VGC 2026 Reg M-B (Bo3)
|rated|
|rule|Species Clause: Limit one of each Pokémon
|rule|Item Clause: Limit 1 of each item
|clearpoke
|poke|p1|Grimmsnarl, L50, M|
|poke|p1|Toxapex, L50, M|
|poke|p1|Pelipper, L50, M|
|poke|p1|Swampert, L50, F|
|poke|p1|Staraptor, L50, F|
|poke|p1|Sinistcha, L50|
|poke|p2|Beedrill, L50, F, shiny|
|poke|p2|Milotic, L50, F, shiny|
|poke|p2|Talonflame, L50, F, shiny|
|poke|p2|Farigiraf, L50, F|
|poke|p2|Decidueye-Hisui, L50, F|
|poke|p2|Sableye, L50, M|
|teampreview|4
|showteam|p1|Grimmsnarl||LightClay|Prankster|LightScreen,Reflect,PartingShot,SpiritBreak|Careful||M|||50|]Toxapex||Leftovers|Regenerator|Infestation,Toxic,BanefulBunker,WideGuard|Bold||M|||50|]Pelipper||FocusSash|Drizzle|Hurricane,WeatherBall,Protect,Tailwind|Timid||M|||50|]Swampert||Swampertite|Torrent|Earthquake,WaveCrash,Protect,IcePunch|Adamant||F|||50|]Staraptor||Staraptite|Intimidate|CloseCombat,Roost,Protect,BraveBird|Adamant||F|||50|]Sinistcha||ColburBerry|Hospitality|MatchaGotcha,Protect,RagePowder,ShadowBall|Bold|||||50|
|showteam|p2|Beedrill||Beedrillite|Swarm|Uturn,DrillRun,PoisonJab,Protect|Jolly||F|||50|]Milotic||Leftovers|Competitive|IcyWind,Scald,Protect,LifeDew|Bold||F|||50|]Talonflame||SharpBeak|GaleWings|DualWingbeat,Tailwind,Protect,WillOWisp|Jolly||F|||50|]Farigiraf||SitrusBerry|ArmorTail|TrickRoom,Thunderbolt,TwinBeam,HelpingHand|Bold||F|||50|]Decidueye-Hisui||ScopeLens|Scrappy|Protect,TripleArrows,LeafBlade,SuckerPunch|Adamant||F|||50|]Sableye||RoseliBerry|Prankster|FakeOut,FoulPlay,RainDance,Quash|Sassy||M|||50|
|c|☆viatles|gl hf
|inactive|Battle timer is ON: inactive players will automatically lose when time's up. (requested by viatles)
|
|t:|1783561405
|teamsize|p1|4
|teamsize|p2|4
|start
|switch|p1a: Grimmsnarl|Grimmsnarl, L50, M|100/100
|switch|p1b: Staraptor|Staraptor, L50, F|100/100
|switch|p2a: Farigiraf|Farigiraf, L50, F|100/100
|switch|p2b: Malsumas|Beedrill, L50, F, shiny|100/100
|-ability|p1b: Staraptor|Intimidate|boost
|-unboost|p2a: Farigiraf|atk|1
|-unboost|p2b: Malsumas|atk|1
|turn|1
|c|☆memeberserk|we meet again old rival
|c|☆memeberserk|our battle will be legendary
|inactive|memeberserk has 30 seconds left.
|inactive|memeberserk has 20 seconds left.
|c|☆viatles|oh wait yeah we did play earlier lol
|inactive|memeberserk has 15 seconds left.
|
|t:|1783561446
|switch|p1a: Toxapex|Toxapex, L50, M|100/100
|detailschange|p2b: Malsumas|Beedrill-Mega, L50, F, shiny
|-mega|p2b: Malsumas|Beedrill|Beedrillite
|detailschange|p1b: Staraptor|Staraptor-Mega, L50, F
|-mega|p1b: Staraptor|Staraptor|Staraptite
|move|p2b: Malsumas|U-turn|p1a: Toxapex
|-resisted|p1a: Toxapex|1
|-damage|p1a: Toxapex|87/100
|c|☆viatles|long time no see
|
|t:|1783561455
|switch|p2b: Sableye|Sableye, L50, M|100/100|[from] U-turn
|move|p1b: Staraptor|Close Combat|p2a: Farigiraf
|-damage|p2a: Farigiraf|47/100
|-boost|p1b: Staraptor|def|1
|-boost|p1b: Staraptor|spd|1
|-enditem|p2a: Farigiraf|Sitrus Berry|[eat]
|-heal|p2a: Farigiraf|72/100|[from] item: Sitrus Berry
|move|p2a: Farigiraf|Trick Room|p2a: Farigiraf
|-fieldstart|move: Trick Room|[of] p2a: Farigiraf
|
|-heal|p1a: Toxapex|93/100|[from] item: Leftovers
|upkeep
|turn|2
|c|☆memeberserk|jajajaja
|
|t:|1783561479
|move|p2b: Sableye|Fake Out|p1a: Toxapex
|-damage|p1a: Toxapex|87/100
|cant|p1a: Toxapex|flinch
|move|p2a: Farigiraf|Twin Beam|p1a: Toxapex
|-supereffective|p1a: Toxapex|1
|-damage|p1a: Toxapex|59/100
|-supereffective|p1a: Toxapex|1
|-damage|p1a: Toxapex|33/100
|-hitcount|p1a: Toxapex|2
|move|p1b: Staraptor|Close Combat|p2a: Farigiraf
|-damage|p2a: Farigiraf|12/100
|-boost|p1b: Staraptor|def|1
|-boost|p1b: Staraptor|spd|1
|
|-heal|p1a: Toxapex|38/100|[from] item: Leftovers
|upkeep
|turn|3
|inactive|viatles has 30 seconds left.
|
|t:|1783561513
|-heal|p1a: Toxapex|71/100|[from] ability: Regenerator|[silent]
|switch|p1a: Grimmsnarl|Grimmsnarl, L50, M|100/100
|switch|p2b: Decidueye|Decidueye-Hisui, L50, F|100/100
|move|p2a: Farigiraf|Thunderbolt|p1b: Staraptor
|-supereffective|p1b: Staraptor|1
|-damage|p1b: Staraptor|79/100
|move|p1b: Staraptor|Close Combat|p2a: Farigiraf
|-damage|p2a: Farigiraf|0 fnt
|-boost|p1b: Staraptor|def|1
|-boost|p1b: Staraptor|spd|1
|faint|p2a: Farigiraf
|
|upkeep
|
|t:|1783561526
|switch|p2a: Sableye|Sableye, L50, M|100/100
|turn|4
|
|t:|1783561544
|move|p1b: Staraptor|Protect|p1b: Staraptor
|-singleturn|p1b: Staraptor|Protect
|move|p2a: Sableye|Fake Out|p1b: Staraptor
|-activate|p1b: Staraptor|move: Protect
|move|p1a: Grimmsnarl|Parting Shot|p2b: Decidueye
|-unboost|p2b: Decidueye|atk|1
|-unboost|p2b: Decidueye|spa|1
|
|t:|1783561552
|switch|p1a: Toxapex|Toxapex, L50, M|71/100|[from] Parting Shot
|move|p2b: Decidueye|Triple Arrows|p1a: Toxapex
|-resisted|p1a: Toxapex|1
|-crit|p1a: Toxapex
|-damage|p1a: Toxapex|51/100
|-unboost|p1a: Toxapex|def|1
|
|-heal|p1a: Toxapex|57/100|[from] item: Leftovers
|upkeep
|turn|5
|
|t:|1783561568
|move|p1a: Toxapex|Baneful Bunker|p1a: Toxapex
|-singleturn|p1a: Toxapex|move: Protect
|move|p2a: Sableye|Quash|p1a: Toxapex
|-activate|p1a: Toxapex|move: Protect
|move|p2b: Decidueye|Triple Arrows|p1b: Staraptor
|-resisted|p1b: Staraptor|1
|-crit|p1b: Staraptor
|-damage|p1b: Staraptor|44/100
|move|p1b: Staraptor|Brave Bird|p2b: Decidueye
|-supereffective|p2b: Decidueye|2
|-damage|p2b: Decidueye|0 fnt
|faint|p2b: Decidueye
|-damage|p1b: Staraptor|10/100|[from] Recoil
|
|-heal|p1a: Toxapex|63/100|[from] item: Leftovers
|-fieldend|move: Trick Room
|upkeep
|
|t:|1783561582
|switch|p2b: Malsumas|Beedrill-Mega, L50, F, shiny|100/100
|turn|6
|
|t:|1783561593
|-heal|p1a: Toxapex|96/100|[from] ability: Regenerator|[silent]
|switch|p1a: Grimmsnarl|Grimmsnarl, L50, M|100/100
|move|p2b: Malsumas|Drill Run|p1a: Grimmsnarl|[miss]
|-miss|p2b: Malsumas|p1a: Grimmsnarl
|move|p1b: Staraptor|Roost|p1b: Staraptor
|-heal|p1b: Staraptor|61/100
|-singleturn|p1b: Staraptor|move: Roost
|move|p2a: Sableye|Foul Play|p1a: Grimmsnarl
|-resisted|p1a: Grimmsnarl|2
|-damage|p1a: Grimmsnarl|88/100
|
|upkeep
|turn|7
|inactive|viatles has 30 seconds left.
|
|t:|1783561622
|move|p2b: Malsumas|Protect|p2b: Malsumas
|-singleturn|p2b: Malsumas|Protect
|move|p1a: Grimmsnarl|Parting Shot|p2b: Malsumas
|-activate|p2b: Malsumas|move: Protect
|move|p1b: Staraptor|Close Combat|p2b: Malsumas
|-activate|p2b: Malsumas|move: Protect
|move|p2a: Sableye|Foul Play|p1b: Staraptor
|-resisted|p1b: Staraptor|1
|-damage|p1b: Staraptor|50/100g
|
|upkeep
|turn|8
|inactive|viatles has 30 seconds left.
|
|t:|1783561647
|move|p1a: Grimmsnarl|Parting Shot|p2b: Malsumas
|-unboost|p2b: Malsumas|atk|1
|-unboost|p2b: Malsumas|spa|1
|
|t:|1783561652
|switch|p1a: Toxapex|Toxapex, L50, M|96/100|[from] Parting Shot
|move|p2b: Malsumas|Poison Jab|p1b: Staraptor
|-damage|p1b: Staraptor|34/100
|move|p1b: Staraptor|Brave Bird|p2b: Malsumas
|-supereffective|p2b: Malsumas|1
|-damage|p2b: Malsumas|0 fnt
|faint|p2b: Malsumas
|-damage|p1b: Staraptor|9/100|[from] Recoil
|move|p2a: Sableye|Foul Play|p1b: Staraptor
|-resisted|p1b: Staraptor|1
|-damage|p1b: Staraptor|0 fnt
|faint|p1b: Staraptor
|
|-heal|p1a: Toxapex|100/100|[from] item: Leftovers
|upkeep
|
|t:|1783561666
|switch|p1b: Grimmsnarl|Grimmsnarl, L50, M|88/100
|turn|9
|
|t:|1783561673
|move|p1b: Grimmsnarl|Spirit Break|p2a: Sableye
|-supereffective|p2a: Sableye|1
|-enditem|p2a: Sableye|Roseli Berry|[eat]
|-enditem|p2a: Sableye|Roseli Berry|[weaken]
|-damage|p2a: Sableye|61/100
|-unboost|p2a: Sableye|spa|1
|move|p2a: Sableye|Foul Play|p1a: Toxapex
|-damage|p1a: Toxapex|87/100
|move|p1a: Toxapex|Toxic|p2a: Sableye
|-status|p2a: Sableye|tox
|
|-heal|p1a: Toxapex|93/100|[from] item: Leftovers
|-damage|p2a: Sableye|56/100 tox|[from] psn
|upkeep
|turn|10
|
|t:|1783561688
|move|p1b: Grimmsnarl|Spirit Break|p2a: Sableye
|-supereffective|p2a: Sableye|1
|-crit|p2a: Sableye
|-damage|p2a: Sableye|0 fnt
|faint|p2a: Sableye
|
|win|memeberserk
||memeberserk is ready for game 2.
