|j|☆anino23
|j|☆mochigno
|html|anino23mochigno    
|uhtml|bestof|Game 1 of a best-of-3
|t:|1783777380
|gametype|doubles
|player|p1|anino23|2|1134
|player|p2|mochigno|169|1130
|gen|9
|tier|[Gen 9 Champions] VGC 2026 Reg M-B (Bo3)
|rated|
|rule|Species Clause: Limit one of each Pokémon
|rule|Item Clause: Limit 1 of each item
|clearpoke
|poke|p1|Pyroar, L50, F, shiny|
|poke|p1|Scrafty, L50, M|
|poke|p1|Mamoswine, L50, F|
|poke|p1|Venusaur, L50, F|
|poke|p1|Torkoal, L50, M|
|poke|p1|Farigiraf, L50, M|
|poke|p2|Rotom-Wash, L50|
|poke|p2|Garchomp, L50, F|
|poke|p2|Kingambit, L50, M|
|poke|p2|Sceptile, L50, F|
|poke|p2|Talonflame, L50, F|
|poke|p2|Incineroar, L50, M|
|teampreview|4
|showteam|p1|Pyroar||Pyroarite|Unnerve|HeatWave,Overheat,Yawn,Protect|Timid||F|||50|]Scrafty||Scraftinite|Intimidate|FakeOut,KnockOff,DrainPunch,IcePunch|Adamant||M|||50|]Mamoswine||FocusSash|Oblivious|IceShard,HighHorsepower,RockSlide,Protect|Jolly||F|||50|]Venusaur||LifeOrb|Chlorophyll|EnergyBall,EarthPower,SludgeBomb,Protect|Modest||F|||50|]Torkoal||HeatRock|Drought|Eruption,HelpingHand,WeatherBall,Protect|Quiet||M|||50|]Farigiraf||SitrusBerry|ArmorTail|Psychic,Thunderbolt,TrickRoom,Protect|Quiet||M|||50|
|showteam|p2|Rotom-Wash||ChoiceScarf|Levitate|Discharge,VoltSwitch,Electroweb,HydroPump|Timid|||||50|]Garchomp||LifeOrb|RoughSkin|DragonClaw,StompingTantrum,Earthquake,Protect|Jolly||F|||50|]Kingambit||ExpertBelt|Defiant|SuckerPunch,IronHead,KowtowCleave,Protect|Adamant||M|||50|]Sceptile||Sceptilite|Unburden|EarthPower,DragonPulse,GrassKnot,Protect|Timid||F|||50|]Talonflame||MentalHerb|GaleWings|WillOWisp,DualWingbeat,Tailwind,Protect|Jolly||F|||50|]Incineroar||SitrusBerry|Intimidate|Snarl,BurningJealousy,FakeOut,PartingShot|Sassy||M|||50|
|inactive|Battle timer is ON: inactive players will automatically lose when time's up. (requested by anino23)
|inactive|anino23 has 60 seconds left.
|inactive|mochigno has 60 seconds left.
|
|t:|1783777418
|teamsize|p1|4
|teamsize|p2|4
|start
|switch|p1a: Pyroar|Pyroar, L50, F, shiny|100/100
|switch|p1b: Mamoswine|Mamoswine, L50, F|100/100
|switch|p2a: Talonflame|Talonflame, L50, F|100/100
|switch|p2b: Sceptile|Sceptile, L50, F|100/100
|-ability|p1a: Pyroar|Unnerve
|turn|1
|inactive|anino23 has 30 seconds left.
|
|t:|1783777444
|detailschange|p1a: Pyroar|Pyroar-Mega, L50, F, shiny
|-mega|p1a: Pyroar|Pyroar|Pyroarite
|move|p1a: Pyroar|Protect|p1a: Pyroar
|-singleturn|p1a: Pyroar|Protect
|move|p2b: Sceptile|Protect|p2b: Sceptile
|-singleturn|p2b: Sceptile|Protect
|move|p2a: Talonflame|Will-O-Wisp|p1b: Mamoswine
|-status|p1b: Mamoswine|brn
|move|p1b: Mamoswine|Rock Slide|p2a: Talonflame|[spread] p2a
|-activate|p2b: Sceptile|move: Protect
|-supereffective|p2a: Talonflame|2
|-damage|p2a: Talonflame|34/100
|
|-damage|p1b: Mamoswine|94/100 brn|[from] brn
|upkeep
|turn|2
|inactive|anino23 has 30 seconds left.
|inactive|anino23 has 20 seconds left.
|
|t:|1783777481
|switch|p1a: Farigiraf|Farigiraf, L50, M|100/100
|switch|p2b: Rotom|Rotom-Wash, L50|100/100
|move|p1b: Mamoswine|Ice Shard|p2b: Rotom
|-resisted|p2b: Rotom|1
|-damage|p2b: Rotom|92/100
|move|p2a: Talonflame|Tailwind|p2a: Talonflame
|-sidestart|p2: mochigno|move: Tailwind
|
|-damage|p1b: Mamoswine|88/100 brn|[from] brn
|upkeep
|turn|3
|
|t:|1783777506
|switch|p1b: Scrafty|Scrafty, L50, M|100/100
|-ability|p1b: Scrafty|Intimidate|boost
|-unboost|p2a: Talonflame|atk|1
|-unboost|p2b: Rotom|atk|1
|move|p2b: Rotom|Volt Switch|p1a: Farigiraf
|-damage|p1a: Farigiraf|69/100
|
|t:|1783777513
|switch|p2b: Sceptile|Sceptile, L50, F|100/100|[from] Volt Switch
|move|p2a: Talonflame|Dual Wingbeat|p1a: Farigiraf
|-damage|p1a: Farigiraf|59/100
|-damage|p1a: Farigiraf|50/100g
|-hitcount|p1a: Farigiraf|2
|move|p1a: Farigiraf|Trick Room|p1a: Farigiraf
|-fieldstart|move: Trick Room|[of] p1a: Farigiraf
|
|upkeep
|turn|4
|
|t:|1783777523
|move|p2b: Sceptile|Protect|p2b: Sceptile
|-singleturn|p2b: Sceptile|Protect
|move|p1a: Farigiraf|Thunderbolt|p2a: Talonflame
|-supereffective|p2a: Talonflame|1
|-damage|p2a: Talonflame|0 fnt
|faint|p2a: Talonflame
|move|p1b: Scrafty|Ice Punch|p2b: Sceptile
|-activate|p2b: Sceptile|move: Protect
|
|upkeep
|
|t:|1783777531
|switch|p2a: Rotom|Rotom-Wash, L50|92/100
|turn|5
|inactive|anino23 has 30 seconds left.
|inactive|mochigno has 30 seconds left.
|inactive|mochigno has 20 seconds left.
|inactive|mochigno has 15 seconds left.
|
|t:|1783777573
|detailschange|p2b: Sceptile|Sceptile-Mega, L50, F
|-mega|p2b: Sceptile|Sceptile|Sceptilite
|move|p1a: Farigiraf|Psychic|p2b: Sceptile
|-damage|p2b: Sceptile|40/100
|-unboost|p2b: Sceptile|spd|1
|move|p1b: Scrafty|Drain Punch|p2b: Sceptile
|-damage|p2b: Sceptile|0 fnt
|faint|p2b: Sceptile
|move|p2a: Rotom|Discharge|p1b: Scrafty|[spread] p1a,p1b
|-damage|p1a: Farigiraf|24/100
|-damage|p1b: Scrafty|77/100
|-enditem|p1a: Farigiraf|Sitrus Berry|[eat]
|-heal|p1a: Farigiraf|49/100|[from] item: Sitrus Berry
|
|-sideend|p2: mochigno|move: Tailwind
|upkeep
|
|t:|1783777584
|switch|p2b: Kingambit|Kingambit, L50, M|100/100
|turn|6
|
|t:|1783777595
|move|p2b: Kingambit|Protect|p2b: Kingambit
|-singleturn|p2b: Kingambit|Protect
|move|p1a: Farigiraf|Psychic|p2a: Rotom
|-damage|p2a: Rotom|33/100
|move|p1b: Scrafty|Drain Punch|p2b: Kingambit
|-activate|p2b: Kingambit|move: Protect
|move|p2a: Rotom|Discharge|p1b: Scrafty|[spread] p1a,p1b
|-activate|p2b: Kingambit|move: Protect
|-damage|p1a: Farigiraf|24/100
|-damage|p1b: Scrafty|52/100
|
|upkeep
|turn|7
|
|t:|1783777608
|move|p1a: Farigiraf|Psychic|p2a: Rotom
|-damage|p2a: Rotom|0 fnt
|faint|p2a: Rotom
|move|p1b: Scrafty|Drain Punch|p2b: Kingambit
|-supereffective|p2b: Kingambit|2
|-damage|p2b: Kingambit|0 fnt
|-heal|p1b: Scrafty|100/100|[from] drain|[of] p2b: Kingambit
|faint|p2b: Kingambit
|
|win|anino23
||anino23 is ready for game 2.
||mochigno is ready for game 2.
|uhtml|next|Next: Game 2 of 3
|l|☆mochigno
|player|p2|
