|j|☆Pan123216
|j|☆naibot2814
|html|Pan123216naibot2814    
|uhtml|bestof|Game 1 of a best-of-3
|t:|1782351708
|gametype|doubles
|player|p1|Pan123216|bellelba|1154
|player|p2|naibot2814|ghetsis|1388
|gen|9
|tier|[Gen 9 Champions] VGC 2026 Reg M-B (Bo3)
|rated|
|rule|Species Clause: Limit one of each Pokémon
|rule|Item Clause: Limit 1 of each item
|clearpoke
|poke|p1|Staraptor, L50, M|
|poke|p1|Grimmsnarl, L50, M|
|poke|p1|Whimsicott, L50, M|
|poke|p1|Basculegion, L50, M|
|poke|p1|Archaludon, L50, M|
|poke|p1|Mawile, L50, F|
|poke|p2|Gholdengo, L50|
|poke|p2|Garchomp, L50, M, shiny|
|poke|p2|Whimsicott, L50, F|
|poke|p2|Incineroar, L50, M|
|poke|p2|Basculegion, L50, M, shiny|
|poke|p2|Charizard, L50, M|
|teampreview|4
|showteam|p1|Staraptor||Staraptite|Intimidate|CloseCombat,BraveBird,Protect,Roost|Jolly||M|||50|]Grimmsnarl||LightClay|Prankster|LightScreen,PartingShot,Reflect,FakeOut|Careful||M|||50|]Whimsicott||MentalHerb|Prankster|Tailwind,Taunt,Charm,Encore|Bold||M|||50|]Basculegion||ChoiceScarf|Adaptability|LastRespects,Outrage,FlipTurn,WaveCrash|Jolly||M|||50|]Archaludon||Leftovers|Stamina|DragonPulse,ElectroShot,FlashCannon,Roar|Modest||M|||50|]Mawile||Mawilite|HyperCutter|SuckerPunch,KnockOff,PlayRough,IronHead|Adamant||F|||50|
|showteam|p2|Gholdengo||SpellTag|GoodasGold|ShadowBall,MakeItRain,NastyPlot,Protect|Modest|||||50|]Garchomp||LifeOrb|RoughSkin|DragonClaw,Earthquake,RockSlide,Protect|Jolly||M|||50|]Whimsicott||FocusSash|Prankster|Tailwind,Encore,Moonblast,Protect|Timid||F|||50|]Incineroar||SitrusBerry|Intimidate|FakeOut,ThroatChop,FlareBlitz,PartingShot|Impish||M|||50|]Basculegion||ChoiceScarf|Adaptability|WaveCrash,LastRespects,AquaJet,FlipTurn|Jolly||M|||50|]Charizard||CharizarditeY|Blaze|WeatherBall,HeatWave,SolarBeam,Protect|Modest||M|||50|
|inactive|Battle timer is ON: inactive players will automatically lose when time's up. (requested by Pan123216)
|inactive|Pan123216 has 60 seconds left.
|inactive|naibot2814 has 60 seconds left.
|inactive|naibot2814 has 30 seconds left.
|inactive|naibot2814 has 20 seconds left.
|inactive|naibot2814 has 15 seconds left.
|inactive|naibot2814 has 10 seconds left.
|
|t:|1782351790
|teamsize|p1|4
|teamsize|p2|4
|start
|switch|p1a: Staraptor|Staraptor, L50, M|100/100
|switch|p1b: Grimmsnarl|Grimmsnarl, L50, M|100/100
|switch|p2a: Incineroar|Incineroar, L50, M|100/100
|switch|p2b: Gholdengo|Gholdengo, L50|100/100
|-ability|p1a: Staraptor|Intimidate|boost
|-unboost|p2a: Incineroar|atk|1
|-unboost|p2b: Gholdengo|atk|1
|-ability|p2a: Incineroar|Intimidate|boost
|-unboost|p1a: Staraptor|atk|1
|-unboost|p1b: Grimmsnarl|atk|1
|turn|1
|
|t:|1782351805
|detailschange|p1a: Staraptor|Staraptor-Mega, L50, M
|-mega|p1a: Staraptor|Staraptor|Staraptite
|move|p1a: Staraptor|Protect|p1a: Staraptor
|-singleturn|p1a: Staraptor|Protect
|move|p2a: Incineroar|Fake Out|p1a: Staraptor
|-activate|p1a: Staraptor|move: Protect
|move|p1b: Grimmsnarl|Light Screen|p1b: Grimmsnarl
|-sidestart|p1: Pan123216|move: Light Screen
|move|p2b: Gholdengo|Nasty Plot|p2b: Gholdengo
|-boost|p2b: Gholdengo|spa|2
|
|upkeep
|turn|2
|
|t:|1782351828
|switch|p2a: Whimsicott|Whimsicott, L50, F|100/100
|move|p1b: Grimmsnarl|Parting Shot|p1a: Staraptor
|-boost|p1a: Staraptor|atk|1
|-boost|p1a: Staraptor|spa|1
|
|t:|1782351830
|switch|p1b: Archaludon|Archaludon, L50, M|100/100|[from] Parting Shot
|move|p1a: Staraptor|Close Combat|p2a: Whimsicott
|-resisted|p2a: Whimsicott|1
|-damage|p2a: Whimsicott|50/100g
|-boost|p1a: Staraptor|def|1
|-boost|p1a: Staraptor|spd|1
|move|p2b: Gholdengo|Nasty Plot|p2b: Gholdengo
|-boost|p2b: Gholdengo|spa|2
|
|upkeep
|turn|3
|inactive|Pan123216 has 30 seconds left.
|inactive|naibot2814 has 30 seconds left.
|inactive|Pan123216 has 20 seconds left.
|inactive|naibot2814 has 20 seconds left.
|inactive|Pan123216 has 15 seconds left.
|inactive|naibot2814 has 15 seconds left.
|
|t:|1782351872
|move|p2a: Whimsicott|Tailwind|p2a: Whimsicott
|-sidestart|p2: naibot2814|move: Tailwind
|move|p2b: Gholdengo|Shadow Ball|p1a: Staraptor
|-damage|p1a: Staraptor|17/100
|move|p1a: Staraptor|Brave Bird|p2b: Gholdengo
|-resisted|p2b: Gholdengo|1
|-damage|p2b: Gholdengo|64/100
|-damage|p1a: Staraptor|5/100|[from] Recoil
|move|p1b: Archaludon|Roar|p2b: Gholdengo
|-immune|p2b: Gholdengo|[from] ability: Good as Gold
|
|upkeep
|turn|4
|
|t:|1782351892
|move|p1a: Staraptor|Protect|p1a: Staraptor
|-singleturn|p1a: Staraptor|Protect
|move|p2a: Whimsicott|Encore|p1b: Archaludon
|-start|p1b: Archaludon|Encore
|move|p2b: Gholdengo|Shadow Ball|p1a: Staraptor
|-activate|p1a: Staraptor|move: Protect
|move|p1b: Archaludon|Roar|p2a: Whimsicott
|drag|p2a: Incineroar|Incineroar, L50, M|100/100
|-ability|p2a: Incineroar|Intimidate|boost
|-boost|p1a: Staraptor|atk|1
|-unboost|p1b: Archaludon|atk|1
|
|upkeep
|turn|5
|
|t:|1782351919
|switch|p1a: Grimmsnarl|Grimmsnarl, L50, M|100/100
|move|p2b: Gholdengo|Shadow Ball|p1a: Grimmsnarl
|-resisted|p1a: Grimmsnarl|1
|-damage|p1a: Grimmsnarl|57/100
|move|p2a: Incineroar|Parting Shot|p1b: Archaludon
|-unboost|p1b: Archaludon|atk|1
|-unboost|p1b: Archaludon|spa|1
|
|t:|1782351927
|switch|p2a: Charizard|Charizard, L50, M|100/100|[from] Parting Shot
|move|p1b: Archaludon|Roar|p2a: Charizard
|drag|p2a: Whimsicott|Whimsicott, L50, F|50/100g
|
|upkeep
|turn|6
|
|t:|1782351943
|move|p2a: Whimsicott|Protect|p2a: Whimsicott
|-singleturn|p2a: Whimsicott|Protect
|move|p1a: Grimmsnarl|Reflect|p1a: Grimmsnarl
|-sidestart|p1: Pan123216|Reflect
|move|p2b: Gholdengo|Shadow Ball|p1b: Archaludon
|-damage|p1b: Archaludon|0 fnt
|faint|p1b: Archaludon
|
|-sideend|p2: naibot2814|move: Tailwind
|upkeep
|
|t:|1782351960
|switch|p1b: Staraptor|Staraptor-Mega, L50, M|5/100
|turn|7
|
|t:|1782351967
|move|p2a: Whimsicott|Tailwind|p2a: Whimsicott
|-sidestart|p2: naibot2814|move: Tailwind
|move|p1a: Grimmsnarl|Parting Shot|p2a: Whimsicott
|-unboost|p2a: Whimsicott|atk|1
|-unboost|p2a: Whimsicott|spa|1
|
|t:|1782351973
|switch|p1a: Basculegion|Basculegion, L50, M|100/100|[from] Parting Shot
|move|p2b: Gholdengo|Shadow Ball|p1b: Staraptor
|-damage|p1b: Staraptor|0 fnt
|faint|p1b: Staraptor
|
|upkeep
|
|t:|1782351978
|switch|p1b: Grimmsnarl|Grimmsnarl, L50, M|57/100
|turn|8
|
|t:|1782351993
|switch|p2a: Incineroar|Incineroar, L50, M|100/100
|-ability|p2a: Incineroar|Intimidate|boost
|-unboost|p1a: Basculegion|atk|1
|-unboost|p1b: Grimmsnarl|atk|1
|move|p1b: Grimmsnarl|Fake Out|p2a: Incineroar
|-damage|p2a: Incineroar|93/100
|move|p2b: Gholdengo|Shadow Ball|p1a: Basculegion
|-supereffective|p1a: Basculegion|1
|-damage|p1a: Basculegion|0 fnt
|faint|p1a: Basculegion
|
|-sideend|p1: Pan123216|move: Light Screen
|upkeep
|turn|9
|-message|Pan123216 forfeited.
|raw|Pan123216's rating: 1154 → 1144(-10 for losing)
|raw|naibot2814's rating: 1388 → 1396(+8 for winning)
|
|win|naibot2814
|l|☆Pan123216
|player|p1|
