|j|☆Blitzball Ace
|j|☆Sodamario
|html|Blitzball AceSodamario    
|uhtml|bestof|Game 3 of a best-of-3
|t:|1755971491
|gametype|doubles
|player|p1|Blitzball Ace|kamado-armor|1322
|player|p2|Sodamario|170|1356
|gen|9
|tier|[Gen 9] VGC 2025 Reg H (Bo3)
|rated|
|rule|Species Clause: Limit one of each Pokémon
|rule|Item Clause: Limit 1 of each item
|clearpoke
|poke|p1|Garchomp, L50, F|
|poke|p1|Incineroar, L50, M|
|poke|p1|Sneasler, L50, F|
|poke|p1|Dragonite, L50, M|
|poke|p1|Amoonguss, L50, F|
|poke|p1|Hydreigon, L50, F|
|poke|p2|Gholdengo, L50|
|poke|p2|Rillaboom, L50, M|
|poke|p2|Annihilape, L50, F|
|poke|p2|Arcanine-Hisui, L50, M|
|poke|p2|Ninetales-Alola, L50, F|
|poke|p2|Hydreigon, L50, M|
|teampreview|4
|showteam|p1|Garchomp||LifeOrb|RoughSkin|Earthquake,DragonClaw,StompingTantrum,Protect|||F|||50|,,,,,Ground]Incineroar||SafetyGoggles|Intimidate|FakeOut,FlareBlitz,KnockOff,PartingShot|||M|||50|,,,,,Ghost]Sneasler||FocusSash|Unburden|FakeOut,Coaching,DireClaw,CloseCombat|||F|||50|,,,,,Ghost]Dragonite||LoadedDice|Multiscale|ScaleShot,Haze,Tailwind,Protect|||M|||50|,,,,,Fairy]Amoonguss||SitrusBerry|Regenerator|Spore,RagePowder,PollenPuff,Protect|||F|||50|,,,,,Water]Hydreigon||ChoiceSpecs|Levitate|HeatWave,DracoMeteor,DarkPulse,Uturn|||F|||50|,,,,,Fire
|showteam|p2|Gholdengo||GrassySeed|GoodasGold|MakeItRain,ShadowBall,NastyPlot,Protect||||||50|,,,,,Water]Rillaboom||AssaultVest|GrassySurge|GrassyGlide,WoodHammer,Uturn,FakeOut|||M|||50|,,,,,Fire]Annihilape||ChoiceScarf|Defiant|CloseCombat,RageFist,Uturn,FinalGambit|||F|||50|,,,,,Grass]Arcanine-Hisui||MirrorHerb|Intimidate|FlareBlitz,RockSlide,ExtremeSpeed,Protect|||M|||50|,,,,,Fairy]Ninetales-Alola||FocusSash|SnowWarning|AuroraVeil,Blizzard,Encore,Protect|||F|||50|,,,,,Ghost]Hydreigon||CovertCloak|Levitate|DracoMeteor,Snarl,Tailwind,Protect|||M|||50|,,,,,Ghost
|
|t:|1755971539
|teamsize|p1|4
|teamsize|p2|4
|start
|switch|p1a: Kaladin|Garchomp, L50, F, shiny|100/100
|switch|p1b: Sneasler|Sneasler, L50, F|100/100
|switch|p2a: Dog 2|Ninetales-Alola, L50, F|100/100
|switch|p2b: Dog 1|Arcanine-Hisui, L50, M|100/100
|-weather|Snowscape|[from] ability: Snow Warning|[of] p2a: Dog 2
|-ability|p2b: Dog 1|Intimidate|boost
|-unboost|p1a: Kaladin|atk|1
|-unboost|p1b: Sneasler|atk|1
|turn|1
|j| Kinglotin
|
|t:|1755971582
|switch|p1a: Dalinar|Incineroar, L50, M, shiny|100/100
|-ability|p1a: Dalinar|Intimidate|boost
|-unboost|p2a: Dog 2|atk|1
|-unboost|p2b: Dog 1|atk|1
|switch|p2b: Ape 1|Rillaboom, L50, M|100/100
|-fieldstart|move: Grassy Terrain|[from] ability: Grassy Surge|[of] p2b: Ape 1
|move|p1b: Sneasler|Dire Claw|p2b: Ape 1
|-supereffective|p2b: Ape 1
|-damage|p2b: Ape 1|40/100
|-status|p2b: Ape 1|slp
|move|p2a: Dog 2|Blizzard|p1a: Dalinar|[spread] p1a,p1b
|-resisted|p1a: Dalinar
|-damage|p1a: Dalinar|86/100
|-damage|p1b: Sneasler|61/100
|
|-weather|Snowscape|[upkeep]
|-heal|p1b: Sneasler|67/100|[from] Grassy Terrain
|-heal|p2b: Ape 1|47/100 slp|[from] Grassy Terrain
|-heal|p1a: Dalinar|92/100|[from] Grassy Terrain
|upkeep
|turn|2
|
|t:|1755971631
|switch|p2a: Dog 1|Arcanine-Hisui, L50, M|100/100
|-ability|p2a: Dog 1|Intimidate|boost
|-unboost|p1a: Dalinar|atk|1
|-unboost|p1b: Sneasler|atk|1
|switch|p2b: Mr. Money Man|Gholdengo, L50, shiny|100/100
|-enditem|p2b: Mr. Money Man|Grassy Seed
|-boost|p2b: Mr. Money Man|def|1|[from] item: Grassy Seed
|move|p1b: Sneasler|Dire Claw|p2b: Mr. Money Man
|-immune|p2b: Mr. Money Man
|move|p1a: Dalinar|Parting Shot|p2b: Mr. Money Man
|-immune|p2b: Mr. Money Man|[from] ability: Good as Gold
|
|-weather|Snowscape|[upkeep]
|-heal|p1b: Sneasler|73/100|[from] Grassy Terrain
|-heal|p1a: Dalinar|98/100|[from] Grassy Terrain
|upkeep
|turn|3
|
|t:|1755971689
|switch|p1b: Kaladin|Garchomp, L50, F, shiny|100/100
|move|p2a: Dog 1|Rock Slide|p1b: Kaladin|[spread] p1a,p1b
|-supereffective|p1a: Dalinar
|-crit|p1a: Dalinar
|-resisted|p1b: Kaladin
|-damage|p1a: Dalinar|29/100
|-damage|p1b: Kaladin|86/100
|move|p2b: Mr. Money Man|Nasty Plot|p2b: Mr. Money Man
|-boost|p2b: Mr. Money Man|spa|2
|move|p1a: Dalinar|Parting Shot|p2a: Dog 1
|-unboost|p2a: Dog 1|atk|1
|-unboost|p2a: Dog 1|spa|1
|l| Kinglotin
|
|t:|1755971713
|switch|p1a: Hydreigon|Hydreigon, L50, F|100/100|[from] Parting Shot
|
|-weather|Snowscape|[upkeep]
|-heal|p1b: Kaladin|92/100|[from] Grassy Terrain
|upkeep
|turn|4
|
|t:|1755971733
|switch|p2a: Ape 1|Rillaboom, L50, M|47/100 slp
|-terastallize|p1a: Hydreigon|Fire
|move|p2b: Mr. Money Man|Protect|p2b: Mr. Money Man
|-singleturn|p2b: Mr. Money Man|Protect
|move|p1b: Kaladin|Stomping Tantrum|p2a: Ape 1
|-resisted|p2a: Ape 1
|-damage|p2a: Ape 1|20/100 slp
|-damage|p1b: Kaladin|82/100|[from] item: Life Orb
|move|p1a: Hydreigon|Heat Wave|p2a: Ape 1|[spread] p2a
|-activate|p2b: Mr. Money Man|move: Protect
|-supereffective|p2a: Ape 1
|-damage|p2a: Ape 1|0 fnt
|faint|p2a: Ape 1
|
|-weather|Snowscape|[upkeep]
|-heal|p1b: Kaladin|88/100|[from] Grassy Terrain
|upkeep
|
|t:|1755971740
|switch|p2a: Dog 1|Arcanine-Hisui, L50, M|100/100
|-ability|p2a: Dog 1|Intimidate|boost
|-unboost|p1a: Hydreigon|atk|1
|-unboost|p1b: Kaladin|atk|1
|turn|5
|
|t:|1755971803
|switch|p1a: Dalinar|Incineroar, L50, M, shiny|29/100
|-ability|p1a: Dalinar|Intimidate|boost
|-unboost|p2a: Dog 1|atk|1
|-unboost|p2b: Mr. Money Man|atk|1
|-terastallize|p2b: Mr. Money Man|Water
|move|p1b: Kaladin|Protect|p1b: Kaladin
|-singleturn|p1b: Kaladin|Protect
|move|p2a: Dog 1|Protect|p2a: Dog 1
|-singleturn|p2a: Dog 1|Protect
|move|p2b: Mr. Money Man|Shadow Ball|p1b: Kaladin
|-activate|p1b: Kaladin|move: Protect
|
|-weather|none
|-heal|p1b: Kaladin|94/100|[from] Grassy Terrain
|-heal|p1a: Dalinar|35/100|[from] Grassy Terrain
|-fieldend|move: Grassy Terrain
|upkeep
|turn|6
|
|t:|1755971832
|switch|p2a: Dog 2|Ninetales-Alola, L50, F|100/100
|-weather|Snowscape|[from] ability: Snow Warning|[of] p2a: Dog 2
|move|p1a: Dalinar|Fake Out|p2b: Mr. Money Man
|-damage|p2b: Mr. Money Man|92/100
|move|p1b: Kaladin|Earthquake|p2b: Mr. Money Man|[spread] p1a,p2a,p2b
|-supereffective|p1a: Dalinar
|-damage|p1a: Dalinar|0 fnt
|-damage|p2a: Dog 2|66/100
|-damage|p2b: Mr. Money Man|71/100
|faint|p1a: Dalinar
|-damage|p1b: Kaladin|85/100|[from] item: Life Orb
|cant|p2b: Mr. Money Man|flinch
|
|-weather|Snowscape|[upkeep]
|upkeep
|
|t:|1755971845
|switch|p1a: Sneasler|Sneasler, L50, F|73/100
|turn|7
|
|t:|1755971869
|move|p2a: Dog 2|Protect|p2a: Dog 2
|-singleturn|p2a: Dog 2|Protect
|move|p1b: Kaladin|Protect|p1b: Kaladin
|-singleturn|p1b: Kaladin|Protect
|move|p2b: Mr. Money Man|Protect|p2b: Mr. Money Man
|-singleturn|p2b: Mr. Money Man|Protect
|move|p1a: Sneasler|Dire Claw|p2a: Dog 2
|-activate|p2a: Dog 2|move: Protect
|
|-weather|Snowscape|[upkeep]
|upkeep
|turn|8
|
|t:|1755971886
|switch|p1b: Hydreigon|Hydreigon, L50, F, tera:Fire|100/100
|move|p1a: Sneasler|Dire Claw|p2a: Dog 2
|-supereffective|p2a: Dog 2
|-damage|p2a: Dog 2|0 fnt
|faint|p2a: Dog 2
|move|p2b: Mr. Money Man|Make It Rain|p1b: Hydreigon|[spread] p1a,p1b
|-resisted|p1b: Hydreigon
|-damage|p1a: Sneasler|0 fnt
|-damage|p1b: Hydreigon|53/100
|-unboost|p2b: Mr. Money Man|spa|1
|faint|p1a: Sneasler
|
|-weather|Snowscape|[upkeep]
|upkeep
|
|t:|1755971897
|switch|p1a: Kaladin|Garchomp, L50, F, shiny|85/100
|switch|p2a: Dog 1|Arcanine-Hisui, L50, M|100/100
|-ability|p2a: Dog 1|Intimidate|boost
|-unboost|p1a: Kaladin|atk|1
|-unboost|p1b: Hydreigon|atk|1
|turn|9
|
|t:|1755971935
|move|p2a: Dog 1|Protect|p2a: Dog 1
|-singleturn|p2a: Dog 1|Protect
|move|p1a: Kaladin|Earthquake|p2a: Dog 1|[spread] p2b
|-activate|p2a: Dog 1|move: Protect
|-immune|p1b: Hydreigon|[from] ability: Levitate
|-damage|p2b: Mr. Money Man|48/100
|-damage|p1a: Kaladin|75/100|[from] item: Life Orb
|move|p1b: Hydreigon|Dark Pulse|p2b: Mr. Money Man
|-damage|p2b: Mr. Money Man|0 fnt
|faint|p2b: Mr. Money Man
|
|-weather|Snowscape|[upkeep]
|upkeep
|turn|10
|-message|Sodamario forfeited.
|
|win|Blitzball Ace
|raw|Blitzball Ace's rating: 1322 → 1344(+22 for winning)
|raw|Sodamario's rating: 1356 → 1334(-22 for losing)
|c|☆Blitzball Ace|gg good set
|c|☆Sodamario|Gg that was fun
|c|☆Blitzball Ace|very
|c|☆Blitzball Ace|have a good one
|c|☆Sodamario|U 2
|l|☆Sodamario
|player|p2|
