|badge|p1|bronze|gen9ou|100-6
|uhtml|medal-msg|Curious what those medals under the avatar are? PS now has Ladder Seasons! For more information, check out the thread on Smogon.
|j|☆JackRG1
|j|☆TreyBayBay
|html|JackRG1TreyBayBay    
|uhtml|bestof|Game 2 of a best-of-3
|t:|1757698087
|gametype|doubles
|player|p1|JackRG1|dawn-gen4pt|1167
|player|p2|TreyBayBay|ninjaboy|1154
|gen|9
|tier|[Gen 9] VGC 2025 Reg H (Bo3)
|rated|
|rule|Species Clause: Limit one of each Pokémon
|rule|Item Clause: Limit 1 of each item
|clearpoke
|poke|p1|Tyranitar, L50, F|
|poke|p1|Excadrill, L50, F|
|poke|p1|Milotic, L50, M|
|poke|p1|Indeedee-F, L50, F|
|poke|p1|Volcarona, L50, F|
|poke|p1|Hatterene, L50, F|
|poke|p2|Ninetales-Alola, L50, F|
|poke|p2|Farigiraf, L50, F|
|poke|p2|Sneasler, L50, M|
|poke|p2|Incineroar, L50, F|
|poke|p2|Archaludon, L50, F|
|poke|p2|Hydreigon, L50, F|
|teampreview|4
|showteam|p1|Tyranitar||AssaultVest|SandStream|RockSlide,KnockOff,LowKick,TeraBlast|||F|||50|,,,,,Flying]Excadrill||FocusSash|SandRush|Earthquake,HighHorsepower,IronHead,Protect|||F|||50|,,,,,Stellar]Milotic||CovertCloak|Competitive|Scald,IcyWind,Haze,Protect|||M|||50|,,,,,Grass]Indeedee-F||SafetyGoggles|PsychicSurge|TrickRoom,Protect,Psychic,FollowMe|||F|||50|,,,,,Fairy]Volcarona||Leftovers|FlameBody|Protect,HeatWave,QuiverDance,GigaDrain|||F|||50|,,,,,Grass]Hatterene||LifeOrb|MagicBounce|DazzlingGleam,TrickRoom,ExpandingForce,Protect|||F|||50|,,,,,Fairy
|showteam|p2|Ninetales-Alola||LightClay|SnowWarning|Protect,Blizzard,Moonblast,AuroraVeil|||F|||50|,,,,,Ghost]Farigiraf||ThroatSpray|ArmorTail|ExpandingForce,HyperVoice,TrickRoom,Imprison|||F|||50|,,,,,Fairy]Sneasler||FocusSash|PoisonTouch|FakeOut,DireClaw,CloseCombat,Taunt|||M|||50|,,,,,Stellar]Incineroar||SafetyGoggles|Intimidate|FakeOut,FlareBlitz,KnockOff,WillOWisp|||F|||50|,,,,,Ghost]Archaludon||AssaultVest|Stamina|DracoMeteor,FlashCannon,BodyPress,Snarl|||F|||50|,,,,,Bug]Hydreigon||CovertCloak|Levitate|DarkPulse,EarthPower,NastyPlot,Tailwind|||F|||50|,,,,,Ghost
|inactive|Battle timer is ON: inactive players will automatically lose when time's up. (requested by JackRG1)
|
|t:|1757698117
|teamsize|p1|4
|teamsize|p2|4
|start
|switch|p1a: Volcarona|Volcarona, L50, F|100/100
|switch|p1b: Milotic|Milotic, L50, M|100/100
|switch|p2a: Sneasler|Sneasler, L50, M|100/100
|switch|p2b: Hydreigon|Hydreigon, L50, F, shiny|100/100
|turn|1
|
|t:|1757698133
|move|p1a: Volcarona|Protect|p1a: Volcarona
|-singleturn|p1a: Volcarona|Protect
|move|p2a: Sneasler|Taunt|p1a: Volcarona
|-activate|p1a: Volcarona|move: Protect
|move|p2b: Hydreigon|Tailwind|p2b: Hydreigon
|-sidestart|p2: TreyBayBay|move: Tailwind
|move|p1b: Milotic|Icy Wind|p2b: Hydreigon|[spread] p2a,p2b
|-supereffective|p2b: Hydreigon
|-damage|p2a: Sneasler|84/100
|-damage|p2b: Hydreigon|78/100
|-unboost|p2a: Sneasler|spe|1
|
|upkeep
|turn|2
|
|t:|1757698154
|move|p2b: Hydreigon|Nasty Plot|p2b: Hydreigon
|-boost|p2b: Hydreigon|spa|2
|move|p2a: Sneasler|Dire Claw|p1a: Volcarona
|-damage|p1a: Volcarona|47/100
|-status|p1a: Volcarona|slp
|-status|p2a: Sneasler|brn|[from] ability: Flame Body|[of] p1a: Volcarona
|cant|p1a: Volcarona|slp
|move|p1b: Milotic|Icy Wind|p2b: Hydreigon|[spread] p2a,p2b
|-supereffective|p2b: Hydreigon
|-crit|p2b: Hydreigon
|-damage|p2a: Sneasler|70/100 brn
|-damage|p2b: Hydreigon|45/100
|-unboost|p2a: Sneasler|spe|1
|
|-heal|p1a: Volcarona|53/100 slp|[from] item: Leftovers
|-damage|p2a: Sneasler|64/100 brn|[from] brn
|upkeep
|turn|3
|inactive|TreyBayBay has 30 seconds left.
|
|t:|1757698185
|switch|p1a: Tyranitar|Tyranitar, L50, F|100/100
|-weather|Sandstorm|[from] ability: Sand Stream|[of] p1a: Tyranitar
|move|p2b: Hydreigon|Earth Power|p1a: Tyranitar
|-supereffective|p1a: Tyranitar
|-damage|p1a: Tyranitar|52/100
|move|p2a: Sneasler|Taunt|p1b: Milotic
|-start|p1b: Milotic|move: Taunt
|cant|p1b: Milotic|move: Taunt|Haze
|
|-weather|Sandstorm|[upkeep]
|-damage|p2b: Hydreigon|39/100|[from] Sandstorm
|-damage|p2a: Sneasler|58/100 brn|[from] Sandstorm
|-damage|p1b: Milotic|95/100|[from] Sandstorm
|-damage|p2a: Sneasler|52/100 brn|[from] brn
|upkeep
|turn|4
|
|t:|1757698204
|move|p2b: Hydreigon|Dark Pulse|p1a: Tyranitar
|-resisted|p1a: Tyranitar
|-damage|p1a: Tyranitar|36/100
|move|p2a: Sneasler|Close Combat|p1a: Tyranitar
|-supereffective|p1a: Tyranitar
|-damage|p1a: Tyranitar|0 fnt
|-unboost|p2a: Sneasler|def|1
|-unboost|p2a: Sneasler|spd|1
|faint|p1a: Tyranitar
|move|p1b: Milotic|Icy Wind|p2b: Hydreigon|[spread] p2a,p2b
|-supereffective|p2b: Hydreigon
|-damage|p2a: Sneasler|26/100 brn
|-damage|p2b: Hydreigon|16/100
|-unboost|p2a: Sneasler|spe|1
|
|-weather|Sandstorm|[upkeep]
|-damage|p2b: Hydreigon|10/100|[from] Sandstorm
|-damage|p2a: Sneasler|20/100 brn|[from] Sandstorm
|-damage|p1b: Milotic|89/100|[from] Sandstorm
|-damage|p2a: Sneasler|15/100 brn|[from] brn
|-sideend|p2: TreyBayBay|move: Tailwind
|upkeep
|
|t:|1757698209
|switch|p1a: Excadrill|Excadrill, L50, F|100/100
|turn|5
|inactive|TreyBayBay has 30 seconds left.
|
|t:|1757698241
|switch|p2b: Archaludon|Archaludon, L50, F, shiny|100/100
|move|p1a: Excadrill|Iron Head|p2b: Archaludon
|-resisted|p2b: Archaludon
|-damage|p2b: Archaludon|85/100
|-ability|p2b: Archaludon|Stamina|boost
|-boost|p2b: Archaludon|def|1
|move|p1b: Milotic|Scald|p2a: Sneasler
|-damage|p2a: Sneasler|0 fnt
|faint|p2a: Sneasler
|
|-weather|Sandstorm|[upkeep]
|-damage|p1b: Milotic|83/100|[from] Sandstorm
|-end|p1b: Milotic|move: Taunt
|upkeep
|
|t:|1757698254
|switch|p2a: Farigiraf|Farigiraf, L50, F, shiny|100/100
|turn|6
|
|t:|1757698269
|-terastallize|p2b: Archaludon|Bug
|move|p1a: Excadrill|High Horsepower|p2b: Archaludon
|-resisted|p2b: Archaludon
|-damage|p2b: Archaludon|73/100
|-ability|p2b: Archaludon|Stamina|boost
|-boost|p2b: Archaludon|def|1
|move|p2b: Archaludon|Body Press|p1a: Excadrill
|-supereffective|p1a: Excadrill
|-enditem|p1a: Excadrill|Focus Sash
|-damage|p1a: Excadrill|1/100
|move|p1b: Milotic|Scald|p2b: Archaludon
|-damage|p2b: Archaludon|52/100
|-ability|p2b: Archaludon|Stamina|boost
|-boost|p2b: Archaludon|def|1
|move|p2a: Farigiraf|Trick Room|p2a: Farigiraf
|-fieldstart|move: Trick Room|[of] p2a: Farigiraf
|
|-weather|Sandstorm|[upkeep]
|-damage|p2a: Farigiraf|94/100|[from] Sandstorm
|-damage|p1b: Milotic|77/100|[from] Sandstorm
|-damage|p2b: Archaludon|46/100|[from] Sandstorm
|upkeep
|turn|7
|
|t:|1757698290
|move|p2a: Farigiraf|Hyper Voice|p1a: Excadrill|[spread] p1a,p1b
|-resisted|p1a: Excadrill
|-damage|p1a: Excadrill|0 fnt
|-damage|p1b: Milotic|60/100
|faint|p1a: Excadrill
|-enditem|p2a: Farigiraf|Throat Spray
|-boost|p2a: Farigiraf|spa|1|[from] item: Throat Spray
|move|p1b: Milotic|Haze|p1b: Milotic
|-clearallboost
|move|p2b: Archaludon|Body Press|p1b: Milotic
|-damage|p1b: Milotic|41/100
|
|-weather|none
|upkeep
|
|t:|1757698295
|switch|p1a: Volcarona|Volcarona, L50, F|53/100 slp
|turn|8
|
|t:|1757698306
|cant|p1a: Volcarona|slp
|move|p2a: Farigiraf|Hyper Voice|p1b: Milotic|[spread] p1a,p1b
|-crit|p1a: Volcarona
|-damage|p1a: Volcarona|16/100 slp
|-damage|p1b: Milotic|23/100
|move|p1b: Milotic|Scald|p2b: Archaludon
|-damage|p2b: Archaludon|25/100
|-ability|p2b: Archaludon|Stamina|boost
|-boost|p2b: Archaludon|def|1
|move|p2b: Archaludon|Snarl|p1a: Volcarona|[spread] p1a,p1b
|-damage|p1a: Volcarona|5/100 slp
|-damage|p1b: Milotic|14/100
|-unboost|p1a: Volcarona|spa|1
|
|-heal|p1a: Volcarona|11/100 slp|[from] item: Leftovers
|upkeep
|turn|9
|-message|JackRG1 forfeited.
|
|win|TreyBayBay
|l|☆JackRG1
|player|p1|
||JackRG1 is ready for game 3.
