|j|☆torkoal_the_wise
|j|☆lettitripppp
|html|torkoal_the_wiselettitripppp    
|uhtml|bestof|Game 1 of a best-of-3
|t:|1783232183
|gametype|doubles
|player|p1|torkoal_the_wise|170|1130
|player|p2|lettitripppp|lucas|1264
|gen|9
|tier|[Gen 9 Champions] VGC 2026 Reg M-B (Bo3)
|rated|
|rule|Species Clause: Limit one of each Pokémon
|rule|Item Clause: Limit 1 of each item
|clearpoke
|poke|p1|Whimsicott, L50, F, shiny|
|poke|p1|Pyroar, L50, F|
|poke|p1|Floette-Eternal, L50, F|
|poke|p1|Mamoswine, L50, F|
|poke|p1|Basculegion, L50, M, shiny|
|poke|p1|Kingambit, L50, M, shiny|
|poke|p2|Charizard, L50, F|
|poke|p2|Floette-Eternal, L50, F|
|poke|p2|Basculegion, L50, M|
|poke|p2|Whimsicott, L50, F, shiny|
|poke|p2|Garchomp, L50, M, shiny|
|poke|p2|Kingambit, L50, F, shiny|
|teampreview|4
|showteam|p1|Whimsicott||FocusSash|Prankster|Moonblast,Tailwind,SunnyDay,Protect|Timid||F|||50|]Pyroar||Pyroarite|Unnerve|HeatWave,Overheat,SolarBeam,Protect|Timid||F|||50|]Floette-Eternal||Floettite|FlowerVeil|Moonblast,DazzlingGleam,LightofRuin,Protect|Modest||F|||50|]Mamoswine||LifeOrb|Oblivious|HighHorsepower,IceShard,RockSlide,Protect|Adamant||F|||50|]Basculegion||MysticWater|Adaptability|WaveCrash,LastRespects,AquaJet,Protect|Adamant||M|||50|]Kingambit||BlackGlasses|Defiant|KowtowCleave,SuckerPunch,IronHead,Protect|Brave||M|||50|
|showteam|p2|Charizard||CharizarditeY|Blaze|WeatherBall,SolarBeam,HeatWave,Protect|Modest||F|||50|]Floette-Eternal||Floettite|FlowerVeil|DazzlingGleam,LightofRuin,Moonblast,Protect|Timid||F|||50|]Basculegion||MysticWater|Adaptability|LastRespects,WaveCrash,AquaJet,Protect|Adamant||M|||50|]Whimsicott||FocusSash|Prankster|Moonblast,Tailwind,Encore,Protect|Timid||F|||50|]Garchomp||LifeOrb|RoughSkin|DragonClaw,Earthquake,RockSlide,Protect|Jolly||M|||50|]Kingambit||OccaBerry|Defiant|KowtowCleave,SuckerPunch,IronHead,Protect|Adamant||F|||50|
|inactive|Battle timer is ON: inactive players will automatically lose when time's up. (requested by lettitripppp)
|
|t:|1783232213
|teamsize|p1|4
|teamsize|p2|4
|start
|switch|p1a: Mamoswine|Mamoswine, L50, F|100/100
|switch|p1b: Whimsicott|Whimsicott, L50, F, shiny|100/100
|switch|p2a: AGNI|Charizard, L50, F|100/100
|switch|p2b: LETS GO GO|Whimsicott, L50, F, shiny|100/100
|turn|1
|
|t:|1783232222
|detailschange|p2a: AGNI|Charizard-Mega-Y, L50, F
|-mega|p2a: AGNI|Charizard|Charizardite Y
|-weather|SunnyDay|[from] ability: Drought|[of] p2a: AGNI
|move|p1b: Whimsicott|Tailwind|p1b: Whimsicott
|-sidestart|p1: torkoal_the_wise|move: Tailwind
|move|p2b: LETS GO GO|Tailwind|p2b: LETS GO GO
|-sidestart|p2: lettitripppp|move: Tailwind
|move|p2a: AGNI|Heat Wave|p1b: Whimsicott|[spread] p1a,p1b
|-supereffective|p1a: Mamoswine|1
|-supereffective|p1b: Whimsicott|1
|-damage|p1a: Mamoswine|0 fnt
|-enditem|p1b: Whimsicott|Focus Sash
|-damage|p1b: Whimsicott|1/100
|faint|p1a: Mamoswine
|
|-weather|SunnyDay|[upkeep]
|upkeep
|
|t:|1783232236
|switch|p1a: Pyroar|Pyroar, L50, F|100/100
|-ability|p1a: Pyroar|Unnerve
|turn|2
|
|t:|1783232243
|detailschange|p1a: Pyroar|Pyroar-Mega, L50, F
|-mega|p1a: Pyroar|Pyroar|Pyroarite
|move|p1b: Whimsicott|Protect|p1b: Whimsicott
|-singleturn|p1b: Whimsicott|Protect
|move|p2b: LETS GO GO|Encore|p1b: Whimsicott
|-activate|p1b: Whimsicott|move: Protect
|move|p1a: Pyroar|Heat Wave|p2b: LETS GO GO|[spread] p2a,p2b
|-resisted|p2a: AGNI|1
|-supereffective|p2b: LETS GO GO|1
|-damage|p2a: AGNI|60/100
|-enditem|p2b: LETS GO GO|Focus Sash
|-damage|p2b: LETS GO GO|1/100
|move|p2a: AGNI|Heat Wave|p1a: Pyroar|[spread] 
|-activate|p1b: Whimsicott|move: Protect
|-miss|p2a: AGNI|p1a: Pyroar
|
|-weather|SunnyDay|[upkeep]
|upkeep
|turn|3
|inactive|lettitripppp has 30 seconds left.
|
|t:|1783232276
|switch|p1b: Floette|Floette-Eternal, L50, F|100/100
|move|p2b: LETS GO GO|Encore||[still]
|-fail|p2b: LETS GO GO
|move|p1a: Pyroar|Heat Wave|p2b: LETS GO GO|[spread] p2b
|-miss|p1a: Pyroar|p2a: AGNI
|-supereffective|p2b: LETS GO GO|1
|-damage|p2b: LETS GO GO|0 fnt
|faint|p2b: LETS GO GO
|move|p2a: AGNI|Weather Ball|p1a: Pyroar
|-resisted|p1a: Pyroar|1
|-damage|p1a: Pyroar|40/100
|
|-weather|SunnyDay|[upkeep]
|upkeep
|
|t:|1783232288
|switch|p2b: CRUSH SHARK|Garchomp, L50, M, shiny|100/100
|turn|4
|
|t:|1783232301
|move|p1a: Pyroar|Protect|p1a: Pyroar
|-singleturn|p1a: Pyroar|Protect
|move|p2b: CRUSH SHARK|Earthquake|p1b: Floette|[spread] p1b
|-activate|p1a: Pyroar|move: Protect
|-immune|p2a: AGNI
|-damage|p1b: Floette|9/100
|-damage|p2b: CRUSH SHARK|90/100|[from] item: Life Orb
|move|p1b: Floette|Light of Ruin|p2b: CRUSH SHARK
|-supereffective|p2b: CRUSH SHARK|1
|-damage|p2b: CRUSH SHARK|0 fnt
|faint|p2b: CRUSH SHARK
|-damage|p1b: Floette|0 fnt|[from] Recoil
|faint|p1b: Floette
|move|p2a: AGNI|Weather Ball|p1a: Pyroar
|-activate|p1a: Pyroar|move: Protect
|
|-weather|SunnyDay|[upkeep]
|-sideend|p2: lettitripppp|move: Tailwind
|-sideend|p1: torkoal_the_wise|move: Tailwind
|upkeep
|
|t:|1783232315
|switch|p2b: GHOSTWAVE|Basculegion, L50, M|100/100
|switch|p1b: Whimsicott|Whimsicott, L50, F, shiny|1/100
|turn|5
|
|t:|1783232321
|move|p2a: AGNI|Protect|p2a: AGNI
|-singleturn|p2a: AGNI|Protect
|move|p2b: GHOSTWAVE|Protect|p2b: GHOSTWAVE
|-singleturn|p2b: GHOSTWAVE|Protect
|move|p1b: Whimsicott|Tailwind|p1b: Whimsicott
|-sidestart|p1: torkoal_the_wise|move: Tailwind
|move|p1a: Pyroar|Solar Beam||[still]
|-prepare|p1a: Pyroar|Solar Beam
|-anim|p1a: Pyroar|Solar Beam|p2b: GHOSTWAVE
|-activate|p2b: GHOSTWAVE|move: Protect
|
|-weather|none
|upkeep
|turn|6
|
|t:|1783232343
|move|p2b: GHOSTWAVE|Aqua Jet|p1a: Pyroar
|-supereffective|p1a: Pyroar|1
|-damage|p1a: Pyroar|0 fnt
|faint|p1a: Pyroar
|move|p1b: Whimsicott|Moonblast|p2b: GHOSTWAVE
|-damage|p2b: GHOSTWAVE|60/100
|move|p2a: AGNI|Weather Ball|p1b: Whimsicott
|-damage|p1b: Whimsicott|0 fnt
|faint|p1b: Whimsicott
|
|win|lettitripppp
||torkoal_the_wise is ready for game 2.
