|j|☆DJGrooves213
|j|☆PopoVGC
|html|DJGrooves213PopoVGC    
|uhtml|bestof|Game 3 of a best-of-3
|t:|1786075011
|gametype|doubles
|player|p1|DJGrooves213|kieran|1192
|player|p2|PopoVGC|silver|1333
|gen|9
|tier|[Gen 9 Champions] VGC 2026 Reg M-B (Bo3)
|rated|
|rule|Species Clause: Limit one of each Pokémon
|rule|Item Clause: Limit 1 of each item
|clearpoke
|poke|p1|Garchomp, L50, M, shiny|
|poke|p1|Gardevoir, L50, M, shiny|
|poke|p1|Rotom-Heat, L50, shiny|
|poke|p1|Chimecho, L50, M, shiny|
|poke|p1|Milotic, L50, M, shiny|
|poke|p1|Sneasler, L50, M, shiny|
|poke|p2|Gholdengo, L50|
|poke|p2|Tyranitar, L50, F|
|poke|p2|Excadrill, L50, M|
|poke|p2|Pidgeot, L50, M|
|poke|p2|Tsareena, L50, F|
|poke|p2|Rotom-Wash, L50|
|teampreview|4
|showteam|p1|Garchomp||LifeOrb|RoughSkin|DragonClaw,Earthquake,SwordsDance,Protect|Jolly||M|||50|]Gardevoir||ChoiceScarf|Telepathy|IcyWind,Psychic,DazzlingGleam,Trick|Timid||M|||50|]Rotom-Heat||SitrusBerry|Levitate|Overheat,Thunderbolt,Electroweb,Protect|Timid|||||50|]Chimecho||Chimechite|Levitate|Psyshock,FlashCannon,Recover,Protect|Calm||M|||50|]Milotic||Leftovers|Competitive|Coil,MuddyWater,Blizzard,Recover|Calm||M|||50|]Sneasler||FocusSash|Unburden|FakeOut,CloseCombat,DireClaw,Protect|Adamant||M|||50|
|showteam|p2|Gholdengo||LifeOrb|GoodasGold|MakeItRain,ShadowBall,NastyPlot,Protect|Timid|||||50|]Tyranitar||Tyranitarite|SandStream|RockSlide,KnockOff,Protect,LowKick|Jolly||F|||50|]Excadrill||FocusSash|SandRush|IronHead,Earthquake,RockSlide,Protect|Adamant||M|||50|]Pidgeot||Pidgeotite|BigPecks|Hurricane,HeatWave,Protect,Tailwind|Timid||M|||50|]Tsareena||ChoiceScarf|QueenlyMajesty|PowerWhip,TripleAxel,Uturn,LowKick|Jolly||F|||50|]Rotom-Wash||SitrusBerry|Levitate|Thunderbolt,HydroPump,Protect,WillOWisp|Bold|||||50|
|c|☆DJGrooves213|that was sick!
|
|t:|1786075064
|teamsize|p1|4
|teamsize|p2|4
|start
|switch|p1a: Gardevoir|Gardevoir, L50, M, shiny|100/100
|switch|p1b: Garchomp|Garchomp, L50, M, shiny|100/100
|switch|p2a: Pidgeot|Pidgeot, L50, M|100/100
|switch|p2b: Tyranitar|Tyranitar, L50, F|100/100
|-weather|Sandstorm|[from] ability: Sand Stream|[of] p2b: Tyranitar
|turn|1
|
|t:|1786075079
|switch|p1a: Sneasler|Sneasler, L50, M, shiny|100/100
|move|p2a: Pidgeot|Protect|p2a: Pidgeot
|-singleturn|p2a: Pidgeot|Protect
|move|p1b: Garchomp|Swords Dance|p1b: Garchomp
|-boost|p1b: Garchomp|atk|2
|move|p2b: Tyranitar|Knock Off|p1a: Sneasler
|-resisted|p1a: Sneasler|1
|-damage|p1a: Sneasler|59/100
|-enditem|p1a: Sneasler|Focus Sash|[from] move: Knock Off|[of] p2b: Tyranitar
|
|-weather|Sandstorm|[upkeep]
|-damage|p1a: Sneasler|54/100|[from] Sandstorm
|-damage|p2a: Pidgeot|93/100|[from] Sandstorm
|upkeep
|turn|2
|
|t:|1786075111
|switch|p2b: Tsareena|Tsareena, L50, F|100/100
|detailschange|p2a: Pidgeot|Pidgeot-Mega, L50, M
|-mega|p2a: Pidgeot|Pidgeot|Pidgeotite
|move|p1a: Sneasler|Fake Out||[still]
|cant|p2b: Tsareena|ability: Queenly Majesty|Fake Out|[of] p1a: Sneasler
|move|p2a: Pidgeot|Tailwind|p2a: Pidgeot
|-sidestart|p2: PopoVGC|move: Tailwind
|move|p1b: Garchomp|Dragon Claw|p2a: Pidgeot
|-damage|p2a: Pidgeot|0 fnt
|faint|p2a: Pidgeot
|-damage|p1b: Garchomp|90/100|[from] item: Life Orb
|
|-weather|Sandstorm|[upkeep]
|-damage|p2b: Tsareena|93/100|[from] Sandstorm
|-damage|p1a: Sneasler|48/100|[from] Sandstorm
|upkeep
|
|t:|1786075125
|switch|p2a: Gholdengo|Gholdengo, L50|100/100
|turn|3
|
|t:|1786075139
|move|p2b: Tsareena|Triple Axel|p1b: Garchomp
|-supereffective|p1b: Garchomp|2
|-damage|p1b: Garchomp|62/100
|-damage|p2b: Tsareena|81/100|[from] ability: Rough Skin|[of] p1b: Garchomp
|-supereffective|p1b: Garchomp|2
|-damage|p1b: Garchomp|10/100
|-damage|p2b: Tsareena|69/100|[from] ability: Rough Skin|[of] p1b: Garchomp
|-supereffective|p1b: Garchomp|2
|-damage|p1b: Garchomp|0 fnt
|-damage|p2b: Tsareena|57/100|[from] ability: Rough Skin|[of] p1b: Garchomp
|faint|p1b: Garchomp
|-hitcount|p1: Garchomp|3
|move|p1a: Sneasler|Dire Claw|p2b: Tsareena
|-supereffective|p2b: Tsareena|1
|-damage|p2b: Tsareena|0 fnt
|faint|p2b: Tsareena
|move|p2a: Gholdengo|Nasty Plot|p2a: Gholdengo
|-boost|p2a: Gholdengo|spa|2
|
|-weather|Sandstorm|[upkeep]
|-damage|p1a: Sneasler|42/100|[from] Sandstorm
|upkeep
|
|t:|1786075149
|switch|p1b: Rotom|Rotom-Heat, L50, shiny|100/100
|switch|p2b: Tyranitar|Tyranitar, L50, F|100/100
|turn|4
|
|t:|1786075153
|move|p1a: Sneasler|Protect|p1a: Sneasler
|-singleturn|p1a: Sneasler|Protect
|move|p1b: Rotom|Protect|p1b: Rotom
|-singleturn|p1b: Rotom|Protect
|move|p2a: Gholdengo|Shadow Ball|p1b: Rotom
|-activate|p1b: Rotom|move: Protect
|move|p2b: Tyranitar|Rock Slide|p1a: Sneasler|[spread] 
|-activate|p1a: Sneasler|move: Protect
|-activate|p1b: Rotom|move: Protect
|
|-weather|Sandstorm|[upkeep]
|-damage|p1a: Sneasler|36/100|[from] Sandstorm
|-damage|p1b: Rotom|93/100|[from] Sandstorm
|upkeep
|turn|5
|
|t:|1786075176
|switch|p1b: Gardevoir|Gardevoir, L50, M, shiny|100/100
|move|p1a: Sneasler|Close Combat|p2b: Tyranitar
|-supereffective|p2b: Tyranitar|2
|-damage|p2b: Tyranitar|0 fnt
|-unboost|p1a: Sneasler|def|1
|-unboost|p1a: Sneasler|spd|1
|faint|p2b: Tyranitar
|move|p2a: Gholdengo|Shadow Ball|p1b: Gardevoir
|-supereffective|p1b: Gardevoir|1
|-damage|p1b: Gardevoir|0 fnt
|faint|p1b: Gardevoir
|-damage|p2a: Gholdengo|90/100|[from] item: Life Orb
|
|-weather|none
|-sideend|p2: PopoVGC|move: Tailwind
|upkeep
|
|t:|1786075183
|switch|p1b: Rotom|Rotom-Heat, L50, shiny|93/100
|turn|6
|
|t:|1786075192
|move|p1a: Sneasler|Dire Claw|p2a: Gholdengo
|-immune|p2a: Gholdengo
|move|p2a: Gholdengo|Shadow Ball|p1b: Rotom
|-crit|p1b: Rotom
|-damage|p1b: Rotom|0 fnt
|faint|p1b: Rotom
|-damage|p2a: Gholdengo|81/100|[from] item: Life Orb
|
|upkeep
|turn|7
|c|☆DJGrooves213|ggs!
|
|t:|1786075201
|move|p1a: Sneasler|Close Combat|p2a: Gholdengo
|-immune|p2a: Gholdengo
|move|p2a: Gholdengo|Shadow Ball|p1a: Sneasler
|-damage|p1a: Sneasler|0 fnt
|faint|p1a: Sneasler
|-damage|p2a: Gholdengo|71/100|[from] item: Life Orb
|
|win|PopoVGC
|raw|DJGrooves213's rating: 1192 → 1177(-15 for losing)
|raw|PopoVGC's rating: 1333 → 1345(+12 for winning)
