|j|☆jacre22
|j|☆Sazandoramx
|html|jacre22Sazandoramx    
|uhtml|bestof|Game 2 of a best-of-3
|t:|1755985405
|gametype|doubles
|player|p1|jacre22|iris-gen5bw2|1289
|player|p2|Sazandoramx|169|1273
|gen|9
|tier|[Gen 9] VGC 2025 Reg H (Bo3)
|rated|
|rule|Species Clause: Limit one of each Pokémon
|rule|Item Clause: Limit 1 of each item
|clearpoke
|poke|p1|Whimsicott, L50, F|
|poke|p1|Garchomp, L50, F|
|poke|p1|Gholdengo, L50|
|poke|p1|Incineroar, L50, M|
|poke|p1|Sneasler, L50, F|
|poke|p1|Dragonite, L50, F|
|poke|p2|Armarouge, L50, M|
|poke|p2|Kingambit, L50, M|
|poke|p2|Indeedee-F, L50, F|
|poke|p2|Annihilape, L50, F|
|poke|p2|Hatterene, L50, F|
|poke|p2|Torkoal, L50, M|
|teampreview|4
|showteam|p1|Whimsicott||FocusSash|Prankster|Moonblast,Tailwind,Encore,Protect|||F|||50|,,,,,Ghost]Garchomp||LifeOrb|RoughSkin|Earthquake,DragonClaw,StompingTantrum,Protect|||F|||50|,,,,,Ground]Gholdengo||ChoiceSpecs|GoodasGold|MakeItRain,ShadowBall,Trick,Protect||||||50|,,,,,Steel]Incineroar||AssaultVest|Intimidate|FakeOut,FlareBlitz,KnockOff,Uturn|||M|||50|,,,,,Grass]Sneasler||WhiteHerb|Unburden|FakeOut,DireClaw,CloseCombat,Protect|||F|||50|,,,,,Stellar]Dragonite||ChoiceBand|InnerFocus|ExtremeSpeed,Outrage,IceSpinner,StompingTantrum|||F|||50|,,,,,Normal
|showteam|p2|Armarouge||PowerHerb|FlashFire|ArmorCannon,ExpandingForce,MeteorBeam,TrickRoom|||M|||50|,,,,,Grass]Kingambit||SafetyGoggles|Defiant|KowtowCleave,LowKick,SuckerPunch,SwordsDance|||M|||50|,,,,,Dark]Indeedee-F||RockyHelmet|PsychicSurge|Psychic,FollowMe,TrickRoom,HelpingHand|||F|||50|,,,,,Steel]Annihilape||ChoiceScarf|Defiant|CloseCombat,ShadowClaw,FinalGambit,Uturn|||F|||50|,,,,,Stellar]Hatterene||LifeOrb|MagicBounce|ExpandingForce,DazzlingGleam,TrickRoom,Protect|||F|||50|,,,,,Water]Torkoal||ChoiceSpecs|Drought|Eruption,EarthPower,WeatherBall,HeatWave|||M|||50|,,,,,Fire
|
|t:|1755985445
|teamsize|p1|4
|teamsize|p2|4
|start
|switch|p1a: Whimsicott|Whimsicott, L50, F|100/100
|switch|p1b: Gholdengo|Gholdengo, L50|100/100
|switch|p2a: Annihilape|Annihilape, L50, F|100/100
|switch|p2b: Indeedee|Indeedee-F, L50, F|100/100
|-fieldstart|move: Psychic Terrain|[from] ability: Psychic Surge|[of] p2b: Indeedee
|turn|1
|
|t:|1755985486
|-terastallize|p1b: Gholdengo|Steel
|-terastallize|p2b: Indeedee|Steel
|move|p1a: Whimsicott|Tailwind|p1a: Whimsicott
|-sidestart|p1: jacre22|move: Tailwind
|move|p1b: Gholdengo|Make It Rain|p2a: Annihilape|[spread] p2a,p2b
|-resisted|p2b: Indeedee
|-damage|p2a: Annihilape|6/100
|-damage|p2b: Indeedee|54/100
|-unboost|p1b: Gholdengo|spa|1
|move|p2a: Annihilape|Shadow Claw|p1a: Whimsicott
|-damage|p1a: Whimsicott|50/100
|move|p2b: Indeedee|Trick Room|p2b: Indeedee
|-fieldstart|move: Trick Room|[of] p2b: Indeedee
|
|upkeep
|turn|2
|
|t:|1755985541
|switch|p1b: Incineroar|Incineroar, L50, M|100/100
|-ability|p1b: Incineroar|Intimidate|boost
|-unboost|p2a: Annihilape|atk|1
|-ability|p2a: Annihilape|Defiant|boost
|-boost|p2a: Annihilape|atk|2
|-unboost|p2b: Indeedee|atk|1
|move|p2b: Indeedee|Psychic|p1b: Incineroar
|-immune|p1b: Incineroar
|move|p2a: Annihilape|Shadow Claw|p1a: Whimsicott
|-damage|p1a: Whimsicott|0 fnt
|faint|p1a: Whimsicott
|
|upkeep
|
|t:|1755985556
|switch|p1a: Sneasler|Sneasler, L50, F|100/100
|turn|3
|
|t:|1755985589
|move|p1a: Sneasler|Protect|p1a: Sneasler
|-singleturn|p1a: Sneasler|Protect
|move|p2b: Indeedee|Follow Me|p2b: Indeedee
|-singleturn|p2b: Indeedee|move: Follow Me
|move|p2a: Annihilape|Shadow Claw|p1a: Sneasler
|-activate|p1a: Sneasler|move: Protect
|move|p1b: Incineroar|Flare Blitz|p2b: Indeedee
|-supereffective|p2b: Indeedee
|-damage|p2b: Indeedee|0 fnt
|-damage|p1b: Incineroar|84/100|[from] item: Rocky Helmet|[of] p2b: Indeedee
|faint|p2b: Indeedee
|-damage|p1b: Incineroar|68/100|[from] Recoil
|
|upkeep
|
|t:|1755985606
|switch|p2b: Torkoal|Torkoal, L50, M|100/100
|-weather|SunnyDay|[from] ability: Drought|[of] p2b: Torkoal
|turn|4
|
|t:|1755985619
|move|p2b: Torkoal|Eruption|p1b: Incineroar|[spread] p1a,p1b
|-resisted|p1b: Incineroar
|-damage|p1a: Sneasler|0 fnt
|-damage|p1b: Incineroar|33/100
|faint|p1a: Sneasler
|move|p2a: Annihilape|Shadow Claw|p1b: Incineroar
|-resisted|p1b: Incineroar
|-damage|p1b: Incineroar|7/100
|move|p1b: Incineroar|Knock Off|p2b: Torkoal
|-crit|p2b: Torkoal
|-damage|p2b: Torkoal|45/100
|-enditem|p2b: Torkoal|Choice Specs|[from] move: Knock Off|[of] p1b: Incineroar
|
|-weather|SunnyDay|[upkeep]
|-sideend|p1: jacre22|move: Tailwind
|upkeep
|
|t:|1755985631
|switch|p1a: Gholdengo|Gholdengo, L50, tera:Steel|100/100
|turn|5
|
|t:|1755985646
|switch|p2a: Hatterene|Hatterene, L50, F|100/100
|move|p2b: Torkoal|Weather Ball|p1a: Gholdengo
|-supereffective|p1a: Gholdengo
|-damage|p1a: Gholdengo|0 fnt
|faint|p1a: Gholdengo
|move|p1b: Incineroar|Flare Blitz|p2b: Torkoal
|-resisted|p2b: Torkoal
|-damage|p2b: Torkoal|12/100
|-damage|p1b: Incineroar|0 fnt|[from] Recoil
|faint|p1b: Incineroar
|
|win|Sazandoramx
|raw|jacre22's rating: 1289 → 1263(-26 for losing)
|raw|Sazandoramx's rating: 1273 → 1299(+26 for winning)
|c|☆jacre22|ggs
