|j|☆allgasnoblake
|j|☆Clyer
|html|allgasnoblakeClyer    
|uhtml|bestof|Game 1 of a best-of-3
|t:|1757651354
|gametype|doubles
|player|p1|allgasnoblake|102|
|player|p2|Clyer|1|
|gen|9
|tier|[Gen 9] VGC 2025 Reg H (Bo3)
|rule|Species Clause: Limit one of each Pokémon
|rule|Item Clause: Limit 1 of each item
|clearpoke
|poke|p1|Dragonite, L50, F|
|poke|p1|Ursaluna-Bloodmoon, L50, M|
|poke|p1|Gholdengo, L50|
|poke|p1|Grimmsnarl, L50, M|
|poke|p1|Volcarona, L50, M|
|poke|p1|Annihilape, L50, M|
|poke|p2|Ninetales-Alola, L50, F|
|poke|p2|Zoroark-Hisui, L50, F|
|poke|p2|Arcanine-Hisui, L50, F|
|poke|p2|Garchomp, L50, M|
|poke|p2|Empoleon, L50, F|
|poke|p2|Sceptile, L50, M|
|teampreview|4
|showteam|p1|Dragonite||LoadedDice|InnerFocus|ExtremeSpeed,ScaleShot,Haze,Protect|||F|||50|,,,,,Normal]Ursaluna-Bloodmoon||AssaultVest|MindsEye|BloodMoon,EarthPower,VacuumWave,HyperVoice|||M|||50|,,,,,Water]Gholdengo||MetalCoat|GoodasGold|MakeItRain,ShadowBall,NastyPlot,Protect||||||50|,,,,,Water]Grimmsnarl||LightClay|Prankster|FoulPlay,ThunderWave,Reflect,LightScreen|||M|||50|,,,,,Steel]Volcarona||SafetyGoggles|FlameBody|HeatWave,TeraBlast,QuiverDance,Protect|||M|||50|,,,,,Fairy]Annihilape||Leftovers|Defiant|DrainPunch,RageFist,BulkUp,Protect|||M|||50|,,,,,Fairy
|showteam|p2|Ninetales-Alola||ChoiceSpecs|SnowWarning|Blizzard,FreezeDry,Moonblast,DazzlingGleam|||F|||50|,,,,,Water]Zoroark-Hisui||ChoiceScarf|Illusion|HyperVoice,ShadowBall,TeraBlast,IcyWind|||F|||50|,,,,,Fighting]Arcanine-Hisui||ClearAmulet|Intimidate|FlareBlitz,RockSlide,ExtremeSpeed,Protect|||F|||50|,,,,,Grass]Garchomp||LifeOrb|RoughSkin|StompingTantrum,Earthquake,DragonClaw,Protect|||M|||50|,,,,,Fire]Empoleon||CovertCloak|Competitive|WaterPledge,FlashCannon,Haze,Protect|||F|||50|,,,,,Grass]Sceptile||FocusSash|Unburden|GrassPledge,VacuumWave,Endeavor,LeafStorm|||M|||50|,,,,,Ghost
|
|t:|1757651406
|teamsize|p1|4
|teamsize|p2|4
|start
|switch|p1a: Dragonite|Dragonite, L50, F|100/100
|switch|p1b: Grimmsnarl|Grimmsnarl, L50, M|100/100
|switch|p2a: Sceptile|Sceptile, L50, M|100/100
|switch|p2b: Empoleon|Empoleon, L50, F, shiny|100/100
|turn|1
|
|t:|1757651427
|-terastallize|p2a: Sceptile|Ghost
|move|p1a: Dragonite|Protect|p1a: Dragonite
|-singleturn|p1a: Dragonite|Protect
|move|p1b: Grimmsnarl|Thunder Wave|p2b: Empoleon
|-status|p2b: Empoleon|par
|move|p2a: Sceptile|Grass Pledge|p1a: Dragonite
|-waiting|p2a: Sceptile|p2b: Empoleon
|move|p2b: Empoleon|Water Pledge|p1a: Dragonite|[from] move: Grass Pledge
|-activate|p1a: Dragonite|move: Protect
|
|upkeep
|turn|2
|
|t:|1757651463
|-terastallize|p1a: Dragonite|Normal
|move|p1a: Dragonite|Extreme Speed|p2b: Empoleon
|-resisted|p2b: Empoleon
|-damage|p2b: Empoleon|76/100 par
|move|p1b: Grimmsnarl|Light Screen|p1b: Grimmsnarl
|-sidestart|p1: allgasnoblake|move: Light Screen
|move|p2a: Sceptile|Leaf Storm|p1b: Grimmsnarl
|-damage|p1b: Grimmsnarl|70/100
|-unboost|p2a: Sceptile|spa|2
|move|p2b: Empoleon|Flash Cannon|p1a: Dragonite
|-damage|p1a: Dragonite|70/100
|
|upkeep
|turn|3
|
|t:|1757651487
|move|p2a: Sceptile|Vacuum Wave|p1a: Dragonite
|-supereffective|p1a: Dragonite
|-damage|p1a: Dragonite|60/100
|move|p1b: Grimmsnarl|Reflect|p1b: Grimmsnarl
|-sidestart|p1: allgasnoblake|Reflect
|move|p1a: Dragonite|Scale Shot|p2b: Empoleon
|-resisted|p2b: Empoleon
|-damage|p2b: Empoleon|70/100 par
|-resisted|p2b: Empoleon
|-damage|p2b: Empoleon|64/100 par
|-resisted|p2b: Empoleon
|-damage|p2b: Empoleon|58/100 par
|-resisted|p2b: Empoleon
|-damage|p2b: Empoleon|50/100 par
|-resisted|p2b: Empoleon
|-damage|p2b: Empoleon|43/100 par
|-hitcount|p2b: Empoleon|5
|-unboost|p1a: Dragonite|def|1
|-boost|p1a: Dragonite|spe|1
|cant|p2b: Empoleon|par
|
|upkeep
|turn|4
|
|t:|1757651533
|move|p1a: Dragonite|Extreme Speed|p2b: Empoleon
|-resisted|p2b: Empoleon
|-damage|p2b: Empoleon|20/100 par
|move|p2a: Sceptile|Leaf Storm|p1a: Dragonite
|-damage|p1a: Dragonite|38/100
|-unboost|p2a: Sceptile|spa|2
|move|p1b: Grimmsnarl|Foul Play|p2a: Sceptile
|-supereffective|p2a: Sceptile
|-damage|p2a: Sceptile|27/100
|move|p2b: Empoleon|Haze|p2b: Empoleon
|-clearallboost
|
|upkeep
|turn|5
|
|t:|1757651553
|move|p1a: Dragonite|Protect|p1a: Dragonite
|-singleturn|p1a: Dragonite|Protect
|cant|p2b: Empoleon|par
|move|p2a: Sceptile|Endeavor|p1a: Dragonite
|-activate|p1a: Dragonite|move: Protect
|move|p1b: Grimmsnarl|Foul Play|p2a: Sceptile
|-supereffective|p2a: Sceptile
|-damage|p2a: Sceptile|0 fnt
|faint|p2a: Sceptile
|
|upkeep
|
|t:|1757651569
|switch|p2a: Ninetales|Ninetales-Alola, L50, F, shiny|100/100
|-weather|Snowscape|[from] ability: Snow Warning|[of] p2a: Ninetales
|turn|6
|
|t:|1757651583
|cant|p2b: Empoleon|par
|move|p1a: Dragonite|Extreme Speed|p2b: Empoleon
|-resisted|p2b: Empoleon
|-damage|p2b: Empoleon|0 fnt
|faint|p2b: Empoleon
|move|p1b: Grimmsnarl|Thunder Wave|p2a: Ninetales
|-status|p2a: Ninetales|par
|cant|p2a: Ninetales|par
|
|-weather|Snowscape|[upkeep]
|upkeep
|
|t:|1757651593
|switch|p2b: Arcanine|Arcanine-Hisui, L50, F|100/100
|-ability|p2b: Arcanine|Intimidate|boost
|-fail|p1a: Dragonite|unboost|Attack|[from] ability: Inner Focus|[of] p1a: Dragonite
|-unboost|p1b: Grimmsnarl|atk|1
|turn|7
|
|t:|1757651609
|move|p1b: Grimmsnarl|Thunder Wave|p2b: Arcanine
|-status|p2b: Arcanine|par
|move|p1a: Dragonite|Scale Shot|p2b: Arcanine
|-damage|p2b: Arcanine|82/100 par
|-damage|p2b: Arcanine|65/100 par
|-damage|p2b: Arcanine|48/100 par
|-damage|p2b: Arcanine|30/100 par
|-hitcount|p2b: Arcanine|4
|-unboost|p1a: Dragonite|def|1
|-boost|p1a: Dragonite|spe|1
|move|p2a: Ninetales|Blizzard|p1a: Dragonite|[spread] p1a,p1b
|-damage|p1a: Dragonite|5/100
|-damage|p1b: Grimmsnarl|44/100
|move|p2b: Arcanine|Rock Slide|p1b: Grimmsnarl|[spread] p1a,p1b
|-damage|p1a: Dragonite|0 fnt
|-damage|p1b: Grimmsnarl|20/100
|faint|p1a: Dragonite
|
|-weather|Snowscape|[upkeep]
|upkeep
|
|t:|1757651632
|switch|p1a: Volcarona|Volcarona, L50, M|100/100
|turn|8
|
|t:|1757651648
|move|p2b: Arcanine|Protect|p2b: Arcanine
|-singleturn|p2b: Arcanine|Protect
|move|p1a: Volcarona|Heat Wave|p2b: Arcanine|[spread] p2a
|-activate|p2b: Arcanine|move: Protect
|-supereffective|p2a: Ninetales
|-damage|p2a: Ninetales|7/100 par
|move|p2a: Ninetales|Blizzard|p1b: Grimmsnarl|[spread] p1a,p1b
|-resisted|p1a: Volcarona
|-damage|p1a: Volcarona|85/100
|-damage|p1b: Grimmsnarl|0 fnt
|faint|p1b: Grimmsnarl
|
|-weather|Snowscape|[upkeep]
|upkeep
|
|t:|1757651657
|switch|p1b: Annihilape|Annihilape, L50, M|100/100
|turn|9
|
|t:|1757651665
|move|p1a: Volcarona|Heat Wave|p2b: Arcanine|[spread] 
|-miss|p1a: Volcarona|p2a: Ninetales
|-miss|p1a: Volcarona|p2b: Arcanine
|move|p1b: Annihilape|Drain Punch|p2b: Arcanine
|-supereffective|p2b: Arcanine
|-damage|p2b: Arcanine|0 fnt
|faint|p2b: Arcanine
|cant|p2a: Ninetales|par
|
|-weather|Snowscape|[upkeep]
|-sideend|p1: allgasnoblake|move: Light Screen
|upkeep
|turn|10
|
|t:|1757651689
|move|p1a: Volcarona|Heat Wave|p2a: Ninetales
|-supereffective|p2a: Ninetales
|-damage|p2a: Ninetales|0 fnt
|faint|p2a: Ninetales
|
|win|allgasnoblake
||allgasnoblake is ready for game 2.
||Clyer is ready for game 2.
|uhtml|next|Next: Game 2 of 3
