|j|☆Werling
|j|☆Alex Agni
|html|WerlingAlex Agni    
|uhtml|bestof|Game 1 of a best-of-3
|t:|1785957523
|gametype|doubles
|player|p1|Werling|n|
|player|p2|Alex Agni|shadowtriad|
|gen|9
|tier|[Gen 9 Champions] VGC 2026 Reg M-B (Bo3)
|rule|Species Clause: Limit one of each Pokémon
|rule|Item Clause: Limit 1 of each item
|clearpoke
|poke|p1|Pelipper, L50, M|
|poke|p1|Sinistcha, L50, shiny|
|poke|p1|Archaludon, L50, M, shiny|
|poke|p1|Basculegion, L50, M, shiny|
|poke|p1|Garchomp, L50, M, shiny|
|poke|p1|Jolteon, L50, M, shiny|
|poke|p2|Blastoise, L50, F|
|poke|p2|Delphox, L50, F|
|poke|p2|Sinistcha, L50|
|poke|p2|Incineroar, L50, F|
|poke|p2|Sneasler, L50, F|
|poke|p2|Primarina, L50, F|
|teampreview|4
|showteam|p1|Pelipper||FocusSash|Drizzle|WeatherBall,Hurricane,Tailwind,WideGuard|Timid||M|||50|]Sinistcha||SitrusBerry|Hospitality|MatchaGotcha,RagePowder,StrengthSap,LifeDew|Bold|||||50|]Archaludon||Leftovers|Stamina|ElectroShot,FlashCannon,Protect,DragonPulse|Modest||M|||50|]Basculegion||MysticWater|Adaptability|AquaJet,LastRespects,WaveCrash,Protect|Adamant||M|||50|]Garchomp||LifeOrb|RoughSkin|Earthquake,DragonClaw,Protect,RockSlide|Jolly||M|||50|]Jolteon||Magnet|VoltAbsorb|AlluringVoice,Detect,Thunder,HelpingHand|Timid||M|||50|
|showteam|p2|Blastoise||Blastoisinite|Torrent|WaterSpout,DarkPulse,ShellSmash,Protect|Modest||F|||50|]Delphox||Delphoxite|Blaze|HeatWave,Psyshock,NastyPlot,Protect|Timid||F|||50|]Sinistcha||KasibBerry|Hospitality|MatchaGotcha,ShadowBall,RagePowder,Protect|Bold|||||50|]Incineroar||SitrusBerry|Intimidate|FlareBlitz,DarkestLariat,FakeOut,PartingShot|Adamant||F|||50|]Sneasler||FocusSash|PoisonTouch|FakeOut,CloseCombat,PoisonJab,Protect|Jolly||F|||50|]Primarina||Leftovers|LiquidVoice|DrainingKiss,HyperVoice,ShadowBall,Protect|Modest||F|||50|
|j| JinWasHere
|j| MomijiTheTengu
|j| zanfire73
|j| Raspree
|j| reifard
|c| Raspree|Potete cominciare. Buona fortuna
|
|t:|1785957671
|teamsize|p1|4
|teamsize|p2|4
|start
|switch|p1a: Pelipenna|Pelipper, L50, M|100/100
|switch|p1b: Jews' Cannon|Archaludon, L50, M, shiny|100/100
|switch|p2a: Vivarium|Sinistcha, L50|100/100
|switch|p2b: 99 Problem|Sneasler, L50, F|100/100
|-weather|RainDance|[from] ability: Drizzle|[of] p1a: Pelipenna
|turn|1
|
|t:|1785957686
|move|p1b: Jews' Cannon|Protect|p1b: Jews' Cannon
|-singleturn|p1b: Jews' Cannon|Protect
|move|p2b: 99 Problem|Close Combat|p1b: Jews' Cannon
|-activate|p1b: Jews' Cannon|move: Protect
|move|p1a: Pelipenna|Tailwind|p1a: Pelipenna
|-sidestart|p1: Werling|move: Tailwind
|move|p2a: Vivarium|Shadow Ball|p1b: Jews' Cannon
|-activate|p1b: Jews' Cannon|move: Protect
|
|-weather|RainDance|[upkeep]
|upkeep
|turn|2
|
|t:|1785957709
|move|p1a: Pelipenna|Hurricane|p2b: 99 Problem
|-supereffective|p2b: 99 Problem|1
|-enditem|p2b: 99 Problem|Focus Sash
|-damage|p2b: 99 Problem|1/100
|move|p1b: Jews' Cannon|Electro Shot||[still]
|-prepare|p1b: Jews' Cannon|Electro Shot
|-boost|p1b: Jews' Cannon|spa|1
|-anim|p1b: Jews' Cannon|Electro Shot|p2b: 99 Problem
|-damage|p2b: 99 Problem|0 fnt
|faint|p2b: 99 Problem
|move|p2a: Vivarium|Shadow Ball|p1b: Jews' Cannon
|-damage|p1b: Jews' Cannon|63/100
|-ability|p1b: Jews' Cannon|Stamina|boost
|-boost|p1b: Jews' Cannon|def|1
|
|-weather|RainDance|[upkeep]
|-heal|p1b: Jews' Cannon|69/100|[from] item: Leftovers
|upkeep
|
|t:|1785957724
|switch|p2b: Bohemian Rhapsody|Incineroar, L50, F|100/100
|-ability|p2b: Bohemian Rhapsody|Intimidate|boost
|-unboost|p1a: Pelipenna|atk|1
|-unboost|p1b: Jews' Cannon|atk|1
|turn|3
|
|t:|1785957762
|move|p2b: Bohemian Rhapsody|Fake Out|p1b: Jews' Cannon
|-resisted|p1b: Jews' Cannon|1
|-damage|p1b: Jews' Cannon|66/100
|-ability|p1b: Jews' Cannon|Stamina|boost
|-boost|p1b: Jews' Cannon|def|1
|move|p1a: Pelipenna|Weather Ball|p2b: Bohemian Rhapsody
|-supereffective|p2b: Bohemian Rhapsody|1
|-damage|p2b: Bohemian Rhapsody|1/100
|-enditem|p2b: Bohemian Rhapsody|Sitrus Berry|[eat]
|-heal|p2b: Bohemian Rhapsody|25/100|[from] item: Sitrus Berry
|cant|p1b: Jews' Cannon|flinch
|move|p2a: Vivarium|Shadow Ball|p1b: Jews' Cannon
|-damage|p1b: Jews' Cannon|32/100
|-ability|p1b: Jews' Cannon|Stamina|boost
|-boost|p1b: Jews' Cannon|def|1
|
|-weather|RainDance|[upkeep]
|-heal|p1b: Jews' Cannon|38/100|[from] item: Leftovers
|upkeep
|turn|4
|
|t:|1785957807
|move|p1b: Jews' Cannon|Protect|p1b: Jews' Cannon
|-singleturn|p1b: Jews' Cannon|Protect
|move|p1a: Pelipenna|Weather Ball|p2b: Bohemian Rhapsody
|-supereffective|p2b: Bohemian Rhapsody|1
|-damage|p2b: Bohemian Rhapsody|0 fnt
|faint|p2b: Bohemian Rhapsody
|move|p2a: Vivarium|Shadow Ball|p1b: Jews' Cannon
|-activate|p1b: Jews' Cannon|move: Protect
|
|-weather|RainDance|[upkeep]
|-heal|p1b: Jews' Cannon|44/100|[from] item: Leftovers
|-sideend|p1: Werling|move: Tailwind
|upkeep
|
|t:|1785957818
|switch|p2b: Sonne|Delphox, L50, F|100/100
|turn|5
|
|t:|1785957859
|switch|p1b: Aureliano|Jolteon, L50, M, shiny|100/100
|detailschange|p2b: Sonne|Delphox-Mega, L50, F
|-mega|p2b: Sonne|Delphox|Delphoxite
|move|p2b: Sonne|Protect|p2b: Sonne
|-singleturn|p2b: Sonne|Protect
|move|p1a: Pelipenna|Tailwind|p1a: Pelipenna
|-sidestart|p1: Werling|move: Tailwind
|move|p2a: Vivarium|Shadow Ball|p1b: Aureliano
|-damage|p1b: Aureliano|57/100
|-unboost|p1b: Aureliano|spd|1
|
|-weather|none
|upkeep
|turn|6
|
|t:|1785957883
|switch|p1a: Tonnu|Basculegion, L50, M, shiny|100/100
|move|p1b: Aureliano|Detect|p1b: Aureliano
|-singleturn|p1b: Aureliano|Protect
|move|p2a: Vivarium|Rage Powder|p2a: Vivarium
|-singleturn|p2a: Vivarium|move: Rage Powder
|move|p2b: Sonne|Nasty Plot|p2b: Sonne
|-boost|p2b: Sonne|spa|2
|
|upkeep
|turn|7
|
|t:|1785957902
|switch|p1b: Pelipenna|Pelipper, L50, M|100/100
|-weather|RainDance|[from] ability: Drizzle|[of] p1b: Pelipenna
|move|p2b: Sonne|Protect|p2b: Sonne
|-singleturn|p2b: Sonne|Protect
|move|p1a: Tonnu|Wave Crash|p2b: Sonne
|-activate|p2b: Sonne|move: Protect
|move|p2a: Vivarium|Shadow Ball|p1a: Tonnu
|-supereffective|p1a: Tonnu|1
|-damage|p1a: Tonnu|22/100
|
|-weather|RainDance|[upkeep]
|upkeep
|turn|8
|
|t:|1785957928
|move|p2b: Sonne|Protect||[still]
|-fail|p2b: Sonne
|move|p1a: Tonnu|Wave Crash|p2b: Sonne
|-supereffective|p2b: Sonne|1
|-damage|p2b: Sonne|0 fnt
|faint|p2b: Sonne
|-damage|p1a: Tonnu|0 fnt|[from] Recoil
|faint|p1a: Tonnu
|move|p1b: Pelipenna|Hurricane|p2a: Vivarium
|-supereffective|p2a: Vivarium|1
|-damage|p2a: Vivarium|32/100
|move|p2a: Vivarium|Matcha Gotcha|p1b: Pelipenna
|-damage|p1b: Pelipenna|52/100
|-heal|p2a: Vivarium|55/100|[from] drain|[of] p1b: Pelipenna
|
|-weather|RainDance|[upkeep]
|-sideend|p1: Werling|move: Tailwind
|upkeep
|
|t:|1785957947
|switch|p1a: Aureliano|Jolteon, L50, M, shiny|57/100
|turn|9
|
|t:|1785957955
|move|p1a: Aureliano|Helping Hand|p1b: Pelipenna
|-singleturn|p1b: Pelipenna|Helping Hand|[of] p1a: Aureliano
|move|p1b: Pelipenna|Hurricane|p2a: Vivarium
|-supereffective|p2a: Vivarium|1
|-damage|p2a: Vivarium|0 fnt
|faint|p2a: Vivarium
|
|win|Werling
||Alex Agni is ready for game 2.
