|j|☆PopoVGC
|j|☆Inkerious
|html|PopoVGCInkerious    
|uhtml|bestof|Game 2 of a best-of-3
|t:|1783896380
|gametype|doubles
|player|p1|PopoVGC|silver|1179
|player|p2|Inkerious|169|1217
|gen|9
|tier|[Gen 9 Champions] VGC 2026 Reg M-B (Bo3)
|rated|
|rule|Species Clause: Limit one of each Pokémon
|rule|Item Clause: Limit 1 of each item
|clearpoke
|poke|p1|Pidgeot, L50, M|
|poke|p1|Excadrill, L50, F|
|poke|p1|Tyranitar, L50, F|
|poke|p1|Tsareena, L50, F|
|poke|p1|Gholdengo, L50|
|poke|p1|Rotom-Wash, L50|
|poke|p2|Delphox, L50, M|
|poke|p2|Aerodactyl, L50, M|
|poke|p2|Garchomp, L50, M|
|poke|p2|Tsareena, L50, F|
|poke|p2|Scrafty, L50, M|
|poke|p2|Kingambit, L50, F|
|teampreview|4
|showteam|p1|Pidgeot||Pidgeotite|BigPecks|Hurricane,HeatWave,Tailwind,Protect|Timid||M|||50|]Excadrill||FocusSash|SandRush|Earthquake,IronHead,RockSlide,Protect|Adamant||F|||50|]Tyranitar||Tyranitarite|SandStream|RockSlide,KnockOff,Protect,LowKick|Adamant||F|||50|]Tsareena||ChoiceScarf|QueenlyMajesty|PowerWhip,TripleAxel,Uturn,LowKick|Jolly||F|||50|]Gholdengo||Leftovers|GoodasGold|ShadowBall,MakeItRain,NastyPlot,Protect|Modest|||||50|]Rotom-Wash||SitrusBerry|Levitate|HydroPump,Thunderbolt,WillOWisp,Protect|Bold|||||50|
|showteam|p2|Delphox||Delphoxite|Blaze|HeatWave,CalmMind,Psychic,Protect|Timid||M|||50|]Aerodactyl||FocusSash|Unnerve|RockSlide,DualWingbeat,Tailwind,Protect|Jolly||M|||50|]Garchomp||LifeOrb|RoughSkin|StompingTantrum,DragonClaw,Protect,RockSlide|Jolly||M|||50|]Tsareena||SitrusBerry|QueenlyMajesty|PowerWhip,TripleAxel,LowKick,Protect|Adamant||F|||50|]Scrafty||Scraftinite|Intimidate|FakeOut,DrainPunch,KnockOff,BulkUp|Jolly||M|||50|]Kingambit||ChopleBerry|Defiant|KowtowCleave,SuckerPunch,IronHead,LowKick|Adamant||F|||50|
|inactive|Battle timer is ON: inactive players will automatically lose when time's up. (requested by Inkerious)
|inactive|PopoVGC has 60 seconds left.
|
|t:|1783896412
|teamsize|p1|4
|teamsize|p2|4
|start
|switch|p1a: Rotom|Rotom-Wash, L50|100/100
|switch|p1b: Pidgeot|Pidgeot, L50, M|100/100
|switch|p2a: Aerodactyl|Aerodactyl, L50, M|100/100
|switch|p2b: Garchomp|Garchomp, L50, M|100/100
|-ability|p2a: Aerodactyl|Unnerve
|turn|1
|
|t:|1783896434
|move|p2a: Aerodactyl|Tailwind|p2a: Aerodactyl
|-sidestart|p2: Inkerious|move: Tailwind
|move|p2b: Garchomp|Rock Slide|p1a: Rotom|[spread] p1a,p1b
|-supereffective|p1b: Pidgeot|1
|-damage|p1a: Rotom|75/100
|-damage|p1b: Pidgeot|23/100
|-damage|p2b: Garchomp|90/100|[from] item: Life Orb
|move|p1b: Pidgeot|Tailwind|p1b: Pidgeot
|-sidestart|p1: PopoVGC|move: Tailwind
|move|p1a: Rotom|Will-O-Wisp|p2b: Garchomp
|-status|p2b: Garchomp|brn
|
|-damage|p2b: Garchomp|84/100 brn|[from] brn
|upkeep
|turn|2
|
|t:|1783896449
|move|p1b: Pidgeot|Protect|p1b: Pidgeot
|-singleturn|p1b: Pidgeot|Protect
|move|p2a: Aerodactyl|Rock Slide|p1a: Rotom|[spread] p1a
|-activate|p1b: Pidgeot|move: Protect
|-damage|p1a: Rotom|54/100
|move|p2b: Garchomp|Dragon Claw|p1a: Rotom
|-damage|p1a: Rotom|29/100
|-damage|p2b: Garchomp|74/100 brn|[from] item: Life Orb
|move|p1a: Rotom|Thunderbolt|p2a: Aerodactyl
|-supereffective|p2a: Aerodactyl|1
|-damage|p2a: Aerodactyl|8/100
|
|-damage|p2b: Garchomp|68/100 brn|[from] brn
|upkeep
|turn|3
|
|t:|1783896467
|move|p1a: Rotom|Protect|p1a: Rotom
|-singleturn|p1a: Rotom|Protect
|move|p2a: Aerodactyl|Rock Slide|p1b: Pidgeot|[spread] p1b
|-activate|p1a: Rotom|move: Protect
|-supereffective|p1b: Pidgeot|1
|-crit|p1b: Pidgeot
|-damage|p1b: Pidgeot|0 fnt
|faint|p1b: Pidgeot
|move|p2b: Garchomp|Dragon Claw|p1a: Rotom
|-activate|p1a: Rotom|move: Protect
|
|-damage|p2b: Garchomp|63/100 brn|[from] brn
|upkeep
|
|t:|1783896473
|switch|p1b: Excadrill|Excadrill, L50, F|100/100
|turn|4
|
|t:|1783896487
|switch|p1a: Tyranitar|Tyranitar, L50, F|100/100
|-weather|Sandstorm|[from] ability: Sand Stream|[of] p1a: Tyranitar
|move|p2a: Aerodactyl|Protect|p2a: Aerodactyl
|-singleturn|p2a: Aerodactyl|Protect
|move|p1b: Excadrill|Rock Slide|p2a: Aerodactyl|[spread] 
|-activate|p2a: Aerodactyl|move: Protect
|-miss|p1b: Excadrill|p2b: Garchomp
|move|p2b: Garchomp|Stomping Tantrum|p1b: Excadrill
|-supereffective|p1b: Excadrill|1
|-damage|p1b: Excadrill|27/100
|-damage|p2b: Garchomp|53/100 brn|[from] item: Life Orb
|
|-weather|Sandstorm|[upkeep]
|-damage|p2b: Garchomp|47/100 brn|[from] brn
|-sideend|p1: PopoVGC|move: Tailwind
|-sideend|p2: Inkerious|move: Tailwind
|upkeep
|turn|5
|j| lowjee
|
|t:|1783896507
|switch|p1a: Rotom|Rotom-Wash, L50|29/100
|move|p1b: Excadrill|Rock Slide|p2a: Aerodactyl|[spread] p2a,p2b
|-supereffective|p2a: Aerodactyl|1
|-resisted|p2b: Garchomp|1
|-damage|p2a: Aerodactyl|0 fnt
|-damage|p2b: Garchomp|38/100 brn
|-enditem|p1a: Rotom|Sitrus Berry|[eat]
|-heal|p1a: Rotom|53/100|[from] item: Sitrus Berry
|faint|p2a: Aerodactyl
|move|p2b: Garchomp|Stomping Tantrum|p1b: Excadrill
|-supereffective|p1b: Excadrill|1
|-damage|p1b: Excadrill|0 fnt
|faint|p1b: Excadrill
|-damage|p2b: Garchomp|28/100 brn|[from] item: Life Orb
|
|-weather|Sandstorm|[upkeep]
|-damage|p1a: Rotom|47/100|[from] Sandstorm
|-damage|p2b: Garchomp|22/100 brn|[from] brn
|upkeep
|inactive|Inkerious has 30 seconds left.
|inactive|Inkerious has 20 seconds left.
|
|t:|1783896543
|switch|p2a: Kingambit|Kingambit, L50, F|100/100
|switch|p1b: Tyranitar|Tyranitar, L50, F|100/100
|turn|6
|
|t:|1783896559
|detailschange|p1b: Tyranitar|Tyranitar-Mega, L50, F
|-mega|p1b: Tyranitar|Tyranitar|Tyranitarite
|move|p2b: Garchomp|Rock Slide|p1b: Tyranitar|[spread] p1a,p1b
|-damage|p1a: Rotom|36/100
|-damage|p1b: Tyranitar|91/100
|-damage|p2b: Garchomp|13/100 brn|[from] item: Life Orb
|cant|p1b: Tyranitar|flinch
|cant|p1a: Rotom|flinch
|move|p2a: Kingambit|Kowtow Cleave|p1a: Rotom
|-damage|p1a: Rotom|0 fnt
|faint|p1a: Rotom
|
|-weather|Sandstorm|[upkeep]
|-damage|p2b: Garchomp|7/100 brn|[from] brn
|upkeep
|turn|7
|
|t:|1783896572
|move|p2b: Garchomp|Stomping Tantrum|p1b: Tyranitar
|-supereffective|p1b: Tyranitar|1
|-damage|p1b: Tyranitar|55/100
|-damage|p2b: Garchomp|0 fnt|[from] item: Life Orb
|faint|p2b: Garchomp
|move|p1b: Tyranitar|Rock Slide|p2a: Kingambit
|-resisted|p2a: Kingambit|1
|-damage|p2a: Kingambit|84/100
|move|p2a: Kingambit|Low Kick|p1b: Tyranitar
|-supereffective|p1b: Tyranitar|2
|-damage|p1b: Tyranitar|0 fnt
|faint|p1b: Tyranitar
|
|win|Inkerious
||Inkerious is ready for game 3.
|inactive|PopoVGC has 30 seconds to confirm battle start!
||PopoVGC is ready for game 3.
|uhtml|next|Next: Game 3 of 3
|l| lowjee
|l|☆Inkerious
|player|p2|
