|j|☆sdasdwa
|j|☆That1Morpecko
|html|sdasdwaThat1Morpecko    
|uhtml|bestof|Game 1 of a best-of-3
|t:|1783012717
|gametype|doubles
|player|p1|sdasdwa|2|1044
|player|p2|That1Morpecko|hiker-gen4|1036
|gen|9
|tier|[Gen 9 Champions] VGC 2026 Reg M-B (Bo3)
|rated|
|rule|Species Clause: Limit one of each Pokémon
|rule|Item Clause: Limit 1 of each item
|clearpoke
|poke|p1|Rotom-Wash, L50|
|poke|p1|Ariados, L50, M|
|poke|p1|Garchomp, L50, F|
|poke|p1|Aerodactyl, L50, F|
|poke|p1|Banette, L50, M|
|poke|p1|Eelektross, L50, F|
|poke|p2|Sinistcha, L50|
|poke|p2|Incineroar, L50, F|
|poke|p2|Milotic, L50, F|
|poke|p2|Raichu, L50, F|
|poke|p2|Floette-Eternal, L50, F|
|poke|p2|Ceruledge, L50, F|
|teampreview|4
|showteam|p1|Rotom-Wash||SitrusBerry|Levitate|WillOWisp,HydroPump,Protect,VoltSwitch|Calm|||||50|]Ariados||ChestoBerry|Sniper|RagePowder,Protect,PoisonJab,Rest|Careful||M|||50|]Garchomp||LifeOrb|RoughSkin|Earthquake,DragonClaw,StompingTantrum,Protect|Jolly||F|||50|]Aerodactyl||FocusSash|Unnerve|Tailwind,DualWingbeat,RockSlide,Protect|Jolly||F|||50|]Banette||Banettite|Frisk|WillOWisp,Poltergeist,ThroatChop,Protect|Careful||M|||50|]Eelektross||Eelektrossite|Levitate|GigaDrain,Protect,Thunderbolt,Flamethrower|Modest||F|||50|
|showteam|p2|Sinistcha||KasibBerry|Hospitality|MatchaGotcha,LifeDew,RagePowder,Protect|Relaxed|||||50|]Incineroar||SitrusBerry|Intimidate|FlareBlitz,ThroatChop,FakeOut,PartingShot|Impish||F|||50|]Milotic||Leftovers|Competitive|MuddyWater,Coil,Hypnosis,Protect|Calm||F|||50|]Raichu||RaichuniteY|LightningRod|ZapCannon,FocusBlast,FakeOut,Protect|Timid||F|||50|]Floette-Eternal||Floettite|FlowerVeil|DazzlingGleam,DrainingKiss,CalmMind,Protect|Timid||F|||50|]Ceruledge||ColburBerry|FlashFire|BitterBlade,ShadowSneak,BulkUp,Protect|Adamant||F|||50|
|inactive|Battle timer is ON: inactive players will automatically lose when time's up. (requested by That1Morpecko)
|inactive|sdasdwa has 60 seconds left.
|inactive|That1Morpecko has 60 seconds left.
|
|t:|1783012755
|teamsize|p1|4
|teamsize|p2|4
|start
|switch|p1a: Rotom|Rotom-Wash, L50|100/100
|switch|p1b: Aerodactyl|Aerodactyl, L50, F|100/100
|switch|p2a: Floette|Floette-Eternal, L50, F|100/100
|switch|p2b: Incineroar|Incineroar, L50, F|100/100
|-ability|p1b: Aerodactyl|Unnerve
|-ability|p2b: Incineroar|Intimidate|boost
|-unboost|p1a: Rotom|atk|1
|-unboost|p1b: Aerodactyl|atk|1
|turn|1
|
|t:|1783012771
|detailschange|p2a: Floette|Floette-Mega, L50, F
|-mega|p2a: Floette|Floette|Floettite
|-ability|p2a: Floette|Fairy Aura
|move|p1b: Aerodactyl|Protect|p1b: Aerodactyl
|-singleturn|p1b: Aerodactyl|Protect
|move|p2b: Incineroar|Fake Out|p1a: Rotom
|-damage|p1a: Rotom|89/100
|move|p2a: Floette|Calm Mind|p2a: Floette
|-boost|p2a: Floette|spa|1
|-boost|p2a: Floette|spd|1
|cant|p1a: Rotom|flinch
|
|upkeep
|turn|2
|
|t:|1783012785
|move|p2a: Floette|Protect|p2a: Floette
|-singleturn|p2a: Floette|Protect
|move|p1b: Aerodactyl|Rock Slide|p2b: Incineroar|[spread] p2b
|-activate|p2a: Floette|move: Protect
|-supereffective|p2b: Incineroar|1
|-damage|p2b: Incineroar|73/100
|move|p1a: Rotom|Hydro Pump|p2a: Floette
|-activate|p2a: Floette|move: Protect
|move|p2b: Incineroar|Parting Shot|p1a: Rotom
|-unboost|p1a: Rotom|atk|1
|-unboost|p1a: Rotom|spa|1
|
|t:|1783012788
|switch|p2b: Sinistcha|Sinistcha, L50|100/100|[from] Parting Shot
|
|upkeep
|turn|3
|inactive|sdasdwa has 30 seconds left.
|inactive|sdasdwa has 20 seconds left.
|inactive|sdasdwa has 15 seconds left.
|
|t:|1783012833
|move|p2b: Sinistcha|Rage Powder|p2b: Sinistcha
|-singleturn|p2b: Sinistcha|move: Rage Powder
|move|p1b: Aerodactyl|Dual Wingbeat|p2b: Sinistcha|[miss]
|-miss|p1b: Aerodactyl|p2b: Sinistcha
|move|p2a: Floette|Dazzling Gleam|p1a: Rotom|[spread] p1a,p1b
|-damage|p1a: Rotom|45/100
|-damage|p1b: Aerodactyl|15/100
|-enditem|p1a: Rotom|Sitrus Berry|[eat]
|-heal|p1a: Rotom|70/100|[from] item: Sitrus Berry
|move|p1a: Rotom|Volt Switch|p2b: Sinistcha
|-resisted|p2b: Sinistcha|1
|-damage|p2b: Sinistcha|92/100
|
|t:|1783012843
|switch|p1a: Banette|Banette, L50, M|100/100|[from] Volt Switch
|-item|p2a: Floette|Floettite|[from] ability: Frisk|[of] p1a: Banette
|-item|p2b: Sinistcha|Kasib Berry|[from] ability: Frisk|[of] p1a: Banette
|
|upkeep
|turn|4
|
|t:|1783012851
|detailschange|p1a: Banette|Banette-Mega, L50, M
|-mega|p1a: Banette|Banette|Banettite
|move|p2b: Sinistcha|Rage Powder|p2b: Sinistcha
|-singleturn|p2b: Sinistcha|move: Rage Powder
|move|p1b: Aerodactyl|Tailwind|p1b: Aerodactyl
|-sidestart|p1: sdasdwa|move: Tailwind
|move|p1a: Banette|Poltergeist|p2b: Sinistcha
|-activate|p2b: Sinistcha|move: Poltergeist|Kasib Berry
|-supereffective|p2b: Sinistcha|1
|-crit|p2b: Sinistcha
|-damage|p2b: Sinistcha|0 fnt
|faint|p2b: Sinistcha
|move|p2a: Floette|Dazzling Gleam|p1a: Banette|[spread] p1a,p1b
|-damage|p1a: Banette|45/100
|-damage|p1b: Aerodactyl|0 fnt
|faint|p1b: Aerodactyl
|
|upkeep
|
|t:|1783012865
|switch|p1b: Ariados|Ariados, L50, M|100/100
|switch|p2b: Ceruledge|Ceruledge, L50, F|100/100
|turn|5
|inactive|sdasdwa has 30 seconds left.
|
|t:|1783012892
|move|p2a: Floette|Protect|p2a: Floette
|-singleturn|p2a: Floette|Protect
|move|p1b: Ariados|Rage Powder|p1b: Ariados
|-singleturn|p1b: Ariados|move: Rage Powder
|move|p2b: Ceruledge|Shadow Sneak|p1b: Ariados
|-damage|p1b: Ariados|68/100
|move|p1a: Banette|Poltergeist|p2b: Ceruledge
|-activate|p2b: Ceruledge|move: Poltergeist|Colbur Berry
|-supereffective|p2b: Ceruledge|1
|-damage|p2b: Ceruledge|0 fnt
|faint|p2b: Ceruledge
|
|upkeep
|j| elbau1129
|
|t:|1783012902
|switch|p2b: Incineroar|Incineroar, L50, F|73/100
|-ability|p2b: Incineroar|Intimidate|boost
|-unboost|p1a: Banette|atk|1
|-unboost|p1b: Ariados|atk|1
|turn|6
|l| elbau1129
|
|t:|1783012917
|move|p2b: Incineroar|Fake Out|p1b: Ariados
|-damage|p1b: Ariados|54/100
|move|p1a: Banette|Poltergeist|p2a: Floette
|-activate|p2a: Floette|move: Poltergeist|Floettite
|-damage|p2a: Floette|55/100
|move|p2a: Floette|Draining Kiss|p1a: Banette
|-damage|p1a: Banette|4/100
|-heal|p2a: Floette|89/100|[from] drain|[of] p1a: Banette
|cant|p1b: Ariados|flinch
|
|upkeep
|turn|7
|
|t:|1783012932
|move|p2a: Floette|Protect|p2a: Floette
|-singleturn|p2a: Floette|Protect
|move|p1a: Banette|Poltergeist|p2a: Floette
|-activate|p2a: Floette|move: Protect
|move|p1b: Ariados|Poison Jab|p2a: Floette
|-activate|p2a: Floette|move: Protect
|move|p2b: Incineroar|Throat Chop|p1a: Banette
|-supereffective|p1a: Banette|1
|-damage|p1a: Banette|0 fnt
|faint|p1a: Banette
|
|-sideend|p1: sdasdwa|move: Tailwind
|upkeep
|
|t:|1783012934
|switch|p1a: Rotom|Rotom-Wash, L50|70/100
|turn|8
|inactive|sdasdwa has 30 seconds left.
|
|t:|1783012966
|move|p2a: Floette|Dazzling Gleam|p1b: Ariados|[spread] p1a,p1b
|-resisted|p1b: Ariados|1
|-damage|p1a: Rotom|20/100y
|-damage|p1b: Ariados|25/100
|move|p1a: Rotom|Hydro Pump|p2a: Floette|[miss]
|-miss|p1a: Rotom|p2a: Floette
|move|p2b: Incineroar|Flare Blitz|p1b: Ariados
|-supereffective|p1b: Ariados|1
|-damage|p1b: Ariados|0 fnt
|faint|p1b: Ariados
|-damage|p2b: Incineroar|65/100|[from] Recoil
|
|upkeep
|turn|9
|-message|sdasdwa forfeited.
|
|win|That1Morpecko
|l|☆sdasdwa
|player|p1|
||sdasdwa is ready for game 2.
||That1Morpecko is ready for game 2.
|uhtml|next|Next: Game 2 of 3
