|j|☆fernsthedruids
|j|☆Needels
|html|fernsthedruidsNeedels    
|uhtml|bestof|Game 1 of a best-of-3
|t:|1756496987
|gametype|doubles
|player|p1|fernsthedruids|dawn|1218
|player|p2|Needels|eusine|1158
|gen|9
|tier|[Gen 9] VGC 2025 Reg H (Bo3)
|rated|
|rule|Species Clause: Limit one of each Pokémon
|rule|Item Clause: Limit 1 of each item
|clearpoke
|poke|p1|Rillaboom, L50, M|
|poke|p1|Kommo-o, L50, F|
|poke|p1|Tyranitar, L50, F|
|poke|p1|Lycanroc, L50, F|
|poke|p1|Gholdengo, L50|
|poke|p1|Corviknight, L50, M|
|poke|p2|Charizard, L50, M|
|poke|p2|Torkoal, L50, F|
|poke|p2|Porygon2, L50|
|poke|p2|Incineroar, L50, F|
|poke|p2|Jumpluff, L50, M|
|poke|p2|Ursaluna, L50, F|
|teampreview|4
|showteam|p1|Rillaboom||AssaultVest|GrassySurge|WoodHammer,FakeOut,HighHorsepower,GrassyGlide|||M|||50|,,,,,Grass]Kommo-o||GrassySeed|Bulletproof|IronDefense,BodyPress,DracoMeteor,Protect|||F|||50|,,,,,Steel]Tyranitar||ClearAmulet|SandStream|Protect,KnockOff,DragonDance,RockSlide|||F|||50|,,,,,Water]Lycanroc||FocusSash|SandRush|StompingTantrum,RockSlide,CloseCombat,Protect|||F|||50|,,,,,Ghost]Gholdengo||ChoiceScarf|GoodasGold|MakeItRain,Protect,ShadowBall,Trick||||||50|,,,,,Steel]Corviknight||RockyHelmet|MirrorArmor|BulkUp,BraveBird,Roost,Tailwind|||M|||50|,,,,,Fire
|showteam|p2|Charizard||ChoiceSpecs|SolarPower|HeatWave,Overheat,WeatherBall,DragonPulse|||M|||50|,,,,,Ghost]Torkoal||EjectPack|Drought|Eruption,Overheat,HelpingHand,Protect|||F|||50|,,,,,Fire]Porygon2||Eviolite|Download|TeraBlast,IceBeam,Recover,TrickRoom||||||50|,,,,,Fighting]Incineroar||SitrusBerry|Intimidate|FlareBlitz,KnockOff,FakeOut,PartingShot|||F|||50|,,,,,Ghost]Jumpluff||CovertCloak|Chlorophyll|SleepPowder,SunnyDay,RagePowder,Tailwind|||M|||50|,,,,,Water]Ursaluna||FlameOrb|Guts|HeadlongRush,Facade,Earthquake,Protect|||F|||50|,,,,,Ghost
|
|t:|1756497057
|teamsize|p1|4
|teamsize|p2|4
|start
|switch|p1a: Corviknight|Corviknight, L50, M|100/100
|switch|p1b: Gholdengo|Gholdengo, L50|100/100
|switch|p2a: Jumpluff|Jumpluff, L50, M, shiny|100/100
|switch|p2b: Incineroar|Incineroar, L50, F|100/100
|-ability|p2b: Incineroar|Intimidate|boost
|-ability|p1a: Corviknight|Mirror Armor
|-unboost|p2b: Incineroar|atk|1
|-unboost|p1b: Gholdengo|atk|1
|turn|1
|
|t:|1756497121
|move|p2a: Jumpluff|Rage Powder|p2a: Jumpluff
|-singleturn|p2a: Jumpluff|move: Rage Powder
|move|p1b: Gholdengo|Trick|p2a: Jumpluff
|-activate|p1b: Gholdengo|move: Trick|[of] p2a: Jumpluff
|-item|p2a: Jumpluff|Choice Scarf|[from] move: Trick
|-item|p1b: Gholdengo|Covert Cloak|[from] move: Trick
|move|p2b: Incineroar|Parting Shot|p1b: Gholdengo
|-immune|p1b: Gholdengo|[from] ability: Good as Gold
|move|p1a: Corviknight|Tailwind|p1a: Corviknight
|-sidestart|p1: fernsthedruids|move: Tailwind
|
|upkeep
|turn|2
|
|t:|1756497160
|switch|p1b: Kommo-o|Kommo-o, L50, F|100/100
|move|p2a: Jumpluff|Rage Powder|p2a: Jumpluff
|-singleturn|p2a: Jumpluff|move: Rage Powder
|move|p1a: Corviknight|Bulk Up|p1a: Corviknight
|-boost|p1a: Corviknight|atk|1
|-boost|p1a: Corviknight|def|1
|move|p2b: Incineroar|Parting Shot|p1a: Corviknight
|-ability|p1a: Corviknight|Mirror Armor
|-unboost|p2b: Incineroar|atk|1
|-ability|p1a: Corviknight|Mirror Armor
|-unboost|p2b: Incineroar|spa|1
|
|t:|1756497170
|switch|p2b: Porygon2|Porygon2, L50, shiny|100/100|[from] Parting Shot
|-ability|p2b: Porygon2|Download|boost
|-boost|p2b: Porygon2|spa|1
|
|upkeep
|turn|3
|
|t:|1756497194
|switch|p2a: Incineroar|Incineroar, L50, F|100/100
|-ability|p2a: Incineroar|Intimidate|boost
|-ability|p1a: Corviknight|Mirror Armor
|-unboost|p2a: Incineroar|atk|1
|-unboost|p1b: Kommo-o|atk|1
|move|p1b: Kommo-o|Iron Defense|p1b: Kommo-o
|-boost|p1b: Kommo-o|def|2
|move|p1a: Corviknight|Brave Bird|p2a: Incineroar
|-damage|p2a: Incineroar|25/100
|-enditem|p2a: Incineroar|Sitrus Berry|[eat]
|-heal|p2a: Incineroar|50/100|[from] item: Sitrus Berry
|-damage|p1a: Corviknight|76/100|[from] Recoil
|move|p2b: Porygon2|Trick Room|p2b: Porygon2
|-fieldstart|move: Trick Room|[of] p2b: Porygon2
|
|upkeep
|turn|4
|
|t:|1756497257
|move|p1b: Kommo-o|Protect|p1b: Kommo-o
|-singleturn|p1b: Kommo-o|Protect
|move|p2b: Porygon2|Ice Beam|p1b: Kommo-o
|-activate|p1b: Kommo-o|move: Protect
|move|p2a: Incineroar|Knock Off|p1b: Kommo-o
|-activate|p1b: Kommo-o|move: Protect
|move|p1a: Corviknight|Roost|p1a: Corviknight
|-heal|p1a: Corviknight|100/100
|-singleturn|p1a: Corviknight|move: Roost
|
|-sideend|p1: fernsthedruids|move: Tailwind
|upkeep
|turn|5
|
|t:|1756497277
|move|p2b: Porygon2|Ice Beam|p1b: Kommo-o
|-supereffective|p1b: Kommo-o
|-crit|p1b: Kommo-o
|-damage|p1b: Kommo-o|0 fnt
|faint|p1b: Kommo-o
|move|p1a: Corviknight|Bulk Up|p1a: Corviknight
|-boost|p1a: Corviknight|atk|1
|-boost|p1a: Corviknight|def|1
|move|p2a: Incineroar|Flare Blitz|p1a: Corviknight
|-supereffective|p1a: Corviknight
|-damage|p1a: Corviknight|68/100
|-damage|p2a: Incineroar|33/100|[from] item: Rocky Helmet|[of] p1a: Corviknight
|-damage|p2a: Incineroar|22/100|[from] Recoil
|
|upkeep
|
|t:|1756497289
|switch|p1b: Rillaboom|Rillaboom, L50, M|100/100
|-fieldstart|move: Grassy Terrain|[from] ability: Grassy Surge|[of] p1b: Rillaboom
|turn|6
|
|t:|1756497328
|switch|p2a: Jumpluff|Jumpluff, L50, M, shiny|100/100
|-terastallize|p2b: Porygon2|Fighting
|move|p1b: Rillaboom|Fake Out|p2b: Porygon2
|-damage|p2b: Porygon2|91/100
|cant|p2b: Porygon2|flinch
|move|p1a: Corviknight|Roost|p1a: Corviknight
|-heal|p1a: Corviknight|100/100
|-singleturn|p1a: Corviknight|move: Roost
|
|-heal|p2b: Porygon2|97/100|[from] Grassy Terrain
|upkeep
|turn|7
|
|t:|1756497349
|switch|p2b: Incineroar|Incineroar, L50, F|22/100
|-ability|p2b: Incineroar|Intimidate|boost
|-ability|p1a: Corviknight|Mirror Armor
|-unboost|p2b: Incineroar|atk|1
|-unboost|p1b: Rillaboom|atk|1
|switch|p1b: Gholdengo|Gholdengo, L50|100/100
|move|p1a: Corviknight|Brave Bird|p2a: Jumpluff
|-supereffective|p2a: Jumpluff
|-damage|p2a: Jumpluff|0 fnt
|faint|p2a: Jumpluff
|-damage|p1a: Corviknight|71/100|[from] Recoil
|
|-heal|p2b: Incineroar|28/100|[from] Grassy Terrain
|-fieldend|move: Trick Room
|upkeep
|
|t:|1756497367
|switch|p2a: Ursaluna|Ursaluna, L50, F|100/100
|turn|8
|
|t:|1756497385
|move|p2b: Incineroar|Fake Out|p1a: Corviknight
|-resisted|p1a: Corviknight
|-damage|p1a: Corviknight|69/100
|-damage|p2b: Incineroar|12/100|[from] item: Rocky Helmet|[of] p1a: Corviknight
|move|p1b: Gholdengo|Trick|p2a: Ursaluna
|-activate|p1b: Gholdengo|move: Trick|[of] p2a: Ursaluna
|-item|p2a: Ursaluna|Covert Cloak|[from] move: Trick
|-item|p1b: Gholdengo|Flame Orb|[from] move: Trick
|cant|p1a: Corviknight|flinch
|move|p2a: Ursaluna|Headlong Rush|p1b: Gholdengo
|-supereffective|p1b: Gholdengo
|-damage|p1b: Gholdengo|0 fnt
|-unboost|p2a: Ursaluna|def|1
|-unboost|p2a: Ursaluna|spd|1
|faint|p1b: Gholdengo
|
|-heal|p2b: Incineroar|18/100|[from] Grassy Terrain
|upkeep
|
|t:|1756497397
|switch|p1b: Rillaboom|Rillaboom, L50, M|100/100
|turn|9
|
|t:|1756497426
|switch|p2a: Porygon2|Porygon2, L50, shiny, tera:Fighting|97/100
|-ability|p2a: Porygon2|Download|boost
|-boost|p2a: Porygon2|spa|1
|move|p1b: Rillaboom|Fake Out|p2a: Porygon2
|-damage|p2a: Porygon2|88/100
|move|p2b: Incineroar|Flare Blitz|p1b: Rillaboom
|-supereffective|p1b: Rillaboom
|-damage|p1b: Rillaboom|33/100
|-damage|p2b: Incineroar|0 fnt|[from] Recoil
|faint|p2b: Incineroar
|move|p1a: Corviknight|Roost|p1a: Corviknight
|-heal|p1a: Corviknight|100/100
|-singleturn|p1a: Corviknight|move: Roost
|
|-heal|p1b: Rillaboom|39/100|[from] Grassy Terrain
|-heal|p2a: Porygon2|94/100|[from] Grassy Terrain
|upkeep
|
|t:|1756497449
|switch|p2b: Ursaluna|Ursaluna, L50, F|100/100
|turn|10
|
|t:|1756497492
|-terastallize|p1b: Rillaboom|Grass
|move|p1b: Rillaboom|Wood Hammer|p2b: Ursaluna
|-supereffective|p2b: Ursaluna
|-damage|p2b: Ursaluna|0 fnt
|faint|p2b: Ursaluna
|-damage|p1b: Rillaboom|3/100|[from] Recoil
|move|p1a: Corviknight|Brave Bird|p2a: Porygon2
|-supereffective|p2a: Porygon2
|-damage|p2a: Porygon2|0 fnt
|faint|p2a: Porygon2
|-damage|p1a: Corviknight|72/100|[from] Recoil
|
|win|fernsthedruids
