|j|☆Spottedwoot
|j|☆PikaTROD
|html|SpottedwootPikaTROD    
|uhtml|bestof|Game 2 of a best-of-3
|t:|1754272950
|gametype|doubles
|player|p1|Spottedwoot|169|1262
|player|p2|PikaTROD|102|1236
|gen|9
|tier|[Gen 9] VGC 2025 Reg H (Bo3)
|rated|
|rule|Species Clause: Limit one of each Pokémon
|rule|Item Clause: Limit 1 of each item
|clearpoke
|poke|p1|Kingambit, L50, F|
|poke|p1|Primarina, L50, F|
|poke|p1|Salamence, L50, M|
|poke|p1|Gholdengo, L50|
|poke|p1|Sneasler, L50, F|
|poke|p1|Garchomp, L50, M|
|poke|p2|Incineroar, L50, F|
|poke|p2|Pelipper, L50, M|
|poke|p2|Basculegion, L50, M|
|poke|p2|Amoonguss, L50, F|
|poke|p2|Maushold-Four, L50|
|poke|p2|Archaludon, L50, F|
|teampreview|4
|showteam|p1|Kingambit||SafetyGoggles|Defiant|KowtowCleave,Protect,SuckerPunch,SwordsDance|||F|||50|,,,,,Dark]Primarina||ThroatSpray|LiquidVoice|Haze,HyperVoice,Protect,Moonblast|||F|||50|,,,,,Poison]Salamence||LifeOrb|Intimidate|Tailwind,Protect,DracoMeteor,Hurricane|||M|||50|,,,,,Fairy]Gholdengo||ChoiceSpecs|GoodasGold|MakeItRain,Trick,ShadowBall,FocusBlast||||||50|,,,,,Steel]Sneasler||FocusSash|Unburden|FakeOut,Protect,CloseCombat,DireClaw|||F|||50|,,,,,Steel]Garchomp||ClearAmulet|RoughSkin|DragonClaw,Earthquake,Protect,StompingTantrum|||M|||50|,,,,,Ground
|showteam|p2|Incineroar||SafetyGoggles|Intimidate|FakeOut,FlareBlitz,KnockOff,PartingShot|||F|||50|,,,,,Ghost]Pelipper||FocusSash|Drizzle|Hurricane,WeatherBall,Tailwind,Protect|||M|||50|,,,,,Ghost]Basculegion||MysticWater|SwiftSwim|Protect,WaveCrash,AquaJet,LastRespects|||M|||50|,,,,,Water]Amoonguss||SitrusBerry|Regenerator|Spore,RagePowder,PollenPuff,ClearSmog|||F|||50|,,,,,Water]Maushold-Four||WideLens|Technician|PopulationBomb,FollowMe,Taunt,Protect||||||50|,,,,,Grass]Archaludon||AssaultVest|Stamina|ElectroShot,DragonPulse,FlashCannon,BodyPress|||F|||50|,,,,,Grass
|
|t:|1754272965
|teamsize|p1|4
|teamsize|p2|4
|start
|switch|p1a: Salamence|Salamence, L50, M|100/100
|switch|p1b: Gholdengo|Gholdengo, L50|100/100
|switch|p2a: Incineroar|Incineroar, L50, F|100/100
|switch|p2b: Amoonguss|Amoonguss, L50, F|100/100
|-ability|p1a: Salamence|Intimidate|boost
|-unboost|p2a: Incineroar|atk|1
|-unboost|p2b: Amoonguss|atk|1
|-ability|p2a: Incineroar|Intimidate|boost
|-unboost|p1a: Salamence|atk|1
|-unboost|p1b: Gholdengo|atk|1
|turn|1
|
|t:|1754273013
|switch|p1b: Kingambit|Kingambit, L50, F|100/100
|-terastallize|p2a: Incineroar|Ghost
|move|p1a: Salamence|Hurricane|p2b: Amoonguss
|-supereffective|p2b: Amoonguss
|-damage|p2b: Amoonguss|10/100
|-enditem|p2b: Amoonguss|Sitrus Berry|[eat]
|-heal|p2b: Amoonguss|35/100|[from] item: Sitrus Berry
|-damage|p1a: Salamence|90/100|[from] item: Life Orb
|move|p2a: Incineroar|Knock Off|p1b: Kingambit
|-resisted|p1b: Kingambit
|-damage|p1b: Kingambit|89/100
|-enditem|p1b: Kingambit|Safety Goggles|[from] move: Knock Off|[of] p2a: Incineroar
|move|p2b: Amoonguss|Spore|p1a: Salamence
|-status|p1a: Salamence|slp|[from] move: Spore
|
|upkeep
|turn|2
|inactive|Battle timer is ON: inactive players will automatically lose when time's up. (requested by Spottedwoot)
|
|t:|1754273054
|move|p2b: Amoonguss|Rage Powder|p2b: Amoonguss
|-singleturn|p2b: Amoonguss|move: Rage Powder
|cant|p1a: Salamence|slp
|move|p2a: Incineroar|Flare Blitz|p1b: Kingambit
|-supereffective|p1b: Kingambit
|-damage|p1b: Kingambit|33/100
|-damage|p2a: Incineroar|81/100|[from] Recoil
|move|p1b: Kingambit|Kowtow Cleave|p2b: Amoonguss
|-damage|p2b: Amoonguss|0 fnt
|faint|p2b: Amoonguss
|
|upkeep
|
|t:|1754273069
|switch|p2b: Maushold|Maushold-Four, L50|100/100
|turn|3
|
|t:|1754273082
|move|p2b: Maushold|Population Bomb|p1a: Salamence
|-damage|p1a: Salamence|76/100 slp
|-damage|p1a: Salamence|62/100 slp
|-damage|p1a: Salamence|49/100 slp
|-damage|p1a: Salamence|34/100 slp
|-damage|p1a: Salamence|19/100 slp
|-damage|p1a: Salamence|5/100 slp
|-damage|p1a: Salamence|0 fnt
|faint|p1a: Salamence
|-hitcount|p1: Salamence|7
|move|p2a: Incineroar|Flare Blitz|p1b: Kingambit
|-supereffective|p1b: Kingambit
|-damage|p1b: Kingambit|0 fnt
|faint|p1b: Kingambit
|-damage|p2a: Incineroar|70/100|[from] Recoil
|
|upkeep
|
|t:|1754273087
|switch|p1a: Gholdengo|Gholdengo, L50|100/100
|switch|p1b: Sneasler|Sneasler, L50, F|100/100
|turn|4
|inactive|PikaTROD has 30 seconds left.
|inactive|PikaTROD has 20 seconds left.
|inactive|PikaTROD has 15 seconds left.
|inactive|PikaTROD has 10 seconds left.
|inactive|PikaTROD has 5 seconds left.
|
|t:|1754273141
|switch|p2a: Archaludon|Archaludon, L50, F|100/100
|move|p2b: Maushold|Protect|p2b: Maushold
|-singleturn|p2b: Maushold|Protect
|move|p1b: Sneasler|Close Combat|p2b: Maushold
|-activate|p2b: Maushold|move: Protect
|move|p1a: Gholdengo|Shadow Ball|p2a: Archaludon
|-damage|p2a: Archaludon|59/100
|-ability|p2a: Archaludon|Stamina|boost
|-boost|p2a: Archaludon|def|1
|
|upkeep
|turn|5
|inactive|PikaTROD has 30 seconds left.
|inactive|PikaTROD has 20 seconds left.
|
|t:|1754273179
|switch|p2b: Incineroar|Incineroar, L50, F, tera:Ghost|70/100
|-ability|p2b: Incineroar|Intimidate|boost
|-unboost|p1a: Gholdengo|atk|1
|-unboost|p1b: Sneasler|atk|1
|move|p1b: Sneasler|Close Combat|p2b: Incineroar
|-immune|p2b: Incineroar
|move|p1a: Gholdengo|Shadow Ball|p2a: Archaludon
|-damage|p2a: Archaludon|15/100
|-ability|p2a: Archaludon|Stamina|boost
|-boost|p2a: Archaludon|def|1
|move|p2a: Archaludon|Dragon Pulse|p1b: Sneasler
|-damage|p1b: Sneasler|44/100
|
|upkeep
|turn|6
|inactive|Spottedwoot has 30 seconds left.
|inactive|PikaTROD has 30 seconds left.
|inactive|Spottedwoot has 20 seconds left.
|inactive|PikaTROD has 20 seconds left.
|inactive|Spottedwoot has 15 seconds left.
|inactive|PikaTROD has 15 seconds left.
|inactive|PikaTROD has 10 seconds left.
|inactive|PikaTROD has 5 seconds left.
|
|t:|1754273233
|move|p1b: Sneasler|Protect|p1b: Sneasler
|-singleturn|p1b: Sneasler|Protect
|move|p2b: Incineroar|Fake Out|p1b: Sneasler
|-activate|p1b: Sneasler|move: Protect
|move|p1a: Gholdengo|Shadow Ball|p2b: Incineroar
|-supereffective|p2b: Incineroar
|-damage|p2b: Incineroar|0 fnt
|faint|p2b: Incineroar
|move|p2a: Archaludon|Dragon Pulse|p1b: Sneasler
|-activate|p1b: Sneasler|move: Protect
|
|upkeep
|
|t:|1754273251
|switch|p2b: Maushold|Maushold-Four, L50|100/100
|turn|7
|l|☆PikaTROD
|inactive|PikaTROD disconnected and has a minute to reconnect!
|player|p2|
|j|☆PikaTROD
|inactive|PikaTROD reconnected and has 40 seconds left.
|player|p2|PikaTROD|102|
|inactive|PikaTROD has 30 seconds left.
|
|t:|1754273281
|move|p2b: Maushold|Follow Me|p2b: Maushold
|-singleturn|p2b: Maushold|move: Follow Me
|move|p1b: Sneasler|Close Combat|p2b: Maushold
|-supereffective|p2b: Maushold
|-damage|p2b: Maushold|0 fnt
|-unboost|p1b: Sneasler|def|1
|-unboost|p1b: Sneasler|spd|1
|faint|p2b: Maushold
|move|p1a: Gholdengo|Shadow Ball|p2a: Archaludon
|-damage|p2a: Archaludon|0 fnt
|faint|p2a: Archaludon
|
|win|Spottedwoot
|raw|Spottedwoot's rating: 1242 → 1267(+25 for winning)
|raw|PikaTROD's rating: 1236 → 1211(-25 for losing)
|c|☆PikaTROD|gg
