|j|☆yinobo
|j|☆Jolt31
|html|yinoboJolt31    
|uhtml|bestof|Game 1 of a best-of-3
|t:|1784642004
|gametype|doubles
|player|p1|yinobo|lucas|1129
|player|p2|Jolt31|barry|1187
|gen|9
|tier|[Gen 9 Champions] VGC 2026 Reg M-B (Bo3)
|rated|
|rule|Species Clause: Limit one of each Pokémon
|rule|Item Clause: Limit 1 of each item
|clearpoke
|poke|p1|Charizard, L50, M, shiny|
|poke|p1|Garchomp, L50, M, shiny|
|poke|p1|Sylveon, L50, M, shiny|
|poke|p1|Kingambit, L50, F, shiny|
|poke|p1|Farigiraf, L50, M, shiny|
|poke|p1|Aerodactyl, L50, M|
|poke|p2|Drampa, L50, F|
|poke|p2|Gardevoir, L50, M|
|poke|p2|Maushold, L50|
|poke|p2|Talonflame, L50, M|
|poke|p2|Kingambit, L50, M|
|poke|p2|Primarina, L50, M|
|teampreview|4
|showteam|p1|Charizard||CharizarditeY|SolarPower|Protect,WeatherBall,SolarBeam,HeatWave|Modest||M|||50|]Garchomp||LifeOrb|RoughSkin|Protect,RockSlide,Earthquake,DragonClaw|Jolly||M|||50|]Sylveon||FairyFeather|Pixilate|Detect,HyperBeam,QuickAttack,HyperVoice|Modest||M|||50|]Kingambit||FocusSash|Defiant|KowtowCleave,IronHead,SuckerPunch,LowKick|Adamant||F|||50|]Farigiraf||SitrusBerry|ArmorTail|Psychic,Roar,Thunderbolt,TrickRoom|Bold||M|||50|]Aerodactyl||Aerodactylite|Unnerve|RockSlide,Tailwind,DualWingbeat,IceFang|Jolly||M|||50|
|showteam|p2|Drampa||SilkScarf|CloudNine|HyperVoice,EarthPower,DragonPulse,Protect|Modest||F|||50|]Gardevoir||Gardevoirite|Trace|HyperVoice,Psychic,TrickRoom,Protect|Modest||M|||50|]Maushold||FocusSash|FriendGuard|SuperFang,FollowMe,Feint,Protect|Jolly|||||50|]Talonflame||SharpBeak|GaleWings|DualWingbeat,FlareBlitz,Tailwind,Protect|Adamant||M|||50|]Kingambit||ChopleBerry|Defiant|KowtowCleave,IronHead,SuckerPunch,Protect|Adamant||M|||50|]Primarina||LifeOrb|LiquidVoice|HyperVoice,Moonblast,Protect,Haze|Modest||M|||50|
|inactive|Battle timer is ON: inactive players will automatically lose when time's up. (requested by yinobo)
|inactive|yinobo has 60 seconds left.
|inactive|Jolt31 has 60 seconds left.
|inactive|yinobo has 30 seconds left.
|inactive|yinobo has 20 seconds left.
|
|t:|1784642079
|teamsize|p1|4
|teamsize|p2|4
|start
|switch|p1a: AEROY|Aerodactyl, L50, M|100/100
|switch|p1b: Kingambit|Kingambit, L50, F, shiny|100/100
|switch|p2a: Talonflame|Talonflame, L50, M|100/100
|switch|p2b: Primarina|Primarina, L50, M|100/100
|-ability|p1a: AEROY|Unnerve
|turn|1
|inactive|yinobo has 30 seconds left.
|
|t:|1784642111
|move|p2a: Talonflame|Protect|p2a: Talonflame
|-singleturn|p2a: Talonflame|Protect
|move|p1a: AEROY|Tailwind|p1a: AEROY
|-sidestart|p1: yinobo|move: Tailwind
|move|p1b: Kingambit|Iron Head|p2b: Primarina
|-damage|p2b: Primarina|40/100
|move|p2b: Primarina|Hyper Voice|p1a: AEROY|[spread] p1a,p1b
|-supereffective|p1a: AEROY|1
|-damage|p1a: AEROY|0 fnt
|-damage|p1b: Kingambit|46/100
|faint|p1a: AEROY
|-damage|p2b: Primarina|31/100|[from] item: Life Orb
|
|upkeep
|
|t:|1784642126
|switch|p1a: Charizard|Charizard, L50, M, shiny|100/100
|turn|2
|
|t:|1784642151
|detailschange|p1a: Charizard|Charizard-Mega-Y, L50, M, shiny
|-mega|p1a: Charizard|Charizard|Charizardite Y
|-weather|SunnyDay|[from] ability: Drought|[of] p1a: Charizard
|move|p2b: Primarina|Protect|p2b: Primarina
|-singleturn|p2b: Primarina|Protect
|move|p2a: Talonflame|Tailwind|p2a: Talonflame
|-sidestart|p2: Jolt31|move: Tailwind
|move|p1a: Charizard|Weather Ball|p2a: Talonflame
|-resisted|p2a: Talonflame|1
|-damage|p2a: Talonflame|29/100
|move|p1b: Kingambit|Kowtow Cleave|p2a: Talonflame
|-damage|p2a: Talonflame|0 fnt
|faint|p2a: Talonflame
|
|-weather|SunnyDay|[upkeep]
|upkeep
|
|t:|1784642161
|switch|p2a: Drampa|Drampa, L50, F|100/100
|-ability|p2a: Drampa|Cloud Nine
|turn|3
|inactive|yinobo has 30 seconds left.
|
|t:|1784642191
|move|p1a: Charizard|Protect|p1a: Charizard
|-singleturn|p1a: Charizard|Protect
|move|p1b: Kingambit|Sucker Punch|p2b: Primarina
|-resisted|p2b: Primarina|1
|-damage|p2b: Primarina|8/100
|move|p2b: Primarina|Hyper Voice|p1a: Charizard|[spread] p1b
|-activate|p1a: Charizard|move: Protect
|-damage|p1b: Kingambit|0 fnt
|faint|p1b: Kingambit
|-damage|p2b: Primarina|0 fnt|[from] item: Life Orb
|faint|p2b: Primarina
|move|p2a: Drampa|Earth Power|p1a: Charizard
|-activate|p1a: Charizard|move: Protect
|
|-weather|SunnyDay|[upkeep]
|upkeep
|
|t:|1784642208
|switch|p1b: Sylveon|Sylveon, L50, M, shiny|100/100
|switch|p2b: Gardevoir|Gardevoir, L50, M|100/100
|-ability|p2b: Gardevoir|Pixilate|Trace|[from] ability: Trace|[of] p1b: Sylveon
|turn|4
|
|t:|1784642231
|detailschange|p2b: Gardevoir|Gardevoir-Mega, L50, M
|-mega|p2b: Gardevoir|Gardevoir|Gardevoirite
|move|p2a: Drampa|Protect|p2a: Drampa
|-singleturn|p2a: Drampa|Protect
|move|p1a: Charizard|Heat Wave|p2b: Gardevoir|[spread] p2b
|-activate|p2a: Drampa|move: Protect
|-damage|p2b: Gardevoir|67/100
|move|p2b: Gardevoir|Hyper Voice|p1a: Charizard|[spread] p1a,p1b
|-resisted|p1a: Charizard|1
|-damage|p1a: Charizard|77/100
|-damage|p1b: Sylveon|57/100
|move|p1b: Sylveon|Hyper Voice|p2a: Drampa|[spread] p2b
|-activate|p2a: Drampa|move: Protect
|-damage|p2b: Gardevoir|30/100
|
|-weather|SunnyDay|[upkeep]
|-sideend|p1: yinobo|move: Tailwind
|upkeep
|turn|5
|inactive|yinobo has 30 seconds left.
|inactive|yinobo has 20 seconds left.
|inactive|yinobo has 15 seconds left.
|
|t:|1784642273
|move|p1a: Charizard|Heat Wave|p2b: Gardevoir|[spread] p2b
|-miss|p1a: Charizard|p2a: Drampa
|-damage|p2b: Gardevoir|0 fnt
|faint|p2b: Gardevoir
|move|p2a: Drampa|Hyper Voice|p1b: Sylveon|[spread] p1a,p1b
|-damage|p1a: Charizard|33/100
|-damage|p1b: Sylveon|22/100
|move|p1b: Sylveon|Hyper Voice|p2a: Drampa
|-supereffective|p2a: Drampa|1
|-damage|p2a: Drampa|0 fnt
|faint|p2a: Drampa
|
|win|yinobo
||Jolt31 is ready for game 2.
|inactive|yinobo has 30 seconds to confirm battle start!
||yinobo is ready for game 2.
|uhtml|next|Next: Game 2 of 3
