|j|☆Barri Deagol
|j|☆mysteriousmeatman
|html|Barri Deagolmysteriousmeatman    
|uhtml|bestof|Game 3 of a best-of-3
|t:|1756560175
|gametype|doubles
|player|p1|Barri Deagol|collector|1081
|player|p2|mysteriousmeatman|infielder|1000
|gen|9
|tier|[Gen 9] VGC 2025 Reg H (Bo3)
|rated|
|rule|Species Clause: Limit one of each Pokémon
|rule|Item Clause: Limit 1 of each item
|clearpoke
|poke|p1|Archaludon, L50, M|
|poke|p1|Dragonite, L50, F|
|poke|p1|Pelipper, L50, M|
|poke|p1|Ursaluna, L50, F|
|poke|p1|Sinistcha, L50|
|poke|p1|Gholdengo, L50|
|poke|p2|Palafin, L50, F|
|poke|p2|Flamigo, L50, F|
|poke|p2|Politoed, L50, F|
|poke|p2|Incineroar, L50, F|
|poke|p2|Gothitelle, L50, M|
|poke|p2|Overqwil, L50, M|
|teampreview|4
|showteam|p1|Archaludon||AssaultVest|Stamina|FlashCannon,BodyPress,ElectroShot,Snarl|||M|||50|,,,,,Fighting]Dragonite||LoadedDice|Multiscale|ScaleShot,Tailwind,Haze,Protect|||F|||50|,,,,,Fairy]Pelipper||FocusSash|Drizzle|MuddyWater,Hurricane,Tailwind,Protect|||M|||50|,,,,,Ghost]Ursaluna||FlameOrb|Guts|Facade,HeadlongRush,Earthquake,Protect|||F|||50|,,,,,Ghost]Sinistcha||SitrusBerry|Hospitality|MatchaGotcha,LifeDew,RagePowder,TrickRoom||||||50|,,,,,Dark]Gholdengo||ChoiceScarf|GoodasGold|MakeItRain,ShadowBall,Trick,Protect||||||50|,,,,,Flying
|showteam|p2|Palafin||PunchingGlove|ZerotoHero|FlipTurn,JetPunch,DrainPunch,Protect|||F|||50|,,,,,Water]Flamigo||WhiteHerb|Scrappy|CloseCombat,Acrobatics,LowKick,Protect|||F|||50|,,,,,Flying]Politoed||Leftovers|Drizzle|HydroPump,IcyWind,PerishSong,Protect|||F|||50|,,,,,Ghost]Incineroar||SafetyGoggles|Intimidate|FakeOut,KnockOff,PartingShot,Protect|||F|||50|,,,,,Ghost]Gothitelle||SitrusBerry|ShadowTag|FakeOut,Psychic,TrickRoom,Protect|||M|||50|,,,,,Dark]Overqwil||ClearAmulet|SwiftSwim|Crunch,PoisonJab,Liquidation,Protect|||M|||50|,,,,,Ground
|inactive|Battle timer is ON: inactive players will automatically lose when time's up. (requested by Barri Deagol)
|
|t:|1756560196
|teamsize|p1|4
|teamsize|p2|4
|start
|switch|p1a: Pelipper|Pelipper, L50, M|100/100
|switch|p1b: Gholdengo|Gholdengo, L50|100/100
|switch|p2a: Incineroar|Incineroar, L50, F, shiny|100/100
|switch|p2b: Politoed|Politoed, L50, F, shiny|100/100
|-weather|RainDance|[from] ability: Drizzle|[of] p1a: Pelipper
|-ability|p2a: Incineroar|Intimidate|boost
|-unboost|p1a: Pelipper|atk|1
|-unboost|p1b: Gholdengo|atk|1
|turn|1
|inactive|Barri Deagol has 30 seconds left.
|inactive|Barri Deagol has 20 seconds left.
|inactive|Barri Deagol has 15 seconds left.
|
|t:|1756560237
|move|p1b: Gholdengo|Trick|p2a: Incineroar
|-activate|p1b: Gholdengo|move: Trick|[of] p2a: Incineroar
|-item|p2a: Incineroar|Choice Scarf|[from] move: Trick
|-item|p1b: Gholdengo|Safety Goggles|[from] move: Trick
|move|p2a: Incineroar|Knock Off|p1b: Gholdengo
|-supereffective|p1b: Gholdengo
|-damage|p1b: Gholdengo|8/100
|-enditem|p1b: Gholdengo|Safety Goggles|[from] move: Knock Off|[of] p2a: Incineroar
|move|p1a: Pelipper|Tailwind|p1a: Pelipper
|-sidestart|p1: Barri Deagol|move: Tailwind
|move|p2b: Politoed|Icy Wind|p1b: Gholdengo|[spread] p1a,p1b
|-resisted|p1b: Gholdengo
|-damage|p1a: Pelipper|86/100
|-damage|p1b: Gholdengo|4/100
|-unboost|p1a: Pelipper|spe|1
|-unboost|p1b: Gholdengo|spe|1
|
|-weather|RainDance|[upkeep]
|upkeep
|turn|2
|inactive|Barri Deagol has 30 seconds left.
|inactive|Barri Deagol has 20 seconds left.
|inactive|Barri Deagol has 15 seconds left.
|
|t:|1756560280
|switch|p1b: Archaludon|Archaludon, L50, M|100/100
|move|p1a: Pelipper|Muddy Water|p2a: Incineroar|[spread] p2a,p2b
|-supereffective|p2a: Incineroar
|-resisted|p2b: Politoed
|-damage|p2a: Incineroar|32/100
|-damage|p2b: Politoed|84/100
|move|p2a: Incineroar|Knock Off|p1a: Pelipper
|-damage|p1a: Pelipper|37/100
|-enditem|p1a: Pelipper|Focus Sash|[from] move: Knock Off|[of] p2a: Incineroar
|move|p2b: Politoed|Icy Wind|p1a: Pelipper|[spread] p1a,p1b
|-damage|p1a: Pelipper|20/100
|-damage|p1b: Archaludon|94/100
|-unboost|p1a: Pelipper|spe|1
|-unboost|p1b: Archaludon|spe|1
|-ability|p1b: Archaludon|Stamina|boost
|-boost|p1b: Archaludon|def|1
|
|-weather|RainDance|[upkeep]
|-heal|p2b: Politoed|90/100|[from] item: Leftovers
|upkeep
|turn|3
|inactive|Barri Deagol has 30 seconds left.
|inactive|mysteriousmeatman has 30 seconds left.
|
|t:|1756560308
|switch|p2a: Gothitelle|Gothitelle, L50, M, shiny|100/100
|move|p1b: Archaludon|Electro Shot||[still]
|-prepare|p1b: Archaludon|Electro Shot
|-boost|p1b: Archaludon|spa|1
|-anim|p1b: Archaludon|Electro Shot|p2b: Politoed
|-supereffective|p2b: Politoed
|-damage|p2b: Politoed|17/100
|move|p1a: Pelipper|Muddy Water|p2b: Politoed|[spread] p2a,p2b
|-resisted|p2b: Politoed
|-damage|p2a: Gothitelle|68/100
|-damage|p2b: Politoed|2/100
|move|p2b: Politoed|Perish Song|p2b: Politoed
|-start|p1a: Pelipper|perish3|[silent]
|-start|p1b: Archaludon|perish3|[silent]
|-start|p2a: Gothitelle|perish3|[silent]
|-start|p2b: Politoed|perish3|[silent]
|-fieldactivate|move: Perish Song
|
|-weather|RainDance|[upkeep]
|-heal|p2b: Politoed|8/100|[from] item: Leftovers
|-start|p1b: Archaludon|perish3
|-start|p1a: Pelipper|perish3
|-start|p2b: Politoed|perish3
|-start|p2a: Gothitelle|perish3
|upkeep
|turn|4
|
|t:|1756560331
|switch|p2b: Incineroar|Incineroar, L50, F, shiny|32/100
|-ability|p2b: Incineroar|Intimidate|boost
|-unboost|p1a: Pelipper|atk|1
|-unboost|p1b: Archaludon|atk|1
|move|p2a: Gothitelle|Fake Out|p1b: Archaludon
|-resisted|p1b: Archaludon
|-damage|p1b: Archaludon|93/100
|-ability|p1b: Archaludon|Stamina|boost
|-boost|p1b: Archaludon|def|1
|cant|p1b: Archaludon|flinch
|move|p1a: Pelipper|Muddy Water|p2b: Incineroar|[spread] p2a,p2b
|-supereffective|p2b: Incineroar
|-damage|p2a: Gothitelle|36/100
|-damage|p2b: Incineroar|0 fnt
|-unboost|p2a: Gothitelle|accuracy|1
|-enditem|p2a: Gothitelle|Sitrus Berry|[eat]
|-heal|p2a: Gothitelle|61/100|[from] item: Sitrus Berry
|faint|p2b: Incineroar
|
|-weather|RainDance|[upkeep]
|-start|p1b: Archaludon|perish2
|-start|p1a: Pelipper|perish2
|-start|p2a: Gothitelle|perish2
|-sideend|p1: Barri Deagol|move: Tailwind
|upkeep
|inactive|mysteriousmeatman has 30 seconds left.
|
|t:|1756560361
|switch|p2b: Overqwil|Overqwil, L50, M, shiny|100/100
|turn|5
|inactive|Barri Deagol has 30 seconds left.
|
|t:|1756560389
|move|p2b: Overqwil|Protect|p2b: Overqwil
|-singleturn|p2b: Overqwil|Protect
|move|p2a: Gothitelle|Protect|p2a: Gothitelle
|-singleturn|p2a: Gothitelle|Protect
|move|p1b: Archaludon|Body Press|p2b: Overqwil
|-activate|p2b: Overqwil|move: Protect
|move|p1a: Pelipper|Tailwind|p1a: Pelipper
|-sidestart|p1: Barri Deagol|move: Tailwind
|
|-weather|none
|-start|p1b: Archaludon|perish1
|-start|p1a: Pelipper|perish1
|-start|p2a: Gothitelle|perish1
|upkeep
|turn|6
|
|t:|1756560410
|switch|p2b: Politoed|Politoed, L50, F, shiny|8/100
|-weather|RainDance|[from] ability: Drizzle|[of] p2b: Politoed
|move|p1b: Archaludon|Body Press|p2b: Politoed
|-damage|p2b: Politoed|0 fnt
|faint|p2b: Politoed
|move|p1a: Pelipper|Muddy Water|p2a: Gothitelle
|-damage|p2a: Gothitelle|19/100
|move|p2a: Gothitelle|Trick Room|p2a: Gothitelle
|-fieldstart|move: Trick Room|[of] p2a: Gothitelle
|
|-weather|RainDance|[upkeep]
|-start|p2a: Gothitelle|perish0
|-start|p1a: Pelipper|perish0
|-start|p1b: Archaludon|perish0
|faint|p2a: Gothitelle
|faint|p1a: Pelipper
|faint|p1b: Archaludon
|upkeep
|
|t:|1756560429
|switch|p2a: Overqwil|Overqwil, L50, M, shiny|100/100
|switch|p1b: Gholdengo|Gholdengo, L50|4/100
|switch|p1a: Sinistcha|Sinistcha, L50|100/100
|-heal|p1b: Gholdengo|28/100|[from] ability: Hospitality|[of] p1a: Sinistcha
|turn|7
|inactive|Barri Deagol has 30 seconds left.
|
|t:|1756560460
|-terastallize|p1a: Sinistcha|Dark
|move|p1a: Sinistcha|Rage Powder|p1a: Sinistcha
|-singleturn|p1a: Sinistcha|move: Rage Powder
|move|p1b: Gholdengo|Shadow Ball|p2a: Overqwil
|-resisted|p2a: Overqwil
|-damage|p2a: Overqwil|67/100
|move|p2a: Overqwil|Crunch|p1a: Sinistcha
|-resisted|p1a: Sinistcha
|-damage|p1a: Sinistcha|80/100
|
|-weather|RainDance|[upkeep]
|upkeep
|turn|8
|
|t:|1756560476
|move|p1a: Sinistcha|Rage Powder|p1a: Sinistcha
|-singleturn|p1a: Sinistcha|move: Rage Powder
|move|p1b: Gholdengo|Shadow Ball|p2a: Overqwil
|-resisted|p2a: Overqwil
|-damage|p2a: Overqwil|28/100
|move|p2a: Overqwil|Poison Jab|p1a: Sinistcha
|-damage|p1a: Sinistcha|43/100
|-enditem|p1a: Sinistcha|Sitrus Berry|[eat]
|-heal|p1a: Sinistcha|68/100|[from] item: Sitrus Berry
|
|-weather|RainDance|[upkeep]
|-sideend|p1: Barri Deagol|move: Tailwind
|upkeep
|turn|9
|
|t:|1756560491
|move|p2a: Overqwil|Protect|p2a: Overqwil
|-singleturn|p2a: Overqwil|Protect
|move|p1a: Sinistcha|Rage Powder|p1a: Sinistcha
|-singleturn|p1a: Sinistcha|move: Rage Powder
|move|p1b: Gholdengo|Shadow Ball|p2a: Overqwil
|-activate|p2a: Overqwil|move: Protect
|
|-weather|RainDance|[upkeep]
|upkeep
|turn|10
|
|t:|1756560502
|move|p1a: Sinistcha|Rage Powder|p1a: Sinistcha
|-singleturn|p1a: Sinistcha|move: Rage Powder
|move|p1b: Gholdengo|Shadow Ball|p2a: Overqwil
|-resisted|p2a: Overqwil
|-damage|p2a: Overqwil|0 fnt
|faint|p2a: Overqwil
|
|win|Barri Deagol
|raw|Barri Deagol's rating: 1081 → 1102(+21 for winning)
|raw|mysteriousmeatman's rating: 1000 → 1000(+0 for losing)
|l|☆mysteriousmeatman
|player|p2|
