|j|☆Codename Vv
|j|☆edipicker
|html|Codename Vvedipicker    
|uhtml|bestof|Game 2 of a best-of-3
|t:|1756860364
|gametype|doubles
|player|p1|Codename Vv|volkner|1040
|player|p2|edipicker|swimmerf-gen4|1130
|gen|9
|tier|[Gen 9] VGC 2025 Reg H (Bo3)
|rated|
|rule|Species Clause: Limit one of each Pokémon
|rule|Item Clause: Limit 1 of each item
|clearpoke
|poke|p1|Frosmoth, L50, M|
|poke|p1|Volcarona, L50, M|
|poke|p1|Ninetales-Alola, L50, F|
|poke|p1|Garchomp, L50, M|
|poke|p1|Incineroar, L50, F|
|poke|p1|Rillaboom, L50, F|
|poke|p2|Weezing-Galar, L50, F|
|poke|p2|Garchomp, L50, M|
|poke|p2|Typhlosion-Hisui, L50, M|
|poke|p2|Corviknight, L50, M|
|poke|p2|Toedscruel, L50, F|
|poke|p2|Pawmot, L50, F|
|teampreview|4
|showteam|p1|Frosmoth||Leftovers|IceScales|Blizzard,WideGuard,QuiverDance,TeraBlast|||M|||50|,,,,,Water]Volcarona||RockyHelmet|FlameBody|HeatWave,WillOWisp,RagePowder,StruggleBug|||M|||50|,,,,,Steel]Ninetales-Alola||LifeOrb|SnowWarning|FreezeDry,AuroraVeil,IcyWind,Moonblast|||F|||50|,,,,,Ghost]Garchomp||ClearAmulet|RoughSkin|StompingTantrum,Protect,RockSlide,BreakingSwipe|||M|||50|,,,,,Fire]Incineroar||SitrusBerry|Intimidate|FlareBlitz,PartingShot,FakeOut,KnockOff|||F|||50|,,,,,Ghost]Rillaboom||AssaultVest|GrassySurge|GrassyGlide,WoodHammer,HighHorsepower,FakeOut|||F|||50|,,,,,Fire
|showteam|p2|Weezing-Galar||ChoiceSpecs|NeutralizingGas|SludgeBomb,StrangeSteam,DazzlingGleam,Flamethrower|||F|||50|,,,,,Fire]Garchomp||LifeOrb|RoughSkin|StompingTantrum,Earthquake,Protect,DragonClaw|||M|||50|,,,,,Ground]Typhlosion-Hisui||ChoiceScarf|Blaze|Eruption,ShadowBall,HeatWave,SleepTalk|||M|||50|,,,,,Fire]Corviknight||SitrusBerry|MirrorArmor|BraveBird,Roost,Tailwind,Protect|||M|||50|,,,,,Dragon]Toedscruel||CovertCloak|MyceliumMight|Spore,AcidSpray,RagePowder,EarthPower|||F|||50|,,,,,Water]Pawmot||FocusSash|NaturalCure|CloseCombat,FakeOut,DoubleShock,Protect|||F|||50|,,,,,Electric
|
|t:|1756860395
|teamsize|p1|4
|teamsize|p2|4
|start
|switch|p1a: Garchomp|Garchomp, L50, M|100/100
|switch|p1b: Ninetales|Ninetales-Alola, L50, F|100/100
|switch|p2a: Deez|Weezing-Galar, L50, F|100/100
|switch|p2b: Noots|Toedscruel, L50, F, shiny|100/100
|-ability|p2a: Deez|Neutralizing Gas
|turn|1
|
|t:|1756860435
|move|p1a: Garchomp|Protect|p1a: Garchomp
|-singleturn|p1a: Garchomp|Protect
|move|p1b: Ninetales|Freeze-Dry|p2b: Noots
|-supereffective|p2b: Noots
|-damage|p2b: Noots|0 fnt
|faint|p2b: Noots
|-damage|p1b: Ninetales|91/100|[from] item: Life Orb
|move|p2a: Deez|Flamethrower|p1b: Ninetales
|-supereffective|p1b: Ninetales
|-damage|p1b: Ninetales|9/100
|
|upkeep
|
|t:|1756860452
|switch|p2b: Chiripa|Typhlosion-Hisui, L50, M|100/100
|turn|2
|
|t:|1756860481
|switch|p1b: Incineroar|Incineroar, L50, F|100/100
|-terastallize|p2b: Chiripa|Fire
|move|p2b: Chiripa|Eruption|p1a: Garchomp|[spread] p1a,p1b
|-resisted|p1a: Garchomp
|-resisted|p1b: Incineroar
|-damage|p1a: Garchomp|58/100
|-damage|p1b: Incineroar|72/100
|move|p1a: Garchomp|Rock Slide|p2a: Deez|[spread] p2a,p2b
|-supereffective|p2b: Chiripa
|-damage|p2a: Deez|80/100
|-damage|p2b: Chiripa|43/100
|move|p2a: Deez|Flamethrower|p1a: Garchomp
|-resisted|p1a: Garchomp
|-damage|p1a: Garchomp|39/100
|
|upkeep
|turn|3
|
|t:|1756860506
|switch|p2b: Sparta|Garchomp, L50, M|100/100
|move|p1b: Incineroar|Fake Out|p2b: Sparta
|-damage|p2b: Sparta|89/100
|move|p1a: Garchomp|Rock Slide|p2b: Sparta|[spread] p2a,p2b
|-resisted|p2b: Sparta
|-damage|p2a: Deez|59/100
|-damage|p2b: Sparta|79/100
|move|p2a: Deez|Flamethrower|p1a: Garchomp
|-resisted|p1a: Garchomp
|-damage|p1a: Garchomp|19/100
|
|upkeep
|turn|4
|
|t:|1756860524
|-end|p2a: Deez|ability: Neutralizing Gas
|-ability|p1b: Incineroar|Intimidate|boost
|-unboost|p2a: Deez|atk|1
|-unboost|p2b: Sparta|atk|1
|switch|p2a: Chiripa|Typhlosion-Hisui, L50, M, tera:Fire|43/100
|move|p1a: Garchomp|Stomping Tantrum|p2a: Chiripa
|-supereffective|p2a: Chiripa
|-damage|p2a: Chiripa|0 fnt
|faint|p2a: Chiripa
|move|p2b: Sparta|Stomping Tantrum|p1b: Incineroar
|-supereffective|p1b: Incineroar
|-damage|p1b: Incineroar|10/100
|-enditem|p1b: Incineroar|Sitrus Berry|[eat]
|-heal|p1b: Incineroar|35/100|[from] item: Sitrus Berry
|-damage|p2b: Sparta|69/100|[from] item: Life Orb
|move|p1b: Incineroar|Parting Shot|p2b: Sparta
|-unboost|p2b: Sparta|atk|1
|-unboost|p2b: Sparta|spa|1
|
|t:|1756860543
|switch|p1b: Ninetales|Ninetales-Alola, L50, F|9/100|[from] Parting Shot
|-weather|Snowscape|[from] ability: Snow Warning|[of] p1b: Ninetales
|
|-weather|Snowscape|[upkeep]
|upkeep
|
|t:|1756860550
|switch|p2a: Deez|Weezing-Galar, L50, F|59/100
|-ability|p2a: Deez|Neutralizing Gas
|turn|5
|
|t:|1756860577
|move|p1a: Garchomp|Protect|p1a: Garchomp
|-singleturn|p1a: Garchomp|Protect
|move|p2b: Sparta|Protect|p2b: Sparta
|-singleturn|p2b: Sparta|Protect
|move|p1b: Ninetales|Aurora Veil|p1b: Ninetales
|-sidestart|p1: Codename Vv|move: Aurora Veil
|move|p2a: Deez|Dazzling Gleam|p1b: Ninetales|[spread] p1b
|-activate|p1a: Garchomp|move: Protect
|-damage|p1b: Ninetales|0 fnt
|faint|p1b: Ninetales
|
|-weather|Snowscape|[upkeep]
|upkeep
|
|t:|1756860598
|switch|p1b: Volcarona|Volcarona, L50, M|100/100
|turn|6
|
|t:|1756860622
|move|p1b: Volcarona|Rage Powder|p1b: Volcarona
|-singleturn|p1b: Volcarona|move: Rage Powder
|move|p1a: Garchomp|Breaking Swipe|p2a: Deez|[spread] p2b
|-immune|p2a: Deez
|-supereffective|p2b: Sparta
|-damage|p2b: Sparta|23/100
|-unboost|p2b: Sparta|atk|1
|move|p2b: Sparta|Stomping Tantrum|p1b: Volcarona
|-damage|p1b: Volcarona|88/100
|-damage|p2b: Sparta|7/100|[from] item: Rocky Helmet|[of] p1b: Volcarona
|-damage|p2b: Sparta|0 fnt|[from] item: Life Orb
|faint|p2b: Sparta
|move|p2a: Deez|Dazzling Gleam|p1b: Volcarona|[spread] p1a,p1b
|-supereffective|p1a: Garchomp
|-resisted|p1b: Volcarona
|-damage|p1a: Garchomp|0 fnt
|-damage|p1b: Volcarona|77/100
|faint|p1a: Garchomp
|
|-weather|Snowscape|[upkeep]
|upkeep
|
|t:|1756860640
|switch|p1a: Incineroar|Incineroar, L50, F|35/100
|turn|7
|
|t:|1756860650
|move|p1a: Incineroar|Fake Out|p2a: Deez
|-damage|p2a: Deez|48/100
|move|p1b: Volcarona|Heat Wave|p2a: Deez
|-crit|p2a: Deez
|-damage|p2a: Deez|0 fnt
|faint|p2a: Deez
|-end|p2a: Deez|ability: Neutralizing Gas
|
|win|Codename Vv
||edipicker is ready for game 3.
||Codename Vv is ready for game 3.
|uhtml|next|Next: Game 3 of 3
|l|☆edipicker
|player|p2|
