|j|☆odio esta reg
|j|☆Reboquete
|html|odio esta regReboquete    
|uhtml|bestof|Game 2 of a best-of-3
|t:|1785507094
|gametype|doubles
|player|p1|odio esta reg|101|1106
|player|p2|Reboquete|iris-gen5bw2|1226
|gen|9
|tier|[Gen 9 Champions] VGC 2026 Reg M-B (Bo3)
|rated|
|rule|Species Clause: Limit one of each Pokémon
|rule|Item Clause: Limit 1 of each item
|clearpoke
|poke|p1|Charizard, L50, M|
|poke|p1|Garchomp, L50, F|
|poke|p1|Incineroar, L50, M|
|poke|p1|Venusaur, L50, F|
|poke|p1|Toxapex, L50, M|
|poke|p1|Sylveon, L50, F|
|poke|p2|Tyranitar, L50, F|
|poke|p2|Staraptor, L50, F|
|poke|p2|Excadrill, L50, M|
|poke|p2|Milotic, L50, M|
|poke|p2|Gholdengo, L50|
|poke|p2|Sinistcha-Masterpiece, L50|
|teampreview|4
|showteam|p1|Charizard||CharizarditeY|SolarPower|WeatherBall,HeatWave,AncientPower,Protect|Modest||M|||50|]Garchomp||ChoiceScarf|RoughSkin|RockSlide,DragonClaw,Earthquake,StompingTantrum|Adamant||F|||50|]Incineroar||SitrusBerry|Intimidate|FlareBlitz,FakeOut,DarkestLariat,PartingShot|Impish||M|||50|]Venusaur||LifeOrb|Chlorophyll|SludgeBomb,LeafStorm,EarthPower,Protect|Modest||F|||50|]Toxapex||Leftovers|Regenerator|Infestation,Toxic,WideGuard,BanefulBunker|Bold||M|||50|]Sylveon||FairyFeather|Pixilate|HyperVoice,QuickAttack,Yawn,Detect|Modest||F|||50|
|showteam|p2|Tyranitar||Tyranitarite|SandStream|RockSlide,KnockOff,Protect,HighHorsepower|Jolly||F|||50|]Staraptor||Staraptite|Intimidate|CloseCombat,BraveBird,Tailwind,Protect|Jolly||F|||50|]Excadrill||FocusSash|SandRush|IronHead,Earthquake,Protect,RockSlide|Adamant||M|||50|]Milotic||SitrusBerry|Competitive|Scald,IcyWind,Haze,Protect|Calm||M|||50|]Gholdengo||LifeOrb|GoodasGold|ShadowBall,MakeItRain,Protect,NastyPlot|Modest|||||50|]Sinistcha-Masterpiece||ColburBerry|Hospitality|MatchaGotcha,ShadowBall,Protect,RagePowder|Bold|||||50|
|inactive|Battle timer is ON: inactive players will automatically lose when time's up. (requested by odio esta reg)
|inactive|odio esta reg has 60 seconds left.
|inactive|Reboquete has 60 seconds left.
|
|t:|1785507154
|teamsize|p1|4
|teamsize|p2|4
|start
|switch|p1a: Charizard|Charizard, L50, M|100/100
|switch|p1b: Venusaur|Venusaur, L50, F|100/100
|switch|p2a: Tyranitar|Tyranitar, L50, F|100/100
|switch|p2b: Milotic|Milotic, L50, M|100/100
|-weather|Sandstorm|[from] ability: Sand Stream|[of] p2a: Tyranitar
|turn|1
|
|t:|1785507170
|move|p1a: Charizard|Protect|p1a: Charizard
|-singleturn|p1a: Charizard|Protect
|move|p2a: Tyranitar|Rock Slide|p1a: Charizard|[spread] p1b
|-activate|p1a: Charizard|move: Protect
|-damage|p1b: Venusaur|66/100
|move|p1b: Venusaur|Leaf Storm|p2b: Milotic
|-supereffective|p2b: Milotic|1
|-damage|p2b: Milotic|0 fnt
|-unboost|p1b: Venusaur|spa|2
|faint|p2b: Milotic
|-damage|p1b: Venusaur|56/100|[from] item: Life Orb
|
|-weather|Sandstorm|[upkeep]
|-damage|p1a: Charizard|94/100|[from] Sandstorm
|-damage|p1b: Venusaur|50/100g|[from] Sandstorm
|upkeep
|
|t:|1785507189
|switch|p2b: Excadrill|Excadrill, L50, M|100/100
|turn|2
|
|t:|1785507207
|detailschange|p1a: Charizard|Charizard-Mega-Y, L50, M
|-mega|p1a: Charizard|Charizard|Charizardite Y
|-weather|SunnyDay|[from] ability: Drought|[of] p1a: Charizard
|move|p2b: Excadrill|Protect|p2b: Excadrill
|-singleturn|p2b: Excadrill|Protect
|move|p1b: Venusaur|Earth Power|p2b: Excadrill
|-activate|p2b: Excadrill|move: Protect
|move|p2a: Tyranitar|Rock Slide|p1b: Venusaur|[spread] p1a,p1b
|-supereffective|p1a: Charizard|2
|-crit|p1b: Venusaur
|-damage|p1a: Charizard|0 fnt
|-damage|p1b: Venusaur|3/100
|faint|p1a: Charizard
|
|-weather|SunnyDay|[upkeep]
|upkeep
|
|t:|1785507218
|switch|p1a: Garchomp|Garchomp, L50, F|100/100
|turn|3
|
|t:|1785507234
|switch|p2b: Staraptor|Staraptor, L50, F|100/100
|-ability|p2b: Staraptor|Intimidate|boost
|-unboost|p1a: Garchomp|atk|1
|-unboost|p1b: Venusaur|atk|1
|detailschange|p2a: Tyranitar|Tyranitar-Mega, L50, F
|-mega|p2a: Tyranitar|Tyranitar|Tyranitarite
|-weather|Sandstorm|[from] ability: Sand Stream|[of] p2a: Tyranitar
|move|p2a: Tyranitar|Protect|p2a: Tyranitar
|-singleturn|p2a: Tyranitar|Protect
|move|p1a: Garchomp|Earthquake|p2b: Staraptor|[spread] p1b
|-activate|p2a: Tyranitar|move: Protect
|-immune|p2b: Staraptor
|-damage|p1b: Venusaur|0 fnt
|faint|p1b: Venusaur
|
|-weather|Sandstorm|[upkeep]
|-damage|p2b: Staraptor|94/100|[from] Sandstorm
|upkeep
|
|t:|1785507243
|switch|p1b: Sylveon|Sylveon, L50, F|100/100
|turn|4
|inactive|Reboquete has 30 seconds left.
|inactive|Reboquete has 20 seconds left.
|inactive|Reboquete has 15 seconds left.
|
|t:|1785507286
|move|p1a: Garchomp|Earthquake|p2a: Tyranitar|[spread] p1b,p2a
|-immune|p2b: Staraptor
|-supereffective|p2a: Tyranitar|1
|-damage|p1b: Sylveon|72/100
|-damage|p2a: Tyranitar|64/100
|move|p2b: Staraptor|Tailwind|p2b: Staraptor
|-sidestart|p2: Reboquete|move: Tailwind
|move|p2a: Tyranitar|High Horsepower|p1b: Sylveon
|-damage|p1b: Sylveon|38/100
|move|p1b: Sylveon|Hyper Voice|p2a: Tyranitar|[spread] p2a,p2b
|-supereffective|p2a: Tyranitar|1
|-damage|p2a: Tyranitar|16/100
|-damage|p2b: Staraptor|38/100
|
|-weather|Sandstorm|[upkeep]
|-damage|p2b: Staraptor|32/100|[from] Sandstorm
|-damage|p1b: Sylveon|32/100|[from] Sandstorm
|upkeep
|turn|5
|inactive|Reboquete has 30 seconds left.
|inactive|Reboquete has 20 seconds left.
|
|t:|1785507323
|move|p1b: Sylveon|Detect|p1b: Sylveon
|-singleturn|p1b: Sylveon|Protect
|move|p2b: Staraptor|Close Combat|p1a: Garchomp
|-damage|p1a: Garchomp|69/100
|-unboost|p2b: Staraptor|def|1
|-unboost|p2b: Staraptor|spd|1
|-damage|p2b: Staraptor|20/100y|[from] ability: Rough Skin|[of] p1a: Garchomp
|move|p2a: Tyranitar|High Horsepower|p1b: Sylveon
|-activate|p1b: Sylveon|move: Protect
|move|p1a: Garchomp|Earthquake|p2a: Tyranitar|[spread] p2a
|-activate|p1b: Sylveon|move: Protect
|-immune|p2b: Staraptor
|-supereffective|p2a: Tyranitar|1
|-damage|p2a: Tyranitar|0 fnt
|faint|p2a: Tyranitar
|
|-weather|Sandstorm|[upkeep]
|-damage|p2b: Staraptor|14/100|[from] Sandstorm
|-damage|p1b: Sylveon|27/100|[from] Sandstorm
|upkeep
|
|t:|1785507344
|switch|p2a: Excadrill|Excadrill, L50, M|100/100
|turn|6
|
|t:|1785507358
|move|p2a: Excadrill|Protect|p2a: Excadrill
|-singleturn|p2a: Excadrill|Protect
|move|p1b: Sylveon|Quick Attack|p2b: Staraptor
|-damage|p2b: Staraptor|0 fnt
|faint|p2b: Staraptor
|move|p1a: Garchomp|Earthquake|p2a: Excadrill|[spread] p1b
|-activate|p2a: Excadrill|move: Protect
|-damage|p1b: Sylveon|0 fnt
|faint|p1b: Sylveon
|
|-weather|Sandstorm|[upkeep]
|upkeep
|turn|7
|
|t:|1785507374
|move|p2a: Excadrill|Iron Head|p1a: Garchomp
|-damage|p1a: Garchomp|25/100
|-damage|p2a: Excadrill|87/100|[from] ability: Rough Skin|[of] p1a: Garchomp
|move|p1a: Garchomp|Earthquake|p2a: Excadrill
|-supereffective|p2a: Excadrill|1
|-damage|p2a: Excadrill|0 fnt
|faint|p2a: Excadrill
|
|win|odio esta reg
||odio esta reg is ready for game 3.
||Reboquete is ready for game 3.
|uhtml|next|Next: Game 3 of 3
