|j|☆mkleo enjoyerr
|j|☆naibot2814
|html|mkleo enjoyerrnaibot2814    
|uhtml|bestof|Game 2 of a best-of-3
|t:|1783537712
|gametype|doubles
|player|p1|mkleo enjoyerr|dawn-gen4pt|
|player|p2|naibot2814|ghetsis|
|gen|9
|tier|[Gen 9 Champions] VGC 2026 Reg M-B (Bo3)
|rule|Species Clause: Limit one of each Pokémon
|rule|Item Clause: Limit 1 of each item
|clearpoke
|poke|p1|Gardevoir, L50, F, shiny|
|poke|p1|Blastoise, L50, M, shiny|
|poke|p1|Sneasler, L50, M|
|poke|p1|Kingambit, L50, M, shiny|
|poke|p1|Sinistcha, L50|
|poke|p1|Incineroar, L50, M, shiny|
|poke|p2|Blastoise, L50, M|
|poke|p2|Incineroar, L50, M|
|poke|p2|Sneasler, L50, M|
|poke|p2|Sinistcha, L50|
|poke|p2|Kingambit, L50, M, shiny|
|poke|p2|Floette-Eternal, L50, F|
|teampreview|4
|showteam|p1|Gardevoir||Gardevoirite|Trace|HyperVoice,Psyshock,Protect,CalmMind|Timid||F|||50|]Blastoise||Blastoisinite|RainDish|WaterSpout,DarkPulse,ShellSmash,Protect|Modest||M|||50|]Sneasler||FocusSash|PoisonTouch|DireClaw,CloseCombat,FakeOut,QuickGuard|Jolly||M|||50|]Kingambit||BlackGlasses|Defiant|KowtowCleave,SuckerPunch,SwordsDance,Protect|Adamant||M|||50|]Sinistcha||OccaBerry|Hospitality|MatchaGotcha,Protect,TrickRoom,RagePowder|Bold|||||50|]Incineroar||SitrusBerry|Intimidate|FlareBlitz,ThroatChop,FakeOut,PartingShot|Calm||M|||50|
|showteam|p2|Blastoise||Blastoisinite|Torrent|WaterSpout,DarkPulse,ShellSmash,Protect|Modest||M|||50|]Incineroar||SitrusBerry|Intimidate|FakeOut,FlareBlitz,DarkestLariat,PartingShot|Careful||M|||50|]Sneasler||FocusSash|PoisonTouch|FakeOut,CloseCombat,PoisonJab,RockTomb|Jolly||M|||50|]Sinistcha||KasibBerry|Hospitality|MatchaGotcha,TrickRoom,RagePowder,Protect|Bold|||||50|]Kingambit||BlackGlasses|Defiant|KowtowCleave,SuckerPunch,SwordsDance,Protect|Adamant||M|||50|]Floette-Eternal||Floettite|FlowerVeil|DrainingKiss,DazzlingGleam,CalmMind,Protect|Modest||F|||50|
|
|t:|1783537736
|teamsize|p1|4
|teamsize|p2|4
|start
|switch|p1a: Uncool|Sneasler, L50, M|100/100
|switch|p1b: Tee|Sinistcha, L50|100/100
|switch|p2a: Blastoise|Blastoise, L50, M|100/100
|switch|p2b: Sneasler|Sneasler, L50, M|100/100
|turn|1
|
|t:|1783537754
|move|p2a: Blastoise|Protect|p2a: Blastoise
|-singleturn|p2a: Blastoise|Protect
|move|p1a: Uncool|Fake Out|p2a: Blastoise
|-activate|p2a: Blastoise|move: Protect
|move|p2b: Sneasler|Poison Jab|p1b: Tee
|-damage|p1b: Tee|65/100
|move|p1b: Tee|Matcha Gotcha|p2b: Sneasler|[spread] p2b
|-activate|p2a: Blastoise|move: Protect
|-resisted|p2b: Sneasler|1
|-damage|p2b: Sneasler|82/100
|-heal|p1b: Tee|73/100|[from] drain|[of] p2b: Sneasler
|
|upkeep
|turn|2
|
|t:|1783537770
|switch|p2b: Incineroar|Incineroar, L50, M|100/100
|-ability|p2b: Incineroar|Intimidate|boost
|-unboost|p1a: Uncool|atk|1
|-unboost|p1b: Tee|atk|1
|switch|p1b: Katze|Incineroar, L50, M, shiny|100/100
|-ability|p1b: Katze|Intimidate|boost
|-unboost|p2a: Blastoise|atk|1
|-unboost|p2b: Incineroar|atk|1
|detailschange|p2a: Blastoise|Blastoise-Mega, L50, M
|-mega|p2a: Blastoise|Blastoise|Blastoisinite
|move|p1a: Uncool|Dire Claw|p2a: Blastoise
|-damage|p2a: Blastoise|76/100
|move|p2a: Blastoise|Dark Pulse|p1b: Katze
|-resisted|p1b: Katze|1
|-damage|p1b: Katze|81/100
|
|upkeep
|turn|3
|
|t:|1783537791
|switch|p1a: Big Girl|Gardevoir, L50, F, shiny|100/100
|-ability|p1a: Big Girl|Intimidate|Trace|[from] ability: Trace|[of] p2b: Incineroar
|-ability|p1a: Big Girl|Intimidate|boost
|-unboost|p2a: Blastoise|atk|1
|-unboost|p2b: Incineroar|atk|1
|switch|p2b: Sinistcha|Sinistcha, L50|100/100
|-heal|p2a: Blastoise|100/100|[from] ability: Hospitality|[of] p2b: Sinistcha
|move|p2a: Blastoise|Protect|p2a: Blastoise
|-singleturn|p2a: Blastoise|Protect
|move|p1b: Katze|Fake Out|p2a: Blastoise
|-activate|p2a: Blastoise|move: Protect
|
|upkeep
|turn|4
|
|t:|1783537809
|switch|p2b: Sneasler|Sneasler, L50, M|82/100
|switch|p1b: Uncool|Sneasler, L50, M|100/100
|detailschange|p1a: Big Girl|Gardevoir-Mega, L50, F, shiny
|-mega|p1a: Big Girl|Gardevoir|Gardevoirite
|move|p1a: Big Girl|Hyper Voice|p2b: Sneasler|[spread] p2a,p2b
|-crit|p2a: Blastoise
|-damage|p2a: Blastoise|21/100
|-damage|p2b: Sneasler|8/100
|move|p2a: Blastoise|Shell Smash|p2a: Blastoise
|-unboost|p2a: Blastoise|def|1
|-unboost|p2a: Blastoise|spd|1
|-boost|p2a: Blastoise|atk|2
|-boost|p2a: Blastoise|spa|2
|-boost|p2a: Blastoise|spe|2
|
|upkeep
|turn|5
|
|t:|1783537822
|switch|p2b: Sinistcha|Sinistcha, L50|100/100
|-heal|p2a: Blastoise|46/100|[from] ability: Hospitality|[of] p2b: Sinistcha
|move|p2a: Blastoise|Protect|p2a: Blastoise
|-singleturn|p2a: Blastoise|Protect
|move|p1a: Big Girl|Protect|p1a: Big Girl
|-singleturn|p1a: Big Girl|Protect
|move|p1b: Uncool|Fake Out|p2a: Blastoise
|-activate|p2a: Blastoise|move: Protect
|
|upkeep
|turn|6
|
|t:|1783537837
|switch|p1b: Katze|Incineroar, L50, M, shiny|81/100
|-ability|p1b: Katze|Intimidate|boost
|-unboost|p2a: Blastoise|atk|1
|-unboost|p2b: Sinistcha|atk|1
|move|p2b: Sinistcha|Rage Powder|p2b: Sinistcha
|-singleturn|p2b: Sinistcha|move: Rage Powder
|move|p2a: Blastoise|Dark Pulse|p1a: Big Girl
|-damage|p1a: Big Girl|18/100
|move|p1a: Big Girl|Hyper Voice|p2b: Sinistcha|[spread] p2a,p2b
|-damage|p2a: Blastoise|0 fnt
|-damage|p2b: Sinistcha|51/100
|faint|p2a: Blastoise
|
|upkeep
|-message|naibot2814 forfeited.
|
|win|mkleo enjoyerr
|l|☆naibot2814
|player|p2|
||naibot2814 is ready for game 3.
||mkleo enjoyerr is ready for game 3.
|uhtml|next|Next: Game 3 of 3
|l|☆mkleo enjoyerr
|player|p1|
|j|☆naibot2814
|player|p2|naibot2814|ghetsis|
