|j|☆aaroncito4
|j|☆breloomb01
|html|aaroncito4breloomb01    
|uhtml|bestof|Game 1 of a best-of-3
|t:|1783009251
|gametype|doubles
|player|p1|aaroncito4|101|1203
|player|p2|breloomb01|roughneck|1218
|gen|9
|tier|[Gen 9 Champions] VGC 2026 Reg M-B (Bo3)
|rated|
|rule|Species Clause: Limit one of each Pokémon
|rule|Item Clause: Limit 1 of each item
|clearpoke
|poke|p1|Garchomp, L50, F|
|poke|p1|Kingambit, L50, M|
|poke|p1|Charizard, L50, M|
|poke|p1|Aerodactyl, L50, F|
|poke|p1|Sylveon, L50, F|
|poke|p1|Farigiraf, L50, M|
|poke|p2|Gengar, L50, F, shiny|
|poke|p2|Swampert, L50, F, shiny|
|poke|p2|Incineroar, L50, M, shiny|
|poke|p2|Politoed, L50, M, shiny|
|poke|p2|Archaludon, L50, M, shiny|
|poke|p2|Vivillon-Polar, L50, F|
|teampreview|4
|showteam|p1|Garchomp||LifeOrb|RoughSkin|StompingTantrum,RockSlide,DragonClaw,Protect|Jolly||F|||50|]Kingambit||FocusSash|Defiant|LowKick,KowtowCleave,SuckerPunch,IronHead|Adamant||M|||50|]Charizard||CharizarditeY|Blaze|HeatWave,WeatherBall,SolarBeam,Protect|Modest||M|||50|]Aerodactyl||Aerodactylite|Pressure|RockSlide,DualWingbeat,Tailwind,IceFang|Jolly||F|||50|]Sylveon||FairyFeather|Pixilate|HyperVoice,HyperBeam,Detect,QuickAttack|Modest||F|||50|]Farigiraf||SitrusBerry|ArmorTail|TwinBeam,Thunderbolt,TrickRoom,Protect|Modest||M|||50|
|showteam|p2|Gengar||Gengarite|CursedBody|ShadowBall,PerishSong,SludgeBomb,Protect|Timid||F|||50|]Swampert||Swampertite|Torrent|WaveCrash,Earthquake,IcePunch,Protect|Adamant||F|||50|]Incineroar||PasshoBerry|Intimidate|ThroatChop,PartingShot,FakeOut,Protect|Sassy||M|||50|]Politoed||SitrusBerry|Drizzle|WeatherBall,PerishSong,Encore,Protect|Calm||M|||50|]Archaludon||Leftovers|Stamina|DragonPulse,FlashCannon,ElectroShot,Protect|Bold||M|||50|]Vivillon-Polar||FocusSash|CompoundEyes|Hurricane,SleepPowder,RagePowder,Protect|Timid||F|||50|
|inactive|Battle timer is ON: inactive players will automatically lose when time's up. (requested by aaroncito4)
|
|t:|1783009293
|teamsize|p1|4
|teamsize|p2|4
|start
|switch|p1a: Farigiraf|Farigiraf, L50, M|100/100
|switch|p1b: Kingambit|Kingambit, L50, M|100/100
|switch|p2a: Gengar|Gengar, L50, F, shiny|100/100
|switch|p2b: Vivillon|Vivillon-Polar, L50, F|100/100
|turn|1
|inactive|aaroncito4 has 30 seconds left.
|inactive|aaroncito4 has 20 seconds left.
|
|t:|1783009328
|detailschange|p2a: Gengar|Gengar-Mega, L50, F, shiny
|-mega|p2a: Gengar|Gengar|Gengarite
|move|p2a: Gengar|Perish Song|p2a: Gengar
|-start|p1a: Farigiraf|perish3|[silent]
|-start|p1b: Kingambit|perish3|[silent]
|-start|p2a: Gengar|perish3|[silent]
|-start|p2b: Vivillon|perish3|[silent]
|-fieldactivate|move: Perish Song
|move|p2b: Vivillon|Sleep Powder|p1b: Kingambit
|-status|p1b: Kingambit|slp|[from] move: Sleep Powder
|cant|p1b: Kingambit|slp
|move|p1a: Farigiraf|Trick Room|p1a: Farigiraf
|-fieldstart|move: Trick Room|[of] p1a: Farigiraf
|
|-start|p1a: Farigiraf|perish3
|-start|p1b: Kingambit|perish3
|-start|p2b: Vivillon|perish3
|-start|p2a: Gengar|perish3
|upkeep
|turn|2
|
|t:|1783009350
|switch|p2b: Incineroar|Incineroar, L50, M, shiny|100/100
|-ability|p2b: Incineroar|Intimidate|boost
|-unboost|p1a: Farigiraf|atk|1
|-unboost|p1b: Kingambit|atk|1
|-ability|p1b: Kingambit|Defiant|boost
|-boost|p1b: Kingambit|atk|2
|move|p2a: Gengar|Protect|p2a: Gengar
|-singleturn|p2a: Gengar|Protect
|move|p1a: Farigiraf|Thunderbolt|p2b: Incineroar
|-damage|p2b: Incineroar|80/100
|cant|p1b: Kingambit|slp
|
|-start|p1a: Farigiraf|perish2
|-start|p1b: Kingambit|perish2
|-start|p2a: Gengar|perish2
|upkeep
|turn|3
|inactive|aaroncito4 has 30 seconds left.
|inactive|aaroncito4 has 20 seconds left.
|
|t:|1783009385
|switch|p2a: Politoed|Politoed, L50, M, shiny|100/100
|-weather|RainDance|[from] ability: Drizzle|[of] p2a: Politoed
|move|p2b: Incineroar|Parting Shot|p1b: Kingambit
|-unboost|p1b: Kingambit|atk|1
|-ability|p1b: Kingambit|Defiant|boost
|-boost|p1b: Kingambit|atk|2
|-unboost|p1b: Kingambit|spa|1
|-ability|p1b: Kingambit|Defiant|boost
|-boost|p1b: Kingambit|atk|2
|
|t:|1783009391
|switch|p2b: Gengar|Gengar-Mega, L50, F, shiny|100/100|[from] Parting Shot
|move|p1a: Farigiraf|Twin Beam|p2a: Politoed
|-damage|p2a: Politoed|84/100
|-damage|p2a: Politoed|70/100
|-hitcount|p2a: Politoed|2
|-curestatus|p1b: Kingambit|slp|[msg]
|move|p1b: Kingambit|Kowtow Cleave|p2b: Gengar
|-supereffective|p2b: Gengar|1
|-damage|p2b: Gengar|0 fnt
|faint|p2b: Gengar
|
|-weather|RainDance|[upkeep]
|-start|p1a: Farigiraf|perish1
|-start|p1b: Kingambit|perish1
|upkeep
|
|t:|1783009400
|switch|p2b: Vivillon|Vivillon-Polar, L50, F|100/100
|turn|4
|
|t:|1783009422
|switch|p1a: Charizard|Charizard, L50, M|100/100
|switch|p1b: Garchomp|Garchomp, L50, F|100/100
|move|p2a: Politoed|Weather Ball|p1b: Garchomp
|-damage|p1b: Garchomp|47/100
|move|p2b: Vivillon|Sleep Powder|p1a: Charizard
|-status|p1a: Charizard|slp|[from] move: Sleep Powder
|
|-weather|RainDance|[upkeep]
|upkeep
|turn|5
|inactive|aaroncito4 has 30 seconds left.
|inactive|aaroncito4 has 20 seconds left.
|
|t:|1783009462
|detailschange|p1a: Charizard|Charizard-Mega-Y, L50, M
|-mega|p1a: Charizard|Charizard|Charizardite Y
|-weather|SunnyDay|[from] ability: Drought|[of] p1a: Charizard
|cant|p1a: Charizard|slp
|move|p1b: Garchomp|Protect|p1b: Garchomp
|-singleturn|p1b: Garchomp|Protect
|move|p2a: Politoed|Perish Song|p2a: Politoed
|-start|p1a: Charizard|perish3|[silent]
|-start|p1b: Garchomp|perish3|[silent]
|-start|p2a: Politoed|perish3|[silent]
|-start|p2b: Vivillon|perish3|[silent]
|-fieldactivate|move: Perish Song
|move|p2b: Vivillon|Sleep Powder|p1b: Garchomp
|-activate|p1b: Garchomp|move: Protect
|
|-weather|SunnyDay|[upkeep]
|-start|p2a: Politoed|perish3
|-start|p1a: Charizard|perish3
|-start|p2b: Vivillon|perish3
|-start|p1b: Garchomp|perish3
|-fieldend|move: Trick Room
|upkeep
|turn|6
|inactive|aaroncito4 has 30 seconds left.
|
|t:|1783009490
|switch|p2a: Incineroar|Incineroar, L50, M, shiny|80/100
|-ability|p2a: Incineroar|Intimidate|boost
|-unboost|p1a: Charizard|atk|1
|-unboost|p1b: Garchomp|atk|1
|move|p2b: Vivillon|Protect|p2b: Vivillon
|-singleturn|p2b: Vivillon|Protect
|move|p1b: Garchomp|Rock Slide|p2b: Vivillon|[spread] p2a
|-activate|p2b: Vivillon|move: Protect
|-supereffective|p2a: Incineroar|1
|-damage|p2a: Incineroar|50/100g
|-damage|p1b: Garchomp|38/100|[from] item: Life Orb
|cant|p1a: Charizard|slp
|
|-weather|SunnyDay|[upkeep]
|-start|p1b: Garchomp|perish2
|-start|p2b: Vivillon|perish2
|-start|p1a: Charizard|perish2
|upkeep
|turn|7
|
|t:|1783009508
|switch|p1b: Farigiraf|Farigiraf, L50, M|100/100
|switch|p2b: Politoed|Politoed, L50, M, shiny|70/100
|-weather|RainDance|[from] ability: Drizzle|[of] p2b: Politoed
|-curestatus|p1a: Charizard|slp|[msg]
|move|p1a: Charizard|Heat Wave|p2a: Incineroar|[spread] p2a,p2b
|-resisted|p2a: Incineroar|1
|-resisted|p2b: Politoed|1
|-damage|p2a: Incineroar|42/100
|-damage|p2b: Politoed|61/100
|move|p2a: Incineroar|Throat Chop|p1a: Charizard
|-damage|p1a: Charizard|58/100
|-start|p1a: Charizard|Throat Chop|[silent]
|
|-weather|RainDance|[upkeep]
|-start|p1a: Charizard|perish1
|upkeep
|turn|8
|
|t:|1783009526
|switch|p1a: Garchomp|Garchomp, L50, F|38/100
|move|p1b: Farigiraf|Protect|p1b: Farigiraf
|-singleturn|p1b: Farigiraf|Protect
|move|p2b: Politoed|Weather Ball|p1a: Garchomp
|-damage|p1a: Garchomp|0 fnt
|faint|p1a: Garchomp
|move|p2a: Incineroar|Parting Shot|p1b: Farigiraf
|-activate|p1b: Farigiraf|move: Protect
|
|-weather|RainDance|[upkeep]
|upkeep
|
|t:|1783009540
|switch|p1a: Charizard|Charizard-Mega-Y, L50, M|58/100
|-weather|SunnyDay|[from] ability: Drought|[of] p1a: Charizard
|turn|9
|
|t:|1783009551
|move|p1a: Charizard|Heat Wave|p2a: Incineroar|[spread] p2b
|-miss|p1a: Charizard|p2a: Incineroar
|-resisted|p2b: Politoed|1
|-damage|p2b: Politoed|34/100
|-enditem|p2b: Politoed|Sitrus Berry|[eat]
|-heal|p2b: Politoed|59/100|[from] item: Sitrus Berry
|move|p2b: Politoed|Encore|p1b: Farigiraf
|-start|p1b: Farigiraf|Encore
|move|p1b: Farigiraf|Protect||[still]
|-fail|p1b: Farigiraf
|move|p2a: Incineroar|Parting Shot|p1a: Charizard
|-unboost|p1a: Charizard|atk|1
|-unboost|p1a: Charizard|spa|1
|
|t:|1783009554
|switch|p2a: Vivillon|Vivillon-Polar, L50, F|100/100|[from] Parting Shot
|
|-weather|SunnyDay|[upkeep]
|upkeep
|turn|10
|
|t:|1783009569
|switch|p2a: Incineroar|Incineroar, L50, M, shiny|42/100
|-ability|p2a: Incineroar|Intimidate|boost
|-unboost|p1a: Charizard|atk|1
|-unboost|p1b: Farigiraf|atk|1
|switch|p1b: Kingambit|Kingambit, L50, M|100/100
|move|p1a: Charizard|Protect|p1a: Charizard
|-singleturn|p1a: Charizard|Protect
|move|p2b: Politoed|Weather Ball|p1b: Kingambit
|-supereffective|p1b: Kingambit|1
|-damage|p1b: Kingambit|25/100
|
|-weather|SunnyDay|[upkeep]
|upkeep
|turn|11
|
|t:|1783009588
|move|p1b: Kingambit|Sucker Punch|p2b: Politoed
|-damage|p2b: Politoed|20/100y
|move|p1a: Charizard|Heat Wave|p2b: Politoed|[spread] p2a,p2b
|-resisted|p2a: Incineroar|1
|-resisted|p2b: Politoed|1
|-damage|p2a: Incineroar|25/100
|-damage|p2b: Politoed|2/100
|move|p2b: Politoed|Weather Ball|p1b: Kingambit
|-supereffective|p1b: Kingambit|1
|-damage|p1b: Kingambit|0 fnt
|faint|p1b: Kingambit
|move|p2a: Incineroar|Parting Shot|p1a: Charizard
|-unboost|p1a: Charizard|atk|1
|-unboost|p1a: Charizard|spa|1
|
|t:|1783009591
|switch|p2a: Vivillon|Vivillon-Polar, L50, F|100/100|[from] Parting Shot
|
|-weather|SunnyDay|[upkeep]
|upkeep
|
|t:|1783009599
|switch|p1b: Farigiraf|Farigiraf, L50, M|100/100
|turn|12
|
|t:|1783009607
|switch|p2b: Incineroar|Incineroar, L50, M, shiny|25/100
|-ability|p2b: Incineroar|Intimidate|boost
|-unboost|p1a: Charizard|atk|1
|-unboost|p1b: Farigiraf|atk|1
|move|p2a: Vivillon|Sleep Powder|p1a: Charizard
|-status|p1a: Charizard|slp|[from] move: Sleep Powder
|cant|p1a: Charizard|slp
|move|p1b: Farigiraf|Thunderbolt|p2a: Vivillon
|-supereffective|p2a: Vivillon|1
|-enditem|p2a: Vivillon|Focus Sash
|-damage|p2a: Vivillon|1/100
|
|-weather|SunnyDay|[upkeep]
|upkeep
|turn|13
|
|t:|1783009623
|move|p1b: Farigiraf|Protect|p1b: Farigiraf
|-singleturn|p1b: Farigiraf|Protect
|move|p2a: Vivillon|Hurricane|p1b: Farigiraf
|-activate|p1b: Farigiraf|move: Protect
|cant|p1a: Charizard|slp
|move|p2b: Incineroar|Throat Chop|p1b: Farigiraf
|-activate|p1b: Farigiraf|move: Protect
|
|-weather|none
|upkeep
|turn|14
|
|t:|1783009645
|-curestatus|p1a: Charizard|slp|[msg]
|move|p1a: Charizard|Protect|p1a: Charizard
|-singleturn|p1a: Charizard|Protect
|move|p2a: Vivillon|Sleep Powder|p1b: Farigiraf
|-status|p1b: Farigiraf|slp|[from] move: Sleep Powder
|cant|p1b: Farigiraf|slp
|move|p2b: Incineroar|Parting Shot|p1a: Charizard
|-activate|p1a: Charizard|move: Protect
|
|upkeep
|turn|15
|
|t:|1783009661
|move|p2a: Vivillon|Hurricane|p1a: Charizard
|-damage|p1a: Charizard|15/100
|-start|p1a: Charizard|confusion
|-activate|p1a: Charizard|confusion
|move|p1a: Charizard|Heat Wave|p2a: Vivillon|[spread] p2b
|-miss|p1a: Charizard|p2a: Vivillon
|-resisted|p2b: Incineroar|1
|-crit|p2b: Incineroar
|-damage|p2b: Incineroar|0 fnt
|faint|p2b: Incineroar
|cant|p1b: Farigiraf|slp
|
|upkeep
|
|t:|1783009664
|switch|p2b: Politoed|Politoed, L50, M, shiny|2/100
|-weather|RainDance|[from] ability: Drizzle|[of] p2b: Politoed
|turn|16
|
|t:|1783009686
|-activate|p1a: Charizard|confusion
|move|p1a: Charizard|Protect|p1a: Charizard
|-singleturn|p1a: Charizard|Protect
|move|p2a: Vivillon|Hurricane|p1a: Charizard
|-activate|p1a: Charizard|move: Protect
|move|p2b: Politoed|Weather Ball|p1b: Farigiraf
|-damage|p1b: Farigiraf|52/100 slp
|-curestatus|p1b: Farigiraf|slp|[msg]
|move|p1b: Farigiraf|Thunderbolt|p2a: Vivillon
|-supereffective|p2a: Vivillon|1
|-damage|p2a: Vivillon|0 fnt
|faint|p2a: Vivillon
|
|-weather|RainDance|[upkeep]
|upkeep
|turn|17
|-message|breloomb01 forfeited.
|
|win|aaroncito4
||breloomb01 is ready for game 2.
|inactive|aaroncito4 has 30 seconds to confirm battle start!
||aaroncito4 is ready for game 2.
|uhtml|next|Next: Game 2 of 3
|l|☆aaroncito4
|player|p1|
|l|☆breloomb01
|player|p2|
|j|☆breloomb01
|player|p2|breloomb01|roughneck|
