|j|☆MoltresMania
|j|☆Ronansting
|html|MoltresManiaRonansting    
|uhtml|bestof|Game 2 of a best-of-3
|t:|1754905429
|gametype|doubles
|player|p1|MoltresMania|265|1265
|player|p2|Ronansting|baker|1408
|gen|9
|tier|[Gen 9] VGC 2025 Reg H (Bo3)
|rated|
|rule|Species Clause: Limit one of each Pokémon
|rule|Item Clause: Limit 1 of each item
|clearpoke
|poke|p1|Ursaluna, L50, M|
|poke|p1|Amoonguss, L50, F|
|poke|p1|Porygon2, L50|
|poke|p1|Incineroar, L50, M|
|poke|p1|Gholdengo, L50|
|poke|p1|Flamigo, L50, M|
|poke|p2|Archaludon, L50, F|
|poke|p2|Pelipper, L50, F|
|poke|p2|Indeedee, L50, M|
|poke|p2|Amoonguss, L50, F|
|poke|p2|Basculegion, L50, M|
|poke|p2|Hydreigon, L50, F|
|teampreview|4
|showteam|p1|Ursaluna||FlameOrb|Guts|HeadlongRush,Facade,Earthquake,Protect|||M|||50|,,,,,Ghost]Amoonguss||SitrusBerry|Regenerator|Spore,ClearSmog,RagePowder,PollenPuff|||F|||50|,,,,,Psychic]Porygon2||Eviolite|Download|TeraBlast,IceBeam,TrickRoom,Recover||||||50|,,,,,Fighting]Incineroar||SafetyGoggles|Intimidate|FlareBlitz,KnockOff,PartingShot,FakeOut|||M|||50|,,,,,Flying]Gholdengo||LifeOrb|GoodasGold|MakeItRain,ShadowBall,NastyPlot,Protect||||||50|,,,,,Dragon]Flamigo||FocusSash|Scrappy|DualWingbeat,CloseCombat,Tailwind,Detect|||M|||50|,,,,,Stellar
|showteam|p2|Archaludon||AssaultVest|Stamina|ElectroShot,DracoMeteor,BodyPress,FlashCannon|||F|||50|,,,,,Grass]Pelipper||FocusSash|Drizzle|WeatherBall,Hurricane,Tailwind,Protect|||F|||50|,,,,,Ghost]Indeedee||ChoiceScarf|PsychicSurge|ExpandingForce,TeraBlast,Trick,DazzlingGleam|||M|||50|,,,,,Ground]Amoonguss||SitrusBerry|Regenerator|Spore,SludgeBomb,Protect,RagePowder|||F|||50|,,,,,Water]Basculegion||ChoiceBand|SwiftSwim|FlipTurn,WaveCrash,LastRespects,AquaJet|||M|||50|,,,,,Poison]Hydreigon||CovertCloak|Levitate|Taunt,Snarl,DracoMeteor,EarthPower|||F|||50|,,,,,Fairy
|inactive|Battle timer is ON: inactive players will automatically lose when time's up. (requested by MoltresMania)
|inactive|MoltresMania has 60 seconds left.
|
|t:|1754905462
|teamsize|p1|4
|teamsize|p2|4
|start
|switch|p1a: Ursaluna|Ursaluna, L50, M|100/100
|switch|p1b: Flamigo|Flamigo, L50, M|100/100
|switch|p2a: Piedragon|Hydreigon, L50, F|100/100
|switch|p2b: Empire|Basculegion, L50, M|100/100
|turn|1
|inactive|MoltresMania has 30 seconds left.
|inactive|MoltresMania has 20 seconds left.
|
|t:|1754905501
|move|p1a: Ursaluna|Protect|p1a: Ursaluna
|-singleturn|p1a: Ursaluna|Protect
|move|p2a: Piedragon|Taunt|p1b: Flamigo
|-start|p1b: Flamigo|move: Taunt
|move|p1b: Flamigo|Close Combat|p2a: Piedragon
|-supereffective|p2a: Piedragon
|-damage|p2a: Piedragon|0 fnt
|-unboost|p1b: Flamigo|def|1
|-unboost|p1b: Flamigo|spd|1
|faint|p2a: Piedragon
|move|p2b: Empire|Flip Turn|p1b: Flamigo
|-damage|p1b: Flamigo|9/100
|
|t:|1754905513
|switch|p2b: Smellypper|Pelipper, L50, F|100/100|[from] Flip Turn
|-weather|RainDance|[from] ability: Drizzle|[of] p2b: Smellypper
|
|-weather|RainDance|[upkeep]
|-status|p1a: Ursaluna|brn|[from] item: Flame Orb
|upkeep
|
|t:|1754905519
|switch|p2a: Empire|Basculegion, L50, M|100/100
|turn|2
|
|t:|1754905542
|switch|p1a: Amoonguss|Amoonguss, L50, F|100/100
|move|p2a: Empire|Wave Crash|p1a: Amoonguss
|-resisted|p1a: Amoonguss
|-damage|p1a: Amoonguss|49/100
|-enditem|p1a: Amoonguss|Sitrus Berry|[eat]
|-heal|p1a: Amoonguss|74/100|[from] item: Sitrus Berry
|-damage|p2a: Empire|81/100|[from] Recoil
|move|p1b: Flamigo|Dual Wingbeat|p2b: Smellypper|[miss]
|-miss|p1b: Flamigo|p2b: Smellypper
|move|p2b: Smellypper|Weather Ball|p1a: Amoonguss
|-resisted|p1a: Amoonguss
|-crit|p1a: Amoonguss
|-damage|p1a: Amoonguss|30/100
|
|-weather|RainDance|[upkeep]
|upkeep
|turn|3
|inactive|MoltresMania has 30 seconds left.
|
|t:|1754905575
|move|p1a: Amoonguss|Rage Powder|p1a: Amoonguss
|-singleturn|p1a: Amoonguss|move: Rage Powder
|move|p2a: Empire|Wave Crash|p1a: Amoonguss
|-resisted|p1a: Amoonguss
|-damage|p1a: Amoonguss|0 fnt
|faint|p1a: Amoonguss
|-damage|p2a: Empire|70/100|[from] Recoil
|move|p1b: Flamigo|Close Combat|p2a: Empire
|-damage|p2a: Empire|8/100
|-unboost|p1b: Flamigo|def|1
|-unboost|p1b: Flamigo|spd|1
|move|p2b: Smellypper|Hurricane|p1b: Flamigo
|-supereffective|p1b: Flamigo
|-damage|p1b: Flamigo|0 fnt
|faint|p1b: Flamigo
|
|-weather|RainDance|[upkeep]
|upkeep
|
|t:|1754905585
|switch|p1b: Ursaluna|Ursaluna, L50, M|100/100 brn
|switch|p1a: Porygon2|Porygon2, L50|100/100
|-ability|p1a: Porygon2|Download|boost
|-boost|p1a: Porygon2|spa|1
|turn|4
|
|t:|1754905600
|move|p2a: Empire|Wave Crash|p1a: Porygon2
|-damage|p1a: Porygon2|28/100
|-damage|p2a: Empire|0 fnt|[from] Recoil
|faint|p2a: Empire
|move|p2b: Smellypper|Weather Ball|p1a: Porygon2
|-damage|p1a: Porygon2|0 fnt
|faint|p1a: Porygon2
|move|p1b: Ursaluna|Facade|p2b: Smellypper
|-enditem|p2b: Smellypper|Focus Sash
|-damage|p2b: Smellypper|1/100
|
|-weather|RainDance|[upkeep]
|-damage|p1b: Ursaluna|94/100 brn|[from] brn
|upkeep
|
|t:|1754905610
|switch|p2a: Schmooner|Amoonguss, L50, F|100/100
|turn|5
|
|t:|1754905617
|move|p1b: Ursaluna|Protect|p1b: Ursaluna
|-singleturn|p1b: Ursaluna|Protect
|move|p2b: Smellypper|Tailwind|p2b: Smellypper
|-sidestart|p2: Ronansting|move: Tailwind
|move|p2a: Schmooner|Sludge Bomb|p1b: Ursaluna
|-activate|p1b: Ursaluna|move: Protect
|
|-weather|none
|-damage|p1b: Ursaluna|88/100 brn|[from] brn
|upkeep
|turn|6
|inactive|MoltresMania has 30 seconds left.
|
|t:|1754905649
|move|p2b: Smellypper|Protect|p2b: Smellypper
|-singleturn|p2b: Smellypper|Protect
|move|p2a: Schmooner|Protect|p2a: Schmooner
|-singleturn|p2a: Schmooner|Protect
|move|p1b: Ursaluna|Earthquake|p2b: Smellypper|[spread] 
|-activate|p2a: Schmooner|move: Protect
|-activate|p2b: Smellypper|move: Protect
|
|-damage|p1b: Ursaluna|82/100 brn|[from] brn
|upkeep
|turn|7
|
|t:|1754905659
|move|p2a: Schmooner|Rage Powder|p2a: Schmooner
|-singleturn|p2a: Schmooner|move: Rage Powder
|move|p2b: Smellypper|Hurricane|p1b: Ursaluna|[miss]
|-miss|p2b: Smellypper|p1b: Ursaluna
|move|p1b: Ursaluna|Facade|p2a: Schmooner
|-damage|p2a: Schmooner|0 fnt
|faint|p2a: Schmooner
|
|-damage|p1b: Ursaluna|76/100 brn|[from] brn
|upkeep
|turn|8
|
|t:|1754905672
|move|p2b: Smellypper|Protect|p2b: Smellypper
|-singleturn|p2b: Smellypper|Protect
|move|p1b: Ursaluna|Protect||[still]
|-fail|p1b: Ursaluna
|
|-damage|p1b: Ursaluna|70/100 brn|[from] brn
|-sideend|p2: Ronansting|move: Tailwind
|upkeep
|turn|9
|
|t:|1754905678
|-terastallize|p2b: Smellypper|Ghost
|move|p2b: Smellypper|Hurricane|p1b: Ursaluna
|-damage|p1b: Ursaluna|26/100 brn
|-start|p1b: Ursaluna|confusion
|-activate|p1b: Ursaluna|confusion
|-damage|p1b: Ursaluna|15/100 brn|[from] confusion
|
|-damage|p1b: Ursaluna|8/100 brn|[from] brn
|upkeep
|turn|10
|c|☆Ronansting|so sorry
|
|t:|1754905690
|move|p2b: Smellypper|Protect|p2b: Smellypper
|-singleturn|p2b: Smellypper|Protect
|-activate|p1b: Ursaluna|confusion
|-damage|p1b: Ursaluna|0 fnt|[from] confusion
|faint|p1b: Ursaluna
|
|win|Ronansting
|raw|MoltresMania's rating: 1265 → 1250(-15 for losing)
|raw|Ronansting's rating: 1408 → 1420(+12 for winning)
