|j|☆psychic system
|j|☆0hgan
|html|psychic system0hgan    
|uhtml|bestof|Game 1 of a best-of-3
|t:|1756756955
|gametype|doubles
|player|p1|psychic system|lucas|1110
|player|p2|0hgan|brycenman|1226
|gen|9
|tier|[Gen 9] VGC 2025 Reg H (Bo3)
|rated|
|rule|Species Clause: Limit one of each Pokémon
|rule|Item Clause: Limit 1 of each item
|clearpoke
|poke|p1|Rillaboom, L50, F|
|poke|p1|Milotic, L50, M|
|poke|p1|Florges, L50, F|
|poke|p1|Amoonguss, L50, M|
|poke|p1|Kingambit, L50, M|
|poke|p1|Typhlosion-Hisui, L50, F|
|poke|p2|Indeedee, L50, M|
|poke|p2|Sneasler, L50, F|
|poke|p2|Excadrill, L50, F|
|poke|p2|Magmar, L50, F|
|poke|p2|Corviknight, L50, M|
|poke|p2|Tyranitar, L50, M|
|teampreview|4
|showteam|p1|Rillaboom||AssaultVest|GrassySurge|FakeOut,GrassyGlide,DrumBeating,HighHorsepower|||F|||50|,,,,,Fire]Milotic||SafetyGoggles|Competitive|Scald,IcyWind,Haze,Protect|||M|||50|,,,,,Grass]Florges||Leftovers|FlowerVeil|CalmMind,Moonblast,SkillSwap,Protect|||F|||50|,,,,,Poison]Amoonguss||SitrusBerry|Regenerator|ClearSmog,Spore,PollenPuff,RagePowder|||M|||50|,,,,,Water]Kingambit||BlackGlasses|Defiant|Protect,KowtowCleave,SuckerPunch,SwordsDance|||M|||50|,,,,,Dark]Typhlosion-Hisui||ChoiceScarf|Blaze|Eruption,HeatWave,ShadowBall,FocusBlast|||F|||50|,,,,,Fire
|showteam|p2|Indeedee||ChoiceScarf|PsychicSurge|ExpandingForce,TeraBlast,Trick,Protect|||M|||50|,,,,,Psychic]Sneasler||WhiteHerb|Unburden|FakeOut,CloseCombat,DireClaw,Coaching|||F|||50|,,,,,Flying]Excadrill||FocusSash|SandRush|Earthquake,IronHead,SwordsDance,Protect|||F|||50|,,,,,Ground]Magmar||Eviolite|VitalSpirit|HeatWave,FollowMe,HelpingHand,Protect|||F|||50|,,,,,Flying]Corviknight||PsychicSeed|MirrorArmor|BraveBird,PowerTrip,BulkUp,Roost|||M|||50|,,,,,Water]Tyranitar||AssaultVest|SandStream|RockSlide,KnockOff,LowKick,TeraBlast|||M|||50|,,,,,Flying
|inactive|Battle timer is ON: inactive players will automatically lose when time's up. (requested by 0hgan)
|inactive|psychic system has 60 seconds left.
|inactive|0hgan has 60 seconds left.
|inactive|psychic system has 30 seconds left.
|inactive|0hgan has 30 seconds left.
|inactive|0hgan has 20 seconds left.
|inactive|0hgan has 15 seconds left.
|
|t:|1756757035
|teamsize|p1|4
|teamsize|p2|4
|start
|switch|p1a: Rillaboom|Rillaboom, L50, F|100/100
|switch|p1b: Typhlosion|Typhlosion-Hisui, L50, F|100/100
|switch|p2a: Tyranitar|Tyranitar, L50, M|100/100
|switch|p2b: Excadrill|Excadrill, L50, F|100/100
|-fieldstart|move: Grassy Terrain|[from] ability: Grassy Surge|[of] p1a: Rillaboom
|-weather|Sandstorm|[from] ability: Sand Stream|[of] p2a: Tyranitar
|turn|1
|inactive|0hgan has 30 seconds left.
|inactive|0hgan has 20 seconds left.
|inactive|0hgan has 15 seconds left.
|inactive|0hgan has 10 seconds left.
|
|t:|1756757082
|switch|p2b: Indeedee|Indeedee, L50, M|100/100
|-fieldstart|move: Psychic Terrain|[from] ability: Psychic Surge|[of] p2b: Indeedee
|switch|p1b: Milotic|Milotic, L50, M|100/100
|move|p1a: Rillaboom|Fake Out|p2a: Tyranitar
|-activate|p2a: Tyranitar|move: Psychic Terrain
|move|p2a: Tyranitar|Knock Off|p1b: Milotic
|-damage|p1b: Milotic|44/100
|-enditem|p1b: Milotic|Safety Goggles|[from] move: Knock Off|[of] p2a: Tyranitar
|
|-weather|Sandstorm|[upkeep]
|-damage|p2b: Indeedee|95/100|[from] Sandstorm
|-damage|p1b: Milotic|38/100|[from] Sandstorm
|-damage|p1a: Rillaboom|95/100|[from] Sandstorm
|upkeep
|turn|2
|inactive|0hgan has 30 seconds left.
|inactive|psychic system has 30 seconds left.
|inactive|0hgan has 20 seconds left.
|
|t:|1756757118
|switch|p1a: Florges|Florges, L50, F|100/100
|move|p1b: Milotic|Protect|p1b: Milotic
|-singleturn|p1b: Milotic|Protect
|move|p2b: Indeedee|Expanding Force|p1b: Milotic|[spread] p1a
|-activate|p1b: Milotic|move: Protect
|-damage|p1a: Florges|61/100
|move|p2a: Tyranitar|Knock Off|p1a: Florges
|-resisted|p1a: Florges
|-damage|p1a: Florges|36/100
|-enditem|p1a: Florges|Leftovers|[from] move: Knock Off|[of] p2a: Tyranitar
|
|-weather|Sandstorm|[upkeep]
|-damage|p2b: Indeedee|89/100|[from] Sandstorm
|-damage|p1b: Milotic|32/100|[from] Sandstorm
|-damage|p1a: Florges|30/100|[from] Sandstorm
|upkeep
|turn|3
|inactive|0hgan has 30 seconds left.
|
|t:|1756757147
|switch|p2b: Corviknight|Corviknight, L50, M|100/100
|-enditem|p2b: Corviknight|Psychic Seed
|-boost|p2b: Corviknight|spd|1|[from] item: Psychic Seed
|switch|p1a: Rillaboom|Rillaboom, L50, F|95/100
|-fieldstart|move: Grassy Terrain|[from] ability: Grassy Surge|[of] p1a: Rillaboom
|move|p1b: Milotic|Scald|p2a: Tyranitar
|-supereffective|p2a: Tyranitar
|-damage|p2a: Tyranitar|76/100
|move|p2a: Tyranitar|Rock Slide|p1b: Milotic|[spread] p1b
|-miss|p2a: Tyranitar|p1a: Rillaboom
|-damage|p1b: Milotic|1/100
|
|-weather|Sandstorm|[upkeep]
|-damage|p1b: Milotic|0 fnt|[from] Sandstorm
|-damage|p1a: Rillaboom|89/100|[from] Sandstorm
|faint|p1b: Milotic
|-heal|p1a: Rillaboom|95/100|[from] Grassy Terrain
|-heal|p2a: Tyranitar|82/100|[from] Grassy Terrain
|upkeep
|
|t:|1756757166
|switch|p1b: Typhlosion|Typhlosion-Hisui, L50, F|100/100
|turn|4
|
|t:|1756757185
|switch|p1b: Florges|Florges, L50, F|30/100
|-terastallize|p2b: Corviknight|Water
|move|p2b: Corviknight|Brave Bird|p1a: Rillaboom
|-supereffective|p1a: Rillaboom
|-damage|p1a: Rillaboom|4/100
|-damage|p2b: Corviknight|69/100|[from] Recoil
|move|p1a: Rillaboom|Drum Beating|p2a: Tyranitar
|-supereffective|p2a: Tyranitar
|-damage|p2a: Tyranitar|0 fnt
|faint|p2a: Tyranitar
|
|-weather|Sandstorm|[upkeep]
|-damage|p2b: Corviknight|63/100|[from] Sandstorm
|-damage|p1a: Rillaboom|0 fnt|[from] Sandstorm
|-damage|p1b: Florges|24/100|[from] Sandstorm
|faint|p1a: Rillaboom
|-heal|p2b: Corviknight|69/100|[from] Grassy Terrain
|-heal|p1b: Florges|30/100|[from] Grassy Terrain
|upkeep
|
|t:|1756757202
|switch|p1a: Typhlosion|Typhlosion-Hisui, L50, F|100/100
|switch|p2a: Indeedee|Indeedee, L50, M|89/100
|-fieldstart|move: Psychic Terrain|[from] ability: Psychic Surge|[of] p2a: Indeedee
|turn|5
|
|t:|1756757224
|-terastallize|p1a: Typhlosion|Fire
|move|p2a: Indeedee|Expanding Force|p1b: Florges|[spread] p1a,p1b
|-damage|p1a: Typhlosion|29/100
|-damage|p1b: Florges|0 fnt
|faint|p1b: Florges
|move|p1a: Typhlosion|Heat Wave|p2b: Corviknight|[spread] p2a,p2b
|-resisted|p2b: Corviknight
|-damage|p2a: Indeedee|0 fnt
|-damage|p2b: Corviknight|44/100
|faint|p2a: Indeedee
|move|p2b: Corviknight|Power Trip|p1a: Typhlosion
|-damage|p1a: Typhlosion|17/100
|
|-weather|none
|upkeep
|
|t:|1756757236
|switch|p2a: Excadrill|Excadrill, L50, F|100/100
|turn|6
|
|t:|1756757246
|move|p2a: Excadrill|Protect|p2a: Excadrill
|-singleturn|p2a: Excadrill|Protect
|move|p1a: Typhlosion|Heat Wave|p2a: Excadrill|[spread] p2b
|-activate|p2a: Excadrill|move: Protect
|-resisted|p2b: Corviknight
|-damage|p2b: Corviknight|20/100
|move|p2b: Corviknight|Brave Bird|p1a: Typhlosion
|-damage|p1a: Typhlosion|0 fnt
|faint|p1a: Typhlosion
|-damage|p2b: Corviknight|16/100|[from] Recoil
|
|win|0hgan
||psychic system is ready for game 2.
||0hgan is ready for game 2.
|uhtml|next|Next: Game 2 of 3
|l|☆psychic system
|player|p1|
|j|☆psychic system
|player|p1|psychic system|lucas|
