|j|☆dfdfdfgdfdt
|j|☆jerry22
|html|dfdfdfgdfdtjerry22    
|uhtml|bestof|Game 3 of a best-of-3
|t:|1756254096
|gametype|doubles
|player|p1|dfdfdfgdfdt|265|1218
|player|p2|jerry22|ingo|1131
|gen|9
|tier|[Gen 9] VGC 2025 Reg H (Bo3)
|rated|
|rule|Species Clause: Limit one of each Pokémon
|rule|Item Clause: Limit 1 of each item
|clearpoke
|poke|p1|Sneasler, L50, F|
|poke|p1|Dragapult, L50, M|
|poke|p1|Primarina, L50, M|
|poke|p1|Rillaboom, L50, F|
|poke|p1|Kingambit, L50, M|
|poke|p1|Magmar, L50, M|
|poke|p2|Baxcalibur, L50, F|
|poke|p2|Rillaboom, L50, M|
|poke|p2|Magmar, L50, M|
|poke|p2|Primarina, L50, M|
|poke|p2|Kingambit, L50, F|
|poke|p2|Sneasler, L50, F|
|teampreview|4
|showteam|p1|Sneasler||FocusSash|PoisonTouch|CloseCombat,DireClaw,FakeOut,Protect|||F|||50|,,,,,Stellar]Dragapult||ChoiceBand|ClearBody|DragonDarts,TeraBlast,PhantomForce,Uturn|||M|||50|,,,,,Ghost]Primarina||SitrusBerry|LiquidVoice|HyperVoice,Moonblast,Haze,Protect|||M|||50|,,,,,Water]Rillaboom||AssaultVest|GrassySurge|WoodHammer,GrassyGlide,HighHorsepower,FakeOut|||F|||50|,,,,,Fire]Kingambit||BlackGlasses|Defiant|KowtowCleave,SuckerPunch,SwordsDance,Protect|||M|||50|,,,,,Ghost]Magmar||Eviolite|VitalSpirit|Overheat,WillOWisp,FollowMe,Protect|||M|||50|,,,,,Ghost
|showteam|p2|Baxcalibur||LoadedDice|ThermalExchange|Protect,IceShard,IcicleSpear,ScaleShot|||F|||50|,,,,,Ghost]Rillaboom||AssaultVest|GrassySurge|FakeOut,HighHorsepower,GrassyGlide,WoodHammer|||M|||50|,,,,,Fire]Magmar||Eviolite|VitalSpirit|Protect,WillOWisp,FollowMe,HeatWave|||M|||50|,,,,,Dark]Primarina||SitrusBerry|LiquidVoice|Protect,Haze,Moonblast,HyperVoice|||M|||50|,,,,,Poison]Kingambit||BlackGlasses|Defiant|Protect,SwordsDance,SuckerPunch,KowtowCleave|||F|||50|,,,,,Dark]Sneasler||FocusSash|Unburden|Protect,Coaching,DireClaw,CloseCombat|||F|||50|,,,,,Ghost
|
|t:|1756254152
|teamsize|p1|4
|teamsize|p2|4
|start
|switch|p1a: Sneasler|Sneasler, L50, F|100/100
|switch|p1b: Magmar|Magmar, L50, M|100/100
|switch|p2a: Baxcalibur|Baxcalibur, L50, F|100/100
|switch|p2b: Magmar|Magmar, L50, M|100/100
|turn|1
|
|t:|1756254175
|switch|p1b: Kingambit|Kingambit, L50, M|100/100
|move|p2a: Baxcalibur|Protect|p2a: Baxcalibur
|-singleturn|p2a: Baxcalibur|Protect
|move|p1a: Sneasler|Close Combat|p2a: Baxcalibur
|-activate|p2a: Baxcalibur|move: Protect
|move|p2b: Magmar|Will-O-Wisp|p1a: Sneasler
|-status|p1a: Sneasler|brn
|
|-damage|p1a: Sneasler|95/100 brn|[from] brn
|upkeep
|turn|2
|
|t:|1756254209
|switch|p2a: Sneasler|Sneasler, L50, F|100/100
|move|p1b: Kingambit|Protect|p1b: Kingambit
|-singleturn|p1b: Kingambit|Protect
|move|p1a: Sneasler|Close Combat|p2a: Sneasler
|-resisted|p2a: Sneasler
|-damage|p2a: Sneasler|76/100
|-unboost|p1a: Sneasler|def|1
|-unboost|p1a: Sneasler|spd|1
|move|p2b: Magmar|Will-O-Wisp|p1b: Kingambit
|-activate|p1b: Kingambit|move: Protect
|
|-damage|p1a: Sneasler|89/100 brn|[from] brn
|upkeep
|turn|3
|
|t:|1756254226
|switch|p1b: Magmar|Magmar, L50, M|100/100
|move|p1a: Sneasler|Dire Claw|p2b: Magmar
|-damage|p2b: Magmar|83/100
|move|p2a: Sneasler|Close Combat|p1b: Magmar
|-damage|p1b: Magmar|45/100
|-unboost|p2a: Sneasler|def|1
|-unboost|p2a: Sneasler|spd|1
|move|p2b: Magmar|Heat Wave|p1a: Sneasler|[spread] p1a,p1b
|-resisted|p1b: Magmar
|-damage|p1a: Sneasler|34/100 brn
|-damage|p1b: Magmar|34/100
|
|-damage|p1a: Sneasler|28/100 brn|[from] brn
|upkeep
|turn|4
|
|t:|1756254271
|switch|p1a: Primarina|Primarina, L50, M|100/100
|move|p1b: Magmar|Protect|p1b: Magmar
|-singleturn|p1b: Magmar|Protect
|move|p2b: Magmar|Follow Me|p2b: Magmar
|-singleturn|p2b: Magmar|move: Follow Me
|move|p2a: Sneasler|Close Combat|p1a: Primarina
|-resisted|p1a: Primarina
|-crit|p1a: Primarina
|-damage|p1a: Primarina|50/100
|-unboost|p2a: Sneasler|def|1
|-unboost|p2a: Sneasler|spd|1
|-enditem|p1a: Primarina|Sitrus Berry|[eat]
|-heal|p1a: Primarina|75/100|[from] item: Sitrus Berry
|
|upkeep
|turn|5
|
|t:|1756254289
|-terastallize|p1a: Primarina|Water
|move|p1b: Magmar|Follow Me|p1b: Magmar
|-singleturn|p1b: Magmar|move: Follow Me
|move|p2b: Magmar|Follow Me|p2b: Magmar
|-singleturn|p2b: Magmar|move: Follow Me
|move|p2a: Sneasler|Dire Claw|p1b: Magmar
|-damage|p1b: Magmar|1/100
|move|p1a: Primarina|Hyper Voice|p2b: Magmar|[spread] p2a,p2b
|-supereffective|p2b: Magmar
|-crit|p2b: Magmar
|-damage|p2a: Sneasler|0 fnt
|-damage|p2b: Magmar|0 fnt
|faint|p2a: Sneasler
|faint|p2b: Magmar
|
|upkeep
|
|t:|1756254297
|switch|p2a: Baxcalibur|Baxcalibur, L50, F|100/100
|switch|p2b: Rillaboom|Rillaboom, L50, M|100/100
|-fieldstart|move: Grassy Terrain|[from] ability: Grassy Surge|[of] p2b: Rillaboom
|turn|6
|
|t:|1756254322
|switch|p1b: Sneasler|Sneasler, L50, F|28/100 brn
|move|p1a: Primarina|Protect|p1a: Primarina
|-singleturn|p1a: Primarina|Protect
|move|p2a: Baxcalibur|Scale Shot|p1b: Sneasler
|-damage|p1b: Sneasler|0 fnt
|faint|p1b: Sneasler
|-hitcount|p1: Sneasler|1
|-unboost|p2a: Baxcalibur|def|1
|-boost|p2a: Baxcalibur|spe|1
|move|p2b: Rillaboom|Wood Hammer|p1a: Primarina
|-activate|p1a: Primarina|move: Protect
|
|-heal|p1a: Primarina|81/100|[from] Grassy Terrain
|upkeep
|
|t:|1756254343
|switch|p1b: Kingambit|Kingambit, L50, M|100/100
|turn|7
|
|t:|1756254357
|move|p2a: Baxcalibur|Protect|p2a: Baxcalibur
|-singleturn|p2a: Baxcalibur|Protect
|move|p2b: Rillaboom|Wood Hammer|p1a: Primarina
|-supereffective|p1a: Primarina
|-damage|p1a: Primarina|0 fnt
|faint|p1a: Primarina
|-damage|p2b: Rillaboom|77/100|[from] Recoil
|move|p1b: Kingambit|Swords Dance|p1b: Kingambit
|-boost|p1b: Kingambit|atk|2
|
|-heal|p2b: Rillaboom|83/100|[from] Grassy Terrain
|upkeep
|
|t:|1756254370
|switch|p1a: Magmar|Magmar, L50, M|1/100
|turn|8
|
|t:|1756254387
|move|p1a: Magmar|Follow Me|p1a: Magmar
|-singleturn|p1a: Magmar|move: Follow Me
|move|p2a: Baxcalibur|Ice Shard|p1a: Magmar
|-resisted|p1a: Magmar
|-damage|p1a: Magmar|0 fnt
|faint|p1a: Magmar
|move|p2b: Rillaboom|High Horsepower|p1b: Kingambit
|-supereffective|p1b: Kingambit
|-damage|p1b: Kingambit|52/100
|move|p1b: Kingambit|Kowtow Cleave|p2b: Rillaboom
|-damage|p2b: Rillaboom|0 fnt
|faint|p2b: Rillaboom
|
|-heal|p1b: Kingambit|58/100|[from] Grassy Terrain
|upkeep
|turn|9
|
|t:|1756254402
|move|p1b: Kingambit|Protect|p1b: Kingambit
|-singleturn|p1b: Kingambit|Protect
|move|p2a: Baxcalibur|Scale Shot|p1b: Kingambit
|-activate|p1b: Kingambit|move: Protect
|
|-heal|p1b: Kingambit|64/100|[from] Grassy Terrain
|upkeep
|turn|10
|
|t:|1756254407
|move|p2a: Baxcalibur|Icicle Spear|p1b: Kingambit
|-resisted|p1b: Kingambit
|-damage|p1b: Kingambit|58/100
|-resisted|p1b: Kingambit
|-damage|p1b: Kingambit|52/100
|-resisted|p1b: Kingambit
|-damage|p1b: Kingambit|47/100
|-resisted|p1b: Kingambit
|-damage|p1b: Kingambit|41/100
|-hitcount|p1b: Kingambit|4
|move|p1b: Kingambit|Kowtow Cleave|p2a: Baxcalibur
|-damage|p2a: Baxcalibur|0 fnt
|faint|p2a: Baxcalibur
|
|win|dfdfdfgdfdt
|raw|dfdfdfgdfdt's rating: 1218 → 1237(+19 for winning)
|raw|jerry22's rating: 1131 → 1112(-19 for losing)
|l|☆jerry22
|player|p2|
|l|☆dfdfdfgdfdt
|player|p1|
|j|☆dfdfdfgdfdt
|player|p1|dfdfdfgdfdt|265|
