|j|☆chaoticfarmer
|j|☆Beeetch
|html|chaoticfarmerBeeetch    
|uhtml|bestof|Game 1 of a best-of-3
|t:|1757122597
|gametype|doubles
|player|p1|chaoticfarmer|norman|1203
|player|p2|Beeetch|beauty-gen4dp|1268
|gen|9
|tier|[Gen 9] VGC 2025 Reg H (Bo3)
|rated|
|rule|Species Clause: Limit one of each Pokémon
|rule|Item Clause: Limit 1 of each item
|clearpoke
|poke|p1|Rillaboom, L50, M|
|poke|p1|Pelipper, L50, F|
|poke|p1|Sneasler, L50, F|
|poke|p1|Cetitan, L50, F|
|poke|p1|Malamar, L50, F|
|poke|p1|Ursaluna-Bloodmoon, L50, M|
|poke|p2|Excadrill, L50, M|
|poke|p2|Tyranitar, L50, F|
|poke|p2|Sneasler, L50, M|
|poke|p2|Indeedee, L50, M|
|poke|p2|Corviknight, L50, M|
|poke|p2|Annihilape, L50, M|
|teampreview|4
|showteam|p1|Rillaboom||AssaultVest|GrassySurge|FakeOut,GrassyGlide,WoodHammer,Uturn|||M|||50|,,,,,Fire]Pelipper||FocusSash|Drizzle|Tailwind,Hurricane,Protect,WeatherBall|||F|||50|,,,,,Fairy]Sneasler||GrassySeed|Unburden|CloseCombat,DireClaw,ThroatChop,Protect|||F|||50|,,,,,Dark]Cetitan||LifeOrb|SheerForce|IcicleCrash,Liquidation,IceShard,Protect|||F|||50|,,,,,Water]Malamar||CovertCloak|Contrary|TopsyTurvy,KnockOff,Superpower,TrickRoom|||F|||50|,,,,,Steel]Ursaluna-Bloodmoon||SilkScarf|MindsEye|BloodMoon,HyperVoice,EarthPower,Protect|||M|||50|,,,,,Ghost
|showteam|p2|Excadrill||FocusSash|SandRush|IronHead,HighHorsepower,Earthquake,Protect|||M|||50|,,,,,Stellar]Tyranitar||AssaultVest|SandStream|RockSlide,KnockOff,TeraBlast,LowKick|||F|||50|,,,,,Flying]Sneasler||PsychicSeed|Unburden|DireClaw,CloseCombat,ThroatChop,Protect|||M|||50|,,,,,Dark]Indeedee||ChoiceScarf|PsychicSurge|ExpandingForce,TeraBlast,Protect,Trick|||M|||50|,,,,,Psychic]Corviknight||Leftovers|MirrorArmor|BraveBird,BulkUp,Roost,Tailwind|||M|||50|,,,,,Dragon]Annihilape||SafetyGoggles|Defiant|CloseCombat,FinalGambit,RageFist,Taunt|||M|||50|,,,,,Water
|inactive|Battle timer is ON: inactive players will automatically lose when time's up. (requested by chaoticfarmer)
|inactive|chaoticfarmer has 60 seconds left.
|inactive|Beeetch has 60 seconds left.
|inactive|chaoticfarmer has 30 seconds left.
|
|t:|1757122661
|teamsize|p1|4
|teamsize|p2|4
|start
|switch|p1a: Rillaboom|Rillaboom, L50, M|100/100
|switch|p1b: Malamar|Malamar, L50, F|100/100
|switch|p2a: Annihilape|Annihilape, L50, M|100/100
|switch|p2b: Sneasler|Sneasler, L50, M, shiny|100/100
|-fieldstart|move: Grassy Terrain|[from] ability: Grassy Surge|[of] p1a: Rillaboom
|turn|1
|inactive|chaoticfarmer has 30 seconds left.
|
|t:|1757122694
|switch|p2b: Indeedee|Indeedee, L50, M, shiny|100/100
|-fieldstart|move: Psychic Terrain|[from] ability: Psychic Surge|[of] p2b: Indeedee
|switch|p1b: Pelipper|Pelipper, L50, F|100/100
|-weather|RainDance|[from] ability: Drizzle|[of] p1b: Pelipper
|move|p2a: Annihilape|Final Gambit|p1b: Pelipper
|-enditem|p1b: Pelipper|Focus Sash
|-damage|p1b: Pelipper|1/100
|faint|p2a: Annihilape
|move|p1a: Rillaboom|Wood Hammer|p2b: Indeedee
|-damage|p2b: Indeedee|0 fnt
|faint|p2b: Indeedee
|-damage|p1a: Rillaboom|77/100|[from] Recoil
|
|-weather|RainDance|[upkeep]
|upkeep
|
|t:|1757122708
|switch|p2a: Tyranitar|Tyranitar, L50, F, shiny|100/100
|switch|p2b: Sneasler|Sneasler, L50, M, shiny|100/100
|-weather|Sandstorm|[from] ability: Sand Stream|[of] p2a: Tyranitar
|-enditem|p2b: Sneasler|Psychic Seed
|-boost|p2b: Sneasler|spd|1|[from] item: Psychic Seed
|turn|2
|inactive|chaoticfarmer has 30 seconds left.
|inactive|Beeetch has 30 seconds left.
|inactive|chaoticfarmer has 20 seconds left.
|inactive|chaoticfarmer has 15 seconds left.
|
|t:|1757122751
|switch|p1a: Malamar|Malamar, L50, F|100/100
|-terastallize|p2a: Tyranitar|Flying
|move|p2b: Sneasler|Dire Claw|p1b: Pelipper
|-damage|p1b: Pelipper|0 fnt
|faint|p1b: Pelipper
|move|p2a: Tyranitar|Tera Blast|p1a: Malamar|[anim] Tera Blast Flying
|-damage|p1a: Malamar|61/100
|
|-weather|Sandstorm|[upkeep]
|-damage|p2b: Sneasler|94/100|[from] Sandstorm
|-damage|p2a: Tyranitar|95/100|[from] Sandstorm
|-damage|p1a: Malamar|55/100|[from] Sandstorm
|upkeep
|
|t:|1757122765
|switch|p1b: Rillaboom|Rillaboom, L50, M|77/100
|-fieldstart|move: Grassy Terrain|[from] ability: Grassy Surge|[of] p1b: Rillaboom
|turn|3
|inactive|chaoticfarmer has 30 seconds left.
|
|t:|1757122791
|-terastallize|p1b: Rillaboom|Fire
|move|p1b: Rillaboom|Fake Out|p2b: Sneasler
|-damage|p2b: Sneasler|72/100
|cant|p2b: Sneasler|flinch
|move|p2a: Tyranitar|Rock Slide|p1a: Malamar|[spread] p1a,p1b
|-supereffective|p1b: Rillaboom
|-damage|p1a: Malamar|28/100
|-damage|p1b: Rillaboom|22/100
|move|p1a: Malamar|Trick Room|p1a: Malamar
|-fieldstart|move: Trick Room|[of] p1a: Malamar
|
|-weather|Sandstorm|[upkeep]
|-damage|p1a: Malamar|22/100|[from] Sandstorm
|-damage|p2a: Tyranitar|89/100|[from] Sandstorm
|-damage|p1b: Rillaboom|16/100|[from] Sandstorm
|-damage|p2b: Sneasler|66/100|[from] Sandstorm
|-heal|p1a: Malamar|28/100|[from] Grassy Terrain
|-heal|p1b: Rillaboom|22/100|[from] Grassy Terrain
|-heal|p2b: Sneasler|72/100|[from] Grassy Terrain
|upkeep
|turn|4
|inactive|chaoticfarmer has 30 seconds left.
|inactive|chaoticfarmer has 20 seconds left.
|
|t:|1757122830
|move|p2b: Sneasler|Protect|p2b: Sneasler
|-singleturn|p2b: Sneasler|Protect
|move|p1a: Malamar|Knock Off|p2a: Tyranitar
|-damage|p2a: Tyranitar|53/100
|-enditem|p2a: Tyranitar|Assault Vest|[from] move: Knock Off|[of] p1a: Malamar
|move|p2a: Tyranitar|Rock Slide|p1a: Malamar|[spread] p1a
|-miss|p2a: Tyranitar|p1b: Rillaboom
|-damage|p1a: Malamar|0 fnt
|faint|p1a: Malamar
|move|p1b: Rillaboom|Wood Hammer|p2b: Sneasler
|-activate|p2b: Sneasler|move: Protect
|
|-weather|Sandstorm|[upkeep]
|-damage|p2a: Tyranitar|48/100|[from] Sandstorm
|-damage|p1b: Rillaboom|16/100|[from] Sandstorm
|-damage|p2b: Sneasler|66/100|[from] Sandstorm
|-heal|p1b: Rillaboom|22/100|[from] Grassy Terrain
|-heal|p2b: Sneasler|72/100|[from] Grassy Terrain
|upkeep
|
|t:|1757122836
|switch|p1a: Cetitan|Cetitan, L50, F|100/100
|turn|5
|
|t:|1757122859
|move|p1a: Cetitan|Icicle Crash|p2b: Sneasler
|-damage|p2b: Sneasler|0 fnt
|faint|p2b: Sneasler
|move|p2a: Tyranitar|Rock Slide|p1b: Rillaboom|[spread] p1a,p1b
|-supereffective|p1a: Cetitan
|-supereffective|p1b: Rillaboom
|-damage|p1a: Cetitan|48/100
|-damage|p1b: Rillaboom|0 fnt
|faint|p1b: Rillaboom
|
|-weather|Sandstorm|[upkeep]
|-damage|p1a: Cetitan|42/100|[from] Sandstorm
|-damage|p2a: Tyranitar|42/100|[from] Sandstorm
|-heal|p1a: Cetitan|48/100|[from] Grassy Terrain
|upkeep
|turn|6
|
|t:|1757122877
|move|p1a: Cetitan|Icicle Crash|p2a: Tyranitar
|-supereffective|p2a: Tyranitar
|-damage|p2a: Tyranitar|0 fnt
|faint|p2a: Tyranitar
|
|win|chaoticfarmer
||chaoticfarmer is ready for game 2.
