|j|☆eualefvc
|j|☆trafa preparate
|html|eualefvctrafa preparate    
|uhtml|bestof|Game 2 of a best-of-3
|t:|1757689604
|gametype|doubles
|player|p1|eualefvc|2|1044
|player|p2|trafa preparate|colress|1123
|gen|9
|tier|[Gen 9] VGC 2025 Reg H (Bo3)
|rated|
|rule|Species Clause: Limit one of each Pokémon
|rule|Item Clause: Limit 1 of each item
|clearpoke
|poke|p1|Incineroar, L50, F|
|poke|p1|Rillaboom, L50, F|
|poke|p1|Slowking, L50, M|
|poke|p1|Glaceon, L50, F|
|poke|p1|Minior, L50|
|poke|p1|Gholdengo, L50|
|poke|p2|Corviknight, L50, M|
|poke|p2|Tyranitar, L50, M|
|poke|p2|Excadrill, L50, M|
|poke|p2|Indeedee, L50, M|
|poke|p2|Sneasler, L50, M|
|poke|p2|Magmar, L50, F|
|teampreview|4
|showteam|p1|Incineroar||SitrusBerry|Intimidate|FlareBlitz,KnockOff,PartingShot,FakeOut|||F|||50|,,,,,Water]Rillaboom||AssaultVest|GrassySurge|GrassyGlide,HighHorsepower,Uturn,FakeOut|||F|||50|,,,,,Water]Slowking||MentalHerb|Regenerator|Scald,Disable,ChillyReception,TrickRoom|||M|||50|,,,,,Dragon]Glaceon||Leftovers|IceBody|Blizzard,ShadowBall,CalmMind,Protect|||F|||50|,,,,,Ghost]Minior||FocusSash|ShieldsDown|Acrobatics,RockSlide,ShellSmash,Protect||||||50|,,,,,Rock]Gholdengo||GrassySeed|GoodasGold|MakeItRain,ShadowBall,NastyPlot,Protect||||||50|,,,,,Flying
|showteam|p2|Corviknight||PsychicSeed|MirrorArmor|BraveBird,BulkUp,Roost,PowerTrip|||M|||50|,,,,,Dragon]Tyranitar||AssaultVest|SandStream|KnockOff,TeraBlast,LowKick,RockSlide|||M|||50|,,,,,Flying]Excadrill||FocusSash|SandRush|Earthquake,RockSlide,Protect,IronHead|||M|||50|,,,,,Ghost]Indeedee||ChoiceScarf|PsychicSurge|ExpandingForce,TeraBlast,Protect,Trick|||M|||50|,,,,,Fighting]Sneasler||WhiteHerb|Unburden|CloseCombat,DireClaw,Coaching,Protect|||M|||50|,,,,,Stellar]Magmar||Eviolite|VitalSpirit|FollowMe,HeatWave,Protect,WillOWisp|||F|||50|,,,,,Ghost
|inactive|Battle timer is ON: inactive players will automatically lose when time's up. (requested by trafa preparate)
|inactive|eualefvc has 60 seconds left.
|
|t:|1757689642
|teamsize|p1|4
|teamsize|p2|4
|start
|switch|p1a: Slowking|Slowking, L50, M|100/100
|switch|p1b: Incineroar|Incineroar, L50, F|100/100
|switch|p2a: Tyranitar|Tyranitar, L50, M|100/100
|switch|p2b: Magmar|Magmar, L50, F|100/100
|-weather|Sandstorm|[from] ability: Sand Stream|[of] p2a: Tyranitar
|-ability|p1b: Incineroar|Intimidate|boost
|-unboost|p2a: Tyranitar|atk|1
|-unboost|p2b: Magmar|atk|1
|turn|1
|
|t:|1757689661
|move|p1b: Incineroar|Fake Out|p2b: Magmar
|-damage|p2b: Magmar|89/100
|cant|p2b: Magmar|flinch
|move|p2a: Tyranitar|Knock Off|p1a: Slowking
|-supereffective|p1a: Slowking
|-damage|p1a: Slowking|46/100
|-enditem|p1a: Slowking|Mental Herb|[from] move: Knock Off|[of] p2a: Tyranitar
|-prepare|p1a: Slowking|Chilly Reception|[premajor]
|move|p1a: Slowking|Chilly Reception|p1a: Slowking
|-weather|Snowscape
|
|t:|1757689672
|switch|p1a: Glaceon|Glaceon, L50, F|100/100|[from] Chilly Reception
|
|-weather|Snowscape|[upkeep]
|upkeep
|turn|2
|
|t:|1757689687
|move|p1a: Glaceon|Protect|p1a: Glaceon
|-singleturn|p1a: Glaceon|Protect
|move|p2b: Magmar|Heat Wave|p1b: Incineroar|[spread] p1b
|-activate|p1a: Glaceon|move: Protect
|-resisted|p1b: Incineroar
|-damage|p1b: Incineroar|87/100
|move|p2a: Tyranitar|Rock Slide|p1a: Glaceon|[spread] p1b
|-activate|p1a: Glaceon|move: Protect
|-supereffective|p1b: Incineroar
|-damage|p1b: Incineroar|59/100
|cant|p1b: Incineroar|flinch
|
|-weather|Snowscape|[upkeep]
|upkeep
|turn|3
|
|t:|1757689706
|-terastallize|p1a: Glaceon|Ghost
|move|p2b: Magmar|Heat Wave|p1b: Incineroar|[spread] p1a
|-miss|p2b: Magmar|p1b: Incineroar
|-damage|p1a: Glaceon|81/100
|move|p2a: Tyranitar|Rock Slide|p1b: Incineroar|[spread] 
|-miss|p2a: Tyranitar|p1a: Glaceon
|-miss|p2a: Tyranitar|p1b: Incineroar
|move|p1a: Glaceon|Blizzard|p2a: Tyranitar|[spread] p2a,p2b
|-resisted|p2b: Magmar
|-damage|p2a: Tyranitar|77/100
|-damage|p2b: Magmar|74/100
|-status|p2a: Tyranitar|frz
|move|p1b: Incineroar|Parting Shot|p2a: Tyranitar
|-unboost|p2a: Tyranitar|atk|1
|-unboost|p2a: Tyranitar|spa|1
|c|☆trafa preparate|bro
|
|t:|1757689722
|switch|p1b: Rillaboom|Rillaboom, L50, F|100/100|[from] Parting Shot
|-fieldstart|move: Grassy Terrain|[from] ability: Grassy Surge|[of] p1b: Rillaboom
|
|-weather|Snowscape|[upkeep]
|-heal|p1a: Glaceon|87/100|[from] ability: Ice Body
|-heal|p2b: Magmar|80/100|[from] Grassy Terrain
|-heal|p2a: Tyranitar|83/100 frz|[from] Grassy Terrain
|-heal|p1a: Glaceon|93/100|[from] Grassy Terrain
|-heal|p1a: Glaceon|99/100|[from] item: Leftovers
|upkeep
|turn|4
|c|☆trafa preparate|wtf
|
|t:|1757689745
|move|p1b: Rillaboom|Fake Out|p2b: Magmar
|-crit|p2b: Magmar
|-damage|p2b: Magmar|64/100
|cant|p2b: Magmar|flinch
|cant|p2a: Tyranitar|frz
|move|p1a: Glaceon|Calm Mind|p1a: Glaceon
|-boost|p1a: Glaceon|spa|1
|-boost|p1a: Glaceon|spd|1
|
|-weather|Snowscape|[upkeep]
|-heal|p1a: Glaceon|100/100|[from] ability: Ice Body
|-heal|p2b: Magmar|70/100|[from] Grassy Terrain
|-heal|p2a: Tyranitar|88/100 frz|[from] Grassy Terrain
|upkeep
|turn|5
|
|t:|1757689768
|move|p2b: Magmar|Heat Wave|p1a: Glaceon|[spread] p1a
|-miss|p2b: Magmar|p1b: Rillaboom
|-damage|p1a: Glaceon|85/100
|move|p1b: Rillaboom|U-turn|p2a: Tyranitar
|-supereffective|p2a: Tyranitar
|-damage|p2a: Tyranitar|56/100 frz
|
|t:|1757689775
|switch|p1b: Slowking|Slowking, L50, M|79/100|[from] U-turn
|cant|p2a: Tyranitar|frz
|move|p1a: Glaceon|Blizzard|p2a: Tyranitar|[spread] p2a,p2b
|-resisted|p2b: Magmar
|-damage|p2a: Tyranitar|19/100 frz
|-damage|p2b: Magmar|46/100
|
|-weather|none
|-heal|p2b: Magmar|52/100|[from] Grassy Terrain
|-heal|p2a: Tyranitar|25/100 frz|[from] Grassy Terrain
|-heal|p1a: Glaceon|91/100|[from] Grassy Terrain
|-heal|p1a: Glaceon|96/100|[from] item: Leftovers
|-heal|p1b: Slowking|85/100|[from] Grassy Terrain
|upkeep
|turn|6
|
|t:|1757689792
|switch|p2a: Indeedee|Indeedee, L50, M|100/100
|-fieldstart|move: Psychic Terrain|[from] ability: Psychic Surge|[of] p2a: Indeedee
|move|p2b: Magmar|Will-O-Wisp|p1a: Glaceon|[miss]
|-miss|p2b: Magmar|p1a: Glaceon
|move|p1a: Glaceon|Calm Mind|p1a: Glaceon
|-boost|p1a: Glaceon|spa|1
|-boost|p1a: Glaceon|spd|1
|-prepare|p1b: Slowking|Chilly Reception|[premajor]
|move|p1b: Slowking|Chilly Reception|p1b: Slowking
|-weather|Snowscape
|
|t:|1757689802
|switch|p1b: Rillaboom|Rillaboom, L50, F|100/100|[from] Chilly Reception
|-fieldstart|move: Grassy Terrain|[from] ability: Grassy Surge|[of] p1b: Rillaboom
|
|-weather|Snowscape|[upkeep]
|-heal|p1a: Glaceon|100/100|[from] ability: Ice Body
|-heal|p2b: Magmar|58/100|[from] Grassy Terrain
|upkeep
|turn|7
|
|t:|1757689814
|switch|p2a: Tyranitar|Tyranitar, L50, M|25/100 frz
|-weather|Sandstorm|[from] ability: Sand Stream|[of] p2a: Tyranitar
|move|p1b: Rillaboom|Fake Out|p2a: Tyranitar
|-resisted|p2a: Tyranitar
|-damage|p2a: Tyranitar|20/100 frz
|move|p2b: Magmar|Heat Wave|p1a: Glaceon|[spread] p1a,p1b
|-supereffective|p1b: Rillaboom
|-crit|p1b: Rillaboom
|-damage|p1a: Glaceon|91/100
|-damage|p1b: Rillaboom|54/100
|move|p1a: Glaceon|Blizzard|p2b: Magmar|[spread] p2a
|-miss|p1a: Glaceon|p2b: Magmar
|-damage|p2a: Tyranitar|0 fnt
|faint|p2a: Tyranitar
|
|-weather|Sandstorm|[upkeep]
|-damage|p2b: Magmar|52/100|[from] Sandstorm
|-damage|p1b: Rillaboom|48/100|[from] Sandstorm
|-damage|p1a: Glaceon|85/100|[from] Sandstorm
|-heal|p2b: Magmar|58/100|[from] Grassy Terrain
|-heal|p1b: Rillaboom|54/100|[from] Grassy Terrain
|-heal|p1a: Glaceon|91/100|[from] Grassy Terrain
|-heal|p1a: Glaceon|97/100|[from] item: Leftovers
|upkeep
|
|t:|1757689826
|switch|p2a: Indeedee|Indeedee, L50, M|100/100
|-fieldstart|move: Psychic Terrain|[from] ability: Psychic Surge|[of] p2a: Indeedee
|turn|8
|
|t:|1757689840
|move|p2a: Indeedee|Expanding Force|p1b: Rillaboom|[spread] p1a,p1b
|-damage|p1a: Glaceon|75/100
|-damage|p1b: Rillaboom|22/100
|move|p2b: Magmar|Heat Wave|p1b: Rillaboom|[spread] p1a,p1b
|-supereffective|p1b: Rillaboom
|-damage|p1a: Glaceon|66/100
|-damage|p1b: Rillaboom|0 fnt
|faint|p1b: Rillaboom
|move|p1a: Glaceon|Shadow Ball|p2b: Magmar
|-damage|p2b: Magmar|1/100
|
|-weather|Sandstorm|[upkeep]
|-damage|p2a: Indeedee|95/100|[from] Sandstorm
|-damage|p2b: Magmar|0 fnt|[from] Sandstorm
|-damage|p1a: Glaceon|60/100|[from] Sandstorm
|faint|p2b: Magmar
|-heal|p1a: Glaceon|66/100|[from] item: Leftovers
|upkeep
|
|t:|1757689859
|switch|p2b: Corviknight|Corviknight, L50, M|100/100
|switch|p1b: Slowking|Slowking, L50, M|100/100
|-enditem|p2b: Corviknight|Psychic Seed
|-boost|p2b: Corviknight|spd|1|[from] item: Psychic Seed
|turn|9
|
|t:|1757689884
|move|p1a: Glaceon|Protect|p1a: Glaceon
|-singleturn|p1a: Glaceon|Protect
|move|p2a: Indeedee|Expanding Force|p1a: Glaceon|[spread] p1b
|-activate|p1a: Glaceon|move: Protect
|-resisted|p1b: Slowking
|-damage|p1b: Slowking|78/100
|move|p2b: Corviknight|Bulk Up|p2b: Corviknight
|-boost|p2b: Corviknight|atk|1
|-boost|p2b: Corviknight|def|1
|-prepare|p1b: Slowking|Chilly Reception|[premajor]
|move|p1b: Slowking|Chilly Reception|p1b: Slowking
|-weather|Snowscape
|
|t:|1757689895
|switch|p1b: Incineroar|Incineroar, L50, F|59/100|[from] Chilly Reception
|-ability|p1b: Incineroar|Intimidate|boost
|-unboost|p2a: Indeedee|atk|1
|-ability|p2b: Corviknight|Mirror Armor
|-unboost|p1b: Incineroar|atk|1
|
|-weather|Snowscape|[upkeep]
|-heal|p1a: Glaceon|72/100|[from] ability: Ice Body
|-heal|p1a: Glaceon|78/100|[from] item: Leftovers
|upkeep
|turn|10
|
|t:|1757689917
|move|p2a: Indeedee|Expanding Force|p1a: Glaceon|[spread] p1a
|-immune|p1b: Incineroar
|-damage|p1a: Glaceon|57/100
|move|p2b: Corviknight|Bulk Up|p2b: Corviknight
|-boost|p2b: Corviknight|atk|1
|-boost|p2b: Corviknight|def|1
|move|p1a: Glaceon|Blizzard|p2a: Indeedee|[spread] p2a,p2b
|-damage|p2a: Indeedee|3/100
|-damage|p2b: Corviknight|54/100
|-status|p2a: Indeedee|frz
|move|p1b: Incineroar|Flare Blitz|p2b: Corviknight
|-supereffective|p2b: Corviknight
|-damage|p2b: Corviknight|33/100
|-damage|p1b: Incineroar|52/100|[from] Recoil
|
|-weather|Snowscape|[upkeep]
|-heal|p1a: Glaceon|63/100|[from] ability: Ice Body
|-heal|p1a: Glaceon|69/100|[from] item: Leftovers
|upkeep
|turn|11
|
|t:|1757689937
|cant|p2a: Indeedee|frz
|move|p2b: Corviknight|Roost|p2b: Corviknight
|-heal|p2b: Corviknight|83/100
|-singleturn|p2b: Corviknight|move: Roost
|move|p1a: Glaceon|Blizzard|p2b: Corviknight|[spread] p2a,p2b
|-resisted|p2b: Corviknight
|-damage|p2a: Indeedee|0 fnt
|-damage|p2b: Corviknight|60/100
|faint|p2a: Indeedee
|move|p1b: Incineroar|Flare Blitz|p2b: Corviknight
|-supereffective|p2b: Corviknight
|-damage|p2b: Corviknight|39/100
|-status|p2b: Corviknight|brn
|-damage|p1b: Incineroar|46/100|[from] Recoil
|-enditem|p1b: Incineroar|Sitrus Berry|[eat]
|-heal|p1b: Incineroar|70/100|[from] item: Sitrus Berry
|
|-weather|Snowscape|[upkeep]
|-heal|p1a: Glaceon|74/100|[from] ability: Ice Body
|-heal|p1a: Glaceon|80/100|[from] item: Leftovers
|-damage|p2b: Corviknight|33/100 brn|[from] brn
|upkeep
|turn|12
|-message|trafa preparate forfeited.
|
|win|eualefvc
|raw|eualefvc's rating: 1044 → 1085(+41 for winning)
|raw|trafa preparate's rating: 1123 → 1092(-31 for losing)
|l|☆trafa preparate
|player|p2|
|j|☆trafa preparate
|player|p2|trafa preparate|colress|
