|j|☆nomesalenada
|j|☆BringTheHunie
|html|nomesalenadaBringTheHunie    
|uhtml|bestof|Game 2 of a best-of-3
|t:|1782233435
|gametype|doubles
|player|p1|nomesalenada|169|1078
|player|p2|BringTheHunie|miriam|1000
|gen|9
|tier|[Gen 9 Champions] VGC 2026 Reg M-B (Bo3)
|rated|
|rule|Species Clause: Limit one of each Pokémon
|rule|Item Clause: Limit 1 of each item
|clearpoke
|poke|p1|Charizard, L50, F|
|poke|p1|Whimsicott, L50, F|
|poke|p1|Garchomp, L50, M|
|poke|p1|Basculegion, L50, M|
|poke|p1|Glimmora, L50, F|
|poke|p1|Kingambit, L50, M|
|poke|p2|Mawile, L50, F|
|poke|p2|Delphox, L50, M|
|poke|p2|Sinistcha, L50|
|poke|p2|Incineroar, L50, F|
|poke|p2|Garchomp, L50, F|
|poke|p2|Milotic, L50, M|
|teampreview|4
|showteam|p1|Charizard||CharizarditeY|Blaze|HeatWave,WeatherBall,SolarBeam,Protect|Modest||F|||50|]Whimsicott||FairyFeather|Prankster|Moonblast,TrickRoom,Encore,Tailwind|Bold||F|||50|]Garchomp||LifeOrb|RoughSkin|DragonClaw,Earthquake,RockSlide,Protect|Adamant||M|||50|]Basculegion||MysticWater|Adaptability|WaveCrash,AquaJet,LastRespects,Protect|Adamant||M|||50|]Glimmora||FocusSash|ToxicDebris|SludgeBomb,PowerGem,SpikyShield,EarthPower|Modest||F|||50|]Kingambit||ChopleBerry|Defiant|KowtowCleave,SuckerPunch,IronHead,Protect|Adamant||M|||50|
|showteam|p2|Mawile||Mawilite|HyperCutter|Protect,SwordsDance,SuckerPunch,PlayRough|Adamant||F|||50|]Delphox||Delphoxite|Blaze|NastyPlot,Protect,HeatWave,Psyshock|Timid||M|||50|]Sinistcha||KasibBerry|Hospitality|MatchaGotcha,RagePowder,TrickRoom,Protect|Calm|||||50|]Incineroar||SitrusBerry|Intimidate|FakeOut,PartingShot,FlareBlitz,ThroatChop|Impish||F|||50|]Garchomp||LifeOrb|RoughSkin|Earthquake,RockSlide,DragonClaw,Protect|Jolly||F|||50|]Milotic||Leftovers|Competitive|Coil,Hypnosis,MuddyWater,Protect|Bold||M|||50|
|inactive|Battle timer is ON: inactive players will automatically lose when time's up. (requested by BringTheHunie)
|inactive|nomesalenada has 60 seconds left.
|inactive|BringTheHunie has 60 seconds left.
|inactive|BringTheHunie has 30 seconds left.
|inactive|BringTheHunie has 20 seconds left.
|
|t:|1782233513
|teamsize|p1|4
|teamsize|p2|4
|start
|switch|p1a: Basculegion|Basculegion, L50, M|100/100
|switch|p1b: Whimsicott|Whimsicott, L50, F|100/100
|switch|p2a: Milotic|Milotic, L50, M|100/100
|switch|p2b: Incineroar|Incineroar, L50, F|100/100
|-ability|p2b: Incineroar|Intimidate|boost
|-unboost|p1a: Basculegion|atk|1
|-unboost|p1b: Whimsicott|atk|1
|turn|1
|inactive|BringTheHunie has 30 seconds left.
|inactive|BringTheHunie has 20 seconds left.
|
|t:|1782233548
|switch|p2b: Garchomp|Garchomp, L50, F|100/100
|move|p1b: Whimsicott|Tailwind|p1b: Whimsicott
|-sidestart|p1: nomesalenada|move: Tailwind
|move|p1a: Basculegion|Wave Crash|p2b: Garchomp
|-damage|p2b: Garchomp|31/100
|-damage|p1a: Basculegion|87/100|[from] ability: Rough Skin|[of] p2b: Garchomp
|-damage|p1a: Basculegion|64/100|[from] Recoil
|move|p2a: Milotic|Muddy Water|p1a: Basculegion|[spread] p1a,p1b
|-resisted|p1a: Basculegion|1
|-resisted|p1b: Whimsicott|1
|-damage|p1a: Basculegion|52/100
|-damage|p1b: Whimsicott|87/100
|-unboost|p1b: Whimsicott|accuracy|1
|
|upkeep
|turn|2
|inactive|BringTheHunie has 30 seconds left.
|inactive|nomesalenada has 30 seconds left.
|inactive|BringTheHunie has 20 seconds left.
|inactive|nomesalenada has 20 seconds left.
|
|t:|1782233591
|switch|p1a: Glimmora|Glimmora, L50, F|100/100
|switch|p2b: Incineroar|Incineroar, L50, F|100/100
|-ability|p2b: Incineroar|Intimidate|boost
|-unboost|p1a: Glimmora|atk|1
|-unboost|p1b: Whimsicott|atk|1
|move|p1b: Whimsicott|Moonblast|p2b: Incineroar
|-damage|p2b: Incineroar|71/100
|move|p2a: Milotic|Coil|p2a: Milotic
|-boost|p2a: Milotic|atk|1
|-boost|p2a: Milotic|def|1
|-boost|p2a: Milotic|accuracy|1
|
|upkeep
|turn|3
|inactive|nomesalenada has 30 seconds left.
|
|t:|1782233619
|move|p2b: Incineroar|Fake Out|p1b: Whimsicott
|-damage|p1b: Whimsicott|77/100
|cant|p1b: Whimsicott|flinch
|move|p1a: Glimmora|Sludge Bomb|p2a: Milotic
|-damage|p2a: Milotic|66/100
|move|p2a: Milotic|Muddy Water|p1a: Glimmora|[spread] p1a,p1b
|-supereffective|p1a: Glimmora|1
|-resisted|p1b: Whimsicott|1
|-damage|p1a: Glimmora|38/100
|-damage|p1b: Whimsicott|65/100
|-unboost|p1b: Whimsicott|accuracy|1
|
|-heal|p2a: Milotic|72/100|[from] item: Leftovers
|upkeep
|turn|4
|inactive|BringTheHunie has 30 seconds left.
|
|t:|1782233653
|switch|p2b: Garchomp|Garchomp, L50, F|31/100
|move|p1a: Glimmora|Power Gem|p2b: Garchomp
|-resisted|p2b: Garchomp|1
|-damage|p2b: Garchomp|6/100
|move|p1b: Whimsicott|Moonblast|p2b: Garchomp|[miss]
|-miss|p1b: Whimsicott|p2b: Garchomp
|move|p2a: Milotic|Muddy Water|p1b: Whimsicott|[spread] p1a,p1b
|-supereffective|p1a: Glimmora|1
|-resisted|p1b: Whimsicott|1
|-damage|p1a: Glimmora|0 fnt
|-damage|p1b: Whimsicott|50/100g
|-unboost|p1b: Whimsicott|accuracy|1
|faint|p1a: Glimmora
|
|-heal|p2a: Milotic|78/100|[from] item: Leftovers
|-sideend|p1: nomesalenada|move: Tailwind
|upkeep
|inactive|nomesalenada has 30 seconds left.
|
|t:|1782233687
|switch|p1a: Charizard|Charizard, L50, F|100/100
|turn|5
|inactive|BringTheHunie has 30 seconds left.
|
|t:|1782233713
|move|p1a: Charizard|Protect|p1a: Charizard
|-singleturn|p1a: Charizard|Protect
|move|p1b: Whimsicott|Tailwind|p1b: Whimsicott
|-sidestart|p1: nomesalenada|move: Tailwind
|move|p2b: Garchomp|Rock Slide|p1a: Charizard|[spread] p1b
|-activate|p1a: Charizard|move: Protect
|-damage|p1b: Whimsicott|27/100
|-damage|p2b: Garchomp|0 fnt|[from] item: Life Orb
|faint|p2b: Garchomp
|move|p2a: Milotic|Hypnosis|p1a: Charizard
|-activate|p1a: Charizard|move: Protect
|
|-heal|p2a: Milotic|84/100|[from] item: Leftovers
|upkeep
|
|t:|1782233719
|switch|p2b: Incineroar|Incineroar, L50, F|71/100
|-ability|p2b: Incineroar|Intimidate|boost
|-unboost|p1a: Charizard|atk|1
|-unboost|p1b: Whimsicott|atk|1
|turn|6
|inactive|nomesalenada has 30 seconds left.
|inactive|nomesalenada has 20 seconds left.
|inactive|nomesalenada has 15 seconds left.
|
|t:|1782233760
|switch|p1a: Basculegion|Basculegion, L50, M|52/100
|move|p2b: Incineroar|Fake Out|p1b: Whimsicott
|-damage|p1b: Whimsicott|17/100
|cant|p1b: Whimsicott|flinch
|move|p2a: Milotic|Hypnosis|p1a: Basculegion
|-status|p1a: Basculegion|slp|[from] move: Hypnosis
|
|-heal|p2a: Milotic|90/100|[from] item: Leftovers
|upkeep
|turn|7
|inactive|BringTheHunie has 30 seconds left.
|
|t:|1782233795
|move|p1b: Whimsicott|Moonblast|p2b: Incineroar|[miss]
|-miss|p1b: Whimsicott|p2b: Incineroar
|cant|p1a: Basculegion|slp
|move|p2a: Milotic|Muddy Water|p1a: Basculegion|[spread] p1a,p1b
|-resisted|p1a: Basculegion|1
|-resisted|p1b: Whimsicott|1
|-damage|p1a: Basculegion|40/100 slp
|-damage|p1b: Whimsicott|4/100
|-unboost|p1a: Basculegion|accuracy|1
|move|p2b: Incineroar|Parting Shot|p1a: Basculegion
|-unboost|p1a: Basculegion|atk|1
|-unboost|p1a: Basculegion|spa|1
|
|t:|1782233802
|switch|p2b: Delphox|Delphox, L50, M|100/100|[from] Parting Shot
|
|-heal|p2a: Milotic|96/100|[from] item: Leftovers
|upkeep
|turn|8
|
|t:|1782233822
|move|p2b: Delphox|Protect|p2b: Delphox
|-singleturn|p2b: Delphox|Protect
|move|p1b: Whimsicott|Moonblast|p2b: Delphox
|-activate|p2b: Delphox|move: Protect
|-curestatus|p1a: Basculegion|slp|[msg]
|move|p1a: Basculegion|Wave Crash|p2b: Delphox
|-activate|p2b: Delphox|move: Protect
|move|p2a: Milotic|Muddy Water|p1b: Whimsicott|[spread] p1a,p1b
|-resisted|p1a: Basculegion|1
|-resisted|p1b: Whimsicott|1
|-damage|p1a: Basculegion|25/100
|-damage|p1b: Whimsicott|0 fnt
|faint|p1b: Whimsicott
|
|-heal|p2a: Milotic|100/100|[from] item: Leftovers
|-sideend|p1: nomesalenada|move: Tailwind
|upkeep
|
|t:|1782233826
|switch|p1b: Charizard|Charizard, L50, F|100/100
|turn|9
|inactive|nomesalenada has 30 seconds left.
|inactive|BringTheHunie has 30 seconds left.
|inactive|nomesalenada has 20 seconds left.
|inactive|BringTheHunie has 20 seconds left.
|inactive|nomesalenada has 15 seconds left.
|inactive|BringTheHunie has 15 seconds left.
|inactive|nomesalenada has 10 seconds left.
|inactive|BringTheHunie has 10 seconds left.
|
|t:|1782233874
|detailschange|p2b: Delphox|Delphox-Mega, L50, M
|-mega|p2b: Delphox|Delphox|Delphoxite
|detailschange|p1b: Charizard|Charizard-Mega-Y, L50, F
|-mega|p1b: Charizard|Charizard|Charizardite Y
|-weather|SunnyDay|[from] ability: Drought|[of] p1b: Charizard
|move|p2a: Milotic|Protect|p2a: Milotic
|-singleturn|p2a: Milotic|Protect
|move|p2b: Delphox|Heat Wave|p1a: Basculegion|[spread] p1a,p1b
|-resisted|p1a: Basculegion|1
|-resisted|p1b: Charizard|1
|-damage|p1a: Basculegion|0 fnt
|-damage|p1b: Charizard|76/100
|faint|p1a: Basculegion
|move|p1b: Charizard|Heat Wave|p2a: Milotic|[spread] p2b
|-activate|p2a: Milotic|move: Protect
|-resisted|p2b: Delphox|1
|-damage|p2b: Delphox|68/100
|
|-weather|SunnyDay|[upkeep]
|upkeep
|turn|10
|j| Trobula72
|
|t:|1782233895
|move|p2b: Delphox|Psyshock|p1b: Charizard
|-damage|p1b: Charizard|28/100
|move|p1b: Charizard|Heat Wave|p2a: Milotic|[spread] p2a,p2b
|-resisted|p2a: Milotic|1
|-resisted|p2b: Delphox|1
|-crit|p2b: Delphox
|-damage|p2a: Milotic|77/100
|-damage|p2b: Delphox|28/100
|move|p2a: Milotic|Muddy Water|p1b: Charizard
|-supereffective|p1b: Charizard|1
|-damage|p1b: Charizard|1/100
|-unboost|p1b: Charizard|accuracy|1
|
|-weather|SunnyDay|[upkeep]
|-heal|p2a: Milotic|83/100|[from] item: Leftovers
|upkeep
|turn|11
|-message|nomesalenada forfeited.
|
|win|BringTheHunie
||nomesalenada is ready for game 3.
||BringTheHunie is ready for game 3.
|uhtml|next|Next: Game 3 of 3
|l|☆nomesalenada
|player|p1|
