|j|☆zubrowka
|j|☆chicco_the_best
|html|zubrowkachicco_the_best    
|uhtml|bestof|Game 2 of a best-of-3
|t:|1784929231
|gametype|doubles
|player|p1|zubrowka|clair|1108
|player|p2|chicco_the_best|266|1116
|gen|9
|tier|[Gen 9 Champions] VGC 2026 Reg M-B (Bo3)
|rated|
|rule|Species Clause: Limit one of each Pokémon
|rule|Item Clause: Limit 1 of each item
|clearpoke
|poke|p1|Charizard, L50, F|
|poke|p1|Whimsicott, L50, F|
|poke|p1|Garchomp, L50, M|
|poke|p1|Basculegion, L50, M|
|poke|p1|Sylveon, L50, M|
|poke|p1|Metagross, L50|
|poke|p2|Gengar, L50, M|
|poke|p2|Incineroar, L50, F|
|poke|p2|Ninetales-Alola, L50, M|
|poke|p2|Sneasler, L50, F|
|poke|p2|Kingambit, L50, F|
|poke|p2|Whimsicott, L50, M|
|teampreview|4
|showteam|p1|Charizard||CharizarditeY|SolarPower|HeatWave,WeatherBall,SolarBeam,Protect|Modest||F|||50|]Whimsicott||FocusSash|Prankster|Moonblast,Tailwind,Encore,Protect|Timid||F|||50|]Garchomp||LifeOrb|RoughSkin|Earthquake,DragonClaw,RockSlide,Protect|Jolly||M|||50|]Basculegion||ChoiceScarf|Adaptability|WaveCrash,FlipTurn,LastRespects,AquaJet|Jolly||M|||50|]Sylveon||FairyFeather|Pixilate|HyperVoice,Yawn,HyperBeam,Protect|Modest||M|||50|]Metagross||Metagrossite|ClearBody|IronHead,PsychicFangs,BodyPress,Protect|Jolly|||||50|
|showteam|p2|Gengar||Gengarite|CursedBody|PerishSong,ShadowBall,Protect,Disable|Modest||M|||50|]Incineroar||PasshoBerry|Intimidate|FakeOut,FlareBlitz,PartingShot,Protect|Relaxed||F|||50|]Ninetales-Alola||NeverMeltIce|SnowWarning|Blizzard,FreezeDry,Protect,Encore|Timid||M|||50|]Sneasler||WhiteHerb|Unburden|CloseCombat,DireClaw,FakeOut,Protect|Adamant||F|||50|]Kingambit||BlackGlasses|Defiant|KowtowCleave,Protect,SuckerPunch,SwordsDance|Adamant||F|||50|]Whimsicott||FocusSash|Prankster|Protect,Tailwind,Encore,Moonblast|Timid||M|||50|
|inactive|Battle timer is ON: inactive players will automatically lose when time's up. (requested by chicco_the_best)
|
|t:|1784929240
|teamsize|p1|4
|teamsize|p2|4
|start
|switch|p1a: Charizard|Charizard, L50, F|100/100
|switch|p1b: Basculegion|Basculegion, L50, M|100/100
|switch|p2a: Incineroar|Incineroar, L50, F|100/100
|switch|p2b: Kingambit|Kingambit, L50, F|100/100
|-ability|p2a: Incineroar|Intimidate|boost
|-unboost|p1a: Charizard|atk|1
|-unboost|p1b: Basculegion|atk|1
|turn|1
|
|t:|1784929259
|switch|p1b: Garchomp|Garchomp, L50, M|100/100
|detailschange|p1a: Charizard|Charizard-Mega-Y, L50, F
|-mega|p1a: Charizard|Charizard|Charizardite Y
|-weather|SunnyDay|[from] ability: Drought|[of] p1a: Charizard
|move|p2a: Incineroar|Fake Out|p1a: Charizard
|-damage|p1a: Charizard|86/100
|cant|p1a: Charizard|flinch
|move|p2b: Kingambit|Swords Dance|p2b: Kingambit
|-boost|p2b: Kingambit|atk|2
|
|-weather|SunnyDay|[upkeep]
|upkeep
|turn|2
|inactive|zubrowka has 30 seconds left.
|inactive|chicco_the_best has 30 seconds left.
|inactive|chicco_the_best has 20 seconds left.
|inactive|chicco_the_best has 15 seconds left.
|
|t:|1784929300
|switch|p2a: Whimsicott|Whimsicott, L50, M|100/100
|move|p2b: Kingambit|Sucker Punch|p1a: Charizard
|-damage|p1a: Charizard|0 fnt
|faint|p1a: Charizard
|move|p1b: Garchomp|Earthquake|p2b: Kingambit|[spread] p2a,p2b
|-resisted|p2a: Whimsicott|1
|-supereffective|p2b: Kingambit|1
|-damage|p2a: Whimsicott|62/100
|-damage|p2b: Kingambit|30/100
|-damage|p1b: Garchomp|90/100|[from] item: Life Orb
|
|-weather|SunnyDay|[upkeep]
|upkeep
|
|t:|1784929310
|switch|p1a: Whimsicott|Whimsicott, L50, F|100/100
|turn|3
|inactive|chicco_the_best has 30 seconds left.
|
|t:|1784929337
|switch|p1b: Basculegion|Basculegion, L50, M|100/100
|move|p2a: Whimsicott|Tailwind|p2a: Whimsicott
|-sidestart|p2: chicco_the_best|move: Tailwind
|move|p1a: Whimsicott|Tailwind|p1a: Whimsicott
|-sidestart|p1: zubrowka|move: Tailwind
|move|p2b: Kingambit|Sucker Punch||[still]
|-fail|p2b: Kingambit
|
|-weather|SunnyDay|[upkeep]
|upkeep
|turn|4
|
|t:|1784929359
|move|p1a: Whimsicott|Encore|p2a: Whimsicott
|-start|p2a: Whimsicott|Encore
|move|p2a: Whimsicott|Tailwind||[still]
|-fail|p2a: Whimsicott
|move|p1b: Basculegion|Wave Crash|p2b: Kingambit
|-damage|p2b: Kingambit|1/100
|-damage|p1b: Basculegion|89/100|[from] Recoil
|move|p2b: Kingambit|Kowtow Cleave|p1b: Basculegion
|-supereffective|p1b: Basculegion|1
|-damage|p1b: Basculegion|0 fnt
|faint|p1b: Basculegion
|
|-weather|SunnyDay|[upkeep]
|upkeep
|c|☆zubrowka|crazy
|
|t:|1784929373
|switch|p1b: Garchomp|Garchomp, L50, M|90/100
|turn|5
|c|☆chicco_the_best|gambito bananito goated
|
|t:|1784929384
|switch|p2a: Incineroar|Incineroar, L50, F|100/100
|-ability|p2a: Incineroar|Intimidate|boost
|-unboost|p1a: Whimsicott|atk|1
|-unboost|p1b: Garchomp|atk|1
|move|p1b: Garchomp|Protect|p1b: Garchomp
|-singleturn|p1b: Garchomp|Protect
|move|p2b: Kingambit|Protect|p2b: Kingambit
|-singleturn|p2b: Kingambit|Protect
|move|p1a: Whimsicott|Moonblast|p2b: Kingambit
|-activate|p2b: Kingambit|move: Protect
|
|-weather|none
|upkeep
|turn|6
|c|☆zubrowka|heal your brain
|inactive|zubrowka has 30 seconds left.
|c|☆chicco_the_best|is gambito bananito not being goated
|
|t:|1784929412
|move|p1b: Garchomp|Protect||[still]
|-fail|p1b: Garchomp
|move|p2a: Incineroar|Fake Out|p1a: Whimsicott
|-damage|p1a: Whimsicott|82/100
|move|p2b: Kingambit|Sucker Punch||[still]
|-fail|p2b: Kingambit
|cant|p1a: Whimsicott|flinch
|
|-sideend|p1: zubrowka|move: Tailwind
|-sideend|p2: chicco_the_best|move: Tailwind
|upkeep
|turn|7
|
|t:|1784929431
|move|p2b: Kingambit|Protect|p2b: Kingambit
|-singleturn|p2b: Kingambit|Protect
|move|p1a: Whimsicott|Moonblast|p2a: Incineroar
|-damage|p2a: Incineroar|71/100
|move|p1b: Garchomp|Rock Slide|p2a: Incineroar|[spread] p2a
|-activate|p2b: Kingambit|move: Protect
|-supereffective|p2a: Incineroar|1
|-damage|p2a: Incineroar|45/100
|-damage|p1b: Garchomp|80/100|[from] item: Life Orb
|move|p2a: Incineroar|Parting Shot|p1a: Whimsicott
|-unboost|p1a: Whimsicott|atk|1
|-unboost|p1a: Whimsicott|spa|1
|
|t:|1784929438
|switch|p2a: Sneasler|Sneasler, L50, F|100/100|[from] Parting Shot
|
|upkeep
|turn|8
|
|t:|1784929452
|move|p2a: Sneasler|Fake Out|p1a: Whimsicott
|-damage|p1a: Whimsicott|58/100
|move|p2b: Kingambit|Sucker Punch|p1b: Garchomp
|-damage|p1b: Garchomp|0 fnt
|-damage|p2b: Kingambit|0 fnt|[from] ability: Rough Skin|[of] p1b: Garchomp
|faint|p1b: Garchomp
|faint|p2b: Kingambit
|cant|p1a: Whimsicott|flinch
|
|upkeep
|
|t:|1784929456
|switch|p2b: Incineroar|Incineroar, L50, F|45/100
|-ability|p2b: Incineroar|Intimidate|boost
|-unboost|p1a: Whimsicott|atk|1
|turn|9
|-message|zubrowka forfeited.
|
|win|chicco_the_best
|raw|zubrowka's rating: 1108 → 1084(-24 for losing)
|raw|chicco_the_best's rating: 1116 → 1140(+24 for winning)
