|j|☆Sylviana GL
|j|☆mage166
|html|Sylviana GLmage166    
|uhtml|bestof|Game 1 of a best-of-3
|t:|1783740050
|gametype|doubles
|player|p1|Sylviana GL|caitlin|1093
|player|p2|mage166|1|1141
|gen|9
|tier|[Gen 9 Champions] VGC 2026 Reg M-B (Bo3)
|rated|
|rule|Species Clause: Limit one of each Pokémon
|rule|Item Clause: Limit 1 of each item
|clearpoke
|poke|p1|Aerodactyl, L50, M, shiny|
|poke|p1|Charizard, L50, M|
|poke|p1|Sylveon, L50, F|
|poke|p1|Garchomp, L50, M|
|poke|p1|Kingambit, L50, F|
|poke|p1|Incineroar, L50, F|
|poke|p2|Staraptor, L50, M, shiny|
|poke|p2|Tyranitar, L50, F, shiny|
|poke|p2|Excadrill, L50, M, shiny|
|poke|p2|Houndstone, L50, F|
|poke|p2|Rotom-Wash, L50|
|poke|p2|Venusaur, L50, M, shiny|
|teampreview|4
|showteam|p1|Aerodactyl||Aerodactylite|Unnerve|RockSlide,IceFang,Tailwind,WideGuard|Jolly||M|||50|]Charizard||CharizarditeY|Blaze|HeatWave,WeatherBall,SolarBeam,Protect|Modest||M|||50|]Sylveon||FairyFeather|Pixilate|HyperVoice,HyperBeam,QuickAttack,Detect|Modest||F|||50|]Garchomp||LifeOrb|RoughSkin|DragonClaw,Earthquake,StompingTantrum,Protect|Jolly||M|||50|]Kingambit||FocusSash|Defiant|SuckerPunch,KowtowCleave,IronHead,Protect|Adamant||F|||50|]Incineroar||SitrusBerry|Intimidate|FlareBlitz,ThroatChop,FakeOut,PartingShot|Impish||F|||50|
|showteam|p2|Staraptor||Staraptite|Intimidate|CloseCombat,Protect,BraveBird,Tailwind|Jolly||M|||50|]Tyranitar||ChoiceScarf|SandStream|RockSlide,KnockOff,IcePunch,LowKick|Jolly||F|||50|]Excadrill||FocusSash|SandRush|Earthquake,IronHead,RockSlide,Protect|Adamant||M|||50|]Houndstone||SitrusBerry|SandRush|LastRespects,WillOWisp,AllySwitch,Protect|Adamant||F|||50|]Rotom-Wash||Magnet|Levitate|HydroPump,VoltSwitch,Thunderbolt,Protect|Modest|||||50|]Venusaur||Venusaurite|Chlorophyll|SludgeBomb,EarthPower,SleepPowder,Protect|Modest||M|||50|
|inactive|Battle timer is ON: inactive players will automatically lose when time's up. (requested by Sylviana GL)
|inactive|Sylviana GL has 60 seconds left.
|
|t:|1783740135
|teamsize|p1|4
|teamsize|p2|4
|start
|switch|p1a: Charizard|Charizard, L50, M|100/100
|switch|p1b: Incineroar|Incineroar, L50, F|100/100
|switch|p2a: Venusaur|Venusaur, L50, M, shiny|100/100
|switch|p2b: Rotom|Rotom-Wash, L50|100/100
|-ability|p1b: Incineroar|Intimidate|boost
|-unboost|p2a: Venusaur|atk|1
|-unboost|p2b: Rotom|atk|1
|turn|1
|inactive|Sylviana GL has 30 seconds left.
|inactive|mage166 has 30 seconds left.
|inactive|Sylviana GL has 20 seconds left.
|
|t:|1783740170
|detailschange|p1a: Charizard|Charizard-Mega-Y, L50, M
|-mega|p1a: Charizard|Charizard|Charizardite Y
|-weather|SunnyDay|[from] ability: Drought|[of] p1a: Charizard
|detailschange|p2a: Venusaur|Venusaur-Mega, L50, M, shiny
|-mega|p2a: Venusaur|Venusaur|Venusaurite
|move|p1b: Incineroar|Fake Out|p2a: Venusaur
|-crit|p2a: Venusaur
|-damage|p2a: Venusaur|86/100
|move|p1a: Charizard|Solar Beam||[still]
|-prepare|p1a: Charizard|Solar Beam
|-anim|p1a: Charizard|Solar Beam|p2b: Rotom
|-supereffective|p2b: Rotom|1
|-damage|p2b: Rotom|7/100
|cant|p2a: Venusaur|flinch
|move|p2b: Rotom|Thunderbolt|p1a: Charizard
|-supereffective|p1a: Charizard|1
|-damage|p1a: Charizard|18/100
|
|-weather|SunnyDay|[upkeep]
|upkeep
|turn|2
|inactive|mage166 has 30 seconds left.
|
|t:|1783740196
|switch|p2b: Tyranitar|Tyranitar, L50, F, shiny|100/100
|-weather|Sandstorm|[from] ability: Sand Stream|[of] p2b: Tyranitar
|move|p1a: Charizard|Heat Wave|p2b: Tyranitar|[spread] p2a,p2b
|-supereffective|p2a: Venusaur|1
|-resisted|p2b: Tyranitar|1
|-damage|p2a: Venusaur|49/100
|-damage|p2b: Tyranitar|86/100
|-status|p2b: Tyranitar|brn
|move|p2a: Venusaur|Earth Power|p1b: Incineroar
|-supereffective|p1b: Incineroar|1
|-damage|p1b: Incineroar|45/100
|-enditem|p1b: Incineroar|Sitrus Berry|[eat]
|-heal|p1b: Incineroar|70/100|[from] item: Sitrus Berry
|move|p1b: Incineroar|Flare Blitz|p2a: Venusaur
|-supereffective|p2a: Venusaur|1
|-damage|p2a: Venusaur|7/100
|-damage|p1b: Incineroar|57/100|[from] Recoil
|
|-weather|Sandstorm|[upkeep]
|-damage|p1a: Charizard|12/100|[from] Sandstorm
|-damage|p2a: Venusaur|1/100|[from] Sandstorm
|-damage|p1b: Incineroar|51/100|[from] Sandstorm
|-damage|p2b: Tyranitar|81/100 brn|[from] brn
|upkeep
|turn|3
|inactive|mage166 has 30 seconds left.
|
|t:|1783740222
|switch|p1a: Kingambit|Kingambit, L50, F|100/100
|switch|p1b: Sylveon|Sylveon, L50, F|100/100
|move|p2b: Tyranitar|Rock Slide|p1b: Sylveon|[spread] p1a
|-miss|p2b: Tyranitar|p1b: Sylveon
|-resisted|p1a: Kingambit|1
|-damage|p1a: Kingambit|94/100
|move|p2a: Venusaur|Sludge Bomb|p1b: Sylveon
|-supereffective|p1b: Sylveon|1
|-damage|p1b: Sylveon|36/100
|
|-weather|Sandstorm|[upkeep]
|-damage|p2a: Venusaur|0 fnt|[from] Sandstorm
|-damage|p1b: Sylveon|30/100|[from] Sandstorm
|faint|p2a: Venusaur
|-damage|p2b: Tyranitar|75/100 brn|[from] brn
|upkeep
|
|t:|1783740239
|switch|p2a: Excadrill|Excadrill, L50, M, shiny|100/100
|turn|4
|inactive|Sylviana GL has 30 seconds left.
|
|t:|1783740265
|switch|p2b: Rotom|Rotom-Wash, L50|7/100
|move|p1b: Sylveon|Detect|p1b: Sylveon
|-singleturn|p1b: Sylveon|Protect
|move|p1a: Kingambit|Sucker Punch|p2a: Excadrill
|-damage|p2a: Excadrill|43/100
|move|p2a: Excadrill|Earthquake|p1a: Kingambit|[spread] p1a
|-activate|p1b: Sylveon|move: Protect
|-immune|p2b: Rotom|[from] ability: Levitate
|-supereffective|p1a: Kingambit|1
|-damage|p1a: Kingambit|21/100
|
|-weather|Sandstorm|[upkeep]
|-damage|p2b: Rotom|1/100|[from] Sandstorm
|-damage|p1b: Sylveon|24/100|[from] Sandstorm
|upkeep
|turn|5
|
|t:|1783740289
|move|p2a: Excadrill|Protect|p2a: Excadrill
|-singleturn|p2a: Excadrill|Protect
|move|p1b: Sylveon|Quick Attack|p2b: Rotom
|-damage|p2b: Rotom|0 fnt
|faint|p2b: Rotom
|move|p1a: Kingambit|Sucker Punch||[still]
|-fail|p1a: Kingambit
|
|-weather|Sandstorm|[upkeep]
|-damage|p1b: Sylveon|18/100|[from] Sandstorm
|upkeep
|
|t:|1783740298
|switch|p2b: Tyranitar|Tyranitar, L50, F, shiny|75/100 brn
|turn|6
|
|t:|1783740320
|switch|p1b: Incineroar|Incineroar, L50, F|51/100
|-ability|p1b: Incineroar|Intimidate|boost
|-unboost|p2a: Excadrill|atk|1
|-unboost|p2b: Tyranitar|atk|1
|move|p1a: Kingambit|Sucker Punch|p2a: Excadrill
|-damage|p2a: Excadrill|0 fnt
|faint|p2a: Excadrill
|move|p2b: Tyranitar|Low Kick|p1a: Kingambit
|-supereffective|p1a: Kingambit|2
|-damage|p1a: Kingambit|0 fnt
|faint|p1a: Kingambit
|
|-weather|none
|-damage|p2b: Tyranitar|69/100 brn|[from] brn
|upkeep
|
|t:|1783740327
|switch|p1a: Charizard|Charizard-Mega-Y, L50, M|12/100
|-weather|SunnyDay|[from] ability: Drought|[of] p1a: Charizard
|turn|7
|
|t:|1783740338
|move|p1b: Incineroar|Fake Out|p2b: Tyranitar
|-resisted|p2b: Tyranitar|1
|-damage|p2b: Tyranitar|64/100 brn
|cant|p2b: Tyranitar|flinch
|move|p1a: Charizard|Solar Beam||[still]
|-prepare|p1a: Charizard|Solar Beam
|-anim|p1a: Charizard|Solar Beam|p2b: Tyranitar
|-supereffective|p2b: Tyranitar|1
|-damage|p2b: Tyranitar|0 fnt
|faint|p2b: Tyranitar
|
|win|Sylviana GL
|inactive|Sylviana GL has 30 seconds to confirm battle start!
|inactive|mage166 has 30 seconds to confirm battle start!
||Sylviana GL is ready for game 2.
|l|☆mage166
|player|p2|
||mage166 is ready for game 2.
|uhtml|next|Next: Game 2 of 3
