|j|☆iamflorete
|j|☆redjaguar
|html|iamfloreteredjaguar    
|uhtml|bestof|Game 1 of a best-of-3
|t:|1784923182
|gametype|doubles
|player|p1|iamflorete|266|1038
|player|p2|redjaguar|gambler|1027
|gen|9
|tier|[Gen 9 Champions] VGC 2026 Reg M-B (Bo3)
|rated|
|rule|Species Clause: Limit one of each Pokémon
|rule|Item Clause: Limit 1 of each item
|clearpoke
|poke|p1|Pyroar, L50, F|
|poke|p1|Ninetales, L50, M, shiny|
|poke|p1|Vileplume, L50, M, shiny|
|poke|p1|Kingambit, L50, M|
|poke|p1|Mimikyu, L50, M|
|poke|p1|Floette-Eternal, L50, F|
|poke|p2|Dragonite, L50, M|
|poke|p2|Gardevoir, L50, F|
|poke|p2|Raichu, L50, M|
|poke|p2|Kingambit, L50, F|
|poke|p2|Incineroar, L50, F|
|poke|p2|Empoleon, L50, M|
|teampreview|4
|showteam|p1|Pyroar||Pyroarite|Unnerve|HeatWave,SolarBeam,Protect,Snarl|Timid||F|||50|]Ninetales||ChoiceScarf|Drought|HeatWave,Extrasensory,Overheat,SolarBeam|Timid||M|||50|]Vileplume||WideLens|Chlorophyll|SleepPowder,SludgeBomb,Protect,StrengthSap|Timid||M|||50|]Kingambit||BlackGlasses|Defiant|Protect,SwordsDance,KowtowCleave,SuckerPunch|Adamant||M|||50|]Mimikyu||MentalHerb|Disguise|TrickRoom,WillOWisp,ShadowClaw,Protect|Brave||M|||50|]Floette-Eternal||Floettite|FlowerVeil|CalmMind,DrainingKiss,DazzlingGleam,Protect|Quiet||F|||50|
|showteam|p2|Dragonite||ExpertBelt|Multiscale|IceSpinner,StompingTantrum,ExtremeSpeed,Protect|Adamant||M|||50|]Gardevoir||Gardevoirite|Trace|HyperVoice,MysticalFire,Protect,Psychic|Timid||F|||50|]Raichu||SitrusBerry|LightningRod|FakeOut,HelpingHand,Nuzzle,VoltSwitch|Timid||M|||50|]Kingambit||BlackGlasses|SupremeOverlord|KowtowCleave,SuckerPunch,Protect,IronHead|Adamant||F|||50|]Incineroar||WhiteHerb|Intimidate|FakeOut,FlareBlitz,PartingShot,Taunt|Impish||F|||50|]Empoleon||Leftovers|Competitive|IcyWind,Protect,FlashCannon,HydroPump|Modest||M|||50|
|
|t:|1784923235
|teamsize|p1|4
|teamsize|p2|4
|start
|switch|p1a: Kingambit|Kingambit, L50, M|100/100
|switch|p1b: Mimikyu|Mimikyu, L50, M|100/100
|switch|p2a: Raichu|Raichu, L50, M|100/100
|switch|p2b: Empoleon|Empoleon, L50, M|100/100
|turn|1
|
|t:|1784923278
|move|p1a: Kingambit|Protect|p1a: Kingambit
|-singleturn|p1a: Kingambit|Protect
|move|p2a: Raichu|Fake Out|p1a: Kingambit
|-activate|p1a: Kingambit|move: Protect
|move|p2b: Empoleon|Flash Cannon|p1b: Mimikyu
|-activate|p1b: Mimikyu|ability: Disguise
|-damage|p1b: Mimikyu|100/100
|detailschange|p1b: Mimikyu|Mimikyu-Busted, L50, M
|-damage|p1b: Mimikyu|87/100|[from] pokemon: Mimikyu-Busted
|move|p1b: Mimikyu|Trick Room|p1b: Mimikyu
|-fieldstart|move: Trick Room|[of] p1b: Mimikyu
|
|upkeep
|turn|2
|
|t:|1784923307
|move|p2a: Raichu|Helping Hand|p2b: Empoleon
|-singleturn|p2b: Empoleon|Helping Hand|[of] p2a: Raichu
|move|p1a: Kingambit|Swords Dance|p1a: Kingambit
|-boost|p1a: Kingambit|atk|2
|move|p2b: Empoleon|Flash Cannon|p1b: Mimikyu
|-supereffective|p1b: Mimikyu|1
|-damage|p1b: Mimikyu|0 fnt
|faint|p1b: Mimikyu
|
|upkeep
|
|t:|1784923322
|switch|p1b: Pyroar|Pyroar, L50, F|100/100
|-ability|p1b: Pyroar|Unnerve
|turn|3
|
|t:|1784923336
|move|p2a: Raichu|Helping Hand|p2b: Empoleon
|-singleturn|p2b: Empoleon|Helping Hand|[of] p2a: Raichu
|move|p1b: Pyroar|Protect|p1b: Pyroar
|-singleturn|p1b: Pyroar|Protect
|move|p1a: Kingambit|Kowtow Cleave|p2b: Empoleon
|-crit|p2b: Empoleon
|-damage|p2b: Empoleon|0 fnt
|faint|p2b: Empoleon
|
|upkeep
|
|t:|1784923346
|switch|p2b: Dragonite|Dragonite, L50, M|100/100
|turn|4
|
|t:|1784923397
|detailschange|p1b: Pyroar|Pyroar-Mega, L50, F
|-mega|p1b: Pyroar|Pyroar|Pyroarite
|move|p1a: Kingambit|Kowtow Cleave|p2b: Dragonite
|-damage|p2b: Dragonite|43/100
|move|p2b: Dragonite|Stomping Tantrum|p1a: Kingambit
|-supereffective|p1a: Kingambit|1
|-damage|p1a: Kingambit|52/100
|move|p2a: Raichu|Nuzzle|p1b: Pyroar
|-damage|p1b: Pyroar|92/100
|-status|p1b: Pyroar|par
|cant|p1b: Pyroar|par
|
|upkeep
|turn|5
|
|t:|1784923431
|move|p2b: Dragonite|Protect|p2b: Dragonite
|-singleturn|p2b: Dragonite|Protect
|move|p1a: Kingambit|Kowtow Cleave|p2a: Raichu
|-damage|p2a: Raichu|0 fnt
|faint|p2a: Raichu
|move|p1b: Pyroar|Heat Wave|p2b: Dragonite
|-activate|p2b: Dragonite|move: Protect
|
|-fieldend|move: Trick Room
|upkeep
|
|t:|1784923440
|switch|p2a: Gardevoir|Gardevoir, L50, F|100/100
|-ability|p2a: Gardevoir|Defiant|Trace|[from] ability: Trace|[of] p1a: Kingambit
|turn|6
|
|t:|1784923467
|detailschange|p2a: Gardevoir|Gardevoir-Mega, L50, F
|-mega|p2a: Gardevoir|Gardevoir|Gardevoirite
|move|p1a: Kingambit|Protect|p1a: Kingambit
|-singleturn|p1a: Kingambit|Protect
|move|p2a: Gardevoir|Hyper Voice|p1a: Kingambit|[spread] p1b
|-activate|p1a: Kingambit|move: Protect
|-resisted|p1b: Pyroar|1
|-damage|p1b: Pyroar|61/100 par
|move|p2b: Dragonite|Stomping Tantrum|p1b: Pyroar
|-supereffective|p1b: Pyroar|1
|-damage|p1b: Pyroar|0 fnt
|faint|p1b: Pyroar
|
|upkeep
|
|t:|1784923483
|switch|p1b: Ninetales|Ninetales, L50, M, shiny|100/100
|-weather|SunnyDay|[from] ability: Drought|[of] p1b: Ninetales
|turn|7
|
|t:|1784923500
|move|p1a: Kingambit|Sucker Punch|p2a: Gardevoir
|-damage|p2a: Gardevoir|0 fnt
|faint|p2a: Gardevoir
|move|p1b: Ninetales|Overheat|p2b: Dragonite
|-resisted|p2b: Dragonite|1
|-damage|p2b: Dragonite|9/100
|-unboost|p1b: Ninetales|spa|2
|move|p2b: Dragonite|Stomping Tantrum|p1b: Ninetales
|-supereffective|p1b: Ninetales|1
|-damage|p1b: Ninetales|0 fnt
|faint|p1b: Ninetales
|
|-weather|SunnyDay|[upkeep]
|upkeep
|turn|8
|
|t:|1784923519
|move|p2b: Dragonite|Extreme Speed|p1a: Kingambit
|-resisted|p1a: Kingambit|1
|-damage|p1a: Kingambit|42/100
|move|p1a: Kingambit|Sucker Punch||[still]
|-fail|p1a: Kingambit
|
|-weather|SunnyDay|[upkeep]
|upkeep
|turn|9
|
|t:|1784923527
|move|p1a: Kingambit|Protect|p1a: Kingambit
|-singleturn|p1a: Kingambit|Protect
|move|p2b: Dragonite|Extreme Speed|p1a: Kingambit
|-activate|p1a: Kingambit|move: Protect
|
|-weather|SunnyDay|[upkeep]
|upkeep
|turn|10
|
|t:|1784923538
|move|p2b: Dragonite|Stomping Tantrum|p1a: Kingambit
|-supereffective|p1a: Kingambit|1
|-damage|p1a: Kingambit|0 fnt
|faint|p1a: Kingambit
|
|win|redjaguar
||iamflorete is ready for game 2.
|inactive|redjaguar has 30 seconds to confirm battle start!
|inactive|redjaguar has 20 seconds to confirm battle start!
||redjaguar is ready for game 2.
|uhtml|next|Next: Game 2 of 3
