|j|☆V0R1nKl3x
|j|☆Wanouvgc
|html|V0R1nKl3xWanouvgc    
|uhtml|bestof|Game 1 of a best-of-3
|t:|1756927138
|gametype|doubles
|player|p1|V0R1nKl3x|1|1000
|player|p2|Wanouvgc|riley|1000
|gen|9
|tier|[Gen 9] VGC 2025 Reg H (Bo3)
|rated|
|rule|Species Clause: Limit one of each Pokémon
|rule|Item Clause: Limit 1 of each item
|clearpoke
|poke|p1|Archaludon, L50, M|
|poke|p1|Dragonite, L50, F|
|poke|p1|Pelipper, L50, M|
|poke|p1|Ursaluna, L50, M|
|poke|p1|Sinistcha, L50|
|poke|p1|Gholdengo, L50|
|poke|p2|Incineroar, L50, M|
|poke|p2|Gholdengo, L50|
|poke|p2|Amoonguss, L50, F|
|poke|p2|Hydreigon, L50, F|
|poke|p2|Porygon2, L50|
|poke|p2|Ursaluna, L50, M|
|teampreview|4
|showteam|p1|Archaludon||AssaultVest|Stamina|FlashCannon,BodyPress,ElectroShot,Snarl|||M|||50|,,,,,Fighting]Dragonite||LoadedDice|Multiscale|ScaleShot,Tailwind,Haze,Protect|||F|||50|,,,,,Fairy]Pelipper||FocusSash|Drizzle|MuddyWater,Hurricane,Tailwind,Protect|||M|||50|,,,,,Ghost]Ursaluna||FlameOrb|Guts|Facade,HeadlongRush,Earthquake,Protect|||M|||50|,,,,,Ghost]Sinistcha||SitrusBerry|Hospitality|MatchaGotcha,LifeDew,RagePowder,TrickRoom||||||50|,,,,,Dark]Gholdengo||ChoiceScarf|GoodasGold|MakeItRain,ShadowBall,Trick,Protect||||||50|,,,,,Flying
|showteam|p2|Incineroar||SitrusBerry|Intimidate|KnockOff,FakeOut,FlareBlitz,PartingShot|||M|||50|,,,,,Ghost]Gholdengo||MetalCoat|GoodasGold|Protect,NastyPlot,MakeItRain,ShadowBall||||||50|,,,,,Water]Amoonguss||RockyHelmet|Regenerator|Spore,RagePowder,PollenPuff,Protect|||F|||50|,,,,,Fairy]Hydreigon||SafetyGoggles|Levitate|DracoMeteor,Snarl,Tailwind,Protect|||F|||50|,,,,,Ghost]Porygon2||Eviolite|Download|Recover,IceBeam,TeraBlast,TrickRoom||||||50|,,,,,Fighting]Ursaluna||FlameOrb|Guts|Earthquake,Facade,HeadlongRush,Protect|||M|||50|,,,,,Ghost
|
|t:|1756927196
|teamsize|p1|4
|teamsize|p2|4
|start
|switch|p1a: Archaludon|Archaludon, L50, M|100/100
|switch|p1b: Dragonite|Dragonite, L50, F|100/100
|switch|p2a: Incineroar|Incineroar, L50, M|100/100
|switch|p2b: Hydreigon|Hydreigon, L50, F|100/100
|-ability|p2a: Incineroar|Intimidate|boost
|-unboost|p1a: Archaludon|atk|1
|-unboost|p1b: Dragonite|atk|1
|turn|1
|
|t:|1756927226
|move|p2a: Incineroar|Fake Out|p1b: Dragonite
|-damage|p1b: Dragonite|95/100
|move|p2b: Hydreigon|Tailwind|p2b: Hydreigon
|-sidestart|p2: Wanouvgc|move: Tailwind
|cant|p1b: Dragonite|flinch
|move|p1a: Archaludon|Body Press|p2a: Incineroar
|-supereffective|p2a: Incineroar
|-crit|p2a: Incineroar
|-damage|p2a: Incineroar|27/100
|-enditem|p2a: Incineroar|Sitrus Berry|[eat]
|-heal|p2a: Incineroar|52/100|[from] item: Sitrus Berry
|
|upkeep
|turn|2
|
|t:|1756927248
|move|p2b: Hydreigon|Draco Meteor|p1b: Dragonite
|-supereffective|p1b: Dragonite
|-damage|p1b: Dragonite|0 fnt
|-unboost|p2b: Hydreigon|spa|2
|faint|p1b: Dragonite
|move|p2a: Incineroar|Parting Shot|p1a: Archaludon
|-unboost|p1a: Archaludon|atk|1
|-unboost|p1a: Archaludon|spa|1
|
|t:|1756927261
|switch|p2a: Amoonguss|Amoonguss, L50, F|100/100|[from] Parting Shot
|move|p1a: Archaludon|Body Press|p2b: Hydreigon
|-supereffective|p2b: Hydreigon
|-crit|p2b: Hydreigon
|-damage|p2b: Hydreigon|14/100
|
|upkeep
|inactive|Battle timer is ON: inactive players will automatically lose when time's up. (requested by Wanouvgc)
|inactive|V0R1nKl3x has 60 seconds left.
|inactive|V0R1nKl3x has 30 seconds left.
|inactive|V0R1nKl3x has 20 seconds left.
|inactive|V0R1nKl3x has 15 seconds left.
|inactive|V0R1nKl3x has 10 seconds left.
|inactive|V0R1nKl3x has 5 seconds left.
|
|t:|1756927464
|switch|p1b: Sinistcha|Sinistcha, L50|100/100
|turn|3
|inactive|V0R1nKl3x has 30 seconds left.
|inactive|V0R1nKl3x has 20 seconds left.
|inactive|V0R1nKl3x has 15 seconds left.
|inactive|V0R1nKl3x has 10 seconds left.
|inactive|V0R1nKl3x has 5 seconds left.
|
|t:|1756927519
|switch|p2b: Incineroar|Incineroar, L50, M|52/100
|-ability|p2b: Incineroar|Intimidate|boost
|-unboost|p1a: Archaludon|atk|1
|-unboost|p1b: Sinistcha|atk|1
|move|p1a: Archaludon|Flash Cannon|p2a: Amoonguss
|-damage|p2a: Amoonguss|82/100
|move|p2a: Amoonguss|Spore|p1a: Archaludon
|-status|p1a: Archaludon|slp|[from] move: Spore
|move|p1b: Sinistcha|Matcha Gotcha|p2b: Incineroar|[spread] p2b
|-miss|p1b: Sinistcha|p2a: Amoonguss
|-resisted|p2b: Incineroar
|-damage|p2b: Incineroar|42/100
|
|upkeep
|turn|4
|inactive|V0R1nKl3x has 30 seconds left.
|inactive|Wanouvgc has 30 seconds left.
|inactive|V0R1nKl3x has 20 seconds left.
|inactive|V0R1nKl3x has 15 seconds left.
|inactive|V0R1nKl3x has 10 seconds left.
|inactive|V0R1nKl3x has 5 seconds left.
|
|t:|1756927574
|move|p2b: Incineroar|Knock Off|p1b: Sinistcha
|-supereffective|p1b: Sinistcha
|-damage|p1b: Sinistcha|20/100
|-enditem|p1b: Sinistcha|Sitrus Berry|[from] move: Knock Off|[of] p2b: Incineroar
|cant|p1a: Archaludon|slp
|move|p2a: Amoonguss|Pollen Puff|p2b: Incineroar
|-heal|p2b: Incineroar|92/100
|move|p1b: Sinistcha|Matcha Gotcha|p2b: Incineroar|[spread] p2a,p2b
|-resisted|p2a: Amoonguss
|-resisted|p2b: Incineroar
|-damage|p2a: Amoonguss|78/100
|-heal|p1b: Sinistcha|22/100|[from] drain|[of] p2a: Amoonguss
|-damage|p2b: Incineroar|80/100
|-heal|p1b: Sinistcha|29/100|[from] drain|[of] p2b: Incineroar
|
|-sideend|p2: Wanouvgc|move: Tailwind
|upkeep
|turn|5
|inactive|V0R1nKl3x has 30 seconds left.
|inactive|Wanouvgc has 30 seconds left.
|inactive|V0R1nKl3x has 20 seconds left.
|inactive|V0R1nKl3x has 15 seconds left.
|inactive|V0R1nKl3x has 10 seconds left.
|inactive|V0R1nKl3x has 5 seconds left.
|
|t:|1756927629
|move|p2b: Incineroar|Flare Blitz|p1a: Archaludon
|-damage|p1a: Archaludon|66/100 slp
|-ability|p1a: Archaludon|Stamina|boost
|-boost|p1a: Archaludon|def|1
|-damage|p2b: Incineroar|69/100|[from] Recoil
|cant|p1a: Archaludon|slp
|move|p1b: Sinistcha|Matcha Gotcha|p2b: Incineroar|[spread] p2a,p2b
|-resisted|p2a: Amoonguss
|-resisted|p2b: Incineroar
|-damage|p2a: Amoonguss|73/100
|-heal|p1b: Sinistcha|32/100|[from] drain|[of] p2a: Amoonguss
|-damage|p2b: Incineroar|57/100
|-heal|p1b: Sinistcha|39/100|[from] drain|[of] p2b: Incineroar
|move|p2a: Amoonguss|Pollen Puff|p1b: Sinistcha
|-damage|p1b: Sinistcha|24/100
|
|upkeep
|turn|6
|inactive|V0R1nKl3x has 30 seconds left.
|inactive|V0R1nKl3x has 20 seconds left.
|inactive|V0R1nKl3x has 15 seconds left.
|inactive|V0R1nKl3x has 10 seconds left.
|inactive|V0R1nKl3x has 5 seconds left.
|
|t:|1756927684
|move|p2a: Amoonguss|Protect|p2a: Amoonguss
|-singleturn|p2a: Amoonguss|Protect
|move|p2b: Incineroar|Parting Shot|p1b: Sinistcha
|-unboost|p1b: Sinistcha|atk|1
|-unboost|p1b: Sinistcha|spa|1
|
|t:|1756927691
|switch|p2b: Porygon2|Porygon2, L50|100/100|[from] Parting Shot
|-ability|p2b: Porygon2|Download|boost
|-boost|p2b: Porygon2|spa|1
|-curestatus|p1a: Archaludon|slp|[msg]
|move|p1a: Archaludon|Flash Cannon|p2a: Amoonguss
|-activate|p2a: Amoonguss|move: Protect
|move|p1b: Sinistcha|Matcha Gotcha|p2b: Porygon2|[spread] p2b
|-activate|p2a: Amoonguss|move: Protect
|-damage|p2b: Porygon2|90/100
|-heal|p1b: Sinistcha|30/100|[from] drain|[of] p2b: Porygon2
|
|upkeep
|turn|7
|inactive|V0R1nKl3x has 30 seconds left.
|inactive|V0R1nKl3x has 20 seconds left.
|inactive|V0R1nKl3x has 15 seconds left.
|inactive|V0R1nKl3x has 10 seconds left.
|inactive|V0R1nKl3x has 5 seconds left.
|
|t:|1756927746
|-terastallize|p2b: Porygon2|Fighting
|move|p1a: Archaludon|Flash Cannon|p2b: Porygon2
|-damage|p2b: Porygon2|77/100
|move|p2b: Porygon2|Tera Blast|p1a: Archaludon|[anim] Tera Blast Fighting
|-supereffective|p1a: Archaludon
|-damage|p1a: Archaludon|0 fnt
|faint|p1a: Archaludon
|move|p1b: Sinistcha|Matcha Gotcha|p2a: Amoonguss|[spread] p2a,p2b
|-resisted|p2a: Amoonguss
|-damage|p2a: Amoonguss|70/100
|-heal|p1b: Sinistcha|31/100|[from] drain|[of] p2a: Amoonguss
|-damage|p2b: Porygon2|66/100
|-heal|p1b: Sinistcha|38/100|[from] drain|[of] p2b: Porygon2
|move|p2a: Amoonguss|Spore|p1b: Sinistcha
|-immune|p1b: Sinistcha
|
|upkeep
|inactive|V0R1nKl3x has 30 seconds left.
|inactive|V0R1nKl3x has 20 seconds left.
|inactive|V0R1nKl3x has 15 seconds left.
|inactive|V0R1nKl3x has 10 seconds left.
|inactive|V0R1nKl3x has 5 seconds left.
|
|t:|1756927802
|switch|p1a: Pelipper|Pelipper, L50, M|100/100
|-weather|RainDance|[from] ability: Drizzle|[of] p1a: Pelipper
|turn|8
|inactive|V0R1nKl3x has 30 seconds left.
|inactive|Wanouvgc has 30 seconds left.
|inactive|V0R1nKl3x has 20 seconds left.
|inactive|V0R1nKl3x has 15 seconds left.
|inactive|V0R1nKl3x has 10 seconds left.
|inactive|V0R1nKl3x has 5 seconds left.
|
|t:|1756927857
|switch|p2a: Incineroar|Incineroar, L50, M|57/100
|-ability|p2a: Incineroar|Intimidate|boost
|-unboost|p1a: Pelipper|atk|1
|-unboost|p1b: Sinistcha|atk|1
|move|p1a: Pelipper|Muddy Water|p2a: Incineroar|[spread] p2a,p2b
|-supereffective|p2a: Incineroar
|-damage|p2a: Incineroar|0 fnt
|-damage|p2b: Porygon2|34/100
|faint|p2a: Incineroar
|move|p2b: Porygon2|Ice Beam|p1b: Sinistcha
|-supereffective|p1b: Sinistcha
|-damage|p1b: Sinistcha|0 fnt
|faint|p1b: Sinistcha
|
|-weather|RainDance|[upkeep]
|upkeep
|
|t:|1756927870
|switch|p2a: Hydreigon|Hydreigon, L50, F|14/100
|turn|9
|inactive|V0R1nKl3x has 30 seconds left.
|inactive|V0R1nKl3x has 20 seconds left.
|inactive|V0R1nKl3x has 15 seconds left.
|inactive|V0R1nKl3x has 10 seconds left.
|inactive|V0R1nKl3x has 5 seconds left.
|-message|V0R1nKl3x lost due to inactivity.
|
|win|Wanouvgc
||Wanouvgc is ready for game 2.
|inactive|V0R1nKl3x has 30 seconds to confirm battle start!
|inactive|V0R1nKl3x has 20 seconds to confirm battle start!
|inactive|V0R1nKl3x has 10 seconds to confirm battle start!
|uhtml|next|Next: Game 2 of 3
