|j|☆clem 2
|j|☆arcacagne
|html|clem 2arcacagne    
|uhtml|bestof|Game 1 of a best-of-3
|t:|1783076978
|gametype|doubles
|player|p1|clem 2|gentleman-gen4dp|1215
|player|p2|arcacagne|artist|1281
|gen|9
|tier|[Gen 9 Champions] VGC 2026 Reg M-B (Bo3)
|rated|
|rule|Species Clause: Limit one of each Pokémon
|rule|Item Clause: Limit 1 of each item
|clearpoke
|poke|p1|Froslass, L50, F|
|poke|p1|Whimsicott, L50, M|
|poke|p1|Glimmora, L50, M|
|poke|p1|Garchomp, L50, F|
|poke|p1|Gyarados, L50, F|
|poke|p1|Kingambit, L50, F|
|poke|p2|Delphox, L50, F|
|poke|p2|Incineroar, L50, M|
|poke|p2|Blastoise, L50, M|
|poke|p2|Sneasler, L50, M|
|poke|p2|Maushold-Four, L50|
|poke|p2|Sinistcha, L50|
|teampreview|4
|showteam|p1|Froslass||Froslassite|CursedBody|Protect,AuroraVeil,Blizzard,ShadowBall|Timid||F|||50|]Whimsicott||FairyFeather|Prankster|Protect,Tailwind,Encore,Moonblast|Bold||M|||50|]Glimmora||FocusSash|ToxicDebris|SpikyShield,PowerGem,SludgeBomb,EarthPower|Modest||M|||50|]Garchomp||LifeOrb|RoughSkin|Protect,DragonClaw,StompingTantrum,RockSlide|Adamant||F|||50|]Gyarados||SitrusBerry|Intimidate|Protect,Waterfall,PowerWhip,DragonDance|Adamant||F|||50|]Kingambit||BlackGlasses|Defiant|Protect,SwordsDance,KowtowCleave,SuckerPunch|Adamant||F|||50|
|showteam|p2|Delphox||Delphoxite|Blaze|HeatWave,Psyshock,NastyPlot,Protect|Timid||F|||50|]Incineroar||PasshoBerry|Intimidate|FlareBlitz,ThroatChop,PartingShot,FakeOut|Careful||M|||50|]Blastoise||Blastoisinite|Torrent|WaterSpout,DarkPulse,ShellSmash,Protect|Modest||M|||50|]Sneasler||FocusSash|Unburden|FakeOut,CloseCombat,DireClaw,Protect|Jolly||M|||50|]Maushold-Four||ChopleBerry|FriendGuard|HelpingHand,Feint,FollowMe,Protect|Impish|||||50|]Sinistcha||KasibBerry|Hospitality|MatchaGotcha,RagePowder,LifeDew,Protect|Bold|||||50|
|
|t:|1783077022
|teamsize|p1|4
|teamsize|p2|4
|start
|switch|p1a: Whimsicott|Whimsicott, L50, M|100/100
|switch|p1b: Kingambit|Kingambit, L50, F|100/100
|switch|p2a: Delphox|Delphox, L50, F|100/100
|switch|p2b: Maushold|Maushold-Four, L50|100/100
|turn|1
|inactive|Battle timer is ON: inactive players will automatically lose when time's up. (requested by arcacagne)
|
|t:|1783077062
|detailschange|p2a: Delphox|Delphox-Mega, L50, F
|-mega|p2a: Delphox|Delphox|Delphoxite
|move|p2b: Maushold|Helping Hand|p2a: Delphox
|-singleturn|p2a: Delphox|Helping Hand|[of] p2b: Maushold
|move|p2a: Delphox|Heat Wave|p1b: Kingambit|[spread] p1a,p1b
|-supereffective|p1a: Whimsicott|1
|-supereffective|p1b: Kingambit|1
|-damage|p1a: Whimsicott|0 fnt
|-damage|p1b: Kingambit|0 fnt
|faint|p1a: Whimsicott
|faint|p1b: Kingambit
|
|upkeep
|
|t:|1783077069
|switch|p1a: Glimmora|Glimmora, L50, M|100/100
|switch|p1b: Garchomp|Garchomp, L50, F|100/100
|turn|2
|
|t:|1783077079
|move|p2b: Maushold|Feint|p1a: Glimmora
|-resisted|p1a: Glimmora|1
|-damage|p1a: Glimmora|95/100
|-activate|p1a: Glimmora|ability: Toxic Debris
|-sidestart|p2: arcacagne|move: Toxic Spikes
|move|p2a: Delphox|Psyshock|p1a: Glimmora
|-supereffective|p1a: Glimmora|1
|-damage|p1a: Glimmora|0 fnt
|faint|p1a: Glimmora
|move|p1b: Garchomp|Rock Slide|p2a: Delphox|[spread] p2a,p2b
|-supereffective|p2a: Delphox|1
|-damage|p2a: Delphox|49/100
|-damage|p2b: Maushold|71/100
|-damage|p1b: Garchomp|90/100|[from] item: Life Orb
|
|upkeep
|turn|3
|
|t:|1783077086
|switch|p2b: Incineroar|Incineroar, L50, M|100/100
|-status|p2b: Incineroar|psn
|-ability|p2b: Incineroar|Intimidate|boost
|-unboost|p1b: Garchomp|atk|1
|move|p2a: Delphox|Protect|p2a: Delphox
|-singleturn|p2a: Delphox|Protect
|move|p1b: Garchomp|Rock Slide|p2b: Incineroar|[spread] p2b
|-activate|p2a: Delphox|move: Protect
|-supereffective|p2b: Incineroar|1
|-crit|p2b: Incineroar
|-damage|p2b: Incineroar|22/100 psn
|-damage|p1b: Garchomp|80/100|[from] item: Life Orb
|
|-damage|p2b: Incineroar|10/100 psn|[from] psn
|upkeep
|turn|4
|
|t:|1783077091
|move|p2b: Incineroar|Fake Out|p1b: Garchomp
|-damage|p1b: Garchomp|71/100
|-damage|p2b: Incineroar|0 fnt|[from] ability: Rough Skin|[of] p1b: Garchomp
|faint|p2b: Incineroar
|move|p2a: Delphox|Nasty Plot|p2a: Delphox
|-boost|p2a: Delphox|spa|2
|cant|p1b: Garchomp|flinch
|
|upkeep
|
|t:|1783077106
|switch|p2b: Sinistcha|Sinistcha, L50|100/100
|-status|p2b: Sinistcha|psn
|-heal|p2a: Delphox|73/100|[from] ability: Hospitality|[of] p2b: Sinistcha
|turn|5
|
|t:|1783077110
|switch|p2b: Maushold|Maushold-Four, L50|71/100
|-status|p2b: Maushold|psn
|move|p2a: Delphox|Psyshock|p1b: Garchomp
|-damage|p1b: Garchomp|0 fnt
|faint|p1b: Garchomp
|
|win|arcacagne
||clem 2 is ready for game 2.
||arcacagne is ready for game 2.
|uhtml|next|Next: Game 2 of 3
|l|☆clem 2
|player|p1|
