|j|☆namboyVGC
|j|☆ineverfinishedOR
|html|namboyVGCineverfinishedOR    
|uhtml|bestof|Game 1 of a best-of-3
|t:|1756412324
|gametype|doubles
|player|p1|namboyVGC|pokemonranger-gen4|
|player|p2|ineverfinishedOR|2|
|gen|9
|tier|[Gen 9] VGC 2025 Reg H (Bo3)
|rule|Species Clause: Limit one of each Pokémon
|rule|Item Clause: Limit 1 of each item
|clearpoke
|poke|p1|Sneasler, L50, F|
|poke|p1|Indeedee, L50, M|
|poke|p1|Annihilape, L50, M|
|poke|p1|Tyranitar, L50, M|
|poke|p1|Excadrill, L50, M|
|poke|p1|Hydreigon, L50, F|
|poke|p2|Indeedee-F, L50, F|
|poke|p2|Delphox, L50, M|
|poke|p2|Sneasler, L50, M|
|poke|p2|Incineroar, L50, F|
|poke|p2|Murkrow, L50, F|
|poke|p2|Maushold, L50|
|teampreview|4
|showteam|p1|Sneasler||PsychicSeed|Unburden|CloseCombat,DireClaw,ThroatChop,Protect|||F|||50|,,,,,Dark]Indeedee||ChoiceScarf|PsychicSurge|ExpandingForce,TeraBlast,Trick,DazzlingGleam|||M|||50|,,,,,Fire]Annihilape||SafetyGoggles|Defiant|CloseCombat,RageFist,Taunt,FinalGambit|||M|||50|,,,,,Water]Tyranitar||AssaultVest|SandStream|RockSlide,KnockOff,TeraBlast,LowKick|||M|||50|,,,,,Flying]Excadrill||FocusSash|SandRush|HighHorsepower,Earthquake,IronHead,Protect|||M|||50|,,,,,Stellar]Hydreigon||CovertCloak|Levitate|Snarl,DracoMeteor,Tailwind,Roar|||F|||50|,,,,,Ghost
|showteam|p2|Indeedee-F||RockyHelmet|PsychicSurge|FollowMe,HelpingHand,Imprison,TrickRoom|||F|||50|,,,,,Fairy]Delphox||LifeOrb|Blaze|Protect,NastyPlot,HeatWave,ExpandingForce|||M|||50|,,,,,Psychic]Sneasler||PsychicSeed|Unburden|Protect,CloseCombat,DireClaw,ThroatChop|||M|||50|,,,,,Dark]Incineroar||SafetyGoggles|Intimidate|FakeOut,WillOWisp,KnockOff,PartingShot|||F|||50|,,,,,Ghost]Murkrow||Eviolite|Prankster|FoulPlay,SunnyDay,Haze,Tailwind|||F|||50|,,,,,Ghost]Maushold||WideLens|Technician|Protect,PopulationBomb,Encore,Taunt||||||50|,,,,,Normal
|inactive|Battle timer is ON: inactive players will automatically lose when time's up. (requested by namboyVGC)
|c|☆ineverfinishedOR|gl hf
|c|☆namboyVGC|glhf!
|c|☆ineverfinishedOR|sadge
|inactive|namboyVGC has 60 seconds left.
|inactive|ineverfinishedOR has 60 seconds left.
|c|☆namboyVGC|Jep
|inactive|ineverfinishedOR has 30 seconds left.
|inactive|ineverfinishedOR has 20 seconds left.
|inactive|ineverfinishedOR has 15 seconds left.
|inactive|ineverfinishedOR has 10 seconds left.
|
|t:|1756412405
|teamsize|p1|4
|teamsize|p2|4
|start
|switch|p1a: Tyranitar|Tyranitar, L50, M|100/100
|switch|p1b: Excadrill|Excadrill, L50, M|100/100
|switch|p2a: Murkrow|Murkrow, L50, F|100/100
|switch|p2b: Sneasler|Sneasler, L50, M|100/100
|-weather|Sandstorm|[from] ability: Sand Stream|[of] p1a: Tyranitar
|turn|1
|
|t:|1756412427
|-terastallize|p1a: Tyranitar|Flying
|move|p2b: Sneasler|Protect|p2b: Sneasler
|-singleturn|p2b: Sneasler|Protect
|move|p2a: Murkrow|Tailwind|p2a: Murkrow
|-sidestart|p2: ineverfinishedOR|move: Tailwind
|move|p1b: Excadrill|High Horsepower|p2b: Sneasler
|-activate|p2b: Sneasler|move: Protect
|move|p1a: Tyranitar|Rock Slide|p2a: Murkrow|[spread] p2a
|-activate|p2b: Sneasler|move: Protect
|-supereffective|p2a: Murkrow
|-damage|p2a: Murkrow|29/100
|
|-weather|Sandstorm|[upkeep]
|-damage|p2b: Sneasler|95/100|[from] Sandstorm
|-damage|p2a: Murkrow|23/100|[from] Sandstorm
|-damage|p1a: Tyranitar|95/100|[from] Sandstorm
|upkeep
|turn|2
|inactive|ineverfinishedOR has 30 seconds left.
|inactive|ineverfinishedOR has 20 seconds left.
|inactive|ineverfinishedOR has 15 seconds left.
|inactive|ineverfinishedOR has 10 seconds left.
|
|t:|1756412472
|move|p1b: Excadrill|Protect|p1b: Excadrill
|-singleturn|p1b: Excadrill|Protect
|move|p2b: Sneasler|Close Combat|p1b: Excadrill
|-activate|p1b: Excadrill|move: Protect
|move|p2a: Murkrow|Foul Play|p1b: Excadrill
|-activate|p1b: Excadrill|move: Protect
|move|p1a: Tyranitar|Tera Blast|p2b: Sneasler|[anim] Tera Blast Flying
|-supereffective|p2b: Sneasler
|-damage|p2b: Sneasler|0 fnt
|faint|p2b: Sneasler
|
|-weather|Sandstorm|[upkeep]
|-damage|p2a: Murkrow|17/100|[from] Sandstorm
|-damage|p1a: Tyranitar|89/100|[from] Sandstorm
|upkeep
|
|t:|1756412475
|switch|p2b: Maushold|Maushold, L50|100/100
|turn|3
|
|t:|1756412498
|switch|p2a: Delphox|Delphox, L50, M|100/100
|switch|p1a: Indeedee|Indeedee, L50, M|100/100
|-fieldstart|move: Psychic Terrain|[from] ability: Psychic Surge|[of] p1a: Indeedee
|move|p2b: Maushold|Population Bomb|p1a: Indeedee
|-damage|p1a: Indeedee|78/100
|-damage|p1a: Indeedee|56/100
|-damage|p1a: Indeedee|29/100
|-damage|p1a: Indeedee|6/100
|-damage|p1a: Indeedee|0 fnt
|faint|p1a: Indeedee
|-hitcount|p1: Indeedee|5
|move|p1b: Excadrill|Iron Head|p2a: Delphox
|-resisted|p2a: Delphox
|-damage|p2a: Delphox|64/100
|
|-weather|Sandstorm|[upkeep]
|-damage|p2b: Maushold|94/100|[from] Sandstorm
|-damage|p2a: Delphox|58/100|[from] Sandstorm
|upkeep
|
|t:|1756412522
|switch|p1a: Sneasler|Sneasler, L50, F|100/100
|-enditem|p1a: Sneasler|Psychic Seed
|-boost|p1a: Sneasler|spd|1|[from] item: Psychic Seed
|turn|4
|inactive|ineverfinishedOR has 30 seconds left.
|inactive|ineverfinishedOR has 20 seconds left.
|
|t:|1756412558
|switch|p2a: Murkrow|Murkrow, L50, F|17/100
|move|p1a: Sneasler|Protect|p1a: Sneasler
|-singleturn|p1a: Sneasler|Protect
|move|p1b: Excadrill|Protect|p1b: Excadrill
|-singleturn|p1b: Excadrill|Protect
|move|p2b: Maushold|Population Bomb|p1a: Sneasler
|-activate|p1a: Sneasler|move: Protect
|
|-weather|Sandstorm|[upkeep]
|-damage|p2b: Maushold|88/100|[from] Sandstorm
|-damage|p1a: Sneasler|95/100|[from] Sandstorm
|-damage|p2a: Murkrow|11/100|[from] Sandstorm
|-sideend|p2: ineverfinishedOR|move: Tailwind
|upkeep
|turn|5
|inactive|namboyVGC has 30 seconds left.
|
|t:|1756412590
|move|p2a: Murkrow|Tailwind|p2a: Murkrow
|-sidestart|p2: ineverfinishedOR|move: Tailwind
|move|p2b: Maushold|Population Bomb|p1a: Sneasler
|-damage|p1a: Sneasler|75/100
|-damage|p1a: Sneasler|56/100
|-damage|p1a: Sneasler|38/100
|-damage|p1a: Sneasler|20/100
|-damage|p1a: Sneasler|2/100
|-damage|p1a: Sneasler|0 fnt
|faint|p1a: Sneasler
|-hitcount|p1: Sneasler|6
|move|p1b: Excadrill|High Horsepower|p2b: Maushold
|-damage|p2b: Maushold|2/100
|
|-weather|none
|upkeep
|
|t:|1756412607
|switch|p1a: Tyranitar|Tyranitar, L50, M, tera:Flying|89/100
|-weather|Sandstorm|[from] ability: Sand Stream|[of] p1a: Tyranitar
|turn|6
|
|t:|1756412617
|move|p2b: Maushold|Protect|p2b: Maushold
|-singleturn|p2b: Maushold|Protect
|move|p1b: Excadrill|Protect|p1b: Excadrill
|-singleturn|p1b: Excadrill|Protect
|move|p2a: Murkrow|Sunny Day|p2a: Murkrow
|-weather|SunnyDay
|move|p1a: Tyranitar|Rock Slide|p2b: Maushold|[spread] p2a
|-activate|p2b: Maushold|move: Protect
|-supereffective|p2a: Murkrow
|-damage|p2a: Murkrow|0 fnt
|faint|p2a: Murkrow
|
|-weather|SunnyDay|[upkeep]
|upkeep
|
|t:|1756412623
|switch|p2a: Delphox|Delphox, L50, M|58/100
|turn|7
|inactive|ineverfinishedOR has 30 seconds left.
|inactive|ineverfinishedOR has 20 seconds left.
|inactive|ineverfinishedOR has 15 seconds left.
|inactive|ineverfinishedOR has 10 seconds left.
|inactive|ineverfinishedOR has 5 seconds left.
|
|t:|1756412676
|move|p2b: Maushold|Population Bomb|p1a: Tyranitar
|-damage|p1a: Tyranitar|79/100
|-hitcount|p1a: Tyranitar|1
|move|p2a: Delphox|Heat Wave|p1b: Excadrill|[spread] p1a,p1b
|-supereffective|p1b: Excadrill
|-damage|p1a: Tyranitar|33/100
|-enditem|p1b: Excadrill|Focus Sash
|-damage|p1b: Excadrill|1/100
|-status|p1b: Excadrill|brn
|-damage|p2a: Delphox|48/100|[from] item: Life Orb
|move|p1b: Excadrill|Earthquake|p2a: Delphox|[spread] p2a,p2b
|-immune|p1a: Tyranitar
|-supereffective|p2a: Delphox
|-damage|p2a: Delphox|0 fnt
|-damage|p2b: Maushold|0 fnt
|faint|p2a: Delphox
|faint|p2b: Maushold
|
|win|namboyVGC
||ineverfinishedOR is ready for game 2.
|inactive|namboyVGC has 30 seconds to confirm battle start!
||namboyVGC is ready for game 2.
|uhtml|next|Next: Game 2 of 3
