|j|☆dambro222
|j|☆Hactor-gv128
|html|dambro222Hactor-gv128    
|uhtml|bestof|Game 2 of a best-of-3
|t:|1756230763
|gametype|doubles
|player|p1|dambro222|ethan|1058
|player|p2|Hactor-gv128|1|1000
|gen|9
|tier|[Gen 9] VGC 2025 Reg H (Bo3)
|rated|
|rule|Species Clause: Limit one of each Pokémon
|rule|Item Clause: Limit 1 of each item
|clearpoke
|poke|p1|Dragonite, L50, M|
|poke|p1|Volcarona, L50, F|
|poke|p1|Sneasler, L50, M|
|poke|p1|Rillaboom, L50, M|
|poke|p1|Electabuzz, L50, M|
|poke|p1|Kingambit, L50, M|
|poke|p2|Whimsicott, L50, F|
|poke|p2|Kingambit, L50, M|
|poke|p2|Ursaluna-Bloodmoon, L50, M|
|poke|p2|Electabuzz, L50, F|
|poke|p2|Basculegion, L50, M|
|poke|p2|Sneasler, L50, M|
|teampreview|4
|showteam|p1|Dragonite||LoadedDice|Multiscale|ScaleShot,ExtremeSpeed,Haze,Protect|||M|||50|,,,,,Fairy]Volcarona||CovertCloak|FlameBody|HeatWave,TeraBlast,QuiverDance,Protect|||F|||50|,,,,,Fairy]Sneasler||FocusSash|Unburden|CloseCombat,DireClaw,Coaching,Protect|||M|||50|,,,,,Stellar]Rillaboom||AssaultVest|GrassySurge|WoodHammer,GrassyGlide,HighHorsepower,FakeOut|||M|||50|,,,,,Water]Electabuzz||Eviolite|VitalSpirit|Electroweb,FollowMe,Taunt,Protect|||M|||50|,,,,,Ghost]Kingambit||BlackGlasses|Defiant|KowtowCleave,SuckerPunch,SwordsDance,Protect|||M|||50|,,,,,Dark
|showteam|p2|Whimsicott||CovertCloak|Prankster|Tailwind,Encore,Moonblast,LightScreen|||F|||50|,,,,,Water]Kingambit||BlackGlasses|Defiant|KowtowCleave,SuckerPunch,SwordsDance,Protect|||M|||50|,,,,,Dark]Ursaluna-Bloodmoon||LifeOrb|MindsEye|HyperVoice,EarthPower,BloodMoon,Protect|||M|||50|,,,,,Normal]Electabuzz||Eviolite|VitalSpirit|Electroweb,Taunt,FollowMe,Protect|||F|||50|,,,,,Dragon]Basculegion||ChoiceBand|Adaptability|WaveCrash,LastRespects,HeadSmash,AquaJet|||M|||50|,,,,,Water]Sneasler||FocusSash|Unburden|Coaching,DireClaw,CloseCombat,Protect|||M|||50|,,,,,Dark
|inactive|Battle timer is ON: inactive players will automatically lose when time's up. (requested by dambro222)
|inactive|dambro222 has 60 seconds left.
|
|t:|1756230794
|teamsize|p1|4
|teamsize|p2|4
|start
|switch|p1a: Volcarona|Volcarona, L50, F|100/100
|switch|p1b: Rillaboom|Rillaboom, L50, M|100/100
|switch|p2a: Whimsicott|Whimsicott, L50, F|100/100
|switch|p2b: Ursaluna|Ursaluna-Bloodmoon, L50, M|100/100
|-fieldstart|move: Grassy Terrain|[from] ability: Grassy Surge|[of] p1b: Rillaboom
|turn|1
|
|t:|1756230813
|move|p2b: Ursaluna|Protect|p2b: Ursaluna
|-singleturn|p2b: Ursaluna|Protect
|move|p1b: Rillaboom|Fake Out|p2b: Ursaluna
|-activate|p2b: Ursaluna|move: Protect
|move|p2a: Whimsicott|Tailwind|p2a: Whimsicott
|-sidestart|p2: Hactor-gv128|move: Tailwind
|move|p1a: Volcarona|Quiver Dance|p1a: Volcarona
|-boost|p1a: Volcarona|spa|1
|-boost|p1a: Volcarona|spd|1
|-boost|p1a: Volcarona|spe|1
|
|upkeep
|turn|2
|
|t:|1756230832
|switch|p1b: Electabuzz|Electabuzz, L50, M|100/100
|-terastallize|p2b: Ursaluna|Normal
|move|p1a: Volcarona|Protect|p1a: Volcarona
|-singleturn|p1a: Volcarona|Protect
|move|p2a: Whimsicott|Encore|p1a: Volcarona
|-activate|p1a: Volcarona|move: Protect
|move|p2b: Ursaluna|Blood Moon|p1b: Electabuzz
|-damage|p1b: Electabuzz|2/100
|-damage|p2b: Ursaluna|91/100|[from] item: Life Orb
|
|-heal|p2b: Ursaluna|97/100|[from] Grassy Terrain
|-heal|p1b: Electabuzz|8/100|[from] Grassy Terrain
|upkeep
|turn|3
|
|t:|1756230853
|move|p1b: Electabuzz|Follow Me|p1b: Electabuzz
|-singleturn|p1b: Electabuzz|move: Follow Me
|move|p2a: Whimsicott|Light Screen|p2a: Whimsicott
|-sidestart|p2: Hactor-gv128|move: Light Screen
|move|p1a: Volcarona|Heat Wave|p2a: Whimsicott|[spread] p2a,p2b
|-supereffective|p2a: Whimsicott
|-damage|p2a: Whimsicott|0 fnt
|-damage|p2b: Ursaluna|49/100
|faint|p2a: Whimsicott
|move|p2b: Ursaluna|Hyper Voice|p1a: Volcarona|[spread] p1a,p1b
|-damage|p1a: Volcarona|56/100
|-damage|p1b: Electabuzz|0 fnt
|faint|p1b: Electabuzz
|-damage|p2b: Ursaluna|40/100|[from] item: Life Orb
|
|-heal|p1a: Volcarona|63/100|[from] Grassy Terrain
|-heal|p2b: Ursaluna|45/100|[from] Grassy Terrain
|upkeep
|
|t:|1756230868
|switch|p2a: Basculegion|Basculegion, L50, M|100/100
|switch|p1b: Rillaboom|Rillaboom, L50, M|100/100
|turn|4
|
|t:|1756230881
|move|p1a: Volcarona|Protect|p1a: Volcarona
|-singleturn|p1a: Volcarona|Protect
|move|p2b: Ursaluna|Protect|p2b: Ursaluna
|-singleturn|p2b: Ursaluna|Protect
|move|p1b: Rillaboom|Grassy Glide|p2a: Basculegion
|-supereffective|p2a: Basculegion
|-damage|p2a: Basculegion|17/100
|move|p2a: Basculegion|Wave Crash|p1a: Volcarona
|-activate|p1a: Volcarona|move: Protect
|
|-heal|p2a: Basculegion|23/100|[from] Grassy Terrain
|-heal|p1a: Volcarona|69/100|[from] Grassy Terrain
|-heal|p2b: Ursaluna|51/100|[from] Grassy Terrain
|-sideend|p2: Hactor-gv128|move: Tailwind
|upkeep
|turn|5
|inactive|dambro222 has 30 seconds left.
|inactive|dambro222 has 20 seconds left.
|inactive|dambro222 has 15 seconds left.
|
|t:|1756230921
|switch|p2a: Sneasler|Sneasler, L50, M|100/100
|move|p1b: Rillaboom|Grassy Glide|p2a: Sneasler
|-resisted|p2a: Sneasler
|-damage|p2a: Sneasler|65/100
|move|p1a: Volcarona|Heat Wave|p2a: Sneasler|[spread] p2a,p2b
|-damage|p2a: Sneasler|15/100
|-damage|p2b: Ursaluna|0 fnt
|faint|p2b: Ursaluna
|
|-heal|p1a: Volcarona|75/100|[from] Grassy Terrain
|-heal|p2a: Sneasler|21/100|[from] Grassy Terrain
|-fieldend|move: Grassy Terrain
|upkeep
|
|t:|1756230930
|switch|p2b: Basculegion|Basculegion, L50, M|23/100
|turn|6
|
|t:|1756230949
|switch|p1b: Sneasler|Sneasler, L50, M|100/100
|move|p1a: Volcarona|Protect|p1a: Volcarona
|-singleturn|p1a: Volcarona|Protect
|move|p2a: Sneasler|Dire Claw|p1a: Volcarona
|-activate|p1a: Volcarona|move: Protect
|move|p2b: Basculegion|Head Smash|p1a: Volcarona
|-activate|p1a: Volcarona|move: Protect
|
|upkeep
|turn|7
|inactive|dambro222 has 30 seconds left.
|
|t:|1756230978
|move|p1a: Volcarona|Heat Wave|p2a: Sneasler|[spread] p2a,p2b
|-resisted|p2b: Basculegion
|-crit|p2b: Basculegion
|-damage|p2a: Sneasler|0 fnt
|-damage|p2b: Basculegion|0 fnt
|faint|p2a: Sneasler
|faint|p2b: Basculegion
|
|win|dambro222
|raw|dambro222's rating: 1058 → 1084(+26 for winning)
|raw|Hactor-gv128's rating: 1000 → 1000(+0 for losing)
|c|☆Hactor-gv128|Gg
|c|☆dambro222|gg
|l|☆Hactor-gv128
|player|p2|
