|j|☆RulingWillB
|j|☆raichew2
|html|RulingWillBraichew2    
|uhtml|bestof|Game 1 of a best-of-3
|t:|1783101336
|gametype|doubles
|player|p1|RulingWillB|170|
|player|p2|raichew2|266|
|gen|9
|tier|[Gen 9 Champions] VGC 2026 Reg M-B (Bo3)
|rule|Species Clause: Limit one of each Pokémon
|rule|Item Clause: Limit 1 of each item
|clearpoke
|poke|p1|Froslass, L50, F|
|poke|p1|Kingambit, L50, F|
|poke|p1|Basculegion, L50, M|
|poke|p1|Dragonite, L50, M|
|poke|p1|Sneasler, L50, F|
|poke|p1|Incineroar, L50, M|
|poke|p2|Gengar, L50, M|
|poke|p2|Incineroar, L50, M|
|poke|p2|Politoed, L50, F|
|poke|p2|Archaludon, L50, M|
|poke|p2|Vivillon, L50, M|
|poke|p2|Swampert, L50, F|
|teampreview|4
|showteam|p1|Froslass||Froslassite|SnowCloak|Blizzard,ShadowBall,Protect,AuroraVeil|Timid||F|||50|]Kingambit||ChopleBerry|Defiant|KowtowCleave,LowKick,Protect,SuckerPunch|Adamant||F|||50|]Basculegion||FocusSash|Adaptability|LastRespects,Liquidation,Protect,AquaJet|Adamant||M|||50|]Dragonite||DragonFang|Multiscale|LowKick,Protect,Tailwind,DragonClaw|Adamant||M|||50|]Sneasler||WhiteHerb|Unburden|CloseCombat,Protect,DireClaw,FakeOut|Jolly||F|||50|]Incineroar||SitrusBerry|Intimidate|FlareBlitz,DarkestLariat,FakeOut,PartingShot|Adamant||M|||50|
|showteam|p2|Gengar||Gengarite|CursedBody|ShadowBall,SludgeBomb,PerishSong,Protect|Timid||M|||50|]Incineroar||PasshoBerry|Intimidate|FakeOut,DarkestLariat,Protect,PartingShot|Sassy||M|||50|]Politoed||SitrusBerry|Drizzle|WeatherBall,Encore,PerishSong,Protect|Calm||F|||50|]Archaludon||Leftovers|Stamina|DragonPulse,FlashCannon,ElectroShot,Protect|Bold||M|||50|]Vivillon||FocusSash|CompoundEyes|SleepPowder,Hurricane,RagePowder,Protect|Timid||M|||50|]Swampert||Swampertite|Damp|WaveCrash,Earthquake,IcePunch,Protect|Adamant||F|||50|
|j| ab0ve5029
|j| RawNextQuestion
|j| philjonesvgc
|j| iiFWM
|l| philjonesvgc
|j| philjonesvgc
|j| escaperoomvgc
|
|t:|1783101451
|teamsize|p1|4
|teamsize|p2|4
|start
|switch|p1a: Sneasler|Sneasler, L50, F|100/100
|switch|p1b: Kingambit|Kingambit, L50, F|100/100
|switch|p2a: Vivillon|Vivillon, L50, M|100/100
|switch|p2b: Swampert|Swampert, L50, F|100/100
|turn|1
|
|t:|1783101476
|detailschange|p2b: Swampert|Swampert-Mega, L50, F
|-mega|p2b: Swampert|Swampert|Swampertite
|move|p2a: Vivillon|Protect|p2a: Vivillon
|-singleturn|p2a: Vivillon|Protect
|move|p1a: Sneasler|Fake Out|p2b: Swampert
|-damage|p2b: Swampert|87/100
|cant|p2b: Swampert|flinch
|move|p1b: Kingambit|Kowtow Cleave|p2a: Vivillon
|-activate|p2a: Vivillon|move: Protect
|
|upkeep
|turn|2
|
|t:|1783101505
|move|p1a: Sneasler|Close Combat|p2a: Vivillon
|-resisted|p2a: Vivillon|2
|-damage|p2a: Vivillon|77/100
|-unboost|p1a: Sneasler|def|1
|-unboost|p1a: Sneasler|spd|1
|-enditem|p1a: Sneasler|White Herb
|-clearnegativeboost|p1a: Sneasler|[silent]
|move|p2a: Vivillon|Sleep Powder|p1a: Sneasler
|-status|p1a: Sneasler|slp|[from] move: Sleep Powder
|move|p2b: Swampert|Earthquake|p1b: Kingambit|[spread] p1a,p1b
|-immune|p2a: Vivillon
|-supereffective|p1a: Sneasler|1
|-supereffective|p1b: Kingambit|1
|-damage|p1a: Sneasler|0 fnt
|-damage|p1b: Kingambit|32/100
|faint|p1a: Sneasler
|move|p1b: Kingambit|Kowtow Cleave|p2a: Vivillon
|-damage|p2a: Vivillon|0 fnt
|faint|p2a: Vivillon
|
|upkeep
|
|t:|1783101528
|switch|p1a: Froslass|Froslass, L50, F|100/100
|switch|p2a: Archaludon|Archaludon, L50, M|100/100
|turn|3
|
|t:|1783101568
|detailschange|p1a: Froslass|Froslass-Mega, L50, F
|-mega|p1a: Froslass|Froslass|Froslassite
|-weather|Snowscape|[from] ability: Snow Warning|[of] p1a: Froslass
|move|p2a: Archaludon|Protect|p2a: Archaludon
|-singleturn|p2a: Archaludon|Protect
|move|p1a: Froslass|Blizzard|p2b: Swampert|[spread] p2b
|-activate|p2a: Archaludon|move: Protect
|-damage|p2b: Swampert|44/100
|move|p2b: Swampert|Earthquake|p1a: Froslass|[spread] p1a,p1b
|-activate|p2a: Archaludon|move: Protect
|-supereffective|p1b: Kingambit|1
|-damage|p1a: Froslass|48/100
|-damage|p1b: Kingambit|0 fnt
|faint|p1b: Kingambit
|
|-weather|Snowscape|[upkeep]
|upkeep
|
|t:|1783101582
|switch|p1b: Basculegion|Basculegion, L50, M|100/100
|turn|4
|
|t:|1783101611
|switch|p2a: Politoed|Politoed, L50, F|100/100
|-weather|RainDance|[from] ability: Drizzle|[of] p2a: Politoed
|move|p2b: Swampert|Earthquake|p1a: Froslass|[spread] p2a,p1a,p1b
|-damage|p2a: Politoed|58/100
|-damage|p1a: Froslass|0 fnt
|-damage|p1b: Basculegion|39/100
|faint|p1a: Froslass
|move|p1b: Basculegion|Last Respects|p2a: Politoed
|-damage|p2a: Politoed|0 fnt
|faint|p2a: Politoed
|
|-weather|RainDance|[upkeep]
|upkeep
|
|t:|1783101623
|switch|p2a: Archaludon|Archaludon, L50, M|100/100
|turn|5
|
|t:|1783101630
|move|p2b: Swampert|Wave Crash|p1b: Basculegion
|-resisted|p1b: Basculegion|1
|-damage|p1b: Basculegion|0 fnt
|faint|p1b: Basculegion
|-damage|p2b: Swampert|31/100|[from] Recoil
|
|win|raichew2
||RulingWillB is ready for game 2.
|l|☆raichew2
|player|p2|
||raichew2 is ready for game 2.
|uhtml|next|Next: Game 2 of 3
|j| clubtropicanavgc
|j| Gdrampa
|l| Gdrampa
|l| clubtropicanavgc
|l| RawNextQuestion
|l| escaperoomvgc
|l|☆RulingWillB
|player|p1|
|l| philjonesvgc
|j|☆raichew2
|player|p2|raichew2|266|
