|j|☆Koraidon goat
|j|☆Fell Blue
|html|Koraidon goatFell Blue    
|uhtml|bestof|Game 2 of a best-of-3
|t:|1784171244
|gametype|doubles
|player|p1|Koraidon goat|drayden|1227
|player|p2|Fell Blue|fantina|1221
|gen|9
|tier|[Gen 9 Champions] VGC 2026 Reg M-B (Bo3)
|rated|
|rule|Species Clause: Limit one of each Pokémon
|rule|Item Clause: Limit 1 of each item
|clearpoke
|poke|p1|Charizard, L50, M|
|poke|p1|Rotom-Mow, L50, shiny|
|poke|p1|Garchomp, L50, M|
|poke|p1|Incineroar, L50, M|
|poke|p1|Mawile, L50, F|
|poke|p1|Farigiraf, L50, F|
|poke|p2|Mawile, L50, F|
|poke|p2|Farigiraf, L50, F|
|poke|p2|Drampa, L50, M|
|poke|p2|Kleavor, L50, F|
|poke|p2|Araquanid, L50, M|
|poke|p2|Incineroar, L50, M|
|teampreview|4
|showteam|p1|Charizard||CharizarditeY|Blaze|WeatherBall,HeatWave,AncientPower,Protect|Modest||M|||50|]Rotom-Mow||ChoiceScarf|Levitate|Electroweb,Thunderbolt,LeafStorm,VoltSwitch|Modest|||||50|]Garchomp||LifeOrb|RoughSkin|Earthquake,DragonClaw,RockSlide,Protect|Adamant||M|||50|]Incineroar||SitrusBerry|Intimidate|FlareBlitz,DarkestLariat,PartingShot,FakeOut|Careful||M|||50|]Mawile||Mawilite|HyperCutter|IronHead,SuckerPunch,SwordsDance,Protect|Adamant||F|||50|]Farigiraf||ColburBerry|ArmorTail|Psychic,Thunderbolt,TrickRoom,HelpingHand|Calm||F|||50|
|showteam|p2|Mawile||Mawilite|HyperCutter|RockSlide,PlayRough,SuckerPunch,BrickBreak|Brave||F|||50|]Farigiraf||SitrusBerry|ArmorTail|Thunderbolt,HelpingHand,Psychic,TrickRoom|Modest||F|||50|]Drampa||Drampanite|CloudNine|EarthPower,EnergyBall,Thunderbolt,Protect|Quiet||M|||50|]Kleavor||FocusSash|Sharpness|StoneAxe,CloseCombat,XScissor,NightSlash|Adamant||F|||50|]Araquanid||MysticWater|WaterBubble|Surf,HydroPump,MirrorCoat,Endeavor|Quiet||M|||50|]Incineroar||LifeOrb|Intimidate|CloseCombat,FlareBlitz,FakeOut,ThroatChop|Brave||M|||50|
|inactive|Battle timer is ON: inactive players will automatically lose when time's up. (requested by Koraidon goat)
|inactive|Fell Blue has 60 seconds left.
|
|t:|1784171290
|teamsize|p1|4
|teamsize|p2|4
|start
|switch|p1a: Charizard|Charizard, L50, M|100/100
|switch|p1b: Rotom|Rotom-Mow, L50, shiny|100/100
|switch|p2a: Farigiraf|Farigiraf, L50, F|100/100
|switch|p2b: Kleavor|Kleavor, L50, F|100/100
|turn|1
|
|t:|1784171314
|switch|p2b: Drampa|Drampa, L50, M|100/100
|-ability|p2b: Drampa|Cloud Nine
|detailschange|p1a: Charizard|Charizard-Mega-Y, L50, M
|-mega|p1a: Charizard|Charizard|Charizardite Y
|-weather|SunnyDay|[from] ability: Drought|[of] p1a: Charizard
|move|p1b: Rotom|Thunderbolt|p2a: Farigiraf
|-damage|p2a: Farigiraf|60/100
|move|p1a: Charizard|Heat Wave|p2a: Farigiraf|[spread] p2a,p2b
|-resisted|p2b: Drampa|1
|-damage|p2a: Farigiraf|13/100
|-damage|p2b: Drampa|78/100
|-status|p2a: Farigiraf|brn
|-status|p2b: Drampa|brn
|-enditem|p2a: Farigiraf|Sitrus Berry|[eat]
|-heal|p2a: Farigiraf|38/100 brn|[from] item: Sitrus Berry
|move|p2a: Farigiraf|Trick Room|p2a: Farigiraf
|-fieldstart|move: Trick Room|[of] p2a: Farigiraf
|
|-weather|SunnyDay|[upkeep]
|-damage|p2b: Drampa|72/100 brn|[from] brn
|-damage|p2a: Farigiraf|31/100 brn|[from] brn
|upkeep
|turn|2
|inactive|Koraidon goat has 30 seconds left.
|
|t:|1784171341
|detailschange|p2b: Drampa|Drampa-Mega, L50, M
|-mega|p2b: Drampa|Drampa|Drampanite
|move|p2a: Farigiraf|Helping Hand|p2b: Drampa
|-singleturn|p2b: Drampa|Helping Hand|[of] p2a: Farigiraf
|move|p1a: Charizard|Protect|p1a: Charizard
|-singleturn|p1a: Charizard|Protect
|move|p2b: Drampa|Thunderbolt|p1a: Charizard
|-activate|p1a: Charizard|move: Protect
|move|p1b: Rotom|Thunderbolt|p2a: Farigiraf
|-damage|p2a: Farigiraf|0 fnt
|faint|p2a: Farigiraf
|
|-weather|SunnyDay|[upkeep]
|-damage|p2b: Drampa|66/100 brn|[from] brn
|upkeep
|
|t:|1784171344
|switch|p2a: Kleavor|Kleavor, L50, F|100/100
|turn|3
|
|t:|1784171366
|switch|p1a: Incineroar|Incineroar, L50, M|100/100
|-ability|p1a: Incineroar|Intimidate|boost
|-unboost|p2a: Kleavor|atk|1
|-unboost|p2b: Drampa|atk|1
|move|p2b: Drampa|Thunderbolt|p1a: Incineroar
|-damage|p1a: Incineroar|64/100
|-status|p1a: Incineroar|par
|move|p2a: Kleavor|Stone Axe|p1a: Incineroar
|-supereffective|p1a: Incineroar|1
|-damage|p1a: Incineroar|0 fnt
|-sidestart|p1: Koraidon goat|move: Stealth Rock
|faint|p1a: Incineroar
|move|p1b: Rotom|Thunderbolt|p2a: Kleavor
|-damage|p2a: Kleavor|40/100
|
|-weather|SunnyDay|[upkeep]
|-damage|p2b: Drampa|60/100 brn|[from] brn
|upkeep
|
|t:|1784171375
|switch|p1a: Charizard|Charizard-Mega-Y, L50, M|100/100
|-damage|p1a: Charizard|50/100g|[from] Stealth Rock
|turn|4
|
|t:|1784171388
|move|p1a: Charizard|Protect|p1a: Charizard
|-singleturn|p1a: Charizard|Protect
|move|p2b: Drampa|Thunderbolt|p1a: Charizard
|-activate|p1a: Charizard|move: Protect
|move|p2a: Kleavor|Stone Axe|p1b: Rotom
|-damage|p1b: Rotom|52/100
|move|p1b: Rotom|Thunderbolt|p2a: Kleavor
|-damage|p2a: Kleavor|0 fnt
|faint|p2a: Kleavor
|
|-weather|SunnyDay|[upkeep]
|-damage|p2b: Drampa|54/100 brn|[from] brn
|upkeep
|
|t:|1784171389
|switch|p2a: Incineroar|Incineroar, L50, M|100/100
|-ability|p2a: Incineroar|Intimidate|boost
|-unboost|p1a: Charizard|atk|1
|-unboost|p1b: Rotom|atk|1
|turn|5
|inactive|Koraidon goat has 30 seconds left.
|
|t:|1784171420
|move|p1a: Charizard|Protect||[still]
|-fail|p1a: Charizard
|move|p2b: Drampa|Thunderbolt|p1a: Charizard
|-supereffective|p1a: Charizard|1
|-damage|p1a: Charizard|0 fnt
|faint|p1a: Charizard
|move|p2a: Incineroar|Flare Blitz|p1b: Rotom
|-supereffective|p1b: Rotom|1
|-damage|p1b: Rotom|0 fnt
|faint|p1b: Rotom
|-damage|p2a: Incineroar|89/100|[from] Recoil
|-damage|p2a: Incineroar|79/100|[from] item: Life Orb
|
|-weather|none
|-damage|p2b: Drampa|48/100 brn|[from] brn
|-fieldend|move: Trick Room
|upkeep
|-message|Koraidon goat forfeited.
|
|win|Fell Blue
|raw|Koraidon goat's rating: 1227 → 1202(-25 for losing)
|raw|Fell Blue's rating: 1221 → 1246(+25 for winning)
|l|☆Koraidon goat
|player|p1|
