|j|☆Syd2J
|j|☆Senli
|html|Syd2JSenli    
|uhtml|bestof|Game 2 of a best-of-3
|t:|1786028780
|gametype|doubles
|player|p1|Syd2J|170|1216
|player|p2|Senli|florian-bb|1220
|gen|9
|tier|[Gen 9 Champions] VGC 2026 Reg M-B (Bo3)
|rated|
|rule|Species Clause: Limit one of each Pokémon
|rule|Item Clause: Limit 1 of each item
|clearpoke
|poke|p1|Staraptor, L50, M|
|poke|p1|Tyranitar, L50, F|
|poke|p1|Excadrill, L50, F|
|poke|p1|Milotic, L50, F|
|poke|p1|Gholdengo, L50|
|poke|p1|Sinistcha, L50|
|poke|p2|Staraptor, L50, M, shiny|
|poke|p2|Glimmora, L50, F, shiny|
|poke|p2|Kingambit, L50, M, shiny|
|poke|p2|Whimsicott, L50, F, shiny|
|poke|p2|Delphox, L50, M, shiny|
|poke|p2|Garchomp, L50, F, shiny|
|teampreview|4
|showteam|p1|Staraptor||Staraptite|Intimidate|BraveBird,CloseCombat,Tailwind,Protect|Jolly||M|||50|]Tyranitar||Tyranitarite|SandStream|RockSlide,KnockOff,LowKick,Protect|Jolly||F|||50|]Excadrill||FocusSash|SandRush|HighHorsepower,IronHead,RockSlide,Protect|Adamant||F|||50|]Milotic||SitrusBerry|Competitive|Scald,IceBeam,IcyWind,Protect|Modest||F|||50|]Gholdengo||LifeOrb|GoodasGold|MakeItRain,ShadowBall,NastyPlot,Protect|Modest|||||50|]Sinistcha||ColburBerry|Hospitality|MatchaGotcha,RagePowder,TrickRoom,Protect|Calm|||||50|
|showteam|p2|Staraptor||Staraptite|Intimidate|CloseCombat,BraveBird,Roost,Protect|Jolly||M|||50|]Glimmora||FocusSash|ToxicDebris|PowerGem,SludgeBomb,EarthPower,SpikyShield|Timid||F|||50|]Kingambit||ChopleBerry|Defiant|KowtowCleave,IronHead,LowKick,SuckerPunch|Adamant||M|||50|]Whimsicott||OccaBerry|Prankster|Tailwind,Moonblast,Charm,LightScreen|Timid||F|||50|]Delphox||Delphoxite|Blaze|HeatWave,Psychic,Substitute,Protect|Timid||M|||50|]Garchomp||ChoiceScarf|RoughSkin|DragonClaw,RockSlide,Earthquake,StompingTantrum|Jolly||F|||50|
|inactive|Battle timer is ON: inactive players will automatically lose when time's up. (requested by Syd2J)
|inactive|Senli also wants the timer to be on.
|inactive|Syd2J has 60 seconds left.
|inactive|Senli has 60 seconds left.
|
|t:|1786028822
|teamsize|p1|4
|teamsize|p2|4
|start
|switch|p1a: Tyranitar|Tyranitar, L50, F|100/100
|switch|p1b: Milotic|Milotic, L50, F|100/100
|switch|p2a: Delphox|Delphox, L50, M, shiny|100/100
|switch|p2b: Kingambit|Kingambit, L50, M, shiny|100/100
|-weather|Sandstorm|[from] ability: Sand Stream|[of] p1a: Tyranitar
|turn|1
|
|t:|1786028846
|detailschange|p2a: Delphox|Delphox-Mega, L50, M, shiny
|-mega|p2a: Delphox|Delphox|Delphoxite
|move|p2a: Delphox|Psychic|p1b: Milotic
|-damage|p1b: Milotic|65/100
|move|p1a: Tyranitar|Low Kick|p2b: Kingambit
|-supereffective|p2b: Kingambit|2
|-enditem|p2b: Kingambit|Chople Berry|[eat]
|-enditem|p2b: Kingambit|Chople Berry|[weaken]
|-damage|p2b: Kingambit|45/100
|move|p1b: Milotic|Scald|p2a: Delphox
|-supereffective|p2a: Delphox|1
|-damage|p2a: Delphox|47/100
|move|p2b: Kingambit|Low Kick|p1a: Tyranitar
|-supereffective|p1a: Tyranitar|2
|-damage|p1a: Tyranitar|0 fnt
|faint|p1a: Tyranitar
|
|-weather|Sandstorm|[upkeep]
|-damage|p2a: Delphox|41/100|[from] Sandstorm
|-damage|p1b: Milotic|59/100|[from] Sandstorm
|upkeep
|
|t:|1786028852
|switch|p1a: Excadrill|Excadrill, L50, F|100/100
|turn|2
|inactive|Senli has 30 seconds left.
|
|t:|1786028877
|move|p2a: Delphox|Protect|p2a: Delphox
|-singleturn|p2a: Delphox|Protect
|move|p2b: Kingambit|Sucker Punch|p1a: Excadrill
|-damage|p1a: Excadrill|43/100
|move|p1a: Excadrill|High Horsepower|p2b: Kingambit
|-supereffective|p2b: Kingambit|1
|-damage|p2b: Kingambit|0 fnt
|faint|p2b: Kingambit
|move|p1b: Milotic|Scald|p2a: Delphox
|-activate|p2a: Delphox|move: Protect
|
|-weather|Sandstorm|[upkeep]
|-damage|p2a: Delphox|34/100|[from] Sandstorm
|-damage|p1b: Milotic|53/100|[from] Sandstorm
|upkeep
|
|t:|1786028895
|switch|p2b: Garchomp|Garchomp, L50, F, shiny|100/100
|turn|3
|
|t:|1786028908
|switch|p2a: Glimmora|Glimmora, L50, F, shiny|100/100
|move|p1a: Excadrill|Rock Slide|p2a: Glimmora|[spread] p2a,p2b
|-resisted|p2b: Garchomp|1
|-damage|p2a: Glimmora|71/100
|-damage|p2b: Garchomp|89/100
|-activate|p2a: Glimmora|ability: Toxic Debris
|-sidestart|p1: Syd2J|move: Toxic Spikes
|move|p2b: Garchomp|Earthquake|p1a: Excadrill|[spread] p2a,p1a,p1b
|-supereffective|p2a: Glimmora|2
|-supereffective|p1a: Excadrill|1
|-damage|p2a: Glimmora|0 fnt
|-damage|p1a: Excadrill|0 fnt
|-damage|p1b: Milotic|22/100
|-activate|p2a: Glimmora|ability: Toxic Debris
|-sidestart|p1: Syd2J|move: Toxic Spikes
|-enditem|p1b: Milotic|Sitrus Berry|[eat]
|-heal|p1b: Milotic|47/100|[from] item: Sitrus Berry
|faint|p2a: Glimmora
|faint|p1a: Excadrill
|move|p1b: Milotic|Icy Wind|p2b: Garchomp
|-supereffective|p2b: Garchomp|2
|-damage|p2b: Garchomp|30/100
|-unboost|p2b: Garchomp|spe|1
|
|-weather|Sandstorm|[upkeep]
|-damage|p1b: Milotic|41/100|[from] Sandstorm
|upkeep
|
|t:|1786028926
|switch|p2a: Delphox|Delphox-Mega, L50, M, shiny|34/100
|switch|p1a: Staraptor|Staraptor, L50, M|100/100
|-ability|p1a: Staraptor|Intimidate|boost
|-unboost|p2a: Delphox|atk|1
|-unboost|p2b: Garchomp|atk|1
|turn|4
|
|t:|1786028940
|move|p2a: Delphox|Psychic|p1a: Staraptor
|-damage|p1a: Staraptor|22/100
|move|p2b: Garchomp|Earthquake|p1b: Milotic|[spread] p1b
|-immune|p2a: Delphox|[from] ability: Levitate
|-immune|p1a: Staraptor
|-damage|p1b: Milotic|20/100y
|move|p1a: Staraptor|Tailwind|p1a: Staraptor
|-sidestart|p1: Syd2J|move: Tailwind
|move|p1b: Milotic|Ice Beam|p2b: Garchomp
|-supereffective|p2b: Garchomp|2
|-damage|p2b: Garchomp|0 fnt
|faint|p2b: Garchomp
|
|-weather|Sandstorm|[upkeep]
|-damage|p1a: Staraptor|16/100|[from] Sandstorm
|-damage|p1b: Milotic|14/100|[from] Sandstorm
|-damage|p2a: Delphox|28/100|[from] Sandstorm
|upkeep
|turn|5
|
|t:|1786028963
|detailschange|p1a: Staraptor|Staraptor-Mega, L50, M
|-mega|p1a: Staraptor|Staraptor|Staraptite
|move|p1a: Staraptor|Brave Bird|p2a: Delphox
|-damage|p2a: Delphox|0 fnt
|faint|p2a: Delphox
|-damage|p1a: Staraptor|7/100|[from] Recoil
|
|win|Syd2J
|raw|Syd2J's rating: 1216 → 1241(+25 for winning)
|raw|Senli's rating: 1220 → 1195(-25 for losing)
|l|☆Syd2J
|player|p1|
