|j|☆Cevan77
|j|☆Penny_epic
|html|Cevan77Penny_epic    
|uhtml|bestof|Game 2 of a best-of-3
|t:|1783176379
|gametype|doubles
|player|p1|Cevan77|backersf|1045
|player|p2|Penny_epic|169|1048
|gen|9
|tier|[Gen 9 Champions] VGC 2026 Reg M-B (Bo3)
|rated|
|rule|Species Clause: Limit one of each Pokémon
|rule|Item Clause: Limit 1 of each item
|clearpoke
|poke|p1|Sinistcha, L50|
|poke|p1|Aggron, L50, M|
|poke|p1|Grimmsnarl, L50, M|
|poke|p1|Incineroar, L50, F|
|poke|p1|Basculegion, L50, M|
|poke|p1|Drampa, L50, F|
|poke|p2|Ninetales-Alola, L50, F|
|poke|p2|Delphox, L50, F|
|poke|p2|Garchomp, L50, F|
|poke|p2|Maushold-Four, L50|
|poke|p2|Annihilape, L50, F|
|poke|p2|Sneasler, L50, M|
|teampreview|4
|showteam|p1|Sinistcha||Leftovers|Hospitality|MatchaGotcha,RagePowder,ShadowBall,TrickRoom|Bold|||||50|]Aggron||Aggronite|Sturdy|BodyPress,HeavySlam,RockSlide,Protect|Impish||M|||50|]Grimmsnarl||LightClay|Prankster|LightScreen,PartingShot,SpiritBreak,FakeOut|Brave||M|||50|]Incineroar||SitrusBerry|Intimidate|DarkestLariat,FakeOut,FlareBlitz,PartingShot|Adamant||F|||50|]Basculegion||ChoiceScarf|Adaptability|AquaJet,IceFang,WaveCrash,LastRespects|Jolly||M|||50|]Drampa||Drampanite|CloudNine|DracoMeteor,HyperVoice,Thunderbolt,Protect|Modest||F|||50|
|showteam|p2|Ninetales-Alola||LightClay|SnowWarning|AuroraVeil,Protect,Blizzard,Moonblast|Timid||F|||50|]Delphox||Delphoxite|Blaze|CalmMind,HeatWave,Psychic,Protect|Timid||F|||50|]Garchomp||LifeOrb|RoughSkin|Earthquake,Protect,RockSlide,DragonClaw|Jolly||F|||50|]Maushold-Four||SitrusBerry|FriendGuard|Protect,FollowMe,BeatUp,SuperFang|Impish|||||50|]Annihilape||Leftovers|Defiant|Protect,DrainPunch,CloseCombat,RageFist|Adamant||F|||50|]Sneasler||WhiteHerb|Unburden|DireClaw,CloseCombat,Protect,FakeOut|Adamant||M|||50|
|
|t:|1783176467
|teamsize|p1|4
|teamsize|p2|4
|start
|switch|p1a: Basculegion|Basculegion, L50, M|100/100
|switch|p1b: Grimmsnarl|Grimmsnarl, L50, M|100/100
|switch|p2a: Delphox|Delphox, L50, F|100/100
|switch|p2b: Maushold|Maushold-Four, L50|100/100
|turn|1
|
|t:|1783176533
|switch|p2a: Garchomp|Garchomp, L50, F|100/100
|move|p2b: Maushold|Protect|p2b: Maushold
|-singleturn|p2b: Maushold|Protect
|move|p1b: Grimmsnarl|Light Screen|p1b: Grimmsnarl
|-sidestart|p1: Cevan77|move: Light Screen
|move|p1a: Basculegion|Wave Crash|p2a: Garchomp
|-damage|p2a: Garchomp|41/100
|-damage|p1a: Basculegion|87/100|[from] ability: Rough Skin|[of] p2a: Garchomp
|-damage|p1a: Basculegion|69/100|[from] Recoil
|
|upkeep
|turn|2
|
|t:|1783176565
|move|p2b: Maushold|Follow Me|p2b: Maushold
|-singleturn|p2b: Maushold|move: Follow Me
|move|p1b: Grimmsnarl|Parting Shot|p2b: Maushold
|-unboost|p2b: Maushold|atk|1
|-unboost|p2b: Maushold|spa|1
|
|t:|1783176571
|switch|p1b: Incineroar|Incineroar, L50, F|100/100|[from] Parting Shot
|-ability|p1b: Incineroar|Intimidate|boost
|-unboost|p2a: Garchomp|atk|1
|-unboost|p2b: Maushold|atk|1
|move|p1a: Basculegion|Wave Crash|p2b: Maushold
|-damage|p2b: Maushold|20/100y
|-enditem|p2b: Maushold|Sitrus Berry|[eat]
|-heal|p2b: Maushold|45/100|[from] item: Sitrus Berry
|-damage|p1a: Basculegion|45/100|[from] Recoil
|move|p2a: Garchomp|Dragon Claw|p1a: Basculegion
|-damage|p1a: Basculegion|1/100
|-damage|p2a: Garchomp|31/100|[from] item: Life Orb
|
|upkeep
|turn|3
|
|t:|1783176599
|switch|p2b: Annihilape|Annihilape, L50, F|100/100
|move|p1b: Incineroar|Fake Out|p2a: Garchomp
|-damage|p2a: Garchomp|19/100
|-damage|p1b: Incineroar|87/100|[from] ability: Rough Skin|[of] p2a: Garchomp
|move|p1a: Basculegion|Wave Crash|p2b: Annihilape
|-damage|p2b: Annihilape|23/100
|-damage|p1a: Basculegion|0 fnt|[from] Recoil
|faint|p1a: Basculegion
|cant|p2a: Garchomp|flinch
|
|-heal|p2b: Annihilape|29/100|[from] item: Leftovers
|upkeep
|
|t:|1783176617
|switch|p1a: Grimmsnarl|Grimmsnarl, L50, M|100/100
|turn|4
|
|t:|1783176634
|switch|p2a: Delphox|Delphox, L50, F|100/100
|move|p1a: Grimmsnarl|Fake Out|p2a: Delphox
|-damage|p2a: Delphox|78/100
|move|p2b: Annihilape|Drain Punch|p1b: Incineroar
|-supereffective|p1b: Incineroar|1
|-damage|p1b: Incineroar|10/100
|-heal|p2b: Annihilape|68/100|[from] drain|[of] p1b: Incineroar
|-enditem|p1b: Incineroar|Sitrus Berry|[eat]
|-heal|p1b: Incineroar|35/100|[from] item: Sitrus Berry
|move|p1b: Incineroar|Darkest Lariat|p2b: Annihilape
|-damage|p2b: Annihilape|23/100
|
|-heal|p2b: Annihilape|29/100|[from] item: Leftovers
|upkeep
|turn|5
|
|t:|1783176707
|detailschange|p2a: Delphox|Delphox-Mega, L50, F
|-mega|p2a: Delphox|Delphox|Delphoxite
|move|p2a: Delphox|Calm Mind|p2a: Delphox
|-boost|p2a: Delphox|spa|1
|-boost|p2a: Delphox|spd|1
|move|p2b: Annihilape|Drain Punch|p1b: Incineroar
|-supereffective|p1b: Incineroar|1
|-damage|p1b: Incineroar|0 fnt
|-heal|p2b: Annihilape|47/100|[from] drain|[of] p1b: Incineroar
|faint|p1b: Incineroar
|move|p1a: Grimmsnarl|Spirit Break|p2b: Annihilape
|-supereffective|p2b: Annihilape|1
|-damage|p2b: Annihilape|0 fnt
|faint|p2b: Annihilape
|
|upkeep
|
|t:|1783176725
|switch|p2b: Garchomp|Garchomp, L50, F|19/100
|switch|p1b: Aggron|Aggron, L50, M|100/100
|turn|6
|
|t:|1783176738
|detailschange|p1b: Aggron|Aggron-Mega, L50, M
|-mega|p1b: Aggron|Aggron|Aggronite
|move|p1b: Aggron|Protect|p1b: Aggron
|-singleturn|p1b: Aggron|Protect
|move|p2a: Delphox|Heat Wave|p1a: Grimmsnarl|[spread] p1a
|-activate|p1b: Aggron|move: Protect
|-damage|p1a: Grimmsnarl|58/100
|move|p2b: Garchomp|Earthquake|p1a: Grimmsnarl|[spread] p1a
|-activate|p1b: Aggron|move: Protect
|-immune|p2a: Delphox|[from] ability: Levitate
|-damage|p1a: Grimmsnarl|2/100
|-damage|p2b: Garchomp|9/100|[from] item: Life Orb
|move|p1a: Grimmsnarl|Spirit Break|p2b: Garchomp
|-supereffective|p2b: Garchomp|1
|-damage|p2b: Garchomp|0 fnt
|-damage|p1a: Grimmsnarl|0 fnt|[from] ability: Rough Skin|[of] p2b: Garchomp
|faint|p2b: Garchomp
|faint|p1a: Grimmsnarl
|
|upkeep
|
|t:|1783176756
|switch|p2b: Maushold|Maushold-Four, L50|45/100
|turn|7
|
|t:|1783176794
|move|p2a: Delphox|Protect|p2a: Delphox
|-singleturn|p2a: Delphox|Protect
|move|p2b: Maushold|Super Fang|p1b: Aggron
|-damage|p1b: Aggron|50/100y
|move|p1b: Aggron|Rock Slide|p2a: Delphox|[spread] p2b
|-activate|p2a: Delphox|move: Protect
|-crit|p2b: Maushold
|-damage|p2b: Maushold|15/100
|
|upkeep
|turn|8
|
|t:|1783176809
|move|p2b: Maushold|Protect|p2b: Maushold
|-singleturn|p2b: Maushold|Protect
|move|p2a: Delphox|Heat Wave|p1b: Aggron
|-supereffective|p1b: Aggron|1
|-damage|p1b: Aggron|0 fnt
|faint|p1b: Aggron
|
|win|Penny_epic
|raw|Cevan77's rating: 1045 → 1028(-17 for losing)
|raw|Penny_epic's rating: 1048 → 1081(+33 for winning)
|l|☆Cevan77
|player|p1|
