|j|☆YungDungBeetle
|j|☆chikondi
|html|YungDungBeetlechikondi    
|uhtml|bestof|Game 1 of a best-of-3
|t:|1756293318
|gametype|doubles
|player|p1|YungDungBeetle|n|1121
|player|p2|chikondi|galacticgruntf|1080
|gen|9
|tier|[Gen 9] VGC 2025 Reg H (Bo3)
|rated|
|rule|Species Clause: Limit one of each Pokémon
|rule|Item Clause: Limit 1 of each item
|clearpoke
|poke|p1|Rillaboom, L50, F|
|poke|p1|Arcanine-Hisui, L50, M|
|poke|p1|Baxcalibur, L50, M|
|poke|p1|Volcarona, L50, F|
|poke|p1|Annihilape, L50, M|
|poke|p1|Whimsicott, L50, M|
|poke|p2|Garchomp, L50, M|
|poke|p2|Jumpluff, L50, M|
|poke|p2|Torkoal, L50, F|
|poke|p2|Dragonite, L50, M|
|poke|p2|Kingambit, L50, F|
|poke|p2|Typhlosion-Hisui, L50, M|
|teampreview|4
|showteam|p1|Rillaboom||AssaultVest|GrassySurge|FakeOut,GrassyGlide,DrumBeating,HighHorsepower|||F|||50|,,,,,Fire]Arcanine-Hisui||ClearAmulet|Intimidate|RockSlide,FlareBlitz,ExtremeSpeed,Protect|||M|||50|,,,,,Ghost]Baxcalibur||LoadedDice|ThermalExchange|ScaleShot,IcicleSpear,IceShard,Protect|||M|||50|,,,,,Ghost]Volcarona||GrassySeed|FlameBody|HeatWave,QuiverDance,Protect,GigaDrain|||F|||50|,,,,,Grass]Annihilape||FocusSash|Defiant|CloseCombat,RageFist,Coaching,Taunt|||M|||50|,,,,,Grass]Whimsicott||CovertCloak|Prankster|Tailwind,Moonblast,SunnyDay,WorrySeed|||M|||50|,,,,,Water
|showteam|p2|Garchomp||LifeOrb|RoughSkin|Earthquake,DragonClaw,StompingTantrum,Protect|||M|||50|,,,,,Fire]Jumpluff||CovertCloak|Chlorophyll|LeafStorm,SleepPowder,Encore,Tailwind|||M|||50|,,,,,Poison]Torkoal||EjectPack|Drought|Overheat,BurningJealousy,HelpingHand,Protect|||F|||50|,,,,,Flying]Dragonite||LoadedDice|Multiscale|ScaleShot,ExtremeSpeed,IceSpinner,Protect|||M|||50|,,,,,Fairy]Kingambit||AssaultVest|Defiant|IronHead,SuckerPunch,Assurance,LowKick|||F|||50|,,,,,Flying]Typhlosion-Hisui||ChoiceSpecs|Blaze|Eruption,ShadowBall,HeatWave,Overheat|||M|||50|,,,,,Fire
|inactive|Battle timer is ON: inactive players will automatically lose when time's up. (requested by YungDungBeetle)
|inactive|YungDungBeetle has 60 seconds left.
|inactive|chikondi has 60 seconds left.
|inactive|YungDungBeetle has 30 seconds left.
|inactive|chikondi has 30 seconds left.
|inactive|YungDungBeetle has 20 seconds left.
|inactive|chikondi has 20 seconds left.
|
|t:|1756293393
|teamsize|p1|4
|teamsize|p2|4
|start
|switch|p1a: Whimsicott|Whimsicott, L50, M|100/100
|switch|p1b: REDRUM|Arcanine-Hisui, L50, M|100/100
|switch|p2a: Jumpluff|Jumpluff, L50, M|100/100
|switch|p2b: Torkoal|Torkoal, L50, F|100/100
|-ability|p1b: REDRUM|Intimidate|boost
|-unboost|p2a: Jumpluff|atk|1
|-unboost|p2b: Torkoal|atk|1
|-weather|SunnyDay|[from] ability: Drought|[of] p2b: Torkoal
|-enditem|p2b: Torkoal|Eject Pack
|inactive|chikondi has 30 seconds left.
|inactive|chikondi has 20 seconds left.
|inactive|chikondi has 15 seconds left.
|inactive|chikondi has 10 seconds left.
|
|t:|1756293439
|switch|p2b: Dragonite|Dragonite, L50, M|100/100
|turn|1
|inactive|YungDungBeetle has 30 seconds left.
|inactive|YungDungBeetle has 20 seconds left.
|
|t:|1756293475
|move|p1b: REDRUM|Protect|p1b: REDRUM
|-singleturn|p1b: REDRUM|Protect
|move|p1a: Whimsicott|Tailwind|p1a: Whimsicott
|-sidestart|p1: YungDungBeetle|move: Tailwind
|move|p2a: Jumpluff|Tailwind|p2a: Jumpluff
|-sidestart|p2: chikondi|move: Tailwind
|move|p2b: Dragonite|Scale Shot|p1b: REDRUM
|-activate|p1b: REDRUM|move: Protect
|
|-weather|SunnyDay|[upkeep]
|upkeep
|turn|2
|inactive|chikondi has 30 seconds left.
|
|t:|1756293509
|move|p1a: Whimsicott|Worry Seed|p2b: Dragonite
|-ability|p2b: Dragonite|Insomnia|Multiscale|[from] move: Worry Seed
|move|p2a: Jumpluff|Encore|p1a: Whimsicott
|-start|p1a: Whimsicott|Encore
|move|p1b: REDRUM|Rock Slide|p2b: Dragonite|[spread] p2a,p2b
|-supereffective|p2a: Jumpluff
|-supereffective|p2b: Dragonite
|-damage|p2a: Jumpluff|33/100
|-damage|p2b: Dragonite|44/100
|cant|p2b: Dragonite|flinch
|
|-weather|SunnyDay|[upkeep]
|upkeep
|turn|3
|inactive|chikondi has 30 seconds left.
|inactive|chikondi has 20 seconds left.
|
|t:|1756293547
|switch|p1a: Annihilape|Annihilape, L50, M|100/100
|move|p2a: Jumpluff|Sleep Powder|p1b: REDRUM
|-status|p1b: REDRUM|slp|[from] move: Sleep Powder
|cant|p1b: REDRUM|slp
|move|p2b: Dragonite|Scale Shot|p1b: REDRUM
|-damage|p1b: REDRUM|82/100 slp
|-damage|p1b: REDRUM|66/100 slp
|-crit|p1b: REDRUM
|-damage|p1b: REDRUM|39/100 slp
|-damage|p1b: REDRUM|22/100 slp
|-hitcount|p1b: REDRUM|4
|-unboost|p2b: Dragonite|def|1
|-boost|p2b: Dragonite|spe|1
|
|-weather|SunnyDay|[upkeep]
|upkeep
|turn|4
|inactive|chikondi has 30 seconds left.
|inactive|chikondi has 20 seconds left.
|inactive|chikondi has 15 seconds left.
|inactive|chikondi has 10 seconds left.
|
|t:|1756293592
|move|p2b: Dragonite|Protect|p2b: Dragonite
|-singleturn|p2b: Dragonite|Protect
|cant|p1b: REDRUM|slp
|move|p2a: Jumpluff|Leaf Storm|p1b: REDRUM
|-damage|p1b: REDRUM|0 fnt
|-unboost|p2a: Jumpluff|spa|2
|faint|p1b: REDRUM
|move|p1a: Annihilape|Rage Fist|p2b: Dragonite
|-activate|p2b: Dragonite|move: Protect
|
|-weather|SunnyDay|[upkeep]
|-sideend|p2: chikondi|move: Tailwind
|-sideend|p1: YungDungBeetle|move: Tailwind
|upkeep
|
|t:|1756293608
|switch|p1b: BIG BODY BENZ|Baxcalibur, L50, M|100/100
|turn|5
|inactive|YungDungBeetle has 30 seconds left.
|inactive|chikondi has 30 seconds left.
|inactive|YungDungBeetle has 20 seconds left.
|inactive|chikondi has 20 seconds left.
|inactive|chikondi has 15 seconds left.
|
|t:|1756293648
|move|p1b: BIG BODY BENZ|Ice Shard|p2b: Dragonite
|-supereffective|p2b: Dragonite
|-damage|p2b: Dragonite|0 fnt
|faint|p2b: Dragonite
|move|p2a: Jumpluff|Tailwind|p2a: Jumpluff
|-sidestart|p2: chikondi|move: Tailwind
|move|p1a: Annihilape|Rage Fist|p2a: Jumpluff
|-damage|p2a: Jumpluff|2/100
|
|-weather|none
|upkeep
|
|t:|1756293667
|switch|p2b: Torkoal|Torkoal, L50, F|100/100
|-weather|SunnyDay|[from] ability: Drought|[of] p2b: Torkoal
|turn|6
|inactive|YungDungBeetle has 30 seconds left.
|inactive|chikondi has 30 seconds left.
|inactive|chikondi has 20 seconds left.
|inactive|YungDungBeetle has 20 seconds left.
|inactive|YungDungBeetle has 15 seconds left.
|
|t:|1756293721
|switch|p1a: Whimsicott|Whimsicott, L50, M|100/100
|move|p1b: BIG BODY BENZ|Protect|p1b: BIG BODY BENZ
|-singleturn|p1b: BIG BODY BENZ|Protect
|move|p2a: Jumpluff|Sleep Powder|p1b: BIG BODY BENZ
|-activate|p1b: BIG BODY BENZ|move: Protect
|move|p2b: Torkoal|Overheat|p1a: Whimsicott
|-supereffective|p1a: Whimsicott
|-damage|p1a: Whimsicott|0 fnt
|-unboost|p2b: Torkoal|spa|2
|faint|p1a: Whimsicott
|
|-weather|SunnyDay|[upkeep]
|upkeep
|
|t:|1756293731
|switch|p1a: Annihilape|Annihilape, L50, M|100/100
|turn|7
|
|t:|1756293744
|move|p1b: BIG BODY BENZ|Ice Shard|p2a: Jumpluff
|-supereffective|p2a: Jumpluff
|-damage|p2a: Jumpluff|0 fnt
|faint|p2a: Jumpluff
|move|p1a: Annihilape|Rage Fist|p2b: Torkoal
|-damage|p2b: Torkoal|81/100
|move|p2b: Torkoal|Overheat|p1a: Annihilape
|-damage|p1a: Annihilape|58/100
|-unboost|p2b: Torkoal|spa|2
|
|-weather|SunnyDay|[upkeep]
|upkeep
|
|t:|1756293755
|switch|p2a: Typhlosion|Typhlosion-Hisui, L50, M|100/100
|turn|8
|
|t:|1756293776
|-terastallize|p2a: Typhlosion|Fire
|move|p2b: Torkoal|Helping Hand|p2a: Typhlosion
|-singleturn|p2a: Typhlosion|Helping Hand|[of] p2b: Torkoal
|move|p2a: Typhlosion|Eruption|p1a: Annihilape|[spread] p1a,p1b
|-damage|p1a: Annihilape|0 fnt
|-damage|p1b: BIG BODY BENZ|0 fnt
|faint|p1a: Annihilape
|faint|p1b: BIG BODY BENZ
|
|win|chikondi
||chikondi is ready for game 2.
||YungDungBeetle is ready for game 2.
|uhtml|next|Next: Game 2 of 3
|l|☆chikondi
|player|p2|
|l|☆YungDungBeetle
|player|p1|
|j|☆YungDungBeetle
|player|p1|YungDungBeetle|n|
