|j|☆jmikebaeza
|j|☆owbd
|html|jmikebaezaowbd    
|uhtml|bestof|Game 2 of a best-of-3
|t:|1756798138
|gametype|doubles
|player|p1|jmikebaeza|sailor|1075
|player|p2|owbd|cynthia-gen4|1114
|gen|9
|tier|[Gen 9] VGC 2025 Reg H (Bo3)
|rated|
|rule|Species Clause: Limit one of each Pokémon
|rule|Item Clause: Limit 1 of each item
|clearpoke
|poke|p1|Ursaluna, L50, M|
|poke|p1|Armarouge, L50, F|
|poke|p1|Indeedee-F, L50, F|
|poke|p1|Torkoal, L50, M|
|poke|p1|Hatterene, L50, F|
|poke|p1|Lilligant-Hisui, L50, F|
|poke|p2|Gholdengo, L50|
|poke|p2|Incineroar, L50, F|
|poke|p2|Ursaluna-Bloodmoon, L50, M|
|poke|p2|Indeedee, L50, M|
|poke|p2|Sneasler, L50, M|
|poke|p2|Murkrow, L50, F|
|teampreview|4
|showteam|p1|Ursaluna||FlameOrb|Guts|Protect,Facade,Earthquake,HeadlongRush|||M|||50|,,,,,Ghost]Armarouge||PowerHerb|FlashFire|TrickRoom,MeteorBeam,ExpandingForce,ArmorCannon|||F|||50|,,,,,Fire]Indeedee-F||PsychicSeed|PsychicSurge|TrickRoom,DazzlingGleam,FollowMe,HelpingHand|||F|||50|,,,,,Fairy]Torkoal||ChoiceSpecs|Drought|Eruption,WeatherBall,EarthPower,Protect|||M|||50|,,,,,Fire]Hatterene||LifeOrb|MagicBounce|DazzlingGleam,ExpandingForce,TrickRoom,Protect|||F|||50|,,,,,Psychic]Lilligant-Hisui||FocusSash|Chlorophyll|CloseCombat,SleepPowder,TripleAxel,AfterYou|||F|||50|,,,,,Ghost
|showteam|p2|Gholdengo||ChoiceSpecs|GoodasGold|MakeItRain,ShadowBall,Thunderbolt,Trick||||||50|,,,,,Steel]Incineroar||SafetyGoggles|Intimidate|FlareBlitz,PartingShot,FakeOut,KnockOff|||F|||50|,,,,,Ghost]Ursaluna-Bloodmoon||AssaultVest|MindsEye|BloodMoon,EarthPower,HyperVoice,Moonblast|||M|||50|,,,,,Normal]Indeedee||FocusSash|PsychicSurge|ExpandingForce,Protect,TrickRoom,Imprison|||M|||50|,,,,,Psychic]Sneasler||PsychicSeed|Unburden|CloseCombat,DireClaw,FakeOut,ThroatChop|||M|||50|,,,,,Stellar]Murkrow||CovertCloak|Prankster|FoulPlay,Haze,SunnyDay,Tailwind|||F|||50|,,,,,Dark
|
|t:|1756798183
|teamsize|p1|4
|teamsize|p2|4
|start
|switch|p1a: Indeedee|Indeedee-F, L50, F|100/100
|switch|p1b: Lilligant|Lilligant-Hisui, L50, F|100/100
|switch|p2a: Indeedee|Indeedee, L50, M|100/100
|switch|p2b: Sneasler|Sneasler, L50, M|100/100
|-fieldstart|move: Psychic Terrain|[from] ability: Psychic Surge|[of] p2a: Indeedee
|-enditem|p2b: Sneasler|Psychic Seed
|-boost|p2b: Sneasler|spd|1|[from] item: Psychic Seed
|-enditem|p1a: Indeedee|Psychic Seed
|-boost|p1a: Indeedee|spd|1|[from] item: Psychic Seed
|turn|1
|
|t:|1756798205
|switch|p1a: Torkoal|Torkoal, L50, M|100/100
|-weather|SunnyDay|[from] ability: Drought|[of] p1a: Torkoal
|move|p1b: Lilligant|Triple Axel|p2a: Indeedee
|-damage|p2a: Indeedee|85/100
|-damage|p2a: Indeedee|54/100
|-damage|p2a: Indeedee|14/100
|-hitcount|p2a: Indeedee|3
|move|p2b: Sneasler|Dire Claw|p1b: Lilligant
|-supereffective|p1b: Lilligant
|-enditem|p1b: Lilligant|Focus Sash
|-damage|p1b: Lilligant|1/100
|move|p2a: Indeedee|Imprison|p2a: Indeedee
|-start|p2a: Indeedee|move: Imprison
|
|-weather|SunnyDay|[upkeep]
|upkeep
|turn|2
|
|t:|1756798249
|switch|p1a: Indeedee|Indeedee-F, L50, F|100/100
|move|p2a: Indeedee|Protect|p2a: Indeedee
|-singleturn|p2a: Indeedee|Protect
|move|p1b: Lilligant|Triple Axel|p2a: Indeedee
|-activate|p2a: Indeedee|move: Protect
|move|p2b: Sneasler|Dire Claw|p1b: Lilligant
|-supereffective|p1b: Lilligant
|-damage|p1b: Lilligant|0 fnt
|faint|p1b: Lilligant
|
|-weather|SunnyDay|[upkeep]
|upkeep
|
|t:|1756798262
|switch|p1b: Armarouge|Armarouge, L50, F|100/100
|turn|3
|
|t:|1756798291
|-terastallize|p2a: Indeedee|Psychic
|move|p2b: Sneasler|Throat Chop|p1a: Indeedee
|-supereffective|p1a: Indeedee
|-damage|p1a: Indeedee|37/100
|-start|p1a: Indeedee|Throat Chop|[silent]
|move|p2a: Indeedee|Expanding Force|p1b: Armarouge|[spread] p1a,p1b
|-resisted|p1a: Indeedee
|-resisted|p1b: Armarouge
|-damage|p1a: Indeedee|6/100
|-damage|p1b: Armarouge|61/100
|move|p1a: Indeedee|Dazzling Gleam|p2a: Indeedee|[spread] p2a,p2b
|-damage|p2a: Indeedee|0 fnt
|-damage|p2b: Sneasler|89/100
|faint|p2a: Indeedee
|move|p1b: Armarouge|Meteor Beam||[still]
|-prepare|p1b: Armarouge|Meteor Beam
|-boost|p1b: Armarouge|spa|1
|-enditem|p1b: Armarouge|Power Herb
|-anim|p1b: Armarouge|Meteor Beam|p2b: Sneasler
|-resisted|p2b: Sneasler
|-damage|p2b: Sneasler|63/100
|
|-weather|SunnyDay|[upkeep]
|upkeep
|
|t:|1756798312
|switch|p2a: Gholdengo|Gholdengo, L50|100/100
|turn|4
|
|t:|1756798335
|-terastallize|p1b: Armarouge|Fire
|move|p1a: Indeedee|Follow Me|p1a: Indeedee
|-singleturn|p1a: Indeedee|move: Follow Me
|move|p2b: Sneasler|Throat Chop|p1a: Indeedee
|-supereffective|p1a: Indeedee
|-damage|p1a: Indeedee|0 fnt
|faint|p1a: Indeedee
|move|p2a: Gholdengo|Make It Rain|p1b: Armarouge
|-resisted|p1b: Armarouge
|-damage|p1b: Armarouge|16/100
|-unboost|p2a: Gholdengo|spa|1
|move|p1b: Armarouge|Trick Room|p1b: Armarouge
|-fieldstart|move: Trick Room|[of] p1b: Armarouge
|
|-weather|SunnyDay|[upkeep]
|upkeep
|
|t:|1756798357
|switch|p1a: Torkoal|Torkoal, L50, M|100/100
|turn|5
|l|☆jmikebaeza
|player|p1|
|j|☆jmikebaeza
|player|p1|jmikebaeza|sailor|
|
|t:|1756798395
|switch|p2b: Ursaluna|Ursaluna-Bloodmoon, L50, M|100/100
|move|p1a: Torkoal|Eruption|p2b: Ursaluna|[spread] p2a,p2b
|-supereffective|p2a: Gholdengo
|-damage|p2a: Gholdengo|0 fnt
|-damage|p2b: Ursaluna|11/100
|faint|p2a: Gholdengo
|move|p1b: Armarouge|Expanding Force|p2b: Ursaluna
|-damage|p2b: Ursaluna|0 fnt
|faint|p2b: Ursaluna
|
|-weather|none
|-fieldend|move: Psychic Terrain
|upkeep
|
|t:|1756798408
|switch|p2b: Sneasler|Sneasler, L50, M|63/100
|turn|6
|
|t:|1756798419
|move|p2b: Sneasler|Fake Out|p1a: Torkoal
|-crit|p1a: Torkoal
|-damage|p1a: Torkoal|83/100
|cant|p1a: Torkoal|flinch
|move|p1b: Armarouge|Trick Room|p1b: Armarouge
|-fieldend|move: Trick Room
|
|upkeep
|turn|7
|
|t:|1756798435
|move|p2b: Sneasler|Throat Chop|p1b: Armarouge
|-damage|p1b: Armarouge|0 fnt
|faint|p1b: Armarouge
|move|p1a: Torkoal|Eruption|p2b: Sneasler
|-damage|p2b: Sneasler|0 fnt
|faint|p2b: Sneasler
|
|win|jmikebaeza
||owbd is ready for game 3.
|inactive|jmikebaeza has 30 seconds to confirm battle start!
|inactive|jmikebaeza has 20 seconds to confirm battle start!
|inactive|jmikebaeza has 10 seconds to confirm battle start!
|uhtml|next|Next: Game 3 of 3
|l|☆jmikebaeza
|player|p1|
