|j|☆goodfish6211
|j|☆Stereofloveeee
|html|goodfish6211Stereofloveeee    
|uhtml|bestof|Game 2 of a best-of-3
|t:|1785393167
|gametype|doubles
|player|p1|goodfish6211|102|1080
|player|p2|Stereofloveeee|170|1166
|gen|9
|tier|[Gen 9 Champions] VGC 2026 Reg M-B (Bo3)
|rated|
|rule|Species Clause: Limit one of each Pokémon
|rule|Item Clause: Limit 1 of each item
|clearpoke
|poke|p1|Charizard, L50, F|
|poke|p1|Sylveon, L50, M, shiny|
|poke|p1|Venusaur, L50, M|
|poke|p1|Kingambit, L50, F|
|poke|p1|Basculegion, L50, M|
|poke|p1|Aerodactyl, L50, M, shiny|
|poke|p2|Excadrill, L50, M|
|poke|p2|Tyranitar, L50, F, shiny|
|poke|p2|Sinistcha, L50|
|poke|p2|Milotic, L50, F, shiny|
|poke|p2|Gholdengo, L50|
|poke|p2|Staraptor, L50, F, shiny|
|teampreview|4
|showteam|p1|Charizard||CharizarditeY|Blaze|HeatWave,WeatherBall,SolarBeam,Protect|Timid||F|||50|]Sylveon||FairyFeather|Pixilate|HyperVoice,Moonblast,QuickAttack,Detect|Modest||M|||50|]Venusaur||LifeOrb|Chlorophyll|GigaDrain,SludgeBomb,EarthPower,Protect|Timid||M|||50|]Kingambit||BlackGlasses|Defiant|KowtowCleave,SuckerPunch,SwordsDance,Protect|Adamant||F|||50|]Basculegion||MysticWater|Adaptability|WaveCrash,LastRespects,AquaJet,Protect|Adamant||M|||50|]Aerodactyl||Aerodactylite|Unnerve|RockSlide,DualWingbeat,Tailwind,Protect|Jolly||M|||50|
|showteam|p2|Excadrill||FocusSash|SandRush|HighHorsepower,Protect,RockSlide,IronHead|Adamant||M|||50|]Tyranitar||Tyranitarite|SandStream|RockSlide,KnockOff,Protect,LowKick|Adamant||F|||50|]Sinistcha||SitrusBerry|Hospitality|MatchaGotcha,LifeDew,RagePowder,ShadowBall|Modest|||||50|]Milotic||Leftovers|Competitive|Scald,IceBeam,IcyWind,Protect|Quiet||F|||50|]Gholdengo||LifeOrb|GoodasGold|MakeItRain,NastyPlot,ShadowBall,Protect|Timid|||||50|]Staraptor||Staraptite|Intimidate|BraveBird,CloseCombat,Tailwind,Protect|Jolly||F|||50|
|inactive|Battle timer is ON: inactive players will automatically lose when time's up. (requested by goodfish6211)
|inactive|Stereofloveeee has 60 seconds left.
|
|t:|1785393202
|teamsize|p1|4
|teamsize|p2|4
|start
|switch|p1a: Aerodactyl|Aerodactyl, L50, M, shiny|100/100
|switch|p1b: Basculegion|Basculegion, L50, M|100/100
|switch|p2a: Staraptor|Staraptor, L50, F, shiny|100/100
|switch|p2b: Excadrill|Excadrill, L50, M|100/100
|-ability|p1a: Aerodactyl|Unnerve
|-ability|p2a: Staraptor|Intimidate|boost
|-unboost|p1a: Aerodactyl|atk|1
|-unboost|p1b: Basculegion|atk|1
|turn|1
|
|t:|1785393219
|detailschange|p2a: Staraptor|Staraptor-Mega, L50, F, shiny
|-mega|p2a: Staraptor|Staraptor|Staraptite
|move|p1a: Aerodactyl|Tailwind|p1a: Aerodactyl
|-sidestart|p1: goodfish6211|move: Tailwind
|move|p1b: Basculegion|Wave Crash|p2b: Excadrill
|-supereffective|p2b: Excadrill|1
|-enditem|p2b: Excadrill|Focus Sash
|-damage|p2b: Excadrill|1/100
|-damage|p1b: Basculegion|69/100|[from] Recoil
|move|p2a: Staraptor|Tailwind|p2a: Staraptor
|-sidestart|p2: Stereofloveeee|move: Tailwind
|move|p2b: Excadrill|High Horsepower|p1b: Basculegion
|-damage|p1b: Basculegion|0 fnt
|faint|p1b: Basculegion
|
|upkeep
|
|t:|1785393225
|switch|p1b: Charizard|Charizard, L50, F|100/100
|turn|2
|inactive|goodfish6211 has 30 seconds left.
|
|t:|1785393251
|detailschange|p1b: Charizard|Charizard-Mega-Y, L50, F
|-mega|p1b: Charizard|Charizard|Charizardite Y
|-weather|SunnyDay|[from] ability: Drought|[of] p1b: Charizard
|move|p2a: Staraptor|Protect|p2a: Staraptor
|-singleturn|p2a: Staraptor|Protect
|move|p2b: Excadrill|Protect|p2b: Excadrill
|-singleturn|p2b: Excadrill|Protect
|move|p1a: Aerodactyl|Dual Wingbeat|p2a: Staraptor
|-activate|p2a: Staraptor|move: Protect
|move|p1b: Charizard|Solar Beam||[still]
|-prepare|p1b: Charizard|Solar Beam
|-anim|p1b: Charizard|Solar Beam|p2b: Excadrill
|-activate|p2b: Excadrill|move: Protect
|
|-weather|SunnyDay|[upkeep]
|upkeep
|turn|3
|
|t:|1785393265
|switch|p2a: Tyranitar|Tyranitar, L50, F, shiny|100/100
|-weather|Sandstorm|[from] ability: Sand Stream|[of] p2a: Tyranitar
|switch|p1b: Venusaur|Venusaur, L50, M|100/100
|move|p2b: Excadrill|Rock Slide|p1b: Venusaur|[spread] p1a,p1b
|-supereffective|p1a: Aerodactyl|1
|-crit|p1b: Venusaur
|-damage|p1a: Aerodactyl|32/100
|-damage|p1b: Venusaur|52/100
|move|p1a: Aerodactyl|Rock Slide|p2a: Tyranitar|[spread] p2a,p2b
|-resisted|p2b: Excadrill|2
|-damage|p2a: Tyranitar|85/100
|-damage|p2b: Excadrill|0 fnt
|faint|p2b: Excadrill
|
|-weather|Sandstorm|[upkeep]
|-damage|p1b: Venusaur|47/100|[from] Sandstorm
|upkeep
|
|t:|1785393280
|switch|p2b: Staraptor|Staraptor-Mega, L50, F, shiny|100/100
|turn|4
|
|t:|1785393297
|switch|p2a: Gholdengo|Gholdengo, L50|100/100
|move|p1a: Aerodactyl|Protect|p1a: Aerodactyl
|-singleturn|p1a: Aerodactyl|Protect
|move|p2b: Staraptor|Protect|p2b: Staraptor
|-singleturn|p2b: Staraptor|Protect
|move|p1b: Venusaur|Giga Drain|p2a: Gholdengo
|-resisted|p2a: Gholdengo|1
|-damage|p2a: Gholdengo|76/100
|-heal|p1b: Venusaur|59/100|[from] drain|[of] p2a: Gholdengo
|-damage|p1b: Venusaur|50/100g|[from] item: Life Orb
|
|-weather|Sandstorm|[upkeep]
|-damage|p2b: Staraptor|93/100|[from] Sandstorm
|-damage|p1b: Venusaur|44/100|[from] Sandstorm
|-sideend|p2: Stereofloveeee|move: Tailwind
|-sideend|p1: goodfish6211|move: Tailwind
|upkeep
|turn|5
|inactive|Stereofloveeee has 30 seconds left.
|
|t:|1785393330
|move|p1a: Aerodactyl|Tailwind|p1a: Aerodactyl
|-sidestart|p1: goodfish6211|move: Tailwind
|move|p1b: Venusaur|Earth Power|p2a: Gholdengo
|-supereffective|p2a: Gholdengo|1
|-damage|p2a: Gholdengo|0 fnt
|faint|p2a: Gholdengo
|-damage|p1b: Venusaur|35/100|[from] item: Life Orb
|move|p2b: Staraptor|Tailwind|p2b: Staraptor
|-sidestart|p2: Stereofloveeee|move: Tailwind
|
|-weather|Sandstorm|[upkeep]
|-damage|p2b: Staraptor|87/100|[from] Sandstorm
|-damage|p1b: Venusaur|29/100|[from] Sandstorm
|upkeep
|
|t:|1785393337
|switch|p2a: Tyranitar|Tyranitar, L50, F, shiny|85/100
|turn|6
|
|t:|1785393361
|move|p1b: Venusaur|Protect|p1b: Venusaur
|-singleturn|p1b: Venusaur|Protect
|move|p2a: Tyranitar|Protect|p2a: Tyranitar
|-singleturn|p2a: Tyranitar|Protect
|move|p1a: Aerodactyl|Dual Wingbeat|p2b: Staraptor
|-supereffective|p2b: Staraptor|1
|-damage|p2b: Staraptor|65/100
|-supereffective|p2b: Staraptor|1
|-damage|p2b: Staraptor|43/100
|-hitcount|p2b: Staraptor|2
|move|p2b: Staraptor|Brave Bird|p1b: Venusaur
|-activate|p1b: Venusaur|move: Protect
|
|-weather|Sandstorm|[upkeep]
|-damage|p2b: Staraptor|37/100|[from] Sandstorm
|-damage|p1b: Venusaur|23/100|[from] Sandstorm
|upkeep
|turn|7
|inactive|goodfish6211 has 30 seconds left.
|
|t:|1785393387
|move|p1a: Aerodactyl|Dual Wingbeat|p2b: Staraptor
|-supereffective|p2b: Staraptor|1
|-damage|p2b: Staraptor|12/100
|-supereffective|p2b: Staraptor|1
|-damage|p2b: Staraptor|0 fnt
|faint|p2b: Staraptor
|-hitcount|p2: Staraptor|2
|move|p1b: Venusaur|Giga Drain|p2a: Tyranitar
|-supereffective|p2a: Tyranitar|1
|-damage|p2a: Tyranitar|34/100
|-heal|p1b: Venusaur|53/100|[from] drain|[of] p2a: Tyranitar
|-damage|p1b: Venusaur|43/100|[from] item: Life Orb
|move|p2a: Tyranitar|Rock Slide|p1a: Aerodactyl|[spread] p1a,p1b
|-supereffective|p1a: Aerodactyl|1
|-damage|p1a: Aerodactyl|0 fnt
|-damage|p1b: Venusaur|3/100
|faint|p1a: Aerodactyl
|
|-weather|none
|upkeep
|
|t:|1785393396
|switch|p1a: Charizard|Charizard-Mega-Y, L50, F|100/100
|-weather|SunnyDay|[from] ability: Drought|[of] p1a: Charizard
|turn|8
|
|t:|1785393405
|move|p1b: Venusaur|Giga Drain|p2a: Tyranitar
|-supereffective|p2a: Tyranitar|1
|-damage|p2a: Tyranitar|0 fnt
|-heal|p1b: Venusaur|24/100|[from] drain|[of] p2a: Tyranitar
|faint|p2a: Tyranitar
|-damage|p1b: Venusaur|15/100|[from] item: Life Orb
|
|win|goodfish6211
||Stereofloveeee is ready for game 3.
||goodfish6211 is ready for game 3.
|uhtml|next|Next: Game 3 of 3
