|j|☆damage63
|j|☆Iceriderplayer370
|html|damage63Iceriderplayer370    
|uhtml|bestof|Game 2 of a best-of-3
|t:|1754598471
|gametype|doubles
|player|p1|damage63|fisherman-gen4|1385
|player|p2|Iceriderplayer370|wattson|1446
|gen|9
|tier|[Gen 9] VGC 2025 Reg H (Bo3)
|rated|
|rule|Species Clause: Limit one of each Pokémon
|rule|Item Clause: Limit 1 of each item
|clearpoke
|poke|p1|Charizard, L50, F|
|poke|p1|Torkoal, L50, F|
|poke|p1|Porygon2, L50|
|poke|p1|Incineroar, L50, M|
|poke|p1|Jumpluff, L50, M|
|poke|p1|Ursaluna, L50, F|
|poke|p2|Charizard, L50, F|
|poke|p2|Torkoal, L50, M|
|poke|p2|Porygon2, L50|
|poke|p2|Incineroar, L50, M|
|poke|p2|Jumpluff, L50, F|
|poke|p2|Ursaluna, L50, M|
|teampreview|4
|showteam|p1|Charizard||ChoiceSpecs|SolarPower|HeatWave,Overheat,WeatherBall,AirSlash|||F|||50|,,,,,Ghost]Torkoal||EjectPack|Drought|Eruption,Overheat,HelpingHand,Protect|||F|||50|,,,,,Fire]Porygon2||Eviolite|Download|IceBeam,TeraBlast,TrickRoom,Recover||||||50|,,,,,Fighting]Incineroar||SafetyGoggles|Intimidate|FlareBlitz,KnockOff,FakeOut,PartingShot|||M|||50|,,,,,Ghost]Jumpluff||CovertCloak|Chlorophyll|SleepPowder,SunnyDay,RagePowder,Tailwind|||M|||50|,,,,,Water]Ursaluna||FlameOrb|Guts|HeadlongRush,Facade,Earthquake,Protect|||F|||50|,,,,,Ghost
|showteam|p2|Charizard||ChoiceSpecs|SolarPower|HeatWave,Overheat,WeatherBall,AirSlash|||F|||50|,,,,,Ghost]Torkoal||EjectPack|Drought|Eruption,Overheat,HelpingHand,Protect|||M|||50|,,,,,Fire]Porygon2||Eviolite|Download|TeraBlast,IceBeam,Recover,TrickRoom||||||50|,,,,,Fighting]Incineroar||SitrusBerry|Intimidate|FlareBlitz,KnockOff,FakeOut,PartingShot|||M|||50|,,,,,Ghost]Jumpluff||CovertCloak|Chlorophyll|SleepPowder,SunnyDay,RagePowder,Tailwind|||F|||50|,,,,,Water]Ursaluna||FlameOrb|Guts|HeadlongRush,Facade,Earthquake,Protect|||M|||50|,,,,,Ghost
|inactive|Battle timer is ON: inactive players will automatically lose when time's up. (requested by Iceriderplayer370)
|
|t:|1754598492
|teamsize|p1|4
|teamsize|p2|4
|start
|switch|p1a: Jumpluff|Jumpluff, L50, M|100/100
|switch|p1b: Incineroar|Incineroar, L50, M|100/100
|switch|p2a: Ursaluna|Ursaluna, L50, M|100/100
|switch|p2b: Incineroar|Incineroar, L50, M|100/100
|-ability|p2b: Incineroar|Intimidate|boost
|-unboost|p1a: Jumpluff|atk|1
|-unboost|p1b: Incineroar|atk|1
|-ability|p1b: Incineroar|Intimidate|boost
|-unboost|p2a: Ursaluna|atk|1
|-unboost|p2b: Incineroar|atk|1
|turn|1
|
|t:|1754598501
|switch|p2b: Jumpluff|Jumpluff, L50, F|100/100
|move|p2a: Ursaluna|Protect|p2a: Ursaluna
|-singleturn|p2a: Ursaluna|Protect
|move|p1a: Jumpluff|Sleep Powder|p2b: Jumpluff
|-immune|p2b: Jumpluff
|move|p1b: Incineroar|Parting Shot|p2b: Jumpluff
|-unboost|p2b: Jumpluff|atk|1
|-unboost|p2b: Jumpluff|spa|1
|
|t:|1754598510
|switch|p1b: Ursaluna|Ursaluna, L50, F|100/100|[from] Parting Shot
|
|-status|p2a: Ursaluna|brn|[from] item: Flame Orb
|-status|p1b: Ursaluna|brn|[from] item: Flame Orb
|upkeep
|turn|2
|
|t:|1754598519
|move|p2b: Jumpluff|Tailwind|p2b: Jumpluff
|-sidestart|p2: Iceriderplayer370|move: Tailwind
|move|p2a: Ursaluna|Facade|p1a: Jumpluff
|-damage|p1a: Jumpluff|0 fnt
|faint|p1a: Jumpluff
|move|p1b: Ursaluna|Headlong Rush|p2a: Ursaluna
|-damage|p2a: Ursaluna|19/100 brn
|-unboost|p1b: Ursaluna|def|1
|-unboost|p1b: Ursaluna|spd|1
|
|-damage|p2a: Ursaluna|14/100 brn|[from] brn
|-damage|p1b: Ursaluna|95/100 brn|[from] brn
|upkeep
|
|t:|1754598524
|switch|p1a: Incineroar|Incineroar, L50, M|100/100
|-ability|p1a: Incineroar|Intimidate|boost
|-unboost|p2a: Ursaluna|atk|1
|-unboost|p2b: Jumpluff|atk|1
|turn|3
|
|t:|1754598539
|switch|p2b: Incineroar|Incineroar, L50, M|100/100
|-ability|p2b: Incineroar|Intimidate|boost
|-unboost|p1a: Incineroar|atk|1
|-unboost|p1b: Ursaluna|atk|1
|-terastallize|p2a: Ursaluna|Ghost
|move|p2a: Ursaluna|Facade|p1b: Ursaluna
|-damage|p1b: Ursaluna|20/100 brn
|move|p1a: Incineroar|Knock Off|p2a: Ursaluna
|-supereffective|p2a: Ursaluna
|-damage|p2a: Ursaluna|0 fnt
|-enditem|p2a: Ursaluna|Flame Orb|[from] move: Knock Off|[of] p1a: Incineroar
|faint|p2a: Ursaluna
|move|p1b: Ursaluna|Facade|p2b: Incineroar
|-damage|p2b: Incineroar|20/100
|-enditem|p2b: Incineroar|Sitrus Berry|[eat]
|-heal|p2b: Incineroar|45/100|[from] item: Sitrus Berry
|
|-damage|p1b: Ursaluna|14/100 brn|[from] brn
|upkeep
|
|t:|1754598561
|switch|p2a: Charizard|Charizard, L50, F|100/100
|turn|4
|inactive|damage63 has 30 seconds left.
|
|t:|1754598591
|-terastallize|p1a: Incineroar|Ghost
|move|p2a: Charizard|Air Slash|p1a: Incineroar
|-damage|p1a: Incineroar|50/100
|move|p2b: Incineroar|Knock Off|p1b: Ursaluna
|-damage|p1b: Ursaluna|0 fnt
|-enditem|p1b: Ursaluna|Flame Orb|[from] move: Knock Off|[of] p2b: Incineroar
|faint|p1b: Ursaluna
|move|p1a: Incineroar|Parting Shot|p2a: Charizard
|-unboost|p2a: Charizard|atk|1
|-unboost|p2a: Charizard|spa|1
|
|t:|1754598596
|switch|p1a: Charizard|Charizard, L50, F|100/100|[from] Parting Shot
|
|upkeep
|
|t:|1754598597
|switch|p1b: Incineroar|Incineroar, L50, M, tera:Ghost|50/100
|-ability|p1b: Incineroar|Intimidate|boost
|-unboost|p2a: Charizard|atk|1
|-unboost|p2b: Incineroar|atk|1
|turn|5
|inactive|damage63 has 30 seconds left.
|
|t:|1754598624
|move|p1b: Incineroar|Fake Out|p2b: Incineroar
|-damage|p2b: Incineroar|33/100
|move|p2a: Charizard|Air Slash|p1a: Charizard
|-damage|p1a: Charizard|57/100
|cant|p2b: Incineroar|flinch
|move|p1a: Charizard|Air Slash|p2b: Incineroar
|-damage|p2b: Incineroar|0 fnt
|faint|p2b: Incineroar
|
|-sideend|p2: Iceriderplayer370|move: Tailwind
|upkeep
|
|t:|1754598632
|switch|p2b: Jumpluff|Jumpluff, L50, F|100/100
|turn|6
|
|t:|1754598641
|move|p2b: Jumpluff|Sleep Powder|p1a: Charizard
|-status|p1a: Charizard|slp|[from] move: Sleep Powder
|cant|p1a: Charizard|slp
|move|p2a: Charizard|Air Slash|p1b: Incineroar
|-damage|p1b: Incineroar|17/100
|cant|p1b: Incineroar|flinch
|
|upkeep
|turn|7
|
|t:|1754598649
|move|p2b: Jumpluff|Tailwind|p2b: Jumpluff
|-sidestart|p2: Iceriderplayer370|move: Tailwind
|move|p2a: Charizard|Air Slash|p1b: Incineroar
|-damage|p1b: Incineroar|0 fnt
|faint|p1b: Incineroar
|-curestatus|p1a: Charizard|slp|[msg]
|move|p1a: Charizard|Air Slash|p2a: Charizard
|-damage|p2a: Charizard|25/100
|
|upkeep
|turn|8
|
|t:|1754598654
|move|p2b: Jumpluff|Sleep Powder|p1a: Charizard
|-status|p1a: Charizard|slp|[from] move: Sleep Powder
|move|p2a: Charizard|Air Slash|p1a: Charizard
|-damage|p1a: Charizard|14/100 slp
|cant|p1a: Charizard|slp
|
|upkeep
|turn|9
|
|t:|1754598657
|move|p2b: Jumpluff|Sleep Powder|p1a: Charizard
|-fail|p1a: Charizard|slp
|move|p2a: Charizard|Air Slash|p1a: Charizard
|-damage|p1a: Charizard|0 fnt
|faint|p1a: Charizard
|
|win|Iceriderplayer370
|raw|damage63's rating: 1385 → 1368(-17 for losing)
|raw|Iceriderplayer370's rating: 1446 → 1463(+17 for winning)
|l|☆damage63
|player|p1|
