|j|☆2lico
|j|☆tiramisaurus
|html|2licotiramisaurus    
|uhtml|bestof|Game 1 of a best-of-3
|t:|1757828394
|gametype|doubles
|player|p1|2lico|mrstone|1381
|player|p2|tiramisaurus|101|1261
|gen|9
|tier|[Gen 9] VGC 2025 Reg H (Bo3)
|rated|
|rule|Species Clause: Limit one of each Pokémon
|rule|Item Clause: Limit 1 of each item
|clearpoke
|poke|p1|Excadrill, L50, M|
|poke|p1|Tyranitar, L50, F|
|poke|p1|Sneasler, L50, M|
|poke|p1|Indeedee, L50, M|
|poke|p1|Corviknight, L50, F|
|poke|p1|Annihilape, L50, M|
|poke|p2|Kilowattrel, L50, M|
|poke|p2|Ninetales-Alola, L50, F|
|poke|p2|Garchomp, L50, F|
|poke|p2|Incineroar, L50, F|
|poke|p2|Gholdengo, L50|
|poke|p2|Annihilape, L50, F|
|teampreview|4
|showteam|p1|Excadrill||FocusSash|SandRush|IronHead,HighHorsepower,Earthquake,Protect|||M|||50|,,,,,Stellar]Tyranitar||AssaultVest|SandStream|RockSlide,KnockOff,TeraBlast,LowKick|||F|||50|,,,,,Flying]Sneasler||PsychicSeed|Unburden|DireClaw,CloseCombat,ThroatChop,Protect|||M|||50|,,,,,Dark]Indeedee||ChoiceScarf|PsychicSurge|ExpandingForce,TeraBlast,Protect,Trick|||M|||50|,,,,,Psychic]Corviknight||Leftovers|MirrorArmor|BraveBird,BulkUp,Roost,Tailwind|||F|||50|,,,,,Dragon]Annihilape||SafetyGoggles|Defiant|CloseCombat,FinalGambit,RageFist,Taunt|||M|||50|,,,,,Water
|showteam|p2|Kilowattrel||FocusSash|Competitive|Discharge,Protect,Tailwind,AirSlash|||M|||50|,,,,,Ghost]Ninetales-Alola||CovertCloak|SnowWarning|FreezeDry,Blizzard,Moonblast,Protect|||F|||50|,,,,,Water]Garchomp||LifeOrb|RoughSkin|DragonClaw,Earthquake,StompingTantrum,Protect|||F|||50|,,,,,Steel]Incineroar||MirrorHerb|Intimidate|FakeOut,KnockOff,PartingShot,FlareBlitz|||F|||50|,,,,,Ghost]Gholdengo||MetalCoat|GoodasGold|NastyPlot,MakeItRain,ShadowBall,Protect||||||50|,,,,,Water]Annihilape||SafetyGoggles|Defiant|CloseCombat,RageFist,FinalGambit,Protect|||F|||50|,,,,,Water
|inactive|Battle timer is ON: inactive players will automatically lose when time's up. (requested by 2lico)
|
|t:|1757828458
|teamsize|p1|4
|teamsize|p2|4
|start
|switch|p1a: Sneasler|Sneasler, L50, M, shiny|100/100
|switch|p1b: Indeedee|Indeedee, L50, M, shiny|100/100
|switch|p2a: Kilowattrel|Kilowattrel, L50, M|100/100
|switch|p2b: Incineroar|Incineroar, L50, F|100/100
|-fieldstart|move: Psychic Terrain|[from] ability: Psychic Surge|[of] p1b: Indeedee
|-enditem|p1a: Sneasler|Psychic Seed
|-boost|p1a: Sneasler|spd|1|[from] item: Psychic Seed
|-ability|p2b: Incineroar|Intimidate|boost
|-unboost|p1a: Sneasler|atk|1
|-unboost|p1b: Indeedee|atk|1
|-enditem|p2b: Incineroar|Mirror Herb
|-boost|p2b: Incineroar|spd|1|[from] item: Mirror Herb
|turn|1
|inactive|2lico has 30 seconds left.
|
|t:|1757828485
|switch|p2a: Gholdengo|Gholdengo, L50|100/100
|move|p1a: Sneasler|Dire Claw|p2a: Gholdengo
|-immune|p2a: Gholdengo
|move|p1b: Indeedee|Expanding Force|p2b: Incineroar|[spread] p2a
|-immune|p2b: Incineroar
|-resisted|p2a: Gholdengo
|-damage|p2a: Gholdengo|68/100
|move|p2b: Incineroar|Knock Off|p1b: Indeedee
|-supereffective|p1b: Indeedee
|-damage|p1b: Indeedee|0 fnt
|-enditem|p1b: Indeedee|Choice Scarf|[from] move: Knock Off|[of] p2b: Incineroar
|faint|p1b: Indeedee
|
|upkeep
|
|t:|1757828492
|switch|p1b: Excadrill|Excadrill, L50, M, shiny|100/100
|turn|2
|
|t:|1757828517
|switch|p2b: Ninetales|Ninetales-Alola, L50, F|100/100
|-weather|Snowscape|[from] ability: Snow Warning|[of] p2b: Ninetales
|-terastallize|p2a: Gholdengo|Water
|move|p1a: Sneasler|Dire Claw|p2b: Ninetales
|-supereffective|p2b: Ninetales
|-damage|p2b: Ninetales|36/100
|move|p2a: Gholdengo|Nasty Plot|p2a: Gholdengo
|-boost|p2a: Gholdengo|spa|2
|move|p1b: Excadrill|High Horsepower|p2b: Ninetales
|-damage|p2b: Ninetales|0 fnt
|faint|p2b: Ninetales
|
|-weather|Snowscape|[upkeep]
|upkeep
|
|t:|1757828534
|switch|p2b: Incineroar|Incineroar, L50, F|100/100
|-ability|p2b: Incineroar|Intimidate|boost
|-unboost|p1a: Sneasler|atk|1
|-unboost|p1b: Excadrill|atk|1
|turn|3
|
|t:|1757828559
|move|p1a: Sneasler|Protect|p1a: Sneasler
|-singleturn|p1a: Sneasler|Protect
|move|p2a: Gholdengo|Make It Rain|p1a: Sneasler|[spread] p1b
|-activate|p1a: Sneasler|move: Protect
|-resisted|p1b: Excadrill
|-damage|p1b: Excadrill|22/100
|-unboost|p2a: Gholdengo|spa|1
|move|p1b: Excadrill|Earthquake|p2a: Gholdengo|[spread] p2a,p2b
|-activate|p1a: Sneasler|move: Protect
|-supereffective|p2b: Incineroar
|-damage|p2a: Gholdengo|36/100
|-damage|p2b: Incineroar|49/100
|move|p2b: Incineroar|Knock Off|p1b: Excadrill
|-damage|p1b: Excadrill|0 fnt
|-enditem|p1b: Excadrill|Focus Sash|[from] move: Knock Off|[of] p2b: Incineroar
|faint|p1b: Excadrill
|
|-weather|Snowscape|[upkeep]
|upkeep
|
|t:|1757828570
|switch|p1b: Tyranitar|Tyranitar, L50, F, shiny|100/100
|-weather|Sandstorm|[from] ability: Sand Stream|[of] p1b: Tyranitar
|turn|4
|
|t:|1757828594
|move|p2a: Gholdengo|Protect|p2a: Gholdengo
|-singleturn|p2a: Gholdengo|Protect
|move|p1a: Sneasler|Close Combat|p2a: Gholdengo
|-activate|p2a: Gholdengo|move: Protect
|move|p2b: Incineroar|Parting Shot|p1b: Tyranitar
|-unboost|p1b: Tyranitar|atk|1
|-unboost|p1b: Tyranitar|spa|1
|
|t:|1757828604
|switch|p2b: Kilowattrel|Kilowattrel, L50, M|100/100|[from] Parting Shot
|move|p1b: Tyranitar|Rock Slide|p2a: Gholdengo|[spread] p2b
|-activate|p2a: Gholdengo|move: Protect
|-supereffective|p2b: Kilowattrel
|-crit|p2b: Kilowattrel
|-enditem|p2b: Kilowattrel|Focus Sash
|-damage|p2b: Kilowattrel|1/100
|
|-weather|Sandstorm|[upkeep]
|-damage|p1a: Sneasler|95/100|[from] Sandstorm
|-damage|p2b: Kilowattrel|0 fnt|[from] Sandstorm
|-damage|p2a: Gholdengo|30/100|[from] Sandstorm
|faint|p2b: Kilowattrel
|upkeep
|
|t:|1757828618
|switch|p2b: Incineroar|Incineroar, L50, F|49/100
|-ability|p2b: Incineroar|Intimidate|boost
|-unboost|p1a: Sneasler|atk|1
|-unboost|p1b: Tyranitar|atk|1
|turn|5
|
|t:|1757828638
|-terastallize|p1b: Tyranitar|Flying
|move|p1a: Sneasler|Close Combat|p2a: Gholdengo
|-damage|p2a: Gholdengo|0 fnt
|-unboost|p1a: Sneasler|def|1
|-unboost|p1a: Sneasler|spd|1
|faint|p2a: Gholdengo
|move|p2b: Incineroar|Knock Off|p1b: Tyranitar
|-damage|p1b: Tyranitar|70/100
|-enditem|p1b: Tyranitar|Assault Vest|[from] move: Knock Off|[of] p2b: Incineroar
|move|p1b: Tyranitar|Rock Slide|p2b: Incineroar
|-supereffective|p2b: Incineroar
|-damage|p2b: Incineroar|12/100
|
|-weather|Sandstorm|[upkeep]
|-damage|p1a: Sneasler|89/100|[from] Sandstorm
|-damage|p2b: Incineroar|6/100|[from] Sandstorm
|-damage|p1b: Tyranitar|64/100|[from] Sandstorm
|-fieldend|move: Psychic Terrain
|upkeep
|turn|6
|
|t:|1757828657
|move|p1a: Sneasler|Close Combat|p2b: Incineroar
|-supereffective|p2b: Incineroar
|-damage|p2b: Incineroar|0 fnt
|-unboost|p1a: Sneasler|def|1
|-unboost|p1a: Sneasler|spd|1
|faint|p2b: Incineroar
|
|win|2lico
||tiramisaurus is ready for game 2.
||2lico is ready for game 2.
|uhtml|next|Next: Game 2 of 3
