|j|☆Eeeth019
|j|☆Yutsami
|html|Eeeth019Yutsami    
|uhtml|bestof|Game 2 of a best-of-3
|t:|1782326326
|gametype|doubles
|player|p1|Eeeth019|1|1040
|player|p2|Yutsami|n|1068
|gen|9
|tier|[Gen 9 Champions] VGC 2026 Reg M-B (Bo3)
|rated|
|rule|Species Clause: Limit one of each Pokémon
|rule|Item Clause: Limit 1 of each item
|clearpoke
|poke|p1|Sinistcha, L50|
|poke|p1|Gardevoir, L50, F, shiny|
|poke|p1|Snorlax, L50, M, shiny|
|poke|p1|Farigiraf, L50, M|
|poke|p1|Incineroar, L50, F|
|poke|p1|Aegislash, L50, F, shiny|
|poke|p2|Whimsicott, L50, M|
|poke|p2|Staraptor, L50, F|
|poke|p2|Garchomp, L50, M|
|poke|p2|Gholdengo, L50|
|poke|p2|Basculegion, L50, M|
|poke|p2|Typhlosion-Hisui, L50, F|
|teampreview|4
|showteam|p1|Sinistcha||KasibBerry|Hospitality|MatchaGotcha,RagePowder,LifeDew,TrickRoom|Bold|||||50|]Gardevoir||Gardevoirite|Telepathy|HyperVoice,HealPulse,TrickRoom,Protect|Quiet||F|||50|]Snorlax||LumBerry|ThickFat|BellyDrum,Protect,BodySlam,Earthquake|Brave||M|||50|]Farigiraf||ColburBerry|ArmorTail|Psychic,Protect,HelpingHand,TrickRoom|Quiet||M|||50|]Incineroar||SitrusBerry|Intimidate|FlareBlitz,ThroatChop,PartingShot,FakeOut|Careful||F|||50|]Aegislash||FocusSash|StanceChange|Poltergeist,CloseCombat,IronHead,KingsShield|Adamant||F|||50|
|showteam|p2|Whimsicott||FocusSash|Prankster|Moonblast,Tickle,FakeTears,Tailwind|Timid||M|||50|]Staraptor||Staraptite|Intimidate|BraveBird,CloseCombat,Roost,Protect|Jolly||F|||50|]Garchomp||RoseliBerry|RoughSkin|DragonClaw,StompingTantrum,RockSlide,PoisonJab|Jolly||M|||50|]Gholdengo||LifeOrb|GoodasGold|MakeItRain,ShadowBall,PowerGem,Protect|Modest|||||50|]Basculegion||MysticWater|Adaptability|WaveCrash,LastRespects,AquaJet,Protect|Adamant||M|||50|]Typhlosion-Hisui||ChoiceScarf|Frisk|ShadowBall,Eruption,HeatWave,BurnUp|Modest||F|||50|
|inactive|Battle timer is ON: inactive players will automatically lose when time's up. (requested by Yutsami)
|inactive|Eeeth019 has 60 seconds left.
|inactive|Yutsami has 60 seconds left.
|inactive|Eeeth019 has 30 seconds left.
|inactive|Yutsami has 30 seconds left.
|
|t:|1782326393
|teamsize|p1|4
|teamsize|p2|4
|start
|switch|p1a: Sinistcha|Sinistcha, L50|100/100
|switch|p1b: Incineroar|Incineroar, L50, F|100/100
|switch|p2a: Gholdengo|Gholdengo, L50|100/100
|switch|p2b: Typhlosion|Typhlosion-Hisui, L50, F|100/100
|-item|p1a: Sinistcha|Kasib Berry|[from] ability: Frisk|[of] p2b: Typhlosion
|-item|p1b: Incineroar|Sitrus Berry|[from] ability: Frisk|[of] p2b: Typhlosion
|-ability|p1b: Incineroar|Intimidate|boost
|-unboost|p2a: Gholdengo|atk|1
|-unboost|p2b: Typhlosion|atk|1
|turn|1
|
|t:|1782326416
|switch|p1a: Aegislash|Aegislash, L50, F, shiny|100/100
|move|p2b: Typhlosion|Eruption|p1a: Aegislash|[spread] p1a,p1b
|-supereffective|p1a: Aegislash|1
|-resisted|p1b: Incineroar|1
|-damage|p1a: Aegislash|2/100
|-damage|p1b: Incineroar|74/100
|move|p2a: Gholdengo|Shadow Ball|p1a: Aegislash
|-supereffective|p1a: Aegislash|1
|-damage|p1a: Aegislash|0 fnt
|faint|p1a: Aegislash
|-damage|p2a: Gholdengo|90/100|[from] item: Life Orb
|move|p1b: Incineroar|Throat Chop|p2b: Typhlosion
|-supereffective|p2b: Typhlosion|1
|-damage|p2b: Typhlosion|8/100
|-start|p2b: Typhlosion|Throat Chop|[silent]
|
|upkeep
|
|t:|1782326431
|switch|p1a: Sinistcha|Sinistcha, L50|100/100
|-heal|p1b: Incineroar|99/100|[from] ability: Hospitality|[of] p1a: Sinistcha
|turn|2
|
|t:|1782326454
|switch|p2a: Staraptor|Staraptor, L50, F|100/100
|-ability|p2a: Staraptor|Intimidate|boost
|-unboost|p1a: Sinistcha|atk|1
|-unboost|p1b: Incineroar|atk|1
|move|p2b: Typhlosion|Eruption|p1b: Incineroar|[spread] p1a,p1b
|-supereffective|p1a: Sinistcha|1
|-resisted|p1b: Incineroar|1
|-damage|p1a: Sinistcha|88/100
|-damage|p1b: Incineroar|98/100
|move|p1b: Incineroar|Flare Blitz|p2a: Staraptor
|-damage|p2a: Staraptor|49/100
|-damage|p1b: Incineroar|84/100|[from] Recoil
|move|p1a: Sinistcha|Trick Room|p1a: Sinistcha
|-fieldstart|move: Trick Room|[of] p1a: Sinistcha
|
|-end|p2b: Typhlosion|Throat Chop|[silent]
|upkeep
|turn|3
|inactive|Eeeth019 has 30 seconds left.
|
|t:|1782326487
|detailschange|p2a: Staraptor|Staraptor-Mega, L50, F
|-mega|p2a: Staraptor|Staraptor|Staraptite
|move|p1b: Incineroar|Flare Blitz|p2a: Staraptor
|-damage|p2a: Staraptor|15/100
|-damage|p1b: Incineroar|75/100|[from] Recoil
|move|p1a: Sinistcha|Matcha Gotcha|p2b: Typhlosion|[spread] p2a,p2b
|-resisted|p2a: Staraptor|1
|-resisted|p2b: Typhlosion|1
|-damage|p2a: Staraptor|1/100
|-heal|p1a: Sinistcha|95/100|[from] drain|[of] p2a: Staraptor
|-damage|p2b: Typhlosion|0 fnt
|-heal|p1a: Sinistcha|98/100|[from] drain|[of] p2b: Typhlosion
|faint|p2b: Typhlosion
|move|p2a: Staraptor|Close Combat|p1b: Incineroar
|-supereffective|p1b: Incineroar|1
|-damage|p1b: Incineroar|0 fnt
|-boost|p2a: Staraptor|def|1
|-boost|p2a: Staraptor|spd|1
|faint|p1b: Incineroar
|
|upkeep
|
|t:|1782326505
|switch|p1b: Gardevoir|Gardevoir, L50, F, shiny|100/100
|switch|p2b: Gholdengo|Gholdengo, L50|90/100
|turn|4
|
|t:|1782326516
|detailschange|p1b: Gardevoir|Gardevoir-Mega, L50, F, shiny
|-mega|p1b: Gardevoir|Gardevoir|Gardevoirite
|move|p2b: Gholdengo|Protect|p2b: Gholdengo
|-singleturn|p2b: Gholdengo|Protect
|move|p2a: Staraptor|Protect|p2a: Staraptor
|-singleturn|p2a: Staraptor|Protect
|move|p1a: Sinistcha|Matcha Gotcha|p2b: Gholdengo|[spread] 
|-activate|p2a: Staraptor|move: Protect
|-activate|p2b: Gholdengo|move: Protect
|move|p1b: Gardevoir|Hyper Voice|p2b: Gholdengo|[spread] 
|-activate|p2a: Staraptor|move: Protect
|-activate|p2b: Gholdengo|move: Protect
|
|upkeep
|turn|5
|
|t:|1782326540
|move|p1a: Sinistcha|Rage Powder|p1a: Sinistcha
|-singleturn|p1a: Sinistcha|move: Rage Powder
|move|p1b: Gardevoir|Hyper Voice|p2a: Staraptor|[spread] p2a,p2b
|-supereffective|p2a: Staraptor|1
|-resisted|p2b: Gholdengo|1
|-damage|p2a: Staraptor|0 fnt
|-damage|p2b: Gholdengo|60/100
|faint|p2a: Staraptor
|move|p2b: Gholdengo|Make It Rain|p1b: Gardevoir|[spread] p1a,p1b
|-supereffective|p1b: Gardevoir|1
|-damage|p1a: Sinistcha|32/100
|-damage|p1b: Gardevoir|6/100
|-unboost|p2b: Gholdengo|spa|2
|-damage|p2b: Gholdengo|51/100|[from] item: Life Orb
|
|upkeep
|
|t:|1782326551
|switch|p2a: Basculegion|Basculegion, L50, M|100/100
|turn|6
|
|t:|1782326571
|move|p1b: Gardevoir|Protect|p1b: Gardevoir
|-singleturn|p1b: Gardevoir|Protect
|move|p2a: Basculegion|Protect|p2a: Basculegion
|-singleturn|p2a: Basculegion|Protect
|move|p2b: Gholdengo|Protect|p2b: Gholdengo
|-singleturn|p2b: Gholdengo|Protect
|move|p1a: Sinistcha|Matcha Gotcha|p2a: Basculegion|[spread] 
|-activate|p2a: Basculegion|move: Protect
|-activate|p2b: Gholdengo|move: Protect
|
|-fieldend|move: Trick Room
|upkeep
|turn|7
|c|☆Yutsami|!dt Rage Powder
|c|☆Yutsami|/raw Rage Powder  Accuracy— PP20 The foes' moves target the user on the turn used. 
|c|☆Yutsami|/raw Priority: 2 |  Gen: 5 |  ✓ Powder |  Z-Effect: Restores negative stat stages to 0 |  Target: User

|inactive|Yutsami has 30 seconds left.
|inactive|Yutsami has 20 seconds left.
|
|t:|1782326610
|move|p2b: Gholdengo|Shadow Ball|p1a: Sinistcha
|-supereffective|p1a: Sinistcha|1
|-enditem|p1a: Sinistcha|Kasib Berry|[eat]
|-enditem|p1a: Sinistcha|Kasib Berry|[weaken]
|-damage|p1a: Sinistcha|0 fnt
|faint|p1a: Sinistcha
|-damage|p2b: Gholdengo|41/100|[from] item: Life Orb
|move|p2a: Basculegion|Last Respects|p1b: Gardevoir
|-supereffective|p1b: Gardevoir|1
|-damage|p1b: Gardevoir|0 fnt
|faint|p1b: Gardevoir
|
|win|Yutsami
||Yutsami is ready for game 3.
|inactive|Eeeth019 has 30 seconds to confirm battle start!
||Eeeth019 is ready for game 3.
|uhtml|next|Next: Game 3 of 3
