|j|☆Not Rain
|j|☆Nacos
|html|Not RainNacos    
|uhtml|bestof|Game 2 of a best-of-3
|t:|1756559178
|gametype|doubles
|player|p1|Not Rain|2|1120
|player|p2|Nacos|1|1022
|gen|9
|tier|[Gen 9] VGC 2025 Reg H (Bo3)
|rated|
|rule|Species Clause: Limit one of each Pokémon
|rule|Item Clause: Limit 1 of each item
|clearpoke
|poke|p1|Metagross, L50|
|poke|p1|Sneasler, L50, F|
|poke|p1|Incineroar, L50, F|
|poke|p1|Amoonguss, L50, F|
|poke|p1|Zoroark-Hisui, L50, M|
|poke|p1|Ninetales-Alola, L50, M|
|poke|p2|Pelipper, L50, F|
|poke|p2|Archaludon, L50, F|
|poke|p2|Basculegion, L50, M|
|poke|p2|Gholdengo, L50|
|poke|p2|Incineroar, L50, M|
|poke|p2|Rillaboom, L50, M|
|teampreview|4
|showteam|p1|Metagross||AssaultVest|ClearBody|BulletPunch,MeteorMash,PsychicFangs,StompingTantrum||||||50|,,,,,Ground]Sneasler||FocusSash|PoisonTouch|FakeOut,Coaching,DireClaw,CloseCombat|||F|||50|,,,,,Grass]Incineroar||SafetyGoggles|Intimidate|FakeOut,FlareBlitz,PartingShot,Taunt|||F|||50|,,,,,Ghost]Amoonguss||RockyHelmet|Regenerator|RagePowder,Spore,PollenPuff,Protect|||F|||50|,,,,,Water]Zoroark-Hisui||ChoiceSpecs|Illusion|WillOWisp,BitterMalice,FocusBlast,HyperVoice|||M|||50|,,,,,Fighting]Ninetales-Alola||LightClay|SnowWarning|AuroraVeil,FreezeDry,DazzlingGleam,Protect|||M|||50|,,,,,Ghost
|showteam|p2|Pelipper||FocusSash|Drizzle|Tailwind,Protect,WeatherBall,Hurricane|||F|||50|,,,,,Steel]Archaludon||AssaultVest|Stamina|ElectroShot,DracoMeteor,FlashCannon,BodyPress|||F|||50|,,,,,Grass]Basculegion||ChoiceBand|SwiftSwim|WaveCrash,LastRespects,FlipTurn,AquaJet|||M|||50|,,,,,Water]Gholdengo||LifeOrb|GoodasGold|MakeItRain,ShadowBall,Protect,NastyPlot||||||50|,,,,,Dragon]Incineroar||SafetyGoggles|Intimidate|FakeOut,PartingShot,KnockOff,Taunt|||M|||50|,,,,,Water]Rillaboom||MiracleSeed|GrassySurge|FakeOut,GrassyGlide,WoodHammer,Uturn|||M|||50|,,,,,Fire
|inactive|Battle timer is ON: inactive players will automatically lose when time's up. (requested by Nacos)
|
|t:|1756559205
|teamsize|p1|4
|teamsize|p2|4
|start
|switch|p1a: Metagross|Metagross, L50|100/100
|switch|p1b: Sneasler|Sneasler, L50, F|100/100
|switch|p2a: Incineroar|Incineroar, L50, M|100/100
|switch|p2b: Gholdengo|Gholdengo, L50|100/100
|-ability|p2a: Incineroar|Intimidate|boost
|-unboost|p1a: Metagross|atk|1
|-unboost|p1b: Sneasler|atk|1
|turn|1
|inactive|Not Rain has 30 seconds left.
|inactive|Not Rain has 20 seconds left.
|inactive|Not Rain has 15 seconds left.
|
|t:|1756559248
|move|p1b: Sneasler|Fake Out|p2a: Incineroar
|-damage|p2a: Incineroar|92/100
|-status|p2a: Incineroar|psn|[from] ability: Poison Touch|[of] p1b: Sneasler
|cant|p2a: Incineroar|flinch
|move|p1a: Metagross|Bitter Malice|p2b: Gholdengo
|-supereffective|p2b: Gholdengo
|-damage|p2b: Gholdengo|0 fnt
|faint|p2b: Gholdengo
|
|-damage|p2a: Incineroar|79/100 psn|[from] psn
|upkeep
|
|t:|1756559258
|switch|p2b: Basculegion|Basculegion, L50, M|100/100
|turn|2
|
|t:|1756559275
|switch|p1a: Incineroar|Incineroar, L50, F|100/100
|-ability|p1a: Incineroar|Intimidate|boost
|-unboost|p2a: Incineroar|atk|1
|-unboost|p2b: Basculegion|atk|1
|switch|p2a: Pelipper|Pelipper, L50, F|100/100
|-weather|RainDance|[from] ability: Drizzle|[of] p2a: Pelipper
|-terastallize|p2b: Basculegion|Water
|move|p2b: Basculegion|Flip Turn|p1a: Incineroar
|-supereffective|p1a: Incineroar
|-damage|p1a: Incineroar|0 fnt
|faint|p1a: Incineroar
|
|t:|1756559280
|switch|p2b: Incineroar|Incineroar, L50, M|79/100 psn|[from] Flip Turn
|-ability|p2b: Incineroar|Intimidate|boost
|-unboost|p1b: Sneasler|atk|1
|move|p1b: Sneasler|Close Combat|p2a: Pelipper
|-resisted|p2a: Pelipper
|-damage|p2a: Pelipper|81/100
|-unboost|p1b: Sneasler|def|1
|-unboost|p1b: Sneasler|spd|1
|
|-weather|RainDance|[upkeep]
|-damage|p2b: Incineroar|67/100 psn|[from] psn
|upkeep
|
|t:|1756559289
|switch|p1a: Metagross|Metagross, L50|100/100
|turn|3
|
|t:|1756559320
|switch|p1b: Metagross|Metagross, L50|100/100
|move|p2b: Incineroar|Fake Out|p1b: Metagross
|-resisted|p1b: Metagross
|-damage|p1b: Metagross|96/100
|move|p1a: Metagross|Focus Blast|p2b: Incineroar
|-supereffective|p2b: Incineroar
|-damage|p2b: Incineroar|0 fnt
|faint|p2b: Incineroar
|move|p2a: Pelipper|Hurricane|p1b: Metagross
|-resisted|p1b: Metagross
|-damage|p1b: Metagross|80/100
|-start|p1b: Metagross|confusion
|
|-weather|RainDance|[upkeep]
|upkeep
|
|t:|1756559323
|switch|p2b: Basculegion|Basculegion, L50, M, tera:Water|100/100
|turn|4
|inactive|Not Rain has 30 seconds left.
|
|t:|1756559350
|move|p2b: Basculegion|Wave Crash|p1a: Metagross
|-damage|p1a: Metagross|0 fnt
|replace|p1a: Zoroark|Zoroark-Hisui, L50, M
|-end|p1a: Zoroark|Illusion
|faint|p1a: Zoroark
|-damage|p2b: Basculegion|79/100|[from] Recoil
|move|p2a: Pelipper|Weather Ball|p1b: Metagross
|-damage|p1b: Metagross|35/100
|-activate|p1b: Metagross|confusion
|move|p1b: Metagross|Psychic Fangs|p2b: Basculegion
|-damage|p2b: Basculegion|19/100
|
|-weather|RainDance|[upkeep]
|upkeep
|
|t:|1756559361
|switch|p1a: Sneasler|Sneasler, L50, F|100/100
|turn|5
|
|t:|1756559374
|move|p1a: Sneasler|Fake Out|p2b: Basculegion
|-damage|p2b: Basculegion|2/100
|cant|p2b: Basculegion|flinch
|move|p2a: Pelipper|Hurricane|p1a: Sneasler
|-supereffective|p1a: Sneasler
|-enditem|p1a: Sneasler|Focus Sash
|-damage|p1a: Sneasler|1/100
|-start|p1a: Sneasler|confusion
|-activate|p1b: Metagross|confusion
|-damage|p1b: Metagross|22/100|[from] confusion
|
|-weather|RainDance|[upkeep]
|upkeep
|turn|6
|
|t:|1756559386
|-activate|p1b: Metagross|confusion
|move|p1b: Metagross|Bullet Punch|p2b: Basculegion
|-resisted|p2b: Basculegion
|-damage|p2b: Basculegion|0 fnt
|faint|p2b: Basculegion
|-activate|p1a: Sneasler|confusion
|move|p1a: Sneasler|Dire Claw|p2a: Pelipper
|-damage|p2a: Pelipper|20/100
|-status|p2a: Pelipper|slp
|cant|p2a: Pelipper|slp
|
|-weather|none
|upkeep
|turn|7
|l|☆Nacos
|inactive|Nacos disconnected and has a minute to reconnect!
|player|p2|
|inactive|Nacos has 30 seconds left.
|inactive|Nacos has 20 seconds left.
|inactive|Nacos has 15 seconds left.
|inactive|Nacos has 10 seconds left.
|inactive|Nacos has 5 seconds left.
|-message|Nacos lost due to inactivity.
|
|win|Not Rain
|raw|Not Rain's rating: 1120 → 1138(+18 for winning)
|raw|Nacos's rating: 1022 → 1012(-10 for losing)
