|j|☆GlitchXDGOAT
|j|‽paonite essay
|html|GlitchXDGOATpaonite essay    
|uhtml|bestof|Game 1 of a best-of-3
|t:|1784624313
|gametype|doubles
|player|p1|GlitchXDGOAT|1|1421
|player|p2|paonite essay|266|1328
|gen|9
|tier|[Gen 9 Champions] VGC 2026 Reg M-B (Bo3)
|rated|
|rule|Species Clause: Limit one of each Pokémon
|rule|Item Clause: Limit 1 of each item
|clearpoke
|poke|p1|Farigiraf, L50, M|
|poke|p1|Floette-Eternal, L50, F|
|poke|p1|Whimsicott, L50, F|
|poke|p1|Kingambit, L50, M|
|poke|p1|Charizard, L50, F|
|poke|p1|Mamoswine, L50, M|
|poke|p2|Charizard, L50, F, shiny|
|poke|p2|Metagross, L50, shiny|
|poke|p2|Hydreigon, L50, F|
|poke|p2|Incineroar, L50, F, shiny|
|poke|p2|Toxapex, L50, F, shiny|
|poke|p2|Annihilape, L50, M, shiny|
|teampreview|4
|showteam|p1|Farigiraf||SitrusBerry|ArmorTail|Psychic,HelpingHand,Roar,TrickRoom|Bold||M|||50|]Floette-Eternal||Floettite|FlowerVeil|Moonblast,DrainingKiss,CalmMind,Protect|Quiet||F|||50|]Whimsicott||FairyFeather|Prankster|Moonblast,Tailwind,Encore,Protect|Timid||F|||50|]Kingambit||FocusSash|Defiant|SuckerPunch,KowtowCleave,IronHead,LowKick|Adamant||M|||50|]Charizard||CharizarditeY|Blaze|HeatWave,WeatherBall,SolarBeam,Protect|Modest||F|||50|]Mamoswine||LifeOrb|Oblivious|IceShard,HighHorsepower,RockSlide,Protect|Adamant||M|||50|
|showteam|p2|Charizard||CharizarditeY|Blaze|HeatWave,WeatherBall,SolarBeam,Protect|Modest||F|||50|]Metagross||Metagrossite|ClearBody|PsychicFangs,BulletPunch,IcePunch,Protect|Jolly|||||50|]Hydreigon||ChoiceScarf|Levitate|DarkPulse,DracoMeteor,Snarl,EarthPower|Modest||F|||50|]Incineroar||SitrusBerry|Intimidate|FlareBlitz,ThroatChop,PartingShot,FakeOut|Impish||F|||50|]Toxapex||Leftovers|Regenerator|Infestation,Toxic,WideGuard,BanefulBunker|Relaxed||F|||50|]Annihilape||FocusSash|Defiant|PhantomForce,CloseCombat,RockTomb,Protect|Jolly||M|||50|
|inactive|Battle timer is ON: inactive players will automatically lose when time's up. (requested by GlitchXDGOAT)
|inactive|GlitchXDGOAT has 60 seconds left.
|
|t:|1784624347
|teamsize|p1|4
|teamsize|p2|4
|start
|switch|p1a: Charizard|Charizard, L50, F|100/100
|switch|p1b: Mamoswine|Mamoswine, L50, M|100/100
|switch|p2a: Charizard|Charizard, L50, F, shiny|100/100
|switch|p2b: Toxapex|Toxapex, L50, F, shiny|100/100
|turn|1
|
|t:|1784624360
|detailschange|p1a: Charizard|Charizard-Mega-Y, L50, F
|-mega|p1a: Charizard|Charizard|Charizardite Y
|-weather|SunnyDay|[from] ability: Drought|[of] p1a: Charizard
|detailschange|p2a: Charizard|Charizard-Mega-Y, L50, F, shiny
|-mega|p2a: Charizard|Charizard|Charizardite Y
|move|p1b: Mamoswine|Protect|p1b: Mamoswine
|-singleturn|p1b: Mamoswine|Protect
|move|p2b: Toxapex|Wide Guard|p2b: Toxapex
|-singleturn|p2b: Toxapex|Wide Guard
|move|p1a: Charizard|Solar Beam||[still]
|-prepare|p1a: Charizard|Solar Beam
|-anim|p1a: Charizard|Solar Beam|p2b: Toxapex
|-damage|p2b: Toxapex|61/100
|move|p2a: Charizard|Heat Wave|p1a: Charizard|[spread] p1a
|-activate|p1b: Mamoswine|move: Protect
|-resisted|p1a: Charizard|1
|-damage|p1a: Charizard|70/100
|
|-weather|SunnyDay|[upkeep]
|-heal|p2b: Toxapex|66/100|[from] item: Leftovers
|upkeep
|turn|2
|
|t:|1784624383
|move|p1a: Charizard|Solar Beam||[still]
|-prepare|p1a: Charizard|Solar Beam
|-anim|p1a: Charizard|Solar Beam|p2b: Toxapex
|-damage|p2b: Toxapex|26/100
|move|p2a: Charizard|Heat Wave|p1a: Charizard|[spread] p1a,p1b
|-resisted|p1a: Charizard|1
|-supereffective|p1b: Mamoswine|1
|-damage|p1a: Charizard|39/100
|-damage|p1b: Mamoswine|0 fnt
|faint|p1b: Mamoswine
|move|p2b: Toxapex|Infestation|p1a: Charizard
|-resisted|p1a: Charizard|2
|-damage|p1a: Charizard|39/100
|-activate|p1a: Charizard|move: Infestation|[of] p2b: Toxapex
|
|-weather|SunnyDay|[upkeep]
|-heal|p2b: Toxapex|31/100|[from] item: Leftovers
|-damage|p1a: Charizard|26/100|[from] move: Infestation|[partiallytrapped]
|upkeep
|
|t:|1784624391
|switch|p1b: Whimsicott|Whimsicott, L50, F|100/100
|turn|3
|
|t:|1784624397
|move|p2b: Toxapex|Baneful Bunker|p2b: Toxapex
|-singleturn|p2b: Toxapex|move: Protect
|move|p1b: Whimsicott|Tailwind|p1b: Whimsicott
|-sidestart|p1: GlitchXDGOAT|move: Tailwind
|move|p1a: Charizard|Weather Ball|p2a: Charizard
|-resisted|p2a: Charizard|1
|-damage|p2a: Charizard|50/100g
|move|p2a: Charizard|Heat Wave|p1a: Charizard|[spread] p1b
|-miss|p2a: Charizard|p1a: Charizard
|-supereffective|p1b: Whimsicott|1
|-damage|p1b: Whimsicott|0 fnt
|faint|p1b: Whimsicott
|
|-weather|SunnyDay|[upkeep]
|-heal|p2b: Toxapex|37/100|[from] item: Leftovers
|-damage|p1a: Charizard|14/100|[from] move: Infestation|[partiallytrapped]
|upkeep
|
|t:|1784624404
|switch|p1b: Kingambit|Kingambit, L50, M|100/100
|turn|4
|
|t:|1784624423
|switch|p2a: Incineroar|Incineroar, L50, F, shiny|100/100
|-ability|p2a: Incineroar|Intimidate|boost
|-unboost|p1a: Charizard|atk|1
|-unboost|p1b: Kingambit|atk|1
|-ability|p1b: Kingambit|Defiant|boost
|-boost|p1b: Kingambit|atk|2
|move|p1a: Charizard|Weather Ball|p2a: Incineroar
|-resisted|p2a: Incineroar|1
|-damage|p2a: Incineroar|52/100
|move|p1b: Kingambit|Kowtow Cleave|p2b: Toxapex
|-damage|p2b: Toxapex|0 fnt
|faint|p2b: Toxapex
|
|-weather|SunnyDay|[upkeep]
|-end|p1a: Charizard|Infestation|[partiallytrapped]|[silent]
|upkeep
|
|t:|1784624438
|switch|p2b: Metagross|Metagross, L50, shiny|100/100
|turn|5
|
|t:|1784624447
|move|p1a: Charizard|Protect|p1a: Charizard
|-singleturn|p1a: Charizard|Protect
|move|p2a: Incineroar|Fake Out|p1b: Kingambit
|-resisted|p1b: Kingambit|1
|-damage|p1b: Kingambit|96/100
|move|p2b: Metagross|Bullet Punch|p1a: Charizard
|-activate|p1a: Charizard|move: Protect
|cant|p1b: Kingambit|flinch
|
|-weather|none
|upkeep
|turn|6
|
|t:|1784624461
|move|p2b: Metagross|Bullet Punch|p1a: Charizard
|-resisted|p1a: Charizard|1
|-damage|p1a: Charizard|0 fnt
|faint|p1a: Charizard
|move|p1b: Kingambit|Low Kick|p2a: Incineroar
|-supereffective|p2a: Incineroar|1
|-damage|p2a: Incineroar|0 fnt
|faint|p2a: Incineroar
|
|-sideend|p1: GlitchXDGOAT|move: Tailwind
|upkeep
|
|t:|1784624466
|switch|p2a: Charizard|Charizard-Mega-Y, L50, F, shiny|50/100g
|-weather|SunnyDay|[from] ability: Drought|[of] p2a: Charizard
|turn|7
|
|t:|1784624476
|move|p2a: Charizard|Protect|p2a: Charizard
|-singleturn|p2a: Charizard|Protect
|move|p1b: Kingambit|Sucker Punch|p2b: Metagross
|-supereffective|p2b: Metagross|1
|-damage|p2b: Metagross|0 fnt
|faint|p2b: Metagross
|
|-weather|SunnyDay|[upkeep]
|upkeep
|turn|8
|-message|paonite essay forfeited.
|
|win|GlitchXDGOAT
|l|‽paonite essay
|player|p2|
||paonite essay is ready for game 2.
|c|☆GlitchXDGOAT|GG
|inactive|GlitchXDGOAT has 30 seconds to confirm battle start!
|c|☆GlitchXDGOAT|GG
||GlitchXDGOAT is ready for game 2.
|uhtml|next|Next: Game 2 of 3
