|j|☆Iwinmaybe
|j|☆mxnihil
|html|Iwinmaybemxnihil    
|uhtml|bestof|Game 1 of a best-of-3
|t:|1786121136
|gametype|doubles
|player|p1|Iwinmaybe|2|1093
|player|p2|mxnihil|caitlin-masters|1053
|gen|9
|tier|[Gen 9 Champions] VGC 2026 Reg M-B (Bo3)
|rated|
|rule|Species Clause: Limit one of each Pokémon
|rule|Item Clause: Limit 1 of each item
|clearpoke
|poke|p1|Aerodactyl, L50, M|
|poke|p1|Kingambit, L50, M|
|poke|p1|Farigiraf, L50, F|
|poke|p1|Sylveon, L50, F|
|poke|p1|Charizard, L50, M|
|poke|p1|Garchomp, L50, M|
|poke|p2|Primarina, L50, F|
|poke|p2|Scovillain, L50, F|
|poke|p2|Talonflame, L50, F|
|poke|p2|Archaludon, L50, F|
|poke|p2|Espathra, L50, M|
|poke|p2|Sableye, L50, M|
|teampreview|4
|showteam|p1|Aerodactyl||Aerodactylite|Unnerve|RockSlide,DualWingbeat,IceFang,Tailwind|Jolly||M|||50|]Kingambit||FocusSash|Defiant|KowtowCleave,IronHead,SuckerPunch,LowKick|Adamant||M|||50|]Farigiraf||SitrusBerry|ArmorTail|Psychic,Thunderbolt,TrickRoom,Protect|Quiet||F|||50|]Sylveon||FairyFeather|Pixilate|HyperVoice,Yawn,QuickAttack,Detect|Modest||F|||50|]Charizard||CharizarditeY|Blaze|HeatWave,SolarBeam,WeatherBall,Protect|Modest||M|||50|]Garchomp||LifeOrb|RoughSkin|Earthquake,DragonClaw,StompingTantrum,Protect|Jolly||M|||50|
|showteam|p2|Primarina||LifeOrb|LiquidVoice|HyperVoice,Moonblast,Protect,CalmMind|Modest||F|||50|]Scovillain||Scovillainite|Moody|RagePowder,GigaDrain,Overheat,Protect|Bold||F|||50|]Talonflame||SharpBeak|GaleWings|DualWingbeat,Protect,Taunt,Tailwind|Jolly||F|||50|]Archaludon||Leftovers|Stamina|ElectroShot,DragonPulse,FlashCannon,Protect|Modest||F|||50|]Espathra||SitrusBerry|SpeedBoost|CalmMind,LuminaCrash,Protect,BatonPass|Timid||M|||50|]Sableye||RoseliBerry|Prankster|FakeOut,Reflect,RainDance,Encore|Careful||M|||50|
|inactive|Battle timer is ON: inactive players will automatically lose when time's up. (requested by Iwinmaybe)
|
|t:|1786121208
|teamsize|p1|4
|teamsize|p2|4
|start
|switch|p1a: Sylveon|Sylveon, L50, F|100/100
|switch|p1b: Garchomp|Garchomp, L50, M|100/100
|switch|p2a: Sableye|Sableye, L50, M|100/100
|switch|p2b: Primarina|Primarina, L50, F|100/100
|turn|1
|inactive|Iwinmaybe has 30 seconds left.
|
|t:|1786121235
|move|p1b: Garchomp|Protect|p1b: Garchomp
|-singleturn|p1b: Garchomp|Protect
|move|p2a: Sableye|Fake Out|p1a: Sylveon
|-damage|p1a: Sylveon|91/100
|move|p2b: Primarina|Moonblast|p1b: Garchomp
|-activate|p1b: Garchomp|move: Protect
|cant|p1a: Sylveon|flinch
|
|upkeep
|turn|2
|
|t:|1786121250
|switch|p1b: Kingambit|Kingambit, L50, M|100/100
|move|p2a: Sableye|Encore||[still]
|-fail|p2a: Sableye
|move|p2b: Primarina|Calm Mind|p2b: Primarina
|-boost|p2b: Primarina|spa|1
|-boost|p2b: Primarina|spd|1
|move|p1a: Sylveon|Hyper Voice|p2b: Primarina|[spread] p2a,p2b
|-supereffective|p2a: Sableye|1
|-enditem|p2a: Sableye|Roseli Berry|[eat]
|-enditem|p2a: Sableye|Roseli Berry|[weaken]
|-damage|p2a: Sableye|52/100
|-damage|p2b: Primarina|75/100
|
|upkeep
|turn|3
|inactive|mxnihil has 30 seconds left.
|inactive|mxnihil has 20 seconds left.
|
|t:|1786121288
|move|p2b: Primarina|Protect|p2b: Primarina
|-singleturn|p2b: Primarina|Protect
|move|p2a: Sableye|Rain Dance|p2a: Sableye
|-weather|RainDance
|move|p1b: Kingambit|Kowtow Cleave|p2a: Sableye
|-damage|p2a: Sableye|0 fnt
|faint|p2a: Sableye
|move|p1a: Sylveon|Yawn|p2b: Primarina
|-activate|p2b: Primarina|move: Protect
|
|-weather|RainDance|[upkeep]
|upkeep
|
|t:|1786121290
|switch|p2a: Archaludon|Archaludon, L50, F|100/100
|turn|4
|
|t:|1786121301
|move|p2a: Archaludon|Electro Shot||[still]
|-prepare|p2a: Archaludon|Electro Shot
|-boost|p2a: Archaludon|spa|1
|-anim|p2a: Archaludon|Electro Shot|p1b: Kingambit
|-damage|p1b: Kingambit|29/100
|move|p1b: Kingambit|Low Kick|p2a: Archaludon
|-supereffective|p2a: Archaludon|1
|-damage|p2a: Archaludon|52/100
|-ability|p2a: Archaludon|Stamina|boost
|-boost|p2a: Archaludon|def|1
|move|p2b: Primarina|Hyper Voice|p1a: Sylveon|[spread] p1a,p1b
|-damage|p1a: Sylveon|11/100
|-damage|p1b: Kingambit|0 fnt
|faint|p1b: Kingambit
|-damage|p2b: Primarina|66/100|[from] item: Life Orb
|move|p1a: Sylveon|Yawn|p2b: Primarina
|-start|p2b: Primarina|move: Yawn|[of] p1a: Sylveon
|
|-weather|RainDance|[upkeep]
|-heal|p2a: Archaludon|58/100|[from] item: Leftovers
|upkeep
|inactive|Iwinmaybe has 30 seconds left.
|
|t:|1786121328
|switch|p1b: Garchomp|Garchomp, L50, M|100/100
|turn|5
|inactive|mxnihil has 30 seconds left.
|inactive|Iwinmaybe has 30 seconds left.
|
|t:|1786121361
|switch|p2b: Scovillain|Scovillain, L50, F|100/100
|move|p2a: Archaludon|Protect|p2a: Archaludon
|-singleturn|p2a: Archaludon|Protect
|move|p1a: Sylveon|Detect|p1a: Sylveon
|-singleturn|p1a: Sylveon|Protect
|move|p1b: Garchomp|Earthquake|p2b: Scovillain|[spread] p2b
|-activate|p1a: Sylveon|move: Protect
|-activate|p2a: Archaludon|move: Protect
|-damage|p2b: Scovillain|47/100
|-damage|p1b: Garchomp|90/100|[from] item: Life Orb
|
|-weather|RainDance|[upkeep]
|-heal|p2a: Archaludon|64/100|[from] item: Leftovers
|-ability|p2b: Scovillain|Moody|boost
|-boost|p2b: Scovillain|spe|2
|-unboost|p2b: Scovillain|def|1
|upkeep
|turn|6
|inactive|Iwinmaybe has 30 seconds left.
|inactive|mxnihil has 30 seconds left.
|inactive|mxnihil has 20 seconds left.
|
|t:|1786121399
|move|p2b: Scovillain|Protect|p2b: Scovillain
|-singleturn|p2b: Scovillain|Protect
|move|p1a: Sylveon|Quick Attack|p2b: Scovillain
|-activate|p2b: Scovillain|move: Protect
|move|p1b: Garchomp|Earthquake|p2b: Scovillain|[spread] p1a,p2a
|-activate|p2b: Scovillain|move: Protect
|-supereffective|p2a: Archaludon|1
|-damage|p1a: Sylveon|0 fnt
|-damage|p2a: Archaludon|19/100
|-ability|p2a: Archaludon|Stamina|boost
|-boost|p2a: Archaludon|def|1
|faint|p1a: Sylveon
|-damage|p1b: Garchomp|80/100|[from] item: Life Orb
|move|p2a: Archaludon|Dragon Pulse|p1b: Garchomp
|-supereffective|p1b: Garchomp|1
|-damage|p1b: Garchomp|0 fnt
|faint|p1b: Garchomp
|
|-weather|RainDance|[upkeep]
|-heal|p2a: Archaludon|25/100|[from] item: Leftovers
|-ability|p2b: Scovillain|Moody|boost
|-boost|p2b: Scovillain|def|2
|-unboost|p2b: Scovillain|spa|1
|upkeep
|
|t:|1786121409
|switch|p1b: Aerodactyl|Aerodactyl, L50, M|100/100
|-ability|p1b: Aerodactyl|Unnerve
|turn|7
|
|t:|1786121418
|detailschange|p1b: Aerodactyl|Aerodactyl-Mega, L50, M
|-mega|p1b: Aerodactyl|Aerodactyl|Aerodactylite
|detailschange|p2b: Scovillain|Scovillain-Mega, L50, F
|-mega|p2b: Scovillain|Scovillain|Scovillainite
|move|p1b: Aerodactyl|Rock Slide|p2a: Archaludon|[spread] p2a,p2b
|-resisted|p2a: Archaludon|1
|-supereffective|p2b: Scovillain|1
|-damage|p2a: Archaludon|21/100
|-damage|p2b: Scovillain|14/100
|-ability|p2a: Archaludon|Stamina|boost
|-boost|p2a: Archaludon|def|1
|-status|p1b: Aerodactyl|brn|[from] ability: Spicy Spray|[of] p2b: Scovillain
|cant|p2b: Scovillain|flinch
|move|p2a: Archaludon|Electro Shot||[still]
|-prepare|p2a: Archaludon|Electro Shot
|-boost|p2a: Archaludon|spa|1
|-anim|p2a: Archaludon|Electro Shot|p1b: Aerodactyl
|-supereffective|p1b: Aerodactyl|1
|-damage|p1b: Aerodactyl|0 fnt
|faint|p1b: Aerodactyl
|
|win|mxnihil
||mxnihil is ready for game 2.
