|j|☆terosath
|j|☆geminiduality2
|html|terosathgeminiduality2    
|uhtml|bestof|Game 1 of a best-of-3
|t:|1785114695
|gametype|doubles
|player|p1|terosath|n|
|player|p2|geminiduality2|caitlin|
|gen|9
|tier|[Gen 9 Champions] VGC 2026 Reg M-B (Bo3)
|rule|Species Clause: Limit one of each Pokémon
|rule|Item Clause: Limit 1 of each item
|clearpoke
|poke|p1|Drampa, L50, M|
|poke|p1|Crabominable, L50, M|
|poke|p1|Sinistcha-Masterpiece, L50|
|poke|p1|Politoed, L50, M|
|poke|p1|Farigiraf, L50, F|
|poke|p1|Garganacl, L50, M|
|poke|p2|Whimsicott, L50, F, shiny|
|poke|p2|Greninja, L50, M|
|poke|p2|Froslass, L50, F, shiny|
|poke|p2|Sinistcha-Masterpiece, L50|
|poke|p2|Empoleon, L50, M|
|poke|p2|Incineroar, L50, M|
|teampreview|4
|showteam|p1|Drampa||Drampanite|Berserk|Protect,EarthPower,CalmMind,HyperVoice|Quiet||M|||50|]Crabominable||Crabominite|HyperCutter|DrainPunch,Protect,IceHammer,ThunderPunch|Brave||M|||50|]Sinistcha-Masterpiece||SitrusBerry|Hospitality|TrickRoom,MatchaGotcha,LifeDew,RagePowder|Modest|||||50|]Politoed||MysticWater|Drizzle|MuddyWater,Protect,Encore,HelpingHand|Calm||M|||50|]Farigiraf||MentalHerb|ArmorTail|TrickRoom,PsychicNoise,LightScreen,Reflect|Sassy||F|||50|]Garganacl||Leftovers|PurifyingSalt|WideGuard,RockSlide,Protect,BodyPress|Relaxed||M|||50|
|showteam|p2|Whimsicott||MentalHerb|Prankster|Encore,Moonblast,Tailwind,HelpingHand|Bold||F|||50|]Greninja||Greninjite|Protean|HydroPump,GunkShot,Extrasensory,IceBeam|Hasty||M|||50|]Froslass||Froslassite|CursedBody|Blizzard,ShadowBall,Protect,AuroraVeil|Timid||F|||50|]Sinistcha-Masterpiece||Leftovers|Hospitality|RagePowder,StrengthSap,MatchaGotcha,ShadowBall|Calm|||||50|]Empoleon||LifeOrb|Competitive|Blizzard,HydroPump,FlashCannon,AquaJet|Modest||M|||50|]Incineroar||SitrusBerry|Intimidate|FakeOut,FlareBlitz,PartingShot,BrickBreak|Careful||M|||50|
|j| Jaybird112233
|j| seafan13
|j| Bingus Von Bongus
|
|t:|1785114752
|teamsize|p1|4
|teamsize|p2|4
|start
|switch|p1a: Put up yer dukes|Crabominable, L50, M|100/100
|switch|p1b: RacecaR|Farigiraf, L50, F|100/100
|switch|p2a: My Ninja Way|Greninja, L50, M|100/100
|switch|p2b: Vgc Cat|Incineroar, L50, M|100/100
|-ability|p2b: Vgc Cat|Intimidate|boost
|-fail|p1a: Put up yer dukes|unboost|Attack|[from] ability: Hyper Cutter|[of] p1a: Put up yer dukes
|-unboost|p1b: RacecaR|atk|1
|turn|1
|
|t:|1785114810
|detailschange|p2a: My Ninja Way|Greninja-Mega, L50, M
|-mega|p2a: My Ninja Way|Greninja|Greninjite
|detailschange|p1a: Put up yer dukes|Crabominable-Mega, L50, M
|-mega|p1a: Put up yer dukes|Crabominable|Crabominite
|move|p1a: Put up yer dukes|Protect|p1a: Put up yer dukes
|-singleturn|p1a: Put up yer dukes|Protect
|move|p2a: My Ninja Way|Extrasensory|p1a: Put up yer dukes
|-start|p2a: My Ninja Way|typechange|Psychic|[from] ability: Protean
|-activate|p1a: Put up yer dukes|move: Protect
|move|p2b: Vgc Cat|Brick Break|p1b: RacecaR
|-damage|p1b: RacecaR|76/100
|move|p1b: RacecaR|Trick Room|p1b: RacecaR
|-fieldstart|move: Trick Room|[of] p1b: RacecaR
|
|upkeep
|turn|2
|
|t:|1785114856
|move|p1a: Put up yer dukes|Ice Hammer|p2a: My Ninja Way
|-damage|p2a: My Ninja Way|0 fnt
|-unboost|p1a: Put up yer dukes|spe|1
|faint|p2a: My Ninja Way
|move|p1b: RacecaR|Reflect|p1b: RacecaR
|-sidestart|p1: terosath|Reflect
|move|p2b: Vgc Cat|Flare Blitz|p1a: Put up yer dukes
|-supereffective|p1a: Put up yer dukes|1
|-damage|p1a: Put up yer dukes|47/100
|-damage|p2b: Vgc Cat|82/100|[from] Recoil
|
|upkeep
|
|t:|1785114879
|switch|p2a: Prankster|Whimsicott, L50, F, shiny|100/100
|turn|3
|
|t:|1785114897
|move|p1a: Put up yer dukes|Drain Punch|p2b: Vgc Cat
|-supereffective|p2b: Vgc Cat|1
|-damage|p2b: Vgc Cat|0 fnt
|-heal|p1a: Put up yer dukes|87/100|[from] drain|[of] p2b: Vgc Cat
|faint|p2b: Vgc Cat
|move|p1b: RacecaR|Light Screen|p1b: RacecaR
|-sidestart|p1: terosath|move: Light Screen
|move|p2a: Prankster|Moonblast|p1a: Put up yer dukes
|-supereffective|p1a: Put up yer dukes|1
|-damage|p1a: Put up yer dukes|54/100
|
|upkeep
|
|t:|1785114907
|switch|p2b: Tea Time|Sinistcha-Masterpiece, L50|100/100
|turn|4
|
|t:|1785114923
|move|p1a: Put up yer dukes|Ice Hammer|p2b: Tea Time
|-supereffective|p2b: Tea Time|1
|-damage|p2b: Tea Time|0 fnt
|-unboost|p1a: Put up yer dukes|spe|1
|faint|p2b: Tea Time
|move|p1b: RacecaR|Psychic Noise|p2a: Prankster
|-damage|p2a: Prankster|62/100
|-start|p2a: Prankster|move: Heal Block
|-enditem|p2a: Prankster|Mental Herb
|-end|p2a: Prankster|move: Heal Block
|move|p2a: Prankster|Moonblast|p1a: Put up yer dukes
|-supereffective|p1a: Put up yer dukes|1
|-damage|p1a: Put up yer dukes|26/100
|
|upkeep
|turn|5
|
|t:|1785114938
|move|p1a: Put up yer dukes|Ice Hammer|p2a: Prankster
|-supereffective|p2a: Prankster|1
|-damage|p2a: Prankster|0 fnt
|-unboost|p1a: Put up yer dukes|spe|1
|faint|p2a: Prankster
|
|win|terosath
||terosath is ready for game 2.
|inactive|geminiduality2 has 30 seconds to confirm battle start!
||geminiduality2 is ready for game 2.
|uhtml|next|Next: Game 2 of 3
|l| Bingus Von Bongus
