|j|☆harpdog
|j|☆ToastedArt
|html|harpdogToastedArt    
|uhtml|bestof|Game 3 of a best-of-3
|t:|1785292300
|gametype|doubles
|player|p1|harpdog|170|1090
|player|p2|ToastedArt|iris|1134
|gen|9
|tier|[Gen 9 Champions] VGC 2026 Reg M-B (Bo3)
|rated|
|rule|Species Clause: Limit one of each Pokémon
|rule|Item Clause: Limit 1 of each item
|clearpoke
|poke|p1|Blastoise, L50, F|
|poke|p1|Lycanroc-Dusk, L50, M|
|poke|p1|Sylveon, L50, M|
|poke|p1|Sinistcha-Masterpiece, L50|
|poke|p1|Delphox, L50, M|
|poke|p1|Whimsicott, L50, M|
|poke|p2|Falinks, L50, shiny|
|poke|p2|Kingambit, L50, F|
|poke|p2|Sneasler, L50, M|
|poke|p2|Sinistcha, L50, shiny|
|poke|p2|Azumarill, L50, F|
|poke|p2|Ninetales-Alola, L50, F, shiny|
|teampreview|4
|showteam|p1|Blastoise||Blastoisinite|Torrent|MuddyWater,AuraSphere,DarkPulse,Protect|Modest||F|||50|]Lycanroc-Dusk||FocusSash|ToughClaws|Accelerock,RockSlide,CloseCombat,Protect|Jolly||M|||50|]Sylveon||FairyFeather|Pixilate|HyperVoice,QuickAttack,Yawn,Detect|Modest||M|||50|]Sinistcha-Masterpiece||ColburBerry|Hospitality|MatchaGotcha,TrickRoom,RagePowder,Protect|Sassy|||||50|]Delphox||Delphoxite|Blaze|HeatWave,Psychic,Encore,Protect|Modest||M|||50|]Whimsicott||OccaBerry|Prankster|EnergyBall,Moonblast,HelpingHand,Tailwind|Modest||M|||50|
|showteam|p2|Falinks||Falinksite|Defiant|NoRetreat,CloseCombat,RockSlide,Protect|Adamant|||||50|]Kingambit||BlackGlasses|Defiant|KowtowCleave,SuckerPunch,SwordsDance,Protect|Adamant||F|||50|]Sneasler||LifeOrb|PoisonTouch|PoisonJab,CloseCombat,FakeOut,Coaching|Adamant||M|||50|]Sinistcha||ColburBerry|Hospitality|MatchaGotcha,RagePowder,TrickRoom,Protect|Bold|||||50|]Azumarill||SitrusBerry|HugePower|BellyDrum,AquaJet,KnockOff,Protect|Adamant||F|||50|]Ninetales-Alola||ChoiceScarf|SnowWarning|Blizzard,FreezeDry,IcyWind,AuroraVeil|Modest||F|||50|
|inactive|Battle timer is ON: inactive players will automatically lose when time's up. (requested by ToastedArt)
|
|t:|1785292309
|teamsize|p1|4
|teamsize|p2|4
|start
|switch|p1a: Sylveon|Sylveon, L50, M|100/100
|switch|p1b: Sinistcha|Sinistcha-Masterpiece, L50|100/100
|switch|p2a: Azumarill|Azumarill, L50, F|100/100
|switch|p2b: Ninetales|Ninetales-Alola, L50, F, shiny|100/100
|-weather|Snowscape|[from] ability: Snow Warning|[of] p2b: Ninetales
|turn|1
|
|t:|1785292321
|move|p2a: Azumarill|Protect|p2a: Azumarill
|-singleturn|p2a: Azumarill|Protect
|move|p2b: Ninetales|Blizzard|p1b: Sinistcha|[spread] p1a,p1b
|-supereffective|p1b: Sinistcha|1
|-damage|p1a: Sylveon|75/100
|-damage|p1b: Sinistcha|32/100
|-status|p1a: Sylveon|frz
|cant|p1a: Sylveon|frz
|move|p1b: Sinistcha|Matcha Gotcha|p2b: Ninetales|[spread] p2b
|-activate|p2a: Azumarill|move: Protect
|-damage|p2b: Ninetales|72/100
|-heal|p1b: Sinistcha|44/100|[from] drain|[of] p2b: Ninetales
|
|-weather|Snowscape|[upkeep]
|upkeep
|turn|2
|
|t:|1785292328
|move|p2b: Ninetales|Blizzard|p1a: Sylveon|[spread] p1a,p1b
|-supereffective|p1b: Sinistcha|1
|-damage|p1a: Sylveon|51/100 frz
|-damage|p1b: Sinistcha|0 fnt
|faint|p1b: Sinistcha
|cant|p1a: Sylveon|frz
|move|p2a: Azumarill|Belly Drum|p2a: Azumarill
|-damage|p2a: Azumarill|50/100y
|-setboost|p2a: Azumarill|atk|6|[from] move: Belly Drum
|-enditem|p2a: Azumarill|Sitrus Berry|[eat]
|-heal|p2a: Azumarill|74/100|[from] item: Sitrus Berry
|
|-weather|Snowscape|[upkeep]
|upkeep
|
|t:|1785292335
|switch|p1b: Lycanroc|Lycanroc-Dusk, L50, M|100/100
|turn|3
|
|t:|1785292350
|move|p1b: Lycanroc|Protect|p1b: Lycanroc
|-singleturn|p1b: Lycanroc|Protect
|move|p2a: Azumarill|Aqua Jet|p1b: Lycanroc
|-activate|p1b: Lycanroc|move: Protect
|move|p2b: Ninetales|Blizzard|p1a: Sylveon|[spread] p1a
|-activate|p1b: Lycanroc|move: Protect
|-damage|p1a: Sylveon|26/100 frz
|-curestatus|p1a: Sylveon|frz|[msg]
|move|p1a: Sylveon|Hyper Voice|p2b: Ninetales|[spread] p2a,p2b
|-damage|p2a: Azumarill|24/100
|-damage|p2b: Ninetales|18/100
|
|-weather|Snowscape|[upkeep]
|upkeep
|turn|4
|inactive|harpdog has 30 seconds left.
|
|t:|1785292380
|switch|p2b: Pickle Cup|Sinistcha, L50, shiny|100/100
|-heal|p2a: Azumarill|49/100|[from] ability: Hospitality|[of] p2b: Pickle Cup
|move|p1b: Lycanroc|Accelerock|p2b: Pickle Cup
|-damage|p2b: Pickle Cup|79/100
|move|p2a: Azumarill|Aqua Jet|p1a: Sylveon
|-damage|p1a: Sylveon|0 fnt
|faint|p1a: Sylveon
|
|-weather|Snowscape|[upkeep]
|upkeep
|
|t:|1785292388
|switch|p1a: Blastoise|Blastoise, L50, F|100/100
|turn|5
|
|t:|1785292398
|detailschange|p1a: Blastoise|Blastoise-Mega, L50, F
|-mega|p1a: Blastoise|Blastoise|Blastoisinite
|move|p2a: Azumarill|Protect|p2a: Azumarill
|-singleturn|p2a: Azumarill|Protect
|move|p1b: Lycanroc|Rock Slide|p2b: Pickle Cup|[spread] p2b
|-activate|p2a: Azumarill|move: Protect
|-damage|p2b: Pickle Cup|57/100
|move|p1a: Blastoise|Dark Pulse|p2b: Pickle Cup
|-supereffective|p2b: Pickle Cup|1
|-enditem|p2b: Pickle Cup|Colbur Berry|[eat]
|-enditem|p2b: Pickle Cup|Colbur Berry|[weaken]
|-damage|p2b: Pickle Cup|15/100
|move|p2b: Pickle Cup|Matcha Gotcha|p1a: Blastoise|[spread] p1a
|-miss|p2b: Pickle Cup|p1b: Lycanroc
|-supereffective|p1a: Blastoise|1
|-damage|p1a: Blastoise|61/100
|-heal|p2b: Pickle Cup|35/100|[from] drain|[of] p1a: Blastoise
|
|-weather|none
|upkeep
|turn|6
|inactive|harpdog has 30 seconds left.
|
|t:|1785292427
|move|p2b: Pickle Cup|Rage Powder|p2b: Pickle Cup
|-singleturn|p2b: Pickle Cup|move: Rage Powder
|move|p2a: Azumarill|Aqua Jet|p1b: Lycanroc
|-supereffective|p1b: Lycanroc|1
|-enditem|p1b: Lycanroc|Focus Sash
|-damage|p1b: Lycanroc|1/100
|move|p1b: Lycanroc|Rock Slide|p2b: Pickle Cup|[spread] p2a,p2b
|-damage|p2a: Azumarill|19/100
|-damage|p2b: Pickle Cup|13/100
|move|p1a: Blastoise|Muddy Water|p2a: Azumarill|[spread] p2a
|-miss|p1a: Blastoise|p2b: Pickle Cup
|-resisted|p2a: Azumarill|1
|-damage|p2a: Azumarill|0 fnt
|faint|p2a: Azumarill
|
|upkeep
|
|t:|1785292433
|switch|p2a: Kingambit|Kingambit, L50, F|100/100
|turn|7
|
|t:|1785292447
|move|p1b: Lycanroc|Protect|p1b: Lycanroc
|-singleturn|p1b: Lycanroc|Protect
|move|p2b: Pickle Cup|Rage Powder|p2b: Pickle Cup
|-singleturn|p2b: Pickle Cup|move: Rage Powder
|move|p1a: Blastoise|Muddy Water|p2a: Kingambit|[spread] p2a,p2b
|-resisted|p2b: Pickle Cup|1
|-damage|p2a: Kingambit|63/100
|-damage|p2b: Pickle Cup|0 fnt
|faint|p2b: Pickle Cup
|move|p2a: Kingambit|Swords Dance|p2a: Kingambit
|-boost|p2a: Kingambit|atk|2
|
|upkeep
|
|t:|1785292453
|switch|p2b: Ninetales|Ninetales-Alola, L50, F, shiny|18/100
|-weather|Snowscape|[from] ability: Snow Warning|[of] p2b: Ninetales
|turn|8
|
|t:|1785292462
|move|p1b: Lycanroc|Accelerock|p2b: Ninetales
|-supereffective|p2b: Ninetales|1
|-damage|p2b: Ninetales|0 fnt
|faint|p2b: Ninetales
|move|p2a: Kingambit|Sucker Punch|p1a: Blastoise
|-crit|p1a: Blastoise
|-damage|p1a: Blastoise|0 fnt
|faint|p1a: Blastoise
|
|-weather|Snowscape|[upkeep]
|upkeep
|turn|9
|
|t:|1785292470
|move|p1b: Lycanroc|Protect|p1b: Lycanroc
|-singleturn|p1b: Lycanroc|Protect
|move|p2a: Kingambit|Sucker Punch||[still]
|-fail|p2a: Kingambit
|
|-weather|Snowscape|[upkeep]
|upkeep
|turn|10
|
|t:|1785292474
|move|p1b: Lycanroc|Protect||[still]
|-fail|p1b: Lycanroc
|move|p2a: Kingambit|Sucker Punch||[still]
|-fail|p2a: Kingambit
|
|-weather|Snowscape|[upkeep]
|upkeep
|turn|11
|
|t:|1785292479
|move|p1b: Lycanroc|Protect|p1b: Lycanroc
|-singleturn|p1b: Lycanroc|Protect
|move|p2a: Kingambit|Sucker Punch||[still]
|-fail|p2a: Kingambit
|
|-weather|Snowscape|[upkeep]
|upkeep
|turn|12
|
|t:|1785292485
|move|p2a: Kingambit|Sucker Punch|p1b: Lycanroc
|-damage|p1b: Lycanroc|0 fnt
|faint|p1b: Lycanroc
|
|win|ToastedArt
|raw|harpdog's rating: 1090 → 1069(-21 for losing)
|raw|ToastedArt's rating: 1134 → 1156(+22 for winning)
