|j|☆curios d'arte
|j|☆tonsofpax
|html|curios d'artetonsofpax    
|uhtml|bestof|Game 2 of a best-of-3
|t:|1756749971
|gametype|doubles
|player|p1|curios d'arte|miku-ghost|
|player|p2|tonsofpax|bellelba|
|gen|9
|tier|[Gen 9] VGC 2025 Reg H (Bo3)
|rule|Species Clause: Limit one of each Pokémon
|rule|Item Clause: Limit 1 of each item
|clearpoke
|poke|p1|Torkoal, L50, F|
|poke|p1|Crabominable, L50, F|
|poke|p1|Reuniclus, L50, M|
|poke|p1|Indeedee-F, L50, F|
|poke|p1|Bisharp, L50, M|
|poke|p1|Scrafty, L50, M|
|poke|p2|Indeedee-F, L50, F|
|poke|p2|Oricorio-Sensu, L50, F|
|poke|p2|Tauros-Paldea-Blaze, L50, M|
|poke|p2|Gastrodon-East, L50, F|
|poke|p2|Ribombee, L50, F|
|poke|p2|Raichu, L50, F|
|teampreview|4
|showteam|p1|Torkoal||Charcoal|Drought|EarthPower,Eruption,Protect,Flamethrower|||F|||50|,,,,,Fire]Crabominable||ClearAmulet|IronFist|IceHammer,Protect,DrainPunch,ThunderPunch|||F|||50|,,,,,Water]Reuniclus||TwistedSpoon|Overcoat|ExpandingForce,TrickRoom,Protect,FocusBlast|||M|||50|,,,,,Fighting]Indeedee-F||SafetyGoggles|OwnTempo|TrickRoom,FollowMe,Psychic,HelpingHand|||F|||50|,,,,,Water]Bisharp||Eviolite|Defiant|SuckerPunch,IronHead,Protect,ThroatChop|||M|||50|,,,,,Fairy]Scrafty||CovertCloak|Intimidate|Coaching,KnockOff,SuperFang,FakeOut|||M|||50|,,,,,Grass
|showteam|p2|Indeedee-F||RockyHelmet|PsychicSurge|FollowMe,TrickRoom,DazzlingGleam,HelpingHand|||F|||50|,,,,,Grass]Oricorio-Sensu||LifeOrb|Dancer|RevelationDance,AirSlash,QuiverDance,Protect|||F|||50|,,,,,Grass]Tauros-Paldea-Blaze||SafetyGoggles|Intimidate|FlareBlitz,CloseCombat,Protect,RagingBull|||M|||50|,,,,,Fire]Gastrodon-East||SitrusBerry|StormDrain|ClearSmog,EarthPower,Yawn,Protect|||F|||50|,,,,,Ghost]Ribombee||FocusSash|ShieldDust|Tailwind,QuiverDance,PollenPuff,Moonblast|||F|||50|,,,,,Fairy]Raichu||AssaultVest|LightningRod|FakeOut,Nuzzle,KnockOff,VoltSwitch|||F|||50|,,,,,Ghost
|inactive|Battle timer is ON: inactive players will automatically lose when time's up. (requested by curios d'arte)
|inactive|curios d'arte has 60 seconds left.
|inactive|tonsofpax has 60 seconds left.
|inactive|tonsofpax has 30 seconds left.
|inactive|tonsofpax has 20 seconds left.
|inactive|tonsofpax has 15 seconds left.
|
|t:|1756750050
|teamsize|p1|4
|teamsize|p2|4
|start
|switch|p1a: Crabominable|Crabominable, L50, F|100/100
|switch|p1b: Reuniclus|Reuniclus, L50, M|100/100
|switch|p2a: Right U R|Raichu, L50, F|100/100
|switch|p2b: Ribombagree|Ribombee, L50, F, shiny|100/100
|turn|1
|inactive|curios d'arte has 30 seconds left.
|inactive|curios d'arte has 20 seconds left.
|inactive|curios d'arte has 15 seconds left.
|inactive|curios d'arte has 10 seconds left.
|
|t:|1756750101
|switch|p1a: Bisharp|Bisharp, L50, M|100/100
|move|p1b: Reuniclus|Protect|p1b: Reuniclus
|-singleturn|p1b: Reuniclus|Protect
|move|p2a: Right U R|Fake Out|p1b: Reuniclus
|-activate|p1b: Reuniclus|move: Protect
|move|p2b: Ribombagree|Moonblast|p1a: Bisharp
|-damage|p1a: Bisharp|66/100
|
|upkeep
|turn|2
|inactive|curios d'arte has 30 seconds left.
|inactive|tonsofpax has 30 seconds left.
|
|t:|1756750127
|switch|p2b: Gastruedon|Gastrodon-East, L50, F|100/100
|move|p2a: Right U R|Knock Off|p1b: Reuniclus
|-supereffective|p1b: Reuniclus
|-damage|p1b: Reuniclus|53/100
|-enditem|p1b: Reuniclus|Twisted Spoon|[from] move: Knock Off|[of] p2a: Right U R
|move|p1a: Bisharp|Iron Head|p2b: Gastruedon
|-resisted|p2b: Gastruedon
|-damage|p2b: Gastruedon|78/100
|move|p1b: Reuniclus|Expanding Force|p2b: Gastruedon
|-damage|p2b: Gastruedon|38/100
|-enditem|p2b: Gastruedon|Sitrus Berry|[eat]
|-heal|p2b: Gastruedon|62/100|[from] item: Sitrus Berry
|
|upkeep
|turn|3
|inactive|tonsofpax has 30 seconds left.
|
|t:|1756750152
|move|p2a: Right U R|Knock Off|p1a: Bisharp
|-resisted|p1a: Bisharp
|-damage|p1a: Bisharp|57/100
|-enditem|p1a: Bisharp|Eviolite|[from] move: Knock Off|[of] p2a: Right U R
|move|p1a: Bisharp|Throat Chop|p2b: Gastruedon
|-damage|p2b: Gastruedon|10/100
|-start|p2b: Gastruedon|Throat Chop|[silent]
|move|p1b: Reuniclus|Expanding Force|p2b: Gastruedon
|-damage|p2b: Gastruedon|0 fnt
|faint|p2b: Gastruedon
|
|upkeep
|
|t:|1756750165
|switch|p2b: Ribombagree|Ribombee, L50, F, shiny|100/100
|turn|4
|
|t:|1756750181
|move|p2b: Ribombagree|Pollen Puff|p1b: Reuniclus
|-supereffective|p1b: Reuniclus
|-damage|p1b: Reuniclus|0 fnt
|faint|p1b: Reuniclus
|move|p2a: Right U R|Nuzzle|p1a: Bisharp
|-damage|p1a: Bisharp|50/100
|-status|p1a: Bisharp|par
|move|p1a: Bisharp|Iron Head|p2b: Ribombagree
|-supereffective|p2b: Ribombagree
|-enditem|p2b: Ribombagree|Focus Sash
|-damage|p2b: Ribombagree|1/100
|
|upkeep
|
|t:|1756750189
|switch|p1b: Torkoal|Torkoal, L50, F|100/100
|-weather|SunnyDay|[from] ability: Drought|[of] p1b: Torkoal
|turn|5
|inactive|tonsofpax has 30 seconds left.
|
|t:|1756750218
|cant|p1a: Bisharp|par
|move|p2b: Ribombagree|Moonblast|p1a: Bisharp
|-damage|p1a: Bisharp|0 fnt
|faint|p1a: Bisharp
|move|p2a: Right U R|Knock Off|p1b: Torkoal
|-damage|p1b: Torkoal|84/100
|-enditem|p1b: Torkoal|Charcoal|[from] move: Knock Off|[of] p2a: Right U R
|move|p1b: Torkoal|Eruption|p2a: Right U R|[spread] p2a,p2b
|-supereffective|p2b: Ribombagree
|-damage|p2a: Right U R|48/100
|-damage|p2b: Ribombagree|0 fnt
|faint|p2b: Ribombagree
|
|-weather|SunnyDay|[upkeep]
|upkeep
|
|t:|1756750229
|switch|p2b: Oriconsensus|Oricorio-Sensu, L50, F|100/100
|switch|p1a: Crabominable|Crabominable, L50, F|100/100
|turn|6
|inactive|tonsofpax has 30 seconds left.
|
|t:|1756750260
|-terastallize|p2a: Right U R|Ghost
|move|p1a: Crabominable|Protect|p1a: Crabominable
|-singleturn|p1a: Crabominable|Protect
|move|p2a: Right U R|Nuzzle|p1b: Torkoal
|-damage|p1b: Torkoal|77/100
|-status|p1b: Torkoal|par
|move|p2b: Oriconsensus|Air Slash|p1a: Crabominable
|-activate|p1a: Crabominable|move: Protect
|cant|p1b: Torkoal|par
|
|-weather|SunnyDay|[upkeep]
|upkeep
|turn|7
|inactive|tonsofpax has 30 seconds left.
|
|t:|1756750291
|-terastallize|p1a: Crabominable|Water
|move|p2a: Right U R|Volt Switch|p1b: Torkoal
|-damage|p1b: Torkoal|50/100 par
|move|p2b: Oriconsensus|Air Slash|p1a: Crabominable
|-damage|p1a: Crabominable|47/100
|-damage|p2b: Oriconsensus|91/100|[from] item: Life Orb
|move|p1a: Crabominable|Ice Hammer|p2b: Oriconsensus
|-supereffective|p2b: Oriconsensus
|-crit|p2b: Oriconsensus
|-damage|p2b: Oriconsensus|0 fnt
|-unboost|p1a: Crabominable|spe|1
|faint|p2b: Oriconsensus
|move|p1b: Torkoal|Flamethrower|p2a: Right U R
|-damage|p2a: Right U R|0 fnt
|faint|p2a: Right U R
|
|win|curios d'arte
||curios d'arte is ready for game 3.
|inactive|tonsofpax has 30 seconds to confirm battle start!
||tonsofpax is ready for game 3.
|uhtml|next|Next: Game 3 of 3
