|j|☆claudiusmaximus125
|j|☆ExessVGC
|html|claudiusmaximus125ExessVGC    
|uhtml|bestof|Game 2 of a best-of-3
|t:|1756329511
|gametype|doubles
|player|p1|claudiusmaximus125|ghetsis-gen5bw|1171
|player|p2|ExessVGC|1|1103
|gen|9
|tier|[Gen 9] VGC 2025 Reg H (Bo3)
|rated|
|rule|Species Clause: Limit one of each Pokémon
|rule|Item Clause: Limit 1 of each item
|clearpoke
|poke|p1|Sneasler, L50, F|
|poke|p1|Indeedee, L50, M|
|poke|p1|Dragonite, L50, F|
|poke|p1|Gholdengo, L50|
|poke|p1|Amoonguss, L50, M|
|poke|p1|Ursaluna-Bloodmoon, L50, M|
|poke|p2|Talonflame, L50, F|
|poke|p2|Dragapult, L50, M|
|poke|p2|Farigiraf, L50, M|
|poke|p2|Ursaluna, L50, F|
|poke|p2|Sinistcha-Masterpiece, L50|
|poke|p2|Incineroar, L50, M|
|teampreview|4
|showteam|p1|Sneasler||PsychicSeed|Unburden|DireClaw,CloseCombat,ThroatChop,Coaching|||F|||50|,,,,,Stellar]Indeedee||ChoiceScarf|PsychicSurge|ExpandingForce,Psychic,DazzlingGleam,ShadowBall|||M|||50|,,,,,Fairy]Dragonite||LoadedDice|Multiscale|ScaleShot,TeraBlast,Tailwind,Protect|||F|||50|,,,,,Flying]Gholdengo||LifeOrb|GoodasGold|MakeItRain,ShadowBall,NastyPlot,Protect||||||50|,,,,,Water]Amoonguss||SitrusBerry|Regenerator|Spore,RagePowder,ClearSmog,Protect|||M|||50|,,,,,Water]Ursaluna-Bloodmoon||ThroatSpray|MindsEye|BloodMoon,EarthPower,HyperVoice,Protect|||M|||50|,,,,,Normal
|showteam|p2|Talonflame||CovertCloak|GaleWings|DualWingbeat,Tailwind,Taunt,SunnyDay|||F|||50|,,,,,Grass]Dragapult||ChoiceBand|ClearBody|DragonDarts,PhantomForce,Uturn,Outrage|||M|||50|,,,,,Dragon]Farigiraf||SitrusBerry|ArmorTail|TrickRoom,PsychicNoise,DazzlingGleam,HelpingHand|||M|||50|,,,,,Fairy]Ursaluna||FlameOrb|Guts|Facade,HeadlongRush,Earthquake,Protect|||F|||50|,,,,,Normal]Sinistcha-Masterpiece||RockyHelmet|Hospitality|RagePowder,TrickRoom,MatchaGotcha,StrengthSap||||||50|,,,,,Fire]Incineroar||AssaultVest|Intimidate|FakeOut,FlareBlitz,Uturn,KnockOff|||M|||50|,,,,,Grass
|
|t:|1756329534
|teamsize|p1|4
|teamsize|p2|4
|start
|switch|p1a: Dragonite|Dragonite, L50, F|100/100
|switch|p1b: Amoonguss|Amoonguss, L50, M|100/100
|switch|p2a: Talonflame|Talonflame, L50, F|100/100
|switch|p2b: Dragapult|Dragapult, L50, M|100/100
|turn|1
|
|t:|1756329557
|switch|p2b: Incineroar|Incineroar, L50, M|100/100
|-ability|p2b: Incineroar|Intimidate|boost
|-unboost|p1a: Dragonite|atk|1
|-unboost|p1b: Amoonguss|atk|1
|-terastallize|p1b: Amoonguss|Water
|move|p1b: Amoonguss|Rage Powder|p1b: Amoonguss
|-singleturn|p1b: Amoonguss|move: Rage Powder
|move|p2a: Talonflame|Taunt|p1b: Amoonguss
|-start|p1b: Amoonguss|move: Taunt
|move|p1a: Dragonite|Scale Shot|p2b: Incineroar
|-damage|p2b: Incineroar|93/100
|-damage|p2b: Incineroar|85/100
|-damage|p2b: Incineroar|77/100
|-damage|p2b: Incineroar|68/100
|-hitcount|p2b: Incineroar|4
|-unboost|p1a: Dragonite|def|1
|-boost|p1a: Dragonite|spe|1
|
|upkeep
|turn|2
|
|t:|1756329591
|switch|p1b: Indeedee|Indeedee, L50, M|100/100
|-fieldstart|move: Psychic Terrain|[from] ability: Psychic Surge|[of] p1b: Indeedee
|move|p2a: Talonflame|Dual Wingbeat|p1a: Dragonite
|-damage|p1a: Dragonite|87/100
|-damage|p1a: Dragonite|62/100
|-hitcount|p1a: Dragonite|2
|move|p1a: Dragonite|Tailwind|p1a: Dragonite
|-sidestart|p1: claudiusmaximus125|move: Tailwind
|move|p2b: Incineroar|Knock Off|p1a: Dragonite
|-damage|p1a: Dragonite|0 fnt
|-enditem|p1a: Dragonite|Loaded Dice|[from] move: Knock Off|[of] p2b: Incineroar
|faint|p1a: Dragonite
|
|upkeep
|
|t:|1756329609
|switch|p1a: Sneasler|Sneasler, L50, F|100/100
|-enditem|p1a: Sneasler|Psychic Seed
|-boost|p1a: Sneasler|spd|1|[from] item: Psychic Seed
|turn|3
|
|t:|1756329628
|switch|p2b: Sinistcha|Sinistcha-Masterpiece, L50|100/100
|move|p2a: Talonflame|Tailwind|p2a: Talonflame
|-sidestart|p2: ExessVGC|move: Tailwind
|move|p1a: Sneasler|Close Combat|p2b: Sinistcha
|-immune|p2b: Sinistcha
|move|p1b: Indeedee|Expanding Force|p2b: Sinistcha|[spread] p2a,p2b
|-damage|p2a: Talonflame|17/100
|-damage|p2b: Sinistcha|42/100
|
|upkeep
|turn|4
|
|t:|1756329648
|switch|p2b: Incineroar|Incineroar, L50, M|68/100
|-ability|p2b: Incineroar|Intimidate|boost
|-unboost|p1a: Sneasler|atk|1
|-unboost|p1b: Indeedee|atk|1
|move|p1a: Sneasler|Dire Claw|p2b: Incineroar
|-damage|p2b: Incineroar|45/100
|-status|p2b: Incineroar|psn
|move|p1b: Indeedee|Expanding Force|p2b: Incineroar|[spread] p2a
|-immune|p2b: Incineroar
|-damage|p2a: Talonflame|0 fnt
|faint|p2a: Talonflame
|
|-damage|p2b: Incineroar|33/100 psn|[from] psn
|upkeep
|
|t:|1756329667
|switch|p2a: Sinistcha|Sinistcha-Masterpiece, L50|42/100
|-heal|p2b: Incineroar|57/100 psn|[from] ability: Hospitality|[of] p2a: Sinistcha
|turn|5
|
|t:|1756329690
|move|p2a: Sinistcha|Rage Powder|p2a: Sinistcha
|-singleturn|p2a: Sinistcha|move: Rage Powder
|move|p1a: Sneasler|Close Combat|p2a: Sinistcha
|-immune|p2a: Sinistcha
|move|p1b: Indeedee|Expanding Force|p2a: Sinistcha|[spread] p2a
|-immune|p2b: Incineroar
|-damage|p2a: Sinistcha|0 fnt
|faint|p2a: Sinistcha
|move|p2b: Incineroar|Knock Off|p1b: Indeedee
|-supereffective|p1b: Indeedee
|-damage|p1b: Indeedee|0 fnt
|-enditem|p1b: Indeedee|Choice Scarf|[from] move: Knock Off|[of] p2b: Incineroar
|faint|p1b: Indeedee
|
|-damage|p2b: Incineroar|45/100 psn|[from] psn
|-sideend|p1: claudiusmaximus125|move: Tailwind
|upkeep
|
|t:|1756329706
|switch|p1b: Amoonguss|Amoonguss, L50, M, tera:Water|100/100
|switch|p2a: Dragapult|Dragapult, L50, M|100/100
|turn|6
|
|t:|1756329748
|-terastallize|p2a: Dragapult|Dragon
|move|p1b: Amoonguss|Rage Powder|p1b: Amoonguss
|-singleturn|p1b: Amoonguss|move: Rage Powder
|move|p2a: Dragapult|Outrage|p1b: Amoonguss
|-damage|p1b: Amoonguss|0 fnt
|faint|p1b: Amoonguss
|move|p1a: Sneasler|Throat Chop|p2a: Dragapult
|-damage|p2a: Dragapult|72/100
|-start|p2a: Dragapult|Throat Chop|[silent]
|move|p2b: Incineroar|Flare Blitz|p1a: Sneasler
|-damage|p1a: Sneasler|16/100
|-damage|p2b: Incineroar|23/100 psn|[from] Recoil
|
|-damage|p2b: Incineroar|11/100 psn|[from] psn
|-sideend|p2: ExessVGC|move: Tailwind
|-fieldend|move: Psychic Terrain
|upkeep
|turn|7
|
|t:|1756329764
|move|p1a: Sneasler|Close Combat|p2a: Dragapult
|-damage|p2a: Dragapult|6/100
|-unboost|p1a: Sneasler|def|1
|-unboost|p1a: Sneasler|spd|1
|move|p2a: Dragapult|Outrage|p1a: Sneasler|[from] lockedmove
|-damage|p1a: Sneasler|0 fnt
|faint|p1a: Sneasler
|-start|p2a: Dragapult|confusion|[fatigue]
|
|win|ExessVGC
|raw|claudiusmaximus125's rating: 1171 → 1141(-30 for losing)
|raw|ExessVGC's rating: 1103 → 1133(+30 for winning)
|l|☆claudiusmaximus125
|player|p1|
