|j|☆Inayaaaa
|j|☆lolgz
|html|Inayaaaalolgz    
|uhtml|bestof|Game 3 of a best-of-3
|t:|1782438452
|gametype|doubles
|player|p1|Inayaaaa|169|1145
|player|p2|lolgz|dawn|1221
|gen|9
|tier|[Gen 9 Champions] VGC 2026 Reg M-B (Bo3)
|rated|
|rule|Species Clause: Limit one of each Pokémon
|rule|Item Clause: Limit 1 of each item
|clearpoke
|poke|p1|Sneasler, L50, M|
|poke|p1|Meganium, L50, F|
|poke|p1|Kingambit, L50, M|
|poke|p1|Garchomp, L50, M|
|poke|p1|Pelipper, L50, M|
|poke|p1|Greninja, L50, M|
|poke|p2|Mawile, L50, M|
|poke|p2|Sneasler, L50, M|
|poke|p2|Farigiraf, L50, M|
|poke|p2|Ampharos, L50, M|
|poke|p2|Vileplume, L50, M|
|poke|p2|Torkoal, L50, M|
|teampreview|4
|showteam|p1|Sneasler||WhiteHerb|Unburden|CloseCombat,FakeOut,DireClaw,Protect|Jolly||M|||50|]Meganium||Meganiumite|Overgrow|SolarBeam,DazzlingGleam,WeatherBall,Protect|Modest||F|||50|]Kingambit||ChopleBerry|Defiant|SuckerPunch,KowtowCleave,Protect,IronHead|Adamant||M|||50|]Garchomp||SitrusBerry|RoughSkin|Earthquake,DragonClaw,RockSlide,Protect|Jolly||M|||50|]Pelipper||FocusSash|Drizzle|Hurricane,WeatherBall,WideGuard,Tailwind|Modest||M|||50|]Greninja||Greninjite|Protean|Extrasensory,GunkShot,HydroCannon,Protect|Hasty||M|||50|
|showteam|p2|Mawile||Mawilite|HyperCutter|PlayRough,SuckerPunch,SwordsDance,Protect|Serious||M|||50|]Sneasler||IronBall|PoisonTouch|FakeOut,DireClaw,CloseCombat,RockTomb|Brave||M|||50|]Farigiraf||SitrusBerry|ArmorTail|TrickRoom,Thunderbolt,Psychic,HelpingHand|Relaxed||M|||50|]Ampharos||Ampharosite|Static|Thunderbolt,DragonPulse,Protect,FocusBlast|Brave||M|||50|]Vileplume||FocusSash|Chlorophyll|SleepPowder,SludgeBomb,EnergyBall,AfterYou|Timid||M|||50|]Torkoal||Charcoal|Drought|Eruption,WeatherBall,EarthPower,Protect|Quiet||M|||50|
|inactive|Battle timer is ON: inactive players will automatically lose when time's up. (requested by lolgz)
|
|t:|1782438481
|teamsize|p1|4
|teamsize|p2|4
|start
|switch|p1a: Pelipper|Pelipper, L50, M|100/100
|switch|p1b: Garchomp|Garchomp, L50, M|100/100
|switch|p2a: Farigiraf|Farigiraf, L50, M|100/100
|switch|p2b: Sneasler|Sneasler, L50, M|100/100
|-weather|RainDance|[from] ability: Drizzle|[of] p1a: Pelipper
|turn|1
|
|t:|1782438507
|move|p2b: Sneasler|Fake Out|p1a: Pelipper
|-damage|p1a: Pelipper|82/100
|move|p1b: Garchomp|Earthquake|p2a: Farigiraf|[spread] p2a,p2b
|-immune|p1a: Pelipper
|-supereffective|p2b: Sneasler|1
|-damage|p2a: Farigiraf|70/100
|-damage|p2b: Sneasler|0 fnt
|faint|p2b: Sneasler
|cant|p1a: Pelipper|flinch
|move|p2a: Farigiraf|Trick Room|p2a: Farigiraf
|-fieldstart|move: Trick Room|[of] p2a: Farigiraf
|
|-weather|RainDance|[upkeep]
|upkeep
|
|t:|1782438511
|switch|p2b: Ampharos|Ampharos, L50, M|100/100
|turn|2
|inactive|Inayaaaa has 30 seconds left.
|
|t:|1782438538
|switch|p1a: Meganium|Meganium, L50, F|100/100
|detailschange|p2b: Ampharos|Ampharos-Mega, L50, M
|-mega|p2b: Ampharos|Ampharos|Ampharosite
|-ability|p2b: Ampharos|Mold Breaker
|move|p2b: Ampharos|Dragon Pulse|p1b: Garchomp
|-supereffective|p1b: Garchomp|1
|-damage|p1b: Garchomp|0 fnt
|faint|p1b: Garchomp
|move|p2a: Farigiraf|Thunderbolt|p1a: Meganium
|-resisted|p1a: Meganium|1
|-damage|p1a: Meganium|88/100
|
|-weather|RainDance|[upkeep]
|upkeep
|
|t:|1782438552
|switch|p1b: Sneasler|Sneasler, L50, M|100/100
|turn|3
|
|t:|1782438561
|switch|p2b: Torkoal|Torkoal, L50, M|100/100
|-weather|SunnyDay|[from] ability: Drought|[of] p2b: Torkoal
|detailschange|p1a: Meganium|Meganium-Mega, L50, F
|-mega|p1a: Meganium|Meganium|Meganiumite
|move|p2a: Farigiraf|Psychic|p1b: Sneasler
|-supereffective|p1b: Sneasler|2
|-damage|p1b: Sneasler|0 fnt
|faint|p1b: Sneasler
|move|p1a: Meganium|Dazzling Gleam|p2b: Torkoal|[spread] p2a,p2b
|-resisted|p2b: Torkoal|1
|-damage|p2a: Farigiraf|37/100
|-damage|p2b: Torkoal|75/100
|-enditem|p2a: Farigiraf|Sitrus Berry|[eat]
|-heal|p2a: Farigiraf|61/100|[from] item: Sitrus Berry
|
|-weather|SunnyDay|[upkeep]
|upkeep
|
|t:|1782438574
|switch|p1b: Pelipper|Pelipper, L50, M|82/100
|-weather|RainDance|[from] ability: Drizzle|[of] p1b: Pelipper
|turn|4
|
|t:|1782438582
|switch|p2b: Ampharos|Ampharos-Mega, L50, M|100/100
|-ability|p2b: Ampharos|Mold Breaker
|move|p2a: Farigiraf|Thunderbolt|p1b: Pelipper
|-supereffective|p1b: Pelipper|2
|-crit|p1b: Pelipper
|-damage|p1b: Pelipper|0 fnt
|faint|p1b: Pelipper
|move|p1a: Meganium|Weather Ball|p2a: Farigiraf
|-damage|p2a: Farigiraf|2/100
|
|-weather|RainDance|[upkeep]
|upkeep
|turn|5
|
|t:|1782438596
|move|p1a: Meganium|Protect|p1a: Meganium
|-singleturn|p1a: Meganium|Protect
|move|p2b: Ampharos|Thunderbolt|p1a: Meganium
|-activate|p1a: Meganium|move: Protect
|move|p2a: Farigiraf|Psychic|p1a: Meganium
|-activate|p1a: Meganium|move: Protect
|
|-weather|RainDance|[upkeep]
|-fieldend|move: Trick Room
|upkeep
|turn|6
|
|t:|1782438608
|move|p1a: Meganium|Dazzling Gleam|p2a: Farigiraf|[spread] p2a,p2b
|-supereffective|p2b: Ampharos|1
|-damage|p2a: Farigiraf|0 fnt
|-damage|p2b: Ampharos|38/100
|faint|p2a: Farigiraf
|move|p2b: Ampharos|Dragon Pulse|p1a: Meganium
|-immune|p1a: Meganium
|
|-weather|RainDance|[upkeep]
|upkeep
|
|t:|1782438610
|switch|p2a: Torkoal|Torkoal, L50, M|75/100
|-weather|SunnyDay|[from] ability: Drought|[of] p2a: Torkoal
|turn|7
|
|t:|1782438623
|move|p1a: Meganium|Dazzling Gleam|p2a: Torkoal|[spread] p2a,p2b
|-resisted|p2a: Torkoal|1
|-supereffective|p2b: Ampharos|1
|-damage|p2a: Torkoal|51/100
|-damage|p2b: Ampharos|0 fnt
|faint|p2b: Ampharos
|move|p2a: Torkoal|Weather Ball|p1a: Meganium
|-supereffective|p1a: Meganium|1
|-damage|p1a: Meganium|0 fnt
|faint|p1a: Meganium
|
|win|lolgz
|raw|Inayaaaa's rating: 1145 → 1125(-20 for losing)
|raw|lolgz's rating: 1221 → 1241(+20 for winning)
