|j|☆Rock slap
|j|☆Davirate
|html|Rock slapDavirate    
|uhtml|bestof|Game 1 of a best-of-3
|t:|1757631041
|gametype|doubles
|player|p1|Rock slap|hiker-gen4|1232
|player|p2|Davirate|steven-masters2|1272
|gen|9
|tier|[Gen 9] VGC 2025 Reg H (Bo3)
|rated|
|rule|Species Clause: Limit one of each Pokémon
|rule|Item Clause: Limit 1 of each item
|clearpoke
|poke|p1|Kommo-o, L50, M|
|poke|p1|Incineroar, L50, M|
|poke|p1|Rillaboom, L50, F|
|poke|p1|Volcarona, L50, F|
|poke|p1|Electabuzz, L50, M|
|poke|p1|Golduck, L50, M|
|poke|p2|Sneasler, L50, F|
|poke|p2|Indeedee, L50, M|
|poke|p2|Volcarona, L50, M|
|poke|p2|Ursaluna-Bloodmoon, L50, M|
|poke|p2|Annihilape, L50, F|
|poke|p2|Tyranitar, L50, M|
|teampreview|4
|showteam|p1|Kommo-o||ThroatSpray|Soundproof|ClangingScales,FlashCannon,ClangorousSoul,Protect|||M|||50|,,,,,Steel]Incineroar||SafetyGoggles|Intimidate|FakeOut,KnockOff,PartingShot,FlareBlitz|||M|||50|,,,,,Ghost]Rillaboom||AssaultVest|GrassySurge|FakeOut,WoodHammer,HighHorsepower,GrassyGlide|||F|||50|,,,,,Water]Volcarona||SitrusBerry|FlameBody|QuiverDance,HeatWave,TeraBlast,Protect|||F|||50|,,,,,Fairy]Electabuzz||Eviolite|VitalSpirit|Protect,Electroweb,Taunt,FollowMe|||M|||50|,,,,,Fairy]Golduck||CovertCloak|CloudNine|IcyWind,SimpleBeam,HelpingHand,Encore|||M|||50|,,,,,Poison
|showteam|p2|Sneasler||PsychicSeed|Unburden|CloseCombat,DireClaw,ThroatChop,Protect|||F|||50|,,,,,Stellar]Indeedee||ChoiceScarf|PsychicSurge|ExpandingForce,TeraBlast,Trick,Protect|||M|||50|,,,,,Psychic]Volcarona||SitrusBerry|FlameBody|Overheat,StruggleBug,RagePowder,Tailwind|||M|||50|,,,,,Grass]Ursaluna-Bloodmoon||LifeOrb|MindsEye|BloodMoon,HyperVoice,EarthPower,Protect|||M|||50|,,,,,Normal]Annihilape||SafetyGoggles|Defiant|CloseCombat,RageFist,Taunt,FinalGambit|||F|||50|,,,,,Fairy]Tyranitar||AssaultVest|SandStream|RockSlide,KnockOff,TeraBlast,LowKick|||M|||50|,,,,,Flying
|inactive|Battle timer is ON: inactive players will automatically lose when time's up. (requested by Rock slap)
|
|t:|1757631140
|teamsize|p1|4
|teamsize|p2|4
|start
|switch|p1a: Kommo-o|Kommo-o, L50, M, shiny|100/100
|switch|p1b: Rillaboom|Rillaboom, L50, F|100/100
|switch|p2a: Volcarona|Volcarona, L50, M|100/100
|switch|p2b: Annihilape|Annihilape, L50, F|100/100
|-fieldstart|move: Grassy Terrain|[from] ability: Grassy Surge|[of] p1b: Rillaboom
|turn|1
|inactive|Davirate has 30 seconds left.
|inactive|Davirate has 20 seconds left.
|inactive|Davirate has 15 seconds left.
|inactive|Davirate has 10 seconds left.
|
|t:|1757631187
|-terastallize|p1b: Rillaboom|Water
|move|p1a: Kommo-o|Protect|p1a: Kommo-o
|-singleturn|p1a: Kommo-o|Protect
|move|p2a: Volcarona|Struggle Bug|p1b: Rillaboom|[spread] p1b
|-activate|p1a: Kommo-o|move: Protect
|-damage|p1b: Rillaboom|90/100
|-unboost|p1b: Rillaboom|spa|1
|move|p2b: Annihilape|Taunt|p1a: Kommo-o
|-activate|p1a: Kommo-o|move: Protect
|move|p1b: Rillaboom|Wood Hammer|p2b: Annihilape
|-damage|p2b: Annihilape|15/100
|-damage|p1b: Rillaboom|61/100|[from] Recoil
|
|-heal|p2b: Annihilape|22/100|[from] Grassy Terrain
|-heal|p1b: Rillaboom|67/100|[from] Grassy Terrain
|upkeep
|turn|2
|inactive|Davirate has 30 seconds left.
|inactive|Rock slap has 30 seconds left.
|inactive|Davirate has 20 seconds left.
|inactive|Rock slap has 20 seconds left.
|inactive|Davirate has 15 seconds left.
|inactive|Rock slap has 15 seconds left.
|inactive|Rock slap has 10 seconds left.
|
|t:|1757631240
|switch|p1b: Electabuzz|Electabuzz, L50, M, shiny|100/100
|move|p2a: Volcarona|Struggle Bug|p1b: Electabuzz|[spread] p1a,p1b
|-resisted|p1a: Kommo-o
|-damage|p1a: Kommo-o|90/100
|-damage|p1b: Electabuzz|85/100
|-unboost|p1a: Kommo-o|spa|1
|-unboost|p1b: Electabuzz|spa|1
|move|p2b: Annihilape|Close Combat|p1b: Electabuzz
|-damage|p1b: Electabuzz|37/100
|-unboost|p2b: Annihilape|def|1
|-unboost|p2b: Annihilape|spd|1
|move|p1a: Kommo-o|Clanging Scales|p2b: Annihilape|[spread] p2a,p2b
|-damage|p2a: Volcarona|75/100
|-damage|p2b: Annihilape|0 fnt
|faint|p2b: Annihilape
|-unboost|p1a: Kommo-o|def|1
|-enditem|p1a: Kommo-o|Throat Spray
|-boost|p1a: Kommo-o|spa|1|[from] item: Throat Spray
|
|-heal|p2a: Volcarona|82/100|[from] Grassy Terrain
|-heal|p1b: Electabuzz|43/100|[from] Grassy Terrain
|-heal|p1a: Kommo-o|96/100|[from] Grassy Terrain
|upkeep
|
|t:|1757631264
|switch|p2b: Indeedee|Indeedee, L50, M|100/100
|-fieldstart|move: Psychic Terrain|[from] ability: Psychic Surge|[of] p2b: Indeedee
|turn|3
|
|t:|1757631280
|switch|p1a: Incineroar|Incineroar, L50, M|100/100
|-ability|p1a: Incineroar|Intimidate|boost
|-unboost|p2a: Volcarona|atk|1
|-unboost|p2b: Indeedee|atk|1
|move|p1b: Electabuzz|Protect|p1b: Electabuzz
|-singleturn|p1b: Electabuzz|Protect
|move|p2b: Indeedee|Expanding Force|p1a: Incineroar|[spread] 
|-activate|p1b: Electabuzz|move: Protect
|-immune|p1a: Incineroar
|move|p2a: Volcarona|Tailwind|p2a: Volcarona
|-sidestart|p2: Davirate|move: Tailwind
|
|upkeep
|turn|4
|inactive|Rock slap has 30 seconds left.
|
|t:|1757631307
|switch|p2b: Tyranitar|Tyranitar, L50, M|100/100
|-weather|Sandstorm|[from] ability: Sand Stream|[of] p2b: Tyranitar
|switch|p1b: Rillaboom|Rillaboom, L50, F, tera:Water|67/100
|-fieldstart|move: Grassy Terrain|[from] ability: Grassy Surge|[of] p1b: Rillaboom
|move|p2a: Volcarona|Struggle Bug|p1b: Rillaboom|[spread] p1a,p1b
|-damage|p1a: Incineroar|85/100
|-damage|p1b: Rillaboom|56/100
|-unboost|p1a: Incineroar|spa|1
|-unboost|p1b: Rillaboom|spa|1
|move|p1a: Incineroar|Knock Off|p2a: Volcarona
|-damage|p2a: Volcarona|27/100
|-enditem|p2a: Volcarona|Sitrus Berry|[from] move: Knock Off|[of] p1a: Incineroar
|
|-weather|Sandstorm|[upkeep]
|-damage|p2a: Volcarona|20/100|[from] Sandstorm
|-damage|p1b: Rillaboom|50/100|[from] Sandstorm
|-heal|p2a: Volcarona|27/100|[from] Grassy Terrain
|-heal|p1b: Rillaboom|56/100|[from] Grassy Terrain
|-heal|p1a: Incineroar|91/100|[from] Grassy Terrain
|upkeep
|turn|5
|inactive|Davirate has 30 seconds left.
|inactive|Davirate has 20 seconds left.
|inactive|Davirate has 15 seconds left.
|inactive|Rock slap has 30 seconds left.
|inactive|Davirate has 10 seconds left.
|inactive|Rock slap has 20 seconds left.
|inactive|Rock slap has 15 seconds left.
|
|t:|1757631370
|move|p1b: Rillaboom|Fake Out|p2b: Tyranitar
|-resisted|p2b: Tyranitar
|-damage|p2b: Tyranitar|95/100
|move|p2a: Volcarona|Rage Powder|p2a: Volcarona
|-singleturn|p2a: Volcarona|move: Rage Powder
|cant|p2b: Tyranitar|flinch
|move|p1a: Incineroar|Parting Shot|p2b: Tyranitar
|-unboost|p2b: Tyranitar|atk|1
|-unboost|p2b: Tyranitar|spa|1
|
|t:|1757631387
|switch|p1a: Kommo-o|Kommo-o, L50, M, shiny|96/100|[from] Parting Shot
|
|-weather|Sandstorm|[upkeep]
|-damage|p2a: Volcarona|20/100|[from] Sandstorm
|-damage|p1a: Kommo-o|90/100|[from] Sandstorm
|-damage|p1b: Rillaboom|50/100|[from] Sandstorm
|-heal|p2a: Volcarona|27/100|[from] Grassy Terrain
|-heal|p2b: Tyranitar|100/100|[from] Grassy Terrain
|-heal|p1a: Kommo-o|96/100|[from] Grassy Terrain
|-heal|p1b: Rillaboom|56/100|[from] Grassy Terrain
|upkeep
|turn|6
|inactive|Davirate has 30 seconds left.
|
|t:|1757631419
|switch|p1b: Incineroar|Incineroar, L50, M|91/100
|-ability|p1b: Incineroar|Intimidate|boost
|-unboost|p2a: Volcarona|atk|1
|-unboost|p2b: Tyranitar|atk|1
|move|p2a: Volcarona|Rage Powder|p2a: Volcarona
|-singleturn|p2a: Volcarona|move: Rage Powder
|move|p2b: Tyranitar|Knock Off|p1b: Incineroar
|-resisted|p1b: Incineroar
|-damage|p1b: Incineroar|79/100
|-enditem|p1b: Incineroar|Safety Goggles|[from] move: Knock Off|[of] p2b: Tyranitar
|move|p1a: Kommo-o|Clanging Scales|p2a: Volcarona|[spread] p2a,p2b
|-damage|p2a: Volcarona|0 fnt
|-damage|p2b: Tyranitar|86/100
|faint|p2a: Volcarona
|-unboost|p1a: Kommo-o|def|1
|
|-weather|Sandstorm|[upkeep]
|-damage|p1a: Kommo-o|90/100|[from] Sandstorm
|-damage|p1b: Incineroar|73/100|[from] Sandstorm
|-heal|p2b: Tyranitar|91/100|[from] Grassy Terrain
|-heal|p1a: Kommo-o|96/100|[from] Grassy Terrain
|-heal|p1b: Incineroar|79/100|[from] Grassy Terrain
|-sideend|p2: Davirate|move: Tailwind
|upkeep
|
|t:|1757631437
|switch|p2a: Indeedee|Indeedee, L50, M|100/100
|-fieldstart|move: Psychic Terrain|[from] ability: Psychic Surge|[of] p2a: Indeedee
|turn|7
|
|t:|1757631456
|switch|p1b: Rillaboom|Rillaboom, L50, F, tera:Water|56/100
|-fieldstart|move: Grassy Terrain|[from] ability: Grassy Surge|[of] p1b: Rillaboom
|move|p1a: Kommo-o|Protect|p1a: Kommo-o
|-singleturn|p1a: Kommo-o|Protect
|move|p2a: Indeedee|Tera Blast|p1b: Rillaboom
|-damage|p1b: Rillaboom|31/100
|move|p2b: Tyranitar|Rock Slide|p1a: Kommo-o|[spread] p1b
|-activate|p1a: Kommo-o|move: Protect
|-damage|p1b: Rillaboom|16/100
|
|-weather|Sandstorm|[upkeep]
|-damage|p2a: Indeedee|95/100|[from] Sandstorm
|-damage|p1a: Kommo-o|90/100|[from] Sandstorm
|-damage|p1b: Rillaboom|10/100|[from] Sandstorm
|-heal|p2a: Indeedee|100/100|[from] Grassy Terrain
|-heal|p1a: Kommo-o|96/100|[from] Grassy Terrain
|-heal|p2b: Tyranitar|97/100|[from] Grassy Terrain
|-heal|p1b: Rillaboom|16/100|[from] Grassy Terrain
|upkeep
|turn|8
|inactive|Rock slap has 30 seconds left.
|inactive|Davirate has 30 seconds left.
|inactive|Davirate has 20 seconds left.
|inactive|Rock slap has 20 seconds left.
|inactive|Davirate has 15 seconds left.
|inactive|Rock slap has 15 seconds left.
|inactive|Davirate has 10 seconds left.
|inactive|Rock slap has 10 seconds left.
|
|t:|1757631507
|-terastallize|p2b: Tyranitar|Flying
|move|p1b: Rillaboom|Grassy Glide|p2b: Tyranitar
|-resisted|p2b: Tyranitar
|-damage|p2b: Tyranitar|80/100
|move|p2a: Indeedee|Tera Blast|p1b: Rillaboom
|-damage|p1b: Rillaboom|0 fnt
|faint|p1b: Rillaboom
|move|p1a: Kommo-o|Flash Cannon|p2b: Tyranitar
|-damage|p2b: Tyranitar|63/100
|move|p2b: Tyranitar|Tera Blast|p1a: Kommo-o|[anim] Tera Blast Flying
|-supereffective|p1a: Kommo-o
|-crit|p1a: Kommo-o
|-damage|p1a: Kommo-o|0 fnt
|faint|p1a: Kommo-o
|
|-weather|none
|upkeep
|
|t:|1757631511
|switch|p1a: Electabuzz|Electabuzz, L50, M, shiny|43/100
|switch|p1b: Incineroar|Incineroar, L50, M|79/100
|-ability|p1b: Incineroar|Intimidate|boost
|-unboost|p2a: Indeedee|atk|1
|-unboost|p2b: Tyranitar|atk|1
|turn|9
|
|t:|1757631532
|move|p2a: Indeedee|Tera Blast|p1b: Incineroar
|-damage|p1b: Incineroar|44/100
|move|p1a: Electabuzz|Electroweb|p2b: Tyranitar|[spread] p2a,p2b
|-supereffective|p2b: Tyranitar
|-damage|p2a: Indeedee|82/100
|-damage|p2b: Tyranitar|44/100
|-unboost|p2a: Indeedee|spe|1
|-unboost|p2b: Tyranitar|spe|1
|move|p1b: Incineroar|Flare Blitz|p2b: Tyranitar
|-damage|p2b: Tyranitar|0 fnt
|faint|p2b: Tyranitar
|-damage|p1b: Incineroar|31/100|[from] Recoil
|
|-heal|p1a: Electabuzz|49/100|[from] Grassy Terrain
|-heal|p2a: Indeedee|88/100|[from] Grassy Terrain
|-heal|p1b: Incineroar|37/100|[from] Grassy Terrain
|upkeep
|turn|10
|
|t:|1757631547
|move|p1a: Electabuzz|Follow Me|p1a: Electabuzz
|-singleturn|p1a: Electabuzz|move: Follow Me
|move|p2a: Indeedee|Tera Blast|p1a: Electabuzz
|-damage|p1a: Electabuzz|14/100
|move|p1b: Incineroar|Knock Off|p2a: Indeedee
|-supereffective|p2a: Indeedee
|-damage|p2a: Indeedee|0 fnt
|-enditem|p2a: Indeedee|Choice Scarf|[from] move: Knock Off|[of] p1b: Incineroar
|faint|p2a: Indeedee
|
|win|Rock slap
