|j|☆washingtongargacha
|j|☆CretaceousDraconid
|html|washingtongargachaCretaceousDraconid    
|uhtml|bestof|Game 1 of a best-of-3
|t:|1757070354
|gametype|doubles
|player|p1|washingtongargacha|2|1150
|player|p2|CretaceousDraconid|zinnia-masters|1232
|gen|9
|tier|[Gen 9] VGC 2025 Reg H (Bo3)
|rated|
|rule|Species Clause: Limit one of each Pokémon
|rule|Item Clause: Limit 1 of each item
|clearpoke
|poke|p1|Talonflame, L50, M|
|poke|p1|Gholdengo, L50|
|poke|p1|Dragonite, L50, F|
|poke|p1|Archaludon, L50, M|
|poke|p1|Tyranitar, L50, F|
|poke|p1|Garchomp, L50, M|
|poke|p2|Bastiodon, L50, F|
|poke|p2|Rillaboom, L50, F|
|poke|p2|Incineroar, L50, F|
|poke|p2|Salamence, L50, F|
|poke|p2|Garchomp, L50, M|
|poke|p2|Sneasler, L50, F|
|teampreview|4
|showteam|p1|Talonflame||CovertCloak|GaleWings|Tailwind,BraveBird,Taunt,WillOWisp|||M|||50|,,,,,Ghost]Gholdengo||ChoiceSpecs|GoodasGold|MakeItRain,SteelBeam,ShadowBall,PowerGem||||||50|,,,,,Steel]Dragonite||LoadedDice|Multiscale|ScaleShot,IceSpinner,Haze,Protect|||F|||50|,,,,,Steel]Archaludon||PowerHerb|Sturdy|FlashCannon,ElectroShot,DracoMeteor,Protect|||M|||50|,,,,,Flying]Tyranitar||AssaultVest|SandStream|KnockOff,RockSlide,TeraBlast,LowKick|||F|||50|,,,,,Flying]Garchomp||LifeOrb|RoughSkin|DragonClaw,StompingTantrum,Earthquake,Protect|||M|||50|,,,,,Steel
|showteam|p2|Bastiodon||CovertCloak|Soundproof|BodyPress,IceBeam,IronDefense,WideGuard|||F|||50|,,,,,Electric]Rillaboom||AssaultVest|GrassySurge|FakeOut,WoodHammer,HighHorsepower,GrassyGlide|||F|||50|,,,,,Fire]Incineroar||SafetyGoggles|Intimidate|FakeOut,Taunt,PartingShot,KnockOff|||F|||50|,,,,,Ghost]Salamence||ChoiceSpecs|Intimidate|AirSlash,HeatWave,DracoMeteor,HydroPump|||F|||50|,,,,,Fire]Garchomp||LoadedDice|RoughSkin|StompingTantrum,Earthquake,ScaleShot,Protect|||M|||50|,,,,,Ghost]Sneasler||FocusSash|PoisonTouch|DireClaw,CloseCombat,Coaching,Protect|||F|||50|,,,,,Fairy
|
|t:|1757070426
|teamsize|p1|4
|teamsize|p2|4
|start
|switch|p1a: Dragonite|Dragonite, L50, F|100/100
|switch|p1b: Tyranitar|Tyranitar, L50, F|100/100
|switch|p2a: Bastiodon|Bastiodon, L50, F|100/100
|switch|p2b: Incineroar|Incineroar, L50, F|100/100
|-ability|p2b: Incineroar|Intimidate|boost
|-unboost|p1a: Dragonite|atk|1
|-unboost|p1b: Tyranitar|atk|1
|-weather|Sandstorm|[from] ability: Sand Stream|[of] p1b: Tyranitar
|turn|1
|
|t:|1757070460
|switch|p1a: Gholdengo|Gholdengo, L50|100/100
|move|p2b: Incineroar|Fake Out|p1b: Tyranitar
|-resisted|p1b: Tyranitar
|-damage|p1b: Tyranitar|95/100
|cant|p1b: Tyranitar|flinch
|move|p2a: Bastiodon|Body Press|p1b: Tyranitar
|-supereffective|p1b: Tyranitar
|-damage|p1b: Tyranitar|0 fnt
|faint|p1b: Tyranitar
|
|-weather|Sandstorm|[upkeep]
|upkeep
|
|t:|1757070497
|switch|p1b: Garchomp|Garchomp, L50, M|100/100
|turn|2
|
|t:|1757070515
|switch|p1a: Dragonite|Dragonite, L50, F|100/100
|-terastallize|p2a: Bastiodon|Electric
|move|p1b: Garchomp|Earthquake|p2a: Bastiodon|[spread] p2a,p2b
|-immune|p1a: Dragonite
|-supereffective|p2a: Bastiodon
|-supereffective|p2b: Incineroar
|-damage|p2a: Bastiodon|29/100
|-damage|p2b: Incineroar|0 fnt
|faint|p2b: Incineroar
|-damage|p1b: Garchomp|91/100|[from] item: Life Orb
|move|p2a: Bastiodon|Iron Defense|p2a: Bastiodon
|-boost|p2a: Bastiodon|def|2
|
|-weather|Sandstorm|[upkeep]
|-damage|p1a: Dragonite|95/100|[from] Sandstorm
|-damage|p2a: Bastiodon|23/100|[from] Sandstorm
|upkeep
|
|t:|1757070528
|switch|p2b: Garchomp|Garchomp, L50, M|100/100
|turn|3
|
|t:|1757070554
|move|p2b: Garchomp|Protect|p2b: Garchomp
|-singleturn|p2b: Garchomp|Protect
|move|p1a: Dragonite|Protect|p1a: Dragonite
|-singleturn|p1a: Dragonite|Protect
|move|p1b: Garchomp|Earthquake|p2b: Garchomp|[spread] p2a
|-activate|p1a: Dragonite|move: Protect
|-activate|p2b: Garchomp|move: Protect
|-supereffective|p2a: Bastiodon
|-damage|p2a: Bastiodon|0 fnt
|faint|p2a: Bastiodon
|-damage|p1b: Garchomp|81/100|[from] item: Life Orb
|
|-weather|Sandstorm|[upkeep]
|-damage|p1a: Dragonite|89/100|[from] Sandstorm
|upkeep
|
|t:|1757070562
|switch|p2a: TheFuckYouGuy|Sneasler, L50, F|100/100
|turn|4
|
|t:|1757070584
|switch|p1b: Gholdengo|Gholdengo, L50|100/100
|move|p2a: TheFuckYouGuy|Dire Claw|p1a: Dragonite
|-damage|p1a: Dragonite|38/100
|-status|p1a: Dragonite|par
|move|p2b: Garchomp|Scale Shot|p1b: Gholdengo
|-resisted|p1b: Gholdengo
|-damage|p1b: Gholdengo|94/100
|-resisted|p1b: Gholdengo
|-damage|p1b: Gholdengo|88/100
|-resisted|p1b: Gholdengo
|-damage|p1b: Gholdengo|83/100
|-resisted|p1b: Gholdengo
|-damage|p1b: Gholdengo|77/100
|-resisted|p1b: Gholdengo
|-damage|p1b: Gholdengo|71/100
|-hitcount|p1b: Gholdengo|5
|-unboost|p2b: Garchomp|def|1
|-boost|p2b: Garchomp|spe|1
|move|p1a: Dragonite|Scale Shot|p2a: TheFuckYouGuy
|-damage|p2a: TheFuckYouGuy|75/100
|-damage|p2a: TheFuckYouGuy|49/100
|-damage|p2a: TheFuckYouGuy|23/100
|-damage|p2a: TheFuckYouGuy|0 fnt
|faint|p2a: TheFuckYouGuy
|-hitcount|p2: TheFuckYouGuy|4
|-unboost|p1a: Dragonite|def|1
|-boost|p1a: Dragonite|spe|1
|
|-weather|Sandstorm|[upkeep]
|-damage|p1a: Dragonite|32/100 par|[from] Sandstorm
|upkeep
|turn|5
|
|t:|1757070622
|move|p2b: Garchomp|Stomping Tantrum|p1b: Gholdengo
|-supereffective|p1b: Gholdengo
|-damage|p1b: Gholdengo|3/100
|move|p1b: Gholdengo|Steel Beam|p2b: Garchomp
|-damage|p2b: Garchomp|0 fnt
|-damage|p1b: Gholdengo|0 fnt|[from] steelbeam
|faint|p1b: Gholdengo
|faint|p2b: Garchomp
|
|win|washingtongargacha
