|j|☆joyfulwizard
|j|☆Pepitolopalote
|html|joyfulwizardPepitolopalote    
|uhtml|bestof|Game 3 of a best-of-3
|t:|1782668665
|gametype|doubles
|player|p1|joyfulwizard|101|1181
|player|p2|Pepitolopalote|hiker-gen4|1272
|gen|9
|tier|[Gen 9 Champions] VGC 2026 Reg M-B (Bo3)
|rated|
|rule|Species Clause: Limit one of each Pokémon
|rule|Item Clause: Limit 1 of each item
|clearpoke
|poke|p1|Politoed, L50, M|
|poke|p1|Gengar, L50, M, shiny|
|poke|p1|Sinistcha, L50|
|poke|p1|Incineroar, L50, F|
|poke|p1|Scrafty, L50, F|
|poke|p1|Floette-Eternal, L50, F|
|poke|p2|Charizard, L50, F|
|poke|p2|Sylveon, L50, M|
|poke|p2|Farigiraf, L50, F|
|poke|p2|Aerodactyl, L50, M|
|poke|p2|Garchomp, L50, F|
|poke|p2|Kingambit, L50, M|
|teampreview|4
|showteam|p1|Politoed||SitrusBerry|Drizzle|Protect,WeatherBall,IcyWind,Encore|Modest||M|||50|]Gengar||Gengarite|CursedBody|PerishSong,ShadowBall,Disable,Protect|Timid||M|||50|]Sinistcha||KasibBerry|Hospitality|MatchaGotcha,TrickRoom,RagePowder,Protect|Bold|||||50|]Incineroar||PasshoBerry|Intimidate|Protect,FakeOut,PartingShot,DarkestLariat|Impish||F|||50|]Scrafty||FocusSash|Intimidate|Protect,FakeOut,KnockOff,CloseCombat|Adamant||F|||50|]Floette-Eternal||Floettite|FlowerVeil|Protect,DrainingKiss,CalmMind,DazzlingGleam|Modest||F|||50|
|showteam|p2|Charizard||CharizarditeY|SolarPower|Protect,WeatherBall,SolarBeam,HeatWave|Modest||F|||50|]Sylveon||FairyFeather|Pixilate|Protect,HyperVoice,QuickAttack,HyperBeam|Modest||M|||50|]Farigiraf||SitrusBerry|ArmorTail|Psychic,Roar,TrickRoom,Thunderbolt|Bold||F|||50|]Aerodactyl||Aerodactylite|Unnerve|RockSlide,DualWingbeat,Tailwind,IceFang|Jolly||M|||50|]Garchomp||LifeOrb|RoughSkin|Earthquake,StompingTantrum,DragonClaw,Protect|Jolly||F|||50|]Kingambit||FocusSash|Defiant|KowtowCleave,IronHead,SuckerPunch,LowKick|Adamant||M|||50|
|inactive|Battle timer is ON: inactive players will automatically lose when time's up. (requested by joyfulwizard)
|
|t:|1782668690
|teamsize|p1|4
|teamsize|p2|4
|start
|switch|p1a: Politoed|Politoed, L50, M|100/100
|switch|p1b: Floette|Floette-Eternal, L50, F|100/100
|switch|p2a: Kingambit|Kingambit, L50, M|100/100
|switch|p2b: Sylveon|Sylveon, L50, M|100/100
|-weather|RainDance|[from] ability: Drizzle|[of] p1a: Politoed
|turn|1
|
|t:|1782668703
|detailschange|p1b: Floette|Floette-Mega, L50, F
|-mega|p1b: Floette|Floette|Floettite
|-ability|p1b: Floette|Fairy Aura
|move|p1b: Floette|Dazzling Gleam|p2a: Kingambit|[spread] p2a,p2b
|-damage|p2a: Kingambit|40/100
|-damage|p2b: Sylveon|61/100
|move|p2a: Kingambit|Iron Head|p1b: Floette
|-supereffective|p1b: Floette|1
|-damage|p1b: Floette|0 fnt
|faint|p1b: Floette
|move|p2b: Sylveon|Hyper Voice|p1a: Politoed
|-damage|p1a: Politoed|47/100
|-enditem|p1a: Politoed|Sitrus Berry|[eat]
|-heal|p1a: Politoed|72/100|[from] item: Sitrus Berry
|move|p1a: Politoed|Weather Ball|p2a: Kingambit
|-crit|p2a: Kingambit
|-damage|p2a: Kingambit|0 fnt
|faint|p2a: Kingambit
|
|-weather|RainDance|[upkeep]
|upkeep
|
|t:|1782668715
|switch|p1b: Sinistcha|Sinistcha, L50|100/100
|switch|p2a: Charizard|Charizard, L50, F|100/100
|-heal|p1a: Politoed|97/100|[from] ability: Hospitality|[of] p1b: Sinistcha
|turn|2
|
|t:|1782668724
|switch|p2b: Garchomp|Garchomp, L50, F|100/100
|detailschange|p2a: Charizard|Charizard-Mega-Y, L50, F
|-mega|p2a: Charizard|Charizard|Charizardite Y
|-weather|SunnyDay|[from] ability: Drought|[of] p2a: Charizard
|move|p1b: Sinistcha|Protect|p1b: Sinistcha
|-singleturn|p1b: Sinistcha|Protect
|move|p2a: Charizard|Heat Wave|p1a: Politoed|[spread] 
|-activate|p1b: Sinistcha|move: Protect
|-miss|p2a: Charizard|p1a: Politoed
|move|p1a: Politoed|Icy Wind|p2a: Charizard|[spread] p2b
|-miss|p1a: Politoed|p2a: Charizard
|-supereffective|p2b: Garchomp|2
|-damage|p2b: Garchomp|58/100
|-unboost|p2b: Garchomp|spe|1
|
|-weather|SunnyDay|[upkeep]
|upkeep
|turn|3
|inactive|joyfulwizard has 30 seconds left.
|
|t:|1782668753
|switch|p1a: Scrafty|Scrafty, L50, F|100/100
|-ability|p1a: Scrafty|Intimidate|boost
|-unboost|p2a: Charizard|atk|1
|-unboost|p2b: Garchomp|atk|1
|move|p1b: Sinistcha|Protect||[still]
|-fail|p1b: Sinistcha
|move|p2a: Charizard|Heat Wave|p1a: Scrafty|[spread] p1a,p1b
|-supereffective|p1b: Sinistcha|1
|-damage|p1a: Scrafty|28/100
|-damage|p1b: Sinistcha|0 fnt
|faint|p1b: Sinistcha
|move|p2b: Garchomp|Earthquake|p1a: Scrafty|[spread] p1a
|-immune|p2a: Charizard
|-damage|p1a: Scrafty|0 fnt
|faint|p1a: Scrafty
|-damage|p2b: Garchomp|48/100|[from] item: Life Orb
|
|-weather|SunnyDay|[upkeep]
|upkeep
|
|t:|1782668763
|switch|p1a: Politoed|Politoed, L50, M|97/100
|-weather|RainDance|[from] ability: Drizzle|[of] p1a: Politoed
|turn|4
|
|t:|1782668767
|switch|p2a: Sylveon|Sylveon, L50, M|61/100
|move|p2b: Garchomp|Dragon Claw|p1a: Politoed
|-damage|p1a: Politoed|60/100
|-damage|p2b: Garchomp|38/100|[from] item: Life Orb
|move|p1a: Politoed|Icy Wind|p2a: Sylveon|[spread] p2a,p2b
|-supereffective|p2b: Garchomp|2
|-damage|p2a: Sylveon|53/100
|-damage|p2b: Garchomp|0 fnt
|-unboost|p2a: Sylveon|spe|1
|faint|p2b: Garchomp
|
|-weather|RainDance|[upkeep]
|upkeep
|
|t:|1782668769
|switch|p2b: Charizard|Charizard-Mega-Y, L50, F|100/100
|-weather|SunnyDay|[from] ability: Drought|[of] p2b: Charizard
|turn|5
|c|☆Pepitolopalote|gg
|c|☆joyfulwizard|gg
|
|t:|1782668780
|move|p2a: Sylveon|Quick Attack|p1a: Politoed
|-damage|p1a: Politoed|47/100
|move|p2b: Charizard|Solar Beam||[still]
|-prepare|p2b: Charizard|Solar Beam
|-anim|p2b: Charizard|Solar Beam|p1a: Politoed
|-supereffective|p1a: Politoed|1
|-damage|p1a: Politoed|0 fnt
|faint|p1a: Politoed
|
|win|Pepitolopalote
|raw|joyfulwizard's rating: 1181 → 1162(-19 for losing)
|raw|Pepitolopalote's rating: 1272 → 1291(+19 for winning)
|l|☆Pepitolopalote
|player|p2|
