|j|☆exposniffer
|j|☆Moondark876
|html|exposnifferMoondark876    
|uhtml|bestof|Game 2 of a best-of-3
|t:|1757126900
|gametype|doubles
|player|p1|exposniffer|blue|1171
|player|p2|Moondark876|101|1060
|gen|9
|tier|[Gen 9] VGC 2025 Reg H (Bo3)
|rated|
|rule|Species Clause: Limit one of each Pokémon
|rule|Item Clause: Limit 1 of each item
|clearpoke
|poke|p1|Gholdengo, L50|
|poke|p1|Dragonite, L50, F|
|poke|p1|Ursaluna-Bloodmoon, L50, M|
|poke|p1|Ninetales-Alola, L50, M|
|poke|p1|Annihilape, L50, M|
|poke|p1|Incineroar, L50, F|
|poke|p2|Hippowdon, L50, M|
|poke|p2|Gholdengo, L50|
|poke|p2|Whimsicott, L50, F|
|poke|p2|Incineroar, L50, F|
|poke|p2|Kingdra, L50, F|
|poke|p2|Pelipper, L50, F|
|teampreview|4
|showteam|p1|Gholdengo||MetalCoat|GoodasGold|MakeItRain,ShadowBall,NastyPlot,Protect||||||50|,,,,,Water]Dragonite||LoadedDice|Multiscale|ScaleShot,ExtremeSpeed,Haze,Protect|||F|||50|,,,,,Steel]Ursaluna-Bloodmoon||AssaultVest|MindsEye|BloodMoon,HyperVoice,EarthPower,VacuumWave|||M|||50|,,,,,Water]Ninetales-Alola||FocusSash|SnowWarning|Blizzard,IcyWind,AuroraVeil,IcicleSpear|||M|||50|,,,,,Ghost]Annihilape||SafetyGoggles|Defiant|CloseCombat,RageFist,Coaching,Taunt|||M|||50|,,,,,Fire]Incineroar||RockyHelmet|Intimidate|KnockOff,FlareBlitz,PartingShot,FakeOut|||F|||50|,,,,,Ghost
|showteam|p2|Hippowdon||Leftovers|SandStream|SandTomb,Yawn,SlackOff,Protect|||M|||50|,,,,,Water]Gholdengo||ChoiceSpecs|GoodasGold|MakeItRain,ShadowBall,PowerGem,Trick||||||50|,,,,,Steel]Whimsicott||CovertCloak|Prankster|Tailwind,Moonblast,Taunt,HelpingHand|||F|||50|,,,,,Dark]Incineroar||SafetyGoggles|Intimidate|FakeOut,KnockOff,WillOWisp,PartingShot|||F|||50|,,,,,Bug]Kingdra||LifeOrb|SwiftSwim|WeatherBall,MuddyWater,Protect,DracoMeteor|||F|||50|,,,,,Stellar]Pelipper||FocusSash|Drizzle|WeatherBall,Hurricane,WideGuard,Protect|||F|||50|,,,,,Ghost
|
|t:|1757126919
|teamsize|p1|4
|teamsize|p2|4
|start
|switch|p1a: Annihilape|Annihilape, L50, M|100/100
|switch|p1b: Dragonite|Dragonite, L50, F|100/100
|switch|p2a: Kingdra|Kingdra, L50, F|100/100
|switch|p2b: Hippowdon|Hippowdon, L50, M|100/100
|-weather|Sandstorm|[from] ability: Sand Stream|[of] p2b: Hippowdon
|turn|1
|inactive|Battle timer is ON: inactive players will automatically lose when time's up. (requested by exposniffer)
|inactive|Moondark876 has 60 seconds left.
|
|t:|1757126959
|-terastallize|p1b: Dragonite|Steel
|move|p2a: Kingdra|Protect|p2a: Kingdra
|-singleturn|p2a: Kingdra|Protect
|move|p1a: Annihilape|Coaching|p1b: Dragonite
|-boost|p1b: Dragonite|atk|1
|-boost|p1b: Dragonite|def|1
|move|p1b: Dragonite|Scale Shot|p2b: Hippowdon
|-damage|p2b: Hippowdon|86/100
|-crit|p2b: Hippowdon
|-damage|p2b: Hippowdon|65/100
|-damage|p2b: Hippowdon|51/100
|-damage|p2b: Hippowdon|36/100
|-hitcount|p2b: Hippowdon|4
|-unboost|p1b: Dragonite|def|1
|-boost|p1b: Dragonite|spe|1
|move|p2b: Hippowdon|Yawn|p1a: Annihilape
|-start|p1a: Annihilape|move: Yawn|[of] p2b: Hippowdon
|
|-weather|Sandstorm|[upkeep]
|-damage|p2a: Kingdra|94/100|[from] Sandstorm
|-heal|p2b: Hippowdon|42/100|[from] item: Leftovers
|upkeep
|turn|2
|inactive|Moondark876 has 30 seconds left.
|inactive|Moondark876 has 20 seconds left.
|
|t:|1757126996
|switch|p1a: Gholdengo|Gholdengo, L50|100/100
|switch|p2b: Incineroar|Incineroar, L50, F|100/100
|-ability|p2b: Incineroar|Intimidate|boost
|-unboost|p1a: Gholdengo|atk|1
|-unboost|p1b: Dragonite|atk|1
|-terastallize|p2a: Kingdra|Stellar
|move|p1b: Dragonite|Scale Shot|p2a: Kingdra
|-supereffective|p2a: Kingdra
|-damage|p2a: Kingdra|61/100
|-supereffective|p2a: Kingdra
|-damage|p2a: Kingdra|28/100
|-supereffective|p2a: Kingdra
|-damage|p2a: Kingdra|0 fnt
|faint|p2a: Kingdra
|-hitcount|p2: Kingdra|3
|-unboost|p1b: Dragonite|def|1
|-boost|p1b: Dragonite|spe|1
|
|-weather|Sandstorm|[upkeep]
|upkeep
|
|t:|1757127015
|switch|p2a: Hippowdon|Hippowdon, L50, M|42/100
|turn|3
|
|t:|1757127030
|move|p1b: Dragonite|Protect|p1b: Dragonite
|-singleturn|p1b: Dragonite|Protect
|move|p2a: Hippowdon|Protect|p2a: Hippowdon
|-singleturn|p2a: Hippowdon|Protect
|move|p1a: Gholdengo|Make It Rain|p2a: Hippowdon|[spread] p2b
|-activate|p2a: Hippowdon|move: Protect
|-resisted|p2b: Incineroar
|-damage|p2b: Incineroar|73/100
|-unboost|p1a: Gholdengo|spa|1
|move|p2b: Incineroar|Knock Off|p1a: Gholdengo
|-supereffective|p1a: Gholdengo
|-damage|p1a: Gholdengo|19/100
|-enditem|p1a: Gholdengo|Metal Coat|[from] move: Knock Off|[of] p2b: Incineroar
|
|-weather|Sandstorm|[upkeep]
|-heal|p2a: Hippowdon|48/100|[from] item: Leftovers
|upkeep
|turn|4
|
|t:|1757127053
|switch|p2a: Pelipper|Pelipper, L50, F|100/100
|-weather|RainDance|[from] ability: Drizzle|[of] p2a: Pelipper
|move|p1b: Dragonite|Scale Shot|p2a: Pelipper
|-damage|p2a: Pelipper|82/100
|-damage|p2a: Pelipper|62/100
|-damage|p2a: Pelipper|42/100
|-damage|p2a: Pelipper|22/100
|-damage|p2a: Pelipper|1/100
|-hitcount|p2a: Pelipper|5
|-unboost|p1b: Dragonite|def|1
|-boost|p1b: Dragonite|spe|1
|move|p1a: Gholdengo|Make It Rain|p2a: Pelipper|[spread] p2a,p2b
|-resisted|p2a: Pelipper
|-resisted|p2b: Incineroar
|-damage|p2a: Pelipper|0 fnt
|-damage|p2b: Incineroar|58/100
|-unboost|p1a: Gholdengo|spa|1
|faint|p2a: Pelipper
|move|p2b: Incineroar|Parting Shot|p1b: Dragonite
|-unboost|p1b: Dragonite|atk|1
|-unboost|p1b: Dragonite|spa|1
|
|t:|1757127071
|switch|p2b: Hippowdon|Hippowdon, L50, M|48/100|[from] Parting Shot
|-weather|Sandstorm|[from] ability: Sand Stream|[of] p2b: Hippowdon
|
|-weather|Sandstorm|[upkeep]
|-heal|p2b: Hippowdon|54/100|[from] item: Leftovers
|upkeep
|
|t:|1757127073
|switch|p2a: Incineroar|Incineroar, L50, F|58/100
|-ability|p2a: Incineroar|Intimidate|boost
|-unboost|p1a: Gholdengo|atk|1
|-unboost|p1b: Dragonite|atk|1
|turn|5
|inactive|Moondark876 has 30 seconds left.
|
|t:|1757127101
|switch|p1b: Ninetales|Ninetales-Alola, L50, M|100/100
|-weather|Snowscape|[from] ability: Snow Warning|[of] p1b: Ninetales
|switch|p1a: Annihilape|Annihilape, L50, M|100/100
|move|p2a: Incineroar|Fake Out|p1b: Ninetales
|-damage|p1b: Ninetales|90/100
|move|p2b: Hippowdon|Yawn|p1b: Ninetales
|-start|p1b: Ninetales|move: Yawn|[of] p2b: Hippowdon
|
|-weather|Snowscape|[upkeep]
|-heal|p2b: Hippowdon|60/100|[from] item: Leftovers
|upkeep
|turn|6
|
|t:|1757127116
|switch|p1b: Gholdengo|Gholdengo, L50|19/100
|move|p2b: Hippowdon|Protect|p2b: Hippowdon
|-singleturn|p2b: Hippowdon|Protect
|move|p1a: Annihilape|Close Combat|p2a: Incineroar
|-supereffective|p2a: Incineroar
|-damage|p2a: Incineroar|0 fnt
|-unboost|p1a: Annihilape|def|1
|-unboost|p1a: Annihilape|spd|1
|faint|p2a: Incineroar
|
|-weather|Snowscape|[upkeep]
|-heal|p2b: Hippowdon|67/100|[from] item: Leftovers
|upkeep
|turn|7
|
|t:|1757127130
|move|p1a: Annihilape|Close Combat|p2b: Hippowdon
|-damage|p2b: Hippowdon|27/100
|-unboost|p1a: Annihilape|def|1
|-unboost|p1a: Annihilape|spd|1
|move|p1b: Gholdengo|Nasty Plot|p1b: Gholdengo
|-boost|p1b: Gholdengo|spa|2
|move|p2b: Hippowdon|Sand Tomb|p1b: Gholdengo|[miss]
|-miss|p2b: Hippowdon|p1b: Gholdengo
|
|-weather|Snowscape|[upkeep]
|-heal|p2b: Hippowdon|33/100|[from] item: Leftovers
|upkeep
|turn|8
|c|☆Moondark876|buh
|c|☆Moondark876|gg
|-message|Moondark876 forfeited.
|
|win|exposniffer
||Moondark876 is ready for game 3.
|c|☆exposniffer|gg
