|j|☆MarillRag1
|j|☆MetaknightXIII
|html|MarillRag1MetaknightXIII    
|uhtml|bestof|Game 1 of a best-of-3
|t:|1785646688
|gametype|doubles
|player|p1|MarillRag1|169|1326
|player|p2|MetaknightXIII|veteran|1302
|gen|9
|tier|[Gen 9 Champions] VGC 2026 Reg M-B (Bo3)
|rated|
|rule|Species Clause: Limit one of each Pokémon
|rule|Item Clause: Limit 1 of each item
|clearpoke
|poke|p1|Charizard, L50, F|
|poke|p1|Kingambit, L50, M|
|poke|p1|Whimsicott, L50, F|
|poke|p1|Ninetales-Alola, L50, M|
|poke|p1|Kommo-o, L50, M|
|poke|p1|Glimmora, L50, F|
|poke|p2|Staraptor, L50, M|
|poke|p2|Delphox, L50, M, shiny|
|poke|p2|Glimmora, L50, M|
|poke|p2|Mamoswine, L50, M|
|poke|p2|Kingambit, L50, M|
|poke|p2|Whimsicott, L50, M|
|teampreview|4
|showteam|p1|Charizard||CharizarditeY|Blaze|Protect,HeatWave,SolarBeam,WeatherBall|Modest||F|||50|]Kingambit||BlackGlasses|Defiant|Protect,KowtowCleave,IronHead,SuckerPunch|Adamant||M|||50|]Whimsicott||FocusSash|Prankster|Protect,Moonblast,Tailwind,Encore|Timid||F|||50|]Ninetales-Alola||NeverMeltIce|SnowWarning|Protect,Blizzard,Disable,FreezeDry|Timid||M|||50|]Kommo-o||LifeOrb|Overcoat|Protect,AuraSphere,ClangingScales,VacuumWave|Modest||M|||50|]Glimmora||Glimmoranite|ToxicDebris|SpikyShield,SludgeBomb,PowerGem,EarthPower|Modest||F|||50|
|showteam|p2|Staraptor||Staraptite|Intimidate|CloseCombat,DualWingbeat,Roost,Protect|Jolly||M|||50|]Delphox||Delphoxite|Blaze|HeatWave,Psychic,Encore,Protect|Modest||M|||50|]Glimmora||FocusSash|ToxicDebris|PowerGem,SludgeBomb,EarthPower,SpikyShield|Timid||M|||50|]Mamoswine||LifeOrb|Oblivious|IceShard,HighHorsepower,Earthquake,Protect|Jolly||M|||50|]Kingambit||ChopleBerry|Defiant|KowtowCleave,SuckerPunch,IronHead,LowKick|Adamant||M|||50|]Whimsicott||OccaBerry|Prankster|Moonblast,Tailwind,Charm,LightScreen|Timid||M|||50|
|
|t:|1785646755
|teamsize|p1|4
|teamsize|p2|4
|start
|switch|p1a: Whimsicott|Whimsicott, L50, F|100/100
|switch|p1b: Charizard|Charizard, L50, F|100/100
|switch|p2a: Staraptor|Staraptor, L50, M|100/100
|switch|p2b: Whimsicott|Whimsicott, L50, M|100/100
|-ability|p2a: Staraptor|Intimidate|boost
|-unboost|p1a: Whimsicott|atk|1
|-unboost|p1b: Charizard|atk|1
|turn|1
|
|t:|1785646773
|detailschange|p2a: Staraptor|Staraptor-Mega, L50, M
|-mega|p2a: Staraptor|Staraptor|Staraptite
|detailschange|p1b: Charizard|Charizard-Mega-Y, L50, F
|-mega|p1b: Charizard|Charizard|Charizardite Y
|-weather|SunnyDay|[from] ability: Drought|[of] p1b: Charizard
|move|p1a: Whimsicott|Tailwind|p1a: Whimsicott
|-sidestart|p1: MarillRag1|move: Tailwind
|move|p2b: Whimsicott|Light Screen|p2b: Whimsicott
|-sidestart|p2: MetaknightXIII|move: Light Screen
|move|p1b: Charizard|Heat Wave|p2a: Staraptor|[spread] p2a,p2b
|-supereffective|p2b: Whimsicott|1
|-crit|p2b: Whimsicott
|-enditem|p2b: Whimsicott|Occa Berry|[eat]
|-enditem|p2b: Whimsicott|Occa Berry|[weaken]
|-damage|p2a: Staraptor|58/100
|-damage|p2b: Whimsicott|0 fnt
|faint|p2b: Whimsicott
|move|p2a: Staraptor|Close Combat|p1b: Charizard
|-resisted|p1b: Charizard|1
|-damage|p1b: Charizard|72/100
|-boost|p2a: Staraptor|def|1
|-boost|p2a: Staraptor|spd|1
|
|-weather|SunnyDay|[upkeep]
|upkeep
|
|t:|1785646789
|switch|p2b: Glimmora|Glimmora, L50, M|100/100
|turn|2
|
|t:|1785646817
|move|p1a: Whimsicott|Moonblast|p2a: Staraptor
|-supereffective|p2a: Staraptor|1
|-damage|p2a: Staraptor|27/100
|move|p1b: Charizard|Heat Wave|p2a: Staraptor|[spread] p2a,p2b
|-resisted|p2b: Glimmora|1
|-damage|p2a: Staraptor|1/100
|-damage|p2b: Glimmora|72/100
|move|p2a: Staraptor|Dual Wingbeat|p1a: Whimsicott
|-supereffective|p1a: Whimsicott|1
|-damage|p1a: Whimsicott|38/100
|-supereffective|p1a: Whimsicott|1
|-damage|p1a: Whimsicott|0 fnt
|faint|p1a: Whimsicott
|-hitcount|p1: Whimsicott|2
|move|p2b: Glimmora|Power Gem|p1b: Charizard
|-supereffective|p1b: Charizard|2
|-damage|p1b: Charizard|0 fnt
|faint|p1b: Charizard
|
|-weather|SunnyDay|[upkeep]
|upkeep
|
|t:|1785646827
|switch|p1a: Kingambit|Kingambit, L50, M|100/100
|switch|p1b: Kommo-o|Kommo-o, L50, M|100/100
|turn|3
|
|t:|1785646860
|move|p2b: Glimmora|Spiky Shield|p2b: Glimmora
|-singleturn|p2b: Glimmora|move: Protect
|move|p1b: Kommo-o|Vacuum Wave|p2a: Staraptor
|-resisted|p2a: Staraptor|1
|-damage|p2a: Staraptor|0 fnt
|faint|p2a: Staraptor
|-damage|p1b: Kommo-o|90/100|[from] item: Life Orb
|move|p1a: Kingambit|Iron Head|p2b: Glimmora
|-activate|p2b: Glimmora|move: Protect
|-damage|p1a: Kingambit|87/100|[from] Spiky Shield|[of] p2b: Glimmora
|
|-weather|SunnyDay|[upkeep]
|upkeep
|
|t:|1785646865
|switch|p2a: Mamoswine|Mamoswine, L50, M|100/100
|turn|4
|
|t:|1785646890
|move|p2b: Glimmora|Spiky Shield||[still]
|-fail|p2b: Glimmora
|move|p2a: Mamoswine|Protect|p2a: Mamoswine
|-singleturn|p2a: Mamoswine|Protect
|move|p1b: Kommo-o|Aura Sphere|p2a: Mamoswine
|-activate|p2a: Mamoswine|move: Protect
|move|p1a: Kingambit|Iron Head|p2b: Glimmora
|-supereffective|p2b: Glimmora|1
|-damage|p2b: Glimmora|0 fnt
|-activate|p2b: Glimmora|ability: Toxic Debris
|-sidestart|p1: MarillRag1|move: Toxic Spikes
|faint|p2b: Glimmora
|
|-weather|SunnyDay|[upkeep]
|-sideend|p1: MarillRag1|move: Tailwind
|upkeep
|turn|5
|
|t:|1785646907
|move|p2a: Mamoswine|Earthquake|p1a: Kingambit|[spread] p1a,p1b
|-supereffective|p1a: Kingambit|1
|-damage|p1a: Kingambit|7/100
|-damage|p1b: Kommo-o|44/100
|-damage|p2a: Mamoswine|90/100|[from] item: Life Orb
|move|p1b: Kommo-o|Aura Sphere|p2a: Mamoswine
|-supereffective|p2a: Mamoswine|1
|-damage|p2a: Mamoswine|0 fnt
|faint|p2a: Mamoswine
|-damage|p1b: Kommo-o|35/100|[from] item: Life Orb
|
|win|MarillRag1
||MetaknightXIII is ready for game 2.
||MarillRag1 is ready for game 2.
|uhtml|next|Next: Game 2 of 3
