|j|☆HeatInSeven14
|j|☆Franconcino
|html|HeatInSeven14Franconcino    
|uhtml|bestof|Game 1 of a best-of-3
|t:|1782531494
|gametype|doubles
|player|p1|HeatInSeven14|265|1104
|player|p2|Franconcino|101|1054
|gen|9
|tier|[Gen 9 Champions] VGC 2026 Reg M-B (Bo3)
|rated|
|rule|Species Clause: Limit one of each Pokémon
|rule|Item Clause: Limit 1 of each item
|clearpoke
|poke|p1|Vileplume, L50, F, shiny|
|poke|p1|Torkoal, L50, M, shiny|
|poke|p1|Kangaskhan, L50, F, shiny|
|poke|p1|Farigiraf, L50, M, shiny|
|poke|p1|Basculegion, L50, M, shiny|
|poke|p1|Kommo-o, L50, M, shiny|
|poke|p2|Weavile, L50, F|
|poke|p2|Metagross, L50|
|poke|p2|Sylveon, L50, M|
|poke|p2|Annihilape, L50, F|
|poke|p2|Talonflame, L50, F|
|poke|p2|Araquanid, L50, F|
|teampreview|4
|showteam|p1|Vileplume||FocusSash|Chlorophyll|SludgeBomb,Protect,SleepPowder,AfterYou|Timid||F|||50|]Torkoal||Charcoal|Drought|Eruption,WeatherBall,HeatWave,Protect|Quiet||M|||50|]Kangaskhan||Kangaskhanite|Scrappy|DoubleEdge,FakeOut,LowKick,SuckerPunch|Adamant||F|||50|]Farigiraf||ColburBerry|ArmorTail|HyperVoice,Psychic,Protect,TrickRoom|Quiet||M|||50|]Basculegion||ChoiceScarf|Adaptability|AquaJet,WaveCrash,LastRespects,FlipTurn|Jolly||M|||50|]Kommo-o||LifeOrb|Soundproof|ClangingScales,AuraSphere,DracoMeteor,Protect|Modest||M|||50|
|showteam|p2|Weavile||FocusSash|Pressure|FakeOut,TripleAxel,KnockOff,IcyWind|Hasty||F|||50|]Metagross||Metagrossite|ClearBody|PsychicFangs,IronHead,StompingTantrum,Protect|Jolly|||||50|]Sylveon||FairyFeather|Pixilate|HyperVoice,CalmMind,QuickAttack,Protect|Calm||M|||50|]Annihilape||LifeOrb|Defiant|CloseCombat,RageFist,Assurance,Protect|Jolly||F|||50|]Talonflame||MentalHerb|GaleWings|Tailwind,Taunt,Protect,DualWingbeat|Timid||F|||50|]Araquanid||Leftovers|WaterBubble|Liquidation,LeechLife,MirrorCoat,Protect|Careful||F|||50|
|
|t:|1782531569
|teamsize|p1|4
|teamsize|p2|4
|start
|switch|p1a: Kangaskhan|Kangaskhan, L50, F, shiny|100/100
|switch|p1b: Farigiraf|Farigiraf, L50, M, shiny|100/100
|switch|p2a: Talonflame|Talonflame, L50, F|100/100
|switch|p2b: Weavile|Weavile, L50, F|100/100
|-ability|p2b: Weavile|Pressure
|turn|1
|
|t:|1782531603
|detailschange|p1a: Kangaskhan|Kangaskhan-Mega, L50, F, shiny
|-mega|p1a: Kangaskhan|Kangaskhan|Kangaskhanite
|move|p1a: Kangaskhan|Fake Out|p2a: Talonflame
|-damage|p2a: Talonflame|77/100
|-damage|p2a: Talonflame|72/100
|-hitcount|p2a: Talonflame|2
|cant|p2a: Talonflame|flinch
|move|p2b: Weavile|Triple Axel|p1a: Kangaskhan
|-damage|p1a: Kangaskhan|92/100
|-damage|p1a: Kangaskhan|78/100
|-damage|p1a: Kangaskhan|56/100
|-hitcount|p1a: Kangaskhan|3
|move|p1b: Farigiraf|Trick Room|p1b: Farigiraf
|-fieldstart|move: Trick Room|[of] p1b: Farigiraf
|
|upkeep
|turn|2
|
|t:|1782531624
|switch|p2b: Annihilape|Annihilape, L50, F|100/100
|move|p2a: Talonflame|Protect|p2a: Talonflame
|-singleturn|p2a: Talonflame|Protect
|move|p1b: Farigiraf|Psychic|p2a: Talonflame
|-activate|p2a: Talonflame|move: Protect
|move|p1a: Kangaskhan|Low Kick|p2b: Annihilape
|-immune|p2b: Annihilape
|
|upkeep
|turn|3
|
|t:|1782531639
|move|p2b: Annihilape|Protect|p2b: Annihilape
|-singleturn|p2b: Annihilape|Protect
|move|p1b: Farigiraf|Psychic|p2b: Annihilape
|-activate|p2b: Annihilape|move: Protect
|move|p1a: Kangaskhan|Double-Edge|p2a: Talonflame
|-damage|p2a: Talonflame|8/100
|-damage|p2a: Talonflame|0 fnt
|faint|p2a: Talonflame
|-hitcount|p2: Talonflame|2
|-damage|p1a: Kangaskhan|36/100|[from] Recoil
|
|upkeep
|
|t:|1782531650
|switch|p2a: Araquanid|Araquanid, L50, F|100/100
|turn|4
|
|t:|1782531675
|move|p1b: Farigiraf|Protect|p1b: Farigiraf
|-singleturn|p1b: Farigiraf|Protect
|move|p2a: Araquanid|Leech Life|p1b: Farigiraf
|-activate|p1b: Farigiraf|move: Protect
|move|p1a: Kangaskhan|Double-Edge|p2a: Araquanid
|-crit|p2a: Araquanid
|-damage|p2a: Araquanid|24/100
|-damage|p2a: Araquanid|12/100
|-hitcount|p2a: Araquanid|2
|-damage|p1a: Kangaskhan|12/100|[from] Recoil
|move|p2b: Annihilape|Assurance|p1b: Farigiraf
|-activate|p1b: Farigiraf|move: Protect
|
|-heal|p2a: Araquanid|17/100|[from] item: Leftovers
|upkeep
|turn|5
|
|t:|1782531705
|switch|p2a: Weavile|Weavile, L50, F|100/100
|-ability|p2a: Weavile|Pressure
|switch|p1b: Basculegion|Basculegion, L50, M, shiny|100/100
|move|p1a: Kangaskhan|Sucker Punch|p2b: Annihilape
|-damage|p2b: Annihilape|73/100
|-damage|p2b: Annihilape|67/100
|-hitcount|p2b: Annihilape|2
|move|p2b: Annihilape|Close Combat|p1b: Basculegion
|-immune|p1b: Basculegion
|
|-fieldend|move: Trick Room
|upkeep
|turn|6
|
|t:|1782531739
|switch|p1a: Farigiraf|Farigiraf, L50, M, shiny|100/100
|move|p2a: Weavile|Fake Out||[still]
|cant|p1a: Farigiraf|ability: Armor Tail|Fake Out|[of] p2a: Weavile
|move|p1b: Basculegion|Wave Crash|p2b: Annihilape
|-damage|p2b: Annihilape|0 fnt
|faint|p2b: Annihilape
|-damage|p1b: Basculegion|79/100|[from] Recoil
|
|upkeep
|
|t:|1782531746
|switch|p2b: Araquanid|Araquanid, L50, F|17/100
|turn|7
|
|t:|1782531770
|move|p2b: Araquanid|Protect|p2b: Araquanid
|-singleturn|p2b: Araquanid|Protect
|move|p1b: Basculegion|Wave Crash|p2a: Weavile
|-enditem|p2a: Weavile|Focus Sash
|-damage|p2a: Weavile|1/100
|-damage|p1b: Basculegion|54/100|[from] Recoil
|move|p2a: Weavile|Knock Off|p1b: Basculegion
|-supereffective|p1b: Basculegion|1
|-damage|p1b: Basculegion|0 fnt
|-enditem|p1b: Basculegion|Choice Scarf|[from] move: Knock Off|[of] p2a: Weavile
|faint|p1b: Basculegion
|move|p1a: Farigiraf|Trick Room|p1a: Farigiraf
|-fieldstart|move: Trick Room|[of] p1a: Farigiraf
|
|-heal|p2b: Araquanid|23/100|[from] item: Leftovers
|upkeep
|
|t:|1782531793
|switch|p1b: Torkoal|Torkoal, L50, M, shiny|100/100
|-weather|SunnyDay|[from] ability: Drought|[of] p1b: Torkoal
|turn|8
|
|t:|1782531804
|move|p1b: Torkoal|Eruption|p2a: Weavile|[spread] p2a,p2b
|-supereffective|p2a: Weavile|1
|-damage|p2a: Weavile|0 fnt
|-damage|p2b: Araquanid|0 fnt
|faint|p2a: Weavile
|faint|p2b: Araquanid
|
|win|HeatInSeven14
||Franconcino is ready for game 2.
|inactive|HeatInSeven14 has 30 seconds to confirm battle start!
|inactive|HeatInSeven14 has 20 seconds to confirm battle start!
||HeatInSeven14 is ready for game 2.
|uhtml|next|Next: Game 2 of 3
