|j|☆Dlojoker
|j|☆new mental
|html|Dlojokernew mental    
|uhtml|bestof|Game 2 of a best-of-3
|t:|1783350484
|gametype|doubles
|player|p1|Dlojoker|265|1274
|player|p2|new mental|volkner|1416
|gen|9
|tier|[Gen 9 Champions] VGC 2026 Reg M-B (Bo3)
|rated|
|rule|Species Clause: Limit one of each Pokémon
|rule|Item Clause: Limit 1 of each item
|clearpoke
|poke|p1|Scrafty, L50, F|
|poke|p1|Farigiraf, L50, M|
|poke|p1|Mamoswine, L50, F|
|poke|p1|Torkoal, L50, M|
|poke|p1|Pyroar, L50, F|
|poke|p1|Vileplume, L50, F|
|poke|p2|Aerodactyl, L50, F|
|poke|p2|Garchomp, L50, F|
|poke|p2|Kingambit, L50, F|
|poke|p2|Charizard, L50, F|
|poke|p2|Sylveon, L50, M|
|poke|p2|Farigiraf, L50, M|
|teampreview|4
|showteam|p1|Scrafty||Scraftinite|Intimidate|DrainPunch,KnockOff,IcePunch,FakeOut|Adamant||F|||50|]Farigiraf||SitrusBerry|ArmorTail|HelpingHand,TrickRoom,Psychic,Thunderbolt|Modest||M|||50|]Mamoswine||LifeOrb|Oblivious|Protect,IceShard,HighHorsepower,RockSlide|Jolly||F|||50|]Torkoal||Charcoal|Drought|Protect,HelpingHand,Eruption,WeatherBall|Modest||M|||50|]Pyroar||Pyroarite|Rivalry|Protect,SolarBeam,HeatWave,Overheat|Timid||F|||50|]Vileplume||FocusSash|Chlorophyll|SleepPowder,AfterYou,SolarBeam,SludgeBomb|Modest||F|||50|
|showteam|p2|Aerodactyl||Aerodactylite|Unnerve|IceFang,RockSlide,Tailwind,DualWingbeat|Jolly||F|||50|]Garchomp||LifeOrb|RoughSkin|DragonClaw,StompingTantrum,Earthquake,Protect|Jolly||F|||50|]Kingambit||FocusSash|Defiant|SuckerPunch,KowtowCleave,IronHead,LowKick|Adamant||F|||50|]Charizard||CharizarditeY|SolarPower|Protect,HeatWave,SolarBeam,WeatherBall|Timid||F|||50|]Sylveon||FairyFeather|Pixilate|Protect,HyperVoice,HyperBeam,QuickAttack|Modest||M|||50|]Farigiraf||SitrusBerry|ArmorTail|TrickRoom,Thunderbolt,Psychic,Roar|Bold||M|||50|
|inactive|Battle timer is ON: inactive players will automatically lose when time's up. (requested by Dlojoker)
|
|t:|1783350517
|teamsize|p1|4
|teamsize|p2|4
|start
|switch|p1a: Mamoswine|Mamoswine, L50, F|100/100
|switch|p1b: Vileplume|Vileplume, L50, F|100/100
|switch|p2a: Aerodactyl|Aerodactyl, L50, F|100/100
|switch|p2b: Kingambit|Kingambit, L50, F|100/100
|-ability|p2a: Aerodactyl|Unnerve
|turn|1
|inactive|Dlojoker has 30 seconds left.
|inactive|Dlojoker has 20 seconds left.
|inactive|Dlojoker has 15 seconds left.
|inactive|Dlojoker has 10 seconds left.
|inactive|Dlojoker has 5 seconds left.
|
|t:|1783350567
|switch|p1a: Torkoal|Torkoal, L50, M|100/100
|-weather|SunnyDay|[from] ability: Drought|[of] p1a: Torkoal
|detailschange|p2a: Aerodactyl|Aerodactyl-Mega, L50, F
|-mega|p2a: Aerodactyl|Aerodactyl|Aerodactylite
|move|p2a: Aerodactyl|Tailwind|p2a: Aerodactyl
|-sidestart|p2: new mental|move: Tailwind
|move|p1b: Vileplume|Sleep Powder|p2b: Kingambit
|-status|p2b: Kingambit|slp|[from] move: Sleep Powder
|cant|p2b: Kingambit|slp
|
|-weather|SunnyDay|[upkeep]
|upkeep
|turn|2
|inactive|Dlojoker has 30 seconds left.
|inactive|Dlojoker has 20 seconds left.
|
|t:|1783350603
|cant|p2b: Kingambit|slp
|move|p2a: Aerodactyl|Dual Wingbeat|p1b: Vileplume|[miss]
|-miss|p2a: Aerodactyl|p1b: Vileplume
|move|p1b: Vileplume|Solar Beam||[still]
|-prepare|p1b: Vileplume|Solar Beam
|-anim|p1b: Vileplume|Solar Beam|p2a: Aerodactyl
|-damage|p2a: Aerodactyl|40/100
|move|p1a: Torkoal|Weather Ball|p2b: Kingambit
|-supereffective|p2b: Kingambit|1
|-enditem|p2b: Kingambit|Focus Sash
|-damage|p2b: Kingambit|1/100 slp
|
|-weather|SunnyDay|[upkeep]
|upkeep
|turn|3
|inactive|Dlojoker has 30 seconds left.
|inactive|Dlojoker has 20 seconds left.
|inactive|Dlojoker has 15 seconds left.
|inactive|Dlojoker has 10 seconds left.
|
|t:|1783350650
|switch|p1b: Mamoswine|Mamoswine, L50, F|100/100
|-curestatus|p2b: Kingambit|slp|[msg]
|move|p2b: Kingambit|Sucker Punch|p1a: Torkoal
|-damage|p1a: Torkoal|67/100
|move|p2a: Aerodactyl|Dual Wingbeat|p1b: Mamoswine
|-damage|p1b: Mamoswine|71/100
|-damage|p1b: Mamoswine|45/100
|-hitcount|p1b: Mamoswine|2
|move|p1a: Torkoal|Weather Ball|p2a: Aerodactyl
|-resisted|p2a: Aerodactyl|1
|-damage|p2a: Aerodactyl|0 fnt
|faint|p2a: Aerodactyl
|
|-weather|SunnyDay|[upkeep]
|upkeep
|
|t:|1783350657
|switch|p2a: Charizard|Charizard, L50, F|100/100
|turn|4
|inactive|Dlojoker has 30 seconds left.
|
|t:|1783350683
|move|p1b: Mamoswine|Protect|p1b: Mamoswine
|-singleturn|p1b: Mamoswine|Protect
|move|p2b: Kingambit|Sucker Punch||[still]
|-fail|p2b: Kingambit
|move|p2a: Charizard|Weather Ball|p1a: Torkoal
|-resisted|p1a: Torkoal|1
|-damage|p1a: Torkoal|14/100
|move|p1a: Torkoal|Weather Ball|p2b: Kingambit
|-supereffective|p2b: Kingambit|1
|-damage|p2b: Kingambit|0 fnt
|faint|p2b: Kingambit
|
|-weather|SunnyDay|[upkeep]
|-damage|p2a: Charizard|87/100|[from] ability: Solar Power|[of] p2a: Charizard
|-sideend|p2: new mental|move: Tailwind
|upkeep
|
|t:|1783350689
|switch|p2b: Garchomp|Garchomp, L50, F|100/100
|turn|5
|
|t:|1783350714
|switch|p1b: Vileplume|Vileplume, L50, F|100/100
|move|p2b: Garchomp|Protect|p2b: Garchomp
|-singleturn|p2b: Garchomp|Protect
|move|p1a: Torkoal|Protect|p1a: Torkoal
|-singleturn|p1a: Torkoal|Protect
|move|p2a: Charizard|Heat Wave|p1b: Vileplume|[spread] p1b
|-activate|p1a: Torkoal|move: Protect
|-supereffective|p1b: Vileplume|1
|-enditem|p1b: Vileplume|Focus Sash
|-damage|p1b: Vileplume|1/100
|
|-weather|none
|upkeep
|turn|6
|inactive|Dlojoker has 30 seconds left.
|inactive|Dlojoker has 20 seconds left.
|inactive|Dlojoker has 15 seconds left.
|inactive|Dlojoker has 10 seconds left.
|inactive|Dlojoker has 5 seconds left.
|
|t:|1783350765
|move|p2b: Garchomp|Earthquake|p1a: Torkoal|[spread] p1a,p1b
|-immune|p2a: Charizard
|-supereffective|p1a: Torkoal|1
|-damage|p1a: Torkoal|0 fnt
|-damage|p1b: Vileplume|0 fnt
|faint|p1a: Torkoal
|faint|p1b: Vileplume
|-damage|p2b: Garchomp|90/100|[from] item: Life Orb
|move|p2a: Charizard|Heat Wave|p1: Torkoal|[notarget]
|-fail|p2a: Charizard
|
|upkeep
|
|t:|1783350775
|switch|p1b: Pyroar|Pyroar, L50, F|100/100
|switch|p1a: Mamoswine|Mamoswine, L50, F|45/100
|turn|7
|inactive|Dlojoker has 30 seconds left.
|
|t:|1783350801
|move|p1b: Pyroar|Protect|p1b: Pyroar
|-singleturn|p1b: Pyroar|Protect
|move|p1a: Mamoswine|Protect|p1a: Mamoswine
|-singleturn|p1a: Mamoswine|Protect
|move|p2b: Garchomp|Earthquake|p1b: Pyroar|[spread] 
|-activate|p1a: Mamoswine|move: Protect
|-activate|p1b: Pyroar|move: Protect
|-immune|p2a: Charizard
|move|p2a: Charizard|Heat Wave|p1a: Mamoswine|[spread] 
|-activate|p1a: Mamoswine|move: Protect
|-activate|p1b: Pyroar|move: Protect
|
|upkeep
|turn|8
|inactive|new mental has 30 seconds left.
|
|t:|1783350834
|detailschange|p1b: Pyroar|Pyroar-Mega, L50, F
|-mega|p1b: Pyroar|Pyroar|Pyroarite
|move|p1a: Mamoswine|Ice Shard|p2a: Charizard
|-damage|p2a: Charizard|60/100
|-damage|p1a: Mamoswine|35/100|[from] item: Life Orb
|move|p1b: Pyroar|Overheat|p2a: Charizard|[miss]
|-miss|p1b: Pyroar|p2a: Charizard
|move|p2b: Garchomp|Earthquake|p1b: Pyroar|[spread] p1a,p1b
|-immune|p2a: Charizard
|-supereffective|p1b: Pyroar|1
|-damage|p1a: Mamoswine|0 fnt
|-damage|p1b: Pyroar|0 fnt
|faint|p1a: Mamoswine
|faint|p1b: Pyroar
|-damage|p2b: Garchomp|80/100|[from] item: Life Orb
|
|win|new mental
|raw|Dlojoker's rating: 1274 → 1259(-15 for losing)
|raw|new mental's rating: 1416 → 1428(+12 for winning)
