|j|☆Flouflou11345
|j|☆UnApostrofoRosaVGC
|html|Flouflou11345UnApostrofoRosaVGC    
|uhtml|bestof|Game 2 of a best-of-3
|t:|1756198271
|gametype|doubles
|player|p1|Flouflou11345|2|1302
|player|p2|UnApostrofoRosaVGC|101|1258
|gen|9
|tier|[Gen 9] VGC 2025 Reg H (Bo3)
|rated|
|rule|Species Clause: Limit one of each Pokémon
|rule|Item Clause: Limit 1 of each item
|clearpoke
|poke|p1|Whimsicott, L50, F|
|poke|p1|Primarina, L50, F|
|poke|p1|Sneasler, L50, F|
|poke|p1|Indeedee, L50, M|
|poke|p1|Ursaluna-Bloodmoon, L50, M|
|poke|p1|Arcanine-Hisui, L50, F|
|poke|p2|Indeedee-F, L50, F|
|poke|p2|Armarouge, L50, M|
|poke|p2|Kingambit, L50, M|
|poke|p2|Torkoal, L50, F|
|poke|p2|Gallade, L50, M|
|poke|p2|Maushold-Four, L50|
|teampreview|4
|showteam|p1|Whimsicott||CovertCloak|Prankster|Tailwind,Encore,SunnyDay,Moonblast|||F|||50|,,,,,Water]Primarina||SitrusBerry|LiquidVoice|HyperVoice,Moonblast,Haze,Protect|||F|||50|,,,,,Steel]Sneasler||PsychicSeed|Unburden|DireClaw,CloseCombat,ThroatChop,Protect|||F|||50|,,,,,Dark]Indeedee||FocusSash|PsychicSurge|ExpandingForce,TeraBlast,Protect,TrickRoom|||M|||50|,,,,,Fighting]Ursaluna-Bloodmoon||LifeOrb|MindsEye|BloodMoon,EarthPower,HyperVoice,Protect|||M|||50|,,,,,Normal]Arcanine-Hisui||ChoiceBand|Intimidate|FlareBlitz,ExtremeSpeed,CloseCombat,RockSlide|||F|||50|,,,,,Grass
|showteam|p2|Indeedee-F||PsychicSeed|PsychicSurge|Psychic,HelpingHand,FollowMe,TrickRoom|||F|||50|,,,,,Grass]Armarouge||LifeOrb|FlashFire|ExpandingForce,ArmorCannon,TrickRoom,Protect|||M|||50|,,,,,Grass]Kingambit||SafetyGoggles|Defiant|KowtowCleave,SuckerPunch,LowKick,SwordsDance|||M|||50|,,,,,Dark]Torkoal||Charcoal|Drought|Eruption,WeatherBall,HeatWave,Protect|||F|||50|,,,,,Fire]Gallade||ClearAmulet|Sharpness|SacredSword,PsychoCut,WideGuard,TrickRoom|||M|||50|,,,,,Grass]Maushold-Four||WideLens|Technician|PopulationBomb,Taunt,FollowMe,Protect||||||50|,,,,,Ghost
|
|t:|1756198309
|teamsize|p1|4
|teamsize|p2|4
|start
|switch|p1a: Primarina|Primarina, L50, F|100/100
|switch|p1b: Indeedee|Indeedee, L50, M|100/100
|switch|p2a: Indeedee|Indeedee-F, L50, F|100/100
|switch|p2b: Kingambit|Kingambit, L50, M|100/100
|-fieldstart|move: Psychic Terrain|[from] ability: Psychic Surge|[of] p1b: Indeedee
|-enditem|p2a: Indeedee|Psychic Seed
|-boost|p2a: Indeedee|spd|1|[from] item: Psychic Seed
|turn|1
|
|t:|1756198329
|-terastallize|p1b: Indeedee|Fighting
|move|p1b: Indeedee|Tera Blast|p2b: Kingambit|[anim] Tera Blast Fighting
|-supereffective|p2b: Kingambit
|-damage|p2b: Kingambit|0 fnt
|faint|p2b: Kingambit
|move|p1a: Primarina|Moonblast|p2a: Indeedee
|-damage|p2a: Indeedee|68/100
|-unboost|p2a: Indeedee|spa|1
|move|p2a: Indeedee|Psychic|p1b: Indeedee
|-supereffective|p1b: Indeedee
|-damage|p1b: Indeedee|28/100
|
|upkeep
|
|t:|1756198336
|switch|p2b: Armarouge|Armarouge, L50, M|100/100
|turn|2
|
|t:|1756198348
|-terastallize|p2b: Armarouge|Grass
|move|p1b: Indeedee|Tera Blast|p2a: Indeedee|[anim] Tera Blast Fighting
|-damage|p2a: Indeedee|43/100
|move|p1a: Primarina|Moonblast|p2a: Indeedee
|-crit|p2a: Indeedee
|-damage|p2a: Indeedee|0 fnt
|faint|p2a: Indeedee
|move|p2b: Armarouge|Expanding Force|p1b: Indeedee|[spread] p1a,p1b
|-supereffective|p1b: Indeedee
|-damage|p1a: Primarina|27/100
|-damage|p1b: Indeedee|0 fnt
|-enditem|p1a: Primarina|Sitrus Berry|[eat]
|-heal|p1a: Primarina|52/100|[from] item: Sitrus Berry
|faint|p1b: Indeedee
|-damage|p2b: Armarouge|91/100|[from] item: Life Orb
|
|upkeep
|
|t:|1756198363
|switch|p1b: Arcanine|Arcanine-Hisui, L50, F|100/100
|switch|p2a: Gallade|Gallade, L50, M|100/100
|-ability|p1b: Arcanine|Intimidate|boost
|-fail|p2a: Gallade|unboost|[from] item: Clear Amulet|[of] p2a: Gallade
|-unboost|p2b: Armarouge|atk|1
|turn|3
|
|t:|1756198375
|move|p2a: Gallade|Wide Guard|p2a: Gallade
|-singleturn|p2a: Gallade|Wide Guard
|move|p1b: Arcanine|Flare Blitz|p2a: Gallade
|-damage|p2a: Gallade|0 fnt
|faint|p2a: Gallade
|-damage|p1b: Arcanine|66/100|[from] Recoil
|move|p1a: Primarina|Moonblast|p2b: Armarouge
|-damage|p2b: Armarouge|34/100
|move|p2b: Armarouge|Trick Room|p2b: Armarouge
|-fieldstart|move: Trick Room|[of] p2b: Armarouge
|
|upkeep
|turn|4
|
|t:|1756198393
|move|p2b: Armarouge|Expanding Force|p1a: Primarina|[spread] p1a,p1b
|-damage|p1a: Primarina|0 fnt
|-damage|p1b: Arcanine|0 fnt
|faint|p1a: Primarina
|faint|p1b: Arcanine
|-damage|p2b: Armarouge|24/100|[from] item: Life Orb
|
|upkeep
|
|t:|1756198396
|switch|p1b: Ursaluna|Ursaluna-Bloodmoon, L50, M|100/100
|turn|5
|
|t:|1756198401
|move|p1b: Ursaluna|Protect|p1b: Ursaluna
|-singleturn|p1b: Ursaluna|Protect
|move|p2b: Armarouge|Expanding Force|p1b: Ursaluna
|-activate|p1b: Ursaluna|move: Protect
|
|-fieldend|move: Psychic Terrain
|upkeep
|turn|6
|
|t:|1756198405
|move|p2b: Armarouge|Armor Cannon|p1b: Ursaluna
|-damage|p1b: Ursaluna|0 fnt
|-unboost|p2b: Armarouge|def|1
|-unboost|p2b: Armarouge|spd|1
|faint|p1b: Ursaluna
|-damage|p2b: Armarouge|15/100|[from] item: Life Orb
|
|win|UnApostrofoRosaVGC
