|j|☆Champ B
|j|☆moicito
|html|Champ Bmoicito    
|uhtml|bestof|Game 2 of a best-of-3
|t:|1756261792
|gametype|doubles
|player|p1|Champ B|102|1210
|player|p2|moicito|266|1209
|gen|9
|tier|[Gen 9] VGC 2025 Reg H (Bo3)
|rated|
|rule|Species Clause: Limit one of each Pokémon
|rule|Item Clause: Limit 1 of each item
|clearpoke
|poke|p1|Dragonite, L50, M|
|poke|p1|Ursaluna-Bloodmoon, L50, M|
|poke|p1|Archaludon, L50, M|
|poke|p1|Whimsicott, L50, F|
|poke|p1|Gholdengo, L50|
|poke|p1|Incineroar, L50, M|
|poke|p2|Kingambit, L50, F|
|poke|p2|Rillaboom, L50, F|
|poke|p2|Electabuzz, L50, M|
|poke|p2|Volcarona, L50, M|
|poke|p2|Sneasler, L50, F|
|poke|p2|Dragonite, L50, F|
|teampreview|4
|showteam|p1|Dragonite||LoadedDice|Multiscale|ScaleShot,ExtremeSpeed,IceSpinner,Protect|||M|||50|,,,,,Fairy]Ursaluna-Bloodmoon||AssaultVest|MindsEye|BloodMoon,HyperVoice,EarthPower,VacuumWave|||M|||50|,,,,,Water]Archaludon||PowerHerb|Sturdy|ElectroShot,FlashCannon,DracoMeteor,Protect|||M|||50|,,,,,Stellar]Whimsicott||CovertCloak|Prankster|FakeTears,Tailwind,Encore,Moonblast|||F|||50|,,,,,Poison]Gholdengo||ChoiceSpecs|GoodasGold|MakeItRain,ShadowBall,PowerGem,SteelBeam||||||50|,,,,,Steel]Incineroar||MirrorHerb|Intimidate|FakeOut,PartingShot,KnockOff,FlareBlitz|||M|||50|,,,,,Ghost
|showteam|p2|Kingambit||BlackGlasses|Defiant|Protect,KowtowCleave,SuckerPunch,SwordsDance|||F|||50|,,,,,Dark]Rillaboom||AssaultVest|GrassySurge|WoodHammer,GrassyGlide,HighHorsepower,FakeOut|||F|||50|,,,,,Fire]Electabuzz||Eviolite|VitalSpirit|Protect,Thunderbolt,HelpingHand,FollowMe|||M|||50|,,,,,Ghost]Volcarona||CovertCloak|FlameBody|Protect,HeatWave,TeraBlast,QuiverDance|||M|||50|,,,,,Fairy]Sneasler||FocusSash|Unburden|CloseCombat,DireClaw,Coaching,FakeOut|||F|||50|,,,,,Stellar]Dragonite||LoadedDice|Multiscale|ScaleShot,Haze,ExtremeSpeed,Protect|||F|||50|,,,,,Fairy
|inactive|Battle timer is ON: inactive players will automatically lose when time's up. (requested by Champ B)
|inactive|moicito has 60 seconds left.
|inactive|moicito has 30 seconds left.
|
|t:|1756261854
|teamsize|p1|4
|teamsize|p2|4
|start
|switch|p1a: Incineroar|Incineroar, L50, M|100/100
|switch|p1b: Gholdengo|Gholdengo, L50|100/100
|switch|p2a: Snisli|Sneasler, L50, F|100/100
|switch|p2b: Kingii|Kingambit, L50, F, shiny|100/100
|-ability|p1a: Incineroar|Intimidate|boost
|-unboost|p2a: Snisli|atk|1
|-unboost|p2b: Kingii|atk|1
|-ability|p2b: Kingii|Defiant|boost
|-boost|p2b: Kingii|atk|2
|-enditem|p1a: Incineroar|Mirror Herb
|-boost|p1a: Incineroar|atk|2|[from] item: Mirror Herb
|turn|1
|
|t:|1756261875
|switch|p1b: Dragonite|Dragonite, L50, M|100/100
|move|p2a: Snisli|Fake Out|p1a: Incineroar
|-damage|p1a: Incineroar|92/100
|cant|p1a: Incineroar|flinch
|move|p2b: Kingii|Kowtow Cleave|p1b: Dragonite
|-damage|p1b: Dragonite|50/100
|
|upkeep
|turn|2
|inactive|moicito has 30 seconds left.
|
|t:|1756261911
|move|p1b: Dragonite|Extreme Speed|p2a: Snisli
|-damage|p2a: Snisli|51/100
|move|p2b: Kingii|Sucker Punch|p1a: Incineroar
|-resisted|p1a: Incineroar
|-damage|p1a: Incineroar|62/100
|move|p2a: Snisli|Close Combat|p1a: Incineroar
|-supereffective|p1a: Incineroar
|-damage|p1a: Incineroar|0 fnt
|-unboost|p2a: Snisli|def|1
|-unboost|p2a: Snisli|spd|1
|faint|p1a: Incineroar
|
|upkeep
|
|t:|1756261931
|switch|p1a: Gholdengo|Gholdengo, L50|100/100
|turn|3
|inactive|moicito has 30 seconds left.
|
|t:|1756261962
|-terastallize|p1a: Gholdengo|Steel
|move|p2a: Snisli|Coaching|p2b: Kingii
|-boost|p2b: Kingii|atk|1
|-boost|p2b: Kingii|def|1
|move|p1a: Gholdengo|Make It Rain|p2a: Snisli|[spread] p2a,p2b
|-resisted|p2b: Kingii
|-damage|p2a: Snisli|0 fnt
|-damage|p2b: Kingii|47/100
|-unboost|p1a: Gholdengo|spa|1
|faint|p2a: Snisli
|move|p1b: Dragonite|Scale Shot|p2b: Kingii
|-resisted|p2b: Kingii
|-damage|p2b: Kingii|43/100
|-resisted|p2b: Kingii
|-damage|p2b: Kingii|40/100
|-resisted|p2b: Kingii
|-damage|p2b: Kingii|36/100
|-resisted|p2b: Kingii
|-damage|p2b: Kingii|32/100
|-resisted|p2b: Kingii
|-damage|p2b: Kingii|29/100
|-hitcount|p2b: Kingii|5
|-unboost|p1b: Dragonite|def|1
|-boost|p1b: Dragonite|spe|1
|move|p2b: Kingii|Kowtow Cleave|p1a: Gholdengo
|-crit|p1a: Gholdengo
|-damage|p1a: Gholdengo|0 fnt
|faint|p1a: Gholdengo
|
|upkeep
|
|t:|1756261987
|switch|p2a: Rilli|Rillaboom, L50, F, shiny|100/100
|switch|p1a: Ursaluna|Ursaluna-Bloodmoon, L50, M|100/100
|-fieldstart|move: Grassy Terrain|[from] ability: Grassy Surge|[of] p2a: Rilli
|turn|4
|inactive|moicito has 30 seconds left.
|
|t:|1756262014
|move|p1a: Ursaluna|Vacuum Wave|p2b: Kingii
|-supereffective|p2b: Kingii
|-damage|p2b: Kingii|0 fnt
|faint|p2b: Kingii
|move|p1b: Dragonite|Ice Spinner|p2a: Rilli
|-supereffective|p2a: Rilli
|-damage|p2a: Rilli|46/100
|-fieldend|move: Grassy Terrain
|move|p2a: Rilli|Wood Hammer|p1a: Ursaluna
|-supereffective|p1a: Ursaluna
|-damage|p1a: Ursaluna|11/100
|-damage|p2a: Rilli|17/100|[from] Recoil
|
|upkeep
|
|t:|1756262024
|switch|p2b: Volkii|Volcarona, L50, M, shiny|100/100
|turn|5
|
|t:|1756262041
|-terastallize|p2b: Volkii|Fairy
|move|p1b: Dragonite|Scale Shot|p2a: Rilli
|-damage|p2a: Rilli|3/100
|-damage|p2a: Rilli|0 fnt
|faint|p2a: Rilli
|-hitcount|p2: Rilli|2
|-unboost|p1b: Dragonite|def|1
|-boost|p1b: Dragonite|spe|1
|move|p2b: Volkii|Tera Blast|p1b: Dragonite|[anim] Tera Blast Fairy
|-supereffective|p1b: Dragonite
|-damage|p1b: Dragonite|0 fnt
|faint|p1b: Dragonite
|move|p1a: Ursaluna|Blood Moon|p2b: Volkii
|-damage|p2b: Volkii|30/100
|
|upkeep
|turn|6
|
|t:|1756262060
|move|p2b: Volkii|Tera Blast|p1a: Ursaluna|[anim] Tera Blast Fairy
|-damage|p1a: Ursaluna|0 fnt
|faint|p1a: Ursaluna
|
|win|moicito
||Champ B is ready for game 3.
||moicito is ready for game 3.
|uhtml|next|Next: Game 3 of 3
