|j|☆galloway2001
|j|☆nicven
|html|galloway2001nicven    
|uhtml|bestof|Game 2 of a best-of-3
|t:|1786035583
|gametype|doubles
|player|p1|galloway2001|265|1337
|player|p2|nicven|ghetsis|1235
|gen|9
|tier|[Gen 9 Champions] VGC 2026 Reg M-B (Bo3)
|rated|
|rule|Species Clause: Limit one of each Pokémon
|rule|Item Clause: Limit 1 of each item
|clearpoke
|poke|p1|Froslass, L50, F|
|poke|p1|Scovillain, L50, F|
|poke|p1|Lycanroc-Dusk, L50, M|
|poke|p1|Sneasler, L50, M|
|poke|p1|Kingambit, L50, M|
|poke|p1|Basculegion, L50, M|
|poke|p2|Froslass, L50, F|
|poke|p2|Sneasler, L50, F|
|poke|p2|Kingambit, L50, F|
|poke|p2|Basculegion, L50, M|
|poke|p2|Arcanine-Hisui, L50, M|
|poke|p2|Raichu, L50, M|
|teampreview|4
|showteam|p1|Froslass||Froslassite|CursedBody|Blizzard,ShadowBall,AuroraVeil,Protect|Modest||F|||50|]Scovillain||Scovillainite|Moody|Overheat,GigaDrain,RagePowder,Protect|Bold||F|||50|]Lycanroc-Dusk||FocusSash|ToughClaws|RockSlide,CloseCombat,Accelerock,Protect|Adamant||M|||50|]Sneasler||WhiteHerb|Unburden|FakeOut,CloseCombat,GunkShot,Protect|Adamant||M|||50|]Kingambit||BlackGlasses|Defiant|KowtowCleave,SuckerPunch,SwordsDance,Protect|Adamant||M|||50|]Basculegion||SitrusBerry|Adaptability|WaveCrash,LastRespects,AquaJet,Protect|Adamant||M|||50|
|showteam|p2|Froslass||Froslassite|CursedBody|Blizzard,ShadowBall,AuroraVeil,Protect|Timid||F|||50|]Sneasler||WhiteHerb|Unburden|CloseCombat,GunkShot,FakeOut,Protect|Adamant||F|||50|]Kingambit||LifeOrb|Defiant|KowtowCleave,SuckerPunch,SwordsDance,Protect|Adamant||F|||50|]Basculegion||SitrusBerry|Adaptability|WaveCrash,AquaJet,LastRespects,Protect|Adamant||M|||50|]Arcanine-Hisui||FocusSash|RockHead|RockSlide,FlareBlitz,HeadSmash,Protect|Adamant||M|||50|]Raichu||RaichuniteY|LightningRod|ZapCannon,FocusBlast,FakeOut,Protect|Timid||M|||50|
|inactive|Battle timer is ON: inactive players will automatically lose when time's up. (requested by galloway2001)
|inactive|nicven has 60 seconds left.
|
|t:|1786035634
|teamsize|p1|4
|teamsize|p2|4
|start
|switch|p1a: Scovillain|Scovillain, L50, F|100/100
|switch|p1b: Kingambit|Kingambit, L50, M|100/100
|switch|p2a: Raichu|Raichu, L50, M|100/100
|switch|p2b: Arcanine|Arcanine-Hisui, L50, M|100/100
|turn|1
|
|t:|1786035644
|detailschange|p2a: Raichu|Raichu-Mega-Y, L50, M
|-mega|p2a: Raichu|Raichu|Raichunite Y
|move|p1a: Scovillain|Protect|p1a: Scovillain
|-singleturn|p1a: Scovillain|Protect
|move|p1b: Kingambit|Protect|p1b: Kingambit
|-singleturn|p1b: Kingambit|Protect
|move|p2a: Raichu|Fake Out|p1b: Kingambit
|-activate|p1b: Kingambit|move: Protect
|move|p2b: Arcanine|Head Smash|p1a: Scovillain
|-activate|p1a: Scovillain|move: Protect
|
|-ability|p1a: Scovillain|Moody|boost
|-boost|p1a: Scovillain|spe|2
|-unboost|p1a: Scovillain|spd|1
|upkeep
|turn|2
|
|t:|1786035662
|switch|p2a: Sneasler|Sneasler, L50, F|100/100
|detailschange|p1a: Scovillain|Scovillain-Mega, L50, F
|-mega|p1a: Scovillain|Scovillain|Scovillainite
|move|p1a: Scovillain|Rage Powder|p1a: Scovillain
|-singleturn|p1a: Scovillain|move: Rage Powder
|move|p2b: Arcanine|Head Smash|p1a: Scovillain
|-supereffective|p1a: Scovillain|1
|-damage|p1a: Scovillain|0 fnt
|-immune|p2b: Arcanine
|faint|p1a: Scovillain
|move|p1b: Kingambit|Swords Dance|p1b: Kingambit
|-boost|p1b: Kingambit|atk|2
|
|upkeep
|
|t:|1786035671
|switch|p1a: Basculegion|Basculegion, L50, M|100/100
|turn|3
|
|t:|1786035691
|move|p2a: Sneasler|Protect|p2a: Sneasler
|-singleturn|p2a: Sneasler|Protect
|move|p2b: Arcanine|Protect|p2b: Arcanine
|-singleturn|p2b: Arcanine|Protect
|move|p1b: Kingambit|Protect|p1b: Kingambit
|-singleturn|p1b: Kingambit|Protect
|move|p1a: Basculegion|Aqua Jet|p2b: Arcanine
|-activate|p2b: Arcanine|move: Protect
|
|upkeep
|turn|4
|
|t:|1786035707
|move|p1a: Basculegion|Aqua Jet|p2a: Sneasler
|-damage|p2a: Sneasler|68/100
|move|p1b: Kingambit|Sucker Punch|p2a: Sneasler
|-resisted|p2a: Sneasler|1
|-damage|p2a: Sneasler|11/100
|move|p2a: Sneasler|Close Combat|p1b: Kingambit
|-supereffective|p1b: Kingambit|2
|-damage|p1b: Kingambit|0 fnt
|-unboost|p2a: Sneasler|def|1
|-unboost|p2a: Sneasler|spd|1
|faint|p1b: Kingambit
|-enditem|p2a: Sneasler|White Herb
|-clearnegativeboost|p2a: Sneasler|[silent]
|move|p2b: Arcanine|Flare Blitz|p1a: Basculegion
|-resisted|p1a: Basculegion|1
|-crit|p1a: Basculegion
|-damage|p1a: Basculegion|47/100
|-enditem|p1a: Basculegion|Sitrus Berry|[eat]
|-heal|p1a: Basculegion|72/100|[from] item: Sitrus Berry
|
|upkeep
|
|t:|1786035713
|switch|p1b: Sneasler|Sneasler, L50, M|100/100
|turn|5
|
|t:|1786035729
|move|p2a: Sneasler|Protect|p2a: Sneasler
|-singleturn|p2a: Sneasler|Protect
|move|p2b: Arcanine|Protect|p2b: Arcanine
|-singleturn|p2b: Arcanine|Protect
|move|p1a: Basculegion|Aqua Jet|p2b: Arcanine
|-activate|p2b: Arcanine|move: Protect
|move|p1b: Sneasler|Close Combat|p2b: Arcanine
|-activate|p2b: Arcanine|move: Protect
|
|upkeep
|turn|6
|
|t:|1786035742
|move|p1a: Basculegion|Aqua Jet|p2b: Arcanine
|-supereffective|p2b: Arcanine|2
|-enditem|p2b: Arcanine|Focus Sash
|-damage|p2b: Arcanine|1/100
|move|p2a: Sneasler|Close Combat|p1b: Sneasler
|-resisted|p1b: Sneasler|1
|-damage|p1b: Sneasler|56/100
|-unboost|p2a: Sneasler|def|1
|-unboost|p2a: Sneasler|spd|1
|move|p1b: Sneasler|Close Combat|p2b: Arcanine
|-supereffective|p2b: Arcanine|1
|-damage|p2b: Arcanine|0 fnt
|-unboost|p1b: Sneasler|def|1
|-unboost|p1b: Sneasler|spd|1
|faint|p2b: Arcanine
|-enditem|p1b: Sneasler|White Herb
|-clearnegativeboost|p1b: Sneasler|[silent]
|
|upkeep
|
|t:|1786035757
|switch|p2b: Kingambit|Kingambit, L50, F|100/100
|turn|7
|
|t:|1786035764
|move|p2b: Kingambit|Protect|p2b: Kingambit
|-singleturn|p2b: Kingambit|Protect
|move|p1a: Basculegion|Aqua Jet|p2a: Sneasler
|-damage|p2a: Sneasler|0 fnt
|faint|p2a: Sneasler
|move|p1b: Sneasler|Close Combat|p2b: Kingambit
|-activate|p2b: Kingambit|move: Protect
|
|upkeep
|
|t:|1786035771
|switch|p2a: Raichu|Raichu-Mega-Y, L50, M|100/100
|turn|8
|inactive|nicven has 30 seconds left.
|
|t:|1786035799
|move|p1b: Sneasler|Protect|p1b: Sneasler
|-singleturn|p1b: Sneasler|Protect
|move|p2a: Raichu|Fake Out|p1b: Sneasler
|-activate|p1b: Sneasler|move: Protect
|move|p1a: Basculegion|Last Respects|p2a: Raichu
|-damage|p2a: Raichu|0 fnt
|faint|p2a: Raichu
|move|p2b: Kingambit|Swords Dance|p2b: Kingambit
|-boost|p2b: Kingambit|atk|2
|
|upkeep
|turn|9
|
|t:|1786035816
|move|p1b: Sneasler|Protect||[still]
|-fail|p1b: Sneasler
|move|p2b: Kingambit|Protect|p2b: Kingambit
|-singleturn|p2b: Kingambit|Protect
|move|p1a: Basculegion|Aqua Jet|p2b: Kingambit
|-activate|p2b: Kingambit|move: Protect
|
|upkeep
|turn|10
|
|t:|1786035823
|move|p1b: Sneasler|Protect|p1b: Sneasler
|-singleturn|p1b: Sneasler|Protect
|move|p1a: Basculegion|Aqua Jet|p2b: Kingambit
|-damage|p2b: Kingambit|78/100
|move|p2b: Kingambit|Kowtow Cleave|p1a: Basculegion
|-supereffective|p1a: Basculegion|1
|-damage|p1a: Basculegion|0 fnt
|faint|p1a: Basculegion
|-damage|p2b: Kingambit|69/100|[from] item: Life Orb
|
|upkeep
|turn|11
|
|t:|1786035839
|move|p1b: Sneasler|Protect||[still]
|-fail|p1b: Sneasler
|move|p2b: Kingambit|Sucker Punch||[still]
|-fail|p2b: Kingambit
|
|upkeep
|turn|12
|
|t:|1786035844
|move|p2b: Kingambit|Protect|p2b: Kingambit
|-singleturn|p2b: Kingambit|Protect
|move|p1b: Sneasler|Close Combat|p2b: Kingambit
|-activate|p2b: Kingambit|move: Protect
|
|upkeep
|turn|13
|
|t:|1786035852
|move|p2b: Kingambit|Sucker Punch|p1b: Sneasler
|-resisted|p1b: Sneasler|1
|-damage|p1b: Sneasler|0 fnt
|faint|p1b: Sneasler
|-damage|p2b: Kingambit|59/100|[from] item: Life Orb
|
|win|nicven
||nicven is ready for game 3.
||galloway2001 is ready for game 3.
|uhtml|next|Next: Game 3 of 3
|l|☆galloway2001
|player|p1|
