|j|☆peprayo25
|j|☆dr_sugus_vgc
|html|peprayo25dr_sugus_vgc    
|uhtml|bestof|Game 2 of a best-of-3
|t:|1756759731
|gametype|doubles
|player|p1|peprayo25|preschooler|1094
|player|p2|dr_sugus_vgc|ruinmaniac|1082
|gen|9
|tier|[Gen 9] VGC 2025 Reg H (Bo3)
|rated|
|rule|Species Clause: Limit one of each Pokémon
|rule|Item Clause: Limit 1 of each item
|clearpoke
|poke|p1|Sneasler, L50, M|
|poke|p1|Indeedee, L50, M|
|poke|p1|Volcarona, L50, M|
|poke|p1|Ursaluna-Bloodmoon, L50, M|
|poke|p1|Annihilape, L50, F|
|poke|p1|Tyranitar, L50, M|
|poke|p2|Amoonguss, L50, M|
|poke|p2|Hydreigon, L50, F|
|poke|p2|Incineroar, L50, M|
|poke|p2|Gholdengo, L50|
|poke|p2|Ninetales-Alola, L50, F|
|poke|p2|Palafin, L50, M|
|teampreview|4
|showteam|p1|Sneasler||PsychicSeed|Unburden|CloseCombat,DireClaw,ThroatChop,Protect|||M|||50|,,,,,Dark]Indeedee||ChoiceScarf|PsychicSurge|ExpandingForce,TeraBlast,Trick,Protect|||M|||50|,,,,,Psychic]Volcarona||SitrusBerry|FlameBody|Overheat,StruggleBug,RagePowder,Tailwind|||M|||50|,,,,,Grass]Ursaluna-Bloodmoon||LifeOrb|MindsEye|BloodMoon,HyperVoice,EarthPower,Protect|||M|||50|,,,,,Normal]Annihilape||SafetyGoggles|Defiant|CloseCombat,RageFist,Taunt,FinalGambit|||F|||50|,,,,,Fairy]Tyranitar||AssaultVest|SandStream|RockSlide,KnockOff,TeraBlast,LowKick|||M|||50|,,,,,Flying
|showteam|p2|Amoonguss||RockyHelmet|Regenerator|PollenPuff,Spore,RagePowder,Protect|||M|||50|,,,,,Fairy]Hydreigon||SafetyGoggles|Levitate|DracoMeteor,Protect,Tailwind,Snarl|||F|||50|,,,,,Ghost]Incineroar||SitrusBerry|Intimidate|FlareBlitz,KnockOff,PartingShot,FakeOut|||M|||50|,,,,,Ghost]Gholdengo||MetalCoat|GoodasGold|MakeItRain,ShadowBall,NastyPlot,Protect||||||50|,,,,,Water]Ninetales-Alola||CovertCloak|SnowWarning|IcyWind,Moonblast,AuroraVeil,Protect|||F|||50|,,,,,Water]Palafin||LifeOrb|ZerotoHero|JetPunch,WaveCrash,CloseCombat,Protect|||M|||50|,,,,,Water
|inactive|Battle timer is ON: inactive players will automatically lose when time's up. (requested by peprayo25)
|inactive|dr_sugus_vgc also wants the timer to be on.
|inactive|peprayo25 has 60 seconds left.
|
|t:|1756759783
|teamsize|p1|4
|teamsize|p2|4
|start
|switch|p1a: Volcarona|Volcarona, L50, M|100/100
|switch|p1b: Annihilape|Annihilape, L50, F|100/100
|switch|p2a: Hydreigon|Hydreigon, L50, F|100/100
|switch|p2b: Palafin|Palafin, L50, M|100/100
|turn|1
|inactive|dr_sugus_vgc has 30 seconds left.
|
|t:|1756759812
|detailschange|p2b: Palafin|Palafin-Hero, L50, M
|switch|p2b: Amoonguss|Amoonguss, L50, M|100/100
|-terastallize|p1a: Volcarona|Grass
|move|p1a: Volcarona|Tailwind|p1a: Volcarona
|-sidestart|p1: peprayo25|move: Tailwind
|move|p1b: Annihilape|Close Combat|p2a: Hydreigon
|-supereffective|p2a: Hydreigon
|-damage|p2a: Hydreigon|0 fnt
|-unboost|p1b: Annihilape|def|1
|-unboost|p1b: Annihilape|spd|1
|faint|p2a: Hydreigon
|
|upkeep
|
|t:|1756759825
|switch|p2a: Palafin|Palafin-Hero, L50, M|100/100
|-activate|p2a: Palafin|ability: Zero to Hero
|turn|2
|inactive|dr_sugus_vgc has 30 seconds left.
|
|t:|1756759853
|move|p2a: Palafin|Jet Punch|p1b: Annihilape
|-crit|p1b: Annihilape
|-damage|p1b: Annihilape|0 fnt
|faint|p1b: Annihilape
|-damage|p2a: Palafin|91/100|[from] item: Life Orb
|move|p1a: Volcarona|Overheat|p2b: Amoonguss
|-supereffective|p2b: Amoonguss
|-damage|p2b: Amoonguss|3/100
|-unboost|p1a: Volcarona|spa|2
|move|p2b: Amoonguss|Pollen Puff|p2a: Palafin
|-heal|p2a: Palafin|100/100
|
|upkeep
|
|t:|1756759865
|switch|p1b: Sneasler|Sneasler, L50, M|100/100
|turn|3
|
|t:|1756759879
|switch|p2b: Incineroar|Incineroar, L50, M|100/100
|-ability|p2b: Incineroar|Intimidate|boost
|-unboost|p1a: Volcarona|atk|1
|-unboost|p1b: Sneasler|atk|1
|-terastallize|p2a: Palafin|Water
|move|p1b: Sneasler|Dire Claw|p2a: Palafin
|-damage|p2a: Palafin|67/100
|move|p1a: Volcarona|Struggle Bug|p2b: Incineroar|[spread] p2a,p2b
|-damage|p2a: Palafin|58/100
|-damage|p2b: Incineroar|94/100
|-unboost|p2a: Palafin|spa|1
|-unboost|p2b: Incineroar|spa|1
|move|p2a: Palafin|Wave Crash|p1b: Sneasler
|-damage|p1b: Sneasler|0 fnt
|faint|p1b: Sneasler
|-damage|p2a: Palafin|30/100|[from] Recoil
|-damage|p2a: Palafin|20/100|[from] item: Life Orb
|
|upkeep
|
|t:|1756759895
|switch|p1b: Tyranitar|Tyranitar, L50, M|100/100
|-weather|Sandstorm|[from] ability: Sand Stream|[of] p1b: Tyranitar
|turn|4
|inactive|peprayo25 has 30 seconds left.
|inactive|dr_sugus_vgc has 30 seconds left.
|
|t:|1756759925
|move|p2a: Palafin|Protect|p2a: Palafin
|-singleturn|p2a: Palafin|Protect
|move|p1a: Volcarona|Overheat|p2a: Palafin
|-activate|p2a: Palafin|move: Protect
|move|p1b: Tyranitar|Rock Slide|p2a: Palafin|[spread] p2b
|-activate|p2a: Palafin|move: Protect
|-supereffective|p2b: Incineroar
|-damage|p2b: Incineroar|38/100
|-enditem|p2b: Incineroar|Sitrus Berry|[eat]
|-heal|p2b: Incineroar|62/100|[from] item: Sitrus Berry
|cant|p2b: Incineroar|flinch
|
|-weather|Sandstorm|[upkeep]
|-damage|p1a: Volcarona|94/100|[from] Sandstorm
|-damage|p2a: Palafin|14/100|[from] Sandstorm
|-damage|p2b: Incineroar|56/100|[from] Sandstorm
|-sideend|p1: peprayo25|move: Tailwind
|upkeep
|turn|5
|inactive|peprayo25 has 30 seconds left.
|
|t:|1756759960
|move|p1a: Volcarona|Overheat|p2a: Palafin
|-resisted|p2a: Palafin
|-damage|p2a: Palafin|0 fnt
|-unboost|p1a: Volcarona|spa|2
|faint|p2a: Palafin
|move|p1b: Tyranitar|Rock Slide|p2b: Incineroar
|-supereffective|p2b: Incineroar
|-damage|p2b: Incineroar|0 fnt
|faint|p2b: Incineroar
|
|-weather|Sandstorm|[upkeep]
|-damage|p1a: Volcarona|88/100|[from] Sandstorm
|upkeep
|-message|dr_sugus_vgc forfeited.
|
|win|peprayo25
|l|☆dr_sugus_vgc
|player|p2|
||dr_sugus_vgc is ready for game 3.
|inactive|peprayo25 has 30 seconds to confirm battle start!
|inactive|peprayo25 has 20 seconds to confirm battle start!
||peprayo25 is ready for game 3.
|uhtml|next|Next: Game 3 of 3
|l|☆peprayo25
|player|p1|
|j|☆dr_sugus_vgc
|player|p2|dr_sugus_vgc|ruinmaniac|
