|j|☆p1ch1pichi
|j|☆SleepySilver07
|html|p1ch1pichiSleepySilver07    
|uhtml|bestof|Game 2 of a best-of-3
|t:|1784647874
|gametype|doubles
|player|p1|p1ch1pichi|n|1150
|player|p2|SleepySilver07|170|1158
|gen|9
|tier|[Gen 9 Champions] VGC 2026 Reg M-B (Bo3)
|rated|
|rule|Species Clause: Limit one of each Pokémon
|rule|Item Clause: Limit 1 of each item
|clearpoke
|poke|p1|Raichu, L50, M, shiny|
|poke|p1|Meowscarada, L50, F|
|poke|p1|Incineroar, L50, M|
|poke|p1|Milotic, L50, M|
|poke|p1|Sylveon, L50, M, shiny|
|poke|p1|Ceruledge, L50, F|
|poke|p2|Scrafty, L50, M|
|poke|p2|Farigiraf, L50, M|
|poke|p2|Torkoal, L50, M|
|poke|p2|Venusaur, L50, M|
|poke|p2|Kleavor, L50, F|
|poke|p2|Clefable, L50, M|
|teampreview|4
|showteam|p1|Raichu||RaichuniteY|LightningRod|ZapCannon,FocusBlast,FakeOut,Protect|Timid||M|||50|]Meowscarada||ChoiceScarf|Protean|FlowerTrick,KnockOff,TripleAxel,Uturn|Adamant||F|||50|]Incineroar||PasshoBerry|Intimidate|PartingShot,FakeOut,FlareBlitz,ThroatChop|Adamant||M|||50|]Milotic||Leftovers|Competitive|Protect,Coil,Hypnosis,MuddyWater|Bold||M|||50|]Sylveon||FairyFeather|Pixilate|HyperVoice,HyperBeam,QuickAttack,Detect|Modest||M|||50|]Ceruledge||ColburBerry|FlashFire|Protect,BulkUp,BitterBlade,ShadowSneak|Jolly||F|||50|
|showteam|p2|Scrafty||Scraftinite|Moxie|DrainPunch,ThroatChop,FakeOut,SwordsDance|Brave||M|||50|]Farigiraf||ColburBerry|ArmorTail|TwinBeam,Thunderbolt,Protect,TrickRoom|Quiet||M|||50|]Torkoal||Charcoal|Drought|HeatWave,Eruption,EarthPower,Protect|Quiet||M|||50|]Venusaur||ExpertBelt|Chlorophyll|GigaDrain,SludgeBomb,EarthPower,SleepPowder|Modest||M|||50|]Kleavor||FocusSash|Sharpness|StoneAxe,XScissor,Feint,Protect|Adamant||F|||50|]Clefable||LifeOrb|MagicGuard|Moonblast,Thunderbolt,Moonlight,FollowMe|Sassy||M|||50|
|inactive|Battle timer is ON: inactive players will automatically lose when time's up. (requested by p1ch1pichi)
|inactive|SleepySilver07 has 60 seconds left.
|inactive|p1ch1pichi has 60 seconds left.
|
|t:|1784647917
|teamsize|p1|4
|teamsize|p2|4
|start
|switch|p1a: Ceruledge|Ceruledge, L50, F|100/100
|switch|p1b: GRRR|Incineroar, L50, M|100/100
|switch|p2a: Farigiraf|Farigiraf, L50, M|100/100
|switch|p2b: Torkoal|Torkoal, L50, M|100/100
|-ability|p1b: GRRR|Intimidate|boost
|-unboost|p2a: Farigiraf|atk|1
|-unboost|p2b: Torkoal|atk|1
|-weather|SunnyDay|[from] ability: Drought|[of] p2b: Torkoal
|turn|1
|
|t:|1784647937
|move|p1a: Ceruledge|Bitter Blade|p2a: Farigiraf
|-damage|p2a: Farigiraf|30/100
|move|p1b: GRRR|Throat Chop|p2a: Farigiraf
|-supereffective|p2a: Farigiraf|1
|-enditem|p2a: Farigiraf|Colbur Berry|[eat]
|-enditem|p2a: Farigiraf|Colbur Berry|[weaken]
|-damage|p2a: Farigiraf|0 fnt
|faint|p2a: Farigiraf
|move|p2b: Torkoal|Earth Power|p1a: Ceruledge
|-supereffective|p1a: Ceruledge|1
|-damage|p1a: Ceruledge|38/100
|
|-weather|SunnyDay|[upkeep]
|upkeep
|
|t:|1784647946
|switch|p2a: Scrafty|Scrafty, L50, M|100/100
|turn|2
|
|t:|1784647956
|switch|p1a: QueenOfDrag!|Milotic, L50, M|100/100
|move|p2a: Scrafty|Fake Out|p1b: GRRR
|-damage|p1b: GRRR|88/100
|cant|p1b: GRRR|flinch
|move|p2b: Torkoal|Earth Power|p1b: GRRR
|-supereffective|p1b: GRRR|1
|-damage|p1b: GRRR|37/100
|
|-weather|SunnyDay|[upkeep]
|upkeep
|turn|3
|
|t:|1784647979
|move|p1a: QueenOfDrag!|Coil|p1a: QueenOfDrag!
|-boost|p1a: QueenOfDrag!|atk|1
|-boost|p1a: QueenOfDrag!|def|1
|-boost|p1a: QueenOfDrag!|accuracy|1
|move|p1b: GRRR|Parting Shot|p2b: Torkoal
|-unboost|p2b: Torkoal|atk|1
|-unboost|p2b: Torkoal|spa|1
|
|t:|1784647988
|switch|p1b: Ceruledge|Ceruledge, L50, F|38/100|[from] Parting Shot
|move|p2a: Scrafty|Drain Punch|p1b: Ceruledge
|-immune|p1b: Ceruledge
|move|p2b: Torkoal|Earth Power|p1a: QueenOfDrag!
|-damage|p1a: QueenOfDrag!|87/100
|-unboost|p1a: QueenOfDrag!|spd|1
|-ability|p1a: QueenOfDrag!|Competitive|boost
|-boost|p1a: QueenOfDrag!|spa|2
|
|-weather|SunnyDay|[upkeep]
|-heal|p1a: QueenOfDrag!|93/100|[from] item: Leftovers
|upkeep
|turn|4
|
|t:|1784648009
|switch|p2b: Clefable|Clefable, L50, M|100/100
|move|p1b: Ceruledge|Bitter Blade|p2a: Scrafty
|-damage|p2a: Scrafty|41/100
|-heal|p1b: Ceruledge|71/100|[from] drain|[of] p2a: Scrafty
|move|p1a: QueenOfDrag!|Muddy Water|p2b: Clefable|[spread] p2a,p2b
|-damage|p2a: Scrafty|22/100
|-damage|p2b: Clefable|81/100
|-unboost|p2a: Scrafty|accuracy|1
|move|p2a: Scrafty|Throat Chop|p1b: Ceruledge
|-supereffective|p1b: Ceruledge|1
|-enditem|p1b: Ceruledge|Colbur Berry|[eat]
|-enditem|p1b: Ceruledge|Colbur Berry|[weaken]
|-damage|p1b: Ceruledge|25/100
|-start|p1b: Ceruledge|Throat Chop|[silent]
|
|-weather|SunnyDay|[upkeep]
|-heal|p1a: QueenOfDrag!|99/100|[from] item: Leftovers
|upkeep
|turn|5
|
|t:|1784648028
|move|p1b: Ceruledge|Protect|p1b: Ceruledge
|-singleturn|p1b: Ceruledge|Protect
|move|p1a: QueenOfDrag!|Hypnosis|p2b: Clefable
|-status|p2b: Clefable|slp|[from] move: Hypnosis
|cant|p2b: Clefable|slp
|move|p2a: Scrafty|Throat Chop|p1b: Ceruledge
|-activate|p1b: Ceruledge|move: Protect
|
|-weather|none
|-heal|p1a: QueenOfDrag!|100/100|[from] item: Leftovers
|-end|p1b: Ceruledge|Throat Chop|[silent]
|upkeep
|turn|6
|
|t:|1784648048
|move|p1b: Ceruledge|Bitter Blade|p2a: Scrafty
|-damage|p2a: Scrafty|0 fnt
|-heal|p1b: Ceruledge|38/100|[from] drain|[of] p2a: Scrafty
|faint|p2a: Scrafty
|move|p1a: QueenOfDrag!|Muddy Water|p2b: Clefable
|-damage|p2b: Clefable|34/100 slp
|-unboost|p2b: Clefable|accuracy|1
|cant|p2b: Clefable|slp
|
|upkeep
|
|t:|1784648050
|switch|p2a: Torkoal|Torkoal, L50, M|100/100
|-weather|SunnyDay|[from] ability: Drought|[of] p2a: Torkoal
|turn|7
|
|t:|1784648065
|move|p1b: Ceruledge|Bitter Blade|p2b: Clefable
|-damage|p2b: Clefable|0 fnt
|-heal|p1b: Ceruledge|61/100|[from] drain|[of] p2b: Clefable
|faint|p2b: Clefable
|move|p1a: QueenOfDrag!|Muddy Water|p2a: Torkoal
|-supereffective|p2a: Torkoal|1
|-damage|p2a: Torkoal|17/100
|-unboost|p2a: Torkoal|accuracy|1
|move|p2a: Torkoal|Earth Power|p1b: Ceruledge|[miss]
|-miss|p2a: Torkoal|p1b: Ceruledge
|
|-weather|SunnyDay|[upkeep]
|upkeep
|turn|8
|-message|SleepySilver07 forfeited.
|
|win|p1ch1pichi
|l|☆SleepySilver07
|player|p2|
||SleepySilver07 is ready for game 3.
||p1ch1pichi is ready for game 3.
|uhtml|next|Next: Game 3 of 3
