|j|☆LuckyShellSmash
|j|☆Alfaceb
|html|LuckyShellSmashAlfaceb    
|uhtml|bestof|Game 1 of a best-of-3
|t:|1783155052
|gametype|doubles
|player|p1|LuckyShellSmash|266|1152
|player|p2|Alfaceb|pokefan|1085
|gen|9
|tier|[Gen 9 Champions] VGC 2026 Reg M-B (Bo3)
|rated|
|rule|Species Clause: Limit one of each Pokémon
|rule|Item Clause: Limit 1 of each item
|clearpoke
|poke|p1|Garchomp, L50, M|
|poke|p1|Blastoise, L50, F|
|poke|p1|Politoed, L50, F|
|poke|p1|Gengar, L50, F|
|poke|p1|Archaludon, L50, F|
|poke|p1|Incineroar, L50, M|
|poke|p2|Charizard, L50, M|
|poke|p2|Blastoise, L50, M|
|poke|p2|Venusaur, L50, F|
|poke|p2|Aerodactyl, L50, M, shiny|
|poke|p2|Kangaskhan, L50, F|
|poke|p2|Clefable, L50, F|
|teampreview|4
|showteam|p1|Garchomp||ChoiceScarf|RoughSkin|RockSlide,DragonClaw,StompingTantrum,PoisonJab|Jolly||M|||50|]Blastoise||Blastoisinite|RainDish|WaterSpout,AuraSphere,FakeOut,ShellSmash|Modest||F|||50|]Politoed||SitrusBerry|Drizzle|PerishSong,WeatherBall,IcyWind,Protect|Calm||F|||50|]Gengar||Gengarite|CursedBody|ShadowBall,SludgeBomb,Disable,Protect|Timid||F|||50|]Archaludon||Leftovers|Stamina|ElectroShot,DracoMeteor,FlashCannon,Protect|Modest||F|||50|]Incineroar||ChopleBerry|Intimidate|PartingShot,FakeOut,DarkestLariat,Protect|Adamant||M|||50|
|showteam|p2|Charizard||CharizarditeY|SolarPower|HeatWave,WeatherBall,Protect,SolarBeam|Modest||M|||50|]Blastoise||Blastoisinite|Torrent|ShellSmash,WaterSpout,AuraSphere,Protect|Modest||M|||50|]Venusaur||LifeOrb|Chlorophyll|SleepPowder,SludgeBomb,EnergyBall,Protect|Modest||F|||50|]Aerodactyl||FocusSash|Unnerve|DualWingbeat,RockSlide,Protect,Tailwind|Jolly||M|||50|]Kangaskhan||SilkScarf|Scrappy|FakeOut,LastResort|Adamant||F|||50|]Clefable||SitrusBerry|Unaware|Moonblast,FollowMe,HelpingHand,Protect|Bold||F|||50|
|inactive|Battle timer is ON: inactive players will automatically lose when time's up. (requested by LuckyShellSmash)
|inactive|LuckyShellSmash has 60 seconds left.
|inactive|Alfaceb has 60 seconds left.
|
|t:|1783155124
|teamsize|p1|4
|teamsize|p2|4
|start
|switch|p1a: Blastoise|Blastoise, L50, F|100/100
|switch|p1b: Incineroar|Incineroar, L50, M|100/100
|switch|p2a: Venusaur|Venusaur, L50, F|100/100
|switch|p2b: Kangaskhan|Kangaskhan, L50, F|100/100
|-ability|p1b: Incineroar|Intimidate|boost
|-unboost|p2a: Venusaur|atk|1
|-fail|p2b: Kangaskhan|unboost|Attack|[from] ability: Scrappy|[of] p2b: Kangaskhan
|turn|1
|
|t:|1783155145
|switch|p1a: Archaludon|Archaludon, L50, F|100/100
|move|p2b: Kangaskhan|Fake Out|p1a: Archaludon
|-resisted|p1a: Archaludon|1
|-damage|p1a: Archaludon|91/100
|-ability|p1a: Archaludon|Stamina|boost
|-boost|p1a: Archaludon|def|1
|move|p1b: Incineroar|Fake Out|p2a: Venusaur
|-crit|p2a: Venusaur
|-damage|p2a: Venusaur|71/100
|cant|p2a: Venusaur|flinch
|
|-heal|p1a: Archaludon|97/100|[from] item: Leftovers
|upkeep
|turn|2
|
|t:|1783155169
|switch|p1b: Politoed|Politoed, L50, F|100/100
|-weather|RainDance|[from] ability: Drizzle|[of] p1b: Politoed
|move|p2b: Kangaskhan|Last Resort|p1b: Politoed
|-damage|p1b: Politoed|25/100
|-enditem|p1b: Politoed|Sitrus Berry|[eat]
|-heal|p1b: Politoed|50/100g|[from] item: Sitrus Berry
|move|p1a: Archaludon|Electro Shot||[still]
|-prepare|p1a: Archaludon|Electro Shot
|-boost|p1a: Archaludon|spa|1
|-anim|p1a: Archaludon|Electro Shot|p2b: Kangaskhan
|-damage|p2b: Kangaskhan|19/100
|move|p2a: Venusaur|Sleep Powder|p1a: Archaludon
|-status|p1a: Archaludon|slp|[from] move: Sleep Powder
|
|-weather|RainDance|[upkeep]
|-heal|p1a: Archaludon|100/100 slp|[from] item: Leftovers
|upkeep
|turn|3
|inactive|Alfaceb has 30 seconds left.
|
|t:|1783155195
|switch|p2b: Blastoise|Blastoise, L50, M|100/100
|switch|p1b: Incineroar|Incineroar, L50, M|100/100
|-ability|p1b: Incineroar|Intimidate|boost
|-unboost|p2a: Venusaur|atk|1
|-unboost|p2b: Blastoise|atk|1
|cant|p1a: Archaludon|slp
|move|p2a: Venusaur|Energy Ball|p1b: Incineroar
|-resisted|p1b: Incineroar|1
|-damage|p1b: Incineroar|71/100
|-damage|p2a: Venusaur|62/100|[from] item: Life Orb
|
|-weather|RainDance|[upkeep]
|upkeep
|turn|4
|inactive|Alfaceb has 30 seconds left.
|
|t:|1783155221
|switch|p2a: Clefable|Clefable, L50, F|100/100
|detailschange|p2b: Blastoise|Blastoise-Mega, L50, M
|-mega|p2b: Blastoise|Blastoise|Blastoisinite
|move|p1b: Incineroar|Fake Out|p2b: Blastoise
|-damage|p2b: Blastoise|87/100
|cant|p1a: Archaludon|slp
|cant|p2b: Blastoise|flinch
|
|-weather|RainDance|[upkeep]
|upkeep
|turn|5
|
|t:|1783155236
|move|p2a: Clefable|Follow Me|p2a: Clefable
|-singleturn|p2a: Clefable|move: Follow Me
|-curestatus|p1a: Archaludon|slp|[msg]
|move|p1a: Archaludon|Electro Shot||[still]
|-prepare|p1a: Archaludon|Electro Shot
|-boost|p1a: Archaludon|spa|1
|-anim|p1a: Archaludon|Electro Shot|p2a: Clefable
|-damage|p2a: Clefable|59/100
|move|p2b: Blastoise|Shell Smash|p2b: Blastoise
|-unboost|p2b: Blastoise|def|1
|-unboost|p2b: Blastoise|spd|1
|-boost|p2b: Blastoise|atk|2
|-boost|p2b: Blastoise|spa|2
|-boost|p2b: Blastoise|spe|2
|move|p1b: Incineroar|Parting Shot|p2a: Clefable
|-unboost|p2a: Clefable|atk|1
|-unboost|p2a: Clefable|spa|1
|
|t:|1783155252
|switch|p1b: Blastoise|Blastoise, L50, F|100/100|[from] Parting Shot
|
|-weather|RainDance|[upkeep]
|upkeep
|turn|6
|
|t:|1783155267
|detailschange|p1b: Blastoise|Blastoise-Mega, L50, F
|-mega|p1b: Blastoise|Blastoise|Blastoisinite
|move|p2b: Blastoise|Protect|p2b: Blastoise
|-singleturn|p2b: Blastoise|Protect
|move|p2a: Clefable|Protect|p2a: Clefable
|-singleturn|p2a: Clefable|Protect
|move|p1b: Blastoise|Fake Out|p2b: Blastoise
|-activate|p2b: Blastoise|move: Protect
|move|p1a: Archaludon|Flash Cannon|p2a: Clefable
|-activate|p2a: Clefable|move: Protect
|
|-weather|none
|upkeep
|turn|7
|inactive|Alfaceb has 30 seconds left.
|
|t:|1783155294
|move|p2a: Clefable|Helping Hand|p2b: Blastoise
|-singleturn|p2b: Blastoise|Helping Hand|[of] p2a: Clefable
|move|p2b: Blastoise|Water Spout|p1b: Blastoise|[spread] p1a,p1b
|-resisted|p1a: Archaludon|1
|-resisted|p1b: Blastoise|1
|-damage|p1a: Archaludon|0 fnt
|-damage|p1b: Blastoise|19/100
|faint|p1a: Archaludon
|move|p1b: Blastoise|Aura Sphere|p2b: Blastoise
|-damage|p2b: Blastoise|30/100
|
|upkeep
|
|t:|1783155312
|switch|p1a: Incineroar|Incineroar, L50, M|71/100
|-ability|p1a: Incineroar|Intimidate|boost
|-unboost|p2a: Clefable|atk|1
|-unboost|p2b: Blastoise|atk|1
|turn|8
|
|t:|1783155322
|move|p2b: Blastoise|Protect|p2b: Blastoise
|-singleturn|p2b: Blastoise|Protect
|move|p1a: Incineroar|Fake Out|p2b: Blastoise
|-activate|p2b: Blastoise|move: Protect
|move|p1b: Blastoise|Shell Smash|p1b: Blastoise
|-unboost|p1b: Blastoise|def|1
|-unboost|p1b: Blastoise|spd|1
|-boost|p1b: Blastoise|atk|2
|-boost|p1b: Blastoise|spa|2
|-boost|p1b: Blastoise|spe|2
|move|p2a: Clefable|Moonblast|p1b: Blastoise
|-damage|p1b: Blastoise|1/100
|
|upkeep
|turn|9
|
|t:|1783155341
|move|p2a: Clefable|Follow Me|p2a: Clefable
|-singleturn|p2a: Clefable|move: Follow Me
|move|p1b: Blastoise|Aura Sphere|p2a: Clefable
|-resisted|p2a: Clefable|1
|-damage|p2a: Clefable|39/100
|-enditem|p2a: Clefable|Sitrus Berry|[eat]
|-heal|p2a: Clefable|63/100|[from] item: Sitrus Berry
|move|p2b: Blastoise|Aura Sphere|p1a: Incineroar
|-supereffective|p1a: Incineroar|1
|-enditem|p1a: Incineroar|Chople Berry|[eat]
|-enditem|p1a: Incineroar|Chople Berry|[weaken]
|-damage|p1a: Incineroar|0 fnt
|faint|p1a: Incineroar
|
|upkeep
|
|t:|1783155346
|switch|p1a: Politoed|Politoed, L50, F|50/100g
|-weather|RainDance|[from] ability: Drizzle|[of] p1a: Politoed
|turn|10
|
|t:|1783155363
|move|p2a: Clefable|Follow Me|p2a: Clefable
|-singleturn|p2a: Clefable|move: Follow Me
|move|p1b: Blastoise|Aura Sphere|p2a: Clefable
|-resisted|p2a: Clefable|1
|-damage|p2a: Clefable|43/100
|move|p2b: Blastoise|Aura Sphere|p1a: Politoed
|-damage|p1a: Politoed|0 fnt
|faint|p1a: Politoed
|
|-weather|RainDance|[upkeep]
|upkeep
|turn|11
|-message|LuckyShellSmash forfeited.
|
|win|Alfaceb
|l|☆LuckyShellSmash
|player|p1|
