|j|☆smalltownkirlia
|j|☆chaoticfarmer
|html|smalltownkirliachaoticfarmer    
|uhtml|bestof|Game 3 of a best-of-3
|t:|1757640964
|gametype|doubles
|player|p1|smalltownkirlia|whitney|1141
|player|p2|chaoticfarmer|norman|1312
|gen|9
|tier|[Gen 9] VGC 2025 Reg H (Bo3)
|rated|
|rule|Species Clause: Limit one of each Pokémon
|rule|Item Clause: Limit 1 of each item
|clearpoke
|poke|p1|Dragonite, L50, F|
|poke|p1|Ursaluna-Bloodmoon, L50, M|
|poke|p1|Gholdengo, L50|
|poke|p1|Maushold-Four, L50|
|poke|p1|Annihilape, L50, F|
|poke|p1|Rillaboom, L50, F|
|poke|p2|Rillaboom, L50, M|
|poke|p2|Pelipper, L50, M|
|poke|p2|Sneasler, L50, F|
|poke|p2|Cetitan, L50, F|
|poke|p2|Malamar, L50, F|
|poke|p2|Ursaluna-Bloodmoon, L50, M|
|teampreview|4
|showteam|p1|Dragonite||LoadedDice|Multiscale|ScaleShot,Tailwind,Haze,Protect|||F|||50|,,,,,Fairy]Ursaluna-Bloodmoon||AssaultVest|MindsEye|BloodMoon,EarthPower,HyperVoice,VacuumWave|||M|||50|,,,,,Water]Gholdengo||LifeOrb|GoodasGold|MakeItRain,ShadowBall,NastyPlot,Protect||||||50|,,,,,Dragon]Maushold-Four||FocusSash|FriendGuard|Taunt,FollowMe,BeatUp,Protect||||||50|,,,,,Ghost]Annihilape||SitrusBerry|Defiant|RageFist,DrainPunch,BulkUp,Protect|||F|||50|,,,,,Fire]Rillaboom||MiracleSeed|GrassySurge|WoodHammer,GrassyGlide,HighHorsepower,FakeOut|||F|||50|,,,,,Fire
|showteam|p2|Rillaboom||AssaultVest|GrassySurge|FakeOut,GrassyGlide,WoodHammer,Uturn|||M|||50|,,,,,Fire]Pelipper||FocusSash|Drizzle|Tailwind,Hurricane,WideGuard,WeatherBall|||M|||50|,,,,,Ghost]Sneasler||GrassySeed|Unburden|CloseCombat,DireClaw,ThroatChop,Protect|||F|||50|,,,,,Dark]Cetitan||LifeOrb|SheerForce|IcicleCrash,Liquidation,IceShard,Protect|||F|||50|,,,,,Water]Malamar||CovertCloak|Contrary|TopsyTurvy,KnockOff,Superpower,TrickRoom|||F|||50|,,,,,Steel]Ursaluna-Bloodmoon||SafetyGoggles|MindsEye|BloodMoon,HyperVoice,EarthPower,Protect|||M|||50|,,,,,Ghost
|inactive|Battle timer is ON: inactive players will automatically lose when time's up. (requested by chaoticfarmer)
|inactive|smalltownkirlia also wants the timer to be on.
|inactive|smalltownkirlia has 60 seconds left.
|inactive|chaoticfarmer has 60 seconds left.
|inactive|smalltownkirlia has 30 seconds left.
|inactive|chaoticfarmer has 30 seconds left.
|inactive|chaoticfarmer has 20 seconds left.
|
|t:|1757641038
|teamsize|p1|4
|teamsize|p2|4
|start
|switch|p1a: Maushold|Maushold-Four, L50|100/100
|switch|p1b: Annihilape|Annihilape, L50, F|100/100
|switch|p2a: Ursaluna|Ursaluna-Bloodmoon, L50, M|100/100
|switch|p2b: Rillaboom|Rillaboom, L50, M|100/100
|-fieldstart|move: Grassy Terrain|[from] ability: Grassy Surge|[of] p2b: Rillaboom
|turn|1
|inactive|smalltownkirlia has 30 seconds left.
|inactive|smalltownkirlia has 20 seconds left.
|
|t:|1757641076
|move|p1a: Maushold|Protect|p1a: Maushold
|-singleturn|p1a: Maushold|Protect
|move|p1b: Annihilape|Protect|p1b: Annihilape
|-singleturn|p1b: Annihilape|Protect
|move|p2b: Rillaboom|Wood Hammer|p1a: Maushold
|-activate|p1a: Maushold|move: Protect
|move|p2a: Ursaluna|Hyper Voice|p1b: Annihilape|[spread] 
|-activate|p1a: Maushold|move: Protect
|-activate|p1b: Annihilape|move: Protect
|
|upkeep
|turn|2
|inactive|smalltownkirlia has 30 seconds left.
|inactive|chaoticfarmer has 30 seconds left.
|inactive|smalltownkirlia has 20 seconds left.
|inactive|smalltownkirlia has 15 seconds left.
|inactive|smalltownkirlia has 10 seconds left.
|
|t:|1757641123
|move|p1a: Maushold|Beat Up|p1b: Annihilape
|-damage|p1b: Annihilape|99/100
|-damage|p1b: Annihilape|96/100
|-damage|p1b: Annihilape|94/100
|-damage|p1b: Annihilape|91/100
|-hitcount|p1b: Annihilape|4
|move|p1b: Annihilape|Rage Fist|p2b: Rillaboom
|-damage|p2b: Rillaboom|13/100
|move|p2b: Rillaboom|Wood Hammer|p1b: Annihilape
|-damage|p1b: Annihilape|30/100
|-enditem|p1b: Annihilape|Sitrus Berry|[eat]
|-heal|p1b: Annihilape|55/100|[from] item: Sitrus Berry
|-damage|p2b: Rillaboom|0 fnt|[from] Recoil
|faint|p2b: Rillaboom
|move|p2a: Ursaluna|Earth Power|p1b: Annihilape
|-damage|p1b: Annihilape|15/100
|
|-heal|p1b: Annihilape|22/100|[from] Grassy Terrain
|upkeep
|
|t:|1757641146
|switch|p2b: Sneasler|Sneasler, L50, F|100/100
|-enditem|p2b: Sneasler|Grassy Seed
|-boost|p2b: Sneasler|def|1|[from] item: Grassy Seed
|turn|3
|inactive|smalltownkirlia has 30 seconds left.
|inactive|smalltownkirlia has 20 seconds left.
|inactive|smalltownkirlia has 15 seconds left.
|inactive|smalltownkirlia has 10 seconds left.
|
|t:|1757641198
|-terastallize|p2b: Sneasler|Dark
|move|p1b: Annihilape|Protect|p1b: Annihilape
|-singleturn|p1b: Annihilape|Protect
|move|p2b: Sneasler|Dire Claw|p1a: Maushold
|-damage|p1a: Maushold|41/100
|-status|p1a: Maushold|psn
|move|p1a: Maushold|Taunt|p2a: Ursaluna
|-start|p2a: Ursaluna|move: Taunt
|move|p2a: Ursaluna|Hyper Voice|p1a: Maushold|[spread] p1a
|-activate|p1b: Annihilape|move: Protect
|-damage|p1a: Maushold|0 fnt
|faint|p1a: Maushold
|
|-heal|p1b: Annihilape|28/100|[from] Grassy Terrain
|upkeep
|
|t:|1757641216
|switch|p1a: Gholdengo|Gholdengo, L50|100/100
|turn|4
|inactive|smalltownkirlia has 30 seconds left.
|inactive|chaoticfarmer has 30 seconds left.
|
|t:|1757641250
|move|p1b: Annihilape|Protect|p1b: Annihilape
|-singleturn|p1b: Annihilape|Protect
|move|p2b: Sneasler|Throat Chop|p1b: Annihilape
|-activate|p1b: Annihilape|move: Protect
|move|p1a: Gholdengo|Nasty Plot|p1a: Gholdengo
|-boost|p1a: Gholdengo|spa|2
|move|p2a: Ursaluna|Blood Moon|p1a: Gholdengo
|-resisted|p1a: Gholdengo
|-damage|p1a: Gholdengo|50/100
|
|-heal|p1b: Annihilape|34/100|[from] Grassy Terrain
|-heal|p1a: Gholdengo|56/100|[from] Grassy Terrain
|upkeep
|turn|5
|inactive|chaoticfarmer has 30 seconds left.
|inactive|chaoticfarmer has 20 seconds left.
|
|t:|1757641290
|-terastallize|p1a: Gholdengo|Dragon
|move|p2b: Sneasler|Throat Chop|p1a: Gholdengo
|-damage|p1a: Gholdengo|6/100
|-start|p1a: Gholdengo|Throat Chop|[silent]
|move|p1b: Annihilape|Drain Punch|p2a: Ursaluna
|-supereffective|p2a: Ursaluna
|-damage|p2a: Ursaluna|53/100
|-heal|p1b: Annihilape|58/100|[from] drain|[of] p2a: Ursaluna
|move|p1a: Gholdengo|Make It Rain|p2b: Sneasler|[spread] p2a,p2b
|-damage|p2a: Ursaluna|0 fnt
|-damage|p2b: Sneasler|0 fnt
|-unboost|p1a: Gholdengo|spa|1
|faint|p2a: Ursaluna
|faint|p2b: Sneasler
|-damage|p1a: Gholdengo|0 fnt|[from] item: Life Orb
|faint|p1a: Gholdengo
|
|-heal|p1b: Annihilape|64/100|[from] Grassy Terrain
|-fieldend|move: Grassy Terrain
|upkeep
|
|t:|1757641305
|switch|p2b: Cetitan|Cetitan, L50, F|100/100
|switch|p1a: Dragonite|Dragonite, L50, F|100/100
|turn|6
|
|t:|1757641317
|move|p1b: Annihilape|Rage Fist|p2b: Cetitan
|-damage|p2b: Cetitan|0 fnt
|faint|p2b: Cetitan
|
|win|smalltownkirlia
|raw|smalltownkirlia's rating: 1141 → 1177(+36 for winning)
|raw|chaoticfarmer's rating: 1312 → 1283(-29 for losing)
|l|☆chaoticfarmer
|player|p2|
