|j|☆tortilla reforged
|j|☆new mental
|html|tortilla reforgednew mental    
|uhtml|bestof|Game 1 of a best-of-3
|t:|1784717328
|gametype|doubles
|player|p1|tortilla reforged|pokemaniac|1203
|player|p2|new mental|volkner|1259
|gen|9
|tier|[Gen 9 Champions] VGC 2026 Reg M-B (Bo3)
|rated|
|rule|Species Clause: Limit one of each Pokémon
|rule|Item Clause: Limit 1 of each item
|clearpoke
|poke|p1|Venusaur, L50, F|
|poke|p1|Houndoom, L50, F|
|poke|p1|Annihilape, L50, M|
|poke|p1|Torkoal, L50, F|
|poke|p1|Kangaskhan, L50, F|
|poke|p1|Farigiraf, L50, F|
|poke|p2|Incineroar, L50, M|
|poke|p2|Kingambit, L50, M|
|poke|p2|Sinistcha, L50|
|poke|p2|Sneasler, L50, M|
|poke|p2|Blastoise, L50, M|
|poke|p2|Delphox, L50, F|
|teampreview|4
|showteam|p1|Venusaur||LifeOrb|Chlorophyll|SolarBeam,SludgeBomb,EarthPower,Protect|Modest||F|||50|]Houndoom||Houndoominite|FlashFire|HeatWave,DarkPulse,Overheat,Protect|Timid||F|||50|]Annihilape||ChoiceScarf|Defiant|RockSlide,CloseCombat,IcePunch,Uturn|Adamant||M|||50|]Torkoal||Charcoal|Drought|Eruption,HelpingHand,WeatherBall,Protect|Quiet||F|||50|]Kangaskhan||Kangaskhanite|Scrappy|DoubleEdge,IcePunch,HammerArm,FakeOut|Adamant||F|||50|]Farigiraf||SitrusBerry|ArmorTail|Psychic,TrickRoom,Thunderbolt,HelpingHand|Bold||F|||50|
|showteam|p2|Incineroar||SitrusBerry|Intimidate|FakeOut,FlareBlitz,ThroatChop,PartingShot|Impish||M|||50|]Kingambit||BlackGlasses|Defiant|KowtowCleave,SuckerPunch,SwordsDance,Protect|Adamant||M|||50|]Sinistcha||OccaBerry|Hospitality|MatchaGotcha,RagePowder,TrickRoom,Protect|Relaxed|||||50|]Sneasler||FocusSash|PoisonTouch|FakeOut,CloseCombat,PoisonJab,QuickGuard|Jolly||M|||50|]Blastoise||Blastoisinite|RainDish|WaterSpout,DarkPulse,ShellSmash,Protect|Modest||M|||50|]Delphox||Delphoxite|Blaze|HeatWave,Psychic,NastyPlot,Protect|Timid||F|||50|
|inactive|Battle timer is ON: inactive players will automatically lose when time's up. (requested by new mental)
|
|t:|1784717393
|teamsize|p1|4
|teamsize|p2|4
|start
|switch|p1a: Torkoal|Torkoal, L50, F|100/100
|switch|p1b: Venusaur|Venusaur, L50, F|100/100
|switch|p2a: Sinistcha|Sinistcha, L50|100/100
|switch|p2b: Delphox|Delphox, L50, F|100/100
|-weather|SunnyDay|[from] ability: Drought|[of] p1a: Torkoal
|turn|1
|inactive|new mental has 30 seconds left.
|inactive|new mental has 20 seconds left.
|inactive|new mental has 15 seconds left.
|inactive|new mental has 10 seconds left.
|
|t:|1784717440
|detailschange|p2b: Delphox|Delphox-Mega, L50, F
|-mega|p2b: Delphox|Delphox|Delphoxite
|move|p1b: Venusaur|Protect|p1b: Venusaur
|-singleturn|p1b: Venusaur|Protect
|move|p2a: Sinistcha|Rage Powder|p2a: Sinistcha
|-singleturn|p2a: Sinistcha|move: Rage Powder
|move|p2b: Delphox|Heat Wave|p1b: Venusaur|[spread] p1a
|-activate|p1b: Venusaur|move: Protect
|-resisted|p1a: Torkoal|1
|-damage|p1a: Torkoal|61/100
|move|p1a: Torkoal|Eruption|p2a: Sinistcha|[spread] p2a,p2b
|-supereffective|p2a: Sinistcha|1
|-enditem|p2a: Sinistcha|Occa Berry|[eat]
|-enditem|p2a: Sinistcha|Occa Berry|[weaken]
|-resisted|p2b: Delphox|1
|-damage|p2a: Sinistcha|46/100
|-damage|p2b: Delphox|74/100
|
|-weather|SunnyDay|[upkeep]
|upkeep
|turn|2
|
|t:|1784717465
|switch|p1b: Houndoom|Houndoom, L50, F|100/100
|move|p2b: Delphox|Nasty Plot|p2b: Delphox
|-boost|p2b: Delphox|spa|2
|move|p2a: Sinistcha|Matcha Gotcha|p1b: Houndoom|[spread] p1a,p1b
|-resisted|p1a: Torkoal|1
|-resisted|p1b: Houndoom|1
|-damage|p1a: Torkoal|46/100
|-heal|p2a: Sinistcha|53/100|[from] drain|[of] p1a: Torkoal
|-damage|p1b: Houndoom|82/100
|-heal|p2a: Sinistcha|61/100|[from] drain|[of] p1b: Houndoom
|move|p1a: Torkoal|Weather Ball|p2a: Sinistcha
|-supereffective|p2a: Sinistcha|1
|-damage|p2a: Sinistcha|0 fnt
|faint|p2a: Sinistcha
|
|-weather|SunnyDay|[upkeep]
|upkeep
|
|t:|1784717485
|switch|p2a: Sneasler|Sneasler, L50, M|100/100
|turn|3
|
|t:|1784717497
|detailschange|p1b: Houndoom|Houndoom-Mega, L50, F
|-mega|p1b: Houndoom|Houndoom|Houndoominite
|move|p1b: Houndoom|Protect|p1b: Houndoom
|-singleturn|p1b: Houndoom|Protect
|move|p1a: Torkoal|Protect|p1a: Torkoal
|-singleturn|p1a: Torkoal|Protect
|move|p2b: Delphox|Psychic|p1a: Torkoal
|-activate|p1a: Torkoal|move: Protect
|move|p2a: Sneasler|Close Combat|p1b: Houndoom
|-activate|p1b: Houndoom|move: Protect
|
|-weather|SunnyDay|[upkeep]
|-damage|p1b: Houndoom|70/100|[from] ability: Solar Power|[of] p1b: Houndoom
|upkeep
|turn|4
|
|t:|1784717509
|switch|p1b: Annihilape|Annihilape, L50, M|100/100
|move|p2b: Delphox|Psychic|p1a: Torkoal
|-damage|p1a: Torkoal|0 fnt
|faint|p1a: Torkoal
|move|p2a: Sneasler|Close Combat|p1b: Annihilape
|-immune|p1b: Annihilape
|
|-weather|SunnyDay|[upkeep]
|upkeep
|
|t:|1784717514
|switch|p1a: Venusaur|Venusaur, L50, F|100/100
|turn|5
|
|t:|1784717524
|switch|p2a: Kingambit|Kingambit, L50, M|100/100
|move|p2b: Delphox|Protect|p2b: Delphox
|-singleturn|p2b: Delphox|Protect
|move|p1a: Venusaur|Earth Power|p2a: Kingambit
|-supereffective|p2a: Kingambit|1
|-damage|p2a: Kingambit|43/100
|-damage|p1a: Venusaur|90/100|[from] item: Life Orb
|move|p1b: Annihilape|Rock Slide|p2b: Delphox|[spread] p2a
|-activate|p2b: Delphox|move: Protect
|-resisted|p2a: Kingambit|1
|-damage|p2a: Kingambit|36/100
|
|-weather|none
|upkeep
|turn|6
|inactive|new mental has 30 seconds left.
|inactive|new mental has 20 seconds left.
|
|t:|1784717563
|switch|p1b: Houndoom|Houndoom-Mega, L50, F|70/100
|move|p2a: Kingambit|Sucker Punch||[still]
|-fail|p2a: Kingambit
|move|p2b: Delphox|Heat Wave|p1a: Venusaur|[spread] p1a,p1b
|-supereffective|p1a: Venusaur|1
|-resisted|p1b: Houndoom|1
|-damage|p1a: Venusaur|0 fnt
|-damage|p1b: Houndoom|23/100
|faint|p1a: Venusaur
|
|upkeep
|
|t:|1784717569
|switch|p1a: Annihilape|Annihilape, L50, M|100/100
|turn|7
|inactive|new mental has 30 seconds left.
|
|t:|1784717601
|move|p2b: Delphox|Protect|p2b: Delphox
|-singleturn|p2b: Delphox|Protect
|move|p1a: Annihilape|Rock Slide|p2a: Kingambit|[spread] p2a
|-activate|p2b: Delphox|move: Protect
|-resisted|p2a: Kingambit|1
|-damage|p2a: Kingambit|29/100
|move|p1b: Houndoom|Heat Wave|p2a: Kingambit|[spread] p2a
|-activate|p2b: Delphox|move: Protect
|-supereffective|p2a: Kingambit|1
|-damage|p2a: Kingambit|0 fnt
|faint|p2a: Kingambit
|
|upkeep
|
|t:|1784717611
|switch|p2a: Sneasler|Sneasler, L50, M|100/100
|turn|8
|
|t:|1784717621
|move|p1b: Houndoom|Protect|p1b: Houndoom
|-singleturn|p1b: Houndoom|Protect
|move|p1a: Annihilape|Rock Slide|p2a: Sneasler|[spread] p2a
|-miss|p1a: Annihilape|p2b: Delphox
|-resisted|p2a: Sneasler|1
|-damage|p2a: Sneasler|84/100
|move|p2b: Delphox|Psychic|p1a: Annihilape
|-supereffective|p1a: Annihilape|1
|-damage|p1a: Annihilape|0 fnt
|faint|p1a: Annihilape
|cant|p2a: Sneasler|flinch
|
|upkeep
|turn|9
|
|t:|1784717628
|move|p2b: Delphox|Heat Wave|p1b: Houndoom|[miss]
|-miss|p2b: Delphox|p1b: Houndoom
|move|p2a: Sneasler|Close Combat|p1b: Houndoom
|-supereffective|p1b: Houndoom|1
|-damage|p1b: Houndoom|0 fnt
|-unboost|p2a: Sneasler|def|1
|-unboost|p2a: Sneasler|spd|1
|faint|p1b: Houndoom
|
|win|new mental
