|j|‽Malgooee
|j|☆Chuchotrainn
|html|MalgooeeChuchotrainn    
|uhtml|bestof|Game 1 of a best-of-3
|t:|1757684359
|gametype|doubles
|player|p1|Malgooee|266|1050
|player|p2|Chuchotrainn|ethan|1015
|gen|9
|tier|[Gen 9] VGC 2025 Reg H (Bo3)
|rated|
|rule|Species Clause: Limit one of each Pokémon
|rule|Item Clause: Limit 1 of each item
|clearpoke
|poke|p1|Gothitelle, L50, F|
|poke|p1|Archaludon, L50, F|
|poke|p1|Amoonguss, L50, F|
|poke|p1|Politoed, L50, F|
|poke|p1|Charizard, L50, F|
|poke|p1|Whimsicott, L50, F|
|poke|p2|Ursaluna, L50, F|
|poke|p2|Oranguru, L50, F|
|poke|p2|Reuniclus, L50, M|
|poke|p2|Metagross, L50|
|poke|p2|Garchomp, L50, M|
|poke|p2|Armarouge, L50, M|
|teampreview|4
|showteam|p1|Gothitelle||Leftovers|ShadowTag|TrickRoom,FakeOut,Protect,Taunt|||F|||50|,,,,,Grass]Archaludon||AssaultVest|Stamina|BodyPress,DracoMeteor,ElectroShot,FlashCannon|||F|||50|,,,,,Electric]Amoonguss||RockyHelmet|Regenerator|Spore,Protect,RagePowder,PollenPuff|||F|||50|,,,,,Dark]Politoed||SitrusBerry|Drizzle|PerishSong,Protect,Encore,WeatherBall|||F|||50|,,,,,Grass]Charizard||LifeOrb|SolarPower|Protect,HeatWave,Overheat,Hurricane|||F|||50|,,,,,Fire]Whimsicott||FocusSash|Prankster|Tailwind,SunnyDay,Encore,GrassyTerrain|||F|||50|,,,,,Grass
|showteam|p2|Ursaluna||FlameOrb|Guts|Earthquake,Protect,Facade,HammerArm|||F|||50|,,,,,Ground]Oranguru||MentalHerb|Telepathy|Taunt,TrickRoom,Instruct,AfterYou|||F|||50|,,,,,Normal]Reuniclus||ExpertBelt|Overcoat|ExpandingForce,FocusBlast,Thunder,Gravity|||M|||50|,,,,,Psychic]Metagross||FocusSash|ClearBody|Explosion,BulletPunch,HardPress,PsychicFangs||||||50|,,,,,Steel]Garchomp||LifeOrb|RoughSkin|Earthquake,Crunch,ScaleShot,DoubleEdge|||M|||50|,,,,,Dragon]Armarouge||AirBalloon|FlashFire|ArmorCannon,ExpandingForce,WideGuard,PsychicTerrain|||M|||50|,,,,,Fire
|inactive|Battle timer is ON: inactive players will automatically lose when time's up. (requested by Malgooee)
|
|t:|1757684383
|teamsize|p1|4
|teamsize|p2|4
|start
|switch|p1a: Gothitelle|Gothitelle, L50, F|100/100
|switch|p1b: Politoed|Politoed, L50, F|100/100
|switch|p2a: Oranguru|Oranguru, L50, F|100/100
|switch|p2b: Metagross|Metagross, L50|100/100
|-weather|RainDance|[from] ability: Drizzle|[of] p1b: Politoed
|turn|1
|inactive|Malgooee has 30 seconds left.
|inactive|Malgooee has 20 seconds left.
|inactive|Malgooee has 15 seconds left.
|inactive|Malgooee has 10 seconds left.
|
|t:|1757684430
|move|p1b: Politoed|Protect|p1b: Politoed
|-singleturn|p1b: Politoed|Protect
|move|p1a: Gothitelle|Protect|p1a: Gothitelle
|-singleturn|p1a: Gothitelle|Protect
|move|p2b: Metagross|Explosion|p1a: Gothitelle|[spread] 
|-activate|p1a: Gothitelle|move: Protect
|-activate|p1b: Politoed|move: Protect
|-activate|p2a: Oranguru|ability: Telepathy
|faint|p2b: Metagross
|move|p2a: Oranguru|Trick Room|p2a: Oranguru
|-fieldstart|move: Trick Room|[of] p2a: Oranguru
|
|-weather|RainDance|[upkeep]
|upkeep
|
|t:|1757684447
|switch|p2b: Ursaluna|Ursaluna, L50, F|100/100
|turn|2
|
|t:|1757684471
|switch|p1a: Amoonguss|Amoonguss, L50, F|100/100
|move|p2b: Ursaluna|Earthquake|p1a: Amoonguss|[spread] p1a,p1b
|-activate|p2a: Oranguru|ability: Telepathy
|-damage|p1a: Amoonguss|58/100
|-damage|p1b: Politoed|58/100
|move|p2a: Oranguru|Instruct|p2b: Ursaluna
|-singleturn|p2b: Ursaluna|move: Instruct|[of] p2a: Oranguru
|move|p2b: Ursaluna|Earthquake|p1b: Politoed|[spread] p1a,p1b
|-activate|p2a: Oranguru|ability: Telepathy
|-damage|p1a: Amoonguss|19/100
|-damage|p1b: Politoed|18/100
|-enditem|p1b: Politoed|Sitrus Berry|[eat]
|-heal|p1b: Politoed|43/100|[from] item: Sitrus Berry
|move|p1b: Politoed|Perish Song|p1b: Politoed
|-start|p1a: Amoonguss|perish3|[silent]
|-start|p1b: Politoed|perish3|[silent]
|-start|p2a: Oranguru|perish3|[silent]
|-start|p2b: Ursaluna|perish3|[silent]
|-fieldactivate|move: Perish Song
|
|-weather|RainDance|[upkeep]
|-start|p1a: Amoonguss|perish3
|-start|p2b: Ursaluna|perish3
|-start|p2a: Oranguru|perish3
|-start|p1b: Politoed|perish3
|-status|p2b: Ursaluna|brn|[from] item: Flame Orb
|upkeep
|turn|3
|inactive|Malgooee has 30 seconds left.
|inactive|Chuchotrainn has 30 seconds left.
|inactive|Malgooee has 20 seconds left.
|
|t:|1757684510
|switch|p1a: Gothitelle|Gothitelle, L50, F|100/100
|move|p2b: Ursaluna|Protect|p2b: Ursaluna
|-singleturn|p2b: Ursaluna|Protect
|move|p1b: Politoed|Protect|p1b: Politoed
|-singleturn|p1b: Politoed|Protect
|move|p2a: Oranguru|Taunt|p1a: Gothitelle
|-start|p1a: Gothitelle|move: Taunt
|
|-weather|RainDance|[upkeep]
|-damage|p2b: Ursaluna|95/100 brn|[from] brn
|-start|p2b: Ursaluna|perish2
|-start|p2a: Oranguru|perish2
|-start|p1b: Politoed|perish2
|upkeep
|turn|4
|
|t:|1757684531
|move|p1a: Gothitelle|Fake Out|p2b: Ursaluna
|-damage|p2b: Ursaluna|90/100 brn
|cant|p2b: Ursaluna|flinch
|move|p2a: Oranguru|Instruct|p2b: Ursaluna
|-singleturn|p2b: Ursaluna|move: Instruct|[of] p2a: Oranguru
|cant|p2b: Ursaluna|flinch
|move|p1b: Politoed|Encore|p2b: Ursaluna
|-start|p2b: Ursaluna|Encore
|
|-weather|RainDance|[upkeep]
|-damage|p2b: Ursaluna|84/100 brn|[from] brn
|-start|p2b: Ursaluna|perish1
|-start|p2a: Oranguru|perish1
|-start|p1b: Politoed|perish1
|upkeep
|turn|5
|inactive|Malgooee has 30 seconds left.
|inactive|Chuchotrainn has 30 seconds left.
|
|t:|1757684562
|switch|p1a: Amoonguss|Amoonguss, L50, F|52/100
|switch|p1b: Archaludon|Archaludon, L50, F|100/100
|move|p2b: Ursaluna|Protect|p2b: Ursaluna
|-singleturn|p2b: Ursaluna|Protect
|move|p2a: Oranguru|Instruct|p2b: Ursaluna
|-activate|p2b: Ursaluna|move: Protect
|
|-weather|none
|-damage|p2b: Ursaluna|79/100 brn|[from] brn
|-start|p2b: Ursaluna|perish0
|-start|p2a: Oranguru|perish0
|-fieldend|move: Trick Room
|faint|p2b: Ursaluna
|faint|p2a: Oranguru
|upkeep
|
|t:|1757684580
|switch|p2a: Reuniclus|Reuniclus, L50, M|100/100
|turn|6
|
|t:|1757684594
|switch|p1b: Politoed|Politoed, L50, F|43/100
|-weather|RainDance|[from] ability: Drizzle|[of] p1b: Politoed
|move|p2a: Reuniclus|Expanding Force|p1a: Amoonguss
|-supereffective|p1a: Amoonguss
|-damage|p1a: Amoonguss|0 fnt
|faint|p1a: Amoonguss
|
|-weather|RainDance|[upkeep]
|upkeep
|
|t:|1757684604
|switch|p1a: Archaludon|Archaludon, L50, F|100/100
|turn|7
|
|t:|1757684624
|-terastallize|p1a: Archaludon|Electric
|move|p1a: Archaludon|Electro Shot||[still]
|-prepare|p1a: Archaludon|Electro Shot
|-boost|p1a: Archaludon|spa|1
|-anim|p1a: Archaludon|Electro Shot|p2a: Reuniclus
|-damage|p2a: Reuniclus|25/100
|move|p1b: Politoed|Weather Ball|p2a: Reuniclus
|-crit|p2a: Reuniclus
|-damage|p2a: Reuniclus|0 fnt
|faint|p2a: Reuniclus
|
|win|Malgooee
||Chuchotrainn is ready for game 2.
|inactive|Malgooee has 30 seconds to confirm battle start!
||Malgooee is ready for game 2.
|uhtml|next|Next: Game 2 of 3
