|j|☆ikeharuta1712
|j|☆ToastedArt
|html|ikeharuta1712ToastedArt    
|uhtml|bestof|Game 1 of a best-of-3
|t:|1785328105
|gametype|doubles
|player|p1|ikeharuta1712|2|1090
|player|p2|ToastedArt|artist|1109
|gen|9
|tier|[Gen 9 Champions] VGC 2026 Reg M-B (Bo3)
|rated|
|rule|Species Clause: Limit one of each Pokémon
|rule|Item Clause: Limit 1 of each item
|clearpoke
|poke|p1|Tyranitar, L50, F|
|poke|p1|Excadrill, L50, M|
|poke|p1|Whimsicott, L50, F|
|poke|p1|Incineroar, L50, M|
|poke|p1|Milotic, L50, F|
|poke|p1|Farigiraf, L50, F|
|poke|p2|Floette-Eternal, L50, F|
|poke|p2|Sneasler, L50, F|
|poke|p2|Incineroar, L50, M|
|poke|p2|Sinistcha, L50|
|poke|p2|Rotom-Wash, L50|
|poke|p2|Falinks, L50, shiny|
|teampreview|4
|showteam|p1|Tyranitar||Tyranitarite|SandStream|RockSlide,Protect,KnockOff,DragonDance|Adamant||F|||50|]Excadrill||FocusSash|SandRush|IronHead,Protect,Earthquake,SwordsDance|Adamant||M|||50|]Whimsicott||OccaBerry|Prankster|Tailwind,Moonblast,Encore,Protect|Timid||F|||50|]Incineroar||BabiriBerry|Intimidate|FakeOut,PartingShot,FlareBlitz,Protect|Adamant||M|||50|]Milotic||Leftovers|Competitive|Protect,MuddyWater,Coil,IcyWind|Calm||F|||50|]Farigiraf||SitrusBerry|ArmorTail|TrickRoom,HelpingHand,Psychic,Protect|Bold||F|||50|
|showteam|p2|Floette-Eternal||Floettite|FlowerVeil|Moonblast,CalmMind,DazzlingGleam,Protect|Modest||F|||50|]Sneasler||FocusSash|PoisonTouch|CloseCombat,DireClaw,FakeOut,Coaching|Jolly||F|||50|]Incineroar||SitrusBerry|Intimidate|PartingShot,ThroatChop,FakeOut,FlareBlitz|Careful||M|||50|]Sinistcha||OccaBerry|Hospitality|MatchaGotcha,TrickRoom,RagePowder,Protect|Relaxed|||||50|]Rotom-Wash||ChoiceScarf|Levitate|Electroweb,VoltSwitch,HydroPump,WillOWisp|Timid|||||50|]Falinks||Falinksite|Defiant|NoRetreat,CloseCombat,RockSlide,Protect|Adamant|||||50|
|inactive|Battle timer is ON: inactive players will automatically lose when time's up. (requested by ToastedArt)
|inactive|ikeharuta1712 has 60 seconds left.
|inactive|ToastedArt has 60 seconds left.
|inactive|ikeharuta1712 has 30 seconds left.
|
|t:|1785328170
|teamsize|p1|4
|teamsize|p2|4
|start
|switch|p1a: Milotic|Milotic, L50, F|100/100
|switch|p1b: Excadrill|Excadrill, L50, M|100/100
|switch|p2a: Falinks|Falinks, L50, shiny|100/100
|switch|p2b: Sneasler|Sneasler, L50, F|100/100
|turn|1
|inactive|ToastedArt has 30 seconds left.
|
|t:|1785328198
|switch|p1b: Farigiraf|Farigiraf, L50, F|100/100
|detailschange|p2a: Falinks|Falinks-Mega, L50, shiny
|-mega|p2a: Falinks|Falinks|Falinksite
|move|p2b: Sneasler|Fake Out||[still]
|cant|p1b: Farigiraf|ability: Armor Tail|Fake Out|[of] p2b: Sneasler
|move|p2a: Falinks|No Retreat|p2a: Falinks
|-boost|p2a: Falinks|atk|1
|-boost|p2a: Falinks|def|1
|-boost|p2a: Falinks|spa|1
|-boost|p2a: Falinks|spd|1
|-boost|p2a: Falinks|spe|1
|-start|p2a: Falinks|move: No Retreat
|move|p1a: Milotic|Coil|p1a: Milotic
|-boost|p1a: Milotic|atk|1
|-boost|p1a: Milotic|def|1
|-boost|p1a: Milotic|accuracy|1
|
|upkeep
|turn|2
|inactive|ikeharuta1712 has 30 seconds left.
|inactive|ToastedArt has 30 seconds left.
|
|t:|1785328226
|move|p2a: Falinks|Close Combat|p1b: Farigiraf
|-damage|p1b: Farigiraf|30/100
|-unboost|p2a: Falinks|def|1
|-unboost|p2a: Falinks|spd|1
|-enditem|p1b: Farigiraf|Sitrus Berry|[eat]
|-heal|p1b: Farigiraf|55/100|[from] item: Sitrus Berry
|move|p2b: Sneasler|Coaching|p2a: Falinks
|-boost|p2a: Falinks|atk|1
|-boost|p2a: Falinks|def|1
|move|p1a: Milotic|Icy Wind|p2b: Sneasler|[spread] p2a,p2b
|-damage|p2a: Falinks|86/100
|-damage|p2b: Sneasler|87/100
|-unboost|p2a: Falinks|spe|1
|-ability|p2a: Falinks|Defiant|boost
|-boost|p2a: Falinks|atk|2
|-unboost|p2b: Sneasler|spe|1
|move|p1b: Farigiraf|Trick Room|p1b: Farigiraf
|-fieldstart|move: Trick Room|[of] p1b: Farigiraf
|
|upkeep
|turn|3
|
|t:|1785328250
|move|p1b: Farigiraf|Protect|p1b: Farigiraf
|-singleturn|p1b: Farigiraf|Protect
|move|p1a: Milotic|Muddy Water|p2b: Sneasler|[spread] p2a,p2b
|-damage|p2a: Falinks|54/100
|-damage|p2b: Sneasler|56/100
|move|p2b: Sneasler|Coaching|p2a: Falinks
|-boost|p2a: Falinks|atk|1
|-boost|p2a: Falinks|def|1
|move|p2a: Falinks|Rock Slide|p1b: Farigiraf|[spread] p1a
|-activate|p1b: Farigiraf|move: Protect
|-damage|p1a: Milotic|61/100
|
|-heal|p1a: Milotic|67/100|[from] item: Leftovers
|upkeep
|turn|4
|inactive|ToastedArt has 30 seconds left.
|
|t:|1785328282
|switch|p2b: Sinistcha|Sinistcha, L50|100/100
|-heal|p2a: Falinks|79/100|[from] ability: Hospitality|[of] p2b: Sinistcha
|move|p1b: Farigiraf|Psychic|p2a: Falinks
|-supereffective|p2a: Falinks|1
|-damage|p2a: Falinks|0 fnt
|faint|p2a: Falinks
|move|p1a: Milotic|Muddy Water|p2b: Sinistcha
|-resisted|p2b: Sinistcha|1
|-damage|p2b: Sinistcha|85/100
|-unboost|p2b: Sinistcha|accuracy|1
|
|-heal|p1a: Milotic|73/100|[from] item: Leftovers
|upkeep
|
|t:|1785328295
|switch|p2a: Rotom|Rotom-Wash, L50|100/100
|turn|5
|inactive|ikeharuta1712 has 30 seconds left.
|inactive|ikeharuta1712 has 20 seconds left.
|inactive|ikeharuta1712 has 15 seconds left.
|
|t:|1785328337
|move|p1a: Milotic|Protect|p1a: Milotic
|-singleturn|p1a: Milotic|Protect
|move|p1b: Farigiraf|Psychic|p2a: Rotom
|-damage|p2a: Rotom|60/100
|move|p2b: Sinistcha|Matcha Gotcha|p1b: Farigiraf|[spread] p1b
|-activate|p1a: Milotic|move: Protect
|-damage|p1b: Farigiraf|30/100
|-heal|p2b: Sinistcha|100/100|[from] drain|[of] p1b: Farigiraf
|move|p2a: Rotom|Volt Switch|p1a: Milotic
|-activate|p1a: Milotic|move: Protect
|
|-heal|p1a: Milotic|79/100|[from] item: Leftovers
|upkeep
|turn|6
|inactive|ikeharuta1712 has 30 seconds left.
|
|t:|1785328365
|switch|p1a: Tyranitar|Tyranitar, L50, F|100/100
|-weather|Sandstorm|[from] ability: Sand Stream|[of] p1a: Tyranitar
|move|p1b: Farigiraf|Protect|p1b: Farigiraf
|-singleturn|p1b: Farigiraf|Protect
|move|p2b: Sinistcha|Rage Powder|p2b: Sinistcha
|-singleturn|p2b: Sinistcha|move: Rage Powder
|move|p2a: Rotom|Volt Switch|p1a: Tyranitar
|-damage|p1a: Tyranitar|85/100
|
|t:|1785328374
|switch|p2a: Sneasler|Sneasler, L50, F|56/100|[from] Volt Switch
|
|-weather|Sandstorm|[upkeep]
|-damage|p1b: Farigiraf|24/100|[from] Sandstorm
|-damage|p2b: Sinistcha|93/100|[from] Sandstorm
|-damage|p2a: Sneasler|50/100g|[from] Sandstorm
|-fieldend|move: Trick Room
|upkeep
|turn|7
|inactive|ikeharuta1712 has 30 seconds left.
|
|t:|1785328403
|switch|p1b: Excadrill|Excadrill, L50, M|100/100
|detailschange|p1a: Tyranitar|Tyranitar-Mega, L50, F
|-mega|p1a: Tyranitar|Tyranitar|Tyranitarite
|move|p2a: Sneasler|Close Combat|p1b: Excadrill
|-supereffective|p1b: Excadrill|1
|-enditem|p1b: Excadrill|Focus Sash
|-damage|p1b: Excadrill|1/100
|-unboost|p2a: Sneasler|def|1
|-unboost|p2a: Sneasler|spd|1
|move|p1a: Tyranitar|Dragon Dance|p1a: Tyranitar
|-boost|p1a: Tyranitar|atk|1
|-boost|p1a: Tyranitar|spe|1
|move|p2b: Sinistcha|Matcha Gotcha|p1b: Excadrill|[spread] p1a,p1b
|-supereffective|p1a: Tyranitar|1
|-damage|p1a: Tyranitar|61/100
|-heal|p2b: Sinistcha|100/100|[from] drain|[of] p1a: Tyranitar
|-damage|p1b: Excadrill|0 fnt
|faint|p1b: Excadrill
|
|-weather|Sandstorm|[upkeep]
|-damage|p2a: Sneasler|44/100|[from] Sandstorm
|-damage|p2b: Sinistcha|93/100|[from] Sandstorm
|upkeep
|
|t:|1785328424
|switch|p1b: Milotic|Milotic, L50, F|79/100
|turn|8
|
|t:|1785328441
|move|p2a: Sneasler|Close Combat|p1a: Tyranitar
|-supereffective|p1a: Tyranitar|2
|-damage|p1a: Tyranitar|0 fnt
|-unboost|p2a: Sneasler|def|1
|-unboost|p2a: Sneasler|spd|1
|faint|p1a: Tyranitar
|move|p1b: Milotic|Coil|p1b: Milotic
|-boost|p1b: Milotic|atk|1
|-boost|p1b: Milotic|def|1
|-boost|p1b: Milotic|accuracy|1
|move|p2b: Sinistcha|Matcha Gotcha|p1b: Milotic
|-supereffective|p1b: Milotic|1
|-damage|p1b: Milotic|34/100
|-heal|p2b: Sinistcha|100/100|[from] drain|[of] p1b: Milotic
|
|-weather|Sandstorm|[upkeep]
|-damage|p2a: Sneasler|38/100|[from] Sandstorm
|-damage|p1b: Milotic|28/100|[from] Sandstorm
|-damage|p2b: Sinistcha|93/100|[from] Sandstorm
|-heal|p1b: Milotic|34/100|[from] item: Leftovers
|upkeep
|
|t:|1785328458
|switch|p1a: Farigiraf|Farigiraf, L50, F|24/100
|turn|9
|
|t:|1785328465
|move|p1a: Farigiraf|Helping Hand|p1b: Milotic
|-singleturn|p1b: Milotic|Helping Hand|[of] p1a: Farigiraf
|move|p2a: Sneasler|Close Combat|p1a: Farigiraf
|-damage|p1a: Farigiraf|0 fnt
|-unboost|p2a: Sneasler|def|1
|-unboost|p2a: Sneasler|spd|1
|faint|p1a: Farigiraf
|move|p1b: Milotic|Muddy Water|p2a: Sneasler|[spread] p2a,p2b
|-resisted|p2b: Sinistcha|1
|-damage|p2a: Sneasler|0 fnt
|-damage|p2b: Sinistcha|76/100
|-unboost|p2b: Sinistcha|accuracy|1
|faint|p2a: Sneasler
|move|p2b: Sinistcha|Matcha Gotcha|p1b: Milotic|[miss]
|-miss|p2b: Sinistcha|p1b: Milotic
|
|-weather|Sandstorm|[upkeep]
|-damage|p1b: Milotic|28/100|[from] Sandstorm
|-damage|p2b: Sinistcha|70/100|[from] Sandstorm
|-heal|p1b: Milotic|34/100|[from] item: Leftovers
|upkeep
|
|t:|1785328475
|switch|p2a: Rotom|Rotom-Wash, L50|60/100
|turn|10
|
|t:|1785328487
|move|p2a: Rotom|Volt Switch|p1b: Milotic
|-supereffective|p1b: Milotic|1
|-damage|p1b: Milotic|1/100
|move|p1b: Milotic|Muddy Water|p2b: Sinistcha|[spread] p2a,p2b
|-resisted|p2a: Rotom|1
|-resisted|p2b: Sinistcha|1
|-damage|p2a: Rotom|48/100
|-damage|p2b: Sinistcha|60/100
|move|p2b: Sinistcha|Matcha Gotcha|p1b: Milotic
|-supereffective|p1b: Milotic|1
|-damage|p1b: Milotic|0 fnt
|-heal|p2b: Sinistcha|61/100|[from] drain|[of] p1b: Milotic
|faint|p1b: Milotic
|
|win|ToastedArt
