|j|☆GrovyleSSJ
|j|☆testy223345
|html|GrovyleSSJtesty223345    
|uhtml|bestof|Game 2 of a best-of-3
|t:|1782649543
|gametype|doubles
|player|p1|GrovyleSSJ|1|1378
|player|p2|testy223345|1|1316
|gen|9
|tier|[Gen 9 Champions] VGC 2026 Reg M-B (Bo3)
|rated|
|rule|Species Clause: Limit one of each Pokémon
|rule|Item Clause: Limit 1 of each item
|clearpoke
|poke|p1|Gengar, L50, F|
|poke|p1|Incineroar, L50, F|
|poke|p1|Ninetales-Alola, L50, F|
|poke|p1|Snorlax, L50, M|
|poke|p1|Dragonite, L50, F|
|poke|p1|Sneasler, L50, F|
|poke|p2|Sinistcha, L50|
|poke|p2|Incineroar, L50, M|
|poke|p2|Milotic, L50, M|
|poke|p2|Raichu, L50, M|
|poke|p2|Floette-Eternal, L50, F|
|poke|p2|Ceruledge, L50, F|
|teampreview|4
|showteam|p1|Gengar||Gengarite|CursedBody|Protect,PerishSong,SludgeBomb,ShadowBall|Timid||F|||50|]Incineroar||SitrusBerry|Intimidate|FakeOut,PartingShot,FlareBlitz,Protect|Sassy||F|||50|]Ninetales-Alola||NeverMeltIce|SnowWarning|Protect,Encore,Disable,Blizzard|Timid||F|||50|]Snorlax||Leftovers|ThickFat|Protect,Yawn,Encore,HighHorsepower|Relaxed||M|||50|]Dragonite||DragonFang|Multiscale|Protect,LowKick,ExtremeSpeed,DragonClaw|Adamant||F|||50|]Sneasler||WhiteHerb|Unburden|Protect,FakeOut,CloseCombat,DireClaw|Adamant||F|||50|
|showteam|p2|Sinistcha||KasibBerry|Hospitality|MatchaGotcha,LifeDew,RagePowder,Protect|Relaxed|||||50|]Incineroar||SitrusBerry|Intimidate|FlareBlitz,ThroatChop,FakeOut,PartingShot|Impish||M|||50|]Milotic||Leftovers|Competitive|MuddyWater,Coil,Hypnosis,Protect|Calm||M|||50|]Raichu||RaichuniteY|LightningRod|ZapCannon,FocusBlast,FakeOut,Protect|Timid||M|||50|]Floette-Eternal||Floettite|FlowerVeil|DazzlingGleam,DrainingKiss,CalmMind,Protect|Timid||F|||50|]Ceruledge||ColburBerry|FlashFire|BitterBlade,ShadowSneak,BulkUp,Protect|Adamant||F|||50|
|inactive|Battle timer is ON: inactive players will automatically lose when time's up. (requested by GrovyleSSJ)
|
|t:|1782649585
|teamsize|p1|4
|teamsize|p2|4
|start
|switch|p1a: Gengar|Gengar, L50, F|100/100
|switch|p1b: Incineroar|Incineroar, L50, F|100/100
|switch|p2a: Milotic|Milotic, L50, M|100/100
|switch|p2b: Raichu|Raichu, L50, M|100/100
|-ability|p1b: Incineroar|Intimidate|boost
|-unboost|p2a: Milotic|atk|1
|-ability|p2a: Milotic|Competitive|boost
|-boost|p2a: Milotic|spa|2
|-unboost|p2b: Raichu|atk|1
|turn|1
|
|t:|1782649605
|detailschange|p2b: Raichu|Raichu-Mega-Y, L50, M
|-mega|p2b: Raichu|Raichu|Raichunite Y
|detailschange|p1a: Gengar|Gengar-Mega, L50, F
|-mega|p1a: Gengar|Gengar|Gengarite
|move|p2b: Raichu|Fake Out|p1b: Incineroar
|-damage|p1b: Incineroar|95/100
|cant|p1b: Incineroar|flinch
|move|p1a: Gengar|Perish Song|p1a: Gengar
|-start|p1a: Gengar|perish3|[silent]
|-start|p1b: Incineroar|perish3|[silent]
|-start|p2a: Milotic|perish3|[silent]
|-start|p2b: Raichu|perish3|[silent]
|-fieldactivate|move: Perish Song
|move|p2a: Milotic|Hypnosis|p1a: Gengar|[miss]
|-miss|p2a: Milotic|p1a: Gengar
|
|-start|p2b: Raichu|perish3
|-start|p1a: Gengar|perish3
|-start|p2a: Milotic|perish3
|-start|p1b: Incineroar|perish3
|upkeep
|turn|2
|inactive|GrovyleSSJ has 30 seconds left.
|
|t:|1782649636
|move|p1a: Gengar|Protect|p1a: Gengar
|-singleturn|p1a: Gengar|Protect
|move|p2b: Raichu|Zap Cannon|p1a: Gengar
|-activate|p1a: Gengar|move: Protect
|move|p2a: Milotic|Coil|p2a: Milotic
|-boost|p2a: Milotic|atk|1
|-boost|p2a: Milotic|def|1
|-boost|p2a: Milotic|accuracy|1
|move|p1b: Incineroar|Parting Shot|p2b: Raichu
|-unboost|p2b: Raichu|atk|1
|-unboost|p2b: Raichu|spa|1
|
|t:|1782649652
|switch|p1b: Sneasler|Sneasler, L50, F|100/100|[from] Parting Shot
|
|-start|p2b: Raichu|perish2
|-start|p1a: Gengar|perish2
|-start|p2a: Milotic|perish2
|upkeep
|turn|3
|inactive|GrovyleSSJ has 30 seconds left.
|
|t:|1782649686
|move|p1b: Sneasler|Fake Out|p2a: Milotic
|-damage|p2a: Milotic|91/100
|move|p2b: Raichu|Zap Cannon|p1a: Gengar
|-damage|p1a: Gengar|55/100
|-status|p1a: Gengar|par
|cant|p2a: Milotic|flinch
|move|p1a: Gengar|Shadow Ball|p2b: Raichu
|-damage|p2b: Raichu|36/100
|
|-heal|p2a: Milotic|97/100|[from] item: Leftovers
|-start|p2b: Raichu|perish1
|-start|p2a: Milotic|perish1
|-start|p1a: Gengar|perish1
|upkeep
|turn|4
|
|t:|1782649705
|switch|p1a: Snorlax|Snorlax, L50, M|100/100
|move|p1b: Sneasler|Protect|p1b: Sneasler
|-singleturn|p1b: Sneasler|Protect
|move|p2b: Raichu|Zap Cannon|p1a: Snorlax
|-damage|p1a: Snorlax|73/100
|-status|p1a: Snorlax|par
|move|p2a: Milotic|Muddy Water|p1b: Sneasler|[spread] p1a
|-activate|p1b: Sneasler|move: Protect
|-damage|p1a: Snorlax|44/100 par
|-unboost|p1a: Snorlax|accuracy|1
|
|-heal|p2a: Milotic|100/100|[from] item: Leftovers
|-heal|p1a: Snorlax|50/100g par|[from] item: Leftovers
|-start|p2b: Raichu|perish0
|-start|p2a: Milotic|perish0
|faint|p2b: Raichu
|faint|p2a: Milotic
|upkeep
|
|t:|1782649721
|switch|p2b: Incineroar|Incineroar, L50, M|100/100
|switch|p2a: Ceruledge|Ceruledge, L50, F|100/100
|-ability|p2b: Incineroar|Intimidate|boost
|-unboost|p1a: Snorlax|atk|1
|-unboost|p1b: Sneasler|atk|1
|-enditem|p1b: Sneasler|White Herb
|-clearnegativeboost|p1b: Sneasler|[silent]
|turn|5
|
|t:|1782649734
|move|p2b: Incineroar|Fake Out|p1a: Snorlax
|-damage|p1a: Snorlax|43/100 par
|move|p1b: Sneasler|Close Combat|p2b: Incineroar
|-supereffective|p2b: Incineroar|1
|-damage|p2b: Incineroar|16/100
|-unboost|p1b: Sneasler|def|1
|-unboost|p1b: Sneasler|spd|1
|-enditem|p2b: Incineroar|Sitrus Berry|[eat]
|-heal|p2b: Incineroar|41/100|[from] item: Sitrus Berry
|move|p2a: Ceruledge|Bulk Up|p2a: Ceruledge
|-boost|p2a: Ceruledge|atk|1
|-boost|p2a: Ceruledge|def|1
|cant|p1a: Snorlax|flinch
|
|-heal|p1a: Snorlax|49/100 par|[from] item: Leftovers
|upkeep
|turn|6
|
|t:|1782649753
|move|p1b: Sneasler|Close Combat|p2b: Incineroar
|-supereffective|p2b: Incineroar|1
|-damage|p2b: Incineroar|0 fnt
|-unboost|p1b: Sneasler|def|1
|-unboost|p1b: Sneasler|spd|1
|faint|p2b: Incineroar
|move|p2a: Ceruledge|Bitter Blade|p1b: Sneasler
|-damage|p1b: Sneasler|0 fnt
|faint|p1b: Sneasler
|move|p1a: Snorlax|Yawn|p2a: Ceruledge
|-start|p2a: Ceruledge|move: Yawn|[of] p1a: Snorlax
|
|-heal|p1a: Snorlax|55/100 par|[from] item: Leftovers
|upkeep
|
|t:|1782649762
|switch|p1b: Gengar|Gengar-Mega, L50, F|55/100 par
|turn|7
|
|t:|1782649767
|switch|p1a: Incineroar|Incineroar, L50, F|95/100
|-ability|p1a: Incineroar|Intimidate|boost
|-unboost|p2a: Ceruledge|atk|1
|move|p1b: Gengar|Protect|p1b: Gengar
|-singleturn|p1b: Gengar|Protect
|move|p2a: Ceruledge|Bulk Up|p2a: Ceruledge
|-boost|p2a: Ceruledge|atk|1
|-boost|p2a: Ceruledge|def|1
|
|-end|p2a: Ceruledge|move: Yawn|[silent]
|-status|p2a: Ceruledge|slp
|upkeep
|turn|8
|
|t:|1782649777
|cant|p2a: Ceruledge|slp
|move|p1b: Gengar|Perish Song|p1b: Gengar
|-start|p1a: Incineroar|perish3|[silent]
|-start|p1b: Gengar|perish3|[silent]
|-start|p2a: Ceruledge|perish3|[silent]
|-fieldactivate|move: Perish Song
|move|p1a: Incineroar|Parting Shot|p2a: Ceruledge
|-unboost|p2a: Ceruledge|atk|1
|-unboost|p2a: Ceruledge|spa|1
|
|t:|1782649781
|switch|p1a: Snorlax|Snorlax, L50, M|55/100 par|[from] Parting Shot
|
|-heal|p1a: Snorlax|61/100 par|[from] item: Leftovers
|-start|p2a: Ceruledge|perish3
|-start|p1b: Gengar|perish3
|upkeep
|turn|9
|-message|testy223345 forfeited.
|
|win|GrovyleSSJ
|l|☆testy223345
|player|p2|
||testy223345 is ready for game 3.
||GrovyleSSJ is ready for game 3.
|uhtml|next|Next: Game 3 of 3
