|j|☆BlackStag52
|j|☆stoicone
|html|BlackStag52stoicone    
|uhtml|bestof|Game 1 of a best-of-3
|t:|1782350551
|gametype|doubles
|player|p1|BlackStag52|lorelei-gen3|1134
|player|p2|stoicone|265|1045
|gen|9
|tier|[Gen 9 Champions] VGC 2026 Reg M-B (Bo3)
|rated|
|rule|Species Clause: Limit one of each Pokémon
|rule|Item Clause: Limit 1 of each item
|clearpoke
|poke|p1|Garchomp, L50, M|
|poke|p1|Eelektross, L50, F|
|poke|p1|Primarina, L50, M|
|poke|p1|Vivillon-High Plains, L50, M|
|poke|p1|Sneasler, L50, F|
|poke|p1|Clefable, L50, F|
|poke|p2|Farigiraf, L50, F|
|poke|p2|Pyroar, L50, F|
|poke|p2|Ninetales, L50, F|
|poke|p2|Floette-Eternal, L50, F|
|poke|p2|Whimsicott, L50, F|
|poke|p2|Basculegion, L50, M|
|teampreview|4
|showteam|p1|Garchomp||LifeOrb|RoughSkin|DragonClaw,Earthquake,Protect,RockSlide|Impish||M|||50|]Eelektross||Eelektrossite|Levitate|GrassKnot,Thunderbolt,Protect,Flamethrower|Modest||F|||50|]Primarina||FairyFeather|LiquidVoice|DazzlingGleam,EnergyBall,HyperVoice,Protect|Modest||M|||50|]Vivillon-High Plains||FocusSash|FriendGuard|Tailwind,AirSlash,PollenPuff,Protect|Timid||M|||50|]Sneasler||WhiteHerb|Unburden|FakeOut,CloseCombat,DireClaw,Protect|Adamant||F|||50|]Clefable||Leftovers|Unaware|HelpingHand,DrainingKiss,Protect,LifeDew|Modest||F|||50|
|showteam|p2|Farigiraf||SitrusBerry|ArmorTail|TrickRoom,TwinBeam,Thunderbolt,HelpingHand|Quiet||F|||50|]Pyroar||Pyroarite|Rivalry|HeatWave,Overheat,SolarBeam,Protect|Modest||F|||50|]Ninetales||ChoiceScarf|Drought|Overheat,HeatWave,FakeTears,SolarBeam|Modest||F|||50|]Floette-Eternal||Floettite|FlowerVeil|LightofRuin,DazzlingGleam,Moonblast,Protect|Modest||F|||50|]Whimsicott||FocusSash|Prankster|SunnyDay,Moonblast,Tailwind,Protect|Modest||F|||50|]Basculegion||LifeOrb|Adaptability|WaveCrash,LastRespects,AquaJet,Protect|Jolly||M|||50|
|inactive|Battle timer is ON: inactive players will automatically lose when time's up. (requested by stoicone)
|inactive|BlackStag52 has 60 seconds left.
|inactive|stoicone has 60 seconds left.
|
|t:|1782350604
|teamsize|p1|4
|teamsize|p2|4
|start
|switch|p1a: Sneasler|Sneasler, L50, F|100/100
|switch|p1b: Vivillon|Vivillon-High Plains, L50, M|100/100
|switch|p2a: Whimsicott|Whimsicott, L50, F|100/100
|switch|p2b: Basculegion|Basculegion, L50, M|100/100
|turn|1
|
|t:|1782350616
|move|p2b: Basculegion|Protect|p2b: Basculegion
|-singleturn|p2b: Basculegion|Protect
|move|p1a: Sneasler|Fake Out|p2a: Whimsicott
|-damage|p2a: Whimsicott|81/100
|cant|p2a: Whimsicott|flinch
|move|p1b: Vivillon|Tailwind|p1b: Vivillon
|-sidestart|p1: BlackStag52|move: Tailwind
|
|upkeep
|turn|2
|
|t:|1782350632
|switch|p1b: Eelektross|Eelektross, L50, F|100/100
|move|p2a: Whimsicott|Tailwind|p2a: Whimsicott
|-sidestart|p2: stoicone|move: Tailwind
|move|p1a: Sneasler|Dire Claw|p2a: Whimsicott
|-supereffective|p2a: Whimsicott|2
|-damage|p2a: Whimsicott|0 fnt
|faint|p2a: Whimsicott
|move|p2b: Basculegion|Wave Crash|p1b: Eelektross
|-damage|p1b: Eelektross|10/100
|-damage|p2b: Basculegion|74/100|[from] Recoil
|-damage|p2b: Basculegion|65/100|[from] item: Life Orb
|
|upkeep
|
|t:|1782350651
|switch|p2a: Ninetales|Ninetales, L50, F|100/100
|-weather|SunnyDay|[from] ability: Drought|[of] p2a: Ninetales
|turn|3
|
|t:|1782350675
|move|p1b: Eelektross|Protect|p1b: Eelektross
|-singleturn|p1b: Eelektross|Protect
|move|p2a: Ninetales|Overheat|p1a: Sneasler
|-damage|p1a: Sneasler|0 fnt
|-unboost|p2a: Ninetales|spa|2
|faint|p1a: Sneasler
|move|p2b: Basculegion|Last Respects|p1b: Eelektross
|-activate|p1b: Eelektross|move: Protect
|
|-weather|SunnyDay|[upkeep]
|upkeep
|
|t:|1782350684
|switch|p1a: Primarina|Primarina, L50, M|100/100
|turn|4
|
|t:|1782350698
|detailschange|p1b: Eelektross|Eelektross-Mega, L50, F
|-mega|p1b: Eelektross|Eelektross|Eelektrossite
|move|p2a: Ninetales|Overheat|p1b: Eelektross
|-damage|p1b: Eelektross|0 fnt
|-unboost|p2a: Ninetales|spa|2
|faint|p1b: Eelektross
|move|p2b: Basculegion|Last Respects|p1a: Primarina
|-damage|p1a: Primarina|16/100
|-damage|p2b: Basculegion|55/100|[from] item: Life Orb
|move|p1a: Primarina|Hyper Voice|p2a: Ninetales|[spread] p2a,p2b
|-supereffective|p2a: Ninetales|1
|-resisted|p2b: Basculegion|1
|-damage|p2a: Ninetales|59/100
|-damage|p2b: Basculegion|48/100
|
|-weather|SunnyDay|[upkeep]
|-sideend|p1: BlackStag52|move: Tailwind
|upkeep
|
|t:|1782350710
|switch|p1b: Vivillon|Vivillon-High Plains, L50, M|100/100
|turn|5
|
|t:|1782350724
|move|p1a: Primarina|Protect|p1a: Primarina
|-singleturn|p1a: Primarina|Protect
|move|p2b: Basculegion|Aqua Jet|p1a: Primarina
|-activate|p1a: Primarina|move: Protect
|move|p2a: Ninetales|Overheat|p1b: Vivillon
|-supereffective|p1b: Vivillon|1
|-enditem|p1b: Vivillon|Focus Sash
|-damage|p1b: Vivillon|1/100
|-unboost|p2a: Ninetales|spa|2
|move|p1b: Vivillon|Tailwind|p1b: Vivillon
|-sidestart|p1: BlackStag52|move: Tailwind
|
|-weather|SunnyDay|[upkeep]
|-sideend|p2: stoicone|move: Tailwind
|upkeep
|turn|6
|
|t:|1782350744
|move|p2b: Basculegion|Aqua Jet|p1b: Vivillon
|-damage|p1b: Vivillon|0 fnt
|faint|p1b: Vivillon
|-damage|p2b: Basculegion|39/100|[from] item: Life Orb
|move|p2a: Ninetales|Overheat|p1a: Primarina
|-resisted|p1a: Primarina|1
|-damage|p1a: Primarina|8/100
|move|p1a: Primarina|Hyper Voice|p2b: Basculegion|[spread] p2a,p2b
|-supereffective|p2a: Ninetales|1
|-resisted|p2b: Basculegion|1
|-damage|p2a: Ninetales|21/100
|-damage|p2b: Basculegion|32/100
|
|-weather|SunnyDay|[upkeep]
|upkeep
|turn|7
|
|t:|1782350761
|move|p2b: Basculegion|Aqua Jet|p1a: Primarina
|-resisted|p1a: Primarina|1
|-damage|p1a: Primarina|1/100
|-damage|p2b: Basculegion|22/100|[from] item: Life Orb
|move|p2a: Ninetales|Overheat|p1a: Primarina|[miss]
|-miss|p2a: Ninetales|p1a: Primarina
|move|p1a: Primarina|Energy Ball|p2b: Basculegion
|-supereffective|p2b: Basculegion|1
|-damage|p2b: Basculegion|0 fnt
|faint|p2b: Basculegion
|
|-weather|none
|upkeep
|
|t:|1782350775
|switch|p2b: Pyroar|Pyroar, L50, F|100/100
|turn|8
|
|t:|1782350790
|detailschange|p2b: Pyroar|Pyroar-Mega, L50, F
|-mega|p2b: Pyroar|Pyroar|Pyroarite
|move|p2a: Ninetales|Overheat|p1a: Primarina
|-resisted|p1a: Primarina|1
|-damage|p1a: Primarina|0 fnt
|faint|p1a: Primarina
|
|win|stoicone
