|j|☆wott vgc
|j|☆davirru6
|html|wott vgcdavirru6    
|uhtml|bestof|Game 2 of a best-of-3
|t:|1756909789
|gametype|doubles
|player|p1|wott vgc|marlon|1038
|player|p2|davirru6|1|1157
|gen|9
|tier|[Gen 9] VGC 2025 Reg H (Bo3)
|rated|
|rule|Species Clause: Limit one of each Pokémon
|rule|Item Clause: Limit 1 of each item
|clearpoke
|poke|p1|Tyranitar, L50, F|
|poke|p1|Excadrill, L50, M|
|poke|p1|Indeedee, L50, M|
|poke|p1|Talonflame, L50, F|
|poke|p1|Sneasler, L50, M|
|poke|p1|Electabuzz, L50, F|
|poke|p2|Pelipper, L50, F|
|poke|p2|Archaludon, L50, M|
|poke|p2|Basculegion, L50, M|
|poke|p2|Amoonguss, L50, F|
|poke|p2|Gholdengo, L50|
|poke|p2|Incineroar, L50, F|
|teampreview|4
|showteam|p1|Tyranitar||AssaultVest|SandStream|RockSlide,KnockOff,LowKick,IcePunch|||F|||50|,,,,,Dragon]Excadrill||FocusSash|SandRush|IronHead,HighHorsepower,SwordsDance,Protect|||M|||50|,,,,,Ground]Indeedee||ChoiceScarf|PsychicSurge|ExpandingForce,TeraBlast,Trick,Protect|||M|||50|,,,,,Psychic]Talonflame||CovertCloak|GaleWings|Tailwind,BraveBird,FlareBlitz,Taunt|||F|||50|,,,,,Grass]Sneasler||PsychicSeed|Unburden|FakeOut,CloseCombat,DireClaw,Coaching|||M|||50|,,,,,Ghost]Electabuzz||Eviolite|VitalSpirit|FollowMe,HelpingHand,Thunderbolt,Protect|||F|||50|,,,,,Dragon
|showteam|p2|Pelipper||FocusSash|Drizzle|Hurricane,WeatherBall,Tailwind,Protect|||F|||50|,,,,,Stellar]Archaludon||AssaultVest|Stamina|ElectroShot,DracoMeteor,Snarl,BodyPress|||M|||50|,,,,,Grass]Basculegion||ChoiceBand|SwiftSwim|WaveCrash,FlipTurn,AquaJet,LastRespects|||M|||50|,,,,,Water]Amoonguss||SitrusBerry|Regenerator|Spore,PollenPuff,RagePowder,Protect|||F|||50|,,,,,Water]Gholdengo||LifeOrb|GoodasGold|MakeItRain,ShadowBall,NastyPlot,Protect||||||50|,,,,,Water]Incineroar||RockyHelmet|Intimidate|KnockOff,FakeOut,Taunt,PartingShot|||F|||50|,,,,,Ghost
|inactive|Battle timer is ON: inactive players will automatically lose when time's up. (requested by davirru6)
|inactive|wott vgc has 60 seconds left.
|
|t:|1756909829
|teamsize|p1|4
|teamsize|p2|4
|start
|switch|p1a: Indeedee|Indeedee, L50, M|100/100
|switch|p1b: Electabuzz|Electabuzz, L50, F|100/100
|switch|p2a: Archaludon|Archaludon, L50, M|100/100
|switch|p2b: Incineroar|Incineroar, L50, F|100/100
|-fieldstart|move: Psychic Terrain|[from] ability: Psychic Surge|[of] p1a: Indeedee
|-ability|p2b: Incineroar|Intimidate|boost
|-unboost|p1a: Indeedee|atk|1
|-unboost|p1b: Electabuzz|atk|1
|turn|1
|inactive|wott vgc has 30 seconds left.
|
|t:|1756909859
|switch|p1a: Excadrill|Excadrill, L50, M|100/100
|move|p1b: Electabuzz|Follow Me|p1b: Electabuzz
|-singleturn|p1b: Electabuzz|move: Follow Me
|move|p2a: Archaludon|Snarl|p1b: Electabuzz|[spread] p1a,p1b
|-damage|p1a: Excadrill|82/100
|-damage|p1b: Electabuzz|91/100
|-unboost|p1a: Excadrill|spa|1
|-unboost|p1b: Electabuzz|spa|1
|move|p2b: Incineroar|Knock Off|p1b: Electabuzz
|-damage|p1b: Electabuzz|54/100
|-enditem|p1b: Electabuzz|Eviolite|[from] move: Knock Off|[of] p2b: Incineroar
|
|upkeep
|turn|2
|
|t:|1756909874
|switch|p2b: Pelipper|Pelipper, L50, F|100/100
|-weather|RainDance|[from] ability: Drizzle|[of] p2b: Pelipper
|-terastallize|p2a: Archaludon|Grass
|move|p1b: Electabuzz|Follow Me|p1b: Electabuzz
|-singleturn|p1b: Electabuzz|move: Follow Me
|move|p1a: Excadrill|Swords Dance|p1a: Excadrill
|-boost|p1a: Excadrill|atk|2
|move|p2a: Archaludon|Body Press|p1b: Electabuzz
|-damage|p1b: Electabuzz|22/100
|
|-weather|RainDance|[upkeep]
|upkeep
|turn|3
|inactive|wott vgc has 30 seconds left.
|inactive|wott vgc has 20 seconds left.
|inactive|wott vgc has 15 seconds left.
|inactive|wott vgc has 10 seconds left.
|inactive|wott vgc has 5 seconds left.
|
|t:|1756909926
|switch|p1b: Indeedee|Indeedee, L50, M|100/100
|switch|p2b: Incineroar|Incineroar, L50, F|100/100
|-ability|p2b: Incineroar|Intimidate|boost
|-unboost|p1a: Excadrill|atk|1
|-unboost|p1b: Indeedee|atk|1
|move|p1a: Excadrill|Protect|p1a: Excadrill
|-singleturn|p1a: Excadrill|Protect
|move|p2a: Archaludon|Body Press|p1a: Excadrill
|-activate|p1a: Excadrill|move: Protect
|
|-weather|RainDance|[upkeep]
|upkeep
|turn|4
|inactive|wott vgc has 30 seconds left.
|
|t:|1756909952
|switch|p2b: Pelipper|Pelipper, L50, F|100/100
|move|p1b: Indeedee|Trick|p2b: Pelipper
|-activate|p1b: Indeedee|move: Trick|[of] p2b: Pelipper
|-item|p2b: Pelipper|Choice Scarf|[from] move: Trick
|-item|p1b: Indeedee|Focus Sash|[from] move: Trick
|move|p1a: Excadrill|High Horsepower|p2b: Pelipper
|-immune|p2b: Pelipper
|move|p2a: Archaludon|Body Press|p1a: Excadrill
|-supereffective|p1a: Excadrill
|-damage|p1a: Excadrill|16/100
|
|-weather|RainDance|[upkeep]
|upkeep
|turn|5
|inactive|wott vgc has 30 seconds left.
|inactive|wott vgc has 20 seconds left.
|inactive|davirru6 has 30 seconds left.
|inactive|wott vgc has 15 seconds left.
|inactive|wott vgc has 10 seconds left.
|
|t:|1756910001
|switch|p2b: Incineroar|Incineroar, L50, F|100/100
|-ability|p2b: Incineroar|Intimidate|boost
|-unboost|p1a: Excadrill|atk|1
|-unboost|p1b: Indeedee|atk|1
|-terastallize|p1b: Indeedee|Psychic
|move|p1a: Excadrill|Protect|p1a: Excadrill
|-singleturn|p1a: Excadrill|Protect
|move|p1b: Indeedee|Expanding Force|p2b: Incineroar|[spread] p2a
|-immune|p2b: Incineroar
|-damage|p2a: Archaludon|46/100
|-ability|p2a: Archaludon|Stamina|boost
|-boost|p2a: Archaludon|def|1
|move|p2a: Archaludon|Body Press|p1b: Indeedee
|-resisted|p1b: Indeedee
|-damage|p1b: Indeedee|64/100
|
|-weather|RainDance|[upkeep]
|-fieldend|move: Psychic Terrain
|upkeep
|turn|6
|inactive|wott vgc has 30 seconds left.
|
|t:|1756910033
|move|p2b: Incineroar|Fake Out|p1a: Excadrill
|-resisted|p1a: Excadrill
|-damage|p1a: Excadrill|7/100
|cant|p1a: Excadrill|flinch
|move|p1b: Indeedee|Expanding Force|p2a: Archaludon
|-damage|p2a: Archaludon|4/100
|-ability|p2a: Archaludon|Stamina|boost
|-boost|p2a: Archaludon|def|1
|move|p2a: Archaludon|Snarl|p1a: Excadrill|[spread] p1a,p1b
|-supereffective|p1b: Indeedee
|-crit|p1b: Indeedee
|-damage|p1a: Excadrill|0 fnt
|-damage|p1b: Indeedee|5/100
|-unboost|p1b: Indeedee|spa|1
|faint|p1a: Excadrill
|
|-weather|none
|upkeep
|
|t:|1756910047
|switch|p1a: Tyranitar|Tyranitar, L50, F|100/100
|-weather|Sandstorm|[from] ability: Sand Stream|[of] p1a: Tyranitar
|turn|7
|
|t:|1756910066
|move|p1b: Indeedee|Protect|p1b: Indeedee
|-singleturn|p1b: Indeedee|Protect
|move|p2a: Archaludon|Body Press|p1a: Tyranitar
|-supereffective|p1a: Tyranitar
|-damage|p1a: Tyranitar|0 fnt
|faint|p1a: Tyranitar
|move|p2b: Incineroar|Knock Off|p1b: Indeedee
|-activate|p1b: Indeedee|move: Protect
|
|-weather|Sandstorm|[upkeep]
|-damage|p1b: Indeedee|0 fnt|[from] Sandstorm
|-damage|p2a: Archaludon|0 fnt|[from] Sandstorm
|-damage|p2b: Incineroar|95/100|[from] Sandstorm
|faint|p1b: Indeedee
|faint|p2a: Archaludon
|upkeep
|-message|wott vgc forfeited.
|
|win|davirru6
|l|☆wott vgc
|player|p1|
||davirru6 is ready for game 3.
||wott vgc is ready for game 3.
|uhtml|next|Next: Game 3 of 3
