|j|☆Chachidaripper
|j|☆iliasdelm
|html|Chachidaripperiliasdelm    
|uhtml|bestof|Game 1 of a best-of-3
|t:|1756319135
|gametype|doubles
|player|p1|Chachidaripper|170|1057
|player|p2|iliasdelm|gambler|1119
|gen|9
|tier|[Gen 9] VGC 2025 Reg H (Bo3)
|rated|
|rule|Species Clause: Limit one of each Pokémon
|rule|Item Clause: Limit 1 of each item
|clearpoke
|poke|p1|Sinistcha, L50|
|poke|p1|Tyranitar, L50, F|
|poke|p1|Hitmontop, L50, M|
|poke|p1|Ursaluna-Bloodmoon, L50, M|
|poke|p1|Grimmsnarl, L50, M|
|poke|p1|Rhyperior, L50, F|
|poke|p2|Primarina, L50, F|
|poke|p2|Incineroar, L50, F|
|poke|p2|Gholdengo, L50|
|poke|p2|Ursaluna, L50, M|
|poke|p2|Amoonguss, L50, F|
|poke|p2|Porygon2, L50|
|teampreview|4
|showteam|p1|Sinistcha||SitrusBerry|Hospitality|MatchaGotcha,TrickRoom,RagePowder,Protect||||||50|,,,,,Water]Tyranitar||AssaultVest|SandStream|RockSlide,KnockOff,TeraBlast,Bulldoze|||F|||50|,,,,,Flying]Hitmontop||CovertCloak|Intimidate|FakeOut,CloseCombat,Coaching,WideGuard|||M|||50|,,,,,Poison]Ursaluna-Bloodmoon||Leftovers|MindsEye|CalmMind,EarthPower,HyperVoice,Protect|||M|||50|,,,,,Poison]Grimmsnarl||LightClay|Prankster|Reflect,LightScreen,SpiritBreak,PartingShot|||M|||50|,,,,,Steel]Rhyperior||WeaknessPolicy|SolidRock|ThunderPunch,Earthquake,RockSlide,Protect|||F|||50|,,,,,Rock
|showteam|p2|Primarina||ThroatSpray|LiquidVoice|HyperVoice,Moonblast,Haze,Protect|||F|||50|,,,,,Poison]Incineroar||AssaultVest|Intimidate|FlareBlitz,KnockOff,FakeOut,Uturn|||F|||50|,,,,,Grass]Gholdengo||LifeOrb|GoodasGold|MakeItRain,ShadowBall,NastyPlot,Protect||||||50|,,,,,Water]Ursaluna||FlameOrb|Guts|Facade,HeadlongRush,Protect,Substitute|||M|||50|,,,,,Ghost]Amoonguss||SitrusBerry|Regenerator|PollenPuff,Spore,RagePowder,GigaDrain|||F|||50|,,,,,Electric]Porygon2||Eviolite|Download|IceBeam,TeraBlast,Recover,TrickRoom||||||50|,,,,,Fighting
|inactive|Battle timer is ON: inactive players will automatically lose when time's up. (requested by Chachidaripper)
|
|t:|1756319187
|teamsize|p1|4
|teamsize|p2|4
|start
|switch|p1a: Grimmsnarl|Grimmsnarl, L50, M, shiny|100/100
|switch|p1b: Tyranitar|Tyranitar, L50, F, shiny|100/100
|switch|p2a: Incineroar|Incineroar, L50, F|100/100
|switch|p2b: Gholdengo|Gholdengo, L50|100/100
|-ability|p2a: Incineroar|Intimidate|boost
|-unboost|p1a: Grimmsnarl|atk|1
|-unboost|p1b: Tyranitar|atk|1
|-weather|Sandstorm|[from] ability: Sand Stream|[of] p1b: Tyranitar
|turn|1
|inactive|Chachidaripper has 30 seconds left.
|
|t:|1756319222
|-terastallize|p2b: Gholdengo|Water
|move|p2a: Incineroar|Fake Out|p1a: Grimmsnarl
|-damage|p1a: Grimmsnarl|89/100
|cant|p1a: Grimmsnarl|flinch
|move|p2b: Gholdengo|Make It Rain|p1a: Grimmsnarl|[spread] p1a,p1b
|-supereffective|p1a: Grimmsnarl
|-supereffective|p1b: Tyranitar
|-damage|p1a: Grimmsnarl|0 fnt
|-damage|p1b: Tyranitar|59/100
|-unboost|p2b: Gholdengo|spa|1
|faint|p1a: Grimmsnarl
|-damage|p2b: Gholdengo|91/100|[from] item: Life Orb
|move|p1b: Tyranitar|Knock Off|p2b: Gholdengo
|-damage|p2b: Gholdengo|56/100
|-enditem|p2b: Gholdengo|Life Orb|[from] move: Knock Off|[of] p1b: Tyranitar
|
|-weather|Sandstorm|[upkeep]
|-damage|p2b: Gholdengo|49/100|[from] Sandstorm
|-damage|p2a: Incineroar|95/100|[from] Sandstorm
|upkeep
|
|t:|1756319231
|switch|p1a: Sinistcha|Sinistcha, L50, shiny|100/100
|-heal|p1b: Tyranitar|84/100|[from] ability: Hospitality|[of] p1a: Sinistcha
|turn|2
|
|t:|1756319254
|switch|p2b: Porygon2|Porygon2, L50|100/100
|-ability|p2b: Porygon2|Download|boost
|-boost|p2b: Porygon2|spa|1
|move|p2a: Incineroar|Knock Off|p1a: Sinistcha
|-supereffective|p1a: Sinistcha
|-damage|p1a: Sinistcha|25/100
|-enditem|p1a: Sinistcha|Sitrus Berry|[from] move: Knock Off|[of] p2a: Incineroar
|move|p1a: Sinistcha|Matcha Gotcha|p2b: Porygon2|[spread] p2a,p2b
|-resisted|p2a: Incineroar
|-damage|p2a: Incineroar|86/100
|-heal|p1a: Sinistcha|30/100|[from] drain|[of] p2a: Incineroar
|-damage|p2b: Porygon2|86/100
|-heal|p1a: Sinistcha|38/100|[from] drain|[of] p2b: Porygon2
|move|p1b: Tyranitar|Rock Slide|p2b: Porygon2|[spread] p2a,p2b
|-supereffective|p2a: Incineroar
|-damage|p2a: Incineroar|50/100
|-damage|p2b: Porygon2|75/100
|
|-weather|Sandstorm|[upkeep]
|-damage|p2a: Incineroar|44/100|[from] Sandstorm
|-damage|p1a: Sinistcha|32/100|[from] Sandstorm
|-damage|p2b: Porygon2|69/100|[from] Sandstorm
|upkeep
|turn|3
|inactive|Chachidaripper has 30 seconds left.
|inactive|Chachidaripper has 20 seconds left.
|inactive|Chachidaripper has 15 seconds left.
|inactive|Chachidaripper has 10 seconds left.
|
|t:|1756319302
|switch|p2a: Primarina|Primarina, L50, F|100/100
|-terastallize|p1a: Sinistcha|Water
|move|p1a: Sinistcha|Matcha Gotcha|p2a: Primarina|[spread] p2a,p2b
|-supereffective|p2a: Primarina
|-damage|p2a: Primarina|55/100
|-heal|p1a: Sinistcha|55/100|[from] drain|[of] p2a: Primarina
|-damage|p2b: Porygon2|54/100
|-heal|p1a: Sinistcha|63/100|[from] drain|[of] p2b: Porygon2
|move|p1b: Tyranitar|Knock Off|p2b: Porygon2
|-damage|p2b: Porygon2|31/100
|-enditem|p2b: Porygon2|Eviolite|[from] move: Knock Off|[of] p1b: Tyranitar
|move|p2b: Porygon2|Ice Beam|p1a: Sinistcha
|-resisted|p1a: Sinistcha
|-damage|p1a: Sinistcha|43/100
|
|-weather|Sandstorm|[upkeep]
|-damage|p2a: Primarina|49/100|[from] Sandstorm
|-damage|p1a: Sinistcha|37/100|[from] Sandstorm
|-damage|p2b: Porygon2|25/100|[from] Sandstorm
|upkeep
|turn|4
|
|t:|1756319320
|switch|p2b: Incineroar|Incineroar, L50, F|44/100
|-ability|p2b: Incineroar|Intimidate|boost
|-unboost|p1a: Sinistcha|atk|1
|-unboost|p1b: Tyranitar|atk|1
|move|p2a: Primarina|Protect|p2a: Primarina
|-singleturn|p2a: Primarina|Protect
|move|p1a: Sinistcha|Matcha Gotcha|p2a: Primarina|[spread] p2b
|-activate|p2a: Primarina|move: Protect
|-resisted|p2b: Incineroar
|-damage|p2b: Incineroar|36/100
|-heal|p1a: Sinistcha|42/100|[from] drain|[of] p2b: Incineroar
|move|p1b: Tyranitar|Rock Slide|p2b: Incineroar|[spread] p2b
|-activate|p2a: Primarina|move: Protect
|-supereffective|p2b: Incineroar
|-damage|p2b: Incineroar|9/100
|
|-weather|Sandstorm|[upkeep]
|-damage|p2b: Incineroar|3/100|[from] Sandstorm
|-damage|p2a: Primarina|43/100|[from] Sandstorm
|-damage|p1a: Sinistcha|36/100|[from] Sandstorm
|upkeep
|turn|5
|inactive|Chachidaripper has 30 seconds left.
|inactive|iliasdelm has 30 seconds left.
|
|t:|1756319352
|switch|p1b: Rhyperior|Rhyperior, L50, F|100/100
|move|p2b: Incineroar|Knock Off|p1b: Rhyperior
|-damage|p1b: Rhyperior|65/100
|-enditem|p1b: Rhyperior|Weakness Policy|[from] move: Knock Off|[of] p2b: Incineroar
|move|p2a: Primarina|Hyper Voice|p1a: Sinistcha|[spread] p1a,p1b
|-resisted|p1a: Sinistcha
|-supereffective|p1b: Rhyperior
|-damage|p1a: Sinistcha|17/100
|-damage|p1b: Rhyperior|0 fnt
|faint|p1b: Rhyperior
|-enditem|p2a: Primarina|Throat Spray
|-boost|p2a: Primarina|spa|1|[from] item: Throat Spray
|move|p1a: Sinistcha|Matcha Gotcha|p2a: Primarina|[spread] p2a,p2b
|-supereffective|p2a: Primarina
|-resisted|p2b: Incineroar
|-damage|p2a: Primarina|0 fnt
|-heal|p1a: Sinistcha|39/100|[from] drain|[of] p2a: Primarina
|-damage|p2b: Incineroar|0 fnt
|-heal|p1a: Sinistcha|41/100|[from] drain|[of] p2b: Incineroar
|faint|p2a: Primarina
|faint|p2b: Incineroar
|
|-weather|none
|upkeep
|
|t:|1756319362
|switch|p2b: Porygon2|Porygon2, L50|25/100
|switch|p2a: Gholdengo|Gholdengo, L50, tera:Water|49/100
|switch|p1b: Tyranitar|Tyranitar, L50, F, shiny|84/100
|-weather|Sandstorm|[from] ability: Sand Stream|[of] p1b: Tyranitar
|-ability|p2b: Porygon2|Download|boost
|-boost|p2b: Porygon2|spa|1
|turn|6
|inactive|iliasdelm has 30 seconds left.
|inactive|iliasdelm has 20 seconds left.
|
|t:|1756319400
|move|p2a: Gholdengo|Protect|p2a: Gholdengo
|-singleturn|p2a: Gholdengo|Protect
|move|p1a: Sinistcha|Matcha Gotcha|p2b: Porygon2|[spread] p2b
|-activate|p2a: Gholdengo|move: Protect
|-damage|p2b: Porygon2|3/100
|-heal|p1a: Sinistcha|54/100|[from] drain|[of] p2b: Porygon2
|move|p1b: Tyranitar|Rock Slide|p2a: Gholdengo|[spread] p2b
|-activate|p2a: Gholdengo|move: Protect
|-damage|p2b: Porygon2|0 fnt
|faint|p2b: Porygon2
|
|-weather|Sandstorm|[upkeep]
|-damage|p2a: Gholdengo|43/100|[from] Sandstorm
|-damage|p1a: Sinistcha|47/100|[from] Sandstorm
|upkeep
|turn|7
|
|t:|1756319426
|move|p2a: Gholdengo|Shadow Ball|p1a: Sinistcha
|-damage|p1a: Sinistcha|5/100
|-unboost|p1a: Sinistcha|spd|1
|move|p1a: Sinistcha|Matcha Gotcha|p2a: Gholdengo
|-supereffective|p2a: Gholdengo
|-damage|p2a: Gholdengo|0 fnt
|-heal|p1a: Sinistcha|28/100|[from] drain|[of] p2a: Gholdengo
|faint|p2a: Gholdengo
|
|win|Chachidaripper
