|j|☆TeyVgc
|j|‽BreadPudding248
|html|TeyVgcBreadPudding248    
|uhtml|bestof|Game 3 of a best-of-3
|t:|1784067823
|gametype|doubles
|player|p1|TeyVgc|rood|1273
|player|p2|BreadPudding248|2|1334
|gen|9
|tier|[Gen 9 Champions] VGC 2026 Reg M-B (Bo3)
|rated|
|rule|Species Clause: Limit one of each Pokémon
|rule|Item Clause: Limit 1 of each item
|clearpoke
|poke|p1|Raichu, L50, M|
|poke|p1|Sinistcha, L50|
|poke|p1|Ceruledge, L50, M|
|poke|p1|Milotic, L50, F|
|poke|p1|Incineroar, L50, F|
|poke|p1|Floette-Eternal, L50, F|
|poke|p2|Floette-Eternal, L50, F|
|poke|p2|Charizard, L50, F|
|poke|p2|Whimsicott, L50, F|
|poke|p2|Garchomp, L50, M|
|poke|p2|Basculegion, L50, M|
|poke|p2|Incineroar, L50, M|
|teampreview|4
|showteam|p1|Raichu||RaichuniteY|LightningRod|ZapCannon,FocusBlast,FakeOut,Protect|Timid||M|||50|]Sinistcha||KasibBerry|Hospitality|MatchaGotcha,Protect,RagePowder,TrickRoom|Relaxed|||||50|]Ceruledge||ColburBerry|FlashFire|BitterBlade,ShadowSneak,BulkUp,Protect|Adamant||M|||50|]Milotic||Leftovers|Competitive|MuddyWater,Coil,Hypnosis,Recover|Calm||F|||50|]Incineroar||SitrusBerry|Intimidate|FlareBlitz,ThroatChop,FakeOut,PartingShot|Impish||F|||50|]Floette-Eternal||Floettite|FlowerVeil|CalmMind,Protect,Moonblast,DazzlingGleam|Modest||F|||50|
|showteam|p2|Floette-Eternal||Floettite|FlowerVeil|Moonblast,DazzlingGleam,LightofRuin,Protect|Modest||F|||50|]Charizard||CharizarditeY|Blaze|HeatWave,WeatherBall,SolarBeam,Protect|Modest||F|||50|]Whimsicott||FocusSash|Prankster|Moonblast,Tailwind,Encore,Protect|Timid||F|||50|]Garchomp||LifeOrb|RoughSkin|DragonClaw,Earthquake,RockSlide,Protect|Jolly||M|||50|]Basculegion||MysticWater|Adaptability|WaveCrash,LastRespects,AquaJet,Protect|Adamant||M|||50|]Incineroar||SitrusBerry|Intimidate|FakeOut,ThroatChop,FlareBlitz,PartingShot|Careful||M|||50|
|inactive|Battle timer is ON: inactive players will automatically lose when time's up. (requested by BreadPudding248)
|inactive|TeyVgc has 60 seconds left.
|inactive|BreadPudding248 has 60 seconds left.
|
|t:|1784067883
|teamsize|p1|4
|teamsize|p2|4
|start
|switch|p1a: Incineroar|Incineroar, L50, F|100/100
|switch|p1b: Milotic|Milotic, L50, F|100/100
|switch|p2a: Incineroar|Incineroar, L50, M|100/100
|switch|p2b: Floette|Floette-Eternal, L50, F|100/100
|-ability|p1a: Incineroar|Intimidate|boost
|-unboost|p2a: Incineroar|atk|1
|-unboost|p2b: Floette|atk|1
|-ability|p2a: Incineroar|Intimidate|boost
|-unboost|p1a: Incineroar|atk|1
|-unboost|p1b: Milotic|atk|1
|-ability|p1b: Milotic|Competitive|boost
|-boost|p1b: Milotic|spa|2
|turn|1
|
|t:|1784067907
|detailschange|p2b: Floette|Floette-Mega, L50, F
|-mega|p2b: Floette|Floette|Floettite
|-ability|p2b: Floette|Fairy Aura
|move|p1a: Incineroar|Fake Out|p2a: Incineroar
|-damage|p2a: Incineroar|94/100
|cant|p2a: Incineroar|flinch
|move|p2b: Floette|Moonblast|p1b: Milotic
|-damage|p1b: Milotic|49/100
|move|p1b: Milotic|Coil|p1b: Milotic
|-boost|p1b: Milotic|atk|1
|-boost|p1b: Milotic|def|1
|-boost|p1b: Milotic|accuracy|1
|
|-heal|p1b: Milotic|54/100|[from] item: Leftovers
|upkeep
|turn|2
|inactive|TeyVgc has 30 seconds left.
|inactive|BreadPudding248 has 30 seconds left.
|inactive|TeyVgc has 20 seconds left.
|
|t:|1784067943
|move|p2b: Floette|Moonblast|p1b: Milotic
|-damage|p1b: Milotic|6/100
|move|p1b: Milotic|Recover|p1b: Milotic
|-heal|p1b: Milotic|56/100
|move|p1a: Incineroar|Parting Shot|p2b: Floette
|-unboost|p2b: Floette|atk|1
|-unboost|p2b: Floette|spa|1
|
|t:|1784067952
|switch|p1a: Sinistcha|Sinistcha, L50|100/100|[from] Parting Shot
|-heal|p1b: Milotic|81/100|[from] ability: Hospitality|[of] p1a: Sinistcha
|move|p2a: Incineroar|Throat Chop|p1b: Milotic
|-damage|p1b: Milotic|69/100
|-start|p1b: Milotic|Throat Chop|[silent]
|
|-heal|p1b: Milotic|75/100|[from] item: Leftovers
|upkeep
|turn|3
|
|t:|1784067964
|switch|p2b: Garchomp|Garchomp, L50, M|100/100
|move|p1a: Sinistcha|Rage Powder|p1a: Sinistcha
|-singleturn|p1a: Sinistcha|move: Rage Powder
|move|p1b: Milotic|Muddy Water|p2a: Incineroar|[spread] p2a,p2b
|-supereffective|p2a: Incineroar|1
|-damage|p2a: Incineroar|15/100
|-damage|p2b: Garchomp|48/100
|-enditem|p2a: Incineroar|Sitrus Berry|[eat]
|-heal|p2a: Incineroar|40/100|[from] item: Sitrus Berry
|move|p2a: Incineroar|Parting Shot|p1a: Sinistcha
|-unboost|p1a: Sinistcha|atk|1
|-unboost|p1a: Sinistcha|spa|1
|
|t:|1784067977
|switch|p2a: Floette|Floette-Mega, L50, F|100/100|[from] Parting Shot
|-ability|p2a: Floette|Fairy Aura
|
|-heal|p1b: Milotic|81/100|[from] item: Leftovers
|-end|p1b: Milotic|Throat Chop|[silent]
|upkeep
|turn|4
|
|t:|1784067999
|move|p2b: Garchomp|Rock Slide|p1a: Sinistcha|[spread] p1b
|-miss|p2b: Garchomp|p1a: Sinistcha
|-crit|p1b: Milotic
|-damage|p1b: Milotic|46/100
|-damage|p2b: Garchomp|38/100|[from] item: Life Orb
|move|p2a: Floette|Light of Ruin|p1b: Milotic
|-damage|p1b: Milotic|0 fnt
|faint|p1b: Milotic
|-damage|p2a: Floette|70/100|[from] Recoil
|move|p1a: Sinistcha|Matcha Gotcha|p2a: Floette|[spread] p2a,p2b
|-damage|p2a: Floette|57/100
|-damage|p2b: Garchomp|21/100
|
|upkeep
|
|t:|1784068017
|switch|p1b: Incineroar|Incineroar, L50, F|100/100
|-ability|p1b: Incineroar|Intimidate|boost
|-unboost|p2a: Floette|atk|1
|-unboost|p2b: Garchomp|atk|1
|turn|5
|
|t:|1784068027
|switch|p2b: Incineroar|Incineroar, L50, M|40/100
|-ability|p2b: Incineroar|Intimidate|boost
|-unboost|p1a: Sinistcha|atk|1
|-unboost|p1b: Incineroar|atk|1
|move|p2a: Floette|Protect|p2a: Floette
|-singleturn|p2a: Floette|Protect
|move|p1b: Incineroar|Flare Blitz|p2a: Floette
|-activate|p2a: Floette|move: Protect
|move|p1a: Sinistcha|Matcha Gotcha|p2b: Incineroar|[spread] p2b
|-activate|p2a: Floette|move: Protect
|-resisted|p2b: Incineroar|1
|-damage|p2b: Incineroar|33/100
|
|upkeep
|turn|6
|
|t:|1784068046
|move|p1a: Sinistcha|Protect|p1a: Sinistcha
|-singleturn|p1a: Sinistcha|Protect
|move|p2b: Incineroar|Fake Out|p1b: Incineroar
|-damage|p1b: Incineroar|92/100
|move|p2a: Floette|Moonblast|p1b: Incineroar
|-damage|p1b: Incineroar|14/100
|-enditem|p1b: Incineroar|Sitrus Berry|[eat]
|-heal|p1b: Incineroar|39/100|[from] item: Sitrus Berry
|cant|p1b: Incineroar|flinch
|
|upkeep
|turn|7
|
|t:|1784068057
|move|p1a: Sinistcha|Rage Powder|p1a: Sinistcha
|-singleturn|p1a: Sinistcha|move: Rage Powder
|move|p2a: Floette|Dazzling Gleam|p1b: Incineroar|[spread] p1a,p1b
|-damage|p1a: Sinistcha|50/100g
|-damage|p1b: Incineroar|0 fnt
|faint|p1b: Incineroar
|move|p2b: Incineroar|Flare Blitz|p1a: Sinistcha
|-supereffective|p1a: Sinistcha|1
|-damage|p1a: Sinistcha|0 fnt
|faint|p1a: Sinistcha
|-damage|p2b: Incineroar|18/100|[from] Recoil
|
|upkeep
|-message|TeyVgc forfeited.
|
|win|BreadPudding248
|raw|TeyVgc's rating: 1273 → 1252(-21 for losing)
|raw|BreadPudding248's rating: 1334 → 1351(+17 for winning)
