|j|☆Grrr123
|j|☆Astano
|html|Grrr123Astano    
|uhtml|bestof|Game 2 of a best-of-3
|t:|1785334766
|gametype|doubles
|player|p1|Grrr123|ghetsis-gen5bw|1149
|player|p2|Astano|102|1237
|gen|9
|tier|[Gen 9 Champions] VGC 2026 Reg M-B (Bo3)
|rated|
|rule|Species Clause: Limit one of each Pokémon
|rule|Item Clause: Limit 1 of each item
|clearpoke
|poke|p1|Aerodactyl, L50, M|
|poke|p1|Kingambit, L50, M|
|poke|p1|Sylveon, L50, M|
|poke|p1|Garchomp, L50, M|
|poke|p1|Charizard, L50, F|
|poke|p1|Incineroar, L50, F|
|poke|p2|Swampert, L50, M|
|poke|p2|Sableye, L50, M|
|poke|p2|Archaludon, L50, F|
|poke|p2|Pelipper, L50, M|
|poke|p2|Sylveon, L50, M|
|poke|p2|Venusaur, L50, M|
|teampreview|4
|showteam|p1|Aerodactyl||Aerodactylite|Unnerve|RockSlide,IceFang,Tailwind,WideGuard|Jolly||M|||50|]Kingambit||FocusSash|Defiant|KowtowCleave,SuckerPunch,IronHead,Protect|Adamant||M|||50|]Sylveon||FairyFeather|Pixilate|Detect,HyperVoice,HyperBeam,QuickAttack|Modest||M|||50|]Garchomp||LifeOrb|RoughSkin|Earthquake,DragonClaw,StompingTantrum,Protect|Jolly||M|||50|]Charizard||CharizarditeY|Blaze|Protect,HeatWave,SolarBeam,WeatherBall|Modest||F|||50|]Incineroar||SitrusBerry|Intimidate|DarkestLariat,FlareBlitz,FakeOut,PartingShot|Impish||F|||50|
|showteam|p2|Swampert||Swampertite|Torrent|Protect,WaveCrash,Earthquake,HighHorsepower|Adamant||M|||50|]Sableye||LightClay|Prankster|Encore,Reflect,LightScreen,RainDance|Bold||M|||50|]Archaludon||Leftovers|Stamina|Protect,DragonPulse,FlashCannon,ElectroShot|Modest||F|||50|]Pelipper||SitrusBerry|Drizzle|Protect,WeatherBall,Hurricane,Tailwind|Bold||M|||50|]Sylveon||FairyFeather|Pixilate|Detect,HyperVoice,Moonblast,QuickAttack|Modest||M|||50|]Venusaur||Venusaurite|Overgrow|Protect,GigaDrain,SludgeBomb,EarthPower|Modest||M|||50|
|inactive|Battle timer is ON: inactive players will automatically lose when time's up. (requested by Astano)
|
|t:|1785334774
|teamsize|p1|4
|teamsize|p2|4
|start
|switch|p1a: Sylveon|Sylveon, L50, M|100/100
|switch|p1b: Garchomp|Garchomp, L50, M|100/100
|switch|p2a: Archaludon|Archaludon, L50, F|100/100
|switch|p2b: Sableye|Sableye, L50, M|100/100
|turn|1
|
|t:|1785334789
|move|p2a: Archaludon|Protect|p2a: Archaludon
|-singleturn|p2a: Archaludon|Protect
|move|p2b: Sableye|Light Screen|p2b: Sableye
|-sidestart|p2: Astano|move: Light Screen
|move|p1b: Garchomp|Earthquake|p2a: Archaludon|[spread] p1a,p2b
|-activate|p2a: Archaludon|move: Protect
|-damage|p1a: Sylveon|39/100
|-damage|p2b: Sableye|40/100
|-damage|p1b: Garchomp|90/100|[from] item: Life Orb
|move|p1a: Sylveon|Hyper Voice|p2a: Archaludon|[spread] p2b
|-activate|p2a: Archaludon|move: Protect
|-supereffective|p2b: Sableye|1
|-damage|p2b: Sableye|0 fnt
|faint|p2b: Sableye
|
|upkeep
|
|t:|1785334797
|switch|p2b: Pelipper|Pelipper, L50, M|100/100
|-weather|RainDance|[from] ability: Drizzle|[of] p2b: Pelipper
|turn|2
|
|t:|1785334813
|move|p1b: Garchomp|Stomping Tantrum|p2a: Archaludon
|-supereffective|p2a: Archaludon|1
|-crit|p2a: Archaludon
|-damage|p2a: Archaludon|0 fnt
|faint|p2a: Archaludon
|-damage|p1b: Garchomp|80/100|[from] item: Life Orb
|move|p1a: Sylveon|Hyper Voice|p2b: Pelipper
|-damage|p2b: Pelipper|57/100
|move|p2b: Pelipper|Tailwind|p2b: Pelipper
|-sidestart|p2: Astano|move: Tailwind
|
|-weather|RainDance|[upkeep]
|upkeep
|
|t:|1785334817
|switch|p2a: Swampert|Swampert, L50, M|100/100
|turn|3
|inactive|Grrr123 has 30 seconds left.
|inactive|Grrr123 has 20 seconds left.
|inactive|Grrr123 has 15 seconds left.
|
|t:|1785334858
|switch|p1b: Incineroar|Incineroar, L50, F|100/100
|-ability|p1b: Incineroar|Intimidate|boost
|-unboost|p2a: Swampert|atk|1
|-unboost|p2b: Pelipper|atk|1
|detailschange|p2a: Swampert|Swampert-Mega, L50, M
|-mega|p2a: Swampert|Swampert|Swampertite
|move|p1a: Sylveon|Detect|p1a: Sylveon
|-singleturn|p1a: Sylveon|Protect
|move|p2a: Swampert|Earthquake|p1a: Sylveon|[spread] p1b
|-activate|p1a: Sylveon|move: Protect
|-immune|p2b: Pelipper
|-supereffective|p1b: Incineroar|1
|-damage|p1b: Incineroar|55/100
|move|p2b: Pelipper|Weather Ball|p1b: Incineroar
|-supereffective|p1b: Incineroar|1
|-damage|p1b: Incineroar|0 fnt
|faint|p1b: Incineroar
|
|-weather|RainDance|[upkeep]
|upkeep
|
|t:|1785334880
|switch|p1b: Charizard|Charizard, L50, F|100/100
|turn|4
|inactive|Astano has 30 seconds left.
|
|t:|1785334910
|move|p1b: Charizard|Protect|p1b: Charizard
|-singleturn|p1b: Charizard|Protect
|move|p2a: Swampert|Wave Crash|p1b: Charizard
|-activate|p1b: Charizard|move: Protect
|move|p2b: Pelipper|Weather Ball|p1a: Sylveon
|-damage|p1a: Sylveon|2/100
|move|p1a: Sylveon|Hyper Voice|p2b: Pelipper|[spread] p2a,p2b
|-damage|p2a: Swampert|74/100
|-damage|p2b: Pelipper|24/100
|-enditem|p2b: Pelipper|Sitrus Berry|[eat]
|-heal|p2b: Pelipper|49/100|[from] item: Sitrus Berry
|
|-weather|RainDance|[upkeep]
|upkeep
|turn|5
|
|t:|1785334929
|move|p1b: Charizard|Protect||[still]
|-fail|p1b: Charizard
|move|p2a: Swampert|Wave Crash|p1b: Charizard
|-supereffective|p1b: Charizard|1
|-damage|p1b: Charizard|0 fnt
|faint|p1b: Charizard
|-damage|p2a: Swampert|43/100|[from] Recoil
|move|p2b: Pelipper|Weather Ball|p1a: Sylveon
|-damage|p1a: Sylveon|0 fnt
|faint|p1a: Sylveon
|
|-weather|RainDance|[upkeep]
|-sideend|p2: Astano|move: Tailwind
|upkeep
|l|☆Grrr123
|inactive|Grrr123 disconnected and has a minute to reconnect!
|player|p1|
|c|☆Astano|why no mega?
|inactive|Grrr123 has 30 seconds left.
|inactive|Grrr123 has 20 seconds left.
|inactive|Grrr123 has 15 seconds left.
|inactive|Grrr123 has 10 seconds left.
|inactive|Grrr123 has 5 seconds left.
|-message|Grrr123 lost due to inactivity.
|
|win|Astano
|raw|Grrr123's rating: 1149 → 1130(-19 for losing)
|raw|Astano's rating: 1237 → 1256(+19 for winning)
