|j|☆myv_382
|j|☆eltsurito
|html|myv_382eltsurito    
|uhtml|bestof|Game 1 of a best-of-3
|t:|1757640794
|gametype|doubles
|player|p1|myv_382|170|1248
|player|p2|eltsurito|1|1169
|gen|9
|tier|[Gen 9] VGC 2025 Reg H (Bo3)
|rated|
|rule|Species Clause: Limit one of each Pokémon
|rule|Item Clause: Limit 1 of each item
|clearpoke
|poke|p1|Ninetales-Alola, L50, M|
|poke|p1|Gholdengo, L50|
|poke|p1|Ursaluna-Bloodmoon, L50, M|
|poke|p1|Incineroar, L50, F|
|poke|p1|Rillaboom, L50, F|
|poke|p1|Sneasler, L50, M|
|poke|p2|Sneasler, L50, M|
|poke|p2|Indeedee, L50, M|
|poke|p2|Volcarona, L50, M|
|poke|p2|Ursaluna-Bloodmoon, L50, M|
|poke|p2|Annihilape, L50, F|
|poke|p2|Tyranitar, L50, M|
|teampreview|4
|showteam|p1|Ninetales-Alola||FocusSash|SnowWarning|Blizzard,IcyWind,AuroraVeil,Encore|||M|||50|,,,,,Ghost]Gholdengo||LifeOrb|GoodasGold|MakeItRain,ShadowBall,NastyPlot,Protect||||||50|,,,,,Water]Ursaluna-Bloodmoon||Leftovers|MindsEye|BloodMoon,EarthPower,Yawn,Protect|||M|||50|,,,,,Water]Incineroar||SitrusBerry|Intimidate|FlareBlitz,KnockOff,PartingShot,FakeOut|||F|||50|,,,,,Grass]Rillaboom||AssaultVest|GrassySurge|WoodHammer,GrassyGlide,HighHorsepower,FakeOut|||F|||50|,,,,,Fire]Sneasler||GrassySeed|Unburden|CloseCombat,Acrobatics,SwordsDance,Protect|||M|||50|,,,,,Flying
|showteam|p2|Sneasler||PsychicSeed|Unburden|CloseCombat,DireClaw,ThroatChop,Protect|||M|||50|,,,,,Dark]Indeedee||ChoiceScarf|PsychicSurge|ExpandingForce,TeraBlast,Trick,Protect|||M|||50|,,,,,Psychic]Volcarona||SitrusBerry|FlameBody|Overheat,StruggleBug,RagePowder,Tailwind|||M|||50|,,,,,Grass]Ursaluna-Bloodmoon||LifeOrb|MindsEye|BloodMoon,HyperVoice,EarthPower,Protect|||M|||50|,,,,,Normal]Annihilape||SafetyGoggles|Defiant|CloseCombat,RageFist,Taunt,FinalGambit|||F|||50|,,,,,Fairy]Tyranitar||AssaultVest|SandStream|RockSlide,KnockOff,TeraBlast,LowKick|||M|||50|,,,,,Flying
|inactive|Battle timer is ON: inactive players will automatically lose when time's up. (requested by eltsurito)
|inactive|myv_382 has 60 seconds left.
|inactive|eltsurito has 60 seconds left.
|inactive|myv_382 has 30 seconds left.
|inactive|myv_382 has 20 seconds left.
|inactive|myv_382 has 15 seconds left.
|inactive|myv_382 has 10 seconds left.
|
|t:|1757640875
|teamsize|p1|4
|teamsize|p2|4
|start
|switch|p1a: Rillaboom|Rillaboom, L50, F|100/100
|switch|p1b: Sneasler|Sneasler, L50, M|100/100
|switch|p2a: Annihilape|Annihilape, L50, F|100/100
|switch|p2b: Sneasler|Sneasler, L50, M|100/100
|-fieldstart|move: Grassy Terrain|[from] ability: Grassy Surge|[of] p1a: Rillaboom
|-enditem|p1b: Sneasler|Grassy Seed
|-boost|p1b: Sneasler|def|1|[from] item: Grassy Seed
|turn|1
|inactive|myv_382 has 30 seconds left.
|inactive|eltsurito has 30 seconds left.
|inactive|myv_382 has 20 seconds left.
|inactive|myv_382 has 15 seconds left.
|
|t:|1757640917
|switch|p2a: tiogabacho|Indeedee, L50, M|100/100
|-fieldstart|move: Psychic Terrain|[from] ability: Psychic Surge|[of] p2a: tiogabacho
|-enditem|p2b: Sneasler|Psychic Seed
|-boost|p2b: Sneasler|spd|1|[from] item: Psychic Seed
|move|p1b: Sneasler|Acrobatics|p2b: Sneasler
|-supereffective|p2b: Sneasler
|-damage|p2b: Sneasler|0 fnt
|faint|p2b: Sneasler
|move|p1a: Rillaboom|High Horsepower|p2a: tiogabacho
|-damage|p2a: tiogabacho|31/100
|
|upkeep
|
|t:|1757640929
|switch|p2b: Tyranitar|Tyranitar, L50, M|100/100
|-weather|Sandstorm|[from] ability: Sand Stream|[of] p2b: Tyranitar
|turn|2
|
|t:|1757640953
|switch|p2a: Annihilape|Annihilape, L50, F|100/100
|switch|p1a: Incineroar|Incineroar, L50, F|100/100
|-ability|p1a: Incineroar|Intimidate|boost
|-unboost|p2a: Annihilape|atk|1
|-ability|p2a: Annihilape|Defiant|boost
|-boost|p2a: Annihilape|atk|2
|-unboost|p2b: Tyranitar|atk|1
|-terastallize|p2b: Tyranitar|Flying
|move|p1b: Sneasler|Protect|p1b: Sneasler
|-singleturn|p1b: Sneasler|Protect
|move|p2b: Tyranitar|Tera Blast|p1b: Sneasler|[anim] Tera Blast Flying
|-activate|p1b: Sneasler|move: Protect
|
|-weather|Sandstorm|[upkeep]
|-damage|p1b: Sneasler|94/100|[from] Sandstorm
|-damage|p1a: Incineroar|95/100|[from] Sandstorm
|-damage|p2b: Tyranitar|95/100|[from] Sandstorm
|upkeep
|turn|3
|inactive|myv_382 has 30 seconds left.
|inactive|myv_382 has 20 seconds left.
|
|t:|1757640991
|-terastallize|p1b: Sneasler|Flying
|move|p1b: Sneasler|Acrobatics|p2a: Annihilape
|-supereffective|p2a: Annihilape
|-damage|p2a: Annihilape|0 fnt
|faint|p2a: Annihilape
|move|p1a: Incineroar|Knock Off|p2b: Tyranitar
|-damage|p2b: Tyranitar|55/100
|-enditem|p2b: Tyranitar|Assault Vest|[from] move: Knock Off|[of] p1a: Incineroar
|move|p2b: Tyranitar|Tera Blast|p1b: Sneasler|[anim] Tera Blast Flying
|-damage|p1b: Sneasler|63/100
|
|-weather|Sandstorm|[upkeep]
|-damage|p1b: Sneasler|57/100|[from] Sandstorm
|-damage|p1a: Incineroar|89/100|[from] Sandstorm
|-damage|p2b: Tyranitar|49/100|[from] Sandstorm
|upkeep
|
|t:|1757640998
|switch|p2a: tiogabacho|Indeedee, L50, M|31/100
|turn|4
|
|t:|1757641013
|switch|p1b: Rillaboom|Rillaboom, L50, F|100/100
|-fieldstart|move: Grassy Terrain|[from] ability: Grassy Surge|[of] p1b: Rillaboom
|move|p2a: tiogabacho|Expanding Force|p1a: Incineroar
|-immune|p1a: Incineroar
|move|p1a: Incineroar|Knock Off|p2a: tiogabacho
|-supereffective|p2a: tiogabacho
|-damage|p2a: tiogabacho|0 fnt
|-enditem|p2a: tiogabacho|Choice Scarf|[from] move: Knock Off|[of] p1a: Incineroar
|faint|p2a: tiogabacho
|move|p2b: Tyranitar|Rock Slide|p1a: Incineroar|[spread] p1a,p1b
|-supereffective|p1a: Incineroar
|-damage|p1a: Incineroar|50/100
|-damage|p1b: Rillaboom|80/100
|-enditem|p1a: Incineroar|Sitrus Berry|[eat]
|-heal|p1a: Incineroar|75/100|[from] item: Sitrus Berry
|
|-weather|Sandstorm|[upkeep]
|-damage|p1b: Rillaboom|74/100|[from] Sandstorm
|-damage|p1a: Incineroar|69/100|[from] Sandstorm
|-damage|p2b: Tyranitar|44/100|[from] Sandstorm
|-heal|p1b: Rillaboom|80/100|[from] Grassy Terrain
|-heal|p1a: Incineroar|75/100|[from] Grassy Terrain
|upkeep
|turn|5
|
|t:|1757641035
|move|p1b: Rillaboom|Fake Out|p2b: Tyranitar
|-damage|p2b: Tyranitar|32/100
|move|p1a: Incineroar|Flare Blitz|p2b: Tyranitar
|-damage|p2b: Tyranitar|0 fnt
|faint|p2b: Tyranitar
|-damage|p1a: Incineroar|65/100|[from] Recoil
|
|win|myv_382
