|j|☆magmastormvgc
|j|☆chestnot
|html|magmastormvgcchestnot    
|uhtml|bestof|Game 2 of a best-of-3
|t:|1757711047
|gametype|doubles
|player|p1|magmastormvgc|turo-ai|1113
|player|p2|chestnot|collector|1077
|gen|9
|tier|[Gen 9] VGC 2025 Reg H (Bo3)
|rated|
|rule|Species Clause: Limit one of each Pokémon
|rule|Item Clause: Limit 1 of each item
|clearpoke
|poke|p1|Dragonite, L50, F|
|poke|p1|Gholdengo, L50|
|poke|p1|Ursaluna-Bloodmoon, L50, M|
|poke|p1|Annihilape, L50, F|
|poke|p1|Maushold-Four, L50|
|poke|p1|Rillaboom, L50, F|
|poke|p2|Arcanine-Hisui, L50, M|
|poke|p2|Tyranitar, L50, M|
|poke|p2|Excadrill, L50, F|
|poke|p2|Indeedee, L50, M|
|poke|p2|Avalugg-Hisui, L50, F|
|poke|p2|Annihilape, L50, M|
|teampreview|4
|showteam|p1|Dragonite||LoadedDice|Multiscale|ScaleShot,Tailwind,Haze,Protect|||F|||50|,,,,,Fairy]Gholdengo||LifeOrb|GoodasGold|MakeItRain,ShadowBall,NastyPlot,Protect||||||50|,,,,,Water]Ursaluna-Bloodmoon||AssaultVest|MindsEye|BloodMoon,EarthPower,HyperVoice,VacuumWave|||M|||50|,,,,,Water]Annihilape||SitrusBerry|Defiant|DrainPunch,RageFist,BulkUp,Protect|||F|||50|,,,,,Fire]Maushold-Four||FocusSash|FriendGuard|SuperFang,BeatUp,FollowMe,Protect||||||50|,,,,,Ghost]Rillaboom||MiracleSeed|GrassySurge|WoodHammer,GrassyGlide,HighHorsepower,FakeOut|||F|||50|,,,,,Fire
|showteam|p2|Arcanine-Hisui||AssaultVest|Intimidate|ExtremeSpeed,RockSlide,FlareBlitz,Snarl|||M|||50|,,,,,Fire]Tyranitar||Leftovers|SandStream|KnockOff,Taunt,TeraBlast,Protect|||M|||50|,,,,,Fairy]Excadrill||ClearAmulet|SandRush|IronHead,HighHorsepower,SwordsDance,Protect|||F|||50|,,,,,Ground]Indeedee||ChoiceScarf|PsychicSurge|ExpandingForce,Trick,Psychic,HyperVoice|||M|||50|,,,,,Psychic]Avalugg-Hisui||PsychicSeed|StrongJaw|StoneEdge,WideGuard,IceFang,Protect|||F|||50|,,,,,Steel]Annihilape||SafetyGoggles|Defiant|RageFist,BulkUp,DrainPunch,Protect|||M|||50|,,,,,Fighting
|inactive|Battle timer is ON: inactive players will automatically lose when time's up. (requested by chestnot)
|c|☆chestnot|my avalugg in sand with special defense boost has more special defense than defense
|c|☆chestnot|wild
|inactive|magmastormvgc has 60 seconds left.
|inactive|chestnot has 60 seconds left.
|c|☆magmastormvgc|lol damn that's actually awesome
|inactive|magmastormvgc has 30 seconds left.
|inactive|chestnot has 30 seconds left.
|inactive|magmastormvgc has 20 seconds left.
|inactive|chestnot has 20 seconds left.
|inactive|magmastormvgc has 15 seconds left.
|inactive|chestnot has 15 seconds left.
|
|t:|1757711127
|teamsize|p1|4
|teamsize|p2|4
|start
|switch|p1a: Maushold|Maushold-Four, L50|100/100
|switch|p1b: Annihilape|Annihilape, L50, F|100/100
|switch|p2a: Arcanine|Arcanine-Hisui, L50, M|100/100
|switch|p2b: Tyranitar|Tyranitar, L50, M|100/100
|-ability|p2a: Arcanine|Intimidate|boost
|-unboost|p1a: Maushold|atk|1
|-unboost|p1b: Annihilape|atk|1
|-ability|p1b: Annihilape|Defiant|boost
|-boost|p1b: Annihilape|atk|2
|-weather|Sandstorm|[from] ability: Sand Stream|[of] p2b: Tyranitar
|turn|1
|inactive|magmastormvgc has 30 seconds left.
|inactive|chestnot has 30 seconds left.
|
|t:|1757711160
|-terastallize|p2b: Tyranitar|Fairy
|move|p1a: Maushold|Follow Me|p1a: Maushold
|-singleturn|p1a: Maushold|move: Follow Me
|move|p1b: Annihilape|Bulk Up|p1b: Annihilape
|-boost|p1b: Annihilape|atk|1
|-boost|p1b: Annihilape|def|1
|move|p2a: Arcanine|Rock Slide|p1a: Maushold|[spread] p1b
|-miss|p2a: Arcanine|p1a: Maushold
|-resisted|p1b: Annihilape
|-damage|p1b: Annihilape|94/100
|move|p2b: Tyranitar|Knock Off|p1a: Maushold
|-crit|p1a: Maushold
|-damage|p1a: Maushold|26/100
|-enditem|p1a: Maushold|Focus Sash|[from] move: Knock Off|[of] p2b: Tyranitar
|
|-weather|Sandstorm|[upkeep]
|-damage|p1a: Maushold|20/100|[from] Sandstorm
|-damage|p1b: Annihilape|88/100|[from] Sandstorm
|-damage|p2b: Tyranitar|95/100|[from] Sandstorm
|-heal|p2b: Tyranitar|100/100|[from] item: Leftovers
|upkeep
|turn|2
|inactive|magmastormvgc has 30 seconds left.
|
|t:|1757711189
|move|p1a: Maushold|Follow Me|p1a: Maushold
|-singleturn|p1a: Maushold|move: Follow Me
|move|p1b: Annihilape|Bulk Up|p1b: Annihilape
|-boost|p1b: Annihilape|atk|1
|-boost|p1b: Annihilape|def|1
|move|p2a: Arcanine|Rock Slide|p1a: Maushold|[spread] p1a,p1b
|-resisted|p1b: Annihilape
|-damage|p1a: Maushold|0 fnt
|-damage|p1b: Annihilape|83/100
|faint|p1a: Maushold
|move|p2b: Tyranitar|Tera Blast|p1b: Annihilape|[anim] Tera Blast Fairy
|-supereffective|p1b: Annihilape
|-damage|p1b: Annihilape|45/100
|-enditem|p1b: Annihilape|Sitrus Berry|[eat]
|-heal|p1b: Annihilape|70/100|[from] item: Sitrus Berry
|
|-weather|Sandstorm|[upkeep]
|-damage|p1b: Annihilape|63/100|[from] Sandstorm
|-damage|p2b: Tyranitar|95/100|[from] Sandstorm
|-heal|p2b: Tyranitar|100/100|[from] item: Leftovers
|upkeep
|inactive|magmastormvgc has 30 seconds left.
|
|t:|1757711219
|switch|p1a: Dragonite|Dragonite, L50, F|100/100
|turn|3
|
|t:|1757711225
|move|p1b: Annihilape|Protect|p1b: Annihilape
|-singleturn|p1b: Annihilape|Protect
|move|p1a: Dragonite|Tailwind|p1a: Dragonite
|-sidestart|p1: magmastormvgc|move: Tailwind
|move|p2a: Arcanine|Rock Slide|p1a: Dragonite|[spread] p1a
|-activate|p1b: Annihilape|move: Protect
|-supereffective|p1a: Dragonite
|-damage|p1a: Dragonite|72/100
|move|p2b: Tyranitar|Tera Blast|p1a: Dragonite|[anim] Tera Blast Fairy
|-supereffective|p1a: Dragonite
|-damage|p1a: Dragonite|0 fnt
|faint|p1a: Dragonite
|
|-weather|Sandstorm|[upkeep]
|-damage|p1b: Annihilape|57/100|[from] Sandstorm
|-damage|p2b: Tyranitar|95/100|[from] Sandstorm
|-heal|p2b: Tyranitar|100/100|[from] item: Leftovers
|upkeep
|
|t:|1757711239
|switch|p1a: Rillaboom|Rillaboom, L50, F|100/100
|-fieldstart|move: Grassy Terrain|[from] ability: Grassy Surge|[of] p1a: Rillaboom
|turn|4
|inactive|magmastormvgc has 30 seconds left.
|inactive|chestnot has 30 seconds left.
|inactive|chestnot has 20 seconds left.
|
|t:|1757711277
|move|p1a: Rillaboom|Fake Out|p2b: Tyranitar
|-damage|p2b: Tyranitar|89/100
|move|p1b: Annihilape|Drain Punch|p2a: Arcanine
|-supereffective|p2a: Arcanine
|-damage|p2a: Arcanine|0 fnt
|-heal|p1b: Annihilape|99/100|[from] drain|[of] p2a: Arcanine
|faint|p2a: Arcanine
|cant|p2b: Tyranitar|flinch
|
|-weather|Sandstorm|[upkeep]
|-damage|p1b: Annihilape|92/100|[from] Sandstorm
|-damage|p1a: Rillaboom|94/100|[from] Sandstorm
|-damage|p2b: Tyranitar|83/100|[from] Sandstorm
|-heal|p1b: Annihilape|99/100|[from] Grassy Terrain
|-heal|p1a: Rillaboom|100/100|[from] Grassy Terrain
|-heal|p2b: Tyranitar|89/100|[from] Grassy Terrain
|-heal|p2b: Tyranitar|95/100|[from] item: Leftovers
|upkeep
|
|t:|1757711293
|switch|p2a: Indeedee|Indeedee, L50, M|100/100
|-fieldstart|move: Psychic Terrain|[from] ability: Psychic Surge|[of] p2a: Indeedee
|turn|5
|inactive|magmastormvgc has 30 seconds left.
|inactive|chestnot has 30 seconds left.
|inactive|chestnot has 20 seconds left.
|inactive|magmastormvgc has 20 seconds left.
|inactive|chestnot has 15 seconds left.
|inactive|magmastormvgc has 15 seconds left.
|inactive|chestnot has 10 seconds left.
|
|t:|1757711339
|-terastallize|p1b: Annihilape|Fire
|move|p1b: Annihilape|Drain Punch|p2a: Indeedee
|-damage|p2a: Indeedee|0 fnt
|-heal|p1b: Annihilape|100/100|[from] drain|[of] p2a: Indeedee
|faint|p2a: Indeedee
|move|p1a: Rillaboom|Wood Hammer|p2b: Tyranitar
|-damage|p2b: Tyranitar|36/100
|-damage|p1a: Rillaboom|80/100|[from] Recoil
|move|p2b: Tyranitar|Tera Blast|p1b: Annihilape|[anim] Tera Blast Fairy
|-resisted|p1b: Annihilape
|-damage|p1b: Annihilape|90/100
|
|-weather|none
|-heal|p2b: Tyranitar|42/100|[from] item: Leftovers
|upkeep
|
|t:|1757711353
|switch|p2a: Avalugg|Avalugg-Hisui, L50, F|100/100
|-enditem|p2a: Avalugg|Psychic Seed
|-boost|p2a: Avalugg|spd|1|[from] item: Psychic Seed
|turn|6
|inactive|magmastormvgc has 30 seconds left.
|
|t:|1757711380
|move|p1b: Annihilape|Rage Fist|p2b: Tyranitar
|-damage|p2b: Tyranitar|0 fnt
|faint|p2b: Tyranitar
|move|p1a: Rillaboom|Wood Hammer|p2a: Avalugg
|-supereffective|p2a: Avalugg
|-damage|p2a: Avalugg|16/100
|-damage|p1a: Rillaboom|52/100|[from] Recoil
|move|p2a: Avalugg|Stone Edge|p1b: Annihilape|[miss]
|-miss|p2a: Avalugg|p1b: Annihilape
|
|-sideend|p1: magmastormvgc|move: Tailwind
|upkeep
|turn|7
|
|t:|1757711395
|move|p1b: Annihilape|Rage Fist|p2a: Avalugg
|-damage|p2a: Avalugg|0 fnt
|faint|p2a: Avalugg
|
|win|magmastormvgc
||chestnot is ready for game 3.
||magmastormvgc is ready for game 3.
|uhtml|next|Next: Game 3 of 3
