|j|☆DJGrooves213
|j|☆Refanner
|html|DJGrooves213Refanner    
|uhtml|bestof|Game 2 of a best-of-3
|t:|1756736762
|gametype|doubles
|player|p1|DJGrooves213|kieran|1147
|player|p2|Refanner|102|1167
|gen|9
|tier|[Gen 9] VGC 2025 Reg H (Bo3)
|rated|
|rule|Species Clause: Limit one of each Pokémon
|rule|Item Clause: Limit 1 of each item
|clearpoke
|poke|p1|Crawdaunt, L50, M|
|poke|p1|Murkrow, L50, M|
|poke|p1|Garchomp, L50, M|
|poke|p1|Gholdengo, L50|
|poke|p1|Gardevoir, L50, M|
|poke|p1|Rillaboom, L50, M|
|poke|p2|Garchomp, L50, F|
|poke|p2|Incineroar, L50, M|
|poke|p2|Tyranitar, L50, M|
|poke|p2|Gholdengo, L50|
|poke|p2|Primarina, L50, M|
|poke|p2|Talonflame, L50, M|
|teampreview|4
|showteam|p1|Crawdaunt||LifeOrb|Adaptability|KnockOff,Crabhammer,AquaJet,Protect|||M|||50|,,,,,Water]Murkrow||Eviolite|Prankster|ThunderWave,Tailwind,Taunt,BraveBird|||M|||50|,,,,,Ghost]Garchomp||ClearAmulet|RoughSkin|SwordsDance,Protect,DragonClaw,StompingTantrum|||M|||50|,,,,,Steel]Gholdengo||Leftovers|GoodasGold|NastyPlot,MakeItRain,ShadowBall,Protect||||||50|,,,,,Water]Gardevoir||ThroatSpray|Trace|Taunt,Moonblast,PsychicNoise,Protect|||M|||50|,,,,,Steel]Rillaboom||AssaultVest|GrassySurge|Uturn,FakeOut,GrassyGlide,WoodHammer|||M|||50|,,,,,Fire
|showteam|p2|Garchomp||LifeOrb|RoughSkin|Earthquake,DragonClaw,StompingTantrum,Protect|||F|||50|,,,,,Fire]Incineroar||SitrusBerry|Intimidate|FlareBlitz,KnockOff,PartingShot,FakeOut|||M|||50|,,,,,Grass]Tyranitar||AssaultVest|SandStream|KnockOff,RockSlide,TeraBlast,LowKick|||M|||50|,,,,,Flying]Gholdengo||Leftovers|GoodasGold|MakeItRain,ShadowBall,NastyPlot,Protect||||||50|,,,,,Flying]Primarina||MagoBerry|LiquidVoice|HyperVoice,Moonblast,CalmMind,Protect|||M|||50|,,,,,Poison]Talonflame||CovertCloak|GaleWings|BraveBird,Tailwind,WillOWisp,Taunt|||M|||50|,,,,,Flying
|
|t:|1756736801
|teamsize|p1|4
|teamsize|p2|4
|start
|switch|p1a: Murkrow|Murkrow, L50, M, shiny|100/100
|switch|p1b: Crawdaunt|Crawdaunt, L50, M, shiny|100/100
|switch|p2a: Gholdengo|Gholdengo, L50|100/100
|switch|p2b: Incineroar|Incineroar, L50, M|100/100
|-ability|p2b: Incineroar|Intimidate|boost
|-unboost|p1a: Murkrow|atk|1
|-unboost|p1b: Crawdaunt|atk|1
|turn|1
|
|t:|1756736828
|move|p2b: Incineroar|Fake Out|p1b: Crawdaunt
|-damage|p1b: Crawdaunt|83/100
|move|p1a: Murkrow|Tailwind|p1a: Murkrow
|-sidestart|p1: DJGrooves213|move: Tailwind
|cant|p1b: Crawdaunt|flinch
|move|p2a: Gholdengo|Make It Rain|p1b: Crawdaunt|[spread] p1a,p1b
|-resisted|p1b: Crawdaunt
|-damage|p1a: Murkrow|46/100
|-damage|p1b: Crawdaunt|39/100
|-unboost|p2a: Gholdengo|spa|1
|
|upkeep
|turn|2
|
|t:|1756736843
|move|p2a: Gholdengo|Protect|p2a: Gholdengo
|-singleturn|p2a: Gholdengo|Protect
|move|p1a: Murkrow|Brave Bird|p2b: Incineroar
|-damage|p2b: Incineroar|77/100
|-damage|p1a: Murkrow|37/100|[from] Recoil
|move|p1b: Crawdaunt|Crabhammer|p2b: Incineroar
|-supereffective|p2b: Incineroar
|-damage|p2b: Incineroar|0 fnt
|faint|p2b: Incineroar
|-damage|p1b: Crawdaunt|29/100|[from] item: Life Orb
|
|upkeep
|
|t:|1756736866
|switch|p2b: Tyranitar|Tyranitar, L50, M|100/100
|-weather|Sandstorm|[from] ability: Sand Stream|[of] p2b: Tyranitar
|turn|3
|
|t:|1756736909
|switch|p1a: Garchomp|Garchomp, L50, M, shiny|100/100
|switch|p2a: Talonflame|Talonflame, L50, M|100/100
|-terastallize|p2b: Tyranitar|Flying
|move|p1b: Crawdaunt|Crabhammer|p2a: Talonflame|[miss]
|-miss|p1b: Crawdaunt|p2a: Talonflame
|move|p2b: Tyranitar|Rock Slide|p1b: Crawdaunt|[spread] p1a,p1b
|-resisted|p1a: Garchomp
|-damage|p1a: Garchomp|84/100
|-damage|p1b: Crawdaunt|0 fnt
|faint|p1b: Crawdaunt
|
|-weather|Sandstorm|[upkeep]
|-damage|p2a: Talonflame|95/100|[from] Sandstorm
|-damage|p2b: Tyranitar|95/100|[from] Sandstorm
|upkeep
|
|t:|1756736927
|switch|p1b: Murkrow|Murkrow, L50, M, shiny|37/100
|turn|4
|
|t:|1756736947
|move|p1b: Murkrow|Taunt|p2a: Talonflame
|-start|p2a: Talonflame|move: Taunt
|move|p1a: Garchomp|Swords Dance|p1a: Garchomp
|-boost|p1a: Garchomp|atk|2
|cant|p2a: Talonflame|move: Taunt|Will-O-Wisp
|move|p2b: Tyranitar|Knock Off|p1a: Garchomp
|-damage|p1a: Garchomp|30/100
|-damage|p2b: Tyranitar|83/100|[from] ability: Rough Skin|[of] p1a: Garchomp
|-enditem|p1a: Garchomp|Clear Amulet|[from] move: Knock Off|[of] p2b: Tyranitar
|
|-weather|Sandstorm|[upkeep]
|-damage|p1b: Murkrow|30/100|[from] Sandstorm
|-damage|p2a: Talonflame|89/100|[from] Sandstorm
|-damage|p2b: Tyranitar|77/100|[from] Sandstorm
|-sideend|p1: DJGrooves213|move: Tailwind
|upkeep
|turn|5
|
|t:|1756736977
|move|p1a: Garchomp|Protect|p1a: Garchomp
|-singleturn|p1a: Garchomp|Protect
|move|p1b: Murkrow|Tailwind|p1b: Murkrow
|-sidestart|p1: DJGrooves213|move: Tailwind
|move|p2a: Talonflame|Brave Bird|p1a: Garchomp
|-activate|p1a: Garchomp|move: Protect
|move|p2b: Tyranitar|Knock Off|p1a: Garchomp
|-activate|p1a: Garchomp|move: Protect
|
|-weather|Sandstorm|[upkeep]
|-damage|p1b: Murkrow|24/100|[from] Sandstorm
|-damage|p2a: Talonflame|83/100|[from] Sandstorm
|-damage|p2b: Tyranitar|71/100|[from] Sandstorm
|upkeep
|turn|6
|
|t:|1756736998
|move|p1a: Garchomp|Dragon Claw|p2b: Tyranitar
|-damage|p2b: Tyranitar|2/100
|move|p1b: Murkrow|Brave Bird|p2b: Tyranitar
|-damage|p2b: Tyranitar|0 fnt
|faint|p2b: Tyranitar
|-damage|p1b: Murkrow|24/100|[from] Recoil
|move|p2a: Talonflame|Brave Bird|p1a: Garchomp
|-damage|p1a: Garchomp|0 fnt
|-damage|p2a: Talonflame|70/100|[from] ability: Rough Skin|[of] p1a: Garchomp
|faint|p1a: Garchomp
|-damage|p2a: Talonflame|59/100|[from] Recoil
|
|-weather|Sandstorm|[upkeep]
|-damage|p1b: Murkrow|17/100|[from] Sandstorm
|-damage|p2a: Talonflame|53/100|[from] Sandstorm
|-end|p2a: Talonflame|move: Taunt
|upkeep
|
|t:|1756737013
|switch|p1a: Gholdengo|Gholdengo, L50, shiny|100/100
|switch|p2b: Gholdengo|Gholdengo, L50|100/100
|turn|7
|
|t:|1756737064
|-terastallize|p1a: Gholdengo|Water
|move|p1b: Murkrow|Taunt|p2a: Talonflame
|-start|p2a: Talonflame|move: Taunt
|move|p1a: Gholdengo|Nasty Plot|p1a: Gholdengo
|-boost|p1a: Gholdengo|spa|2
|move|p2a: Talonflame|Brave Bird|p1a: Gholdengo
|-damage|p1a: Gholdengo|60/100
|-damage|p2a: Talonflame|36/100|[from] Recoil
|move|p2b: Gholdengo|Shadow Ball|p1a: Gholdengo
|-damage|p1a: Gholdengo|23/100
|
|-weather|none
|-heal|p1a: Gholdengo|30/100|[from] item: Leftovers
|upkeep
|turn|8
|
|t:|1756737097
|move|p1b: Murkrow|Brave Bird|p2b: Gholdengo
|-resisted|p2b: Gholdengo
|-damage|p2b: Gholdengo|82/100
|-damage|p1b: Murkrow|10/100|[from] Recoil
|move|p1a: Gholdengo|Shadow Ball|p2a: Talonflame
|-damage|p2a: Talonflame|0 fnt
|faint|p2a: Talonflame
|move|p2b: Gholdengo|Shadow Ball|p1a: Gholdengo
|-damage|p1a: Gholdengo|0 fnt
|faint|p1a: Gholdengo
|
|-heal|p2b: Gholdengo|88/100|[from] item: Leftovers
|-sideend|p1: DJGrooves213|move: Tailwind
|upkeep
|turn|9
|-message|DJGrooves213 forfeited.
|
|win|Refanner
|raw|DJGrooves213's rating: 1147 → 1123(-24 for losing)
|raw|Refanner's rating: 1167 → 1191(+24 for winning)
|l|☆DJGrooves213
|player|p1|
