|j|☆pomini
|j|☆qb xyz new
|html|pominiqb xyz new    
|uhtml|bestof|Game 1 of a best-of-3
|t:|1782266418
|gametype|doubles
|player|p1|pomini|pokekid|1112
|player|p2|qb xyz new|1|1065
|gen|9
|tier|[Gen 9 Champions] VGC 2026 Reg M-B (Bo3)
|rated|
|rule|Species Clause: Limit one of each Pokémon
|rule|Item Clause: Limit 1 of each item
|clearpoke
|poke|p1|Raichu, L50, M, shiny|
|poke|p1|Whimsicott, L50, M|
|poke|p1|Floette-Eternal, L50, F|
|poke|p1|Basculegion, L50, M|
|poke|p1|Garchomp, L50, F|
|poke|p1|Gholdengo, L50|
|poke|p2|Raichu, L50, M|
|poke|p2|Gholdengo, L50|
|poke|p2|Whimsicott, L50, M|
|poke|p2|Floette-Eternal, L50, F|
|poke|p2|Garchomp, L50, F|
|poke|p2|Basculegion, L50, M|
|teampreview|4
|showteam|p1|Raichu||RaichuniteY|LightningRod|ZapCannon,FocusBlast,FakeOut,Protect|Modest||M|||50|]Whimsicott||FocusSash|Prankster|Moonblast,Tailwind,Encore,Protect|Timid||M|||50|]Floette-Eternal||Floettite|FlowerVeil|Moonblast,LightofRuin,DazzlingGleam,Protect|Modest||F|||50|]Basculegion||MysticWater|Adaptability|WaveCrash,LastRespects,AquaJet,Protect|Adamant||M|||50|]Garchomp||SitrusBerry|RoughSkin|RockSlide,StompingTantrum,DragonClaw,Protect|Adamant||F|||50|]Gholdengo||LifeOrb|GoodasGold|NastyPlot,MakeItRain,ShadowBall,Protect|Modest|||||50|
|showteam|p2|Raichu||RaichuniteY|LightningRod|FocusBlast,FakeOut,ZapCannon,Protect|Mild||M|||50|]Gholdengo||LifeOrb|GoodasGold|MakeItRain,Protect,NastyPlot,ShadowBall|Modest|||||50|]Whimsicott||FocusSash|Prankster|DazzlingGleam,Encore,Taunt,Tailwind|Timid||M|||50|]Floette-Eternal||Floettite|Symbiosis|Moonblast,Protect,CalmMind,LightofRuin|Modest||F|||50|]Garchomp||SitrusBerry|RoughSkin|StompingTantrum,Protect,RockSlide,DracoMeteor|Naive||F|||50|]Basculegion||MysticWater|Adaptability|FlipTurn,WaveCrash,Protect,LastRespects|Jolly||M|||50|
|inactive|Battle timer is ON: inactive players will automatically lose when time's up. (requested by qb xyz new)
|c|☆pomini|YOOO mirror match
|c|☆pomini|lets go lol
|c|☆qb xyz new|Gg
|inactive|pomini has 60 seconds left.
|c|☆qb xyz new|Match teams lol
|c|☆qb xyz new|Mirror teams
|c|☆pomini|yeah its team wolfey lol
|inactive|pomini has 30 seconds left.
|inactive|pomini has 20 seconds left.
|inactive|pomini has 15 seconds left.
|
|t:|1782266497
|teamsize|p1|4
|teamsize|p2|4
|start
|switch|p1a: Raichu|Raichu, L50, M, shiny|100/100
|switch|p1b: Gholdengo|Gholdengo, L50|100/100
|switch|p2a: Whimsicott|Whimsicott, L50, M|100/100
|switch|p2b: Gholdengo|Gholdengo, L50|100/100
|turn|1
|c|☆qb xyz new|Seriously? I made my own.
|inactive|pomini has 30 seconds left.
|
|t:|1782266530
|detailschange|p1a: Raichu|Raichu-Mega-Y, L50, M, shiny
|-mega|p1a: Raichu|Raichu|Raichunite Y
|move|p1b: Gholdengo|Protect|p1b: Gholdengo
|-singleturn|p1b: Gholdengo|Protect
|move|p2a: Whimsicott|Tailwind|p2a: Whimsicott
|-sidestart|p2: qb xyz new|move: Tailwind
|move|p2b: Gholdengo|Nasty Plot|p2b: Gholdengo
|-boost|p2b: Gholdengo|spa|2
|move|p1a: Raichu|Zap Cannon|p2b: Gholdengo
|-damage|p2b: Gholdengo|9/100
|-status|p2b: Gholdengo|par
|
|upkeep
|turn|2
|inactive|pomini has 30 seconds left.
|inactive|pomini has 20 seconds left.
|inactive|pomini has 15 seconds left.
|
|t:|1782266570
|switch|p2b: Garchomp|Garchomp, L50, F|100/100
|move|p2a: Whimsicott|Encore|p1b: Gholdengo
|-immune|p1b: Gholdengo|[from] ability: Good as Gold
|move|p1a: Raichu|Zap Cannon|p2b: Garchomp
|-immune|p2b: Garchomp
|move|p1b: Gholdengo|Make It Rain|p2a: Whimsicott|[spread] p2a,p2b
|-supereffective|p2a: Whimsicott|1
|-crit|p2a: Whimsicott
|-enditem|p2a: Whimsicott|Focus Sash
|-damage|p2a: Whimsicott|1/100
|-damage|p2b: Garchomp|26/100
|-unboost|p1b: Gholdengo|spa|2
|-enditem|p2b: Garchomp|Sitrus Berry|[eat]
|-heal|p2b: Garchomp|51/100|[from] item: Sitrus Berry
|-damage|p1b: Gholdengo|90/100|[from] item: Life Orb
|
|upkeep
|turn|3
|
|t:|1782266593
|move|p1a: Raichu|Protect|p1a: Raichu
|-singleturn|p1a: Raichu|Protect
|move|p1b: Gholdengo|Protect|p1b: Gholdengo
|-singleturn|p1b: Gholdengo|Protect
|move|p2a: Whimsicott|Dazzling Gleam|p1b: Gholdengo|[spread] 
|-activate|p1a: Raichu|move: Protect
|-activate|p1b: Gholdengo|move: Protect
|move|p2b: Garchomp|Stomping Tantrum|p1a: Raichu
|-activate|p1a: Raichu|move: Protect
|
|upkeep
|turn|4
|inactive|pomini has 30 seconds left.
|
|t:|1782266621
|switch|p1a: Garchomp|Garchomp, L50, F|100/100
|move|p2a: Whimsicott|Encore||[still]
|-fail|p2a: Whimsicott
|move|p2b: Garchomp|Stomping Tantrum|p1a: Garchomp
|-damage|p1a: Garchomp|64/100
|-damage|p2b: Garchomp|39/100|[from] ability: Rough Skin|[of] p1a: Garchomp
|move|p1b: Gholdengo|Shadow Ball|p2b: Garchomp
|-damage|p2b: Garchomp|4/100
|-unboost|p2b: Garchomp|spd|1
|-damage|p1b: Gholdengo|80/100|[from] item: Life Orb
|
|-sideend|p2: qb xyz new|move: Tailwind
|upkeep
|turn|5
|
|t:|1782266644
|move|p1a: Garchomp|Protect|p1a: Garchomp
|-singleturn|p1a: Garchomp|Protect
|move|p2a: Whimsicott|Tailwind|p2a: Whimsicott
|-sidestart|p2: qb xyz new|move: Tailwind
|move|p2b: Garchomp|Stomping Tantrum|p1b: Gholdengo
|-supereffective|p1b: Gholdengo|1
|-damage|p1b: Gholdengo|9/100
|move|p1b: Gholdengo|Make It Rain|p2a: Whimsicott|[spread] p2b
|-miss|p1b: Gholdengo|p2a: Whimsicott
|-damage|p2b: Garchomp|0 fnt
|-unboost|p1b: Gholdengo|spa|2
|faint|p2b: Garchomp
|-damage|p1b: Gholdengo|0 fnt|[from] item: Life Orb
|faint|p1b: Gholdengo
|
|upkeep
|
|t:|1782266662
|switch|p2b: Raichu|Raichu, L50, M|100/100
|switch|p1b: Raichu|Raichu-Mega-Y, L50, M, shiny|100/100
|turn|6
|
|t:|1782266685
|detailschange|p2b: Raichu|Raichu-Mega-Y, L50, M
|-mega|p2b: Raichu|Raichu|Raichunite Y
|move|p1b: Raichu|Fake Out|p2b: Raichu
|-damage|p2b: Raichu|80/100
|move|p2a: Whimsicott|Dazzling Gleam|p1a: Garchomp|[spread] p1a,p1b
|-supereffective|p1a: Garchomp|1
|-damage|p1a: Garchomp|28/100
|-damage|p1b: Raichu|76/100
|-enditem|p1a: Garchomp|Sitrus Berry|[eat]
|-heal|p1a: Garchomp|53/100|[from] item: Sitrus Berry
|cant|p2b: Raichu|flinch
|move|p1a: Garchomp|Stomping Tantrum|p2b: Raichu
|-supereffective|p2b: Raichu|1
|-damage|p2b: Raichu|0 fnt
|faint|p2b: Raichu
|
|upkeep
|
|t:|1782266692
|switch|p2b: Gholdengo|Gholdengo, L50|9/100 par
|turn|7
|
|t:|1782266707
|move|p2a: Whimsicott|Dazzling Gleam|p1b: Raichu|[spread] p1a,p1b
|-supereffective|p1a: Garchomp|1
|-damage|p1a: Garchomp|20/100r
|-damage|p1b: Raichu|53/100
|move|p1b: Raichu|Zap Cannon|p2a: Whimsicott
|-resisted|p2a: Whimsicott|1
|-damage|p2a: Whimsicott|0 fnt
|faint|p2a: Whimsicott
|move|p1a: Garchomp|Stomping Tantrum|p2b: Gholdengo
|-supereffective|p2b: Gholdengo|1
|-damage|p2b: Gholdengo|0 fnt
|faint|p2b: Gholdengo
|
|win|pomini
||qb xyz new is ready for game 2.
||pomini is ready for game 2.
|uhtml|next|Next: Game 2 of 3
