|j|☆SlimSanity
|j|☆VenusaurBot
|html|SlimSanityVenusaurBot    
|uhtml|bestof|Game 3 of a best-of-3
|t:|1784232837
|gametype|doubles
|player|p1|SlimSanity|1|1070
|player|p2|VenusaurBot|koga|1087
|gen|9
|tier|[Gen 9 Champions] VGC 2026 Reg M-B (Bo3)
|rated|
|rule|Species Clause: Limit one of each Pokémon
|rule|Item Clause: Limit 1 of each item
|clearpoke
|poke|p1|Scizor, L50, F|
|poke|p1|Ceruledge, L50, F|
|poke|p1|Whimsicott, L50, F, shiny|
|poke|p1|Gliscor, L50, F, shiny|
|poke|p1|Vivillon, L50, M, shiny|
|poke|p1|Primarina, L50, M, shiny|
|poke|p2|Blaziken, L50, F|
|poke|p2|Dragonite, L50, M|
|poke|p2|Kingambit, L50, M|
|poke|p2|Froslass, L50, F|
|poke|p2|Toxapex, L50, M|
|poke|p2|Sneasler, L50, M|
|teampreview|4
|showteam|p1|Scizor||Scizorite|Technician|BulletPunch,BugBite,SwordsDance,Protect|Adamant||F|||50|]Ceruledge||LifeOrb|FlashFire|BitterBlade,SwordsDance,Poltergeist,Protect|Adamant||F|||50|]Whimsicott||FocusSash|Prankster|Tailwind,Taunt,HelpingHand,EnergyBall|Timid||F|||50|]Gliscor||Leftovers|HyperCutter|Tailwind,RockSlide,HighHorsepower,Protect|Careful||F|||50|]Vivillon||ChoiceScarf|CompoundEyes|SleepPowder,RagePowder,Uturn,Hurricane|Timid||M|||50|]Primarina||SitrusBerry|LiquidVoice|IceBeam,HyperVoice,Moonblast,FlipTurn|Modest||M|||50|
|showteam|p2|Blaziken||Blazikenite|SpeedBoost|Protect,FlareBlitz,CloseCombat,RockSlide|Adamant||F|||50|]Dragonite||LifeOrb|InnerFocus|Protect,ExtremeSpeed,DragonClaw,LowKick|Adamant||M|||50|]Kingambit||BlackGlasses|Defiant|Protect,KowtowCleave,SuckerPunch,IronHead|Adamant||M|||50|]Froslass||Froslassite|SnowCloak|Protect,AuroraVeil,Blizzard,ShadowBall|Timid||F|||50|]Toxapex||Leftovers|Regenerator|BanefulBunker,Toxic,Infestation,WideGuard|Bold||M|||50|]Sneasler||FocusSash|PoisonTouch|Protect,DireClaw,CloseCombat,FakeOut|Jolly||M|||50|
|inactive|Battle timer is ON: inactive players will automatically lose when time's up. (requested by SlimSanity)
|inactive|VenusaurBot has 60 seconds left.
|inactive|VenusaurBot has 30 seconds left.
|inactive|VenusaurBot has 20 seconds left.
|inactive|VenusaurBot has 15 seconds left.
|
|t:|1784232914
|teamsize|p1|4
|teamsize|p2|4
|start
|switch|p1a: Chloroform|Vivillon, L50, M, shiny|100/100
|switch|p1b: Blue Lobster|Gliscor, L50, F, shiny|100/100
|switch|p2a: Sneasler|Sneasler, L50, M|100/100
|switch|p2b: Toxapex|Toxapex, L50, M|100/100
|turn|1
|inactive|SlimSanity has 30 seconds left.
|
|t:|1784232942
|move|p2a: Sneasler|Fake Out|p1a: Chloroform
|-damage|p1a: Chloroform|78/100
|cant|p1a: Chloroform|flinch
|move|p1b: Blue Lobster|Tailwind|p1b: Blue Lobster
|-sidestart|p1: SlimSanity|move: Tailwind
|move|p2b: Toxapex|Toxic|p1b: Blue Lobster
|-status|p1b: Blue Lobster|tox
|
|-damage|p1b: Blue Lobster|93/100 tox|[from] psn
|upkeep
|turn|2
|
|t:|1784232961
|move|p1a: Chloroform|Hurricane|p2a: Sneasler
|-supereffective|p2a: Sneasler|1
|-damage|p2a: Sneasler|8/100
|move|p1b: Blue Lobster|High Horsepower|p2b: Toxapex
|-supereffective|p2b: Toxapex|1
|-damage|p2b: Toxapex|61/100
|move|p2a: Sneasler|Dire Claw|p1a: Chloroform
|-damage|p1a: Chloroform|17/100
|-status|p1a: Chloroform|psn
|move|p2b: Toxapex|Toxic||[still]
|-fail|p2b: Toxapex
|
|-heal|p1b: Blue Lobster|100/100 tox|[from] item: Leftovers
|-heal|p2b: Toxapex|67/100|[from] item: Leftovers
|-damage|p1a: Chloroform|4/100 psn|[from] psn
|-damage|p1b: Blue Lobster|87/100 tox|[from] psn
|upkeep
|turn|3
|
|t:|1784232980
|switch|p1a: TheGrillMaster|Ceruledge, L50, F|100/100
|move|p2a: Sneasler|Protect|p2a: Sneasler
|-singleturn|p2a: Sneasler|Protect
|move|p2b: Toxapex|Baneful Bunker|p2b: Toxapex
|-singleturn|p2b: Toxapex|move: Protect
|move|p1b: Blue Lobster|Rock Slide|p2b: Toxapex|[spread] 
|-activate|p2a: Sneasler|move: Protect
|-activate|p2b: Toxapex|move: Protect
|
|-heal|p1b: Blue Lobster|93/100 tox|[from] item: Leftovers
|-heal|p2b: Toxapex|73/100|[from] item: Leftovers
|-damage|p1b: Blue Lobster|75/100 tox|[from] psn
|upkeep
|turn|4
|
|t:|1784233003
|move|p1a: TheGrillMaster|Swords Dance|p1a: TheGrillMaster
|-boost|p1a: TheGrillMaster|atk|2
|move|p1b: Blue Lobster|Rock Slide|p2b: Toxapex|[spread] p2a,p2b
|-resisted|p2a: Sneasler|1
|-damage|p2a: Sneasler|0 fnt
|-damage|p2b: Toxapex|64/100
|faint|p2a: Sneasler
|move|p2b: Toxapex|Toxic|p1a: TheGrillMaster
|-status|p1a: TheGrillMaster|tox
|
|-heal|p1b: Blue Lobster|81/100 tox|[from] item: Leftovers
|-heal|p2b: Toxapex|70/100|[from] item: Leftovers
|-damage|p1a: TheGrillMaster|94/100 tox|[from] psn
|-damage|p1b: Blue Lobster|57/100 tox|[from] psn
|-sideend|p1: SlimSanity|move: Tailwind
|upkeep
|
|t:|1784233020
|switch|p2a: Froslass|Froslass, L50, F|100/100
|turn|5
|
|t:|1784233035
|detailschange|p2a: Froslass|Froslass-Mega, L50, F
|-mega|p2a: Froslass|Froslass|Froslassite
|-weather|Snowscape|[from] ability: Snow Warning|[of] p2a: Froslass
|move|p1a: TheGrillMaster|Protect|p1a: TheGrillMaster
|-singleturn|p1a: TheGrillMaster|Protect
|move|p2a: Froslass|Aurora Veil|p2a: Froslass
|-sidestart|p2: VenusaurBot|move: Aurora Veil
|move|p1b: Blue Lobster|Tailwind|p1b: Blue Lobster
|-sidestart|p1: SlimSanity|move: Tailwind
|move|p2b: Toxapex|Infestation|p1a: TheGrillMaster
|-activate|p1a: TheGrillMaster|move: Protect
|
|-weather|Snowscape|[upkeep]
|-heal|p1b: Blue Lobster|63/100 tox|[from] item: Leftovers
|-heal|p2b: Toxapex|75/100|[from] item: Leftovers
|-damage|p1a: TheGrillMaster|82/100 tox|[from] psn
|-damage|p1b: Blue Lobster|33/100 tox|[from] psn
|upkeep
|turn|6
|
|t:|1784233057
|move|p2a: Froslass|Protect|p2a: Froslass
|-singleturn|p2a: Froslass|Protect
|move|p1a: TheGrillMaster|Poltergeist|p2a: Froslass
|-activate|p2a: Froslass|move: Protect
|move|p1b: Blue Lobster|Rock Slide|p2a: Froslass|[spread] p2b
|-activate|p2a: Froslass|move: Protect
|-damage|p2b: Toxapex|70/100
|move|p2b: Toxapex|Infestation|p1a: TheGrillMaster
|-resisted|p1a: TheGrillMaster|2
|-damage|p1a: TheGrillMaster|81/100 tox
|-activate|p1a: TheGrillMaster|move: Infestation|[of] p2b: Toxapex
|
|-weather|Snowscape|[upkeep]
|-heal|p1b: Blue Lobster|39/100 tox|[from] item: Leftovers
|-heal|p2b: Toxapex|76/100|[from] item: Leftovers
|-damage|p1a: TheGrillMaster|63/100 tox|[from] psn
|-damage|p1b: Blue Lobster|3/100 tox|[from] psn
|-damage|p1a: TheGrillMaster|51/100 tox|[from] move: Infestation|[partiallytrapped]
|upkeep
|turn|7
|
|t:|1784233079
|switch|p2a: Kingambit|Kingambit, L50, M|100/100
|move|p2b: Toxapex|Baneful Bunker|p2b: Toxapex
|-singleturn|p2b: Toxapex|move: Protect
|move|p1a: TheGrillMaster|Poltergeist|p2a: Kingambit
|-activate|p2a: Kingambit|move: Poltergeist|Black Glasses
|-resisted|p2a: Kingambit|1
|-damage|p2a: Kingambit|63/100
|-damage|p1a: TheGrillMaster|41/100 tox|[from] item: Life Orb
|move|p1b: Blue Lobster|High Horsepower|p2b: Toxapex
|-activate|p2b: Toxapex|move: Protect
|
|-weather|Snowscape|[upkeep]
|-heal|p1b: Blue Lobster|9/100 tox|[from] item: Leftovers
|-heal|p2b: Toxapex|82/100|[from] item: Leftovers
|-damage|p1a: TheGrillMaster|17/100 tox|[from] psn
|-damage|p1b: Blue Lobster|0 fnt|[from] psn
|faint|p1b: Blue Lobster
|-damage|p1a: TheGrillMaster|5/100 tox|[from] move: Infestation|[partiallytrapped]
|upkeep
|
|t:|1784233094
|switch|p1b: Goon Material|Primarina, L50, M, shiny|100/100
|turn|8
|
|t:|1784233110
|move|p2a: Kingambit|Sucker Punch|p1a: TheGrillMaster
|-supereffective|p1a: TheGrillMaster|1
|-damage|p1a: TheGrillMaster|0 fnt
|faint|p1a: TheGrillMaster
|move|p1b: Goon Material|Hyper Voice|p2b: Toxapex|[spread] p2a,p2b
|-resisted|p2b: Toxapex|1
|-damage|p2a: Kingambit|38/100
|-damage|p2b: Toxapex|71/100
|move|p2b: Toxapex|Toxic|p1b: Goon Material
|-status|p1b: Goon Material|tox
|
|-weather|Snowscape|[upkeep]
|-heal|p2b: Toxapex|77/100|[from] item: Leftovers
|-damage|p1b: Goon Material|94/100 tox|[from] psn
|-sideend|p1: SlimSanity|move: Tailwind
|upkeep
|
|t:|1784233114
|switch|p1a: Chloroform|Vivillon, L50, M, shiny|4/100 psn
|turn|9
|
|t:|1784233127
|move|p2a: Kingambit|Protect|p2a: Kingambit
|-singleturn|p2a: Kingambit|Protect
|move|p2b: Toxapex|Baneful Bunker|p2b: Toxapex
|-singleturn|p2b: Toxapex|move: Protect
|move|p1a: Chloroform|Sleep Powder|p2b: Toxapex
|-activate|p2b: Toxapex|move: Protect
|move|p1b: Goon Material|Hyper Voice|p2a: Kingambit|[spread] 
|-activate|p2a: Kingambit|move: Protect
|-activate|p2b: Toxapex|move: Protect
|
|-weather|none
|-heal|p2b: Toxapex|83/100|[from] item: Leftovers
|-damage|p1a: Chloroform|0 fnt|[from] psn
|faint|p1a: Chloroform
|-damage|p1b: Goon Material|82/100 tox|[from] psn
|-sideend|p2: VenusaurBot|move: Aurora Veil
|upkeep
|turn|10
|
|t:|1784233139
|move|p1b: Goon Material|Hyper Voice|p2b: Toxapex|[spread] p2a,p2b
|-resisted|p2b: Toxapex|1
|-damage|p2a: Kingambit|1/100
|-damage|p2b: Toxapex|69/100
|move|p2a: Kingambit|Iron Head|p1b: Goon Material
|-damage|p1b: Goon Material|17/100 tox
|-enditem|p1b: Goon Material|Sitrus Berry|[eat]
|-heal|p1b: Goon Material|41/100 tox|[from] item: Sitrus Berry
|move|p2b: Toxapex|Infestation|p1b: Goon Material
|-resisted|p1b: Goon Material|1
|-damage|p1b: Goon Material|40/100 tox
|-activate|p1b: Goon Material|move: Infestation|[of] p2b: Toxapex
|
|-heal|p2b: Toxapex|75/100|[from] item: Leftovers
|-damage|p1b: Goon Material|23/100 tox|[from] psn
|-damage|p1b: Goon Material|11/100 tox|[from] move: Infestation|[partiallytrapped]
|upkeep
|turn|11
|
|t:|1784233150
|move|p2b: Toxapex|Baneful Bunker|p2b: Toxapex
|-singleturn|p2b: Toxapex|move: Protect
|move|p2a: Kingambit|Sucker Punch|p1b: Goon Material
|-resisted|p1b: Goon Material|1
|-damage|p1b: Goon Material|0 fnt
|faint|p1b: Goon Material
|
|win|VenusaurBot
|raw|SlimSanity's rating: 1070 → 1051(-19 for losing)
|raw|VenusaurBot's rating: 1087 → 1113(+26 for winning)
|c|☆SlimSanity|ggs
