|j|☆Mcn35
|j|☆Megadimsum
|html|Mcn35Megadimsum    
|uhtml|bestof|Game 1 of a best-of-3
|t:|1757908870
|gametype|doubles
|player|p1|Mcn35|hilda|1083
|player|p2|Megadimsum|2|1010
|gen|9
|tier|[Gen 9] VGC 2025 Reg H (Bo3)
|rated|
|rule|Species Clause: Limit one of each Pokémon
|rule|Item Clause: Limit 1 of each item
|clearpoke
|poke|p1|Sneasler, L50, F|
|poke|p1|Corviknight, L50, M|
|poke|p1|Ursaluna-Bloodmoon, L50, M|
|poke|p1|Comfey, L50, F|
|poke|p1|Goodra, L50, M|
|poke|p1|Electabuzz, L50, M|
|poke|p2|Ursaluna-Bloodmoon, L50, M|
|poke|p2|Torkoal, L50, M|
|poke|p2|Porygon2, L50|
|poke|p2|Rillaboom, L50, M|
|poke|p2|Charizard, L50, F|
|poke|p2|Murkrow, L50, M|
|teampreview|4
|showteam|p1|Sneasler||FocusSash|PoisonTouch|CloseCombat,DireClaw,Protect,ThroatChop|||F|||50|,,,,,Dark]Corviknight||RockyHelmet|MirrorArmor|Roost,BraveBird,BodyPress,Tailwind|||M|||50|,,,,,Dragon]Ursaluna-Bloodmoon||ThroatSpray|MindsEye|HyperVoice,EarthPower,VacuumWave,Protect|||M|||50|,,,,,Normal]Comfey||Leftovers|Triage|DrainingKiss,LeechSeed,Protect,FloralHealing|||F|||50|,,,,,Steel]Goodra||AssaultVest|SapSipper|DragonPulse,Thunderbolt,SludgeWave,Flamethrower|||M|||50|,,,,,Ghost]Electabuzz||Eviolite|VitalSpirit|FollowMe,Psychic,Thunderbolt,ThunderWave|||M|||50|,,,,,Bug
|showteam|p2|Ursaluna-Bloodmoon||ThroatSpray|MindsEye|BloodMoon,HyperVoice,EarthPower,Protect|||M|||50|,,,,,Normal]Torkoal||EjectPack|Drought|Eruption,Overheat,HelpingHand,Protect|||M|||50|,,,,,Fire]Porygon2||Eviolite|Download|TeraBlast,IceBeam,TrickRoom,Recover||||||50|,,,,,Poison]Rillaboom||AssaultVest|GrassySurge|WoodHammer,GrassyGlide,Uturn,FakeOut|||M|||50|,,,,,Fire]Charizard||ChoiceSpecs|SolarPower|HeatWave,SolarBeam,Overheat,Hurricane|||F|||50|,,,,,Steel]Murkrow||FocusSash|Prankster|Tailwind,SunnyDay,FoulPlay,Protect|||M|||50|,,,,,Ghost
|inactive|Battle timer is ON: inactive players will automatically lose when time's up. (requested by Mcn35)
|inactive|Mcn35 has 60 seconds left.
|inactive|Megadimsum has 60 seconds left.
|
|t:|1757908922
|teamsize|p1|4
|teamsize|p2|4
|start
|switch|p1a: Sneasler|Sneasler, L50, F|100/100
|switch|p1b: Electabuzz|Electabuzz, L50, M|100/100
|switch|p2a: Torkoal|Torkoal, L50, M|100/100
|switch|p2b: Porygon2|Porygon2, L50|100/100
|-ability|p2b: Porygon2|Download|boost
|-boost|p2b: Porygon2|atk|1
|-weather|SunnyDay|[from] ability: Drought|[of] p2a: Torkoal
|turn|1
|inactive|Megadimsum has 30 seconds left.
|
|t:|1757908956
|move|p2a: Torkoal|Protect|p2a: Torkoal
|-singleturn|p2a: Torkoal|Protect
|move|p1a: Sneasler|Dire Claw|p2a: Torkoal
|-activate|p2a: Torkoal|move: Protect
|move|p1b: Electabuzz|Thunder Wave|p2b: Porygon2
|-status|p2b: Porygon2|par
|move|p2b: Porygon2|Trick Room|p2b: Porygon2
|-fieldstart|move: Trick Room|[of] p2b: Porygon2
|
|-weather|SunnyDay|[upkeep]
|upkeep
|turn|2
|
|t:|1757908978
|switch|p2b: Charizard|Charizard, L50, F|100/100
|switch|p1a: Goodra|Goodra, L50, M|100/100
|move|p2a: Torkoal|Eruption|p1b: Electabuzz|[spread] p1a,p1b
|-resisted|p1a: Goodra
|-damage|p1a: Goodra|86/100
|-damage|p1b: Electabuzz|46/100
|move|p1b: Electabuzz|Thunderbolt|p2a: Torkoal
|-damage|p2a: Torkoal|63/100
|
|-weather|SunnyDay|[upkeep]
|-damage|p2b: Charizard|88/100|[from] ability: Solar Power|[of] p2b: Charizard
|upkeep
|turn|3
|inactive|Mcn35 has 30 seconds left.
|inactive|Megadimsum has 30 seconds left.
|inactive|Megadimsum has 20 seconds left.
|
|t:|1757909015
|-terastallize|p2b: Charizard|Steel
|move|p2a: Torkoal|Overheat|p1a: Goodra
|-resisted|p1a: Goodra
|-damage|p1a: Goodra|69/100
|-unboost|p2a: Torkoal|spa|2
|-enditem|p2a: Torkoal|Eject Pack
|
|t:|1757909028
|switch|p2a: Porygon2|Porygon2, L50|100/100 par
|-ability|p2a: Porygon2|Download|boost
|-boost|p2a: Porygon2|atk|1
|move|p1a: Goodra|Dragon Pulse|p2a: Porygon2
|-crit|p2a: Porygon2
|-damage|p2a: Porygon2|67/100 par
|move|p1b: Electabuzz|Thunder Wave|p2b: Charizard
|-status|p2b: Charizard|par
|cant|p2b: Charizard|par
|
|-weather|SunnyDay|[upkeep]
|-damage|p2b: Charizard|76/100 par|[from] ability: Solar Power|[of] p2b: Charizard
|upkeep
|turn|4
|inactive|Mcn35 has 30 seconds left.
|
|t:|1757909060
|move|p1b: Electabuzz|Follow Me|p1b: Electabuzz
|-singleturn|p1b: Electabuzz|move: Follow Me
|cant|p2a: Porygon2|par
|move|p2b: Charizard|Heat Wave|p1b: Electabuzz|[spread] p1a,p1b
|-resisted|p1a: Goodra
|-damage|p1a: Goodra|43/100
|-damage|p1b: Electabuzz|0 fnt
|faint|p1b: Electabuzz
|move|p1a: Goodra|Flamethrower|p2b: Charizard
|-supereffective|p2b: Charizard
|-damage|p2b: Charizard|0 fnt
|faint|p2b: Charizard
|
|-weather|SunnyDay|[upkeep]
|upkeep
|inactive|Megadimsum has 30 seconds left.
|
|t:|1757909087
|switch|p1b: Sneasler|Sneasler, L50, F|100/100
|switch|p2b: Rillaboom|Rillaboom, L50, M|100/100
|-fieldstart|move: Grassy Terrain|[from] ability: Grassy Surge|[of] p2b: Rillaboom
|turn|5
|
|t:|1757909101
|move|p1b: Sneasler|Protect|p1b: Sneasler
|-singleturn|p1b: Sneasler|Protect
|move|p2b: Rillaboom|Fake Out|p1b: Sneasler
|-activate|p1b: Sneasler|move: Protect
|move|p2a: Porygon2|Ice Beam|p1a: Goodra
|-supereffective|p1a: Goodra
|-damage|p1a: Goodra|21/100
|move|p1a: Goodra|Sludge Wave|p2b: Rillaboom|[spread] p2a,p2b
|-activate|p1b: Sneasler|move: Protect
|-crit|p2a: Porygon2
|-supereffective|p2b: Rillaboom
|-damage|p2a: Porygon2|49/100 par
|-damage|p2b: Rillaboom|68/100
|
|-weather|none
|-heal|p2a: Porygon2|55/100 par|[from] Grassy Terrain
|-heal|p1a: Goodra|27/100|[from] Grassy Terrain
|-heal|p2b: Rillaboom|74/100|[from] Grassy Terrain
|-fieldend|move: Trick Room
|upkeep
|turn|6
|inactive|Mcn35 has 30 seconds left.
|inactive|Megadimsum has 30 seconds left.
|
|t:|1757909129
|switch|p1a: Comfey|Comfey, L50, F|100/100
|move|p1b: Sneasler|Close Combat|p2a: Porygon2
|-supereffective|p2a: Porygon2
|-crit|p2a: Porygon2
|-damage|p2a: Porygon2|0 fnt
|-unboost|p1b: Sneasler|def|1
|-unboost|p1b: Sneasler|spd|1
|faint|p2a: Porygon2
|move|p2b: Rillaboom|Wood Hammer|p1a: Comfey
|-damage|p1a: Comfey|5/100
|-damage|p2b: Rillaboom|50/100|[from] Recoil
|
|-heal|p1a: Comfey|11/100|[from] Grassy Terrain
|-heal|p1a: Comfey|16/100|[from] item: Leftovers
|-heal|p2b: Rillaboom|56/100|[from] Grassy Terrain
|upkeep
|
|t:|1757909140
|switch|p2a: Torkoal|Torkoal, L50, M|63/100
|-weather|SunnyDay|[from] ability: Drought|[of] p2a: Torkoal
|turn|7
|
|t:|1757909158
|move|p1a: Comfey|Protect|p1a: Comfey
|-singleturn|p1a: Comfey|Protect
|move|p2b: Rillaboom|Grassy Glide|p1a: Comfey
|-activate|p1a: Comfey|move: Protect
|move|p1b: Sneasler|Dire Claw|p2b: Rillaboom
|-supereffective|p2b: Rillaboom
|-damage|p2b: Rillaboom|0 fnt
|faint|p2b: Rillaboom
|move|p2a: Torkoal|Overheat|p1b: Sneasler
|-enditem|p1b: Sneasler|Focus Sash
|-damage|p1b: Sneasler|1/100
|-unboost|p2a: Torkoal|spa|2
|
|-weather|SunnyDay|[upkeep]
|-heal|p1b: Sneasler|7/100|[from] Grassy Terrain
|-heal|p1a: Comfey|22/100|[from] Grassy Terrain
|-heal|p1a: Comfey|28/100|[from] item: Leftovers
|-heal|p2a: Torkoal|69/100|[from] Grassy Terrain
|upkeep
|turn|8
|
|t:|1757909177
|move|p1b: Sneasler|Dire Claw|p2a: Torkoal
|-crit|p2a: Torkoal
|-damage|p2a: Torkoal|22/100
|move|p1a: Comfey|Leech Seed|p2a: Torkoal|[miss]
|-miss|p1a: Comfey|p2a: Torkoal
|move|p2a: Torkoal|Eruption|p1a: Comfey|[spread] p1a,p1b
|-damage|p1a: Comfey|20/100
|-damage|p1b: Sneasler|0 fnt
|faint|p1b: Sneasler
|
|-weather|SunnyDay|[upkeep]
|-heal|p1a: Comfey|26/100|[from] Grassy Terrain
|-heal|p1a: Comfey|32/100|[from] item: Leftovers
|-heal|p2a: Torkoal|28/100|[from] Grassy Terrain
|upkeep
|
|t:|1757909187
|switch|p1b: Goodra|Goodra, L50, M|27/100
|turn|9
|
|t:|1757909193
|move|p1a: Comfey|Floral Healing|p1b: Goodra
|-heal|p1b: Goodra|94/100
|move|p1b: Goodra|Dragon Pulse|p2a: Torkoal
|-damage|p2a: Torkoal|0 fnt
|faint|p2a: Torkoal
|
|win|Mcn35
||Megadimsum is ready for game 2.
||Mcn35 is ready for game 2.
|uhtml|next|Next: Game 2 of 3
