|j|☆HunterOnShowdown
|j|☆TheMochiMan
|html|HunterOnShowdownTheMochiMan    
|uhtml|bestof|Game 3 of a best-of-3
|t:|1785867183
|gametype|doubles
|player|p1|HunterOnShowdown|hilbert|1320
|player|p2|TheMochiMan|doctor|1284
|gen|9
|tier|[Gen 9 Champions] VGC 2026 Reg M-B (Bo3)
|rated|
|rule|Species Clause: Limit one of each Pokémon
|rule|Item Clause: Limit 1 of each item
|clearpoke
|poke|p1|Emboar, L50, M|
|poke|p1|Meowscarada, L50, M|
|poke|p1|Ninetales-Alola, L50, F|
|poke|p1|Sneasler, L50, F, shiny|
|poke|p1|Aerodactyl, L50, M|
|poke|p1|Garchomp, L50, F|
|poke|p2|Toxapex, L50, F, shiny|
|poke|p2|Charizard, L50, F|
|poke|p2|Garchomp, L50, M|
|poke|p2|Annihilape, L50, F, shiny|
|poke|p2|Venusaur, L50, F|
|poke|p2|Incineroar, L50, F|
|teampreview|4
|showteam|p1|Emboar||Emboarite|Reckless|FlareBlitz,DrainPunch,SuckerPunch,Protect|Adamant||M|||50|]Meowscarada||ChoiceScarf|Protean|Uturn,FlowerTrick,ThroatChop,TripleAxel|Adamant||M|||50|]Ninetales-Alola||NeverMeltIce|SnowWarning|Blizzard,FreezeDry,Protect,Encore|Timid||F|||50|]Sneasler||WhiteHerb|Unburden|Coaching,CloseCombat,GunkShot,FakeOut|Jolly||F|||50|]Aerodactyl||Aerodactylite|Unnerve|RockSlide,DualWingbeat,Tailwind,Protect|Jolly||M|||50|]Garchomp||SitrusBerry|RoughSkin|DragonClaw,StompingTantrum,RockSlide,Protect|Adamant||F|||50|
|showteam|p2|Toxapex||Leftovers|Regenerator|Toxic,Infestation,BanefulBunker,WideGuard|Bold||F|||50|]Charizard||CharizarditeY|Blaze|Protect,HeatWave,HelpingHand,WeatherBall|Modest||F|||50|]Garchomp||ChoiceScarf|RoughSkin|StompingTantrum,Earthquake,DragonClaw,RockSlide|Adamant||M|||50|]Annihilape||FocusSash|Defiant|Protect,CloseCombat,PhantomForce,RageFist|Jolly||F|||50|]Venusaur||LifeOrb|Chlorophyll|Protect,EarthPower,SludgeBomb,SolarBeam|Modest||F|||50|]Incineroar||SitrusBerry|Intimidate|FakeOut,PartingShot,ThroatChop,FlareBlitz|Impish||F|||50|
|inactive|Battle timer is ON: inactive players will automatically lose when time's up. (requested by HunterOnShowdown)
|inactive|TheMochiMan has 60 seconds left.
|
|t:|1785867214
|teamsize|p1|4
|teamsize|p2|4
|start
|switch|p1a: Misaki|Sneasler, L50, F, shiny|100/100
|switch|p1b: Ptietro|Aerodactyl, L50, M|100/100
|switch|p2a: Charizard|Charizard, L50, F|100/100
|switch|p2b: Venusaur|Venusaur, L50, F|100/100
|-ability|p1b: Ptietro|Unnerve
|turn|1
|
|t:|1785867231
|detailschange|p1b: Ptietro|Aerodactyl-Mega, L50, M
|-mega|p1b: Ptietro|Aerodactyl|Aerodactylite
|detailschange|p2a: Charizard|Charizard-Mega-Y, L50, F
|-mega|p2a: Charizard|Charizard|Charizardite Y
|-weather|SunnyDay|[from] ability: Drought|[of] p2a: Charizard
|move|p1a: Misaki|Fake Out|p2b: Venusaur
|-damage|p2b: Venusaur|86/100
|cant|p2b: Venusaur|flinch
|move|p1b: Ptietro|Tailwind|p1b: Ptietro
|-sidestart|p1: HunterOnShowdown|move: Tailwind
|move|p2a: Charizard|Weather Ball|p1a: Misaki
|-damage|p1a: Misaki|0 fnt
|faint|p1a: Misaki
|
|-weather|SunnyDay|[upkeep]
|upkeep
|
|t:|1785867235
|switch|p1a: Nora|Ninetales-Alola, L50, F|100/100
|-weather|Snowscape|[from] ability: Snow Warning|[of] p1a: Nora
|turn|2
|
|t:|1785867247
|switch|p2a: Toxapex|Toxapex, L50, F, shiny|100/100
|switch|p2b: Incineroar|Incineroar, L50, F|100/100
|-ability|p2b: Incineroar|Intimidate|boost
|-unboost|p1a: Nora|atk|1
|-unboost|p1b: Ptietro|atk|1
|move|p1b: Ptietro|Rock Slide|p2b: Incineroar|[spread] p2a,p2b
|-supereffective|p2b: Incineroar|1
|-damage|p2a: Toxapex|88/100
|-damage|p2b: Incineroar|72/100
|move|p1a: Nora|Blizzard|p2b: Incineroar|[spread] p2a,p2b
|-resisted|p2a: Toxapex|1
|-resisted|p2b: Incineroar|1
|-damage|p2a: Toxapex|75/100
|-damage|p2b: Incineroar|58/100
|
|-weather|Snowscape|[upkeep]
|-heal|p2a: Toxapex|81/100|[from] item: Leftovers
|upkeep
|turn|3
|
|t:|1785867271
|switch|p1b: Tyrannis|Garchomp, L50, F|100/100
|move|p1a: Nora|Protect|p1a: Nora
|-singleturn|p1a: Nora|Protect
|move|p2b: Incineroar|Fake Out|p1b: Tyrannis
|-damage|p1b: Tyrannis|90/100
|-damage|p2b: Incineroar|46/100|[from] ability: Rough Skin|[of] p1b: Tyrannis
|-enditem|p2b: Incineroar|Sitrus Berry|[eat]
|-heal|p2b: Incineroar|71/100|[from] item: Sitrus Berry
|move|p2a: Toxapex|Infestation|p1a: Nora
|-activate|p1a: Nora|move: Protect
|
|-weather|Snowscape|[upkeep]
|-heal|p2a: Toxapex|87/100|[from] item: Leftovers
|upkeep
|turn|4
|
|t:|1785867291
|switch|p2b: Charizard|Charizard-Mega-Y, L50, F|100/100
|-weather|SunnyDay|[from] ability: Drought|[of] p2b: Charizard
|move|p2a: Toxapex|Wide Guard|p2a: Toxapex
|-singleturn|p2a: Toxapex|Wide Guard
|move|p1a: Nora|Freeze-Dry|p2a: Toxapex
|-supereffective|p2a: Toxapex|1
|-damage|p2a: Toxapex|41/100
|move|p1b: Tyrannis|Stomping Tantrum|p2b: Charizard
|-immune|p2b: Charizard
|
|-weather|SunnyDay|[upkeep]
|-heal|p2a: Toxapex|47/100|[from] item: Leftovers
|-sideend|p1: HunterOnShowdown|move: Tailwind
|upkeep
|turn|5
|inactive|TheMochiMan has 30 seconds left.
|
|t:|1785867318
|switch|p1a: Ptietro|Aerodactyl-Mega, L50, M|100/100
|-heal|p2a: Toxapex|80/100|[from] ability: Regenerator|[silent]
|switch|p2a: Venusaur|Venusaur, L50, F|86/100
|move|p1b: Tyrannis|Stomping Tantrum|p2a: Venusaur
|-damage|p2a: Venusaur|0 fnt
|faint|p2a: Venusaur
|move|p2b: Charizard|Heat Wave|p1b: Tyrannis|[spread] 
|-miss|p2b: Charizard|p1a: Ptietro
|-miss|p2b: Charizard|p1b: Tyrannis
|
|-weather|SunnyDay|[upkeep]
|upkeep
|
|t:|1785867334
|switch|p2a: Incineroar|Incineroar, L50, F|71/100
|-ability|p2a: Incineroar|Intimidate|boost
|-unboost|p1a: Ptietro|atk|1
|-unboost|p1b: Tyrannis|atk|1
|turn|6
|
|t:|1785867344
|move|p1a: Ptietro|Protect|p1a: Ptietro
|-singleturn|p1a: Ptietro|Protect
|move|p1b: Tyrannis|Protect|p1b: Tyrannis
|-singleturn|p1b: Tyrannis|Protect
|move|p2a: Incineroar|Fake Out|p1a: Ptietro
|-activate|p1a: Ptietro|move: Protect
|move|p2b: Charizard|Heat Wave|p1a: Ptietro|[spread] 
|-activate|p1a: Ptietro|move: Protect
|-activate|p1b: Tyrannis|move: Protect
|
|-weather|SunnyDay|[upkeep]
|upkeep
|turn|7
|
|t:|1785867360
|switch|p2b: Toxapex|Toxapex, L50, F, shiny|80/100
|move|p1a: Ptietro|Rock Slide|p2a: Incineroar|[spread] p2a,p2b
|-supereffective|p2a: Incineroar|1
|-damage|p2a: Incineroar|43/100
|-damage|p2b: Toxapex|68/100
|move|p1b: Tyrannis|Stomping Tantrum|p2a: Incineroar
|-supereffective|p2a: Incineroar|1
|-damage|p2a: Incineroar|4/100
|move|p2a: Incineroar|Parting Shot|p1b: Tyrannis
|-unboost|p1b: Tyrannis|atk|1
|-unboost|p1b: Tyrannis|spa|1
|
|t:|1785867370
|switch|p2a: Charizard|Charizard-Mega-Y, L50, F|100/100|[from] Parting Shot
|
|-weather|SunnyDay|[upkeep]
|-heal|p2b: Toxapex|74/100|[from] item: Leftovers
|upkeep
|turn|8
|
|t:|1785867392
|switch|p1b: Nora|Ninetales-Alola, L50, F|100/100
|-weather|Snowscape|[from] ability: Snow Warning|[of] p1b: Nora
|move|p1a: Ptietro|Dual Wingbeat|p2b: Toxapex
|-damage|p2b: Toxapex|61/100
|-damage|p2b: Toxapex|49/100
|-hitcount|p2b: Toxapex|2
|move|p2a: Charizard|Weather Ball|p1a: Ptietro
|-supereffective|p1a: Ptietro|1
|-damage|p1a: Ptietro|24/100
|move|p2b: Toxapex|Toxic|p1b: Nora
|-status|p1b: Nora|tox
|
|-weather|Snowscape|[upkeep]
|-heal|p2b: Toxapex|54/100|[from] item: Leftovers
|-damage|p1b: Nora|93/100 tox|[from] psn
|upkeep
|turn|9
|
|t:|1785867415
|switch|p1a: Tyrannis|Garchomp, L50, F|90/100
|-heal|p2b: Toxapex|87/100|[from] ability: Regenerator|[silent]
|switch|p2b: Incineroar|Incineroar, L50, F|4/100
|-ability|p2b: Incineroar|Intimidate|boost
|-unboost|p1a: Tyrannis|atk|1
|-unboost|p1b: Nora|atk|1
|move|p1b: Nora|Freeze-Dry|p2b: Incineroar
|-resisted|p2b: Incineroar|1
|-crit|p2b: Incineroar
|-damage|p2b: Incineroar|0 fnt
|faint|p2b: Incineroar
|move|p2a: Charizard|Weather Ball|p1a: Tyrannis
|-supereffective|p1a: Tyrannis|2
|-damage|p1a: Tyrannis|0 fnt
|faint|p1a: Tyrannis
|
|-weather|Snowscape|[upkeep]
|-damage|p1b: Nora|81/100 tox|[from] psn
|upkeep
|
|t:|1785867418
|switch|p1a: Ptietro|Aerodactyl-Mega, L50, M|24/100
|switch|p2b: Toxapex|Toxapex, L50, F, shiny|87/100
|turn|10
|
|t:|1785867426
|move|p2b: Toxapex|Wide Guard|p2b: Toxapex
|-singleturn|p2b: Toxapex|Wide Guard
|move|p1a: Ptietro|Dual Wingbeat|p2a: Charizard
|-damage|p2a: Charizard|76/100
|-damage|p2a: Charizard|50/100g
|-hitcount|p2a: Charizard|2
|move|p1b: Nora|Freeze-Dry|p2a: Charizard
|-damage|p2a: Charizard|25/100
|move|p2a: Charizard|Heat Wave|p1b: Nora|[spread] p1a,p1b
|-resisted|p1a: Ptietro|1
|-supereffective|p1b: Nora|1
|-damage|p1a: Ptietro|4/100
|-damage|p1b: Nora|0 fnt
|faint|p1b: Nora
|
|-weather|Snowscape|[upkeep]
|-heal|p2b: Toxapex|93/100|[from] item: Leftovers
|upkeep
|turn|11
|
|t:|1785867431
|move|p1a: Ptietro|Rock Slide|p2b: Toxapex|[spread] p2a,p2b
|-supereffective|p2a: Charizard|2
|-crit|p2b: Toxapex
|-damage|p2a: Charizard|0 fnt
|-damage|p2b: Toxapex|64/100
|faint|p2a: Charizard
|move|p2b: Toxapex|Toxic|p1a: Ptietro
|-status|p1a: Ptietro|tox
|
|-weather|Snowscape|[upkeep]
|-heal|p2b: Toxapex|70/100|[from] item: Leftovers
|-damage|p1a: Ptietro|0 fnt|[from] psn
|faint|p1a: Ptietro
|
|win|TheMochiMan
|raw|HunterOnShowdown's rating: 1320 → 1298(-22 for losing)
|raw|TheMochiMan's rating: 1284 → 1312(+28 for winning)
|l|☆HunterOnShowdown
|player|p1|
