|j|☆AGreatRobot
|j|☆Gabeeel
|html|AGreatRobotGabeeel    
|uhtml|bestof|Game 2 of a best-of-3
|t:|1783200426
|gametype|doubles
|player|p1|AGreatRobot|medium|
|player|p2|Gabeeel|iris|
|gen|9
|tier|[Gen 9 Champions] VGC 2026 Reg M-B (Bo3)
|rule|Species Clause: Limit one of each Pokémon
|rule|Item Clause: Limit 1 of each item
|clearpoke
|poke|p1|Annihilape, L50, M|
|poke|p1|Aerodactyl, L50, M|
|poke|p1|Blaziken, L50, F|
|poke|p1|Roserade, L50, M|
|poke|p1|Rotom-Wash, L50|
|poke|p1|Scizor, L50, M|
|poke|p2|Scrafty, L50, F|
|poke|p2|Slowking-Galar, L50, F|
|poke|p2|Palafin, L50, F|
|poke|p2|Volcarona, L50, F|
|poke|p2|Meowscarada, L50, F|
|poke|p2|Metagross, L50|
|teampreview|4
|showteam|p1|Annihilape||SitrusBerry|Defiant|RageFist,DrainPunch,BulkUp,Protect|Careful||M|||50|]Aerodactyl||FocusSash|Pressure|RockSlide,WideGuard,Tailwind,Taunt|Jolly||M|||50|]Blaziken||Blazikenite|SpeedBoost|FlareBlitz,CloseCombat,SwordsDance,Detect|Adamant||F|||50|]Roserade||WideLens|PoisonPoint|PinMissile,SleepPowder,LifeDew,LeafStorm|Timid||M|||50|]Rotom-Wash||ChoiceScarf|Levitate|HydroPump,Electroweb,VoltSwitch,Thunderbolt|Modest|||||50|]Scizor||LifeOrb|Technician|Assurance,BulletPunch,Uturn,Protect|Adamant||M|||50|
|showteam|p2|Scrafty||Scraftinite|Intimidate|FakeOut,KnockOff,DrainPunch,SwordsDance|Adamant||F|||50|]Slowking-Galar||LifeOrb|Regenerator|SludgeBomb,Psychic,TrickRoom,Protect|Quiet||F|||50|]Palafin||MysticWater|ZerotoHero|WaveCrash,FlipTurn,JetPunch,Protect|Adamant||F|||50|]Volcarona||Leftovers|FlameBody|HeatWave,GigaDrain,QuiverDance,Protect|Modest||F|||50|]Meowscarada||FocusSash|Overgrow|FlowerTrick,KnockOff,SuckerPunch,Protect|Jolly||F|||50|]Metagross||MetalCoat|ClearBody|BulletPunch,IronHead,PsychicFangs,Protect|Adamant|||||50|
|
|t:|1783200489
|teamsize|p1|4
|teamsize|p2|4
|start
|switch|p1a: Scizor|Scizor, L50, M|100/100
|switch|p1b: Roserade|Roserade, L50, M|100/100
|switch|p2a: Metagross|Metagross, L50|100/100
|switch|p2b: Slowking|Slowking-Galar, L50, F|100/100
|turn|1
|
|t:|1783200508
|move|p1b: Roserade|Sleep Powder|p2b: Slowking
|-status|p2b: Slowking|slp|[from] move: Sleep Powder
|move|p1a: Scizor|Assurance|p2a: Metagross
|-supereffective|p2a: Metagross|1
|-damage|p2a: Metagross|28/100
|-damage|p1a: Scizor|90/100|[from] item: Life Orb
|move|p2a: Metagross|Psychic Fangs|p1b: Roserade
|-supereffective|p1b: Roserade|1
|-damage|p1b: Roserade|0 fnt
|faint|p1b: Roserade
|cant|p2b: Slowking|slp
|
|upkeep
|
|t:|1783200522
|switch|p1b: Blaziken|Blaziken, L50, F|100/100
|turn|2
|
|t:|1783200535
|switch|p2a: Palafin|Palafin, L50, F|100/100
|detailschange|p1b: Blaziken|Blaziken-Mega, L50, F
|-mega|p1b: Blaziken|Blaziken|Blazikenite
|move|p1b: Blaziken|Detect|p1b: Blaziken
|-singleturn|p1b: Blaziken|Protect
|move|p1a: Scizor|Assurance|p2b: Slowking
|-supereffective|p2b: Slowking|1
|-damage|p2b: Slowking|20/100y slp
|-damage|p1a: Scizor|80/100|[from] item: Life Orb
|-curestatus|p2b: Slowking|slp|[msg]
|move|p2b: Slowking|Trick Room|p2b: Slowking
|-fieldstart|move: Trick Room|[of] p2b: Slowking
|
|-ability|p1b: Blaziken|Speed Boost|boost
|-boost|p1b: Blaziken|spe|1
|upkeep
|turn|3
|
|t:|1783200553
|-heal|p2b: Slowking|53/100|[from] ability: Regenerator|[silent]
|switch|p2b: Volcarona|Volcarona, L50, F|100/100
|switch|p1b: Rotom|Rotom-Wash, L50|100/100
|move|p1a: Scizor|Bullet Punch|p2b: Volcarona
|-resisted|p2b: Volcarona|1
|-crit|p2b: Volcarona
|-damage|p2b: Volcarona|61/100
|-damage|p1a: Scizor|70/100|[from] item: Life Orb
|move|p2a: Palafin|Flip Turn|p1b: Rotom
|-resisted|p1b: Rotom|1
|-damage|p1b: Rotom|85/100
|
|t:|1783200577
|detailschange|p2a: Palafin|Palafin-Hero, L50, F
|switch|p2a: Metagross|Metagross, L50|28/100|[from] Flip Turn
|
|-heal|p2b: Volcarona|67/100|[from] item: Leftovers
|upkeep
|turn|4
|
|t:|1783200589
|move|p1a: Scizor|Protect|p1a: Scizor
|-singleturn|p1a: Scizor|Protect
|move|p2a: Metagross|Psychic Fangs|p1b: Rotom
|-damage|p1b: Rotom|31/100
|move|p2b: Volcarona|Heat Wave|p1a: Scizor|[spread] p1b
|-activate|p1a: Scizor|move: Protect
|-resisted|p1b: Rotom|1
|-damage|p1b: Rotom|14/100
|move|p1b: Rotom|Thunderbolt|p2a: Metagross
|-crit|p2a: Metagross
|-damage|p2a: Metagross|0 fnt
|faint|p2a: Metagross
|
|-heal|p2b: Volcarona|73/100|[from] item: Leftovers
|upkeep
|
|t:|1783200609
|switch|p2a: Slowking|Slowking-Galar, L50, F|53/100
|turn|5
|
|t:|1783200617
|switch|p1a: Blaziken|Blaziken-Mega, L50, F|100/100
|move|p2a: Slowking|Psychic|p1b: Rotom
|-damage|p1b: Rotom|0 fnt
|faint|p1b: Rotom
|-damage|p2a: Slowking|43/100|[from] item: Life Orb
|move|p2b: Volcarona|Quiver Dance|p2b: Volcarona
|-boost|p2b: Volcarona|spa|1
|-boost|p2b: Volcarona|spd|1
|-boost|p2b: Volcarona|spe|1
|
|-heal|p2b: Volcarona|80/100|[from] item: Leftovers
|upkeep
|
|t:|1783200623
|switch|p1b: Scizor|Scizor, L50, M|70/100
|turn|6
|
|t:|1783200638
|move|p1a: Blaziken|Detect|p1a: Blaziken
|-singleturn|p1a: Blaziken|Protect
|move|p2b: Volcarona|Protect|p2b: Volcarona
|-singleturn|p2b: Volcarona|Protect
|move|p2a: Slowking|Psychic|p1a: Blaziken
|-activate|p1a: Blaziken|move: Protect
|move|p1b: Scizor|Assurance|p2a: Slowking
|-supereffective|p2a: Slowking|1
|-damage|p2a: Slowking|0 fnt
|faint|p2a: Slowking
|-damage|p1b: Scizor|61/100|[from] item: Life Orb
|
|-heal|p2b: Volcarona|86/100|[from] item: Leftovers
|-fieldend|move: Trick Room
|-ability|p1a: Blaziken|Speed Boost|boost
|-boost|p1a: Blaziken|spe|1
|upkeep
|
|t:|1783200641
|switch|p2a: Palafin|Palafin-Hero, L50, F|100/100
|-activate|p2a: Palafin|ability: Zero to Hero
|turn|7
|
|t:|1783200655
|move|p2a: Palafin|Jet Punch|p1a: Blaziken
|-supereffective|p1a: Blaziken|1
|-damage|p1a: Blaziken|0 fnt
|faint|p1a: Blaziken
|move|p2b: Volcarona|Heat Wave|p1b: Scizor
|-supereffective|p1b: Scizor|2
|-damage|p1b: Scizor|0 fnt
|faint|p1b: Scizor
|
|win|Gabeeel
|c|☆AGreatRobot|Ggs
|c|☆Gabeeel|ggs
