|j|☆jahjahberry
|j|☆liamvgc1
|html|jahjahberryliamvgc1    
|uhtml|bestof|Game 3 of a best-of-3
|t:|1755934953
|gametype|doubles
|player|p1|jahjahberry|shadowtriad|1126
|player|p2|liamvgc1|169|1323
|gen|9
|tier|[Gen 9] VGC 2025 Reg H (Bo3)
|rated|
|rule|Species Clause: Limit one of each Pokémon
|rule|Item Clause: Limit 1 of each item
|clearpoke
|poke|p1|Whimsicott, L50, M|
|poke|p1|Gholdengo, L50|
|poke|p1|Ursaluna-Bloodmoon, L50, M|
|poke|p1|Pelipper, L50, F|
|poke|p1|Archaludon, L50, M|
|poke|p1|Basculegion, L50, M|
|poke|p2|Sneasler, L50, M|
|poke|p2|Indeedee, L50, M|
|poke|p2|Volcarona, L50, F|
|poke|p2|Ursaluna-Bloodmoon, L50, M|
|poke|p2|Annihilape, L50, F|
|poke|p2|Tyranitar, L50, M|
|teampreview|4
|showteam|p1|Whimsicott||CovertCloak|Prankster|Moonblast,Taunt,FakeTears,Tailwind|||M|||50|,,,,,Steel]Gholdengo||LifeOrb|GoodasGold|MakeItRain,ShadowBall,TeraBlast,Protect||||||50|,,,,,Fighting]Ursaluna-Bloodmoon||AssaultVest|MindsEye|HyperVoice,BloodMoon,EarthPower,VacuumWave|||M|||50|,,,,,Fighting]Pelipper||SafetyGoggles|Drizzle|WeatherBall,MuddyWater,WideGuard,Hurricane|||F|||50|,,,,,Steel]Archaludon||PowerHerb|Sturdy|ElectroShot,DracoMeteor,FlashCannon,Protect|||M|||50|,,,,,Electric]Basculegion||FocusSash|Adaptability|Liquidation,LastRespects,AquaJet,Protect|||M|||50|,,,,,Ghost
|showteam|p2|Sneasler||PsychicSeed|Unburden|CloseCombat,DireClaw,ThroatChop,Protect|||M|||50|,,,,,Dark]Indeedee||ChoiceScarf|PsychicSurge|ExpandingForce,TeraBlast,Trick,Protect|||M|||50|,,,,,Psychic]Volcarona||SitrusBerry|FlameBody|Overheat,StruggleBug,RagePowder,Tailwind|||F|||50|,,,,,Grass]Ursaluna-Bloodmoon||LifeOrb|MindsEye|BloodMoon,HyperVoice,EarthPower,Protect|||M|||50|,,,,,Normal]Annihilape||SafetyGoggles|Defiant|CloseCombat,RageFist,Taunt,FinalGambit|||F|||50|,,,,,Fairy]Tyranitar||AssaultVest|SandStream|RockSlide,KnockOff,TeraBlast,LowKick|||M|||50|,,,,,Flying
|inactive|Battle timer is ON: inactive players will automatically lose when time's up. (requested by liamvgc1)
|inactive|liamvgc1 has 60 seconds left.
|
|t:|1755934984
|teamsize|p1|4
|teamsize|p2|4
|start
|switch|p1a: Pelipper|Pelipper, L50, F|100/100
|switch|p1b: Archaludon|Archaludon, L50, M|100/100
|switch|p2a: Sneasler|Sneasler, L50, M|100/100
|switch|p2b: Volcarona|Volcarona, L50, F|100/100
|-weather|RainDance|[from] ability: Drizzle|[of] p1a: Pelipper
|turn|1
|inactive|jahjahberry has 30 seconds left.
|
|t:|1755935017
|-terastallize|p2b: Volcarona|Grass
|move|p1b: Archaludon|Protect|p1b: Archaludon
|-singleturn|p1b: Archaludon|Protect
|move|p2a: Sneasler|Close Combat|p1b: Archaludon
|-activate|p1b: Archaludon|move: Protect
|move|p2b: Volcarona|Overheat|p1b: Archaludon
|-activate|p1b: Archaludon|move: Protect
|move|p1a: Pelipper|Hurricane|p2b: Volcarona
|-supereffective|p2b: Volcarona
|-damage|p2b: Volcarona|7/100
|-enditem|p2b: Volcarona|Sitrus Berry|[eat]
|-heal|p2b: Volcarona|32/100|[from] item: Sitrus Berry
|
|-weather|RainDance|[upkeep]
|upkeep
|turn|2
|inactive|jahjahberry has 30 seconds left.
|inactive|jahjahberry has 20 seconds left.
|inactive|jahjahberry has 15 seconds left.
|
|t:|1755935062
|switch|p1b: Gholdengo|Gholdengo, L50|100/100
|move|p2a: Sneasler|Close Combat|p1b: Gholdengo
|-immune|p1b: Gholdengo
|move|p2b: Volcarona|Tailwind|p2b: Volcarona
|-sidestart|p2: liamvgc1|move: Tailwind
|move|p1a: Pelipper|Muddy Water|p2b: Volcarona|[spread] p2a
|-miss|p1a: Pelipper|p2b: Volcarona
|-damage|p2a: Sneasler|37/100
|
|-weather|RainDance|[upkeep]
|upkeep
|turn|3
|
|t:|1755935079
|move|p2a: Sneasler|Dire Claw|p1a: Pelipper
|-damage|p1a: Pelipper|53/100
|-status|p1a: Pelipper|par
|move|p2b: Volcarona|Struggle Bug|p1a: Pelipper|[spread] p1a,p1b
|-resisted|p1a: Pelipper
|-resisted|p1b: Gholdengo
|-damage|p1a: Pelipper|40/100 par
|-damage|p1b: Gholdengo|96/100
|-unboost|p1a: Pelipper|spa|1
|-unboost|p1b: Gholdengo|spa|1
|move|p1b: Gholdengo|Shadow Ball|p2b: Volcarona
|-damage|p2b: Volcarona|0 fnt
|faint|p2b: Volcarona
|-damage|p1b: Gholdengo|86/100|[from] item: Life Orb
|move|p1a: Pelipper|Muddy Water|p2a: Sneasler
|-damage|p2a: Sneasler|0 fnt
|faint|p2a: Sneasler
|
|-weather|RainDance|[upkeep]
|upkeep
|
|t:|1755935083
|switch|p2a: Indeedee|Indeedee, L50, M|100/100
|switch|p2b: Annihilape|Annihilape, L50, F|100/100
|-fieldstart|move: Psychic Terrain|[from] ability: Psychic Surge|[of] p2a: Indeedee
|turn|4
|inactive|jahjahberry has 30 seconds left.
|inactive|jahjahberry has 20 seconds left.
|
|t:|1755935119
|move|p1b: Gholdengo|Protect|p1b: Gholdengo
|-singleturn|p1b: Gholdengo|Protect
|move|p2a: Indeedee|Tera Blast|p1a: Pelipper
|-damage|p1a: Pelipper|0 fnt
|faint|p1a: Pelipper
|move|p2b: Annihilape|Rage Fist|p1b: Gholdengo
|-activate|p1b: Gholdengo|move: Protect
|
|-weather|RainDance|[upkeep]
|upkeep
|
|t:|1755935143
|switch|p1a: Whimsicott|Whimsicott, L50, M|100/100
|turn|5
|
|t:|1755935153
|switch|p1b: Archaludon|Archaludon, L50, M|100/100
|move|p1a: Whimsicott|Tailwind|p1a: Whimsicott
|-sidestart|p1: jahjahberry|move: Tailwind
|move|p2a: Indeedee|Tera Blast|p1a: Whimsicott
|-damage|p1a: Whimsicott|51/100
|move|p2b: Annihilape|Rage Fist|p1b: Archaludon
|-damage|p1b: Archaludon|81/100
|
|-weather|none
|-sideend|p2: liamvgc1|move: Tailwind
|upkeep
|turn|6
|inactive|jahjahberry has 30 seconds left.
|
|t:|1755935182
|move|p1a: Whimsicott|Moonblast|p2a: Indeedee
|-damage|p2a: Indeedee|62/100
|move|p1b: Archaludon|Draco Meteor|p2a: Indeedee
|-damage|p2a: Indeedee|0 fnt
|-unboost|p1b: Archaludon|spa|2
|faint|p2a: Indeedee
|move|p2b: Annihilape|Close Combat|p1b: Archaludon
|-supereffective|p1b: Archaludon
|-damage|p1b: Archaludon|0 fnt
|-unboost|p2b: Annihilape|def|1
|-unboost|p2b: Annihilape|spd|1
|faint|p1b: Archaludon
|
|upkeep
|
|t:|1755935194
|switch|p1b: Gholdengo|Gholdengo, L50|86/100
|turn|7
|
|t:|1755935205
|move|p1a: Whimsicott|Moonblast|p2b: Annihilape
|-supereffective|p2b: Annihilape
|-damage|p2b: Annihilape|22/100
|move|p1b: Gholdengo|Shadow Ball|p2b: Annihilape
|-supereffective|p2b: Annihilape
|-damage|p2b: Annihilape|0 fnt
|faint|p2b: Annihilape
|-damage|p1b: Gholdengo|77/100|[from] item: Life Orb
|
|win|jahjahberry
|raw|jahjahberry's rating: 1126 → 1164(+38 for winning)
|raw|liamvgc1's rating: 1323 → 1293(-30 for losing)
|l|☆liamvgc1
|player|p2|
|c|☆jahjahberry|ggswp
