|j|☆TreyBayBay
|j|☆kurapikt07
|html|TreyBayBaykurapikt07    
|uhtml|bestof|Game 1 of a best-of-3
|t:|1757937686
|gametype|doubles
|player|p1|TreyBayBay|ninjaboy|1094
|player|p2|kurapikt07|pokemonbreeder|1081
|gen|9
|tier|[Gen 9] VGC 2025 Reg H (Bo3)
|rated|
|rule|Species Clause: Limit one of each Pokémon
|rule|Item Clause: Limit 1 of each item
|clearpoke
|poke|p1|Ninetales-Alola, L50, M|
|poke|p1|Farigiraf, L50, F|
|poke|p1|Sneasler, L50, M|
|poke|p1|Incineroar, L50, F|
|poke|p1|Archaludon, L50, F|
|poke|p1|Hydreigon, L50, M|
|poke|p2|Meowscarada, L50, M|
|poke|p2|Talonflame, L50, M|
|poke|p2|Crabominable, L50, F|
|poke|p2|Farigiraf, L50, F|
|poke|p2|Tauros-Paldea-Blaze, L50, M|
|poke|p2|Electabuzz, L50, F|
|teampreview|4
|showteam|p1|Ninetales-Alola||LightClay|SnowWarning|Protect,Blizzard,Moonblast,AuroraVeil|||M|||50|,,,,,Ghost]Farigiraf||ThroatSpray|ArmorTail|ExpandingForce,HyperVoice,TrickRoom,Imprison|||F|||50|,,,,,Fairy]Sneasler||FocusSash|PoisonTouch|FakeOut,DireClaw,CloseCombat,Taunt|||M|||50|,,,,,Stellar]Incineroar||SafetyGoggles|Intimidate|FakeOut,FlareBlitz,KnockOff,WillOWisp|||F|||50|,,,,,Ghost]Archaludon||AssaultVest|Stamina|DracoMeteor,FlashCannon,BodyPress,Thunderbolt|||F|||50|,,,,,Bug]Hydreigon||CovertCloak|Levitate|Snarl,EarthPower,HeatWave,Tailwind|||M|||50|,,,,,Ghost
|showteam|p2|Meowscarada||FocusSash|Overgrow|FlowerTrick,TrickRoom,Taunt,PollenPuff|||M|||50|,,,,,Ghost]Talonflame||EjectButton|GaleWings|BraveBird,Uturn,Tailwind,Taunt|||M|||50|,,,,,Ghost]Crabominable||CovertCloak|AngerPoint|DrainPunch,IceSpinner,KnockOff,WideGuard|||F|||50|,,,,,Flying]Farigiraf||IronBall|ArmorTail|ZenHeadbutt,TeraBlast,PsychUp,TrickRoom|||F|||50|,,,,,Fairy]Tauros-Paldea-Blaze||WideLens|AngerPoint|Earthquake,RockSlide,Protect,RagingBull|||M|||50|,,,,,Grass]Electabuzz||Eviolite|Static|FollowMe,Discharge,Thunderbolt,ThunderWave|||F|||50|,,,,,Grass
|inactive|Battle timer is ON: inactive players will automatically lose when time's up. (requested by kurapikt07)
|
|t:|1757937739
|teamsize|p1|4
|teamsize|p2|4
|start
|switch|p1a: Sneasler|Sneasler, L50, M|100/100
|switch|p1b: Hydreigon|Hydreigon, L50, M, shiny|100/100
|switch|p2a: Talonflame|Talonflame, L50, M|100/100
|switch|p2b: Tauros|Tauros-Paldea-Blaze, L50, M|100/100
|turn|1
|
|t:|1757937762
|-terastallize|p2a: Talonflame|Ghost
|move|p2b: Tauros|Protect|p2b: Tauros
|-singleturn|p2b: Tauros|Protect
|move|p1a: Sneasler|Fake Out|p2a: Talonflame
|-immune|p2a: Talonflame
|move|p2a: Talonflame|Taunt|p1b: Hydreigon
|-start|p1b: Hydreigon|move: Taunt
|cant|p1b: Hydreigon|move: Taunt|Tailwind
|
|upkeep
|turn|2
|inactive|kurapikt07 has 30 seconds left.
|
|t:|1757937795
|move|p2a: Talonflame|Tailwind|p2a: Talonflame
|-sidestart|p2: kurapikt07|move: Tailwind
|move|p2b: Tauros|Rock Slide|p1a: Sneasler|[spread] p1a,p1b
|-resisted|p1a: Sneasler
|-damage|p1a: Sneasler|86/100
|-damage|p1b: Hydreigon|80/100
|cant|p1a: Sneasler|flinch
|move|p1b: Hydreigon|Earth Power|p2b: Tauros
|-supereffective|p2b: Tauros
|-damage|p2b: Tauros|0 fnt
|faint|p2b: Tauros
|
|upkeep
|
|t:|1757937808
|switch|p2b: Meowscarada|Meowscarada, L50, M|100/100
|turn|3
|inactive|kurapikt07 has 30 seconds left.
|
|t:|1757937834
|switch|p1b: Incineroar|Incineroar, L50, F|100/100
|-ability|p1b: Incineroar|Intimidate|boost
|-unboost|p2a: Talonflame|atk|1
|-unboost|p2b: Meowscarada|atk|1
|move|p2a: Talonflame|Brave Bird|p1a: Sneasler
|-supereffective|p1a: Sneasler
|-damage|p1a: Sneasler|0 fnt
|faint|p1a: Sneasler
|-damage|p2a: Talonflame|72/100|[from] Recoil
|move|p2b: Meowscarada|Flower Trick|p1b: Incineroar
|-resisted|p1b: Incineroar
|-crit|p1b: Incineroar
|-damage|p1b: Incineroar|78/100
|
|upkeep
|
|t:|1757937846
|switch|p1a: Hydreigon|Hydreigon, L50, M, shiny|80/100
|turn|4
|
|t:|1757937863
|switch|p2b: Farigiraf|Farigiraf, L50, F|100/100
|move|p2a: Talonflame|Taunt|p1a: Hydreigon
|-start|p1a: Hydreigon|move: Taunt
|move|p1a: Hydreigon|Snarl|p2b: Farigiraf|[spread] p2a,p2b
|-supereffective|p2a: Talonflame
|-supereffective|p2b: Farigiraf
|-damage|p2a: Talonflame|0 fnt
|-damage|p2b: Farigiraf|56/100
|-unboost|p2b: Farigiraf|spa|1
|faint|p2a: Talonflame
|move|p1b: Incineroar|Flare Blitz|p2b: Farigiraf
|-damage|p2b: Farigiraf|10/100
|-damage|p1b: Incineroar|61/100|[from] Recoil
|
|upkeep
|
|t:|1757937876
|switch|p2a: Meowscarada|Meowscarada, L50, M|100/100
|turn|5
|
|t:|1757937894
|switch|p1b: Farigiraf|Farigiraf, L50, F, shiny|100/100
|move|p2a: Meowscarada|Flower Trick|p1a: Hydreigon
|-resisted|p1a: Hydreigon
|-crit|p1a: Hydreigon
|-damage|p1a: Hydreigon|50/100
|move|p1a: Hydreigon|Heat Wave|p2b: Farigiraf|[spread] p2b
|-miss|p1a: Hydreigon|p2a: Meowscarada
|-damage|p2b: Farigiraf|0 fnt
|faint|p2b: Farigiraf
|
|-sideend|p2: kurapikt07|move: Tailwind
|upkeep
|turn|6
|inactive|kurapikt07 has 30 seconds left.
|
|t:|1757937921
|switch|p1b: Incineroar|Incineroar, L50, F|61/100
|-ability|p1b: Incineroar|Intimidate|boost
|-unboost|p2a: Meowscarada|atk|1
|move|p2a: Meowscarada|Taunt|p1b: Incineroar
|-start|p1b: Incineroar|move: Taunt
|move|p1a: Hydreigon|Heat Wave|p2a: Meowscarada
|-supereffective|p2a: Meowscarada
|-crit|p2a: Meowscarada
|-enditem|p2a: Meowscarada|Focus Sash
|-damage|p2a: Meowscarada|1/100
|
|-end|p1a: Hydreigon|move: Taunt
|upkeep
|turn|7
|
|t:|1757937937
|move|p1b: Incineroar|Fake Out|p2a: Meowscarada
|-damage|p2a: Meowscarada|0 fnt
|faint|p2a: Meowscarada
|
|win|TreyBayBay
||kurapikt07 is ready for game 2.
|inactive|TreyBayBay has 30 seconds to confirm battle start!
||TreyBayBay is ready for game 2.
|uhtml|next|Next: Game 2 of 3
