|j|☆raylof
|j|☆RedGenji195
|html|raylofRedGenji195    
|uhtml|bestof|Game 1 of a best-of-3
|t:|1756269388
|gametype|doubles
|player|p1|raylof|170|1162
|player|p2|RedGenji195|265|1112
|gen|9
|tier|[Gen 9] VGC 2025 Reg H (Bo3)
|rated|
|rule|Species Clause: Limit one of each Pokémon
|rule|Item Clause: Limit 1 of each item
|clearpoke
|poke|p1|Dragonite, L50, F|
|poke|p1|Ursaluna-Bloodmoon, L50, M|
|poke|p1|Gholdengo, L50|
|poke|p1|Incineroar, L50, F|
|poke|p1|Amoonguss, L50, F|
|poke|p1|Ninetales-Alola, L50, M|
|poke|p2|Dragonite, L50, F|
|poke|p2|Sneasler, L50, M|
|poke|p2|Ursaluna-Bloodmoon, L50, M|
|poke|p2|Gholdengo, L50|
|poke|p2|Incineroar, L50, F|
|poke|p2|Ninetales-Alola, L50, F|
|teampreview|4
|showteam|p1|Dragonite||LoadedDice|Multiscale|ScaleShot,Haze,Protect,Tailwind|||F|||50|,,,,,Fairy]Ursaluna-Bloodmoon||AssaultVest|MindsEye|BloodMoon,HyperVoice,VacuumWave,EarthPower|||M|||50|,,,,,Ghost]Gholdengo||LifeOrb|GoodasGold|MakeItRain,ShadowBall,Protect,NastyPlot||||||50|,,,,,Water]Incineroar||SafetyGoggles|Intimidate|KnockOff,FakeOut,FlareBlitz,PartingShot|||F|||50|,,,,,Ghost]Amoonguss||SitrusBerry|Regenerator|PollenPuff,Spore,RagePowder,Protect|||F|||50|,,,,,Water]Ninetales-Alola||LightClay|SnowWarning|IcyWind,FreezeDry,Protect,AuroraVeil|||M|||50|,,,,,Ghost
|showteam|p2|Dragonite||LoadedDice|Multiscale|ScaleShot,Tailwind,Haze,Protect|||F|||50|,,,,,Fairy]Sneasler||FocusSash|Unburden|DireClaw,ThroatChop,CloseCombat,Protect|||M|||50|,,,,,Stellar]Ursaluna-Bloodmoon||LifeOrb|MindsEye|BloodMoon,HyperVoice,EarthPower,Protect|||M|||50|,,,,,Normal]Gholdengo||MetalCoat|GoodasGold|MakeItRain,ShadowBall,NastyPlot,Protect||||||50|,,,,,Dragon]Incineroar||SafetyGoggles|Intimidate|KnockOff,PartingShot,FlareBlitz,FakeOut|||F|||50|,,,,,Ghost]Ninetales-Alola||CovertCloak|SnowWarning|Blizzard,AuroraVeil,Encore,IcyWind|||F|||50|,,,,,Water
|inactive|Battle timer is ON: inactive players will automatically lose when time's up. (requested by RedGenji195)
|inactive|raylof has 60 seconds left.
|inactive|RedGenji195 has 60 seconds left.
|inactive|RedGenji195 has 30 seconds left.
|inactive|RedGenji195 has 20 seconds left.
|inactive|RedGenji195 has 15 seconds left.
|
|t:|1756269473
|teamsize|p1|4
|teamsize|p2|4
|start
|switch|p1a: Incineroar|Incineroar, L50, F|100/100
|switch|p1b: Ninetales|Ninetales-Alola, L50, M, shiny|100/100
|switch|p2a: Incineroar|Incineroar, L50, F|100/100
|switch|p2b: Sneasler|Sneasler, L50, M|100/100
|-weather|Snowscape|[from] ability: Snow Warning|[of] p1b: Ninetales
|-ability|p2a: Incineroar|Intimidate|boost
|-unboost|p1a: Incineroar|atk|1
|-unboost|p1b: Ninetales|atk|1
|-ability|p1a: Incineroar|Intimidate|boost
|-unboost|p2a: Incineroar|atk|1
|-unboost|p2b: Sneasler|atk|1
|turn|1
|inactive|raylof has 30 seconds left.
|
|t:|1756269501
|-terastallize|p1b: Ninetales|Ghost
|move|p2b: Sneasler|Protect|p2b: Sneasler
|-singleturn|p2b: Sneasler|Protect
|move|p2a: Incineroar|Fake Out|p1b: Ninetales
|-immune|p1b: Ninetales
|move|p1b: Ninetales|Aurora Veil|p1b: Ninetales
|-sidestart|p1: raylof|move: Aurora Veil
|move|p1a: Incineroar|Parting Shot|p2a: Incineroar
|-unboost|p2a: Incineroar|atk|1
|-unboost|p2a: Incineroar|spa|1
|
|t:|1756269510
|switch|p1a: Gholdengo|Gholdengo, L50|100/100|[from] Parting Shot
|
|-weather|Snowscape|[upkeep]
|upkeep
|turn|2
|inactive|RedGenji195 has 30 seconds left.
|
|t:|1756269539
|switch|p2b: Ursaluna|Ursaluna-Bloodmoon, L50, M|100/100
|move|p1a: Gholdengo|Protect|p1a: Gholdengo
|-singleturn|p1a: Gholdengo|Protect
|move|p1b: Ninetales|Icy Wind|p2a: Incineroar|[spread] p2a,p2b
|-resisted|p2a: Incineroar
|-supereffective|p2b: Ursaluna
|-damage|p2a: Incineroar|95/100
|-damage|p2b: Ursaluna|69/100
|-unboost|p2a: Incineroar|spe|1
|-unboost|p2b: Ursaluna|spe|1
|move|p2a: Incineroar|Parting Shot|p1b: Ninetales
|-unboost|p1b: Ninetales|atk|1
|-unboost|p1b: Ninetales|spa|1
|
|t:|1756269556
|switch|p2a: Sneasler|Sneasler, L50, M|100/100|[from] Parting Shot
|
|-weather|Snowscape|[upkeep]
|upkeep
|turn|3
|
|t:|1756269573
|-terastallize|p2a: Sneasler|Stellar
|move|p2b: Ursaluna|Protect|p2b: Ursaluna
|-singleturn|p2b: Ursaluna|Protect
|move|p2a: Sneasler|Throat Chop|p1a: Gholdengo
|-supereffective|p1a: Gholdengo
|-damage|p1a: Gholdengo|54/100
|-start|p1a: Gholdengo|Throat Chop|[silent]
|move|p1b: Ninetales|Icy Wind|p2a: Sneasler|[spread] p2a
|-activate|p2b: Ursaluna|move: Protect
|-damage|p2a: Sneasler|89/100
|-unboost|p2a: Sneasler|spe|1
|move|p1a: Gholdengo|Make It Rain|p2b: Ursaluna|[spread] p2a
|-activate|p2b: Ursaluna|move: Protect
|-damage|p2a: Sneasler|11/100
|-unboost|p1a: Gholdengo|spa|1
|-damage|p1a: Gholdengo|45/100|[from] item: Life Orb
|
|-weather|Snowscape|[upkeep]
|upkeep
|turn|4
|inactive|RedGenji195 has 30 seconds left.
|
|t:|1756269599
|move|p1b: Ninetales|Freeze-Dry|p2b: Ursaluna
|-supereffective|p2b: Ursaluna
|-damage|p2b: Ursaluna|30/100
|move|p1a: Gholdengo|Make It Rain|p2a: Sneasler|[spread] p2a,p2b
|-damage|p2a: Sneasler|0 fnt
|-damage|p2b: Ursaluna|0 fnt
|-unboost|p1a: Gholdengo|spa|1
|faint|p2a: Sneasler
|faint|p2b: Ursaluna
|-damage|p1a: Gholdengo|35/100|[from] item: Life Orb
|
|-weather|Snowscape|[upkeep]
|-end|p1a: Gholdengo|Throat Chop|[silent]
|upkeep
|
|t:|1756269610
|switch|p2a: Incineroar|Incineroar, L50, F|95/100
|switch|p2b: Ninetales|Ninetales-Alola, L50, F|100/100
|-ability|p2a: Incineroar|Intimidate|boost
|-unboost|p1a: Gholdengo|atk|1
|-unboost|p1b: Ninetales|atk|1
|turn|5
|
|t:|1756269627
|switch|p1a: Incineroar|Incineroar, L50, F|100/100
|-ability|p1a: Incineroar|Intimidate|boost
|-unboost|p2a: Incineroar|atk|1
|-unboost|p2b: Ninetales|atk|1
|move|p1b: Ninetales|Protect|p1b: Ninetales
|-singleturn|p1b: Ninetales|Protect
|move|p2b: Ninetales|Aurora Veil|p2b: Ninetales
|-sidestart|p2: RedGenji195|move: Aurora Veil
|move|p2a: Incineroar|Knock Off|p1b: Ninetales
|-activate|p1b: Ninetales|move: Protect
|
|-weather|none
|upkeep
|turn|6
|-message|RedGenji195 forfeited.
|
|win|raylof
|l|☆RedGenji195
|player|p2|
||RedGenji195 is ready for game 2.
||raylof is ready for game 2.
|uhtml|next|Next: Game 2 of 3
