|j|☆APurpleBot
|j|☆Welwitchia
|html|APurpleBotWelwitchia    
|uhtml|bestof|Game 2 of a best-of-3
|t:|1783945665
|gametype|doubles
|player|p1|APurpleBot|dawn-gen4pt|1015
|player|p2|Welwitchia|pokemonbreeder-gen4|1000
|gen|9
|tier|[Gen 9 Champions] VGC 2026 Reg M-B (Bo3)
|rated|
|rule|Species Clause: Limit one of each Pokémon
|rule|Item Clause: Limit 1 of each item
|clearpoke
|poke|p1|Kangaskhan, L50, F|
|poke|p1|Blaziken, L50, F|
|poke|p1|Decidueye-Hisui, L50, M|
|poke|p1|Raichu, L50, M|
|poke|p1|Kleavor, L50, F|
|poke|p1|Barbaracle, L50, F|
|poke|p2|Banette, L50, F, shiny|
|poke|p2|Umbreon, L50, M|
|poke|p2|Blastoise, L50, F, shiny|
|poke|p2|Charizard, L50, M|
|poke|p2|Hatterene, L50, F, shiny|
|poke|p2|Venusaur, L50, M|
|teampreview|4
|showteam|p1|Kangaskhan||Kangaskhanite|InnerFocus|DoubleEdge,Protect,FakeOut,LowKick|Jolly||F|||50|]Blaziken||ExpertBelt|SpeedBoost|HeatWave,SwordsDance,BatonPass,AuraSphere|Modest||F|||50|]Decidueye-Hisui||ScopeLens|Scrappy|TripleArrows,LeafBlade,Tailwind,BrickBreak|Adamant||M|||50|]Raichu||RaichuniteX|LightningRod|FakeOut,VoltTackle,Feint,PlayRough|Jolly||M|||50|]Kleavor||FocusSash|Sharpness|Tailwind,RockSlide,XScissor,Uturn|Jolly||F|||50|]Barbaracle||WhiteHerb|ToughClaws|ShellSmash,Earthquake,Taunt,Liquidation|Adamant||F|||50|
|showteam|p2|Banette||Banettite|CursedBody|SkitterSmack,Disable,FoulPlay,DestinyBond|Careful||F|||50|]Umbreon||MentalHerb|InnerFocus|FoulPlay,Swagger,Toxic,Tickle|Calm||M|||50|]Blastoise||MysticWater|RainDish|MuddyWater,FakeOut,IceBeam,AquaJet|Quiet||F|||50|]Charizard||CharizarditeY|Blaze|AirSlash,SolarBeam,HeatWave,RockSlide|Hasty||M|||50|]Hatterene||BabiriBerry|MagicBounce|MagicPowder,TrickRoom,DazzlingGleam,LifeDew|Sassy||F|||50|]Venusaur||Leftovers|Chlorophyll|WorrySeed,SweetScent,SleepPowder,AcidSpray|Timid||M|||50|
|inactive|Battle timer is ON: inactive players will automatically lose when time's up. (requested by APurpleBot)
|
|t:|1783945688
|teamsize|p1|4
|teamsize|p2|4
|start
|switch|p1a: Barbaracle|Barbaracle, L50, F|100/100
|switch|p1b: Raichu|Raichu, L50, M|100/100
|switch|p2a: Blastoise|Blastoise, L50, F, shiny|100/100
|switch|p2b: Banette|Banette, L50, F, shiny|100/100
|turn|1
|
|t:|1783945708
|detailschange|p1b: Raichu|Raichu-Mega-X, L50, M
|-mega|p1b: Raichu|Raichu|Raichunite X
|-fieldstart|move: Electric Terrain|[from] ability: Electric Surge|[of] p1b: Raichu
|detailschange|p2b: Banette|Banette-Mega, L50, F, shiny
|-mega|p2b: Banette|Banette|Banettite
|move|p1b: Raichu|Fake Out|p2a: Blastoise
|-crit|p2a: Blastoise
|-damage|p2a: Blastoise|79/100
|cant|p2a: Blastoise|flinch
|move|p1a: Barbaracle|Shell Smash|p1a: Barbaracle
|-unboost|p1a: Barbaracle|def|1
|-unboost|p1a: Barbaracle|spd|1
|-boost|p1a: Barbaracle|atk|2
|-boost|p1a: Barbaracle|spa|2
|-boost|p1a: Barbaracle|spe|2
|-enditem|p1a: Barbaracle|White Herb
|-clearnegativeboost|p1a: Barbaracle|[silent]
|move|p2b: Banette|Foul Play|p1a: Barbaracle
|-damage|p1a: Barbaracle|36/100
|
|upkeep
|turn|2
|inactive|APurpleBot has 30 seconds left.
|
|t:|1783945736
|switch|p2a: Venusaur|Venusaur, L50, M|100/100
|move|p2b: Banette|Destiny Bond|p2b: Banette
|-singlemove|p2b: Banette|Destiny Bond
|move|p1a: Barbaracle|Liquidation|p2b: Banette
|-damage|p2b: Banette|0 fnt
|faint|p2b: Banette
|-activate|p2b: Banette|move: Destiny Bond
|faint|p1a: Barbaracle
|move|p1b: Raichu|Volt Tackle|p2a: Venusaur
|-resisted|p2a: Venusaur|1
|-damage|p2a: Venusaur|53/100
|-damage|p1b: Raichu|78/100|[from] Recoil
|
|-heal|p2a: Venusaur|59/100|[from] item: Leftovers
|upkeep
|
|t:|1783945751
|switch|p1a: Blaziken|Blaziken, L50, F|100/100
|switch|p2b: Blastoise|Blastoise, L50, F, shiny|79/100
|turn|3
|
|t:|1783945760
|move|p2b: Blastoise|Fake Out|p1b: Raichu
|-damage|p1b: Raichu|66/100
|cant|p1b: Raichu|flinch
|move|p2a: Venusaur|Worry Seed|p1a: Blaziken
|-ability|p1a: Blaziken|Insomnia|Speed Boost|[from] move: Worry Seed
|move|p1a: Blaziken|Heat Wave|p2a: Venusaur|[spread] p2a,p2b
|-supereffective|p2a: Venusaur|1
|-resisted|p2b: Blastoise|1
|-damage|p2a: Venusaur|0 fnt
|-damage|p2b: Blastoise|61/100
|faint|p2a: Venusaur
|
|upkeep
|
|t:|1783945771
|switch|p2a: Hatterene|Hatterene, L50, F, shiny|100/100
|turn|4
|
|t:|1783945779
|move|p1b: Raichu|Feint|p2b: Blastoise
|-damage|p2b: Blastoise|50/100g
|move|p2b: Blastoise|Aqua Jet|p1b: Raichu
|-damage|p1b: Raichu|45/100
|move|p1a: Blaziken|Aura Sphere|p2b: Blastoise
|-damage|p2b: Blastoise|10/100
|move|p2a: Hatterene|Trick Room|p2a: Hatterene
|-fieldstart|move: Trick Room|[of] p2a: Hatterene
|
|upkeep
|turn|5
|
|t:|1783945797
|switch|p1a: Decidueye|Decidueye-Hisui, L50, M|100/100
|move|p1b: Raichu|Feint|p2b: Blastoise
|-damage|p2b: Blastoise|0 fnt
|faint|p2b: Blastoise
|move|p2a: Hatterene|Dazzling Gleam|p1b: Raichu|[spread] p1a,p1b
|-supereffective|p1a: Decidueye|1
|-damage|p1a: Decidueye|46/100
|-damage|p1b: Raichu|6/100
|
|-fieldend|move: Electric Terrain
|upkeep
|turn|6
|
|t:|1783945809
|move|p1b: Raichu|Feint|p2a: Hatterene
|-damage|p2a: Hatterene|86/100
|move|p2a: Hatterene|Dazzling Gleam|p1a: Decidueye|[spread] p1a,p1b
|-supereffective|p1a: Decidueye|1
|-damage|p1a: Decidueye|0 fnt
|-damage|p1b: Raichu|0 fnt
|faint|p1a: Decidueye
|faint|p1b: Raichu
|
|upkeep
|
|t:|1783945814
|switch|p1b: Blaziken|Blaziken, L50, F|100/100
|turn|7
|
|t:|1783945824
|move|p2a: Hatterene|Dazzling Gleam|p1b: Blaziken
|-damage|p1b: Blaziken|47/100
|move|p1b: Blaziken|Heat Wave|p2a: Hatterene
|-damage|p2a: Hatterene|50/100y
|
|-ability|p1b: Blaziken|Speed Boost|boost
|-boost|p1b: Blaziken|spe|1
|upkeep
|turn|8
|
|t:|1783945830
|move|p2a: Hatterene|Dazzling Gleam|p1b: Blaziken
|-damage|p1b: Blaziken|0 fnt
|faint|p1b: Blaziken
|
|win|Welwitchia
