|j|ŌśåMosephir
|j|Ōśåstjuin
|html|Mosephirstjuin    
|uhtml|bestof|Game 1 of a best-of-3
|t:|1785087611
|gametype|doubles
|player|p1|Mosephir|1|
|player|p2|stjuin|102|
|gen|9
|tier|[Gen 9 Champions] VGC 2026 Reg M-B (Bo3)
|rule|Species Clause: Limit one of each Pok├®mon
|rule|Item Clause: Limit 1 of each item
|clearpoke
|poke|p1|Raichu, L50, F|
|poke|p1|Archaludon, L50, F|
|poke|p1|Lycanroc-Dusk, L50, F|
|poke|p1|Sableye, L50, F|
|poke|p1|Overqwil, L50, F|
|poke|p1|Decidueye-Hisui, L50, F|
|poke|p2|Sinistcha, L50|
|poke|p2|Floette-Eternal, L50, F|
|poke|p2|Kangaskhan, L50, F|
|poke|p2|Aerodactyl, L50, M|
|poke|p2|Hippowdon, L50, M|
|poke|p2|Houndstone, L50, F|
|teampreview|4
|showteam|p1|Raichu||RaichuniteX|LightningRod|Protect,KnockOff,VoltTackle,DrainPunch|Jolly||F|||50|]Archaludon||FocusSash|Stalwart|FlashCannon,AuraSphere,Protect,DarkPulse|Timid||F|||50|]Lycanroc-Dusk||ChoiceScarf|ToughClaws|Crunch,PsychicFangs,IronHead,CloseCombat|Jolly||F|||50|]Sableye||RoseliBerry|Prankster|SkillSwap,PsychUp,FoulPlay,WillOWisp|Careful||F|||50|]Overqwil||Leftovers|Intimidate|Stockpile,Minimize,BarbBarrage,Protect|Jolly||F|||50|]Decidueye-Hisui||ScopeLens|Scrappy|LeafBlade,TripleArrows,Protect,BraveBird|Adamant||F|||50|
|showteam|p2|Sinistcha||ColburBerry|Hospitality|TrickRoom,MatchaGotcha,RagePowder,Protect|Relaxed|||||50|]Floette-Eternal||Floettite|FlowerVeil|DazzlingGleam,Protect,CalmMind,Moonblast|Timid||F|||50|]Kangaskhan||Kangaskhanite|Scrappy|FakeOut,ThunderPunch,IcePunch,DrainPunch|Jolly||F|||50|]Aerodactyl||FocusSash|RockHead|RockSlide,Tailwind,DualWingbeat,Protect|Jolly||M|||50|]Hippowdon||Leftovers|SandStream|HighHorsepower,Yawn,Protect,RockSlide|Impish||M|||50|]Houndstone||LifeOrb|SandRush|LastRespects,Protect,WillOWisp,BodyPress|Jolly||F|||50|
|c|Ōśåstjuin|is it supposed to be open team sheets?
|c|ŌśåMosephir|No
|c|ŌśåMosephir|I'm not lloking
|c|ŌśåMosephir|looking*
|
|t:|1785087702
|teamsize|p1|4
|teamsize|p2|4
|start
|switch|p1a: Lycanroc|Lycanroc-Dusk, L50, F|100/100
|switch|p1b: Raichu|Raichu, L50, F|100/100
|switch|p2a: Hippowdon|Hippowdon, L50, M|100/100
|switch|p2b: Houndstone|Houndstone, L50, F|100/100
|-weather|Sandstorm|[from] ability: Sand Stream|[of] p2a: Hippowdon
|turn|1
|
|t:|1785087729
|detailschange|p1b: Raichu|Raichu-Mega-X, L50, F
|-mega|p1b: Raichu|Raichu|Raichunite X
|-fieldstart|move: Electric Terrain|[from] ability: Electric Surge|[of] p1b: Raichu
|move|p2b: Houndstone|Protect|p2b: Houndstone
|-singleturn|p2b: Houndstone|Protect
|move|p1b: Raichu|Protect|p1b: Raichu
|-singleturn|p1b: Raichu|Protect
|move|p1a: Lycanroc|Crunch|p2b: Houndstone
|-activate|p2b: Houndstone|move: Protect
|move|p2a: Hippowdon|High Horsepower|p1a: Lycanroc
|-supereffective|p1a: Lycanroc|1
|-damage|p1a: Lycanroc|0 fnt
|faint|p1a: Lycanroc
|
|-weather|Sandstorm|[upkeep]
|-damage|p1b: Raichu|94/100|[from] Sandstorm
|upkeep
|
|t:|1785087745
|switch|p1a: Decidueye|Decidueye-Hisui, L50, F|100/100
|turn|2
|
|t:|1785087777
|move|p2b: Houndstone|Will-O-Wisp|p1b: Raichu
|-status|p1b: Raichu|brn
|move|p1b: Raichu|Knock Off|p2b: Houndstone
|-supereffective|p2b: Houndstone|1
|-damage|p2b: Houndstone|66/100
|-enditem|p2b: Houndstone|Life Orb|[from] move: Knock Off|[of] p1b: Raichu
|move|p1a: Decidueye|Leaf Blade|p2a: Hippowdon
|-supereffective|p2a: Hippowdon|1
|-crit|p2a: Hippowdon
|-damage|p2a: Hippowdon|23/100
|move|p2a: Hippowdon|High Horsepower|p1b: Raichu
|-supereffective|p1b: Raichu|1
|-damage|p1b: Raichu|0 fnt
|faint|p1b: Raichu
|
|-weather|Sandstorm|[upkeep]
|-damage|p1a: Decidueye|93/100|[from] Sandstorm
|-heal|p2a: Hippowdon|29/100|[from] item: Leftovers
|upkeep
|
|t:|1785087793
|switch|p1b: Archaludon|Archaludon, L50, F|100/100
|turn|3
|
|t:|1785087817
|move|p2b: Houndstone|Body Press|p1b: Archaludon
|-supereffective|p1b: Archaludon|1
|-crit|p1b: Archaludon
|-damage|p1b: Archaludon|52/100
|move|p1b: Archaludon|Dark Pulse|p2b: Houndstone
|-supereffective|p2b: Houndstone|1
|-damage|p2b: Houndstone|13/100
|move|p1a: Decidueye|Leaf Blade|p2a: Hippowdon
|-supereffective|p2a: Hippowdon|1
|-damage|p2a: Hippowdon|0 fnt
|faint|p2a: Hippowdon
|
|-weather|Sandstorm|[upkeep]
|-damage|p1a: Decidueye|87/100|[from] Sandstorm
|upkeep
|
|t:|1785087844
|switch|p2a: Floette|Floette-Eternal, L50, F|100/100
|turn|4
|
|t:|1785087893
|move|p2b: Houndstone|Body Press|p1b: Archaludon
|-supereffective|p1b: Archaludon|1
|-damage|p1b: Archaludon|18/100
|move|p2a: Floette|Moonblast|p1a: Decidueye
|-supereffective|p1a: Decidueye|1
|-damage|p1a: Decidueye|0 fnt
|faint|p1a: Decidueye
|move|p1b: Archaludon|Flash Cannon|p2a: Floette
|-supereffective|p2a: Floette|1
|-damage|p2a: Floette|23/100
|
|-weather|Sandstorm|[upkeep]
|-damage|p2a: Floette|17/100|[from] Sandstorm
|upkeep
|turn|5
|
|t:|1785087919
|move|p2b: Houndstone|Body Press|p1b: Archaludon
|-supereffective|p1b: Archaludon|1
|-damage|p1b: Archaludon|0 fnt
|faint|p1b: Archaludon
|
|win|stjuin
