|j|☆Astonished25
|j|☆razorsharp01
|html|Astonished25razorsharp01    
|uhtml|bestof|Game 1 of a best-of-3
|t:|1757820566
|gametype|doubles
|player|p1|Astonished25|2|1189
|player|p2|razorsharp01|falkner|1141
|gen|9
|tier|[Gen 9] VGC 2025 Reg H (Bo3)
|rated|
|rule|Species Clause: Limit one of each Pokémon
|rule|Item Clause: Limit 1 of each item
|clearpoke
|poke|p1|Gholdengo, L50|
|poke|p1|Magmar, L50, M|
|poke|p1|Dragonite, L50, M|
|poke|p1|Rillaboom, L50, F|
|poke|p1|Annihilape, L50, M|
|poke|p1|Sneasler, L50, M|
|poke|p2|Torkoal, L50, M|
|poke|p2|Porygon2, L50|
|poke|p2|Incineroar, L50, F|
|poke|p2|Jumpluff, L50, M|
|poke|p2|Ursaluna, L50, F|
|poke|p2|Yanma, L50, M|
|teampreview|4
|showteam|p1|Gholdengo||LifeOrb|GoodasGold|Protect,NastyPlot,MakeItRain,ShadowBall||||||50|,,,,,Water]Magmar||Eviolite|VitalSpirit|Taunt,WillOWisp,FollowMe,BurningJealousy|||M|||50|,,,,,Ghost]Dragonite||LoadedDice|Multiscale|Protect,Haze,Tailwind,ScaleShot|||M|||50|,,,,,Fairy]Rillaboom||AssaultVest|GrassySurge|FakeOut,GrassyGlide,WoodHammer,HighHorsepower|||F|||50|,,,,,Fire]Annihilape||SafetyGoggles|Defiant|Protect,DrainPunch,RageFist,BulkUp|||M|||50|,,,,,Steel]Sneasler||GrassySeed|Unburden|CloseCombat,Coaching,DireClaw,Protect|||M|||50|,,,,,Stellar
|showteam|p2|Torkoal||ChoiceSpecs|Drought|Eruption,Overheat,HelpingHand,Protect|||M|||50|,,,,,Fire]Porygon2||Eviolite|Download|TeraBlast,IceBeam,Recover,TrickRoom||||||50|,,,,,Fighting]Incineroar||SafetyGoggles|Intimidate|FlareBlitz,KnockOff,FakeOut,PartingShot|||F|||50|,,,,,Ghost]Jumpluff||CovertCloak|Chlorophyll|SleepPowder,SunnyDay,RagePowder,Tailwind|||M|||50|,,,,,Water]Ursaluna||FlameOrb|Guts|HeadlongRush,Facade,Earthquake,Protect|||F|||50|,,,,,Ghost]Yanma||FocusSash|SpeedBoost|Hypnosis,AirSlash,Tailwind,SunnyDay|||M|||50|,,,,,Bug
|inactive|Battle timer is ON: inactive players will automatically lose when time's up. (requested by Astonished25)
|
|t:|1757820584
|teamsize|p1|4
|teamsize|p2|4
|start
|switch|p1a: Magmar|Magmar, L50, M|100/100
|switch|p1b: Dragonite|Dragonite, L50, M|100/100
|switch|p2a: Porygon2|Porygon2, L50|100/100
|switch|p2b: Incineroar|Incineroar, L50, F|100/100
|-ability|p2a: Porygon2|Download|boost
|-boost|p2a: Porygon2|atk|1
|-ability|p2b: Incineroar|Intimidate|boost
|-unboost|p1a: Magmar|atk|1
|-unboost|p1b: Dragonite|atk|1
|turn|1
|
|t:|1757820596
|switch|p1b: Annihilape|Annihilape, L50, M|100/100
|-terastallize|p1a: Magmar|Ghost
|move|p2b: Incineroar|Fake Out|p1b: Annihilape
|-immune|p1b: Annihilape
|move|p1a: Magmar|Taunt|p2a: Porygon2
|-start|p2a: Porygon2|move: Taunt
|cant|p2a: Porygon2|move: Taunt|Trick Room
|
|upkeep
|turn|2
|
|t:|1757820614
|switch|p2a: Ursaluna|Ursaluna, L50, F|100/100
|move|p1b: Annihilape|Bulk Up|p1b: Annihilape
|-boost|p1b: Annihilape|atk|1
|-boost|p1b: Annihilape|def|1
|move|p1a: Magmar|Will-O-Wisp|p2a: Ursaluna
|-status|p2a: Ursaluna|brn
|move|p2b: Incineroar|Flare Blitz|p1b: Annihilape
|-damage|p1b: Annihilape|63/100
|-damage|p2b: Incineroar|89/100|[from] Recoil
|
|-damage|p2a: Ursaluna|95/100 brn|[from] brn
|upkeep
|turn|3
|
|t:|1757820637
|switch|p2b: Porygon2|Porygon2, L50|100/100
|-ability|p2b: Porygon2|Download|boost
|-boost|p2b: Porygon2|spa|1
|move|p1b: Annihilape|Protect|p1b: Annihilape
|-singleturn|p1b: Annihilape|Protect
|move|p2a: Ursaluna|Protect|p2a: Ursaluna
|-singleturn|p2a: Ursaluna|Protect
|move|p1a: Magmar|Taunt|p2b: Porygon2
|-start|p2b: Porygon2|move: Taunt
|
|-damage|p2a: Ursaluna|89/100 brn|[from] brn
|upkeep
|turn|4
|
|t:|1757820660
|move|p1a: Magmar|Follow Me|p1a: Magmar
|-singleturn|p1a: Magmar|move: Follow Me
|move|p1b: Annihilape|Drain Punch|p2b: Porygon2
|-supereffective|p2b: Porygon2
|-damage|p2b: Porygon2|43/100
|-heal|p1b: Annihilape|92/100|[from] drain|[of] p2b: Porygon2
|move|p2a: Ursaluna|Headlong Rush|p1a: Magmar
|-damage|p1a: Magmar|13/100
|-unboost|p2a: Ursaluna|def|1
|-unboost|p2a: Ursaluna|spd|1
|move|p2b: Porygon2|Ice Beam|p1a: Magmar
|-damage|p1a: Magmar|0 fnt
|faint|p1a: Magmar
|
|-damage|p2a: Ursaluna|83/100 brn|[from] brn
|upkeep
|
|t:|1757820671
|switch|p1a: Dragonite|Dragonite, L50, M|100/100
|turn|5
|
|t:|1757820680
|switch|p2a: Incineroar|Incineroar, L50, F|89/100
|-ability|p2a: Incineroar|Intimidate|boost
|-unboost|p1a: Dragonite|atk|1
|-unboost|p1b: Annihilape|atk|1
|-ability|p1b: Annihilape|Defiant|boost
|-boost|p1b: Annihilape|atk|2
|move|p1b: Annihilape|Drain Punch|p2a: Incineroar
|-supereffective|p2a: Incineroar
|-damage|p2a: Incineroar|0 fnt
|-heal|p1b: Annihilape|100/100|[from] drain|[of] p2a: Incineroar
|faint|p2a: Incineroar
|move|p1a: Dragonite|Scale Shot|p2b: Porygon2
|-damage|p2b: Porygon2|37/100
|-damage|p2b: Porygon2|31/100
|-damage|p2b: Porygon2|25/100
|-damage|p2b: Porygon2|19/100
|-damage|p2b: Porygon2|14/100
|-hitcount|p2b: Porygon2|5
|-unboost|p1a: Dragonite|def|1
|-boost|p1a: Dragonite|spe|1
|move|p2b: Porygon2|Ice Beam|p1a: Dragonite
|-supereffective|p1a: Dragonite
|-damage|p1a: Dragonite|21/100
|
|-end|p2b: Porygon2|move: Taunt
|upkeep
|
|t:|1757820694
|switch|p2a: Ursaluna|Ursaluna, L50, F|83/100 brn
|turn|6
|
|t:|1757820704
|-terastallize|p2a: Ursaluna|Ghost
|move|p1b: Annihilape|Protect|p1b: Annihilape
|-singleturn|p1b: Annihilape|Protect
|move|p1a: Dragonite|Scale Shot|p2b: Porygon2
|-damage|p2b: Porygon2|8/100
|-damage|p2b: Porygon2|2/100
|-damage|p2b: Porygon2|0 fnt
|faint|p2b: Porygon2
|-hitcount|p2: Porygon2|3
|-unboost|p1a: Dragonite|def|1
|-boost|p1a: Dragonite|spe|1
|move|p2a: Ursaluna|Earthquake|p1b: Annihilape|[spread] 
|-activate|p1b: Annihilape|move: Protect
|-immune|p1a: Dragonite
|
|-damage|p2a: Ursaluna|77/100 brn|[from] brn
|upkeep
|
|t:|1757820711
|switch|p2b: Torkoal|Torkoal, L50, M|100/100
|-weather|SunnyDay|[from] ability: Drought|[of] p2b: Torkoal
|turn|7
|
|t:|1757820729
|move|p1a: Dragonite|Scale Shot|p1b: Annihilape
|-damage|p1b: Annihilape|95/100
|-damage|p1b: Annihilape|89/100
|-damage|p1b: Annihilape|84/100
|-damage|p1b: Annihilape|79/100
|-damage|p1b: Annihilape|72/100
|-hitcount|p1b: Annihilape|5
|-unboost|p1a: Dragonite|def|1
|-boost|p1a: Dragonite|spe|1
|move|p1b: Annihilape|Rage Fist|p2b: Torkoal
|-damage|p2b: Torkoal|0 fnt
|faint|p2b: Torkoal
|move|p2a: Ursaluna|Earthquake|p1b: Annihilape|[spread] p1b
|-immune|p1a: Dragonite
|-damage|p1b: Annihilape|25/100
|
|-weather|SunnyDay|[upkeep]
|-damage|p2a: Ursaluna|71/100 brn|[from] brn
|upkeep
|turn|8
|
|t:|1757820735
|move|p1a: Dragonite|Scale Shot|p2a: Ursaluna
|-damage|p2a: Ursaluna|64/100 brn
|-damage|p2a: Ursaluna|57/100 brn
|-damage|p2a: Ursaluna|50/100 brn
|-damage|p2a: Ursaluna|43/100 brn
|-damage|p2a: Ursaluna|35/100 brn
|-hitcount|p2a: Ursaluna|5
|-unboost|p1a: Dragonite|def|1
|-boost|p1a: Dragonite|spe|1
|move|p1b: Annihilape|Rage Fist|p2a: Ursaluna
|-supereffective|p2a: Ursaluna
|-damage|p2a: Ursaluna|0 fnt
|faint|p2a: Ursaluna
|
|win|Astonished25
||Astonished25 is ready for game 2.
||razorsharp01 is ready for game 2.
|uhtml|next|Next: Game 2 of 3
