|j|☆Colonelpaco
|j|☆Pier (Champion)
|html|ColonelpacoPier (Champion)    
|uhtml|bestof|Game 2 of a best-of-3
|t:|1757716562
|gametype|doubles
|player|p1|Colonelpaco|102|1066
|player|p2|Pier (Champion)|cynthia-gen4|1127
|gen|9
|tier|[Gen 9] VGC 2025 Reg H (Bo3)
|rated|
|rule|Species Clause: Limit one of each Pokémon
|rule|Item Clause: Limit 1 of each item
|clearpoke
|poke|p1|Sneasler, L50, F|
|poke|p1|Dragapult, L50, F|
|poke|p1|Primarina, L50, M|
|poke|p1|Rillaboom, L50, F|
|poke|p1|Kingambit, L50, F|
|poke|p1|Magmar, L50, F|
|poke|p2|Annihilape, L50, F|
|poke|p2|Sinistcha, L50|
|poke|p2|Maushold-Four, L50|
|poke|p2|Klefki, L50, M|
|poke|p2|Ursaluna-Bloodmoon, L50, M|
|poke|p2|Ninetales-Alola, L50, F|
|teampreview|4
|showteam|p1|Sneasler||FocusSash|Unburden|CloseCombat,DireClaw,FakeOut,Protect|||F|||50|,,,,,Stellar]Dragapult||ChoiceBand|ClearBody|DragonDarts,TeraBlast,PhantomForce,Uturn|||F|||50|,,,,,Ghost]Primarina||SitrusBerry|LiquidVoice|HyperVoice,Moonblast,Haze,Protect|||M|||50|,,,,,Water]Rillaboom||AssaultVest|GrassySurge|WoodHammer,GrassyGlide,HighHorsepower,FakeOut|||F|||50|,,,,,Fire]Kingambit||BlackGlasses|Defiant|KowtowCleave,SuckerPunch,SwordsDance,Protect|||F|||50|,,,,,Ghost]Magmar||Eviolite|VitalSpirit|Overheat,WillOWisp,FollowMe,Protect|||F|||50|,,,,,Ghost
|showteam|p2|Annihilape||Leftovers|Defiant|Protect,BulkUp,DrainPunch,RageFist|||F|||50|,,,,,Fire]Sinistcha||SitrusBerry|Hospitality|MatchaGotcha,TrickRoom,LifeDew,RagePowder||||||50|,,,,,Water]Maushold-Four||SafetyGoggles|FriendGuard|FollowMe,Taunt,BeatUp,Protect||||||50|,,,,,Ghost]Klefki||LightClay|Prankster|Reflect,LightScreen,MistyTerrain,DazzlingGleam|||M|||50|,,,,,Ghost]Ursaluna-Bloodmoon||AssaultVest|MindsEye|BloodMoon,HyperVoice,EarthPower,VacuumWave|||M|||50|,,,,,Water]Ninetales-Alola||FocusSash|SnowWarning|Protect,Encore,FreezeDry,Blizzard|||F|||50|,,,,,Ghost
|inactive|Battle timer is ON: inactive players will automatically lose when time's up. (requested by Colonelpaco)
|
|t:|1757716576
|teamsize|p1|4
|teamsize|p2|4
|start
|switch|p1a: Kingambit|Kingambit, L50, F|100/100
|switch|p1b: Dragapult|Dragapult, L50, F|100/100
|switch|p2a: Annihilape|Annihilape, L50, F|100/100
|switch|p2b: Maushold|Maushold-Four, L50|100/100
|turn|1
|inactive|Pier (Champion) has 30 seconds left.
|
|t:|1757716609
|-terastallize|p2a: Annihilape|Fire
|move|p1b: Dragapult|Dragon Darts|p2b: Maushold
|-damage|p2b: Maushold|56/100
|-anim|p1b: Dragapult|Dragon Darts|p2a: Annihilape
|-crit|p2a: Annihilape
|-damage|p2a: Annihilape|58/100
|move|p2b: Maushold|Taunt|p1a: Kingambit
|-start|p1a: Kingambit|move: Taunt
|move|p2a: Annihilape|Bulk Up|p2a: Annihilape
|-boost|p2a: Annihilape|atk|1
|-boost|p2a: Annihilape|def|1
|move|p1a: Kingambit|Kowtow Cleave|p2b: Maushold
|-damage|p2b: Maushold|0 fnt
|faint|p2b: Maushold
|
|-heal|p2a: Annihilape|64/100|[from] item: Leftovers
|upkeep
|
|t:|1757716623
|switch|p2b: Sinistcha|Sinistcha, L50|100/100
|-heal|p2a: Annihilape|89/100|[from] ability: Hospitality|[of] p2b: Sinistcha
|turn|2
|
|t:|1757716640
|switch|p1b: Magmar|Magmar, L50, F|100/100
|switch|p1a: Rillaboom|Rillaboom, L50, F|100/100
|-fieldstart|move: Grassy Terrain|[from] ability: Grassy Surge|[of] p1a: Rillaboom
|move|p2a: Annihilape|Drain Punch|p1a: Rillaboom
|-damage|p1a: Rillaboom|52/100
|-heal|p2a: Annihilape|100/100|[from] drain|[of] p1a: Rillaboom
|move|p2b: Sinistcha|Life Dew||[still]|[still]|[spread] 
|-fail|p2a: Annihilape|heal
|-fail|p2b: Sinistcha|heal
|
|-heal|p1a: Rillaboom|58/100|[from] Grassy Terrain
|upkeep
|turn|3
|inactive|Colonelpaco has 30 seconds left.
|
|t:|1757716668
|switch|p1b: Kingambit|Kingambit, L50, F|100/100
|move|p1a: Rillaboom|Fake Out|p2a: Annihilape
|-damage|p2a: Annihilape|91/100
|cant|p2a: Annihilape|flinch
|move|p2b: Sinistcha|Matcha Gotcha|p1a: Rillaboom|[spread] p1b
|-miss|p2b: Sinistcha|p1a: Rillaboom
|-resisted|p1b: Kingambit
|-damage|p1b: Kingambit|88/100
|-status|p1b: Kingambit|brn
|
|-heal|p2a: Annihilape|97/100|[from] Grassy Terrain
|-heal|p2a: Annihilape|100/100|[from] item: Leftovers
|-heal|p1a: Rillaboom|64/100|[from] Grassy Terrain
|-heal|p1b: Kingambit|94/100 brn|[from] Grassy Terrain
|-damage|p1b: Kingambit|88/100 brn|[from] brn
|upkeep
|turn|4
|
|t:|1757716693
|move|p1b: Kingambit|Protect|p1b: Kingambit
|-singleturn|p1b: Kingambit|Protect
|move|p2a: Annihilape|Rage Fist|p1a: Rillaboom
|-damage|p1a: Rillaboom|0 fnt
|faint|p1a: Rillaboom
|move|p2b: Sinistcha|Matcha Gotcha|p1b: Kingambit
|-activate|p1b: Kingambit|move: Protect
|
|-heal|p1b: Kingambit|94/100 brn|[from] Grassy Terrain
|-damage|p1b: Kingambit|88/100 brn|[from] brn
|upkeep
|
|t:|1757716705
|switch|p1a: Dragapult|Dragapult, L50, F|100/100
|turn|5
|inactive|Colonelpaco has 30 seconds left.
|
|t:|1757716732
|switch|p1b: Magmar|Magmar, L50, F|100/100
|move|p2b: Sinistcha|Rage Powder|p2b: Sinistcha
|-singleturn|p2b: Sinistcha|move: Rage Powder
|move|p1a: Dragapult|Phantom Force||[still]
|-prepare|p1a: Dragapult|Phantom Force
|move|p2a: Annihilape|Rage Fist|p1a: Dragapult|[miss]
|-miss|p2a: Annihilape|p1a: Dragapult
|
|upkeep
|turn|6
|
|t:|1757716746
|switch|p2b: Ursaluna|Ursaluna-Bloodmoon, L50, M|100/100
|move|p1b: Magmar|Follow Me|p1b: Magmar
|-singleturn|p1b: Magmar|move: Follow Me
|move|p1a: Dragapult|Phantom Force|p2a: Annihilape|[from] lockedmove
|-damage|p2a: Annihilape|54/100
|move|p2a: Annihilape|Rage Fist|p1b: Magmar
|-damage|p1b: Magmar|4/100
|
|-heal|p2a: Annihilape|61/100|[from] Grassy Terrain
|-heal|p2a: Annihilape|67/100|[from] item: Leftovers
|-heal|p1b: Magmar|10/100|[from] Grassy Terrain
|-fieldend|move: Grassy Terrain
|upkeep
|turn|7
|
|t:|1757716765
|move|p1b: Magmar|Follow Me|p1b: Magmar
|-singleturn|p1b: Magmar|move: Follow Me
|move|p2b: Ursaluna|Vacuum Wave|p1b: Magmar
|-damage|p1b: Magmar|0 fnt
|faint|p1b: Magmar
|move|p1a: Dragapult|Phantom Force||[still]
|-prepare|p1a: Dragapult|Phantom Force
|move|p2a: Annihilape|Bulk Up|p2a: Annihilape
|-boost|p2a: Annihilape|atk|1
|-boost|p2a: Annihilape|def|1
|
|-heal|p2a: Annihilape|73/100|[from] item: Leftovers
|upkeep
|
|t:|1757716775
|switch|p1b: Kingambit|Kingambit, L50, F|88/100 brn
|turn|8
|
|t:|1757716780
|switch|p2b: Sinistcha|Sinistcha, L50|100/100
|-heal|p2a: Annihilape|98/100|[from] ability: Hospitality|[of] p2b: Sinistcha
|move|p1b: Kingambit|Sucker Punch|p2a: Annihilape
|-damage|p2a: Annihilape|85/100
|move|p1a: Dragapult|Phantom Force|p2a: Annihilape|[from] lockedmove
|-damage|p2a: Annihilape|49/100
|move|p2a: Annihilape|Rage Fist|p1a: Dragapult
|-supereffective|p1a: Dragapult
|-damage|p1a: Dragapult|0 fnt
|faint|p1a: Dragapult
|
|-heal|p2a: Annihilape|55/100|[from] item: Leftovers
|-damage|p1b: Kingambit|82/100 brn|[from] brn
|upkeep
|turn|9
|-message|Colonelpaco forfeited.
|
|win|Pier (Champion)
|raw|Colonelpaco's rating: 1066 → 1050(-16 for losing)
|raw|Pier (Champion)'s rating: 1127 → 1148(+21 for winning)
|c|☆Pier (Champion)|GG
|l|☆Pier (Champion)
|player|p2|
