|j|☆GlitchXDGOAT
|j|☆ilikecsr
|html|GlitchXDGOATilikecsr    
|uhtml|bestof|Game 2 of a best-of-3
|t:|1783947466
|gametype|doubles
|player|p1|GlitchXDGOAT|169|1248
|player|p2|ilikecsr|n|1335
|gen|9
|tier|[Gen 9 Champions] VGC 2026 Reg M-B (Bo3)
|rated|
|rule|Species Clause: Limit one of each Pokémon
|rule|Item Clause: Limit 1 of each item
|clearpoke
|poke|p1|Charizard, L50, F|
|poke|p1|Tyranitar, L50, M|
|poke|p1|Excadrill, L50, F|
|poke|p1|Sinistcha, L50|
|poke|p1|Hydreigon, L50, M|
|poke|p1|Sylveon, L50, M|
|poke|p2|Swampert, L50, F|
|poke|p2|Archaludon, L50, F|
|poke|p2|Sableye, L50, F|
|poke|p2|Sinistcha-Masterpiece, L50|
|poke|p2|Pelipper, L50, F|
|poke|p2|Floette-Eternal, L50, F|
|teampreview|4
|showteam|p1|Charizard||CharizarditeY|Blaze|HeatWave,WeatherBall,SolarBeam,Protect|Timid||F|||50|]Tyranitar||Tyranitarite|SandStream|RockSlide,Crunch,IcePunch,Protect|Adamant||M|||50|]Excadrill||FocusSash|SandRush|IronHead,RockSlide,HighHorsepower,Protect|Adamant||F|||50|]Sinistcha||OccaBerry|Hospitality|MatchaGotcha,RagePowder,StrengthSap,TrickRoom|Bold|||||50|]Hydreigon||ChoiceScarf|Levitate|DracoMeteor,DarkPulse,HeatWave,Tailwind|Modest||M|||50|]Sylveon||FairyFeather|Pixilate|HyperVoice,HyperBeam,QuickAttack,Detect|Modest||M|||50|
|showteam|p2|Swampert||Swampertite|Torrent|WaveCrash,Earthquake,IcePunch,Protect|Adamant||F|||50|]Archaludon||Leftovers|Stamina|ElectroShot,DragonPulse,FlashCannon,Protect|Modest||F|||50|]Sableye||LightClay|Prankster|Reflect,LightScreen,RainDance,Encore|Sassy||F|||50|]Sinistcha-Masterpiece||ColburBerry|Hospitality|MatchaGotcha,RagePowder,TrickRoom,Protect|Sassy|||||50|]Pelipper||FocusSash|Drizzle|WeatherBall,Hurricane,Tailwind,Protect|Modest||F|||50|]Floette-Eternal||Floettite|FlowerVeil|Moonblast,DazzlingGleam,LightofRuin,Protect|Modest||F|||50|
|inactive|Battle timer is ON: inactive players will automatically lose when time's up. (requested by GlitchXDGOAT)
|inactive|ilikecsr has 60 seconds left.
|
|t:|1783947516
|teamsize|p1|4
|teamsize|p2|4
|start
|switch|p1a: Sinistcha|Sinistcha, L50|100/100
|switch|p1b: Sylveon|Sylveon, L50, M|100/100
|switch|p2a: Floette|Floette-Eternal, L50, F|100/100
|switch|p2b: Bahubali|Swampert, L50, F|100/100
|turn|1
|
|t:|1783947527
|move|p2b: Bahubali|Protect|p2b: Bahubali
|-singleturn|p2b: Bahubali|Protect
|move|p2a: Floette|Dazzling Gleam|p1a: Sinistcha|[spread] p1a,p1b
|-damage|p1a: Sinistcha|67/100
|-damage|p1b: Sylveon|71/100
|move|p1b: Sylveon|Hyper Beam|p2a: Floette
|-damage|p2a: Floette|9/100
|-mustrecharge|p1b: Sylveon
|move|p1a: Sinistcha|Matcha Gotcha|p2b: Bahubali|[spread] p2a
|-activate|p2b: Bahubali|move: Protect
|-damage|p2a: Floette|0 fnt
|-heal|p1a: Sinistcha|71/100|[from] drain|[of] p2a: Floette
|faint|p2a: Floette
|
|upkeep
|
|t:|1783947535
|switch|p2a: Katappa|Pelipper, L50, F|100/100
|-weather|RainDance|[from] ability: Drizzle|[of] p2a: Katappa
|turn|2
|
|t:|1783947543
|detailschange|p2b: Bahubali|Swampert-Mega, L50, F
|-mega|p2b: Bahubali|Swampert|Swampertite
|move|p2b: Bahubali|Wave Crash|p1b: Sylveon
|-damage|p1b: Sylveon|0 fnt
|faint|p1b: Sylveon
|-damage|p2b: Bahubali|76/100|[from] Recoil
|move|p2a: Katappa|Hurricane|p1a: Sinistcha
|-supereffective|p1a: Sinistcha|1
|-damage|p1a: Sinistcha|0 fnt
|faint|p1a: Sinistcha
|
|-weather|RainDance|[upkeep]
|upkeep
|
|t:|1783947554
|switch|p1b: Hydreigon|Hydreigon, L50, M|100/100
|switch|p1a: Charizard|Charizard, L50, F|100/100
|turn|3
|
|t:|1783947571
|detailschange|p1a: Charizard|Charizard-Mega-Y, L50, F
|-mega|p1a: Charizard|Charizard|Charizardite Y
|-weather|SunnyDay|[from] ability: Drought|[of] p1a: Charizard
|move|p2b: Bahubali|Protect|p2b: Bahubali
|-singleturn|p2b: Bahubali|Protect
|move|p1b: Hydreigon|Draco Meteor|p2b: Bahubali
|-activate|p2b: Bahubali|move: Protect
|move|p1a: Charizard|Weather Ball|p2a: Katappa
|-resisted|p2a: Katappa|1
|-damage|p2a: Katappa|18/100
|move|p2a: Katappa|Tailwind|p2a: Katappa
|-sidestart|p2: ilikecsr|move: Tailwind
|
|-weather|SunnyDay|[upkeep]
|upkeep
|turn|4
|
|t:|1783947586
|move|p1a: Charizard|Protect|p1a: Charizard
|-singleturn|p1a: Charizard|Protect
|move|p2b: Bahubali|Wave Crash|p1a: Charizard
|-activate|p1a: Charizard|move: Protect
|move|p2a: Katappa|Hurricane|p1a: Charizard
|-activate|p1a: Charizard|move: Protect
|move|p1b: Hydreigon|Draco Meteor|p2b: Bahubali
|-damage|p2b: Bahubali|13/100
|-unboost|p1b: Hydreigon|spa|2
|
|-weather|SunnyDay|[upkeep]
|upkeep
|turn|5
|
|t:|1783947612
|switch|p2b: Sableye|Sableye, L50, F|100/100
|move|p2a: Katappa|Hurricane|p1a: Charizard|[miss]
|-miss|p2a: Katappa|p1a: Charizard
|move|p1b: Hydreigon|Draco Meteor|p2a: Katappa
|-crit|p2a: Katappa
|-damage|p2a: Katappa|0 fnt
|-unboost|p1b: Hydreigon|spa|2
|faint|p2a: Katappa
|move|p1a: Charizard|Weather Ball|p2b: Sableye
|-damage|p2b: Sableye|0 fnt
|faint|p2b: Sableye
|
|-weather|SunnyDay|[upkeep]
|upkeep
|
|t:|1783947622
|switch|p2b: Bahubali|Swampert-Mega, L50, F|13/100
|turn|6
|
|t:|1783947627
|move|p1a: Charizard|Protect|p1a: Charizard
|-singleturn|p1a: Charizard|Protect
|move|p2b: Bahubali|Wave Crash|p1a: Charizard
|-activate|p1a: Charizard|move: Protect
|move|p1b: Hydreigon|Draco Meteor|p2b: Bahubali
|-damage|p2b: Bahubali|0 fnt
|-unboost|p1b: Hydreigon|spa|2
|faint|p2b: Bahubali
|
|win|GlitchXDGOAT
|raw|GlitchXDGOAT's rating: 1248 → 1279(+31 for winning)
|raw|ilikecsr's rating: 1335 → 1310(-25 for losing)
|c|☆ilikecsr|gg
|c|☆GlitchXDGOAT|GG
