|j|☆claudiusmaximus125
|j|☆Cristante terabug
|html|claudiusmaximus125Cristante terabug    
|uhtml|bestof|Game 1 of a best-of-3
|t:|1756334395
|gametype|doubles
|player|p1|claudiusmaximus125|ghetsis-gen5bw|1097
|player|p2|Cristante terabug|kieran-champion|1111
|gen|9
|tier|[Gen 9] VGC 2025 Reg H (Bo3)
|rated|
|rule|Species Clause: Limit one of each Pokémon
|rule|Item Clause: Limit 1 of each item
|clearpoke
|poke|p1|Sneasler, L50, F|
|poke|p1|Incineroar, L50, F|
|poke|p1|Dragonite, L50, F|
|poke|p1|Gholdengo, L50|
|poke|p1|Amoonguss, L50, M|
|poke|p1|Ursaluna-Bloodmoon, L50, M|
|poke|p2|Tyranitar, L50, F|
|poke|p2|Kommo-o, L50, F|
|poke|p2|Primarina, L50, M|
|poke|p2|Corviknight, L50, F|
|poke|p2|Volcarona, L50, M|
|poke|p2|Sinistcha, L50|
|teampreview|4
|showteam|p1|Sneasler||FocusSash|Unburden|DireClaw,CloseCombat,ThroatChop,Protect|||F|||50|,,,,,Stellar]Incineroar||SafetyGoggles|Intimidate|KnockOff,FlareBlitz,PartingShot,FakeOut|||F|||50|,,,,,Ghost]Dragonite||LoadedDice|Multiscale|ScaleShot,TeraBlast,Tailwind,Protect|||F|||50|,,,,,Flying]Gholdengo||LifeOrb|GoodasGold|MakeItRain,ShadowBall,NastyPlot,Protect||||||50|,,,,,Water]Amoonguss||SitrusBerry|Regenerator|Spore,RagePowder,PollenPuff,Protect|||M|||50|,,,,,Water]Ursaluna-Bloodmoon||ThroatSpray|MindsEye|BloodMoon,EarthPower,HyperVoice,Protect|||M|||50|,,,,,Normal
|showteam|p2|Tyranitar||AssaultVest|SandStream|KnockOff,LowKick,RockSlide,TeraBlast|||F|||50|,,,,,Flying]Kommo-o||Leftovers|Overcoat|BodyPress,IronDefense,ThroatChop,Protect|||F|||50|,,,,,Steel]Primarina||MysticWater|LiquidVoice|Haze,Moonblast,HyperVoice,Protect|||M|||50|,,,,,Poison]Corviknight||SafetyGoggles|MirrorArmor|BraveBird,BulkUp,Roost,Tailwind|||F|||50|,,,,,Ghost]Volcarona||CovertCloak|FlameBody|HeatWave,Protect,RagePowder,StruggleBug|||M|||50|,,,,,Dragon]Sinistcha||SitrusBerry|Hospitality|Protect,MatchaGotcha,RagePowder,ShadowBall||||||50|,,,,,Water
|inactive|Battle timer is ON: inactive players will automatically lose when time's up. (requested by Cristante terabug)
|
|t:|1756334442
|teamsize|p1|4
|teamsize|p2|4
|start
|switch|p1a: Gholdengo|Gholdengo, L50|100/100
|switch|p1b: Incineroar|Incineroar, L50, F, shiny|100/100
|switch|p2a: Basil|Volcarona, L50, M|100/100
|switch|p2b: Omori|Kommo-o, L50, F|100/100
|-ability|p1b: Incineroar|Intimidate|boost
|-unboost|p2a: Basil|atk|1
|-unboost|p2b: Omori|atk|1
|turn|1
|
|t:|1756334464
|-terastallize|p1a: Gholdengo|Water
|move|p1b: Incineroar|Fake Out|p2b: Omori
|-damage|p2b: Omori|94/100
|move|p2a: Basil|Struggle Bug|p1b: Incineroar|[spread] p1a,p1b
|-damage|p1a: Gholdengo|80/100
|-damage|p1b: Incineroar|85/100
|-unboost|p1a: Gholdengo|spa|1
|-unboost|p1b: Incineroar|spa|1
|move|p1a: Gholdengo|Nasty Plot|p1a: Gholdengo
|-boost|p1a: Gholdengo|spa|2
|cant|p2b: Omori|flinch
|
|-heal|p2b: Omori|99/100|[from] item: Leftovers
|upkeep
|turn|2
|inactive|claudiusmaximus125 has 30 seconds left.
|inactive|claudiusmaximus125 has 20 seconds left.
|
|t:|1756334500
|move|p2a: Basil|Struggle Bug|p1b: Incineroar|[spread] p1a,p1b
|-damage|p1a: Gholdengo|59/100
|-damage|p1b: Incineroar|69/100
|-unboost|p1a: Gholdengo|spa|1
|-unboost|p1b: Incineroar|spa|1
|move|p1a: Gholdengo|Make It Rain|p2b: Omori|[spread] p2a,p2b
|-resisted|p2a: Basil
|-damage|p2a: Basil|73/100
|-damage|p2b: Omori|37/100
|-unboost|p1a: Gholdengo|spa|1
|-damage|p1a: Gholdengo|50/100|[from] item: Life Orb
|move|p2b: Omori|Iron Defense|p2b: Omori
|-boost|p2b: Omori|def|2
|move|p1b: Incineroar|Flare Blitz|p2a: Basil
|-damage|p2a: Basil|18/100
|-damage|p1b: Incineroar|53/100|[from] Recoil
|
|-heal|p2b: Omori|42/100|[from] item: Leftovers
|upkeep
|turn|3
|inactive|claudiusmaximus125 has 30 seconds left.
|inactive|Cristante terabug has 30 seconds left.
|inactive|claudiusmaximus125 has 20 seconds left.
|inactive|claudiusmaximus125 has 15 seconds left.
|inactive|claudiusmaximus125 has 10 seconds left.
|
|t:|1756334548
|move|p2a: Basil|Struggle Bug|p1b: Incineroar|[spread] p1a,p1b
|-damage|p1a: Gholdengo|29/100
|-damage|p1b: Incineroar|36/100
|-unboost|p1a: Gholdengo|spa|1
|-unboost|p1b: Incineroar|spa|1
|move|p1a: Gholdengo|Make It Rain|p2b: Omori|[spread] p2a,p2b
|-resisted|p2a: Basil
|-damage|p2a: Basil|3/100
|-damage|p2b: Omori|13/100
|-unboost|p1a: Gholdengo|spa|1
|-damage|p1a: Gholdengo|20/100|[from] item: Life Orb
|move|p2b: Omori|Body Press|p1b: Incineroar
|-supereffective|p1b: Incineroar
|-crit|p1b: Incineroar
|-damage|p1b: Incineroar|0 fnt
|faint|p1b: Incineroar
|
|-heal|p2b: Omori|19/100|[from] item: Leftovers
|upkeep
|
|t:|1756334564
|switch|p1b: Dragonite|Dragonite, L50, F|100/100
|turn|4
|inactive|Cristante terabug has 30 seconds left.
|inactive|Cristante terabug has 20 seconds left.
|inactive|Cristante terabug has 15 seconds left.
|inactive|Cristante terabug has 10 seconds left.
|
|t:|1756334611
|move|p2b: Omori|Protect|p2b: Omori
|-singleturn|p2b: Omori|Protect
|move|p2a: Basil|Heat Wave|p1b: Dragonite|[spread] p1a,p1b
|-resisted|p1a: Gholdengo
|-resisted|p1b: Dragonite
|-damage|p1a: Gholdengo|0 fnt
|-damage|p1b: Dragonite|92/100
|faint|p1a: Gholdengo
|move|p1b: Dragonite|Tailwind|p1b: Dragonite
|-sidestart|p1: claudiusmaximus125|move: Tailwind
|
|-heal|p2b: Omori|25/100|[from] item: Leftovers
|upkeep
|
|t:|1756334622
|switch|p1a: Ursaluna|Ursaluna-Bloodmoon, L50, M|100/100
|turn|5
|
|t:|1756334645
|-terastallize|p2b: Omori|Steel
|move|p2a: Basil|Rage Powder|p2a: Basil
|-singleturn|p2a: Basil|move: Rage Powder
|move|p1b: Dragonite|Scale Shot|p2a: Basil
|-damage|p2a: Basil|0 fnt
|faint|p2a: Basil
|-hitcount|p2: Basil|1
|-unboost|p1b: Dragonite|def|1
|-boost|p1b: Dragonite|spe|1
|move|p1a: Ursaluna|Hyper Voice|p2b: Omori
|-resisted|p2b: Omori
|-damage|p2b: Omori|0 fnt
|faint|p2b: Omori
|-enditem|p1a: Ursaluna|Throat Spray
|-boost|p1a: Ursaluna|spa|1|[from] item: Throat Spray
|
|upkeep
|
|t:|1756334655
|switch|p2a: Aubrey|Primarina, L50, M|100/100
|switch|p2b: Kel|Corviknight, L50, F|100/100
|turn|6
|
|t:|1756334673
|move|p2a: Aubrey|Protect|p2a: Aubrey
|-singleturn|p2a: Aubrey|Protect
|move|p1b: Dragonite|Scale Shot|p2b: Kel
|-resisted|p2b: Kel
|-damage|p2b: Kel|95/100
|-resisted|p2b: Kel
|-damage|p2b: Kel|89/100
|-resisted|p2b: Kel
|-damage|p2b: Kel|83/100
|-resisted|p2b: Kel
|-damage|p2b: Kel|76/100
|-resisted|p2b: Kel
|-damage|p2b: Kel|70/100
|-hitcount|p2b: Kel|5
|-unboost|p1b: Dragonite|def|1
|-boost|p1b: Dragonite|spe|1
|move|p1a: Ursaluna|Blood Moon|p2a: Aubrey
|-activate|p2a: Aubrey|move: Protect
|move|p2b: Kel|Tailwind|p2b: Kel
|-sidestart|p2: Cristante terabug|move: Tailwind
|
|upkeep
|turn|7
|inactive|claudiusmaximus125 has 30 seconds left.
|inactive|claudiusmaximus125 has 20 seconds left.
|inactive|claudiusmaximus125 has 15 seconds left.
|
|t:|1756334716
|move|p1a: Ursaluna|Protect|p1a: Ursaluna
|-singleturn|p1a: Ursaluna|Protect
|move|p1b: Dragonite|Scale Shot|p2b: Kel|[miss]
|-miss|p1b: Dragonite|p2b: Kel
|move|p2b: Kel|Brave Bird|p1b: Dragonite
|-damage|p1b: Dragonite|2/100
|-damage|p2b: Kel|46/100|[from] Recoil
|move|p2a: Aubrey|Hyper Voice|p1a: Ursaluna|[spread] p1b
|-activate|p1a: Ursaluna|move: Protect
|-resisted|p1b: Dragonite
|-damage|p1b: Dragonite|0 fnt
|faint|p1b: Dragonite
|
|-sideend|p1: claudiusmaximus125|move: Tailwind
|upkeep
|turn|8
|
|t:|1756334733
|move|p2b: Kel|Roost|p2b: Kel
|-heal|p2b: Kel|96/100
|-singleturn|p2b: Kel|move: Roost
|move|p2a: Aubrey|Haze|p2a: Aubrey
|-clearallboost
|move|p1a: Ursaluna|Blood Moon|p2a: Aubrey
|-crit|p2a: Aubrey
|-damage|p2a: Aubrey|0 fnt
|faint|p2a: Aubrey
|
|upkeep
|turn|9
|
|t:|1756334746
|move|p1a: Ursaluna|Protect|p1a: Ursaluna
|-singleturn|p1a: Ursaluna|Protect
|move|p2b: Kel|Bulk Up|p2b: Kel
|-boost|p2b: Kel|atk|1
|-boost|p2b: Kel|def|1
|
|-sideend|p2: Cristante terabug|move: Tailwind
|upkeep
|turn|10
|
|t:|1756334761
|move|p2b: Kel|Brave Bird|p1a: Ursaluna
|-damage|p1a: Ursaluna|50/100
|-damage|p2b: Kel|79/100|[from] Recoil
|move|p1a: Ursaluna|Hyper Voice|p2b: Kel
|-resisted|p2b: Kel
|-damage|p2b: Kel|53/100
|
|upkeep
|turn|11
|
|t:|1756334775
|move|p2b: Kel|Brave Bird|p1a: Ursaluna
|-damage|p1a: Ursaluna|3/100
|-damage|p2b: Kel|38/100|[from] Recoil
|move|p1a: Ursaluna|Blood Moon|p2b: Kel
|-resisted|p2b: Kel
|-damage|p2b: Kel|0 fnt
|faint|p2b: Kel
|
|win|claudiusmaximus125
