|j|☆private eyeZ
|j|☆execute order 222
|html|private eyeZexecute order 222    
|uhtml|bestof|Game 1 of a best-of-3
|t:|1784084351
|gametype|doubles
|player|p1|private eyeZ|lass-gen4dp|1415
|player|p2|execute order 222|courtney|1319
|gen|9
|tier|[Gen 9 Champions] VGC 2026 Reg M-B (Bo3)
|rated|
|rule|Species Clause: Limit one of each Pokémon
|rule|Item Clause: Limit 1 of each item
|clearpoke
|poke|p1|Hydreigon, L50, M|
|poke|p1|Arcanine-Hisui, L50, M|
|poke|p1|Tyranitar, L50, F|
|poke|p1|Venusaur, L50, M|
|poke|p1|Corviknight, L50, M|
|poke|p1|Basculegion, L50, M|
|poke|p2|Metagross, L50, shiny|
|poke|p2|Hydreigon, L50, F|
|poke|p2|Venusaur, L50, F|
|poke|p2|Primarina, L50, M|
|poke|p2|Lycanroc-Dusk, L50, F|
|poke|p2|Talonflame, L50, M, shiny|
|teampreview|4
|showteam|p1|Hydreigon||HabanBerry|Levitate|DarkPulse,DracoMeteor,Protect,EarthPower|Timid||M|||50|]Arcanine-Hisui||FocusSash|RockHead|HeadSmash,FlareBlitz,Protect,ExtremeSpeed|Jolly||M|||50|]Tyranitar||Tyranitarite|SandStream|RockSlide,KnockOff,LowKick,Protect|Adamant||F|||50|]Venusaur||Venusaurite|Chlorophyll|GigaDrain,SludgeBomb,EarthPower,Protect|Modest||M|||50|]Corviknight||OccaBerry|MirrorArmor|IronHead,Protect,BraveBird,Tailwind|Adamant||M|||50|]Basculegion||SitrusBerry|Adaptability|WaveCrash,LastRespects,AquaJet,Protect|Adamant||M|||50|
|showteam|p2|Metagross||Metagrossite|ClearBody|IronHead,PsychicFangs,IcePunch,Protect|Jolly|||||50|]Hydreigon||LifeOrb|Levitate|DarkPulse,DracoMeteor,EarthPower,Protect|Modest||F|||50|]Venusaur||Venusaurite|Chlorophyll|GigaDrain,SludgeBomb,EarthPower,Protect|Modest||F|||50|]Primarina||ExpertBelt|LiquidVoice|HyperVoice,Moonblast,IceBeam,Protect|Modest||M|||50|]Lycanroc-Dusk||FocusSash|ToughClaws|RockSlide,CloseCombat,Accelerock,Protect|Adamant||F|||50|]Talonflame||Charcoal|GaleWings|Overheat,Tailwind,QuickGuard,Taunt|Timid||M|||50|
|inactive|Battle timer is ON: inactive players will automatically lose when time's up. (requested by private eyeZ)
|
|t:|1784084418
|teamsize|p1|4
|teamsize|p2|4
|start
|switch|p1a: Corviknight|Corviknight, L50, M|100/100
|switch|p1b: Arcanine|Arcanine-Hisui, L50, M|100/100
|switch|p2a: Earth Bud|Lycanroc-Dusk, L50, F|100/100
|switch|p2b: Nanojump|Talonflame, L50, M, shiny|100/100
|turn|1
|
|t:|1784084438
|move|p2b: Nanojump|Tailwind|p2b: Nanojump
|-sidestart|p2: execute order 222|move: Tailwind
|move|p2a: Earth Bud|Rock Slide|p1b: Arcanine|[spread] p1a,p1b
|-crit|p1a: Corviknight
|-supereffective|p1b: Arcanine|1
|-damage|p1a: Corviknight|65/100
|-damage|p1b: Arcanine|17/100
|move|p1b: Arcanine|Head Smash|p2b: Nanojump
|-supereffective|p2b: Nanojump|2
|-damage|p2b: Nanojump|0 fnt
|faint|p2b: Nanojump
|move|p1a: Corviknight|Iron Head|p2a: Earth Bud
|-supereffective|p2a: Earth Bud|1
|-enditem|p2a: Earth Bud|Focus Sash
|-damage|p2a: Earth Bud|1/100
|
|upkeep
|
|t:|1784084460
|switch|p2b: Orochi|Hydreigon, L50, F|100/100
|turn|2
|
|t:|1784084468
|move|p2a: Earth Bud|Protect|p2a: Earth Bud
|-singleturn|p2a: Earth Bud|Protect
|move|p1b: Arcanine|Protect|p1b: Arcanine
|-singleturn|p1b: Arcanine|Protect
|move|p1a: Corviknight|Protect|p1a: Corviknight
|-singleturn|p1a: Corviknight|Protect
|move|p2b: Orochi|Dark Pulse|p1a: Corviknight
|-activate|p1a: Corviknight|move: Protect
|
|upkeep
|turn|3
|
|t:|1784084486
|switch|p2a: Lance Crown|Metagross, L50, shiny|100/100
|move|p1b: Arcanine|Extreme Speed|p2a: Lance Crown
|-resisted|p2a: Lance Crown|1
|-damage|p2a: Lance Crown|89/100
|move|p2b: Orochi|Dark Pulse|p1a: Corviknight
|-damage|p1a: Corviknight|6/100
|-damage|p2b: Orochi|90/100|[from] item: Life Orb
|move|p1a: Corviknight|Tailwind|p1a: Corviknight
|-sidestart|p1: private eyeZ|move: Tailwind
|
|upkeep
|turn|4
|
|t:|1784084507
|detailschange|p2a: Lance Crown|Metagross-Mega, L50, shiny
|-mega|p2a: Lance Crown|Metagross|Metagrossite
|move|p1b: Arcanine|Protect|p1b: Arcanine
|-singleturn|p1b: Arcanine|Protect
|move|p2a: Lance Crown|Ice Punch|p1a: Corviknight
|-damage|p1a: Corviknight|0 fnt
|faint|p1a: Corviknight
|move|p2b: Orochi|Dark Pulse|p1b: Arcanine
|-activate|p1b: Arcanine|move: Protect
|
|-sideend|p2: execute order 222|move: Tailwind
|upkeep
|
|t:|1784084514
|switch|p1a: Hydreigon|Hydreigon, L50, M|100/100
|turn|5
|
|t:|1784084522
|move|p2a: Lance Crown|Protect|p2a: Lance Crown
|-singleturn|p2a: Lance Crown|Protect
|move|p2b: Orochi|Protect|p2b: Orochi
|-singleturn|p2b: Orochi|Protect
|move|p1a: Hydreigon|Draco Meteor|p2b: Orochi
|-activate|p2b: Orochi|move: Protect
|move|p1b: Arcanine|Flare Blitz|p2a: Lance Crown
|-activate|p2a: Lance Crown|move: Protect
|
|upkeep
|turn|6
|
|t:|1784084537
|switch|p2a: Earth Bud|Lycanroc-Dusk, L50, F|1/100
|move|p1a: Hydreigon|Draco Meteor|p2b: Orochi
|-supereffective|p2b: Orochi|1
|-damage|p2b: Orochi|0 fnt
|-unboost|p1a: Hydreigon|spa|2
|faint|p2b: Orochi
|move|p1b: Arcanine|Flare Blitz|p2a: Earth Bud
|-resisted|p2a: Earth Bud|1
|-damage|p2a: Earth Bud|0 fnt
|faint|p2a: Earth Bud
|
|-sideend|p1: private eyeZ|move: Tailwind
|upkeep
|
|t:|1784084542
|switch|p2b: Lance Crown|Metagross-Mega, L50, shiny|89/100
|turn|7
|
|t:|1784084549
|move|p2b: Lance Crown|Ice Punch|p1a: Hydreigon
|-supereffective|p1a: Hydreigon|1
|-damage|p1a: Hydreigon|18/100
|move|p1a: Hydreigon|Dark Pulse|p2b: Lance Crown
|-supereffective|p2b: Lance Crown|1
|-crit|p2b: Lance Crown
|-damage|p2b: Lance Crown|0 fnt
|faint|p2b: Lance Crown
|
|win|private eyeZ
||execute order 222 is ready for game 2.
||private eyeZ is ready for game 2.
|uhtml|next|Next: Game 2 of 3
|l|☆execute order 222
|player|p2|
|l|☆private eyeZ
|player|p1|
|j|☆execute order 222
|player|p2|execute order 222|courtney|
