|j|☆cookbayz
|j|☆RinHashi
|html|cookbayzRinHashi    
|uhtml|bestof|Game 1 of a best-of-3
|t:|1785492687
|gametype|doubles
|player|p1|cookbayz|266|
|player|p2|RinHashi|backpackerf|
|gen|9
|tier|[Gen 9 Champions] VGC 2026 Reg M-B (Bo3)
|rule|Species Clause: Limit one of each Pokémon
|rule|Item Clause: Limit 1 of each item
|clearpoke
|poke|p1|Vileplume, L50, F|
|poke|p1|Staraptor, L50, M|
|poke|p1|Mawile, L50, M|
|poke|p1|Farigiraf, L50, F|
|poke|p1|Torkoal, L50, M|
|poke|p1|Aerodactyl, L50, F|
|poke|p2|Mr. Rime, L50, M|
|poke|p2|Raichu, L50, M|
|poke|p2|Floette-Eternal, L50, F|
|poke|p2|Incineroar, L50, M|
|poke|p2|Ceruledge, L50, M|
|poke|p2|Sinistcha, L50|
|teampreview|4
|showteam|p1|Vileplume||FocusSash|Chlorophyll|SleepPowder,AfterYou,SludgeBomb,SolarBeam|Timid||F|||50|]Staraptor||ChoiceScarf|Intimidate|FinalGambit,CloseCombat,Uturn,DualWingbeat|Jolly||M|||50|]Mawile||Mawilite|Intimidate|PlayRough,KnockOff,IronHead,Protect|Adamant||M|||50|]Farigiraf||ColburBerry|ArmorTail|Psychic,TrickRoom,HelpingHand,Protect|Calm||F|||50|]Torkoal||Charcoal|Drought|Eruption,HeatWave,AncientPower,Protect|Quiet||M|||50|]Aerodactyl||Aerodactylite|RockHead|RockSlide,Tailwind,DualWingbeat,WideGuard|Jolly||F|||50|
|showteam|p2|Mr. Rime||FocusSash|ScreenCleaner|FreezeDry,Protect,SheerCold,RolePlay|Timid||M|||50|]Raichu||RaichuniteY|LightningRod|FakeOut,ZapCannon,FocusBlast,Protect|Timid||M|||50|]Floette-Eternal||Floettite|FlowerVeil|Moonblast,DazzlingGleam,CalmMind,Protect|Timid||F|||50|]Incineroar||SitrusBerry|Intimidate|FakeOut,ThroatChop,FlareBlitz,PartingShot|Impish||M|||50|]Ceruledge||ColburBerry|FlashFire|BitterBlade,ShadowSneak,Protect,BulkUp|Adamant||M|||50|]Sinistcha||KasibBerry|Hospitality|MatchaGotcha,Protect,LifeDew,RagePowder|Bold|||||50|
|inactive|Battle timer is ON: inactive players will automatically lose when time's up. (requested by cookbayz)
|inactive|RinHashi has 60 seconds left.
|j| Dungx showdown
|
|t:|1785492747
|teamsize|p1|4
|teamsize|p2|4
|start
|switch|p1a: Staraptor|Staraptor, L50, M|100/100
|switch|p1b: Farigiraf|Farigiraf, L50, F|100/100
|switch|p2a: Mr. Rime|Mr. Rime, L50, M|100/100
|switch|p2b: Floette|Floette-Eternal, L50, F|100/100
|-ability|p1a: Staraptor|Intimidate|boost
|-unboost|p2a: Mr. Rime|atk|1
|-unboost|p2b: Floette|atk|1
|turn|1
|
|t:|1785492769
|detailschange|p2b: Floette|Floette-Mega, L50, F
|-mega|p2b: Floette|Floette|Floettite
|-ability|p2b: Floette|Fairy Aura
|move|p2b: Floette|Protect|p2b: Floette
|-singleturn|p2b: Floette|Protect
|move|p1a: Staraptor|Final Gambit|p2b: Floette
|-activate|p2b: Floette|move: Protect
|move|p2a: Mr. Rime|Freeze-Dry|p1a: Staraptor
|-supereffective|p1a: Staraptor|1
|-damage|p1a: Staraptor|3/100
|move|p1b: Farigiraf|Psychic|p2a: Mr. Rime
|-resisted|p2a: Mr. Rime|1
|-damage|p2a: Mr. Rime|80/100
|
|upkeep
|turn|2
|inactive|RinHashi has 30 seconds left.
|inactive|RinHashi has 20 seconds left.
|inactive|RinHashi has 15 seconds left.
|
|t:|1785492811
|move|p1a: Staraptor|Final Gambit|p2b: Floette
|-damage|p2b: Floette|96/100
|faint|p1a: Staraptor
|move|p2b: Floette|Calm Mind|p2b: Floette
|-boost|p2b: Floette|spa|1
|-boost|p2b: Floette|spd|1
|move|p2a: Mr. Rime|Role Play|p1b: Farigiraf
|-ability|p2a: Mr. Rime|Armor Tail|Screen Cleaner|[from] move: Role Play|[of] p1b: Farigiraf
|move|p1b: Farigiraf|Trick Room|p1b: Farigiraf
|-fieldstart|move: Trick Room|[of] p1b: Farigiraf
|
|upkeep
|
|t:|1785492816
|switch|p1a: Mawile|Mawile, L50, M|100/100
|-ability|p1a: Mawile|Intimidate|boost
|-unboost|p2a: Mr. Rime|atk|1
|-unboost|p2b: Floette|atk|1
|turn|3
|
|t:|1785492836
|switch|p1b: Torkoal|Torkoal, L50, M|100/100
|-weather|SunnyDay|[from] ability: Drought|[of] p1b: Torkoal
|detailschange|p1a: Mawile|Mawile-Mega, L50, M
|-mega|p1a: Mawile|Mawile|Mawilite
|move|p1a: Mawile|Iron Head|p2b: Floette
|-supereffective|p2b: Floette|1
|-damage|p2b: Floette|0 fnt
|faint|p2b: Floette
|move|p2a: Mr. Rime|Role Play|p1a: Mawile
|-ability|p2a: Mr. Rime|Huge Power|Armor Tail|[from] move: Role Play|[of] p1a: Mawile
|
|-weather|SunnyDay|[upkeep]
|upkeep
|
|t:|1785492853
|switch|p2b: Incineroar|Incineroar, L50, M|100/100
|-ability|p2b: Incineroar|Intimidate|boost
|-unboost|p1a: Mawile|atk|1
|-unboost|p1b: Torkoal|atk|1
|turn|4
|inactive|cookbayz has 30 seconds left.
|
|t:|1785492883
|switch|p1a: Farigiraf|Farigiraf, L50, F|100/100
|switch|p2a: Ceruledge|Ceruledge, L50, M|100/100
|move|p1b: Torkoal|Eruption|p2a: Ceruledge|[spread] p2b
|-start|p2a: Ceruledge|ability: Flash Fire
|-resisted|p2b: Incineroar|1
|-damage|p2b: Incineroar|59/100
|move|p2b: Incineroar|Flare Blitz|p1a: Farigiraf
|-damage|p1a: Farigiraf|38/100
|-damage|p2b: Incineroar|37/100|[from] Recoil
|-enditem|p2b: Incineroar|Sitrus Berry|[eat]
|-heal|p2b: Incineroar|61/100|[from] item: Sitrus Berry
|
|-weather|SunnyDay|[upkeep]
|upkeep
|turn|5
|j| Quyt_DZ
|
|t:|1785492906
|move|p1a: Farigiraf|Helping Hand|p1b: Torkoal
|-singleturn|p1b: Torkoal|Helping Hand|[of] p1a: Farigiraf
|move|p1b: Torkoal|Ancient Power|p2b: Incineroar
|-supereffective|p2b: Incineroar|1
|-damage|p2b: Incineroar|13/100
|-boost|p1b: Torkoal|atk|1
|-boost|p1b: Torkoal|def|1
|-boost|p1b: Torkoal|spa|1
|-boost|p1b: Torkoal|spd|1
|-boost|p1b: Torkoal|spe|1
|move|p2b: Incineroar|Throat Chop|p1a: Farigiraf
|-supereffective|p1a: Farigiraf|1
|-enditem|p1a: Farigiraf|Colbur Berry|[eat]
|-enditem|p1a: Farigiraf|Colbur Berry|[weaken]
|-damage|p1a: Farigiraf|7/100
|-start|p1a: Farigiraf|Throat Chop|[silent]
|move|p2a: Ceruledge|Bulk Up|p2a: Ceruledge
|-boost|p2a: Ceruledge|atk|1
|-boost|p2a: Ceruledge|def|1
|
|-weather|SunnyDay|[upkeep]
|upkeep
|turn|6
|c|☆cookbayz|=))))
|c| Dungx showdown|????
|j| ispoke2soon
|inactive|RinHashi has 30 seconds left.
|c| ispoke2soon|hay.
|inactive|RinHashi has 20 seconds left.
|inactive|RinHashi has 15 seconds left.
|c| Quyt_DZ|hack r
|inactive|RinHashi has 10 seconds left.
|
|t:|1785492953
|move|p1b: Torkoal|Ancient Power|p2b: Incineroar
|-supereffective|p2b: Incineroar|1
|-damage|p2b: Incineroar|0 fnt
|faint|p2b: Incineroar
|move|p2a: Ceruledge|Bulk Up|p2a: Ceruledge
|-boost|p2a: Ceruledge|atk|1
|-boost|p2a: Ceruledge|def|1
|move|p1a: Farigiraf|Trick Room|p1a: Farigiraf
|-fieldend|move: Trick Room
|
|-weather|SunnyDay|[upkeep]
|-end|p1a: Farigiraf|Throat Chop|[silent]
|upkeep
|
|t:|1785492962
|switch|p2b: Mr. Rime|Mr. Rime, L50, M|80/100
|turn|7
|
|t:|1785492973
|move|p1a: Farigiraf|Helping Hand|p1b: Torkoal
|-singleturn|p1b: Torkoal|Helping Hand|[of] p1a: Farigiraf
|move|p2b: Mr. Rime|Protect|p2b: Mr. Rime
|-singleturn|p2b: Mr. Rime|Protect
|move|p2a: Ceruledge|Bitter Blade|p1a: Farigiraf
|-damage|p1a: Farigiraf|0 fnt
|faint|p1a: Farigiraf
|move|p1b: Torkoal|Ancient Power|p2b: Mr. Rime
|-activate|p2b: Mr. Rime|move: Protect
|
|-weather|none
|upkeep
|
|t:|1785492977
|switch|p1a: Mawile|Mawile-Mega, L50, M|100/100
|turn|8
|c|☆RinHashi|xem nè
|
|t:|1785492996
|move|p1a: Mawile|Protect|p1a: Mawile
|-singleturn|p1a: Mawile|Protect
|move|p2b: Mr. Rime|Sheer Cold|p1b: Torkoal
|-damage|p1b: Torkoal|0 fnt
|faint|p1b: Torkoal
|-ohko
|move|p2a: Ceruledge|Bitter Blade|p1a: Mawile
|-activate|p1a: Mawile|move: Protect
|
|upkeep
|turn|9
|c|☆RinHashi|aaaaaaaaa
|c|☆cookbayz|=)))))))))))))))))))))
|c|☆cookbayz|how
|c| Dungx showdown|Chị toi
|-message|cookbayz forfeited.
|
|win|RinHashi
|c| Quyt_DZ|aura
||cookbayz is ready for game 2.
|c|☆RinHashi|lumiii
||cookbayz is ready for game 2.
||RinHashi is ready for game 2.
|uhtml|next|Next: Game 2 of 3
|l|☆cookbayz
|player|p1|
|l| Dungx showdown
|l| ispoke2soon
