|j|☆MackCasual
|j|☆Kirai IV
|html|MackCasualKirai IV    
|uhtml|bestof|Game 2 of a best-of-3
|t:|1757729674
|gametype|doubles
|player|p1|MackCasual|worker-gen4|
|player|p2|Kirai IV|flannery|
|gen|9
|tier|[Gen 9] VGC 2025 Reg H (Bo3)
|rule|Species Clause: Limit one of each Pokémon
|rule|Item Clause: Limit 1 of each item
|clearpoke
|poke|p1|Glaceon, L50, F|
|poke|p1|Ninetales-Alola, L50, F|
|poke|p1|Swampert, L50, M|
|poke|p1|Incineroar, L50, F|
|poke|p1|Rillaboom, L50, M|
|poke|p1|Corviknight, L50, F|
|poke|p2|Archaludon, L50, M|
|poke|p2|Basculegion, L50, M|
|poke|p2|Pelipper, L50, F|
|poke|p2|Amoonguss, L50, M|
|poke|p2|Incineroar, L50, M|
|poke|p2|Maushold, L50|
|teampreview|4
|showteam|p1|Glaceon||AssaultVest|IceBody|Blizzard,TeraBlast,ShadowBall,FreezeDry|||F|||50|,,,,,Fighting]Ninetales-Alola||LightClay|SnowWarning|FreezeDry,AuroraVeil,IcyWind,Protect|||F|||50|,,,,,Ghost]Swampert||SitrusBerry|Torrent|StealthRock,FlipTurn,Yawn,Earthquake|||M|||50|,,,,,Fire]Incineroar||SafetyGoggles|Intimidate|WillOWisp,Protect,FlareBlitz,KnockOff|||F|||50|,,,,,Bug]Rillaboom||MiracleSeed|GrassySurge|WoodHammer,GrassyGlide,FakeOut,Protect|||M|||50|,,,,,Grass]Corviknight||Leftovers|MirrorArmor|Defog,BodyPress,Tailwind,BraveBird|||F|||50|,,,,,Dragon
|showteam|p2|Archaludon||AssaultVest|Stamina|ElectroShot,DragonPulse,FlashCannon,BodyPress|||M|||50|,,,,,Grass]Basculegion||MysticWater|SwiftSwim|Protect,WaveCrash,AquaJet,LastRespects|||M|||50|,,,,,Water]Pelipper||FocusSash|Drizzle|Hurricane,WeatherBall,Tailwind,Protect|||F|||50|,,,,,Ghost]Amoonguss||SitrusBerry|Regenerator|Spore,RagePowder,PollenPuff,ClearSmog|||M|||50|,,,,,Water]Incineroar||SafetyGoggles|Intimidate|FakeOut,FlareBlitz,KnockOff,PartingShot|||M|||50|,,,,,Ghost]Maushold||WideLens|Technician|PopulationBomb,FollowMe,Taunt,Protect||||||50|,,,,,Grass
|
|t:|1757729697
|teamsize|p1|4
|teamsize|p2|4
|start
|switch|p1a: Corviknight|Corviknight, L50, F|100/100
|switch|p1b: Incineroar|Incineroar, L50, F|100/100
|switch|p2a: Amoonguss|Amoonguss, L50, M, shiny|100/100
|switch|p2b: Archaludon|Archaludon, L50, M, shiny|100/100
|-ability|p1b: Incineroar|Intimidate|boost
|-unboost|p2a: Amoonguss|atk|1
|-unboost|p2b: Archaludon|atk|1
|turn|1
|
|t:|1757729741
|switch|p2a: Pelipper|Pelipper, L50, F, shiny|100/100
|-weather|RainDance|[from] ability: Drizzle|[of] p2a: Pelipper
|-terastallize|p1a: Corviknight|Dragon
|move|p2b: Archaludon|Electro Shot||[still]
|-prepare|p2b: Archaludon|Electro Shot
|-boost|p2b: Archaludon|spa|1
|-anim|p2b: Archaludon|Electro Shot|p1a: Corviknight
|-resisted|p1a: Corviknight
|-crit|p1a: Corviknight
|-damage|p1a: Corviknight|44/100
|move|p1a: Corviknight|Tailwind|p1a: Corviknight
|-sidestart|p1: MackCasual|move: Tailwind
|move|p1b: Incineroar|Knock Off|p2b: Archaludon
|-damage|p2b: Archaludon|63/100
|-ability|p2b: Archaludon|Stamina|boost
|-boost|p2b: Archaludon|def|1
|-enditem|p2b: Archaludon|Assault Vest|[from] move: Knock Off|[of] p1b: Incineroar
|
|-weather|RainDance|[upkeep]
|-heal|p1a: Corviknight|50/100|[from] item: Leftovers
|upkeep
|turn|2
|
|t:|1757729770
|switch|p1a: Ninetales|Ninetales-Alola, L50, F|100/100
|-weather|Snowscape|[from] ability: Snow Warning|[of] p1a: Ninetales
|move|p1b: Incineroar|Knock Off|p2a: Pelipper
|-damage|p2a: Pelipper|38/100
|-enditem|p2a: Pelipper|Focus Sash|[from] move: Knock Off|[of] p1b: Incineroar
|move|p2a: Pelipper|Weather Ball|p1b: Incineroar
|-resisted|p1b: Incineroar
|-damage|p1b: Incineroar|89/100
|move|p2b: Archaludon|Dragon Pulse|p1a: Ninetales
|-immune|p1a: Ninetales
|
|-weather|Snowscape|[upkeep]
|upkeep
|turn|3
|
|t:|1757729791
|move|p1b: Incineroar|Protect|p1b: Incineroar
|-singleturn|p1b: Incineroar|Protect
|move|p2a: Pelipper|Protect|p2a: Pelipper
|-singleturn|p2a: Pelipper|Protect
|move|p1a: Ninetales|Aurora Veil|p1a: Ninetales
|-sidestart|p1: MackCasual|move: Aurora Veil
|move|p2b: Archaludon|Flash Cannon|p1a: Ninetales
|-supereffective|p1a: Ninetales
|-damage|p1a: Ninetales|0 fnt
|faint|p1a: Ninetales
|
|-weather|Snowscape|[upkeep]
|upkeep
|
|t:|1757729803
|switch|p1a: Glaceon|Glaceon, L50, F|100/100
|turn|4
|
|t:|1757729823
|switch|p2a: Amoonguss|Amoonguss, L50, M, shiny|100/100
|move|p1a: Glaceon|Blizzard|p2b: Archaludon|[spread] p2a,p2b
|-supereffective|p2a: Amoonguss
|-damage|p2a: Amoonguss|15/100
|-damage|p2b: Archaludon|4/100
|-ability|p2b: Archaludon|Stamina|boost
|-boost|p2b: Archaludon|def|1
|-enditem|p2a: Amoonguss|Sitrus Berry|[eat]
|-heal|p2a: Amoonguss|40/100|[from] item: Sitrus Berry
|move|p1b: Incineroar|Flare Blitz|p2b: Archaludon
|-damage|p2b: Archaludon|0 fnt
|faint|p2b: Archaludon
|-damage|p1b: Incineroar|88/100|[from] Recoil
|
|-weather|Snowscape|[upkeep]
|-sideend|p1: MackCasual|move: Tailwind
|upkeep
|
|t:|1757729835
|switch|p2b: Pelipper|Pelipper, L50, F, shiny|38/100
|-weather|RainDance|[from] ability: Drizzle|[of] p2b: Pelipper
|turn|5
|
|t:|1757729861
|switch|p1a: Corviknight|Corviknight, L50, F, tera:Dragon|50/100
|move|p1b: Incineroar|Protect|p1b: Incineroar
|-singleturn|p1b: Incineroar|Protect
|move|p2b: Pelipper|Weather Ball|p1b: Incineroar
|-activate|p1b: Incineroar|move: Protect
|move|p2a: Amoonguss|Pollen Puff|p2b: Pelipper
|-heal|p2b: Pelipper|87/100
|
|-weather|RainDance|[upkeep]
|-heal|p1a: Corviknight|56/100|[from] item: Leftovers
|upkeep
|turn|6
|
|t:|1757729882
|move|p2b: Pelipper|Weather Ball|p1b: Incineroar
|-supereffective|p1b: Incineroar
|-damage|p1b: Incineroar|11/100
|move|p1a: Corviknight|Brave Bird|p2a: Amoonguss
|-supereffective|p2a: Amoonguss
|-damage|p2a: Amoonguss|0 fnt
|faint|p2a: Amoonguss
|-damage|p1a: Corviknight|42/100|[from] Recoil
|move|p1b: Incineroar|Knock Off|p2b: Pelipper
|-damage|p2b: Pelipper|42/100
|
|-weather|RainDance|[upkeep]
|-heal|p1a: Corviknight|48/100|[from] item: Leftovers
|upkeep
|
|t:|1757729891
|switch|p2a: Basculegion|Basculegion, L50, M, shiny|100/100
|turn|7
|
|t:|1757729917
|-terastallize|p2a: Basculegion|Water
|move|p2a: Basculegion|Last Respects|p1a: Corviknight
|-damage|p1a: Corviknight|15/100
|move|p2b: Pelipper|Tailwind|p2b: Pelipper
|-sidestart|p2: Kirai IV|move: Tailwind
|move|p1a: Corviknight|Tailwind|p1a: Corviknight
|-sidestart|p1: MackCasual|move: Tailwind
|move|p1b: Incineroar|Will-O-Wisp|p2a: Basculegion
|-status|p2a: Basculegion|brn
|
|-weather|RainDance|[upkeep]
|-heal|p1a: Corviknight|21/100|[from] item: Leftovers
|-damage|p2a: Basculegion|94/100 brn|[from] brn
|upkeep
|turn|8
|
|t:|1757729941
|move|p2a: Basculegion|Aqua Jet|p1b: Incineroar
|-supereffective|p1b: Incineroar
|-damage|p1b: Incineroar|0 fnt
|faint|p1b: Incineroar
|move|p2b: Pelipper|Hurricane|p1a: Corviknight
|-damage|p1a: Corviknight|0 fnt
|faint|p1a: Corviknight
|
|-weather|RainDance|[upkeep]
|-damage|p2a: Basculegion|88/100 brn|[from] brn
|upkeep
|
|t:|1757729953
|switch|p1b: Glaceon|Glaceon, L50, F|100/100
|turn|9
|
|t:|1757729963
|move|p2b: Pelipper|Protect|p2b: Pelipper
|-singleturn|p2b: Pelipper|Protect
|move|p2a: Basculegion|Wave Crash|p1b: Glaceon
|-damage|p1b: Glaceon|55/100
|-damage|p2a: Basculegion|75/100 brn|[from] Recoil
|move|p1b: Glaceon|Freeze-Dry|p2a: Basculegion
|-supereffective|p2a: Basculegion
|-crit|p2a: Basculegion
|-damage|p2a: Basculegion|0 fnt
|faint|p2a: Basculegion
|
|-weather|none
|upkeep
|turn|10
|
|t:|1757729977
|move|p2b: Pelipper|Hurricane|p1b: Glaceon
|-damage|p1b: Glaceon|33/100
|-start|p1b: Glaceon|confusion
|-activate|p1b: Glaceon|confusion
|move|p1b: Glaceon|Freeze-Dry|p2b: Pelipper
|-supereffective|p2b: Pelipper
|-damage|p2b: Pelipper|0 fnt
|faint|p2b: Pelipper
|
|win|MackCasual
||Kirai IV is ready for game 3.
||MackCasual is ready for game 3.
|uhtml|next|Next: Game 3 of 3
