|j|☆Pokeman2010ash
|j|☆AbadanRiyi92
|html|Pokeman2010ashAbadanRiyi92    
|uhtml|bestof|Game 1 of a best-of-3
|t:|1785638952
|gametype|doubles
|player|p1|Pokeman2010ash|lucas|1040
|player|p2|AbadanRiyi92|colress|1212
|gen|9
|tier|[Gen 9 Champions] VGC 2026 Reg M-B (Bo3)
|rated|
|rule|Species Clause: Limit one of each Pokémon
|rule|Item Clause: Limit 1 of each item
|clearpoke
|poke|p1|Gallade, L50, M|
|poke|p1|Rotom-Frost, L50|
|poke|p1|Ceruledge, L50, F|
|poke|p1|Garchomp, L50, M|
|poke|p1|Mawile, L50, F|
|poke|p1|Maushold-Four, L50|
|poke|p2|Gengar, L50, M|
|poke|p2|Swampert, L50, M|
|poke|p2|Incineroar, L50, F|
|poke|p2|Politoed, L50, M|
|poke|p2|Archaludon, L50, M|
|poke|p2|Vivillon, L50, F|
|teampreview|4
|showteam|p1|Gallade||Galladite|Justified|PsychoCut,SacredSword,Protect,PoisonJab|Jolly||M|||50|]Rotom-Frost||ChoiceScarf|Levitate|Trick,VoltSwitch,Electroweb,Blizzard|Timid|||||50|]Ceruledge||ColburBerry|WeakArmor|BulkUp,BitterBlade,Poltergeist,Protect|Adamant||F|||50|]Garchomp||LifeOrb|RoughSkin|Earthquake,ScaleShot,RockSlide,Protect|Jolly||M|||50|]Mawile||Mawilite|Intimidate|PlayRough,SuckerPunch,IronHead,SwordsDance|Adamant||F|||50|]Maushold-Four||MentalHerb|FriendGuard|Taunt,HelpingHand,FollowMe,BeatUp|Timid|||||50|
|showteam|p2|Gengar||Gengarite|CursedBody|ShadowBall,PerishSong,SludgeBomb,Protect|Timid||M|||50|]Swampert||Swampertite|Torrent|WaveCrash,Earthquake,IcePunch,Protect|Adamant||M|||50|]Incineroar||PasshoBerry|Intimidate|ThroatChop,PartingShot,FakeOut,Protect|Sassy||F|||50|]Politoed||SitrusBerry|Drizzle|WeatherBall,PerishSong,Encore,Protect|Calm||M|||50|]Archaludon||Leftovers|Stamina|DragonPulse,FlashCannon,ElectroShot,Protect|Bold||M|||50|]Vivillon||FocusSash|CompoundEyes|Hurricane,SleepPowder,RagePowder,Protect|Timid||F|||50|
|
|t:|1785638992
|teamsize|p1|4
|teamsize|p2|4
|start
|switch|p1a: Rotom|Rotom-Frost, L50|100/100
|switch|p1b: Mawile|Mawile, L50, F|100/100
|switch|p2a: Swampert|Swampert, L50, M|100/100
|switch|p2b: Archaludon|Archaludon, L50, M|100/100
|-ability|p1b: Mawile|Intimidate|boost
|-unboost|p2a: Swampert|atk|1
|-unboost|p2b: Archaludon|atk|1
|turn|1
|inactive|Battle timer is ON: inactive players will automatically lose when time's up. (requested by Pokeman2010ash)
|
|t:|1785639020
|switch|p2b: Politoed|Politoed, L50, M|100/100
|-weather|RainDance|[from] ability: Drizzle|[of] p2b: Politoed
|detailschange|p2a: Swampert|Swampert-Mega, L50, M
|-mega|p2a: Swampert|Swampert|Swampertite
|detailschange|p1b: Mawile|Mawile-Mega, L50, F
|-mega|p1b: Mawile|Mawile|Mawilite
|move|p2a: Swampert|Earthquake|p1b: Mawile|[spread] p2b,p1b
|-immune|p1a: Rotom|[from] ability: Levitate
|-supereffective|p1b: Mawile|1
|-damage|p2b: Politoed|70/100
|-damage|p1b: Mawile|42/100
|move|p1a: Rotom|Trick|p2b: Politoed
|-activate|p1a: Rotom|move: Trick|[of] p2b: Politoed
|-item|p2b: Politoed|Choice Scarf|[from] move: Trick
|-item|p1a: Rotom|Sitrus Berry|[from] move: Trick
|move|p1b: Mawile|Swords Dance|p1b: Mawile
|-boost|p1b: Mawile|atk|2
|
|-weather|RainDance|[upkeep]
|upkeep
|turn|2
|inactive|Pokeman2010ash has 30 seconds left.
|inactive|AbadanRiyi92 has 30 seconds left.
|
|t:|1785639051
|move|p1b: Mawile|Sucker Punch|p2a: Swampert
|-damage|p2a: Swampert|16/100
|move|p2a: Swampert|Wave Crash|p1a: Rotom
|-damage|p1a: Rotom|6/100
|-enditem|p1a: Rotom|Sitrus Berry|[eat]
|-heal|p1a: Rotom|31/100|[from] item: Sitrus Berry
|-damage|p2a: Swampert|0 fnt|[from] Recoil
|faint|p2a: Swampert
|move|p1a: Rotom|Volt Switch|p2b: Politoed
|-supereffective|p2b: Politoed|1
|-damage|p2b: Politoed|24/100
|
|t:|1785639062
|switch|p1a: Maushold|Maushold-Four, L50|100/100|[from] Volt Switch
|move|p2b: Politoed|Encore|p1b: Mawile
|-start|p1b: Mawile|Encore
|
|-weather|RainDance|[upkeep]
|upkeep
|
|t:|1785639069
|switch|p2a: Incineroar|Incineroar, L50, F|100/100
|-ability|p2a: Incineroar|Intimidate|boost
|-unboost|p1a: Maushold|atk|1
|-unboost|p1b: Mawile|atk|1
|turn|3
|
|t:|1785639092
|switch|p2b: Archaludon|Archaludon, L50, M|100/100
|move|p2a: Incineroar|Fake Out|p1a: Maushold
|-damage|p1a: Maushold|85/100
|move|p1b: Mawile|Sucker Punch||[still]
|-fail|p1b: Mawile
|cant|p1a: Maushold|flinch
|
|-weather|RainDance|[upkeep]
|upkeep
|turn|4
|inactive|AbadanRiyi92 has 30 seconds left.
|
|t:|1785639119
|switch|p2a: Politoed|Politoed, L50, M|24/100
|move|p1a: Maushold|Follow Me|p1a: Maushold
|-singleturn|p1a: Maushold|move: Follow Me
|move|p1b: Mawile|Sucker Punch|p2b: Archaludon
|-damage|p2b: Archaludon|52/100
|-ability|p2b: Archaludon|Stamina|boost
|-boost|p2b: Archaludon|def|1
|move|p2b: Archaludon|Electro Shot||[still]
|-prepare|p2b: Archaludon|Electro Shot
|-boost|p2b: Archaludon|spa|1
|-anim|p2b: Archaludon|Electro Shot|p1a: Maushold
|-damage|p1a: Maushold|20/100y
|
|-weather|RainDance|[upkeep]
|-heal|p2b: Archaludon|58/100|[from] item: Leftovers
|upkeep
|turn|5
|inactive|Pokeman2010ash has 30 seconds left.
|inactive|AbadanRiyi92 has 30 seconds left.
|inactive|Pokeman2010ash has 20 seconds left.
|inactive|Pokeman2010ash has 15 seconds left.
|inactive|Pokeman2010ash has 10 seconds left.
|
|t:|1785639165
|switch|p2a: Incineroar|Incineroar, L50, F|100/100
|-ability|p2a: Incineroar|Intimidate|boost
|-unboost|p1a: Maushold|atk|1
|-unboost|p1b: Mawile|atk|1
|move|p1a: Maushold|Follow Me|p1a: Maushold
|-singleturn|p1a: Maushold|move: Follow Me
|move|p1b: Mawile|Sucker Punch||[still]
|-fail|p1b: Mawile
|move|p2b: Archaludon|Electro Shot||[still]
|-prepare|p2b: Archaludon|Electro Shot
|-boost|p2b: Archaludon|spa|1
|-anim|p2b: Archaludon|Electro Shot|p1a: Maushold
|-damage|p1a: Maushold|0 fnt
|faint|p1a: Maushold
|
|-weather|none
|-heal|p2b: Archaludon|64/100|[from] item: Leftovers
|-end|p1b: Mawile|Encore
|upkeep
|-message|Pokeman2010ash forfeited.
|
|win|AbadanRiyi92
|l|☆Pokeman2010ash
|player|p1|
|raw|Pokeman2010ash's rating: 1040 → 1031(-9 for losing)
|raw|AbadanRiyi92's rating: 1212 → 1226(+14 for winning)
