|j|☆pressinblades
|j|☆rainloverrrr
|html|pressinbladesrainloverrrr    
|uhtml|bestof|Game 3 of a best-of-3
|t:|1783468948
|gametype|doubles
|player|p1|pressinblades|steven|1190
|player|p2|rainloverrrr|n|1086
|gen|9
|tier|[Gen 9 Champions] VGC 2026 Reg M-B (Bo3)
|rated|
|rule|Species Clause: Limit one of each Pokémon
|rule|Item Clause: Limit 1 of each item
|clearpoke
|poke|p1|Talonflame, L50, M|
|poke|p1|Mamoswine, L50, M|
|poke|p1|Maushold, L50|
|poke|p1|Gardevoir, L50, F, shiny|
|poke|p1|Incineroar, L50, M, shiny|
|poke|p1|Torkoal, L50, M|
|poke|p2|Aggron, L50, F|
|poke|p2|Sinistcha-Masterpiece, L50|
|poke|p2|Incineroar, L50, M|
|poke|p2|Tyranitar, L50, M|
|poke|p2|Glimmora, L50, F|
|poke|p2|Gengar, L50, M|
|teampreview|4
|showteam|p1|Talonflame||SharpBeak|GaleWings|Protect,Tailwind,DualWingbeat,Overheat|Naive||M|||50|]Mamoswine||OccaBerry|Oblivious|Protect,IcicleSpear,RockSlide,HighHorsepower|Adamant||M|||50|]Maushold||FocusSash|FriendGuard|Protect,FollowMe,SuperFang,Encore|Bold|||||50|]Gardevoir||Gardevoirite|Trace|Protect,TrickRoom,HyperVoice,Psyshock|Modest||F|||50|]Incineroar||SitrusBerry|Intimidate|FakeOut,ThroatChop,PartingShot,FlareBlitz|Careful||M|||50|]Torkoal||WhiteHerb|Drought|Protect,Overheat,RockTomb,HeatWave|Quiet||M|||50|
|showteam|p2|Aggron||Aggronite|Sturdy|IronDefense,BodyPress,HeavySlam,Protect|Brave||F|||50|]Sinistcha-Masterpiece||CobaBerry|Hospitality|TrickRoom,MatchaGotcha,RagePowder,LifeDew|Modest|||||50|]Incineroar||SitrusBerry|Intimidate|FakeOut,PartingShot,WillOWisp,Snarl|Jolly||M|||50|]Tyranitar||ChoiceScarf|SandStream|RockSlide,IcePunch,KnockOff,LowKick|Jolly||M|||50|]Glimmora||FocusSash|ToxicDebris|EarthPower,SludgeBomb,PowerGem,MortalSpin|Timid||F|||50|]Gengar||Gengarite|CursedBody|Venoshock,ShadowBall,PerishSong,Protect|Timid||M|||50|
|inactive|Battle timer is ON: inactive players will automatically lose when time's up. (requested by rainloverrrr)
|inactive|pressinblades has 60 seconds left.
|
|t:|1783468989
|teamsize|p1|4
|teamsize|p2|4
|start
|switch|p1a: Talonflame|Talonflame, L50, M|100/100
|switch|p1b: Mamoswine|Mamoswine, L50, M|100/100
|switch|p2a: Incineroar|Incineroar, L50, M|100/100
|switch|p2b: Glimmora|Glimmora, L50, F|100/100
|-ability|p2a: Incineroar|Intimidate|boost
|-unboost|p1a: Talonflame|atk|1
|-fail|p1b: Mamoswine|unboost|Attack|[from] ability: Oblivious|[of] p1b: Mamoswine
|turn|1
|
|t:|1783469009
|move|p1a: Talonflame|Protect|p1a: Talonflame
|-singleturn|p1a: Talonflame|Protect
|move|p1b: Mamoswine|Protect|p1b: Mamoswine
|-singleturn|p1b: Mamoswine|Protect
|move|p2a: Incineroar|Fake Out|p1b: Mamoswine
|-activate|p1b: Mamoswine|move: Protect
|move|p2b: Glimmora|Mortal Spin|p1a: Talonflame|[spread] 
|-activate|p1a: Talonflame|move: Protect
|-activate|p1b: Mamoswine|move: Protect
|
|upkeep
|turn|2
|
|t:|1783469026
|move|p1a: Talonflame|Dual Wingbeat|p2b: Glimmora
|-resisted|p2b: Glimmora|1
|-damage|p2b: Glimmora|93/100
|-activate|p2b: Glimmora|ability: Toxic Debris
|-sidestart|p1: pressinblades|move: Toxic Spikes
|-resisted|p2b: Glimmora|1
|-damage|p2b: Glimmora|87/100
|-activate|p2b: Glimmora|ability: Toxic Debris
|-sidestart|p1: pressinblades|move: Toxic Spikes
|-hitcount|p2b: Glimmora|2
|move|p2b: Glimmora|Mortal Spin|p1b: Mamoswine|[spread] p1a,p1b
|-resisted|p1b: Mamoswine|1
|-damage|p1a: Talonflame|93/100
|-damage|p1b: Mamoswine|97/100
|-status|p1a: Talonflame|psn
|-status|p1b: Mamoswine|psn
|move|p1b: Mamoswine|High Horsepower|p2b: Glimmora
|-supereffective|p2b: Glimmora|2
|-damage|p2b: Glimmora|0 fnt
|faint|p2b: Glimmora
|move|p2a: Incineroar|Will-O-Wisp||[still]
|-fail|p2a: Incineroar
|
|-damage|p1a: Talonflame|81/100 psn|[from] psn
|-damage|p1b: Mamoswine|85/100 psn|[from] psn
|upkeep
|
|t:|1783469045
|switch|p2b: Aggron|Aggron, L50, F|100/100
|turn|3
|
|t:|1783469054
|detailschange|p2b: Aggron|Aggron-Mega, L50, F
|-mega|p2b: Aggron|Aggron|Aggronite
|move|p1a: Talonflame|Tailwind|p1a: Talonflame
|-sidestart|p1: pressinblades|move: Tailwind
|move|p1b: Mamoswine|High Horsepower|p2b: Aggron
|-supereffective|p2b: Aggron|1
|-damage|p2b: Aggron|62/100
|move|p2a: Incineroar|Parting Shot|p1a: Talonflame
|-unboost|p1a: Talonflame|atk|1
|-unboost|p1a: Talonflame|spa|1
|
|t:|1783469062
|switch|p2a: Tyranitar|Tyranitar, L50, M|100/100|[from] Parting Shot
|-weather|Sandstorm|[from] ability: Sand Stream|[of] p2a: Tyranitar
|move|p2b: Aggron|Iron Defense|p2b: Aggron
|-boost|p2b: Aggron|def|2
|
|-weather|Sandstorm|[upkeep]
|-damage|p1a: Talonflame|75/100 psn|[from] Sandstorm
|-damage|p1a: Talonflame|62/100 psn|[from] psn
|-damage|p1b: Mamoswine|72/100 psn|[from] psn
|upkeep
|turn|4
|
|t:|1783469082
|switch|p2a: Incineroar|Incineroar, L50, M|100/100
|-ability|p2a: Incineroar|Intimidate|boost
|-unboost|p1a: Talonflame|atk|1
|-fail|p1b: Mamoswine|unboost|Attack|[from] ability: Oblivious|[of] p1b: Mamoswine
|move|p1a: Talonflame|Overheat|p2b: Aggron
|-supereffective|p2b: Aggron|1
|-damage|p2b: Aggron|24/100
|-unboost|p1a: Talonflame|spa|2
|move|p1b: Mamoswine|High Horsepower|p2b: Aggron
|-supereffective|p2b: Aggron|1
|-damage|p2b: Aggron|3/100
|move|p2b: Aggron|Body Press|p1b: Mamoswine
|-supereffective|p1b: Mamoswine|1
|-damage|p1b: Mamoswine|0 fnt
|faint|p1b: Mamoswine
|
|-weather|Sandstorm|[upkeep]
|-damage|p1a: Talonflame|56/100 psn|[from] Sandstorm
|-damage|p2a: Incineroar|93/100|[from] Sandstorm
|-damage|p1a: Talonflame|44/100 psn|[from] psn
|upkeep
|
|t:|1783469103
|switch|p1b: Maushold|Maushold, L50|100/100
|-status|p1b: Maushold|tox
|turn|5
|
|t:|1783469119
|switch|p1a: Gardevoir|Gardevoir, L50, F, shiny|100/100
|-status|p1a: Gardevoir|tox
|-ability|p1a: Gardevoir|Intimidate|Trace|[from] ability: Trace|[of] p2a: Incineroar
|-ability|p1a: Gardevoir|Intimidate|boost
|-unboost|p2a: Incineroar|atk|1
|-unboost|p2b: Aggron|atk|1
|move|p1b: Maushold|Protect|p1b: Maushold
|-singleturn|p1b: Maushold|Protect
|move|p2a: Incineroar|Parting Shot|p1b: Maushold
|-activate|p1b: Maushold|move: Protect
|move|p2b: Aggron|Body Press|p1b: Maushold
|-activate|p1b: Maushold|move: Protect
|
|-weather|Sandstorm|[upkeep]
|-damage|p1b: Maushold|93/100 tox|[from] Sandstorm
|-damage|p1a: Gardevoir|94/100 tox|[from] Sandstorm
|-damage|p2a: Incineroar|87/100|[from] Sandstorm
|-damage|p1b: Maushold|87/100 tox|[from] psn
|-damage|p1a: Gardevoir|88/100 tox|[from] psn
|upkeep
|turn|6
|
|t:|1783469132
|detailschange|p1a: Gardevoir|Gardevoir-Mega, L50, F, shiny
|-mega|p1a: Gardevoir|Gardevoir|Gardevoirite
|move|p2b: Aggron|Protect|p2b: Aggron
|-singleturn|p2b: Aggron|Protect
|move|p1b: Maushold|Super Fang|p2a: Incineroar
|-damage|p2a: Incineroar|44/100
|-enditem|p2a: Incineroar|Sitrus Berry|[eat]
|-heal|p2a: Incineroar|69/100|[from] item: Sitrus Berry
|move|p1a: Gardevoir|Hyper Voice|p2a: Incineroar|[spread] p2a
|-activate|p2b: Aggron|move: Protect
|-damage|p2a: Incineroar|11/100
|move|p2a: Incineroar|Snarl|p1a: Gardevoir|[spread] p1a,p1b
|-damage|p1a: Gardevoir|82/100 tox
|-damage|p1b: Maushold|74/100 tox
|-unboost|p1a: Gardevoir|spa|1
|-unboost|p1b: Maushold|spa|1
|
|-weather|Sandstorm|[upkeep]
|-damage|p1b: Maushold|68/100 tox|[from] Sandstorm
|-damage|p1a: Gardevoir|76/100 tox|[from] Sandstorm
|-damage|p2a: Incineroar|4/100|[from] Sandstorm
|-damage|p1b: Maushold|56/100 tox|[from] psn
|-damage|p1a: Gardevoir|64/100 tox|[from] psn
|-sideend|p1: pressinblades|move: Tailwind
|upkeep
|turn|7
|inactive|pressinblades has 30 seconds left.
|
|t:|1783469167
|switch|p1b: Talonflame|Talonflame, L50, M|44/100 psn
|move|p1a: Gardevoir|Hyper Voice|p2b: Aggron|[spread] p2a,p2b
|-crit|p2a: Incineroar
|-resisted|p2b: Aggron|1
|-damage|p2a: Incineroar|0 fnt
|-damage|p2b: Aggron|0 fnt
|faint|p2a: Incineroar
|faint|p2b: Aggron
|
|-weather|none
|-damage|p1b: Talonflame|32/100 psn|[from] psn
|-damage|p1a: Gardevoir|47/100 tox|[from] psn
|upkeep
|
|t:|1783469171
|switch|p2b: Tyranitar|Tyranitar, L50, M|100/100
|-weather|Sandstorm|[from] ability: Sand Stream|[of] p2b: Tyranitar
|turn|8
|
|t:|1783469191
|move|p1a: Gardevoir|Protect|p1a: Gardevoir
|-singleturn|p1a: Gardevoir|Protect
|move|p1b: Talonflame|Tailwind|p1b: Talonflame
|-sidestart|p1: pressinblades|move: Tailwind
|move|p2b: Tyranitar|Rock Slide|p1b: Talonflame|[spread] p1b
|-activate|p1a: Gardevoir|move: Protect
|-supereffective|p1b: Talonflame|2
|-damage|p1b: Talonflame|0 fnt
|faint|p1b: Talonflame
|
|-weather|Sandstorm|[upkeep]
|-damage|p1a: Gardevoir|41/100 tox|[from] Sandstorm
|-damage|p1a: Gardevoir|18/100 tox|[from] psn
|upkeep
|
|t:|1783469195
|switch|p1b: Maushold|Maushold, L50|56/100 tox
|turn|9
|
|t:|1783469200
|move|p1b: Maushold|Super Fang|p2b: Tyranitar
|-damage|p2b: Tyranitar|50/100g
|move|p1a: Gardevoir|Hyper Voice|p2b: Tyranitar
|-supereffective|p2b: Tyranitar|1
|-damage|p2b: Tyranitar|0 fnt
|faint|p2b: Tyranitar
|
|win|pressinblades
|raw|pressinblades's rating: 1190 → 1208(+18 for winning)
|raw|rainloverrrr's rating: 1086 → 1070(-16 for losing)
|l|☆rainloverrrr
|player|p2|
