|j|☆SengarBlade
|j|☆middleagedpotato
|html|SengarBlademiddleagedpotato    
|uhtml|bestof|Game 1 of a best-of-3
|t:|1757849586
|gametype|doubles
|player|p1|SengarBlade|preschooler|
|player|p2|middleagedpotato|dawn-gen4pt|
|gen|9
|tier|[Gen 9] VGC 2025 Reg H (Bo3)
|rule|Species Clause: Limit one of each Pokémon
|rule|Item Clause: Limit 1 of each item
|clearpoke
|poke|p1|Murkrow, L50, M|
|poke|p1|Tyranitar, L50, M|
|poke|p1|Lycanroc, L50, M|
|poke|p1|Decidueye-Hisui, L50, M|
|poke|p1|Clefable, L50, M|
|poke|p1|Hydreigon, L50, F|
|poke|p2|Smeargle, L50, M|
|poke|p2|Amoonguss, L50, M|
|poke|p2|Gardevoir, L50, F|
|poke|p2|Ursaluna, L50, F|
|poke|p2|Azumarill, L50, F|
|poke|p2|Sneasler, L50, F|
|teampreview|4
|showteam|p1|Murkrow||Eviolite|Prankster|FoulPlay,Tailwind,Haze,Protect|||M|||50|,,,,,Steel]Tyranitar||ClearAmulet|SandStream|RockSlide,KnockOff,TeraBlast,Protect|||M|||50|,,,,,Flying]Lycanroc||FocusSash|SandRush|RockSlide,Accelerock,Endeavor,Endure|||M|||50|,,,,,Ghost]Decidueye-Hisui||LifeOrb|Scrappy|CloseCombat,LeafBlade,UpperHand,Protect|||M|||50|,,,,,Ghost]Clefable||SafetyGoggles|Unaware|Moonblast,FollowMe,HelpingHand,Protect|||M|||50|,,,,,Water]Hydreigon||AguavBerry|Levitate|DracoMeteor,DarkPulse,Snarl,Protect|||F|||50|,,,,,Poison
|showteam|p2|Smeargle||FocusSash|Moody|Imprison,Transform,Protect,Spore|||M|||50|,,,,,Ghost]Amoonguss||RockyHelmet|Regenerator|Spore,RagePowder,PollenPuff,Protect|||M|||50|,,,,,Ghost]Gardevoir||Leftovers|Telepathy|Imprison,Protect,TrickRoom,DazzlingGleam|||F|||50|,,,,,Fairy]Ursaluna||FlameOrb|Guts|Protect,Facade,Earthquake,Crunch|||F|||50|,,,,,Ghost]Azumarill||AssaultVest|HugePower|AquaTail,AquaJet,PlayRough,IceSpinner|||F|||50|,,,,,Water]Sneasler||WhiteHerb|Unburden|CloseCombat,DireClaw,Protect,Uturn|||F|||50|,,,,,Dark
|
|t:|1757849640
|teamsize|p1|4
|teamsize|p2|4
|start
|switch|p1a: Tyranitar|Tyranitar, L50, M|100/100
|switch|p1b: Lycanroc|Lycanroc, L50, M|100/100
|switch|p2a: Sneasler|Sneasler, L50, F|100/100
|switch|p2b: Amoonguss|Amoonguss, L50, M|100/100
|-weather|Sandstorm|[from] ability: Sand Stream|[of] p1a: Tyranitar
|turn|1
|
|t:|1757849670
|-terastallize|p1a: Tyranitar|Flying
|move|p2b: Amoonguss|Protect|p2b: Amoonguss
|-singleturn|p2b: Amoonguss|Protect
|move|p1b: Lycanroc|Rock Slide|p2a: Sneasler|[spread] 
|-activate|p2b: Amoonguss|move: Protect
|-miss|p1b: Lycanroc|p2a: Sneasler
|move|p2a: Sneasler|Dire Claw|p1b: Lycanroc
|-resisted|p1b: Lycanroc
|-damage|p1b: Lycanroc|62/100
|move|p1a: Tyranitar|Tera Blast|p2b: Amoonguss|[anim] Tera Blast Flying
|-activate|p2b: Amoonguss|move: Protect
|
|-weather|Sandstorm|[upkeep]
|-damage|p2a: Sneasler|95/100|[from] Sandstorm
|-damage|p1a: Tyranitar|94/100|[from] Sandstorm
|-damage|p2b: Amoonguss|95/100|[from] Sandstorm
|upkeep
|turn|2
|
|t:|1757849701
|move|p1b: Lycanroc|Rock Slide|p2b: Amoonguss|[spread] p2a,p2b
|-resisted|p2a: Sneasler
|-damage|p2a: Sneasler|68/100
|-damage|p2b: Amoonguss|66/100
|move|p2a: Sneasler|Close Combat|p1b: Lycanroc
|-supereffective|p1b: Lycanroc
|-damage|p1b: Lycanroc|0 fnt
|-unboost|p2a: Sneasler|def|1
|-unboost|p2a: Sneasler|spd|1
|faint|p1b: Lycanroc
|-enditem|p2a: Sneasler|White Herb
|-clearnegativeboost|p2a: Sneasler|[silent]
|move|p1a: Tyranitar|Tera Blast|p2b: Amoonguss|[anim] Tera Blast Flying
|-supereffective|p2b: Amoonguss
|-damage|p2b: Amoonguss|0 fnt
|faint|p2b: Amoonguss
|
|-weather|Sandstorm|[upkeep]
|-damage|p2a: Sneasler|62/100|[from] Sandstorm
|-damage|p1a: Tyranitar|88/100|[from] Sandstorm
|upkeep
|
|t:|1757849722
|switch|p1b: Decidueye|Decidueye-Hisui, L50, M|100/100
|switch|p2b: Azumarill|Azumarill, L50, F|100/100
|turn|3
|
|t:|1757849747
|move|p1b: Decidueye|Protect|p1b: Decidueye
|-singleturn|p1b: Decidueye|Protect
|move|p2a: Sneasler|Dire Claw|p1b: Decidueye
|-activate|p1b: Decidueye|move: Protect
|move|p1a: Tyranitar|Tera Blast|p2a: Sneasler|[anim] Tera Blast Flying
|-supereffective|p2a: Sneasler
|-damage|p2a: Sneasler|0 fnt
|faint|p2a: Sneasler
|move|p2b: Azumarill|Play Rough|p1b: Decidueye
|-activate|p1b: Decidueye|move: Protect
|
|-weather|Sandstorm|[upkeep]
|-damage|p1a: Tyranitar|82/100|[from] Sandstorm
|-damage|p1b: Decidueye|94/100|[from] Sandstorm
|-damage|p2b: Azumarill|95/100|[from] Sandstorm
|upkeep
|
|t:|1757849763
|switch|p2a: Gardevoir|Gardevoir, L50, F|100/100
|turn|4
|
|t:|1757849788
|-terastallize|p2a: Gardevoir|Fairy
|move|p1a: Tyranitar|Rock Slide|p2b: Azumarill|[spread] p2a,p2b
|-crit|p2b: Azumarill
|-damage|p2a: Gardevoir|56/100
|-damage|p2b: Azumarill|39/100
|move|p1b: Decidueye|Leaf Blade|p2b: Azumarill
|-supereffective|p2b: Azumarill
|-damage|p2b: Azumarill|0 fnt
|faint|p2b: Azumarill
|-damage|p1b: Decidueye|84/100|[from] item: Life Orb
|move|p2a: Gardevoir|Trick Room|p2a: Gardevoir
|-fieldstart|move: Trick Room|[of] p2a: Gardevoir
|
|-weather|Sandstorm|[upkeep]
|-damage|p1b: Decidueye|78/100|[from] Sandstorm
|-damage|p1a: Tyranitar|76/100|[from] Sandstorm
|-damage|p2a: Gardevoir|51/100|[from] Sandstorm
|-heal|p2a: Gardevoir|56/100|[from] item: Leftovers
|upkeep
|turn|5
|
|t:|1757849807
|move|p1b: Decidueye|Leaf Blade|p2a: Gardevoir
|-damage|p2a: Gardevoir|0 fnt
|faint|p2a: Gardevoir
|-damage|p1b: Decidueye|68/100|[from] item: Life Orb
|
|win|SengarBlade
