|j|☆ChrisJHall13
|j|☆VenusaurBot
|html|ChrisJHall13VenusaurBot    
|uhtml|bestof|Game 1 of a best-of-3
|t:|1784648232
|gametype|doubles
|player|p1|ChrisJHall13|102|1248
|player|p2|VenusaurBot|koga|1293
|gen|9
|tier|[Gen 9 Champions] VGC 2026 Reg M-B (Bo3)
|rated|
|rule|Species Clause: Limit one of each Pokémon
|rule|Item Clause: Limit 1 of each item
|clearpoke
|poke|p1|Incineroar, L50, M|
|poke|p1|Ninetales-Alola, L50, M|
|poke|p1|Gengar, L50, F|
|poke|p1|Dragonite, L50, M|
|poke|p1|Snorlax, L50, F|
|poke|p1|Scrafty, L50, M|
|poke|p2|Venusaur, L50, M|
|poke|p2|Pelipper, L50, F|
|poke|p2|Grimmsnarl, L50, M|
|poke|p2|Archaludon, L50, F|
|poke|p2|Basculegion, L50, M|
|poke|p2|Metagross, L50|
|teampreview|4
|showteam|p1|Incineroar||ShucaBerry|Intimidate|FakeOut,DarkestLariat,Protect,PartingShot|Careful||M|||50|]Ninetales-Alola||FocusSash|SnowWarning|Blizzard,Protect,Encore,Disable|Timid||M|||50|]Gengar||Gengarite|CursedBody|PerishSong,ShadowBall,Protect,SludgeBomb|Modest||F|||50|]Dragonite||LifeOrb|InnerFocus|DragonClaw,ExtremeSpeed,Protect,LowKick|Adamant||M|||50|]Snorlax||Leftovers|ThickFat|Yawn,Fissure,DoubleEdge,Protect|Relaxed||F|||50|]Scrafty||Scraftinite|Intimidate|CloseCombat,KnockOff,FakeOut,Protect|Adamant||M|||50|
|showteam|p2|Venusaur||Venusaurite|Chlorophyll|Protect,EarthPower,SludgeBomb,GigaDrain|Modest||M|||50|]Pelipper||FocusSash|Drizzle|Protect,WeatherBall,Hurricane,Tailwind|Modest||F|||50|]Grimmsnarl||LightClay|Prankster|PartingShot,SpiritBreak,Reflect,LightScreen|Careful||M|||50|]Archaludon||Leftovers|Stamina|ElectroShot,DragonPulse,FlashCannon,Protect|Calm||F|||50|]Basculegion||ChoiceScarf|Adaptability|WaveCrash,FlipTurn,AquaJet,LastRespects|Jolly||M|||50|]Metagross||Metagrossite|ClearBody|Protect,IronHead,PsychicFangs,BodyPress|Adamant|||||50|
|inactive|Battle timer is ON: inactive players will automatically lose when time's up. (requested by VenusaurBot)
|inactive|VenusaurBot has 60 seconds left.
|inactive|VenusaurBot has 30 seconds left.
|inactive|VenusaurBot has 20 seconds left.
|inactive|VenusaurBot has 15 seconds left.
|inactive|VenusaurBot has 10 seconds left.
|inactive|VenusaurBot has 5 seconds left.
|
|t:|1784648325
|teamsize|p1|4
|teamsize|p2|4
|start
|switch|p1a: Gengar|Gengar, L50, F|100/100
|switch|p1b: Incineroar|Incineroar, L50, M|100/100
|switch|p2a: Pelipper|Pelipper, L50, F|100/100
|switch|p2b: Basculegion|Basculegion, L50, M|100/100
|-weather|RainDance|[from] ability: Drizzle|[of] p2a: Pelipper
|-ability|p1b: Incineroar|Intimidate|boost
|-unboost|p2a: Pelipper|atk|1
|-unboost|p2b: Basculegion|atk|1
|turn|1
|inactive|ChrisJHall13 has 30 seconds left.
|inactive|VenusaurBot has 30 seconds left.
|inactive|ChrisJHall13 has 20 seconds left.
|inactive|VenusaurBot has 20 seconds left.
|inactive|ChrisJHall13 has 15 seconds left.
|inactive|VenusaurBot has 15 seconds left.
|
|t:|1784648370
|switch|p2a: Metagross|Metagross, L50|100/100
|switch|p1b: Ninetales|Ninetales-Alola, L50, M|100/100
|-weather|Snowscape|[from] ability: Snow Warning|[of] p1b: Ninetales
|detailschange|p1a: Gengar|Gengar-Mega, L50, F
|-mega|p1a: Gengar|Gengar|Gengarite
|move|p2b: Basculegion|Flip Turn|p1b: Ninetales
|-damage|p1b: Ninetales|74/100
|
|t:|1784648380
|switch|p2b: Pelipper|Pelipper, L50, F|100/100|[from] Flip Turn
|-weather|RainDance|[from] ability: Drizzle|[of] p2b: Pelipper
|move|p1a: Gengar|Sludge Bomb|p2a: Metagross
|-immune|p2a: Metagross
|
|-weather|RainDance|[upkeep]
|upkeep
|turn|2
|inactive|ChrisJHall13 has 30 seconds left.
|
|t:|1784648405
|switch|p1b: Incineroar|Incineroar, L50, M|100/100
|-ability|p1b: Incineroar|Intimidate|boost
|-fail|p2a: Metagross|unboost|[from] ability: Clear Body|[of] p2a: Metagross
|-unboost|p2b: Pelipper|atk|1
|move|p1a: Gengar|Shadow Ball|p2a: Metagross
|-supereffective|p2a: Metagross|1
|-damage|p2a: Metagross|0 fnt
|faint|p2a: Metagross
|move|p2b: Pelipper|Weather Ball|p1b: Incineroar
|-supereffective|p1b: Incineroar|1
|-damage|p1b: Incineroar|9/100
|
|-weather|RainDance|[upkeep]
|upkeep
|
|t:|1784648419
|switch|p2a: Basculegion|Basculegion, L50, M|100/100
|turn|3
|
|t:|1784648435
|switch|p1a: Snorlax|Snorlax, L50, F|100/100
|move|p2a: Basculegion|Flip Turn|p1b: Incineroar
|-supereffective|p1b: Incineroar|1
|-damage|p1b: Incineroar|0 fnt
|faint|p1b: Incineroar
|
|t:|1784648441
|switch|p2a: Archaludon|Archaludon, L50, F|100/100|[from] Flip Turn
|move|p2b: Pelipper|Weather Ball|p1a: Snorlax
|-damage|p1a: Snorlax|60/100
|
|-weather|RainDance|[upkeep]
|-heal|p1a: Snorlax|65/100|[from] item: Leftovers
|upkeep
|
|t:|1784648466
|switch|p1b: Gengar|Gengar-Mega, L50, F|100/100
|turn|4
|
|t:|1784648478
|switch|p1a: Ninetales|Ninetales-Alola, L50, M|74/100
|-weather|Snowscape|[from] ability: Snow Warning|[of] p1a: Ninetales
|move|p1b: Gengar|Perish Song|p1b: Gengar
|-start|p1a: Ninetales|perish3|[silent]
|-start|p1b: Gengar|perish3|[silent]
|-start|p2a: Archaludon|perish3|[silent]
|-start|p2b: Pelipper|perish3|[silent]
|-fieldactivate|move: Perish Song
|move|p2a: Archaludon|Flash Cannon|p1a: Ninetales
|-supereffective|p1a: Ninetales|2
|-damage|p1a: Ninetales|0 fnt
|faint|p1a: Ninetales
|move|p2b: Pelipper|Weather Ball|p1b: Gengar
|-damage|p1b: Gengar|68/100
|
|-weather|Snowscape|[upkeep]
|-start|p1b: Gengar|perish3
|-start|p2a: Archaludon|perish3
|-start|p2b: Pelipper|perish3
|upkeep
|
|t:|1784648490
|switch|p1a: Snorlax|Snorlax, L50, F|65/100
|turn|5
|inactive|ChrisJHall13 has 30 seconds left.
|
|t:|1784648517
|move|p1b: Gengar|Protect|p1b: Gengar
|-singleturn|p1b: Gengar|Protect
|move|p2a: Archaludon|Electro Shot||[still]
|-prepare|p2a: Archaludon|Electro Shot
|-boost|p2a: Archaludon|spa|1
|move|p2b: Pelipper|Tailwind|p2b: Pelipper
|-sidestart|p2: VenusaurBot|move: Tailwind
|move|p1a: Snorlax|Yawn|p2a: Archaludon
|-start|p2a: Archaludon|move: Yawn|[of] p1a: Snorlax
|
|-weather|Snowscape|[upkeep]
|-heal|p1a: Snorlax|71/100|[from] item: Leftovers
|-start|p2a: Archaludon|perish2
|-start|p2b: Pelipper|perish2
|-start|p1b: Gengar|perish2
|upkeep
|turn|6
|
|t:|1784648532
|move|p1b: Gengar|Protect||[still]
|-fail|p1b: Gengar
|move|p2a: Archaludon|Electro Shot|p1b: Gengar|[from] lockedmove
|-crit|p1b: Gengar
|-damage|p1b: Gengar|0 fnt
|faint|p1b: Gengar
|move|p2b: Pelipper|Weather Ball|p1a: Snorlax
|-damage|p1a: Snorlax|63/100
|move|p1a: Snorlax|Yawn|p2b: Pelipper
|-start|p2b: Pelipper|move: Yawn|[of] p1a: Snorlax
|
|-weather|Snowscape|[upkeep]
|-heal|p1a: Snorlax|69/100|[from] item: Leftovers
|-end|p2a: Archaludon|move: Yawn|[silent]
|-status|p2a: Archaludon|slp
|-start|p2a: Archaludon|perish1
|-start|p2b: Pelipper|perish1
|upkeep
|turn|7
|
|t:|1784648549
|switch|p2b: Basculegion|Basculegion, L50, M|100/100
|cant|p2a: Archaludon|slp
|move|p1a: Snorlax|Fissure|p2a: Archaludon|[miss]
|-miss|p1a: Snorlax|p2a: Archaludon
|
|-weather|Snowscape|[upkeep]
|-heal|p1a: Snorlax|75/100|[from] item: Leftovers
|-start|p2a: Archaludon|perish0
|faint|p2a: Archaludon
|upkeep
|-message|ChrisJHall13 forfeited.
|
|win|VenusaurBot
|l|☆ChrisJHall13
|player|p1|
||ChrisJHall13 is ready for game 2.
||VenusaurBot is ready for game 2.
|uhtml|next|Next: Game 2 of 3
