|j|☆tessa scarlet
|j|☆Sonja Hilmer
|html|tessa scarletSonja Hilmer    
|uhtml|bestof|Game 1 of a best-of-3
|t:|1756814871
|gametype|doubles
|player|p1|tessa scarlet|170|1400
|player|p2|Sonja Hilmer|lady|1430
|gen|9
|tier|[Gen 9] VGC 2025 Reg H (Bo3)
|rated|
|rule|Species Clause: Limit one of each Pokémon
|rule|Item Clause: Limit 1 of each item
|clearpoke
|poke|p1|Gholdengo, L50|
|poke|p1|Annihilape, L50, F|
|poke|p1|Volcarona, L50, M|
|poke|p1|Dragonite, L50, F|
|poke|p1|Ninetales-Alola, L50, F|
|poke|p1|Ursaluna-Bloodmoon, L50, M|
|poke|p2|Dachsbun, L50, M|
|poke|p2|Typhlosion-Hisui, L50, F|
|poke|p2|Kingambit, L50, M|
|poke|p2|Jumpluff, L50, F|
|poke|p2|Rillaboom, L50, M|
|poke|p2|Torkoal, L50, F|
|teampreview|4
|showteam|p1|Gholdengo||LifeOrb|GoodasGold|NastyPlot,MakeItRain,ShadowBall,Protect||||||50|,,,,,Water]Annihilape||SafetyGoggles|Defiant|DrainPunch,RageFist,BulkUp,Protect|||F|||50|,,,,,Fire]Volcarona||SitrusBerry|FlameBody|StruggleBug,Overheat,RagePowder,Tailwind|||M|||50|,,,,,Steel]Dragonite||LoadedDice|Multiscale|ScaleShot,Haze,Tailwind,Protect|||F|||50|,,,,,Steel]Ninetales-Alola||FocusSash|SnowWarning|Blizzard,IcyWind,IcicleSpear,AuroraVeil|||F|||50|,,,,,Ghost]Ursaluna-Bloodmoon||AssaultVest|MindsEye|BloodMoon,HyperVoice,EarthPower,VacuumWave|||M|||50|,,,,,Water
|showteam|p2|Dachsbun||Leftovers|WellBakedBody|BodyPress,Snarl,HelpingHand,Protect|||M|||50|,,,,,Steel]Typhlosion-Hisui||ChoiceSpecs|Blaze|Eruption,LavaPlume,Overheat,ShadowBall|||F|||50|,,,,,Fire]Kingambit||SafetyGoggles|Defiant|Protect,KowtowCleave,SuckerPunch,SwordsDance|||M|||50|,,,,,Dark]Jumpluff||CovertCloak|Chlorophyll|SleepPowder,SunnyDay,Encore,Tailwind|||F|||50|,,,,,Water]Rillaboom||AssaultVest|GrassySurge|WoodHammer,GrassyGlide,FakeOut,HighHorsepower|||M|||50|,,,,,Water]Torkoal||SitrusBerry|Drought|HeatWave,LavaPlume,ClearSmog,Protect|||F|||50|,,,,,Fairy
|inactive|Battle timer is ON: inactive players will automatically lose when time's up. (requested by Sonja Hilmer)
|inactive|tessa scarlet has 60 seconds left.
|inactive|Sonja Hilmer has 60 seconds left.
|inactive|tessa scarlet has 30 seconds left.
|inactive|Sonja Hilmer has 30 seconds left.
|inactive|Sonja Hilmer has 20 seconds left.
|inactive|Sonja Hilmer has 15 seconds left.
|
|t:|1756814951
|teamsize|p1|4
|teamsize|p2|4
|start
|switch|p1a: Annihilape|Annihilape, L50, F|100/100
|switch|p1b: Volcarona|Volcarona, L50, M|100/100
|switch|p2a: Typhlosion|Typhlosion-Hisui, L50, F|100/100
|switch|p2b: Torkoal|Torkoal, L50, F|100/100
|-weather|SunnyDay|[from] ability: Drought|[of] p2b: Torkoal
|turn|1
|inactive|tessa scarlet has 30 seconds left.
|inactive|Sonja Hilmer has 30 seconds left.
|inactive|Sonja Hilmer has 20 seconds left.
|inactive|tessa scarlet has 20 seconds left.
|inactive|tessa scarlet has 15 seconds left.
|
|t:|1756815000
|switch|p2b: Dachsbun|Dachsbun, L50, M|100/100
|-terastallize|p2a: Typhlosion|Fire
|move|p1a: Annihilape|Protect|p1a: Annihilape
|-singleturn|p1a: Annihilape|Protect
|move|p1b: Volcarona|Struggle Bug|p2a: Typhlosion|[spread] p2a,p2b
|-resisted|p2a: Typhlosion
|-resisted|p2b: Dachsbun
|-damage|p2a: Typhlosion|89/100
|-damage|p2b: Dachsbun|90/100
|-unboost|p2a: Typhlosion|spa|1
|-unboost|p2b: Dachsbun|spa|1
|move|p2a: Typhlosion|Lava Plume|p1b: Volcarona|[spread] p1b
|-activate|p1a: Annihilape|move: Protect
|-ability|p2b: Dachsbun|Well-Baked Body|boost
|-boost|p2b: Dachsbun|def|2
|-damage|p1b: Volcarona|46/100
|-enditem|p1b: Volcarona|Sitrus Berry|[eat]
|-heal|p1b: Volcarona|71/100|[from] item: Sitrus Berry
|
|-weather|SunnyDay|[upkeep]
|-heal|p2b: Dachsbun|96/100|[from] item: Leftovers
|upkeep
|turn|2
|
|t:|1756815021
|move|p1b: Volcarona|Struggle Bug|p2b: Dachsbun|[spread] p2a,p2b
|-resisted|p2a: Typhlosion
|-resisted|p2b: Dachsbun
|-damage|p2a: Typhlosion|78/100
|-damage|p2b: Dachsbun|85/100
|-unboost|p2a: Typhlosion|spa|1
|-unboost|p2b: Dachsbun|spa|1
|move|p2a: Typhlosion|Lava Plume|p1b: Volcarona|[spread] p1a,p1b
|-ability|p2b: Dachsbun|Well-Baked Body|boost
|-boost|p2b: Dachsbun|def|2
|-damage|p1a: Annihilape|61/100
|-damage|p1b: Volcarona|32/100
|-status|p1a: Annihilape|brn
|move|p1a: Annihilape|Bulk Up|p1a: Annihilape
|-boost|p1a: Annihilape|atk|1
|-boost|p1a: Annihilape|def|1
|move|p2b: Dachsbun|Body Press|p1b: Volcarona
|-resisted|p1b: Volcarona
|-damage|p1b: Volcarona|0 fnt
|-status|p2b: Dachsbun|brn|[from] ability: Flame Body|[of] p1b: Volcarona
|faint|p1b: Volcarona
|
|-weather|SunnyDay|[upkeep]
|-heal|p2b: Dachsbun|91/100 brn|[from] item: Leftovers
|-damage|p1a: Annihilape|55/100 brn|[from] brn
|-damage|p2b: Dachsbun|85/100 brn|[from] brn
|upkeep
|
|t:|1756815034
|switch|p1b: Ninetales|Ninetales-Alola, L50, F|100/100
|-weather|Snowscape|[from] ability: Snow Warning|[of] p1b: Ninetales
|turn|3
|
|t:|1756815050
|switch|p2a: Torkoal|Torkoal, L50, F|100/100
|-weather|SunnyDay|[from] ability: Drought|[of] p2a: Torkoal
|move|p1b: Ninetales|Blizzard|p2a: Torkoal|[spread] p2a,p2b
|-resisted|p2a: Torkoal
|-damage|p2a: Torkoal|83/100
|-damage|p2b: Dachsbun|41/100 brn
|move|p1a: Annihilape|Bulk Up|p1a: Annihilape
|-boost|p1a: Annihilape|atk|1
|-boost|p1a: Annihilape|def|1
|move|p2b: Dachsbun|Body Press|p1b: Ninetales
|-damage|p1b: Ninetales|44/100
|
|-weather|SunnyDay|[upkeep]
|-heal|p2b: Dachsbun|47/100 brn|[from] item: Leftovers
|-damage|p1a: Annihilape|49/100 brn|[from] brn
|-damage|p2b: Dachsbun|41/100 brn|[from] brn
|upkeep
|turn|4
|
|t:|1756815075
|move|p1a: Annihilape|Protect|p1a: Annihilape
|-singleturn|p1a: Annihilape|Protect
|move|p1b: Ninetales|Blizzard|p2b: Dachsbun|[spread] p2b
|-miss|p1b: Ninetales|p2a: Torkoal
|-damage|p2b: Dachsbun|0 fnt
|faint|p2b: Dachsbun
|move|p2a: Torkoal|Clear Smog|p1a: Annihilape
|-activate|p1a: Annihilape|move: Protect
|
|-weather|SunnyDay|[upkeep]
|-damage|p1a: Annihilape|43/100 brn|[from] brn
|upkeep
|
|t:|1756815095
|switch|p2b: Rillaboom|Rillaboom, L50, M|100/100
|-fieldstart|move: Grassy Terrain|[from] ability: Grassy Surge|[of] p2b: Rillaboom
|turn|5
|inactive|tessa scarlet has 30 seconds left.
|
|t:|1756815122
|switch|p1b: Dragonite|Dragonite, L50, F|100/100
|move|p2b: Rillaboom|Grassy Glide|p1b: Dragonite
|-resisted|p1b: Dragonite
|-damage|p1b: Dragonite|96/100
|move|p1a: Annihilape|Drain Punch|p2b: Rillaboom
|-damage|p2b: Rillaboom|71/100
|-heal|p1a: Annihilape|57/100 brn|[from] drain|[of] p2b: Rillaboom
|move|p2a: Torkoal|Heat Wave|p1b: Dragonite|[spread] p1b
|-miss|p2a: Torkoal|p1a: Annihilape
|-resisted|p1b: Dragonite
|-damage|p1b: Dragonite|80/100
|
|-weather|SunnyDay|[upkeep]
|-heal|p1a: Annihilape|63/100 brn|[from] Grassy Terrain
|-heal|p2b: Rillaboom|77/100|[from] Grassy Terrain
|-heal|p2a: Torkoal|89/100|[from] Grassy Terrain
|-damage|p1a: Annihilape|57/100 brn|[from] brn
|upkeep
|turn|6
|inactive|Sonja Hilmer has 30 seconds left.
|
|t:|1756815153
|move|p1a: Annihilape|Drain Punch|p2b: Rillaboom
|-crit|p2b: Rillaboom
|-damage|p2b: Rillaboom|31/100
|-heal|p1a: Annihilape|79/100 brn|[from] drain|[of] p2b: Rillaboom
|move|p1b: Dragonite|Scale Shot|p2b: Rillaboom
|-damage|p2b: Rillaboom|17/100
|-damage|p2b: Rillaboom|0 fnt
|faint|p2b: Rillaboom
|-hitcount|p2: Rillaboom|2
|-unboost|p1b: Dragonite|def|1
|-boost|p1b: Dragonite|spe|1
|move|p2a: Torkoal|Clear Smog|p1b: Dragonite
|-damage|p1b: Dragonite|69/100
|-clearboost|p1b: Dragonite
|
|-weather|SunnyDay|[upkeep]
|-heal|p1a: Annihilape|85/100 brn|[from] Grassy Terrain
|-heal|p2a: Torkoal|95/100|[from] Grassy Terrain
|-damage|p1a: Annihilape|79/100 brn|[from] brn
|upkeep
|
|t:|1756815160
|switch|p2b: Typhlosion|Typhlosion-Hisui, L50, F, tera:Fire|78/100
|turn|7
|
|t:|1756815179
|-terastallize|p1a: Annihilape|Fire
|move|p1b: Dragonite|Protect|p1b: Dragonite
|-singleturn|p1b: Dragonite|Protect
|move|p2b: Typhlosion|Eruption|p1a: Annihilape|[spread] p1a
|-activate|p1b: Dragonite|move: Protect
|-resisted|p1a: Annihilape
|-damage|p1a: Annihilape|18/100 brn
|move|p1a: Annihilape|Drain Punch|p2b: Typhlosion
|-damage|p2b: Typhlosion|33/100
|-heal|p1a: Annihilape|35/100 brn|[from] drain|[of] p2b: Typhlosion
|move|p2a: Torkoal|Heat Wave|p1a: Annihilape|[spread] p1a
|-activate|p1b: Dragonite|move: Protect
|-resisted|p1a: Annihilape
|-damage|p1a: Annihilape|20/100 brn
|
|-weather|none
|-heal|p2b: Typhlosion|38/100|[from] Grassy Terrain
|-heal|p1a: Annihilape|26/100 brn|[from] Grassy Terrain
|-heal|p2a: Torkoal|100/100|[from] Grassy Terrain
|-damage|p1a: Annihilape|20/100 brn|[from] brn
|upkeep
|turn|8
|
|t:|1756815203
|move|p1a: Annihilape|Protect|p1a: Annihilape
|-singleturn|p1a: Annihilape|Protect
|move|p2b: Typhlosion|Eruption|p1b: Dragonite|[spread] p1b
|-activate|p1a: Annihilape|move: Protect
|-resisted|p1b: Dragonite
|-damage|p1b: Dragonite|48/100
|move|p1b: Dragonite|Tailwind|p1b: Dragonite
|-sidestart|p1: tessa scarlet|move: Tailwind
|move|p2a: Torkoal|Lava Plume|p1b: Dragonite|[spread] p2b,p1b
|-activate|p1a: Annihilape|move: Protect
|-resisted|p2b: Typhlosion
|-crit|p2b: Typhlosion
|-resisted|p1b: Dragonite
|-damage|p2b: Typhlosion|22/100
|-damage|p1b: Dragonite|39/100
|
|-heal|p1a: Annihilape|26/100 brn|[from] Grassy Terrain
|-heal|p2b: Typhlosion|28/100|[from] Grassy Terrain
|-damage|p1a: Annihilape|20/100 brn|[from] brn
|upkeep
|turn|9
|
|t:|1756815222
|move|p1a: Annihilape|Drain Punch|p2b: Typhlosion
|-damage|p2b: Typhlosion|0 fnt
|-heal|p1a: Annihilape|30/100 brn|[from] drain|[of] p2b: Typhlosion
|faint|p2b: Typhlosion
|move|p1b: Dragonite|Scale Shot|p2a: Torkoal
|-damage|p2a: Torkoal|90/100
|-damage|p2a: Torkoal|79/100
|-damage|p2a: Torkoal|69/100
|-damage|p2a: Torkoal|58/100
|-damage|p2a: Torkoal|47/100
|-enditem|p2a: Torkoal|Sitrus Berry|[eat]
|-heal|p2a: Torkoal|72/100|[from] item: Sitrus Berry
|-hitcount|p2a: Torkoal|5
|-unboost|p1b: Dragonite|def|1
|-boost|p1b: Dragonite|spe|1
|move|p2a: Torkoal|Clear Smog|p1a: Annihilape
|-damage|p1a: Annihilape|21/100 brn
|-clearboost|p1a: Annihilape
|
|-heal|p1a: Annihilape|27/100 brn|[from] Grassy Terrain
|-heal|p2a: Torkoal|78/100|[from] Grassy Terrain
|-damage|p1a: Annihilape|21/100 brn|[from] brn
|-fieldend|move: Grassy Terrain
|upkeep
|turn|10
|
|t:|1756815240
|move|p2a: Torkoal|Protect|p2a: Torkoal
|-singleturn|p2a: Torkoal|Protect
|move|p1b: Dragonite|Scale Shot|p2a: Torkoal
|-activate|p2a: Torkoal|move: Protect
|move|p1a: Annihilape|Rage Fist|p2a: Torkoal
|-activate|p2a: Torkoal|move: Protect
|
|-damage|p1a: Annihilape|14/100 brn|[from] brn
|upkeep
|turn|11
|
|t:|1756815248
|move|p1b: Dragonite|Scale Shot|p2a: Torkoal
|-damage|p2a: Torkoal|68/100
|-damage|p2a: Torkoal|57/100
|-damage|p2a: Torkoal|47/100
|-damage|p2a: Torkoal|36/100
|-hitcount|p2a: Torkoal|4
|-unboost|p1b: Dragonite|def|1
|-boost|p1b: Dragonite|spe|1
|move|p1a: Annihilape|Rage Fist|p2a: Torkoal
|-damage|p2a: Torkoal|6/100
|move|p2a: Torkoal|Lava Plume|p1a: Annihilape|[spread] p1a,p1b
|-resisted|p1a: Annihilape
|-resisted|p1b: Dragonite
|-damage|p1a: Annihilape|6/100 brn
|-damage|p1b: Dragonite|29/100
|-status|p1b: Dragonite|brn
|
|-damage|p1b: Dragonite|23/100 brn|[from] brn
|-damage|p1a: Annihilape|0 fnt|[from] brn
|faint|p1a: Annihilape
|-sideend|p1: tessa scarlet|move: Tailwind
|upkeep
|
|t:|1756815252
|switch|p1a: Ninetales|Ninetales-Alola, L50, F|44/100
|-weather|Snowscape|[from] ability: Snow Warning|[of] p1a: Ninetales
|turn|12
|
|t:|1756815255
|move|p1b: Dragonite|Scale Shot|p2a: Torkoal
|-damage|p2a: Torkoal|0 fnt
|faint|p2a: Torkoal
|-hitcount|p2: Torkoal|1
|
|win|tessa scarlet
||tessa scarlet is ready for game 2.
||Sonja Hilmer is ready for game 2.
|uhtml|next|Next: Game 2 of 3
|l|☆Sonja Hilmer
|player|p2|
|j|☆Sonja Hilmer
|player|p2|Sonja Hilmer|lady|
