|j|☆JonnyNerd
|j|☆Grogguu
|html|JonnyNerdGrogguu    
|uhtml|bestof|Game 1 of a best-of-3
|t:|1757731665
|gametype|doubles
|player|p1|JonnyNerd|falkner|
|player|p2|Grogguu|266|
|gen|9
|tier|[Gen 9] VGC 2025 Reg H (Bo3)
|rule|Species Clause: Limit one of each Pokémon
|rule|Item Clause: Limit 1 of each item
|clearpoke
|poke|p1|Torkoal, L50, F|
|poke|p1|Mimikyu, L50, M|
|poke|p1|Ursaluna, L50, F|
|poke|p1|Lilligant-Hisui, L50, F|
|poke|p1|Incineroar, L50, F|
|poke|p1|Maushold-Four, L50|
|poke|p2|Dragonite, L50, F|
|poke|p2|Rillaboom, L50, F|
|poke|p2|Ursaluna-Bloodmoon, L50, M|
|poke|p2|Gholdengo, L50|
|poke|p2|Electabuzz, L50, M|
|poke|p2|Annihilape, L50, F|
|teampreview|4
|showteam|p1|Torkoal||ChoiceSpecs|Drought|Flamethrower,Eruption,EarthPower,WeatherBall|||F|||50|,,,,,Fire]Mimikyu||MentalHerb|Disguise|Protect,TrickRoom,ShadowSneak,Curse|||M|||50|,,,,,Grass]Ursaluna||FlameOrb|Guts|Facade,HeadlongRush,Protect,Earthquake|||F|||50|,,,,,Ghost]Lilligant-Hisui||FocusSash|Chlorophyll|Protect,SleepPowder,AfterYou,CloseCombat|||F|||50|,,,,,Ghost]Incineroar||RockyHelmet|Intimidate|FakeOut,FlareBlitz,KnockOff,PartingShot|||F|||50|,,,,,Water]Maushold-Four||WideLens|Technician|Protect,Taunt,PopulationBomb,FollowMe||||||50|,,,,,Ghost
|showteam|p2|Dragonite||LoadedDice|Multiscale|ScaleShot,Tailwind,Haze,Protect|||F|||50|,,,,,Fairy]Rillaboom||MiracleSeed|GrassySurge|WoodHammer,HighHorsepower,GrassyGlide,FakeOut|||F|||50|,,,,,Fire]Ursaluna-Bloodmoon||LifeOrb|MindsEye|BloodMoon,EarthPower,HyperVoice,Protect|||M|||50|,,,,,Ghost]Gholdengo||Leftovers|GoodasGold|MakeItRain,ShadowBall,Protect,NastyPlot||||||50|,,,,,Water]Electabuzz||Eviolite|VitalSpirit|FollowMe,Electroweb,Protect,Taunt|||M|||50|,,,,,Flying]Annihilape||SitrusBerry|Defiant|BulkUp,DrainPunch,RageFist,Protect|||F|||50|,,,,,Fire
|inactive|Battle timer is ON: inactive players will automatically lose when time's up. (requested by Grogguu)
|
|t:|1757731692
|teamsize|p1|4
|teamsize|p2|4
|start
|switch|p1a: Lilligant|Lilligant-Hisui, L50, F, shiny|100/100
|switch|p1b: Torkoal|Torkoal, L50, F|100/100
|switch|p2a: Rillaboom|Rillaboom, L50, F|100/100
|switch|p2b: Ursaluna|Ursaluna-Bloodmoon, L50, M|100/100
|-fieldstart|move: Grassy Terrain|[from] ability: Grassy Surge|[of] p2a: Rillaboom
|-weather|SunnyDay|[from] ability: Drought|[of] p1b: Torkoal
|turn|1
|inactive|Grogguu has 30 seconds left.
|
|t:|1757731725
|-terastallize|p1a: Lilligant|Ghost
|move|p2b: Ursaluna|Protect|p2b: Ursaluna
|-singleturn|p2b: Ursaluna|Protect
|move|p2a: Rillaboom|Fake Out|p1b: Torkoal
|-crit|p1b: Torkoal
|-damage|p1b: Torkoal|84/100
|move|p1a: Lilligant|Sleep Powder|p2b: Ursaluna
|-activate|p2b: Ursaluna|move: Protect
|cant|p1b: Torkoal|flinch
|
|-weather|SunnyDay|[upkeep]
|-heal|p1b: Torkoal|90/100|[from] Grassy Terrain
|upkeep
|turn|2
|inactive|Grogguu has 30 seconds left.
|
|t:|1757731759
|switch|p2b: Annihilape|Annihilape, L50, F|100/100
|-terastallize|p2a: Rillaboom|Fire
|move|p1a: Lilligant|Sleep Powder|p2b: Annihilape
|-status|p2b: Annihilape|slp|[from] move: Sleep Powder
|move|p2a: Rillaboom|High Horsepower|p1b: Torkoal
|-supereffective|p1b: Torkoal
|-damage|p1b: Torkoal|46/100
|move|p1b: Torkoal|Eruption|p2a: Rillaboom|[spread] p2a,p2b
|-resisted|p2a: Rillaboom
|-damage|p2a: Rillaboom|73/100
|-damage|p2b: Annihilape|56/100 slp
|
|-weather|SunnyDay|[upkeep]
|-heal|p2b: Annihilape|62/100 slp|[from] Grassy Terrain
|-heal|p2a: Rillaboom|79/100|[from] Grassy Terrain
|-heal|p1b: Torkoal|52/100|[from] Grassy Terrain
|upkeep
|turn|3
|inactive|Grogguu has 30 seconds left.
|
|t:|1757731788
|move|p1a: Lilligant|Sleep Powder|p2a: Rillaboom
|-status|p2a: Rillaboom|slp|[from] move: Sleep Powder
|cant|p2b: Annihilape|slp
|cant|p2a: Rillaboom|slp
|move|p1b: Torkoal|Eruption|p2a: Rillaboom|[spread] p2a,p2b
|-resisted|p2a: Rillaboom
|-damage|p2a: Rillaboom|50/100 slp
|-damage|p2b: Annihilape|15/100 slp
|-enditem|p2b: Annihilape|Sitrus Berry|[eat]
|-heal|p2b: Annihilape|40/100 slp|[from] item: Sitrus Berry
|
|-weather|SunnyDay|[upkeep]
|-heal|p2b: Annihilape|46/100 slp|[from] Grassy Terrain
|-heal|p2a: Rillaboom|56/100 slp|[from] Grassy Terrain
|-heal|p1b: Torkoal|59/100|[from] Grassy Terrain
|upkeep
|turn|4
|
|t:|1757731810
|move|p1a: Lilligant|After You|p1b: Torkoal
|-activate|p1b: Torkoal|move: After You
|move|p1b: Torkoal|Eruption|p2b: Annihilape|[spread] p2a,p2b
|-resisted|p2a: Rillaboom
|-damage|p2a: Rillaboom|22/100 slp
|-damage|p2b: Annihilape|0 fnt
|faint|p2b: Annihilape
|cant|p2a: Rillaboom|slp
|
|-weather|SunnyDay|[upkeep]
|-heal|p2a: Rillaboom|28/100 slp|[from] Grassy Terrain
|-heal|p1b: Torkoal|65/100|[from] Grassy Terrain
|upkeep
|
|t:|1757731820
|switch|p2b: Ursaluna|Ursaluna-Bloodmoon, L50, M|100/100
|turn|5
|
|t:|1757731834
|move|p1a: Lilligant|Sleep Powder|p2b: Ursaluna
|-status|p2b: Ursaluna|slp|[from] move: Sleep Powder
|cant|p2a: Rillaboom|slp
|cant|p2b: Ursaluna|slp
|move|p1b: Torkoal|Eruption|p2b: Ursaluna|[spread] p2a,p2b
|-resisted|p2a: Rillaboom
|-damage|p2a: Rillaboom|0 fnt
|-damage|p2b: Ursaluna|9/100 slp
|faint|p2a: Rillaboom
|
|-weather|none
|-heal|p2b: Ursaluna|15/100 slp|[from] Grassy Terrain
|-heal|p1b: Torkoal|71/100|[from] Grassy Terrain
|-fieldend|move: Grassy Terrain
|upkeep
|c|☆Grogguu|lol hesus
|
|t:|1757731848
|switch|p2a: Gholdengo|Gholdengo, L50|100/100
|turn|6
|
|t:|1757731859
|move|p1a: Lilligant|After You|p1b: Torkoal
|-activate|p1b: Torkoal|move: After You
|move|p1b: Torkoal|Eruption|p2b: Ursaluna|[spread] p2a,p2b
|-supereffective|p2a: Gholdengo
|-damage|p2a: Gholdengo|0 fnt
|-damage|p2b: Ursaluna|0 fnt
|faint|p2a: Gholdengo
|faint|p2b: Ursaluna
|
|win|JonnyNerd
||JonnyNerd is ready for game 2.
||Grogguu is ready for game 2.
|uhtml|next|Next: Game 2 of 3
|l|☆JonnyNerd
|player|p1|
