|j|☆SenorSotomonte
|j|☆TheCrazyMonkey14
|html|SenorSotomonteTheCrazyMonkey14    
|uhtml|bestof|Game 1 of a best-of-3
|t:|1756409572
|gametype|doubles
|player|p1|SenorSotomonte|steven|1043
|player|p2|TheCrazyMonkey14|benga|1031
|gen|9
|tier|[Gen 9] VGC 2025 Reg H (Bo3)
|rated|
|rule|Species Clause: Limit one of each Pokémon
|rule|Item Clause: Limit 1 of each item
|clearpoke
|poke|p1|Talonflame, L50, F|
|poke|p1|Gholdengo, L50|
|poke|p1|Sneasler, L50, M|
|poke|p1|Incineroar, L50, M|
|poke|p1|Amoonguss, L50, F|
|poke|p1|Ursaluna-Bloodmoon, L50, M|
|poke|p2|Gholdengo, L50|
|poke|p2|Amoonguss, L50, F|
|poke|p2|Basculegion, L50, M|
|poke|p2|Pelipper, L50, M|
|poke|p2|Incineroar, L50, M|
|poke|p2|Archaludon, L50, F|
|teampreview|4
|showteam|p1|Talonflame||CovertCloak|GaleWings|FlareBlitz,DualWingbeat,WillOWisp,Tailwind|||F|||50|,,,,,Fairy]Gholdengo||LifeOrb|GoodasGold|Protect,MakeItRain,ShadowBall,NastyPlot||||||50|,,,,,Water]Sneasler||FocusSash|Unburden|Protect,DireClaw,CloseCombat,ThroatChop|||M|||50|,,,,,Stellar]Incineroar||SafetyGoggles|Intimidate|KnockOff,PartingShot,FlareBlitz,FakeOut|||M|||50|,,,,,Ghost]Amoonguss||SitrusBerry|Regenerator|RagePowder,Spore,PollenPuff,Protect|||F|||50|,,,,,Psychic]Ursaluna-Bloodmoon||AssaultVest|MindsEye|BloodMoon,EarthPower,VacuumWave,HyperVoice|||M|||50|,,,,,Water
|showteam|p2|Gholdengo||LifeOrb|GoodasGold|MakeItRain,ShadowBall,NastyPlot,Protect||||||50|,,,,,Water]Amoonguss||SitrusBerry|Regenerator|Spore,RagePowder,PollenPuff,Protect|||F|||50|,,,,,Psychic]Basculegion||ChoiceBand|SwiftSwim|WaveCrash,FlipTurn,LastRespects,AquaJet|||M|||50|,,,,,Water]Pelipper||FocusSash|Drizzle|WeatherBall,Hurricane,Tailwind,Protect|||M|||50|,,,,,Ground]Incineroar||SafetyGoggles|Intimidate|FlareBlitz,KnockOff,PartingShot,FakeOut|||M|||50|,,,,,Ghost]Archaludon||AssaultVest|Stamina|ElectroShot,FlashCannon,DracoMeteor,BodyPress|||F|||50|,,,,,Bug
|inactive|Battle timer is ON: inactive players will automatically lose when time's up. (requested by TheCrazyMonkey14)
|inactive|SenorSotomonte has 60 seconds left.
|inactive|SenorSotomonte has 30 seconds left.
|
|t:|1756409676
|teamsize|p1|4
|teamsize|p2|4
|start
|switch|p1a: Incineroar|Incineroar, L50, M|100/100
|switch|p1b: Ursaluna|Ursaluna-Bloodmoon, L50, M|100/100
|switch|p2a: Incineroar|Incineroar, L50, M|100/100
|switch|p2b: Basculegion|Basculegion, L50, M|100/100
|-ability|p1a: Incineroar|Intimidate|boost
|-unboost|p2a: Incineroar|atk|1
|-unboost|p2b: Basculegion|atk|1
|-ability|p2a: Incineroar|Intimidate|boost
|-unboost|p1a: Incineroar|atk|1
|-unboost|p1b: Ursaluna|atk|1
|turn|1
|inactive|TheCrazyMonkey14 has 30 seconds left.
|inactive|TheCrazyMonkey14 has 20 seconds left.
|inactive|TheCrazyMonkey14 has 15 seconds left.
|inactive|TheCrazyMonkey14 has 10 seconds left.
|
|t:|1756409725
|switch|p2a: Pelipper|Pelipper, L50, M|100/100
|-weather|RainDance|[from] ability: Drizzle|[of] p2a: Pelipper
|-terastallize|p2b: Basculegion|Water
|-terastallize|p1b: Ursaluna|Water
|move|p2b: Basculegion|Wave Crash|p1b: Ursaluna
|-resisted|p1b: Ursaluna
|-damage|p1b: Ursaluna|57/100
|-damage|p2b: Basculegion|85/100|[from] Recoil
|move|p1a: Incineroar|Knock Off|p2b: Basculegion
|-crit|p2b: Basculegion
|-damage|p2b: Basculegion|4/100
|-enditem|p2b: Basculegion|Choice Band|[from] move: Knock Off|[of] p1a: Incineroar
|move|p1b: Ursaluna|Earth Power|p2a: Pelipper
|-immune|p2a: Pelipper
|
|-weather|RainDance|[upkeep]
|upkeep
|turn|2
|inactive|SenorSotomonte has 30 seconds left.
|inactive|TheCrazyMonkey14 has 30 seconds left.
|
|t:|1756409758
|move|p2b: Basculegion|Aqua Jet|p1a: Incineroar
|-supereffective|p1a: Incineroar
|-damage|p1a: Incineroar|44/100
|move|p1b: Ursaluna|Vacuum Wave|p2b: Basculegion
|-damage|p2b: Basculegion|0 fnt
|faint|p2b: Basculegion
|move|p2a: Pelipper|Tailwind|p2a: Pelipper
|-sidestart|p2: TheCrazyMonkey14|move: Tailwind
|move|p1a: Incineroar|Parting Shot|p2a: Pelipper
|-unboost|p2a: Pelipper|atk|1
|-unboost|p2a: Pelipper|spa|1
|inactive|SenorSotomonte has 30 seconds left.
|
|t:|1756409787
|switch|p1a: Gholdengo|Gholdengo, L50|100/100|[from] Parting Shot
|
|-weather|RainDance|[upkeep]
|upkeep
|
|t:|1756409797
|switch|p2b: Archaludon|Archaludon, L50, F|100/100
|turn|3
|inactive|SenorSotomonte has 30 seconds left.
|inactive|SenorSotomonte has 20 seconds left.
|inactive|SenorSotomonte has 15 seconds left.
|
|t:|1756409838
|switch|p1b: Sneasler|Sneasler, L50, M|100/100
|move|p2b: Archaludon|Electro Shot||[still]
|-prepare|p2b: Archaludon|Electro Shot
|-boost|p2b: Archaludon|spa|1
|-anim|p2b: Archaludon|Electro Shot|p1b: Sneasler
|-damage|p1b: Sneasler|19/100
|move|p2a: Pelipper|Weather Ball|p1a: Gholdengo
|-damage|p1a: Gholdengo|47/100
|move|p1a: Gholdengo|Shadow Ball|p2b: Archaludon
|-damage|p2b: Archaludon|62/100
|-ability|p2b: Archaludon|Stamina|boost
|-boost|p2b: Archaludon|def|1
|-damage|p1a: Gholdengo|37/100|[from] item: Life Orb
|
|-weather|RainDance|[upkeep]
|upkeep
|turn|4
|inactive|TheCrazyMonkey14 has 30 seconds left.
|inactive|TheCrazyMonkey14 has 20 seconds left.
|inactive|TheCrazyMonkey14 has 15 seconds left.
|
|t:|1756409882
|move|p1b: Sneasler|Protect|p1b: Sneasler
|-singleturn|p1b: Sneasler|Protect
|move|p1a: Gholdengo|Protect|p1a: Gholdengo
|-singleturn|p1a: Gholdengo|Protect
|move|p2b: Archaludon|Electro Shot||[still]
|-prepare|p2b: Archaludon|Electro Shot
|-boost|p2b: Archaludon|spa|1
|-anim|p2b: Archaludon|Electro Shot|p1b: Sneasler
|-activate|p1b: Sneasler|move: Protect
|move|p2a: Pelipper|Weather Ball|p1a: Gholdengo
|-activate|p1a: Gholdengo|move: Protect
|
|-weather|RainDance|[upkeep]
|upkeep
|turn|5
|inactive|SenorSotomonte has 30 seconds left.
|
|t:|1756409916
|switch|p1b: Incineroar|Incineroar, L50, M|44/100
|-ability|p1b: Incineroar|Intimidate|boost
|-unboost|p2a: Pelipper|atk|1
|-unboost|p2b: Archaludon|atk|1
|move|p2b: Archaludon|Electro Shot||[still]
|-prepare|p2b: Archaludon|Electro Shot
|-boost|p2b: Archaludon|spa|1
|-anim|p2b: Archaludon|Electro Shot|p1b: Incineroar
|-damage|p1b: Incineroar|0 fnt
|faint|p1b: Incineroar
|move|p2a: Pelipper|Weather Ball|p1a: Gholdengo
|-damage|p1a: Gholdengo|0 fnt
|faint|p1a: Gholdengo
|
|-weather|none
|-sideend|p2: TheCrazyMonkey14|move: Tailwind
|upkeep
|
|t:|1756409928
|switch|p1a: Ursaluna|Ursaluna-Bloodmoon, L50, M, tera:Water|57/100
|switch|p1b: Sneasler|Sneasler, L50, M|19/100
|turn|6
|
|t:|1756409943
|switch|p2b: Incineroar|Incineroar, L50, M|100/100
|-ability|p2b: Incineroar|Intimidate|boost
|-unboost|p1a: Ursaluna|atk|1
|-unboost|p1b: Sneasler|atk|1
|move|p1b: Sneasler|Dire Claw|p2a: Pelipper
|-damage|p2a: Pelipper|64/100
|move|p2a: Pelipper|Tailwind|p2a: Pelipper
|-sidestart|p2: TheCrazyMonkey14|move: Tailwind
|move|p1a: Ursaluna|Earth Power|p2b: Incineroar
|-supereffective|p2b: Incineroar
|-damage|p2b: Incineroar|19/100
|
|upkeep
|turn|7
|
|t:|1756409966
|move|p2b: Incineroar|Fake Out|p1a: Ursaluna
|-damage|p1a: Ursaluna|48/100
|move|p2a: Pelipper|Weather Ball|p1b: Sneasler
|-damage|p1b: Sneasler|3/100
|move|p1b: Sneasler|Dire Claw|p2a: Pelipper
|-damage|p2a: Pelipper|25/100
|cant|p1a: Ursaluna|flinch
|
|upkeep
|turn|8
|inactive|SenorSotomonte has 30 seconds left.
|inactive|TheCrazyMonkey14 has 30 seconds left.
|inactive|SenorSotomonte has 20 seconds left.
|inactive|SenorSotomonte has 15 seconds left.
|
|t:|1756410007
|move|p2a: Pelipper|Weather Ball|p1b: Sneasler
|-damage|p1b: Sneasler|0 fnt
|faint|p1b: Sneasler
|move|p2b: Incineroar|Knock Off|p1a: Ursaluna
|-damage|p1a: Ursaluna|17/100
|-enditem|p1a: Ursaluna|Assault Vest|[from] move: Knock Off|[of] p2b: Incineroar
|move|p1a: Ursaluna|Hyper Voice|p2b: Incineroar|[spread] p2a,p2b
|-damage|p2a: Pelipper|0 fnt
|-damage|p2b: Incineroar|0 fnt
|faint|p2a: Pelipper
|faint|p2b: Incineroar
|
|upkeep
|
|t:|1756410019
|switch|p2a: Archaludon|Archaludon, L50, F|62/100
|turn|9
|
|t:|1756410039
|move|p2a: Archaludon|Flash Cannon|p1a: Ursaluna
|-resisted|p1a: Ursaluna
|-damage|p1a: Ursaluna|0 fnt
|faint|p1a: Ursaluna
|
|win|TheCrazyMonkey14
||SenorSotomonte is ready for game 2.
||TheCrazyMonkey14 is ready for game 2.
|uhtml|next|Next: Game 2 of 3
|l|☆SenorSotomonte
|player|p1|
