|j|☆BasedRen
|j|☆raylix
|html|BasedRenraylix    
|uhtml|bestof|Game 1 of a best-of-3
|t:|1756833635
|gametype|doubles
|player|p1|BasedRen|169|1117
|player|p2|raylix|bruno|1070
|gen|9
|tier|[Gen 9] VGC 2025 Reg H (Bo3)
|rated|
|rule|Species Clause: Limit one of each Pokémon
|rule|Item Clause: Limit 1 of each item
|clearpoke
|poke|p1|Corviknight, L50, M|
|poke|p1|Blaziken, L50, M|
|poke|p1|Ceruledge, L50, M|
|poke|p1|Primarina, L50, F|
|poke|p1|Murkrow, L50, F|
|poke|p1|Zoroark-Hisui, L50, F|
|poke|p2|Sneasler, L50, F|
|poke|p2|Indeedee, L50, M|
|poke|p2|Volcarona, L50, F|
|poke|p2|Ursaluna-Bloodmoon, L50, M|
|poke|p2|Annihilape, L50, F|
|poke|p2|Tyranitar, L50, M|
|teampreview|4
|showteam|p1|Corviknight||SafetyGoggles|MirrorArmor|IronHead,BraveBird,Roost,PowerTrip|||M|||50|,,,,,Dragon]Blaziken||FocusSash|SpeedBoost|Coaching,Protect,Overheat,AuraSphere|||M|||50|,,,,,Flying]Ceruledge||ClearAmulet|FlashFire|BitterBlade,SolarBlade,ShadowSneak,CloseCombat|||M|||50|,,,,,Grass]Primarina||ThroatSpray|LiquidVoice|Moonblast,HyperVoice,MistyTerrain,Protect|||F|||50|,,,,,Fairy]Murkrow||Eviolite|Prankster|Tailwind,FoulPlay,Haze,SunnyDay|||F|||50|,,,,,Ghost]Zoroark-Hisui||ChoiceSpecs|Illusion|BitterMalice,HyperVoice,HyperBeam,FocusBlast|||F|||50|,,,,,Normal
|showteam|p2|Sneasler||PsychicSeed|Unburden|CloseCombat,DireClaw,ThroatChop,Protect|||F|||50|,,,,,Dark]Indeedee||ChoiceScarf|PsychicSurge|ExpandingForce,TeraBlast,Trick,Protect|||M|||50|,,,,,Psychic]Volcarona||SitrusBerry|FlameBody|Overheat,StruggleBug,RagePowder,Tailwind|||F|||50|,,,,,Grass]Ursaluna-Bloodmoon||LifeOrb|MindsEye|BloodMoon,HyperVoice,EarthPower,Protect|||M|||50|,,,,,Normal]Annihilape||SafetyGoggles|Defiant|CloseCombat,RageFist,Taunt,FinalGambit|||F|||50|,,,,,Fairy]Tyranitar||AssaultVest|SandStream|RockSlide,KnockOff,TeraBlast,LowKick|||M|||50|,,,,,Flying
|inactive|Battle timer is ON: inactive players will automatically lose when time's up. (requested by BasedRen)
|inactive|raylix has 60 seconds left.
|
|t:|1756833670
|teamsize|p1|4
|teamsize|p2|4
|start
|switch|p1a: Blaziken|Blaziken, L50, M, shiny|100/100
|switch|p1b: Murkrow|Murkrow, L50, F|100/100
|switch|p2a: Sneasler|Sneasler, L50, F|100/100
|switch|p2b: Indeedee|Indeedee, L50, M|100/100
|-fieldstart|move: Psychic Terrain|[from] ability: Psychic Surge|[of] p2b: Indeedee
|-enditem|p2a: Sneasler|Psychic Seed
|-boost|p2a: Sneasler|spd|1|[from] item: Psychic Seed
|turn|1
|inactive|raylix has 30 seconds left.
|inactive|raylix has 20 seconds left.
|inactive|raylix has 15 seconds left.
|
|t:|1756833713
|move|p1b: Murkrow|Tailwind|p1b: Murkrow
|-sidestart|p1: BasedRen|move: Tailwind
|move|p1a: Blaziken|Hyper Voice|p2a: Sneasler|[spread] p2a,p2b
|-damage|p2a: Sneasler|52/100
|-damage|p2b: Indeedee|27/100
|move|p2a: Sneasler|Dire Claw|p1a: Blaziken
|-resisted|p1a: Blaziken
|-damage|p1a: Blaziken|54/100
|replace|p1a: Zoroark|Zoroark-Hisui, L50, F, shiny
|-end|p1a: Zoroark|Illusion
|move|p2b: Indeedee|Expanding Force|p1b: Murkrow|[spread] p1a
|-immune|p1b: Murkrow
|-damage|p1a: Zoroark|0 fnt
|faint|p1a: Zoroark
|
|upkeep
|
|t:|1756833727
|switch|p1a: Corviknight|Corviknight, L50, M|100/100
|turn|2
|
|t:|1756833747
|move|p2a: Sneasler|Close Combat|p1a: Corviknight
|-damage|p1a: Corviknight|43/100
|-unboost|p2a: Sneasler|def|1
|-unboost|p2a: Sneasler|spd|1
|move|p1b: Murkrow|Foul Play|p2b: Indeedee
|-supereffective|p2b: Indeedee
|-damage|p2b: Indeedee|0 fnt
|faint|p2b: Indeedee
|move|p1a: Corviknight|Roost|p1a: Corviknight
|-heal|p1a: Corviknight|93/100
|-singleturn|p1a: Corviknight|move: Roost
|
|upkeep
|
|t:|1756833761
|switch|p2b: Tyranitar|Tyranitar, L50, M|100/100
|-weather|Sandstorm|[from] ability: Sand Stream|[of] p2b: Tyranitar
|turn|3
|inactive|raylix has 30 seconds left.
|inactive|raylix has 20 seconds left.
|inactive|raylix has 15 seconds left.
|
|t:|1756833803
|-terastallize|p2b: Tyranitar|Flying
|move|p2a: Sneasler|Close Combat|p1a: Corviknight
|-damage|p1a: Corviknight|37/100
|-unboost|p2a: Sneasler|def|1
|-unboost|p2a: Sneasler|spd|1
|move|p1b: Murkrow|Foul Play|p2a: Sneasler
|-resisted|p2a: Sneasler
|-damage|p2a: Sneasler|0 fnt
|faint|p2a: Sneasler
|move|p1a: Corviknight|Iron Head|p2b: Tyranitar
|-damage|p2b: Tyranitar|77/100
|cant|p2b: Tyranitar|flinch
|
|-weather|Sandstorm|[upkeep]
|-damage|p1b: Murkrow|95/100|[from] Sandstorm
|-damage|p2b: Tyranitar|71/100|[from] Sandstorm
|upkeep
|
|t:|1756833815
|switch|p2a: Volcarona|Volcarona, L50, F|100/100
|turn|4
|
|t:|1756833838
|-terastallize|p1a: Corviknight|Dragon
|move|p1b: Murkrow|Foul Play|p2b: Tyranitar
|-damage|p2b: Tyranitar|25/100
|move|p1a: Corviknight|Roost|p1a: Corviknight
|-heal|p1a: Corviknight|87/100
|move|p2a: Volcarona|Tailwind|p2a: Volcarona
|-sidestart|p2: raylix|move: Tailwind
|move|p2b: Tyranitar|Low Kick|p1a: Corviknight
|-damage|p1a: Corviknight|58/100
|
|-weather|Sandstorm|[upkeep]
|-damage|p2a: Volcarona|94/100|[from] Sandstorm
|-damage|p1b: Murkrow|89/100|[from] Sandstorm
|-damage|p2b: Tyranitar|19/100|[from] Sandstorm
|-sideend|p1: BasedRen|move: Tailwind
|upkeep
|turn|5
|inactive|BasedRen has 30 seconds left.
|inactive|raylix has 30 seconds left.
|
|t:|1756833866
|move|p2a: Volcarona|Rage Powder|p2a: Volcarona
|-singleturn|p2a: Volcarona|move: Rage Powder
|move|p2b: Tyranitar|Knock Off|p1a: Corviknight
|-damage|p1a: Corviknight|10/100
|-enditem|p1a: Corviknight|Safety Goggles|[from] move: Knock Off|[of] p2b: Tyranitar
|move|p1b: Murkrow|Foul Play|p2a: Volcarona
|-damage|p2a: Volcarona|74/100
|move|p1a: Corviknight|Roost|p1a: Corviknight
|-heal|p1a: Corviknight|60/100
|
|-weather|Sandstorm|[upkeep]
|-damage|p2a: Volcarona|68/100|[from] Sandstorm
|-damage|p2b: Tyranitar|13/100|[from] Sandstorm
|-damage|p1b: Murkrow|83/100|[from] Sandstorm
|-damage|p1a: Corviknight|54/100|[from] Sandstorm
|-fieldend|move: Psychic Terrain
|upkeep
|turn|6
|
|t:|1756833881
|move|p2a: Volcarona|Rage Powder|p2a: Volcarona
|-singleturn|p2a: Volcarona|move: Rage Powder
|move|p1b: Murkrow|Tailwind|p1b: Murkrow
|-sidestart|p1: BasedRen|move: Tailwind
|move|p2b: Tyranitar|Knock Off|p1a: Corviknight
|-damage|p1a: Corviknight|24/100
|move|p1a: Corviknight|Roost|p1a: Corviknight
|-heal|p1a: Corviknight|74/100
|
|-weather|Sandstorm|[upkeep]
|-damage|p2a: Volcarona|62/100|[from] Sandstorm
|-damage|p1b: Murkrow|77/100|[from] Sandstorm
|-damage|p2b: Tyranitar|7/100|[from] Sandstorm
|-damage|p1a: Corviknight|68/100|[from] Sandstorm
|upkeep
|turn|7
|
|t:|1756833906
|move|p2a: Volcarona|Rage Powder|p2a: Volcarona
|-singleturn|p2a: Volcarona|move: Rage Powder
|move|p1b: Murkrow|Foul Play|p2a: Volcarona
|-damage|p2a: Volcarona|42/100
|-enditem|p2a: Volcarona|Sitrus Berry|[eat]
|-heal|p2a: Volcarona|67/100|[from] item: Sitrus Berry
|move|p2b: Tyranitar|Rock Slide|p1a: Corviknight|[spread] p1a,p1b
|-supereffective|p1b: Murkrow
|-damage|p1a: Corviknight|42/100
|-damage|p1b: Murkrow|14/100
|move|p1a: Corviknight|Roost|p1a: Corviknight
|-heal|p1a: Corviknight|92/100
|
|-weather|none
|-sideend|p2: raylix|move: Tailwind
|upkeep
|turn|8
|
|t:|1756833927
|move|p2a: Volcarona|Rage Powder|p2a: Volcarona
|-singleturn|p2a: Volcarona|move: Rage Powder
|move|p1b: Murkrow|Foul Play|p2a: Volcarona
|-damage|p2a: Volcarona|45/100
|move|p1a: Corviknight|Brave Bird|p2a: Volcarona
|-supereffective|p2a: Volcarona
|-damage|p2a: Volcarona|0 fnt
|faint|p2a: Volcarona
|-damage|p1a: Corviknight|79/100|[from] Recoil
|move|p2b: Tyranitar|Rock Slide|p1a: Corviknight|[spread] p1a
|-miss|p2b: Tyranitar|p1b: Murkrow
|-damage|p1a: Corviknight|51/100
|
|upkeep
|turn|9
|
|t:|1756833944
|move|p1b: Murkrow|Foul Play|p2b: Tyranitar
|-damage|p2b: Tyranitar|0 fnt
|faint|p2b: Tyranitar
|
|win|BasedRen
||raylix is ready for game 2.
