|j|☆TYRGHASAD
|j|☆Atzel22
|html|TYRGHASADAtzel22    
|uhtml|bestof|Game 2 of a best-of-3
|t:|1785443265
|gametype|doubles
|player|p1|TYRGHASAD|101|
|player|p2|Atzel22|170|
|gen|9
|tier|[Gen 9 Champions] VGC 2026 Reg M-B (Bo3)
|rule|Species Clause: Limit one of each Pokémon
|rule|Item Clause: Limit 1 of each item
|clearpoke
|poke|p1|Emboar, L50, M, shiny|
|poke|p1|Whimsicott, L50, F|
|poke|p1|Metagross, L50|
|poke|p1|Corviknight, L50, F|
|poke|p1|Primarina, L50, F|
|poke|p1|Tsareena, L50, F|
|poke|p2|Sneasler, L50, F|
|poke|p2|Garchomp, L50, M|
|poke|p2|Tyranitar, L50, M|
|poke|p2|Skarmory, L50, M|
|poke|p2|Scovillain, L50, F|
|poke|p2|Qwilfish, L50, F|
|teampreview|4
|showteam|p1|Emboar||Emboarite|Blaze|FlareBlitz,Protect,CloseCombat,SuckerPunch|Adamant||M|||50|]Whimsicott||FocusSash|Prankster|Endeavor,DazzlingGleam,Protect,Tailwind|Timid||F|||50|]Metagross||Leftovers|ClearBody|BodyPress,Earthquake,PsychicFangs,BulletPunch|Relaxed|||||50|]Corviknight||SitrusBerry|Pressure|BraveBird,IronDefense,Uturn,Roost|Impish||F|||50|]Primarina||LifeOrb|Torrent|CalmMind,Surf,Moonblast,Substitute|Modest||F|||50|]Tsareena||LumBerry|QueenlyMajesty|PowerWhip,Protect,Uturn,DazzlingGleam|Jolly||F|||50|
|showteam|p2|Sneasler||FocusSash|PoisonTouch|CloseCombat,FakeOut,DireClaw,Protect|Jolly||F|||50|]Garchomp||LifeOrb|RoughSkin|DragonClaw,Earthquake,Protect,StompingTantrum|Jolly||M|||50|]Tyranitar||Tyranitarite|SandStream|KnockOff,BrickBreak,Protect,RockSlide|Adamant||M|||50|]Skarmory||Skarmorite|KeenEye|DrillRun,IronHead,Protect,Tailwind|Adamant||M|||50|]Scovillain||Leftovers|Moody|GigaDrain,Overheat,Protect,RagePowder|Calm||F|||50|]Qwilfish||SitrusBerry|Intimidate|FlipTurn,GunkShot,Liquidation,ThunderWave|Adamant||F|||50|
|
|t:|1785443299
|teamsize|p1|4
|teamsize|p2|4
|start
|switch|p1a: Whimsicott|Whimsicott, L50, F|100/100
|switch|p1b: Corviknight|Corviknight, L50, F|100/100
|switch|p2a: Sneasler|Sneasler, L50, F|100/100
|switch|p2b: Skarmory|Skarmory, L50, M|100/100
|-ability|p1b: Corviknight|Pressure
|turn|1
|
|t:|1785443316
|detailschange|p2b: Skarmory|Skarmory-Mega, L50, M
|-mega|p2b: Skarmory|Skarmory|Skarmorite
|move|p1a: Whimsicott|Tailwind|p1a: Whimsicott
|-sidestart|p1: TYRGHASAD|move: Tailwind
|move|p2a: Sneasler|Dire Claw|p1a: Whimsicott
|-supereffective|p1a: Whimsicott|2
|-enditem|p1a: Whimsicott|Focus Sash
|-damage|p1a: Whimsicott|1/100
|move|p1b: Corviknight|Iron Defense|p1b: Corviknight
|-boost|p1b: Corviknight|def|2
|move|p2b: Skarmory|Tailwind|p2b: Skarmory
|-sidestart|p2: Atzel22|move: Tailwind
|
|upkeep
|turn|2
|
|t:|1785443348
|switch|p2b: Garchomp|Garchomp, L50, M|100/100
|move|p2a: Sneasler|Dire Claw|p1a: Whimsicott
|-supereffective|p1a: Whimsicott|2
|-damage|p1a: Whimsicott|0 fnt
|faint|p1a: Whimsicott
|move|p1b: Corviknight|U-turn|p2a: Sneasler
|-resisted|p2a: Sneasler|2
|-damage|p2a: Sneasler|94/100
|
|t:|1785443358
|switch|p1b: Emboar|Emboar, L50, M, shiny|100/100|[from] U-turn
|
|upkeep
|
|t:|1785443361
|switch|p1a: Corviknight|Corviknight, L50, F|100/100
|-ability|p1a: Corviknight|Pressure
|turn|3
|
|t:|1785443374
|detailschange|p1b: Emboar|Emboar-Mega, L50, M, shiny
|-mega|p1b: Emboar|Emboar|Emboarite
|-ability|p1b: Emboar|Mold Breaker
|move|p1b: Emboar|Protect|p1b: Emboar
|-singleturn|p1b: Emboar|Protect
|move|p2a: Sneasler|Close Combat|p1a: Corviknight
|-damage|p1a: Corviknight|53/100
|-unboost|p2a: Sneasler|def|1
|-unboost|p2a: Sneasler|spd|1
|move|p2b: Garchomp|Stomping Tantrum|p1b: Emboar
|-activate|p1b: Emboar|move: Protect
|move|p1a: Corviknight|Brave Bird|p2a: Sneasler
|-supereffective|p2a: Sneasler|1
|-damage|p2a: Sneasler|0 fnt
|faint|p2a: Sneasler
|-damage|p1a: Corviknight|29/100|[from] Recoil
|-enditem|p1a: Corviknight|Sitrus Berry|[eat]
|-heal|p1a: Corviknight|54/100|[from] item: Sitrus Berry
|
|upkeep
|
|t:|1785443393
|switch|p2a: Scovillain|Scovillain, L50, F|100/100
|turn|4
|
|t:|1785443405
|move|p2b: Garchomp|Stomping Tantrum|p1b: Emboar
|-supereffective|p1b: Emboar|1
|-damage|p1b: Emboar|0 fnt
|faint|p1b: Emboar
|-damage|p2b: Garchomp|90/100|[from] item: Life Orb
|move|p2a: Scovillain|Overheat|p1a: Corviknight
|-supereffective|p1a: Corviknight|1
|-damage|p1a: Corviknight|0 fnt
|-unboost|p2a: Scovillain|spa|2
|faint|p1a: Corviknight
|
|-sideend|p1: TYRGHASAD|move: Tailwind
|-sideend|p2: Atzel22|move: Tailwind
|-ability|p2a: Scovillain|Moody|boost
|-boost|p2a: Scovillain|spe|2
|-unboost|p2a: Scovillain|atk|1
|upkeep
|
|t:|1785443442
|switch|p1b: Primarina|Primarina, L50, F|100/100
|turn|5
|
|t:|1785443452
|move|p2a: Scovillain|Giga Drain|p1b: Primarina
|-supereffective|p1b: Primarina|1
|-damage|p1b: Primarina|76/100
|move|p2b: Garchomp|Earthquake|p1b: Primarina|[spread] p2a,p1b
|-damage|p2a: Scovillain|25/100
|-damage|p1b: Primarina|18/100
|-damage|p2b: Garchomp|80/100|[from] item: Life Orb
|move|p1b: Primarina|Substitute|p1b: Primarina
|-fail|p1b: Primarina|move: Substitute|[weak]
|
|-heal|p2a: Scovillain|30/100|[from] item: Leftovers
|-ability|p2a: Scovillain|Moody|boost
|-boost|p2a: Scovillain|def|2
|-unboost|p2a: Scovillain|spa|1
|upkeep
|turn|6
|
|t:|1785443473
|move|p2a: Scovillain|Giga Drain|p1b: Primarina
|-supereffective|p1b: Primarina|1
|-damage|p1b: Primarina|1/100
|-heal|p2a: Scovillain|40/100|[from] drain|[of] p1b: Primarina
|move|p2b: Garchomp|Stomping Tantrum|p1b: Primarina
|-damage|p1b: Primarina|0 fnt
|faint|p1b: Primarina
|-damage|p2b: Garchomp|70/100|[from] item: Life Orb
|
|win|Atzel22
