|j|☆lolgz
|j|☆67ToTheTop
|html|lolgz67ToTheTop    
|uhtml|bestof|Game 1 of a best-of-3
|t:|1784044022
|gametype|doubles
|player|p1|lolgz|dawn|1157
|player|p2|67ToTheTop|serena|1344
|gen|9
|tier|[Gen 9 Champions] VGC 2026 Reg M-B (Bo3)
|rated|
|rule|Species Clause: Limit one of each Pokémon
|rule|Item Clause: Limit 1 of each item
|clearpoke
|poke|p1|Delphox, L50, M|
|poke|p1|Incineroar, L50, F|
|poke|p1|Vivillon, L50, M|
|poke|p1|Sinistcha, L50|
|poke|p1|Blastoise, L50, F|
|poke|p1|Maushold, L50|
|poke|p2|Venusaur, L50, M|
|poke|p2|Annihilape, L50, F|
|poke|p2|Charizard, L50, F|
|poke|p2|Garchomp, L50, M|
|poke|p2|Toxapex, L50, M|
|poke|p2|Incineroar, L50, F|
|teampreview|4
|showteam|p1|Delphox||Delphoxite|Blaze|HeatWave,Psychic,NastyPlot,Protect|Timid||M|||50|]Incineroar||SitrusBerry|Intimidate|FakeOut,PartingShot,FlareBlitz,ThroatChop|Impish||F|||50|]Vivillon||ChoiceScarf|CompoundEyes|SleepPowder,Hurricane,RagePowder,Tailwind|Timid||M|||50|]Sinistcha||CobaBerry|Hospitality|MatchaGotcha,RagePowder,Protect,TrickRoom|Bold|||||50|]Blastoise||Blastoisinite|RainDish|Protect,WaterSpout,DarkPulse,ShellSmash|Modest||F|||50|]Maushold||FocusSash|FriendGuard|FollowMe,Protect,SuperFang,HelpingHand|Jolly|||||50|
|showteam|p2|Venusaur||LifeOrb|Chlorophyll|SolarBeam,SludgeBomb,EarthPower,Protect|Modest||M|||50|]Annihilape||FocusSash|Defiant|RockTomb,ShadowClaw,CloseCombat,Protect|Jolly||F|||50|]Charizard||CharizarditeY|Blaze|HeatWave,WeatherBall,HelpingHand,Protect|Modest||F|||50|]Garchomp||ChoiceScarf|RoughSkin|Earthquake,DragonClaw,RockSlide,StompingTantrum|Adamant||M|||50|]Toxapex||Leftovers|Regenerator|Infestation,Toxic,WideGuard,BanefulBunker|Bold||M|||50|]Incineroar||SitrusBerry|Intimidate|FlareBlitz,ThroatChop,FakeOut,PartingShot|Impish||F|||50|
|inactive|Battle timer is ON: inactive players will automatically lose when time's up. (requested by lolgz)
|inactive|67ToTheTop has 60 seconds left.
|
|t:|1784044061
|teamsize|p1|4
|teamsize|p2|4
|start
|switch|p1a: Vivillon|Vivillon, L50, M|100/100
|switch|p1b: Delphox|Delphox, L50, M|100/100
|switch|p2a: Incineroar|Incineroar, L50, F|100/100
|switch|p2b: Charizard|Charizard, L50, F|100/100
|-ability|p2a: Incineroar|Intimidate|boost
|-unboost|p1a: Vivillon|atk|1
|-unboost|p1b: Delphox|atk|1
|turn|1
|inactive|lolgz has 30 seconds left.
|inactive|lolgz has 20 seconds left.
|inactive|lolgz has 15 seconds left.
|inactive|lolgz has 10 seconds left.
|
|t:|1784044109
|detailschange|p1b: Delphox|Delphox-Mega, L50, M
|-mega|p1b: Delphox|Delphox|Delphoxite
|detailschange|p2b: Charizard|Charizard-Mega-Y, L50, F
|-mega|p2b: Charizard|Charizard|Charizardite Y
|-weather|SunnyDay|[from] ability: Drought|[of] p2b: Charizard
|move|p2a: Incineroar|Fake Out|p1a: Vivillon
|-damage|p1a: Vivillon|80/100
|cant|p1a: Vivillon|flinch
|move|p1b: Delphox|Nasty Plot|p1b: Delphox
|-boost|p1b: Delphox|spa|2
|move|p2b: Charizard|Heat Wave|p1b: Delphox|[spread] p1b
|-miss|p2b: Charizard|p1a: Vivillon
|-resisted|p1b: Delphox|1
|-damage|p1b: Delphox|69/100
|
|-weather|SunnyDay|[upkeep]
|upkeep
|turn|2
|
|t:|1784044128
|move|p1a: Vivillon|Sleep Powder|p2a: Incineroar
|-status|p2a: Incineroar|slp|[from] move: Sleep Powder
|move|p1b: Delphox|Psychic|p2b: Charizard
|-damage|p2b: Charizard|0 fnt
|faint|p2b: Charizard
|cant|p2a: Incineroar|slp
|
|-weather|SunnyDay|[upkeep]
|upkeep
|
|t:|1784044139
|switch|p2b: Venusaur|Venusaur, L50, M|100/100
|turn|3
|inactive|lolgz has 30 seconds left.
|inactive|lolgz has 20 seconds left.
|inactive|lolgz has 15 seconds left.
|inactive|lolgz has 10 seconds left.
|inactive|lolgz has 5 seconds left.
|
|t:|1784044194
|move|p2b: Venusaur|Sludge Bomb|p1b: Delphox
|-damage|p1b: Delphox|17/100
|-damage|p2b: Venusaur|90/100|[from] item: Life Orb
|move|p1a: Vivillon|Sleep Powder|p2b: Venusaur
|-immune|p2b: Venusaur
|move|p1b: Delphox|Heat Wave|p2a: Incineroar|[spread] p2a,p2b
|-resisted|p2a: Incineroar|1
|-supereffective|p2b: Venusaur|1
|-damage|p2a: Incineroar|43/100 slp
|-damage|p2b: Venusaur|0 fnt
|-enditem|p2a: Incineroar|Sitrus Berry|[eat]
|-heal|p2a: Incineroar|68/100 slp|[from] item: Sitrus Berry
|faint|p2b: Venusaur
|-curestatus|p2a: Incineroar|slp|[msg]
|move|p2a: Incineroar|Flare Blitz|p1a: Vivillon
|-supereffective|p1a: Vivillon|1
|-damage|p1a: Vivillon|0 fnt
|faint|p1a: Vivillon
|-damage|p2a: Incineroar|48/100|[from] Recoil
|
|-weather|SunnyDay|[upkeep]
|upkeep
|inactive|lolgz has 30 seconds left.
|inactive|lolgz has 20 seconds left.
|inactive|lolgz has 15 seconds left.
|inactive|lolgz has 10 seconds left.
|inactive|lolgz has 5 seconds left.
|
|t:|1784044249
|switch|p1a: Incineroar|Incineroar, L50, F|100/100
|switch|p2b: Annihilape|Annihilape, L50, F|100/100
|-ability|p1a: Incineroar|Intimidate|boost
|-unboost|p2a: Incineroar|atk|1
|-unboost|p2b: Annihilape|atk|1
|-ability|p2b: Annihilape|Defiant|boost
|-boost|p2b: Annihilape|atk|2
|turn|4
|inactive|lolgz has 30 seconds left.
|inactive|lolgz has 20 seconds left.
|inactive|lolgz has 15 seconds left.
|inactive|lolgz has 10 seconds left.
|inactive|lolgz has 5 seconds left.
|
|t:|1784044305
|move|p1a: Incineroar|Fake Out|p2a: Incineroar
|-damage|p2a: Incineroar|39/100
|move|p1b: Delphox|Heat Wave|p2a: Incineroar|[spread] p2a
|-miss|p1b: Delphox|p2b: Annihilape
|-resisted|p2a: Incineroar|1
|-crit|p2a: Incineroar
|-damage|p2a: Incineroar|0 fnt
|faint|p2a: Incineroar
|move|p2b: Annihilape|Shadow Claw|p1b: Delphox
|-supereffective|p1b: Delphox|1
|-damage|p1b: Delphox|0 fnt
|faint|p1b: Delphox
|
|-weather|SunnyDay|[upkeep]
|upkeep
|inactive|lolgz has 30 seconds left.
|inactive|lolgz has 20 seconds left.
|inactive|lolgz has 15 seconds left.
|inactive|lolgz has 10 seconds left.
|inactive|lolgz has 5 seconds left.
|
|t:|1784044360
|switch|p1b: Maushold|Maushold, L50|100/100
|turn|5
|inactive|lolgz has 30 seconds left.
|inactive|lolgz has 20 seconds left.
|inactive|lolgz has 15 seconds left.
|inactive|lolgz has 10 seconds left.
|inactive|lolgz has 5 seconds left.
|
|t:|1784044415
|move|p1b: Maushold|Follow Me|p1b: Maushold
|-singleturn|p1b: Maushold|move: Follow Me
|move|p2b: Annihilape|Close Combat|p1b: Maushold
|-supereffective|p1b: Maushold|1
|-enditem|p1b: Maushold|Focus Sash
|-damage|p1b: Maushold|1/100
|-unboost|p2b: Annihilape|def|1
|-unboost|p2b: Annihilape|spd|1
|move|p1a: Incineroar|Parting Shot|p2b: Annihilape
|-unboost|p2b: Annihilape|atk|1
|-ability|p2b: Annihilape|Defiant|boost
|-boost|p2b: Annihilape|atk|2
|-unboost|p2b: Annihilape|spa|1
|-ability|p2b: Annihilape|Defiant|boost
|-boost|p2b: Annihilape|atk|2
|
|-weather|none
|upkeep
|turn|6
|inactive|lolgz has 30 seconds left.
|inactive|lolgz has 20 seconds left.
|inactive|lolgz has 15 seconds left.
|inactive|lolgz has 10 seconds left.
|inactive|lolgz has 5 seconds left.
|
|t:|1784044470
|move|p1b: Maushold|Follow Me|p1b: Maushold
|-singleturn|p1b: Maushold|move: Follow Me
|move|p2b: Annihilape|Close Combat|p1b: Maushold
|-supereffective|p1b: Maushold|1
|-damage|p1b: Maushold|0 fnt
|-unboost|p2b: Annihilape|def|1
|-unboost|p2b: Annihilape|spd|1
|faint|p1b: Maushold
|move|p1a: Incineroar|Parting Shot|p2b: Annihilape
|-unboost|p2b: Annihilape|atk|1
|-ability|p2b: Annihilape|Defiant|boost
|-boost|p2b: Annihilape|atk|2
|-unboost|p2b: Annihilape|spa|1
|-ability|p2b: Annihilape|Defiant|boost
|-boost|p2b: Annihilape|atk|1
|
|upkeep
|turn|7
|inactive|lolgz has 30 seconds left.
|inactive|lolgz has 20 seconds left.
|inactive|lolgz has 15 seconds left.
|inactive|lolgz has 10 seconds left.
|inactive|lolgz has 5 seconds left.
|-message|lolgz lost due to inactivity.
|
|win|67ToTheTop
