|j|☆la cabra1
|j|☆Snowball_seer
|html|la cabra1Snowball_seer    
|uhtml|bestof|Game 1 of a best-of-3
|t:|1782209569
|gametype|doubles
|player|p1|la cabra1|volkner|1289
|player|p2|Snowball_seer|allister-masters|1200
|gen|9
|tier|[Gen 9 Champions] VGC 2026 Reg M-B (Bo3)
|rated|
|rule|Species Clause: Limit one of each Pokémon
|rule|Item Clause: Limit 1 of each item
|clearpoke
|poke|p1|Aerodactyl, L50, M|
|poke|p1|Garchomp, L50, M|
|poke|p1|Kingambit, L50, M|
|poke|p1|Charizard, L50, M|
|poke|p1|Sylveon, L50, M|
|poke|p1|Farigiraf, L50, M|
|poke|p2|Froslass, L50, F, shiny|
|poke|p2|Sneasler, L50, M, shiny|
|poke|p2|Kingambit, L50, M, shiny|
|poke|p2|Garchomp, L50, M|
|poke|p2|Talonflame, L50, M|
|poke|p2|Rotom-Wash, L50|
|teampreview|4
|showteam|p1|Aerodactyl||Aerodactylite|Unnerve|IceFang,RockSlide,Tailwind,DualWingbeat|Jolly||M|||50|]Garchomp||LifeOrb|RoughSkin|DragonClaw,StompingTantrum,Earthquake,Protect|Jolly||M|||50|]Kingambit||FocusSash|Defiant|SuckerPunch,KowtowCleave,IronHead,LowKick|Adamant||M|||50|]Charizard||CharizarditeY|Blaze|Protect,WeatherBall,HeatWave,SolarBeam|Modest||M|||50|]Sylveon||FairyFeather|Pixilate|Protect,HyperVoice,HyperBeam,QuickAttack|Modest||M|||50|]Farigiraf||SitrusBerry|ArmorTail|TrickRoom,Thunderbolt,Roar,GrassKnot|Bold||M|||50|
|showteam|p2|Froslass||Froslassite|CursedBody|Protect,Blizzard,ShadowBall,AuroraVeil|Modest||F|||50|]Sneasler||WhiteHerb|Unburden|Protect,CloseCombat,DireClaw,FakeOut|Adamant||M|||50|]Kingambit||ChopleBerry|Defiant|Protect,KowtowCleave,SuckerPunch,LowKick|Adamant||M|||50|]Garchomp||LifeOrb|RoughSkin|Protect,DragonClaw,Earthquake,RockSlide|Jolly||M|||50|]Talonflame||SharpBeak|GaleWings|Protect,FlareBlitz,BraveBird,Tailwind|Jolly||M|||50|]Rotom-Wash||SitrusBerry|Levitate|Thunderbolt,VoltSwitch,HydroPump,WillOWisp|Modest|||||50|
|inactive|Battle timer is ON: inactive players will automatically lose when time's up. (requested by Snowball_seer)
|inactive|Snowball_seer has 60 seconds left.
|inactive|Snowball_seer has 30 seconds left.
|inactive|Snowball_seer has 20 seconds left.
|inactive|Snowball_seer has 15 seconds left.
|inactive|Snowball_seer has 10 seconds left.
|
|t:|1782209656
|teamsize|p1|4
|teamsize|p2|4
|start
|switch|p1a: Aerodactyl|Aerodactyl, L50, M|100/100
|switch|p1b: Kingambit|Kingambit, L50, M|100/100
|switch|p2a: Froslass|Froslass, L50, F, shiny|100/100
|switch|p2b: Talonflame|Talonflame, L50, M|100/100
|-ability|p1a: Aerodactyl|Unnerve
|turn|1
|inactive|la cabra1 has 30 seconds left.
|
|t:|1782209686
|switch|p2b: Sneasler|Sneasler, L50, M, shiny|100/100
|move|p2a: Froslass|Protect|p2a: Froslass
|-singleturn|p2a: Froslass|Protect
|move|p1a: Aerodactyl|Tailwind|p1a: Aerodactyl
|-sidestart|p1: la cabra1|move: Tailwind
|move|p1b: Kingambit|Kowtow Cleave|p2a: Froslass
|-activate|p2a: Froslass|move: Protect
|
|upkeep
|turn|2
|
|t:|1782209698
|switch|p1a: Farigiraf|Farigiraf, L50, M|100/100
|detailschange|p2a: Froslass|Froslass-Mega, L50, F, shiny
|-mega|p2a: Froslass|Froslass|Froslassite
|-weather|Snowscape|[from] ability: Snow Warning|[of] p2a: Froslass
|move|p2b: Sneasler|Fake Out||[still]
|cant|p1a: Farigiraf|ability: Armor Tail|Fake Out|[of] p2b: Sneasler
|move|p1b: Kingambit|Kowtow Cleave|p2a: Froslass
|-supereffective|p2a: Froslass|1
|-damage|p2a: Froslass|7/100
|move|p2a: Froslass|Aurora Veil|p2a: Froslass
|-sidestart|p2: Snowball_seer|move: Aurora Veil
|
|-weather|Snowscape|[upkeep]
|upkeep
|turn|3
|inactive|la cabra1 has 30 seconds left.
|inactive|Snowball_seer has 30 seconds left.
|inactive|la cabra1 has 20 seconds left.
|inactive|la cabra1 has 15 seconds left.
|inactive|la cabra1 has 10 seconds left.
|
|t:|1782209744
|move|p1b: Kingambit|Iron Head|p2b: Sneasler
|-damage|p2b: Sneasler|55/100
|move|p2a: Froslass|Blizzard|p1b: Kingambit|[spread] p1a,p1b
|-resisted|p1b: Kingambit|1
|-damage|p1a: Farigiraf|58/100
|-damage|p1b: Kingambit|74/100
|move|p1a: Farigiraf|Thunderbolt|p2b: Sneasler
|-damage|p2b: Sneasler|36/100
|-status|p2b: Sneasler|par
|cant|p2b: Sneasler|par
|
|-weather|Snowscape|[upkeep]
|upkeep
|turn|4
|inactive|Snowball_seer has 30 seconds left.
|inactive|Snowball_seer has 20 seconds left.
|inactive|la cabra1 has 30 seconds left.
|inactive|Snowball_seer has 15 seconds left.
|inactive|Snowball_seer has 10 seconds left.
|inactive|Snowball_seer has 5 seconds left.
|
|t:|1782209799
|move|p2a: Froslass|Protect|p2a: Froslass
|-singleturn|p2a: Froslass|Protect
|move|p2b: Sneasler|Protect|p2b: Sneasler
|-singleturn|p2b: Sneasler|Protect
|move|p1b: Kingambit|Iron Head|p2b: Sneasler
|-activate|p2b: Sneasler|move: Protect
|move|p1a: Farigiraf|Thunderbolt|p2a: Froslass
|-activate|p2a: Froslass|move: Protect
|
|-weather|Snowscape|[upkeep]
|-sideend|p1: la cabra1|move: Tailwind
|upkeep
|turn|5
|
|t:|1782209811
|switch|p2a: Garchomp|Garchomp, L50, M|100/100
|move|p1b: Kingambit|Sucker Punch||[still]
|-fail|p1b: Kingambit
|move|p1a: Farigiraf|Thunderbolt|p2b: Sneasler
|-crit|p2b: Sneasler
|-damage|p2b: Sneasler|0 fnt
|faint|p2b: Sneasler
|
|-weather|Snowscape|[upkeep]
|upkeep
|
|t:|1782209832
|switch|p2b: Talonflame|Talonflame, L50, M|100/100
|turn|6
|
|t:|1782209839
|move|p2b: Talonflame|Protect|p2b: Talonflame
|-singleturn|p2b: Talonflame|Protect
|move|p1b: Kingambit|Sucker Punch|p2a: Garchomp
|-damage|p2a: Garchomp|71/100
|-damage|p1b: Kingambit|61/100|[from] ability: Rough Skin|[of] p2a: Garchomp
|move|p2a: Garchomp|Earthquake|p1b: Kingambit|[spread] p1a,p1b
|-activate|p2b: Talonflame|move: Protect
|-supereffective|p1b: Kingambit|1
|-damage|p1a: Farigiraf|21/100
|-damage|p1b: Kingambit|0 fnt
|-enditem|p1a: Farigiraf|Sitrus Berry|[eat]
|-heal|p1a: Farigiraf|46/100|[from] item: Sitrus Berry
|faint|p1b: Kingambit
|-damage|p2a: Garchomp|61/100|[from] item: Life Orb
|move|p1a: Farigiraf|Thunderbolt|p2b: Talonflame
|-activate|p2b: Talonflame|move: Protect
|
|-weather|none
|-sideend|p2: Snowball_seer|move: Aurora Veil
|upkeep
|
|t:|1782209854
|switch|p1b: Aerodactyl|Aerodactyl, L50, M|100/100
|-ability|p1b: Aerodactyl|Unnerve
|turn|7
|
|t:|1782209867
|detailschange|p1b: Aerodactyl|Aerodactyl-Mega, L50, M
|-mega|p1b: Aerodactyl|Aerodactyl|Aerodactylite
|move|p2b: Talonflame|Tailwind|p2b: Talonflame
|-sidestart|p2: Snowball_seer|move: Tailwind
|move|p2a: Garchomp|Rock Slide|p1a: Farigiraf|[spread] p1a,p1b
|-supereffective|p1b: Aerodactyl|1
|-damage|p1a: Farigiraf|25/100
|-damage|p1b: Aerodactyl|38/100
|-damage|p2a: Garchomp|51/100|[from] item: Life Orb
|move|p1b: Aerodactyl|Ice Fang|p2a: Garchomp
|-supereffective|p2a: Garchomp|2
|-damage|p2a: Garchomp|0 fnt
|-damage|p1b: Aerodactyl|25/100|[from] ability: Rough Skin|[of] p2a: Garchomp
|faint|p2a: Garchomp
|move|p1a: Farigiraf|Thunderbolt|p2b: Talonflame
|-supereffective|p2b: Talonflame|1
|-damage|p2b: Talonflame|30/100
|
|upkeep
|
|t:|1782209872
|switch|p2a: Froslass|Froslass-Mega, L50, F, shiny|7/100
|-weather|Snowscape|[from] ability: Snow Warning|[of] p2a: Froslass
|turn|8
|inactive|la cabra1 has 30 seconds left.
|
|t:|1782209897
|move|p2b: Talonflame|Brave Bird|p1a: Farigiraf
|-crit|p1a: Farigiraf
|-damage|p1a: Farigiraf|0 fnt
|faint|p1a: Farigiraf
|-damage|p2b: Talonflame|18/100|[from] Recoil
|move|p2a: Froslass|Blizzard|p1b: Aerodactyl
|-supereffective|p1b: Aerodactyl|1
|-damage|p1b: Aerodactyl|0 fnt
|faint|p1b: Aerodactyl
|
|-weather|Snowscape|[upkeep]
|upkeep
|
|t:|1782209904
|switch|p1b: Charizard|Charizard, L50, M|100/100
|turn|9
|
|t:|1782209910
|move|p1b: Charizard|Protect|p1b: Charizard
|-singleturn|p1b: Charizard|Protect
|move|p2b: Talonflame|Brave Bird|p1b: Charizard
|-activate|p1b: Charizard|move: Protect
|move|p2a: Froslass|Blizzard|p1b: Charizard
|-activate|p1b: Charizard|move: Protect
|
|-weather|Snowscape|[upkeep]
|upkeep
|turn|10
|
|t:|1782209914
|move|p2b: Talonflame|Brave Bird|p1b: Charizard
|-damage|p1b: Charizard|42/100
|-damage|p2b: Talonflame|0 fnt|[from] Recoil
|faint|p2b: Talonflame
|move|p2a: Froslass|Blizzard|p1b: Charizard
|-damage|p1b: Charizard|0 fnt
|faint|p1b: Charizard
|
|win|Snowball_seer
