|j|☆MSAtlos
|j|☆ShdaowForece
|html|MSAtlosShdaowForece    
|uhtml|bestof|Game 1 of a best-of-3
|t:|1756912964
|gametype|doubles
|player|p1|MSAtlos|clair|1145
|player|p2|ShdaowForece|lucas|1122
|gen|9
|tier|[Gen 9] VGC 2025 Reg H (Bo3)
|rated|
|rule|Species Clause: Limit one of each Pokémon
|rule|Item Clause: Limit 1 of each item
|clearpoke
|poke|p1|Baxcalibur, L50, F|
|poke|p1|Rillaboom, L50, M|
|poke|p1|Sneasler, L50, F|
|poke|p1|Volcarona, L50, M|
|poke|p1|Annihilape, L50, F|
|poke|p1|Maushold-Four, L50|
|poke|p2|Kingambit, L50, M|
|poke|p2|Dragonite, L50, F|
|poke|p2|Sneasler, L50, M|
|poke|p2|Indeedee, L50, M|
|poke|p2|Volcarona, L50, F|
|poke|p2|Incineroar, L50, F|
|teampreview|4
|showteam|p1|Baxcalibur||LoadedDice|ThermalExchange|Protect,IcicleSpear,ScaleShot,IceShard|||F|||50|,,,,,Poison]Rillaboom||AssaultVest|GrassySurge|WoodHammer,GrassyGlide,FakeOut,HighHorsepower|||M|||50|,,,,,Fire]Sneasler||FocusSash|Unburden|Protect,CloseCombat,DireClaw,Coaching|||F|||50|,,,,,Stellar]Volcarona||CovertCloak|FlameBody|HeatWave,TeraBlast,QuiverDance,RagePowder|||M|||50|,,,,,Fairy]Annihilape||SitrusBerry|Defiant|DrainPunch,RageFist,BulkUp,Protect|||F|||50|,,,,,Fire]Maushold-Four||SafetyGoggles|FriendGuard|BeatUp,Taunt,FollowMe,Protect||||||50|,,,,,Ghost
|showteam|p2|Kingambit||SafetyGoggles|Defiant|KowtowCleave,SwordsDance,SuckerPunch,Protect|||M|||50|,,,,,Dark]Dragonite||LoadedDice|Multiscale|ScaleShot,Tailwind,Haze,Protect|||F|||50|,,,,,Fairy]Sneasler||PsychicSeed|Unburden|CloseCombat,DireClaw,Coaching,ThroatChop|||M|||50|,,,,,Dark]Indeedee||ChoiceScarf|PsychicSurge|ExpandingForce,TeraBlast,Trick,Protect|||M|||50|,,,,,Psychic]Volcarona||Leftovers|FlameBody|HeatWave,TeraBlast,QuiverDance,Protect|||F|||50|,,,,,Fairy]Incineroar||AssaultVest|Intimidate|FlareBlitz,KnockOff,FakeOut,Uturn|||F|||50|,,,,,Grass
|
|t:|1756912997
|teamsize|p1|4
|teamsize|p2|4
|start
|switch|p1a: Baxcalibur|Baxcalibur, L50, F|100/100
|switch|p1b: Sneasler|Sneasler, L50, F|100/100
|switch|p2a: Sneasler|Sneasler, L50, M|100/100
|switch|p2b: Indeedee|Indeedee, L50, M|100/100
|-fieldstart|move: Psychic Terrain|[from] ability: Psychic Surge|[of] p2b: Indeedee
|-enditem|p2a: Sneasler|Psychic Seed
|-boost|p2a: Sneasler|spd|1|[from] item: Psychic Seed
|turn|1
|
|t:|1756913026
|-terastallize|p2b: Indeedee|Psychic
|move|p1a: Baxcalibur|Protect|p1a: Baxcalibur
|-singleturn|p1a: Baxcalibur|Protect
|move|p2a: Sneasler|Dire Claw|p1b: Sneasler
|-resisted|p1b: Sneasler
|-crit|p1b: Sneasler
|-damage|p1b: Sneasler|45/100
|-status|p1b: Sneasler|par
|move|p2b: Indeedee|Expanding Force|p1a: Baxcalibur|[spread] p1b
|-activate|p1a: Baxcalibur|move: Protect
|-supereffective|p1b: Sneasler
|-damage|p1b: Sneasler|0 fnt
|faint|p1b: Sneasler
|
|upkeep
|
|t:|1756913032
|switch|p1b: Rillaboom|Rillaboom, L50, M|100/100
|-fieldstart|move: Grassy Terrain|[from] ability: Grassy Surge|[of] p1b: Rillaboom
|turn|2
|
|t:|1756913049
|switch|p2b: Kingambit|Kingambit, L50, M, shiny|100/100
|-terastallize|p1a: Baxcalibur|Poison
|move|p1b: Rillaboom|Fake Out|p2b: Kingambit
|-resisted|p2b: Kingambit
|-damage|p2b: Kingambit|95/100
|move|p2a: Sneasler|Coaching|p2b: Kingambit
|-boost|p2b: Kingambit|atk|1
|-boost|p2b: Kingambit|def|1
|move|p1a: Baxcalibur|Scale Shot|p2b: Kingambit
|-resisted|p2b: Kingambit
|-damage|p2b: Kingambit|91/100
|-resisted|p2b: Kingambit
|-damage|p2b: Kingambit|87/100
|-resisted|p2b: Kingambit
|-damage|p2b: Kingambit|83/100
|-resisted|p2b: Kingambit
|-damage|p2b: Kingambit|79/100
|-resisted|p2b: Kingambit
|-damage|p2b: Kingambit|75/100
|-hitcount|p2b: Kingambit|5
|-unboost|p1a: Baxcalibur|def|1
|-boost|p1a: Baxcalibur|spe|1
|
|-heal|p2b: Kingambit|81/100|[from] Grassy Terrain
|upkeep
|turn|3
|
|t:|1756913077
|switch|p1b: Volcarona|Volcarona, L50, M|100/100
|move|p1a: Baxcalibur|Protect|p1a: Baxcalibur
|-singleturn|p1a: Baxcalibur|Protect
|move|p2b: Kingambit|Protect|p2b: Kingambit
|-singleturn|p2b: Kingambit|Protect
|move|p2a: Sneasler|Coaching|p2b: Kingambit
|-boost|p2b: Kingambit|atk|1
|-boost|p2b: Kingambit|def|1
|
|-heal|p2b: Kingambit|87/100|[from] Grassy Terrain
|upkeep
|turn|4
|inactive|Battle timer is ON: inactive players will automatically lose when time's up. (requested by ShdaowForece)
|
|t:|1756913134
|move|p2b: Kingambit|Sucker Punch|p1b: Volcarona
|-damage|p1b: Volcarona|5/100
|-status|p2b: Kingambit|brn|[from] ability: Flame Body|[of] p1b: Volcarona
|move|p2a: Sneasler|Dire Claw|p1b: Volcarona
|-damage|p1b: Volcarona|0 fnt
|-status|p2a: Sneasler|brn|[from] ability: Flame Body|[of] p1b: Volcarona
|faint|p1b: Volcarona
|move|p1a: Baxcalibur|Icicle Spear|p2a: Sneasler
|-damage|p2a: Sneasler|72/100 brn
|-damage|p2a: Sneasler|44/100 brn
|-damage|p2a: Sneasler|15/100 brn
|-damage|p2a: Sneasler|0 fnt
|faint|p2a: Sneasler
|-hitcount|p2: Sneasler|4
|
|-heal|p2b: Kingambit|93/100 brn|[from] Grassy Terrain
|-damage|p2b: Kingambit|87/100 brn|[from] brn
|upkeep
|
|t:|1756913151
|switch|p2a: Volcarona|Volcarona, L50, F, shiny|100/100
|switch|p1b: Rillaboom|Rillaboom, L50, M|100/100
|turn|5
|inactive|MSAtlos has 30 seconds left.
|inactive|MSAtlos has 20 seconds left.
|
|t:|1756913190
|move|p2a: Volcarona|Protect|p2a: Volcarona
|-singleturn|p2a: Volcarona|Protect
|move|p1a: Baxcalibur|Scale Shot|p2b: Kingambit
|-resisted|p2b: Kingambit
|-damage|p2b: Kingambit|84/100 brn
|-resisted|p2b: Kingambit
|-damage|p2b: Kingambit|81/100 brn
|-resisted|p2b: Kingambit
|-damage|p2b: Kingambit|78/100 brn
|-resisted|p2b: Kingambit
|-damage|p2b: Kingambit|75/100 brn
|-resisted|p2b: Kingambit
|-damage|p2b: Kingambit|72/100 brn
|-hitcount|p2b: Kingambit|5
|-unboost|p1a: Baxcalibur|def|1
|-boost|p1a: Baxcalibur|spe|1
|move|p1b: Rillaboom|High Horsepower|p2b: Kingambit
|-supereffective|p2b: Kingambit
|-damage|p2b: Kingambit|48/100 brn
|move|p2b: Kingambit|Kowtow Cleave|p1a: Baxcalibur
|-damage|p1a: Baxcalibur|2/100
|
|-heal|p1a: Baxcalibur|8/100|[from] Grassy Terrain
|-heal|p2b: Kingambit|54/100 brn|[from] Grassy Terrain
|-damage|p2b: Kingambit|48/100 brn|[from] brn
|upkeep
|turn|6
|-message|MSAtlos forfeited.
|
|win|ShdaowForece
||MSAtlos is ready for game 2.
||ShdaowForece is ready for game 2.
|uhtml|next|Next: Game 2 of 3
|l|☆MSAtlos
|player|p1|
