|j|☆Heliosan
|j|☆bahia ducati
|html|Heliosanbahia ducati    
|uhtml|bestof|Game 2 of a best-of-3
|t:|1757801995
|gametype|doubles
|player|p1|Heliosan|101|1105
|player|p2|bahia ducati|skier|1098
|gen|9
|tier|[Gen 9] VGC 2025 Reg H (Bo3)
|rated|
|rule|Species Clause: Limit one of each Pokémon
|rule|Item Clause: Limit 1 of each item
|clearpoke
|poke|p1|Whimsicott, L50, F|
|poke|p1|Garchomp, L50, F|
|poke|p1|Gholdengo, L50|
|poke|p1|Incineroar, L50, M|
|poke|p1|Sneasler, L50, M|
|poke|p1|Dragonite, L50, F|
|poke|p2|Sneasler, L50, M|
|poke|p2|Indeedee, L50, M|
|poke|p2|Excadrill, L50, M|
|poke|p2|Corviknight, L50, F|
|poke|p2|Annihilape, L50, M|
|poke|p2|Tyranitar, L50, M|
|teampreview|4
|showteam|p1|Whimsicott||FocusSash|Prankster|Moonblast,Tailwind,Encore,Protect|||F|||50|,,,,,Ghost]Garchomp||LifeOrb|RoughSkin|Earthquake,DragonClaw,StompingTantrum,Protect|||F|||50|,,,,,Ground]Gholdengo||ChoiceSpecs|GoodasGold|MakeItRain,ShadowBall,Trick,Protect||||||50|,,,,,Steel]Incineroar||AssaultVest|Intimidate|FakeOut,FlareBlitz,KnockOff,Uturn|||M|||50|,,,,,Grass]Sneasler||WhiteHerb|Unburden|FakeOut,DireClaw,CloseCombat,Protect|||M|||50|,,,,,Stellar]Dragonite||ChoiceBand|InnerFocus|ExtremeSpeed,Outrage,IceSpinner,StompingTantrum|||F|||50|,,,,,Normal
|showteam|p2|Sneasler||PsychicSeed|Unburden|CloseCombat,DireClaw,ThroatChop,Protect|||M|||50|,,,,,Dark]Indeedee||ChoiceScarf|PsychicSurge|ExpandingForce,TeraBlast,Trick,Protect|||M|||50|,,,,,Psychic]Excadrill||FocusSash|SandRush|Earthquake,HighHorsepower,IronHead,Protect|||M|||50|,,,,,Ground]Corviknight||Leftovers|MirrorArmor|BraveBird,BodyPress,Roost,BulkUp|||F|||50|,,,,,Dragon]Annihilape||SafetyGoggles|Defiant|CloseCombat,RageFist,Taunt,FinalGambit|||M|||50|,,,,,Fairy]Tyranitar||AssaultVest|SandStream|RockSlide,KnockOff,TeraBlast,LowKick|||M|||50|,,,,,Flying
|inactive|Battle timer is ON: inactive players will automatically lose when time's up. (requested by bahia ducati)
|inactive|Heliosan has 60 seconds left.
|
|t:|1757802045
|teamsize|p1|4
|teamsize|p2|4
|start
|switch|p1a: Gholdengo|Gholdengo, L50|100/100
|switch|p1b: Whimsicott|Whimsicott, L50, F, shiny|100/100
|switch|p2a: LaGata|Indeedee, L50, M|100/100
|switch|p2b: MyBeloved|Annihilape, L50, M|100/100
|-fieldstart|move: Psychic Terrain|[from] ability: Psychic Surge|[of] p2a: LaGata
|turn|1
|
|t:|1757802065
|-terastallize|p1a: Gholdengo|Steel
|move|p1b: Whimsicott|Tailwind|p1b: Whimsicott
|-sidestart|p1: Heliosan|move: Tailwind
|move|p1a: Gholdengo|Make It Rain|p2a: LaGata|[spread] p2a,p2b
|-damage|p2a: LaGata|0 fnt
|-damage|p2b: MyBeloved|10/100
|-unboost|p1a: Gholdengo|spa|1
|faint|p2a: LaGata
|move|p2b: MyBeloved|Rage Fist|p1a: Gholdengo
|-damage|p1a: Gholdengo|60/100
|
|upkeep
|
|t:|1757802072
|switch|p2a: ElGato|Sneasler, L50, M|100/100
|-enditem|p2a: ElGato|Psychic Seed
|-boost|p2a: ElGato|spd|1|[from] item: Psychic Seed
|turn|2
|
|t:|1757802099
|move|p1b: Whimsicott|Moonblast|p2b: MyBeloved
|-supereffective|p2b: MyBeloved
|-damage|p2b: MyBeloved|0 fnt
|faint|p2b: MyBeloved
|move|p2a: ElGato|Dire Claw|p1b: Whimsicott
|-supereffective|p1b: Whimsicott
|-enditem|p1b: Whimsicott|Focus Sash
|-damage|p1b: Whimsicott|1/100
|move|p1a: Gholdengo|Make It Rain|p2a: ElGato
|-damage|p2a: ElGato|15/100
|-unboost|p1a: Gholdengo|spa|1
|
|upkeep
|
|t:|1757802103
|switch|p2b: clonky|Corviknight, L50, F|100/100
|turn|3
|
|t:|1757802125
|switch|p1a: Dragonite|Dragonite, L50, F|100/100
|move|p2a: ElGato|Protect|p2a: ElGato
|-singleturn|p2a: ElGato|Protect
|move|p1b: Whimsicott|Moonblast|p2a: ElGato
|-activate|p2a: ElGato|move: Protect
|move|p2b: clonky|Body Press|p1b: Whimsicott
|-resisted|p1b: Whimsicott
|-damage|p1b: Whimsicott|0 fnt
|faint|p1b: Whimsicott
|
|upkeep
|
|t:|1757802142
|switch|p1b: Garchomp|Garchomp, L50, F|100/100
|turn|4
|
|t:|1757802150
|move|p2a: ElGato|Dire Claw|p1b: Garchomp
|-resisted|p1b: Garchomp
|-damage|p1b: Garchomp|75/100
|-status|p1b: Garchomp|par
|-damage|p2a: ElGato|3/100|[from] ability: Rough Skin|[of] p1b: Garchomp
|move|p1a: Dragonite|Ice Spinner|p2a: ElGato
|-damage|p2a: ElGato|0 fnt
|-fieldend|move: Psychic Terrain
|faint|p2a: ElGato
|move|p1b: Garchomp|Dragon Claw|p2b: clonky
|-resisted|p2b: clonky
|-damage|p2b: clonky|78/100
|-damage|p1b: Garchomp|66/100 par|[from] item: Life Orb
|move|p2b: clonky|Bulk Up|p2b: clonky
|-boost|p2b: clonky|atk|1
|-boost|p2b: clonky|def|1
|
|-heal|p2b: clonky|84/100|[from] item: Leftovers
|-sideend|p1: Heliosan|move: Tailwind
|upkeep
|turn|5
|
|t:|1757802169
|move|p1a: Dragonite|Ice Spinner|p2b: clonky
|-damage|p2b: clonky|58/100
|move|p2b: clonky|Bulk Up|p2b: clonky
|-boost|p2b: clonky|atk|1
|-boost|p2b: clonky|def|1
|move|p1b: Garchomp|Dragon Claw|p2b: clonky
|-resisted|p2b: clonky
|-damage|p2b: clonky|46/100
|-damage|p1b: Garchomp|56/100 par|[from] item: Life Orb
|
|-heal|p2b: clonky|52/100|[from] item: Leftovers
|upkeep
|turn|6
|
|t:|1757802191
|move|p1a: Dragonite|Ice Spinner|p2b: clonky
|-damage|p2b: clonky|33/100
|move|p2b: clonky|Roost|p2b: clonky
|-heal|p2b: clonky|83/100
|-singleturn|p2b: clonky|move: Roost
|cant|p1b: Garchomp|par
|
|-heal|p2b: clonky|89/100|[from] item: Leftovers
|upkeep
|turn|7
|inactive|bahia ducati has 30 seconds left.
|
|t:|1757802220
|move|p1a: Dragonite|Ice Spinner|p2b: clonky
|-damage|p2b: clonky|68/100
|move|p2b: clonky|Bulk Up|p2b: clonky
|-boost|p2b: clonky|atk|1
|-boost|p2b: clonky|def|1
|move|p1b: Garchomp|Dragon Claw|p2b: clonky
|-resisted|p2b: clonky
|-damage|p2b: clonky|60/100
|-damage|p1b: Garchomp|46/100 par|[from] item: Life Orb
|
|-heal|p2b: clonky|66/100|[from] item: Leftovers
|upkeep
|turn|8
|
|t:|1757802239
|move|p1a: Dragonite|Ice Spinner|p2b: clonky
|-damage|p2b: clonky|51/100
|move|p2b: clonky|Roost|p2b: clonky
|-heal|p2b: clonky|100/100
|-singleturn|p2b: clonky|move: Roost
|cant|p1b: Garchomp|par
|
|upkeep
|turn|9
|
|t:|1757802252
|switch|p1b: Gholdengo|Gholdengo, L50, tera:Steel|60/100
|move|p1a: Dragonite|Ice Spinner|p2b: clonky
|-damage|p2b: clonky|84/100
|move|p2b: clonky|Brave Bird|p1a: Dragonite
|-damage|p1a: Dragonite|0 fnt
|faint|p1a: Dragonite
|-damage|p2b: clonky|52/100|[from] Recoil
|
|-heal|p2b: clonky|58/100|[from] item: Leftovers
|upkeep
|
|t:|1757802265
|switch|p1a: Garchomp|Garchomp, L50, F|46/100 par
|turn|10
|
|t:|1757802271
|move|p1b: Gholdengo|Shadow Ball|p2b: clonky
|-damage|p2b: clonky|0 fnt
|faint|p2b: clonky
|
|win|Heliosan
