|j|☆seeyouatthetip
|j|☆FroggVGC
|html|seeyouatthetipFroggVGC    
|uhtml|bestof|Game 3 of a best-of-3
|t:|1756148272
|gametype|doubles
|player|p1|seeyouatthetip|hiker-gen4|1174
|player|p2|FroggVGC|flannery|1192
|gen|9
|tier|[Gen 9] VGC 2025 Reg H (Bo3)
|rated|
|rule|Species Clause: Limit one of each Pokémon
|rule|Item Clause: Limit 1 of each item
|clearpoke
|poke|p1|Amoonguss, L50, M|
|poke|p1|Incineroar, L50, F|
|poke|p1|Gholdengo, L50|
|poke|p1|Annihilape, L50, M|
|poke|p1|Kingambit, L50, F|
|poke|p1|Dragonite, L50, M|
|poke|p2|Dragonite, L50, F|
|poke|p2|Volcarona, L50, F|
|poke|p2|Sneasler, L50, M|
|poke|p2|Rillaboom, L50, M|
|poke|p2|Arcanine-Hisui, L50, F|
|poke|p2|Kingambit, L50, M|
|teampreview|4
|showteam|p1|Amoonguss||SitrusBerry|Regenerator|Spore,RagePowder,SludgeBomb,Protect|||M|||50|,,,,,Fire]Incineroar||SafetyGoggles|Intimidate|FlareBlitz,FakeOut,PartingShot,KnockOff|||F|||50|,,,,,Ghost]Gholdengo||LifeOrb|GoodasGold|MakeItRain,ShadowBall,NastyPlot,Protect||||||50|,,,,,Steel]Annihilape||FocusSash|Defiant|CloseCombat,RageFist,Coaching,FinalGambit|||M|||50|,,,,,Grass]Kingambit||AssaultVest|Defiant|KowtowCleave,SuckerPunch,IronHead,LowKick|||F|||50|,,,,,Dark]Dragonite||LoadedDice|Multiscale|ScaleShot,ExtremeSpeed,Haze,Protect|||M|||50|,,,,,Fairy
|showteam|p2|Dragonite||LoadedDice|Multiscale|ScaleShot,ExtremeSpeed,Tailwind,Protect|||F|||50|,,,,,Steel]Volcarona||CovertCloak|FlameBody|HeatWave,TeraBlast,QuiverDance,Protect|||F|||50|,,,,,Fairy]Sneasler||FocusSash|Unburden|CloseCombat,DireClaw,FakeOut,Protect|||M|||50|,,,,,Dark]Rillaboom||AssaultVest|GrassySurge|WoodHammer,GrassyGlide,KnockOff,FakeOut|||M|||50|,,,,,Water]Arcanine-Hisui||ClearAmulet|Intimidate|FlareBlitz,ExtremeSpeed,Protect,RockSlide|||F|||50|,,,,,Water]Kingambit||BlackGlasses|Defiant|KowtowCleave,SuckerPunch,IronHead,Protect|||M|||50|,,,,,Ghost
|inactive|Battle timer is ON: inactive players will automatically lose when time's up. (requested by seeyouatthetip)
|
|t:|1756148304
|teamsize|p1|4
|teamsize|p2|4
|start
|switch|p1a: Gholdengo|Gholdengo, L50|100/100
|switch|p1b: Amoonguss|Amoonguss, L50, M|100/100
|switch|p2a: Sneasler|Sneasler, L50, M|100/100
|switch|p2b: Dragonite|Dragonite, L50, F, shiny|100/100
|turn|1
|
|t:|1756148322
|move|p1b: Amoonguss|Protect|p1b: Amoonguss
|-singleturn|p1b: Amoonguss|Protect
|move|p2a: Sneasler|Fake Out|p1b: Amoonguss
|-activate|p1b: Amoonguss|move: Protect
|move|p1a: Gholdengo|Nasty Plot|p1a: Gholdengo
|-boost|p1a: Gholdengo|spa|2
|move|p2b: Dragonite|Tailwind|p2b: Dragonite
|-sidestart|p2: FroggVGC|move: Tailwind
|
|upkeep
|turn|2
|inactive|seeyouatthetip has 30 seconds left.
|
|t:|1756148349
|switch|p2b: Arcanine|Arcanine-Hisui, L50, F|100/100
|-ability|p2b: Arcanine|Intimidate|boost
|-unboost|p1a: Gholdengo|atk|1
|-unboost|p1b: Amoonguss|atk|1
|switch|p1b: Incineroar|Incineroar, L50, F|100/100
|-ability|p1b: Incineroar|Intimidate|boost
|-unboost|p2a: Sneasler|atk|1
|-fail|p2b: Arcanine|unboost|[from] item: Clear Amulet|[of] p2b: Arcanine
|move|p2a: Sneasler|Dire Claw|p1b: Incineroar
|-damage|p1b: Incineroar|73/100
|move|p1a: Gholdengo|Make It Rain|p2a: Sneasler|[spread] p2a,p2b
|-enditem|p2a: Sneasler|Focus Sash
|-damage|p2a: Sneasler|1/100
|-damage|p2b: Arcanine|0 fnt
|-unboost|p1a: Gholdengo|spa|1
|faint|p2b: Arcanine
|-damage|p1a: Gholdengo|91/100|[from] item: Life Orb
|
|upkeep
|
|t:|1756148368
|switch|p2b: Volcarona|Volcarona, L50, F|100/100
|turn|3
|
|t:|1756148388
|-terastallize|p1b: Incineroar|Ghost
|move|p1a: Gholdengo|Protect|p1a: Gholdengo
|-singleturn|p1a: Gholdengo|Protect
|move|p2a: Sneasler|Close Combat|p1b: Incineroar
|-immune|p1b: Incineroar
|move|p2b: Volcarona|Heat Wave|p1a: Gholdengo|[spread] p1b
|-activate|p1a: Gholdengo|move: Protect
|-damage|p1b: Incineroar|42/100
|move|p1b: Incineroar|Flare Blitz|p2b: Volcarona
|-damage|p2b: Volcarona|32/100
|-status|p1b: Incineroar|brn|[from] ability: Flame Body|[of] p2b: Volcarona
|-damage|p1b: Incineroar|22/100 brn|[from] Recoil
|
|-damage|p1b: Incineroar|16/100 brn|[from] brn
|upkeep
|turn|4
|inactive|seeyouatthetip has 30 seconds left.
|
|t:|1756148419
|switch|p1a: Amoonguss|Amoonguss, L50, M|100/100
|move|p2a: Sneasler|Dire Claw|p1b: Incineroar
|-resisted|p1b: Incineroar
|-damage|p1b: Incineroar|1/100 brn
|move|p2b: Volcarona|Heat Wave|p1a: Amoonguss|[spread] p1a,p1b
|-supereffective|p1a: Amoonguss
|-damage|p1a: Amoonguss|42/100
|-damage|p1b: Incineroar|0 fnt
|-enditem|p1a: Amoonguss|Sitrus Berry|[eat]
|-heal|p1a: Amoonguss|67/100|[from] item: Sitrus Berry
|faint|p1b: Incineroar
|
|-sideend|p2: FroggVGC|move: Tailwind
|upkeep
|
|t:|1756148430
|switch|p1b: Dragonite|Dragonite, L50, M|100/100
|turn|5
|inactive|seeyouatthetip has 30 seconds left.
|
|t:|1756148458
|move|p1a: Amoonguss|Protect|p1a: Amoonguss
|-singleturn|p1a: Amoonguss|Protect
|move|p1b: Dragonite|Extreme Speed|p2b: Volcarona
|-damage|p2b: Volcarona|0 fnt
|faint|p2b: Volcarona
|move|p2a: Sneasler|Dire Claw|p1b: Dragonite
|-damage|p1b: Dragonite|85/100
|
|upkeep
|
|t:|1756148468
|switch|p2b: Dragonite|Dragonite, L50, F, shiny|100/100
|turn|6
|
|t:|1756148474
|move|p1b: Dragonite|Extreme Speed|p2a: Sneasler
|-damage|p2a: Sneasler|0 fnt
|faint|p2a: Sneasler
|move|p2b: Dragonite|Scale Shot|p1a: Amoonguss
|-damage|p1a: Amoonguss|55/100
|-damage|p1a: Amoonguss|42/100
|-damage|p1a: Amoonguss|30/100
|-damage|p1a: Amoonguss|19/100
|-hitcount|p1a: Amoonguss|4
|-unboost|p2b: Dragonite|def|1
|-boost|p2b: Dragonite|spe|1
|move|p1a: Amoonguss|Spore|p2b: Dragonite
|-status|p2b: Dragonite|slp|[from] move: Spore
|
|upkeep
|turn|7
|
|t:|1756148491
|-terastallize|p2b: Dragonite|Steel
|cant|p2b: Dragonite|slp
|move|p1b: Dragonite|Scale Shot|p2b: Dragonite
|-resisted|p2b: Dragonite
|-damage|p2b: Dragonite|95/100 slp
|-resisted|p2b: Dragonite
|-damage|p2b: Dragonite|82/100 slp
|-resisted|p2b: Dragonite
|-damage|p2b: Dragonite|69/100 slp
|-resisted|p2b: Dragonite
|-damage|p2b: Dragonite|56/100 slp
|-resisted|p2b: Dragonite
|-damage|p2b: Dragonite|45/100 slp
|-hitcount|p2b: Dragonite|5
|-unboost|p1b: Dragonite|def|1
|-boost|p1b: Dragonite|spe|1
|move|p1a: Amoonguss|Sludge Bomb|p2b: Dragonite
|-immune|p2b: Dragonite
|
|upkeep
|turn|8
|
|t:|1756148509
|-curestatus|p2b: Dragonite|slp|[msg]
|move|p2b: Dragonite|Scale Shot|p1b: Dragonite
|-supereffective|p1b: Dragonite
|-damage|p1b: Dragonite|35/100
|-supereffective|p1b: Dragonite
|-damage|p1b: Dragonite|0 fnt
|faint|p1b: Dragonite
|-hitcount|p1: Dragonite|2
|-unboost|p2b: Dragonite|def|1
|-boost|p2b: Dragonite|spe|1
|move|p1a: Amoonguss|Spore|p2b: Dragonite
|-status|p2b: Dragonite|slp|[from] move: Spore
|
|upkeep
|
|t:|1756148512
|switch|p1b: Gholdengo|Gholdengo, L50|91/100
|turn|9
|
|t:|1756148523
|cant|p2b: Dragonite|slp
|move|p1b: Gholdengo|Shadow Ball|p2b: Dragonite
|-damage|p2b: Dragonite|0 fnt
|faint|p2b: Dragonite
|-damage|p1b: Gholdengo|81/100|[from] item: Life Orb
|
|win|seeyouatthetip
|raw|seeyouatthetip's rating: 1174 → 1200(+26 for winning)
|raw|FroggVGC's rating: 1192 → 1166(-26 for losing)
|c|☆seeyouatthetip|ggs, had to play to my outs game 2
|c|☆FroggVGC|gg
|l|☆FroggVGC
|player|p2|
