|j|☆axcoquette
|j|☆zanquettao
|html|axcoquettezanquettao    
|uhtml|bestof|Game 2 of a best-of-3
|t:|1784506316
|gametype|doubles
|player|p1|axcoquette|102|1173
|player|p2|zanquettao|hilda-wonderlauncher|1173
|gen|9
|tier|[Gen 9 Champions] VGC 2026 Reg M-B (Bo3)
|rated|
|rule|Species Clause: Limit one of each Pokémon
|rule|Item Clause: Limit 1 of each item
|clearpoke
|poke|p1|Ceruledge, L50, M|
|poke|p1|Glimmora, L50, M|
|poke|p1|Sinistcha, L50|
|poke|p1|Raichu, L50, F|
|poke|p1|Sylveon, L50, F|
|poke|p1|Milotic, L50, M|
|poke|p2|Farigiraf, L50, F, shiny|
|poke|p2|Incineroar, L50, F, shiny|
|poke|p2|Torkoal, L50, F|
|poke|p2|Sinistcha-Masterpiece, L50|
|poke|p2|Primarina, L50, F|
|poke|p2|Mawile, L50, F|
|teampreview|4
|showteam|p1|Ceruledge||ColburBerry|FlashFire|BitterBlade,ShadowSneak,BulkUp,Protect|Adamant||M|||50|]Glimmora||Glimmoranite|ToxicDebris|SpikyShield,PowerGem,EarthPower,SludgeBomb|Timid||M|||50|]Sinistcha||SitrusBerry|Hospitality|MatchaGotcha,RagePowder,Protect,LifeDew|Bold|||||50|]Raichu||RaichuniteY|LightningRod|FakeOut,FocusBlast,ZapCannon,Protect|Timid||F|||50|]Sylveon||FairyFeather|Pixilate|HyperVoice,HyperBeam,QuickAttack,Detect|Modest||F|||50|]Milotic||Leftovers|Competitive|Coil,Hypnosis,MuddyWater,Recover|Calm||M|||50|
|showteam|p2|Farigiraf||ColburBerry|ArmorTail|TrickRoom,ConfuseRay,HelpingHand,Protect|Relaxed||F|||50|]Incineroar||ExpertBelt|Intimidate|CloseCombat,FlareBlitz,FakeOut,DarkestLariat|Brave||F|||50|]Torkoal||Charcoal|Drought|Eruption,BodyPress,SolarBeam,Protect|Quiet||F|||50|]Sinistcha-Masterpiece||FocusSash|Hospitality|TrickRoom,MatchaGotcha,ShadowBall,Protect|Quiet|||||50|]Primarina||LifeOrb|LiquidVoice|HyperVoice,DazzlingGleam,IceBeam,Protect|Quiet||F|||50|]Mawile||Mawilite|HyperCutter|SuckerPunch,PlayRough,IronHead,BodySlam|Brave||F|||50|
|inactive|Battle timer is ON: inactive players will automatically lose when time's up. (requested by zanquettao)
|inactive|axcoquette also wants the timer to be on.
|inactive|axcoquette has 60 seconds left.
|inactive|zanquettao has 60 seconds left.
|
|t:|1784506361
|teamsize|p1|4
|teamsize|p2|4
|start
|switch|p1a: Sylveon|Sylveon, L50, F|100/100
|switch|p1b: Milotic|Milotic, L50, M|100/100
|switch|p2a: Farigiraf|Farigiraf, L50, F, shiny|100/100
|switch|p2b: Incineroar|Incineroar, L50, F, shiny|100/100
|-ability|p2b: Incineroar|Intimidate|boost
|-unboost|p1a: Sylveon|atk|1
|-unboost|p1b: Milotic|atk|1
|-ability|p1b: Milotic|Competitive|boost
|-boost|p1b: Milotic|spa|2
|turn|1
|
|t:|1784506378
|move|p1a: Sylveon|Detect|p1a: Sylveon
|-singleturn|p1a: Sylveon|Protect
|move|p2b: Incineroar|Fake Out|p1b: Milotic
|-damage|p1b: Milotic|89/100
|cant|p1b: Milotic|flinch
|move|p2a: Farigiraf|Trick Room|p2a: Farigiraf
|-fieldstart|move: Trick Room|[of] p2a: Farigiraf
|
|-heal|p1b: Milotic|95/100|[from] item: Leftovers
|upkeep
|turn|2
|
|t:|1784506394
|switch|p1a: Ceruledge|Ceruledge, L50, M|100/100
|move|p2a: Farigiraf|Protect|p2a: Farigiraf
|-singleturn|p2a: Farigiraf|Protect
|move|p2b: Incineroar|Flare Blitz|p1a: Ceruledge
|-start|p1a: Ceruledge|ability: Flash Fire
|move|p1b: Milotic|Coil|p1b: Milotic
|-boost|p1b: Milotic|atk|1
|-boost|p1b: Milotic|def|1
|-boost|p1b: Milotic|accuracy|1
|
|-heal|p1b: Milotic|100/100|[from] item: Leftovers
|upkeep
|turn|3
|
|t:|1784506416
|move|p2a: Farigiraf|Helping Hand|p2b: Incineroar
|-singleturn|p2b: Incineroar|Helping Hand|[of] p2a: Farigiraf
|move|p1a: Ceruledge|Protect|p1a: Ceruledge
|-singleturn|p1a: Ceruledge|Protect
|move|p2b: Incineroar|Darkest Lariat|p1a: Ceruledge
|-activate|p1a: Ceruledge|move: Protect
|move|p1b: Milotic|Muddy Water|p2a: Farigiraf|[spread] p2a,p2b
|-supereffective|p2b: Incineroar|1
|-damage|p2a: Farigiraf|53/100
|-damage|p2b: Incineroar|7/100
|
|upkeep
|turn|4
|
|t:|1784506437
|move|p2a: Farigiraf|Confuse Ray|p1a: Ceruledge
|-start|p1a: Ceruledge|confusion
|move|p2b: Incineroar|Close Combat|p1b: Milotic
|-damage|p1b: Milotic|78/100
|-unboost|p2b: Incineroar|def|1
|-unboost|p2b: Incineroar|spd|1
|move|p1b: Milotic|Muddy Water|p2a: Farigiraf|[spread] p2a,p2b
|-supereffective|p2b: Incineroar|1
|-damage|p2a: Farigiraf|2/100
|-damage|p2b: Incineroar|0 fnt
|faint|p2b: Incineroar
|-activate|p1a: Ceruledge|confusion
|move|p1a: Ceruledge|Bulk Up|p1a: Ceruledge
|-boost|p1a: Ceruledge|atk|1
|-boost|p1a: Ceruledge|def|1
|
|-heal|p1b: Milotic|84/100|[from] item: Leftovers
|upkeep
|
|t:|1784506455
|switch|p2b: Sinistcha|Sinistcha-Masterpiece, L50|100/100
|-heal|p2a: Farigiraf|27/100|[from] ability: Hospitality|[of] p2b: Sinistcha
|turn|5
|
|t:|1784506478
|move|p2a: Farigiraf|Helping Hand|p2b: Sinistcha
|-singleturn|p2b: Sinistcha|Helping Hand|[of] p2a: Farigiraf
|move|p2b: Sinistcha|Matcha Gotcha|p1a: Ceruledge|[spread] p1a,p1b
|-resisted|p1a: Ceruledge|1
|-supereffective|p1b: Milotic|1
|-damage|p1a: Ceruledge|77/100
|-damage|p1b: Milotic|20/100y
|move|p1b: Milotic|Recover|p1b: Milotic
|-heal|p1b: Milotic|70/100
|-activate|p1a: Ceruledge|confusion
|-damage|p1a: Ceruledge|64/100|[from] confusion
|
|-heal|p1b: Milotic|76/100|[from] item: Leftovers
|-fieldend|move: Trick Room
|upkeep
|turn|6
|inactive|zanquettao has 30 seconds left.
|
|t:|1784506511
|move|p2a: Farigiraf|Protect|p2a: Farigiraf
|-singleturn|p2a: Farigiraf|Protect
|-activate|p1a: Ceruledge|confusion
|move|p1a: Ceruledge|Bitter Blade|p2b: Sinistcha
|-supereffective|p2b: Sinistcha|1
|-enditem|p2b: Sinistcha|Focus Sash
|-damage|p2b: Sinistcha|1/100
|-heal|p1a: Ceruledge|100/100|[from] drain|[of] p2b: Sinistcha
|move|p1b: Milotic|Muddy Water|p2b: Sinistcha|[spread] p2b
|-activate|p2a: Farigiraf|move: Protect
|-resisted|p2b: Sinistcha|1
|-damage|p2b: Sinistcha|0 fnt
|faint|p2b: Sinistcha
|
|-heal|p1b: Milotic|82/100|[from] item: Leftovers
|upkeep
|
|t:|1784506523
|switch|p2b: Mawile|Mawile, L50, F|100/100
|turn|7
|
|t:|1784506540
|detailschange|p2b: Mawile|Mawile-Mega, L50, F
|-mega|p2b: Mawile|Mawile|Mawilite
|-activate|p1a: Ceruledge|confusion
|move|p1a: Ceruledge|Bitter Blade|p2b: Mawile
|-supereffective|p2b: Mawile|1
|-damage|p2b: Mawile|0 fnt
|faint|p2b: Mawile
|move|p1b: Milotic|Muddy Water|p2a: Farigiraf
|-damage|p2a: Farigiraf|0 fnt
|faint|p2a: Farigiraf
|
|win|axcoquette
|raw|axcoquette's rating: 1173 → 1198(+25 for winning)
|raw|zanquettao's rating: 1173 → 1148(-25 for losing)
