|j|☆Klefastra
|j|☆higigig
|html|Klefastrahigigig    
|uhtml|bestof|Game 1 of a best-of-3
|t:|1782575779
|gametype|doubles
|player|p1|Klefastra|shauntal|
|player|p2|higigig|170|
|gen|9
|tier|[Gen 9 Champions] VGC 2026 Reg M-B (Bo3)
|rule|Species Clause: Limit one of each Pokémon
|rule|Item Clause: Limit 1 of each item
|clearpoke
|poke|p1|Staraptor, L50, M|
|poke|p1|Glimmora, L50, F|
|poke|p1|Whimsicott, L50, F|
|poke|p1|Sinistcha, L50|
|poke|p1|Ninetales-Alola, L50, F|
|poke|p1|Hydreigon, L50, F|
|poke|p2|Sneasler, L50, M|
|poke|p2|Staraptor, L50, M|
|poke|p2|Sinistcha, L50|
|poke|p2|Kingambit, L50, M|
|poke|p2|Garchomp, L50, F|
|poke|p2|Manectric, L50, M|
|teampreview|4
|showteam|p1|Staraptor||Staraptite|Intimidate|Roost,CloseCombat,BraveBird,Protect|Adamant||M|||50|]Glimmora||Glimmoranite|ToxicDebris|PowerGem,SludgeBomb,EarthPower,SpikyShield|Timid||F|||50|]Whimsicott||FocusSash|Prankster|Tailwind,Charm,Moonblast,Protect|Timid||F|||50|]Sinistcha||SitrusBerry|Hospitality|StrengthSap,Protect,MatchaGotcha,RagePowder|Calm|||||50|]Ninetales-Alola||LightClay|SnowWarning|AuroraVeil,Blizzard,Moonblast,Protect|Timid||F|||50|]Hydreigon||ChoiceScarf|Levitate|DracoMeteor,DarkPulse,Snarl,EarthPower|Modest||F|||50|
|showteam|p2|Sneasler||FocusSash|PoisonTouch|FakeOut,CloseCombat,DireClaw,Coaching|Adamant||M|||50|]Staraptor||Staraptite|Intimidate|CloseCombat,BraveBird,Tailwind,Protect|Adamant||M|||50|]Sinistcha||SitrusBerry|Hospitality|MatchaGotcha,RagePowder,TrickRoom,Protect|Calm|||||50|]Kingambit||BlackGlasses|Defiant|SwordsDance,KowtowCleave,SuckerPunch,Protect|Adamant||M|||50|]Garchomp||ChoiceScarf|RoughSkin|Earthquake,DragonClaw,StompingTantrum,RockSlide|Jolly||F|||50|]Manectric||Manectite|LightningRod|Thunderbolt,Snarl,VoltSwitch,Protect|Timid||M|||50|
|inactive|Battle timer is ON: inactive players will automatically lose when time's up. (requested by higigig)
|c|☆higigig|glhf
|j| Autin Mago
|l| Autin Mago
|j| Autin Mago
|c| Autin Mago|Go team
|inactive|Klefastra has 60 seconds left.
|inactive|higigig has 60 seconds left.
|j| AngelasMachine
|j| the crimson wooper
|c| the crimson wooper|fishy win!!!
|inactive|Klefastra has 30 seconds left.
|inactive|higigig has 30 seconds left.
|inactive|Klefastra has 20 seconds left.
|inactive|higigig has 20 seconds left.
|inactive|Klefastra has 15 seconds left.
|inactive|higigig has 15 seconds left.
|inactive|Klefastra has 10 seconds left.
|inactive|higigig has 10 seconds left.
|inactive|Klefastra has 5 seconds left.
|
|t:|1782575866
|teamsize|p1|4
|teamsize|p2|4
|start
|switch|p1a: Whimsicott|Whimsicott, L50, F|100/100
|switch|p1b: Ninetales|Ninetales-Alola, L50, F|100/100
|switch|p2a: Sneasler|Sneasler, L50, M|100/100
|switch|p2b: Manectric|Manectric, L50, M|100/100
|-weather|Snowscape|[from] ability: Snow Warning|[of] p1b: Ninetales
|turn|1
|j| lemonancy
|inactive|Klefastra has 30 seconds left.
|inactive|higigig has 30 seconds left.
|inactive|higigig has 20 seconds left.
|inactive|higigig has 15 seconds left.
|inactive|higigig has 10 seconds left.
|
|t:|1782575914
|move|p1a: Whimsicott|Protect|p1a: Whimsicott
|-singleturn|p1a: Whimsicott|Protect
|move|p1b: Ninetales|Protect|p1b: Ninetales
|-singleturn|p1b: Ninetales|Protect
|move|p2a: Sneasler|Dire Claw|p1a: Whimsicott
|-activate|p1a: Whimsicott|move: Protect
|move|p2b: Manectric|Snarl|p1a: Whimsicott|[spread] 
|-activate|p1a: Whimsicott|move: Protect
|-activate|p1b: Ninetales|move: Protect
|
|-weather|Snowscape|[upkeep]
|upkeep
|turn|2
|inactive|Klefastra has 30 seconds left.
|inactive|higigig has 30 seconds left.
|j| LunarMageMystia
|inactive|Klefastra has 20 seconds left.
|inactive|higigig has 20 seconds left.
|inactive|higigig has 15 seconds left.
|inactive|Klefastra has 15 seconds left.
|inactive|higigig has 10 seconds left.
|inactive|higigig has 5 seconds left.
|
|t:|1782575965
|switch|p1a: Glimmora|Glimmora, L50, F|100/100
|detailschange|p2b: Manectric|Manectric-Mega, L50, M
|-mega|p2b: Manectric|Manectric|Manectite
|-ability|p2b: Manectric|Intimidate|boost
|-unboost|p1a: Glimmora|atk|1
|-unboost|p1b: Ninetales|atk|1
|move|p2b: Manectric|Snarl|p1a: Glimmora|[spread] p1a
|-miss|p2b: Manectric|p1b: Ninetales
|-damage|p1a: Glimmora|81/100
|-unboost|p1a: Glimmora|spa|1
|move|p1b: Ninetales|Aurora Veil|p1b: Ninetales
|-sidestart|p1: Klefastra|move: Aurora Veil
|move|p2a: Sneasler|Dire Claw|p1a: Glimmora
|-resisted|p1a: Glimmora|2
|-damage|p1a: Glimmora|72/100
|-activate|p1a: Glimmora|ability: Toxic Debris
|-sidestart|p2: higigig|move: Toxic Spikes
|
|-weather|Snowscape|[upkeep]
|upkeep
|turn|3
|inactive|higigig has 30 seconds left.
|inactive|higigig has 20 seconds left.
|inactive|Klefastra has 30 seconds left.
|inactive|higigig has 15 seconds left.
|inactive|higigig has 10 seconds left.
|l| lemonancy
|inactive|higigig has 5 seconds left.
|
|t:|1782576017
|switch|p1b: Sinistcha|Sinistcha, L50|100/100
|-heal|p1a: Glimmora|96/100|[from] ability: Hospitality|[of] p1b: Sinistcha
|detailschange|p1a: Glimmora|Glimmora-Mega, L50, F
|-mega|p1a: Glimmora|Glimmora|Glimmoranite
|move|p2b: Manectric|Protect|p2b: Manectric
|-singleturn|p2b: Manectric|Protect
|move|p2a: Sneasler|Close Combat|p1a: Glimmora
|-crit|p1a: Glimmora
|-damage|p1a: Glimmora|0 fnt
|-unboost|p2a: Sneasler|def|1
|-unboost|p2a: Sneasler|spd|1
|faint|p1a: Glimmora
|
|-weather|Snowscape|[upkeep]
|upkeep
|
|t:|1782576031
|switch|p1a: Ninetales|Ninetales-Alola, L50, F|100/100
|turn|4
|inactive|higigig has 30 seconds left.
|
|t:|1782576056
|move|p2b: Manectric|Snarl|p1a: Ninetales|[spread] p1a,p1b
|-resisted|p1a: Ninetales|1
|-supereffective|p1b: Sinistcha|1
|-damage|p1a: Ninetales|94/100
|-damage|p1b: Sinistcha|83/100
|-unboost|p1a: Ninetales|spa|1
|-unboost|p1b: Sinistcha|spa|1
|move|p1a: Ninetales|Blizzard|p2a: Sneasler|[spread] p2a,p2b
|-damage|p2a: Sneasler|56/100
|-damage|p2b: Manectric|71/100
|move|p2a: Sneasler|Dire Claw|p1b: Sinistcha
|-damage|p1b: Sinistcha|55/100
|-status|p1b: Sinistcha|psn|[from] ability: Poison Touch|[of] p2a: Sneasler
|move|p1b: Sinistcha|Matcha Gotcha|p2a: Sneasler|[spread] p2a,p2b
|-resisted|p2a: Sneasler|1
|-damage|p2a: Sneasler|38/100
|-heal|p1b: Sinistcha|62/100 psn|[from] drain|[of] p2a: Sneasler
|-damage|p2b: Manectric|48/100
|-heal|p1b: Sinistcha|72/100 psn|[from] drain|[of] p2b: Manectric
|
|-weather|Snowscape|[upkeep]
|-damage|p1b: Sinistcha|60/100 psn|[from] psn
|upkeep
|turn|5
|inactive|Klefastra has 30 seconds left.
|inactive|higigig has 30 seconds left.
|inactive|Klefastra has 20 seconds left.
|inactive|higigig has 20 seconds left.
|inactive|Klefastra has 15 seconds left.
|inactive|higigig has 15 seconds left.
|inactive|Klefastra has 10 seconds left.
|inactive|higigig has 10 seconds left.
|inactive|Klefastra has 5 seconds left.
|inactive|higigig has 5 seconds left.
|
|t:|1782576108
|move|p1b: Sinistcha|Protect|p1b: Sinistcha
|-singleturn|p1b: Sinistcha|Protect
|move|p2b: Manectric|Thunderbolt|p1a: Ninetales
|-damage|p1a: Ninetales|56/100
|move|p1a: Ninetales|Blizzard|p2b: Manectric|[spread] p2a,p2b
|-damage|p2a: Sneasler|0 fnt
|-damage|p2b: Manectric|17/100
|faint|p2a: Sneasler
|
|-weather|none
|-damage|p1b: Sinistcha|47/100 psn|[from] psn
|upkeep
|-enditem|p1b: Sinistcha|Sitrus Berry|[eat]
|-heal|p1b: Sinistcha|72/100 psn|[from] item: Sitrus Berry
|
|t:|1782576117
|switch|p2a: Sinistcha|Sinistcha, L50|100/100
|-status|p2a: Sinistcha|psn
|-heal|p2b: Manectric|42/100|[from] ability: Hospitality|[of] p2a: Sinistcha
|turn|6
|j| lemonancy
|
|t:|1782576136
|switch|p1a: Whimsicott|Whimsicott, L50, F|100/100
|move|p2b: Manectric|Thunderbolt|p1a: Whimsicott
|-resisted|p1a: Whimsicott|1
|-damage|p1a: Whimsicott|72/100
|move|p1b: Sinistcha|Matcha Gotcha|p2b: Manectric|[spread] p2a,p2b
|-resisted|p2a: Sinistcha|1
|-damage|p2a: Sinistcha|93/100 psn
|-heal|p1b: Sinistcha|75/100 psn|[from] drain|[of] p2a: Sinistcha
|-damage|p2b: Manectric|19/100
|-heal|p1b: Sinistcha|85/100 psn|[from] drain|[of] p2b: Manectric
|move|p2a: Sinistcha|Matcha Gotcha|p1a: Whimsicott|[spread] p1a,p1b
|-resisted|p1a: Whimsicott|1
|-crit|p1a: Whimsicott
|-resisted|p1b: Sinistcha|1
|-damage|p1a: Whimsicott|40/100
|-heal|p2a: Sinistcha|100/100 psn|[from] drain|[of] p1a: Whimsicott
|-damage|p1b: Sinistcha|78/100 psn
|
|-damage|p2a: Sinistcha|87/100 psn|[from] psn
|-damage|p1b: Sinistcha|65/100 psn|[from] psn
|upkeep
|turn|7
|j| Blizz.vg
|l| Blizz.vg
|j| Blizz.vg
|inactive|higigig has 30 seconds left.
|inactive|Klefastra has 30 seconds left.
|inactive|higigig has 20 seconds left.
|inactive|higigig has 15 seconds left.
|inactive|higigig has 10 seconds left.
|
|t:|1782576184
|move|p2b: Manectric|Protect|p2b: Manectric
|-singleturn|p2b: Manectric|Protect
|move|p1a: Whimsicott|Moonblast|p2b: Manectric
|-activate|p2b: Manectric|move: Protect
|move|p1b: Sinistcha|Matcha Gotcha|p2a: Sinistcha|[spread] p2a
|-activate|p2b: Manectric|move: Protect
|-resisted|p2a: Sinistcha|1
|-damage|p2a: Sinistcha|81/100 psn
|-heal|p1b: Sinistcha|69/100 psn|[from] drain|[of] p2a: Sinistcha
|move|p2a: Sinistcha|Matcha Gotcha|p1a: Whimsicott|[spread] p1a
|-miss|p2a: Sinistcha|p1b: Sinistcha
|-resisted|p1a: Whimsicott|1
|-damage|p1a: Whimsicott|26/100
|-heal|p2a: Sinistcha|87/100 psn|[from] drain|[of] p1a: Whimsicott
|
|-damage|p2a: Sinistcha|74/100 psn|[from] psn
|-damage|p1b: Sinistcha|56/100 psn|[from] psn
|upkeep
|turn|8
|inactive|higigig has 30 seconds left.
|
|t:|1782576210
|move|p2b: Manectric|Thunderbolt|p1a: Whimsicott
|-resisted|p1a: Whimsicott|1
|-damage|p1a: Whimsicott|0 fnt
|faint|p1a: Whimsicott
|move|p1b: Sinistcha|Matcha Gotcha|p2a: Sinistcha|[spread] p2a,p2b
|-resisted|p2a: Sinistcha|1
|-damage|p2a: Sinistcha|67/100 psn
|-heal|p1b: Sinistcha|60/100 psn|[from] drain|[of] p2a: Sinistcha
|-damage|p2b: Manectric|0 fnt
|-heal|p1b: Sinistcha|68/100 psn|[from] drain|[of] p2b: Manectric
|faint|p2b: Manectric
|move|p2a: Sinistcha|Trick Room|p2a: Sinistcha
|-fieldstart|move: Trick Room|[of] p2a: Sinistcha
|
|-damage|p2a: Sinistcha|55/100 psn|[from] psn
|-damage|p1b: Sinistcha|56/100 psn|[from] psn
|upkeep
|
|t:|1782576212
|switch|p1a: Ninetales|Ninetales-Alola, L50, F|56/100
|switch|p2b: Garchomp|Garchomp, L50, F|100/100
|-weather|Snowscape|[from] ability: Snow Warning|[of] p1a: Ninetales
|-status|p2b: Garchomp|psn
|turn|9
|j| FDLHoya
|
|t:|1782576226
|move|p2a: Sinistcha|Matcha Gotcha|p1b: Sinistcha|[spread] p1b
|-miss|p2a: Sinistcha|p1a: Ninetales
|-resisted|p1b: Sinistcha|1
|-damage|p1b: Sinistcha|48/100 psn
|-heal|p2a: Sinistcha|59/100 psn|[from] drain|[of] p1b: Sinistcha
|move|p1b: Sinistcha|Strength Sap|p2b: Garchomp
|-unboost|p2b: Garchomp|atk|1
|-heal|p1b: Sinistcha|100/100 psn
|move|p1a: Ninetales|Blizzard|p2b: Garchomp|[spread] p2a,p2b
|-supereffective|p2a: Sinistcha|1
|-supereffective|p2b: Garchomp|2
|-damage|p2a: Sinistcha|12/100 psn
|-damage|p2b: Garchomp|0 fnt
|-enditem|p2a: Sinistcha|Sitrus Berry|[eat]
|-heal|p2a: Sinistcha|37/100 psn|[from] item: Sitrus Berry
|faint|p2b: Garchomp
|
|-weather|Snowscape|[upkeep]
|-damage|p2a: Sinistcha|24/100 psn|[from] psn
|-damage|p1b: Sinistcha|87/100 psn|[from] psn
|-sideend|p1: Klefastra|move: Aurora Veil
|upkeep
|turn|10
|-message|higigig forfeited.
|
|win|Klefastra
||higigig is ready for game 2.
|inactive|Klefastra has 30 seconds to confirm battle start!
||Klefastra is ready for game 2.
|uhtml|next|Next: Game 2 of 3
|l| lemonancy
|l| LunarMageMystia
|j| tennerps
|j| Lepotatochip
|l| Lepotatochip
|l| tennerps
|l| Autin Mago
|l|☆higigig
|player|p2|
|l| FDLHoya
|l| Blizz.vg
|j|☆higigig
|player|p2|higigig|170|
