|j|☆MuseigenTest
|j|☆Alysonz
|html|MuseigenTestAlysonz    
|uhtml|bestof|Game 1 of a best-of-3
|t:|1782524326
|gametype|doubles
|player|p1|MuseigenTest|102|1150
|player|p2|Alysonz|170|1071
|gen|9
|tier|[Gen 9 Champions] VGC 2026 Reg M-B (Bo3)
|rated|
|rule|Species Clause: Limit one of each Pokémon
|rule|Item Clause: Limit 1 of each item
|clearpoke
|poke|p1|Sinistcha, L50, shiny|
|poke|p1|Incineroar, L50, M, shiny|
|poke|p1|Milotic, L50, F|
|poke|p1|Scrafty, L50, F|
|poke|p1|Floette-Eternal, L50, F|
|poke|p1|Garchomp, L50, M|
|poke|p2|Pelipper, L50, M|
|poke|p2|Basculegion, L50, M|
|poke|p2|Whimsicott, L50, M|
|poke|p2|Scizor, L50, M|
|poke|p2|Dragonite, L50, F|
|poke|p2|Sceptile, L50, F|
|teampreview|4
|showteam|p1|Sinistcha||KasibBerry|Hospitality|Protect,RagePowder,MatchaGotcha,LifeDew|Calm|||||50|]Incineroar||SitrusBerry|Intimidate|FakeOut,ThroatChop,FlareBlitz,PartingShot|Impish||M|||50|]Milotic||Leftovers|Competitive|Coil,MuddyWater,Hypnosis,Protect|Bold||F|||50|]Scrafty||Scraftinite|Intimidate|DrainPunch,SwordsDance,KnockOff,FakeOut|Careful||F|||50|]Floette-Eternal||Floettite|FlowerVeil|Protect,DrainingKiss,CalmMind,DazzlingGleam|Timid||F|||50|]Garchomp||LifeOrb|RoughSkin|RockSlide,StompingTantrum,PoisonJab,Protect|Adamant||M|||50|
|showteam|p2|Pelipper||DampRock|Drizzle|Protect,Surf,Hurricane,IceBeam|Modest||M|||50|]Basculegion||LifeOrb|SwiftSwim|AquaJet,Protect,WaveCrash,LastRespects|Adamant||M|||50|]Whimsicott||FocusSash|Prankster|Encore,Tailwind,Taunt,DazzlingGleam|Timid||M|||50|]Scizor||Scizorite|Technician|BugBite,BulletPunch,CloseCombat,Protect|Adamant||M|||50|]Dragonite||Leftovers|Multiscale|Thunder,RockSlide,Hurricane,RainDance|Naive||F|||50|]Sceptile||YacheBerry|Unburden|LeafStorm,EarthPower,EnergyBall,Protect|Timid||F|||50|
|inactive|Battle timer is ON: inactive players will automatically lose when time's up. (requested by MuseigenTest)
|c|☆MuseigenTest|gl hf
|inactive|MuseigenTest has 60 seconds left.
|inactive|Alysonz has 60 seconds left.
|inactive|MuseigenTest has 30 seconds left.
|c|☆Alysonz|gl
|inactive|MuseigenTest has 20 seconds left.
|inactive|MuseigenTest has 15 seconds left.
|inactive|MuseigenTest has 10 seconds left.
|
|t:|1782524410
|teamsize|p1|4
|teamsize|p2|4
|start
|switch|p1a: Garchomp|Garchomp, L50, M|100/100
|switch|p1b: Incineroar|Incineroar, L50, M, shiny|100/100
|switch|p2a: Echidna|Whimsicott, L50, M|100/100
|switch|p2b: Rigel|Basculegion, L50, M|100/100
|-ability|p1b: Incineroar|Intimidate|boost
|-unboost|p2a: Echidna|atk|1
|-unboost|p2b: Rigel|atk|1
|turn|1
|inactive|MuseigenTest has 30 seconds left.
|
|t:|1782524445
|switch|p2a: Betelgeulse|Pelipper, L50, M|100/100
|-weather|RainDance|[from] ability: Drizzle|[of] p2a: Betelgeulse
|move|p1b: Incineroar|Fake Out|p2a: Betelgeulse
|-damage|p2a: Betelgeulse|85/100
|move|p2b: Rigel|Wave Crash|p1b: Incineroar
|-supereffective|p1b: Incineroar|1
|-damage|p1b: Incineroar|0 fnt
|faint|p1b: Incineroar
|-damage|p2b: Rigel|65/100|[from] Recoil
|-damage|p2b: Rigel|56/100|[from] item: Life Orb
|move|p1a: Garchomp|Rock Slide|p2a: Betelgeulse|[spread] p2a,p2b
|-supereffective|p2a: Betelgeulse|1
|-damage|p2a: Betelgeulse|16/100
|-damage|p2b: Rigel|22/100
|-damage|p1a: Garchomp|90/100|[from] item: Life Orb
|
|-weather|RainDance|[upkeep]
|upkeep
|
|t:|1782524465
|switch|p1b: Sinistcha|Sinistcha, L50, shiny|100/100
|-heal|p1a: Garchomp|100/100|[from] ability: Hospitality|[of] p1b: Sinistcha
|turn|2
|inactive|MuseigenTest has 30 seconds left.
|
|t:|1782524491
|move|p1b: Sinistcha|Rage Powder|p1b: Sinistcha
|-singleturn|p1b: Sinistcha|move: Rage Powder
|move|p2b: Rigel|Wave Crash|p1b: Sinistcha
|-resisted|p1b: Sinistcha|1
|-damage|p1b: Sinistcha|62/100
|-damage|p2b: Rigel|11/100|[from] Recoil
|-damage|p2b: Rigel|2/100|[from] item: Life Orb
|move|p1a: Garchomp|Poison Jab|p2a: Betelgeulse
|-crit|p2a: Betelgeulse
|-damage|p2a: Betelgeulse|0 fnt
|faint|p2a: Betelgeulse
|-damage|p1a: Garchomp|90/100|[from] item: Life Orb
|
|-weather|RainDance|[upkeep]
|upkeep
|
|t:|1782524505
|switch|p2a: Echidna|Whimsicott, L50, M|100/100
|turn|3
|inactive|MuseigenTest has 30 seconds left.
|inactive|MuseigenTest has 20 seconds left.
|inactive|MuseigenTest has 15 seconds left.
|inactive|MuseigenTest has 10 seconds left.
|
|t:|1782524553
|move|p2b: Rigel|Last Respects|p1b: Sinistcha
|-supereffective|p1b: Sinistcha|1
|-enditem|p1b: Sinistcha|Kasib Berry|[eat]
|-enditem|p1b: Sinistcha|Kasib Berry|[weaken]
|-damage|p1b: Sinistcha|23/100
|-damage|p2b: Rigel|0 fnt|[from] item: Life Orb
|faint|p2b: Rigel
|move|p2a: Echidna|Dazzling Gleam|p1a: Garchomp|[spread] p1a,p1b
|-supereffective|p1a: Garchomp|1
|-damage|p1a: Garchomp|38/100
|-damage|p1b: Sinistcha|4/100
|move|p1a: Garchomp|Rock Slide|p2a: Echidna
|-damage|p2a: Echidna|45/100
|-damage|p1a: Garchomp|28/100|[from] item: Life Orb
|move|p1b: Sinistcha|Matcha Gotcha|p2a: Echidna
|-resisted|p2a: Echidna|1
|-damage|p2a: Echidna|16/100
|-heal|p1b: Sinistcha|15/100|[from] drain|[of] p2a: Echidna
|
|-weather|RainDance|[upkeep]
|upkeep
|
|t:|1782524572
|switch|p2b: Scizor|Scizor, L50, M|100/100
|turn|4
|inactive|MuseigenTest has 30 seconds left.
|inactive|MuseigenTest has 20 seconds left.
|
|t:|1782524608
|detailschange|p2b: Scizor|Scizor-Mega, L50, M
|-mega|p2b: Scizor|Scizor|Scizorite
|move|p1b: Sinistcha|Protect|p1b: Sinistcha
|-singleturn|p1b: Sinistcha|Protect
|move|p2a: Echidna|Dazzling Gleam|p1a: Garchomp|[spread] p1a
|-activate|p1b: Sinistcha|move: Protect
|-supereffective|p1a: Garchomp|1
|-damage|p1a: Garchomp|0 fnt
|faint|p1a: Garchomp
|move|p2b: Scizor|Bug Bite|p1b: Sinistcha
|-activate|p1b: Sinistcha|move: Protect
|
|-weather|RainDance|[upkeep]
|upkeep
|
|t:|1782524614
|switch|p1a: Floette|Floette-Eternal, L50, F|100/100
|turn|5
|
|t:|1782524632
|detailschange|p1a: Floette|Floette-Mega, L50, F
|-mega|p1a: Floette|Floette|Floettite
|-ability|p1a: Floette|Fairy Aura
|move|p1b: Sinistcha|Rage Powder|p1b: Sinistcha
|-singleturn|p1b: Sinistcha|move: Rage Powder
|move|p2b: Scizor|Bullet Punch|p1b: Sinistcha
|-damage|p1b: Sinistcha|0 fnt
|faint|p1b: Sinistcha
|move|p2a: Echidna|Dazzling Gleam|p1a: Floette
|-damage|p1a: Floette|69/100
|move|p1a: Floette|Dazzling Gleam|p2a: Echidna|[spread] p2a,p2b
|-resisted|p2b: Scizor|1
|-damage|p2a: Echidna|0 fnt
|-damage|p2b: Scizor|80/100
|faint|p2a: Echidna
|
|-weather|RainDance|[upkeep]
|upkeep
|turn|6
|-message|MuseigenTest forfeited.
|
|win|Alysonz
||MuseigenTest is ready for game 2.
||Alysonz is ready for game 2.
|uhtml|next|Next: Game 2 of 3
|l|☆Alysonz
|player|p2|
