|j|☆PannikPinner
|j|☆dr_sugus_vgc
|html|PannikPinnerdr_sugus_vgc    
|uhtml|bestof|Game 1 of a best-of-3
|t:|1756384545
|gametype|doubles
|player|p1|PannikPinner|clemont|1063
|player|p2|dr_sugus_vgc|265|1154
|gen|9
|tier|[Gen 9] VGC 2025 Reg H (Bo3)
|rated|
|rule|Species Clause: Limit one of each Pokémon
|rule|Item Clause: Limit 1 of each item
|clearpoke
|poke|p1|Annihilape, L50, M|
|poke|p1|Maushold-Four, L50|
|poke|p1|Gholdengo, L50|
|poke|p1|Incineroar, L50, F|
|poke|p1|Dragonite, L50, M|
|poke|p1|Rillaboom, L50, F|
|poke|p2|Weezing-Galar, L50, M|
|poke|p2|Incineroar, L50, F|
|poke|p2|Sinistcha, L50|
|poke|p2|Corviknight, L50, M|
|poke|p2|Baxcalibur, L50, F|
|poke|p2|Swampert, L50, F|
|teampreview|4
|showteam|p1|Annihilape||SitrusBerry|Defiant|RageFist,DrainPunch,BulkUp,Protect|||M|||50|,,,,,Steel]Maushold-Four||CovertCloak|FriendGuard|FollowMe,BeatUp,Taunt,HelpingHand||||||50|,,,,,Grass]Gholdengo||LifeOrb|GoodasGold|MakeItRain,ShadowBall,NastyPlot,Protect||||||50|,,,,,Water]Incineroar||SafetyGoggles|Intimidate|FakeOut,FlareBlitz,KnockOff,PartingShot|||F|||50|,,,,,Ghost]Dragonite||LoadedDice|Multiscale|ExtremeSpeed,ScaleShot,Haze,Protect|||M|||50|,,,,,Normal]Rillaboom||AssaultVest|GrassySurge|FakeOut,GrassyGlide,WoodHammer,HighHorsepower|||F|||50|,,,,,Grass
|showteam|p2|Weezing-Galar||SitrusBerry|MistySurge|SludgeBomb,Flamethrower,Haze,Protect|||M|||50|,,,,,Steel]Incineroar||AssaultVest|Intimidate|FakeOut,FlareBlitz,KnockOff,Snarl|||F|||50|,,,,,Grass]Sinistcha||BigRoot|Hospitality|MatchaGotcha,StrengthSap,Scald,TrickRoom||||||50|,,,,,Fairy]Corviknight||CovertCloak|MirrorArmor|BodyPress,BraveBird,Tailwind,BulkUp|||M|||50|,,,,,Dragon]Baxcalibur||LoadedDice|ThermalExchange|IcicleSpear,HighHorsepower,SwordsDance,Protect|||F|||50|,,,,,Ground]Swampert||ClearAmulet|Damp|HighHorsepower,Liquidation,KnockOff,Protect|||F|||50|,,,,,Fire
|inactive|Battle timer is ON: inactive players will automatically lose when time's up. (requested by PannikPinner)
|inactive|PannikPinner has 60 seconds left.
|
|t:|1756384598
|teamsize|p1|4
|teamsize|p2|4
|start
|switch|p1a: Incineroar|Incineroar, L50, F|100/100
|switch|p1b: Gholdengo|Gholdengo, L50|100/100
|switch|p2a: Baxcalibur|Baxcalibur, L50, F|100/100
|switch|p2b: Sinistcha|Sinistcha, L50|100/100
|-ability|p1a: Incineroar|Intimidate|boost
|-unboost|p2a: Baxcalibur|atk|1
|-unboost|p2b: Sinistcha|atk|1
|turn|1
|inactive|PannikPinner has 30 seconds left.
|inactive|dr_sugus_vgc has 30 seconds left.
|
|t:|1756384632
|-terastallize|p2a: Baxcalibur|Ground
|move|p1b: Gholdengo|Make It Rain|p2b: Sinistcha|[spread] p2a,p2b
|-damage|p2a: Baxcalibur|54/100
|-damage|p2b: Sinistcha|39/100
|-unboost|p1b: Gholdengo|spa|1
|-damage|p1b: Gholdengo|91/100|[from] item: Life Orb
|move|p2a: Baxcalibur|Swords Dance|p2a: Baxcalibur
|-boost|p2a: Baxcalibur|atk|2
|move|p2b: Sinistcha|Scald|p1b: Gholdengo
|-damage|p1b: Gholdengo|59/100
|-status|p1b: Gholdengo|brn
|move|p1a: Incineroar|Flare Blitz|p2b: Sinistcha
|-supereffective|p2b: Sinistcha
|-damage|p2b: Sinistcha|0 fnt
|faint|p2b: Sinistcha
|-damage|p1a: Incineroar|90/100|[from] Recoil
|
|-damage|p1b: Gholdengo|53/100 brn|[from] brn
|upkeep
|
|t:|1756384651
|switch|p2b: Corviknight|Corviknight, L50, M|100/100
|turn|2
|
|t:|1756384672
|-terastallize|p1a: Incineroar|Ghost
|move|p1b: Gholdengo|Protect|p1b: Gholdengo
|-singleturn|p1b: Gholdengo|Protect
|move|p2a: Baxcalibur|High Horsepower|p1a: Incineroar
|-crit|p1a: Incineroar
|-damage|p1a: Incineroar|9/100
|move|p2b: Corviknight|Tailwind|p2b: Corviknight
|-sidestart|p2: dr_sugus_vgc|move: Tailwind
|move|p1a: Incineroar|Parting Shot|p2a: Baxcalibur
|-unboost|p2a: Baxcalibur|atk|1
|-unboost|p2a: Baxcalibur|spa|1
|
|t:|1756384682
|switch|p1a: Rillaboom|Rillaboom, L50, F|100/100|[from] Parting Shot
|-fieldstart|move: Grassy Terrain|[from] ability: Grassy Surge|[of] p1a: Rillaboom
|
|-heal|p2a: Baxcalibur|60/100|[from] Grassy Terrain
|-heal|p1b: Gholdengo|59/100 brn|[from] Grassy Terrain
|-damage|p1b: Gholdengo|53/100 brn|[from] brn
|upkeep
|turn|3
|
|t:|1756384698
|switch|p2a: Weezing|Weezing-Galar, L50, M|100/100
|-fieldstart|move: Misty Terrain|[from] ability: Misty Surge|[of] p2a: Weezing
|move|p1a: Rillaboom|Fake Out|p2a: Weezing
|-damage|p2a: Weezing|88/100
|move|p2b: Corviknight|Bulk Up|p2b: Corviknight
|-boost|p2b: Corviknight|atk|1
|-boost|p2b: Corviknight|def|1
|move|p1b: Gholdengo|Nasty Plot|p1b: Gholdengo
|-boost|p1b: Gholdengo|spa|2
|
|-damage|p1b: Gholdengo|47/100 brn|[from] brn
|upkeep
|turn|4
|
|t:|1756384719
|move|p2b: Corviknight|Brave Bird|p1b: Gholdengo
|-resisted|p1b: Gholdengo
|-damage|p1b: Gholdengo|6/100 brn
|-damage|p2b: Corviknight|89/100|[from] Recoil
|move|p2a: Weezing|Flamethrower|p1b: Gholdengo
|-supereffective|p1b: Gholdengo
|-damage|p1b: Gholdengo|0 fnt
|faint|p1b: Gholdengo
|move|p1a: Rillaboom|High Horsepower|p2a: Weezing
|-supereffective|p2a: Weezing
|-damage|p2a: Weezing|37/100
|-enditem|p2a: Weezing|Sitrus Berry|[eat]
|-heal|p2a: Weezing|62/100|[from] item: Sitrus Berry
|
|upkeep
|
|t:|1756384728
|switch|p1b: Annihilape|Annihilape, L50, M|100/100
|turn|5
|inactive|dr_sugus_vgc has 30 seconds left.
|
|t:|1756384755
|switch|p1a: Incineroar|Incineroar, L50, F, tera:Ghost|9/100
|-ability|p1a: Incineroar|Intimidate|boost
|-unboost|p2a: Weezing|atk|1
|-ability|p2b: Corviknight|Mirror Armor
|-unboost|p1a: Incineroar|atk|1
|move|p1b: Annihilape|Protect|p1b: Annihilape
|-singleturn|p1b: Annihilape|Protect
|move|p2b: Corviknight|Brave Bird|p1b: Annihilape
|-activate|p1b: Annihilape|move: Protect
|move|p2a: Weezing|Sludge Bomb|p1a: Incineroar
|-resisted|p1a: Incineroar
|-damage|p1a: Incineroar|0 fnt
|faint|p1a: Incineroar
|
|-sideend|p2: dr_sugus_vgc|move: Tailwind
|upkeep
|
|t:|1756384770
|switch|p1a: Rillaboom|Rillaboom, L50, F|100/100
|-fieldstart|move: Grassy Terrain|[from] ability: Grassy Surge|[of] p1a: Rillaboom
|turn|6
|
|t:|1756384779
|move|p1a: Rillaboom|Fake Out|p2b: Corviknight
|-resisted|p2b: Corviknight
|-damage|p2b: Corviknight|85/100
|move|p1b: Annihilape|Bulk Up|p1b: Annihilape
|-boost|p1b: Annihilape|atk|1
|-boost|p1b: Annihilape|def|1
|move|p2b: Corviknight|Tailwind|p2b: Corviknight
|-sidestart|p2: dr_sugus_vgc|move: Tailwind
|move|p2a: Weezing|Sludge Bomb|p1a: Rillaboom
|-supereffective|p1a: Rillaboom
|-damage|p1a: Rillaboom|60/100
|
|-heal|p2a: Weezing|68/100|[from] Grassy Terrain
|-heal|p1a: Rillaboom|66/100|[from] Grassy Terrain
|upkeep
|turn|7
|
|t:|1756384802
|move|p2b: Corviknight|Brave Bird|p1a: Rillaboom
|-supereffective|p1a: Rillaboom
|-damage|p1a: Rillaboom|0 fnt
|faint|p1a: Rillaboom
|-damage|p2b: Corviknight|63/100|[from] Recoil
|move|p2a: Weezing|Haze|p2a: Weezing
|-clearallboost
|move|p1b: Annihilape|Drain Punch|p2b: Corviknight
|-damage|p2b: Corviknight|33/100
|
|-heal|p2a: Weezing|74/100|[from] Grassy Terrain
|upkeep
|turn|8
|
|t:|1756384822
|move|p2b: Corviknight|Brave Bird|p1b: Annihilape
|-supereffective|p1b: Annihilape
|-damage|p1b: Annihilape|0 fnt
|faint|p1b: Annihilape
|-damage|p2b: Corviknight|1/100|[from] Recoil
|
|win|dr_sugus_vgc
||PannikPinner is ready for game 2.
|inactive|dr_sugus_vgc has 30 seconds to confirm battle start!
||dr_sugus_vgc is ready for game 2.
|uhtml|next|Next: Game 2 of 3
|l|☆PannikPinner
|player|p1|
