|j|☆ItsMarMol
|j|☆jamon_con_talco
|html|ItsMarMoljamon_con_talco    
|uhtml|bestof|Game 2 of a best-of-3
|t:|1785710782
|gametype|doubles
|player|p1|ItsMarMol|hugh|
|player|p2|jamon_con_talco|swimmer-gen4|
|gen|9
|tier|[Gen 9 Champions] VGC 2026 Reg M-B (Bo3)
|rule|Species Clause: Limit one of each Pokémon
|rule|Item Clause: Limit 1 of each item
|clearpoke
|poke|p1|Sceptile, L50, M|
|poke|p1|Rotom-Heat, L50|
|poke|p1|Aerodactyl, L50, M|
|poke|p1|Clefable, L50, M|
|poke|p1|Basculegion, L50, M|
|poke|p1|Kingambit, L50, M|
|poke|p2|Charizard, L50, M|
|poke|p2|Glimmora, L50, M|
|poke|p2|Whimsicott, L50, F|
|poke|p2|Ninetales-Alola, L50, F|
|poke|p2|Kingambit, L50, M|
|poke|p2|Kommo-o, L50, M|
|teampreview|4
|showteam|p1|Sceptile||Sceptilite|Overgrow|DragonPulse,EnergyBall,EarthPower,Protect|Serious||M|||50|]Rotom-Heat||ChoiceScarf|Levitate|Overheat,Discharge,VoltSwitch,Trick|Timid|||||50|]Aerodactyl||FocusSash|Unnerve|RockSlide,DualWingbeat,Tailwind,Protect|Jolly||M|||50|]Clefable||Leftovers|Unaware|Moonblast,HelpingHand,FollowMe,Protect|Bold||M|||50|]Basculegion||LifeOrb|Adaptability|WaveCrash,LastRespects,AquaJet,Protect|Jolly||M|||50|]Kingambit||ChopleBerry|Defiant|KowtowCleave,IronHead,SuckerPunch,LowKick|Adamant||M|||50|
|showteam|p2|Charizard||CharizarditeY|Blaze|HeatWave,WeatherBall,SolarBeam,Protect|Modest||M|||50|]Glimmora||Glimmoranite|ToxicDebris|SludgeBomb,PowerGem,EarthPower,SpikyShield|Modest||M|||50|]Whimsicott||FocusSash|Prankster|Moonblast,Tailwind,Encore,Protect|Timid||F|||50|]Ninetales-Alola||NeverMeltIce|SnowWarning|Blizzard,FreezeDry,Disable,Protect|Timid||F|||50|]Kingambit||BlackGlasses|Defiant|KowtowCleave,SuckerPunch,IronHead,Protect|Adamant||M|||50|]Kommo-o||LifeOrb|Soundproof|ClangingScales,VacuumWave,Protect,AuraSphere|Modest||M|||50|
|j| amataf
|c|☆ItsMarMol|o eso
|j| nicopolii
|j| Psyxzz4
|inactive|Battle timer is ON: inactive players will automatically lose when time's up. (requested by jamon_con_talco)
|
|t:|1785710887
|teamsize|p1|4
|teamsize|p2|4
|start
|switch|p1a: Aerodactyl|Aerodactyl, L50, M|100/100
|switch|p1b: Clefable|Clefable, L50, M|100/100
|switch|p2a: Cucurella|Whimsicott, L50, F|100/100
|switch|p2b: LadyPokeFilia|Ninetales-Alola, L50, F|100/100
|-ability|p1a: Aerodactyl|Unnerve
|-weather|Snowscape|[from] ability: Snow Warning|[of] p2b: LadyPokeFilia
|turn|1
|inactive|ItsMarMol has 30 seconds left.
|inactive|ItsMarMol has 20 seconds left.
|
|t:|1785710924
|move|p1a: Aerodactyl|Tailwind|p1a: Aerodactyl
|-sidestart|p1: ItsMarMol|move: Tailwind
|move|p2a: Cucurella|Moonblast|p1a: Aerodactyl
|-damage|p1a: Aerodactyl|48/100
|move|p2b: LadyPokeFilia|Blizzard|p1a: Aerodactyl|[spread] p1a,p1b
|-supereffective|p1a: Aerodactyl|1
|-damage|p1a: Aerodactyl|0 fnt
|-damage|p1b: Clefable|69/100
|faint|p1a: Aerodactyl
|move|p1b: Clefable|Moonblast|p2a: Cucurella
|-damage|p2a: Cucurella|48/100
|
|-weather|Snowscape|[upkeep]
|-heal|p1b: Clefable|75/100|[from] item: Leftovers
|upkeep
|
|t:|1785710932
|switch|p1a: Basculegion|Basculegion, L50, M|100/100
|turn|2
|
|t:|1785710949
|move|p2a: Cucurella|Protect|p2a: Cucurella
|-singleturn|p2a: Cucurella|Protect
|move|p2b: LadyPokeFilia|Protect|p2b: LadyPokeFilia
|-singleturn|p2b: LadyPokeFilia|Protect
|move|p1b: Clefable|Follow Me|p1b: Clefable
|-singleturn|p1b: Clefable|move: Follow Me
|move|p1a: Basculegion|Wave Crash|p2b: LadyPokeFilia
|-activate|p2b: LadyPokeFilia|move: Protect
|
|-weather|Snowscape|[upkeep]
|-heal|p1b: Clefable|81/100|[from] item: Leftovers
|upkeep
|turn|3
|
|t:|1785710973
|move|p1b: Clefable|Follow Me|p1b: Clefable
|-singleturn|p1b: Clefable|move: Follow Me
|move|p2a: Cucurella|Tailwind|p2a: Cucurella
|-sidestart|p2: jamon_con_talco|move: Tailwind
|move|p2b: LadyPokeFilia|Disable|p1b: Clefable
|-start|p1b: Clefable|Disable|Follow Me
|move|p1a: Basculegion|Last Respects|p2a: Cucurella
|-damage|p2a: Cucurella|0 fnt
|faint|p2a: Cucurella
|-damage|p1a: Basculegion|90/100|[from] item: Life Orb
|
|-weather|Snowscape|[upkeep]
|-heal|p1b: Clefable|87/100|[from] item: Leftovers
|upkeep
|
|t:|1785710988
|switch|p2a: PostPucio|Glimmora, L50, M|100/100
|turn|4
|inactive|jamon_con_talco has 30 seconds left.
|
|t:|1785711020
|detailschange|p2a: PostPucio|Glimmora-Mega, L50, M
|-mega|p2a: PostPucio|Glimmora|Glimmoranite
|move|p1a: Basculegion|Protect|p1a: Basculegion
|-singleturn|p1a: Basculegion|Protect
|move|p2b: LadyPokeFilia|Freeze-Dry|p1a: Basculegion
|-activate|p1a: Basculegion|move: Protect
|move|p2a: PostPucio|Sludge Bomb|p1b: Clefable
|-supereffective|p1b: Clefable|1
|-damage|p1b: Clefable|0 fnt
|faint|p1b: Clefable
|
|-weather|Snowscape|[upkeep]
|-sideend|p1: ItsMarMol|move: Tailwind
|upkeep
|
|t:|1785711030
|switch|p1b: Sceptile|Sceptile, L50, M|100/100
|turn|5
|
|t:|1785711045
|detailschange|p1b: Sceptile|Sceptile-Mega, L50, M
|-mega|p1b: Sceptile|Sceptile|Sceptilite
|move|p2a: PostPucio|Spiky Shield|p2a: PostPucio
|-singleturn|p2a: PostPucio|move: Protect
|move|p1b: Sceptile|Protect|p1b: Sceptile
|-singleturn|p1b: Sceptile|Protect
|move|p1a: Basculegion|Aqua Jet|p2a: PostPucio
|-activate|p2a: PostPucio|move: Protect
|-damage|p1a: Basculegion|78/100|[from] Spiky Shield|[of] p2a: PostPucio
|move|p2b: LadyPokeFilia|Blizzard|p1b: Sceptile|[spread] p1a
|-activate|p1b: Sceptile|move: Protect
|-resisted|p1a: Basculegion|1
|-damage|p1a: Basculegion|54/100
|-status|p1a: Basculegion|frz
|
|-weather|none
|upkeep
|turn|6
|c| amataf|F
|inactive|ItsMarMol has 30 seconds left.
|c|☆ItsMarMol|es gg
|c|☆jamon_con_talco|El poder del hax
|inactive|ItsMarMol has 20 seconds left.
|
|t:|1785711085
|cant|p1a: Basculegion|frz
|move|p2b: LadyPokeFilia|Freeze-Dry|p1a: Basculegion
|-supereffective|p1a: Basculegion|1
|-damage|p1a: Basculegion|0 fnt
|faint|p1a: Basculegion
|move|p2a: PostPucio|Sludge Bomb|p1b: Sceptile
|-supereffective|p1b: Sceptile|1
|-damage|p1b: Sceptile|0 fnt
|faint|p1b: Sceptile
|
|win|jamon_con_talco
|l| Psyxzz4
|c|☆ItsMarMol|ggs
|c|☆jamon_con_talco|ggs
|c| amataf|Gg
|c| nicopolii|Ggs
