|j|☆YameteSenpai53025
|j|☆Archanile
|html|YameteSenpai53025Archanile    
|uhtml|bestof|Game 2 of a best-of-3
|t:|1757928413
|gametype|doubles
|player|p1|YameteSenpai53025|unknown|1028
|player|p2|Archanile|hilbert|1068
|gen|9
|tier|[Gen 9] VGC 2025 Reg H (Bo3)
|rated|
|rule|Species Clause: Limit one of each Pokémon
|rule|Item Clause: Limit 1 of each item
|clearpoke
|poke|p1|Ursaluna-Bloodmoon, L50, M|
|poke|p1|Annihilape, L50, M|
|poke|p1|Gholdengo, L50|
|poke|p1|Incineroar, L50, M|
|poke|p1|Dragonite, L50, F|
|poke|p1|Ninetales-Alola, L50, M|
|poke|p2|Dragonite, L50, M|
|poke|p2|Ursaluna-Bloodmoon, L50, M|
|poke|p2|Gholdengo, L50|
|poke|p2|Maushold-Four, L50|
|poke|p2|Annihilape, L50, F|
|poke|p2|Rillaboom, L50, M|
|teampreview|4
|showteam|p1|Ursaluna-Bloodmoon||LifeOrb|MindsEye|BloodMoon,EarthPower,HyperVoice,Protect|||M|||50|,,,,,Normal]Annihilape||SafetyGoggles|Defiant|RageFist,DrainPunch,BulkUp,Protect|||M|||50|,,,,,Steel]Gholdengo||ChoiceSpecs|GoodasGold|MakeItRain,ShadowBall,Psychic,PowerGem||||||50|,,,,,Water]Incineroar||AssaultVest|Intimidate|KnockOff,FlareBlitz,FakeOut,Uturn|||M|||50|,,,,,Bug]Dragonite||LoadedDice|InnerFocus|ScaleShot,Tailwind,Encore,IceSpinner|||F|||50|,,,,,Ice]Ninetales-Alola||LightClay|SnowWarning|FreezeDry,AuroraVeil,Blizzard,Moonblast|||M|||50|,,,,,Ghost
|showteam|p2|Dragonite||LoadedDice|Multiscale|ScaleShot,Tailwind,Haze,Protect|||M|||50|,,,,,Fairy]Ursaluna-Bloodmoon||AssaultVest|MindsEye|BloodMoon,EarthPower,HyperVoice,VacuumWave|||M|||50|,,,,,Water]Gholdengo||LifeOrb|GoodasGold|MakeItRain,ShadowBall,NastyPlot,Protect||||||50|,,,,,Dragon]Maushold-Four||FocusSash|FriendGuard|Taunt,FollowMe,BeatUp,Protect||||||50|,,,,,Ghost]Annihilape||SitrusBerry|Defiant|RageFist,DrainPunch,BulkUp,Protect|||F|||50|,,,,,Fire]Rillaboom||MiracleSeed|GrassySurge|WoodHammer,GrassyGlide,HighHorsepower,FakeOut|||M|||50|,,,,,Fire
|inactive|Battle timer is ON: inactive players will automatically lose when time's up. (requested by Archanile)
|inactive|Archanile has 60 seconds left.
|
|t:|1757928448
|teamsize|p1|4
|teamsize|p2|4
|start
|switch|p1a: Ninetales|Ninetales-Alola, L50, M|100/100
|switch|p1b: Incineroar|Incineroar, L50, M|100/100
|switch|p2a: Maushold|Maushold-Four, L50|100/100
|switch|p2b: Gholdengo|Gholdengo, L50|100/100
|-weather|Snowscape|[from] ability: Snow Warning|[of] p1a: Ninetales
|-ability|p1b: Incineroar|Intimidate|boost
|-unboost|p2a: Maushold|atk|1
|-unboost|p2b: Gholdengo|atk|1
|turn|1
|inactive|YameteSenpai53025 has 30 seconds left.
|inactive|Archanile has 30 seconds left.
|inactive|YameteSenpai53025 has 20 seconds left.
|inactive|Archanile has 20 seconds left.
|inactive|YameteSenpai53025 has 15 seconds left.
|
|t:|1757928491
|-terastallize|p2b: Gholdengo|Dragon
|move|p2a: Maushold|Taunt|p1a: Ninetales
|-start|p1a: Ninetales|move: Taunt
|cant|p1a: Ninetales|move: Taunt|Aurora Veil
|move|p2b: Gholdengo|Shadow Ball|p1a: Ninetales
|-damage|p1a: Ninetales|34/100
|-damage|p2b: Gholdengo|91/100|[from] item: Life Orb
|move|p1b: Incineroar|Knock Off|p2b: Gholdengo
|-damage|p2b: Gholdengo|50/100
|-enditem|p2b: Gholdengo|Life Orb|[from] move: Knock Off|[of] p1b: Incineroar
|
|-weather|Snowscape|[upkeep]
|upkeep
|turn|2
|inactive|YameteSenpai53025 has 30 seconds left.
|inactive|Archanile has 30 seconds left.
|inactive|YameteSenpai53025 has 20 seconds left.
|inactive|Archanile has 20 seconds left.
|inactive|YameteSenpai53025 has 15 seconds left.
|inactive|Archanile has 15 seconds left.
|inactive|YameteSenpai53025 has 10 seconds left.
|
|t:|1757928538
|switch|p2b: Annihilape|Annihilape, L50, F|100/100
|move|p2a: Maushold|Beat Up|p2b: Annihilape
|-damage|p2b: Annihilape|99/100
|-damage|p2b: Annihilape|98/100
|-damage|p2b: Annihilape|96/100
|-damage|p2b: Annihilape|95/100
|-hitcount|p2b: Annihilape|4
|move|p1a: Ninetales|Blizzard|p2b: Annihilape|[spread] p2a,p2b
|-damage|p2a: Maushold|54/100
|-damage|p2b: Annihilape|74/100
|move|p1b: Incineroar|Knock Off|p2a: Maushold
|-damage|p2a: Maushold|0 fnt
|-enditem|p2a: Maushold|Focus Sash|[from] move: Knock Off|[of] p1b: Incineroar
|faint|p2a: Maushold
|
|-weather|Snowscape|[upkeep]
|upkeep
|inactive|Archanile has 30 seconds left.
|
|t:|1757928572
|switch|p2a: Dragonite|Dragonite, L50, M|100/100
|turn|3
|
|t:|1757928590
|switch|p1b: Annihilape|Annihilape, L50, M|100/100
|move|p1a: Ninetales|Blizzard|p2b: Annihilape|[spread] p2a,p2b
|-supereffective|p2a: Dragonite
|-damage|p2a: Dragonite|35/100
|-damage|p2b: Annihilape|44/100
|-enditem|p2b: Annihilape|Sitrus Berry|[eat]
|-heal|p2b: Annihilape|69/100|[from] item: Sitrus Berry
|move|p2b: Annihilape|Drain Punch|p1b: Annihilape
|-immune|p1b: Annihilape
|move|p2a: Dragonite|Scale Shot|p1b: Annihilape
|-damage|p1b: Annihilape|86/100
|-damage|p1b: Annihilape|72/100
|-damage|p1b: Annihilape|57/100
|-damage|p1b: Annihilape|42/100
|-hitcount|p1b: Annihilape|4
|-unboost|p2a: Dragonite|def|1
|-boost|p2a: Dragonite|spe|1
|
|-weather|Snowscape|[upkeep]
|-end|p1a: Ninetales|move: Taunt
|upkeep
|turn|4
|inactive|YameteSenpai53025 has 30 seconds left.
|inactive|Archanile has 30 seconds left.
|inactive|YameteSenpai53025 has 20 seconds left.
|inactive|YameteSenpai53025 has 15 seconds left.
|inactive|YameteSenpai53025 has 10 seconds left.
|inactive|YameteSenpai53025 has 5 seconds left.
|
|t:|1757928645
|move|p2a: Dragonite|Tailwind|p2a: Dragonite
|-sidestart|p2: Archanile|move: Tailwind
|move|p2b: Annihilape|Rage Fist|p1b: Annihilape
|-supereffective|p1b: Annihilape
|-damage|p1b: Annihilape|0 fnt
|faint|p1b: Annihilape
|move|p1a: Ninetales|Freeze-Dry|p2a: Dragonite
|-supereffective|p2a: Dragonite
|-damage|p2a: Dragonite|0 fnt
|faint|p2a: Dragonite
|
|-weather|Snowscape|[upkeep]
|upkeep
|
|t:|1757928659
|switch|p2a: Gholdengo|Gholdengo, L50, tera:Dragon|50/100
|switch|p1b: Dragonite|Dragonite, L50, F|100/100
|turn|5
|inactive|YameteSenpai53025 has 30 seconds left.
|inactive|Archanile has 30 seconds left.
|
|t:|1757928690
|switch|p1a: Incineroar|Incineroar, L50, M|100/100
|-ability|p1a: Incineroar|Intimidate|boost
|-unboost|p2a: Gholdengo|atk|1
|-unboost|p2b: Annihilape|atk|1
|-ability|p2b: Annihilape|Defiant|boost
|-boost|p2b: Annihilape|atk|2
|move|p2b: Annihilape|Rage Fist|p1b: Dragonite
|-damage|p1b: Dragonite|0 fnt
|faint|p1b: Dragonite
|move|p2a: Gholdengo|Make It Rain|p1a: Incineroar
|-resisted|p1a: Incineroar
|-damage|p1a: Incineroar|82/100
|-unboost|p2a: Gholdengo|spa|1
|
|-weather|none
|upkeep
|
|t:|1757928706
|switch|p1b: Ninetales|Ninetales-Alola, L50, M|34/100
|-weather|Snowscape|[from] ability: Snow Warning|[of] p1b: Ninetales
|turn|6
|
|t:|1757928728
|move|p2a: Gholdengo|Protect|p2a: Gholdengo
|-singleturn|p2a: Gholdengo|Protect
|move|p1a: Incineroar|Fake Out|p2a: Gholdengo
|-activate|p2a: Gholdengo|move: Protect
|move|p2b: Annihilape|Rage Fist|p1a: Incineroar
|-resisted|p1a: Incineroar
|-damage|p1a: Incineroar|0 fnt
|faint|p1a: Incineroar
|move|p1b: Ninetales|Blizzard|p2a: Gholdengo|[spread] p2b
|-activate|p2a: Gholdengo|move: Protect
|-damage|p2b: Annihilape|40/100
|
|-weather|Snowscape|[upkeep]
|upkeep
|turn|7
|
|t:|1757928747
|move|p2b: Annihilape|Drain Punch|p1b: Ninetales
|-damage|p1b: Ninetales|0 fnt
|-heal|p2b: Annihilape|52/100|[from] drain|[of] p1b: Ninetales
|faint|p1b: Ninetales
|
|win|Archanile
||Archanile is ready for game 3.
||YameteSenpai53025 is ready for game 3.
|uhtml|next|Next: Game 3 of 3
