|j|☆Ribombees believer
|j|☆lazarett
|html|Ribombees believerlazarett    
|uhtml|bestof|Game 3 of a best-of-3
|t:|1756656743
|gametype|doubles
|player|p1|Ribombees believer|skier|1339
|player|p2|lazarett|riley|1296
|gen|9
|tier|[Gen 9] VGC 2025 Reg H (Bo3)
|rated|
|rule|Species Clause: Limit one of each Pokémon
|rule|Item Clause: Limit 1 of each item
|clearpoke
|poke|p1|Dondozo, L50, M|
|poke|p1|Tatsugiri, L50, F|
|poke|p1|Indeedee, L50, M|
|poke|p1|Dragapult, L50, F|
|poke|p1|Ribombee, L50, M|
|poke|p1|Gholdengo, L50|
|poke|p2|Porygon2, L50|
|poke|p2|Incineroar, L50, F|
|poke|p2|Amoonguss, L50, M|
|poke|p2|Ursaluna, L50, F|
|poke|p2|Gholdengo, L50|
|poke|p2|Kilowattrel, L50, F|
|teampreview|4
|showteam|p1|Dondozo||Leftovers|Unaware|WaveCrash,Earthquake,OrderUp,Protect|||M|||50|,,,,,Grass]Tatsugiri||ChoiceScarf|Commander|MuddyWater,DracoMeteor,DragonPulse,TeraBlast|||F|||50|,,,,,Fairy]Indeedee||FocusSash|PsychicSurge|ExpandingForce,TeraBlast,HyperVoice,Protect|||M|||50|,,,,,Fighting]Dragapult||ChoiceBand|ClearBody|DragonDarts,Outrage,PhantomForce,Uturn|||F|||50|,,,,,Dragon]Ribombee||ChoiceSpecs|ShieldDust|Moonblast,PollenPuff,DazzlingGleam,TeraBlast|||M|||50|,,,,,Ground]Gholdengo||LifeOrb|GoodasGold|MakeItRain,ShadowBall,Thunderbolt,Protect||||||50|,,,,,Water
|showteam|p2|Porygon2||Eviolite|Download|TeraBlast,IceBeam,TrickRoom,Recover||||||50|,,,,,Fighting]Incineroar||SafetyGoggles|Intimidate|KnockOff,FlareBlitz,PartingShot,FakeOut|||F|||50|,,,,,Water]Amoonguss||RockyHelmet|Regenerator|Spore,PollenPuff,RagePowder,Protect|||M|||50|,,,,,Water]Ursaluna||FlameOrb|Guts|Protect,Facade,HeadlongRush,Earthquake|||F|||50|,,,,,Ghost]Gholdengo||LifeOrb|GoodasGold|MakeItRain,ShadowBall,NastyPlot,Protect||||||50|,,,,,Water]Kilowattrel||FocusSash|Competitive|Thunderbolt,AirSlash,Tailwind,Protect|||F|||50|,,,,,Ghost
|inactive|Battle timer is ON: inactive players will automatically lose when time's up. (requested by Ribombees believer)
|inactive|lazarett has 60 seconds left.
|
|t:|1756656780
|teamsize|p1|4
|teamsize|p2|4
|start
|switch|p1a: Indeedee|Indeedee, L50, M|100/100
|switch|p1b: Gholdengo|Gholdengo, L50|100/100
|switch|p2a: Incineroar|Incineroar, L50, F|100/100
|switch|p2b: Gholdengo|Gholdengo, L50|100/100
|-fieldstart|move: Psychic Terrain|[from] ability: Psychic Surge|[of] p1a: Indeedee
|-ability|p2a: Incineroar|Intimidate|boost
|-unboost|p1a: Indeedee|atk|1
|-unboost|p1b: Gholdengo|atk|1
|turn|1
|inactive|Ribombees believer has 30 seconds left.
|
|t:|1756656812
|-terastallize|p1a: Indeedee|Fighting
|move|p2b: Gholdengo|Protect|p2b: Gholdengo
|-singleturn|p2b: Gholdengo|Protect
|move|p1a: Indeedee|Tera Blast|p2a: Incineroar|[anim] Tera Blast Fighting
|-supereffective|p2a: Incineroar
|-crit|p2a: Incineroar
|-damage|p2a: Incineroar|0 fnt
|faint|p2a: Incineroar
|move|p1b: Gholdengo|Thunderbolt|p2b: Gholdengo
|-activate|p2b: Gholdengo|move: Protect
|
|upkeep
|
|t:|1756656827
|switch|p2a: Ursaluna|Ursaluna, L50, F|100/100
|turn|2
|inactive|lazarett has 30 seconds left.
|inactive|lazarett has 20 seconds left.
|
|t:|1756656866
|move|p1a: Indeedee|Expanding Force|p2b: Gholdengo|[spread] p2a,p2b
|-resisted|p2b: Gholdengo
|-damage|p2a: Ursaluna|52/100
|-damage|p2b: Gholdengo|72/100
|move|p2b: Gholdengo|Shadow Ball|p1b: Gholdengo
|-supereffective|p1b: Gholdengo
|-damage|p1b: Gholdengo|0 fnt
|faint|p1b: Gholdengo
|-damage|p2b: Gholdengo|63/100|[from] item: Life Orb
|move|p2a: Ursaluna|Headlong Rush|p1a: Indeedee
|-enditem|p1a: Indeedee|Focus Sash
|-damage|p1a: Indeedee|1/100
|-unboost|p2a: Ursaluna|def|1
|-unboost|p2a: Ursaluna|spd|1
|
|-status|p2a: Ursaluna|brn|[from] item: Flame Orb
|upkeep
|
|t:|1756656882
|switch|p1b: Big Back|Dondozo, L50, M|100/100
|turn|3
|
|t:|1756656890
|switch|p1a: Alaskan Roll|Tatsugiri, L50, F|100/100
|-activate|p1a: Alaskan Roll|ability: Commander|[of] p1b: Big Back
|-boost|p1b: Big Back|atk|2
|-boost|p1b: Big Back|spa|2
|-boost|p1b: Big Back|spe|2
|-boost|p1b: Big Back|def|2
|-boost|p1b: Big Back|spd|2
|switch|p2a: Kilowattrel|Kilowattrel, L50, F|100/100
|move|p2b: Gholdengo|Protect|p2b: Gholdengo
|-singleturn|p2b: Gholdengo|Protect
|move|p1b: Big Back|Earthquake|p2a: Kilowattrel|[spread] 
|-miss|p1b: Big Back|p1a: Alaskan Roll
|-activate|p2b: Gholdengo|move: Protect
|-immune|p2a: Kilowattrel
|
|upkeep
|turn|4
|
|t:|1756656915
|-terastallize|p2b: Gholdengo|Water
|move|p2a: Kilowattrel|Tailwind|p2a: Kilowattrel
|-sidestart|p2: lazarett|move: Tailwind
|move|p2b: Gholdengo|Shadow Ball|p1b: Big Back
|-damage|p1b: Big Back|68/100
|-damage|p2b: Gholdengo|53/100|[from] item: Life Orb
|move|p1b: Big Back|Order Up|p2a: Kilowattrel
|-damage|p2a: Kilowattrel|16/100
|-boost|p1b: Big Back|atk|1
|
|-heal|p1b: Big Back|74/100|[from] item: Leftovers
|upkeep
|turn|5
|
|t:|1756656931
|move|p1b: Big Back|Protect|p1b: Big Back
|-singleturn|p1b: Big Back|Protect
|move|p2a: Kilowattrel|Thunderbolt|p1b: Big Back
|-activate|p1b: Big Back|move: Protect
|move|p2b: Gholdengo|Shadow Ball|p1b: Big Back
|-activate|p1b: Big Back|move: Protect
|
|-heal|p1b: Big Back|80/100|[from] item: Leftovers
|-fieldend|move: Psychic Terrain
|upkeep
|turn|6
|
|t:|1756656947
|move|p2a: Kilowattrel|Protect|p2a: Kilowattrel
|-singleturn|p2a: Kilowattrel|Protect
|move|p2b: Gholdengo|Shadow Ball|p1b: Big Back
|-damage|p1b: Big Back|48/100
|-unboost|p1b: Big Back|spd|1
|-damage|p2b: Gholdengo|44/100|[from] item: Life Orb
|move|p1b: Big Back|Order Up|p2a: Kilowattrel
|-activate|p2a: Kilowattrel|move: Protect
|
|-heal|p1b: Big Back|54/100|[from] item: Leftovers
|upkeep
|turn|7
|
|t:|1756656970
|move|p2a: Kilowattrel|Thunderbolt|p1b: Big Back
|-supereffective|p1b: Big Back
|-damage|p1b: Big Back|0 fnt
|faint|p1b: Big Back
|move|p2b: Gholdengo|Nasty Plot|p2b: Gholdengo
|-boost|p2b: Gholdengo|spa|2
|
|-sideend|p2: lazarett|move: Tailwind
|upkeep
|
|t:|1756656975
|switch|p1b: Indeedee|Indeedee, L50, M, tera:Fighting|1/100
|-fieldstart|move: Psychic Terrain|[from] ability: Psychic Surge|[of] p1b: Indeedee
|turn|8
|
|t:|1756656997
|move|p1a: Alaskan Roll|Dragon Pulse|p2a: Kilowattrel
|-damage|p2a: Kilowattrel|0 fnt
|faint|p2a: Kilowattrel
|move|p1b: Indeedee|Expanding Force|p2b: Gholdengo
|-damage|p2b: Gholdengo|0 fnt
|faint|p2b: Gholdengo
|
|upkeep
|-message|lazarett forfeited.
|
|win|Ribombees believer
|raw|Ribombees believer's rating: 1339 → 1357(+18 for winning)
|raw|lazarett's rating: 1296 → 1274(-22 for losing)
|l|☆lazarett
|player|p2|
