|j|☆Beeetch
|j|☆SongokuVG Fr
|html|BeeetchSongokuVG Fr    
|uhtml|bestof|Game 2 of a best-of-3
|t:|1756303774
|gametype|doubles
|player|p1|Beeetch|beauty-gen4dp|1319
|player|p2|SongokuVG Fr|lucian|1217
|gen|9
|tier|[Gen 9] VGC 2025 Reg H (Bo3)
|rated|
|rule|Species Clause: Limit one of each Pokémon
|rule|Item Clause: Limit 1 of each item
|clearpoke
|poke|p1|Toedscruel, L50, F|
|poke|p1|Weezing-Galar, L50, F|
|poke|p1|Corviknight, L50, M|
|poke|p1|Pawmot, L50, M|
|poke|p1|Garchomp, L50, F|
|poke|p1|Typhlosion-Hisui, L50, M|
|poke|p2|Rillaboom, L50, M|
|poke|p2|Kingambit, L50, M|
|poke|p2|Sneasler, L50, M|
|poke|p2|Magmar, L50, M|
|poke|p2|Primarina, L50, F|
|poke|p2|Dragapult, L50, F|
|teampreview|4
|showteam|p1|Toedscruel||CovertCloak|MyceliumMight|Spore,EarthPower,AcidSpray,RagePowder|||F|||50|,,,,,Water]Weezing-Galar||ChoiceSpecs|NeutralizingGas|DazzlingGleam,SludgeBomb,StrangeSteam,Flamethrower|||F|||50|,,,,,Flying]Corviknight||SitrusBerry|MirrorArmor|Protect,Tailwind,Roost,BraveBird|||M|||50|,,,,,Dragon]Pawmot||FocusSash|NaturalCure|Protect,CloseCombat,DoubleShock,FakeOut|||M|||50|,,,,,Electric]Garchomp||LifeOrb|RoughSkin|Protect,Earthquake,DragonClaw,StompingTantrum|||F|||50|,,,,,Ground]Typhlosion-Hisui||ChoiceScarf|Blaze|Eruption,SleepTalk,HeatWave,ShadowBall|||M|||50|,,,,,Fire
|showteam|p2|Rillaboom||AssaultVest|GrassySurge|FakeOut,WoodHammer,GrassyGlide,HighHorsepower|||M|||50|,,,,,Fire]Kingambit||DreadPlate|Defiant|KowtowCleave,Protect,SwordsDance,SuckerPunch|||M|||50|,,,,,Ghost]Sneasler||FocusSash|PoisonTouch|DireClaw,CloseCombat,FakeOut,Protect|||M|||50|,,,,,Ghost]Magmar||Eviolite|VitalSpirit|FollowMe,HeatWave,Protect,Taunt|||M|||50|,,,,,Ghost]Primarina||SitrusBerry|LiquidVoice|HyperVoice,Protect,Moonblast,Haze|||F|||50|,,,,,Poison]Dragapult||ChoiceBand|ClearBody|DragonDarts,Uturn,Outrage,PhantomForce|||F|||50|,,,,,Dragon
|
|t:|1756303795
|teamsize|p1|4
|teamsize|p2|4
|start
|switch|p1a: Weezing|Weezing-Galar, L50, F|100/100
|switch|p1b: Typhlosion|Typhlosion-Hisui, L50, M|100/100
|switch|p2a: Magmar|Magmar, L50, M|100/100
|switch|p2b: Sneasler|Sneasler, L50, M|100/100
|-ability|p1a: Weezing|Neutralizing Gas
|turn|1
|inactive|Battle timer is ON: inactive players will automatically lose when time's up. (requested by SongokuVG Fr)
|
|t:|1756303816
|move|p2b: Sneasler|Fake Out|p1b: Typhlosion
|-immune|p1b: Typhlosion
|move|p1b: Typhlosion|Shadow Ball|p2a: Magmar
|-damage|p2a: Magmar|70/100
|move|p2a: Magmar|Heat Wave|p1a: Weezing|[spread] p1a,p1b
|-resisted|p1b: Typhlosion
|-damage|p1a: Weezing|70/100
|-damage|p1b: Typhlosion|83/100
|move|p1a: Weezing|Dazzling Gleam|p2b: Sneasler|[spread] p2a,p2b
|-resisted|p2a: Magmar
|-damage|p2a: Magmar|56/100
|-damage|p2b: Sneasler|52/100
|
|upkeep
|turn|2
|
|t:|1756303834
|move|p2b: Sneasler|Protect|p2b: Sneasler
|-singleturn|p2b: Sneasler|Protect
|move|p1b: Typhlosion|Shadow Ball|p2b: Sneasler
|-activate|p2b: Sneasler|move: Protect
|move|p2a: Magmar|Heat Wave|p1b: Typhlosion|[spread] p1a,p1b
|-resisted|p1b: Typhlosion
|-damage|p1a: Weezing|40/100
|-damage|p1b: Typhlosion|67/100
|-status|p1a: Weezing|brn
|move|p1a: Weezing|Dazzling Gleam|p2a: Magmar|[spread] p2a
|-activate|p2b: Sneasler|move: Protect
|-resisted|p2a: Magmar
|-damage|p2a: Magmar|41/100
|
|-damage|p1a: Weezing|34/100 brn|[from] brn
|upkeep
|turn|3
|
|t:|1756303853
|move|p2a: Magmar|Follow Me|p2a: Magmar
|-singleturn|p2a: Magmar|move: Follow Me
|move|p1b: Typhlosion|Shadow Ball|p2a: Magmar
|-damage|p2a: Magmar|8/100
|move|p2b: Sneasler|Dire Claw|p1a: Weezing
|-damage|p1a: Weezing|0 fnt
|faint|p1a: Weezing
|-end|p1a: Weezing|ability: Neutralizing Gas
|
|upkeep
|
|t:|1756303860
|switch|p1a: Corviknight|Corviknight, L50, M|100/100
|turn|4
|
|t:|1756303870
|move|p2a: Magmar|Protect|p2a: Magmar
|-singleturn|p2a: Magmar|Protect
|move|p1b: Typhlosion|Shadow Ball|p2a: Magmar
|-activate|p2a: Magmar|move: Protect
|move|p2b: Sneasler|Dire Claw|p1b: Typhlosion
|-resisted|p1b: Typhlosion
|-damage|p1b: Typhlosion|35/100
|move|p1a: Corviknight|Tailwind|p1a: Corviknight
|-sidestart|p1: Beeetch|move: Tailwind
|
|upkeep
|turn|5
|
|t:|1756303887
|move|p1b: Typhlosion|Shadow Ball|p2b: Sneasler
|-damage|p2b: Sneasler|0 fnt
|faint|p2b: Sneasler
|move|p1a: Corviknight|Brave Bird|p2a: Magmar
|-damage|p2a: Magmar|0 fnt
|faint|p2a: Magmar
|-damage|p1a: Corviknight|99/100|[from] Recoil
|
|upkeep
|
|t:|1756303894
|switch|p2b: Dragapult|Dragapult, L50, F|100/100
|switch|p2a: Primarina|Primarina, L50, F|100/100
|turn|6
|
|t:|1756303907
|-terastallize|p2b: Dragapult|Dragon
|move|p1b: Typhlosion|Shadow Ball|p2b: Dragapult
|-damage|p2b: Dragapult|43/100
|move|p1a: Corviknight|Brave Bird|p2b: Dragapult
|-damage|p2b: Dragapult|0 fnt
|faint|p2b: Dragapult
|-damage|p1a: Corviknight|87/100|[from] Recoil
|move|p2a: Primarina|Hyper Voice|p1b: Typhlosion|[spread] p1a,p1b
|-supereffective|p1b: Typhlosion
|-damage|p1a: Corviknight|55/100
|-damage|p1b: Typhlosion|0 fnt
|faint|p1b: Typhlosion
|
|upkeep
|
|t:|1756303925
|switch|p1b: Garchomp|Garchomp, L50, F|100/100
|turn|7
|
|t:|1756303933
|move|p2a: Primarina|Protect|p2a: Primarina
|-singleturn|p2a: Primarina|Protect
|move|p1b: Garchomp|Earthquake|p2a: Primarina|[spread] 
|-activate|p2a: Primarina|move: Protect
|-immune|p1a: Corviknight
|move|p1a: Corviknight|Brave Bird|p2a: Primarina
|-activate|p2a: Primarina|move: Protect
|
|-sideend|p1: Beeetch|move: Tailwind
|upkeep
|turn|8
|
|t:|1756303948
|move|p1b: Garchomp|Earthquake|p2a: Primarina|[spread] p2a
|-immune|p1a: Corviknight
|-damage|p2a: Primarina|45/100
|-enditem|p2a: Primarina|Sitrus Berry|[eat]
|-heal|p2a: Primarina|70/100|[from] item: Sitrus Berry
|-damage|p1b: Garchomp|91/100|[from] item: Life Orb
|move|p1a: Corviknight|Brave Bird|p2a: Primarina
|-damage|p2a: Primarina|24/100
|-damage|p1a: Corviknight|42/100|[from] Recoil
|-enditem|p1a: Corviknight|Sitrus Berry|[eat]
|-heal|p1a: Corviknight|67/100|[from] item: Sitrus Berry
|move|p2a: Primarina|Hyper Voice|p1b: Garchomp|[spread] p1a,p1b
|-damage|p1a: Corviknight|33/100
|-damage|p1b: Garchomp|53/100
|
|upkeep
|turn|9
|
|t:|1756303967
|move|p1b: Garchomp|Earthquake|p2a: Primarina|[spread] p2a
|-immune|p1a: Corviknight
|-damage|p2a: Primarina|0 fnt
|faint|p2a: Primarina
|-damage|p1b: Garchomp|43/100|[from] item: Life Orb
|
|win|Beeetch
|raw|Beeetch's rating: 1319 → 1333(+14 for winning)
|raw|SongokuVG Fr's rating: 1217 → 1199(-18 for losing)
