|j|☆cocobennyy
|j|☆LoMa_Louis
|html|cocobennyyLoMa_Louis    
|uhtml|bestof|Game 3 of a best-of-3
|t:|1783670286
|gametype|doubles
|player|p1|cocobennyy|medium|1137
|player|p2|LoMa_Louis|wallace-masters|1027
|gen|9
|tier|[Gen 9 Champions] VGC 2026 Reg M-B (Bo3)
|rated|
|rule|Species Clause: Limit one of each Pokémon
|rule|Item Clause: Limit 1 of each item
|clearpoke
|poke|p1|Archaludon, L50, M|
|poke|p1|Swampert, L50, M|
|poke|p1|Politoed, L50, M|
|poke|p1|Gengar, L50, M|
|poke|p1|Sableye, L50, M|
|poke|p1|Farigiraf, L50, F|
|poke|p2|Camerupt, L50, F, shiny|
|poke|p2|Drampa, L50, F, shiny|
|poke|p2|Incineroar, L50, F, shiny|
|poke|p2|Farigiraf, L50, F|
|poke|p2|Torkoal, L50, M|
|poke|p2|Araquanid, L50, F, shiny|
|teampreview|4
|showteam|p1|Archaludon||Leftovers|Stamina|Protect,ElectroShot,FlashCannon,DragonPulse|Modest||M|||50|]Swampert||Swampertite|Torrent|Protect,WaveCrash,HighHorsepower,IcePunch|Adamant||M|||50|]Politoed||SitrusBerry|Drizzle|Protect,PerishSong,IcyWind,WeatherBall|Calm||M|||50|]Gengar||Gengarite|CursedBody|Protect,PerishSong,Disable,ShadowBall|Modest||M|||50|]Sableye||FocusSash|Prankster|FakeOut,Encore,RainDance,Quash|Sassy||M|||50|]Farigiraf||ExpertBelt|ArmorTail|Psychic,GrassKnot,TrickRoom,Protect|Bold||F|||50|
|showteam|p2|Camerupt||Cameruptite|SolidRock|Eruption,HeatWave,EarthPower,Protect|Quiet||F|||50|]Drampa||Drampanite|CloudNine|EnergyBall,EarthPower,Thunderbolt,Protect|Quiet||F|||50|]Incineroar||LifeOrb|Intimidate|FlareBlitz,DarkestLariat,CloseCombat,FakeOut|Brave||F|||50|]Farigiraf||SitrusBerry|ArmorTail|Psychic,Thunderbolt,HelpingHand,TrickRoom|Relaxed||F|||50|]Torkoal||Charcoal|Drought|Eruption,WeatherBall,SunnyDay,Protect|Quiet||M|||50|]Araquanid||IronBall|WaterBubble|Liquidation,LeechLife,WideGuard,Protect|Careful||F|||50|
|inactive|Battle timer is ON: inactive players will automatically lose when time's up. (requested by LoMa_Louis)
|
|t:|1783670321
|teamsize|p1|4
|teamsize|p2|4
|start
|switch|p1a: Archaludon|Archaludon, L50, M|100/100
|switch|p1b: Swampert|Swampert, L50, M|100/100
|switch|p2a: Farigiraf|Farigiraf, L50, F|100/100
|switch|p2b: Incineroar|Incineroar, L50, F, shiny|100/100
|-ability|p2b: Incineroar|Intimidate|boost
|-unboost|p1a: Archaludon|atk|1
|-unboost|p1b: Swampert|atk|1
|turn|1
|
|t:|1783670337
|switch|p1b: Politoed|Politoed, L50, M|100/100
|-weather|RainDance|[from] ability: Drizzle|[of] p1b: Politoed
|move|p2b: Incineroar|Fake Out|p1b: Politoed
|-damage|p1b: Politoed|80/100
|-damage|p2b: Incineroar|90/100|[from] item: Life Orb
|move|p1a: Archaludon|Electro Shot||[still]
|-prepare|p1a: Archaludon|Electro Shot
|-boost|p1a: Archaludon|spa|1
|-anim|p1a: Archaludon|Electro Shot|p2b: Incineroar
|-damage|p2b: Incineroar|36/100
|move|p2a: Farigiraf|Trick Room|p2a: Farigiraf
|-fieldstart|move: Trick Room|[of] p2a: Farigiraf
|
|-weather|RainDance|[upkeep]
|upkeep
|turn|2
|inactive|cocobennyy has 30 seconds left.
|
|t:|1783670369
|switch|p2a: Torkoal|Torkoal, L50, M|100/100
|-weather|SunnyDay|[from] ability: Drought|[of] p2a: Torkoal
|switch|p1b: Sableye|Sableye, L50, M|100/100
|move|p2b: Incineroar|Flare Blitz|p1a: Archaludon
|-damage|p1a: Archaludon|8/100
|-ability|p1a: Archaludon|Stamina|boost
|-boost|p1a: Archaludon|def|1
|-damage|p2b: Incineroar|6/100|[from] Recoil
|-damage|p2b: Incineroar|0 fnt|[from] item: Life Orb
|faint|p2b: Incineroar
|move|p1a: Archaludon|Dragon Pulse|p2a: Torkoal
|-damage|p2a: Torkoal|24/100
|
|-weather|SunnyDay|[upkeep]
|-heal|p1a: Archaludon|14/100|[from] item: Leftovers
|upkeep
|
|t:|1783670381
|switch|p2b: Drampa|Drampa, L50, F, shiny|100/100
|-ability|p2b: Drampa|Cloud Nine
|turn|3
|inactive|cocobennyy has 30 seconds left.
|inactive|cocobennyy has 20 seconds left.
|inactive|cocobennyy has 15 seconds left.
|inactive|cocobennyy has 10 seconds left.
|
|t:|1783670429
|switch|p2a: Farigiraf|Farigiraf, L50, F|100/100
|move|p1a: Archaludon|Protect|p1a: Archaludon
|-singleturn|p1a: Archaludon|Protect
|move|p1b: Sableye|Fake Out||[still]
|cant|p2a: Farigiraf|ability: Armor Tail|Fake Out|[of] p1b: Sableye
|move|p2b: Drampa|Earth Power|p1a: Archaludon
|-activate|p1a: Archaludon|move: Protect
|
|-weather|SunnyDay|[upkeep]
|-heal|p1a: Archaludon|20/100y|[from] item: Leftovers
|upkeep
|turn|4
|inactive|cocobennyy has 30 seconds left.
|inactive|LoMa_Louis has 30 seconds left.
|inactive|cocobennyy has 20 seconds left.
|inactive|cocobennyy has 15 seconds left.
|inactive|cocobennyy has 10 seconds left.
|inactive|cocobennyy has 5 seconds left.
|
|t:|1783670480
|switch|p1b: Politoed|Politoed, L50, M|80/100
|-weather|RainDance|[from] ability: Drizzle|[of] p1b: Politoed
|detailschange|p2b: Drampa|Drampa-Mega, L50, F, shiny
|-mega|p2b: Drampa|Drampa|Drampanite
|move|p2b: Drampa|Energy Ball|p1a: Archaludon
|-resisted|p1a: Archaludon|2
|-damage|p1a: Archaludon|10/100
|-ability|p1a: Archaludon|Stamina|boost
|-boost|p1a: Archaludon|def|1
|move|p2a: Farigiraf|Psychic|p1a: Archaludon
|-resisted|p1a: Archaludon|1
|-damage|p1a: Archaludon|0 fnt
|faint|p1a: Archaludon
|
|-weather|RainDance|[upkeep]
|upkeep
|
|t:|1783670500
|switch|p1a: Swampert|Swampert, L50, M|100/100
|turn|5
|
|t:|1783670524
|switch|p1b: Sableye|Sableye, L50, M|100/100
|move|p1a: Swampert|Protect|p1a: Swampert
|-singleturn|p1a: Swampert|Protect
|move|p2b: Drampa|Energy Ball|p1b: Sableye
|-damage|p1b: Sableye|50/100g
|move|p2a: Farigiraf|Thunderbolt|p1b: Sableye
|-damage|p1b: Sableye|23/100
|
|-weather|RainDance|[upkeep]
|-fieldend|move: Trick Room
|upkeep
|turn|6
|inactive|cocobennyy has 30 seconds left.
|inactive|cocobennyy has 20 seconds left.
|inactive|cocobennyy has 15 seconds left.
|
|t:|1783670567
|detailschange|p1a: Swampert|Swampert-Mega, L50, M
|-mega|p1a: Swampert|Swampert|Swampertite
|move|p1b: Sableye|Rain Dance||[still]
|-fail|p1b: Sableye
|move|p1a: Swampert|Wave Crash|p2b: Drampa
|-resisted|p2b: Drampa|1
|-damage|p2b: Drampa|46/100
|-damage|p1a: Swampert|82/100|[from] Recoil
|-ability|p2b: Drampa|Berserk|boost
|-boost|p2b: Drampa|spa|1
|move|p2b: Drampa|Energy Ball|p1a: Swampert
|-supereffective|p1a: Swampert|2
|-damage|p1a: Swampert|0 fnt
|faint|p1a: Swampert
|move|p2a: Farigiraf|Trick Room|p2a: Farigiraf
|-fieldstart|move: Trick Room|[of] p2a: Farigiraf
|
|-weather|RainDance|[upkeep]
|upkeep
|
|t:|1783670581
|switch|p1a: Politoed|Politoed, L50, M|80/100
|turn|7
|
|t:|1783670601
|move|p1b: Sableye|Rain Dance||[still]
|-fail|p1b: Sableye
|move|p2b: Drampa|Energy Ball|p1a: Politoed
|-supereffective|p1a: Politoed|1
|-damage|p1a: Politoed|0 fnt
|faint|p1a: Politoed
|move|p2a: Farigiraf|Thunderbolt|p1b: Sableye
|-damage|p1b: Sableye|0 fnt
|faint|p1b: Sableye
|
|win|LoMa_Louis
|raw|cocobennyy's rating: 1137 → 1104(-33 for losing)
|raw|LoMa_Louis's rating: 1027 → 1074(+47 for winning)
