|j|☆Lenk h
|j|☆porygon-epilepz
|html|Lenk hporygon-epilepz    
|uhtml|bestof|Game 1 of a best-of-3
|t:|1757774815
|gametype|doubles
|player|p1|Lenk h|266|1099
|player|p2|porygon-epilepz|ghetsis-gen5bw|1152
|gen|9
|tier|[Gen 9] VGC 2025 Reg H (Bo3)
|rated|
|rule|Species Clause: Limit one of each Pokémon
|rule|Item Clause: Limit 1 of each item
|clearpoke
|poke|p1|Farigiraf, L50, M|
|poke|p1|Ursaluna-Bloodmoon, L50, M|
|poke|p1|Incineroar, L50, M|
|poke|p1|Kingdra, L50, F|
|poke|p1|Whimsicott, L50, F|
|poke|p1|Annihilape, L50, M|
|poke|p2|Porygon2, L50|
|poke|p2|Ursaluna, L50, M|
|poke|p2|Talonflame, L50, F|
|poke|p2|Torkoal, L50, F|
|poke|p2|Porygon-Z, L50|
|poke|p2|Lilligant-Hisui, L50, F|
|teampreview|4
|showteam|p1|Farigiraf||ThroatSpray|ArmorTail|HyperVoice,Protect,Psychic,TrickRoom|||M|||50|,,,,,Fairy]Ursaluna-Bloodmoon||LifeOrb|MindsEye|Protect,BloodMoon,HyperVoice,EarthPower|||M|||50|,,,,,Normal]Incineroar||AssaultVest|Intimidate|FakeOut,Uturn,KnockOff,FlareBlitz|||M|||50|,,,,,Bug]Kingdra||ScopeLens|Sniper|Scald,DracoMeteor,FocusEnergy,Protect|||F|||50|,,,,,Steel]Whimsicott||FocusSash|Prankster|Moonblast,BeatUp,Taunt,Tailwind|||F|||50|,,,,,Ghost]Annihilape||SafetyGoggles|Defiant|RageFist,CloseCombat,FinalGambit,Protect|||M|||50|,,,,,Water
|showteam|p2|Porygon2||Eviolite|Download|TeraBlast,IceBeam,Protect,TrickRoom||||||50|,,,,,Fairy]Ursaluna||FlameOrb|Guts|Earthquake,Protect,Facade,HeadlongRush|||M|||50|,,,,,Poison]Talonflame||CovertCloak|GaleWings|Tailwind,BraveBird,WillOWisp,Protect|||F|||50|,,,,,Ground]Torkoal||FlamePlate|Drought|Eruption,EarthPower,HeatWave,Protect|||F|||50|,,,,,Grass]Porygon-Z||ChoiceScarf|Adaptability|TeraBlast,Thunderbolt,ShadowBall,HyperBeam||||||50|,,,,,Fairy]Lilligant-Hisui||FocusSash|Chlorophyll|CloseCombat,SleepPowder,LeafBlade,AfterYou|||F|||50|,,,,,Ghost
|
|t:|1757774873
|teamsize|p1|4
|teamsize|p2|4
|start
|switch|p1a: Whimsicott|Whimsicott, L50, F|100/100
|switch|p1b: Annihilape|Annihilape, L50, M|100/100
|switch|p2a: Talonflame|Talonflame, L50, F|100/100
|switch|p2b: Torkoal|Torkoal, L50, F|100/100
|-weather|SunnyDay|[from] ability: Drought|[of] p2b: Torkoal
|turn|1
|
|t:|1757774937
|switch|p1a: Incineroar|Incineroar, L50, M|100/100
|-ability|p1a: Incineroar|Intimidate|boost
|-unboost|p2a: Talonflame|atk|1
|-unboost|p2b: Torkoal|atk|1
|move|p1b: Annihilape|Protect|p1b: Annihilape
|-singleturn|p1b: Annihilape|Protect
|move|p2a: Talonflame|Brave Bird|p1a: Incineroar
|-damage|p1a: Incineroar|71/100
|-damage|p2a: Talonflame|88/100|[from] Recoil
|move|p2b: Torkoal|Heat Wave|p1b: Annihilape|[spread] p1a
|-activate|p1b: Annihilape|move: Protect
|-resisted|p1a: Incineroar
|-damage|p1a: Incineroar|57/100
|
|-weather|SunnyDay|[upkeep]
|upkeep
|turn|2
|
|t:|1757774991
|-terastallize|p1b: Annihilape|Water
|move|p2a: Talonflame|Protect|p2a: Talonflame
|-singleturn|p2a: Talonflame|Protect
|move|p2b: Torkoal|Protect|p2b: Torkoal
|-singleturn|p2b: Torkoal|Protect
|move|p1b: Annihilape|Rage Fist|p2a: Talonflame
|-activate|p2a: Talonflame|move: Protect
|move|p1a: Incineroar|Knock Off|p2b: Torkoal
|-activate|p2b: Torkoal|move: Protect
|
|-weather|SunnyDay|[upkeep]
|upkeep
|turn|3
|
|t:|1757775011
|move|p2a: Talonflame|Will-O-Wisp|p1b: Annihilape
|-status|p1b: Annihilape|brn
|move|p1b: Annihilape|Rage Fist|p2a: Talonflame
|-damage|p2a: Talonflame|71/100
|move|p1a: Incineroar|U-turn|p2b: Torkoal
|-resisted|p2b: Torkoal
|-damage|p2b: Torkoal|93/100
|
|t:|1757775021
|switch|p1a: Whimsicott|Whimsicott, L50, F|100/100|[from] U-turn
|move|p2b: Torkoal|Earth Power|p1a: Whimsicott
|-resisted|p1a: Whimsicott
|-damage|p1a: Whimsicott|78/100
|-unboost|p1a: Whimsicott|spd|1
|
|-weather|SunnyDay|[upkeep]
|-damage|p1b: Annihilape|94/100 brn|[from] brn
|upkeep
|turn|4
|
|t:|1757775051
|move|p1a: Whimsicott|Beat Up|p1b: Annihilape
|-damage|p1b: Annihilape|92/100 brn
|-damage|p1b: Annihilape|89/100 brn
|-damage|p1b: Annihilape|87/100 brn
|-hitcount|p1b: Annihilape|3
|move|p2a: Talonflame|Tailwind|p2a: Talonflame
|-sidestart|p2: porygon-epilepz|move: Tailwind
|move|p1b: Annihilape|Rage Fist|p2a: Talonflame
|-damage|p2a: Talonflame|10/100
|move|p2b: Torkoal|Heat Wave|p1b: Annihilape|[spread] p1a,p1b
|-supereffective|p1a: Whimsicott
|-resisted|p1b: Annihilape
|-damage|p1a: Whimsicott|0 fnt
|-damage|p1b: Annihilape|60/100 brn
|faint|p1a: Whimsicott
|
|-weather|SunnyDay|[upkeep]
|-damage|p1b: Annihilape|54/100 brn|[from] brn
|upkeep
|
|t:|1757775067
|switch|p1a: Farigiraf|Farigiraf, L50, M|100/100
|turn|5
|
|t:|1757775116
|switch|p2b: Lilligant|Lilligant-Hisui, L50, F|100/100
|move|p2a: Talonflame|Will-O-Wisp|p1a: Farigiraf
|-status|p1a: Farigiraf|brn
|move|p1b: Annihilape|Rage Fist|p2a: Talonflame
|-damage|p2a: Talonflame|0 fnt
|faint|p2a: Talonflame
|move|p1a: Farigiraf|Trick Room|p1a: Farigiraf
|-fieldstart|move: Trick Room|[of] p1a: Farigiraf
|
|-weather|none
|-damage|p1a: Farigiraf|94/100 brn|[from] brn
|-damage|p1b: Annihilape|48/100 brn|[from] brn
|upkeep
|
|t:|1757775119
|switch|p2a: Torkoal|Torkoal, L50, F|93/100
|-weather|SunnyDay|[from] ability: Drought|[of] p2a: Torkoal
|turn|6
|
|t:|1757775163
|switch|p1b: Incineroar|Incineroar, L50, M|57/100
|-ability|p1b: Incineroar|Intimidate|boost
|-unboost|p2a: Torkoal|atk|1
|-unboost|p2b: Lilligant|atk|1
|move|p1a: Farigiraf|Hyper Voice|p2b: Lilligant|[spread] p2a,p2b
|-damage|p2a: Torkoal|50/100
|-damage|p2b: Lilligant|53/100
|-enditem|p1a: Farigiraf|Throat Spray
|-boost|p1a: Farigiraf|spa|1|[from] item: Throat Spray
|move|p2a: Torkoal|Heat Wave|p1a: Farigiraf|[spread] p1a,p1b
|-resisted|p1b: Incineroar
|-damage|p1a: Farigiraf|44/100 brn
|-damage|p1b: Incineroar|41/100
|move|p2b: Lilligant|After You||[still]
|-fail|p2b: Lilligant
|
|-weather|SunnyDay|[upkeep]
|-damage|p1a: Farigiraf|38/100 brn|[from] brn
|upkeep
|turn|7
|
|t:|1757775194
|-terastallize|p2b: Lilligant|Ghost
|move|p2a: Torkoal|Protect|p2a: Torkoal
|-singleturn|p2a: Torkoal|Protect
|move|p1b: Incineroar|Fake Out|p2a: Torkoal
|-activate|p2a: Torkoal|move: Protect
|move|p1a: Farigiraf|Psychic|p2b: Lilligant
|-damage|p2b: Lilligant|0 fnt
|faint|p2b: Lilligant
|
|-weather|SunnyDay|[upkeep]
|-damage|p1a: Farigiraf|32/100 brn|[from] brn
|-sideend|p2: porygon-epilepz|move: Tailwind
|upkeep
|
|t:|1757775202
|switch|p2b: Ursaluna|Ursaluna, L50, M|100/100
|turn|8
|
|t:|1757775244
|switch|p1b: Annihilape|Annihilape, L50, M, tera:Water|48/100 brn
|move|p1a: Farigiraf|Protect|p1a: Farigiraf
|-singleturn|p1a: Farigiraf|Protect
|move|p2b: Ursaluna|Protect|p2b: Ursaluna
|-singleturn|p2b: Ursaluna|Protect
|move|p2a: Torkoal|Heat Wave|p1b: Annihilape|[spread] p1b
|-activate|p1a: Farigiraf|move: Protect
|-resisted|p1b: Annihilape
|-damage|p1b: Annihilape|22/100 brn
|
|-weather|SunnyDay|[upkeep]
|-damage|p1a: Farigiraf|26/100 brn|[from] brn
|-damage|p1b: Annihilape|15/100 brn|[from] brn
|-status|p2b: Ursaluna|brn|[from] item: Flame Orb
|upkeep
|turn|9
|
|t:|1757775291
|switch|p1a: Incineroar|Incineroar, L50, M|41/100
|-ability|p1a: Incineroar|Intimidate|boost
|-unboost|p2a: Torkoal|atk|1
|-unboost|p2b: Ursaluna|atk|1
|move|p1b: Annihilape|Protect|p1b: Annihilape
|-singleturn|p1b: Annihilape|Protect
|move|p2a: Torkoal|Heat Wave|p1b: Annihilape|[spread] p1a
|-activate|p1b: Annihilape|move: Protect
|-resisted|p1a: Incineroar
|-damage|p1a: Incineroar|27/100
|move|p2b: Ursaluna|Facade|p1a: Incineroar
|-damage|p1a: Incineroar|0 fnt
|faint|p1a: Incineroar
|
|-weather|SunnyDay|[upkeep]
|-damage|p2b: Ursaluna|95/100 brn|[from] brn
|-damage|p1b: Annihilape|9/100 brn|[from] brn
|-fieldend|move: Trick Room
|upkeep
|
|t:|1757775309
|switch|p1a: Farigiraf|Farigiraf, L50, M|26/100 brn
|turn|10
|
|t:|1757775354
|move|p2b: Ursaluna|Protect|p2b: Ursaluna
|-singleturn|p2b: Ursaluna|Protect
|move|p2a: Torkoal|Protect|p2a: Torkoal
|-singleturn|p2a: Torkoal|Protect
|move|p1b: Annihilape|Close Combat|p2b: Ursaluna
|-activate|p2b: Ursaluna|move: Protect
|move|p1a: Farigiraf|Psychic|p2b: Ursaluna
|-activate|p2b: Ursaluna|move: Protect
|
|-weather|none
|-damage|p1b: Annihilape|3/100 brn|[from] brn
|-damage|p2b: Ursaluna|89/100 brn|[from] brn
|-damage|p1a: Farigiraf|20/100 brn|[from] brn
|upkeep
|turn|11
|
|t:|1757775368
|move|p1b: Annihilape|Close Combat|p2b: Ursaluna
|-supereffective|p2b: Ursaluna
|-damage|p2b: Ursaluna|50/100 brn
|-unboost|p1b: Annihilape|def|1
|-unboost|p1b: Annihilape|spd|1
|move|p2b: Ursaluna|Facade|p1a: Farigiraf
|-damage|p1a: Farigiraf|0 fnt
|faint|p1a: Farigiraf
|move|p2a: Torkoal|Heat Wave|p1b: Annihilape
|-resisted|p1b: Annihilape
|-damage|p1b: Annihilape|0 fnt
|faint|p1b: Annihilape
|
|win|porygon-epilepz
