|j|☆WASHINGTONGARGACHA
|j|☆Grugeater45
|html|WASHINGTONGARGACHAGrugeater45    
|uhtml|bestof|Game 2 of a best-of-3
|t:|1757858489
|gametype|doubles
|player|p1|WASHINGTONGARGACHA|169|1172
|player|p2|Grugeater45|gentleman|1250
|gen|9
|tier|[Gen 9] VGC 2025 Reg H (Bo3)
|rated|
|rule|Species Clause: Limit one of each Pokémon
|rule|Item Clause: Limit 1 of each item
|clearpoke
|poke|p1|Typhlosion-Hisui, L50, F|
|poke|p1|Whimsicott, L50, M|
|poke|p1|Dragapult, L50, M|
|poke|p1|Torkoal, L50, F|
|poke|p1|Lilligant-Hisui, L50, F|
|poke|p1|Electabuzz, L50, M|
|poke|p2|Ursaluna-Bloodmoon, L50, M|
|poke|p2|Whimsicott, L50, M|
|poke|p2|Arcanine-Hisui, L50, F|
|poke|p2|Annihilape, L50, F|
|poke|p2|Maushold, L50|
|poke|p2|Ninetales-Alola, L50, F|
|teampreview|4
|showteam|p1|Typhlosion-Hisui||ChoiceSpecs|Blaze|HeatWave,Eruption,ShadowBall,FocusPunch|||F|||50|,,,,,Fire]Whimsicott||CovertCloak|Prankster|Tailwind,Moonblast,SunnyDay,Encore|||M|||50|,,,,,Water]Dragapult||ChoiceBand|ClearBody|Uturn,DragonTail,DragonDarts,PhantomForce|||M|||50|,,,,,Dragon]Torkoal||LifeOrb|Drought|HeatWave,Eruption,Protect,WeatherBall|||F|||50|,,,,,Fire]Lilligant-Hisui||FocusSash|Chlorophyll|CloseCombat,SleepPowder,AfterYou,LeafBlade|||F|||50|,,,,,Ghost]Electabuzz||Eviolite|VitalSpirit|FollowMe,Taunt,Electroweb,Protect|||M|||50|,,,,,Grass
|showteam|p2|Ursaluna-Bloodmoon||LifeOrb|MindsEye|BloodMoon,HyperVoice,EarthPower,Protect|||M|||50|,,,,,Normal]Whimsicott||CovertCloak|Prankster|Moonblast,Tailwind,Encore,MistyTerrain|||M|||50|,,,,,Dark]Arcanine-Hisui||ChoiceBand|Intimidate|ExtremeSpeed,RockSlide,FlareBlitz,CloseCombat|||F|||50|,,,,,Normal]Annihilape||Leftovers|Defiant|RageFist,DrainPunch,BulkUp,Protect|||F|||50|,,,,,Water]Maushold||SafetyGoggles|FriendGuard|FollowMe,BeatUp,Taunt,Protect||||||50|,,,,,Ghost]Ninetales-Alola||FocusSash|SnowWarning|Blizzard,FreezeDry,Disable,Protect|||F|||50|,,,,,Ice
|inactive|Battle timer is ON: inactive players will automatically lose when time's up. (requested by Grugeater45)
|j| Skyvald
|inactive|Grugeater45 has 60 seconds left.
|
|t:|1757858551
|teamsize|p1|4
|teamsize|p2|4
|start
|switch|p1a: Whimsicott|Whimsicott, L50, M|100/100
|switch|p1b: Typhlosion|Typhlosion-Hisui, L50, F|100/100
|switch|p2a: Whimsicott|Whimsicott, L50, M|100/100
|switch|p2b: Annihilape|Annihilape, L50, F|100/100
|turn|1
|l| Skyvald
|inactive|Grugeater45 has 30 seconds left.
|
|t:|1757858577
|-terastallize|p1b: Typhlosion|Fire
|-terastallize|p2b: Annihilape|Water
|move|p2a: Whimsicott|Tailwind|p2a: Whimsicott
|-sidestart|p2: Grugeater45|move: Tailwind
|move|p1a: Whimsicott|Tailwind|p1a: Whimsicott
|-sidestart|p1: WASHINGTONGARGACHA|move: Tailwind
|move|p1b: Typhlosion|Eruption|p2b: Annihilape|[spread] p2a,p2b
|-supereffective|p2a: Whimsicott
|-resisted|p2b: Annihilape
|-damage|p2a: Whimsicott|0 fnt
|-damage|p2b: Annihilape|49/100
|faint|p2a: Whimsicott
|move|p2b: Annihilape|Rage Fist|p1b: Typhlosion
|-damage|p1b: Typhlosion|18/100
|
|-heal|p2b: Annihilape|55/100|[from] item: Leftovers
|upkeep
|
|t:|1757858593
|switch|p2a: Ninetales|Ninetales-Alola, L50, F|100/100
|-weather|Snowscape|[from] ability: Snow Warning|[of] p2a: Ninetales
|turn|2
|inactive|Grugeater45 has 30 seconds left.
|
|t:|1757858623
|switch|p1b: Electabuzz|Electabuzz, L50, M|100/100
|move|p1a: Whimsicott|Sunny Day|p1a: Whimsicott
|-weather|SunnyDay
|move|p2a: Ninetales|Blizzard|p1b: Electabuzz|[spread] p1a,p1b
|-supereffective|p1a: Whimsicott
|-damage|p1a: Whimsicott|14/100
|-damage|p1b: Electabuzz|74/100
|move|p2b: Annihilape|Drain Punch|p1b: Electabuzz
|-damage|p1b: Electabuzz|38/100
|-heal|p2b: Annihilape|71/100|[from] drain|[of] p1b: Electabuzz
|
|-weather|SunnyDay|[upkeep]
|-heal|p2b: Annihilape|78/100|[from] item: Leftovers
|upkeep
|turn|3
|inactive|Grugeater45 has 30 seconds left.
|
|t:|1757858653
|switch|p2a: Ursaluna|Ursaluna-Bloodmoon, L50, M|100/100
|move|p1a: Whimsicott|Encore|p2b: Annihilape
|-start|p2b: Annihilape|Encore
|move|p1b: Electabuzz|Electroweb|p2b: Annihilape|[spread] p2b
|-immune|p2a: Ursaluna
|-supereffective|p2b: Annihilape
|-damage|p2b: Annihilape|49/100
|-unboost|p2b: Annihilape|spe|1
|-ability|p2b: Annihilape|Defiant|boost
|-boost|p2b: Annihilape|atk|2
|move|p2b: Annihilape|Drain Punch|p1b: Electabuzz
|-damage|p1b: Electabuzz|0 fnt
|-heal|p2b: Annihilape|67/100|[from] drain|[of] p1b: Electabuzz
|faint|p1b: Electabuzz
|
|-weather|SunnyDay|[upkeep]
|-heal|p2b: Annihilape|73/100|[from] item: Leftovers
|upkeep
|
|t:|1757858674
|switch|p1b: Dragapult|Dragapult, L50, M|100/100
|turn|4
|
|t:|1757858694
|move|p1b: Dragapult|Dragon Darts|p2a: Ursaluna
|-damage|p2a: Ursaluna|72/100
|-anim|p1b: Dragapult|Dragon Darts|p2b: Annihilape
|-damage|p2b: Annihilape|35/100
|move|p1a: Whimsicott|Moonblast|p2a: Ursaluna
|-damage|p2a: Ursaluna|37/100
|move|p2a: Ursaluna|Blood Moon|p1b: Dragapult
|-damage|p1b: Dragapult|0 fnt
|faint|p1b: Dragapult
|-damage|p2a: Ursaluna|27/100|[from] item: Life Orb
|move|p2b: Annihilape|Drain Punch|p1a: Whimsicott
|-resisted|p1a: Whimsicott
|-damage|p1a: Whimsicott|0 fnt
|-heal|p2b: Annihilape|41/100|[from] drain|[of] p1a: Whimsicott
|faint|p1a: Whimsicott
|
|-weather|SunnyDay|[upkeep]
|-heal|p2b: Annihilape|47/100|[from] item: Leftovers
|-sideend|p2: Grugeater45|move: Tailwind
|-sideend|p1: WASHINGTONGARGACHA|move: Tailwind
|upkeep
|
|t:|1757858714
|switch|p1b: Typhlosion|Typhlosion-Hisui, L50, F, tera:Fire|18/100
|turn|5
|
|t:|1757858718
|move|p2a: Ursaluna|Protect|p2a: Ursaluna
|-singleturn|p2a: Ursaluna|Protect
|move|p1b: Typhlosion|Heat Wave|p2b: Annihilape|[spread] p2b
|-activate|p2a: Ursaluna|move: Protect
|-resisted|p2b: Annihilape
|-damage|p2b: Annihilape|0 fnt
|faint|p2b: Annihilape
|
|-weather|SunnyDay|[upkeep]
|upkeep
|
|t:|1757858720
|switch|p2b: Ninetales|Ninetales-Alola, L50, F|100/100
|-weather|Snowscape|[from] ability: Snow Warning|[of] p2b: Ninetales
|turn|6
|
|t:|1757858733
|move|p2b: Ninetales|Disable|p1b: Typhlosion
|-start|p1b: Typhlosion|Disable|Heat Wave
|cant|p1b: Typhlosion|Disable|Heat Wave
|move|p2a: Ursaluna|Blood Moon|p1b: Typhlosion
|-damage|p1b: Typhlosion|0 fnt
|faint|p1b: Typhlosion
|-damage|p2a: Ursaluna|18/100|[from] item: Life Orb
|
|win|Grugeater45
