|j|☆r00mservice7
|j|☆macrameee
|html|r00mservice7macrameee    
|uhtml|bestof|Game 3 of a best-of-3
|t:|1785067593
|gametype|doubles
|player|p1|r00mservice7|102|1338
|player|p2|macrameee|roark|1276
|gen|9
|tier|[Gen 9 Champions] VGC 2026 Reg M-B (Bo3)
|rated|
|rule|Species Clause: Limit one of each Pokémon
|rule|Item Clause: Limit 1 of each item
|clearpoke
|poke|p1|Staraptor, L50, M|
|poke|p1|Tyranitar, L50, M|
|poke|p1|Excadrill, L50, F|
|poke|p1|Gholdengo, L50|
|poke|p1|Milotic, L50, M|
|poke|p1|Tsareena, L50, F|
|poke|p2|Floette-Eternal, L50, F|
|poke|p2|Incineroar, L50, F, shiny|
|poke|p2|Sinistcha, L50|
|poke|p2|Kingambit, L50, F|
|poke|p2|Raichu, L50, F|
|poke|p2|Basculegion, L50, M|
|teampreview|4
|showteam|p1|Staraptor||Staraptite|Intimidate|BraveBird,CloseCombat,Tailwind,Protect|Jolly||M|||50|]Tyranitar||Tyranitarite|SandStream|RockSlide,KnockOff,DragonDance,Protect|Jolly||M|||50|]Excadrill||FocusSash|SandRush|HighHorsepower,IronHead,RockSlide,Protect|Adamant||F|||50|]Gholdengo||LifeOrb|GoodasGold|MakeItRain,ShadowBall,NastyPlot,Protect|Modest|||||50|]Milotic||SitrusBerry|Competitive|Scald,IcyWind,IceBeam,Protect|Calm||M|||50|]Tsareena||ExpertBelt|QueenlyMajesty|TropKick,LowKick,Taunt,Protect|Adamant||F|||50|
|showteam|p2|Floette-Eternal||Floettite|FlowerVeil|Protect,CalmMind,DazzlingGleam,DrainingKiss|Modest||F|||50|]Incineroar||SitrusBerry|Intimidate|FakeOut,FlareBlitz,PartingShot,DarkestLariat|Impish||F|||50|]Sinistcha||KasibBerry|Hospitality|MatchaGotcha,TrickRoom,RagePowder,Protect|Bold|||||50|]Kingambit||BlackGlasses|Defiant|Protect,SwordsDance,KowtowCleave,SuckerPunch|Adamant||F|||50|]Raichu||RaichuniteY|Static|Protect,FakeOut,ZapCannon,FocusBlast|Timid||F|||50|]Basculegion||ChoiceScarf|Adaptability|WaveCrash,AquaJet,FlipTurn,LastRespects|Jolly||M|||50|
|inactive|Battle timer is ON: inactive players will automatically lose when time's up. (requested by r00mservice7)
|
|t:|1785067617
|teamsize|p1|4
|teamsize|p2|4
|start
|switch|p1a: Milotic|Milotic, L50, M|100/100
|switch|p1b: Staraptor|Staraptor, L50, M|100/100
|switch|p2a: Floette|Floette-Eternal, L50, F|100/100
|switch|p2b: Incineroar|Incineroar, L50, F, shiny|100/100
|-ability|p1b: Staraptor|Intimidate|boost
|-unboost|p2a: Floette|atk|1
|-unboost|p2b: Incineroar|atk|1
|-ability|p2b: Incineroar|Intimidate|boost
|-unboost|p1a: Milotic|atk|1
|-ability|p1a: Milotic|Competitive|boost
|-boost|p1a: Milotic|spa|2
|-unboost|p1b: Staraptor|atk|1
|turn|1
|inactive|r00mservice7 has 30 seconds left.
|
|t:|1785067644
|switch|p1b: Excadrill|Excadrill, L50, F|100/100
|detailschange|p2a: Floette|Floette-Mega, L50, F
|-mega|p2a: Floette|Floette|Floettite
|-ability|p2a: Floette|Fairy Aura
|move|p2b: Incineroar|Fake Out|p1a: Milotic
|-damage|p1a: Milotic|93/100
|move|p2a: Floette|Calm Mind|p2a: Floette
|-boost|p2a: Floette|spa|1
|-boost|p2a: Floette|spd|1
|cant|p1a: Milotic|flinch
|
|upkeep
|turn|2
|inactive|r00mservice7 has 30 seconds left.
|
|t:|1785067671
|switch|p2b: Sinistcha|Sinistcha, L50|100/100
|move|p2a: Floette|Protect|p2a: Floette
|-singleturn|p2a: Floette|Protect
|move|p1b: Excadrill|High Horsepower|p2b: Sinistcha
|-resisted|p2b: Sinistcha|1
|-damage|p2b: Sinistcha|75/100
|move|p1a: Milotic|Scald|p2b: Sinistcha
|-resisted|p2b: Sinistcha|1
|-damage|p2b: Sinistcha|46/100
|
|upkeep
|turn|3
|
|t:|1785067688
|move|p1b: Excadrill|Protect|p1b: Excadrill
|-singleturn|p1b: Excadrill|Protect
|move|p2b: Sinistcha|Rage Powder|p2b: Sinistcha
|-singleturn|p2b: Sinistcha|move: Rage Powder
|move|p2a: Floette|Dazzling Gleam|p1b: Excadrill|[spread] p1a
|-activate|p1b: Excadrill|move: Protect
|-damage|p1a: Milotic|45/100
|-enditem|p1a: Milotic|Sitrus Berry|[eat]
|-heal|p1a: Milotic|70/100|[from] item: Sitrus Berry
|move|p1a: Milotic|Ice Beam|p2b: Sinistcha
|-supereffective|p2b: Sinistcha|1
|-damage|p2b: Sinistcha|0 fnt
|faint|p2b: Sinistcha
|
|upkeep
|
|t:|1785067700
|switch|p2b: Incineroar|Incineroar, L50, F, shiny|100/100
|-ability|p2b: Incineroar|Intimidate|boost
|-unboost|p1a: Milotic|atk|1
|-ability|p1a: Milotic|Competitive|boost
|-boost|p1a: Milotic|spa|2
|-unboost|p1b: Excadrill|atk|1
|turn|4
|
|t:|1785067723
|switch|p1b: Tyranitar|Tyranitar, L50, M|100/100
|-weather|Sandstorm|[from] ability: Sand Stream|[of] p1b: Tyranitar
|move|p1a: Milotic|Protect|p1a: Milotic
|-singleturn|p1a: Milotic|Protect
|move|p2b: Incineroar|Fake Out|p1b: Tyranitar
|-resisted|p1b: Tyranitar|1
|-damage|p1b: Tyranitar|95/100
|move|p2a: Floette|Dazzling Gleam|p1b: Tyranitar|[spread] p1b
|-activate|p1a: Milotic|move: Protect
|-supereffective|p1b: Tyranitar|1
|-damage|p1b: Tyranitar|17/100
|
|-weather|Sandstorm|[upkeep]
|-damage|p2a: Floette|93/100|[from] Sandstorm
|-damage|p1a: Milotic|64/100|[from] Sandstorm
|-damage|p2b: Incineroar|93/100|[from] Sandstorm
|upkeep
|turn|5
|inactive|macrameee has 30 seconds left.
|
|t:|1785067751
|switch|p2b: Basculegion|Basculegion, L50, M|100/100
|move|p2a: Floette|Dazzling Gleam|p1b: Tyranitar|[spread] p1a,p1b
|-supereffective|p1b: Tyranitar|1
|-damage|p1a: Milotic|22/100
|-damage|p1b: Tyranitar|0 fnt
|faint|p1b: Tyranitar
|move|p1a: Milotic|Scald|p2b: Basculegion
|-resisted|p2b: Basculegion|1
|-damage|p2b: Basculegion|47/100
|
|-weather|Sandstorm|[upkeep]
|-damage|p2b: Basculegion|41/100|[from] Sandstorm
|-damage|p2a: Floette|87/100|[from] Sandstorm
|-damage|p1a: Milotic|16/100|[from] Sandstorm
|upkeep
|
|t:|1785067762
|switch|p1b: Excadrill|Excadrill, L50, F|100/100
|turn|6
|
|t:|1785067779
|move|p2a: Floette|Protect|p2a: Floette
|-singleturn|p2a: Floette|Protect
|move|p2b: Basculegion|Aqua Jet|p1b: Excadrill
|-supereffective|p1b: Excadrill|1
|-damage|p1b: Excadrill|29/100
|move|p1b: Excadrill|Iron Head|p2a: Floette
|-activate|p2a: Floette|move: Protect
|move|p1a: Milotic|Scald|p2b: Basculegion
|-resisted|p2b: Basculegion|1
|-damage|p2b: Basculegion|0 fnt
|faint|p2b: Basculegion
|
|-weather|Sandstorm|[upkeep]
|-damage|p2a: Floette|81/100|[from] Sandstorm
|-damage|p1a: Milotic|10/100|[from] Sandstorm
|upkeep
|
|t:|1785067791
|switch|p2b: Incineroar|Incineroar, L50, F, shiny|93/100
|-ability|p2b: Incineroar|Intimidate|boost
|-unboost|p1a: Milotic|atk|1
|-ability|p1a: Milotic|Competitive|boost
|-boost|p1a: Milotic|spa|2
|-unboost|p1b: Excadrill|atk|1
|turn|7
|
|t:|1785067801
|move|p1b: Excadrill|Protect|p1b: Excadrill
|-singleturn|p1b: Excadrill|Protect
|move|p2b: Incineroar|Fake Out|p1b: Excadrill
|-activate|p1b: Excadrill|move: Protect
|move|p2a: Floette|Draining Kiss|p1a: Milotic
|-damage|p1a: Milotic|0 fnt
|-heal|p2a: Floette|89/100|[from] drain|[of] p1a: Milotic
|faint|p1a: Milotic
|
|-weather|Sandstorm|[upkeep]
|-damage|p2a: Floette|83/100|[from] Sandstorm
|-damage|p2b: Incineroar|87/100|[from] Sandstorm
|upkeep
|
|t:|1785067812
|switch|p1a: Staraptor|Staraptor, L50, M|100/100
|-ability|p1a: Staraptor|Intimidate|boost
|-unboost|p2a: Floette|atk|1
|-unboost|p2b: Incineroar|atk|1
|turn|8
|
|t:|1785067828
|detailschange|p1a: Staraptor|Staraptor-Mega, L50, M
|-mega|p1a: Staraptor|Staraptor|Staraptite
|move|p1b: Excadrill|High Horsepower|p2b: Incineroar
|-supereffective|p2b: Incineroar|1
|-damage|p2b: Incineroar|18/100
|-enditem|p2b: Incineroar|Sitrus Berry|[eat]
|-heal|p2b: Incineroar|43/100|[from] item: Sitrus Berry
|move|p1a: Staraptor|Tailwind|p1a: Staraptor
|-sidestart|p1: r00mservice7|move: Tailwind
|move|p2a: Floette|Dazzling Gleam|p1a: Staraptor|[spread] p1a,p1b
|-supereffective|p1a: Staraptor|1
|-resisted|p1b: Excadrill|1
|-damage|p1a: Staraptor|0 fnt
|-damage|p1b: Excadrill|0 fnt
|faint|p1a: Staraptor
|faint|p1b: Excadrill
|
|win|macrameee
|raw|r00mservice7's rating: 1338 → 1314(-24 for losing)
|raw|macrameee's rating: 1276 → 1305(+29 for winning)
|c|☆macrameee|ggs
|c|☆r00mservice7|ggs
|l|☆macrameee
|player|p2|
