|j|☆axcoquette
|j|☆lettitripppp
|html|axcoquettelettitripppp    
|uhtml|bestof|Game 1 of a best-of-3
|t:|1783889630
|gametype|doubles
|player|p1|axcoquette|maid|1170
|player|p2|lettitripppp|lucas|1261
|gen|9
|tier|[Gen 9 Champions] VGC 2026 Reg M-B (Bo3)
|rated|
|rule|Species Clause: Limit one of each Pokémon
|rule|Item Clause: Limit 1 of each item
|clearpoke
|poke|p1|Delphox, L50, F|
|poke|p1|Sneasler, L50, M|
|poke|p1|Sinistcha, L50|
|poke|p1|Incineroar, L50, F|
|poke|p1|Kingambit, L50, F|
|poke|p1|Floette-Eternal, L50, F|
|poke|p2|Charizard, L50, M|
|poke|p2|Floette-Eternal, L50, F|
|poke|p2|Basculegion, L50, M|
|poke|p2|Whimsicott, L50, M, shiny|
|poke|p2|Garchomp, L50, F, shiny|
|poke|p2|Kingambit, L50, F, shiny|
|teampreview|4
|showteam|p1|Delphox||Delphoxite|Blaze|Protect,NastyPlot,HeatWave,Psychic|Timid||F|||50|]Sneasler||FocusSash|PoisonTouch|FakeOut,PoisonJab,CloseCombat,Protect|Jolly||M|||50|]Sinistcha||KasibBerry|Hospitality|Protect,RagePowder,MatchaGotcha,LifeDew|Bold|||||50|]Incineroar||SitrusBerry|Intimidate|FakeOut,FlareBlitz,HelpingHand,PartingShot|Careful||F|||50|]Kingambit||BlackGlasses|Defiant|KowtowCleave,SwordsDance,SuckerPunch,Protect|Adamant||F|||50|]Floette-Eternal||Floettite|FlowerVeil|Moonblast,DazzlingGleam,CalmMind,Protect|Modest||F|||50|
|showteam|p2|Charizard||CharizarditeY|Blaze|WeatherBall,SolarBeam,HeatWave,Protect|Modest||M|||50|]Floette-Eternal||Floettite|FlowerVeil|DazzlingGleam,LightofRuin,Moonblast,Protect|Modest||F|||50|]Basculegion||MysticWater|Adaptability|LastRespects,WaveCrash,AquaJet,Protect|Adamant||M|||50|]Whimsicott||FocusSash|Prankster|Moonblast,Tailwind,Encore,Protect|Timid||M|||50|]Garchomp||LifeOrb|RoughSkin|DragonClaw,Earthquake,RockSlide,Protect|Jolly||F|||50|]Kingambit||ChopleBerry|Defiant|KowtowCleave,SuckerPunch,IronHead,LowKick|Adamant||F|||50|
|inactive|Battle timer is ON: inactive players will automatically lose when time's up. (requested by lettitripppp)
|inactive|axcoquette also wants the timer to be on.
|inactive|axcoquette has 60 seconds left.
|
|t:|1783889664
|teamsize|p1|4
|teamsize|p2|4
|start
|switch|p1a: Delphox|Delphox, L50, F|100/100
|switch|p1b: Sneasler|Sneasler, L50, M|100/100
|switch|p2a: GENERAL BLADUS|Kingambit, L50, F, shiny|100/100
|switch|p2b: LETS GO GO|Whimsicott, L50, M, shiny|100/100
|turn|1
|
|t:|1783889680
|switch|p2a: CRUSH SHARK|Garchomp, L50, F, shiny|100/100
|detailschange|p1a: Delphox|Delphox-Mega, L50, F
|-mega|p1a: Delphox|Delphox|Delphoxite
|move|p2b: LETS GO GO|Protect|p2b: LETS GO GO
|-singleturn|p2b: LETS GO GO|Protect
|move|p1a: Delphox|Nasty Plot|p1a: Delphox
|-boost|p1a: Delphox|spa|2
|move|p1b: Sneasler|Close Combat|p2a: CRUSH SHARK
|-damage|p2a: CRUSH SHARK|39/100
|-unboost|p1b: Sneasler|def|1
|-unboost|p1b: Sneasler|spd|1
|-damage|p1b: Sneasler|87/100|[from] ability: Rough Skin|[of] p2a: CRUSH SHARK
|
|upkeep
|turn|2
|
|t:|1783889695
|switch|p1b: Incineroar|Incineroar, L50, F|100/100
|-ability|p1b: Incineroar|Intimidate|boost
|-unboost|p2a: CRUSH SHARK|atk|1
|-unboost|p2b: LETS GO GO|atk|1
|move|p1a: Delphox|Protect|p1a: Delphox
|-singleturn|p1a: Delphox|Protect
|move|p2b: LETS GO GO|Tailwind|p2b: LETS GO GO
|-sidestart|p2: lettitripppp|move: Tailwind
|move|p2a: CRUSH SHARK|Dragon Claw|p1b: Incineroar
|-damage|p1b: Incineroar|69/100
|-damage|p2a: CRUSH SHARK|29/100|[from] item: Life Orb
|
|upkeep
|turn|3
|
|t:|1783889711
|move|p1b: Incineroar|Fake Out|p2b: LETS GO GO
|-damage|p2b: LETS GO GO|86/100
|cant|p2b: LETS GO GO|flinch
|move|p2a: CRUSH SHARK|Rock Slide|p1a: Delphox|[spread] p1a,p1b
|-supereffective|p1a: Delphox|1
|-supereffective|p1b: Incineroar|1
|-damage|p1a: Delphox|53/100
|-damage|p1b: Incineroar|40/100
|-enditem|p1b: Incineroar|Sitrus Berry|[eat]
|-heal|p1b: Incineroar|65/100|[from] item: Sitrus Berry
|-damage|p2a: CRUSH SHARK|20/100r|[from] item: Life Orb
|move|p1a: Delphox|Heat Wave|p2b: LETS GO GO|[spread] p2b
|-miss|p1a: Delphox|p2a: CRUSH SHARK
|-supereffective|p2b: LETS GO GO|1
|-damage|p2b: LETS GO GO|0 fnt
|faint|p2b: LETS GO GO
|
|upkeep
|
|t:|1783889724
|switch|p2b: GHOSTWAVE|Basculegion, L50, M|100/100
|turn|4
|
|t:|1783889742
|move|p1a: Delphox|Protect|p1a: Delphox
|-singleturn|p1a: Delphox|Protect
|move|p2a: CRUSH SHARK|Rock Slide|p1a: Delphox|[spread] p1b
|-activate|p1a: Delphox|move: Protect
|-supereffective|p1b: Incineroar|1
|-damage|p1b: Incineroar|34/100
|-damage|p2a: CRUSH SHARK|10/100|[from] item: Life Orb
|move|p2b: GHOSTWAVE|Wave Crash|p1b: Incineroar
|-supereffective|p1b: Incineroar|1
|-damage|p1b: Incineroar|0 fnt
|faint|p1b: Incineroar
|-damage|p2b: GHOSTWAVE|88/100|[from] Recoil
|
|upkeep
|
|t:|1783889755
|switch|p1b: Kingambit|Kingambit, L50, F|100/100
|turn|5
|
|t:|1783889766
|switch|p1a: Sneasler|Sneasler, L50, M|87/100
|move|p1b: Kingambit|Sucker Punch|p2a: CRUSH SHARK
|-damage|p2a: CRUSH SHARK|0 fnt
|-damage|p1b: Kingambit|87/100|[from] ability: Rough Skin|[of] p2a: CRUSH SHARK
|faint|p2a: CRUSH SHARK
|move|p2b: GHOSTWAVE|Wave Crash|p1a: Sneasler
|-damage|p1a: Sneasler|0 fnt
|faint|p1a: Sneasler
|-damage|p2b: GHOSTWAVE|65/100|[from] Recoil
|
|-sideend|p2: lettitripppp|move: Tailwind
|upkeep
|
|t:|1783889778
|switch|p1a: Delphox|Delphox-Mega, L50, F|53/100
|switch|p2a: GENERAL BLADUS|Kingambit, L50, F, shiny|100/100
|turn|6
|
|t:|1783889792
|move|p1a: Delphox|Protect|p1a: Delphox
|-singleturn|p1a: Delphox|Protect
|move|p2b: GHOSTWAVE|Aqua Jet|p1a: Delphox
|-activate|p1a: Delphox|move: Protect
|move|p1b: Kingambit|Sucker Punch||[still]
|-fail|p1b: Kingambit
|move|p2a: GENERAL BLADUS|Low Kick|p1b: Kingambit
|-supereffective|p1b: Kingambit|2
|-damage|p1b: Kingambit|0 fnt
|faint|p1b: Kingambit
|
|upkeep
|turn|7
|-message|axcoquette forfeited.
|
|win|lettitripppp
|l|☆axcoquette
|player|p1|
||axcoquette is ready for game 2.
