|j|☆Angelowos
|j|☆zeedra
|html|Angelowoszeedra    
|uhtml|bestof|Game 1 of a best-of-3
|t:|1782703032
|gametype|doubles
|player|p1|Angelowos|102|
|player|p2|zeedra|chili|
|gen|9
|tier|[Gen 9 Champions] VGC 2026 Reg M-B (Bo3)
|rule|Species Clause: Limit one of each Pokémon
|rule|Item Clause: Limit 1 of each item
|clearpoke
|poke|p1|Swampert, L50, M|
|poke|p1|Floette-Eternal, L50, F|
|poke|p1|Grimmsnarl, L50, M|
|poke|p1|Pelipper, L50, M|
|poke|p1|Archaludon, L50, M|
|poke|p1|Sinistcha, L50|
|poke|p2|Whimsicott, L50, F|
|poke|p2|Floette-Eternal, L50, F|
|poke|p2|Rotom-Wash, L50|
|poke|p2|Basculegion, L50, M|
|poke|p2|Sneasler, L50, F|
|poke|p2|Weavile, L50, F|
|teampreview|4
|showteam|p1|Swampert||Swampertite|Damp|WaveCrash,Earthquake,IcePunch,Protect|Adamant||M|||50|]Floette-Eternal||Floettite|FlowerVeil|Moonblast,DazzlingGleam,CalmMind,Protect|Modest||F|||50|]Grimmsnarl||RoseliBerry|Prankster|FoulPlay,PartingShot,Reflect,LightScreen|Careful||M|||50|]Pelipper||SitrusBerry|Drizzle|Hurricane,WeatherBall,Tailwind,WideGuard|Modest||M|||50|]Archaludon||Leftovers|Stamina|ElectroShot,DragonPulse,FlashCannon,Protect|Modest||M|||50|]Sinistcha||CobaBerry|Hospitality|MatchaGotcha,RagePowder,LifeDew,Protect|Relaxed|||||50|
|showteam|p2|Whimsicott||MentalHerb|Prankster|Tailwind,DazzlingGleam,Encore,Taunt|Bold||F|||50|]Floette-Eternal||Floettite|FlowerVeil|DazzlingGleam,Psychic,Protect,CalmMind|Timid||F|||50|]Rotom-Wash||Leftovers|Levitate|HydroPump,Thunderbolt,VoltSwitch,WillOWisp|Timid|||||50|]Basculegion||ChoiceScarf|Adaptability|AquaJet,LastRespects,WaveCrash,FlipTurn|Jolly||M|||50|]Sneasler||WhiteHerb|PoisonTouch|CloseCombat,DireClaw,ShadowClaw,FakeOut|Jolly||F|||50|]Weavile||FocusSash|Pickpocket|FakeOut,LowKick,KnockOff,TripleAxel|Jolly||F|||50|
|c|☆Angelowos|Suerte 🍀🤞
|c|☆zeedra|Gracias bro igualmentee
|
|t:|1782703253
|teamsize|p1|4
|teamsize|p2|4
|start
|switch|p1a: Swampert|Swampert, L50, M|100/100
|switch|p1b: Grimmsnarl|Grimmsnarl, L50, M|100/100
|switch|p2a: Floette|Floette-Eternal, L50, F|100/100
|switch|p2b: Sneasler|Sneasler, L50, F|100/100
|turn|1
|
|t:|1782703308
|switch|p1b: Pelipper|Pelipper, L50, M|100/100
|-weather|RainDance|[from] ability: Drizzle|[of] p1b: Pelipper
|detailschange|p2a: Floette|Floette-Mega, L50, F
|-mega|p2a: Floette|Floette|Floettite
|-ability|p2a: Floette|Fairy Aura
|detailschange|p1a: Swampert|Swampert-Mega, L50, M
|-mega|p1a: Swampert|Swampert|Swampertite
|move|p1a: Swampert|Earthquake|p2b: Sneasler|[spread] p2a,p2b
|-immune|p1b: Pelipper
|-supereffective|p2b: Sneasler|1
|-damage|p2a: Floette|40/100
|-damage|p2b: Sneasler|0 fnt
|faint|p2b: Sneasler
|move|p2a: Floette|Calm Mind|p2a: Floette
|-boost|p2a: Floette|spa|1
|-boost|p2a: Floette|spd|1
|
|-weather|RainDance|[upkeep]
|upkeep
|
|t:|1782703330
|switch|p2b: Whimsicott|Whimsicott, L50, F|100/100
|turn|2
|
|t:|1782703363
|move|p1a: Swampert|Protect|p1a: Swampert
|-singleturn|p1a: Swampert|Protect
|move|p2b: Whimsicott|Tailwind|p2b: Whimsicott
|-sidestart|p2: zeedra|move: Tailwind
|move|p2a: Floette|Dazzling Gleam|p1b: Pelipper|[spread] p1b
|-activate|p1a: Swampert|move: Protect
|-damage|p1b: Pelipper|7/100
|-enditem|p1b: Pelipper|Sitrus Berry|[eat]
|-heal|p1b: Pelipper|32/100|[from] item: Sitrus Berry
|move|p1b: Pelipper|Tailwind|p1b: Pelipper
|-sidestart|p1: Angelowos|move: Tailwind
|
|-weather|RainDance|[upkeep]
|upkeep
|turn|3
|
|t:|1782703383
|move|p1b: Pelipper|Wide Guard|p1b: Pelipper
|-singleturn|p1b: Pelipper|Wide Guard
|move|p2b: Whimsicott|Encore|p1a: Swampert
|-start|p1a: Swampert|Encore
|move|p1a: Swampert|Protect||[still]
|-fail|p1a: Swampert
|move|p2a: Floette|Calm Mind|p2a: Floette
|-boost|p2a: Floette|spa|1
|-boost|p2a: Floette|spd|1
|
|-weather|RainDance|[upkeep]
|upkeep
|turn|4
|
|t:|1782703478
|switch|p1a: Archaludon|Archaludon, L50, M|100/100
|move|p1b: Pelipper|Wide Guard|p1b: Pelipper
|-singleturn|p1b: Pelipper|Wide Guard
|move|p2b: Whimsicott|Taunt|p1b: Pelipper
|-start|p1b: Pelipper|move: Taunt
|move|p2a: Floette|Calm Mind|p2a: Floette
|-boost|p2a: Floette|spa|1
|-boost|p2a: Floette|spd|1
|
|-weather|RainDance|[upkeep]
|upkeep
|turn|5
|
|t:|1782703510
|switch|p1b: Grimmsnarl|Grimmsnarl, L50, M|100/100
|move|p2a: Floette|Dazzling Gleam|p1b: Grimmsnarl|[spread] p1a,p1b
|-supereffective|p1b: Grimmsnarl|1
|-enditem|p1b: Grimmsnarl|Roseli Berry|[eat]
|-enditem|p1b: Grimmsnarl|Roseli Berry|[weaken]
|-damage|p1a: Archaludon|0 fnt
|-damage|p1b: Grimmsnarl|1/100
|faint|p1a: Archaludon
|move|p2b: Whimsicott|Dazzling Gleam|p1b: Grimmsnarl
|-supereffective|p1b: Grimmsnarl|1
|-damage|p1b: Grimmsnarl|0 fnt
|faint|p1b: Grimmsnarl
|
|-weather|none
|-sideend|p2: zeedra|move: Tailwind
|-sideend|p1: Angelowos|move: Tailwind
|upkeep
|
|t:|1782703521
|switch|p1a: Swampert|Swampert-Mega, L50, M|100/100
|switch|p1b: Pelipper|Pelipper, L50, M|32/100
|-weather|RainDance|[from] ability: Drizzle|[of] p1b: Pelipper
|turn|6
|
|t:|1782703595
|move|p2a: Floette|Protect|p2a: Floette
|-singleturn|p2a: Floette|Protect
|move|p2b: Whimsicott|Tailwind|p2b: Whimsicott
|-sidestart|p2: zeedra|move: Tailwind
|move|p1a: Swampert|Earthquake|p2b: Whimsicott|[spread] p2b
|-activate|p2a: Floette|move: Protect
|-immune|p1b: Pelipper
|-resisted|p2b: Whimsicott|1
|-damage|p2b: Whimsicott|80/100
|move|p1b: Pelipper|Hurricane|p2b: Whimsicott
|-supereffective|p2b: Whimsicott|1
|-crit|p2b: Whimsicott
|-damage|p2b: Whimsicott|0 fnt
|faint|p2b: Whimsicott
|
|-weather|RainDance|[upkeep]
|upkeep
|
|t:|1782703612
|switch|p2b: Basculegion|Basculegion, L50, M|100/100
|turn|7
|
|t:|1782703704
|move|p1a: Swampert|Protect|p1a: Swampert
|-singleturn|p1a: Swampert|Protect
|move|p2b: Basculegion|Last Respects|p1b: Pelipper
|-damage|p1b: Pelipper|0 fnt
|faint|p1b: Pelipper
|move|p2a: Floette|Psychic|p1a: Swampert
|-activate|p1a: Swampert|move: Protect
|
|-weather|RainDance|[upkeep]
|upkeep
|turn|8
|
|t:|1782703726
|move|p2b: Basculegion|Last Respects|p1a: Swampert
|-damage|p1a: Swampert|17/100
|move|p2a: Floette|Dazzling Gleam|p1a: Swampert
|-damage|p1a: Swampert|0 fnt
|faint|p1a: Swampert
|
|win|zeedra
||zeedra is ready for game 2.
|inactive|Angelowos has 30 seconds to confirm battle start!
||Angelowos is ready for game 2.
|uhtml|next|Next: Game 2 of 3
|l|☆Angelowos
|player|p1|
|j|☆Angelowos
|player|p1|Angelowos|102|
