|j|☆higigig
|j|☆PTP_VGC
|html|higigigPTP_VGC    
|uhtml|bestof|Game 2 of a best-of-3
|t:|1756604186
|gametype|doubles
|player|p1|higigig|sisandbro|1286
|player|p2|PTP_VGC|birdkeeper|1278
|gen|9
|tier|[Gen 9] VGC 2025 Reg H (Bo3)
|rated|
|rule|Species Clause: Limit one of each Pokémon
|rule|Item Clause: Limit 1 of each item
|clearpoke
|poke|p1|Sneasler, L50, F|
|poke|p1|Gholdengo, L50|
|poke|p1|Amoonguss, L50, F|
|poke|p1|Incineroar, L50, F|
|poke|p1|Farigiraf, L50, F|
|poke|p1|Ursaluna-Bloodmoon, L50, M|
|poke|p2|Arcanine-Hisui, L50, M|
|poke|p2|Weezing, L50, M|
|poke|p2|Porygon2, L50|
|poke|p2|Weavile, L50, F|
|poke|p2|Pawmot, L50, F|
|poke|p2|Toedscruel, L50, F|
|teampreview|4
|showteam|p1|Sneasler||ClearAmulet|PoisonTouch|FakeOut,CloseCombat,DireClaw,Protect|||F|||50|,,,,,Water]Gholdengo||MetalCoat|GoodasGold|NastyPlot,MakeItRain,ShadowBall,Protect||||||50|,,,,,Water]Amoonguss||SitrusBerry|Regenerator|SludgeBomb,PollenPuff,Spore,RagePowder|||F|||50|,,,,,Water]Incineroar||SafetyGoggles|Intimidate|FakeOut,FlareBlitz,KnockOff,PartingShot|||F|||50|,,,,,Ghost]Farigiraf||ThroatSpray|ArmorTail|HyperVoice,Psychic,TrickRoom,Protect|||F|||50|,,,,,Dragon]Ursaluna-Bloodmoon||LifeOrb|MindsEye|HyperVoice,EarthPower,BloodMoon,Protect|||M|||50|,,,,,Poison
|showteam|p2|Arcanine-Hisui||AbilityShield|Intimidate|FlareBlitz,RockSlide,ExtremeSpeed,Protect|||M|||50|,,,,,Ghost]Weezing||SitrusBerry|NeutralizingGas|SludgeBomb,WillOWisp,Taunt,Protect|||M|||50|,,,,,Grass]Porygon2||Eviolite|Download|TeraBlast,IceBeam,Recover,TrickRoom||||||50|,,,,,Water]Weavile||WideLens|Pressure|KnockOff,TripleAxel,FakeOut,Protect|||F|||50|,,,,,Stellar]Pawmot||FocusSash|NaturalCure|DoubleShock,CloseCombat,RevivalBlessing,Protect|||F|||50|,,,,,Stellar]Toedscruel||LifeOrb|MyceliumMight|EarthPower,EnergyBall,Spore,RagePowder|||F|||50|,,,,,Water
|inactive|Battle timer is ON: inactive players will automatically lose when time's up. (requested by higigig)
|
|t:|1756604214
|teamsize|p1|4
|teamsize|p2|4
|start
|switch|p1a: Farigiraf|Farigiraf, L50, F|100/100
|switch|p1b: Incineroar|Incineroar, L50, F|100/100
|switch|p2a: Speedwalker|Weavile, L50, F|100/100
|switch|p2b: Adr. & Adr.|Weezing, L50, M|100/100
|-ability|p2b: Adr. & Adr.|Neutralizing Gas
|turn|1
|
|t:|1756604233
|move|p2a: Speedwalker|Fake Out|p1b: Incineroar
|-damage|p1b: Incineroar|88/100
|move|p2b: Adr. & Adr.|Taunt|p1a: Farigiraf
|-start|p1a: Farigiraf|move: Taunt
|cant|p1b: Incineroar|flinch
|move|p1a: Farigiraf|Psychic|p2b: Adr. & Adr.
|-supereffective|p2b: Adr. & Adr.
|-damage|p2b: Adr. & Adr.|19/100
|-enditem|p2b: Adr. & Adr.|Sitrus Berry|[eat]
|-heal|p2b: Adr. & Adr.|44/100|[from] item: Sitrus Berry
|
|upkeep
|turn|2
|
|t:|1756604252
|move|p2a: Speedwalker|Knock Off|p1a: Farigiraf
|-supereffective|p1a: Farigiraf
|-damage|p1a: Farigiraf|10/100
|-enditem|p1a: Farigiraf|Throat Spray|[from] move: Knock Off|[of] p2a: Speedwalker
|move|p2b: Adr. & Adr.|Sludge Bomb|p1a: Farigiraf
|-damage|p1a: Farigiraf|0 fnt
|faint|p1a: Farigiraf
|move|p1b: Incineroar|Flare Blitz|p2a: Speedwalker
|-supereffective|p2a: Speedwalker
|-damage|p2a: Speedwalker|0 fnt
|faint|p2a: Speedwalker
|-damage|p1b: Incineroar|64/100|[from] Recoil
|
|upkeep
|
|t:|1756604268
|switch|p2a: gbombsz|Toedscruel, L50, F|100/100
|switch|p1a: Ursaluna|Ursaluna-Bloodmoon, L50, M|100/100
|turn|3
|inactive|PTP_VGC has 30 seconds left.
|
|t:|1756604300
|-terastallize|p1a: Ursaluna|Poison
|move|p2b: Adr. & Adr.|Protect|p2b: Adr. & Adr.
|-singleturn|p2b: Adr. & Adr.|Protect
|move|p2a: gbombsz|Earth Power|p1b: Incineroar
|-supereffective|p1b: Incineroar
|-damage|p1b: Incineroar|0 fnt
|faint|p1b: Incineroar
|-damage|p2a: gbombsz|91/100|[from] item: Life Orb
|move|p1a: Ursaluna|Hyper Voice|p2a: gbombsz|[spread] p2a
|-activate|p2b: Adr. & Adr.|move: Protect
|-damage|p2a: gbombsz|43/100
|-damage|p1a: Ursaluna|90/100|[from] item: Life Orb
|
|upkeep
|
|t:|1756604309
|switch|p1b: Sneasler|Sneasler, L50, F|100/100
|turn|4
|inactive|PTP_VGC has 30 seconds left.
|
|t:|1756604335
|move|p1b: Sneasler|Fake Out|p2a: gbombsz
|-damage|p2a: gbombsz|20/100
|cant|p2a: gbombsz|flinch
|move|p1a: Ursaluna|Hyper Voice|p2a: gbombsz|[spread] p2a,p2b
|-damage|p2a: gbombsz|0 fnt
|-damage|p2b: Adr. & Adr.|0 fnt
|faint|p2a: gbombsz
|faint|p2b: Adr. & Adr.
|-end|p2b: Adr. & Adr.|ability: Neutralizing Gas
|-damage|p1a: Ursaluna|80/100|[from] item: Life Orb
|
|upkeep
|
|t:|1756604344
|switch|p2b: Back Pocket|Pawmot, L50, F|100/100
|turn|5
|
|t:|1756604360
|-terastallize|p2b: Back Pocket|Stellar
|move|p2b: Back Pocket|Double Shock|p1b: Sneasler
|-damage|p1b: Sneasler|0 fnt
|-start|p2b: Back Pocket|typechange|Electric/Fighting|[from] move: Double Shock
|faint|p1b: Sneasler
|move|p1a: Ursaluna|Earth Power|p2b: Back Pocket
|-supereffective|p2b: Back Pocket
|-enditem|p2b: Back Pocket|Focus Sash
|-damage|p2b: Back Pocket|1/100
|-damage|p1a: Ursaluna|70/100|[from] item: Life Orb
|
|upkeep
|turn|6
|
|t:|1756604367
|move|p2b: Back Pocket|Revival Blessing|p2b: Back Pocket
|
|t:|1756604370
|-heal|p2: gbombsz|50/100|[from] move: Revival Blessing
|switch|p2a: gbombsz|Toedscruel, L50, F|50/100
|move|p1a: Ursaluna|Hyper Voice|p2a: gbombsz|[spread] p2a,p2b
|-damage|p2a: gbombsz|7/100
|-damage|p2b: Back Pocket|0 fnt
|faint|p2b: Back Pocket
|-damage|p1a: Ursaluna|60/100|[from] item: Life Orb
|
|upkeep
|turn|7
|
|t:|1756604378
|move|p2a: gbombsz|Earth Power|p1a: Ursaluna
|-supereffective|p1a: Ursaluna
|-damage|p1a: Ursaluna|0 fnt
|faint|p1a: Ursaluna
|-damage|p2a: gbombsz|0 fnt|[from] item: Life Orb
|faint|p2a: gbombsz
|
|win|PTP_VGC
|raw|higigig's rating: 1286 → 1260(-26 for losing)
|raw|PTP_VGC's rating: 1278 → 1304(+26 for winning)
|c|☆higigig|that was so cool
|c|☆higigig|gg
|c|☆PTP_VGC|ggs
