|j|☆TestingTeam00
|j|☆Ferran Tiburon
|html|TestingTeam00Ferran Tiburon    
|uhtml|bestof|Game 2 of a best-of-3
|t:|1784731606
|gametype|doubles
|player|p1|TestingTeam00|nate|1123
|player|p2|Ferran Tiburon|2|1212
|gen|9
|tier|[Gen 9 Champions] VGC 2026 Reg M-B (Bo3)
|rated|
|rule|Species Clause: Limit one of each Pokémon
|rule|Item Clause: Limit 1 of each item
|clearpoke
|poke|p1|Staraptor, L50, M|
|poke|p1|Grimmsnarl, L50, M|
|poke|p1|Farigiraf, L50, F|
|poke|p1|Garchomp, L50, M|
|poke|p1|Ceruledge, L50, M|
|poke|p1|Venusaur, L50, M|
|poke|p2|Charizard, L50, F|
|poke|p2|Garchomp, L50, M|
|poke|p2|Incineroar, L50, F|
|poke|p2|Venusaur, L50, M|
|poke|p2|Toxapex, L50, F|
|poke|p2|Sylveon, L50, F|
|teampreview|4
|showteam|p1|Staraptor||Staraptite|Intimidate|BraveBird,CloseCombat,Roost,Protect|Jolly||M|||50|]Grimmsnarl||LightClay|Prankster|Reflect,LightScreen,PartingShot,SpiritBreak|Impish||M|||50|]Farigiraf||SitrusBerry|ArmorTail|Psychic,Thunderbolt,TrickRoom,Imprison|Calm||F|||50|]Garchomp||LifeOrb|RoughSkin|StompingTantrum,RockSlide,DragonClaw,Protect|Jolly||M|||50|]Ceruledge||ColburBerry|FlashFire|ShadowSneak,BitterBlade,BulkUp,Protect|Adamant||M|||50|]Venusaur||Venusaurite|Chlorophyll|GigaDrain,SludgeBomb,EarthPower,Protect|Modest||M|||50|
|showteam|p2|Charizard||CharizarditeY|SolarPower|WeatherBall,HeatWave,AncientPower,Protect|Modest||F|||50|]Garchomp||ChoiceScarf|RoughSkin|RockSlide,DragonClaw,Earthquake,StompingTantrum|Adamant||M|||50|]Incineroar||SitrusBerry|Intimidate|FlareBlitz,FakeOut,DarkestLariat,PartingShot|Impish||F|||50|]Venusaur||LifeOrb|Chlorophyll|SludgeBomb,LeafStorm,EarthPower,Protect|Modest||M|||50|]Toxapex||Leftovers|Regenerator|Infestation,Toxic,WideGuard,BanefulBunker|Bold||F|||50|]Sylveon||FairyFeather|Pixilate|HyperVoice,QuickAttack,Yawn,Detect|Modest||F|||50|
|inactive|Battle timer is ON: inactive players will automatically lose when time's up. (requested by TestingTeam00)
|inactive|TestingTeam00 has 60 seconds left.
|inactive|TestingTeam00 has 30 seconds left.
|inactive|TestingTeam00 has 20 seconds left.
|inactive|TestingTeam00 has 15 seconds left.
|inactive|TestingTeam00 has 10 seconds left.
|
|t:|1784731690
|teamsize|p1|4
|teamsize|p2|4
|start
|switch|p1a: Grimmsnarl|Grimmsnarl, L50, M|100/100
|switch|p1b: Ceruledge|Ceruledge, L50, M|100/100
|switch|p2a: Charizard|Charizard, L50, F|100/100
|switch|p2b: Venusaur|Venusaur, L50, M|100/100
|turn|1
|
|t:|1784731706
|detailschange|p2a: Charizard|Charizard-Mega-Y, L50, F
|-mega|p2a: Charizard|Charizard|Charizardite Y
|-weather|SunnyDay|[from] ability: Drought|[of] p2a: Charizard
|move|p1a: Grimmsnarl|Light Screen|p1a: Grimmsnarl
|-sidestart|p1: TestingTeam00|move: Light Screen
|move|p2b: Venusaur|Sludge Bomb|p1a: Grimmsnarl
|-supereffective|p1a: Grimmsnarl|1
|-damage|p1a: Grimmsnarl|22/100
|-damage|p2b: Venusaur|90/100|[from] item: Life Orb
|move|p2a: Charizard|Ancient Power|p1b: Ceruledge
|-supereffective|p1b: Ceruledge|1
|-damage|p1b: Ceruledge|69/100
|move|p1b: Ceruledge|Bitter Blade|p2b: Venusaur
|-supereffective|p2b: Venusaur|1
|-damage|p2b: Venusaur|0 fnt
|-heal|p1b: Ceruledge|100/100|[from] drain|[of] p2b: Venusaur
|faint|p2b: Venusaur
|
|-weather|SunnyDay|[upkeep]
|upkeep
|
|t:|1784731715
|switch|p2b: Garchomp|Garchomp, L50, M|100/100
|turn|2
|inactive|TestingTeam00 has 30 seconds left.
|
|t:|1784731742
|move|p1b: Ceruledge|Protect|p1b: Ceruledge
|-singleturn|p1b: Ceruledge|Protect
|move|p1a: Grimmsnarl|Reflect|p1a: Grimmsnarl
|-sidestart|p1: TestingTeam00|Reflect
|move|p2b: Garchomp|Earthquake|p1b: Ceruledge|[spread] p1a
|-activate|p1b: Ceruledge|move: Protect
|-immune|p2a: Charizard
|-damage|p1a: Grimmsnarl|0 fnt
|faint|p1a: Grimmsnarl
|move|p2a: Charizard|Ancient Power|p1b: Ceruledge
|-activate|p1b: Ceruledge|move: Protect
|
|-weather|SunnyDay|[upkeep]
|upkeep
|
|t:|1784731754
|switch|p1a: Garchomp|Garchomp, L50, M|100/100
|turn|3
|inactive|TestingTeam00 has 30 seconds left.
|
|t:|1784731781
|move|p2b: Garchomp|Earthquake|p1a: Garchomp|[spread] p1a,p1b
|-immune|p2a: Charizard
|-supereffective|p1b: Ceruledge|1
|-damage|p1a: Garchomp|69/100
|-damage|p1b: Ceruledge|31/100
|move|p1a: Garchomp|Rock Slide|p2b: Garchomp|[spread] p2a,p2b
|-supereffective|p2a: Charizard|2
|-resisted|p2b: Garchomp|1
|-damage|p2a: Charizard|15/100
|-damage|p2b: Garchomp|87/100
|-damage|p1a: Garchomp|59/100|[from] item: Life Orb
|move|p2a: Charizard|Ancient Power|p1b: Ceruledge
|-supereffective|p1b: Ceruledge|1
|-damage|p1b: Ceruledge|1/100
|-boost|p2a: Charizard|atk|1
|-boost|p2a: Charizard|def|1
|-boost|p2a: Charizard|spa|1
|-boost|p2a: Charizard|spd|1
|-boost|p2a: Charizard|spe|1
|move|p1b: Ceruledge|Bulk Up|p1b: Ceruledge
|-boost|p1b: Ceruledge|atk|1
|-boost|p1b: Ceruledge|def|1
|
|-weather|SunnyDay|[upkeep]
|upkeep
|turn|4
|inactive|TestingTeam00 has 30 seconds left.
|inactive|TestingTeam00 has 20 seconds left.
|inactive|TestingTeam00 has 15 seconds left.
|inactive|TestingTeam00 has 10 seconds left.
|inactive|TestingTeam00 has 5 seconds left.
|
|t:|1784731833
|move|p2a: Charizard|Protect|p2a: Charizard
|-singleturn|p2a: Charizard|Protect
|move|p1b: Ceruledge|Shadow Sneak|p2a: Charizard
|-activate|p2a: Charizard|move: Protect
|move|p2b: Garchomp|Earthquake|p1b: Ceruledge|[spread] p1a,p1b
|-activate|p2a: Charizard|move: Protect
|-supereffective|p1b: Ceruledge|1
|-damage|p1a: Garchomp|31/100
|-damage|p1b: Ceruledge|0 fnt
|faint|p1b: Ceruledge
|move|p1a: Garchomp|Rock Slide|p2a: Charizard|[spread] p2b
|-activate|p2a: Charizard|move: Protect
|-resisted|p2b: Garchomp|1
|-damage|p2b: Garchomp|76/100
|-damage|p1a: Garchomp|22/100|[from] item: Life Orb
|
|-weather|SunnyDay|[upkeep]
|upkeep
|
|t:|1784731836
|switch|p1b: Venusaur|Venusaur, L50, M|100/100
|turn|5
|
|t:|1784731859
|detailschange|p1b: Venusaur|Venusaur-Mega, L50, M
|-mega|p1b: Venusaur|Venusaur|Venusaurite
|move|p1b: Venusaur|Protect|p1b: Venusaur
|-singleturn|p1b: Venusaur|Protect
|move|p2b: Garchomp|Earthquake|p1b: Venusaur|[spread] p1a
|-activate|p1b: Venusaur|move: Protect
|-immune|p2a: Charizard
|-damage|p1a: Garchomp|0 fnt
|faint|p1a: Garchomp
|move|p2a: Charizard|Heat Wave|p1b: Venusaur
|-activate|p1b: Venusaur|move: Protect
|
|-weather|none
|upkeep
|turn|6
|
|t:|1784731875
|switch|p2a: Toxapex|Toxapex, L50, F|100/100
|move|p2b: Garchomp|Earthquake|p1b: Venusaur|[spread] p2a,p1b
|-supereffective|p2a: Toxapex|1
|-damage|p2a: Toxapex|46/100
|-damage|p1b: Venusaur|77/100
|move|p1b: Venusaur|Sludge Bomb|p2a: Toxapex
|-resisted|p2a: Toxapex|1
|-damage|p2a: Toxapex|28/100
|
|-heal|p2a: Toxapex|34/100|[from] item: Leftovers
|upkeep
|turn|7
|
|t:|1784731896
|move|p2a: Toxapex|Wide Guard|p2a: Toxapex
|-singleturn|p2a: Toxapex|Wide Guard
|move|p2b: Garchomp|Earthquake|p1b: Venusaur|[spread] p1b
|-activate|p2a: Toxapex|move: Wide Guard
|-damage|p1b: Venusaur|56/100
|move|p1b: Venusaur|Sludge Bomb|p2b: Garchomp
|-resisted|p2b: Garchomp|1
|-damage|p2b: Garchomp|50/100g
|
|-heal|p2a: Toxapex|40/100|[from] item: Leftovers
|upkeep
|turn|8
|
|t:|1784731919
|move|p2a: Toxapex|Wide Guard|p2a: Toxapex
|-singleturn|p2a: Toxapex|Wide Guard
|move|p2b: Garchomp|Earthquake|p1b: Venusaur|[spread] p1b
|-activate|p2a: Toxapex|move: Wide Guard
|-damage|p1b: Venusaur|33/100
|move|p1b: Venusaur|Giga Drain|p2b: Garchomp
|-damage|p2b: Garchomp|9/100
|-heal|p1b: Venusaur|53/100|[from] drain|[of] p2b: Garchomp
|
|-heal|p2a: Toxapex|45/100|[from] item: Leftovers
|-sideend|p1: TestingTeam00|move: Light Screen
|upkeep
|turn|9
|
|t:|1784731934
|move|p2a: Toxapex|Baneful Bunker||[still]
|-fail|p2a: Toxapex
|move|p2b: Garchomp|Earthquake|p1b: Venusaur|[spread] p2a,p1b
|-supereffective|p2a: Toxapex|1
|-damage|p2a: Toxapex|0 fnt
|-damage|p1b: Venusaur|31/100
|faint|p2a: Toxapex
|move|p1b: Venusaur|Giga Drain|p2b: Garchomp
|-damage|p2b: Garchomp|0 fnt
|-heal|p1b: Venusaur|35/100|[from] drain|[of] p2b: Garchomp
|faint|p2b: Garchomp
|
|-sideend|p1: TestingTeam00|Reflect
|upkeep
|
|t:|1784731938
|switch|p2b: Charizard|Charizard-Mega-Y, L50, F|15/100
|-weather|SunnyDay|[from] ability: Drought|[of] p2b: Charizard
|turn|10
|
|t:|1784731945
|move|p2b: Charizard|Weather Ball|p1b: Venusaur
|-supereffective|p1b: Venusaur|1
|-damage|p1b: Venusaur|0 fnt
|faint|p1b: Venusaur
|
|win|Ferran Tiburon
|raw|TestingTeam00's rating: 1123 → 1104(-19 for losing)
|raw|Ferran Tiburon's rating: 1212 → 1231(+19 for winning)
|c|☆TestingTeam00|gg
|l|☆TestingTeam00
|player|p1|
