|j|☆HayesL
|j|☆pokseanz
|html|HayesLpokseanz    
|uhtml|bestof|Game 2 of a best-of-3
|t:|1784402733
|gametype|doubles
|player|p1|HayesL|will|
|player|p2|pokseanz|265|
|gen|9
|tier|[Gen 9 Champions] VGC 2026 Reg M-B (Bo3)
|rule|Species Clause: Limit one of each Pokémon
|rule|Item Clause: Limit 1 of each item
|clearpoke
|poke|p1|Garchomp, L50, M|
|poke|p1|Kingambit, L50, F|
|poke|p1|Farigiraf, L50, M|
|poke|p1|Aerodactyl, L50, M|
|poke|p1|Clefable, L50, F|
|poke|p1|Rotom-Heat, L50|
|poke|p2|Sinistcha, L50|
|poke|p2|Floette-Eternal, L50, F|
|poke|p2|Incineroar, L50, F|
|poke|p2|Toxapex, L50, M|
|poke|p2|Rotom-Wash, L50|
|poke|p2|Hippowdon, L50, F|
|teampreview|4
|showteam|p1|Garchomp||Garchompite|SandVeil|Earthquake,RockSlide,DragonClaw,Protect|Adamant||M|||50|]Kingambit||BlackGlasses|Defiant|KowtowCleave,SuckerPunch,IronHead,Protect|Adamant||F|||50|]Farigiraf||SitrusBerry|ArmorTail|Psychic,Thunderbolt,TrickRoom,Roar|Modest||M|||50|]Aerodactyl||FocusSash|RockHead|RockSlide,DualWingbeat,Tailwind,WideGuard|Jolly||M|||50|]Clefable||Leftovers|Unaware|Moonblast,FollowMe,HelpingHand,Protect|Bold||F|||50|]Rotom-Heat||PasshoBerry|Levitate|Overheat,Thunderbolt,WillOWisp,Protect|Timid|||||50|
|showteam|p2|Sinistcha||CobaBerry|Hospitality|MatchaGotcha,RagePowder,TrickRoom,Protect|Bold|||||50|]Floette-Eternal||Floettite|FlowerVeil|DrainingKiss,DazzlingGleam,CalmMind,Protect|Modest||F|||50|]Incineroar||ShucaBerry|Intimidate|FlareBlitz,ThroatChop,FakeOut,PartingShot|Impish||F|||50|]Toxapex||Leftovers|Regenerator|Infestation,Recover,WideGuard,BanefulBunker|Calm||M|||50|]Rotom-Wash||LifeOrb|Levitate|HydroPump,Thunderbolt,WillOWisp,Protect|Modest|||||50|]Hippowdon||SitrusBerry|SandStream|HighHorsepower,RockTomb,Yawn,Protect|Careful||F|||50|
|
|t:|1784402769
|teamsize|p1|4
|teamsize|p2|4
|start
|switch|p1a: sweater vest|Farigiraf, L50, M|100/100
|switch|p1b: da don|Garchomp, L50, M|100/100
|switch|p2a: Floette|Floette-Eternal, L50, F|100/100
|switch|p2b: Rotom|Rotom-Wash, L50|100/100
|turn|1
|
|t:|1784402793
|detailschange|p1b: da don|Garchomp-Mega, L50, M
|-mega|p1b: da don|Garchomp|Garchompite
|detailschange|p2a: Floette|Floette-Mega, L50, F
|-mega|p2a: Floette|Floette|Floettite
|-ability|p2a: Floette|Fairy Aura
|move|p1b: da don|Dragon Claw|p2b: Rotom
|-damage|p2b: Rotom|42/100
|move|p2a: Floette|Calm Mind|p2a: Floette
|-boost|p2a: Floette|spa|1
|-boost|p2a: Floette|spd|1
|move|p2b: Rotom|Will-O-Wisp|p1b: da don
|-status|p1b: da don|brn
|move|p1a: sweater vest|Psychic|p2b: Rotom
|-damage|p2b: Rotom|0 fnt
|faint|p2b: Rotom
|
|-damage|p1b: da don|94/100 brn|[from] brn
|upkeep
|
|t:|1784402813
|switch|p2b: Incineroar|Incineroar, L50, F|100/100
|-ability|p2b: Incineroar|Intimidate|boost
|-unboost|p1a: sweater vest|atk|1
|-unboost|p1b: da don|atk|1
|turn|2
|
|t:|1784402824
|move|p1b: da don|Rock Slide|p2a: Floette|[spread] p2a,p2b
|-supereffective|p2b: Incineroar|1
|-damage|p2a: Floette|91/100
|-damage|p2b: Incineroar|86/100
|move|p2a: Floette|Dazzling Gleam|p1a: sweater vest|[spread] p1a,p1b
|-crit|p1a: sweater vest
|-supereffective|p1b: da don|1
|-damage|p1a: sweater vest|4/100
|-damage|p1b: da don|0 fnt
|-enditem|p1a: sweater vest|Sitrus Berry|[eat]
|-heal|p1a: sweater vest|29/100|[from] item: Sitrus Berry
|faint|p1b: da don
|cant|p2b: Incineroar|flinch
|move|p1a: sweater vest|Roar|p2a: Floette
|drag|p2a: Hippowdon|Hippowdon, L50, F|100/100
|-weather|Sandstorm|[from] ability: Sand Stream|[of] p2a: Hippowdon
|
|-weather|Sandstorm|[upkeep]
|-damage|p2b: Incineroar|80/100|[from] Sandstorm
|-damage|p1a: sweater vest|23/100|[from] Sandstorm
|upkeep
|c|☆pokseanz|rgljknwerkl;gjwenrkl;gn
|
|t:|1784402842
|switch|p1b: zoomies|Aerodactyl, L50, M|100/100
|turn|3
|
|t:|1784402871
|switch|p2b: Floette|Floette-Mega, L50, F|91/100
|-ability|p2b: Floette|Fairy Aura
|move|p1b: zoomies|Rock Slide|p2b: Floette|[spread] p2a,p2b
|-resisted|p2a: Hippowdon|1
|-damage|p2a: Hippowdon|90/100
|-damage|p2b: Floette|68/100
|move|p1a: sweater vest|Psychic|p2a: Hippowdon
|-damage|p2a: Hippowdon|56/100
|move|p2a: Hippowdon|Rock Tomb|p1b: zoomies
|-supereffective|p1b: zoomies|1
|-damage|p1b: zoomies|52/100
|-unboost|p1b: zoomies|spe|1
|
|-weather|Sandstorm|[upkeep]
|-damage|p2b: Floette|62/100|[from] Sandstorm
|-damage|p1a: sweater vest|17/100|[from] Sandstorm
|upkeep
|turn|4
|
|t:|1784402892
|move|p1b: zoomies|Wide Guard|p1b: zoomies
|-singleturn|p1b: zoomies|Wide Guard
|move|p2b: Floette|Draining Kiss|p1b: zoomies
|-damage|p1b: zoomies|14/100
|-heal|p2b: Floette|87/100|[from] drain|[of] p1b: zoomies
|move|p2a: Hippowdon|High Horsepower|p1a: sweater vest
|-damage|p1a: sweater vest|0 fnt
|faint|p1a: sweater vest
|
|-weather|Sandstorm|[upkeep]
|-damage|p2b: Floette|81/100|[from] Sandstorm
|upkeep
|
|t:|1784402899
|switch|p1a: shogun|Kingambit, L50, F|100/100
|turn|5
|
|t:|1784402911
|move|p2b: Floette|Dazzling Gleam|p1a: shogun|[spread] p1a,p1b
|-damage|p1a: shogun|59/100
|-damage|p1b: zoomies|0 fnt
|faint|p1b: zoomies
|move|p2a: Hippowdon|High Horsepower|p1a: shogun
|-supereffective|p1a: shogun|1
|-damage|p1a: shogun|6/100
|move|p1a: shogun|Iron Head|p2b: Floette
|-supereffective|p2b: Floette|1
|-damage|p2b: Floette|0 fnt
|faint|p2b: Floette
|
|-weather|Sandstorm|[upkeep]
|upkeep
|
|t:|1784402919
|switch|p2b: Incineroar|Incineroar, L50, F|80/100
|-ability|p2b: Incineroar|Intimidate|boost
|-unboost|p1a: shogun|atk|1
|-ability|p1a: shogun|Defiant|boost
|-boost|p1a: shogun|atk|2
|turn|6
|c|☆HayesL|ggs
|
|t:|1784402926
|move|p2b: Incineroar|Fake Out|p1a: shogun
|-resisted|p1a: shogun|1
|-damage|p1a: shogun|2/100
|cant|p1a: shogun|flinch
|move|p2a: Hippowdon|High Horsepower|p1a: shogun
|-supereffective|p1a: shogun|1
|-damage|p1a: shogun|0 fnt
|faint|p1a: shogun
|
|win|pokseanz
|c|☆pokseanz|gg <3
|c|☆HayesL|<3
