|j|‚òÜclearmomdotcom2
|j|‚òÜRegionalModeSlow
|html|clearmomdotcom2RegionalModeSlow    
|uhtml|bestof|Game 1 of a best-of-3
|t:|1756354823
|gametype|doubles
|player|p1|clearmomdotcom2|waitress|1180
|player|p2|RegionalModeSlow|birdkeeper-gen4dp|1183
|gen|9
|tier|[Gen 9] VGC 2025 Reg H (Bo3)
|rated|
|rule|Species Clause: Limit one of each Pok√©mon
|rule|Item Clause: Limit 1 of each item
|clearpoke
|poke|p1|Indeedee, L50, M|
|poke|p1|Sneasler, L50, M|
|poke|p1|Torkoal, L50, M|
|poke|p1|Exeggutor, L50, F|
|poke|p1|Weezing-Galar, L50, M|
|poke|p1|Arcanine-Hisui, L50, M|
|poke|p2|Noivern, L50, M|
|poke|p2|Weezing-Galar, L50, M|
|poke|p2|Gholdengo, L50|
|poke|p2|Garchomp, L50, F|
|poke|p2|Annihilape, L50, M|
|poke|p2|Incineroar, L50, F|
|teampreview|4
|showteam|p1|Indeedee||FocusSash|PsychicSurge|ExpandingForce,TeraBlast,Protect,TrickRoom|||M|||50|,,,,,Fighting]Sneasler||PsychicSeed|Unburden|ThroatChop,CloseCombat,DireClaw,Protect|||M|||50|,,,,,Dark]Torkoal||EjectPack|Drought|Eruption,Overheat,Protect,HelpingHand|||M|||50|,,,,,Fire]Exeggutor||LifeOrb|Chlorophyll|ExpandingForce,SleepPowder,Protect,EnergyBall|||F|||50|,,,,,Psychic]Weezing-Galar||ChoiceSpecs|NeutralizingGas|SludgeBomb,Flamethrower,DazzlingGleam,StrangeSteam|||M|||50|,,,,,Fire]Arcanine-Hisui||ChoiceBand|Intimidate|RockSlide,RockBlast,FlareBlitz,ExtremeSpeed|||M|||50|,,,,,Water
|showteam|p2|Noivern||CovertCloak|Telepathy|AirSlash,SuperFang,Tailwind,Taunt|||M|||50|,,,,,Steel]Weezing-Galar||ChoiceSpecs|NeutralizingGas|DazzlingGleam,SludgeBomb,StrangeSteam,Flamethrower|||M|||50|,,,,,Flying]Gholdengo||MetalCoat|GoodasGold|MakeItRain,ShadowBall,NastyPlot,Protect||||||50|,,,,,Flying]Garchomp||LifeOrb|RoughSkin|DragonClaw,Earthquake,StompingTantrum,Protect|||F|||50|,,,,,Ground]Annihilape||SafetyGoggles|Defiant|CloseCombat,ShadowClaw,FinalGambit,Taunt|||M|||50|,,,,,Stellar]Incineroar||AssaultVest|Intimidate|FlareBlitz,KnockOff,FakeOut,Uturn|||F|||50|,,,,,Bug
|inactive|Battle timer is ON: inactive players will automatically lose when time's up. (requested by RegionalModeSlow)
|c|‚òÜRegionalModeSlow|Glhf
|inactive|clearmomdotcom2 has 60 seconds left.
|
|t:|1756354907
|teamsize|p1|4
|teamsize|p2|4
|start
|switch|p1a: Exeggutor|Exeggutor, L50, F|100/100
|switch|p1b: Indeedee|Indeedee, L50, M|100/100
|switch|p2a: Ozzy|Noivern, L50, M|100/100
|switch|p2b: PurpleüíúHaze|Weezing-Galar, L50, M|100/100
|-ability|p2b: PurpleüíúHaze|Neutralizing Gas
|turn|1
|inactive|clearmomdotcom2 has 30 seconds left.
|
|t:|1756354934
|-terastallize|p2b: PurpleüíúHaze|Flying
|move|p1a: Exeggutor|Protect|p1a: Exeggutor
|-singleturn|p1a: Exeggutor|Protect
|move|p2a: Ozzy|Taunt|p1a: Exeggutor
|-activate|p1a: Exeggutor|move: Protect
|move|p2b: PurpleüíúHaze|Dazzling Gleam|p1a: Exeggutor|[spread] p1b
|-activate|p1a: Exeggutor|move: Protect
|-damage|p1b: Indeedee|45/100
|move|p1b: Indeedee|Trick Room|p1b: Indeedee
|-fieldstart|move: Trick Room|[of] p1b: Indeedee
|
|upkeep
|turn|2
|inactive|clearmomdotcom2 has 30 seconds left.
|
|t:|1756354966
|switch|p1b: Torkoal|Torkoal, L50, M|100/100
|switch|p2a: Felinferno|Incineroar, L50, F, shiny|100/100
|-terastallize|p1a: Exeggutor|Psychic
|move|p2b: PurpleüíúHaze|Dazzling Gleam|p1a: Exeggutor|[spread] p1a,p1b
|-resisted|p1b: Torkoal
|-damage|p1a: Exeggutor|54/100
|-damage|p1b: Torkoal|75/100
|move|p1a: Exeggutor|Expanding Force|p2b: PurpleüíúHaze
|-damage|p2b: PurpleüíúHaze|0 fnt
|faint|p2b: PurpleüíúHaze
|-end|p2b: PurpleüíúHaze|ability: Neutralizing Gas
|-weather|SunnyDay|[from] ability: Drought|[of] p1b: Torkoal
|-ability|p2a: Felinferno|Intimidate|boost
|-unboost|p1a: Exeggutor|atk|1
|-unboost|p1b: Torkoal|atk|1
|-damage|p1a: Exeggutor|44/100|[from] item: Life Orb
|-enditem|p1b: Torkoal|Eject Pack
|
|t:|1756354988
|switch|p1b: Sneasler|Sneasler, L50, M|100/100
|
|-weather|SunnyDay|[upkeep]
|upkeep
|
|t:|1756354993
|switch|p2b: Bl√•haj|Garchomp, L50, F|100/100
|turn|3
|
|t:|1756355012
|switch|p2a: Ozzy|Noivern, L50, M|100/100
|move|p1b: Sneasler|Protect|p1b: Sneasler
|-singleturn|p1b: Sneasler|Protect
|move|p1a: Exeggutor|Protect|p1a: Exeggutor
|-singleturn|p1a: Exeggutor|Protect
|move|p2b: Bl√•haj|Earthquake|p1a: Exeggutor|[spread] 
|-activate|p1a: Exeggutor|move: Protect
|-activate|p1b: Sneasler|move: Protect
|-activate|p2a: Ozzy|ability: Telepathy
|
|-weather|SunnyDay|[upkeep]
|upkeep
|turn|4
|
|t:|1756355032
|switch|p1b: Indeedee|Indeedee, L50, M|45/100
|-fieldstart|move: Psychic Terrain|[from] ability: Psychic Surge|[of] p1b: Indeedee
|move|p2b: Bl√•haj|Earthquake|p1a: Exeggutor|[spread] p1a,p1b
|-activate|p2a: Ozzy|ability: Telepathy
|-damage|p1a: Exeggutor|0 fnt
|-damage|p1b: Indeedee|0 fnt
|faint|p1a: Exeggutor
|faint|p1b: Indeedee
|-damage|p2b: Bl√•haj|91/100|[from] item: Life Orb
|move|p2a: Ozzy|Air Slash|p1: Exeggutor|[notarget]
|-fail|p2a: Ozzy
|
|-weather|SunnyDay|[upkeep]
|upkeep
|
|t:|1756355040
|switch|p1a: Sneasler|Sneasler, L50, M|100/100
|switch|p1b: Torkoal|Torkoal, L50, M|75/100
|-enditem|p1a: Sneasler|Psychic Seed
|-boost|p1a: Sneasler|spd|1|[from] item: Psychic Seed
|turn|5
|
|t:|1756355047
|move|p1b: Torkoal|Protect|p1b: Torkoal
|-singleturn|p1b: Torkoal|Protect
|move|p2b: Bl√•haj|Protect|p2b: Bl√•haj
|-singleturn|p2b: Bl√•haj|Protect
|move|p1a: Sneasler|Protect|p1a: Sneasler
|-singleturn|p1a: Sneasler|Protect
|move|p2a: Ozzy|Tailwind|p2a: Ozzy
|-sidestart|p2: RegionalModeSlow|move: Tailwind
|
|-weather|SunnyDay|[upkeep]
|-fieldend|move: Trick Room
|upkeep
|turn|6
|
|t:|1756355059
|move|p1b: Torkoal|Helping Hand|p1a: Sneasler
|-singleturn|p1a: Sneasler|Helping Hand|[of] p1b: Torkoal
|move|p2a: Ozzy|Air Slash|p1a: Sneasler
|-supereffective|p1a: Sneasler
|-damage|p1a: Sneasler|53/100
|move|p1a: Sneasler|Close Combat|p2b: Bl√•haj
|-damage|p2b: Bl√•haj|0 fnt
|-unboost|p1a: Sneasler|def|1
|-unboost|p1a: Sneasler|spd|1
|-damage|p1a: Sneasler|40/100|[from] ability: Rough Skin|[of] p2b: Bl√•haj
|faint|p2b: Bl√•haj
|
|-weather|none
|upkeep
|
|t:|1756355067
|switch|p2b: Felinferno|Incineroar, L50, F, shiny|100/100
|-ability|p2b: Felinferno|Intimidate|boost
|-unboost|p1a: Sneasler|atk|1
|-unboost|p1b: Torkoal|atk|1
|turn|7
|
|t:|1756355084
|move|p1b: Torkoal|Helping Hand|p1a: Sneasler
|-singleturn|p1a: Sneasler|Helping Hand|[of] p1b: Torkoal
|move|p2a: Ozzy|Air Slash|p1a: Sneasler
|-supereffective|p1a: Sneasler
|-damage|p1a: Sneasler|0 fnt
|faint|p1a: Sneasler
|move|p2b: Felinferno|Knock Off|p1b: Torkoal
|-damage|p1b: Torkoal|49/100
|
|upkeep
|turn|8
|-message|clearmomdotcom2 forfeited.
|
|win|RegionalModeSlow
|l|‚òÜclearmomdotcom2
|player|p1|
||clearmomdotcom2 is ready for game 2.
||RegionalModeSlow is ready for game 2.
|uhtml|next|Next: Game 2 of 3
