|j|☆abgesaftet
|j|☆Il Mule
|html|abgesaftetIl Mule    
|uhtml|bestof|Game 1 of a best-of-3
|t:|1783512877
|gametype|doubles
|player|p1|abgesaftet|ballguy|1477
|player|p2|Il Mule|salvatore|1604
|gen|9
|tier|[Gen 9 Champions] VGC 2026 Reg M-B (Bo3)
|rated|
|rule|Species Clause: Limit one of each Pokémon
|rule|Item Clause: Limit 1 of each item
|clearpoke
|poke|p1|Sinistcha-Masterpiece, L50|
|poke|p1|Kingambit, L50, M|
|poke|p1|Sneasler, L50, M|
|poke|p1|Floette-Eternal, L50, F|
|poke|p1|Delphox, L50, F|
|poke|p1|Incineroar, L50, M|
|poke|p2|Excadrill, L50, F|
|poke|p2|Tyranitar, L50, M|
|poke|p2|Sneasler, L50, M|
|poke|p2|Incineroar, L50, M|
|poke|p2|Froslass, L50, F|
|poke|p2|Sinistcha, L50|
|teampreview|4
|showteam|p1|Sinistcha-Masterpiece||KasibBerry|Hospitality|MatchaGotcha,RagePowder,TrickRoom,Protect|Bold|||||50|]Kingambit||BlackGlasses|Defiant|KowtowCleave,SuckerPunch,SwordsDance,Protect|Adamant||M|||50|]Sneasler||FocusSash|PoisonTouch|FakeOut,CloseCombat,DireClaw,QuickGuard|Jolly||M|||50|]Floette-Eternal||Floettite|FlowerVeil|Moonblast,DazzlingGleam,CalmMind,Protect|Modest||F|||50|]Delphox||Delphoxite|Blaze|HeatWave,Psyshock,NastyPlot,Protect|Timid||F|||50|]Incineroar||SitrusBerry|Intimidate|PartingShot,FlareBlitz,ThroatChop,FakeOut|Careful||M|||50|
|showteam|p2|Excadrill||FocusSash|SandRush|HighHorsepower,RockSlide,IronHead,Protect|Adamant||F|||50|]Tyranitar||Tyranitarite|SandStream|KnockOff,RockSlide,DragonDance,Protect|Adamant||M|||50|]Sneasler||WhiteHerb|Unburden|CloseCombat,DireClaw,Coaching,FakeOut|Jolly||M|||50|]Incineroar||SitrusBerry|Intimidate|FlareBlitz,HelpingHand,PartingShot,FakeOut|Impish||M|||50|]Froslass||Froslassite|CursedBody|Blizzard,ShadowBall,NastyPlot,Protect|Timid||F|||50|]Sinistcha||ColburBerry|Hospitality|MatchaGotcha,ShadowBall,RagePowder,Protect|Bold|||||50|
|c|☆Il Mule|loris daim
|c|☆Il Mule|doris laim
|j| goldaniga
|j| lakaka siuuu
|c| lakaka siuuu|sono io si
|j| kelso shrug
|j| chef orte
|c| lakaka siuuu|però ha i set sbagliati
|c|☆Il Mule|forniscigli le tue correzioni
|j| Slaipzy
|c| Slaipzy|moin
|
|t:|1783512984
|teamsize|p1|4
|teamsize|p2|4
|start
|switch|p1a: Delphox|Delphox, L50, F|100/100
|switch|p1b: Sneasler|Sneasler, L50, M|100/100
|switch|p2a: Sabotage|Sneasler, L50, M|100/100
|switch|p2b: Gervasoni|Excadrill, L50, F|100/100
|turn|1
|c|☆Il Mule|des moines
|c| Slaipzy|bonjourno
|c|☆Il Mule|città statunitense se non erro
|c| Slaipzy|i love spagehtti
|l| goldaniga
|c|☆Il Mule|i love cioccolato
|c| chef orte|mandolino
|c| chef orte|Berlusconi
|inactive|Battle timer is ON: inactive players will automatically lose when time's up. (requested by Il Mule)
|c| chef orte|tsm
|c| Slaipzy|abgesaftet is going to do nastz plot
|c| kelso shrug|Mafiosissima
|c| lakaka siuuu|bonjourno neanche nei miei peggiori incubi
|c|☆Il Mule|stonjourno
|inactive|abgesaftet has 60 seconds left.
|
|t:|1783513056
|switch|p2a: Quando provo|Tyranitar, L50, M|100/100
|-weather|Sandstorm|[from] ability: Sand Stream|[of] p2a: Quando provo
|detailschange|p1a: Delphox|Delphox-Mega, L50, F
|-mega|p1a: Delphox|Delphox|Delphoxite
|move|p2b: Gervasoni|Protect|p2b: Gervasoni
|-singleturn|p2b: Gervasoni|Protect
|move|p1b: Sneasler|Fake Out|p2b: Gervasoni
|-activate|p2b: Gervasoni|move: Protect
|move|p1a: Delphox|Heat Wave|p2a: Quando provo|[spread] p2a
|-activate|p2b: Gervasoni|move: Protect
|-resisted|p2a: Quando provo|1
|-damage|p2a: Quando provo|88/100
|
|-weather|Sandstorm|[upkeep]
|-damage|p1a: Delphox|93/100|[from] Sandstorm
|-damage|p1b: Sneasler|94/100|[from] Sandstorm
|upkeep
|turn|2
|c| chef orte|devastante stonjourno
|c| lakaka siuuu|vabbe
|c| lakaka siuuu|prossima dai
|inactive|abgesaftet has 30 seconds left.
|c|☆Il Mule|calmo
|l| kelso shrug
|c|☆Il Mule|tutt'altro
|inactive|abgesaftet has 20 seconds left.
|inactive|abgesaftet has 15 seconds left.
|j| kelso shrug
|inactive|abgesaftet has 10 seconds left.
|c| lakaka siuuu|ha una sola cosa che può tentare
|
|t:|1783513104
|switch|p1b: Incineroar|Incineroar, L50, M|100/100
|-ability|p1b: Incineroar|Intimidate|boost
|-unboost|p2a: Quando provo|atk|1
|-unboost|p2b: Gervasoni|atk|1
|move|p1a: Delphox|Protect|p1a: Delphox
|-singleturn|p1a: Delphox|Protect
|move|p2b: Gervasoni|High Horsepower|p1b: Incineroar
|-supereffective|p1b: Incineroar|1
|-damage|p1b: Incineroar|23/100
|-enditem|p1b: Incineroar|Sitrus Berry|[eat]
|-heal|p1b: Incineroar|47/100|[from] item: Sitrus Berry
|move|p2a: Quando provo|Dragon Dance|p2a: Quando provo
|-boost|p2a: Quando provo|atk|1
|-boost|p2a: Quando provo|spe|1
|
|-weather|Sandstorm|[upkeep]
|-damage|p1a: Delphox|87/100|[from] Sandstorm
|-damage|p1b: Incineroar|41/100|[from] Sandstorm
|upkeep
|turn|3
|c|☆Il Mule|bravo a riciclare intanto
|c| lakaka siuuu|non la fa e ha perso
|c| lakaka siuuu|inci dentro cc unica chance
|inactive|abgesaftet has 30 seconds left.
|c|☆Il Mule|tu dici che la tiene
|c|☆Il Mule|a meno 1?
|c| lakaka siuuu|avoglia
|c|☆Il Mule|non lo so
|c| chef orte|chi la fa
|inactive|abgesaftet has 20 seconds left.
|inactive|abgesaftet has 15 seconds left.
|inactive|abgesaftet has 10 seconds left.
|
|t:|1783513153
|switch|p2b: Sidy|Incineroar, L50, M|100/100
|-ability|p2b: Sidy|Intimidate|boost
|-unboost|p1a: Delphox|atk|1
|-unboost|p1b: Incineroar|atk|1
|switch|p1a: Kingambit|Kingambit, L50, M|100/100
|move|p1b: Incineroar|Fake Out|p2a: Quando provo
|-resisted|p2a: Quando provo|1
|-damage|p2a: Quando provo|85/100
|cant|p2a: Quando provo|flinch
|
|-weather|Sandstorm|[upkeep]
|-damage|p1b: Incineroar|35/100|[from] Sandstorm
|-damage|p2b: Sidy|94/100|[from] Sandstorm
|upkeep
|turn|4
|c|☆Il Mule|-1 32+ Atk Excadrill High Horsepower vs. 2 HP / 0 Def Sneasler: 186-218 (118.4 - 138.8%) -- guaranteed OHKO
|c|☆Il Mule|sash me lo immagino bulkless
|j| rovesciaporci
|inactive|Il Mule has 30 seconds left.
|j| goldaniga
|
|t:|1783513180
|switch|p1b: Sneasler|Sneasler, L50, M|94/100
|move|p1a: Kingambit|Protect|p1a: Kingambit
|-singleturn|p1a: Kingambit|Protect
|move|p2b: Sidy|Fake Out|p1b: Sneasler
|-crit|p1b: Sneasler
|-damage|p1b: Sneasler|66/100
|move|p2a: Quando provo|Dragon Dance|p2a: Quando provo
|-boost|p2a: Quando provo|atk|1
|-boost|p2a: Quando provo|spe|1
|
|-weather|Sandstorm|[upkeep]
|-damage|p1b: Sneasler|61/100|[from] Sandstorm
|-damage|p2b: Sidy|88/100|[from] Sandstorm
|upkeep
|turn|5
|l| goldaniga
|
|t:|1783513197
|detailschange|p2a: Quando provo|Tyranitar-Mega, L50, M
|-mega|p2a: Quando provo|Tyranitar|Tyranitarite
|move|p2b: Sidy|Helping Hand|p2a: Quando provo
|-singleturn|p2a: Quando provo|Helping Hand|[of] p2b: Sidy
|move|p2a: Quando provo|Knock Off|p1b: Sneasler
|-resisted|p1b: Sneasler|1
|-damage|p1b: Sneasler|0 fnt
|-enditem|p1b: Sneasler|Focus Sash|[from] move: Knock Off|[of] p2a: Quando provo
|faint|p1b: Sneasler
|move|p1a: Kingambit|Swords Dance|p1a: Kingambit
|-boost|p1a: Kingambit|atk|2
|
|-weather|none
|upkeep
|c| lakaka siuuu|dio porco ma che cazzo di danno è
|l| kelso shrug
|
|t:|1783513204
|switch|p1b: Incineroar|Incineroar, L50, M|35/100
|-ability|p1b: Incineroar|Intimidate|boost
|-unboost|p2a: Quando provo|atk|1
|-unboost|p2b: Sidy|atk|1
|turn|6
|c| lakaka siuuu|il mio la tiene ma questo decisamente no
|
|t:|1783513216
|move|p1b: Incineroar|Fake Out|p2a: Quando provo
|-resisted|p2a: Quando provo|1
|-damage|p2a: Quando provo|82/100
|cant|p2a: Quando provo|flinch
|move|p2b: Sidy|Flare Blitz|p1a: Kingambit
|-supereffective|p1a: Kingambit|1
|-damage|p1a: Kingambit|55/100
|-damage|p2b: Sidy|73/100|[from] Recoil
|move|p1a: Kingambit|Kowtow Cleave|p2a: Quando provo
|-resisted|p2a: Quando provo|1
|-crit|p2a: Quando provo
|-damage|p2a: Quando provo|28/100
|
|upkeep
|turn|7
|c| rovesciaporci|sabotender
|
|t:|1783513238
|move|p1a: Kingambit|Sucker Punch|p2a: Quando provo
|-resisted|p2a: Quando provo|1
|-damage|p2a: Quando provo|0 fnt
|faint|p2a: Quando provo
|move|p1b: Incineroar|Parting Shot|p2b: Sidy
|-unboost|p2b: Sidy|atk|1
|-unboost|p2b: Sidy|spa|1
|
|t:|1783513244
|switch|p1b: Delphox|Delphox-Mega, L50, F|87/100|[from] Parting Shot
|move|p2b: Sidy|Flare Blitz|p1a: Kingambit
|-supereffective|p1a: Kingambit|1
|-damage|p1a: Kingambit|19/100
|-damage|p2b: Sidy|61/100|[from] Recoil
|
|upkeep
|j| enesbk
|c| enesbk|Hi guys
|j| kelso shrug
|c|☆Il Mule|pensavo di reggerr
|c|☆Il Mule|sbagliai
|c| enesbk|im abgesaftet coach
|c|☆Il Mule|e persi
|
|t:|1783513264
|switch|p2a: Sabotage|Sneasler, L50, M|100/100
|turn|8
|c| enesbk|gelato
|l| kelso shrug
|
|t:|1783513282
|switch|p2b: Gervasoni|Excadrill, L50, F|100/100
|move|p1b: Delphox|Protect|p1b: Delphox
|-singleturn|p1b: Delphox|Protect
|move|p1a: Kingambit|Protect|p1a: Kingambit
|-singleturn|p1a: Kingambit|Protect
|move|p2a: Sabotage|Fake Out|p1b: Delphox
|-activate|p1b: Delphox|move: Protect
|
|upkeep
|turn|9
|j| kelso shrug
|c|☆Il Mule|si è persa
|inactive|abgesaftet has 30 seconds left.
|inactive|Il Mule has 30 seconds left.
|
|t:|1783513315
|switch|p2a: Sidy|Incineroar, L50, M|61/100
|-ability|p2a: Sidy|Intimidate|boost
|-unboost|p1a: Kingambit|atk|1
|-ability|p1a: Kingambit|Defiant|boost
|-boost|p1a: Kingambit|atk|2
|-unboost|p1b: Delphox|atk|1
|move|p2b: Gervasoni|Protect|p2b: Gervasoni
|-singleturn|p2b: Gervasoni|Protect
|move|p1a: Kingambit|Sucker Punch||[still]
|-fail|p1a: Kingambit
|move|p1b: Delphox|Heat Wave|p2a: Sidy|[spread] p2a
|-activate|p2b: Gervasoni|move: Protect
|-resisted|p2a: Sidy|1
|-damage|p2a: Sidy|42/100
|-enditem|p2a: Sidy|Sitrus Berry|[eat]
|-heal|p2a: Sidy|66/100|[from] item: Sitrus Berry
|
|upkeep
|turn|10
|l| enesbk
|j| enesbk
|l| enesbk
|c|☆Il Mule|boia ma che serve sta uomata
|j| enesbk
|inactive|Il Mule has 30 seconds left.
|inactive|abgesaftet has 30 seconds left.
|
|t:|1783513347
|switch|p2a: Sabotage|Sneasler, L50, M|100/100
|move|p1b: Delphox|Protect|p1b: Delphox
|-singleturn|p1b: Delphox|Protect
|move|p1a: Kingambit|Protect|p1a: Kingambit
|-singleturn|p1a: Kingambit|Protect
|move|p2b: Gervasoni|Rock Slide|p1a: Kingambit|[spread] 
|-activate|p1a: Kingambit|move: Protect
|-activate|p1b: Delphox|move: Protect
|
|upkeep
|turn|11
|c| enesbk|bla bla bla
|c| rovesciaporci|eccoci
|c|☆Il Mule|è comunque persa
|c|☆Il Mule|non muore mai
|l| chef orte
|inactive|abgesaftet has 30 seconds left.
|inactive|Il Mule has 30 seconds left.
|c| kelso shrug|La giocata dei camerieri
|
|t:|1783513382
|switch|p1a: Incineroar|Incineroar, L50, M|35/100
|-ability|p1a: Incineroar|Intimidate|boost
|-unboost|p2a: Sabotage|atk|1
|-unboost|p2b: Gervasoni|atk|1
|-enditem|p2a: Sabotage|White Herb
|-clearnegativeboost|p2a: Sabotage|[silent]
|move|p2a: Sabotage|Fake Out|p1b: Delphox
|-damage|p1b: Delphox|71/100
|cant|p1b: Delphox|flinch
|move|p2b: Gervasoni|Rock Slide|p1b: Delphox|[spread] p1b
|-miss|p2b: Gervasoni|p1a: Incineroar
|-supereffective|p1b: Delphox|1
|-damage|p1b: Delphox|34/100
|
|upkeep
|turn|12
|l| kelso shrug
|
|t:|1783513407
|switch|p1a: Kingambit|Kingambit, L50, M|19/100
|move|p2a: Sabotage|Dire Claw|p1b: Delphox
|-damage|p1b: Delphox|0 fnt
|faint|p1b: Delphox
|move|p2b: Gervasoni|Rock Slide|p1a: Kingambit
|-resisted|p1a: Kingambit|1
|-damage|p1a: Kingambit|12/100
|
|upkeep
|-message|abgesaftet forfeited.
|
|win|Il Mule
||abgesaftet is ready for game 2.
||abgesaftet is ready for game 2.
|c|☆Il Mule|per fortuna non sa giocare
||Il Mule is ready for game 2.
|uhtml|next|Next: Game 2 of 3
|j| kelso shrug
|j| mafav2
|j| Tridello
|l| enesbk
|j| chef orte
|l| kelso shrug
|l| chef orte
|j| chef orte
|j| estupinanthepuledr
|l| rovesciaporci
|l|☆Il Mule
|player|p2|
