|j|☆grfynnvgc
|j|☆onxlaughtvgc
|html|grfynnvgconxlaughtvgc    
|uhtml|bestof|Game 1 of a best-of-3
|t:|1785463069
|gametype|doubles
|player|p1|grfynnvgc|101|1150
|player|p2|onxlaughtvgc|veteran|1227
|gen|9
|tier|[Gen 9 Champions] VGC 2026 Reg M-B (Bo3)
|rated|
|rule|Species Clause: Limit one of each Pokémon
|rule|Item Clause: Limit 1 of each item
|clearpoke
|poke|p1|Gengar, L50, F|
|poke|p1|Kommo-o, L50, M|
|poke|p1|Ninetales-Alola, L50, F|
|poke|p1|Primarina, L50, M|
|poke|p1|Volcarona, L50, M|
|poke|p1|Incineroar, L50, F|
|poke|p2|Swampert, L50, M|
|poke|p2|Pelipper, L50, F|
|poke|p2|Archaludon, L50, F|
|poke|p2|Sinistcha-Masterpiece, L50|
|poke|p2|Incineroar, L50, F|
|poke|p2|Raichu, L50, F|
|teampreview|4
|showteam|p1|Gengar||Gengarite|CursedBody|ShadowBall,SludgeBomb,PerishSong,Protect|Modest||F|||50|]Kommo-o||Leftovers|Soundproof|ClangingScales,AuraSphere,ClangorousSoul,Protect|Modest||M|||50|]Ninetales-Alola||FocusSash|SnowWarning|Blizzard,FreezeDry,AuroraVeil,Protect|Timid||F|||50|]Primarina||MysticWater|LiquidVoice|HyperVoice,Moonblast,PerishSong,Protect|Modest||M|||50|]Volcarona||SitrusBerry|FlameBody|Flamethrower,StruggleBug,RagePowder,Protect|Bold||M|||50|]Incineroar||ShucaBerry|Intimidate|FakeOut,ThroatChop,PartingShot,Protect|Impish||F|||50|
|showteam|p2|Swampert||Swampertite|Damp|WaveCrash,Earthquake,IcePunch,Protect|Adamant||M|||50|]Pelipper||FocusSash|Drizzle|Tailwind,WideGuard,Hurricane,WeatherBall|Timid||F|||50|]Archaludon||Leftovers|Sturdy|ElectroShot,FlashCannon,DracoMeteor,Protect|Timid||F|||50|]Sinistcha-Masterpiece||SitrusBerry|Hospitality|RagePowder,MatchaGotcha,LifeDew,Protect|Calm|||||50|]Incineroar||ChopleBerry|Intimidate|FakeOut,DarkestLariat,PartingShot,WillOWisp|Careful||F|||50|]Raichu||RaichuniteX|LightningRod|FakeOut,VoltSwitch,VoltTackle,Protect|Jolly||F|||50|
|inactive|Battle timer is ON: inactive players will automatically lose when time's up. (requested by onxlaughtvgc)
|
|t:|1785463116
|teamsize|p1|4
|teamsize|p2|4
|start
|switch|p1a: Kommo-o|Kommo-o, L50, M|100/100
|switch|p1b: Primarina|Primarina, L50, M|100/100
|switch|p2a: Incineroar|Incineroar, L50, F|100/100
|switch|p2b: Raichu|Raichu, L50, F|100/100
|-ability|p2a: Incineroar|Intimidate|boost
|-unboost|p1a: Kommo-o|atk|1
|-unboost|p1b: Primarina|atk|1
|turn|1
|
|t:|1785463132
|detailschange|p2b: Raichu|Raichu-Mega-X, L50, F
|-mega|p2b: Raichu|Raichu|Raichunite X
|-fieldstart|move: Electric Terrain|[from] ability: Electric Surge|[of] p2b: Raichu
|move|p1b: Primarina|Protect|p1b: Primarina
|-singleturn|p1b: Primarina|Protect
|move|p2a: Incineroar|Fake Out|p1a: Kommo-o
|-damage|p1a: Kommo-o|89/100
|move|p2b: Raichu|Volt Tackle|p1b: Primarina
|-activate|p1b: Primarina|move: Protect
|cant|p1a: Kommo-o|flinch
|
|-heal|p1a: Kommo-o|94/100|[from] item: Leftovers
|upkeep
|turn|2
|
|t:|1785463154
|move|p2b: Raichu|Volt Tackle|p1b: Primarina
|-supereffective|p1b: Primarina|1
|-damage|p1b: Primarina|0 fnt
|faint|p1b: Primarina
|-damage|p2b: Raichu|59/100|[from] Recoil
|move|p1a: Kommo-o|Clangorous Soul|p1a: Kommo-o
|-boost|p1a: Kommo-o|atk|1
|-boost|p1a: Kommo-o|def|1
|-boost|p1a: Kommo-o|spa|1
|-boost|p1a: Kommo-o|spd|1
|-boost|p1a: Kommo-o|spe|1
|-damage|p1a: Kommo-o|62/100
|move|p2a: Incineroar|Parting Shot|p1a: Kommo-o
|-immune|p1a: Kommo-o|[from] ability: Soundproof
|
|-heal|p1a: Kommo-o|67/100|[from] item: Leftovers
|upkeep
|
|t:|1785463174
|switch|p1b: Gengar|Gengar, L50, F|100/100
|turn|3
|
|t:|1785463188
|detailschange|p1b: Gengar|Gengar-Mega, L50, F
|-mega|p1b: Gengar|Gengar|Gengarite
|move|p1a: Kommo-o|Clanging Scales|p2a: Incineroar|[spread] p2a,p2b
|-damage|p2a: Incineroar|54/100
|-damage|p2b: Raichu|0 fnt
|faint|p2b: Raichu
|-unboost|p1a: Kommo-o|def|1
|move|p1b: Gengar|Sludge Bomb|p2a: Incineroar
|-damage|p2a: Incineroar|17/100
|move|p2a: Incineroar|Parting Shot|p1b: Gengar
|-unboost|p1b: Gengar|atk|1
|-unboost|p1b: Gengar|spa|1
|
|t:|1785463203
|switch|p2a: Archaludon|Archaludon, L50, F|100/100|[from] Parting Shot
|
|-heal|p1a: Kommo-o|73/100|[from] item: Leftovers
|upkeep
|
|t:|1785463209
|switch|p2b: Pelipper|Pelipper, L50, F|100/100
|-weather|RainDance|[from] ability: Drizzle|[of] p2b: Pelipper
|turn|4
|
|t:|1785463233
|move|p2a: Archaludon|Protect|p2a: Archaludon
|-singleturn|p2a: Archaludon|Protect
|move|p1a: Kommo-o|Aura Sphere|p2a: Archaludon
|-activate|p2a: Archaludon|move: Protect
|move|p1b: Gengar|Perish Song|p1b: Gengar
|-immune|p1a: Kommo-o|[from] ability: Soundproof
|-start|p1b: Gengar|perish3|[silent]
|-start|p2a: Archaludon|perish3|[silent]
|-start|p2b: Pelipper|perish3|[silent]
|-fieldactivate|move: Perish Song
|move|p2b: Pelipper|Tailwind|p2b: Pelipper
|-sidestart|p2: onxlaughtvgc|move: Tailwind
|
|-weather|RainDance|[upkeep]
|-heal|p1a: Kommo-o|79/100|[from] item: Leftovers
|-start|p2a: Archaludon|perish3
|-start|p2b: Pelipper|perish3
|-start|p1b: Gengar|perish3
|upkeep
|turn|5
|
|t:|1785463252
|move|p1b: Gengar|Protect|p1b: Gengar
|-singleturn|p1b: Gengar|Protect
|move|p2a: Archaludon|Electro Shot||[still]
|-prepare|p2a: Archaludon|Electro Shot
|-boost|p2a: Archaludon|spa|1
|-anim|p2a: Archaludon|Electro Shot|p1b: Gengar
|-activate|p1b: Gengar|move: Protect
|move|p2b: Pelipper|Hurricane|p1a: Kommo-o
|-supereffective|p1a: Kommo-o|1
|-damage|p1a: Kommo-o|14/100
|move|p1a: Kommo-o|Aura Sphere|p2a: Archaludon
|-supereffective|p2a: Archaludon|1
|-ability|p2a: Archaludon|Sturdy
|-damage|p2a: Archaludon|1/100
|
|-weather|RainDance|[upkeep]
|-heal|p2a: Archaludon|6/100|[from] item: Leftovers
|-heal|p1a: Kommo-o|19/100|[from] item: Leftovers
|-start|p2a: Archaludon|perish2
|-start|p2b: Pelipper|perish2
|-start|p1b: Gengar|perish2
|-fieldend|move: Electric Terrain
|upkeep
|turn|6
|inactive|grfynnvgc has 30 seconds left.
|inactive|onxlaughtvgc has 30 seconds left.
|
|t:|1785463280
|move|p2a: Archaludon|Electro Shot||[still]
|-prepare|p2a: Archaludon|Electro Shot
|-boost|p2a: Archaludon|spa|1
|-anim|p2a: Archaludon|Electro Shot|p1b: Gengar
|-damage|p1b: Gengar|8/100
|move|p2b: Pelipper|Hurricane|p1b: Gengar
|-crit|p1b: Gengar
|-damage|p1b: Gengar|0 fnt
|faint|p1b: Gengar
|move|p1a: Kommo-o|Clanging Scales|p2a: Archaludon|[spread] p2a,p2b
|-damage|p2a: Archaludon|0 fnt
|-damage|p2b: Pelipper|3/100
|faint|p2a: Archaludon
|-unboost|p1a: Kommo-o|def|1
|
|-weather|RainDance|[upkeep]
|-heal|p1a: Kommo-o|25/100|[from] item: Leftovers
|-start|p2b: Pelipper|perish1
|upkeep
|
|t:|1785463298
|switch|p1b: Ninetales|Ninetales-Alola, L50, F|100/100
|switch|p2a: Incineroar|Incineroar, L50, F|17/100
|-weather|Snowscape|[from] ability: Snow Warning|[of] p1b: Ninetales
|-ability|p2a: Incineroar|Intimidate|boost
|-unboost|p1a: Kommo-o|atk|1
|-unboost|p1b: Ninetales|atk|1
|turn|7
|
|t:|1785463309
|move|p1a: Kommo-o|Protect|p1a: Kommo-o
|-singleturn|p1a: Kommo-o|Protect
|move|p1b: Ninetales|Protect|p1b: Ninetales
|-singleturn|p1b: Ninetales|Protect
|move|p2a: Incineroar|Fake Out|p1b: Ninetales
|-activate|p1b: Ninetales|move: Protect
|move|p2b: Pelipper|Weather Ball|p1a: Kommo-o
|-activate|p1a: Kommo-o|move: Protect
|
|-weather|Snowscape|[upkeep]
|-heal|p1a: Kommo-o|31/100|[from] item: Leftovers
|-start|p2b: Pelipper|perish0
|-sideend|p2: onxlaughtvgc|move: Tailwind
|faint|p2b: Pelipper
|upkeep
|turn|8
|
|t:|1785463328
|move|p1a: Kommo-o|Aura Sphere|p2a: Incineroar
|-supereffective|p2a: Incineroar|1
|-enditem|p2a: Incineroar|Chople Berry|[eat]
|-enditem|p2a: Incineroar|Chople Berry|[weaken]
|-damage|p2a: Incineroar|0 fnt
|faint|p2a: Incineroar
|
|win|grfynnvgc
