|j|☆Dragonaris
|j|☆homerj71
|html|Dragonarishomerj71    
|uhtml|bestof|Game 1 of a best-of-3
|t:|1783167687
|gametype|doubles
|player|p1|Dragonaris|265|1137
|player|p2|homerj71|169|1243
|gen|9
|tier|[Gen 9 Champions] VGC 2026 Reg M-B (Bo3)
|rated|
|rule|Species Clause: Limit one of each Pokémon
|rule|Item Clause: Limit 1 of each item
|clearpoke
|poke|p1|Gengar, L50, F|
|poke|p1|Garchomp, L50, F|
|poke|p1|Charizard, L50, M|
|poke|p1|Archaludon, L50, M|
|poke|p1|Pelipper, L50, F|
|poke|p1|Whimsicott, L50, M|
|poke|p2|Delphox, L50, F|
|poke|p2|Sneasler, L50, M|
|poke|p2|Floette-Eternal, L50, F|
|poke|p2|Incineroar, L50, F|
|poke|p2|Kingambit, L50, M|
|poke|p2|Sinistcha, L50|
|teampreview|4
|showteam|p1|Gengar||Gengarite|CursedBody|FocusBlast,SludgeWave,ShadowBall,Thunder|Modest||F|||50|]Garchomp||SitrusBerry|SandVeil|DragonClaw,Earthquake,RockSlide,IronHead|Jolly||F|||50|]Charizard||CharizarditeY|Blaze|HeatWave,SolarBeam,DragonPulse,Hurricane|Modest||M|||50|]Archaludon||Leftovers|Stamina|DracoMeteor,ElectroShot,FlashCannon,Protect|Bold||M|||50|]Pelipper||FocusSash|Drizzle|WeatherBall,Roost,Hurricane,Tailwind|Bold||F|||50|]Whimsicott||LumBerry|Prankster|Tailwind,Encore,DazzlingGleam,GigaDrain|Bold||M|||50|
|showteam|p2|Delphox||Delphoxite|Blaze|Protect,Psyshock,HeatWave,NastyPlot|Timid||F|||50|]Sneasler||FocusSash|PoisonTouch|QuickGuard,CloseCombat,FakeOut,DireClaw|Jolly||M|||50|]Floette-Eternal||Floettite|FlowerVeil|Protect,DazzlingGleam,CalmMind,Moonblast|Timid||F|||50|]Incineroar||SitrusBerry|Intimidate|ThroatChop,FlareBlitz,PartingShot,FakeOut|Impish||F|||50|]Kingambit||BlackGlasses|Defiant|Protect,KowtowCleave,SuckerPunch,SwordsDance|Adamant||M|||50|]Sinistcha||KasibBerry|Hospitality|Protect,TrickRoom,MatchaGotcha,RagePowder|Relaxed|||||50|
|inactive|Battle timer is ON: inactive players will automatically lose when time's up. (requested by homerj71)
|inactive|Dragonaris has 60 seconds left.
|inactive|Dragonaris has 30 seconds left.
|inactive|homerj71 has 60 seconds left.
|
|t:|1783167757
|teamsize|p1|4
|teamsize|p2|4
|start
|switch|p1a: Whimsicott|Whimsicott, L50, M|100/100
|switch|p1b: Gengar|Gengar, L50, F|100/100
|switch|p2a: Delphox|Delphox, L50, F|100/100
|switch|p2b: Sneasler|Sneasler, L50, M|100/100
|turn|1
|inactive|Dragonaris has 30 seconds left.
|
|t:|1783167789
|detailschange|p2a: Delphox|Delphox-Mega, L50, F
|-mega|p2a: Delphox|Delphox|Delphoxite
|detailschange|p1b: Gengar|Gengar-Mega, L50, F
|-mega|p1b: Gengar|Gengar|Gengarite
|move|p2b: Sneasler|Fake Out|p1a: Whimsicott
|-damage|p1a: Whimsicott|86/100
|cant|p1a: Whimsicott|flinch
|move|p2a: Delphox|Psyshock|p1b: Gengar
|-supereffective|p1b: Gengar|1
|-damage|p1b: Gengar|0 fnt
|faint|p1b: Gengar
|
|upkeep
|
|t:|1783167803
|switch|p1b: Garchomp|Garchomp, L50, F|100/100
|turn|2
|
|t:|1783167821
|move|p1a: Whimsicott|Tailwind|p1a: Whimsicott
|-sidestart|p1: Dragonaris|move: Tailwind
|move|p1b: Garchomp|Rock Slide|p2a: Delphox|[spread] p2a,p2b
|-supereffective|p2a: Delphox|1
|-resisted|p2b: Sneasler|1
|-damage|p2a: Delphox|38/100
|-damage|p2b: Sneasler|82/100
|move|p2a: Delphox|Psyshock|p1b: Garchomp
|-damage|p1b: Garchomp|49/100
|-enditem|p1b: Garchomp|Sitrus Berry|[eat]
|-heal|p1b: Garchomp|74/100|[from] item: Sitrus Berry
|move|p2b: Sneasler|Close Combat|p1b: Garchomp
|-crit|p1b: Garchomp
|-damage|p1b: Garchomp|0 fnt
|-unboost|p2b: Sneasler|def|1
|-unboost|p2b: Sneasler|spd|1
|faint|p1b: Garchomp
|
|upkeep
|
|t:|1783167836
|switch|p1b: Pelipper|Pelipper, L50, F|100/100
|-weather|RainDance|[from] ability: Drizzle|[of] p1b: Pelipper
|turn|3
|
|t:|1783167849
|switch|p2b: Sinistcha|Sinistcha, L50|100/100
|-heal|p2a: Delphox|63/100|[from] ability: Hospitality|[of] p2b: Sinistcha
|move|p2a: Delphox|Protect|p2a: Delphox
|-singleturn|p2a: Delphox|Protect
|move|p1a: Whimsicott|Dazzling Gleam|p2b: Sinistcha|[spread] p2b
|-activate|p2a: Delphox|move: Protect
|-damage|p2b: Sinistcha|81/100
|move|p1b: Pelipper|Weather Ball|p2a: Delphox
|-activate|p2a: Delphox|move: Protect
|
|-weather|RainDance|[upkeep]
|upkeep
|turn|4
|inactive|Dragonaris has 30 seconds left.
|
|t:|1783167877
|switch|p2a: Sneasler|Sneasler, L50, M|82/100
|move|p2b: Sinistcha|Protect|p2b: Sinistcha
|-singleturn|p2b: Sinistcha|Protect
|move|p1a: Whimsicott|Encore||[still]
|-fail|p1a: Whimsicott
|move|p1b: Pelipper|Weather Ball|p2a: Sneasler
|-damage|p2a: Sneasler|14/100
|
|-weather|RainDance|[upkeep]
|upkeep
|turn|5
|
|t:|1783167887
|switch|p2b: Kingambit|Kingambit, L50, M|100/100
|move|p2a: Sneasler|Fake Out|p1b: Pelipper
|-damage|p1b: Pelipper|89/100
|move|p1a: Whimsicott|Dazzling Gleam|p2b: Kingambit|[spread] p2a,p2b
|-damage|p2a: Sneasler|0 fnt
|-damage|p2b: Kingambit|85/100
|faint|p2a: Sneasler
|cant|p1b: Pelipper|flinch
|
|-weather|RainDance|[upkeep]
|-sideend|p1: Dragonaris|move: Tailwind
|upkeep
|
|t:|1783167893
|switch|p2a: Sinistcha|Sinistcha, L50|81/100
|-heal|p2b: Kingambit|100/100|[from] ability: Hospitality|[of] p2a: Sinistcha
|turn|6
|
|t:|1783167917
|move|p2a: Sinistcha|Rage Powder|p2a: Sinistcha
|-singleturn|p2a: Sinistcha|move: Rage Powder
|move|p1a: Whimsicott|Tailwind|p1a: Whimsicott
|-sidestart|p1: Dragonaris|move: Tailwind
|move|p1b: Pelipper|Hurricane|p2a: Sinistcha
|-supereffective|p2a: Sinistcha|1
|-damage|p2a: Sinistcha|0 fnt
|faint|p2a: Sinistcha
|move|p2b: Kingambit|Swords Dance|p2b: Kingambit
|-boost|p2b: Kingambit|atk|2
|
|-weather|RainDance|[upkeep]
|upkeep
|
|t:|1783167924
|switch|p2a: Delphox|Delphox-Mega, L50, F|63/100
|turn|7
|inactive|Dragonaris has 30 seconds left.
|
|t:|1783167951
|move|p2a: Delphox|Protect|p2a: Delphox
|-singleturn|p2a: Delphox|Protect
|move|p2b: Kingambit|Protect|p2b: Kingambit
|-singleturn|p2b: Kingambit|Protect
|move|p1a: Whimsicott|Dazzling Gleam|p2a: Delphox|[spread] 
|-activate|p2a: Delphox|move: Protect
|-activate|p2b: Kingambit|move: Protect
|move|p1b: Pelipper|Weather Ball|p2a: Delphox
|-activate|p2a: Delphox|move: Protect
|
|-weather|none
|upkeep
|turn|8
|inactive|Dragonaris has 30 seconds left.
|inactive|Dragonaris has 20 seconds left.
|inactive|Dragonaris has 15 seconds left.
|
|t:|1783167992
|move|p1a: Whimsicott|Encore|p2a: Delphox
|-start|p2a: Delphox|Encore
|move|p2a: Delphox|Protect||[still]
|-fail|p2a: Delphox
|move|p2b: Kingambit|Sucker Punch|p1b: Pelipper
|-damage|p1b: Pelipper|14/100
|move|p1b: Pelipper|Hurricane|p2a: Delphox
|-crit|p2a: Delphox
|-damage|p2a: Delphox|7/100
|-start|p2a: Delphox|confusion
|
|upkeep
|turn|9
|
|t:|1783168010
|-activate|p2a: Delphox|confusion
|move|p2a: Delphox|Protect|p2a: Delphox
|-singleturn|p2a: Delphox|Protect
|move|p1a: Whimsicott|Dazzling Gleam|p2a: Delphox|[spread] p2b
|-activate|p2a: Delphox|move: Protect
|-damage|p2b: Kingambit|84/100
|move|p1b: Pelipper|Roost|p1b: Pelipper
|-heal|p1b: Pelipper|64/100
|-singleturn|p1b: Pelipper|move: Roost
|move|p2b: Kingambit|Kowtow Cleave|p1b: Pelipper
|-damage|p1b: Pelipper|0 fnt
|faint|p1b: Pelipper
|
|-sideend|p1: Dragonaris|move: Tailwind
|upkeep
|turn|10
|
|t:|1783168024
|-activate|p2a: Delphox|confusion
|-damage|p2a: Delphox|0 fnt|[from] confusion
|faint|p2a: Delphox
|move|p1a: Whimsicott|Dazzling Gleam|p2b: Kingambit
|-damage|p2b: Kingambit|62/100
|move|p2b: Kingambit|Kowtow Cleave|p1a: Whimsicott
|-resisted|p1a: Whimsicott|1
|-damage|p1a: Whimsicott|36/100
|
|upkeep
|turn|11
|
|t:|1783168041
|move|p2b: Kingambit|Sucker Punch|p1a: Whimsicott
|-resisted|p1a: Whimsicott|1
|-damage|p1a: Whimsicott|0 fnt
|faint|p1a: Whimsicott
|
|win|homerj71
