|j|☆palafineon
|j|☆DraKaynite
|html|palafineonDraKaynite    
|uhtml|bestof|Game 1 of a best-of-3
|t:|1756668261
|gametype|doubles
|player|p1|palafineon|266|1057
|player|p2|DraKaynite|caitlin|1000
|gen|9
|tier|[Gen 9] VGC 2025 Reg H (Bo3)
|rated|
|rule|Species Clause: Limit one of each Pokémon
|rule|Item Clause: Limit 1 of each item
|clearpoke
|poke|p1|Delphox, L50, F|
|poke|p1|Indeedee, L50, M|
|poke|p1|Hatterene, L50, F|
|poke|p1|Torkoal, L50, M|
|poke|p1|Sneasler, L50, F|
|poke|p1|Jumpluff, L50, F|
|poke|p2|Dragonite, L50, M|
|poke|p2|Gholdengo, L50|
|poke|p2|Rillaboom, L50, M|
|poke|p2|Ursaluna-Bloodmoon, L50, M|
|poke|p2|Maushold-Four, L50|
|poke|p2|Annihilape, L50, M|
|teampreview|4
|showteam|p1|Delphox|||Magician|Protect,NastyPlot,ExpandingForce,HeatWave|||F|||50|,,,,,Psychic]Indeedee||ChoiceScarf|PsychicSurge|Protect,Trick,TeraBlast,ExpandingForce|||M|||50|,,,,,Fairy]Hatterene||LifeOrb|MagicBounce|Protect,TrickRoom,DazzlingGleam,ExpandingForce|||F|||50|,,,,,Psychic]Torkoal||EjectPack|Drought|Protect,HelpingHand,Overheat,Eruption|||M|||50|,,,,,Grass]Sneasler||PsychicSeed|Unburden|Protect,ThroatChop,DireClaw,CloseCombat|||F|||50|,,,,,Dark]Jumpluff||CovertCloak|Chlorophyll|RagePowder,SleepPowder,Tailwind,SunnyDay|||F|||50|,,,,,Water
|showteam|p2|Dragonite||LoadedDice|Multiscale|Tailwind,Haze,Protect,ScaleShot|||M|||50|,,,,,Fairy]Gholdengo||LifeOrb|GoodasGold|MakeItRain,ShadowBall,NastyPlot,Protect||||||50|,,,,,Water]Rillaboom||MiracleSeed|GrassySurge|WoodHammer,GrassyGlide,FakeOut,HighHorsepower|||M|||50|,,,,,Fire]Ursaluna-Bloodmoon||AssaultVest|MindsEye|BloodMoon,EarthPower,HyperVoice,VacuumWave|||M|||50|,,,,,Water]Maushold-Four||FocusSash|FriendGuard|SuperFang,FollowMe,BeatUp,Protect||||||50|,,,,,Ghost]Annihilape||SitrusBerry|Defiant|RageFist,DrainPunch,BulkUp,Protect|||M|||50|,,,,,Fire
|inactive|Battle timer is ON: inactive players will automatically lose when time's up. (requested by palafineon)
|inactive|DraKaynite has 60 seconds left.
|
|t:|1756668333
|teamsize|p1|4
|teamsize|p2|4
|start
|switch|p1a: Sneasler|Sneasler, L50, F, shiny|100/100
|switch|p1b: Indeedee|Indeedee, L50, M|100/100
|switch|p2a: Annihilape|Annihilape, L50, M|100/100
|switch|p2b: Maushold|Maushold-Four, L50|100/100
|-fieldstart|move: Psychic Terrain|[from] ability: Psychic Surge|[of] p1b: Indeedee
|-enditem|p1a: Sneasler|Psychic Seed
|-boost|p1a: Sneasler|spd|1|[from] item: Psychic Seed
|turn|1
|
|t:|1756668356
|switch|p2b: Rillaboom|Rillaboom, L50, M|100/100
|-fieldstart|move: Grassy Terrain|[from] ability: Grassy Surge|[of] p2b: Rillaboom
|move|p2a: Annihilape|Protect|p2a: Annihilape
|-singleturn|p2a: Annihilape|Protect
|move|p1a: Sneasler|Dire Claw|p2a: Annihilape
|-activate|p2a: Annihilape|move: Protect
|move|p1b: Indeedee|Expanding Force|p2a: Annihilape
|-activate|p2a: Annihilape|move: Protect
|
|upkeep
|turn|2
|
|t:|1756668379
|switch|p1b: Delphox|Delphox, L50, F, shiny|100/100
|-terastallize|p2a: Annihilape|Fire
|move|p1a: Sneasler|Protect|p1a: Sneasler
|-singleturn|p1a: Sneasler|Protect
|move|p2b: Rillaboom|Fake Out|p1a: Sneasler
|-activate|p1a: Sneasler|move: Protect
|move|p2a: Annihilape|Bulk Up|p2a: Annihilape
|-boost|p2a: Annihilape|atk|1
|-boost|p2a: Annihilape|def|1
|
|upkeep
|turn|3
|inactive|palafineon has 30 seconds left.
|
|t:|1756668405
|move|p2b: Rillaboom|Grassy Glide|p1a: Sneasler
|-resisted|p1a: Sneasler
|-damage|p1a: Sneasler|67/100
|move|p1a: Sneasler|Close Combat|p2a: Annihilape
|-damage|p2a: Annihilape|55/100
|-unboost|p1a: Sneasler|def|1
|-unboost|p1a: Sneasler|spd|1
|move|p1b: Delphox|Heat Wave|p2a: Annihilape|[spread] p2a,p2b
|-resisted|p2a: Annihilape
|-crit|p2a: Annihilape
|-supereffective|p2b: Rillaboom
|-damage|p2a: Annihilape|35/100
|-damage|p2b: Rillaboom|28/100
|-enditem|p2a: Annihilape|Sitrus Berry|[eat]
|-heal|p2a: Annihilape|60/100|[from] item: Sitrus Berry
|-item|p1b: Delphox|Miracle Seed|[from] ability: Magician|[of] p2b: Rillaboom
|move|p2a: Annihilape|Rage Fist|p1b: Delphox
|-supereffective|p1b: Delphox
|-damage|p1b: Delphox|0 fnt
|faint|p1b: Delphox
|
|-heal|p1a: Sneasler|73/100|[from] Grassy Terrain
|-heal|p2a: Annihilape|66/100|[from] Grassy Terrain
|-heal|p2b: Rillaboom|34/100|[from] Grassy Terrain
|upkeep
|
|t:|1756668427
|switch|p1b: Indeedee|Indeedee, L50, M|100/100
|-fieldstart|move: Psychic Terrain|[from] ability: Psychic Surge|[of] p1b: Indeedee
|turn|4
|
|t:|1756668450
|switch|p2b: Maushold|Maushold-Four, L50|100/100
|move|p2a: Annihilape|Protect|p2a: Annihilape
|-singleturn|p2a: Annihilape|Protect
|move|p1a: Sneasler|Dire Claw|p2a: Annihilape
|-activate|p2a: Annihilape|move: Protect
|move|p1b: Indeedee|Trick|p2b: Maushold
|-activate|p1b: Indeedee|move: Trick|[of] p2b: Maushold
|-item|p2b: Maushold|Choice Scarf|[from] move: Trick
|-item|p1b: Indeedee|Focus Sash|[from] move: Trick
|
|upkeep
|turn|5
|
|t:|1756668472
|switch|p2b: Rillaboom|Rillaboom, L50, M|34/100
|-fieldstart|move: Grassy Terrain|[from] ability: Grassy Surge|[of] p2b: Rillaboom
|move|p1a: Sneasler|Dire Claw|p2a: Annihilape
|-damage|p2a: Annihilape|36/100
|-status|p2a: Annihilape|par
|move|p1b: Indeedee|Expanding Force|p2a: Annihilape
|-damage|p2a: Annihilape|1/100 par
|move|p2a: Annihilape|Rage Fist|p1a: Sneasler
|-damage|p1a: Sneasler|0 fnt
|faint|p1a: Sneasler
|
|-heal|p2b: Rillaboom|40/100|[from] Grassy Terrain
|-heal|p2a: Annihilape|8/100 par|[from] Grassy Terrain
|upkeep
|
|t:|1756668487
|switch|p1a: Torkoal|Torkoal, L50, M|100/100
|-weather|SunnyDay|[from] ability: Drought|[of] p1a: Torkoal
|turn|6
|
|t:|1756668511
|move|p1b: Indeedee|Protect|p1b: Indeedee
|-singleturn|p1b: Indeedee|Protect
|move|p2b: Rillaboom|High Horsepower|p1a: Torkoal
|-supereffective|p1a: Torkoal
|-damage|p1a: Torkoal|48/100
|move|p2a: Annihilape|Rage Fist|p1a: Torkoal
|-damage|p1a: Torkoal|0 fnt
|faint|p1a: Torkoal
|
|-weather|SunnyDay|[upkeep]
|-heal|p2b: Rillaboom|45/100|[from] Grassy Terrain
|-heal|p2a: Annihilape|14/100 par|[from] Grassy Terrain
|upkeep
|turn|7
|
|t:|1756668526
|move|p2b: Rillaboom|Grassy Glide|p1b: Indeedee
|-damage|p1b: Indeedee|37/100
|move|p1b: Indeedee|Expanding Force|p2a: Annihilape
|-damage|p2a: Annihilape|0 fnt
|faint|p2a: Annihilape
|
|-weather|SunnyDay|[upkeep]
|-heal|p1b: Indeedee|43/100|[from] Grassy Terrain
|-heal|p2b: Rillaboom|51/100|[from] Grassy Terrain
|upkeep
|
|t:|1756668529
|switch|p2a: Gholdengo|Gholdengo, L50|100/100
|turn|8
|
|t:|1756668539
|move|p1b: Indeedee|Protect|p1b: Indeedee
|-singleturn|p1b: Indeedee|Protect
|move|p2a: Gholdengo|Make It Rain|p1b: Indeedee
|-activate|p1b: Indeedee|move: Protect
|move|p2b: Rillaboom|Wood Hammer|p1b: Indeedee
|-activate|p1b: Indeedee|move: Protect
|
|-weather|SunnyDay|[upkeep]
|-heal|p1b: Indeedee|49/100|[from] Grassy Terrain
|-heal|p2b: Rillaboom|57/100|[from] Grassy Terrain
|upkeep
|turn|9
|
|t:|1756668549
|move|p1b: Indeedee|Protect||[still]
|-fail|p1b: Indeedee
|move|p2a: Gholdengo|Make It Rain|p1b: Indeedee
|-crit|p1b: Indeedee
|-damage|p1b: Indeedee|0 fnt
|-unboost|p2a: Gholdengo|spa|1
|faint|p1b: Indeedee
|-damage|p2a: Gholdengo|91/100|[from] item: Life Orb
|
|win|DraKaynite
||palafineon is ready for game 2.
||DraKaynite is ready for game 2.
|uhtml|next|Next: Game 2 of 3
|l|☆palafineon
|player|p1|
