|j|☆mr no sauce
|j|☆NuclearNutz321
|html|mr no sauceNuclearNutz321    
|uhtml|bestof|Game 1 of a best-of-3
|t:|1756837539
|gametype|doubles
|player|p1|mr no sauce|courtney|1150
|player|p2|NuclearNutz321|veteranf|1147
|gen|9
|tier|[Gen 9] VGC 2025 Reg H (Bo3)
|rated|
|rule|Species Clause: Limit one of each Pokémon
|rule|Item Clause: Limit 1 of each item
|clearpoke
|poke|p1|Gholdengo, L50|
|poke|p1|Sneasler, L50, M|
|poke|p1|Dragonite, L50, F|
|poke|p1|Garchomp, L50, M|
|poke|p1|Incineroar, L50, M|
|poke|p1|Whimsicott, L50, M|
|poke|p2|Chandelure, L50, F|
|poke|p2|Hydreigon, L50, F|
|poke|p2|Corviknight, L50, M|
|poke|p2|Sneasler, L50, F|
|poke|p2|Rillaboom, L50, M|
|poke|p2|Primarina, L50, F|
|teampreview|4
|showteam|p1|Gholdengo||ChoiceSpecs|GoodasGold|MakeItRain,ShadowBall,Trick,Protect||||||50|,,,,,Steel]Sneasler||WhiteHerb|Unburden|CloseCombat,DireClaw,ThroatChop,Protect|||M|||50|,,,,,Stellar]Dragonite||ChoiceBand|InnerFocus|ExtremeSpeed,Outrage,IceSpinner,StompingTantrum|||F|||50|,,,,,Normal]Garchomp||LifeOrb|RoughSkin|Earthquake,DragonClaw,StompingTantrum,Protect|||M|||50|,,,,,Ground]Incineroar||AssaultVest|Intimidate|FlareBlitz,KnockOff,FakeOut,Uturn|||M|||50|,,,,,Grass]Whimsicott||FocusSash|Prankster|Moonblast,Tailwind,Encore,Protect|||M|||50|,,,,,Ghost
|showteam|p2|Chandelure||FocusSash|FlashFire|HeatWave,ShadowBall,TrickRoom,Protect|||F|||50|,,,,,Grass]Hydreigon||SafetyGoggles|Levitate|DracoMeteor,DarkPulse,Tailwind,Protect|||F|||50|,,,,,Poison]Corviknight||GrassySeed|MirrorArmor|BulkUp,BraveBird,BodyPress,Roost|||M|||50|,,,,,Dragon]Sneasler||WhiteHerb|Unburden|CloseCombat,DireClaw,ThroatChop,Coaching|||F|||50|,,,,,Ghost]Rillaboom||AssaultVest|GrassySurge|FakeOut,WoodHammer,GrassyGlide,HighHorsepower|||M|||50|,,,,,Water]Primarina||ThroatSpray|LiquidVoice|HyperVoice,Moonblast,IceBeam,Protect|||F|||50|,,,,,Poison
|
|t:|1756837598
|teamsize|p1|4
|teamsize|p2|4
|start
|switch|p1a: Gholdengo|Gholdengo, L50, shiny|100/100
|switch|p1b: Garchomp|Garchomp, L50, M, shiny|100/100
|switch|p2a: Roaring Knight|Corviknight, L50, M|100/100
|switch|p2b: Mira|Sneasler, L50, F|100/100
|turn|1
|inactive|Battle timer is ON: inactive players will automatically lose when time's up. (requested by NuclearNutz321)
|inactive|NuclearNutz321 has 60 seconds left.
|inactive|mr no sauce has 60 seconds left.
|
|t:|1756837639
|switch|p2b: Congo|Rillaboom, L50, M|100/100
|-fieldstart|move: Grassy Terrain|[from] ability: Grassy Surge|[of] p2b: Congo
|-enditem|p2a: Roaring Knight|Grassy Seed
|-boost|p2a: Roaring Knight|def|1|[from] item: Grassy Seed
|move|p1b: Garchomp|Dragon Claw|p2b: Congo
|-damage|p2b: Congo|42/100
|-damage|p1b: Garchomp|91/100|[from] item: Life Orb
|move|p1a: Gholdengo|Trick|p2a: Roaring Knight
|-activate|p1a: Gholdengo|move: Trick|[of] p2a: Roaring Knight
|-item|p2a: Roaring Knight|Choice Specs|[from] move: Trick
|-enditem|p1a: Gholdengo|Choice Specs|[silent]|[from] move: Trick
|move|p2a: Roaring Knight|Body Press|p1a: Gholdengo
|-immune|p1a: Gholdengo
|
|-heal|p1b: Garchomp|97/100|[from] Grassy Terrain
|-heal|p2b: Congo|48/100|[from] Grassy Terrain
|upkeep
|turn|2
|inactive|mr no sauce has 30 seconds left.
|inactive|NuclearNutz321 has 30 seconds left.
|inactive|mr no sauce has 20 seconds left.
|
|t:|1756837674
|switch|p1b: Dragonite|Dragonite, L50, F, shiny|100/100
|switch|p2a: Susie|Hydreigon, L50, F|100/100
|move|p1a: Gholdengo|Make It Rain|p2a: Susie|[spread] p2a,p2b
|-damage|p2a: Susie|58/100
|-damage|p2b: Congo|21/100
|-unboost|p1a: Gholdengo|spa|1
|move|p2b: Congo|Wood Hammer|p1b: Dragonite
|-resisted|p1b: Dragonite
|-damage|p1b: Dragonite|81/100
|-damage|p2b: Congo|14/100|[from] Recoil
|
|-heal|p2b: Congo|20/100|[from] Grassy Terrain
|upkeep
|turn|3
|inactive|mr no sauce has 30 seconds left.
|inactive|mr no sauce has 20 seconds left.
|
|t:|1756837714
|switch|p1a: Incineroar|Incineroar, L50, M|100/100
|-ability|p1a: Incineroar|Intimidate|boost
|-unboost|p2a: Susie|atk|1
|-unboost|p2b: Congo|atk|1
|-terastallize|p1b: Dragonite|Normal
|move|p1b: Dragonite|Extreme Speed|p2a: Susie
|-damage|p2a: Susie|0 fnt
|faint|p2a: Susie
|move|p2b: Congo|Grassy Glide|p1b: Dragonite
|-damage|p1b: Dragonite|55/100
|
|-heal|p1b: Dragonite|61/100|[from] Grassy Terrain
|-heal|p2b: Congo|27/100|[from] Grassy Terrain
|upkeep
|
|t:|1756837724
|switch|p2a: Mira|Sneasler, L50, F|100/100
|turn|4
|inactive|mr no sauce has 30 seconds left.
|
|t:|1756837758
|switch|p2b: Roaring Knight|Corviknight, L50, M|100/100
|switch|p1a: Gholdengo|Gholdengo, L50, shiny|100/100
|-terastallize|p2a: Mira|Ghost
|move|p1b: Dragonite|Extreme Speed|p2b: Roaring Knight
|-resisted|p2b: Roaring Knight
|-damage|p2b: Roaring Knight|73/100
|move|p2a: Mira|Close Combat|p1a: Gholdengo
|-immune|p1a: Gholdengo
|
|-heal|p1b: Dragonite|66/100|[from] Grassy Terrain
|upkeep
|turn|5
|inactive|mr no sauce has 30 seconds left.
|
|t:|1756837783
|switch|p2b: Congo|Rillaboom, L50, M|27/100
|move|p1b: Dragonite|Extreme Speed|p2b: Congo
|-damage|p2b: Congo|0 fnt
|faint|p2b: Congo
|move|p2a: Mira|Close Combat|p1b: Dragonite
|-supereffective|p1b: Dragonite
|-damage|p1b: Dragonite|0 fnt
|-unboost|p2a: Mira|def|1
|-unboost|p2a: Mira|spd|1
|faint|p1b: Dragonite
|-enditem|p2a: Mira|White Herb
|-clearnegativeboost|p2a: Mira|[silent]
|move|p1a: Gholdengo|Shadow Ball|p2a: Mira
|-supereffective|p2a: Mira
|-damage|p2a: Mira|0 fnt
|faint|p2a: Mira
|
|-fieldend|move: Grassy Terrain
|upkeep
|-message|NuclearNutz321 forfeited.
|
|win|mr no sauce
|l|☆NuclearNutz321
|player|p2|
||NuclearNutz321 is ready for game 2.
||mr no sauce is ready for game 2.
|uhtml|next|Next: Game 2 of 3
