|j|☆boncuss
|j|☆freudianbreath
|html|boncussfreudianbreath    
|uhtml|bestof|Game 2 of a best-of-3
|t:|1782361699
|gametype|doubles
|player|p1|boncuss|wattson|1194
|player|p2|freudianbreath|265|1149
|gen|9
|tier|[Gen 9 Champions] VGC 2026 Reg M-B (Bo3)
|rated|
|rule|Species Clause: Limit one of each Pokémon
|rule|Item Clause: Limit 1 of each item
|clearpoke
|poke|p1|Staraptor, L50, F|
|poke|p1|Liepard, L50, M|
|poke|p1|Grimmsnarl, L50, M|
|poke|p1|Sinistcha, L50|
|poke|p1|Ninetales-Alola, L50, F|
|poke|p1|Malamar, L50, M|
|poke|p2|Staraptor, L50, F|
|poke|p2|Meganium, L50, M|
|poke|p2|Rotom-Heat, L50|
|poke|p2|Gholdengo, L50|
|poke|p2|Clefable, L50, F|
|poke|p2|Tyranitar, L50, M|
|teampreview|4
|showteam|p1|Staraptor||Staraptite|Intimidate|CloseCombat,Roost,Protect,DualWingbeat|Careful||F|||50|]Liepard||FocusSash|Prankster|FakeOut,Screech,FakeTears,Charm|Jolly||M|||50|]Grimmsnarl||RoseliBerry|Prankster|FakeOut,ScaryFace,FakeTears,PartingShot|Careful||M|||50|]Sinistcha||KasibBerry|Hospitality|MatchaGotcha,RagePowder,PsychUp,TrickRoom|Modest|||||50|]Ninetales-Alola||OccaBerry|SnowWarning|Blizzard,AuroraVeil,Encore,Disable|Timid||F|||50|]Malamar||Leftovers|Contrary|Superpower,StoredPower,Protect,TrickRoom|Sassy||M|||50|
|showteam|p2|Staraptor||ChoiceScarf|Intimidate|Uturn,CloseCombat,BraveBird,Tailwind|Jolly||F|||50|]Meganium||Meganiumite|Overgrow|Protect,SolarBeam,DazzlingGleam,WeatherBall|Timid||M|||50|]Rotom-Heat||SitrusBerry|Levitate|WillOWisp,VoltSwitch,LightScreen,Overheat|Timid|||||50|]Gholdengo||LifeOrb|GoodasGold|MakeItRain,NastyPlot,Protect,ShadowBall|Timid|||||50|]Clefable||Leftovers|Unaware|HelpingHand,FollowMe,Moonblast,FakeTears|Calm||F|||50|]Tyranitar||Tyranitarite|SandStream|RockSlide,KnockOff,LowKick,DragonDance|Adamant||M|||50|
|inactive|Battle timer is ON: inactive players will automatically lose when time's up. (requested by boncuss)
|inactive|freudianbreath has 60 seconds left.
|inactive|freudianbreath has 30 seconds left.
|inactive|freudianbreath has 20 seconds left.
|inactive|freudianbreath has 15 seconds left.
|inactive|freudianbreath has 10 seconds left.
|inactive|freudianbreath has 5 seconds left.
|
|t:|1782361787
|teamsize|p1|4
|teamsize|p2|4
|start
|switch|p1a: Malamar|Malamar, L50, M|100/100
|switch|p1b: Grimmsnarl|Grimmsnarl, L50, M|100/100
|switch|p2a: Gholdengo|Gholdengo, L50|100/100
|switch|p2b: Rotom|Rotom-Heat, L50|100/100
|turn|1
|inactive|boncuss has 30 seconds left.
|inactive|freudianbreath has 30 seconds left.
|inactive|freudianbreath has 20 seconds left.
|
|t:|1782361826
|move|p1b: Grimmsnarl|Fake Out|p2b: Rotom
|-damage|p2b: Rotom|85/100
|cant|p2b: Rotom|flinch
|move|p2a: Gholdengo|Nasty Plot|p2a: Gholdengo
|-boost|p2a: Gholdengo|spa|2
|move|p1a: Malamar|Trick Room|p1a: Malamar
|-fieldstart|move: Trick Room|[of] p1a: Malamar
|
|upkeep
|turn|2
|inactive|boncuss has 30 seconds left.
|inactive|freudianbreath has 30 seconds left.
|
|t:|1782361859
|move|p1b: Grimmsnarl|Fake Tears|p1a: Malamar
|-boost|p1a: Malamar|spd|2
|move|p1a: Malamar|Superpower|p2b: Rotom
|-damage|p2b: Rotom|54/100
|-boost|p1a: Malamar|atk|1
|-boost|p1a: Malamar|def|1
|move|p2a: Gholdengo|Nasty Plot|p2a: Gholdengo
|-boost|p2a: Gholdengo|spa|2
|move|p2b: Rotom|Volt Switch|p1b: Grimmsnarl
|-damage|p1b: Grimmsnarl|71/100
|
|t:|1782361873
|switch|p2b: Clefable|Clefable, L50, F|100/100|[from] Volt Switch
|
|upkeep
|turn|3
|inactive|freudianbreath has 30 seconds left.
|inactive|freudianbreath has 20 seconds left.
|inactive|freudianbreath has 15 seconds left.
|
|t:|1782361916
|move|p1b: Grimmsnarl|Fake Tears|p1a: Malamar
|-boost|p1a: Malamar|spd|2
|move|p2b: Clefable|Moonblast|p1b: Grimmsnarl
|-supereffective|p1b: Grimmsnarl|1
|-enditem|p1b: Grimmsnarl|Roseli Berry|[eat]
|-enditem|p1b: Grimmsnarl|Roseli Berry|[weaken]
|-damage|p1b: Grimmsnarl|42/100
|-unboost|p1b: Grimmsnarl|spa|1
|move|p1a: Malamar|Superpower|p2b: Clefable
|-resisted|p2b: Clefable|1
|-damage|p2b: Clefable|85/100
|-boost|p1a: Malamar|atk|1
|-boost|p1a: Malamar|def|1
|move|p2a: Gholdengo|Nasty Plot|p2a: Gholdengo
|-boost|p2a: Gholdengo|spa|2
|
|-heal|p2b: Clefable|91/100|[from] item: Leftovers
|upkeep
|turn|4
|inactive|boncuss has 30 seconds left.
|inactive|freudianbreath has 30 seconds left.
|inactive|boncuss has 20 seconds left.
|inactive|freudianbreath has 20 seconds left.
|
|t:|1782361953
|move|p1b: Grimmsnarl|Fake Tears|p1a: Malamar
|-boost|p1a: Malamar|spd|2
|move|p2b: Clefable|Moonblast|p1b: Grimmsnarl
|-supereffective|p1b: Grimmsnarl|1
|-damage|p1b: Grimmsnarl|0 fnt
|faint|p1b: Grimmsnarl
|move|p1a: Malamar|Stored Power|p2a: Gholdengo
|-resisted|p2a: Gholdengo|1
|-damage|p2a: Gholdengo|66/100
|move|p2a: Gholdengo|Make It Rain|p1a: Malamar
|-damage|p1a: Malamar|29/100
|-unboost|p2a: Gholdengo|spa|2
|-damage|p2a: Gholdengo|56/100|[from] item: Life Orb
|
|-heal|p2b: Clefable|97/100|[from] item: Leftovers
|-heal|p1a: Malamar|35/100|[from] item: Leftovers
|upkeep
|
|t:|1782361960
|switch|p1b: Sinistcha|Sinistcha, L50|100/100
|-heal|p1a: Malamar|60/100|[from] ability: Hospitality|[of] p1b: Sinistcha
|turn|5
|inactive|freudianbreath has 30 seconds left.
|
|t:|1782361989
|move|p2b: Clefable|Follow Me|p2b: Clefable
|-singleturn|p2b: Clefable|move: Follow Me
|move|p1a: Malamar|Superpower|p2b: Clefable
|-resisted|p2b: Clefable|1
|-damage|p2b: Clefable|81/100
|-boost|p1a: Malamar|atk|1
|-boost|p1a: Malamar|def|1
|move|p1b: Sinistcha|Psych Up|p2b: Clefable
|-copyboost|p1b: Sinistcha|p2b: Clefable|[from] move: Psych Up
|move|p2a: Gholdengo|Shadow Ball|p1b: Sinistcha
|-supereffective|p1b: Sinistcha|1
|-enditem|p1b: Sinistcha|Kasib Berry|[eat]
|-enditem|p1b: Sinistcha|Kasib Berry|[weaken]
|-damage|p1b: Sinistcha|0 fnt
|faint|p1b: Sinistcha
|-damage|p2a: Gholdengo|46/100|[from] item: Life Orb
|
|-heal|p2b: Clefable|87/100|[from] item: Leftovers
|-heal|p1a: Malamar|66/100|[from] item: Leftovers
|-fieldend|move: Trick Room
|upkeep
|
|t:|1782361999
|switch|p1b: Liepard|Liepard, L50, M|100/100
|turn|6
|inactive|freudianbreath has 30 seconds left.
|inactive|freudianbreath has 20 seconds left.
|inactive|freudianbreath has 15 seconds left.
|
|t:|1782362043
|switch|p2b: Rotom|Rotom-Heat, L50|54/100
|move|p2a: Gholdengo|Protect|p2a: Gholdengo
|-singleturn|p2a: Gholdengo|Protect
|move|p1b: Liepard|Fake Out|p2b: Rotom
|-damage|p2b: Rotom|41/100
|-enditem|p2b: Rotom|Sitrus Berry|[eat]
|-heal|p2b: Rotom|66/100|[from] item: Sitrus Berry
|move|p1a: Malamar|Stored Power|p2a: Gholdengo
|-activate|p2a: Gholdengo|move: Protect
|
|-heal|p1a: Malamar|73/100|[from] item: Leftovers
|upkeep
|turn|7
|inactive|boncuss has 30 seconds left.
|inactive|freudianbreath has 30 seconds left.
|inactive|boncuss has 20 seconds left.
|inactive|freudianbreath has 20 seconds left.
|inactive|boncuss has 15 seconds left.
|inactive|freudianbreath has 15 seconds left.
|
|t:|1782362084
|move|p1b: Liepard|Charm|p1a: Malamar
|-boost|p1a: Malamar|atk|2
|move|p2b: Rotom|Light Screen|p2b: Rotom
|-sidestart|p2: freudianbreath|move: Light Screen
|move|p2a: Gholdengo|Make It Rain|p1b: Liepard|[spread] p1a,p1b
|-crit|p1a: Malamar
|-damage|p1a: Malamar|0 fnt
|-enditem|p1b: Liepard|Focus Sash
|-damage|p1b: Liepard|1/100
|-unboost|p2a: Gholdengo|spa|2
|faint|p1a: Malamar
|-damage|p2a: Gholdengo|37/100|[from] item: Life Orb
|
|upkeep
|turn|8
|-message|boncuss forfeited.
|
|win|freudianbreath
|raw|boncuss's rating: 1194 → 1166(-28 for losing)
|raw|freudianbreath's rating: 1149 → 1177(+28 for winning)
