|j|☆catnip enthusiast
|j|☆lillyrosethedemon
|html|catnip enthusiastlillyrosethedemon    
|uhtml|bestof|Game 1 of a best-of-3
|t:|1756952638
|gametype|doubles
|player|p1|catnip enthusiast|bianca|1203
|player|p2|lillyrosethedemon|parasollady|1230
|gen|9
|tier|[Gen 9] VGC 2025 Reg H (Bo3)
|rated|
|rule|Species Clause: Limit one of each Pokémon
|rule|Item Clause: Limit 1 of each item
|clearpoke
|poke|p1|Charizard, L50, M|
|poke|p1|Jumpluff, L50, F|
|poke|p1|Torkoal, L50, M|
|poke|p1|Incineroar, L50, M|
|poke|p1|Ursaluna, L50, M|
|poke|p1|Porygon2, L50|
|poke|p2|Archaludon, L50, F|
|poke|p2|Annihilape, L50, F|
|poke|p2|Maushold, L50|
|poke|p2|Incineroar, L50, F|
|poke|p2|Primarina, L50, F|
|poke|p2|Farigiraf, L50, M|
|teampreview|4
|showteam|p1|Charizard||ChoiceSpecs|SolarPower|HeatWave,Overheat,WeatherBall,AirSlash|||M|||50|,,,,,Ghost]Jumpluff||CovertCloak|Chlorophyll|Tailwind,SleepPowder,RagePowder,SunnyDay|||F|||50|,,,,,Fire]Torkoal||EjectPack|Drought|Eruption,Overheat,HelpingHand,Protect|||M|||50|,,,,,Grass]Incineroar||SafetyGoggles|Intimidate|KnockOff,FlareBlitz,PartingShot,FakeOut|||M|||50|,,,,,Ghost]Ursaluna||FlameOrb|Guts|Facade,HeadlongRush,Protect,Earthquake|||M|||50|,,,,,Fairy]Porygon2||Eviolite|Download|TeraBlast,IceBeam,TrickRoom,Recover||||||50|,,,,,Fighting
|showteam|p2|Archaludon||PowerHerb|Stalwart|DragonPulse,ElectroShot,Thunderbolt,Protect|||F|||50|,,,,,Electric]Annihilape||LumBerry|Defiant|RageFist,CloseCombat,Taunt,FinalGambit|||F|||50|,,,,,Fire]Maushold||RockyHelmet|FriendGuard|BeatUp,FollowMe,Protect,Taunt||||||50|,,,,,Ghost]Incineroar||SafetyGoggles|Intimidate|FakeOut,FlareBlitz,KnockOff,PartingShot|||F|||50|,,,,,Water]Primarina||Leftovers|LiquidVoice|Haze,HyperVoice,Moonblast,Protect|||F|||50|,,,,,Grass]Farigiraf||ThroatSpray|ArmorTail|HyperVoice,Psychic,Protect,TrickRoom|||M|||50|,,,,,Fairy
|
|t:|1756952684
|teamsize|p1|4
|teamsize|p2|4
|start
|switch|p1a: Torkoal|Torkoal, L50, M|100/100
|switch|p1b: Charizard|Charizard, L50, M, shiny|100/100
|switch|p2a: Archaludon|Archaludon, L50, F|100/100
|switch|p2b: Maushold|Maushold, L50|100/100
|-weather|SunnyDay|[from] ability: Drought|[of] p1a: Torkoal
|turn|1
|
|t:|1756952736
|switch|p1a: Jumpluff|Jumpluff, L50, F, shiny|100/100
|-terastallize|p1b: Charizard|Ghost
|move|p2a: Archaludon|Protect|p2a: Archaludon
|-singleturn|p2a: Archaludon|Protect
|move|p2b: Maushold|Beat Up|p1b: Charizard
|-supereffective|p1b: Charizard
|-damage|p1b: Charizard|93/100
|-supereffective|p1b: Charizard
|-crit|p1b: Charizard
|-damage|p1b: Charizard|81/100
|-supereffective|p1b: Charizard
|-damage|p1b: Charizard|70/100
|-supereffective|p1b: Charizard
|-damage|p1b: Charizard|63/100
|-hitcount|p1b: Charizard|4
|move|p1b: Charizard|Heat Wave|p2a: Archaludon|[spread] p2b
|-activate|p2a: Archaludon|move: Protect
|-damage|p2b: Maushold|0 fnt
|faint|p2b: Maushold
|
|-weather|SunnyDay|[upkeep]
|-damage|p1b: Charizard|50/100|[from] ability: Solar Power|[of] p1b: Charizard
|upkeep
|
|t:|1756952756
|switch|p2b: Incineroar|Incineroar, L50, F|100/100
|-ability|p2b: Incineroar|Intimidate|boost
|-unboost|p1a: Jumpluff|atk|1
|-unboost|p1b: Charizard|atk|1
|turn|2
|
|t:|1756952783
|switch|p2a: Primarina|Primarina, L50, F|100/100
|move|p1a: Jumpluff|Tailwind|p1a: Jumpluff
|-sidestart|p1: catnip enthusiast|move: Tailwind
|move|p1b: Charizard|Heat Wave|p2b: Incineroar|[spread] p2a,p2b
|-resisted|p2a: Primarina
|-resisted|p2b: Incineroar
|-damage|p2a: Primarina|52/100
|-damage|p2b: Incineroar|58/100
|move|p2b: Incineroar|Knock Off|p1b: Charizard
|-supereffective|p1b: Charizard
|-damage|p1b: Charizard|0 fnt
|-enditem|p1b: Charizard|Choice Specs|[from] move: Knock Off|[of] p2b: Incineroar
|faint|p1b: Charizard
|
|-weather|SunnyDay|[upkeep]
|-heal|p2a: Primarina|58/100|[from] item: Leftovers
|upkeep
|
|t:|1756952792
|switch|p1b: Peach Cobbler|Ursaluna, L50, M, shiny|100/100
|turn|3
|
|t:|1756952815
|switch|p1a: Torkoal|Torkoal, L50, M|100/100
|-terastallize|p2a: Primarina|Grass
|move|p1b: Peach Cobbler|Protect|p1b: Peach Cobbler
|-singleturn|p1b: Peach Cobbler|Protect
|move|p2b: Incineroar|Parting Shot|p1b: Peach Cobbler
|-activate|p1b: Peach Cobbler|move: Protect
|move|p2a: Primarina|Hyper Voice|p1a: Torkoal|[spread] p1a
|-activate|p1b: Peach Cobbler|move: Protect
|-supereffective|p1a: Torkoal
|-crit|p1a: Torkoal
|-damage|p1a: Torkoal|38/100
|
|-weather|SunnyDay|[upkeep]
|-heal|p2a: Primarina|64/100|[from] item: Leftovers
|-status|p1b: Peach Cobbler|brn|[from] item: Flame Orb
|upkeep
|turn|4
|
|t:|1756952858
|move|p1b: Peach Cobbler|Facade|p2b: Incineroar
|-damage|p2b: Incineroar|0 fnt
|faint|p2b: Incineroar
|move|p2a: Primarina|Hyper Voice|p1b: Peach Cobbler|[spread] p1a,p1b
|-supereffective|p1a: Torkoal
|-supereffective|p1b: Peach Cobbler
|-damage|p1a: Torkoal|0 fnt
|-damage|p1b: Peach Cobbler|69/100 brn
|faint|p1a: Torkoal
|
|-weather|SunnyDay|[upkeep]
|-heal|p2a: Primarina|70/100|[from] item: Leftovers
|-damage|p1b: Peach Cobbler|63/100 brn|[from] brn
|upkeep
|
|t:|1756952869
|switch|p2b: Archaludon|Archaludon, L50, F|100/100
|switch|p1a: Jumpluff|Jumpluff, L50, F, shiny|100/100
|turn|5
|
|t:|1756952878
|move|p2b: Archaludon|Protect|p2b: Archaludon
|-singleturn|p2b: Archaludon|Protect
|move|p2a: Primarina|Protect|p2a: Primarina
|-singleturn|p2a: Primarina|Protect
|move|p1a: Jumpluff|Sleep Powder|p2b: Archaludon
|-activate|p2b: Archaludon|move: Protect
|move|p1b: Peach Cobbler|Facade|p2a: Primarina
|-activate|p2a: Primarina|move: Protect
|
|-weather|none
|-heal|p2a: Primarina|76/100|[from] item: Leftovers
|-damage|p1b: Peach Cobbler|57/100 brn|[from] brn
|-sideend|p1: catnip enthusiast|move: Tailwind
|upkeep
|turn|6
|
|t:|1756952894
|move|p1a: Jumpluff|Tailwind|p1a: Jumpluff
|-sidestart|p1: catnip enthusiast|move: Tailwind
|move|p2b: Archaludon|Electro Shot||[still]
|-prepare|p2b: Archaludon|Electro Shot
|-boost|p2b: Archaludon|spa|1
|-enditem|p2b: Archaludon|Power Herb
|-anim|p2b: Archaludon|Electro Shot|p1a: Jumpluff
|-damage|p1a: Jumpluff|33/100
|move|p1b: Peach Cobbler|Facade|p2a: Primarina
|-damage|p2a: Primarina|0 fnt
|faint|p2a: Primarina
|
|-damage|p1b: Peach Cobbler|51/100 brn|[from] brn
|upkeep
|turn|7
|
|t:|1756952919
|move|p1a: Jumpluff|Rage Powder|p1a: Jumpluff
|-singleturn|p1a: Jumpluff|move: Rage Powder
|move|p2b: Archaludon|Dragon Pulse|p1b: Peach Cobbler
|-damage|p1b: Peach Cobbler|0 fnt
|faint|p1b: Peach Cobbler
|
|upkeep
|turn|8
|c|☆catnip enthusiast|LMAO
|c|☆lillyrosethedemon|they forgor
|-message|catnip enthusiast forfeited.
|
|win|lillyrosethedemon
|l|☆catnip enthusiast
|player|p1|
||lillyrosethedemon is ready for game 2.
||catnip enthusiast is ready for game 2.
|uhtml|next|Next: Game 2 of 3
|j|☆catnip enthusiast
|player|p1|catnip enthusiast|bianca|
