|j|‽gwen1126
|j|☆lkhjgghfddgg
|html|gwen1126lkhjgghfddgg    
|uhtml|bestof|Game 1 of a best-of-3
|t:|1784743591
|gametype|doubles
|player|p1|gwen1126|265|1073
|player|p2|lkhjgghfddgg|266|1000
|gen|9
|tier|[Gen 9 Champions] VGC 2026 Reg M-B (Bo3)
|rated|
|rule|Species Clause: Limit one of each Pokémon
|rule|Item Clause: Limit 1 of each item
|clearpoke
|poke|p1|Gliscor, L50, F|
|poke|p1|Toxapex, L50, M|
|poke|p1|Scrafty, L50, F|
|poke|p1|Archaludon, L50, F|
|poke|p1|Blastoise, L50, M|
|poke|p1|Meowscarada, L50, F|
|poke|p2|Falinks, L50|
|poke|p2|Skarmory, L50, F|
|poke|p2|Decidueye-Hisui, L50, M|
|poke|p2|Arcanine, L50, M|
|poke|p2|Greninja, L50, F|
|poke|p2|Tyrantrum, L50, M|
|teampreview|4
|showteam|p1|Gliscor|||PoisonHeal|XScissor,Acrobatics,HighHorsepower,Protect|Adamant||F|||50|]Toxapex||Leftovers|Merciless|Recover,Hex,Toxic,BanefulBunker|Bold||M|||50|]Scrafty||Scraftinite|Moxie|DrainPunch,Crunch,FirePunch,Protect|Adamant||F|||50|]Archaludon||FocusSash|Stamina|ElectroShot,DragonPulse,FlashCannon,Protect|Modest||F|||50|]Blastoise||Blastoisinite|RainDish|AuraSphere,WaterSpout,RainDance,Protect|Modest||M|||50|]Meowscarada||MentalHerb|Protean|FlowerTrick,ThunderPunch,TrickRoom,Protect|Sassy||F|||50|
|showteam|p2|Falinks||Falinksite|Defiant|Protect,BodyPress,NoRetreat,FirstImpression|Adamant|||||50|]Skarmory||Skarmorite|KeenEye|Roost,DrillPeck,IronHead,DrillRun|Adamant||F|||50|]Decidueye-Hisui||ScopeLens|Scrappy|SuckerPunch,Protect,TripleArrows,LeafBlade|Impish||M|||50|]Arcanine||SitrusBerry|Intimidate|Protect,ScorchingSands,HeatWave,FireSpin|Modest||M|||50|]Greninja||ChoiceScarf|Protean|Uturn,Waterfall,IcePunch,ShadowSneak|Adamant||F|||50|]Tyrantrum||FocusSash|RockHead|Protect,HeadSmash,ScaleShot,PsychicFangs|Jolly||M|||50|
|
|t:|1784743647
|teamsize|p1|4
|teamsize|p2|4
|start
|switch|p1a: Meowscarada|Meowscarada, L50, F|100/100
|switch|p1b: Toxapex|Toxapex, L50, M|100/100
|switch|p2a: Decidueye|Decidueye-Hisui, L50, M|100/100
|switch|p2b: Skarmory|Skarmory, L50, F|100/100
|turn|1
|
|t:|1784743670
|detailschange|p2b: Skarmory|Skarmory-Mega, L50, F
|-mega|p2b: Skarmory|Skarmory|Skarmorite
|move|p1b: Toxapex|Baneful Bunker|p1b: Toxapex
|-singleturn|p1b: Toxapex|move: Protect
|move|p2b: Skarmory|Drill Run|p1b: Toxapex
|-activate|p1b: Toxapex|move: Protect
|move|p2a: Decidueye|Triple Arrows|p1a: Meowscarada
|-supereffective|p1a: Meowscarada|1
|-damage|p1a: Meowscarada|4/100
|move|p1a: Meowscarada|Trick Room|p1a: Meowscarada
|-start|p1a: Meowscarada|typechange|Psychic|[from] ability: Protean
|-fieldstart|move: Trick Room|[of] p1a: Meowscarada
|
|upkeep
|turn|2
|inactive|Battle timer is ON: inactive players will automatically lose when time's up. (requested by gwen1126)
|
|t:|1784743698
|move|p1a: Meowscarada|Protect|p1a: Meowscarada
|-singleturn|p1a: Meowscarada|Protect
|move|p1b: Toxapex|Toxic|p2a: Decidueye
|-status|p2a: Decidueye|tox
|move|p2a: Decidueye|Triple Arrows|p1a: Meowscarada
|-activate|p1a: Meowscarada|move: Protect
|move|p2b: Skarmory|Drill Run|p1b: Toxapex
|-supereffective|p1b: Toxapex|1
|-damage|p1b: Toxapex|61/100
|
|-heal|p1b: Toxapex|67/100|[from] item: Leftovers
|-damage|p2a: Decidueye|93/100 tox|[from] psn
|upkeep
|turn|3
|inactive|gwen1126 has 30 seconds left.
|
|t:|1784743729
|move|p1b: Toxapex|Recover|p1b: Toxapex
|-heal|p1b: Toxapex|100/100
|move|p2a: Decidueye|Leaf Blade|p1b: Toxapex
|-crit|p1b: Toxapex
|-damage|p1b: Toxapex|63/100
|move|p1a: Meowscarada|Thunder Punch|p2b: Skarmory
|-supereffective|p2b: Skarmory|1
|-damage|p2b: Skarmory|59/100
|move|p2b: Skarmory|Drill Peck|p1a: Meowscarada
|-damage|p1a: Meowscarada|0 fnt
|faint|p1a: Meowscarada
|
|-heal|p1b: Toxapex|68/100|[from] item: Leftovers
|-damage|p2a: Decidueye|81/100 tox|[from] psn
|upkeep
|
|t:|1784743745
|switch|p1a: Blastoise|Blastoise, L50, M|100/100
|turn|4
|inactive|lkhjgghfddgg has 30 seconds left.
|
|t:|1784743778
|detailschange|p1a: Blastoise|Blastoise-Mega, L50, M
|-mega|p1a: Blastoise|Blastoise|Blastoisinite
|move|p1b: Toxapex|Hex|p2a: Decidueye
|-crit|p2a: Decidueye
|-damage|p2a: Decidueye|56/100 tox
|move|p2a: Decidueye|Leaf Blade|p1a: Blastoise
|-supereffective|p1a: Blastoise|1
|-crit|p1a: Blastoise
|-damage|p1a: Blastoise|3/100
|move|p1a: Blastoise|Water Spout|p2b: Skarmory|[spread] p2a,p2b
|-resisted|p2a: Decidueye|1
|-damage|p2a: Decidueye|55/100 tox
|-damage|p2b: Skarmory|57/100
|move|p2b: Skarmory|Roost|p2b: Skarmory
|-heal|p2b: Skarmory|100/100
|-singleturn|p2b: Skarmory|move: Roost
|
|-heal|p1b: Toxapex|74/100|[from] item: Leftovers
|-damage|p2a: Decidueye|37/100 tox|[from] psn
|upkeep
|turn|5
|inactive|gwen1126 has 30 seconds left.
|inactive|lkhjgghfddgg has 30 seconds left.
|
|t:|1784743810
|move|p1a: Blastoise|Protect|p1a: Blastoise
|-singleturn|p1a: Blastoise|Protect
|move|p1b: Toxapex|Recover|p1b: Toxapex
|-heal|p1b: Toxapex|100/100
|move|p2a: Decidueye|Leaf Blade|p1b: Toxapex
|-damage|p1b: Toxapex|74/100
|move|p2b: Skarmory|Drill Run|p1b: Toxapex
|-supereffective|p1b: Toxapex|1
|-damage|p1b: Toxapex|35/100
|
|-heal|p1b: Toxapex|40/100|[from] item: Leftovers
|-damage|p2a: Decidueye|12/100 tox|[from] psn
|-fieldend|move: Trick Room
|upkeep
|turn|6
|inactive|lkhjgghfddgg has 30 seconds left.
|
|t:|1784743838
|move|p1b: Toxapex|Baneful Bunker|p1b: Toxapex
|-singleturn|p1b: Toxapex|move: Protect
|move|p2b: Skarmory|Drill Run|p1b: Toxapex
|-activate|p1b: Toxapex|move: Protect
|move|p1a: Blastoise|Rain Dance|p1a: Blastoise
|-weather|RainDance
|move|p2a: Decidueye|Leaf Blade|p1b: Toxapex
|-activate|p1b: Toxapex|move: Protect
|
|-weather|RainDance|[upkeep]
|-heal|p1b: Toxapex|46/100|[from] item: Leftovers
|-damage|p2a: Decidueye|0 fnt|[from] psn
|faint|p2a: Decidueye
|upkeep
|
|t:|1784743863
|switch|p2a: Tyrantrum|Tyrantrum, L50, M|100/100
|turn|7
|inactive|lkhjgghfddgg has 30 seconds left.
|
|t:|1784743893
|move|p2a: Tyrantrum|Protect|p2a: Tyrantrum
|-singleturn|p2a: Tyrantrum|Protect
|move|p1a: Blastoise|Protect|p1a: Blastoise
|-singleturn|p1a: Blastoise|Protect
|move|p2b: Skarmory|Drill Peck|p1a: Blastoise
|-activate|p1a: Blastoise|move: Protect
|move|p1b: Toxapex|Recover|p1b: Toxapex
|-heal|p1b: Toxapex|96/100
|
|-weather|RainDance|[upkeep]
|-heal|p1b: Toxapex|100/100|[from] item: Leftovers
|upkeep
|turn|8
|inactive|gwen1126 has 30 seconds left.
|
|t:|1784743920
|move|p2a: Tyrantrum|Head Smash|p1b: Toxapex|[miss]
|-miss|p2a: Tyrantrum|p1b: Toxapex
|move|p2b: Skarmory|Drill Peck|p1a: Blastoise
|-damage|p1a: Blastoise|0 fnt
|faint|p1a: Blastoise
|move|p1b: Toxapex|Toxic|p2a: Tyrantrum
|-status|p2a: Tyrantrum|tox
|
|-weather|RainDance|[upkeep]
|-damage|p2a: Tyrantrum|94/100 tox|[from] psn
|upkeep
|
|t:|1784743931
|switch|p1a: Archaludon|Archaludon, L50, F|100/100
|turn|9
|
|t:|1784743956
|move|p1b: Toxapex|Baneful Bunker|p1b: Toxapex
|-singleturn|p1b: Toxapex|move: Protect
|move|p2a: Tyrantrum|Scale Shot|p1a: Archaludon
|-damage|p1a: Archaludon|90/100
|-ability|p1a: Archaludon|Stamina|boost
|-boost|p1a: Archaludon|def|1
|-damage|p1a: Archaludon|84/100
|-ability|p1a: Archaludon|Stamina|boost
|-boost|p1a: Archaludon|def|1
|-damage|p1a: Archaludon|79/100
|-ability|p1a: Archaludon|Stamina|boost
|-boost|p1a: Archaludon|def|1
|-hitcount|p1a: Archaludon|3
|-unboost|p2a: Tyrantrum|def|1
|-boost|p2a: Tyrantrum|spe|1
|move|p2b: Skarmory|Drill Run|p1a: Archaludon
|-supereffective|p1a: Archaludon|1
|-crit|p1a: Archaludon
|-damage|p1a: Archaludon|8/100
|-ability|p1a: Archaludon|Stamina|boost
|-boost|p1a: Archaludon|def|1
|move|p1a: Archaludon|Electro Shot||[still]
|-prepare|p1a: Archaludon|Electro Shot
|-boost|p1a: Archaludon|spa|1
|-anim|p1a: Archaludon|Electro Shot|p2b: Skarmory
|-supereffective|p2b: Skarmory|1
|-damage|p2b: Skarmory|0 fnt
|faint|p2b: Skarmory
|
|-weather|RainDance|[upkeep]
|-damage|p2a: Tyrantrum|83/100 tox|[from] psn
|upkeep
|inactive|lkhjgghfddgg has 30 seconds left.
|
|t:|1784743981
|switch|p2b: Falinks|Falinks, L50|100/100
|turn|10
|inactive|lkhjgghfddgg has 30 seconds left.
|
|t:|1784744011
|move|p2b: Falinks|First Impression|p1a: Archaludon
|-resisted|p1a: Archaludon|1
|-crit|p1a: Archaludon
|-damage|p1a: Archaludon|0 fnt
|faint|p1a: Archaludon
|move|p2a: Tyrantrum|Scale Shot|p1b: Toxapex
|-damage|p1b: Toxapex|91/100
|-damage|p1b: Toxapex|83/100
|-hitcount|p1b: Toxapex|2
|-unboost|p2a: Tyrantrum|def|1
|-boost|p2a: Tyrantrum|spe|1
|move|p1b: Toxapex|Toxic|p2b: Falinks
|-status|p2b: Falinks|tox
|
|-weather|none
|-heal|p1b: Toxapex|89/100|[from] item: Leftovers
|-damage|p2a: Tyrantrum|66/100 tox|[from] psn
|-damage|p2b: Falinks|94/100 tox|[from] psn
|upkeep
|turn|11
|inactive|lkhjgghfddgg has 30 seconds left.
|
|t:|1784744039
|move|p1b: Toxapex|Baneful Bunker|p1b: Toxapex
|-singleturn|p1b: Toxapex|move: Protect
|move|p2a: Tyrantrum|Psychic Fangs|p1b: Toxapex
|-activate|p1b: Toxapex|move: Protect
|move|p2b: Falinks|Body Press|p1b: Toxapex
|-activate|p1b: Toxapex|move: Protect
|
|-heal|p1b: Toxapex|94/100|[from] item: Leftovers
|-damage|p2a: Tyrantrum|43/100 tox|[from] psn
|-damage|p2b: Falinks|82/100 tox|[from] psn
|upkeep
|turn|12
|
|t:|1784744059
|move|p2a: Tyrantrum|Head Smash|p1b: Toxapex
|-damage|p1b: Toxapex|44/100
|move|p2b: Falinks|Body Press|p1b: Toxapex
|-resisted|p1b: Toxapex|1
|-damage|p1b: Toxapex|35/100
|move|p1b: Toxapex|Recover|p1b: Toxapex
|-heal|p1b: Toxapex|85/100
|
|-heal|p1b: Toxapex|91/100|[from] item: Leftovers
|-damage|p2a: Tyrantrum|15/100 tox|[from] psn
|-damage|p2b: Falinks|64/100 tox|[from] psn
|upkeep
|turn|13
|
|t:|1784744075
|move|p1b: Toxapex|Baneful Bunker|p1b: Toxapex
|-singleturn|p1b: Toxapex|move: Protect
|move|p2a: Tyrantrum|Head Smash|p1b: Toxapex
|-activate|p1b: Toxapex|move: Protect
|move|p2b: Falinks|No Retreat|p2b: Falinks
|-boost|p2b: Falinks|atk|1
|-boost|p2b: Falinks|def|1
|-boost|p2b: Falinks|spa|1
|-boost|p2b: Falinks|spd|1
|-boost|p2b: Falinks|spe|1
|-start|p2b: Falinks|move: No Retreat
|
|-heal|p1b: Toxapex|96/100|[from] item: Leftovers
|-damage|p2a: Tyrantrum|0 fnt|[from] psn
|faint|p2a: Tyrantrum
|-damage|p2b: Falinks|40/100 tox|[from] psn
|upkeep
|turn|14
|
|t:|1784744100
|move|p2b: Falinks|Body Press|p1b: Toxapex
|-resisted|p1b: Toxapex|1
|-damage|p1b: Toxapex|84/100
|move|p1b: Toxapex|Hex|p2b: Falinks
|-crit|p2b: Falinks
|-damage|p2b: Falinks|4/100 tox
|
|-heal|p1b: Toxapex|90/100|[from] item: Leftovers
|-damage|p2b: Falinks|0 fnt|[from] psn
|faint|p2b: Falinks
|
|win|gwen1126
|l|☆lkhjgghfddgg
|player|p2|
|inactive|gwen1126 has 30 seconds to confirm battle start!
|inactive|lkhjgghfddgg has 30 seconds to confirm battle start!
||gwen1126 is ready for game 2.
