|j|☆Avocadobabyyy
|j|☆roman_legend
|html|Avocadobabyyyroman_legend    
|uhtml|bestof|Game 1 of a best-of-3
|t:|1756913952
|gametype|doubles
|player|p1|Avocadobabyyy|dawn|1040
|player|p2|roman_legend|nate-masters|1110
|gen|9
|tier|[Gen 9] VGC 2025 Reg H (Bo3)
|rated|
|rule|Species Clause: Limit one of each Pokémon
|rule|Item Clause: Limit 1 of each item
|clearpoke
|poke|p1|Amoonguss, L50, F|
|poke|p1|Incineroar, L50, F|
|poke|p1|Dragapult, L50, F|
|poke|p1|Farigiraf, L50, F|
|poke|p1|Ninetales-Alola, L50, F|
|poke|p1|Ursaluna-Bloodmoon, L50, M|
|poke|p2|Gholdengo, L50|
|poke|p2|Sneasler, L50, M|
|poke|p2|Rillaboom, L50, M|
|poke|p2|Dragonite, L50, F|
|poke|p2|Ninetales-Alola, L50, F|
|poke|p2|Arcanine-Hisui, L50, F|
|teampreview|4
|showteam|p1|Amoonguss||MentalHerb|Regenerator|Spore,RagePowder,SludgeBomb,Protect|||F|||50|,,,,,Water]Incineroar||AssaultVest|Intimidate|FlareBlitz,KnockOff,FakeOut,Uturn|||F|||50|,,,,,Grass]Dragapult||ChoiceBand|ClearBody|DragonDarts,Uturn,PhantomForce,SuckerPunch|||F|||50|,,,,,Dragon]Farigiraf||SafetyGoggles|ArmorTail|TwinBeam,DazzlingGleam,TrickRoom,HelpingHand|||F|||50|,,,,,Fairy]Ninetales-Alola||FocusSash|SnowWarning|Blizzard,AuroraVeil,Moonblast,Encore|||F|||50|,,,,,Ghost]Ursaluna-Bloodmoon||LifeOrb|MindsEye|HyperVoice,BloodMoon,EarthPower,Protect|||M|||50|,,,,,Normal
|showteam|p2|Gholdengo||GrassySeed|GoodasGold|NastyPlot,MakeItRain,ShadowBall,Protect||||||50|,,,,,Water]Sneasler||WhiteHerb|Unburden|CloseCombat,DireClaw,Coaching,Protect|||M|||50|,,,,,Ghost]Rillaboom||AssaultVest|GrassySurge|FakeOut,GrassyGlide,DrumBeating,HighHorsepower|||M|||50|,,,,,Fire]Dragonite||LoadedDice|Multiscale|ScaleShot,StompingTantrum,Tailwind,Protect|||F|||50|,,,,,Ground]Ninetales-Alola||FocusSash|SnowWarning|Blizzard,IcyWind,Encore,AuroraVeil|||F|||50|,,,,,Ghost]Arcanine-Hisui||ClearAmulet|Intimidate|RockSlide,FlareBlitz,ExtremeSpeed,Protect|||F|||50|,,,,,Water
|inactive|Battle timer is ON: inactive players will automatically lose when time's up. (requested by roman_legend)
|
|t:|1756913996
|teamsize|p1|4
|teamsize|p2|4
|start
|switch|p1a: Dragapult|Dragapult, L50, F|100/100
|switch|p1b: Incineroar|Incineroar, L50, F|100/100
|switch|p2a: Gholdengo|Gholdengo, L50, shiny|100/100
|switch|p2b: Ninetales|Ninetales-Alola, L50, F|100/100
|-weather|Snowscape|[from] ability: Snow Warning|[of] p2b: Ninetales
|-ability|p1b: Incineroar|Intimidate|boost
|-unboost|p2a: Gholdengo|atk|1
|-unboost|p2b: Ninetales|atk|1
|turn|1
|inactive|Avocadobabyyy has 30 seconds left.
|inactive|roman_legend has 30 seconds left.
|inactive|Avocadobabyyy has 20 seconds left.
|inactive|roman_legend has 20 seconds left.
|inactive|Avocadobabyyy has 15 seconds left.
|inactive|roman_legend has 15 seconds left.
|inactive|Avocadobabyyy has 10 seconds left.
|inactive|Avocadobabyyy has 5 seconds left.
|
|t:|1756914050
|move|p2a: Gholdengo|Protect|p2a: Gholdengo
|-singleturn|p2a: Gholdengo|Protect
|move|p1b: Incineroar|Fake Out|p2b: Ninetales
|-damage|p2b: Ninetales|87/100
|move|p1a: Dragapult|Phantom Force||[still]
|-prepare|p1a: Dragapult|Phantom Force
|cant|p2b: Ninetales|flinch
|
|-weather|Snowscape|[upkeep]
|upkeep
|turn|2
|inactive|Avocadobabyyy has 30 seconds left.
|inactive|roman_legend has 30 seconds left.
|inactive|Avocadobabyyy has 20 seconds left.
|inactive|roman_legend has 20 seconds left.
|
|t:|1756914089
|switch|p1b: Farigiraf|Farigiraf, L50, F|100/100
|-terastallize|p2a: Gholdengo|Water
|move|p1a: Dragapult|Phantom Force|p2a: Gholdengo|[from] lockedmove
|-damage|p2a: Gholdengo|29/100
|move|p2b: Ninetales|Aurora Veil|p2b: Ninetales
|-sidestart|p2: roman_legend|move: Aurora Veil
|move|p2a: Gholdengo|Shadow Ball|p1a: Dragapult
|-supereffective|p1a: Dragapult
|-damage|p1a: Dragapult|0 fnt
|faint|p1a: Dragapult
|
|-weather|Snowscape|[upkeep]
|upkeep
|
|t:|1756914105
|switch|p1a: Incineroar|Incineroar, L50, F|100/100
|-ability|p1a: Incineroar|Intimidate|boost
|-unboost|p2a: Gholdengo|atk|1
|-unboost|p2b: Ninetales|atk|1
|turn|3
|
|t:|1756914136
|switch|p2b: Arcanine|Arcanine-Hisui, L50, F, shiny|100/100
|-ability|p2b: Arcanine|Intimidate|boost
|-unboost|p1a: Incineroar|atk|1
|-unboost|p1b: Farigiraf|atk|1
|move|p2a: Gholdengo|Protect|p2a: Gholdengo
|-singleturn|p2a: Gholdengo|Protect
|move|p1a: Incineroar|U-turn|p2b: Arcanine
|-resisted|p2b: Arcanine
|-damage|p2b: Arcanine|95/100
|
|t:|1756914145
|switch|p1a: Ursaluna|Ursaluna-Bloodmoon, L50, M|100/100|[from] U-turn
|move|p1b: Farigiraf|Trick Room|p1b: Farigiraf
|-fieldstart|move: Trick Room|[of] p1b: Farigiraf
|
|-weather|Snowscape|[upkeep]
|upkeep
|turn|4
|
|t:|1756914169
|switch|p1b: Incineroar|Incineroar, L50, F|100/100
|-ability|p1b: Incineroar|Intimidate|boost
|-unboost|p2a: Gholdengo|atk|1
|-fail|p2b: Arcanine|unboost|[from] item: Clear Amulet|[of] p2b: Arcanine
|switch|p2a: Ninetales|Ninetales-Alola, L50, F|87/100
|move|p1a: Ursaluna|Protect|p1a: Ursaluna
|-singleturn|p1a: Ursaluna|Protect
|move|p2b: Arcanine|Flare Blitz|p1a: Ursaluna
|-activate|p1a: Ursaluna|move: Protect
|
|-weather|Snowscape|[upkeep]
|upkeep
|turn|5
|
|t:|1756914187
|-terastallize|p1a: Ursaluna|Normal
|move|p1b: Incineroar|Fake Out|p2b: Arcanine
|-resisted|p2b: Arcanine
|-damage|p2b: Arcanine|89/100
|move|p1a: Ursaluna|Hyper Voice|p2a: Ninetales|[spread] p2a,p2b
|-resisted|p2b: Arcanine
|-damage|p2a: Ninetales|33/100
|-damage|p2b: Arcanine|61/100
|-damage|p1a: Ursaluna|91/100|[from] item: Life Orb
|cant|p2b: Arcanine|flinch
|move|p2a: Ninetales|Blizzard|p1a: Ursaluna|[spread] p1a,p1b
|-resisted|p1b: Incineroar
|-damage|p1a: Ursaluna|54/100
|-damage|p1b: Incineroar|92/100
|
|-weather|none
|upkeep
|turn|6
|inactive|roman_legend has 30 seconds left.
|inactive|roman_legend has 20 seconds left.
|inactive|roman_legend has 15 seconds left.
|inactive|roman_legend has 10 seconds left.
|
|t:|1756914234
|move|p1a: Ursaluna|Earth Power|p2b: Arcanine
|-supereffective|p2b: Arcanine
|-damage|p2b: Arcanine|0 fnt
|faint|p2b: Arcanine
|-damage|p1a: Ursaluna|44/100|[from] item: Life Orb
|move|p1b: Incineroar|Flare Blitz|p2a: Ninetales
|-supereffective|p2a: Ninetales
|-damage|p2a: Ninetales|0 fnt
|faint|p2a: Ninetales
|-damage|p1b: Incineroar|84/100|[from] Recoil
|
|-sideend|p2: roman_legend|move: Aurora Veil
|upkeep
|
|t:|1756914236
|switch|p2b: Rillaboom|Rillaboom, L50, M|100/100
|switch|p2a: Gholdengo|Gholdengo, L50, shiny, tera:Water|29/100
|-fieldstart|move: Grassy Terrain|[from] ability: Grassy Surge|[of] p2b: Rillaboom
|-enditem|p2a: Gholdengo|Grassy Seed
|-boost|p2a: Gholdengo|def|1|[from] item: Grassy Seed
|turn|7
|inactive|Avocadobabyyy has 30 seconds left.
|inactive|Avocadobabyyy has 20 seconds left.
|inactive|roman_legend has 30 seconds left.
|inactive|Avocadobabyyy has 15 seconds left.
|inactive|Avocadobabyyy has 10 seconds left.
|inactive|roman_legend has 20 seconds left.
|
|t:|1756914284
|switch|p1a: Farigiraf|Farigiraf, L50, F|100/100
|move|p2b: Rillaboom|Fake Out||[still]
|cant|p1a: Farigiraf|ability: Armor Tail|Fake Out|[of] p2b: Rillaboom
|move|p1b: Incineroar|U-turn|p2b: Rillaboom
|-supereffective|p2b: Rillaboom
|-damage|p2b: Rillaboom|54/100
|
|t:|1756914299
|switch|p1b: Ursaluna|Ursaluna-Bloodmoon, L50, M, tera:Normal|44/100|[from] U-turn
|move|p2a: Gholdengo|Make It Rain|p1a: Farigiraf|[spread] p1a,p1b
|-damage|p1a: Farigiraf|59/100
|-damage|p1b: Ursaluna|0 fnt
|-unboost|p2a: Gholdengo|spa|1
|faint|p1b: Ursaluna
|
|-heal|p1a: Farigiraf|66/100|[from] Grassy Terrain
|-heal|p2a: Gholdengo|35/100|[from] Grassy Terrain
|-heal|p2b: Rillaboom|60/100|[from] Grassy Terrain
|-fieldend|move: Trick Room
|upkeep
|
|t:|1756914306
|switch|p1b: Incineroar|Incineroar, L50, F|84/100
|-ability|p1b: Incineroar|Intimidate|boost
|-unboost|p2a: Gholdengo|atk|1
|-unboost|p2b: Rillaboom|atk|1
|turn|8
|inactive|Avocadobabyyy has 30 seconds left.
|
|t:|1756914332
|move|p1b: Incineroar|Fake Out|p2b: Rillaboom
|-damage|p2b: Rillaboom|47/100
|cant|p2b: Rillaboom|flinch
|move|p2a: Gholdengo|Nasty Plot|p2a: Gholdengo
|-boost|p2a: Gholdengo|spa|2
|move|p1a: Farigiraf|Twin Beam|p2a: Gholdengo
|-damage|p2a: Gholdengo|16/100
|-damage|p2a: Gholdengo|0 fnt
|faint|p2a: Gholdengo
|-hitcount|p2: Gholdengo|2
|
|-heal|p2b: Rillaboom|53/100|[from] Grassy Terrain
|-heal|p1a: Farigiraf|72/100|[from] Grassy Terrain
|-heal|p1b: Incineroar|90/100|[from] Grassy Terrain
|upkeep
|turn|9
|-message|roman_legend forfeited.
|
|win|Avocadobabyyy
||roman_legend is ready for game 2.
||Avocadobabyyy is ready for game 2.
|uhtml|next|Next: Game 2 of 3
