|j|☆spellbreakvgc
|j|☆Bob Ravioli
|html|spellbreakvgcBob Ravioli    
|uhtml|bestof|Game 1 of a best-of-3
|t:|1756760831
|gametype|doubles
|player|p1|spellbreakvgc|lance|1135
|player|p2|Bob Ravioli|steven|1243
|gen|9
|tier|[Gen 9] VGC 2025 Reg H (Bo3)
|rated|
|rule|Species Clause: Limit one of each Pokémon
|rule|Item Clause: Limit 1 of each item
|clearpoke
|poke|p1|Charizard, L50, F|
|poke|p1|Torkoal, L50, M|
|poke|p1|Porygon2, L50|
|poke|p1|Incineroar, L50, M|
|poke|p1|Jumpluff, L50, F|
|poke|p1|Ursaluna, L50, F|
|poke|p2|Ursaluna, L50, M|
|poke|p2|Torkoal, L50, M|
|poke|p2|Indeedee-F, L50, F|
|poke|p2|Hatterene, L50, F|
|poke|p2|Gallade, L50, M|
|poke|p2|Lilligant-Hisui, L50, F|
|teampreview|4
|showteam|p1|Charizard||ChoiceSpecs|SolarPower|HeatWave,DragonPulse,WeatherBall,AirSlash|||F|||50|,,,,,Ghost]Torkoal||EjectPack|Drought|Eruption,Overheat,HelpingHand,Protect|||M|||50|,,,,,Fire]Porygon2||Eviolite|Download|TeraBlast,IceBeam,Recover,TrickRoom||||||50|,,,,,Fighting]Incineroar||SitrusBerry|Intimidate|FlareBlitz,KnockOff,FakeOut,PartingShot|||M|||50|,,,,,Ghost]Jumpluff||CovertCloak|Chlorophyll|SleepPowder,SunnyDay,RagePowder,Tailwind|||F|||50|,,,,,Water]Ursaluna||FlameOrb|Guts|HeadlongRush,Facade,Earthquake,Protect|||F|||50|,,,,,Ghost
|showteam|p2|Ursaluna||FlameOrb|Guts|Protect,Facade,Earthquake,HeadlongRush|||M|||50|,,,,,Ghost]Torkoal||Charcoal|Drought|Eruption,HeatWave,WeatherBall,Protect|||M|||50|,,,,,Fire]Indeedee-F||SafetyGoggles|PsychicSurge|Psychic,FollowMe,HelpingHand,TrickRoom|||F|||50|,,,,,Water]Hatterene||CovertCloak|MagicBounce|Protect,ExpandingForce,DazzlingGleam,TrickRoom|||F|||50|,,,,,Psychic]Gallade||ClearAmulet|Sharpness|PsychoCut,SacredSword,WideGuard,TrickRoom|||M|||50|,,,,,Grass]Lilligant-Hisui||FocusSash|Chlorophyll|SolarBlade,CloseCombat,SleepPowder,AfterYou|||F|||50|,,,,,Ghost
|inactive|Battle timer is ON: inactive players will automatically lose when time's up. (requested by Bob Ravioli)
|inactive|spellbreakvgc has 60 seconds left.
|
|t:|1756760883
|teamsize|p1|4
|teamsize|p2|4
|start
|switch|p1a: Porygon2|Porygon2, L50|100/100
|switch|p1b: Incineroar|Incineroar, L50, M|100/100
|switch|p2a: Indeedee|Indeedee-F, L50, F|100/100
|switch|p2b: Gallade|Gallade, L50, M|100/100
|-ability|p1b: Incineroar|Intimidate|boost
|-unboost|p2a: Indeedee|atk|1
|-fail|p2b: Gallade|unboost|[from] item: Clear Amulet|[of] p2b: Gallade
|-fieldstart|move: Psychic Terrain|[from] ability: Psychic Surge|[of] p2a: Indeedee
|-ability|p1a: Porygon2|Download|boost
|-boost|p1a: Porygon2|atk|1
|turn|1
|inactive|spellbreakvgc has 30 seconds left.
|inactive|Bob Ravioli has 30 seconds left.
|inactive|spellbreakvgc has 20 seconds left.
|inactive|Bob Ravioli has 20 seconds left.
|inactive|spellbreakvgc has 15 seconds left.
|inactive|Bob Ravioli has 15 seconds left.
|inactive|spellbreakvgc has 10 seconds left.
|inactive|Bob Ravioli has 10 seconds left.
|inactive|Bob Ravioli has 5 seconds left.
|
|t:|1756760934
|-terastallize|p1b: Incineroar|Ghost
|move|p1b: Incineroar|Knock Off|p2a: Indeedee
|-supereffective|p2a: Indeedee
|-damage|p2a: Indeedee|11/100
|-enditem|p2a: Indeedee|Safety Goggles|[from] move: Knock Off|[of] p1b: Incineroar
|move|p2b: Gallade|Sacred Sword|p1b: Incineroar
|-immune|p1b: Incineroar
|move|p2a: Indeedee|Psychic|p1a: Porygon2
|-damage|p1a: Porygon2|75/100
|move|p1a: Porygon2|Trick Room|p1a: Porygon2
|-fieldstart|move: Trick Room|[of] p1a: Porygon2
|
|upkeep
|turn|2
|inactive|Bob Ravioli has 30 seconds left.
|inactive|Bob Ravioli has 20 seconds left.
|
|t:|1756760969
|switch|p2a: Hatterene|Hatterene, L50, F|100/100
|switch|p1b: Torkoal|Torkoal, L50, M|100/100
|-weather|SunnyDay|[from] ability: Drought|[of] p1b: Torkoal
|move|p1a: Porygon2|Ice Beam|p2a: Hatterene
|-damage|p2a: Hatterene|71/100
|move|p2b: Gallade|Sacred Sword|p1a: Porygon2
|-supereffective|p1a: Porygon2
|-damage|p1a: Porygon2|0 fnt
|faint|p1a: Porygon2
|
|-weather|SunnyDay|[upkeep]
|upkeep
|
|t:|1756760993
|switch|p1a: Incineroar|Incineroar, L50, M, tera:Ghost|100/100
|-ability|p1a: Incineroar|Intimidate|boost
|-unboost|p2a: Hatterene|atk|1
|-fail|p2b: Gallade|unboost|[from] item: Clear Amulet|[of] p2b: Gallade
|turn|3
|inactive|Bob Ravioli has 30 seconds left.
|
|t:|1756761025
|move|p1b: Torkoal|Overheat|p2b: Gallade
|-damage|p2b: Gallade|29/100
|-unboost|p1b: Torkoal|spa|2
|-enditem|p1b: Torkoal|Eject Pack
|
|t:|1756761032
|switch|p1b: Ursaluna|Ursaluna, L50, F|100/100
|move|p2a: Hatterene|Expanding Force|p1b: Ursaluna|[spread] p1a,p1b
|-damage|p1a: Incineroar|32/100
|-damage|p1b: Ursaluna|37/100
|-enditem|p1a: Incineroar|Sitrus Berry|[eat]
|-heal|p1a: Incineroar|57/100|[from] item: Sitrus Berry
|move|p2b: Gallade|Psycho Cut|p1b: Ursaluna
|-crit|p1b: Ursaluna
|-damage|p1b: Ursaluna|0 fnt
|faint|p1b: Ursaluna
|move|p1a: Incineroar|Flare Blitz|p2b: Gallade
|-damage|p2b: Gallade|0 fnt
|faint|p2b: Gallade
|-damage|p1a: Incineroar|49/100|[from] Recoil
|
|-weather|SunnyDay|[upkeep]
|upkeep
|
|t:|1756761050
|switch|p1b: Torkoal|Torkoal, L50, M|100/100
|switch|p2b: Ursaluna|Ursaluna, L50, M|100/100
|turn|4
|inactive|Bob Ravioli has 30 seconds left.
|
|t:|1756761077
|move|p2a: Hatterene|Protect|p2a: Hatterene
|-singleturn|p2a: Hatterene|Protect
|move|p1b: Torkoal|Eruption|p2a: Hatterene|[spread] p2b
|-activate|p2a: Hatterene|move: Protect
|-damage|p2b: Ursaluna|39/100
|move|p2b: Ursaluna|Headlong Rush|p1a: Incineroar
|-damage|p1a: Incineroar|0 fnt
|-unboost|p2b: Ursaluna|def|1
|-unboost|p2b: Ursaluna|spd|1
|faint|p1a: Incineroar
|
|-weather|SunnyDay|[upkeep]
|-status|p2b: Ursaluna|brn|[from] item: Flame Orb
|upkeep
|turn|5
|
|t:|1756761093
|move|p2a: Hatterene|Protect||[still]
|-fail|p2a: Hatterene
|move|p2b: Ursaluna|Protect|p2b: Ursaluna
|-singleturn|p2b: Ursaluna|Protect
|move|p1b: Torkoal|Eruption|p2b: Ursaluna|[spread] p2a
|-activate|p2b: Ursaluna|move: Protect
|-damage|p2a: Hatterene|0 fnt
|faint|p2a: Hatterene
|
|-weather|SunnyDay|[upkeep]
|-damage|p2b: Ursaluna|33/100 brn|[from] brn
|-fieldend|move: Trick Room
|-fieldend|move: Psychic Terrain
|upkeep
|
|t:|1756761096
|switch|p2a: Indeedee|Indeedee-F, L50, F|11/100
|-fieldstart|move: Psychic Terrain|[from] ability: Psychic Surge|[of] p2a: Indeedee
|turn|6
|-message|spellbreakvgc forfeited.
|
|win|Bob Ravioli
