|j|☆Camerupt4Ever
|j|☆PokeMooney
|html|Camerupt4EverPokeMooney    
|uhtml|bestof|Game 2 of a best-of-3
|t:|1756649688
|gametype|doubles
|player|p1|Camerupt4Ever|flannery|1116
|player|p2|PokeMooney|giovanni|1160
|gen|9
|tier|[Gen 9] VGC 2025 Reg H (Bo3)
|rated|
|rule|Species Clause: Limit one of each Pokémon
|rule|Item Clause: Limit 1 of each item
|clearpoke
|poke|p1|Wyrdeer, L50, F|
|poke|p1|Indeedee-F, L50, F|
|poke|p1|Annihilape, L50, F|
|poke|p1|Torkoal, L50, F|
|poke|p1|Delphox, L50, F|
|poke|p1|Kingambit, L50, F|
|poke|p2|Garchomp, L50, F|
|poke|p2|Gholdengo, L50|
|poke|p2|Talonflame, L50, M|
|poke|p2|Weezing-Galar, L50, F|
|poke|p2|Gyarados, L50, M|
|poke|p2|Amoonguss, L50, F|
|teampreview|4
|showteam|p1|Wyrdeer||Leftovers|Intimidate|Protect,TrickRoom,ExpandingForce,EarthPower|||F|||50|,,,,,Ground]Indeedee-F||RockyHelmet|PsychicSurge|Imprison,FollowMe,TrickRoom,Psychic|||F|||50|,,,,,Grass]Annihilape||SafetyGoggles|Defiant|DrainPunch,Taunt,RageFist,Protect|||F|||50|,,,,,Fire]Torkoal||Charcoal|Drought|Eruption,HelpingHand,Protect,WeatherBall|||F|||50|,,,,,Grass]Delphox||ChoiceScarf|Blaze|HeatWave,ExpandingForce,DazzlingGleam,Flamethrower|||F|||50|,,,,,Fairy]Kingambit||AssaultVest|Defiant|KowtowCleave,SuckerPunch,IronHead,LowKick|||F|||50|,,,,,Poison
|showteam|p2|Garchomp||LifeOrb|RoughSkin|Earthquake,StompingTantrum,DragonClaw,Protect|||F|||50|,,,,,Steel]Gholdengo||MetalCoat|GoodasGold|MakeItRain,ShadowBall,NastyPlot,Protect||||||50|,,,,,Flying]Talonflame||CovertCloak|GaleWings|DualWingbeat,WillOWisp,FlareBlitz,Tailwind|||M|||50|,,,,,Stellar]Weezing-Galar||ChoiceSpecs|NeutralizingGas|SludgeBomb,StrangeSteam,DazzlingGleam,Flamethrower|||F|||50|,,,,,Grass]Gyarados||AbilityShield|Intimidate|Waterfall,Protect,ThunderWave,Taunt|||M|||50|,,,,,Grass]Amoonguss||SitrusBerry|Regenerator|Spore,RagePowder,PollenPuff,Protect|||F|||50|,,,,,Water
|
|t:|1756649718
|teamsize|p1|4
|teamsize|p2|4
|start
|switch|p1a: Wyrdeer|Wyrdeer, L50, F|100/100
|switch|p1b: Indeedee|Indeedee-F, L50, F|100/100
|switch|p2a: Weezing|Weezing-Galar, L50, F|100/100
|switch|p2b: Talonflame|Talonflame, L50, M|100/100
|-ability|p2a: Weezing|Neutralizing Gas
|turn|1
|
|t:|1756649776
|-terastallize|p2a: Weezing|Grass
|move|p1b: Indeedee|Follow Me|p1b: Indeedee
|-singleturn|p1b: Indeedee|move: Follow Me
|move|p2b: Talonflame|Flare Blitz|p1b: Indeedee
|-damage|p1b: Indeedee|58/100
|-damage|p2b: Talonflame|84/100|[from] item: Rocky Helmet|[of] p1b: Indeedee
|-damage|p2b: Talonflame|68/100|[from] Recoil
|move|p2a: Weezing|Sludge Bomb|p1b: Indeedee
|-damage|p1b: Indeedee|4/100
|-status|p1b: Indeedee|psn
|move|p1a: Wyrdeer|Trick Room|p1a: Wyrdeer
|-fieldstart|move: Trick Room|[of] p1a: Wyrdeer
|
|-damage|p1b: Indeedee|0 fnt|[from] psn
|faint|p1b: Indeedee
|upkeep
|l|☆Camerupt4Ever
|player|p1|
|j|☆Camerupt4Ever
|player|p1|Camerupt4Ever|flannery|
|
|t:|1756649806
|switch|p1b: Kingambit|Kingambit, L50, F|100/100
|turn|2
|
|t:|1756649834
|switch|p2b: Gyarados|Gyarados, L50, M|100/100
|-ability|p2b: Gyarados|Intimidate|boost
|-unboost|p1a: Wyrdeer|atk|1
|-unboost|p1b: Kingambit|atk|1
|move|p1a: Wyrdeer|Expanding Force|p2b: Gyarados
|-damage|p2b: Gyarados|74/100
|move|p1b: Kingambit|Kowtow Cleave|p2b: Gyarados
|-damage|p2b: Gyarados|43/100
|move|p2a: Weezing|Sludge Bomb|p1a: Wyrdeer
|-damage|p1a: Wyrdeer|42/100
|-status|p1a: Wyrdeer|psn
|
|-heal|p1a: Wyrdeer|48/100 psn|[from] item: Leftovers
|-damage|p1a: Wyrdeer|36/100 psn|[from] psn
|upkeep
|turn|3
|
|t:|1756649877
|move|p2b: Gyarados|Protect|p2b: Gyarados
|-singleturn|p2b: Gyarados|Protect
|move|p1b: Kingambit|Sucker Punch|p2a: Weezing
|-damage|p2a: Weezing|75/100
|move|p1a: Wyrdeer|Expanding Force|p2b: Gyarados
|-activate|p2b: Gyarados|move: Protect
|move|p2a: Weezing|Sludge Bomb|p1a: Wyrdeer
|-damage|p1a: Wyrdeer|0 fnt
|faint|p1a: Wyrdeer
|
|upkeep
|
|t:|1756649885
|switch|p1a: Annihilape|Annihilape, L50, F|100/100
|turn|4
|
|t:|1756649922
|-end|p2a: Weezing|ability: Neutralizing Gas
|switch|p2a: Talonflame|Talonflame, L50, M|68/100
|move|p1b: Kingambit|Kowtow Cleave|p2a: Talonflame
|-damage|p2a: Talonflame|21/100
|move|p1a: Annihilape|Taunt|p2b: Gyarados
|-start|p2b: Gyarados|move: Taunt
|move|p2b: Gyarados|Waterfall|p1b: Kingambit
|-damage|p1b: Kingambit|77/100
|
|upkeep
|turn|5
|
|t:|1756649950
|switch|p2b: Weezing|Weezing-Galar, L50, F, tera:Grass|75/100
|-ability|p2b: Weezing|Neutralizing Gas
|switch|p2a: Garchomp|Garchomp, L50, F|100/100
|move|p1b: Kingambit|Kowtow Cleave|p2b: Weezing
|-damage|p2b: Weezing|42/100
|move|p1a: Annihilape|Rage Fist|p2a: Garchomp
|-damage|p2a: Garchomp|74/100
|
|-fieldend|move: Trick Room
|upkeep
|turn|6
|
|t:|1756649990
|switch|p2a: Gyarados|Gyarados, L50, M|43/100
|-ability|p2a: Gyarados|Intimidate|boost
|-unboost|p1a: Annihilape|atk|1
|-unboost|p1b: Kingambit|atk|1
|move|p1b: Kingambit|Sucker Punch||[still]
|-fail|p1b: Kingambit
|move|p1a: Annihilape|Rage Fist|p2a: Gyarados
|-damage|p2a: Gyarados|25/100
|move|p2b: Weezing|Strange Steam|p1a: Annihilape
|-supereffective|p1a: Annihilape
|-damage|p1a: Annihilape|0 fnt
|faint|p1a: Annihilape
|
|upkeep
|turn|7
|
|t:|1756650022
|switch|p2a: Talonflame|Talonflame, L50, M|21/100
|move|p1b: Kingambit|Sucker Punch|p2b: Weezing
|-damage|p2b: Weezing|20/100
|move|p2b: Weezing|Strange Steam|p1b: Kingambit
|-damage|p1b: Kingambit|38/100
|
|upkeep
|turn|8
|
|t:|1756650035
|move|p1b: Kingambit|Sucker Punch|p2b: Weezing
|-damage|p2b: Weezing|0 fnt
|faint|p2b: Weezing
|-end|p2b: Weezing|ability: Neutralizing Gas
|move|p2a: Talonflame|Flare Blitz|p1b: Kingambit
|-supereffective|p1b: Kingambit
|-damage|p1b: Kingambit|0 fnt
|faint|p1b: Kingambit
|-damage|p2a: Talonflame|4/100|[from] Recoil
|
|win|PokeMooney
||Camerupt4Ever is ready for game 3.
