|j|☆Bay13
|j|☆sum1dum
|html|Bay13sum1dum    
|uhtml|bestof|Game 3 of a best-of-3
|t:|1784766912
|gametype|doubles
|player|p1|Bay13|266|1130
|player|p2|sum1dum|rosa|1140
|gen|9
|tier|[Gen 9 Champions] VGC 2026 Reg M-B (Bo3)
|rated|
|rule|Species Clause: Limit one of each Pokémon
|rule|Item Clause: Limit 1 of each item
|clearpoke
|poke|p1|Golurk, L50|
|poke|p1|Farigiraf, L50, F|
|poke|p1|Meganium, L50, M|
|poke|p1|Whimsicott, L50, F|
|poke|p1|Incineroar, L50, M|
|poke|p1|Basculegion, L50, M|
|poke|p2|Tyranitar, L50, F|
|poke|p2|Excadrill, L50, F|
|poke|p2|Meganium, L50, M|
|poke|p2|Corviknight, L50, F|
|poke|p2|Basculegion, L50, M|
|poke|p2|Kommo-o, L50, M, shiny|
|teampreview|4
|showteam|p1|Golurk||Golurkite|IronFist|HeadlongRush,ShadowPunch,CloseCombat,Protect|Adamant|||||50|]Farigiraf||SitrusBerry|ArmorTail|Psychic,Thunderbolt,HelpingHand,TrickRoom|Quiet||F|||50|]Meganium||Meganiumite|Overgrow|SolarBeam,WeatherBall,Synthesis,Protect|Timid||M|||50|]Whimsicott||FocusSash|Prankster|Moonblast,Tailwind,Encore,WorrySeed|Bold||F|||50|]Incineroar||WhiteHerb|Intimidate|FakeOut,FlareBlitz,DarkestLariat,CloseCombat|Adamant||M|||50|]Basculegion||ChoiceScarf|Adaptability|WaveCrash,LastRespects,AquaJet,PsychicFangs|Jolly||M|||50|
|showteam|p2|Tyranitar||Tyranitarite|SandStream|KnockOff,RockSlide,Protect,IcePunch|Adamant||F|||50|]Excadrill||FocusSash|SandRush|HighHorsepower,IronHead,RockSlide,Protect|Jolly||F|||50|]Meganium||Meganiumite|LeafGuard|WeatherBall,DazzlingGleam,SolarBeam,Protect|Modest||M|||50|]Corviknight||Leftovers|MirrorArmor|BraveBird,Roost,Tailwind,IronHead|Impish||F|||50|]Basculegion||ChoiceScarf|Adaptability|AquaJet,FlipTurn,LastRespects,WaveCrash|Adamant||M|||50|]Kommo-o||SitrusBerry|Overcoat|ClangorousSoul,ClangingScales,AuraSphere,Protect|Modest||M|||50|
|inactive|Battle timer is ON: inactive players will automatically lose when time's up. (requested by sum1dum)
|inactive|sum1dum has 60 seconds left.
|
|t:|1784766956
|teamsize|p1|4
|teamsize|p2|4
|start
|switch|p1a: Incineroar|Incineroar, L50, M|100/100
|switch|p1b: Whimsicott|Whimsicott, L50, F|100/100
|switch|p2a: Larinoth|Meganium, L50, M|100/100
|switch|p2b: Kushala Daora|Corviknight, L50, F|100/100
|-ability|p1a: Incineroar|Intimidate|boost
|-unboost|p2a: Larinoth|atk|1
|-ability|p2b: Kushala Daora|Mirror Armor
|-unboost|p1a: Incineroar|atk|1
|-enditem|p1a: Incineroar|White Herb
|-clearnegativeboost|p1a: Incineroar|[silent]
|turn|1
|
|t:|1784766972
|detailschange|p2a: Larinoth|Meganium-Mega, L50, M
|-mega|p2a: Larinoth|Meganium|Meganiumite
|move|p1b: Whimsicott|Tailwind|p1b: Whimsicott
|-sidestart|p1: Bay13|move: Tailwind
|move|p1a: Incineroar|Flare Blitz|p2a: Larinoth
|-supereffective|p2a: Larinoth|1
|-damage|p2a: Larinoth|0 fnt
|faint|p2a: Larinoth
|-damage|p1a: Incineroar|69/100|[from] Recoil
|move|p2b: Kushala Daora|Brave Bird|p1b: Whimsicott
|-supereffective|p1b: Whimsicott|1
|-damage|p1b: Whimsicott|38/100
|-damage|p2b: Kushala Daora|83/100|[from] Recoil
|
|-heal|p2b: Kushala Daora|89/100|[from] item: Leftovers
|upkeep
|
|t:|1784766984
|switch|p2a: Jyuratodus|Basculegion, L50, M|100/100
|turn|2
|
|t:|1784766997
|move|p1b: Whimsicott|Worry Seed|p2a: Jyuratodus
|-ability|p2a: Jyuratodus|Insomnia|Adaptability|[from] move: Worry Seed
|move|p2a: Jyuratodus|Wave Crash|p1a: Incineroar
|-supereffective|p1a: Incineroar|1
|-damage|p1a: Incineroar|0 fnt
|faint|p1a: Incineroar
|-damage|p2a: Jyuratodus|76/100|[from] Recoil
|move|p2b: Kushala Daora|Tailwind|p2b: Kushala Daora
|-sidestart|p2: sum1dum|move: Tailwind
|
|-heal|p2b: Kushala Daora|95/100|[from] item: Leftovers
|upkeep
|
|t:|1784767006
|switch|p1a: Meganium|Meganium, L50, M|100/100
|turn|3
|
|t:|1784767019
|switch|p2a: Nibelsnarf|Excadrill, L50, F|100/100
|detailschange|p1a: Meganium|Meganium-Mega, L50, M
|-mega|p1a: Meganium|Meganium|Meganiumite
|move|p1a: Meganium|Weather Ball|p2b: Kushala Daora
|-supereffective|p2b: Kushala Daora|1
|-damage|p2b: Kushala Daora|0 fnt
|faint|p2b: Kushala Daora
|move|p1b: Whimsicott|Moonblast|p2a: Nibelsnarf
|-resisted|p2a: Nibelsnarf|1
|-damage|p2a: Nibelsnarf|80/100
|
|upkeep
|
|t:|1784767021
|switch|p2b: Jyuratodus|Basculegion, L50, M|76/100
|turn|4
|
|t:|1784767035
|move|p1a: Meganium|Protect|p1a: Meganium
|-singleturn|p1a: Meganium|Protect
|move|p1b: Whimsicott|Worry Seed|p2b: Jyuratodus
|-ability|p2b: Jyuratodus|Insomnia|Adaptability|[from] move: Worry Seed
|move|p2b: Jyuratodus|Last Respects|p1a: Meganium
|-activate|p1a: Meganium|move: Protect
|move|p2a: Nibelsnarf|Iron Head|p1a: Meganium
|-activate|p1a: Meganium|move: Protect
|
|-sideend|p1: Bay13|move: Tailwind
|upkeep
|turn|5
|
|t:|1784767042
|move|p1b: Whimsicott|Tailwind|p1b: Whimsicott
|-sidestart|p1: Bay13|move: Tailwind
|move|p2b: Jyuratodus|Last Respects|p1a: Meganium
|-damage|p1a: Meganium|19/100
|move|p2a: Nibelsnarf|Iron Head|p1a: Meganium
|-supereffective|p1a: Meganium|1
|-damage|p1a: Meganium|0 fnt
|faint|p1a: Meganium
|
|-sideend|p2: sum1dum|move: Tailwind
|upkeep
|
|t:|1784767048
|switch|p1a: Golurk|Golurk, L50|100/100
|turn|6
|
|t:|1784767065
|move|p1a: Golurk|Protect|p1a: Golurk
|-singleturn|p1a: Golurk|Protect
|move|p1b: Whimsicott|Moonblast|p2b: Jyuratodus
|-damage|p2b: Jyuratodus|47/100
|move|p2b: Jyuratodus|Last Respects|p1a: Golurk
|-activate|p1a: Golurk|move: Protect
|move|p2a: Nibelsnarf|High Horsepower|p1a: Golurk
|-activate|p1a: Golurk|move: Protect
|
|upkeep
|turn|7
|
|t:|1784767089
|move|p1b: Whimsicott|Moonblast|p2b: Jyuratodus
|-damage|p2b: Jyuratodus|15/100
|move|p2b: Jyuratodus|Last Respects|p1a: Golurk
|-supereffective|p1a: Golurk|1
|-damage|p1a: Golurk|0 fnt
|faint|p1a: Golurk
|move|p2a: Nibelsnarf|Iron Head|p1b: Whimsicott
|-supereffective|p1b: Whimsicott|1
|-damage|p1b: Whimsicott|0 fnt
|faint|p1b: Whimsicott
|
|win|sum1dum
|raw|Bay13's rating: 1130 → 1106(-24 for losing)
|raw|sum1dum's rating: 1140 → 1164(+24 for winning)
