|j|☆Pelosis
|j|☆bcam1
|html|Pelosisbcam1    
|uhtml|bestof|Game 1 of a best-of-3
|t:|1784560565
|gametype|doubles
|player|p1|Pelosis|170|1135
|player|p2|bcam1|2|1116
|gen|9
|tier|[Gen 9 Champions] VGC 2026 Reg M-B (Bo3)
|rated|
|rule|Species Clause: Limit one of each Pokémon
|rule|Item Clause: Limit 1 of each item
|clearpoke
|poke|p1|Mawile, L50, F|
|poke|p1|Farigiraf, L50, F|
|poke|p1|Incineroar, L50, M|
|poke|p1|Torkoal, L50, M|
|poke|p1|Venusaur, L50, M|
|poke|p1|Scrafty, L50, M|
|poke|p2|Staraptor, L50, F|
|poke|p2|Farigiraf, L50, F|
|poke|p2|Garchomp, L50, F|
|poke|p2|Metagross, L50|
|poke|p2|Whimsicott, L50, F|
|poke|p2|Ceruledge, L50, F|
|teampreview|4
|showteam|p1|Mawile||Mawilite|HyperCutter|Protect,PlayRough,RockSlide,SuckerPunch|Brave||F|||50|]Farigiraf||SitrusBerry|ArmorTail|TrickRoom,TwinBeam,Thunderbolt,HelpingHand|Quiet||F|||50|]Incineroar||WhiteHerb|Intimidate|FakeOut,CloseCombat,FlareBlitz,DarkestLariat|Brave||M|||50|]Torkoal||Charcoal|Drought|Protect,Eruption,HeatWave,WeatherBall|Quiet||M|||50|]Venusaur||FocusSash|Chlorophyll|SleepPowder,EarthPower,EnergyBall,SludgeBomb|Modest||M|||50|]Scrafty||Scraftinite|Intimidate|FakeOut,CloseCombat,KnockOff,IcePunch|Brave||M|||50|
|showteam|p2|Staraptor||Staraptite|Intimidate|Protect,CloseCombat,BraveBird,Roost|Jolly||F|||50|]Farigiraf||SitrusBerry|ArmorTail|HelpingHand,Psychic,Thunderbolt,TrickRoom|Calm||F|||50|]Garchomp||LifeOrb|RoughSkin|Protect,StompingTantrum,RockSlide,DragonClaw|Jolly||F|||50|]Metagross||Metagrossite|ClearBody|Protect,IronHead,PsychicFangs,StompingTantrum|Adamant|||||50|]Whimsicott||FocusSash|Prankster|Moonblast,Tailwind,Charm,Encore|Timid||F|||50|]Ceruledge||ColburBerry|FlashFire|Protect,ShadowSneak,BitterBlade,BulkUp|Adamant||F|||50|
|inactive|Battle timer is ON: inactive players will automatically lose when time's up. (requested by bcam1)
|inactive|Pelosis has 60 seconds left.
|
|t:|1784560605
|teamsize|p1|4
|teamsize|p2|4
|start
|switch|p1a: Farigiraf|Farigiraf, L50, F|100/100
|switch|p1b: Incineroar|Incineroar, L50, M|100/100
|switch|p2a: Whimsicott|Whimsicott, L50, F|100/100
|switch|p2b: Ceruledge|Ceruledge, L50, F|100/100
|-ability|p1b: Incineroar|Intimidate|boost
|-unboost|p2a: Whimsicott|atk|1
|-unboost|p2b: Ceruledge|atk|1
|turn|1
|inactive|Pelosis has 30 seconds left.
|
|t:|1784560634
|switch|p2b: Garchomp|Garchomp, L50, F|100/100
|move|p2a: Whimsicott|Moonblast|p1b: Incineroar
|-damage|p1b: Incineroar|67/100
|move|p1b: Incineroar|Darkest Lariat|p2a: Whimsicott
|-resisted|p2a: Whimsicott|1
|-damage|p2a: Whimsicott|66/100
|move|p1a: Farigiraf|Trick Room|p1a: Farigiraf
|-fieldstart|move: Trick Room|[of] p1a: Farigiraf
|
|upkeep
|turn|2
|c|☆Pelosis|fail
|inactive|Pelosis has 30 seconds left.
|inactive|Pelosis has 20 seconds left.
|
|t:|1784560673
|switch|p1a: Scrafty|Scrafty, L50, M|100/100
|-ability|p1a: Scrafty|Intimidate|boost
|-unboost|p2a: Whimsicott|atk|1
|-unboost|p2b: Garchomp|atk|1
|move|p1b: Incineroar|Flare Blitz|p2a: Whimsicott
|-supereffective|p2a: Whimsicott|1
|-damage|p2a: Whimsicott|0 fnt
|faint|p2a: Whimsicott
|-damage|p1b: Incineroar|52/100|[from] Recoil
|move|p2b: Garchomp|Rock Slide|p1a: Scrafty|[spread] p1b
|-miss|p2b: Garchomp|p1a: Scrafty
|-supereffective|p1b: Incineroar|1
|-damage|p1b: Incineroar|20/100y
|-damage|p2b: Garchomp|90/100|[from] item: Life Orb
|
|upkeep
|
|t:|1784560688
|switch|p2a: Ceruledge|Ceruledge, L50, F|100/100
|turn|3
|
|t:|1784560698
|detailschange|p1a: Scrafty|Scrafty-Mega, L50, M
|-mega|p1a: Scrafty|Scrafty|Scraftinite
|-ability|p1a: Scrafty|Intimidate|boost
|-unboost|p2a: Ceruledge|atk|1
|-unboost|p2b: Garchomp|atk|1
|move|p1b: Incineroar|Darkest Lariat|p2a: Ceruledge
|-supereffective|p2a: Ceruledge|1
|-enditem|p2a: Ceruledge|Colbur Berry|[eat]
|-enditem|p2a: Ceruledge|Colbur Berry|[weaken]
|-damage|p2a: Ceruledge|46/100
|move|p1a: Scrafty|Ice Punch|p2b: Garchomp
|-supereffective|p2b: Garchomp|2
|-damage|p2b: Garchomp|0 fnt
|-damage|p1a: Scrafty|87/100|[from] ability: Rough Skin|[of] p2b: Garchomp
|faint|p2b: Garchomp
|move|p2a: Ceruledge|Bitter Blade|p1a: Scrafty
|-damage|p1a: Scrafty|61/100
|-heal|p2a: Ceruledge|59/100|[from] drain|[of] p1a: Scrafty
|
|upkeep
|
|t:|1784560711
|switch|p2b: Metagross|Metagross, L50|100/100
|turn|4
|
|t:|1784560728
|detailschange|p2b: Metagross|Metagross-Mega, L50
|-mega|p2b: Metagross|Metagross|Metagrossite
|move|p1b: Incineroar|Flare Blitz|p2b: Metagross
|-supereffective|p2b: Metagross|1
|-damage|p2b: Metagross|14/100
|-damage|p1b: Incineroar|0 fnt|[from] Recoil
|faint|p1b: Incineroar
|move|p1a: Scrafty|Knock Off|p2a: Ceruledge
|-supereffective|p2a: Ceruledge|1
|-damage|p2a: Ceruledge|0 fnt
|faint|p2a: Ceruledge
|move|p2b: Metagross|Iron Head|p1a: Scrafty
|-damage|p1a: Scrafty|10/100
|
|upkeep
|
|t:|1784560746
|switch|p1b: Torkoal|Torkoal, L50, M|100/100
|-weather|SunnyDay|[from] ability: Drought|[of] p1b: Torkoal
|turn|5
|
|t:|1784560766
|switch|p1a: Farigiraf|Farigiraf, L50, F|100/100
|move|p2b: Metagross|Protect|p2b: Metagross
|-singleturn|p2b: Metagross|Protect
|move|p1b: Torkoal|Weather Ball|p2b: Metagross
|-activate|p2b: Metagross|move: Protect
|
|-weather|SunnyDay|[upkeep]
|-fieldend|move: Trick Room
|upkeep
|turn|6
|
|t:|1784560776
|switch|p1b: Scrafty|Scrafty-Mega, L50, M|10/100
|-ability|p1b: Scrafty|Intimidate|boost
|-unboost|p2b: Metagross|atk|1
|move|p2b: Metagross|Stomping Tantrum|p1b: Scrafty
|-damage|p1b: Scrafty|0 fnt
|faint|p1b: Scrafty
|move|p1a: Farigiraf|Trick Room|p1a: Farigiraf
|-fieldstart|move: Trick Room|[of] p1a: Farigiraf
|
|-weather|SunnyDay|[upkeep]
|upkeep
|
|t:|1784560784
|switch|p1b: Torkoal|Torkoal, L50, M|100/100
|turn|7
|
|t:|1784560788
|move|p1b: Torkoal|Eruption|p2b: Metagross
|-supereffective|p2b: Metagross|1
|-damage|p2b: Metagross|0 fnt
|faint|p2b: Metagross
|
|win|Pelosis
||bcam1 is ready for game 2.
