|j|☆finalbossbackwiper
|j|☆Jim Leader Adam
|html|finalbossbackwiperJim Leader Adam    
|uhtml|bestof|Game 2 of a best-of-3
|t:|1783279505
|gametype|doubles
|player|p1|finalbossbackwiper|266|1100
|player|p2|Jim Leader Adam|brock|1172
|gen|9
|tier|[Gen 9 Champions] VGC 2026 Reg M-B (Bo3)
|rated|
|rule|Species Clause: Limit one of each Pokémon
|rule|Item Clause: Limit 1 of each item
|clearpoke
|poke|p1|Charizard, L50, M|
|poke|p1|Torkoal, L50, F|
|poke|p1|Sinistcha, L50|
|poke|p1|Glimmora, L50, M|
|poke|p1|Grimmsnarl, L50, M|
|poke|p1|Annihilape, L50, F|
|poke|p2|Swampert, L50, M, shiny|
|poke|p2|Pelipper, L50, M, shiny|
|poke|p2|Corviknight, L50, M|
|poke|p2|Archaludon, L50, F, shiny|
|poke|p2|Sableye, L50, F, shiny|
|poke|p2|Venusaur, L50, F, shiny|
|teampreview|4
|showteam|p1|Charizard||CharizarditeX|Blaze|FlameCharge,BreakingSwipe,Roost,Protect|Adamant||M|||50|]Torkoal||Charcoal|Drought|Eruption,WeatherBall,HelpingHand,Protect|Quiet||F|||50|]Sinistcha||OccaBerry|Hospitality|EnergyBall,RagePowder,TrickRoom,Protect|Calm|||||50|]Glimmora||FocusSash|ToxicDebris|SludgeBomb,EarthPower,MortalSpin,SpikyShield|Modest||M|||50|]Grimmsnarl||RoseliBerry|Prankster|SpiritBreak,Assurance,FakeOut,PartingShot|Adamant||M|||50|]Annihilape||ChoiceScarf|Defiant|CloseCombat,PhantomForce,PoisonJab,Coaching|Adamant||F|||50|
|showteam|p2|Swampert||Swampertite|Torrent|Protect,WaveCrash,Earthquake,IcePunch|Adamant||M|||50|]Pelipper||FocusSash|Drizzle|WideGuard,Tailwind,WeatherBall,Hurricane|Timid||M|||50|]Corviknight||SitrusBerry|MirrorArmor|BulkUp,BodyPress,BraveBird,IronHead|Adamant||M|||50|]Archaludon||Leftovers|Stamina|Protect,ElectroShot,FlashCannon,DragonPulse|Modest||F|||50|]Sableye||RoseliBerry|Prankster|FakeOut,RainDance,Encore,Disable|Calm||F|||50|]Venusaur||Venusaurite|Chlorophyll|Protect,SleepPowder,GigaDrain,SludgeBomb|Modest||F|||50|
|inactive|Battle timer is ON: inactive players will automatically lose when time's up. (requested by Jim Leader Adam)
|inactive|Jim Leader Adam has 60 seconds left.
|inactive|Jim Leader Adam has 30 seconds left.
|inactive|Jim Leader Adam has 20 seconds left.
|inactive|Jim Leader Adam has 15 seconds left.
|inactive|Jim Leader Adam has 10 seconds left.
|inactive|Jim Leader Adam has 5 seconds left.
|
|t:|1783279595
|teamsize|p1|4
|teamsize|p2|4
|start
|switch|p1a: Grimmsnarl|Grimmsnarl, L50, M|100/100
|switch|p1b: Glimmora|Glimmora, L50, M|100/100
|switch|p2a: King of the Pond|Swampert, L50, M, shiny|100/100
|switch|p2b: Smoothie King|Pelipper, L50, M, shiny|100/100
|-weather|RainDance|[from] ability: Drizzle|[of] p2b: Smoothie King
|turn|1
|inactive|Jim Leader Adam has 30 seconds left.
|
|t:|1783279624
|detailschange|p2a: King of the Pond|Swampert-Mega, L50, M, shiny
|-mega|p2a: King of the Pond|Swampert|Swampertite
|move|p1a: Grimmsnarl|Fake Out|p2a: King of the Pond
|-damage|p2a: King of the Pond|89/100
|cant|p2a: King of the Pond|flinch
|move|p1b: Glimmora|Sludge Bomb|p2b: Smoothie King
|-damage|p2b: Smoothie King|13/100
|-status|p2b: Smoothie King|psn
|move|p2b: Smoothie King|Tailwind|p2b: Smoothie King
|-sidestart|p2: Jim Leader Adam|move: Tailwind
|
|-weather|RainDance|[upkeep]
|-damage|p2b: Smoothie King|1/100 psn|[from] psn
|upkeep
|turn|2
|
|t:|1783279647
|switch|p2b: Kotoamatsukami|Corviknight, L50, M|100/100
|move|p1b: Glimmora|Spiky Shield|p1b: Glimmora
|-singleturn|p1b: Glimmora|move: Protect
|move|p2a: King of the Pond|Earthquake|p1a: Grimmsnarl|[spread] p1a
|-activate|p1b: Glimmora|move: Protect
|-immune|p2b: Kotoamatsukami
|-damage|p1a: Grimmsnarl|53/100
|move|p1a: Grimmsnarl|Spirit Break|p2a: King of the Pond
|-damage|p2a: King of the Pond|58/100
|-unboost|p2a: King of the Pond|spa|1
|
|-weather|RainDance|[upkeep]
|upkeep
|turn|3
|inactive|Jim Leader Adam has 30 seconds left.
|
|t:|1783279680
|switch|p1b: Sinistcha|Sinistcha, L50|100/100
|-heal|p1a: Grimmsnarl|78/100|[from] ability: Hospitality|[of] p1b: Sinistcha
|move|p1a: Grimmsnarl|Parting Shot|p2a: King of the Pond
|-unboost|p2a: King of the Pond|atk|1
|-unboost|p2a: King of the Pond|spa|1
|
|t:|1783279683
|switch|p1a: Glimmora|Glimmora, L50, M|100/100|[from] Parting Shot
|move|p2a: King of the Pond|Earthquake|p1b: Sinistcha|[spread] p1a,p1b
|-immune|p2b: Kotoamatsukami
|-supereffective|p1a: Glimmora|2
|-resisted|p1b: Sinistcha|1
|-enditem|p1a: Glimmora|Focus Sash
|-damage|p1a: Glimmora|1/100
|-damage|p1b: Sinistcha|84/100
|-activate|p1a: Glimmora|ability: Toxic Debris
|-sidestart|p2: Jim Leader Adam|move: Toxic Spikes
|move|p2b: Kotoamatsukami|Bulk Up|p2b: Kotoamatsukami
|-boost|p2b: Kotoamatsukami|atk|1
|-boost|p2b: Kotoamatsukami|def|1
|
|-weather|RainDance|[upkeep]
|upkeep
|turn|4
|inactive|Jim Leader Adam has 30 seconds left.
|
|t:|1783279714
|switch|p2a: Troubled Waters|Archaludon, L50, F, shiny|100/100
|move|p1b: Sinistcha|Protect|p1b: Sinistcha
|-singleturn|p1b: Sinistcha|Protect
|move|p2b: Kotoamatsukami|Brave Bird|p1b: Sinistcha
|-activate|p1b: Sinistcha|move: Protect
|move|p1a: Glimmora|Earth Power|p2a: Troubled Waters
|-supereffective|p2a: Troubled Waters|1
|-damage|p2a: Troubled Waters|9/100
|-ability|p2a: Troubled Waters|Stamina|boost
|-boost|p2a: Troubled Waters|def|1
|
|-weather|RainDance|[upkeep]
|-heal|p2a: Troubled Waters|15/100|[from] item: Leftovers
|-sideend|p2: Jim Leader Adam|move: Tailwind
|upkeep
|turn|5
|
|t:|1783279737
|switch|p1b: Grimmsnarl|Grimmsnarl, L50, M|78/100
|move|p1a: Glimmora|Earth Power|p2a: Troubled Waters
|-supereffective|p2a: Troubled Waters|1
|-damage|p2a: Troubled Waters|0 fnt
|faint|p2a: Troubled Waters
|move|p2b: Kotoamatsukami|Brave Bird|p1b: Grimmsnarl
|-damage|p1b: Grimmsnarl|16/100
|-damage|p2b: Kotoamatsukami|80/100|[from] Recoil
|
|-weather|none
|upkeep
|
|t:|1783279746
|switch|p2a: Smoothie King|Pelipper, L50, M, shiny|1/100 psn
|-weather|RainDance|[from] ability: Drizzle|[of] p2a: Smoothie King
|turn|6
|inactive|Jim Leader Adam has 30 seconds left.
|
|t:|1783279773
|switch|p2a: King of the Pond|Swampert-Mega, L50, M, shiny|58/100
|-status|p2a: King of the Pond|psn
|move|p1b: Grimmsnarl|Fake Out|p2b: Kotoamatsukami
|-resisted|p2b: Kotoamatsukami|1
|-damage|p2b: Kotoamatsukami|77/100
|move|p1a: Glimmora|Sludge Bomb|p2a: King of the Pond
|-resisted|p2a: King of the Pond|1
|-damage|p2a: King of the Pond|34/100 psn
|cant|p2b: Kotoamatsukami|flinch
|
|-weather|RainDance|[upkeep]
|-damage|p2a: King of the Pond|22/100 psn|[from] psn
|upkeep
|turn|7
|
|t:|1783279785
|move|p1b: Grimmsnarl|Parting Shot|p2a: King of the Pond
|-unboost|p2a: King of the Pond|atk|1
|-unboost|p2a: King of the Pond|spa|1
|
|t:|1783279787
|switch|p1b: Torkoal|Torkoal, L50, F|100/100|[from] Parting Shot
|-weather|SunnyDay|[from] ability: Drought|[of] p1b: Torkoal
|move|p1a: Glimmora|Sludge Bomb|p2a: King of the Pond
|-resisted|p2a: King of the Pond|1
|-damage|p2a: King of the Pond|0 fnt
|faint|p2a: King of the Pond
|move|p2b: Kotoamatsukami|Bulk Up|p2b: Kotoamatsukami
|-boost|p2b: Kotoamatsukami|atk|1
|-boost|p2b: Kotoamatsukami|def|1
|
|-weather|SunnyDay|[upkeep]
|upkeep
|
|t:|1783279797
|switch|p2a: Smoothie King|Pelipper, L50, M, shiny|1/100 psn
|-weather|RainDance|[from] ability: Drizzle|[of] p2a: Smoothie King
|turn|8
|
|t:|1783279815
|switch|p1b: Sinistcha|Sinistcha, L50|84/100
|-heal|p1a: Glimmora|25/100|[from] ability: Hospitality|[of] p1b: Sinistcha
|move|p1a: Glimmora|Sludge Bomb|p2a: Smoothie King
|-damage|p2a: Smoothie King|0 fnt
|faint|p2a: Smoothie King
|move|p2b: Kotoamatsukami|Bulk Up|p2b: Kotoamatsukami
|-boost|p2b: Kotoamatsukami|atk|1
|-boost|p2b: Kotoamatsukami|def|1
|
|-weather|RainDance|[upkeep]
|upkeep
|turn|9
|
|t:|1783279825
|switch|p1a: Grimmsnarl|Grimmsnarl, L50, M|16/100
|move|p1b: Sinistcha|Protect|p1b: Sinistcha
|-singleturn|p1b: Sinistcha|Protect
|move|p2b: Kotoamatsukami|Brave Bird|p1b: Sinistcha
|-activate|p1b: Sinistcha|move: Protect
|
|-weather|RainDance|[upkeep]
|upkeep
|turn|10
|
|t:|1783279831
|move|p1a: Grimmsnarl|Fake Out|p2b: Kotoamatsukami
|-resisted|p2b: Kotoamatsukami|1
|-crit|p2b: Kotoamatsukami
|-damage|p2b: Kotoamatsukami|70/100
|cant|p2b: Kotoamatsukami|flinch
|move|p1b: Sinistcha|Trick Room|p1b: Sinistcha
|-fieldstart|move: Trick Room|[of] p1b: Sinistcha
|
|-weather|RainDance|[upkeep]
|upkeep
|turn|11
|
|t:|1783279837
|switch|p1a: Torkoal|Torkoal, L50, F|100/100
|-weather|SunnyDay|[from] ability: Drought|[of] p1a: Torkoal
|move|p1b: Sinistcha|Rage Powder|p1b: Sinistcha
|-singleturn|p1b: Sinistcha|move: Rage Powder
|move|p2b: Kotoamatsukami|Bulk Up|p2b: Kotoamatsukami
|-boost|p2b: Kotoamatsukami|atk|1
|-boost|p2b: Kotoamatsukami|def|1
|
|-weather|SunnyDay|[upkeep]
|upkeep
|turn|12
|
|t:|1783279840
|move|p1a: Torkoal|Weather Ball|p2b: Kotoamatsukami
|-supereffective|p2b: Kotoamatsukami|1
|-crit|p2b: Kotoamatsukami
|-damage|p2b: Kotoamatsukami|0 fnt
|faint|p2b: Kotoamatsukami
|
|win|finalbossbackwiper
||finalbossbackwiper is ready for game 3.
||Jim Leader Adam is ready for game 3.
|uhtml|next|Next: Game 3 of 3
|l|☆Jim Leader Adam
|player|p2|
