|j|☆hozue5678
|j|☆14#coder9
|html|hozue567814#coder9    
|uhtml|bestof|Game 1 of a best-of-3
|t:|1785863552
|gametype|doubles
|player|p1|hozue5678|169|1112
|player|p2|14#coder9|unknown|1125
|gen|9
|tier|[Gen 9 Champions] VGC 2026 Reg M-B (Bo3)
|rated|
|rule|Species Clause: Limit one of each Pokémon
|rule|Item Clause: Limit 1 of each item
|clearpoke
|poke|p1|Sinistcha, L50|
|poke|p1|Metagross, L50|
|poke|p1|Swampert, L50, F|
|poke|p1|Pelipper, L50, M|
|poke|p1|Annihilape, L50, M|
|poke|p1|Kangaskhan, L50, F|
|poke|p2|Charizard, L50, F, shiny|
|poke|p2|Whimsicott, L50, M, shiny|
|poke|p2|Incineroar, L50, M|
|poke|p2|Garchomp, L50, M, shiny|
|poke|p2|Rotom-Wash, L50|
|poke|p2|Staraptor, L50, F|
|teampreview|4
|showteam|p1|Sinistcha||SitrusBerry|Hospitality|RagePowder,TrickRoom,MatchaGotcha,ShadowBall|Calm|||||50|]Metagross||Metagrossite|ClearBody|Protect,IronHead,PsychicFangs,CosmicPower|Adamant|||||50|]Swampert||Swampertite|Torrent|Earthquake,WaveCrash,Protect,IcePunch|Adamant||F|||50|]Pelipper||FocusSash|Drizzle|Tailwind,WeatherBall,WideGuard,Hurricane|Timid||M|||50|]Annihilape||ChoiceScarf|Defiant|Coaching,RockSlide,ShadowPunch,StormThrow|Jolly||M|||50|]Kangaskhan||LifeOrb|Scrappy|FakeOut,DoubleEdge,SuckerPunch,LowKick|Adamant||F|||50|
|showteam|p2|Charizard||CharizarditeY|Blaze|HeatWave,Overheat,SolarBeam,Protect|Modest||F|||50|]Whimsicott||FocusSash|Prankster|SunnyDay,Tailwind,Moonblast,Encore|Timid||M|||50|]Incineroar||ChopleBerry|Intimidate|FlareBlitz,PartingShot,FakeOut,ThroatChop|Careful||M|||50|]Garchomp||LifeOrb|RoughSkin|RockSlide,DragonClaw,Earthquake,Protect|Jolly||M|||50|]Rotom-Wash||SitrusBerry|Levitate|HydroPump,VoltSwitch,WillOWisp,Electroweb|Bold|||||50|]Staraptor||Staraptite|Intimidate|Protect,CloseCombat,BraveBird,Roost|Jolly||F|||50|
|inactive|Battle timer is ON: inactive players will automatically lose when time's up. (requested by 14#coder9)
|inactive|14#coder9 has 60 seconds left.
|inactive|hozue5678 has 30 seconds left.
|
|t:|1785863667
|teamsize|p1|4
|teamsize|p2|4
|start
|switch|p1a: Metagross|Metagross, L50|100/100
|switch|p1b: Annihilape|Annihilape, L50, M|100/100
|switch|p2a: Rotom|Rotom-Wash, L50|100/100
|switch|p2b: Charizard|Charizard, L50, F, shiny|100/100
|turn|1
|
|t:|1785863691
|move|p2b: Charizard|Protect|p2b: Charizard
|-singleturn|p2b: Charizard|Protect
|move|p1a: Metagross|Protect|p1a: Metagross
|-singleturn|p1a: Metagross|Protect
|move|p1b: Annihilape|Rock Slide|p2b: Charizard|[spread] p2a
|-activate|p2b: Charizard|move: Protect
|-damage|p2a: Rotom|87/100
|move|p2a: Rotom|Will-O-Wisp|p1b: Annihilape
|-status|p1b: Annihilape|brn
|
|-damage|p1b: Annihilape|94/100 brn|[from] brn
|upkeep
|turn|2
|inactive|hozue5678 has 30 seconds left.
|inactive|14#coder9 has 30 seconds left.
|inactive|hozue5678 has 20 seconds left.
|inactive|14#coder9 has 20 seconds left.
|inactive|hozue5678 has 15 seconds left.
|inactive|14#coder9 has 15 seconds left.
|inactive|14#coder9 has 10 seconds left.
|
|t:|1785863740
|switch|p1b: Pelipper|Pelipper, L50, M|100/100
|-weather|RainDance|[from] ability: Drizzle|[of] p1b: Pelipper
|switch|p2b: Garchomp|Garchomp, L50, M, shiny|100/100
|detailschange|p1a: Metagross|Metagross-Mega, L50
|-mega|p1a: Metagross|Metagross|Metagrossite
|move|p1a: Metagross|Psychic Fangs|p2a: Rotom
|-damage|p2a: Rotom|34/100
|-enditem|p2a: Rotom|Sitrus Berry|[eat]
|-heal|p2a: Rotom|59/100|[from] item: Sitrus Berry
|move|p2a: Rotom|Will-O-Wisp|p1a: Metagross
|-status|p1a: Metagross|brn
|
|-weather|RainDance|[upkeep]
|-damage|p1a: Metagross|94/100 brn|[from] brn
|upkeep
|turn|3
|inactive|14#coder9 has 30 seconds left.
|inactive|14#coder9 has 20 seconds left.
|inactive|14#coder9 has 15 seconds left.
|inactive|14#coder9 has 10 seconds left.
|
|t:|1785863789
|switch|p2b: Whimsicott|Whimsicott, L50, M, shiny|100/100
|switch|p1b: Annihilape|Annihilape, L50, M|94/100 brn
|move|p1a: Metagross|Protect|p1a: Metagross
|-singleturn|p1a: Metagross|Protect
|move|p2a: Rotom|Volt Switch|p1b: Annihilape
|-damage|p1b: Annihilape|68/100 brn
|
|t:|1785863798
|switch|p2a: Charizard|Charizard, L50, F, shiny|100/100|[from] Volt Switch
|
|-weather|RainDance|[upkeep]
|-damage|p1b: Annihilape|62/100 brn|[from] brn
|-damage|p1a: Metagross|88/100 brn|[from] brn
|upkeep
|turn|4
|inactive|14#coder9 has 30 seconds left.
|inactive|14#coder9 has 20 seconds left.
|
|t:|1785863835
|switch|p1a: Kangaskhan|Kangaskhan, L50, F|100/100
|detailschange|p2a: Charizard|Charizard-Mega-Y, L50, F, shiny
|-mega|p2a: Charizard|Charizard|Charizardite Y
|-weather|SunnyDay|[from] ability: Drought|[of] p2a: Charizard
|move|p2b: Whimsicott|Tailwind|p2b: Whimsicott
|-sidestart|p2: 14#coder9|move: Tailwind
|move|p2a: Charizard|Heat Wave|p1a: Kangaskhan|[spread] p1a,p1b
|-damage|p1a: Kangaskhan|34/100
|-damage|p1b: Annihilape|2/100 brn
|move|p1b: Annihilape|Coaching|p1a: Kangaskhan
|-boost|p1a: Kangaskhan|atk|1
|-boost|p1a: Kangaskhan|def|1
|
|-weather|SunnyDay|[upkeep]
|-damage|p1b: Annihilape|0 fnt|[from] brn
|faint|p1b: Annihilape
|upkeep
|inactive|hozue5678 has 30 seconds left.
|
|t:|1785863862
|switch|p1b: Pelipper|Pelipper, L50, M|100/100
|-weather|RainDance|[from] ability: Drizzle|[of] p1b: Pelipper
|turn|5
|
|t:|1785863887
|move|p1a: Kangaskhan|Fake Out|p2a: Charizard
|-damage|p2a: Charizard|61/100
|-damage|p1a: Kangaskhan|24/100|[from] item: Life Orb
|move|p2b: Whimsicott|Sunny Day|p2b: Whimsicott
|-weather|SunnyDay
|cant|p2a: Charizard|flinch
|move|p1b: Pelipper|Hurricane|p2b: Whimsicott|[miss]
|-miss|p1b: Pelipper|p2b: Whimsicott
|
|-weather|SunnyDay|[upkeep]
|upkeep
|turn|6
|inactive|14#coder9 has 30 seconds left.
|
|t:|1785863917
|switch|p2b: Rotom|Rotom-Wash, L50|59/100
|move|p1b: Pelipper|Wide Guard|p1b: Pelipper
|-singleturn|p1b: Pelipper|Wide Guard
|move|p1a: Kangaskhan|Sucker Punch|p2a: Charizard
|-damage|p2a: Charizard|11/100
|-damage|p1a: Kangaskhan|14/100|[from] item: Life Orb
|move|p2a: Charizard|Solar Beam||[still]
|-prepare|p2a: Charizard|Solar Beam
|-anim|p2a: Charizard|Solar Beam|p1a: Kangaskhan
|-damage|p1a: Kangaskhan|0 fnt
|faint|p1a: Kangaskhan
|
|-weather|SunnyDay|[upkeep]
|upkeep
|
|t:|1785863935
|switch|p1a: Metagross|Metagross-Mega, L50|88/100 brn
|turn|7
|
|t:|1785863951
|move|p1a: Metagross|Protect|p1a: Metagross
|-singleturn|p1a: Metagross|Protect
|move|p2a: Charizard|Overheat|p1a: Metagross
|-activate|p1a: Metagross|move: Protect
|move|p2b: Rotom|Volt Switch|p1b: Pelipper
|-supereffective|p1b: Pelipper|2
|-enditem|p1b: Pelipper|Focus Sash
|-damage|p1b: Pelipper|1/100
|
|t:|1785863959
|switch|p2b: Whimsicott|Whimsicott, L50, M, shiny|100/100|[from] Volt Switch
|move|p1b: Pelipper|Weather Ball|p2a: Charizard
|-resisted|p2a: Charizard|1
|-damage|p2a: Charizard|0 fnt
|faint|p2a: Charizard
|
|-weather|SunnyDay|[upkeep]
|-damage|p1a: Metagross|82/100 brn|[from] brn
|-sideend|p2: 14#coder9|move: Tailwind
|upkeep
|
|t:|1785863969
|switch|p2a: Garchomp|Garchomp, L50, M, shiny|100/100
|turn|8
|
|t:|1785863990
|move|p2b: Whimsicott|Encore|p1a: Metagross
|-start|p1a: Metagross|Encore
|move|p1a: Metagross|Protect||[still]
|-fail|p1a: Metagross
|move|p2a: Garchomp|Dragon Claw|p1b: Pelipper
|-damage|p1b: Pelipper|0 fnt
|faint|p1b: Pelipper
|-damage|p2a: Garchomp|90/100|[from] item: Life Orb
|
|-weather|SunnyDay|[upkeep]
|-damage|p1a: Metagross|76/100 brn|[from] brn
|upkeep
|turn|9
|inactive|hozue5678 has 30 seconds left.
|
|t:|1785864016
|move|p1a: Metagross|Protect|p1a: Metagross
|-singleturn|p1a: Metagross|Protect
|move|p2a: Garchomp|Dragon Claw|p1a: Metagross
|-activate|p1a: Metagross|move: Protect
|move|p2b: Whimsicott|Moonblast|p1a: Metagross
|-activate|p1a: Metagross|move: Protect
|
|-weather|none
|-damage|p1a: Metagross|70/100 brn|[from] brn
|upkeep
|turn|10
|
|t:|1785864029
|move|p1a: Metagross|Protect||[still]
|-fail|p1a: Metagross
|move|p2a: Garchomp|Dragon Claw|p1a: Metagross
|-resisted|p1a: Metagross|1
|-damage|p1a: Metagross|53/100 brn
|-damage|p2a: Garchomp|80/100|[from] item: Life Orb
|move|p2b: Whimsicott|Moonblast|p1a: Metagross
|-resisted|p1a: Metagross|1
|-damage|p1a: Metagross|40/100 brn
|
|-damage|p1a: Metagross|34/100 brn|[from] brn
|-end|p1a: Metagross|Encore
|upkeep
|turn|11
|inactive|hozue5678 has 30 seconds left.
|
|t:|1785864055
|switch|p2b: Rotom|Rotom-Wash, L50|59/100
|move|p2a: Garchomp|Earthquake|p1a: Metagross|[spread] p1a
|-immune|p2b: Rotom|[from] ability: Levitate
|-supereffective|p1a: Metagross|1
|-damage|p1a: Metagross|0 fnt
|faint|p1a: Metagross
|-damage|p2a: Garchomp|70/100|[from] item: Life Orb
|
|win|14#coder9
|inactive|hozue5678 has 30 seconds to confirm battle start!
|inactive|14#coder9 has 30 seconds to confirm battle start!
||14#coder9 is ready for game 2.
|l|☆hozue5678
|player|p1|
|inactive|hozue5678 has 20 seconds to confirm battle start!
|inactive|hozue5678 has 10 seconds to confirm battle start!
|uhtml|next|Next: Game 2 of 3
