|j|☆RegiSIXSEVEN
|j|☆csh72c
|html|RegiSIXSEVENcsh72c    
|uhtml|bestof|Game 1 of a best-of-3
|t:|1785219350
|gametype|doubles
|player|p1|RegiSIXSEVEN|steven|1205
|player|p2|csh72c|cynthia|1151
|gen|9
|tier|[Gen 9 Champions] VGC 2026 Reg M-B (Bo3)
|rated|
|rule|Species Clause: Limit one of each Pokémon
|rule|Item Clause: Limit 1 of each item
|clearpoke
|poke|p1|Farigiraf, L50, F, shiny|
|poke|p1|Camerupt, L50, M, shiny|
|poke|p1|Maushold-Four, L50, shiny|
|poke|p1|Hatterene, L50, F, shiny|
|poke|p1|Kingambit, L50, M, shiny|
|poke|p1|Blastoise, L50, F, shiny|
|poke|p2|Arcanine-Hisui, L50, M, shiny|
|poke|p2|Whimsicott, L50, M, shiny|
|poke|p2|Maushold-Four, L50|
|poke|p2|Meganium, L50, M|
|poke|p2|Delphox, L50, M, shiny|
|poke|p2|Dragapult, L50, M|
|teampreview|4
|showteam|p1|Farigiraf||SitrusBerry|ArmorTail|TwinBeam,HyperVoice,NastyPlot,TrickRoom|Relaxed||F|||50|]Camerupt||Cameruptite|SolidRock|Eruption,EarthPower,AncientPower,Protect|Quiet||M|||50|]Maushold-Four||WideLens|Technician|PopulationBomb,LowKick,FollowMe,Protect|Jolly|||||50|]Hatterene||FairyFeather|MagicBounce|Psyshock,DazzlingGleam,TrickRoom,Protect|Quiet||F|||50|]Kingambit||BlackGlasses|Defiant|SuckerPunch,KowtowCleave,LowKick,IronHead|Brave||M|||50|]Blastoise||Blastoisinite|RainDish|FakeOut,WaterSpout,DarkPulse,AuraSphere|Quiet||F|||50|
|showteam|p2|Arcanine-Hisui||ChoiceScarf|Intimidate|RockSlide,FlareBlitz,CloseCombat,WildCharge|Adamant||M|||50|]Whimsicott||FocusSash|Prankster|Tailwind,Protect,Moonblast,Encore|Timid||M|||50|]Maushold-Four||WideLens|Technician|BeatUp,Protect,FollowMe,PopulationBomb|Adamant|||||50|]Meganium||Meganiumite|LeafGuard|Protect,SolarBeam,DazzlingGleam,PollenPuff|Serious||M|||50|]Delphox||Delphoxite|Blaze|HeatWave,Protect,Psychic,HyperVoice|Timid||M|||50|]Dragapult||LifeOrb|ClearBody|DragonDarts,Protect,Uturn,DragonDance|Jolly||M|||50|
|inactive|Battle timer is ON: inactive players will automatically lose when time's up. (requested by RegiSIXSEVEN)
|inactive|csh72c also wants the timer to be on.
|
|t:|1785219372
|teamsize|p1|4
|teamsize|p2|4
|start
|switch|p1a: Farigiraf|Farigiraf, L50, F, shiny|100/100
|switch|p1b: Maushold|Maushold-Four, L50, shiny|100/100
|switch|p2a: Dragapult|Dragapult, L50, M|100/100
|switch|p2b: Meganium|Meganium, L50, M|100/100
|turn|1
|
|t:|1785219386
|detailschange|p2b: Meganium|Meganium-Mega, L50, M
|-mega|p2b: Meganium|Meganium|Meganiumite
|move|p2a: Dragapult|U-turn|p1a: Farigiraf
|-supereffective|p1a: Farigiraf|1
|-damage|p1a: Farigiraf|52/100
|-damage|p2a: Dragapult|90/100|[from] item: Life Orb
|
|t:|1785219396
|switch|p2a: Maushold|Maushold-Four, L50|100/100|[from] U-turn
|move|p1b: Maushold|Population Bomb|p2b: Meganium
|-damage|p2b: Meganium|89/100
|-damage|p2b: Meganium|79/100
|-damage|p2b: Meganium|69/100
|-damage|p2b: Meganium|59/100
|-damage|p2b: Meganium|49/100
|-damage|p2b: Meganium|40/100
|-damage|p2b: Meganium|29/100
|-damage|p2b: Meganium|20/100r
|-damage|p2b: Meganium|9/100
|-damage|p2b: Meganium|0 fnt
|faint|p2b: Meganium
|-hitcount|p2: Meganium|10
|move|p1a: Farigiraf|Trick Room|p1a: Farigiraf
|-fieldstart|move: Trick Room|[of] p1a: Farigiraf
|
|upkeep
|
|t:|1785219407
|switch|p2b: Dragapult|Dragapult, L50, M|90/100
|turn|2
|
|t:|1785219423
|move|p1a: Farigiraf|Nasty Plot|p1a: Farigiraf
|-boost|p1a: Farigiraf|spa|2
|move|p2a: Maushold|Beat Up|p1a: Farigiraf
|-supereffective|p1a: Farigiraf|1
|-damage|p1a: Farigiraf|44/100
|-enditem|p1a: Farigiraf|Sitrus Berry|[eat]
|-heal|p1a: Farigiraf|69/100|[from] item: Sitrus Berry
|-supereffective|p1a: Farigiraf|1
|-damage|p1a: Farigiraf|59/100
|-supereffective|p1a: Farigiraf|1
|-damage|p1a: Farigiraf|49/100
|-hitcount|p1a: Farigiraf|3
|move|p1b: Maushold|Population Bomb|p2a: Maushold
|-damage|p2a: Maushold|84/100
|-damage|p2a: Maushold|68/100
|-damage|p2a: Maushold|50/100g
|-damage|p2a: Maushold|34/100
|-damage|p2a: Maushold|17/100
|-hitcount|p2a: Maushold|5
|move|p2b: Dragapult|Dragon Darts|p1b: Maushold
|-damage|p1b: Maushold|50/100y
|-anim|p2b: Dragapult|Dragon Darts|p1a: Farigiraf
|-damage|p1a: Farigiraf|21/100
|-damage|p2b: Dragapult|80/100|[from] item: Life Orb
|
|upkeep
|turn|3
|inactive|RegiSIXSEVEN has 30 seconds left.
|
|t:|1785219451
|move|p2a: Maushold|Protect|p2a: Maushold
|-singleturn|p2a: Maushold|Protect
|move|p1b: Maushold|Follow Me|p1b: Maushold
|-singleturn|p1b: Maushold|move: Follow Me
|move|p1a: Farigiraf|Hyper Voice|p2a: Maushold|[spread] 
|-activate|p2a: Maushold|move: Protect
|-immune|p2b: Dragapult
|move|p2b: Dragapult|Dragon Darts|p1b: Maushold
|-damage|p1b: Maushold|1/100
|-anim|p2b: Dragapult|Dragon Darts|p1b: Maushold
|-damage|p1b: Maushold|0 fnt
|faint|p1b: Maushold
|-damage|p2b: Dragapult|70/100|[from] item: Life Orb
|
|upkeep
|
|t:|1785219462
|switch|p1b: Blastoise|Blastoise, L50, F, shiny|100/100
|turn|4
|
|t:|1785219476
|detailschange|p1b: Blastoise|Blastoise-Mega, L50, F, shiny
|-mega|p1b: Blastoise|Blastoise|Blastoisinite
|move|p2b: Dragapult|Protect|p2b: Dragapult
|-singleturn|p2b: Dragapult|Protect
|move|p1a: Farigiraf|Hyper Voice|p2a: Maushold|[spread] p2a
|-activate|p2b: Dragapult|move: Protect
|-damage|p2a: Maushold|0 fnt
|faint|p2a: Maushold
|move|p1b: Blastoise|Dark Pulse|p2b: Dragapult
|-activate|p2b: Dragapult|move: Protect
|
|upkeep
|
|t:|1785219487
|switch|p2a: Arcanine|Arcanine-Hisui, L50, M, shiny|100/100
|-ability|p2a: Arcanine|Intimidate|boost
|-unboost|p1a: Farigiraf|atk|1
|-unboost|p1b: Blastoise|atk|1
|turn|5
|
|t:|1785219499
|move|p1a: Farigiraf|Twin Beam|p2a: Arcanine
|-damage|p2a: Arcanine|65/100
|-damage|p2a: Arcanine|32/100
|-hitcount|p2a: Arcanine|2
|move|p1b: Blastoise|Dark Pulse|p2b: Dragapult
|-supereffective|p2b: Dragapult|1
|-crit|p2b: Dragapult
|-damage|p2b: Dragapult|0 fnt
|faint|p2b: Dragapult
|move|p2a: Arcanine|Wild Charge|p1b: Blastoise
|-supereffective|p1b: Blastoise|1
|-damage|p1b: Blastoise|47/100
|-damage|p2a: Arcanine|18/100|[from] Recoil
|
|-fieldend|move: Trick Room
|upkeep
|turn|6
|
|t:|1785219516
|move|p2a: Arcanine|Wild Charge|p1b: Blastoise
|-supereffective|p1b: Blastoise|1
|-damage|p1b: Blastoise|0 fnt
|faint|p1b: Blastoise
|-damage|p2a: Arcanine|6/100|[from] Recoil
|move|p1a: Farigiraf|Twin Beam|p2a: Arcanine
|-damage|p2a: Arcanine|0 fnt
|faint|p2a: Arcanine
|-hitcount|p2: Arcanine|1
|
|win|RegiSIXSEVEN
