|j|☆Raksbach123
|j|☆Natsuharusama
|html|Raksbach123Natsuharusama    
|uhtml|bestof|Game 1 of a best-of-3
|t:|1784619797
|gametype|doubles
|player|p1|Raksbach123|265|1000
|player|p2|Natsuharusama|pokemaniac|1013
|gen|9
|tier|[Gen 9 Champions] VGC 2026 Reg M-B (Bo3)
|rated|
|rule|Species Clause: Limit one of each Pokémon
|rule|Item Clause: Limit 1 of each item
|clearpoke
|poke|p1|Incineroar, L50, F|
|poke|p1|Kingambit, L50, F|
|poke|p1|Sinistcha, L50|
|poke|p1|Sneasler, L50, M|
|poke|p1|Blastoise, L50, M|
|poke|p1|Delphox, L50, M|
|poke|p2|Scovillain, L50, M, shiny|
|poke|p2|Dragapult, L50, M, shiny|
|poke|p2|Incineroar, L50, F, shiny|
|poke|p2|Excadrill, L50, F, shiny|
|poke|p2|Tyranitar, L50, F, shiny|
|poke|p2|Sinistcha-Masterpiece, L50, shiny|
|teampreview|4
|showteam|p1|Incineroar||SitrusBerry|Intimidate|FakeOut,FlareBlitz,ThroatChop,PartingShot|Impish||F|||50|]Kingambit||BlackGlasses|Defiant|KowtowCleave,SuckerPunch,SwordsDance,Protect|Adamant||F|||50|]Sinistcha||OccaBerry|Hospitality|MatchaGotcha,RagePowder,TrickRoom,Protect|Relaxed|||||50|]Sneasler||FocusSash|PoisonTouch|FakeOut,CloseCombat,PoisonJab,QuickGuard|Jolly||M|||50|]Blastoise||Blastoisinite|RainDish|WaterSpout,DarkPulse,ShellSmash,Protect|Modest||M|||50|]Delphox||Delphoxite|Blaze|HeatWave,Psychic,NastyPlot,Protect|Timid||M|||50|
|showteam|p2|Scovillain||Scovillainite|Chlorophyll|RagePowder,LeechSeed,SuperFang,GigaDrain|Bold||M|||50|]Dragapult||DragonFang|ClearBody|DragonDance,WillOWisp,PhantomForce,DragonDarts|Adamant||M|||50|]Incineroar||SitrusBerry|Intimidate|FakeOut,FlareBlitz,Assurance,PartingShot|Impish||F|||50|]Excadrill||KingsRock|SandRush|SwordsDance,Protect,Earthquake,IronHead|Adamant||F|||50|]Tyranitar||Tyranitarite|SandStream|DragonDance,KnockOff,RockSlide,Protect|Adamant||F|||50|]Sinistcha-Masterpiece||Leftovers|Hospitality|MatchaGotcha,ShadowBall,RagePowder,Protect|Relaxed|||||50|
|inactive|Battle timer is ON: inactive players will automatically lose when time's up. (requested by Raksbach123)
|inactive|Raksbach123 has 60 seconds left.
|
|t:|1784619831
|teamsize|p1|4
|teamsize|p2|4
|start
|switch|p1a: Kingambit|Kingambit, L50, F|100/100
|switch|p1b: Incineroar|Incineroar, L50, F|100/100
|switch|p2a: Yellow Plane Maxer|Dragapult, L50, M, shiny|100/100
|switch|p2b: Wolfey's Fav|Incineroar, L50, F, shiny|100/100
|-ability|p1b: Incineroar|Intimidate|boost
|-fail|p2a: Yellow Plane Maxer|unboost|[from] ability: Clear Body|[of] p2a: Yellow Plane Maxer
|-unboost|p2b: Wolfey's Fav|atk|1
|-ability|p2b: Wolfey's Fav|Intimidate|boost
|-unboost|p1a: Kingambit|atk|1
|-ability|p1a: Kingambit|Defiant|boost
|-boost|p1a: Kingambit|atk|2
|-unboost|p1b: Incineroar|atk|1
|turn|1
|inactive|Raksbach123 has 30 seconds left.
|
|t:|1784619866
|move|p1a: Kingambit|Protect|p1a: Kingambit
|-singleturn|p1a: Kingambit|Protect
|move|p2b: Wolfey's Fav|Fake Out|p1a: Kingambit
|-activate|p1a: Kingambit|move: Protect
|move|p2a: Yellow Plane Maxer|Will-O-Wisp|p1a: Kingambit
|-activate|p1a: Kingambit|move: Protect
|move|p1b: Incineroar|Parting Shot|p2b: Wolfey's Fav
|-unboost|p2b: Wolfey's Fav|atk|1
|-unboost|p2b: Wolfey's Fav|spa|1
|
|t:|1784619876
|switch|p1b: Blastoise|Blastoise, L50, M|100/100|[from] Parting Shot
|
|upkeep
|turn|2
|
|t:|1784619890
|detailschange|p1b: Blastoise|Blastoise-Mega, L50, M
|-mega|p1b: Blastoise|Blastoise|Blastoisinite
|move|p2a: Yellow Plane Maxer|Will-O-Wisp|p1a: Kingambit
|-status|p1a: Kingambit|brn
|move|p1b: Blastoise|Shell Smash|p1b: Blastoise
|-unboost|p1b: Blastoise|def|1
|-unboost|p1b: Blastoise|spd|1
|-boost|p1b: Blastoise|atk|2
|-boost|p1b: Blastoise|spa|2
|-boost|p1b: Blastoise|spe|2
|move|p2b: Wolfey's Fav|Parting Shot|p1b: Blastoise
|-unboost|p1b: Blastoise|atk|1
|-unboost|p1b: Blastoise|spa|1
|
|t:|1784619903
|switch|p2b: Gyattalicous|Tyranitar, L50, F, shiny|100/100|[from] Parting Shot
|-weather|Sandstorm|[from] ability: Sand Stream|[of] p2b: Gyattalicous
|move|p1a: Kingambit|Kowtow Cleave|p2a: Yellow Plane Maxer
|-supereffective|p2a: Yellow Plane Maxer|1
|-damage|p2a: Yellow Plane Maxer|0 fnt
|faint|p2a: Yellow Plane Maxer
|
|-weather|Sandstorm|[upkeep]
|-damage|p1b: Blastoise|94/100|[from] Sandstorm
|-damage|p1a: Kingambit|94/100 brn|[from] brn
|upkeep
|
|t:|1784619915
|switch|p2a: Drilly Doodie|Excadrill, L50, F, shiny|100/100
|turn|3
|
|t:|1784619932
|move|p2b: Gyattalicous|Protect|p2b: Gyattalicous
|-singleturn|p2b: Gyattalicous|Protect
|move|p1a: Kingambit|Sucker Punch|p2a: Drilly Doodie
|-damage|p2a: Drilly Doodie|55/100
|move|p2a: Drilly Doodie|Earthquake|p1b: Blastoise|[spread] p1a,p1b
|-activate|p2b: Gyattalicous|move: Protect
|-supereffective|p1a: Kingambit|1
|-damage|p1a: Kingambit|24/100 brn
|-damage|p1b: Blastoise|28/100
|move|p1b: Blastoise|Water Spout|p2a: Drilly Doodie|[spread] p2a
|-activate|p2b: Gyattalicous|move: Protect
|-supereffective|p2a: Drilly Doodie|1
|-damage|p2a: Drilly Doodie|0 fnt
|faint|p2a: Drilly Doodie
|
|-weather|Sandstorm|[upkeep]
|-damage|p1b: Blastoise|22/100|[from] Sandstorm
|-damage|p1a: Kingambit|18/100 brn|[from] brn
|upkeep
|
|t:|1784619951
|switch|p2a: Wolfey's Fav|Incineroar, L50, F, shiny|100/100
|-ability|p2a: Wolfey's Fav|Intimidate|boost
|-unboost|p1a: Kingambit|atk|1
|-ability|p1a: Kingambit|Defiant|boost
|-boost|p1a: Kingambit|atk|2
|-unboost|p1b: Blastoise|atk|1
|turn|4
|
|t:|1784619963
|detailschange|p2b: Gyattalicous|Tyranitar-Mega, L50, F, shiny
|-mega|p2b: Gyattalicous|Tyranitar|Tyranitarite
|move|p1b: Blastoise|Protect|p1b: Blastoise
|-singleturn|p1b: Blastoise|Protect
|move|p2a: Wolfey's Fav|Fake Out|p1a: Kingambit
|-resisted|p1a: Kingambit|1
|-damage|p1a: Kingambit|14/100 brn
|cant|p1a: Kingambit|flinch
|move|p2b: Gyattalicous|Rock Slide|p1b: Blastoise|[spread] p1a
|-activate|p1b: Blastoise|move: Protect
|-resisted|p1a: Kingambit|1
|-damage|p1a: Kingambit|1/100 brn
|
|-weather|Sandstorm|[upkeep]
|-damage|p1b: Blastoise|16/100|[from] Sandstorm
|-damage|p2a: Wolfey's Fav|94/100|[from] Sandstorm
|-damage|p1a: Kingambit|0 fnt|[from] brn
|faint|p1a: Kingambit
|upkeep
|
|t:|1784619979
|switch|p1a: Sinistcha|Sinistcha, L50|100/100
|-heal|p1b: Blastoise|41/100|[from] ability: Hospitality|[of] p1a: Sinistcha
|turn|5
|
|t:|1784619994
|move|p1b: Blastoise|Water Spout|p2b: Gyattalicous|[spread] p2a,p2b
|-supereffective|p2a: Wolfey's Fav|1
|-supereffective|p2b: Gyattalicous|1
|-damage|p2a: Wolfey's Fav|36/100
|-damage|p2b: Gyattalicous|54/100
|-enditem|p2a: Wolfey's Fav|Sitrus Berry|[eat]
|-heal|p2a: Wolfey's Fav|61/100|[from] item: Sitrus Berry
|move|p2b: Gyattalicous|Knock Off|p1b: Blastoise
|-damage|p1b: Blastoise|0 fnt
|faint|p1b: Blastoise
|move|p1a: Sinistcha|Matcha Gotcha|p2b: Gyattalicous|[spread] p2a,p2b
|-resisted|p2a: Wolfey's Fav|1
|-supereffective|p2b: Gyattalicous|1
|-damage|p2a: Wolfey's Fav|51/100
|-damage|p2b: Gyattalicous|26/100
|move|p2a: Wolfey's Fav|Parting Shot|p1a: Sinistcha
|-unboost|p1a: Sinistcha|atk|1
|-unboost|p1a: Sinistcha|spa|1
|
|-weather|Sandstorm|[upkeep]
|-damage|p1a: Sinistcha|93/100|[from] Sandstorm
|-damage|p2a: Wolfey's Fav|46/100|[from] Sandstorm
|upkeep
|
|t:|1784620011
|switch|p1b: Incineroar|Incineroar, L50, F|100/100
|-ability|p1b: Incineroar|Intimidate|boost
|-unboost|p2a: Wolfey's Fav|atk|1
|-unboost|p2b: Gyattalicous|atk|1
|turn|6
|
|t:|1784620024
|move|p1b: Incineroar|Fake Out|p2a: Wolfey's Fav
|-damage|p2a: Wolfey's Fav|36/100
|move|p2b: Gyattalicous|Dragon Dance|p2b: Gyattalicous
|-boost|p2b: Gyattalicous|atk|1
|-boost|p2b: Gyattalicous|spe|1
|move|p1a: Sinistcha|Matcha Gotcha|p2b: Gyattalicous|[spread] p2a,p2b
|-resisted|p2a: Wolfey's Fav|1
|-supereffective|p2b: Gyattalicous|1
|-crit|p2b: Gyattalicous
|-damage|p2a: Wolfey's Fav|30/100
|-heal|p1a: Sinistcha|97/100|[from] drain|[of] p2a: Wolfey's Fav
|-damage|p2b: Gyattalicous|0 fnt
|-heal|p1a: Sinistcha|100/100|[from] drain|[of] p2b: Gyattalicous
|faint|p2b: Gyattalicous
|cant|p2a: Wolfey's Fav|flinch
|
|-weather|none
|upkeep
|turn|7
|-message|Natsuharusama forfeited.
|
|win|Raksbach123
