|j|☆PugBurro
|j|☆giocostorto
|html|PugBurrogiocostorto    
|uhtml|bestof|Game 2 of a best-of-3
|t:|1756994954
|gametype|doubles
|player|p1|PugBurro|red|
|player|p2|giocostorto|palmer|
|gen|9
|tier|[Gen 9] VGC 2025 Reg H (Bo3)
|rule|Species Clause: Limit one of each Pokémon
|rule|Item Clause: Limit 1 of each item
|clearpoke
|poke|p1|Archaludon, L50, F|
|poke|p1|Pelipper, L50, M|
|poke|p1|Basculegion, L50, M|
|poke|p1|Sneasler, L50, F|
|poke|p1|Amoonguss, L50, F|
|poke|p1|Maushold, L50|
|poke|p2|Misdreavus, L50, M|
|poke|p2|Gothitelle, L50, M|
|poke|p2|Amoonguss, L50, F|
|poke|p2|Incineroar, L50, M|
|poke|p2|Primarina, L50, M|
|poke|p2|Ursaluna, L50, F|
|teampreview|4
|showteam|p1|Archaludon||AssaultVest|Stamina|ElectroShot,DracoMeteor,FlashCannon,BodyPress|||F|||50|,,,,,Bug]Pelipper||CovertCloak|Drizzle|WeatherBall,Hurricane,Tailwind,Protect|||M|||50|,,,,,Steel]Basculegion||MysticWater|SwiftSwim|WaveCrash,LastRespects,AquaJet,FlipTurn|||M|||50|,,,,,Grass]Sneasler||FocusSash|Unburden|CloseCombat,DireClaw,FakeOut,Protect|||F|||50|,,,,,Stellar]Amoonguss||SitrusBerry|Regenerator|Spore,RagePowder,PollenPuff,ClearSmog|||F|||50|,,,,,Dark]Maushold||WideLens|Technician|PopulationBomb,FollowMe,Taunt,Protect||||||50|,,,,,Ghost
|showteam|p2|Misdreavus||Eviolite|Levitate|Protect,PerishSong,TrickRoom,ShadowBall|||M|||50|,,,,,Fire]Gothitelle||SafetyGoggles|ShadowTag|Protect,Psychic,TrickRoom,FakeOut|||M|||50|,,,,,Water]Amoonguss||MentalHerb|Regenerator|Protect,Spore,RagePowder,PollenPuff|||F|||50|,,,,,Dark]Incineroar||MirrorHerb|Intimidate|Protect,FlareBlitz,FakeOut,PartingShot|||M|||50|,,,,,Grass]Primarina||SitrusBerry|LiquidVoice|Protect,Moonblast,PerishSong,HyperVoice|||M|||50|,,,,,Steel]Ursaluna||FlameOrb|Guts|Protect,HeadlongRush,Earthquake,Facade|||F|||50|,,,,,Ghost
|inactive|Battle timer is ON: inactive players will automatically lose when time's up. (requested by giocostorto)
|c|☆giocostorto|you totally deserved it
|c|☆giocostorto|I missplayed that turn
|c|☆giocostorto|glhf
|c|☆PugBurro|well
|inactive|PugBurro has 60 seconds left.
|c|☆PugBurro|rng
|c|☆giocostorto|ye, exactly
|
|t:|1756995001
|teamsize|p1|4
|teamsize|p2|4
|start
|switch|p1a: Sneasler|Sneasler, L50, F, shiny|100/100
|switch|p1b: Maushold|Maushold, L50|100/100
|switch|p2a: Gothitelle|Gothitelle, L50, M|100/100
|switch|p2b: Amoonguss|Amoonguss, L50, F|100/100
|turn|1
|
|t:|1756995013
|move|p2a: Gothitelle|Protect|p2a: Gothitelle
|-singleturn|p2a: Gothitelle|Protect
|move|p2b: Amoonguss|Protect|p2b: Amoonguss
|-singleturn|p2b: Amoonguss|Protect
|move|p1a: Sneasler|Fake Out|p2b: Amoonguss
|-activate|p2b: Amoonguss|move: Protect
|move|p1b: Maushold|Population Bomb|p2a: Gothitelle
|-activate|p2a: Gothitelle|move: Protect
|
|upkeep
|turn|2
|
|t:|1756995029
|move|p2b: Amoonguss|Rage Powder|p2b: Amoonguss
|-singleturn|p2b: Amoonguss|move: Rage Powder
|move|p1b: Maushold|Population Bomb|p2b: Amoonguss
|-damage|p2b: Amoonguss|92/100
|-damage|p2b: Amoonguss|83/100
|-damage|p2b: Amoonguss|75/100
|-damage|p2b: Amoonguss|66/100
|-damage|p2b: Amoonguss|57/100
|-damage|p2b: Amoonguss|49/100
|-damage|p2b: Amoonguss|39/100
|-damage|p2b: Amoonguss|30/100
|-damage|p2b: Amoonguss|21/100
|-damage|p2b: Amoonguss|12/100
|-hitcount|p2b: Amoonguss|10
|move|p1a: Sneasler|Dire Claw|p2b: Amoonguss
|-damage|p2b: Amoonguss|0 fnt
|faint|p2b: Amoonguss
|move|p2a: Gothitelle|Trick Room|p2a: Gothitelle
|-fieldstart|move: Trick Room|[of] p2a: Gothitelle
|
|upkeep
|inactive|giocostorto has 30 seconds left.
|
|t:|1756995062
|switch|p2b: Ursaluna|Ursaluna, L50, F|100/100
|turn|3
|inactive|PugBurro has 30 seconds left.
|
|t:|1756995090
|-terastallize|p2b: Ursaluna|Ghost
|move|p1a: Sneasler|Protect|p1a: Sneasler
|-singleturn|p1a: Sneasler|Protect
|move|p2b: Ursaluna|Headlong Rush|p1b: Maushold
|-damage|p1b: Maushold|0 fnt
|-unboost|p2b: Ursaluna|def|1
|-unboost|p2b: Ursaluna|spd|1
|faint|p1b: Maushold
|move|p2a: Gothitelle|Psychic|p1a: Sneasler
|-activate|p1a: Sneasler|move: Protect
|
|-status|p2b: Ursaluna|brn|[from] item: Flame Orb
|upkeep
|
|t:|1756995098
|switch|p1b: Pelipper|Pelipper, L50, M, shiny|100/100
|-weather|RainDance|[from] ability: Drizzle|[of] p1b: Pelipper
|turn|4
|
|t:|1756995117
|move|p2b: Ursaluna|Protect|p2b: Ursaluna
|-singleturn|p2b: Ursaluna|Protect
|move|p2a: Gothitelle|Psychic|p1a: Sneasler
|-supereffective|p1a: Sneasler
|-enditem|p1a: Sneasler|Focus Sash
|-damage|p1a: Sneasler|1/100
|move|p1b: Pelipper|Weather Ball|p2b: Ursaluna
|-activate|p2b: Ursaluna|move: Protect
|move|p1a: Sneasler|Dire Claw|p2a: Gothitelle
|-damage|p2a: Gothitelle|59/100
|
|-weather|RainDance|[upkeep]
|-damage|p2b: Ursaluna|95/100 brn|[from] brn
|upkeep
|turn|5
|
|t:|1756995134
|move|p1b: Pelipper|Protect|p1b: Pelipper
|-singleturn|p1b: Pelipper|Protect
|move|p1a: Sneasler|Protect|p1a: Sneasler
|-singleturn|p1a: Sneasler|Protect
|move|p2b: Ursaluna|Facade|p1b: Pelipper
|-activate|p1b: Pelipper|move: Protect
|move|p2a: Gothitelle|Psychic|p1a: Sneasler
|-activate|p1a: Sneasler|move: Protect
|
|-weather|RainDance|[upkeep]
|-damage|p2b: Ursaluna|89/100 brn|[from] brn
|upkeep
|turn|6
|inactive|giocostorto has 30 seconds left.
|
|t:|1756995161
|-terastallize|p1b: Pelipper|Steel
|move|p2b: Ursaluna|Facade|p1b: Pelipper
|-resisted|p1b: Pelipper
|-damage|p1b: Pelipper|24/100
|move|p2a: Gothitelle|Psychic|p1a: Sneasler
|-supereffective|p1a: Sneasler
|-damage|p1a: Sneasler|0 fnt
|faint|p1a: Sneasler
|move|p1b: Pelipper|Weather Ball|p2b: Ursaluna
|-damage|p2b: Ursaluna|3/100 brn
|
|-weather|RainDance|[upkeep]
|-damage|p2b: Ursaluna|0 fnt|[from] brn
|faint|p2b: Ursaluna
|-fieldend|move: Trick Room
|upkeep
|
|t:|1756995167
|switch|p1a: Archaludon|Archaludon, L50, F, shiny|100/100
|switch|p2b: Primarina|Primarina, L50, M|100/100
|turn|7
|
|t:|1756995189
|move|p2b: Primarina|Protect|p2b: Primarina
|-singleturn|p2b: Primarina|Protect
|move|p1a: Archaludon|Electro Shot||[still]
|-prepare|p1a: Archaludon|Electro Shot
|-boost|p1a: Archaludon|spa|1
|-anim|p1a: Archaludon|Electro Shot|p2b: Primarina
|-activate|p2b: Primarina|move: Protect
|move|p1b: Pelipper|Weather Ball|p2a: Gothitelle
|-damage|p2a: Gothitelle|12/100
|move|p2a: Gothitelle|Trick Room|p2a: Gothitelle
|-fieldstart|move: Trick Room|[of] p2a: Gothitelle
|
|-weather|RainDance|[upkeep]
|upkeep
|turn|8
|
|t:|1756995199
|move|p2b: Primarina|Perish Song|p2b: Primarina
|-start|p1a: Archaludon|perish3|[silent]
|-start|p1b: Pelipper|perish3|[silent]
|-start|p2a: Gothitelle|perish3|[silent]
|-start|p2b: Primarina|perish3|[silent]
|-fieldactivate|move: Perish Song
|move|p2a: Gothitelle|Psychic|p1b: Pelipper
|-resisted|p1b: Pelipper
|-damage|p1b: Pelipper|0 fnt
|faint|p1b: Pelipper
|move|p1a: Archaludon|Electro Shot||[still]
|-prepare|p1a: Archaludon|Electro Shot
|-boost|p1a: Archaludon|spa|1
|-anim|p1a: Archaludon|Electro Shot|p2b: Primarina
|-supereffective|p2b: Primarina
|-damage|p2b: Primarina|0 fnt
|faint|p2b: Primarina
|
|-weather|none
|-start|p2a: Gothitelle|perish3
|-start|p1a: Archaludon|perish3
|upkeep
|turn|9
|c|☆PugBurro|ggs
|
|t:|1756995203
|move|p2a: Gothitelle|Protect|p2a: Gothitelle
|-singleturn|p2a: Gothitelle|Protect
|move|p1a: Archaludon|Flash Cannon|p2a: Gothitelle
|-activate|p2a: Gothitelle|move: Protect
|
|-start|p2a: Gothitelle|perish2
|-start|p1a: Archaludon|perish2
|upkeep
|turn|10
|c|☆giocostorto|ggs
|
|t:|1756995217
|move|p2a: Gothitelle|Protect||[still]
|-fail|p2a: Gothitelle
|move|p1a: Archaludon|Flash Cannon|p2a: Gothitelle
|-crit|p2a: Gothitelle
|-damage|p2a: Gothitelle|0 fnt
|faint|p2a: Gothitelle
|
|win|PugBurro
||PugBurro is ready for game 3.
||giocostorto is ready for game 3.
|uhtml|next|Next: Game 3 of 3
|l|☆PugBurro
|player|p1|
