|j|☆swerve88
|j|☆TheEvanTran
|html|swerve88TheEvanTran    
|uhtml|bestof|Game 2 of a best-of-3
|t:|1756217711
|gametype|doubles
|player|p1|swerve88|birdkeeper|
|player|p2|TheEvanTran|101|
|gen|9
|tier|[Gen 9] VGC 2025 Reg H (Bo3)
|rule|Species Clause: Limit one of each Pokémon
|rule|Item Clause: Limit 1 of each item
|clearpoke
|poke|p1|Politoed, L50, M|
|poke|p1|Basculegion, L50, M|
|poke|p1|Archaludon, L50, M|
|poke|p1|Salamence, L50, F|
|poke|p1|Mienshao, L50, M|
|poke|p1|Electrode-Hisui, L50|
|poke|p2|Indeedee-F, L50, F|
|poke|p2|Armarouge, L50, M|
|poke|p2|Klefki, L50, M|
|poke|p2|Dragonite, L50, F|
|poke|p2|Meowscarada, L50, M|
|poke|p2|Primarina, L50, M|
|teampreview|4
|showteam|p1|Politoed||SitrusBerry|Drizzle|WeatherBall,HelpingHand,MuddyWater,Protect|||M|||50|,,,,,Grass]Basculegion||ChoiceBand|SwiftSwim|LastRespects,WaveCrash,FlipTurn,Liquidation|||M|||50|,,,,,Water]Archaludon||AssaultVest|Stamina|BodyPress,ElectroShot,DragonPulse,FlashCannon|||M|||50|,,,,,Fairy]Salamence||LifeOrb|Intimidate|DracoMeteor,Tailwind,Hurricane,Protect|||F|||50|,,,,,Steel]Mienshao||FocusSash|InnerFocus|FakeOut,WideGuard,KnockOff,CloseCombat|||M|||50|,,,,,Fighting]Electrode-Hisui||LoadedDice|Aftermath|RainDance,BulletSeed,Electroweb,Taunt||||||50|,,,,,Electric
|showteam|p2|Indeedee-F||AbilityShield|PsychicSurge|TrickRoom,Trick,FollowMe,Psychic|||F|||50|,,,,,Fairy]Armarouge||TwistedSpoon|FlashFire|ExpandingForce,ArmorCannon,Protect,HeatWave|||M|||50|,,,,,Psychic]Klefki||LightClay|Prankster|Reflect,LightScreen,TrickRoom,FoulPlay|||M|||50|,,,,,Water]Dragonite||LoadedDice|Multiscale|LowKick,ScaleShot,Protect,Haze|||F|||50|,,,,,Fairy]Meowscarada||FocusSash|Overgrow|FlowerTrick,GrassPledge,KnockOff,Protect|||M|||50|,,,,,Grass]Primarina||LifeOrb|LiquidVoice|WaterPledge,HyperVoice,Moonblast,Protect|||M|||50|,,,,,Poison
|inactive|Battle timer is ON: inactive players will automatically lose when time's up. (requested by swerve88)
|inactive|swerve88 has 60 seconds left.
|inactive|swerve88 has 30 seconds left.
|
|t:|1756217781
|teamsize|p1|4
|teamsize|p2|4
|start
|switch|p1a: Politoed|Politoed, L50, M, shiny|100/100
|switch|p1b: Salamence|Salamence, L50, F|100/100
|switch|p2a: Meowscarada|Meowscarada, L50, M|100/100
|switch|p2b: Primarina|Primarina, L50, M|100/100
|-ability|p1b: Salamence|Intimidate|boost
|-unboost|p2a: Meowscarada|atk|1
|-unboost|p2b: Primarina|atk|1
|-weather|RainDance|[from] ability: Drizzle|[of] p1a: Politoed
|turn|1
|inactive|swerve88 has 30 seconds left.
|inactive|TheEvanTran has 30 seconds left.
|inactive|swerve88 has 20 seconds left.
|
|t:|1756217825
|move|p2a: Meowscarada|Protect|p2a: Meowscarada
|-singleturn|p2a: Meowscarada|Protect
|move|p1a: Politoed|Protect|p1a: Politoed
|-singleturn|p1a: Politoed|Protect
|move|p1b: Salamence|Hurricane|p2b: Primarina
|-damage|p2b: Primarina|37/100
|-damage|p1b: Salamence|90/100|[from] item: Life Orb
|move|p2b: Primarina|Hyper Voice|p1a: Politoed|[spread] p1b
|-activate|p1a: Politoed|move: Protect
|-resisted|p1b: Salamence
|-damage|p1b: Salamence|45/100
|-damage|p2b: Primarina|27/100|[from] item: Life Orb
|
|-weather|RainDance|[upkeep]
|upkeep
|turn|2
|inactive|swerve88 has 30 seconds left.
|inactive|swerve88 has 20 seconds left.
|inactive|TheEvanTran has 30 seconds left.
|
|t:|1756217864
|move|p2a: Meowscarada|Grass Pledge|p1a: Politoed
|-waiting|p2a: Meowscarada|p2b: Primarina
|move|p2b: Primarina|Water Pledge|p1a: Politoed|[from] move: Grass Pledge
|-combine
|-supereffective|p1a: Politoed
|-damage|p1a: Politoed|0 fnt
|-sidestart|p1: swerve88|Grass Pledge
|faint|p1a: Politoed
|-damage|p2b: Primarina|18/100|[from] item: Life Orb
|move|p1b: Salamence|Draco Meteor|p2a: Meowscarada
|-enditem|p2a: Meowscarada|Focus Sash
|-damage|p2a: Meowscarada|1/100
|-unboost|p1b: Salamence|spa|2
|-damage|p1b: Salamence|35/100|[from] item: Life Orb
|
|-weather|RainDance|[upkeep]
|upkeep
|
|t:|1756217879
|switch|p1a: Mienshao|Mienshao, L50, M|100/100
|turn|3
|inactive|swerve88 has 30 seconds left.
|
|t:|1756217904
|switch|p2a: Indeedee|Indeedee-F, L50, F|100/100
|-fieldstart|move: Psychic Terrain|[from] ability: Psychic Surge|[of] p2a: Indeedee
|move|p2b: Primarina|Protect|p2b: Primarina
|-singleturn|p2b: Primarina|Protect
|move|p1b: Salamence|Protect|p1b: Salamence
|-singleturn|p1b: Salamence|Protect
|move|p1a: Mienshao|Knock Off|p2a: Indeedee
|-supereffective|p2a: Indeedee
|-damage|p2a: Indeedee|3/100
|-enditem|p2a: Indeedee|Ability Shield|[from] move: Knock Off|[of] p1a: Mienshao
|
|-weather|RainDance|[upkeep]
|upkeep
|turn|4
|inactive|swerve88 has 30 seconds left.
|inactive|TheEvanTran has 30 seconds left.
|
|t:|1756217934
|move|p2a: Indeedee|Follow Me|p2a: Indeedee
|-singleturn|p2a: Indeedee|move: Follow Me
|move|p2b: Primarina|Hyper Voice|p1b: Salamence|[spread] p1a,p1b
|-resisted|p1b: Salamence
|-enditem|p1a: Mienshao|Focus Sash
|-damage|p1a: Mienshao|1/100
|-damage|p1b: Salamence|0 fnt
|faint|p1b: Salamence
|-damage|p2b: Primarina|8/100|[from] item: Life Orb
|move|p1a: Mienshao|Knock Off|p2a: Indeedee
|-supereffective|p2a: Indeedee
|-damage|p2a: Indeedee|0 fnt
|faint|p2a: Indeedee
|
|-weather|RainDance|[upkeep]
|upkeep
|
|t:|1756217954
|switch|p1b: Archaludon|Archaludon, L50, M|100/100
|switch|p2a: Meowscarada|Meowscarada, L50, M|1/100
|turn|5
|
|t:|1756217972
|-terastallize|p1b: Archaludon|Fairy
|move|p1a: Mienshao|Wide Guard|p1a: Mienshao
|-singleturn|p1a: Mienshao|Wide Guard
|move|p2a: Meowscarada|Knock Off|p1b: Archaludon
|-resisted|p1b: Archaludon
|-damage|p1b: Archaludon|84/100
|-ability|p1b: Archaludon|Stamina|boost
|-boost|p1b: Archaludon|def|1
|-enditem|p1b: Archaludon|Assault Vest|[from] move: Knock Off|[of] p2a: Meowscarada
|move|p2b: Primarina|Moonblast|p1b: Archaludon
|-damage|p1b: Archaludon|20/100
|-ability|p1b: Archaludon|Stamina|boost
|-boost|p1b: Archaludon|def|1
|-damage|p2b: Primarina|0 fnt|[from] item: Life Orb
|faint|p2b: Primarina
|move|p1b: Archaludon|Electro Shot||[still]
|-prepare|p1b: Archaludon|Electro Shot
|-boost|p1b: Archaludon|spa|1
|-anim|p1b: Archaludon|Electro Shot|p2a: Meowscarada
|-resisted|p2a: Meowscarada
|-damage|p2a: Meowscarada|0 fnt
|faint|p2a: Meowscarada
|
|-weather|none
|-sideend|p1: swerve88|Grass Pledge
|upkeep
|
|t:|1756217993
|switch|p2b: Armarouge|Armarouge, L50, M|100/100
|turn|6
|inactive|TheEvanTran has 30 seconds left.
|
|t:|1756218023
|move|p2b: Armarouge|Protect|p2b: Armarouge
|-singleturn|p2b: Armarouge|Protect
|move|p1a: Mienshao|Wide Guard|p1a: Mienshao
|-singleturn|p1a: Mienshao|Wide Guard
|move|p1b: Archaludon|Dragon Pulse|p2b: Armarouge
|-activate|p2b: Armarouge|move: Protect
|
|upkeep
|turn|7
|inactive|swerve88 has 30 seconds left.
|inactive|swerve88 has 20 seconds left.
|inactive|swerve88 has 15 seconds left.
|inactive|swerve88 has 10 seconds left.
|
|t:|1756218069
|move|p1a: Mienshao|Knock Off|p2b: Armarouge
|-supereffective|p2b: Armarouge
|-damage|p2b: Armarouge|33/100
|-enditem|p2b: Armarouge|Twisted Spoon|[from] move: Knock Off|[of] p1a: Mienshao
|move|p2b: Armarouge|Armor Cannon|p1a: Mienshao
|-damage|p1a: Mienshao|0 fnt
|-unboost|p2b: Armarouge|def|1
|-unboost|p2b: Armarouge|spd|1
|faint|p1a: Mienshao
|move|p1b: Archaludon|Dragon Pulse|p2b: Armarouge
|-damage|p2b: Armarouge|0 fnt
|faint|p2b: Armarouge
|
|win|swerve88
|inactive|swerve88 has 30 seconds to confirm battle start!
|inactive|TheEvanTran has 30 seconds to confirm battle start!
||TheEvanTran is ready for game 3.
