|j|☆phenomsteelers08
|j|☆Spottedwoot
|html|phenomsteelers08Spottedwoot    
|uhtml|bestof|Game 2 of a best-of-3
|t:|1754271650
|gametype|doubles
|player|p1|phenomsteelers08|2|1258
|player|p2|Spottedwoot|169|1308
|gen|9
|tier|[Gen 9] VGC 2025 Reg H (Bo3)
|rated|
|rule|Species Clause: Limit one of each Pokémon
|rule|Item Clause: Limit 1 of each item
|clearpoke
|poke|p1|Indeedee-F, L50, F|
|poke|p1|Whimsicott, L50, F|
|poke|p1|Annihilape, L50, F|
|poke|p1|Armarouge, L50, M|
|poke|p1|Torkoal, L50, F|
|poke|p1|Gholdengo, L50|
|poke|p2|Kingambit, L50, M|
|poke|p2|Primarina, L50, M|
|poke|p2|Salamence, L50, F|
|poke|p2|Gholdengo, L50|
|poke|p2|Sneasler, L50, M|
|poke|p2|Garchomp, L50, F|
|teampreview|4
|showteam|p1|Indeedee-F||RockyHelmet|PsychicSurge|Psychic,FollowMe,TrickRoom,HelpingHand|||F|||50|,,,,,Fairy]Whimsicott||FocusSash|Prankster|Moonblast,Tailwind,BeatUp,SunnyDay|||F|||50|,,,,,Ghost]Annihilape||Leftovers|Defiant|DrainPunch,RageFist,BulkUp,Protect|||F|||50|,,,,,Water]Armarouge||TwistedSpoon|FlashFire|ExpandingForce,HeatWave,TrickRoom,Protect|||M|||50|,,,,,Psychic]Torkoal||Charcoal|Drought|Eruption,Flamethrower,ClearSmog,Protect|||F|||50|,,,,,Fire]Gholdengo||MetalCoat|GoodasGold|MakeItRain,ShadowBall,NastyPlot,Protect||||||50|,,,,,Water
|showteam|p2|Kingambit||SafetyGoggles|Defiant|KowtowCleave,Protect,SuckerPunch,SwordsDance|||M|||50|,,,,,Dark]Primarina||ThroatSpray|LiquidVoice|Haze,HyperVoice,Protect,Moonblast|||M|||50|,,,,,Poison]Salamence||LifeOrb|Intimidate|Tailwind,Protect,DracoMeteor,Hurricane|||F|||50|,,,,,Fairy]Gholdengo||ChoiceSpecs|GoodasGold|MakeItRain,Trick,ShadowBall,FocusBlast||||||50|,,,,,Steel]Sneasler||FocusSash|Unburden|FakeOut,Protect,CloseCombat,DireClaw|||M|||50|,,,,,Steel]Garchomp||ClearAmulet|RoughSkin|DragonClaw,Earthquake,Protect,StompingTantrum|||F|||50|,,,,,Ground
|inactive|Battle timer is ON: inactive players will automatically lose when time's up. (requested by phenomsteelers08)
|inactive|phenomsteelers08 has 60 seconds left.
|
|t:|1754271691
|teamsize|p1|4
|teamsize|p2|4
|start
|switch|p1a: Whimsicott|Whimsicott, L50, F|100/100
|switch|p1b: Annihilape|Annihilape, L50, F|100/100
|switch|p2a: Primarina|Primarina, L50, M|100/100
|switch|p2b: Kingambit|Kingambit, L50, M|100/100
|turn|1
|
|t:|1754271717
|-terastallize|p1b: Annihilape|Water
|move|p1a: Whimsicott|Beat Up|p1b: Annihilape
|-damage|p1b: Annihilape|98/100
|-damage|p1b: Annihilape|95/100
|-damage|p1b: Annihilape|93/100
|-damage|p1b: Annihilape|91/100
|-hitcount|p1b: Annihilape|4
|move|p1b: Annihilape|Bulk Up|p1b: Annihilape
|-boost|p1b: Annihilape|atk|1
|-boost|p1b: Annihilape|def|1
|move|p2a: Primarina|Moonblast|p1b: Annihilape
|-damage|p1b: Annihilape|38/100
|move|p2b: Kingambit|Swords Dance|p2b: Kingambit
|-boost|p2b: Kingambit|atk|2
|
|-heal|p1b: Annihilape|44/100|[from] item: Leftovers
|upkeep
|turn|2
|
|t:|1754271735
|switch|p1a: Indeedee|Indeedee-F, L50, F|100/100
|-fieldstart|move: Psychic Terrain|[from] ability: Psychic Surge|[of] p1a: Indeedee
|-terastallize|p2b: Kingambit|Dark
|move|p1b: Annihilape|Protect|p1b: Annihilape
|-singleturn|p1b: Annihilape|Protect
|move|p2a: Primarina|Moonblast|p1b: Annihilape
|-activate|p1b: Annihilape|move: Protect
|move|p2b: Kingambit|Kowtow Cleave|p1a: Indeedee
|-supereffective|p1a: Indeedee
|-damage|p1a: Indeedee|0 fnt
|-damage|p2b: Kingambit|84/100|[from] item: Rocky Helmet|[of] p1a: Indeedee
|faint|p1a: Indeedee
|
|-heal|p1b: Annihilape|50/100|[from] item: Leftovers
|upkeep
|
|t:|1754271751
|switch|p1a: Gholdengo|Gholdengo, L50|100/100
|turn|3
|
|t:|1754271772
|move|p2b: Kingambit|Protect|p2b: Kingambit
|-singleturn|p2b: Kingambit|Protect
|move|p1b: Annihilape|Rage Fist|p2a: Primarina
|-damage|p2a: Primarina|0 fnt
|faint|p2a: Primarina
|move|p1a: Gholdengo|Make It Rain|p2b: Kingambit
|-activate|p2b: Kingambit|move: Protect
|
|-heal|p1b: Annihilape|57/100|[from] item: Leftovers
|upkeep
|
|t:|1754271779
|switch|p2a: Salamence|Salamence, L50, F|100/100
|-ability|p2a: Salamence|Intimidate|boost
|-unboost|p1a: Gholdengo|atk|1
|-unboost|p1b: Annihilape|atk|1
|-ability|p1b: Annihilape|Defiant|boost
|-boost|p1b: Annihilape|atk|2
|turn|4
|inactive|phenomsteelers08 has 30 seconds left.
|inactive|phenomsteelers08 has 20 seconds left.
|inactive|phenomsteelers08 has 15 seconds left.
|inactive|phenomsteelers08 has 10 seconds left.
|
|t:|1754271825
|switch|p1a: Whimsicott|Whimsicott, L50, F|100/100
|move|p1b: Annihilape|Protect|p1b: Annihilape
|-singleturn|p1b: Annihilape|Protect
|move|p2a: Salamence|Draco Meteor|p1b: Annihilape
|-activate|p1b: Annihilape|move: Protect
|move|p2b: Kingambit|Kowtow Cleave|p1a: Whimsicott
|-resisted|p1a: Whimsicott
|-damage|p1a: Whimsicott|18/100
|
|-heal|p1b: Annihilape|63/100|[from] item: Leftovers
|upkeep
|turn|5
|
|t:|1754271850
|move|p1a: Whimsicott|Tailwind|p1a: Whimsicott
|-sidestart|p1: phenomsteelers08|move: Tailwind
|move|p1b: Annihilape|Drain Punch|p2b: Kingambit
|-supereffective|p2b: Kingambit
|-damage|p2b: Kingambit|0 fnt
|-heal|p1b: Annihilape|100/100|[from] drain|[of] p2b: Kingambit
|faint|p2b: Kingambit
|move|p2a: Salamence|Draco Meteor|p1b: Annihilape
|-damage|p1b: Annihilape|21/100
|-unboost|p2a: Salamence|spa|2
|-damage|p2a: Salamence|90/100|[from] item: Life Orb
|
|-heal|p1b: Annihilape|28/100|[from] item: Leftovers
|upkeep
|
|t:|1754271856
|switch|p2b: Sneasler|Sneasler, L50, M|100/100
|turn|6
|-message|Spottedwoot forfeited.
|
|win|phenomsteelers08
|raw|phenomsteelers08's rating: 1258 → 1287(+29 for winning)
|raw|Spottedwoot's rating: 1308 → 1285(-23 for losing)
