|j|☆huyhieuf
|j|☆Quyt_DZ
|html|huyhieufQuyt_DZ    
|uhtml|bestof|Game 3 of a best-of-3
|t:|1783172339
|gametype|doubles
|player|p1|huyhieuf|schoolkidf|
|player|p2|Quyt_DZ|acetrainersnowf|
|gen|9
|tier|[Gen 9 Champions] VGC 2026 Reg M-B (Bo3)
|rule|Species Clause: Limit one of each Pokémon
|rule|Item Clause: Limit 1 of each item
|clearpoke
|poke|p1|Charizard, L50, M|
|poke|p1|Garchomp, L50, M|
|poke|p1|Gholdengo, L50|
|poke|p1|Whimsicott, L50, M|
|poke|p1|Incineroar, L50, M|
|poke|p1|Basculegion, L50, M|
|poke|p2|Vanilluxe, L50, F, shiny|
|poke|p2|Raichu, L50, M, shiny|
|poke|p2|Dragonite, L50, F, shiny|
|poke|p2|Sneasler, L50, M, shiny|
|poke|p2|Torkoal, L50, M, shiny|
|poke|p2|Incineroar, L50, M|
|teampreview|4
|showteam|p1|Charizard||CharizarditeY|Blaze|HeatWave,SolarBeam,WeatherBall,Protect|Timid||M|||50|]Garchomp||LifeOrb|RoughSkin|Earthquake,DragonClaw,RockSlide,Protect|Jolly||M|||50|]Gholdengo||MetalCoat|GoodasGold|MakeItRain,ShadowBall,NastyPlot,Protect|Modest|||||50|]Whimsicott||FocusSash|Prankster|Moonblast,Tailwind,Encore,Protect|Timid||M|||50|]Incineroar||SitrusBerry|Intimidate|FlareBlitz,ThroatChop,FakeOut,PartingShot|Impish||M|||50|]Basculegion||ChoiceScarf|Adaptability|WaveCrash,LastRespects,AquaJet,FlipTurn|Jolly||M|||50|
|showteam|p2|Vanilluxe||ChoiceScarf|SnowWarning|Blizzard,FreezeDry,IcyWind,SheerCold|Modest||F|||50|]Raichu||RaichuniteY|LightningRod|ZapCannon,FocusBlast,Substitute,Protect|Timid||M|||50|]Dragonite||DragonFang|Multiscale|DragonClaw,ExtremeSpeed,LowKick,Protect|Adamant||F|||50|]Sneasler||FocusSash|PoisonTouch|PoisonJab,CloseCombat,Protect,FakeOut|Jolly||M|||50|]Torkoal||Leftovers|Drought|WeatherBall,Yawn,Protect,HeatWave|Relaxed||M|||50|]Incineroar||SitrusBerry|Intimidate|FlareBlitz,ThroatChop,PartingShot,FakeOut|Adamant||M|||50|
|
|t:|1783172370
|teamsize|p1|4
|teamsize|p2|4
|start
|switch|p1a: Whimsicott|Whimsicott, L50, M|100/100
|switch|p1b: Charizard|Charizard, L50, M|100/100
|switch|p2a: Incineroar|Incineroar, L50, M|100/100
|switch|p2b: Raichu|Raichu, L50, M, shiny|100/100
|-ability|p2a: Incineroar|Intimidate|boost
|-unboost|p1a: Whimsicott|atk|1
|-unboost|p1b: Charizard|atk|1
|turn|1
|
|t:|1783172409
|switch|p2a: Sneasler|Sneasler, L50, M, shiny|100/100
|detailschange|p2b: Raichu|Raichu-Mega-Y, L50, M, shiny
|-mega|p2b: Raichu|Raichu|Raichunite Y
|detailschange|p1b: Charizard|Charizard-Mega-Y, L50, M
|-mega|p1b: Charizard|Charizard|Charizardite Y
|-weather|SunnyDay|[from] ability: Drought|[of] p1b: Charizard
|move|p1a: Whimsicott|Tailwind|p1a: Whimsicott
|-sidestart|p1: huyhieuf|move: Tailwind
|move|p1b: Charizard|Weather Ball|p2b: Raichu
|-crit|p2b: Raichu
|-damage|p2b: Raichu|0 fnt
|faint|p2b: Raichu
|
|-weather|SunnyDay|[upkeep]
|upkeep
|
|t:|1783172425
|switch|p2b: Dragonite|Dragonite, L50, F, shiny|100/100
|turn|2
|
|t:|1783172436
|move|p1a: Whimsicott|Protect|p1a: Whimsicott
|-singleturn|p1a: Whimsicott|Protect
|move|p1b: Charizard|Heat Wave|p2b: Dragonite|[spread] p2a,p2b
|-resisted|p2b: Dragonite|1
|-damage|p2a: Sneasler|21/100
|-damage|p2b: Dragonite|83/100
|-status|p2a: Sneasler|brn
|move|p2a: Sneasler|Poison Jab|p1a: Whimsicott
|-activate|p1a: Whimsicott|move: Protect
|move|p2b: Dragonite|Dragon Claw|p1b: Charizard
|-damage|p1b: Charizard|24/100
|
|-weather|SunnyDay|[upkeep]
|-damage|p2a: Sneasler|15/100 brn|[from] brn
|upkeep
|turn|3
|
|t:|1783172454
|switch|p1b: Basculegion|Basculegion, L50, M|100/100
|move|p1a: Whimsicott|Moonblast|p2b: Dragonite
|-supereffective|p2b: Dragonite|1
|-damage|p2b: Dragonite|12/100
|move|p2a: Sneasler|Poison Jab|p1a: Whimsicott
|-supereffective|p1a: Whimsicott|2
|-crit|p1a: Whimsicott
|-enditem|p1a: Whimsicott|Focus Sash
|-damage|p1a: Whimsicott|1/100
|-status|p1a: Whimsicott|psn|[from] ability: Poison Touch|[of] p2a: Sneasler
|move|p2b: Dragonite|Dragon Claw|p1b: Basculegion
|-damage|p1b: Basculegion|40/100
|
|-weather|SunnyDay|[upkeep]
|-damage|p1a: Whimsicott|0 fnt|[from] psn
|faint|p1a: Whimsicott
|-damage|p2a: Sneasler|10/100 brn|[from] brn
|upkeep
|
|t:|1783172459
|switch|p1a: Gholdengo|Gholdengo, L50|100/100
|turn|4
|
|t:|1783172473
|move|p2a: Sneasler|Protect|p2a: Sneasler
|-singleturn|p2a: Sneasler|Protect
|move|p2b: Dragonite|Protect|p2b: Dragonite
|-singleturn|p2b: Dragonite|Protect
|move|p1b: Basculegion|Flip Turn|p2a: Sneasler
|-activate|p2a: Sneasler|move: Protect
|move|p1a: Gholdengo|Nasty Plot|p1a: Gholdengo
|-boost|p1a: Gholdengo|spa|2
|
|-weather|SunnyDay|[upkeep]
|-damage|p2a: Sneasler|4/100 brn|[from] brn
|-sideend|p1: huyhieuf|move: Tailwind
|upkeep
|turn|5
|
|t:|1783172494
|switch|p2b: Incineroar|Incineroar, L50, M|100/100
|-ability|p2b: Incineroar|Intimidate|boost
|-unboost|p1a: Gholdengo|atk|1
|-unboost|p1b: Basculegion|atk|1
|move|p1a: Gholdengo|Protect|p1a: Gholdengo
|-singleturn|p1a: Gholdengo|Protect
|move|p1b: Basculegion|Flip Turn|p2a: Sneasler
|-damage|p2a: Sneasler|0 fnt
|faint|p2a: Sneasler
|
|t:|1783172496
|switch|p1b: Charizard|Charizard-Mega-Y, L50, M|24/100|[from] Flip Turn
|
|-weather|none
|upkeep
|
|t:|1783172506
|switch|p2a: Dragonite|Dragonite, L50, F, shiny|12/100
|turn|6
|
|t:|1783172525
|move|p1b: Charizard|Protect|p1b: Charizard
|-singleturn|p1b: Charizard|Protect
|move|p2a: Dragonite|Protect|p2a: Dragonite
|-singleturn|p2a: Dragonite|Protect
|move|p1a: Gholdengo|Make It Rain|p2a: Dragonite|[spread] p2b
|-activate|p2a: Dragonite|move: Protect
|-resisted|p2b: Incineroar|1
|-damage|p2b: Incineroar|45/100
|-unboost|p1a: Gholdengo|spa|2
|-enditem|p2b: Incineroar|Sitrus Berry|[eat]
|-heal|p2b: Incineroar|70/100|[from] item: Sitrus Berry
|move|p2b: Incineroar|Flare Blitz|p1a: Gholdengo
|-supereffective|p1a: Gholdengo|1
|-damage|p1a: Gholdengo|0 fnt
|faint|p1a: Gholdengo
|-damage|p2b: Incineroar|42/100|[from] Recoil
|
|upkeep
|
|t:|1783172530
|switch|p1a: Basculegion|Basculegion, L50, M|40/100
|turn|7
|
|t:|1783172561
|move|p2a: Dragonite|Extreme Speed|p1b: Charizard
|-damage|p1b: Charizard|0 fnt
|faint|p1b: Charizard
|move|p1a: Basculegion|Last Respects|p2b: Incineroar
|-resisted|p2b: Incineroar|1
|-damage|p2b: Incineroar|0 fnt
|faint|p2b: Incineroar
|
|upkeep
|turn|8
|
|t:|1783172571
|move|p1a: Basculegion|Last Respects|p2a: Dragonite
|-damage|p2a: Dragonite|0 fnt
|faint|p2a: Dragonite
|
|win|huyhieuf
