|j|☆GriseousVGC
|j|☆testaltlol
|html|GriseousVGCtestaltlol    
|uhtml|bestof|Game 1 of a best-of-3
|t:|1756280085
|gametype|doubles
|player|p1|GriseousVGC|volo|
|player|p2|testaltlol|170|
|gen|9
|tier|[Gen 9] VGC 2025 Reg H (Bo3)
|rule|Species Clause: Limit one of each Pokémon
|rule|Item Clause: Limit 1 of each item
|clearpoke
|poke|p1|Hydrapple, L50, F|
|poke|p1|Porygon2, L50|
|poke|p1|Incineroar, L50, F|
|poke|p1|Kingambit, L50, M|
|poke|p1|Araquanid, L50, M|
|poke|p1|Sneasler, L50, M|
|poke|p2|Annihilape, L50, M|
|poke|p2|Garchomp, L50, F|
|poke|p2|Gogoat, L50, F|
|poke|p2|Talonflame, L50, M|
|poke|p2|Clefairy, L50, M|
|poke|p2|Gholdengo, L50|
|teampreview|4
|showteam|p1|Hydrapple||AssaultVest|Regenerator|FickleBeam,EarthPower,LeafStorm,GigaDrain|||F|||50|,,,,,Steel]Porygon2||Eviolite|Download|TeraBlast,IceBeam,TrickRoom,Recover||||||50|,,,,,Fighting]Incineroar||SafetyGoggles|Intimidate|FakeOut,FlareBlitz,KnockOff,PartingShot|||F|||50|,,,,,Ghost]Kingambit||BlackGlasses|Defiant|KowtowCleave,SuckerPunch,SwordsDance,Protect|||M|||50|,,,,,Flying]Araquanid||ClearAmulet|WaterBubble|Liquidation,LeechLife,WideGuard,Protect|||M|||50|,,,,,Grass]Sneasler||FocusSash|PoisonTouch|CloseCombat,DireClaw,FakeOut,Protect|||M|||50|,,,,,Stellar
|showteam|p2|Annihilape||SafetyGoggles|Defiant|Protect,BulkUp,DrainPunch,RageFist|||M|||50|,,,,,Water]Garchomp||LifeOrb|RoughSkin|Protect,StompingTantrum,Outrage,Earthquake|||F|||50|,,,,,Steel]Gogoat||Leftovers|SapSipper|BulkUp,HornLeech,Earthquake,MilkDrink|||F|||50|,,,,,Ground]Talonflame||CovertCloak|GaleWings|SwordsDance,BraveBird,FlareBlitz,Roost|||M|||50|,,,,,Flying]Clefairy||Eviolite|FriendGuard|FollowMe,Protect,Moonblast,Wish|||M|||50|,,,,,Steel]Gholdengo||MetalCoat|GoodasGold|Protect,NastyPlot,ShadowBall,MakeItRain||||||50|,,,,,Steel
|
|t:|1756280103
|teamsize|p1|4
|teamsize|p2|4
|start
|switch|p1a: Kingambit|Kingambit, L50, M, shiny|100/100
|switch|p1b: Porygon2|Porygon2, L50, shiny|100/100
|switch|p2a: Clefairy|Clefairy, L50, M|100/100
|switch|p2b: Annihilape|Annihilape, L50, M|100/100
|-ability|p1b: Porygon2|Download|boost
|-boost|p1b: Porygon2|spa|1
|turn|1
|
|t:|1756280125
|-terastallize|p1a: Kingambit|Flying
|move|p2a: Clefairy|Protect|p2a: Clefairy
|-singleturn|p2a: Clefairy|Protect
|move|p2b: Annihilape|Bulk Up|p2b: Annihilape
|-boost|p2b: Annihilape|atk|1
|-boost|p2b: Annihilape|def|1
|move|p1a: Kingambit|Swords Dance|p1a: Kingambit
|-boost|p1a: Kingambit|atk|2
|move|p1b: Porygon2|Trick Room|p1b: Porygon2
|-fieldstart|move: Trick Room|[of] p1b: Porygon2
|
|upkeep
|turn|2
|
|t:|1756280203
|-terastallize|p2a: Clefairy|Steel
|move|p2a: Clefairy|Wish|p2a: Clefairy
|move|p1a: Kingambit|Swords Dance|p1a: Kingambit
|-boost|p1a: Kingambit|atk|2
|move|p1b: Porygon2|Ice Beam|p2a: Clefairy
|-resisted|p2a: Clefairy
|-damage|p2a: Clefairy|82/100
|move|p2b: Annihilape|Bulk Up|p2b: Annihilape
|-boost|p2b: Annihilape|atk|1
|-boost|p2b: Annihilape|def|1
|
|upkeep
|turn|3
|
|t:|1756280241
|move|p2a: Clefairy|Moonblast|p1a: Kingambit
|-damage|p1a: Kingambit|80/100
|move|p1a: Kingambit|Kowtow Cleave|p2b: Annihilape
|-damage|p2b: Annihilape|38/100
|move|p1b: Porygon2|Ice Beam|p2a: Clefairy
|-resisted|p2a: Clefairy
|-damage|p2a: Clefairy|63/100
|move|p2b: Annihilape|Bulk Up|p2b: Annihilape
|-boost|p2b: Annihilape|atk|1
|-boost|p2b: Annihilape|def|1
|
|-heal|p2a: Clefairy|100/100|[from] move: Wish|[wisher] Clefairy
|upkeep
|turn|4
|
|t:|1756280266
|move|p2a: Clefairy|Follow Me|p2a: Clefairy
|-singleturn|p2a: Clefairy|move: Follow Me
|move|p1a: Kingambit|Kowtow Cleave|p2a: Clefairy
|-damage|p2a: Clefairy|0 fnt
|faint|p2a: Clefairy
|move|p1b: Porygon2|Ice Beam|p2b: Annihilape
|-damage|p2b: Annihilape|2/100
|move|p2b: Annihilape|Drain Punch|p1b: Porygon2
|-supereffective|p1b: Porygon2
|-damage|p1b: Porygon2|13/100
|-heal|p2b: Annihilape|41/100|[from] drain|[of] p1b: Porygon2
|
|upkeep
|
|t:|1756280285
|switch|p2a: Talonflame|Talonflame, L50, M|100/100
|turn|5
|inactive|Battle timer is ON: inactive players will automatically lose when time's up. (requested by GriseousVGC)
|
|t:|1756280353
|move|p2b: Annihilape|Protect|p2b: Annihilape
|-singleturn|p2b: Annihilape|Protect
|move|p2a: Talonflame|Brave Bird|p1b: Porygon2
|-damage|p1b: Porygon2|0 fnt
|faint|p1b: Porygon2
|-damage|p2a: Talonflame|95/100|[from] Recoil
|move|p1a: Kingambit|Kowtow Cleave|p2a: Talonflame
|-damage|p2a: Talonflame|0 fnt
|faint|p2a: Talonflame
|
|-fieldend|move: Trick Room
|upkeep
|
|t:|1756280373
|switch|p2a: Gogoat|Gogoat, L50, F|100/100
|switch|p1b: Hydrapple|Hydrapple, L50, F, shiny|100/100
|turn|6
|
|t:|1756280389
|move|p1a: Kingambit|Sucker Punch|p2b: Annihilape
|-damage|p2b: Annihilape|0 fnt
|faint|p2b: Annihilape
|move|p2a: Gogoat|Bulk Up|p2a: Gogoat
|-boost|p2a: Gogoat|atk|1
|-boost|p2a: Gogoat|def|1
|move|p1b: Hydrapple|Fickle Beam|p2a: Gogoat|[anim] Fickle Beam All Out
|-activate|p1b: Hydrapple|move: Fickle Beam
|-damage|p2a: Gogoat|54/100
|
|-heal|p2a: Gogoat|60/100|[from] item: Leftovers
|upkeep
|turn|7
|
|t:|1756280405
|move|p2a: Gogoat|Milk Drink|p2a: Gogoat
|-heal|p2a: Gogoat|100/100
|move|p1a: Kingambit|Kowtow Cleave|p2a: Gogoat
|-damage|p2a: Gogoat|0 fnt
|faint|p2a: Gogoat
|
|win|GriseousVGC
||testaltlol is ready for game 2.
|inactive|GriseousVGC has 30 seconds to confirm battle start!
||GriseousVGC is ready for game 2.
|uhtml|next|Next: Game 2 of 3
