|j|☆huhvin
|j|☆GabeLev
|html|huhvinGabeLev    
|uhtml|bestof|Game 1 of a best-of-3
|t:|1784077731
|gametype|doubles
|player|p1|huhvin|265|
|player|p2|GabeLev|2|
|gen|9
|tier|[Gen 9 Champions] VGC 2026 Reg M-B (Bo3)
|rule|Species Clause: Limit one of each Pokémon
|rule|Item Clause: Limit 1 of each item
|clearpoke
|poke|p1|Scizor, L50, M|
|poke|p1|Hatterene, L50, F|
|poke|p1|Orthworm, L50, F|
|poke|p1|Annihilape, L50, F|
|poke|p1|Sylveon, L50, M|
|poke|p1|Torkoal, L50, F|
|poke|p2|Hippowdon, L50, F|
|poke|p2|Excadrill, L50, M, shiny|
|poke|p2|Slowbro-Galar, L50, M, shiny|
|poke|p2|Scovillain, L50, M, shiny|
|poke|p2|Kommo-o, L50, F, shiny|
|poke|p2|Sinistcha-Masterpiece, L50, shiny|
|teampreview|4
|showteam|p1|Scizor||Scizorite|Technician|SwordsDance,KnockOff,Trailblaze,BulletPunch|Adamant||M|||50|]Hatterene||FocusSash|MagicBounce|TrickRoom,GigaDrain,DazzlingGleam,ExpandingForce|Quiet||F|||50|]Orthworm||Leftovers|EarthEater|RockSlide,BodyPress,IronDefense,Protect|Careful||F|||50|]Annihilape||SitrusBerry|Defiant|BulkUp,RageFist,SeedBomb,DrainPunch|Adamant||F|||50|]Sylveon||FairyFeather|Pixilate|HyperVoice,Reflect,CalmMind,Protect|Bold||M|||50|]Torkoal||HeatRock|Drought|Eruption,SolarBeam,HeatWave,Earthquake|Quiet||F|||50|
|showteam|p2|Hippowdon||SmoothRock|SandStream|HighHorsepower,Protect,RockSlide,Yawn|Brave||F|||50|]Excadrill||LifeOrb|SandRush|Earthquake,IronHead,HighHorsepower,Protect|Adamant||M|||50|]Slowbro-Galar||QuickClaw|QuickDraw|ShellSideArm,Psychic,IceBeam,Protect|Quiet||M|||50|]Scovillain||Scovillainite|Chlorophyll|EnergyBall,Overheat,RagePowder,Protect|Modest||M|||50|]Kommo-o||DragonFang|Bulletproof|ClangorousSoul,ClangingScales,AuraSphere,Protect|Modest||F|||50|]Sinistcha-Masterpiece||SitrusBerry|Hospitality|MatchaGotcha,LifeDew,RagePowder,ShadowBall|Modest|||||50|
|j| Backwards_Aerial
|
|t:|1784077786
|teamsize|p1|4
|teamsize|p2|4
|start
|switch|p1a: Orthworm|Orthworm, L50, F|100/100
|switch|p1b: Sylveon|Sylveon, L50, M|100/100
|switch|p2a: Big Billy|Kommo-o, L50, F, shiny|100/100
|switch|p2b: Spiseeeaayyy|Scovillain, L50, M, shiny|100/100
|turn|1
|
|t:|1784077841
|detailschange|p2b: Spiseeeaayyy|Scovillain-Mega, L50, M, shiny
|-mega|p2b: Spiseeeaayyy|Scovillain|Scovillainite
|move|p2a: Big Billy|Protect|p2a: Big Billy
|-singleturn|p2a: Big Billy|Protect
|move|p1a: Orthworm|Protect|p1a: Orthworm
|-singleturn|p1a: Orthworm|Protect
|move|p2b: Spiseeeaayyy|Overheat|p1a: Orthworm
|-activate|p1a: Orthworm|move: Protect
|move|p1b: Sylveon|Reflect|p1b: Sylveon
|-sidestart|p1: huhvin|Reflect
|
|upkeep
|turn|2
|
|t:|1784077877
|switch|p2a: P Diddy|Excadrill, L50, M, shiny|100/100
|switch|p1a: Annihilape|Annihilape, L50, F|100/100
|move|p2b: Spiseeeaayyy|Overheat|p1a: Annihilape
|-damage|p1a: Annihilape|30/100
|-unboost|p2b: Spiseeeaayyy|spa|2
|-enditem|p1a: Annihilape|Sitrus Berry|[eat]
|-heal|p1a: Annihilape|55/100|[from] item: Sitrus Berry
|move|p1b: Sylveon|Calm Mind|p1b: Sylveon
|-boost|p1b: Sylveon|spa|1
|-boost|p1b: Sylveon|spd|1
|
|upkeep
|turn|3
|
|t:|1784077925
|move|p1b: Sylveon|Protect|p1b: Sylveon
|-singleturn|p1b: Sylveon|Protect
|move|p2a: P Diddy|Earthquake|p1a: Annihilape|[spread] p2b,p1a
|-activate|p1b: Sylveon|move: Protect
|-damage|p2b: Spiseeeaayyy|11/100
|-damage|p1a: Annihilape|21/100
|-status|p2a: P Diddy|brn|[from] ability: Spicy Spray|[of] p2b: Spiseeeaayyy
|-damage|p2a: P Diddy|90/100 brn|[from] item: Life Orb
|move|p2b: Spiseeeaayyy|Energy Ball|p1a: Annihilape
|-damage|p1a: Annihilape|0 fnt
|faint|p1a: Annihilape
|
|-damage|p2a: P Diddy|84/100 brn|[from] brn
|upkeep
|
|t:|1784077939
|switch|p1a: Scizor|Scizor, L50, M|100/100
|turn|4
|
|t:|1784077986
|switch|p2a: Jesus Himself|Hippowdon, L50, F|100/100
|-weather|Sandstorm|[from] ability: Sand Stream|[of] p2a: Jesus Himself
|detailschange|p1a: Scizor|Scizor-Mega, L50, M
|-mega|p1a: Scizor|Scizor|Scizorite
|move|p2b: Spiseeeaayyy|Protect|p2b: Spiseeeaayyy
|-singleturn|p2b: Spiseeeaayyy|Protect
|move|p1a: Scizor|Trailblaze|p2a: Jesus Himself
|-supereffective|p2a: Jesus Himself|1
|-damage|p2a: Jesus Himself|63/100
|-boost|p1a: Scizor|spe|1
|move|p1b: Sylveon|Hyper Voice|p2b: Spiseeeaayyy|[spread] p2a
|-activate|p2b: Spiseeeaayyy|move: Protect
|-damage|p2a: Jesus Himself|1/100
|
|-weather|Sandstorm|[upkeep]
|-damage|p2b: Spiseeeaayyy|6/100|[from] Sandstorm
|-damage|p1b: Sylveon|94/100|[from] Sandstorm
|upkeep
|turn|5
|
|t:|1784078034
|move|p1a: Scizor|Swords Dance|p1a: Scizor
|-boost|p1a: Scizor|atk|2
|move|p2b: Spiseeeaayyy|Overheat|p1a: Scizor
|-supereffective|p1a: Scizor|2
|-damage|p1a: Scizor|0 fnt
|-unboost|p2b: Spiseeeaayyy|spa|2
|faint|p1a: Scizor
|move|p1b: Sylveon|Hyper Voice|p2b: Spiseeeaayyy|[spread] p2a,p2b
|-resisted|p2b: Spiseeeaayyy|1
|-damage|p2a: Jesus Himself|0 fnt
|-damage|p2b: Spiseeeaayyy|0 fnt
|-status|p1b: Sylveon|brn|[from] ability: Spicy Spray|[of] p2b: Spiseeeaayyy
|faint|p2a: Jesus Himself
|faint|p2b: Spiseeeaayyy
|
|-weather|Sandstorm|[upkeep]
|-damage|p1b: Sylveon|88/100 brn|[from] Sandstorm
|-damage|p1b: Sylveon|82/100 brn|[from] brn
|-sideend|p1: huhvin|Reflect
|upkeep
|
|t:|1784078051
|switch|p2b: Big Billy|Kommo-o, L50, F, shiny|100/100
|switch|p1a: Orthworm|Orthworm, L50, F|100/100
|switch|p2a: P Diddy|Excadrill, L50, M, shiny|84/100 brn
|turn|6
|
|t:|1784078068
|move|p1b: Sylveon|Protect|p1b: Sylveon
|-singleturn|p1b: Sylveon|Protect
|move|p2a: P Diddy|Iron Head|p1b: Sylveon
|-activate|p1b: Sylveon|move: Protect
|move|p2b: Big Billy|Aura Sphere|p1a: Orthworm
|-supereffective|p1a: Orthworm|1
|-damage|p1a: Orthworm|15/100
|move|p1a: Orthworm|Iron Defense|p1a: Orthworm
|-boost|p1a: Orthworm|def|2
|
|-weather|Sandstorm|[upkeep]
|-damage|p2b: Big Billy|94/100|[from] Sandstorm
|-damage|p1b: Sylveon|76/100 brn|[from] Sandstorm
|-heal|p1a: Orthworm|21/100|[from] item: Leftovers
|-damage|p2a: P Diddy|78/100 brn|[from] brn
|-damage|p1b: Sylveon|70/100 brn|[from] brn
|upkeep
|turn|7
|
|t:|1784078098
|move|p2a: P Diddy|Protect|p2a: P Diddy
|-singleturn|p2a: P Diddy|Protect
|move|p2b: Big Billy|Protect|p2b: Big Billy
|-singleturn|p2b: Big Billy|Protect
|move|p1a: Orthworm|Protect|p1a: Orthworm
|-singleturn|p1a: Orthworm|Protect
|move|p1b: Sylveon|Hyper Voice|p2a: P Diddy|[spread] 
|-activate|p2a: P Diddy|move: Protect
|-activate|p2b: Big Billy|move: Protect
|
|-weather|Sandstorm|[upkeep]
|-damage|p2b: Big Billy|88/100|[from] Sandstorm
|-damage|p1b: Sylveon|64/100 brn|[from] Sandstorm
|-heal|p1a: Orthworm|27/100|[from] item: Leftovers
|-damage|p2a: P Diddy|72/100 brn|[from] brn
|-damage|p1b: Sylveon|58/100 brn|[from] brn
|upkeep
|turn|8
|
|t:|1784078124
|move|p2a: P Diddy|Iron Head|p1b: Sylveon
|-supereffective|p1b: Sylveon|1
|-damage|p1b: Sylveon|0 fnt
|faint|p1b: Sylveon
|-damage|p2a: P Diddy|62/100 brn|[from] item: Life Orb
|move|p2b: Big Billy|Aura Sphere|p1a: Orthworm
|-supereffective|p1a: Orthworm|1
|-damage|p1a: Orthworm|0 fnt
|faint|p1a: Orthworm
|
|win|GabeLev
||huhvin is ready for game 2.
|inactive|GabeLev has 30 seconds to confirm battle start!
||GabeLev is ready for game 2.
|uhtml|next|Next: Game 2 of 3
