|j|☆kyriepokemon
|j|☆palle synchro
|html|kyriepokemonpalle synchro    
|uhtml|bestof|Game 2 of a best-of-3
|t:|1783423583
|gametype|doubles
|player|p1|kyriepokemon|169|1243
|player|p2|palle synchro|volkner|1281
|gen|9
|tier|[Gen 9 Champions] VGC 2026 Reg M-B (Bo3)
|rated|
|rule|Species Clause: Limit one of each Pokémon
|rule|Item Clause: Limit 1 of each item
|clearpoke
|poke|p1|Pelipper, L50, F|
|poke|p1|Sableye, L50, M|
|poke|p1|Swampert, L50, M|
|poke|p1|Kingambit, L50, M|
|poke|p1|Archaludon, L50, F|
|poke|p1|Sinistcha, L50|
|poke|p2|Swampert, L50, F|
|poke|p2|Pelipper, L50, M|
|poke|p2|Archaludon, L50, M|
|poke|p2|Venusaur, L50, F|
|poke|p2|Maushold-Four, L50|
|poke|p2|Gholdengo, L50|
|teampreview|4
|showteam|p1|Pelipper||FocusSash|Drizzle|Hurricane,Protect,Tailwind,WeatherBall|Modest||F|||50|]Sableye||LightClay|Prankster|Encore,Disable,LightScreen,RainDance|Bold||M|||50|]Swampert||Swampertite|Torrent|WaveCrash,Protect,IcePunch,HighHorsepower|Adamant||M|||50|]Kingambit||BlackGlasses|Defiant|KowtowCleave,Protect,SuckerPunch,IronHead|Adamant||M|||50|]Archaludon||Leftovers|Stamina|ElectroShot,Protect,AuraSphere,FlashCannon|Calm||F|||50|]Sinistcha||SitrusBerry|Hospitality|MatchaGotcha,StrengthSap,TrickRoom,RagePowder|Calm|||||50|
|showteam|p2|Swampert||Swampertite|Torrent|WaveCrash,HighHorsepower,IcePunch,Protect|Adamant||F|||50|]Pelipper||SitrusBerry|Drizzle|WeatherBall,Hurricane,Tailwind,WideGuard|Modest||M|||50|]Archaludon||Leftovers|Stamina|ElectroShot,DragonPulse,FlashCannon,Protect|Calm||M|||50|]Venusaur||Venusaurite|Chlorophyll|GigaDrain,EarthPower,SludgeBomb,Protect|Modest||F|||50|]Maushold-Four||FocusSash|FriendGuard|FollowMe,SuperFang,RainDance,Protect|Timid|||||50|]Gholdengo||LifeOrb|GoodasGold|MakeItRain,ShadowBall,NastyPlot,Protect|Modest|||||50|
|
|t:|1783423601
|teamsize|p1|4
|teamsize|p2|4
|start
|switch|p1a: Pelipper|Pelipper, L50, F|100/100
|switch|p1b: Archaludon|Archaludon, L50, F|100/100
|switch|p2a: Venusaur|Venusaur, L50, F|100/100
|switch|p2b: Maushold|Maushold-Four, L50|100/100
|-weather|RainDance|[from] ability: Drizzle|[of] p1a: Pelipper
|turn|1
|
|t:|1783423623
|detailschange|p2a: Venusaur|Venusaur-Mega, L50, F
|-mega|p2a: Venusaur|Venusaur|Venusaurite
|move|p2b: Maushold|Super Fang|p1a: Pelipper
|-damage|p1a: Pelipper|50/100g
|move|p2a: Venusaur|Giga Drain|p1a: Pelipper
|-damage|p1a: Pelipper|0 fnt
|faint|p1a: Pelipper
|move|p1b: Archaludon|Electro Shot||[still]
|-prepare|p1b: Archaludon|Electro Shot
|-boost|p1b: Archaludon|spa|1
|-anim|p1b: Archaludon|Electro Shot|p2b: Maushold
|-damage|p2b: Maushold|29/100
|
|-weather|RainDance|[upkeep]
|upkeep
|
|t:|1783423638
|switch|p1a: Sinistcha|Sinistcha, L50|100/100
|turn|2
|
|t:|1783423648
|move|p2b: Maushold|Super Fang|p1b: Archaludon
|-damage|p1b: Archaludon|50/100g
|-ability|p1b: Archaludon|Stamina|boost
|-boost|p1b: Archaludon|def|1
|move|p2a: Venusaur|Earth Power|p1b: Archaludon
|-supereffective|p1b: Archaludon|1
|-damage|p1b: Archaludon|2/100
|-ability|p1b: Archaludon|Stamina|boost
|-boost|p1b: Archaludon|def|1
|move|p1b: Archaludon|Electro Shot||[still]
|-prepare|p1b: Archaludon|Electro Shot
|-boost|p1b: Archaludon|spa|1
|-anim|p1b: Archaludon|Electro Shot|p2b: Maushold
|-damage|p2b: Maushold|0 fnt
|faint|p2b: Maushold
|move|p1a: Sinistcha|Trick Room|p1a: Sinistcha
|-fieldstart|move: Trick Room|[of] p1a: Sinistcha
|
|-weather|RainDance|[upkeep]
|-heal|p1b: Archaludon|8/100|[from] item: Leftovers
|upkeep
|
|t:|1783423669
|switch|p2b: Gold&go|Gholdengo, L50|100/100
|turn|3
|
|t:|1783423687
|move|p1b: Archaludon|Protect|p1b: Archaludon
|-singleturn|p1b: Archaludon|Protect
|move|p2b: Gold&go|Protect|p2b: Gold&go
|-singleturn|p2b: Gold&go|Protect
|move|p1a: Sinistcha|Matcha Gotcha|p2a: Venusaur|[spread] p2a
|-activate|p2b: Gold&go|move: Protect
|-resisted|p2a: Venusaur|2
|-damage|p2a: Venusaur|95/100
|move|p2a: Venusaur|Earth Power|p1b: Archaludon
|-activate|p1b: Archaludon|move: Protect
|
|-weather|RainDance|[upkeep]
|-heal|p1b: Archaludon|14/100|[from] item: Leftovers
|upkeep
|turn|4
|
|t:|1783423707
|switch|p2b: Archaludon|Archaludon, L50, M|100/100
|move|p1a: Sinistcha|Matcha Gotcha|p2a: Venusaur|[spread] p2a,p2b
|-resisted|p2a: Venusaur|2
|-crit|p2a: Venusaur
|-resisted|p2b: Archaludon|2
|-damage|p2a: Venusaur|87/100
|-damage|p2b: Archaludon|94/100
|-ability|p2b: Archaludon|Stamina|boost
|-boost|p2b: Archaludon|def|1
|move|p1b: Archaludon|Flash Cannon|p2a: Venusaur
|-damage|p2a: Venusaur|31/100
|move|p2a: Venusaur|Earth Power|p1b: Archaludon
|-supereffective|p1b: Archaludon|1
|-damage|p1b: Archaludon|0 fnt
|faint|p1b: Archaludon
|
|-weather|RainDance|[upkeep]
|-heal|p2b: Archaludon|100/100|[from] item: Leftovers
|upkeep
|
|t:|1783423726
|switch|p1b: Swampert|Swampert, L50, M|100/100
|turn|5
|
|t:|1783423760
|detailschange|p1b: Swampert|Swampert-Mega, L50, M
|-mega|p1b: Swampert|Swampert|Swampertite
|move|p1b: Swampert|Protect|p1b: Swampert
|-singleturn|p1b: Swampert|Protect
|move|p2b: Archaludon|Electro Shot||[still]
|-prepare|p2b: Archaludon|Electro Shot
|-boost|p2b: Archaludon|spa|1
|-anim|p2b: Archaludon|Electro Shot|p1a: Sinistcha
|-resisted|p1a: Sinistcha|1
|-damage|p1a: Sinistcha|74/100
|move|p2a: Venusaur|Giga Drain|p1b: Swampert
|-activate|p1b: Swampert|move: Protect
|move|p1a: Sinistcha|Trick Room|p1a: Sinistcha
|-fieldend|move: Trick Room
|
|-weather|none
|upkeep
|turn|6
|
|t:|1783423786
|move|p1b: Swampert|High Horsepower|p2a: Venusaur
|-damage|p2a: Venusaur|0 fnt
|faint|p2a: Venusaur
|move|p2b: Archaludon|Dragon Pulse|p1a: Sinistcha
|-damage|p1a: Sinistcha|20/100y
|-enditem|p1a: Sinistcha|Sitrus Berry|[eat]
|-heal|p1a: Sinistcha|44/100|[from] item: Sitrus Berry
|move|p1a: Sinistcha|Strength Sap|p2b: Archaludon
|-unboost|p2b: Archaludon|atk|1
|-heal|p1a: Sinistcha|100/100
|
|upkeep
|
|t:|1783423795
|switch|p2a: Gold&go|Gholdengo, L50|100/100
|turn|7
|
|t:|1783423823
|move|p1a: Sinistcha|Rage Powder|p1a: Sinistcha
|-singleturn|p1a: Sinistcha|move: Rage Powder
|move|p2a: Gold&go|Shadow Ball|p1a: Sinistcha
|-supereffective|p1a: Sinistcha|1
|-damage|p1a: Sinistcha|0 fnt
|faint|p1a: Sinistcha
|-damage|p2a: Gold&go|90/100|[from] item: Life Orb
|move|p1b: Swampert|High Horsepower|p2a: Gold&go
|-supereffective|p2a: Gold&go|1
|-damage|p2a: Gold&go|0 fnt
|faint|p2a: Gold&go
|move|p2b: Archaludon|Dragon Pulse|p1b: Swampert
|-damage|p1b: Swampert|49/100
|
|upkeep
|turn|8
|
|t:|1783423839
|move|p1b: Swampert|High Horsepower|p2b: Archaludon
|-supereffective|p2b: Archaludon|1
|-damage|p2b: Archaludon|43/100
|-ability|p2b: Archaludon|Stamina|boost
|-boost|p2b: Archaludon|def|1
|move|p2b: Archaludon|Dragon Pulse|p1b: Swampert
|-damage|p1b: Swampert|0 fnt
|faint|p1b: Swampert
|
|win|palle synchro
|raw|kyriepokemon's rating: 1243 → 1221(-22 for losing)
|raw|palle synchro's rating: 1281 → 1303(+22 for winning)
