|j|☆LetThatSizzleSpeak
|j|☆Imaginary Iris
|html|LetThatSizzleSpeakImaginary Iris    
|uhtml|bestof|Game 2 of a best-of-3
|t:|1757818702
|gametype|doubles
|player|p1|LetThatSizzleSpeak|hiker-gen4|1237
|player|p2|Imaginary Iris|lady|1232
|gen|9
|tier|[Gen 9] VGC 2025 Reg H (Bo3)
|rated|
|rule|Species Clause: Limit one of each Pokémon
|rule|Item Clause: Limit 1 of each item
|clearpoke
|poke|p1|Lilligant-Hisui, L50, F|
|poke|p1|Sylveon, L50, F|
|poke|p1|Indeedee-F, L50, F|
|poke|p1|Torkoal, L50, M|
|poke|p1|Tatsugiri-Droopy, L50, M|
|poke|p1|Dondozo, L50, F|
|poke|p2|Ninetales-Alola, L50, F|
|poke|p2|Ursaluna-Bloodmoon, L50, M|
|poke|p2|Talonflame, L50, F|
|poke|p2|Gholdengo, L50|
|poke|p2|Rillaboom, L50, F|
|poke|p2|Annihilape, L50, F|
|teampreview|4
|showteam|p1|Lilligant-Hisui||FocusSash|Chlorophyll|AfterYou,SolarBlade,CloseCombat,SleepPowder|||F|||50|,,,,,Ghost]Sylveon||ChoiceSpecs|Pixilate|HyperVoice,HyperBeam,TeraBlast,ShadowBall|||F|||50|,,,,,Fire]Indeedee-F||SafetyGoggles|PsychicSurge|Psychic,FollowMe,TrickRoom,Protect|||F|||50|,,,,,Normal]Torkoal||Charcoal|Drought|Eruption,WeatherBall,EarthPower,Protect|||M|||50|,,,,,Fire]Tatsugiri-Droopy||ChoiceScarf|Commander|IcyWind,MuddyWater,DracoMeteor,TeraBlast|||M|||50|,,,,,Fire]Dondozo||Leftovers|Unaware|OrderUp,Earthquake,BodyPress,Protect|||F|||50|,,,,,Grass
|showteam|p2|Ninetales-Alola||FocusSash|SnowWarning|Blizzard,AuroraVeil,FreezeDry,IcicleSpear|||F|||50|,,,,,Ghost]Ursaluna-Bloodmoon||SilkScarf|MindsEye|Protect,BloodMoon,EarthPower,HyperVoice|||M|||50|,,,,,Normal]Talonflame||CovertCloak|GaleWings|BraveBird,Tailwind,Taunt,WillOWisp|||F|||50|,,,,,Ghost]Gholdengo||LifeOrb|GoodasGold|Protect,MakeItRain,NastyPlot,ShadowBall||||||50|,,,,,Water]Rillaboom||LoadedDice|GrassySurge|BulletSeed,FakeOut,GrassyGlide,HighHorsepower|||F|||50|,,,,,Stellar]Annihilape||SafetyGoggles|Defiant|Protect,BulkUp,DrainPunch,RageFist|||F|||50|,,,,,Fire
|inactive|Battle timer is ON: inactive players will automatically lose when time's up. (requested by LetThatSizzleSpeak)
|inactive|Imaginary Iris has 60 seconds left.
|inactive|Imaginary Iris has 30 seconds left.
|inactive|Imaginary Iris has 20 seconds left.
|inactive|Imaginary Iris has 15 seconds left.
|
|t:|1757818827
|teamsize|p1|4
|teamsize|p2|4
|start
|switch|p1a: Tatsugiri|Tatsugiri-Droopy, L50, M|100/100
|switch|p1b: Dondozo|Dondozo, L50, F|100/100
|switch|p2a: Talonflame|Talonflame, L50, F|100/100
|switch|p2b: Gholdengo|Gholdengo, L50|100/100
|-activate|p1a: Tatsugiri|ability: Commander|[of] p1b: Dondozo
|-boost|p1b: Dondozo|atk|2
|-boost|p1b: Dondozo|spa|2
|-boost|p1b: Dondozo|spe|2
|-boost|p1b: Dondozo|def|2
|-boost|p1b: Dondozo|spd|2
|turn|1
|inactive|Imaginary Iris has 30 seconds left.
|
|t:|1757818855
|move|p2b: Gholdengo|Protect|p2b: Gholdengo
|-singleturn|p2b: Gholdengo|Protect
|move|p1b: Dondozo|Protect|p1b: Dondozo
|-singleturn|p1b: Dondozo|Protect
|move|p2a: Talonflame|Will-O-Wisp|p1b: Dondozo
|-activate|p1b: Dondozo|move: Protect
|
|upkeep
|turn|2
|inactive|Imaginary Iris has 30 seconds left.
|
|t:|1757818881
|switch|p2b: Ninetales|Ninetales-Alola, L50, F, shiny|100/100
|-weather|Snowscape|[from] ability: Snow Warning|[of] p2b: Ninetales
|move|p2a: Talonflame|Will-O-Wisp|p1b: Dondozo
|-status|p1b: Dondozo|brn
|move|p1b: Dondozo|Earthquake|p2a: Talonflame|[spread] p2b
|-miss|p1b: Dondozo|p1a: Tatsugiri
|-immune|p2a: Talonflame
|-damage|p2b: Ninetales|84/100
|
|-weather|Snowscape|[upkeep]
|-damage|p1b: Dondozo|94/100 brn|[from] brn
|upkeep
|turn|3
|
|t:|1757818900
|move|p2a: Talonflame|Taunt|p1b: Dondozo
|-start|p1b: Dondozo|move: Taunt
|move|p2b: Ninetales|Aurora Veil|p2b: Ninetales
|-sidestart|p2: Imaginary Iris|move: Aurora Veil
|move|p1b: Dondozo|Order Up|p2a: Talonflame
|-crit|p2a: Talonflame
|-damage|p2a: Talonflame|56/100
|-boost|p1b: Dondozo|def|1
|
|-weather|Snowscape|[upkeep]
|-heal|p1b: Dondozo|100/100 brn|[from] item: Leftovers
|-damage|p1b: Dondozo|94/100 brn|[from] brn
|upkeep
|turn|4
|
|t:|1757818915
|move|p2a: Talonflame|Tailwind|p2a: Talonflame
|-sidestart|p2: Imaginary Iris|move: Tailwind
|move|p2b: Ninetales|Freeze-Dry|p1b: Dondozo
|-supereffective|p1b: Dondozo
|-damage|p1b: Dondozo|74/100 brn
|move|p1b: Dondozo|Order Up|p2a: Talonflame
|-crit|p2a: Talonflame
|-damage|p2a: Talonflame|13/100
|-boost|p1b: Dondozo|def|1
|
|-weather|Snowscape|[upkeep]
|-heal|p1b: Dondozo|81/100 brn|[from] item: Leftovers
|-damage|p1b: Dondozo|74/100 brn|[from] brn
|upkeep
|turn|5
|
|t:|1757818930
|move|p2a: Talonflame|Brave Bird|p1b: Dondozo
|-damage|p1b: Dondozo|65/100 brn
|-damage|p2a: Talonflame|8/100|[from] Recoil
|move|p2b: Ninetales|Freeze-Dry|p1b: Dondozo
|-supereffective|p1b: Dondozo
|-damage|p1b: Dondozo|45/100 brn
|move|p1b: Dondozo|Order Up|p2a: Talonflame
|-damage|p2a: Talonflame|0 fnt
|faint|p2a: Talonflame
|-boost|p1b: Dondozo|def|1
|
|-weather|Snowscape|[upkeep]
|-heal|p1b: Dondozo|51/100 brn|[from] item: Leftovers
|-damage|p1b: Dondozo|45/100 brn|[from] brn
|-end|p1b: Dondozo|move: Taunt
|upkeep
|
|t:|1757818933
|switch|p2a: Ursaluna|Ursaluna-Bloodmoon, L50, M|100/100
|turn|6
|
|t:|1757818955
|-terastallize|p2a: Ursaluna|Normal
|move|p2b: Ninetales|Freeze-Dry|p1b: Dondozo
|-supereffective|p1b: Dondozo
|-damage|p1b: Dondozo|27/100 brn
|move|p2a: Ursaluna|Earth Power|p1b: Dondozo
|-damage|p1b: Dondozo|8/100 brn
|move|p1b: Dondozo|Body Press|p2a: Ursaluna
|-supereffective|p2a: Ursaluna
|-damage|p2a: Ursaluna|53/100
|
|-weather|none
|-heal|p1b: Dondozo|14/100 brn|[from] item: Leftovers
|-damage|p1b: Dondozo|8/100 brn|[from] brn
|upkeep
|turn|7
|
|t:|1757818974
|switch|p2b: Gholdengo|Gholdengo, L50|100/100
|move|p1b: Dondozo|Protect|p1b: Dondozo
|-singleturn|p1b: Dondozo|Protect
|move|p2a: Ursaluna|Hyper Voice|p1a: Tatsugiri|[spread] 
|-miss|p2a: Ursaluna|p1a: Tatsugiri
|-activate|p1b: Dondozo|move: Protect
|
|-heal|p1b: Dondozo|14/100 brn|[from] item: Leftovers
|-damage|p1b: Dondozo|8/100 brn|[from] brn
|-sideend|p2: Imaginary Iris|move: Tailwind
|-sideend|p2: Imaginary Iris|move: Aurora Veil
|upkeep
|turn|8
|
|t:|1757818990
|move|p2a: Ursaluna|Protect|p2a: Ursaluna
|-singleturn|p2a: Ursaluna|Protect
|move|p2b: Gholdengo|Shadow Ball|p1b: Dondozo
|-damage|p1b: Dondozo|0 fnt
|faint|p1b: Dondozo
|-damage|p2b: Gholdengo|91/100|[from] item: Life Orb
|
|upkeep
|
|t:|1757819005
|switch|p1b: Lilligant|Lilligant-Hisui, L50, F|100/100
|turn|9
|inactive|Imaginary Iris has 30 seconds left.
|inactive|Imaginary Iris has 20 seconds left.
|inactive|Imaginary Iris has 15 seconds left.
|
|t:|1757819050
|-terastallize|p1a: Tatsugiri|Fire
|move|p1a: Tatsugiri|Tera Blast|p2b: Gholdengo|[anim] Tera Blast Fire
|-supereffective|p2b: Gholdengo
|-crit|p2b: Gholdengo
|-damage|p2b: Gholdengo|0 fnt
|faint|p2b: Gholdengo
|move|p1b: Lilligant|Close Combat|p2a: Ursaluna
|-supereffective|p2a: Ursaluna
|-damage|p2a: Ursaluna|0 fnt
|-unboost|p1b: Lilligant|def|1
|-unboost|p1b: Lilligant|spd|1
|faint|p2a: Ursaluna
|
|upkeep
|-message|Imaginary Iris forfeited.
|
|win|LetThatSizzleSpeak
||Imaginary Iris is ready for game 3.
|inactive|LetThatSizzleSpeak has 30 seconds to confirm battle start!
|l|☆LetThatSizzleSpeak
|player|p1|
||LetThatSizzleSpeak is ready for game 3.
|uhtml|next|Next: Game 3 of 3
