|j|☆coberdt
|j|☆swarley3000
|html|coberdtswarley3000    
|uhtml|bestof|Game 2 of a best-of-3
|t:|1785794820
|gametype|doubles
|player|p1|coberdt|lebanne|1261
|player|p2|swarley3000|arven-s|1350
|gen|9
|tier|[Gen 9 Champions] VGC 2026 Reg M-B (Bo3)
|rated|
|rule|Species Clause: Limit one of each Pokémon
|rule|Item Clause: Limit 1 of each item
|clearpoke
|poke|p1|Froslass, L50, F|
|poke|p1|Scovillain, L50, F|
|poke|p1|Sneasler, L50, M|
|poke|p1|Kingambit, L50, M|
|poke|p1|Lycanroc-Dusk, L50, M|
|poke|p1|Basculegion, L50, M|
|poke|p2|Raichu, L50, F|
|poke|p2|Staraptor, L50, F|
|poke|p2|Arcanine-Hisui, L50, M|
|poke|p2|Farigiraf, L50, M|
|poke|p2|Sylveon, L50, F|
|poke|p2|Kingambit, L50, M|
|teampreview|4
|showteam|p1|Froslass||Froslassite|SnowCloak|Blizzard,ShadowBall,Thunderbolt,Protect|Timid||F|||50|]Scovillain||Scovillainite|Moody|GigaDrain,Overheat,RagePowder,Protect|Bold||F|||50|]Sneasler||WhiteHerb|Unburden|FakeOut,CloseCombat,DireClaw,Protect|Adamant||M|||50|]Kingambit||LifeOrb|Defiant|KowtowCleave,SuckerPunch,IronHead,Protect|Adamant||M|||50|]Lycanroc-Dusk||FocusSash|ToughClaws|Accelerock,RockSlide,CloseCombat,Protect|Adamant||M|||50|]Basculegion||MysticWater|Adaptability|WaveCrash,AquaJet,LastRespects,Protect|Adamant||M|||50|
|showteam|p2|Raichu||RaichuniteY|LightningRod|ZapCannon,FocusBlast,FakeOut,Protect|Timid||F|||50|]Staraptor||Staraptite|Intimidate|CloseCombat,DualWingbeat,Tailwind,Protect|Jolly||F|||50|]Arcanine-Hisui||FocusSash|RockHead|FlareBlitz,HeadSmash,ExtremeSpeed,Protect|Jolly||M|||50|]Farigiraf||SitrusBerry|ArmorTail|Psychic,HelpingHand,TrickRoom,Protect|Calm||M|||50|]Sylveon||FairyFeather|Pixilate|HyperVoice,QuickAttack,HyperBeam,Detect|Modest||F|||50|]Kingambit||LifeOrb|Defiant|KowtowCleave,SuckerPunch,SwordsDance,Protect|Adamant||M|||50|
|inactive|Battle timer is ON: inactive players will automatically lose when time's up. (requested by swarley3000)
|
|t:|1785794840
|teamsize|p1|4
|teamsize|p2|4
|start
|switch|p1a: Kingambit|Kingambit, L50, M|100/100
|switch|p1b: Sneasler|Sneasler, L50, M|100/100
|switch|p2a: Raichu|Raichu, L50, F|100/100
|switch|p2b: Kingambit|Kingambit, L50, M|100/100
|turn|1
|
|t:|1785794859
|move|p2a: Raichu|Protect|p2a: Raichu
|-singleturn|p2a: Raichu|Protect
|move|p2b: Kingambit|Protect|p2b: Kingambit
|-singleturn|p2b: Kingambit|Protect
|move|p1a: Kingambit|Protect|p1a: Kingambit
|-singleturn|p1a: Kingambit|Protect
|move|p1b: Sneasler|Fake Out|p2a: Raichu
|-activate|p2a: Raichu|move: Protect
|
|upkeep
|turn|2
|
|t:|1785794884
|switch|p2b: Farigiraf|Farigiraf, L50, M|100/100
|detailschange|p2a: Raichu|Raichu-Mega-Y, L50, F
|-mega|p2a: Raichu|Raichu|Raichunite Y
|move|p1a: Kingambit|Sucker Punch||[still]
|cant|p2b: Farigiraf|ability: Armor Tail|Sucker Punch|[of] p1a: Kingambit
|move|p2a: Raichu|Zap Cannon|p1b: Sneasler
|-damage|p1b: Sneasler|21/100
|-status|p1b: Sneasler|par
|move|p1b: Sneasler|Dire Claw|p2a: Raichu
|-damage|p2a: Raichu|24/100
|-status|p2a: Raichu|slp
|
|upkeep
|turn|3
|
|t:|1785794905
|cant|p2a: Raichu|slp
|move|p1b: Sneasler|Dire Claw|p2a: Raichu
|-damage|p2a: Raichu|0 fnt
|faint|p2a: Raichu
|move|p2b: Farigiraf|Psychic|p1b: Sneasler
|-supereffective|p1b: Sneasler|2
|-damage|p1b: Sneasler|0 fnt
|faint|p1b: Sneasler
|move|p1a: Kingambit|Kowtow Cleave|p2b: Farigiraf
|-supereffective|p2b: Farigiraf|1
|-crit|p2b: Farigiraf
|-damage|p2b: Farigiraf|0 fnt
|faint|p2b: Farigiraf
|-damage|p1a: Kingambit|90/100|[from] item: Life Orb
|
|upkeep
|
|t:|1785794922
|switch|p2a: Arcanine|Arcanine-Hisui, L50, M|100/100
|switch|p1b: Froslass|Froslass, L50, F|100/100
|switch|p2b: Kingambit|Kingambit, L50, M|100/100
|turn|4
|
|t:|1785794933
|detailschange|p1b: Froslass|Froslass-Mega, L50, F
|-mega|p1b: Froslass|Froslass|Froslassite
|-weather|Snowscape|[from] ability: Snow Warning|[of] p1b: Froslass
|move|p1b: Froslass|Blizzard|p2b: Kingambit|[spread] p2a,p2b
|-resisted|p2a: Arcanine|1
|-resisted|p2b: Kingambit|1
|-damage|p2a: Arcanine|77/100
|-damage|p2b: Kingambit|80/100
|move|p2a: Arcanine|Flare Blitz|p1a: Kingambit
|-supereffective|p1a: Kingambit|1
|-damage|p1a: Kingambit|3/100
|-status|p1a: Kingambit|brn
|move|p2b: Kingambit|Kowtow Cleave|p1b: Froslass
|-supereffective|p1b: Froslass|1
|-damage|p1b: Froslass|0 fnt
|faint|p1b: Froslass
|-damage|p2b: Kingambit|70/100|[from] item: Life Orb
|move|p1a: Kingambit|Iron Head|p2a: Arcanine
|-damage|p2a: Arcanine|38/100
|-damage|p1a: Kingambit|0 fnt|[from] item: Life Orb
|faint|p1a: Kingambit
|
|-weather|Snowscape|[upkeep]
|upkeep
|
|t:|1785794953
|switch|p1b: Basculegion|Basculegion, L50, M|100/100
|turn|5
|-message|coberdt forfeited.
|raw|coberdt's rating: 1261 → 1242(-19 for losing)
|raw|swarley3000's rating: 1350 → 1365(+15 for winning)
|
|win|swarley3000
