|j|☆f49 buffchary
|j|☆noahguyvgc
|html|f49 buffcharynoahguyvgc    
|uhtml|bestof|Game 1 of a best-of-3
|t:|1783453939
|gametype|doubles
|player|p1|f49 buffchary|265|1153
|player|p2|noahguyvgc|roxie|1193
|gen|9
|tier|[Gen 9 Champions] VGC 2026 Reg M-B (Bo3)
|rated|
|rule|Species Clause: Limit one of each Pokémon
|rule|Item Clause: Limit 1 of each item
|clearpoke
|poke|p1|Charizard, L50, F|
|poke|p1|Sylveon, L50, M|
|poke|p1|Garchomp, L50, M|
|poke|p1|Incineroar, L50, M|
|poke|p1|Aerodactyl, L50, F|
|poke|p1|Farigiraf, L50, F|
|poke|p2|Whimsicott, L50, F, shiny|
|poke|p2|Froslass, L50, F, shiny|
|poke|p2|Sneasler, L50, F, shiny|
|poke|p2|Kleavor, L50, M|
|poke|p2|Charizard, L50, F, shiny|
|poke|p2|Ditto, L50, shiny|
|teampreview|4
|showteam|p1|Charizard||CharizarditeY|Blaze|HeatWave,WeatherBall,SolarBeam,Protect|Modest||F|||50|]Sylveon||FairyFeather|Pixilate|HyperVoice,Yawn,QuickAttack,Detect|Modest||M|||50|]Garchomp||LifeOrb|RoughSkin|DragonClaw,Earthquake,RockSlide,Protect|Jolly||M|||50|]Incineroar||Charcoal|Intimidate|FlareBlitz,DarkestLariat,PartingShot,FakeOut|Brave||M|||50|]Aerodactyl||FocusSash|Pressure|RockSlide,Tailwind,WideGuard,Protect|Jolly||F|||50|]Farigiraf||SitrusBerry|ArmorTail|Psyshock,HelpingHand,TrickRoom,Protect|Bold||F|||50|
|showteam|p2|Whimsicott||LifeOrb|Prankster|Tailwind,Moonblast,EnergyBall,Protect|Timid||F|||50|]Froslass||Froslassite|CursedBody|Blizzard,ShadowBall,Thunderbolt,Protect|Modest||F|||50|]Sneasler||WhiteHerb|Unburden|FakeOut,DireClaw,CloseCombat,Protect|Jolly||F|||50|]Kleavor||FocusSash|Sharpness|StoneAxe,CloseCombat,Feint,Protect|Jolly||M|||50|]Charizard||CharizarditeY|SolarPower|HeatWave,WeatherBall,SolarBeam,Protect|Modest||F|||50|]Ditto||ChoiceScarf|Imposter|Transform|Timid|||||50|
|inactive|Battle timer is ON: inactive players will automatically lose when time's up. (requested by noahguyvgc)
|inactive|noahguyvgc has 60 seconds left.
|inactive|noahguyvgc has 30 seconds left.
|
|t:|1783454003
|teamsize|p1|4
|teamsize|p2|4
|start
|switch|p1a: Incineroar|Incineroar, L50, M|100/100
|switch|p1b: Farigiraf|Farigiraf, L50, F|100/100
|switch|p2a: Froslass|Froslass, L50, F, shiny|100/100
|switch|p2b: Kleavor|Kleavor, L50, M|100/100
|-ability|p1a: Incineroar|Intimidate|boost
|-unboost|p2a: Froslass|atk|1
|-unboost|p2b: Kleavor|atk|1
|turn|1
|
|t:|1783454019
|switch|p2a: Ditto|Ditto, L50, shiny|100/100
|-transform|p2a: Ditto|p1b: Farigiraf|[from] ability: Imposter
|move|p1a: Incineroar|Fake Out||[still]
|cant|p2a: Ditto|ability: Armor Tail|Fake Out|[of] p1a: Incineroar
|move|p2b: Kleavor|Stone Axe|p1a: Incineroar|[miss]
|-miss|p2b: Kleavor|p1a: Incineroar
|move|p1b: Farigiraf|Trick Room|p1b: Farigiraf
|-fieldstart|move: Trick Room|[of] p1b: Farigiraf
|
|upkeep
|turn|2
|inactive|f49 buffchary has 30 seconds left.
|inactive|noahguyvgc has 30 seconds left.
|inactive|noahguyvgc has 20 seconds left.
|
|t:|1783454059
|switch|p2a: Charizard|Charizard, L50, F, shiny|100/100
|move|p1a: Incineroar|Darkest Lariat|p2a: Charizard
|-damage|p2a: Charizard|43/100
|move|p1b: Farigiraf|Psyshock|p2a: Charizard
|-damage|p2a: Charizard|1/100
|move|p2b: Kleavor|Stone Axe|p1a: Incineroar
|-supereffective|p1a: Incineroar|1
|-damage|p1a: Incineroar|39/100
|-sidestart|p1: f49 buffchary|move: Stealth Rock
|
|upkeep
|turn|3
|inactive|noahguyvgc has 30 seconds left.
|
|t:|1783454090
|move|p2b: Kleavor|Protect|p2b: Kleavor
|-singleturn|p2b: Kleavor|Protect
|move|p2a: Charizard|Protect|p2a: Charizard
|-singleturn|p2a: Charizard|Protect
|move|p1a: Incineroar|Darkest Lariat|p2b: Kleavor
|-activate|p2b: Kleavor|move: Protect
|move|p1b: Farigiraf|Psyshock|p2b: Kleavor
|-activate|p2b: Kleavor|move: Protect
|
|upkeep
|turn|4
|
|t:|1783454105
|switch|p2b: Ditto|Ditto, L50, shiny|100/100
|-transform|p2b: Ditto|p1a: Incineroar|[from] ability: Imposter
|-ability|p2b: Ditto|Intimidate|boost
|-unboost|p1a: Incineroar|atk|1
|-unboost|p1b: Farigiraf|atk|1
|move|p1a: Incineroar|Darkest Lariat|p2b: Ditto
|-resisted|p2b: Ditto|1
|-damage|p2b: Ditto|85/100
|move|p1b: Farigiraf|Psyshock|p2b: Ditto
|-immune|p2b: Ditto
|move|p2a: Charizard|Heat Wave|p1b: Farigiraf|[spread] p1a,p1b
|-resisted|p1a: Incineroar|1
|-damage|p1a: Incineroar|24/100
|-damage|p1b: Farigiraf|70/100
|
|upkeep
|turn|5
|inactive|noahguyvgc has 30 seconds left.
|
|t:|1783454132
|move|p1b: Farigiraf|Protect|p1b: Farigiraf
|-singleturn|p1b: Farigiraf|Protect
|move|p2a: Charizard|Protect|p2a: Charizard
|-singleturn|p2a: Charizard|Protect
|move|p1a: Incineroar|Parting Shot|p2b: Ditto
|-unboost|p2b: Ditto|atk|1
|-unboost|p2b: Ditto|spa|1
|
|t:|1783454145
|switch|p1a: Sylveon|Sylveon, L50, M|100/100|[from] Parting Shot
|-damage|p1a: Sylveon|87/100|[from] Stealth Rock
|move|p2b: Ditto|Darkest Lariat|p1b: Farigiraf
|-activate|p1b: Farigiraf|move: Protect
|
|-fieldend|move: Trick Room
|upkeep
|turn|6
|
|t:|1783454159
|switch|p1b: Incineroar|Incineroar, L50, M|24/100
|-damage|p1b: Incineroar|0 fnt|[from] Stealth Rock
|faint|p1b: Incineroar
|move|p1a: Sylveon|Quick Attack|p2a: Charizard
|-resisted|p2a: Charizard|1
|-damage|p2a: Charizard|0 fnt
|faint|p2a: Charizard
|move|p2b: Ditto|Darkest Lariat|p1a: Sylveon
|-resisted|p1a: Sylveon|1
|-damage|p1a: Sylveon|74/100
|
|upkeep
|inactive|noahguyvgc has 30 seconds left.
|
|t:|1783454187
|switch|p2a: Froslass|Froslass, L50, F, shiny|100/100
|switch|p1b: Farigiraf|Farigiraf, L50, F|70/100
|-damage|p1b: Farigiraf|58/100|[from] Stealth Rock
|turn|7
|
|t:|1783454201
|detailschange|p2a: Froslass|Froslass-Mega, L50, F, shiny
|-mega|p2a: Froslass|Froslass|Froslassite
|-weather|Snowscape|[from] ability: Snow Warning|[of] p2a: Froslass
|move|p2a: Froslass|Blizzard|p1a: Sylveon|[spread] p1a,p1b
|-damage|p1a: Sylveon|39/100
|-damage|p1b: Farigiraf|19/100
|-enditem|p1b: Farigiraf|Sitrus Berry|[eat]
|-heal|p1b: Farigiraf|44/100|[from] item: Sitrus Berry
|move|p2b: Ditto|Darkest Lariat|p1b: Farigiraf
|-supereffective|p1b: Farigiraf|1
|-damage|p1b: Farigiraf|1/100
|move|p1a: Sylveon|Yawn|p2a: Froslass
|-start|p2a: Froslass|move: Yawn|[of] p1a: Sylveon
|move|p1b: Farigiraf|Trick Room|p1b: Farigiraf
|-fieldstart|move: Trick Room|[of] p1b: Farigiraf
|
|-weather|Snowscape|[upkeep]
|upkeep
|turn|8
|
|t:|1783454223
|switch|p2b: Kleavor|Kleavor, L50, M|100/100
|move|p1b: Farigiraf|Psyshock|p2a: Froslass
|-damage|p2a: Froslass|75/100
|move|p1a: Sylveon|Hyper Voice|p2b: Kleavor|[spread] p2a,p2b
|-damage|p2a: Froslass|21/100
|-damage|p2b: Kleavor|24/100
|move|p2a: Froslass|Blizzard|p1b: Farigiraf|[spread] p1a,p1b
|-damage|p1a: Sylveon|6/100
|-damage|p1b: Farigiraf|0 fnt
|faint|p1b: Farigiraf
|
|-weather|Snowscape|[upkeep]
|-end|p2a: Froslass|move: Yawn|[silent]
|-status|p2a: Froslass|slp
|upkeep
|
|t:|1783454231
|switch|p1b: Charizard|Charizard, L50, F|100/100
|-damage|p1b: Charizard|50/100y|[from] Stealth Rock
|turn|9
|
|t:|1783454247
|detailschange|p1b: Charizard|Charizard-Mega-Y, L50, F
|-mega|p1b: Charizard|Charizard|Charizardite Y
|-weather|SunnyDay|[from] ability: Drought|[of] p1b: Charizard
|move|p2b: Kleavor|Protect|p2b: Kleavor
|-singleturn|p2b: Kleavor|Protect
|move|p1a: Sylveon|Hyper Voice|p2a: Froslass|[spread] p2a
|-activate|p2b: Kleavor|move: Protect
|-damage|p2a: Froslass|0 fnt
|faint|p2a: Froslass
|move|p1b: Charizard|Heat Wave|p2b: Kleavor
|-activate|p2b: Kleavor|move: Protect
|
|-weather|SunnyDay|[upkeep]
|upkeep
|
|t:|1783454256
|switch|p2a: Ditto|Ditto, L50, shiny|85/100
|-transform|p2a: Ditto|p1b: Charizard|[from] ability: Imposter
|turn|10
|
|t:|1783454262
|move|p2b: Kleavor|Feint|p1a: Sylveon
|-damage|p1a: Sylveon|0 fnt
|faint|p1a: Sylveon
|move|p1b: Charizard|Weather Ball|p2a: Ditto
|-resisted|p2a: Ditto|1
|-damage|p2a: Ditto|40/100
|move|p2a: Ditto|Heat Wave|p1b: Charizard
|-resisted|p1b: Charizard|1
|-damage|p1b: Charizard|14/100
|
|-weather|SunnyDay|[upkeep]
|upkeep
|turn|11
|
|t:|1783454273
|move|p2b: Kleavor|Protect|p2b: Kleavor
|-singleturn|p2b: Kleavor|Protect
|move|p1b: Charizard|Heat Wave|p2a: Ditto|[spread] p2a
|-activate|p2b: Kleavor|move: Protect
|-resisted|p2a: Ditto|1
|-damage|p2a: Ditto|7/100
|move|p2a: Ditto|Heat Wave|p1b: Charizard
|-resisted|p1b: Charizard|1
|-damage|p1b: Charizard|0 fnt
|faint|p1b: Charizard
|
|win|noahguyvgc
