|j|☆InsanityWar22
|j|☆DragonairJordan23
|html|InsanityWar22DragonairJordan23    
|uhtml|bestof|Game 3 of a best-of-3
|t:|1783708399
|gametype|doubles
|player|p1|InsanityWar22|102|1171
|player|p2|DragonairJordan23|dancer|1104
|gen|9
|tier|[Gen 9 Champions] VGC 2026 Reg M-B (Bo3)
|rated|
|rule|Species Clause: Limit one of each Pokémon
|rule|Item Clause: Limit 1 of each item
|clearpoke
|poke|p1|Pelipper, L50, M|
|poke|p1|Archaludon, L50, F|
|poke|p1|Swampert, L50, M|
|poke|p1|Incineroar, L50, F|
|poke|p1|Floette-Eternal, L50, F|
|poke|p1|Sinistcha, L50|
|poke|p2|Kommo-o, L50, F|
|poke|p2|Glimmora, L50, F|
|poke|p2|Froslass, L50, F|
|poke|p2|Incineroar, L50, F|
|poke|p2|Vivillon, L50, F|
|poke|p2|Farigiraf, L50, M|
|teampreview|4
|showteam|p1|Pelipper||FocusSash|Drizzle|Tailwind,WeatherBall,Hurricane,WideGuard|Modest||M|||50|]Archaludon||ChopleBerry|Stamina|Protect,ElectroShot,DragonPulse,FlashCannon|Calm||F|||50|]Swampert||Swampertite|Torrent|Protect,IcePunch,WaveCrash,Earthquake|Adamant||M|||50|]Incineroar||SitrusBerry|Intimidate|FakeOut,FlareBlitz,DarkestLariat,Taunt|Relaxed||F|||50|]Floette-Eternal||Floettite|FlowerVeil|Protect,DazzlingGleam,Moonblast,LightofRuin|Modest||F|||50|]Sinistcha||Leftovers|Hospitality|TrickRoom,MatchaGotcha,LifeDew,RagePowder|Calm|||||50|
|showteam|p2|Kommo-o||Leftovers|Soundproof|IronDefense,BodyPress,DragonTail,Protect|Impish||F|||50|]Glimmora||FocusSash|ToxicDebris|PowerGem,SludgeBomb,EarthPower,SpikyShield|Timid||F|||50|]Froslass||Froslassite|SnowCloak|Blizzard,ShadowBall,AuroraVeil,Protect|Timid||F|||50|]Incineroar||SitrusBerry|Intimidate|FakeOut,FlareBlitz,ThroatChop,PartingShot|Careful||F|||50|]Vivillon||ChoiceScarf|CompoundEyes|Hurricane,RagePowder,Tailwind,SleepPowder|Timid||F|||50|]Farigiraf||ColburBerry|ArmorTail|Thunderbolt,Psychic,Protect,TrickRoom|Quiet||M|||50|
|inactive|Battle timer is ON: inactive players will automatically lose when time's up. (requested by InsanityWar22)
|inactive|DragonairJordan23 has 60 seconds left.
|
|t:|1783708433
|teamsize|p1|4
|teamsize|p2|4
|start
|switch|p1a: Archaludon|Archaludon, L50, F|100/100
|switch|p1b: Incineroar|Incineroar, L50, F|100/100
|switch|p2a: Froslass|Froslass, L50, F|100/100
|switch|p2b: Glimmora|Glimmora, L50, F|100/100
|-ability|p1b: Incineroar|Intimidate|boost
|-unboost|p2a: Froslass|atk|1
|-unboost|p2b: Glimmora|atk|1
|turn|1
|
|t:|1783708453
|switch|p2b: Incineroar|Incineroar, L50, F|100/100
|-ability|p2b: Incineroar|Intimidate|boost
|-unboost|p1a: Archaludon|atk|1
|-unboost|p1b: Incineroar|atk|1
|detailschange|p2a: Froslass|Froslass-Mega, L50, F
|-mega|p2a: Froslass|Froslass|Froslassite
|-weather|Snowscape|[from] ability: Snow Warning|[of] p2a: Froslass
|move|p1b: Incineroar|Fake Out|p2b: Incineroar
|-crit|p2b: Incineroar
|-damage|p2b: Incineroar|83/100
|move|p2a: Froslass|Aurora Veil|p2a: Froslass
|-sidestart|p2: DragonairJordan23|move: Aurora Veil
|move|p1a: Archaludon|Flash Cannon|p2a: Froslass
|-supereffective|p2a: Froslass|1
|-crit|p2a: Froslass
|-damage|p2a: Froslass|0 fnt
|faint|p2a: Froslass
|
|-weather|Snowscape|[upkeep]
|upkeep
|
|t:|1783708464
|switch|p2a: Kommo-o|Kommo-o, L50, F|100/100
|turn|2
|
|t:|1783708480
|move|p2a: Kommo-o|Iron Defense|p2a: Kommo-o
|-boost|p2a: Kommo-o|def|2
|move|p1a: Archaludon|Dragon Pulse|p2a: Kommo-o
|-supereffective|p2a: Kommo-o|1
|-damage|p2a: Kommo-o|51/100
|move|p2b: Incineroar|Parting Shot|p1a: Archaludon
|-unboost|p1a: Archaludon|atk|1
|-unboost|p1a: Archaludon|spa|1
|
|t:|1783708487
|switch|p2b: Glimmora|Glimmora, L50, F|100/100|[from] Parting Shot
|move|p1b: Incineroar|Taunt|p2a: Kommo-o
|-start|p2a: Kommo-o|move: Taunt
|
|-weather|Snowscape|[upkeep]
|-heal|p2a: Kommo-o|57/100|[from] item: Leftovers
|upkeep
|turn|3
|
|t:|1783708500
|switch|p1b: Pelipper|Pelipper, L50, M|100/100
|-weather|RainDance|[from] ability: Drizzle|[of] p1b: Pelipper
|move|p1a: Archaludon|Protect|p1a: Archaludon
|-singleturn|p1a: Archaludon|Protect
|move|p2b: Glimmora|Earth Power|p1a: Archaludon
|-activate|p1a: Archaludon|move: Protect
|move|p2a: Kommo-o|Body Press|p1b: Pelipper
|-resisted|p1b: Pelipper|1
|-damage|p1b: Pelipper|44/100
|
|-weather|RainDance|[upkeep]
|-heal|p2a: Kommo-o|63/100|[from] item: Leftovers
|upkeep
|turn|4
|
|t:|1783708516
|switch|p1a: Incineroar|Incineroar, L50, F|100/100
|-ability|p1a: Incineroar|Intimidate|boost
|-unboost|p2a: Kommo-o|atk|1
|-unboost|p2b: Glimmora|atk|1
|move|p2b: Glimmora|Power Gem|p1b: Pelipper
|-supereffective|p1b: Pelipper|1
|-damage|p1b: Pelipper|0 fnt
|faint|p1b: Pelipper
|move|p2a: Kommo-o|Body Press|p1a: Incineroar
|-supereffective|p1a: Incineroar|1
|-damage|p1a: Incineroar|0 fnt
|faint|p1a: Incineroar
|
|-weather|RainDance|[upkeep]
|-heal|p2a: Kommo-o|69/100|[from] item: Leftovers
|upkeep
|
|t:|1783708520
|switch|p1b: Floette|Floette-Eternal, L50, F|100/100
|switch|p1a: Archaludon|Archaludon, L50, F|100/100
|turn|5
|
|t:|1783708537
|detailschange|p1b: Floette|Floette-Mega, L50, F
|-mega|p1b: Floette|Floette|Floettite
|-ability|p1b: Floette|Fairy Aura
|move|p1b: Floette|Protect|p1b: Floette
|-singleturn|p1b: Floette|Protect
|move|p2b: Glimmora|Spiky Shield|p2b: Glimmora
|-singleturn|p2b: Glimmora|move: Protect
|move|p2a: Kommo-o|Body Press|p1a: Archaludon
|-supereffective|p1a: Archaludon|1
|-enditem|p1a: Archaludon|Chople Berry|[eat]
|-enditem|p1a: Archaludon|Chople Berry|[weaken]
|-damage|p1a: Archaludon|34/100
|-ability|p1a: Archaludon|Stamina|boost
|-boost|p1a: Archaludon|def|1
|move|p1a: Archaludon|Flash Cannon|p2b: Glimmora
|-activate|p2b: Glimmora|move: Protect
|
|-weather|RainDance|[upkeep]
|-heal|p2a: Kommo-o|75/100|[from] item: Leftovers
|-end|p2a: Kommo-o|move: Taunt
|-sideend|p2: DragonairJordan23|move: Aurora Veil
|upkeep
|turn|6
|
|t:|1783708556
|move|p1b: Floette|Dazzling Gleam|p2a: Kommo-o|[spread] p2a,p2b
|-supereffective|p2a: Kommo-o|2
|-resisted|p2b: Glimmora|1
|-damage|p2a: Kommo-o|0 fnt
|-damage|p2b: Glimmora|65/100
|faint|p2a: Kommo-o
|move|p2b: Glimmora|Sludge Bomb|p1b: Floette
|-supereffective|p1b: Floette|1
|-damage|p1b: Floette|16/100
|-status|p1b: Floette|psn
|move|p1a: Archaludon|Flash Cannon|p2b: Glimmora
|-supereffective|p2b: Glimmora|1
|-damage|p2b: Glimmora|0 fnt
|faint|p2b: Glimmora
|
|-weather|RainDance|[upkeep]
|-damage|p1b: Floette|4/100 psn|[from] psn
|upkeep
|
|t:|1783708560
|switch|p2b: Incineroar|Incineroar, L50, F|83/100
|-ability|p2b: Incineroar|Intimidate|boost
|-unboost|p1a: Archaludon|atk|1
|-unboost|p1b: Floette|atk|1
|turn|7
|
|t:|1783708572
|move|p2b: Incineroar|Fake Out|p1a: Archaludon
|-resisted|p1a: Archaludon|1
|-damage|p1a: Archaludon|32/100
|-ability|p1a: Archaludon|Stamina|boost
|-boost|p1a: Archaludon|def|1
|move|p1b: Floette|Light of Ruin|p2b: Incineroar
|-damage|p2b: Incineroar|0 fnt
|faint|p2b: Incineroar
|-damage|p1b: Floette|0 fnt|[from] Recoil
|faint|p1b: Floette
|
|win|InsanityWar22
|raw|InsanityWar22's rating: 1171 → 1191(+20 for winning)
|raw|DragonairJordan23's rating: 1104 → 1084(-20 for losing)
