|j|☆PYS_Max2
|j|☆metvgc
|html|PYS_Max2metvgc    
|uhtml|bestof|Game 1 of a best-of-3
|t:|1785058785
|gametype|doubles
|player|p1|PYS_Max2|clay|1368
|player|p2|metvgc|linebacker|1209
|gen|9
|tier|[Gen 9 Champions] VGC 2026 Reg M-B (Bo3)
|rated|
|rule|Species Clause: Limit one of each Pokémon
|rule|Item Clause: Limit 1 of each item
|clearpoke
|poke|p1|Garchomp, L50, F|
|poke|p1|Venusaur, L50, F|
|poke|p1|Incineroar, L50, F|
|poke|p1|Charizard, L50, M|
|poke|p1|Toxapex, L50, F|
|poke|p1|Sneasler, L50, M|
|poke|p2|Gengar, L50, F|
|poke|p2|Incineroar, L50, M|
|poke|p2|Kommo-o, L50, F|
|poke|p2|Raichu, L50, M|
|poke|p2|Ninetales-Alola, L50, F|
|poke|p2|Volcarona, L50, M|
|teampreview|4
|showteam|p1|Garchomp||LifeOrb|RoughSkin|StompingTantrum,RockSlide,DragonClaw,Protect|Jolly||F|||50|]Venusaur||FocusSash|Chlorophyll|SludgeBomb,SolarBeam,SleepPowder,Protect|Modest||F|||50|]Incineroar||SitrusBerry|Intimidate|FakeOut,FlareBlitz,ThroatChop,PartingShot|Impish||F|||50|]Charizard||CharizarditeY|Blaze|HeatWave,WeatherBall,Protect,HelpingHand|Modest||M|||50|]Toxapex||Leftovers|Regenerator|Infestation,Toxic,WideGuard,BanefulBunker|Impish||F|||50|]Sneasler||WhiteHerb|Unburden|CloseCombat,DireClaw,QuickGuard,FakeOut|Jolly||M|||50|
|showteam|p2|Gengar||Gengarite|CursedBody|SludgeBomb,ShadowBall,Substitute,Protect|Modest||F|||50|]Incineroar||PasshoBerry|Intimidate|FlareBlitz,ThroatChop,FakeOut,PartingShot|Adamant||M|||50|]Kommo-o||Leftovers|Soundproof|ClangingScales,AuraSphere,ClangorousSoul,Protect|Modest||F|||50|]Raichu||RaichuniteX|LightningRod|VoltTackle,VoltSwitch,FakeOut,Protect|Jolly||M|||50|]Ninetales-Alola||ChoiceScarf|SnowWarning|Blizzard,FreezeDry,IcyWind,Moonblast|Timid||F|||50|]Volcarona||SitrusBerry|FlameBody|Flamethrower,StruggleBug,RagePowder,Protect|Bold||M|||50|
|inactive|Battle timer is ON: inactive players will automatically lose when time's up. (requested by metvgc)
|
|t:|1785058819
|teamsize|p1|4
|teamsize|p2|4
|start
|switch|p1a: Charizard|Charizard, L50, M|100/100
|switch|p1b: Toxapex|Toxapex, L50, F|100/100
|switch|p2a: Incineroar|Incineroar, L50, M|100/100
|switch|p2b: Kommo-o|Kommo-o, L50, F|100/100
|-ability|p2a: Incineroar|Intimidate|boost
|-unboost|p1a: Charizard|atk|1
|-unboost|p1b: Toxapex|atk|1
|turn|1
|inactive|metvgc has 30 seconds left.
|inactive|metvgc has 20 seconds left.
|inactive|metvgc has 15 seconds left.
|
|t:|1785058862
|detailschange|p1a: Charizard|Charizard-Mega-Y, L50, M
|-mega|p1a: Charizard|Charizard|Charizardite Y
|-weather|SunnyDay|[from] ability: Drought|[of] p1a: Charizard
|move|p2a: Incineroar|Fake Out|p1b: Toxapex
|-damage|p1b: Toxapex|92/100
|move|p2b: Kommo-o|Clangorous Soul|p2b: Kommo-o
|-boost|p2b: Kommo-o|atk|1
|-boost|p2b: Kommo-o|def|1
|-boost|p2b: Kommo-o|spa|1
|-boost|p2b: Kommo-o|spd|1
|-boost|p2b: Kommo-o|spe|1
|-damage|p2b: Kommo-o|67/100
|move|p1a: Charizard|Heat Wave|p2a: Incineroar|[spread] p2a,p2b
|-resisted|p2a: Incineroar|1
|-resisted|p2b: Kommo-o|1
|-damage|p2a: Incineroar|72/100
|-damage|p2b: Kommo-o|48/100
|cant|p1b: Toxapex|flinch
|
|-weather|SunnyDay|[upkeep]
|-heal|p2b: Kommo-o|54/100|[from] item: Leftovers
|-heal|p1b: Toxapex|98/100|[from] item: Leftovers
|upkeep
|turn|2
|inactive|PYS_Max2 has 30 seconds left.
|
|t:|1785058889
|move|p2b: Kommo-o|Protect|p2b: Kommo-o
|-singleturn|p2b: Kommo-o|Protect
|move|p1a: Charizard|Protect|p1a: Charizard
|-singleturn|p1a: Charizard|Protect
|move|p2a: Incineroar|Parting Shot|p1a: Charizard
|-activate|p1a: Charizard|move: Protect
|move|p1b: Toxapex|Infestation|p2b: Kommo-o
|-activate|p2b: Kommo-o|move: Protect
|
|-weather|SunnyDay|[upkeep]
|-heal|p2b: Kommo-o|60/100|[from] item: Leftovers
|-heal|p1b: Toxapex|100/100|[from] item: Leftovers
|upkeep
|turn|3
|
|t:|1785058904
|move|p2b: Kommo-o|Aura Sphere|p1a: Charizard
|-resisted|p1a: Charizard|1
|-damage|p1a: Charizard|77/100
|move|p1a: Charizard|Weather Ball|p2b: Kommo-o
|-resisted|p2b: Kommo-o|1
|-damage|p2b: Kommo-o|35/100
|move|p2a: Incineroar|Parting Shot|p1a: Charizard
|-unboost|p1a: Charizard|atk|1
|-unboost|p1a: Charizard|spa|1
|
|t:|1785058914
|switch|p2a: Raichu|Raichu, L50, M|100/100|[from] Parting Shot
|move|p1b: Toxapex|Infestation|p2b: Kommo-o
|-resisted|p2b: Kommo-o|1
|-damage|p2b: Kommo-o|34/100
|-activate|p2b: Kommo-o|move: Infestation|[of] p1b: Toxapex
|
|-weather|SunnyDay|[upkeep]
|-heal|p2b: Kommo-o|40/100|[from] item: Leftovers
|-damage|p2b: Kommo-o|28/100|[from] move: Infestation|[partiallytrapped]
|upkeep
|turn|4
|
|t:|1785058935
|switch|p1a: Incineroar|Incineroar, L50, F|100/100
|-ability|p1a: Incineroar|Intimidate|boost
|-unboost|p2a: Raichu|atk|1
|-unboost|p2b: Kommo-o|atk|1
|detailschange|p2a: Raichu|Raichu-Mega-X, L50, M
|-mega|p2a: Raichu|Raichu|Raichunite X
|-fieldstart|move: Electric Terrain|[from] ability: Electric Surge|[of] p2a: Raichu
|move|p1b: Toxapex|Baneful Bunker|p1b: Toxapex
|-singleturn|p1b: Toxapex|move: Protect
|move|p2b: Kommo-o|Clanging Scales|p1b: Toxapex|[spread] p1a
|-activate|p1b: Toxapex|move: Protect
|-damage|p1a: Incineroar|53/100
|-unboost|p2b: Kommo-o|def|1
|move|p2a: Raichu|Volt Tackle|p1b: Toxapex
|-activate|p1b: Toxapex|move: Protect
|-status|p2a: Raichu|psn
|
|-weather|SunnyDay|[upkeep]
|-heal|p2b: Kommo-o|34/100|[from] item: Leftovers
|-damage|p2a: Raichu|87/100 psn|[from] psn
|-damage|p2b: Kommo-o|21/100|[from] move: Infestation|[partiallytrapped]
|upkeep
|turn|5
|inactive|PYS_Max2 has 30 seconds left.
|
|t:|1785058965
|move|p2a: Raichu|Protect|p2a: Raichu
|-singleturn|p2a: Raichu|Protect
|move|p1a: Incineroar|Fake Out|p2b: Kommo-o
|-damage|p2b: Kommo-o|12/100
|cant|p2b: Kommo-o|flinch
|move|p1b: Toxapex|Infestation|p2a: Raichu
|-activate|p2a: Raichu|move: Protect
|
|-weather|none
|-heal|p2b: Kommo-o|18/100|[from] item: Leftovers
|-damage|p2a: Raichu|75/100 psn|[from] psn
|-damage|p2b: Kommo-o|6/100|[from] move: Infestation|[partiallytrapped]
|upkeep
|turn|6
|inactive|PYS_Max2 has 30 seconds left.
|
|t:|1785058997
|switch|p1a: Venusaur|Venusaur, L50, F|100/100
|move|p1b: Toxapex|Baneful Bunker|p1b: Toxapex
|-singleturn|p1b: Toxapex|move: Protect
|move|p2b: Kommo-o|Aura Sphere|p1a: Venusaur
|-resisted|p1a: Venusaur|1
|-damage|p1a: Venusaur|71/100
|move|p2a: Raichu|Volt Switch|p1a: Venusaur
|-resisted|p1a: Venusaur|1
|-damage|p1a: Venusaur|55/100
|
|t:|1785059006
|switch|p2a: Incineroar|Incineroar, L50, M|72/100|[from] Volt Switch
|-ability|p2a: Incineroar|Intimidate|boost
|-unboost|p1a: Venusaur|atk|1
|-unboost|p1b: Toxapex|atk|1
|
|-heal|p2b: Kommo-o|12/100|[from] item: Leftovers
|-damage|p2b: Kommo-o|0 fnt|[from] move: Infestation|[partiallytrapped]
|faint|p2b: Kommo-o
|upkeep
|
|t:|1785059010
|switch|p2b: Raichu|Raichu-Mega-X, L50, M|75/100 psn
|turn|7
|
|t:|1785059020
|switch|p1a: Incineroar|Incineroar, L50, F|53/100
|-ability|p1a: Incineroar|Intimidate|boost
|-unboost|p2a: Incineroar|atk|1
|-unboost|p2b: Raichu|atk|1
|move|p2a: Incineroar|Fake Out|p1a: Incineroar
|-damage|p1a: Incineroar|47/100
|-enditem|p1a: Incineroar|Sitrus Berry|[eat]
|-heal|p1a: Incineroar|71/100|[from] item: Sitrus Berry
|move|p2b: Raichu|Volt Tackle|p1b: Toxapex
|-supereffective|p1b: Toxapex|1
|-damage|p1b: Toxapex|33/100
|-damage|p2b: Raichu|50/100g psn|[from] Recoil
|move|p1b: Toxapex|Toxic|p2a: Incineroar
|-status|p2a: Incineroar|tox
|
|-heal|p1b: Toxapex|39/100|[from] item: Leftovers
|-damage|p2b: Raichu|37/100 psn|[from] psn
|-damage|p2a: Incineroar|66/100 tox|[from] psn
|upkeep
|turn|8
|
|t:|1785059045
|move|p1a: Incineroar|Fake Out|p2b: Raichu
|-damage|p2b: Raichu|24/100 psn
|cant|p2b: Raichu|flinch
|move|p2a: Incineroar|Throat Chop|p1b: Toxapex
|-damage|p1b: Toxapex|25/100
|-start|p1b: Toxapex|Throat Chop|[silent]
|move|p1b: Toxapex|Infestation|p2a: Incineroar
|-damage|p2a: Incineroar|64/100 tox
|-activate|p2a: Incineroar|move: Infestation|[of] p1b: Toxapex
|
|-heal|p1b: Toxapex|31/100|[from] item: Leftovers
|-damage|p2b: Raichu|11/100 psn|[from] psn
|-damage|p2a: Incineroar|52/100 tox|[from] psn
|-damage|p2a: Incineroar|40/100 tox|[from] move: Infestation|[partiallytrapped]
|-fieldend|move: Electric Terrain
|upkeep
|turn|9
|
|t:|1785059064
|move|p1b: Toxapex|Baneful Bunker|p1b: Toxapex
|-singleturn|p1b: Toxapex|move: Protect
|move|p2b: Raichu|Volt Switch|p1a: Incineroar
|-damage|p1a: Incineroar|54/100
|
|t:|1785059066
|switch|p2b: Ninetales|Ninetales-Alola, L50, F|100/100|[from] Volt Switch
|-weather|Snowscape|[from] ability: Snow Warning|[of] p2b: Ninetales
|move|p2a: Incineroar|Parting Shot|p1a: Incineroar
|-unboost|p1a: Incineroar|atk|1
|-unboost|p1a: Incineroar|spa|1
|
|t:|1785059067
|switch|p2a: Raichu|Raichu-Mega-X, L50, M|11/100 psn|[from] Parting Shot
|-fieldstart|move: Electric Terrain|[from] ability: Electric Surge|[of] p2a: Raichu
|move|p1a: Incineroar|Parting Shot|p2b: Ninetales
|-unboost|p2b: Ninetales|atk|1
|-unboost|p2b: Ninetales|spa|1
|
|t:|1785059087
|switch|p1a: Charizard|Charizard-Mega-Y, L50, M|77/100|[from] Parting Shot
|-weather|SunnyDay|[from] ability: Drought|[of] p1a: Charizard
|
|-weather|SunnyDay|[upkeep]
|-heal|p1b: Toxapex|36/100|[from] item: Leftovers
|-damage|p2a: Raichu|0 fnt|[from] psn
|faint|p2a: Raichu
|-end|p1b: Toxapex|Throat Chop|[silent]
|upkeep
|
|t:|1785059089
|switch|p2a: Incineroar|Incineroar, L50, M|40/100 tox
|-ability|p2a: Incineroar|Intimidate|boost
|-unboost|p1a: Charizard|atk|1
|-unboost|p1b: Toxapex|atk|1
|turn|10
|
|t:|1785059102
|-heal|p1b: Toxapex|70/100|[from] ability: Regenerator|[silent]
|switch|p1b: Incineroar|Incineroar, L50, F|54/100
|-ability|p1b: Incineroar|Intimidate|boost
|-unboost|p2a: Incineroar|atk|1
|-unboost|p2b: Ninetales|atk|1
|move|p1a: Charizard|Protect|p1a: Charizard
|-singleturn|p1a: Charizard|Protect
|move|p2a: Incineroar|Fake Out|p1a: Charizard
|-activate|p1a: Charizard|move: Protect
|move|p2b: Ninetales|Freeze-Dry|p1b: Incineroar
|-resisted|p1b: Incineroar|1
|-damage|p1b: Incineroar|47/100
|
|-weather|SunnyDay|[upkeep]
|-damage|p2a: Incineroar|34/100 tox|[from] psn
|upkeep
|turn|11
|
|t:|1785059122
|move|p1b: Incineroar|Fake Out|p2b: Ninetales
|-damage|p2b: Ninetales|83/100
|cant|p2b: Ninetales|flinch
|move|p1a: Charizard|Heat Wave|p2a: Incineroar|[spread] p2a,p2b
|-resisted|p2a: Incineroar|1
|-supereffective|p2b: Ninetales|1
|-damage|p2a: Incineroar|7/100 tox
|-damage|p2b: Ninetales|0 fnt
|faint|p2b: Ninetales
|move|p2a: Incineroar|Flare Blitz|p1a: Charizard
|-resisted|p1a: Charizard|1
|-damage|p1a: Charizard|51/100
|-damage|p2a: Incineroar|0 fnt|[from] Recoil
|faint|p2a: Incineroar
|
|win|PYS_Max2
||metvgc is ready for game 2.
