|j|☆murimuri evolution
|j|☆porygon peo
|html|murimuri evolutionporygon peo    
|uhtml|bestof|Game 3 of a best-of-3
|t:|1786066866
|gametype|doubles
|player|p1|murimuri evolution|265|1286
|player|p2|porygon peo|skier|1401
|gen|9
|tier|[Gen 9 Champions] VGC 2026 Reg M-B (Bo3)
|rated|
|rule|Species Clause: Limit one of each Pokémon
|rule|Item Clause: Limit 1 of each item
|clearpoke
|poke|p1|Staraptor, L50, M|
|poke|p1|Tyranitar, L50, M|
|poke|p1|Excadrill, L50, M|
|poke|p1|Gholdengo, L50|
|poke|p1|Milotic, L50, M|
|poke|p1|Venusaur, L50, M|
|poke|p2|Charizard, L50, F|
|poke|p2|Glimmora, L50, F|
|poke|p2|Whimsicott, L50, F|
|poke|p2|Ninetales-Alola, L50, F|
|poke|p2|Kingambit, L50, F|
|poke|p2|Kommo-o, L50, F|
|teampreview|4
|showteam|p1|Staraptor||Staraptite|Intimidate|Protect,BraveBird,CloseCombat,Tailwind|Jolly||M|||50|]Tyranitar||ChoiceScarf|SandStream|RockSlide,KnockOff,IcePunch,LowKick|Jolly||M|||50|]Excadrill||FocusSash|SandRush|Protect,Earthquake,IronHead,RockSlide|Adamant||M|||50|]Gholdengo||LifeOrb|GoodasGold|Protect,MakeItRain,ShadowBall,PowerGem|Timid|||||50|]Milotic||SitrusBerry|Competitive|Protect,MuddyWater,IceBeam,DragonTail|Modest||M|||50|]Venusaur||Venusaurite|Chlorophyll|Protect,GigaDrain,SludgeBomb,EarthPower|Modest||M|||50|
|showteam|p2|Charizard||CharizarditeY|Blaze|HeatWave,WeatherBall,SolarBeam,Protect|Modest||F|||50|]Glimmora||Glimmoranite|ToxicDebris|SludgeBomb,PowerGem,EarthPower,SpikyShield|Modest||F|||50|]Whimsicott||FocusSash|Prankster|Moonblast,Tailwind,Encore,Protect|Timid||F|||50|]Ninetales-Alola||NeverMeltIce|SnowWarning|Blizzard,FreezeDry,Disable,Protect|Timid||F|||50|]Kingambit||BlackGlasses|Defiant|KowtowCleave,SuckerPunch,IronHead,Protect|Adamant||F|||50|]Kommo-o||LifeOrb|Overcoat|ClangingScales,AuraSphere,VacuumWave,Protect|Modest||F|||50|
|inactive|Battle timer is ON: inactive players will automatically lose when time's up. (requested by porygon peo)
|inactive|murimuri evolution has 60 seconds left.
|
|t:|1786066903
|teamsize|p1|4
|teamsize|p2|4
|start
|switch|p1a: Excadrill|Excadrill, L50, M|100/100
|switch|p1b: Gholdengo|Gholdengo, L50|100/100
|switch|p2a: Charizard|Charizard, L50, F|100/100
|switch|p2b: Whimsicott|Whimsicott, L50, F|100/100
|turn|1
|
|t:|1786066924
|switch|p2a: Kingambit|Kingambit, L50, F|100/100
|move|p1b: Gholdengo|Protect|p1b: Gholdengo
|-singleturn|p1b: Gholdengo|Protect
|move|p2b: Whimsicott|Tailwind|p2b: Whimsicott
|-sidestart|p2: porygon peo|move: Tailwind
|move|p1a: Excadrill|Rock Slide|p2a: Kingambit|[spread] p2a,p2b
|-resisted|p2a: Kingambit|1
|-damage|p2a: Kingambit|90/100
|-damage|p2b: Whimsicott|66/100
|
|upkeep
|turn|2
|inactive|murimuri evolution has 30 seconds left.
|inactive|porygon peo has 30 seconds left.
|
|t:|1786066968
|switch|p1b: Tyranitar|Tyranitar, L50, M|100/100
|-weather|Sandstorm|[from] ability: Sand Stream|[of] p1b: Tyranitar
|move|p2b: Whimsicott|Encore|p1a: Excadrill
|-start|p1a: Excadrill|Encore
|move|p1a: Excadrill|Rock Slide|p2b: Whimsicott|[spread] p2a,p2b
|-resisted|p2a: Kingambit|1
|-damage|p2a: Kingambit|80/100
|-damage|p2b: Whimsicott|30/100
|move|p2a: Kingambit|Kowtow Cleave|p1b: Tyranitar
|-resisted|p1b: Tyranitar|1
|-damage|p1b: Tyranitar|73/100
|
|-weather|Sandstorm|[upkeep]
|-damage|p2b: Whimsicott|24/100|[from] Sandstorm
|upkeep
|turn|3
|inactive|murimuri evolution has 30 seconds left.
|
|t:|1786066996
|switch|p2b: Kommo-o|Kommo-o, L50, F|100/100
|switch|p1a: Venusaur|Venusaur, L50, M|100/100
|switch|p1b: Gholdengo|Gholdengo, L50|100/100
|move|p2a: Kingambit|Iron Head|p1b: Gholdengo
|-resisted|p1b: Gholdengo|1
|-damage|p1b: Gholdengo|74/100
|
|-weather|Sandstorm|[upkeep]
|-damage|p1a: Venusaur|93/100|[from] Sandstorm
|upkeep
|turn|4
|inactive|murimuri evolution has 30 seconds left.
|inactive|porygon peo has 30 seconds left.
|inactive|porygon peo has 20 seconds left.
|
|t:|1786067035
|switch|p1b: Excadrill|Excadrill, L50, M|100/100
|detailschange|p1a: Venusaur|Venusaur-Mega, L50, M
|-mega|p1a: Venusaur|Venusaur|Venusaurite
|move|p1a: Venusaur|Protect|p1a: Venusaur
|-singleturn|p1a: Venusaur|Protect
|move|p2b: Kommo-o|Clanging Scales|p1a: Venusaur|[spread] p1b
|-activate|p1a: Venusaur|move: Protect
|-resisted|p1b: Excadrill|1
|-crit|p1b: Excadrill
|-damage|p1b: Excadrill|45/100
|-unboost|p2b: Kommo-o|def|1
|-damage|p2b: Kommo-o|90/100|[from] item: Life Orb
|move|p2a: Kingambit|Kowtow Cleave|p1a: Venusaur
|-activate|p1a: Venusaur|move: Protect
|
|-weather|Sandstorm|[upkeep]
|-damage|p1a: Venusaur|87/100|[from] Sandstorm
|-sideend|p2: porygon peo|move: Tailwind
|upkeep
|turn|5
|inactive|murimuri evolution has 30 seconds left.
|inactive|porygon peo has 30 seconds left.
|
|t:|1786067062
|switch|p1b: Tyranitar|Tyranitar, L50, M|73/100
|move|p2b: Kommo-o|Vacuum Wave|p1b: Tyranitar
|-supereffective|p1b: Tyranitar|2
|-damage|p1b: Tyranitar|1/100
|-damage|p2b: Kommo-o|80/100|[from] item: Life Orb
|move|p1a: Venusaur|Earth Power|p2a: Kingambit
|-supereffective|p2a: Kingambit|1
|-damage|p2a: Kingambit|14/100
|move|p2a: Kingambit|Kowtow Cleave|p1a: Venusaur
|-damage|p1a: Venusaur|33/100
|
|-weather|Sandstorm|[upkeep]
|-damage|p1a: Venusaur|27/100|[from] Sandstorm
|upkeep
|turn|6
|inactive|murimuri evolution has 30 seconds left.
|
|t:|1786067091
|switch|p1a: Gholdengo|Gholdengo, L50|74/100
|move|p2a: Kingambit|Sucker Punch|p1b: Tyranitar
|-resisted|p1b: Tyranitar|1
|-damage|p1b: Tyranitar|0 fnt
|faint|p1b: Tyranitar
|move|p2b: Kommo-o|Clanging Scales|p1a: Gholdengo
|-resisted|p1a: Gholdengo|1
|-damage|p1a: Gholdengo|34/100
|-unboost|p2b: Kommo-o|def|1
|-damage|p2b: Kommo-o|70/100|[from] item: Life Orb
|
|-weather|none
|upkeep
|
|t:|1786067107
|switch|p1b: Venusaur|Venusaur-Mega, L50, M|27/100
|turn|7
|-message|murimuri evolution forfeited.
|
|win|porygon peo
|raw|murimuri evolution's rating: 1286 → 1269(-17 for losing)
|raw|porygon peo's rating: 1401 → 1415(+14 for winning)
