|j|☆Uncreative7452
|j|☆regalac3
|html|Uncreative7452regalac3    
|uhtml|bestof|Game 1 of a best-of-3
|t:|1756774010
|gametype|doubles
|player|p1|Uncreative7452|tuber|1063
|player|p2|regalac3|n|1102
|gen|9
|tier|[Gen 9] VGC 2025 Reg H (Bo3)
|rated|
|rule|Species Clause: Limit one of each Pokémon
|rule|Item Clause: Limit 1 of each item
|clearpoke
|poke|p1|Rillaboom, L50, M|
|poke|p1|Gallade, L50, M|
|poke|p1|Magmar, L50, F|
|poke|p1|Bronzong, L50|
|poke|p1|Primarina, L50, F|
|poke|p1|Alcremie, L50, F|
|poke|p2|Pelipper, L50, M|
|poke|p2|Basculegion, L50, M|
|poke|p2|Archaludon, L50, M|
|poke|p2|Annihilape, L50, M|
|poke|p2|Rillaboom, L50, M|
|poke|p2|Maushold-Four, L50|
|teampreview|4
|showteam|p1|Rillaboom||AssaultVest|GrassySurge|GrassyGlide,WoodHammer,Uturn,FakeOut|||M|||50|,,,,,Fire]Gallade||SafetyGoggles|Sharpness|PsychoCut,SacredSword,WideGuard,TrickRoom|||M|||50|,,,,,Fire]Magmar||Eviolite|VitalSpirit|FollowMe,HeatWave,WillOWisp,Protect|||F|||50|,,,,,Ghost]Bronzong||CovertCloak|HeavyMetal|HeavySlam,TrickRoom,BodyPress,GyroBall||||||50|,,,,,Water]Primarina||ThroatSpray|LiquidVoice|HyperVoice,Moonblast,Protect,Encore|||F|||50|,,,,,Water]Alcremie||SitrusBerry|AromaVeil|AlluringVoice,Decorate,Protect,HelpingHand|||F|||50|,,,,,Steel
|showteam|p2|Pelipper||FocusSash|Drizzle|Hurricane,WeatherBall,WideGuard,Protect|||M|||50|,,,,,Stellar]Basculegion||LifeOrb|SwiftSwim|WaveCrash,LastRespects,AquaJet,Protect|||M|||50|,,,,,Water]Archaludon||AssaultVest|Stamina|FlashCannon,DracoMeteor,ElectroShot,BodyPress|||M|||50|,,,,,Bug]Annihilape||Leftovers|Defiant|RageFist,DrainPunch,BulkUp,Protect|||M|||50|,,,,,Fire]Rillaboom||LoadedDice|GrassySurge|BulletSeed,GrassyGlide,HighHorsepower,FakeOut|||M|||50|,,,,,Water]Maushold-Four||SafetyGoggles|FriendGuard|BeatUp,FollowMe,Taunt,Protect||||||50|,,,,,Ghost
|inactive|Battle timer is ON: inactive players will automatically lose when time's up. (requested by regalac3)
|inactive|regalac3 has 60 seconds left.
|
|t:|1756774041
|teamsize|p1|4
|teamsize|p2|4
|start
|switch|p1a: Alcremie|Alcremie, L50, F|100/100
|switch|p1b: Gallade|Gallade, L50, M|100/100
|switch|p2a: Maushold|Maushold-Four, L50|100/100
|switch|p2b: Archaludon|Archaludon, L50, M|100/100
|turn|1
|inactive|Uncreative7452 has 30 seconds left.
|
|t:|1756774067
|switch|p1b: Primarina|Primarina, L50, F|100/100
|move|p2a: Maushold|Taunt|p1b: Primarina
|-block|p1b: Primarina|ability: Aroma Veil|[of] p1a: Alcremie
|move|p2b: Archaludon|Flash Cannon|p1a: Alcremie
|-supereffective|p1a: Alcremie
|-damage|p1a: Alcremie|41/100
|-unboost|p1a: Alcremie|spd|1
|-enditem|p1a: Alcremie|Sitrus Berry|[eat]
|-heal|p1a: Alcremie|66/100|[from] item: Sitrus Berry
|move|p1a: Alcremie|Alluring Voice|p2b: Archaludon
|-damage|p2b: Archaludon|86/100
|-ability|p2b: Archaludon|Stamina|boost
|-boost|p2b: Archaludon|def|1
|
|upkeep
|turn|2
|inactive|regalac3 has 30 seconds left.
|
|t:|1756774098
|-terastallize|p1b: Primarina|Water
|move|p2a: Maushold|Follow Me|p2a: Maushold
|-singleturn|p2a: Maushold|move: Follow Me
|move|p2b: Archaludon|Flash Cannon|p1a: Alcremie
|-supereffective|p1a: Alcremie
|-damage|p1a: Alcremie|0 fnt
|faint|p1a: Alcremie
|move|p1b: Primarina|Hyper Voice|p2b: Archaludon|[spread] p2a,p2b
|-resisted|p2b: Archaludon
|-damage|p2a: Maushold|42/100
|-damage|p2b: Archaludon|73/100
|-ability|p2b: Archaludon|Stamina|boost
|-boost|p2b: Archaludon|def|1
|-enditem|p1b: Primarina|Throat Spray
|-boost|p1b: Primarina|spa|1|[from] item: Throat Spray
|
|upkeep
|
|t:|1756774106
|switch|p1a: Rillaboom|Rillaboom, L50, M|100/100
|-fieldstart|move: Grassy Terrain|[from] ability: Grassy Surge|[of] p1a: Rillaboom
|turn|3
|
|t:|1756774120
|-terastallize|p2b: Archaludon|Bug
|move|p1a: Rillaboom|Grassy Glide|p2a: Maushold
|-damage|p2a: Maushold|5/100
|move|p2a: Maushold|Beat Up|p2b: Archaludon
|-damage|p2b: Archaludon|73/100
|-ability|p2b: Archaludon|Stamina|boost
|-boost|p2b: Archaludon|def|1
|-damage|p2b: Archaludon|72/100
|-ability|p2b: Archaludon|Stamina|boost
|-boost|p2b: Archaludon|def|1
|-damage|p2b: Archaludon|72/100
|-ability|p2b: Archaludon|Stamina|boost
|-boost|p2b: Archaludon|def|1
|-damage|p2b: Archaludon|71/100
|-ability|p2b: Archaludon|Stamina|boost
|-boost|p2b: Archaludon|def|1
|-hitcount|p2b: Archaludon|4
|move|p2b: Archaludon|Body Press|p1a: Rillaboom
|-damage|p1a: Rillaboom|16/100
|move|p1b: Primarina|Moonblast|p2b: Archaludon
|-damage|p2b: Archaludon|36/100
|
|-heal|p2a: Maushold|11/100|[from] Grassy Terrain
|-heal|p2b: Archaludon|42/100|[from] Grassy Terrain
|-heal|p1a: Rillaboom|21/100|[from] Grassy Terrain
|upkeep
|turn|4
|
|t:|1756774145
|move|p1a: Rillaboom|Grassy Glide|p2b: Archaludon
|-resisted|p2b: Archaludon
|-damage|p2b: Archaludon|40/100
|move|p2a: Maushold|Taunt|p1b: Primarina
|-start|p1b: Primarina|move: Taunt
|move|p2b: Archaludon|Body Press|p1a: Rillaboom
|-damage|p1a: Rillaboom|0 fnt
|faint|p1a: Rillaboom
|move|p1b: Primarina|Hyper Voice|p2b: Archaludon|[spread] p2a,p2b
|-damage|p2a: Maushold|0 fnt
|-damage|p2b: Archaludon|2/100
|faint|p2a: Maushold
|
|-heal|p2b: Archaludon|8/100|[from] Grassy Terrain
|upkeep
|
|t:|1756774160
|switch|p2a: Rillaboom|Rillaboom, L50, M|100/100
|switch|p1a: Gallade|Gallade, L50, M|100/100
|turn|5
|
|t:|1756774180
|move|p2a: Rillaboom|Bullet Seed|p1b: Primarina
|-supereffective|p1b: Primarina
|-damage|p1b: Primarina|59/100
|-supereffective|p1b: Primarina
|-damage|p1b: Primarina|20/100
|-supereffective|p1b: Primarina
|-damage|p1b: Primarina|0 fnt
|faint|p1b: Primarina
|-hitcount|p1: Primarina|3
|move|p2b: Archaludon|Draco Meteor|p1a: Gallade
|-damage|p1a: Gallade|38/100
|-unboost|p2b: Archaludon|spa|2
|move|p1a: Gallade|Psycho Cut|p2b: Archaludon
|-crit|p2b: Archaludon
|-damage|p2b: Archaludon|0 fnt
|faint|p2b: Archaludon
|
|-heal|p1a: Gallade|45/100|[from] Grassy Terrain
|upkeep
|
|t:|1756774192
|switch|p2b: Annihilape|Annihilape, L50, M|100/100
|turn|6
|
|t:|1756774199
|move|p2b: Annihilape|Drain Punch|p1a: Gallade
|-resisted|p1a: Gallade
|-damage|p1a: Gallade|22/100
|move|p2a: Rillaboom|Bullet Seed|p1a: Gallade
|-damage|p1a: Gallade|1/100
|-damage|p1a: Gallade|0 fnt
|faint|p1a: Gallade
|-hitcount|p1: Gallade|2
|
|win|regalac3
||Uncreative7452 is ready for game 2.
||regalac3 is ready for game 2.
|uhtml|next|Next: Game 2 of 3
