|j|☆ricardobrinati
|j|☆Pressinblades
|html|ricardobrinatiPressinblades    
|uhtml|bestof|Game 2 of a best-of-3
|t:|1783553764
|gametype|doubles
|player|p1|ricardobrinati|265|1071
|player|p2|Pressinblades|170|1180
|gen|9
|tier|[Gen 9 Champions] VGC 2026 Reg M-B (Bo3)
|rated|
|rule|Species Clause: Limit one of each Pokémon
|rule|Item Clause: Limit 1 of each item
|clearpoke
|poke|p1|Farigiraf, L50, F|
|poke|p1|Sinistcha, L50|
|poke|p1|Incineroar, L50, M|
|poke|p1|Torkoal, L50, F|
|poke|p1|Mawile, L50, M|
|poke|p1|Vileplume, L50, M|
|poke|p2|Incineroar, L50, M|
|poke|p2|Farigiraf, L50, F|
|poke|p2|Maushold, L50|
|poke|p2|Gardevoir, L50, M, shiny|
|poke|p2|Garchomp, L50, M|
|poke|p2|Mamoswine, L50, M|
|teampreview|4
|showteam|p1|Farigiraf||ColburBerry|ArmorTail|TrickRoom,Psychic,Thunderbolt,HelpingHand|Sassy||F|||50|]Sinistcha||SitrusBerry|Hospitality|RagePowder,MatchaGotcha,ShadowBall,TrickRoom|Relaxed|||||50|]Incineroar||WhiteHerb|Intimidate|FakeOut,CloseCombat,FlareBlitz,PartingShot|Adamant||M|||50|]Torkoal||Charcoal|Drought|Eruption,WeatherBall,SolarBeam,HelpingHand|Modest||F|||50|]Mawile||Mawilite|Intimidate|SuckerPunch,IronHead,PlayRough,SwordsDance|Adamant||M|||50|]Vileplume||FocusSash|Chlorophyll|SleepPowder,AfterYou,SolarBeam,SludgeBomb|Modest||M|||50|
|showteam|p2|Incineroar||SitrusBerry|Intimidate|FakeOut,PartingShot,DarkestLariat,FlareBlitz|Careful||M|||50|]Farigiraf||ColburBerry|ArmorTail|Protect,TrickRoom,Thunderbolt,TwinBeam|Modest||F|||50|]Maushold||FocusSash|FriendGuard|Protect,FollowMe,SuperFang,Encore|Timid|||||50|]Gardevoir||Gardevoirite|Telepathy|Protect,TrickRoom,HyperVoice,Psychic|Modest||M|||50|]Garchomp||LifeOrb|RoughSkin|Protect,RockSlide,DragonClaw,Earthquake|Adamant||M|||50|]Mamoswine||OccaBerry|Oblivious|Protect,RockTomb,HighHorsepower,IceShard|Adamant||M|||50|
|
|t:|1783553797
|teamsize|p1|4
|teamsize|p2|4
|start
|switch|p1a: Torkoal|Torkoal, L50, F|100/100
|switch|p1b: Vileplume|Vileplume, L50, M|100/100
|switch|p2a: Incineroar|Incineroar, L50, M|100/100
|switch|p2b: Mamoswine|Mamoswine, L50, M|100/100
|-ability|p2a: Incineroar|Intimidate|boost
|-unboost|p1a: Torkoal|atk|1
|-unboost|p1b: Vileplume|atk|1
|-weather|SunnyDay|[from] ability: Drought|[of] p1a: Torkoal
|turn|1
|
|t:|1783553820
|move|p2a: Incineroar|Fake Out|p1b: Vileplume
|-damage|p1b: Vileplume|84/100
|cant|p1b: Vileplume|flinch
|move|p2b: Mamoswine|High Horsepower|p1a: Torkoal
|-supereffective|p1a: Torkoal|1
|-damage|p1a: Torkoal|22/100
|move|p1a: Torkoal|Eruption|p2a: Incineroar|[spread] p2a,p2b
|-resisted|p2a: Incineroar|1
|-supereffective|p2b: Mamoswine|1
|-enditem|p2b: Mamoswine|Occa Berry|[eat]
|-enditem|p2b: Mamoswine|Occa Berry|[weaken]
|-damage|p2a: Incineroar|92/100
|-damage|p2b: Mamoswine|71/100
|
|-weather|SunnyDay|[upkeep]
|upkeep
|turn|2
|
|t:|1783553846
|move|p1a: Torkoal|Helping Hand|p1b: Vileplume
|-singleturn|p1b: Vileplume|Helping Hand|[of] p1a: Torkoal
|move|p2b: Mamoswine|Protect|p2b: Mamoswine
|-singleturn|p2b: Mamoswine|Protect
|move|p1b: Vileplume|Solar Beam||[still]
|-prepare|p1b: Vileplume|Solar Beam
|-anim|p1b: Vileplume|Solar Beam|p2b: Mamoswine
|-activate|p2b: Mamoswine|move: Protect
|move|p2a: Incineroar|Darkest Lariat|p1a: Torkoal
|-damage|p1a: Torkoal|0 fnt
|faint|p1a: Torkoal
|
|-weather|SunnyDay|[upkeep]
|upkeep
|
|t:|1783553859
|switch|p1a: Mawile|Mawile, L50, M|100/100
|-ability|p1a: Mawile|Intimidate|boost
|-unboost|p2a: Incineroar|atk|1
|-fail|p2b: Mamoswine|unboost|Attack|[from] ability: Oblivious|[of] p2b: Mamoswine
|turn|3
|
|t:|1783553875
|switch|p2b: Farigiraf|Farigiraf, L50, F|100/100
|detailschange|p1a: Mawile|Mawile-Mega, L50, M
|-mega|p1a: Mawile|Mawile|Mawilite
|move|p1a: Mawile|Sucker Punch||[still]
|cant|p2b: Farigiraf|ability: Armor Tail|Sucker Punch|[of] p1a: Mawile
|move|p1b: Vileplume|Sleep Powder|p2a: Incineroar
|-status|p2a: Incineroar|slp|[from] move: Sleep Powder
|cant|p2a: Incineroar|slp
|
|-weather|SunnyDay|[upkeep]
|upkeep
|turn|4
|
|t:|1783553896
|switch|p1b: Sinistcha|Sinistcha, L50|100/100
|move|p2b: Farigiraf|Twin Beam|p1b: Sinistcha
|-damage|p1b: Sinistcha|77/100
|-damage|p1b: Sinistcha|57/100
|-hitcount|p1b: Sinistcha|2
|cant|p2a: Incineroar|slp
|move|p1a: Mawile|Iron Head|p2b: Farigiraf
|-damage|p2b: Farigiraf|29/100
|
|-weather|SunnyDay|[upkeep]
|upkeep
|turn|5
|
|t:|1783553923
|-curestatus|p2a: Incineroar|slp|[msg]
|move|p2a: Incineroar|Parting Shot|p1a: Mawile
|-unboost|p1a: Mawile|atk|1
|-unboost|p1a: Mawile|spa|1
|
|t:|1783553935
|switch|p2a: Gardevoir|Gardevoir, L50, M, shiny|100/100|[from] Parting Shot
|move|p1a: Mawile|Iron Head|p2b: Farigiraf
|-damage|p2b: Farigiraf|0 fnt
|faint|p2b: Farigiraf
|move|p1b: Sinistcha|Trick Room|p1b: Sinistcha
|-fieldstart|move: Trick Room|[of] p1b: Sinistcha
|
|-weather|none
|upkeep
|
|t:|1783553948
|switch|p2b: Incineroar|Incineroar, L50, M|92/100
|-ability|p2b: Incineroar|Intimidate|boost
|-unboost|p1a: Mawile|atk|1
|-unboost|p1b: Sinistcha|atk|1
|turn|6
|
|t:|1783553962
|switch|p1a: Vileplume|Vileplume, L50, M|84/100
|detailschange|p2a: Gardevoir|Gardevoir-Mega, L50, M, shiny
|-mega|p2a: Gardevoir|Gardevoir|Gardevoirite
|move|p2b: Incineroar|Fake Out|p1a: Vileplume
|-damage|p1a: Vileplume|69/100
|move|p1b: Sinistcha|Shadow Ball|p2a: Gardevoir
|-supereffective|p2a: Gardevoir|1
|-damage|p2a: Gardevoir|44/100
|move|p2a: Gardevoir|Psychic|p1b: Sinistcha
|-damage|p1b: Sinistcha|0 fnt
|faint|p1b: Sinistcha
|
|upkeep
|
|t:|1783553975
|switch|p1b: Mawile|Mawile-Mega, L50, M|100/100
|turn|7
|
|t:|1783553993
|move|p2a: Gardevoir|Protect|p2a: Gardevoir
|-singleturn|p2a: Gardevoir|Protect
|move|p1b: Mawile|Play Rough|p2b: Incineroar
|-damage|p2b: Incineroar|8/100
|-enditem|p2b: Incineroar|Sitrus Berry|[eat]
|-heal|p2b: Incineroar|33/100|[from] item: Sitrus Berry
|move|p2b: Incineroar|Flare Blitz|p1a: Vileplume
|-supereffective|p1a: Vileplume|1
|-damage|p1a: Vileplume|0 fnt
|faint|p1a: Vileplume
|-damage|p2b: Incineroar|16/100|[from] Recoil
|
|upkeep
|turn|8
|
|t:|1783554014
|move|p1b: Mawile|Play Rough|p2b: Incineroar
|-damage|p2b: Incineroar|0 fnt
|faint|p2b: Incineroar
|move|p2a: Gardevoir|Hyper Voice|p1b: Mawile
|-resisted|p1b: Mawile|1
|-damage|p1b: Mawile|58/100
|
|upkeep
|
|t:|1783554021
|switch|p2b: Mamoswine|Mamoswine, L50, M|71/100
|turn|9
|
|t:|1783554037
|move|p2b: Mamoswine|Protect|p2b: Mamoswine
|-singleturn|p2b: Mamoswine|Protect
|move|p1b: Mawile|Iron Head|p2b: Mamoswine
|-activate|p2b: Mamoswine|move: Protect
|move|p2a: Gardevoir|Hyper Voice|p1b: Mawile
|-resisted|p1b: Mawile|1
|-damage|p1b: Mawile|19/100
|
|-fieldend|move: Trick Room
|upkeep
|turn|10
|
|t:|1783554049
|move|p1b: Mawile|Sucker Punch|p2a: Gardevoir
|-damage|p2a: Gardevoir|0 fnt
|faint|p2a: Gardevoir
|move|p2b: Mamoswine|High Horsepower|p1b: Mawile
|-supereffective|p1b: Mawile|1
|-damage|p1b: Mawile|0 fnt
|faint|p1b: Mawile
|
|win|Pressinblades
|raw|ricardobrinati's rating: 1071 → 1057(-14 for losing)
|raw|Pressinblades's rating: 1180 → 1197(+17 for winning)
|l|☆ricardobrinati
|player|p1|
