|j|☆testdigi
|j|☆shanekobe23
|html|testdigishanekobe23    
|uhtml|bestof|Game 3 of a best-of-3
|t:|1785774751
|gametype|doubles
|player|p1|testdigi|266|1232
|player|p2|shanekobe23|265|1258
|gen|9
|tier|[Gen 9 Champions] VGC 2026 Reg M-B (Bo3)
|rated|
|rule|Species Clause: Limit one of each Pokémon
|rule|Item Clause: Limit 1 of each item
|clearpoke
|poke|p1|Tyranitar, L50, F|
|poke|p1|Excadrill, L50, F|
|poke|p1|Milotic, L50, F|
|poke|p1|Sinistcha, L50|
|poke|p1|Staraptor, L50, M|
|poke|p1|Gholdengo, L50|
|poke|p2|Delphox, L50, F|
|poke|p2|Incineroar, L50, M|
|poke|p2|Kingambit, L50, M|
|poke|p2|Garchomp, L50, F|
|poke|p2|Floette-Eternal, L50, F|
|poke|p2|Whimsicott, L50, F|
|teampreview|4
|showteam|p1|Tyranitar||Tyranitarite|SandStream|RockSlide,LowKick,KnockOff,Protect|Jolly||F|||50|]Excadrill||FocusSash|SandRush|RockSlide,IronHead,HighHorsepower,Protect|Jolly||F|||50|]Milotic||SitrusBerry|Competitive|Scald,IceBeam,IcyWind,Protect|Calm||F|||50|]Sinistcha||ColburBerry|Hospitality|MatchaGotcha,RagePowder,ShadowBall,TrickRoom|Sassy|||||50|]Staraptor||Staraptite|Intimidate|BraveBird,Tailwind,CloseCombat,Protect|Jolly||M|||50|]Gholdengo||LifeOrb|GoodasGold|MakeItRain,ShadowBall,NastyPlot,Protect|Modest|||||50|
|showteam|p2|Delphox||Delphoxite|Blaze|HeatWave,Psychic,NastyPlot,Protect|Modest||F|||50|]Incineroar||ShucaBerry|Intimidate|FakeOut,ThroatChop,FlareBlitz,PartingShot|Impish||M|||50|]Kingambit||BlackGlasses|Defiant|KowtowCleave,IronHead,SuckerPunch,Protect|Adamant||M|||50|]Garchomp||LifeOrb|RoughSkin|StompingTantrum,DragonClaw,Earthquake,Protect|Adamant||F|||50|]Floette-Eternal||Floettite|FlowerVeil|Moonblast,DazzlingGleam,LightofRuin,Protect|Modest||F|||50|]Whimsicott||FocusSash|Prankster|Moonblast,Tailwind,Encore,Protect|Timid||F|||50|
|inactive|Battle timer is ON: inactive players will automatically lose when time's up. (requested by shanekobe23)
|inactive|testdigi has 60 seconds left.
|
|t:|1785774790
|teamsize|p1|4
|teamsize|p2|4
|start
|switch|p1a: Milotic|Milotic, L50, F|100/100
|switch|p1b: Staraptor|Staraptor, L50, M|100/100
|switch|p2a: Delphox|Delphox, L50, F|100/100
|switch|p2b: Garchomp|Garchomp, L50, F|100/100
|-ability|p1b: Staraptor|Intimidate|boost
|-unboost|p2a: Delphox|atk|1
|-unboost|p2b: Garchomp|atk|1
|turn|1
|
|t:|1785774807
|detailschange|p2a: Delphox|Delphox-Mega, L50, F
|-mega|p2a: Delphox|Delphox|Delphoxite
|move|p1b: Staraptor|Tailwind|p1b: Staraptor
|-sidestart|p1: testdigi|move: Tailwind
|move|p1a: Milotic|Scald|p2a: Delphox
|-supereffective|p2a: Delphox|1
|-damage|p2a: Delphox|43/100
|move|p2a: Delphox|Psychic|p1b: Staraptor
|-damage|p1b: Staraptor|24/100
|-unboost|p1b: Staraptor|spd|1
|move|p2b: Garchomp|Earthquake|p1b: Staraptor|[spread] p1a
|-immune|p2a: Delphox|[from] ability: Levitate
|-immune|p1b: Staraptor
|-damage|p1a: Milotic|67/100
|-damage|p2b: Garchomp|90/100|[from] item: Life Orb
|
|upkeep
|turn|2
|inactive|shanekobe23 has 30 seconds left.
|inactive|testdigi has 30 seconds left.
|
|t:|1785774844
|switch|p2a: Kingambit|Kingambit, L50, M|100/100
|switch|p2b: Whimsicott|Whimsicott, L50, F|100/100
|move|p1b: Staraptor|Brave Bird|p2a: Kingambit
|-resisted|p2a: Kingambit|1
|-damage|p2a: Kingambit|82/100
|-damage|p1b: Staraptor|17/100|[from] Recoil
|move|p1a: Milotic|Ice Beam|p2b: Whimsicott
|-supereffective|p2b: Whimsicott|1
|-damage|p2b: Whimsicott|24/100
|
|upkeep
|turn|3
|inactive|shanekobe23 has 30 seconds left.
|
|t:|1785774870
|move|p1b: Staraptor|Protect|p1b: Staraptor
|-singleturn|p1b: Staraptor|Protect
|move|p2b: Whimsicott|Tailwind|p2b: Whimsicott
|-sidestart|p2: shanekobe23|move: Tailwind
|move|p1a: Milotic|Scald|p2a: Kingambit
|-damage|p2a: Kingambit|50/100g
|move|p2a: Kingambit|Kowtow Cleave|p1b: Staraptor
|-activate|p1b: Staraptor|move: Protect
|
|upkeep
|turn|4
|
|t:|1785774886
|switch|p1b: Tyranitar|Tyranitar, L50, F|100/100
|-weather|Sandstorm|[from] ability: Sand Stream|[of] p1b: Tyranitar
|move|p2b: Whimsicott|Moonblast|p1b: Tyranitar
|-supereffective|p1b: Tyranitar|1
|-damage|p1b: Tyranitar|51/100
|move|p1a: Milotic|Scald|p2a: Kingambit
|-damage|p2a: Kingambit|19/100
|move|p2a: Kingambit|Kowtow Cleave|p1b: Tyranitar
|-resisted|p1b: Tyranitar|1
|-damage|p1b: Tyranitar|26/100
|
|-weather|Sandstorm|[upkeep]
|-damage|p2b: Whimsicott|18/100|[from] Sandstorm
|-damage|p1a: Milotic|61/100|[from] Sandstorm
|-sideend|p1: testdigi|move: Tailwind
|upkeep
|turn|5
|
|t:|1785774908
|detailschange|p1b: Tyranitar|Tyranitar-Mega, L50, F
|-mega|p1b: Tyranitar|Tyranitar|Tyranitarite
|move|p2a: Kingambit|Sucker Punch|p1a: Milotic
|-damage|p1a: Milotic|14/100
|-enditem|p1a: Milotic|Sitrus Berry|[eat]
|-heal|p1a: Milotic|39/100|[from] item: Sitrus Berry
|move|p2b: Whimsicott|Moonblast|p1b: Tyranitar
|-supereffective|p1b: Tyranitar|1
|-damage|p1b: Tyranitar|0 fnt
|faint|p1b: Tyranitar
|move|p1a: Milotic|Scald|p2a: Kingambit
|-damage|p2a: Kingambit|0 fnt
|faint|p2a: Kingambit
|
|-weather|Sandstorm|[upkeep]
|-damage|p2b: Whimsicott|12/100|[from] Sandstorm
|-damage|p1a: Milotic|33/100|[from] Sandstorm
|upkeep
|
|t:|1785774922
|switch|p1b: Sinistcha|Sinistcha, L50|100/100
|switch|p2a: Delphox|Delphox-Mega, L50, F|43/100
|-heal|p1a: Milotic|58/100|[from] ability: Hospitality|[of] p1b: Sinistcha
|turn|6
|
|t:|1785774941
|move|p2b: Whimsicott|Moonblast|p1a: Milotic
|-damage|p1a: Milotic|33/100
|-unboost|p1a: Milotic|spa|1
|-ability|p1a: Milotic|Competitive|boost
|-boost|p1a: Milotic|spa|2
|move|p2a: Delphox|Heat Wave|p1b: Sinistcha|[spread] p1a,p1b
|-resisted|p1a: Milotic|1
|-supereffective|p1b: Sinistcha|1
|-damage|p1a: Milotic|20/100y
|-damage|p1b: Sinistcha|30/100
|move|p1a: Milotic|Icy Wind|p2b: Whimsicott|[spread] p2a,p2b
|-resisted|p2a: Delphox|1
|-supereffective|p2b: Whimsicott|1
|-crit|p2b: Whimsicott
|-damage|p2a: Delphox|36/100
|-damage|p2b: Whimsicott|0 fnt
|-unboost|p2a: Delphox|spe|1
|faint|p2b: Whimsicott
|move|p1b: Sinistcha|Matcha Gotcha|p2a: Delphox
|-resisted|p2a: Delphox|1
|-damage|p2a: Delphox|24/100
|-heal|p1b: Sinistcha|36/100|[from] drain|[of] p2a: Delphox
|
|-weather|Sandstorm|[upkeep]
|-damage|p2a: Delphox|18/100|[from] Sandstorm
|-damage|p1a: Milotic|14/100|[from] Sandstorm
|-damage|p1b: Sinistcha|30/100|[from] Sandstorm
|-sideend|p2: shanekobe23|move: Tailwind
|upkeep
|
|t:|1785774953
|switch|p2b: Garchomp|Garchomp, L50, F|90/100
|turn|7
|
|t:|1785774965
|switch|p1b: Staraptor|Staraptor, L50, M|17/100
|-ability|p1b: Staraptor|Intimidate|boost
|-unboost|p2a: Delphox|atk|1
|-unboost|p2b: Garchomp|atk|1
|move|p1a: Milotic|Protect|p1a: Milotic
|-singleturn|p1a: Milotic|Protect
|move|p2b: Garchomp|Earthquake|p1a: Milotic|[spread] 
|-activate|p1a: Milotic|move: Protect
|-immune|p2a: Delphox|[from] ability: Levitate
|-immune|p1b: Staraptor
|move|p2a: Delphox|Heat Wave|p1a: Milotic|[spread] 
|-activate|p1a: Milotic|move: Protect
|-miss|p2a: Delphox|p1b: Staraptor
|
|-weather|Sandstorm|[upkeep]
|-damage|p1b: Staraptor|12/100|[from] Sandstorm
|-damage|p2a: Delphox|12/100|[from] Sandstorm
|-damage|p1a: Milotic|8/100|[from] Sandstorm
|upkeep
|turn|8
|
|t:|1785774983
|move|p2a: Delphox|Protect|p2a: Delphox
|-singleturn|p2a: Delphox|Protect
|move|p1b: Staraptor|Tailwind|p1b: Staraptor
|-sidestart|p1: testdigi|move: Tailwind
|move|p1a: Milotic|Icy Wind|p2a: Delphox|[spread] p2b
|-activate|p2a: Delphox|move: Protect
|-supereffective|p2b: Garchomp|2
|-damage|p2b: Garchomp|37/100
|-unboost|p2b: Garchomp|spe|1
|move|p2b: Garchomp|Stomping Tantrum|p1a: Milotic
|-damage|p1a: Milotic|0 fnt
|faint|p1a: Milotic
|-damage|p2b: Garchomp|27/100|[from] item: Life Orb
|
|-weather|none
|upkeep
|
|t:|1785774986
|switch|p1a: Sinistcha|Sinistcha, L50|30/100
|-heal|p1b: Staraptor|36/100|[from] ability: Hospitality|[of] p1a: Sinistcha
|turn|9
|
|t:|1785775001
|move|p1b: Staraptor|Brave Bird|p2b: Garchomp
|-damage|p2b: Garchomp|0 fnt
|-damage|p1b: Staraptor|24/100|[from] ability: Rough Skin|[of] p2b: Garchomp
|faint|p2b: Garchomp
|-damage|p1b: Staraptor|15/100|[from] Recoil
|move|p1a: Sinistcha|Shadow Ball|p2a: Delphox
|-supereffective|p2a: Delphox|1
|-damage|p2a: Delphox|0 fnt
|faint|p2a: Delphox
|
|win|testdigi
