|j|☆Kurolax
|j|☆AnotherDreamer
|html|KurolaxAnotherDreamer    
|uhtml|bestof|Game 3 of a best-of-3
|t:|1756413326
|gametype|doubles
|player|p1|Kurolax|102|1091
|player|p2|AnotherDreamer|266|1125
|gen|9
|tier|[Gen 9] VGC 2025 Reg H (Bo3)
|rated|
|rule|Species Clause: Limit one of each Pokémon
|rule|Item Clause: Limit 1 of each item
|clearpoke
|poke|p1|Volcarona, L50, F|
|poke|p1|Tyranitar, L50, F|
|poke|p1|Rillaboom, L50, F|
|poke|p1|Primarina, L50, F|
|poke|p1|Sneasler, L50, M|
|poke|p1|Dragonite, L50, M|
|poke|p2|Archaludon, L50, M|
|poke|p2|Pelipper, L50, F|
|poke|p2|Basculegion, L50, M|
|poke|p2|Amoonguss, L50, M|
|poke|p2|Rillaboom, L50, M|
|poke|p2|Gholdengo, L50|
|teampreview|4
|showteam|p1|Volcarona||GrassySeed|FlameBody|QuiverDance,HeatWave,TeraBlast,BugBuzz|||F|||50|,,,,,Fairy]Tyranitar||AssaultVest|SandStream|RockSlide,KnockOff,TeraBlast,LowKick|||F|||50|,,,,,Flying]Rillaboom||MiracleSeed|GrassySurge|KnockOff,Uturn,GrassyGlide,FakeOut|||F|||50|,,,,,Grass]Primarina||SitrusBerry|LiquidVoice|HyperVoice,Moonblast,CalmMind,Protect|||F|||50|,,,,,Poison]Sneasler||WhiteHerb|Unburden|DireClaw,FakeOut,ThroatChop,CloseCombat|||M|||50|,,,,,Dark]Dragonite||ClearAmulet|Multiscale|Tailwind,Haze,StompingTantrum,IceSpinner|||M|||50|,,,,,Fairy
|showteam|p2|Archaludon||AssaultVest|Stamina|DragonPulse,ElectroShot,FlashCannon,BodyPress|||M|||50|,,,,,Bug]Pelipper||FocusSash|Drizzle|WeatherBall,Hurricane,Tailwind,Protect|||F|||50|,,,,,Ground]Basculegion||ChoiceBand|SwiftSwim|WaveCrash,LastRespects,AquaJet,FlipTurn|||M|||50|,,,,,Grass]Amoonguss||CovertCloak|Regenerator|PollenPuff,RagePowder,Spore,Protect|||M|||50|,,,,,Water]Rillaboom||RockyHelmet|GrassySurge|FakeOut,DrainPunch,Uturn,GrassyGlide|||M|||50|,,,,,Fire]Gholdengo||LifeOrb|GoodasGold|MakeItRain,ShadowBall,NastyPlot,Protect||||||50|,,,,,Water
|inactive|Battle timer is ON: inactive players will automatically lose when time's up. (requested by AnotherDreamer)
|inactive|Kurolax has 60 seconds left.
|inactive|AnotherDreamer has 60 seconds left.
|
|t:|1756413373
|teamsize|p1|4
|teamsize|p2|4
|start
|switch|p1a: Rillaboom|Rillaboom, L50, F|100/100
|switch|p1b: Volcarona|Volcarona, L50, F|100/100
|switch|p2a: Archaludon|Archaludon, L50, M|100/100
|switch|p2b: Basculegion|Basculegion, L50, M|100/100
|-fieldstart|move: Grassy Terrain|[from] ability: Grassy Surge|[of] p1a: Rillaboom
|-enditem|p1b: Volcarona|Grassy Seed
|-boost|p1b: Volcarona|def|1|[from] item: Grassy Seed
|turn|1
|inactive|AnotherDreamer has 30 seconds left.
|
|t:|1756413409
|-terastallize|p1b: Volcarona|Fairy
|move|p1a: Rillaboom|Grassy Glide|p2b: Basculegion
|-supereffective|p2b: Basculegion
|-damage|p2b: Basculegion|0 fnt
|faint|p2b: Basculegion
|move|p1b: Volcarona|Quiver Dance|p1b: Volcarona
|-boost|p1b: Volcarona|spa|1
|-boost|p1b: Volcarona|spd|1
|-boost|p1b: Volcarona|spe|1
|move|p2a: Archaludon|Electro Shot||[still]
|-prepare|p2a: Archaludon|Electro Shot
|-boost|p2a: Archaludon|spa|1
|
|upkeep
|
|t:|1756413415
|switch|p2b: Pelipper|Pelipper, L50, F|100/100
|-weather|RainDance|[from] ability: Drizzle|[of] p2b: Pelipper
|turn|2
|
|t:|1756413425
|switch|p1a: Tyranitar|Tyranitar, L50, F|100/100
|-weather|Sandstorm|[from] ability: Sand Stream|[of] p1a: Tyranitar
|move|p1b: Volcarona|Heat Wave|p2b: Pelipper|[spread] p2a,p2b
|-resisted|p2b: Pelipper
|-damage|p2a: Archaludon|55/100
|-damage|p2b: Pelipper|53/100
|-ability|p2a: Archaludon|Stamina|boost
|-boost|p2a: Archaludon|def|1
|move|p2b: Pelipper|Weather Ball|p1b: Volcarona
|-damage|p1b: Volcarona|79/100
|move|p2a: Archaludon|Electro Shot|p1b: Volcarona|[from] lockedmove
|-damage|p1b: Volcarona|37/100
|
|-weather|Sandstorm|[upkeep]
|-damage|p1b: Volcarona|31/100|[from] Sandstorm
|-damage|p2b: Pelipper|47/100|[from] Sandstorm
|-heal|p1b: Volcarona|37/100|[from] Grassy Terrain
|-heal|p2a: Archaludon|61/100|[from] Grassy Terrain
|upkeep
|turn|3
|inactive|AnotherDreamer has 30 seconds left.
|
|t:|1756413450
|move|p2b: Pelipper|Protect|p2b: Pelipper
|-singleturn|p2b: Pelipper|Protect
|move|p1b: Volcarona|Tera Blast|p2a: Archaludon|[anim] Tera Blast Fairy
|-damage|p2a: Archaludon|11/100
|-ability|p2a: Archaludon|Stamina|boost
|-boost|p2a: Archaludon|def|1
|move|p2a: Archaludon|Flash Cannon|p1b: Volcarona
|-supereffective|p1b: Volcarona
|-damage|p1b: Volcarona|0 fnt
|faint|p1b: Volcarona
|move|p1a: Tyranitar|Rock Slide|p2b: Pelipper|[spread] 
|-activate|p2b: Pelipper|move: Protect
|-miss|p1a: Tyranitar|p2a: Archaludon
|
|-weather|Sandstorm|[upkeep]
|-damage|p2b: Pelipper|41/100|[from] Sandstorm
|-heal|p2a: Archaludon|18/100|[from] Grassy Terrain
|upkeep
|
|t:|1756413457
|switch|p1b: Rillaboom|Rillaboom, L50, F|100/100
|turn|4
|
|t:|1756413468
|switch|p2b: Rillaboom|Rillaboom, L50, M|100/100
|move|p1b: Rillaboom|Fake Out|p2a: Archaludon
|-resisted|p2a: Archaludon
|-damage|p2a: Archaludon|15/100
|-ability|p2a: Archaludon|Stamina|boost
|-boost|p2a: Archaludon|def|1
|cant|p2a: Archaludon|flinch
|move|p1a: Tyranitar|Rock Slide|p2b: Rillaboom|[spread] p2a,p2b
|-resisted|p2a: Archaludon
|-damage|p2a: Archaludon|11/100
|-damage|p2b: Rillaboom|77/100
|-ability|p2a: Archaludon|Stamina|boost
|-boost|p2a: Archaludon|def|1
|
|-weather|Sandstorm|[upkeep]
|-damage|p1b: Rillaboom|94/100|[from] Sandstorm
|-damage|p2b: Rillaboom|71/100|[from] Sandstorm
|-heal|p1b: Rillaboom|100/100|[from] Grassy Terrain
|-heal|p2b: Rillaboom|77/100|[from] Grassy Terrain
|-heal|p2a: Archaludon|17/100|[from] Grassy Terrain
|upkeep
|turn|5
|inactive|Kurolax has 30 seconds left.
|inactive|AnotherDreamer has 30 seconds left.
|inactive|AnotherDreamer has 20 seconds left.
|
|t:|1756413505
|move|p2b: Rillaboom|Drain Punch|p1a: Tyranitar
|-supereffective|p1a: Tyranitar
|-damage|p1a: Tyranitar|28/100
|-heal|p2b: Rillaboom|100/100|[from] drain|[of] p1a: Tyranitar
|move|p1b: Rillaboom|U-turn|p2b: Rillaboom
|-supereffective|p2b: Rillaboom
|-damage|p2b: Rillaboom|55/100
|-damage|p1b: Rillaboom|84/100|[from] item: Rocky Helmet|[of] p2b: Rillaboom
|
|t:|1756413515
|switch|p1b: Sneasler|Sneasler, L50, M|100/100|[from] U-turn
|move|p2a: Archaludon|Body Press|p1b: Sneasler
|-resisted|p1b: Sneasler
|-damage|p1b: Sneasler|30/100
|move|p1a: Tyranitar|Tera Blast|p2a: Archaludon
|-resisted|p2a: Archaludon
|-damage|p2a: Archaludon|10/100
|-ability|p2a: Archaludon|Stamina|boost
|-boost|p2a: Archaludon|def|1
|
|-weather|Sandstorm|[upkeep]
|-damage|p1b: Sneasler|24/100|[from] Sandstorm
|-damage|p2b: Rillaboom|50/100|[from] Sandstorm
|-heal|p1b: Sneasler|30/100|[from] Grassy Terrain
|-heal|p2b: Rillaboom|55/100|[from] Grassy Terrain
|-heal|p2a: Archaludon|17/100|[from] Grassy Terrain
|-heal|p1a: Tyranitar|34/100|[from] Grassy Terrain
|-fieldend|move: Grassy Terrain
|upkeep
|turn|6
|
|t:|1756413529
|switch|p2b: Pelipper|Pelipper, L50, F|41/100
|-weather|RainDance|[from] ability: Drizzle|[of] p2b: Pelipper
|move|p1b: Sneasler|Close Combat|p2a: Archaludon
|-supereffective|p2a: Archaludon
|-damage|p2a: Archaludon|0 fnt
|-unboost|p1b: Sneasler|def|1
|-unboost|p1b: Sneasler|spd|1
|faint|p2a: Archaludon
|-enditem|p1b: Sneasler|White Herb
|-clearnegativeboost|p1b: Sneasler|[silent]
|move|p1a: Tyranitar|Rock Slide|p2b: Pelipper
|-supereffective|p2b: Pelipper
|-damage|p2b: Pelipper|0 fnt
|faint|p2b: Pelipper
|
|-weather|RainDance|[upkeep]
|upkeep
|
|t:|1756413532
|switch|p2b: Rillaboom|Rillaboom, L50, M|55/100
|-fieldstart|move: Grassy Terrain|[from] ability: Grassy Surge|[of] p2b: Rillaboom
|turn|7
|
|t:|1756413542
|switch|p1a: Rillaboom|Rillaboom, L50, F|84/100
|move|p2b: Rillaboom|Grassy Glide|p1b: Sneasler
|-resisted|p1b: Sneasler
|-damage|p1b: Sneasler|0 fnt
|faint|p1b: Sneasler
|
|-weather|RainDance|[upkeep]
|-heal|p1a: Rillaboom|90/100|[from] Grassy Terrain
|-heal|p2b: Rillaboom|61/100|[from] Grassy Terrain
|upkeep
|
|t:|1756413544
|switch|p1b: Tyranitar|Tyranitar, L50, F|34/100
|-weather|Sandstorm|[from] ability: Sand Stream|[of] p1b: Tyranitar
|turn|8
|
|t:|1756413558
|move|p1a: Rillaboom|Fake Out|p2b: Rillaboom
|-damage|p2b: Rillaboom|48/100
|-damage|p1a: Rillaboom|74/100|[from] item: Rocky Helmet|[of] p2b: Rillaboom
|cant|p2b: Rillaboom|flinch
|move|p1b: Tyranitar|Knock Off|p2b: Rillaboom
|-damage|p2b: Rillaboom|6/100
|-damage|p1b: Tyranitar|18/100|[from] item: Rocky Helmet|[of] p2b: Rillaboom
|-enditem|p2b: Rillaboom|Rocky Helmet|[from] move: Knock Off|[of] p1b: Tyranitar
|
|-weather|Sandstorm|[upkeep]
|-damage|p1a: Rillaboom|68/100|[from] Sandstorm
|-damage|p2b: Rillaboom|0 fnt|[from] Sandstorm
|faint|p2b: Rillaboom
|
|win|Kurolax
|raw|Kurolax's rating: 1091 → 1120(+29 for winning)
|raw|AnotherDreamer's rating: 1125 → 1098(-27 for losing)
|l|☆AnotherDreamer
|player|p2|
