|j|☆xxhead-witchxx
|j|☆PizzaSanwitch
|html|xxhead-witchxxPizzaSanwitch    
|uhtml|bestof|Game 2 of a best-of-3
|t:|1786141225
|gametype|doubles
|player|p1|xxhead-witchxx|bellelba|1000
|player|p2|PizzaSanwitch|266|1117
|gen|9
|tier|[Gen 9 Champions] VGC 2026 Reg M-B (Bo3)
|rated|
|rule|Species Clause: Limit one of each Pokémon
|rule|Item Clause: Limit 1 of each item
|clearpoke
|poke|p1|Chandelure, L50, M, shiny|
|poke|p1|Whimsicott, L50, M, shiny|
|poke|p1|Weavile, L50, F, shiny|
|poke|p1|Meowstic, L50, M|
|poke|p1|Swampert, L50, M|
|poke|p1|Gardevoir, L50, F, shiny|
|poke|p2|Pelipper, L50, F|
|poke|p2|Archaludon, L50, F|
|poke|p2|Basculegion, L50, M|
|poke|p2|Grimmsnarl, L50, M|
|poke|p2|Charizard, L50, M|
|poke|p2|Metagross, L50|
|teampreview|4
|showteam|p1|Chandelure||Chandelurite|FlashFire|TrickRoom,HeatWave,Protect,ShadowBall|Timid||M|||50|]Whimsicott||FocusSash|Prankster|Tailwind,SunnyDay,DazzlingGleam,WorrySeed|Timid||M|||50|]Weavile||WhiteHerb|Pickpocket|FakeOut,BrickBreak,ThroatChop,UpperHand|Jolly||F|||50|]Meowstic||ExpertBelt|Prankster|ExpandingForce,RainDance,QuickGuard,PsychicTerrain|Timid||M|||50|]Swampert||Swampertite|Torrent|WaveCrash,Surf,Roar,Earthquake|Naive||M|||50|]Gardevoir||Gardevoirite|Synchronize|HyperVoice,ExpandingForce,Protect,Thunderbolt|Modest||F|||50|
|showteam|p2|Pelipper||SitrusBerry|Drizzle|WeatherBall,Hurricane,Tailwind,Protect|Modest||F|||50|]Archaludon||Leftovers|Stamina|ElectroShot,FlashCannon,DragonPulse,Protect|Modest||F|||50|]Basculegion||ChoiceScarf|Adaptability|WaveCrash,LastRespects,AquaJet,FlipTurn|Jolly||M|||50|]Grimmsnarl||LightClay|Prankster|SpiritBreak,Reflect,LightScreen,PartingShot|Sassy||M|||50|]Charizard||CharizarditeY|SolarPower|HeatWave,WeatherBall,Hurricane,Protect|Modest||M|||50|]Metagross||Metagrossite|ClearBody|HardPress,PsychicFangs,BodyPress,Protect|Adamant|||||50|
|inactive|Battle timer is ON: inactive players will automatically lose when time's up. (requested by xxhead-witchxx)
|
|t:|1786141280
|teamsize|p1|4
|teamsize|p2|4
|start
|switch|p1a: Weavile|Weavile, L50, F, shiny|100/100
|switch|p1b: Meowstic|Meowstic, L50, M|100/100
|switch|p2a: Basculegion|Basculegion, L50, M|100/100
|switch|p2b: Charizard|Charizard, L50, M|100/100
|turn|1
|inactive|PizzaSanwitch has 30 seconds left.
|
|t:|1786141306
|detailschange|p2b: Charizard|Charizard-Mega-Y, L50, M
|-mega|p2b: Charizard|Charizard|Charizardite Y
|-weather|SunnyDay|[from] ability: Drought|[of] p2b: Charizard
|move|p1a: Weavile|Fake Out|p2b: Charizard
|-damage|p2b: Charizard|84/100
|move|p1b: Meowstic|Psychic Terrain|p1b: Meowstic
|-fieldstart|move: Psychic Terrain
|move|p2a: Basculegion|Flip Turn|p1a: Weavile
|-crit|p1a: Weavile
|-damage|p1a: Weavile|53/100
|
|t:|1786141328
|switch|p2a: Pelipper|Pelipper, L50, F|100/100|[from] Flip Turn
|-weather|RainDance|[from] ability: Drizzle|[of] p2a: Pelipper
|cant|p2b: Charizard|flinch
|
|-weather|RainDance|[upkeep]
|upkeep
|turn|2
|inactive|PizzaSanwitch has 30 seconds left.
|
|t:|1786141360
|switch|p2a: Archaludon|Archaludon, L50, F|100/100
|move|p1a: Weavile|Throat Chop|p2a: Archaludon
|-damage|p2a: Archaludon|72/100
|-start|p2a: Archaludon|Throat Chop|[silent]
|-ability|p2a: Archaludon|Stamina|boost
|-boost|p2a: Archaludon|def|1
|move|p1b: Meowstic|Expanding Force|p2b: Charizard|[spread] p2a,p2b
|-resisted|p2a: Archaludon|1
|-damage|p2a: Archaludon|55/100
|-damage|p2b: Charizard|50/100g
|-ability|p2a: Archaludon|Stamina|boost
|-boost|p2a: Archaludon|def|1
|move|p2b: Charizard|Weather Ball|p1a: Weavile
|-damage|p1a: Weavile|0 fnt
|faint|p1a: Weavile
|
|-weather|RainDance|[upkeep]
|-heal|p2a: Archaludon|61/100|[from] item: Leftovers
|upkeep
|
|t:|1786141379
|switch|p1a: Devoír|Gardevoir, L50, F, shiny|100/100
|turn|3
|
|t:|1786141403
|detailschange|p1a: Devoír|Gardevoir-Mega, L50, F, shiny
|-mega|p1a: Devoír|Gardevoir|Gardevoirite
|move|p2b: Charizard|Protect|p2b: Charizard
|-singleturn|p2b: Charizard|Protect
|move|p2a: Archaludon|Protect|p2a: Archaludon
|-singleturn|p2a: Archaludon|Protect
|move|p1b: Meowstic|Expanding Force|p2a: Archaludon|[spread] 
|-activate|p2a: Archaludon|move: Protect
|-activate|p2b: Charizard|move: Protect
|move|p1a: Devoír|Hyper Voice|p2b: Charizard|[spread] 
|-activate|p2a: Archaludon|move: Protect
|-activate|p2b: Charizard|move: Protect
|
|-weather|RainDance|[upkeep]
|-heal|p2a: Archaludon|67/100|[from] item: Leftovers
|-end|p2a: Archaludon|Throat Chop|[silent]
|upkeep
|turn|4
|inactive|xxhead-witchxx has 30 seconds left.
|inactive|PizzaSanwitch has 30 seconds left.
|inactive|PizzaSanwitch has 20 seconds left.
|inactive|PizzaSanwitch has 15 seconds left.
|
|t:|1786141446
|move|p1b: Meowstic|Expanding Force|p2a: Archaludon|[spread] p2a,p2b
|-resisted|p2a: Archaludon|1
|-damage|p2a: Archaludon|48/100
|-damage|p2b: Charizard|17/100
|-ability|p2a: Archaludon|Stamina|boost
|-boost|p2a: Archaludon|def|1
|move|p1a: Devoír|Hyper Voice|p2a: Archaludon|[spread] p2a,p2b
|-resisted|p2b: Charizard|1
|-damage|p2a: Archaludon|0 fnt
|-damage|p2b: Charizard|0 fnt
|faint|p2a: Archaludon
|faint|p2b: Charizard
|
|-weather|RainDance|[upkeep]
|upkeep
|
|t:|1786141456
|switch|p2b: Pelipper|Pelipper, L50, F|100/100
|switch|p2a: Basculegion|Basculegion, L50, M|100/100
|turn|5
|inactive|xxhead-witchxx has 30 seconds left.
|inactive|PizzaSanwitch has 30 seconds left.
|
|t:|1786141489
|move|p1a: Devoír|Protect|p1a: Devoír
|-singleturn|p1a: Devoír|Protect
|move|p2b: Pelipper|Protect|p2b: Pelipper
|-singleturn|p2b: Pelipper|Protect
|move|p2a: Basculegion|Last Respects|p1a: Devoír
|-activate|p1a: Devoír|move: Protect
|move|p1b: Meowstic|Expanding Force|p2b: Pelipper|[spread] p2a
|-activate|p2b: Pelipper|move: Protect
|-damage|p2a: Basculegion|51/100
|
|-weather|none
|-fieldend|move: Psychic Terrain
|upkeep
|turn|6
|inactive|xxhead-witchxx has 30 seconds left.
|
|t:|1786141518
|switch|p1a: Whimsicott|Whimsicott, L50, M, shiny|100/100
|move|p1b: Meowstic|Psychic Terrain|p1b: Meowstic
|-fieldstart|move: Psychic Terrain
|move|p2a: Basculegion|Last Respects|p1a: Whimsicott
|-enditem|p1a: Whimsicott|Focus Sash
|-damage|p1a: Whimsicott|1/100
|move|p2b: Pelipper|Tailwind|p2b: Pelipper
|-sidestart|p2: PizzaSanwitch|move: Tailwind
|
|upkeep
|turn|7
|
|t:|1786141540
|move|p1a: Whimsicott|Tailwind|p1a: Whimsicott
|-sidestart|p1: xxhead-witchxx|move: Tailwind
|move|p2a: Basculegion|Last Respects|p1b: Meowstic
|-supereffective|p1b: Meowstic|1
|-damage|p1b: Meowstic|0 fnt
|faint|p1b: Meowstic
|move|p2b: Pelipper|Weather Ball|p1a: Whimsicott
|-damage|p1a: Whimsicott|0 fnt
|faint|p1a: Whimsicott
|
|upkeep
|-message|xxhead-witchxx forfeited.
|
|win|PizzaSanwitch
|raw|xxhead-witchxx's rating: 1000 → 1000(+0 for losing)
|raw|PizzaSanwitch's rating: 1117 → 1134(+17 for winning)
|l|☆xxhead-witchxx
|player|p1|
