|j|☆Coban7
|j|☆gundnub
|html|Coban7gundnub    
|uhtml|bestof|Game 2 of a best-of-3
|t:|1783362600
|gametype|doubles
|player|p1|Coban7|1|
|player|p2|gundnub|pokemonranger-gen4|
|gen|9
|tier|[Gen 9 Champions] VGC 2026 Reg M-B (Bo3)
|rule|Species Clause: Limit one of each Pokémon
|rule|Item Clause: Limit 1 of each item
|clearpoke
|poke|p1|Umbreon, L50, M, shiny|
|poke|p1|Hippowdon, L50, M|
|poke|p1|Lucario, L50, M|
|poke|p1|Ariados, L50, M|
|poke|p1|Lycanroc, L50, F, shiny|
|poke|p1|Houndstone, L50, M|
|poke|p2|Pidgeot, L50, F|
|poke|p2|Krookodile, L50, F|
|poke|p2|Floette-Eternal, L50, F|
|poke|p2|Toxicroak, L50, F|
|poke|p2|Chandelure, L50, F|
|poke|p2|Goodra-Hisui, L50, F|
|teampreview|4
|showteam|p1|Umbreon||Leftovers|InnerFocus|FoulPlay,Wish,Toxic,Protect|Bold||M|||50|]Hippowdon||SitrusBerry|SandStream|Earthquake,SandTomb,SlackOff,Protect|Brave||M|||50|]Lucario||Lucarionite|InnerFocus|AuraSphere,VacuumWave,Protect,FlashCannon|Timid||M|||50|]Ariados||OccaBerry|Insomnia|Infestation,KnockOff,RagePowder,Protect|Impish||M|||50|]Lycanroc||FocusSash|SandRush|RockSlide,Endeavor,Accelerock,Protect|Adamant||F|||50|]Houndstone||ColburBerry|SandRush|LastRespects,ShadowSneak,BodyPress,Protect|Adamant||M|||50|
|showteam|p2|Pidgeot||Pidgeotite|BigPecks|Protect,Hurricane,HeatWave,Tailwind|Timid||F|||50|]Krookodile||RoseliBerry|Intimidate|IronHead,HighHorsepower,LashOut,Earthquake|Adamant||F|||50|]Floette-Eternal||LifeOrb|FlowerVeil|Protect,Moonblast,DazzlingGleam,LightofRuin|Modest||F|||50|]Toxicroak||FocusSash|DrySkin|Protect,PoisonJab,CloseCombat,FakeOut|Jolly||F|||50|]Chandelure||Chandelurite|FlashFire|Protect,HeatWave,ShadowBall,TrickRoom|Modest||F|||50|]Goodra-Hisui||ExpertBelt|ShellArmor|BodyPress,DragonPulse,HeavySlam,Thunderbolt|Sassy||F|||50|
|inactive|Battle timer is ON: inactive players will automatically lose when time's up. (requested by gundnub)
|
|t:|1783362618
|teamsize|p1|4
|teamsize|p2|4
|start
|switch|p1a: Hippowdon|Hippowdon, L50, M|100/100
|switch|p1b: Lycanroc|Lycanroc, L50, F, shiny|100/100
|switch|p2a: Floette|Floette-Eternal, L50, F|100/100
|switch|p2b: Krookodile|Krookodile, L50, F|100/100
|-ability|p2b: Krookodile|Intimidate|boost
|-unboost|p1a: Hippowdon|atk|1
|-unboost|p1b: Lycanroc|atk|1
|-weather|Sandstorm|[from] ability: Sand Stream|[of] p1a: Hippowdon
|turn|1
|inactive|Coban7 has 30 seconds left.
|inactive|gundnub has 30 seconds left.
|l|☆Coban7
|inactive|Coban7 disconnected and has 300 seconds to reconnect!
|player|p1|
|j|☆Coban7
|inactive|Coban7 reconnected and has 30 seconds left.
|player|p1|Coban7|1|
|inactive|gundnub has 20 seconds left.
|inactive|Coban7 has 20 seconds left.
|inactive|gundnub has 15 seconds left.
|inactive|Coban7 has 15 seconds left.
|inactive|gundnub has 10 seconds left.
|inactive|Coban7 has 10 seconds left.
|inactive|Coban7 has 5 seconds left.
|
|t:|1783362674
|move|p1b: Lycanroc|Rock Slide|p2a: Floette|[spread] p2a,p2b
|-resisted|p2b: Krookodile|1
|-damage|p2a: Floette|69/100
|-damage|p2b: Krookodile|90/100
|move|p2a: Floette|Light of Ruin|p1a: Hippowdon
|-crit|p1a: Hippowdon
|-damage|p1a: Hippowdon|0 fnt
|faint|p1a: Hippowdon
|-damage|p2a: Floette|1/100|[from] Recoil
|-damage|p2a: Floette|0 fnt|[from] item: Life Orb
|faint|p2a: Floette
|cant|p2b: Krookodile|flinch
|
|-weather|Sandstorm|[upkeep]
|upkeep
|inactive|Coban7 has 30 seconds left.
|
|t:|1783362703
|switch|p2a: Toxicroak|Toxicroak, L50, F|100/100
|switch|p1a: Lucario|Lucario, L50, M|100/100
|turn|2
|inactive|gundnub has 30 seconds left.
|
|t:|1783362737
|switch|p1b: Umbreon|Umbreon, L50, M, shiny|100/100
|switch|p2b: Pidgeot|Pidgeot, L50, F|100/100
|move|p1a: Lucario|Protect|p1a: Lucario
|-singleturn|p1a: Lucario|Protect
|move|p2a: Toxicroak|Close Combat|p1a: Lucario
|-activate|p1a: Lucario|move: Protect
|
|-weather|Sandstorm|[upkeep]
|-damage|p2b: Pidgeot|94/100|[from] Sandstorm
|-damage|p2a: Toxicroak|93/100|[from] Sandstorm
|-damage|p1b: Umbreon|94/100|[from] Sandstorm
|-heal|p1b: Umbreon|100/100|[from] item: Leftovers
|upkeep
|turn|3
|inactive|Coban7 has 30 seconds left.
|inactive|Coban7 has 20 seconds left.
|inactive|Coban7 has 15 seconds left.
|inactive|gundnub has 30 seconds left.
|
|t:|1783362784
|detailschange|p2b: Pidgeot|Pidgeot-Mega, L50, F
|-mega|p2b: Pidgeot|Pidgeot|Pidgeotite
|detailschange|p1a: Lucario|Lucario-Mega, L50, M
|-mega|p1a: Lucario|Lucario|Lucarionite
|move|p2b: Pidgeot|Tailwind|p2b: Pidgeot
|-sidestart|p2: gundnub|move: Tailwind
|move|p2a: Toxicroak|Close Combat|p1b: Umbreon
|-supereffective|p1b: Umbreon|1
|-damage|p1b: Umbreon|25/100
|-unboost|p2a: Toxicroak|def|1
|-unboost|p2a: Toxicroak|spd|1
|move|p1a: Lucario|Flash Cannon|p2a: Toxicroak
|-crit|p2a: Toxicroak
|-damage|p2a: Toxicroak|0 fnt
|faint|p2a: Toxicroak
|move|p1b: Umbreon|Toxic|p2b: Pidgeot
|-status|p2b: Pidgeot|tox
|
|-weather|Sandstorm|[upkeep]
|-damage|p2b: Pidgeot|88/100 tox|[from] Sandstorm
|-damage|p1b: Umbreon|19/100|[from] Sandstorm
|-heal|p1b: Umbreon|25/100|[from] item: Leftovers
|-damage|p2b: Pidgeot|82/100 tox|[from] psn
|upkeep
|
|t:|1783362790
|switch|p2a: Krookodile|Krookodile, L50, F|90/100
|-ability|p2a: Krookodile|Intimidate|boost
|-unboost|p1a: Lucario|atk|1
|-fail|p1b: Umbreon|unboost|Attack|[from] ability: Inner Focus|[of] p1b: Umbreon
|turn|4
|
|t:|1783362812
|move|p1a: Lucario|Protect|p1a: Lucario
|-singleturn|p1a: Lucario|Protect
|move|p1b: Umbreon|Protect|p1b: Umbreon
|-singleturn|p1b: Umbreon|Protect
|move|p2b: Pidgeot|Hurricane|p1b: Umbreon
|-activate|p1b: Umbreon|move: Protect
|move|p2a: Krookodile|Earthquake|p1b: Umbreon|[spread] 
|-activate|p1a: Lucario|move: Protect
|-activate|p1b: Umbreon|move: Protect
|-immune|p2b: Pidgeot
|
|-weather|Sandstorm|[upkeep]
|-damage|p2b: Pidgeot|76/100 tox|[from] Sandstorm
|-damage|p1b: Umbreon|19/100|[from] Sandstorm
|-heal|p1b: Umbreon|25/100|[from] item: Leftovers
|-damage|p2b: Pidgeot|65/100 tox|[from] psn
|upkeep
|turn|5
|inactive|Coban7 has 30 seconds left.
|inactive|Coban7 has 20 seconds left.
|inactive|Coban7 has 15 seconds left.
|inactive|Coban7 has 10 seconds left.
|inactive|Coban7 has 5 seconds left.
|
|t:|1783362866
|switch|p1a: Lycanroc|Lycanroc, L50, F, shiny|100/100
|move|p2b: Pidgeot|Heat Wave|p1a: Lycanroc|[spread] p1a,p1b
|-resisted|p1a: Lycanroc|1
|-damage|p1a: Lycanroc|88/100
|-damage|p1b: Umbreon|11/100
|-status|p1b: Umbreon|brn
|move|p2a: Krookodile|Earthquake|p1b: Umbreon|[spread] p1a,p1b
|-immune|p2b: Pidgeot
|-supereffective|p1a: Lycanroc|1
|-damage|p1a: Lycanroc|0 fnt
|-damage|p1b: Umbreon|0 fnt
|faint|p1a: Lycanroc
|faint|p1b: Umbreon
|
|-weather|none
|-damage|p2b: Pidgeot|47/100 tox|[from] psn
|upkeep
|
|t:|1783362875
|switch|p1b: Lucario|Lucario-Mega, L50, M|100/100
|turn|6
|
|t:|1783362882
|move|p1b: Lucario|Protect|p1b: Lucario
|-singleturn|p1b: Lucario|Protect
|move|p2b: Pidgeot|Hurricane|p1b: Lucario
|-activate|p1b: Lucario|move: Protect
|move|p2a: Krookodile|Earthquake|p1b: Lucario|[spread] 
|-activate|p1b: Lucario|move: Protect
|-immune|p2b: Pidgeot
|
|-damage|p2b: Pidgeot|24/100 tox|[from] psn
|-sideend|p2: gundnub|move: Tailwind
|upkeep
|turn|7
|
|t:|1783362905
|move|p2b: Pidgeot|Tailwind|p2b: Pidgeot
|-sidestart|p2: gundnub|move: Tailwind
|move|p2a: Krookodile|Earthquake|p1b: Lucario|[spread] p1b
|-immune|p2b: Pidgeot
|-supereffective|p1b: Lucario|1
|-damage|p1b: Lucario|1/100
|move|p1b: Lucario|Aura Sphere|p2a: Krookodile
|-supereffective|p2a: Krookodile|1
|-damage|p2a: Krookodile|0 fnt
|faint|p2a: Krookodile
|
|-damage|p2b: Pidgeot|0 fnt|[from] psn
|faint|p2b: Pidgeot
|
|win|Coban7
