|j|☆ScoobyDrewPOKMN
|j|☆AjaniVGC
|html|ScoobyDrewPOKMNAjaniVGC    
|uhtml|bestof|Game 1 of a best-of-3
|t:|1757813996
|gametype|doubles
|player|p1|ScoobyDrewPOKMN|ltsurge|1032
|player|p2|AjaniVGC|169|1098
|gen|9
|tier|[Gen 9] VGC 2025 Reg H (Bo3)
|rated|
|rule|Species Clause: Limit one of each Pokémon
|rule|Item Clause: Limit 1 of each item
|clearpoke
|poke|p1|Slaking, L50, M|
|poke|p1|Grafaiai, L50, M|
|poke|p1|Sneasler, L50, F|
|poke|p1|Grimmsnarl, L50, M|
|poke|p1|Gyarados, L50, M|
|poke|p1|Weezing, L50, M|
|poke|p2|Electabuzz, L50, F|
|poke|p2|Kingambit, L50, F|
|poke|p2|Rillaboom, L50, F|
|poke|p2|Sneasler, L50, M|
|poke|p2|Salamence, L50, F|
|poke|p2|Primarina, L50, F|
|teampreview|4
|showteam|p1|Slaking||Leftovers|Truant|BodySlam,Protect,DrainPunch,HighHorsepower|||M|||50|,,,,,Ghost]Grafaiai||MentalHerb|Prankster|Doodle,Toxic,Protect,GunkShot|||M|||50|,,,,,Steel]Sneasler||WhiteHerb|Unburden|DireClaw,CloseCombat,Acrobatics,Protect|||F|||50|,,,,,Stellar]Grimmsnarl||AbilityShield|Prankster|ThunderWave,LightScreen,FoulPlay,Reflect|||M|||50|,,,,,Dark]Gyarados||WacanBerry|Intimidate|Waterfall,TeraBlast,Protect,DragonDance|||M|||50|,,,,,Flying]Weezing||SitrusBerry|NeutralizingGas|Toxic,Protect,Explosion,Haze|||M|||50|,,,,,Steel
|showteam|p2|Electabuzz||Eviolite|VitalSpirit|Electroweb,Taunt,FollowMe,Protect|||F|||50|,,,,,Ghost]Kingambit||SafetyGoggles|Defiant|KowtowCleave,SuckerPunch,SwordsDance,Protect|||F|||50|,,,,,Dark]Rillaboom||AssaultVest|GrassySurge|WoodHammer,GrassyGlide,HighHorsepower,FakeOut|||F|||50|,,,,,Fire]Sneasler||FocusSash|Unburden|CloseCombat,DireClaw,ThroatChop,Taunt|||M|||50|,,,,,Dark]Salamence||ChoiceSpecs|Intimidate|DracoMeteor,AirSlash,HeatWave,DragonPulse|||F|||50|,,,,,Fire]Primarina||ThroatSpray|LiquidVoice|HyperVoice,Moonblast,Haze,Protect|||F|||50|,,,,,Poison
|inactive|Battle timer is ON: inactive players will automatically lose when time's up. (requested by ScoobyDrewPOKMN)
|inactive|AjaniVGC has 60 seconds left.
|inactive|AjaniVGC has 30 seconds left.
|inactive|AjaniVGC has 20 seconds left.
|inactive|AjaniVGC has 15 seconds left.
|inactive|AjaniVGC has 10 seconds left.
|inactive|AjaniVGC has 5 seconds left.
|
|t:|1757814082
|teamsize|p1|4
|teamsize|p2|4
|start
|switch|p1a: Grimmsnarl|Grimmsnarl, L50, M|100/100
|switch|p1b: Grafaiai|Grafaiai, L50, M, shiny|100/100
|switch|p2a: Kingambit|Kingambit, L50, F|100/100
|switch|p2b: Sneasler|Sneasler, L50, M|100/100
|turn|1
|inactive|ScoobyDrewPOKMN has 30 seconds left.
|inactive|AjaniVGC has 30 seconds left.
|inactive|AjaniVGC has 20 seconds left.
|inactive|AjaniVGC has 15 seconds left.
|
|t:|1757814125
|switch|p1b: Sneasler|Sneasler, L50, F|100/100
|move|p1a: Grimmsnarl|Reflect|p1a: Grimmsnarl
|-sidestart|p1: ScoobyDrewPOKMN|Reflect
|move|p2b: Sneasler|Taunt|p1a: Grimmsnarl
|-start|p1a: Grimmsnarl|move: Taunt
|move|p2a: Kingambit|Swords Dance|p2a: Kingambit
|-boost|p2a: Kingambit|atk|2
|
|upkeep
|turn|2
|inactive|ScoobyDrewPOKMN has 30 seconds left.
|inactive|AjaniVGC has 30 seconds left.
|
|t:|1757814154
|switch|p1a: Slaking|Slaking, L50, M|100/100
|move|p2a: Kingambit|Protect|p2a: Kingambit
|-singleturn|p2a: Kingambit|Protect
|move|p2b: Sneasler|Dire Claw|p1b: Sneasler
|-resisted|p1b: Sneasler
|-damage|p1b: Sneasler|77/100
|move|p1b: Sneasler|Dire Claw|p2b: Sneasler
|-resisted|p2b: Sneasler
|-damage|p2b: Sneasler|58/100
|-status|p2b: Sneasler|slp
|
|upkeep
|turn|3
|inactive|AjaniVGC has 30 seconds left.
|
|t:|1757814187
|switch|p1b: Grafaiai|Grafaiai, L50, M, shiny|100/100
|-terastallize|p2a: Kingambit|Dark
|move|p2a: Kingambit|Sucker Punch||[still]
|-fail|p2a: Kingambit
|cant|p2b: Sneasler|slp
|move|p1a: Slaking|Drain Punch|p2a: Kingambit
|-supereffective|p2a: Kingambit
|-damage|p2a: Kingambit|44/100
|
|upkeep
|turn|4
|inactive|ScoobyDrewPOKMN has 30 seconds left.
|
|t:|1757814218
|move|p2a: Kingambit|Protect|p2a: Kingambit
|-singleturn|p2a: Kingambit|Protect
|move|p1b: Grafaiai|Doodle|p2a: Kingambit
|-hint|Since gen 7, Dark is immune to Prankster moves.
|-immune|p2a: Kingambit
|-curestatus|p2b: Sneasler|slp|[msg]
|move|p2b: Sneasler|Close Combat|p1a: Slaking
|-supereffective|p1a: Slaking
|-damage|p1a: Slaking|43/100
|-unboost|p2b: Sneasler|def|1
|-unboost|p2b: Sneasler|spd|1
|cant|p1a: Slaking|ability: Truant
|
|-heal|p1a: Slaking|49/100|[from] item: Leftovers
|upkeep
|turn|5
|inactive|AjaniVGC has 30 seconds left.
|
|t:|1757814245
|switch|p1b: Grimmsnarl|Grimmsnarl, L50, M|100/100
|move|p1a: Slaking|Protect|p1a: Slaking
|-singleturn|p1a: Slaking|Protect
|move|p2b: Sneasler|Close Combat|p1a: Slaking
|-activate|p1a: Slaking|move: Protect
|move|p2a: Kingambit|Kowtow Cleave|p1b: Grimmsnarl
|-resisted|p1b: Grimmsnarl
|-damage|p1b: Grimmsnarl|72/100
|
|-heal|p1a: Slaking|55/100|[from] item: Leftovers
|-sideend|p1: ScoobyDrewPOKMN|Reflect
|upkeep
|turn|6
|inactiveoff|Battle timer is now OFF.
|inactive|Battle timer is ON: inactive players will automatically lose when time's up. (requested by AjaniVGC)
|
|t:|1757814284
|move|p1b: Grimmsnarl|Thunder Wave|p2b: Sneasler
|-status|p2b: Sneasler|par
|move|p2a: Kingambit|Sucker Punch|p1a: Slaking
|-damage|p1a: Slaking|0 fnt
|faint|p1a: Slaking
|cant|p2b: Sneasler|par
|
|upkeep
|
|t:|1757814295
|switch|p1a: Sneasler|Sneasler, L50, F|77/100
|turn|7
|inactive|AjaniVGC has 30 seconds left.
|
|t:|1757814321
|move|p1b: Grimmsnarl|Reflect|p1b: Grimmsnarl
|-sidestart|p1: ScoobyDrewPOKMN|Reflect
|move|p2a: Kingambit|Sucker Punch|p1a: Sneasler
|-resisted|p1a: Sneasler
|-damage|p1a: Sneasler|15/100
|move|p1a: Sneasler|Dire Claw|p2b: Sneasler
|-resisted|p2b: Sneasler
|-damage|p2b: Sneasler|0 fnt
|faint|p2b: Sneasler
|
|upkeep
|
|t:|1757814336
|switch|p2b: Primarina|Primarina, L50, F|100/100
|turn|8
|
|t:|1757814356
|switch|p1a: Grafaiai|Grafaiai, L50, M, shiny|100/100
|move|p1b: Grimmsnarl|Light Screen|p1b: Grimmsnarl
|-sidestart|p1: ScoobyDrewPOKMN|move: Light Screen
|move|p2a: Kingambit|Sucker Punch||[still]
|-fail|p2a: Kingambit
|move|p2b: Primarina|Hyper Voice|p1b: Grimmsnarl|[spread] p1a,p1b
|-damage|p1a: Grafaiai|78/100
|-damage|p1b: Grimmsnarl|55/100
|-enditem|p2b: Primarina|Throat Spray
|-boost|p2b: Primarina|spa|1|[from] item: Throat Spray
|
|upkeep
|turn|9
|
|t:|1757814379
|move|p2a: Kingambit|Sucker Punch|p1a: Grafaiai
|-damage|p1a: Grafaiai|0 fnt
|faint|p1a: Grafaiai
|move|p2b: Primarina|Moonblast|p1b: Grimmsnarl
|-supereffective|p1b: Grimmsnarl
|-damage|p1b: Grimmsnarl|0 fnt
|faint|p1b: Grimmsnarl
|
|upkeep
|-message|ScoobyDrewPOKMN forfeited.
|
|win|AjaniVGC
|l|☆ScoobyDrewPOKMN
|player|p1|
||AjaniVGC is ready for game 2.
|inactive|ScoobyDrewPOKMN has 30 seconds to confirm battle start!
|j| fancy cucudrula
|inactive|ScoobyDrewPOKMN has 20 seconds to confirm battle start!
|inactive|ScoobyDrewPOKMN has 10 seconds to confirm battle start!
|uhtml|next|Next: Game 2 of 3
