|j|☆sunnydaze383
|j|☆Seteshy
|html|sunnydaze383Seteshy    
|uhtml|bestof|Game 2 of a best-of-3
|t:|1785298300
|gametype|doubles
|player|p1|sunnydaze383|101|1099
|player|p2|Seteshy|1|1021
|gen|9
|tier|[Gen 9 Champions] VGC 2026 Reg M-B (Bo3)
|rated|
|rule|Species Clause: Limit one of each Pokémon
|rule|Item Clause: Limit 1 of each item
|clearpoke
|poke|p1|Orthworm, L50, F|
|poke|p1|Garchomp, L50, M|
|poke|p1|Aerodactyl, L50, M|
|poke|p1|Charizard, L50, M|
|poke|p1|Mamoswine, L50, M|
|poke|p1|Basculegion-F, L50, F|
|poke|p2|Tyranitar, L50, F|
|poke|p2|Glimmora, L50, F|
|poke|p2|Garganacl, L50, F|
|poke|p2|Kleavor, L50, F|
|poke|p2|Arcanine-Hisui, L50, F|
|poke|p2|Aerodactyl, L50, F|
|teampreview|4
|showteam|p1|Orthworm||SitrusBerry|EarthEater|HeavySlam,HelpingHand,ShedTail,Protect|Impish||F|||50|]Garchomp||LifeOrb|RoughSkin|Earthquake,DragonClaw,RockSlide,Protect|Jolly||M|||50|]Aerodactyl||Aerodactylite|Unnerve|RockSlide,DualWingbeat,Tailwind,Protect|Jolly||M|||50|]Charizard||CharizarditeY|Blaze|HeatWave,SolarBeam,WeatherBall,Protect|Modest||M|||50|]Mamoswine||FocusSash|Oblivious|IcicleCrash,Earthquake,IceShard,Protect|Adamant||M|||50|]Basculegion-F||ChoiceScarf|Adaptability|MuddyWater,ShadowBall,IceBeam,HydroPump|Timid||F|||50|
|showteam|p2|Tyranitar||Tyranitarite|SandStream|RockSlide,KnockOff,Protect,LowKick|Adamant||F|||50|]Glimmora||FocusSash|ToxicDebris|PowerGem,SpikyShield,EarthPower,SludgeBomb|Modest||F|||50|]Garganacl||Leftovers|PurifyingSalt|SaltCure,BodyPress,IronDefense,Recover|Careful||F|||50|]Kleavor||ChoiceScarf|Sharpness|StoneAxe,XScissor,Uturn,CloseCombat|Adamant||F|||50|]Arcanine-Hisui||LifeOrb|RockHead|FlareBlitz,HeadSmash,WildCharge,ExtremeSpeed|Adamant||F|||50|]Aerodactyl||Aerodactylite|Unnerve|RockSlide,Tailwind,DualWingbeat,Protect|Jolly||F|||50|
|
|t:|1785298330
|teamsize|p1|4
|teamsize|p2|4
|start
|switch|p1a: Garchomp|Garchomp, L50, M|100/100
|switch|p1b: Orthworm|Orthworm, L50, F|100/100
|switch|p2a: Tyranitar|Tyranitar, L50, F|100/100
|switch|p2b: Garganacl|Garganacl, L50, F|100/100
|-weather|Sandstorm|[from] ability: Sand Stream|[of] p2a: Tyranitar
|turn|1
|
|t:|1785298348
|move|p2a: Tyranitar|Protect|p2a: Tyranitar
|-singleturn|p2a: Tyranitar|Protect
|move|p1a: Garchomp|Earthquake|p2a: Tyranitar|[spread] p2b
|-activate|p2a: Tyranitar|move: Protect
|-immune|p1b: Orthworm|[from] ability: Earth Eater
|-supereffective|p2b: Garganacl|1
|-damage|p2b: Garganacl|34/100
|-damage|p1a: Garchomp|90/100|[from] item: Life Orb
|move|p1b: Orthworm|Shed Tail|p1b: Orthworm
|-start|p1b: Orthworm|Substitute|[from] move: Shed Tail
|-damage|p1b: Orthworm|49/100
|-enditem|p1b: Orthworm|Sitrus Berry|[eat]
|-heal|p1b: Orthworm|74/100|[from] item: Sitrus Berry
|
|t:|1785298356
|switch|p1b: Basculegion|Basculegion-F, L50, F|100/100|[from] Shed Tail
|move|p2b: Garganacl|Salt Cure|p1b: Basculegion
|-activate|p1b: Basculegion|move: Substitute|[damage]
|
|-weather|Sandstorm|[upkeep]
|-damage|p1b: Basculegion|93/100|[from] Sandstorm
|-heal|p2b: Garganacl|40/100|[from] item: Leftovers
|upkeep
|turn|2
|
|t:|1785298405
|detailschange|p2a: Tyranitar|Tyranitar-Mega, L50, F
|-mega|p2a: Tyranitar|Tyranitar|Tyranitarite
|move|p1b: Basculegion|Muddy Water|p2a: Tyranitar|[spread] p2a,p2b
|-supereffective|p2a: Tyranitar|1
|-supereffective|p2b: Garganacl|1
|-damage|p2a: Tyranitar|59/100
|-damage|p2b: Garganacl|7/100
|-unboost|p2a: Tyranitar|accuracy|1
|move|p1a: Garchomp|Dragon Claw|p2a: Tyranitar
|-damage|p2a: Tyranitar|26/100
|-damage|p1a: Garchomp|80/100|[from] item: Life Orb
|move|p2a: Tyranitar|Rock Slide|p1b: Basculegion|[spread] p1a
|-miss|p2a: Tyranitar|p1b: Basculegion
|-resisted|p1a: Garchomp|1
|-damage|p1a: Garchomp|61/100
|move|p2b: Garganacl|Recover|p2b: Garganacl
|-heal|p2b: Garganacl|57/100
|
|-weather|Sandstorm|[upkeep]
|-damage|p1b: Basculegion|87/100|[from] Sandstorm
|-heal|p2b: Garganacl|63/100|[from] item: Leftovers
|upkeep
|turn|3
|
|t:|1785298430
|switch|p2a: Glimmora|Glimmora, L50, F|100/100
|move|p1b: Basculegion|Muddy Water|p2b: Garganacl|[spread] p2b
|-miss|p1b: Basculegion|p2a: Glimmora
|-supereffective|p2b: Garganacl|1
|-damage|p2b: Garganacl|27/100
|move|p1a: Garchomp|Dragon Claw|p2b: Garganacl
|-damage|p2b: Garganacl|0 fnt
|faint|p2b: Garganacl
|-damage|p1a: Garchomp|51/100|[from] item: Life Orb
|
|-weather|Sandstorm|[upkeep]
|-damage|p1b: Basculegion|81/100|[from] Sandstorm
|upkeep
|
|t:|1785298444
|switch|p2b: Kleavor|Kleavor, L50, F|100/100
|turn|4
|
|t:|1785298466
|move|p2a: Glimmora|Spiky Shield|p2a: Glimmora
|-singleturn|p2a: Glimmora|move: Protect
|move|p1b: Basculegion|Muddy Water|p2a: Glimmora|[spread] p2b
|-activate|p2a: Glimmora|move: Protect
|-supereffective|p2b: Kleavor|1
|-damage|p2b: Kleavor|12/100
|move|p2b: Kleavor|U-turn|p1a: Garchomp
|-damage|p1a: Garchomp|9/100
|-damage|p2b: Kleavor|1/100|[from] ability: Rough Skin|[of] p1a: Garchomp
|
|t:|1785298478
|switch|p2b: Tyranitar|Tyranitar-Mega, L50, F|26/100|[from] U-turn
|move|p1a: Garchomp|Rock Slide|p2a: Glimmora|[spread] p2b
|-activate|p2a: Glimmora|move: Protect
|-damage|p2b: Tyranitar|11/100
|-damage|p1a: Garchomp|0 fnt|[from] item: Life Orb
|faint|p1a: Garchomp
|
|-weather|Sandstorm|[upkeep]
|-damage|p1b: Basculegion|75/100|[from] Sandstorm
|upkeep
|
|t:|1785298497
|switch|p1a: Aerodactyl|Aerodactyl, L50, M|100/100
|-ability|p1a: Aerodactyl|Unnerve
|turn|5
|
|t:|1785298508
|detailschange|p1a: Aerodactyl|Aerodactyl-Mega, L50, M
|-mega|p1a: Aerodactyl|Aerodactyl|Aerodactylite
|move|p2b: Tyranitar|Protect|p2b: Tyranitar
|-singleturn|p2b: Tyranitar|Protect
|move|p1a: Aerodactyl|Rock Slide|p2a: Glimmora|[spread] 
|-activate|p2b: Tyranitar|move: Protect
|-miss|p1a: Aerodactyl|p2a: Glimmora
|move|p1b: Basculegion|Muddy Water|p2b: Tyranitar|[spread] p2a
|-activate|p2b: Tyranitar|move: Protect
|-supereffective|p2a: Glimmora|1
|-damage|p2a: Glimmora|34/100
|move|p2a: Glimmora|Power Gem|p1a: Aerodactyl
|-supereffective|p1a: Aerodactyl|1
|-damage|p1a: Aerodactyl|40/100
|
|-weather|none
|upkeep
|turn|6
|
|t:|1785298538
|move|p1a: Aerodactyl|Rock Slide|p2a: Glimmora|[spread] p2a
|-miss|p1a: Aerodactyl|p2b: Tyranitar
|-damage|p2a: Glimmora|1/100
|-activate|p2a: Glimmora|ability: Toxic Debris
|-sidestart|p1: sunnydaze383|move: Toxic Spikes
|move|p1b: Basculegion|Muddy Water|p2a: Glimmora|[spread] p2b
|-miss|p1b: Basculegion|p2a: Glimmora
|-supereffective|p2b: Tyranitar|1
|-damage|p2b: Tyranitar|0 fnt
|faint|p2b: Tyranitar
|cant|p2a: Glimmora|flinch
|
|upkeep
|
|t:|1785298549
|switch|p2b: Kleavor|Kleavor, L50, F|1/100
|turn|7
|
|t:|1785298565
|move|p1a: Aerodactyl|Rock Slide|p2b: Kleavor|[spread] p2a,p2b
|-supereffective|p2b: Kleavor|1
|-damage|p2a: Glimmora|0 fnt
|-damage|p2b: Kleavor|0 fnt
|-activate|p2a: Glimmora|ability: Toxic Debris
|-sidestart|p1: sunnydaze383|move: Toxic Spikes
|faint|p2a: Glimmora
|faint|p2b: Kleavor
|
|win|sunnydaze383
|raw|sunnydaze383's rating: 1099 → 1119(+20 for winning)
|raw|Seteshy's rating: 1021 → 1011(-10 for losing)
|l|☆sunnydaze383
|player|p1|
