|j|☆helpimbadatthislol
|j|☆protectthyking34
|html|helpimbadatthislolprotectthyking34    
|uhtml|bestof|Game 1 of a best-of-3
|t:|1785279906
|gametype|doubles
|player|p1|helpimbadatthislol|rosa|1151
|player|p2|protectthyking34|rocketgrunt|1218
|gen|9
|tier|[Gen 9 Champions] VGC 2026 Reg M-B (Bo3)
|rated|
|rule|Species Clause: Limit one of each Pokémon
|rule|Item Clause: Limit 1 of each item
|clearpoke
|poke|p1|Ampharos, L50, F|
|poke|p1|Scizor, L50, F|
|poke|p1|Rotom-Wash, L50|
|poke|p1|Heliolisk, L50, M|
|poke|p1|Stunfisk, L50, F|
|poke|p1|Dragonite, L50, F|
|poke|p2|Delphox, L50, F|
|poke|p2|Incineroar, L50, M|
|poke|p2|Sneasler, L50, M|
|poke|p2|Sinistcha, L50|
|poke|p2|Kingambit, L50, F|
|poke|p2|Blastoise, L50, M|
|teampreview|4
|showteam|p1|Ampharos||Ampharosite|Static|ParabolicCharge,Protect,Thunderbolt,DragonPulse|Quiet||F|||50|]Scizor||LifeOrb|Technician|BulletPunch,Uturn,CloseCombat,Protect|Adamant||F|||50|]Rotom-Wash||SitrusBerry|Levitate|HydroPump,Discharge,WillOWisp,VoltSwitch|Modest|||||50|]Heliolisk||ChoiceScarf|SolarPower|HyperVoice,WeatherBall,Discharge,DarkPulse|Modest||M|||50|]Stunfisk||FocusSash|Static|RainDance,EarthPower,Discharge,ThunderWave|Quiet||F|||50|]Dragonite||ChestoBerry|InnerFocus|DragonClaw,ExtremeSpeed,Rest,DragonCheer|Adamant||F|||50|
|showteam|p2|Delphox||Delphoxite|Blaze|NastyPlot,Protect,Psyshock,HeatWave|Timid||F|||50|]Incineroar||SitrusBerry|Intimidate|FakeOut,PartingShot,FlareBlitz,DarkestLariat|Impish||M|||50|]Sneasler||FocusSash|PoisonTouch|GunkShot,FakeOut,CloseCombat,QuickGuard|Jolly||M|||50|]Sinistcha||OccaBerry|Hospitality|MatchaGotcha,RagePowder,TrickRoom,Protect|Calm|||||50|]Kingambit||BlackGlasses|Defiant|SuckerPunch,KowtowCleave,LowKick,Protect|Adamant||F|||50|]Blastoise||Blastoisinite|RainDish|ShellSmash,WaterSpout,DarkPulse,Protect|Timid||M|||50|
|
|t:|1785279949
|teamsize|p1|4
|teamsize|p2|4
|start
|switch|p1a: Scizor|Scizor, L50, F|100/100
|switch|p1b: Dragonite|Dragonite, L50, F|100/100
|switch|p2a: Incineroar|Incineroar, L50, M|100/100
|switch|p2b: Blastoise|Blastoise, L50, M|100/100
|-ability|p2a: Incineroar|Intimidate|boost
|-unboost|p1a: Scizor|atk|1
|-fail|p1b: Dragonite|unboost|Attack|[from] ability: Inner Focus|[of] p1b: Dragonite
|turn|1
|inactive|Battle timer is ON: inactive players will automatically lose when time's up. (requested by protectthyking34)
|
|t:|1785279965
|detailschange|p2b: Blastoise|Blastoise-Mega, L50, M
|-mega|p2b: Blastoise|Blastoise|Blastoisinite
|move|p1a: Scizor|Protect|p1a: Scizor
|-singleturn|p1a: Scizor|Protect
|move|p2b: Blastoise|Shell Smash|p2b: Blastoise
|-unboost|p2b: Blastoise|def|1
|-unboost|p2b: Blastoise|spd|1
|-boost|p2b: Blastoise|atk|2
|-boost|p2b: Blastoise|spa|2
|-boost|p2b: Blastoise|spe|2
|move|p1b: Dragonite|Dragon Claw|p2b: Blastoise
|-damage|p2b: Blastoise|30/100
|move|p2a: Incineroar|Flare Blitz|p1a: Scizor
|-activate|p1a: Scizor|move: Protect
|
|upkeep
|turn|2
|
|t:|1785279977
|switch|p2a: Sinistcha|Sinistcha, L50|100/100
|-heal|p2b: Blastoise|55/100|[from] ability: Hospitality|[of] p2a: Sinistcha
|move|p2b: Blastoise|Protect|p2b: Blastoise
|-singleturn|p2b: Blastoise|Protect
|move|p1b: Dragonite|Dragon Claw|p2a: Sinistcha
|-damage|p2a: Sinistcha|60/100
|move|p1a: Scizor|Close Combat|p2a: Sinistcha
|-immune|p2a: Sinistcha
|
|upkeep
|turn|3
|
|t:|1785279990
|move|p2a: Sinistcha|Rage Powder|p2a: Sinistcha
|-singleturn|p2a: Sinistcha|move: Rage Powder
|move|p2b: Blastoise|Dark Pulse|p1b: Dragonite
|-damage|p1b: Dragonite|22/100
|move|p1b: Dragonite|Dragon Claw|p2a: Sinistcha
|-damage|p2a: Sinistcha|19/100
|move|p1a: Scizor|U-turn|p2a: Sinistcha
|-damage|p2a: Sinistcha|0 fnt
|faint|p2a: Sinistcha
|-damage|p1a: Scizor|90/100|[from] item: Life Orb
|
|t:|1785280002
|switch|p1a: Heliolisk|Heliolisk, L50, M|100/100|[from] U-turn
|
|upkeep
|
|t:|1785280008
|switch|p2a: Sneasler|Sneasler, L50, M|100/100
|turn|4
|inactive|helpimbadatthislol has 30 seconds left.
|inactive|helpimbadatthislol has 20 seconds left.
|inactive|helpimbadatthislol has 15 seconds left.
|
|t:|1785280051
|move|p1b: Dragonite|Extreme Speed|p2b: Blastoise
|-damage|p2b: Blastoise|9/100
|move|p2b: Blastoise|Dark Pulse|p1a: Heliolisk
|-damage|p1a: Heliolisk|0 fnt
|faint|p1a: Heliolisk
|move|p2a: Sneasler|Gunk Shot|p1b: Dragonite
|-damage|p1b: Dragonite|0 fnt
|faint|p1b: Dragonite
|
|upkeep
|
|t:|1785280054
|switch|p1a: Scizor|Scizor, L50, F|90/100
|switch|p1b: Ampharos|Ampharos, L50, F|100/100
|turn|5
|inactive|helpimbadatthislol has 30 seconds left.
|inactive|helpimbadatthislol has 20 seconds left.
|
|t:|1785280092
|switch|p2a: Incineroar|Incineroar, L50, M|100/100
|-ability|p2a: Incineroar|Intimidate|boost
|-unboost|p1a: Scizor|atk|1
|-unboost|p1b: Ampharos|atk|1
|detailschange|p1b: Ampharos|Ampharos-Mega, L50, F
|-mega|p1b: Ampharos|Ampharos|Ampharosite
|-ability|p1b: Ampharos|Mold Breaker
|move|p2b: Blastoise|Protect|p2b: Blastoise
|-singleturn|p2b: Blastoise|Protect
|move|p1a: Scizor|Bullet Punch|p2b: Blastoise
|-activate|p2b: Blastoise|move: Protect
|move|p1b: Ampharos|Thunderbolt|p2a: Incineroar
|-damage|p2a: Incineroar|42/100
|-enditem|p2a: Incineroar|Sitrus Berry|[eat]
|-heal|p2a: Incineroar|66/100|[from] item: Sitrus Berry
|
|upkeep
|turn|6
|
|t:|1785280109
|move|p1a: Scizor|Protect|p1a: Scizor
|-singleturn|p1a: Scizor|Protect
|move|p2a: Incineroar|Fake Out|p1a: Scizor
|-activate|p1a: Scizor|move: Protect
|move|p2b: Blastoise|Dark Pulse|p1b: Ampharos
|-damage|p1b: Ampharos|31/100
|move|p1b: Ampharos|Parabolic Charge|p2a: Incineroar|[spread] p2a,p2b
|-activate|p1a: Scizor|move: Protect
|-supereffective|p2b: Blastoise|1
|-damage|p2a: Incineroar|37/100
|-heal|p1b: Ampharos|48/100|[from] drain|[of] p2a: Incineroar
|-damage|p2b: Blastoise|0 fnt
|-heal|p1b: Ampharos|53/100|[from] drain|[of] p2b: Blastoise
|faint|p2b: Blastoise
|
|upkeep
|
|t:|1785280118
|switch|p2b: Sneasler|Sneasler, L50, M|100/100
|turn|7
|
|t:|1785280127
|move|p2b: Sneasler|Close Combat|p1b: Ampharos
|-damage|p1b: Ampharos|0 fnt
|-unboost|p2b: Sneasler|def|1
|-unboost|p2b: Sneasler|spd|1
|faint|p1b: Ampharos
|move|p1a: Scizor|Close Combat|p2a: Incineroar
|-supereffective|p2a: Incineroar|1
|-damage|p2a: Incineroar|0 fnt
|-unboost|p1a: Scizor|def|1
|-unboost|p1a: Scizor|spd|1
|faint|p2a: Incineroar
|-damage|p1a: Scizor|80/100|[from] item: Life Orb
|
|upkeep
|turn|8
|
|t:|1785280137
|move|p1a: Scizor|Protect|p1a: Scizor
|-singleturn|p1a: Scizor|Protect
|move|p2b: Sneasler|Close Combat|p1a: Scizor
|-activate|p1a: Scizor|move: Protect
|
|upkeep
|turn|9
|
|t:|1785280141
|move|p1a: Scizor|Bullet Punch|p2b: Sneasler
|-damage|p2b: Sneasler|22/100
|-damage|p1a: Scizor|71/100|[from] item: Life Orb
|move|p2b: Sneasler|Close Combat|p1a: Scizor
|-damage|p1a: Scizor|0 fnt
|-unboost|p2b: Sneasler|def|1
|-unboost|p2b: Sneasler|spd|1
|faint|p1a: Scizor
|
|win|protectthyking34
||helpimbadatthislol is ready for game 2.
