|j|☆Ake295
|j|☆nathjay
|html|Ake295nathjay    
|uhtml|bestof|Game 2 of a best-of-3
|t:|1756849560
|gametype|doubles
|player|p1|Ake295|2|1094
|player|p2|nathjay|linebacker|1121
|gen|9
|tier|[Gen 9] VGC 2025 Reg H (Bo3)
|rated|
|rule|Species Clause: Limit one of each Pokémon
|rule|Item Clause: Limit 1 of each item
|clearpoke
|poke|p1|Archaludon, L50, M|
|poke|p1|Basculegion, L50, M|
|poke|p1|Kingambit, L50, M|
|poke|p1|Pelipper, L50, M|
|poke|p1|Salamence, L50, M|
|poke|p1|Amoonguss, L50, F|
|poke|p2|Ninetales-Alola, L50, M|
|poke|p2|Baxcalibur, L50, F|
|poke|p2|Sinistcha-Masterpiece, L50|
|poke|p2|Hydreigon, L50, M|
|poke|p2|Annihilape, L50, F|
|poke|p2|Murkrow, L50, F|
|teampreview|4
|showteam|p1|Archaludon||AssaultVest|Stamina|ElectroShot,Snarl,FlashCannon,BodyPress|||M|||50|,,,,,Grass]Basculegion||ChoiceBand|SwiftSwim|WaveCrash,LastRespects,FlipTurn,AquaJet|||M|||50|,,,,,Grass]Kingambit||BlackGlasses|Defiant|KowtowCleave,SuckerPunch,SwordsDance,Protect|||M|||50|,,,,,Dark]Pelipper||FocusSash|Drizzle|WeatherBall,Hurricane,Tailwind,Protect|||M|||50|,,,,,Ghost]Salamence||LifeOrb|Intimidate|AirSlash,DracoMeteor,Tailwind,Protect|||M|||50|,,,,,Steel]Amoonguss||SitrusBerry|Regenerator|Spore,RagePowder,PollenPuff,ClearSmog|||F|||50|,,,,,Water
|showteam|p2|Ninetales-Alola||LightClay|SnowWarning|FreezeDry,AuroraVeil,Moonblast,Protect|||M|||50|,,,,,Water]Baxcalibur||LoadedDice|ThermalExchange|IcicleSpear,IceShard,ScaleShot,Protect|||F|||50|,,,,,Poison]Sinistcha-Masterpiece||BigRoot|Hospitality|MatchaGotcha,ShadowBall,StrengthSap,Protect||||||50|,,,,,Fire]Hydreigon||AssaultVest|Levitate|DarkPulse,EarthPower,FlashCannon,HeatWave|||M|||50|,,,,,Steel]Annihilape||ChoiceScarf|Defiant|PhantomForce,FinalGambit,CloseCombat,RockSlide|||F|||50|,,,,,Fire]Murkrow||Eviolite|Prankster|FoulPlay,Haze,Quash,Tailwind|||F|||50|,,,,,Steel
|c|☆nathjay|Glhf
|
|t:|1756849609
|teamsize|p1|4
|teamsize|p2|4
|start
|switch|p1a: Amoonguss|Amoonguss, L50, F, shiny|100/100
|switch|p1b: Archaludon|Archaludon, L50, M|100/100
|switch|p2a: Murkrow|Murkrow, L50, F|100/100
|switch|p2b: Baxcalibur|Baxcalibur, L50, F|100/100
|turn|1
|c|☆Ake295|glhf
|
|t:|1756849646
|-terastallize|p1a: Amoonguss|Water
|move|p2a: Murkrow|Tailwind|p2a: Murkrow
|-sidestart|p2: nathjay|move: Tailwind
|move|p2b: Baxcalibur|Icicle Spear|p1a: Amoonguss
|-resisted|p1a: Amoonguss
|-damage|p1a: Amoonguss|95/100
|-resisted|p1a: Amoonguss
|-damage|p1a: Amoonguss|89/100
|-resisted|p1a: Amoonguss
|-damage|p1a: Amoonguss|82/100
|-resisted|p1a: Amoonguss
|-damage|p1a: Amoonguss|77/100
|-hitcount|p1a: Amoonguss|4
|move|p1b: Archaludon|Flash Cannon|p2b: Baxcalibur
|-supereffective|p2b: Baxcalibur
|-damage|p2b: Baxcalibur|30/100
|move|p1a: Amoonguss|Spore|p2a: Murkrow
|-status|p2a: Murkrow|slp|[from] move: Spore
|
|upkeep
|turn|2
|
|t:|1756849671
|switch|p1a: Pelipper|Pelipper, L50, M|100/100
|-weather|RainDance|[from] ability: Drizzle|[of] p1a: Pelipper
|move|p2b: Baxcalibur|Protect|p2b: Baxcalibur
|-singleturn|p2b: Baxcalibur|Protect
|cant|p2a: Murkrow|slp
|move|p1b: Archaludon|Electro Shot||[still]
|-prepare|p1b: Archaludon|Electro Shot
|-boost|p1b: Archaludon|spa|1
|-anim|p1b: Archaludon|Electro Shot|p2a: Murkrow
|-supereffective|p2a: Murkrow
|-damage|p2a: Murkrow|0 fnt
|faint|p2a: Murkrow
|
|-weather|RainDance|[upkeep]
|upkeep
|
|t:|1756849674
|switch|p2a: Ninetales|Ninetales-Alola, L50, M|100/100
|-weather|Snowscape|[from] ability: Snow Warning|[of] p2a: Ninetales
|turn|3
|
|t:|1756849708
|move|p1a: Pelipper|Protect|p1a: Pelipper
|-singleturn|p1a: Pelipper|Protect
|move|p2a: Ninetales|Aurora Veil|p2a: Ninetales
|-sidestart|p2: nathjay|move: Aurora Veil
|move|p2b: Baxcalibur|Scale Shot|p1a: Pelipper
|-activate|p1a: Pelipper|move: Protect
|move|p1b: Archaludon|Flash Cannon|p2a: Ninetales
|-supereffective|p2a: Ninetales
|-damage|p2a: Ninetales|0 fnt
|faint|p2a: Ninetales
|
|-weather|Snowscape|[upkeep]
|upkeep
|
|t:|1756849713
|switch|p2a: Hydreigon|Hydreigon, L50, M|100/100
|turn|4
|
|t:|1756849738
|switch|p1a: Amoonguss|Amoonguss, L50, F, shiny, tera:Water|100/100
|move|p2a: Hydreigon|Earth Power|p1b: Archaludon
|-supereffective|p1b: Archaludon
|-damage|p1b: Archaludon|59/100
|-ability|p1b: Archaludon|Stamina|boost
|-boost|p1b: Archaludon|def|1
|move|p2b: Baxcalibur|Scale Shot|p1b: Archaludon
|-damage|p1b: Archaludon|51/100
|-ability|p1b: Archaludon|Stamina|boost
|-boost|p1b: Archaludon|def|1
|-damage|p1b: Archaludon|45/100
|-ability|p1b: Archaludon|Stamina|boost
|-boost|p1b: Archaludon|def|1
|-damage|p1b: Archaludon|40/100
|-ability|p1b: Archaludon|Stamina|boost
|-boost|p1b: Archaludon|def|1
|-damage|p1b: Archaludon|36/100
|-ability|p1b: Archaludon|Stamina|boost
|-boost|p1b: Archaludon|def|1
|-hitcount|p1b: Archaludon|4
|-unboost|p2b: Baxcalibur|def|1
|-boost|p2b: Baxcalibur|spe|1
|move|p1b: Archaludon|Snarl|p2b: Baxcalibur|[spread] p2a,p2b
|-resisted|p2a: Hydreigon
|-damage|p2a: Hydreigon|95/100
|-damage|p2b: Baxcalibur|17/100
|-unboost|p2a: Hydreigon|spa|1
|-unboost|p2b: Baxcalibur|spa|1
|
|-weather|Snowscape|[upkeep]
|-sideend|p2: nathjay|move: Tailwind
|upkeep
|turn|5
|
|t:|1756849775
|move|p1a: Amoonguss|Rage Powder|p1a: Amoonguss
|-singleturn|p1a: Amoonguss|move: Rage Powder
|move|p2a: Hydreigon|Heat Wave|p1b: Archaludon|[spread] p1a,p1b
|-resisted|p1a: Amoonguss
|-damage|p1a: Amoonguss|93/100
|-damage|p1b: Archaludon|24/100
|-ability|p1b: Archaludon|Stamina|boost
|-boost|p1b: Archaludon|def|1
|move|p2b: Baxcalibur|Scale Shot|p1a: Amoonguss|[miss]
|-miss|p2b: Baxcalibur|p1a: Amoonguss
|move|p1b: Archaludon|Snarl|p2a: Hydreigon|[spread] p2a,p2b
|-resisted|p2a: Hydreigon
|-damage|p2a: Hydreigon|90/100
|-damage|p2b: Baxcalibur|4/100
|-unboost|p2a: Hydreigon|spa|1
|-unboost|p2b: Baxcalibur|spa|1
|
|-weather|Snowscape|[upkeep]
|upkeep
|turn|6
|c|☆nathjay|Sadge miss, wanted to full def you lol
|
|t:|1756849801
|move|p1a: Amoonguss|Rage Powder|p1a: Amoonguss
|-singleturn|p1a: Amoonguss|move: Rage Powder
|move|p2a: Hydreigon|Earth Power|p1a: Amoonguss
|-damage|p1a: Amoonguss|81/100
|move|p2b: Baxcalibur|Scale Shot|p1a: Amoonguss
|-damage|p1a: Amoonguss|67/100
|-damage|p1a: Amoonguss|53/100
|-damage|p1a: Amoonguss|41/100
|-enditem|p1a: Amoonguss|Sitrus Berry|[eat]
|-heal|p1a: Amoonguss|66/100|[from] item: Sitrus Berry
|-damage|p1a: Amoonguss|53/100
|-damage|p1a: Amoonguss|41/100
|-hitcount|p1a: Amoonguss|5
|-unboost|p2b: Baxcalibur|def|1
|-boost|p2b: Baxcalibur|spe|1
|move|p1b: Archaludon|Body Press|p2a: Hydreigon
|-supereffective|p2a: Hydreigon
|-damage|p2a: Hydreigon|0 fnt
|faint|p2a: Hydreigon
|
|-weather|Snowscape|[upkeep]
|upkeep
|turn|7
|-message|nathjay forfeited.
|
|win|Ake295
|raw|Ake295's rating: 1094 → 1122(+28 for winning)
|raw|nathjay's rating: 1121 → 1094(-27 for losing)
|l|☆nathjay
|player|p2|
|c|☆Ake295|already am but very kind of you
