|j|☆Olciax34
|j|☆maesker
|html|Olciax34maesker    
|uhtml|bestof|Game 1 of a best-of-3
|t:|1782513076
|gametype|doubles
|player|p1|Olciax34|clair|1177
|player|p2|maesker|dawn|1161
|gen|9
|tier|[Gen 9 Champions] VGC 2026 Reg M-B (Bo3)
|rated|
|rule|Species Clause: Limit one of each Pokémon
|rule|Item Clause: Limit 1 of each item
|clearpoke
|poke|p1|Charizard, L50, M|
|poke|p1|Whimsicott, L50, M|
|poke|p1|Garchomp, L50, M|
|poke|p1|Gholdengo, L50|
|poke|p1|Kangaskhan, L50, F|
|poke|p1|Incineroar, L50, F|
|poke|p2|Gengar, L50, M|
|poke|p2|Gyarados, L50, M|
|poke|p2|Kingambit, L50, F|
|poke|p2|Sylveon, L50, M|
|poke|p2|Garchomp, L50, M|
|poke|p2|Raichu, L50, M|
|teampreview|4
|showteam|p1|Charizard||CharizarditeY|SolarPower|HeatWave,WeatherBall,SolarBeam,Protect|Modest||M|||50|]Whimsicott||FocusSash|Prankster|Moonblast,Tailwind,Encore,Protect|Timid||M|||50|]Garchomp||LifeOrb|RoughSkin|Earthquake,DragonClaw,RockSlide,Protect|Jolly||M|||50|]Gholdengo||SpellTag|GoodasGold|MakeItRain,ShadowBall,NastyPlot,Protect|Modest|||||50|]Kangaskhan||Kangaskhanite|Scrappy|DoubleEdge,IcePunch,LowKick,FakeOut|Adamant||F|||50|]Incineroar||SitrusBerry|Intimidate|FakeOut,ThroatChop,FlareBlitz,PartingShot|Careful||F|||50|
|showteam|p2|Gengar||Gengarite|CursedBody|Protect,ShadowBall,IcyWind,DazzlingGleam|Timid||M|||50|]Gyarados||Leftovers|Intimidate|DragonDance,Waterfall,Earthquake,IceFang|Adamant||M|||50|]Kingambit||SitrusBerry|Defiant|SwordsDance,SuckerPunch,KowtowCleave,IronHead|Adamant||F|||50|]Sylveon||FairyFeather|Pixilate|HyperBeam,HyperVoice,Protect,Wish|Modest||M|||50|]Garchomp||ChoiceScarf|RoughSkin|Earthquake,RockSlide,DragonClaw,StompingTantrum|Adamant||M|||50|]Raichu||RaichuniteY|LightningRod|FakeOut,Protect,FocusBlast,ZapCannon|Timid||M|||50|
|inactive|Battle timer is ON: inactive players will automatically lose when time's up. (requested by Olciax34)
|
|t:|1782513117
|teamsize|p1|4
|teamsize|p2|4
|start
|switch|p1a: Whimsicott|Whimsicott, L50, M|100/100
|switch|p1b: Garchomp|Garchomp, L50, M|100/100
|switch|p2a: Garchomp|Garchomp, L50, M|100/100
|switch|p2b: Gengar|Gengar, L50, M|100/100
|turn|1
|inactive|maesker has 30 seconds left.
|
|t:|1782513151
|detailschange|p2b: Gengar|Gengar-Mega, L50, M
|-mega|p2b: Gengar|Gengar|Gengarite
|move|p1a: Whimsicott|Tailwind|p1a: Whimsicott
|-sidestart|p1: Olciax34|move: Tailwind
|move|p1b: Garchomp|Earthquake|p2b: Gengar|[spread] p1a,p2a,p2b
|-resisted|p1a: Whimsicott|1
|-supereffective|p2b: Gengar|1
|-damage|p1a: Whimsicott|59/100
|-damage|p2a: Garchomp|48/100
|-damage|p2b: Gengar|0 fnt
|faint|p2b: Gengar
|-damage|p1b: Garchomp|90/100|[from] item: Life Orb
|move|p2a: Garchomp|Dragon Claw|p1b: Garchomp
|-supereffective|p1b: Garchomp|1
|-damage|p1b: Garchomp|4/100
|-damage|p2a: Garchomp|36/100|[from] ability: Rough Skin|[of] p1b: Garchomp
|
|upkeep
|
|t:|1782513167
|switch|p2b: Kingambit|Kingambit, L50, F|100/100
|turn|2
|
|t:|1782513176
|switch|p1b: Kangaskhan|Kangaskhan, L50, F|100/100
|switch|p2a: Sylveon|Sylveon, L50, M|100/100
|move|p2b: Kingambit|Sucker Punch||[still]
|-fail|p2b: Kingambit
|move|p1a: Whimsicott|Moonblast|p2a: Sylveon
|-crit|p2a: Sylveon
|-damage|p2a: Sylveon|65/100
|
|upkeep
|turn|3
|inactive|Olciax34 has 30 seconds left.
|inactive|Olciax34 has 20 seconds left.
|
|t:|1782513212
|detailschange|p1b: Kangaskhan|Kangaskhan-Mega, L50, F
|-mega|p1b: Kangaskhan|Kangaskhan|Kangaskhanite
|move|p1a: Whimsicott|Moonblast|p2b: Kingambit
|-damage|p2b: Kingambit|62/100
|move|p1b: Kangaskhan|Double-Edge|p2a: Sylveon
|-damage|p2a: Sylveon|0 fnt
|faint|p2a: Sylveon
|-damage|p1b: Kangaskhan|79/100|[from] Recoil
|move|p2b: Kingambit|Iron Head|p1a: Whimsicott
|-supereffective|p1a: Whimsicott|1
|-damage|p1a: Whimsicott|0 fnt
|faint|p1a: Whimsicott
|
|upkeep
|
|t:|1782513225
|switch|p1a: Garchomp|Garchomp, L50, M|4/100
|switch|p2a: Garchomp|Garchomp, L50, M|36/100
|turn|4
|
|t:|1782513235
|move|p2b: Kingambit|Sucker Punch|p1a: Garchomp
|-damage|p1a: Garchomp|0 fnt
|-damage|p2b: Kingambit|50/100g|[from] ability: Rough Skin|[of] p1a: Garchomp
|faint|p1a: Garchomp
|move|p1b: Kangaskhan|Ice Punch|p2a: Garchomp
|-supereffective|p2a: Garchomp|2
|-damage|p2a: Garchomp|0 fnt
|-damage|p1b: Kangaskhan|66/100|[from] ability: Rough Skin|[of] p2a: Garchomp
|faint|p2a: Garchomp
|
|-sideend|p1: Olciax34|move: Tailwind
|upkeep
|
|t:|1782513245
|switch|p1a: Charizard|Charizard, L50, M|100/100
|turn|5
|-message|maesker forfeited.
|
|win|Olciax34
