|j|☆zeedra
|j|☆ultraquesito
|html|zeedraultraquesito    
|uhtml|bestof|Game 3 of a best-of-3
|t:|1785098009
|gametype|doubles
|player|p1|zeedra|chili|
|player|p2|ultraquesito|170|
|gen|9
|tier|[Gen 9 Champions] VGC 2026 Reg M-B (Bo3)
|rule|Species Clause: Limit one of each Pokémon
|rule|Item Clause: Limit 1 of each item
|clearpoke
|poke|p1|Floette-Eternal, L50, F|
|poke|p1|Basculegion, L50, M|
|poke|p1|Sneasler, L50, F|
|poke|p1|Weavile, L50, F|
|poke|p1|Aerodactyl, L50, F|
|poke|p1|Hydreigon, L50, F|
|poke|p2|Blaziken, L50, M|
|poke|p2|Farigiraf, L50, F|
|poke|p2|Venusaur, L50, M|
|poke|p2|Torkoal, L50, M|
|poke|p2|Kingambit, L50, F|
|poke|p2|Grimmsnarl, L50, M|
|teampreview|4
|showteam|p1|Floette-Eternal||Floettite|FlowerVeil|DazzlingGleam,Moonblast,Protect,CalmMind|Timid||F|||50|]Basculegion||ChoiceScarf|Adaptability|AquaJet,LastRespects,WaveCrash,FlipTurn|Jolly||M|||50|]Sneasler||WhiteHerb|PoisonTouch|CloseCombat,DireClaw,ShadowClaw,FakeOut|Jolly||F|||50|]Weavile||FocusSash|Pickpocket|FakeOut,LowKick,KnockOff,TripleAxel|Jolly||F|||50|]Aerodactyl||Aerodactylite|Unnerve|RockSlide,Protect,DualWingbeat,Tailwind|Jolly||F|||50|]Hydreigon||LifeOrb|Levitate|DracoMeteor,DarkPulse,Protect,Flamethrower|Timid||F|||50|
|showteam|p2|Blaziken||Blazikenite|SpeedBoost|FlareBlitz,CloseCombat,RockSlide,Detect|Adamant||M|||50|]Farigiraf||SitrusBerry|ArmorTail|Psychic,Thunderbolt,HelpingHand,TrickRoom|Relaxed||F|||50|]Venusaur||LifeOrb|Chlorophyll|EnergyBall,SludgeBomb,EarthPower,Protect|Modest||M|||50|]Torkoal||Leftovers|Drought|WeatherBall,Yawn,HelpingHand,Protect|Relaxed||M|||50|]Kingambit||FocusSash|Defiant|KowtowCleave,SuckerPunch,IronHead,Protect|Adamant||F|||50|]Grimmsnarl||LightClay|Prankster|SpiritBreak,Reflect,LightScreen,FakeOut|Careful||M|||50|
|
|t:|1785098106
|teamsize|p1|4
|teamsize|p2|4
|start
|switch|p1a: Sneasler|Sneasler, L50, F|100/100
|switch|p1b: Floette|Floette-Eternal, L50, F|100/100
|switch|p2a: Grimmsnarl|Grimmsnarl, L50, M|100/100
|switch|p2b: Torkoal|Torkoal, L50, M|100/100
|-weather|SunnyDay|[from] ability: Drought|[of] p2b: Torkoal
|turn|1
|
|t:|1785098133
|switch|p2b: Farigiraf|Farigiraf, L50, F|100/100
|detailschange|p1b: Floette|Floette-Mega, L50, F
|-mega|p1b: Floette|Floette|Floettite
|-ability|p1b: Floette|Fairy Aura
|move|p1a: Sneasler|Fake Out||[still]
|cant|p2b: Farigiraf|ability: Armor Tail|Fake Out|[of] p1a: Sneasler
|move|p2a: Grimmsnarl|Light Screen|p2a: Grimmsnarl
|-sidestart|p2: ultraquesito|move: Light Screen
|move|p1b: Floette|Calm Mind|p1b: Floette
|-boost|p1b: Floette|spa|1
|-boost|p1b: Floette|spd|1
|
|-weather|SunnyDay|[upkeep]
|upkeep
|turn|2
|
|t:|1785098189
|move|p2a: Grimmsnarl|Reflect|p2a: Grimmsnarl
|-sidestart|p2: ultraquesito|Reflect
|move|p1a: Sneasler|Dire Claw|p2b: Farigiraf
|-damage|p2b: Farigiraf|79/100
|move|p1b: Floette|Calm Mind|p1b: Floette
|-boost|p1b: Floette|spa|1
|-boost|p1b: Floette|spd|1
|move|p2b: Farigiraf|Psychic|p1a: Sneasler
|-supereffective|p1a: Sneasler|2
|-damage|p1a: Sneasler|0 fnt
|faint|p1a: Sneasler
|
|-weather|SunnyDay|[upkeep]
|upkeep
|
|t:|1785098211
|switch|p1a: Basculegion|Basculegion, L50, M|100/100
|turn|3
|
|t:|1785098229
|move|p1a: Basculegion|Flip Turn|p2b: Farigiraf
|-damage|p2b: Farigiraf|69/100
|
|t:|1785098234
|switch|p1a: Hydreigon|Hydreigon, L50, F|100/100|[from] Flip Turn
|move|p1b: Floette|Dazzling Gleam|p2a: Grimmsnarl|[spread] p2a,p2b
|-supereffective|p2a: Grimmsnarl|1
|-damage|p2a: Grimmsnarl|0 fnt
|-damage|p2b: Farigiraf|12/100
|-enditem|p2b: Farigiraf|Sitrus Berry|[eat]
|-heal|p2b: Farigiraf|37/100|[from] item: Sitrus Berry
|faint|p2a: Grimmsnarl
|move|p2b: Farigiraf|Trick Room|p2b: Farigiraf
|-fieldstart|move: Trick Room|[of] p2b: Farigiraf
|
|-weather|SunnyDay|[upkeep]
|upkeep
|
|t:|1785098245
|switch|p2a: Torkoal|Torkoal, L50, M|100/100
|turn|4
|
|t:|1785098342
|switch|p2b: Venusaur|Venusaur, L50, M|100/100
|move|p1b: Floette|Protect|p1b: Floette
|-singleturn|p1b: Floette|Protect
|move|p2a: Torkoal|Yawn|p1a: Hydreigon
|-start|p1a: Hydreigon|move: Yawn|[of] p2a: Torkoal
|move|p1a: Hydreigon|Draco Meteor|p2a: Torkoal
|-damage|p2a: Torkoal|42/100
|-unboost|p1a: Hydreigon|spa|2
|-damage|p1a: Hydreigon|90/100|[from] item: Life Orb
|
|-weather|SunnyDay|[upkeep]
|-heal|p2a: Torkoal|49/100|[from] item: Leftovers
|upkeep
|turn|5
|
|t:|1785098374
|switch|p1a: Basculegion|Basculegion, L50, M|100/100
|move|p2a: Torkoal|Weather Ball|p1b: Floette
|-damage|p1b: Floette|77/100
|move|p1b: Floette|Dazzling Gleam|p2a: Torkoal|[spread] p2a,p2b
|-resisted|p2a: Torkoal|1
|-crit|p2a: Torkoal
|-resisted|p2b: Venusaur|1
|-damage|p2a: Torkoal|0 fnt
|-damage|p2b: Venusaur|66/100
|faint|p2a: Torkoal
|move|p2b: Venusaur|Sludge Bomb|p1b: Floette
|-supereffective|p1b: Floette|1
|-damage|p1b: Floette|31/100
|-damage|p2b: Venusaur|56/100|[from] item: Life Orb
|
|-weather|none
|upkeep
|
|t:|1785098388
|switch|p2a: Farigiraf|Farigiraf, L50, F|37/100
|turn|6
|
|t:|1785098398
|switch|p1a: Hydreigon|Hydreigon, L50, F|90/100
|move|p1b: Floette|Protect|p1b: Floette
|-singleturn|p1b: Floette|Protect
|move|p2a: Farigiraf|Thunderbolt|p1a: Hydreigon
|-resisted|p1a: Hydreigon|1
|-damage|p1a: Hydreigon|77/100
|move|p2b: Venusaur|Energy Ball|p1a: Hydreigon
|-resisted|p1a: Hydreigon|1
|-damage|p1a: Hydreigon|46/100
|-damage|p2b: Venusaur|47/100|[from] item: Life Orb
|
|upkeep
|turn|7
|
|t:|1785098420
|move|p2a: Farigiraf|Psychic|p1b: Floette
|-damage|p1b: Floette|16/100
|-unboost|p1b: Floette|spd|1
|move|p2b: Venusaur|Sludge Bomb|p1b: Floette
|-supereffective|p1b: Floette|1
|-damage|p1b: Floette|0 fnt
|faint|p1b: Floette
|-damage|p2b: Venusaur|37/100|[from] item: Life Orb
|move|p1a: Hydreigon|Flamethrower|p2b: Venusaur
|-supereffective|p2b: Venusaur|1
|-damage|p2b: Venusaur|0 fnt
|faint|p2b: Venusaur
|-damage|p1a: Hydreigon|36/100|[from] item: Life Orb
|
|-fieldend|move: Trick Room
|upkeep
|
|t:|1785098436
|switch|p1b: Basculegion|Basculegion, L50, M|100/100
|turn|8
|
|t:|1785098443
|move|p1b: Basculegion|Wave Crash|p2a: Farigiraf
|-damage|p2a: Farigiraf|1/100
|-damage|p1b: Basculegion|87/100|[from] Recoil
|move|p1a: Hydreigon|Dark Pulse|p2a: Farigiraf
|-supereffective|p2a: Farigiraf|1
|-damage|p2a: Farigiraf|0 fnt
|faint|p2a: Farigiraf
|-damage|p1a: Hydreigon|27/100|[from] item: Life Orb
|
|win|zeedra
|c|☆ultraquesito|gg
|c|☆zeedra|gg
|l|☆ultraquesito
|player|p2|
