|j|☆r00mservice7
|j|‽32e3wew3dew
|html|r00mservice732e3wew3dew    
|uhtml|bestof|Game 2 of a best-of-3
|t:|1784639169
|gametype|doubles
|player|p1|r00mservice7|1|1000
|player|p2|32e3wew3dew|265|1000
|gen|9
|tier|[Gen 9 Champions] VGC 2026 Reg M-B (Bo3)
|rated|
|rule|Species Clause: Limit one of each Pokémon
|rule|Item Clause: Limit 1 of each item
|clearpoke
|poke|p1|Staraptor, L50, F|
|poke|p1|Tyranitar, L50, F|
|poke|p1|Excadrill, L50, M|
|poke|p1|Gholdengo, L50|
|poke|p1|Milotic, L50, M|
|poke|p1|Tsareena, L50, F|
|poke|p2|Pelipper, L50, M|
|poke|p2|Farigiraf, L50, F|
|poke|p2|Gholdengo, L50|
|poke|p2|Kingambit, L50, M|
|poke|p2|Dragonite, L50, M|
|poke|p2|Metagross, L50|
|teampreview|4
|showteam|p1|Staraptor||Staraptite|Intimidate|BraveBird,CloseCombat,Tailwind,Protect|Jolly||F|||50|]Tyranitar||Tyranitarite|SandStream|RockSlide,KnockOff,DragonDance,Protect|Jolly||F|||50|]Excadrill||FocusSash|SandRush|HighHorsepower,IronHead,RockSlide,Protect|Adamant||M|||50|]Gholdengo||LifeOrb|GoodasGold|MakeItRain,ShadowBall,NastyPlot,Protect|Modest|||||50|]Milotic||SitrusBerry|Competitive|Scald,IcyWind,Haze,Protect|Calm||M|||50|]Tsareena||ExpertBelt|QueenlyMajesty|TropKick,LowKick,Taunt,Protect|Adamant||F|||50|
|showteam|p2|Pelipper||FocusSash|Drizzle|Protect,Hurricane,WeatherBall,Tailwind|Bold||M|||50|]Farigiraf||SitrusBerry|ArmorTail|TrickRoom,Psychic,HelpingHand,Protect|Sassy||F|||50|]Gholdengo||LifeOrb|GoodasGold|Protect,MakeItRain,ShadowBall,NastyPlot|Modest|||||50|]Kingambit||ChopleBerry|Defiant|Protect,KowtowCleave,IronHead,SuckerPunch|Adamant||M|||50|]Dragonite||Dragoninite|Multiscale|Hurricane,Thunderbolt,DracoMeteor,Protect|Serious||M|||50|]Metagross||Metagrossite|ClearBody|Earthquake,PsychicFangs,Protect,MeteorMash|Jolly|||||50|
|inactive|Battle timer is ON: inactive players will automatically lose when time's up. (requested by r00mservice7)
|inactive|r00mservice7 has 60 seconds left.
|inactive|32e3wew3dew has 60 seconds left.
|
|t:|1784639224
|teamsize|p1|4
|teamsize|p2|4
|start
|switch|p1a: Gholdengo|Gholdengo, L50|100/100
|switch|p1b: Tsareena|Tsareena, L50, F|100/100
|switch|p2a: Metagross|Metagross, L50|100/100
|switch|p2b: Gholdengo|Gholdengo, L50|100/100
|turn|1
|inactive|r00mservice7 has 30 seconds left.
|inactive|r00mservice7 has 20 seconds left.
|
|t:|1784639262
|move|p2a: Metagross|Protect|p2a: Metagross
|-singleturn|p2a: Metagross|Protect
|move|p1a: Gholdengo|Protect|p1a: Gholdengo
|-singleturn|p1a: Gholdengo|Protect
|move|p1b: Tsareena|Trop Kick|p2a: Metagross
|-activate|p2a: Metagross|move: Protect
|move|p2b: Gholdengo|Shadow Ball|p1a: Gholdengo
|-activate|p1a: Gholdengo|move: Protect
|
|upkeep
|turn|2
|inactive|r00mservice7 has 30 seconds left.
|inactive|32e3wew3dew has 30 seconds left.
|inactive|r00mservice7 has 20 seconds left.
|
|t:|1784639299
|switch|p2a: Pelipper|Pelipper, L50, M|100/100
|-weather|RainDance|[from] ability: Drizzle|[of] p2a: Pelipper
|move|p1a: Gholdengo|Shadow Ball|p2a: Pelipper
|-damage|p2a: Pelipper|29/100
|-damage|p1a: Gholdengo|90/100|[from] item: Life Orb
|move|p1b: Tsareena|Low Kick|p2a: Pelipper
|-resisted|p2a: Pelipper|1
|-damage|p2a: Pelipper|21/100
|move|p2b: Gholdengo|Shadow Ball|p1a: Gholdengo
|-supereffective|p1a: Gholdengo|1
|-damage|p1a: Gholdengo|0 fnt
|faint|p1a: Gholdengo
|-damage|p2b: Gholdengo|90/100|[from] item: Life Orb
|
|-weather|RainDance|[upkeep]
|upkeep
|
|t:|1784639316
|switch|p1a: Tyranitar|Tyranitar, L50, F|100/100
|-weather|Sandstorm|[from] ability: Sand Stream|[of] p1a: Tyranitar
|turn|3
|inactive|32e3wew3dew has 30 seconds left.
|
|t:|1784639343
|switch|p2a: Kingambit|Kingambit, L50, M|100/100
|move|p1a: Tyranitar|Knock Off|p2b: Gholdengo
|-supereffective|p2b: Gholdengo|1
|-damage|p2b: Gholdengo|0 fnt
|-enditem|p2b: Gholdengo|Life Orb|[from] move: Knock Off|[of] p1a: Tyranitar
|faint|p2b: Gholdengo
|move|p1b: Tsareena|Trop Kick|p2a: Kingambit
|-resisted|p2a: Kingambit|1
|-damage|p2a: Kingambit|86/100
|-unboost|p2a: Kingambit|atk|1
|-ability|p2a: Kingambit|Defiant|boost
|-boost|p2a: Kingambit|atk|2
|
|-weather|Sandstorm|[upkeep]
|-damage|p1b: Tsareena|94/100|[from] Sandstorm
|upkeep
|
|t:|1784639354
|switch|p2b: Metagross|Metagross, L50|100/100
|turn|4
|
|t:|1784639374
|detailschange|p2b: Metagross|Metagross-Mega, L50
|-mega|p2b: Metagross|Metagross|Metagrossite
|move|p1a: Tyranitar|Protect|p1a: Tyranitar
|-singleturn|p1a: Tyranitar|Protect
|move|p1b: Tsareena|Protect|p1b: Tsareena
|-singleturn|p1b: Tsareena|Protect
|move|p2b: Metagross|Meteor Mash|p1a: Tyranitar
|-activate|p1a: Tyranitar|move: Protect
|move|p2a: Kingambit|Iron Head|p1a: Tyranitar
|-activate|p1a: Tyranitar|move: Protect
|
|-weather|Sandstorm|[upkeep]
|-damage|p1b: Tsareena|88/100|[from] Sandstorm
|upkeep
|turn|5
|inactive|r00mservice7 has 30 seconds left.
|
|t:|1784639402
|switch|p1a: Excadrill|Excadrill, L50, M|100/100
|move|p2b: Metagross|Psychic Fangs|p1b: Tsareena
|-damage|p1b: Tsareena|26/100
|move|p1b: Tsareena|Low Kick|p2a: Kingambit
|-supereffective|p2a: Kingambit|2
|-enditem|p2a: Kingambit|Chople Berry|[eat]
|-enditem|p2a: Kingambit|Chople Berry|[weaken]
|-damage|p2a: Kingambit|31/100
|move|p2a: Kingambit|Iron Head|p1a: Excadrill
|-resisted|p1a: Excadrill|1
|-damage|p1a: Excadrill|50/100g
|
|-weather|Sandstorm|[upkeep]
|-damage|p1b: Tsareena|20/100y|[from] Sandstorm
|upkeep
|turn|6
|inactive|r00mservice7 has 30 seconds left.
|
|t:|1784639434
|move|p1a: Excadrill|Protect|p1a: Excadrill
|-singleturn|p1a: Excadrill|Protect
|move|p1b: Tsareena|Protect|p1b: Tsareena
|-singleturn|p1b: Tsareena|Protect
|move|p2a: Kingambit|Protect|p2a: Kingambit
|-singleturn|p2a: Kingambit|Protect
|move|p2b: Metagross|Earthquake|p1b: Tsareena|[spread] 
|-activate|p2a: Kingambit|move: Protect
|-activate|p1a: Excadrill|move: Protect
|-activate|p1b: Tsareena|move: Protect
|
|-weather|Sandstorm|[upkeep]
|-damage|p1b: Tsareena|14/100|[from] Sandstorm
|upkeep
|turn|7
|
|t:|1784639452
|move|p2a: Kingambit|Sucker Punch||[still]
|cant|p1b: Tsareena|ability: Queenly Majesty|Sucker Punch|[of] p2a: Kingambit
|move|p1a: Excadrill|High Horsepower|p2b: Metagross
|-supereffective|p2b: Metagross|1
|-damage|p2b: Metagross|14/100
|move|p2b: Metagross|Meteor Mash|p1a: Excadrill
|-resisted|p1a: Excadrill|1
|-damage|p1a: Excadrill|6/100
|move|p1b: Tsareena|Trop Kick|p2a: Kingambit
|-resisted|p2a: Kingambit|1
|-damage|p2a: Kingambit|17/100
|-unboost|p2a: Kingambit|atk|1
|-ability|p2a: Kingambit|Defiant|boost
|-boost|p2a: Kingambit|atk|2
|
|-weather|none
|upkeep
|turn|8
|inactive|r00mservice7 has 30 seconds left.
|
|t:|1784639482
|switch|p1b: Tyranitar|Tyranitar, L50, F|100/100
|-weather|Sandstorm|[from] ability: Sand Stream|[of] p1b: Tyranitar
|move|p2a: Kingambit|Protect|p2a: Kingambit
|-singleturn|p2a: Kingambit|Protect
|move|p1a: Excadrill|High Horsepower|p2b: Metagross
|-supereffective|p2b: Metagross|1
|-damage|p2b: Metagross|0 fnt
|faint|p2b: Metagross
|
|-weather|Sandstorm|[upkeep]
|upkeep
|-message|32e3wew3dew forfeited.
|
|win|r00mservice7
|raw|r00mservice7's rating: 1000 → 1040(+40 for winning)
|raw|32e3wew3dew's rating: 1000 → 1000(+0 for losing)
|l|‽32e3wew3dew
|player|p2|
