|j|☆EnzoPS
|j|☆cybearaze
|html|EnzoPScybearaze    
|uhtml|bestof|Game 3 of a best-of-3
|t:|1757785207
|gametype|doubles
|player|p1|EnzoPS|cynthia-gen4|1113
|player|p2|cybearaze|266|1030
|gen|9
|tier|[Gen 9] VGC 2025 Reg H (Bo3)
|rated|
|rule|Species Clause: Limit one of each Pokémon
|rule|Item Clause: Limit 1 of each item
|clearpoke
|poke|p1|Pelipper, L50, M|
|poke|p1|Amoonguss, L50, F|
|poke|p1|Archaludon, L50, M|
|poke|p1|Basculegion, L50, M|
|poke|p1|Gholdengo, L50|
|poke|p1|Incineroar, L50, F|
|poke|p2|Hippowdon, L50, F|
|poke|p2|Tyranitar, L50, F|
|poke|p2|Excadrill, L50, F|
|poke|p2|Kilowattrel, L50, M|
|poke|p2|Garchomp, L50, F|
|poke|p2|Gardevoir, L50, M|
|teampreview|4
|showteam|p1|Pelipper||FocusSash|Drizzle|Protect,WeatherBall,Hurricane,Tailwind|||M|||50|,,,,,Ground]Amoonguss||SitrusBerry|Regenerator|Protect,Spore,RagePowder,PollenPuff|||F|||50|,,,,,Water]Archaludon||AssaultVest|Stamina|DragonPulse,ElectroShot,FlashCannon,BodyPress|||M|||50|,,,,,Grass]Basculegion||ChoiceBand|SwiftSwim|FlipTurn,WaveCrash,AquaJet,LastRespects|||M|||50|,,,,,Grass]Gholdengo||LifeOrb|GoodasGold|Protect,MakeItRain,ShadowBall,NastyPlot||||||50|,,,,,Water]Incineroar||SafetyGoggles|Intimidate|FlareBlitz,KnockOff,PartingShot,FakeOut|||F|||50|,,,,,Ghost
|showteam|p2|Hippowdon||Leftovers|SandStream|Earthquake,Yawn,BodyPress,SlackOff|||F|||50|,,,,,Rock]Tyranitar||AssaultVest|SandStream|RockBlast,KnockOff,Earthquake,IronHead|||F|||50|,,,,,Ghost]Excadrill||FocusSash|SandRush|Earthquake,SwordsDance,IronHead,Protect|||F|||50|,,,,,Ground]Kilowattrel||SafetyGoggles|WindPower|Discharge,Tailwind,VoltSwitch,AirSlash|||M|||50|,,,,,Electric]Garchomp||BrightPowder|SandVeil|Earthquake,DragonClaw,RockSlide,PoisonJab|||F|||50|,,,,,Dragon]Gardevoir||ChoiceScarf|Telepathy|DazzlingGleam,Moonblast,MysticalFire,Psychic|||M|||50|,,,,,Fairy
|inactive|Battle timer is ON: inactive players will automatically lose when time's up. (requested by EnzoPS)
|
|t:|1757785253
|teamsize|p1|4
|teamsize|p2|4
|start
|switch|p1a: Archaludon|Archaludon, L50, M|100/100
|switch|p1b: Amoonguss|Amoonguss, L50, F|100/100
|switch|p2a: Kilowattrel|Kilowattrel, L50, M|100/100
|switch|p2b: Hippowdon|Hippowdon, L50, F|100/100
|-weather|Sandstorm|[from] ability: Sand Stream|[of] p2b: Hippowdon
|turn|1
|inactive|EnzoPS has 30 seconds left.
|inactive|EnzoPS has 20 seconds left.
|
|t:|1757785289
|move|p2a: Kilowattrel|Discharge|p1a: Archaludon|[spread] p1a,p1b
|-immune|p2b: Hippowdon
|-resisted|p1a: Archaludon
|-resisted|p1b: Amoonguss
|-damage|p1a: Archaludon|91/100
|-damage|p1b: Amoonguss|90/100
|-ability|p1a: Archaludon|Stamina|boost
|-boost|p1a: Archaludon|def|1
|move|p1a: Archaludon|Body Press|p2b: Hippowdon
|-damage|p2b: Hippowdon|75/100
|move|p2b: Hippowdon|Yawn|p1a: Archaludon
|-start|p1a: Archaludon|move: Yawn|[of] p2b: Hippowdon
|move|p1b: Amoonguss|Spore|p2b: Hippowdon
|-status|p2b: Hippowdon|slp|[from] move: Spore
|
|-weather|Sandstorm|[upkeep]
|-damage|p1b: Amoonguss|84/100|[from] Sandstorm
|-heal|p2b: Hippowdon|81/100 slp|[from] item: Leftovers
|upkeep
|turn|2
|inactive|EnzoPS has 30 seconds left.
|inactive|EnzoPS has 20 seconds left.
|
|t:|1757785327
|switch|p1b: Pelipper|Pelipper, L50, M, shiny|100/100
|-weather|RainDance|[from] ability: Drizzle|[of] p1b: Pelipper
|move|p2a: Kilowattrel|Air Slash|p1b: Pelipper
|-damage|p1b: Pelipper|39/100
|move|p1a: Archaludon|Electro Shot||[still]
|-prepare|p1a: Archaludon|Electro Shot
|-boost|p1a: Archaludon|spa|1
|-anim|p1a: Archaludon|Electro Shot|p2a: Kilowattrel
|-damage|p2a: Kilowattrel|13/100
|cant|p2b: Hippowdon|slp
|
|-weather|RainDance|[upkeep]
|-heal|p2b: Hippowdon|87/100 slp|[from] item: Leftovers
|-end|p1a: Archaludon|move: Yawn|[silent]
|-status|p1a: Archaludon|slp
|upkeep
|turn|3
|inactive|cybearaze has 30 seconds left.
|inactive|cybearaze has 20 seconds left.
|inactive|cybearaze has 15 seconds left.
|inactive|cybearaze has 10 seconds left.
|
|t:|1757785376
|switch|p1b: Amoonguss|Amoonguss, L50, F|100/100
|move|p2a: Kilowattrel|Volt Switch|p1b: Amoonguss
|-resisted|p1b: Amoonguss
|-damage|p1b: Amoonguss|86/100
|
|t:|1757785386
|switch|p2a: Gardevoir|Gardevoir, L50, M|100/100|[from] Volt Switch
|cant|p1a: Archaludon|slp
|-curestatus|p2b: Hippowdon|slp|[msg]
|move|p2b: Hippowdon|Yawn|p1b: Amoonguss
|-start|p1b: Amoonguss|move: Yawn|[of] p2b: Hippowdon
|
|-weather|RainDance|[upkeep]
|-heal|p2b: Hippowdon|93/100|[from] item: Leftovers
|upkeep
|turn|4
|inactive|EnzoPS has 30 seconds left.
|
|t:|1757785412
|switch|p2b: Kilowattrel|Kilowattrel, L50, M|13/100
|switch|p1b: Basculegion|Basculegion, L50, M|100/100
|move|p2a: Gardevoir|Mystical Fire|p1b: Basculegion
|-resisted|p1b: Basculegion
|-damage|p1b: Basculegion|93/100
|-unboost|p1b: Basculegion|spa|1
|-curestatus|p1a: Archaludon|slp|[msg]
|move|p1a: Archaludon|Flash Cannon|p2a: Gardevoir
|-supereffective|p2a: Gardevoir
|-damage|p2a: Gardevoir|0 fnt
|faint|p2a: Gardevoir
|
|-weather|RainDance|[upkeep]
|upkeep
|
|t:|1757785432
|switch|p2a: Excadrill|Excadrill, L50, F|100/100
|turn|5
|
|t:|1757785456
|switch|p2b: Hippowdon|Hippowdon, L50, F|93/100
|-weather|Sandstorm|[from] ability: Sand Stream|[of] p2b: Hippowdon
|-terastallize|p1a: Archaludon|Grass
|move|p2a: Excadrill|Protect|p2a: Excadrill
|-singleturn|p2a: Excadrill|Protect
|move|p1b: Basculegion|Aqua Jet|p2b: Hippowdon
|-supereffective|p2b: Hippowdon
|-damage|p2b: Hippowdon|49/100
|move|p1a: Archaludon|Body Press|p2b: Hippowdon
|-damage|p2b: Hippowdon|24/100
|
|-weather|Sandstorm|[upkeep]
|-damage|p1b: Basculegion|87/100|[from] Sandstorm
|-damage|p1a: Archaludon|85/100|[from] Sandstorm
|-heal|p2b: Hippowdon|30/100|[from] item: Leftovers
|upkeep
|turn|6
|
|t:|1757785481
|move|p1b: Basculegion|Aqua Jet|p2b: Hippowdon
|-supereffective|p2b: Hippowdon
|-damage|p2b: Hippowdon|0 fnt
|faint|p2b: Hippowdon
|move|p2a: Excadrill|Earthquake|p1b: Basculegion|[spread] p1a,p1b
|-resisted|p1a: Archaludon
|-damage|p1a: Archaludon|74/100
|-damage|p1b: Basculegion|32/100
|-ability|p1a: Archaludon|Stamina|boost
|-boost|p1a: Archaludon|def|1
|move|p1a: Archaludon|Body Press|p2a: Excadrill
|-supereffective|p2a: Excadrill
|-enditem|p2a: Excadrill|Focus Sash
|-damage|p2a: Excadrill|1/100
|
|-weather|Sandstorm|[upkeep]
|-damage|p1b: Basculegion|26/100|[from] Sandstorm
|-damage|p1a: Archaludon|68/100|[from] Sandstorm
|upkeep
|
|t:|1757785495
|switch|p2b: Kilowattrel|Kilowattrel, L50, M|13/100
|turn|7
|inactive|EnzoPS has 30 seconds left.
|
|t:|1757785524
|move|p1b: Basculegion|Aqua Jet|p2b: Kilowattrel
|-damage|p2b: Kilowattrel|0 fnt
|faint|p2b: Kilowattrel
|move|p2a: Excadrill|Earthquake|p1a: Archaludon|[spread] p1a,p1b
|-resisted|p1a: Archaludon
|-damage|p1a: Archaludon|59/100
|-damage|p1b: Basculegion|0 fnt
|-ability|p1a: Archaludon|Stamina|boost
|-boost|p1a: Archaludon|def|1
|faint|p1b: Basculegion
|move|p1a: Archaludon|Body Press|p2a: Excadrill
|-supereffective|p2a: Excadrill
|-damage|p2a: Excadrill|0 fnt
|faint|p2a: Excadrill
|
|win|EnzoPS
|raw|EnzoPS's rating: 1113 → 1132(+19 for winning)
|raw|cybearaze's rating: 1030 → 1019(-11 for losing)
