|j|☆minccino fan
|j|☆TrainerChrxs
|html|minccino fanTrainerChrxs    
|uhtml|bestof|Game 2 of a best-of-3
|t:|1756345351
|gametype|doubles
|player|p1|minccino fan|169|1277
|player|p2|TrainerChrxs|psychic-gen4|1234
|gen|9
|tier|[Gen 9] VGC 2025 Reg H (Bo3)
|rated|
|rule|Species Clause: Limit one of each Pokémon
|rule|Item Clause: Limit 1 of each item
|clearpoke
|poke|p1|Charizard, L50, M|
|poke|p1|Torkoal, L50, F|
|poke|p1|Porygon2, L50|
|poke|p1|Incineroar, L50, M|
|poke|p1|Jumpluff, L50, M|
|poke|p1|Ursaluna, L50, M|
|poke|p2|Orthworm, L50, F|
|poke|p2|Grimmsnarl, L50, M|
|poke|p2|Dragonite, L50, F|
|poke|p2|Indeedee-F, L50, F|
|poke|p2|Armarouge, L50, M|
|poke|p2|Ursaluna, L50, M|
|teampreview|4
|showteam|p1|Charizard||ChoiceSpecs|SolarPower|HeatWave,Overheat,WeatherBall,AirSlash|||M|||50|,,,,,Ghost]Torkoal||EjectPack|Drought|Eruption,Overheat,HelpingHand,Protect|||F|||50|,,,,,Fire]Porygon2||Eviolite|Download|TeraBlast,IceBeam,Recover,TrickRoom||||||50|,,,,,Fighting]Incineroar||SitrusBerry|Intimidate|FlareBlitz,KnockOff,FakeOut,PartingShot|||M|||50|,,,,,Ghost]Jumpluff||CovertCloak|Chlorophyll|SleepPowder,SunnyDay,RagePowder,Tailwind|||M|||50|,,,,,Water]Ursaluna||FlameOrb|Guts|HeadlongRush,Facade,Earthquake,Protect|||M|||50|,,,,,Ghost
|showteam|p2|Orthworm||SitrusBerry|EarthEater|Protect,BodyPress,HelpingHand,ShedTail|||F|||50|,,,,,Fire]Grimmsnarl||LightClay|Prankster|SpiritBreak,Reflect,LightScreen,PartingShot|||M|||50|,,,,,Ghost]Dragonite||ChoiceBand|Multiscale|Outrage,ExtremeSpeed,Earthquake,TeraBlast|||F|||50|,,,,,Flying]Indeedee-F||MentalHerb|PsychicSurge|FollowMe,TrickRoom,DazzlingGleam,HelpingHand|||F|||50|,,,,,Grass]Armarouge||LifeOrb|FlashFire|Protect,ArmorCannon,ExpandingForce,TrickRoom|||M|||50|,,,,,Grass]Ursaluna||FlameOrb|Guts|Protect,Facade,Earthquake,HeadlongRush|||M|||50|,,,,,Ghost
|inactive|Battle timer is ON: inactive players will automatically lose when time's up. (requested by minccino fan)
|
|t:|1756345379
|teamsize|p1|4
|teamsize|p2|4
|start
|switch|p1a: Porygon2|Porygon2, L50|100/100
|switch|p1b: Incineroar|Incineroar, L50, M|100/100
|switch|p2a: Indeedee|Indeedee-F, L50, F|100/100
|switch|p2b: Orthworm|Orthworm, L50, F, shiny|100/100
|-ability|p1b: Incineroar|Intimidate|boost
|-unboost|p2a: Indeedee|atk|1
|-unboost|p2b: Orthworm|atk|1
|-fieldstart|move: Psychic Terrain|[from] ability: Psychic Surge|[of] p2a: Indeedee
|-ability|p1a: Porygon2|Download|boost
|-boost|p1a: Porygon2|spa|1
|turn|1
|inactive|minccino fan has 30 seconds left.
|
|t:|1756345406
|move|p2a: Indeedee|Follow Me|p2a: Indeedee
|-singleturn|p2a: Indeedee|move: Follow Me
|move|p1b: Incineroar|Knock Off|p2a: Indeedee
|-supereffective|p2a: Indeedee
|-damage|p2a: Indeedee|15/100
|-enditem|p2a: Indeedee|Mental Herb|[from] move: Knock Off|[of] p1b: Incineroar
|move|p2b: Orthworm|Shed Tail|p2b: Orthworm
|-start|p2b: Orthworm|Substitute|[from] move: Shed Tail
|-damage|p2b: Orthworm|50/100
|-enditem|p2b: Orthworm|Sitrus Berry|[eat]
|-heal|p2b: Orthworm|75/100|[from] item: Sitrus Berry
|
|t:|1756345420
|switch|p2b: Ursaluna|Ursaluna, L50, M|100/100|[from] Shed Tail
|move|p1a: Porygon2|Tera Blast|p2a: Indeedee
|-damage|p2a: Indeedee|0 fnt
|faint|p2a: Indeedee
|
|-status|p2b: Ursaluna|brn|[from] item: Flame Orb
|upkeep
|inactive|TrainerChrxs has 30 seconds left.
|
|t:|1756345446
|switch|p2a: Orthworm|Orthworm, L50, F, shiny|75/100
|turn|2
|
|t:|1756345458
|-terastallize|p1b: Incineroar|Ghost
|move|p2b: Ursaluna|Protect|p2b: Ursaluna
|-singleturn|p2b: Ursaluna|Protect
|move|p1b: Incineroar|Parting Shot|p2b: Ursaluna
|-activate|p2b: Ursaluna|move: Protect
|move|p2a: Orthworm|Shed Tail|p2a: Orthworm
|-start|p2a: Orthworm|Substitute|[from] move: Shed Tail
|-damage|p2a: Orthworm|25/100
|
|t:|1756345468
|switch|p2a: Armarouge|Armarouge, L50, M, shiny|100/100|[from] Shed Tail
|move|p1a: Porygon2|Ice Beam|p2b: Ursaluna
|-activate|p2b: Ursaluna|move: Protect
|
|-damage|p2b: Ursaluna|95/100 brn|[from] brn
|upkeep
|turn|3
|
|t:|1756345486
|move|p1b: Incineroar|Knock Off|p2a: Armarouge
|-supereffective|p2a: Armarouge
|-crit|p2a: Armarouge
|-end|p2a: Armarouge|Substitute
|move|p1a: Porygon2|Ice Beam|p2b: Ursaluna
|-supereffective|p2b: Ursaluna
|-end|p2b: Ursaluna|Substitute
|move|p2b: Ursaluna|Facade|p1a: Porygon2
|-damage|p1a: Porygon2|20/100
|move|p2a: Armarouge|Trick Room|p2a: Armarouge
|-fieldstart|move: Trick Room|[of] p2a: Armarouge
|
|-damage|p2b: Ursaluna|89/100 brn|[from] brn
|upkeep
|turn|4
|
|t:|1756345502
|move|p2b: Ursaluna|Headlong Rush|p1b: Incineroar
|-damage|p1b: Incineroar|0 fnt
|-unboost|p2b: Ursaluna|def|1
|-unboost|p2b: Ursaluna|spd|1
|faint|p1b: Incineroar
|move|p2a: Armarouge|Expanding Force|p1a: Porygon2
|-damage|p1a: Porygon2|0 fnt
|faint|p1a: Porygon2
|-damage|p2a: Armarouge|91/100|[from] item: Life Orb
|
|-damage|p2b: Ursaluna|83/100 brn|[from] brn
|upkeep
|
|t:|1756345505
|switch|p1a: Ursaluna|Ursaluna, L50, M|100/100
|switch|p1b: Jumpluff|Jumpluff, L50, M|100/100
|turn|5
|inactive|TrainerChrxs has 30 seconds left.
|
|t:|1756345532
|switch|p2b: Orthworm|Orthworm, L50, F, shiny|25/100
|move|p1b: Jumpluff|Rage Powder|p1b: Jumpluff
|-singleturn|p1b: Jumpluff|move: Rage Powder
|move|p2a: Armarouge|Armor Cannon|p1b: Jumpluff
|-supereffective|p1b: Jumpluff
|-damage|p1b: Jumpluff|0 fnt
|-unboost|p2a: Armarouge|def|1
|-unboost|p2a: Armarouge|spd|1
|faint|p1b: Jumpluff
|-damage|p2a: Armarouge|81/100|[from] item: Life Orb
|move|p1a: Ursaluna|Earthquake|p2a: Armarouge|[spread] p2a
|-heal|p2b: Orthworm|50/100|[from] ability: Earth Eater|[of] p1a: Ursaluna
|-supereffective|p2a: Armarouge
|-damage|p2a: Armarouge|0 fnt
|faint|p2a: Armarouge
|
|-fieldend|move: Psychic Terrain
|-status|p1a: Ursaluna|brn|[from] item: Flame Orb
|upkeep
|
|t:|1756345552
|switch|p2a: Ursaluna|Ursaluna, L50, M|83/100 brn
|turn|6
|
|t:|1756345570
|-terastallize|p2a: Ursaluna|Ghost
|move|p2a: Ursaluna|Facade|p1a: Ursaluna
|-damage|p1a: Ursaluna|4/100 brn
|move|p2b: Orthworm|Body Press|p1a: Ursaluna
|-supereffective|p1a: Ursaluna
|-damage|p1a: Ursaluna|0 fnt
|faint|p1a: Ursaluna
|
|win|TrainerChrxs
|raw|minccino fan's rating: 1277 → 1249(-28 for losing)
|raw|TrainerChrxs's rating: 1234 → 1262(+28 for winning)
