|j|☆JonnyNerd
|j|☆DeewompostYT
|html|JonnyNerdDeewompostYT    
|uhtml|bestof|Game 2 of a best-of-3
|t:|1785288454
|gametype|doubles
|player|p1|JonnyNerd|waiter-gen4dp|
|player|p2|DeewompostYT|guitarist|
|gen|9
|tier|[Gen 9 Champions] VGC 2026 Reg M-B (Bo3)
|rule|Species Clause: Limit one of each Pokémon
|rule|Item Clause: Limit 1 of each item
|clearpoke
|poke|p1|Mamoswine, L50, M|
|poke|p1|Basculegion, L50, M|
|poke|p1|Gardevoir, L50, F|
|poke|p1|Maushold-Four, L50|
|poke|p1|Talonflame, L50, F|
|poke|p1|Raichu, L50, M|
|poke|p2|Whimsicott, L50, M|
|poke|p2|Kommo-o, L50, M|
|poke|p2|Charizard, L50, F|
|poke|p2|Incineroar, L50, F|
|poke|p2|Sylveon, L50, F|
|poke|p2|Basculegion, L50, M|
|teampreview|4
|showteam|p1|Mamoswine||FocusSash|Oblivious|Protect,IceShard,RockTomb,Earthquake|Adamant||M|||50|]Basculegion||ChoiceScarf|Adaptability|LastRespects,WaveCrash,AquaJet,FlipTurn|Jolly||M|||50|]Gardevoir||Gardevoirite|Telepathy|Protect,Psyshock,HyperVoice,CalmMind|Modest||F|||50|]Maushold-Four||ChopleBerry|FriendGuard|Protect,SuperFang,Taunt,FollowMe|Impish|||||50|]Talonflame||SharpBeak|GaleWings|QuickGuard,Tailwind,BraveBird,FlareBlitz|Jolly||F|||50|]Raichu||RaichuniteY|LightningRod|Protect,FakeOut,ZapCannon,FocusBlast|Modest||M|||50|
|showteam|p2|Whimsicott||FocusSash|Prankster|Tailwind,Moonblast,Encore,Protect|Timid||M|||50|]Kommo-o||LifeOrb|Overcoat|ClangingScales,AuraSphere,VacuumWave,Protect|Modest||M|||50|]Charizard||CharizarditeY|Blaze|HeatWave,SolarBeam,WeatherBall,Protect|Modest||F|||50|]Incineroar||SitrusBerry|Intimidate|FakeOut,FlareBlitz,DarkestLariat,PartingShot|Adamant||F|||50|]Sylveon||FairyFeather|Pixilate|HyperVoice,HyperBeam,QuickAttack,Detect|Modest||F|||50|]Basculegion||MysticWater|SwiftSwim|WaveCrash,LastRespects,AquaJet,Protect|Adamant||M|||50|
|
|t:|1785288504
|teamsize|p1|4
|teamsize|p2|4
|start
|switch|p1a: Raichu|Raichu, L50, M|100/100
|switch|p1b: Talonflame|Talonflame, L50, F|100/100
|switch|p2a: Incineroar|Incineroar, L50, F|100/100
|switch|p2b: Basculegion|Basculegion, L50, M|100/100
|-ability|p2a: Incineroar|Intimidate|boost
|-unboost|p1a: Raichu|atk|1
|-unboost|p1b: Talonflame|atk|1
|turn|1
|
|t:|1785288532
|switch|p1a: Basculegion|Basculegion, L50, M|100/100
|move|p2a: Incineroar|Fake Out|p1a: Basculegion
|-immune|p1a: Basculegion
|move|p1b: Talonflame|Tailwind|p1b: Talonflame
|-sidestart|p1: JonnyNerd|move: Tailwind
|move|p2b: Basculegion|Wave Crash|p1a: Basculegion
|-resisted|p1a: Basculegion|1
|-damage|p1a: Basculegion|53/100
|-damage|p2b: Basculegion|84/100|[from] Recoil
|
|upkeep
|turn|2
|
|t:|1785288579
|move|p1b: Talonflame|Brave Bird|p2a: Incineroar
|-damage|p2a: Incineroar|57/100
|-damage|p1b: Talonflame|84/100|[from] Recoil
|move|p1a: Basculegion|Wave Crash|p2a: Incineroar
|-supereffective|p2a: Incineroar|1
|-damage|p2a: Incineroar|0 fnt
|faint|p2a: Incineroar
|-damage|p1a: Basculegion|36/100|[from] Recoil
|move|p2b: Basculegion|Last Respects|p1a: Basculegion
|-supereffective|p1a: Basculegion|1
|-damage|p1a: Basculegion|0 fnt
|faint|p1a: Basculegion
|
|upkeep
|
|t:|1785288594
|switch|p1a: Raichu|Raichu, L50, M|100/100
|switch|p2a: Sylveon|Sylveon, L50, F|100/100
|turn|3
|
|t:|1785288658
|detailschange|p1a: Raichu|Raichu-Mega-Y, L50, M
|-mega|p1a: Raichu|Raichu|Raichunite Y
|move|p1b: Talonflame|Brave Bird|p2a: Sylveon
|-damage|p2a: Sylveon|52/100
|-damage|p1b: Talonflame|64/100|[from] Recoil
|move|p1a: Raichu|Zap Cannon|p2a: Sylveon
|-damage|p2a: Sylveon|2/100
|-status|p2a: Sylveon|par
|move|p2b: Basculegion|Wave Crash|p1b: Talonflame
|-supereffective|p1b: Talonflame|1
|-damage|p1b: Talonflame|0 fnt
|faint|p1b: Talonflame
|-damage|p2b: Basculegion|67/100|[from] Recoil
|move|p2a: Sylveon|Hyper Beam|p1a: Raichu
|-damage|p1a: Raichu|0 fnt
|-mustrecharge|p2a: Sylveon
|faint|p1a: Raichu
|
|upkeep
|
|t:|1785288674
|switch|p1b: Mamoswine|Mamoswine, L50, M|100/100
|turn|4
|
|t:|1785288681
|move|p2b: Basculegion|Aqua Jet|p1b: Mamoswine
|-supereffective|p1b: Mamoswine|1
|-damage|p1b: Mamoswine|44/100
|move|p1b: Mamoswine|Earthquake|p2a: Sylveon|[spread] p2a,p2b
|-damage|p2a: Sylveon|0 fnt
|-damage|p2b: Basculegion|24/100
|faint|p2a: Sylveon
|
|-sideend|p1: JonnyNerd|move: Tailwind
|upkeep
|
|t:|1785288686
|switch|p2a: Charizard|Charizard, L50, F|100/100
|turn|5
|c|☆JonnyNerd|well played
|-message|JonnyNerd forfeited.
|
|win|DeewompostYT
|l|☆JonnyNerd
|player|p1|
