|j|☆cal_cvgcl
|j|☆odggggg
|html|cal_cvgclodggggg    
|uhtml|bestof|Game 3 of a best-of-3
|t:|1756348985
|gametype|doubles
|player|p1|cal_cvgcl|101|1076
|player|p2|odggggg|1|1040
|gen|9
|tier|[Gen 9] VGC 2025 Reg H (Bo3)
|rated|
|rule|Species Clause: Limit one of each Pokémon
|rule|Item Clause: Limit 1 of each item
|clearpoke
|poke|p1|Sneasler, L50, F|
|poke|p1|Indeedee, L50, M|
|poke|p1|Volcarona, L50, M|
|poke|p1|Ursaluna-Bloodmoon, L50, M|
|poke|p1|Annihilape, L50, M|
|poke|p1|Tyranitar, L50, M|
|poke|p2|Hatterene, L50, F|
|poke|p2|Rillaboom, L50, M|
|poke|p2|Incineroar, L50, F|
|poke|p2|Ursaluna-Bloodmoon, L50, M|
|poke|p2|Grimmsnarl, L50, M|
|poke|p2|Dragonite, L50, M|
|teampreview|4
|showteam|p1|Sneasler||PsychicSeed|Unburden|CloseCombat,DireClaw,ThroatChop,Protect|||F|||50|,,,,,Dark]Indeedee||ChoiceScarf|PsychicSurge|ExpandingForce,TeraBlast,Trick,Protect|||M|||50|,,,,,Psychic]Volcarona||SitrusBerry|FlameBody|Overheat,StruggleBug,RagePowder,Tailwind|||M|||50|,,,,,Grass]Ursaluna-Bloodmoon||LifeOrb|MindsEye|BloodMoon,HyperVoice,EarthPower,Protect|||M|||50|,,,,,Normal]Annihilape||SafetyGoggles|Defiant|CloseCombat,RageFist,Taunt,FinalGambit|||M|||50|,,,,,Fairy]Tyranitar||AssaultVest|SandStream|RockSlide,KnockOff,TeraBlast,LowKick|||M|||50|,,,,,Flying
|showteam|p2|Hatterene||FocusSash|MagicBounce|TrickRoom,PsychicNoise,Protect,DazzlingGleam|||F|||50|,,,,,Steel]Rillaboom||ClearAmulet|GrassySurge|FakeOut,DrainPunch,WoodHammer,KnockOff|||M|||50|,,,,,Fire]Incineroar||SitrusBerry|Intimidate|FakeOut,PartingShot,FlareBlitz,KnockOff|||F|||50|,,,,,Ghost]Ursaluna-Bloodmoon||AssaultVest|MindsEye|BloodMoon,EarthPower,TeraBlast,HyperVoice|||M|||50|,,,,,Ice]Grimmsnarl||Leftovers|Prankster|ThunderWave,SpiritBreak,FakeTears,PartingShot|||M|||50|,,,,,Steel]Dragonite||NormalGem|Multiscale|DragonDance,ExtremeSpeed,ThunderPunch,DragonClaw|||M|||50|,,,,,Normal
|inactive|Battle timer is ON: inactive players will automatically lose when time's up. (requested by cal_cvgcl)
|inactive|cal_cvgcl has 60 seconds left.
|
|t:|1756349039
|teamsize|p1|4
|teamsize|p2|4
|start
|switch|p1a: Annihilape|Annihilape, L50, M|100/100
|switch|p1b: Volcarona|Volcarona, L50, M|100/100
|switch|p2a: Incineroar|Incineroar, L50, F|100/100
|switch|p2b: Hatterene|Hatterene, L50, F, shiny|100/100
|-ability|p2a: Incineroar|Intimidate|boost
|-unboost|p1a: Annihilape|atk|1
|-ability|p1a: Annihilape|Defiant|boost
|-boost|p1a: Annihilape|atk|2
|-unboost|p1b: Volcarona|atk|1
|turn|1
|inactive|cal_cvgcl has 30 seconds left.
|inactive|odggggg has 30 seconds left.
|inactive|cal_cvgcl has 20 seconds left.
|inactive|odggggg has 20 seconds left.
|inactive|odggggg has 15 seconds left.
|
|t:|1756349081
|move|p1b: Volcarona|Struggle Bug|p2b: Hatterene|[spread] p2a,p2b
|-damage|p2a: Incineroar|86/100
|-damage|p2b: Hatterene|76/100
|-unboost|p2a: Incineroar|spa|1
|-unboost|p2b: Hatterene|spa|1
|move|p1a: Annihilape|Taunt|p2a: Incineroar
|-start|p2a: Incineroar|move: Taunt
|move|p2a: Incineroar|Knock Off|p1a: Annihilape
|-crit|p1a: Annihilape
|-damage|p1a: Annihilape|32/100
|-enditem|p1a: Annihilape|Safety Goggles|[from] move: Knock Off|[of] p2a: Incineroar
|move|p2b: Hatterene|Trick Room|p2b: Hatterene
|-fieldstart|move: Trick Room|[of] p2b: Hatterene
|
|upkeep
|turn|2
|inactive|cal_cvgcl has 30 seconds left.
|
|t:|1756349115
|-terastallize|p1a: Annihilape|Fairy
|move|p2b: Hatterene|Dazzling Gleam|p1b: Volcarona|[spread] p1a,p1b
|-resisted|p1b: Volcarona
|-damage|p1a: Annihilape|7/100
|-damage|p1b: Volcarona|89/100
|move|p2a: Incineroar|Knock Off|p1b: Volcarona
|-damage|p1b: Volcarona|30/100
|-enditem|p1b: Volcarona|Sitrus Berry|[from] move: Knock Off|[of] p2a: Incineroar
|move|p1a: Annihilape|Rage Fist|p2b: Hatterene
|-supereffective|p2b: Hatterene
|-damage|p2b: Hatterene|0 fnt
|faint|p2b: Hatterene
|move|p1b: Volcarona|Struggle Bug|p2a: Incineroar
|-damage|p2a: Incineroar|64/100
|-unboost|p2a: Incineroar|spa|1
|
|upkeep
|
|t:|1756349132
|switch|p2b: Ursaluna|Ursaluna-Bloodmoon, L50, M|100/100
|turn|3
|
|t:|1756349156
|move|p1b: Volcarona|Rage Powder|p1b: Volcarona
|-singleturn|p1b: Volcarona|move: Rage Powder
|move|p2b: Ursaluna|Hyper Voice|p1a: Annihilape|[spread] p1a,p1b
|-crit|p1b: Volcarona
|-damage|p1a: Annihilape|0 fnt
|-damage|p1b: Volcarona|0 fnt
|faint|p1a: Annihilape
|faint|p1b: Volcarona
|move|p2a: Incineroar|Flare Blitz|p1: Annihilape|[notarget]
|-fail|p2a: Incineroar
|
|-end|p2a: Incineroar|move: Taunt
|upkeep
|
|t:|1756349163
|switch|p1a: Indeedee|Indeedee, L50, M|100/100
|switch|p1b: Ursaluna|Ursaluna-Bloodmoon, L50, M|100/100
|-fieldstart|move: Psychic Terrain|[from] ability: Psychic Surge|[of] p1a: Indeedee
|turn|4
|inactive|cal_cvgcl has 30 seconds left.
|
|t:|1756349193
|move|p2b: Ursaluna|Hyper Voice|p1b: Ursaluna|[spread] p1a,p1b
|-damage|p1a: Indeedee|47/100
|-damage|p1b: Ursaluna|45/100
|move|p2a: Incineroar|Parting Shot|p1b: Ursaluna
|-unboost|p1b: Ursaluna|atk|1
|-unboost|p1b: Ursaluna|spa|1
|
|t:|1756349200
|switch|p2a: Rillaboom|Rillaboom, L50, M, shiny|100/100|[from] Parting Shot
|-fieldstart|move: Grassy Terrain|[from] ability: Grassy Surge|[of] p2a: Rillaboom
|move|p1b: Ursaluna|Earth Power|p2a: Rillaboom
|-resisted|p2a: Rillaboom
|-damage|p2a: Rillaboom|76/100
|-damage|p1b: Ursaluna|35/100|[from] item: Life Orb
|move|p1a: Indeedee|Expanding Force|p2a: Rillaboom
|-damage|p2a: Rillaboom|26/100
|
|-heal|p1b: Ursaluna|41/100|[from] Grassy Terrain
|-heal|p2a: Rillaboom|32/100|[from] Grassy Terrain
|-heal|p1a: Indeedee|53/100|[from] Grassy Terrain
|upkeep
|turn|5
|c|☆odggggg|gg
|-message|cal_cvgcl forfeited.
|raw|cal_cvgcl's rating: 1076 → 1052(-24 for losing)
|raw|odggggg's rating: 1040 → 1078(+38 for winning)
|
|win|odggggg
