|j|‽Piuxxy
|j|☆andiom123
|html|Piuxxyandiom123    
|uhtml|bestof|Game 2 of a best-of-3
|t:|1783657208
|gametype|doubles
|player|p1|Piuxxy|brycen|1089
|player|p2|andiom123|red|1206
|gen|9
|tier|[Gen 9 Champions] VGC 2026 Reg M-B (Bo3)
|rated|
|rule|Species Clause: Limit one of each Pokémon
|rule|Item Clause: Limit 1 of each item
|clearpoke
|poke|p1|Eelektross, L50, M|
|poke|p1|Emolga, L50, M|
|poke|p1|Ninetales-Alola, L50, M|
|poke|p1|Sinistcha, L50|
|poke|p1|Kleavor, L50, M|
|poke|p1|Mamoswine, L50, M|
|poke|p2|Incineroar, L50, F|
|poke|p2|Farigiraf, L50, F|
|poke|p2|Sylveon, L50, F|
|poke|p2|Torkoal, L50, F|
|poke|p2|Kangaskhan, L50, F|
|poke|p2|Mawile, L50, M|
|teampreview|4
|showteam|p1|Eelektross||Eelektrossite|Levitate|Discharge,GigaDrain,Flamethrower,Protect|Timid||M|||50|]Emolga||FocusSash|MotorDrive|SpeedSwap,VoltSwitch,Nuzzle,Protect|Timid||M|||50|]Ninetales-Alola||LightClay|SnowWarning|DazzlingGleam,IcyWind,AuroraVeil,Protect|Timid||M|||50|]Sinistcha||SitrusBerry|Hospitality|MatchaGotcha,LifeDew,Imprison,TrickRoom|Bold|||||50|]Kleavor||LifeOrb|Sharpness|XScissor,StoneAxe,Feint,QuickGuard|Adamant||M|||50|]Mamoswine||Leftovers|Oblivious|Earthquake,IcicleCrash,ThroatChop,Protect|Adamant||M|||50|
|showteam|p2|Incineroar||MuscleBand|Intimidate|ThroatChop,FlareBlitz,FakeOut,PartingShot|Brave||F|||50|]Farigiraf||SitrusBerry|ArmorTail|FoulPlay,PsychicNoise,TrickRoom,HelpingHand|Relaxed||F|||50|]Sylveon||FairyFeather|Pixilate|HyperVoice,HyperBeam,Yawn,Detect|Modest||F|||50|]Torkoal||Charcoal|Drought|Eruption,SolarBeam,Flamethrower,Protect|Quiet||F|||50|]Kangaskhan||Kangaskhanite|Scrappy|DoubleEdge,FakeOut,IcePunch,HammerArm|Brave||F|||50|]Mawile||Mawilite|HyperCutter|RockSlide,PlayRough,SuckerPunch,Protect|Brave||M|||50|
|
|t:|1783657237
|teamsize|p1|4
|teamsize|p2|4
|start
|switch|p1a: Sinistcha|Sinistcha, L50|100/100
|switch|p1b: Ninetales|Ninetales-Alola, L50, M|100/100
|switch|p2a: Farigiraf|Farigiraf, L50, F|100/100
|switch|p2b: Incineroar|Incineroar, L50, F|100/100
|-weather|Snowscape|[from] ability: Snow Warning|[of] p1b: Ninetales
|-ability|p2b: Incineroar|Intimidate|boost
|-unboost|p1a: Sinistcha|atk|1
|-unboost|p1b: Ninetales|atk|1
|turn|1
|
|t:|1783657270
|move|p1b: Ninetales|Aurora Veil|p1b: Ninetales
|-sidestart|p1: Piuxxy|move: Aurora Veil
|move|p1a: Sinistcha|Imprison|p1a: Sinistcha
|-start|p1a: Sinistcha|move: Imprison
|move|p2b: Incineroar|Flare Blitz|p1a: Sinistcha
|-supereffective|p1a: Sinistcha|1
|-damage|p1a: Sinistcha|25/100
|-enditem|p1a: Sinistcha|Sitrus Berry|[eat]
|-heal|p1a: Sinistcha|50/100y|[from] item: Sitrus Berry
|-damage|p2b: Incineroar|78/100|[from] Recoil
|cant|p2a: Farigiraf|move: Imprison|Trick Room
|
|-weather|Snowscape|[upkeep]
|upkeep
|turn|2
|inactive|Battle timer is ON: inactive players will automatically lose when time's up. (requested by Piuxxy)
|
|t:|1783657296
|switch|p2a: Torkoal|Torkoal, L50, F|100/100
|-weather|SunnyDay|[from] ability: Drought|[of] p2a: Torkoal
|move|p1b: Ninetales|Dazzling Gleam|p2a: Torkoal|[spread] p2a,p2b
|-resisted|p2a: Torkoal|1
|-damage|p2a: Torkoal|83/100
|-damage|p2b: Incineroar|56/100
|move|p1a: Sinistcha|Life Dew||[still]|[spread] p1a,p1b
|-heal|p1a: Sinistcha|75/100
|-fail|p1b: Ninetales|heal
|move|p2b: Incineroar|Throat Chop|p1b: Ninetales
|-resisted|p1b: Ninetales|1
|-damage|p1b: Ninetales|76/100
|-start|p1b: Ninetales|Throat Chop|[silent]
|
|-weather|SunnyDay|[upkeep]
|upkeep
|turn|3
|
|t:|1783657321
|switch|p1a: Mamoswine|Mamoswine, L50, M|100/100
|switch|p2b: Farigiraf|Farigiraf, L50, F|100/100
|move|p1b: Ninetales|Dazzling Gleam|p2a: Torkoal|[spread] p2a,p2b
|-resisted|p2a: Torkoal|1
|-damage|p2a: Torkoal|67/100
|-damage|p2b: Farigiraf|79/100
|move|p2a: Torkoal|Eruption|p1b: Ninetales|[spread] p1a,p1b
|-supereffective|p1a: Mamoswine|1
|-supereffective|p1b: Ninetales|1
|-damage|p1a: Mamoswine|20/100y
|-damage|p1b: Ninetales|0 fnt
|faint|p1b: Ninetales
|
|-weather|SunnyDay|[upkeep]
|-heal|p1a: Mamoswine|26/100|[from] item: Leftovers
|upkeep
|
|t:|1783657335
|switch|p1b: Sinistcha|Sinistcha, L50|75/100
|-heal|p1a: Mamoswine|51/100|[from] ability: Hospitality|[of] p1b: Sinistcha
|turn|4
|
|t:|1783657349
|move|p2a: Torkoal|Protect|p2a: Torkoal
|-singleturn|p2a: Torkoal|Protect
|move|p1a: Mamoswine|Earthquake|p2a: Torkoal|[spread] p1b,p2b
|-activate|p2a: Torkoal|move: Protect
|-resisted|p1b: Sinistcha|1
|-damage|p1b: Sinistcha|65/100
|-damage|p2b: Farigiraf|48/100
|-enditem|p2b: Farigiraf|Sitrus Berry|[eat]
|-heal|p2b: Farigiraf|73/100|[from] item: Sitrus Berry
|move|p1b: Sinistcha|Imprison|p1b: Sinistcha
|-start|p1b: Sinistcha|move: Imprison
|move|p2b: Farigiraf|Foul Play|p1a: Mamoswine
|-damage|p1a: Mamoswine|26/100
|
|-weather|SunnyDay|[upkeep]
|-heal|p1a: Mamoswine|32/100|[from] item: Leftovers
|upkeep
|turn|5
|inactive|andiom123 has 30 seconds left.
|
|t:|1783657383
|move|p1a: Mamoswine|Earthquake|p2a: Torkoal|[spread] p1b,p2a,p2b
|-resisted|p1b: Sinistcha|1
|-supereffective|p2a: Torkoal|1
|-damage|p1b: Sinistcha|54/100
|-damage|p2a: Torkoal|3/100
|-damage|p2b: Farigiraf|41/100
|move|p1b: Sinistcha|Life Dew|p1b: Sinistcha|[spread] p1a,p1b
|-heal|p1a: Mamoswine|57/100
|-heal|p1b: Sinistcha|79/100
|move|p2b: Farigiraf|Foul Play|p1a: Mamoswine
|-damage|p1a: Mamoswine|29/100
|move|p2a: Torkoal|Flamethrower|p1b: Sinistcha
|-supereffective|p1b: Sinistcha|1
|-damage|p1b: Sinistcha|0 fnt
|faint|p1b: Sinistcha
|
|-weather|SunnyDay|[upkeep]
|-heal|p1a: Mamoswine|36/100|[from] item: Leftovers
|upkeep
|
|t:|1783657398
|switch|p1b: Eelektross|Eelektross, L50, M|100/100
|turn|6
|
|t:|1783657413
|detailschange|p1b: Eelektross|Eelektross-Mega, L50, M
|-mega|p1b: Eelektross|Eelektross|Eelektrossite
|move|p1b: Eelektross|Flamethrower|p2a: Torkoal
|-resisted|p2a: Torkoal|1
|-damage|p2a: Torkoal|0 fnt
|faint|p2a: Torkoal
|-ability|p1b: Eelektross|Eelevate|boost
|-boost|p1b: Eelektross|spa|1
|move|p1a: Mamoswine|Throat Chop|p2b: Farigiraf
|-supereffective|p2b: Farigiraf|1
|-damage|p2b: Farigiraf|0 fnt
|faint|p2b: Farigiraf
|
|-weather|none
|-heal|p1a: Mamoswine|42/100|[from] item: Leftovers
|upkeep
|
|t:|1783657426
|switch|p2b: Kangaskhan|Kangaskhan, L50, F|100/100
|switch|p2a: Incineroar|Incineroar, L50, F|56/100
|-ability|p2a: Incineroar|Intimidate|boost
|-fail|p1a: Mamoswine|unboost|Attack|[from] ability: Oblivious|[of] p1a: Mamoswine
|-unboost|p1b: Eelektross|atk|1
|turn|7
|
|t:|1783657448
|detailschange|p2b: Kangaskhan|Kangaskhan-Mega, L50, F
|-mega|p2b: Kangaskhan|Kangaskhan|Kangaskhanite
|move|p1b: Eelektross|Protect|p1b: Eelektross
|-singleturn|p1b: Eelektross|Protect
|move|p1a: Mamoswine|Protect|p1a: Mamoswine
|-singleturn|p1a: Mamoswine|Protect
|move|p2a: Incineroar|Fake Out|p1b: Eelektross
|-activate|p1b: Eelektross|move: Protect
|move|p2b: Kangaskhan|Double-Edge|p1a: Mamoswine
|-activate|p1a: Mamoswine|move: Protect
|
|-heal|p1a: Mamoswine|48/100|[from] item: Leftovers
|upkeep
|turn|8
|inactive|Piuxxy has 30 seconds left.
|
|t:|1783657480
|move|p1b: Eelektross|Discharge|p2a: Incineroar|[spread] p2a,p2b
|-immune|p1a: Mamoswine
|-damage|p2a: Incineroar|14/100
|-damage|p2b: Kangaskhan|61/100
|-status|p2b: Kangaskhan|par
|move|p1a: Mamoswine|Earthquake|p2b: Kangaskhan|[spread] p2a,p2b
|-immune|p1b: Eelektross|[from] ability: Eelevate
|-supereffective|p2a: Incineroar|1
|-damage|p2a: Incineroar|0 fnt
|-damage|p2b: Kangaskhan|25/100 par
|faint|p2a: Incineroar
|move|p2b: Kangaskhan|Double-Edge|p1a: Mamoswine
|-damage|p1a: Mamoswine|0 fnt
|faint|p1a: Mamoswine
|-damage|p2b: Kangaskhan|11/100 par|[from] Recoil
|
|-sideend|p1: Piuxxy|move: Aurora Veil
|upkeep
|turn|9
|
|t:|1783657503
|move|p1b: Eelektross|Discharge|p2b: Kangaskhan
|-damage|p2b: Kangaskhan|0 fnt
|faint|p2b: Kangaskhan
|
|win|Piuxxy
|l|‽Piuxxy
|player|p1|
||Piuxxy is ready for game 3.
||andiom123 is ready for game 3.
|uhtml|next|Next: Game 3 of 3
