|j|ŌśåKatKraydel
|j|Ōśåblumattone
|html|KatKraydelblumattone    
|uhtml|bestof|Game 1 of a best-of-3
|t:|1785024792
|gametype|doubles
|player|p1|KatKraydel|lebanne|
|player|p2|blumattone|n-masters|
|gen|9
|tier|[Gen 9 Champions] VGC 2026 Reg M-B (Bo3)
|rule|Species Clause: Limit one of each Pok├®mon
|rule|Item Clause: Limit 1 of each item
|clearpoke
|poke|p1|Garchomp, L50, M|
|poke|p1|Whimsicott, L50, M|
|poke|p1|Kingambit, L50, F|
|poke|p1|Hawlucha, L50, M|
|poke|p1|Ceruledge, L50, F|
|poke|p1|Ninetales-Alola, L50, F|
|poke|p2|Golurk, L50, shiny|
|poke|p2|Abomasnow, L50, M, shiny|
|poke|p2|Mamoswine, L50, F|
|poke|p2|Eelektross, L50, F|
|poke|p2|Basculegion, L50, M|
|poke|p2|Audino, L50, M, shiny|
|teampreview|4
|showteam|p1|Garchomp||LifeOrb|RoughSkin|StompingTantrum,DragonClaw,RockSlide,Protect|Jolly||M|||50|]Whimsicott||FocusSash|Prankster|Moonblast,Tailwind,LightScreen,Protect|Timid||M|||50|]Kingambit||BlackGlasses|Defiant|KowtowCleave,SuckerPunch,IronHead,Protect|Adamant||F|||50|]Hawlucha||Hawluchanite|MoldBreaker|CloseCombat,BraveBird,StoneEdge,Protect|Adamant||M|||50|]Ceruledge||ColburBerry|FlashFire|BitterBlade,ShadowSneak,BulkUp,Protect|Adamant||F|||50|]Ninetales-Alola||NeverMeltIce|SnowWarning|Blizzard,FreezeDry,Encore,Protect|Timid||F|||50|
|showteam|p2|Golurk||Golurkite|NoGuard|Protect,Earthquake,Poltergeist,HeadlongRush|Adamant|||||50|]Abomasnow||Abomasite|SnowWarning|FrostBreath,Blizzard,EnergyBall,AuroraVeil|Quiet||M|||50|]Mamoswine||BrightPowder|SnowCloak|IceShard,HighHorsepower,IcicleCrash,Protect|Brave||F|||50|]Eelektross||Magnet|Levitate|DragonPulse,VoltSwitch,Discharge,Protect|Quiet||F|||50|]Basculegion||ChoiceScarf|Adaptability|AquaJet,FlipTurn,WaveCrash,LastRespects|Adamant||M|||50|]Audino||ChopleBerry|Healer|TrickRoom,HealingWish,Protect,HelpingHand|Bold||M|||50|
|inactive|Battle timer is ON: inactive players will automatically lose when time's up. (requested by blumattone)
|c|Ōśåblumattone|glhf
|c|ŌśåKatKraydel|What the 67
|c|Ōśåblumattone|what? have you never seen a bad team before?
|inactive|KatKraydel has 60 seconds left.
|
|t:|1785024842
|teamsize|p1|4
|teamsize|p2|4
|start
|switch|p1a: Ceruledge|Ceruledge, L50, F|100/100
|switch|p1b: Ninetales|Ninetales-Alola, L50, F|100/100
|switch|p2a: Augumi Fushidino|Audino, L50, M, shiny|100/100
|switch|p2b: Baskuna|Basculegion, L50, M|100/100
|-weather|Snowscape|[from] ability: Snow Warning|[of] p1b: Ninetales
|turn|1
|inactive|blumattone has 30 seconds left.
|
|t:|1785024875
|move|p1a: Ceruledge|Protect|p1a: Ceruledge
|-singleturn|p1a: Ceruledge|Protect
|move|p2b: Baskuna|Flip Turn|p1a: Ceruledge
|-activate|p1a: Ceruledge|move: Protect
|move|p1b: Ninetales|Freeze-Dry|p2b: Baskuna
|-supereffective|p2b: Baskuna|1
|-damage|p2b: Baskuna|31/100
|move|p2a: Augumi Fushidino|Trick Room|p2a: Augumi Fushidino
|-fieldstart|move: Trick Room|[of] p2a: Augumi Fushidino
|
|-weather|Snowscape|[upkeep]
|upkeep
|turn|2
|
|t:|1785024888
|move|p1a: Ceruledge|Shadow Sneak|p2b: Baskuna
|-supereffective|p2b: Baskuna|1
|-damage|p2b: Baskuna|0 fnt
|faint|p2b: Baskuna
|move|p2a: Augumi Fushidino|Healing Wish|p2a: Augumi Fushidino
|faint|p2a: Augumi Fushidino
|move|p1b: Ninetales|Blizzard|p2: Augumi Fushidino|[notarget]
|-fail|p1b: Ninetales
|
|-weather|Snowscape|[upkeep]
|upkeep
|
|t:|1785024894
|switch|p2a: Goluraga|Golurk, L50, shiny|100/100
|switch|p2b: Agitross|Eelektross, L50, F|100/100
|turn|3
|
|t:|1785024903
|detailschange|p2a: Goluraga|Golurk-Mega, L50, shiny
|-mega|p2a: Goluraga|Golurk|Golurkite
|move|p1a: Ceruledge|Protect|p1a: Ceruledge
|-singleturn|p1a: Ceruledge|Protect
|move|p2b: Agitross|Discharge|p1a: Ceruledge|[spread] p1b
|-activate|p1a: Ceruledge|move: Protect
|-immune|p2a: Goluraga
|-damage|p1b: Ninetales|58/100
|move|p2a: Goluraga|Earthquake|p1a: Ceruledge|[spread] p1b
|-activate|p1a: Ceruledge|move: Protect
|-immune|p2b: Agitross|[from] ability: Levitate
|-damage|p1b: Ninetales|12/100
|move|p1b: Ninetales|Blizzard|p2a: Goluraga|[spread] p2a,p2b
|-supereffective|p2a: Goluraga|1
|-crit|p2a: Goluraga
|-damage|p2a: Goluraga|4/100
|-damage|p2b: Agitross|62/100
|
|-weather|Snowscape|[upkeep]
|upkeep
|turn|4
|
|t:|1785024924
|switch|p1b: Kingambit|Kingambit, L50, F|100/100
|move|p1a: Ceruledge|Shadow Sneak|p2a: Goluraga
|-supereffective|p2a: Goluraga|1
|-damage|p2a: Goluraga|0 fnt
|faint|p2a: Goluraga
|move|p2b: Agitross|Discharge|p1b: Kingambit|[spread] p1a,p1b
|-damage|p1a: Ceruledge|63/100
|-damage|p1b: Kingambit|64/100
|-status|p1a: Ceruledge|par
|
|-weather|Snowscape|[upkeep]
|upkeep
|turn|5
|c|Ōśåblumattone|well this sucks
|
|t:|1785024948
|move|p1a: Ceruledge|Bitter Blade|p2b: Agitross
|-damage|p2b: Agitross|6/100
|-heal|p1a: Ceruledge|89/100 par|[from] drain|[of] p2b: Agitross
|move|p2b: Agitross|Discharge|p1a: Ceruledge|[spread] p1a,p1b
|-damage|p1a: Ceruledge|53/100 par
|-damage|p1b: Kingambit|24/100
|-status|p1b: Kingambit|par
|move|p1b: Kingambit|Kowtow Cleave|p2b: Agitross
|-damage|p2b: Agitross|0 fnt
|faint|p2b: Agitross
|
|win|KatKraydel
||blumattone is ready for game 2.
||KatKraydel is ready for game 2.
|uhtml|next|Next: Game 2 of 3
|l|ŌśåKatKraydel
|player|p1|
|j|ŌśåKatKraydel
|player|p1|KatKraydel|lebanne|
