|j|☆testdigi
|j|☆Chavo666
|html|testdigiChavo666    
|uhtml|bestof|Game 1 of a best-of-3
|t:|1785417903
|gametype|doubles
|player|p1|testdigi|169|1085
|player|p2|Chavo666|steven|1174
|gen|9
|tier|[Gen 9 Champions] VGC 2026 Reg M-B (Bo3)
|rated|
|rule|Species Clause: Limit one of each Pokémon
|rule|Item Clause: Limit 1 of each item
|clearpoke
|poke|p1|Tyranitar, L50, M|
|poke|p1|Excadrill, L50, F|
|poke|p1|Gholdengo, L50, shiny|
|poke|p1|Milotic, L50, F, shiny|
|poke|p1|Sinistcha, L50|
|poke|p1|Staraptor, L50, M|
|poke|p2|Dragonite, L50, F|
|poke|p2|Glimmora, L50, M|
|poke|p2|Kingambit, L50, F|
|poke|p2|Milotic, L50, M|
|poke|p2|Garchomp, L50, M|
|poke|p2|Whimsicott, L50, M|
|teampreview|4
|showteam|p1|Tyranitar||Tyranitarite|SandStream|RockSlide,KnockOff,LowKick,Protect|Adamant||M|||50|]Excadrill||FocusSash|SandRush|HighHorsepower,IronHead,RockTomb,Protect|Adamant||F|||50|]Gholdengo||LifeOrb|GoodasGold|ShadowBall,MakeItRain,NastyPlot,Protect|Modest|||||50|]Milotic||Leftovers|Competitive|Scald,Recover,IcyWind,Protect|Calm||F|||50|]Sinistcha||ColburBerry|Hospitality|MatchaGotcha,ShadowBall,RagePowder,Protect|Relaxed|||||50|]Staraptor||Staraptite|Intimidate|CloseCombat,BraveBird,Tailwind,Protect|Jolly||M|||50|
|showteam|p2|Dragonite||Dragoninite|Multiscale|Flamethrower,AirSlash,Protect,DragonPulse|Modest||F|||50|]Glimmora||Glimmoranite|ToxicDebris|EarthPower,PowerGem,SludgeBomb,Protect|Timid||M|||50|]Kingambit||BlackGlasses|Defiant|KowtowCleave,LowKick,SuckerPunch,IronHead|Adamant||F|||50|]Milotic||Leftovers|Competitive|IcyWind,DragonCheer,Scald,Recover|Bold||M|||50|]Garchomp||LifeOrb|RoughSkin|Earthquake,DragonClaw,RockSlide,Protect|Jolly||M|||50|]Whimsicott||FocusSash|Prankster|Encore,Tailwind,Protect,Moonblast|Timid||M|||50|
|
|t:|1785417927
|teamsize|p1|4
|teamsize|p2|4
|start
|switch|p1a: Sinistcha|Sinistcha, L50|100/100
|switch|p1b: Gholdengo|Gholdengo, L50, shiny|100/100
|switch|p2a: Dragonite|Dragonite, L50, F|100/100
|switch|p2b: Milotic|Milotic, L50, M|100/100
|turn|1
|
|t:|1785417968
|switch|p1b: Tyranitar|Tyranitar, L50, M|100/100
|-weather|Sandstorm|[from] ability: Sand Stream|[of] p1b: Tyranitar
|detailschange|p2a: Dragonite|Dragonite-Mega, L50, F
|-mega|p2a: Dragonite|Dragonite|Dragoninite
|move|p2a: Dragonite|Air Slash|p1a: Sinistcha
|-supereffective|p1a: Sinistcha|1
|-damage|p1a: Sinistcha|14/100
|move|p2b: Milotic|Dragon Cheer|p2a: Dragonite
|-start|p2a: Dragonite|move: Dragon Cheer
|move|p1a: Sinistcha|Matcha Gotcha|p2b: Milotic|[spread] p2a
|-miss|p1a: Sinistcha|p2b: Milotic
|-resisted|p2a: Dragonite|2
|-damage|p2a: Dragonite|97/100
|-heal|p1a: Sinistcha|15/100|[from] drain|[of] p2a: Dragonite
|
|-weather|Sandstorm|[upkeep]
|-damage|p2a: Dragonite|91/100|[from] Sandstorm
|-damage|p2b: Milotic|94/100|[from] Sandstorm
|-damage|p1a: Sinistcha|9/100|[from] Sandstorm
|-heal|p2b: Milotic|100/100|[from] item: Leftovers
|upkeep
|turn|2
|
|t:|1785417993
|detailschange|p1b: Tyranitar|Tyranitar-Mega, L50, M
|-mega|p1b: Tyranitar|Tyranitar|Tyranitarite
|move|p2a: Dragonite|Protect|p2a: Dragonite
|-singleturn|p2a: Dragonite|Protect
|move|p1a: Sinistcha|Rage Powder|p1a: Sinistcha
|-singleturn|p1a: Sinistcha|move: Rage Powder
|move|p1b: Tyranitar|Rock Slide|p2a: Dragonite|[spread] p2b
|-activate|p2a: Dragonite|move: Protect
|-damage|p2b: Milotic|68/100
|cant|p2b: Milotic|flinch
|
|-weather|Sandstorm|[upkeep]
|-damage|p2a: Dragonite|85/100|[from] Sandstorm
|-damage|p2b: Milotic|62/100|[from] Sandstorm
|-damage|p1a: Sinistcha|4/100|[from] Sandstorm
|-heal|p2b: Milotic|68/100|[from] item: Leftovers
|upkeep
|turn|3
|
|t:|1785418015
|move|p2a: Dragonite|Dragon Pulse|p1b: Tyranitar
|-crit|p1b: Tyranitar
|-damage|p1b: Tyranitar|59/100
|move|p1b: Tyranitar|Rock Slide|p2a: Dragonite|[spread] p2a,p2b
|-supereffective|p2a: Dragonite|1
|-damage|p2a: Dragonite|14/100
|-damage|p2b: Milotic|38/100
|move|p2b: Milotic|Scald|p1b: Tyranitar
|-supereffective|p1b: Tyranitar|1
|-damage|p1b: Tyranitar|26/100
|move|p1a: Sinistcha|Matcha Gotcha|p2b: Milotic|[spread] p2a,p2b
|-resisted|p2a: Dragonite|2
|-supereffective|p2b: Milotic|1
|-damage|p2a: Dragonite|9/100
|-heal|p1a: Sinistcha|6/100|[from] drain|[of] p2a: Dragonite
|-damage|p2b: Milotic|7/100
|-heal|p1a: Sinistcha|24/100|[from] drain|[of] p2b: Milotic
|
|-weather|Sandstorm|[upkeep]
|-damage|p2a: Dragonite|3/100|[from] Sandstorm
|-damage|p2b: Milotic|1/100|[from] Sandstorm
|-damage|p1a: Sinistcha|18/100|[from] Sandstorm
|-heal|p2b: Milotic|7/100|[from] item: Leftovers
|upkeep
|turn|4
|
|t:|1785418039
|switch|p2b: Garchomp|Garchomp, L50, M|100/100
|switch|p1a: Gholdengo|Gholdengo, L50, shiny|100/100
|move|p1b: Tyranitar|Protect|p1b: Tyranitar
|-singleturn|p1b: Tyranitar|Protect
|move|p2a: Dragonite|Air Slash|p1a: Gholdengo
|-resisted|p1a: Gholdengo|1
|-damage|p1a: Gholdengo|73/100
|
|-weather|Sandstorm|[upkeep]
|-damage|p2a: Dragonite|0 fnt|[from] Sandstorm
|faint|p2a: Dragonite
|upkeep
|
|t:|1785418049
|switch|p2a: Milotic|Milotic, L50, M|7/100
|turn|5
|
|t:|1785418068
|switch|p1b: Sinistcha|Sinistcha, L50|18/100
|-heal|p1a: Gholdengo|98/100|[from] ability: Hospitality|[of] p1b: Sinistcha
|move|p2b: Garchomp|Earthquake|p1b: Sinistcha|[spread] p2a,p1a,p1b
|-supereffective|p1a: Gholdengo|1
|-resisted|p1b: Sinistcha|1
|-damage|p2a: Milotic|0 fnt
|-damage|p1a: Gholdengo|0 fnt
|-damage|p1b: Sinistcha|0 fnt
|faint|p2a: Milotic
|faint|p1a: Gholdengo
|faint|p1b: Sinistcha
|-damage|p2b: Garchomp|90/100|[from] item: Life Orb
|
|-weather|none
|upkeep
|
|t:|1785418079
|switch|p1a: Tyranitar|Tyranitar-Mega, L50, M|26/100
|switch|p2a: Kingambit|Kingambit, L50, F|100/100
|switch|p1b: Excadrill|Excadrill, L50, F|100/100
|-weather|Sandstorm|[from] ability: Sand Stream|[of] p1a: Tyranitar
|turn|6
|
|t:|1785418105
|move|p2a: Kingambit|Sucker Punch|p1b: Excadrill
|-damage|p1b: Excadrill|26/100
|move|p1b: Excadrill|High Horsepower|p2b: Garchomp
|-damage|p2b: Garchomp|30/100
|-damage|p1b: Excadrill|13/100|[from] ability: Rough Skin|[of] p2b: Garchomp
|move|p2b: Garchomp|Dragon Claw|p1a: Tyranitar
|-crit|p1a: Tyranitar
|-damage|p1a: Tyranitar|0 fnt
|faint|p1a: Tyranitar
|-damage|p2b: Garchomp|20/100y|[from] item: Life Orb
|
|-weather|Sandstorm|[upkeep]
|upkeep
|turn|7
|-message|testdigi forfeited.
|
|win|Chavo666
