|j|☆Olive19907
|j|☆Er ciccio98
|html|Olive19907Er ciccio98    
|uhtml|bestof|Game 1 of a best-of-3
|t:|1757838032
|gametype|doubles
|player|p1|Olive19907|cynthia-gen4|1008
|player|p2|Er ciccio98|101|1037
|gen|9
|tier|[Gen 9] VGC 2025 Reg H (Bo3)
|rated|
|rule|Species Clause: Limit one of each Pokémon
|rule|Item Clause: Limit 1 of each item
|clearpoke
|poke|p1|Sylveon, L50, M|
|poke|p1|Amoonguss, L50, F|
|poke|p1|Gastrodon-East, L50, F|
|poke|p1|Garchomp, L50, F|
|poke|p1|Klefki, L50, M|
|poke|p1|Gligar, L50, F|
|poke|p2|Incineroar, L50, F|
|poke|p2|Torkoal, L50, M|
|poke|p2|Electabuzz, L50, F|
|poke|p2|Ursaluna-Bloodmoon, L50, M|
|poke|p2|Mimikyu, L50, M|
|poke|p2|Lilligant-Hisui, L50, F|
|teampreview|4
|showteam|p1|Sylveon||ThroatSpray|Pixilate|HyperVoice,TeraBlast,QuickAttack,Protect|||M|||50|,,,,,Fire]Amoonguss||WikiBerry|Regenerator|PollenPuff,Spore,WorrySeed,Protect|||F|||50|,,,,,Water]Gastrodon-East||Leftovers|StormDrain|EarthPower,IceBeam,Snowscape,Protect|||F|||50|,,,,,Fire]Garchomp||ClearAmulet|RoughSkin|Earthquake,RockSlide,SwordsDance,Protect|||F|||50|,,,,,Fire]Klefki||LightClay|Prankster|FoulPlay,TrickRoom,LightScreen,Reflect|||M|||50|,,,,,Dark]Gligar||Eviolite|HyperCutter|DualWingbeat,KnockOff,Feint,Taunt|||F|||50|,,,,,Water
|showteam|p2|Incineroar||AssaultVest|Intimidate|FakeOut,KnockOff,FlareBlitz,Uturn|||F|||50|,,,,,Bug]Torkoal||Charcoal|Drought|Eruption,Protect,Flamethrower,ClearSmog|||M|||50|,,,,,Fire]Electabuzz||Eviolite|Static|FollowMe,Electroweb,Taunt,HelpingHand|||F|||50|,,,,,Ghost]Ursaluna-Bloodmoon||LifeOrb|MindsEye|HyperVoice,BloodMoon,Protect,EarthPower|||M|||50|,,,,,Normal]Mimikyu||MentalHerb|Disguise|ShadowSneak,PlayRough,ShadowClaw,TrickRoom|||M|||50|,,,,,Steel]Lilligant-Hisui||FocusSash|Chlorophyll|AfterYou,CloseCombat,SleepPowder,LeafBlade|||F|||50|,,,,,Ghost
|inactive|Battle timer is ON: inactive players will automatically lose when time's up. (requested by Er ciccio98)
|inactive|Olive19907 has 60 seconds left.
|
|t:|1757838094
|teamsize|p1|4
|teamsize|p2|4
|start
|switch|p1a: Gastrodon|Gastrodon-East, L50, F|100/100
|switch|p1b: Klefki|Klefki, L50, M|100/100
|switch|p2a: Incineroar|Incineroar, L50, F|100/100
|switch|p2b: Ursaluna|Ursaluna-Bloodmoon, L50, M|100/100
|-ability|p2a: Incineroar|Intimidate|boost
|-unboost|p1a: Gastrodon|atk|1
|-unboost|p1b: Klefki|atk|1
|turn|1
|inactive|Olive19907 has 30 seconds left.
|inactive|Er ciccio98 has 30 seconds left.
|
|t:|1757838127
|-terastallize|p2b: Ursaluna|Normal
|move|p1b: Klefki|Light Screen|p1b: Klefki
|-sidestart|p1: Olive19907|move: Light Screen
|move|p2a: Incineroar|U-turn|p1a: Gastrodon
|-damage|p1a: Gastrodon|83/100
|
|t:|1757838146
|switch|p2a: Torkoal|Torkoal, L50, M|100/100|[from] U-turn
|-weather|SunnyDay|[from] ability: Drought|[of] p2a: Torkoal
|move|p2b: Ursaluna|Hyper Voice|p1b: Klefki|[spread] p1a,p1b
|-resisted|p1b: Klefki
|-damage|p1a: Gastrodon|46/100
|-damage|p1b: Klefki|77/100
|-damage|p2b: Ursaluna|91/100|[from] item: Life Orb
|move|p1a: Gastrodon|Ice Beam|p2b: Ursaluna
|-damage|p2b: Ursaluna|68/100
|
|-weather|SunnyDay|[upkeep]
|-heal|p1a: Gastrodon|53/100|[from] item: Leftovers
|upkeep
|turn|2
|inactive|Olive19907 has 30 seconds left.
|inactive|Er ciccio98 has 30 seconds left.
|inactive|Olive19907 has 20 seconds left.
|inactive|Er ciccio98 has 20 seconds left.
|
|t:|1757838185
|switch|p1b: Gligar|Gligar, L50, F|100/100
|move|p2a: Torkoal|Protect|p2a: Torkoal
|-singleturn|p2a: Torkoal|Protect
|move|p2b: Ursaluna|Earth Power|p1b: Gligar
|-immune|p1b: Gligar
|move|p1a: Gastrodon|Snowscape|p1a: Gastrodon
|-weather|Snowscape
|
|-weather|Snowscape|[upkeep]
|-heal|p1a: Gastrodon|59/100|[from] item: Leftovers
|upkeep
|turn|3
|inactive|Olive19907 has 30 seconds left.
|
|t:|1757838217
|switch|p2a: Incineroar|Incineroar, L50, F|100/100
|-ability|p2a: Incineroar|Intimidate|boost
|-unboost|p1a: Gastrodon|atk|1
|-fail|p1b: Gligar|unboost|Attack|[from] ability: Hyper Cutter|[of] p1b: Gligar
|move|p1b: Gligar|Knock Off|p2b: Ursaluna
|-damage|p2b: Ursaluna|55/100
|-enditem|p2b: Ursaluna|Life Orb|[from] move: Knock Off|[of] p1b: Gligar
|move|p2b: Ursaluna|Blood Moon|p1a: Gastrodon
|-damage|p1a: Gastrodon|2/100
|move|p1a: Gastrodon|Earth Power|p2a: Incineroar
|-supereffective|p2a: Incineroar
|-damage|p2a: Incineroar|60/100
|
|-weather|Snowscape|[upkeep]
|-heal|p1a: Gastrodon|8/100|[from] item: Leftovers
|upkeep
|turn|4
|inactive|Er ciccio98 has 30 seconds left.
|
|t:|1757838250
|switch|p2b: Torkoal|Torkoal, L50, M|100/100
|-weather|SunnyDay|[from] ability: Drought|[of] p2b: Torkoal
|move|p1a: Gastrodon|Protect|p1a: Gastrodon
|-singleturn|p1a: Gastrodon|Protect
|move|p1b: Gligar|Knock Off|p2a: Incineroar
|-resisted|p2a: Incineroar
|-damage|p2a: Incineroar|53/100
|-enditem|p2a: Incineroar|Assault Vest|[from] move: Knock Off|[of] p1b: Gligar
|move|p2a: Incineroar|Flare Blitz|p1b: Gligar
|-damage|p1b: Gligar|48/100
|-damage|p2a: Incineroar|38/100|[from] Recoil
|
|-weather|SunnyDay|[upkeep]
|-heal|p1a: Gastrodon|14/100|[from] item: Leftovers
|upkeep
|turn|5
|
|t:|1757838274
|move|p1b: Gligar|Knock Off|p2b: Torkoal
|-damage|p2b: Torkoal|88/100
|-enditem|p2b: Torkoal|Charcoal|[from] move: Knock Off|[of] p1b: Gligar
|move|p2a: Incineroar|U-turn|p1a: Gastrodon
|-damage|p1a: Gastrodon|0 fnt
|faint|p1a: Gastrodon
|
|t:|1757838281
|switch|p2a: Lilligant|Lilligant-Hisui, L50, F|100/100|[from] U-turn
|move|p2b: Torkoal|Eruption|p1b: Gligar
|-damage|p1b: Gligar|6/100
|
|-weather|SunnyDay|[upkeep]
|upkeep
|
|t:|1757838295
|switch|p1a: Garchomp|Garchomp, L50, F|100/100
|turn|6
|inactive|Olive19907 has 30 seconds left.
|
|t:|1757838321
|-terastallize|p1a: Garchomp|Fire
|move|p2a: Lilligant|Sleep Powder|p1a: Garchomp|[miss]
|-miss|p2a: Lilligant|p1a: Garchomp
|move|p1a: Garchomp|Swords Dance|p1a: Garchomp
|-boost|p1a: Garchomp|atk|2
|move|p1b: Gligar|Dual Wingbeat|p2a: Lilligant
|-supereffective|p2a: Lilligant
|-damage|p2a: Lilligant|35/100
|-supereffective|p2a: Lilligant
|-damage|p2a: Lilligant|0 fnt
|faint|p2a: Lilligant
|-hitcount|p2: Lilligant|2
|move|p2b: Torkoal|Eruption|p1b: Gligar|[spread] p1a,p1b
|-resisted|p1a: Garchomp
|-damage|p1a: Garchomp|75/100
|-damage|p1b: Gligar|0 fnt
|faint|p1b: Gligar
|
|-weather|SunnyDay|[upkeep]
|upkeep
|
|t:|1757838342
|switch|p2a: Incineroar|Incineroar, L50, F|38/100
|switch|p1b: Klefki|Klefki, L50, M|77/100
|-ability|p2a: Incineroar|Intimidate|boost
|-fail|p1a: Garchomp|unboost|[from] item: Clear Amulet|[of] p1a: Garchomp
|-unboost|p1b: Klefki|atk|1
|turn|7
|
|t:|1757838366
|move|p2a: Incineroar|Fake Out|p1a: Garchomp
|-damage|p1a: Garchomp|64/100
|-damage|p2a: Incineroar|25/100|[from] ability: Rough Skin|[of] p1a: Garchomp
|move|p1b: Klefki|Reflect|p1b: Klefki
|-sidestart|p1: Olive19907|Reflect
|cant|p1a: Garchomp|flinch
|move|p2b: Torkoal|Clear Smog|p1a: Garchomp
|-crit|p1a: Garchomp
|-damage|p1a: Garchomp|38/100
|-clearboost|p1a: Garchomp
|
|-weather|SunnyDay|[upkeep]
|upkeep
|turn|8
|inactive|Olive19907 has 30 seconds left.
|
|t:|1757838392
|move|p1a: Garchomp|Earthquake|p2a: Incineroar|[spread] p1b,p2a,p2b
|-supereffective|p1b: Klefki
|-supereffective|p2a: Incineroar
|-supereffective|p2b: Torkoal
|-damage|p1b: Klefki|23/100
|-damage|p2a: Incineroar|0 fnt
|-damage|p2b: Torkoal|29/100
|faint|p2a: Incineroar
|move|p1b: Klefki|Foul Play|p2b: Torkoal
|-damage|p2b: Torkoal|16/100
|move|p2b: Torkoal|Eruption|p1b: Klefki|[spread] p1a,p1b
|-resisted|p1a: Garchomp
|-crit|p1a: Garchomp
|-supereffective|p1b: Klefki
|-damage|p1a: Garchomp|29/100
|-damage|p1b: Klefki|6/100
|
|-weather|none
|-sideend|p1: Olive19907|move: Light Screen
|upkeep
|
|t:|1757838405
|switch|p2a: Ursaluna|Ursaluna-Bloodmoon, L50, M, tera:Normal|55/100
|turn|9
|
|t:|1757838419
|move|p1b: Klefki|Light Screen|p1b: Klefki
|-sidestart|p1: Olive19907|move: Light Screen
|move|p1a: Garchomp|Rock Slide|p2b: Torkoal|[spread] p2a,p2b
|-supereffective|p2b: Torkoal
|-damage|p2a: Ursaluna|40/100
|-damage|p2b: Torkoal|0 fnt
|faint|p2b: Torkoal
|move|p2a: Ursaluna|Hyper Voice|p1b: Klefki|[spread] p1a,p1b
|-crit|p1a: Garchomp
|-resisted|p1b: Klefki
|-damage|p1a: Garchomp|0 fnt
|-damage|p1b: Klefki|0 fnt
|faint|p1a: Garchomp
|faint|p1b: Klefki
|
|win|Er ciccio98
|inactive|Olive19907 has 30 seconds to confirm battle start!
|inactive|Er ciccio98 has 30 seconds to confirm battle start!
|l|☆Olive19907
|player|p1|
||Olive19907 is ready for game 2.
||Er ciccio98 is ready for game 2.
|uhtml|next|Next: Game 2 of 3
