|j|☆arthur.ayms
|j|☆uglybeast
|html|arthur.aymsuglybeast    
|uhtml|bestof|Game 3 of a best-of-3
|t:|1756161043
|gametype|doubles
|player|p1|arthur.ayms|265|1143
|player|p2|uglybeast|lucas|1235
|gen|9
|tier|[Gen 9] VGC 2025 Reg H (Bo3)
|rated|
|rule|Species Clause: Limit one of each Pokémon
|rule|Item Clause: Limit 1 of each item
|clearpoke
|poke|p1|Ursaluna-Bloodmoon, L50, M|
|poke|p1|Indeedee, L50, M|
|poke|p1|Decidueye-Hisui, L50, M|
|poke|p1|Talonflame, L50, F|
|poke|p1|Amoonguss, L50, M|
|poke|p1|Sneasler, L50, F|
|poke|p2|Murkrow, L50, F|
|poke|p2|Ursaluna-Bloodmoon, L50, M|
|poke|p2|Sneasler, L50, F|
|poke|p2|Dragapult, L50, F|
|poke|p2|Armarouge, L50, F|
|poke|p2|Indeedee-F, L50, F|
|teampreview|4
|showteam|p1|Ursaluna-Bloodmoon||LifeOrb|MindsEye|HyperVoice,EarthPower,BloodMoon,Protect|||M|||50|,,,,,Normal]Indeedee||FocusSash|PsychicSurge|ExpandingForce,Imprison,TrickRoom,DazzlingGleam|||M|||50|,,,,,Fairy]Decidueye-Hisui||RazorClaw|Scrappy|TripleArrows,LeafBlade,Haze,Protect|||M|||50|,,,,,Fire]Talonflame||CovertCloak|GaleWings|Tailwind,DualWingbeat,FlareBlitz,SunnyDay|||F|||50|,,,,,Steel]Amoonguss||SitrusBerry|EffectSpore|Spore,RagePowder,ClearSmog,Protect|||M|||50|,,,,,Water]Sneasler||PsychicSeed|Unburden|ThroatChop,DireClaw,CloseCombat,Protect|||F|||50|,,,,,Dark
|showteam|p2|Murkrow||Eviolite|Prankster|Haze,SunnyDay,Tailwind,BraveBird|||F|||50|,,,,,Ghost]Ursaluna-Bloodmoon||LifeOrb|MindsEye|BloodMoon,HyperVoice,Protect,EarthPower|||M|||50|,,,,,Normal]Sneasler||PsychicSeed|Unburden|ThroatChop,DireClaw,CloseCombat,Protect|||F|||50|,,,,,Dark]Dragapult||ChoiceBand|ClearBody|DragonDarts,Outrage,Uturn,PhantomForce|||F|||50|,,,,,Dragon]Armarouge||PowerHerb|FlashFire|HeatWave,MeteorBeam,ExpandingForce,Protect|||F|||50|,,,,,Grass]Indeedee-F||RockyHelmet|PsychicSurge|DazzlingGleam,FollowMe,HelpingHand,TrickRoom|||F|||50|,,,,,Grass
|inactive|Battle timer is ON: inactive players will automatically lose when time's up. (requested by arthur.ayms)
|
|t:|1756161081
|teamsize|p1|4
|teamsize|p2|4
|start
|switch|p1a: Indeedee|Indeedee, L50, M|100/100
|switch|p1b: Sneasler|Sneasler, L50, F|100/100
|switch|p2a: Kwstas|Murkrow, L50, F|100/100
|switch|p2b: Paschalis|Ursaluna-Bloodmoon, L50, M|100/100
|-fieldstart|move: Psychic Terrain|[from] ability: Psychic Surge|[of] p1a: Indeedee
|-enditem|p1b: Sneasler|Psychic Seed
|-boost|p1b: Sneasler|spd|1|[from] item: Psychic Seed
|turn|1
|inactive|arthur.ayms has 30 seconds left.
|inactive|arthur.ayms has 20 seconds left.
|
|t:|1756161118
|switch|p2b: Giandam|Armarouge, L50, F|100/100
|move|p1b: Sneasler|Close Combat|p2b: Giandam
|-resisted|p2b: Giandam
|-damage|p2b: Giandam|63/100
|-unboost|p1b: Sneasler|def|1
|-unboost|p1b: Sneasler|spd|1
|move|p1a: Indeedee|Dazzling Gleam|p2a: Kwstas|[spread] p2a,p2b
|-supereffective|p2a: Kwstas
|-resisted|p2b: Giandam
|-damage|p2a: Kwstas|52/100
|-damage|p2b: Giandam|51/100
|move|p2a: Kwstas|Brave Bird|p1a: Indeedee
|-damage|p1a: Indeedee|19/100
|-damage|p2a: Kwstas|29/100|[from] Recoil
|
|upkeep
|turn|2
|inactive|uglybeast has 30 seconds left.
|inactive|uglybeast has 20 seconds left.
|inactive|uglybeast has 15 seconds left.
|inactive|uglybeast has 10 seconds left.
|inactive|uglybeast has 5 seconds left.
|
|t:|1756161172
|-terastallize|p2b: Giandam|Grass
|move|p2a: Kwstas|Tailwind|p2a: Kwstas
|-sidestart|p2: uglybeast|move: Tailwind
|move|p1b: Sneasler|Dire Claw|p2b: Giandam
|-supereffective|p2b: Giandam
|-damage|p2b: Giandam|0 fnt
|faint|p2b: Giandam
|move|p1a: Indeedee|Dazzling Gleam|p2a: Kwstas
|-supereffective|p2a: Kwstas
|-damage|p2a: Kwstas|0 fnt
|faint|p2a: Kwstas
|
|upkeep
|
|t:|1756161177
|switch|p2b: Paschalis|Ursaluna-Bloodmoon, L50, M|100/100
|switch|p2a: Anagnoman|Sneasler, L50, F|100/100
|-enditem|p2a: Anagnoman|Psychic Seed
|-boost|p2a: Anagnoman|spd|1|[from] item: Psychic Seed
|turn|3
|
|t:|1756161200
|move|p2a: Anagnoman|Dire Claw|p1b: Sneasler
|-resisted|p1b: Sneasler
|-damage|p1b: Sneasler|45/100
|-status|p1b: Sneasler|par
|move|p2b: Paschalis|Hyper Voice|p1a: Indeedee|[spread] p1a,p1b
|-damage|p1a: Indeedee|0 fnt
|-damage|p1b: Sneasler|0 fnt
|faint|p1a: Indeedee
|faint|p1b: Sneasler
|-damage|p2b: Paschalis|91/100|[from] item: Life Orb
|
|upkeep
|
|t:|1756161207
|switch|p1b: Ursaluna|Ursaluna-Bloodmoon, L50, M|100/100
|switch|p1a: Talonflame|Talonflame, L50, F|100/100
|turn|4
|
|t:|1756161224
|move|p2a: Anagnoman|Protect|p2a: Anagnoman
|-singleturn|p2a: Anagnoman|Protect
|move|p1b: Ursaluna|Protect|p1b: Ursaluna
|-singleturn|p1b: Ursaluna|Protect
|move|p1a: Talonflame|Tailwind|p1a: Talonflame
|-sidestart|p1: arthur.ayms|move: Tailwind
|move|p2b: Paschalis|Blood Moon|p1a: Talonflame
|-damage|p1a: Talonflame|0 fnt
|faint|p1a: Talonflame
|-damage|p2b: Paschalis|81/100|[from] item: Life Orb
|
|upkeep
|turn|5
|
|t:|1756161237
|-terastallize|p1b: Ursaluna|Normal
|move|p2a: Anagnoman|Close Combat|p1b: Ursaluna
|-supereffective|p1b: Ursaluna
|-damage|p1b: Ursaluna|4/100
|-unboost|p2a: Anagnoman|def|1
|-unboost|p2a: Anagnoman|spd|1
|move|p1b: Ursaluna|Hyper Voice|p2a: Anagnoman|[spread] p2a,p2b
|-damage|p2a: Anagnoman|11/100
|-damage|p2b: Paschalis|2/100
|-damage|p1b: Ursaluna|0 fnt|[from] item: Life Orb
|faint|p1b: Ursaluna
|
|win|uglybeast
|raw|arthur.ayms's rating: 1143 → 1124(-19 for losing)
|raw|uglybeast's rating: 1235 → 1254(+19 for winning)
|c|☆uglybeast|ggs
|c|☆arthur.ayms|gg
