|j|☆Aeon_Twins
|j|☆rojo53
|html|Aeon_Twinsrojo53    
|uhtml|bestof|Game 1 of a best-of-3
|t:|1783169940
|gametype|doubles
|player|p1|Aeon_Twins|n|1252
|player|p2|rojo53|worker|1299
|gen|9
|tier|[Gen 9 Champions] VGC 2026 Reg M-B (Bo3)
|rated|
|rule|Species Clause: Limit one of each Pokémon
|rule|Item Clause: Limit 1 of each item
|clearpoke
|poke|p1|Swampert, L50, M|
|poke|p1|Staraptor, L50, M|
|poke|p1|Archaludon, L50, M|
|poke|p1|Pelipper, L50, F|
|poke|p1|Sinistcha, L50|
|poke|p1|Grimmsnarl, L50, M|
|poke|p2|Tyranitar, L50, M|
|poke|p2|Excadrill, L50, F|
|poke|p2|Gyarados, L50, M|
|poke|p2|Mimikyu, L50, F|
|poke|p2|Typhlosion-Hisui, L50, M|
|poke|p2|Kingambit, L50, M|
|teampreview|4
|showteam|p1|Swampert||Swampertite|Torrent|WaveCrash,Earthquake,IcePunch,Protect|Adamant||M|||50|]Staraptor||Staraptite|Intimidate|CloseCombat,BraveBird,Roost,Protect|Jolly||M|||50|]Archaludon||Leftovers|Stamina|DragonPulse,FlashCannon,ElectroShot,Protect|Modest||M|||50|]Pelipper||SitrusBerry|Drizzle|WeatherBall,Hurricane,Tailwind,Protect|Bold||F|||50|]Sinistcha||KasibBerry|Hospitality|MatchaGotcha,RagePowder,LifeDew,Protect|Relaxed|||||50|]Grimmsnarl||LightClay|Prankster|FoulPlay,PartingShot,LightScreen,Reflect|Calm||M|||50|
|showteam|p2|Tyranitar||Tyranitarite|SandStream|RockSlide,KnockOff,DragonDance,Protect|Adamant||M|||50|]Excadrill||FocusSash|SandRush|RockSlide,HighHorsepower,IronHead,Protect|Adamant||F|||50|]Gyarados||SitrusBerry|Intimidate|Waterfall,IceFang,DragonDance,Protect|Adamant||M|||50|]Mimikyu||WhiteHerb|Disguise|PlayRough,ShadowSneak,ShadowClaw,Protect|Adamant||F|||50|]Typhlosion-Hisui||ChoiceScarf|Blaze|HeatWave,ShadowBall,Overheat,Eruption|Modest||M|||50|]Kingambit||BlackGlasses|Defiant|KowtowCleave,SuckerPunch,IronHead,Protect|Adamant||M|||50|
|
|t:|1783170002
|teamsize|p1|4
|teamsize|p2|4
|start
|switch|p1a: Archaludon|Archaludon, L50, M|100/100
|switch|p1b: Grimmsnarl|Grimmsnarl, L50, M|100/100
|switch|p2a: Gyarados|Gyarados, L50, M|100/100
|switch|p2b: Mimi|Mimikyu, L50, F|100/100
|-ability|p2a: Gyarados|Intimidate|boost
|-unboost|p1a: Archaludon|atk|1
|-unboost|p1b: Grimmsnarl|atk|1
|turn|1
|
|t:|1783170015
|move|p2a: Gyarados|Protect|p2a: Gyarados
|-singleturn|p2a: Gyarados|Protect
|move|p1b: Grimmsnarl|Reflect|p1b: Grimmsnarl
|-sidestart|p1: Aeon_Twins|Reflect
|move|p2b: Mimi|Play Rough|p1b: Grimmsnarl
|-supereffective|p1b: Grimmsnarl|1
|-damage|p1b: Grimmsnarl|52/100
|move|p1a: Archaludon|Flash Cannon|p2b: Mimi
|-activate|p2b: Mimi|ability: Disguise
|-damage|p2b: Mimi|100/100
|detailschange|p2b: Mimi|Mimikyu-Busted, L50, F
|-damage|p2b: Mimi|87/100|[from] pokemon: Mimikyu-Busted
|
|upkeep
|turn|2
|
|t:|1783170031
|move|p1b: Grimmsnarl|Parting Shot|p2b: Mimi
|-unboost|p2b: Mimi|atk|1
|-unboost|p2b: Mimi|spa|1
|
|t:|1783170034
|switch|p1b: Pelipper|Pelipper, L50, F|100/100|[from] Parting Shot
|-enditem|p2b: Mimi|White Herb
|-clearnegativeboost|p2b: Mimi|[silent]
|-weather|RainDance|[from] ability: Drizzle|[of] p1b: Pelipper
|move|p2b: Mimi|Play Rough|p1b: Pelipper|[miss]
|-miss|p2b: Mimi|p1b: Pelipper
|move|p2a: Gyarados|Waterfall|p1b: Pelipper
|-resisted|p1b: Pelipper|1
|-damage|p1b: Pelipper|78/100
|move|p1a: Archaludon|Electro Shot||[still]
|-prepare|p1a: Archaludon|Electro Shot
|-boost|p1a: Archaludon|spa|1
|-anim|p1a: Archaludon|Electro Shot|p2a: Gyarados
|-supereffective|p2a: Gyarados|2
|-damage|p2a: Gyarados|0 fnt
|faint|p2a: Gyarados
|
|-weather|RainDance|[upkeep]
|upkeep
|
|t:|1783170042
|switch|p2a: Tyranitar|Tyranitar, L50, M|100/100
|-weather|Sandstorm|[from] ability: Sand Stream|[of] p2a: Tyranitar
|turn|3
|
|t:|1783170052
|switch|p1b: Grimmsnarl|Grimmsnarl, L50, M|52/100
|detailschange|p2a: Tyranitar|Tyranitar-Mega, L50, M
|-mega|p2a: Tyranitar|Tyranitar|Tyranitarite
|move|p2b: Mimi|Play Rough|p1b: Grimmsnarl
|-supereffective|p1b: Grimmsnarl|1
|-damage|p1b: Grimmsnarl|0 fnt
|faint|p1b: Grimmsnarl
|move|p1a: Archaludon|Flash Cannon|p2b: Mimi
|-supereffective|p2b: Mimi|1
|-damage|p2b: Mimi|0 fnt
|faint|p2b: Mimi
|move|p2a: Tyranitar|Dragon Dance|p2a: Tyranitar
|-boost|p2a: Tyranitar|atk|1
|-boost|p2a: Tyranitar|spe|1
|
|-weather|Sandstorm|[upkeep]
|upkeep
|
|t:|1783170063
|switch|p2b: Typhlosion|Typhlosion-Hisui, L50, M|100/100
|switch|p1b: Pelipper|Pelipper, L50, F|78/100
|-weather|RainDance|[from] ability: Drizzle|[of] p1b: Pelipper
|turn|4
|
|t:|1783170075
|move|p2b: Typhlosion|Shadow Ball|p1a: Archaludon
|-damage|p1a: Archaludon|58/100
|-unboost|p1a: Archaludon|spd|1
|-ability|p1a: Archaludon|Stamina|boost
|-boost|p1a: Archaludon|def|1
|move|p2a: Tyranitar|Rock Slide|p1b: Pelipper|[spread] p1b
|-miss|p2a: Tyranitar|p1a: Archaludon
|-supereffective|p1b: Pelipper|1
|-damage|p1b: Pelipper|8/100
|-enditem|p1b: Pelipper|Sitrus Berry|[eat]
|-heal|p1b: Pelipper|33/100|[from] item: Sitrus Berry
|move|p1a: Archaludon|Electro Shot||[still]
|-prepare|p1a: Archaludon|Electro Shot
|-boost|p1a: Archaludon|spa|1
|-anim|p1a: Archaludon|Electro Shot|p2b: Typhlosion
|-damage|p2b: Typhlosion|0 fnt
|faint|p2b: Typhlosion
|move|p1b: Pelipper|Tailwind|p1b: Pelipper
|-sidestart|p1: Aeon_Twins|move: Tailwind
|
|-weather|RainDance|[upkeep]
|-heal|p1a: Archaludon|64/100|[from] item: Leftovers
|upkeep
|turn|5
|
|t:|1783170097
|move|p1a: Archaludon|Flash Cannon|p2a: Tyranitar
|-supereffective|p2a: Tyranitar|1
|-damage|p2a: Tyranitar|0 fnt
|faint|p2a: Tyranitar
|
|win|Aeon_Twins
||rojo53 is ready for game 2.
||Aeon_Twins is ready for game 2.
|uhtml|next|Next: Game 2 of 3
