|j|☆tsteelerfan
|j|☆reshiee
|html|tsteelerfanreshiee    
|uhtml|bestof|Game 2 of a best-of-3
|t:|1785875251
|gametype|doubles
|player|p1|tsteelerfan|101|1049
|player|p2|reshiee|gwynn|1257
|gen|9
|tier|[Gen 9 Champions] VGC 2026 Reg M-B (Bo3)
|rated|
|rule|Species Clause: Limit one of each Pokémon
|rule|Item Clause: Limit 1 of each item
|clearpoke
|poke|p1|Gengar, L50, M|
|poke|p1|Kingambit, L50, F, shiny|
|poke|p1|Hydreigon, L50, M, shiny|
|poke|p1|Primarina, L50, F|
|poke|p1|Steelix, L50, M|
|poke|p1|Vivillon, L50, F|
|poke|p2|Charizard, L50, M|
|poke|p2|Venusaur, L50, F|
|poke|p2|Pelipper, L50, F|
|poke|p2|Grimmsnarl, L50, M|
|poke|p2|Basculegion, L50, M|
|poke|p2|Archaludon, L50, M|
|teampreview|4
|showteam|p1|Gengar||Gengarite|CursedBody|PerishSong,ShadowBall,Protect,Substitute|Timid||M|||50|]Kingambit||ChopleBerry|Defiant|SuckerPunch,SwordsDance,KowtowCleave,Protect|Adamant||F|||50|]Hydreigon||Leftovers|Levitate|Tailwind,DracoMeteor,Protect,FireBlast|Timid||M|||50|]Primarina||MysticWater|LiquidVoice|HyperVoice,Moonblast,PerishSong,Protect|Modest||F|||50|]Steelix||Steelixite|RockHead|SteelBeam,Protect,BodyPress,HighHorsepower|Relaxed||M|||50|]Vivillon||ChoiceScarf|CompoundEyes|SleepPowder,Uturn,AirSlash,GigaDrain|Timid||F|||50|
|showteam|p2|Charizard||CharizarditeY|Blaze|HeatWave,WeatherBall,SolarBeam,Protect|Modest||M|||50|]Venusaur||FocusSash|Chlorophyll|SludgeBomb,EarthPower,SleepPowder,Protect|Modest||F|||50|]Pelipper||SitrusBerry|Drizzle|Hurricane,WeatherBall,Tailwind,WideGuard|Modest||F|||50|]Grimmsnarl||LightClay|Prankster|SpiritBreak,Reflect,LightScreen,PartingShot|Sassy||M|||50|]Basculegion||ChoiceScarf|Adaptability|WaveCrash,LastRespects,FlipTurn,AquaJet|Jolly||M|||50|]Archaludon||Leftovers|Stamina|DragonPulse,FlashCannon,ElectroShot,Protect|Calm||M|||50|
|inactive|Battle timer is ON: inactive players will automatically lose when time's up. (requested by tsteelerfan)
|
|t:|1785875288
|teamsize|p1|4
|teamsize|p2|4
|start
|switch|p1a: Vivillon|Vivillon, L50, F|100/100
|switch|p1b: Hydreigon|Hydreigon, L50, M, shiny|100/100
|switch|p2a: Charizard|Charizard, L50, M|100/100
|switch|p2b: Basculegion|Basculegion, L50, M|100/100
|turn|1
|inactive|reshiee has 30 seconds left.
|inactive|reshiee has 20 seconds left.
|inactive|reshiee has 15 seconds left.
|
|t:|1785875329
|detailschange|p2a: Charizard|Charizard-Mega-Y, L50, M
|-mega|p2a: Charizard|Charizard|Charizardite Y
|-weather|SunnyDay|[from] ability: Drought|[of] p2a: Charizard
|move|p1a: Vivillon|Sleep Powder|p2a: Charizard
|-status|p2a: Charizard|slp|[from] move: Sleep Powder
|move|p2b: Basculegion|Flip Turn|p1a: Vivillon
|-damage|p1a: Vivillon|69/100
|
|t:|1785875343
|switch|p2b: Pelipper|Pelipper, L50, F|100/100|[from] Flip Turn
|-weather|RainDance|[from] ability: Drizzle|[of] p2b: Pelipper
|move|p1b: Hydreigon|Tailwind|p1b: Hydreigon
|-sidestart|p1: tsteelerfan|move: Tailwind
|cant|p2a: Charizard|slp
|
|-weather|RainDance|[upkeep]
|upkeep
|turn|2
|inactive|reshiee has 30 seconds left.
|
|t:|1785875369
|move|p1a: Vivillon|Sleep Powder|p2b: Pelipper
|-status|p2b: Pelipper|slp|[from] move: Sleep Powder
|move|p1b: Hydreigon|Draco Meteor|p2a: Charizard
|-damage|p2a: Charizard|54/100 slp
|-unboost|p1b: Hydreigon|spa|2
|-curestatus|p2a: Charizard|slp|[msg]
|move|p2a: Charizard|Weather Ball|p1a: Vivillon
|-damage|p1a: Vivillon|0 fnt
|faint|p1a: Vivillon
|cant|p2b: Pelipper|slp
|
|-weather|RainDance|[upkeep]
|upkeep
|
|t:|1785875381
|switch|p1a: Kingambit|Kingambit, L50, F, shiny|100/100
|turn|3
|inactive|reshiee has 30 seconds left.
|
|t:|1785875414
|switch|p2a: Archaludon|Archaludon, L50, M|100/100
|move|p1a: Kingambit|Sucker Punch||[still]
|-fail|p1a: Kingambit
|move|p1b: Hydreigon|Draco Meteor|p2a: Archaludon
|-damage|p2a: Archaludon|77/100
|-unboost|p1b: Hydreigon|spa|2
|-ability|p2a: Archaludon|Stamina|boost
|-boost|p2a: Archaludon|def|1
|cant|p2b: Pelipper|slp
|
|-weather|RainDance|[upkeep]
|-heal|p2a: Archaludon|83/100|[from] item: Leftovers
|upkeep
|turn|4
|inactive|reshiee has 30 seconds left.
|
|t:|1785875441
|switch|p1b: Steelix|Steelix, L50, M|100/100
|move|p1a: Kingambit|Protect|p1a: Kingambit
|-singleturn|p1a: Kingambit|Protect
|move|p2a: Archaludon|Electro Shot||[still]
|-prepare|p2a: Archaludon|Electro Shot
|-boost|p2a: Archaludon|spa|1
|-anim|p2a: Archaludon|Electro Shot|p1a: Kingambit
|-activate|p1a: Kingambit|move: Protect
|-curestatus|p2b: Pelipper|slp|[msg]
|move|p2b: Pelipper|Tailwind|p2b: Pelipper
|-sidestart|p2: reshiee|move: Tailwind
|
|-weather|RainDance|[upkeep]
|-heal|p2a: Archaludon|89/100|[from] item: Leftovers
|-sideend|p1: tsteelerfan|move: Tailwind
|upkeep
|turn|5
|inactive|tsteelerfan has 30 seconds left.
|inactive|reshiee has 30 seconds left.
|inactive|reshiee has 20 seconds left.
|inactive|reshiee has 15 seconds left.
|
|t:|1785875483
|move|p1a: Kingambit|Sucker Punch|p2b: Pelipper
|-damage|p2b: Pelipper|58/100
|move|p2a: Archaludon|Electro Shot||[still]
|-prepare|p2a: Archaludon|Electro Shot
|-boost|p2a: Archaludon|spa|1
|-anim|p2a: Archaludon|Electro Shot|p1a: Kingambit
|-damage|p1a: Kingambit|36/100
|move|p2b: Pelipper|Weather Ball|p1b: Steelix
|-supereffective|p1b: Steelix|1
|-damage|p1b: Steelix|0 fnt
|faint|p1b: Steelix
|
|-weather|none
|-heal|p2a: Archaludon|95/100|[from] item: Leftovers
|upkeep
|
|t:|1785875492
|switch|p1b: Hydreigon|Hydreigon, L50, M, shiny|100/100
|turn|6
|-message|tsteelerfan forfeited.
|
|win|reshiee
|raw|tsteelerfan's rating: 1049 → 1041(-8 for losing)
|raw|reshiee's rating: 1257 → 1269(+12 for winning)
|l|☆tsteelerfan
|player|p1|
