|j|☆caterleigh
|j|☆Nacos
|html|caterleighNacos    
|uhtml|bestof|Game 3 of a best-of-3
|t:|1755463014
|gametype|doubles
|player|p1|caterleigh|waiter-gen4|1282
|player|p2|Nacos|170|1320
|gen|9
|tier|[Gen 9] VGC 2025 Reg H (Bo3)
|rated|
|rule|Species Clause: Limit one of each Pokémon
|rule|Item Clause: Limit 1 of each item
|clearpoke
|poke|p1|Indeedee, L50, M|
|poke|p1|Corviknight, L50, M|
|poke|p1|Annihilape, L50, M|
|poke|p1|Whimsicott, L50, F|
|poke|p1|Incineroar, L50, F|
|poke|p1|Electabuzz, L50, M|
|poke|p2|Pelipper, L50, F|
|poke|p2|Archaludon, L50, F|
|poke|p2|Basculegion, L50, M|
|poke|p2|Sneasler, L50, F|
|poke|p2|Incineroar, L50, M|
|poke|p2|Indeedee, L50, M|
|teampreview|4
|showteam|p1|Indeedee||LifeOrb|PsychicSurge|ExpandingForce,HyperVoice,TeraBlast,Protect|||M|||50|,,,,,Ground]Corviknight||PsychicSeed|MirrorArmor|BraveBird,BodyPress,BulkUp,Roost|||M|||50|,,,,,Fire]Annihilape||ChoiceScarf|Defiant|CloseCombat,RageFist,Coaching,FinalGambit|||M|||50|,,,,,Grass]Whimsicott||CovertCloak|Prankster|Moonblast,BeatUp,SunnyDay,Tailwind|||F|||50|,,,,,Water]Incineroar||AssaultVest|Intimidate|FlareBlitz,KnockOff,Uturn,FakeOut|||F|||50|,,,,,Bug]Electabuzz||Eviolite|VitalSpirit|Thunderbolt,Taunt,FollowMe,Protect|||M|||50|,,,,,Fairy
|showteam|p2|Pelipper||CovertCloak|Drizzle|Tailwind,Protect,WeatherBall,Hurricane|||F|||50|,,,,,Steel]Archaludon||AssaultVest|Stamina|ElectroShot,DracoMeteor,FlashCannon,BodyPress|||F|||50|,,,,,Grass]Basculegion||ChoiceBand|SwiftSwim|WaveCrash,LastRespects,FlipTurn,AquaJet|||M|||50|,,,,,Water]Sneasler||PsychicSeed|Unburden|DireClaw,CloseCombat,ThroatChop,Protect|||F|||50|,,,,,Dark]Incineroar||SafetyGoggles|Intimidate|FakeOut,KnockOff,Taunt,PartingShot|||M|||50|,,,,,Water]Indeedee||FocusSash|PsychicSurge|ExpandingForce,TrickRoom,Imprison,Protect|||M|||50|,,,,,Fairy
|
|t:|1755463043
|teamsize|p1|4
|teamsize|p2|4
|start
|switch|p1a: Indeedee|Indeedee, L50, M|100/100
|switch|p1b: Electabuzz|Electabuzz, L50, M|100/100
|switch|p2a: Indeedee|Indeedee, L50, M|100/100
|switch|p2b: Sneasler|Sneasler, L50, F|100/100
|-fieldstart|move: Psychic Terrain|[from] ability: Psychic Surge|[of] p2a: Indeedee
|-enditem|p2b: Sneasler|Psychic Seed
|-boost|p2b: Sneasler|spd|1|[from] item: Psychic Seed
|turn|1
|
|t:|1755463074
|-terastallize|p2b: Sneasler|Dark
|move|p1b: Electabuzz|Follow Me|p1b: Electabuzz
|-singleturn|p1b: Electabuzz|move: Follow Me
|move|p2b: Sneasler|Throat Chop|p1b: Electabuzz
|-damage|p1b: Electabuzz|66/100
|-start|p1b: Electabuzz|Throat Chop|[silent]
|move|p2a: Indeedee|Expanding Force|p1b: Electabuzz|[spread] p1a,p1b
|-resisted|p1a: Indeedee
|-damage|p1a: Indeedee|65/100
|-damage|p1b: Electabuzz|29/100
|move|p1a: Indeedee|Hyper Voice|p2a: Indeedee|[spread] p2a,p2b
|-damage|p2a: Indeedee|43/100
|-damage|p2b: Sneasler|63/100
|-damage|p1a: Indeedee|56/100|[from] item: Life Orb
|
|upkeep
|turn|2
|
|t:|1755463111
|switch|p2b: Incineroar|Incineroar, L50, M|100/100
|-ability|p2b: Incineroar|Intimidate|boost
|-unboost|p1a: Indeedee|atk|1
|-unboost|p1b: Electabuzz|atk|1
|move|p1b: Electabuzz|Follow Me|p1b: Electabuzz
|-singleturn|p1b: Electabuzz|move: Follow Me
|move|p2a: Indeedee|Expanding Force|p1b: Electabuzz|[spread] p1a,p1b
|-resisted|p1a: Indeedee
|-damage|p1a: Indeedee|19/100
|-damage|p1b: Electabuzz|0 fnt
|faint|p1b: Electabuzz
|move|p1a: Indeedee|Hyper Voice|p2a: Indeedee|[spread] p2a,p2b
|-damage|p2a: Indeedee|0 fnt
|-damage|p2b: Incineroar|60/100
|faint|p2a: Indeedee
|-damage|p1a: Indeedee|10/100|[from] item: Life Orb
|
|upkeep
|
|t:|1755463125
|switch|p2a: Archaludon|Archaludon, L50, F|100/100
|switch|p1b: Whimsicott|Whimsicott, L50, F|100/100
|turn|3
|
|t:|1755463158
|-terastallize|p1a: Indeedee|Ground
|move|p1b: Whimsicott|Moonblast|p2a: Archaludon
|-damage|p2a: Archaludon|76/100
|-ability|p2a: Archaludon|Stamina|boost
|-boost|p2a: Archaludon|def|1
|move|p1a: Indeedee|Tera Blast|p2a: Archaludon|[anim] Tera Blast Ground
|-supereffective|p2a: Archaludon
|-damage|p2a: Archaludon|0 fnt
|faint|p2a: Archaludon
|-damage|p1a: Indeedee|0 fnt|[from] item: Life Orb
|faint|p1a: Indeedee
|move|p2b: Incineroar|Knock Off|p1b: Whimsicott
|-resisted|p1b: Whimsicott
|-damage|p1b: Whimsicott|76/100
|-enditem|p1b: Whimsicott|Covert Cloak|[from] move: Knock Off|[of] p2b: Incineroar
|
|upkeep
|
|t:|1755463173
|switch|p1a: Annihilape|Annihilape, L50, M|100/100
|switch|p2a: Sneasler|Sneasler, L50, F, tera:Dark|63/100
|turn|4
|
|t:|1755463189
|move|p2a: Sneasler|Protect|p2a: Sneasler
|-singleturn|p2a: Sneasler|Protect
|move|p1b: Whimsicott|Tailwind|p1b: Whimsicott
|-sidestart|p1: caterleigh|move: Tailwind
|move|p1a: Annihilape|Close Combat|p2a: Sneasler
|-activate|p2a: Sneasler|move: Protect
|move|p2b: Incineroar|Knock Off|p1a: Annihilape
|-damage|p1a: Annihilape|60/100
|-enditem|p1a: Annihilape|Choice Scarf|[from] move: Knock Off|[of] p2b: Incineroar
|
|upkeep
|turn|5
|
|t:|1755463206
|move|p1b: Whimsicott|Moonblast|p2a: Sneasler
|-supereffective|p2a: Sneasler
|-damage|p2a: Sneasler|0 fnt
|faint|p2a: Sneasler
|move|p1a: Annihilape|Close Combat|p2b: Incineroar
|-supereffective|p2b: Incineroar
|-crit|p2b: Incineroar
|-damage|p2b: Incineroar|0 fnt
|-unboost|p1a: Annihilape|def|1
|-unboost|p1a: Annihilape|spd|1
|faint|p2b: Incineroar
|
|win|caterleigh
|raw|caterleigh's rating: 1282 → 1310(+28 for winning)
|raw|Nacos's rating: 1320 → 1298(-22 for losing)
