|j|☆TrainerChrxs
|j|☆starlight74
|html|TrainerChrxsstarlight74    
|uhtml|bestof|Game 3 of a best-of-3
|t:|1784089696
|gametype|doubles
|player|p1|TrainerChrxs|psychic-gen4|1361
|player|p2|starlight74|anabel-gen7|1465
|gen|9
|tier|[Gen 9 Champions] VGC 2026 Reg M-B (Bo3)
|rated|
|rule|Species Clause: Limit one of each Pokémon
|rule|Item Clause: Limit 1 of each item
|clearpoke
|poke|p1|Glimmora, L50, M|
|poke|p1|Ninetales-Alola, L50, F|
|poke|p1|Rotom-Heat, L50|
|poke|p1|Gyarados, L50, F|
|poke|p1|Sinistcha, L50|
|poke|p1|Sneasler, L50, F|
|poke|p2|Froslass, L50, F|
|poke|p2|Dragonite, L50, F|
|poke|p2|Sneasler, L50, F|
|poke|p2|Kingambit, L50, M|
|poke|p2|Blaziken, L50, F|
|poke|p2|Rotom-Wash, L50|
|teampreview|4
|showteam|p1|Glimmora||Glimmoranite|ToxicDebris|SpikyShield,SludgeBomb,AncientPower,EarthPower|Timid||M|||50|]Ninetales-Alola||LightClay|SnowWarning|Protect,Blizzard,FreezeDry,AuroraVeil|Timid||F|||50|]Rotom-Heat||SitrusBerry|Levitate|Protect,Overheat,Thunderbolt,VoltSwitch|Modest|||||50|]Gyarados||Gyaradosite|Intimidate|Protect,Waterfall,Crunch,DragonDance|Jolly||F|||50|]Sinistcha||OccaBerry|Hospitality|RagePowder,MatchaGotcha,TrickRoom,LifeDew|Calm|||||50|]Sneasler||WhiteHerb|Unburden|FakeOut,DireClaw,CloseCombat,Coaching|Jolly||F|||50|
|showteam|p2|Froslass||Froslassite|CursedBody|Blizzard,ShadowBall,AuroraVeil,Protect|Timid||F|||50|]Dragonite||LifeOrb|InnerFocus|DragonClaw,ExtremeSpeed,LowKick,Protect|Adamant||F|||50|]Sneasler||FocusSash|PoisonTouch|CloseCombat,PoisonJab,FakeOut,Protect|Jolly||F|||50|]Kingambit||BlackGlasses|Defiant|KowtowCleave,IronHead,SuckerPunch,Protect|Adamant||M|||50|]Blaziken||Blazikenite|SpeedBoost|CloseCombat,FlareBlitz,RockSlide,Protect|Adamant||F|||50|]Rotom-Wash||ChoiceScarf|Levitate|Thunderbolt,VoltSwitch,HydroPump,Trick|Timid|||||50|
|inactive|Battle timer is ON: inactive players will automatically lose when time's up. (requested by starlight74)
|inactive|TrainerChrxs has 60 seconds left.
|inactive|starlight74 has 60 seconds left.
|
|t:|1784089739
|teamsize|p1|4
|teamsize|p2|4
|start
|switch|p1a: Sneasler|Sneasler, L50, F|100/100
|switch|p1b: Glimmora|Glimmora, L50, M|100/100
|switch|p2a: Blaziken|Blaziken, L50, F|100/100
|switch|p2b: Sneasler|Sneasler, L50, F|100/100
|turn|1
|
|t:|1784089760
|detailschange|p2a: Blaziken|Blaziken-Mega, L50, F
|-mega|p2a: Blaziken|Blaziken|Blazikenite
|move|p1a: Sneasler|Fake Out|p2b: Sneasler
|-damage|p2b: Sneasler|76/100
|cant|p2b: Sneasler|flinch
|move|p1b: Glimmora|Earth Power|p2b: Sneasler
|-supereffective|p2b: Sneasler|1
|-damage|p2b: Sneasler|0 fnt
|faint|p2b: Sneasler
|move|p2a: Blaziken|Flare Blitz|p1a: Sneasler
|-damage|p1a: Sneasler|0 fnt
|faint|p1a: Sneasler
|-damage|p2a: Blaziken|69/100|[from] Recoil
|
|-ability|p2a: Blaziken|Speed Boost|boost
|-boost|p2a: Blaziken|spe|1
|upkeep
|
|t:|1784089773
|switch|p1a: Rotom|Rotom-Heat, L50|100/100
|switch|p2b: Rotom|Rotom-Wash, L50|100/100
|turn|2
|
|t:|1784089787
|move|p1b: Glimmora|Spiky Shield|p1b: Glimmora
|-singleturn|p1b: Glimmora|move: Protect
|move|p2b: Rotom|Hydro Pump|p1b: Glimmora
|-activate|p1b: Glimmora|move: Protect
|move|p2a: Blaziken|Rock Slide|p1b: Glimmora|[spread] p1a
|-activate|p1b: Glimmora|move: Protect
|-supereffective|p1a: Rotom|1
|-damage|p1a: Rotom|45/100
|-enditem|p1a: Rotom|Sitrus Berry|[eat]
|-heal|p1a: Rotom|70/100|[from] item: Sitrus Berry
|cant|p1a: Rotom|flinch
|
|-ability|p2a: Blaziken|Speed Boost|boost
|-boost|p2a: Blaziken|spe|1
|upkeep
|turn|3
|
|t:|1784089804
|switch|p1b: Sinistcha|Sinistcha, L50|100/100
|-heal|p1a: Rotom|94/100|[from] ability: Hospitality|[of] p1b: Sinistcha
|move|p2a: Blaziken|Close Combat|p1a: Rotom
|-damage|p1a: Rotom|2/100
|-unboost|p2a: Blaziken|def|1
|-unboost|p2a: Blaziken|spd|1
|move|p2b: Rotom|Hydro Pump|p1b: Sinistcha
|-resisted|p1b: Sinistcha|1
|-damage|p1b: Sinistcha|76/100
|move|p1a: Rotom|Thunderbolt|p2a: Blaziken
|-damage|p2a: Blaziken|0 fnt
|faint|p2a: Blaziken
|
|upkeep
|
|t:|1784089809
|switch|p2a: Dragonite|Dragonite, L50, F|100/100
|turn|4
|
|t:|1784089824
|move|p2b: Rotom|Hydro Pump|p1b: Sinistcha
|-resisted|p1b: Sinistcha|1
|-damage|p1b: Sinistcha|53/100
|move|p1a: Rotom|Volt Switch|p2b: Rotom
|-damage|p2b: Rotom|54/100
|
|t:|1784089829
|switch|p1a: Glimmora|Glimmora, L50, M|100/100|[from] Volt Switch
|move|p2a: Dragonite|Dragon Claw|p1b: Sinistcha
|-damage|p1b: Sinistcha|1/100
|-damage|p2a: Dragonite|90/100|[from] item: Life Orb
|move|p1b: Sinistcha|Trick Room|p1b: Sinistcha
|-fieldstart|move: Trick Room|[of] p1b: Sinistcha
|
|upkeep
|turn|5
|
|t:|1784089842
|detailschange|p1a: Glimmora|Glimmora-Mega, L50, M
|-mega|p1a: Glimmora|Glimmora|Glimmoranite
|move|p1b: Sinistcha|Rage Powder|p1b: Sinistcha
|-singleturn|p1b: Sinistcha|move: Rage Powder
|move|p2a: Dragonite|Dragon Claw|p1b: Sinistcha
|-damage|p1b: Sinistcha|0 fnt
|faint|p1b: Sinistcha
|-damage|p2a: Dragonite|80/100|[from] item: Life Orb
|move|p1a: Glimmora|Sludge Bomb|p2b: Rotom
|-damage|p2b: Rotom|0 fnt
|faint|p2b: Rotom
|
|upkeep
|
|t:|1784089848
|switch|p1b: Rotom|Rotom-Heat, L50|2/100
|turn|6
|
|t:|1784089861
|move|p2a: Dragonite|Protect|p2a: Dragonite
|-singleturn|p2a: Dragonite|Protect
|move|p1b: Rotom|Thunderbolt|p2a: Dragonite
|-activate|p2a: Dragonite|move: Protect
|move|p1a: Glimmora|Ancient Power|p2a: Dragonite
|-activate|p2a: Dragonite|move: Protect
|
|upkeep
|turn|7
|
|t:|1784089867
|move|p2a: Dragonite|Dragon Claw|p1a: Glimmora
|-damage|p1a: Glimmora|39/100
|-damage|p2a: Dragonite|71/100|[from] item: Life Orb
|move|p1b: Rotom|Thunderbolt|p2a: Dragonite
|-damage|p2a: Dragonite|29/100
|move|p1a: Glimmora|Ancient Power|p2a: Dragonite
|-supereffective|p2a: Dragonite|1
|-damage|p2a: Dragonite|0 fnt
|faint|p2a: Dragonite
|
|win|TrainerChrxs
|raw|TrainerChrxs's rating: 1361 → 1387(+26 for winning)
|raw|starlight74's rating: 1465 → 1439(-26 for losing)
