|j|☆geoo_4789
|j|☆asher255
|html|geoo_4789asher255    
|uhtml|bestof|Game 2 of a best-of-3
|t:|1783522119
|gametype|doubles
|player|p1|geoo_4789|265|
|player|p2|asher255|dawn-masters|
|gen|9
|tier|[Gen 9 Champions] VGC 2026 Reg M-B (Bo3)
|rule|Species Clause: Limit one of each Pokémon
|rule|Item Clause: Limit 1 of each item
|clearpoke
|poke|p1|Eelektross, L50, M|
|poke|p1|Gholdengo, L50|
|poke|p1|Ninetales-Alola, L50, M|
|poke|p1|Talonflame, L50, F|
|poke|p1|Tsareena, L50, F|
|poke|p1|Garchomp, L50, F|
|poke|p2|Sableye, L50, M|
|poke|p2|Falinks, L50|
|poke|p2|Meowscarada, L50, M|
|poke|p2|Arcanine-Hisui, L50, M|
|poke|p2|Tyranitar, L50, F|
|poke|p2|Sylveon, L50, F|
|teampreview|4
|showteam|p1|Eelektross||Eelektrossite|Levitate|Thunderbolt,Flamethrower,CloseCombat,Protect|Modest||M|||50|]Gholdengo||LifeOrb|GoodasGold|MakeItRain,ShadowBall,PowerGem,Protect|Modest|||||50|]Ninetales-Alola||FocusSash|SnowWarning|Blizzard,FreezeDry,Encore,Protect|Timid||M|||50|]Talonflame||SharpBeak|GaleWings|DualWingbeat,FlareBlitz,Tailwind,Protect|Jolly||F|||50|]Tsareena||OccaBerry|QueenlyMajesty|TropKick,LowKick,TripleAxel,Taunt|Adamant||F|||50|]Garchomp||SitrusBerry|RoughSkin|Earthquake,DragonClaw,RockTomb,Protect|Jolly||F|||50|
|showteam|p2|Sableye||MentalHerb|Prankster|Encore,MeanLook,Quash,Protect|Bold||M|||50|]Falinks||Falinksite|Defiant|NoRetreat,KnockOff,CloseCombat,PoisonJab|Serious|||||50|]Meowscarada||FocusSash|Protean|PollenPuff,FlowerTrick,KnockOff,Protect|Hasty||M|||50|]Arcanine-Hisui||ChoiceScarf|RockHead|HeadSmash,FlareBlitz,RockSlide,ExtremeSpeed|Adamant||M|||50|]Tyranitar||Tyranitarite|SandStream|KnockOff,RockSlide,StoneEdge,Protect|Careful||F|||50|]Sylveon||FairyFeather|Pixilate|HyperBeam,HyperVoice,QuickAttack,Protect|Modest||F|||50|
|inactive|Battle timer is ON: inactive players will automatically lose when time's up. (requested by asher255)
|
|t:|1783522131
|teamsize|p1|4
|teamsize|p2|4
|start
|switch|p1a: Tsareena|Tsareena, L50, F|100/100
|switch|p1b: Talonflame|Talonflame, L50, F|100/100
|switch|p2a: Tyranitar|Tyranitar, L50, F|100/100
|switch|p2b: Arcanine|Arcanine-Hisui, L50, M|100/100
|-weather|Sandstorm|[from] ability: Sand Stream|[of] p2a: Tyranitar
|turn|1
|inactive|geoo_4789 has 30 seconds left.
|inactive|geoo_4789 has 20 seconds left.
|
|t:|1783522166
|detailschange|p2a: Tyranitar|Tyranitar-Mega, L50, F
|-mega|p2a: Tyranitar|Tyranitar|Tyranitarite
|move|p1b: Talonflame|Tailwind|p1b: Talonflame
|-sidestart|p1: geoo_4789|move: Tailwind
|move|p1a: Tsareena|Low Kick|p2b: Arcanine
|-supereffective|p2b: Arcanine|1
|-damage|p2b: Arcanine|13/100
|move|p2b: Arcanine|Flare Blitz|p1a: Tsareena
|-supereffective|p1a: Tsareena|1
|-enditem|p1a: Tsareena|Occa Berry|[eat]
|-enditem|p1a: Tsareena|Occa Berry|[weaken]
|-damage|p1a: Tsareena|35/100
|move|p2a: Tyranitar|Rock Slide|p1b: Talonflame|[spread] p1a,p1b
|-crit|p1a: Tsareena
|-supereffective|p1b: Talonflame|2
|-damage|p1a: Tsareena|0 fnt
|-damage|p1b: Talonflame|0 fnt
|faint|p1a: Tsareena
|faint|p1b: Talonflame
|
|-weather|Sandstorm|[upkeep]
|upkeep
|c|☆geoo_4789|dude
|c|☆geoo_4789|wow
|c|☆geoo_4789|just
|c|☆geoo_4789|wow
|
|t:|1783522188
|switch|p1b: Gholdengo|Gholdengo, L50|100/100
|switch|p1a: Eelektross|Eelektross, L50, M|100/100
|turn|2
|
|t:|1783522205
|switch|p2b: Sableye|Sableye, L50, M|100/100
|detailschange|p1a: Eelektross|Eelektross-Mega, L50, M
|-mega|p1a: Eelektross|Eelektross|Eelektrossite
|move|p1b: Gholdengo|Power Gem|p2b: Sableye
|-damage|p2b: Sableye|35/100
|-damage|p1b: Gholdengo|90/100|[from] item: Life Orb
|move|p1a: Eelektross|Close Combat|p2a: Tyranitar
|-supereffective|p2a: Tyranitar|2
|-damage|p2a: Tyranitar|22/100
|-unboost|p1a: Eelektross|def|1
|-unboost|p1a: Eelektross|spd|1
|move|p2a: Tyranitar|Knock Off|p1b: Gholdengo
|-supereffective|p1b: Gholdengo|1
|-damage|p1b: Gholdengo|0 fnt
|-enditem|p1b: Gholdengo|Life Orb|[from] move: Knock Off|[of] p2a: Tyranitar
|faint|p1b: Gholdengo
|
|-weather|Sandstorm|[upkeep]
|-damage|p1a: Eelektross|94/100|[from] Sandstorm
|-damage|p2b: Sableye|29/100|[from] Sandstorm
|upkeep
|turn|3
|
|t:|1783522227
|move|p2b: Sableye|Quash|p1a: Eelektross
|-activate|p1a: Eelektross|move: Quash
|move|p2a: Tyranitar|Stone Edge|p1a: Eelektross|[miss]
|-miss|p2a: Tyranitar|p1a: Eelektross
|move|p1a: Eelektross|Close Combat|p2a: Tyranitar
|-supereffective|p2a: Tyranitar|2
|-damage|p2a: Tyranitar|0 fnt
|-unboost|p1a: Eelektross|def|1
|-unboost|p1a: Eelektross|spd|1
|faint|p2a: Tyranitar
|-ability|p1a: Eelektross|Eelevate|boost
|-boost|p1a: Eelektross|spa|1
|
|-weather|Sandstorm|[upkeep]
|-damage|p1a: Eelektross|88/100|[from] Sandstorm
|-damage|p2b: Sableye|24/100|[from] Sandstorm
|upkeep
|
|t:|1783522232
|switch|p2a: Arcanine|Arcanine-Hisui, L50, M|13/100
|turn|4
|
|t:|1783522236
|move|p1a: Eelektross|Protect|p1a: Eelektross
|-singleturn|p1a: Eelektross|Protect
|move|p2b: Sableye|Quash|p1a: Eelektross
|-activate|p1a: Eelektross|move: Protect
|move|p2a: Arcanine|Head Smash|p1a: Eelektross
|-activate|p1a: Eelektross|move: Protect
|
|-weather|Sandstorm|[upkeep]
|-damage|p1a: Eelektross|82/100|[from] Sandstorm
|-damage|p2b: Sableye|18/100|[from] Sandstorm
|-sideend|p1: geoo_4789|move: Tailwind
|upkeep
|turn|5
|
|t:|1783522244
|move|p2b: Sableye|Encore|p1a: Eelektross
|-start|p1a: Eelektross|Encore
|move|p1a: Eelektross|Protect||[still]
|-fail|p1a: Eelektross
|move|p2a: Arcanine|Head Smash|p1a: Eelektross
|-crit|p1a: Eelektross
|-damage|p1a: Eelektross|0 fnt
|faint|p1a: Eelektross
|
|win|asher255
||asher255 is ready for game 3.
||geoo_4789 is ready for game 3.
|uhtml|next|Next: Game 3 of 3
