|j|☆abadanriyi92
|j|☆bever13
|html|abadanriyi92bever13    
|uhtml|bestof|Game 1 of a best-of-3
|t:|1786035393
|gametype|doubles
|player|p1|abadanriyi92|colress|1211
|player|p2|bever13|pryce|1090
|gen|9
|tier|[Gen 9 Champions] VGC 2026 Reg M-B (Bo3)
|rated|
|rule|Species Clause: Limit one of each Pokémon
|rule|Item Clause: Limit 1 of each item
|clearpoke
|poke|p1|Charizard, L50, F|
|poke|p1|Floette-Eternal, L50, F|
|poke|p1|Basculegion, L50, M|
|poke|p1|Garchomp, L50, F|
|poke|p1|Kingambit, L50, F|
|poke|p1|Whimsicott, L50, M|
|poke|p2|Swampert, L50, M|
|poke|p2|Sceptile, L50, F|
|poke|p2|Pelipper, L50, M, shiny|
|poke|p2|Basculegion, L50, M|
|poke|p2|Raichu, L50, F|
|poke|p2|Lycanroc-Dusk, L50, F, shiny|
|teampreview|4
|showteam|p1|Charizard||CharizarditeY|Blaze|HeatWave,SolarBeam,WeatherBall,Protect|Modest||F|||50|]Floette-Eternal||Floettite|FlowerVeil|Moonblast,DazzlingGleam,LightofRuin,Protect|Timid||F|||50|]Basculegion||LifeOrb|Adaptability|WaveCrash,AquaJet,LastRespects,Protect|Adamant||M|||50|]Garchomp||SitrusBerry|RoughSkin|Earthquake,RockSlide,Protect,DragonClaw|Adamant||F|||50|]Kingambit||ChopleBerry|Defiant|KowtowCleave,IronHead,SuckerPunch,LowKick|Adamant||F|||50|]Whimsicott||FocusSash|Prankster|Moonblast,Tailwind,Encore,Protect|Timid||M|||50|
|showteam|p2|Swampert||Swampertite|Torrent|Earthquake,IcePunch,WaveCrash,Protect|Adamant||M|||50|]Sceptile||Sceptilite|Overgrow|DragonPulse,EarthPower,EnergyBall,Protect|Timid||F|||50|]Pelipper||DampRock|Drizzle|Hurricane,Tailwind,WideGuard,MuddyWater|Modest||M|||50|]Basculegion||ShellBell|SwiftSwim|FlipTurn,LastRespects,PsychicFangs,WaveCrash|Adamant||M|||50|]Raichu||MentalHerb|LightningRod|Discharge,FakeOut,GrassKnot,Encore|Timid||F|||50|]Lycanroc-Dusk||FocusSash|ToughClaws|CloseCombat,Accelerock,PsychicFangs,RockSlide|Adamant||F|||50|
|inactive|Battle timer is ON: inactive players will automatically lose when time's up. (requested by abadanriyi92)
|inactive|abadanriyi92 has 60 seconds left.
|
|t:|1786035450
|teamsize|p1|4
|teamsize|p2|4
|start
|switch|p1a: Floette|Floette-Eternal, L50, F|100/100
|switch|p1b: Whimsicott|Whimsicott, L50, M|100/100
|switch|p2a: Lycanroc|Lycanroc-Dusk, L50, F, shiny|100/100
|switch|p2b: Pelipper|Pelipper, L50, M, shiny|100/100
|-weather|RainDance|[from] ability: Drizzle|[of] p2b: Pelipper
|turn|1
|inactive|abadanriyi92 has 30 seconds left.
|
|t:|1786035481
|switch|p1a: Garchomp|Garchomp, L50, F|100/100
|move|p1b: Whimsicott|Protect|p1b: Whimsicott
|-singleturn|p1b: Whimsicott|Protect
|move|p2a: Lycanroc|Rock Slide|p1b: Whimsicott|[spread] p1a
|-activate|p1b: Whimsicott|move: Protect
|-resisted|p1a: Garchomp|1
|-damage|p1a: Garchomp|86/100
|move|p2b: Pelipper|Tailwind|p2b: Pelipper
|-sidestart|p2: bever13|move: Tailwind
|
|-weather|RainDance|[upkeep]
|upkeep
|turn|2
|inactive|bever13 has 30 seconds left.
|inactive|bever13 has 20 seconds left.
|inactive|bever13 has 15 seconds left.
|inactive|bever13 has 10 seconds left.
|inactive|bever13 has 5 seconds left.
|
|t:|1786035536
|move|p1b: Whimsicott|Tailwind|p1b: Whimsicott
|-sidestart|p1: abadanriyi92|move: Tailwind
|move|p2a: Lycanroc|Close Combat|p1b: Whimsicott
|-resisted|p1b: Whimsicott|1
|-damage|p1b: Whimsicott|59/100
|-unboost|p2a: Lycanroc|def|1
|-unboost|p2a: Lycanroc|spd|1
|move|p1a: Garchomp|Dragon Claw|p2a: Lycanroc
|-enditem|p2a: Lycanroc|Focus Sash
|-damage|p2a: Lycanroc|1/100
|move|p2b: Pelipper|Hurricane|p1a: Garchomp
|-damage|p1a: Garchomp|46/100
|-enditem|p1a: Garchomp|Sitrus Berry|[eat]
|-heal|p1a: Garchomp|71/100|[from] item: Sitrus Berry
|
|-weather|RainDance|[upkeep]
|upkeep
|turn|3
|inactive|abadanriyi92 has 30 seconds left.
|
|t:|1786035563
|move|p1b: Whimsicott|Moonblast|p2a: Lycanroc
|-damage|p2a: Lycanroc|0 fnt
|faint|p2a: Lycanroc
|move|p1a: Garchomp|Rock Slide|p2b: Pelipper
|-supereffective|p2b: Pelipper|1
|-damage|p2b: Pelipper|45/100
|move|p2b: Pelipper|Muddy Water|p1b: Whimsicott|[spread] p1a
|-miss|p2b: Pelipper|p1b: Whimsicott
|-damage|p1a: Garchomp|34/100
|-unboost|p1a: Garchomp|accuracy|1
|
|-weather|RainDance|[upkeep]
|upkeep
|
|t:|1786035570
|switch|p2a: Basculegion|Basculegion, L50, M|100/100
|turn|4
|
|t:|1786035590
|switch|p1a: Kingambit|Kingambit, L50, F|100/100
|move|p2b: Pelipper|Wide Guard|p2b: Pelipper
|-singleturn|p2b: Pelipper|Wide Guard
|move|p2a: Basculegion|Last Respects|p1b: Whimsicott
|-damage|p1b: Whimsicott|0 fnt
|faint|p1b: Whimsicott
|
|-weather|RainDance|[upkeep]
|-sideend|p2: bever13|move: Tailwind
|upkeep
|
|t:|1786035605
|switch|p1b: Floette|Floette-Eternal, L50, F|100/100
|turn|5
|
|t:|1786035627
|detailschange|p1b: Floette|Floette-Mega, L50, F
|-mega|p1b: Floette|Floette|Floettite
|-ability|p1b: Floette|Fairy Aura
|move|p1a: Kingambit|Sucker Punch|p2a: Basculegion
|-supereffective|p2a: Basculegion|1
|-crit|p2a: Basculegion
|-damage|p2a: Basculegion|0 fnt
|faint|p2a: Basculegion
|move|p1b: Floette|Moonblast|p2b: Pelipper
|-damage|p2b: Pelipper|0 fnt
|faint|p2b: Pelipper
|
|-weather|RainDance|[upkeep]
|-sideend|p1: abadanriyi92|move: Tailwind
|upkeep
|
|t:|1786035634
|switch|p2b: Raichu|Raichu, L50, F|100/100
|turn|6
|
|t:|1786035654
|move|p1a: Kingambit|Sucker Punch|p2b: Raichu
|-damage|p2b: Raichu|8/100
|move|p2b: Raichu|Discharge|p1a: Kingambit|[spread] p1a,p1b
|-damage|p1a: Kingambit|72/100
|-damage|p1b: Floette|79/100
|move|p1b: Floette|Moonblast|p2b: Raichu
|-damage|p2b: Raichu|0 fnt
|faint|p2b: Raichu
|
|win|abadanriyi92
||bever13 is ready for game 2.
|l|☆bever13
|player|p2|
|inactive|abadanriyi92 has 30 seconds to confirm battle start!
||abadanriyi92 is ready for game 2.
|uhtml|next|Next: Game 2 of 3
