|j|☆we_are_toasted
|j|‽TransGirlChomp1
|html|we_are_toastedTransGirlChomp1    
|uhtml|bestof|Game 1 of a best-of-3
|t:|1784502905
|gametype|doubles
|player|p1|we_are_toasted|102|1301
|player|p2|TransGirlChomp1|skierf|1331
|gen|9
|tier|[Gen 9 Champions] VGC 2026 Reg M-B (Bo3)
|rated|
|rule|Species Clause: Limit one of each Pokémon
|rule|Item Clause: Limit 1 of each item
|clearpoke
|poke|p1|Froslass, L50, F|
|poke|p1|Sneasler, L50, M, shiny|
|poke|p1|Lycanroc-Dusk, L50, M, shiny|
|poke|p1|Basculegion, L50, M|
|poke|p1|Kingambit, L50, M, shiny|
|poke|p1|Scovillain, L50, F|
|poke|p2|Garchomp, L50, F|
|poke|p2|Tyranitar, L50, F|
|poke|p2|Gholdengo, L50|
|poke|p2|Venusaur, L50, F|
|poke|p2|Incineroar, L50, M|
|poke|p2|Sylveon, L50, F|
|teampreview|4
|showteam|p1|Froslass||Froslassite|CursedBody|Blizzard,ShadowBall,AuroraVeil,Protect|Timid||F|||50|]Sneasler||WhiteHerb|Unburden|CloseCombat,GunkShot,Protect,FakeOut|Adamant||M|||50|]Lycanroc-Dusk||FocusSash|ToughClaws|RockSlide,Accelerock,CloseCombat,Protect|Adamant||M|||50|]Basculegion||SitrusBerry|Adaptability|WaveCrash,LastRespects,AquaJet,Protect|Adamant||M|||50|]Kingambit||LifeOrb|Defiant|KowtowCleave,SuckerPunch,SwordsDance,Protect|Adamant||M|||50|]Scovillain||Scovillainite|Moody|GigaDrain,Overheat,RagePowder,Protect|Bold||F|||50|
|showteam|p2|Garchomp||Garchompite|SandVeil|EarthPower,DragonPulse,PowerGem,Protect|Modest||F|||50|]Tyranitar||ChoiceScarf|SandStream|RockSlide,KnockOff,LowKick,IcyWind|Jolly||F|||50|]Gholdengo||LifeOrb|GoodasGold|MakeItRain,ShadowBall,NastyPlot,Protect|Modest|||||50|]Venusaur||Venusaurite|Chlorophyll|GigaDrain,SludgeBomb,SleepPowder,Protect|Modest||F|||50|]Incineroar||PasshoBerry|Intimidate|FakeOut,FlareBlitz,ThroatChop,PartingShot|Careful||M|||50|]Sylveon||FairyFeather|Pixilate|HyperVoice,HyperBeam,QuickAttack,Protect|Modest||F|||50|
|inactive|Battle timer is ON: inactive players will automatically lose when time's up. (requested by TransGirlChomp1)
|inactive|we_are_toasted has 60 seconds left.
|inactive|TransGirlChomp1 has 60 seconds left.
|inactive|we_are_toasted has 30 seconds left.
|inactive|we_are_toasted has 20 seconds left.
|inactive|we_are_toasted has 15 seconds left.
|inactive|we_are_toasted has 10 seconds left.
|inactive|we_are_toasted has 5 seconds left.
|
|t:|1784502995
|teamsize|p1|4
|teamsize|p2|4
|start
|switch|p1a: Froslass|Froslass, L50, F|100/100
|switch|p1b: Kingambit|Kingambit, L50, M, shiny|100/100
|switch|p2a: Venusaur|Venusaur, L50, F|100/100
|switch|p2b: Tyranitar|Tyranitar, L50, F|100/100
|-weather|Sandstorm|[from] ability: Sand Stream|[of] p2b: Tyranitar
|turn|1
|inactive|we_are_toasted has 30 seconds left.
|inactive|TransGirlChomp1 has 30 seconds left.
|inactive|we_are_toasted has 20 seconds left.
|
|t:|1784503033
|switch|p1b: Sneasler|Sneasler, L50, M, shiny|100/100
|detailschange|p1a: Froslass|Froslass-Mega, L50, F
|-mega|p1a: Froslass|Froslass|Froslassite
|-weather|Snowscape|[from] ability: Snow Warning|[of] p1a: Froslass
|detailschange|p2a: Venusaur|Venusaur-Mega, L50, F
|-mega|p2a: Venusaur|Venusaur|Venusaurite
|move|p2b: Tyranitar|Low Kick|p1b: Sneasler
|-resisted|p1b: Sneasler|1
|-damage|p1b: Sneasler|86/100
|move|p1a: Froslass|Aurora Veil|p1a: Froslass
|-sidestart|p1: we_are_toasted|move: Aurora Veil
|move|p2a: Venusaur|Sleep Powder|p1b: Sneasler|[miss]
|-miss|p2a: Venusaur|p1b: Sneasler
|
|-weather|Snowscape|[upkeep]
|upkeep
|turn|2
|inactive|we_are_toasted has 30 seconds left.
|
|t:|1784503064
|switch|p2b: Gholdengo|Gholdengo, L50|100/100
|move|p1a: Froslass|Shadow Ball|p2b: Gholdengo
|-supereffective|p2b: Gholdengo|1
|-damage|p2b: Gholdengo|25/100
|move|p1b: Sneasler|Close Combat|p2a: Venusaur
|-resisted|p2a: Venusaur|1
|-damage|p2a: Venusaur|79/100
|-unboost|p1b: Sneasler|def|1
|-unboost|p1b: Sneasler|spd|1
|-enditem|p1b: Sneasler|White Herb
|-clearnegativeboost|p1b: Sneasler|[silent]
|move|p2a: Venusaur|Sleep Powder|p1a: Froslass
|-status|p1a: Froslass|slp|[from] move: Sleep Powder
|
|-weather|Snowscape|[upkeep]
|upkeep
|turn|3
|inactive|we_are_toasted has 30 seconds left.
|
|t:|1784503096
|cant|p1a: Froslass|slp
|move|p1b: Sneasler|Gunk Shot|p2a: Venusaur
|-damage|p2a: Venusaur|31/100
|move|p2b: Gholdengo|Make It Rain|p1b: Sneasler|[spread] p1a,p1b
|-supereffective|p1a: Froslass|1
|-damage|p1a: Froslass|26/100 slp
|-damage|p1b: Sneasler|39/100
|-unboost|p2b: Gholdengo|spa|2
|-damage|p2b: Gholdengo|15/100|[from] item: Life Orb
|move|p2a: Venusaur|Sleep Powder|p1a: Froslass
|-fail|p1a: Froslass|slp
|
|-weather|Snowscape|[upkeep]
|upkeep
|turn|4
|
|t:|1784503117
|move|p2a: Venusaur|Protect|p2a: Venusaur
|-singleturn|p2a: Venusaur|Protect
|move|p1b: Sneasler|Gunk Shot|p2a: Venusaur
|-activate|p2a: Venusaur|move: Protect
|-curestatus|p1a: Froslass|slp|[msg]
|move|p1a: Froslass|Shadow Ball|p2b: Gholdengo
|-supereffective|p2b: Gholdengo|1
|-damage|p2b: Gholdengo|0 fnt
|faint|p2b: Gholdengo
|
|-weather|Snowscape|[upkeep]
|upkeep
|
|t:|1784503124
|switch|p2b: Incineroar|Incineroar, L50, M|100/100
|-ability|p2b: Incineroar|Intimidate|boost
|-unboost|p1a: Froslass|atk|1
|-unboost|p1b: Sneasler|atk|1
|turn|5
|
|t:|1784503142
|move|p1b: Sneasler|Protect|p1b: Sneasler
|-singleturn|p1b: Sneasler|Protect
|move|p2b: Incineroar|Fake Out|p1b: Sneasler
|-activate|p1b: Sneasler|move: Protect
|move|p1a: Froslass|Blizzard|p2b: Incineroar|[spread] p2a,p2b
|-supereffective|p2a: Venusaur|1
|-resisted|p2b: Incineroar|1
|-damage|p2a: Venusaur|1/100
|-damage|p2b: Incineroar|86/100
|-status|p2b: Incineroar|frz
|move|p2a: Venusaur|Giga Drain|p1a: Froslass
|-damage|p1a: Froslass|4/100
|-heal|p2a: Venusaur|11/100|[from] drain|[of] p1a: Froslass
|
|-weather|none
|-sideend|p1: we_are_toasted|move: Aurora Veil
|upkeep
|turn|6
|
|t:|1784503165
|switch|p2a: Tyranitar|Tyranitar, L50, F|100/100
|-weather|Sandstorm|[from] ability: Sand Stream|[of] p2a: Tyranitar
|move|p1b: Sneasler|Close Combat|p2b: Incineroar
|-supereffective|p2b: Incineroar|1
|-damage|p2b: Incineroar|17/100 frz
|-unboost|p1b: Sneasler|def|1
|-unboost|p1b: Sneasler|spd|1
|move|p1a: Froslass|Blizzard|p2a: Tyranitar|[spread] p2a
|-miss|p1a: Froslass|p2b: Incineroar
|-crit|p2a: Tyranitar
|-damage|p2a: Tyranitar|62/100
|-curestatus|p2b: Incineroar|frz|[from] move: Flare Blitz
|move|p2b: Incineroar|Flare Blitz|p1b: Sneasler
|-damage|p1b: Sneasler|0 fnt
|faint|p1b: Sneasler
|-damage|p2b: Incineroar|5/100|[from] Recoil
|
|-weather|Sandstorm|[upkeep]
|-damage|p1a: Froslass|0 fnt|[from] Sandstorm
|-damage|p2b: Incineroar|0 fnt|[from] Sandstorm
|faint|p1a: Froslass
|faint|p2b: Incineroar
|upkeep
|
|t:|1784503180
|switch|p1a: Kingambit|Kingambit, L50, M, shiny|100/100
|switch|p1b: Basculegion|Basculegion, L50, M|100/100
|switch|p2b: Venusaur|Venusaur-Mega, L50, F|11/100
|turn|7
|inactive|we_are_toasted has 30 seconds left.
|inactive|we_are_toasted has 20 seconds left.
|inactive|we_are_toasted has 15 seconds left.
|inactive|we_are_toasted has 10 seconds left.
|inactive|we_are_toasted has 5 seconds left.
|
|t:|1784503230
|move|p1b: Basculegion|Aqua Jet|p2a: Tyranitar
|-supereffective|p2a: Tyranitar|1
|-damage|p2a: Tyranitar|17/100
|move|p1a: Kingambit|Sucker Punch||[still]
|-fail|p1a: Kingambit
|move|p2a: Tyranitar|Low Kick|p1a: Kingambit
|-supereffective|p1a: Kingambit|2
|-damage|p1a: Kingambit|0 fnt
|faint|p1a: Kingambit
|move|p2b: Venusaur|Sleep Powder|p1b: Basculegion
|-status|p1b: Basculegion|slp|[from] move: Sleep Powder
|
|-weather|Sandstorm|[upkeep]
|-damage|p2b: Venusaur|5/100|[from] Sandstorm
|-damage|p1b: Basculegion|94/100 slp|[from] Sandstorm
|upkeep
|turn|8
|
|t:|1784503246
|cant|p1b: Basculegion|slp
|move|p2a: Tyranitar|Low Kick|p1b: Basculegion
|-immune|p1b: Basculegion
|move|p2b: Venusaur|Giga Drain|p1b: Basculegion
|-supereffective|p1b: Basculegion|1
|-damage|p1b: Basculegion|16/100 slp
|-heal|p2b: Venusaur|50/100g|[from] drain|[of] p1b: Basculegion
|-enditem|p1b: Basculegion|Sitrus Berry|[eat]
|-heal|p1b: Basculegion|41/100 slp|[from] item: Sitrus Berry
|
|-weather|Sandstorm|[upkeep]
|-damage|p2b: Venusaur|44/100|[from] Sandstorm
|-damage|p1b: Basculegion|35/100 slp|[from] Sandstorm
|upkeep
|turn|9
|
|t:|1784503259
|move|p2a: Tyranitar|Low Kick|p1b: Basculegion
|-immune|p1b: Basculegion
|move|p2b: Venusaur|Giga Drain|p1b: Basculegion
|-supereffective|p1b: Basculegion|1
|-damage|p1b: Basculegion|0 fnt
|-heal|p2b: Venusaur|65/100|[from] drain|[of] p1b: Basculegion
|faint|p1b: Basculegion
|
|win|TransGirlChomp1
