|j|☆Jaspyjaspyjaspy
|j|☆new mental
|html|Jaspyjaspyjaspynew mental    
|uhtml|bestof|Game 2 of a best-of-3
|t:|1783246042
|gametype|doubles
|player|p1|Jaspyjaspyjaspy|2|1077
|player|p2|new mental|volkner|1144
|gen|9
|tier|[Gen 9 Champions] VGC 2026 Reg M-B (Bo3)
|rated|
|rule|Species Clause: Limit one of each Pokémon
|rule|Item Clause: Limit 1 of each item
|clearpoke
|poke|p1|Tyranitar, L50, F, shiny|
|poke|p1|Excadrill, L50, M, shiny|
|poke|p1|Aerodactyl, L50, M, shiny|
|poke|p1|Rotom-Wash, L50, shiny|
|poke|p1|Houndstone, L50, F, shiny|
|poke|p1|Meganium, L50, F, shiny|
|poke|p2|Aerodactyl, L50, M|
|poke|p2|Garchomp, L50, F|
|poke|p2|Kingambit, L50, F|
|poke|p2|Charizard, L50, F|
|poke|p2|Sylveon, L50, F|
|poke|p2|Farigiraf, L50, F|
|teampreview|4
|showteam|p1|Tyranitar||Tyranitarite|SandStream|Assurance,RockSlide,LowKick,Protect|Adamant||F|||50|]Excadrill||LifeOrb|SandRush|Earthquake,IronHead,Protect,RockSlide|Adamant||M|||50|]Aerodactyl||MuscleBand|Unnerve|Tailwind,DualWingbeat,RockSlide,Protect|Jolly||M|||50|]Rotom-Wash||Magnet|Levitate|HydroPump,VoltSwitch,Protect,Thunderbolt|Modest|||||50|]Houndstone||SitrusBerry|SandRush|LastRespects,WillOWisp,AllySwitch,Disable|Careful||F|||50|]Meganium||Meganiumite|Overgrow|SolarBeam,EarthPower,WeatherBall,DazzlingGleam|Modest||F|||50|
|showteam|p2|Aerodactyl||Aerodactylite|Unnerve|IceFang,RockSlide,Tailwind,DualWingbeat|Jolly||M|||50|]Garchomp||LifeOrb|RoughSkin|DragonClaw,StompingTantrum,Earthquake,Protect|Jolly||F|||50|]Kingambit||FocusSash|Defiant|SuckerPunch,KowtowCleave,IronHead,LowKick|Adamant||F|||50|]Charizard||CharizarditeY|SolarPower|Protect,HeatWave,SolarBeam,WeatherBall|Timid||F|||50|]Sylveon||FairyFeather|Pixilate|Protect,HyperVoice,HyperBeam,QuickAttack|Modest||F|||50|]Farigiraf||SitrusBerry|ArmorTail|TrickRoom,Thunderbolt,Psychic,Roar|Bold||F|||50|
|
|t:|1783246052
|teamsize|p1|4
|teamsize|p2|4
|start
|switch|p1a: Aerodactyl|Aerodactyl, L50, M, shiny|100/100
|switch|p1b: Tyranitar|Tyranitar, L50, F, shiny|100/100
|switch|p2a: Kingambit|Kingambit, L50, F|100/100
|switch|p2b: Garchomp|Garchomp, L50, F|100/100
|-ability|p1a: Aerodactyl|Unnerve
|-weather|Sandstorm|[from] ability: Sand Stream|[of] p1b: Tyranitar
|turn|1
|inactive|Battle timer is ON: inactive players will automatically lose when time's up. (requested by new mental)
|
|t:|1783246090
|move|p1a: Aerodactyl|Tailwind|p1a: Aerodactyl
|-sidestart|p1: Jaspyjaspyjaspy|move: Tailwind
|move|p1b: Tyranitar|Low Kick|p2a: Kingambit
|-supereffective|p2a: Kingambit|2
|-enditem|p2a: Kingambit|Focus Sash
|-damage|p2a: Kingambit|1/100
|move|p2b: Garchomp|Stomping Tantrum|p1b: Tyranitar
|-supereffective|p1b: Tyranitar|1
|-damage|p1b: Tyranitar|1/100
|-damage|p2b: Garchomp|90/100|[from] item: Life Orb
|move|p2a: Kingambit|Low Kick|p1b: Tyranitar
|-supereffective|p1b: Tyranitar|2
|-damage|p1b: Tyranitar|0 fnt
|faint|p1b: Tyranitar
|
|-weather|Sandstorm|[upkeep]
|upkeep
|
|t:|1783246111
|switch|p1b: Meganium|Meganium, L50, F, shiny|100/100
|turn|2
|
|t:|1783246129
|detailschange|p1b: Meganium|Meganium-Mega, L50, F, shiny
|-mega|p1b: Meganium|Meganium|Meganiumite
|move|p2a: Kingambit|Sucker Punch|p1a: Aerodactyl
|-damage|p1a: Aerodactyl|35/100
|move|p1a: Aerodactyl|Dual Wingbeat|p2b: Garchomp
|-damage|p2b: Garchomp|69/100
|-damage|p1a: Aerodactyl|23/100|[from] ability: Rough Skin|[of] p2b: Garchomp
|-damage|p2b: Garchomp|50/100g
|-damage|p1a: Aerodactyl|10/100|[from] ability: Rough Skin|[of] p2b: Garchomp
|-hitcount|p2b: Garchomp|2
|move|p1b: Meganium|Dazzling Gleam|p2a: Kingambit|[spread] p2a,p2b
|-supereffective|p2b: Garchomp|1
|-damage|p2a: Kingambit|0 fnt
|-damage|p2b: Garchomp|0 fnt
|faint|p2a: Kingambit
|faint|p2b: Garchomp
|
|-weather|Sandstorm|[upkeep]
|-damage|p1b: Meganium|94/100|[from] Sandstorm
|upkeep
|
|t:|1783246134
|switch|p2b: Charizard|Charizard, L50, F|100/100
|switch|p2a: Farigiraf|Farigiraf, L50, F|100/100
|turn|3
|inactive|Jaspyjaspyjaspy has 30 seconds left.
|
|t:|1783246159
|move|p2b: Charizard|Protect|p2b: Charizard
|-singleturn|p2b: Charizard|Protect
|move|p1a: Aerodactyl|Rock Slide|p2a: Farigiraf|[spread] p2a
|-activate|p2b: Charizard|move: Protect
|-damage|p2a: Farigiraf|79/100
|move|p1b: Meganium|Dazzling Gleam|p2b: Charizard|[spread] p2a
|-activate|p2b: Charizard|move: Protect
|-damage|p2a: Farigiraf|47/100
|move|p2a: Farigiraf|Trick Room|p2a: Farigiraf
|-fieldstart|move: Trick Room|[of] p2a: Farigiraf
|
|-weather|Sandstorm|[upkeep]
|-damage|p2a: Farigiraf|41/100|[from] Sandstorm
|-damage|p2b: Charizard|93/100|[from] Sandstorm
|-damage|p1b: Meganium|88/100|[from] Sandstorm
|upkeep
|turn|4
|inactive|Jaspyjaspyjaspy has 30 seconds left.
|
|t:|1783246193
|detailschange|p2b: Charizard|Charizard-Mega-Y, L50, F
|-mega|p2b: Charizard|Charizard|Charizardite Y
|-weather|SunnyDay|[from] ability: Drought|[of] p2b: Charizard
|move|p1a: Aerodactyl|Protect|p1a: Aerodactyl
|-singleturn|p1a: Aerodactyl|Protect
|move|p2a: Farigiraf|Psychic|p1b: Meganium
|-damage|p1b: Meganium|62/100
|move|p2b: Charizard|Heat Wave|p1b: Meganium|[spread] p1b
|-activate|p1a: Aerodactyl|move: Protect
|-supereffective|p1b: Meganium|1
|-damage|p1b: Meganium|0 fnt
|faint|p1b: Meganium
|
|-weather|SunnyDay|[upkeep]
|-sideend|p1: Jaspyjaspyjaspy|move: Tailwind
|upkeep
|
|t:|1783246209
|switch|p1b: Excadrill|Excadrill, L50, M, shiny|100/100
|turn|5
|
|t:|1783246218
|move|p2a: Farigiraf|Psychic|p1a: Aerodactyl
|-damage|p1a: Aerodactyl|0 fnt
|-enditem|p2a: Farigiraf|Sitrus Berry|[eat]
|-heal|p2a: Farigiraf|66/100|[from] item: Sitrus Berry
|faint|p1a: Aerodactyl
|move|p1b: Excadrill|Rock Slide|p2b: Charizard|[spread] 
|-miss|p1b: Excadrill|p2a: Farigiraf
|-miss|p1b: Excadrill|p2b: Charizard
|move|p2b: Charizard|Weather Ball|p1b: Excadrill
|-supereffective|p1b: Excadrill|1
|-damage|p1b: Excadrill|0 fnt
|faint|p1b: Excadrill
|
|win|new mental
|inactive|Jaspyjaspyjaspy has 30 seconds to confirm battle start!
|inactive|new mental has 30 seconds to confirm battle start!
||new mental is ready for game 3.
||Jaspyjaspyjaspy is ready for game 3.
|uhtml|next|Next: Game 3 of 3
|l|☆Jaspyjaspyjaspy
|player|p1|
