|j|☆ghjk07
|j|☆Chavo666
|html|ghjk07Chavo666    
|uhtml|bestof|Game 1 of a best-of-3
|t:|1784192994
|gametype|doubles
|player|p1|ghjk07|170|1010
|player|p2|Chavo666|steven|1055
|gen|9
|tier|[Gen 9 Champions] VGC 2026 Reg M-B (Bo3)
|rated|
|rule|Species Clause: Limit one of each Pokémon
|rule|Item Clause: Limit 1 of each item
|clearpoke
|poke|p1|Qwilfish, L50, F|
|poke|p1|Malamar, L50, M|
|poke|p1|Audino, L50, F|
|poke|p1|Chandelure, L50, M|
|poke|p1|Zoroark-Hisui, L50, F|
|poke|p1|Whimsicott, L50, F|
|poke|p2|Tyranitar, L50, M|
|poke|p2|Rotom-Wash, L50|
|poke|p2|Swampert, L50, M|
|poke|p2|Kingambit, L50, M|
|poke|p2|Espathra, L50, F|
|poke|p2|Sinistcha, L50|
|teampreview|4
|showteam|p1|Qwilfish||Leftovers|Intimidate|Minimize,SwordsDance,ThroatChop,Stockpile|Impish||F|||50|]Malamar||Malamarite|Contrary|ThroatChop,PsychUp,Rest,Superpower|Impish||M|||50|]Audino||MentalHerb|Healer|SimpleBeam,HealPulse,Protect,TrickRoom|Serious||F|||50|]Chandelure||SitrusBerry|FlashFire|AcidArmor,CalmMind,Flamethrower,Minimize|Bold||M|||50|]Zoroark-Hisui||ChoiceScarf|Illusion|WillOWisp,Memento,RainDance,Taunt|Jolly||F|||50|]Whimsicott||LifeOrb|Prankster|Memento,GrassKnot,LightScreen,SunnyDay|Modest||F|||50|
|showteam|p2|Tyranitar||Tyranitarite|SandStream|LowKick,Protect,RockSlide,KnockOff|Brave||M|||50|]Rotom-Wash||Magnet|Levitate|Thunderbolt,WillOWisp,Electroweb,HydroPump|Timid|||||50|]Swampert||Swampertite|Damp|WaveCrash,BulkUp,Earthquake,Protect|Adamant||M|||50|]Kingambit||ChopleBerry|Defiant|SuckerPunch,KowtowCleave,SwordsDance,IronHead|Careful||M|||50|]Espathra||FocusSash|SpeedBoost|BatonPass,CalmMind,Protect,Psychic|Timid||F|||50|]Sinistcha||ColburBerry|Hospitality|MatchaGotcha,ShadowBall,RagePowder,LifeDew|Bold|||||50|
|
|t:|1784193033
|teamsize|p1|4
|teamsize|p2|4
|start
|switch|p1a: Audino|Audino, L50, F|100/100
|switch|p1b: Malamar|Malamar, L50, M|100/100
|switch|p2a: Rotom|Rotom-Wash, L50|100/100
|switch|p2b: Swampert|Swampert, L50, M|100/100
|turn|1
|
|t:|1784193060
|detailschange|p2b: Swampert|Swampert-Mega, L50, M
|-mega|p2b: Swampert|Swampert|Swampertite
|move|p1b: Malamar|Memento|p2b: Swampert
|-unboost|p2b: Swampert|atk|2
|-unboost|p2b: Swampert|spa|2
|faint|p1b: Malamar
|move|p2a: Rotom|Will-O-Wisp|p1a: Audino
|-status|p1a: Audino|brn
|move|p2b: Swampert|Bulk Up|p2b: Swampert
|-boost|p2b: Swampert|atk|1
|-boost|p2b: Swampert|def|1
|move|p1a: Audino|Trick Room|p1a: Audino
|-fieldstart|move: Trick Room|[of] p1a: Audino
|
|-damage|p1a: Audino|93/100 brn|[from] brn
|upkeep
|
|t:|1784193077
|switch|p1b: Qwilfish|Qwilfish, L50, F|100/100
|-ability|p1b: Qwilfish|Intimidate|boost
|-unboost|p2a: Rotom|atk|1
|-unboost|p2b: Swampert|atk|1
|turn|2
|
|t:|1784193089
|switch|p2b: Kingambit|Kingambit, L50, M|100/100
|move|p1a: Audino|Simple Beam|p1b: Qwilfish
|-ability|p1b: Qwilfish|Simple|Intimidate|[from] move: Simple Beam
|move|p1b: Qwilfish|Minimize|p1b: Qwilfish
|-boost|p1b: Qwilfish|evasion|4
|move|p2a: Rotom|Thunderbolt|p1b: Qwilfish
|-supereffective|p1b: Qwilfish|1
|-damage|p1b: Qwilfish|0 fnt
|faint|p1b: Qwilfish
|
|-damage|p1a: Audino|87/100 brn|[from] brn
|upkeep
|
|t:|1784193105
|switch|p1b: Malamar|Malamar, L50, M|100/100
|turn|3
|
|t:|1784193119
|detailschange|p1b: Malamar|Malamar-Mega, L50, M
|-mega|p1b: Malamar|Malamar|Malamarite
|move|p1a: Audino|Protect|p1a: Audino
|-singleturn|p1a: Audino|Protect
|move|p2b: Kingambit|Swords Dance|p2b: Kingambit
|-boost|p2b: Kingambit|atk|2
|move|p1b: Malamar|Superpower|p2b: Kingambit
|-supereffective|p2b: Kingambit|2
|-enditem|p2b: Kingambit|Chople Berry|[eat]
|-enditem|p2b: Kingambit|Chople Berry|[weaken]
|-damage|p2b: Kingambit|55/100
|-boost|p1b: Malamar|atk|1
|-boost|p1b: Malamar|def|1
|move|p2a: Rotom|Will-O-Wisp|p1b: Malamar|[miss]
|-miss|p2a: Rotom|p1b: Malamar
|
|-damage|p1a: Audino|81/100 brn|[from] brn
|upkeep
|turn|4
|
|t:|1784193153
|switch|p2a: Sinistcha|Sinistcha, L50|100/100
|-heal|p2b: Kingambit|80/100|[from] ability: Hospitality|[of] p2a: Sinistcha
|move|p1a: Audino|Simple Beam|p2b: Kingambit
|-ability|p2b: Kingambit|Simple|Defiant|[from] move: Simple Beam
|move|p2b: Kingambit|Kowtow Cleave|p1b: Malamar
|-damage|p1b: Malamar|59/100
|move|p1b: Malamar|Superpower|p2b: Kingambit
|-supereffective|p2b: Kingambit|2
|-crit|p2b: Kingambit
|-damage|p2b: Kingambit|0 fnt
|-boost|p1b: Malamar|atk|1
|-boost|p1b: Malamar|def|1
|faint|p2b: Kingambit
|
|-damage|p1a: Audino|75/100 brn|[from] brn
|upkeep
|
|t:|1784193166
|switch|p2b: Rotom|Rotom-Wash, L50|100/100
|turn|5
|
|t:|1784193186
|move|p1a: Audino|Simple Beam|p2a: Sinistcha
|-ability|p2a: Sinistcha|Simple|Hospitality|[from] move: Simple Beam
|move|p2a: Sinistcha|Matcha Gotcha|p1b: Malamar|[spread] p1a
|-miss|p2a: Sinistcha|p1b: Malamar
|-damage|p1a: Audino|51/100 brn
|move|p1b: Malamar|Superpower|p2b: Rotom
|-damage|p2b: Rotom|21/100
|-boost|p1b: Malamar|atk|1
|-boost|p1b: Malamar|def|1
|move|p2b: Rotom|Will-O-Wisp|p1b: Malamar
|-status|p1b: Malamar|brn
|
|-activate|p1a: Audino|ability: Healer
|-curestatus|p1b: Malamar|brn|[msg]
|-damage|p1a: Audino|45/100 brn|[from] brn
|-fieldend|move: Trick Room
|upkeep
|turn|6
|
|t:|1784193222
|move|p2b: Rotom|Thunderbolt|p1b: Malamar
|-damage|p1b: Malamar|21/100
|-status|p1b: Malamar|par
|move|p2a: Sinistcha|Matcha Gotcha|p1b: Malamar|[spread] p1b
|-miss|p2a: Sinistcha|p1a: Audino
|-damage|p1b: Malamar|1/100 par
|move|p1a: Audino|Heal Pulse|p1b: Malamar
|-heal|p1b: Malamar|51/100 par
|move|p1b: Malamar|Superpower|p2b: Rotom
|-damage|p2b: Rotom|0 fnt
|-boost|p1b: Malamar|atk|1
|-boost|p1b: Malamar|def|1
|faint|p2b: Rotom
|
|-activate|p1a: Audino|ability: Healer
|-curestatus|p1b: Malamar|par|[msg]
|-damage|p1a: Audino|39/100 brn|[from] brn
|upkeep
|
|t:|1784193234
|switch|p2b: Swampert|Swampert-Mega, L50, M|100/100
|turn|7
|
|t:|1784193256
|move|p1b: Malamar|Superpower|p2b: Swampert
|-damage|p2b: Swampert|30/100
|-boost|p1b: Malamar|atk|1
|-boost|p1b: Malamar|def|1
|move|p2b: Swampert|Wave Crash|p1b: Malamar
|-damage|p1b: Malamar|34/100
|-damage|p2b: Swampert|25/100|[from] Recoil
|move|p2a: Sinistcha|Matcha Gotcha|p1b: Malamar|[spread] p1a
|-miss|p2a: Sinistcha|p1b: Malamar
|-damage|p1a: Audino|15/100 brn
|move|p1a: Audino|Heal Pulse|p1b: Malamar
|-heal|p1b: Malamar|84/100
|
|-damage|p1a: Audino|9/100 brn|[from] brn
|upkeep
|turn|8
|-message|Chavo666 forfeited.
|
|win|ghjk07
|l|☆Chavo666
|player|p2|
||Chavo666 is ready for game 2.
