|j|☆pagoose chase
|j|☆defaulttesting
|html|pagoose chasedefaulttesting    
|uhtml|bestof|Game 2 of a best-of-3
|t:|1757631807
|gametype|doubles
|player|p1|pagoose chase|roxanne-gen6|1050
|player|p2|defaulttesting|plasmagrunt-gen5bw|1047
|gen|9
|tier|[Gen 9] VGC 2025 Reg H (Bo3)
|rated|
|rule|Species Clause: Limit one of each Pokémon
|rule|Item Clause: Limit 1 of each item
|clearpoke
|poke|p1|Gliscor, L50, F|
|poke|p1|Tyranitar, L50, F|
|poke|p1|Rillaboom, L50, F|
|poke|p1|Gholdengo, L50|
|poke|p1|Electabuzz, L50, F|
|poke|p1|Sneasler, L50, M|
|poke|p2|Ursaluna-Bloodmoon, L50, M|
|poke|p2|Incineroar, L50, F|
|poke|p2|Electabuzz, L50, M|
|poke|p2|Palafin, L50, F|
|poke|p2|Mimikyu, L50, F|
|poke|p2|Amoonguss, L50, M|
|teampreview|4
|showteam|p1|Gliscor||ToxicOrb|PoisonHeal|DualWingbeat,HighHorsepower,Tailwind,Protect|||F|||50|,,,,,Water]Tyranitar||AssaultVest|SandStream|RockSlide,KnockOff,LowKick,TeraBlast|||F|||50|,,,,,Flying]Rillaboom||MiracleSeed|GrassySurge|FakeOut,GrassyGlide,WoodHammer,Uturn|||F|||50|,,,,,Fire]Gholdengo||LifeOrb|GoodasGold|MakeItRain,ShadowBall,NastyPlot,Protect||||||50|,,,,,Water]Electabuzz||Eviolite|VitalSpirit|FollowMe,Electroweb,Taunt,Protect|||F|||50|,,,,,Ghost]Sneasler||CovertCloak|PoisonTouch|FakeOut,CloseCombat,DireClaw,Coaching|||M|||50|,,,,,Dark
|showteam|p2|Ursaluna-Bloodmoon||LifeOrb|MindsEye|HyperVoice,EarthPower,BloodMoon,Protect|||M|||50|,,,,,Ghost]Incineroar||SafetyGoggles|Intimidate|PartingShot,FlareBlitz,KnockOff,FakeOut|||F|||50|,,,,,Ghost]Electabuzz||Eviolite|VitalSpirit|VoltSwitch,Electroweb,FollowMe,Taunt|||M|||50|,,,,,Grass]Palafin||MysticWater|ZerotoHero|CloseCombat,WaveCrash,JetPunch,Protect|||F|||50|,,,,,Stellar]Mimikyu||MentalHerb|Disguise|DazzlingGleam,DestinyBond,TrickRoom,Protect|||F|||50|,,,,,Grass]Amoonguss||RockyHelmet|Regenerator|RagePowder,PollenPuff,Spore,Protect|||M|||50|,,,,,Fire
|inactive|Battle timer is ON: inactive players will automatically lose when time's up. (requested by defaulttesting)
|
|t:|1757631822
|teamsize|p1|4
|teamsize|p2|4
|start
|switch|p1a: Gholdengo|Gholdengo, L50|100/100
|switch|p1b: Rillaboom|Rillaboom, L50, F|100/100
|switch|p2a: Palafin|Palafin, L50, F|100/100
|switch|p2b: Mimikyu|Mimikyu, L50, F|100/100
|-fieldstart|move: Grassy Terrain|[from] ability: Grassy Surge|[of] p1b: Rillaboom
|turn|1
|
|t:|1757631840
|detailschange|p2a: Palafin|Palafin-Hero, L50, F
|switch|p2a: Incineroar|Incineroar, L50, F|100/100
|-ability|p2a: Incineroar|Intimidate|boost
|-unboost|p1a: Gholdengo|atk|1
|-unboost|p1b: Rillaboom|atk|1
|move|p2b: Mimikyu|Protect|p2b: Mimikyu
|-singleturn|p2b: Mimikyu|Protect
|move|p1a: Gholdengo|Nasty Plot|p1a: Gholdengo
|-boost|p1a: Gholdengo|spa|2
|move|p1b: Rillaboom|U-turn|p2b: Mimikyu
|-activate|p2b: Mimikyu|move: Protect
|
|upkeep
|turn|2
|
|t:|1757631855
|-terastallize|p1a: Gholdengo|Water
|move|p2a: Incineroar|Fake Out|p1b: Rillaboom
|-damage|p1b: Rillaboom|87/100
|move|p1a: Gholdengo|Nasty Plot|p1a: Gholdengo
|-boost|p1a: Gholdengo|spa|2
|cant|p1b: Rillaboom|flinch
|move|p2b: Mimikyu|Trick Room|p2b: Mimikyu
|-fieldstart|move: Trick Room|[of] p2b: Mimikyu
|
|-heal|p1b: Rillaboom|93/100|[from] Grassy Terrain
|upkeep
|turn|3
|inactive|defaulttesting has 30 seconds left.
|
|t:|1757631886
|switch|p1b: Tyranitar|Tyranitar, L50, F|100/100
|-weather|Sandstorm|[from] ability: Sand Stream|[of] p1b: Tyranitar
|switch|p2b: Ursaluna|Ursaluna-Bloodmoon, L50, M|100/100
|move|p1a: Gholdengo|Protect|p1a: Gholdengo
|-singleturn|p1a: Gholdengo|Protect
|move|p2a: Incineroar|Flare Blitz|p1b: Tyranitar
|-resisted|p1b: Tyranitar
|-damage|p1b: Tyranitar|79/100
|-damage|p2a: Incineroar|93/100|[from] Recoil
|
|-weather|Sandstorm|[upkeep]
|-damage|p1a: Gholdengo|94/100|[from] Sandstorm
|-heal|p2a: Incineroar|99/100|[from] Grassy Terrain
|-heal|p1b: Tyranitar|85/100|[from] Grassy Terrain
|-heal|p1a: Gholdengo|100/100|[from] Grassy Terrain
|upkeep
|turn|4
|
|t:|1757631907
|move|p2b: Ursaluna|Blood Moon|p1a: Gholdengo
|-damage|p1a: Gholdengo|0 fnt
|faint|p1a: Gholdengo
|-damage|p2b: Ursaluna|90/100|[from] item: Life Orb
|move|p2a: Incineroar|Parting Shot|p1b: Tyranitar
|-unboost|p1b: Tyranitar|atk|1
|-unboost|p1b: Tyranitar|spa|1
|
|t:|1757631917
|switch|p2a: Mimikyu|Mimikyu, L50, F|100/100|[from] Parting Shot
|move|p1b: Tyranitar|Rock Slide|p2b: Ursaluna|[spread] p2a,p2b
|-resisted|p2b: Ursaluna
|-activate|p2a: Mimikyu|ability: Disguise
|-damage|p2a: Mimikyu|100/100
|-damage|p2b: Ursaluna|84/100
|detailschange|p2a: Mimikyu|Mimikyu-Busted, L50, F
|-damage|p2a: Mimikyu|88/100|[from] pokemon: Mimikyu-Busted
|
|-weather|Sandstorm|[upkeep]
|-damage|p2a: Mimikyu|82/100|[from] Sandstorm
|-heal|p2b: Ursaluna|90/100|[from] Grassy Terrain
|-heal|p1b: Tyranitar|91/100|[from] Grassy Terrain
|-heal|p2a: Mimikyu|88/100|[from] Grassy Terrain
|upkeep
|inactive|pagoose chase has 30 seconds left.
|
|t:|1757631945
|switch|p1a: Rillaboom|Rillaboom, L50, F|93/100
|turn|5
|
|t:|1757631958
|switch|p2b: Incineroar|Incineroar, L50, F|99/100
|-ability|p2b: Incineroar|Intimidate|boost
|-unboost|p1a: Rillaboom|atk|1
|-unboost|p1b: Tyranitar|atk|1
|move|p1a: Rillaboom|Grassy Glide|p2b: Incineroar
|-resisted|p2b: Incineroar
|-damage|p2b: Incineroar|86/100
|move|p1b: Tyranitar|Knock Off|p2b: Incineroar
|-resisted|p2b: Incineroar
|-damage|p2b: Incineroar|73/100
|-enditem|p2b: Incineroar|Safety Goggles|[from] move: Knock Off|[of] p1b: Tyranitar
|move|p2a: Mimikyu|Destiny Bond|p2a: Mimikyu
|-singlemove|p2a: Mimikyu|Destiny Bond
|
|-weather|Sandstorm|[upkeep]
|-damage|p2b: Incineroar|67/100|[from] Sandstorm
|-damage|p1a: Rillaboom|87/100|[from] Sandstorm
|-damage|p2a: Mimikyu|82/100|[from] Sandstorm
|-heal|p2b: Incineroar|73/100|[from] Grassy Terrain
|-heal|p1b: Tyranitar|97/100|[from] Grassy Terrain
|-heal|p1a: Rillaboom|93/100|[from] Grassy Terrain
|-heal|p2a: Mimikyu|88/100|[from] Grassy Terrain
|-fieldend|move: Grassy Terrain
|upkeep
|turn|6
|
|t:|1757631972
|switch|p1b: Sneasler|Sneasler, L50, M|100/100
|move|p2b: Incineroar|Flare Blitz|p1a: Rillaboom
|-supereffective|p1a: Rillaboom
|-damage|p1a: Rillaboom|0 fnt
|faint|p1a: Rillaboom
|-damage|p2b: Incineroar|41/100|[from] Recoil
|move|p2a: Mimikyu|Dazzling Gleam|p1b: Sneasler
|-damage|p1b: Sneasler|71/100
|
|-weather|Sandstorm|[upkeep]
|-damage|p2b: Incineroar|35/100|[from] Sandstorm
|-damage|p2a: Mimikyu|82/100|[from] Sandstorm
|-damage|p1b: Sneasler|65/100|[from] Sandstorm
|-fieldend|move: Trick Room
|upkeep
|
|t:|1757631974
|switch|p1a: Tyranitar|Tyranitar, L50, F|97/100
|turn|7
|inactive|defaulttesting has 30 seconds left.
|inactive|defaulttesting has 20 seconds left.
|inactive|defaulttesting has 15 seconds left.
|
|t:|1757632014
|switch|p2a: Ursaluna|Ursaluna-Bloodmoon, L50, M|90/100
|-terastallize|p2b: Incineroar|Ghost
|move|p1b: Sneasler|Coaching|p1a: Tyranitar
|-boost|p1a: Tyranitar|atk|1
|-boost|p1a: Tyranitar|def|1
|move|p1a: Tyranitar|Rock Slide|p2b: Incineroar|[spread] p2a,p2b
|-resisted|p2a: Ursaluna
|-damage|p2a: Ursaluna|74/100
|-damage|p2b: Incineroar|0 fnt
|faint|p2b: Incineroar
|
|-weather|none
|upkeep
|
|t:|1757632031
|switch|p2b: Palafin|Palafin-Hero, L50, F|100/100
|-activate|p2b: Palafin|ability: Zero to Hero
|turn|8
|
|t:|1757632042
|move|p1b: Sneasler|Close Combat|p2a: Ursaluna
|-supereffective|p2a: Ursaluna
|-damage|p2a: Ursaluna|0 fnt
|-unboost|p1b: Sneasler|def|1
|-unboost|p1b: Sneasler|spd|1
|faint|p2a: Ursaluna
|move|p2b: Palafin|Wave Crash|p1a: Tyranitar
|-supereffective|p1a: Tyranitar
|-damage|p1a: Tyranitar|4/100
|-damage|p2b: Palafin|66/100|[from] Recoil
|move|p1a: Tyranitar|Knock Off|p2b: Palafin
|-damage|p2b: Palafin|0 fnt
|-enditem|p2b: Palafin|Mystic Water|[from] move: Knock Off|[of] p1a: Tyranitar
|faint|p2b: Palafin
|
|upkeep
|
|t:|1757632053
|switch|p2b: Mimikyu|Mimikyu-Busted, L50, F|82/100
|turn|9
|
|t:|1757632059
|move|p1b: Sneasler|Dire Claw|p2b: Mimikyu
|-damage|p2b: Mimikyu|28/100
|-status|p2b: Mimikyu|slp
|cant|p2b: Mimikyu|slp
|move|p1a: Tyranitar|Knock Off|p2b: Mimikyu
|-damage|p2b: Mimikyu|0 fnt
|-enditem|p2b: Mimikyu|Mental Herb|[from] move: Knock Off|[of] p1a: Tyranitar
|faint|p2b: Mimikyu
|
|win|pagoose chase
||pagoose chase is ready for game 3.
||defaulttesting is ready for game 3.
|uhtml|next|Next: Game 3 of 3
