|j|☆Kahizar
|j|☆guiltypleasure06
|html|Kahizarguiltypleasure06    
|uhtml|bestof|Game 3 of a best-of-3
|t:|1757684892
|gametype|doubles
|player|p1|Kahizar|169|1067
|player|p2|guiltypleasure06|1|1220
|gen|9
|tier|[Gen 9] VGC 2025 Reg H (Bo3)
|rated|
|rule|Species Clause: Limit one of each Pokémon
|rule|Item Clause: Limit 1 of each item
|clearpoke
|poke|p1|Sneasler, L50, M|
|poke|p1|Rillaboom, L50, F|
|poke|p1|Palafin, L50, M|
|poke|p1|Hydreigon, L50, M|
|poke|p1|Gholdengo, L50|
|poke|p1|Typhlosion-Hisui, L50, M|
|poke|p2|Sneasler, L50, F|
|poke|p2|Dondozo, L50, F|
|poke|p2|Magmar, L50, M|
|poke|p2|Rillaboom, L50, M|
|poke|p2|Dragonite, L50, F|
|poke|p2|Kingambit, L50, M|
|teampreview|4
|showteam|p1|Sneasler||LifeOrb|PoisonTouch|CloseCombat,FakeOut,DireClaw,Protect|||M|||50|,,,,,Stellar]Rillaboom||AssaultVest|GrassySurge|WoodHammer,GrassyGlide,FakeOut,Uturn|||F|||50|,,,,,Grass]Palafin||ChoiceBand|ZerotoHero|FlipTurn,JetPunch,IcePunch,WaveCrash|||M|||50|,,,,,Water]Hydreigon||CovertCloak|Levitate|DracoMeteor,EarthPower,DarkPulse,Protect|||M|||50|,,,,,Steel]Gholdengo||ChoiceSpecs|GoodasGold|MakeItRain,DazzlingGleam,ShadowBall,TeraBlast||||||50|,,,,,Steel]Typhlosion-Hisui||ChoiceScarf|Blaze|Eruption,Overheat,ShadowBall,WillOWisp|||M|||50|,,,,,Fire
|showteam|p2|Sneasler||FocusSash|Unburden|CloseCombat,DireClaw,Coaching,Protect|||F|||50|,,,,,Stellar]Dondozo||Leftovers|Unaware|Liquidation,Yawn,Protect,Fissure|||F|||50|,,,,,Fire]Magmar||Eviolite|VitalSpirit|Overheat,WillOWisp,FollowMe,Protect|||M|||50|,,,,,Dragon]Rillaboom||AssaultVest|GrassySurge|WoodHammer,GrassyGlide,Uturn,FakeOut|||M|||50|,,,,,Fire]Dragonite||LoadedDice|Multiscale|ExtremeSpeed,ScaleShot,LowKick,Protect|||F|||50|,,,,,Fairy]Kingambit||BlackGlasses|Defiant|Protect,SwordsDance,SuckerPunch,KowtowCleave|||M|||50|,,,,,Dark
|
|t:|1757684920
|teamsize|p1|4
|teamsize|p2|4
|start
|switch|p1a: Gholdengo|Gholdengo, L50|100/100
|switch|p1b: Typhlosion|Typhlosion-Hisui, L50, M|100/100
|switch|p2a: Magmar|Magmar, L50, M|100/100
|switch|p2b: Dragonite|Dragonite, L50, F|100/100
|turn|1
|
|t:|1757684934
|-terastallize|p1a: Gholdengo|Steel
|move|p1b: Typhlosion|Eruption|p2b: Dragonite|[spread] p2a,p2b
|-resisted|p2a: Magmar
|-resisted|p2b: Dragonite
|-damage|p2a: Magmar|77/100
|-damage|p2b: Dragonite|86/100
|move|p1a: Gholdengo|Make It Rain|p2a: Magmar|[spread] p2a,p2b
|-resisted|p2a: Magmar
|-damage|p2a: Magmar|36/100
|-damage|p2b: Dragonite|0 fnt
|-unboost|p1a: Gholdengo|spa|1
|faint|p2b: Dragonite
|move|p2a: Magmar|Overheat|p1a: Gholdengo
|-supereffective|p1a: Gholdengo
|-damage|p1a: Gholdengo|0 fnt
|-unboost|p2a: Magmar|spa|2
|faint|p1a: Gholdengo
|
|upkeep
|
|t:|1757684949
|switch|p1a: Sneasler|Sneasler, L50, M|100/100
|switch|p2b: Dondozo|Dondozo, L50, F|100/100
|turn|2
|
|t:|1757684971
|move|p2a: Magmar|Protect|p2a: Magmar
|-singleturn|p2a: Magmar|Protect
|move|p1a: Sneasler|Fake Out|p2b: Dondozo
|-damage|p2b: Dondozo|88/100
|-damage|p1a: Sneasler|91/100|[from] item: Life Orb
|move|p1b: Typhlosion|Eruption|p2b: Dondozo|[spread] p2b
|-activate|p2a: Magmar|move: Protect
|-resisted|p2b: Dondozo
|-damage|p2b: Dondozo|63/100
|cant|p2b: Dondozo|flinch
|
|-heal|p2b: Dondozo|69/100|[from] item: Leftovers
|upkeep
|turn|3
|
|t:|1757684990
|move|p2a: Magmar|Follow Me|p2a: Magmar
|-singleturn|p2a: Magmar|move: Follow Me
|move|p1b: Typhlosion|Eruption|p2b: Dondozo|[spread] p2a,p2b
|-resisted|p2a: Magmar
|-resisted|p2b: Dondozo
|-damage|p2a: Magmar|13/100
|-damage|p2b: Dondozo|45/100
|move|p1a: Sneasler|Close Combat|p2a: Magmar
|-damage|p2a: Magmar|0 fnt
|-unboost|p1a: Sneasler|def|1
|-unboost|p1a: Sneasler|spd|1
|faint|p2a: Magmar
|-damage|p1a: Sneasler|81/100|[from] item: Life Orb
|move|p2b: Dondozo|Liquidation|p1b: Typhlosion
|-supereffective|p1b: Typhlosion
|-damage|p1b: Typhlosion|0 fnt
|faint|p1b: Typhlosion
|
|-heal|p2b: Dondozo|51/100|[from] item: Leftovers
|upkeep
|
|t:|1757685008
|switch|p1b: Rillaboom|Rillaboom, L50, F|100/100
|switch|p2a: Rillaboom|Rillaboom, L50, M|100/100
|-fieldstart|move: Grassy Terrain|[from] ability: Grassy Surge|[of] p2a: Rillaboom
|turn|4
|
|t:|1757685021
|move|p2b: Dondozo|Protect|p2b: Dondozo
|-singleturn|p2b: Dondozo|Protect
|move|p2a: Rillaboom|Fake Out|p1a: Sneasler
|-damage|p1a: Sneasler|49/100
|move|p1b: Rillaboom|Fake Out|p2b: Dondozo
|-activate|p2b: Dondozo|move: Protect
|cant|p1a: Sneasler|flinch
|
|-heal|p1a: Sneasler|54/100|[from] Grassy Terrain
|-heal|p2b: Dondozo|57/100|[from] Grassy Terrain
|-heal|p2b: Dondozo|63/100|[from] item: Leftovers
|upkeep
|turn|5
|
|t:|1757685057
|-terastallize|p2b: Dondozo|Fire
|move|p2a: Rillaboom|Grassy Glide|p1a: Sneasler
|-resisted|p1a: Sneasler
|-damage|p1a: Sneasler|3/100
|move|p1a: Sneasler|Dire Claw|p2a: Rillaboom
|-supereffective|p2a: Rillaboom
|-damage|p2a: Rillaboom|0 fnt
|faint|p2a: Rillaboom
|-damage|p1a: Sneasler|0 fnt|[from] item: Life Orb
|faint|p1a: Sneasler
|move|p1b: Rillaboom|Wood Hammer|p2b: Dondozo
|-resisted|p2b: Dondozo
|-damage|p2b: Dondozo|36/100
|-damage|p1b: Rillaboom|90/100|[from] Recoil
|move|p2b: Dondozo|Yawn|p1b: Rillaboom
|-start|p1b: Rillaboom|move: Yawn|[of] p2b: Dondozo
|
|-heal|p1b: Rillaboom|96/100|[from] Grassy Terrain
|-heal|p2b: Dondozo|42/100|[from] Grassy Terrain
|-heal|p2b: Dondozo|48/100|[from] item: Leftovers
|upkeep
|turn|6
|
|t:|1757685080
|move|p2b: Dondozo|Protect|p2b: Dondozo
|-singleturn|p2b: Dondozo|Protect
|move|p1b: Rillaboom|Wood Hammer|p2b: Dondozo
|-activate|p2b: Dondozo|move: Protect
|
|-heal|p1b: Rillaboom|100/100|[from] Grassy Terrain
|-heal|p2b: Dondozo|55/100|[from] Grassy Terrain
|-heal|p2b: Dondozo|61/100|[from] item: Leftovers
|-end|p1b: Rillaboom|move: Yawn|[silent]
|-status|p1b: Rillaboom|slp
|upkeep
|turn|7
|
|t:|1757685091
|cant|p1b: Rillaboom|slp
|move|p2b: Dondozo|Fissure|p1b: Rillaboom
|-damage|p1b: Rillaboom|0 fnt
|faint|p1b: Rillaboom
|-ohko
|
|win|guiltypleasure06
|raw|Kahizar's rating: 1067 → 1055(-12 for losing)
|raw|guiltypleasure06's rating: 1220 → 1235(+15 for winning)
|c|☆guiltypleasure06|GG
|c|☆Kahizar|GG
|l|☆Kahizar
|player|p1|
|j|☆Kahizar
|player|p1|Kahizar|169|
