|j|☆x-demon18
|j|☆GettingWickedBlow
|html|x-demon18GettingWickedBlow    
|uhtml|bestof|Game 3 of a best-of-3
|t:|1784604902
|gametype|doubles
|player|p1|x-demon18|lucas|1077
|player|p2|GettingWickedBlow|n|1030
|gen|9
|tier|[Gen 9 Champions] VGC 2026 Reg M-B (Bo3)
|rated|
|rule|Species Clause: Limit one of each Pokémon
|rule|Item Clause: Limit 1 of each item
|clearpoke
|poke|p1|Incineroar, L50, M|
|poke|p1|Rotom-Wash, L50|
|poke|p1|Venusaur, L50, M|
|poke|p1|Corviknight, L50, F|
|poke|p1|Sylveon, L50, F|
|poke|p1|Garchomp, L50, M|
|poke|p2|Dragonite, L50, F, shiny|
|poke|p2|Whimsicott, L50, F|
|poke|p2|Charizard, L50, F, shiny|
|poke|p2|Garchomp, L50, F|
|poke|p2|Kingambit, L50, M, shiny|
|poke|p2|Basculegion, L50, M, shiny|
|teampreview|4
|showteam|p1|Incineroar||ExpertBelt|Intimidate|FakeOut,TemperFlare,ThroatChop,PartingShot|Adamant||M|||50|]Rotom-Wash||RindoBerry|Levitate|HydroPump,Electroweb,WillOWisp,VoltSwitch|Modest|||||50|]Venusaur||Venusaurite|Chlorophyll|GigaDrain,SludgeBomb,EarthPower,Protect|Modest||M|||50|]Corviknight||OccaBerry|MirrorArmor|Tailwind,DualWingbeat,IronHead,BodyPress|Adamant||F|||50|]Sylveon||FairyFeather|Pixilate|HyperVoice,QuickAttack,Yawn,Detect|Modest||F|||50|]Garchomp||LifeOrb|RoughSkin|RockSlide,DragonClaw,StompingTantrum,Protect|Jolly||M|||50|
|showteam|p2|Dragonite||Dragoninite|Multiscale|DragonPulse,Thunderbolt,HeatWave,Protect|Timid||F|||50|]Whimsicott||FocusSash|Prankster|Protect,Moonblast,Encore,Tailwind|Modest||F|||50|]Charizard||CharizarditeY|Blaze|HeatWave,WeatherBall,SolarBeam,Protect|Modest||F|||50|]Garchomp||RoseliBerry|RoughSkin|Earthquake,DragonClaw,RockSlide,PoisonJab|Adamant||F|||50|]Kingambit||ChopleBerry|Defiant|IronHead,KowtowCleave,SuckerPunch,Protect|Adamant||M|||50|]Basculegion||SitrusBerry|Adaptability|Protect,WaveCrash,AquaJet,LastRespects|Adamant||M|||50|
|inactive|Battle timer is ON: inactive players will automatically lose when time's up. (requested by GettingWickedBlow)
|inactive|GettingWickedBlow has 60 seconds left.
|inactive|x-demon18 has 60 seconds left.
|
|t:|1784604938
|teamsize|p1|4
|teamsize|p2|4
|start
|switch|p1a: Yggdrasil|Venusaur, L50, M|100/100
|switch|p1b: HydroVolt|Rotom-Wash, L50|100/100
|switch|p2a: Garchomp|Garchomp, L50, F|100/100
|switch|p2b: Whimsicott|Whimsicott, L50, F|100/100
|turn|1
|
|t:|1784604960
|switch|p2a: Charizard|Charizard, L50, F, shiny|100/100
|detailschange|p1a: Yggdrasil|Venusaur-Mega, L50, M
|-mega|p1a: Yggdrasil|Venusaur|Venusaurite
|move|p2b: Whimsicott|Tailwind|p2b: Whimsicott
|-sidestart|p2: GettingWickedBlow|move: Tailwind
|move|p1a: Yggdrasil|Sludge Bomb|p2b: Whimsicott
|-supereffective|p2b: Whimsicott|2
|-enditem|p2b: Whimsicott|Focus Sash
|-damage|p2b: Whimsicott|1/100
|move|p1b: HydroVolt|Will-O-Wisp|p2a: Charizard|[miss]
|-miss|p1b: HydroVolt|p2a: Charizard
|
|upkeep
|turn|2
|inactive|GettingWickedBlow has 30 seconds left.
|inactive|GettingWickedBlow has 20 seconds left.
|inactive|GettingWickedBlow has 15 seconds left.
|
|t:|1784605003
|switch|p1b: Wolverine|Incineroar, L50, M|100/100
|-ability|p1b: Wolverine|Intimidate|boost
|-unboost|p2a: Charizard|atk|1
|-unboost|p2b: Whimsicott|atk|1
|detailschange|p2a: Charizard|Charizard-Mega-Y, L50, F, shiny
|-mega|p2a: Charizard|Charizard|Charizardite Y
|-weather|SunnyDay|[from] ability: Drought|[of] p2a: Charizard
|move|p1a: Yggdrasil|Protect|p1a: Yggdrasil
|-singleturn|p1a: Yggdrasil|Protect
|move|p2b: Whimsicott|Encore|p1b: Wolverine
|-hint|Since gen 7, Dark is immune to Prankster moves.
|-immune|p1b: Wolverine
|move|p2a: Charizard|Solar Beam||[still]
|-prepare|p2a: Charizard|Solar Beam
|-anim|p2a: Charizard|Solar Beam|p1b: Wolverine
|-resisted|p1b: Wolverine|1
|-damage|p1b: Wolverine|78/100
|
|-weather|SunnyDay|[upkeep]
|upkeep
|turn|3
|inactive|x-demon18 has 30 seconds left.
|inactive|x-demon18 has 20 seconds left.
|
|t:|1784605040
|switch|p1a: Berserk|Garchomp, L50, M|100/100
|move|p2b: Whimsicott|Protect|p2b: Whimsicott
|-singleturn|p2b: Whimsicott|Protect
|move|p2a: Charizard|Heat Wave|p1a: Berserk|[spread] p1a,p1b
|-resisted|p1a: Berserk|1
|-resisted|p1b: Wolverine|1
|-damage|p1a: Berserk|66/100
|-damage|p1b: Wolverine|53/100
|move|p1b: Wolverine|Parting Shot|p2a: Charizard
|-unboost|p2a: Charizard|atk|1
|-unboost|p2a: Charizard|spa|1
|
|t:|1784605054
|switch|p1b: HydroVolt|Rotom-Wash, L50|100/100|[from] Parting Shot
|
|-weather|SunnyDay|[upkeep]
|upkeep
|turn|4
|inactive|GettingWickedBlow has 30 seconds left.
|inactive|GettingWickedBlow has 20 seconds left.
|
|t:|1784605092
|switch|p2b: Garchomp|Garchomp, L50, F|100/100
|move|p1a: Berserk|Protect|p1a: Berserk
|-singleturn|p1a: Berserk|Protect
|move|p2a: Charizard|Heat Wave|p1a: Berserk|[spread] p1b
|-activate|p1a: Berserk|move: Protect
|-resisted|p1b: HydroVolt|1
|-damage|p1b: HydroVolt|75/100
|move|p1b: HydroVolt|Electroweb|p2b: Garchomp|[spread] p2a
|-immune|p2b: Garchomp
|-supereffective|p2a: Charizard|1
|-damage|p2a: Charizard|66/100
|-unboost|p2a: Charizard|spe|1
|
|-weather|SunnyDay|[upkeep]
|-sideend|p2: GettingWickedBlow|move: Tailwind
|upkeep
|turn|5
|
|t:|1784605116
|switch|p1a: Wolverine|Incineroar, L50, M|53/100
|-ability|p1a: Wolverine|Intimidate|boost
|-unboost|p2a: Charizard|atk|1
|-unboost|p2b: Garchomp|atk|1
|move|p2a: Charizard|Protect|p2a: Charizard
|-singleturn|p2a: Charizard|Protect
|move|p2b: Garchomp|Dragon Claw|p1a: Wolverine
|-damage|p1a: Wolverine|23/100
|move|p1b: HydroVolt|Will-O-Wisp|p2b: Garchomp
|-status|p2b: Garchomp|brn
|
|-weather|SunnyDay|[upkeep]
|-damage|p2b: Garchomp|93/100 brn|[from] brn
|upkeep
|turn|6
|
|t:|1784605133
|move|p1a: Wolverine|Fake Out|p2a: Charizard
|-damage|p2a: Charizard|51/100
|move|p2b: Garchomp|Rock Slide|p1b: HydroVolt|[spread] p1a
|-miss|p2b: Garchomp|p1b: HydroVolt
|-supereffective|p1a: Wolverine|1
|-damage|p1a: Wolverine|11/100
|move|p1b: HydroVolt|Volt Switch|p2a: Charizard
|-supereffective|p2a: Charizard|1
|-damage|p2a: Charizard|0 fnt
|faint|p2a: Charizard
|
|t:|1784605146
|switch|p1b: Berserk|Garchomp, L50, M|66/100|[from] Volt Switch
|
|-weather|none
|-damage|p2b: Garchomp|87/100 brn|[from] brn
|upkeep
|
|t:|1784605152
|switch|p2a: Basculegion|Basculegion, L50, M, shiny|100/100
|turn|7
|
|t:|1784605162
|switch|p2b: Whimsicott|Whimsicott, L50, F|1/100
|switch|p1a: HydroVolt|Rotom-Wash, L50|75/100
|move|p1b: Berserk|Dragon Claw|p2b: Whimsicott
|-immune|p2b: Whimsicott
|move|p2a: Basculegion|Last Respects|p1a: HydroVolt
|-damage|p1a: HydroVolt|10/100
|
|upkeep
|turn|8
|l|☆x-demon18
|inactive|x-demon18 disconnected and has a minute to reconnect!
|player|p1|
|j|☆x-demon18
|inactive|x-demon18 reconnected and has 40 seconds left.
|player|p1|x-demon18|lucas|
|inactive|GettingWickedBlow has 30 seconds left.
|inactive|x-demon18 has 30 seconds left.
|inactive|GettingWickedBlow has 20 seconds left.
|
|t:|1784605203
|switch|p1a: Wolverine|Incineroar, L50, M|11/100
|-ability|p1a: Wolverine|Intimidate|boost
|-unboost|p2a: Basculegion|atk|1
|-unboost|p2b: Whimsicott|atk|1
|move|p2b: Whimsicott|Tailwind|p2b: Whimsicott
|-sidestart|p2: GettingWickedBlow|move: Tailwind
|move|p2a: Basculegion|Last Respects|p1a: Wolverine
|-resisted|p1a: Wolverine|1
|-damage|p1a: Wolverine|0 fnt
|faint|p1a: Wolverine
|move|p1b: Berserk|Rock Slide|p2a: Basculegion|[spread] p2a,p2b
|-damage|p2a: Basculegion|71/100
|-damage|p2b: Whimsicott|0 fnt
|faint|p2b: Whimsicott
|-damage|p1b: Berserk|56/100|[from] item: Life Orb
|
|upkeep
|
|t:|1784605221
|switch|p2b: Garchomp|Garchomp, L50, F|87/100 brn
|switch|p1a: Yggdrasil|Venusaur-Mega, L50, M|100/100
|turn|9
|inactive|GettingWickedBlow has 30 seconds left.
|inactive|x-demon18 has 30 seconds left.
|
|t:|1784605253
|switch|p1b: HydroVolt|Rotom-Wash, L50|10/100
|move|p2b: Garchomp|Rock Slide|p1a: Yggdrasil|[spread] p1a,p1b
|-damage|p1a: Yggdrasil|92/100
|-damage|p1b: HydroVolt|1/100
|move|p2a: Basculegion|Last Respects|p1a: Yggdrasil
|-damage|p1a: Yggdrasil|36/100
|move|p1a: Yggdrasil|Giga Drain|p2a: Basculegion
|-supereffective|p2a: Basculegion|1
|-damage|p2a: Basculegion|0 fnt
|-heal|p1a: Yggdrasil|77/100|[from] drain|[of] p2a: Basculegion
|faint|p2a: Basculegion
|
|-damage|p2b: Garchomp|81/100 brn|[from] brn
|upkeep
|turn|10
|
|t:|1784605272
|move|p2b: Garchomp|Rock Slide|p1a: Yggdrasil|[spread] p1a,p1b
|-damage|p1a: Yggdrasil|69/100
|-damage|p1b: HydroVolt|0 fnt
|faint|p1b: HydroVolt
|cant|p1a: Yggdrasil|flinch
|
|-damage|p2b: Garchomp|75/100 brn|[from] brn
|upkeep
|
|t:|1784605280
|switch|p1b: Berserk|Garchomp, L50, M|56/100
|turn|11
|
|t:|1784605285
|move|p1b: Berserk|Protect|p1b: Berserk
|-singleturn|p1b: Berserk|Protect
|move|p1a: Yggdrasil|Protect|p1a: Yggdrasil
|-singleturn|p1a: Yggdrasil|Protect
|move|p2b: Garchomp|Rock Slide|p1a: Yggdrasil|[spread] 
|-activate|p1a: Yggdrasil|move: Protect
|-activate|p1b: Berserk|move: Protect
|
|-damage|p2b: Garchomp|69/100 brn|[from] brn
|-sideend|p2: GettingWickedBlow|move: Tailwind
|upkeep
|turn|12
|
|t:|1784605299
|move|p1b: Berserk|Dragon Claw|p2b: Garchomp
|-supereffective|p2b: Garchomp|1
|-damage|p2b: Garchomp|0 fnt
|-damage|p1b: Berserk|44/100|[from] ability: Rough Skin|[of] p2b: Garchomp
|faint|p2b: Garchomp
|-damage|p1b: Berserk|34/100|[from] item: Life Orb
|
|win|x-demon18
|raw|x-demon18's rating: 1077 → 1102(+25 for winning)
|raw|GettingWickedBlow's rating: 1030 → 1017(-13 for losing)
|l|☆GettingWickedBlow
|player|p2|
