|j|‽Chewe_60111
|j|☆KodeBeast0526
|html|Chewe_60111KodeBeast0526    
|uhtml|bestof|Game 2 of a best-of-3
|t:|1783487353
|gametype|doubles
|player|p1|Chewe_60111|1|1041
|player|p2|KodeBeast0526|hiker|1152
|gen|9
|tier|[Gen 9 Champions] VGC 2026 Reg M-B (Bo3)
|rated|
|rule|Species Clause: Limit one of each Pokémon
|rule|Item Clause: Limit 1 of each item
|clearpoke
|poke|p1|Sinistcha, L50|
|poke|p1|Kangaskhan, L50, F|
|poke|p1|Sneasler, L50, M|
|poke|p1|Kingambit, L50, M|
|poke|p1|Farigiraf, L50, M|
|poke|p1|Volcarona, L50, F|
|poke|p2|Gengar, L50, M|
|poke|p2|Swampert, L50, F|
|poke|p2|Incineroar, L50, M|
|poke|p2|Politoed, L50, M|
|poke|p2|Archaludon, L50, M|
|poke|p2|Vivillon-Ocean, L50, F|
|teampreview|4
|showteam|p1|Sinistcha||Leftovers|Hospitality|MatchaGotcha,RagePowder,TrickRoom,Protect|Bold|||||50|]Kangaskhan||Kangaskhanite|Scrappy|FakeOut,DoubleEdge,DrainPunch,IcePunch|Adamant||F|||50|]Sneasler||FocusSash|PoisonTouch|FakeOut,CloseCombat,DireClaw,Coaching|Jolly||M|||50|]Kingambit||ChopleBerry|Defiant|SuckerPunch,LowKick,KowtowCleave,IronHead|Adamant||M|||50|]Farigiraf||ColburBerry|ArmorTail|TwinBeam,Thunderbolt,Roar,TrickRoom|Bold||M|||50|]Volcarona||SitrusBerry|FlameBody|Tailwind,RagePowder,FieryDance,StruggleBug|Bold||F|||50|
|showteam|p2|Gengar||Gengarite|CursedBody|ShadowBall,PerishSong,SludgeBomb,Protect|Timid||M|||50|]Swampert||Swampertite|Torrent|WaveCrash,Earthquake,IcePunch,Protect|Adamant||F|||50|]Incineroar||PasshoBerry|Intimidate|ThroatChop,PartingShot,FakeOut,Protect|Sassy||M|||50|]Politoed||SitrusBerry|Drizzle|WeatherBall,PerishSong,Encore,Protect|Calm||M|||50|]Archaludon||Leftovers|Stamina|DragonPulse,FlashCannon,ElectroShot,Protect|Bold||M|||50|]Vivillon-Ocean||FocusSash|CompoundEyes|Hurricane,SleepPowder,RagePowder,Protect|Timid||F|||50|
|inactive|Battle timer is ON: inactive players will automatically lose when time's up. (requested by Chewe_60111)
|inactive|KodeBeast0526 has 60 seconds left.
|
|t:|1783487389
|teamsize|p1|4
|teamsize|p2|4
|start
|switch|p1a: Kangaskhan|Kangaskhan, L50, F|100/100
|switch|p1b: Sneasler|Sneasler, L50, M|100/100
|switch|p2a: Incineroar|Incineroar, L50, M|100/100
|switch|p2b: Gengar|Gengar, L50, M|100/100
|-ability|p2a: Incineroar|Intimidate|boost
|-fail|p1a: Kangaskhan|unboost|Attack|[from] ability: Scrappy|[of] p1a: Kangaskhan
|-unboost|p1b: Sneasler|atk|1
|turn|1
|inactive|Chewe_60111 has 30 seconds left.
|
|t:|1783487421
|switch|p2a: Archaludon|Archaludon, L50, M|100/100
|detailschange|p2b: Gengar|Gengar-Mega, L50, M
|-mega|p2b: Gengar|Gengar|Gengarite
|move|p2b: Gengar|Protect|p2b: Gengar
|-singleturn|p2b: Gengar|Protect
|move|p1b: Sneasler|Coaching|p1a: Kangaskhan
|-boost|p1a: Kangaskhan|atk|1
|-boost|p1a: Kangaskhan|def|1
|move|p1a: Kangaskhan|Double-Edge|p2b: Gengar
|-activate|p2b: Gengar|move: Protect
|
|upkeep
|turn|2
|inactive|KodeBeast0526 has 30 seconds left.
|
|t:|1783487453
|switch|p2b: Politoed|Politoed, L50, M|100/100
|-weather|RainDance|[from] ability: Drizzle|[of] p2b: Politoed
|move|p1b: Sneasler|Coaching|p1a: Kangaskhan
|-boost|p1a: Kangaskhan|atk|1
|-boost|p1a: Kangaskhan|def|1
|move|p2a: Archaludon|Electro Shot||[still]
|-prepare|p2a: Archaludon|Electro Shot
|-boost|p2a: Archaludon|spa|1
|-anim|p2a: Archaludon|Electro Shot|p1a: Kangaskhan
|-damage|p1a: Kangaskhan|44/100
|move|p1a: Kangaskhan|Double-Edge|p2b: Politoed
|-damage|p2b: Politoed|0 fnt
|faint|p2b: Politoed
|-damage|p1a: Kangaskhan|10/100|[from] Recoil
|
|-weather|RainDance|[upkeep]
|upkeep
|
|t:|1783487470
|switch|p2b: Incineroar|Incineroar, L50, M|100/100
|-ability|p2b: Incineroar|Intimidate|boost
|-fail|p1a: Kangaskhan|unboost|Attack|[from] ability: Scrappy|[of] p1a: Kangaskhan
|-unboost|p1b: Sneasler|atk|1
|turn|3
|inactive|Chewe_60111 has 30 seconds left.
|
|t:|1783487500
|detailschange|p1a: Kangaskhan|Kangaskhan-Mega, L50, F
|-mega|p1a: Kangaskhan|Kangaskhan|Kangaskhanite
|move|p2b: Incineroar|Fake Out|p1b: Sneasler
|-damage|p1b: Sneasler|82/100
|cant|p1b: Sneasler|flinch
|move|p1a: Kangaskhan|Drain Punch|p2b: Incineroar
|-supereffective|p2b: Incineroar|1
|-damage|p2b: Incineroar|1/100
|-heal|p1a: Kangaskhan|62/100|[from] drain|[of] p2b: Incineroar
|-supereffective|p2b: Incineroar|1
|-damage|p2b: Incineroar|0 fnt
|-heal|p1a: Kangaskhan|62/100|[from] drain|[of] p2b: Incineroar
|faint|p2b: Incineroar
|-hitcount|p2: Incineroar|2
|move|p2a: Archaludon|Electro Shot||[still]
|-prepare|p2a: Archaludon|Electro Shot
|-boost|p2a: Archaludon|spa|1
|-anim|p2a: Archaludon|Electro Shot|p1b: Sneasler
|-damage|p1b: Sneasler|0 fnt
|faint|p1b: Sneasler
|
|-weather|RainDance|[upkeep]
|upkeep
|
|t:|1783487520
|switch|p1b: Sinistcha|Sinistcha, L50|100/100
|switch|p2b: Gengar|Gengar-Mega, L50, M|100/100
|-heal|p1a: Kangaskhan|87/100|[from] ability: Hospitality|[of] p1b: Sinistcha
|turn|4
|inactive|Chewe_60111 has 30 seconds left.
|
|t:|1783487546
|move|p1b: Sinistcha|Rage Powder|p1b: Sinistcha
|-singleturn|p1b: Sinistcha|move: Rage Powder
|move|p2b: Gengar|Sludge Bomb|p1b: Sinistcha
|-damage|p1b: Sinistcha|52/100
|move|p1a: Kangaskhan|Drain Punch|p2a: Archaludon
|-supereffective|p2a: Archaludon|1
|-damage|p2a: Archaludon|23/100
|-heal|p1a: Kangaskhan|100/100|[from] drain|[of] p2a: Archaludon
|-ability|p2a: Archaludon|Stamina|boost
|-boost|p2a: Archaludon|def|1
|-supereffective|p2a: Archaludon|1
|-damage|p2a: Archaludon|12/100
|-ability|p2a: Archaludon|Stamina|boost
|-boost|p2a: Archaludon|def|1
|-hitcount|p2a: Archaludon|2
|move|p2a: Archaludon|Electro Shot||[still]
|-prepare|p2a: Archaludon|Electro Shot
|-boost|p2a: Archaludon|spa|1
|-anim|p2a: Archaludon|Electro Shot|p1b: Sinistcha
|-resisted|p1b: Sinistcha|1
|-damage|p1b: Sinistcha|12/100
|
|-weather|RainDance|[upkeep]
|-heal|p2a: Archaludon|18/100|[from] item: Leftovers
|-heal|p1b: Sinistcha|18/100|[from] item: Leftovers
|upkeep
|turn|5
|inactive|Chewe_60111 has 30 seconds left.
|inactive|KodeBeast0526 has 30 seconds left.
|inactive|Chewe_60111 has 20 seconds left.
|inactive|KodeBeast0526 has 20 seconds left.
|
|t:|1783487582
|move|p1b: Sinistcha|Rage Powder|p1b: Sinistcha
|-singleturn|p1b: Sinistcha|move: Rage Powder
|move|p2b: Gengar|Sludge Bomb|p1b: Sinistcha
|-damage|p1b: Sinistcha|0 fnt
|faint|p1b: Sinistcha
|move|p1a: Kangaskhan|Ice Punch|p2b: Gengar
|-damage|p2b: Gengar|32/100
|-damage|p2b: Gengar|16/100
|-hitcount|p2b: Gengar|2
|move|p2a: Archaludon|Electro Shot||[still]
|-prepare|p2a: Archaludon|Electro Shot
|-boost|p2a: Archaludon|spa|1
|-anim|p2a: Archaludon|Electro Shot|p1a: Kangaskhan
|-damage|p1a: Kangaskhan|11/100
|
|-weather|RainDance|[upkeep]
|-heal|p2a: Archaludon|24/100|[from] item: Leftovers
|upkeep
|
|t:|1783487597
|switch|p1b: Volcarona|Volcarona, L50, F|100/100
|turn|6
|inactive|KodeBeast0526 has 30 seconds left.
|
|t:|1783487625
|move|p2b: Gengar|Sludge Bomb|p1a: Kangaskhan
|-damage|p1a: Kangaskhan|0 fnt
|faint|p1a: Kangaskhan
|move|p1b: Volcarona|Tailwind|p1b: Volcarona
|-sidestart|p1: Chewe_60111|move: Tailwind
|move|p2a: Archaludon|Electro Shot||[still]
|-prepare|p2a: Archaludon|Electro Shot
|-boost|p2a: Archaludon|spa|1
|-anim|p2a: Archaludon|Electro Shot|p1b: Volcarona
|-damage|p1b: Volcarona|0 fnt
|faint|p1b: Volcarona
|
|win|KodeBeast0526
|raw|Chewe_60111's rating: 1041 → 1030(-11 for losing)
|raw|KodeBeast0526's rating: 1152 → 1169(+17 for winning)
