|j|☆darthnius
|j|☆tessa scarlet
|html|darthniustessa scarlet    
|uhtml|bestof|Game 2 of a best-of-3
|t:|1756633360
|gametype|doubles
|player|p1|darthnius|volkner|1346
|player|p2|tessa scarlet|102|1519
|gen|9
|tier|[Gen 9] VGC 2025 Reg H (Bo3)
|rated|
|rule|Species Clause: Limit one of each Pokémon
|rule|Item Clause: Limit 1 of each item
|clearpoke
|poke|p1|Indeedee, L50, M|
|poke|p1|Incineroar, L50, M|
|poke|p1|Sneasler, L50, M|
|poke|p1|Electabuzz, L50, M|
|poke|p1|Ursaluna-Bloodmoon, L50, M|
|poke|p1|Dragonite, L50, F|
|poke|p2|Gholdengo, L50|
|poke|p2|Annihilape, L50, M|
|poke|p2|Volcarona, L50, M|
|poke|p2|Dragonite, L50, M|
|poke|p2|Ninetales-Alola, L50, M|
|poke|p2|Ursaluna-Bloodmoon, L50, M|
|teampreview|4
|showteam|p1|Indeedee||ChoiceScarf|PsychicSurge|ExpandingForce,TeraBlast,Trick,Protect|||M|||50|,,,,,Psychic]Incineroar||SafetyGoggles|Intimidate|FakeOut,FlareBlitz,KnockOff,PartingShot|||M|||50|,,,,,Ghost]Sneasler||PsychicSeed|Unburden|Protect,DireClaw,CloseCombat,ThroatChop|||M|||50|,,,,,Dark]Electabuzz||Eviolite|VitalSpirit|Protect,FollowMe,Electroweb,Taunt|||M|||50|,,,,,Dragon]Ursaluna-Bloodmoon||LifeOrb|MindsEye|Protect,HyperVoice,EarthPower,BloodMoon|||M|||50|,,,,,Normal]Dragonite||LoadedDice|Multiscale|Protect,ScaleShot,Tailwind,Haze|||F|||50|,,,,,Steel
|showteam|p2|Gholdengo||LifeOrb|GoodasGold|NastyPlot,MakeItRain,ShadowBall,Protect||||||50|,,,,,Water]Annihilape||SafetyGoggles|Defiant|DrainPunch,RageFist,BulkUp,Protect|||M|||50|,,,,,Fire]Volcarona||CovertCloak|FlameBody|StruggleBug,HeatWave,RagePowder,Tailwind|||M|||50|,,,,,Fairy]Dragonite||LoadedDice|Multiscale|ScaleShot,Haze,Tailwind,Protect|||M|||50|,,,,,Steel]Ninetales-Alola||FocusSash|SnowWarning|Blizzard,IcyWind,IcicleSpear,AuroraVeil|||M|||50|,,,,,Ghost]Ursaluna-Bloodmoon||AssaultVest|MindsEye|BloodMoon,HyperVoice,EarthPower,VacuumWave|||M|||50|,,,,,Water
|inactive|Battle timer is ON: inactive players will automatically lose when time's up. (requested by darthnius)
|
|t:|1756633407
|teamsize|p1|4
|teamsize|p2|4
|start
|switch|p1a: Electabuzz|Electabuzz, L50, M|100/100
|switch|p1b: Incineroar|Incineroar, L50, M|100/100
|switch|p2a: Volcarona|Volcarona, L50, M|100/100
|switch|p2b: Gholdengo|Gholdengo, L50|100/100
|-ability|p1b: Incineroar|Intimidate|boost
|-unboost|p2a: Volcarona|atk|1
|-unboost|p2b: Gholdengo|atk|1
|turn|1
|inactive|darthnius has 30 seconds left.
|
|t:|1756633435
|switch|p2b: Ursaluna|Ursaluna-Bloodmoon, L50, M|100/100
|move|p1a: Electabuzz|Taunt|p2a: Volcarona
|-start|p2a: Volcarona|move: Taunt
|cant|p2a: Volcarona|move: Taunt|Tailwind
|move|p1b: Incineroar|Knock Off|p2b: Ursaluna
|-damage|p2b: Ursaluna|71/100
|-enditem|p2b: Ursaluna|Assault Vest|[from] move: Knock Off|[of] p1b: Incineroar
|
|upkeep
|turn|2
|inactive|darthnius has 30 seconds left.
|inactive|tessa scarlet has 30 seconds left.
|inactive|darthnius has 20 seconds left.
|inactive|tessa scarlet has 20 seconds left.
|inactive|darthnius has 15 seconds left.
|inactive|tessa scarlet has 15 seconds left.
|inactive|darthnius has 10 seconds left.
|inactive|tessa scarlet has 10 seconds left.
|
|t:|1756633483
|move|p1a: Electabuzz|Follow Me|p1a: Electabuzz
|-singleturn|p1a: Electabuzz|move: Follow Me
|move|p2a: Volcarona|Heat Wave|p1b: Incineroar|[spread] p1a,p1b
|-resisted|p1b: Incineroar
|-damage|p1a: Electabuzz|74/100
|-damage|p1b: Incineroar|87/100
|move|p1b: Incineroar|Parting Shot|p2b: Ursaluna
|-unboost|p2b: Ursaluna|atk|1
|-unboost|p2b: Ursaluna|spa|1
|
|t:|1756633492
|switch|p1b: Indeedee|Indeedee, L50, M|100/100|[from] Parting Shot
|-fieldstart|move: Psychic Terrain|[from] ability: Psychic Surge|[of] p1b: Indeedee
|move|p2b: Ursaluna|Earth Power|p1a: Electabuzz
|-supereffective|p1a: Electabuzz
|-damage|p1a: Electabuzz|10/100
|
|upkeep
|turn|3
|
|t:|1756633507
|switch|p2b: Gholdengo|Gholdengo, L50|100/100
|-terastallize|p1b: Indeedee|Psychic
|move|p1b: Indeedee|Expanding Force|p2a: Volcarona|[spread] p2a,p2b
|-resisted|p2b: Gholdengo
|-damage|p2a: Volcarona|33/100
|-damage|p2b: Gholdengo|56/100
|move|p1a: Electabuzz|Electroweb|p2a: Volcarona|[spread] p2a,p2b
|-damage|p2a: Volcarona|21/100
|-damage|p2b: Gholdengo|39/100
|-unboost|p2b: Gholdengo|spe|1
|move|p2a: Volcarona|Struggle Bug|p1b: Indeedee|[spread] p1a,p1b
|-supereffective|p1b: Indeedee
|-damage|p1a: Electabuzz|0 fnt
|-damage|p1b: Indeedee|59/100
|-unboost|p1b: Indeedee|spa|1
|faint|p1a: Electabuzz
|
|-end|p2a: Volcarona|move: Taunt
|upkeep
|
|t:|1756633525
|switch|p1a: Sneasler|Sneasler, L50, M|100/100
|-enditem|p1a: Sneasler|Psychic Seed
|-boost|p1a: Sneasler|spd|1|[from] item: Psychic Seed
|turn|4
|
|t:|1756633543
|move|p1a: Sneasler|Protect|p1a: Sneasler
|-singleturn|p1a: Sneasler|Protect
|move|p2a: Volcarona|Rage Powder|p2a: Volcarona
|-singleturn|p2a: Volcarona|move: Rage Powder
|move|p1b: Indeedee|Expanding Force|p2b: Gholdengo|[spread] p2a,p2b
|-resisted|p2b: Gholdengo
|-damage|p2a: Volcarona|0 fnt
|-damage|p2b: Gholdengo|11/100
|faint|p2a: Volcarona
|move|p2b: Gholdengo|Make It Rain|p1a: Sneasler|[spread] p1b
|-activate|p1a: Sneasler|move: Protect
|-damage|p1b: Indeedee|0 fnt
|-unboost|p2b: Gholdengo|spa|1
|faint|p1b: Indeedee
|-damage|p2b: Gholdengo|1/100|[from] item: Life Orb
|
|upkeep
|
|t:|1756633554
|switch|p2a: Ursaluna|Ursaluna-Bloodmoon, L50, M|71/100
|switch|p1b: Incineroar|Incineroar, L50, M|87/100
|-ability|p1b: Incineroar|Intimidate|boost
|-unboost|p2a: Ursaluna|atk|1
|-unboost|p2b: Gholdengo|atk|1
|turn|5
|inactive|tessa scarlet has 30 seconds left.
|
|t:|1756633580
|-terastallize|p2a: Ursaluna|Water
|move|p1a: Sneasler|Dire Claw|p2a: Ursaluna
|-damage|p2a: Ursaluna|40/100
|-status|p2a: Ursaluna|par
|move|p1b: Incineroar|Flare Blitz|p2a: Ursaluna
|-resisted|p2a: Ursaluna
|-damage|p2a: Ursaluna|21/100 par
|-damage|p1b: Incineroar|80/100|[from] Recoil
|move|p2b: Gholdengo|Make It Rain|p1b: Incineroar|[spread] p1a,p1b
|-resisted|p1b: Incineroar
|-damage|p1a: Sneasler|61/100
|-damage|p1b: Incineroar|62/100
|-unboost|p2b: Gholdengo|spa|1
|-damage|p2b: Gholdengo|0 fnt|[from] item: Life Orb
|faint|p2b: Gholdengo
|move|p2a: Ursaluna|Earth Power|p1b: Incineroar
|-supereffective|p1b: Incineroar
|-damage|p1b: Incineroar|0 fnt
|faint|p1b: Incineroar
|
|upkeep
|
|t:|1756633590
|switch|p2b: Dragonite|Dragonite, L50, M|100/100
|turn|6
|
|t:|1756633598
|move|p1a: Sneasler|Dire Claw|p2b: Dragonite
|-damage|p2b: Dragonite|77/100
|-status|p2b: Dragonite|slp
|cant|p2b: Dragonite|slp
|cant|p2a: Ursaluna|par
|
|-fieldend|move: Psychic Terrain
|upkeep
|turn|7
|
|t:|1756633609
|move|p1a: Sneasler|Dire Claw|p2a: Ursaluna
|-damage|p2a: Ursaluna|0 fnt
|faint|p2a: Ursaluna
|cant|p2b: Dragonite|slp
|
|upkeep
|turn|8
|
|t:|1756633617
|move|p1a: Sneasler|Dire Claw|p2b: Dragonite
|-damage|p2b: Dragonite|29/100 slp
|-curestatus|p2b: Dragonite|slp|[msg]
|move|p2b: Dragonite|Scale Shot|p1a: Sneasler
|-damage|p1a: Sneasler|35/100
|-damage|p1a: Sneasler|8/100
|-damage|p1a: Sneasler|0 fnt
|faint|p1a: Sneasler
|-hitcount|p1: Sneasler|3
|
|win|tessa scarlet
|raw|darthnius's rating: 1346 → 1335(-11 for losing)
|raw|tessa scarlet's rating: 1519 → 1530(+11 for winning)
