|j|☆LaumaFan
|j|☆safety4371
|html|LaumaFansafety4371    
|uhtml|bestof|Game 3 of a best-of-3
|t:|1757806584
|gametype|doubles
|player|p1|LaumaFan|2|1000
|player|p2|safety4371|guitarist|1000
|gen|9
|tier|[Gen 9] VGC 2025 Reg H (Bo3)
|rated|
|rule|Species Clause: Limit one of each Pokémon
|rule|Item Clause: Limit 1 of each item
|clearpoke
|poke|p1|Garchomp, L50, F|
|poke|p1|Talonflame, L50, M|
|poke|p1|Gholdengo, L50|
|poke|p1|Amoonguss, L50, M|
|poke|p1|Dragonite, L50, M|
|poke|p1|Ninetales-Alola, L50, F|
|poke|p2|Porygon2, L50|
|poke|p2|Torkoal, L50, M|
|poke|p2|Amoonguss, L50, F|
|poke|p2|Ursaluna, L50, F|
|poke|p2|Rillaboom, L50, F|
|poke|p2|Sneasler, L50, F|
|teampreview|4
|showteam|p1|Garchomp||LifeOrb|RoughSkin|Earthquake,StompingTantrum,DragonClaw,Protect|||F|||50|,,,,,Poison]Talonflame||FocusSash|GaleWings|BraveBird,FlareBlitz,Tailwind,Protect|||M|||50|,,,,,Ghost]Gholdengo||IronPlate|GoodasGold|MakeItRain,ShadowBall,NastyPlot,Protect||||||50|,,,,,Steel]Amoonguss||RockyHelmet|Regenerator|RagePowder,Spore,PollenPuff,Protect|||M|||50|,,,,,Steel]Dragonite||AssaultVest|InnerFocus|ScaleShot,ExtremeSpeed,StompingTantrum,AquaJet|||M|||50|,,,,,Steel]Ninetales-Alola||CovertCloak|SnowCloak|Blizzard,Moonblast,Encore,Protect|||F|||50|,,,,,Steel
|showteam|p2|Porygon2||Eviolite|Download|TrickRoom,Protect,TeraBlast,Recover||||||50|,,,,,Fairy]Torkoal||ChoiceSpecs|Drought|Overheat,HeatWave,Eruption,EarthPower|||M|||50|,,,,,Fire]Amoonguss||RockyHelmet|Regenerator|Protect,RagePowder,SludgeBomb,Spore|||F|||50|,,,,,Dark]Ursaluna||FlameOrb|Guts|Protect,HeadlongRush,Facade,Earthquake|||F|||50|,,,,,Ghost]Rillaboom||AssaultVest|GrassySurge|FakeOut,GrassyGlide,Uturn,WoodHammer|||F|||50|,,,,,Grass]Sneasler||GrassySeed|Unburden|CloseCombat,DireClaw,Uturn,Protect|||F|||50|,,,,,Poison
|inactive|Battle timer is ON: inactive players will automatically lose when time's up. (requested by safety4371)
|
|t:|1757806614
|teamsize|p1|4
|teamsize|p2|4
|start
|switch|p1a: Talonflame|Talonflame, L50, M|100/100
|switch|p1b: Gholdengo|Gholdengo, L50|100/100
|switch|p2a: Rillaboom|Rillaboom, L50, F|100/100
|switch|p2b: Sneasler|Sneasler, L50, F|100/100
|-fieldstart|move: Grassy Terrain|[from] ability: Grassy Surge|[of] p2a: Rillaboom
|-enditem|p2b: Sneasler|Grassy Seed
|-boost|p2b: Sneasler|def|1|[from] item: Grassy Seed
|turn|1
|inactive|LaumaFan has 30 seconds left.
|
|t:|1757806649
|-terastallize|p1a: Talonflame|Ghost
|move|p1a: Talonflame|Tailwind|p1a: Talonflame
|-sidestart|p1: LaumaFan|move: Tailwind
|move|p2b: Sneasler|Dire Claw|p1a: Talonflame
|-resisted|p1a: Talonflame
|-damage|p1a: Talonflame|68/100
|move|p1b: Gholdengo|Make It Rain|p2a: Rillaboom|[spread] p2a,p2b
|-damage|p2a: Rillaboom|54/100
|-damage|p2b: Sneasler|33/100
|-unboost|p1b: Gholdengo|spa|1
|move|p2a: Rillaboom|U-turn|p1b: Gholdengo
|-resisted|p1b: Gholdengo
|-damage|p1b: Gholdengo|94/100
|
|t:|1757806662
|switch|p2a: Porygon2|Porygon2, L50|100/100|[from] U-turn
|-ability|p2a: Porygon2|Download|boost
|-boost|p2a: Porygon2|spa|1
|
|-heal|p1a: Talonflame|74/100|[from] Grassy Terrain
|-heal|p2b: Sneasler|39/100|[from] Grassy Terrain
|-heal|p1b: Gholdengo|99/100|[from] Grassy Terrain
|upkeep
|turn|2
|inactive|LaumaFan has 30 seconds left.
|inactive|LaumaFan has 20 seconds left.
|inactive|LaumaFan has 15 seconds left.
|
|t:|1757806704
|switch|p1b: Dragonite|Dragonite, L50, M|100/100
|move|p1a: Talonflame|Brave Bird|p2b: Sneasler
|-supereffective|p2b: Sneasler
|-damage|p2b: Sneasler|0 fnt
|faint|p2b: Sneasler
|-damage|p1a: Talonflame|62/100|[from] Recoil
|move|p2a: Porygon2|Trick Room|p2a: Porygon2
|-fieldstart|move: Trick Room|[of] p2a: Porygon2
|
|-heal|p1a: Talonflame|67/100|[from] Grassy Terrain
|upkeep
|
|t:|1757806710
|switch|p2b: Torkoal|Torkoal, L50, M|100/100
|-weather|SunnyDay|[from] ability: Drought|[of] p2b: Torkoal
|turn|3
|inactive|safety4371 has 30 seconds left.
|
|t:|1757806738
|switch|p2a: Rillaboom|Rillaboom, L50, F|54/100
|-terastallize|p2b: Torkoal|Fire
|move|p2b: Torkoal|Heat Wave|p1a: Talonflame|[spread] p1a,p1b
|-crit|p1a: Talonflame
|-resisted|p1b: Dragonite
|-damage|p1a: Talonflame|0 fnt
|-damage|p1b: Dragonite|68/100
|faint|p1a: Talonflame
|move|p1b: Dragonite|Stomping Tantrum|p2b: Torkoal
|-supereffective|p2b: Torkoal
|-damage|p2b: Torkoal|62/100
|
|-weather|SunnyDay|[upkeep]
|-heal|p2b: Torkoal|68/100|[from] Grassy Terrain
|-heal|p2a: Rillaboom|60/100|[from] Grassy Terrain
|upkeep
|inactive|LaumaFan has 30 seconds left.
|
|t:|1757806768
|switch|p1a: Amoonguss|Amoonguss, L50, M|100/100
|turn|4
|
|t:|1757806783
|move|p1a: Amoonguss|Protect|p1a: Amoonguss
|-singleturn|p1a: Amoonguss|Protect
|move|p2a: Rillaboom|Fake Out|p1b: Dragonite
|-damage|p1b: Dragonite|53/100
|move|p2b: Torkoal|Heat Wave|p1a: Amoonguss|[spread] p1b
|-activate|p1a: Amoonguss|move: Protect
|-resisted|p1b: Dragonite
|-damage|p1b: Dragonite|19/100
|move|p1b: Dragonite|Stomping Tantrum|p2b: Torkoal
|-supereffective|p2b: Torkoal
|-damage|p2b: Torkoal|30/100
|
|-weather|SunnyDay|[upkeep]
|-heal|p2b: Torkoal|36/100|[from] Grassy Terrain
|-heal|p2a: Rillaboom|66/100|[from] Grassy Terrain
|-sideend|p1: LaumaFan|move: Tailwind
|upkeep
|turn|5
|inactive|LaumaFan has 30 seconds left.
|inactive|LaumaFan has 20 seconds left.
|inactive|LaumaFan has 15 seconds left.
|inactive|LaumaFan has 10 seconds left.
|
|t:|1757806832
|move|p2b: Torkoal|Heat Wave|p1b: Dragonite|[spread] p1a,p1b
|-supereffective|p1a: Amoonguss
|-resisted|p1b: Dragonite
|-damage|p1a: Amoonguss|0 fnt
|-damage|p1b: Dragonite|0 fnt
|faint|p1a: Amoonguss
|faint|p1b: Dragonite
|move|p2a: Rillaboom|Wood Hammer|p1: Amoonguss|[notarget]
|-fail|p2a: Rillaboom
|
|-weather|SunnyDay|[upkeep]
|-heal|p2b: Torkoal|42/100|[from] Grassy Terrain
|-heal|p2a: Rillaboom|71/100|[from] Grassy Terrain
|-fieldend|move: Grassy Terrain
|upkeep
|
|t:|1757806846
|switch|p1b: Gholdengo|Gholdengo, L50|99/100
|turn|6
|
|t:|1757806854
|move|p1b: Gholdengo|Protect|p1b: Gholdengo
|-singleturn|p1b: Gholdengo|Protect
|move|p2b: Torkoal|Heat Wave|p1b: Gholdengo
|-activate|p1b: Gholdengo|move: Protect
|move|p2a: Rillaboom|Wood Hammer|p1b: Gholdengo
|-activate|p1b: Gholdengo|move: Protect
|
|-weather|SunnyDay|[upkeep]
|-fieldend|move: Trick Room
|upkeep
|turn|7
|
|t:|1757806872
|switch|p2b: Porygon2|Porygon2, L50|100/100
|-ability|p2b: Porygon2|Download|boost
|-boost|p2b: Porygon2|spa|1
|move|p2a: Rillaboom|Wood Hammer|p1b: Gholdengo
|-resisted|p1b: Gholdengo
|-damage|p1b: Gholdengo|69/100
|-damage|p2a: Rillaboom|61/100|[from] Recoil
|move|p1b: Gholdengo|Nasty Plot|p1b: Gholdengo
|-boost|p1b: Gholdengo|spa|2
|
|-weather|none
|upkeep
|turn|8
|
|t:|1757806886
|move|p2a: Rillaboom|U-turn|p1b: Gholdengo
|-resisted|p1b: Gholdengo
|-damage|p1b: Gholdengo|63/100
|
|t:|1757806890
|switch|p2a: Torkoal|Torkoal, L50, M, tera:Fire|42/100|[from] U-turn
|-weather|SunnyDay|[from] ability: Drought|[of] p2a: Torkoal
|move|p1b: Gholdengo|Make It Rain|p2a: Torkoal|[spread] p2a,p2b
|-resisted|p2a: Torkoal
|-damage|p2a: Torkoal|0 fnt
|-damage|p2b: Porygon2|56/100
|-unboost|p1b: Gholdengo|spa|1
|faint|p2a: Torkoal
|move|p2b: Porygon2|Trick Room|p2b: Porygon2
|-fieldstart|move: Trick Room|[of] p2b: Porygon2
|
|-weather|SunnyDay|[upkeep]
|upkeep
|
|t:|1757806892
|switch|p2a: Rillaboom|Rillaboom, L50, F|61/100
|-fieldstart|move: Grassy Terrain|[from] ability: Grassy Surge|[of] p2a: Rillaboom
|turn|9
|
|t:|1757806911
|move|p1b: Gholdengo|Protect|p1b: Gholdengo
|-singleturn|p1b: Gholdengo|Protect
|move|p2b: Porygon2|Tera Blast|p1b: Gholdengo
|-activate|p1b: Gholdengo|move: Protect
|move|p2a: Rillaboom|Wood Hammer|p1b: Gholdengo
|-activate|p1b: Gholdengo|move: Protect
|
|-weather|SunnyDay|[upkeep]
|-heal|p2b: Porygon2|62/100|[from] Grassy Terrain
|-heal|p1b: Gholdengo|69/100|[from] Grassy Terrain
|-heal|p2a: Rillaboom|67/100|[from] Grassy Terrain
|upkeep
|turn|10
|inactive|LaumaFan has 30 seconds left.
|
|t:|1757806942
|move|p1b: Gholdengo|Shadow Ball|p2a: Rillaboom
|-damage|p2a: Rillaboom|19/100
|move|p2a: Rillaboom|Wood Hammer|p1b: Gholdengo
|-resisted|p1b: Gholdengo
|-damage|p1b: Gholdengo|26/100
|-damage|p2a: Rillaboom|4/100|[from] Recoil
|move|p2b: Porygon2|Trick Room|p2b: Porygon2
|-fieldend|move: Trick Room
|
|-weather|SunnyDay|[upkeep]
|-heal|p2a: Rillaboom|10/100|[from] Grassy Terrain
|-heal|p1b: Gholdengo|32/100|[from] Grassy Terrain
|-heal|p2b: Porygon2|68/100|[from] Grassy Terrain
|upkeep
|turn|11
|
|t:|1757806960
|move|p1b: Gholdengo|Protect|p1b: Gholdengo
|-singleturn|p1b: Gholdengo|Protect
|move|p2a: Rillaboom|Wood Hammer|p1b: Gholdengo
|-activate|p1b: Gholdengo|move: Protect
|move|p2b: Porygon2|Recover|p2b: Porygon2
|-heal|p2b: Porygon2|100/100
|
|-weather|SunnyDay|[upkeep]
|-heal|p2a: Rillaboom|16/100|[from] Grassy Terrain
|-heal|p1b: Gholdengo|38/100|[from] Grassy Terrain
|upkeep
|turn|12
|
|t:|1757806978
|move|p2a: Rillaboom|Wood Hammer|p1b: Gholdengo
|-resisted|p1b: Gholdengo
|-damage|p1b: Gholdengo|0 fnt
|faint|p1b: Gholdengo
|-damage|p2a: Rillaboom|4/100|[from] Recoil
|
|win|safety4371
|raw|LaumaFan's rating: 1000 → 1000(+0 for losing)
|raw|safety4371's rating: 1000 → 1040(+40 for winning)
