|j|☆glofer
|j|☆archyx05
|html|gloferarchyx05    
|uhtml|bestof|Game 2 of a best-of-3
|t:|1785271499
|gametype|doubles
|player|p1|glofer|blackbelt|1131
|player|p2|archyx05|101|1040
|gen|9
|tier|[Gen 9 Champions] VGC 2026 Reg M-B (Bo3)
|rated|
|rule|Species Clause: Limit one of each Pokémon
|rule|Item Clause: Limit 1 of each item
|clearpoke
|poke|p1|Bellibolt, L50, F|
|poke|p1|Heliolisk, L50, M|
|poke|p1|Emolga, L50, M|
|poke|p1|Raichu, L50, M|
|poke|p1|Manectric, L50, M|
|poke|p1|Eelektross, L50, F|
|poke|p2|Sinistcha, L50|
|poke|p2|Garchomp, L50, M|
|poke|p2|Sneasler, L50, M, shiny|
|poke|p2|Floette-Eternal, L50, F|
|poke|p2|Incineroar, L50, M|
|poke|p2|Kingambit, L50, F, shiny|
|teampreview|4
|showteam|p1|Bellibolt||Leftovers|Electromorphosis|ParabolicCharge,AcidSpray,Soak,Protect|Quiet||F|||50|]Heliolisk||ChoiceScarf|DrySkin|Discharge,HyperVoice,DragonPulse,ShedTail|Timid||M|||50|]Emolga||FocusSash|MotorDrive|Electroweb,AirSlash,Encore,Protect|Timid||M|||50|]Raichu||RaichuniteY|LightningRod|ZapCannon,FocusBlast,FakeOut,Protect|Timid||M|||50|]Manectric||Manectite|LightningRod|Thunderbolt,Overheat,Snarl,Protect|Timid||M|||50|]Eelektross||LifeOrb|Levitate|SupercellSlam,DrainPunch,Bulldoze,Coil|Adamant||F|||50|
|showteam|p2|Sinistcha||KasibBerry|Hospitality|MatchaGotcha,RagePowder,TrickRoom,Protect|Bold|||||50|]Garchomp||Garchompite|SandVeil|Protect,RockSlide,Earthquake,StompingTantrum|Adamant||M|||50|]Sneasler||FocusSash|Unburden|CloseCombat,DireClaw,FakeOut,Coaching|Jolly||M|||50|]Floette-Eternal||Floettite|FlowerVeil|Protect,CalmMind,Moonblast,DazzlingGleam|Modest||F|||50|]Incineroar||SitrusBerry|Intimidate|FakeOut,FlareBlitz,DarkestLariat,PartingShot|Impish||M|||50|]Kingambit||ChopleBerry|Defiant|KowtowCleave,SuckerPunch,IronHead,Protect|Adamant||F|||50|
|inactive|Battle timer is ON: inactive players will automatically lose when time's up. (requested by archyx05)
|inactive|glofer has 60 seconds left.
|
|t:|1785271532
|teamsize|p1|4
|teamsize|p2|4
|start
|switch|p1a: Raichu|Raichu, L50, M|100/100
|switch|p1b: Heliolisk|Heliolisk, L50, M|100/100
|switch|p2a: Incineroar|Incineroar, L50, M|100/100
|switch|p2b: Garchomp|Garchomp, L50, M|100/100
|-ability|p2a: Incineroar|Intimidate|boost
|-unboost|p1a: Raichu|atk|1
|-unboost|p1b: Heliolisk|atk|1
|turn|1
|
|t:|1785271543
|switch|p2a: Sinistcha|Sinistcha, L50|100/100
|detailschange|p1a: Raichu|Raichu-Mega-Y, L50, M
|-mega|p1a: Raichu|Raichu|Raichunite Y
|move|p2b: Garchomp|Protect|p2b: Garchomp
|-singleturn|p2b: Garchomp|Protect
|move|p1a: Raichu|Fake Out|p2a: Sinistcha
|-immune|p2a: Sinistcha
|move|p1b: Heliolisk|Dragon Pulse|p2b: Garchomp
|-activate|p2b: Garchomp|move: Protect
|
|upkeep
|turn|2
|
|t:|1785271556
|detailschange|p2b: Garchomp|Garchomp-Mega, L50, M
|-mega|p2b: Garchomp|Garchomp|Garchompite
|move|p2a: Sinistcha|Rage Powder|p2a: Sinistcha
|-singleturn|p2a: Sinistcha|move: Rage Powder
|move|p1b: Heliolisk|Dragon Pulse|p2a: Sinistcha
|-damage|p2a: Sinistcha|76/100
|move|p1a: Raichu|Zap Cannon|p2a: Sinistcha
|-resisted|p2a: Sinistcha|1
|-damage|p2a: Sinistcha|41/100
|-status|p2a: Sinistcha|par
|move|p2b: Garchomp|Earthquake|p1b: Heliolisk|[spread] p2a,p1a,p1b
|-resisted|p2a: Sinistcha|1
|-supereffective|p1a: Raichu|1
|-supereffective|p1b: Heliolisk|1
|-damage|p2a: Sinistcha|19/100 par
|-damage|p1a: Raichu|0 fnt
|-damage|p1b: Heliolisk|0 fnt
|faint|p1a: Raichu
|faint|p1b: Heliolisk
|
|upkeep
|
|t:|1785271570
|switch|p1a: Eelektross|Eelektross, L50, F|100/100
|switch|p1b: Bellibolt|Bellibolt, L50, F|100/100
|turn|3
|inactive|archyx05 has 30 seconds left.
|inactive|archyx05 has 20 seconds left.
|inactive|archyx05 has 15 seconds left.
|inactive|archyx05 has 10 seconds left.
|
|t:|1785271616
|move|p2b: Garchomp|Rock Slide|p1a: Eelektross|[spread] p1a,p1b
|-damage|p1a: Eelektross|79/100
|-damage|p1b: Bellibolt|82/100
|-start|p1b: Bellibolt|Charge|Rock Slide|[from] ability: Electromorphosis
|move|p1a: Eelektross|Coil|p1a: Eelektross
|-boost|p1a: Eelektross|atk|1
|-boost|p1a: Eelektross|def|1
|-boost|p1a: Eelektross|accuracy|1
|cant|p1b: Bellibolt|flinch
|cant|p2a: Sinistcha|par
|
|-heal|p1b: Bellibolt|88/100|[from] item: Leftovers
|upkeep
|turn|4
|
|t:|1785271633
|switch|p2a: Incineroar|Incineroar, L50, M|100/100
|-ability|p2a: Incineroar|Intimidate|boost
|-unboost|p1a: Eelektross|atk|1
|-unboost|p1b: Bellibolt|atk|1
|move|p1b: Bellibolt|Protect|p1b: Bellibolt
|-singleturn|p1b: Bellibolt|Protect
|move|p2b: Garchomp|Stomping Tantrum|p1b: Bellibolt
|-activate|p1b: Bellibolt|move: Protect
|move|p1a: Eelektross|Bulldoze|p2a: Incineroar|[spread] p2a,p2b
|-activate|p1b: Bellibolt|move: Protect
|-supereffective|p2a: Incineroar|1
|-crit|p2b: Garchomp
|-damage|p2a: Incineroar|74/100
|-damage|p2b: Garchomp|82/100
|-unboost|p2a: Incineroar|spe|1
|-unboost|p2b: Garchomp|spe|1
|-damage|p1a: Eelektross|69/100|[from] item: Life Orb
|
|-heal|p1b: Bellibolt|94/100|[from] item: Leftovers
|upkeep
|turn|5
|
|t:|1785271653
|move|p2a: Incineroar|Fake Out|p1a: Eelektross
|-damage|p1a: Eelektross|63/100
|move|p2b: Garchomp|Stomping Tantrum|p1b: Bellibolt
|-supereffective|p1b: Bellibolt|1
|-damage|p1b: Bellibolt|27/100
|-start|p1b: Bellibolt|Charge|Stomping Tantrum|[from] ability: Electromorphosis
|cant|p1a: Eelektross|flinch
|move|p1b: Bellibolt|Soak|p2b: Garchomp
|-start|p2b: Garchomp|typechange|Water
|
|-heal|p1b: Bellibolt|33/100|[from] item: Leftovers
|upkeep
|turn|6
|
|t:|1785271669
|switch|p2b: Sinistcha|Sinistcha, L50|19/100 par
|-heal|p2a: Incineroar|99/100|[from] ability: Hospitality|[of] p2b: Sinistcha
|move|p1b: Bellibolt|Protect|p1b: Bellibolt
|-singleturn|p1b: Bellibolt|Protect
|move|p1a: Eelektross|Bulldoze|p2b: Sinistcha|[spread] p2a,p2b
|-activate|p1b: Bellibolt|move: Protect
|-supereffective|p2a: Incineroar|1
|-resisted|p2b: Sinistcha|1
|-damage|p2a: Incineroar|74/100
|-damage|p2b: Sinistcha|12/100 par
|-unboost|p2a: Incineroar|spe|1
|-unboost|p2b: Sinistcha|spe|1
|-damage|p1a: Eelektross|53/100|[from] item: Life Orb
|move|p2a: Incineroar|Parting Shot|p1a: Eelektross
|-unboost|p1a: Eelektross|atk|1
|-unboost|p1a: Eelektross|spa|1
|
|t:|1785271684
|switch|p2a: Garchomp|Garchomp-Mega, L50, M|82/100|[from] Parting Shot
|
|-heal|p1b: Bellibolt|39/100|[from] item: Leftovers
|upkeep
|turn|7
|
|t:|1785271706
|move|p2a: Garchomp|Stomping Tantrum|p1b: Bellibolt
|-supereffective|p1b: Bellibolt|1
|-damage|p1b: Bellibolt|0 fnt
|faint|p1b: Bellibolt
|move|p1a: Eelektross|Supercell Slam|p2b: Sinistcha
|-resisted|p2b: Sinistcha|1
|-damage|p2b: Sinistcha|0 fnt
|faint|p2b: Sinistcha
|-damage|p1a: Eelektross|43/100|[from] item: Life Orb
|
|upkeep
|
|t:|1785271716
|switch|p2b: Incineroar|Incineroar, L50, M|74/100
|-ability|p2b: Incineroar|Intimidate|boost
|-unboost|p1a: Eelektross|atk|1
|turn|8
|
|t:|1785271721
|move|p2b: Incineroar|Fake Out|p1a: Eelektross
|-damage|p1a: Eelektross|36/100
|move|p2a: Garchomp|Rock Slide|p1a: Eelektross
|-damage|p1a: Eelektross|19/100
|cant|p1a: Eelektross|flinch
|
|upkeep
|turn|9
|
|t:|1785271726
|move|p2a: Garchomp|Rock Slide|p1a: Eelektross
|-damage|p1a: Eelektross|1/100
|move|p2b: Incineroar|Darkest Lariat|p1a: Eelektross
|-damage|p1a: Eelektross|0 fnt
|faint|p1a: Eelektross
|
|win|archyx05
|raw|glofer's rating: 1131 → 1100(-31 for losing)
|raw|archyx05's rating: 1040 → 1083(+43 for winning)
