|j|☆isieboy
|j|☆regifannumber1
|html|isieboyregifannumber1    
|uhtml|bestof|Game 1 of a best-of-3
|t:|1784330569
|gametype|doubles
|player|p1|isieboy|101|1045
|player|p2|regifannumber1|169|1081
|gen|9
|tier|[Gen 9 Champions] VGC 2026 Reg M-B (Bo3)
|rated|
|rule|Species Clause: Limit one of each Pokémon
|rule|Item Clause: Limit 1 of each item
|clearpoke
|poke|p1|Gengar, L50, M|
|poke|p1|Archaludon, L50, M|
|poke|p1|Politoed, L50, F|
|poke|p1|Swampert, L50, M|
|poke|p1|Vivillon-Fancy, L50, M|
|poke|p1|Incineroar, L50, F|
|poke|p2|Raichu, L50, M|
|poke|p2|Kingambit, L50, M, shiny|
|poke|p2|Basculegion, L50, M|
|poke|p2|Aerodactyl, L50, M|
|poke|p2|Farigiraf, L50, M|
|poke|p2|Sylveon, L50, F, shiny|
|teampreview|4
|showteam|p1|Gengar||Gengarite|CursedBody|ShadowBall,SludgeBomb,PerishSong,Protect|Modest||M|||50|]Archaludon||Leftovers|Stamina|ElectroShot,DragonPulse,FlashCannon,Protect|Bold||M|||50|]Politoed||SitrusBerry|Drizzle|WeatherBall,Hypnosis,PerishSong,Protect|Calm||F|||50|]Swampert||Swampertite|Torrent|WaveCrash,Earthquake,IcePunch,Protect|Adamant||M|||50|]Vivillon-Fancy||FocusSash|CompoundEyes|Hurricane,SleepPowder,RagePowder,Protect|Timid||M|||50|]Incineroar||PasshoBerry|Intimidate|ThroatChop,FakeOut,PartingShot,Protect|Impish||F|||50|
|showteam|p2|Raichu||RaichuniteY|LightningRod|ZapCannon,FocusBlast,FakeOut,Protect|Timid||M|||50|]Kingambit||FocusSash|Defiant|KowtowCleave,SuckerPunch,IronHead,LowKick|Adamant||M|||50|]Basculegion||MysticWater|Adaptability|LastRespects,WaveCrash,AquaJet,Protect|Adamant||M|||50|]Aerodactyl||Aerodactylite|Unnerve|RockSlide,DualWingbeat,Tailwind,IceFang|Jolly||M|||50|]Farigiraf||SitrusBerry|ArmorTail|Psychic,Thunderbolt,TrickRoom,Protect|Bold||M|||50|]Sylveon||FairyFeather|Pixilate|HyperVoice,HyperBeam,QuickAttack,Detect|Modest||F|||50|
|
|t:|1784330626
|teamsize|p1|4
|teamsize|p2|4
|start
|switch|p1a: Archaludon|Archaludon, L50, M|100/100
|switch|p1b: Politoed|Politoed, L50, F|100/100
|switch|p2a: Raichu|Raichu, L50, M|100/100
|switch|p2b: Kingambit|Kingambit, L50, M, shiny|100/100
|-weather|RainDance|[from] ability: Drizzle|[of] p1b: Politoed
|turn|1
|
|t:|1784330661
|switch|p1b: Swampert|Swampert, L50, M|100/100
|detailschange|p2a: Raichu|Raichu-Mega-Y, L50, M
|-mega|p2a: Raichu|Raichu|Raichunite Y
|move|p1a: Archaludon|Protect|p1a: Archaludon
|-singleturn|p1a: Archaludon|Protect
|move|p2a: Raichu|Zap Cannon|p1b: Swampert
|-immune|p1b: Swampert
|move|p2b: Kingambit|Kowtow Cleave|p1a: Archaludon
|-activate|p1a: Archaludon|move: Protect
|
|-weather|RainDance|[upkeep]
|upkeep
|turn|2
|inactive|Battle timer is ON: inactive players will automatically lose when time's up. (requested by isieboy)
|
|t:|1784330733
|switch|p1a: Vivillon|Vivillon-Fancy, L50, M|100/100
|detailschange|p1b: Swampert|Swampert-Mega, L50, M
|-mega|p1b: Swampert|Swampert|Swampertite
|move|p2a: Raichu|Protect|p2a: Raichu
|-singleturn|p2a: Raichu|Protect
|move|p1b: Swampert|Earthquake|p2b: Kingambit|[spread] p2b
|-activate|p2a: Raichu|move: Protect
|-immune|p1a: Vivillon
|-supereffective|p2b: Kingambit|1
|-damage|p2b: Kingambit|11/100
|move|p2b: Kingambit|Kowtow Cleave|p1b: Swampert
|-damage|p1b: Swampert|53/100
|
|-weather|RainDance|[upkeep]
|upkeep
|turn|3
|inactive|isieboy has 30 seconds left.
|inactive|regifannumber1 has 30 seconds left.
|inactive|isieboy has 20 seconds left.
|inactive|isieboy has 15 seconds left.
|inactive|regifannumber1 has 20 seconds left.
|inactive|regifannumber1 has 15 seconds left.
|
|t:|1784330778
|switch|p2a: Sylveon|Sylveon, L50, F, shiny|100/100
|move|p1b: Swampert|Protect|p1b: Swampert
|-singleturn|p1b: Swampert|Protect
|move|p2b: Kingambit|Sucker Punch||[still]
|-fail|p2b: Kingambit
|move|p1a: Vivillon|Sleep Powder|p2a: Sylveon
|-status|p2a: Sylveon|slp|[from] move: Sleep Powder
|
|-weather|RainDance|[upkeep]
|upkeep
|turn|4
|inactive|isieboy has 30 seconds left.
|
|t:|1784330807
|move|p2b: Kingambit|Sucker Punch|p1b: Swampert
|-damage|p1b: Swampert|14/100
|move|p1b: Swampert|Earthquake|p2b: Kingambit|[spread] p2a,p2b
|-immune|p1a: Vivillon
|-supereffective|p2b: Kingambit|1
|-damage|p2a: Sylveon|49/100 slp
|-damage|p2b: Kingambit|0 fnt
|faint|p2b: Kingambit
|move|p1a: Vivillon|Sleep Powder|p2a: Sylveon
|-fail|p2a: Sylveon|slp
|cant|p2a: Sylveon|slp
|
|-weather|RainDance|[upkeep]
|upkeep
|
|t:|1784330821
|switch|p2b: Basculegion|Basculegion, L50, M|100/100
|turn|5
|
|t:|1784330836
|move|p1b: Swampert|Protect|p1b: Swampert
|-singleturn|p1b: Swampert|Protect
|move|p2b: Basculegion|Aqua Jet|p1b: Swampert
|-activate|p1b: Swampert|move: Protect
|move|p1a: Vivillon|Sleep Powder|p2b: Basculegion
|-status|p2b: Basculegion|slp|[from] move: Sleep Powder
|cant|p2a: Sylveon|slp
|
|-weather|none
|upkeep
|turn|6
|
|t:|1784330852
|cant|p2b: Basculegion|slp
|move|p1a: Vivillon|Hurricane|p2b: Basculegion
|-damage|p2b: Basculegion|50/100g slp
|move|p1b: Swampert|Earthquake|p2b: Basculegion|[spread] p2a,p2b
|-immune|p1a: Vivillon
|-crit|p2b: Basculegion
|-damage|p2a: Sylveon|0 fnt
|-damage|p2b: Basculegion|0 fnt
|faint|p2a: Sylveon
|faint|p2b: Basculegion
|
|upkeep
|
|t:|1784330860
|switch|p2b: Raichu|Raichu-Mega-Y, L50, M|100/100
|turn|7
|
|t:|1784330870
|move|p2b: Raichu|Fake Out|p1a: Vivillon
|-damage|p1a: Vivillon|84/100
|cant|p1a: Vivillon|flinch
|move|p1b: Swampert|Earthquake|p2b: Raichu|[spread] p2b
|-immune|p1a: Vivillon
|-supereffective|p2b: Raichu|1
|-damage|p2b: Raichu|0 fnt
|faint|p2b: Raichu
|
|win|isieboy
