|j|‽emboar's bacon
|j|☆xdi8723
|html|emboar's baconxdi8723    
|uhtml|bestof|Game 2 of a best-of-3
|t:|1784935387
|gametype|doubles
|player|p1|emboar's bacon|veteran|1044
|player|p2|xdi8723|2|1015
|gen|9
|tier|[Gen 9 Champions] VGC 2026 Reg M-B (Bo3)
|rated|
|rule|Species Clause: Limit one of each Pokémon
|rule|Item Clause: Limit 1 of each item
|clearpoke
|poke|p1|Aerodactyl, L50, F|
|poke|p1|Samurott-Hisui, L50, M|
|poke|p1|Sneasler, L50, M|
|poke|p1|Ceruledge, L50, F|
|poke|p1|Scizor, L50, F|
|poke|p1|Mr. Rime, L50, F|
|poke|p2|Archaludon, L50, F|
|poke|p2|Pelipper, L50, M|
|poke|p2|Grimmsnarl, L50, M|
|poke|p2|Sinistcha, L50|
|poke|p2|Swampert, L50, M|
|poke|p2|Lycanroc-Dusk, L50, F|
|teampreview|4
|showteam|p1|Aerodactyl||FocusSash|Unnerve|Tailwind,DualWingbeat,RockSlide,Protect|Jolly||F|||50|]Samurott-Hisui||ExpertBelt|Sharpness|CeaselessEdge,FlipTurn,AquaCutter,Detect|Jolly||M|||50|]Sneasler||WhiteHerb|Unburden|Protect,DireClaw,FakeOut,CloseCombat|Adamant||M|||50|]Ceruledge||LifeOrb|FlashFire|BitterBlade,CloseCombat,ShadowSneak,Protect|Jolly||F|||50|]Scizor||Scizorite|Technician|DualWingbeat,BulletPunch,BugBite,Protect|Adamant||F|||50|]Mr. Rime||MentalHerb|ScreenCleaner|LightScreen,Reflect,FreezeDry,FakeOut|Calm||F|||50|
|showteam|p2|Archaludon||Leftovers|Stamina|ElectroShot,AuraSphere,FlashCannon,Protect|Modest||F|||50|]Pelipper||SitrusBerry|Drizzle|Tailwind,WeatherBall,Hurricane,WideGuard|Modest||M|||50|]Grimmsnarl||LightClay|Prankster|PartingShot,SpiritBreak,Reflect,LightScreen|Calm||M|||50|]Sinistcha||KasibBerry|Hospitality|MatchaGotcha,LifeDew,RagePowder,TrickRoom|Calm|||||50|]Swampert||Swampertite|Torrent|WaveCrash,Earthquake,IcePunch,Protect|Adamant||M|||50|]Lycanroc-Dusk||FocusSash|ToughClaws|Protect,RockSlide,Accelerock,CloseCombat|Jolly||F|||50|
|inactive|Battle timer is ON: inactive players will automatically lose when time's up. (requested by emboar's bacon)
|
|t:|1784935414
|teamsize|p1|4
|teamsize|p2|4
|start
|switch|p1a: Samurott|Samurott-Hisui, L50, M|100/100
|switch|p1b: Mr. Rime|Mr. Rime, L50, F|100/100
|switch|p2a: Archaludon|Archaludon, L50, F|100/100
|switch|p2b: Grimmsnarl|Grimmsnarl, L50, M|100/100
|turn|1
|inactive|emboar's bacon has 30 seconds left.
|inactive|xdi8723 has 30 seconds left.
|
|t:|1784935444
|move|p2b: Grimmsnarl|Parting Shot|p1b: Mr. Rime
|-unboost|p1b: Mr. Rime|atk|1
|-unboost|p1b: Mr. Rime|spa|1
|
|t:|1784935448
|switch|p2b: Pelipper|Pelipper, L50, M|100/100|[from] Parting Shot
|-weather|RainDance|[from] ability: Drizzle|[of] p2b: Pelipper
|move|p1a: Samurott|Ceaseless Edge|p2b: Pelipper
|-damage|p2b: Pelipper|49/100
|-sidestart|p2: xdi8723|Spikes
|-enditem|p2b: Pelipper|Sitrus Berry|[eat]
|-heal|p2b: Pelipper|73/100|[from] item: Sitrus Berry
|move|p2a: Archaludon|Electro Shot||[still]
|-prepare|p2a: Archaludon|Electro Shot
|-boost|p2a: Archaludon|spa|1
|-anim|p2a: Archaludon|Electro Shot|p1a: Samurott
|-supereffective|p1a: Samurott|1
|-damage|p1a: Samurott|0 fnt
|faint|p1a: Samurott
|move|p1b: Mr. Rime|Light Screen|p1b: Mr. Rime
|-sidestart|p1: emboar's bacon|move: Light Screen
|
|-weather|RainDance|[upkeep]
|upkeep
|
|t:|1784935462
|switch|p1a: Sneasler|Sneasler, L50, M|100/100
|turn|2
|inactive|xdi8723 has 30 seconds left.
|
|t:|1784935494
|switch|p2b: Grimmsnarl|Grimmsnarl, L50, M|100/100
|-damage|p2b: Grimmsnarl|87/100|[from] Spikes
|move|p1a: Sneasler|Fake Out|p2b: Grimmsnarl
|-damage|p2b: Grimmsnarl|72/100
|move|p2a: Archaludon|Electro Shot||[still]
|-prepare|p2a: Archaludon|Electro Shot
|-boost|p2a: Archaludon|spa|1
|-anim|p2a: Archaludon|Electro Shot|p1a: Sneasler
|-damage|p1a: Sneasler|26/100
|move|p1b: Mr. Rime|Freeze-Dry|p2b: Grimmsnarl
|-damage|p2b: Grimmsnarl|55/100
|
|-weather|RainDance|[upkeep]
|upkeep
|turn|3
|inactive|xdi8723 has 30 seconds left.
|inactive|xdi8723 has 20 seconds left.
|
|t:|1784935531
|switch|p1b: Aerodactyl|Aerodactyl, L50, F|100/100
|-ability|p1b: Aerodactyl|Unnerve
|move|p2b: Grimmsnarl|Reflect|p2b: Grimmsnarl
|-sidestart|p2: xdi8723|Reflect
|move|p1a: Sneasler|Close Combat|p2a: Archaludon
|-supereffective|p2a: Archaludon|1
|-damage|p2a: Archaludon|33/100
|-unboost|p1a: Sneasler|def|1
|-unboost|p1a: Sneasler|spd|1
|-ability|p2a: Archaludon|Stamina|boost
|-boost|p2a: Archaludon|def|1
|-enditem|p1a: Sneasler|White Herb
|-clearnegativeboost|p1a: Sneasler|[silent]
|move|p2a: Archaludon|Electro Shot||[still]
|-prepare|p2a: Archaludon|Electro Shot
|-boost|p2a: Archaludon|spa|1
|-anim|p2a: Archaludon|Electro Shot|p1b: Aerodactyl
|-supereffective|p1b: Aerodactyl|1
|-crit|p1b: Aerodactyl
|-enditem|p1b: Aerodactyl|Focus Sash
|-damage|p1b: Aerodactyl|1/100
|
|-weather|RainDance|[upkeep]
|-heal|p2a: Archaludon|39/100|[from] item: Leftovers
|upkeep
|turn|4
|inactive|xdi8723 has 30 seconds left.
|
|t:|1784935557
|move|p1b: Aerodactyl|Protect|p1b: Aerodactyl
|-singleturn|p1b: Aerodactyl|Protect
|move|p2a: Archaludon|Protect|p2a: Archaludon
|-singleturn|p2a: Archaludon|Protect
|move|p2b: Grimmsnarl|Parting Shot|p1a: Sneasler
|-unboost|p1a: Sneasler|atk|1
|-unboost|p1a: Sneasler|spa|1
|
|t:|1784935564
|switch|p2b: Sinistcha|Sinistcha, L50|100/100|[from] Parting Shot
|-damage|p2b: Sinistcha|87/100|[from] Spikes
|-heal|p2a: Archaludon|64/100|[from] ability: Hospitality|[of] p2b: Sinistcha
|move|p1a: Sneasler|Dire Claw|p2b: Sinistcha
|-damage|p2b: Sinistcha|67/100
|
|-weather|RainDance|[upkeep]
|-heal|p2a: Archaludon|70/100|[from] item: Leftovers
|upkeep
|turn|5
|inactive|xdi8723 has 30 seconds left.
|
|t:|1784935596
|switch|p1a: Mr. Rime|Mr. Rime, L50, F|100/100
|-activate|p1a: Mr. Rime|ability: Screen Cleaner
|-sideend|p2: xdi8723|Reflect
|-sideend|p1: emboar's bacon|move: Light Screen
|move|p1b: Aerodactyl|Dual Wingbeat|p2b: Sinistcha
|-supereffective|p2b: Sinistcha|1
|-damage|p2b: Sinistcha|32/100
|-supereffective|p2b: Sinistcha|1
|-damage|p2b: Sinistcha|0 fnt
|faint|p2b: Sinistcha
|-hitcount|p2: Sinistcha|2
|move|p2a: Archaludon|Electro Shot||[still]
|-prepare|p2a: Archaludon|Electro Shot
|-boost|p2a: Archaludon|spa|1
|-anim|p2a: Archaludon|Electro Shot|p1b: Aerodactyl
|-supereffective|p1b: Aerodactyl|1
|-damage|p1b: Aerodactyl|0 fnt
|faint|p1b: Aerodactyl
|
|-weather|none
|-heal|p2a: Archaludon|77/100|[from] item: Leftovers
|upkeep
|
|t:|1784935613
|switch|p1b: Sneasler|Sneasler, L50, M|26/100
|switch|p2b: Pelipper|Pelipper, L50, M|73/100
|-weather|RainDance|[from] ability: Drizzle|[of] p2b: Pelipper
|turn|6
|
|t:|1784935626
|move|p2a: Archaludon|Protect|p2a: Archaludon
|-singleturn|p2a: Archaludon|Protect
|move|p1a: Mr. Rime|Fake Out|p2b: Pelipper
|-damage|p2b: Pelipper|65/100
|move|p1b: Sneasler|Close Combat|p2a: Archaludon
|-activate|p2a: Archaludon|move: Protect
|cant|p2b: Pelipper|flinch
|
|-weather|RainDance|[upkeep]
|-heal|p2a: Archaludon|83/100|[from] item: Leftovers
|upkeep
|turn|7
|
|t:|1784935642
|move|p1b: Sneasler|Close Combat|p2a: Archaludon
|-supereffective|p2a: Archaludon|1
|-damage|p2a: Archaludon|11/100
|-unboost|p1b: Sneasler|def|1
|-unboost|p1b: Sneasler|spd|1
|-ability|p2a: Archaludon|Stamina|boost
|-boost|p2a: Archaludon|def|1
|move|p2a: Archaludon|Flash Cannon|p1a: Mr. Rime
|-supereffective|p1a: Mr. Rime|1
|-damage|p1a: Mr. Rime|0 fnt
|faint|p1a: Mr. Rime
|move|p2b: Pelipper|Hurricane|p1b: Sneasler
|-supereffective|p1b: Sneasler|1
|-damage|p1b: Sneasler|0 fnt
|faint|p1b: Sneasler
|
|win|xdi8723
|raw|emboar's bacon's rating: 1044 → 1026(-18 for losing)
|raw|xdi8723's rating: 1015 → 1056(+41 for winning)
|l|‽emboar's bacon
|player|p1|
|c|☆xdi8723|gg
