|j|☆Isam_26011
|j|☆BardBard056
|html|Isam_26011BardBard056    
|uhtml|bestof|Game 2 of a best-of-3
|t:|1757096561
|gametype|doubles
|player|p1|Isam_26011|n|1112
|player|p2|BardBard056|preschooler|1135
|gen|9
|tier|[Gen 9] VGC 2025 Reg H (Bo3)
|rated|
|rule|Species Clause: Limit one of each Pokémon
|rule|Item Clause: Limit 1 of each item
|clearpoke
|poke|p1|Indeedee-F, L50, F|
|poke|p1|Hatterene, L50, F|
|poke|p1|Gallade, L50, M|
|poke|p1|Ursaluna, L50, M|
|poke|p1|Sunflora, L50, M|
|poke|p1|Torkoal, L50, M|
|poke|p2|Gholdengo, L50|
|poke|p2|Amoonguss, L50, M|
|poke|p2|Basculegion, L50, M|
|poke|p2|Pelipper, L50, F|
|poke|p2|Incineroar, L50, M|
|poke|p2|Archaludon, L50, M|
|teampreview|4
|showteam|p1|Indeedee-F||PsychicSeed|PsychicSurge|TrickRoom,FollowMe,HelpingHand,DazzlingGleam|||F|||50|,,,,,Fire]Hatterene||LifeOrb|MagicBounce|ExpandingForce,TrickRoom,DazzlingGleam,Protect|||F|||50|,,,,,Psychic]Gallade||ClearAmulet|Sharpness|PsychoCut,TrickRoom,SacredSword,WideGuard|||M|||50|,,,,,Grass]Ursaluna||FlameOrb|Guts|HeadlongRush,Facade,SwordsDance,Protect|||M|||50|,,,,,Ghost]Sunflora||ChoiceSpecs|SolarPower|LeafStorm,WeatherBall,SludgeBomb,EarthPower|||M|||50|,,,,,Fire]Torkoal||Charcoal|Drought|Eruption,EarthPower,WeatherBall,Protect|||M|||50|,,,,,Fire
|showteam|p2|Gholdengo||LifeOrb|GoodasGold|MakeItRain,ShadowBall,NastyPlot,Protect||||||50|,,,,,Water]Amoonguss||SitrusBerry|Regenerator|Spore,RagePowder,PollenPuff,Protect|||M|||50|,,,,,Psychic]Basculegion||ChoiceBand|SwiftSwim|WaveCrash,FlipTurn,LastRespects,AquaJet|||M|||50|,,,,,Water]Pelipper||FocusSash|Drizzle|WeatherBall,Hurricane,Tailwind,Protect|||F|||50|,,,,,Ground]Incineroar||SafetyGoggles|Intimidate|FlareBlitz,KnockOff,PartingShot,FakeOut|||M|||50|,,,,,Ghost]Archaludon||AssaultVest|Stamina|ElectroShot,FlashCannon,DracoMeteor,BodyPress|||M|||50|,,,,,Bug
|inactive|Battle timer is ON: inactive players will automatically lose when time's up. (requested by BardBard056)
|inactive|Isam_26011 has 60 seconds left.
|inactive|BardBard056 has 60 seconds left.
|inactive|Isam_26011 has 30 seconds left.
|
|t:|1757096626
|teamsize|p1|4
|teamsize|p2|4
|start
|switch|p1a: Paty|Indeedee-F, L50, F, shiny|100/100
|switch|p1b: Acelga|Hatterene, L50, F, shiny|100/100
|switch|p2a: Gholdengo|Gholdengo, L50|100/100
|switch|p2b: Incineroar|Incineroar, L50, M|100/100
|-ability|p2b: Incineroar|Intimidate|boost
|-unboost|p1a: Paty|atk|1
|-unboost|p1b: Acelga|atk|1
|-fieldstart|move: Psychic Terrain|[from] ability: Psychic Surge|[of] p1a: Paty
|-enditem|p1a: Paty|Psychic Seed
|-boost|p1a: Paty|spd|1|[from] item: Psychic Seed
|turn|1
|inactive|Isam_26011 has 30 seconds left.
|inactive|BardBard056 has 30 seconds left.
|inactive|BardBard056 has 20 seconds left.
|inactive|BardBard056 has 15 seconds left.
|
|t:|1757096666
|-terastallize|p1a: Paty|Fire
|move|p1b: Acelga|Protect|p1b: Acelga
|-singleturn|p1b: Acelga|Protect
|move|p2a: Gholdengo|Nasty Plot|p2a: Gholdengo
|-boost|p2a: Gholdengo|spa|2
|move|p2b: Incineroar|Knock Off|p1b: Acelga
|-activate|p1b: Acelga|move: Protect
|move|p1a: Paty|Trick Room|p1a: Paty
|-fieldstart|move: Trick Room|[of] p1a: Paty
|
|upkeep
|turn|2
|inactive|Isam_26011 has 30 seconds left.
|inactive|Isam_26011 has 20 seconds left.
|inactive|Isam_26011 has 15 seconds left.
|
|t:|1757096707
|move|p1a: Paty|Helping Hand|p1b: Acelga
|-singleturn|p1b: Acelga|Helping Hand|[of] p1a: Paty
|move|p2a: Gholdengo|Protect|p2a: Gholdengo
|-singleturn|p2a: Gholdengo|Protect
|move|p1b: Acelga|Expanding Force|p2b: Incineroar|[spread] 
|-activate|p2a: Gholdengo|move: Protect
|-immune|p2b: Incineroar
|move|p2b: Incineroar|Parting Shot|p1b: Acelga
|move|p1b: Acelga|Parting Shot|p2b: Incineroar|[from] ability: Magic Bounce
|-unboost|p2b: Incineroar|atk|1
|-unboost|p2b: Incineroar|spa|1
|
|t:|1757096716
|switch|p1b: Mbappe|Torkoal, L50, M, shiny|100/100|[from] Parting Shot
|-weather|SunnyDay|[from] ability: Drought|[of] p1b: Mbappe
|
|-weather|SunnyDay|[upkeep]
|upkeep
|turn|3
|inactive|Isam_26011 has 30 seconds left.
|inactive|BardBard056 has 30 seconds left.
|inactive|Isam_26011 has 20 seconds left.
|inactive|BardBard056 has 20 seconds left.
|inactive|Isam_26011 has 15 seconds left.
|inactive|BardBard056 has 15 seconds left.
|
|t:|1757096759
|switch|p2b: Pelipper|Pelipper, L50, F|100/100
|-weather|RainDance|[from] ability: Drizzle|[of] p2b: Pelipper
|-terastallize|p2a: Gholdengo|Water
|move|p1a: Paty|Follow Me|p1a: Paty
|-singleturn|p1a: Paty|move: Follow Me
|move|p1b: Mbappe|Eruption|p2b: Pelipper|[spread] p2a,p2b
|-resisted|p2a: Gholdengo
|-resisted|p2b: Pelipper
|-damage|p2a: Gholdengo|85/100
|-damage|p2b: Pelipper|74/100
|move|p2a: Gholdengo|Shadow Ball|p1a: Paty
|-damage|p1a: Paty|28/100
|-damage|p2a: Gholdengo|76/100|[from] item: Life Orb
|
|-weather|RainDance|[upkeep]
|upkeep
|turn|4
|inactive|Isam_26011 has 30 seconds left.
|inactive|Isam_26011 has 20 seconds left.
|
|t:|1757096795
|move|p1a: Paty|Helping Hand|p1b: Mbappe
|-singleturn|p1b: Mbappe|Helping Hand|[of] p1a: Paty
|move|p1b: Mbappe|Earth Power|p2a: Gholdengo
|-damage|p2a: Gholdengo|33/100
|move|p2b: Pelipper|Weather Ball|p1b: Mbappe
|-supereffective|p1b: Mbappe
|-damage|p1b: Mbappe|0 fnt
|faint|p1b: Mbappe
|move|p2a: Gholdengo|Shadow Ball|p1a: Paty
|-damage|p1a: Paty|0 fnt
|faint|p1a: Paty
|-damage|p2a: Gholdengo|24/100|[from] item: Life Orb
|
|-weather|RainDance|[upkeep]
|upkeep
|
|t:|1757096803
|switch|p1b: Acelga|Hatterene, L50, F, shiny|100/100
|switch|p1a: GOD|Sunflora, L50, M|100/100
|turn|5
|inactive|Isam_26011 has 30 seconds left.
|
|t:|1757096835
|move|p2b: Pelipper|Protect|p2b: Pelipper
|-singleturn|p2b: Pelipper|Protect
|move|p2a: Gholdengo|Protect|p2a: Gholdengo
|-singleturn|p2a: Gholdengo|Protect
|move|p1b: Acelga|Dazzling Gleam|p2a: Gholdengo|[spread] 
|-activate|p2a: Gholdengo|move: Protect
|-activate|p2b: Pelipper|move: Protect
|move|p1a: GOD|Leaf Storm|p2b: Pelipper
|-activate|p2b: Pelipper|move: Protect
|
|-weather|RainDance|[upkeep]
|-fieldend|move: Trick Room
|-fieldend|move: Psychic Terrain
|upkeep
|turn|6
|
|t:|1757096864
|move|p1b: Acelga|Protect|p1b: Acelga
|-singleturn|p1b: Acelga|Protect
|move|p2a: Gholdengo|Make It Rain|p1b: Acelga|[spread] p1a
|-activate|p1b: Acelga|move: Protect
|-damage|p1a: GOD|0 fnt
|-unboost|p2a: Gholdengo|spa|1
|faint|p1a: GOD
|-damage|p2a: Gholdengo|14/100|[from] item: Life Orb
|move|p2b: Pelipper|Hurricane|p1b: Acelga
|-activate|p1b: Acelga|move: Protect
|
|-weather|RainDance|[upkeep]
|upkeep
|turn|7
|
|t:|1757096876
|move|p2a: Gholdengo|Make It Rain|p1b: Acelga
|-supereffective|p1b: Acelga
|-damage|p1b: Acelga|0 fnt
|-unboost|p2a: Gholdengo|spa|1
|faint|p1b: Acelga
|-damage|p2a: Gholdengo|5/100|[from] item: Life Orb
|
|win|BardBard056
||BardBard056 is ready for game 3.
||Isam_26011 is ready for game 3.
|uhtml|next|Next: Game 3 of 3
|l|☆BardBard056
|player|p2|
