|j|☆Ray Magini
|j|☆OssiGT
|html|Ray MaginiOssiGT    
|uhtml|bestof|Game 2 of a best-of-3
|t:|1784726255
|gametype|doubles
|player|p1|Ray Magini|larry|1144
|player|p2|OssiGT|hilbert-wonderlauncher|1264
|gen|9
|tier|[Gen 9 Champions] VGC 2026 Reg M-B (Bo3)
|rated|
|rule|Species Clause: Limit one of each Pokémon
|rule|Item Clause: Limit 1 of each item
|clearpoke
|poke|p1|Excadrill, L50, M|
|poke|p1|Tyranitar, L50, F|
|poke|p1|Milotic, L50, F|
|poke|p1|Staraptor, L50, M|
|poke|p1|Sinistcha, L50|
|poke|p1|Gholdengo, L50|
|poke|p2|Raichu, L50, F|
|poke|p2|Mawile, L50, M|
|poke|p2|Sinistcha, L50|
|poke|p2|Ceruledge, L50, M|
|poke|p2|Milotic, L50, M|
|poke|p2|Incineroar, L50, F|
|teampreview|4
|showteam|p1|Excadrill||FocusSash|SandRush|Earthquake,IronHead,RockSlide,Protect|Adamant||M|||50|]Tyranitar||Tyranitarite|SandStream|RockSlide,KnockOff,HighHorsepower,Protect|Jolly||F|||50|]Milotic||Leftovers|Competitive|Scald,IcyWind,Protect,Haze|Calm||F|||50|]Staraptor||Staraptite|Intimidate|CloseCombat,BraveBird,Tailwind,Protect|Jolly||M|||50|]Sinistcha||ColburBerry|Hospitality|MatchaGotcha,RagePowder,ShadowBall,Protect|Bold|||||50|]Gholdengo||LifeOrb|GoodasGold|MakeItRain,ShadowBall,NastyPlot,Protect|Modest|||||50|
|showteam|p2|Raichu||RaichuniteY|LightningRod|ZapCannon,FocusBlast,FakeOut,Protect|Timid||F|||50|]Mawile||Mawilite|HyperCutter|PlayRough,SuckerPunch,SwordsDance,Protect|Adamant||M|||50|]Sinistcha||KasibBerry|Hospitality|MatchaGotcha,LifeDew,RagePowder,Protect|Relaxed|||||50|]Ceruledge||ColburBerry|FlashFire|BitterBlade,ShadowSneak,BulkUp,Protect|Adamant||M|||50|]Milotic||Leftovers|Competitive|MuddyWater,Coil,Hypnosis,Protect|Calm||M|||50|]Incineroar||SitrusBerry|Intimidate|FlareBlitz,ThroatChop,FakeOut,PartingShot|Impish||F|||50|
|
|t:|1784726315
|teamsize|p1|4
|teamsize|p2|4
|start
|switch|p1a: Milotic|Milotic, L50, F|100/100
|switch|p1b: Gholdengo|Gholdengo, L50|100/100
|switch|p2a: Ceruledge|Ceruledge, L50, M|100/100
|switch|p2b: Incineroar|Incineroar, L50, F|100/100
|-ability|p2b: Incineroar|Intimidate|boost
|-unboost|p1a: Milotic|atk|1
|-ability|p1a: Milotic|Competitive|boost
|-boost|p1a: Milotic|spa|2
|-unboost|p1b: Gholdengo|atk|1
|turn|1
|
|t:|1784726353
|switch|p2a: Raichu|Raichu, L50, F|100/100
|move|p1b: Gholdengo|Shadow Ball|p2a: Raichu
|-damage|p2a: Raichu|40/100
|-damage|p1b: Gholdengo|90/100|[from] item: Life Orb
|move|p1a: Milotic|Scald|p2a: Raichu
|-damage|p2a: Raichu|0 fnt
|faint|p2a: Raichu
|move|p2b: Incineroar|Flare Blitz|p1b: Gholdengo
|-supereffective|p1b: Gholdengo|1
|-damage|p1b: Gholdengo|16/100
|-damage|p2b: Incineroar|77/100|[from] Recoil
|
|upkeep
|
|t:|1784726364
|switch|p2a: Sinistcha|Sinistcha, L50|100/100
|-heal|p2b: Incineroar|100/100|[from] ability: Hospitality|[of] p2a: Sinistcha
|turn|2
|
|t:|1784726387
|move|p1b: Gholdengo|Shadow Ball|p2a: Sinistcha
|-supereffective|p2a: Sinistcha|1
|-enditem|p2a: Sinistcha|Kasib Berry|[eat]
|-enditem|p2a: Sinistcha|Kasib Berry|[weaken]
|-damage|p2a: Sinistcha|53/100
|-damage|p1b: Gholdengo|6/100|[from] item: Life Orb
|move|p1a: Milotic|Scald|p2b: Incineroar
|-supereffective|p2b: Incineroar|1
|-damage|p2b: Incineroar|1/100
|-enditem|p2b: Incineroar|Sitrus Berry|[eat]
|-heal|p2b: Incineroar|25/100|[from] item: Sitrus Berry
|move|p2b: Incineroar|Throat Chop|p1a: Milotic
|-damage|p1a: Milotic|70/100
|-start|p1a: Milotic|Throat Chop|[silent]
|move|p2a: Sinistcha|Matcha Gotcha|p1b: Gholdengo|[spread] p1a,p1b
|-supereffective|p1a: Milotic|1
|-resisted|p1b: Gholdengo|1
|-damage|p1a: Milotic|39/100
|-heal|p2a: Sinistcha|70/100|[from] drain|[of] p1a: Milotic
|-damage|p1b: Gholdengo|0 fnt
|-heal|p2a: Sinistcha|74/100|[from] drain|[of] p1b: Gholdengo
|faint|p1b: Gholdengo
|
|-heal|p1a: Milotic|45/100|[from] item: Leftovers
|upkeep
|
|t:|1784726403
|switch|p1b: Tyranitar|Tyranitar, L50, F|100/100
|-weather|Sandstorm|[from] ability: Sand Stream|[of] p1b: Tyranitar
|turn|3
|
|t:|1784726417
|detailschange|p1b: Tyranitar|Tyranitar-Mega, L50, F
|-mega|p1b: Tyranitar|Tyranitar|Tyranitarite
|move|p1b: Tyranitar|Rock Slide|p2a: Sinistcha|[spread] p2a,p2b
|-supereffective|p2b: Incineroar|1
|-damage|p2a: Sinistcha|47/100
|-damage|p2b: Incineroar|0 fnt
|faint|p2b: Incineroar
|move|p1a: Milotic|Scald|p2a: Sinistcha
|-resisted|p2a: Sinistcha|1
|-damage|p2a: Sinistcha|18/100
|move|p2a: Sinistcha|Matcha Gotcha|p1a: Milotic|[spread] p1a,p1b
|-supereffective|p1a: Milotic|1
|-supereffective|p1b: Tyranitar|1
|-damage|p1a: Milotic|13/100
|-heal|p2a: Sinistcha|35/100|[from] drain|[of] p1a: Milotic
|-damage|p1b: Tyranitar|75/100
|-heal|p2a: Sinistcha|49/100|[from] drain|[of] p1b: Tyranitar
|
|-weather|Sandstorm|[upkeep]
|-damage|p1a: Milotic|6/100|[from] Sandstorm
|-damage|p2a: Sinistcha|43/100|[from] Sandstorm
|-heal|p1a: Milotic|13/100|[from] item: Leftovers
|-end|p1a: Milotic|Throat Chop|[silent]
|upkeep
|
|t:|1784726436
|switch|p2b: Ceruledge|Ceruledge, L50, M|100/100
|turn|4
|
|t:|1784726450
|move|p1b: Tyranitar|Rock Slide|p2a: Sinistcha|[spread] p2a,p2b
|-supereffective|p2b: Ceruledge|1
|-damage|p2a: Sinistcha|17/100
|-damage|p2b: Ceruledge|23/100
|cant|p2b: Ceruledge|flinch
|move|p1a: Milotic|Icy Wind|p2a: Sinistcha|[spread] p2a,p2b
|-supereffective|p2a: Sinistcha|1
|-resisted|p2b: Ceruledge|1
|-damage|p2a: Sinistcha|0 fnt
|-damage|p2b: Ceruledge|13/100
|-unboost|p2b: Ceruledge|spe|1
|faint|p2a: Sinistcha
|
|-weather|Sandstorm|[upkeep]
|-damage|p1a: Milotic|6/100|[from] Sandstorm
|-damage|p2b: Ceruledge|7/100|[from] Sandstorm
|-heal|p1a: Milotic|13/100|[from] item: Leftovers
|upkeep
|turn|5
|-message|OssiGT forfeited.
|
|win|Ray Magini
|raw|Ray Magini's rating: 1144 → 1177(+33 for winning)
|raw|OssiGT's rating: 1264 → 1231(-33 for losing)
|l|☆OssiGT
|player|p2|
