|j|☆Notaplaceofhonor
|j|☆pko007
|html|Notaplaceofhonorpko007    
|uhtml|bestof|Game 3 of a best-of-3
|t:|1756525705
|gametype|doubles
|player|p1|Notaplaceofhonor|juan-gen3|1162
|player|p2|pko007|hilbert-wonderlauncher|1055
|gen|9
|tier|[Gen 9] VGC 2025 Reg H (Bo3)
|rated|
|rule|Species Clause: Limit one of each Pokémon
|rule|Item Clause: Limit 1 of each item
|clearpoke
|poke|p1|Ursaluna, L50, F|
|poke|p1|Incineroar, L50, M|
|poke|p1|Archaludon, L50, M|
|poke|p1|Pelipper, L50, F|
|poke|p1|Basculegion, L50, M|
|poke|p1|Sinistcha, L50|
|poke|p2|Dragapult, L50, F|
|poke|p2|Electabuzz, L50, F|
|poke|p2|Kingambit, L50, F|
|poke|p2|Rillaboom, L50, M|
|poke|p2|Ceruledge, L50, M|
|poke|p2|Primarina, L50, M|
|teampreview|4
|showteam|p1|Ursaluna||FlameOrb|Guts|Protect,Facade,Earthquake,HeadlongRush|||F|||50|,,,,,Ghost]Incineroar||SafetyGoggles|Intimidate|Taunt,FakeOut,KnockOff,PartingShot|||M|||50|,,,,,Ghost]Archaludon||AssaultVest|Stamina|ElectroShot,Snarl,DracoMeteor,BodyPress|||M|||50|,,,,,Grass]Pelipper||FocusSash|Drizzle|Hurricane,WeatherBall,Tailwind,Protect|||F|||50|,,,,,Ghost]Basculegion||ChoiceScarf|Adaptability|WaveCrash,LastRespects,FlipTurn,IcyWind|||M|||50|,,,,,Water]Sinistcha||SitrusBerry|Hospitality|MatchaGotcha,LifeDew,RagePowder,TrickRoom||||||50|,,,,,Water
|showteam|p2|Dragapult||ChoiceBand|ClearBody|DragonDarts,PhantomForce,Uturn,Outrage|||F|||50|,,,,,Dragon]Electabuzz||Eviolite|VitalSpirit|Taunt,Electroweb,FollowMe,Protect|||F|||50|,,,,,Ground]Kingambit||BlackGlasses|Defiant|KowtowCleave,SwordsDance,SuckerPunch,Protect|||F|||50|,,,,,Dark]Rillaboom||AssaultVest|GrassySurge|WoodHammer,GrassyGlide,Uturn,FakeOut|||M|||50|,,,,,Fire]Ceruledge||ClearAmulet|FlashFire|Poltergeist,BitterBlade,BulkUp,Protect|||M|||50|,,,,,Grass]Primarina||ThroatSpray|Torrent|HyperVoice,Moonblast,Haze,Protect|||M|||50|,,,,,Water
|inactive|Battle timer is ON: inactive players will automatically lose when time's up. (requested by pko007)
|
|t:|1756525782
|teamsize|p1|4
|teamsize|p2|4
|start
|switch|p1a: Archaludon|Archaludon, L50, M|100/100
|switch|p1b: Pelipper|Pelipper, L50, F|100/100
|switch|p2a: Dragapult|Dragapult, L50, F, shiny|100/100
|switch|p2b: Electabuzz|Electabuzz, L50, F, shiny|100/100
|-weather|RainDance|[from] ability: Drizzle|[of] p1b: Pelipper
|turn|1
|inactive|pko007 has 30 seconds left.
|inactive|pko007 has 20 seconds left.
|
|t:|1756525821
|move|p2b: Electabuzz|Follow Me|p2b: Electabuzz
|-singleturn|p2b: Electabuzz|move: Follow Me
|move|p2a: Dragapult|U-turn|p1b: Pelipper
|-resisted|p1b: Pelipper
|-damage|p1b: Pelipper|77/100
|
|t:|1756525827
|switch|p2a: Rillaboom|Rillaboom, L50, M, shiny|100/100|[from] U-turn
|-fieldstart|move: Grassy Terrain|[from] ability: Grassy Surge|[of] p2a: Rillaboom
|move|p1b: Pelipper|Tailwind|p1b: Pelipper
|-sidestart|p1: Notaplaceofhonor|move: Tailwind
|move|p1a: Archaludon|Draco Meteor|p2b: Electabuzz
|-damage|p2b: Electabuzz|53/100
|-unboost|p1a: Archaludon|spa|2
|
|-weather|RainDance|[upkeep]
|-heal|p2b: Electabuzz|58/100|[from] Grassy Terrain
|upkeep
|turn|2
|
|t:|1756525849
|move|p2b: Electabuzz|Follow Me|p2b: Electabuzz
|-singleturn|p2b: Electabuzz|move: Follow Me
|move|p2a: Rillaboom|Grassy Glide|p1b: Pelipper
|-damage|p1b: Pelipper|25/100
|move|p1b: Pelipper|Hurricane|p2b: Electabuzz
|-resisted|p2b: Electabuzz
|-damage|p2b: Electabuzz|38/100
|move|p1a: Archaludon|Electro Shot||[still]
|-prepare|p1a: Archaludon|Electro Shot
|-boost|p1a: Archaludon|spa|1
|-anim|p1a: Archaludon|Electro Shot|p2b: Electabuzz
|-resisted|p2b: Electabuzz
|-damage|p2b: Electabuzz|26/100
|
|-weather|RainDance|[upkeep]
|-heal|p2b: Electabuzz|32/100|[from] Grassy Terrain
|upkeep
|turn|3
|
|t:|1756525868
|move|p1b: Pelipper|Protect|p1b: Pelipper
|-singleturn|p1b: Pelipper|Protect
|move|p2b: Electabuzz|Follow Me|p2b: Electabuzz
|-singleturn|p2b: Electabuzz|move: Follow Me
|move|p2a: Rillaboom|Grassy Glide|p1b: Pelipper
|-activate|p1b: Pelipper|move: Protect
|move|p1a: Archaludon|Electro Shot||[still]
|-prepare|p1a: Archaludon|Electro Shot
|-boost|p1a: Archaludon|spa|1
|-anim|p1a: Archaludon|Electro Shot|p2b: Electabuzz
|-resisted|p2b: Electabuzz
|-damage|p2b: Electabuzz|15/100
|
|-weather|RainDance|[upkeep]
|-heal|p2b: Electabuzz|21/100|[from] Grassy Terrain
|upkeep
|turn|4
|
|t:|1756525886
|switch|p1b: Sinistcha|Sinistcha, L50|100/100
|move|p2b: Electabuzz|Follow Me|p2b: Electabuzz
|-singleturn|p2b: Electabuzz|move: Follow Me
|move|p2a: Rillaboom|Grassy Glide|p1b: Sinistcha
|-resisted|p1b: Sinistcha
|-damage|p1b: Sinistcha|81/100
|move|p1a: Archaludon|Electro Shot||[still]
|-prepare|p1a: Archaludon|Electro Shot
|-boost|p1a: Archaludon|spa|1
|-anim|p1a: Archaludon|Electro Shot|p2b: Electabuzz
|-resisted|p2b: Electabuzz
|-damage|p2b: Electabuzz|0 fnt
|faint|p2b: Electabuzz
|
|-weather|RainDance|[upkeep]
|-heal|p1b: Sinistcha|88/100|[from] Grassy Terrain
|-sideend|p1: Notaplaceofhonor|move: Tailwind
|upkeep
|
|t:|1756525902
|switch|p2b: Kingambit|Kingambit, L50, F, shiny|100/100
|turn|5
|
|t:|1756525923
|move|p1a: Archaludon|Electro Shot||[still]
|-prepare|p1a: Archaludon|Electro Shot
|-boost|p1a: Archaludon|spa|1
|-anim|p1a: Archaludon|Electro Shot|p2b: Kingambit
|-damage|p2b: Kingambit|10/100
|move|p2a: Rillaboom|U-turn|p1b: Sinistcha
|-damage|p1b: Sinistcha|63/100
|
|t:|1756525931
|switch|p2a: Dragapult|Dragapult, L50, F, shiny|100/100|[from] U-turn
|move|p2b: Kingambit|Kowtow Cleave|p1b: Sinistcha
|-supereffective|p1b: Sinistcha
|-damage|p1b: Sinistcha|0 fnt
|faint|p1b: Sinistcha
|
|-weather|none
|-heal|p2b: Kingambit|16/100|[from] Grassy Terrain
|-fieldend|move: Grassy Terrain
|upkeep
|
|t:|1756525942
|switch|p1b: Ursaluna|Ursaluna, L50, F|100/100
|turn|6
|inactive|Notaplaceofhonor has 30 seconds left.
|inactive|pko007 has 30 seconds left.
|
|t:|1756525977
|-terastallize|p2a: Dragapult|Dragon
|move|p2b: Kingambit|Sucker Punch|p1a: Archaludon
|-damage|p1a: Archaludon|65/100
|-ability|p1a: Archaludon|Stamina|boost
|-boost|p1a: Archaludon|def|1
|move|p2a: Dragapult|Dragon Darts|p1a: Archaludon
|-damage|p1a: Archaludon|42/100
|-ability|p1a: Archaludon|Stamina|boost
|-boost|p1a: Archaludon|def|1
|-anim|p2a: Dragapult|Dragon Darts|p1b: Ursaluna
|-damage|p1b: Ursaluna|59/100
|move|p1a: Archaludon|Draco Meteor|p2a: Dragapult
|-supereffective|p2a: Dragapult
|-damage|p2a: Dragapult|0 fnt
|-unboost|p1a: Archaludon|spa|2
|faint|p2a: Dragapult
|move|p1b: Ursaluna|Headlong Rush|p2b: Kingambit
|-supereffective|p2b: Kingambit
|-damage|p2b: Kingambit|0 fnt
|-unboost|p1b: Ursaluna|def|1
|-unboost|p1b: Ursaluna|spd|1
|faint|p2b: Kingambit
|
|-status|p1b: Ursaluna|brn|[from] item: Flame Orb
|upkeep
|c|☆pko007|buen predic
|inactive|pko007 has 30 seconds left.
|
|t:|1756526002
|switch|p2b: Rillaboom|Rillaboom, L50, M, shiny|100/100
|-fieldstart|move: Grassy Terrain|[from] ability: Grassy Surge|[of] p2b: Rillaboom
|turn|7
|inactive|Notaplaceofhonor has 30 seconds left.
|
|t:|1756526028
|switch|p1b: Pelipper|Pelipper, L50, F|25/100
|-weather|RainDance|[from] ability: Drizzle|[of] p1b: Pelipper
|move|p1a: Archaludon|Body Press|p2b: Rillaboom
|-crit|p2b: Rillaboom
|-damage|p2b: Rillaboom|30/100
|move|p2b: Rillaboom|Wood Hammer|p1b: Pelipper
|-damage|p1b: Pelipper|0 fnt
|faint|p1b: Pelipper
|-damage|p2b: Rillaboom|25/100|[from] Recoil
|
|-weather|RainDance|[upkeep]
|-heal|p1a: Archaludon|48/100|[from] Grassy Terrain
|-heal|p2b: Rillaboom|30/100|[from] Grassy Terrain
|upkeep
|
|t:|1756526037
|switch|p1b: Ursaluna|Ursaluna, L50, F|59/100 brn
|turn|8
|
|t:|1756526049
|-terastallize|p1b: Ursaluna|Ghost
|move|p1a: Archaludon|Snarl|p2b: Rillaboom
|-damage|p2b: Rillaboom|18/100
|-unboost|p2b: Rillaboom|spa|1
|move|p2b: Rillaboom|Wood Hammer|p1a: Archaludon
|-resisted|p1a: Archaludon
|-damage|p1a: Archaludon|41/100
|-ability|p1a: Archaludon|Stamina|boost
|-boost|p1a: Archaludon|def|1
|-damage|p2b: Rillaboom|15/100|[from] Recoil
|move|p1b: Ursaluna|Facade|p2b: Rillaboom
|-damage|p2b: Rillaboom|0 fnt
|faint|p2b: Rillaboom
|
|win|Notaplaceofhonor
|raw|Notaplaceofhonor's rating: 1162 → 1180(+18 for winning)
|raw|pko007's rating: 1055 → 1042(-13 for losing)
