|j|☆Durugista
|j|☆Tore081
|html|DurugistaTore081    
|uhtml|bestof|Game 2 of a best-of-3
|t:|1784286501
|gametype|doubles
|player|p1|Durugista|265|1166
|player|p2|Tore081|richboy-gen4|1087
|gen|9
|tier|[Gen 9 Champions] VGC 2026 Reg M-B (Bo3)
|rated|
|rule|Species Clause: Limit one of each Pokémon
|rule|Item Clause: Limit 1 of each item
|clearpoke
|poke|p1|Overqwil, L50, F|
|poke|p1|Zoroark-Hisui, L50, M|
|poke|p1|Audino, L50, F|
|poke|p1|Metagross, L50|
|poke|p1|Tsareena, L50, F|
|poke|p1|Chimecho, L50, F|
|poke|p2|Hydreigon, L50, M|
|poke|p2|Floette-Eternal, L50, F|
|poke|p2|Gholdengo, L50|
|poke|p2|Whimsicott, L50, M|
|poke|p2|Incineroar, L50, M|
|poke|p2|Sneasler, L50, F|
|teampreview|4
|showteam|p1|Overqwil||Leftovers|Intimidate|ThroatChop,Minimize,Stockpile,SwordsDance|Relaxed||F|||50|]Zoroark-Hisui||FocusSash|Illusion|Memento,WillOWisp,Protect,BitterMalice|Timid||M|||50|]Audino||MentalHerb|Regenerator|TrickRoom,SimpleBeam,HealPulse,HealingWish|Sassy||F|||50|]Metagross||Metagrossite|ClearBody|PsychUp,Protect,IronHead,PsychicFangs|Adamant|||||50|]Tsareena||WideLens|QueenlyMajesty|PowerWhip,TripleAxel,Protect,TropKick|Adamant||F|||50|]Chimecho||Chimechite|Levitate|PsychUp,BatonPass,StoredPower,Protect|Calm||F|||50|
|showteam|p2|Hydreigon||ChoiceScarf|Levitate|DracoMeteor,Snarl,EarthPower,DarkPulse|Modest||M|||50|]Floette-Eternal||Floettite|FlowerVeil|CalmMind,Moonblast,DazzlingGleam,Protect|Timid||F|||50|]Gholdengo||FocusSash|GoodasGold|Protect,ShadowBall,PowerGem,MakeItRain|Modest|||||50|]Whimsicott||FairyFeather|Prankster|Moonblast,Encore,Protect,Tailwind|Timid||M|||50|]Incineroar||SitrusBerry|Intimidate|PartingShot,FakeOut,FlareBlitz,ThroatChop|Careful||M|||50|]Sneasler||LifeOrb|Pressure|FakeOut,Protect,DireClaw,CloseCombat|Jolly||F|||50|
|inactive|Battle timer is ON: inactive players will automatically lose when time's up. (requested by Durugista)
|inactive|Durugista has 60 seconds left.
|
|t:|1784286534
|teamsize|p1|4
|teamsize|p2|4
|start
|switch|p1a: Chimecho|Chimecho, L50, F|100/100
|switch|p1b: Audino|Audino, L50, F|100/100
|switch|p2a: Sneasler|Sneasler, L50, F|100/100
|switch|p2b: Whimsicott|Whimsicott, L50, M|100/100
|-ability|p2a: Sneasler|Pressure
|turn|1
|
|t:|1784286552
|move|p2a: Sneasler|Close Combat|p1b: Audino
|-supereffective|p1b: Audino|1
|-damage|p1b: Audino|0 fnt
|-unboost|p2a: Sneasler|def|1
|-unboost|p2a: Sneasler|spd|1
|faint|p1b: Audino
|-damage|p2a: Sneasler|90/100|[from] item: Life Orb
|move|p2b: Whimsicott|Moonblast|p1a: Chimecho
|-damage|p1a: Chimecho|12/100
|-unboost|p1a: Chimecho|spa|1
|replace|p1a: Zoroark|Zoroark-Hisui, L50, M
|-end|p1a: Zoroark|Illusion
|move|p1a: Zoroark|Will-O-Wisp|p2a: Sneasler
|-status|p2a: Sneasler|brn
|
|-damage|p2a: Sneasler|84/100 brn|[from] brn
|upkeep
|
|t:|1784286576
|switch|p1b: Overqwil|Overqwil, L50, F|100/100
|-ability|p1b: Overqwil|Intimidate|boost
|-unboost|p2a: Sneasler|atk|1
|-unboost|p2b: Whimsicott|atk|1
|turn|2
|
|t:|1784286589
|switch|p2a: Hydreigon|Hydreigon, L50, M|100/100
|move|p1a: Zoroark|Protect|p1a: Zoroark
|-singleturn|p1a: Zoroark|Protect
|move|p2b: Whimsicott|Moonblast|p1a: Zoroark
|-activate|p1a: Zoroark|move: Protect
|move|p1b: Overqwil|Minimize|p1b: Overqwil
|-boost|p1b: Overqwil|evasion|2
|
|upkeep
|turn|3
|
|t:|1784286603
|move|p2a: Hydreigon|Earth Power|p1b: Overqwil
|-supereffective|p1b: Overqwil|1
|-damage|p1b: Overqwil|40/100
|move|p2b: Whimsicott|Moonblast|p1a: Zoroark
|-damage|p1a: Zoroark|0 fnt
|faint|p1a: Zoroark
|move|p1b: Overqwil|Minimize|p1b: Overqwil
|-boost|p1b: Overqwil|evasion|2
|
|-heal|p1b: Overqwil|46/100|[from] item: Leftovers
|upkeep
|
|t:|1784286613
|switch|p1a: Chimecho|Chimecho, L50, F|100/100
|turn|4
|
|t:|1784286623
|detailschange|p1a: Chimecho|Chimecho-Mega, L50, F
|-mega|p1a: Chimecho|Chimecho|Chimechite
|move|p2a: Hydreigon|Earth Power|p1b: Overqwil|[miss]
|-miss|p2a: Hydreigon|p1b: Overqwil
|move|p2b: Whimsicott|Moonblast|p1b: Overqwil
|-damage|p1b: Overqwil|8/100
|move|p1b: Overqwil|Stockpile|p1b: Overqwil
|-start|p1b: Overqwil|stockpile1
|-boost|p1b: Overqwil|def|1
|-boost|p1b: Overqwil|spd|1
|move|p1a: Chimecho|Psych Up|p1b: Overqwil
|-copyboost|p1a: Chimecho|p1b: Overqwil|[from] move: Psych Up
|
|-heal|p1b: Overqwil|15/100|[from] item: Leftovers
|upkeep
|turn|5
|
|t:|1784286644
|move|p2a: Hydreigon|Earth Power|p1a: Chimecho
|-immune|p1a: Chimecho|[from] ability: Levitate
|move|p2b: Whimsicott|Moonblast|p1b: Overqwil|[miss]
|-miss|p2b: Whimsicott|p1b: Overqwil
|move|p1b: Overqwil|Minimize|p1b: Overqwil
|-boost|p1b: Overqwil|evasion|2
|move|p1a: Chimecho|Stored Power|p2b: Whimsicott
|-damage|p2b: Whimsicott|0 fnt
|faint|p2b: Whimsicott
|
|-heal|p1b: Overqwil|21/100|[from] item: Leftovers
|upkeep
|
|t:|1784286660
|switch|p2b: Sneasler|Sneasler, L50, F|84/100 brn
|-ability|p2b: Sneasler|Pressure
|turn|6
|
|t:|1784286673
|move|p2b: Sneasler|Fake Out|p1a: Chimecho|[miss]
|-miss|p2b: Sneasler|p1a: Chimecho
|move|p2a: Hydreigon|Earth Power|p1b: Overqwil|[miss]
|-miss|p2a: Hydreigon|p1b: Overqwil
|move|p1b: Overqwil|Swords Dance|p1b: Overqwil
|-boost|p1b: Overqwil|atk|2
|move|p1a: Chimecho|Stored Power|p2b: Sneasler
|-supereffective|p2b: Sneasler|2
|-damage|p2b: Sneasler|0 fnt
|faint|p2b: Sneasler
|
|-heal|p1b: Overqwil|27/100|[from] item: Leftovers
|upkeep
|
|t:|1784286687
|switch|p2b: Floette|Floette-Eternal, L50, F|100/100
|turn|7
|c|☆Durugista|bro
|c|☆Durugista|this is gonna end in a draw haha
|c|☆Durugista|we can't kill each other
|
|t:|1784286710
|detailschange|p2b: Floette|Floette-Mega, L50, F
|-mega|p2b: Floette|Floette|Floettite
|-ability|p2b: Floette|Fairy Aura
|move|p2a: Hydreigon|Earth Power|p1b: Overqwil|[miss]
|-miss|p2a: Hydreigon|p1b: Overqwil
|move|p2b: Floette|Calm Mind|p2b: Floette
|-boost|p2b: Floette|spa|1
|-boost|p2b: Floette|spd|1
|move|p1b: Overqwil|Throat Chop|p2b: Floette
|-resisted|p2b: Floette|1
|-damage|p2b: Floette|70/100
|-start|p2b: Floette|Throat Chop|[silent]
|move|p1a: Chimecho|Stored Power|p2b: Floette
|-damage|p2b: Floette|41/100
|
|-heal|p1b: Overqwil|33/100|[from] item: Leftovers
|upkeep
|turn|8
|inactive|Durugista has 30 seconds left.
|
|t:|1784286740
|move|p2a: Hydreigon|Earth Power|p1b: Overqwil
|-supereffective|p1b: Overqwil|1
|-damage|p1b: Overqwil|0 fnt
|faint|p1b: Overqwil
|move|p2b: Floette|Moonblast|p1a: Chimecho|[miss]
|-miss|p2b: Floette|p1a: Chimecho
|move|p1a: Chimecho|Stored Power|p2b: Floette
|-damage|p2b: Floette|11/100
|
|-end|p2b: Floette|Throat Chop|[silent]
|upkeep
|turn|9
|c|☆Durugista|oh jk
|
|t:|1784286756
|move|p2a: Hydreigon|Earth Power|p1a: Chimecho
|-immune|p1a: Chimecho|[from] ability: Levitate
|move|p2b: Floette|Moonblast|p1a: Chimecho
|-resisted|p1a: Chimecho|1
|-damage|p1a: Chimecho|80/100
|move|p1a: Chimecho|Stored Power|p2b: Floette
|-damage|p2b: Floette|0 fnt
|faint|p2b: Floette
|
|upkeep
|turn|10
|c|☆Durugista|you're gonna run out of pp
|c|☆Durugista|before me
|
|t:|1784286769
|move|p1a: Chimecho|Protect|p1a: Chimecho
|-singleturn|p1a: Chimecho|Protect
|move|p2a: Hydreigon|Earth Power|p1a: Chimecho
|-activate|p1a: Chimecho|move: Protect
|
|upkeep
|turn|11
|
|t:|1784286776
|move|p2a: Hydreigon|Earth Power|p1a: Chimecho
|-immune|p1a: Chimecho|[from] ability: Levitate
|move|p1a: Chimecho|Baton Pass||[still]
|-fail|p1a: Chimecho
|
|upkeep
|turn|12
|
|t:|1784286782
|move|p2a: Hydreigon|Earth Power|p1a: Chimecho
|-immune|p1a: Chimecho|[from] ability: Levitate
|move|p1a: Chimecho|Baton Pass||[still]
|-fail|p1a: Chimecho
|
|upkeep
|turn|13
|c|☆Durugista|so you struggle first
|
|t:|1784286789
|move|p2a: Hydreigon|Earth Power|p1a: Chimecho
|-immune|p1a: Chimecho|[from] ability: Levitate
|move|p1a: Chimecho|Psych Up|p1: Overqwil|[notarget]
|-fail|p1a: Chimecho
|
|upkeep
|turn|14
|
|t:|1784286796
|move|p2a: Hydreigon|Earth Power|p1a: Chimecho
|-immune|p1a: Chimecho|[from] ability: Levitate
|move|p1a: Chimecho|Stored Power|p2a: Hydreigon
|-immune|p2a: Hydreigon
|
|upkeep
|turn|15
|
|t:|1784286804
|-activate|p2a: Hydreigon|move: Struggle
|move|p2a: Hydreigon|Struggle|p1a: Chimecho
|-damage|p1a: Chimecho|74/100
|-damage|p2a: Hydreigon|75/100|[from] recoil
|move|p1a: Chimecho|Stored Power|p2a: Hydreigon
|-immune|p2a: Hydreigon
|
|upkeep
|turn|16
|
|t:|1784286812
|-activate|p2a: Hydreigon|move: Struggle
|move|p2a: Hydreigon|Struggle|p1a: Chimecho
|-damage|p1a: Chimecho|67/100
|-damage|p2a: Hydreigon|50/100g|[from] recoil
|move|p1a: Chimecho|Stored Power|p2a: Hydreigon
|-immune|p2a: Hydreigon
|
|upkeep
|turn|17
|
|t:|1784286820
|-activate|p2a: Hydreigon|move: Struggle
|move|p2a: Hydreigon|Struggle|p1a: Chimecho
|-damage|p1a: Chimecho|60/100
|-damage|p2a: Hydreigon|25/100|[from] recoil
|move|p1a: Chimecho|Stored Power|p2a: Hydreigon
|-immune|p2a: Hydreigon
|
|upkeep
|turn|18
|
|t:|1784286828
|-activate|p2a: Hydreigon|move: Struggle
|move|p2a: Hydreigon|Struggle|p1a: Chimecho
|-damage|p1a: Chimecho|53/100
|-damage|p2a: Hydreigon|1/100|[from] recoil
|move|p1a: Chimecho|Stored Power|p2a: Hydreigon
|-immune|p2a: Hydreigon
|
|upkeep
|turn|19
|
|t:|1784286833
|-activate|p2a: Hydreigon|move: Struggle
|move|p2a: Hydreigon|Struggle|p1a: Chimecho
|-damage|p1a: Chimecho|46/100
|-damage|p2a: Hydreigon|0 fnt|[from] recoil
|faint|p2a: Hydreigon
|
|win|Durugista
|raw|Durugista's rating: 1166 → 1185(+19 for winning)
|raw|Tore081's rating: 1087 → 1069(-18 for losing)
|l|☆Tore081
|player|p2|
|l|☆Durugista
|player|p1|
