|j|☆koihoiboi
|j|☆168wgr
|html|koihoiboi168wgr    
|uhtml|bestof|Game 2 of a best-of-3
|t:|1756982296
|gametype|doubles
|player|p1|koihoiboi|n|1071
|player|p2|168wgr|linebacker|1000
|gen|9
|tier|[Gen 9] VGC 2025 Reg H (Bo3)
|rated|
|rule|Species Clause: Limit one of each Pokémon
|rule|Item Clause: Limit 1 of each item
|clearpoke
|poke|p1|Decidueye-Hisui, L50, F|
|poke|p1|Dragonite, L50, M|
|poke|p1|Primarina, L50, M|
|poke|p1|Incineroar, L50, M|
|poke|p1|Farigiraf, L50, M|
|poke|p1|Sneasler, L50, M|
|poke|p2|Sneasler, L50, M|
|poke|p2|Rillaboom, L50, F|
|poke|p2|Magmar, L50, F|
|poke|p2|Espathra, L50, M|
|poke|p2|Kingambit, L50, F|
|poke|p2|Arcanine-Hisui, L50, M|
|teampreview|4
|showteam|p1|Decidueye-Hisui||RazorClaw|Scrappy|TripleArrows,LeafBlade,SuckerPunch,Protect|||F|||50|,,,,,Water]Dragonite||LoadedDice|Multiscale|ScaleShot,DragonCheer,Tailwind,ExtremeSpeed|||M|||50|,,,,,Steel]Primarina||ThroatSpray|LiquidVoice|HyperVoice,Moonblast,Protect,TeraBlast|||M|||50|,,,,,Poison]Incineroar||SafetyGoggles|Intimidate|FakeOut,FlareBlitz,Taunt,PartingShot|||M|||50|,,,,,Ghost]Farigiraf||MentalHerb|ArmorTail|TrickRoom,HelpingHand,HyperVoice,Protect|||M|||50|,,,,,Fairy]Sneasler||FocusSash|Unburden|ThroatChop,DireClaw,Protect,CloseCombat|||M|||50|,,,,,Stellar
|showteam|p2|Sneasler||FocusSash|Unburden|FakeOut,CloseCombat,DireClaw,Coaching|||M|||50|,,,,,Ghost]Rillaboom||AssaultVest|GrassySurge|FakeOut,WoodHammer,GrassyGlide,HighHorsepower|||F|||50|,,,,,Fire]Magmar||Eviolite|VitalSpirit|Protect,HeatWave,Taunt,FollowMe|||F|||50|,,,,,Dragon]Espathra||GrassySeed|SpeedBoost|Protect,StoredPower,TeraBlast,CalmMind|||M|||50|,,,,,Fighting]Kingambit||SafetyGoggles|Defiant|Protect,KowtowCleave,SuckerPunch,SwordsDance|||F|||50|,,,,,Dark]Arcanine-Hisui||LoadedDice|Intimidate|Protect,FlareBlitz,RockBlast,ExtremeSpeed|||M|||50|,,,,,Ghost
|inactive|Battle timer is ON: inactive players will automatically lose when time's up. (requested by koihoiboi)
|inactive|168wgr has 60 seconds left.
|
|t:|1756982347
|teamsize|p1|4
|teamsize|p2|4
|start
|switch|p1a: Farigiraf|Farigiraf, L50, M|100/100
|switch|p1b: Primarina|Primarina, L50, M|100/100
|switch|p2a: Magmar|Magmar, L50, F|100/100
|switch|p2b: Espathra|Espathra, L50, M|100/100
|turn|1
|
|t:|1756982364
|switch|p2a: Rillaboom|Rillaboom, L50, F|100/100
|-fieldstart|move: Grassy Terrain|[from] ability: Grassy Surge|[of] p2a: Rillaboom
|-enditem|p2b: Espathra|Grassy Seed
|-boost|p2b: Espathra|def|1|[from] item: Grassy Seed
|move|p2b: Espathra|Calm Mind|p2b: Espathra
|-boost|p2b: Espathra|spa|1
|-boost|p2b: Espathra|spd|1
|move|p1b: Primarina|Hyper Voice|p2b: Espathra|[spread] p2a,p2b
|-resisted|p2a: Rillaboom
|-damage|p2a: Rillaboom|87/100
|-damage|p2b: Espathra|70/100
|-enditem|p1b: Primarina|Throat Spray
|-boost|p1b: Primarina|spa|1|[from] item: Throat Spray
|move|p1a: Farigiraf|Trick Room|p1a: Farigiraf
|-fieldstart|move: Trick Room|[of] p1a: Farigiraf
|
|-heal|p2a: Rillaboom|93/100|[from] Grassy Terrain
|-heal|p2b: Espathra|76/100|[from] Grassy Terrain
|-ability|p2b: Espathra|Speed Boost|boost
|-boost|p2b: Espathra|spe|1
|upkeep
|turn|2
|inactive|koihoiboi has 30 seconds left.
|inactive|168wgr has 30 seconds left.
|inactive|168wgr has 20 seconds left.
|inactive|168wgr has 15 seconds left.
|
|t:|1756982409
|move|p1a: Farigiraf|Helping Hand|p1b: Primarina
|-singleturn|p1b: Primarina|Helping Hand|[of] p1a: Farigiraf
|move|p1b: Primarina|Moonblast|p2b: Espathra
|-damage|p2b: Espathra|0 fnt
|faint|p2b: Espathra
|move|p2a: Rillaboom|Wood Hammer|p1b: Primarina
|-supereffective|p1b: Primarina
|-damage|p1b: Primarina|0 fnt
|faint|p1b: Primarina
|-damage|p2a: Rillaboom|63/100|[from] Recoil
|
|-heal|p2a: Rillaboom|69/100|[from] Grassy Terrain
|upkeep
|
|t:|1756982421
|switch|p1b: Decidueye|Decidueye-Hisui, L50, F|100/100
|switch|p2b: Magmar|Magmar, L50, F|100/100
|turn|3
|inactive|168wgr has 30 seconds left.
|inactive|168wgr has 20 seconds left.
|
|t:|1756982458
|move|p1a: Farigiraf|Helping Hand|p1b: Decidueye
|-singleturn|p1b: Decidueye|Helping Hand|[of] p1a: Farigiraf
|move|p1b: Decidueye|Triple Arrows|p2a: Rillaboom
|-crit|p2a: Rillaboom
|-damage|p2a: Rillaboom|0 fnt
|faint|p2a: Rillaboom
|move|p2b: Magmar|Heat Wave|p1a: Farigiraf|[spread] p1a,p1b
|-crit|p1a: Farigiraf
|-supereffective|p1b: Decidueye
|-damage|p1a: Farigiraf|69/100
|-damage|p1b: Decidueye|53/100
|
|-heal|p1a: Farigiraf|75/100|[from] Grassy Terrain
|-heal|p1b: Decidueye|59/100|[from] Grassy Terrain
|upkeep
|
|t:|1756982469
|switch|p2a: Sneasler|Sneasler, L50, M|100/100
|turn|4
|
|t:|1756982486
|-terastallize|p1b: Decidueye|Water
|-terastallize|p2a: Sneasler|Ghost
|move|p1a: Farigiraf|Hyper Voice|p2b: Magmar|[spread] p2b
|-immune|p2a: Sneasler
|-damage|p2b: Magmar|79/100
|move|p1b: Decidueye|Triple Arrows|p2b: Magmar
|-damage|p2b: Magmar|30/100
|-unboost|p2b: Magmar|def|1
|move|p2b: Magmar|Heat Wave|p1b: Decidueye|[spread] p1a,p1b
|-resisted|p1b: Decidueye
|-damage|p1a: Farigiraf|55/100
|-damage|p1b: Decidueye|48/100
|move|p2a: Sneasler|Dire Claw|p1b: Decidueye
|-damage|p1b: Decidueye|0 fnt
|faint|p1b: Decidueye
|
|-heal|p1a: Farigiraf|61/100|[from] Grassy Terrain
|-heal|p2b: Magmar|35/100|[from] Grassy Terrain
|upkeep
|
|t:|1756982504
|switch|p1b: Sneasler|Sneasler, L50, M|100/100
|turn|5
|inactive|168wgr has 30 seconds left.
|
|t:|1756982532
|move|p2b: Magmar|Protect|p2b: Magmar
|-singleturn|p2b: Magmar|Protect
|move|p1b: Sneasler|Protect|p1b: Sneasler
|-singleturn|p1b: Sneasler|Protect
|move|p1a: Farigiraf|Hyper Voice|p2b: Magmar|[spread] 
|-activate|p2b: Magmar|move: Protect
|-immune|p2a: Sneasler
|move|p2a: Sneasler|Dire Claw|p1a: Farigiraf
|-damage|p1a: Farigiraf|23/100
|
|-heal|p1a: Farigiraf|29/100|[from] Grassy Terrain
|-heal|p2b: Magmar|41/100|[from] Grassy Terrain
|-fieldend|move: Trick Room
|-fieldend|move: Grassy Terrain
|upkeep
|turn|6
|inactive|koihoiboi has 30 seconds left.
|inactive|168wgr has 30 seconds left.
|
|t:|1756982567
|move|p2b: Magmar|Follow Me|p2b: Magmar
|-singleturn|p2b: Magmar|move: Follow Me
|move|p2a: Sneasler|Dire Claw|p1a: Farigiraf
|-damage|p1a: Farigiraf|0 fnt
|faint|p1a: Farigiraf
|move|p1b: Sneasler|Throat Chop|p2b: Magmar
|-damage|p2b: Magmar|0 fnt
|faint|p2b: Magmar
|
|upkeep
|turn|7
|
|t:|1756982580
|move|p2a: Sneasler|Dire Claw|p1b: Sneasler
|-resisted|p1b: Sneasler
|-damage|p1b: Sneasler|64/100
|move|p1b: Sneasler|Throat Chop|p2a: Sneasler
|-supereffective|p2a: Sneasler
|-enditem|p2a: Sneasler|Focus Sash
|-damage|p2a: Sneasler|1/100
|-start|p2a: Sneasler|Throat Chop|[silent]
|
|upkeep
|turn|8
|
|t:|1756982590
|move|p2a: Sneasler|Dire Claw|p1b: Sneasler
|-resisted|p1b: Sneasler
|-damage|p1b: Sneasler|27/100
|-status|p1b: Sneasler|slp
|cant|p1b: Sneasler|slp
|
|-end|p2a: Sneasler|Throat Chop|[silent]
|upkeep
|turn|9
|c|☆168wgr|sorry
|c|☆koihoiboi|Fck that sleep. ggs, well played
|inactive|koihoiboi has 30 seconds left.
|
|t:|1756982616
|cant|p1b: Sneasler|slp
|move|p2a: Sneasler|Dire Claw|p1b: Sneasler
|-resisted|p1b: Sneasler
|-damage|p1b: Sneasler|0 fnt
|faint|p1b: Sneasler
|
|win|168wgr
|raw|koihoiboi's rating: 1071 → 1046(-25 for losing)
|raw|168wgr's rating: 1000 → 1048(+48 for winning)
|c|☆168wgr|Sneasler is so dumb lol
|c|☆168wgr|ggwp
|l|☆168wgr
|player|p2|
|c|☆koihoiboi|And I would have won too,If it wasn't for your meddaling dire claw!
|l|☆koihoiboi
|player|p1|
|j|☆koihoiboi
|player|p1|koihoiboi|n|
