|j|☆lebronsusedtoilet
|j|☆AbadanRiyi92
|html|lebronsusedtoiletAbadanRiyi92    
|uhtml|bestof|Game 2 of a best-of-3
|t:|1785094377
|gametype|doubles
|player|p1|lebronsusedtoilet|102|1116
|player|p2|AbadanRiyi92|colress|1108
|gen|9
|tier|[Gen 9 Champions] VGC 2026 Reg M-B (Bo3)
|rated|
|rule|Species Clause: Limit one of each Pokémon
|rule|Item Clause: Limit 1 of each item
|clearpoke
|poke|p1|Garchomp, L50, F|
|poke|p1|Oranguru, L50, F|
|poke|p1|Gengar, L50, M|
|poke|p1|Whimsicott, L50, F|
|poke|p1|Farigiraf, L50, M|
|poke|p1|Corviknight, L50, F|
|poke|p2|Gengar, L50, M, shiny|
|poke|p2|Maushold-Four, L50|
|poke|p2|Annihilape, L50, F|
|poke|p2|Incineroar, L50, F|
|poke|p2|Politoed, L50, F, shiny|
|poke|p2|Archaludon, L50, M|
|teampreview|4
|showteam|p1|Garchomp||Garchompite|RoughSkin|Earthquake,RockSlide,ScaleShot,Protect|Adamant||F|||50|]Oranguru||Leftovers|Telepathy|KnockOff,TrickRoom,Instruct,Reflect|Relaxed||F|||50|]Gengar||Gengarite|CursedBody|SludgeBomb,ShadowBall,DestinyBond,Protect|Modest||M|||50|]Whimsicott||FocusSash|Prankster|Moonblast,Tailwind,Encore,WorrySeed|Modest||F|||50|]Farigiraf||SitrusBerry|ArmorTail|HyperVoice,HelpingHand,TrickRoom,Thunderbolt|Calm||M|||50|]Corviknight||BrightPowder|MirrorArmor|BodyPress,BraveBird,IronDefense,Roost|Impish||F|||50|
|showteam|p2|Gengar||Gengarite|CursedBody|ShadowBall,Disable,PerishSong,Protect|Timid||M|||50|]Maushold-Four||FocusSash|FriendGuard|FollowMe,Encore,BeatUp,Protect|Jolly|||||50|]Annihilape||RoseliBerry|Defiant|RageFist,DrainPunch,BulkUp,Protect|Adamant||F|||50|]Incineroar||PasshoBerry|Intimidate|PartingShot,ThroatChop,Protect,FakeOut|Sassy||F|||50|]Politoed||SitrusBerry|Drizzle|WeatherBall,Encore,PerishSong,Protect|Calm||F|||50|]Archaludon||Leftovers|Stamina|DragonPulse,FlashCannon,ElectroShot,Protect|Bold||M|||50|
|inactive|Battle timer is ON: inactive players will automatically lose when time's up. (requested by lebronsusedtoilet)
|
|t:|1785094405
|teamsize|p1|4
|teamsize|p2|4
|start
|switch|p1a: Gengar|Gengar, L50, M|100/100
|switch|p1b: Whimsicott|Whimsicott, L50, F|100/100
|switch|p2a: Politoed|Politoed, L50, F, shiny|100/100
|switch|p2b: Archaludon|Archaludon, L50, M|100/100
|-weather|RainDance|[from] ability: Drizzle|[of] p2a: Politoed
|turn|1
|inactive|lebronsusedtoilet has 30 seconds left.
|inactive|AbadanRiyi92 has 30 seconds left.
|inactive|lebronsusedtoilet has 20 seconds left.
|
|t:|1785094441
|detailschange|p1a: Gengar|Gengar-Mega, L50, M
|-mega|p1a: Gengar|Gengar|Gengarite
|move|p1a: Gengar|Shadow Ball|p2a: Politoed
|-damage|p2a: Politoed|55/100
|move|p1b: Whimsicott|Moonblast|p2b: Archaludon
|-damage|p2b: Archaludon|61/100
|-ability|p2b: Archaludon|Stamina|boost
|-boost|p2b: Archaludon|def|1
|move|p2b: Archaludon|Electro Shot||[still]
|-prepare|p2b: Archaludon|Electro Shot
|-boost|p2b: Archaludon|spa|1
|-anim|p2b: Archaludon|Electro Shot|p1b: Whimsicott
|-resisted|p1b: Whimsicott|1
|-damage|p1b: Whimsicott|58/100
|move|p2a: Politoed|Weather Ball|p1b: Whimsicott
|-resisted|p1b: Whimsicott|1
|-damage|p1b: Whimsicott|22/100
|
|-weather|RainDance|[upkeep]
|-heal|p2b: Archaludon|67/100|[from] item: Leftovers
|upkeep
|turn|2
|inactive|lebronsusedtoilet has 30 seconds left.
|inactive|AbadanRiyi92 has 30 seconds left.
|inactive|lebronsusedtoilet has 20 seconds left.
|inactive|AbadanRiyi92 has 20 seconds left.
|
|t:|1785094480
|move|p2a: Politoed|Protect|p2a: Politoed
|-singleturn|p2a: Politoed|Protect
|move|p1a: Gengar|Shadow Ball|p2b: Archaludon
|-damage|p2b: Archaludon|14/100
|-ability|p2b: Archaludon|Stamina|boost
|-boost|p2b: Archaludon|def|1
|move|p1b: Whimsicott|Moonblast|p2a: Politoed
|-activate|p2a: Politoed|move: Protect
|move|p2b: Archaludon|Electro Shot||[still]
|-prepare|p2b: Archaludon|Electro Shot
|-boost|p2b: Archaludon|spa|1
|-anim|p2b: Archaludon|Electro Shot|p1b: Whimsicott
|-resisted|p1b: Whimsicott|1
|-damage|p1b: Whimsicott|0 fnt
|faint|p1b: Whimsicott
|
|-weather|RainDance|[upkeep]
|-heal|p2b: Archaludon|20/100y|[from] item: Leftovers
|upkeep
|
|t:|1785094493
|switch|p1b: Farigiraf|Farigiraf, L50, M|100/100
|turn|3
|inactive|AbadanRiyi92 has 30 seconds left.
|
|t:|1785094523
|move|p2b: Archaludon|Protect|p2b: Archaludon
|-singleturn|p2b: Archaludon|Protect
|move|p1a: Gengar|Sludge Bomb|p2a: Politoed
|-damage|p2a: Politoed|11/100
|-enditem|p2a: Politoed|Sitrus Berry|[eat]
|-heal|p2a: Politoed|36/100|[from] item: Sitrus Berry
|move|p2a: Politoed|Weather Ball|p1a: Gengar
|-damage|p1a: Gengar|26/100
|move|p1b: Farigiraf|Hyper Voice|p2b: Archaludon|[spread] p2a
|-activate|p2b: Archaludon|move: Protect
|-damage|p2a: Politoed|14/100
|
|-weather|RainDance|[upkeep]
|-heal|p2b: Archaludon|26/100|[from] item: Leftovers
|upkeep
|turn|4
|
|t:|1785094545
|move|p1a: Gengar|Protect|p1a: Gengar
|-singleturn|p1a: Gengar|Protect
|move|p2b: Archaludon|Electro Shot||[still]
|-prepare|p2b: Archaludon|Electro Shot
|-boost|p2b: Archaludon|spa|1
|-anim|p2b: Archaludon|Electro Shot|p1b: Farigiraf
|-damage|p1b: Farigiraf|0 fnt
|faint|p1b: Farigiraf
|move|p2a: Politoed|Weather Ball|p1a: Gengar
|-activate|p1a: Gengar|move: Protect
|
|-weather|RainDance|[upkeep]
|-heal|p2b: Archaludon|32/100|[from] item: Leftovers
|upkeep
|
|t:|1785094555
|switch|p1b: Corviknight|Corviknight, L50, F|100/100
|turn|5
|
|t:|1785094580
|move|p1a: Gengar|Shadow Ball|p2b: Archaludon
|-damage|p2b: Archaludon|0 fnt
|faint|p2b: Archaludon
|move|p2a: Politoed|Weather Ball|p1a: Gengar
|-damage|p1a: Gengar|0 fnt
|faint|p1a: Gengar
|move|p1b: Corviknight|Body Press|p2a: Politoed
|-damage|p2a: Politoed|0 fnt
|faint|p2a: Politoed
|
|-weather|none
|upkeep
|
|t:|1785094592
|switch|p2b: Maushold|Maushold-Four, L50|100/100
|switch|p2a: Gengar|Gengar, L50, M, shiny|100/100
|turn|6
|
|t:|1785094602
|detailschange|p2a: Gengar|Gengar-Mega, L50, M, shiny
|-mega|p2a: Gengar|Gengar|Gengarite
|move|p2b: Maushold|Encore|p1b: Corviknight
|-start|p1b: Corviknight|Encore
|move|p2a: Gengar|Disable|p1b: Corviknight|[miss]
|-miss|p2a: Gengar|p1b: Corviknight
|move|p1b: Corviknight|Body Press|p2b: Maushold
|-supereffective|p2b: Maushold|1
|-damage|p2b: Maushold|45/100
|
|upkeep
|turn|7
|
|t:|1785094615
|move|p2b: Maushold|Beat Up|p1b: Corviknight
|-damage|p1b: Corviknight|97/100
|-damage|p1b: Corviknight|95/100
|-hitcount|p1b: Corviknight|2
|move|p2a: Gengar|Disable|p1b: Corviknight
|-start|p1b: Corviknight|Disable|Body Press
|cant|p1b: Corviknight|Disable|Body Press
|
|upkeep
|turn|8
|
|t:|1785094625
|move|p2b: Maushold|Beat Up|p1b: Corviknight
|-damage|p1b: Corviknight|93/100
|-damage|p1b: Corviknight|90/100
|-hitcount|p1b: Corviknight|2
|move|p2a: Gengar|Shadow Ball|p1b: Corviknight|[miss]
|-miss|p2a: Gengar|p1b: Corviknight
|-activate|p1b: Corviknight|move: Struggle
|move|p1b: Corviknight|Struggle|p2a: Gengar
|-damage|p2a: Gengar|88/100
|-damage|p1b: Corviknight|65/100|[from] recoil
|
|-end|p1b: Corviknight|Encore
|upkeep
|turn|9
|-message|lebronsusedtoilet forfeited.
|raw|lebronsusedtoilet's rating: 1116 → 1090(-26 for losing)
|raw|AbadanRiyi92's rating: 1108 → 1134(+26 for winning)
|
|win|AbadanRiyi92
|l|☆lebronsusedtoilet
|player|p1|
