|j|☆niziulove
|j|☆shaman vg
|html|niziuloveshaman vg    
|uhtml|bestof|Game 2 of a best-of-3
|t:|1782740930
|gametype|doubles
|player|p1|niziulove|nessa-masters|
|player|p2|shaman vg|#smogonxnpa2025draftee|
|gen|9
|tier|[Gen 9 Champions] VGC 2026 Reg M-B (Bo3)
|rule|Species Clause: Limit one of each Pokémon
|rule|Item Clause: Limit 1 of each item
|clearpoke
|poke|p1|Incineroar, L50, M|
|poke|p1|Floette-Eternal, L50, F|
|poke|p1|Ceruledge, L50, F|
|poke|p1|Milotic, L50, F, shiny|
|poke|p1|Sinistcha, L50|
|poke|p1|Raichu, L50, M, shiny|
|poke|p2|Blaziken, L50, F|
|poke|p2|Kingambit, L50, M|
|poke|p2|Basculegion, L50, M|
|poke|p2|Ninetales-Alola, L50, M|
|poke|p2|Gengar, L50, F|
|poke|p2|Incineroar, L50, M|
|teampreview|4
|showteam|p1|Incineroar||SitrusBerry|Intimidate|FakeOut,FlareBlitz,ThroatChop,PartingShot|Impish||M|||50|]Floette-Eternal||Floettite|FlowerVeil|DazzlingGleam,DrainingKiss,CalmMind,Protect|Modest||F|||50|]Ceruledge||ColburBerry|FlashFire|BitterBlade,ShadowSneak,BulkUp,Protect|Adamant||F|||50|]Milotic||Leftovers|Competitive|MuddyWater,Coil,Hypnosis,Protect|Bold||F|||50|]Sinistcha||KasibBerry|Hospitality|Protect,MatchaGotcha,RagePowder,LifeDew|Bold|||||50|]Raichu||RaichuniteY|LightningRod|ZapCannon,FocusBlast,Protect,FakeOut|Timid||M|||50|
|showteam|p2|Blaziken||Blazikenite|SpeedBoost|CloseCombat,RockSlide,FlareBlitz,Detect|Adamant||F|||50|]Kingambit||LifeOrb|Defiant|KowtowCleave,SuckerPunch,Protect,IronHead|Adamant||M|||50|]Basculegion||FocusSash|Adaptability|Liquidation,LastRespects,AquaJet,Protect|Adamant||M|||50|]Ninetales-Alola||NeverMeltIce|SnowWarning|Blizzard,FreezeDry,Encore,Protect|Timid||M|||50|]Gengar||Gengarite|CursedBody|ShadowBall,Disable,PerishSong,Protect|Modest||F|||50|]Incineroar||PasshoBerry|Intimidate|FakeOut,PartingShot,FlareBlitz,Protect|Relaxed||M|||50|
|j| Ennarcia
|j|@trace
|j| a rabbit
|j| wrong future
|j| PasDer
|j| marcofiero
|
|t:|1782741016
|teamsize|p1|4
|teamsize|p2|4
|start
|switch|p1a: Raichu|Raichu, L50, M, shiny|100/100
|switch|p1b: Ceruledge|Ceruledge, L50, F|100/100
|switch|p2a: Kingambit|Kingambit, L50, M|100/100
|switch|p2b: Gengar|Gengar, L50, F|100/100
|turn|1
|
|t:|1782741073
|switch|p1b: Milotic|Milotic, L50, F, shiny|100/100
|detailschange|p1a: Raichu|Raichu-Mega-Y, L50, M, shiny
|-mega|p1a: Raichu|Raichu|Raichunite Y
|detailschange|p2b: Gengar|Gengar-Mega, L50, F
|-mega|p2b: Gengar|Gengar|Gengarite
|move|p1a: Raichu|Protect|p1a: Raichu
|-singleturn|p1a: Raichu|Protect
|move|p2a: Kingambit|Protect|p2a: Kingambit
|-singleturn|p2a: Kingambit|Protect
|move|p2b: Gengar|Shadow Ball|p1a: Raichu
|-activate|p1a: Raichu|move: Protect
|
|upkeep
|turn|2
|l| marcofiero
|inactive|Battle timer is ON: inactive players will automatically lose when time's up. (requested by shaman vg)
|
|t:|1782741158
|move|p2a: Kingambit|Sucker Punch|p1a: Raichu
|-damage|p1a: Raichu|22/100
|-damage|p2a: Kingambit|90/100|[from] item: Life Orb
|move|p1a: Raichu|Zap Cannon|p2b: Gengar
|-damage|p2b: Gengar|40/100
|-status|p2b: Gengar|par
|move|p1b: Milotic|Coil|p1b: Milotic
|-boost|p1b: Milotic|atk|1
|-boost|p1b: Milotic|def|1
|-boost|p1b: Milotic|accuracy|1
|move|p2b: Gengar|Shadow Ball|p1a: Raichu
|-damage|p1a: Raichu|0 fnt
|faint|p1a: Raichu
|
|upkeep
|
|t:|1782741176
|switch|p1a: Ceruledge|Ceruledge, L50, F|100/100
|turn|3
|
|t:|1782741199
|move|p1a: Ceruledge|Bitter Blade|p2b: Gengar
|-damage|p2b: Gengar|0 fnt
|faint|p2b: Gengar
|move|p1b: Milotic|Coil|p1b: Milotic
|-boost|p1b: Milotic|atk|1
|-boost|p1b: Milotic|def|1
|-boost|p1b: Milotic|accuracy|1
|move|p2a: Kingambit|Kowtow Cleave|p1a: Ceruledge
|-supereffective|p1a: Ceruledge|1
|-enditem|p1a: Ceruledge|Colbur Berry|[eat]
|-enditem|p1a: Ceruledge|Colbur Berry|[weaken]
|-damage|p1a: Ceruledge|35/100
|-damage|p2a: Kingambit|80/100|[from] item: Life Orb
|
|upkeep
|
|t:|1782741205
|switch|p2b: Ninetales|Ninetales-Alola, L50, M|100/100
|-weather|Snowscape|[from] ability: Snow Warning|[of] p2b: Ninetales
|turn|4
|
|t:|1782741219
|switch|p1a: Incineroar|Incineroar, L50, M|100/100
|-ability|p1a: Incineroar|Intimidate|boost
|-unboost|p2a: Kingambit|atk|1
|-ability|p2a: Kingambit|Defiant|boost
|-boost|p2a: Kingambit|atk|2
|-unboost|p2b: Ninetales|atk|1
|move|p1b: Milotic|Protect|p1b: Milotic
|-singleturn|p1b: Milotic|Protect
|move|p2a: Kingambit|Sucker Punch||[still]
|-fail|p2a: Kingambit
|move|p2b: Ninetales|Encore|p1b: Milotic
|-activate|p1b: Milotic|move: Protect
|
|-weather|Snowscape|[upkeep]
|upkeep
|turn|5
|j| val16
|j| DubiousVGC
|
|t:|1782741242
|move|p2b: Ninetales|Protect|p2b: Ninetales
|-singleturn|p2b: Ninetales|Protect
|move|p1a: Incineroar|Fake Out|p2b: Ninetales
|-activate|p2b: Ninetales|move: Protect
|move|p1b: Milotic|Hypnosis|p2a: Kingambit
|-status|p2a: Kingambit|slp|[from] move: Hypnosis
|cant|p2a: Kingambit|slp
|
|-weather|Snowscape|[upkeep]
|upkeep
|turn|6
|
|t:|1782741260
|move|p2b: Ninetales|Encore|p1a: Incineroar
|-start|p1a: Incineroar|Encore
|move|p1a: Incineroar|Fake Out||[still]
|-hint|Fake Out only works on your first turn out.
|-fail|p1a: Incineroar
|move|p1b: Milotic|Hypnosis|p2b: Ninetales
|-status|p2b: Ninetales|slp|[from] move: Hypnosis
|cant|p2a: Kingambit|slp
|
|-weather|Snowscape|[upkeep]
|upkeep
|turn|7
|
|t:|1782741271
|cant|p2b: Ninetales|slp
|move|p1b: Milotic|Muddy Water|p2b: Ninetales|[spread] p2a,p2b
|-damage|p2a: Kingambit|57/100 slp
|-damage|p2b: Ninetales|75/100 slp
|-unboost|p2b: Ninetales|accuracy|1
|-activate|p1a: Incineroar|move: Struggle
|move|p1a: Incineroar|Struggle|p2b: Ninetales
|-damage|p2b: Ninetales|63/100 slp
|-damage|p1a: Incineroar|74/100|[from] recoil
|-curestatus|p2a: Kingambit|slp|[msg]
|move|p2a: Kingambit|Kowtow Cleave|p1b: Milotic
|-damage|p1b: Milotic|57/100
|-damage|p2a: Kingambit|48/100|[from] item: Life Orb
|
|-weather|Snowscape|[upkeep]
|-heal|p1b: Milotic|63/100|[from] item: Leftovers
|upkeep
|turn|8
|
|t:|1782741287
|switch|p2b: Basculegion|Basculegion, L50, M|100/100
|switch|p1a: Ceruledge|Ceruledge, L50, F|35/100
|move|p1b: Milotic|Hypnosis|p2a: Kingambit
|-status|p2a: Kingambit|slp|[from] move: Hypnosis
|cant|p2a: Kingambit|slp
|
|-weather|none
|-heal|p1b: Milotic|69/100|[from] item: Leftovers
|upkeep
|turn|9
|l| DubiousVGC
|inactive|niziulove has 30 seconds left.
|inactive|niziulove has 20 seconds left.
|inactive|niziulove has 15 seconds left.
|inactive|niziulove has 10 seconds left.
|inactive|niziulove has 5 seconds left.
|
|t:|1782741338
|move|p2b: Basculegion|Protect|p2b: Basculegion
|-singleturn|p2b: Basculegion|Protect
|-curestatus|p2a: Kingambit|slp|[msg]
|move|p2a: Kingambit|Sucker Punch|p1a: Ceruledge
|-supereffective|p1a: Ceruledge|1
|-damage|p1a: Ceruledge|0 fnt
|faint|p1a: Ceruledge
|-damage|p2a: Kingambit|38/100|[from] item: Life Orb
|move|p1b: Milotic|Hypnosis|p2b: Basculegion
|-activate|p2b: Basculegion|move: Protect
|
|-heal|p1b: Milotic|75/100|[from] item: Leftovers
|upkeep
|
|t:|1782741346
|switch|p1a: Incineroar|Incineroar, L50, M|74/100
|-ability|p1a: Incineroar|Intimidate|boost
|-unboost|p2a: Kingambit|atk|1
|-ability|p2a: Kingambit|Defiant|boost
|-boost|p2a: Kingambit|atk|2
|-unboost|p2b: Basculegion|atk|1
|turn|10
|
|t:|1782741360
|switch|p2b: Ninetales|Ninetales-Alola, L50, M|63/100 slp
|-weather|Snowscape|[from] ability: Snow Warning|[of] p2b: Ninetales
|move|p1a: Incineroar|Fake Out|p2a: Kingambit
|-resisted|p2a: Kingambit|1
|-damage|p2a: Kingambit|34/100
|move|p1b: Milotic|Hypnosis|p2b: Ninetales
|-fail|p2b: Ninetales|slp
|cant|p2a: Kingambit|flinch
|
|-weather|Snowscape|[upkeep]
|-heal|p1b: Milotic|81/100|[from] item: Leftovers
|upkeep
|turn|11
|j| tiaole123
|inactive|shaman vg has 30 seconds left.
|
|t:|1782741387
|cant|p2b: Ninetales|slp
|move|p1b: Milotic|Muddy Water|p2a: Kingambit|[spread] p2a,p2b
|-damage|p2a: Kingambit|13/100
|-damage|p2b: Ninetales|38/100 slp
|move|p1a: Incineroar|Flare Blitz|p2a: Kingambit
|-supereffective|p2a: Kingambit|1
|-damage|p2a: Kingambit|0 fnt
|faint|p2a: Kingambit
|-damage|p1a: Incineroar|70/100|[from] Recoil
|
|-weather|Snowscape|[upkeep]
|-heal|p1b: Milotic|87/100|[from] item: Leftovers
|upkeep
|
|t:|1782741390
|switch|p2a: Basculegion|Basculegion, L50, M|100/100
|turn|12
|
|t:|1782741409
|-curestatus|p2b: Ninetales|slp|[msg]
|move|p2b: Ninetales|Freeze-Dry|p1b: Milotic
|-supereffective|p1b: Milotic|1
|-damage|p1b: Milotic|47/100
|move|p2a: Basculegion|Liquidation|p1a: Incineroar
|-supereffective|p1a: Incineroar|1
|-damage|p1a: Incineroar|0 fnt
|faint|p1a: Incineroar
|move|p1b: Milotic|Muddy Water|p2b: Ninetales|[spread] p2a,p2b
|-resisted|p2a: Basculegion|1
|-damage|p2a: Basculegion|87/100
|-damage|p2b: Ninetales|14/100
|-unboost|p2b: Ninetales|accuracy|1
|
|-weather|Snowscape|[upkeep]
|-heal|p1b: Milotic|53/100|[from] item: Leftovers
|upkeep
|turn|13
|j| zgrzgr
|j| marcofiero
|inactive|niziulove has 30 seconds left.
|
|t:|1782741441
|move|p1b: Milotic|Protect|p1b: Milotic
|-singleturn|p1b: Milotic|Protect
|move|p2b: Ninetales|Freeze-Dry|p1b: Milotic
|-activate|p1b: Milotic|move: Protect
|move|p2a: Basculegion|Last Respects|p1b: Milotic
|-activate|p1b: Milotic|move: Protect
|
|-weather|Snowscape|[upkeep]
|-heal|p1b: Milotic|59/100|[from] item: Leftovers
|upkeep
|turn|14
|
|t:|1782741452
|move|p2b: Ninetales|Encore|p1b: Milotic
|-start|p1b: Milotic|Encore
|move|p1b: Milotic|Protect||[still]
|-fail|p1b: Milotic
|move|p2a: Basculegion|Last Respects|p1b: Milotic
|-damage|p1b: Milotic|12/100
|
|-weather|none
|-heal|p1b: Milotic|18/100|[from] item: Leftovers
|upkeep
|turn|15
|
|t:|1782741457
|move|p1b: Milotic|Protect|p1b: Milotic
|-singleturn|p1b: Milotic|Protect
|move|p2b: Ninetales|Freeze-Dry|p1b: Milotic
|-activate|p1b: Milotic|move: Protect
|move|p2a: Basculegion|Last Respects|p1b: Milotic
|-activate|p1b: Milotic|move: Protect
|
|-heal|p1b: Milotic|24/100|[from] item: Leftovers
|upkeep
|turn|16
|
|t:|1782741462
|move|p1b: Milotic|Protect|p1b: Milotic
|-singleturn|p1b: Milotic|Protect
|move|p2b: Ninetales|Freeze-Dry|p1b: Milotic
|-activate|p1b: Milotic|move: Protect
|move|p2a: Basculegion|Last Respects|p1b: Milotic
|-activate|p1b: Milotic|move: Protect
|
|-heal|p1b: Milotic|30/100|[from] item: Leftovers
|-end|p1b: Milotic|Encore
|upkeep
|turn|17
|
|t:|1782741467
|move|p2b: Ninetales|Encore|p1b: Milotic
|-start|p1b: Milotic|Encore
|move|p1b: Milotic|Protect||[still]
|-fail|p1b: Milotic
|move|p2a: Basculegion|Last Respects|p1b: Milotic
|-damage|p1b: Milotic|0 fnt
|faint|p1b: Milotic
|
|win|shaman vg
|l| wrong future
|c|☆niziulove|GGS
|l| val16
|l| PasDer
|j| beben la lechee
|l|@trace
|l| zgrzgr
|l| marcofiero
|l| beben la lechee
|l| tiaole123
|j| YOASOBI stan
|l| a rabbit
|l|☆niziulove
|player|p1|
|l| YOASOBI stan
|j| val16
|l| val16
|j|☆niziulove
|player|p1|niziulove|nessa-masters|
|j| magnetman210
|l| magnetman210
