|j|☆BajoJajoVGC
|j|☆Truevillany123
|html|BajoJajoVGCTruevillany123    
|uhtml|bestof|Game 1 of a best-of-3
|t:|1757788056
|gametype|doubles
|player|p1|BajoJajoVGC|266|1110
|player|p2|Truevillany123|102|1172
|gen|9
|tier|[Gen 9] VGC 2025 Reg H (Bo3)
|rated|
|rule|Species Clause: Limit one of each Pokémon
|rule|Item Clause: Limit 1 of each item
|clearpoke
|poke|p1|Kommo-o, L50, F|
|poke|p1|Grimmsnarl, L50, M|
|poke|p1|Rillaboom, L50, F|
|poke|p1|Incineroar, L50, F|
|poke|p1|Pelipper, L50, F|
|poke|p1|Archaludon, L50, F|
|poke|p2|Dragonite, L50, M|
|poke|p2|Ursaluna-Bloodmoon, L50, M|
|poke|p2|Gholdengo, L50|
|poke|p2|Annihilape, L50, M|
|poke|p2|Ninetales-Alola, L50, F|
|poke|p2|Rillaboom, L50, F|
|teampreview|4
|showteam|p1|Kommo-o||Leftovers|Overcoat|Protect,BodyPress,Flamethrower,IronDefense|||F|||50|,,,,,Steel]Grimmsnarl||LightClay|Prankster|FoulPlay,Reflect,LightScreen,ThunderWave|||M|||50|,,,,,Ghost]Rillaboom||LoadedDice|GrassySurge|Protect,BulletSeed,GrassyGlide,FakeOut|||F|||50|,,,,,Grass]Incineroar||SafetyGoggles|Intimidate|PartingShot,FlareBlitz,KnockOff,FakeOut|||F|||50|,,,,,Water]Pelipper||FocusSash|Drizzle|Protect,WeatherBall,Hurricane,Tailwind|||F|||50|,,,,,Ghost]Archaludon||AssaultVest|Stamina|ElectroShot,BodyPress,DracoMeteor,FlashCannon|||F|||50|,,,,,Grass
|showteam|p2|Dragonite||LoadedDice|Multiscale|ScaleShot,Protect,Haze,Tailwind|||M|||50|,,,,,Fairy]Ursaluna-Bloodmoon||LifeOrb|MindsEye|BloodMoon,HyperVoice,EarthPower,Protect|||M|||50|,,,,,Normal]Gholdengo||GrassySeed|GoodasGold|MakeItRain,ShadowBall,Protect,NastyPlot||||||50|,,,,,Water]Annihilape||SafetyGoggles|Defiant|DrainPunch,RageFist,Protect,BulkUp|||M|||50|,,,,,Fire]Ninetales-Alola||FocusSash|SnowWarning|IcyWind,AuroraVeil,Encore,IcicleSpear|||F|||50|,,,,,Ghost]Rillaboom||AssaultVest|GrassySurge|FakeOut,WoodHammer,HighHorsepower,Uturn|||F|||50|,,,,,Fire
|inactive|Battle timer is ON: inactive players will automatically lose when time's up. (requested by Truevillany123)
|
|t:|1757788130
|teamsize|p1|4
|teamsize|p2|4
|start
|switch|p1a: Rillaboom|Rillaboom, L50, F|100/100
|switch|p1b: Archaludon|Archaludon, L50, F|100/100
|switch|p2a: Dragonite|Dragonite, L50, M, shiny|100/100
|switch|p2b: Rillaboom|Rillaboom, L50, F|100/100
|-fieldstart|move: Grassy Terrain|[from] ability: Grassy Surge|[of] p2b: Rillaboom
|turn|1
|inactive|BajoJajoVGC has 30 seconds left.
|inactive|BajoJajoVGC has 20 seconds left.
|inactive|BajoJajoVGC has 15 seconds left.
|
|t:|1757788172
|move|p2b: Rillaboom|Fake Out|p1b: Archaludon
|-resisted|p1b: Archaludon
|-damage|p1b: Archaludon|95/100
|-ability|p1b: Archaludon|Stamina|boost
|-boost|p1b: Archaludon|def|1
|move|p2a: Dragonite|Tailwind|p2a: Dragonite
|-sidestart|p2: Truevillany123|move: Tailwind
|move|p1a: Rillaboom|Bullet Seed|p1b: Archaludon
|-resisted|p1b: Archaludon
|-damage|p1b: Archaludon|93/100
|-ability|p1b: Archaludon|Stamina|boost
|-boost|p1b: Archaludon|def|1
|-resisted|p1b: Archaludon
|-damage|p1b: Archaludon|92/100
|-ability|p1b: Archaludon|Stamina|boost
|-boost|p1b: Archaludon|def|1
|-resisted|p1b: Archaludon
|-damage|p1b: Archaludon|90/100
|-ability|p1b: Archaludon|Stamina|boost
|-boost|p1b: Archaludon|def|1
|-resisted|p1b: Archaludon
|-damage|p1b: Archaludon|89/100
|-ability|p1b: Archaludon|Stamina|boost
|-boost|p1b: Archaludon|def|1
|-hitcount|p1b: Archaludon|4
|cant|p1b: Archaludon|flinch
|
|-heal|p1b: Archaludon|95/100|[from] Grassy Terrain
|upkeep
|turn|2
|
|t:|1757788190
|move|p2a: Dragonite|Haze|p2a: Dragonite
|-clearallboost
|move|p2b: Rillaboom|High Horsepower|p1b: Archaludon
|-supereffective|p1b: Archaludon
|-damage|p1b: Archaludon|42/100
|-ability|p1b: Archaludon|Stamina|boost
|-boost|p1b: Archaludon|def|1
|move|p1a: Rillaboom|Bullet Seed|p1b: Archaludon
|-resisted|p1b: Archaludon
|-damage|p1b: Archaludon|40/100
|-ability|p1b: Archaludon|Stamina|boost
|-boost|p1b: Archaludon|def|1
|-resisted|p1b: Archaludon
|-damage|p1b: Archaludon|39/100
|-ability|p1b: Archaludon|Stamina|boost
|-boost|p1b: Archaludon|def|1
|-resisted|p1b: Archaludon
|-damage|p1b: Archaludon|37/100
|-ability|p1b: Archaludon|Stamina|boost
|-boost|p1b: Archaludon|def|1
|-resisted|p1b: Archaludon
|-damage|p1b: Archaludon|36/100
|-ability|p1b: Archaludon|Stamina|boost
|-boost|p1b: Archaludon|def|1
|-resisted|p1b: Archaludon
|-damage|p1b: Archaludon|35/100
|-ability|p1b: Archaludon|Stamina|boost
|-boost|p1b: Archaludon|def|1
|-hitcount|p1b: Archaludon|5
|move|p1b: Archaludon|Body Press|p2b: Rillaboom
|-damage|p2b: Rillaboom|7/100
|
|-heal|p2b: Rillaboom|13/100|[from] Grassy Terrain
|-heal|p1b: Archaludon|42/100|[from] Grassy Terrain
|upkeep
|turn|3
|
|t:|1757788213
|switch|p1a: Pelipper|Pelipper, L50, F|100/100
|-weather|RainDance|[from] ability: Drizzle|[of] p1a: Pelipper
|move|p2a: Dragonite|Scale Shot|p1a: Pelipper
|-damage|p1a: Pelipper|81/100
|-damage|p1a: Pelipper|60/100
|-damage|p1a: Pelipper|40/100
|-damage|p1a: Pelipper|20/100
|-damage|p1a: Pelipper|0 fnt
|faint|p1a: Pelipper
|-hitcount|p1: Pelipper|5
|-unboost|p2a: Dragonite|def|1
|-boost|p2a: Dragonite|spe|1
|move|p2b: Rillaboom|U-turn|p1b: Archaludon
|-resisted|p1b: Archaludon
|-damage|p1b: Archaludon|40/100
|
|t:|1757788228
|switch|p2b: Ninetales|Ninetales-Alola, L50, F|100/100|[from] U-turn
|-weather|Snowscape|[from] ability: Snow Warning|[of] p2b: Ninetales
|move|p1b: Archaludon|Electro Shot||[still]
|-prepare|p1b: Archaludon|Electro Shot
|-boost|p1b: Archaludon|spa|1
|
|-weather|Snowscape|[upkeep]
|-heal|p1b: Archaludon|46/100|[from] Grassy Terrain
|upkeep
|
|t:|1757788244
|switch|p1a: Incineroar|Incineroar, L50, F|100/100
|-ability|p1a: Incineroar|Intimidate|boost
|-unboost|p2a: Dragonite|atk|1
|-unboost|p2b: Ninetales|atk|1
|turn|4
|inactive|Truevillany123 has 30 seconds left.
|inactive|Truevillany123 has 20 seconds left.
|inactive|Truevillany123 has 15 seconds left.
|
|t:|1757788286
|-terastallize|p2b: Ninetales|Ghost
|move|p2a: Dragonite|Protect|p2a: Dragonite
|-singleturn|p2a: Dragonite|Protect
|move|p2b: Ninetales|Encore|p1b: Archaludon
|-start|p1b: Archaludon|Encore
|move|p1b: Archaludon|Electro Shot|p2b: Ninetales|[from] lockedmove
|-damage|p2b: Ninetales|17/100
|move|p1a: Incineroar|Knock Off|p2a: Dragonite
|-activate|p2a: Dragonite|move: Protect
|
|-weather|Snowscape|[upkeep]
|-heal|p2b: Ninetales|23/100|[from] Grassy Terrain
|-heal|p1b: Archaludon|52/100|[from] Grassy Terrain
|-sideend|p2: Truevillany123|move: Tailwind
|upkeep
|turn|5
|inactive|BajoJajoVGC has 30 seconds left.
|inactive|Truevillany123 has 30 seconds left.
|inactive|BajoJajoVGC has 20 seconds left.
|inactive|BajoJajoVGC has 15 seconds left.
|
|t:|1757788329
|switch|p2a: Rillaboom|Rillaboom, L50, F|13/100
|move|p2b: Ninetales|Aurora Veil|p2b: Ninetales
|-sidestart|p2: Truevillany123|move: Aurora Veil
|move|p1b: Archaludon|Electro Shot||[still]
|-prepare|p1b: Archaludon|Electro Shot
|-boost|p1b: Archaludon|spa|1
|move|p1a: Incineroar|Knock Off|p2a: Rillaboom
|-damage|p2a: Rillaboom|0 fnt
|-enditem|p2a: Rillaboom|Assault Vest|[from] move: Knock Off|[of] p1a: Incineroar
|faint|p2a: Rillaboom
|
|-weather|Snowscape|[upkeep]
|-heal|p2b: Ninetales|30/100|[from] Grassy Terrain
|-heal|p1b: Archaludon|58/100|[from] Grassy Terrain
|-fieldend|move: Grassy Terrain
|upkeep
|
|t:|1757788338
|switch|p2a: Dragonite|Dragonite, L50, M, shiny|100/100
|turn|6
|inactive|BajoJajoVGC has 30 seconds left.
|
|t:|1757788369
|move|p2a: Dragonite|Protect|p2a: Dragonite
|-singleturn|p2a: Dragonite|Protect
|move|p2b: Ninetales|Icy Wind|p1a: Incineroar|[spread] p1a,p1b
|-resisted|p1a: Incineroar
|-damage|p1a: Incineroar|93/100
|-damage|p1b: Archaludon|47/100
|-unboost|p1a: Incineroar|spe|1
|-unboost|p1b: Archaludon|spe|1
|move|p1b: Archaludon|Electro Shot|p2b: Ninetales|[from] lockedmove
|-damage|p2b: Ninetales|0 fnt
|faint|p2b: Ninetales
|move|p1a: Incineroar|Knock Off|p2a: Dragonite
|-activate|p2a: Dragonite|move: Protect
|
|-weather|Snowscape|[upkeep]
|-end|p1b: Archaludon|Encore
|upkeep
|
|t:|1757788379
|switch|p2b: Gholdengo|Gholdengo, L50|100/100
|turn|7
|
|t:|1757788403
|move|p2b: Gholdengo|Protect|p2b: Gholdengo
|-singleturn|p2b: Gholdengo|Protect
|move|p2a: Dragonite|Scale Shot|p1a: Incineroar
|-damage|p1a: Incineroar|79/100
|-damage|p1a: Incineroar|64/100
|-damage|p1a: Incineroar|49/100
|-damage|p1a: Incineroar|32/100
|-damage|p1a: Incineroar|18/100
|-hitcount|p1a: Incineroar|5
|-unboost|p2a: Dragonite|def|1
|-boost|p2a: Dragonite|spe|1
|move|p1b: Archaludon|Flash Cannon|p2a: Dragonite
|-damage|p2a: Dragonite|74/100
|move|p1a: Incineroar|Flare Blitz|p2b: Gholdengo
|-activate|p2b: Gholdengo|move: Protect
|
|-weather|none
|upkeep
|turn|8
|inactive|Truevillany123 has 30 seconds left.
|inactive|Truevillany123 has 20 seconds left.
|
|t:|1757788443
|move|p2a: Dragonite|Scale Shot|p1a: Incineroar
|-damage|p1a: Incineroar|4/100
|-damage|p1a: Incineroar|0 fnt
|faint|p1a: Incineroar
|-hitcount|p1: Incineroar|2
|-unboost|p2a: Dragonite|def|1
|-boost|p2a: Dragonite|spe|1
|move|p2b: Gholdengo|Shadow Ball|p1b: Archaludon
|-damage|p1b: Archaludon|12/100
|move|p1b: Archaludon|Draco Meteor|p2a: Dragonite
|-supereffective|p2a: Dragonite
|-damage|p2a: Dragonite|0 fnt
|-unboost|p1b: Archaludon|spa|2
|faint|p2a: Dragonite
|
|upkeep
|
|t:|1757788445
|switch|p1a: Rillaboom|Rillaboom, L50, F|100/100
|-fieldstart|move: Grassy Terrain|[from] ability: Grassy Surge|[of] p1a: Rillaboom
|-enditem|p2b: Gholdengo|Grassy Seed
|-boost|p2b: Gholdengo|def|1|[from] item: Grassy Seed
|turn|9
|inactive|BajoJajoVGC has 30 seconds left.
|
|t:|1757788470
|-terastallize|p1a: Rillaboom|Grass
|move|p2b: Gholdengo|Shadow Ball|p1b: Archaludon
|-damage|p1b: Archaludon|0 fnt
|faint|p1b: Archaludon
|move|p1a: Rillaboom|Bullet Seed|p2b: Gholdengo
|-resisted|p2b: Gholdengo
|-damage|p2b: Gholdengo|94/100
|-resisted|p2b: Gholdengo
|-damage|p2b: Gholdengo|88/100
|-resisted|p2b: Gholdengo
|-damage|p2b: Gholdengo|82/100
|-resisted|p2b: Gholdengo
|-damage|p2b: Gholdengo|76/100
|-hitcount|p2b: Gholdengo|4
|
|-heal|p2b: Gholdengo|82/100|[from] Grassy Terrain
|-sideend|p2: Truevillany123|move: Aurora Veil
|upkeep
|turn|10
|
|t:|1757788485
|move|p2b: Gholdengo|Nasty Plot|p2b: Gholdengo
|-boost|p2b: Gholdengo|spa|2
|move|p1a: Rillaboom|Bullet Seed|p2b: Gholdengo
|-resisted|p2b: Gholdengo
|-damage|p2b: Gholdengo|73/100
|-resisted|p2b: Gholdengo
|-damage|p2b: Gholdengo|63/100
|-resisted|p2b: Gholdengo
|-damage|p2b: Gholdengo|54/100
|-resisted|p2b: Gholdengo
|-damage|p2b: Gholdengo|45/100
|-resisted|p2b: Gholdengo
|-damage|p2b: Gholdengo|35/100
|-hitcount|p2b: Gholdengo|5
|
|-heal|p2b: Gholdengo|41/100|[from] Grassy Terrain
|upkeep
|turn|11
|
|t:|1757788494
|move|p2b: Gholdengo|Protect|p2b: Gholdengo
|-singleturn|p2b: Gholdengo|Protect
|move|p1a: Rillaboom|Bullet Seed|p2b: Gholdengo
|-activate|p2b: Gholdengo|move: Protect
|
|-heal|p2b: Gholdengo|47/100|[from] Grassy Terrain
|upkeep
|turn|12
|
|t:|1757788500
|move|p2b: Gholdengo|Make It Rain|p1a: Rillaboom
|-damage|p1a: Rillaboom|0 fnt
|-unboost|p2b: Gholdengo|spa|1
|faint|p1a: Rillaboom
|
|win|Truevillany123
