|j|☆Keeper08
|j|☆assasoska
|html|Keeper08assasoska    
|uhtml|bestof|Game 2 of a best-of-3
|t:|1757931260
|gametype|doubles
|player|p1|Keeper08|lance|1089
|player|p2|assasoska|zinnia|1055
|gen|9
|tier|[Gen 9] VGC 2025 Reg H (Bo3)
|rated|
|rule|Species Clause: Limit one of each Pokémon
|rule|Item Clause: Limit 1 of each item
|clearpoke
|poke|p1|Rillaboom, L50, F|
|poke|p1|Volcarona, L50, F|
|poke|p1|Klefki, L50, M|
|poke|p1|Archaludon, L50, F|
|poke|p1|Empoleon, L50, F|
|poke|p1|Mandibuzz, L50, F|
|poke|p2|Sneasler, L50, F|
|poke|p2|Samurott-Hisui, L50, M|
|poke|p2|Ribombee, L50, F|
|poke|p2|Zoroark-Hisui, L50, F|
|poke|p2|Sinistcha-Masterpiece, L50|
|poke|p2|Armarouge, L50, M|
|teampreview|4
|showteam|p1|Rillaboom||AssaultVest|GrassySurge|FakeOut,WoodHammer,GrassyGlide,HighHorsepower|||F|||50|,,,,,Ground]Volcarona||SafetyGoggles|FlameBody|HeatWave,BugBuzz,QuiverDance,Protect|||F|||50|,,,,,Water]Klefki||LightClay|Prankster|Reflect,LightScreen,DazzlingGleam,ThunderWave|||M|||50|,,,,,Water]Archaludon||Leftovers|Stamina|DracoMeteor,FlashCannon,ElectroShot,BodyPress|||F|||50|,,,,,Fairy]Empoleon||ChoiceScarf|Competitive|HydroPump,FlashCannon,IceBeam,IcyWind|||F|||50|,,,,,Flying]Mandibuzz||RockyHelmet|Overcoat|Tailwind,Toxic,Roost,KnockOff|||F|||50|,,,,,Poison
|showteam|p2|Sneasler||WhiteHerb|Unburden|CloseCombat,DireClaw,ThroatChop,FakeOut|||F|||50|,,,,,Dark]Samurott-Hisui||AssaultVest|Sharpness|CeaselessEdge,RazorShell,SacredSword,SuckerPunch|||M|||50|,,,,,Ghost]Ribombee||FocusSash|ShieldDust|Tailwind,Uturn,Moonblast,StruggleBug|||F|||50|,,,,,Water]Zoroark-Hisui||SilkScarf|Illusion|HyperVoice,ShadowBall,NastyPlot,Detect|||F|||50|,,,,,Fighting]Sinistcha-Masterpiece||RockyHelmet|Hospitality|ShadowBall,StrengthSap,TrickRoom,RagePowder||||||50|,,,,,Water]Armarouge||CovertCloak|FlashFire|CalmMind,ArmorCannon,EnergyBall,Psychic|||M|||50|,,,,,Grass
|inactive|Battle timer is ON: inactive players will automatically lose when time's up. (requested by Keeper08)
|
|t:|1757931291
|teamsize|p1|4
|teamsize|p2|4
|start
|switch|p1a: Mandibuzz|Mandibuzz, L50, F, shiny|100/100
|switch|p1b: Volcarona|Volcarona, L50, F, shiny|100/100
|switch|p2a: Sneasler|Sneasler, L50, F|100/100
|switch|p2b: Samurott|Samurott-Hisui, L50, M, shiny|100/100
|turn|1
|
|t:|1757931309
|-terastallize|p1a: Mandibuzz|Poison
|move|p2a: Sneasler|Fake Out|p1a: Mandibuzz
|-damage|p1a: Mandibuzz|90/100
|-damage|p2a: Sneasler|84/100|[from] item: Rocky Helmet|[of] p1a: Mandibuzz
|move|p1b: Volcarona|Quiver Dance|p1b: Volcarona
|-boost|p1b: Volcarona|spa|1
|-boost|p1b: Volcarona|spd|1
|-boost|p1b: Volcarona|spe|1
|move|p2b: Samurott|Ceaseless Edge|p1a: Mandibuzz
|-damage|p1a: Mandibuzz|56/100
|-damage|p2b: Samurott|84/100|[from] item: Rocky Helmet|[of] p1a: Mandibuzz
|-sidestart|p1: Keeper08|Spikes
|cant|p1a: Mandibuzz|flinch
|
|upkeep
|turn|2
|
|t:|1757931333
|move|p1b: Volcarona|Bug Buzz|p2b: Samurott
|-supereffective|p2b: Samurott
|-damage|p2b: Samurott|0 fnt
|faint|p2b: Samurott
|move|p2a: Sneasler|Dire Claw|p1b: Volcarona
|-damage|p1b: Volcarona|46/100
|move|p1a: Mandibuzz|Roost|p1a: Mandibuzz
|-heal|p1a: Mandibuzz|100/100
|
|upkeep
|
|t:|1757931347
|switch|p2b: Ribombee|Ribombee, L50, F, shiny|100/100
|turn|3
|
|t:|1757931364
|-terastallize|p2b: Ribombee|Water
|move|p1b: Volcarona|Heat Wave|p2b: Ribombee|[spread] p2a,p2b
|-resisted|p2b: Ribombee
|-damage|p2a: Sneasler|2/100
|-damage|p2b: Ribombee|51/100
|-status|p2a: Sneasler|brn
|move|p2b: Ribombee|Tailwind|p2b: Ribombee
|-sidestart|p2: assasoska|move: Tailwind
|move|p2a: Sneasler|Close Combat|p1b: Volcarona
|-resisted|p1b: Volcarona
|-damage|p1b: Volcarona|24/100
|-unboost|p2a: Sneasler|def|1
|-unboost|p2a: Sneasler|spd|1
|-enditem|p2a: Sneasler|White Herb
|-clearnegativeboost|p2a: Sneasler|[silent]
|move|p1a: Mandibuzz|Toxic|p2b: Ribombee
|-status|p2b: Ribombee|tox
|
|-damage|p2b: Ribombee|45/100 tox|[from] psn
|-damage|p2a: Sneasler|0 fnt|[from] brn
|faint|p2a: Sneasler
|upkeep
|
|t:|1757931376
|switch|p2a: Armarouge|Armarouge, L50, M|100/100
|turn|4
|
|t:|1757931392
|move|p1b: Volcarona|Protect|p1b: Volcarona
|-singleturn|p1b: Volcarona|Protect
|move|p2b: Ribombee|Struggle Bug|p1a: Mandibuzz|[spread] p1a
|-activate|p1b: Volcarona|move: Protect
|-resisted|p1a: Mandibuzz
|-damage|p1a: Mandibuzz|94/100
|-unboost|p1a: Mandibuzz|spa|1
|move|p2a: Armarouge|Calm Mind|p2a: Armarouge
|-boost|p2a: Armarouge|spa|1
|-boost|p2a: Armarouge|spd|1
|move|p1a: Mandibuzz|Tailwind|p1a: Mandibuzz
|-sidestart|p1: Keeper08|move: Tailwind
|
|-damage|p2b: Ribombee|34/100 tox|[from] psn
|upkeep
|turn|5
|
|t:|1757931409
|move|p1b: Volcarona|Bug Buzz|p2a: Armarouge
|-damage|p2a: Armarouge|46/100
|move|p2b: Ribombee|Struggle Bug|p1a: Mandibuzz|[spread] p1a,p1b
|-resisted|p1a: Mandibuzz
|-crit|p1a: Mandibuzz
|-resisted|p1b: Volcarona
|-damage|p1a: Mandibuzz|85/100
|-damage|p1b: Volcarona|20/100
|-unboost|p1a: Mandibuzz|spa|1
|-unboost|p1b: Volcarona|spa|1
|move|p2a: Armarouge|Psychic|p1b: Volcarona
|-damage|p1b: Volcarona|0 fnt
|faint|p1b: Volcarona
|move|p1a: Mandibuzz|Toxic|p2a: Armarouge
|-status|p2a: Armarouge|tox
|
|-damage|p2b: Ribombee|17/100 tox|[from] psn
|-damage|p2a: Armarouge|40/100 tox|[from] psn
|upkeep
|
|t:|1757931426
|switch|p1b: Klefki|Klefki, L50, M|100/100
|-damage|p1b: Klefki|88/100|[from] Spikes
|turn|6
|
|t:|1757931433
|move|p1b: Klefki|Light Screen|p1b: Klefki
|-sidestart|p1: Keeper08|move: Light Screen
|move|p2b: Ribombee|Struggle Bug|p1b: Klefki|[spread] p1a,p1b
|-resisted|p1a: Mandibuzz
|-resisted|p1b: Klefki
|-damage|p1a: Mandibuzz|81/100
|-damage|p1b: Klefki|86/100
|-unboost|p1a: Mandibuzz|spa|1
|-unboost|p1b: Klefki|spa|1
|move|p2a: Armarouge|Armor Cannon|p1b: Klefki
|-supereffective|p1b: Klefki
|-damage|p1b: Klefki|0 fnt
|-unboost|p2a: Armarouge|def|1
|-unboost|p2a: Armarouge|spd|1
|faint|p1b: Klefki
|move|p1a: Mandibuzz|Knock Off|p2a: Armarouge
|-supereffective|p2a: Armarouge
|-damage|p2a: Armarouge|0 fnt
|-enditem|p2a: Armarouge|Covert Cloak|[from] move: Knock Off|[of] p1a: Mandibuzz
|faint|p2a: Armarouge
|
|-damage|p2b: Ribombee|0 fnt|[from] psn
|faint|p2b: Ribombee
|
|win|Keeper08
||assasoska is ready for game 3.
|inactive|Keeper08 has 30 seconds to confirm battle start!
||Keeper08 is ready for game 3.
|uhtml|next|Next: Game 3 of 3
|l|☆Keeper08
|player|p1|
