|j|☆25th_mang
|j|☆masterhax3
|html|25th_mangmasterhax3    
|uhtml|bestof|Game 1 of a best-of-3
|t:|1756868705
|gametype|doubles
|player|p1|25th_mang|ballguy|1129
|player|p2|masterhax3|scientist-gen4dp|1087
|gen|9
|tier|[Gen 9] VGC 2025 Reg H (Bo3)
|rated|
|rule|Species Clause: Limit one of each Pokémon
|rule|Item Clause: Limit 1 of each item
|clearpoke
|poke|p1|Pelipper, L50, F|
|poke|p1|Archaludon, L50, F|
|poke|p1|Quaquaval, L50, F|
|poke|p1|Kingambit, L50, F|
|poke|p1|Rillaboom, L50, F|
|poke|p1|Dragapult, L50, F|
|poke|p2|Vivillon-Pokeball, L50, M|
|poke|p2|Garganacl, L50, F|
|poke|p2|Garchomp, L50, M|
|poke|p2|Gardevoir, L50, F|
|poke|p2|Dondozo, L50, F|
|poke|p2|Ninetales-Alola, L50, M|
|teampreview|4
|showteam|p1|Pelipper||ChoiceScarf|Drizzle|Hurricane,WeatherBall,Tailwind,Uturn|||F|||50|,,,,,Ghost]Archaludon||ChoiceSpecs|Sturdy|ElectroShot,FlashCannon,DracoMeteor,DragonPulse|||F|||50|,,,,,Electric]Quaquaval||FocusSash|Moxie|AquaStep,UpperHand,CloseCombat,Protect|||F|||50|,,,,,Water]Kingambit||BlackGlasses|Defiant|KowtowCleave,SuckerPunch,IronHead,Protect|||F|||50|,,,,,Dark]Rillaboom||AssaultVest|GrassySurge|FakeOut,WoodHammer,GrassyGlide,Uturn|||F|||50|,,,,,Fire]Dragapult||ChoiceBand|ClearBody|DragonDarts,Outrage,PhantomForce,Uturn|||F|||50|,,,,,Dragon
|showteam|p2|Vivillon-Pokeball||FocusSash|CompoundEyes|SleepPowder,Tailwind,Protect,Hurricane|||M|||50|,,,,,Ghost]Garganacl||MarangaBerry|PurifyingSalt|SaltCure,StealthRock,Protect,Recover|||F|||50|,,,,,Flying]Garchomp||LifeOrb|RoughSkin|Earthquake,DragonClaw,RockSlide,Protect|||M|||50|,,,,,Ground]Gardevoir||ChoiceScarf|Telepathy|Trick,Moonblast,Psychic,IcyWind|||F|||50|,,,,,Steel]Dondozo||Leftovers|Unaware|Liquidation,Yawn,Fissure,Protect|||F|||50|,,,,,Poison]Ninetales-Alola||NeverMeltIce|SnowWarning|Blizzard,FreezeDry,Protect,AuroraVeil|||M|||50|,,,,,Ice
|inactive|Battle timer is ON: inactive players will automatically lose when time's up. (requested by 25th_mang)
|inactive|25th_mang has 60 seconds left.
|
|t:|1756868756
|teamsize|p1|4
|teamsize|p2|4
|start
|switch|p1a: jihyo|Rillaboom, L50, F, shiny|100/100
|switch|p1b: tzuyu|Archaludon, L50, F, shiny|100/100
|switch|p2a: Garchomp|Garchomp, L50, M|100/100
|switch|p2b: Vivillon|Vivillon-Pokeball, L50, M|100/100
|-fieldstart|move: Grassy Terrain|[from] ability: Grassy Surge|[of] p1a: jihyo
|turn|1
|
|t:|1756868780
|switch|p2a: Ninetales|Ninetales-Alola, L50, M|100/100
|-weather|Snowscape|[from] ability: Snow Warning|[of] p2a: Ninetales
|-terastallize|p2b: Vivillon|Ghost
|move|p1a: jihyo|Fake Out|p2b: Vivillon
|-immune|p2b: Vivillon
|move|p2b: Vivillon|Sleep Powder|p1b: tzuyu
|-status|p1b: tzuyu|slp|[from] move: Sleep Powder
|cant|p1b: tzuyu|slp
|
|-weather|Snowscape|[upkeep]
|upkeep
|turn|2
|
|t:|1756868801
|switch|p1a: dahyun|Pelipper, L50, F|100/100
|-weather|RainDance|[from] ability: Drizzle|[of] p1a: dahyun
|move|p2a: Ninetales|Aurora Veil||[still]
|-fail|p2a: Ninetales
|move|p2b: Vivillon|Hurricane|p1a: dahyun
|-damage|p1a: dahyun|36/100
|-start|p1a: dahyun|confusion
|cant|p1b: tzuyu|slp
|
|-weather|RainDance|[upkeep]
|upkeep
|turn|3
|
|t:|1756868819
|-activate|p1a: dahyun|confusion
|move|p1a: dahyun|Weather Ball|p2a: Ninetales
|-damage|p2a: Ninetales|25/100
|move|p2a: Ninetales|Freeze-Dry|p1a: dahyun
|-supereffective|p1a: dahyun
|-damage|p1a: dahyun|0 fnt
|faint|p1a: dahyun
|move|p2b: Vivillon|Tailwind|p2b: Vivillon
|-sidestart|p2: masterhax3|move: Tailwind
|cant|p1b: tzuyu|slp
|
|-weather|RainDance|[upkeep]
|-heal|p2a: Ninetales|31/100|[from] Grassy Terrain
|upkeep
|
|t:|1756868830
|switch|p1a: jihyo|Rillaboom, L50, F, shiny|100/100
|turn|4
|
|t:|1756868843
|switch|p2a: Garchomp|Garchomp, L50, M|100/100
|move|p1a: jihyo|Fake Out|p2a: Garchomp
|-damage|p2a: Garchomp|85/100
|-damage|p1a: jihyo|88/100|[from] ability: Rough Skin|[of] p2a: Garchomp
|move|p2b: Vivillon|Hurricane|p1a: jihyo
|-supereffective|p1a: jihyo
|-crit|p1a: jihyo
|-damage|p1a: jihyo|9/100
|-start|p1a: jihyo|confusion
|-curestatus|p1b: tzuyu|slp|[msg]
|move|p1b: tzuyu|Electro Shot||[still]
|-prepare|p1b: tzuyu|Electro Shot
|-boost|p1b: tzuyu|spa|1
|-anim|p1b: tzuyu|Electro Shot|p2b: Vivillon
|-enditem|p2b: Vivillon|Focus Sash
|-damage|p2b: Vivillon|1/100
|
|-weather|RainDance|[upkeep]
|-heal|p2a: Garchomp|91/100|[from] Grassy Terrain
|-heal|p2b: Vivillon|7/100|[from] Grassy Terrain
|-heal|p1a: jihyo|15/100|[from] Grassy Terrain
|upkeep
|turn|5
|inactive|25th_mang has 30 seconds left.
|inactive|masterhax3 has 30 seconds left.
|
|t:|1756868871
|switch|p1b: momo|Quaquaval, L50, F, shiny|100/100
|move|p2b: Vivillon|Protect|p2b: Vivillon
|-singleturn|p2b: Vivillon|Protect
|-activate|p1a: jihyo|confusion
|move|p1a: jihyo|Grassy Glide|p2b: Vivillon
|-activate|p2b: Vivillon|move: Protect
|move|p2a: Garchomp|Earthquake|p1a: jihyo|[spread] p1a,p1b
|-activate|p2b: Vivillon|move: Protect
|-resisted|p1a: jihyo
|-damage|p1a: jihyo|2/100
|-damage|p1b: momo|69/100
|-damage|p2a: Garchomp|81/100|[from] item: Life Orb
|
|-weather|RainDance|[upkeep]
|-heal|p2a: Garchomp|87/100|[from] Grassy Terrain
|-heal|p2b: Vivillon|13/100|[from] Grassy Terrain
|-heal|p1b: momo|75/100|[from] Grassy Terrain
|-heal|p1a: jihyo|8/100|[from] Grassy Terrain
|-fieldend|move: Grassy Terrain
|upkeep
|turn|6
|inactive|masterhax3 has 30 seconds left.
|
|t:|1756868898
|move|p2a: Garchomp|Rock Slide|p1a: jihyo|[spread] p1a,p1b
|-resisted|p1b: momo
|-damage|p1a: jihyo|0 fnt
|-damage|p1b: momo|59/100
|faint|p1a: jihyo
|-damage|p2a: Garchomp|78/100|[from] item: Life Orb
|move|p2b: Vivillon|Hurricane|p1b: momo
|-supereffective|p1b: momo
|-damage|p1b: momo|0 fnt
|faint|p1b: momo
|
|-weather|none
|-sideend|p2: masterhax3|move: Tailwind
|upkeep
|
|t:|1756868908
|switch|p1b: tzuyu|Archaludon, L50, F, shiny|100/100
|turn|7
|
|t:|1756868915
|move|p2a: Garchomp|Rock Slide|p1b: tzuyu|[miss]
|-miss|p2a: Garchomp|p1b: tzuyu
|move|p2b: Vivillon|Sleep Powder|p1b: tzuyu
|-status|p1b: tzuyu|slp|[from] move: Sleep Powder
|cant|p1b: tzuyu|slp
|
|upkeep
|turn|8
|
|t:|1756868930
|switch|p2a: Ninetales|Ninetales-Alola, L50, M|31/100
|-weather|Snowscape|[from] ability: Snow Warning|[of] p2a: Ninetales
|move|p2b: Vivillon|Tailwind|p2b: Vivillon
|-sidestart|p2: masterhax3|move: Tailwind
|-curestatus|p1b: tzuyu|slp|[msg]
|move|p1b: tzuyu|Dragon Pulse|p2a: Ninetales
|-immune|p2a: Ninetales
|
|-weather|Snowscape|[upkeep]
|upkeep
|turn|9
|
|t:|1756868945
|switch|p2b: Gardevoir|Gardevoir, L50, F|100/100
|move|p2a: Ninetales|Blizzard|p1b: tzuyu
|-damage|p1b: tzuyu|32/100
|move|p1b: tzuyu|Dragon Pulse|p2b: Gardevoir
|-immune|p2b: Gardevoir
|
|-weather|Snowscape|[upkeep]
|upkeep
|turn|10
|
|t:|1756868954
|move|p2b: Gardevoir|Moonblast|p1b: tzuyu
|-damage|p1b: tzuyu|0 fnt
|faint|p1b: tzuyu
|
|win|masterhax3
|l|☆25th_mang
|player|p1|
||25th_mang is ready for game 2.
