|j|☆new mental
|j|☆Drunk express
|html|new mentalDrunk express    
|uhtml|bestof|Game 1 of a best-of-3
|t:|1783520573
|gametype|doubles
|player|p1|new mental|volkner|1263
|player|p2|Drunk express|102|1158
|gen|9
|tier|[Gen 9 Champions] VGC 2026 Reg M-B (Bo3)
|rated|
|rule|Species Clause: Limit one of each Pokémon
|rule|Item Clause: Limit 1 of each item
|clearpoke
|poke|p1|Charizard, L50, F|
|poke|p1|Kingambit, L50, F|
|poke|p1|Sylveon, L50, F|
|poke|p1|Garchomp, L50, M|
|poke|p1|Aerodactyl, L50, F|
|poke|p1|Farigiraf, L50, M|
|poke|p2|Tyranitar, L50, M|
|poke|p2|Pelipper, L50, F, shiny|
|poke|p2|Raichu, L50, F|
|poke|p2|Archaludon, L50, M|
|poke|p2|Ninetales-Alola, L50, F|
|poke|p2|Volcarona, L50, M|
|teampreview|4
|showteam|p1|Charizard||CharizarditeY|SolarPower|Protect,HeatWave,SolarBeam,WeatherBall|Modest||F|||50|]Kingambit||FocusSash|Defiant|IronHead,SuckerPunch,KowtowCleave,LowKick|Adamant||F|||50|]Sylveon||FairyFeather|Pixilate|Detect,HyperVoice,HyperBeam,QuickAttack|Modest||F|||50|]Garchomp||LifeOrb|RoughSkin|Protect,DragonClaw,Earthquake,RockSlide|Jolly||M|||50|]Aerodactyl||Aerodactylite|Unnerve|IceFang,RockSlide,Tailwind,DualWingbeat|Jolly||F|||50|]Farigiraf||SitrusBerry|ArmorTail|TrickRoom,Psychic,Thunderbolt,Roar|Bold||M|||50|
|showteam|p2|Tyranitar||Tyranitarite|Unnerve|DragonDance,RockSlide,Protect,KnockOff|Adamant||M|||50|]Pelipper||FocusSash|Drizzle|Tailwind,Hurricane,WeatherBall,WideGuard|Modest||F|||50|]Raichu||RaichuniteY|LightningRod|FakeOut,FocusBlast,ZapCannon,Protect|Timid||F|||50|]Archaludon||ShucaBerry|Stalwart|ElectroShot,DracoMeteor,Protect,FlashCannon|Modest||M|||50|]Ninetales-Alola||LightClay|SnowWarning|AuroraVeil,Protect,Moonblast,IcyWind|Timid||F|||50|]Volcarona||SitrusBerry|FlameBody|RagePowder,Protect,HeatWave,GigaDrain|Timid||M|||50|
|inactive|Battle timer is ON: inactive players will automatically lose when time's up. (requested by Drunk express)
|
|t:|1783520614
|teamsize|p1|4
|teamsize|p2|4
|start
|switch|p1a: Sylveon|Sylveon, L50, F|100/100
|switch|p1b: Farigiraf|Farigiraf, L50, M|100/100
|switch|p2a: Ninetales|Ninetales-Alola, L50, F|100/100
|switch|p2b: Raichu|Raichu, L50, F|100/100
|-weather|Snowscape|[from] ability: Snow Warning|[of] p2a: Ninetales
|turn|1
|
|t:|1783520637
|detailschange|p2b: Raichu|Raichu-Mega-Y, L50, F
|-mega|p2b: Raichu|Raichu|Raichunite Y
|move|p2b: Raichu|Zap Cannon|p1b: Farigiraf
|-damage|p1b: Farigiraf|26/100
|-status|p1b: Farigiraf|par
|-enditem|p1b: Farigiraf|Sitrus Berry|[eat]
|-heal|p1b: Farigiraf|51/100 par|[from] item: Sitrus Berry
|move|p2a: Ninetales|Aurora Veil|p2a: Ninetales
|-sidestart|p2: Drunk express|move: Aurora Veil
|move|p1a: Sylveon|Hyper Voice|p2b: Raichu|[spread] p2a,p2b
|-crit|p2b: Raichu
|-damage|p2a: Ninetales|60/100
|-damage|p2b: Raichu|0 fnt
|faint|p2b: Raichu
|move|p1b: Farigiraf|Psychic|p2a: Ninetales
|-damage|p2a: Ninetales|32/100
|
|-weather|Snowscape|[upkeep]
|upkeep
|
|t:|1783520653
|switch|p2b: Volcarona|Volcarona, L50, M|100/100
|turn|2
|
|t:|1783520660
|move|p2a: Ninetales|Moonblast|p1a: Sylveon
|-damage|p1a: Sylveon|70/100
|move|p2b: Volcarona|Heat Wave|p1b: Farigiraf|[spread] p1a,p1b
|-damage|p1a: Sylveon|41/100
|-damage|p1b: Farigiraf|16/100 par
|move|p1a: Sylveon|Hyper Voice|p2b: Volcarona|[spread] p2a,p2b
|-crit|p2a: Ninetales
|-resisted|p2b: Volcarona|1
|-damage|p2a: Ninetales|0 fnt
|-damage|p2b: Volcarona|83/100
|faint|p2a: Ninetales
|move|p1b: Farigiraf|Roar|p2b: Volcarona
|drag|p2b: Pelipper|Pelipper, L50, F, shiny|100/100
|-weather|RainDance|[from] ability: Drizzle|[of] p2b: Pelipper
|
|-weather|RainDance|[upkeep]
|upkeep
|
|t:|1783520666
|switch|p2a: Volcarona|Volcarona, L50, M|83/100
|turn|3
|
|t:|1783520676
|move|p2a: Volcarona|Giga Drain|p1b: Farigiraf
|-damage|p1b: Farigiraf|0 fnt
|-heal|p2a: Volcarona|95/100|[from] drain|[of] p1b: Farigiraf
|faint|p1b: Farigiraf
|move|p1a: Sylveon|Hyper Voice|p2a: Volcarona|[spread] p2a,p2b
|-resisted|p2a: Volcarona|1
|-damage|p2a: Volcarona|78/100
|-damage|p2b: Pelipper|56/100
|move|p2b: Pelipper|Weather Ball|p1a: Sylveon
|-damage|p1a: Sylveon|0 fnt
|faint|p1a: Sylveon
|
|-weather|RainDance|[upkeep]
|upkeep
|
|t:|1783520679
|switch|p1a: Charizard|Charizard, L50, F|100/100
|switch|p1b: Garchomp|Garchomp, L50, M|100/100
|turn|4
|
|t:|1783520694
|detailschange|p1a: Charizard|Charizard-Mega-Y, L50, F
|-mega|p1a: Charizard|Charizard|Charizardite Y
|-weather|SunnyDay|[from] ability: Drought|[of] p1a: Charizard
|move|p2b: Pelipper|Wide Guard|p2b: Pelipper
|-singleturn|p2b: Pelipper|Wide Guard
|move|p1b: Garchomp|Dragon Claw|p2b: Pelipper
|-damage|p2b: Pelipper|16/100
|-damage|p1b: Garchomp|90/100|[from] item: Life Orb
|move|p2a: Volcarona|Heat Wave|p1b: Garchomp|[spread] p1a,p1b
|-resisted|p1a: Charizard|1
|-resisted|p1b: Garchomp|1
|-damage|p1a: Charizard|73/100
|-damage|p1b: Garchomp|57/100
|move|p1a: Charizard|Heat Wave|p2b: Pelipper|[spread] 
|-activate|p2a: Volcarona|move: Wide Guard
|-activate|p2b: Pelipper|move: Wide Guard
|
|-weather|SunnyDay|[upkeep]
|upkeep
|turn|5
|
|t:|1783520723
|move|p1b: Garchomp|Dragon Claw|p2b: Pelipper
|-damage|p2b: Pelipper|0 fnt
|faint|p2b: Pelipper
|-damage|p1b: Garchomp|48/100|[from] item: Life Orb
|move|p2a: Volcarona|Heat Wave|p1b: Garchomp|[spread] p1a,p1b
|-resisted|p1a: Charizard|1
|-resisted|p1b: Garchomp|1
|-damage|p1a: Charizard|48/100
|-damage|p1b: Garchomp|18/100
|-status|p1b: Garchomp|brn
|move|p1a: Charizard|Weather Ball|p2a: Volcarona
|-damage|p2a: Volcarona|21/100
|-enditem|p2a: Volcarona|Sitrus Berry|[eat]
|-heal|p2a: Volcarona|46/100|[from] item: Sitrus Berry
|
|-weather|SunnyDay|[upkeep]
|-damage|p1b: Garchomp|12/100 brn|[from] brn
|upkeep
|turn|6
|
|t:|1783520735
|move|p1b: Garchomp|Rock Slide|p2a: Volcarona
|-supereffective|p2a: Volcarona|2
|-damage|p2a: Volcarona|0 fnt
|faint|p2a: Volcarona
|-damage|p1b: Garchomp|2/100 brn|[from] item: Life Orb
|
|win|new mental
||new mental is ready for game 2.
|inactive|Drunk express has 30 seconds to confirm battle start!
||Drunk express is ready for game 2.
|uhtml|next|Next: Game 2 of 3
|l|☆Drunk express
|player|p2|
