|j|☆Gabeeel
|j|☆Daravones Soup
|html|GabeeelDaravones Soup    
|uhtml|bestof|Game 2 of a best-of-3
|t:|1784978080
|gametype|doubles
|player|p1|Gabeeel|iris|
|player|p2|Daravones Soup|2|
|gen|9
|tier|[Gen 9 Champions] VGC 2026 Reg M-B (Bo3)
|rule|Species Clause: Limit one of each Pokémon
|rule|Item Clause: Limit 1 of each item
|clearpoke
|poke|p1|Scrafty, L50, M, shiny|
|poke|p1|Glimmora, L50, M|
|poke|p1|Talonflame, L50, F|
|poke|p1|Primarina, L50, M|
|poke|p1|Mamoswine, L50, F|
|poke|p1|Metagross, L50|
|poke|p2|Gengar, L50, F|
|poke|p2|Blastoise, L50, F|
|poke|p2|Scrafty, L50, F|
|poke|p2|Clefable, L50, M|
|poke|p2|Meowscarada, L50, M|
|poke|p2|Volcarona, L50, F|
|teampreview|4
|showteam|p1|Scrafty||Scraftinite|Intimidate|FakeOut,DrainPunch,KnockOff,HelpingHand|Adamant||M|||50|]Glimmora||Glimmoranite|ToxicDebris|SludgeBomb,PowerGem,EarthPower,SpikyShield|Modest||M|||50|]Talonflame||ExpertBelt|GaleWings|BraveBird,FlareBlitz,Tailwind,Protect|Jolly||F|||50|]Primarina||Leftovers|LiquidVoice|HyperVoice,Moonblast,CalmMind,Protect|Modest||M|||50|]Mamoswine||FocusSash|Oblivious|Earthquake,HighHorsepower,IceShard,Protect|Adamant||F|||50|]Metagross||ColburBerry|ClearBody|PsychicFangs,IronHead,BulletPunch,Protect|Adamant|||||50|
|showteam|p2|Gengar||Gengarite|CursedBody|ShadowBall,Substitute,PerishSong,Protect|Timid||F|||50|]Blastoise||Blastoisinite|RainDish|WaterSpout,DarkPulse,ShellSmash,Protect|Timid||F|||50|]Scrafty||RoseliBerry|Intimidate|FakeOut,CloseCombat,KnockOff,Detect|Careful||F|||50|]Clefable||SitrusBerry|CuteCharm|FollowMe,LifeDew,DazzlingGleam,Protect|Calm||M|||50|]Meowscarada||ChoiceScarf|Protean|Uturn,FlowerTrick,TripleAxel,PollenPuff|Jolly||M|||50|]Volcarona||Leftovers|FlameBody|StruggleBug,QuiverDance,HeatWave,Protect|Modest||F|||50|
|inactive|Battle timer is ON: inactive players will automatically lose when time's up. (requested by Daravones Soup)
|inactive|Gabeeel has 60 seconds left.
|inactive|Daravones Soup has 60 seconds left.
|inactive|Daravones Soup has 30 seconds left.
|inactive|Daravones Soup has 20 seconds left.
|
|t:|1784978155
|teamsize|p1|4
|teamsize|p2|4
|start
|switch|p1a: Aviões do Forró|Talonflame, L50, F|100/100
|switch|p1b: Pabllo Vittar|Primarina, L50, M|100/100
|switch|p2a: Blastoise|Blastoise, L50, F|100/100
|switch|p2b: Scrafty|Scrafty, L50, F|100/100
|-ability|p2b: Scrafty|Intimidate|boost
|-unboost|p1a: Aviões do Forró|atk|1
|-unboost|p1b: Pabllo Vittar|atk|1
|turn|1
|inactive|Daravones Soup has 30 seconds left.
|
|t:|1784978185
|detailschange|p2a: Blastoise|Blastoise-Mega, L50, F
|-mega|p2a: Blastoise|Blastoise|Blastoisinite
|move|p2b: Scrafty|Fake Out|p1a: Aviões do Forró
|-damage|p1a: Aviões do Forró|87/100
|cant|p1a: Aviões do Forró|flinch
|move|p2a: Blastoise|Shell Smash|p2a: Blastoise
|-unboost|p2a: Blastoise|def|1
|-unboost|p2a: Blastoise|spd|1
|-boost|p2a: Blastoise|atk|2
|-boost|p2a: Blastoise|spa|2
|-boost|p2a: Blastoise|spe|2
|move|p1b: Pabllo Vittar|Hyper Voice|p2b: Scrafty|[spread] p2a,p2b
|-resisted|p2a: Blastoise|1
|-damage|p2a: Blastoise|75/100
|-damage|p2b: Scrafty|73/100
|
|upkeep
|turn|2
|inactive|Daravones Soup has 30 seconds left.
|inactive|Daravones Soup has 20 seconds left.
|inactive|Daravones Soup has 15 seconds left.
|inactive|Daravones Soup has 10 seconds left.
|inactive|Daravones Soup has 5 seconds left.
|
|t:|1784978237
|switch|p2b: Meowscarada|Meowscarada, L50, M|100/100
|move|p2a: Blastoise|Water Spout|p1b: Pabllo Vittar|[spread] p1a,p1b
|-supereffective|p1a: Aviões do Forró|1
|-resisted|p1b: Pabllo Vittar|1
|-damage|p1a: Aviões do Forró|0 fnt
|-damage|p1b: Pabllo Vittar|63/100
|faint|p1a: Aviões do Forró
|move|p1b: Pabllo Vittar|Moonblast|p2a: Blastoise
|-damage|p2a: Blastoise|7/100
|
|-heal|p1b: Pabllo Vittar|69/100|[from] item: Leftovers
|upkeep
|
|t:|1784978253
|switch|p1a: Banda Grafith|Mamoswine, L50, F|100/100
|turn|3
|inactive|Daravones Soup has 30 seconds left.
|inactive|Daravones Soup has 20 seconds left.
|inactive|Gabeeel has 30 seconds left.
|inactive|Daravones Soup has 15 seconds left.
|inactive|Daravones Soup has 10 seconds left.
|
|t:|1784978300
|switch|p2a: Volcarona|Volcarona, L50, F|100/100
|move|p1b: Pabllo Vittar|Protect|p1b: Pabllo Vittar
|-singleturn|p1b: Pabllo Vittar|Protect
|move|p2b: Meowscarada|U-turn|p1a: Banda Grafith
|-start|p2b: Meowscarada|typechange|Bug|[from] ability: Protean
|-damage|p1a: Banda Grafith|59/100
|
|t:|1784978313
|switch|p2b: Scrafty|Scrafty, L50, F|73/100|[from] U-turn
|-ability|p2b: Scrafty|Intimidate|boost
|-fail|p1a: Banda Grafith|unboost|Attack|[from] ability: Oblivious|[of] p1a: Banda Grafith
|-unboost|p1b: Pabllo Vittar|atk|1
|move|p1a: Banda Grafith|Earthquake|p2b: Scrafty|[spread] p2a,p2b
|-activate|p1b: Pabllo Vittar|move: Protect
|-damage|p2a: Volcarona|49/100
|-damage|p2b: Scrafty|33/100
|
|-heal|p2a: Volcarona|55/100|[from] item: Leftovers
|-heal|p1b: Pabllo Vittar|75/100|[from] item: Leftovers
|upkeep
|turn|4
|inactive|Gabeeel has 30 seconds left.
|inactive|Daravones Soup has 30 seconds left.
|inactive|Daravones Soup has 20 seconds left.
|inactive|Daravones Soup has 15 seconds left.
|inactive|Daravones Soup has 10 seconds left.
|
|t:|1784978360
|move|p2b: Scrafty|Fake Out|p1b: Pabllo Vittar
|-damage|p1b: Pabllo Vittar|65/100
|move|p2a: Volcarona|Quiver Dance|p2a: Volcarona
|-boost|p2a: Volcarona|spa|1
|-boost|p2a: Volcarona|spd|1
|-boost|p2a: Volcarona|spe|1
|move|p1a: Banda Grafith|High Horsepower|p2a: Volcarona
|-damage|p2a: Volcarona|0 fnt
|faint|p2a: Volcarona
|cant|p1b: Pabllo Vittar|flinch
|
|-heal|p1b: Pabllo Vittar|71/100|[from] item: Leftovers
|upkeep
|
|t:|1784978382
|switch|p2a: Meowscarada|Meowscarada, L50, M|100/100
|turn|5
|
|t:|1784978398
|switch|p1b: Puterrier|Scrafty, L50, M, shiny|100/100
|-ability|p1b: Puterrier|Intimidate|boost
|-unboost|p2a: Meowscarada|atk|1
|-unboost|p2b: Scrafty|atk|1
|switch|p2b: Blastoise|Blastoise-Mega, L50, F|7/100
|move|p1a: Banda Grafith|Protect|p1a: Banda Grafith
|-singleturn|p1a: Banda Grafith|Protect
|move|p2a: Meowscarada|Flower Trick|p1a: Banda Grafith
|-start|p2a: Meowscarada|typechange|Grass|[from] ability: Protean
|-activate|p1a: Banda Grafith|move: Protect
|
|upkeep
|turn|6
|inactive|Gabeeel has 30 seconds left.
|inactive|Gabeeel has 20 seconds left.
|inactive|Gabeeel has 15 seconds left.
|
|t:|1784978442
|switch|p2a: Scrafty|Scrafty, L50, F|33/100
|-ability|p2a: Scrafty|Intimidate|boost
|-fail|p1a: Banda Grafith|unboost|Attack|[from] ability: Oblivious|[of] p1a: Banda Grafith
|-unboost|p1b: Puterrier|atk|1
|detailschange|p1b: Puterrier|Scrafty-Mega, L50, M, shiny
|-mega|p1b: Puterrier|Scrafty|Scraftinite
|-ability|p1b: Puterrier|Intimidate|boost
|-unboost|p2a: Scrafty|atk|1
|-unboost|p2b: Blastoise|atk|1
|move|p1a: Banda Grafith|Ice Shard|p2a: Scrafty
|-damage|p2a: Scrafty|13/100
|move|p2b: Blastoise|Dark Pulse|p1a: Banda Grafith
|-damage|p1a: Banda Grafith|2/100
|move|p1b: Puterrier|Knock Off|p2a: Scrafty
|-resisted|p2a: Scrafty|2
|-damage|p2a: Scrafty|5/100
|-enditem|p2a: Scrafty|Roseli Berry|[from] move: Knock Off|[of] p1b: Puterrier
|
|upkeep
|turn|7
|inactive|Daravones Soup has 30 seconds left.
|inactive|Daravones Soup has 20 seconds left.
|inactive|Daravones Soup has 15 seconds left.
|inactive|Daravones Soup has 10 seconds left.
|inactive|Daravones Soup has 5 seconds left.
|
|t:|1784978493
|switch|p1b: Pabllo Vittar|Primarina, L50, M|71/100
|move|p1a: Banda Grafith|Protect|p1a: Banda Grafith
|-singleturn|p1a: Banda Grafith|Protect
|move|p2a: Scrafty|Fake Out|p1a: Banda Grafith
|-activate|p1a: Banda Grafith|move: Protect
|move|p2b: Blastoise|Dark Pulse|p1b: Pabllo Vittar
|-resisted|p1b: Pabllo Vittar|1
|-damage|p1b: Pabllo Vittar|54/100
|
|-heal|p1b: Pabllo Vittar|60/100|[from] item: Leftovers
|upkeep
|turn|8
|inactive|Gabeeel has 30 seconds left.
|inactive|Gabeeel has 20 seconds left.
|inactive|Gabeeel has 15 seconds left.
|inactive|Gabeeel has 10 seconds left.
|
|t:|1784978538
|move|p2b: Blastoise|Protect|p2b: Blastoise
|-singleturn|p2b: Blastoise|Protect
|move|p1a: Banda Grafith|Ice Shard|p2a: Scrafty
|-damage|p2a: Scrafty|0 fnt
|faint|p2a: Scrafty
|move|p1b: Pabllo Vittar|Hyper Voice|p2b: Blastoise
|-activate|p2b: Blastoise|move: Protect
|
|-heal|p1b: Pabllo Vittar|66/100|[from] item: Leftovers
|upkeep
|
|t:|1784978542
|switch|p2a: Meowscarada|Meowscarada, L50, M|100/100
|turn|9
|
|t:|1784978557
|move|p1a: Banda Grafith|Ice Shard|p2b: Blastoise
|-resisted|p2b: Blastoise|1
|-damage|p2b: Blastoise|0 fnt
|faint|p2b: Blastoise
|move|p2a: Meowscarada|Flower Trick|p1a: Banda Grafith
|-start|p2a: Meowscarada|typechange|Grass|[from] ability: Protean
|-supereffective|p1a: Banda Grafith|1
|-crit|p1a: Banda Grafith
|-damage|p1a: Banda Grafith|0 fnt
|faint|p1a: Banda Grafith
|move|p1b: Pabllo Vittar|Hyper Voice|p2a: Meowscarada
|-resisted|p2a: Meowscarada|1
|-damage|p2a: Meowscarada|64/100
|
|-heal|p1b: Pabllo Vittar|72/100|[from] item: Leftovers
|upkeep
|
|t:|1784978561
|switch|p1a: Puterrier|Scrafty-Mega, L50, M, shiny|100/100
|-ability|p1a: Puterrier|Intimidate|boost
|-unboost|p2a: Meowscarada|atk|1
|turn|10
|
|t:|1784978567
|move|p1a: Puterrier|Fake Out|p2a: Meowscarada
|-damage|p2a: Meowscarada|43/100
|cant|p2a: Meowscarada|flinch
|move|p1b: Pabllo Vittar|Moonblast|p2a: Meowscarada
|-damage|p2a: Meowscarada|0 fnt
|faint|p2a: Meowscarada
|
|win|Gabeeel
||Daravones Soup is ready for game 3.
||Gabeeel is ready for game 3.
|uhtml|next|Next: Game 3 of 3
|l|☆Daravones Soup
|player|p2|
