|j|☆LaxIsLoveLaxIsLife
|j|☆wklgnkr
|html|LaxIsLoveLaxIsLifewklgnkr    
|uhtml|bestof|Game 2 of a best-of-3
|t:|1783868768
|gametype|doubles
|player|p1|LaxIsLoveLaxIsLife|bugcatcher-gen4dp|1000
|player|p2|wklgnkr|ingo|1160
|gen|9
|tier|[Gen 9 Champions] VGC 2026 Reg M-B (Bo3)
|rated|
|rule|Species Clause: Limit one of each Pokémon
|rule|Item Clause: Limit 1 of each item
|clearpoke
|poke|p1|Floette-Eternal, L50, F|
|poke|p1|Raichu, L50, M|
|poke|p1|Sinistcha, L50|
|poke|p1|Weavile, L50, M|
|poke|p1|Ceruledge, L50, F|
|poke|p1|Milotic, L50, F|
|poke|p2|Pelipper, L50, F|
|poke|p2|Archaludon, L50, M|
|poke|p2|Swampert, L50, M|
|poke|p2|Sinistcha-Masterpiece, L50|
|poke|p2|Incineroar, L50, F|
|poke|p2|Scizor, L50, F|
|teampreview|4
|showteam|p1|Floette-Eternal||Floettite|FlowerVeil|Protect,DrainingKiss,DazzlingGleam,CalmMind|Modest||F|||50|]Raichu||RaichuniteY|LightningRod|ZapCannon,FocusBlast,Protect,FakeOut|Timid||M|||50|]Sinistcha||KasibBerry|Hospitality|MatchaGotcha,LifeDew,Protect,RagePowder|Relaxed|||||50|]Weavile||FocusSash|Pickpocket|KnockOff,TripleAxel,LowKick,FakeOut|Jolly||M|||50|]Ceruledge||ColburBerry|FlashFire|BitterBlade,ShadowSneak,Protect,BulkUp|Adamant||F|||50|]Milotic||Leftovers|Competitive|MuddyWater,Coil,Protect,Hypnosis|Calm||F|||50|
|showteam|p2|Pelipper||Leftovers|Drizzle|Tailwind,WeatherBall,Hurricane,WideGuard|Modest||F|||50|]Archaludon||LifeOrb|Stamina|DracoMeteor,ElectroShot,FlashCannon,AuraSphere|Timid||M|||50|]Swampert||Swampertite|Torrent|Protect,WaveCrash,HighHorsepower,RockSlide|Adamant||M|||50|]Sinistcha-Masterpiece||FocusSash|Hospitality|Protect,MatchaGotcha,TrickRoom,ShadowBall|Modest|||||50|]Incineroar||SitrusBerry|Intimidate|FakeOut,FlareBlitz,PartingShot,Protect|Careful||F|||50|]Scizor||Scizorite|Technician|BugBite,BulletPunch,KnockOff,Protect|Adamant||F|||50|
|
|t:|1783868817
|teamsize|p1|4
|teamsize|p2|4
|start
|switch|p1a: Milotic|Milotic, L50, F|100/100
|switch|p1b: Raichu|Raichu, L50, M|100/100
|switch|p2a: Pelipper|Pelipper, L50, F|100/100
|switch|p2b: Archaludon|Archaludon, L50, M|100/100
|-weather|RainDance|[from] ability: Drizzle|[of] p2a: Pelipper
|turn|1
|
|t:|1783868841
|move|p1b: Raichu|Fake Out|p2a: Pelipper
|-damage|p2a: Pelipper|91/100
|move|p2b: Archaludon|Electro Shot||[still]
|-prepare|p2b: Archaludon|Electro Shot
|-boost|p2b: Archaludon|spa|1
|-anim|p2b: Archaludon|Electro Shot|p1b: Raichu
|-ability|p1b: Raichu|Lightning Rod|boost
|-boost|p1b: Raichu|spa|1
|move|p1a: Milotic|Coil|p1a: Milotic
|-boost|p1a: Milotic|atk|1
|-boost|p1a: Milotic|def|1
|-boost|p1a: Milotic|accuracy|1
|cant|p2a: Pelipper|flinch
|
|-weather|RainDance|[upkeep]
|-heal|p2a: Pelipper|97/100|[from] item: Leftovers
|upkeep
|turn|2
|
|t:|1783868857
|move|p1b: Raichu|Protect|p1b: Raichu
|-singleturn|p1b: Raichu|Protect
|move|p2b: Archaludon|Draco Meteor|p1a: Milotic|[miss]
|-miss|p2b: Archaludon|p1a: Milotic
|move|p1a: Milotic|Hypnosis|p2b: Archaludon
|-status|p2b: Archaludon|slp|[from] move: Hypnosis
|move|p2a: Pelipper|Hurricane|p1a: Milotic
|-damage|p1a: Milotic|66/100
|
|-weather|RainDance|[upkeep]
|-heal|p1a: Milotic|72/100|[from] item: Leftovers
|-heal|p2a: Pelipper|100/100|[from] item: Leftovers
|upkeep
|turn|3
|
|t:|1783868883
|switch|p2a: Sinistcha|Sinistcha-Masterpiece, L50|100/100
|detailschange|p1b: Raichu|Raichu-Mega-Y, L50, M
|-mega|p1b: Raichu|Raichu|Raichunite Y
|move|p1b: Raichu|Zap Cannon|p2a: Sinistcha
|-resisted|p2a: Sinistcha|1
|-damage|p2a: Sinistcha|35/100
|-status|p2a: Sinistcha|par
|cant|p2b: Archaludon|slp
|move|p1a: Milotic|Coil|p1a: Milotic
|-boost|p1a: Milotic|atk|1
|-boost|p1a: Milotic|def|1
|-boost|p1a: Milotic|accuracy|1
|
|-weather|RainDance|[upkeep]
|-heal|p1a: Milotic|78/100|[from] item: Leftovers
|upkeep
|turn|4
|
|t:|1783868907
|move|p1b: Raichu|Zap Cannon|p2a: Sinistcha
|-resisted|p2a: Sinistcha|1
|-damage|p2a: Sinistcha|0 fnt
|faint|p2a: Sinistcha
|cant|p2b: Archaludon|slp
|move|p1a: Milotic|Muddy Water|p2b: Archaludon
|-resisted|p2b: Archaludon|1
|-damage|p2b: Archaludon|69/100 slp
|-ability|p2b: Archaludon|Stamina|boost
|-boost|p2b: Archaludon|def|1
|
|-weather|RainDance|[upkeep]
|-heal|p1a: Milotic|84/100|[from] item: Leftovers
|upkeep
|
|t:|1783868921
|switch|p2a: Scizor|Scizor, L50, F|100/100
|turn|5
|
|t:|1783868931
|detailschange|p2a: Scizor|Scizor-Mega, L50, F
|-mega|p2a: Scizor|Scizor|Scizorite
|move|p1b: Raichu|Focus Blast|p2b: Archaludon
|-supereffective|p2b: Archaludon|1
|-damage|p2b: Archaludon|0 fnt
|faint|p2b: Archaludon
|move|p1a: Milotic|Hypnosis|p2a: Scizor
|-status|p2a: Scizor|slp|[from] move: Hypnosis
|cant|p2a: Scizor|slp
|
|-weather|none
|-heal|p1a: Milotic|90/100|[from] item: Leftovers
|upkeep
|
|t:|1783868938
|switch|p2b: Pelipper|Pelipper, L50, F|100/100
|-weather|RainDance|[from] ability: Drizzle|[of] p2b: Pelipper
|turn|6
|c|☆wklgnkr|gg
|
|t:|1783868945
|move|p1b: Raichu|Zap Cannon|p2b: Pelipper
|-supereffective|p2b: Pelipper|2
|-damage|p2b: Pelipper|0 fnt
|faint|p2b: Pelipper
|move|p1a: Milotic|Muddy Water|p2a: Scizor
|-damage|p2a: Scizor|52/100 slp
|cant|p2a: Scizor|slp
|
|-weather|RainDance|[upkeep]
|-heal|p1a: Milotic|96/100|[from] item: Leftovers
|upkeep
|turn|7
|
|t:|1783868951
|move|p1b: Raichu|Zap Cannon|p2a: Scizor
|-damage|p2a: Scizor|0 fnt
|faint|p2a: Scizor
|
|win|LaxIsLoveLaxIsLife
|raw|LaxIsLoveLaxIsLife's rating: 1000 → 1057(+57 for winning)
|raw|wklgnkr's rating: 1160 → 1124(-36 for losing)
|l|☆wklgnkr
|player|p2|
|c|☆LaxIsLoveLaxIsLife|ggs
