|j|☆fdaza
|j|☆psychic system
|html|fdazapsychic system    
|uhtml|bestof|Game 1 of a best-of-3
|t:|1757774782
|gametype|doubles
|player|p1|fdaza|steven|1086
|player|p2|psychic system|dawn|1100
|gen|9
|tier|[Gen 9] VGC 2025 Reg H (Bo3)
|rated|
|rule|Species Clause: Limit one of each Pokémon
|rule|Item Clause: Limit 1 of each item
|clearpoke
|poke|p1|Gholdengo, L50|
|poke|p1|Sneasler, L50, F|
|poke|p1|Incineroar, L50, F|
|poke|p1|Weezing, L50, M|
|poke|p1|Talonflame, L50, F|
|poke|p1|Slaking, L50, M|
|poke|p2|Incineroar, L50, F|
|poke|p2|Florges, L50, F|
|poke|p2|Amoonguss, L50, F|
|poke|p2|Pelipper, L50, M|
|poke|p2|Garchomp, L50, F|
|poke|p2|Rillaboom, L50, F|
|teampreview|4
|showteam|p1|Gholdengo||ChoiceSpecs|GoodasGold|MakeItRain,ShadowBall,Thunderbolt,PowerGem||||||50|,,,,,Water]Sneasler||FocusSash|PoisonTouch|ThroatChop,DireClaw,CloseCombat,Protect|||F|||50|,,,,,Stellar]Incineroar||AbilityShield|Intimidate|FakeOut,FlareBlitz,KnockOff,PartingShot|||F|||50|,,,,,Ghost]Weezing||Leftovers|NeutralizingGas|Haze,SludgeBomb,Protect,WillOWisp|||M|||50|,,,,,Flying]Talonflame||CovertCloak|GaleWings|BraveBird,Taunt,Tailwind,Protect|||F|||50|,,,,,Fire]Slaking||ChoiceBand|Truant|DoubleEdge,HighHorsepower,SuckerPunch,PlayRough|||M|||50|,,,,,Ghost
|showteam|p2|Incineroar||SafetyGoggles|Intimidate|FakeOut,KnockOff,FlareBlitz,PartingShot|||F|||50|,,,,,Ghost]Florges||Leftovers|FlowerVeil|Moonblast,DazzlingGleam,CalmMind,Protect|||F|||50|,,,,,Poison]Amoonguss||SitrusBerry|Regenerator|ClearSmog,Spore,PollenPuff,RagePowder|||F|||50|,,,,,Water]Pelipper||ChoiceScarf|Drizzle|MuddyWater,Hurricane,IcyWind,WeatherBall|||M|||50|,,,,,Water]Garchomp||ClearAmulet|RoughSkin|StompingTantrum,DragonClaw,SwordsDance,Protect|||F|||50|,,,,,Poison]Rillaboom||AssaultVest|GrassySurge|DrumBeating,GrassyGlide,HighHorsepower,FakeOut|||F|||50|,,,,,Fire
|inactive|Battle timer is ON: inactive players will automatically lose when time's up. (requested by psychic system)
|inactive|fdaza has 60 seconds left.
|
|t:|1757774826
|teamsize|p1|4
|teamsize|p2|4
|start
|switch|p1a: Weezing|Weezing, L50, M, shiny|100/100
|switch|p1b: Slaking|Slaking, L50, M, shiny|100/100
|switch|p2a: Pelipper|Pelipper, L50, M|100/100
|switch|p2b: Amoonguss|Amoonguss, L50, F|100/100
|-ability|p1a: Weezing|Neutralizing Gas
|turn|1
|
|t:|1757774841
|move|p2a: Pelipper|Muddy Water|p1b: Slaking|[spread] p1a,p1b
|-damage|p1a: Weezing|66/100
|-damage|p1b: Slaking|77/100
|-unboost|p1a: Weezing|accuracy|1
|move|p1b: Slaking|Double-Edge|p2b: Amoonguss
|-damage|p2b: Amoonguss|5/100
|-enditem|p2b: Amoonguss|Sitrus Berry|[eat]
|-heal|p2b: Amoonguss|30/100|[from] item: Sitrus Berry
|-damage|p1b: Slaking|49/100|[from] Recoil
|move|p1a: Weezing|Sludge Bomb|p2a: Pelipper
|-damage|p2a: Pelipper|53/100
|move|p2b: Amoonguss|Spore|p1b: Slaking
|-status|p1b: Slaking|slp|[from] move: Spore
|
|-heal|p1a: Weezing|72/100|[from] item: Leftovers
|upkeep
|turn|2
|
|t:|1757774862
|switch|p2b: Incineroar|Incineroar, L50, F|100/100
|move|p1a: Weezing|Protect|p1a: Weezing
|-singleturn|p1a: Weezing|Protect
|move|p2a: Pelipper|Muddy Water|p1a: Weezing|[spread] p1b
|-activate|p1a: Weezing|move: Protect
|-damage|p1b: Slaking|23/100 slp
|cant|p1b: Slaking|slp
|
|-heal|p1a: Weezing|79/100|[from] item: Leftovers
|upkeep
|turn|3
|
|t:|1757774876
|move|p2a: Pelipper|Muddy Water|p1a: Weezing|[spread] p1a,p1b
|-crit|p1b: Slaking
|-damage|p1a: Weezing|39/100
|-damage|p1b: Slaking|0 fnt
|faint|p1b: Slaking
|move|p2b: Incineroar|Parting Shot|p1a: Weezing
|-unboost|p1a: Weezing|atk|1
|-unboost|p1a: Weezing|spa|1
|
|t:|1757774888
|switch|p2b: Garchomp|Garchomp, L50, F|100/100|[from] Parting Shot
|move|p1a: Weezing|Sludge Bomb|p2a: Pelipper|[miss]
|-miss|p1a: Weezing|p2a: Pelipper
|
|-heal|p1a: Weezing|45/100|[from] item: Leftovers
|upkeep
|
|t:|1757774895
|switch|p1b: Sneasler|Sneasler, L50, F|100/100
|turn|4
|
|t:|1757774913
|-terastallize|p1b: Sneasler|Stellar
|move|p1a: Weezing|Protect|p1a: Weezing
|-singleturn|p1a: Weezing|Protect
|move|p2a: Pelipper|Muddy Water|p1b: Sneasler|[spread] 
|-activate|p1a: Weezing|move: Protect
|-miss|p2a: Pelipper|p1b: Sneasler
|move|p1b: Sneasler|Dire Claw|p2a: Pelipper
|-damage|p2a: Pelipper|0 fnt
|faint|p2a: Pelipper
|move|p2b: Garchomp|Stomping Tantrum|p1a: Weezing
|-activate|p1a: Weezing|move: Protect
|
|-heal|p1a: Weezing|51/100|[from] item: Leftovers
|upkeep
|
|t:|1757774923
|switch|p2a: Incineroar|Incineroar, L50, F|100/100
|turn|5
|
|t:|1757774934
|move|p1b: Sneasler|Protect|p1b: Sneasler
|-singleturn|p1b: Sneasler|Protect
|move|p2a: Incineroar|Fake Out|p1b: Sneasler
|-activate|p1b: Sneasler|move: Protect
|move|p2b: Garchomp|Stomping Tantrum|p1a: Weezing
|-supereffective|p1a: Weezing
|-damage|p1a: Weezing|1/100
|move|p1a: Weezing|Haze|p1a: Weezing
|-clearallboost
|
|-heal|p1a: Weezing|7/100|[from] item: Leftovers
|upkeep
|turn|6
|inactive|fdaza has 30 seconds left.
|inactive|psychic system has 30 seconds left.
|
|t:|1757774963
|switch|p2a: Amoonguss|Amoonguss, L50, F|30/100
|move|p2b: Garchomp|Protect|p2b: Garchomp
|-singleturn|p2b: Garchomp|Protect
|move|p1a: Weezing|Protect|p1a: Weezing
|-singleturn|p1a: Weezing|Protect
|move|p1b: Sneasler|Close Combat|p2a: Amoonguss
|-resisted|p2a: Amoonguss
|-damage|p2a: Amoonguss|0 fnt
|-unboost|p1b: Sneasler|def|1
|-unboost|p1b: Sneasler|spd|1
|faint|p2a: Amoonguss
|
|-heal|p1a: Weezing|14/100|[from] item: Leftovers
|upkeep
|
|t:|1757774972
|switch|p2a: Incineroar|Incineroar, L50, F|100/100
|turn|7
|
|t:|1757775000
|switch|p1b: Gholdengo|Gholdengo, L50, shiny|100/100
|-terastallize|p2a: Incineroar|Ghost
|move|p1a: Weezing|Protect|p1a: Weezing
|-singleturn|p1a: Weezing|Protect
|move|p2b: Garchomp|Stomping Tantrum|p1a: Weezing
|-activate|p1a: Weezing|move: Protect
|move|p2a: Incineroar|Knock Off|p1b: Gholdengo
|-supereffective|p1b: Gholdengo
|-damage|p1b: Gholdengo|0 fnt
|-enditem|p1b: Gholdengo|Choice Specs|[from] move: Knock Off|[of] p2a: Incineroar
|faint|p1b: Gholdengo
|
|-heal|p1a: Weezing|20/100|[from] item: Leftovers
|upkeep
|
|t:|1757775014
|switch|p1b: Sneasler|Sneasler, L50, F, tera:Stellar|100/100
|turn|8
|
|t:|1757775021
|move|p1b: Sneasler|Close Combat|p2b: Garchomp
|-damage|p2b: Garchomp|44/100
|-unboost|p1b: Sneasler|def|1
|-unboost|p1b: Sneasler|spd|1
|move|p2b: Garchomp|Stomping Tantrum|p1a: Weezing
|-supereffective|p1a: Weezing
|-damage|p1a: Weezing|0 fnt
|faint|p1a: Weezing
|-end|p1a: Weezing|ability: Neutralizing Gas
|-ability|p2a: Incineroar|Intimidate|boost
|-unboost|p1b: Sneasler|atk|1
|move|p2a: Incineroar|Flare Blitz|p1b: Sneasler
|-enditem|p1b: Sneasler|Focus Sash
|-damage|p1b: Sneasler|1/100
|-damage|p2a: Incineroar|75/100|[from] Recoil
|
|upkeep
|turn|9
|
|t:|1757775038
|move|p1b: Sneasler|Dire Claw|p2b: Garchomp
|-resisted|p2b: Garchomp
|-damage|p2b: Garchomp|32/100
|-status|p2b: Garchomp|psn
|-damage|p1b: Sneasler|0 fnt|[from] ability: Rough Skin|[of] p2b: Garchomp
|faint|p1b: Sneasler
|
|win|psychic system
|l|☆fdaza
|player|p1|
||psychic system is ready for game 2.
||fdaza is ready for game 2.
|uhtml|next|Next: Game 2 of 3
