|j|☆satandagiii2005
|j|☆DesignacionserialD
|html|satandagiii2005DesignacionserialD    
|uhtml|bestof|Game 3 of a best-of-3
|t:|1782512667
|gametype|doubles
|player|p1|satandagiii2005|byron|1131
|player|p2|DesignacionserialD|hilbert-wonderlauncher|1040
|gen|9
|tier|[Gen 9 Champions] VGC 2026 Reg M-B (Bo3)
|rated|
|rule|Species Clause: Limit one of each Pokémon
|rule|Item Clause: Limit 1 of each item
|clearpoke
|poke|p1|Swampert, L50, M|
|poke|p1|Pelipper, L50, F|
|poke|p1|Archaludon, L50, F|
|poke|p1|Scrafty, L50, M|
|poke|p1|Farigiraf, L50, F|
|poke|p1|Sylveon, L50, F|
|poke|p2|Tyranitar, L50, F|
|poke|p2|Excadrill, L50, M|
|poke|p2|Sneasler, L50, M|
|poke|p2|Sinistcha-Masterpiece, L50|
|poke|p2|Kingambit, L50, M|
|poke|p2|Basculegion, L50, M|
|teampreview|4
|showteam|p1|Swampert||Swampertite|Torrent|Protect,WaveCrash,Liquidation,HighHorsepower|Adamant||M|||50|]Pelipper||SitrusBerry|Drizzle|WideGuard,Tailwind,WeatherBall,Hurricane|Modest||F|||50|]Archaludon||Leftovers|Stamina|Protect,ElectroShot,DragonPulse,FlashCannon|Calm||F|||50|]Scrafty||Scraftinite|Intimidate|FakeOut,CloseCombat,ThroatChop,RockSlide|Adamant||M|||50|]Farigiraf||TwistedSpoon|ArmorTail|Roar,TrickRoom,TwinBeam,Protect|Modest||F|||50|]Sylveon||LifeOrb|Pixilate|HyperVoice,HyperBeam,QuickAttack,Detect|Modest||F|||50|
|showteam|p2|Tyranitar||Tyranitarite|SandStream|RockSlide,KnockOff,Protect,IcePunch|Adamant||F|||50|]Excadrill||FocusSash|SandRush|HighHorsepower,IronHead,RockSlide,Protect|Adamant||M|||50|]Sneasler||WhiteHerb|PoisonTouch|DireClaw,FakeOut,CloseCombat,Protect|Jolly||M|||50|]Sinistcha-Masterpiece||SitrusBerry|Hospitality|MatchaGotcha,Protect,TrickRoom,RagePowder|Calm|||||50|]Kingambit||ChopleBerry|Defiant|KowtowCleave,IronHead,SuckerPunch,Protect|Adamant||M|||50|]Basculegion||ChoiceScarf|Adaptability|WaveCrash,LastRespects,FlipTurn,AquaJet|Adamant||M|||50|
|inactive|Battle timer is ON: inactive players will automatically lose when time's up. (requested by satandagiii2005)
|inactive|satandagiii2005 has 60 seconds left.
|inactive|DesignacionserialD has 60 seconds left.
|
|t:|1782512711
|teamsize|p1|4
|teamsize|p2|4
|start
|switch|p1a: Scrafty|Scrafty, L50, M|100/100
|switch|p1b: Farigiraf|Farigiraf, L50, F|100/100
|switch|p2a: Sinistcha|Sinistcha-Masterpiece, L50|100/100
|switch|p2b: Basculegion|Basculegion, L50, M|100/100
|-ability|p1a: Scrafty|Intimidate|boost
|-unboost|p2a: Sinistcha|atk|1
|-unboost|p2b: Basculegion|atk|1
|turn|1
|inactive|satandagiii2005 has 30 seconds left.
|inactive|satandagiii2005 has 20 seconds left.
|
|t:|1782512749
|switch|p2b: Kingambit|Kingambit, L50, M|100/100
|move|p2a: Sinistcha|Matcha Gotcha|p1b: Farigiraf|[spread] p1a,p1b
|-damage|p1a: Scrafty|80/100
|-damage|p1b: Farigiraf|79/100
|-status|p1a: Scrafty|brn
|-status|p1b: Farigiraf|brn
|move|p1a: Scrafty|Throat Chop|p2a: Sinistcha
|-supereffective|p2a: Sinistcha|1
|-damage|p2a: Sinistcha|66/100
|-start|p2a: Sinistcha|Throat Chop|[silent]
|move|p1b: Farigiraf|Trick Room|p1b: Farigiraf
|-fieldstart|move: Trick Room|[of] p1b: Farigiraf
|
|-damage|p1a: Scrafty|75/100 brn|[from] brn
|-damage|p1b: Farigiraf|73/100 brn|[from] brn
|upkeep
|turn|2
|inactive|satandagiii2005 has 30 seconds left.
|inactive|DesignacionserialD has 30 seconds left.
|inactive|DesignacionserialD has 20 seconds left.
|
|t:|1782512785
|move|p1b: Farigiraf|Protect|p1b: Farigiraf
|-singleturn|p1b: Farigiraf|Protect
|move|p2b: Kingambit|Kowtow Cleave|p1b: Farigiraf
|-activate|p1b: Farigiraf|move: Protect
|move|p1a: Scrafty|Throat Chop|p2a: Sinistcha
|-supereffective|p2a: Sinistcha|1
|-damage|p2a: Sinistcha|38/100
|-enditem|p2a: Sinistcha|Sitrus Berry|[eat]
|-heal|p2a: Sinistcha|63/100|[from] item: Sitrus Berry
|move|p2a: Sinistcha|Trick Room|p2a: Sinistcha
|-fieldend|move: Trick Room
|
|-damage|p1b: Farigiraf|66/100 brn|[from] brn
|-damage|p1a: Scrafty|69/100 brn|[from] brn
|-end|p2a: Sinistcha|Throat Chop|[silent]
|upkeep
|turn|3
|inactive|satandagiii2005 has 30 seconds left.
|inactive|DesignacionserialD has 30 seconds left.
|inactive|satandagiii2005 has 20 seconds left.
|
|t:|1782512822
|move|p2a: Sinistcha|Rage Powder|p2a: Sinistcha
|-singleturn|p2a: Sinistcha|move: Rage Powder
|move|p1b: Farigiraf|Twin Beam|p2a: Sinistcha
|-damage|p2a: Sinistcha|42/100
|-damage|p2a: Sinistcha|25/100
|-hitcount|p2a: Sinistcha|2
|move|p1a: Scrafty|Throat Chop|p2a: Sinistcha
|-supereffective|p2a: Sinistcha|1
|-damage|p2a: Sinistcha|0 fnt
|faint|p2a: Sinistcha
|move|p2b: Kingambit|Kowtow Cleave|p1b: Farigiraf
|-supereffective|p1b: Farigiraf|1
|-damage|p1b: Farigiraf|0 fnt
|faint|p1b: Farigiraf
|
|-damage|p1a: Scrafty|63/100 brn|[from] brn
|upkeep
|
|t:|1782512846
|switch|p2a: Basculegion|Basculegion, L50, M|100/100
|switch|p1b: Sylveon|Sylveon, L50, F|100/100
|turn|4
|
|t:|1782512864
|switch|p1b: Pelipper|Pelipper, L50, F|100/100
|-weather|RainDance|[from] ability: Drizzle|[of] p1b: Pelipper
|detailschange|p1a: Scrafty|Scrafty-Mega, L50, M
|-mega|p1a: Scrafty|Scrafty|Scraftinite
|-ability|p1a: Scrafty|Intimidate|boost
|-unboost|p2a: Basculegion|atk|1
|-unboost|p2b: Kingambit|atk|1
|-ability|p2b: Kingambit|Defiant|boost
|-boost|p2b: Kingambit|atk|2
|move|p2a: Basculegion|Wave Crash|p1a: Scrafty
|-damage|p1a: Scrafty|0 fnt
|faint|p1a: Scrafty
|-damage|p2a: Basculegion|81/100|[from] Recoil
|move|p2b: Kingambit|Iron Head|p1b: Pelipper
|-resisted|p1b: Pelipper|1
|-damage|p1b: Pelipper|62/100
|
|-weather|RainDance|[upkeep]
|upkeep
|
|t:|1782512879
|switch|p1a: Sylveon|Sylveon, L50, F|100/100
|turn|5
|
|t:|1782512896
|switch|p2a: Tyranitar|Tyranitar, L50, F|100/100
|-weather|Sandstorm|[from] ability: Sand Stream|[of] p2a: Tyranitar
|move|p1a: Sylveon|Detect|p1a: Sylveon
|-singleturn|p1a: Sylveon|Protect
|move|p1b: Pelipper|Weather Ball|p2b: Kingambit
|-resisted|p2b: Kingambit|1
|-damage|p2b: Kingambit|86/100
|move|p2b: Kingambit|Iron Head|p1a: Sylveon
|-activate|p1a: Sylveon|move: Protect
|
|-weather|Sandstorm|[upkeep]
|-damage|p1b: Pelipper|56/100|[from] Sandstorm
|-damage|p1a: Sylveon|93/100|[from] Sandstorm
|upkeep
|turn|6
|
|t:|1782512918
|detailschange|p2a: Tyranitar|Tyranitar-Mega, L50, F
|-mega|p2a: Tyranitar|Tyranitar|Tyranitarite
|move|p1b: Pelipper|Tailwind|p1b: Pelipper
|-sidestart|p1: satandagiii2005|move: Tailwind
|move|p1a: Sylveon|Hyper Beam|p2b: Kingambit
|-damage|p2b: Kingambit|0 fnt
|-mustrecharge|p1a: Sylveon
|faint|p2b: Kingambit
|-damage|p1a: Sylveon|84/100|[from] item: Life Orb
|move|p2a: Tyranitar|Rock Slide|p1b: Pelipper|[spread] 
|-miss|p2a: Tyranitar|p1a: Sylveon
|-miss|p2a: Tyranitar|p1b: Pelipper
|
|-weather|Sandstorm|[upkeep]
|-damage|p1b: Pelipper|50/100g|[from] Sandstorm
|-damage|p1a: Sylveon|78/100|[from] Sandstorm
|upkeep
|
|t:|1782512939
|switch|p2b: Basculegion|Basculegion, L50, M|81/100
|turn|7
|
|t:|1782512948
|move|p1b: Pelipper|Wide Guard|p1b: Pelipper
|-singleturn|p1b: Pelipper|Wide Guard
|move|p2b: Basculegion|Last Respects|p1a: Sylveon
|-damage|p1a: Sylveon|0 fnt
|faint|p1a: Sylveon
|move|p2a: Tyranitar|Rock Slide|p1b: Pelipper
|-activate|p1b: Pelipper|move: Wide Guard
|
|-weather|Sandstorm|[upkeep]
|-damage|p2b: Basculegion|75/100|[from] Sandstorm
|-damage|p1b: Pelipper|44/100|[from] Sandstorm
|-enditem|p1b: Pelipper|Sitrus Berry|[eat]
|-heal|p1b: Pelipper|69/100|[from] item: Sitrus Berry
|upkeep
|turn|8
|
|t:|1782512968
|move|p2b: Basculegion|Last Respects|p1b: Pelipper
|-damage|p1b: Pelipper|0 fnt
|faint|p1b: Pelipper
|
|win|DesignacionserialD
|raw|satandagiii2005's rating: 1131 → 1100(-31 for losing)
|raw|DesignacionserialD's rating: 1040 → 1083(+43 for winning)
|l|☆DesignacionserialD
|player|p2|
