|j|☆jeanryupr
|j|☆ScaryQwQ
|html|jeanryuprScaryQwQ    
|uhtml|bestof|Game 1 of a best-of-3
|t:|1782688812
|gametype|doubles
|player|p1|jeanryupr|266|
|player|p2|ScaryQwQ|argenta|
|gen|9
|tier|[Gen 9 Champions] VGC 2026 Reg M-B (Bo3)
|rule|Species Clause: Limit one of each Pokémon
|rule|Item Clause: Limit 1 of each item
|clearpoke
|poke|p1|Charizard, L50, F|
|poke|p1|Sneasler, L50, M|
|poke|p1|Farigiraf, L50, M|
|poke|p1|Garchomp, L50, M|
|poke|p1|Kingambit, L50, F|
|poke|p1|Aerodactyl, L50, M|
|poke|p2|Scrafty, L50, M|
|poke|p2|Sylveon, L50, M|
|poke|p2|Sinistcha, L50|
|poke|p2|Garchomp, L50, M|
|poke|p2|Kingambit, L50, F|
|poke|p2|Delphox, L50, F|
|teampreview|4
|showteam|p1|Charizard||CharizarditeY|Blaze|HeatWave,SolarBeam,Protect,WeatherBall|Timid||F|||50|]Sneasler||WhiteHerb|Unburden|FakeOut,CloseCombat,DireClaw,Protect|Adamant||M|||50|]Farigiraf||SitrusBerry|ArmorTail|TrickRoom,Psychic,HyperVoice,Imprison|Bold||M|||50|]Garchomp||LifeOrb|RoughSkin|ScaleShot,Earthquake,RockSlide,Protect|Jolly||M|||50|]Kingambit||BlackGlasses|Defiant|KowtowCleave,Protect,SuckerPunch,IronHead|Adamant||F|||50|]Aerodactyl||FocusSash|Unnerve|RockSlide,DualWingbeat,WideGuard,Tailwind|Jolly||M|||50|
|showteam|p2|Scrafty||Scraftinite|Intimidate|DrainPunch,KnockOff,FakeOut,Protect|Adamant||M|||50|]Sylveon||FairyFeather|Pixilate|HyperVoice,HyperBeam,CalmMind,Protect|Modest||M|||50|]Sinistcha||SitrusBerry|Hospitality|MatchaGotcha,RagePowder,TrickRoom,Protect|Relaxed|||||50|]Garchomp||LifeOrb|RoughSkin|DragonClaw,StompingTantrum,RockSlide,Protect|Jolly||M|||50|]Kingambit||FocusSash|Defiant|KowtowCleave,SuckerPunch,IronHead,LowKick|Adamant||F|||50|]Delphox||Delphoxite|Blaze|HeatWave,Psyshock,NastyPlot,Protect|Timid||F|||50|
|c|☆ScaryQwQ|glhf
|l|☆jeanryupr
|player|p1|
|j|☆jeanryupr
|player|p1|jeanryupr|266|
|c|☆jeanryupr|Glhf
|
|t:|1782688896
|teamsize|p1|4
|teamsize|p2|4
|start
|switch|p1a: Aerodactyl|Aerodactyl, L50, M|100/100
|switch|p1b: Kingambit|Kingambit, L50, F|100/100
|switch|p2a: Garchomp|Garchomp, L50, M|100/100
|switch|p2b: Delphox|Delphox, L50, F|100/100
|-ability|p1a: Aerodactyl|Unnerve
|turn|1
|
|t:|1782688940
|move|p2b: Delphox|Protect|p2b: Delphox
|-singleturn|p2b: Delphox|Protect
|move|p1a: Aerodactyl|Tailwind|p1a: Aerodactyl
|-sidestart|p1: jeanryupr|move: Tailwind
|move|p2a: Garchomp|Rock Slide|p1b: Kingambit|[spread] p1b
|-miss|p2a: Garchomp|p1a: Aerodactyl
|-resisted|p1b: Kingambit|1
|-damage|p1b: Kingambit|89/100
|-damage|p2a: Garchomp|90/100|[from] item: Life Orb
|cant|p1b: Kingambit|flinch
|
|upkeep
|turn|2
|j| triziateam
|
|t:|1782688961
|switch|p2b: Kingambit|Kingambit, L50, F|100/100
|move|p1a: Aerodactyl|Rock Slide|p2a: Garchomp|[spread] p2a,p2b
|-resisted|p2a: Garchomp|1
|-resisted|p2b: Kingambit|1
|-damage|p2a: Garchomp|78/100
|-damage|p2b: Kingambit|88/100
|cant|p2a: Garchomp|flinch
|move|p1b: Kingambit|Kowtow Cleave|p2a: Garchomp
|-damage|p2a: Garchomp|19/100
|-damage|p1b: Kingambit|77/100|[from] ability: Rough Skin|[of] p2a: Garchomp
|
|upkeep
|turn|3
|
|t:|1782689010
|switch|p1b: Charizard|Charizard, L50, F|100/100
|move|p2a: Garchomp|Protect|p2a: Garchomp
|-singleturn|p2a: Garchomp|Protect
|move|p1a: Aerodactyl|Rock Slide|p2b: Kingambit|[spread] p2b
|-activate|p2a: Garchomp|move: Protect
|-resisted|p2b: Kingambit|1
|-damage|p2b: Kingambit|77/100
|move|p2b: Kingambit|Iron Head|p1a: Aerodactyl
|-supereffective|p1a: Aerodactyl|1
|-enditem|p1a: Aerodactyl|Focus Sash
|-damage|p1a: Aerodactyl|1/100
|
|upkeep
|turn|4
|
|t:|1782689059
|switch|p1a: Farigiraf|Farigiraf, L50, M|100/100
|switch|p2a: Delphox|Delphox, L50, F|100/100
|detailschange|p1b: Charizard|Charizard-Mega-Y, L50, F
|-mega|p1b: Charizard|Charizard|Charizardite Y
|-weather|SunnyDay|[from] ability: Drought|[of] p1b: Charizard
|move|p2b: Kingambit|Sucker Punch||[still]
|cant|p1a: Farigiraf|ability: Armor Tail|Sucker Punch|[of] p2b: Kingambit
|move|p1b: Charizard|Heat Wave|p2a: Delphox|[spread] p2a,p2b
|-resisted|p2a: Delphox|1
|-supereffective|p2b: Kingambit|1
|-damage|p2a: Delphox|64/100
|-damage|p2b: Kingambit|0 fnt
|faint|p2b: Kingambit
|
|-weather|SunnyDay|[upkeep]
|-sideend|p1: jeanryupr|move: Tailwind
|upkeep
|
|t:|1782689063
|switch|p2b: Garchomp|Garchomp, L50, M|19/100
|turn|5
|
|t:|1782689118
|detailschange|p2a: Delphox|Delphox-Mega, L50, F
|-mega|p2a: Delphox|Delphox|Delphoxite
|move|p1b: Charizard|Protect|p1b: Charizard
|-singleturn|p1b: Charizard|Protect
|move|p2a: Delphox|Heat Wave|p1b: Charizard|[spread] p1a
|-activate|p1b: Charizard|move: Protect
|-damage|p1a: Farigiraf|42/100
|-enditem|p1a: Farigiraf|Sitrus Berry|[eat]
|-heal|p1a: Farigiraf|67/100|[from] item: Sitrus Berry
|move|p2b: Garchomp|Rock Slide|p1a: Farigiraf|[spread] p1a
|-activate|p1b: Charizard|move: Protect
|-damage|p1a: Farigiraf|48/100
|-damage|p2b: Garchomp|9/100|[from] item: Life Orb
|move|p1a: Farigiraf|Trick Room|p1a: Farigiraf
|-fieldstart|move: Trick Room|[of] p1a: Farigiraf
|
|-weather|SunnyDay|[upkeep]
|upkeep
|turn|6
|-message|ScaryQwQ forfeited.
|
|win|jeanryupr
||ScaryQwQ is ready for game 2.
|inactive|jeanryupr has 30 seconds to confirm battle start!
||jeanryupr is ready for game 2.
|uhtml|next|Next: Game 2 of 3
|l| triziateam
|l|☆ScaryQwQ
|player|p2|
|j|☆ScaryQwQ
|player|p2|ScaryQwQ|argenta|
|l|☆jeanryupr
|player|p1|
