|j|☆GojiraFanBoy
|j|☆kyzito
|html|GojiraFanBoykyzito    
|uhtml|bestof|Game 1 of a best-of-3
|t:|1782269808
|gametype|doubles
|player|p1|GojiraFanBoy|169|1186
|player|p2|kyzito|byron|1161
|gen|9
|tier|[Gen 9 Champions] VGC 2026 Reg M-B (Bo3)
|rated|
|rule|Species Clause: Limit one of each Pokémon
|rule|Item Clause: Limit 1 of each item
|clearpoke
|poke|p1|Charizard, L50, M|
|poke|p1|Venusaur, L50, F|
|poke|p1|Garchomp, L50, M|
|poke|p1|Aerodactyl, L50, M|
|poke|p1|Farigiraf, L50, F|
|poke|p1|Incineroar, L50, M|
|poke|p2|Swampert, L50, M, shiny|
|poke|p2|Pelipper, L50, M|
|poke|p2|Archaludon, L50, M|
|poke|p2|Sinistcha-Masterpiece, L50|
|poke|p2|Gholdengo, L50|
|poke|p2|Maushold, L50|
|teampreview|4
|showteam|p1|Charizard||CharizarditeY|Blaze|HeatWave,WeatherBall,AirSlash,Protect|Modest||M|||50|]Venusaur||LifeOrb|Chlorophyll|SolarBeam,SludgeBomb,EarthPower,Protect|Modest||F|||50|]Garchomp||SoftSand|RoughSkin|Earthquake,StompingTantrum,DragonClaw,Protect|Adamant||M|||50|]Aerodactyl||FocusSash|Unnerve|RockSlide,SunnyDay,WideGuard,Tailwind|Jolly||M|||50|]Farigiraf||TwistedSpoon|ArmorTail|TrickRoom,TwinBeam,HyperVoice,HelpingHand|Quiet||F|||50|]Incineroar||SitrusBerry|Intimidate|FakeOut,FlareBlitz,ThroatChop,PartingShot|Adamant||M|||50|
|showteam|p2|Swampert||Swampertite|Torrent|WaveCrash,HighHorsepower,IcePunch,Protect|Serious||M|||50|]Pelipper||SitrusBerry|Drizzle|Tailwind,Hurricane,WideGuard,WeatherBall|Serious||M|||50|]Archaludon||Leftovers|Stamina|FlashCannon,DragonPulse,ElectroShot,Protect|Calm||M|||50|]Sinistcha-Masterpiece||KasibBerry|Hospitality|MatchaGotcha,TrickRoom,RagePowder,Protect|Bold|||||50|]Gholdengo||LifeOrb|GoodasGold|MakeItRain,ShadowBall,NastyPlot,Protect|Modest|||||50|]Maushold||FocusSash|FriendGuard|FollowMe,PopulationBomb,RainDance,Protect|Serious|||||50|
|inactive|Battle timer is ON: inactive players will automatically lose when time's up. (requested by GojiraFanBoy)
|
|t:|1782269863
|teamsize|p1|4
|teamsize|p2|4
|start
|switch|p1a: Aerodactyl|Aerodactyl, L50, M|100/100
|switch|p1b: Charizard|Charizard, L50, M|100/100
|switch|p2a: Archaludon|Archaludon, L50, M|100/100
|switch|p2b: Maushold|Maushold, L50|100/100
|-ability|p1a: Aerodactyl|Unnerve
|turn|1
|
|t:|1782269878
|move|p1b: Charizard|Protect|p1b: Charizard
|-singleturn|p1b: Charizard|Protect
|move|p1a: Aerodactyl|Rock Slide|p2b: Maushold|[spread] p2a,p2b
|-resisted|p2a: Archaludon|1
|-crit|p2a: Archaludon
|-damage|p2a: Archaludon|90/100
|-damage|p2b: Maushold|72/100
|-ability|p2a: Archaludon|Stamina|boost
|-boost|p2a: Archaludon|def|1
|move|p2b: Maushold|Rain Dance|p2b: Maushold
|-weather|RainDance
|move|p2a: Archaludon|Electro Shot||[still]
|-prepare|p2a: Archaludon|Electro Shot
|-boost|p2a: Archaludon|spa|1
|-anim|p2a: Archaludon|Electro Shot|p1b: Charizard
|-activate|p1b: Charizard|move: Protect
|
|-weather|RainDance|[upkeep]
|-heal|p2a: Archaludon|96/100|[from] item: Leftovers
|upkeep
|turn|2
|
|t:|1782269897
|switch|p1b: Garchomp|Garchomp, L50, M|100/100
|move|p1a: Aerodactyl|Sunny Day|p1a: Aerodactyl
|-weather|SunnyDay
|move|p2b: Maushold|Rain Dance|p2b: Maushold
|-weather|RainDance
|move|p2a: Archaludon|Electro Shot||[still]
|-prepare|p2a: Archaludon|Electro Shot
|-boost|p2a: Archaludon|spa|1
|-anim|p2a: Archaludon|Electro Shot|p1b: Garchomp
|-immune|p1b: Garchomp
|
|-weather|RainDance|[upkeep]
|-heal|p2a: Archaludon|100/100|[from] item: Leftovers
|upkeep
|turn|3
|
|t:|1782269917
|move|p2b: Maushold|Protect|p2b: Maushold
|-singleturn|p2b: Maushold|Protect
|move|p1a: Aerodactyl|Tailwind|p1a: Aerodactyl
|-sidestart|p1: GojiraFanBoy|move: Tailwind
|move|p1b: Garchomp|Earthquake|p2a: Archaludon|[spread] p2a
|-activate|p2b: Maushold|move: Protect
|-immune|p1a: Aerodactyl
|-supereffective|p2a: Archaludon|1
|-damage|p2a: Archaludon|62/100
|-ability|p2a: Archaludon|Stamina|boost
|-boost|p2a: Archaludon|def|1
|move|p2a: Archaludon|Electro Shot||[still]
|-prepare|p2a: Archaludon|Electro Shot
|-boost|p2a: Archaludon|spa|1
|-anim|p2a: Archaludon|Electro Shot|p1a: Aerodactyl
|-supereffective|p1a: Aerodactyl|1
|-enditem|p1a: Aerodactyl|Focus Sash
|-damage|p1a: Aerodactyl|1/100
|
|-weather|RainDance|[upkeep]
|-heal|p2a: Archaludon|68/100|[from] item: Leftovers
|upkeep
|turn|4
|inactive|kyzito has 30 seconds left.
|
|t:|1782269950
|switch|p2b: Swampert|Swampert, L50, M, shiny|100/100
|move|p2a: Archaludon|Protect|p2a: Archaludon
|-singleturn|p2a: Archaludon|Protect
|move|p1a: Aerodactyl|Sunny Day|p1a: Aerodactyl
|-weather|SunnyDay
|move|p1b: Garchomp|Earthquake|p2a: Archaludon|[spread] p2b
|-activate|p2a: Archaludon|move: Protect
|-immune|p1a: Aerodactyl
|-damage|p2b: Swampert|51/100
|
|-weather|SunnyDay|[upkeep]
|-heal|p2a: Archaludon|75/100|[from] item: Leftovers
|upkeep
|turn|5
|inactive|kyzito has 30 seconds left.
|
|t:|1782269981
|switch|p2b: Pelipper|Pelipper, L50, M|100/100
|-weather|RainDance|[from] ability: Drizzle|[of] p2b: Pelipper
|move|p1a: Aerodactyl|Sunny Day|p1a: Aerodactyl
|-weather|SunnyDay
|move|p1b: Garchomp|Earthquake|p2a: Archaludon|[spread] p2a
|-immune|p1a: Aerodactyl
|-immune|p2b: Pelipper
|-supereffective|p2a: Archaludon|1
|-damage|p2a: Archaludon|32/100
|-ability|p2a: Archaludon|Stamina|boost
|-boost|p2a: Archaludon|def|1
|move|p2a: Archaludon|Dragon Pulse|p1b: Garchomp
|-supereffective|p1b: Garchomp|1
|-damage|p1b: Garchomp|0 fnt
|faint|p1b: Garchomp
|
|-weather|SunnyDay|[upkeep]
|-heal|p2a: Archaludon|38/100|[from] item: Leftovers
|upkeep
|
|t:|1782269997
|switch|p1b: Venusaur|Venusaur, L50, F|100/100
|turn|6
|
|t:|1782270009
|switch|p1a: Charizard|Charizard, L50, M|100/100
|move|p2a: Archaludon|Protect|p2a: Archaludon
|-singleturn|p2a: Archaludon|Protect
|move|p1b: Venusaur|Solar Beam||[still]
|-prepare|p1b: Venusaur|Solar Beam
|-anim|p1b: Venusaur|Solar Beam|p2b: Pelipper
|-damage|p2b: Pelipper|18/100
|-enditem|p2b: Pelipper|Sitrus Berry|[eat]
|-heal|p2b: Pelipper|42/100|[from] item: Sitrus Berry
|-damage|p1b: Venusaur|90/100|[from] item: Life Orb
|move|p2b: Pelipper|Weather Ball|p1b: Venusaur
|-supereffective|p1b: Venusaur|1
|-crit|p1b: Venusaur
|-damage|p1b: Venusaur|0 fnt
|faint|p1b: Venusaur
|
|-weather|SunnyDay|[upkeep]
|-heal|p2a: Archaludon|44/100|[from] item: Leftovers
|-sideend|p1: GojiraFanBoy|move: Tailwind
|upkeep
|
|t:|1782270026
|switch|p1b: Aerodactyl|Aerodactyl, L50, M|1/100
|-ability|p1b: Aerodactyl|Unnerve
|turn|7
|inactive|kyzito has 30 seconds left.
|
|t:|1782270054
|switch|p2b: Maushold|Maushold, L50|72/100
|detailschange|p1a: Charizard|Charizard-Mega-Y, L50, M
|-mega|p1a: Charizard|Charizard|Charizardite Y
|move|p1b: Aerodactyl|Sunny Day||[still]
|-fail|p1b: Aerodactyl
|move|p1a: Charizard|Weather Ball|p2a: Archaludon
|-damage|p2a: Archaludon|0 fnt
|faint|p2a: Archaludon
|
|-weather|SunnyDay|[upkeep]
|upkeep
|
|t:|1782270068
|switch|p2a: Swampert|Swampert, L50, M, shiny|51/100
|turn|8
|
|t:|1782270083
|detailschange|p2a: Swampert|Swampert-Mega, L50, M, shiny
|-mega|p2a: Swampert|Swampert|Swampertite
|move|p1b: Aerodactyl|Tailwind|p1b: Aerodactyl
|-sidestart|p1: GojiraFanBoy|move: Tailwind
|move|p1a: Charizard|Weather Ball|p2a: Swampert
|-resisted|p2a: Swampert|1
|-damage|p2a: Swampert|26/100
|move|p2b: Maushold|Rain Dance|p2b: Maushold
|-weather|RainDance
|move|p2a: Swampert|Wave Crash|p1a: Charizard
|-supereffective|p1a: Charizard|1
|-damage|p1a: Charizard|0 fnt
|faint|p1a: Charizard
|-damage|p2a: Swampert|0 fnt|[from] Recoil
|faint|p2a: Swampert
|
|-weather|RainDance|[upkeep]
|upkeep
|-message|GojiraFanBoy forfeited.
|
|win|kyzito
|l|☆GojiraFanBoy
|player|p1|
||GojiraFanBoy is ready for game 2.
||kyzito is ready for game 2.
|uhtml|next|Next: Game 2 of 3
