|j|☆LynxVGC
|j|☆B1g b3luga
|html|LynxVGCB1g b3luga    
|uhtml|bestof|Game 1 of a best-of-3
|t:|1784726609
|gametype|doubles
|player|p1|LynxVGC|larry|1218
|player|p2|B1g b3luga|102|1113
|gen|9
|tier|[Gen 9 Champions] VGC 2026 Reg M-B (Bo3)
|rated|
|rule|Species Clause: Limit one of each Pokémon
|rule|Item Clause: Limit 1 of each item
|clearpoke
|poke|p1|Excadrill, L50, M|
|poke|p1|Tyranitar, L50, F|
|poke|p1|Milotic, L50, F|
|poke|p1|Staraptor, L50, F|
|poke|p1|Sinistcha, L50|
|poke|p1|Gholdengo, L50|
|poke|p2|Sceptile, L50, F, shiny|
|poke|p2|Swampert, L50, M|
|poke|p2|Pelipper, L50, F|
|poke|p2|Sylveon, L50, M|
|poke|p2|Archaludon, L50, F|
|poke|p2|Basculegion, L50, M|
|teampreview|4
|showteam|p1|Excadrill||FocusSash|SandRush|Earthquake,IronHead,RockSlide,Protect|Adamant||M|||50|]Tyranitar||Tyranitarite|SandStream|RockSlide,KnockOff,HighHorsepower,Protect|Jolly||F|||50|]Milotic||Leftovers|Competitive|Scald,IcyWind,Protect,Haze|Calm||F|||50|]Staraptor||Staraptite|Intimidate|CloseCombat,BraveBird,Tailwind,Protect|Jolly||F|||50|]Sinistcha||ColburBerry|Hospitality|MatchaGotcha,RagePowder,ShadowBall,Protect|Bold|||||50|]Gholdengo||LifeOrb|GoodasGold|MakeItRain,ShadowBall,NastyPlot,Protect|Modest|||||50|
|showteam|p2|Sceptile||Sceptilite|Unburden|Detect,LeafStorm,DragonPulse,EarthPower|Timid||F|||50|]Swampert||Swampertite|Damp|WaveCrash,Earthquake,KnockOff,Protect|Adamant||M|||50|]Pelipper||FocusSash|Drizzle|WeatherBall,Tailwind,WideGuard,Hurricane|Timid||F|||50|]Sylveon||FairyFeather|Pixilate|HyperBeam,HyperVoice,QuickAttack,Detect|Modest||M|||50|]Archaludon||Leftovers|Stamina|FlashCannon,Protect,ElectroShot,DragonPulse|Timid||F|||50|]Basculegion||LifeOrb|Adaptability|WaveCrash,LastRespects,AquaJet,Protect|Adamant||M|||50|
|inactive|Battle timer is ON: inactive players will automatically lose when time's up. (requested by B1g b3luga)
|
|t:|1784726658
|teamsize|p1|4
|teamsize|p2|4
|start
|switch|p1a: Staraptor|Staraptor, L50, F|100/100
|switch|p1b: Gholdengo|Gholdengo, L50|100/100
|switch|p2a: Archaludon|Archaludon, L50, F|100/100
|switch|p2b: Basculegion|Basculegion, L50, M|100/100
|-ability|p1a: Staraptor|Intimidate|boost
|-unboost|p2a: Archaludon|atk|1
|-unboost|p2b: Basculegion|atk|1
|turn|1
|inactive|B1g b3luga has 30 seconds left.
|
|t:|1784726686
|switch|p1b: Sinistcha|Sinistcha, L50|100/100
|switch|p2b: Pelipper|Pelipper, L50, F|100/100
|-weather|RainDance|[from] ability: Drizzle|[of] p2b: Pelipper
|detailschange|p1a: Staraptor|Staraptor-Mega, L50, F
|-mega|p1a: Staraptor|Staraptor|Staraptite
|move|p1a: Staraptor|Protect|p1a: Staraptor
|-singleturn|p1a: Staraptor|Protect
|move|p2a: Archaludon|Protect||[still]
|-fail|p2a: Archaludon
|
|-weather|RainDance|[upkeep]
|upkeep
|turn|2
|inactive|LynxVGC has 30 seconds left.
|
|t:|1784726719
|switch|p2a: Basculegion|Basculegion, L50, M|100/100
|move|p1a: Staraptor|Tailwind|p1a: Staraptor
|-sidestart|p1: LynxVGC|move: Tailwind
|move|p1b: Sinistcha|Shadow Ball|p2b: Pelipper
|-damage|p2b: Pelipper|37/100
|move|p2b: Pelipper|Tailwind|p2b: Pelipper
|-sidestart|p2: B1g b3luga|move: Tailwind
|
|-weather|RainDance|[upkeep]
|upkeep
|turn|3
|
|t:|1784726738
|move|p1a: Staraptor|Protect|p1a: Staraptor
|-singleturn|p1a: Staraptor|Protect
|move|p2b: Pelipper|Hurricane|p1b: Sinistcha
|-supereffective|p1b: Sinistcha|1
|-damage|p1b: Sinistcha|7/100
|move|p2a: Basculegion|Wave Crash|p1a: Staraptor
|-activate|p1a: Staraptor|move: Protect
|move|p1b: Sinistcha|Matcha Gotcha|p2b: Pelipper|[spread] p2a
|-miss|p1b: Sinistcha|p2b: Pelipper
|-supereffective|p2a: Basculegion|1
|-damage|p2a: Basculegion|49/100
|-heal|p1b: Sinistcha|36/100|[from] drain|[of] p2a: Basculegion
|
|-weather|RainDance|[upkeep]
|upkeep
|turn|4
|
|t:|1784726761
|move|p1b: Sinistcha|Protect|p1b: Sinistcha
|-singleturn|p1b: Sinistcha|Protect
|move|p1a: Staraptor|Brave Bird|p2a: Basculegion
|-damage|p2a: Basculegion|0 fnt
|faint|p2a: Basculegion
|-damage|p1a: Staraptor|83/100|[from] Recoil
|move|p2b: Pelipper|Hurricane|p1b: Sinistcha
|-activate|p1b: Sinistcha|move: Protect
|
|-weather|RainDance|[upkeep]
|upkeep
|
|t:|1784726767
|switch|p2a: Sceptile|Sceptile, L50, F, shiny|100/100
|turn|5
|inactive|LynxVGC has 30 seconds left.
|inactive|LynxVGC has 20 seconds left.
|
|t:|1784726807
|detailschange|p2a: Sceptile|Sceptile-Mega, L50, F, shiny
|-mega|p2a: Sceptile|Sceptile|Sceptilite
|move|p2a: Sceptile|Dragon Pulse|p1a: Staraptor
|-damage|p1a: Staraptor|33/100
|move|p1a: Staraptor|Close Combat|p2b: Pelipper
|-resisted|p2b: Pelipper|1
|-damage|p2b: Pelipper|0 fnt
|-boost|p1a: Staraptor|def|1
|-boost|p1a: Staraptor|spd|1
|faint|p2b: Pelipper
|move|p1b: Sinistcha|Shadow Ball|p2a: Sceptile
|-crit|p2a: Sceptile
|-damage|p2a: Sceptile|31/100
|
|-weather|none
|-sideend|p1: LynxVGC|move: Tailwind
|-sideend|p2: B1g b3luga|move: Tailwind
|upkeep
|
|t:|1784726815
|switch|p2b: Archaludon|Archaludon, L50, F|100/100
|turn|6
|
|t:|1784726838
|switch|p1b: Gholdengo|Gholdengo, L50|100/100
|move|p1a: Staraptor|Protect|p1a: Staraptor
|-singleturn|p1a: Staraptor|Protect
|move|p2a: Sceptile|Dragon Pulse|p1a: Staraptor
|-activate|p1a: Staraptor|move: Protect
|move|p2b: Archaludon|Dragon Pulse|p1b: Gholdengo
|-resisted|p1b: Gholdengo|1
|-damage|p1b: Gholdengo|80/100
|
|upkeep
|turn|7
|
|t:|1784726852
|switch|p1b: Sinistcha|Sinistcha, L50|36/100
|-heal|p1a: Staraptor|58/100|[from] ability: Hospitality|[of] p1b: Sinistcha
|move|p2a: Sceptile|Earth Power|p1b: Sinistcha
|-resisted|p1b: Sinistcha|1
|-damage|p1b: Sinistcha|19/100
|move|p1a: Staraptor|Close Combat|p2b: Archaludon
|-supereffective|p2b: Archaludon|1
|-damage|p2b: Archaludon|16/100
|-boost|p1a: Staraptor|def|1
|-boost|p1a: Staraptor|spd|1
|-ability|p2b: Archaludon|Stamina|boost
|-boost|p2b: Archaludon|def|1
|move|p2b: Archaludon|Dragon Pulse|p1a: Staraptor
|-damage|p1a: Staraptor|37/100
|
|-heal|p2b: Archaludon|22/100|[from] item: Leftovers
|upkeep
|turn|8
|
|t:|1784726876
|move|p2a: Sceptile|Earth Power|p1b: Sinistcha
|-resisted|p1b: Sinistcha|1
|-damage|p1b: Sinistcha|4/100
|move|p1a: Staraptor|Brave Bird|p2a: Sceptile
|-supereffective|p2a: Sceptile|1
|-damage|p2a: Sceptile|0 fnt
|faint|p2a: Sceptile
|-damage|p1a: Staraptor|29/100|[from] Recoil
|move|p2b: Archaludon|Flash Cannon|p1b: Sinistcha
|-damage|p1b: Sinistcha|0 fnt
|faint|p1b: Sinistcha
|
|-heal|p2b: Archaludon|28/100|[from] item: Leftovers
|upkeep
|
|t:|1784726886
|switch|p1b: Gholdengo|Gholdengo, L50|80/100
|turn|9
|-message|B1g b3luga forfeited.
|
|win|LynxVGC
|l|☆B1g b3luga
|player|p2|
||LynxVGC is ready for game 2.
||B1g b3luga is ready for game 2.
|uhtml|next|Next: Game 2 of 3
