|j|☆belinvgc
|j|☆lolnezan78
|html|belinvgclolnezan78    
|uhtml|bestof|Game 2 of a best-of-3
|t:|1784677182
|gametype|doubles
|player|p1|belinvgc|169|1223
|player|p2|lolnezan78|byron|1155
|gen|9
|tier|[Gen 9 Champions] VGC 2026 Reg M-B (Bo3)
|rated|
|rule|Species Clause: Limit one of each Pokémon
|rule|Item Clause: Limit 1 of each item
|clearpoke
|poke|p1|Tyranitar, L50, F|
|poke|p1|Incineroar, L50, M|
|poke|p1|Sinistcha, L50|
|poke|p1|Delphox, L50, M|
|poke|p1|Sneasler, L50, M|
|poke|p1|Kingambit, L50, M|
|poke|p2|Sneasler, L50, F|
|poke|p2|Kingambit, L50, M|
|poke|p2|Incineroar, L50, F|
|poke|p2|Floette-Eternal, L50, F|
|poke|p2|Sinistcha, L50|
|poke|p2|Delphox, L50, F, shiny|
|teampreview|4
|showteam|p1|Tyranitar||Tyranitarite|SandStream|RockSlide,KnockOff,DragonDance,Protect|Jolly||F|||50|]Incineroar||SitrusBerry|Intimidate|FlareBlitz,FakeOut,PartingShot,HelpingHand|Impish||M|||50|]Sinistcha||KasibBerry|Hospitality|MatchaGotcha,RagePowder,TrickRoom,Protect|Relaxed|||||50|]Delphox||Delphoxite|Blaze|HeatWave,Psyshock,NastyPlot,Protect|Timid||M|||50|]Sneasler||FocusSash|PoisonTouch|DireClaw,CloseCombat,FakeOut,QuickGuard|Jolly||M|||50|]Kingambit||BlackGlasses|Defiant|KowtowCleave,SuckerPunch,SwordsDance,Protect|Adamant||M|||50|
|showteam|p2|Sneasler||FocusSash|PoisonTouch|QuickGuard,FakeOut,CloseCombat,DireClaw|Jolly||F|||50|]Kingambit||LifeOrb|Defiant|Protect,SwordsDance,SuckerPunch,KowtowCleave|Adamant||M|||50|]Incineroar||SitrusBerry|Intimidate|FakeOut,PartingShot,FlareBlitz,ThroatChop|Impish||F|||50|]Floette-Eternal||Floettite|FlowerVeil|Protect,CalmMind,Moonblast,DazzlingGleam|Modest||F|||50|]Sinistcha||OccaBerry|Hospitality|Protect,MatchaGotcha,TrickRoom,RagePowder|Bold|||||50|]Delphox||Delphoxite|Blaze|Protect,HeatWave,Psyshock,NastyPlot|Timid||F|||50|
|inactive|Battle timer is ON: inactive players will automatically lose when time's up. (requested by lolnezan78)
|inactive|belinvgc has 60 seconds left.
|
|t:|1784677304
|teamsize|p1|4
|teamsize|p2|4
|start
|switch|p1a: Tyranitar|Tyranitar, L50, F|100/100
|switch|p1b: Sneasler|Sneasler, L50, M|100/100
|switch|p2a: Floette|Floette-Eternal, L50, F|100/100
|switch|p2b: Sneasler|Sneasler, L50, F|100/100
|-weather|Sandstorm|[from] ability: Sand Stream|[of] p1a: Tyranitar
|turn|1
|
|t:|1784677322
|detailschange|p2a: Floette|Floette-Mega, L50, F
|-mega|p2a: Floette|Floette|Floettite
|-ability|p2a: Floette|Fairy Aura
|detailschange|p1a: Tyranitar|Tyranitar-Mega, L50, F
|-mega|p1a: Tyranitar|Tyranitar|Tyranitarite
|move|p2b: Sneasler|Fake Out|p1b: Sneasler
|-damage|p1b: Sneasler|77/100
|cant|p1b: Sneasler|flinch
|move|p2a: Floette|Dazzling Gleam|p1a: Tyranitar|[spread] p1a,p1b
|-supereffective|p1a: Tyranitar|1
|-damage|p1a: Tyranitar|55/100
|-damage|p1b: Sneasler|14/100
|move|p1a: Tyranitar|Dragon Dance|p1a: Tyranitar
|-boost|p1a: Tyranitar|atk|1
|-boost|p1a: Tyranitar|spe|1
|
|-weather|Sandstorm|[upkeep]
|-damage|p2b: Sneasler|94/100|[from] Sandstorm
|-damage|p1b: Sneasler|8/100|[from] Sandstorm
|-damage|p2a: Floette|93/100|[from] Sandstorm
|upkeep
|turn|2
|inactive|belinvgc has 30 seconds left.
|inactive|lolnezan78 has 30 seconds left.
|inactive|belinvgc has 20 seconds left.
|inactive|belinvgc has 15 seconds left.
|inactive|belinvgc has 10 seconds left.
|inactive|belinvgc has 5 seconds left.
|
|t:|1784677377
|move|p2a: Floette|Protect|p2a: Floette
|-singleturn|p2a: Floette|Protect
|move|p1a: Tyranitar|Rock Slide|p2a: Floette|[spread] p2b
|-activate|p2a: Floette|move: Protect
|-resisted|p2b: Sneasler|1
|-damage|p2b: Sneasler|56/100
|move|p1b: Sneasler|Dire Claw|p2a: Floette
|-activate|p2a: Floette|move: Protect
|move|p2b: Sneasler|Close Combat|p1a: Tyranitar
|-supereffective|p1a: Tyranitar|2
|-damage|p1a: Tyranitar|0 fnt
|-unboost|p2b: Sneasler|def|1
|-unboost|p2b: Sneasler|spd|1
|faint|p1a: Tyranitar
|
|-weather|Sandstorm|[upkeep]
|-damage|p2b: Sneasler|50/100g|[from] Sandstorm
|-damage|p1b: Sneasler|2/100|[from] Sandstorm
|-damage|p2a: Floette|87/100|[from] Sandstorm
|upkeep
|inactive|belinvgc has 30 seconds left.
|inactive|belinvgc has 20 seconds left.
|inactive|belinvgc has 15 seconds left.
|inactive|belinvgc has 10 seconds left.
|inactive|belinvgc has 5 seconds left.
|
|t:|1784677432
|switch|p1a: Sinistcha|Sinistcha, L50|100/100
|-heal|p1b: Sneasler|27/100|[from] ability: Hospitality|[of] p1a: Sinistcha
|turn|3
|inactive|belinvgc has 30 seconds left.
|inactive|belinvgc has 20 seconds left.
|inactive|belinvgc has 15 seconds left.
|inactive|belinvgc has 10 seconds left.
|inactive|belinvgc has 5 seconds left.
|
|t:|1784677487
|switch|p2b: Incineroar|Incineroar, L50, F|100/100
|-ability|p2b: Incineroar|Intimidate|boost
|-unboost|p1a: Sinistcha|atk|1
|-unboost|p1b: Sneasler|atk|1
|move|p1b: Sneasler|Dire Claw|p2a: Floette
|-supereffective|p2a: Floette|1
|-crit|p2a: Floette
|-damage|p2a: Floette|0 fnt
|faint|p2a: Floette
|move|p1a: Sinistcha|Matcha Gotcha|p2b: Incineroar
|-resisted|p2b: Incineroar|1
|-damage|p2b: Incineroar|82/100
|
|-weather|Sandstorm|[upkeep]
|-damage|p1b: Sneasler|21/100|[from] Sandstorm
|-damage|p2b: Incineroar|76/100|[from] Sandstorm
|-damage|p1a: Sinistcha|93/100|[from] Sandstorm
|upkeep
|c|☆lolnezan78|Love this game
|inactive|lolnezan78 has 30 seconds left.
|
|t:|1784677513
|switch|p2a: Sneasler|Sneasler, L50, F|50/100g
|turn|4
|inactive|belinvgc has 30 seconds left.
|inactive|belinvgc has 20 seconds left.
|inactive|belinvgc has 15 seconds left.
|inactive|belinvgc has 10 seconds left.
|inactive|belinvgc has 5 seconds left.
|
|t:|1784677566
|move|p1a: Sinistcha|Protect|p1a: Sinistcha
|-singleturn|p1a: Sinistcha|Protect
|move|p2b: Incineroar|Fake Out|p1b: Sneasler
|-crit|p1b: Sneasler
|-damage|p1b: Sneasler|0 fnt
|faint|p1b: Sneasler
|move|p2a: Sneasler|Dire Claw|p1a: Sinistcha
|-activate|p1a: Sinistcha|move: Protect
|
|-weather|Sandstorm|[upkeep]
|-damage|p2a: Sneasler|45/100|[from] Sandstorm
|-damage|p2b: Incineroar|70/100|[from] Sandstorm
|-damage|p1a: Sinistcha|87/100|[from] Sandstorm
|upkeep
|
|t:|1784677574
|switch|p1b: Incineroar|Incineroar, L50, M|100/100
|-ability|p1b: Incineroar|Intimidate|boost
|-unboost|p2a: Sneasler|atk|1
|-unboost|p2b: Incineroar|atk|1
|turn|5
|
|t:|1784677590
|switch|p2a: Sinistcha|Sinistcha, L50|100/100
|-heal|p2b: Incineroar|95/100|[from] ability: Hospitality|[of] p2a: Sinistcha
|move|p1b: Incineroar|Fake Out|p2b: Incineroar
|-damage|p2b: Incineroar|86/100
|cant|p2b: Incineroar|flinch
|move|p1a: Sinistcha|Matcha Gotcha|p2b: Incineroar|[spread] p2a,p2b
|-resisted|p2a: Sinistcha|1
|-resisted|p2b: Incineroar|1
|-damage|p2a: Sinistcha|86/100
|-heal|p1a: Sinistcha|94/100|[from] drain|[of] p2a: Sinistcha
|-damage|p2b: Incineroar|75/100
|-heal|p1a: Sinistcha|100/100|[from] drain|[of] p2b: Incineroar
|
|-weather|none
|upkeep
|turn|6
|inactive|belinvgc has 30 seconds left.
|inactive|lolnezan78 has 30 seconds left.
|inactive|belinvgc has 20 seconds left.
|inactive|belinvgc has 15 seconds left.
|inactive|belinvgc has 10 seconds left.
|inactive|belinvgc has 5 seconds left.
|
|t:|1784677643
|move|p2b: Incineroar|Parting Shot|p1b: Incineroar
|-unboost|p1b: Incineroar|atk|1
|-unboost|p1b: Incineroar|spa|1
|
|t:|1784677651
|switch|p2b: Sneasler|Sneasler, L50, F|45/100|[from] Parting Shot
|move|p2a: Sinistcha|Matcha Gotcha|p1b: Incineroar|[spread] p1a,p1b
|-resisted|p1a: Sinistcha|1
|-resisted|p1b: Incineroar|1
|-damage|p1a: Sinistcha|88/100
|-heal|p2a: Sinistcha|92/100|[from] drain|[of] p1a: Sinistcha
|-damage|p1b: Incineroar|88/100
|-heal|p2a: Sinistcha|98/100|[from] drain|[of] p1b: Incineroar
|move|p1b: Incineroar|Flare Blitz|p2a: Sinistcha
|-supereffective|p2a: Sinistcha|1
|-enditem|p2a: Sinistcha|Occa Berry|[eat]
|-enditem|p2a: Sinistcha|Occa Berry|[weaken]
|-damage|p2a: Sinistcha|75/100
|-damage|p1b: Incineroar|81/100|[from] Recoil
|move|p1a: Sinistcha|Matcha Gotcha|p2b: Sneasler|[spread] p2a,p2b
|-resisted|p2a: Sinistcha|1
|-resisted|p2b: Sneasler|1
|-damage|p2a: Sinistcha|61/100
|-heal|p1a: Sinistcha|95/100|[from] drain|[of] p2a: Sinistcha
|-damage|p2b: Sneasler|29/100
|-heal|p1a: Sinistcha|100/100|[from] drain|[of] p2b: Sneasler
|-status|p2a: Sinistcha|brn
|-status|p2b: Sneasler|brn
|
|-damage|p2b: Sneasler|23/100 brn|[from] brn
|-damage|p2a: Sinistcha|55/100 brn|[from] brn
|upkeep
|turn|7
|inactive|belinvgc has 30 seconds left.
|inactive|lolnezan78 has 30 seconds left.
|inactive|belinvgc has 20 seconds left.
|inactive|lolnezan78 has 20 seconds left.
|inactive|lolnezan78 has 15 seconds left.
|inactive|lolnezan78 has 10 seconds left.
|inactive|lolnezan78 has 5 seconds left.
|
|t:|1784677702
|switch|p2a: Incineroar|Incineroar, L50, F|75/100
|-ability|p2a: Incineroar|Intimidate|boost
|-unboost|p1a: Sinistcha|atk|1
|-unboost|p1b: Incineroar|atk|1
|move|p2b: Sneasler|Dire Claw|p1a: Sinistcha
|-damage|p1a: Sinistcha|84/100
|move|p1b: Incineroar|Flare Blitz|p2a: Incineroar
|-resisted|p2a: Incineroar|1
|-damage|p2a: Incineroar|66/100
|-damage|p1b: Incineroar|78/100|[from] Recoil
|move|p1a: Sinistcha|Matcha Gotcha|p2a: Incineroar|[spread] p2a,p2b
|-resisted|p2a: Incineroar|1
|-resisted|p2b: Sneasler|1
|-damage|p2a: Incineroar|55/100
|-heal|p1a: Sinistcha|90/100|[from] drain|[of] p2a: Incineroar
|-damage|p2b: Sneasler|6/100 brn
|-heal|p1a: Sinistcha|97/100|[from] drain|[of] p2b: Sneasler
|
|-damage|p2b: Sneasler|1/100 brn|[from] brn
|upkeep
|turn|8
|inactive|belinvgc has 30 seconds left.
|inactive|lolnezan78 has 30 seconds left.
|inactive|belinvgc has 20 seconds left.
|
|t:|1784677737
|move|p1a: Sinistcha|Protect|p1a: Sinistcha
|-singleturn|p1a: Sinistcha|Protect
|move|p2b: Sneasler|Close Combat|p1b: Incineroar
|-supereffective|p1b: Incineroar|1
|-damage|p1b: Incineroar|28/100
|-unboost|p2b: Sneasler|def|1
|-unboost|p2b: Sneasler|spd|1
|-enditem|p1b: Incineroar|Sitrus Berry|[eat]
|-heal|p1b: Incineroar|53/100|[from] item: Sitrus Berry
|move|p2a: Incineroar|Parting Shot|p1b: Incineroar
|-unboost|p1b: Incineroar|atk|1
|-unboost|p1b: Incineroar|spa|1
|
|t:|1784677744
|switch|p2a: Sinistcha|Sinistcha, L50|55/100 brn|[from] Parting Shot
|-heal|p2b: Sneasler|25/100 brn|[from] ability: Hospitality|[of] p2a: Sinistcha
|move|p1b: Incineroar|Parting Shot|p2a: Sinistcha
|-unboost|p2a: Sinistcha|atk|1
|-unboost|p2a: Sinistcha|spa|1
|
|-damage|p2b: Sneasler|19/100 brn|[from] brn
|-damage|p2a: Sinistcha|49/100 brn|[from] brn
|upkeep
|turn|9
|inactive|belinvgc has 30 seconds left.
|
|t:|1784677776
|switch|p2a: Incineroar|Incineroar, L50, F|55/100
|-ability|p2a: Incineroar|Intimidate|boost
|-unboost|p1a: Sinistcha|atk|1
|-unboost|p1b: Incineroar|atk|1
|move|p2b: Sneasler|Close Combat|p1b: Incineroar
|-supereffective|p1b: Incineroar|1
|-damage|p1b: Incineroar|3/100
|-unboost|p2b: Sneasler|def|1
|-unboost|p2b: Sneasler|spd|1
|move|p1b: Incineroar|Flare Blitz|p2a: Incineroar
|-resisted|p2a: Incineroar|1
|-damage|p2a: Incineroar|49/100
|-enditem|p2a: Incineroar|Sitrus Berry|[eat]
|-heal|p2a: Incineroar|74/100|[from] item: Sitrus Berry
|-damage|p1b: Incineroar|1/100|[from] Recoil
|move|p1a: Sinistcha|Matcha Gotcha|p2b: Sneasler|[spread] p2a
|-miss|p1a: Sinistcha|p2b: Sneasler
|-resisted|p2a: Incineroar|1
|-damage|p2a: Incineroar|62/100
|-heal|p1a: Sinistcha|100/100|[from] drain|[of] p2a: Incineroar
|
|-damage|p2b: Sneasler|13/100 brn|[from] brn
|upkeep
|turn|10
|inactive|belinvgc has 30 seconds left.
|inactive|belinvgc has 20 seconds left.
|inactive|belinvgc has 15 seconds left.
|inactive|belinvgc has 10 seconds left.
|inactive|belinvgc has 5 seconds left.
|-message|belinvgc lost due to inactivity.
|
|win|lolnezan78
|raw|belinvgc's rating: 1223 → 1193(-30 for losing)
|raw|lolnezan78's rating: 1155 → 1185(+30 for winning)
|l|☆belinvgc
|player|p1|
|l|☆lolnezan78
|player|p2|
|j|☆lolnezan78
|player|p2|lolnezan78|byron|
