|j|☆Luh_simoes-04
|j|☆Beeetch
|html|Luh_simoes-04Beeetch    
|uhtml|bestof|Game 1 of a best-of-3
|t:|1757101375
|gametype|doubles
|player|p1|Luh_simoes-04|drayden|1213
|player|p2|Beeetch|beauty-gen4dp|1309
|gen|9
|tier|[Gen 9] VGC 2025 Reg H (Bo3)
|rated|
|rule|Species Clause: Limit one of each Pokémon
|rule|Item Clause: Limit 1 of each item
|clearpoke
|poke|p1|Armarouge, L50, M|
|poke|p1|Ursaluna-Bloodmoon, L50, M|
|poke|p1|Indeedee-F, L50, F|
|poke|p1|Tsareena, L50, F|
|poke|p1|Primarina, L50, M|
|poke|p1|Gallade, L50, M|
|poke|p2|Excadrill, L50, M|
|poke|p2|Tyranitar, L50, M|
|poke|p2|Sneasler, L50, F|
|poke|p2|Indeedee, L50, M|
|poke|p2|Corviknight, L50, F|
|poke|p2|Annihilape, L50, F|
|teampreview|4
|showteam|p1|Armarouge||PowerHerb|FlashFire|ArmorCannon,ExpandingForce,MeteorBeam,TrickRoom|||M|||50|,,,,,Grass]Ursaluna-Bloodmoon||LifeOrb|MindsEye|HyperVoice,BloodMoon,EarthPower,Protect|||M|||50|,,,,,Normal]Indeedee-F||MentalHerb|PsychicSurge|Psychic,HelpingHand,FollowMe,TrickRoom|||F|||50|,,,,,Fairy]Tsareena||WideLens|QueenlyMajesty|PowerWhip,TripleAxel,Taunt,Protect|||F|||50|,,,,,Ice]Primarina||ThroatSpray|LiquidVoice|HyperVoice,Moonblast,Haze,Protect|||M|||50|,,,,,Steel]Gallade||SafetyGoggles|Sharpness|SacredSword,PsychoCut,WideGuard,TrickRoom|||M|||50|,,,,,Water
|showteam|p2|Excadrill||FocusSash|SandRush|IronHead,HighHorsepower,Earthquake,Protect|||M|||50|,,,,,Stellar]Tyranitar||AssaultVest|SandStream|RockSlide,KnockOff,TeraBlast,LowKick|||M|||50|,,,,,Flying]Sneasler||PsychicSeed|Unburden|DireClaw,CloseCombat,ThroatChop,Protect|||F|||50|,,,,,Dark]Indeedee||ChoiceScarf|PsychicSurge|ExpandingForce,TeraBlast,Protect,Trick|||M|||50|,,,,,Psychic]Corviknight||Leftovers|MirrorArmor|BraveBird,BulkUp,Roost,Tailwind|||F|||50|,,,,,Dragon]Annihilape||SafetyGoggles|Defiant|CloseCombat,FinalGambit,RageFist,Taunt|||F|||50|,,,,,Water
|inactive|Battle timer is ON: inactive players will automatically lose when time's up. (requested by Luh_simoes-04)
|inactive|Luh_simoes-04 has 60 seconds left.
|inactive|Beeetch has 60 seconds left.
|inactive|Beeetch has 30 seconds left.
|
|t:|1757101442
|teamsize|p1|4
|teamsize|p2|4
|start
|switch|p1a: Indeedee|Indeedee-F, L50, F|100/100
|switch|p1b: Gallade|Gallade, L50, M|100/100
|switch|p2a: Annihilape|Annihilape, L50, F|100/100
|switch|p2b: Tyranitar|Tyranitar, L50, M, shiny|100/100
|-weather|Sandstorm|[from] ability: Sand Stream|[of] p2b: Tyranitar
|-fieldstart|move: Psychic Terrain|[from] ability: Psychic Surge|[of] p1a: Indeedee
|turn|1
|inactive|Beeetch has 30 seconds left.
|
|t:|1757101474
|-terastallize|p1b: Gallade|Water
|move|p1a: Indeedee|Follow Me|p1a: Indeedee
|-singleturn|p1a: Indeedee|move: Follow Me
|move|p2a: Annihilape|Taunt|p1a: Indeedee
|-start|p1a: Indeedee|move: Taunt
|-enditem|p1a: Indeedee|Mental Herb
|-end|p1a: Indeedee|move: Taunt
|move|p2b: Tyranitar|Rock Slide|p1b: Gallade|[spread] p1a,p1b
|-damage|p1a: Indeedee|66/100
|-damage|p1b: Gallade|61/100
|cant|p1b: Gallade|flinch
|
|-weather|Sandstorm|[upkeep]
|-damage|p1a: Indeedee|60/100|[from] Sandstorm
|upkeep
|turn|2
|
|t:|1757101496
|move|p1a: Indeedee|Follow Me|p1a: Indeedee
|-singleturn|p1a: Indeedee|move: Follow Me
|move|p2a: Annihilape|Taunt|p1a: Indeedee
|-start|p1a: Indeedee|move: Taunt
|move|p2b: Tyranitar|Rock Slide|p1a: Indeedee|[spread] p1a,p1b
|-damage|p1a: Indeedee|27/100
|-damage|p1b: Gallade|27/100
|move|p1b: Gallade|Trick Room|p1b: Gallade
|-fieldstart|move: Trick Room|[of] p1b: Gallade
|
|-weather|Sandstorm|[upkeep]
|-damage|p1a: Indeedee|21/100|[from] Sandstorm
|upkeep
|turn|3
|inactive|Beeetch has 30 seconds left.
|
|t:|1757101525
|switch|p2a: Indeedee|Indeedee, L50, M, shiny|100/100
|-terastallize|p2b: Tyranitar|Flying
|move|p1b: Gallade|Sacred Sword|p2b: Tyranitar
|-resisted|p2b: Tyranitar
|-damage|p2b: Tyranitar|74/100
|move|p1a: Indeedee|Psychic|p2a: Indeedee
|-resisted|p2a: Indeedee
|-damage|p2a: Indeedee|73/100
|move|p2b: Tyranitar|Knock Off|p1b: Gallade
|-damage|p1b: Gallade|0 fnt
|-enditem|p1b: Gallade|Safety Goggles|[from] move: Knock Off|[of] p2b: Tyranitar
|faint|p1b: Gallade
|
|-weather|Sandstorm|[upkeep]
|-damage|p1a: Indeedee|15/100|[from] Sandstorm
|-damage|p2b: Tyranitar|68/100|[from] Sandstorm
|-damage|p2a: Indeedee|67/100|[from] Sandstorm
|upkeep
|
|t:|1757101540
|switch|p1b: Armarouge|Armarouge, L50, M|100/100
|turn|4
|
|t:|1757101552
|move|p1b: Armarouge|Meteor Beam||[still]
|-prepare|p1b: Armarouge|Meteor Beam
|-boost|p1b: Armarouge|spa|1
|-enditem|p1b: Armarouge|Power Herb
|-anim|p1b: Armarouge|Meteor Beam|p2b: Tyranitar
|-supereffective|p2b: Tyranitar
|-damage|p2b: Tyranitar|0 fnt
|faint|p2b: Tyranitar
|move|p1a: Indeedee|Psychic|p2a: Indeedee
|-resisted|p2a: Indeedee
|-crit|p2a: Indeedee
|-damage|p2a: Indeedee|27/100
|-unboost|p2a: Indeedee|spd|1
|move|p2a: Indeedee|Trick|p1a: Indeedee
|-activate|p2a: Indeedee|move: Trick|[of] p1a: Indeedee
|-item|p1a: Indeedee|Choice Scarf|[from] move: Trick
|-enditem|p2a: Indeedee|Choice Scarf|[silent]|[from] move: Trick
|
|-weather|Sandstorm|[upkeep]
|-damage|p1b: Armarouge|94/100|[from] Sandstorm
|-damage|p1a: Indeedee|8/100|[from] Sandstorm
|-damage|p2a: Indeedee|21/100|[from] Sandstorm
|upkeep
|inactive|Beeetch has 30 seconds left.
|
|t:|1757101580
|switch|p2b: Annihilape|Annihilape, L50, F|100/100
|turn|5
|
|t:|1757101595
|switch|p1a: Primarina|Primarina, L50, M|100/100
|switch|p2b: Corviknight|Corviknight, L50, F|100/100
|move|p1b: Armarouge|Expanding Force|p2b: Corviknight|[spread] p2a,p2b
|-resisted|p2a: Indeedee
|-resisted|p2b: Corviknight
|-damage|p2a: Indeedee|0 fnt
|-damage|p2b: Corviknight|60/100
|faint|p2a: Indeedee
|
|-weather|none
|-heal|p2b: Corviknight|66/100|[from] item: Leftovers
|-fieldend|move: Psychic Terrain
|upkeep
|
|t:|1757101606
|switch|p2a: Annihilape|Annihilape, L50, F|100/100
|turn|6
|
|t:|1757101622
|move|p1b: Armarouge|Armor Cannon|p2b: Corviknight
|-supereffective|p2b: Corviknight
|-damage|p2b: Corviknight|0 fnt
|-unboost|p1b: Armarouge|def|1
|-unboost|p1b: Armarouge|spd|1
|faint|p2b: Corviknight
|move|p1a: Primarina|Moonblast|p2a: Annihilape
|-supereffective|p2a: Annihilape
|-damage|p2a: Annihilape|10/100
|move|p2a: Annihilape|Rage Fist|p1b: Armarouge
|-supereffective|p1b: Armarouge
|-damage|p1b: Armarouge|0 fnt
|faint|p1b: Armarouge
|
|-fieldend|move: Trick Room
|upkeep
|
|t:|1757101630
|switch|p1b: Indeedee|Indeedee-F, L50, F|8/100
|-fieldstart|move: Psychic Terrain|[from] ability: Psychic Surge|[of] p1b: Indeedee
|turn|7
|
|t:|1757101639
|move|p2a: Annihilape|Rage Fist|p1a: Primarina
|-damage|p1a: Primarina|51/100
|move|p1b: Indeedee|Psychic|p2a: Annihilape
|-supereffective|p2a: Annihilape
|-damage|p2a: Annihilape|0 fnt
|faint|p2a: Annihilape
|
|win|Luh_simoes-04
