|j|☆wpnxemcail
|j|☆kokomiiiii
|html|wpnxemcailkokomiiiii    
|uhtml|bestof|Game 1 of a best-of-3
|t:|1757738458
|gametype|doubles
|player|p1|wpnxemcail|1|1070
|player|p2|kokomiiiii|lillie-masters|1059
|gen|9
|tier|[Gen 9] VGC 2025 Reg H (Bo3)
|rated|
|rule|Species Clause: Limit one of each Pokémon
|rule|Item Clause: Limit 1 of each item
|clearpoke
|poke|p1|Typhlosion-Hisui, L50, M|
|poke|p1|Dragapult, L50, F|
|poke|p1|Whimsicott, L50, F|
|poke|p1|Torkoal, L50, F|
|poke|p1|Lilligant-Hisui, L50, F|
|poke|p1|Indeedee, L50, M|
|poke|p2|Dragonite, L50, M|
|poke|p2|Sneasler, L50, F|
|poke|p2|Rillaboom, L50, M|
|poke|p2|Volcarona, L50, M|
|poke|p2|Ninetales-Alola, L50, F|
|poke|p2|Incineroar, L50, M|
|teampreview|4
|showteam|p1|Typhlosion-Hisui||ChoiceSpecs|Blaze|Eruption,ShadowBall,Overheat,HeatWave|||M|||50|,,,,,Fire]Dragapult||ChoiceBand|ClearBody|DragonDarts,Uturn,TeraBlast,PhantomForce|||F|||50|,,,,,Fairy]Whimsicott||CovertCloak|Prankster|Tailwind,Encore,SunnyDay,Moonblast|||F|||50|,,,,,Water]Torkoal||Charcoal|Drought|Eruption,Overheat,Protect,EarthPower|||F|||50|,,,,,Fire]Lilligant-Hisui||FocusSash|Chlorophyll|CloseCombat,LeafBlade,AfterYou,SleepPowder|||F|||50|,,,,,Ghost]Indeedee||MindPlate|PsychicSurge|Imprison,ExpandingForce,TrickRoom,HelpingHand|||M|||50|,,,,,Psychic
|showteam|p2|Dragonite||LoadedDice|Multiscale|ScaleShot,StompingTantrum,Haze,Protect|||M|||50|,,,,,Fairy]Sneasler||FocusSash|Unburden|FakeOut,Coaching,CloseCombat,DireClaw|||F|||50|,,,,,Stellar]Rillaboom||AssaultVest|GrassySurge|FakeOut,WoodHammer,HighHorsepower,GrassyGlide|||M|||50|,,,,,Fire]Volcarona||Leftovers|FlameBody|HeatWave,TeraBlast,QuiverDance,Protect|||M|||50|,,,,,Fairy]Ninetales-Alola||CovertCloak|SnowWarning|IcyWind,AuroraVeil,Blizzard,Encore|||F|||50|,,,,,Water]Incineroar||SafetyGoggles|Intimidate|FakeOut,KnockOff,FlareBlitz,PartingShot|||M|||50|,,,,,Ghost
|
|t:|1757738509
|teamsize|p1|4
|teamsize|p2|4
|start
|switch|p1a: Torkoal|Torkoal, L50, F|100/100
|switch|p1b: Lilligant|Lilligant-Hisui, L50, F, shiny|100/100
|switch|p2a: Volcarona|Volcarona, L50, M, shiny|100/100
|switch|p2b: Midcineroar|Incineroar, L50, M, shiny|100/100
|-ability|p2b: Midcineroar|Intimidate|boost
|-unboost|p1a: Torkoal|atk|1
|-unboost|p1b: Lilligant|atk|1
|-weather|SunnyDay|[from] ability: Drought|[of] p1a: Torkoal
|turn|1
|
|t:|1757738534
|switch|p1a: Indeedee|Indeedee, L50, M|100/100
|-fieldstart|move: Psychic Terrain|[from] ability: Psychic Surge|[of] p1a: Indeedee
|move|p2b: Midcineroar|Fake Out|p1b: Lilligant
|-activate|p1b: Lilligant|move: Psychic Terrain
|move|p1b: Lilligant|Sleep Powder|p2a: Volcarona
|-status|p2a: Volcarona|slp|[from] move: Sleep Powder
|cant|p2a: Volcarona|slp
|
|-weather|SunnyDay|[upkeep]
|upkeep
|turn|2
|
|t:|1757738561
|switch|p1b: Dragapult|Dragapult, L50, F, shiny|100/100
|move|p1a: Indeedee|Expanding Force|p2b: Midcineroar|[spread] p2a
|-immune|p2b: Midcineroar
|-damage|p2a: Volcarona|47/100 slp
|cant|p2a: Volcarona|slp
|move|p2b: Midcineroar|Knock Off|p1a: Indeedee
|-supereffective|p1a: Indeedee
|-damage|p1a: Indeedee|0 fnt
|-enditem|p1a: Indeedee|Mind Plate|[from] move: Knock Off|[of] p2b: Midcineroar
|faint|p1a: Indeedee
|
|-weather|SunnyDay|[upkeep]
|-heal|p2a: Volcarona|53/100 slp|[from] item: Leftovers
|upkeep
|
|t:|1757738574
|switch|p1a: Lilligant|Lilligant-Hisui, L50, F, shiny|100/100
|turn|3
|
|t:|1757738584
|move|p1a: Lilligant|Close Combat|p2b: Midcineroar
|-supereffective|p2b: Midcineroar
|-damage|p2b: Midcineroar|0 fnt
|-unboost|p1a: Lilligant|def|1
|-unboost|p1a: Lilligant|spd|1
|faint|p2b: Midcineroar
|move|p1b: Dragapult|U-turn|p2a: Volcarona
|-resisted|p2a: Volcarona
|-damage|p2a: Volcarona|32/100 slp
|
|t:|1757738592
|switch|p1b: Torkoal|Torkoal, L50, F|100/100|[from] U-turn
|-curestatus|p2a: Volcarona|slp|[msg]
|move|p2a: Volcarona|Quiver Dance|p2a: Volcarona
|-boost|p2a: Volcarona|spa|1
|-boost|p2a: Volcarona|spd|1
|-boost|p2a: Volcarona|spe|1
|
|-weather|SunnyDay|[upkeep]
|-heal|p2a: Volcarona|39/100|[from] item: Leftovers
|upkeep
|
|t:|1757738606
|switch|p2b: Dragonite|Dragonite, L50, M, shiny|100/100
|turn|4
|
|t:|1757738616
|-terastallize|p1b: Torkoal|Fire
|move|p1a: Lilligant|After You|p1b: Torkoal
|-activate|p1b: Torkoal|move: After You
|move|p1b: Torkoal|Eruption|p2b: Dragonite|[spread] p2a,p2b
|-resisted|p2b: Dragonite
|-damage|p2a: Volcarona|0 fnt
|-damage|p2b: Dragonite|71/100
|faint|p2a: Volcarona
|move|p2b: Dragonite|Scale Shot|p1a: Lilligant
|-damage|p1a: Lilligant|65/100
|-damage|p1a: Lilligant|30/100
|-damage|p1a: Lilligant|0 fnt
|faint|p1a: Lilligant
|-hitcount|p1: Lilligant|3
|-unboost|p2b: Dragonite|def|1
|-boost|p2b: Dragonite|spe|1
|
|-weather|SunnyDay|[upkeep]
|upkeep
|
|t:|1757738630
|switch|p1a: Dragapult|Dragapult, L50, F, shiny|100/100
|switch|p2a: Sneasler|Sneasler, L50, F, shiny|100/100
|turn|5
|
|t:|1757738655
|move|p1a: Dragapult|Dragon Darts|p2a: Sneasler
|-damage|p2a: Sneasler|37/100
|-anim|p1a: Dragapult|Dragon Darts|p2b: Dragonite
|-supereffective|p2b: Dragonite
|-damage|p2b: Dragonite|0 fnt
|faint|p2b: Dragonite
|move|p2a: Sneasler|Dire Claw|p1b: Torkoal
|-damage|p1b: Torkoal|64/100
|move|p1b: Torkoal|Eruption|p2a: Sneasler
|-damage|p2a: Sneasler|0 fnt
|faint|p2a: Sneasler
|
|win|wpnxemcail
|inactive|wpnxemcail has 30 seconds to confirm battle start!
|inactive|kokomiiiii has 30 seconds to confirm battle start!
||wpnxemcail is ready for game 2.
