|j|☆Advertisementish
|j|☆indigo dye
|html|Advertisementishindigo dye    
|uhtml|bestof|Game 3 of a best-of-3
|t:|1756020102
|gametype|doubles
|player|p1|Advertisementish|n|1194
|player|p2|indigo dye|2|1210
|gen|9
|tier|[Gen 9] VGC 2025 Reg H (Bo3)
|rated|
|rule|Species Clause: Limit one of each Pokémon
|rule|Item Clause: Limit 1 of each item
|clearpoke
|poke|p1|Dragonite, L50, M|
|poke|p1|Tatsugiri, L50, M|
|poke|p1|Dondozo, L50, M|
|poke|p1|Glimmora, L50, M|
|poke|p1|Gholdengo, L50|
|poke|p1|Talonflame, L50, F|
|poke|p2|Gholdengo, L50|
|poke|p2|Sneasler, L50, M|
|poke|p2|Rillaboom, L50, M|
|poke|p2|Dragonite, L50, F|
|poke|p2|Ninetales-Alola, L50, F|
|poke|p2|Arcanine-Hisui, L50, F|
|teampreview|4
|showteam|p1|Dragonite||ChoiceBand|Multiscale|IceSpinner,ExtremeSpeed,Outrage,Earthquake|||M|||50|,,,,,Normal]Tatsugiri||ChoiceScarf|Commander|MuddyWater,IcyWind,DracoMeteor,SleepTalk|||M|||50|,,,,,Steel]Dondozo||Leftovers|Unaware|WaveCrash,OrderUp,Earthquake,Protect|||M|||50|,,,,,Grass]Glimmora||AssaultVest|ToxicDebris|PowerGem,EarthPower,MortalSpin,EnergyBall|||M|||50|,,,,,Grass]Gholdengo||ChoiceSpecs|GoodasGold|MakeItRain,ShadowBall,Thunderbolt,PowerGem||||||50|,,,,,Steel]Talonflame||CovertCloak|GaleWings|DualWingbeat,WillOWisp,Taunt,Tailwind|||F|||50|,,,,,Flying
|showteam|p2|Gholdengo||GrassySeed|GoodasGold|NastyPlot,MakeItRain,ShadowBall,Protect||||||50|,,,,,Water]Sneasler||WhiteHerb|Unburden|CloseCombat,DireClaw,Coaching,Protect|||M|||50|,,,,,Ghost]Rillaboom||AssaultVest|GrassySurge|FakeOut,GrassyGlide,DrumBeating,HighHorsepower|||M|||50|,,,,,Fire]Dragonite||LoadedDice|Multiscale|ScaleShot,StompingTantrum,Tailwind,Protect|||F|||50|,,,,,Ground]Ninetales-Alola||FocusSash|SnowWarning|Blizzard,IcyWind,Encore,AuroraVeil|||F|||50|,,,,,Ghost]Arcanine-Hisui||ClearAmulet|Intimidate|RockSlide,FlareBlitz,ExtremeSpeed,Protect|||F|||50|,,,,,Water
|inactive|Battle timer is ON: inactive players will automatically lose when time's up. (requested by Advertisementish)
|inactive|Advertisementish has 60 seconds left.
|j| Klkibby23
|l|☆indigo dye
|inactive|indigo dye disconnected and has a minute to reconnect!
|player|p2|
|inactive|Advertisementish has 30 seconds left.
|j|☆indigo dye
|inactive|indigo dye reconnected.
|player|p2|indigo dye|2|
|
|t:|1756020170
|teamsize|p1|4
|teamsize|p2|4
|start
|switch|p1a: Glimmora|Glimmora, L50, M|100/100
|switch|p1b: Gholdengo|Gholdengo, L50|100/100
|switch|p2a: Ninetales|Ninetales-Alola, L50, F|100/100
|switch|p2b: Gholdengo|Gholdengo, L50|100/100
|-weather|Snowscape|[from] ability: Snow Warning|[of] p2a: Ninetales
|turn|1
|
|t:|1756020182
|move|p2b: Gholdengo|Protect|p2b: Gholdengo
|-singleturn|p2b: Gholdengo|Protect
|move|p2a: Ninetales|Icy Wind|p1b: Gholdengo|[spread] p1a,p1b
|-resisted|p1b: Gholdengo
|-crit|p1b: Gholdengo
|-damage|p1a: Glimmora|89/100
|-damage|p1b: Gholdengo|86/100
|-unboost|p1a: Glimmora|spe|1
|-unboost|p1b: Gholdengo|spe|1
|move|p1b: Gholdengo|Shadow Ball|p2b: Gholdengo
|-activate|p2b: Gholdengo|move: Protect
|move|p1a: Glimmora|Mortal Spin|p2b: Gholdengo|[spread] p2a
|-activate|p2b: Gholdengo|move: Protect
|-supereffective|p2a: Ninetales
|-damage|p2a: Ninetales|91/100
|-status|p2a: Ninetales|psn
|
|-weather|Snowscape|[upkeep]
|-damage|p2a: Ninetales|79/100 psn|[from] psn
|upkeep
|turn|2
|inactive|Advertisementish has 30 seconds left.
|
|t:|1756020211
|-terastallize|p1a: Glimmora|Grass
|move|p2a: Ninetales|Encore|p1a: Glimmora
|-start|p1a: Glimmora|Encore
|move|p2b: Gholdengo|Shadow Ball|p1b: Gholdengo
|-supereffective|p1b: Gholdengo
|-damage|p1b: Gholdengo|0 fnt
|faint|p1b: Gholdengo
|move|p1a: Glimmora|Mortal Spin|p2b: Gholdengo|[spread] p2a
|-immune|p2b: Gholdengo
|-supereffective|p2a: Ninetales
|-damage|p2a: Ninetales|67/100 psn
|
|-weather|Snowscape|[upkeep]
|-damage|p2a: Ninetales|55/100 psn|[from] psn
|upkeep
|
|t:|1756020223
|switch|p1b: Dondozo|Dondozo, L50, M|100/100
|turn|3
|
|t:|1756020230
|switch|p1a: Tatsugiri|Tatsugiri, L50, M, shiny|100/100
|-activate|p1a: Tatsugiri|ability: Commander|[of] p1b: Dondozo
|-boost|p1b: Dondozo|atk|2
|-boost|p1b: Dondozo|spa|2
|-boost|p1b: Dondozo|spe|2
|-boost|p1b: Dondozo|def|2
|-boost|p1b: Dondozo|spd|2
|move|p2b: Gholdengo|Protect|p2b: Gholdengo
|-singleturn|p2b: Gholdengo|Protect
|move|p2a: Ninetales|Aurora Veil|p2a: Ninetales
|-sidestart|p2: indigo dye|move: Aurora Veil
|move|p1b: Dondozo|Earthquake|p2a: Ninetales|[spread] p2a
|-miss|p1b: Dondozo|p1a: Tatsugiri
|-activate|p2b: Gholdengo|move: Protect
|-damage|p2a: Ninetales|21/100 psn
|
|-weather|Snowscape|[upkeep]
|-damage|p2a: Ninetales|9/100 psn|[from] psn
|upkeep
|turn|4
|n| Klkibby23|klkibby23
|c| Klkibby23|Good luck
|
|t:|1756020247
|switch|p2b: Rillaboom|Rillaboom, L50, M|100/100
|-fieldstart|move: Grassy Terrain|[from] ability: Grassy Surge|[of] p2b: Rillaboom
|move|p2a: Ninetales|Encore|p1b: Dondozo
|-start|p1b: Dondozo|Encore
|move|p1b: Dondozo|Earthquake|p2b: Rillaboom|[spread] p2a,p2b
|-miss|p1b: Dondozo|p1a: Tatsugiri
|-resisted|p2b: Rillaboom
|-damage|p2a: Ninetales|0 fnt
|-damage|p2b: Rillaboom|92/100
|faint|p2a: Ninetales
|
|-weather|Snowscape|[upkeep]
|-heal|p2b: Rillaboom|98/100|[from] Grassy Terrain
|upkeep
|
|t:|1756020251
|switch|p2a: Sneasler|Sneasler, L50, M|100/100
|turn|5
|
|t:|1756020261
|move|p1b: Dondozo|Earthquake|p2b: Rillaboom|[spread] p2a,p2b
|-miss|p1b: Dondozo|p1a: Tatsugiri
|-supereffective|p2a: Sneasler
|-resisted|p2b: Rillaboom
|-damage|p2a: Sneasler|60/100
|-damage|p2b: Rillaboom|90/100
|move|p2a: Sneasler|Dire Claw|p1b: Dondozo
|-damage|p1b: Dondozo|87/100
|-status|p1b: Dondozo|psn
|move|p2b: Rillaboom|Drum Beating|p1b: Dondozo
|-supereffective|p1b: Dondozo
|-damage|p1b: Dondozo|49/100 psn
|-unboost|p1b: Dondozo|spe|1
|
|-weather|none
|-heal|p2a: Sneasler|66/100|[from] Grassy Terrain
|-heal|p2b: Rillaboom|96/100|[from] Grassy Terrain
|-heal|p1b: Dondozo|55/100 psn|[from] Grassy Terrain
|-heal|p1b: Dondozo|61/100 psn|[from] item: Leftovers
|-damage|p1b: Dondozo|49/100 psn|[from] psn
|upkeep
|turn|6
|
|t:|1756020278
|move|p2a: Sneasler|Close Combat|p1b: Dondozo
|-damage|p1b: Dondozo|26/100 psn
|-unboost|p2a: Sneasler|def|1
|-unboost|p2a: Sneasler|spd|1
|-enditem|p2a: Sneasler|White Herb
|-clearnegativeboost|p2a: Sneasler|[silent]
|move|p2b: Rillaboom|Drum Beating|p1b: Dondozo
|-supereffective|p1b: Dondozo
|-damage|p1b: Dondozo|0 fnt
|faint|p1b: Dondozo
|
|-heal|p2a: Sneasler|72/100|[from] Grassy Terrain
|-heal|p2b: Rillaboom|100/100|[from] Grassy Terrain
|upkeep
|l| Klkibby23
|
|t:|1756020289
|switch|p1b: Glimmora|Glimmora, L50, M, tera:Grass|89/100
|turn|7
|
|t:|1756020302
|move|p2a: Sneasler|Dire Claw|p1b: Glimmora
|-supereffective|p1b: Glimmora
|-damage|p1b: Glimmora|26/100
|-status|p1b: Glimmora|psn
|-activate|p1b: Glimmora|ability: Toxic Debris
|-sidestart|p2: indigo dye|move: Toxic Spikes
|move|p1a: Tatsugiri|Draco Meteor|p2a: Sneasler
|-damage|p2a: Sneasler|31/100
|-unboost|p1a: Tatsugiri|spa|2
|move|p2b: Rillaboom|Drum Beating|p1a: Tatsugiri
|-damage|p1a: Tatsugiri|27/100
|-unboost|p1a: Tatsugiri|spe|1
|move|p1b: Glimmora|Mortal Spin|p2b: Rillaboom|[spread] p2a,p2b
|-resisted|p2a: Sneasler
|-supereffective|p2b: Rillaboom
|-damage|p2a: Sneasler|29/100
|-damage|p2b: Rillaboom|94/100
|-status|p2b: Rillaboom|psn
|
|-heal|p2a: Sneasler|36/100|[from] Grassy Terrain
|-heal|p2b: Rillaboom|99/100 psn|[from] Grassy Terrain
|-heal|p1a: Tatsugiri|33/100|[from] Grassy Terrain
|-heal|p1b: Glimmora|32/100 psn|[from] Grassy Terrain
|-damage|p2b: Rillaboom|88/100 psn|[from] psn
|-damage|p1b: Glimmora|20/100 psn|[from] psn
|-sideend|p2: indigo dye|move: Aurora Veil
|upkeep
|turn|8
|j| Klkibby23
|-message|Advertisementish forfeited.
|raw|Advertisementish's rating: 1194 → 1170(-24 for losing)
|raw|indigo dye's rating: 1210 → 1234(+24 for winning)
|
|win|indigo dye
