|j|☆Troutlegs
|j|☆Frakub
|html|TroutlegsFrakub    
|uhtml|bestof|Game 2 of a best-of-3
|t:|1754934441
|gametype|doubles
|player|p1|Troutlegs|workerice|1183
|player|p2|Frakub|acetrainer-gen4dp|1175
|gen|9
|tier|[Gen 9] VGC 2025 Reg H (Bo3)
|rated|
|rule|Species Clause: Limit one of each Pokémon
|rule|Item Clause: Limit 1 of each item
|clearpoke
|poke|p1|Sneasler, L50, M|
|poke|p1|Amoonguss, L50, M|
|poke|p1|Ursaluna, L50, F|
|poke|p1|Porygon2, L50|
|poke|p1|Milotic, L50, F|
|poke|p1|Gholdengo, L50|
|poke|p2|Kingambit, L50, F|
|poke|p2|Rillaboom, L50, F|
|poke|p2|Electabuzz, L50, F|
|poke|p2|Incineroar, L50, F|
|poke|p2|Ninetales-Alola, L50, M|
|poke|p2|Dragonite, L50, F|
|teampreview|4
|showteam|p1|Sneasler||FocusSash|Unburden|FakeOut,DireClaw,CloseCombat,Protect|||M|||50|,,,,,Ghost]Amoonguss||RockyHelmet|Regenerator|RagePowder,ClearSmog,Spore,Protect|||M|||50|,,,,,Water]Ursaluna||FlameOrb|Guts|Facade,HeadlongRush,Earthquake,Protect|||F|||50|,,,,,Ghost]Porygon2||Eviolite|Download|TeraBlast,ShadowBall,Recover,TrickRoom||||||50|,,,,,Flying]Milotic||CovertCloak|Competitive|MuddyWater,Coil,Hypnosis,Recover|||F|||50|,,,,,Grass]Gholdengo||ChoiceScarf|GoodasGold|ShadowBall,MakeItRain,FocusBlast,Trick||||||50|,,,,,Steel
|showteam|p2|Kingambit||BlackGlasses|Defiant|KowtowCleave,SuckerPunch,SwordsDance,Protect|||F|||50|,,,,,Dark]Rillaboom||AssaultVest|GrassySurge|WoodHammer,GrassyGlide,Uturn,FakeOut|||F|||50|,,,,,Fire]Electabuzz||Eviolite|VitalSpirit|Electroweb,FollowMe,Taunt,Protect|||F|||50|,,,,,Ghost]Incineroar||SafetyGoggles|Intimidate|FakeOut,PartingShot,KnockOff,FlareBlitz|||F|||50|,,,,,Ghost]Ninetales-Alola||NeverMeltIce|SnowWarning|Blizzard,FreezeDry,Protect,Encore|||M|||50|,,,,,Ghost]Dragonite||LoadedDice|Multiscale|ScaleShot,Tailwind,Haze,Protect|||F|||50|,,,,,Steel
|inactive|Battle timer is ON: inactive players will automatically lose when time's up. (requested by Frakub)
|inactive|Troutlegs also wants the timer to be on.
|
|t:|1754934462
|teamsize|p1|4
|teamsize|p2|4
|start
|switch|p1a: Sneasler|Sneasler, L50, M|100/100
|switch|p1b: Porygon2|Porygon2, L50|100/100
|switch|p2a: Kingambit|Kingambit, L50, F|100/100
|switch|p2b: Electabuzz|Electabuzz, L50, F|100/100
|-ability|p1b: Porygon2|Download|boost
|-boost|p1b: Porygon2|spa|1
|turn|1
|
|t:|1754934475
|move|p2a: Kingambit|Protect|p2a: Kingambit
|-singleturn|p2a: Kingambit|Protect
|move|p1a: Sneasler|Fake Out|p2b: Electabuzz
|-damage|p2b: Electabuzz|87/100
|cant|p2b: Electabuzz|flinch
|move|p1b: Porygon2|Trick Room|p1b: Porygon2
|-fieldstart|move: Trick Room|[of] p1b: Porygon2
|
|upkeep
|turn|2
|
|t:|1754934489
|switch|p1a: Ursaluna|Ursaluna, L50, F|100/100
|move|p2b: Electabuzz|Follow Me|p2b: Electabuzz
|-singleturn|p2b: Electabuzz|move: Follow Me
|move|p2a: Kingambit|Swords Dance|p2a: Kingambit
|-boost|p2a: Kingambit|atk|2
|move|p1b: Porygon2|Tera Blast|p2b: Electabuzz
|-damage|p2b: Electabuzz|55/100
|
|-status|p1a: Ursaluna|brn|[from] item: Flame Orb
|upkeep
|turn|3
|inactive|Frakub has 30 seconds left.
|
|t:|1754934516
|switch|p1b: Amoonguss|Amoonguss, L50, M|100/100
|switch|p2b: Incineroar|Incineroar, L50, F|100/100
|-ability|p2b: Incineroar|Intimidate|boost
|-unboost|p1a: Ursaluna|atk|1
|-unboost|p1b: Amoonguss|atk|1
|move|p1a: Ursaluna|Protect|p1a: Ursaluna
|-singleturn|p1a: Ursaluna|Protect
|move|p2a: Kingambit|Protect||[still]
|-fail|p2a: Kingambit
|
|-damage|p1a: Ursaluna|94/100 brn|[from] brn
|upkeep
|turn|4
|
|t:|1754934540
|switch|p1a: Porygon2|Porygon2, L50|100/100
|-ability|p1a: Porygon2|Download|boost
|-boost|p1a: Porygon2|spa|1
|-terastallize|p2a: Kingambit|Dark
|move|p2b: Incineroar|Fake Out|p1b: Amoonguss
|-damage|p1b: Amoonguss|91/100
|-damage|p2b: Incineroar|84/100|[from] item: Rocky Helmet|[of] p1b: Amoonguss
|cant|p1b: Amoonguss|flinch
|move|p2a: Kingambit|Kowtow Cleave|p1a: Porygon2
|-damage|p1a: Porygon2|7/100
|
|upkeep
|turn|5
|inactive|Troutlegs has 30 seconds left.
|
|t:|1754934565
|switch|p1b: Sneasler|Sneasler, L50, M|100/100
|switch|p1a: Ursaluna|Ursaluna, L50, F|94/100 brn
|switch|p2b: Electabuzz|Electabuzz, L50, F|55/100
|move|p2a: Kingambit|Protect||[still]
|-fail|p2a: Kingambit
|
|-damage|p1a: Ursaluna|88/100 brn|[from] brn
|-fieldend|move: Trick Room
|upkeep
|turn|6
|inactive|Troutlegs has 30 seconds left.
|
|t:|1754934594
|switch|p1b: Porygon2|Porygon2, L50|7/100
|-ability|p1b: Porygon2|Download|boost
|-boost|p1b: Porygon2|spa|1
|move|p2b: Electabuzz|Protect|p2b: Electabuzz
|-singleturn|p2b: Electabuzz|Protect
|move|p2a: Kingambit|Protect|p2a: Kingambit
|-singleturn|p2a: Kingambit|Protect
|move|p1a: Ursaluna|Earthquake|p2b: Electabuzz|[spread] p1b
|-activate|p2a: Kingambit|move: Protect
|-activate|p2b: Electabuzz|move: Protect
|-crit|p1b: Porygon2
|-damage|p1b: Porygon2|0 fnt
|faint|p1b: Porygon2
|
|-damage|p1a: Ursaluna|82/100 brn|[from] brn
|upkeep
|
|t:|1754934603
|switch|p1b: Sneasler|Sneasler, L50, M|100/100
|turn|7
|inactive|Frakub has 30 seconds left.
|
|t:|1754934632
|switch|p2b: Incineroar|Incineroar, L50, F|84/100
|-ability|p2b: Incineroar|Intimidate|boost
|-unboost|p1a: Ursaluna|atk|1
|-unboost|p1b: Sneasler|atk|1
|move|p1b: Sneasler|Fake Out|p2a: Kingambit
|-damage|p2a: Kingambit|93/100
|cant|p2a: Kingambit|flinch
|move|p1a: Ursaluna|Earthquake|p2a: Kingambit|[spread] p1b,p2a,p2b
|-supereffective|p1b: Sneasler
|-supereffective|p2b: Incineroar
|-enditem|p1b: Sneasler|Focus Sash
|-damage|p1b: Sneasler|1/100
|-damage|p2a: Kingambit|56/100
|-damage|p2b: Incineroar|15/100
|
|-damage|p1a: Ursaluna|76/100 brn|[from] brn
|upkeep
|turn|8
|inactive|Troutlegs has 30 seconds left.
|inactive|Frakub has 30 seconds left.
|inactive|Troutlegs has 20 seconds left.
|inactive|Troutlegs has 15 seconds left.
|inactive|Troutlegs has 10 seconds left.
|
|t:|1754934678
|-terastallize|p1a: Ursaluna|Ghost
|move|p2a: Kingambit|Sucker Punch|p1b: Sneasler
|-resisted|p1b: Sneasler
|-damage|p1b: Sneasler|0 fnt
|faint|p1b: Sneasler
|move|p2b: Incineroar|Parting Shot|p1a: Ursaluna
|-unboost|p1a: Ursaluna|atk|1
|-unboost|p1a: Ursaluna|spa|1
|
|t:|1754934694
|switch|p2b: Dragonite|Dragonite, L50, F|100/100|[from] Parting Shot
|move|p1a: Ursaluna|Earthquake|p2a: Kingambit|[spread] p2a
|-immune|p2b: Dragonite
|-damage|p2a: Kingambit|29/100
|
|-damage|p1a: Ursaluna|70/100 brn|[from] brn
|upkeep
|
|t:|1754934702
|switch|p1b: Amoonguss|Amoonguss, L50, M|100/100
|turn|9
|
|t:|1754934716
|move|p1b: Amoonguss|Rage Powder|p1b: Amoonguss
|-singleturn|p1b: Amoonguss|move: Rage Powder
|move|p2b: Dragonite|Scale Shot|p1b: Amoonguss
|-damage|p1b: Amoonguss|88/100
|-damage|p1b: Amoonguss|74/100
|-damage|p1b: Amoonguss|62/100
|-damage|p1b: Amoonguss|49/100
|-damage|p1b: Amoonguss|38/100
|-hitcount|p1b: Amoonguss|5
|-unboost|p2b: Dragonite|def|1
|-boost|p2b: Dragonite|spe|1
|move|p2a: Kingambit|Kowtow Cleave|p1b: Amoonguss
|-damage|p1b: Amoonguss|0 fnt
|-damage|p2a: Kingambit|12/100|[from] item: Rocky Helmet|[of] p1b: Amoonguss
|faint|p1b: Amoonguss
|move|p1a: Ursaluna|Facade|p2a: Kingambit
|-crit|p2a: Kingambit
|-damage|p2a: Kingambit|0 fnt
|faint|p2a: Kingambit
|
|-damage|p1a: Ursaluna|64/100 brn|[from] brn
|upkeep
|-message|Troutlegs forfeited.
|
|win|Frakub
|raw|Troutlegs's rating: 1183 → 1157(-26 for losing)
|raw|Frakub's rating: 1175 → 1201(+26 for winning)
|l|☆Troutlegs
|player|p1|
|c|☆Frakub|gg
