|j|☆Mauricio0609!
|j|☆desbrozadorasgoian
|html|Mauricio0609!desbrozadorasgoian    
|uhtml|bestof|Game 2 of a best-of-3
|t:|1784321768
|gametype|doubles
|player|p1|Mauricio0609!|101|1107
|player|p2|desbrozadorasgoian|wattson|1051
|gen|9
|tier|[Gen 9 Champions] VGC 2026 Reg M-B (Bo3)
|rated|
|rule|Species Clause: Limit one of each Pokémon
|rule|Item Clause: Limit 1 of each item
|clearpoke
|poke|p1|Tyranitar, L50, F|
|poke|p1|Grimmsnarl, L50, M|
|poke|p1|Pelipper, L50, F|
|poke|p1|Archaludon, L50, M|
|poke|p1|Basculegion, L50, M|
|poke|p1|Raichu, L50, M|
|poke|p2|Goodra-Hisui, L50, F|
|poke|p2|Espathra, L50, M|
|poke|p2|Scovillain, L50, F|
|poke|p2|Pelipper, L50, F|
|poke|p2|Garchomp, L50, M|
|poke|p2|Basculegion, L50, M|
|teampreview|4
|showteam|p1|Tyranitar||Tyranitarite|SandStream|RockSlide,IcePunch,DragonDance,Crunch|Adamant||F|||50|]Grimmsnarl||LightClay|Prankster|LightScreen,Reflect,SpiritBreak,PartingShot|Careful||M|||50|]Pelipper||SitrusBerry|Drizzle|IceBeam,Tailwind,WeatherBall,Hurricane|Modest||F|||50|]Archaludon||Leftovers|Stamina|DragonPulse,FlashCannon,Protect,ElectroShot|Modest||M|||50|]Basculegion||MysticWater|Adaptability|WaveCrash,LastRespects,AquaJet,Protect|Jolly||M|||50|]Raichu||RaichuniteY|LightningRod|GrassKnot,Protect,ZapCannon,FocusBlast|Timid||M|||50|
|showteam|p2|Goodra-Hisui||Leftovers|ShellArmor|MuddyWater,FlashCannon,Shelter,Protect|Bold||F|||50|]Espathra||FocusSash|SpeedBoost|LuminaCrash,CalmMind,BatonPass,Protect|Timid||M|||50|]Scovillain||Scovillainite|Moody|Protect,RagePowder,LeechSeed,Overheat|Calm||F|||50|]Pelipper||SitrusBerry|Drizzle|Hurricane,WeatherBall,Tailwind,WideGuard|Modest||F|||50|]Garchomp||LifeOrb|RoughSkin|DragonClaw,RockSlide,Earthquake,Protect|Jolly||M|||50|]Basculegion||ChoiceScarf|Adaptability|LastRespects,AquaJet,WaveCrash,Protect|Jolly||M|||50|
|
|t:|1784321794
|teamsize|p1|4
|teamsize|p2|4
|start
|switch|p1a: Pelipper|Pelipper, L50, F|100/100
|switch|p1b: Archaludon|Archaludon, L50, M|100/100
|switch|p2a: Espathra|Espathra, L50, M|100/100
|switch|p2b: Scovillain|Scovillain, L50, F|100/100
|-weather|RainDance|[from] ability: Drizzle|[of] p1a: Pelipper
|turn|1
|
|t:|1784321818
|detailschange|p2b: Scovillain|Scovillain-Mega, L50, F
|-mega|p2b: Scovillain|Scovillain|Scovillainite
|move|p2a: Espathra|Calm Mind|p2a: Espathra
|-boost|p2a: Espathra|spa|1
|-boost|p2a: Espathra|spd|1
|move|p1b: Archaludon|Electro Shot||[still]
|-prepare|p1b: Archaludon|Electro Shot
|-boost|p1b: Archaludon|spa|1
|-anim|p1b: Archaludon|Electro Shot|p2a: Espathra
|-damage|p2a: Espathra|35/100
|move|p1a: Pelipper|Hurricane|p2a: Espathra
|-damage|p2a: Espathra|0 fnt
|faint|p2a: Espathra
|move|p2b: Scovillain|Leech Seed|p1b: Archaludon
|-start|p1b: Archaludon|move: Leech Seed
|
|-weather|RainDance|[upkeep]
|-damage|p1b: Archaludon|87/100|[from] Leech Seed|[of] p2b: Scovillain
|upkeep
|
|t:|1784321836
|switch|p2a: Basculegion|Basculegion, L50, M|100/100
|turn|2
|
|t:|1784321852
|move|p2b: Scovillain|Rage Powder|p2b: Scovillain
|-singleturn|p2b: Scovillain|move: Rage Powder
|move|p2a: Basculegion|Last Respects|p1a: Pelipper
|-damage|p1a: Pelipper|34/100
|-enditem|p1a: Pelipper|Sitrus Berry|[eat]
|-heal|p1a: Pelipper|59/100|[from] item: Sitrus Berry
|move|p1b: Archaludon|Electro Shot||[still]
|-prepare|p1b: Archaludon|Electro Shot
|-boost|p1b: Archaludon|spa|1
|-anim|p1b: Archaludon|Electro Shot|p2b: Scovillain
|-resisted|p2b: Scovillain|1
|-damage|p2b: Scovillain|63/100
|-status|p1b: Archaludon|brn|[from] ability: Spicy Spray|[of] p2b: Scovillain
|move|p1a: Pelipper|Hurricane|p2b: Scovillain
|-supereffective|p2b: Scovillain|1
|-damage|p2b: Scovillain|0 fnt
|-status|p1a: Pelipper|brn|[from] ability: Spicy Spray|[of] p2b: Scovillain
|faint|p2b: Scovillain
|
|-weather|RainDance|[upkeep]
|-heal|p1b: Archaludon|93/100 brn|[from] item: Leftovers
|-damage|p1b: Archaludon|87/100 brn|[from] brn
|-damage|p1a: Pelipper|53/100 brn|[from] brn
|upkeep
|
|t:|1784321870
|switch|p2b: Goodra|Goodra-Hisui, L50, F|100/100
|turn|3
|
|t:|1784321878
|move|p2a: Basculegion|Last Respects|p1b: Archaludon
|-damage|p1b: Archaludon|16/100 brn
|-ability|p1b: Archaludon|Stamina|boost
|-boost|p1b: Archaludon|def|1
|move|p1b: Archaludon|Electro Shot||[still]
|-prepare|p1b: Archaludon|Electro Shot
|-boost|p1b: Archaludon|spa|1
|-anim|p1b: Archaludon|Electro Shot|p2a: Basculegion
|-supereffective|p2a: Basculegion|1
|-damage|p2a: Basculegion|0 fnt
|faint|p2a: Basculegion
|move|p1a: Pelipper|Tailwind|p1a: Pelipper
|-sidestart|p1: Mauricio0609!|move: Tailwind
|move|p2b: Goodra|Muddy Water|p1b: Archaludon|[spread] p1a,p1b
|-resisted|p1a: Pelipper|1
|-resisted|p1b: Archaludon|1
|-damage|p1a: Pelipper|35/100 brn
|-damage|p1b: Archaludon|3/100 brn
|-ability|p1b: Archaludon|Stamina|boost
|-boost|p1b: Archaludon|def|1
|
|-weather|RainDance|[upkeep]
|-heal|p1b: Archaludon|9/100 brn|[from] item: Leftovers
|-damage|p1b: Archaludon|0 fnt|[from] Leech Seed|[of] p2b: Goodra
|faint|p1b: Archaludon
|-damage|p1a: Pelipper|29/100 brn|[from] brn
|upkeep
|
|t:|1784321899
|switch|p1b: Raichu|Raichu, L50, M|100/100
|turn|4
|
|t:|1784321908
|detailschange|p1b: Raichu|Raichu-Mega-Y, L50, M
|-mega|p1b: Raichu|Raichu|Raichunite Y
|move|p1b: Raichu|Focus Blast|p2b: Goodra
|-supereffective|p2b: Goodra|1
|-damage|p2b: Goodra|36/100
|move|p1a: Pelipper|Ice Beam|p2b: Goodra
|-damage|p2b: Goodra|20/100y
|move|p2b: Goodra|Muddy Water|p1b: Raichu|[spread] p1a,p1b
|-resisted|p1a: Pelipper|1
|-damage|p1a: Pelipper|10/100 brn
|-damage|p1b: Raichu|57/100
|-unboost|p1a: Pelipper|accuracy|1
|
|-weather|RainDance|[upkeep]
|-heal|p2b: Goodra|26/100|[from] item: Leftovers
|-damage|p1a: Pelipper|4/100 brn|[from] brn
|upkeep
|turn|5
|-message|desbrozadorasgoian forfeited.
|
|win|Mauricio0609!
