|j|☆Lab01JNEST
|j|☆Soraarara
|html|Lab01JNESTSoraarara    
|uhtml|bestof|Game 1 of a best-of-3
|t:|1757725395
|gametype|doubles
|player|p1|Lab01JNEST|266|1128
|player|p2|Soraarara|102|1173
|gen|9
|tier|[Gen 9] VGC 2025 Reg H (Bo3)
|rated|
|rule|Species Clause: Limit one of each Pokémon
|rule|Item Clause: Limit 1 of each item
|clearpoke
|poke|p1|Weezing, L50, M|
|poke|p1|Incineroar, L50, M|
|poke|p1|Garchomp, L50, F|
|poke|p1|Porygon2, L50|
|poke|p1|Annihilape, L50, M|
|poke|p1|Ursaluna, L50, M|
|poke|p2|Ursaluna, L50, F|
|poke|p2|Jumpluff, L50, F|
|poke|p2|Charizard, L50, F|
|poke|p2|Torkoal, L50, M|
|poke|p2|Incineroar, L50, M|
|poke|p2|Porygon2, L50|
|teampreview|4
|showteam|p1|Weezing||Leftovers|NeutralizingGas|Protect,Taunt,WillOWisp,SludgeBomb|||M|||50|,,,,,Ghost]Incineroar||AbilityShield|Intimidate|FakeOut,FlareBlitz,PartingShot,KnockOff|||M|||50|,,,,,Ghost]Garchomp||AssaultVest|RoughSkin|PoisonJab,RockSlide,DragonClaw,Earthquake|||F|||50|,,,,,Fire]Porygon2||Eviolite|Download|Recover,TrickRoom,ShadowBall,TeraBlast||||||50|,,,,,Fighting]Annihilape||SafetyGoggles|Defiant|Coaching,FinalGambit,CloseCombat,RageFist|||M|||50|,,,,,Grass]Ursaluna||FlameOrb|Guts|Protect,Substitute,Facade,HeadlongRush|||M|||50|,,,,,Ghost
|showteam|p2|Ursaluna||FlameOrb|Guts|HeadlongRush,Facade,Earthquake,Protect|||F|||50|,,,,,Ghost]Jumpluff||CovertCloak|Chlorophyll|SleepPowder,SunnyDay,Tailwind,RagePowder|||F|||50|,,,,,Water]Charizard||ChoiceSpecs|SolarPower|AirSlash,HeatWave,Overheat,WeatherBall|||F|||50|,,,,,Ghost]Torkoal||EjectPack|Drought|HelpingHand,Eruption,Overheat,Protect|||M|||50|,,,,,Fire]Incineroar||SitrusBerry|Intimidate|FakeOut,FlareBlitz,KnockOff,PartingShot|||M|||50|,,,,,Ghost]Porygon2||Eviolite|Download|TeraBlast,IceBeam,Recover,TrickRoom||||||50|,,,,,Fighting
|inactive|Battle timer is ON: inactive players will automatically lose when time's up. (requested by Soraarara)
|inactive|Lab01JNEST also wants the timer to be on.
|inactive|Lab01JNEST has 60 seconds left.
|inactive|Soraarara has 60 seconds left.
|inactive|Soraarara has 30 seconds left.
|
|t:|1757725459
|teamsize|p1|4
|teamsize|p2|4
|start
|switch|p1a: Annihilape|Annihilape, L50, M|100/100
|switch|p1b: Weezing|Weezing, L50, M|100/100
|switch|p2a: Porygon2|Porygon2, L50|100/100
|switch|p2b: Jumpluff|Jumpluff, L50, F|100/100
|-ability|p1b: Weezing|Neutralizing Gas
|turn|1
|inactive|Soraarara has 30 seconds left.
|
|t:|1757725491
|move|p1b: Weezing|Protect|p1b: Weezing
|-singleturn|p1b: Weezing|Protect
|move|p2b: Jumpluff|Rage Powder|p2b: Jumpluff
|-singleturn|p2b: Jumpluff|move: Rage Powder
|move|p1a: Annihilape|Final Gambit|p2a: Porygon2
|-damage|p2a: Porygon2|0 fnt
|faint|p1a: Annihilape
|faint|p2a: Porygon2
|
|upkeep
|inactive|Soraarara has 30 seconds left.
|
|t:|1757725520
|switch|p1a: Incineroar|Incineroar, L50, M|100/100
|switch|p2a: Ursaluna|Ursaluna, L50, F|100/100
|-ability|p1a: Incineroar|Intimidate|boost
|-unboost|p2a: Ursaluna|atk|1
|-unboost|p2b: Jumpluff|atk|1
|turn|2
|inactive|Soraarara has 30 seconds left.
|
|t:|1757725552
|switch|p1a: Ursaluna|Ursaluna, L50, M|100/100
|-terastallize|p1b: Weezing|Ghost
|move|p2a: Ursaluna|Protect|p2a: Ursaluna
|-singleturn|p2a: Ursaluna|Protect
|move|p2b: Jumpluff|Sleep Powder|p1a: Ursaluna
|-status|p1a: Ursaluna|slp|[from] move: Sleep Powder
|move|p1b: Weezing|Taunt|p2b: Jumpluff
|-start|p2b: Jumpluff|move: Taunt
|
|-status|p2a: Ursaluna|brn|[from] item: Flame Orb
|upkeep
|turn|3
|inactive|Soraarara has 30 seconds left.
|
|t:|1757725579
|switch|p2b: Torkoal|Torkoal, L50, M|100/100
|switch|p1a: Incineroar|Incineroar, L50, M|100/100
|-ability|p1a: Incineroar|Intimidate|boost
|-unboost|p2a: Ursaluna|atk|1
|-unboost|p2b: Torkoal|atk|1
|-enditem|p2b: Torkoal|Eject Pack
|
|t:|1757725586
|switch|p2b: Jumpluff|Jumpluff, L50, F|100/100
|move|p1b: Weezing|Sludge Bomb|p2b: Jumpluff
|-supereffective|p2b: Jumpluff
|-damage|p2b: Jumpluff|41/100
|move|p2a: Ursaluna|Earthquake|p1a: Incineroar|[spread] p1a,p1b
|-immune|p2b: Jumpluff
|-supereffective|p1a: Incineroar
|-damage|p1a: Incineroar|78/100
|-damage|p1b: Weezing|90/100
|
|-heal|p1b: Weezing|96/100|[from] item: Leftovers
|-damage|p2a: Ursaluna|95/100 brn|[from] brn
|upkeep
|turn|4
|inactive|Soraarara has 30 seconds left.
|
|t:|1757725625
|switch|p1a: Ursaluna|Ursaluna, L50, M|100/100 slp
|switch|p2a: Torkoal|Torkoal, L50, M|100/100
|move|p2b: Jumpluff|Sleep Powder|p1b: Weezing
|-status|p1b: Weezing|slp|[from] move: Sleep Powder
|cant|p1b: Weezing|slp
|
|-heal|p1b: Weezing|100/100 slp|[from] item: Leftovers
|upkeep
|turn|5
|
|t:|1757725638
|-terastallize|p2a: Torkoal|Fire
|move|p2b: Jumpluff|Sunny Day|p2b: Jumpluff
|-weather|SunnyDay
|-curestatus|p1b: Weezing|slp|[msg]
|move|p1b: Weezing|Sludge Bomb|p2a: Torkoal
|-damage|p2a: Torkoal|68/100
|cant|p1a: Ursaluna|slp
|move|p2a: Torkoal|Eruption|p1a: Ursaluna|[spread] p1a,p1b
|-damage|p1a: Ursaluna|51/100 slp
|-damage|p1b: Weezing|31/100
|
|-weather|SunnyDay|[upkeep]
|-heal|p1b: Weezing|37/100|[from] item: Leftovers
|upkeep
|turn|6
|inactive|Soraarara has 30 seconds left.
|inactive|Soraarara has 20 seconds left.
|inactive|Soraarara has 15 seconds left.
|
|t:|1757725679
|switch|p2b: Ursaluna|Ursaluna, L50, F|95/100 brn
|move|p1b: Weezing|Protect|p1b: Weezing
|-singleturn|p1b: Weezing|Protect
|cant|p1a: Ursaluna|slp
|move|p2a: Torkoal|Overheat|p1a: Ursaluna
|-damage|p1a: Ursaluna|0 fnt
|-unboost|p2a: Torkoal|spa|2
|faint|p1a: Ursaluna
|
|-weather|SunnyDay|[upkeep]
|-heal|p1b: Weezing|42/100|[from] item: Leftovers
|-damage|p2b: Ursaluna|89/100 brn|[from] brn
|upkeep
|
|t:|1757725686
|switch|p1a: Incineroar|Incineroar, L50, M|78/100
|-ability|p1a: Incineroar|Intimidate|boost
|-unboost|p2a: Torkoal|atk|1
|-unboost|p2b: Ursaluna|atk|1
|turn|7
|inactive|Soraarara has 30 seconds left.
|
|t:|1757725718
|move|p2b: Ursaluna|Protect|p2b: Ursaluna
|-singleturn|p2b: Ursaluna|Protect
|move|p1a: Incineroar|Fake Out|p2b: Ursaluna
|-activate|p2b: Ursaluna|move: Protect
|move|p1b: Weezing|Sludge Bomb|p2a: Torkoal
|-damage|p2a: Torkoal|35/100
|move|p2a: Torkoal|Overheat|p1b: Weezing
|-damage|p1b: Weezing|0 fnt
|-unboost|p2a: Torkoal|spa|2
|faint|p1b: Weezing
|-end|p1b: Weezing|ability: Neutralizing Gas
|
|-weather|SunnyDay|[upkeep]
|-damage|p2b: Ursaluna|83/100 brn|[from] brn
|upkeep
|turn|8
|-message|Lab01JNEST forfeited.
|
|win|Soraarara
|l|☆Lab01JNEST
|player|p1|
|j|☆Lab01JNEST
|player|p1|Lab01JNEST|266|
||Soraarara is ready for game 2.
