|j|☆Olciax34
|j|☆Baronismo
|html|Olciax34Baronismo    
|uhtml|bestof|Game 1 of a best-of-3
|t:|1784109559
|gametype|doubles
|player|p1|Olciax34|101|1201
|player|p2|Baronismo|depotagent|1294
|gen|9
|tier|[Gen 9 Champions] VGC 2026 Reg M-B (Bo3)
|rated|
|rule|Species Clause: Limit one of each Pokémon
|rule|Item Clause: Limit 1 of each item
|clearpoke
|poke|p1|Charizard, L50, F|
|poke|p1|Whimsicott, L50, F|
|poke|p1|Garchomp, L50, F|
|poke|p1|Incineroar, L50, M|
|poke|p1|Toxapex, L50, M|
|poke|p1|Floette-Eternal, L50, F|
|poke|p2|Froslass, L50, F|
|poke|p2|Dragonite, L50, F|
|poke|p2|Blaziken, L50, M|
|poke|p2|Incineroar, L50, M|
|poke|p2|Toxapex, L50, M|
|poke|p2|Kingambit, L50, M|
|teampreview|4
|showteam|p1|Charizard||CharizarditeY|SolarPower|HeatWave,WeatherBall,SolarBeam,Protect|Modest||F|||50|]Whimsicott||FocusSash|Prankster|Moonblast,Tailwind,Encore,Protect|Timid||F|||50|]Garchomp||LifeOrb|RoughSkin|Earthquake,DragonClaw,RockSlide,Protect|Jolly||F|||50|]Incineroar||SitrusBerry|Intimidate|FakeOut,ThroatChop,FlareBlitz,PartingShot|Careful||M|||50|]Toxapex||Leftovers|Regenerator|Toxic,Infestation,BanefulBunker,WideGuard|Bold||M|||50|]Floette-Eternal||Floettite|FlowerVeil|Moonblast,DrainingKiss,CalmMind,Protect|Modest||F|||50|
|showteam|p2|Froslass||Froslassite|SnowCloak|Blizzard,ShadowBall,AuroraVeil,Protect|Timid||F|||50|]Dragonite||LifeOrb|InnerFocus|DragonClaw,LowKick,ExtremeSpeed,Protect|Jolly||F|||50|]Blaziken||Blazikenite|SpeedBoost|FlareBlitz,CloseCombat,RockSlide,Protect|Adamant||M|||50|]Incineroar||SitrusBerry|Intimidate|FakeOut,FlareBlitz,ThroatChop,PartingShot|Careful||M|||50|]Toxapex||Leftovers|Regenerator|Toxic,Infestation,WideGuard,BanefulBunker|Bold||M|||50|]Kingambit||BlackGlasses|Defiant|KowtowCleave,SuckerPunch,IronHead,Protect|Adamant||M|||50|
|inactive|Battle timer is ON: inactive players will automatically lose when time's up. (requested by Olciax34)
|inactive|Olciax34 has 60 seconds left.
|
|t:|1784109595
|teamsize|p1|4
|teamsize|p2|4
|start
|switch|p1a: Toxapex|Toxapex, L50, M|100/100
|switch|p1b: Garchomp|Garchomp, L50, F|100/100
|switch|p2a: Blaziken|Blaziken, L50, M|100/100
|switch|p2b: Kingambit|Kingambit, L50, M|100/100
|turn|1
|
|t:|1784109606
|switch|p2b: Incineroar|Incineroar, L50, M|100/100
|-ability|p2b: Incineroar|Intimidate|boost
|-unboost|p1a: Toxapex|atk|1
|-unboost|p1b: Garchomp|atk|1
|move|p2a: Blaziken|Protect|p2a: Blaziken
|-singleturn|p2a: Blaziken|Protect
|move|p1a: Toxapex|Wide Guard|p1a: Toxapex
|-singleturn|p1a: Toxapex|Wide Guard
|move|p1b: Garchomp|Earthquake|p2b: Incineroar|[spread] p2b
|-activate|p1a: Toxapex|move: Wide Guard
|-activate|p2a: Blaziken|move: Protect
|-supereffective|p2b: Incineroar|1
|-damage|p2b: Incineroar|33/100
|-enditem|p2b: Incineroar|Sitrus Berry|[eat]
|-heal|p2b: Incineroar|57/100|[from] item: Sitrus Berry
|-damage|p1b: Garchomp|90/100|[from] item: Life Orb
|
|-ability|p2a: Blaziken|Speed Boost|boost
|-boost|p2a: Blaziken|spe|1
|upkeep
|turn|2
|inactive|Baronismo has 30 seconds left.
|
|t:|1784109632
|switch|p1b: Incineroar|Incineroar, L50, M|100/100
|-ability|p1b: Incineroar|Intimidate|boost
|-unboost|p2a: Blaziken|atk|1
|-unboost|p2b: Incineroar|atk|1
|detailschange|p2a: Blaziken|Blaziken-Mega, L50, M
|-mega|p2a: Blaziken|Blaziken|Blazikenite
|move|p2b: Incineroar|Fake Out|p1b: Incineroar
|-damage|p1b: Incineroar|93/100
|move|p2a: Blaziken|Close Combat|p1b: Incineroar
|-supereffective|p1b: Incineroar|1
|-damage|p1b: Incineroar|1/100
|-unboost|p2a: Blaziken|def|1
|-unboost|p2a: Blaziken|spd|1
|-enditem|p1b: Incineroar|Sitrus Berry|[eat]
|-heal|p1b: Incineroar|25/100|[from] item: Sitrus Berry
|move|p1a: Toxapex|Toxic|p2a: Blaziken
|-status|p2a: Blaziken|tox
|
|-damage|p2a: Blaziken|94/100 tox|[from] psn
|-ability|p2a: Blaziken|Speed Boost|boost
|-boost|p2a: Blaziken|spe|1
|upkeep
|turn|3
|inactive|Olciax34 has 30 seconds left.
|inactive|Olciax34 has 20 seconds left.
|
|t:|1784109669
|switch|p2a: Toxapex|Toxapex, L50, M|100/100
|move|p1b: Incineroar|Fake Out|p2a: Toxapex
|-damage|p2a: Toxapex|92/100
|move|p2b: Incineroar|Throat Chop|p1b: Incineroar
|-resisted|p1b: Incineroar|1
|-damage|p1b: Incineroar|16/100
|-start|p1b: Incineroar|Throat Chop|[silent]
|move|p1a: Toxapex|Infestation|p2b: Incineroar
|-damage|p2b: Incineroar|55/100
|-activate|p2b: Incineroar|move: Infestation|[of] p1a: Toxapex
|
|-heal|p2a: Toxapex|98/100|[from] item: Leftovers
|-damage|p2b: Incineroar|43/100|[from] move: Infestation|[partiallytrapped]
|upkeep
|turn|4
|inactive|Olciax34 has 30 seconds left.
|
|t:|1784109696
|move|p2b: Incineroar|Parting Shot|p1b: Incineroar
|-unboost|p1b: Incineroar|atk|1
|-unboost|p1b: Incineroar|spa|1
|
|t:|1784109703
|switch|p2b: Blaziken|Blaziken-Mega, L50, M|94/100 tox|[from] Parting Shot
|move|p1b: Incineroar|Flare Blitz|p2b: Blaziken
|-resisted|p2b: Blaziken|1
|-damage|p2b: Blaziken|71/100 tox
|-damage|p1b: Incineroar|10/100|[from] Recoil
|move|p1a: Toxapex|Toxic|p2b: Blaziken
|-fail|p2b: Blaziken|tox
|move|p2a: Toxapex|Infestation|p1a: Toxapex
|-resisted|p1a: Toxapex|1
|-damage|p1a: Toxapex|98/100
|-activate|p1a: Toxapex|move: Infestation|[of] p2a: Toxapex
|
|-heal|p1a: Toxapex|100/100|[from] item: Leftovers
|-heal|p2a: Toxapex|100/100|[from] item: Leftovers
|-damage|p2b: Blaziken|65/100 tox|[from] psn
|-damage|p1a: Toxapex|87/100|[from] move: Infestation|[partiallytrapped]
|-end|p1b: Incineroar|Throat Chop|[silent]
|upkeep
|turn|5
|inactive|Olciax34 has 30 seconds left.
|
|t:|1784109728
|move|p2b: Blaziken|Flare Blitz|p1b: Incineroar
|-resisted|p1b: Incineroar|1
|-damage|p1b: Incineroar|0 fnt
|faint|p1b: Incineroar
|-damage|p2b: Blaziken|61/100 tox|[from] Recoil
|move|p2a: Toxapex|Toxic|p1a: Toxapex
|-immune|p1a: Toxapex
|move|p1a: Toxapex|Infestation|p2a: Toxapex
|-resisted|p2a: Toxapex|1
|-damage|p2a: Toxapex|98/100
|-activate|p2a: Toxapex|move: Infestation|[of] p1a: Toxapex
|
|-heal|p1a: Toxapex|93/100|[from] item: Leftovers
|-heal|p2a: Toxapex|100/100|[from] item: Leftovers
|-damage|p2b: Blaziken|49/100 tox|[from] psn
|-damage|p1a: Toxapex|81/100|[from] move: Infestation|[partiallytrapped]
|-damage|p2a: Toxapex|87/100|[from] move: Infestation|[partiallytrapped]
|-ability|p2b: Blaziken|Speed Boost|boost
|-boost|p2b: Blaziken|spe|1
|upkeep
|inactive|Olciax34 has 30 seconds left.
|
|t:|1784109759
|switch|p1b: Garchomp|Garchomp, L50, F|90/100
|turn|6
|
|t:|1784109772
|move|p2a: Toxapex|Baneful Bunker|p2a: Toxapex
|-singleturn|p2a: Toxapex|move: Protect
|move|p2b: Blaziken|Close Combat|p1b: Garchomp
|-damage|p1b: Garchomp|15/100
|-unboost|p2b: Blaziken|def|1
|-unboost|p2b: Blaziken|spd|1
|-damage|p2b: Blaziken|37/100 tox|[from] ability: Rough Skin|[of] p1b: Garchomp
|move|p1b: Garchomp|Dragon Claw|p2b: Blaziken
|-damage|p2b: Blaziken|0 fnt
|faint|p2b: Blaziken
|-damage|p1b: Garchomp|5/100|[from] item: Life Orb
|move|p1a: Toxapex|Infestation|p2a: Toxapex
|-activate|p2a: Toxapex|move: Protect
|
|-heal|p1a: Toxapex|87/100|[from] item: Leftovers
|-heal|p2a: Toxapex|93/100|[from] item: Leftovers
|-damage|p2a: Toxapex|81/100|[from] move: Infestation|[partiallytrapped]
|-damage|p1a: Toxapex|75/100|[from] move: Infestation|[partiallytrapped]
|upkeep
|
|t:|1784109786
|switch|p2b: Incineroar|Incineroar, L50, M|43/100
|-ability|p2b: Incineroar|Intimidate|boost
|-unboost|p1a: Toxapex|atk|1
|-unboost|p1b: Garchomp|atk|1
|turn|7
|
|t:|1784109799
|move|p1b: Garchomp|Protect|p1b: Garchomp
|-singleturn|p1b: Garchomp|Protect
|move|p1a: Toxapex|Baneful Bunker|p1a: Toxapex
|-singleturn|p1a: Toxapex|move: Protect
|move|p2b: Incineroar|Fake Out|p1b: Garchomp
|-activate|p1b: Garchomp|move: Protect
|move|p2a: Toxapex|Infestation|p1a: Toxapex
|-activate|p1a: Toxapex|move: Protect
|
|-heal|p2a: Toxapex|87/100|[from] item: Leftovers
|-heal|p1a: Toxapex|80/100|[from] item: Leftovers
|-damage|p1a: Toxapex|68/100|[from] move: Infestation|[partiallytrapped]
|-damage|p2a: Toxapex|75/100|[from] move: Infestation|[partiallytrapped]
|upkeep
|turn|8
|
|t:|1784109817
|move|p2a: Toxapex|Wide Guard|p2a: Toxapex
|-singleturn|p2a: Toxapex|Wide Guard
|move|p1b: Garchomp|Dragon Claw|p2b: Incineroar
|-damage|p2b: Incineroar|10/100
|-damage|p1b: Garchomp|0 fnt|[from] item: Life Orb
|faint|p1b: Garchomp
|move|p2b: Incineroar|Parting Shot|p1a: Toxapex
|-unboost|p1a: Toxapex|atk|1
|-unboost|p1a: Toxapex|spa|1
|
|t:|1784109825
|switch|p2b: Kingambit|Kingambit, L50, M|100/100|[from] Parting Shot
|move|p1a: Toxapex|Infestation|p2b: Kingambit
|-damage|p2b: Kingambit|97/100
|-activate|p2b: Kingambit|move: Infestation|[of] p1a: Toxapex
|
|-heal|p1a: Toxapex|74/100|[from] item: Leftovers
|-heal|p2a: Toxapex|80/100|[from] item: Leftovers
|-damage|p2b: Kingambit|85/100|[from] move: Infestation|[partiallytrapped]
|-damage|p2a: Toxapex|68/100|[from] move: Infestation|[partiallytrapped]
|-end|p1a: Toxapex|Infestation|[partiallytrapped]
|upkeep
|
|t:|1784109837
|switch|p1b: Floette|Floette-Eternal, L50, F|100/100
|turn|9
|
|t:|1784109849
|move|p1b: Floette|Protect|p1b: Floette
|-singleturn|p1b: Floette|Protect
|move|p1a: Toxapex|Baneful Bunker|p1a: Toxapex
|-singleturn|p1a: Toxapex|move: Protect
|move|p2b: Kingambit|Iron Head|p1b: Floette
|-activate|p1b: Floette|move: Protect
|move|p2a: Toxapex|Infestation|p1a: Toxapex
|-activate|p1a: Toxapex|move: Protect
|
|-heal|p2a: Toxapex|74/100|[from] item: Leftovers
|-heal|p1a: Toxapex|80/100|[from] item: Leftovers
|-damage|p2b: Kingambit|73/100|[from] move: Infestation|[partiallytrapped]
|-damage|p2a: Toxapex|62/100|[from] move: Infestation|[partiallytrapped]
|upkeep
|turn|10
|
|t:|1784109867
|detailschange|p1b: Floette|Floette-Mega, L50, F
|-mega|p1b: Floette|Floette|Floettite
|-ability|p1b: Floette|Fairy Aura
|move|p1b: Floette|Moonblast|p2b: Kingambit
|-damage|p2b: Kingambit|1/100
|move|p2b: Kingambit|Iron Head|p1b: Floette
|-supereffective|p1b: Floette|1
|-damage|p1b: Floette|1/100
|move|p1a: Toxapex|Infestation|p2a: Toxapex
|-resisted|p2a: Toxapex|1
|-damage|p2a: Toxapex|61/100
|move|p2a: Toxapex|Infestation|p1a: Toxapex
|-resisted|p1a: Toxapex|1
|-damage|p1a: Toxapex|78/100
|-activate|p1a: Toxapex|move: Infestation|[of] p2a: Toxapex
|
|-heal|p2a: Toxapex|67/100|[from] item: Leftovers
|-heal|p1a: Toxapex|84/100|[from] item: Leftovers
|-damage|p2b: Kingambit|0 fnt|[from] move: Infestation|[partiallytrapped]
|faint|p2b: Kingambit
|-end|p2a: Toxapex|Infestation|[partiallytrapped]
|-damage|p1a: Toxapex|72/100|[from] move: Infestation|[partiallytrapped]
|upkeep
|
|t:|1784109881
|switch|p2b: Incineroar|Incineroar, L50, M|10/100
|-ability|p2b: Incineroar|Intimidate|boost
|-unboost|p1a: Toxapex|atk|1
|-unboost|p1b: Floette|atk|1
|turn|11
|
|t:|1784109893
|move|p1b: Floette|Protect|p1b: Floette
|-singleturn|p1b: Floette|Protect
|move|p1a: Toxapex|Baneful Bunker|p1a: Toxapex
|-singleturn|p1a: Toxapex|move: Protect
|move|p2b: Incineroar|Fake Out|p1b: Floette
|-activate|p1b: Floette|move: Protect
|move|p2a: Toxapex|Infestation|p1b: Floette
|-activate|p1b: Floette|move: Protect
|
|-heal|p1a: Toxapex|78/100|[from] item: Leftovers
|-heal|p2a: Toxapex|73/100|[from] item: Leftovers
|-damage|p1a: Toxapex|66/100|[from] move: Infestation|[partiallytrapped]
|upkeep
|turn|12
|inactive|Olciax34 has 30 seconds left.
|
|t:|1784109920
|move|p1b: Floette|Draining Kiss|p2b: Incineroar
|-damage|p2b: Incineroar|0 fnt
|-heal|p1b: Floette|10/100|[from] drain|[of] p2b: Incineroar
|faint|p2b: Incineroar
|move|p1a: Toxapex|Infestation|p2a: Toxapex
|-resisted|p2a: Toxapex|1
|-damage|p2a: Toxapex|72/100
|-activate|p2a: Toxapex|move: Infestation|[of] p1a: Toxapex
|move|p2a: Toxapex|Toxic|p1b: Floette
|-status|p1b: Floette|tox
|
|-heal|p2a: Toxapex|78/100|[from] item: Leftovers
|-heal|p1a: Toxapex|71/100|[from] item: Leftovers
|-damage|p1b: Floette|5/100 tox|[from] psn
|-damage|p1a: Toxapex|59/100|[from] move: Infestation|[partiallytrapped]
|-damage|p2a: Toxapex|66/100|[from] move: Infestation|[partiallytrapped]
|upkeep
|turn|13
|
|t:|1784109939
|move|p2a: Toxapex|Baneful Bunker|p2a: Toxapex
|-singleturn|p2a: Toxapex|move: Protect
|move|p1b: Floette|Draining Kiss|p2a: Toxapex
|-activate|p2a: Toxapex|move: Protect
|move|p1a: Toxapex|Infestation|p2a: Toxapex
|-activate|p2a: Toxapex|move: Protect
|
|-heal|p1a: Toxapex|65/100|[from] item: Leftovers
|-heal|p2a: Toxapex|71/100|[from] item: Leftovers
|-damage|p1b: Floette|0 fnt|[from] psn
|faint|p1b: Floette
|-damage|p1a: Toxapex|53/100|[from] move: Infestation|[partiallytrapped]
|-damage|p2a: Toxapex|59/100|[from] move: Infestation|[partiallytrapped]
|upkeep
|turn|14
|
|t:|1784109953
|move|p1a: Toxapex|Infestation|p2a: Toxapex
|-resisted|p2a: Toxapex|1
|-damage|p2a: Toxapex|59/100
|move|p2a: Toxapex|Infestation|p1a: Toxapex
|-resisted|p1a: Toxapex|1
|-damage|p1a: Toxapex|52/100
|
|-heal|p2a: Toxapex|64/100|[from] item: Leftovers
|-heal|p1a: Toxapex|57/100|[from] item: Leftovers
|-damage|p2a: Toxapex|52/100|[from] move: Infestation|[partiallytrapped]
|-end|p1a: Toxapex|Infestation|[partiallytrapped]
|upkeep
|turn|15
|
|t:|1784109965
|move|p1a: Toxapex|Baneful Bunker|p1a: Toxapex
|-singleturn|p1a: Toxapex|move: Protect
|move|p2a: Toxapex|Infestation|p1a: Toxapex
|-activate|p1a: Toxapex|move: Protect
|
|-heal|p1a: Toxapex|63/100|[from] item: Leftovers
|-heal|p2a: Toxapex|58/100|[from] item: Leftovers
|-damage|p2a: Toxapex|46/100|[from] move: Infestation|[partiallytrapped]
|upkeep
|turn|16
|
|t:|1784109974
|move|p1a: Toxapex|Wide Guard|p1a: Toxapex
|-singleturn|p1a: Toxapex|Wide Guard
|move|p2a: Toxapex|Infestation|p1a: Toxapex
|-resisted|p1a: Toxapex|1
|-damage|p1a: Toxapex|62/100
|-activate|p1a: Toxapex|move: Infestation|[of] p2a: Toxapex
|
|-heal|p2a: Toxapex|52/100|[from] item: Leftovers
|-heal|p1a: Toxapex|68/100|[from] item: Leftovers
|-damage|p1a: Toxapex|56/100|[from] move: Infestation|[partiallytrapped]
|-end|p2a: Toxapex|Infestation|[partiallytrapped]
|upkeep
|turn|17
|
|t:|1784109985
|move|p2a: Toxapex|Baneful Bunker|p2a: Toxapex
|-singleturn|p2a: Toxapex|move: Protect
|move|p1a: Toxapex|Infestation|p2a: Toxapex
|-activate|p2a: Toxapex|move: Protect
|
|-heal|p1a: Toxapex|61/100|[from] item: Leftovers
|-heal|p2a: Toxapex|57/100|[from] item: Leftovers
|-damage|p1a: Toxapex|49/100|[from] move: Infestation|[partiallytrapped]
|upkeep
|turn|18
|
|t:|1784109996
|move|p2a: Toxapex|Infestation|p1a: Toxapex
|-resisted|p1a: Toxapex|1
|-damage|p1a: Toxapex|48/100
|move|p1a: Toxapex|Infestation|p2a: Toxapex
|-resisted|p2a: Toxapex|1
|-damage|p2a: Toxapex|57/100
|-activate|p2a: Toxapex|move: Infestation|[of] p1a: Toxapex
|
|-heal|p1a: Toxapex|54/100|[from] item: Leftovers
|-heal|p2a: Toxapex|63/100|[from] item: Leftovers
|-damage|p1a: Toxapex|42/100|[from] move: Infestation|[partiallytrapped]
|-damage|p2a: Toxapex|50/100g|[from] move: Infestation|[partiallytrapped]
|upkeep
|turn|19
|
|t:|1784110012
|move|p1a: Toxapex|Infestation|p2a: Toxapex
|-resisted|p2a: Toxapex|1
|-damage|p2a: Toxapex|49/100
|move|p2a: Toxapex|Infestation|p1a: Toxapex
|-resisted|p1a: Toxapex|1
|-damage|p1a: Toxapex|40/100
|
|-heal|p2a: Toxapex|55/100|[from] item: Leftovers
|-heal|p1a: Toxapex|46/100|[from] item: Leftovers
|-damage|p2a: Toxapex|43/100|[from] move: Infestation|[partiallytrapped]
|-damage|p1a: Toxapex|34/100|[from] move: Infestation|[partiallytrapped]
|upkeep
|turn|20
|
|t:|1784110025
|move|p1a: Toxapex|Baneful Bunker|p1a: Toxapex
|-singleturn|p1a: Toxapex|move: Protect
|move|p2a: Toxapex|Infestation|p1a: Toxapex
|-activate|p1a: Toxapex|move: Protect
|
|-heal|p1a: Toxapex|40/100|[from] item: Leftovers
|-heal|p2a: Toxapex|49/100|[from] item: Leftovers
|-damage|p1a: Toxapex|28/100|[from] move: Infestation|[partiallytrapped]
|-damage|p2a: Toxapex|36/100|[from] move: Infestation|[partiallytrapped]
|upkeep
|turn|21
|
|t:|1784110035
|move|p2a: Toxapex|Infestation|p1a: Toxapex
|-resisted|p1a: Toxapex|1
|-damage|p1a: Toxapex|26/100
|move|p1a: Toxapex|Infestation|p2a: Toxapex
|-resisted|p2a: Toxapex|1
|-damage|p2a: Toxapex|35/100
|
|-heal|p1a: Toxapex|32/100|[from] item: Leftovers
|-heal|p2a: Toxapex|41/100|[from] item: Leftovers
|-damage|p2a: Toxapex|29/100|[from] move: Infestation|[partiallytrapped]
|-end|p1a: Toxapex|Infestation|[partiallytrapped]
|upkeep
|turn|22
|
|t:|1784110046
|move|p1a: Toxapex|Baneful Bunker|p1a: Toxapex
|-singleturn|p1a: Toxapex|move: Protect
|move|p2a: Toxapex|Infestation|p1a: Toxapex
|-activate|p1a: Toxapex|move: Protect
|
|-heal|p1a: Toxapex|38/100|[from] item: Leftovers
|-heal|p2a: Toxapex|35/100|[from] item: Leftovers
|-end|p2a: Toxapex|Infestation|[partiallytrapped]
|upkeep
|turn|23
|
|t:|1784110055
|move|p2a: Toxapex|Infestation|p1a: Toxapex
|-resisted|p1a: Toxapex|1
|-damage|p1a: Toxapex|36/100
|-activate|p1a: Toxapex|move: Infestation|[of] p2a: Toxapex
|move|p1a: Toxapex|Infestation|p2a: Toxapex
|-resisted|p2a: Toxapex|1
|-damage|p2a: Toxapex|34/100
|-activate|p2a: Toxapex|move: Infestation|[of] p1a: Toxapex
|
|-heal|p1a: Toxapex|42/100|[from] item: Leftovers
|-heal|p2a: Toxapex|40/100|[from] item: Leftovers
|-damage|p2a: Toxapex|28/100|[from] move: Infestation|[partiallytrapped]
|-damage|p1a: Toxapex|30/100|[from] move: Infestation|[partiallytrapped]
|upkeep
|turn|24
|
|t:|1784110069
|move|p2a: Toxapex|Infestation|p1a: Toxapex
|-resisted|p1a: Toxapex|1
|-damage|p1a: Toxapex|29/100
|move|p1a: Toxapex|Infestation|p2a: Toxapex
|-resisted|p2a: Toxapex|1
|-damage|p2a: Toxapex|27/100
|
|-heal|p1a: Toxapex|35/100|[from] item: Leftovers
|-heal|p2a: Toxapex|33/100|[from] item: Leftovers
|-damage|p2a: Toxapex|21/100|[from] move: Infestation|[partiallytrapped]
|-damage|p1a: Toxapex|22/100|[from] move: Infestation|[partiallytrapped]
|upkeep
|turn|25
|
|t:|1784110080
|move|p1a: Toxapex|Infestation|p2a: Toxapex
|-resisted|p2a: Toxapex|1
|-damage|p2a: Toxapex|20/100y
|move|p2a: Toxapex|Infestation|p1a: Toxapex
|-resisted|p1a: Toxapex|1
|-damage|p1a: Toxapex|21/100
|
|-heal|p2a: Toxapex|26/100|[from] item: Leftovers
|-heal|p1a: Toxapex|27/100|[from] item: Leftovers
|-damage|p1a: Toxapex|15/100|[from] move: Infestation|[partiallytrapped]
|-damage|p2a: Toxapex|14/100|[from] move: Infestation|[partiallytrapped]
|upkeep
|turn|26
|inactive|Olciax34 has 30 seconds left.
|
|t:|1784110102
|move|p1a: Toxapex|Baneful Bunker|p1a: Toxapex
|-singleturn|p1a: Toxapex|move: Protect
|move|p2a: Toxapex|Infestation|p1a: Toxapex
|-activate|p1a: Toxapex|move: Protect
|
|-heal|p1a: Toxapex|21/100|[from] item: Leftovers
|-heal|p2a: Toxapex|19/100|[from] item: Leftovers
|-damage|p1a: Toxapex|8/100|[from] move: Infestation|[partiallytrapped]
|-damage|p2a: Toxapex|7/100|[from] move: Infestation|[partiallytrapped]
|upkeep
|turn|27
|inactive|Olciax34 has 30 seconds left this turn.
|inactive|Olciax34 has 20 seconds left.
|
|t:|1784110114
|move|p1a: Toxapex|Baneful Bunker||[still]
|-fail|p1a: Toxapex
|move|p2a: Toxapex|Infestation|p1a: Toxapex
|-resisted|p1a: Toxapex|1
|-damage|p1a: Toxapex|7/100
|
|-heal|p2a: Toxapex|13/100|[from] item: Leftovers
|-heal|p1a: Toxapex|13/100|[from] item: Leftovers
|-damage|p2a: Toxapex|1/100|[from] move: Infestation|[partiallytrapped]
|-end|p1a: Toxapex|Infestation|[partiallytrapped]
|upkeep
|turn|28
|inactive|Olciax34 has 20 seconds left this turn.
|inactive|Olciax34 has 15 seconds left.
|inactive|Olciax34 has 10 seconds left.
|
|t:|1784110125
|move|p2a: Toxapex|Baneful Bunker|p2a: Toxapex
|-singleturn|p2a: Toxapex|move: Protect
|move|p1a: Toxapex|Infestation|p2a: Toxapex
|-activate|p2a: Toxapex|move: Protect
|
|-heal|p1a: Toxapex|19/100|[from] item: Leftovers
|-heal|p2a: Toxapex|7/100|[from] item: Leftovers
|-end|p2a: Toxapex|Infestation|[partiallytrapped]
|upkeep
|turn|29
|inactive|Olciax34 has 10 seconds left this turn.
|inactive|Olciax34 has 5 seconds left.
|
|t:|1784110134
|move|p2a: Toxapex|Baneful Bunker||[still]
|-fail|p2a: Toxapex
|move|p1a: Toxapex|Infestation|p2a: Toxapex
|-resisted|p2a: Toxapex|1
|-damage|p2a: Toxapex|6/100
|-activate|p2a: Toxapex|move: Infestation|[of] p1a: Toxapex
|
|-heal|p1a: Toxapex|24/100|[from] item: Leftovers
|-heal|p2a: Toxapex|12/100|[from] item: Leftovers
|-damage|p2a: Toxapex|0 fnt|[from] move: Infestation|[partiallytrapped]
|faint|p2a: Toxapex
|
|win|Olciax34
||Olciax34 is ready for game 2.
||Baronismo is ready for game 2.
|uhtml|next|Next: Game 2 of 3
