|j|☆LyricSum
|j|☆KodeBeast0526
|html|LyricSumKodeBeast0526    
|uhtml|bestof|Game 1 of a best-of-3
|t:|1784565335
|gametype|doubles
|player|p1|LyricSum|veteran|1291
|player|p2|KodeBeast0526|hiker|1292
|gen|9
|tier|[Gen 9 Champions] VGC 2026 Reg M-B (Bo3)
|rated|
|rule|Species Clause: Limit one of each Pokémon
|rule|Item Clause: Limit 1 of each item
|clearpoke
|poke|p1|Froslass, L50, F, shiny|
|poke|p1|Sneasler, L50, M, shiny|
|poke|p1|Lycanroc-Dusk, L50, M, shiny|
|poke|p1|Whimsicott, L50, F, shiny|
|poke|p1|Maushold-Four, L50, shiny|
|poke|p1|Hydreigon, L50, M, shiny|
|poke|p2|Aerodactyl, L50, M, shiny|
|poke|p2|Kingambit, L50, M, shiny|
|poke|p2|Sylveon, L50, M, shiny|
|poke|p2|Garchomp, L50, M, shiny|
|poke|p2|Charizard, L50, M, shiny|
|poke|p2|Farigiraf, L50, F, shiny|
|teampreview|4
|showteam|p1|Froslass||Froslassite|CursedBody|NastyPlot,Blizzard,ShadowBall,Protect|Timid||F|||50|]Sneasler||WhiteHerb|Unburden|FakeOut,CloseCombat,DireClaw,ThroatChop|Adamant||M|||50|]Lycanroc-Dusk||FocusSash|ToughClaws|Accelerock,RockSlide,CloseCombat,Protect|Jolly||M|||50|]Whimsicott||FairyFeather|Prankster|Tailwind,Moonblast,Encore,Protect|Timid||F|||50|]Maushold-Four||SitrusBerry|FriendGuard|SuperFang,FollowMe,Taunt,Protect|Timid|||||50|]Hydreigon||LifeOrb|Levitate|DarkPulse,Snarl,HeatWave,Protect|Modest||M|||50|
|showteam|p2|Aerodactyl||Aerodactylite|Unnerve|RockSlide,IceFang,Tailwind,WideGuard|Jolly||M|||50|]Kingambit||FocusSash|Defiant|KowtowCleave,SuckerPunch,IronHead,LowKick|Adamant||M|||50|]Sylveon||FairyFeather|Pixilate|Detect,HyperVoice,HyperBeam,QuickAttack|Modest||M|||50|]Garchomp||LifeOrb|RoughSkin|Earthquake,DragonClaw,StompingTantrum,Protect|Jolly||M|||50|]Charizard||CharizarditeY|Blaze|Protect,HeatWave,SolarBeam,WeatherBall|Modest||M|||50|]Farigiraf||SitrusBerry|ArmorTail|Thunderbolt,PsychicNoise,TrickRoom,HelpingHand|Bold||F|||50|
|inactive|Battle timer is ON: inactive players will automatically lose when time's up. (requested by LyricSum)
|inactive|LyricSum has 60 seconds left.
|
|t:|1784565377
|teamsize|p1|4
|teamsize|p2|4
|start
|switch|p1a: Bluey|Lycanroc-Dusk, L50, M, shiny|100/100
|switch|p1b: Mickey Mice|Maushold-Four, L50, shiny|100/100
|switch|p2a: Charizard|Charizard, L50, M, shiny|100/100
|switch|p2b: Farigiraf|Farigiraf, L50, F, shiny|100/100
|turn|1
|
|t:|1784565389
|detailschange|p2a: Charizard|Charizard-Mega-Y, L50, M, shiny
|-mega|p2a: Charizard|Charizard|Charizardite Y
|-weather|SunnyDay|[from] ability: Drought|[of] p2a: Charizard
|move|p2b: Farigiraf|Helping Hand|p2a: Charizard
|-singleturn|p2a: Charizard|Helping Hand|[of] p2b: Farigiraf
|move|p1b: Mickey Mice|Taunt|p2b: Farigiraf
|-start|p2b: Farigiraf|move: Taunt
|move|p1a: Bluey|Rock Slide|p2b: Farigiraf|[spread] p2a,p2b
|-supereffective|p2a: Charizard|2
|-damage|p2a: Charizard|0 fnt
|-damage|p2b: Farigiraf|78/100
|faint|p2a: Charizard
|
|-weather|SunnyDay|[upkeep]
|upkeep
|
|t:|1784565401
|switch|p2a: Sylveon|Sylveon, L50, M, shiny|100/100
|turn|2
|
|t:|1784565413
|move|p1a: Bluey|Protect|p1a: Bluey
|-singleturn|p1a: Bluey|Protect
|move|p1b: Mickey Mice|Super Fang|p2a: Sylveon
|-damage|p2a: Sylveon|50/100y
|move|p2a: Sylveon|Hyper Voice|p1a: Bluey|[spread] p1b
|-activate|p1a: Bluey|move: Protect
|-damage|p1b: Mickey Mice|43/100
|-enditem|p1b: Mickey Mice|Sitrus Berry|[eat]
|-heal|p1b: Mickey Mice|68/100|[from] item: Sitrus Berry
|move|p2b: Farigiraf|Psychic Noise|p1a: Bluey
|-activate|p1a: Bluey|move: Protect
|
|-weather|SunnyDay|[upkeep]
|upkeep
|turn|3
|
|t:|1784565428
|move|p1b: Mickey Mice|Super Fang|p2a: Sylveon
|-damage|p2a: Sylveon|25/100
|move|p1a: Bluey|Rock Slide|p2a: Sylveon|[spread] p2a,p2b
|-damage|p2a: Sylveon|0 fnt
|-damage|p2b: Farigiraf|57/100
|faint|p2a: Sylveon
|cant|p2b: Farigiraf|flinch
|
|-weather|SunnyDay|[upkeep]
|upkeep
|
|t:|1784565434
|switch|p2a: Garchomp|Garchomp, L50, M, shiny|100/100
|turn|4
|
|t:|1784565446
|move|p1b: Mickey Mice|Super Fang|p2a: Garchomp
|-damage|p2a: Garchomp|50/100g
|-damage|p1b: Mickey Mice|56/100|[from] ability: Rough Skin|[of] p2a: Garchomp
|move|p1a: Bluey|Close Combat|p2a: Garchomp
|-damage|p2a: Garchomp|0 fnt
|-unboost|p1a: Bluey|def|1
|-unboost|p1a: Bluey|spd|1
|-damage|p1a: Bluey|87/100|[from] ability: Rough Skin|[of] p2a: Garchomp
|faint|p2a: Garchomp
|move|p2b: Farigiraf|Thunderbolt|p1a: Bluey
|-damage|p1a: Bluey|47/100
|
|-weather|SunnyDay|[upkeep]
|-end|p2b: Farigiraf|move: Taunt
|upkeep
|turn|5
|
|t:|1784565460
|move|p1b: Mickey Mice|Super Fang|p2b: Farigiraf
|-damage|p2b: Farigiraf|28/100
|-enditem|p2b: Farigiraf|Sitrus Berry|[eat]
|-heal|p2b: Farigiraf|53/100|[from] item: Sitrus Berry
|move|p1a: Bluey|Close Combat|p2b: Farigiraf
|-damage|p2b: Farigiraf|14/100
|-unboost|p1a: Bluey|def|1
|-unboost|p1a: Bluey|spd|1
|move|p2b: Farigiraf|Thunderbolt|p1a: Bluey
|-damage|p1a: Bluey|0 fnt
|faint|p1a: Bluey
|
|-weather|none
|upkeep
|
|t:|1784565469
|switch|p1a: Haribo|Sneasler, L50, M, shiny|100/100
|turn|6
|
|t:|1784565473
|move|p1b: Mickey Mice|Super Fang|p2b: Farigiraf
|-damage|p2b: Farigiraf|7/100
|move|p1a: Haribo|Throat Chop|p2b: Farigiraf
|-supereffective|p2b: Farigiraf|1
|-damage|p2b: Farigiraf|0 fnt
|faint|p2b: Farigiraf
|
|win|LyricSum
