|j|☆paralyze u
|j|☆SuprEpcGuy
|html|paralyze uSuprEpcGuy    
|uhtml|bestof|Game 2 of a best-of-3
|t:|1783373050
|gametype|doubles
|player|p1|paralyze u|169|1197
|player|p2|SuprEpcGuy|shauntal|1168
|gen|9
|tier|[Gen 9 Champions] VGC 2026 Reg M-B (Bo3)
|rated|
|rule|Species Clause: Limit one of each Pokémon
|rule|Item Clause: Limit 1 of each item
|clearpoke
|poke|p1|Sinistcha, L50|
|poke|p1|Incineroar, L50, F|
|poke|p1|Milotic, L50, M|
|poke|p1|Raichu, L50, M|
|poke|p1|Floette-Eternal, L50, F|
|poke|p1|Ceruledge, L50, F|
|poke|p2|Zoroark-Hisui, L50, F|
|poke|p2|Aerodactyl, L50, M|
|poke|p2|Kingambit, L50, F, shiny|
|poke|p2|Basculegion, L50, M|
|poke|p2|Incineroar, L50, M|
|poke|p2|Sylveon, L50, M|
|teampreview|4
|showteam|p1|Sinistcha||KasibBerry|Hospitality|MatchaGotcha,LifeDew,RagePowder,Protect|Relaxed|||||50|]Incineroar||SitrusBerry|Intimidate|FlareBlitz,ThroatChop,FakeOut,PartingShot|Impish||F|||50|]Milotic||Leftovers|Competitive|MuddyWater,Coil,Hypnosis,Recover|Calm||M|||50|]Raichu||RaichuniteY|LightningRod|ZapCannon,FocusBlast,FakeOut,Protect|Timid||M|||50|]Floette-Eternal||Floettite|FlowerVeil|DazzlingGleam,DrainingKiss,CalmMind,Protect|Timid||F|||50|]Ceruledge||ColburBerry|FlashFire|BitterBlade,ShadowSneak,BulkUp,Protect|Adamant||F|||50|
|showteam|p2|Zoroark-Hisui||FocusSash|Illusion|ShadowBall,WillOWisp,Taunt,Snarl|Timid||F|||50|]Aerodactyl||Aerodactylite|RockHead|RockSlide,IceFang,DualWingbeat,Tailwind|Jolly||M|||50|]Kingambit||ChopleBerry|Defiant|SuckerPunch,KowtowCleave,LowKick,Protect|Adamant||F|||50|]Basculegion||MysticWater|Adaptability|AquaJet,Liquidation,LastRespects,Protect|Adamant||M|||50|]Incineroar||SitrusBerry|Intimidate|FlareBlitz,ThroatChop,PartingShot,FakeOut|Careful||M|||50|]Sylveon||FairyFeather|Pixilate|HyperVoice,QuickAttack,HyperBeam,Detect|Modest||M|||50|
|inactive|Battle timer is ON: inactive players will automatically lose when time's up. (requested by SuprEpcGuy)
|inactive|SuprEpcGuy has 60 seconds left.
|inactive|SuprEpcGuy has 30 seconds left.
|inactive|SuprEpcGuy has 20 seconds left.
|
|t:|1783373124
|teamsize|p1|4
|teamsize|p2|4
|start
|switch|p1a: Milotic|Milotic, L50, M|100/100
|switch|p1b: Raichu|Raichu, L50, M|100/100
|switch|p2a: Freight|Aerodactyl, L50, M|100/100
|switch|p2b: Paraselene|Kingambit, L50, F, shiny|100/100
|turn|1
|inactive|paralyze u has 30 seconds left.
|inactive|SuprEpcGuy has 30 seconds left.
|inactive|paralyze u has 20 seconds left.
|inactive|SuprEpcGuy has 20 seconds left.
|inactive|paralyze u has 15 seconds left.
|inactive|SuprEpcGuy has 15 seconds left.
|inactive|SuprEpcGuy has 10 seconds left.
|
|t:|1783373173
|switch|p2a: Paraselene|Kingambit, L50, F, shiny|100/100
|detailschange|p1b: Raichu|Raichu-Mega-Y, L50, M
|-mega|p1b: Raichu|Raichu|Raichunite Y
|move|p1b: Raichu|Fake Out|p2a: Paraselene
|-resisted|p2a: Paraselene|1
|-damage|p2a: Paraselene|97/100
|move|p2b: Paraselene|Taunt|p1a: Milotic
|-start|p1a: Milotic|move: Taunt
|cant|p1a: Milotic|move: Taunt|Coil
|
|upkeep
|turn|2
|inactive|SuprEpcGuy has 30 seconds left.
|inactive|SuprEpcGuy has 20 seconds left.
|inactive|SuprEpcGuy has 15 seconds left.
|inactive|SuprEpcGuy has 10 seconds left.
|
|t:|1783373221
|move|p2a: Paraselene|Protect|p2a: Paraselene
|-singleturn|p2a: Paraselene|Protect
|move|p1b: Raichu|Zap Cannon|p2b: Paraselene
|-enditem|p2b: Paraselene|Focus Sash
|-damage|p2b: Paraselene|1/100
|-status|p2b: Paraselene|par
|replace|p2b: Boo|Zoroark-Hisui, L50, F
|-end|p2b: Boo|Illusion
|move|p1a: Milotic|Muddy Water|p2a: Paraselene|[spread] p2b
|-activate|p2a: Paraselene|move: Protect
|-damage|p2b: Boo|0 fnt
|faint|p2b: Boo
|
|upkeep
|
|t:|1783373244
|switch|p2b: Freight|Aerodactyl, L50, M|100/100
|turn|3
|inactive|SuprEpcGuy has 30 seconds left.
|
|t:|1783373278
|detailschange|p2b: Freight|Aerodactyl-Mega, L50, M
|-mega|p2b: Freight|Aerodactyl|Aerodactylite
|move|p2a: Paraselene|Sucker Punch|p1b: Raichu
|-damage|p1b: Raichu|41/100
|move|p2b: Freight|Rock Slide|p1b: Raichu|[spread] p1a,p1b
|-damage|p1a: Milotic|75/100
|-damage|p1b: Raichu|0 fnt
|faint|p1b: Raichu
|move|p1a: Milotic|Muddy Water|p2a: Paraselene|[spread] p2a,p2b
|-supereffective|p2b: Freight|1
|-damage|p2a: Paraselene|72/100
|-damage|p2b: Freight|45/100
|
|-heal|p1a: Milotic|81/100|[from] item: Leftovers
|-end|p1a: Milotic|move: Taunt
|upkeep
|
|t:|1783373295
|switch|p1b: Ceruledge|Ceruledge, L50, F|100/100
|turn|4
|inactive|SuprEpcGuy has 30 seconds left.
|inactive|SuprEpcGuy has 20 seconds left.
|inactive|SuprEpcGuy has 15 seconds left.
|
|t:|1783373339
|move|p2a: Paraselene|Sucker Punch|p1b: Ceruledge
|-supereffective|p1b: Ceruledge|1
|-enditem|p1b: Ceruledge|Colbur Berry|[eat]
|-enditem|p1b: Ceruledge|Colbur Berry|[weaken]
|-damage|p1b: Ceruledge|53/100
|move|p2b: Freight|Rock Slide|p1b: Ceruledge|[spread] p1b
|-miss|p2b: Freight|p1a: Milotic
|-supereffective|p1b: Ceruledge|1
|-damage|p1b: Ceruledge|0 fnt
|faint|p1b: Ceruledge
|move|p1a: Milotic|Coil|p1a: Milotic
|-boost|p1a: Milotic|atk|1
|-boost|p1a: Milotic|def|1
|-boost|p1a: Milotic|accuracy|1
|
|-heal|p1a: Milotic|87/100|[from] item: Leftovers
|upkeep
|
|t:|1783373353
|switch|p1b: Incineroar|Incineroar, L50, F|100/100
|-ability|p1b: Incineroar|Intimidate|boost
|-unboost|p2a: Paraselene|atk|1
|-ability|p2a: Paraselene|Defiant|boost
|-boost|p2a: Paraselene|atk|2
|-unboost|p2b: Freight|atk|1
|turn|5
|inactive|SuprEpcGuy has 30 seconds left.
|
|t:|1783373387
|switch|p2b: Reverence|Basculegion, L50, M|100/100
|move|p1b: Incineroar|Fake Out|p2a: Paraselene
|-resisted|p2a: Paraselene|1
|-damage|p2a: Paraselene|68/100
|move|p1a: Milotic|Coil|p1a: Milotic
|-boost|p1a: Milotic|atk|1
|-boost|p1a: Milotic|def|1
|-boost|p1a: Milotic|accuracy|1
|cant|p2a: Paraselene|flinch
|
|-heal|p1a: Milotic|93/100|[from] item: Leftovers
|upkeep
|turn|6
|inactive|SuprEpcGuy has 30 seconds left.
|
|t:|1783373416
|move|p2b: Reverence|Protect|p2b: Reverence
|-singleturn|p2b: Reverence|Protect
|move|p1a: Milotic|Hypnosis|p2b: Reverence
|-activate|p2b: Reverence|move: Protect
|move|p1b: Incineroar|Throat Chop|p2b: Reverence
|-activate|p2b: Reverence|move: Protect
|move|p2a: Paraselene|Low Kick|p1b: Incineroar
|-supereffective|p1b: Incineroar|1
|-damage|p1b: Incineroar|33/100
|-enditem|p1b: Incineroar|Sitrus Berry|[eat]
|-heal|p1b: Incineroar|58/100|[from] item: Sitrus Berry
|
|-heal|p1a: Milotic|99/100|[from] item: Leftovers
|upkeep
|turn|7
|
|t:|1783373437
|move|p2b: Reverence|Liquidation|p1b: Incineroar
|-supereffective|p1b: Incineroar|1
|-damage|p1b: Incineroar|0 fnt
|faint|p1b: Incineroar
|move|p1a: Milotic|Hypnosis|p2b: Reverence
|-status|p2b: Reverence|slp|[from] move: Hypnosis
|move|p2a: Paraselene|Kowtow Cleave|p1a: Milotic
|-damage|p1a: Milotic|69/100
|
|-heal|p1a: Milotic|75/100|[from] item: Leftovers
|upkeep
|turn|8
|inactive|SuprEpcGuy has 30 seconds left.
|inactive|SuprEpcGuy has 20 seconds left.
|inactive|SuprEpcGuy has 15 seconds left.
|inactive|SuprEpcGuy has 10 seconds left.
|
|t:|1783373482
|cant|p2b: Reverence|slp
|move|p1a: Milotic|Coil|p1a: Milotic
|-boost|p1a: Milotic|atk|1
|-boost|p1a: Milotic|def|1
|-boost|p1a: Milotic|accuracy|1
|move|p2a: Paraselene|Kowtow Cleave|p1a: Milotic
|-damage|p1a: Milotic|50/100g
|
|-heal|p1a: Milotic|56/100|[from] item: Leftovers
|upkeep
|turn|9
|inactive|SuprEpcGuy has 30 seconds left.
|
|t:|1783373513
|move|p1a: Milotic|Coil|p1a: Milotic
|-boost|p1a: Milotic|atk|1
|-boost|p1a: Milotic|def|1
|-boost|p1a: Milotic|accuracy|1
|cant|p2b: Reverence|slp
|move|p2a: Paraselene|Kowtow Cleave|p1a: Milotic
|-damage|p1a: Milotic|34/100
|
|-heal|p1a: Milotic|40/100|[from] item: Leftovers
|upkeep
|turn|10
|
|t:|1783373526
|-curestatus|p2b: Reverence|slp|[msg]
|move|p2b: Reverence|Last Respects|p1a: Milotic
|-damage|p1a: Milotic|22/100
|move|p1a: Milotic|Recover|p1a: Milotic
|-heal|p1a: Milotic|72/100
|move|p2a: Paraselene|Kowtow Cleave|p1a: Milotic
|-damage|p1a: Milotic|52/100
|
|-heal|p1a: Milotic|58/100|[from] item: Leftovers
|upkeep
|turn|11
|
|t:|1783373538
|move|p2b: Reverence|Last Respects|p1a: Milotic
|-damage|p1a: Milotic|40/100
|move|p1a: Milotic|Hypnosis|p2a: Paraselene
|-status|p2a: Paraselene|slp|[from] move: Hypnosis
|cant|p2a: Paraselene|slp
|
|-heal|p1a: Milotic|46/100|[from] item: Leftovers
|upkeep
|turn|12
|
|t:|1783373555
|switch|p2b: Freight|Aerodactyl-Mega, L50, M|45/100
|move|p1a: Milotic|Hypnosis|p2b: Freight
|-status|p2b: Freight|slp|[from] move: Hypnosis
|cant|p2a: Paraselene|slp
|
|-heal|p1a: Milotic|51/100|[from] item: Leftovers
|upkeep
|turn|13
|
|t:|1783373568
|cant|p2b: Freight|slp
|move|p1a: Milotic|Coil|p1a: Milotic
|-boost|p1a: Milotic|atk|1
|-boost|p1a: Milotic|def|1
|-boost|p1a: Milotic|accuracy|1
|-curestatus|p2a: Paraselene|slp|[msg]
|move|p2a: Paraselene|Kowtow Cleave|p1a: Milotic
|-damage|p1a: Milotic|34/100
|
|-heal|p1a: Milotic|40/100|[from] item: Leftovers
|upkeep
|turn|14
|inactive|SuprEpcGuy has 30 seconds left.
|
|t:|1783373590
|cant|p2b: Freight|slp
|move|p1a: Milotic|Recover|p1a: Milotic
|-heal|p1a: Milotic|90/100
|move|p2a: Paraselene|Kowtow Cleave|p1a: Milotic
|-damage|p1a: Milotic|70/100
|
|-heal|p1a: Milotic|76/100|[from] item: Leftovers
|upkeep
|turn|15
|inactive|SuprEpcGuy has 30 seconds left this turn.
|inactive|SuprEpcGuy has 20 seconds left.
|inactive|SuprEpcGuy has 15 seconds left.
|inactive|SuprEpcGuy has 10 seconds left.
|
|t:|1783373612
|-curestatus|p2b: Freight|slp|[msg]
|move|p2b: Freight|Rock Slide|p1a: Milotic
|-damage|p1a: Milotic|66/100
|cant|p1a: Milotic|flinch
|move|p2a: Paraselene|Low Kick|p1a: Milotic
|-damage|p1a: Milotic|51/100
|
|-heal|p1a: Milotic|57/100|[from] item: Leftovers
|upkeep
|turn|16
|inactive|SuprEpcGuy has 10 seconds left this turn.
|inactive|SuprEpcGuy has 5 seconds left.
|
|t:|1783373621
|move|p2b: Freight|Rock Slide|p1a: Milotic
|-damage|p1a: Milotic|48/100
|cant|p1a: Milotic|flinch
|move|p2a: Paraselene|Low Kick|p1a: Milotic
|-damage|p1a: Milotic|34/100
|
|-heal|p1a: Milotic|40/100|[from] item: Leftovers
|upkeep
|turn|17
|inactive|SuprEpcGuy has 5 seconds left this turn.
|-message|SuprEpcGuy lost due to inactivity.
|
|win|paralyze u
|raw|paralyze u's rating: 1197 → 1220(+23 for winning)
|raw|SuprEpcGuy's rating: 1168 → 1145(-23 for losing)
