|j|☆camala64
|j|☆magicalarcher57
|html|camala64magicalarcher57    
|uhtml|bestof|Game 2 of a best-of-3
|t:|1784820870
|gametype|doubles
|player|p1|camala64|lance-masters2|
|player|p2|magicalarcher57|diantha|
|gen|9
|tier|[Gen 9 Champions] VGC 2026 Reg M-B (Bo3)
|rule|Species Clause: Limit one of each Pokémon
|rule|Item Clause: Limit 1 of each item
|clearpoke
|poke|p1|Kingambit, L50, F, shiny|
|poke|p1|Whimsicott, L50, M, shiny|
|poke|p1|Scovillain, L50, M|
|poke|p1|Lycanroc-Dusk, L50, F, shiny|
|poke|p1|Basculegion, L50, M, shiny|
|poke|p1|Floette-Eternal, L50, F|
|poke|p2|Sneasler, L50, F|
|poke|p2|Garchomp, L50, M|
|poke|p2|Aerodactyl, L50, M|
|poke|p2|Charizard, L50, F|
|poke|p2|Venusaur, L50, F|
|poke|p2|Kingambit, L50, M|
|teampreview|4
|showteam|p1|Kingambit||LifeOrb|Defiant|KowtowCleave,SuckerPunch,SwordsDance,Protect|Adamant||F|||50|]Whimsicott||FairyFeather|Prankster|Moonblast,Tailwind,Encore,Protect|Modest||M|||50|]Scovillain||Scovillainite|Chlorophyll|Overheat,GigaDrain,RagePowder,Protect|Bold||M|||50|]Lycanroc-Dusk||FocusSash|ToughClaws|Accelerock,RockSlide,CloseCombat,Protect|Adamant||F|||50|]Basculegion||MysticWater|Adaptability|WaveCrash,AquaJet,LastRespects,Protect|Adamant||M|||50|]Floette-Eternal||Floettite|FlowerVeil|Moonblast,DazzlingGleam,LightofRuin,Protect|Modest||F|||50|
|showteam|p2|Sneasler||WhiteHerb|Unburden|FakeOut,CloseCombat,DireClaw,Protect|Adamant||F|||50|]Garchomp||LifeOrb|RoughSkin|Earthquake,StompingTantrum,DragonClaw,Protect|Jolly||M|||50|]Aerodactyl||Aerodactylite|Unnerve|RockSlide,WideGuard,Tailwind,IceFang|Jolly||M|||50|]Charizard||CharizarditeY|Blaze|HeatWave,WeatherBall,SolarBeam,Protect|Modest||F|||50|]Venusaur||FocusSash|Chlorophyll|SolarBeam,SludgeBomb,Protect,EarthPower|Modest||F|||50|]Kingambit||BlackGlasses|Defiant|LowKick,KowtowCleave,SuckerPunch,Protect|Adamant||M|||50|
|inactive|Battle timer is ON: inactive players will automatically lose when time's up. (requested by magicalarcher57)
|inactive|camala64 has 60 seconds left.
|
|t:|1784820904
|teamsize|p1|4
|teamsize|p2|4
|start
|switch|p1a: Lycanroc|Lycanroc-Dusk, L50, F, shiny|100/100
|switch|p1b: Whimsicott|Whimsicott, L50, M, shiny|100/100
|switch|p2a: Aerodactyl|Aerodactyl, L50, M|100/100
|switch|p2b: Charizard|Charizard, L50, F|100/100
|-ability|p2a: Aerodactyl|Unnerve
|turn|1
|inactive|magicalarcher57 has 30 seconds left.
|
|t:|1784820933
|detailschange|p2b: Charizard|Charizard-Mega-Y, L50, F
|-mega|p2b: Charizard|Charizard|Charizardite Y
|-weather|SunnyDay|[from] ability: Drought|[of] p2b: Charizard
|move|p2a: Aerodactyl|Wide Guard|p2a: Aerodactyl
|-singleturn|p2a: Aerodactyl|Wide Guard
|move|p1b: Whimsicott|Tailwind|p1b: Whimsicott
|-sidestart|p1: camala64|move: Tailwind
|move|p1a: Lycanroc|Rock Slide|p2a: Aerodactyl|[spread] 
|-activate|p2a: Aerodactyl|move: Wide Guard
|-activate|p2b: Charizard|move: Wide Guard
|move|p2b: Charizard|Heat Wave|p1b: Whimsicott|[spread] p1a,p1b
|-resisted|p1a: Lycanroc|1
|-supereffective|p1b: Whimsicott|1
|-damage|p1a: Lycanroc|38/100
|-damage|p1b: Whimsicott|0 fnt
|faint|p1b: Whimsicott
|
|-weather|SunnyDay|[upkeep]
|upkeep
|c|☆camala64|Wait wut
|c|☆camala64|omg the move order
|
|t:|1784820957
|switch|p1b: Floette|Floette-Eternal, L50, F|100/100
|turn|2
|c|☆magicalarcher57|lolll
|
|t:|1784820970
|switch|p2b: Garchomp|Garchomp, L50, M|100/100
|detailschange|p1b: Floette|Floette-Mega, L50, F
|-mega|p1b: Floette|Floette|Floettite
|-ability|p1b: Floette|Fairy Aura
|move|p1a: Lycanroc|Accelerock|p2b: Garchomp
|-resisted|p2b: Garchomp|1
|-damage|p2b: Garchomp|86/100
|-damage|p1a: Lycanroc|26/100|[from] ability: Rough Skin|[of] p2b: Garchomp
|move|p1b: Floette|Moonblast|p2a: Aerodactyl
|-damage|p2a: Aerodactyl|0 fnt
|faint|p2a: Aerodactyl
|
|-weather|SunnyDay|[upkeep]
|upkeep
|
|t:|1784820985
|switch|p2a: Venusaur|Venusaur, L50, F|100/100
|turn|3
|
|t:|1784821003
|move|p2b: Garchomp|Protect|p2b: Garchomp
|-singleturn|p2b: Garchomp|Protect
|move|p1a: Lycanroc|Rock Slide|p2a: Venusaur|[spread] p2a
|-activate|p2b: Garchomp|move: Protect
|-damage|p2a: Venusaur|59/100
|move|p1b: Floette|Dazzling Gleam|p2a: Venusaur|[spread] p2a
|-activate|p2b: Garchomp|move: Protect
|-resisted|p2a: Venusaur|1
|-damage|p2a: Venusaur|32/100
|cant|p2a: Venusaur|flinch
|
|-weather|SunnyDay|[upkeep]
|upkeep
|turn|4
|
|t:|1784821023
|switch|p2b: Charizard|Charizard-Mega-Y, L50, F|100/100
|move|p2a: Venusaur|Protect|p2a: Venusaur
|-singleturn|p2a: Venusaur|Protect
|move|p1a: Lycanroc|Accelerock|p2a: Venusaur
|-activate|p2a: Venusaur|move: Protect
|move|p1b: Floette|Dazzling Gleam|p2b: Charizard|[spread] p2b
|-activate|p2a: Venusaur|move: Protect
|-resisted|p2b: Charizard|1
|-damage|p2b: Charizard|72/100
|
|-weather|SunnyDay|[upkeep]
|-sideend|p1: camala64|move: Tailwind
|upkeep
|turn|5
|
|t:|1784821041
|switch|p2b: Garchomp|Garchomp, L50, M|86/100
|move|p1a: Lycanroc|Protect|p1a: Lycanroc
|-singleturn|p1a: Lycanroc|Protect
|move|p1b: Floette|Protect|p1b: Floette
|-singleturn|p1b: Floette|Protect
|move|p2a: Venusaur|Solar Beam||[still]
|-prepare|p2a: Venusaur|Solar Beam
|-anim|p2a: Venusaur|Solar Beam|p1a: Lycanroc
|-activate|p1a: Lycanroc|move: Protect
|
|-weather|none
|upkeep
|turn|6
|
|t:|1784821058
|switch|p2b: Charizard|Charizard-Mega-Y, L50, F|72/100
|-weather|SunnyDay|[from] ability: Drought|[of] p2b: Charizard
|move|p1a: Lycanroc|Accelerock|p2a: Venusaur
|-damage|p2a: Venusaur|0 fnt
|faint|p2a: Venusaur
|move|p1b: Floette|Moonblast|p2b: Charizard
|-resisted|p2b: Charizard|1
|-damage|p2b: Charizard|32/100
|
|-weather|SunnyDay|[upkeep]
|upkeep
|
|t:|1784821063
|switch|p2a: Garchomp|Garchomp, L50, M|86/100
|turn|7
|
|t:|1784821083
|move|p1a: Lycanroc|Accelerock|p2b: Charizard
|-supereffective|p2b: Charizard|2
|-damage|p2b: Charizard|0 fnt
|faint|p2b: Charizard
|move|p2a: Garchomp|Earthquake|p1a: Lycanroc|[spread] p1a,p1b
|-supereffective|p1a: Lycanroc|1
|-damage|p1a: Lycanroc|0 fnt
|-damage|p1b: Floette|29/100
|faint|p1a: Lycanroc
|-damage|p2a: Garchomp|76/100|[from] item: Life Orb
|move|p1b: Floette|Moonblast|p2a: Garchomp
|-supereffective|p2a: Garchomp|1
|-crit|p2a: Garchomp
|-damage|p2a: Garchomp|0 fnt
|faint|p2a: Garchomp
|
|win|camala64
