|j|☆the bags12
|j|☆new mental
|html|the bags12new mental    
|uhtml|bestof|Game 2 of a best-of-3
|t:|1785606910
|gametype|doubles
|player|p1|the bags12|falkner|1271
|player|p2|new mental|volkner|1356
|gen|9
|tier|[Gen 9 Champions] VGC 2026 Reg M-B (Bo3)
|rated|
|rule|Species Clause: Limit one of each Pokémon
|rule|Item Clause: Limit 1 of each item
|clearpoke
|poke|p1|Staraptor, L50, M, shiny|
|poke|p1|Garchomp, L50, M, shiny|
|poke|p1|Basculegion, L50, M, shiny|
|poke|p1|Scizor, L50, M, shiny|
|poke|p1|Grimmsnarl, L50, M, shiny|
|poke|p1|Incineroar, L50, M, shiny|
|poke|p2|Charizard, L50, M|
|poke|p2|Garchomp, L50, F|
|poke|p2|Incineroar, L50, F|
|poke|p2|Venusaur, L50, M|
|poke|p2|Toxapex, L50, M|
|poke|p2|Sylveon, L50, M|
|teampreview|4
|showteam|p1|Staraptor||Staraptite|Intimidate|CloseCombat,DualWingbeat,Roost,Protect|Adamant||M|||50|]Garchomp||LifeOrb|RoughSkin|DragonClaw,Earthquake,IronHead,RockSlide|Adamant||M|||50|]Basculegion||ChoiceScarf|Adaptability|LastRespects,WaveCrash,AquaJet,FlipTurn|Jolly||M|||50|]Scizor||MetalCoat|Technician|Uturn,BulletPunch,KnockOff,CloseCombat|Brave||M|||50|]Grimmsnarl||LightClay|Prankster|PartingShot,ScaryFace,Reflect,LightScreen|Calm||M|||50|]Incineroar||Leftovers|Intimidate|FlareBlitz,PartingShot,FakeOut,DarkestLariat|Adamant||M|||50|
|showteam|p2|Charizard||CharizarditeY|Blaze|WeatherBall,HeatWave,AncientPower,Protect|Modest||M|||50|]Garchomp||ChoiceScarf|RoughSkin|RockSlide,DragonClaw,Earthquake,StompingTantrum|Adamant||F|||50|]Incineroar||SitrusBerry|Intimidate|FlareBlitz,FakeOut,DarkestLariat,PartingShot|Impish||F|||50|]Venusaur||LifeOrb|Chlorophyll|SludgeBomb,LeafStorm,EarthPower,Protect|Modest||M|||50|]Toxapex||Leftovers|Regenerator|Infestation,Toxic,WideGuard,BanefulBunker|Bold||M|||50|]Sylveon||FairyFeather|Pixilate|HyperVoice,QuickAttack,Yawn,Detect|Modest||M|||50|
|inactive|Battle timer is ON: inactive players will automatically lose when time's up. (requested by the bags12)
|
|t:|1785606932
|teamsize|p1|4
|teamsize|p2|4
|start
|switch|p1a: Haaland|Grimmsnarl, L50, M, shiny|100/100
|switch|p1b: Chumps|Garchomp, L50, M, shiny|100/100
|switch|p2a: Charizard|Charizard, L50, M|100/100
|switch|p2b: Sylveon|Sylveon, L50, M|100/100
|turn|1
|
|t:|1785606946
|switch|p2a: Incineroar|Incineroar, L50, F|100/100
|-ability|p2a: Incineroar|Intimidate|boost
|-unboost|p1a: Haaland|atk|1
|-unboost|p1b: Chumps|atk|1
|move|p1a: Haaland|Light Screen|p1a: Haaland
|-sidestart|p1: the bags12|move: Light Screen
|move|p1b: Chumps|Iron Head|p2b: Sylveon
|-supereffective|p2b: Sylveon|1
|-damage|p2b: Sylveon|51/100
|-damage|p1b: Chumps|90/100|[from] item: Life Orb
|move|p2b: Sylveon|Hyper Voice|p1a: Haaland|[spread] p1a,p1b
|-supereffective|p1a: Haaland|1
|-supereffective|p1b: Chumps|1
|-damage|p1a: Haaland|57/100
|-damage|p1b: Chumps|25/100
|
|upkeep
|turn|2
|
|t:|1785606961
|switch|p1b: Incin|Incineroar, L50, M, shiny|100/100
|-ability|p1b: Incin|Intimidate|boost
|-unboost|p2a: Incineroar|atk|1
|-unboost|p2b: Sylveon|atk|1
|move|p2a: Incineroar|Fake Out|p1a: Haaland
|-damage|p1a: Haaland|49/100
|cant|p1a: Haaland|flinch
|move|p2b: Sylveon|Hyper Voice|p1b: Incin|[spread] p1a,p1b
|-supereffective|p1a: Haaland|1
|-damage|p1a: Haaland|6/100
|-damage|p1b: Incin|72/100
|
|-heal|p1b: Incin|77/100|[from] item: Leftovers
|upkeep
|turn|3
|
|t:|1785606974
|switch|p2a: Charizard|Charizard, L50, M|100/100
|move|p1a: Haaland|Reflect|p1a: Haaland
|-sidestart|p1: the bags12|Reflect
|move|p2b: Sylveon|Hyper Voice|p1b: Incin|[spread] p1a,p1b
|-supereffective|p1a: Haaland|1
|-damage|p1a: Haaland|0 fnt
|-damage|p1b: Incin|50/100y
|faint|p1a: Haaland
|move|p1b: Incin|Flare Blitz|p2b: Sylveon
|-damage|p2b: Sylveon|0 fnt
|faint|p2b: Sylveon
|-damage|p1b: Incin|33/100|[from] Recoil
|
|-heal|p1b: Incin|38/100|[from] item: Leftovers
|upkeep
|
|t:|1785606992
|switch|p1a: Mighty Eagle|Staraptor, L50, M, shiny|100/100
|switch|p2b: Incineroar|Incineroar, L50, F|100/100
|-ability|p1a: Mighty Eagle|Intimidate|boost
|-unboost|p2a: Charizard|atk|1
|-unboost|p2b: Incineroar|atk|1
|-ability|p2b: Incineroar|Intimidate|boost
|-unboost|p1a: Mighty Eagle|atk|1
|-unboost|p1b: Incin|atk|1
|turn|4
|
|t:|1785607004
|detailschange|p2a: Charizard|Charizard-Mega-Y, L50, M
|-mega|p2a: Charizard|Charizard|Charizardite Y
|-weather|SunnyDay|[from] ability: Drought|[of] p2a: Charizard
|detailschange|p1a: Mighty Eagle|Staraptor-Mega, L50, M, shiny
|-mega|p1a: Mighty Eagle|Staraptor|Staraptite
|move|p2b: Incineroar|Fake Out|p1a: Mighty Eagle
|-damage|p1a: Mighty Eagle|94/100
|move|p2a: Charizard|Ancient Power|p1b: Incin
|-supereffective|p1b: Incin|1
|-damage|p1b: Incin|10/100
|cant|p1a: Mighty Eagle|flinch
|move|p1b: Incin|Parting Shot|p1a: Mighty Eagle
|-boost|p1a: Mighty Eagle|atk|1
|-boost|p1a: Mighty Eagle|spa|1
|
|t:|1785607008
|switch|p1b: Chumps|Garchomp, L50, M, shiny|25/100|[from] Parting Shot
|
|-weather|SunnyDay|[upkeep]
|upkeep
|turn|5
|
|t:|1785607022
|move|p1b: Chumps|Rock Slide|p2b: Incineroar|[spread] p2a,p2b
|-supereffective|p2a: Charizard|2
|-supereffective|p2b: Incineroar|1
|-damage|p2a: Charizard|0 fnt
|-damage|p2b: Incineroar|59/100
|faint|p2a: Charizard
|-damage|p1b: Chumps|15/100|[from] item: Life Orb
|move|p1a: Mighty Eagle|Close Combat|p2b: Incineroar
|-supereffective|p2b: Incineroar|1
|-damage|p2b: Incineroar|0 fnt
|-boost|p1a: Mighty Eagle|def|1
|-boost|p1a: Mighty Eagle|spd|1
|faint|p2b: Incineroar
|
|-weather|SunnyDay|[upkeep]
|upkeep
|-message|new mental forfeited.
|
|win|the bags12
