|j|☆iceshard00
|j|☆N0rthana
|html|iceshard00N0rthana    
|uhtml|bestof|Game 1 of a best-of-3
|t:|1756150599
|gametype|doubles
|player|p1|iceshard00|lucas|1012
|player|p2|N0rthana|elesa|1053
|gen|9
|tier|[Gen 9] VGC 2025 Reg H (Bo3)
|rated|
|rule|Species Clause: Limit one of each Pokémon
|rule|Item Clause: Limit 1 of each item
|clearpoke
|poke|p1|Ninetales-Alola, L50, F|
|poke|p1|Baxcalibur, L50, F|
|poke|p1|Empoleon, L50, M|
|poke|p1|Volcarona, L50, F|
|poke|p1|Talonflame, L50, F|
|poke|p1|Rillaboom, L50, M|
|poke|p2|Sylveon, L50, F|
|poke|p2|Farigiraf, L50, F|
|poke|p2|Volcarona, L50, F|
|poke|p2|Incineroar, L50, M|
|poke|p2|Sneasler, L50, M|
|poke|p2|Vivillon, L50, F|
|teampreview|4
|showteam|p1|Ninetales-Alola||LightClay|SnowWarning|Blizzard,IcyWind,AuroraVeil,HelpingHand|||F|||50|,,,,,Water]Baxcalibur||ClearAmulet|ThermalExchange|IcicleCrash,GlaiveRush,HighHorsepower,Protect|||F|||50|,,,,,Fire]Empoleon||Leftovers|Competitive|WaterPledge,FlashCannon,Haze,Protect|||M|||50|,,,,,Fairy]Volcarona||SitrusBerry|FlameBody|HeatWave,GigaDrain,QuiverDance,Protect|||F|||50|,,,,,Grass]Talonflame||CovertCloak|GaleWings|DualWingbeat,FlareBlitz,Tailwind,Taunt|||F|||50|,,,,,Stellar]Rillaboom||AssaultVest|GrassySurge|WoodHammer,GrassyGlide,FakeOut,HighHorsepower|||M|||50|,,,,,Fire
|showteam|p2|Sylveon||FairyFeather|Pixilate|Protect,DrainingKiss,HyperVoice,HyperBeam|||F|||50|,,,,,Fairy]Farigiraf||ThroatSpray|ArmorTail|HelpingHand,HyperVoice,PsychicNoise,TrickRoom|||F|||50|,,,,,Fairy]Volcarona||CovertCloak|FlameBody|StringShot,RagePowder,StruggleBug,FieryDance|||F|||50|,,,,,Grass]Incineroar||SafetyGoggles|Intimidate|FakeOut,HelpingHand,Taunt,KnockOff|||M|||50|,,,,,Bug]Sneasler||NormalGem|Unburden|FakeOut,Acrobatics,DireClaw,CloseCombat|||M|||50|,,,,,Stellar]Vivillon||WideLens|CompoundEyes|Protect,SleepPowder,Tailwind,Hurricane|||F|||50|,,,,,Ghost
|
|t:|1756150668
|teamsize|p1|4
|teamsize|p2|4
|start
|switch|p1a: Empoleon|Empoleon, L50, M, shiny|100/100
|switch|p1b: Ninetales|Ninetales-Alola, L50, F|100/100
|switch|p2a: Farigiraf|Farigiraf, L50, F|100/100
|switch|p2b: Incineroar|Incineroar, L50, M|100/100
|-weather|Snowscape|[from] ability: Snow Warning|[of] p1b: Ninetales
|-ability|p2b: Incineroar|Intimidate|boost
|-unboost|p1a: Empoleon|atk|1
|-ability|p1a: Empoleon|Competitive|boost
|-boost|p1a: Empoleon|spa|2
|-unboost|p1b: Ninetales|atk|1
|turn|1
|
|t:|1756150699
|move|p2b: Incineroar|Fake Out|p1b: Ninetales
|-damage|p1b: Ninetales|93/100
|cant|p1b: Ninetales|flinch
|move|p1a: Empoleon|Water Pledge|p2b: Incineroar
|-supereffective|p2b: Incineroar
|-damage|p2b: Incineroar|0 fnt
|faint|p2b: Incineroar
|move|p2a: Farigiraf|Trick Room|p2a: Farigiraf
|-fieldstart|move: Trick Room|[of] p2a: Farigiraf
|
|-weather|Snowscape|[upkeep]
|upkeep
|
|t:|1756150717
|switch|p2b: Volcarona|Volcarona, L50, F|100/100
|turn|2
|
|t:|1756150745
|switch|p1a: Baxcalibur|Baxcalibur, L50, F|100/100
|-terastallize|p2b: Volcarona|Grass
|move|p2a: Farigiraf|Psychic Noise|p1b: Ninetales
|-damage|p1b: Ninetales|57/100
|-start|p1b: Ninetales|move: Heal Block
|-enditem|p2a: Farigiraf|Throat Spray
|-boost|p2a: Farigiraf|spa|1|[from] item: Throat Spray
|move|p2b: Volcarona|Fiery Dance|p1b: Ninetales
|-supereffective|p1b: Ninetales
|-damage|p1b: Ninetales|0 fnt
|faint|p1b: Ninetales
|
|-weather|Snowscape|[upkeep]
|upkeep
|
|t:|1756150762
|switch|p1b: Empoleon|Empoleon, L50, M, shiny|100/100
|turn|3
|
|t:|1756150776
|-terastallize|p1a: Baxcalibur|Fire
|move|p1b: Empoleon|Protect|p1b: Empoleon
|-singleturn|p1b: Empoleon|Protect
|move|p2a: Farigiraf|Hyper Voice|p1b: Empoleon|[spread] p1a
|-activate|p1b: Empoleon|move: Protect
|-damage|p1a: Baxcalibur|57/100
|move|p2b: Volcarona|Fiery Dance|p1b: Empoleon
|-activate|p1b: Empoleon|move: Protect
|move|p1a: Baxcalibur|Icicle Crash|p2b: Volcarona
|-supereffective|p2b: Volcarona
|-damage|p2b: Volcarona|4/100
|
|-weather|Snowscape|[upkeep]
|upkeep
|turn|4
|
|t:|1756150809
|move|p1a: Baxcalibur|Protect|p1a: Baxcalibur
|-singleturn|p1a: Baxcalibur|Protect
|move|p2a: Farigiraf|Hyper Voice|p1a: Baxcalibur|[spread] p1b
|-activate|p1a: Baxcalibur|move: Protect
|-resisted|p1b: Empoleon
|-damage|p1b: Empoleon|80/100
|move|p1b: Empoleon|Flash Cannon|p2b: Volcarona
|-damage|p2b: Volcarona|0 fnt
|faint|p2b: Volcarona
|
|-weather|Snowscape|[upkeep]
|-heal|p1b: Empoleon|86/100|[from] item: Leftovers
|upkeep
|
|t:|1756150820
|switch|p2b: Sylveon|Sylveon, L50, F, shiny|100/100
|turn|5
|
|t:|1756150870
|move|p2a: Farigiraf|Helping Hand|p2b: Sylveon
|-singleturn|p2b: Sylveon|Helping Hand|[of] p2a: Farigiraf
|move|p1b: Empoleon|Water Pledge|p2a: Farigiraf
|-damage|p2a: Farigiraf|63/100
|move|p2b: Sylveon|Hyper Beam|p1b: Empoleon
|-resisted|p1b: Empoleon
|-damage|p1b: Empoleon|16/100
|-mustrecharge|p2b: Sylveon
|move|p1a: Baxcalibur|High Horsepower|p2a: Farigiraf
|-damage|p2a: Farigiraf|27/100
|
|-weather|none
|-heal|p1b: Empoleon|22/100|[from] item: Leftovers
|-fieldend|move: Trick Room
|upkeep
|turn|6
|-message|N0rthana forfeited.
|
|win|iceshard00
|l|☆N0rthana
|player|p2|
||N0rthana is ready for game 2.
|inactive|iceshard00 has 30 seconds to confirm battle start!
|inactive|iceshard00 has 20 seconds to confirm battle start!
||iceshard00 is ready for game 2.
|uhtml|next|Next: Game 2 of 3
