|j|☆MrRaffa
|j|☆enesbk
|html|MrRaffaenesbk    
|uhtml|bestof|Game 1 of a best-of-3
|t:|1783533980
|gametype|doubles
|player|p1|MrRaffa|n|
|player|p2|enesbk|1|
|gen|9
|tier|[Gen 9 Champions] VGC 2026 Reg M-B (Bo3)
|rule|Species Clause: Limit one of each Pokémon
|rule|Item Clause: Limit 1 of each item
|clearpoke
|poke|p1|Blastoise, L50, F|
|poke|p1|Incineroar, L50, M|
|poke|p1|Maushold, L50|
|poke|p1|Delphox, L50, F|
|poke|p1|Sinistcha, L50|
|poke|p1|Kingambit, L50, M|
|poke|p2|Sinistcha-Masterpiece, L50|
|poke|p2|Kingambit, L50, F|
|poke|p2|Sneasler, L50, M|
|poke|p2|Floette-Eternal, L50, F|
|poke|p2|Delphox, L50, M|
|poke|p2|Incineroar, L50, M|
|teampreview|4
|showteam|p1|Blastoise||Blastoisinite|RainDish|WaterSpout,DarkPulse,ShellSmash,Protect|Modest||F|||50|]Incineroar||SitrusBerry|Intimidate|FakeOut,ThroatChop,FlareBlitz,PartingShot|Impish||M|||50|]Maushold||FocusSash|FriendGuard|FollowMe,Feint,HelpingHand,Protect|Jolly|||||50|]Delphox||Delphoxite|Blaze|HeatWave,Psyshock,NastyPlot,Protect|Timid||F|||50|]Sinistcha||OccaBerry|Hospitality|MatchaGotcha,RagePowder,TrickRoom,Protect|Bold|||||50|]Kingambit||BlackGlasses|Defiant|KowtowCleave,SuckerPunch,SwordsDance,Protect|Adamant||M|||50|
|showteam|p2|Sinistcha-Masterpiece||KasibBerry|Hospitality|MatchaGotcha,RagePowder,TrickRoom,Protect|Bold|||||50|]Kingambit||BlackGlasses|Defiant|KowtowCleave,SuckerPunch,SwordsDance,Protect|Adamant||F|||50|]Sneasler||FocusSash|PoisonTouch|FakeOut,CloseCombat,GunkShot,QuickGuard|Jolly||M|||50|]Floette-Eternal||Floettite|FlowerVeil|Moonblast,DazzlingGleam,CalmMind,Protect|Modest||F|||50|]Delphox||Delphoxite|Blaze|HeatWave,Psyshock,NastyPlot,Protect|Timid||M|||50|]Incineroar||SitrusBerry|Intimidate|PartingShot,FlareBlitz,ThroatChop,FakeOut|Careful||M|||50|
|inactive|Battle timer is ON: inactive players will automatically lose when time's up. (requested by enesbk)
|inactive|MrRaffa has 60 seconds left.
|
|t:|1783534048
|teamsize|p1|4
|teamsize|p2|4
|start
|switch|p1a: Delphox|Delphox, L50, F|100/100
|switch|p1b: Maushold|Maushold, L50|100/100
|switch|p2a: Floette|Floette-Eternal, L50, F|100/100
|switch|p2b: Sneasler|Sneasler, L50, M|100/100
|turn|1
|inactive|MrRaffa has 30 seconds left.
|inactive|MrRaffa has 20 seconds left.
|
|t:|1783534084
|detailschange|p2a: Floette|Floette-Mega, L50, F
|-mega|p2a: Floette|Floette|Floettite
|-ability|p2a: Floette|Fairy Aura
|move|p2b: Sneasler|Fake Out|p1a: Delphox
|-damage|p1a: Delphox|87/100
|move|p1b: Maushold|Feint|p2b: Sneasler
|-damage|p2b: Sneasler|86/100
|cant|p1a: Delphox|flinch
|move|p2a: Floette|Moonblast|p1b: Maushold
|-damage|p1b: Maushold|8/100
|
|upkeep
|turn|2
|inactive|MrRaffa has 30 seconds left.
|
|t:|1783534113
|move|p1b: Maushold|Helping Hand|p1a: Delphox
|-singleturn|p1a: Delphox|Helping Hand|[of] p1b: Maushold
|move|p2b: Sneasler|Gunk Shot|p1a: Delphox|[miss]
|-miss|p2b: Sneasler|p1a: Delphox
|move|p1a: Delphox|Heat Wave|p2a: Floette|[spread] p2a,p2b
|-damage|p2a: Floette|66/100
|-damage|p2b: Sneasler|29/100
|move|p2a: Floette|Dazzling Gleam|p1a: Delphox|[spread] p1a,p1b
|-resisted|p1a: Delphox|1
|-damage|p1a: Delphox|69/100
|-damage|p1b: Maushold|0 fnt
|faint|p1b: Maushold
|
|upkeep
|inactive|MrRaffa has 30 seconds left.
|
|t:|1783534139
|switch|p1b: Blastoise|Blastoise, L50, F|100/100
|turn|3
|
|t:|1783534161
|detailschange|p1b: Blastoise|Blastoise-Mega, L50, F
|-mega|p1b: Blastoise|Blastoise|Blastoisinite
|move|p2b: Sneasler|Gunk Shot|p1a: Delphox
|-damage|p1a: Delphox|2/100
|move|p1a: Delphox|Psyshock|p2a: Floette
|-damage|p2a: Floette|28/100
|move|p2a: Floette|Moonblast|p1b: Blastoise
|-damage|p1b: Blastoise|15/100
|move|p1b: Blastoise|Shell Smash|p1b: Blastoise
|-unboost|p1b: Blastoise|def|1
|-unboost|p1b: Blastoise|spd|1
|-boost|p1b: Blastoise|atk|2
|-boost|p1b: Blastoise|spa|2
|-boost|p1b: Blastoise|spe|2
|
|upkeep
|turn|4
|inactive|MrRaffa has 30 seconds left.
|inactive|enesbk has 30 seconds left.
|inactive|enesbk has 20 seconds left.
|inactive|enesbk has 15 seconds left.
|inactive|enesbk has 10 seconds left.
|inactive|enesbk has 5 seconds left.
|
|t:|1783534216
|switch|p1a: Sinistcha|Sinistcha, L50|100/100
|-heal|p1b: Blastoise|40/100|[from] ability: Hospitality|[of] p1a: Sinistcha
|move|p1b: Blastoise|Water Spout|p2b: Sneasler|[spread] p2a,p2b
|-damage|p2a: Floette|0 fnt
|-damage|p2b: Sneasler|0 fnt
|faint|p2a: Floette
|faint|p2b: Sneasler
|
|upkeep
|
|t:|1783534222
|switch|p2b: Kingambit|Kingambit, L50, F|100/100
|switch|p2a: Incineroar|Incineroar, L50, M|100/100
|-ability|p2a: Incineroar|Intimidate|boost
|-unboost|p1a: Sinistcha|atk|1
|-unboost|p1b: Blastoise|atk|1
|turn|5
|
|t:|1783534242
|switch|p1a: Delphox|Delphox, L50, F|2/100
|move|p1b: Blastoise|Protect|p1b: Blastoise
|-singleturn|p1b: Blastoise|Protect
|move|p2b: Kingambit|Sucker Punch||[still]
|-fail|p2b: Kingambit
|move|p2a: Incineroar|Throat Chop|p1a: Delphox
|-supereffective|p1a: Delphox|1
|-damage|p1a: Delphox|0 fnt
|faint|p1a: Delphox
|
|upkeep
|inactiveoff|Battle timer is now OFF.
|
|t:|1783534246
|switch|p1a: Sinistcha|Sinistcha, L50|100/100
|-heal|p1b: Blastoise|65/100|[from] ability: Hospitality|[of] p1a: Sinistcha
|turn|6
|inactive|Battle timer is ON: inactive players will automatically lose when time's up. (requested by MrRaffa)
|
|t:|1783534293
|move|p1a: Sinistcha|Rage Powder|p1a: Sinistcha
|-singleturn|p1a: Sinistcha|move: Rage Powder
|move|p1b: Blastoise|Water Spout|p2b: Kingambit|[spread] p2a,p2b
|-supereffective|p2a: Incineroar|1
|-damage|p2a: Incineroar|0 fnt
|-damage|p2b: Kingambit|10/100
|faint|p2a: Incineroar
|move|p2b: Kingambit|Kowtow Cleave|p1a: Sinistcha
|-supereffective|p1a: Sinistcha|1
|-damage|p1a: Sinistcha|1/100
|
|upkeep
|turn|7
|
|t:|1783534303
|move|p2b: Kingambit|Protect|p2b: Kingambit
|-singleturn|p2b: Kingambit|Protect
|move|p1a: Sinistcha|Rage Powder|p1a: Sinistcha
|-singleturn|p1a: Sinistcha|move: Rage Powder
|move|p1b: Blastoise|Water Spout|p2b: Kingambit
|-activate|p2b: Kingambit|move: Protect
|
|upkeep
|turn|8
|
|t:|1783534321
|move|p2b: Kingambit|Protect|p2b: Kingambit
|-singleturn|p2b: Kingambit|Protect
|move|p1a: Sinistcha|Rage Powder|p1a: Sinistcha
|-singleturn|p1a: Sinistcha|move: Rage Powder
|move|p1b: Blastoise|Water Spout|p2b: Kingambit
|-activate|p2b: Kingambit|move: Protect
|
|upkeep
|turn|9
|
|t:|1783534333
|move|p2b: Kingambit|Protect||[still]
|-fail|p2b: Kingambit
|move|p1a: Sinistcha|Rage Powder|p1a: Sinistcha
|-singleturn|p1a: Sinistcha|move: Rage Powder
|move|p1b: Blastoise|Water Spout|p2b: Kingambit
|-damage|p2b: Kingambit|0 fnt
|faint|p2b: Kingambit
|
|win|MrRaffa
||enesbk is ready for game 2.
||MrRaffa is ready for game 2.
|uhtml|next|Next: Game 2 of 3
