|j|☆Scoseb
|j|☆plsbringregi
|html|Scosebplsbringregi    
|uhtml|bestof|Game 2 of a best-of-3
|t:|1784650914
|gametype|doubles
|player|p1|Scoseb|brycenman|1307
|player|p2|plsbringregi|265|1328
|gen|9
|tier|[Gen 9 Champions] VGC 2026 Reg M-B (Bo3)
|rated|
|rule|Species Clause: Limit one of each Pokémon
|rule|Item Clause: Limit 1 of each item
|clearpoke
|poke|p1|Gholdengo, L50|
|poke|p1|Zoroark-Hisui, L50, M|
|poke|p1|Incineroar, L50, F|
|poke|p1|Whimsicott, L50, M|
|poke|p1|Staraptor, L50, M|
|poke|p1|Garchomp, L50, F|
|poke|p2|Kleavor, L50, M|
|poke|p2|Gholdengo, L50|
|poke|p2|Venusaur, L50, F|
|poke|p2|Talonflame, L50, M|
|poke|p2|Grimmsnarl, L50, M|
|poke|p2|Sylveon, L50, M|
|teampreview|4
|showteam|p1|Gholdengo||LifeOrb|GoodasGold|PowerGem,Protect,MakeItRain,ShadowBall|Modest|||||50|]Zoroark-Hisui||FocusSash|Illusion|Taunt,IcyWind,FakeTears,BitterMalice|Timid||M|||50|]Incineroar||SitrusBerry|Intimidate|FakeOut,PartingShot,FlareBlitz,DarkestLariat|Careful||F|||50|]Whimsicott||FairyFeather|Prankster|Moonblast,Tailwind,Charm,Encore|Modest||M|||50|]Staraptor||Staraptite|Reckless|CloseCombat,Protect,BraveBird,Roost|Jolly||M|||50|]Garchomp||Garchompite|RoughSkin|Protect,Earthquake,DragonClaw,RockSlide|Adamant||F|||50|
|showteam|p2|Kleavor||FocusSash|Sharpness|StoneAxe,XScissor,CloseCombat,Protect|Jolly||M|||50|]Gholdengo||ChoiceScarf|GoodasGold|ShadowBall,MakeItRain,PowerGem,Trick|Modest|||||50|]Venusaur||Venusaurite|Overgrow|GigaDrain,SludgeBomb,EarthPower,Protect|Modest||F|||50|]Talonflame||LifeOrb|GaleWings|BraveBird,FlareBlitz,Tailwind,Protect|Jolly||M|||50|]Grimmsnarl||LightClay|Prankster|SpiritBreak,Reflect,LightScreen,SuckerPunch|Careful||M|||50|]Sylveon||FairyFeather|Pixilate|HyperVoice,HyperBeam,QuickAttack,Detect|Modest||M|||50|
|inactive|Battle timer is ON: inactive players will automatically lose when time's up. (requested by Scoseb)
|inactive|plsbringregi has 60 seconds left.
|inactive|Scoseb has 60 seconds left.
|
|t:|1784650954
|teamsize|p1|4
|teamsize|p2|4
|start
|switch|p1a: Staraptor|Staraptor, L50, M|100/100
|switch|p1b: Garchomp|Garchomp, L50, F|100/100
|switch|p2a: Gholdengo|Gholdengo, L50|100/100
|switch|p2b: Venusaur|Venusaur, L50, F|100/100
|turn|1
|
|t:|1784650975
|switch|p1b: Incineroar|Incineroar, L50, F|100/100
|-ability|p1b: Incineroar|Intimidate|boost
|-unboost|p2a: Gholdengo|atk|1
|-unboost|p2b: Venusaur|atk|1
|switch|p2b: Talonflame|Talonflame, L50, M|100/100
|move|p1a: Staraptor|Protect|p1a: Staraptor
|-singleturn|p1a: Staraptor|Protect
|move|p2a: Gholdengo|Make It Rain|p1a: Staraptor|[spread] p1b
|-activate|p1a: Staraptor|move: Protect
|-resisted|p1b: Incineroar|1
|-damage|p1b: Incineroar|79/100
|-unboost|p2a: Gholdengo|spa|2
|
|upkeep
|turn|2
|inactive|Scoseb has 30 seconds left.
|
|t:|1784651003
|switch|p2a: Sylveon|Sylveon, L50, M|100/100
|detailschange|p1a: Staraptor|Staraptor-Mega, L50, M
|-mega|p1a: Staraptor|Staraptor|Staraptite
|move|p2b: Talonflame|Protect|p2b: Talonflame
|-singleturn|p2b: Talonflame|Protect
|move|p1b: Incineroar|Fake Out|p2b: Talonflame
|-activate|p2b: Talonflame|move: Protect
|move|p1a: Staraptor|Close Combat|p2b: Talonflame
|-activate|p2b: Talonflame|move: Protect
|
|upkeep
|turn|3
|
|t:|1784651016
|move|p1a: Staraptor|Protect|p1a: Staraptor
|-singleturn|p1a: Staraptor|Protect
|move|p2b: Talonflame|Brave Bird|p1b: Incineroar
|-damage|p1b: Incineroar|31/100
|-enditem|p1b: Incineroar|Sitrus Berry|[eat]
|-heal|p1b: Incineroar|56/100|[from] item: Sitrus Berry
|-damage|p2b: Talonflame|80/100|[from] Recoil
|-damage|p2b: Talonflame|70/100|[from] item: Life Orb
|move|p2a: Sylveon|Hyper Voice|p1b: Incineroar|[spread] p1b
|-activate|p1a: Staraptor|move: Protect
|-damage|p1b: Incineroar|20/100y
|move|p1b: Incineroar|Parting Shot|p2a: Sylveon
|-unboost|p2a: Sylveon|atk|1
|-unboost|p2a: Sylveon|spa|1
|
|t:|1784651031
|switch|p1b: Gholdengo|Gholdengo, L50|100/100|[from] Parting Shot
|
|upkeep
|turn|4
|
|t:|1784651045
|switch|p1a: Incineroar|Incineroar, L50, F|20/100y
|-ability|p1a: Incineroar|Intimidate|boost
|-unboost|p2a: Sylveon|atk|1
|-unboost|p2b: Talonflame|atk|1
|switch|p2a: Gholdengo|Gholdengo, L50|100/100
|move|p2b: Talonflame|Protect|p2b: Talonflame
|-singleturn|p2b: Talonflame|Protect
|move|p1b: Gholdengo|Power Gem|p2b: Talonflame
|-activate|p2b: Talonflame|move: Protect
|
|upkeep
|turn|5
|inactive|Scoseb has 30 seconds left.
|
|t:|1784651079
|switch|p1b: Garchomp|Garchomp, L50, F|100/100
|move|p1a: Incineroar|Fake Out|p2b: Talonflame
|-damage|p2b: Talonflame|54/100
|move|p2a: Gholdengo|Shadow Ball|p1b: Garchomp
|-damage|p1b: Garchomp|54/100
|cant|p2b: Talonflame|flinch
|
|upkeep
|turn|6
|
|t:|1784651093
|switch|p2a: Sylveon|Sylveon, L50, M|100/100
|move|p2b: Talonflame|Tailwind|p2b: Talonflame
|-sidestart|p2: plsbringregi|move: Tailwind
|move|p1b: Garchomp|Rock Slide|p2b: Talonflame|[spread] p2a,p2b
|-supereffective|p2b: Talonflame|2
|-damage|p2a: Sylveon|72/100
|-damage|p2b: Talonflame|0 fnt
|faint|p2b: Talonflame
|move|p1a: Incineroar|Flare Blitz|p2a: Sylveon
|-damage|p2a: Sylveon|19/100
|-damage|p1a: Incineroar|4/100|[from] Recoil
|
|upkeep
|
|t:|1784651098
|switch|p2b: Gholdengo|Gholdengo, L50|100/100
|turn|7
|
|t:|1784651112
|switch|p1a: Gholdengo|Gholdengo, L50|100/100
|move|p1b: Garchomp|Protect|p1b: Garchomp
|-singleturn|p1b: Garchomp|Protect
|move|p2b: Gholdengo|Shadow Ball|p1a: Gholdengo
|-supereffective|p1a: Gholdengo|1
|-damage|p1a: Gholdengo|6/100
|move|p2a: Sylveon|Hyper Voice|p1b: Garchomp|[spread] p1a
|-activate|p1b: Garchomp|move: Protect
|-resisted|p1a: Gholdengo|1
|-damage|p1a: Gholdengo|0 fnt
|faint|p1a: Gholdengo
|
|upkeep
|
|t:|1784651125
|switch|p1a: Incineroar|Incineroar, L50, F|4/100
|-ability|p1a: Incineroar|Intimidate|boost
|-unboost|p2a: Sylveon|atk|1
|-unboost|p2b: Gholdengo|atk|1
|turn|8
|
|t:|1784651135
|move|p2a: Sylveon|Detect|p2a: Sylveon
|-singleturn|p2a: Sylveon|Protect
|move|p1a: Incineroar|Fake Out|p2a: Sylveon
|-activate|p2a: Sylveon|move: Protect
|move|p2b: Gholdengo|Shadow Ball|p1b: Garchomp
|-damage|p1b: Garchomp|11/100
|move|p1b: Garchomp|Earthquake|p2b: Gholdengo|[spread] p1a,p2b
|-activate|p2a: Sylveon|move: Protect
|-supereffective|p1a: Incineroar|1
|-supereffective|p2b: Gholdengo|1
|-damage|p1a: Incineroar|0 fnt
|-damage|p2b: Gholdengo|8/100
|faint|p1a: Incineroar
|
|upkeep
|
|t:|1784651148
|switch|p1a: Staraptor|Staraptor-Mega, L50, M|100/100
|turn|9
|
|t:|1784651153
|move|p1a: Staraptor|Protect|p1a: Staraptor
|-singleturn|p1a: Staraptor|Protect
|move|p1b: Garchomp|Protect|p1b: Garchomp
|-singleturn|p1b: Garchomp|Protect
|move|p2b: Gholdengo|Shadow Ball|p1b: Garchomp
|-activate|p1b: Garchomp|move: Protect
|move|p2a: Sylveon|Hyper Voice|p1b: Garchomp|[spread] 
|-activate|p1a: Staraptor|move: Protect
|-activate|p1b: Garchomp|move: Protect
|
|-sideend|p2: plsbringregi|move: Tailwind
|upkeep
|turn|10
|
|t:|1784651169
|move|p2a: Sylveon|Detect|p2a: Sylveon
|-singleturn|p2a: Sylveon|Protect
|move|p2b: Gholdengo|Shadow Ball|p1b: Garchomp
|-damage|p1b: Garchomp|0 fnt
|faint|p1b: Garchomp
|move|p1a: Staraptor|Close Combat|p2a: Sylveon
|-activate|p2a: Sylveon|move: Protect
|
|upkeep
|turn|11
|
|t:|1784651178
|move|p2a: Sylveon|Quick Attack|p1a: Staraptor
|-supereffective|p1a: Staraptor|1
|-damage|p1a: Staraptor|84/100
|move|p2b: Gholdengo|Shadow Ball|p1a: Staraptor
|-damage|p1a: Staraptor|36/100
|move|p1a: Staraptor|Close Combat|p2a: Sylveon
|-resisted|p2a: Sylveon|1
|-damage|p2a: Sylveon|0 fnt
|-boost|p1a: Staraptor|def|1
|-boost|p1a: Staraptor|spd|1
|faint|p2a: Sylveon
|
|upkeep
|
|t:|1784651184
|switch|p2a: Venusaur|Venusaur, L50, F|100/100
|turn|12
|
|t:|1784651193
|detailschange|p2a: Venusaur|Venusaur-Mega, L50, F
|-mega|p2a: Venusaur|Venusaur|Venusaurite
|move|p2b: Gholdengo|Shadow Ball|p1a: Staraptor
|-damage|p1a: Staraptor|8/100
|move|p1a: Staraptor|Roost|p1a: Staraptor
|-heal|p1a: Staraptor|58/100
|-singleturn|p1a: Staraptor|move: Roost
|move|p2a: Venusaur|Sludge Bomb|p1a: Staraptor
|-damage|p1a: Staraptor|30/100
|-status|p1a: Staraptor|psn
|
|-damage|p1a: Staraptor|17/100 psn|[from] psn
|upkeep
|turn|13
|-message|Scoseb forfeited.
|
|win|plsbringregi
||plsbringregi is ready for game 3.
||Scoseb is ready for game 3.
|uhtml|next|Next: Game 3 of 3
