|j|☆quain4
|j|☆wittraid
|html|quain4wittraid    
|uhtml|bestof|Game 1 of a best-of-3
|t:|1756629421
|gametype|doubles
|player|p1|quain4|1|1134
|player|p2|wittraid|102|1290
|gen|9
|tier|[Gen 9] VGC 2025 Reg H (Bo3)
|rated|
|rule|Species Clause: Limit one of each Pokémon
|rule|Item Clause: Limit 1 of each item
|clearpoke
|poke|p1|Gholdengo, L50|
|poke|p1|Ribombee, L50, M|
|poke|p1|Farigiraf, L50, M|
|poke|p1|Incineroar, L50, F|
|poke|p1|Zoroark-Hisui, L50, F|
|poke|p1|Primarina, L50, F|
|poke|p2|Pelipper, L50, F|
|poke|p2|Archaludon, L50, F|
|poke|p2|Basculegion, L50, M|
|poke|p2|Incineroar, L50, F|
|poke|p2|Sinistcha-Masterpiece, L50|
|poke|p2|Dragonite, L50, F|
|teampreview|4
|showteam|p1|Gholdengo||ChoiceSpecs|GoodasGold|MakeItRain,ShadowBall,Trick,PowerGem||||||50|,,,,,Steel]Ribombee||MentalHerb|ShieldDust|PollenPuff,Tailwind,FakeTears,Uturn|||M|||50|,,,,,Water]Farigiraf||SitrusBerry|ArmorTail|Protect,HelpingHand,Psychic,TrickRoom|||M|||50|,,,,,Fairy]Incineroar||AssaultVest|Intimidate|FakeOut,Uturn,FlareBlitz,KnockOff|||F|||50|,,,,,Bug]Zoroark-Hisui||FocusSash|Illusion|Protect,HyperVoice,NastyPlot,BitterMalice|||F|||50|,,,,,Normal]Primarina||ThroatSpray|LiquidVoice|Moonblast,Protect,HelpingHand,HyperVoice|||F|||50|,,,,,Dragon
|showteam|p2|Pelipper||FocusSash|Drizzle|Tailwind,WideGuard,Hurricane,Protect|||F|||50|,,,,,Ghost]Archaludon||AssaultVest|Stamina|ElectroShot,DragonPulse,BodyPress,Snarl|||F|||50|,,,,,Grass]Basculegion||ChoiceBand|SwiftSwim|WaveCrash,LastRespects,AquaJet,FlipTurn|||M|||50|,,,,,Grass]Incineroar||SafetyGoggles|Intimidate|FakeOut,KnockOff,Taunt,PartingShot|||F|||50|,,,,,Ghost]Sinistcha-Masterpiece||SitrusBerry|Hospitality|RagePowder,MatchaGotcha,TrickRoom,Protect||||||50|,,,,,Fairy]Dragonite||LoadedDice|InnerFocus|ScaleShot,ExtremeSpeed,Haze,Protect|||F|||50|,,,,,Normal
|inactive|Battle timer is ON: inactive players will automatically lose when time's up. (requested by wittraid)
|inactive|quain4 also wants the timer to be on.
|inactive|quain4 has 60 seconds left.
|inactive|wittraid has 60 seconds left.
|
|t:|1756629476
|teamsize|p1|4
|teamsize|p2|4
|start
|switch|p1a: Ribombee|Ribombee, L50, M|100/100
|switch|p1b: Primarina|Primarina, L50, F|100/100
|switch|p2a: Pelipper|Pelipper, L50, F|100/100
|switch|p2b: Archaludon|Archaludon, L50, F|100/100
|-weather|RainDance|[from] ability: Drizzle|[of] p2a: Pelipper
|turn|1
|
|t:|1756629492
|-terastallize|p1b: Primarina|Dragon
|move|p1a: Ribombee|Tailwind|p1a: Ribombee
|-sidestart|p1: quain4|move: Tailwind
|move|p1b: Primarina|Hyper Voice|p2b: Archaludon|[spread] p2a,p2b
|-resisted|p2a: Pelipper
|-resisted|p2b: Archaludon
|-damage|p2a: Pelipper|59/100
|-damage|p2b: Archaludon|83/100
|-ability|p2b: Archaludon|Stamina|boost
|-boost|p2b: Archaludon|def|1
|-enditem|p1b: Primarina|Throat Spray
|-boost|p1b: Primarina|spa|1|[from] item: Throat Spray
|move|p2b: Archaludon|Electro Shot||[still]
|-prepare|p2b: Archaludon|Electro Shot
|-boost|p2b: Archaludon|spa|1
|-anim|p2b: Archaludon|Electro Shot|p1b: Primarina
|-resisted|p1b: Primarina
|-damage|p1b: Primarina|76/100
|move|p2a: Pelipper|Tailwind|p2a: Pelipper
|-sidestart|p2: wittraid|move: Tailwind
|
|-weather|RainDance|[upkeep]
|upkeep
|turn|2
|inactive|wittraid has 30 seconds left.
|
|t:|1756629520
|move|p1a: Ribombee|Fake Tears|p2b: Archaludon
|-unboost|p2b: Archaludon|spd|2
|move|p2b: Archaludon|Dragon Pulse|p1b: Primarina
|-supereffective|p1b: Primarina
|-damage|p1b: Primarina|0 fnt
|faint|p1b: Primarina
|move|p2a: Pelipper|Hurricane|p1a: Ribombee
|-supereffective|p1a: Ribombee
|-damage|p1a: Ribombee|0 fnt
|faint|p1a: Ribombee
|
|-weather|RainDance|[upkeep]
|upkeep
|
|t:|1756629528
|switch|p1a: Gholdengo|Gholdengo, L50|100/100
|switch|p1b: Zoroark|Zoroark-Hisui, L50, F|100/100
|turn|3
|inactive|wittraid has 30 seconds left.
|
|t:|1756629554
|switch|p2b: Incineroar|Incineroar, L50, F|100/100
|-ability|p2b: Incineroar|Intimidate|boost
|-unboost|p1a: Gholdengo|atk|1
|-unboost|p1b: Zoroark|atk|1
|move|p1b: Zoroark|Bitter Malice|p2a: Pelipper
|-damage|p2a: Pelipper|0 fnt
|faint|p2a: Pelipper
|move|p1a: Gholdengo|Shadow Ball|p2b: Incineroar
|-resisted|p2b: Incineroar
|-damage|p2b: Incineroar|73/100
|-unboost|p2b: Incineroar|spd|1
|
|-weather|RainDance|[upkeep]
|upkeep
|
|t:|1756629572
|switch|p2a: Basculegion|Basculegion, L50, M|100/100
|turn|4
|
|t:|1756629589
|move|p2a: Basculegion|Wave Crash|p1a: Gholdengo
|-damage|p1a: Gholdengo|0 fnt
|faint|p1a: Gholdengo
|-damage|p2a: Basculegion|75/100|[from] Recoil
|move|p1b: Zoroark|Bitter Malice|p2a: Basculegion
|-supereffective|p2a: Basculegion
|-damage|p2a: Basculegion|0 fnt
|faint|p2a: Basculegion
|move|p2b: Incineroar|Knock Off|p1b: Zoroark
|-supereffective|p1b: Zoroark
|-enditem|p1b: Zoroark|Focus Sash
|-damage|p1b: Zoroark|1/100
|
|-weather|RainDance|[upkeep]
|-sideend|p1: quain4|move: Tailwind
|-sideend|p2: wittraid|move: Tailwind
|upkeep
|
|t:|1756629604
|switch|p2a: Archaludon|Archaludon, L50, F|83/100
|turn|5
|
|t:|1756629612
|move|p1b: Zoroark|Hyper Voice|p2a: Archaludon|[spread] p2a,p2b
|-resisted|p2a: Archaludon
|-damage|p2a: Archaludon|72/100
|-damage|p2b: Incineroar|32/100
|-ability|p2a: Archaludon|Stamina|boost
|-boost|p2a: Archaludon|def|1
|move|p2a: Archaludon|Electro Shot||[still]
|-prepare|p2a: Archaludon|Electro Shot
|-boost|p2a: Archaludon|spa|1
|-anim|p2a: Archaludon|Electro Shot|p1b: Zoroark
|-damage|p1b: Zoroark|0 fnt
|faint|p1b: Zoroark
|
|win|wittraid
||quain4 is ready for game 2.
|inactive|wittraid has 30 seconds to confirm battle start!
||wittraid is ready for game 2.
|uhtml|next|Next: Game 2 of 3
|l|☆quain4
|player|p1|
