|j|☆advisory committee
|j|☆SudoBits
|html|advisory committeeSudoBits    
|uhtml|bestof|Game 2 of a best-of-3
|t:|1785408705
|gametype|doubles
|player|p1|advisory committee|scientist-gen4dp|1000
|player|p2|SudoBits|266|1004
|gen|9
|tier|[Gen 9 Champions] VGC 2026 Reg M-B (Bo3)
|rated|
|rule|Species Clause: Limit one of each Pokémon
|rule|Item Clause: Limit 1 of each item
|clearpoke
|poke|p1|Garchomp, L50, M|
|poke|p1|Tyranitar, L50, M|
|poke|p1|Gholdengo, L50|
|poke|p1|Mamoswine, L50, F|
|poke|p1|Clefable, L50, F|
|poke|p1|Whimsicott, L50, M|
|poke|p2|Gengar, L50, F|
|poke|p2|Incineroar, L50, M|
|poke|p2|Sinistcha, L50|
|poke|p2|Politoed, L50, F|
|poke|p2|Archaludon, L50, M|
|poke|p2|Garchomp, L50, F|
|teampreview|4
|showteam|p1|Garchomp||Garchompite|SandVeil|EarthPower,DracoMeteor,PowerGem,Protect|Modest||M|||50|]Tyranitar||ChoiceScarf|SandStream|RockSlide,IcePunch,IronHead,KnockOff|Adamant||M|||50|]Gholdengo||LifeOrb|GoodasGold|MakeItRain,NastyPlot,Protect,ShadowBall|Modest|||||50|]Mamoswine||FocusSash|Oblivious|HighHorsepower,Protect,Avalanche,IceShard|Jolly||F|||50|]Clefable||SitrusBerry|MagicGuard|Protect,FollowMe,ThunderWave,Moonblast|Calm||F|||50|]Whimsicott||MentalHerb|Prankster|Tailwind,Encore,Protect,Moonblast|Bold||M|||50|
|showteam|p2|Gengar||Gengarite|CursedBody|ShadowBall,Disable,PerishSong,Protect|Modest||F|||50|]Incineroar||SitrusBerry|Intimidate|FlareBlitz,PartingShot,FakeOut,Protect|Adamant||M|||50|]Sinistcha||KasibBerry|Hospitality|MatchaGotcha,RagePowder,TrickRoom,Protect|Bold|||||50|]Politoed||FocusSash|Drizzle|WeatherBall,Encore,PerishSong,Protect|Calm||F|||50|]Archaludon||Leftovers|Stamina|ElectroShot,FlashCannon,DragonPulse,Protect|Timid||M|||50|]Garchomp||LifeOrb|RoughSkin|DragonClaw,Protect,Earthquake,RockSlide|Jolly||F|||50|
|inactive|Battle timer is ON: inactive players will automatically lose when time's up. (requested by advisory committee)
|inactive|advisory committee has 60 seconds left.
|inactive|advisory committee has 30 seconds left.
|
|t:|1785408767
|teamsize|p1|4
|teamsize|p2|4
|start
|switch|p1a: Clefable|Clefable, L50, F|100/100
|switch|p1b: Gholdengo|Gholdengo, L50|100/100
|switch|p2a: Gengar|Gengar, L50, F|100/100
|switch|p2b: Incineroar|Incineroar, L50, M|100/100
|-ability|p2b: Incineroar|Intimidate|boost
|-unboost|p1a: Clefable|atk|1
|-unboost|p1b: Gholdengo|atk|1
|turn|1
|
|t:|1785408788
|detailschange|p2a: Gengar|Gengar-Mega, L50, F
|-mega|p2a: Gengar|Gengar|Gengarite
|move|p1b: Gholdengo|Protect|p1b: Gholdengo
|-singleturn|p1b: Gholdengo|Protect
|move|p2b: Incineroar|Fake Out|p1a: Clefable
|-damage|p1a: Clefable|85/100
|move|p2a: Gengar|Shadow Ball|p1a: Clefable
|-damage|p1a: Clefable|44/100
|-enditem|p1a: Clefable|Sitrus Berry|[eat]
|-heal|p1a: Clefable|68/100|[from] item: Sitrus Berry
|cant|p1a: Clefable|flinch
|
|upkeep
|turn|2
|inactive|advisory committee has 30 seconds left.
|
|t:|1785408823
|move|p1a: Clefable|Follow Me|p1a: Clefable
|-singleturn|p1a: Clefable|move: Follow Me
|move|p2a: Gengar|Shadow Ball|p1a: Clefable
|-damage|p1a: Clefable|22/100
|move|p1b: Gholdengo|Nasty Plot|p1b: Gholdengo
|-boost|p1b: Gholdengo|spa|2
|move|p2b: Incineroar|Flare Blitz|p1a: Clefable
|-damage|p1a: Clefable|0 fnt
|faint|p1a: Clefable
|-damage|p2b: Incineroar|92/100|[from] Recoil
|
|upkeep
|
|t:|1785408835
|switch|p1a: Tyranitar|Tyranitar, L50, M|100/100
|-weather|Sandstorm|[from] ability: Sand Stream|[of] p1a: Tyranitar
|turn|3
|
|t:|1785408855
|switch|p2b: Politoed|Politoed, L50, F|100/100
|-weather|RainDance|[from] ability: Drizzle|[of] p2b: Politoed
|move|p1b: Gholdengo|Protect|p1b: Gholdengo
|-singleturn|p1b: Gholdengo|Protect
|move|p2a: Gengar|Shadow Ball|p1b: Gholdengo
|-activate|p1b: Gholdengo|move: Protect
|move|p1a: Tyranitar|Knock Off|p2a: Gengar
|-supereffective|p2a: Gengar|1
|-damage|p2a: Gengar|0 fnt
|faint|p2a: Gengar
|
|-weather|RainDance|[upkeep]
|upkeep
|
|t:|1785408868
|switch|p2a: Archaludon|Archaludon, L50, M|100/100
|turn|4
|
|t:|1785408882
|move|p2a: Archaludon|Electro Shot||[still]
|-prepare|p2a: Archaludon|Electro Shot
|-boost|p2a: Archaludon|spa|1
|-anim|p2a: Archaludon|Electro Shot|p1b: Gholdengo
|-damage|p1b: Gholdengo|31/100
|move|p1a: Tyranitar|Knock Off|p2a: Archaludon
|-damage|p2a: Archaludon|49/100
|-ability|p2a: Archaludon|Stamina|boost
|-boost|p2a: Archaludon|def|1
|-enditem|p2a: Archaludon|Leftovers|[from] move: Knock Off|[of] p1a: Tyranitar
|move|p1b: Gholdengo|Shadow Ball|p2a: Archaludon
|-crit|p2a: Archaludon
|-damage|p2a: Archaludon|0 fnt
|faint|p2a: Archaludon
|-damage|p1b: Gholdengo|21/100|[from] item: Life Orb
|move|p2b: Politoed|Weather Ball|p1a: Tyranitar
|-supereffective|p1a: Tyranitar|1
|-damage|p1a: Tyranitar|12/100
|
|-weather|RainDance|[upkeep]
|upkeep
|
|t:|1785408900
|switch|p2a: Incineroar|Incineroar, L50, M|92/100
|-ability|p2a: Incineroar|Intimidate|boost
|-unboost|p1a: Tyranitar|atk|1
|-unboost|p1b: Gholdengo|atk|1
|turn|5
|
|t:|1785408910
|switch|p1a: Garchomp|Garchomp, L50, M|100/100
|move|p1b: Gholdengo|Protect|p1b: Gholdengo
|-singleturn|p1b: Gholdengo|Protect
|move|p2a: Incineroar|Fake Out|p1a: Garchomp
|-damage|p1a: Garchomp|87/100
|move|p2b: Politoed|Weather Ball|p1b: Gholdengo
|-activate|p1b: Gholdengo|move: Protect
|
|-weather|RainDance|[upkeep]
|upkeep
|turn|6
|
|t:|1785408931
|detailschange|p1a: Garchomp|Garchomp-Mega, L50, M
|-mega|p1a: Garchomp|Garchomp|Garchompite
|move|p1a: Garchomp|Earth Power|p2a: Incineroar
|-supereffective|p2a: Incineroar|1
|-damage|p2a: Incineroar|0 fnt
|faint|p2a: Incineroar
|move|p1b: Gholdengo|Shadow Ball|p2b: Politoed
|-damage|p2b: Politoed|22/100
|-damage|p1b: Gholdengo|11/100|[from] item: Life Orb
|move|p2b: Politoed|Weather Ball|p1a: Garchomp
|-damage|p1a: Garchomp|38/100
|
|-weather|RainDance|[upkeep]
|upkeep
|turn|7
|-message|SudoBits forfeited.
|raw|advisory committee's rating: 1000 → 1040(+40 for winning)
|raw|SudoBits's rating: 1004 → 1000(-4 for losing)
|
|win|advisory committee
|l|☆SudoBits
|player|p2|
