|j|☆CaligoKnight
|j|☆Kirasso
|html|CaligoKnightKirasso    
|uhtml|bestof|Game 1 of a best-of-3
|t:|1782703999
|gametype|doubles
|player|p1|CaligoKnight|170|1051
|player|p2|Kirasso|veteran|1000
|gen|9
|tier|[Gen 9 Champions] VGC 2026 Reg M-B (Bo3)
|rated|
|rule|Species Clause: Limit one of each Pokémon
|rule|Item Clause: Limit 1 of each item
|clearpoke
|poke|p1|Metagross, L50|
|poke|p1|Tyranitar, L50, M|
|poke|p1|Excadrill, L50, F|
|poke|p1|Grimmsnarl, L50, M|
|poke|p1|Sneasler, L50, M|
|poke|p1|Sinistcha, L50|
|poke|p2|Staraptor, L50, M|
|poke|p2|Raichu, L50, M|
|poke|p2|Gholdengo, L50|
|poke|p2|Garchomp, L50, F|
|poke|p2|Incineroar, L50, F|
|poke|p2|Clefable, L50, F|
|teampreview|4
|showteam|p1|Metagross||Metagrossite|ClearBody|IronHead,BrickBreak,IcePunch,Protect|Jolly|||||50|]Tyranitar||Tyranitarite|SandStream|RockSlide,KnockOff,DragonDance,Protect|Jolly||M|||50|]Excadrill||FocusSash|SandRush|Earthquake,IronHead,RockSlide,Protect|Adamant||F|||50|]Grimmsnarl||RoseliBerry|Prankster|FoulPlay,PartingShot,LightScreen,Reflect|Careful||M|||50|]Sneasler||WhiteHerb|Unburden|FakeOut,CloseCombat,DireClaw,Protect|Adamant||M|||50|]Sinistcha||SitrusBerry|Hospitality|MatchaGotcha,Protect,RagePowder,LifeDew|Bold|||||50|
|showteam|p2|Staraptor||Staraptite|Intimidate|BraveBird,CloseCombat,Tailwind,Protect|Jolly||M|||50|]Raichu||FocusSash|LightningRod|VoltSwitch,Charm,Encore,FakeOut|Timid||M|||50|]Gholdengo||Leftovers|GoodasGold|MakeItRain,ShadowBall,NastyPlot,Protect|Modest|||||50|]Garchomp||LifeOrb|RoughSkin|RockTomb,DragonClaw,Earthquake,Protect|Jolly||F|||50|]Incineroar||PasshoBerry|Intimidate|FlareBlitz,ThroatChop,PartingShot,FakeOut|Impish||F|||50|]Clefable||SitrusBerry|Unaware|Moonblast,LifeDew,FollowMe,Protect|Bold||F|||50|
|inactive|Battle timer is ON: inactive players will automatically lose when time's up. (requested by Kirasso)
|
|t:|1782704019
|teamsize|p1|4
|teamsize|p2|4
|start
|switch|p1a: Metagross|Metagross, L50|100/100
|switch|p1b: Tyranitar|Tyranitar, L50, M|100/100
|switch|p2a: Garchomp|Garchomp, L50, F|100/100
|switch|p2b: Staraptor|Staraptor, L50, M|100/100
|-ability|p2b: Staraptor|Intimidate|boost
|-fail|p1a: Metagross|unboost|[from] ability: Clear Body|[of] p1a: Metagross
|-unboost|p1b: Tyranitar|atk|1
|-weather|Sandstorm|[from] ability: Sand Stream|[of] p1b: Tyranitar
|turn|1
|inactive|CaligoKnight has 30 seconds left.
|
|t:|1782704046
|switch|p2b: Incineroar|Incineroar, L50, F|100/100
|-ability|p2b: Incineroar|Intimidate|boost
|-fail|p1a: Metagross|unboost|[from] ability: Clear Body|[of] p1a: Metagross
|-unboost|p1b: Tyranitar|atk|1
|detailschange|p1a: Metagross|Metagross-Mega, L50
|-mega|p1a: Metagross|Metagross|Metagrossite
|move|p1b: Tyranitar|Protect|p1b: Tyranitar
|-singleturn|p1b: Tyranitar|Protect
|move|p2a: Garchomp|Earthquake|p1a: Metagross|[spread] p2b,p1a
|-activate|p1b: Tyranitar|move: Protect
|-supereffective|p2b: Incineroar|1
|-supereffective|p1a: Metagross|1
|-damage|p2b: Incineroar|18/100
|-damage|p1a: Metagross|20/100y
|-damage|p2a: Garchomp|90/100|[from] item: Life Orb
|move|p1a: Metagross|Ice Punch|p2a: Garchomp
|-supereffective|p2a: Garchomp|2
|-damage|p2a: Garchomp|0 fnt
|-damage|p1a: Metagross|8/100|[from] ability: Rough Skin|[of] p2a: Garchomp
|faint|p2a: Garchomp
|
|-weather|Sandstorm|[upkeep]
|-damage|p2b: Incineroar|12/100|[from] Sandstorm
|upkeep
|
|t:|1782704063
|switch|p2a: Gholdengo|Gholdengo, L50|100/100
|turn|2
|
|t:|1782704081
|switch|p1b: Sinistcha|Sinistcha, L50|100/100
|-heal|p1a: Metagross|33/100|[from] ability: Hospitality|[of] p1b: Sinistcha
|move|p1a: Metagross|Protect|p1a: Metagross
|-singleturn|p1a: Metagross|Protect
|move|p2b: Incineroar|Fake Out|p1b: Sinistcha
|-immune|p1b: Sinistcha
|move|p2a: Gholdengo|Nasty Plot|p2a: Gholdengo
|-boost|p2a: Gholdengo|spa|2
|
|-weather|Sandstorm|[upkeep]
|-damage|p2b: Incineroar|6/100|[from] Sandstorm
|-damage|p1b: Sinistcha|93/100|[from] Sandstorm
|upkeep
|turn|3
|inactive|CaligoKnight has 30 seconds left.
|
|t:|1782704111
|switch|p1a: Excadrill|Excadrill, L50, F|100/100
|move|p2a: Gholdengo|Shadow Ball|p1b: Sinistcha
|-supereffective|p1b: Sinistcha|1
|-damage|p1b: Sinistcha|0 fnt
|faint|p1b: Sinistcha
|move|p2b: Incineroar|Flare Blitz|p1a: Excadrill
|-supereffective|p1a: Excadrill|1
|-enditem|p1a: Excadrill|Focus Sash
|-damage|p1a: Excadrill|1/100
|-damage|p2b: Incineroar|0 fnt|[from] Recoil
|faint|p2b: Incineroar
|
|-weather|Sandstorm|[upkeep]
|upkeep
|
|t:|1782704127
|switch|p2b: Staraptor|Staraptor, L50, M|100/100
|switch|p1b: Tyranitar|Tyranitar, L50, M|100/100
|-ability|p2b: Staraptor|Intimidate|boost
|-unboost|p1a: Excadrill|atk|1
|-unboost|p1b: Tyranitar|atk|1
|turn|4
|
|t:|1782704141
|detailschange|p2b: Staraptor|Staraptor-Mega, L50, M
|-mega|p2b: Staraptor|Staraptor|Staraptite
|move|p2a: Gholdengo|Protect|p2a: Gholdengo
|-singleturn|p2a: Gholdengo|Protect
|move|p1a: Excadrill|Rock Slide|p2a: Gholdengo|[spread] p2b
|-activate|p2a: Gholdengo|move: Protect
|-damage|p2b: Staraptor|86/100
|move|p2b: Staraptor|Close Combat|p1a: Excadrill
|-supereffective|p1a: Excadrill|1
|-damage|p1a: Excadrill|0 fnt
|-boost|p2b: Staraptor|def|1
|-boost|p2b: Staraptor|spd|1
|faint|p1a: Excadrill
|move|p1b: Tyranitar|Knock Off|p2a: Gholdengo
|-activate|p2a: Gholdengo|move: Protect
|
|-weather|Sandstorm|[upkeep]
|-damage|p2b: Staraptor|80/100|[from] Sandstorm
|upkeep
|
|t:|1782704158
|switch|p1a: Metagross|Metagross-Mega, L50|33/100
|turn|5
|
|t:|1782704171
|move|p2b: Staraptor|Close Combat|p1b: Tyranitar
|-supereffective|p1b: Tyranitar|2
|-damage|p1b: Tyranitar|0 fnt
|-boost|p2b: Staraptor|def|1
|-boost|p2b: Staraptor|spd|1
|faint|p1b: Tyranitar
|move|p1a: Metagross|Ice Punch|p2b: Staraptor
|-supereffective|p2b: Staraptor|1
|-damage|p2b: Staraptor|42/100
|move|p2a: Gholdengo|Shadow Ball|p1a: Metagross
|-supereffective|p1a: Metagross|1
|-damage|p1a: Metagross|0 fnt
|faint|p1a: Metagross
|
|win|Kirasso
