|j|☆GymGlofer
|j|☆KodeBeast0526
|html|GymGloferKodeBeast0526    
|uhtml|bestof|Game 2 of a best-of-3
|t:|1784774464
|gametype|doubles
|player|p1|GymGlofer|blackbelt|1110
|player|p2|KodeBeast0526|hiker|1189
|gen|9
|tier|[Gen 9 Champions] VGC 2026 Reg M-B (Bo3)
|rated|
|rule|Species Clause: Limit one of each Pokémon
|rule|Item Clause: Limit 1 of each item
|clearpoke
|poke|p1|Swampert, L50, F|
|poke|p1|Milotic, L50, F|
|poke|p1|Basculegion-F, L50, F|
|poke|p1|Pelipper, L50, F|
|poke|p1|Quaquaval, L50, M|
|poke|p1|Greninja, L50, M|
|poke|p2|Aerodactyl, L50, M, shiny|
|poke|p2|Kingambit, L50, M, shiny|
|poke|p2|Sylveon, L50, M, shiny|
|poke|p2|Garchomp, L50, M, shiny|
|poke|p2|Charizard, L50, M, shiny|
|poke|p2|Farigiraf, L50, F, shiny|
|teampreview|4
|showteam|p1|Swampert||Swampertite|Damp|Liquidation,Earthquake,BulkUp,Protect|Adamant||F|||50|]Milotic||Leftovers|Competitive|HydroPump,IceBeam,Coil,LifeDew|Calm||F|||50|]Basculegion-F||LifeOrb|SwiftSwim|ChillingWater,ShadowBall,AquaJet,Protect|Modest||F|||50|]Pelipper||DampRock|Drizzle|WaterPulse,Hurricane,WideGuard,Tailwind|Modest||F|||50|]Quaquaval||FocusSash|Moxie|AquaStep,CloseCombat,SwordsDance,Detect|Jolly||M|||50|]Greninja||Greninjite|Protean|FlipTurn,DarkPulse,IcyWind,Protect|Hasty||M|||50|
|showteam|p2|Aerodactyl||Aerodactylite|Unnerve|RockSlide,IceFang,Tailwind,WideGuard|Jolly||M|||50|]Kingambit||FocusSash|Defiant|KowtowCleave,SuckerPunch,IronHead,LowKick|Adamant||M|||50|]Sylveon||FairyFeather|Pixilate|Detect,HyperVoice,HyperBeam,QuickAttack|Modest||M|||50|]Garchomp||LifeOrb|RoughSkin|Earthquake,DragonClaw,StompingTantrum,Protect|Jolly||M|||50|]Charizard||CharizarditeY|Blaze|Protect,HeatWave,SolarBeam,WeatherBall|Modest||M|||50|]Farigiraf||SitrusBerry|ArmorTail|Thunderbolt,PsychicNoise,TrickRoom,HelpingHand|Bold||F|||50|
|
|t:|1784774485
|teamsize|p1|4
|teamsize|p2|4
|start
|switch|p1a: Greninja|Greninja, L50, M|100/100
|switch|p1b: Basculegion|Basculegion-F, L50, F|100/100
|switch|p2a: Farigiraf|Farigiraf, L50, F, shiny|100/100
|switch|p2b: Sylveon|Sylveon, L50, M, shiny|100/100
|turn|1
|inactive|Battle timer is ON: inactive players will automatically lose when time's up. (requested by KodeBeast0526)
|
|t:|1784774502
|detailschange|p1a: Greninja|Greninja-Mega, L50, M
|-mega|p1a: Greninja|Greninja|Greninjite
|move|p1a: Greninja|Dark Pulse|p2a: Farigiraf
|-start|p1a: Greninja|typechange|Dark|[from] ability: Protean
|-supereffective|p2a: Farigiraf|1
|-damage|p2a: Farigiraf|26/100
|-enditem|p2a: Farigiraf|Sitrus Berry|[eat]
|-heal|p2a: Farigiraf|51/100|[from] item: Sitrus Berry
|move|p1b: Basculegion|Chilling Water|p2a: Farigiraf
|-damage|p2a: Farigiraf|23/100
|-unboost|p2a: Farigiraf|atk|1
|-damage|p1b: Basculegion|90/100|[from] item: Life Orb
|move|p2b: Sylveon|Hyper Beam|p1a: Greninja
|-supereffective|p1a: Greninja|1
|-damage|p1a: Greninja|0 fnt
|-mustrecharge|p2b: Sylveon
|faint|p1a: Greninja
|move|p2a: Farigiraf|Trick Room|p2a: Farigiraf
|-fieldstart|move: Trick Room|[of] p2a: Farigiraf
|
|upkeep
|
|t:|1784774521
|switch|p1a: Milotic|Milotic, L50, F|100/100
|turn|2
|
|t:|1784774530
|move|p2a: Farigiraf|Psychic Noise|p1a: Milotic
|-damage|p1a: Milotic|80/100
|-start|p1a: Milotic|move: Heal Block
|cant|p2b: Sylveon|recharge
|move|p1a: Milotic|Coil|p1a: Milotic
|-boost|p1a: Milotic|atk|1
|-boost|p1a: Milotic|def|1
|-boost|p1a: Milotic|accuracy|1
|move|p1b: Basculegion|Chilling Water|p2a: Farigiraf
|-damage|p2a: Farigiraf|0 fnt
|faint|p2a: Farigiraf
|-damage|p1b: Basculegion|80/100|[from] item: Life Orb
|
|upkeep
|
|t:|1784774541
|switch|p2a: Kingambit|Kingambit, L50, M, shiny|100/100
|turn|3
|
|t:|1784774552
|move|p1b: Basculegion|Protect|p1b: Basculegion
|-singleturn|p1b: Basculegion|Protect
|move|p2a: Kingambit|Kowtow Cleave|p1b: Basculegion
|-activate|p1b: Basculegion|move: Protect
|move|p2b: Sylveon|Hyper Beam|p1a: Milotic
|-damage|p1a: Milotic|16/100
|-mustrecharge|p2b: Sylveon
|move|p1a: Milotic|Coil|p1a: Milotic
|-boost|p1a: Milotic|atk|1
|-boost|p1a: Milotic|def|1
|-boost|p1a: Milotic|accuracy|1
|
|-end|p1a: Milotic|move: Heal Block
|upkeep
|turn|4
|
|t:|1784774573
|switch|p1b: Pelipper|Pelipper, L50, F|100/100
|-weather|RainDance|[from] ability: Drizzle|[of] p1b: Pelipper
|move|p2a: Kingambit|Kowtow Cleave|p1a: Milotic
|-damage|p1a: Milotic|0 fnt
|faint|p1a: Milotic
|cant|p2b: Sylveon|recharge
|
|-weather|RainDance|[upkeep]
|upkeep
|
|t:|1784774580
|switch|p1a: Basculegion|Basculegion-F, L50, F|80/100
|turn|5
|
|t:|1784774588
|move|p1a: Basculegion|Protect|p1a: Basculegion
|-singleturn|p1a: Basculegion|Protect
|move|p1b: Pelipper|Water Pulse|p2a: Kingambit
|-damage|p2a: Kingambit|64/100
|-start|p2a: Kingambit|confusion
|-activate|p2a: Kingambit|confusion
|-damage|p2a: Kingambit|52/100|[from] confusion
|move|p2b: Sylveon|Hyper Beam|p1b: Pelipper
|-damage|p1b: Pelipper|0 fnt
|-mustrecharge|p2b: Sylveon
|faint|p1b: Pelipper
|
|-weather|RainDance|[upkeep]
|-fieldend|move: Trick Room
|upkeep
|turn|6
|
|t:|1784774604
|move|p1a: Basculegion|Chilling Water|p2a: Kingambit
|-damage|p2a: Kingambit|6/100
|-unboost|p2a: Kingambit|atk|1
|-ability|p2a: Kingambit|Defiant|boost
|-boost|p2a: Kingambit|atk|2
|-damage|p1a: Basculegion|71/100|[from] item: Life Orb
|cant|p2b: Sylveon|recharge
|-activate|p2a: Kingambit|confusion
|move|p2a: Kingambit|Kowtow Cleave|p1a: Basculegion
|-supereffective|p1a: Basculegion|1
|-damage|p1a: Basculegion|0 fnt
|faint|p1a: Basculegion
|
|win|KodeBeast0526
