|j|☆IngeVGC
|j|☆fliukes
|html|IngeVGCfliukes    
|uhtml|bestof|Game 3 of a best-of-3
|t:|1757025603
|gametype|doubles
|player|p1|IngeVGC|fisherman-gen4|1371
|player|p2|fliukes|bugcatcher-gen4dp|1306
|gen|9
|tier|[Gen 9] VGC 2025 Reg H (Bo3)
|rated|
|rule|Species Clause: Limit one of each Pokémon
|rule|Item Clause: Limit 1 of each item
|clearpoke
|poke|p1|Volcarona, L50, M|
|poke|p1|Kingambit, L50, M|
|poke|p1|Dragonite, L50, F|
|poke|p1|Sneasler, L50, M|
|poke|p1|Rillaboom, L50, M|
|poke|p1|Electabuzz, L50, M|
|poke|p2|Dragonite, L50, F|
|poke|p2|Gholdengo, L50|
|poke|p2|Rillaboom, L50, M|
|poke|p2|Ursaluna-Bloodmoon, L50, M|
|poke|p2|Maushold-Four, L50|
|poke|p2|Annihilape, L50, M|
|teampreview|4
|showteam|p1|Volcarona||CovertCloak|FlameBody|HeatWave,TeraBlast,QuiverDance,Protect|||M|||50|,,,,,Fairy]Kingambit||BlackGlasses|Defiant|KowtowCleave,SuckerPunch,SwordsDance,Protect|||M|||50|,,,,,Dark]Dragonite||LoadedDice|Multiscale|ScaleShot,ExtremeSpeed,Haze,Protect|||F|||50|,,,,,Steel]Sneasler||FocusSash|PoisonTouch|CloseCombat,DireClaw,FakeOut,Coaching|||M|||50|,,,,,Stellar]Rillaboom||AssaultVest|GrassySurge|WoodHammer,GrassyGlide,HighHorsepower,FakeOut|||M|||50|,,,,,Fire]Electabuzz||Eviolite|VitalSpirit|Thunderbolt,Taunt,FollowMe,Protect|||M|||50|,,,,,Ghost
|showteam|p2|Dragonite||LoadedDice|Multiscale|Tailwind,Haze,Protect,ScaleShot|||F|||50|,,,,,Fairy]Gholdengo||GrassySeed|GoodasGold|MakeItRain,ShadowBall,NastyPlot,Protect||||||50|,,,,,Water]Rillaboom||MiracleSeed|GrassySurge|WoodHammer,GrassyGlide,FakeOut,HighHorsepower|||M|||50|,,,,,Fire]Ursaluna-Bloodmoon||AssaultVest|MindsEye|BloodMoon,EarthPower,HyperVoice,VacuumWave|||M|||50|,,,,,Water]Maushold-Four||FocusSash|FriendGuard|SuperFang,FollowMe,BeatUp,Protect||||||50|,,,,,Ghost]Annihilape||SitrusBerry|Defiant|RageFist,DrainPunch,BulkUp,Protect|||M|||50|,,,,,Fire
|inactive|Battle timer is ON: inactive players will automatically lose when time's up. (requested by fliukes)
|inactive|fliukes has 60 seconds left.
|
|t:|1757025640
|teamsize|p1|4
|teamsize|p2|4
|start
|switch|p1a: Volcarona|Volcarona, L50, M|100/100
|switch|p1b: Electabuzz|Electabuzz, L50, M|100/100
|switch|p2a: Maushold|Maushold-Four, L50|100/100
|switch|p2b: Annihilape|Annihilape, L50, M|100/100
|turn|1
|
|t:|1757025655
|-terastallize|p2b: Annihilape|Fire
|move|p2a: Maushold|Super Fang|p1a: Volcarona|[miss]
|-miss|p2a: Maushold|p1a: Volcarona
|move|p2b: Annihilape|Bulk Up|p2b: Annihilape
|-boost|p2b: Annihilape|atk|1
|-boost|p2b: Annihilape|def|1
|move|p1a: Volcarona|Quiver Dance|p1a: Volcarona
|-boost|p1a: Volcarona|spa|1
|-boost|p1a: Volcarona|spd|1
|-boost|p1a: Volcarona|spe|1
|move|p1b: Electabuzz|Taunt|p2b: Annihilape
|-start|p2b: Annihilape|move: Taunt
|
|upkeep
|turn|2
|
|t:|1757025669
|move|p1b: Electabuzz|Follow Me|p1b: Electabuzz
|-singleturn|p1b: Electabuzz|move: Follow Me
|move|p1a: Volcarona|Quiver Dance|p1a: Volcarona
|-boost|p1a: Volcarona|spa|1
|-boost|p1a: Volcarona|spd|1
|-boost|p1a: Volcarona|spe|1
|move|p2a: Maushold|Super Fang|p1b: Electabuzz
|-damage|p1b: Electabuzz|51/100
|move|p2b: Annihilape|Drain Punch|p1b: Electabuzz
|-damage|p1b: Electabuzz|16/100
|
|upkeep
|turn|3
|
|t:|1757025687
|move|p2a: Maushold|Protect|p2a: Maushold
|-singleturn|p2a: Maushold|Protect
|move|p1a: Volcarona|Heat Wave|p2b: Annihilape|[spread] p2b
|-activate|p2a: Maushold|move: Protect
|-resisted|p2b: Annihilape
|-damage|p2b: Annihilape|77/100
|move|p2b: Annihilape|Rage Fist|p1a: Volcarona
|-damage|p1a: Volcarona|27/100
|move|p1b: Electabuzz|Thunderbolt|p2a: Maushold
|-activate|p2a: Maushold|move: Protect
|
|upkeep
|turn|4
|
|t:|1757025707
|move|p1b: Electabuzz|Follow Me|p1b: Electabuzz
|-singleturn|p1b: Electabuzz|move: Follow Me
|move|p1a: Volcarona|Heat Wave|p2b: Annihilape|[spread] p2a,p2b
|-resisted|p2b: Annihilape
|-crit|p2b: Annihilape
|-damage|p2a: Maushold|14/100
|-damage|p2b: Annihilape|43/100
|-enditem|p2b: Annihilape|Sitrus Berry|[eat]
|-heal|p2b: Annihilape|68/100|[from] item: Sitrus Berry
|move|p2a: Maushold|Beat Up|p1b: Electabuzz
|-damage|p1b: Electabuzz|14/100
|-damage|p1b: Electabuzz|12/100
|-damage|p1b: Electabuzz|9/100
|-damage|p1b: Electabuzz|7/100
|-hitcount|p1b: Electabuzz|4
|move|p2b: Annihilape|Rage Fist|p1b: Electabuzz
|-damage|p1b: Electabuzz|0 fnt
|faint|p1b: Electabuzz
|
|-end|p2b: Annihilape|move: Taunt
|upkeep
|
|t:|1757025720
|switch|p1b: Dragonite|Dragonite, L50, F|100/100
|turn|5
|
|t:|1757025745
|move|p1a: Volcarona|Protect|p1a: Volcarona
|-singleturn|p1a: Volcarona|Protect
|move|p2a: Maushold|Protect|p2a: Maushold
|-singleturn|p2a: Maushold|Protect
|move|p2b: Annihilape|Rage Fist|p1b: Dragonite
|-damage|p1b: Dragonite|50/100
|move|p1b: Dragonite|Scale Shot|p2b: Annihilape
|-damage|p2b: Annihilape|61/100
|-damage|p2b: Annihilape|53/100
|-damage|p2b: Annihilape|45/100
|-damage|p2b: Annihilape|38/100
|-damage|p2b: Annihilape|31/100
|-hitcount|p2b: Annihilape|5
|-unboost|p1b: Dragonite|def|1
|-boost|p1b: Dragonite|spe|1
|
|upkeep
|turn|6
|inactive|fliukes has 30 seconds left.
|inactive|fliukes has 20 seconds left.
|inactive|fliukes has 15 seconds left.
|inactive|fliukes has 10 seconds left.
|inactive|fliukes has 5 seconds left.
|
|t:|1757025797
|move|p2b: Annihilape|Protect|p2b: Annihilape
|-singleturn|p2b: Annihilape|Protect
|move|p1a: Volcarona|Heat Wave|p2b: Annihilape|[spread] p2a
|-activate|p2b: Annihilape|move: Protect
|-damage|p2a: Maushold|0 fnt
|faint|p2a: Maushold
|move|p1b: Dragonite|Scale Shot|p2b: Annihilape
|-activate|p2b: Annihilape|move: Protect
|
|upkeep
|
|t:|1757025806
|switch|p2a: Dragonite|Dragonite, L50, F|100/100
|turn|7
|
|t:|1757025822
|-terastallize|p1a: Volcarona|Fairy
|move|p1a: Volcarona|Heat Wave|p2a: Dragonite|[spread] p2b
|-miss|p1a: Volcarona|p2a: Dragonite
|-resisted|p2b: Annihilape
|-damage|p2b: Annihilape|0 fnt
|faint|p2b: Annihilape
|move|p1b: Dragonite|Scale Shot|p2a: Dragonite
|-supereffective|p2a: Dragonite
|-damage|p2a: Dragonite|84/100
|-supereffective|p2a: Dragonite
|-damage|p2a: Dragonite|47/100
|-supereffective|p2a: Dragonite
|-crit|p2a: Dragonite
|-damage|p2a: Dragonite|0 fnt
|faint|p2a: Dragonite
|-hitcount|p2: Dragonite|3
|-unboost|p1b: Dragonite|def|1
|-boost|p1b: Dragonite|spe|1
|
|upkeep
|l|☆fliukes
|inactive|fliukes disconnected and has a minute to reconnect!
|player|p2|
|inactive|fliukes has 30 seconds left.
|inactive|fliukes has 20 seconds left.
|inactive|fliukes has 15 seconds left.
|inactive|fliukes has 10 seconds left.
|inactive|fliukes has 5 seconds left.
|-message|fliukes lost due to inactivity.
|
|win|IngeVGC
|raw|IngeVGC's rating: 1371 → 1387(+16 for winning)
|raw|fliukes's rating: 1306 → 1290(-16 for losing)
