|j|☆EgoJJ
|j|☆Ray_Nilson
|html|EgoJJRay_Nilson    
|uhtml|bestof|Game 2 of a best-of-3
|t:|1756925860
|gametype|doubles
|player|p1|EgoJJ|brock|1132
|player|p2|Ray_Nilson|gambler|1040
|gen|9
|tier|[Gen 9] VGC 2025 Reg H (Bo3)
|rated|
|rule|Species Clause: Limit one of each Pokémon
|rule|Item Clause: Limit 1 of each item
|clearpoke
|poke|p1|Glimmora, L50, M|
|poke|p1|Tatsugiri, L50, M|
|poke|p1|Dondozo, L50, M|
|poke|p1|Rillaboom, L50, F|
|poke|p1|Volcarona, L50, M|
|poke|p1|Sneasler, L50, M|
|poke|p2|Volcarona, L50, M|
|poke|p2|Rotom-Wash, L50|
|poke|p2|Amoonguss, L50, M|
|poke|p2|Corviknight, L50, M|
|poke|p2|Garchomp, L50, M|
|teampreview|4
|showteam|p1|Glimmora||PowerHerb|ToxicDebris|MeteorBeam,SludgeBomb,EarthPower,SpikyShield|||M|||50|,,,,,Grass]Tatsugiri||FocusSash|Commander|DracoMeteor,MuddyWater,Taunt,Protect|||M|||50|,,,,,Stellar]Dondozo||CovertCloak|Unaware|WaveCrash,OrderUp,HeavySlam,Protect|||M|||50|,,,,,Steel]Rillaboom||AssaultVest|GrassySurge|FakeOut,GrassyGlide,WoodHammer,HighHorsepower|||F|||50|,,,,,Fire]Volcarona||SitrusBerry|FlameBody|FieryDance,TeraBlast,WillOWisp,Tailwind|||M|||50|,,,,,Fairy]Sneasler||GrassySeed|Unburden|DireClaw,CloseCombat,Coaching,Protect|||M|||50|,,,,,Stellar
|showteam|p2|Volcarona||SafetyGoggles|FlameBody|HeatWave,BugBuzz,Protect,QuiverDance|||M|||50|,,,,,Water]Rotom-Wash||SitrusBerry|Levitate|HydroPump,WillOWisp,VoltSwitch,Protect||||||50|,,,,,Ghost]Amoonguss||BlackSludge|Regenerator|Spore,RagePowder,Protect,PollenPuff|||M|||50|,,,,,Dark]Corviknight||CovertCloak|MirrorArmor|Tailwind,IronHead,BraveBird,Roost|||M|||50|,,,,,Grass]Garchomp||LifeOrb|RoughSkin|Protect,DragonClaw,RockSlide,Earthquake|||M|||50|,,,,,Ground
|inactive|Battle timer is ON: inactive players will automatically lose when time's up. (requested by EgoJJ)
|
|t:|1756925871
|teamsize|p1|4
|teamsize|p2|4
|start
|switch|p1a: Glimmora|Glimmora, L50, M|100/100
|switch|p1b: Volcarona|Volcarona, L50, M|100/100
|switch|p2a: Garchomp|Garchomp, L50, M, shiny|100/100
|switch|p2b: Rotom|Rotom-Wash, L50, shiny|100/100
|turn|1
|inactive|EgoJJ has 30 seconds left.
|
|t:|1756925900
|-terastallize|p2a: Garchomp|Ground
|move|p1a: Glimmora|Spiky Shield|p1a: Glimmora
|-singleturn|p1a: Glimmora|move: Protect
|move|p2a: Garchomp|Earthquake|p1b: Volcarona|[spread] p1b
|-activate|p1a: Glimmora|move: Protect
|-immune|p2b: Rotom|[from] ability: Levitate
|-damage|p1b: Volcarona|21/100
|-enditem|p1b: Volcarona|Sitrus Berry|[eat]
|-heal|p1b: Volcarona|46/100|[from] item: Sitrus Berry
|-damage|p2a: Garchomp|91/100|[from] item: Life Orb
|move|p1b: Volcarona|Will-O-Wisp|p2a: Garchomp
|-status|p2a: Garchomp|brn
|move|p2b: Rotom|Volt Switch|p1b: Volcarona
|-damage|p1b: Volcarona|21/100
|
|t:|1756925906
|switch|p2b: Corviknight|Corviknight, L50, M, shiny|100/100|[from] Volt Switch
|
|-damage|p2a: Garchomp|85/100 brn|[from] brn
|upkeep
|turn|2
|inactive|EgoJJ has 30 seconds left.
|
|t:|1756925936
|-terastallize|p1a: Glimmora|Grass
|move|p2a: Garchomp|Earthquake|p1a: Glimmora|[spread] p1a,p1b
|-immune|p2b: Corviknight
|-resisted|p1a: Glimmora
|-damage|p1a: Glimmora|82/100
|-damage|p1b: Volcarona|0 fnt
|-activate|p1a: Glimmora|ability: Toxic Debris
|-sidestart|p2: Ray_Nilson|move: Toxic Spikes
|faint|p1b: Volcarona
|-damage|p2a: Garchomp|75/100 brn|[from] item: Life Orb
|move|p1a: Glimmora|Meteor Beam||[still]
|-prepare|p1a: Glimmora|Meteor Beam
|-boost|p1a: Glimmora|spa|1
|-enditem|p1a: Glimmora|Power Herb
|-anim|p1a: Glimmora|Meteor Beam|p2b: Corviknight
|-damage|p2b: Corviknight|7/100
|move|p2b: Corviknight|Iron Head|p1a: Glimmora
|-damage|p1a: Glimmora|50/100
|-activate|p1a: Glimmora|ability: Toxic Debris
|-sidestart|p2: Ray_Nilson|move: Toxic Spikes
|
|-damage|p2a: Garchomp|69/100 brn|[from] brn
|upkeep
|
|t:|1756925954
|switch|p1b: Dondozo|Dondozo, L50, M|100/100
|turn|3
|
|t:|1756925965
|switch|p1a: Tatsugiri|Tatsugiri, L50, M|100/100
|-activate|p1a: Tatsugiri|ability: Commander|[of] p1b: Dondozo
|-boost|p1b: Dondozo|atk|2
|-boost|p1b: Dondozo|spa|2
|-boost|p1b: Dondozo|spe|2
|-boost|p1b: Dondozo|def|2
|-boost|p1b: Dondozo|spd|2
|move|p2a: Garchomp|Protect|p2a: Garchomp
|-singleturn|p2a: Garchomp|Protect
|move|p1b: Dondozo|Order Up|p2b: Corviknight
|-resisted|p2b: Corviknight
|-damage|p2b: Corviknight|0 fnt
|faint|p2b: Corviknight
|-boost|p1b: Dondozo|atk|1
|
|-damage|p2a: Garchomp|63/100 brn|[from] brn
|upkeep
|
|t:|1756925974
|switch|p2b: Rotom|Rotom-Wash, L50, shiny|100/100
|turn|4
|
|t:|1756925981
|move|p1b: Dondozo|Order Up|p2a: Garchomp
|-damage|p2a: Garchomp|6/100 brn
|-boost|p1b: Dondozo|atk|1
|move|p2a: Garchomp|Earthquake|p1a: Tatsugiri|[spread] p1b
|-miss|p2a: Garchomp|p1a: Tatsugiri
|-immune|p2b: Rotom|[from] ability: Levitate
|-damage|p1b: Dondozo|89/100
|-damage|p2a: Garchomp|0 fnt|[from] item: Life Orb
|faint|p2a: Garchomp
|move|p2b: Rotom|Will-O-Wisp|p1b: Dondozo
|-status|p1b: Dondozo|brn
|
|-damage|p1b: Dondozo|83/100 brn|[from] brn
|upkeep
|
|t:|1756925983
|switch|p2a: Amoonguss|Amoonguss, L50, M, shiny|100/100
|-sideend|p2: Ray_Nilson|move: Toxic Spikes|[of] p2a: Amoonguss
|turn|5
|inactive|EgoJJ has 30 seconds left.
|inactive|EgoJJ has 20 seconds left.
|
|t:|1756926018
|move|p2a: Amoonguss|Rage Powder|p2a: Amoonguss
|-singleturn|p2a: Amoonguss|move: Rage Powder
|move|p1b: Dondozo|Order Up|p2a: Amoonguss
|-damage|p2a: Amoonguss|70/100
|-boost|p1b: Dondozo|atk|1
|move|p2b: Rotom|Volt Switch|p1b: Dondozo
|-supereffective|p1b: Dondozo
|-damage|p1b: Dondozo|56/100 brn
|
|-heal|p2a: Amoonguss|75/100|[from] item: Black Sludge
|-damage|p1b: Dondozo|50/100 brn|[from] brn
|upkeep
|turn|6
|inactive|Ray_Nilson has 30 seconds left.
|
|t:|1756926044
|move|p2a: Amoonguss|Rage Powder|p2a: Amoonguss
|-singleturn|p2a: Amoonguss|move: Rage Powder
|move|p1b: Dondozo|Heavy Slam|p2a: Amoonguss
|-damage|p2a: Amoonguss|24/100
|move|p2b: Rotom|Volt Switch|p1b: Dondozo
|-supereffective|p1b: Dondozo
|-damage|p1b: Dondozo|24/100 brn
|
|-heal|p2a: Amoonguss|30/100|[from] item: Black Sludge
|-damage|p1b: Dondozo|17/100 brn|[from] brn
|upkeep
|turn|7
|
|t:|1756926061
|move|p2a: Amoonguss|Protect|p2a: Amoonguss
|-singleturn|p2a: Amoonguss|Protect
|move|p1b: Dondozo|Heavy Slam|p2a: Amoonguss
|-activate|p2a: Amoonguss|move: Protect
|move|p2b: Rotom|Volt Switch|p1b: Dondozo
|-supereffective|p1b: Dondozo
|-damage|p1b: Dondozo|0 fnt
|faint|p1b: Dondozo
|
|-heal|p2a: Amoonguss|36/100|[from] item: Black Sludge
|upkeep
|
|t:|1756926063
|switch|p1b: Glimmora|Glimmora, L50, M, tera:Grass|50/100
|turn|8
|inactive|Ray_Nilson has 30 seconds left.
|inactive|EgoJJ has 30 seconds left.
|inactive|Ray_Nilson has 20 seconds left.
|inactive|Ray_Nilson has 15 seconds left.
|
|t:|1756926103
|move|p1b: Glimmora|Spiky Shield|p1b: Glimmora
|-singleturn|p1b: Glimmora|move: Protect
|move|p1a: Tatsugiri|Taunt|p2a: Amoonguss
|-start|p2a: Amoonguss|move: Taunt
|move|p2b: Rotom|Volt Switch|p1a: Tatsugiri
|-damage|p1a: Tatsugiri|63/100
|move|p2a: Amoonguss|Pollen Puff|p1b: Glimmora
|-activate|p1b: Glimmora|move: Protect
|
|-heal|p2a: Amoonguss|42/100|[from] item: Black Sludge
|upkeep
|turn|9
|
|t:|1756926126
|move|p1b: Glimmora|Meteor Beam||[still]
|-prepare|p1b: Glimmora|Meteor Beam
|-boost|p1b: Glimmora|spa|1
|move|p1a: Tatsugiri|Draco Meteor|p2a: Amoonguss
|-damage|p2a: Amoonguss|0 fnt
|-unboost|p1a: Tatsugiri|spa|2
|faint|p2a: Amoonguss
|move|p2b: Rotom|Volt Switch|p1a: Tatsugiri
|-damage|p1a: Tatsugiri|23/100
|
|upkeep
|turn|10
|
|t:|1756926143
|move|p1b: Glimmora|Meteor Beam|p2b: Rotom|[from] lockedmove
|-damage|p2b: Rotom|12/100
|-enditem|p2b: Rotom|Sitrus Berry|[eat]
|-heal|p2b: Rotom|37/100|[from] item: Sitrus Berry
|move|p1a: Tatsugiri|Taunt|p2b: Rotom
|-start|p2b: Rotom|move: Taunt
|move|p2b: Rotom|Volt Switch|p1a: Tatsugiri
|-damage|p1a: Tatsugiri|0 fnt
|faint|p1a: Tatsugiri
|
|upkeep
|turn|11
|
|t:|1756926157
|move|p1b: Glimmora|Sludge Bomb|p2b: Rotom
|-damage|p2b: Rotom|0 fnt
|faint|p2b: Rotom
|
|win|EgoJJ
|raw|EgoJJ's rating: 1132 → 1151(+19 for winning)
|raw|Ray_Nilson's rating: 1040 → 1028(-12 for losing)
|l|☆Ray_Nilson
|player|p2|
