|j|☆DJ_Arcigno
|j|☆idontknow25
|html|DJ_Arcignoidontknow25    
|uhtml|bestof|Game 3 of a best-of-3
|t:|1755899696
|gametype|doubles
|player|p1|DJ_Arcigno|emmet|1129
|player|p2|idontknow25|benga|1189
|gen|9
|tier|[Gen 9] VGC 2025 Reg H (Bo3)
|rated|
|rule|Species Clause: Limit one of each Pokémon
|rule|Item Clause: Limit 1 of each item
|clearpoke
|poke|p1|Ursaluna, L50, F|
|poke|p1|Kilowattrel, L50, F|
|poke|p1|Gholdengo, L50|
|poke|p1|Incineroar, L50, F|
|poke|p1|Amoonguss, L50, M|
|poke|p1|Porygon2, L50|
|poke|p2|Dondozo, L50, F|
|poke|p2|Tatsugiri, L50, F|
|poke|p2|Rillaboom, L50, F|
|poke|p2|Incineroar, L50, M|
|poke|p2|Dragapult, L50, F|
|poke|p2|Sneasler, L50, M|
|teampreview|4
|showteam|p1|Ursaluna||FlameOrb|Guts|Facade,HeadlongRush,Earthquake,Protect|||F|||50|,,,,,Fairy]Kilowattrel||FocusSash|Competitive|Thunderbolt,AirSlash,Tailwind,Protect|||F|||50|,,,,,Ghost]Gholdengo||LifeOrb|GoodasGold|MakeItRain,ShadowBall,NastyPlot,Protect||||||50|,,,,,Steel]Incineroar||SafetyGoggles|Intimidate|KnockOff,FlareBlitz,PartingShot,FakeOut|||F|||50|,,,,,Grass]Amoonguss||SitrusBerry|Regenerator|Spore,RagePowder,SludgeBomb,Protect|||M|||50|,,,,,Water]Porygon2||Eviolite|Download|TeraBlast,IceBeam,Recover,TrickRoom||||||50|,,,,,Fighting
|showteam|p2|Dondozo||Leftovers|Unaware|OrderUp,WaveCrash,Earthquake,Protect|||F|||50|,,,,,Grass]Tatsugiri||FocusSash|Commander|DracoMeteor,MuddyWater,Protect,IcyWind|||F|||50|,,,,,Steel]Rillaboom||AssaultVest|GrassySurge|FakeOut,Uturn,WoodHammer,GrassyGlide|||F|||50|,,,,,Fire]Incineroar||SafetyGoggles|Intimidate|FakeOut,KnockOff,PartingShot,FlareBlitz|||M|||50|,,,,,Water]Dragapult||ChoiceBand|ClearBody|DragonDarts,TeraBlast,Uturn,PhantomForce|||F|||50|,,,,,Ghost]Sneasler||GrassySeed|Unburden|CloseCombat,ThroatChop,DireClaw,Protect|||M|||50|,,,,,Dark
|inactive|Battle timer is ON: inactive players will automatically lose when time's up. (requested by idontknow25)
|inactive|idontknow25 has 60 seconds left.
|
|t:|1755899750
|teamsize|p1|4
|teamsize|p2|4
|start
|switch|p1a: Porygon2|Porygon2, L50, shiny|100/100
|switch|p1b: Incineroar|Incineroar, L50, F, shiny|100/100
|switch|p2a: Rillaboom|Rillaboom, L50, F|100/100
|switch|p2b: Dragapult|Dragapult, L50, F|100/100
|-fieldstart|move: Grassy Terrain|[from] ability: Grassy Surge|[of] p2a: Rillaboom
|-ability|p1b: Incineroar|Intimidate|boost
|-unboost|p2a: Rillaboom|atk|1
|-fail|p2b: Dragapult|unboost|[from] ability: Clear Body|[of] p2b: Dragapult
|-ability|p1a: Porygon2|Download|boost
|-boost|p1a: Porygon2|spa|1
|turn|1
|inactive|DJ_Arcigno has 30 seconds left.
|
|t:|1755899779
|switch|p2b: Sneasler|Sneasler, L50, M|100/100
|-enditem|p2b: Sneasler|Grassy Seed
|-boost|p2b: Sneasler|def|1|[from] item: Grassy Seed
|move|p2a: Rillaboom|Fake Out|p1a: Porygon2
|-damage|p1a: Porygon2|95/100
|move|p1b: Incineroar|Knock Off|p2b: Sneasler
|-resisted|p2b: Sneasler
|-crit|p2b: Sneasler
|-damage|p2b: Sneasler|63/100
|cant|p1a: Porygon2|flinch
|
|-heal|p2b: Sneasler|68/100|[from] Grassy Terrain
|-heal|p1a: Porygon2|100/100|[from] Grassy Terrain
|upkeep
|turn|2
|inactive|DJ_Arcigno has 30 seconds left.
|inactive|idontknow25 has 30 seconds left.
|inactive|idontknow25 has 20 seconds left.
|
|t:|1755899818
|switch|p1b: Amoonguss|Amoonguss, L50, M, shiny|100/100
|-terastallize|p1a: Porygon2|Fighting
|move|p2b: Sneasler|Close Combat|p1b: Amoonguss
|-resisted|p1b: Amoonguss
|-damage|p1b: Amoonguss|72/100
|-unboost|p2b: Sneasler|def|1
|-unboost|p2b: Sneasler|spd|1
|move|p2a: Rillaboom|U-turn|p1a: Porygon2
|-resisted|p1a: Porygon2
|-damage|p1a: Porygon2|96/100
|
|t:|1755899822
|switch|p2a: Incineroar|Incineroar, L50, M|100/100|[from] U-turn
|-ability|p2a: Incineroar|Intimidate|boost
|-unboost|p1a: Porygon2|atk|1
|-unboost|p1b: Amoonguss|atk|1
|move|p1a: Porygon2|Trick Room|p1a: Porygon2
|-fieldstart|move: Trick Room|[of] p1a: Porygon2
|
|-heal|p1b: Amoonguss|78/100|[from] Grassy Terrain
|-heal|p1a: Porygon2|100/100|[from] Grassy Terrain
|-heal|p2b: Sneasler|74/100|[from] Grassy Terrain
|upkeep
|turn|3
|
|t:|1755899847
|switch|p1b: Incineroar|Incineroar, L50, F, shiny|100/100
|-ability|p1b: Incineroar|Intimidate|boost
|-unboost|p2a: Incineroar|atk|1
|-unboost|p2b: Sneasler|atk|1
|switch|p2b: Rillaboom|Rillaboom, L50, F|100/100
|-terastallize|p2a: Incineroar|Water
|move|p2a: Incineroar|Knock Off|p1a: Porygon2
|-resisted|p1a: Porygon2
|-crit|p1a: Porygon2
|-damage|p1a: Porygon2|85/100
|-enditem|p1a: Porygon2|Eviolite|[from] move: Knock Off|[of] p2a: Incineroar
|move|p1a: Porygon2|Tera Blast|p2a: Incineroar|[anim] Tera Blast Fighting
|-damage|p2a: Incineroar|66/100
|
|-heal|p2a: Incineroar|72/100|[from] Grassy Terrain
|-heal|p1a: Porygon2|91/100|[from] Grassy Terrain
|upkeep
|turn|4
|inactive|DJ_Arcigno has 30 seconds left.
|
|t:|1755899873
|move|p1b: Incineroar|Fake Out|p2b: Rillaboom
|-damage|p2b: Rillaboom|90/100
|cant|p2b: Rillaboom|flinch
|move|p2a: Incineroar|Parting Shot|p1a: Porygon2
|-unboost|p1a: Porygon2|atk|1
|-unboost|p1a: Porygon2|spa|1
|
|t:|1755899879
|switch|p2a: Sneasler|Sneasler, L50, M|74/100|[from] Parting Shot
|move|p1a: Porygon2|Ice Beam|p2b: Rillaboom
|-supereffective|p2b: Rillaboom
|-damage|p2b: Rillaboom|63/100
|
|-heal|p1a: Porygon2|96/100|[from] Grassy Terrain
|-heal|p2b: Rillaboom|69/100|[from] Grassy Terrain
|-heal|p2a: Sneasler|80/100|[from] Grassy Terrain
|upkeep
|turn|5
|
|t:|1755899897
|move|p1a: Porygon2|Tera Blast|p2b: Rillaboom|[anim] Tera Blast Fighting
|-damage|p2b: Rillaboom|49/100
|move|p1b: Incineroar|Knock Off|p2b: Rillaboom
|-damage|p2b: Rillaboom|9/100
|-enditem|p2b: Rillaboom|Assault Vest|[from] move: Knock Off|[of] p1b: Incineroar
|move|p2b: Rillaboom|Wood Hammer|p1a: Porygon2
|-damage|p1a: Porygon2|24/100
|-damage|p2b: Rillaboom|0 fnt|[from] Recoil
|faint|p2b: Rillaboom
|move|p2a: Sneasler|Close Combat|p1b: Incineroar
|-supereffective|p1b: Incineroar
|-damage|p1b: Incineroar|0 fnt
|-unboost|p2a: Sneasler|def|1
|-unboost|p2a: Sneasler|spd|1
|faint|p1b: Incineroar
|
|-heal|p1a: Porygon2|29/100|[from] Grassy Terrain
|-heal|p2a: Sneasler|86/100|[from] Grassy Terrain
|-fieldend|move: Grassy Terrain
|upkeep
|
|t:|1755899915
|switch|p1b: Amoonguss|Amoonguss, L50, M, shiny|100/100
|switch|p2b: Incineroar|Incineroar, L50, M, tera:Water|72/100
|-ability|p2b: Incineroar|Intimidate|boost
|-unboost|p1a: Porygon2|atk|1
|-unboost|p1b: Amoonguss|atk|1
|turn|6
|
|t:|1755899927
|move|p2a: Sneasler|Protect|p2a: Sneasler
|-singleturn|p2a: Sneasler|Protect
|move|p2b: Incineroar|Fake Out|p1a: Porygon2
|-damage|p1a: Porygon2|20/100
|move|p1b: Amoonguss|Spore|p2a: Sneasler
|-activate|p2a: Sneasler|move: Protect
|cant|p1a: Porygon2|flinch
|
|-fieldend|move: Trick Room
|upkeep
|turn|7
|inactive|DJ_Arcigno has 30 seconds left.
|
|t:|1755899953
|move|p2a: Sneasler|Close Combat|p1a: Porygon2
|-damage|p1a: Porygon2|0 fnt
|-unboost|p2a: Sneasler|def|1
|-unboost|p2a: Sneasler|spd|1
|faint|p1a: Porygon2
|move|p2b: Incineroar|Flare Blitz|p1b: Amoonguss
|-supereffective|p1b: Amoonguss
|-damage|p1b: Amoonguss|25/100
|-status|p1b: Amoonguss|brn
|-enditem|p1b: Amoonguss|Sitrus Berry|[eat]
|-heal|p1b: Amoonguss|50/100 brn|[from] item: Sitrus Berry
|-damage|p2b: Incineroar|46/100|[from] Recoil
|move|p1b: Amoonguss|Spore|p2a: Sneasler
|-status|p2a: Sneasler|slp|[from] move: Spore
|
|-damage|p1b: Amoonguss|44/100 brn|[from] brn
|upkeep
|
|t:|1755899967
|switch|p1a: Ursaluna|Ursaluna, L50, F|100/100
|turn|8
|
|t:|1755899982
|cant|p2a: Sneasler|slp
|move|p1b: Amoonguss|Protect|p1b: Amoonguss
|-singleturn|p1b: Amoonguss|Protect
|move|p1a: Ursaluna|Earthquake|p2a: Sneasler|[spread] p2a,p2b
|-activate|p1b: Amoonguss|move: Protect
|-supereffective|p2a: Sneasler
|-damage|p2a: Sneasler|0 fnt
|-damage|p2b: Incineroar|13/100
|faint|p2a: Sneasler
|move|p2b: Incineroar|Knock Off|p1a: Ursaluna
|-damage|p1a: Ursaluna|70/100
|-enditem|p1a: Ursaluna|Flame Orb|[from] move: Knock Off|[of] p2b: Incineroar
|
|-damage|p1b: Amoonguss|38/100 brn|[from] brn
|upkeep
|
|t:|1755899992
|switch|p2a: Dragapult|Dragapult, L50, F|100/100
|turn|9
|inactive|idontknow25 has 30 seconds left.
|inactive|idontknow25 has 20 seconds left.
|
|t:|1755900029
|move|p2a: Dragapult|Dragon Darts|p1b: Amoonguss
|-damage|p1b: Amoonguss|2/100 brn
|-anim|p2a: Dragapult|Dragon Darts|p1a: Ursaluna
|-damage|p1a: Ursaluna|39/100
|move|p1a: Ursaluna|Facade|p2b: Incineroar
|-crit|p2b: Incineroar
|-damage|p2b: Incineroar|0 fnt
|faint|p2b: Incineroar
|move|p1b: Amoonguss|Spore|p2a: Dragapult
|-status|p2a: Dragapult|slp|[from] move: Spore
|
|-damage|p1b: Amoonguss|0 fnt|[from] brn
|faint|p1b: Amoonguss
|upkeep
|turn|10
|
|t:|1755900040
|cant|p2a: Dragapult|slp
|move|p1a: Ursaluna|Headlong Rush|p2a: Dragapult
|-crit|p2a: Dragapult
|-damage|p2a: Dragapult|0 fnt
|-unboost|p1a: Ursaluna|def|1
|-unboost|p1a: Ursaluna|spd|1
|faint|p2a: Dragapult
|
|win|DJ_Arcigno
|raw|DJ_Arcigno's rating: 1129 → 1158(+29 for winning)
|raw|idontknow25's rating: 1189 → 1160(-29 for losing)
|l|☆idontknow25
|player|p2|
