|j|☆Rimuro VGC
|j|☆testdigi
|html|Rimuro VGCtestdigi    
|uhtml|bestof|Game 1 of a best-of-3
|t:|1785241500
|gametype|doubles
|player|p1|Rimuro VGC|volkner|1259
|player|p2|testdigi|169|1174
|gen|9
|tier|[Gen 9 Champions] VGC 2026 Reg M-B (Bo3)
|rated|
|rule|Species Clause: Limit one of each Pokémon
|rule|Item Clause: Limit 1 of each item
|clearpoke
|poke|p1|Gardevoir, L50, F, shiny|
|poke|p1|Charizard, L50, F|
|poke|p1|Venusaur, L50, F|
|poke|p1|Garchomp, L50, F|
|poke|p1|Mawile, L50, M, shiny|
|poke|p1|Whimsicott, L50, F|
|poke|p2|Staraptor, L50, F|
|poke|p2|Garchomp, L50, F|
|poke|p2|Whimsicott, L50, F|
|poke|p2|Delphox, L50, M|
|poke|p2|Glimmora, L50, F|
|poke|p2|Kingambit, L50, M, shiny|
|teampreview|4
|showteam|p1|Gardevoir||FocusSash|Trace|Psychic,Moonblast,TrickRoom,Protect|Modest||F|||50|]Charizard||CharizarditeY|SolarPower|HeatWave,Protect,AirSlash,AncientPower|Modest||F|||50|]Venusaur||Leftovers|Chlorophyll|EnergyBall,SludgeBomb,SleepPowder,Protect|Modest||F|||50|]Garchomp||LifeOrb|RoughSkin|RockSlide,Outrage,Earthquake,Protect|Adamant||F|||50|]Mawile||Mawilite|Intimidate|PlayRough,IronHead,SwordsDance,Protect|Brave||M|||50|]Whimsicott||MentalHerb|Prankster|Tailwind,Protect,Moonblast,Taunt|Modest||F|||50|
|showteam|p2|Staraptor||Staraptite|Intimidate|Protect,Roost,CloseCombat,BraveBird|Jolly||F|||50|]Garchomp||LifeOrb|RoughSkin|Protect,RockSlide,Earthquake,DragonClaw|Jolly||F|||50|]Whimsicott||OccaBerry|Prankster|Moonblast,Tailwind,Charm,LightScreen|Timid||F|||50|]Delphox||Delphoxite|Magician|Protect,Psychic,HeatWave,Substitute|Modest||M|||50|]Glimmora||FocusSash|ToxicDebris|SpikyShield,EarthPower,PowerGem,SludgeBomb|Timid||F|||50|]Kingambit||ChopleBerry|Defiant|KowtowCleave,IronHead,SuckerPunch,LowKick|Adamant||M|||50|
|inactive|Battle timer is ON: inactive players will automatically lose when time's up. (requested by Rimuro VGC)
|inactive|testdigi has 60 seconds left.
|inactive|testdigi has 30 seconds left.
|
|t:|1785241591
|teamsize|p1|4
|teamsize|p2|4
|start
|switch|p1a: Whimsicott|Whimsicott, L50, F|100/100
|switch|p1b: Charizard|Charizard, L50, F|100/100
|switch|p2a: Whimsicott|Whimsicott, L50, F|100/100
|switch|p2b: Glimmora|Glimmora, L50, F|100/100
|turn|1
|inactive|Rimuro VGC has 30 seconds left.
|
|t:|1785241619
|switch|p1b: Garchomp|Garchomp, L50, F|100/100
|move|p2a: Whimsicott|Tailwind|p2a: Whimsicott
|-sidestart|p2: testdigi|move: Tailwind
|move|p1a: Whimsicott|Tailwind|p1a: Whimsicott
|-sidestart|p1: Rimuro VGC|move: Tailwind
|move|p2b: Glimmora|Sludge Bomb|p1a: Whimsicott
|-supereffective|p1a: Whimsicott|2
|-damage|p1a: Whimsicott|0 fnt
|faint|p1a: Whimsicott
|
|upkeep
|
|t:|1785241627
|switch|p1a: Charizard|Charizard, L50, F|100/100
|turn|2
|
|t:|1785241638
|detailschange|p1a: Charizard|Charizard-Mega-Y, L50, F
|-mega|p1a: Charizard|Charizard|Charizardite Y
|-weather|SunnyDay|[from] ability: Drought|[of] p1a: Charizard
|move|p2a: Whimsicott|Charm|p1b: Garchomp
|-unboost|p1b: Garchomp|atk|2
|move|p1b: Garchomp|Earthquake|p2b: Glimmora|[spread] p2a,p2b
|-immune|p1a: Charizard
|-resisted|p2a: Whimsicott|1
|-supereffective|p2b: Glimmora|2
|-damage|p2a: Whimsicott|80/100
|-enditem|p2b: Glimmora|Focus Sash
|-damage|p2b: Glimmora|1/100
|-activate|p2b: Glimmora|ability: Toxic Debris
|-sidestart|p1: Rimuro VGC|move: Toxic Spikes
|-damage|p1b: Garchomp|90/100|[from] item: Life Orb
|move|p1a: Charizard|Heat Wave|p2b: Glimmora|[spread] p2a,p2b
|-supereffective|p2a: Whimsicott|1
|-enditem|p2a: Whimsicott|Occa Berry|[eat]
|-enditem|p2a: Whimsicott|Occa Berry|[weaken]
|-resisted|p2b: Glimmora|1
|-damage|p2a: Whimsicott|0 fnt
|-damage|p2b: Glimmora|0 fnt
|faint|p2a: Whimsicott
|faint|p2b: Glimmora
|
|-weather|SunnyDay|[upkeep]
|upkeep
|
|t:|1785241654
|switch|p2a: Kingambit|Kingambit, L50, M, shiny|100/100
|switch|p2b: Staraptor|Staraptor, L50, F|100/100
|-ability|p2b: Staraptor|Intimidate|boost
|-unboost|p1a: Charizard|atk|1
|-unboost|p1b: Garchomp|atk|1
|turn|3
|
|t:|1785241674
|detailschange|p2b: Staraptor|Staraptor-Mega, L50, F
|-mega|p2b: Staraptor|Staraptor|Staraptite
|move|p2a: Kingambit|Sucker Punch|p1a: Charizard
|-damage|p1a: Charizard|56/100
|move|p2b: Staraptor|Close Combat|p1a: Charizard
|-resisted|p1a: Charizard|1
|-damage|p1a: Charizard|26/100
|-boost|p2b: Staraptor|def|1
|-boost|p2b: Staraptor|spd|1
|move|p1b: Garchomp|Earthquake|p2a: Kingambit|[spread] p2a
|-immune|p1a: Charizard
|-immune|p2b: Staraptor
|-supereffective|p2a: Kingambit|1
|-damage|p2a: Kingambit|62/100
|-damage|p1b: Garchomp|80/100|[from] item: Life Orb
|move|p1a: Charizard|Heat Wave|p2a: Kingambit|[spread] p2a
|-miss|p1a: Charizard|p2b: Staraptor
|-supereffective|p2a: Kingambit|1
|-damage|p2a: Kingambit|0 fnt
|faint|p2a: Kingambit
|
|-weather|SunnyDay|[upkeep]
|upkeep
|turn|4
|
|t:|1785241687
|move|p2b: Staraptor|Close Combat|p1a: Charizard
|-resisted|p1a: Charizard|1
|-damage|p1a: Charizard|0 fnt
|-boost|p2b: Staraptor|def|1
|-boost|p2b: Staraptor|spd|1
|faint|p1a: Charizard
|move|p1b: Garchomp|Outrage|p2b: Staraptor
|-damage|p2b: Staraptor|80/100
|-damage|p1b: Garchomp|70/100|[from] item: Life Orb
|
|-weather|SunnyDay|[upkeep]
|-sideend|p1: Rimuro VGC|move: Tailwind
|-sideend|p2: testdigi|move: Tailwind
|upkeep
|
|t:|1785241690
|switch|p1a: Venusaur|Venusaur, L50, F|100/100
|-sideend|p1: Rimuro VGC|move: Toxic Spikes|[of] p1a: Venusaur
|turn|5
|
|t:|1785241698
|move|p1a: Venusaur|Sleep Powder|p2b: Staraptor|[miss]
|-miss|p1a: Venusaur|p2b: Staraptor
|move|p2b: Staraptor|Brave Bird|p1a: Venusaur
|-supereffective|p1a: Venusaur|1
|-damage|p1a: Venusaur|0 fnt
|faint|p1a: Venusaur
|-damage|p2b: Staraptor|41/100|[from] Recoil
|move|p1b: Garchomp|Outrage|p2b: Staraptor|[from] lockedmove
|-damage|p2b: Staraptor|21/100
|-damage|p1b: Garchomp|60/100|[from] item: Life Orb
|-start|p1b: Garchomp|confusion|[fatigue]
|
|-weather|SunnyDay|[upkeep]
|upkeep
|turn|6
|
|t:|1785241711
|move|p2b: Staraptor|Roost|p2b: Staraptor
|-heal|p2b: Staraptor|71/100
|-singleturn|p2b: Staraptor|move: Roost
|-activate|p1b: Garchomp|confusion
|move|p1b: Garchomp|Earthquake|p2b: Staraptor
|-damage|p2b: Staraptor|54/100
|-damage|p1b: Garchomp|51/100|[from] item: Life Orb
|
|-weather|none
|upkeep
|turn|7
|
|t:|1785241720
|move|p2b: Staraptor|Roost|p2b: Staraptor
|-heal|p2b: Staraptor|100/100
|-singleturn|p2b: Staraptor|move: Roost
|-activate|p1b: Garchomp|confusion
|-damage|p1b: Garchomp|45/100|[from] confusion
|
|upkeep
|turn|8
|-message|Rimuro VGC forfeited.
|
|win|testdigi
||Rimuro VGC is ready for game 2.
||testdigi is ready for game 2.
|uhtml|next|Next: Game 2 of 3
