|j|Ōśåmattjaychrist
|j|Ōśåhanover hydrapple
|html|mattjaychristhanover hydrapple    
|uhtml|bestof|Game 1 of a best-of-3
|t:|1785798982
|gametype|doubles
|player|p1|mattjaychrist|169|
|player|p2|hanover hydrapple|li|
|gen|9
|tier|[Gen 9 Champions] VGC 2026 Reg M-B (Bo3)
|rule|Species Clause: Limit one of each Pok├®mon
|rule|Item Clause: Limit 1 of each item
|clearpoke
|poke|p1|Lucario, L50, F|
|poke|p1|Liepard, L50, M|
|poke|p1|Rotom-Mow, L50|
|poke|p1|Dragonite, L50, F|
|poke|p1|Gholdengo, L50|
|poke|p1|Floette-Eternal, L50, F|
|poke|p2|Swampert, L50, F, shiny|
|poke|p2|Pelipper, L50, M, shiny|
|poke|p2|Archaludon, L50, M, shiny|
|poke|p2|Meowscarada, L50, M, shiny|
|poke|p2|Tinkaton, L50, F, shiny|
|poke|p2|Sableye, L50, M, shiny|
|teampreview|4
|showteam|p1|Lucario||Lucarionite|Steadfast|ThunderPunch,AuraSphere,Protect,DarkPulse|Naive||F|||50|]Liepard||FocusSash|Prankster|SunnyDay,FakeOut,Encore,Snarl|Sassy||M|||50|]Rotom-Mow||SitrusBerry|Levitate|WillOWisp,LeafStorm,Electroweb,Protect|Calm|||||50|]Dragonite||Leftovers|Multiscale|Earthquake,ExtremeSpeed,FirePunch,DragonDance|Adamant||F|||50|]Gholdengo||ChoiceScarf|GoodasGold|MakeItRain,ShadowBall,Thunderbolt,Trick|Modest|||||50|]Floette-Eternal||Floettite|FlowerVeil|LightofRuin,GigaDrain,Moonblast,Protect|Timid||F|||50|
|showteam|p2|Swampert||Swampertite|Torrent|Protect,IcePunch,WaveCrash,Earthquake|Adamant||F|||50|]Pelipper||DampRock|Drizzle|Uturn,WeatherBall,Tailwind,Hurricane|Modest||M|||50|]Archaludon||ChopleBerry|Stamina|Protect,DragonPulse,ElectroShot,FlashCannon|Modest||M|||50|]Meowscarada||LifeOrb|Protean|Uturn,FlowerTrick,LowKick,KnockOff|Adamant||M|||50|]Tinkaton||Leftovers|MoldBreaker|ThunderWave,FakeOut,GigatonHammer,KnockOff|Adamant||F|||50|]Sableye||BlackGlasses|Prankster|HelpingHand,Quash,KnockOff,WillOWisp|Impish||M|||50|
|j| l pano l
|c| l pano l|game 1
|j| PorygonTheBot
|c| PorygonTheBot|y'all are stupid
|c|Ōśåhanover hydrapple|okay im clicked ready when you are
|
|t:|1785799135
|teamsize|p1|4
|teamsize|p2|4
|start
|switch|p1a: Liepard|Liepard, L50, M|100/100
|switch|p1b: Lucario|Lucario, L50, F|100/100
|switch|p2a: Pelipper|Pelipper, L50, M, shiny|100/100
|switch|p2b: Swampert|Swampert, L50, F, shiny|100/100
|-weather|RainDance|[from] ability: Drizzle|[of] p2a: Pelipper
|turn|1
|inactive|Battle timer is ON: inactive players will automatically lose when time's up. (requested by hanover hydrapple)
|c|Ōśåmattjaychrist|oh I just see your moves LOL
|inactive|mattjaychrist has 60 seconds left.
|c|Ōśåhanover hydrapple|wat
|c| l pano l|lmaoo
|c| l pano l|yeah its chalked
|
|t:|1785799189
|detailschange|p1b: Lucario|Lucario-Mega, L50, F
|-mega|p1b: Lucario|Lucario|Lucarionite
|detailschange|p2b: Swampert|Swampert-Mega, L50, F, shiny
|-mega|p2b: Swampert|Swampert|Swampertite
|move|p2b: Swampert|Protect|p2b: Swampert
|-singleturn|p2b: Swampert|Protect
|move|p1b: Lucario|Protect|p1b: Lucario
|-singleturn|p1b: Lucario|Protect
|move|p1a: Liepard|Sunny Day|p1a: Liepard
|-weather|SunnyDay
|move|p2a: Pelipper|U-turn|p1a: Liepard
|-supereffective|p1a: Liepard|1
|-damage|p1a: Liepard|70/100
|
|t:|1785799200
|switch|p2a: Tinkaton|Tinkaton, L50, F, shiny|100/100|[from] U-turn
|-ability|p2a: Tinkaton|Mold Breaker
|
|-weather|SunnyDay|[upkeep]
|upkeep
|turn|2
|c|Ōśåmattjaychrist|uhhhhhhh
|c| l pano l|if you hover over a mon the moves are revealed in bo3
|inactive|mattjaychrist has 30 seconds left.
|inactive|hanover hydrapple has 30 seconds left.
|c| l pano l|id say kill the game and replay turn 1 in a bo1 match
|inactive|mattjaychrist has 20 seconds left.
|inactive|hanover hydrapple has 20 seconds left.
|inactive|mattjaychrist has 15 seconds left.
|inactive|hanover hydrapple has 15 seconds left.
|c|Ōśåmattjaychrist|okay?
|inactive|mattjaychrist has 10 seconds left.
|inactive|hanover hydrapple has 10 seconds left.
|c|Ōśåmattjaychrist|idk whats happening
|inactive|mattjaychrist has 5 seconds left.
|inactive|hanover hydrapple has 5 seconds left.
|
|t:|1785799255
|switch|p2b: Pelipper|Pelipper, L50, M, shiny|100/100
|-weather|RainDance|[from] ability: Drizzle|[of] p2b: Pelipper
|move|p2a: Tinkaton|Fake Out|p1b: Lucario
|-resisted|p1b: Lucario|1
|-damage|p1b: Lucario|92/100
|move|p1a: Liepard|Sunny Day|p1a: Liepard
|-weather|SunnyDay
|cant|p1b: Lucario|flinch
|
|-weather|SunnyDay|[upkeep]
|upkeep
|turn|3
|
|t:|1785799274
|move|p1b: Lucario|Thunder Punch|p2b: Pelipper
|-supereffective|p2b: Pelipper|2
|-damage|p2b: Pelipper|0 fnt
|faint|p2b: Pelipper
|move|p2a: Tinkaton|Gigaton Hammer|p1a: Liepard
|-damage|p1a: Liepard|0 fnt
|faint|p1a: Liepard
|
|-weather|SunnyDay|[upkeep]
|upkeep
|
|t:|1785799283
|switch|p1a: Rotom|Rotom-Mow, L50|100/100
|switch|p2b: Archaludon|Archaludon, L50, M, shiny|100/100
|turn|4
|
|t:|1785799308
|move|p1b: Lucario|Aura Sphere|p2b: Archaludon
|-supereffective|p2b: Archaludon|1
|-enditem|p2b: Archaludon|Chople Berry|[eat]
|-enditem|p2b: Archaludon|Chople Berry|[weaken]
|-damage|p2b: Archaludon|26/100
|-ability|p2b: Archaludon|Stamina|boost
|-boost|p2b: Archaludon|def|1
|move|p2a: Tinkaton|Knock Off|p1a: Rotom
|-damage|p1a: Rotom|71/100
|-enditem|p1a: Rotom|Sitrus Berry|[from] move: Knock Off|[of] p2a: Tinkaton
|move|p2b: Archaludon|Dragon Pulse|p1b: Lucario
|-resisted|p1b: Lucario|1
|-damage|p1b: Lucario|51/100
|move|p1a: Rotom|Will-O-Wisp|p2a: Tinkaton
|-status|p2a: Tinkaton|brn
|
|-weather|SunnyDay|[upkeep]
|-damage|p2a: Tinkaton|93/100 brn|[from] brn
|upkeep
|turn|5
|c|Ōśåhanover hydrapple|i see the problem
|c|Ōśåhanover hydrapple|sorry chat wasnt at the bottom
|inactive|mattjaychrist has 30 seconds left.
|inactive|hanover hydrapple has 30 seconds left.
|c| l pano l|yeahh so you play this game and then play the next with closed team sheets best of 1
|
|t:|1785799339
|move|p1b: Lucario|Aura Sphere|p2a: Tinkaton
|-damage|p2a: Tinkaton|45/100 brn
|move|p2a: Tinkaton|Thunder Wave|p1b: Lucario
|-status|p1b: Lucario|par
|move|p2b: Archaludon|Dragon Pulse|p1b: Lucario
|-resisted|p1b: Lucario|1
|-damage|p1b: Lucario|8/100 par
|move|p1a: Rotom|Electroweb|p2a: Tinkaton|[spread] p2a,p2b
|-resisted|p2b: Archaludon|1
|-damage|p2a: Tinkaton|33/100 brn
|-damage|p2b: Archaludon|17/100
|-unboost|p2a: Tinkaton|spe|1
|-unboost|p2b: Archaludon|spe|1
|-ability|p2b: Archaludon|Stamina|boost
|-boost|p2b: Archaludon|def|1
|
|-weather|SunnyDay|[upkeep]
|-heal|p2a: Tinkaton|39/100 brn|[from] item: Leftovers
|-damage|p2a: Tinkaton|33/100 brn|[from] brn
|upkeep
|turn|6
|inactive|hanover hydrapple has 30 seconds left.
|c|Ōśåmattjaychrist|okok
|
|t:|1785799372
|move|p1a: Rotom|Electroweb|p2a: Tinkaton|[spread] p2a,p2b
|-resisted|p2b: Archaludon|1
|-damage|p2a: Tinkaton|20/100y brn
|-damage|p2b: Archaludon|7/100
|-unboost|p2a: Tinkaton|spe|1
|-unboost|p2b: Archaludon|spe|1
|-ability|p2b: Archaludon|Stamina|boost
|-boost|p2b: Archaludon|def|1
|move|p1b: Lucario|Aura Sphere|p2b: Archaludon
|-supereffective|p2b: Archaludon|1
|-damage|p2b: Archaludon|0 fnt
|faint|p2b: Archaludon
|move|p2a: Tinkaton|Gigaton Hammer|p1a: Rotom
|-resisted|p1a: Rotom|1
|-damage|p1a: Rotom|54/100
|
|-weather|none
|-heal|p2a: Tinkaton|27/100 brn|[from] item: Leftovers
|-damage|p2a: Tinkaton|20/100y brn|[from] brn
|upkeep
|
|t:|1785799378
|switch|p2b: Swampert|Swampert-Mega, L50, F, shiny|100/100
|turn|7
|
|t:|1785799396
|move|p1a: Rotom|Leaf Storm|p2b: Swampert|[miss]
|-miss|p1a: Rotom|p2b: Swampert
|move|p2b: Swampert|Wave Crash|p1b: Lucario
|-damage|p1b: Lucario|0 fnt
|faint|p1b: Lucario
|-damage|p2b: Swampert|97/100|[from] Recoil
|move|p2a: Tinkaton|Knock Off|p1a: Rotom
|-damage|p1a: Rotom|45/100
|
|-heal|p2a: Tinkaton|27/100 brn|[from] item: Leftovers
|-damage|p2a: Tinkaton|20/100y brn|[from] brn
|upkeep
|
|t:|1785799401
|switch|p1b: Dragonite|Dragonite, L50, F|100/100
|turn|8
|
|t:|1785799407
|move|p1b: Dragonite|Earthquake|p2b: Swampert|[spread] p2a,p2b
|-immune|p1a: Rotom|[from] ability: Levitate
|-supereffective|p2a: Tinkaton|1
|-damage|p2a: Tinkaton|0 fnt
|-damage|p2b: Swampert|74/100
|faint|p2a: Tinkaton
|move|p1a: Rotom|Leaf Storm|p2b: Swampert
|-supereffective|p2b: Swampert|2
|-damage|p2b: Swampert|0 fnt
|-unboost|p1a: Rotom|spa|2
|faint|p2b: Swampert
|
|win|mattjaychrist
