|j|☆SpudMaggoo
|j|☆SlaymonSays
|html|SpudMaggooSlaymonSays    
|uhtml|bestof|Game 2 of a best-of-3
|t:|1757908912
|gametype|doubles
|player|p1|SpudMaggoo|101|1196
|player|p2|SlaymonSays|169|1095
|gen|9
|tier|[Gen 9] VGC 2025 Reg H (Bo3)
|rated|
|rule|Species Clause: Limit one of each Pokémon
|rule|Item Clause: Limit 1 of each item
|clearpoke
|poke|p1|Baxcalibur, L50, M|
|poke|p1|Gengar, L50, M|
|poke|p1|Whimsicott, L50, F|
|poke|p1|Ursaluna-Bloodmoon, L50, M|
|poke|p1|Incineroar, L50, M|
|poke|p1|Zebstrika, L50, M|
|poke|p2|Pelipper, L50, F|
|poke|p2|Archaludon, L50, M|
|poke|p2|Basculegion, L50, M|
|poke|p2|Rillaboom, L50, F|
|poke|p2|Incineroar, L50, F|
|poke|p2|Gholdengo, L50|
|teampreview|4
|showteam|p1|Baxcalibur||ClearAmulet|ThermalExchange|GlaiveRush,Protect,IceShard,StompingTantrum|||M|||50|,,,,,Dragon]Gengar||ChoiceSpecs|CursedBody|Psychic,ShadowBall,DazzlingGleam,SludgeBomb|||M|||50|,,,,,Dark]Whimsicott||FocusSash|Prankster|Endeavor,Encore,Moonblast,Tailwind|||F|||50|,,,,,Ghost]Ursaluna-Bloodmoon||LifeOrb|MindsEye|BloodMoon,Protect,EarthPower,HyperVoice|||M|||50|,,,,,Ghost]Incineroar||AssaultVest|Intimidate|Uturn,FlareBlitz,KnockOff,FakeOut|||M|||50|,,,,,Fire]Zebstrika||Leftovers|LightningRod|ThunderWave,HighHorsepower,Protect,EerieImpulse|||M|||50|,,,,,Fairy
|showteam|p2|Pelipper||FocusSash|Drizzle|WeatherBall,Hurricane,Tailwind,Protect|||F|||50|,,,,,Ghost]Archaludon||AssaultVest|Stamina|ElectroShot,DragonPulse,Snarl,BodyPress|||M|||50|,,,,,Bug]Basculegion||LifeOrb|SwiftSwim|WaveCrash,LastRespects,AquaJet,Protect|||M|||50|,,,,,Water]Rillaboom||CovertCloak|GrassySurge|FakeOut,GrassyGlide,WoodHammer,HighHorsepower|||F|||50|,,,,,Fairy]Incineroar||SafetyGoggles|Intimidate|FakeOut,FlareBlitz,KnockOff,PartingShot|||F|||50|,,,,,Ghost]Gholdengo||Leftovers|GoodasGold|MakeItRain,ShadowBall,NastyPlot,Protect||||||50|,,,,,Dragon
|
|t:|1757908927
|teamsize|p1|4
|teamsize|p2|4
|start
|switch|p1a: Whimsicott|Whimsicott, L50, F|100/100
|switch|p1b: Ursaluna|Ursaluna-Bloodmoon, L50, M|100/100
|switch|p2a: Gholdengo|Gholdengo, L50|100/100
|switch|p2b: Rillaboom|Rillaboom, L50, F|100/100
|-fieldstart|move: Grassy Terrain|[from] ability: Grassy Surge|[of] p2b: Rillaboom
|turn|1
|
|t:|1757908965
|move|p2a: Gholdengo|Protect|p2a: Gholdengo
|-singleturn|p2a: Gholdengo|Protect
|move|p1b: Ursaluna|Protect|p1b: Ursaluna
|-singleturn|p1b: Ursaluna|Protect
|move|p1a: Whimsicott|Tailwind|p1a: Whimsicott
|-sidestart|p1: SpudMaggoo|move: Tailwind
|move|p2b: Rillaboom|Wood Hammer|p1b: Ursaluna
|-activate|p1b: Ursaluna|move: Protect
|
|upkeep
|turn|2
|
|t:|1757908999
|switch|p2a: Pelipper|Pelipper, L50, F|100/100
|-weather|RainDance|[from] ability: Drizzle|[of] p2a: Pelipper
|-terastallize|p1b: Ursaluna|Ghost
|move|p1a: Whimsicott|Encore||[still]
|-fail|p1a: Whimsicott
|move|p1b: Ursaluna|Blood Moon|p2b: Rillaboom
|-damage|p2b: Rillaboom|0 fnt
|faint|p2b: Rillaboom
|-damage|p1b: Ursaluna|90/100|[from] item: Life Orb
|
|-weather|RainDance|[upkeep]
|-heal|p1b: Ursaluna|96/100|[from] Grassy Terrain
|upkeep
|
|t:|1757909014
|switch|p2b: Gholdengo|Gholdengo, L50|100/100
|turn|3
|
|t:|1757909039
|move|p1b: Ursaluna|Protect|p1b: Ursaluna
|-singleturn|p1b: Ursaluna|Protect
|move|p1a: Whimsicott|Moonblast|p2a: Pelipper
|-damage|p2a: Pelipper|42/100
|move|p2b: Gholdengo|Nasty Plot|p2b: Gholdengo
|-boost|p2b: Gholdengo|spa|2
|move|p2a: Pelipper|Tailwind|p2a: Pelipper
|-sidestart|p2: SlaymonSays|move: Tailwind
|
|-weather|RainDance|[upkeep]
|-heal|p1b: Ursaluna|100/100|[from] Grassy Terrain
|upkeep
|turn|4
|
|t:|1757909056
|switch|p2a: Archaludon|Archaludon, L50, M|100/100
|move|p1a: Whimsicott|Moonblast|p2a: Archaludon
|-crit|p2a: Archaludon
|-damage|p2a: Archaludon|53/100
|-ability|p2a: Archaludon|Stamina|boost
|-boost|p2a: Archaludon|def|1
|move|p2b: Gholdengo|Shadow Ball|p1b: Ursaluna
|-supereffective|p1b: Ursaluna
|-damage|p1b: Ursaluna|0 fnt
|faint|p1b: Ursaluna
|
|-weather|RainDance|[upkeep]
|-heal|p2a: Archaludon|59/100|[from] Grassy Terrain
|-sideend|p1: SpudMaggoo|move: Tailwind
|upkeep
|
|t:|1757909067
|switch|p1b: Gengar|Gengar, L50, M|100/100
|turn|5
|
|t:|1757909079
|move|p2b: Gholdengo|Protect|p2b: Gholdengo
|-singleturn|p2b: Gholdengo|Protect
|move|p1a: Whimsicott|Tailwind|p1a: Whimsicott
|-sidestart|p1: SpudMaggoo|move: Tailwind
|move|p1b: Gengar|Shadow Ball|p2b: Gholdengo
|-activate|p2b: Gholdengo|move: Protect
|move|p2a: Archaludon|Electro Shot||[still]
|-prepare|p2a: Archaludon|Electro Shot
|-boost|p2a: Archaludon|spa|1
|-anim|p2a: Archaludon|Electro Shot|p1b: Gengar
|-damage|p1b: Gengar|9/100
|
|-weather|RainDance|[upkeep]
|-heal|p1b: Gengar|15/100|[from] Grassy Terrain
|-heal|p2a: Archaludon|65/100|[from] Grassy Terrain
|-fieldend|move: Grassy Terrain
|upkeep
|turn|6
|
|t:|1757909095
|-terastallize|p2b: Gholdengo|Dragon
|move|p1a: Whimsicott|Moonblast|p2a: Archaludon
|-damage|p2a: Archaludon|31/100
|-ability|p2a: Archaludon|Stamina|boost
|-boost|p2a: Archaludon|def|1
|move|p1b: Gengar|Shadow Ball|p2a: Archaludon
|-damage|p2a: Archaludon|0 fnt
|faint|p2a: Archaludon
|move|p2b: Gholdengo|Make It Rain|p1a: Whimsicott|[spread] p1a,p1b
|-supereffective|p1a: Whimsicott
|-enditem|p1a: Whimsicott|Focus Sash
|-damage|p1a: Whimsicott|1/100
|-damage|p1b: Gengar|0 fnt
|-unboost|p2b: Gholdengo|spa|1
|faint|p1b: Gengar
|
|-weather|none
|-sideend|p2: SlaymonSays|move: Tailwind
|upkeep
|
|t:|1757909103
|switch|p1b: Zebstrika|Zebstrika, L50, M|100/100
|switch|p2a: Pelipper|Pelipper, L50, F|42/100
|-weather|RainDance|[from] ability: Drizzle|[of] p2a: Pelipper
|turn|7
|
|t:|1757909151
|move|p1a: Whimsicott|Endeavor|p2a: Pelipper
|-damage|p2a: Pelipper|1/100
|move|p1b: Zebstrika|Thunder Wave|p2a: Pelipper
|-status|p2a: Pelipper|par
|move|p2b: Gholdengo|Make It Rain|p1a: Whimsicott|[spread] p1a,p1b
|-supereffective|p1a: Whimsicott
|-resisted|p1b: Zebstrika
|-damage|p1a: Whimsicott|0 fnt
|-damage|p1b: Zebstrika|60/100
|-unboost|p2b: Gholdengo|spa|1
|faint|p1a: Whimsicott
|move|p2a: Pelipper|Weather Ball|p1b: Zebstrika
|-damage|p1b: Zebstrika|0 fnt
|faint|p1b: Zebstrika
|
|win|SlaymonSays
|raw|SpudMaggoo's rating: 1196 → 1164(-32 for losing)
|raw|SlaymonSays's rating: 1095 → 1128(+33 for winning)
|l|☆SpudMaggoo
|player|p1|
|l|☆SlaymonSays
|player|p2|
