|j|☆heartsrepeating
|j|☆StrawPizza
|html|heartsrepeatingStrawPizza    
|uhtml|bestof|Game 2 of a best-of-3
|t:|1783547182
|gametype|doubles
|player|p1|heartsrepeating|parasollady|1229
|player|p2|StrawPizza|102|1282
|gen|9
|tier|[Gen 9 Champions] VGC 2026 Reg M-B (Bo3)
|rated|
|rule|Species Clause: Limit one of each Pokémon
|rule|Item Clause: Limit 1 of each item
|clearpoke
|poke|p1|Dragalge, L50, F, shiny|
|poke|p1|Incineroar, L50, M|
|poke|p1|Sinistcha, L50, shiny|
|poke|p1|Basculegion, L50, M, shiny|
|poke|p1|Kingambit, L50, M, shiny|
|poke|p1|Floette-Eternal, L50, F|
|poke|p2|Charizard, L50, M|
|poke|p2|Venusaur, L50, F|
|poke|p2|Mamoswine, L50, F|
|poke|p2|Garchomp, L50, M|
|poke|p2|Incineroar, L50, F|
|poke|p2|Toxapex, L50, M|
|teampreview|4
|showteam|p1|Dragalge||Dragalgite|Adaptability|SludgeBomb,DracoMeteor,FlipTurn,Protect|Quiet||F|||50|]Incineroar||SitrusBerry|Intimidate|FlareBlitz,FakeOut,ThroatChop,PartingShot|Impish||M|||50|]Sinistcha||KasibBerry|Hospitality|MatchaGotcha,RagePowder,TrickRoom,Protect|Bold|||||50|]Basculegion||ChoiceScarf|Adaptability|WaveCrash,FlipTurn,LastRespects,AquaJet|Adamant||M|||50|]Kingambit||BlackGlasses|Defiant|SuckerPunch,KowtowCleave,SwordsDance,Protect|Adamant||M|||50|]Floette-Eternal||Floettite|FlowerVeil|Moonblast,DazzlingGleam,CalmMind,Protect|Modest||F|||50|
|showteam|p2|Charizard||CharizarditeY|Blaze|HeatWave,WeatherBall,SolarBeam,Protect|Modest||M|||50|]Venusaur||LifeOrb|Chlorophyll|LeafStorm,SludgeBomb,EarthPower,Protect|Modest||F|||50|]Mamoswine||FocusSash|Oblivious|HighHorsepower,RockTomb,IceShard,Protect|Jolly||F|||50|]Garchomp||ChoiceScarf|RoughSkin|DragonClaw,Earthquake,RockSlide,StompingTantrum|Adamant||M|||50|]Incineroar||SitrusBerry|Intimidate|FlareBlitz,ThroatChop,PartingShot,FakeOut|Impish||F|||50|]Toxapex||Leftovers|Regenerator|Toxic,Infestation,WideGuard,BanefulBunker|Bold||M|||50|
|inactive|Battle timer is ON: inactive players will automatically lose when time's up. (requested by StrawPizza)
|
|t:|1783547204
|teamsize|p1|4
|teamsize|p2|4
|start
|switch|p1a: Lili <3|Dragalge, L50, F, shiny|100/100
|switch|p1b: Mega Chimecho|Incineroar, L50, M|100/100
|switch|p2a: Charizard|Charizard, L50, M|100/100
|switch|p2b: Venusaur|Venusaur, L50, F|100/100
|-ability|p1b: Mega Chimecho|Intimidate|boost
|-unboost|p2a: Charizard|atk|1
|-unboost|p2b: Venusaur|atk|1
|turn|1
|
|t:|1783547222
|detailschange|p1a: Lili <3|Dragalge-Mega, L50, F, shiny
|-mega|p1a: Lili <3|Dragalge|Dragalgite
|move|p2b: Venusaur|Protect|p2b: Venusaur
|-singleturn|p2b: Venusaur|Protect
|move|p2a: Charizard|Protect|p2a: Charizard
|-singleturn|p2a: Charizard|Protect
|move|p1b: Mega Chimecho|Fake Out|p2b: Venusaur
|-activate|p2b: Venusaur|move: Protect
|move|p1a: Lili <3|Sludge Bomb|p2b: Venusaur
|-activate|p2b: Venusaur|move: Protect
|
|upkeep
|turn|2
|inactive|heartsrepeating has 30 seconds left.
|inactive|StrawPizza has 30 seconds left.
|inactive|StrawPizza has 20 seconds left.
|inactive|StrawPizza has 15 seconds left.
|inactive|StrawPizza has 10 seconds left.
|inactive|StrawPizza has 5 seconds left.
|
|t:|1783547272
|detailschange|p2a: Charizard|Charizard-Mega-Y, L50, M
|-mega|p2a: Charizard|Charizard|Charizardite Y
|-weather|SunnyDay|[from] ability: Drought|[of] p2a: Charizard
|move|p2b: Venusaur|Earth Power|p1b: Mega Chimecho
|-supereffective|p1b: Mega Chimecho|1
|-damage|p1b: Mega Chimecho|22/100
|-enditem|p1b: Mega Chimecho|Sitrus Berry|[eat]
|-heal|p1b: Mega Chimecho|47/100|[from] item: Sitrus Berry
|-damage|p2b: Venusaur|90/100|[from] item: Life Orb
|move|p2a: Charizard|Heat Wave|p1b: Mega Chimecho|[spread] p1a,p1b
|-resisted|p1a: Lili <3|1
|-crit|p1a: Lili <3
|-resisted|p1b: Mega Chimecho|1
|-damage|p1a: Lili <3|66/100
|-damage|p1b: Mega Chimecho|18/100
|move|p1b: Mega Chimecho|Flare Blitz|p2b: Venusaur
|-supereffective|p2b: Venusaur|1
|-damage|p2b: Venusaur|0 fnt
|faint|p2b: Venusaur
|-damage|p1b: Mega Chimecho|0 fnt|[from] Recoil
|faint|p1b: Mega Chimecho
|move|p1a: Lili <3|Draco Meteor|p2a: Charizard
|-damage|p2a: Charizard|33/100
|-unboost|p1a: Lili <3|spa|2
|
|-weather|SunnyDay|[upkeep]
|upkeep
|inactive|heartsrepeating has 30 seconds left.
|
|t:|1783547302
|switch|p2b: Toxapex|Toxapex, L50, M|100/100
|switch|p1b: Sukuna|Kingambit, L50, M, shiny|100/100
|turn|3
|
|t:|1783547318
|move|p1b: Sukuna|Sucker Punch|p2a: Charizard
|-damage|p2a: Charizard|0 fnt
|faint|p2a: Charizard
|move|p1a: Lili <3|Flip Turn|p2b: Toxapex
|-resisted|p2b: Toxapex|1
|-damage|p2b: Toxapex|98/100
|
|t:|1783547324
|-heal|p1a: Lili <3|99/100|[from] ability: Regenerator|[silent]
|switch|p1a: RAINFXLL!|Basculegion, L50, M, shiny|100/100|[from] Flip Turn
|move|p2b: Toxapex|Infestation|p1a: RAINFXLL!
|-resisted|p1a: RAINFXLL!|1
|-damage|p1a: RAINFXLL!|98/100
|-activate|p1a: RAINFXLL!|move: Infestation|[of] p2b: Toxapex
|
|-weather|SunnyDay|[upkeep]
|-heal|p2b: Toxapex|100/100|[from] item: Leftovers
|-damage|p1a: RAINFXLL!|86/100|[from] move: Infestation|[partiallytrapped]
|upkeep
|
|t:|1783547328
|switch|p2a: Incineroar|Incineroar, L50, F|100/100
|-ability|p2a: Incineroar|Intimidate|boost
|-unboost|p1a: RAINFXLL!|atk|1
|-unboost|p1b: Sukuna|atk|1
|-ability|p1b: Sukuna|Defiant|boost
|-boost|p1b: Sukuna|atk|2
|turn|4
|inactive|StrawPizza has 30 seconds left.
|
|t:|1783547359
|move|p1b: Sukuna|Protect|p1b: Sukuna
|-singleturn|p1b: Sukuna|Protect
|move|p1a: RAINFXLL!|Flip Turn|p2a: Incineroar
|-supereffective|p2a: Incineroar|1
|-damage|p2a: Incineroar|78/100
|
|t:|1783547365
|switch|p1a: Lili <3|Dragalge-Mega, L50, F, shiny|99/100|[from] Flip Turn
|move|p2a: Incineroar|Flare Blitz|p1b: Sukuna
|-activate|p1b: Sukuna|move: Protect
|move|p2b: Toxapex|Infestation|p1a: Lili <3
|-resisted|p1a: Lili <3|1
|-damage|p1a: Lili <3|98/100
|-activate|p1a: Lili <3|move: Infestation|[of] p2b: Toxapex
|
|-weather|SunnyDay|[upkeep]
|-damage|p1a: Lili <3|86/100|[from] move: Infestation|[partiallytrapped]
|upkeep
|turn|5
|inactive|heartsrepeating has 30 seconds left.
|inactive|StrawPizza has 30 seconds left.
|
|t:|1783547399
|switch|p1b: RAINFXLL!|Basculegion, L50, M, shiny|86/100
|move|p2a: Incineroar|Flare Blitz|p1b: RAINFXLL!
|-resisted|p1b: RAINFXLL!|1
|-damage|p1b: RAINFXLL!|46/100
|-damage|p2a: Incineroar|65/100|[from] Recoil
|move|p1a: Lili <3|Draco Meteor|p2a: Incineroar
|-damage|p2a: Incineroar|5/100
|-unboost|p1a: Lili <3|spa|2
|-enditem|p2a: Incineroar|Sitrus Berry|[eat]
|-heal|p2a: Incineroar|30/100|[from] item: Sitrus Berry
|move|p2b: Toxapex|Infestation|p1b: RAINFXLL!
|-resisted|p1b: RAINFXLL!|1
|-damage|p1b: RAINFXLL!|44/100
|-activate|p1b: RAINFXLL!|move: Infestation|[of] p2b: Toxapex
|
|-weather|SunnyDay|[upkeep]
|-damage|p1b: RAINFXLL!|32/100|[from] move: Infestation|[partiallytrapped]
|-damage|p1a: Lili <3|73/100|[from] move: Infestation|[partiallytrapped]
|upkeep
|turn|6
|inactive|heartsrepeating has 30 seconds left.
|
|t:|1783547429
|move|p1b: RAINFXLL!|Flip Turn|p2a: Incineroar
|-supereffective|p2a: Incineroar|1
|-damage|p2a: Incineroar|2/100
|
|t:|1783547432
|switch|p1b: Sukuna|Kingambit, L50, M, shiny|100/100|[from] Flip Turn
|move|p2a: Incineroar|Flare Blitz|p1b: Sukuna
|-supereffective|p1b: Sukuna|1
|-damage|p1b: Sukuna|1/100
|-damage|p2a: Incineroar|0 fnt|[from] Recoil
|faint|p2a: Incineroar
|move|p1a: Lili <3|Flip Turn|p2b: Toxapex
|-resisted|p2b: Toxapex|1
|-damage|p2b: Toxapex|98/100
|
|t:|1783547441
|-heal|p1a: Lili <3|100/100|[from] ability: Regenerator|[silent]
|switch|p1a: RAINFXLL!|Basculegion, L50, M, shiny|32/100|[from] Flip Turn
|move|p2b: Toxapex|Infestation|p1b: Sukuna
|-damage|p1b: Sukuna|0 fnt
|faint|p1b: Sukuna
|
|-weather|none
|-heal|p2b: Toxapex|100/100|[from] item: Leftovers
|upkeep
|
|t:|1783547444
|switch|p1b: Lili <3|Dragalge-Mega, L50, F, shiny|100/100
|turn|7
|
|t:|1783547447
|move|p2b: Toxapex|Baneful Bunker|p2b: Toxapex
|-singleturn|p2b: Toxapex|move: Protect
|move|p1a: RAINFXLL!|Last Respects|p2b: Toxapex
|-activate|p2b: Toxapex|move: Protect
|move|p1b: Lili <3|Draco Meteor|p2b: Toxapex
|-activate|p2b: Toxapex|move: Protect
|
|upkeep
|turn|8
|
|t:|1783547463
|move|p1a: RAINFXLL!|Last Respects|p2b: Toxapex
|-damage|p2b: Toxapex|42/100
|move|p1b: Lili <3|Draco Meteor|p2b: Toxapex
|-damage|p2b: Toxapex|0 fnt
|-unboost|p1b: Lili <3|spa|2
|faint|p2b: Toxapex
|
|win|heartsrepeating
||heartsrepeating is ready for game 3.
||StrawPizza is ready for game 3.
|uhtml|next|Next: Game 3 of 3
