|j|☆TerapagosdiNorcia
|j|☆starlight74
|html|TerapagosdiNorciastarlight74    
|uhtml|bestof|Game 3 of a best-of-3
|t:|1755628302
|gametype|doubles
|player|p1|TerapagosdiNorcia|266|1300
|player|p2|starlight74|emma|1395
|gen|9
|tier|[Gen 9] VGC 2025 Reg H (Bo3)
|rated|
|rule|Species Clause: Limit one of each Pokémon
|rule|Item Clause: Limit 1 of each item
|clearpoke
|poke|p1|Dragonite, L50, M|
|poke|p1|Gholdengo, L50|
|poke|p1|Sneasler, L50, F|
|poke|p1|Talonflame, L50, F|
|poke|p1|Archaludon, L50, F|
|poke|p1|Garchomp, L50, F|
|poke|p2|Ursaluna, L50, F|
|poke|p2|Incineroar, L50, M|
|poke|p2|Sinistcha, L50|
|poke|p2|Archaludon, L50, M|
|poke|p2|Pelipper, L50, F|
|poke|p2|Basculegion, L50, M|
|teampreview|4
|showteam|p1|Dragonite||LoadedDice|Multiscale|ScaleShot,ExtremeSpeed,IceSpinner,Haze|||M|||50|,,,,,Fairy]Gholdengo||ChoiceSpecs|GoodasGold|MakeItRain,ShadowBall,PowerGem,Thunderbolt||||||50|,,,,,Steel]Sneasler||FocusSash|Unburden|CloseCombat,DireClaw,FakeOut,Coaching|||F|||50|,,,,,Stellar]Talonflame||CovertCloak|GaleWings|BraveBird,Tailwind,WillOWisp,Taunt|||F|||50|,,,,,Grass]Archaludon||PowerHerb|Sturdy|FlashCannon,DracoMeteor,ElectroShot,Protect|||F|||50|,,,,,Flying]Garchomp||LifeOrb|RoughSkin|DragonClaw,StompingTantrum,Earthquake,Protect|||F|||50|,,,,,Ground
|showteam|p2|Ursaluna||FlameOrb|Guts|Earthquake,Facade,HeadlongRush,Protect|||F|||50|,,,,,Ghost]Incineroar||SafetyGoggles|Intimidate|FakeOut,PartingShot,KnockOff,FlareBlitz|||M|||50|,,,,,Ghost]Sinistcha||SitrusBerry|Hospitality|RagePowder,TrickRoom,GigaDrain,LifeDew||||||50|,,,,,Dark]Archaludon||AssaultVest|Stamina|ElectroShot,DragonPulse,Snarl,BodyPress|||M|||50|,,,,,Bug]Pelipper||FocusSash|Drizzle|WeatherBall,Hurricane,Protect,Tailwind|||F|||50|,,,,,Stellar]Basculegion||ChoiceScarf|Adaptability|WaveCrash,AquaJet,LastRespects,FlipTurn|||M|||50|,,,,,Water
|inactive|Battle timer is ON: inactive players will automatically lose when time's up. (requested by starlight74)
|inactive|TerapagosdiNorcia has 60 seconds left.
|
|t:|1755628356
|teamsize|p1|4
|teamsize|p2|4
|start
|switch|p1a: Talonflame|Talonflame, L50, F|100/100
|switch|p1b: Archaludon|Archaludon, L50, F|100/100
|switch|p2a: Incineroar|Incineroar, L50, M|100/100
|switch|p2b: Basculegion|Basculegion, L50, M|100/100
|-ability|p2a: Incineroar|Intimidate|boost
|-unboost|p1a: Talonflame|atk|1
|-unboost|p1b: Archaludon|atk|1
|turn|1
|inactive|starlight74 has 30 seconds left.
|
|t:|1755628385
|switch|p2b: Ursaluna|Ursaluna, L50, F|100/100
|-terastallize|p1a: Talonflame|Grass
|move|p1b: Archaludon|Protect|p1b: Archaludon
|-singleturn|p1b: Archaludon|Protect
|move|p1a: Talonflame|Will-O-Wisp|p2b: Ursaluna
|-status|p2b: Ursaluna|brn
|move|p2a: Incineroar|Flare Blitz|p1a: Talonflame
|-supereffective|p1a: Talonflame
|-damage|p1a: Talonflame|0 fnt
|faint|p1a: Talonflame
|-damage|p2a: Incineroar|71/100|[from] Recoil
|
|-damage|p2b: Ursaluna|95/100 brn|[from] brn
|upkeep
|
|t:|1755628399
|switch|p1a: Dragonite|Dragonite, L50, M|100/100
|turn|2
|
|t:|1755628418
|switch|p2a: Sinistcha|Sinistcha, L50|100/100
|-heal|p2b: Ursaluna|100/100 brn|[from] ability: Hospitality|[of] p2a: Sinistcha
|move|p1b: Archaludon|Draco Meteor|p2b: Ursaluna
|-damage|p2b: Ursaluna|34/100 brn
|-unboost|p1b: Archaludon|spa|2
|move|p1a: Dragonite|Scale Shot|p2b: Ursaluna
|-damage|p2b: Ursaluna|22/100 brn
|-damage|p2b: Ursaluna|11/100 brn
|-damage|p2b: Ursaluna|0 fnt
|faint|p2b: Ursaluna
|-hitcount|p2: Ursaluna|3
|-unboost|p1a: Dragonite|def|1
|-boost|p1a: Dragonite|spe|1
|
|upkeep
|
|t:|1755628430
|switch|p2b: Basculegion|Basculegion, L50, M|100/100
|turn|3
|
|t:|1755628453
|move|p2a: Sinistcha|Rage Powder|p2a: Sinistcha
|-singleturn|p2a: Sinistcha|move: Rage Powder
|move|p1a: Dragonite|Haze|p1a: Dragonite
|-clearallboost
|move|p2b: Basculegion|Last Respects|p1a: Dragonite
|-damage|p1a: Dragonite|62/100
|move|p1b: Archaludon|Electro Shot||[still]
|-prepare|p1b: Archaludon|Electro Shot
|-boost|p1b: Archaludon|spa|1
|-enditem|p1b: Archaludon|Power Herb
|-anim|p1b: Archaludon|Electro Shot|p2a: Sinistcha
|-resisted|p2a: Sinistcha
|-damage|p2a: Sinistcha|70/100
|
|upkeep
|turn|4
|inactive|TerapagosdiNorcia has 30 seconds left.
|inactive|TerapagosdiNorcia has 20 seconds left.
|inactive|TerapagosdiNorcia has 15 seconds left.
|inactive|TerapagosdiNorcia has 10 seconds left.
|
|t:|1755628498
|switch|p2a: Incineroar|Incineroar, L50, M|71/100
|-ability|p2a: Incineroar|Intimidate|boost
|-unboost|p1a: Dragonite|atk|1
|-unboost|p1b: Archaludon|atk|1
|move|p2b: Basculegion|Last Respects|p1a: Dragonite
|-damage|p1a: Dragonite|0 fnt
|faint|p1a: Dragonite
|move|p1b: Archaludon|Flash Cannon|p2a: Incineroar
|-resisted|p2a: Incineroar
|-damage|p2a: Incineroar|45/100
|-unboost|p2a: Incineroar|spd|1
|
|upkeep
|
|t:|1755628505
|switch|p1a: Garchomp|Garchomp, L50, F|100/100
|turn|5
|inactive|TerapagosdiNorcia has 30 seconds left.
|inactive|TerapagosdiNorcia has 20 seconds left.
|inactive|starlight74 has 30 seconds left.
|
|t:|1755628541
|move|p2a: Incineroar|Fake Out|p1b: Archaludon
|-resisted|p1b: Archaludon
|-damage|p1b: Archaludon|96/100
|move|p2b: Basculegion|Last Respects|p1a: Garchomp
|-damage|p1a: Garchomp|28/100
|move|p1a: Garchomp|Dragon Claw|p2a: Incineroar
|-damage|p2a: Incineroar|0 fnt
|faint|p2a: Incineroar
|-damage|p1a: Garchomp|18/100|[from] item: Life Orb
|cant|p1b: Archaludon|flinch
|
|upkeep
|
|t:|1755628554
|switch|p2a: Sinistcha|Sinistcha, L50|70/100
|turn|6
|
|t:|1755628569
|move|p1a: Garchomp|Protect|p1a: Garchomp
|-singleturn|p1a: Garchomp|Protect
|move|p1b: Archaludon|Protect|p1b: Archaludon
|-singleturn|p1b: Archaludon|Protect
|move|p2a: Sinistcha|Rage Powder|p2a: Sinistcha
|-singleturn|p2a: Sinistcha|move: Rage Powder
|move|p2b: Basculegion|Last Respects|p1b: Archaludon
|-activate|p1b: Archaludon|move: Protect
|
|upkeep
|turn|7
|
|t:|1755628583
|move|p1a: Garchomp|Protect||[still]
|-fail|p1a: Garchomp
|move|p2a: Sinistcha|Rage Powder|p2a: Sinistcha
|-singleturn|p2a: Sinistcha|move: Rage Powder
|move|p2b: Basculegion|Last Respects|p1b: Archaludon
|-damage|p1b: Archaludon|9/100
|move|p1b: Archaludon|Flash Cannon|p2a: Sinistcha
|-damage|p2a: Sinistcha|14/100
|-enditem|p2a: Sinistcha|Sitrus Berry|[eat]
|-heal|p2a: Sinistcha|39/100|[from] item: Sitrus Berry
|
|upkeep
|turn|8
|
|t:|1755628598
|move|p1b: Archaludon|Protect|p1b: Archaludon
|-singleturn|p1b: Archaludon|Protect
|move|p2b: Basculegion|Last Respects|p1b: Archaludon
|-activate|p1b: Archaludon|move: Protect
|move|p1a: Garchomp|Earthquake|p2b: Basculegion|[spread] p2a,p2b
|-activate|p1b: Archaludon|move: Protect
|-resisted|p2a: Sinistcha
|-damage|p2a: Sinistcha|17/100
|-damage|p2b: Basculegion|40/100
|-damage|p1a: Garchomp|8/100|[from] item: Life Orb
|move|p2a: Sinistcha|Giga Drain|p1a: Garchomp
|-damage|p1a: Garchomp|0 fnt
|-heal|p2a: Sinistcha|21/100|[from] drain|[of] p1a: Garchomp
|faint|p1a: Garchomp
|
|upkeep
|turn|9
|
|t:|1755628619
|move|p2b: Basculegion|Last Respects|p1b: Archaludon
|-damage|p1b: Archaludon|0 fnt
|faint|p1b: Archaludon
|
|win|starlight74
|raw|TerapagosdiNorcia's rating: 1300 → 1282(-18 for losing)
|raw|starlight74's rating: 1395 → 1410(+15 for winning)
|l|☆starlight74
|player|p2|
