|j|☆aletito
|j|☆Esper Yuusha
|html|aletitoEsper Yuusha    
|uhtml|bestof|Game 2 of a best-of-3
|t:|1757708794
|gametype|doubles
|player|p1|aletito|drayden|1041
|player|p2|Esper Yuusha|burglar|1032
|gen|9
|tier|[Gen 9] VGC 2025 Reg H (Bo3)
|rated|
|rule|Species Clause: Limit one of each Pokémon
|rule|Item Clause: Limit 1 of each item
|clearpoke
|poke|p1|Pelipper, L50, F|
|poke|p1|Basculegion, L50, M|
|poke|p1|Archaludon, L50, F|
|poke|p1|Sneasler, L50, M|
|poke|p1|Amoonguss, L50, F|
|poke|p1|Dragonite, L50, M|
|poke|p2|Umbreon, L50, M|
|poke|p2|Sylveon, L50, M|
|poke|p2|Espeon, L50, M|
|poke|p2|Flareon, L50, M|
|poke|p2|Indeedee-F, L50, F|
|poke|p2|Mimikyu, L50, M|
|teampreview|4
|showteam|p1|Pelipper||FocusSash|Drizzle|WeatherBall,Hurricane,Tailwind,Protect|||F|||50|,,,,,Grass]Basculegion||LifeOrb|SwiftSwim|Liquidation,LastRespects,AquaJet,Protect|||M|||50|,,,,,Fighting]Archaludon||AssaultVest|Stamina|ElectroShot,FlashCannon,DracoMeteor,BodyPress|||F|||50|,,,,,Bug]Sneasler||WhiteHerb|PoisonTouch|CloseCombat,DireClaw,ThroatChop,Protect|||M|||50|,,,,,Dark]Amoonguss||SitrusBerry|Regenerator|RagePowder,Spore,SludgeBomb,Protect|||F|||50|,,,,,Dark]Dragonite||LoadedDice|Multiscale|TeraBlast,ScaleShot,Haze,Protect|||M|||50|,,,,,Fairy
|showteam|p2|Umbreon||Leftovers|InnerFocus|Snarl,FoulPlay,Moonlight,Protect|||M|||50|,,,,,Fairy]Sylveon||ThroatSpray|Pixilate|HyperVoice,QuickAttack,Moonblast,Protect|||M|||50|,,,,,Steel]Espeon||FocusSash|MagicBounce|ExpandingForce,QuickAttack,ShadowBall,Detect|||M|||50|,,,,,Psychic]Flareon||AssaultVest|FlashFire|FlareBlitz,QuickAttack,WeatherBall,BodySlam|||M|||50|,,,,,Water]Indeedee-F||PsychicSeed|PsychicSurge|FakeOut,TrickRoom,FollowMe,Protect|||F|||50|,,,,,Fairy]Mimikyu||ChoiceScarf|Disguise|Curse,ShadowSneak,Substitute,Protect|||M|||50|,,,,,Ghost
|inactive|Battle timer is ON: inactive players will automatically lose when time's up. (requested by Esper Yuusha)
|inactive|aletito has 60 seconds left.
|
|t:|1757708838
|teamsize|p1|4
|teamsize|p2|4
|start
|switch|p1a: Archaludon|Archaludon, L50, F|100/100
|switch|p1b: Pelipper|Pelipper, L50, F|100/100
|switch|p2a: Indeedee|Indeedee-F, L50, F|100/100
|switch|p2b: Espeon|Espeon, L50, M|100/100
|-weather|RainDance|[from] ability: Drizzle|[of] p1b: Pelipper
|-fieldstart|move: Psychic Terrain|[from] ability: Psychic Surge|[of] p2a: Indeedee
|-enditem|p2a: Indeedee|Psychic Seed
|-boost|p2a: Indeedee|spd|1|[from] item: Psychic Seed
|turn|1
|
|t:|1757708858
|move|p2a: Indeedee|Fake Out|p1b: Pelipper
|-hint|Psychic Terrain doesn't affect Pokémon immune to Ground.
|-damage|p1b: Pelipper|87/100
|move|p2b: Espeon|Expanding Force|p1a: Archaludon|[spread] p1a,p1b
|-resisted|p1a: Archaludon
|-damage|p1a: Archaludon|81/100
|-damage|p1b: Pelipper|0 fnt
|-ability|p1a: Archaludon|Stamina|boost
|-boost|p1a: Archaludon|def|1
|faint|p1b: Pelipper
|move|p1a: Archaludon|Electro Shot||[still]
|-prepare|p1a: Archaludon|Electro Shot
|-boost|p1a: Archaludon|spa|1
|-anim|p1a: Archaludon|Electro Shot|p2b: Espeon
|-damage|p2b: Espeon|5/100
|
|-weather|RainDance|[upkeep]
|upkeep
|
|t:|1757708865
|switch|p1b: Basculegion|Basculegion, L50, M|100/100
|turn|2
|
|t:|1757708880
|move|p2a: Indeedee|Follow Me|p2a: Indeedee
|-singleturn|p2a: Indeedee|move: Follow Me
|move|p1b: Basculegion|Liquidation|p2a: Indeedee
|-damage|p2a: Indeedee|0 fnt
|faint|p2a: Indeedee
|-damage|p1b: Basculegion|91/100|[from] item: Life Orb
|move|p2b: Espeon|Expanding Force|p1b: Basculegion|[spread] p1a,p1b
|-resisted|p1a: Archaludon
|-damage|p1a: Archaludon|61/100
|-damage|p1b: Basculegion|23/100
|-ability|p1a: Archaludon|Stamina|boost
|-boost|p1a: Archaludon|def|1
|move|p1a: Archaludon|Electro Shot||[still]
|-prepare|p1a: Archaludon|Electro Shot
|-boost|p1a: Archaludon|spa|1
|-anim|p1a: Archaludon|Electro Shot|p2b: Espeon
|-damage|p2b: Espeon|0 fnt
|faint|p2b: Espeon
|
|-weather|RainDance|[upkeep]
|upkeep
|
|t:|1757708891
|switch|p2b: Mimikyu|Mimikyu, L50, M|100/100
|switch|p2a: Sylveon|Sylveon, L50, M|100/100
|turn|3
|
|t:|1757708905
|-terastallize|p2a: Sylveon|Steel
|move|p2b: Mimikyu|Shadow Sneak|p1a: Archaludon
|-activate|p1a: Archaludon|move: Psychic Terrain
|move|p1b: Basculegion|Last Respects|p2a: Sylveon
|-damage|p2a: Sylveon|28/100
|-damage|p1b: Basculegion|14/100|[from] item: Life Orb
|move|p1a: Archaludon|Electro Shot||[still]
|-prepare|p1a: Archaludon|Electro Shot
|-boost|p1a: Archaludon|spa|1
|-anim|p1a: Archaludon|Electro Shot|p2b: Mimikyu
|-activate|p2b: Mimikyu|ability: Disguise
|-damage|p2b: Mimikyu|100/100
|detailschange|p2b: Mimikyu|Mimikyu-Busted, L50, M
|-damage|p2b: Mimikyu|88/100|[from] pokemon: Mimikyu-Busted
|move|p2a: Sylveon|Hyper Voice|p1a: Archaludon|[spread] p1a,p1b
|-damage|p1a: Archaludon|35/100
|-damage|p1b: Basculegion|0 fnt
|-ability|p1a: Archaludon|Stamina|boost
|-boost|p1a: Archaludon|def|1
|faint|p1b: Basculegion
|-enditem|p2a: Sylveon|Throat Spray
|-boost|p2a: Sylveon|spa|1|[from] item: Throat Spray
|
|-weather|RainDance|[upkeep]
|upkeep
|
|t:|1757708911
|switch|p1b: Dragonite|Dragonite, L50, M|100/100
|turn|4
|inactive|aletito has 30 seconds left.
|inactive|aletito has 20 seconds left.
|inactive|aletito has 15 seconds left.
|
|t:|1757708955
|-terastallize|p1b: Dragonite|Fairy
|move|p2b: Mimikyu|Shadow Sneak|p1b: Dragonite
|-activate|p1b: Dragonite|move: Psychic Terrain
|move|p1b: Dragonite|Tera Blast|p2b: Mimikyu|[anim] Tera Blast Fairy
|-damage|p2b: Mimikyu|7/100
|move|p1a: Archaludon|Body Press|p2a: Sylveon
|-supereffective|p2a: Sylveon
|-damage|p2a: Sylveon|0 fnt
|faint|p2a: Sylveon
|
|-weather|RainDance|[upkeep]
|upkeep
|turn|5
|-message|Esper Yuusha forfeited.
|
|win|aletito
|l|☆Esper Yuusha
|player|p2|
||aletito is ready for game 3.
||Esper Yuusha is ready for game 3.
|uhtml|next|Next: Game 3 of 3
