|j|☆leons husband
|j|☆magic 561
|html|leons husbandmagic 561    
|uhtml|bestof|Game 2 of a best-of-3
|t:|1782232613
|gametype|doubles
|player|p1|leons husband|scientistf|1218
|player|p2|magic 561|colress|1341
|gen|9
|tier|[Gen 9 Champions] VGC 2026 Reg M-B (Bo3)
|rated|
|rule|Species Clause: Limit one of each Pokémon
|rule|Item Clause: Limit 1 of each item
|clearpoke
|poke|p1|Whimsicott, L50, M, shiny|
|poke|p1|Garchomp, L50, F|
|poke|p1|Sneasler, L50, F|
|poke|p1|Rotom-Wash, L50, shiny|
|poke|p1|Floette-Eternal, L50, F|
|poke|p1|Charizard, L50, M|
|poke|p2|Glimmora, L50, F|
|poke|p2|Hydreigon, L50, M|
|poke|p2|Basculegion, L50, M|
|poke|p2|Whimsicott, L50, F|
|poke|p2|Staraptor, L50, F|
|poke|p2|Farigiraf, L50, M|
|teampreview|4
|showteam|p1|Whimsicott||FocusSash|Prankster|EnergyBall,Moonblast,Protect,Tailwind|Timid||M|||50|]Garchomp||LifeOrb|RoughSkin|RockSlide,Earthquake,DragonClaw,Protect|Adamant||F|||50|]Sneasler||WhiteHerb|Unburden|CloseCombat,DireClaw,FakeOut,Protect|Jolly||F|||50|]Rotom-Wash||Leftovers|Levitate|HydroPump,Thunderbolt,WillOWisp,Protect|Modest|||||50|]Floette-Eternal||Floettite|FlowerVeil|LightofRuin,Moonblast,DazzlingGleam,Protect|Modest||F|||50|]Charizard||CharizarditeY|Blaze|WeatherBall,HeatWave,Protect,SolarBeam|Modest||M|||50|
|showteam|p2|Glimmora||Glimmoranite|ToxicDebris|SludgeBomb,PowerGem,SpikyShield,EarthPower|Modest||F|||50|]Hydreigon||LifeOrb|Levitate|DracoMeteor,DarkPulse,EarthPower,Protect|Modest||M|||50|]Basculegion||MysticWater|Adaptability|WaveCrash,LastRespects,AquaJet,Protect|Adamant||M|||50|]Whimsicott||FocusSash|Prankster|Tailwind,Moonblast,Encore,Protect|Timid||F|||50|]Staraptor||Staraptite|Intimidate|CloseCombat,BraveBird,Roost,Protect|Adamant||F|||50|]Farigiraf||ColburBerry|ArmorTail|HyperVoice,Psychic,TrickRoom,Protect|Modest||M|||50|
|inactive|Battle timer is ON: inactive players will automatically lose when time's up. (requested by magic 561)
|
|t:|1782232641
|teamsize|p1|4
|teamsize|p2|4
|start
|switch|p1a: Charizard|Charizard, L50, M|100/100
|switch|p1b: Garchomp|Garchomp, L50, F|100/100
|switch|p2a: Glimmora|Glimmora, L50, F|100/100
|switch|p2b: Whimsicott|Whimsicott, L50, F|100/100
|turn|1
|
|t:|1782232661
|switch|p1b: Rotom|Rotom-Wash, L50, shiny|100/100
|switch|p1a: Cait Sith|Whimsicott, L50, M, shiny|100/100
|switch|p2a: Hydreigon|Hydreigon, L50, M|100/100
|move|p2b: Whimsicott|Tailwind|p2b: Whimsicott
|-sidestart|p2: magic 561|move: Tailwind
|
|upkeep
|turn|2
|
|t:|1782232678
|move|p2b: Whimsicott|Moonblast|p1b: Rotom
|-damage|p1b: Rotom|66/100
|move|p2a: Hydreigon|Dark Pulse|p1b: Rotom
|-damage|p1b: Rotom|6/100
|-damage|p2a: Hydreigon|90/100|[from] item: Life Orb
|move|p1a: Cait Sith|Moonblast|p2a: Hydreigon
|-supereffective|p2a: Hydreigon|2
|-damage|p2a: Hydreigon|0 fnt
|faint|p2a: Hydreigon
|move|p1b: Rotom|Thunderbolt|p2b: Whimsicott
|-resisted|p2b: Whimsicott|1
|-damage|p2b: Whimsicott|72/100
|
|-heal|p1b: Rotom|12/100|[from] item: Leftovers
|upkeep
|
|t:|1782232685
|switch|p2a: Glimmora|Glimmora, L50, F|100/100
|turn|3
|
|t:|1782232693
|detailschange|p2a: Glimmora|Glimmora-Mega, L50, F
|-mega|p2a: Glimmora|Glimmora|Glimmoranite
|move|p1a: Cait Sith|Protect|p1a: Cait Sith
|-singleturn|p1a: Cait Sith|Protect
|move|p2b: Whimsicott|Encore|p1a: Cait Sith
|-activate|p1a: Cait Sith|move: Protect
|move|p2a: Glimmora|Sludge Bomb|p1b: Rotom
|-damage|p1b: Rotom|0 fnt
|faint|p1b: Rotom
|
|upkeep
|
|t:|1782232700
|switch|p1b: Garchomp|Garchomp, L50, F|100/100
|turn|4
|
|t:|1782232722
|move|p1a: Cait Sith|Tailwind|p1a: Cait Sith
|-sidestart|p1: leons husband|move: Tailwind
|move|p2b: Whimsicott|Moonblast|p1b: Garchomp
|-supereffective|p1b: Garchomp|1
|-damage|p1b: Garchomp|17/100
|move|p1b: Garchomp|Earthquake|p2a: Glimmora|[spread] p1a,p2a,p2b
|-resisted|p1a: Cait Sith|1
|-supereffective|p2a: Glimmora|2
|-resisted|p2b: Whimsicott|1
|-damage|p1a: Cait Sith|59/100
|-damage|p2a: Glimmora|0 fnt
|-damage|p2b: Whimsicott|32/100
|faint|p2a: Glimmora
|-damage|p1b: Garchomp|8/100|[from] item: Life Orb
|
|-sideend|p2: magic 561|move: Tailwind
|upkeep
|
|t:|1782232727
|switch|p2a: Basculegion|Basculegion, L50, M|100/100
|turn|5
|
|t:|1782232752
|switch|p1a: Charizard|Charizard, L50, M|100/100
|move|p1b: Garchomp|Protect|p1b: Garchomp
|-singleturn|p1b: Garchomp|Protect
|move|p2b: Whimsicott|Encore||[still]
|-fail|p2b: Whimsicott
|move|p2a: Basculegion|Aqua Jet|p1b: Garchomp
|-activate|p1b: Garchomp|move: Protect
|
|upkeep
|turn|6
|inactive|magic 561 has 30 seconds left.
|
|t:|1782232777
|switch|p1b: Cait Sith|Whimsicott, L50, M, shiny|59/100
|detailschange|p1a: Charizard|Charizard-Mega-Y, L50, M
|-mega|p1a: Charizard|Charizard|Charizardite Y
|-weather|SunnyDay|[from] ability: Drought|[of] p1a: Charizard
|move|p2a: Basculegion|Protect|p2a: Basculegion
|-singleturn|p2a: Basculegion|Protect
|move|p2b: Whimsicott|Tailwind|p2b: Whimsicott
|-sidestart|p2: magic 561|move: Tailwind
|move|p1a: Charizard|Heat Wave|p2b: Whimsicott|[spread] p2b
|-activate|p2a: Basculegion|move: Protect
|-supereffective|p2b: Whimsicott|1
|-damage|p2b: Whimsicott|0 fnt
|faint|p2b: Whimsicott
|
|-weather|SunnyDay|[upkeep]
|upkeep
|turn|7
|
|t:|1782232787
|move|p1b: Cait Sith|Energy Ball|p2a: Basculegion
|-supereffective|p2a: Basculegion|1
|-damage|p2a: Basculegion|32/100
|-unboost|p2a: Basculegion|spd|1
|move|p1a: Charizard|Solar Beam||[still]
|-prepare|p1a: Charizard|Solar Beam
|-anim|p1a: Charizard|Solar Beam|p2a: Basculegion
|-supereffective|p2a: Basculegion|1
|-damage|p2a: Basculegion|0 fnt
|faint|p2a: Basculegion
|
|win|leons husband
||magic 561 is ready for game 3.
||leons husband is ready for game 3.
|uhtml|next|Next: Game 3 of 3
|l|☆leons husband
|player|p1|
