|j|☆new mental
|j|☆Dr_Cups
|html|new mentalDr_Cups    
|uhtml|bestof|Game 3 of a best-of-3
|t:|1784918651
|gametype|doubles
|player|p1|new mental|volkner|1304
|player|p2|Dr_Cups|102|1269
|gen|9
|tier|[Gen 9 Champions] VGC 2026 Reg M-B (Bo3)
|rated|
|rule|Species Clause: Limit one of each Pokémon
|rule|Item Clause: Limit 1 of each item
|clearpoke
|poke|p1|Charizard, L50, M|
|poke|p1|Garchomp, L50, M|
|poke|p1|Incineroar, L50, M|
|poke|p1|Venusaur, L50, M|
|poke|p1|Toxapex, L50, F|
|poke|p1|Sylveon, L50, M|
|poke|p2|Staraptor, L50, F|
|poke|p2|Vanilluxe, L50, M|
|poke|p2|Farigiraf, L50, F|
|poke|p2|Blastoise, L50, F|
|poke|p2|Kingambit, L50, F|
|poke|p2|Camerupt, L50, M|
|teampreview|4
|showteam|p1|Charizard||CharizarditeY|SolarPower|WeatherBall,HeatWave,AncientPower,Protect|Modest||M|||50|]Garchomp||ChoiceScarf|RoughSkin|RockSlide,DragonClaw,Earthquake,StompingTantrum|Adamant||M|||50|]Incineroar||SitrusBerry|Intimidate|FlareBlitz,FakeOut,DarkestLariat,PartingShot|Impish||M|||50|]Venusaur||LifeOrb|Chlorophyll|SludgeBomb,LeafStorm,EarthPower,Protect|Modest||M|||50|]Toxapex||Leftovers|Regenerator|Infestation,Toxic,WideGuard,BanefulBunker|Bold||F|||50|]Sylveon||FairyFeather|Pixilate|HyperVoice,QuickAttack,Yawn,Detect|Modest||M|||50|
|showteam|p2|Staraptor||ChoiceScarf|Intimidate|FinalGambit,BraveBird,CloseCombat,Uturn|Jolly||F|||50|]Vanilluxe||NeverMeltIce|SnowWarning|Blizzard,FreezeDry,Protect,IceShard|Quiet||M|||50|]Farigiraf||SitrusBerry|ArmorTail|PsychicFangs,HyperVoice,HelpingHand,TrickRoom|Relaxed||F|||50|]Blastoise||Blastoisinite|RainDish|FakeOut,WaterSpout,AuraSphere,DarkPulse|Quiet||F|||50|]Kingambit||LifeOrb|Defiant|KowtowCleave,IronHead,Protect,SuckerPunch|Brave||F|||50|]Camerupt||Cameruptite|SolidRock|HeatWave,EarthPower,Protect,AncientPower|Quiet||M|||50|
|
|t:|1784918705
|teamsize|p1|4
|teamsize|p2|4
|start
|switch|p1a: Charizard|Charizard, L50, M|100/100
|switch|p1b: Toxapex|Toxapex, L50, F|100/100
|switch|p2a: Blastoise|Blastoise, L50, F|100/100
|switch|p2b: Farigiraf|Farigiraf, L50, F|100/100
|turn|1
|
|t:|1784918717
|detailschange|p1a: Charizard|Charizard-Mega-Y, L50, M
|-mega|p1a: Charizard|Charizard|Charizardite Y
|-weather|SunnyDay|[from] ability: Drought|[of] p1a: Charizard
|move|p2a: Blastoise|Fake Out|p1a: Charizard
|-damage|p1a: Charizard|92/100
|cant|p1a: Charizard|flinch
|move|p1b: Toxapex|Infestation|p2a: Blastoise
|-damage|p2a: Blastoise|96/100
|-activate|p2a: Blastoise|move: Infestation|[of] p1b: Toxapex
|move|p2b: Farigiraf|Trick Room|p2b: Farigiraf
|-fieldstart|move: Trick Room|[of] p2b: Farigiraf
|
|-weather|SunnyDay|[upkeep]
|-damage|p2a: Blastoise|84/100|[from] move: Infestation|[partiallytrapped]
|upkeep
|turn|2
|
|t:|1784918733
|switch|p2b: Vanilluxe|Vanilluxe, L50, M|100/100
|-weather|Snowscape|[from] ability: Snow Warning|[of] p2b: Vanilluxe
|detailschange|p2a: Blastoise|Blastoise-Mega, L50, F
|-mega|p2a: Blastoise|Blastoise|Blastoisinite
|move|p1b: Toxapex|Infestation|p2b: Vanilluxe
|-damage|p2b: Vanilluxe|96/100
|-activate|p2b: Vanilluxe|move: Infestation|[of] p1b: Toxapex
|move|p2a: Blastoise|Water Spout|p1b: Toxapex|[spread] p1a,p1b
|-supereffective|p1a: Charizard|1
|-resisted|p1b: Toxapex|1
|-damage|p1a: Charizard|4/100
|-damage|p1b: Toxapex|77/100
|move|p1a: Charizard|Ancient Power|p2b: Vanilluxe
|-supereffective|p2b: Vanilluxe|1
|-damage|p2b: Vanilluxe|48/100
|
|-weather|Snowscape|[upkeep]
|-heal|p1b: Toxapex|83/100|[from] item: Leftovers
|-damage|p2a: Blastoise|72/100|[from] move: Infestation|[partiallytrapped]
|-damage|p2b: Vanilluxe|35/100|[from] move: Infestation|[partiallytrapped]
|upkeep
|turn|3
|
|t:|1784918765
|switch|p1a: Venusaur|Venusaur, L50, M|100/100
|move|p1b: Toxapex|Toxic|p2b: Vanilluxe
|-status|p2b: Vanilluxe|tox
|move|p2a: Blastoise|Water Spout|p1a: Venusaur|[spread] p1a,p1b
|-resisted|p1a: Venusaur|1
|-resisted|p1b: Toxapex|1
|-damage|p1a: Venusaur|74/100
|-damage|p1b: Toxapex|64/100
|move|p2b: Vanilluxe|Freeze-Dry|p1b: Toxapex
|-supereffective|p1b: Toxapex|1
|-damage|p1b: Toxapex|0 fnt
|faint|p1b: Toxapex
|
|-weather|Snowscape|[upkeep]
|-damage|p2b: Vanilluxe|29/100 tox|[from] psn
|-end|p2a: Blastoise|Infestation|[partiallytrapped]|[silent]
|-end|p2b: Vanilluxe|Infestation|[partiallytrapped]|[silent]
|upkeep
|
|t:|1784918773
|switch|p1b: Charizard|Charizard-Mega-Y, L50, M|4/100
|-weather|SunnyDay|[from] ability: Drought|[of] p1b: Charizard
|turn|4
|
|t:|1784918803
|switch|p1b: Garchomp|Garchomp, L50, M|100/100
|move|p1a: Venusaur|Protect|p1a: Venusaur
|-singleturn|p1a: Venusaur|Protect
|move|p2a: Blastoise|Dark Pulse|p1b: Garchomp
|-damage|p1b: Garchomp|47/100
|move|p2b: Vanilluxe|Freeze-Dry|p1a: Venusaur
|-activate|p1a: Venusaur|move: Protect
|
|-weather|SunnyDay|[upkeep]
|-damage|p2b: Vanilluxe|17/100 tox|[from] psn
|upkeep
|turn|5
|
|t:|1784918839
|switch|p1a: Charizard|Charizard-Mega-Y, L50, M|4/100
|move|p2a: Blastoise|Dark Pulse|p1b: Garchomp
|-damage|p1b: Garchomp|0 fnt
|faint|p1b: Garchomp
|move|p2b: Vanilluxe|Freeze-Dry|p1a: Charizard
|-damage|p1a: Charizard|0 fnt
|faint|p1a: Charizard
|
|-weather|SunnyDay|[upkeep]
|-damage|p2b: Vanilluxe|0 fnt|[from] psn
|faint|p2b: Vanilluxe
|-fieldend|move: Trick Room
|upkeep
|
|t:|1784918856
|switch|p1b: Venusaur|Venusaur, L50, M|74/100
|switch|p2b: Farigiraf|Farigiraf, L50, F|100/100
|turn|6
|
|t:|1784918869
|move|p1b: Venusaur|Sludge Bomb|p2b: Farigiraf
|-damage|p2b: Farigiraf|54/100
|-damage|p1b: Venusaur|64/100|[from] item: Life Orb
|move|p2a: Blastoise|Dark Pulse|p1b: Venusaur
|-damage|p1b: Venusaur|8/100
|move|p2b: Farigiraf|Trick Room|p2b: Farigiraf
|-fieldstart|move: Trick Room|[of] p2b: Farigiraf
|
|-weather|SunnyDay|[upkeep]
|upkeep
|turn|7
|
|t:|1784918881
|move|p2b: Farigiraf|Psychic Fangs|p1b: Venusaur
|-supereffective|p1b: Venusaur|1
|-damage|p1b: Venusaur|0 fnt
|faint|p1b: Venusaur
|
|win|Dr_Cups
|raw|new mental's rating: 1304 → 1282(-22 for losing)
|raw|Dr_Cups's rating: 1269 → 1297(+28 for winning)
