|j|☆CrystalGem02
|j|☆Electrovalvula
|html|CrystalGem02Electrovalvula    
|uhtml|bestof|Game 1 of a best-of-3
|t:|1756745206
|gametype|doubles
|player|p1|CrystalGem02|valerie|1306
|player|p2|Electrovalvula|101|1260
|gen|9
|tier|[Gen 9] VGC 2025 Reg H (Bo3)
|rated|
|rule|Species Clause: Limit one of each Pokémon
|rule|Item Clause: Limit 1 of each item
|clearpoke
|poke|p1|Toedscruel, L50, M|
|poke|p1|Weezing-Galar, L50, F|
|poke|p1|Corviknight, L50, F|
|poke|p1|Pawmot, L50, M|
|poke|p1|Garchomp, L50, M|
|poke|p1|Typhlosion-Hisui, L50, M|
|poke|p2|Amoonguss, L50, M|
|poke|p2|Archaludon, L50, M|
|poke|p2|Pelipper, L50, M|
|poke|p2|Basculegion, L50, M|
|poke|p2|Incineroar, L50, F|
|poke|p2|Maushold-Four, L50|
|teampreview|4
|showteam|p1|Toedscruel||CovertCloak|MyceliumMight|EarthPower,AcidSpray,Spore,RagePowder|||M|||50|,,,,,Water]Weezing-Galar||ChoiceSpecs|NeutralizingGas|SludgeBomb,StrangeSteam,DazzlingGleam,Flamethrower|||F|||50|,,,,,Fire]Corviknight||SitrusBerry|MirrorArmor|BraveBird,Tailwind,Roost,Protect|||F|||50|,,,,,Dragon]Pawmot||FocusSash|NaturalCure|CloseCombat,DoubleShock,FakeOut,Protect|||M|||50|,,,,,Electric]Garchomp||LifeOrb|RoughSkin|DragonClaw,StompingTantrum,Earthquake,Protect|||M|||50|,,,,,Ground]Typhlosion-Hisui||ChoiceScarf|Blaze|Eruption,HeatWave,ShadowBall,SleepTalk|||M|||50|,,,,,Fire
|showteam|p2|Amoonguss||RockyHelmet|Regenerator|Spore,RagePowder,PollenPuff,Protect|||M|||50|,,,,,Fairy]Archaludon||AssaultVest|Stamina|FlashCannon,Snarl,ElectroShot,BodyPress|||M|||50|,,,,,Grass]Pelipper||FocusSash|Drizzle|Protect,Tailwind,WeatherBall,Hurricane|||M|||50|,,,,,Stellar]Basculegion||ChoiceBand|SwiftSwim|WaveCrash,AquaJet,LastRespects,FlipTurn|||M|||50|,,,,,Fairy]Incineroar||SafetyGoggles|Intimidate|KnockOff,WillOWisp,PartingShot,FakeOut|||F|||50|,,,,,Ghost]Maushold-Four||WideLens|FriendGuard|PopulationBomb,FollowMe,Taunt,Protect||||||50|,,,,,Ghost
|inactive|Battle timer is ON: inactive players will automatically lose when time's up. (requested by CrystalGem02)
|inactive|Electrovalvula has 60 seconds left.
|
|t:|1756745289
|teamsize|p1|4
|teamsize|p2|4
|start
|switch|p1a: Typhlosion|Typhlosion-Hisui, L50, M|100/100
|switch|p1b: Weezing|Weezing-Galar, L50, F|100/100
|switch|p2a: Archaludon|Archaludon, L50, M|100/100
|switch|p2b: Maushold|Maushold-Four, L50|100/100
|-ability|p1b: Weezing|Neutralizing Gas
|turn|1
|inactive|CrystalGem02 has 30 seconds left.
|inactive|CrystalGem02 has 20 seconds left.
|inactive|CrystalGem02 has 15 seconds left.
|inactive|CrystalGem02 has 10 seconds left.
|inactive|CrystalGem02 has 5 seconds left.
|
|t:|1756745342
|-terastallize|p1b: Weezing|Fire
|move|p1a: Typhlosion|Eruption|p2b: Maushold|[spread] p2a,p2b
|-damage|p2a: Archaludon|59/100
|-damage|p2b: Maushold|8/100
|move|p2b: Maushold|Population Bomb|p1b: Weezing
|-damage|p1b: Weezing|93/100
|-damage|p1b: Weezing|86/100
|-damage|p1b: Weezing|78/100
|-damage|p1b: Weezing|70/100
|-damage|p1b: Weezing|62/100
|-damage|p1b: Weezing|55/100
|-damage|p1b: Weezing|47/100
|-damage|p1b: Weezing|39/100
|-damage|p1b: Weezing|31/100
|-damage|p1b: Weezing|24/100
|-hitcount|p1b: Weezing|10
|move|p2a: Archaludon|Snarl|p1a: Typhlosion|[spread] p1a,p1b
|-supereffective|p1a: Typhlosion
|-damage|p1a: Typhlosion|63/100
|-damage|p1b: Weezing|6/100
|-unboost|p1a: Typhlosion|spa|1
|-unboost|p1b: Weezing|spa|1
|move|p1b: Weezing|Dazzling Gleam|p2a: Archaludon|[spread] p2a,p2b
|-crit|p2a: Archaludon
|-damage|p2a: Archaludon|19/100
|-damage|p2b: Maushold|0 fnt
|faint|p2b: Maushold
|
|upkeep
|inactive|Electrovalvula has 30 seconds left.
|
|t:|1756745372
|switch|p2b: Incineroar|Incineroar, L50, F|100/100
|turn|2
|
|t:|1756745386
|switch|p2a: Pelipper|Pelipper, L50, M|100/100
|move|p2b: Incineroar|Fake Out|p1b: Weezing
|-damage|p1b: Weezing|0 fnt
|faint|p1b: Weezing
|-end|p1b: Weezing|ability: Neutralizing Gas
|-weather|RainDance|[from] ability: Drizzle|[of] p2a: Pelipper
|-ability|p2b: Incineroar|Intimidate|boost
|-unboost|p1a: Typhlosion|atk|1
|move|p1a: Typhlosion|Eruption|p2a: Pelipper|[spread] p2a,p2b
|-resisted|p2a: Pelipper
|-resisted|p2b: Incineroar
|-damage|p2a: Pelipper|90/100
|-damage|p2b: Incineroar|96/100
|
|-weather|RainDance|[upkeep]
|upkeep
|
|t:|1756745399
|switch|p1b: Pawmot|Pawmot, L50, M|100/100
|turn|3
|
|t:|1756745419
|switch|p1a: Garchomp|Garchomp, L50, M|100/100
|-terastallize|p2b: Incineroar|Ghost
|move|p2a: Pelipper|Protect|p2a: Pelipper
|-singleturn|p2a: Pelipper|Protect
|move|p1b: Pawmot|Double Shock|p2a: Pelipper
|-activate|p2a: Pelipper|move: Protect
|move|p2b: Incineroar|Will-O-Wisp|p1b: Pawmot
|-status|p1b: Pawmot|brn
|
|-weather|RainDance|[upkeep]
|-damage|p1b: Pawmot|94/100 brn|[from] brn
|upkeep
|turn|4
|
|t:|1756745445
|switch|p2a: Archaludon|Archaludon, L50, M|19/100
|move|p1b: Pawmot|Double Shock|p2a: Archaludon
|-resisted|p2a: Archaludon
|-damage|p2a: Archaludon|8/100
|-start|p1b: Pawmot|typechange|???/Fighting|[from] move: Double Shock
|-ability|p2a: Archaludon|Stamina|boost
|-boost|p2a: Archaludon|def|1
|move|p1a: Garchomp|Stomping Tantrum|p2b: Incineroar
|-damage|p2b: Incineroar|59/100
|-damage|p1a: Garchomp|91/100|[from] item: Life Orb
|move|p2b: Incineroar|Parting Shot|p1b: Pawmot
|-unboost|p1b: Pawmot|atk|1
|-unboost|p1b: Pawmot|spa|1
|
|t:|1756745450
|switch|p2b: Pelipper|Pelipper, L50, M|90/100|[from] Parting Shot
|
|-weather|RainDance|[upkeep]
|-damage|p1b: Pawmot|88/100 brn|[from] brn
|upkeep
|turn|5
|inactive|CrystalGem02 has 30 seconds left.
|inactive|CrystalGem02 has 20 seconds left.
|inactive|CrystalGem02 has 15 seconds left.
|inactive|Electrovalvula has 30 seconds left.
|
|t:|1756745495
|switch|p2a: Incineroar|Incineroar, L50, F, tera:Ghost|59/100
|-ability|p2a: Incineroar|Intimidate|boost
|-unboost|p1a: Garchomp|atk|1
|-unboost|p1b: Pawmot|atk|1
|move|p1b: Pawmot|Close Combat|p2b: Pelipper
|-resisted|p2b: Pelipper
|-damage|p2b: Pelipper|80/100
|-unboost|p1b: Pawmot|def|1
|-unboost|p1b: Pawmot|spd|1
|move|p1a: Garchomp|Dragon Claw|p2a: Incineroar
|-damage|p2a: Incineroar|33/100
|-damage|p1a: Garchomp|81/100|[from] item: Life Orb
|move|p2b: Pelipper|Tailwind|p2b: Pelipper
|-sidestart|p2: Electrovalvula|move: Tailwind
|
|-weather|RainDance|[upkeep]
|-damage|p1b: Pawmot|82/100 brn|[from] brn
|upkeep
|turn|6
|
|t:|1756745532
|move|p1b: Pawmot|Protect|p1b: Pawmot
|-singleturn|p1b: Pawmot|Protect
|move|p1a: Garchomp|Protect|p1a: Garchomp
|-singleturn|p1a: Garchomp|Protect
|move|p2b: Pelipper|Weather Ball|p1a: Garchomp
|-activate|p1a: Garchomp|move: Protect
|move|p2a: Incineroar|Parting Shot|p1a: Garchomp
|-activate|p1a: Garchomp|move: Protect
|
|-weather|none
|-damage|p1b: Pawmot|76/100 brn|[from] brn
|upkeep
|turn|7
|
|t:|1756745550
|switch|p2b: Archaludon|Archaludon, L50, M|8/100
|move|p2a: Incineroar|Parting Shot|p1a: Garchomp
|-unboost|p1a: Garchomp|atk|1
|-unboost|p1a: Garchomp|spa|1
|
|t:|1756745553
|switch|p2a: Pelipper|Pelipper, L50, M|80/100|[from] Parting Shot
|-weather|RainDance|[from] ability: Drizzle|[of] p2a: Pelipper
|move|p1b: Pawmot|Close Combat|p2b: Archaludon
|-supereffective|p2b: Archaludon
|-damage|p2b: Archaludon|0 fnt
|-unboost|p1b: Pawmot|def|1
|-unboost|p1b: Pawmot|spd|1
|faint|p2b: Archaludon
|move|p1a: Garchomp|Dragon Claw|p2a: Pelipper
|-damage|p2a: Pelipper|46/100
|-damage|p1a: Garchomp|71/100|[from] item: Life Orb
|
|-weather|RainDance|[upkeep]
|-damage|p1b: Pawmot|70/100 brn|[from] brn
|upkeep
|
|t:|1756745556
|switch|p2b: Incineroar|Incineroar, L50, F, tera:Ghost|33/100
|-ability|p2b: Incineroar|Intimidate|boost
|-unboost|p1a: Garchomp|atk|1
|-unboost|p1b: Pawmot|atk|1
|turn|8
|inactive|CrystalGem02 has 30 seconds left.
|
|t:|1756745590
|switch|p1a: Typhlosion|Typhlosion-Hisui, L50, M|63/100
|move|p2a: Pelipper|Weather Ball|p1b: Pawmot
|-damage|p1b: Pawmot|0 fnt
|faint|p1b: Pawmot
|move|p2b: Incineroar|Will-O-Wisp|p1a: Typhlosion
|-immune|p1a: Typhlosion
|
|-weather|RainDance|[upkeep]
|-sideend|p2: Electrovalvula|move: Tailwind
|upkeep
|
|t:|1756745599
|switch|p1b: Garchomp|Garchomp, L50, M|71/100
|turn|9
|
|t:|1756745611
|move|p1a: Typhlosion|Shadow Ball|p2b: Incineroar
|-supereffective|p2b: Incineroar
|-damage|p2b: Incineroar|0 fnt
|faint|p2b: Incineroar
|move|p1b: Garchomp|Dragon Claw|p2a: Pelipper
|-damage|p2a: Pelipper|0 fnt
|faint|p2a: Pelipper
|-damage|p1b: Garchomp|61/100|[from] item: Life Orb
|
|win|CrystalGem02
