|j|☆Sorarrian
|j|☆poppyv
|html|Sorarrianpoppyv    
|uhtml|bestof|Game 2 of a best-of-3
|t:|1785899780
|gametype|doubles
|player|p1|Sorarrian|cynthia|
|player|p2|poppyv|1|
|gen|9
|tier|[Gen 9 Champions] VGC 2026 Reg M-B (Bo3)
|rule|Species Clause: Limit one of each Pokémon
|rule|Item Clause: Limit 1 of each item
|clearpoke
|poke|p1|Dragapult, L50, F|
|poke|p1|Florges, L50, F|
|poke|p1|Orthworm, L50, F|
|poke|p1|Gyarados, L50, F, shiny|
|poke|p1|Eelektross, L50, F|
|poke|p1|Kommo-o, L50, F|
|poke|p2|Glaceon, L50, M|
|poke|p2|Ceruledge, L50, F|
|poke|p2|Raichu, L50, M|
|poke|p2|Feraligatr, L50, M|
|poke|p2|Scolipede, L50, F|
|poke|p2|Dragonite, L50, F|
|teampreview|4
|showteam|p1|Dragapult||FocusSash|Infiltrator|ThunderWave,DragonTail,PhantomForce,Protect|Jolly||F|||50|]Florges||Leftovers|Symbiosis|DazzlingGleam,Psychic,PollenPuff,Protect|Modest||F|||50|]Orthworm||SitrusBerry|EarthEater|IronDefense,BodyPress,StealthRock,Protect|Impish||F|||50|]Gyarados||WacanBerry|Intimidate|Waterfall,Earthquake,Crunch,Protect|Jolly||F|||50|]Eelektross||Eelektrossite|Levitate|Thunderbolt,Flamethrower,GigaDrain,Uturn|Modest||F|||50|]Kommo-o||ExpertBelt|Soundproof|ClangingScales,Flamethrower,AuraSphere,Protect|Modest||F|||50|
|showteam|p2|Glaceon||BrightPowder|SnowCloak|Snowscape,IceBeam,FreezeDry,Charm|Modest||M|||50|]Ceruledge||ChoiceScarf|FlashFire|BitterBlade,PoisonJab,Disable,Poltergeist|Adamant||F|||50|]Raichu||RaichuniteX|LightningRod|VoltTackle,DrainPunch,Trailblaze,PlayRough|Jolly||M|||50|]Feraligatr||LifeOrb|SheerForce|Liquidation,IcePunch,Crunch,DragonDance|Adamant||M|||50|]Scolipede||Scolipite|SpeedBoost|Protect,Earthquake,SteelRoller,PoisonJab|Adamant||F|||50|]Dragonite||FocusSash|Multiscale|DragonTail,BodySlam,Blizzard,Protect|Brave||F|||50|
|c|☆Sorarrian|tryna upload one sec
|
|t:|1785899896
|teamsize|p1|4
|teamsize|p2|4
|start
|switch|p1a: Eelektross|Eelektross, L50, F|100/100
|switch|p1b: Dragapult|Dragapult, L50, F|100/100
|switch|p2a: ian|Ceruledge, L50, F|100/100
|switch|p2b: turt|Dragonite, L50, F|100/100
|turn|1
|
|t:|1785899928
|detailschange|p1a: Eelektross|Eelektross-Mega, L50, F
|-mega|p1a: Eelektross|Eelektross|Eelektrossite
|move|p2a: ian|Poltergeist|p1b: Dragapult
|-activate|p1b: Dragapult|move: Poltergeist|Focus Sash
|-supereffective|p1b: Dragapult|1
|-enditem|p1b: Dragapult|Focus Sash
|-damage|p1b: Dragapult|1/100
|move|p1a: Eelektross|Thunderbolt|p2b: turt
|-damage|p2b: turt|74/100
|move|p1b: Dragapult|Dragon Tail|p2b: turt
|-supereffective|p2b: turt|1
|-damage|p2b: turt|13/100
|drag|p2b: nick|Scolipede, L50, F|100/100
|
|upkeep
|turn|2
|
|t:|1785899971
|detailschange|p2b: nick|Scolipede-Mega, L50, F
|-mega|p2b: nick|Scolipede|Scolipite
|move|p1b: Dragapult|Protect|p1b: Dragapult
|-singleturn|p1b: Dragapult|Protect
|move|p2a: ian|Poltergeist||[still]
|-fail|p2a: ian
|move|p1a: Eelektross|Flamethrower|p2b: nick
|-supereffective|p2b: nick|1
|-damage|p2b: nick|2/100
|move|p2b: nick|Poison Jab|p1a: Eelektross
|-damage|p1a: Eelektross|35/100
|
|upkeep
|turn|3
|
|t:|1785900012
|move|p2b: nick|Protect|p2b: nick
|-singleturn|p2b: nick|Protect
|move|p1b: Dragapult|Phantom Force||[still]
|-prepare|p1b: Dragapult|Phantom Force
|move|p2a: ian|Poltergeist|p1a: Eelektross
|-activate|p1a: Eelektross|move: Poltergeist|Eelektrossite
|-damage|p1a: Eelektross|0 fnt
|faint|p1a: Eelektross
|
|upkeep
|
|t:|1785900035
|switch|p1a: Florges|Florges, L50, F|100/100
|turn|4
|
|t:|1785900061
|switch|p2a: brendo|Feraligatr, L50, M|100/100
|move|p1b: Dragapult|Phantom Force|p2a: brendo|[from] lockedmove
|-damage|p2a: brendo|60/100
|move|p2b: nick|Poison Jab|p1a: Florges
|-supereffective|p1a: Florges|1
|-damage|p1a: Florges|0 fnt
|faint|p1a: Florges
|
|upkeep
|
|t:|1785900073
|switch|p1a: Orthworm|Orthworm, L50, F|100/100
|turn|5
|
|t:|1785900092
|move|p1b: Dragapult|Phantom Force||[still]
|-prepare|p1b: Dragapult|Phantom Force
|move|p2b: nick|Poison Jab|p1b: Dragapult|[miss]
|-miss|p2b: nick|p1b: Dragapult
|move|p2a: brendo|Liquidation|p1a: Orthworm
|-damage|p1a: Orthworm|52/100
|move|p1a: Orthworm|Body Press|p2a: brendo
|-damage|p2a: brendo|31/100
|
|upkeep
|turn|6
|
|t:|1785900143
|switch|p2b: ian|Ceruledge, L50, F|100/100
|move|p1a: Orthworm|Protect|p1a: Orthworm
|-singleturn|p1a: Orthworm|Protect
|move|p1b: Dragapult|Phantom Force|p2b: ian|[from] lockedmove
|-supereffective|p2b: ian|1
|-damage|p2b: ian|0 fnt
|faint|p2b: ian
|move|p2a: brendo|Crunch|p1a: Orthworm
|-activate|p1a: Orthworm|move: Protect
|
|upkeep
|c|☆poppyv|youre goated
|
|t:|1785900165
|switch|p2b: nick|Scolipede-Mega, L50, F|2/100
|turn|7
|
|t:|1785900199
|move|p1b: Dragapult|Phantom Force||[still]
|-prepare|p1b: Dragapult|Phantom Force
|move|p2b: nick|Poison Jab|p1a: Orthworm
|-immune|p1a: Orthworm
|move|p2a: brendo|Liquidation|p1a: Orthworm
|-damage|p1a: Orthworm|7/100
|-enditem|p1a: Orthworm|Sitrus Berry|[eat]
|-heal|p1a: Orthworm|31/100|[from] item: Sitrus Berry
|move|p1a: Orthworm|Body Press|p2b: nick
|-resisted|p2b: nick|2
|-damage|p2b: nick|0 fnt
|faint|p2b: nick
|
|upkeep
|
|t:|1785900211
|switch|p2b: turt|Dragonite, L50, F|13/100
|turn|8
|
|t:|1785900224
|move|p1a: Orthworm|Protect|p1a: Orthworm
|-singleturn|p1a: Orthworm|Protect
|move|p1b: Dragapult|Phantom Force|p2a: brendo|[from] lockedmove
|-damage|p2a: brendo|0 fnt
|faint|p2a: brendo
|move|p2b: turt|Body Slam|p1a: Orthworm
|-activate|p1a: Orthworm|move: Protect
|
|upkeep
|turn|9
|
|t:|1785900237
|move|p1b: Dragapult|Phantom Force||[still]
|-prepare|p1b: Dragapult|Phantom Force
|move|p2b: turt|Body Slam|p1a: Orthworm
|-resisted|p1a: Orthworm|1
|-damage|p1a: Orthworm|20/100y
|-status|p1a: Orthworm|par
|move|p1a: Orthworm|Body Press|p2b: turt
|-resisted|p2b: turt|1
|-damage|p2b: turt|0 fnt
|faint|p2b: turt
|
|win|Sorarrian
|c|☆poppyv|ggs
