|j|☆Link6166
|j|☆javii_63
|html|Link6166javii_63    
|uhtml|bestof|Game 2 of a best-of-3
|t:|1785723399
|gametype|doubles
|player|p1|Link6166|1|
|player|p2|javii_63|lucas|
|gen|9
|tier|[Gen 9 Champions] VGC 2026 Reg M-B (Bo3)
|rule|Species Clause: Limit one of each Pokémon
|rule|Item Clause: Limit 1 of each item
|clearpoke
|poke|p1|Sylveon, L50, F, shiny|
|poke|p1|Rotom-Wash, L50, shiny|
|poke|p1|Jolteon, L50, M, shiny|
|poke|p1|Aerodactyl, L50, F, shiny|
|poke|p1|Farigiraf, L50, F, shiny|
|poke|p1|Krookodile, L50, F, shiny|
|poke|p2|Gallade, L50, M|
|poke|p2|Arcanine-Hisui, L50, M|
|poke|p2|Milotic, L50, M|
|poke|p2|Serperior, L50, M|
|poke|p2|Tinkaton, L50, F|
|poke|p2|Aegislash, L50, F|
|teampreview|4
|showteam|p1|Sylveon||FairyFeather|Pixilate|HyperVoice,Moonblast,ShadowBall,Protect|Modest||F|||50|]Rotom-Wash||Leftovers|Levitate|HydroPump,Thunderbolt,WillOWisp,Protect|Modest|||||50|]Jolteon||Magnet|QuickFeet|Thunderbolt,VoltSwitch,ShadowBall,Protect|Timid||M|||50|]Aerodactyl||Aerodactylite|Unnerve|RockSlide,WideGuard,Tailwind,Protect|Jolly||F|||50|]Farigiraf||MentalHerb|ArmorTail|TrickRoom,ThunderWave,FoulPlay,HelpingHand|Sassy||F|||50|]Krookodile||SitrusBerry|Intimidate|KnockOff,Protect,CloseCombat,HighHorsepower|Adamant||F|||50|
|showteam|p2|Gallade||Galladite|Steadfast|PsychoCut,SacredSword,SwordsDance,Protect|Adamant||M|||50|]Arcanine-Hisui||FocusSash|Intimidate|RockSlide,FlareBlitz,StealthRock,Protect|Jolly||M|||50|]Milotic||Leftovers|Competitive|IceBeam,Scald,Recover,LightScreen|Calm||M|||50|]Serperior||WideLens|Contrary|LeafStorm,Reflect,CalmMind,Protect|Timid||M|||50|]Tinkaton||LifeOrb|MoldBreaker|GigatonHammer,PlayRough,FakeOut,Substitute|Adamant||F|||50|]Aegislash||ExpertBelt|StanceChange|KingsShield,Poltergeist,ShadowBall,IronHead|Brave||F|||50|
|j| PorygonTheBot
|c| PorygonTheBot|This game looks fun!
|
|t:|1785723492
|teamsize|p1|4
|teamsize|p2|4
|start
|switch|p1a: Aerodactyl|Aerodactyl, L50, F, shiny|100/100
|switch|p1b: Jolteon|Jolteon, L50, M, shiny|100/100
|switch|p2a: Gallade|Gallade, L50, M|100/100
|switch|p2b: Aegislash|Aegislash, L50, F|100/100
|-ability|p1a: Aerodactyl|Unnerve
|turn|1
|j| ImYeicob
|n| ImYeicob|imyeicob
|n| ImYeicob|imyeicob
|
|t:|1785723576
|detailschange|p2a: Gallade|Gallade-Mega, L50, M
|-mega|p2a: Gallade|Gallade|Galladite
|move|p1a: Aerodactyl|Protect|p1a: Aerodactyl
|-singleturn|p1a: Aerodactyl|Protect
|move|p2a: Gallade|Protect|p2a: Gallade
|-singleturn|p2a: Gallade|Protect
|move|p2b: Aegislash|King's Shield|p2b: Aegislash
|-singleturn|p2b: Aegislash|Protect
|move|p1b: Jolteon|Shadow Ball|p2a: Gallade
|-activate|p2a: Gallade|move: Protect
|
|upkeep
|turn|2
|
|t:|1785723644
|switch|p1a: Sylveon|Sylveon, L50, F, shiny|100/100
|move|p1b: Jolteon|Shadow Ball|p2a: Gallade
|-supereffective|p2a: Gallade|1
|-damage|p2a: Gallade|47/100
|move|p2a: Gallade|Swords Dance|p2a: Gallade
|-boost|p2a: Gallade|atk|2
|-formechange|p2b: Aegislash|Aegislash-Blade|
|move|p2b: Aegislash|Iron Head|p1a: Sylveon
|-supereffective|p1a: Sylveon|1
|-damage|p1a: Sylveon|0 fnt
|faint|p1a: Sylveon
|
|upkeep
|
|t:|1785723661
|switch|p1a: Farigiraf|Farigiraf, L50, F, shiny|100/100
|turn|3
|
|t:|1785723733
|move|p1b: Jolteon|Shadow Ball|p2a: Gallade
|-supereffective|p2a: Gallade|1
|-damage|p2a: Gallade|0 fnt
|faint|p2a: Gallade
|move|p1a: Farigiraf|Foul Play|p2b: Aegislash
|-supereffective|p2b: Aegislash|1
|-damage|p2b: Aegislash|0 fnt
|faint|p2b: Aegislash
|
|upkeep
|
|t:|1785723748
|switch|p2a: Serperior|Serperior, L50, M|100/100
|switch|p2b: Tinkaton|Tinkaton, L50, F|100/100
|-ability|p2b: Tinkaton|Mold Breaker
|turn|4
|
|t:|1785723827
|move|p1b: Jolteon|Shadow Ball|p2a: Serperior
|-damage|p2a: Serperior|67/100
|move|p2a: Serperior|Reflect|p2a: Serperior
|-sidestart|p2: javii_63|Reflect
|move|p2b: Tinkaton|Play Rough|p1b: Jolteon
|-damage|p1b: Jolteon|14/100
|-damage|p2b: Tinkaton|90/100|[from] item: Life Orb
|move|p1a: Farigiraf|Thunder Wave|p2a: Serperior
|-status|p2a: Serperior|par
|
|upkeep
|turn|5
|
|t:|1785723896
|move|p1b: Jolteon|Protect|p1b: Jolteon
|-singleturn|p1b: Jolteon|Protect
|move|p2b: Tinkaton|Play Rough|p1a: Farigiraf
|-damage|p1a: Farigiraf|48/100
|-damage|p2b: Tinkaton|80/100|[from] item: Life Orb
|cant|p2a: Serperior|par
|move|p1a: Farigiraf|Thunder Wave|p2b: Tinkaton
|-status|p2b: Tinkaton|par
|
|upkeep
|turn|6
|
|t:|1785723969
|move|p1b: Jolteon|Volt Switch|p2a: Serperior
|-resisted|p2a: Serperior|1
|-damage|p2a: Serperior|40/100 par
|
|t:|1785723973
|switch|p1b: Aerodactyl|Aerodactyl, L50, F, shiny|100/100|[from] Volt Switch
|-ability|p1b: Aerodactyl|Unnerve
|move|p2a: Serperior|Leaf Storm|p1b: Aerodactyl
|-damage|p1b: Aerodactyl|29/100
|-boost|p2a: Serperior|spa|2
|move|p2b: Tinkaton|Play Rough|p1a: Farigiraf
|-damage|p1a: Farigiraf|0 fnt
|faint|p1a: Farigiraf
|-damage|p2b: Tinkaton|70/100 par|[from] item: Life Orb
|
|upkeep
|
|t:|1785723985
|switch|p1a: Jolteon|Jolteon, L50, M, shiny|14/100
|turn|7
|j| ImYeicob
|n| ImYeicob|imyeicob
|
|t:|1785724087
|detailschange|p1b: Aerodactyl|Aerodactyl-Mega, L50, F, shiny
|-mega|p1b: Aerodactyl|Aerodactyl|Aerodactylite
|move|p1b: Aerodactyl|Rock Slide|p2b: Tinkaton|[spread] p2a,p2b
|-resisted|p2b: Tinkaton|1
|-damage|p2a: Serperior|16/100 par
|-damage|p2b: Tinkaton|57/100 par
|move|p1a: Jolteon|Shadow Ball|p2a: Serperior
|-damage|p2a: Serperior|0 fnt
|faint|p2a: Serperior
|move|p2b: Tinkaton|Play Rough|p1b: Aerodactyl
|-damage|p1b: Aerodactyl|0 fnt
|faint|p1b: Aerodactyl
|-damage|p2b: Tinkaton|47/100 par|[from] item: Life Orb
|
|upkeep
|turn|8
|
|t:|1785724149
|move|p1a: Jolteon|Shadow Ball|p2b: Tinkaton
|-damage|p2b: Tinkaton|23/100 par
|move|p2b: Tinkaton|Gigaton Hammer|p1a: Jolteon
|-resisted|p1a: Jolteon|1
|-damage|p1a: Jolteon|0 fnt
|faint|p1a: Jolteon
|-damage|p2b: Tinkaton|13/100 par|[from] item: Life Orb
|
|win|javii_63
