|j|‽cm3112
|j|☆Andrea Pirlo 2
|html|cm3112Andrea Pirlo 2    
|uhtml|bestof|Game 1 of a best-of-3
|t:|1782491619
|gametype|doubles
|player|p1|cm3112|170|1339
|player|p2|Andrea Pirlo 2|volkner|1443
|gen|9
|tier|[Gen 9 Champions] VGC 2026 Reg M-B (Bo3)
|rated|
|rule|Species Clause: Limit one of each Pokémon
|rule|Item Clause: Limit 1 of each item
|clearpoke
|poke|p1|Archaludon, L50, M|
|poke|p1|Sableye, L50, M|
|poke|p1|Basculegion-F, L50, F|
|poke|p1|Floette-Eternal, L50, F|
|poke|p1|Sinistcha, L50|
|poke|p1|Incineroar, L50, M|
|poke|p2|Swampert, L50, M|
|poke|p2|Pelipper, L50, F|
|poke|p2|Archaludon, L50, F|
|poke|p2|Sneasler, L50, F|
|poke|p2|Gholdengo, L50|
|poke|p2|Sableye, L50, F|
|teampreview|4
|showteam|p1|Archaludon||Leftovers|Stamina|FlashCannon,ElectroShot,DragonPulse,Protect|Modest||M|||50|]Sableye||RoseliBerry|Prankster|WillOWisp,LightScreen,RainDance,Quash|Impish||M|||50|]Basculegion-F||FocusSash|SwiftSwim|MuddyWater,IcyWind,ShadowBall,AquaJet|Modest||F|||50|]Floette-Eternal||Floettite|FlowerVeil|DazzlingGleam,DrainingKiss,CalmMind,Protect|Modest||F|||50|]Sinistcha||SitrusBerry|Hospitality|MatchaGotcha,TrickRoom,RagePowder,Protect|Calm|||||50|]Incineroar||ChopleBerry|Intimidate|FakeOut,PartingShot,FlareBlitz,CloseCombat|Adamant||M|||50|
|showteam|p2|Swampert||Swampertite|Torrent|HighHorsepower,WaveCrash,IcePunch,Protect|Adamant||M|||50|]Pelipper||LifeOrb|Drizzle|WeatherBall,Hurricane,Tailwind,Protect|Modest||F|||50|]Archaludon||Leftovers|Stamina|ElectroShot,DragonPulse,FlashCannon,Protect|Modest||F|||50|]Sneasler||FocusSash|Unburden|CloseCombat,DireClaw,FakeOut,Protect|Jolly||F|||50|]Gholdengo||MetalCoat|GoodasGold|MakeItRain,ShadowBall,NastyPlot,Protect|Timid|||||50|]Sableye||RoseliBerry|Prankster|Encore,WillOWisp,LightScreen,RainDance|Calm||F|||50|
|inactive|Battle timer is ON: inactive players will automatically lose when time's up. (requested by Andrea Pirlo 2)
|
|t:|1782491655
|teamsize|p1|4
|teamsize|p2|4
|start
|switch|p1a: Sableye|Sableye, L50, M|100/100
|switch|p1b: Basculegion|Basculegion-F, L50, F|100/100
|switch|p2a: Archaludon|Archaludon, L50, F|100/100
|switch|p2b: Sableye|Sableye, L50, F|100/100
|turn|1
|
|t:|1782491671
|move|p2b: Sableye|Light Screen|p2b: Sableye
|-sidestart|p2: Andrea Pirlo 2|move: Light Screen
|move|p1a: Sableye|Light Screen|p1a: Sableye
|-sidestart|p1: cm3112|move: Light Screen
|move|p2a: Archaludon|Dragon Pulse|p1b: Basculegion
|-damage|p1b: Basculegion|73/100
|move|p1b: Basculegion|Shadow Ball|p2a: Archaludon
|-damage|p2a: Archaludon|74/100
|-ability|p2a: Archaludon|Stamina|boost
|-boost|p2a: Archaludon|def|1
|
|-heal|p2a: Archaludon|80/100|[from] item: Leftovers
|upkeep
|turn|2
|
|t:|1782491688
|switch|p1a: Sinistcha|Sinistcha, L50|100/100
|-heal|p1b: Basculegion|98/100|[from] ability: Hospitality|[of] p1a: Sinistcha
|move|p2b: Sableye|Rain Dance|p2b: Sableye
|-weather|RainDance
|move|p1b: Basculegion|Shadow Ball|p2a: Archaludon
|-damage|p2a: Archaludon|52/100
|-ability|p2a: Archaludon|Stamina|boost
|-boost|p2a: Archaludon|def|1
|move|p2a: Archaludon|Electro Shot||[still]
|-prepare|p2a: Archaludon|Electro Shot
|-boost|p2a: Archaludon|spa|1
|-anim|p2a: Archaludon|Electro Shot|p1b: Basculegion
|-supereffective|p1b: Basculegion|1
|-damage|p1b: Basculegion|11/100
|
|-weather|RainDance|[upkeep]
|-heal|p2a: Archaludon|58/100|[from] item: Leftovers
|upkeep
|turn|3
|inactive|Andrea Pirlo 2 has 30 seconds left.
|
|t:|1782491721
|move|p2b: Sableye|Will-O-Wisp|p1b: Basculegion
|-status|p1b: Basculegion|brn
|move|p1b: Basculegion|Shadow Ball|p2a: Archaludon
|-damage|p2a: Archaludon|31/100
|-ability|p2a: Archaludon|Stamina|boost
|-boost|p2a: Archaludon|def|1
|move|p2a: Archaludon|Dragon Pulse|p1a: Sinistcha
|-damage|p1a: Sinistcha|64/100
|move|p1a: Sinistcha|Trick Room|p1a: Sinistcha
|-fieldstart|move: Trick Room|[of] p1a: Sinistcha
|
|-weather|RainDance|[upkeep]
|-heal|p2a: Archaludon|37/100|[from] item: Leftovers
|-damage|p1b: Basculegion|5/100 brn|[from] brn
|upkeep
|turn|4
|
|t:|1782491743
|switch|p1a: Archaludon|Archaludon, L50, M|100/100
|move|p2b: Sableye|Encore||[still]
|-fail|p2b: Sableye
|move|p2a: Archaludon|Electro Shot||[still]
|-prepare|p2a: Archaludon|Electro Shot
|-boost|p2a: Archaludon|spa|1
|-anim|p2a: Archaludon|Electro Shot|p1a: Archaludon
|-resisted|p1a: Archaludon|1
|-damage|p1a: Archaludon|71/100
|-ability|p1a: Archaludon|Stamina|boost
|-boost|p1a: Archaludon|def|1
|move|p1b: Basculegion|Shadow Ball|p2a: Archaludon
|-damage|p2a: Archaludon|11/100
|-ability|p2a: Archaludon|Stamina|boost
|-boost|p2a: Archaludon|def|1
|
|-weather|RainDance|[upkeep]
|-heal|p1a: Archaludon|76/100|[from] item: Leftovers
|-heal|p2a: Archaludon|17/100|[from] item: Leftovers
|-damage|p1b: Basculegion|0 fnt|[from] brn
|faint|p1b: Basculegion
|upkeep
|
|t:|1782491755
|switch|p1b: Sinistcha|Sinistcha, L50|64/100
|-heal|p1a: Archaludon|100/100|[from] ability: Hospitality|[of] p1b: Sinistcha
|turn|5
|
|t:|1782491774
|move|p2a: Archaludon|Protect|p2a: Archaludon
|-singleturn|p2a: Archaludon|Protect
|move|p2b: Sableye|Will-O-Wisp|p1b: Sinistcha
|-status|p1b: Sinistcha|brn
|move|p1b: Sinistcha|Matcha Gotcha|p2b: Sableye|[spread] p2b
|-activate|p2a: Archaludon|move: Protect
|-damage|p2b: Sableye|79/100
|-heal|p1b: Sinistcha|73/100 brn|[from] drain|[of] p2b: Sableye
|move|p1a: Archaludon|Electro Shot||[still]
|-prepare|p1a: Archaludon|Electro Shot
|-boost|p1a: Archaludon|spa|1
|-anim|p1a: Archaludon|Electro Shot|p2a: Archaludon
|-activate|p2a: Archaludon|move: Protect
|
|-weather|RainDance|[upkeep]
|-heal|p2a: Archaludon|23/100|[from] item: Leftovers
|-damage|p1b: Sinistcha|66/100 brn|[from] brn
|-sideend|p2: Andrea Pirlo 2|move: Light Screen
|-sideend|p1: cm3112|move: Light Screen
|upkeep
|turn|6
|inactive|Andrea Pirlo 2 has 30 seconds left.
|
|t:|1782491802
|move|p2b: Sableye|Light Screen|p2b: Sableye
|-sidestart|p2: Andrea Pirlo 2|move: Light Screen
|move|p1b: Sinistcha|Matcha Gotcha|p2b: Sableye|[spread] p2a,p2b
|-resisted|p2a: Archaludon|2
|-damage|p2a: Archaludon|18/100
|-heal|p1b: Sinistcha|69/100 brn|[from] drain|[of] p2a: Archaludon
|-damage|p2b: Sableye|62/100
|-heal|p1b: Sinistcha|77/100 brn|[from] drain|[of] p2b: Sableye
|-ability|p2a: Archaludon|Stamina|boost
|-boost|p2a: Archaludon|def|1
|move|p1a: Archaludon|Electro Shot||[still]
|-prepare|p1a: Archaludon|Electro Shot
|-boost|p1a: Archaludon|spa|1
|-anim|p1a: Archaludon|Electro Shot|p2a: Archaludon
|-resisted|p2a: Archaludon|1
|-damage|p2a: Archaludon|0 fnt
|faint|p2a: Archaludon
|
|-weather|none
|-damage|p1b: Sinistcha|71/100 brn|[from] brn
|upkeep
|
|t:|1782491820
|switch|p2a: Swampert|Swampert, L50, M|100/100
|turn|7
|
|t:|1782491838
|detailschange|p2a: Swampert|Swampert-Mega, L50, M
|-mega|p2a: Swampert|Swampert|Swampertite
|move|p2a: Swampert|Protect|p2a: Swampert
|-singleturn|p2a: Swampert|Protect
|move|p1b: Sinistcha|Rage Powder|p1b: Sinistcha
|-singleturn|p1b: Sinistcha|move: Rage Powder
|move|p2b: Sableye|Encore|p1b: Sinistcha
|-start|p1b: Sinistcha|Encore
|move|p1a: Archaludon|Dragon Pulse|p2b: Sableye
|-damage|p2b: Sableye|1/100
|
|-damage|p1b: Sinistcha|65/100 brn|[from] brn
|-fieldend|move: Trick Room
|upkeep
|turn|8
|
|t:|1782491858
|move|p1b: Sinistcha|Rage Powder|p1b: Sinistcha
|-singleturn|p1b: Sinistcha|move: Rage Powder
|move|p2b: Sableye|Will-O-Wisp|p1b: Sinistcha
|-fail|p1b: Sinistcha|brn
|move|p2a: Swampert|Ice Punch|p1b: Sinistcha
|-supereffective|p1b: Sinistcha|1
|-damage|p1b: Sinistcha|7/100 brn
|-enditem|p1b: Sinistcha|Sitrus Berry|[eat]
|-heal|p1b: Sinistcha|32/100 brn|[from] item: Sitrus Berry
|move|p1a: Archaludon|Dragon Pulse|p2a: Swampert
|-damage|p2a: Swampert|48/100
|
|-damage|p1b: Sinistcha|26/100 brn|[from] brn
|upkeep
|turn|9
|
|t:|1782491878
|switch|p2a: Gholdengo|Gholdengo, L50|100/100
|move|p1b: Sinistcha|Rage Powder|p1b: Sinistcha
|-singleturn|p1b: Sinistcha|move: Rage Powder
|move|p2b: Sableye|Encore||[still]
|-fail|p2b: Sableye
|move|p1a: Archaludon|Dragon Pulse|p2b: Sableye
|-damage|p2b: Sableye|0 fnt
|faint|p2b: Sableye
|
|-damage|p1b: Sinistcha|20/100y brn|[from] brn
|upkeep
|
|t:|1782491881
|switch|p2b: Swampert|Swampert-Mega, L50, M|48/100
|turn|10
|
|t:|1782491902
|switch|p1b: Sableye|Sableye, L50, M|100/100
|move|p2b: Swampert|Protect|p2b: Swampert
|-singleturn|p2b: Swampert|Protect
|move|p2a: Gholdengo|Nasty Plot|p2a: Gholdengo
|-boost|p2a: Gholdengo|spa|2
|move|p1a: Archaludon|Dragon Pulse|p2a: Gholdengo
|-resisted|p2a: Gholdengo|1
|-damage|p2a: Gholdengo|69/100
|
|-sideend|p2: Andrea Pirlo 2|move: Light Screen
|upkeep
|turn|11
|
|t:|1782491920
|move|p1a: Archaludon|Protect|p1a: Archaludon
|-singleturn|p1a: Archaludon|Protect
|move|p1b: Sableye|Rain Dance|p1b: Sableye
|-weather|RainDance
|move|p2b: Swampert|High Horsepower|p1a: Archaludon
|-activate|p1a: Archaludon|move: Protect
|move|p2a: Gholdengo|Shadow Ball|p1a: Archaludon
|-activate|p1a: Archaludon|move: Protect
|
|-weather|RainDance|[upkeep]
|upkeep
|turn|12
|
|t:|1782491935
|move|p2a: Gholdengo|Protect|p2a: Gholdengo
|-singleturn|p2a: Gholdengo|Protect
|move|p1b: Sableye|Quash|p2b: Swampert
|-activate|p2b: Swampert|move: Quash
|move|p1a: Archaludon|Electro Shot||[still]
|-prepare|p1a: Archaludon|Electro Shot
|-boost|p1a: Archaludon|spa|1
|-anim|p1a: Archaludon|Electro Shot|p2a: Gholdengo
|-activate|p2a: Gholdengo|move: Protect
|move|p2b: Swampert|High Horsepower|p1a: Archaludon
|-supereffective|p1a: Archaludon|1
|-damage|p1a: Archaludon|43/100
|-ability|p1a: Archaludon|Stamina|boost
|-boost|p1a: Archaludon|def|1
|
|-weather|RainDance|[upkeep]
|-heal|p1a: Archaludon|48/100|[from] item: Leftovers
|upkeep
|turn|13
|
|t:|1782491946
|switch|p1b: Sinistcha|Sinistcha, L50|20/100y brn
|-heal|p1a: Archaludon|73/100|[from] ability: Hospitality|[of] p1b: Sinistcha
|move|p1a: Archaludon|Protect|p1a: Archaludon
|-singleturn|p1a: Archaludon|Protect
|move|p2b: Swampert|Wave Crash|p1b: Sinistcha
|-resisted|p1b: Sinistcha|1
|-damage|p1b: Sinistcha|0 fnt
|faint|p1b: Sinistcha
|-damage|p2b: Swampert|42/100|[from] Recoil
|move|p2a: Gholdengo|Shadow Ball|p1a: Archaludon
|-activate|p1a: Archaludon|move: Protect
|
|-weather|RainDance|[upkeep]
|-heal|p1a: Archaludon|79/100|[from] item: Leftovers
|upkeep
|
|t:|1782491960
|switch|p1b: Sableye|Sableye, L50, M|100/100
|turn|14
|
|t:|1782491977
|move|p2a: Gholdengo|Protect|p2a: Gholdengo
|-singleturn|p2a: Gholdengo|Protect
|move|p1b: Sableye|Light Screen|p1b: Sableye
|-sidestart|p1: cm3112|move: Light Screen
|move|p2b: Swampert|Wave Crash|p1b: Sableye
|-crit|p1b: Sableye
|-damage|p1b: Sableye|0 fnt
|faint|p1b: Sableye
|-damage|p2b: Swampert|14/100|[from] Recoil
|move|p1a: Archaludon|Electro Shot||[still]
|-prepare|p1a: Archaludon|Electro Shot
|-boost|p1a: Archaludon|spa|1
|-anim|p1a: Archaludon|Electro Shot|p2a: Gholdengo
|-activate|p2a: Gholdengo|move: Protect
|
|-weather|RainDance|[upkeep]
|-heal|p1a: Archaludon|85/100|[from] item: Leftovers
|upkeep
|turn|15
|
|t:|1782491990
|move|p2b: Swampert|High Horsepower|p1a: Archaludon
|-supereffective|p1a: Archaludon|1
|-damage|p1a: Archaludon|40/100
|-ability|p1a: Archaludon|Stamina|boost
|-boost|p1a: Archaludon|def|1
|move|p2a: Gholdengo|Shadow Ball|p1a: Archaludon
|-damage|p1a: Archaludon|0 fnt
|faint|p1a: Archaludon
|
|win|Andrea Pirlo 2
