|j|‽Ydhdd
|j|☆bobiiiiiii
|html|Ydhddbobiiiiiii    
|uhtml|bestof|Game 1 of a best-of-3
|t:|1756538570
|gametype|doubles
|player|p1|Ydhdd|102|1076
|player|p2|bobiiiiiii|169|1028
|gen|9
|tier|[Gen 9] VGC 2025 Reg H (Bo3)
|rated|
|rule|Species Clause: Limit one of each Pokémon
|rule|Item Clause: Limit 1 of each item
|clearpoke
|poke|p1|Pelipper, L50, F|
|poke|p1|Dragapult, L50, F|
|poke|p1|Gastrodon, L50, M|
|poke|p1|Archaludon, L50, M|
|poke|p1|Whimsicott, L50, M|
|poke|p1|Sneasler, L50, M|
|poke|p2|Rillaboom, L50, M|
|poke|p2|Chesnaught, L50, F|
|poke|p2|Incineroar, L50, F|
|poke|p2|Gholdengo, L50|
|poke|p2|Pelipper, L50, F|
|poke|p2|Palafin, L50, M|
|teampreview|4
|showteam|p1|Pelipper||ChoiceSpecs|Drizzle|Surf,Hurricane,Uturn,WeatherBall|||F|||50|,,,,,Ghost]Dragapult||FocusSash|ClearBody|Protect,Surf,WillOWisp,DracoMeteor|||F|||50|,,,,,Water]Gastrodon||LifeOrb|StormDrain|EarthPower,IceBeam,HelpingHand,Protect|||M|||50|,,,,,Fairy]Archaludon||PowerHerb|Sturdy|ElectroShot,FlashCannon,DragonPulse,Protect|||M|||50|,,,,,Electric]Whimsicott||CovertCloak|Prankster|Tailwind,LightScreen,HelpingHand,Moonblast|||M|||50|,,,,,Dark]Sneasler||EjectPack|PoisonTouch|DireClaw,CloseCombat,Taunt,Protect|||M|||50|,,,,,Stellar
|showteam|p2|Rillaboom||AssaultVest|GrassySurge|FakeOut,Uturn,WoodHammer,GrassyGlide|||M|||50|,,,,,Poison]Chesnaught||SitrusBerry|Bulletproof|SpikyShield,GrassyGlide,BellyDrum,DrainPunch|||F|||50|,,,,,Fire]Incineroar||SafetyGoggles|Intimidate|FakeOut,Taunt,PartingShot,KnockOff|||F|||50|,,,,,Ghost]Gholdengo||ChoiceSpecs|GoodasGold|MakeItRain,ShadowBall,Trick,Thunderbolt||||||50|,,,,,Steel]Pelipper||FocusSash|Drizzle|Protect,Tailwind,WeatherBall,Hurricane|||F|||50|,,,,,Ghost]Palafin||MysticWater|ZerotoHero|Haze,WaveCrash,JetPunch,Protect|||M|||50|,,,,,Water
|inactive|Battle timer is ON: inactive players will automatically lose when time's up. (requested by Ydhdd)
|inactive|Ydhdd has 60 seconds left.
|inactive|bobiiiiiii has 60 seconds left.
|
|t:|1756538626
|teamsize|p1|4
|teamsize|p2|4
|start
|switch|p1a: Archaludon|Archaludon, L50, M|100/100
|switch|p1b: Sneasler|Sneasler, L50, M|100/100
|switch|p2a: Palafin|Palafin, L50, M|100/100
|switch|p2b: Chesnaught|Chesnaught, L50, F|100/100
|turn|1
|inactive|bobiiiiiii has 30 seconds left.
|inactive|bobiiiiiii has 20 seconds left.
|
|t:|1756538665
|detailschange|p2a: Palafin|Palafin-Hero, L50, M
|switch|p2a: Gholdengo|Gholdengo, L50|100/100
|-terastallize|p2b: Chesnaught|Fire
|move|p1b: Sneasler|Taunt|p2b: Chesnaught
|-start|p2b: Chesnaught|move: Taunt
|move|p1a: Archaludon|Electro Shot||[still]
|-prepare|p1a: Archaludon|Electro Shot
|-boost|p1a: Archaludon|spa|1
|-enditem|p1a: Archaludon|Power Herb
|-anim|p1a: Archaludon|Electro Shot|p2a: Gholdengo
|-damage|p2a: Gholdengo|20/100
|cant|p2b: Chesnaught|move: Taunt|Belly Drum
|
|upkeep
|turn|2
|inactive|Ydhdd has 30 seconds left.
|inactive|bobiiiiiii has 30 seconds left.
|inactive|Ydhdd has 20 seconds left.
|inactive|bobiiiiiii has 20 seconds left.
|inactive|Ydhdd has 15 seconds left.
|inactive|bobiiiiiii has 15 seconds left.
|inactive|Ydhdd has 10 seconds left.
|inactive|bobiiiiiii has 10 seconds left.
|inactive|Ydhdd has 5 seconds left.
|inactive|bobiiiiiii has 5 seconds left.
|
|t:|1756538718
|switch|p2b: Palafin|Palafin-Hero, L50, M|100/100
|-activate|p2b: Palafin|ability: Zero to Hero
|move|p1b: Sneasler|Dire Claw|p2b: Palafin
|-damage|p2b: Palafin|63/100
|move|p1a: Archaludon|Dragon Pulse|p2a: Gholdengo
|-resisted|p2a: Gholdengo
|-damage|p2a: Gholdengo|0 fnt
|faint|p2a: Gholdengo
|
|upkeep
|
|t:|1756538729
|switch|p2a: Incineroar|Incineroar, L50, F|100/100
|-ability|p2a: Incineroar|Intimidate|boost
|-unboost|p1a: Archaludon|atk|1
|-unboost|p1b: Sneasler|atk|1
|-enditem|p1b: Sneasler|Eject Pack
|inactive|Ydhdd has 30 seconds left.
|
|t:|1756538758
|switch|p1b: Dragapult|Dragapult, L50, F|100/100
|turn|3
|inactive|bobiiiiiii has 30 seconds left.
|inactive|bobiiiiiii has 20 seconds left.
|inactive|bobiiiiiii has 15 seconds left.
|inactive|bobiiiiiii has 10 seconds left.
|
|t:|1756538807
|switch|p1b: Gastrodon|Gastrodon, L50, M|100/100
|move|p2a: Incineroar|Fake Out|p1a: Archaludon
|-resisted|p1a: Archaludon
|-damage|p1a: Archaludon|96/100
|cant|p1a: Archaludon|flinch
|move|p2b: Palafin|Wave Crash|p1b: Gastrodon
|-activate|p1b: Gastrodon|ability: Storm Drain
|-ability|p1b: Gastrodon|Storm Drain|boost
|-boost|p1b: Gastrodon|spa|1
|
|upkeep
|turn|4
|inactive|Ydhdd has 30 seconds left.
|inactive|bobiiiiiii has 30 seconds left.
|inactive|bobiiiiiii has 20 seconds left.
|inactive|bobiiiiiii has 15 seconds left.
|inactive|bobiiiiiii has 10 seconds left.
|
|t:|1756538855
|move|p1b: Gastrodon|Helping Hand|p1a: Archaludon
|-singleturn|p1a: Archaludon|Helping Hand|[of] p1b: Gastrodon
|move|p1a: Archaludon|Dragon Pulse|p2b: Palafin
|-damage|p2b: Palafin|0 fnt
|faint|p2b: Palafin
|move|p2a: Incineroar|Parting Shot|p1a: Archaludon
|-unboost|p1a: Archaludon|atk|1
|-unboost|p1a: Archaludon|spa|1
|
|t:|1756538863
|switch|p2a: Chesnaught|Chesnaught, L50, F, tera:Fire|100/100|[from] Parting Shot
|
|upkeep
|
|t:|1756538866
|switch|p2b: Incineroar|Incineroar, L50, F|100/100
|-ability|p2b: Incineroar|Intimidate|boost
|-unboost|p1a: Archaludon|atk|1
|-unboost|p1b: Gastrodon|atk|1
|turn|5
|inactive|Ydhdd has 30 seconds left.
|inactive|bobiiiiiii has 30 seconds left.
|
|t:|1756538897
|-terastallize|p1a: Archaludon|Electric
|move|p1b: Gastrodon|Protect|p1b: Gastrodon
|-singleturn|p1b: Gastrodon|Protect
|move|p2b: Incineroar|Fake Out|p1b: Gastrodon
|-activate|p1b: Gastrodon|move: Protect
|move|p1a: Archaludon|Electro Shot||[still]
|-prepare|p1a: Archaludon|Electro Shot
|-boost|p1a: Archaludon|spa|1
|move|p2a: Chesnaught|Belly Drum|p2a: Chesnaught
|-damage|p2a: Chesnaught|50/100
|-setboost|p2a: Chesnaught|atk|6|[from] move: Belly Drum
|-enditem|p2a: Chesnaught|Sitrus Berry|[eat]
|-heal|p2a: Chesnaught|75/100|[from] item: Sitrus Berry
|
|upkeep
|turn|6
|inactive|bobiiiiiii has 30 seconds left.
|inactive|bobiiiiiii has 20 seconds left.
|inactive|bobiiiiiii has 15 seconds left.
|inactive|bobiiiiiii has 10 seconds left.
|inactive|bobiiiiiii has 5 seconds left.
|
|t:|1756538952
|move|p2a: Chesnaught|Spiky Shield|p2a: Chesnaught
|-singleturn|p2a: Chesnaught|move: Protect
|move|p2b: Incineroar|Fake Out||[still]
|-hint|Fake Out only works on your first turn out.
|-fail|p2b: Incineroar
|move|p1a: Archaludon|Electro Shot|p2b: Incineroar|[from] lockedmove
|-damage|p2b: Incineroar|17/100
|move|p1b: Gastrodon|Earth Power|p2a: Chesnaught
|-activate|p2a: Chesnaught|move: Protect
|
|upkeep
|turn|7
|inactive|bobiiiiiii has 30 seconds left.
|
|t:|1756538978
|move|p2b: Incineroar|Fake Out||[still]
|-hint|Fake Out only works on your first turn out.
|-fail|p2b: Incineroar
|move|p1a: Archaludon|Dragon Pulse|p2b: Incineroar
|-damage|p2b: Incineroar|0 fnt
|faint|p2b: Incineroar
|move|p1b: Gastrodon|Earth Power|p2a: Chesnaught
|-supereffective|p2a: Chesnaught
|-damage|p2a: Chesnaught|0 fnt
|faint|p2a: Chesnaught
|-damage|p1b: Gastrodon|91/100|[from] item: Life Orb
|
|win|Ydhdd
|l|‽Ydhdd
|player|p1|
||Ydhdd is ready for game 2.
||bobiiiiiii is ready for game 2.
|uhtml|next|Next: Game 2 of 3
