|j|☆DumbDerek
|j|☆Aeon_Twins
|html|DumbDerekAeon_Twins    
|uhtml|bestof|Game 3 of a best-of-3
|t:|1782513627
|gametype|doubles
|player|p1|DumbDerek|blackbelt-gen4|1109
|player|p2|Aeon_Twins|n|1255
|gen|9
|tier|[Gen 9 Champions] VGC 2026 Reg M-B (Bo3)
|rated|
|rule|Species Clause: Limit one of each Pokémon
|rule|Item Clause: Limit 1 of each item
|clearpoke
|poke|p1|Garchomp, L50, M|
|poke|p1|Ninetales-Alola, L50, F|
|poke|p1|Farigiraf, L50, F|
|poke|p1|Scrafty, L50, M|
|poke|p1|Sinistcha, L50|
|poke|p1|Delphox, L50, F|
|poke|p2|Torkoal, L50, M|
|poke|p2|Farigiraf, L50, M|
|poke|p2|Pyroar, L50, M|
|poke|p2|Venusaur, L50, F|
|poke|p2|Sylveon, L50, M|
|poke|p2|Scrafty, L50, F|
|teampreview|4
|showteam|p1|Garchomp||LifeOrb|RoughSkin|Earthquake,DragonClaw,RockSlide,Protect|Jolly||M|||50|]Ninetales-Alola||LightClay|SnowWarning|AuroraVeil,Protect,Blizzard,Moonblast|Timid||F|||50|]Farigiraf||ColburBerry|ArmorTail|HyperVoice,TwinBeam,TrickRoom,ShadowBall|Quiet||F|||50|]Scrafty||Scraftinite|Intimidate|CloseCombat,KnockOff,SwordsDance,FakeOut|Adamant||M|||50|]Sinistcha||SitrusBerry|Hospitality|ShadowBall,MatchaGotcha,LifeDew,RagePowder|Bold|||||50|]Delphox||Delphoxite|Blaze|NastyPlot,HeatWave,Psyshock,Protect|Timid||F|||50|
|showteam|p2|Torkoal||Charcoal|Drought|Eruption,HeatWave,HelpingHand,Protect|Quiet||M|||50|]Farigiraf||ColburBerry|ArmorTail|Psychic,Thunderbolt,TrickRoom,SunnyDay|Sassy||M|||50|]Pyroar||Pyroarite|Rivalry|Overheat,HyperVoice,HeatWave,Protect|Timid||M|||50|]Venusaur||LifeOrb|Chlorophyll|GigaDrain,EarthPower,SleepPowder,Protect|Timid||F|||50|]Sylveon||FairyFeather|Pixilate|HyperBeam,HyperVoice,WeatherBall,Protect|Modest||M|||50|]Scrafty||Scraftinite|Intimidate|FakeOut,CloseCombat,KnockOff,Protect|Brave||F|||50|
|j| Mickmoon
|inactive|Battle timer is ON: inactive players will automatically lose when time's up. (requested by DumbDerek)
|inactive|Aeon_Twins has 60 seconds left.
|
|t:|1782513675
|teamsize|p1|4
|teamsize|p2|4
|start
|switch|p1a: Ninetales|Ninetales-Alola, L50, F|100/100
|switch|p1b: Farigiraf|Farigiraf, L50, F|100/100
|switch|p2a: Farigiraf|Farigiraf, L50, M|100/100
|switch|p2b: Torkoal|Torkoal, L50, M|100/100
|-weather|Snowscape|[from] ability: Snow Warning|[of] p1a: Ninetales
|-weather|SunnyDay|[from] ability: Drought|[of] p2b: Torkoal
|turn|1
|
|t:|1782513697
|switch|p1a: Garchomp|Garchomp, L50, M|100/100
|move|p2a: Farigiraf|Thunderbolt|p1b: Farigiraf
|-damage|p1b: Farigiraf|76/100
|move|p1b: Farigiraf|Hyper Voice|p2b: Torkoal|[spread] p2a,p2b
|-damage|p2a: Farigiraf|72/100
|-damage|p2b: Torkoal|53/100
|move|p2b: Torkoal|Heat Wave|p1b: Farigiraf|[spread] p1a,p1b
|-resisted|p1a: Garchomp|1
|-damage|p1a: Garchomp|71/100
|-damage|p1b: Farigiraf|17/100
|
|-weather|SunnyDay|[upkeep]
|upkeep
|turn|2
|inactive|DumbDerek has 30 seconds left.
|inactive|DumbDerek has 20 seconds left.
|inactive|DumbDerek has 15 seconds left.
|
|t:|1782513740
|switch|p2b: Scrafty|Scrafty, L50, F|100/100
|-ability|p2b: Scrafty|Intimidate|boost
|-unboost|p1a: Garchomp|atk|1
|-unboost|p1b: Farigiraf|atk|1
|move|p1a: Garchomp|Dragon Claw|p2a: Farigiraf
|-damage|p2a: Farigiraf|39/100
|-damage|p1a: Garchomp|61/100|[from] item: Life Orb
|move|p1b: Farigiraf|Hyper Voice|p2a: Farigiraf|[spread] p2a,p2b
|-damage|p2a: Farigiraf|12/100
|-damage|p2b: Scrafty|70/100
|move|p2a: Farigiraf|Trick Room|p2a: Farigiraf
|-fieldstart|move: Trick Room|[of] p2a: Farigiraf
|
|-weather|SunnyDay|[upkeep]
|upkeep
|turn|3
|inactive|DumbDerek has 30 seconds left.
|
|t:|1782513765
|detailschange|p2b: Scrafty|Scrafty-Mega, L50, F
|-mega|p2b: Scrafty|Scrafty|Scraftinite
|-ability|p2b: Scrafty|Intimidate|boost
|-unboost|p1a: Garchomp|atk|1
|-unboost|p1b: Farigiraf|atk|1
|move|p2a: Farigiraf|Psychic|p1a: Garchomp
|-damage|p1a: Garchomp|23/100
|-unboost|p1a: Garchomp|spd|1
|move|p1b: Farigiraf|Hyper Voice|p2b: Scrafty|[spread] p2a,p2b
|-damage|p2a: Farigiraf|0 fnt
|-damage|p2b: Scrafty|41/100
|faint|p2a: Farigiraf
|move|p2b: Scrafty|Knock Off|p1a: Garchomp
|-damage|p1a: Garchomp|0 fnt
|-damage|p2b: Scrafty|29/100|[from] ability: Rough Skin|[of] p1a: Garchomp
|-enditem|p1a: Garchomp|Life Orb|[from] move: Knock Off|[of] p2b: Scrafty
|faint|p1a: Garchomp
|
|-weather|SunnyDay|[upkeep]
|upkeep
|
|t:|1782513781
|switch|p2a: Sylveon|Sylveon, L50, M|100/100
|switch|p1a: Delphox|Delphox, L50, F|100/100
|turn|4
|
|t:|1782513794
|switch|p1b: Ninetales|Ninetales-Alola, L50, F|100/100
|-weather|Snowscape|[from] ability: Snow Warning|[of] p1b: Ninetales
|detailschange|p1a: Delphox|Delphox-Mega, L50, F
|-mega|p1a: Delphox|Delphox|Delphoxite
|move|p1a: Delphox|Protect|p1a: Delphox
|-singleturn|p1a: Delphox|Protect
|move|p2b: Scrafty|Knock Off|p1a: Delphox
|-activate|p1a: Delphox|move: Protect
|move|p2a: Sylveon|Hyper Voice|p1b: Ninetales|[spread] p1b
|-activate|p1a: Delphox|move: Protect
|-damage|p1b: Ninetales|39/100
|
|-weather|Snowscape|[upkeep]
|upkeep
|turn|5
|
|t:|1782513808
|switch|p1a: Farigiraf|Farigiraf, L50, F|17/100
|move|p1b: Ninetales|Protect|p1b: Ninetales
|-singleturn|p1b: Ninetales|Protect
|move|p2b: Scrafty|Knock Off|p1a: Farigiraf
|-supereffective|p1a: Farigiraf|1
|-enditem|p1a: Farigiraf|Colbur Berry|[eat]
|-enditem|p1a: Farigiraf|Colbur Berry|[weaken]
|-damage|p1a: Farigiraf|0 fnt
|faint|p1a: Farigiraf
|move|p2a: Sylveon|Hyper Voice|p1b: Ninetales
|-activate|p1b: Ninetales|move: Protect
|
|-weather|Snowscape|[upkeep]
|upkeep
|
|t:|1782513820
|switch|p1a: Delphox|Delphox-Mega, L50, F|100/100
|turn|6
|inactive|DumbDerek has 30 seconds left.
|
|t:|1782513846
|move|p1a: Delphox|Protect|p1a: Delphox
|-singleturn|p1a: Delphox|Protect
|move|p2b: Scrafty|Knock Off|p1a: Delphox
|-activate|p1a: Delphox|move: Protect
|move|p2a: Sylveon|Hyper Voice|p1b: Ninetales|[spread] p1b
|-activate|p1a: Delphox|move: Protect
|-damage|p1b: Ninetales|0 fnt
|faint|p1b: Ninetales
|
|-weather|Snowscape|[upkeep]
|-fieldend|move: Trick Room
|upkeep
|turn|7
|
|t:|1782513856
|move|p2b: Scrafty|Protect|p2b: Scrafty
|-singleturn|p2b: Scrafty|Protect
|move|p1a: Delphox|Heat Wave|p2b: Scrafty|[spread] p2a
|-activate|p2b: Scrafty|move: Protect
|-damage|p2a: Sylveon|70/100
|move|p2a: Sylveon|Hyper Voice|p1a: Delphox
|-resisted|p1a: Delphox|1
|-damage|p1a: Delphox|66/100
|
|-weather|Snowscape|[upkeep]
|upkeep
|turn|8
|
|t:|1782513876
|move|p1a: Delphox|Heat Wave|p2b: Scrafty|[spread] p2b
|-miss|p1a: Delphox|p2a: Sylveon
|-damage|p2b: Scrafty|0 fnt
|faint|p2b: Scrafty
|move|p2a: Sylveon|Hyper Beam|p1a: Delphox|[miss]
|-miss|p2a: Sylveon|p1a: Delphox
|
|-weather|none
|upkeep
|
|t:|1782513882
|switch|p2b: Torkoal|Torkoal, L50, M|53/100
|-weather|SunnyDay|[from] ability: Drought|[of] p2b: Torkoal
|turn|9
|
|t:|1782513896
|move|p2b: Torkoal|Helping Hand|p2a: Sylveon
|-singleturn|p2a: Sylveon|Helping Hand|[of] p2b: Torkoal
|move|p1a: Delphox|Heat Wave|p2b: Torkoal|[spread] p2a,p2b
|-resisted|p2b: Torkoal|1
|-damage|p2a: Sylveon|28/100
|-damage|p2b: Torkoal|9/100
|-status|p2a: Sylveon|brn
|move|p2a: Sylveon|Hyper Beam|p1a: Delphox
|-resisted|p1a: Delphox|1
|-damage|p1a: Delphox|0 fnt
|-mustrecharge|p2a: Sylveon
|faint|p1a: Delphox
|
|win|Aeon_Twins
