|j|☆Baxter1357924680
|j|☆twilightgaming
|html|Baxter1357924680twilightgaming    
|uhtml|bestof|Game 3 of a best-of-3
|t:|1783555971
|gametype|doubles
|player|p1|Baxter1357924680|265|
|player|p2|twilightgaming|sabrina-lgpe|
|gen|9
|tier|[Gen 9 Champions] VGC 2026 Reg M-B (Bo3)
|rule|Species Clause: Limit one of each Pokémon
|rule|Item Clause: Limit 1 of each item
|clearpoke
|poke|p1|Aegislash, L50, M, shiny|
|poke|p1|Lucario, L50, M, shiny|
|poke|p1|Dragonite, L50, M, shiny|
|poke|p1|Ditto, L50, shiny|
|poke|p1|Annihilape, L50, M, shiny|
|poke|p1|Greninja, L50, M, shiny|
|poke|p2|Staraptor, L50, F, shiny|
|poke|p2|Mimikyu, L50, M|
|poke|p2|Whimsicott, L50, M|
|poke|p2|Sylveon, L50, M|
|poke|p2|Grimmsnarl, L50, M|
|poke|p2|Kingambit, L50, F, shiny|
|teampreview|4
|showteam|p1|Aegislash||Leftovers|StanceChange|RockSlide,SacredSword,AirSlash,CloseCombat|Serious||M|||50|]Lucario||Lucarionite|InnerFocus|Agility,CrossChop,ThunderPunch,BlazeKick|Serious||M|||50|]Dragonite||Dragoninite|Multiscale|DracoMeteor,Flamethrower,Superpower,StoneEdge|Serious||M|||50|]Ditto||ExpertBelt|Imposter|Transform|Serious|||||50|]Annihilape||ChoiceScarf|VitalSpirit|BrickBreak,CloseCombat,CrossChop,RockSlide|Serious||M|||50|]Greninja||Greninjite|Protean|Liquidation,WaterShuriken,QuickAttack,FlipTurn|Serious||M|||50|
|showteam|p2|Staraptor||Staraptite|Intimidate|BraveBird,CloseCombat,Roost,Protect|Timid||F|||50|]Mimikyu||SpellTag|Disguise|ShadowClaw,ShadowSneak,PlayRough,Protect|Adamant||M|||50|]Whimsicott||FocusSash|Prankster|Tailwind,Moonblast,Protect,Encore|Calm||M|||50|]Sylveon||Leftovers|Pixilate|HyperVoice,CalmMind,Wish,Protect|Bold||M|||50|]Grimmsnarl||RoseliBerry|Prankster|FakeOut,PartingShot,SpiritBreak,ScaryFace|Careful||M|||50|]Kingambit||ChopleBerry|Defiant|KowtowCleave,SuckerPunch,IronHead,Protect|Adamant||F|||50|
|
|t:|1783555992
|teamsize|p1|4
|teamsize|p2|4
|start
|switch|p1a: Aegislash|Aegislash, L50, M, shiny|100/100
|switch|p1b: Greninja|Greninja, L50, M, shiny|100/100
|switch|p2a: Sylveon|Sylveon, L50, M|100/100
|switch|p2b: Grimmsnarl|Grimmsnarl, L50, M|100/100
|turn|1
|
|t:|1783556021
|move|p2b: Grimmsnarl|Fake Out|p1b: Greninja
|-damage|p1b: Greninja|84/100
|cant|p1b: Greninja|flinch
|-formechange|p1a: Aegislash|Aegislash-Blade|
|move|p1a: Aegislash|Rock Slide|p2a: Sylveon|[spread] p2a,p2b
|-damage|p2a: Sylveon|83/100
|-damage|p2b: Grimmsnarl|79/100
|cant|p2a: Sylveon|flinch
|
|-heal|p2a: Sylveon|90/100|[from] item: Leftovers
|upkeep
|turn|2
|
|t:|1783556054
|move|p2b: Grimmsnarl|Scary Face|p1a: Aegislash
|-unboost|p1a: Aegislash|spe|2
|move|p1b: Greninja|Liquidation|p2b: Grimmsnarl
|-start|p1b: Greninja|typechange|Water|[from] ability: Protean
|-damage|p2b: Grimmsnarl|48/100
|move|p2a: Sylveon|Wish|p2a: Sylveon
|move|p1a: Aegislash|Rock Slide|p2b: Grimmsnarl|[spread] p2a,p2b
|-damage|p2a: Sylveon|74/100
|-damage|p2b: Grimmsnarl|27/100
|
|-heal|p2a: Sylveon|80/100|[from] item: Leftovers
|upkeep
|turn|3
|
|t:|1783556105
|move|p1b: Greninja|Quick Attack|p2b: Grimmsnarl
|-damage|p2b: Grimmsnarl|17/100
|move|p2a: Sylveon|Calm Mind|p2a: Sylveon
|-boost|p2a: Sylveon|spa|1
|-boost|p2a: Sylveon|spd|1
|move|p2b: Grimmsnarl|Spirit Break|p1b: Greninja
|-damage|p1b: Greninja|42/100
|-unboost|p1b: Greninja|spa|1
|move|p1a: Aegislash|Rock Slide|p2a: Sylveon|[spread] p2a,p2b
|-damage|p2a: Sylveon|65/100
|-damage|p2b: Grimmsnarl|0 fnt
|faint|p2b: Grimmsnarl
|
|-heal|p2a: Sylveon|100/100|[from] move: Wish|[wisher] Sylveon
|upkeep
|
|t:|1783556117
|switch|p2b: Whimsicott|Whimsicott, L50, M|100/100
|turn|4
|
|t:|1783556149
|move|p2b: Whimsicott|Protect|p2b: Whimsicott
|-singleturn|p2b: Whimsicott|Protect
|move|p1b: Greninja|Flip Turn|p2a: Sylveon
|-damage|p2a: Sylveon|81/100
|
|t:|1783556163
|switch|p1b: Ditto|Ditto, L50, shiny|100/100|[from] Flip Turn
|-transform|p1b: Ditto|p2a: Sylveon|[from] ability: Imposter
|move|p2a: Sylveon|Hyper Voice|p1b: Ditto|[spread] p1a,p1b
|-resisted|p1a: Aegislash|1
|-damage|p1a: Aegislash|58/100
|-damage|p1b: Ditto|65/100
|move|p1a: Aegislash|Air Slash|p2b: Whimsicott
|-activate|p2b: Whimsicott|move: Protect
|
|-heal|p2a: Sylveon|87/100|[from] item: Leftovers
|-heal|p1a: Aegislash|65/100|[from] item: Leftovers
|upkeep
|turn|5
|
|t:|1783556197
|move|p2b: Whimsicott|Tailwind|p2b: Whimsicott
|-sidestart|p2: twilightgaming|move: Tailwind
|move|p2a: Sylveon|Hyper Voice|p1a: Aegislash|[spread] p1a,p1b
|-resisted|p1a: Aegislash|1
|-damage|p1a: Aegislash|24/100
|-damage|p1b: Ditto|32/100
|move|p1b: Ditto|Hyper Voice|p2b: Whimsicott|[spread] p2a,p2b
|-damage|p2a: Sylveon|65/100
|-damage|p2b: Whimsicott|44/100
|move|p1a: Aegislash|Air Slash|p2b: Whimsicott
|-supereffective|p2b: Whimsicott|1
|-damage|p2b: Whimsicott|0 fnt
|faint|p2b: Whimsicott
|
|-heal|p2a: Sylveon|71/100|[from] item: Leftovers
|-heal|p1a: Aegislash|30/100|[from] item: Leftovers
|upkeep
|
|t:|1783556204
|switch|p2b: Staraptor|Staraptor, L50, F, shiny|100/100
|-ability|p2b: Staraptor|Intimidate|boost
|-unboost|p1a: Aegislash|atk|1
|-unboost|p1b: Ditto|atk|1
|turn|6
|
|t:|1783556247
|move|p2b: Staraptor|Protect|p2b: Staraptor
|-singleturn|p2b: Staraptor|Protect
|move|p2a: Sylveon|Hyper Voice|p1b: Ditto|[spread] p1a,p1b
|-resisted|p1a: Aegislash|1
|-damage|p1a: Aegislash|0 fnt
|-damage|p1b: Ditto|1/100
|faint|p1a: Aegislash
|move|p1b: Ditto|Hyper Voice|p2a: Sylveon|[spread] p2a
|-activate|p2b: Staraptor|move: Protect
|-damage|p2a: Sylveon|49/100
|
|-heal|p2a: Sylveon|55/100|[from] item: Leftovers
|upkeep
|
|t:|1783556276
|switch|p1a: Annihilape|Annihilape, L50, M, shiny|100/100
|turn|7
|
|t:|1783556295
|detailschange|p2b: Staraptor|Staraptor-Mega, L50, F, shiny
|-mega|p2b: Staraptor|Staraptor|Staraptite
|move|p2b: Staraptor|Brave Bird|p1a: Annihilape
|-supereffective|p1a: Annihilape|1
|-damage|p1a: Annihilape|0 fnt
|faint|p1a: Annihilape
|-damage|p2b: Staraptor|66/100|[from] Recoil
|move|p2a: Sylveon|Hyper Voice|p1b: Ditto
|-damage|p1b: Ditto|0 fnt
|faint|p1b: Ditto
|
|-heal|p2a: Sylveon|61/100|[from] item: Leftovers
|upkeep
|
|t:|1783556328
|switch|p1a: Greninja|Greninja, L50, M, shiny|42/100
|turn|8
|
|t:|1783556338
|move|p2b: Staraptor|Close Combat|p1a: Greninja
|-supereffective|p1a: Greninja|1
|-damage|p1a: Greninja|0 fnt
|-boost|p2b: Staraptor|def|1
|-boost|p2b: Staraptor|spd|1
|faint|p1a: Greninja
|
|win|twilightgaming
|c|☆Baxter1357924680|ggwp
|c|☆twilightgaming|ggs
