|j|☆puigdoubleplay
|j|☆emailinspector373
|html|puigdoubleplayemailinspector373    
|uhtml|bestof|Game 2 of a best-of-3
|t:|1785354236
|gametype|doubles
|player|p1|puigdoubleplay|waiter-gen4dp|1492
|player|p2|emailinspector373|cilan|1574
|gen|9
|tier|[Gen 9 Champions] VGC 2026 Reg M-B (Bo3)
|rated|
|rule|Species Clause: Limit one of each Pokémon
|rule|Item Clause: Limit 1 of each item
|clearpoke
|poke|p1|Charizard, L50, M|
|poke|p1|Floette-Eternal, L50, F|
|poke|p1|Basculegion, L50, M|
|poke|p1|Whimsicott, L50, F|
|poke|p1|Garchomp, L50, M|
|poke|p1|Kingambit, L50, M|
|poke|p2|Froslass, L50, F|
|poke|p2|Basculegion, L50, M|
|poke|p2|Kingambit, L50, M|
|poke|p2|Sneasler, L50, F|
|poke|p2|Lycanroc-Dusk, L50, M|
|poke|p2|Scovillain, L50, M|
|teampreview|4
|showteam|p1|Charizard||CharizarditeY|Blaze|HeatWave,SolarBeam,Protect,WeatherBall|Modest||M|||50|]Floette-Eternal||Floettite|FlowerVeil|Moonblast,DazzlingGleam,LightofRuin,Protect|Timid||F|||50|]Basculegion||LifeOrb|Adaptability|WaveCrash,AquaJet,Protect,LastRespects|Adamant||M|||50|]Whimsicott||FocusSash|Prankster|Moonblast,Tailwind,Protect,Encore|Timid||F|||50|]Garchomp||SitrusBerry|RoughSkin|RockTomb,DragonClaw,Protect,Earthquake|Adamant||M|||50|]Kingambit||ChopleBerry|Defiant|KowtowCleave,IronHead,SuckerPunch,LowKick|Adamant||M|||50|
|showteam|p2|Froslass||Froslassite|CursedBody|Blizzard,ShadowBall,AuroraVeil,Protect|Modest||F|||50|]Basculegion||SitrusBerry|Adaptability|WaveCrash,LastRespects,AquaJet,Protect|Adamant||M|||50|]Kingambit||BlackGlasses|Defiant|KowtowCleave,SuckerPunch,SwordsDance,Protect|Adamant||M|||50|]Sneasler||WhiteHerb|Unburden|CloseCombat,GunkShot,Protect,FakeOut|Adamant||F|||50|]Lycanroc-Dusk||FocusSash|ToughClaws|CloseCombat,Accelerock,RockSlide,Protect|Adamant||M|||50|]Scovillain||Scovillainite|Moody|GigaDrain,Overheat,RagePowder,Protect|Bold||M|||50|
|inactive|Battle timer is ON: inactive players will automatically lose when time's up. (requested by puigdoubleplay)
|
|t:|1785354246
|teamsize|p1|4
|teamsize|p2|4
|start
|switch|p1a: Whimsicott|Whimsicott, L50, F|100/100
|switch|p1b: Floette|Floette-Eternal, L50, F|100/100
|switch|p2a: Froslass|Froslass, L50, F|100/100
|switch|p2b: Sneasler|Sneasler, L50, F|100/100
|turn|1
|
|t:|1785354261
|detailschange|p2a: Froslass|Froslass-Mega, L50, F
|-mega|p2a: Froslass|Froslass|Froslassite
|-weather|Snowscape|[from] ability: Snow Warning|[of] p2a: Froslass
|detailschange|p1b: Floette|Floette-Mega, L50, F
|-mega|p1b: Floette|Floette|Floettite
|-ability|p1b: Floette|Fairy Aura
|move|p1a: Whimsicott|Tailwind|p1a: Whimsicott
|-sidestart|p1: puigdoubleplay|move: Tailwind
|move|p1b: Floette|Moonblast|p2b: Sneasler
|-damage|p2b: Sneasler|8/100
|move|p2a: Froslass|Aurora Veil|p2a: Froslass
|-sidestart|p2: emailinspector373|move: Aurora Veil
|move|p2b: Sneasler|Gunk Shot|p1b: Floette|[miss]
|-miss|p2b: Sneasler|p1b: Floette
|
|-weather|Snowscape|[upkeep]
|upkeep
|turn|2
|
|t:|1785354285
|switch|p2a: Kingambit|Kingambit, L50, M|100/100
|move|p1a: Whimsicott|Encore|p2a: Kingambit
|-hint|Since gen 7, Dark is immune to Prankster moves.
|-immune|p2a: Kingambit
|move|p1b: Floette|Dazzling Gleam|p2b: Sneasler|[spread] p2a,p2b
|-damage|p2a: Kingambit|69/100
|-damage|p2b: Sneasler|0 fnt
|faint|p2b: Sneasler
|
|-weather|Snowscape|[upkeep]
|upkeep
|
|t:|1785354289
|switch|p2b: Froslass|Froslass-Mega, L50, F|100/100
|turn|3
|
|t:|1785354307
|move|p2a: Kingambit|Protect|p2a: Kingambit
|-singleturn|p2a: Kingambit|Protect
|move|p1a: Whimsicott|Moonblast|p2b: Froslass
|-damage|p2b: Froslass|64/100
|move|p1b: Floette|Dazzling Gleam|p2a: Kingambit|[spread] p2b
|-activate|p2a: Kingambit|move: Protect
|-damage|p2b: Froslass|33/100
|move|p2b: Froslass|Blizzard|p1a: Whimsicott|[spread] p1a,p1b
|-supereffective|p1a: Whimsicott|1
|-enditem|p1a: Whimsicott|Focus Sash
|-damage|p1a: Whimsicott|1/100
|-damage|p1b: Floette|60/100
|
|-weather|Snowscape|[upkeep]
|upkeep
|turn|4
|
|t:|1785354322
|move|p1a: Whimsicott|Protect|p1a: Whimsicott
|-singleturn|p1a: Whimsicott|Protect
|move|p1b: Floette|Moonblast|p2b: Froslass
|-damage|p2b: Froslass|0 fnt
|faint|p2b: Froslass
|move|p2a: Kingambit|Swords Dance|p2a: Kingambit
|-boost|p2a: Kingambit|atk|2
|
|-weather|Snowscape|[upkeep]
|-sideend|p1: puigdoubleplay|move: Tailwind
|upkeep
|
|t:|1785354325
|switch|p2b: Lycanroc|Lycanroc-Dusk, L50, M|100/100
|turn|5
|
|t:|1785354335
|move|p1a: Whimsicott|Tailwind|p1a: Whimsicott
|-sidestart|p1: puigdoubleplay|move: Tailwind
|move|p2b: Lycanroc|Accelerock|p1a: Whimsicott
|-damage|p1a: Whimsicott|0 fnt
|faint|p1a: Whimsicott
|move|p2a: Kingambit|Sucker Punch|p1b: Floette
|-resisted|p1b: Floette|1
|-damage|p1b: Floette|0 fnt
|faint|p1b: Floette
|
|-weather|none
|-sideend|p2: emailinspector373|move: Aurora Veil
|upkeep
|
|t:|1785354341
|switch|p1a: Basculegion|Basculegion, L50, M|100/100
|switch|p1b: Kingambit|Kingambit, L50, M|100/100
|turn|6
|
|t:|1785354358
|move|p2b: Lycanroc|Protect|p2b: Lycanroc
|-singleturn|p2b: Lycanroc|Protect
|move|p1a: Basculegion|Aqua Jet|p2b: Lycanroc
|-activate|p2b: Lycanroc|move: Protect
|move|p1b: Kingambit|Iron Head|p2b: Lycanroc
|-activate|p2b: Lycanroc|move: Protect
|move|p2a: Kingambit|Kowtow Cleave|p1a: Basculegion
|-supereffective|p1a: Basculegion|1
|-damage|p1a: Basculegion|0 fnt
|faint|p1a: Basculegion
|
|upkeep
|turn|7
|
|t:|1785354365
|move|p1b: Kingambit|Low Kick|p2a: Kingambit
|-supereffective|p2a: Kingambit|2
|-crit|p2a: Kingambit
|-damage|p2a: Kingambit|0 fnt
|faint|p2a: Kingambit
|move|p2b: Lycanroc|Close Combat|p1b: Kingambit
|-supereffective|p1b: Kingambit|2
|-enditem|p1b: Kingambit|Chople Berry|[eat]
|-enditem|p1b: Kingambit|Chople Berry|[weaken]
|-damage|p1b: Kingambit|3/100
|-unboost|p2b: Lycanroc|def|1
|-unboost|p2b: Lycanroc|spd|1
|
|upkeep
|turn|8
|-message|puigdoubleplay forfeited.
|raw|puigdoubleplay's rating: 1492 → 1477(-15 for losing)
|raw|emailinspector373's rating: 1574 → 1589(+15 for winning)
|
|win|emailinspector373
|l|☆puigdoubleplay
|player|p1|
