|j|☆lorycana_
|j|☆clawara
|html|lorycana_clawara    
|uhtml|bestof|Game 3 of a best-of-3
|t:|1757006863
|gametype|doubles
|player|p1|lorycana_|102|1223
|player|p2|clawara|265|1112
|gen|9
|tier|[Gen 9] VGC 2025 Reg H (Bo3)
|rated|
|rule|Species Clause: Limit one of each Pokémon
|rule|Item Clause: Limit 1 of each item
|clearpoke
|poke|p1|Incineroar, L50, M|
|poke|p1|Pelipper, L50, F|
|poke|p1|Basculegion, L50, M|
|poke|p1|Amoonguss, L50, M|
|poke|p1|Maushold-Four, L50|
|poke|p1|Archaludon, L50, M|
|poke|p2|Politoed, L50, M|
|poke|p2|Gothitelle, L50, F|
|poke|p2|Incineroar, L50, M|
|poke|p2|Amoonguss, L50, M|
|poke|p2|Kingdra, L50, F|
|poke|p2|Archaludon, L50, F|
|teampreview|4
|showteam|p1|Incineroar||SafetyGoggles|Intimidate|FakeOut,FlareBlitz,KnockOff,PartingShot|||M|||50|,,,,,Ghost]Pelipper||FocusSash|Drizzle|Hurricane,WeatherBall,Tailwind,Protect|||F|||50|,,,,,Ghost]Basculegion||MysticWater|SwiftSwim|Protect,WaveCrash,AquaJet,LastRespects|||M|||50|,,,,,Water]Amoonguss||SitrusBerry|Regenerator|Spore,RagePowder,PollenPuff,ClearSmog|||M|||50|,,,,,Water]Maushold-Four||WideLens|Technician|PopulationBomb,FollowMe,Taunt,Protect||||||50|,,,,,Grass]Archaludon||AssaultVest|Stamina|ElectroShot,DragonPulse,FlashCannon,BodyPress|||M|||50|,,,,,Grass
|showteam|p2|Politoed||Leftovers|Drizzle|Protect,WeatherBall,PerishSong,Encore|||M|||50|,,,,,Grass]Gothitelle||SitrusBerry|ShadowTag|Protect,Psychic,FakeOut,TrickRoom|||F|||50|,,,,,Dark]Incineroar||SafetyGoggles|Intimidate|Protect,KnockOff,FakeOut,PartingShot|||M|||50|,,,,,Ghost]Amoonguss||EjectButton|Regenerator|Protect,RagePowder,PollenPuff,Spore|||M|||50|,,,,,Fairy]Kingdra||LifeOrb|SwiftSwim|Protect,WeatherBall,DracoMeteor,MuddyWater|||F|||50|,,,,,Stellar]Archaludon||PowerHerb|Sturdy|Protect,ElectroShot,DragonPulse,FlashCannon|||F|||50|,,,,,Electric
|inactive|Battle timer is ON: inactive players will automatically lose when time's up. (requested by lorycana_)
|inactive|clawara has 60 seconds left.
|inactive|clawara has 30 seconds left.
|inactive|clawara has 20 seconds left.
|
|t:|1757006939
|teamsize|p1|4
|teamsize|p2|4
|start
|switch|p1a: Pelipper|Pelipper, L50, F|100/100
|switch|p1b: Archaludon|Archaludon, L50, M|100/100
|switch|p2a: Politoed|Politoed, L50, M|100/100
|switch|p2b: Amoonguss|Amoonguss, L50, M|100/100
|-weather|RainDance|[from] ability: Drizzle|[of] p1a: Pelipper
|turn|1
|inactive|lorycana_ has 30 seconds left.
|
|t:|1757006964
|-terastallize|p1b: Archaludon|Grass
|move|p2b: Amoonguss|Rage Powder|p2b: Amoonguss
|-singleturn|p2b: Amoonguss|move: Rage Powder
|move|p1a: Pelipper|Hurricane|p2b: Amoonguss
|-supereffective|p2b: Amoonguss
|-damage|p2b: Amoonguss|15/100
|-start|p2b: Amoonguss|confusion
|-enditem|p2b: Amoonguss|Eject Button
|
|t:|1757006972
|switch|p2b: Gothitelle|Gothitelle, L50, F|100/100
|move|p1b: Archaludon|Electro Shot||[still]
|-prepare|p1b: Archaludon|Electro Shot
|-boost|p1b: Archaludon|spa|1
|-anim|p1b: Archaludon|Electro Shot|p2b: Gothitelle
|-crit|p2b: Gothitelle
|-damage|p2b: Gothitelle|29/100
|-enditem|p2b: Gothitelle|Sitrus Berry|[eat]
|-heal|p2b: Gothitelle|54/100|[from] item: Sitrus Berry
|move|p2a: Politoed|Perish Song|p2a: Politoed
|-start|p1a: Pelipper|perish3|[silent]
|-start|p1b: Archaludon|perish3|[silent]
|-start|p2a: Politoed|perish3|[silent]
|-start|p2b: Gothitelle|perish3|[silent]
|-fieldactivate|move: Perish Song
|
|-weather|RainDance|[upkeep]
|-start|p1a: Pelipper|perish3
|-start|p1b: Archaludon|perish3
|-start|p2a: Politoed|perish3
|-start|p2b: Gothitelle|perish3
|upkeep
|turn|2
|inactive|clawara has 30 seconds left.
|inactive|clawara has 20 seconds left.
|inactive|clawara has 15 seconds left.
|
|t:|1757007013
|switch|p2a: Amoonguss|Amoonguss, L50, M|48/100
|move|p2b: Gothitelle|Fake Out|p1b: Archaludon
|-damage|p1b: Archaludon|96/100
|-ability|p1b: Archaludon|Stamina|boost
|-boost|p1b: Archaludon|def|1
|move|p1a: Pelipper|Hurricane|p2a: Amoonguss
|-supereffective|p2a: Amoonguss
|-damage|p2a: Amoonguss|0 fnt
|faint|p2a: Amoonguss
|cant|p1b: Archaludon|flinch
|
|-weather|RainDance|[upkeep]
|-start|p1a: Pelipper|perish2
|-start|p1b: Archaludon|perish2
|-start|p2b: Gothitelle|perish2
|upkeep
|
|t:|1757007034
|switch|p2a: Archaludon|Archaludon, L50, F|100/100
|turn|3
|
|t:|1757007054
|move|p2b: Gothitelle|Protect|p2b: Gothitelle
|-singleturn|p2b: Gothitelle|Protect
|move|p2a: Archaludon|Electro Shot||[still]
|-prepare|p2a: Archaludon|Electro Shot
|-boost|p2a: Archaludon|spa|1
|-anim|p2a: Archaludon|Electro Shot|p1a: Pelipper
|-supereffective|p1a: Pelipper
|-enditem|p1a: Pelipper|Focus Sash
|-damage|p1a: Pelipper|1/100
|move|p1a: Pelipper|Hurricane|p2b: Gothitelle
|-activate|p2b: Gothitelle|move: Protect
|move|p1b: Archaludon|Electro Shot||[still]
|-prepare|p1b: Archaludon|Electro Shot
|-boost|p1b: Archaludon|spa|1
|-anim|p1b: Archaludon|Electro Shot|p2b: Gothitelle
|-activate|p2b: Gothitelle|move: Protect
|
|-weather|RainDance|[upkeep]
|-start|p1a: Pelipper|perish1
|-start|p1b: Archaludon|perish1
|-start|p2b: Gothitelle|perish1
|upkeep
|turn|4
|inactive|lorycana_ has 30 seconds left.
|
|t:|1757007082
|move|p2a: Archaludon|Protect|p2a: Archaludon
|-singleturn|p2a: Archaludon|Protect
|move|p1a: Pelipper|Tailwind|p1a: Pelipper
|-sidestart|p1: lorycana_|move: Tailwind
|move|p1b: Archaludon|Dragon Pulse|p2a: Archaludon
|-activate|p2a: Archaludon|move: Protect
|move|p2b: Gothitelle|Psychic|p1a: Pelipper
|-damage|p1a: Pelipper|0 fnt
|faint|p1a: Pelipper
|
|-weather|RainDance|[upkeep]
|-start|p1b: Archaludon|perish0
|-start|p2b: Gothitelle|perish0
|faint|p1b: Archaludon
|faint|p2b: Gothitelle
|upkeep
|
|t:|1757007099
|switch|p1a: Basculegion|Basculegion, L50, M|100/100
|switch|p1b: Incineroar|Incineroar, L50, M|100/100
|switch|p2b: Politoed|Politoed, L50, M|100/100
|-ability|p1b: Incineroar|Intimidate|boost
|-unboost|p2a: Archaludon|atk|1
|-unboost|p2b: Politoed|atk|1
|turn|5
|
|t:|1757007116
|move|p2a: Archaludon|Protect||[still]
|-fail|p2a: Archaludon
|move|p2b: Politoed|Protect|p2b: Politoed
|-singleturn|p2b: Politoed|Protect
|move|p1b: Incineroar|Fake Out|p2a: Archaludon
|-resisted|p2a: Archaludon
|-damage|p2a: Archaludon|95/100
|move|p1a: Basculegion|Last Respects|p2a: Archaludon
|-damage|p2a: Archaludon|22/100
|
|-weather|none
|upkeep
|turn|6
|
|t:|1757007136
|move|p2a: Archaludon|Protect|p2a: Archaludon
|-singleturn|p2a: Archaludon|Protect
|move|p1a: Basculegion|Last Respects|p2a: Archaludon
|-activate|p2a: Archaludon|move: Protect
|move|p1b: Incineroar|Knock Off|p2b: Politoed
|-damage|p2b: Politoed|48/100
|-enditem|p2b: Politoed|Leftovers|[from] move: Knock Off|[of] p1b: Incineroar
|move|p2b: Politoed|Encore|p1b: Incineroar
|-start|p1b: Incineroar|Encore
|
|upkeep
|turn|7
|inactive|clawara has 30 seconds left.
|
|t:|1757007170
|move|p2a: Archaludon|Protect|p2a: Archaludon
|-singleturn|p2a: Archaludon|Protect
|move|p1a: Basculegion|Last Respects|p2a: Archaludon
|-activate|p2a: Archaludon|move: Protect
|move|p1b: Incineroar|Knock Off|p2b: Politoed
|-crit|p2b: Politoed
|-damage|p2b: Politoed|0 fnt
|faint|p2b: Politoed
|
|-sideend|p1: lorycana_|move: Tailwind
|upkeep
|turn|8
|
|t:|1757007184
|move|p2a: Archaludon|Electro Shot||[still]
|-prepare|p2a: Archaludon|Electro Shot
|-boost|p2a: Archaludon|spa|1
|-enditem|p2a: Archaludon|Power Herb
|-anim|p2a: Archaludon|Electro Shot|p1a: Basculegion
|-supereffective|p1a: Basculegion
|-damage|p1a: Basculegion|0 fnt
|faint|p1a: Basculegion
|move|p1b: Incineroar|Knock Off|p2a: Archaludon
|-damage|p2a: Archaludon|0 fnt
|faint|p2a: Archaludon
|
|win|lorycana_
|raw|lorycana_'s rating: 1223 → 1240(+17 for winning)
|raw|clawara's rating: 1112 → 1095(-17 for losing)
