|j|☆tk_feenix
|j|☆Axel.Otto
|html|tk_feenixAxel.Otto    
|uhtml|bestof|Game 1 of a best-of-3
|t:|1756985750
|gametype|doubles
|player|p1|tk_feenix|169|1081
|player|p2|Axel.Otto|170|1000
|gen|9
|tier|[Gen 9] VGC 2025 Reg H (Bo3)
|rated|
|rule|Species Clause: Limit one of each Pokémon
|rule|Item Clause: Limit 1 of each item
|clearpoke
|poke|p1|Archaludon, L50, F|
|poke|p1|Gholdengo, L50|
|poke|p1|Pelipper, L50, M|
|poke|p1|Ursaluna, L50, M|
|poke|p1|Sinistcha, L50|
|poke|p1|Dragonite, L50, F|
|poke|p2|Dragonite, L50, M|
|poke|p2|Gholdengo, L50|
|poke|p2|Ursaluna-Bloodmoon, L50, M|
|poke|p2|Rillaboom, L50, F|
|poke|p2|Maushold-Four, L50|
|poke|p2|Annihilape, L50, F|
|teampreview|4
|showteam|p1|Archaludon||AssaultVest|Stamina|FlashCannon,ElectroShot,BodyPress,Snarl|||F|||50|,,,,,Fighting]Gholdengo||ChoiceScarf|GoodasGold|MakeItRain,ShadowBall,ThunderWave,Trick||||||50|,,,,,Flying]Pelipper||SafetyGoggles|Drizzle|WeatherBall,Hurricane,Tailwind,Protect|||M|||50|,,,,,Steel]Ursaluna||FlameOrb|Guts|Facade,HeadlongRush,Earthquake,Protect|||M|||50|,,,,,Dragon]Sinistcha||SitrusBerry|Hospitality|MatchaGotcha,LifeDew,RagePowder,TrickRoom||||||50|,,,,,Fire]Dragonite||LoadedDice|Multiscale|ScaleShot,Tailwind,Haze,Protect|||F|||50|,,,,,Fairy
|showteam|p2|Dragonite||LoadedDice|Multiscale|Tailwind,Haze,Protect,ScaleShot|||M|||50|,,,,,Fairy]Gholdengo||LifeOrb|GoodasGold|MakeItRain,ShadowBall,NastyPlot,Protect||||||50|,,,,,Water]Ursaluna-Bloodmoon||AssaultVest|MindsEye|BloodMoon,EarthPower,HyperVoice,VacuumWave|||M|||50|,,,,,Water]Rillaboom||MiracleSeed|GrassySurge|WoodHammer,GrassyGlide,FakeOut,HighHorsepower|||F|||50|,,,,,Fire]Maushold-Four||FocusSash|FriendGuard|SuperFang,FollowMe,BeatUp,Protect||||||50|,,,,,Ghost]Annihilape||SitrusBerry|Defiant|RageFist,DrainPunch,BulkUp,Protect|||F|||50|,,,,,Fire
|inactive|Battle timer is ON: inactive players will automatically lose when time's up. (requested by tk_feenix)
|inactive|tk_feenix has 60 seconds left.
|
|t:|1756985788
|teamsize|p1|4
|teamsize|p2|4
|start
|switch|p1a: Gholdengo|Gholdengo, L50|100/100
|switch|p1b: Sinistcha|Sinistcha, L50|100/100
|switch|p2a: Dragonite|Dragonite, L50, M|100/100
|switch|p2b: Maushold|Maushold-Four, L50|100/100
|turn|1
|inactive|tk_feenix has 30 seconds left.
|inactive|tk_feenix has 20 seconds left.
|inactive|tk_feenix has 15 seconds left.
|inactive|tk_feenix has 10 seconds left.
|
|t:|1756985836
|move|p2b: Maushold|Follow Me|p2b: Maushold
|-singleturn|p2b: Maushold|move: Follow Me
|move|p1a: Gholdengo|Make It Rain|p2a: Dragonite|[spread] p2a,p2b
|-damage|p2a: Dragonite|88/100
|-damage|p2b: Maushold|32/100
|-unboost|p1a: Gholdengo|spa|1
|move|p2a: Dragonite|Tailwind|p2a: Dragonite
|-sidestart|p2: Axel.Otto|move: Tailwind
|move|p1b: Sinistcha|Trick Room|p1b: Sinistcha
|-fieldstart|move: Trick Room|[of] p1b: Sinistcha
|
|upkeep
|turn|2
|inactive|tk_feenix has 30 seconds left.
|
|t:|1756985862
|switch|p1b: Ursaluna|Ursaluna, L50, M|100/100
|move|p2b: Maushold|Protect|p2b: Maushold
|-singleturn|p2b: Maushold|Protect
|move|p2a: Dragonite|Scale Shot|p1b: Ursaluna
|-damage|p1b: Ursaluna|92/100
|-damage|p1b: Ursaluna|84/100
|-damage|p1b: Ursaluna|75/100
|-damage|p1b: Ursaluna|66/100
|-hitcount|p1b: Ursaluna|4
|-unboost|p2a: Dragonite|def|1
|-boost|p2a: Dragonite|spe|1
|move|p1a: Gholdengo|Make It Rain|p2b: Maushold|[spread] p2a
|-activate|p2b: Maushold|move: Protect
|-damage|p2a: Dragonite|71/100
|-unboost|p1a: Gholdengo|spa|1
|
|-status|p1b: Ursaluna|brn|[from] item: Flame Orb
|upkeep
|turn|3
|inactive|Axel.Otto has 30 seconds left.
|inactive|Axel.Otto has 20 seconds left.
|
|t:|1756985897
|switch|p1a: Sinistcha|Sinistcha, L50|100/100
|-heal|p1b: Ursaluna|91/100 brn|[from] ability: Hospitality|[of] p1a: Sinistcha
|move|p1b: Ursaluna|Facade|p2b: Maushold
|-damage|p2b: Maushold|0 fnt
|faint|p2b: Maushold
|move|p2a: Dragonite|Scale Shot|p1a: Sinistcha|[miss]
|-miss|p2a: Dragonite|p1a: Sinistcha
|
|-damage|p1b: Ursaluna|85/100 brn|[from] brn
|upkeep
|
|t:|1756985909
|switch|p2b: Ursaluna|Ursaluna-Bloodmoon, L50, M|100/100
|turn|4
|inactive|tk_feenix has 30 seconds left.
|
|t:|1756985935
|move|p2b: Ursaluna|Vacuum Wave|p1b: Ursaluna
|-supereffective|p1b: Ursaluna
|-damage|p1b: Ursaluna|53/100 brn
|move|p1b: Ursaluna|Facade|p2a: Dragonite
|-damage|p2a: Dragonite|0 fnt
|faint|p2a: Dragonite
|move|p1a: Sinistcha|Matcha Gotcha|p2b: Ursaluna
|-supereffective|p2b: Ursaluna
|-damage|p2b: Ursaluna|49/100
|
|-damage|p1b: Ursaluna|48/100 brn|[from] brn
|-sideend|p2: Axel.Otto|move: Tailwind
|upkeep
|
|t:|1756985945
|switch|p2a: Rillaboom|Rillaboom, L50, F, shiny|100/100
|-fieldstart|move: Grassy Terrain|[from] ability: Grassy Surge|[of] p2a: Rillaboom
|turn|5
|inactive|tk_feenix has 30 seconds left.
|
|t:|1756985971
|switch|p1b: Pelipper|Pelipper, L50, M|100/100
|-weather|RainDance|[from] ability: Drizzle|[of] p1b: Pelipper
|move|p2a: Rillaboom|Grassy Glide|p1b: Pelipper
|-damage|p1b: Pelipper|52/100
|move|p2b: Ursaluna|Blood Moon|p1a: Sinistcha
|-damage|p1a: Sinistcha|24/100
|-enditem|p1a: Sinistcha|Sitrus Berry|[eat]
|-heal|p1a: Sinistcha|49/100|[from] item: Sitrus Berry
|move|p1a: Sinistcha|Matcha Gotcha|p2b: Ursaluna|[spread] p2a,p2b
|-resisted|p2a: Rillaboom
|-supereffective|p2b: Ursaluna
|-damage|p2a: Rillaboom|80/100
|-heal|p1a: Sinistcha|59/100|[from] drain|[of] p2a: Rillaboom
|-damage|p2b: Ursaluna|2/100
|-heal|p1a: Sinistcha|88/100|[from] drain|[of] p2b: Ursaluna
|-status|p2b: Ursaluna|brn
|
|-weather|RainDance|[upkeep]
|-heal|p2b: Ursaluna|8/100 brn|[from] Grassy Terrain
|-heal|p1a: Sinistcha|94/100|[from] Grassy Terrain
|-heal|p2a: Rillaboom|86/100|[from] Grassy Terrain
|-damage|p2b: Ursaluna|2/100 brn|[from] brn
|-fieldend|move: Trick Room
|upkeep
|turn|6
|inactive|tk_feenix has 30 seconds left.
|inactive|Axel.Otto has 30 seconds left.
|inactive|tk_feenix has 20 seconds left.
|inactive|Axel.Otto has 20 seconds left.
|inactive|tk_feenix has 15 seconds left.
|inactive|tk_feenix has 10 seconds left.
|inactive|tk_feenix has 5 seconds left.
|
|t:|1756986022
|move|p1b: Pelipper|Protect|p1b: Pelipper
|-singleturn|p1b: Pelipper|Protect
|move|p2a: Rillaboom|Grassy Glide|p1b: Pelipper
|-activate|p1b: Pelipper|move: Protect
|move|p1a: Sinistcha|Life Dew|p1a: Sinistcha|[spread] p1a,p1b
|-heal|p1a: Sinistcha|100/100
|-heal|p1b: Pelipper|77/100
|move|p2b: Ursaluna|Hyper Voice|p1b: Pelipper|[spread] p1a
|-activate|p1b: Pelipper|move: Protect
|-damage|p1a: Sinistcha|67/100
|
|-weather|RainDance|[upkeep]
|-heal|p2a: Rillaboom|91/100|[from] Grassy Terrain
|-heal|p1a: Sinistcha|73/100|[from] Grassy Terrain
|-heal|p2b: Ursaluna|8/100 brn|[from] Grassy Terrain
|-damage|p2b: Ursaluna|2/100 brn|[from] brn
|upkeep
|turn|7
|inactive|Axel.Otto has 30 seconds left.
|inactive|Axel.Otto has 20 seconds left.
|
|t:|1756986060
|-terastallize|p2a: Rillaboom|Fire
|move|p2b: Ursaluna|Vacuum Wave|p1b: Pelipper
|-resisted|p1b: Pelipper
|-damage|p1b: Pelipper|68/100
|move|p2a: Rillaboom|High Horsepower|p1a: Sinistcha
|-resisted|p1a: Sinistcha
|-damage|p1a: Sinistcha|58/100
|move|p1a: Sinistcha|Matcha Gotcha|p2a: Rillaboom|[spread] p2a,p2b
|-resisted|p2a: Rillaboom
|-supereffective|p2b: Ursaluna
|-damage|p2a: Rillaboom|70/100
|-heal|p1a: Sinistcha|68/100|[from] drain|[of] p2a: Rillaboom
|-damage|p2b: Ursaluna|0 fnt
|-heal|p1a: Sinistcha|69/100|[from] drain|[of] p2b: Ursaluna
|faint|p2b: Ursaluna
|move|p1b: Pelipper|Tailwind|p1b: Pelipper
|-sidestart|p1: tk_feenix|move: Tailwind
|
|-weather|RainDance|[upkeep]
|-heal|p1a: Sinistcha|76/100|[from] Grassy Terrain
|-heal|p2a: Rillaboom|75/100|[from] Grassy Terrain
|upkeep
|turn|8
|
|t:|1756986082
|switch|p1b: Ursaluna|Ursaluna, L50, M|48/100 brn
|move|p2a: Rillaboom|Grassy Glide|p1b: Ursaluna
|-supereffective|p1b: Ursaluna
|-damage|p1b: Ursaluna|0 fnt
|faint|p1b: Ursaluna
|move|p1a: Sinistcha|Life Dew|p1a: Sinistcha
|-heal|p1a: Sinistcha|100/100
|
|-weather|RainDance|[upkeep]
|-heal|p2a: Rillaboom|81/100|[from] Grassy Terrain
|upkeep
|-message|Axel.Otto forfeited.
|raw|tk_feenix's rating: 1081 → 1102(+21 for winning)
|raw|Axel.Otto's rating: 1000 → 1000(+0 for losing)
|
|win|tk_feenix
|l|☆Axel.Otto
|player|p2|
