|j|☆capspungo
|j|☆wait for swarley
|html|capspungowait for swarley    
|uhtml|bestof|Game 1 of a best-of-3
|t:|1757757595
|gametype|doubles
|player|p1|capspungo|1|1283
|player|p2|wait for swarley|volo|1392
|gen|9
|tier|[Gen 9] VGC 2025 Reg H (Bo3)
|rated|
|rule|Species Clause: Limit one of each Pokémon
|rule|Item Clause: Limit 1 of each item
|clearpoke
|poke|p1|Dragonite, L50, M|
|poke|p1|Ursaluna-Bloodmoon, L50, M|
|poke|p1|Annihilape, L50, F|
|poke|p1|Volcarona, L50, M|
|poke|p1|Rillaboom, L50, M|
|poke|p1|Incineroar, L50, M|
|poke|p2|Dachsbun, L50, M|
|poke|p2|Torkoal, L50, F|
|poke|p2|Typhlosion-Hisui, L50, F|
|poke|p2|Kingambit, L50, F|
|poke|p2|Rillaboom, L50, M|
|poke|p2|Zoroark-Hisui, L50, F|
|teampreview|4
|showteam|p1|Dragonite||LoadedDice|Multiscale|Protect,ScaleShot,Tailwind,Haze|||M|||50|,,,,,Steel]Ursaluna-Bloodmoon||FocusSash|MindsEye|Protect,BloodMoon,EarthPower,HyperVoice|||M|||50|,,,,,Normal]Annihilape||LumBerry|Defiant|Coaching,RageFist,CloseCombat,Taunt|||F|||50|,,,,,Fire]Volcarona||CovertCloak|FlameBody|Protect,QuiverDance,HeatWave,TeraBlast|||M|||50|,,,,,Fairy]Rillaboom||AssaultVest|GrassySurge|FakeOut,WoodHammer,GrassyGlide,HighHorsepower|||M|||50|,,,,,Fire]Incineroar||SafetyGoggles|Intimidate|FakeOut,PartingShot,FlareBlitz,KnockOff|||M|||50|,,,,,Ghost
|showteam|p2|Dachsbun||Leftovers|WellBakedBody|BodyPress,Snarl,Rest,Yawn|||M|||50|,,,,,Steel]Torkoal||SitrusBerry|Drought|WeatherBall,Eruption,LavaPlume,Protect|||F|||50|,,,,,Fire]Typhlosion-Hisui||ChoiceScarf|Blaze|Eruption,ShadowBall,LavaPlume,Overheat|||F|||50|,,,,,Dark]Kingambit||BlackGlasses|Defiant|SuckerPunch,Assurance,Protect,SwordsDance|||F|||50|,,,,,Dark]Rillaboom||AssaultVest|GrassySurge|FakeOut,GrassyGlide,WoodHammer,Uturn|||M|||50|,,,,,Grass]Zoroark-Hisui||ChoiceSpecs|Illusion|IcyWind,BitterMalice,HyperVoice,HyperBeam|||F|||50|,,,,,Normal
|inactive|Battle timer is ON: inactive players will automatically lose when time's up. (requested by wait for swarley)
|
|t:|1757757636
|teamsize|p1|4
|teamsize|p2|4
|start
|switch|p1a: Dragonite|Dragonite, L50, M|100/100
|switch|p1b: Ursaluna|Ursaluna-Bloodmoon, L50, M|100/100
|switch|p2a: Typhlosion|Typhlosion-Hisui, L50, F|100/100
|switch|p2b: Dachsbun|Dachsbun, L50, M, shiny|100/100
|turn|1
|
|t:|1757757651
|move|p1b: Ursaluna|Protect|p1b: Ursaluna
|-singleturn|p1b: Ursaluna|Protect
|move|p2a: Typhlosion|Lava Plume|p1b: Ursaluna|[spread] p1a
|-activate|p1b: Ursaluna|move: Protect
|-ability|p2b: Dachsbun|Well-Baked Body|boost
|-boost|p2b: Dachsbun|def|2
|-resisted|p1a: Dragonite
|-damage|p1a: Dragonite|92/100
|move|p1a: Dragonite|Tailwind|p1a: Dragonite
|-sidestart|p1: capspungo|move: Tailwind
|move|p2b: Dachsbun|Body Press|p1b: Ursaluna
|-activate|p1b: Ursaluna|move: Protect
|
|upkeep
|turn|2
|inactive|capspungo has 30 seconds left.
|inactive|capspungo has 20 seconds left.
|inactive|capspungo has 15 seconds left.
|inactive|capspungo has 10 seconds left.
|
|t:|1757757698
|-terastallize|p1b: Ursaluna|Normal
|-terastallize|p2b: Dachsbun|Steel
|move|p1a: Dragonite|Scale Shot|p2b: Dachsbun
|-resisted|p2b: Dachsbun
|-damage|p2b: Dachsbun|97/100
|-resisted|p2b: Dachsbun
|-damage|p2b: Dachsbun|94/100
|-resisted|p2b: Dachsbun
|-damage|p2b: Dachsbun|91/100
|-resisted|p2b: Dachsbun
|-damage|p2b: Dachsbun|88/100
|-resisted|p2b: Dachsbun
|-damage|p2b: Dachsbun|84/100
|-hitcount|p2b: Dachsbun|5
|-unboost|p1a: Dragonite|def|1
|-boost|p1a: Dragonite|spe|1
|move|p1b: Ursaluna|Blood Moon|p2b: Dachsbun
|-resisted|p2b: Dachsbun
|-damage|p2b: Dachsbun|20/100
|move|p2a: Typhlosion|Lava Plume|p1a: Dragonite|[spread] p1a,p1b
|-ability|p2b: Dachsbun|Well-Baked Body|boost
|-boost|p2b: Dachsbun|def|2
|-resisted|p1a: Dragonite
|-damage|p1a: Dragonite|74/100
|-damage|p1b: Ursaluna|54/100
|-status|p1b: Ursaluna|brn
|move|p2b: Dachsbun|Body Press|p1b: Ursaluna
|-supereffective|p1b: Ursaluna
|-damage|p1b: Ursaluna|0 fnt
|faint|p1b: Ursaluna
|
|-heal|p2b: Dachsbun|26/100|[from] item: Leftovers
|upkeep
|
|t:|1757757716
|switch|p1b: Volcarona|Volcarona, L50, M|100/100
|turn|3
|inactive|wait for swarley has 30 seconds left.
|
|t:|1757757741
|move|p1a: Dragonite|Scale Shot|p2a: Typhlosion
|-damage|p2a: Typhlosion|80/100
|-damage|p2a: Typhlosion|60/100
|-damage|p2a: Typhlosion|39/100
|-damage|p2a: Typhlosion|19/100
|-crit|p2a: Typhlosion
|-damage|p2a: Typhlosion|0 fnt
|faint|p2a: Typhlosion
|-hitcount|p2: Typhlosion|5
|-unboost|p1a: Dragonite|def|1
|-boost|p1a: Dragonite|spe|1
|move|p1b: Volcarona|Heat Wave|p2b: Dachsbun
|-ability|p2b: Dachsbun|Well-Baked Body|boost
|-boost|p2b: Dachsbun|def|2
|move|p2b: Dachsbun|Rest|p2b: Dachsbun
|-status|p2b: Dachsbun|slp|[from] move: Rest
|-heal|p2b: Dachsbun|100/100 slp|[silent]
|
|upkeep
|
|t:|1757757762
|switch|p2a: Kingambit|Kingambit, L50, F, shiny|100/100
|turn|4
|
|t:|1757757789
|move|p1a: Dragonite|Haze|p1a: Dragonite
|-clearallboost
|move|p1b: Volcarona|Heat Wave|p2b: Dachsbun|[spread] p2a
|-ability|p2b: Dachsbun|Well-Baked Body|boost
|-boost|p2b: Dachsbun|def|2
|-supereffective|p2a: Kingambit
|-damage|p2a: Kingambit|36/100
|cant|p2b: Dachsbun|slp
|move|p2a: Kingambit|Assurance|p1a: Dragonite
|-damage|p1a: Dragonite|32/100
|
|-sideend|p1: capspungo|move: Tailwind
|upkeep
|turn|5
|inactive|capspungo has 30 seconds left.
|
|t:|1757757815
|move|p2a: Kingambit|Sucker Punch|p1a: Dragonite
|-damage|p1a: Dragonite|0 fnt
|faint|p1a: Dragonite
|move|p1b: Volcarona|Heat Wave|p2a: Kingambit|[spread] p2a
|-ability|p2b: Dachsbun|Well-Baked Body|boost
|-boost|p2b: Dachsbun|def|2
|-supereffective|p2a: Kingambit
|-damage|p2a: Kingambit|0 fnt
|faint|p2a: Kingambit
|cant|p2b: Dachsbun|slp
|
|upkeep
|
|t:|1757757825
|switch|p1a: Incineroar|Incineroar, L50, M, shiny|100/100
|switch|p2a: Torkoal|Torkoal, L50, F|100/100
|-ability|p1a: Incineroar|Intimidate|boost
|-unboost|p2a: Torkoal|atk|1
|-unboost|p2b: Dachsbun|atk|1
|-weather|SunnyDay|[from] ability: Drought|[of] p2a: Torkoal
|turn|6
|
|t:|1757757850
|move|p2a: Torkoal|Protect|p2a: Torkoal
|-singleturn|p2a: Torkoal|Protect
|move|p1b: Volcarona|Quiver Dance|p1b: Volcarona
|-boost|p1b: Volcarona|spa|1
|-boost|p1b: Volcarona|spd|1
|-boost|p1b: Volcarona|spe|1
|-curestatus|p2b: Dachsbun|slp|[msg]
|move|p2b: Dachsbun|Body Press|p1a: Incineroar
|-supereffective|p1a: Incineroar
|-damage|p1a: Incineroar|0 fnt
|faint|p1a: Incineroar
|
|-weather|SunnyDay|[upkeep]
|upkeep
|turn|7
|
|t:|1757757868
|move|p1b: Volcarona|Heat Wave|p2b: Dachsbun|[spread] 
|-ability|p2b: Dachsbun|Well-Baked Body|boost
|-boost|p2b: Dachsbun|def|2
|-miss|p1b: Volcarona|p2a: Torkoal
|move|p2b: Dachsbun|Yawn|p1b: Volcarona
|-start|p1b: Volcarona|move: Yawn|[of] p2b: Dachsbun
|move|p2a: Torkoal|Eruption|p1b: Volcarona
|-damage|p1b: Volcarona|42/100
|
|-weather|SunnyDay|[upkeep]
|upkeep
|turn|8
|-message|capspungo forfeited.
|
|win|wait for swarley
|l|☆capspungo
|player|p1|
||capspungo is ready for game 2.
||wait for swarley is ready for game 2.
|uhtml|next|Next: Game 2 of 3
