|j|☆Mortipherus
|j|☆Hayz27727282828
|html|MortipherusHayz27727282828    
|uhtml|bestof|Game 1 of a best-of-3
|t:|1757141489
|gametype|doubles
|player|p1|Mortipherus|biker-gen4|1064
|player|p2|Hayz27727282828|265|1070
|gen|9
|tier|[Gen 9] VGC 2025 Reg H (Bo3)
|rated|
|rule|Species Clause: Limit one of each Pokémon
|rule|Item Clause: Limit 1 of each item
|clearpoke
|poke|p1|Hydrapple, L50, M|
|poke|p1|Arcanine-Hisui, L50, M|
|poke|p1|Gholdengo, L50|
|poke|p1|Electabuzz, L50, M|
|poke|p1|Indeedee, L50, M|
|poke|p1|Sneasler, L50, M|
|poke|p2|Tyranitar, L50, F|
|poke|p2|Rillaboom, L50, F|
|poke|p2|Volcarona, L50, F|
|poke|p2|Primarina, L50, F|
|poke|p2|Sneasler, L50, M|
|poke|p2|Baxcalibur, L50, F|
|teampreview|4
|showteam|p1|Hydrapple||AssaultVest|Regenerator|FickleBeam,EnergyBall,EarthPower,BreakingSwipe|||M|||50|,,,,,Ground]Arcanine-Hisui||ClearAmulet|Intimidate|Protect,ExtremeSpeed,FlareBlitz,RockSlide|||M|||50|,,,,,Grass]Gholdengo||LifeOrb|GoodasGold|Protect,NastyPlot,MakeItRain,ShadowBall||||||50|,,,,,Water]Electabuzz||Eviolite|VitalSpirit|Protect,FollowMe,Taunt,Electroweb|||M|||50|,,,,,Dragon]Indeedee||FocusSash|PsychicSurge|Protect,TrickRoom,ExpandingForce,TeraBlast|||M|||50|,,,,,Ground]Sneasler||PsychicSeed|Unburden|Protect,ThroatChop,DireClaw,CloseCombat|||M|||50|,,,,,Dark
|showteam|p2|Tyranitar||FocusSash|SandStream|RockSlide,KnockOff,Taunt,Protect|||F|||50|,,,,,Ghost]Rillaboom||AssaultVest|GrassySurge|HighHorsepower,Uturn,GrassyGlide,FakeOut|||F|||50|,,,,,Fire]Volcarona||Leftovers|FlameBody|FieryDance,QuiverDance,GigaDrain,Protect|||F|||50|,,,,,Dragon]Primarina||ThroatSpray|LiquidVoice|Moonblast,HyperVoice,Haze,Protect|||F|||50|,,,,,Ground]Sneasler||GrassySeed|Unburden|CloseCombat,DireClaw,Acrobatics,Protect|||M|||50|,,,,,Dark]Baxcalibur||ClearAmulet|ThermalExchange|IceShard,GlaiveRush,Protect,IcicleCrash|||F|||50|,,,,,Water
|inactive|Battle timer is ON: inactive players will automatically lose when time's up. (requested by Hayz27727282828)
|inactive|Mortipherus has 60 seconds left.
|inactive|Hayz27727282828 has 60 seconds left.
|
|t:|1757141526
|teamsize|p1|4
|teamsize|p2|4
|start
|switch|p1a: Hot Dog|Arcanine-Hisui, L50, M|100/100
|switch|p1b: Stew|Sneasler, L50, M|100/100
|switch|p2a: Volcarona|Volcarona, L50, F|100/100
|switch|p2b: Rillaboom|Rillaboom, L50, F|100/100
|-ability|p1a: Hot Dog|Intimidate|boost
|-unboost|p2a: Volcarona|atk|1
|-unboost|p2b: Rillaboom|atk|1
|-fieldstart|move: Grassy Terrain|[from] ability: Grassy Surge|[of] p2b: Rillaboom
|turn|1
|
|t:|1757141548
|switch|p1b: Caramel|Indeedee, L50, M|100/100
|-fieldstart|move: Psychic Terrain|[from] ability: Psychic Surge|[of] p1b: Caramel
|switch|p2b: Tyranitar|Tyranitar, L50, F|100/100
|-weather|Sandstorm|[from] ability: Sand Stream|[of] p2b: Tyranitar
|move|p2a: Volcarona|Protect|p2a: Volcarona
|-singleturn|p2a: Volcarona|Protect
|move|p1a: Hot Dog|Rock Slide|p2b: Tyranitar|[spread] p2b
|-activate|p2a: Volcarona|move: Protect
|-damage|p2b: Tyranitar|74/100
|
|-weather|Sandstorm|[upkeep]
|-damage|p1b: Caramel|95/100|[from] Sandstorm
|-damage|p2a: Volcarona|94/100|[from] Sandstorm
|-heal|p2a: Volcarona|100/100|[from] item: Leftovers
|upkeep
|turn|2
|inactive|Mortipherus has 30 seconds left.
|
|t:|1757141575
|switch|p1b: Stew|Sneasler, L50, M|100/100
|-enditem|p1b: Stew|Psychic Seed
|-boost|p1b: Stew|spd|1|[from] item: Psychic Seed
|-terastallize|p2a: Volcarona|Dragon
|move|p2a: Volcarona|Quiver Dance|p2a: Volcarona
|-boost|p2a: Volcarona|spa|1
|-boost|p2a: Volcarona|spd|1
|-boost|p2a: Volcarona|spe|1
|move|p1a: Hot Dog|Rock Slide|p2a: Volcarona|[spread] p2a,p2b
|-damage|p2a: Volcarona|65/100
|-damage|p2b: Tyranitar|48/100
|move|p2b: Tyranitar|Knock Off|p1b: Stew
|-resisted|p1b: Stew
|-damage|p1b: Stew|68/100
|
|-weather|Sandstorm|[upkeep]
|-damage|p1b: Stew|62/100|[from] Sandstorm
|-damage|p2a: Volcarona|58/100|[from] Sandstorm
|-heal|p2a: Volcarona|65/100|[from] item: Leftovers
|upkeep
|turn|3
|
|t:|1757141599
|switch|p2b: Rillaboom|Rillaboom, L50, F|100/100
|-fieldstart|move: Grassy Terrain|[from] ability: Grassy Surge|[of] p2b: Rillaboom
|move|p2a: Volcarona|Protect|p2a: Volcarona
|-singleturn|p2a: Volcarona|Protect
|move|p1b: Stew|Dire Claw|p2a: Volcarona
|-activate|p2a: Volcarona|move: Protect
|move|p1a: Hot Dog|Rock Slide|p2a: Volcarona|[spread] p2b
|-activate|p2a: Volcarona|move: Protect
|-damage|p2b: Rillaboom|73/100
|
|-weather|Sandstorm|[upkeep]
|-damage|p1b: Stew|56/100|[from] Sandstorm
|-damage|p2a: Volcarona|58/100|[from] Sandstorm
|-damage|p2b: Rillaboom|67/100|[from] Sandstorm
|-heal|p1b: Stew|62/100|[from] Grassy Terrain
|-heal|p2a: Volcarona|65/100|[from] Grassy Terrain
|-heal|p2a: Volcarona|71/100|[from] item: Leftovers
|-heal|p2b: Rillaboom|73/100|[from] Grassy Terrain
|upkeep
|turn|4
|
|t:|1757141622
|switch|p1a: Caramel|Indeedee, L50, M|95/100
|-fieldstart|move: Psychic Terrain|[from] ability: Psychic Surge|[of] p1a: Caramel
|move|p1b: Stew|Dire Claw|p2a: Volcarona
|-damage|p2a: Volcarona|21/100
|-status|p2a: Volcarona|par
|move|p2b: Rillaboom|High Horsepower|p1a: Caramel
|-damage|p1a: Caramel|23/100
|cant|p2a: Volcarona|par
|
|-weather|Sandstorm|[upkeep]
|-damage|p1b: Stew|56/100|[from] Sandstorm
|-damage|p1a: Caramel|17/100|[from] Sandstorm
|-damage|p2b: Rillaboom|67/100|[from] Sandstorm
|-damage|p2a: Volcarona|15/100 par|[from] Sandstorm
|-heal|p2a: Volcarona|21/100 par|[from] item: Leftovers
|upkeep
|turn|5
|inactive|Hayz27727282828 has 30 seconds left.
|
|t:|1757141649
|switch|p1a: Apple Pie|Hydrapple, L50, M|100/100
|move|p1b: Stew|Dire Claw|p2b: Rillaboom
|-supereffective|p2b: Rillaboom
|-damage|p2b: Rillaboom|0 fnt
|faint|p2b: Rillaboom
|cant|p2a: Volcarona|par
|
|-weather|none
|-heal|p2a: Volcarona|27/100 par|[from] item: Leftovers
|upkeep
|
|t:|1757141664
|switch|p2b: Sneasler|Sneasler, L50, M|100/100
|turn|6
|
|t:|1757141673
|-terastallize|p1a: Apple Pie|Ground
|move|p1b: Stew|Dire Claw|p2b: Sneasler
|-resisted|p2b: Sneasler
|-damage|p2b: Sneasler|64/100
|-status|p2b: Sneasler|par
|move|p2a: Volcarona|Fiery Dance|p1a: Apple Pie
|-damage|p1a: Apple Pie|60/100
|move|p2b: Sneasler|Acrobatics|p1b: Stew
|-supereffective|p1b: Stew
|-damage|p1b: Stew|0 fnt
|faint|p1b: Stew
|move|p1a: Apple Pie|Breaking Swipe|p2b: Sneasler|[spread] p2a,p2b
|-supereffective|p2a: Volcarona
|-damage|p2a: Volcarona|0 fnt
|-damage|p2b: Sneasler|40/100 par
|-unboost|p2b: Sneasler|atk|1
|-status|p1a: Apple Pie|brn|[from] ability: Flame Body|[of] p2a: Volcarona
|faint|p2a: Volcarona
|
|-damage|p1a: Apple Pie|54/100 brn|[from] brn
|upkeep
|
|t:|1757141698
|switch|p1b: Hot Dog|Arcanine-Hisui, L50, M|100/100
|switch|p2a: Tyranitar|Tyranitar, L50, F|48/100
|-ability|p1b: Hot Dog|Intimidate|boost
|-unboost|p2a: Tyranitar|atk|1
|-unboost|p2b: Sneasler|atk|1
|-weather|Sandstorm|[from] ability: Sand Stream|[of] p2a: Tyranitar
|turn|7
|
|t:|1757141713
|move|p1b: Hot Dog|Protect|p1b: Hot Dog
|-singleturn|p1b: Hot Dog|Protect
|move|p2a: Tyranitar|Rock Slide|p1a: Apple Pie|[spread] p1a
|-activate|p1b: Hot Dog|move: Protect
|-resisted|p1a: Apple Pie
|-damage|p1a: Apple Pie|46/100 brn
|cant|p2b: Sneasler|par
|move|p1a: Apple Pie|Earth Power|p2b: Sneasler
|-supereffective|p2b: Sneasler
|-damage|p2b: Sneasler|0 fnt
|faint|p2b: Sneasler
|
|-weather|Sandstorm|[upkeep]
|-damage|p1a: Apple Pie|39/100 brn|[from] brn
|upkeep
|turn|8
|
|t:|1757141733
|move|p1b: Hot Dog|Rock Slide|p2a: Tyranitar
|-damage|p2a: Tyranitar|15/100
|move|p2a: Tyranitar|Rock Slide|p1b: Hot Dog|[spread] p1a,p1b
|-resisted|p1a: Apple Pie
|-supereffective|p1b: Hot Dog
|-crit|p1b: Hot Dog
|-damage|p1a: Apple Pie|31/100 brn
|-damage|p1b: Hot Dog|3/100
|move|p1a: Apple Pie|Earth Power|p2a: Tyranitar
|-supereffective|p2a: Tyranitar
|-damage|p2a: Tyranitar|0 fnt
|faint|p2a: Tyranitar
|
|win|Mortipherus
|inactive|Mortipherus has 30 seconds to confirm battle start!
|inactive|Hayz27727282828 has 30 seconds to confirm battle start!
