|j|☆PamamoDaisukiKo
|j|☆spellbreakvgc
|html|PamamoDaisukiKospellbreakvgc    
|uhtml|bestof|Game 1 of a best-of-3
|t:|1756981576
|gametype|doubles
|player|p1|PamamoDaisukiKo|dawn|1120
|player|p2|spellbreakvgc|lance|1183
|gen|9
|tier|[Gen 9] VGC 2025 Reg H (Bo3)
|rated|
|rule|Species Clause: Limit one of each Pokémon
|rule|Item Clause: Limit 1 of each item
|clearpoke
|poke|p1|Dondozo, L50, M|
|poke|p1|Tatsugiri, L50, F|
|poke|p1|Pawmot, L50, M|
|poke|p1|Annihilape, L50, M|
|poke|p1|Maushold, L50|
|poke|p1|Talonflame, L50, F|
|poke|p2|Gholdengo, L50|
|poke|p2|Sneasler, L50, M|
|poke|p2|Rillaboom, L50, M|
|poke|p2|Dragonite, L50, F|
|poke|p2|Ninetales-Alola, L50, F|
|poke|p2|Arcanine-Hisui, L50, M|
|teampreview|4
|showteam|p1|Dondozo||Leftovers|Unaware|OrderUp,WaveCrash,Earthquake,Protect|||M|||50|,,,,,Grass]Tatsugiri||ChoiceScarf|Commander|MuddyWater,IcyWind,DracoMeteor,DragonPulse|||F|||50|,,,,,Ghost]Pawmot||FocusSash|VoltAbsorb|DoubleShock,CloseCombat,RevivalBlessing,Protect|||M|||50|,,,,,Electric]Annihilape||SitrusBerry|Defiant|DrainPunch,RageFist,BulkUp,Protect|||M|||50|,,,,,Water]Maushold||SafetyGoggles|FriendGuard|BeatUp,Taunt,FollowMe,Protect||||||50|,,,,,Fairy]Talonflame||CovertCloak|GaleWings|DualWingbeat,FlareBlitz,Tailwind,WillOWisp|||F|||50|,,,,,Flying
|showteam|p2|Gholdengo||GrassySeed|GoodasGold|NastyPlot,MakeItRain,ShadowBall,Protect||||||50|,,,,,Water]Sneasler||FocusSash|Unburden|CloseCombat,DireClaw,Coaching,Protect|||M|||50|,,,,,Ghost]Rillaboom||AssaultVest|GrassySurge|FakeOut,GrassyGlide,DrumBeating,HighHorsepower|||M|||50|,,,,,Fire]Dragonite||LoadedDice|Multiscale|ScaleShot,StompingTantrum,Tailwind,Protect|||F|||50|,,,,,Ground]Ninetales-Alola||CovertCloak|SnowWarning|Blizzard,Protect,Encore,AuroraVeil|||F|||50|,,,,,Ghost]Arcanine-Hisui||MirrorHerb|Intimidate|RockSlide,FlareBlitz,ExtremeSpeed,Protect|||M|||50|,,,,,Water
|inactive|Battle timer is ON: inactive players will automatically lose when time's up. (requested by spellbreakvgc)
|inactive|PamamoDaisukiKo has 60 seconds left.
|inactive|spellbreakvgc has 60 seconds left.
|inactive|PamamoDaisukiKo has 30 seconds left.
|
|t:|1756981652
|teamsize|p1|4
|teamsize|p2|4
|start
|switch|p1a: Talonflame|Talonflame, L50, F|100/100
|switch|p1b: Dondozo|Dondozo, L50, M|100/100
|switch|p2a: Gholdengo|Gholdengo, L50|100/100
|switch|p2b: Rillaboom|Rillaboom, L50, M|100/100
|-fieldstart|move: Grassy Terrain|[from] ability: Grassy Surge|[of] p2b: Rillaboom
|-enditem|p2a: Gholdengo|Grassy Seed
|-boost|p2a: Gholdengo|def|1|[from] item: Grassy Seed
|turn|1
|inactive|PamamoDaisukiKo has 30 seconds left.
|inactive|spellbreakvgc has 30 seconds left.
|
|t:|1756981681
|switch|p2b: Arcanine|Arcanine-Hisui, L50, M|100/100
|-ability|p2b: Arcanine|Intimidate|boost
|-unboost|p1a: Talonflame|atk|1
|-unboost|p1b: Dondozo|atk|1
|-terastallize|p2a: Gholdengo|Water
|move|p1b: Dondozo|Protect|p1b: Dondozo
|-singleturn|p1b: Dondozo|Protect
|move|p1a: Talonflame|Will-O-Wisp|p2b: Arcanine
|-immune|p2b: Arcanine
|move|p2a: Gholdengo|Nasty Plot|p2a: Gholdengo
|-boost|p2a: Gholdengo|spa|2
|
|upkeep
|turn|2
|inactive|PamamoDaisukiKo has 30 seconds left.
|inactive|spellbreakvgc has 30 seconds left.
|
|t:|1756981710
|switch|p2b: Ninetales|Ninetales-Alola, L50, F|100/100
|-weather|Snowscape|[from] ability: Snow Warning|[of] p2b: Ninetales
|move|p1a: Talonflame|Tailwind|p1a: Talonflame
|-sidestart|p1: PamamoDaisukiKo|move: Tailwind
|move|p1b: Dondozo|Earthquake|p2a: Gholdengo|[spread] p2a,p2b
|-immune|p1a: Talonflame
|-damage|p2a: Gholdengo|93/100
|-damage|p2b: Ninetales|92/100
|move|p2a: Gholdengo|Shadow Ball|p1b: Dondozo
|-damage|p1b: Dondozo|60/100
|
|-weather|Snowscape|[upkeep]
|-heal|p2b: Ninetales|98/100|[from] Grassy Terrain
|-heal|p1b: Dondozo|66/100|[from] Grassy Terrain
|-heal|p1b: Dondozo|73/100|[from] item: Leftovers
|-heal|p2a: Gholdengo|99/100|[from] Grassy Terrain
|upkeep
|turn|3
|inactive|PamamoDaisukiKo has 30 seconds left.
|inactive|spellbreakvgc has 30 seconds left.
|inactive|spellbreakvgc has 20 seconds left.
|
|t:|1756981746
|switch|p1b: Pawmot|Pawmot, L50, M|100/100
|move|p1a: Talonflame|Flare Blitz|p2b: Ninetales
|-supereffective|p2b: Ninetales
|-damage|p2b: Ninetales|37/100
|-damage|p1a: Talonflame|81/100|[from] Recoil
|move|p2b: Ninetales|Blizzard|p1a: Talonflame|[spread] p1a,p1b
|-damage|p1a: Talonflame|32/100
|-damage|p1b: Pawmot|43/100
|move|p2a: Gholdengo|Nasty Plot|p2a: Gholdengo
|-boost|p2a: Gholdengo|spa|2
|
|-weather|Snowscape|[upkeep]
|-heal|p1b: Pawmot|49/100|[from] Grassy Terrain
|-heal|p2b: Ninetales|43/100|[from] Grassy Terrain
|-heal|p2a: Gholdengo|100/100|[from] Grassy Terrain
|upkeep
|turn|4
|inactive|PamamoDaisukiKo has 30 seconds left.
|inactive|spellbreakvgc has 30 seconds left.
|inactive|PamamoDaisukiKo has 20 seconds left.
|inactive|PamamoDaisukiKo has 15 seconds left.
|inactive|PamamoDaisukiKo has 10 seconds left.
|
|t:|1756981794
|switch|p2b: Rillaboom|Rillaboom, L50, M|100/100
|-terastallize|p1b: Pawmot|Electric
|move|p2a: Gholdengo|Protect|p2a: Gholdengo
|-singleturn|p2a: Gholdengo|Protect
|move|p1a: Talonflame|Flare Blitz|p2b: Rillaboom
|-supereffective|p2b: Rillaboom
|-damage|p2b: Rillaboom|34/100
|-damage|p1a: Talonflame|5/100|[from] Recoil
|move|p1b: Pawmot|Double Shock|p2a: Gholdengo
|-activate|p2a: Gholdengo|move: Protect
|
|-weather|Snowscape|[upkeep]
|-heal|p1b: Pawmot|55/100|[from] Grassy Terrain
|-heal|p2b: Rillaboom|40/100|[from] Grassy Terrain
|upkeep
|turn|5
|
|t:|1756981818
|move|p2b: Rillaboom|Fake Out|p1b: Pawmot
|-damage|p1b: Pawmot|33/100
|move|p1a: Talonflame|Flare Blitz|p2b: Rillaboom
|-supereffective|p2b: Rillaboom
|-damage|p2b: Rillaboom|0 fnt
|faint|p2b: Rillaboom
|-damage|p1a: Talonflame|0 fnt|[from] Recoil
|faint|p1a: Talonflame
|cant|p1b: Pawmot|flinch
|move|p2a: Gholdengo|Make It Rain|p1b: Pawmot
|-resisted|p1b: Pawmot
|-damage|p1b: Pawmot|0 fnt
|-unboost|p2a: Gholdengo|spa|1
|faint|p1b: Pawmot
|
|-weather|Snowscape|[upkeep]
|-sideend|p1: PamamoDaisukiKo|move: Tailwind
|-fieldend|move: Grassy Terrain
|upkeep
|
|t:|1756981835
|switch|p1a: Tatsugiri|Tatsugiri, L50, F|100/100
|switch|p1b: Dondozo|Dondozo, L50, M|73/100
|switch|p2b: Arcanine|Arcanine-Hisui, L50, M|100/100
|-ability|p2b: Arcanine|Intimidate|boost
|-unboost|p1a: Tatsugiri|atk|1
|-unboost|p1b: Dondozo|atk|1
|-activate|p1a: Tatsugiri|ability: Commander|[of] p1b: Dondozo
|-boost|p1b: Dondozo|atk|2
|-boost|p1b: Dondozo|spa|2
|-boost|p1b: Dondozo|spe|2
|-boost|p1b: Dondozo|def|2
|-boost|p1b: Dondozo|spd|2
|-enditem|p2b: Arcanine|Mirror Herb
|-boost|p2b: Arcanine|atk|2|[from] item: Mirror Herb
|-boost|p2b: Arcanine|spa|2|[from] item: Mirror Herb
|-boost|p2b: Arcanine|spe|2|[from] item: Mirror Herb
|-boost|p2b: Arcanine|def|2|[from] item: Mirror Herb
|-boost|p2b: Arcanine|spd|2|[from] item: Mirror Herb
|turn|6
|inactive|spellbreakvgc has 30 seconds left.
|inactive|spellbreakvgc has 20 seconds left.
|inactive|spellbreakvgc has 15 seconds left.
|
|t:|1756981878
|move|p2b: Arcanine|Protect|p2b: Arcanine
|-singleturn|p2b: Arcanine|Protect
|move|p1b: Dondozo|Earthquake|p2b: Arcanine|[spread] p2a
|-miss|p1b: Dondozo|p1a: Tatsugiri
|-activate|p2b: Arcanine|move: Protect
|-damage|p2a: Gholdengo|67/100
|move|p2a: Gholdengo|Shadow Ball|p1b: Dondozo
|-damage|p1b: Dondozo|54/100
|
|-weather|none
|-heal|p1b: Dondozo|60/100|[from] item: Leftovers
|upkeep
|turn|7
|inactive|spellbreakvgc has 30 seconds left.
|
|t:|1756981909
|move|p2a: Gholdengo|Protect|p2a: Gholdengo
|-singleturn|p2a: Gholdengo|Protect
|move|p2b: Arcanine|Rock Slide|p1a: Tatsugiri|[spread] p1b
|-miss|p2b: Arcanine|p1a: Tatsugiri
|-damage|p1b: Dondozo|50/100
|cant|p1b: Dondozo|flinch
|
|-heal|p1b: Dondozo|56/100|[from] item: Leftovers
|upkeep
|turn|8
|inactive|spellbreakvgc has 30 seconds left.
|
|t:|1756981943
|move|p2b: Arcanine|Rock Slide|p1b: Dondozo|[spread] p1b
|-miss|p2b: Arcanine|p1a: Tatsugiri
|-damage|p1b: Dondozo|47/100
|move|p1b: Dondozo|Earthquake|p2a: Gholdengo|[spread] p2a,p2b
|-miss|p1b: Dondozo|p1a: Tatsugiri
|-supereffective|p2b: Arcanine
|-damage|p2a: Gholdengo|35/100
|-damage|p2b: Arcanine|0 fnt
|faint|p2b: Arcanine
|move|p2a: Gholdengo|Shadow Ball|p1b: Dondozo
|-damage|p1b: Dondozo|25/100
|
|-heal|p1b: Dondozo|31/100|[from] item: Leftovers
|upkeep
|
|t:|1756981958
|switch|p2b: Ninetales|Ninetales-Alola, L50, F|43/100
|-weather|Snowscape|[from] ability: Snow Warning|[of] p2b: Ninetales
|turn|9
|inactive|spellbreakvgc has 30 seconds left.
|inactive|PamamoDaisukiKo has 30 seconds left.
|
|t:|1756981999
|move|p2a: Gholdengo|Protect|p2a: Gholdengo
|-singleturn|p2a: Gholdengo|Protect
|move|p2b: Ninetales|Blizzard|p1b: Dondozo|[spread] p1b
|-miss|p2b: Ninetales|p1a: Tatsugiri
|-resisted|p1b: Dondozo
|-damage|p1b: Dondozo|23/100
|move|p1b: Dondozo|Order Up|p2a: Gholdengo
|-activate|p2a: Gholdengo|move: Protect
|
|-weather|Snowscape|[upkeep]
|-heal|p1b: Dondozo|29/100|[from] item: Leftovers
|upkeep
|turn|10
|
|t:|1756982021
|move|p2b: Ninetales|Encore|p1b: Dondozo
|-start|p1b: Dondozo|Encore
|move|p1b: Dondozo|Order Up|p2a: Gholdengo
|-damage|p2a: Gholdengo|0 fnt
|faint|p2a: Gholdengo
|-boost|p1b: Dondozo|atk|1
|
|-weather|Snowscape|[upkeep]
|-heal|p1b: Dondozo|35/100|[from] item: Leftovers
|upkeep
|turn|11
|
|t:|1756982034
|move|p2b: Ninetales|Blizzard|p1a: Tatsugiri|[spread] p1b
|-miss|p2b: Ninetales|p1a: Tatsugiri
|-resisted|p1b: Dondozo
|-damage|p1b: Dondozo|28/100
|move|p1b: Dondozo|Order Up|p2b: Ninetales
|-immune|p2b: Ninetales
|
|-weather|Snowscape|[upkeep]
|-heal|p1b: Dondozo|35/100|[from] item: Leftovers
|upkeep
|turn|12
|
|t:|1756982044
|move|p2b: Ninetales|Blizzard|p1b: Dondozo|[spread] p1b
|-miss|p2b: Ninetales|p1a: Tatsugiri
|-resisted|p1b: Dondozo
|-damage|p1b: Dondozo|27/100
|move|p1b: Dondozo|Order Up|p2b: Ninetales
|-immune|p2b: Ninetales
|
|-weather|Snowscape|[upkeep]
|-heal|p1b: Dondozo|33/100|[from] item: Leftovers
|-end|p1b: Dondozo|Encore
|upkeep
|turn|13
|
|t:|1756982055
|move|p1b: Dondozo|Protect|p1b: Dondozo
|-singleturn|p1b: Dondozo|Protect
|move|p2b: Ninetales|Encore|p1b: Dondozo
|-activate|p1b: Dondozo|move: Protect
|
|-weather|none
|-heal|p1b: Dondozo|39/100|[from] item: Leftovers
|upkeep
|turn|14
|
|t:|1756982068
|move|p2b: Ninetales|Encore|p1b: Dondozo
|-start|p1b: Dondozo|Encore
|move|p1b: Dondozo|Protect||[still]
|-fail|p1b: Dondozo
|
|-heal|p1b: Dondozo|45/100|[from] item: Leftovers
|upkeep
|turn|15
|
|t:|1756982076
|move|p1b: Dondozo|Protect|p1b: Dondozo
|-singleturn|p1b: Dondozo|Protect
|move|p2b: Ninetales|Blizzard|p1b: Dondozo|[spread] 
|-miss|p2b: Ninetales|p1a: Tatsugiri
|-activate|p1b: Dondozo|move: Protect
|
|-heal|p1b: Dondozo|51/100|[from] item: Leftovers
|upkeep
|turn|16
|
|t:|1756982079
|move|p1b: Dondozo|Protect|p1b: Dondozo
|-singleturn|p1b: Dondozo|Protect
|move|p2b: Ninetales|Blizzard|p1b: Dondozo|[spread] 
|-miss|p2b: Ninetales|p1a: Tatsugiri
|-activate|p1b: Dondozo|move: Protect
|
|-heal|p1b: Dondozo|58/100|[from] item: Leftovers
|-end|p1b: Dondozo|Encore
|upkeep
|turn|17
|-message|spellbreakvgc forfeited.
|
|win|PamamoDaisukiKo
