|j|☆Gundnub
|j|☆prove it to ya
|html|Gundnubprove it to ya    
|uhtml|bestof|Game 2 of a best-of-3
|t:|1786063323
|gametype|doubles
|player|p1|Gundnub|169|
|player|p2|prove it to ya|pokemonranger-gen4|
|gen|9
|tier|[Gen 9 Champions] VGC 2026 Reg M-B (Bo3)
|rule|Species Clause: Limit one of each Pokémon
|rule|Item Clause: Limit 1 of each item
|clearpoke
|poke|p1|Staraptor, L50, M|
|poke|p1|Garchomp, L50, M|
|poke|p1|Whimsicott, L50, M|
|poke|p1|Delphox, L50, M|
|poke|p1|Glimmora, L50, M|
|poke|p1|Kingambit, L50, M|
|poke|p2|Kingambit, L50, F|
|poke|p2|Gardevoir, L50, F|
|poke|p2|Talonflame, L50, M|
|poke|p2|Maushold, L50|
|poke|p2|Basculegion, L50, M|
|poke|p2|Garchomp, L50, M|
|teampreview|4
|showteam|p1|Staraptor||Staraptite|Intimidate|Protect,Roost,CloseCombat,BraveBird|Jolly||M|||50|]Garchomp||LifeOrb|RoughSkin|Protect,RockSlide,Earthquake,DragonClaw|Jolly||M|||50|]Whimsicott||OccaBerry|Prankster|Moonblast,Tailwind,Charm,LightScreen|Timid||M|||50|]Delphox||Delphoxite|Magician|Protect,Psychic,HeatWave,Substitute|Timid||M|||50|]Glimmora||FocusSash|ToxicDebris|SpikyShield,SludgeBomb,EarthPower,PowerGem|Timid||M|||50|]Kingambit||ChopleBerry|Defiant|SuckerPunch,LowKick,IronHead,KowtowCleave|Adamant||M|||50|
|showteam|p2|Kingambit||FocusSash|Defiant|KowtowCleave,IronHead,SuckerPunch,LowKick|Adamant||F|||50|]Gardevoir||Gardevoirite|Telepathy|HyperVoice,Psyshock,TrickRoom,Protect|Modest||F|||50|]Talonflame||LifeOrb|GaleWings|DualWingbeat,FlareBlitz,Tailwind,Protect|Jolly||M|||50|]Maushold||ChopleBerry|FriendGuard|Feint,SuperFang,FollowMe,Protect|Impish|||||50|]Basculegion||MysticWater|Adaptability|WaveCrash,LastRespects,AquaJet,Protect|Adamant||M|||50|]Garchomp||SitrusBerry|RoughSkin|Earthquake,StompingTantrum,RockTomb,Protect|Adamant||M|||50|
|
|t:|1786063389
|teamsize|p1|4
|teamsize|p2|4
|start
|switch|p1a: Glimmora|Glimmora, L50, M|100/100
|switch|p1b: Kingambit|Kingambit, L50, M|100/100
|switch|p2a: Gardevoir|Gardevoir, L50, F|100/100
|switch|p2b: Garchomp|Garchomp, L50, M|100/100
|turn|1
|
|t:|1786063420
|detailschange|p2a: Gardevoir|Gardevoir-Mega, L50, F
|-mega|p2a: Gardevoir|Gardevoir|Gardevoirite
|move|p1a: Glimmora|Spiky Shield|p1a: Glimmora
|-singleturn|p1a: Glimmora|move: Protect
|move|p2a: Gardevoir|Protect|p2a: Gardevoir
|-singleturn|p2a: Gardevoir|Protect
|move|p2b: Garchomp|Earthquake|p1b: Kingambit|[spread] p1b
|-activate|p2a: Gardevoir|move: Protect
|-activate|p1a: Glimmora|move: Protect
|-supereffective|p1b: Kingambit|1
|-damage|p1b: Kingambit|43/100
|move|p1b: Kingambit|Iron Head|p2a: Gardevoir
|-activate|p2a: Gardevoir|move: Protect
|
|upkeep
|turn|2
|
|t:|1786063489
|switch|p2a: Kingambit|Kingambit, L50, F|100/100
|move|p1a: Glimmora|Sludge Bomb|p2a: Kingambit
|-immune|p2a: Kingambit
|move|p2b: Garchomp|Stomping Tantrum|p1b: Kingambit
|-supereffective|p1b: Kingambit|1
|-damage|p1b: Kingambit|0 fnt
|faint|p1b: Kingambit
|
|upkeep
|
|t:|1786063507
|switch|p1b: Garchomp|Garchomp, L50, M|100/100
|turn|3
|
|t:|1786063699
|move|p2a: Kingambit|Sucker Punch|p1b: Garchomp
|-damage|p1b: Garchomp|60/100
|-damage|p2a: Kingambit|87/100|[from] ability: Rough Skin|[of] p1b: Garchomp
|move|p1b: Garchomp|Earthquake|p2b: Garchomp|[spread] p1a,p2a,p2b
|-supereffective|p1a: Glimmora|2
|-supereffective|p2a: Kingambit|1
|-enditem|p1a: Glimmora|Focus Sash
|-damage|p1a: Glimmora|1/100
|-damage|p2a: Kingambit|2/100
|-damage|p2b: Garchomp|54/100
|-activate|p1a: Glimmora|ability: Toxic Debris
|-sidestart|p2: prove it to ya|move: Toxic Spikes
|-damage|p1b: Garchomp|50/100g|[from] item: Life Orb
|move|p1a: Glimmora|Earth Power|p2a: Kingambit
|-supereffective|p2a: Kingambit|1
|-damage|p2a: Kingambit|0 fnt
|faint|p2a: Kingambit
|move|p2b: Garchomp|Rock Tomb|p1b: Garchomp
|-resisted|p1b: Garchomp|1
|-damage|p1b: Garchomp|39/100
|-unboost|p1b: Garchomp|spe|1
|
|upkeep
|
|t:|1786063721
|switch|p2a: Basculegion|Basculegion, L50, M|100/100
|-status|p2a: Basculegion|psn
|turn|4
|
|t:|1786063811
|switch|p1a: Staraptor|Staraptor, L50, M|100/100
|-ability|p1a: Staraptor|Intimidate|boost
|-unboost|p2a: Basculegion|atk|1
|-unboost|p2b: Garchomp|atk|1
|move|p2a: Basculegion|Protect|p2a: Basculegion
|-singleturn|p2a: Basculegion|Protect
|move|p1b: Garchomp|Protect|p1b: Garchomp
|-singleturn|p1b: Garchomp|Protect
|move|p2b: Garchomp|Earthquake|p1a: Staraptor|[spread] 
|-activate|p2a: Basculegion|move: Protect
|-activate|p1b: Garchomp|move: Protect
|-immune|p1a: Staraptor
|
|-damage|p2a: Basculegion|87/100 psn|[from] psn
|upkeep
|turn|5
|
|t:|1786063870
|switch|p1b: Glimmora|Glimmora, L50, M|1/100
|detailschange|p1a: Staraptor|Staraptor-Mega, L50, M
|-mega|p1a: Staraptor|Staraptor|Staraptite
|move|p1a: Staraptor|Close Combat|p2b: Garchomp
|-damage|p2b: Garchomp|5/100
|-boost|p1a: Staraptor|def|1
|-boost|p1a: Staraptor|spd|1
|-damage|p1a: Staraptor|87/100|[from] ability: Rough Skin|[of] p2b: Garchomp
|-enditem|p2b: Garchomp|Sitrus Berry|[eat]
|-heal|p2b: Garchomp|29/100|[from] item: Sitrus Berry
|move|p2b: Garchomp|Stomping Tantrum|p1b: Glimmora
|-supereffective|p1b: Glimmora|2
|-damage|p1b: Glimmora|0 fnt
|-activate|p1b: Glimmora|ability: Toxic Debris
|-sidestart|p2: prove it to ya|move: Toxic Spikes
|faint|p1b: Glimmora
|move|p2a: Basculegion|Wave Crash|p1a: Staraptor
|-damage|p1a: Staraptor|46/100
|-damage|p2a: Basculegion|75/100 psn|[from] Recoil
|
|-damage|p2a: Basculegion|63/100 psn|[from] psn
|upkeep
|
|t:|1786063890
|switch|p1b: Garchomp|Garchomp, L50, M|39/100
|turn|6
|
|t:|1786063971
|move|p2a: Basculegion|Aqua Jet|p1a: Staraptor
|-damage|p1a: Staraptor|31/100
|move|p1a: Staraptor|Brave Bird|p2a: Basculegion
|-damage|p2a: Basculegion|1/100 psn
|-damage|p1a: Staraptor|8/100|[from] Recoil
|move|p1b: Garchomp|Earthquake|p2a: Basculegion|[spread] p2a,p2b
|-immune|p1a: Staraptor
|-crit|p2a: Basculegion
|-damage|p2a: Basculegion|0 fnt
|-damage|p2b: Garchomp|0 fnt
|faint|p2a: Basculegion
|faint|p2b: Garchomp
|-damage|p1b: Garchomp|30/100|[from] item: Life Orb
|
|upkeep
|
|t:|1786063980
|switch|p2a: Gardevoir|Gardevoir-Mega, L50, F|100/100
|-status|p2a: Gardevoir|tox
|turn|7
|
|t:|1786063989
|move|p1a: Staraptor|Brave Bird|p2a: Gardevoir
|-damage|p2a: Gardevoir|30/100 tox
|-damage|p1a: Staraptor|0 fnt|[from] Recoil
|faint|p1a: Staraptor
|move|p1b: Garchomp|Earthquake|p2a: Gardevoir
|-damage|p2a: Gardevoir|0 fnt
|faint|p2a: Gardevoir
|-damage|p1b: Garchomp|20/100y|[from] item: Life Orb
|
|win|Gundnub
