|j|☆ShdaowForece
|j|☆itwasallyellow
|html|ShdaowForeceitwasallyellow    
|uhtml|bestof|Game 1 of a best-of-3
|t:|1756268352
|gametype|doubles
|player|p1|ShdaowForece|lucas|1215
|player|p2|itwasallyellow|guitarist-gen4|1117
|gen|9
|tier|[Gen 9] VGC 2025 Reg H (Bo3)
|rated|
|rule|Species Clause: Limit one of each Pokémon
|rule|Item Clause: Limit 1 of each item
|clearpoke
|poke|p1|Gholdengo, L50|
|poke|p1|Incineroar, L50, F|
|poke|p1|Rillaboom, L50, M|
|poke|p1|Dragonite, L50, F|
|poke|p1|Sneasler, L50, F|
|poke|p1|Whimsicott, L50, M|
|poke|p2|Pelipper, L50, M|
|poke|p2|Sinistcha, L50|
|poke|p2|Blastoise, L50, F|
|poke|p2|Noivern, L50, F|
|poke|p2|Ursaluna-Bloodmoon, L50, M|
|poke|p2|Incineroar, L50, F|
|teampreview|4
|showteam|p1|Gholdengo||Leftovers|GoodasGold|MakeItRain,ShadowBall,NastyPlot,Protect||||||50|,,,,,Steel]Incineroar||SitrusBerry|Intimidate|FlareBlitz,KnockOff,FakeOut,PartingShot|||F|||50|,,,,,Grass]Rillaboom||AssaultVest|GrassySurge|WoodHammer,FakeOut,GrassyGlide,HighHorsepower|||M|||50|,,,,,Water]Dragonite||ChoiceBand|InnerFocus|ExtremeSpeed,Outrage,StompingTantrum,IceSpinner|||F|||50|,,,,,Normal]Sneasler||WhiteHerb|Unburden|CloseCombat,DireClaw,Coaching,Protect|||F|||50|,,,,,Stellar]Whimsicott||CovertCloak|Prankster|Moonblast,Tailwind,Encore,FakeTears|||M|||50|,,,,,Poison
|showteam|p2|Pelipper||FocusSash|Drizzle|Hurricane,WeatherBall,IcyWind,WideGuard|||M|||50|,,,,,Grass]Sinistcha||SitrusBerry|Hospitality|MatchaGotcha,RagePowder,TrickRoom,LifeDew||||||50|,,,,,Fairy]Blastoise||MysticWater|RainDish|WaterSpout,MuddyWater,FakeOut,Protect|||F|||50|,,,,,Water]Noivern||EjectPack|Infiltrator|Tailwind,Protect,DracoMeteor,DarkPulse|||F|||50|,,,,,Ghost]Ursaluna-Bloodmoon||AssaultVest|MindsEye|HyperVoice,BloodMoon,EarthPower,VacuumWave|||M|||50|,,,,,Ghost]Incineroar||SafetyGoggles|Intimidate|FakeOut,KnockOff,PartingShot,FlareBlitz|||F|||50|,,,,,Ghost
|inactive|Battle timer is ON: inactive players will automatically lose when time's up. (requested by itwasallyellow)
|inactive|itwasallyellow has 60 seconds left.
|
|t:|1756268396
|teamsize|p1|4
|teamsize|p2|4
|start
|switch|p1a: Gholdengo|Gholdengo, L50|100/100
|switch|p1b: Rillaboom|Rillaboom, L50, M|100/100
|switch|p2a: Noivern|Noivern, L50, F|100/100
|switch|p2b: Blastoise|Blastoise, L50, F|100/100
|-fieldstart|move: Grassy Terrain|[from] ability: Grassy Surge|[of] p1b: Rillaboom
|turn|1
|inactive|itwasallyellow has 30 seconds left.
|
|t:|1756268429
|switch|p2b: Incineroar|Incineroar, L50, F|100/100
|-ability|p2b: Incineroar|Intimidate|boost
|-unboost|p1a: Gholdengo|atk|1
|-unboost|p1b: Rillaboom|atk|1
|-terastallize|p1a: Gholdengo|Steel
|move|p1b: Rillaboom|Fake Out|p2b: Incineroar
|-damage|p2b: Incineroar|93/100
|move|p2a: Noivern|Tailwind|p2a: Noivern
|-sidestart|p2: itwasallyellow|move: Tailwind
|move|p1a: Gholdengo|Nasty Plot|p1a: Gholdengo
|-boost|p1a: Gholdengo|spa|2
|
|-heal|p2b: Incineroar|99/100|[from] Grassy Terrain
|upkeep
|turn|2
|inactive|itwasallyellow has 30 seconds left.
|
|t:|1756268458
|move|p1a: Gholdengo|Protect|p1a: Gholdengo
|-singleturn|p1a: Gholdengo|Protect
|move|p2a: Noivern|Dark Pulse|p1a: Gholdengo
|-activate|p1a: Gholdengo|move: Protect
|move|p2b: Incineroar|Flare Blitz|p1a: Gholdengo
|-activate|p1a: Gholdengo|move: Protect
|move|p1b: Rillaboom|Wood Hammer|p2a: Noivern
|-resisted|p2a: Noivern
|-damage|p2a: Noivern|84/100
|-damage|p1b: Rillaboom|96/100|[from] Recoil
|
|-heal|p2b: Incineroar|100/100|[from] Grassy Terrain
|-heal|p1b: Rillaboom|100/100|[from] Grassy Terrain
|upkeep
|turn|3
|
|t:|1756268477
|switch|p1a: Sneasler|Sneasler, L50, F|100/100
|move|p2a: Noivern|Dark Pulse|p1a: Sneasler
|-resisted|p1a: Sneasler
|-damage|p1a: Sneasler|84/100
|move|p2b: Incineroar|Flare Blitz|p1a: Sneasler
|-damage|p1a: Sneasler|9/100
|-damage|p2b: Incineroar|81/100|[from] Recoil
|move|p1b: Rillaboom|High Horsepower|p2b: Incineroar
|-supereffective|p2b: Incineroar
|-damage|p2b: Incineroar|47/100
|
|-heal|p1a: Sneasler|15/100|[from] Grassy Terrain
|-heal|p2b: Incineroar|52/100|[from] Grassy Terrain
|upkeep
|turn|4
|inactive|itwasallyellow has 30 seconds left.
|inactive|itwasallyellow has 20 seconds left.
|inactive|itwasallyellow has 15 seconds left.
|
|t:|1756268522
|switch|p2a: Blastoise|Blastoise, L50, F|100/100
|switch|p1b: Whimsicott|Whimsicott, L50, M|100/100
|move|p1a: Sneasler|Close Combat|p2b: Incineroar
|-supereffective|p2b: Incineroar
|-damage|p2b: Incineroar|0 fnt
|-unboost|p1a: Sneasler|def|1
|-unboost|p1a: Sneasler|spd|1
|faint|p2b: Incineroar
|-enditem|p1a: Sneasler|White Herb
|-clearnegativeboost|p1a: Sneasler|[silent]
|
|-heal|p1a: Sneasler|21/100|[from] Grassy Terrain
|-sideend|p2: itwasallyellow|move: Tailwind
|upkeep
|
|t:|1756268544
|switch|p2b: Ursaluna|Ursaluna-Bloodmoon, L50, M|100/100
|turn|5
|
|t:|1756268564
|move|p2a: Blastoise|Fake Out|p1a: Sneasler
|-damage|p1a: Sneasler|9/100
|move|p1b: Whimsicott|Tailwind|p1b: Whimsicott
|-sidestart|p1: ShdaowForece|move: Tailwind
|cant|p1a: Sneasler|flinch
|move|p2b: Ursaluna|Hyper Voice|p1b: Whimsicott|[spread] p1a,p1b
|-damage|p1a: Sneasler|0 fnt
|-damage|p1b: Whimsicott|47/100
|faint|p1a: Sneasler
|
|-heal|p1b: Whimsicott|53/100|[from] Grassy Terrain
|-fieldend|move: Grassy Terrain
|upkeep
|
|t:|1756268575
|switch|p1a: Rillaboom|Rillaboom, L50, M|100/100
|-fieldstart|move: Grassy Terrain|[from] ability: Grassy Surge|[of] p1a: Rillaboom
|turn|6
|inactive|itwasallyellow has 30 seconds left.
|inactive|itwasallyellow has 20 seconds left.
|inactive|itwasallyellow has 15 seconds left.
|
|t:|1756268616
|switch|p2a: Noivern|Noivern, L50, F|84/100
|-terastallize|p2b: Ursaluna|Ghost
|move|p1b: Whimsicott|Encore||[still]
|-fail|p1b: Whimsicott
|move|p1a: Rillaboom|Wood Hammer|p2b: Ursaluna
|-crit|p2b: Ursaluna
|-damage|p2b: Ursaluna|8/100
|-damage|p1a: Rillaboom|72/100|[from] Recoil
|move|p2b: Ursaluna|Hyper Voice|p1a: Rillaboom|[spread] p1a,p1b
|-damage|p1a: Rillaboom|47/100
|-damage|p1b: Whimsicott|1/100
|
|-heal|p1b: Whimsicott|7/100|[from] Grassy Terrain
|-heal|p1a: Rillaboom|53/100|[from] Grassy Terrain
|-heal|p2b: Ursaluna|14/100|[from] Grassy Terrain
|upkeep
|turn|7
|inactive|itwasallyellow has 30 seconds left.
|
|t:|1756268646
|switch|p2a: Blastoise|Blastoise, L50, F|100/100
|move|p1b: Whimsicott|Moonblast|p2a: Blastoise
|-damage|p2a: Blastoise|75/100
|move|p1a: Rillaboom|Wood Hammer|p2b: Ursaluna
|-damage|p2b: Ursaluna|0 fnt
|faint|p2b: Ursaluna
|-damage|p1a: Rillaboom|48/100|[from] Recoil
|
|-heal|p1b: Whimsicott|13/100|[from] Grassy Terrain
|-heal|p1a: Rillaboom|54/100|[from] Grassy Terrain
|-heal|p2a: Blastoise|81/100|[from] Grassy Terrain
|upkeep
|
|t:|1756268653
|switch|p2b: Noivern|Noivern, L50, F|84/100
|turn|8
|
|t:|1756268668
|switch|p1b: Gholdengo|Gholdengo, L50, tera:Steel|100/100
|move|p2a: Blastoise|Fake Out|p1b: Gholdengo
|-resisted|p1b: Gholdengo
|-damage|p1b: Gholdengo|97/100
|move|p1a: Rillaboom|Wood Hammer|p2a: Blastoise
|-supereffective|p2a: Blastoise
|-damage|p2a: Blastoise|0 fnt
|faint|p2a: Blastoise
|-damage|p1a: Rillaboom|30/100|[from] Recoil
|move|p2b: Noivern|Tailwind|p2b: Noivern
|-sidestart|p2: itwasallyellow|move: Tailwind
|
|-heal|p1b: Gholdengo|100/100|[from] Grassy Terrain
|-heal|p1a: Rillaboom|36/100|[from] Grassy Terrain
|-sideend|p1: ShdaowForece|move: Tailwind
|upkeep
|turn|9
|-message|itwasallyellow forfeited.
|
|win|ShdaowForece
||itwasallyellow is ready for game 2.
||ShdaowForece is ready for game 2.
|uhtml|next|Next: Game 2 of 3
|l|☆itwasallyellow
|player|p2|
