|j|☆raylof
|j|☆TeyVgc
|html|raylofTeyVgc    
|uhtml|bestof|Game 3 of a best-of-3
|t:|1757132062
|gametype|doubles
|player|p1|raylof|2|1222
|player|p2|TeyVgc|101|1294
|gen|9
|tier|[Gen 9] VGC 2025 Reg H (Bo3)
|rated|
|rule|Species Clause: Limit one of each Pokémon
|rule|Item Clause: Limit 1 of each item
|clearpoke
|poke|p1|Pelipper, L50, M|
|poke|p1|Archaludon, L50, M|
|poke|p1|Sinistcha, L50|
|poke|p1|Ursaluna, L50, M|
|poke|p1|Dragonite, L50, M|
|poke|p1|Incineroar, L50, M|
|poke|p2|Gholdengo, L50|
|poke|p2|Dragonite, L50, M|
|poke|p2|Sneasler, L50, F|
|poke|p2|Incineroar, L50, F|
|poke|p2|Indeedee, L50, M|
|poke|p2|Ninetales-Alola, L50, M|
|teampreview|4
|showteam|p1|Pelipper||FocusSash|Drizzle|MuddyWater,Hurricane,Protect,Tailwind|||M|||50|,,,,,Ghost]Archaludon||AssaultVest|Stamina|FlashCannon,BodyPress,ElectroShot,Snarl|||M|||50|,,,,,Fighting]Sinistcha||SitrusBerry|Hospitality|MatchaGotcha,LifeDew,RagePowder,TrickRoom||||||50|,,,,,Dark]Ursaluna||FlameOrb|Guts|Protect,Facade,HeadlongRush,Earthquake|||M|||50|,,,,,Ghost]Dragonite||LoadedDice|Multiscale|Protect,ScaleShot,Haze,Tailwind|||M|||50|,,,,,Fairy]Incineroar||SafetyGoggles|Intimidate|FlareBlitz,KnockOff,FakeOut,PartingShot|||M|||50|,,,,,Ghost
|showteam|p2|Gholdengo||LifeOrb|GoodasGold|Protect,MakeItRain,ShadowBall,NastyPlot||||||50|,,,,,Water]Dragonite||LoadedDice|Multiscale|ScaleShot,Tailwind,Haze,Protect|||M|||50|,,,,,Fairy]Sneasler||PsychicSeed|Unburden|Protect,DireClaw,CloseCombat,ThroatChop|||F|||50|,,,,,Dark]Incineroar||SafetyGoggles|Intimidate|KnockOff,PartingShot,FlareBlitz,FakeOut|||F|||50|,,,,,Ghost]Indeedee||ChoiceScarf|PsychicSurge|Protect,Trick,TeraBlast,ExpandingForce|||M|||50|,,,,,Psychic]Ninetales-Alola||FocusSash|SnowWarning|Blizzard,IcyWind,Encore,AuroraVeil|||M|||50|,,,,,Ghost
|
|t:|1757132128
|teamsize|p1|4
|teamsize|p2|4
|start
|switch|p1a: Dragonite|Dragonite, L50, M|100/100
|switch|p1b: Archaludon|Archaludon, L50, M|100/100
|switch|p2a: Sneasler|Sneasler, L50, F|100/100
|switch|p2b: Indeedee|Indeedee, L50, M|100/100
|-fieldstart|move: Psychic Terrain|[from] ability: Psychic Surge|[of] p2b: Indeedee
|-enditem|p2a: Sneasler|Psychic Seed
|-boost|p2a: Sneasler|spd|1|[from] item: Psychic Seed
|turn|1
|
|t:|1757132162
|switch|p1b: Incineroar|Incineroar, L50, M|100/100
|-ability|p1b: Incineroar|Intimidate|boost
|-unboost|p2a: Sneasler|atk|1
|-unboost|p2b: Indeedee|atk|1
|move|p2a: Sneasler|Dire Claw|p1a: Dragonite
|-damage|p1a: Dragonite|84/100
|-status|p1a: Dragonite|psn
|move|p2b: Indeedee|Expanding Force|p1b: Incineroar|[spread] p1a
|-immune|p1b: Incineroar
|-damage|p1a: Dragonite|20/100 psn
|move|p1a: Dragonite|Scale Shot|p2a: Sneasler
|-damage|p2a: Sneasler|75/100
|-damage|p2a: Sneasler|51/100
|-damage|p2a: Sneasler|26/100
|-damage|p2a: Sneasler|1/100
|-damage|p2a: Sneasler|0 fnt
|faint|p2a: Sneasler
|-hitcount|p2: Sneasler|5
|-unboost|p1a: Dragonite|def|1
|-boost|p1a: Dragonite|spe|1
|
|-damage|p1a: Dragonite|8/100 psn|[from] psn
|upkeep
|
|t:|1757132187
|switch|p2a: Ninetales|Ninetales-Alola, L50, M|100/100
|-weather|Snowscape|[from] ability: Snow Warning|[of] p2a: Ninetales
|turn|2
|
|t:|1757132209
|switch|p2b: Gholdengo|Gholdengo, L50|100/100
|switch|p1b: Pelipper|Pelipper, L50, M|100/100
|-weather|RainDance|[from] ability: Drizzle|[of] p1b: Pelipper
|move|p1a: Dragonite|Tailwind|p1a: Dragonite
|-sidestart|p1: raylof|move: Tailwind
|move|p2a: Ninetales|Blizzard|p1b: Pelipper|[spread] p1b
|-miss|p2a: Ninetales|p1a: Dragonite
|-damage|p1b: Pelipper|43/100
|
|-weather|RainDance|[upkeep]
|-damage|p1a: Dragonite|0 fnt|[from] psn
|faint|p1a: Dragonite
|upkeep
|
|t:|1757132223
|switch|p1a: Archaludon|Archaludon, L50, M|100/100
|turn|3
|
|t:|1757132240
|switch|p2a: Indeedee|Indeedee, L50, M|100/100
|move|p2b: Gholdengo|Protect|p2b: Gholdengo
|-singleturn|p2b: Gholdengo|Protect
|move|p1b: Pelipper|Muddy Water|p2a: Indeedee|[spread] p2a
|-activate|p2b: Gholdengo|move: Protect
|-damage|p2a: Indeedee|37/100
|move|p1a: Archaludon|Electro Shot||[still]
|-prepare|p1a: Archaludon|Electro Shot
|-boost|p1a: Archaludon|spa|1
|-anim|p1a: Archaludon|Electro Shot|p2a: Indeedee
|-damage|p2a: Indeedee|0 fnt
|faint|p2a: Indeedee
|
|-weather|RainDance|[upkeep]
|upkeep
|
|t:|1757132247
|switch|p2a: Ninetales|Ninetales-Alola, L50, M|100/100
|-weather|Snowscape|[from] ability: Snow Warning|[of] p2a: Ninetales
|turn|4
|
|t:|1757132269
|switch|p1b: Incineroar|Incineroar, L50, M|100/100
|-ability|p1b: Incineroar|Intimidate|boost
|-unboost|p2a: Ninetales|atk|1
|-unboost|p2b: Gholdengo|atk|1
|-terastallize|p2a: Ninetales|Ghost
|move|p1a: Archaludon|Snarl|p2a: Ninetales|[spread] p2a,p2b
|-supereffective|p2a: Ninetales
|-supereffective|p2b: Gholdengo
|-damage|p2a: Ninetales|60/100
|-damage|p2b: Gholdengo|63/100
|-unboost|p2a: Ninetales|spa|1
|-unboost|p2b: Gholdengo|spa|1
|move|p2a: Ninetales|Aurora Veil|p2a: Ninetales
|-sidestart|p2: TeyVgc|move: Aurora Veil
|move|p2b: Gholdengo|Nasty Plot|p2b: Gholdengo
|-boost|p2b: Gholdengo|spa|2
|
|-weather|Snowscape|[upkeep]
|upkeep
|turn|5
|
|t:|1757132298
|move|p1a: Archaludon|Snarl|p2b: Gholdengo|[spread] p2a,p2b
|-supereffective|p2a: Ninetales
|-supereffective|p2b: Gholdengo
|-damage|p2a: Ninetales|33/100
|-damage|p2b: Gholdengo|36/100
|-unboost|p2a: Ninetales|spa|1
|-unboost|p2b: Gholdengo|spa|1
|move|p2a: Ninetales|Blizzard|p1b: Incineroar|[spread] p1a,p1b
|-resisted|p1b: Incineroar
|-damage|p1a: Archaludon|89/100
|-damage|p1b: Incineroar|96/100
|-ability|p1a: Archaludon|Stamina|boost
|-boost|p1a: Archaludon|def|1
|move|p1b: Incineroar|Knock Off|p2a: Ninetales
|-supereffective|p2a: Ninetales
|-damage|p2a: Ninetales|0 fnt
|-enditem|p2a: Ninetales|Focus Sash|[from] move: Knock Off|[of] p1b: Incineroar
|faint|p2a: Ninetales
|move|p2b: Gholdengo|Make It Rain|p1a: Archaludon|[spread] p1a,p1b
|-resisted|p1a: Archaludon
|-resisted|p1b: Incineroar
|-crit|p1b: Incineroar
|-damage|p1a: Archaludon|70/100
|-damage|p1b: Incineroar|64/100
|-unboost|p2b: Gholdengo|spa|1
|-ability|p1a: Archaludon|Stamina|boost
|-boost|p1a: Archaludon|def|1
|-damage|p2b: Gholdengo|26/100|[from] item: Life Orb
|
|-weather|Snowscape|[upkeep]
|-sideend|p1: raylof|move: Tailwind
|-fieldend|move: Psychic Terrain
|upkeep
|turn|6
|-message|TeyVgc forfeited.
|raw|raylof's rating: 1222 → 1252(+30 for winning)
|raw|TeyVgc's rating: 1294 → 1264(-30 for losing)
|
|win|raylof
