|j|☆ttsui234
|j|☆jerryxue
|html|ttsui234jerryxue    
|uhtml|bestof|Game 1 of a best-of-3
|t:|1786190205
|gametype|doubles
|player|p1|ttsui234|169|
|player|p2|jerryxue|nate|
|gen|9
|tier|[Gen 9 Champions] VGC 2026 Reg M-B (Bo3)
|rule|Species Clause: Limit one of each Pokémon
|rule|Item Clause: Limit 1 of each item
|clearpoke
|poke|p1|Raichu, L50, F|
|poke|p1|Staraptor, L50, F|
|poke|p1|Arcanine-Hisui, L50, M|
|poke|p1|Farigiraf, L50, M|
|poke|p1|Sylveon, L50, F|
|poke|p1|Kingambit, L50, M|
|poke|p2|Blaziken, L50, F, shiny|
|poke|p2|Ninetales-Alola, L50, F, shiny|
|poke|p2|Basculegion, L50, M, shiny|
|poke|p2|Kingambit, L50, M, shiny|
|poke|p2|Venusaur, L50, M|
|poke|p2|Lycanroc-Dusk, L50, F, shiny|
|teampreview|4
|showteam|p1|Raichu||RaichuniteY|LightningRod|ZapCannon,FocusBlast,FakeOut,Protect|Timid||F|||50|]Staraptor||Staraptite|Intimidate|CloseCombat,DualWingbeat,Tailwind,Protect|Jolly||F|||50|]Arcanine-Hisui||FocusSash|RockHead|FlareBlitz,HeadSmash,ExtremeSpeed,Protect|Jolly||M|||50|]Farigiraf||SitrusBerry|ArmorTail|Psychic,HelpingHand,TrickRoom,Protect|Calm||M|||50|]Sylveon||FairyFeather|Pixilate|HyperVoice,QuickAttack,HyperBeam,Detect|Modest||F|||50|]Kingambit||LifeOrb|Defiant|KowtowCleave,SuckerPunch,SwordsDance,Protect|Adamant||M|||50|
|showteam|p2|Blaziken||Blazikenite|SpeedBoost|FlareBlitz,CloseCombat,StoneEdge,Detect|Adamant||F|||50|]Ninetales-Alola||NeverMeltIce|SnowWarning|Blizzard,FreezeDry,Encore,Protect|Timid||F|||50|]Basculegion||ChoiceScarf|Adaptability|WaveCrash,LastRespects,AquaJet,FlipTurn|Jolly||M|||50|]Kingambit||LifeOrb|Defiant|KowtowCleave,SuckerPunch,IronHead,Protect|Adamant||M|||50|]Venusaur||Venusaurite|Overgrow|SludgeBomb,GigaDrain,EarthPower,Protect|Modest||M|||50|]Lycanroc-Dusk||FocusSash|ToughClaws|RockSlide,CloseCombat,Accelerock,Protect|Adamant||F|||50|
|j| TaiwanNephrologist
|c|☆ttsui234|等等
|c|☆jerryxue|怎麼了
|c|☆ttsui234|沒事 就是等我一下
|c|☆ttsui234|看一下你的隊伍
|c|☆ttsui234|好了 你好了就開計時
|inactive|Battle timer is ON: inactive players will automatically lose when time's up. (requested by jerryxue)
|inactive|ttsui234 has 60 seconds left.
|inactive|ttsui234 has 30 seconds left.
|j| staruniverseOwO
|inactive|ttsui234 has 20 seconds left.
|
|t:|1786190479
|teamsize|p1|4
|teamsize|p2|4
|start
|switch|p1a: Raichu|Raichu, L50, F|100/100
|switch|p1b: Sylveon|Sylveon, L50, F|100/100
|switch|p2a: Venusaur|Venusaur, L50, M|100/100
|switch|p2b: Ninetales|Ninetales-Alola, L50, F, shiny|100/100
|-weather|Snowscape|[from] ability: Snow Warning|[of] p2b: Ninetales
|turn|1
|inactive|jerryxue has 30 seconds left.
|
|t:|1786190510
|detailschange|p2a: Venusaur|Venusaur-Mega, L50, M
|-mega|p2a: Venusaur|Venusaur|Venusaurite
|move|p1a: Raichu|Fake Out|p2a: Venusaur
|-damage|p2a: Venusaur|93/100
|move|p2b: Ninetales|Encore|p1a: Raichu
|-start|p1a: Raichu|Encore
|cant|p2a: Venusaur|flinch
|move|p1b: Sylveon|Hyper Voice|p2b: Ninetales|[spread] p2a,p2b
|-resisted|p2a: Venusaur|1
|-damage|p2a: Venusaur|72/100
|-damage|p2b: Ninetales|44/100
|
|-weather|Snowscape|[upkeep]
|upkeep
|turn|2
|inactive|ttsui234 has 30 seconds left.
|inactive|ttsui234 has 20 seconds left.
|
|t:|1786190547
|switch|p1a: Arcanine|Arcanine-Hisui, L50, M|100/100
|move|p2b: Ninetales|Blizzard|p1a: Arcanine|[spread] p1a,p1b
|-resisted|p1a: Arcanine|1
|-damage|p1a: Arcanine|77/100
|-damage|p1b: Sylveon|71/100
|-status|p1a: Arcanine|frz
|move|p2a: Venusaur|Sludge Bomb|p1b: Sylveon
|-supereffective|p1b: Sylveon|1
|-damage|p1b: Sylveon|1/100
|move|p1b: Sylveon|Hyper Voice|p2b: Ninetales|[spread] p2a,p2b
|-resisted|p2a: Venusaur|1
|-damage|p2a: Venusaur|53/100
|-damage|p2b: Ninetales|0 fnt
|faint|p2b: Ninetales
|
|-weather|Snowscape|[upkeep]
|upkeep
|c|☆jerryxue|挖 抱歉
|
|t:|1786190565
|switch|p2b: Basculegion|Basculegion, L50, M, shiny|100/100
|turn|3
|inactive|ttsui234 has 30 seconds left.
|inactive|ttsui234 has 20 seconds left.
|inactive|ttsui234 has 15 seconds left.
|
|t:|1786190605
|switch|p1b: Staraptor|Staraptor, L50, F|100/100
|-ability|p1b: Staraptor|Intimidate|boost
|-unboost|p2a: Venusaur|atk|1
|-unboost|p2b: Basculegion|atk|1
|-curestatus|p1a: Arcanine|frz|[msg]
|move|p1a: Arcanine|Extreme Speed|p2a: Venusaur
|-crit|p2a: Venusaur
|-damage|p2a: Venusaur|21/100
|move|p2b: Basculegion|Wave Crash|p1a: Arcanine
|-supereffective|p1a: Arcanine|2
|-damage|p1a: Arcanine|0 fnt
|faint|p1a: Arcanine
|-damage|p2b: Basculegion|77/100|[from] Recoil
|move|p2a: Venusaur|Sludge Bomb|p1b: Staraptor
|-damage|p1b: Staraptor|29/100
|-status|p1b: Staraptor|psn
|
|-weather|Snowscape|[upkeep]
|-damage|p1b: Staraptor|17/100 psn|[from] psn
|upkeep
|
|t:|1786190625
|switch|p1a: Raichu|Raichu, L50, F|100/100
|turn|4
|inactive|ttsui234 has 30 seconds left.
|inactive|ttsui234 has 20 seconds left.
|
|t:|1786190662
|switch|p2b: Kingambit|Kingambit, L50, M, shiny|100/100
|detailschange|p1a: Raichu|Raichu-Mega-Y, L50, F
|-mega|p1a: Raichu|Raichu|Raichunite Y
|move|p2a: Venusaur|Protect|p2a: Venusaur
|-singleturn|p2a: Venusaur|Protect
|move|p1a: Raichu|Zap Cannon|p2b: Kingambit
|-damage|p2b: Kingambit|30/100
|-status|p2b: Kingambit|par
|move|p1b: Staraptor|Dual Wingbeat|p2a: Venusaur
|-activate|p2a: Venusaur|move: Protect
|
|-weather|Snowscape|[upkeep]
|-damage|p1b: Staraptor|5/100 psn|[from] psn
|upkeep
|turn|5
|inactive|ttsui234 has 30 seconds left.
|inactive|ttsui234 has 20 seconds left.
|inactive|ttsui234 has 15 seconds left.
|inactive|ttsui234 has 10 seconds left.
|inactive|ttsui234 has 5 seconds left.
|
|t:|1786190714
|move|p2b: Kingambit|Sucker Punch|p1a: Raichu
|-damage|p1a: Raichu|12/100
|-damage|p2b: Kingambit|21/100 par|[from] item: Life Orb
|move|p1a: Raichu|Zap Cannon|p2a: Venusaur
|-resisted|p2a: Venusaur|1
|-damage|p2a: Venusaur|0 fnt
|faint|p2a: Venusaur
|move|p1b: Staraptor|Close Combat|p2b: Kingambit
|-supereffective|p2b: Kingambit|2
|-damage|p2b: Kingambit|0 fnt
|-unboost|p1b: Staraptor|def|1
|-unboost|p1b: Staraptor|spd|1
|faint|p2b: Kingambit
|
|-weather|none
|-damage|p1b: Staraptor|0 fnt|[from] psn
|faint|p1b: Staraptor
|upkeep
|
|t:|1786190729
|switch|p1b: Sylveon|Sylveon, L50, F|1/100
|switch|p2b: Basculegion|Basculegion, L50, M, shiny|77/100
|turn|6
|
|t:|1786190740
|move|p2b: Basculegion|Last Respects|p1b: Sylveon
|-damage|p1b: Sylveon|0 fnt
|faint|p1b: Sylveon
|move|p1a: Raichu|Zap Cannon|p2b: Basculegion
|-supereffective|p2b: Basculegion|1
|-crit|p2b: Basculegion
|-damage|p2b: Basculegion|0 fnt
|faint|p2b: Basculegion
|
|win|ttsui234
