|j|☆dambro222
|j|☆SharlyVevo
|html|dambro222SharlyVevo    
|uhtml|bestof|Game 2 of a best-of-3
|t:|1756839317
|gametype|doubles
|player|p1|dambro222|ethan|1079
|player|p2|SharlyVevo|1|1068
|gen|9
|tier|[Gen 9] VGC 2025 Reg H (Bo3)
|rated|
|rule|Species Clause: Limit one of each Pokémon
|rule|Item Clause: Limit 1 of each item
|clearpoke
|poke|p1|Dragonite, L50, M|
|poke|p1|Volcarona, L50, F|
|poke|p1|Sneasler, L50, M|
|poke|p1|Rillaboom, L50, M|
|poke|p1|Electabuzz, L50, M|
|poke|p1|Kingambit, L50, M|
|poke|p2|Magmar, L50, F|
|poke|p2|Sneasler, L50, M|
|poke|p2|Rillaboom, L50, F|
|poke|p2|Kingambit, L50, F|
|poke|p2|Ninetales-Alola, L50, M|
|poke|p2|Dragapult, L50, M|
|teampreview|4
|showteam|p1|Dragonite||LoadedDice|Multiscale|ScaleShot,ExtremeSpeed,Haze,Protect|||M|||50|,,,,,Fairy]Volcarona||CovertCloak|FlameBody|HeatWave,TeraBlast,QuiverDance,Protect|||F|||50|,,,,,Fairy]Sneasler||FocusSash|Unburden|CloseCombat,DireClaw,RockSlide,Protect|||M|||50|,,,,,Stellar]Rillaboom||AssaultVest|GrassySurge|WoodHammer,GrassyGlide,HighHorsepower,FakeOut|||M|||50|,,,,,Water]Electabuzz||Eviolite|VitalSpirit|Electroweb,FollowMe,Taunt,Protect|||M|||50|,,,,,Ghost]Kingambit||BlackGlasses|Defiant|KowtowCleave,SuckerPunch,SwordsDance,Protect|||M|||50|,,,,,Dark
|showteam|p2|Magmar||Eviolite|FlameBody|Protect,FollowMe,Taunt,Overheat|||F|||50|,,,,,Grass]Sneasler||GrassySeed|Unburden|Protect,CloseCombat,DireClaw,FakeOut|||M|||50|,,,,,Dark]Rillaboom||AssaultVest|GrassySurge|FakeOut,Uturn,GrassyGlide,WoodHammer|||F|||50|,,,,,Fire]Kingambit||SafetyGoggles|Defiant|Protect,SuckerPunch,KowtowCleave,SwordsDance|||F|||50|,,,,,Dark]Ninetales-Alola||LightClay|SnowWarning|Protect,AuroraVeil,Blizzard,FreezeDry|||M|||50|,,,,,Ice]Dragapult||ChoiceBand|ClearBody|DragonDarts,Uturn,TeraBlast,SuckerPunch|||M|||50|,,,,,Ghost
|inactive|Battle timer is ON: inactive players will automatically lose when time's up. (requested by dambro222)
|inactive|SharlyVevo has 60 seconds left.
|inactive|SharlyVevo has 30 seconds left.
|inactive|SharlyVevo has 20 seconds left.
|inactive|SharlyVevo has 15 seconds left.
|
|t:|1756839397
|teamsize|p1|4
|teamsize|p2|4
|start
|switch|p1a: Volcarona|Volcarona, L50, F|100/100
|switch|p1b: Electabuzz|Electabuzz, L50, M|100/100
|switch|p2a: Sneasler|Sneasler, L50, M, shiny|100/100
|switch|p2b: Magmar|Magmar, L50, F, shiny|100/100
|turn|1
|inactive|dambro222 has 30 seconds left.
|
|t:|1756839429
|move|p1b: Electabuzz|Follow Me|p1b: Electabuzz
|-singleturn|p1b: Electabuzz|move: Follow Me
|move|p2a: Sneasler|Dire Claw|p1b: Electabuzz
|-damage|p1b: Electabuzz|64/100
|move|p1a: Volcarona|Quiver Dance|p1a: Volcarona
|-boost|p1a: Volcarona|spa|1
|-boost|p1a: Volcarona|spd|1
|-boost|p1a: Volcarona|spe|1
|move|p2b: Magmar|Taunt|p1b: Electabuzz
|-start|p1b: Electabuzz|move: Taunt
|
|upkeep
|turn|2
|inactive|SharlyVevo has 30 seconds left.
|inactive|SharlyVevo has 20 seconds left.
|inactive|SharlyVevo has 15 seconds left.
|inactive|SharlyVevo has 10 seconds left.
|inactive|SharlyVevo has 5 seconds left.
|
|t:|1756839480
|move|p1a: Volcarona|Protect|p1a: Volcarona
|-singleturn|p1a: Volcarona|Protect
|move|p2a: Sneasler|Dire Claw|p1a: Volcarona
|-activate|p1a: Volcarona|move: Protect
|move|p1b: Electabuzz|Electroweb|p2b: Magmar|[spread] p2a,p2b
|-damage|p2a: Sneasler|81/100
|-damage|p2b: Magmar|91/100
|-unboost|p2a: Sneasler|spe|1
|-unboost|p2b: Magmar|spe|1
|move|p2b: Magmar|Overheat|p1a: Volcarona
|-activate|p1a: Volcarona|move: Protect
|
|upkeep
|turn|3
|inactive|dambro222 has 30 seconds left.
|inactive|SharlyVevo has 30 seconds left.
|inactive|dambro222 has 20 seconds left.
|
|t:|1756839519
|move|p1a: Volcarona|Quiver Dance|p1a: Volcarona
|-boost|p1a: Volcarona|spa|1
|-boost|p1a: Volcarona|spd|1
|-boost|p1a: Volcarona|spe|1
|move|p1b: Electabuzz|Electroweb|p2a: Sneasler|[spread] p2a,p2b
|-damage|p2a: Sneasler|62/100
|-damage|p2b: Magmar|81/100
|-unboost|p2a: Sneasler|spe|1
|-unboost|p2b: Magmar|spe|1
|move|p2a: Sneasler|Dire Claw|p1a: Volcarona
|-damage|p1a: Volcarona|36/100
|move|p2b: Magmar|Overheat|p1a: Volcarona
|-damage|p1a: Volcarona|11/100
|-unboost|p2b: Magmar|spa|2
|
|upkeep
|turn|4
|
|t:|1756839535
|move|p1a: Volcarona|Protect|p1a: Volcarona
|-singleturn|p1a: Volcarona|Protect
|move|p2a: Sneasler|Protect|p2a: Sneasler
|-singleturn|p2a: Sneasler|Protect
|move|p1b: Electabuzz|Electroweb|p2b: Magmar|[spread] p2b
|-activate|p2a: Sneasler|move: Protect
|-damage|p2b: Magmar|70/100
|-unboost|p2b: Magmar|spe|1
|move|p2b: Magmar|Overheat|p1a: Volcarona
|-activate|p1a: Volcarona|move: Protect
|
|-end|p1b: Electabuzz|move: Taunt
|upkeep
|turn|5
|
|t:|1756839558
|switch|p2a: Dragapult|Dragapult, L50, M, shiny|100/100
|move|p1b: Electabuzz|Follow Me|p1b: Electabuzz
|-singleturn|p1b: Electabuzz|move: Follow Me
|move|p1a: Volcarona|Heat Wave|p2a: Dragapult|[spread] p2a,p2b
|-resisted|p2a: Dragapult
|-resisted|p2b: Magmar
|-damage|p2a: Dragapult|55/100
|-damage|p2b: Magmar|42/100
|move|p2b: Magmar|Overheat|p1b: Electabuzz
|-damage|p1b: Electabuzz|46/100
|-unboost|p2b: Magmar|spa|2
|
|upkeep
|turn|6
|j| Trestkon
|
|t:|1756839580
|switch|p2a: Ninetales|Ninetales-Alola, L50, M, shiny|100/100
|-weather|Snowscape|[from] ability: Snow Warning|[of] p2a: Ninetales
|move|p1b: Electabuzz|Follow Me|p1b: Electabuzz
|-singleturn|p1b: Electabuzz|move: Follow Me
|move|p1a: Volcarona|Heat Wave|p2a: Ninetales|[spread] p2a,p2b
|-supereffective|p2a: Ninetales
|-resisted|p2b: Magmar
|-damage|p2a: Ninetales|0 fnt
|-damage|p2b: Magmar|16/100
|faint|p2a: Ninetales
|move|p2b: Magmar|Taunt|p1b: Electabuzz
|-start|p1b: Electabuzz|move: Taunt
|
|-weather|Snowscape|[upkeep]
|upkeep
|
|t:|1756839593
|switch|p2a: Sneasler|Sneasler, L50, M, shiny|62/100
|turn|7
|
|t:|1756839609
|move|p1a: Volcarona|Protect|p1a: Volcarona
|-singleturn|p1a: Volcarona|Protect
|move|p2a: Sneasler|Fake Out|p1a: Volcarona
|-activate|p1a: Volcarona|move: Protect
|move|p1b: Electabuzz|Electroweb|p2a: Sneasler|[spread] p2a,p2b
|-damage|p2a: Sneasler|44/100
|-damage|p2b: Magmar|7/100
|-unboost|p2a: Sneasler|spe|1
|-unboost|p2b: Magmar|spe|1
|move|p2b: Magmar|Overheat|p1b: Electabuzz
|-damage|p1b: Electabuzz|33/100
|-unboost|p2b: Magmar|spa|2
|
|-weather|Snowscape|[upkeep]
|upkeep
|turn|8
|
|t:|1756839628
|move|p2a: Sneasler|Protect|p2a: Sneasler
|-singleturn|p2a: Sneasler|Protect
|move|p1a: Volcarona|Heat Wave|p2a: Sneasler|[spread] p2b
|-activate|p2a: Sneasler|move: Protect
|-resisted|p2b: Magmar
|-damage|p2b: Magmar|0 fnt
|faint|p2b: Magmar
|move|p1b: Electabuzz|Electroweb|p2a: Sneasler
|-activate|p2a: Sneasler|move: Protect
|
|-weather|Snowscape|[upkeep]
|upkeep
|
|t:|1756839630
|switch|p2b: Dragapult|Dragapult, L50, M, shiny|55/100
|turn|9
|
|t:|1756839644
|move|p1a: Volcarona|Protect|p1a: Volcarona
|-singleturn|p1a: Volcarona|Protect
|move|p2b: Dragapult|Sucker Punch||[still]
|-fail|p2b: Dragapult
|move|p1b: Electabuzz|Electroweb|p2a: Sneasler|[spread] p2a
|-miss|p1b: Electabuzz|p2b: Dragapult
|-damage|p2a: Sneasler|27/100
|-unboost|p2a: Sneasler|spe|1
|move|p2a: Sneasler|Close Combat|p1b: Electabuzz
|-damage|p1b: Electabuzz|0 fnt
|-unboost|p2a: Sneasler|def|1
|-unboost|p2a: Sneasler|spd|1
|faint|p1b: Electabuzz
|
|-weather|Snowscape|[upkeep]
|upkeep
|inactive|dambro222 has 30 seconds left.
|
|t:|1756839671
|switch|p1b: Rillaboom|Rillaboom, L50, M|100/100
|-fieldstart|move: Grassy Terrain|[from] ability: Grassy Surge|[of] p1b: Rillaboom
|-enditem|p2a: Sneasler|Grassy Seed
|-boost|p2a: Sneasler|def|1|[from] item: Grassy Seed
|turn|10
|l| Trestkon
|inactive|dambro222 has 30 seconds left.
|inactive|SharlyVevo has 30 seconds left.
|inactive|SharlyVevo has 20 seconds left.
|inactive|SharlyVevo has 15 seconds left.
|
|t:|1756839714
|move|p2a: Sneasler|Protect|p2a: Sneasler
|-singleturn|p2a: Sneasler|Protect
|move|p2b: Dragapult|Sucker Punch||[still]
|-fail|p2b: Dragapult
|move|p1b: Rillaboom|Grassy Glide|p2a: Sneasler
|-activate|p2a: Sneasler|move: Protect
|move|p1a: Volcarona|Quiver Dance|p1a: Volcarona
|-boost|p1a: Volcarona|spa|1
|-boost|p1a: Volcarona|spd|1
|-boost|p1a: Volcarona|spe|1
|
|-weather|none
|-heal|p1a: Volcarona|18/100|[from] Grassy Terrain
|-heal|p2b: Dragapult|61/100|[from] Grassy Terrain
|-heal|p2a: Sneasler|33/100|[from] Grassy Terrain
|upkeep
|turn|11
|inactive|dambro222 has 30 seconds left.
|inactive|dambro222 has 20 seconds left.
|
|t:|1756839750
|move|p1a: Volcarona|Protect|p1a: Volcarona
|-singleturn|p1a: Volcarona|Protect
|move|p2b: Dragapult|Sucker Punch|p1b: Rillaboom
|-damage|p1b: Rillaboom|65/100
|move|p1b: Rillaboom|Grassy Glide|p2a: Sneasler
|-resisted|p2a: Sneasler
|-damage|p2a: Sneasler|3/100
|move|p2a: Sneasler|Dire Claw|p1b: Rillaboom
|-supereffective|p1b: Rillaboom
|-damage|p1b: Rillaboom|0 fnt
|faint|p1b: Rillaboom
|
|-heal|p1a: Volcarona|24/100|[from] Grassy Terrain
|-heal|p2b: Dragapult|67/100|[from] Grassy Terrain
|-heal|p2a: Sneasler|9/100|[from] Grassy Terrain
|upkeep
|
|t:|1756839764
|switch|p1b: Kingambit|Kingambit, L50, M, shiny|100/100
|turn|12
|
|t:|1756839780
|move|p2a: Sneasler|Protect|p2a: Sneasler
|-singleturn|p2a: Sneasler|Protect
|move|p2b: Dragapult|Sucker Punch||[still]
|-fail|p2b: Dragapult
|move|p1b: Kingambit|Sucker Punch||[still]
|-fail|p1b: Kingambit
|move|p1a: Volcarona|Quiver Dance|p1a: Volcarona
|-boost|p1a: Volcarona|spa|1
|-boost|p1a: Volcarona|spd|1
|-boost|p1a: Volcarona|spe|1
|
|-heal|p1a: Volcarona|30/100|[from] Grassy Terrain
|-heal|p2b: Dragapult|73/100|[from] Grassy Terrain
|-heal|p2a: Sneasler|14/100|[from] Grassy Terrain
|upkeep
|turn|13
|
|t:|1756839800
|-terastallize|p2a: Sneasler|Dark
|move|p2b: Dragapult|Sucker Punch||[still]
|-fail|p2b: Dragapult
|move|p1b: Kingambit|Sucker Punch|p2a: Sneasler
|-resisted|p2a: Sneasler
|-damage|p2a: Sneasler|0 fnt
|faint|p2a: Sneasler
|move|p1a: Volcarona|Quiver Dance|p1a: Volcarona
|-boost|p1a: Volcarona|spa|1
|-boost|p1a: Volcarona|spd|1
|-boost|p1a: Volcarona|spe|1
|
|-heal|p1a: Volcarona|36/100|[from] Grassy Terrain
|-heal|p2b: Dragapult|78/100|[from] Grassy Terrain
|upkeep
|turn|14
|-message|SharlyVevo forfeited.
|
|win|dambro222
|raw|dambro222's rating: 1079 → 1106(+27 for winning)
|raw|SharlyVevo's rating: 1068 → 1048(-20 for losing)
|l|☆SharlyVevo
|player|p2|
|c|☆dambro222|gg
