|j|☆niziulove
|j|☆shaman vg
|html|niziuloveshaman vg    
|uhtml|bestof|Game 1 of a best-of-3
|t:|1782740446
|gametype|doubles
|player|p1|niziulove|nessa-masters|
|player|p2|shaman vg|#smogonxnpa2025draftee|
|gen|9
|tier|[Gen 9 Champions] VGC 2026 Reg M-B (Bo3)
|rule|Species Clause: Limit one of each Pokémon
|rule|Item Clause: Limit 1 of each item
|clearpoke
|poke|p1|Incineroar, L50, M|
|poke|p1|Floette-Eternal, L50, F|
|poke|p1|Ceruledge, L50, F|
|poke|p1|Milotic, L50, F, shiny|
|poke|p1|Sinistcha, L50|
|poke|p1|Raichu, L50, F, shiny|
|poke|p2|Blaziken, L50, F|
|poke|p2|Kingambit, L50, M|
|poke|p2|Basculegion, L50, M|
|poke|p2|Ninetales-Alola, L50, F|
|poke|p2|Gengar, L50, F|
|poke|p2|Incineroar, L50, M|
|teampreview|4
|showteam|p1|Incineroar||SitrusBerry|Intimidate|FakeOut,FlareBlitz,ThroatChop,PartingShot|Impish||M|||50|]Floette-Eternal||Floettite|FlowerVeil|DazzlingGleam,DrainingKiss,CalmMind,Protect|Modest||F|||50|]Ceruledge||ColburBerry|FlashFire|BitterBlade,ShadowSneak,BulkUp,Protect|Adamant||F|||50|]Milotic||Leftovers|Competitive|MuddyWater,Coil,Hypnosis,Protect|Bold||F|||50|]Sinistcha||KasibBerry|Hospitality|Protect,MatchaGotcha,RagePowder,LifeDew|Bold|||||50|]Raichu||RaichuniteY|LightningRod|ZapCannon,FocusBlast,Protect,FakeOut|Timid||F|||50|
|showteam|p2|Blaziken||Blazikenite|SpeedBoost|CloseCombat,RockSlide,FlareBlitz,Detect|Adamant||F|||50|]Kingambit||LifeOrb|Defiant|KowtowCleave,SuckerPunch,Protect,IronHead|Adamant||M|||50|]Basculegion||FocusSash|Adaptability|Liquidation,LastRespects,AquaJet,Protect|Adamant||M|||50|]Ninetales-Alola||NeverMeltIce|SnowWarning|Blizzard,FreezeDry,Encore,Protect|Timid||F|||50|]Gengar||Gengarite|CursedBody|ShadowBall,Disable,PerishSong,Protect|Modest||F|||50|]Incineroar||PasshoBerry|Intimidate|FakeOut,PartingShot,FlareBlitz,Protect|Relaxed||M|||50|
|c|☆niziulove|ghlhjf
|j| PasDer
|j| Ennarcia
|c|☆niziulove|GLHF
|j|@trace
|j| wrong future
|
|t:|1782740582
|teamsize|p1|4
|teamsize|p2|4
|start
|switch|p1a: Raichu|Raichu, L50, F, shiny|100/100
|switch|p1b: Ceruledge|Ceruledge, L50, F|100/100
|switch|p2a: Gengar|Gengar, L50, F|100/100
|switch|p2b: Basculegion|Basculegion, L50, M|100/100
|turn|1
|j| YOASOBI stan
|
|t:|1782740631
|switch|p1b: Incineroar|Incineroar, L50, M|100/100
|-ability|p1b: Incineroar|Intimidate|boost
|-unboost|p2a: Gengar|atk|1
|-unboost|p2b: Basculegion|atk|1
|detailschange|p1a: Raichu|Raichu-Mega-Y, L50, F, shiny
|-mega|p1a: Raichu|Raichu|Raichunite Y
|detailschange|p2a: Gengar|Gengar-Mega, L50, F
|-mega|p2a: Gengar|Gengar|Gengarite
|move|p1a: Raichu|Zap Cannon|p2a: Gengar
|-damage|p2a: Gengar|36/100
|-status|p2a: Gengar|par
|move|p2b: Basculegion|Liquidation|p1b: Incineroar
|-supereffective|p1b: Incineroar|1
|-damage|p1b: Incineroar|34/100
|-enditem|p1b: Incineroar|Sitrus Berry|[eat]
|-heal|p1b: Incineroar|59/100|[from] item: Sitrus Berry
|move|p2a: Gengar|Shadow Ball|p1a: Raichu
|-damage|p1a: Raichu|34/100
|-unboost|p1a: Raichu|spd|1
|
|upkeep
|turn|2
|j| zgrzgr
|
|t:|1782740662
|move|p2b: Basculegion|Protect|p2b: Basculegion
|-singleturn|p2b: Basculegion|Protect
|move|p1a: Raichu|Zap Cannon|p2b: Basculegion
|-activate|p2b: Basculegion|move: Protect
|move|p1b: Incineroar|Parting Shot|p2a: Gengar
|-unboost|p2a: Gengar|atk|1
|-unboost|p2a: Gengar|spa|1
|
|t:|1782740669
|switch|p1b: Ceruledge|Ceruledge, L50, F|100/100|[from] Parting Shot
|cant|p2a: Gengar|par
|
|upkeep
|turn|3
|
|t:|1782740686
|switch|p2b: Ninetales|Ninetales-Alola, L50, F|100/100
|-weather|Snowscape|[from] ability: Snow Warning|[of] p2b: Ninetales
|move|p1b: Ceruledge|Shadow Sneak|p2b: Ninetales
|-damage|p2b: Ninetales|80/100
|move|p1a: Raichu|Zap Cannon|p2b: Ninetales
|-damage|p2b: Ninetales|15/100
|-status|p2b: Ninetales|par
|move|p2a: Gengar|Shadow Ball|p1a: Raichu
|-damage|p1a: Raichu|0 fnt
|faint|p1a: Raichu
|
|-weather|Snowscape|[upkeep]
|upkeep
|
|t:|1782740703
|switch|p1a: Milotic|Milotic, L50, F, shiny|100/100
|turn|4
|l| YOASOBI stan
|
|t:|1782740743
|move|p1b: Ceruledge|Bitter Blade|p2a: Gengar
|-crit|p2a: Gengar
|-damage|p2a: Gengar|0 fnt
|faint|p2a: Gengar
|move|p1a: Milotic|Coil|p1a: Milotic
|-boost|p1a: Milotic|atk|1
|-boost|p1a: Milotic|def|1
|-boost|p1a: Milotic|accuracy|1
|move|p2b: Ninetales|Freeze-Dry|p1a: Milotic
|-supereffective|p1a: Milotic|1
|-damage|p1a: Milotic|60/100
|
|-weather|Snowscape|[upkeep]
|-heal|p1a: Milotic|66/100|[from] item: Leftovers
|upkeep
|j| a rabbit
|
|t:|1782740754
|switch|p2a: Basculegion|Basculegion, L50, M|100/100
|turn|5
|
|t:|1782740812
|switch|p1b: Incineroar|Incineroar, L50, M|59/100
|-ability|p1b: Incineroar|Intimidate|boost
|-unboost|p2a: Basculegion|atk|1
|-unboost|p2b: Ninetales|atk|1
|move|p2a: Basculegion|Liquidation|p1b: Incineroar
|-supereffective|p1b: Incineroar|1
|-crit|p1b: Incineroar
|-damage|p1b: Incineroar|0 fnt
|faint|p1b: Incineroar
|move|p1a: Milotic|Muddy Water|p2a: Basculegion|[spread] p2a,p2b
|-resisted|p2a: Basculegion|1
|-damage|p2a: Basculegion|86/100
|-damage|p2b: Ninetales|0 fnt
|faint|p2b: Ninetales
|
|-weather|Snowscape|[upkeep]
|-heal|p1a: Milotic|72/100|[from] item: Leftovers
|upkeep
|
|t:|1782740820
|switch|p2b: Kingambit|Kingambit, L50, M|100/100
|switch|p1b: Ceruledge|Ceruledge, L50, F|100/100
|turn|6
|
|t:|1782740864
|move|p2a: Basculegion|Protect|p2a: Basculegion
|-singleturn|p2a: Basculegion|Protect
|move|p1b: Ceruledge|Protect|p1b: Ceruledge
|-singleturn|p1b: Ceruledge|Protect
|move|p1a: Milotic|Hypnosis|p2a: Basculegion
|-activate|p2a: Basculegion|move: Protect
|move|p2b: Kingambit|Kowtow Cleave|p1a: Milotic
|-damage|p1a: Milotic|34/100
|-damage|p2b: Kingambit|90/100|[from] item: Life Orb
|
|-weather|Snowscape|[upkeep]
|-heal|p1a: Milotic|40/100|[from] item: Leftovers
|upkeep
|turn|7
|
|t:|1782740914
|move|p1b: Ceruledge|Protect||[still]
|-fail|p1b: Ceruledge
|move|p2a: Basculegion|Last Respects|p1b: Ceruledge
|-supereffective|p1b: Ceruledge|1
|-damage|p1b: Ceruledge|0 fnt
|faint|p1b: Ceruledge
|move|p1a: Milotic|Hypnosis|p2a: Basculegion|[miss]
|-miss|p1a: Milotic|p2a: Basculegion
|move|p2b: Kingambit|Kowtow Cleave|p1a: Milotic
|-damage|p1a: Milotic|5/100
|-damage|p2b: Kingambit|80/100|[from] item: Life Orb
|
|-weather|none
|-heal|p1a: Milotic|11/100|[from] item: Leftovers
|upkeep
|turn|8
|
|t:|1782740925
|move|p2a: Basculegion|Last Respects|p1a: Milotic
|-damage|p1a: Milotic|0 fnt
|faint|p1a: Milotic
|
|win|shaman vg
||shaman vg is ready for game 2.
||niziulove is ready for game 2.
|uhtml|next|Next: Game 2 of 3
|l| a rabbit
|j| marcofiero
|l| marcofiero
|j| DubiousVGC
|j| val16
|j| tiaole123
|l| DubiousVGC
|j| marcofiero
|j| beben la lechee
|l| wrong future
|l| val16
|l| PasDer
|l|@trace
|l| zgrzgr
|l| marcofiero
|l| beben la lechee
|l| tiaole123
|j| YOASOBI stan
|l|☆niziulove
|player|p1|
|l| YOASOBI stan
|j|☆niziulove
|player|p1|niziulove|nessa-masters|
|j| magnetman210
|l| magnetman210
