|j|☆HeatInSeven14
|j|☆Cannon14
|html|HeatInSeven14Cannon14    
|uhtml|bestof|Game 1 of a best-of-3
|t:|1783026021
|gametype|doubles
|player|p1|HeatInSeven14|169|1081
|player|p2|Cannon14|steven|1174
|gen|9
|tier|[Gen 9 Champions] VGC 2026 Reg M-B (Bo3)
|rated|
|rule|Species Clause: Limit one of each Pokémon
|rule|Item Clause: Limit 1 of each item
|clearpoke
|poke|p1|Gallade, L50, M|
|poke|p1|Farigiraf, L50, F|
|poke|p1|Kangaskhan, L50, F, shiny|
|poke|p1|Hydrapple, L50, M|
|poke|p1|Torkoal, L50, F|
|poke|p1|Mawile, L50, M|
|poke|p2|Archaludon, L50, M|
|poke|p2|Pelipper, L50, F|
|poke|p2|Sinistcha, L50|
|poke|p2|Grimmsnarl, L50, M|
|poke|p2|Swampert, L50, M|
|poke|p2|Mimikyu, L50, F|
|teampreview|4
|showteam|p1|Gallade||FocusSash|Sharpness|SacredSword,PsychoCut,LeafBlade,WillOWisp|Adamant||M|||50|]Farigiraf||SitrusBerry|ArmorTail|TwinBeam,Thunderbolt,TrickRoom,Protect|Bold||F|||50|]Kangaskhan||Kangaskhanite|Scrappy|FakeOut,DoubleEdge,HammerArm,RockSlide|Brave||F|||50|]Hydrapple||LifeOrb|SupersweetSyrup|DracoMeteor,EnergyBall,EarthPower,Protect|Quiet||M|||50|]Torkoal||Charcoal|Drought|Eruption,WeatherBall,EarthPower,WillOWisp|Quiet||F|||50|]Mawile||Mawilite|HyperCutter|PlayRough,IronHead,SuckerPunch,Protect|Adamant||M|||50|
|showteam|p2|Archaludon||Leftovers|Stamina|ElectroShot,DragonPulse,AuraSphere,Protect|Bold||M|||50|]Pelipper||LifeOrb|Drizzle|Tailwind,Protect,Hurricane,WeatherBall|Modest||F|||50|]Sinistcha||KasibBerry|Hospitality|MatchaGotcha,RagePowder,Protect,TrickRoom|Bold|||||50|]Grimmsnarl||LightClay|Prankster|FoulPlay,Reflect,LightScreen,PartingShot|Careful||M|||50|]Swampert||Swampertite|Torrent|WaveCrash,Protect,Earthquake,HighHorsepower|Adamant||M|||50|]Mimikyu||WhiteHerb|Disguise|PlayRough,Protect,ShadowClaw,ShadowSneak|Adamant||F|||50|
|inactive|Battle timer is ON: inactive players will automatically lose when time's up. (requested by Cannon14)
|inactive|HeatInSeven14 has 60 seconds left.
|
|t:|1783026085
|teamsize|p1|4
|teamsize|p2|4
|start
|switch|p1a: Farigiraf|Farigiraf, L50, F|100/100
|switch|p1b: Gallade|Gallade, L50, M|100/100
|switch|p2a: Pelipper|Pelipper, L50, F|100/100
|switch|p2b: Grimmsnarl|Grimmsnarl, L50, M|100/100
|-weather|RainDance|[from] ability: Drizzle|[of] p2a: Pelipper
|turn|1
|
|t:|1783026108
|move|p2b: Grimmsnarl|Reflect|p2b: Grimmsnarl
|-sidestart|p2: Cannon14|Reflect
|move|p1b: Gallade|Leaf Blade|p2a: Pelipper
|-damage|p2a: Pelipper|65/100
|move|p2a: Pelipper|Weather Ball|p1a: Farigiraf
|-damage|p1a: Farigiraf|29/100
|-enditem|p1a: Farigiraf|Sitrus Berry|[eat]
|-heal|p1a: Farigiraf|53/100|[from] item: Sitrus Berry
|-damage|p2a: Pelipper|56/100|[from] item: Life Orb
|move|p1a: Farigiraf|Trick Room|p1a: Farigiraf
|-fieldstart|move: Trick Room|[of] p1a: Farigiraf
|
|-weather|RainDance|[upkeep]
|upkeep
|turn|2
|inactive|HeatInSeven14 has 30 seconds left.
|
|t:|1783026135
|switch|p1b: Hydrapple|Hydrapple, L50, M|100/100
|-ability|p1b: Hydrapple|Supersweet Syrup
|-unboost|p2a: Pelipper|evasion|1
|-unboost|p2b: Grimmsnarl|evasion|1
|move|p2a: Pelipper|Protect|p2a: Pelipper
|-singleturn|p2a: Pelipper|Protect
|move|p1a: Farigiraf|Thunderbolt|p2a: Pelipper
|-activate|p2a: Pelipper|move: Protect
|move|p2b: Grimmsnarl|Foul Play|p1b: Hydrapple
|-damage|p1b: Hydrapple|76/100
|
|-weather|RainDance|[upkeep]
|upkeep
|turn|3
|inactive|HeatInSeven14 has 30 seconds left.
|
|t:|1783026160
|switch|p2a: Swampert|Swampert, L50, M|100/100
|move|p2b: Grimmsnarl|Light Screen|p2b: Grimmsnarl
|-sidestart|p2: Cannon14|move: Light Screen
|move|p1b: Hydrapple|Energy Ball|p2a: Swampert
|-supereffective|p2a: Swampert|2
|-damage|p2a: Swampert|0 fnt
|faint|p2a: Swampert
|-damage|p1b: Hydrapple|67/100|[from] item: Life Orb
|move|p1a: Farigiraf|Thunderbolt|p2b: Grimmsnarl
|-damage|p2b: Grimmsnarl|86/100
|
|-weather|RainDance|[upkeep]
|upkeep
|
|t:|1783026175
|switch|p2a: Mimikyu|Mimikyu, L50, F|100/100
|turn|4
|inactive|HeatInSeven14 has 30 seconds left.
|
|t:|1783026202
|move|p1b: Hydrapple|Energy Ball|p2b: Grimmsnarl
|-damage|p2b: Grimmsnarl|48/100
|-damage|p1b: Hydrapple|57/100|[from] item: Life Orb
|move|p2b: Grimmsnarl|Foul Play|p1a: Farigiraf
|-supereffective|p1a: Farigiraf|1
|-damage|p1a: Farigiraf|7/100
|move|p1a: Farigiraf|Twin Beam|p2a: Mimikyu
|-activate|p2a: Mimikyu|ability: Disguise
|-damage|p2a: Mimikyu|100/100
|detailschange|p2a: Mimikyu|Mimikyu-Busted, L50, F
|-damage|p2a: Mimikyu|87/100|[from] pokemon: Mimikyu-Busted
|-damage|p2a: Mimikyu|75/100
|-hitcount|p2a: Mimikyu|2
|move|p2a: Mimikyu|Play Rough|p1b: Hydrapple
|-supereffective|p1b: Hydrapple|1
|-damage|p1b: Hydrapple|0 fnt
|faint|p1b: Hydrapple
|
|-weather|RainDance|[upkeep]
|upkeep
|
|t:|1783026220
|switch|p1b: Mawile|Mawile, L50, M|100/100
|turn|5
|
|t:|1783026242
|detailschange|p1b: Mawile|Mawile-Mega, L50, M
|-mega|p1b: Mawile|Mawile|Mawilite
|move|p1a: Farigiraf|Protect|p1a: Farigiraf
|-singleturn|p1a: Farigiraf|Protect
|move|p2a: Mimikyu|Protect|p2a: Mimikyu
|-singleturn|p2a: Mimikyu|Protect
|move|p1b: Mawile|Iron Head|p2a: Mimikyu
|-activate|p2a: Mimikyu|move: Protect
|move|p2b: Grimmsnarl|Foul Play|p1a: Farigiraf
|-activate|p1a: Farigiraf|move: Protect
|
|-weather|none
|-fieldend|move: Trick Room
|upkeep
|turn|6
|inactive|HeatInSeven14 has 30 seconds left.
|
|t:|1783026275
|switch|p2b: Pelipper|Pelipper, L50, F|56/100
|-weather|RainDance|[from] ability: Drizzle|[of] p2b: Pelipper
|move|p2a: Mimikyu|Play Rough|p1a: Farigiraf
|-damage|p1a: Farigiraf|0 fnt
|faint|p1a: Farigiraf
|move|p1b: Mawile|Iron Head|p2a: Mimikyu
|-supereffective|p2a: Mimikyu|1
|-damage|p2a: Mimikyu|0 fnt
|faint|p2a: Mimikyu
|
|-weather|RainDance|[upkeep]
|upkeep
|
|t:|1783026287
|switch|p2a: Grimmsnarl|Grimmsnarl, L50, M|48/100
|switch|p1a: Gallade|Gallade, L50, M|100/100
|turn|7
|
|t:|1783026303
|move|p2a: Grimmsnarl|Parting Shot|p1a: Gallade
|-unboost|p1a: Gallade|atk|1
|-unboost|p1a: Gallade|spa|1
|move|p1a: Gallade|Psycho Cut|p2b: Pelipper
|-damage|p2b: Pelipper|26/100
|move|p2b: Pelipper|Weather Ball|p1b: Mawile
|-damage|p1b: Mawile|9/100
|-damage|p2b: Pelipper|16/100|[from] item: Life Orb
|move|p1b: Mawile|Iron Head|p2a: Grimmsnarl
|-supereffective|p2a: Grimmsnarl|1
|-damage|p2a: Grimmsnarl|0 fnt
|faint|p2a: Grimmsnarl
|
|-weather|RainDance|[upkeep]
|upkeep
|turn|8
|
|t:|1783026320
|move|p1b: Mawile|Sucker Punch|p2b: Pelipper
|-damage|p2b: Pelipper|0 fnt
|faint|p2b: Pelipper
|
|win|HeatInSeven14
||HeatInSeven14 is ready for game 2.
