|j|☆bighamsterbaseball
|j|☆lukoog
|html|bighamsterbaseballlukoog    
|uhtml|bestof|Game 1 of a best-of-3
|t:|1784495380
|gametype|doubles
|player|p1|bighamsterbaseball|pokemaniac|1192
|player|p2|lukoog|2|1173
|gen|9
|tier|[Gen 9 Champions] VGC 2026 Reg M-B (Bo3)
|rated|
|rule|Species Clause: Limit one of each Pokémon
|rule|Item Clause: Limit 1 of each item
|clearpoke
|poke|p1|Scrafty, L50, M|
|poke|p1|Raichu, L50, F|
|poke|p1|Ceruledge, L50, M|
|poke|p1|Ninetales-Alola, L50, F|
|poke|p1|Palafin, L50, M|
|poke|p1|Staraptor, L50, M|
|poke|p2|Raichu, L50, M|
|poke|p2|Gholdengo, L50|
|poke|p2|Aerodactyl, L50, F, shiny|
|poke|p2|Garchomp, L50, M, shiny|
|poke|p2|Kingambit, L50, F|
|poke|p2|Rotom-Wash, L50|
|teampreview|4
|showteam|p1|Scrafty||Scraftinite|Intimidate|FakeOut,DrainPunch,KnockOff,DragonDance|Adamant||M|||50|]Raichu||RaichuniteY|Static|FakeOut,ZapCannon,FocusBlast,Protect|Timid||F|||50|]Ceruledge||ColburBerry|FlashFire|BitterBlade,ShadowSneak,BulkUp,Protect|Adamant||M|||50|]Ninetales-Alola||FocusSash|SnowWarning|Blizzard,FreezeDry,AuroraVeil,Protect|Timid||F|||50|]Palafin||Leftovers|ZerotoHero|WaveCrash,JetPunch,BulkUp,Protect|Adamant||M|||50|]Staraptor||ChoiceScarf|Intimidate|BraveBird,CloseCombat,Uturn,FinalGambit|Jolly||M|||50|
|showteam|p2|Raichu||RaichuniteY|LightningRod|ZapCannon,FocusBlast,FakeOut,Protect|Timid||M|||50|]Gholdengo||LifeOrb|GoodasGold|MakeItRain,ShadowBall,NastyPlot,Protect|Timid|||||50|]Aerodactyl||FocusSash|Unnerve|RockSlide,Tailwind,Taunt,WideGuard|Jolly||F|||50|]Garchomp||SoftSand|RoughSkin|Earthquake,RockSlide,StompingTantrum,Protect|Adamant||M|||50|]Kingambit||BlackGlasses|Defiant|Protect,LowKick,KowtowCleave,SuckerPunch|Adamant||F|||50|]Rotom-Wash||SitrusBerry|Levitate|Discharge,VoltSwitch,ShadowBall,WillOWisp|Bold|||||50|
|
|t:|1784495499
|teamsize|p1|4
|teamsize|p2|4
|start
|switch|p1a: Scrafty|Scrafty, L50, M|100/100
|switch|p1b: Palafin|Palafin, L50, M|100/100
|switch|p2a: Raichu|Raichu, L50, M|100/100
|switch|p2b: Gholdengo|Gholdengo, L50|100/100
|-ability|p1a: Scrafty|Intimidate|boost
|-unboost|p2a: Raichu|atk|1
|-unboost|p2b: Gholdengo|atk|1
|turn|1
|
|t:|1784495523
|detailschange|p1b: Palafin|Palafin-Hero, L50, M
|switch|p1b: Staraptor|Staraptor, L50, M|100/100
|-ability|p1b: Staraptor|Intimidate|boost
|-unboost|p2a: Raichu|atk|1
|-unboost|p2b: Gholdengo|atk|1
|detailschange|p2a: Raichu|Raichu-Mega-Y, L50, M
|-mega|p2a: Raichu|Raichu|Raichunite Y
|move|p1a: Scrafty|Fake Out|p2a: Raichu
|-damage|p2a: Raichu|77/100
|cant|p2a: Raichu|flinch
|move|p2b: Gholdengo|Nasty Plot|p2b: Gholdengo
|-boost|p2b: Gholdengo|spa|2
|
|upkeep
|turn|2
|
|t:|1784495572
|detailschange|p1a: Scrafty|Scrafty-Mega, L50, M
|-mega|p1a: Scrafty|Scrafty|Scraftinite
|-ability|p1a: Scrafty|Intimidate|boost
|-unboost|p2a: Raichu|atk|1
|-unboost|p2b: Gholdengo|atk|1
|move|p2b: Gholdengo|Protect|p2b: Gholdengo
|-singleturn|p2b: Gholdengo|Protect
|move|p1b: Staraptor|Final Gambit|p2a: Raichu
|-damage|p2a: Raichu|0 fnt
|faint|p1b: Staraptor
|faint|p2a: Raichu
|move|p1a: Scrafty|Dragon Dance|p1a: Scrafty
|-boost|p1a: Scrafty|atk|1
|-boost|p1a: Scrafty|spe|1
|
|upkeep
|
|t:|1784495592
|switch|p2a: Aerodactyl|Aerodactyl, L50, F, shiny|100/100
|switch|p1b: Ninetales|Ninetales-Alola, L50, F|100/100
|-ability|p2a: Aerodactyl|Unnerve
|-weather|Snowscape|[from] ability: Snow Warning|[of] p1b: Ninetales
|turn|3
|
|t:|1784495608
|move|p2a: Aerodactyl|Tailwind|p2a: Aerodactyl
|-sidestart|p2: lukoog|move: Tailwind
|move|p2b: Gholdengo|Make It Rain|p1b: Ninetales|[spread] p1a
|-miss|p2b: Gholdengo|p1b: Ninetales
|-damage|p1a: Scrafty|15/100
|-unboost|p2b: Gholdengo|spa|2
|-damage|p2b: Gholdengo|90/100|[from] item: Life Orb
|move|p1b: Ninetales|Aurora Veil|p1b: Ninetales
|-sidestart|p1: bighamsterbaseball|move: Aurora Veil
|move|p1a: Scrafty|Knock Off|p2b: Gholdengo
|-supereffective|p2b: Gholdengo|1
|-damage|p2b: Gholdengo|0 fnt
|-enditem|p2b: Gholdengo|Life Orb|[from] move: Knock Off|[of] p1a: Scrafty
|faint|p2b: Gholdengo
|
|-weather|Snowscape|[upkeep]
|upkeep
|
|t:|1784495621
|switch|p2b: Garchomp|Garchomp, L50, M, shiny|100/100
|turn|4
|
|t:|1784495629
|switch|p1a: Palafin|Palafin-Hero, L50, M|100/100
|-activate|p1a: Palafin|ability: Zero to Hero
|move|p1b: Ninetales|Protect|p1b: Ninetales
|-singleturn|p1b: Ninetales|Protect
|move|p2a: Aerodactyl|Rock Slide|p1b: Ninetales|[spread] 
|-activate|p1b: Ninetales|move: Protect
|-miss|p2a: Aerodactyl|p1a: Palafin
|move|p2b: Garchomp|Earthquake|p1b: Ninetales|[spread] p1a
|-activate|p1b: Ninetales|move: Protect
|-immune|p2a: Aerodactyl
|-damage|p1a: Palafin|70/100
|
|-weather|Snowscape|[upkeep]
|-heal|p1a: Palafin|75/100|[from] item: Leftovers
|upkeep
|turn|5
|
|t:|1784495640
|switch|p1b: Scrafty|Scrafty-Mega, L50, M|15/100
|-ability|p1b: Scrafty|Intimidate|boost
|-unboost|p2a: Aerodactyl|atk|1
|-unboost|p2b: Garchomp|atk|1
|move|p1a: Palafin|Jet Punch|p2a: Aerodactyl
|-supereffective|p2a: Aerodactyl|1
|-enditem|p2a: Aerodactyl|Focus Sash
|-damage|p2a: Aerodactyl|1/100
|move|p2a: Aerodactyl|Rock Slide|p1b: Scrafty|[spread] p1b
|-miss|p2a: Aerodactyl|p1a: Palafin
|-resisted|p1b: Scrafty|1
|-damage|p1b: Scrafty|10/100
|move|p2b: Garchomp|Earthquake|p1b: Scrafty|[spread] p1a,p1b
|-immune|p2a: Aerodactyl
|-damage|p1a: Palafin|56/100
|-damage|p1b: Scrafty|0 fnt
|faint|p1b: Scrafty
|
|-weather|Snowscape|[upkeep]
|-heal|p1a: Palafin|62/100|[from] item: Leftovers
|upkeep
|
|t:|1784495642
|switch|p1b: Ninetales|Ninetales-Alola, L50, F|100/100
|turn|6
|
|t:|1784495649
|move|p1a: Palafin|Jet Punch|p2a: Aerodactyl
|-supereffective|p2a: Aerodactyl|1
|-damage|p2a: Aerodactyl|0 fnt
|faint|p2a: Aerodactyl
|move|p2b: Garchomp|Earthquake|p1b: Ninetales|[spread] p1a,p1b
|-damage|p1a: Palafin|42/100
|-damage|p1b: Ninetales|77/100
|move|p1b: Ninetales|Blizzard|p2b: Garchomp
|-supereffective|p2b: Garchomp|2
|-damage|p2b: Garchomp|0 fnt
|faint|p2b: Garchomp
|
|win|bighamsterbaseball
|l|☆lukoog
|player|p2|
|inactive|bighamsterbaseball has 30 seconds to confirm battle start!
|inactive|lukoog has 30 seconds to confirm battle start!
||bighamsterbaseball is ready for game 2.
||lukoog is ready for game 2.
|uhtml|next|Next: Game 2 of 3
|l|☆bighamsterbaseball
|player|p1|
|j|☆bighamsterbaseball
|player|p1|bighamsterbaseball|pokemaniac|
