|j|☆queenghidorah12
|j|☆KodeBeast0526
|html|queenghidorah12KodeBeast0526    
|uhtml|bestof|Game 3 of a best-of-3
|t:|1784321216
|gametype|doubles
|player|p1|queenghidorah12|102|1153
|player|p2|KodeBeast0526|hiker|1220
|gen|9
|tier|[Gen 9 Champions] VGC 2026 Reg M-B (Bo3)
|rated|
|rule|Species Clause: Limit one of each Pokémon
|rule|Item Clause: Limit 1 of each item
|clearpoke
|poke|p1|Toxapex, L50, F|
|poke|p1|Grimmsnarl, L50, M|
|poke|p1|Scovillain, L50, M|
|poke|p1|Snorlax, L50, F|
|poke|p1|Hydreigon, L50, F|
|poke|p1|Charizard, L50, M|
|poke|p2|Aerodactyl, L50, M|
|poke|p2|Kingambit, L50, M|
|poke|p2|Sylveon, L50, M|
|poke|p2|Garchomp, L50, M|
|poke|p2|Charizard, L50, M|
|poke|p2|Incineroar, L50, M|
|teampreview|4
|showteam|p1|Toxapex||SitrusBerry|Regenerator|BanefulBunker,Toxic,Infestation,WideGuard|Bold||F|||50|]Grimmsnarl||LightClay|Prankster|SpiritBreak,Reflect,LightScreen,PartingShot|Careful||M|||50|]Scovillain||Scovillainite|Moody|LeechSeed,Overheat,RagePowder,Protect|Bold||M|||50|]Snorlax||Leftovers|ThickFat|Yawn,Protect,BodySlam,Fissure|Impish||F|||50|]Hydreigon||ChoiceScarf|Levitate|Snarl,DarkPulse,DracoMeteor,HeatWave|Modest||F|||50|]Charizard||CharizarditeY|Blaze|Protect,HeatWave,SolarBeam,WeatherBall|Timid||M|||50|
|showteam|p2|Aerodactyl||Aerodactylite|Unnerve|RockSlide,IceFang,Tailwind,WideGuard|Jolly||M|||50|]Kingambit||FocusSash|Defiant|KowtowCleave,SuckerPunch,IronHead,Protect|Adamant||M|||50|]Sylveon||FairyFeather|Pixilate|Detect,HyperVoice,HyperBeam,QuickAttack|Modest||M|||50|]Garchomp||LifeOrb|RoughSkin|Earthquake,DragonClaw,StompingTantrum,Protect|Jolly||M|||50|]Charizard||CharizarditeY|Blaze|Protect,HeatWave,SolarBeam,WeatherBall|Modest||M|||50|]Incineroar||SitrusBerry|Intimidate|DarkestLariat,FlareBlitz,FakeOut,PartingShot|Impish||M|||50|
|
|t:|1784321240
|teamsize|p1|4
|teamsize|p2|4
|start
|switch|p1a: Alpharius/omega|Scovillain, L50, M|100/100
|switch|p1b: Horus|Grimmsnarl, L50, M|100/100
|switch|p2a: Charizard|Charizard, L50, M|100/100
|switch|p2b: Incineroar|Incineroar, L50, M|100/100
|-ability|p2b: Incineroar|Intimidate|boost
|-unboost|p1a: Alpharius/omega|atk|1
|-unboost|p1b: Horus|atk|1
|turn|1
|
|t:|1784321252
|detailschange|p2a: Charizard|Charizard-Mega-Y, L50, M
|-mega|p2a: Charizard|Charizard|Charizardite Y
|-weather|SunnyDay|[from] ability: Drought|[of] p2a: Charizard
|detailschange|p1a: Alpharius/omega|Scovillain-Mega, L50, M
|-mega|p1a: Alpharius/omega|Scovillain|Scovillainite
|move|p1a: Alpharius/omega|Protect|p1a: Alpharius/omega
|-singleturn|p1a: Alpharius/omega|Protect
|move|p2b: Incineroar|Fake Out|p1b: Horus
|-damage|p1b: Horus|89/100
|cant|p1b: Horus|flinch
|move|p2a: Charizard|Weather Ball|p1b: Horus
|-damage|p1b: Horus|15/100
|
|-weather|SunnyDay|[upkeep]
|upkeep
|turn|2
|
|t:|1784321271
|move|p1b: Horus|Light Screen|p1b: Horus
|-sidestart|p1: queenghidorah12|move: Light Screen
|move|p2a: Charizard|Heat Wave|p1a: Alpharius/omega|[spread] p1a,p1b
|-crit|p1a: Alpharius/omega
|-damage|p1a: Alpharius/omega|0 fnt
|-damage|p1b: Horus|0 fnt
|-immune|p2a: Charizard
|faint|p1a: Alpharius/omega
|faint|p1b: Horus
|move|p2b: Incineroar|Flare Blitz|p1: Alpharius/omega|[notarget]
|-fail|p2b: Incineroar
|
|-weather|SunnyDay|[upkeep]
|upkeep
|
|t:|1784321278
|switch|p1a: Guilliman|Toxapex, L50, F|100/100
|switch|p1b: Lion ElJonson|Snorlax, L50, F|100/100
|turn|3
|
|t:|1784321295
|move|p2a: Charizard|Weather Ball|p1b: Lion ElJonson
|-damage|p1b: Lion ElJonson|81/100
|move|p2b: Incineroar|Flare Blitz|p1b: Lion ElJonson
|-damage|p1b: Lion ElJonson|57/100
|-damage|p2b: Incineroar|89/100|[from] Recoil
|move|p1a: Guilliman|Toxic|p2a: Charizard
|-status|p2a: Charizard|tox
|move|p1b: Lion ElJonson|Yawn|p2b: Incineroar
|-start|p2b: Incineroar|move: Yawn|[of] p1b: Lion ElJonson
|
|-weather|SunnyDay|[upkeep]
|-heal|p1b: Lion ElJonson|63/100|[from] item: Leftovers
|-damage|p2a: Charizard|93/100 tox|[from] psn
|upkeep
|turn|4
|
|t:|1784321320
|switch|p2b: Kingambit|Kingambit, L50, M|100/100
|move|p2a: Charizard|Weather Ball|p1b: Lion ElJonson
|-damage|p1b: Lion ElJonson|46/100
|move|p1a: Guilliman|Toxic|p2b: Kingambit
|-immune|p2b: Kingambit
|move|p1b: Lion ElJonson|Fissure|p2b: Kingambit|[miss]
|-miss|p1b: Lion ElJonson|p2b: Kingambit
|
|-weather|SunnyDay|[upkeep]
|-heal|p1b: Lion ElJonson|52/100|[from] item: Leftovers
|-damage|p2a: Charizard|81/100 tox|[from] psn
|upkeep
|turn|5
|
|t:|1784321336
|move|p2a: Charizard|Heat Wave|p1b: Lion ElJonson|[spread] p1a
|-miss|p2a: Charizard|p1b: Lion ElJonson
|-resisted|p1a: Guilliman|1
|-damage|p1a: Guilliman|83/100
|move|p2b: Kingambit|Iron Head|p1b: Lion ElJonson
|-damage|p1b: Lion ElJonson|24/100
|move|p1a: Guilliman|Infestation|p2b: Kingambit
|-damage|p2b: Kingambit|96/100
|-activate|p2b: Kingambit|move: Infestation|[of] p1a: Guilliman
|move|p1b: Lion ElJonson|Yawn|p2b: Kingambit
|-start|p2b: Kingambit|move: Yawn|[of] p1b: Lion ElJonson
|
|-weather|none
|-heal|p1b: Lion ElJonson|30/100|[from] item: Leftovers
|-damage|p2a: Charizard|62/100 tox|[from] psn
|-damage|p2b: Kingambit|84/100|[from] move: Infestation|[partiallytrapped]
|upkeep
|turn|6
|
|t:|1784321359
|switch|p2a: Incineroar|Incineroar, L50, M|89/100
|-ability|p2a: Incineroar|Intimidate|boost
|-unboost|p1a: Guilliman|atk|1
|-unboost|p1b: Lion ElJonson|atk|1
|move|p1b: Lion ElJonson|Protect|p1b: Lion ElJonson
|-singleturn|p1b: Lion ElJonson|Protect
|move|p2b: Kingambit|Kowtow Cleave|p1b: Lion ElJonson
|-activate|p1b: Lion ElJonson|move: Protect
|move|p1a: Guilliman|Infestation|p2a: Incineroar
|-damage|p2a: Incineroar|86/100
|-activate|p2a: Incineroar|move: Infestation|[of] p1a: Guilliman
|
|-heal|p1b: Lion ElJonson|36/100|[from] item: Leftovers
|-damage|p2b: Kingambit|71/100|[from] move: Infestation|[partiallytrapped]
|-damage|p2a: Incineroar|74/100|[from] move: Infestation|[partiallytrapped]
|-end|p2b: Kingambit|move: Yawn|[silent]
|-status|p2b: Kingambit|slp
|upkeep
|turn|7
|
|t:|1784321382
|cant|p2b: Kingambit|slp
|move|p2a: Incineroar|Parting Shot|p2b: Kingambit
|-unboost|p2b: Kingambit|atk|1
|-unboost|p2b: Kingambit|spa|1
|
|t:|1784321388
|switch|p2a: Garchomp|Garchomp, L50, M|100/100|[from] Parting Shot
|move|p1a: Guilliman|Toxic|p2a: Garchomp
|-status|p2a: Garchomp|tox
|move|p1b: Lion ElJonson|Body Slam|p2a: Garchomp
|-damage|p2a: Garchomp|77/100 tox
|-damage|p1b: Lion ElJonson|24/100|[from] ability: Rough Skin|[of] p2a: Garchomp
|
|-heal|p1b: Lion ElJonson|30/100|[from] item: Leftovers
|-damage|p2a: Garchomp|71/100 tox|[from] psn
|-damage|p2b: Kingambit|59/100 slp|[from] move: Infestation|[partiallytrapped]
|upkeep
|turn|8
|
|t:|1784321404
|move|p1a: Guilliman|Baneful Bunker|p1a: Guilliman
|-singleturn|p1a: Guilliman|move: Protect
|move|p1b: Lion ElJonson|Protect|p1b: Lion ElJonson
|-singleturn|p1b: Lion ElJonson|Protect
|move|p2a: Garchomp|Stomping Tantrum|p1b: Lion ElJonson
|-activate|p1b: Lion ElJonson|move: Protect
|-curestatus|p2b: Kingambit|slp|[msg]
|move|p2b: Kingambit|Iron Head|p1b: Lion ElJonson
|-activate|p1b: Lion ElJonson|move: Protect
|
|-heal|p1b: Lion ElJonson|36/100|[from] item: Leftovers
|-damage|p2a: Garchomp|59/100 tox|[from] psn
|-damage|p2b: Kingambit|47/100|[from] move: Infestation|[partiallytrapped]
|upkeep
|turn|9
|
|t:|1784321445
|move|p1a: Guilliman|Wide Guard|p1a: Guilliman
|-singleturn|p1a: Guilliman|Wide Guard
|move|p2b: Kingambit|Sucker Punch||[still]
|-fail|p2b: Kingambit
|move|p2a: Garchomp|Earthquake|p1b: Lion ElJonson|[spread] p2b
|-activate|p1a: Guilliman|move: Wide Guard
|-activate|p1b: Lion ElJonson|move: Wide Guard
|-supereffective|p2b: Kingambit|1
|-crit|p2b: Kingambit
|-damage|p2b: Kingambit|0 fnt
|faint|p2b: Kingambit
|-damage|p2a: Garchomp|49/100 tox|[from] item: Life Orb
|move|p1b: Lion ElJonson|Yawn||[still]
|-fail|p1b: Lion ElJonson
|
|-heal|p1b: Lion ElJonson|42/100|[from] item: Leftovers
|-damage|p2a: Garchomp|31/100 tox|[from] psn
|-sideend|p1: queenghidorah12|move: Light Screen
|upkeep
|
|t:|1784321457
|switch|p2b: Charizard|Charizard-Mega-Y, L50, M|62/100 tox
|-weather|SunnyDay|[from] ability: Drought|[of] p2b: Charizard
|turn|10
|
|t:|1784321476
|switch|p2a: Incineroar|Incineroar, L50, M|74/100
|-ability|p2a: Incineroar|Intimidate|boost
|-unboost|p1a: Guilliman|atk|1
|-unboost|p1b: Lion ElJonson|atk|1
|move|p1b: Lion ElJonson|Protect|p1b: Lion ElJonson
|-singleturn|p1b: Lion ElJonson|Protect
|move|p2b: Charizard|Weather Ball|p1b: Lion ElJonson
|-activate|p1b: Lion ElJonson|move: Protect
|move|p1a: Guilliman|Infestation|p2b: Charizard
|-resisted|p2b: Charizard|2
|-crit|p2b: Charizard
|-damage|p2b: Charizard|61/100 tox
|-activate|p2b: Charizard|move: Infestation|[of] p1a: Guilliman
|
|-weather|SunnyDay|[upkeep]
|-heal|p1b: Lion ElJonson|48/100|[from] item: Leftovers
|-damage|p2b: Charizard|55/100 tox|[from] psn
|-damage|p2b: Charizard|42/100 tox|[from] move: Infestation|[partiallytrapped]
|upkeep
|turn|11
|
|t:|1784321495
|move|p2a: Incineroar|Fake Out|p1a: Guilliman
|-damage|p1a: Guilliman|75/100
|move|p2b: Charizard|Heat Wave|p1b: Lion ElJonson|[spread] p1a,p1b
|-resisted|p1a: Guilliman|1
|-damage|p1a: Guilliman|50/100g
|-damage|p1b: Lion ElJonson|28/100
|-status|p1b: Lion ElJonson|brn
|cant|p1a: Guilliman|flinch
|move|p1b: Lion ElJonson|Fissure|p2a: Incineroar
|-damage|p2a: Incineroar|0 fnt
|faint|p2a: Incineroar
|-ohko
|
|-weather|SunnyDay|[upkeep]
|-heal|p1b: Lion ElJonson|34/100 brn|[from] item: Leftovers
|-damage|p2b: Charizard|30/100 tox|[from] psn
|-damage|p1b: Lion ElJonson|28/100 brn|[from] brn
|-damage|p2b: Charizard|18/100 tox|[from] move: Infestation|[partiallytrapped]
|upkeep
|
|t:|1784321508
|switch|p2a: Garchomp|Garchomp, L50, M|31/100 tox
|turn|12
|
|t:|1784321518
|move|p1b: Lion ElJonson|Protect|p1b: Lion ElJonson
|-singleturn|p1b: Lion ElJonson|Protect
|move|p2a: Garchomp|Stomping Tantrum|p1a: Guilliman
|-supereffective|p1a: Guilliman|1
|-damage|p1a: Guilliman|0 fnt
|faint|p1a: Guilliman
|-damage|p2a: Garchomp|21/100 tox|[from] item: Life Orb
|move|p2b: Charizard|Heat Wave|p1b: Lion ElJonson
|-activate|p1b: Lion ElJonson|move: Protect
|
|-weather|SunnyDay|[upkeep]
|-heal|p1b: Lion ElJonson|34/100 brn|[from] item: Leftovers
|-damage|p2a: Garchomp|15/100 tox|[from] psn
|-damage|p2b: Charizard|0 fnt|[from] psn
|faint|p2b: Charizard
|-damage|p1b: Lion ElJonson|28/100 brn|[from] brn
|upkeep
|turn|13
|inactive|Battle timer is ON: inactive players will automatically lose when time's up. (requested by KodeBeast0526)
|
|t:|1784321534
|move|p1b: Lion ElJonson|Protect||[still]
|-fail|p1b: Lion ElJonson
|move|p2a: Garchomp|Earthquake|p1b: Lion ElJonson
|-damage|p1b: Lion ElJonson|0 fnt
|faint|p1b: Lion ElJonson
|-damage|p2a: Garchomp|5/100 tox|[from] item: Life Orb
|
|win|KodeBeast0526
|raw|queenghidorah12's rating: 1153 → 1133(-20 for losing)
|raw|KodeBeast0526's rating: 1220 → 1240(+20 for winning)
|c|☆KodeBeast0526|Gg
