|j|☆BenjiRNG
|j|☆SantVt
|html|BenjiRNGSantVt    
|uhtml|bestof|Game 1 of a best-of-3
|t:|1782613022
|gametype|doubles
|player|p1|BenjiRNG|169|1089
|player|p2|SantVt|giovanni|1000
|gen|9
|tier|[Gen 9 Champions] VGC 2026 Reg M-B (Bo3)
|rated|
|rule|Species Clause: Limit one of each Pokémon
|rule|Item Clause: Limit 1 of each item
|clearpoke
|poke|p1|Raichu, L50, M|
|poke|p1|Scovillain, L50, F|
|poke|p1|Basculegion-F, L50, F|
|poke|p1|Whimsicott, L50, F|
|poke|p1|Kingambit, L50, F|
|poke|p1|Toxapex, L50, M|
|poke|p2|Volcarona, L50, M|
|poke|p2|Feraligatr, L50, M|
|poke|p2|Serperior, L50, M|
|poke|p2|Clefable, L50, M|
|poke|p2|Skarmory, L50, M|
|poke|p2|Tinkaton, L50, F|
|teampreview|4
|showteam|p1|Raichu||RaichuniteY|LightningRod|FakeOut,ZapCannon,FocusBlast,Protect|Modest||M|||50|]Scovillain||Scovillainite|Chlorophyll|RagePowder,Overheat,HelpingHand,LeafStorm|Modest||F|||50|]Basculegion-F||LifeOrb|Adaptability|Hex,MuddyWater,LastRespects,Protect|Rash||F|||50|]Whimsicott||FocusSash|Prankster|Moonblast,Tailwind,Encore,Protect|Modest||F|||50|]Kingambit||ChopleBerry|Defiant|KowtowCleave,SuckerPunch,IronHead,Protect|Adamant||F|||50|]Toxapex||Leftovers|Regenerator|BanefulBunker,Toxic,Infestation,WideGuard|Bold||M|||50|
|showteam|p2|Volcarona||PasshoBerry|FlameBody|RagePowder,FieryDance,StruggleBug,Tailwind|Timid||M|||50|]Feraligatr||Feraligite|Torrent|DoubleEdge,Liquidation,DragonDance,Protect|Jolly||M|||50|]Serperior||SitrusBerry|Contrary|LeafStorm,Reflect,LightScreen,Taunt|Timid||M|||50|]Clefable||Leftovers|Unaware|Moonblast,FollowMe,Protect,LifeDew|Bold||M|||50|]Skarmory||Skarmorite|KeenEye|SwordsDance,DualWingbeat,Protect,DrillRun|Adamant||M|||50|]Tinkaton||FocusSash|MoldBreaker|GigatonHammer,FakeOut,Encore,Protect|Jolly||F|||50|
|
|t:|1782613080
|teamsize|p1|4
|teamsize|p2|4
|start
|switch|p1a: Scovillain|Scovillain, L50, F|100/100
|switch|p1b: Basculegion|Basculegion-F, L50, F|100/100
|switch|p2a: Tinkaton|Tinkaton, L50, F|100/100
|switch|p2b: Skarmory|Skarmory, L50, M|100/100
|-ability|p2a: Tinkaton|Mold Breaker
|turn|1
|inactive|Battle timer is ON: inactive players will automatically lose when time's up. (requested by SantVt)
|inactive|BenjiRNG has 60 seconds left.
|
|t:|1782613111
|detailschange|p2b: Skarmory|Skarmory-Mega, L50, M
|-mega|p2b: Skarmory|Skarmory|Skarmorite
|detailschange|p1a: Scovillain|Scovillain-Mega, L50, F
|-mega|p1a: Scovillain|Scovillain|Scovillainite
|move|p2a: Tinkaton|Fake Out|p1a: Scovillain
|-crit|p1a: Scovillain
|-damage|p1a: Scovillain|86/100
|-status|p2a: Tinkaton|brn|[from] ability: Spicy Spray|[of] p1a: Scovillain
|move|p2b: Skarmory|Dual Wingbeat|p1a: Scovillain
|-supereffective|p1a: Scovillain|1
|-damage|p1a: Scovillain|27/100
|-status|p2b: Skarmory|brn|[from] ability: Spicy Spray|[of] p1a: Scovillain
|-supereffective|p1a: Scovillain|1
|-damage|p1a: Scovillain|0 fnt
|faint|p1a: Scovillain
|-hitcount|p1: Scovillain|2
|move|p1b: Basculegion|Hex|p2a: Tinkaton
|-damage|p2a: Tinkaton|4/100 brn
|-damage|p1b: Basculegion|90/100|[from] item: Life Orb
|
|-damage|p2a: Tinkaton|0 fnt|[from] brn
|faint|p2a: Tinkaton
|-damage|p2b: Skarmory|93/100 brn|[from] brn
|upkeep
|
|t:|1782613134
|switch|p2a: Feraligatr|Feraligatr, L50, M|100/100
|switch|p1a: Whimsicott|Whimsicott, L50, F|100/100
|turn|2
|
|t:|1782613147
|move|p1a: Whimsicott|Tailwind|p1a: Whimsicott
|-sidestart|p1: BenjiRNG|move: Tailwind
|move|p1b: Basculegion|Hex|p2b: Skarmory
|-damage|p2b: Skarmory|0 fnt
|faint|p2b: Skarmory
|-damage|p1b: Basculegion|80/100|[from] item: Life Orb
|move|p2a: Feraligatr|Dragon Dance|p2a: Feraligatr
|-boost|p2a: Feraligatr|atk|1
|-boost|p2a: Feraligatr|spe|1
|
|upkeep
|
|t:|1782613153
|switch|p2b: Volcarona|Volcarona, L50, M|100/100
|turn|3
|
|t:|1782613162
|move|p1a: Whimsicott|Encore|p2a: Feraligatr
|-start|p2a: Feraligatr|Encore
|move|p1b: Basculegion|Muddy Water|p2a: Feraligatr|[spread] p2a,p2b
|-resisted|p2a: Feraligatr|1
|-supereffective|p2b: Volcarona|1
|-enditem|p2b: Volcarona|Passho Berry|[eat]
|-enditem|p2b: Volcarona|Passho Berry|[weaken]
|-damage|p2a: Feraligatr|64/100
|-damage|p2b: Volcarona|41/100
|-damage|p1b: Basculegion|70/100|[from] item: Life Orb
|move|p2a: Feraligatr|Dragon Dance|p2a: Feraligatr
|-boost|p2a: Feraligatr|atk|1
|-boost|p2a: Feraligatr|spe|1
|move|p2b: Volcarona|Tailwind|p2b: Volcarona
|-sidestart|p2: SantVt|move: Tailwind
|
|upkeep
|turn|4
|
|t:|1782613177
|move|p1a: Whimsicott|Encore|p2b: Volcarona
|-start|p2b: Volcarona|Encore
|move|p2a: Feraligatr|Dragon Dance|p2a: Feraligatr
|-boost|p2a: Feraligatr|atk|1
|-boost|p2a: Feraligatr|spe|1
|move|p2b: Volcarona|Tailwind||[still]
|-fail|p2b: Volcarona
|move|p1b: Basculegion|Muddy Water|p2b: Volcarona|[spread] p2a,p2b
|-resisted|p2a: Feraligatr|1
|-supereffective|p2b: Volcarona|1
|-damage|p2a: Feraligatr|28/100
|-damage|p2b: Volcarona|0 fnt
|faint|p2b: Volcarona
|-damage|p1b: Basculegion|61/100|[from] item: Life Orb
|
|upkeep
|turn|5
|
|t:|1782613190
|move|p2a: Feraligatr|Dragon Dance|p2a: Feraligatr
|-boost|p2a: Feraligatr|atk|1
|-boost|p2a: Feraligatr|spe|1
|move|p1a: Whimsicott|Moonblast|p2a: Feraligatr
|-damage|p2a: Feraligatr|0 fnt
|faint|p2a: Feraligatr
|
|win|BenjiRNG
|l|☆SantVt
|player|p2|
|raw|BenjiRNG's rating: 1089 → 1109(+20 for winning)
|raw|SantVt's rating: 1000 → 1000(+0 for losing)
