|j|☆Elyihas
|j|☆dodovgc
|html|Elyihasdodovgc    
|uhtml|bestof|Game 1 of a best-of-3
|t:|1784323072
|gametype|doubles
|player|p1|Elyihas|101|
|player|p2|dodovgc|2|
|gen|9
|tier|[Gen 9 Champions] VGC 2026 Reg M-B (Bo3)
|rule|Species Clause: Limit one of each Pokémon
|rule|Item Clause: Limit 1 of each item
|clearpoke
|poke|p1|Staraptor, L50, M|
|poke|p1|Incineroar, L50, M|
|poke|p1|Basculegion, L50, M|
|poke|p1|Whimsicott, L50, F|
|poke|p1|Farigiraf, L50, M|
|poke|p1|Garchomp, L50, M|
|poke|p2|Kingambit, L50, M|
|poke|p2|Garchomp, L50, F|
|poke|p2|Whimsicott, L50, F|
|poke|p2|Staraptor, L50, M|
|poke|p2|Pyroar, L50, F|
|poke|p2|Gholdengo, L50|
|teampreview|4
|showteam|p1|Staraptor||Staraptite|Intimidate|Protect,DualWingbeat,CloseCombat,Roost|Adamant||M|||50|]Incineroar||SitrusBerry|Intimidate|FakeOut,FlareBlitz,ThroatChop,PartingShot|Adamant||M|||50|]Basculegion||MysticWater|Adaptability|LastRespects,Protect,AquaJet,WaveCrash|Jolly||M|||50|]Whimsicott||FocusSash|Prankster|Tailwind,Encore,Charm,Moonblast|Timid||F|||50|]Farigiraf||Leftovers|ArmorTail|FoulPlay,Endeavor,TrickRoom,Protect|Sassy||M|||50|]Garchomp||LifeOrb|RoughSkin|Protect,StompingTantrum,RockSlide,DragonClaw|Jolly||M|||50|
|showteam|p2|Kingambit||ChopleBerry|Defiant|Protect,KowtowCleave,SuckerPunch,IronHead|Adamant||M|||50|]Garchomp||LifeOrb|RoughSkin|Earthquake,RockSlide,DragonClaw,Liquidation|Jolly||F|||50|]Whimsicott||FocusSash|Prankster|Protect,Tailwind,Moonblast,Charm|Modest||F|||50|]Staraptor||Staraptite|Intimidate|BraveBird,CloseCombat,Roost,Protect|Jolly||M|||50|]Pyroar||Pyroarite|Unnerve|Protect,ScorchingSands,Overheat,HeatWave|Timid||F|||50|]Gholdengo||ExpertBelt|GoodasGold|MakeItRain,ShadowBall,PowerGem,Protect|Modest|||||50|
|
|t:|1784323132
|teamsize|p1|4
|teamsize|p2|4
|start
|switch|p1a: Whimsicott|Whimsicott, L50, F|100/100
|switch|p1b: Staraptor|Staraptor, L50, M|100/100
|switch|p2a: Pyroar|Pyroar, L50, F|100/100
|switch|p2b: Kingambit|Kingambit, L50, M|100/100
|-ability|p2a: Pyroar|Unnerve
|-ability|p1b: Staraptor|Intimidate|boost
|-unboost|p2a: Pyroar|atk|1
|-unboost|p2b: Kingambit|atk|1
|-ability|p2b: Kingambit|Defiant|boost
|-boost|p2b: Kingambit|atk|2
|turn|1
|
|t:|1784323181
|switch|p2b: Whimsicott|Whimsicott, L50, F|100/100
|detailschange|p2a: Pyroar|Pyroar-Mega, L50, F
|-mega|p2a: Pyroar|Pyroar|Pyroarite
|move|p1b: Staraptor|Protect|p1b: Staraptor
|-singleturn|p1b: Staraptor|Protect
|move|p1a: Whimsicott|Tailwind|p1a: Whimsicott
|-sidestart|p1: Elyihas|move: Tailwind
|move|p2a: Pyroar|Heat Wave|p1b: Staraptor|[spread] p1a
|-activate|p1b: Staraptor|move: Protect
|-supereffective|p1a: Whimsicott|1
|-enditem|p1a: Whimsicott|Focus Sash
|-damage|p1a: Whimsicott|1/100
|
|upkeep
|turn|2
|
|t:|1784323250
|switch|p1a: Farigiraf|Farigiraf, L50, M|100/100
|switch|p2a: Gholdengo|Gholdengo, L50|100/100
|detailschange|p1b: Staraptor|Staraptor-Mega, L50, M
|-mega|p1b: Staraptor|Staraptor|Staraptite
|move|p2b: Whimsicott|Tailwind|p2b: Whimsicott
|-sidestart|p2: dodovgc|move: Tailwind
|move|p1b: Staraptor|Close Combat|p2a: Gholdengo
|-immune|p2a: Gholdengo
|
|upkeep
|turn|3
|
|t:|1784323301
|move|p2b: Whimsicott|Moonblast|p1a: Farigiraf
|-damage|p1a: Farigiraf|63/100
|move|p1b: Staraptor|Dual Wingbeat|p2b: Whimsicott
|-supereffective|p2b: Whimsicott|1
|-damage|p2b: Whimsicott|28/100
|-supereffective|p2b: Whimsicott|1
|-crit|p2b: Whimsicott
|-damage|p2b: Whimsicott|0 fnt
|faint|p2b: Whimsicott
|-hitcount|p2: Whimsicott|2
|move|p2a: Gholdengo|Make It Rain|p1b: Staraptor|[spread] p1a,p1b
|-damage|p1a: Farigiraf|22/100
|-damage|p1b: Staraptor|51/100
|-unboost|p2a: Gholdengo|spa|2
|move|p1a: Farigiraf|Foul Play|p2a: Gholdengo
|-supereffective|p2a: Gholdengo|1
|-damage|p2a: Gholdengo|73/100
|
|-heal|p1a: Farigiraf|28/100|[from] item: Leftovers
|upkeep
|
|t:|1784323339
|switch|p2b: Pyroar|Pyroar-Mega, L50, F|100/100
|turn|4
|
|t:|1784323358
|move|p2b: Pyroar|Heat Wave|p1a: Farigiraf|[spread] p1a,p1b
|-damage|p1a: Farigiraf|0 fnt
|-damage|p1b: Staraptor|0 fnt
|faint|p1a: Farigiraf
|faint|p1b: Staraptor
|move|p2a: Gholdengo|Make It Rain|p1: Farigiraf|[notarget]
|-fail|p2a: Gholdengo
|
|-sideend|p1: Elyihas|move: Tailwind
|upkeep
|
|t:|1784323371
|switch|p1b: Basculegion|Basculegion, L50, M|100/100
|switch|p1a: Whimsicott|Whimsicott, L50, F|1/100
|turn|5
|
|t:|1784323394
|switch|p2a: Kingambit|Kingambit, L50, M|100/100
|move|p1a: Whimsicott|Tailwind|p1a: Whimsicott
|-sidestart|p1: Elyihas|move: Tailwind
|move|p2b: Pyroar|Heat Wave|p1b: Basculegion|[spread] p1b
|-miss|p2b: Pyroar|p1a: Whimsicott
|-resisted|p1b: Basculegion|1
|-damage|p1b: Basculegion|66/100
|move|p1b: Basculegion|Last Respects|p2a: Kingambit
|-resisted|p2a: Kingambit|1
|-damage|p2a: Kingambit|65/100
|
|-sideend|p2: dodovgc|move: Tailwind
|upkeep
|turn|6
|
|t:|1784323411
|move|p1b: Basculegion|Protect|p1b: Basculegion
|-singleturn|p1b: Basculegion|Protect
|move|p2a: Kingambit|Sucker Punch||[still]
|-fail|p2a: Kingambit
|move|p1a: Whimsicott|Moonblast|p2a: Kingambit
|-damage|p2a: Kingambit|28/100
|move|p2b: Pyroar|Scorching Sands|p1a: Whimsicott
|-resisted|p1a: Whimsicott|1
|-damage|p1a: Whimsicott|0 fnt
|faint|p1a: Whimsicott
|
|upkeep
|turn|7
|
|t:|1784323435
|move|p1b: Basculegion|Aqua Jet|p2a: Kingambit
|-damage|p2a: Kingambit|6/100
|move|p2a: Kingambit|Sucker Punch||[still]
|-fail|p2a: Kingambit
|move|p2b: Pyroar|Scorching Sands|p1b: Basculegion
|-damage|p1b: Basculegion|38/100
|
|upkeep
|turn|8
|
|t:|1784323454
|move|p2a: Kingambit|Sucker Punch|p1b: Basculegion
|-supereffective|p1b: Basculegion|1
|-damage|p1b: Basculegion|0 fnt
|faint|p1b: Basculegion
|
|win|dodovgc
||dodovgc is ready for game 2.
||Elyihas is ready for game 2.
|uhtml|next|Next: Game 2 of 3
