|j|☆holylike
|j|☆DragonairJordan23
|html|holylikeDragonairJordan23    
|uhtml|bestof|Game 1 of a best-of-3
|t:|1783776117
|gametype|doubles
|player|p1|holylike|ethan|1119
|player|p2|DragonairJordan23|dancer|1084
|gen|9
|tier|[Gen 9 Champions] VGC 2026 Reg M-B (Bo3)
|rated|
|rule|Species Clause: Limit one of each Pokémon
|rule|Item Clause: Limit 1 of each item
|clearpoke
|poke|p1|Emolga, L50, M|
|poke|p1|Manectric, L50, M|
|poke|p1|Sylveon, L50, F|
|poke|p1|Goodra-Hisui, L50, M|
|poke|p1|Basculegion, L50, M|
|poke|p1|Whimsicott, L50, F|
|poke|p2|Kommo-o, L50, F|
|poke|p2|Glimmora, L50, M|
|poke|p2|Froslass, L50, F|
|poke|p2|Incineroar, L50, M|
|poke|p2|Mawile, L50, M|
|poke|p2|Farigiraf, L50, M|
|teampreview|4
|showteam|p1|Emolga||FocusSash|MotorDrive|Electroweb,BatonPass,Protect,Taunt|Timid||M|||50|]Manectric||Manectite|LightningRod|Discharge,Protect,Round,Snarl|Timid||M|||50|]Sylveon||FairyFeather|Pixilate|Round,HyperVoice,MysticalFire,Protect|Modest||F|||50|]Goodra-Hisui||DragonFang|Gooey|DragonPulse,Flamethrower,FlashCannon,IceBeam|Timid||M|||50|]Basculegion||LifeOrb|Adaptability|Waterfall,LastRespects,AquaJet,Protect|Jolly||M|||50|]Whimsicott||MentalHerb|Prankster|Tailwind,Moonblast,Encore,EnergyBall|Timid||F|||50|
|showteam|p2|Kommo-o||Leftovers|Soundproof|IronDefense,BodyPress,DragonTail,Protect|Impish||F|||50|]Glimmora||FocusSash|ToxicDebris|PowerGem,SludgeBomb,EarthPower,SpikyShield|Timid||M|||50|]Froslass||Froslassite|SnowCloak|Blizzard,ShadowBall,AuroraVeil,Protect|Timid||F|||50|]Incineroar||SitrusBerry|Intimidate|FakeOut,FlareBlitz,ThroatChop,PartingShot|Serious||M|||50|]Mawile||Mawilite|HyperCutter|SuckerPunch,PlayRough,SwordsDance,Protect|Adamant||M|||50|]Farigiraf||ColburBerry|ArmorTail|Thunderbolt,Psychic,TrickRoom,Protect|Quiet||M|||50|
|inactive|Battle timer is ON: inactive players will automatically lose when time's up. (requested by holylike)
|
|t:|1783776145
|teamsize|p1|4
|teamsize|p2|4
|start
|switch|p1a: Emolga|Emolga, L50, M|100/100
|switch|p1b: Manectric|Manectric, L50, M|100/100
|switch|p2a: Froslass|Froslass, L50, F|100/100
|switch|p2b: Glimmora|Glimmora, L50, M|100/100
|turn|1
|
|t:|1783776164
|detailschange|p2a: Froslass|Froslass-Mega, L50, F
|-mega|p2a: Froslass|Froslass|Froslassite
|-weather|Snowscape|[from] ability: Snow Warning|[of] p2a: Froslass
|detailschange|p1b: Manectric|Manectric-Mega, L50, M
|-mega|p1b: Manectric|Manectric|Manectite
|-ability|p1b: Manectric|Intimidate|boost
|-unboost|p2a: Froslass|atk|1
|-unboost|p2b: Glimmora|atk|1
|move|p2b: Glimmora|Spiky Shield|p2b: Glimmora
|-singleturn|p2b: Glimmora|move: Protect
|move|p1b: Manectric|Discharge|p2a: Froslass|[spread] p2a
|-activate|p2b: Glimmora|move: Protect
|-ability|p1a: Emolga|Motor Drive|boost
|-boost|p1a: Emolga|spe|1
|-damage|p2a: Froslass|59/100
|move|p1a: Emolga|Electroweb|p2b: Glimmora|[spread] p2a
|-activate|p2b: Glimmora|move: Protect
|-damage|p2a: Froslass|44/100
|-unboost|p2a: Froslass|spe|1
|move|p2a: Froslass|Aurora Veil|p2a: Froslass
|-sidestart|p2: DragonairJordan23|move: Aurora Veil
|
|-weather|Snowscape|[upkeep]
|upkeep
|turn|2
|inactive|holylike has 30 seconds left.
|
|t:|1783776191
|switch|p2a: Incineroar|Incineroar, L50, M|100/100
|-ability|p2a: Incineroar|Intimidate|boost
|-unboost|p1a: Emolga|atk|1
|-unboost|p1b: Manectric|atk|1
|move|p1a: Emolga|Electroweb|p2a: Incineroar|[spread] p2a,p2b
|-damage|p2a: Incineroar|93/100
|-damage|p2b: Glimmora|89/100
|-unboost|p2a: Incineroar|spe|1
|-unboost|p2b: Glimmora|spe|1
|move|p1b: Manectric|Discharge|p2a: Incineroar|[spread] p2a,p2b
|-ability|p1a: Emolga|Motor Drive|boost
|-boost|p1a: Emolga|spe|1
|-damage|p2a: Incineroar|73/100
|-damage|p2b: Glimmora|62/100
|move|p2b: Glimmora|Power Gem|p1a: Emolga
|-supereffective|p1a: Emolga|1
|-enditem|p1a: Emolga|Focus Sash
|-damage|p1a: Emolga|1/100
|
|-weather|Snowscape|[upkeep]
|upkeep
|turn|3
|
|t:|1783776213
|switch|p2b: Kommo-o|Kommo-o, L50, F|100/100
|move|p1a: Emolga|Baton Pass|p1a: Emolga
|
|t:|1783776218
|switch|p1a: Goodra|Goodra-Hisui, L50, M|100/100|[from] Baton Pass
|move|p1b: Manectric|Snarl|p2a: Incineroar|[spread] p2a
|-immune|p2b: Kommo-o|[from] ability: Soundproof
|-resisted|p2a: Incineroar|1
|-damage|p2a: Incineroar|69/100
|-unboost|p2a: Incineroar|spa|1
|move|p2a: Incineroar|Parting Shot|p1b: Manectric
|-unboost|p1b: Manectric|atk|1
|-unboost|p1b: Manectric|spa|1
|
|t:|1783776232
|switch|p2a: Glimmora|Glimmora, L50, M|62/100|[from] Parting Shot
|
|-weather|Snowscape|[upkeep]
|upkeep
|turn|4
|
|t:|1783776243
|switch|p1b: Emolga|Emolga, L50, M|1/100
|switch|p2a: Incineroar|Incineroar, L50, M|69/100
|-ability|p2a: Incineroar|Intimidate|boost
|-unboost|p1a: Goodra|atk|1
|-unboost|p1b: Emolga|atk|1
|move|p1a: Goodra|Dragon Pulse|p2b: Kommo-o
|-supereffective|p2b: Kommo-o|1
|-damage|p2b: Kommo-o|47/100
|move|p2b: Kommo-o|Iron Defense|p2b: Kommo-o
|-boost|p2b: Kommo-o|def|2
|
|-weather|Snowscape|[upkeep]
|-heal|p2b: Kommo-o|53/100|[from] item: Leftovers
|upkeep
|turn|5
|
|t:|1783776265
|move|p2a: Incineroar|Fake Out|p1a: Goodra
|-resisted|p1a: Goodra|1
|-damage|p1a: Goodra|94/100
|-ability|p1a: Goodra|Gooey
|-unboost|p2a: Incineroar|spe|1
|cant|p1a: Goodra|flinch
|move|p1b: Emolga|Electroweb|p2a: Incineroar|[spread] p2b
|-miss|p1b: Emolga|p2a: Incineroar
|-resisted|p2b: Kommo-o|1
|-damage|p2b: Kommo-o|50/100y
|-unboost|p2b: Kommo-o|spe|1
|move|p2b: Kommo-o|Dragon Tail|p1a: Goodra
|-damage|p1a: Goodra|67/100
|-ability|p1a: Goodra|Gooey
|-unboost|p2b: Kommo-o|spe|1
|drag|p1a: Basculegion|Basculegion, L50, M|100/100
|
|-weather|none
|-heal|p2b: Kommo-o|56/100|[from] item: Leftovers
|-sideend|p2: DragonairJordan23|move: Aurora Veil
|upkeep
|turn|6
|inactive|holylike has 30 seconds left.
|
|t:|1783776299
|switch|p2a: Glimmora|Glimmora, L50, M|62/100
|move|p1b: Emolga|Electroweb|p2a: Glimmora|[spread] p2a,p2b
|-resisted|p2b: Kommo-o|1
|-damage|p2a: Glimmora|47/100
|-damage|p2b: Kommo-o|51/100
|-unboost|p2a: Glimmora|spe|1
|-unboost|p2b: Kommo-o|spe|1
|move|p1a: Basculegion|Waterfall|p2a: Glimmora
|-supereffective|p2a: Glimmora|1
|-damage|p2a: Glimmora|0 fnt
|-activate|p2a: Glimmora|ability: Toxic Debris
|-sidestart|p1: holylike|move: Toxic Spikes
|faint|p2a: Glimmora
|-damage|p1a: Basculegion|90/100|[from] item: Life Orb
|move|p2b: Kommo-o|Body Press|p1b: Emolga
|-resisted|p1b: Emolga|1
|-damage|p1b: Emolga|0 fnt
|faint|p1b: Emolga
|
|-heal|p2b: Kommo-o|57/100|[from] item: Leftovers
|upkeep
|-message|holylike forfeited.
|
|win|DragonairJordan23
