|j|☆LanternComic
|j|☆SomeKidJon
|html|LanternComicSomeKidJon    
|uhtml|bestof|Game 1 of a best-of-3
|t:|1783208142
|gametype|doubles
|player|p1|LanternComic|silver-masters|1216
|player|p2|SomeKidJon|scientistf|1260
|gen|9
|tier|[Gen 9 Champions] VGC 2026 Reg M-B (Bo3)
|rated|
|rule|Species Clause: Limit one of each Pokémon
|rule|Item Clause: Limit 1 of each item
|clearpoke
|poke|p1|Mawile, L50, F|
|poke|p1|Farigiraf, L50, M|
|poke|p1|Sneasler, L50, M|
|poke|p1|Swampert, L50, F|
|poke|p1|Pelipper, L50, F|
|poke|p1|Hydreigon, L50, F|
|poke|p2|Camerupt, L50, F|
|poke|p2|Farigiraf, L50, F|
|poke|p2|Primarina, L50, F|
|poke|p2|Hatterene, L50, F|
|poke|p2|Lopunny, L50, F|
|poke|p2|Medicham, L50, M|
|teampreview|4
|showteam|p1|Mawile||Mawilite|Intimidate|PlayRough,IronHead,SuckerPunch,Protect|Adamant||F|||50|]Farigiraf||ColburBerry|ArmorTail|Psychic,Thunderbolt,TrickRoom,Protect|Relaxed||M|||50|]Sneasler||WhiteHerb|Unburden|CloseCombat,DireClaw,FakeOut,Coaching|Jolly||M|||50|]Swampert||Swampertite|Torrent|WaveCrash,Earthquake,HighHorsepower,Protect|Adamant||F|||50|]Pelipper||FocusSash|Drizzle|Hurricane,WeatherBall,Tailwind,WideGuard|Modest||F|||50|]Hydreigon||ChoiceScarf|Levitate|DracoMeteor,DarkPulse,Snarl,EarthPower|Modest||F|||50|
|showteam|p2|Camerupt||Cameruptite|SolidRock|AncientPower,HeatWave,EarthPower,Protect|Quiet||F|||50|]Farigiraf||SitrusBerry|ArmorTail|Protect,Thunderbolt,TrickRoom,DazzlingGleam|Bold||F|||50|]Primarina||Leftovers|LiquidVoice|HyperVoice,Protect,Moonblast,CalmMind|Modest||F|||50|]Hatterene||LifeOrb|MagicBounce|Psychic,Protect,DazzlingGleam,TrickRoom|Quiet||F|||50|]Lopunny||Lopunnite|Klutz|FakeOut,CloseCombat,AfterYou,Uturn|Jolly||F|||50|]Medicham||FocusSash|PurePower|FakeOut,CloseCombat,PsychoCut,Feint|Adamant||M|||50|
|
|t:|1783208219
|teamsize|p1|4
|teamsize|p2|4
|start
|switch|p1a: Hydreigon|Hydreigon, L50, F|100/100
|switch|p1b: Mawile|Mawile, L50, F|100/100
|switch|p2a: Medicham|Medicham, L50, M|100/100
|switch|p2b: Farigiraf|Farigiraf, L50, F|100/100
|-ability|p1b: Mawile|Intimidate|boost
|-unboost|p2a: Medicham|atk|1
|-unboost|p2b: Farigiraf|atk|1
|turn|1
|
|t:|1783208242
|detailschange|p1b: Mawile|Mawile-Mega, L50, F
|-mega|p1b: Mawile|Mawile|Mawilite
|move|p2b: Farigiraf|Protect|p2b: Farigiraf
|-singleturn|p2b: Farigiraf|Protect
|move|p1a: Hydreigon|Dark Pulse|p2b: Farigiraf
|-activate|p2b: Farigiraf|move: Protect
|move|p2a: Medicham|Close Combat|p1a: Hydreigon
|-supereffective|p1a: Hydreigon|1
|-crit|p1a: Hydreigon
|-damage|p1a: Hydreigon|0 fnt
|-unboost|p2a: Medicham|def|1
|-unboost|p2a: Medicham|spd|1
|faint|p1a: Hydreigon
|move|p1b: Mawile|Play Rough|p2b: Farigiraf
|-activate|p2b: Farigiraf|move: Protect
|
|upkeep
|
|t:|1783208255
|switch|p1a: Pelipper|Pelipper, L50, F|100/100
|-weather|RainDance|[from] ability: Drizzle|[of] p1a: Pelipper
|turn|2
|
|t:|1783208270
|move|p2a: Medicham|Close Combat|p1b: Mawile
|-damage|p1b: Mawile|45/100
|-unboost|p2a: Medicham|def|1
|-unboost|p2a: Medicham|spd|1
|move|p1a: Pelipper|Weather Ball|p2b: Farigiraf
|-damage|p2b: Farigiraf|39/100
|-enditem|p2b: Farigiraf|Sitrus Berry|[eat]
|-heal|p2b: Farigiraf|63/100|[from] item: Sitrus Berry
|move|p1b: Mawile|Iron Head|p2b: Farigiraf
|-damage|p2b: Farigiraf|0 fnt
|faint|p2b: Farigiraf
|
|-weather|RainDance|[upkeep]
|upkeep
|
|t:|1783208273
|switch|p2b: Primarina|Primarina, L50, F|100/100
|turn|3
|
|t:|1783208283
|move|p1b: Mawile|Sucker Punch|p2a: Medicham
|-enditem|p2a: Medicham|Focus Sash
|-damage|p2a: Medicham|1/100
|move|p2a: Medicham|Close Combat|p1b: Mawile
|-damage|p1b: Mawile|0 fnt
|-unboost|p2a: Medicham|def|1
|-unboost|p2a: Medicham|spd|1
|faint|p1b: Mawile
|move|p1a: Pelipper|Weather Ball|p2a: Medicham
|-damage|p2a: Medicham|0 fnt
|faint|p2a: Medicham
|move|p2b: Primarina|Calm Mind|p2b: Primarina
|-boost|p2b: Primarina|spa|1
|-boost|p2b: Primarina|spd|1
|
|-weather|RainDance|[upkeep]
|upkeep
|
|t:|1783208286
|switch|p2a: Camerupt|Camerupt, L50, F|100/100
|switch|p1b: Sneasler|Sneasler, L50, M|100/100
|turn|4
|
|t:|1783208296
|detailschange|p2a: Camerupt|Camerupt-Mega, L50, F
|-mega|p2a: Camerupt|Camerupt|Cameruptite
|move|p2b: Primarina|Protect|p2b: Primarina
|-singleturn|p2b: Primarina|Protect
|move|p1b: Sneasler|Fake Out|p2b: Primarina
|-activate|p2b: Primarina|move: Protect
|move|p1a: Pelipper|Weather Ball|p2a: Camerupt
|-supereffective|p2a: Camerupt|2
|-damage|p2a: Camerupt|0 fnt
|faint|p2a: Camerupt
|
|-weather|RainDance|[upkeep]
|upkeep
|turn|5
|
|t:|1783208303
|move|p1b: Sneasler|Dire Claw|p2b: Primarina
|-supereffective|p2b: Primarina|1
|-damage|p2b: Primarina|13/100
|-status|p2b: Primarina|psn
|move|p1a: Pelipper|Hurricane|p2b: Primarina
|-damage|p2b: Primarina|0 fnt
|faint|p2b: Primarina
|
|win|LanternComic
||LanternComic is ready for game 2.
||SomeKidJon is ready for game 2.
|uhtml|next|Next: Game 2 of 3
