|j|☆GGWP.1
|j|☆mudkipc4
|html|GGWP.1mudkipc4    
|uhtml|bestof|Game 1 of a best-of-3
|t:|1783395617
|gametype|doubles
|player|p1|GGWP.1|giovanni|1168
|player|p2|mudkipc4|pokemaniac|1163
|gen|9
|tier|[Gen 9 Champions] VGC 2026 Reg M-B (Bo3)
|rated|
|rule|Species Clause: Limit one of each Pokémon
|rule|Item Clause: Limit 1 of each item
|clearpoke
|poke|p1|Gengar, L50, M, shiny|
|poke|p1|Corviknight, L50, F|
|poke|p1|Grimmsnarl, L50, M|
|poke|p1|Basculegion, L50, M|
|poke|p1|Staraptor, L50, M, shiny|
|poke|p1|Kingambit, L50, F|
|poke|p2|Mawile, L50, M|
|poke|p2|Gengar, L50, F|
|poke|p2|Farigiraf, L50, M|
|poke|p2|Torkoal, L50, M|
|poke|p2|Aerodactyl, L50, M|
|poke|p2|Hydreigon, L50, M|
|teampreview|4
|showteam|p1|Gengar||Gengarite|CursedBody|ShadowBall,SludgeBomb,DestinyBond,Protect|Timid||M|||50|]Corviknight||Leftovers|MirrorArmor|BodyPress,BraveBird,Protect,BulkUp|Adamant||F|||50|]Grimmsnarl||MentalHerb|Prankster|Reflect,LightScreen,MistyTerrain,ScaryFace|Calm||M|||50|]Basculegion||FocusSash|Adaptability|LastRespects,Waterfall,Protect,AquaJet|Jolly||M|||50|]Staraptor||Staraptite|Intimidate|Roost,CloseCombat,BraveBird,Protect|Adamant||M|||50|]Kingambit||BlackGlasses|Defiant|KowtowCleave,LowKick,SuckerPunch,Protect|Adamant||F|||50|
|showteam|p2|Mawile||Mawilite|Intimidate|PlayRough,IronHead,SuckerPunch,Protect|Adamant||M|||50|]Gengar||Gengarite|CursedBody|ShadowBall,SludgeBomb,Disable,Protect|Timid||F|||50|]Farigiraf||SitrusBerry|ArmorTail|Psychic,TrickRoom,Protect,Imprison|Bold||M|||50|]Torkoal||Charcoal|Drought|Eruption,Yawn,WeatherBall,Protect|Quiet||M|||50|]Aerodactyl||FocusSash|Unnerve|Tailwind,Taunt,RockSlide,WideGuard|Jolly||M|||50|]Hydreigon||LifeOrb|Levitate|DracoMeteor,EarthPower,DarkPulse,Snarl|Timid||M|||50|
|inactive|Battle timer is ON: inactive players will automatically lose when time's up. (requested by GGWP.1)
|inactive|GGWP.1 has 60 seconds left.
|
|t:|1783395665
|teamsize|p1|4
|teamsize|p2|4
|start
|switch|p1a: Staraptor|Staraptor, L50, M, shiny|100/100
|switch|p1b: Kingambit|Kingambit, L50, F|100/100
|switch|p2a: Farigiraf|Farigiraf, L50, M|100/100
|switch|p2b: Hydreigon|Hydreigon, L50, M|100/100
|-ability|p1a: Staraptor|Intimidate|boost
|-unboost|p2a: Farigiraf|atk|1
|-unboost|p2b: Hydreigon|atk|1
|turn|1
|
|t:|1783395682
|detailschange|p1a: Staraptor|Staraptor-Mega, L50, M, shiny
|-mega|p1a: Staraptor|Staraptor|Staraptite
|move|p2a: Farigiraf|Protect|p2a: Farigiraf
|-singleturn|p2a: Farigiraf|Protect
|move|p2b: Hydreigon|Draco Meteor|p1a: Staraptor
|-damage|p1a: Staraptor|20/100y
|-unboost|p2b: Hydreigon|spa|2
|-damage|p2b: Hydreigon|90/100|[from] item: Life Orb
|move|p1a: Staraptor|Close Combat|p2b: Hydreigon
|-supereffective|p2b: Hydreigon|1
|-damage|p2b: Hydreigon|0 fnt
|-boost|p1a: Staraptor|def|1
|-boost|p1a: Staraptor|spd|1
|faint|p2b: Hydreigon
|move|p1b: Kingambit|Kowtow Cleave|p2a: Farigiraf
|-activate|p2a: Farigiraf|move: Protect
|
|upkeep
|
|t:|1783395690
|switch|p2b: Torkoal|Torkoal, L50, M|100/100
|-weather|SunnyDay|[from] ability: Drought|[of] p2b: Torkoal
|turn|2
|
|t:|1783395702
|move|p1a: Staraptor|Roost|p1a: Staraptor
|-heal|p1a: Staraptor|70/100
|-singleturn|p1a: Staraptor|move: Roost
|move|p2a: Farigiraf|Psychic|p1a: Staraptor
|-supereffective|p1a: Staraptor|1
|-damage|p1a: Staraptor|26/100
|move|p1b: Kingambit|Kowtow Cleave|p2a: Farigiraf
|-supereffective|p2a: Farigiraf|1
|-damage|p2a: Farigiraf|4/100
|-enditem|p2a: Farigiraf|Sitrus Berry|[eat]
|-heal|p2a: Farigiraf|29/100|[from] item: Sitrus Berry
|move|p2b: Torkoal|Weather Ball|p1b: Kingambit
|-supereffective|p1b: Kingambit|1
|-damage|p1b: Kingambit|0 fnt
|faint|p1b: Kingambit
|
|-weather|SunnyDay|[upkeep]
|upkeep
|
|t:|1783395715
|switch|p1b: Basculegion|Basculegion, L50, M|100/100
|turn|3
|
|t:|1783395723
|move|p2a: Farigiraf|Protect|p2a: Farigiraf
|-singleturn|p2a: Farigiraf|Protect
|move|p1b: Basculegion|Last Respects|p2b: Torkoal
|-damage|p2b: Torkoal|53/100
|move|p1a: Staraptor|Close Combat|p2a: Farigiraf
|-activate|p2a: Farigiraf|move: Protect
|move|p2b: Torkoal|Yawn|p1b: Basculegion
|-start|p1b: Basculegion|move: Yawn|[of] p2b: Torkoal
|
|-weather|SunnyDay|[upkeep]
|upkeep
|turn|4
|
|t:|1783395732
|move|p2b: Torkoal|Protect|p2b: Torkoal
|-singleturn|p2b: Torkoal|Protect
|move|p1b: Basculegion|Last Respects|p2b: Torkoal
|-activate|p2b: Torkoal|move: Protect
|move|p1a: Staraptor|Close Combat|p2a: Farigiraf
|-damage|p2a: Farigiraf|0 fnt
|-boost|p1a: Staraptor|def|1
|-boost|p1a: Staraptor|spd|1
|faint|p2a: Farigiraf
|
|-weather|SunnyDay|[upkeep]
|-end|p1b: Basculegion|move: Yawn|[silent]
|-status|p1b: Basculegion|slp
|upkeep
|
|t:|1783395737
|switch|p2a: Mawile|Mawile, L50, M|100/100
|-ability|p2a: Mawile|Intimidate|boost
|-boost|p1a: Staraptor|atk|1
|-unboost|p1b: Basculegion|atk|1
|turn|5
|
|t:|1783395747
|switch|p1b: Grimmsnarl|Grimmsnarl, L50, M|100/100
|detailschange|p2a: Mawile|Mawile-Mega, L50, M
|-mega|p2a: Mawile|Mawile|Mawilite
|move|p1a: Staraptor|Protect|p1a: Staraptor
|-singleturn|p1a: Staraptor|Protect
|move|p2a: Mawile|Play Rough|p1a: Staraptor
|-activate|p1a: Staraptor|move: Protect
|move|p2b: Torkoal|Weather Ball|p1b: Grimmsnarl
|-damage|p1b: Grimmsnarl|40/100
|
|-weather|SunnyDay|[upkeep]
|upkeep
|turn|6
|
|t:|1783395768
|move|p1b: Grimmsnarl|Reflect|p1b: Grimmsnarl
|-sidestart|p1: GGWP.1|Reflect
|move|p1a: Staraptor|Roost|p1a: Staraptor
|-heal|p1a: Staraptor|76/100
|-singleturn|p1a: Staraptor|move: Roost
|move|p2a: Mawile|Play Rough|p1a: Staraptor
|-supereffective|p1a: Staraptor|1
|-damage|p1a: Staraptor|20/100y
|move|p2b: Torkoal|Weather Ball|p1b: Grimmsnarl
|-damage|p1b: Grimmsnarl|0 fnt
|faint|p1b: Grimmsnarl
|
|-weather|none
|upkeep
|
|t:|1783395778
|switch|p1b: Basculegion|Basculegion, L50, M|100/100 slp
|turn|7
|
|t:|1783395791
|move|p1a: Staraptor|Protect|p1a: Staraptor
|-singleturn|p1a: Staraptor|Protect
|cant|p1b: Basculegion|slp
|move|p2a: Mawile|Play Rough|p1a: Staraptor
|-activate|p1a: Staraptor|move: Protect
|move|p2b: Torkoal|Eruption|p1b: Basculegion|[spread] p1b
|-activate|p1a: Staraptor|move: Protect
|-resisted|p1b: Basculegion|1
|-damage|p1b: Basculegion|82/100 slp
|
|upkeep
|turn|8
|
|t:|1783395806
|move|p2a: Mawile|Sucker Punch|p1b: Basculegion
|-supereffective|p1b: Basculegion|1
|-damage|p1b: Basculegion|11/100 slp
|cant|p1b: Basculegion|slp
|move|p1a: Staraptor|Roost|p1a: Staraptor
|-heal|p1a: Staraptor|70/100
|-singleturn|p1a: Staraptor|move: Roost
|move|p2b: Torkoal|Yawn|p1a: Staraptor
|-start|p1a: Staraptor|move: Yawn|[of] p2b: Torkoal
|
|upkeep
|turn|9
|
|t:|1783395827
|-curestatus|p1b: Basculegion|slp|[msg]
|move|p1b: Basculegion|Aqua Jet|p2a: Mawile
|-damage|p2a: Mawile|77/100
|move|p1a: Staraptor|Close Combat|p2a: Mawile
|-damage|p2a: Mawile|0 fnt
|-boost|p1a: Staraptor|def|1
|-boost|p1a: Staraptor|spd|1
|faint|p2a: Mawile
|move|p2b: Torkoal|Eruption|p1a: Staraptor|[spread] p1a,p1b
|-resisted|p1b: Basculegion|1
|-damage|p1a: Staraptor|58/100
|-damage|p1b: Basculegion|0 fnt
|faint|p1b: Basculegion
|
|-end|p1a: Staraptor|move: Yawn|[silent]
|-status|p1a: Staraptor|slp
|upkeep
|turn|10
|
|t:|1783395841
|cant|p1a: Staraptor|slp
|move|p2b: Torkoal|Eruption|p1a: Staraptor
|-damage|p1a: Staraptor|40/100 slp
|
|-sideend|p1: GGWP.1|Reflect
|upkeep
|turn|11
|-message|mudkipc4 forfeited.
|
|win|GGWP.1
||mudkipc4 is ready for game 2.
|l|☆GGWP.1
|player|p1|
|inactive|GGWP.1 has 30 seconds to confirm battle start!
||GGWP.1 is ready for game 2.
|uhtml|next|Next: Game 2 of 3
