|j|☆Slayermen34
|j|☆GetSlagged
|html|Slayermen34GetSlagged    
|uhtml|bestof|Game 3 of a best-of-3
|t:|1783053005
|gametype|doubles
|player|p1|Slayermen34|alder|
|player|p2|GetSlagged|miku-water|
|gen|9
|tier|[Gen 9 Champions] VGC 2026 Reg M-B (Bo3)
|rule|Species Clause: Limit one of each Pokémon
|rule|Item Clause: Limit 1 of each item
|clearpoke
|poke|p1|Gardevoir, L50, F, shiny|
|poke|p1|Ceruledge, L50, F|
|poke|p1|Goodra, L50, F|
|poke|p1|Mamoswine, L50, M|
|poke|p1|Musharna, L50, M, shiny|
|poke|p1|Aggron, L50, M|
|poke|p2|Swampert, L50, M|
|poke|p2|Liepard, L50, F|
|poke|p2|Venusaur, L50, M|
|poke|p2|Lycanroc, L50, F, shiny|
|poke|p2|Empoleon, L50, F, shiny|
|poke|p2|Tyrantrum, L50, F, shiny|
|teampreview|4
|showteam|p1|Gardevoir||Gardevoirite|Trace|CalmMind,HyperVoice,ShadowBall,EnergyBall|Timid||F|||50|]Ceruledge||FocusSash|FlashFire|SwordsDance,BitterBlade,SunnyDay,SolarBlade|Jolly||F|||50|]Goodra||Leftovers|Gooey|AcidArmor,GigaDrain,Thunderbolt,DragonPulse|Modest||F|||50|]Mamoswine||LifeOrb|ThickFat|Earthquake,RockSlide,IceShard,KnockOff|Jolly||M|||50|]Musharna||LightClay|Telepathy|LightScreen,Reflect,EnergyBall,MistyExplosion|Modest||M|||50|]Aggron||QuickClaw|Sturdy|RockSlide,IronHead,StealthRock,Outrage|Adamant||M|||50|
|showteam|p2|Swampert||Swampertite|Torrent|WaveCrash,Protect,Bulldoze,RockSlide|Adamant||M|||50|]Liepard||BlackGlasses|Prankster|DarkPulse,RainDance,FakeOut,FakeTears|Sassy||F|||50|]Venusaur||WideLens|Chlorophyll|SleepPowder,EarthPower,SludgeWave,WeatherBall|Modest||M|||50|]Lycanroc||FocusSash|Steadfast|Accelerock,StealthRock,RockSlide,CloseCombat|Jolly||F|||50|]Empoleon||Leftovers|Competitive|Surf,Substitute,Roost,Protect|Calm||F|||50|]Tyrantrum||ChoiceScarf|RockHead|HeadSmash,Outrage,Earthquake,CloseCombat|Jolly||F|||50|
|inactive|Battle timer is ON: inactive players will automatically lose when time's up. (requested by GetSlagged)
|
|t:|1783053030
|teamsize|p1|4
|teamsize|p2|4
|start
|switch|p1a: JOD|Musharna, L50, M, shiny|100/100
|switch|p1b: Titania|Gardevoir, L50, F, shiny|100/100
|switch|p2a: Tyrantrum|Tyrantrum, L50, F, shiny|100/100
|switch|p2b: Lycanroc|Lycanroc, L50, F, shiny|100/100
|-ability|p1b: Titania|Rock Head|Trace|[from] ability: Trace|[of] p2a: Tyrantrum
|turn|1
|
|t:|1783053043
|detailschange|p1b: Titania|Gardevoir-Mega, L50, F, shiny
|-mega|p1b: Titania|Gardevoir|Gardevoirite
|move|p2a: Tyrantrum|Head Smash|p1b: Titania
|-damage|p1b: Titania|0 fnt
|faint|p1b: Titania
|move|p2b: Lycanroc|Rock Slide|p1a: JOD
|-damage|p1a: JOD|65/100
|move|p1a: JOD|Reflect|p1a: JOD
|-sidestart|p1: Slayermen34|Reflect
|
|upkeep
|
|t:|1783053054
|switch|p1b: Grond|Mamoswine, L50, M|100/100
|turn|2
|
|t:|1783053064
|move|p2a: Tyrantrum|Head Smash|p1b: Grond
|-damage|p1b: Grond|37/100
|move|p2b: Lycanroc|Rock Slide|p1b: Grond|[spread] p1a,p1b
|-damage|p1a: JOD|49/100
|-damage|p1b: Grond|18/100
|move|p1b: Grond|Earthquake|p2a: Tyrantrum|[spread] p2a,p2b
|-activate|p1a: JOD|ability: Telepathy
|-supereffective|p2a: Tyrantrum|1
|-supereffective|p2b: Lycanroc|1
|-damage|p2a: Tyrantrum|1/100
|-enditem|p2b: Lycanroc|Focus Sash
|-damage|p2b: Lycanroc|1/100
|-damage|p1b: Grond|9/100|[from] item: Life Orb
|move|p1a: JOD|Light Screen|p1a: JOD
|-sidestart|p1: Slayermen34|move: Light Screen
|
|upkeep
|turn|3
|inactive|Slayermen34 has 30 seconds left.
|
|t:|1783053096
|move|p2b: Lycanroc|Accelerock|p1b: Grond
|-damage|p1b: Grond|0 fnt
|faint|p1b: Grond
|move|p2a: Tyrantrum|Head Smash|p1a: JOD
|-damage|p1a: JOD|1/100
|move|p1a: JOD|Energy Ball|p2b: Lycanroc
|-supereffective|p2b: Lycanroc|1
|-damage|p2b: Lycanroc|0 fnt
|faint|p2b: Lycanroc
|
|upkeep
|j| RhtOracle
|
|t:|1783053105
|switch|p2b: Venusaur|Venusaur, L50, M|100/100
|switch|p1b: Alter|Ceruledge, L50, F|100/100
|turn|4
|
|t:|1783053120
|move|p2a: Tyrantrum|Head Smash|p1b: Alter|[miss]
|-miss|p2a: Tyrantrum|p1b: Alter
|move|p1b: Alter|Bitter Blade|p2a: Tyrantrum
|-resisted|p2a: Tyrantrum|2
|-damage|p2a: Tyrantrum|0 fnt
|faint|p2a: Tyrantrum
|move|p2b: Venusaur|Earth Power|p1b: Alter
|-supereffective|p1b: Alter|1
|-damage|p1b: Alter|57/100
|move|p1a: JOD|Energy Ball|p2b: Venusaur
|-resisted|p2b: Venusaur|2
|-damage|p2b: Venusaur|91/100
|
|upkeep
|
|t:|1783053124
|switch|p2a: Swampert|Swampert, L50, M|100/100
|turn|5
|
|t:|1783053139
|detailschange|p2a: Swampert|Swampert-Mega, L50, M
|-mega|p2a: Swampert|Swampert|Swampertite
|move|p1b: Alter|Bitter Blade|p2b: Venusaur
|-supereffective|p2b: Venusaur|1
|-damage|p2b: Venusaur|0 fnt
|-heal|p1b: Alter|100/100|[from] drain|[of] p2b: Venusaur
|faint|p2b: Venusaur
|move|p2a: Swampert|Wave Crash|p1b: Alter
|-supereffective|p1b: Alter|1
|-enditem|p1b: Alter|Focus Sash
|-damage|p1b: Alter|1/100
|-damage|p2a: Swampert|75/100|[from] Recoil
|move|p1a: JOD|Energy Ball|p2a: Swampert
|-supereffective|p2a: Swampert|2
|-damage|p2a: Swampert|0 fnt
|faint|p2a: Swampert
|
|win|Slayermen34
|l|☆GetSlagged
|player|p2|
