|j|☆sweetlysunny
|j|☆TeyVgc
|html|sweetlysunnyTeyVgc    
|uhtml|bestof|Game 2 of a best-of-3
|t:|1783475711
|gametype|doubles
|player|p1|sweetlysunny|serena|1150
|player|p2|TeyVgc|rood|1318
|gen|9
|tier|[Gen 9 Champions] VGC 2026 Reg M-B (Bo3)
|rated|
|rule|Species Clause: Limit one of each Pokémon
|rule|Item Clause: Limit 1 of each item
|clearpoke
|poke|p1|Torkoal, L50, M|
|poke|p1|Pyroar, L50, F|
|poke|p1|Vileplume, L50, M|
|poke|p1|Scrafty, L50, F|
|poke|p1|Farigiraf, L50, M|
|poke|p1|Sylveon, L50, F|
|poke|p2|Raichu, L50, F|
|poke|p2|Sinistcha, L50|
|poke|p2|Ceruledge, L50, F|
|poke|p2|Milotic, L50, M|
|poke|p2|Incineroar, L50, M|
|poke|p2|Floette-Eternal, L50, F|
|teampreview|4
|showteam|p1|Torkoal||Charcoal|Drought|HeatWave,Eruption,HelpingHand,Protect|Quiet||M|||50|]Pyroar||Pyroarite|Unnerve|HeatWave,Overheat,ScorchingSands,Protect|Timid||F|||50|]Vileplume||FocusSash|Chlorophyll|EnergyBall,SludgeBomb,SleepPowder,AfterYou|Timid||M|||50|]Scrafty||Scraftinite|Intimidate|FakeOut,CloseCombat,PoisonJab,KnockOff|Brave||F|||50|]Farigiraf||SitrusBerry|ArmorTail|HyperVoice,Psychic,HelpingHand,TrickRoom|Bold||M|||50|]Sylveon||FairyFeather|Pixilate|HyperVoice,HyperBeam,QuickAttack,Protect|Quiet||F|||50|
|showteam|p2|Raichu||RaichuniteY|LightningRod|ZapCannon,FocusBlast,FakeOut,Protect|Timid||F|||50|]Sinistcha||KasibBerry|Hospitality|MatchaGotcha,LifeDew,RagePowder,Protect|Relaxed|||||50|]Ceruledge||ColburBerry|FlashFire|BitterBlade,ShadowSneak,BulkUp,Protect|Adamant||F|||50|]Milotic||Leftovers|Competitive|MuddyWater,Coil,Hypnosis,Protect|Calm||M|||50|]Incineroar||SitrusBerry|Intimidate|FlareBlitz,ThroatChop,FakeOut,PartingShot|Impish||M|||50|]Floette-Eternal||Floettite|FlowerVeil|CalmMind,Protect,Moonblast,DazzlingGleam|Modest||F|||50|
|inactive|Battle timer is ON: inactive players will automatically lose when time's up. (requested by sweetlysunny)
|inactive|TeyVgc has 60 seconds left.
|
|t:|1783475770
|teamsize|p1|4
|teamsize|p2|4
|start
|switch|p1a: Pyroar|Pyroar, L50, F|100/100
|switch|p1b: Vileplume|Vileplume, L50, M|100/100
|switch|p2a: Incineroar|Incineroar, L50, M|100/100
|switch|p2b: Milotic|Milotic, L50, M|100/100
|-ability|p1a: Pyroar|Unnerve
|-ability|p2a: Incineroar|Intimidate|boost
|-unboost|p1a: Pyroar|atk|1
|-unboost|p1b: Vileplume|atk|1
|turn|1
|inactive|sweetlysunny has 30 seconds left.
|inactive|TeyVgc has 30 seconds left.
|inactive|sweetlysunny has 20 seconds left.
|inactive|TeyVgc has 20 seconds left.
|inactive|TeyVgc has 15 seconds left.
|
|t:|1783475810
|switch|p1b: Torkoal|Torkoal, L50, M|100/100
|-weather|SunnyDay|[from] ability: Drought|[of] p1b: Torkoal
|switch|p2b: Ceruledge|Ceruledge, L50, F|100/100
|detailschange|p1a: Pyroar|Pyroar-Mega, L50, F
|-mega|p1a: Pyroar|Pyroar|Pyroarite
|move|p2a: Incineroar|Fake Out|p1b: Torkoal
|-crit|p1b: Torkoal
|-damage|p1b: Torkoal|87/100
|move|p1a: Pyroar|Scorching Sands|p2a: Incineroar
|-supereffective|p2a: Incineroar|1
|-damage|p2a: Incineroar|52/100
|
|-weather|SunnyDay|[upkeep]
|upkeep
|turn|2
|inactive|sweetlysunny has 30 seconds left.
|
|t:|1783475839
|move|p1b: Torkoal|Protect|p1b: Torkoal
|-singleturn|p1b: Torkoal|Protect
|move|p1a: Pyroar|Scorching Sands|p2a: Incineroar
|-supereffective|p2a: Incineroar|1
|-damage|p2a: Incineroar|11/100
|-enditem|p2a: Incineroar|Sitrus Berry|[eat]
|-heal|p2a: Incineroar|36/100|[from] item: Sitrus Berry
|move|p2b: Ceruledge|Bulk Up|p2b: Ceruledge
|-boost|p2b: Ceruledge|atk|1
|-boost|p2b: Ceruledge|def|1
|move|p2a: Incineroar|Parting Shot|p1a: Pyroar
|-unboost|p1a: Pyroar|atk|1
|-unboost|p1a: Pyroar|spa|1
|
|t:|1783475852
|switch|p2a: Raichu|Raichu, L50, F|100/100|[from] Parting Shot
|
|-weather|SunnyDay|[upkeep]
|upkeep
|turn|3
|inactive|TeyVgc has 30 seconds left.
|
|t:|1783475882
|switch|p1b: Farigiraf|Farigiraf, L50, M|100/100
|detailschange|p2a: Raichu|Raichu-Mega-Y, L50, F
|-mega|p2a: Raichu|Raichu|Raichunite Y
|move|p1a: Pyroar|Heat Wave|p2a: Raichu|[spread] p2a
|-start|p2b: Ceruledge|ability: Flash Fire
|-damage|p2a: Raichu|24/100
|move|p2a: Raichu|Focus Blast|p1a: Pyroar
|-supereffective|p1a: Pyroar|1
|-damage|p1a: Pyroar|1/100
|move|p2b: Ceruledge|Bitter Blade|p1a: Pyroar
|-resisted|p1a: Pyroar|1
|-damage|p1a: Pyroar|0 fnt
|faint|p1a: Pyroar
|
|-weather|SunnyDay|[upkeep]
|upkeep
|
|t:|1783475898
|switch|p1a: Vileplume|Vileplume, L50, M|100/100
|turn|4
|
|t:|1783475908
|move|p2b: Ceruledge|Protect|p2b: Ceruledge
|-singleturn|p2b: Ceruledge|Protect
|move|p1a: Vileplume|Sleep Powder|p2b: Ceruledge
|-activate|p2b: Ceruledge|move: Protect
|move|p2a: Raichu|Zap Cannon|p1a: Vileplume
|-resisted|p1a: Vileplume|1
|-damage|p1a: Vileplume|60/100
|-status|p1a: Vileplume|par
|move|p1b: Farigiraf|Trick Room|p1b: Farigiraf
|-fieldstart|move: Trick Room|[of] p1b: Farigiraf
|
|-weather|SunnyDay|[upkeep]
|upkeep
|turn|5
|
|t:|1783475927
|switch|p2a: Incineroar|Incineroar, L50, M|36/100
|-ability|p2a: Incineroar|Intimidate|boost
|-unboost|p1a: Vileplume|atk|1
|-unboost|p1b: Farigiraf|atk|1
|move|p1b: Farigiraf|Psychic|p2a: Incineroar
|-immune|p2a: Incineroar
|move|p2b: Ceruledge|Bitter Blade|p1a: Vileplume
|-supereffective|p1a: Vileplume|1
|-damage|p1a: Vileplume|0 fnt
|faint|p1a: Vileplume
|
|-weather|none
|upkeep
|
|t:|1783475930
|switch|p1a: Torkoal|Torkoal, L50, M|87/100
|-weather|SunnyDay|[from] ability: Drought|[of] p1a: Torkoal
|turn|6
|
|t:|1783475943
|move|p1a: Torkoal|Eruption|p2b: Ceruledge|[spread] p2a
|-immune|p2b: Ceruledge|[from] ability: Flash Fire
|-resisted|p2a: Incineroar|1
|-damage|p2a: Incineroar|2/100
|move|p1b: Farigiraf|Psychic|p2b: Ceruledge
|-damage|p2b: Ceruledge|68/100
|move|p2a: Incineroar|Parting Shot|p1b: Farigiraf
|-unboost|p1b: Farigiraf|atk|1
|-unboost|p1b: Farigiraf|spa|1
|
|t:|1783475952
|switch|p2a: Milotic|Milotic, L50, M|100/100|[from] Parting Shot
|move|p2b: Ceruledge|Bitter Blade|p1b: Farigiraf
|-damage|p1b: Farigiraf|0 fnt
|-heal|p2b: Ceruledge|100/100|[from] drain|[of] p1b: Farigiraf
|faint|p1b: Farigiraf
|
|-weather|SunnyDay|[upkeep]
|upkeep
|turn|7
|
|t:|1783475963
|move|p1a: Torkoal|Eruption|p2b: Ceruledge|[spread] p2a
|-immune|p2b: Ceruledge|[from] ability: Flash Fire
|-resisted|p2a: Milotic|1
|-damage|p2a: Milotic|76/100
|move|p2a: Milotic|Hypnosis|p1a: Torkoal|[miss]
|-miss|p2a: Milotic|p1a: Torkoal
|move|p2b: Ceruledge|Bitter Blade|p1a: Torkoal
|-resisted|p1a: Torkoal|1
|-damage|p1a: Torkoal|31/100
|
|-weather|SunnyDay|[upkeep]
|-heal|p2a: Milotic|82/100|[from] item: Leftovers
|upkeep
|turn|8
|
|t:|1783475972
|move|p1a: Torkoal|Heat Wave|p2a: Milotic|[spread] p2a
|-immune|p2b: Ceruledge|[from] ability: Flash Fire
|-resisted|p2a: Milotic|1
|-damage|p2a: Milotic|64/100
|move|p2a: Milotic|Hypnosis|p1a: Torkoal|[miss]
|-miss|p2a: Milotic|p1a: Torkoal
|move|p2b: Ceruledge|Bitter Blade|p1a: Torkoal
|-resisted|p1a: Torkoal|1
|-damage|p1a: Torkoal|0 fnt
|faint|p1a: Torkoal
|
|win|TeyVgc
|raw|sweetlysunny's rating: 1150 → 1136(-14 for losing)
|raw|TeyVgc's rating: 1318 → 1329(+11 for winning)
|l|☆TeyVgc
|player|p2|
