|j|☆battle sim trainer
|j|☆JuanGuerrero09
|html|battle sim trainerJuanGuerrero09    
|uhtml|bestof|Game 2 of a best-of-3
|t:|1757236979
|gametype|doubles
|player|p1|battle sim trainer|steven|1133
|player|p2|JuanGuerrero09|265|1070
|gen|9
|tier|[Gen 9] VGC 2025 Reg H (Bo3)
|rated|
|rule|Species Clause: Limit one of each Pokémon
|rule|Item Clause: Limit 1 of each item
|clearpoke
|poke|p1|Bronzong, L50|
|poke|p1|Pincurchin, L50, F|
|poke|p1|Toxtricity-Low-Key, L50, M|
|poke|p1|Araquanid, L50, M|
|poke|p1|Indeedee, L50, M|
|poke|p1|Raichu-Alola, L50, M|
|poke|p2|Sneasler, L50, M|
|poke|p2|Indeedee, L50, M|
|poke|p2|Tyranitar, L50, M|
|poke|p2|Excadrill, L50, M|
|poke|p2|Gholdengo, L50|
|poke|p2|Incineroar, L50, M|
|teampreview|4
|showteam|p1|Bronzong||ElectricSeed|Levitate|BodyPress,TrickRoom,Protect,IronDefense||||||50|,,,,,Fire]Pincurchin||EjectButton|ElectricSurge|ToxicSpikes,RainDance,ZingZap,Protect|||F|||50|,,,,,Ghost]Toxtricity-Low-Key||ChoiceSpecs|PunkRock|Overdrive,SludgeBomb,Boomburst,VoltSwitch|||M|||50|,,,,,Electric]Araquanid||MysticWater|WaterBubble|Liquidation,WideGuard,Soak,Protect|||M|||50|,,,,,Water]Indeedee||ChoiceScarf|PsychicSurge|TrickRoom,Trick,ExpandingForce,TeraBlast|||M|||50|,,,,,Ground]Raichu-Alola||FocusSash|SurgeSurfer|VoltSwitch,Thunderbolt,ExpandingForce,FakeOut|||M|||50|,,,,,Ghost
|showteam|p2|Sneasler||PsychicSeed|Unburden|CloseCombat,DireClaw,ThroatChop,Protect|||M|||50|,,,,,Stellar]Indeedee||ChoiceScarf|PsychicSurge|ExpandingForce,TeraBlast,Trick,Protect|||M|||50|,,,,,Fire]Tyranitar||AssaultVest|SandStream|RockSlide,KnockOff,TeraBlast,LowKick|||M|||50|,,,,,Flying]Excadrill||FocusSash|SandRush|HighHorsepower,Earthquake,IronHead,Protect|||M|||50|,,,,,Ground]Gholdengo||MetalCoat|GoodasGold|ShadowBall,Protect,MakeItRain,NastyPlot||||||50|,,,,,Water]Incineroar||SafetyGoggles|Intimidate|FakeOut,KnockOff,FlareBlitz,PartingShot|||M|||50|,,,,,Ghost
|
|t:|1757237034
|teamsize|p1|4
|teamsize|p2|4
|start
|switch|p1a: Indeedee|Indeedee, L50, M|100/100
|switch|p1b: Hug me|Bronzong, L50, shiny|100/100
|switch|p2a: Indeedee|Indeedee, L50, M|100/100
|switch|p2b: Excadrill|Excadrill, L50, M|100/100
|-fieldstart|move: Psychic Terrain|[from] ability: Psychic Surge|[of] p2a: Indeedee
|turn|1
|
|t:|1757237065
|-terastallize|p2a: Indeedee|Fire
|move|p1b: Hug me|Protect|p1b: Hug me
|-singleturn|p1b: Hug me|Protect
|move|p2a: Indeedee|Tera Blast|p1b: Hug me|[anim] Tera Blast Fire
|-activate|p1b: Hug me|move: Protect
|move|p1a: Indeedee|Expanding Force|p2a: Indeedee|[spread] p2a,p2b
|-resisted|p2b: Excadrill
|-damage|p2a: Indeedee|22/100
|-damage|p2b: Excadrill|60/100
|move|p2b: Excadrill|High Horsepower|p1a: Indeedee
|-damage|p1a: Indeedee|0 fnt
|faint|p1a: Indeedee
|
|upkeep
|
|t:|1757237079
|switch|p1a: Spoderman|Araquanid, L50, M, shiny|100/100
|turn|2
|
|t:|1757237093
|-terastallize|p1b: Hug me|Fire
|move|p2a: Indeedee|Tera Blast|p1b: Hug me|[anim] Tera Blast Fire
|-resisted|p1b: Hug me
|-damage|p1b: Hug me|84/100
|move|p2b: Excadrill|Iron Head|p1b: Hug me
|-resisted|p1b: Hug me
|-damage|p1b: Hug me|68/100
|move|p1a: Spoderman|Liquidation|p2b: Excadrill
|-supereffective|p2b: Excadrill
|-damage|p2b: Excadrill|0 fnt
|faint|p2b: Excadrill
|move|p1b: Hug me|Trick Room|p1b: Hug me
|-fieldstart|move: Trick Room|[of] p1b: Hug me
|
|upkeep
|
|t:|1757237126
|switch|p2b: Gholdengo|Gholdengo, L50|100/100
|turn|3
|inactive|Battle timer is ON: inactive players will automatically lose when time's up. (requested by JuanGuerrero09)
|
|t:|1757237166
|switch|p1a: Toxtricity|Toxtricity-Low-Key, L50, M|100/100
|move|p1b: Hug me|Body Press|p2a: Indeedee
|-damage|p2a: Indeedee|0 fnt
|faint|p2a: Indeedee
|move|p2b: Gholdengo|Make It Rain|p1a: Toxtricity|[spread] p1a,p1b
|-resisted|p1a: Toxtricity
|-resisted|p1b: Hug me
|-damage|p1a: Toxtricity|65/100
|-damage|p1b: Hug me|41/100
|-unboost|p2b: Gholdengo|spa|1
|
|upkeep
|
|t:|1757237180
|switch|p2a: Sneasler|Sneasler, L50, M|100/100
|-enditem|p2a: Sneasler|Psychic Seed
|-boost|p2a: Sneasler|spd|1|[from] item: Psychic Seed
|turn|4
|
|t:|1757237199
|move|p2b: Gholdengo|Protect|p2b: Gholdengo
|-singleturn|p2b: Gholdengo|Protect
|move|p2a: Sneasler|Protect|p2a: Sneasler
|-singleturn|p2a: Sneasler|Protect
|move|p1b: Hug me|Body Press|p2a: Sneasler
|-activate|p2a: Sneasler|move: Protect
|move|p1a: Toxtricity|Overdrive|p2a: Sneasler|[spread] 
|-activate|p2a: Sneasler|move: Protect
|-activate|p2b: Gholdengo|move: Protect
|
|upkeep
|turn|5
|
|t:|1757237224
|move|p1b: Hug me|Body Press|p2a: Sneasler
|-resisted|p2a: Sneasler
|-damage|p2a: Sneasler|77/100
|move|p1a: Toxtricity|Overdrive|p2b: Gholdengo|[spread] p2a,p2b
|-damage|p2a: Sneasler|25/100
|-damage|p2b: Gholdengo|28/100
|move|p2b: Gholdengo|Nasty Plot|p2b: Gholdengo
|-boost|p2b: Gholdengo|spa|2
|move|p2a: Sneasler|Dire Claw|p1b: Hug me
|-damage|p1b: Hug me|7/100
|-status|p1b: Hug me|par
|
|-fieldend|move: Psychic Terrain
|upkeep
|turn|6
|inactive|battle sim trainer has 30 seconds left.
|inactive|battle sim trainer has 20 seconds left.
|
|t:|1757237261
|switch|p1b: Spoderman|Araquanid, L50, M, shiny|100/100
|move|p2b: Gholdengo|Protect|p2b: Gholdengo
|-singleturn|p2b: Gholdengo|Protect
|move|p2a: Sneasler|Protect|p2a: Sneasler
|-singleturn|p2a: Sneasler|Protect
|move|p1a: Toxtricity|Overdrive|p2a: Sneasler|[spread] 
|-activate|p2a: Sneasler|move: Protect
|-activate|p2b: Gholdengo|move: Protect
|
|-fieldend|move: Trick Room
|upkeep
|turn|7
|
|t:|1757237284
|move|p2a: Sneasler|Dire Claw|p1b: Spoderman
|-crit|p1b: Spoderman
|-damage|p1b: Spoderman|32/100
|-status|p1b: Spoderman|slp
|move|p2b: Gholdengo|Shadow Ball|p1a: Toxtricity
|-damage|p1a: Toxtricity|0 fnt
|faint|p1a: Toxtricity
|cant|p1b: Spoderman|slp
|
|upkeep
|c|☆battle sim trainer|bruh :(
|
|t:|1757237295
|switch|p1a: Hug me|Bronzong, L50, shiny, tera:Fire|7/100 par
|turn|8
|
|t:|1757237310
|cant|p1b: Spoderman|slp
|move|p2a: Sneasler|Dire Claw|p1b: Spoderman
|-damage|p1b: Spoderman|0 fnt
|faint|p1b: Spoderman
|move|p2b: Gholdengo|Shadow Ball|p1a: Hug me
|-damage|p1a: Hug me|0 fnt
|faint|p1a: Hug me
|
|win|JuanGuerrero09
|c|☆JuanGuerrero09|bad luck
|c|☆JuanGuerrero09|why not wide huard?
