|j|☆n4t3dp
|j|☆Tegboy
|html|n4t3dpTegboy    
|uhtml|bestof|Game 1 of a best-of-3
|t:|1784603116
|gametype|doubles
|player|p1|n4t3dp|archie-gen3|
|player|p2|Tegboy|101|
|gen|9
|tier|[Gen 9 Champions] VGC 2026 Reg M-B (Bo3)
|rule|Species Clause: Limit one of each Pokémon
|rule|Item Clause: Limit 1 of each item
|clearpoke
|poke|p1|Incineroar, L50, M|
|poke|p1|Oranguru, L50, F, shiny|
|poke|p1|Espeon, L50, F|
|poke|p1|Kangaskhan, L50, F|
|poke|p1|Blastoise, L50, M, shiny|
|poke|p1|Ceruledge, L50, F|
|poke|p2|Sinistcha, L50|
|poke|p2|Torkoal, L50, M|
|poke|p2|Malamar, L50, M|
|poke|p2|Kangaskhan, L50, F|
|poke|p2|Mawile, L50, M|
|poke|p2|Vaporeon, L50, F|
|teampreview|4
|showteam|p1|Incineroar||SitrusBerry|Intimidate|FakeOut,WillOWisp,PartingShot,FlareBlitz|Brave||M|||50|]Oranguru||LumBerry|InnerFocus|Instruct,Psychic,RainDance,TrickRoom|Calm||F|||50|]Espeon||FocusSash|MagicBounce|PowerGem,Psychic,Roar,Detect|Modest||F|||50|]Kangaskhan||Kangaskhanite|Scrappy|FakeOut,DoubleEdge,SuckerPunch,ThunderPunch|Adamant||F|||50|]Blastoise||Blastoisinite|RainDish|WaterSpout,WaterPulse,DarkPulse,Protect|Quiet||M|||50|]Ceruledge||ColburBerry|FlashFire|BitterBlade,ShadowSneak,XScissor,AllySwitch|Adamant||F|||50|
|showteam|p2|Sinistcha||ColburBerry|Hospitality|MatchaGotcha,RagePowder,TrickRoom,StrengthSap|Sassy|||||50|]Torkoal||Charcoal|Drought|SolarBeam,WeatherBall,Protect,EarthPower|Quiet||M|||50|]Malamar||Malamarite|Contrary|Superpower,KnockOff,Protect,TrickRoom|Brave||M|||50|]Kangaskhan||LifeOrb|Scrappy|FakeOut,HammerArm,DoubleEdge,Disable|Brave||F|||50|]Mawile||Mawilite|HyperCutter|PlayRough,RockSlide,SuckerPunch,Protect|Adamant||M|||50|]Vaporeon||Leftovers|WaterAbsorb|IceBeam,Scald,CalmMind,Protect|Bold||F|||50|
|c|☆n4t3dp|wait its open team sheet
|c|☆n4t3dp|whoops
|c|☆n4t3dp|that must be the default
|c|☆n4t3dp|do you want to quit out or just play it
|c|☆Tegboy|oops
|c|☆n4t3dp|i havent sent the command yet this season
|c|☆n4t3dp|what would you prefer i havent looked yet
|c|☆Tegboy|im down for either
|c|☆n4t3dp|ok well just play it
|c|☆Tegboy|we can just play it
|c|☆n4t3dp|my b lol
|c|☆Tegboy|no worries
|
|t:|1784603251
|teamsize|p1|4
|teamsize|p2|4
|start
|switch|p1a: Maurice|Oranguru, L50, F, shiny|100/100
|switch|p1b: Incineroar|Incineroar, L50, M|100/100
|switch|p2a: Malamar|Malamar, L50, M|100/100
|switch|p2b: Vaporeon|Vaporeon, L50, F|100/100
|-ability|p1b: Incineroar|Intimidate|boost
|-boost|p2a: Malamar|atk|1
|-unboost|p2b: Vaporeon|atk|1
|turn|1
|
|t:|1784603290
|switch|p1a: Ceruledge|Ceruledge, L50, F|100/100
|detailschange|p2a: Malamar|Malamar-Mega, L50, M
|-mega|p2a: Malamar|Malamar|Malamarite
|move|p2a: Malamar|Protect|p2a: Malamar
|-singleturn|p2a: Malamar|Protect
|move|p2b: Vaporeon|Calm Mind|p2b: Vaporeon
|-boost|p2b: Vaporeon|spa|1
|-boost|p2b: Vaporeon|spd|1
|move|p1b: Incineroar|Will-O-Wisp|p2a: Malamar
|-activate|p2a: Malamar|move: Protect
|
|upkeep
|turn|2
|c|☆n4t3dp|im in danger lol
|c|☆n4t3dp|i overprepped for vivillon
|
|t:|1784603343
|switch|p2a: Sinistcha|Sinistcha, L50|100/100
|move|p1a: Ceruledge|X-Scissor|p2a: Sinistcha
|-damage|p2a: Sinistcha|71/100
|move|p2b: Vaporeon|Calm Mind|p2b: Vaporeon
|-boost|p2b: Vaporeon|spa|1
|-boost|p2b: Vaporeon|spd|1
|move|p1b: Incineroar|Parting Shot|p2b: Vaporeon
|-unboost|p2b: Vaporeon|atk|1
|-unboost|p2b: Vaporeon|spa|1
|
|t:|1784603361
|switch|p1b: Maurice|Oranguru, L50, F, shiny|100/100|[from] Parting Shot
|
|upkeep
|turn|3
|
|t:|1784603375
|switch|p2a: Kangaskhan|Kangaskhan, L50, F|100/100
|move|p1a: Ceruledge|Bitter Blade|p2a: Kangaskhan
|-damage|p2a: Kangaskhan|51/100
|move|p1b: Maurice|Instruct|p1a: Ceruledge
|-singleturn|p1a: Ceruledge|move: Instruct|[of] p1b: Maurice
|move|p1a: Ceruledge|Bitter Blade|p2a: Kangaskhan
|-damage|p2a: Kangaskhan|2/100
|move|p2b: Vaporeon|Scald|p1a: Ceruledge
|-supereffective|p1a: Ceruledge|1
|-damage|p1a: Ceruledge|16/100
|
|upkeep
|turn|4
|
|t:|1784603410
|move|p2a: Kangaskhan|Fake Out|p1a: Ceruledge
|-damage|p1a: Ceruledge|0 fnt
|faint|p1a: Ceruledge
|-damage|p2a: Kangaskhan|0 fnt|[from] item: Life Orb
|faint|p2a: Kangaskhan
|move|p1b: Maurice|Psychic|p2b: Vaporeon
|-damage|p2b: Vaporeon|89/100
|move|p2b: Vaporeon|Calm Mind|p2b: Vaporeon
|-boost|p2b: Vaporeon|spa|1
|-boost|p2b: Vaporeon|spd|1
|
|-heal|p2b: Vaporeon|95/100|[from] item: Leftovers
|upkeep
|
|t:|1784603425
|switch|p1a: Blastoise|Blastoise, L50, M, shiny|100/100
|switch|p2a: Malamar|Malamar-Mega, L50, M|100/100
|turn|5
|
|t:|1784603444
|detailschange|p1a: Blastoise|Blastoise-Mega, L50, M, shiny
|-mega|p1a: Blastoise|Blastoise|Blastoisinite
|move|p2a: Malamar|Superpower|p1a: Blastoise
|-damage|p1a: Blastoise|67/100
|-boost|p2a: Malamar|atk|1
|-boost|p2a: Malamar|def|1
|move|p1b: Maurice|Psychic|p2b: Vaporeon
|-damage|p2b: Vaporeon|85/100
|move|p1a: Blastoise|Dark Pulse|p2b: Vaporeon
|-damage|p2b: Vaporeon|70/100
|move|p2b: Vaporeon|Scald|p1a: Blastoise
|-resisted|p1a: Blastoise|1
|-damage|p1a: Blastoise|40/100
|
|-heal|p2b: Vaporeon|76/100|[from] item: Leftovers
|upkeep
|turn|6
|
|t:|1784603475
|move|p2a: Malamar|Superpower|p1a: Blastoise
|-damage|p1a: Blastoise|0 fnt
|-boost|p2a: Malamar|atk|1
|-boost|p2a: Malamar|def|1
|faint|p1a: Blastoise
|move|p1b: Maurice|Instruct|p1: Blastoise|[notarget]
|-fail|p1b: Maurice
|move|p2b: Vaporeon|Scald|p1b: Maurice
|-damage|p1b: Maurice|62/100
|
|-heal|p2b: Vaporeon|82/100|[from] item: Leftovers
|upkeep
|
|t:|1784603478
|switch|p1a: Incineroar|Incineroar, L50, M|100/100
|-ability|p1a: Incineroar|Intimidate|boost
|-boost|p2a: Malamar|atk|1
|-unboost|p2b: Vaporeon|atk|1
|turn|7
|c|☆n4t3dp|yeah gg lol vaporeon hard counters this team
|c|☆Tegboy|ahahah
|
|t:|1784603501
|move|p2a: Malamar|Superpower|p1a: Incineroar
|-supereffective|p1a: Incineroar|1
|-damage|p1a: Incineroar|0 fnt
|-boost|p2a: Malamar|atk|1
|-boost|p2a: Malamar|def|1
|faint|p1a: Incineroar
|move|p1b: Maurice|Psychic|p2b: Vaporeon
|-damage|p2b: Vaporeon|72/100
|-unboost|p2b: Vaporeon|spd|1
|move|p2b: Vaporeon|Scald|p1b: Maurice
|-damage|p1b: Maurice|24/100
|
|-heal|p2b: Vaporeon|78/100|[from] item: Leftovers
|upkeep
|turn|8
|c|☆Tegboy|so glad i brought it
|
|t:|1784603517
|move|p2a: Malamar|Knock Off|p1b: Maurice
|-supereffective|p1b: Maurice|1
|-damage|p1b: Maurice|0 fnt
|-enditem|p1b: Maurice|Lum Berry|[from] move: Knock Off|[of] p2a: Malamar
|faint|p1b: Maurice
|
|win|Tegboy
||Tegboy is ready for game 2.
||n4t3dp is ready for game 2.
|uhtml|next|Next: Game 2 of 3
