|j|☆5-3maxxing
|j|☆viatles
|html|5-3maxxingviatles    
|uhtml|bestof|Game 2 of a best-of-3
|t:|1783562709
|gametype|doubles
|player|p1|5-3maxxing|266|1213
|player|p2|viatles|hiker|1085
|gen|9
|tier|[Gen 9 Champions] VGC 2026 Reg M-B (Bo3)
|rated|
|rule|Species Clause: Limit one of each Pokémon
|rule|Item Clause: Limit 1 of each item
|clearpoke
|poke|p1|Floette-Eternal, L50, F|
|poke|p1|Charizard, L50, M|
|poke|p1|Whimsicott, L50, M|
|poke|p1|Basculegion, L50, M|
|poke|p1|Garchomp, L50, M|
|poke|p1|Kingambit, L50, M|
|poke|p2|Beedrill, L50, F, shiny|
|poke|p2|Milotic, L50, F, shiny|
|poke|p2|Talonflame, L50, F, shiny|
|poke|p2|Farigiraf, L50, F|
|poke|p2|Decidueye-Hisui, L50, M|
|poke|p2|Sableye, L50, M|
|teampreview|4
|showteam|p1|Floette-Eternal||Floettite|FlowerVeil|Moonblast,DazzlingGleam,LightofRuin,Protect|Modest||F|||50|]Charizard||CharizarditeY|Blaze|HeatWave,SolarBeam,WeatherBall,Protect|Modest||M|||50|]Whimsicott||FocusSash|Prankster|Moonblast,Tailwind,Encore,Protect|Timid||M|||50|]Basculegion||LifeOrb|Adaptability|WaveCrash,LastRespects,AquaJet,Protect|Adamant||M|||50|]Garchomp||SitrusBerry|RoughSkin|Earthquake,DragonClaw,RockSlide,Protect|Jolly||M|||50|]Kingambit||ChopleBerry|Defiant|KowtowCleave,SuckerPunch,IronHead,LowKick|Adamant||M|||50|
|showteam|p2|Beedrill||Beedrillite|Swarm|Uturn,DrillRun,PoisonJab,Protect|Jolly||F|||50|]Milotic||Leftovers|Competitive|IcyWind,Scald,Protect,LifeDew|Bold||F|||50|]Talonflame||SharpBeak|GaleWings|DualWingbeat,Tailwind,Protect,WillOWisp|Jolly||F|||50|]Farigiraf||SitrusBerry|ArmorTail|TrickRoom,Thunderbolt,TwinBeam,HelpingHand|Bold||F|||50|]Decidueye-Hisui||ScopeLens|Scrappy|Protect,TripleArrows,LeafBlade,SuckerPunch|Adamant||M|||50|]Sableye||RoseliBerry|Prankster|FakeOut,FoulPlay,RainDance,Quash|Sassy||M|||50|
|inactive|Battle timer is ON: inactive players will automatically lose when time's up. (requested by viatles)
|
|t:|1783562726
|teamsize|p1|4
|teamsize|p2|4
|start
|switch|p1a: Basculegion|Basculegion, L50, M|100/100
|switch|p1b: Whimsicott|Whimsicott, L50, M|100/100
|switch|p2a: Sableye|Sableye, L50, M|100/100
|switch|p2b: Malsumas|Beedrill, L50, F, shiny|100/100
|turn|1
|
|t:|1783562744
|detailschange|p2b: Malsumas|Beedrill-Mega, L50, F, shiny
|-mega|p2b: Malsumas|Beedrill|Beedrillite
|move|p1b: Whimsicott|Protect|p1b: Whimsicott
|-singleturn|p1b: Whimsicott|Protect
|move|p2b: Malsumas|Protect|p2b: Malsumas
|-singleturn|p2b: Malsumas|Protect
|move|p1a: Basculegion|Wave Crash|p2a: Sableye
|-damage|p2a: Sableye|0 fnt
|faint|p2a: Sableye
|-damage|p1a: Basculegion|73/100|[from] Recoil
|-damage|p1a: Basculegion|63/100|[from] item: Life Orb
|
|upkeep
|
|t:|1783562757
|switch|p2a: Pentious|Milotic, L50, F, shiny|100/100
|turn|2
|
|t:|1783562764
|move|p2b: Malsumas|Protect||[still]
|-fail|p2b: Malsumas
|move|p1b: Whimsicott|Tailwind|p1b: Whimsicott
|-sidestart|p1: 5-3maxxing|move: Tailwind
|move|p1a: Basculegion|Wave Crash|p2b: Malsumas
|-damage|p2b: Malsumas|0 fnt
|faint|p2b: Malsumas
|-damage|p1a: Basculegion|39/100|[from] Recoil
|-damage|p1a: Basculegion|29/100|[from] item: Life Orb
|move|p2a: Pentious|Icy Wind|p1a: Basculegion|[spread] p1a,p1b
|-resisted|p1a: Basculegion|1
|-supereffective|p1b: Whimsicott|1
|-damage|p1a: Basculegion|23/100
|-damage|p1b: Whimsicott|66/100
|-unboost|p1a: Basculegion|spe|1
|-unboost|p1b: Whimsicott|spe|1
|
|upkeep
|
|t:|1783562778
|switch|p2b: Scatter|Talonflame, L50, F, shiny|100/100
|turn|3
|
|t:|1783562783
|switch|p1a: Garchomp|Garchomp, L50, M|100/100
|move|p2b: Scatter|Dual Wingbeat|p1a: Garchomp
|-damage|p1a: Garchomp|81/100
|-damage|p2b: Scatter|87/100|[from] ability: Rough Skin|[of] p1a: Garchomp
|-damage|p1a: Garchomp|61/100
|-damage|p2b: Scatter|75/100|[from] ability: Rough Skin|[of] p1a: Garchomp
|-hitcount|p1a: Garchomp|2
|move|p1b: Whimsicott|Moonblast|p2a: Pentious
|-damage|p2a: Pentious|76/100
|move|p2a: Pentious|Icy Wind|p1b: Whimsicott|[spread] p1a,p1b
|-supereffective|p1a: Garchomp|2
|-crit|p1a: Garchomp
|-supereffective|p1b: Whimsicott|1
|-crit|p1b: Whimsicott
|-damage|p1a: Garchomp|0 fnt
|-damage|p1b: Whimsicott|12/100
|-unboost|p1b: Whimsicott|spe|1
|faint|p1a: Garchomp
|
|-heal|p2a: Pentious|82/100|[from] item: Leftovers
|upkeep
|
|t:|1783562788
|switch|p1a: Basculegion|Basculegion, L50, M|23/100
|turn|4
|
|t:|1783562811
|move|p2b: Scatter|Protect|p2b: Scatter
|-singleturn|p2b: Scatter|Protect
|move|p1a: Basculegion|Aqua Jet|p2b: Scatter
|-activate|p2b: Scatter|move: Protect
|move|p1b: Whimsicott|Moonblast|p2a: Pentious
|-damage|p2a: Pentious|58/100
|move|p2a: Pentious|Icy Wind|p1b: Whimsicott|[spread] p1a,p1b
|-resisted|p1a: Basculegion|1
|-supereffective|p1b: Whimsicott|1
|-damage|p1a: Basculegion|17/100
|-damage|p1b: Whimsicott|0 fnt
|-unboost|p1a: Basculegion|spe|1
|faint|p1b: Whimsicott
|
|-heal|p2a: Pentious|64/100|[from] item: Leftovers
|upkeep
|
|t:|1783562814
|switch|p1b: Charizard|Charizard, L50, M|100/100
|turn|5
|inactive|viatles has 30 seconds left.
|inactive|viatles has 20 seconds left.
|inactive|viatles has 15 seconds left.
|
|t:|1783562854
|move|p1b: Charizard|Protect|p1b: Charizard
|-singleturn|p1b: Charizard|Protect
|move|p2b: Scatter|Protect||[still]
|-fail|p2b: Scatter
|move|p1a: Basculegion|Aqua Jet|p2b: Scatter
|-supereffective|p2b: Scatter|1
|-damage|p2b: Scatter|0 fnt
|faint|p2b: Scatter
|-damage|p1a: Basculegion|8/100|[from] item: Life Orb
|move|p2a: Pentious|Icy Wind|p1a: Basculegion|[spread] 
|-activate|p1b: Charizard|move: Protect
|-miss|p2a: Pentious|p1a: Basculegion
|
|-heal|p2a: Pentious|70/100|[from] item: Leftovers
|-sideend|p1: 5-3maxxing|move: Tailwind
|upkeep
|turn|6
|
|t:|1783562872
|detailschange|p1b: Charizard|Charizard-Mega-Y, L50, M
|-mega|p1b: Charizard|Charizard|Charizardite Y
|-weather|SunnyDay|[from] ability: Drought|[of] p1b: Charizard
|move|p1b: Charizard|Solar Beam||[still]
|-prepare|p1b: Charizard|Solar Beam
|-anim|p1b: Charizard|Solar Beam|p2a: Pentious
|-supereffective|p2a: Pentious|1
|-crit|p2a: Pentious
|-damage|p2a: Pentious|0 fnt
|faint|p2a: Pentious
|
|win|5-3maxxing
