|j|☆lucasmalt
|j|☆Kyrie pokemon
|html|lucasmaltKyrie pokemon    
|uhtml|bestof|Game 3 of a best-of-3
|t:|1784806869
|gametype|doubles
|player|p1|lucasmalt|170|1352
|player|p2|Kyrie pokemon|101|1362
|gen|9
|tier|[Gen 9 Champions] VGC 2026 Reg M-B (Bo3)
|rated|
|rule|Species Clause: Limit one of each Pokémon
|rule|Item Clause: Limit 1 of each item
|clearpoke
|poke|p1|Blaziken, L50, F, shiny|
|poke|p1|Incineroar, L50, F, shiny|
|poke|p1|Sinistcha, L50|
|poke|p1|Milotic, L50, M, shiny|
|poke|p1|Hydreigon, L50, M|
|poke|p1|Gardevoir, L50, M, shiny|
|poke|p2|Kleavor, L50, M|
|poke|p2|Kingambit, L50, F|
|poke|p2|Charizard, L50, F|
|poke|p2|Garchomp, L50, M|
|poke|p2|Ninetales-Alola, L50, F|
|poke|p2|Whimsicott, L50, M|
|teampreview|4
|showteam|p1|Blaziken||Blazikenite|SpeedBoost|FlareBlitz,CloseCombat,RockSlide,Detect|Adamant||F|||50|]Incineroar||SitrusBerry|Intimidate|FakeOut,FlareBlitz,DarkestLariat,PartingShot|Careful||F|||50|]Sinistcha||KasibBerry|Hospitality|MatchaGotcha,RagePowder,TrickRoom,Protect|Bold|||||50|]Milotic||Leftovers|Competitive|MuddyWater,Coil,Hypnosis,Recover|Calm||M|||50|]Hydreigon||ChoiceScarf|Levitate|Snarl,DracoMeteor,DarkPulse,EarthPower|Modest||M|||50|]Gardevoir||Gardevoirite|Trace|HyperVoice,Psyshock,TrickRoom,Protect|Modest||M|||50|
|showteam|p2|Kleavor||ChoiceScarf|Sharpness|StoneAxe,XScissor,Uturn,CloseCombat|Jolly||M|||50|]Kingambit||BlackGlasses|Defiant|KowtowCleave,Protect,SuckerPunch,IronHead|Adamant||F|||50|]Charizard||CharizarditeY|Blaze|HeatWave,Protect,SolarBeam,WeatherBall|Modest||F|||50|]Garchomp||LifeOrb|RoughSkin|Earthquake,Protect,RockSlide,StompingTantrum|Jolly||M|||50|]Ninetales-Alola||NeverMeltIce|SnowWarning|Blizzard,Protect,Disable,FreezeDry|Timid||F|||50|]Whimsicott||FocusSash|Prankster|Moonblast,Protect,Encore,Tailwind|Jolly||M|||50|
|inactive|Battle timer is ON: inactive players will automatically lose when time's up. (requested by lucasmalt)
|
|t:|1784806919
|teamsize|p1|4
|teamsize|p2|4
|start
|switch|p1a: Milotic|Milotic, L50, M, shiny|100/100
|switch|p1b: Blaziken|Blaziken, L50, F, shiny|100/100
|switch|p2a: Garchomp|Garchomp, L50, M|100/100
|switch|p2b: Charizard|Charizard, L50, F|100/100
|turn|1
|inactive|Kyrie pokemon has 30 seconds left.
|
|t:|1784806949
|switch|p1b: Incineroar|Incineroar, L50, F, shiny|100/100
|-ability|p1b: Incineroar|Intimidate|boost
|-unboost|p2a: Garchomp|atk|1
|-unboost|p2b: Charizard|atk|1
|detailschange|p2b: Charizard|Charizard-Mega-Y, L50, F
|-mega|p2b: Charizard|Charizard|Charizardite Y
|-weather|SunnyDay|[from] ability: Drought|[of] p2b: Charizard
|move|p2a: Garchomp|Earthquake|p1b: Incineroar|[spread] p1a,p1b
|-immune|p2b: Charizard
|-supereffective|p1b: Incineroar|1
|-damage|p1a: Milotic|72/100
|-damage|p1b: Incineroar|38/100
|-enditem|p1b: Incineroar|Sitrus Berry|[eat]
|-heal|p1b: Incineroar|62/100|[from] item: Sitrus Berry
|-damage|p2a: Garchomp|90/100|[from] item: Life Orb
|move|p2b: Charizard|Weather Ball|p1a: Milotic
|-resisted|p1a: Milotic|1
|-damage|p1a: Milotic|43/100
|move|p1a: Milotic|Recover|p1a: Milotic
|-heal|p1a: Milotic|93/100
|
|-weather|SunnyDay|[upkeep]
|-heal|p1a: Milotic|99/100|[from] item: Leftovers
|upkeep
|turn|2
|inactive|Kyrie pokemon has 30 seconds left.
|inactive|Kyrie pokemon has 20 seconds left.
|inactive|Kyrie pokemon has 15 seconds left.
|
|t:|1784806993
|move|p1b: Incineroar|Fake Out|p2b: Charizard
|-damage|p2b: Charizard|88/100
|move|p2a: Garchomp|Earthquake|p1a: Milotic|[spread] p1a,p1b
|-immune|p2b: Charizard
|-supereffective|p1b: Incineroar|1
|-damage|p1a: Milotic|70/100
|-damage|p1b: Incineroar|4/100
|-damage|p2a: Garchomp|80/100|[from] item: Life Orb
|cant|p2b: Charizard|flinch
|move|p1a: Milotic|Coil|p1a: Milotic
|-boost|p1a: Milotic|atk|1
|-boost|p1a: Milotic|def|1
|-boost|p1a: Milotic|accuracy|1
|
|-weather|SunnyDay|[upkeep]
|-heal|p1a: Milotic|76/100|[from] item: Leftovers
|upkeep
|turn|3
|inactive|lucasmalt has 30 seconds left.
|inactive|lucasmalt has 20 seconds left.
|inactive|lucasmalt has 15 seconds left.
|
|t:|1784807037
|move|p2a: Garchomp|Earthquake|p1a: Milotic|[spread] p1a,p1b
|-immune|p2b: Charizard
|-supereffective|p1b: Incineroar|1
|-damage|p1a: Milotic|56/100
|-damage|p1b: Incineroar|0 fnt
|faint|p1b: Incineroar
|-damage|p2a: Garchomp|70/100|[from] item: Life Orb
|move|p2b: Charizard|Solar Beam||[still]
|-prepare|p2b: Charizard|Solar Beam
|-anim|p2b: Charizard|Solar Beam|p1a: Milotic
|-supereffective|p1a: Milotic|1
|-damage|p1a: Milotic|0 fnt
|faint|p1a: Milotic
|
|-weather|SunnyDay|[upkeep]
|upkeep
|
|t:|1784807041
|switch|p1a: Gardevoir|Gardevoir, L50, M, shiny|100/100
|switch|p1b: Blaziken|Blaziken, L50, F, shiny|100/100
|-ability|p1a: Gardevoir|Rough Skin|Trace|[from] ability: Trace|[of] p2a: Garchomp
|turn|4
|inactive|lucasmalt has 30 seconds left.
|inactive|Kyrie pokemon has 30 seconds left.
|inactive|lucasmalt has 20 seconds left.
|inactive|Kyrie pokemon has 20 seconds left.
|inactive|lucasmalt has 15 seconds left.
|inactive|lucasmalt has 10 seconds left.
|inactive|lucasmalt has 5 seconds left.
|
|t:|1784807093
|detailschange|p1a: Gardevoir|Gardevoir-Mega, L50, M, shiny
|-mega|p1a: Gardevoir|Gardevoir|Gardevoirite
|move|p1b: Blaziken|Detect|p1b: Blaziken
|-singleturn|p1b: Blaziken|Protect
|move|p2a: Garchomp|Earthquake|p1a: Gardevoir|[spread] p1a
|-activate|p1b: Blaziken|move: Protect
|-immune|p2b: Charizard
|-damage|p1a: Gardevoir|62/100
|-damage|p2a: Garchomp|61/100|[from] item: Life Orb
|move|p2b: Charizard|Heat Wave|p1b: Blaziken|[spread] p1a
|-activate|p1b: Blaziken|move: Protect
|-damage|p1a: Gardevoir|10/100
|move|p1a: Gardevoir|Hyper Voice|p2a: Garchomp|[spread] p2a,p2b
|-supereffective|p2a: Garchomp|1
|-resisted|p2b: Charizard|1
|-damage|p2a: Garchomp|0 fnt
|-damage|p2b: Charizard|66/100
|faint|p2a: Garchomp
|
|-weather|SunnyDay|[upkeep]
|-ability|p1b: Blaziken|Speed Boost|boost
|-boost|p1b: Blaziken|spe|1
|upkeep
|inactive|Kyrie pokemon has 30 seconds left.
|
|t:|1784807124
|switch|p2a: Whimsicott|Whimsicott, L50, M|100/100
|turn|5
|
|t:|1784807141
|move|p1a: Gardevoir|Protect|p1a: Gardevoir
|-singleturn|p1a: Gardevoir|Protect
|move|p2a: Whimsicott|Encore|p1b: Blaziken
|-start|p1b: Blaziken|Encore
|move|p1b: Blaziken|Detect||[still]
|-fail|p1b: Blaziken
|move|p2b: Charizard|Weather Ball|p1a: Gardevoir
|-activate|p1a: Gardevoir|move: Protect
|
|-weather|none
|-ability|p1b: Blaziken|Speed Boost|boost
|-boost|p1b: Blaziken|spe|1
|upkeep
|turn|6
|
|t:|1784807160
|move|p1b: Blaziken|Detect|p1b: Blaziken
|-singleturn|p1b: Blaziken|Protect
|move|p1a: Gardevoir|Protect|p1a: Gardevoir
|-singleturn|p1a: Gardevoir|Protect
|move|p2a: Whimsicott|Moonblast|p1a: Gardevoir
|-activate|p1a: Gardevoir|move: Protect
|move|p2b: Charizard|Heat Wave|p1a: Gardevoir|[spread] 
|-activate|p1a: Gardevoir|move: Protect
|-activate|p1b: Blaziken|move: Protect
|
|-ability|p1b: Blaziken|Speed Boost|boost
|-boost|p1b: Blaziken|spe|1
|upkeep
|turn|7
|
|t:|1784807176
|move|p1b: Blaziken|Detect|p1b: Blaziken
|-singleturn|p1b: Blaziken|Protect
|move|p1a: Gardevoir|Protect||[still]
|-fail|p1a: Gardevoir
|move|p2a: Whimsicott|Moonblast|p1a: Gardevoir
|-damage|p1a: Gardevoir|0 fnt
|faint|p1a: Gardevoir
|move|p2b: Charizard|Heat Wave|p1b: Blaziken
|-activate|p1b: Blaziken|move: Protect
|
|-end|p1b: Blaziken|Encore
|-ability|p1b: Blaziken|Speed Boost|boost
|-boost|p1b: Blaziken|spe|1
|upkeep
|turn|8
|
|t:|1784807193
|switch|p2b: Kleavor|Kleavor, L50, M|100/100
|move|p2a: Whimsicott|Encore|p1b: Blaziken
|-start|p1b: Blaziken|Encore
|move|p1b: Blaziken|Detect||[still]
|-fail|p1b: Blaziken
|
|-ability|p1b: Blaziken|Speed Boost|boost
|-boost|p1b: Blaziken|spe|1
|upkeep
|turn|9
|
|t:|1784807207
|move|p1b: Blaziken|Detect|p1b: Blaziken
|-singleturn|p1b: Blaziken|Protect
|move|p2b: Kleavor|Stone Axe|p1b: Blaziken
|-activate|p1b: Blaziken|move: Protect
|move|p2a: Whimsicott|Moonblast|p1b: Blaziken
|-activate|p1b: Blaziken|move: Protect
|
|-ability|p1b: Blaziken|Speed Boost|boost
|-boost|p1b: Blaziken|spe|1
|upkeep
|turn|10
|
|t:|1784807221
|move|p1b: Blaziken|Detect|p1b: Blaziken
|-singleturn|p1b: Blaziken|Protect
|move|p2b: Kleavor|Stone Axe|p1b: Blaziken
|-activate|p1b: Blaziken|move: Protect
|move|p2a: Whimsicott|Moonblast|p1b: Blaziken
|-activate|p1b: Blaziken|move: Protect
|
|-end|p1b: Blaziken|Encore
|upkeep
|turn|11
|
|t:|1784807234
|move|p2a: Whimsicott|Encore|p1b: Blaziken
|-start|p1b: Blaziken|Encore
|move|p1b: Blaziken|Detect||[still]
|-fail|p1b: Blaziken
|move|p2b: Kleavor|Stone Axe|p1b: Blaziken
|-damage|p1b: Blaziken|28/100
|-sidestart|p1: lucasmalt|move: Stealth Rock
|
|-end|p1b: Blaziken|Encore
|upkeep
|turn|12
|
|t:|1784807253
|move|p2a: Whimsicott|Encore||[still]
|-fail|p2a: Whimsicott
|move|p1b: Blaziken|Flare Blitz|p2b: Kleavor
|-damage|p2b: Kleavor|23/100
|-damage|p1b: Blaziken|5/100|[from] Recoil
|move|p2b: Kleavor|Stone Axe|p1b: Blaziken
|-damage|p1b: Blaziken|0 fnt
|faint|p1b: Blaziken
|
|win|Kyrie pokemon
|raw|lucasmalt's rating: 1352 → 1333(-19 for losing)
|raw|Kyrie pokemon's rating: 1362 → 1381(+19 for winning)
