|j|☆tchunter998
|j|☆wait for swarley
|html|tchunter998wait for swarley    
|uhtml|bestof|Game 3 of a best-of-3
|t:|1784709350
|gametype|doubles
|player|p1|tchunter998|170|1075
|player|p2|wait for swarley|volo|1220
|gen|9
|tier|[Gen 9 Champions] VGC 2026 Reg M-B (Bo3)
|rated|
|rule|Species Clause: Limit one of each Pokémon
|rule|Item Clause: Limit 1 of each item
|clearpoke
|poke|p1|Volcarona, L50, M|
|poke|p1|Scrafty, L50, M|
|poke|p1|Ninetales-Alola, L50, F|
|poke|p1|Lycanroc-Dusk, L50, F|
|poke|p1|Hydreigon, L50, M|
|poke|p1|Metagross, L50|
|poke|p2|Grimmsnarl, L50, M|
|poke|p2|Incineroar, L50, M|
|poke|p2|Maushold-Four, L50|
|poke|p2|Annihilape, L50, M|
|poke|p2|Floette-Eternal, L50, F|
|poke|p2|Venusaur, L50, F|
|teampreview|4
|showteam|p1|Volcarona||LifeOrb|FlameBody|QuiverDance,HeatWave,GigaDrain,Protect|Modest||M|||50|]Scrafty||Scraftinite|Intimidate|FakeOut,KnockOff,BulkUp,DrainPunch|Adamant||M|||50|]Ninetales-Alola||LightClay|SnowWarning|AuroraVeil,Encore,Blizzard,DazzlingGleam|Timid||F|||50|]Lycanroc-Dusk||FocusSash|ToughClaws|Accelerock,RockSlide,CloseCombat,Protect|Adamant||F|||50|]Hydreigon||ChoiceScarf|Levitate|DracoMeteor,DarkPulse,Flamethrower,DragonPulse|Timid||M|||50|]Metagross||Metagrossite|ClearBody|PsychicFangs,BulletPunch,MeteorMash,BodyPress|Jolly|||||50|
|showteam|p2|Grimmsnarl||LightClay|Prankster|SpiritBreak,Reflect,LightScreen,PartingShot|Careful||M|||50|]Incineroar||SitrusBerry|Intimidate|FakeOut,FlareBlitz,ThroatChop,PartingShot|Careful||M|||50|]Maushold-Four||FocusSash|FriendGuard|FollowMe,SuperFang,Encore,Protect|Timid|||||50|]Annihilape||Leftovers|Defiant|RageFist,DrainPunch,BulkUp,Protect|Adamant||M|||50|]Floette-Eternal||Floettite|FlowerVeil|Moonblast,DrainingKiss,CalmMind,Protect|Modest||F|||50|]Venusaur||Venusaurite|Overgrow|GigaDrain,SludgeBomb,EarthPower,Protect|Modest||F|||50|
|inactive|Battle timer is ON: inactive players will automatically lose when time's up. (requested by wait for swarley)
|
|t:|1784709376
|teamsize|p1|4
|teamsize|p2|4
|start
|switch|p1a: Metagross|Metagross, L50|100/100
|switch|p1b: Volcarona|Volcarona, L50, M|100/100
|switch|p2a: Grimmsnarl|Grimmsnarl, L50, M|100/100
|switch|p2b: Incineroar|Incineroar, L50, M|100/100
|-ability|p2b: Incineroar|Intimidate|boost
|-fail|p1a: Metagross|unboost|[from] ability: Clear Body|[of] p1a: Metagross
|-unboost|p1b: Volcarona|atk|1
|turn|1
|
|t:|1784709397
|detailschange|p1a: Metagross|Metagross-Mega, L50
|-mega|p1a: Metagross|Metagross|Metagrossite
|move|p2b: Incineroar|Fake Out|p1a: Metagross
|-resisted|p1a: Metagross|1
|-damage|p1a: Metagross|95/100
|move|p2a: Grimmsnarl|Light Screen|p2a: Grimmsnarl
|-sidestart|p2: wait for swarley|move: Light Screen
|cant|p1a: Metagross|flinch
|move|p1b: Volcarona|Quiver Dance|p1b: Volcarona
|-boost|p1b: Volcarona|spa|1
|-boost|p1b: Volcarona|spd|1
|-boost|p1b: Volcarona|spe|1
|
|upkeep
|turn|2
|
|t:|1784709412
|switch|p2b: Annihilape|Annihilape, L50, M|100/100
|move|p2a: Grimmsnarl|Parting Shot|p1b: Volcarona
|-unboost|p1b: Volcarona|atk|1
|-unboost|p1b: Volcarona|spa|1
|
|t:|1784709418
|switch|p2a: Incineroar|Incineroar, L50, M|100/100|[from] Parting Shot
|-ability|p2a: Incineroar|Intimidate|boost
|-unboost|p1a: Metagross|atk|1
|-unboost|p1b: Volcarona|atk|1
|move|p1b: Volcarona|Quiver Dance|p1b: Volcarona
|-boost|p1b: Volcarona|spa|1
|-boost|p1b: Volcarona|spd|1
|-boost|p1b: Volcarona|spe|1
|move|p1a: Metagross|Meteor Mash|p2a: Incineroar|[miss]
|-miss|p1a: Metagross|p2a: Incineroar
|
|upkeep
|turn|3
|inactive|wait for swarley has 30 seconds left.
|
|t:|1784709443
|move|p1b: Volcarona|Protect|p1b: Volcarona
|-singleturn|p1b: Volcarona|Protect
|move|p1a: Metagross|Psychic Fangs|p2b: Annihilape
|-sideend|p2: wait for swarley|move: Light Screen
|-supereffective|p2b: Annihilape|1
|-damage|p2b: Annihilape|15/100
|move|p2b: Annihilape|Bulk Up|p2b: Annihilape
|-boost|p2b: Annihilape|atk|1
|-boost|p2b: Annihilape|def|1
|move|p2a: Incineroar|Flare Blitz|p1b: Volcarona
|-activate|p1b: Volcarona|move: Protect
|
|-heal|p2b: Annihilape|21/100|[from] item: Leftovers
|upkeep
|turn|4
|
|t:|1784709464
|move|p2b: Annihilape|Protect|p2b: Annihilape
|-singleturn|p2b: Annihilape|Protect
|move|p1b: Volcarona|Heat Wave|p2a: Incineroar|[spread] p2a
|-activate|p2b: Annihilape|move: Protect
|-resisted|p2a: Incineroar|1
|-damage|p2a: Incineroar|63/100
|-damage|p1b: Volcarona|90/100|[from] item: Life Orb
|move|p1a: Metagross|Body Press|p2a: Incineroar
|-supereffective|p2a: Incineroar|1
|-damage|p2a: Incineroar|0 fnt
|faint|p2a: Incineroar
|
|-heal|p2b: Annihilape|27/100|[from] item: Leftovers
|upkeep
|
|t:|1784709479
|switch|p2a: Maushold|Maushold-Four, L50|100/100
|turn|5
|
|t:|1784709496
|move|p1b: Volcarona|Heat Wave|p2b: Annihilape|[spread] p2a,p2b
|-crit|p2b: Annihilape
|-enditem|p2a: Maushold|Focus Sash
|-damage|p2a: Maushold|1/100
|-damage|p2b: Annihilape|0 fnt
|faint|p2b: Annihilape
|-damage|p1b: Volcarona|80/100|[from] item: Life Orb
|move|p2a: Maushold|Super Fang|p1a: Metagross
|-damage|p1a: Metagross|47/100
|move|p1a: Metagross|Body Press|p2a: Maushold
|-supereffective|p2a: Maushold|1
|-crit|p2a: Maushold
|-damage|p2a: Maushold|0 fnt
|faint|p2a: Maushold
|
|upkeep
|
|t:|1784709508
|switch|p2b: Grimmsnarl|Grimmsnarl, L50, M|100/100
|turn|6
|
|t:|1784709512
|move|p1b: Volcarona|Heat Wave|p2b: Grimmsnarl
|-damage|p2b: Grimmsnarl|0 fnt
|faint|p2b: Grimmsnarl
|-damage|p1b: Volcarona|70/100|[from] item: Life Orb
|
|win|tchunter998
|raw|tchunter998's rating: 1075 → 1115(+40 for winning)
|raw|wait for swarley's rating: 1220 → 1185(-35 for losing)
