|j|☆domsbabygirl
|j|☆grimmnay
|html|domsbabygirlgrimmnay    
|uhtml|bestof|Game 1 of a best-of-3
|t:|1756244361
|gametype|doubles
|player|p1|domsbabygirl|169|1342
|player|p2|grimmnay|crasherwake|1380
|gen|9
|tier|[Gen 9] VGC 2025 Reg H (Bo3)
|rated|
|rule|Species Clause: Limit one of each Pokémon
|rule|Item Clause: Limit 1 of each item
|clearpoke
|poke|p1|Kommo-o, L50, F|
|poke|p1|Weezing-Galar, L50, M|
|poke|p1|Corviknight, L50, M|
|poke|p1|Basculegion, L50, M|
|poke|p1|Toedscruel, L50, F|
|poke|p1|Sneasler, L50, F|
|poke|p2|Archaludon, L50, F|
|poke|p2|Dragonite, L50, F|
|poke|p2|Pelipper, L50, F|
|poke|p2|Ursaluna, L50, F|
|poke|p2|Sinistcha, L50|
|poke|p2|Gholdengo, L50|
|teampreview|4
|showteam|p1|Kommo-o||LifeOrb|Overcoat|ClangingScales,Flamethrower,AuraSphere,Protect|||F|||50|,,,,,Fire]Weezing-Galar||ChoiceSpecs|NeutralizingGas|DazzlingGleam,StrangeSteam,SludgeBomb,Flamethrower|||M|||50|,,,,,Ghost]Corviknight||SitrusBerry|MirrorArmor|BraveBird,BodyPress,Tailwind,Protect|||M|||50|,,,,,Dragon]Basculegion||ChoiceScarf|Adaptability|WaveCrash,FlipTurn,LastRespects,AquaJet|||M|||50|,,,,,Water]Toedscruel||CovertCloak|MyceliumMight|Spore,EarthPower,AcidSpray,RagePowder|||F|||50|,,,,,Water]Sneasler||FocusSash|Unburden|DireClaw,CloseCombat,ThroatChop,Protect|||F|||50|,,,,,Steel
|showteam|p2|Archaludon||AssaultVest|Stamina|FlashCannon,BodyPress,ElectroShot,Snarl|||F|||50|,,,,,Fighting]Dragonite||LoadedDice|Multiscale|ScaleShot,Tailwind,Haze,Protect|||F|||50|,,,,,Fairy]Pelipper||FocusSash|Drizzle|MuddyWater,Hurricane,Tailwind,Protect|||F|||50|,,,,,Ghost]Ursaluna||FlameOrb|Guts|Facade,HeadlongRush,Earthquake,Protect|||F|||50|,,,,,Ghost]Sinistcha||SitrusBerry|Hospitality|MatchaGotcha,LifeDew,RagePowder,TrickRoom||||||50|,,,,,Dark]Gholdengo||ChoiceScarf|GoodasGold|MakeItRain,ShadowBall,Trick,Protect||||||50|,,,,,Flying
|inactive|Battle timer is ON: inactive players will automatically lose when time's up. (requested by grimmnay)
|inactive|domsbabygirl has 60 seconds left.
|inactive|grimmnay has 60 seconds left.
|
|t:|1756244420
|teamsize|p1|4
|teamsize|p2|4
|start
|switch|p1a: Weezing|Weezing-Galar, L50, M|100/100
|switch|p1b: Toedscruel|Toedscruel, L50, F, shiny|100/100
|switch|p2a: Dragonite|Dragonite, L50, F|100/100
|switch|p2b: Ursaluna|Ursaluna, L50, F|100/100
|-ability|p1a: Weezing|Neutralizing Gas
|turn|1
|inactive|grimmnay has 30 seconds left.
|inactive|grimmnay has 20 seconds left.
|inactive|grimmnay has 15 seconds left.
|inactive|grimmnay has 10 seconds left.
|
|t:|1756244466
|switch|p2a: Sinistcha|Sinistcha, L50|100/100
|-terastallize|p1a: Weezing|Ghost
|move|p2b: Ursaluna|Protect|p2b: Ursaluna
|-singleturn|p2b: Ursaluna|Protect
|move|p1b: Toedscruel|Spore|p2a: Sinistcha
|-immune|p2a: Sinistcha
|move|p1a: Weezing|Dazzling Gleam|p2b: Ursaluna|[spread] p2a
|-activate|p2b: Ursaluna|move: Protect
|-damage|p2a: Sinistcha|65/100
|
|-status|p2b: Ursaluna|brn|[from] item: Flame Orb
|upkeep
|turn|2
|inactive|grimmnay has 30 seconds left.
|
|t:|1756244493
|switch|p2a: Archaludon|Archaludon, L50, F|100/100
|move|p1b: Toedscruel|Acid Spray|p2b: Ursaluna
|-resisted|p2b: Ursaluna
|-damage|p2b: Ursaluna|97/100 brn
|-unboost|p2b: Ursaluna|spd|2
|move|p1a: Weezing|Dazzling Gleam|p2b: Ursaluna|[spread] p2a,p2b
|-damage|p2a: Archaludon|73/100
|-damage|p2b: Ursaluna|20/100 brn
|move|p2b: Ursaluna|Facade|p1b: Toedscruel
|-damage|p1b: Toedscruel|0 fnt
|faint|p1b: Toedscruel
|
|-damage|p2b: Ursaluna|14/100 brn|[from] brn
|upkeep
|
|t:|1756244510
|switch|p1b: Basculegion|Basculegion, L50, M, shiny|100/100
|turn|3
|
|t:|1756244530
|switch|p2b: Sinistcha|Sinistcha, L50|65/100
|move|p1b: Basculegion|Flip Turn|p2a: Archaludon
|-resisted|p2a: Archaludon
|-damage|p2a: Archaludon|62/100
|
|t:|1756244535
|switch|p1b: Corviknight|Corviknight, L50, M, shiny|100/100|[from] Flip Turn
|move|p2a: Archaludon|Snarl|p1a: Weezing|[spread] p1a,p1b
|-supereffective|p1a: Weezing
|-crit|p1a: Weezing
|-damage|p1a: Weezing|45/100
|-damage|p1b: Corviknight|88/100
|-unboost|p1a: Weezing|spa|1
|-unboost|p1b: Corviknight|spa|1
|move|p1a: Weezing|Dazzling Gleam|p2a: Archaludon|[spread] p2a,p2b
|-damage|p2a: Archaludon|43/100
|-damage|p2b: Sinistcha|42/100
|-enditem|p2b: Sinistcha|Sitrus Berry|[eat]
|-heal|p2b: Sinistcha|67/100|[from] item: Sitrus Berry
|
|upkeep
|turn|4
|inactive|grimmnay has 30 seconds left.
|inactive|grimmnay has 20 seconds left.
|inactive|grimmnay has 15 seconds left.
|inactive|grimmnay has 10 seconds left.
|
|t:|1756244581
|move|p2a: Archaludon|Snarl|p1a: Weezing|[spread] p1a,p1b
|-supereffective|p1a: Weezing
|-crit|p1a: Weezing
|-damage|p1a: Weezing|0 fnt
|-damage|p1b: Corviknight|74/100
|-unboost|p1b: Corviknight|spa|1
|faint|p1a: Weezing
|-end|p1a: Weezing|ability: Neutralizing Gas
|-heal|p2a: Archaludon|68/100|[from] ability: Hospitality|[of] p2b: Sinistcha
|move|p2b: Sinistcha|Life Dew|p2b: Sinistcha|[spread] p2a,p2b
|-heal|p2a: Archaludon|93/100
|-heal|p2b: Sinistcha|92/100
|move|p1b: Corviknight|Brave Bird|p2b: Sinistcha
|-supereffective|p2b: Sinistcha
|-crit|p2b: Sinistcha
|-damage|p2b: Sinistcha|0 fnt
|faint|p2b: Sinistcha
|-damage|p1b: Corviknight|47/100|[from] Recoil
|-enditem|p1b: Corviknight|Sitrus Berry|[eat]
|-heal|p1b: Corviknight|72/100|[from] item: Sitrus Berry
|
|upkeep
|
|t:|1756244597
|switch|p1a: Basculegion|Basculegion, L50, M, shiny|100/100
|switch|p2b: Dragonite|Dragonite, L50, F|100/100
|turn|5
|
|t:|1756244617
|switch|p2a: Ursaluna|Ursaluna, L50, F|14/100 brn
|move|p1a: Basculegion|Last Respects|p2a: Ursaluna
|-immune|p2a: Ursaluna
|move|p2b: Dragonite|Tailwind|p2b: Dragonite
|-sidestart|p2: grimmnay|move: Tailwind
|move|p1b: Corviknight|Tailwind|p1b: Corviknight
|-sidestart|p1: domsbabygirl|move: Tailwind
|
|-damage|p2a: Ursaluna|8/100 brn|[from] brn
|upkeep
|turn|6
|inactive|grimmnay has 30 seconds left.
|
|t:|1756244647
|switch|p2a: Archaludon|Archaludon, L50, F|93/100
|move|p1a: Basculegion|Last Respects|p2b: Dragonite
|-damage|p2b: Dragonite|49/100
|move|p2b: Dragonite|Scale Shot|p1a: Basculegion
|-damage|p1a: Basculegion|79/100
|-damage|p1a: Basculegion|62/100
|-damage|p1a: Basculegion|42/100
|-damage|p1a: Basculegion|22/100
|-hitcount|p1a: Basculegion|4
|-unboost|p2b: Dragonite|def|1
|-boost|p2b: Dragonite|spe|1
|move|p1b: Corviknight|Body Press|p2a: Archaludon
|-supereffective|p2a: Archaludon
|-damage|p2a: Archaludon|59/100
|-ability|p2a: Archaludon|Stamina|boost
|-boost|p2a: Archaludon|def|1
|
|upkeep
|turn|7
|inactive|domsbabygirl has 30 seconds left.
|inactive|grimmnay has 30 seconds left.
|inactive|grimmnay has 20 seconds left.
|inactive|grimmnay has 15 seconds left.
|inactive|grimmnay has 10 seconds left.
|
|t:|1756244693
|-terastallize|p2a: Archaludon|Fighting
|move|p1a: Basculegion|Last Respects|p2a: Archaludon
|-damage|p2a: Archaludon|13/100
|-ability|p2a: Archaludon|Stamina|boost
|-boost|p2a: Archaludon|def|1
|move|p2b: Dragonite|Scale Shot|p1a: Basculegion|[miss]
|-miss|p2b: Dragonite|p1a: Basculegion
|move|p2a: Archaludon|Electro Shot||[still]
|-prepare|p2a: Archaludon|Electro Shot
|-boost|p2a: Archaludon|spa|1
|move|p1b: Corviknight|Body Press|p2a: Archaludon
|-damage|p2a: Archaludon|4/100
|-ability|p2a: Archaludon|Stamina|boost
|-boost|p2a: Archaludon|def|1
|
|upkeep
|turn|8
|inactive|domsbabygirl has 30 seconds left.
|inactive|grimmnay has 30 seconds left.
|
|t:|1756244721
|move|p1a: Basculegion|Last Respects|p2a: Archaludon
|-damage|p2a: Archaludon|0 fnt
|faint|p2a: Archaludon
|move|p2b: Dragonite|Scale Shot|p1a: Basculegion
|-damage|p1a: Basculegion|3/100
|-damage|p1a: Basculegion|0 fnt
|faint|p1a: Basculegion
|-hitcount|p1: Basculegion|2
|-unboost|p2b: Dragonite|def|1
|-boost|p2b: Dragonite|spe|1
|move|p1b: Corviknight|Brave Bird|p2b: Dragonite
|-damage|p2b: Dragonite|0 fnt
|faint|p2b: Dragonite
|-damage|p1b: Corviknight|59/100|[from] Recoil
|
|-sideend|p2: grimmnay|move: Tailwind
|-sideend|p1: domsbabygirl|move: Tailwind
|upkeep
|
|t:|1756244723
|switch|p2b: Ursaluna|Ursaluna, L50, F|8/100 brn
|turn|9
|-message|grimmnay forfeited.
|
|win|domsbabygirl
||grimmnay is ready for game 2.
||domsbabygirl is ready for game 2.
|uhtml|next|Next: Game 2 of 3
