|j|☆steelag0
|j|☆giallone55
|html|steelag0giallone55    
|uhtml|bestof|Game 1 of a best-of-3
|t:|1782516524
|gametype|doubles
|player|p1|steelag0|102|1209
|player|p2|giallone55|170|1172
|gen|9
|tier|[Gen 9 Champions] VGC 2026 Reg M-B (Bo3)
|rated|
|rule|Species Clause: Limit one of each Pokémon
|rule|Item Clause: Limit 1 of each item
|clearpoke
|poke|p1|Blaziken, L50, F|
|poke|p1|Hydreigon, L50, F|
|poke|p1|Basculegion, L50, M|
|poke|p1|Whimsicott, L50, F|
|poke|p1|Farigiraf, L50, M|
|poke|p1|Metagross, L50|
|poke|p2|Whimsicott, L50, F|
|poke|p2|Sylveon, L50, M|
|poke|p2|Staraptor, L50, M|
|poke|p2|Maushold-Four, L50|
|poke|p2|Gholdengo, L50|
|poke|p2|Garchomp, L50, M|
|teampreview|4
|showteam|p1|Blaziken||Blazikenite|SpeedBoost|FlareBlitz,CloseCombat,RockSlide,Detect|Adamant||F|||50|]Hydreigon||ChoiceScarf|Levitate|DracoMeteor,DarkPulse,EarthPower,Snarl|Modest||F|||50|]Basculegion||LifeOrb|Adaptability|WaveCrash,LastRespects,AquaJet,Protect|Adamant||M|||50|]Whimsicott||FocusSash|Prankster|Moonblast,Encore,Tailwind,Protect|Timid||F|||50|]Farigiraf||SitrusBerry|ArmorTail|Psychic,Thunderbolt,Roar,TrickRoom|Bold||M|||50|]Metagross||Metagrossite|ClearBody|PsychicFangs,IronHead,StompingTantrum,Protect|Jolly|||||50|
|showteam|p2|Whimsicott||FocusSash|Prankster|Moonblast,Tailwind,SunnyDay,Encore|Calm||F|||50|]Sylveon||Leftovers|Pixilate|HyperVoice,CalmMind,MysticalFire,Detect|Modest||M|||50|]Staraptor||Staraptite|Intimidate|CloseCombat,BraveBird,Roost,BlazeKick|Adamant||M|||50|]Maushold-Four||WideLens|Technician|PopulationBomb,FollowMe,Taunt,Charm|Jolly|||||50|]Gholdengo||LifeOrb|GoodasGold|NastyPlot,ShadowBall,Thunderbolt,MakeItRain|Timid|||||50|]Garchomp||SitrusBerry|RoughSkin|SwordsDance,StealthRock,DragonClaw,StompingTantrum|Impish||M|||50|
|
|t:|1782516547
|teamsize|p1|4
|teamsize|p2|4
|start
|switch|p1a: Whimsicott|Whimsicott, L50, F|100/100
|switch|p1b: Metagross|Metagross, L50|100/100
|switch|p2a: Maushold|Maushold-Four, L50|100/100
|switch|p2b: Staraptor|Staraptor, L50, M|100/100
|-ability|p2b: Staraptor|Intimidate|boost
|-unboost|p1a: Whimsicott|atk|1
|-fail|p1b: Metagross|unboost|[from] ability: Clear Body|[of] p1b: Metagross
|turn|1
|
|t:|1782516571
|switch|p2b: Whimsicott|Whimsicott, L50, F|100/100
|detailschange|p1b: Metagross|Metagross-Mega, L50
|-mega|p1b: Metagross|Metagross|Metagrossite
|move|p1b: Metagross|Protect|p1b: Metagross
|-singleturn|p1b: Metagross|Protect
|move|p1a: Whimsicott|Moonblast|p2b: Whimsicott
|-damage|p2b: Whimsicott|57/100
|move|p2a: Maushold|Population Bomb|p1a: Whimsicott
|-damage|p1a: Whimsicott|83/100
|-damage|p1a: Whimsicott|67/100
|-damage|p1a: Whimsicott|52/100
|-damage|p1a: Whimsicott|34/100
|-damage|p1a: Whimsicott|16/100
|-damage|p1a: Whimsicott|1/100
|-damage|p1a: Whimsicott|0 fnt
|faint|p1a: Whimsicott
|-hitcount|p1: Whimsicott|7
|
|upkeep
|
|t:|1782516591
|switch|p1a: Basculegion|Basculegion, L50, M|100/100
|turn|2
|
|t:|1782516597
|move|p2b: Whimsicott|Encore|p1b: Metagross
|-start|p1b: Metagross|Encore
|move|p1b: Metagross|Protect||[still]
|-fail|p1b: Metagross
|move|p2a: Maushold|Charm|p1a: Basculegion
|-unboost|p1a: Basculegion|atk|2
|move|p1a: Basculegion|Last Respects|p2b: Whimsicott
|-damage|p2b: Whimsicott|10/100
|-damage|p1a: Basculegion|90/100|[from] item: Life Orb
|
|upkeep
|turn|3
|
|t:|1782516617
|switch|p1b: Hydreigon|Hydreigon, L50, F|100/100
|switch|p2b: Staraptor|Staraptor, L50, M|100/100
|-ability|p2b: Staraptor|Intimidate|boost
|-unboost|p1a: Basculegion|atk|1
|-unboost|p1b: Hydreigon|atk|1
|move|p1a: Basculegion|Aqua Jet|p2b: Staraptor
|-damage|p2b: Staraptor|81/100
|-damage|p1a: Basculegion|80/100|[from] item: Life Orb
|move|p2a: Maushold|Population Bomb|p1b: Hydreigon
|-damage|p1b: Hydreigon|87/100
|-damage|p1b: Hydreigon|73/100
|-damage|p1b: Hydreigon|59/100
|-damage|p1b: Hydreigon|46/100
|-damage|p1b: Hydreigon|32/100
|-damage|p1b: Hydreigon|18/100
|-damage|p1b: Hydreigon|4/100
|-damage|p1b: Hydreigon|0 fnt
|faint|p1b: Hydreigon
|-hitcount|p1: Hydreigon|8
|
|upkeep
|
|t:|1782516638
|switch|p1b: Metagross|Metagross-Mega, L50|100/100
|turn|4
|
|t:|1782516676
|detailschange|p2b: Staraptor|Staraptor-Mega, L50, M
|-mega|p2b: Staraptor|Staraptor|Staraptite
|move|p2a: Maushold|Follow Me|p2a: Maushold
|-singleturn|p2a: Maushold|move: Follow Me
|move|p1b: Metagross|Psychic Fangs|p2a: Maushold
|-damage|p2a: Maushold|0 fnt
|faint|p2a: Maushold
|move|p2b: Staraptor|Close Combat|p1b: Metagross
|-damage|p1b: Metagross|41/100
|-boost|p2b: Staraptor|def|1
|-boost|p2b: Staraptor|spd|1
|move|p1a: Basculegion|Wave Crash|p2b: Staraptor
|-damage|p2b: Staraptor|55/100
|-damage|p1a: Basculegion|72/100|[from] Recoil
|-damage|p1a: Basculegion|63/100|[from] item: Life Orb
|
|upkeep
|
|t:|1782516690
|switch|p2a: Whimsicott|Whimsicott, L50, F|10/100
|turn|5
|
|t:|1782516697
|move|p2a: Whimsicott|Tailwind|p2a: Whimsicott
|-sidestart|p2: giallone55|move: Tailwind
|move|p1a: Basculegion|Aqua Jet|p2a: Whimsicott
|-resisted|p2a: Whimsicott|1
|-damage|p2a: Whimsicott|1/100
|-damage|p1a: Basculegion|53/100|[from] item: Life Orb
|move|p2b: Staraptor|Close Combat|p1b: Metagross
|-damage|p1b: Metagross|0 fnt
|-boost|p2b: Staraptor|def|1
|-boost|p2b: Staraptor|spd|1
|faint|p1b: Metagross
|
|upkeep
|turn|6
|-message|steelag0 forfeited.
|
|win|giallone55
||giallone55 is ready for game 2.
