|j|☆homerj71
|j|☆oscareox553
|html|homerj71oscareox553    
|uhtml|bestof|Game 3 of a best-of-3
|t:|1782589357
|gametype|doubles
|player|p1|homerj71|102|1202
|player|p2|oscareox553|ethan|1132
|gen|9
|tier|[Gen 9 Champions] VGC 2026 Reg M-B (Bo3)
|rated|
|rule|Species Clause: Limit one of each Pokémon
|rule|Item Clause: Limit 1 of each item
|clearpoke
|poke|p1|Charizard, L50, M, shiny|
|poke|p1|Garchomp, L50, M|
|poke|p1|Whimsicott, L50, M, shiny|
|poke|p1|Basculegion, L50, M|
|poke|p1|Kingambit, L50, M, shiny|
|poke|p1|Floette-Eternal, L50, F|
|poke|p2|Swampert, L50, F|
|poke|p2|Sceptile, L50, M|
|poke|p2|Rotom-Heat, L50|
|poke|p2|Pelipper, L50, M|
|poke|p2|Archaludon, L50, M, shiny|
|poke|p2|Sylveon, L50, M, shiny|
|teampreview|4
|showteam|p1|Charizard||CharizarditeY|Blaze|HeatWave,SolarBeam,WeatherBall,Protect|Modest||M|||50|]Garchomp||SitrusBerry|RoughSkin|DragonClaw,Earthquake,RockSlide,PoisonJab|Jolly||M|||50|]Whimsicott||FocusSash|Prankster|Moonblast,Tailwind,Encore,Protect|Timid||M|||50|]Basculegion||LifeOrb|Adaptability|WaveCrash,AquaJet,Protect,LastRespects|Adamant||M|||50|]Kingambit||BlackGlasses|Defiant|KowtowCleave,SuckerPunch,IronHead,Protect|Adamant||M|||50|]Floette-Eternal||Floettite|FlowerVeil|Moonblast,DazzlingGleam,LightofRuin,Protect|Timid||F|||50|
|showteam|p2|Swampert||Swampertite|Torrent|Protect,WaveCrash,Earthquake,IcePunch|Adamant||F|||50|]Sceptile||Sceptilite|Overgrow|DragonPulse,EarthPower,EnergyBall,Detect|Timid||M|||50|]Rotom-Heat||ChoiceScarf|Levitate|Overheat,VoltSwitch,Discharge,Trick|Timid|||||50|]Pelipper||FocusSash|Drizzle|WeatherBall,Hurricane,Tailwind,WideGuard|Modest||M|||50|]Archaludon||Leftovers|Stamina|ElectroShot,FlashCannon,Protect,DragonPulse|Modest||M|||50|]Sylveon||FairyFeather|Pixilate|HyperVoice,HyperBeam,Yawn,Detect|Modest||M|||50|
|inactive|Battle timer is ON: inactive players will automatically lose when time's up. (requested by homerj71)
|inactive|oscareox553 also wants the timer to be on.
|
|t:|1782589376
|teamsize|p1|4
|teamsize|p2|4
|start
|switch|p1a: Whimsicott|Whimsicott, L50, M, shiny|100/100
|switch|p1b: Floette|Floette-Eternal, L50, F|100/100
|switch|p2a: Swampert|Swampert, L50, F|100/100
|switch|p2b: Pelipper|Pelipper, L50, M|100/100
|-weather|RainDance|[from] ability: Drizzle|[of] p2b: Pelipper
|turn|1
|inactive|oscareox553 has 30 seconds left.
|inactive|oscareox553 has 20 seconds left.
|
|t:|1782589411
|detailschange|p1b: Floette|Floette-Mega, L50, F
|-mega|p1b: Floette|Floette|Floettite
|-ability|p1b: Floette|Fairy Aura
|detailschange|p2a: Swampert|Swampert-Mega, L50, F
|-mega|p2a: Swampert|Swampert|Swampertite
|move|p2a: Swampert|Protect|p2a: Swampert
|-singleturn|p2a: Swampert|Protect
|move|p1b: Floette|Protect|p1b: Floette
|-singleturn|p1b: Floette|Protect
|move|p1a: Whimsicott|Moonblast|p2a: Swampert
|-activate|p2a: Swampert|move: Protect
|move|p2b: Pelipper|Tailwind|p2b: Pelipper
|-sidestart|p2: oscareox553|move: Tailwind
|
|-weather|RainDance|[upkeep]
|upkeep
|turn|2
|inactive|oscareox553 has 30 seconds left.
|
|t:|1782589439
|switch|p2a: Sylveon|Sylveon, L50, M, shiny|100/100
|move|p1a: Whimsicott|Tailwind|p1a: Whimsicott
|-sidestart|p1: homerj71|move: Tailwind
|move|p1b: Floette|Moonblast|p2a: Sylveon
|-damage|p2a: Sylveon|34/100
|move|p2b: Pelipper|Hurricane|p1a: Whimsicott
|-supereffective|p1a: Whimsicott|1
|-enditem|p1a: Whimsicott|Focus Sash
|-damage|p1a: Whimsicott|1/100
|-start|p1a: Whimsicott|confusion
|
|-weather|RainDance|[upkeep]
|upkeep
|turn|3
|inactive|oscareox553 has 30 seconds left.
|
|t:|1782589465
|-activate|p1a: Whimsicott|confusion
|move|p1a: Whimsicott|Moonblast|p2b: Pelipper
|-damage|p2b: Pelipper|18/100
|move|p1b: Floette|Dazzling Gleam|p2b: Pelipper|[spread] p2a,p2b
|-damage|p2a: Sylveon|0 fnt
|-damage|p2b: Pelipper|0 fnt
|faint|p2a: Sylveon
|faint|p2b: Pelipper
|
|-weather|RainDance|[upkeep]
|upkeep
|
|t:|1782589470
|switch|p2b: Swampert|Swampert-Mega, L50, F|100/100
|switch|p2a: Rotom|Rotom-Heat, L50|100/100
|turn|4
|
|t:|1782589483
|-activate|p1a: Whimsicott|confusion
|move|p1a: Whimsicott|Protect|p1a: Whimsicott
|-singleturn|p1a: Whimsicott|Protect
|move|p1b: Floette|Protect|p1b: Floette
|-singleturn|p1b: Floette|Protect
|move|p2b: Swampert|Earthquake|p1b: Floette|[spread] 
|-activate|p1a: Whimsicott|move: Protect
|-activate|p1b: Floette|move: Protect
|-immune|p2a: Rotom|[from] ability: Levitate
|move|p2a: Rotom|Discharge|p1a: Whimsicott|[spread] 
|-activate|p1a: Whimsicott|move: Protect
|-activate|p1b: Floette|move: Protect
|-immune|p2b: Swampert
|
|-weather|RainDance|[upkeep]
|-sideend|p2: oscareox553|move: Tailwind
|upkeep
|turn|5
|
|t:|1782589502
|-end|p1a: Whimsicott|confusion
|move|p1a: Whimsicott|Moonblast|p2b: Swampert
|-damage|p2b: Swampert|57/100
|move|p1b: Floette|Light of Ruin|p2b: Swampert
|-damage|p2b: Swampert|0 fnt
|faint|p2b: Swampert
|-damage|p1b: Floette|64/100|[from] Recoil
|move|p2a: Rotom|Discharge|p1a: Whimsicott|[spread] p1a,p1b
|-resisted|p1a: Whimsicott|1
|-damage|p1a: Whimsicott|0 fnt
|-damage|p1b: Floette|43/100
|faint|p1a: Whimsicott
|
|-weather|none
|-sideend|p1: homerj71|move: Tailwind
|upkeep
|
|t:|1782589508
|switch|p1a: Garchomp|Garchomp, L50, M|100/100
|turn|6
|-message|oscareox553 forfeited.
|
|win|homerj71
|raw|homerj71's rating: 1202 → 1222(+20 for winning)
|raw|oscareox553's rating: 1132 → 1112(-20 for losing)
