|j|☆toedskool&thegang
|j|☆Moon7777
|html|toedskool&thegangMoon7777    
|uhtml|bestof|Game 1 of a best-of-3
|t:|1756762676
|gametype|doubles
|player|p1|toedskool&thegang|gentleman|1423
|player|p2|Moon7777|1|1613
|gen|9
|tier|[Gen 9] VGC 2025 Reg H (Bo3)
|rated|
|rule|Species Clause: Limit one of each Pokémon
|rule|Item Clause: Limit 1 of each item
|clearpoke
|poke|p1|Ninetales-Alola, L50, F|
|poke|p1|Ursaluna, L50, F|
|poke|p1|Kilowattrel, L50, M|
|poke|p1|Incineroar, L50, M|
|poke|p1|Farigiraf, L50, M|
|poke|p1|Araquanid, L50, M|
|poke|p2|Excadrill, L50, F|
|poke|p2|Indeedee, L50, M|
|poke|p2|Sneasler, L50, F|
|poke|p2|Tyranitar, L50, M|
|poke|p2|Maushold, L50|
|poke|p2|Annihilape, L50, M|
|teampreview|4
|showteam|p1|Ninetales-Alola||ChoiceSpecs|SnowWarning|Blizzard,FreezeDry,Moonblast,DarkPulse|||F|||50|,,,,,Ice]Ursaluna||FlameOrb|Guts|Protect,Facade,HeadlongRush,Earthquake|||F|||50|,,,,,Ghost]Kilowattrel||FocusSash|Competitive|Protect,Tailwind,Thunderbolt,AirSlash|||M|||50|,,,,,Ghost]Incineroar||AssaultVest|Intimidate|FakeOut,FlareBlitz,KnockOff,Uturn|||M|||50|,,,,,Grass]Farigiraf||SitrusBerry|ArmorTail|TrickRoom,TeraBlast,TwinBeam,NastyPlot|||M|||50|,,,,,Fighting]Araquanid||SafetyGoggles|WaterBubble|Protect,Liquidation,WideGuard,LeechLife|||M|||50|,,,,,Water
|showteam|p2|Excadrill||FocusSash|SandRush|Earthquake,HighHorsepower,IronHead,Protect|||F|||50|,,,,,Ground]Indeedee||ChoiceScarf|PsychicSurge|ExpandingForce,Trick,DazzlingGleam,TeraBlast|||M|||50|,,,,,Psychic]Sneasler||PsychicSeed|Unburden|CloseCombat,DireClaw,ThroatChop,Protect|||F|||50|,,,,,Stellar]Tyranitar||AssaultVest|SandStream|KnockOff,LowKick,TeraBlast,RockSlide|||M|||50|,,,,,Flying]Maushold||SafetyGoggles|FriendGuard|Taunt,FollowMe,BeatUp,Protect||||||50|,,,,,Ghost]Annihilape||SitrusBerry|Defiant|BulkUp,DrainPunch,Protect,RageFist|||M|||50|,,,,,Dragon
|inactive|Battle timer is ON: inactive players will automatically lose when time's up. (requested by Moon7777)
|inactive|toedskool&thegang has 60 seconds left.
|
|t:|1756762764
|teamsize|p1|4
|teamsize|p2|4
|start
|switch|p1a: Farigiraf|Farigiraf, L50, M|100/100
|switch|p1b: Araquanid|Araquanid, L50, M|100/100
|switch|p2a: Maushold|Maushold, L50|100/100
|switch|p2b: Annihilape|Annihilape, L50, M|100/100
|turn|1
|inactive|toedskool&thegang has 30 seconds left.
|inactive|toedskool&thegang has 20 seconds left.
|
|t:|1756762807
|-terastallize|p2b: Annihilape|Dragon
|-terastallize|p1b: Araquanid|Water
|move|p2a: Maushold|Taunt|p1a: Farigiraf
|-start|p1a: Farigiraf|move: Taunt
|move|p2b: Annihilape|Bulk Up|p2b: Annihilape
|-boost|p2b: Annihilape|atk|1
|-boost|p2b: Annihilape|def|1
|cant|p1a: Farigiraf|move: Taunt|Nasty Plot
|move|p1b: Araquanid|Liquidation|p2a: Maushold
|-damage|p2a: Maushold|0 fnt
|faint|p2a: Maushold
|
|upkeep
|
|t:|1756762824
|switch|p2a: Excadrill|Excadrill, L50, F|100/100
|turn|2
|
|t:|1756762845
|switch|p1a: Ursaluna|Ursaluna, L50, F|100/100
|move|p2b: Annihilape|Rage Fist|p1b: Araquanid
|-damage|p1b: Araquanid|66/100
|move|p2a: Excadrill|Earthquake|p1b: Araquanid|[spread] p2b,p1a,p1b
|-crit|p1a: Ursaluna
|-damage|p2b: Annihilape|69/100
|-damage|p1a: Ursaluna|52/100
|-damage|p1b: Araquanid|19/100
|move|p1b: Araquanid|Liquidation|p2a: Excadrill
|-supereffective|p2a: Excadrill
|-enditem|p2a: Excadrill|Focus Sash
|-damage|p2a: Excadrill|1/100
|
|-status|p1a: Ursaluna|brn|[from] item: Flame Orb
|upkeep
|turn|3
|inactive|toedskool&thegang has 30 seconds left.
|inactive|Moon7777 has 30 seconds left.
|inactive|toedskool&thegang has 20 seconds left.
|inactive|toedskool&thegang has 15 seconds left.
|
|t:|1756762890
|switch|p1a: Farigiraf|Farigiraf, L50, M|100/100
|move|p2b: Annihilape|Drain Punch|p1a: Farigiraf
|-damage|p1a: Farigiraf|57/100
|-heal|p2b: Annihilape|91/100|[from] drain|[of] p1a: Farigiraf
|move|p2a: Excadrill|High Horsepower|p1b: Araquanid
|-damage|p1b: Araquanid|0 fnt
|faint|p1b: Araquanid
|
|upkeep
|
|t:|1756762897
|switch|p1b: Incineroar|Incineroar, L50, M|100/100
|-ability|p1b: Incineroar|Intimidate|boost
|-unboost|p2a: Excadrill|atk|1
|-unboost|p2b: Annihilape|atk|1
|-ability|p2b: Annihilape|Defiant|boost
|-boost|p2b: Annihilape|atk|2
|turn|4
|inactive|Moon7777 has 30 seconds left.
|
|t:|1756762927
|move|p1b: Incineroar|Fake Out|p2b: Annihilape
|-damage|p2b: Annihilape|83/100
|cant|p2b: Annihilape|flinch
|move|p2a: Excadrill|High Horsepower|p1b: Incineroar
|-supereffective|p1b: Incineroar
|-crit|p1b: Incineroar
|-damage|p1b: Incineroar|0 fnt
|faint|p1b: Incineroar
|move|p1a: Farigiraf|Trick Room|p1a: Farigiraf
|-fieldstart|move: Trick Room|[of] p1a: Farigiraf
|
|upkeep
|
|t:|1756762934
|switch|p1b: Ursaluna|Ursaluna, L50, F|52/100 brn
|turn|5
|inactive|toedskool&thegang has 30 seconds left.
|inactive|Moon7777 has 30 seconds left.
|
|t:|1756762963
|move|p1b: Ursaluna|Protect|p1b: Ursaluna
|-singleturn|p1b: Ursaluna|Protect
|move|p1a: Farigiraf|Nasty Plot|p1a: Farigiraf
|-boost|p1a: Farigiraf|spa|2
|move|p2a: Excadrill|Iron Head|p1b: Ursaluna
|-activate|p1b: Ursaluna|move: Protect
|move|p2b: Annihilape|Drain Punch|p1b: Ursaluna
|-activate|p1b: Ursaluna|move: Protect
|
|-damage|p1b: Ursaluna|46/100 brn|[from] brn
|upkeep
|turn|6
|inactive|Moon7777 has 30 seconds left.
|
|t:|1756762995
|move|p1a: Farigiraf|Tera Blast|p2b: Annihilape
|-damage|p2b: Annihilape|16/100
|-enditem|p2b: Annihilape|Sitrus Berry|[eat]
|-heal|p2b: Annihilape|41/100|[from] item: Sitrus Berry
|move|p1b: Ursaluna|Facade|p2b: Annihilape
|-damage|p2b: Annihilape|0 fnt
|faint|p2b: Annihilape
|move|p2a: Excadrill|Iron Head|p1b: Ursaluna
|-damage|p1b: Ursaluna|24/100 brn
|
|-damage|p1b: Ursaluna|18/100 brn|[from] brn
|upkeep
|
|t:|1756763008
|switch|p2b: Tyranitar|Tyranitar, L50, M|100/100
|-weather|Sandstorm|[from] ability: Sand Stream|[of] p2b: Tyranitar
|turn|7
|
|t:|1756763029
|move|p2b: Tyranitar|Knock Off|p1b: Ursaluna
|-damage|p1b: Ursaluna|0 fnt
|-enditem|p1b: Ursaluna|Flame Orb|[from] move: Knock Off|[of] p2b: Tyranitar
|faint|p1b: Ursaluna
|move|p1a: Farigiraf|Tera Blast|p2a: Excadrill
|-resisted|p2a: Excadrill
|-damage|p2a: Excadrill|0 fnt
|faint|p2a: Excadrill
|
|-weather|Sandstorm|[upkeep]
|-damage|p1a: Farigiraf|51/100|[from] Sandstorm
|upkeep
|turn|8
|-message|toedskool&thegang forfeited.
|
|win|Moon7777
||Moon7777 is ready for game 2.
|inactive|toedskool&thegang has 30 seconds to confirm battle start!
||toedskool&thegang is ready for game 2.
|uhtml|next|Next: Game 2 of 3
