|j|☆caevz027
|j|☆new mental
|html|caevz027new mental    
|uhtml|bestof|Game 2 of a best-of-3
|t:|1785159563
|gametype|doubles
|player|p1|caevz027|266|1124
|player|p2|new mental|volkner|1255
|gen|9
|tier|[Gen 9 Champions] VGC 2026 Reg M-B (Bo3)
|rated|
|rule|Species Clause: Limit one of each Pokémon
|rule|Item Clause: Limit 1 of each item
|clearpoke
|poke|p1|Corviknight, L50, F|
|poke|p1|Garchomp, L50, F|
|poke|p1|Tyranitar, L50, F|
|poke|p1|Raichu, L50, F|
|poke|p1|Sylveon, L50, M|
|poke|p1|Sinistcha-Masterpiece, L50|
|poke|p2|Charizard, L50, M|
|poke|p2|Garchomp, L50, M|
|poke|p2|Incineroar, L50, F|
|poke|p2|Venusaur, L50, F|
|poke|p2|Toxapex, L50, M|
|poke|p2|Sylveon, L50, F|
|teampreview|4
|showteam|p1|Corviknight||Leftovers|MirrorArmor|BraveBird,IronHead,Tailwind,Protect|Adamant||F|||50|]Garchomp||SitrusBerry|RoughSkin|DragonClaw,StompingTantrum,RockSlide,Protect|Adamant||F|||50|]Tyranitar||FocusSash|SandStream|RockSlide,KnockOff,LowKick,Protect|Adamant||F|||50|]Raichu||RaichuniteY|Static|ZapCannon,FocusBlast,FakeOut,Protect|Timid||F|||50|]Sylveon||FairyFeather|Pixilate|HyperVoice,Yawn,QuickAttack,Protect|Modest||M|||50|]Sinistcha-Masterpiece||KasibBerry|Hospitality|MatchaGotcha,ShadowBall,RagePowder,Protect|Modest|||||50|
|showteam|p2|Charizard||CharizarditeY|SolarPower|WeatherBall,HeatWave,AncientPower,Protect|Modest||M|||50|]Garchomp||ChoiceScarf|RoughSkin|RockSlide,DragonClaw,Earthquake,StompingTantrum|Adamant||M|||50|]Incineroar||SitrusBerry|Intimidate|FlareBlitz,FakeOut,DarkestLariat,PartingShot|Impish||F|||50|]Venusaur||LifeOrb|Chlorophyll|SludgeBomb,LeafStorm,EarthPower,Protect|Modest||F|||50|]Toxapex||Leftovers|Regenerator|Infestation,Toxic,WideGuard,BanefulBunker|Bold||M|||50|]Sylveon||FairyFeather|Pixilate|HyperVoice,QuickAttack,Yawn,Detect|Modest||F|||50|
|inactive|Battle timer is ON: inactive players will automatically lose when time's up. (requested by caevz027)
|
|t:|1785159583
|teamsize|p1|4
|teamsize|p2|4
|start
|switch|p1a: Garchomp|Garchomp, L50, F|100/100
|switch|p1b: Raichu|Raichu, L50, F|100/100
|switch|p2a: Charizard|Charizard, L50, M|100/100
|switch|p2b: Venusaur|Venusaur, L50, F|100/100
|turn|1
|
|t:|1785159603
|detailschange|p2a: Charizard|Charizard-Mega-Y, L50, M
|-mega|p2a: Charizard|Charizard|Charizardite Y
|-weather|SunnyDay|[from] ability: Drought|[of] p2a: Charizard
|move|p2b: Venusaur|Protect|p2b: Venusaur
|-singleturn|p2b: Venusaur|Protect
|move|p2a: Charizard|Protect|p2a: Charizard
|-singleturn|p2a: Charizard|Protect
|move|p1b: Raichu|Fake Out|p2b: Venusaur
|-activate|p2b: Venusaur|move: Protect
|move|p1a: Garchomp|Rock Slide|p2b: Venusaur|[spread] 
|-activate|p2a: Charizard|move: Protect
|-activate|p2b: Venusaur|move: Protect
|
|-weather|SunnyDay|[upkeep]
|upkeep
|turn|2
|
|t:|1785159621
|switch|p1a: Tyranitar|Tyranitar, L50, F|100/100
|-weather|Sandstorm|[from] ability: Sand Stream|[of] p1a: Tyranitar
|switch|p2a: Incineroar|Incineroar, L50, F|100/100
|-ability|p2a: Incineroar|Intimidate|boost
|-unboost|p1a: Tyranitar|atk|1
|-unboost|p1b: Raichu|atk|1
|detailschange|p1b: Raichu|Raichu-Mega-Y, L50, F
|-mega|p1b: Raichu|Raichu|Raichunite Y
|move|p1b: Raichu|Zap Cannon|p2a: Incineroar
|-damage|p2a: Incineroar|40/100
|-status|p2a: Incineroar|par
|-enditem|p2a: Incineroar|Sitrus Berry|[eat]
|-heal|p2a: Incineroar|65/100 par|[from] item: Sitrus Berry
|move|p2b: Venusaur|Earth Power|p1b: Raichu
|-supereffective|p1b: Raichu|1
|-damage|p1b: Raichu|0 fnt
|faint|p1b: Raichu
|-damage|p2b: Venusaur|90/100|[from] item: Life Orb
|
|-weather|Sandstorm|[upkeep]
|-damage|p2b: Venusaur|84/100|[from] Sandstorm
|-damage|p2a: Incineroar|59/100 par|[from] Sandstorm
|upkeep
|
|t:|1785159645
|switch|p1b: Garchomp|Garchomp, L50, F|100/100
|turn|3
|
|t:|1785159659
|switch|p1a: Corviknight|Corviknight, L50, F|100/100
|move|p1b: Garchomp|Protect|p1b: Garchomp
|-singleturn|p1b: Garchomp|Protect
|move|p2a: Incineroar|Fake Out|p1b: Garchomp
|-activate|p1b: Garchomp|move: Protect
|move|p2b: Venusaur|Earth Power|p1a: Corviknight
|-immune|p1a: Corviknight
|
|-weather|Sandstorm|[upkeep]
|-damage|p2b: Venusaur|79/100|[from] Sandstorm
|-damage|p2a: Incineroar|53/100 par|[from] Sandstorm
|upkeep
|turn|4
|
|t:|1785159675
|move|p1b: Garchomp|Rock Slide|p2a: Incineroar|[spread] p2a,p2b
|-supereffective|p2a: Incineroar|1
|-damage|p2a: Incineroar|25/100 par
|-damage|p2b: Venusaur|56/100
|cant|p2b: Venusaur|flinch
|move|p1a: Corviknight|Tailwind|p1a: Corviknight
|-sidestart|p1: caevz027|move: Tailwind
|move|p2a: Incineroar|Parting Shot|p1b: Garchomp
|-unboost|p1b: Garchomp|atk|1
|-unboost|p1b: Garchomp|spa|1
|
|t:|1785159685
|switch|p2a: Charizard|Charizard-Mega-Y, L50, M|100/100|[from] Parting Shot
|-weather|SunnyDay|[from] ability: Drought|[of] p2a: Charizard
|
|-weather|SunnyDay|[upkeep]
|upkeep
|turn|5
|
|t:|1785159694
|switch|p1b: Tyranitar|Tyranitar, L50, F|100/100
|-weather|Sandstorm|[from] ability: Sand Stream|[of] p1b: Tyranitar
|move|p1a: Corviknight|Brave Bird|p2b: Venusaur
|-supereffective|p2b: Venusaur|1
|-damage|p2b: Venusaur|0 fnt
|faint|p2b: Venusaur
|-damage|p1a: Corviknight|84/100|[from] Recoil
|move|p2a: Charizard|Heat Wave|p1b: Tyranitar|[spread] p1a,p1b
|-supereffective|p1a: Corviknight|1
|-resisted|p1b: Tyranitar|1
|-damage|p1a: Corviknight|2/100
|-damage|p1b: Tyranitar|85/100
|
|-weather|Sandstorm|[upkeep]
|-damage|p2a: Charizard|94/100|[from] Sandstorm
|-heal|p1a: Corviknight|8/100|[from] item: Leftovers
|upkeep
|
|t:|1785159699
|switch|p2b: Toxapex|Toxapex, L50, M|100/100
|turn|6
|
|t:|1785159719
|switch|p2a: Incineroar|Incineroar, L50, F|25/100 par
|-ability|p2a: Incineroar|Intimidate|boost
|-ability|p1a: Corviknight|Mirror Armor
|-unboost|p2a: Incineroar|atk|1
|-unboost|p1b: Tyranitar|atk|1
|move|p1b: Tyranitar|Rock Slide|p2a: Incineroar|[spread] p2a
|-miss|p1b: Tyranitar|p2b: Toxapex
|-supereffective|p2a: Incineroar|1
|-damage|p2a: Incineroar|0 fnt
|faint|p2a: Incineroar
|move|p1a: Corviknight|Iron Head|p2b: Toxapex
|-resisted|p2b: Toxapex|1
|-damage|p2b: Toxapex|89/100
|move|p2b: Toxapex|Infestation|p1a: Corviknight
|-resisted|p1a: Corviknight|2
|-damage|p1a: Corviknight|7/100
|-activate|p1a: Corviknight|move: Infestation|[of] p2b: Toxapex
|
|-weather|Sandstorm|[upkeep]
|-damage|p2b: Toxapex|83/100|[from] Sandstorm
|-heal|p1a: Corviknight|14/100|[from] item: Leftovers
|-heal|p2b: Toxapex|89/100|[from] item: Leftovers
|-damage|p1a: Corviknight|1/100|[from] move: Infestation|[partiallytrapped]
|upkeep
|
|t:|1785159728
|switch|p2a: Charizard|Charizard-Mega-Y, L50, M|94/100
|-weather|SunnyDay|[from] ability: Drought|[of] p2a: Charizard
|turn|7
|
|t:|1785159747
|switch|p1b: Garchomp|Garchomp, L50, F|100/100
|move|p1a: Corviknight|Brave Bird|p2b: Toxapex
|-damage|p2b: Toxapex|56/100
|-damage|p1a: Corviknight|0 fnt|[from] Recoil
|faint|p1a: Corviknight
|move|p2a: Charizard|Weather Ball|p1b: Garchomp
|-resisted|p1b: Garchomp|1
|-damage|p1b: Garchomp|58/100
|move|p2b: Toxapex|Toxic|p1b: Garchomp
|-status|p1b: Garchomp|tox
|
|-weather|SunnyDay|[upkeep]
|-heal|p2b: Toxapex|61/100|[from] item: Leftovers
|-damage|p1b: Garchomp|52/100 tox|[from] psn
|-sideend|p1: caevz027|move: Tailwind
|upkeep
|
|t:|1785159764
|switch|p1a: Tyranitar|Tyranitar, L50, F|85/100
|-weather|Sandstorm|[from] ability: Sand Stream|[of] p1a: Tyranitar
|turn|8
|inactive|new mental has 30 seconds left.
|
|t:|1785159796
|move|p2a: Charizard|Protect|p2a: Charizard
|-singleturn|p2a: Charizard|Protect
|move|p2b: Toxapex|Baneful Bunker|p2b: Toxapex
|-singleturn|p2b: Toxapex|move: Protect
|move|p1b: Garchomp|Rock Slide|p2a: Charizard|[spread] 
|-activate|p2a: Charizard|move: Protect
|-activate|p2b: Toxapex|move: Protect
|move|p1a: Tyranitar|Knock Off|p2b: Toxapex
|-activate|p2b: Toxapex|move: Protect
|-status|p1a: Tyranitar|psn
|
|-weather|Sandstorm|[upkeep]
|-damage|p2a: Charizard|88/100|[from] Sandstorm
|-damage|p2b: Toxapex|56/100|[from] Sandstorm
|-heal|p2b: Toxapex|61/100|[from] item: Leftovers
|-damage|p1b: Garchomp|40/100 tox|[from] psn
|-damage|p1a: Tyranitar|73/100 psn|[from] psn
|upkeep
|-enditem|p1b: Garchomp|Sitrus Berry|[eat]
|-heal|p1b: Garchomp|65/100 tox|[from] item: Sitrus Berry
|turn|9
|c|☆caevz027|zZzZzZ
|
|t:|1785159820
|move|p2b: Toxapex|Wide Guard|p2b: Toxapex
|-singleturn|p2b: Toxapex|Wide Guard
|move|p1b: Garchomp|Stomping Tantrum|p2b: Toxapex
|-supereffective|p2b: Toxapex|1
|-damage|p2b: Toxapex|8/100
|move|p2a: Charizard|Heat Wave|p1a: Tyranitar|[spread] p1a,p1b
|-resisted|p1a: Tyranitar|1
|-resisted|p1b: Garchomp|1
|-damage|p1a: Tyranitar|61/100 psn
|-damage|p1b: Garchomp|47/100 tox
|move|p1a: Tyranitar|Rock Slide|p2a: Charizard|[spread] 
|-activate|p2a: Charizard|move: Wide Guard
|-activate|p2b: Toxapex|move: Wide Guard
|
|-weather|Sandstorm|[upkeep]
|-damage|p2a: Charizard|82/100|[from] Sandstorm
|-damage|p2b: Toxapex|2/100|[from] Sandstorm
|-heal|p2b: Toxapex|8/100|[from] item: Leftovers
|-damage|p1b: Garchomp|28/100 tox|[from] psn
|-damage|p1a: Tyranitar|49/100 psn|[from] psn
|upkeep
|turn|10
|inactive|new mental has 30 seconds left.
|
|t:|1785159854
|move|p2b: Toxapex|Wide Guard|p2b: Toxapex
|-singleturn|p2b: Toxapex|Wide Guard
|move|p1b: Garchomp|Dragon Claw|p2a: Charizard
|-damage|p2a: Charizard|44/100
|move|p2a: Charizard|Heat Wave|p1a: Tyranitar|[spread] p1a,p1b
|-resisted|p1a: Tyranitar|1
|-resisted|p1b: Garchomp|1
|-damage|p1a: Tyranitar|35/100 psn
|-damage|p1b: Garchomp|9/100 tox
|move|p1a: Tyranitar|Knock Off|p2b: Toxapex
|-damage|p2b: Toxapex|0 fnt
|-enditem|p2b: Toxapex|Leftovers|[from] move: Knock Off|[of] p1a: Tyranitar
|faint|p2b: Toxapex
|
|-weather|Sandstorm|[upkeep]
|-damage|p2a: Charizard|38/100|[from] Sandstorm
|-damage|p1b: Garchomp|0 fnt|[from] psn
|faint|p1b: Garchomp
|-damage|p1a: Tyranitar|23/100 psn|[from] psn
|upkeep
|turn|11
|
|t:|1785159876
|move|p2a: Charizard|Protect|p2a: Charizard
|-singleturn|p2a: Charizard|Protect
|move|p1a: Tyranitar|Rock Slide|p2a: Charizard
|-activate|p2a: Charizard|move: Protect
|
|-weather|Sandstorm|[upkeep]
|-damage|p2a: Charizard|32/100|[from] Sandstorm
|-damage|p1a: Tyranitar|11/100 psn|[from] psn
|upkeep
|turn|12
|
|t:|1785159891
|move|p2a: Charizard|Weather Ball|p1a: Tyranitar
|-damage|p1a: Tyranitar|0 fnt
|faint|p1a: Tyranitar
|
|win|new mental
