|j|☆AyLuLiiiEsToTaCBN
|j|☆midzzznight
|html|AyLuLiiiEsToTaCBNmidzzznight    
|uhtml|bestof|Game 2 of a best-of-3
|t:|1785335462
|gametype|doubles
|player|p1|AyLuLiiiEsToTaCBN|shadowtriad|1128
|player|p2|midzzznight|265|1079
|gen|9
|tier|[Gen 9 Champions] VGC 2026 Reg M-B (Bo3)
|rated|
|rule|Species Clause: Limit one of each Pokémon
|rule|Item Clause: Limit 1 of each item
|clearpoke
|poke|p1|Grimmsnarl, L50, M|
|poke|p1|Charizard, L50, F|
|poke|p1|Venusaur, L50, M|
|poke|p1|Pelipper, L50, F|
|poke|p1|Archaludon, L50, F|
|poke|p1|Basculegion, L50, M|
|poke|p2|Froslass, L50, F|
|poke|p2|Milotic, L50, M|
|poke|p2|Farigiraf, L50, M|
|poke|p2|Incineroar, L50, M|
|poke|p2|Sneasler, L50, M|
|poke|p2|Kingambit, L50, F, shiny|
|teampreview|4
|showteam|p1|Grimmsnarl||LightClay|Prankster|Reflect,SpiritBreak,LightScreen,PartingShot|Careful||M|||50|]Charizard||CharizarditeY|Blaze|Protect,HeatWave,SolarBeam,WeatherBall|Modest||F|||50|]Venusaur||FocusSash|Chlorophyll|SludgeBomb,EarthPower,SleepPowder,Protect|Modest||M|||50|]Pelipper||SitrusBerry|Drizzle|Tailwind,Hurricane,WeatherBall,WideGuard|Modest||F|||50|]Archaludon||Leftovers|Stamina|Protect,ElectroShot,DragonPulse,FlashCannon|Calm||F|||50|]Basculegion||ChoiceScarf|Adaptability|FlipTurn,AquaJet,WaveCrash,LastRespects|Jolly||M|||50|
|showteam|p2|Froslass||Froslassite|SnowCloak|Blizzard,ShadowBall,DestinyBond,Protect|Timid||F|||50|]Milotic||Leftovers|Competitive|MuddyWater,HydroPump,IcyWind,Protect|Modest||M|||50|]Farigiraf||SitrusBerry|ArmorTail|TrickRoom,Psychic,HelpingHand,Roar|Sassy||M|||50|]Incineroar||LumBerry|Intimidate|FakeOut,PartingShot,FlareBlitz,Protect|Sassy||M|||50|]Sneasler||WhiteHerb|Unburden|CloseCombat,DireClaw,FakeOut,Protect|Jolly||M|||50|]Kingambit||BlackGlasses|Defiant|KowtowCleave,SuckerPunch,LowKick,Protect|Brave||F|||50|
|inactive|Battle timer is ON: inactive players will automatically lose when time's up. (requested by midzzznight)
|inactive|AyLuLiiiEsToTaCBN has 60 seconds left.
|
|t:|1785335516
|teamsize|p1|4
|teamsize|p2|4
|start
|switch|p1a: Grimmsnarl|Grimmsnarl, L50, M|100/100
|switch|p1b: Archaludon|Archaludon, L50, F|100/100
|switch|p2a: Farigiraf|Farigiraf, L50, M|100/100
|switch|p2b: Milotic|Milotic, L50, M|100/100
|turn|1
|
|t:|1785335540
|move|p1a: Grimmsnarl|Light Screen|p1a: Grimmsnarl
|-sidestart|p1: AyLuLiiiEsToTaCBN|move: Light Screen
|move|p1b: Archaludon|Electro Shot||[still]
|-prepare|p1b: Archaludon|Electro Shot
|-boost|p1b: Archaludon|spa|1
|move|p2b: Milotic|Muddy Water|p1a: Grimmsnarl|[spread] p1a,p1b
|-resisted|p1b: Archaludon|1
|-damage|p1a: Grimmsnarl|82/100
|-damage|p1b: Archaludon|90/100
|-unboost|p1b: Archaludon|accuracy|1
|-ability|p1b: Archaludon|Stamina|boost
|-boost|p1b: Archaludon|def|1
|move|p2a: Farigiraf|Trick Room|p2a: Farigiraf
|-fieldstart|move: Trick Room|[of] p2a: Farigiraf
|
|-heal|p1b: Archaludon|96/100|[from] item: Leftovers
|upkeep
|turn|2
|
|t:|1785335565
|move|p2b: Milotic|Protect|p2b: Milotic
|-singleturn|p2b: Milotic|Protect
|move|p1a: Grimmsnarl|Spirit Break|p2a: Farigiraf
|-damage|p2a: Farigiraf|73/100
|-unboost|p2a: Farigiraf|spa|1
|move|p1b: Archaludon|Electro Shot|p2b: Milotic|[from] lockedmove
|-activate|p2b: Milotic|move: Protect
|move|p2a: Farigiraf|Roar|p1b: Archaludon
|drag|p1b: Charizard|Charizard, L50, F|100/100
|
|upkeep
|turn|3
|inactive|AyLuLiiiEsToTaCBN has 30 seconds left.
|
|t:|1785335595
|detailschange|p1b: Charizard|Charizard-Mega-Y, L50, F
|-mega|p1b: Charizard|Charizard|Charizardite Y
|-weather|SunnyDay|[from] ability: Drought|[of] p1b: Charizard
|move|p2a: Farigiraf|Helping Hand|p2b: Milotic
|-singleturn|p2b: Milotic|Helping Hand|[of] p2a: Farigiraf
|move|p1a: Grimmsnarl|Spirit Break|p2a: Farigiraf
|-damage|p2a: Farigiraf|46/100
|-unboost|p2a: Farigiraf|spa|1
|-enditem|p2a: Farigiraf|Sitrus Berry|[eat]
|-heal|p2a: Farigiraf|71/100|[from] item: Sitrus Berry
|move|p2b: Milotic|Hydro Pump|p1b: Charizard
|-supereffective|p1b: Charizard|1
|-damage|p1b: Charizard|58/100
|move|p1b: Charizard|Solar Beam||[still]
|-prepare|p1b: Charizard|Solar Beam
|-anim|p1b: Charizard|Solar Beam|p2b: Milotic
|-supereffective|p2b: Milotic|1
|-damage|p2b: Milotic|34/100
|
|-weather|SunnyDay|[upkeep]
|-heal|p2b: Milotic|40/100|[from] item: Leftovers
|upkeep
|turn|4
|inactive|AyLuLiiiEsToTaCBN has 30 seconds left.
|inactive|midzzznight has 30 seconds left.
|inactive|AyLuLiiiEsToTaCBN has 20 seconds left.
|inactive|midzzznight has 20 seconds left.
|inactive|AyLuLiiiEsToTaCBN has 15 seconds left.
|
|t:|1785335645
|switch|p1b: Archaludon|Archaludon, L50, F|96/100
|move|p2b: Milotic|Protect|p2b: Milotic
|-singleturn|p2b: Milotic|Protect
|move|p1a: Grimmsnarl|Spirit Break|p2a: Farigiraf
|-damage|p2a: Farigiraf|40/100
|-unboost|p2a: Farigiraf|spa|1
|move|p2a: Farigiraf|Roar|p2b: Milotic
|drag|p2b: Incineroar|Incineroar, L50, M|100/100
|-ability|p2b: Incineroar|Intimidate|boost
|-unboost|p1a: Grimmsnarl|atk|1
|-unboost|p1b: Archaludon|atk|1
|
|-weather|SunnyDay|[upkeep]
|-heal|p1b: Archaludon|100/100|[from] item: Leftovers
|upkeep
|turn|5
|inactive|midzzznight has 30 seconds left.
|inactive|AyLuLiiiEsToTaCBN has 30 seconds left.
|inactive|midzzznight has 20 seconds left.
|inactive|AyLuLiiiEsToTaCBN has 20 seconds left.
|
|t:|1785335687
|move|p2b: Incineroar|Fake Out|p1b: Archaludon
|-resisted|p1b: Archaludon|1
|-damage|p1b: Archaludon|96/100
|-ability|p1b: Archaludon|Stamina|boost
|-boost|p1b: Archaludon|def|1
|move|p2a: Farigiraf|Psychic|p1b: Archaludon
|-resisted|p1b: Archaludon|1
|-damage|p1b: Archaludon|92/100
|-ability|p1b: Archaludon|Stamina|boost
|-boost|p1b: Archaludon|def|1
|move|p1a: Grimmsnarl|Spirit Break|p2a: Farigiraf
|-damage|p2a: Farigiraf|22/100
|-unboost|p2a: Farigiraf|spa|1
|cant|p1b: Archaludon|flinch
|
|-weather|SunnyDay|[upkeep]
|-heal|p1b: Archaludon|98/100|[from] item: Leftovers
|-fieldend|move: Trick Room
|upkeep
|turn|6
|inactive|midzzznight has 30 seconds left.
|inactive|midzzznight has 20 seconds left.
|inactive|AyLuLiiiEsToTaCBN has 30 seconds left.
|inactive|midzzznight has 15 seconds left.
|inactive|midzzznight has 10 seconds left.
|inactive|AyLuLiiiEsToTaCBN has 20 seconds left.
|inactive|midzzznight has 5 seconds left.
|inactive|AyLuLiiiEsToTaCBN has 15 seconds left.
|
|t:|1785335750
|move|p1a: Grimmsnarl|Reflect|p1a: Grimmsnarl
|-sidestart|p1: AyLuLiiiEsToTaCBN|Reflect
|move|p1b: Archaludon|Dragon Pulse|p2a: Farigiraf
|-damage|p2a: Farigiraf|0 fnt
|faint|p2a: Farigiraf
|move|p2b: Incineroar|Parting Shot|p1a: Grimmsnarl
|-unboost|p1a: Grimmsnarl|atk|1
|-unboost|p1a: Grimmsnarl|spa|1
|inactive|midzzznight has 30 seconds left.
|inactive|midzzznight has 20 seconds left.
|inactive|midzzznight has 15 seconds left.
|inactive|midzzznight has 10 seconds left.
|inactive|midzzznight has 5 seconds left.
|
|t:|1785335805
|switch|p2b: Froslass|Froslass, L50, F|100/100|[from] Parting Shot
|
|-weather|SunnyDay|[upkeep]
|-heal|p1b: Archaludon|100/100|[from] item: Leftovers
|upkeep
|inactive|midzzznight has 30 seconds left.
|inactive|midzzznight has 20 seconds left.
|inactive|midzzznight has 15 seconds left.
|inactive|midzzznight has 10 seconds left.
|inactive|midzzznight has 5 seconds left.
|
|t:|1785335860
|switch|p2a: Incineroar|Incineroar, L50, M|100/100
|-ability|p2a: Incineroar|Intimidate|boost
|-unboost|p1a: Grimmsnarl|atk|1
|-unboost|p1b: Archaludon|atk|1
|turn|7
|inactive|AyLuLiiiEsToTaCBN has 30 seconds left.
|inactive|midzzznight has 30 seconds left.
|inactive|midzzznight has 20 seconds left.
|inactive|midzzznight has 15 seconds left.
|inactive|AyLuLiiiEsToTaCBN has 20 seconds left.
|inactive|midzzznight has 10 seconds left.
|inactive|AyLuLiiiEsToTaCBN has 15 seconds left.
|inactive|midzzznight has 5 seconds left.
|
|t:|1785335915
|move|p2a: Incineroar|Fake Out|p1b: Archaludon
|-resisted|p1b: Archaludon|1
|-damage|p1b: Archaludon|98/100
|-ability|p1b: Archaludon|Stamina|boost
|-boost|p1b: Archaludon|def|1
|move|p1a: Grimmsnarl|Parting Shot|p2b: Froslass
|-unboost|p2b: Froslass|atk|1
|-unboost|p2b: Froslass|spa|1
|
|t:|1785335925
|switch|p1a: Venusaur|Venusaur, L50, M|100/100|[from] Parting Shot
|move|p2b: Froslass|Blizzard|p1b: Archaludon|[spread] p1a,p1b
|-supereffective|p1a: Venusaur|1
|-damage|p1a: Venusaur|69/100
|-damage|p1b: Archaludon|85/100
|-ability|p1b: Archaludon|Stamina|boost
|-boost|p1b: Archaludon|def|1
|cant|p1b: Archaludon|flinch
|
|-weather|none
|-heal|p1b: Archaludon|91/100|[from] item: Leftovers
|upkeep
|turn|8
|inactive|midzzznight has 30 seconds left.
|inactive|midzzznight has 20 seconds left.
|inactive|midzzznight has 15 seconds left.
|inactive|midzzznight has 10 seconds left.
|inactive|midzzznight has 5 seconds left.
|
|t:|1785335980
|switch|p1a: Grimmsnarl|Grimmsnarl, L50, M|82/100
|move|p2b: Froslass|Blizzard|p1a: Grimmsnarl|[spread] p1a,p1b
|-damage|p1a: Grimmsnarl|69/100
|-damage|p1b: Archaludon|79/100
|-ability|p1b: Archaludon|Stamina|boost
|-boost|p1b: Archaludon|def|1
|move|p1b: Archaludon|Flash Cannon|p2b: Froslass
|-supereffective|p2b: Froslass|1
|-damage|p2b: Froslass|0 fnt
|faint|p2b: Froslass
|move|p2a: Incineroar|Parting Shot|p1a: Grimmsnarl
|-unboost|p1a: Grimmsnarl|atk|1
|-unboost|p1a: Grimmsnarl|spa|1
|inactive|midzzznight has 20 seconds left this turn.
|inactive|midzzznight has 15 seconds left.
|inactive|midzzznight has 10 seconds left.
|inactive|midzzznight has 5 seconds left.
|-message|midzzznight lost due to inactivity.
|
|win|AyLuLiiiEsToTaCBN
