|j|☆HeroLinik
|j|☆puffinbee
|html|HeroLinikpuffinbee    
|uhtml|bestof|Game 3 of a best-of-3
|t:|1783362620
|gametype|doubles
|player|p1|HeroLinik|gambler|
|player|p2|puffinbee|169|
|gen|9
|tier|[Gen 9 Champions] VGC 2026 Reg M-B (Bo3)
|rule|Species Clause: Limit one of each Pokémon
|rule|Item Clause: Limit 1 of each item
|clearpoke
|poke|p1|Pyroar, L50, M|
|poke|p1|Farigiraf, L50, F|
|poke|p1|Venusaur, L50, M|
|poke|p1|Primarina, L50, F|
|poke|p1|Torkoal, L50, F|
|poke|p1|Gholdengo, L50|
|poke|p2|Mawile, L50, M|
|poke|p2|Incineroar, L50, M|
|poke|p2|Staraptor, L50, M|
|poke|p2|Farigiraf, L50, M|
|poke|p2|Ampharos, L50, M|
|poke|p2|Basculegion, L50, M|
|teampreview|4
|showteam|p1|Pyroar||Pyroarite|Unnerve|Overheat,HeatWave,SolarBeam,Protect|Timid||M|||50|]Farigiraf||ColburBerry|ArmorTail|Protect,SunnyDay,TrickRoom,Psychic|Bold||F|||50|]Venusaur||FocusSash|Chlorophyll|SleepPowder,SludgeBomb,EarthPower,Protect|Timid||M|||50|]Primarina||LifeOrb|LiquidVoice|HyperVoice,Moonblast,DazzlingGleam,Protect|Quiet||F|||50|]Torkoal||Charcoal|Drought|Eruption,WeatherBall,HelpingHand,Yawn|Quiet||F|||50|]Gholdengo||ChoiceScarf|GoodasGold|MakeItRain,ShadowBall,FocusBlast,Thunderbolt|Timid|||||50|
|showteam|p2|Mawile||Mawilite|HyperCutter|IronHead,PlayRough,SuckerPunch,Protect|Brave||M|||50|]Incineroar||Charcoal|Intimidate|FlareBlitz,PartingShot,FakeOut,DarkestLariat|Adamant||M|||50|]Staraptor||ChoiceScarf|Intimidate|BraveBird,CloseCombat,Uturn,FinalGambit|Bashful||M|||50|]Farigiraf||SitrusBerry|ArmorTail|Psychic,GrassKnot,TrickRoom,HelpingHand|Quiet||M|||50|]Ampharos||Ampharosite|Static|Thunderbolt,DragonPulse,FocusBlast,Protect|Quiet||M|||50|]Basculegion||FocusSash|Adaptability|Liquidation,LastRespects,AquaJet,Protect|Adamant||M|||50|
|inactive|Battle timer is ON: inactive players will automatically lose when time's up. (requested by HeroLinik)
|inactive|puffinbee has 60 seconds left.
|
|t:|1783362662
|teamsize|p1|4
|teamsize|p2|4
|start
|switch|p1a: Pyroar|Pyroar, L50, M|100/100
|switch|p1b: Gholdengo|Gholdengo, L50|100/100
|switch|p2a: Farigiraf|Farigiraf, L50, M|100/100
|switch|p2b: Staraptor|Staraptor, L50, M|100/100
|-ability|p1a: Pyroar|Unnerve
|-ability|p2b: Staraptor|Intimidate|boost
|-unboost|p1a: Pyroar|atk|1
|-unboost|p1b: Gholdengo|atk|1
|turn|1
|inactive|puffinbee has 30 seconds left.
|
|t:|1783362688
|detailschange|p1a: Pyroar|Pyroar-Mega, L50, M
|-mega|p1a: Pyroar|Pyroar|Pyroarite
|move|p1a: Pyroar|Protect|p1a: Pyroar
|-singleturn|p1a: Pyroar|Protect
|move|p2b: Staraptor|U-turn|p1b: Gholdengo
|-resisted|p1b: Gholdengo|2
|-damage|p1b: Gholdengo|93/100
|
|t:|1783362695
|switch|p2b: Incineroar|Incineroar, L50, M|100/100|[from] U-turn
|-ability|p2b: Incineroar|Intimidate|boost
|-unboost|p1a: Pyroar|atk|1
|-unboost|p1b: Gholdengo|atk|1
|move|p1b: Gholdengo|Thunderbolt|p2b: Incineroar
|-damage|p2b: Incineroar|70/100
|move|p2a: Farigiraf|Trick Room|p2a: Farigiraf
|-fieldstart|move: Trick Room|[of] p2a: Farigiraf
|
|upkeep
|turn|2
|
|t:|1783362719
|move|p2a: Farigiraf|Helping Hand|p2b: Incineroar
|-singleturn|p2b: Incineroar|Helping Hand|[of] p2a: Farigiraf
|move|p2b: Incineroar|Darkest Lariat|p1b: Gholdengo
|-supereffective|p1b: Gholdengo|1
|-damage|p1b: Gholdengo|0 fnt
|faint|p1b: Gholdengo
|move|p1a: Pyroar|Heat Wave|p2a: Farigiraf|[spread] p2a,p2b
|-resisted|p2b: Incineroar|1
|-damage|p2a: Farigiraf|46/100
|-damage|p2b: Incineroar|46/100
|-enditem|p2a: Farigiraf|Sitrus Berry|[eat]
|-heal|p2a: Farigiraf|71/100|[from] item: Sitrus Berry
|
|upkeep
|
|t:|1783362728
|switch|p1b: Torkoal|Torkoal, L50, F|100/100
|-weather|SunnyDay|[from] ability: Drought|[of] p1b: Torkoal
|turn|3
|
|t:|1783362749
|move|p2a: Farigiraf|Helping Hand|p2b: Incineroar
|-singleturn|p2b: Incineroar|Helping Hand|[of] p2a: Farigiraf
|move|p1b: Torkoal|Eruption|p2b: Incineroar|[spread] p2a,p2b
|-resisted|p2b: Incineroar|1
|-damage|p2a: Farigiraf|0 fnt
|-damage|p2b: Incineroar|10/100
|faint|p2a: Farigiraf
|move|p2b: Incineroar|Parting Shot|p1a: Pyroar
|-unboost|p1a: Pyroar|atk|1
|-unboost|p1a: Pyroar|spa|1
|
|t:|1783362759
|switch|p2b: Staraptor|Staraptor, L50, M|100/100|[from] Parting Shot
|-ability|p2b: Staraptor|Intimidate|boost
|-unboost|p1a: Pyroar|atk|1
|-unboost|p1b: Torkoal|atk|1
|move|p1a: Pyroar|Heat Wave|p2b: Staraptor
|-damage|p2b: Staraptor|0 fnt
|faint|p2b: Staraptor
|
|-weather|SunnyDay|[upkeep]
|upkeep
|
|t:|1783362768
|switch|p2a: Ampharos|Ampharos, L50, M|100/100
|switch|p2b: Incineroar|Incineroar, L50, M|10/100
|-ability|p2b: Incineroar|Intimidate|boost
|-unboost|p1a: Pyroar|atk|1
|-unboost|p1b: Torkoal|atk|1
|turn|4
|
|t:|1783362791
|switch|p1b: Venusaur|Venusaur, L50, M|100/100
|detailschange|p2a: Ampharos|Ampharos-Mega, L50, M
|-mega|p2a: Ampharos|Ampharos|Ampharosite
|-ability|p2a: Ampharos|Mold Breaker
|move|p1a: Pyroar|Protect|p1a: Pyroar
|-singleturn|p1a: Pyroar|Protect
|move|p2a: Ampharos|Dragon Pulse|p1a: Pyroar
|-activate|p1a: Pyroar|move: Protect
|move|p2b: Incineroar|Darkest Lariat|p1a: Pyroar
|-activate|p1a: Pyroar|move: Protect
|
|-weather|SunnyDay|[upkeep]
|upkeep
|turn|5
|
|t:|1783362813
|move|p2a: Ampharos|Focus Blast|p1a: Pyroar
|-supereffective|p1a: Pyroar|1
|-damage|p1a: Pyroar|0 fnt
|faint|p1a: Pyroar
|move|p2b: Incineroar|Flare Blitz|p1b: Venusaur
|-supereffective|p1b: Venusaur|1
|-enditem|p1b: Venusaur|Focus Sash
|-damage|p1b: Venusaur|1/100
|-damage|p2b: Incineroar|0 fnt|[from] Recoil
|faint|p2b: Incineroar
|move|p1b: Venusaur|Earth Power|p2a: Ampharos
|-supereffective|p2a: Ampharos|1
|-damage|p2a: Ampharos|59/100
|-unboost|p2a: Ampharos|spd|1
|
|-weather|SunnyDay|[upkeep]
|-fieldend|move: Trick Room
|upkeep
|
|t:|1783362827
|switch|p1a: Torkoal|Torkoal, L50, F|100/100
|turn|6
|
|t:|1783362835
|move|p1b: Venusaur|Earth Power|p2a: Ampharos
|-supereffective|p2a: Ampharos|1
|-damage|p2a: Ampharos|0 fnt
|faint|p2a: Ampharos
|
|win|HeroLinik
|c|☆puffinbee|gg
