|j|☆DaveyShwavey
|j|☆atrixmj
|html|DaveyShwaveyatrixmj    
|uhtml|bestof|Game 1 of a best-of-3
|t:|1782267065
|gametype|doubles
|player|p1|DaveyShwavey|2|1229
|player|p2|atrixmj|may|1312
|gen|9
|tier|[Gen 9 Champions] VGC 2026 Reg M-B (Bo3)
|rated|
|rule|Species Clause: Limit one of each Pokémon
|rule|Item Clause: Limit 1 of each item
|clearpoke
|poke|p1|Sneasler, L50, F|
|poke|p1|Garchomp, L50, M|
|poke|p1|Whimsicott, L50, M|
|poke|p1|Basculegion, L50, M|
|poke|p1|Kingambit, L50, M|
|poke|p1|Raichu, L50, F|
|poke|p2|Delphox, L50, M|
|poke|p2|Hydreigon, L50, M|
|poke|p2|Sneasler, L50, F|
|poke|p2|Sylveon, L50, F|
|poke|p2|Garchomp, L50, F, shiny|
|poke|p2|Kingambit, L50, M|
|teampreview|4
|showteam|p1|Sneasler||WhiteHerb|PoisonTouch|FakeOut,DireClaw,CloseCombat,Protect|Adamant||F|||50|]Garchomp||LifeOrb|RoughSkin|Earthquake,Protect,DragonClaw,SwordsDance|Jolly||M|||50|]Whimsicott||FocusSash|Prankster|Tailwind,Taunt,Moonblast,Encore|Timid||M|||50|]Basculegion||ChoiceScarf|Adaptability|FlipTurn,WaveCrash,LastRespects,IceFang|Adamant||M|||50|]Kingambit||BlackGlasses|Defiant|KowtowCleave,IronHead,SuckerPunch,Protect|Adamant||M|||50|]Raichu||RaichuniteY|LightningRod|ZapCannon,FocusBlast,FakeOut,Protect|Modest||F|||50|
|showteam|p2|Delphox||Delphoxite|Blaze|HeatWave,TrickRoom,Protect,Psyshock|Modest||M|||50|]Hydreigon||HabanBerry|Levitate|DracoMeteor,DarkPulse,Tailwind,Protect|Timid||M|||50|]Sneasler||FocusSash|PoisonTouch|PoisonJab,CloseCombat,FakeOut,Protect|Jolly||F|||50|]Sylveon||FairyFeather|Pixilate|HyperVoice,Moonblast,QuickAttack,Detect|Modest||F|||50|]Garchomp||Garchompite|RoughSkin|StompingTantrum,DragonClaw,Earthquake,Protect|Adamant||F|||50|]Kingambit||LifeOrb|Defiant|KowtowCleave,SuckerPunch,IronHead,LowKick|Adamant||M|||50|
|inactive|Battle timer is ON: inactive players will automatically lose when time's up. (requested by DaveyShwavey)
|inactive|atrixmj has 60 seconds left.
|inactive|atrixmj has 30 seconds left.
|
|t:|1782267199
|teamsize|p1|4
|teamsize|p2|4
|start
|switch|p1a: Garchomp|Garchomp, L50, M|100/100
|switch|p1b: Whimsicott|Whimsicott, L50, M|100/100
|switch|p2a: Hydreigon|Hydreigon, L50, M|100/100
|switch|p2b: Sneasler|Sneasler, L50, F|100/100
|turn|1
|inactive|DaveyShwavey has 30 seconds left.
|inactive|atrixmj has 30 seconds left.
|
|t:|1782267230
|move|p2b: Sneasler|Fake Out|p1b: Whimsicott
|-damage|p1b: Whimsicott|77/100
|-status|p1b: Whimsicott|psn|[from] ability: Poison Touch|[of] p2b: Sneasler
|cant|p1b: Whimsicott|flinch
|move|p1a: Garchomp|Earthquake|p2a: Hydreigon|[spread] p1b,p2b
|-immune|p2a: Hydreigon|[from] ability: Levitate
|-resisted|p1b: Whimsicott|1
|-supereffective|p2b: Sneasler|1
|-damage|p1b: Whimsicott|41/100 psn
|-enditem|p2b: Sneasler|Focus Sash
|-damage|p2b: Sneasler|1/100
|-damage|p1a: Garchomp|90/100|[from] item: Life Orb
|move|p2a: Hydreigon|Draco Meteor|p1a: Garchomp
|-supereffective|p1a: Garchomp|1
|-damage|p1a: Garchomp|0 fnt
|-unboost|p2a: Hydreigon|spa|2
|faint|p1a: Garchomp
|
|-damage|p1b: Whimsicott|29/100 psn|[from] psn
|upkeep
|
|t:|1782267249
|switch|p1a: Raichu|Raichu, L50, F|100/100
|turn|2
|
|t:|1782267273
|switch|p2a: Delphox|Delphox, L50, M|100/100
|detailschange|p1a: Raichu|Raichu-Mega-Y, L50, F
|-mega|p1a: Raichu|Raichu|Raichunite Y
|move|p2b: Sneasler|Protect|p2b: Sneasler
|-singleturn|p2b: Sneasler|Protect
|move|p1a: Raichu|Fake Out|p2b: Sneasler
|-activate|p2b: Sneasler|move: Protect
|move|p1b: Whimsicott|Moonblast|p2a: Delphox
|-resisted|p2a: Delphox|1
|-crit|p2a: Delphox
|-damage|p2a: Delphox|73/100
|
|-damage|p1b: Whimsicott|16/100 psn|[from] psn
|upkeep
|turn|3
|
|t:|1782267288
|detailschange|p2a: Delphox|Delphox-Mega, L50, M
|-mega|p2a: Delphox|Delphox|Delphoxite
|move|p1b: Whimsicott|Tailwind|p1b: Whimsicott
|-sidestart|p1: DaveyShwavey|move: Tailwind
|move|p1a: Raichu|Zap Cannon|p2a: Delphox
|-damage|p2a: Delphox|7/100
|-status|p2a: Delphox|par
|move|p2b: Sneasler|Close Combat|p1a: Raichu
|-damage|p1a: Raichu|0 fnt
|-unboost|p2b: Sneasler|def|1
|-unboost|p2b: Sneasler|spd|1
|faint|p1a: Raichu
|move|p2a: Delphox|Trick Room|p2a: Delphox
|-fieldstart|move: Trick Room|[of] p2a: Delphox
|
|-damage|p1b: Whimsicott|4/100 psn|[from] psn
|upkeep
|
|t:|1782267305
|switch|p1a: Sneasler|Sneasler, L50, F|100/100
|turn|4
|
|t:|1782267316
|move|p1a: Sneasler|Fake Out|p2a: Delphox
|-damage|p2a: Delphox|0 fnt
|faint|p2a: Delphox
|move|p2b: Sneasler|Poison Jab|p1b: Whimsicott
|-supereffective|p1b: Whimsicott|2
|-damage|p1b: Whimsicott|0 fnt
|faint|p1b: Whimsicott
|
|upkeep
|
|t:|1782267323
|switch|p2a: Garchomp|Garchomp, L50, F, shiny|100/100
|turn|5
|
|t:|1782267329
|switch|p2b: Hydreigon|Hydreigon, L50, M|100/100
|move|p2a: Garchomp|Earthquake|p1a: Sneasler|[spread] p1a
|-immune|p2b: Hydreigon|[from] ability: Levitate
|-supereffective|p1a: Sneasler|1
|-damage|p1a: Sneasler|0 fnt
|faint|p1a: Sneasler
|
|win|atrixmj
||atrixmj is ready for game 2.
