|j|☆Juanjo555
|j|☆AaravosTheGreatTwo
|html|Juanjo555AaravosTheGreatTwo    
|uhtml|bestof|Game 3 of a best-of-3
|t:|1782248660
|gametype|doubles
|player|p1|Juanjo555|266|1078
|player|p2|AaravosTheGreatTwo|102|1000
|gen|9
|tier|[Gen 9 Champions] VGC 2026 Reg M-B (Bo3)
|rated|
|rule|Species Clause: Limit one of each Pokémon
|rule|Item Clause: Limit 1 of each item
|clearpoke
|poke|p1|Archaludon, L50, F|
|poke|p1|Sinistcha-Masterpiece, L50|
|poke|p1|Swampert, L50, F|
|poke|p1|Sableye, L50, F|
|poke|p1|Pelipper, L50, F|
|poke|p1|Kingambit, L50, M|
|poke|p2|Delphox, L50, M|
|poke|p2|Sneasler, L50, M|
|poke|p2|Kingambit, L50, F|
|poke|p2|Whimsicott, L50, M|
|poke|p2|Tsareena, L50, F|
|poke|p2|Basculegion, L50, M|
|teampreview|4
|showteam|p1|Archaludon||Leftovers|Stamina|DracoMeteor,ElectroShot,Protect,FlashCannon|Calm||F|||50|]Sinistcha-Masterpiece||SitrusBerry|Hospitality|LifeDew,MatchaGotcha,TrickRoom,RagePowder|Bold|||||50|]Swampert||Swampertite|Torrent|KnockOff,WaveCrash,Protect,HighHorsepower|Adamant||F|||50|]Sableye||LightClay|Prankster|LightScreen,Reflect,RainDance,Quash|Calm||F|||50|]Pelipper||FocusSash|Drizzle|Protect,WeatherBall,Hurricane,Tailwind|Modest||F|||50|]Kingambit||ChopleBerry|Defiant|KowtowCleave,Protect,SuckerPunch,IronHead|Adamant||M|||50|
|showteam|p2|Delphox||Delphoxite|Magician|HeatWave,Psychic,NastyPlot,Protect|Timid||M|||50|]Sneasler||WhiteHerb|Unburden|FakeOut,DireClaw,CloseCombat,Protect|Adamant||M|||50|]Kingambit||BlackGlasses|Defiant|KowtowCleave,SuckerPunch,IronHead,Protect|Adamant||F|||50|]Whimsicott||FocusSash|Prankster|Tailwind,Encore,Moonblast,Protect|Bold||M|||50|]Tsareena||SitrusBerry|QueenlyMajesty|TripleAxel,LowKick,TropKick,Protect|Adamant||F|||50|]Basculegion||ChoiceScarf|Adaptability|LastRespects,WaveCrash,FlipTurn,AquaJet|Jolly||M|||50|
|inactive|Battle timer is ON: inactive players will automatically lose when time's up. (requested by AaravosTheGreatTwo)
|inactive|Juanjo555 has 60 seconds left.
|inactive|AaravosTheGreatTwo has 60 seconds left.
|
|t:|1782248717
|teamsize|p1|4
|teamsize|p2|4
|start
|switch|p1a: Archaludon|Archaludon, L50, F|100/100
|switch|p1b: Pelipper|Pelipper, L50, F|100/100
|switch|p2a: Sneasler|Sneasler, L50, M|100/100
|switch|p2b: Delphox|Delphox, L50, M|100/100
|-weather|RainDance|[from] ability: Drizzle|[of] p1b: Pelipper
|turn|1
|inactive|Juanjo555 has 30 seconds left.
|
|t:|1782248751
|detailschange|p2b: Delphox|Delphox-Mega, L50, M
|-mega|p2b: Delphox|Delphox|Delphoxite
|move|p2a: Sneasler|Fake Out|p1b: Pelipper
|-damage|p1b: Pelipper|80/100
|move|p2b: Delphox|Nasty Plot|p2b: Delphox
|-boost|p2b: Delphox|spa|2
|move|p1a: Archaludon|Electro Shot||[still]
|-prepare|p1a: Archaludon|Electro Shot
|-boost|p1a: Archaludon|spa|1
|-anim|p1a: Archaludon|Electro Shot|p2a: Sneasler
|-damage|p2a: Sneasler|23/100
|cant|p1b: Pelipper|flinch
|
|-weather|RainDance|[upkeep]
|upkeep
|turn|2
|inactive|AaravosTheGreatTwo has 30 seconds left.
|
|t:|1782248779
|switch|p1a: Sinistcha|Sinistcha-Masterpiece, L50|100/100
|-heal|p1b: Pelipper|100/100|[from] ability: Hospitality|[of] p1a: Sinistcha
|move|p2b: Delphox|Psychic|p1b: Pelipper
|-enditem|p1b: Pelipper|Focus Sash
|-damage|p1b: Pelipper|1/100
|move|p2a: Sneasler|Close Combat|p1a: Sinistcha
|-immune|p1a: Sinistcha
|move|p1b: Pelipper|Weather Ball|p2b: Delphox
|-supereffective|p2b: Delphox|1
|-damage|p2b: Delphox|0 fnt
|faint|p2b: Delphox
|
|-weather|RainDance|[upkeep]
|upkeep
|
|t:|1782248790
|switch|p2b: Tsareena|Tsareena, L50, F|100/100
|turn|3
|
|t:|1782248804
|switch|p1b: Kingambit|Kingambit, L50, M|100/100
|move|p2a: Sneasler|Close Combat|p1b: Kingambit
|-supereffective|p1b: Kingambit|2
|-enditem|p1b: Kingambit|Chople Berry|[eat]
|-enditem|p1b: Kingambit|Chople Berry|[weaken]
|-damage|p1b: Kingambit|0 fnt
|-unboost|p2a: Sneasler|def|1
|-unboost|p2a: Sneasler|spd|1
|faint|p1b: Kingambit
|-enditem|p2a: Sneasler|White Herb
|-clearnegativeboost|p2a: Sneasler|[silent]
|move|p2b: Tsareena|Triple Axel|p1a: Sinistcha
|-supereffective|p1a: Sinistcha|1
|-damage|p1a: Sinistcha|82/100
|-supereffective|p1a: Sinistcha|1
|-damage|p1a: Sinistcha|50/100g
|-supereffective|p1a: Sinistcha|1
|-damage|p1a: Sinistcha|4/100
|-enditem|p1a: Sinistcha|Sitrus Berry|[eat]
|-heal|p1a: Sinistcha|28/100|[from] item: Sitrus Berry
|-hitcount|p1a: Sinistcha|3
|move|p1a: Sinistcha|Matcha Gotcha|p2b: Tsareena|[spread] p2a,p2b
|-resisted|p2a: Sneasler|1
|-resisted|p2b: Tsareena|1
|-damage|p2a: Sneasler|7/100
|-heal|p1a: Sinistcha|37/100|[from] drain|[of] p2a: Sneasler
|-damage|p2b: Tsareena|87/100
|-heal|p1a: Sinistcha|45/100|[from] drain|[of] p2b: Tsareena
|
|-weather|RainDance|[upkeep]
|upkeep
|
|t:|1782248823
|switch|p1b: Archaludon|Archaludon, L50, F|100/100
|turn|4
|inactive|Juanjo555 has 30 seconds left.
|inactive|AaravosTheGreatTwo has 30 seconds left.
|inactive|Juanjo555 has 20 seconds left.
|inactive|Juanjo555 has 15 seconds left.
|
|t:|1782248867
|move|p2a: Sneasler|Protect|p2a: Sneasler
|-singleturn|p2a: Sneasler|Protect
|move|p1a: Sinistcha|Rage Powder|p1a: Sinistcha
|-singleturn|p1a: Sinistcha|move: Rage Powder
|move|p1b: Archaludon|Electro Shot||[still]
|-prepare|p1b: Archaludon|Electro Shot
|-boost|p1b: Archaludon|spa|1
|-anim|p1b: Archaludon|Electro Shot|p2a: Sneasler
|-activate|p2a: Sneasler|move: Protect
|move|p2b: Tsareena|Triple Axel|p1a: Sinistcha
|-supereffective|p1a: Sinistcha|1
|-damage|p1a: Sinistcha|28/100
|-supereffective|p1a: Sinistcha|1
|-damage|p1a: Sinistcha|0 fnt
|faint|p1a: Sinistcha
|-hitcount|p1: Sinistcha|2
|
|-weather|RainDance|[upkeep]
|upkeep
|
|t:|1782248875
|switch|p1a: Pelipper|Pelipper, L50, F|1/100
|turn|5
|inactive|AaravosTheGreatTwo has 30 seconds left.
|inactive|AaravosTheGreatTwo has 20 seconds left.
|
|t:|1782248911
|switch|p2a: Whimsicott|Whimsicott, L50, M|100/100
|move|p1b: Archaludon|Protect|p1b: Archaludon
|-singleturn|p1b: Archaludon|Protect
|move|p2b: Tsareena|Trop Kick|p1a: Pelipper
|-damage|p1a: Pelipper|0 fnt
|faint|p1a: Pelipper
|
|-weather|none
|upkeep
|turn|6
|-message|Juanjo555 forfeited.
|
|win|AaravosTheGreatTwo
|raw|Juanjo555's rating: 1078 → 1052(-26 for losing)
|raw|AaravosTheGreatTwo's rating: 1000 → 1049(+49 for winning)
|l|☆Juanjo555
|player|p1|
