|j|☆babayaga27
|j|☆Cbilla
|html|babayaga27Cbilla    
|uhtml|bestof|Game 1 of a best-of-3
|t:|1783264864
|gametype|doubles
|player|p1|babayaga27|101|
|player|p2|Cbilla|102|
|gen|9
|tier|[Gen 9 Champions] VGC 2026 Reg M-B (Bo3)
|rule|Species Clause: Limit one of each Pokémon
|rule|Item Clause: Limit 1 of each item
|clearpoke
|poke|p1|Delphox, L50, F, shiny|
|poke|p1|Mamoswine, L50, F|
|poke|p1|Kangaskhan, L50, F|
|poke|p1|Ninetales-Alola, L50, M, shiny|
|poke|p1|Greninja, L50, F, shiny|
|poke|p1|Whimsicott, L50, M, shiny|
|poke|p2|Espathra, L50, M|
|poke|p2|Klefki, L50, M|
|poke|p2|Staraptor, L50, F|
|poke|p2|Archaludon, L50, F|
|poke|p2|Starmie, L50|
|poke|p2|Goodra-Hisui, L50, F|
|teampreview|4
|showteam|p1|Delphox||Delphoxite|Blaze|Psychic,ShadowBall,HeatWave,Protect|Timid||F|||50|]Mamoswine||ChoiceScarf|Oblivious|IcicleCrash,IceShard,Earthquake,RockSlide|Jolly||F|||50|]Kangaskhan||SilkScarf|Scrappy|FakeOut,LastResort|Adamant||F|||50|]Ninetales-Alola||NeverMeltIce|SnowWarning|Blizzard,Moonblast,Protect,Encore|Timid||M|||50|]Greninja||LifeOrb|Protean|Protect,Blizzard,DarkPulse,IcyWind|Timid||F|||50|]Whimsicott||FocusSash|Prankster|Tailwind,Moonblast,Taunt,Encore|Modest||M|||50|
|showteam|p2|Espathra||FocusSash|SpeedBoost|BatonPass,LuminaCrash,Endure,Protect|Timid||M|||50|]Klefki||Leftovers|Prankster|ThunderWave,Reflect,FoulPlay,Protect|Bold||M|||50|]Staraptor||Staraptite|Intimidate|QuickAttack,CloseCombat,BraveBird,Protect|Jolly||F|||50|]Archaludon||WhiteHerb|Stamina|AuraSphere,DracoMeteor,ElectroShot,Protect|Timid||F|||50|]Starmie||MysticWater|Analytic|AquaJet,Psychic,HydroPump,RainDance|Hasty|||||50|]Goodra-Hisui||LifeOrb|SapSipper|DracoMeteor,FireBlast,FlashCannon,SludgeBomb|Modest||F|||50|
|
|t:|1783264892
|teamsize|p1|4
|teamsize|p2|4
|start
|switch|p1a: Whims|Whimsicott, L50, M, shiny|100/100
|switch|p1b: Magician|Delphox, L50, F, shiny|100/100
|switch|p2a: Klefki|Klefki, L50, M|100/100
|switch|p2b: Goodra|Goodra-Hisui, L50, F|100/100
|turn|1
|j| asbdsp
|c| asbdsp|asbdsp
|j| Aynvl1
|c| asbdsp|glhf!
|
|t:|1783264936
|detailschange|p1b: Magician|Delphox-Mega, L50, F, shiny
|-mega|p1b: Magician|Delphox|Delphoxite
|move|p1a: Whims|Taunt|p2a: Klefki
|-start|p2a: Klefki|move: Taunt
|move|p1b: Magician|Heat Wave|p2b: Goodra|[spread] p2a,p2b
|-supereffective|p2a: Klefki|1
|-damage|p2a: Klefki|0 fnt
|-damage|p2b: Goodra|68/100
|faint|p2a: Klefki
|move|p2b: Goodra|Flash Cannon|p1a: Whims
|-supereffective|p1a: Whims|1
|-enditem|p1a: Whims|Focus Sash
|-damage|p1a: Whims|1/100
|-damage|p2b: Goodra|59/100|[from] item: Life Orb
|
|upkeep
|
|t:|1783264954
|switch|p2a: Espathra|Espathra, L50, M|100/100
|turn|2
|
|t:|1783264971
|move|p2a: Espathra|Protect|p2a: Espathra
|-singleturn|p2a: Espathra|Protect
|move|p1a: Whims|Tailwind|p1a: Whims
|-sidestart|p1: babayaga27|move: Tailwind
|move|p1b: Magician|Heat Wave|p2b: Goodra|[spread] p2b
|-activate|p2a: Espathra|move: Protect
|-damage|p2b: Goodra|32/100
|move|p2b: Goodra|Draco Meteor|p1b: Magician|[miss]
|-miss|p2b: Goodra|p1b: Magician
|
|-ability|p2a: Espathra|Speed Boost|boost
|-boost|p2a: Espathra|spe|1
|upkeep
|turn|3
|
|t:|1783265001
|move|p2a: Espathra|Endure||[still]
|-fail|p2a: Espathra
|move|p1a: Whims|Encore|p2a: Espathra
|-start|p2a: Espathra|Encore
|move|p1b: Magician|Shadow Ball|p2b: Goodra
|-damage|p2b: Goodra|8/100
|move|p2b: Goodra|Draco Meteor|p1b: Magician
|-damage|p1b: Magician|16/100
|-unboost|p2b: Goodra|spa|2
|-damage|p2b: Goodra|0 fnt|[from] item: Life Orb
|faint|p2b: Goodra
|
|-ability|p2a: Espathra|Speed Boost|boost
|-boost|p2a: Espathra|spe|1
|upkeep
|
|t:|1783265015
|switch|p2b: Staraptor|Staraptor, L50, F|100/100
|-ability|p2b: Staraptor|Intimidate|boost
|-unboost|p1a: Whims|atk|1
|-unboost|p1b: Magician|atk|1
|turn|4
|
|t:|1783265032
|detailschange|p2b: Staraptor|Staraptor-Mega, L50, F
|-mega|p2b: Staraptor|Staraptor|Staraptite
|move|p2a: Espathra|Endure|p2a: Espathra
|-singleturn|p2a: Espathra|move: Endure
|move|p1b: Magician|Heat Wave|p2b: Staraptor|[spread] p2a,p2b
|-damage|p2a: Espathra|43/100
|-damage|p2b: Staraptor|45/100
|move|p1a: Whims|Moonblast|p2b: Staraptor
|-supereffective|p2b: Staraptor|1
|-damage|p2b: Staraptor|0 fnt
|faint|p2b: Staraptor
|
|-ability|p2a: Espathra|Speed Boost|boost
|-boost|p2a: Espathra|spe|1
|upkeep
|turn|5
|
|t:|1783265047
|move|p2a: Espathra|Endure||[still]
|-fail|p2a: Espathra
|move|p1b: Magician|Shadow Ball|p2a: Espathra
|-supereffective|p2a: Espathra|1
|-damage|p2a: Espathra|0 fnt
|faint|p2a: Espathra
|
|win|babayaga27
