|j|☆dav2573
|j|☆reshiee
|html|dav2573reshiee    
|uhtml|bestof|Game 1 of a best-of-3
|t:|1784494764
|gametype|doubles
|player|p1|dav2573|266|1000
|player|p2|reshiee|gwynn|1052
|gen|9
|tier|[Gen 9 Champions] VGC 2026 Reg M-B (Bo3)
|rated|
|rule|Species Clause: Limit one of each Pokémon
|rule|Item Clause: Limit 1 of each item
|clearpoke
|poke|p1|Pelipper, L50, F|
|poke|p1|Archaludon, L50, M|
|poke|p1|Swampert, L50, M|
|poke|p1|Goodra-Hisui, L50, M|
|poke|p1|Mimikyu, L50, M|
|poke|p1|Gyarados, L50, M|
|poke|p2|Charizard, L50, M|
|poke|p2|Venusaur, L50, F|
|poke|p2|Pelipper, L50, F|
|poke|p2|Grimmsnarl, L50, M|
|poke|p2|Basculegion, L50, M|
|poke|p2|Archaludon, L50, M|
|teampreview|4
|showteam|p1|Pelipper||DampRock|Drizzle|Tailwind,Hurricane,RainDance,HelpingHand|Serious||F|||50|]Archaludon||Leftovers|Stamina|FlashCannon,Protect,DragonPulse,ElectroShot|Serious||M|||50|]Swampert||Swampertite|Torrent|Protect,Earthquake,WaveCrash,IcePunch|Serious||M|||50|]Goodra-Hisui||SitrusBerry|SapSipper|IceSpinner,SludgeBomb,Protect,IronHead|Serious||M|||50|]Mimikyu||FairyFeather|Disguise|PlayRough,ShadowSneak,ShadowClaw,Taunt|Serious||M|||50|]Gyarados||LifeOrb|Intimidate|IceFang,StoneEdge,Waterfall,Protect|Serious||M|||50|
|showteam|p2|Charizard||CharizarditeY|Blaze|HeatWave,WeatherBall,SolarBeam,Protect|Modest||M|||50|]Venusaur||FocusSash|Chlorophyll|SludgeBomb,EarthPower,SleepPowder,Protect|Modest||F|||50|]Pelipper||SitrusBerry|Drizzle|Hurricane,WeatherBall,Tailwind,WideGuard|Modest||F|||50|]Grimmsnarl||LightClay|Prankster|SpiritBreak,Reflect,LightScreen,PartingShot|Sassy||M|||50|]Basculegion||ChoiceScarf|Adaptability|WaveCrash,LastRespects,FlipTurn,AquaJet|Jolly||M|||50|]Archaludon||Leftovers|Stamina|DragonPulse,FlashCannon,ElectroShot,Protect|Calm||M|||50|
|
|t:|1784494802
|teamsize|p1|4
|teamsize|p2|4
|start
|switch|p1a: Pelipper|Pelipper, L50, F|100/100
|switch|p1b: Swampert|Swampert, L50, M|100/100
|switch|p2a: Charizard|Charizard, L50, M|100/100
|switch|p2b: Venusaur|Venusaur, L50, F|100/100
|-weather|RainDance|[from] ability: Drizzle|[of] p1a: Pelipper
|turn|1
|
|t:|1784494824
|detailschange|p2a: Charizard|Charizard-Mega-Y, L50, M
|-mega|p2a: Charizard|Charizard|Charizardite Y
|-weather|SunnyDay|[from] ability: Drought|[of] p2a: Charizard
|detailschange|p1b: Swampert|Swampert-Mega, L50, M
|-mega|p1b: Swampert|Swampert|Swampertite
|move|p1b: Swampert|Protect|p1b: Swampert
|-singleturn|p1b: Swampert|Protect
|move|p2b: Venusaur|Sleep Powder|p1a: Pelipper
|-status|p1a: Pelipper|slp|[from] move: Sleep Powder
|move|p2a: Charizard|Solar Beam||[still]
|-prepare|p2a: Charizard|Solar Beam
|-anim|p2a: Charizard|Solar Beam|p1b: Swampert
|-activate|p1b: Swampert|move: Protect
|cant|p1a: Pelipper|slp
|
|-weather|SunnyDay|[upkeep]
|upkeep
|turn|2
|
|t:|1784494847
|switch|p1b: Goodra|Goodra-Hisui, L50, M|100/100
|move|p2b: Venusaur|Sleep Powder|p1b: Goodra
|-ability|p1b: Goodra|Sap Sipper|boost
|-boost|p1b: Goodra|atk|1
|move|p2a: Charizard|Solar Beam||[still]
|-prepare|p2a: Charizard|Solar Beam
|-anim|p2a: Charizard|Solar Beam|p1b: Goodra
|-ability|p1b: Goodra|Sap Sipper|boost
|-boost|p1b: Goodra|atk|1
|cant|p1a: Pelipper|slp
|
|-weather|SunnyDay|[upkeep]
|upkeep
|turn|3
|
|t:|1784494874
|move|p2b: Venusaur|Earth Power|p1b: Goodra
|-supereffective|p1b: Goodra|1
|-damage|p1b: Goodra|60/100
|move|p2a: Charizard|Weather Ball|p1b: Goodra
|-damage|p1b: Goodra|1/100
|-enditem|p1b: Goodra|Sitrus Berry|[eat]
|-heal|p1b: Goodra|25/100|[from] item: Sitrus Berry
|-curestatus|p1a: Pelipper|slp|[msg]
|move|p1a: Pelipper|Tailwind|p1a: Pelipper
|-sidestart|p1: dav2573|move: Tailwind
|move|p1b: Goodra|Ice Spinner|p2b: Venusaur
|-supereffective|p2b: Venusaur|1
|-damage|p2b: Venusaur|6/100
|
|-weather|SunnyDay|[upkeep]
|upkeep
|turn|4
|
|t:|1784494912
|move|p2b: Venusaur|Earth Power|p1b: Goodra
|-supereffective|p1b: Goodra|1
|-damage|p1b: Goodra|0 fnt
|faint|p1b: Goodra
|move|p1a: Pelipper|Rain Dance|p1a: Pelipper
|-weather|RainDance
|move|p2a: Charizard|Heat Wave|p1a: Pelipper|[miss]
|-miss|p2a: Charizard|p1a: Pelipper
|
|-weather|RainDance|[upkeep]
|upkeep
|
|t:|1784494927
|switch|p1b: Archaludon|Archaludon, L50, M|100/100
|turn|5
|
|t:|1784494941
|switch|p2a: Archaludon|Archaludon, L50, M|100/100
|move|p2b: Venusaur|Protect|p2b: Venusaur
|-singleturn|p2b: Venusaur|Protect
|move|p1b: Archaludon|Electro Shot||[still]
|-prepare|p1b: Archaludon|Electro Shot
|-boost|p1b: Archaludon|spa|1
|-anim|p1b: Archaludon|Electro Shot|p2a: Archaludon
|-resisted|p2a: Archaludon|1
|-damage|p2a: Archaludon|78/100
|-ability|p2a: Archaludon|Stamina|boost
|-boost|p2a: Archaludon|def|1
|move|p1a: Pelipper|Hurricane|p2b: Venusaur
|-activate|p2b: Venusaur|move: Protect
|
|-weather|RainDance|[upkeep]
|-heal|p2a: Archaludon|84/100|[from] item: Leftovers
|upkeep
|turn|6
|
|t:|1784494970
|move|p1b: Archaludon|Protect|p1b: Archaludon
|-singleturn|p1b: Archaludon|Protect
|move|p1a: Pelipper|Rain Dance||[still]
|-fail|p1a: Pelipper
|move|p2b: Venusaur|Earth Power|p1b: Archaludon
|-activate|p1b: Archaludon|move: Protect
|move|p2a: Archaludon|Electro Shot||[still]
|-prepare|p2a: Archaludon|Electro Shot
|-boost|p2a: Archaludon|spa|1
|-anim|p2a: Archaludon|Electro Shot|p1a: Pelipper
|-supereffective|p1a: Pelipper|2
|-damage|p1a: Pelipper|0 fnt
|faint|p1a: Pelipper
|
|-weather|RainDance|[upkeep]
|-heal|p2a: Archaludon|90/100|[from] item: Leftovers
|-sideend|p1: dav2573|move: Tailwind
|upkeep
|
|t:|1784494991
|switch|p1a: Swampert|Swampert-Mega, L50, M|100/100
|turn|7
|
|t:|1784495004
|move|p1a: Swampert|Protect|p1a: Swampert
|-singleturn|p1a: Swampert|Protect
|move|p2a: Archaludon|Protect|p2a: Archaludon
|-singleturn|p2a: Archaludon|Protect
|move|p1b: Archaludon|Electro Shot||[still]
|-prepare|p1b: Archaludon|Electro Shot
|-boost|p1b: Archaludon|spa|1
|-anim|p1b: Archaludon|Electro Shot|p2a: Archaludon
|-activate|p2a: Archaludon|move: Protect
|move|p2b: Venusaur|Sleep Powder|p1a: Swampert
|-activate|p1a: Swampert|move: Protect
|
|-weather|RainDance|[upkeep]
|-heal|p2a: Archaludon|96/100|[from] item: Leftovers
|upkeep
|turn|8
|
|t:|1784495048
|switch|p2b: Charizard|Charizard-Mega-Y, L50, M|100/100
|-weather|SunnyDay|[from] ability: Drought|[of] p2b: Charizard
|move|p1b: Archaludon|Protect|p1b: Archaludon
|-singleturn|p1b: Archaludon|Protect
|move|p2a: Archaludon|Dragon Pulse|p1b: Archaludon
|-activate|p1b: Archaludon|move: Protect
|move|p1a: Swampert|Earthquake|p2b: Charizard|[spread] p2a
|-activate|p1b: Archaludon|move: Protect
|-immune|p2b: Charizard
|-supereffective|p2a: Archaludon|1
|-damage|p2a: Archaludon|57/100
|-ability|p2a: Archaludon|Stamina|boost
|-boost|p2a: Archaludon|def|1
|
|-weather|SunnyDay|[upkeep]
|-heal|p2a: Archaludon|63/100|[from] item: Leftovers
|upkeep
|turn|9
|l|☆dav2573
|player|p1|
|j| da364
|inactive|Battle timer is ON: inactive players will automatically lose when time's up. (requested by reshiee)
|inactive|dav2573 has 30 seconds to reconnect!
|inactive|dav2573 has 20 seconds to reconnect!
|inactive|dav2573 has 15 seconds to reconnect!
|inactive|dav2573 has 10 seconds to reconnect!
|inactive|dav2573 has 5 seconds to reconnect!
|-message|dav2573 lost due to inactivity.
|
|win|reshiee
|raw|dav2573's rating: 1000 → 1000(+0 for losing)
|raw|reshiee's rating: 1052 → 1079(+27 for winning)
