|j|☆Silverfang538
|j|☆Pzy3
|html|Silverfang538Pzy3    
|uhtml|bestof|Game 1 of a best-of-3
|t:|1783280427
|gametype|doubles
|player|p1|Silverfang538|265|1002
|player|p2|Pzy3|caitlin|1005
|gen|9
|tier|[Gen 9 Champions] VGC 2026 Reg M-B (Bo3)
|rated|
|rule|Species Clause: Limit one of each Pokémon
|rule|Item Clause: Limit 1 of each item
|clearpoke
|poke|p1|Charizard, L50, F|
|poke|p1|Venusaur, L50, M|
|poke|p1|Garchomp, L50, M|
|poke|p1|Sylveon, L50, M|
|poke|p1|Torkoal, L50, F|
|poke|p1|Grimmsnarl, L50, M|
|poke|p2|Tsareena, L50, F|
|poke|p2|Milotic, L50, F|
|poke|p2|Delphox, L50, F|
|poke|p2|Whimsicott, L50, F|
|poke|p2|Garchomp, L50, M|
|poke|p2|Clefable, L50, F|
|teampreview|4
|showteam|p1|Charizard||CharizarditeY|SolarPower|HeatWave,SolarBeam,WeatherBall,Protect|Modest||F|||50|]Venusaur||Venusaurite|Chlorophyll|GigaDrain,SludgeBomb,EarthPower,Protect|Modest||M|||50|]Garchomp||LifeOrb|RoughSkin|DragonClaw,RockSlide,Earthquake,Protect|Jolly||M|||50|]Sylveon||FairyFeather|Pixilate|HyperVoice,HyperBeam,QuickAttack,Detect|Modest||M|||50|]Torkoal||Charcoal|Drought|Eruption,HeatWave,WeatherBall,Protect|Quiet||F|||50|]Grimmsnarl||LightClay|Prankster|SpiritBreak,LightScreen,PartingShot,Reflect|Careful||M|||50|
|showteam|p2|Tsareena||OccaBerry|QueenlyMajesty|TropKick,TripleAxel,Protect,LowKick|Adamant||F|||50|]Milotic||Leftovers|Competitive|Coil,Hypnosis,MuddyWater,MirrorCoat|Calm||F|||50|]Delphox||Delphoxite|Blaze|CalmMind,HeatWave,Psychic,Protect|Timid||F|||50|]Whimsicott||FocusSash|Prankster|Encore,SunnyDay,Tailwind,Moonblast|Timid||F|||50|]Garchomp||YacheBerry|RoughSkin|DragonClaw,Earthquake,RockSlide,Protect|Jolly||M|||50|]Clefable||SitrusBerry|MagicGuard|Moonblast,LifeDew,FollowMe,IcyWind|Bold||F|||50|
|inactive|Battle timer is ON: inactive players will automatically lose when time's up. (requested by Silverfang538)
|inactive|Pzy3 has 60 seconds left.
|
|t:|1783280486
|teamsize|p1|4
|teamsize|p2|4
|start
|switch|p1a: Grimmsnarl|Grimmsnarl, L50, M|100/100
|switch|p1b: Torkoal|Torkoal, L50, F|100/100
|switch|p2a: Delphox|Delphox, L50, F|100/100
|switch|p2b: Whimsicott|Whimsicott, L50, F|100/100
|-weather|SunnyDay|[from] ability: Drought|[of] p1b: Torkoal
|turn|1
|inactive|Pzy3 has 30 seconds left.
|
|t:|1783280517
|detailschange|p2a: Delphox|Delphox-Mega, L50, F
|-mega|p2a: Delphox|Delphox|Delphoxite
|move|p2b: Whimsicott|Tailwind|p2b: Whimsicott
|-sidestart|p2: Pzy3|move: Tailwind
|move|p1a: Grimmsnarl|Light Screen|p1a: Grimmsnarl
|-sidestart|p1: Silverfang538|move: Light Screen
|move|p2a: Delphox|Calm Mind|p2a: Delphox
|-boost|p2a: Delphox|spa|1
|-boost|p2a: Delphox|spd|1
|move|p1b: Torkoal|Eruption|p2a: Delphox|[spread] p2a,p2b
|-resisted|p2a: Delphox|1
|-supereffective|p2b: Whimsicott|1
|-damage|p2a: Delphox|72/100
|-enditem|p2b: Whimsicott|Focus Sash
|-damage|p2b: Whimsicott|1/100
|
|-weather|SunnyDay|[upkeep]
|upkeep
|turn|2
|inactive|Pzy3 has 30 seconds left.
|
|t:|1783280549
|switch|p2b: Clefable|Clefable, L50, F|100/100
|move|p1a: Grimmsnarl|Parting Shot|p2a: Delphox
|-unboost|p2a: Delphox|atk|1
|-unboost|p2a: Delphox|spa|1
|
|t:|1783280560
|switch|p1a: Charizard|Charizard, L50, F|100/100|[from] Parting Shot
|move|p2a: Delphox|Heat Wave|p1a: Charizard|[spread] p1b
|-miss|p2a: Delphox|p1a: Charizard
|-resisted|p1b: Torkoal|1
|-damage|p1b: Torkoal|72/100
|move|p1b: Torkoal|Heat Wave|p2a: Delphox|[spread] p2a,p2b
|-resisted|p2a: Delphox|1
|-damage|p2a: Delphox|54/100
|-damage|p2b: Clefable|47/100
|-enditem|p2b: Clefable|Sitrus Berry|[eat]
|-heal|p2b: Clefable|72/100|[from] item: Sitrus Berry
|
|-weather|SunnyDay|[upkeep]
|-damage|p1a: Charizard|87/100|[from] ability: Solar Power|[of] p1a: Charizard
|upkeep
|turn|3
|inactive|Pzy3 has 30 seconds left.
|
|t:|1783280588
|detailschange|p1a: Charizard|Charizard-Mega-Y, L50, F
|-mega|p1a: Charizard|Charizard|Charizardite Y
|move|p2a: Delphox|Protect|p2a: Delphox
|-singleturn|p2a: Delphox|Protect
|move|p2b: Clefable|Life Dew|p2b: Clefable|[spread] p2a,p2b
|-heal|p2a: Delphox|79/100
|-heal|p2b: Clefable|97/100
|move|p1a: Charizard|Weather Ball|p2b: Clefable
|-damage|p2b: Clefable|3/100
|move|p1b: Torkoal|Weather Ball|p2a: Delphox
|-activate|p2a: Delphox|move: Protect
|
|-weather|SunnyDay|[upkeep]
|upkeep
|turn|4
|inactive|Pzy3 has 30 seconds left.
|
|t:|1783280621
|move|p2a: Delphox|Calm Mind|p2a: Delphox
|-boost|p2a: Delphox|spa|1
|-boost|p2a: Delphox|spd|1
|move|p2b: Clefable|Icy Wind|p1a: Charizard|[spread] p1b
|-miss|p2b: Clefable|p1a: Charizard
|-resisted|p1b: Torkoal|1
|-damage|p1b: Torkoal|68/100
|-unboost|p1b: Torkoal|spe|1
|move|p1a: Charizard|Weather Ball|p2a: Delphox
|-resisted|p2a: Delphox|1
|-damage|p2a: Delphox|56/100
|move|p1b: Torkoal|Heat Wave|p2a: Delphox|[spread] p2a,p2b
|-resisted|p2a: Delphox|1
|-damage|p2a: Delphox|44/100
|-damage|p2b: Clefable|0 fnt
|faint|p2b: Clefable
|
|-weather|SunnyDay|[upkeep]
|-sideend|p2: Pzy3|move: Tailwind
|upkeep
|
|t:|1783280638
|switch|p2b: Tsareena|Tsareena, L50, F|100/100
|turn|5
|
|t:|1783280648
|switch|p1b: Grimmsnarl|Grimmsnarl, L50, M|100/100
|move|p2a: Delphox|Protect|p2a: Delphox
|-singleturn|p2a: Delphox|Protect
|move|p2b: Tsareena|Protect|p2b: Tsareena
|-singleturn|p2b: Tsareena|Protect
|move|p1a: Charizard|Heat Wave|p2a: Delphox|[spread] 
|-activate|p2a: Delphox|move: Protect
|-activate|p2b: Tsareena|move: Protect
|
|-weather|none
|upkeep
|turn|6
|inactive|Pzy3 has 30 seconds left.
|
|t:|1783280680
|switch|p1a: Torkoal|Torkoal, L50, F|68/100
|-weather|SunnyDay|[from] ability: Drought|[of] p1a: Torkoal
|move|p1b: Grimmsnarl|Reflect|p1b: Grimmsnarl
|-sidestart|p1: Silverfang538|Reflect
|move|p2a: Delphox|Psychic|p1a: Torkoal
|-damage|p1a: Torkoal|0 fnt
|faint|p1a: Torkoal
|move|p2b: Tsareena|Triple Axel|p1b: Grimmsnarl
|-damage|p1b: Grimmsnarl|95/100
|-damage|p1b: Grimmsnarl|85/100
|-damage|p1b: Grimmsnarl|72/100
|-hitcount|p1b: Grimmsnarl|3
|
|-weather|SunnyDay|[upkeep]
|upkeep
|
|t:|1783280691
|switch|p1a: Charizard|Charizard-Mega-Y, L50, F|87/100
|turn|7
|inactive|Pzy3 has 30 seconds left.
|
|t:|1783280720
|move|p2a: Delphox|Protect|p2a: Delphox
|-singleturn|p2a: Delphox|Protect
|move|p1a: Charizard|Protect|p1a: Charizard
|-singleturn|p1a: Charizard|Protect
|move|p2b: Tsareena|Triple Axel|p1a: Charizard
|-activate|p1a: Charizard|move: Protect
|move|p1b: Grimmsnarl|Spirit Break|p2a: Delphox
|-activate|p2a: Delphox|move: Protect
|
|-weather|SunnyDay|[upkeep]
|upkeep
|turn|8
|inactive|Pzy3 has 30 seconds left.
|
|t:|1783280749
|move|p2b: Tsareena|Protect|p2b: Tsareena
|-singleturn|p2b: Tsareena|Protect
|move|p1b: Grimmsnarl|Parting Shot||[still]
|cant|p2b: Tsareena|ability: Queenly Majesty|Parting Shot|[of] p1b: Grimmsnarl
|move|p2a: Delphox|Psychic|p1a: Charizard
|-damage|p1a: Charizard|30/100
|-unboost|p1a: Charizard|spd|1
|move|p1a: Charizard|Heat Wave|p2b: Tsareena|[spread] p2a
|-activate|p2b: Tsareena|move: Protect
|-resisted|p2a: Delphox|1
|-damage|p2a: Delphox|27/100
|
|-weather|SunnyDay|[upkeep]
|-sideend|p1: Silverfang538|move: Light Screen
|upkeep
|turn|9
|
|t:|1783280772
|move|p2a: Delphox|Protect|p2a: Delphox
|-singleturn|p2a: Delphox|Protect
|move|p1a: Charizard|Protect|p1a: Charizard
|-singleturn|p1a: Charizard|Protect
|move|p2b: Tsareena|Triple Axel|p1a: Charizard
|-activate|p1a: Charizard|move: Protect
|move|p1b: Grimmsnarl|Spirit Break|p2b: Tsareena
|-damage|p2b: Tsareena|71/100
|-unboost|p2b: Tsareena|spa|1
|
|-weather|SunnyDay|[upkeep]
|upkeep
|turn|10
|inactive|Pzy3 has 30 seconds left.
|
|t:|1783280806
|move|p2a: Delphox|Psychic|p1a: Charizard
|-damage|p1a: Charizard|0 fnt
|faint|p1a: Charizard
|move|p2b: Tsareena|Triple Axel|p1b: Grimmsnarl|[miss]
|-miss|p2b: Tsareena|p1b: Grimmsnarl
|move|p1b: Grimmsnarl|Spirit Break|p2a: Delphox
|-resisted|p2a: Delphox|1
|-damage|p2a: Delphox|4/100
|-unboost|p2a: Delphox|spa|1
|
|-weather|none
|upkeep
|
|t:|1783280809
|switch|p1a: Venusaur|Venusaur, L50, M|100/100
|turn|11
|inactive|Pzy3 has 30 seconds left.
|inactive|Silverfang538 has 30 seconds left.
|
|t:|1783280849
|move|p2a: Delphox|Protect|p2a: Delphox
|-singleturn|p2a: Delphox|Protect
|move|p1b: Grimmsnarl|Light Screen|p1b: Grimmsnarl
|-sidestart|p1: Silverfang538|move: Light Screen
|move|p1a: Venusaur|Sludge Bomb|p2b: Tsareena
|-supereffective|p2b: Tsareena|1
|-damage|p2b: Tsareena|0 fnt
|faint|p2b: Tsareena
|
|upkeep
|
|t:|1783280859
|switch|p2b: Whimsicott|Whimsicott, L50, F|1/100
|turn|12
|
|t:|1783280878
|move|p1a: Venusaur|Protect|p1a: Venusaur
|-singleturn|p1a: Venusaur|Protect
|move|p2b: Whimsicott|Encore|p1b: Grimmsnarl
|-hint|Since gen 7, Dark is immune to Prankster moves.
|-immune|p1b: Grimmsnarl
|move|p2a: Delphox|Heat Wave|p1a: Venusaur|[spread] 
|-activate|p1a: Venusaur|move: Protect
|-miss|p2a: Delphox|p1b: Grimmsnarl
|move|p1b: Grimmsnarl|Spirit Break|p2a: Delphox
|-resisted|p2a: Delphox|1
|-damage|p2a: Delphox|0 fnt
|faint|p2a: Delphox
|
|upkeep
|turn|13
|
|t:|1783280898
|move|p2b: Whimsicott|Moonblast|p1a: Venusaur
|-resisted|p1a: Venusaur|1
|-damage|p1a: Venusaur|85/100
|move|p1a: Venusaur|Sludge Bomb|p2b: Whimsicott
|-supereffective|p2b: Whimsicott|2
|-damage|p2b: Whimsicott|0 fnt
|faint|p2b: Whimsicott
|
|win|Silverfang538
||Pzy3 is ready for game 2.
