|j|☆fierotto
|j|☆NotThinkingVGC
|html|fierottoNotThinkingVGC    
|uhtml|bestof|Game 3 of a best-of-3
|t:|1784061399
|gametype|doubles
|player|p1|fierotto|266|1154
|player|p2|NotThinkingVGC|volkner|1220
|gen|9
|tier|[Gen 9 Champions] VGC 2026 Reg M-B (Bo3)
|rated|
|rule|Species Clause: Limit one of each Pokémon
|rule|Item Clause: Limit 1 of each item
|clearpoke
|poke|p1|Kingambit, L50, F|
|poke|p1|Basculegion, L50, M|
|poke|p1|Sneasler, L50, F|
|poke|p1|Garchomp, L50, F|
|poke|p1|Sylveon, L50, F|
|poke|p1|Farigiraf, L50, M|
|poke|p2|Tyranitar, L50, M|
|poke|p2|Staraptor, L50, F|
|poke|p2|Excadrill, L50, M|
|poke|p2|Sinistcha, L50|
|poke|p2|Gholdengo, L50|
|poke|p2|Milotic, L50, M|
|teampreview|4
|showteam|p1|Kingambit||BlackGlasses|Defiant|KowtowCleave,SuckerPunch,IronHead,Protect|Adamant||F|||50|]Basculegion||FocusSash|Adaptability|Liquidation,LastRespects,AquaJet,Protect|Adamant||M|||50|]Sneasler||WhiteHerb|Unburden|CloseCombat,DireClaw,Protect,FakeOut|Jolly||F|||50|]Garchomp||SitrusBerry|RoughSkin|StompingTantrum,DragonClaw,RockSlide,Protect|Jolly||F|||50|]Sylveon||FairyFeather|Pixilate|HyperVoice,QuickAttack,HyperBeam,Detect|Quiet||F|||50|]Farigiraf||Leftovers|ArmorTail|TwinBeam,TrickRoom,HelpingHand,RainDance|Sassy||M|||50|
|showteam|p2|Tyranitar||Tyranitarite|SandStream|KnockOff,RockSlide,Protect,LowKick|Adamant||M|||50|]Staraptor||Staraptite|Intimidate|DualWingbeat,CloseCombat,Protect,Tailwind|Jolly||F|||50|]Excadrill||FocusSash|SandRush|HighHorsepower,IronHead,RockSlide,Protect|Adamant||M|||50|]Sinistcha||SitrusBerry|Hospitality|MatchaGotcha,RagePowder,TrickRoom,Protect|Calm|||||50|]Gholdengo||LifeOrb|GoodasGold|MakeItRain,NastyPlot,Protect,ShadowBall|Timid|||||50|]Milotic||Leftovers|Competitive|Scald,Recover,Protect,IceBeam|Modest||M|||50|
|inactive|Battle timer is ON: inactive players will automatically lose when time's up. (requested by NotThinkingVGC)
|inactive|fierotto has 60 seconds left.
|inactive|fierotto has 30 seconds left.
|
|t:|1784061466
|teamsize|p1|4
|teamsize|p2|4
|start
|switch|p1a: Sneasler|Sneasler, L50, F|100/100
|switch|p1b: Basculegion|Basculegion, L50, M|100/100
|switch|p2a: Milotic|Milotic, L50, M|100/100
|switch|p2b: Excadrill|Excadrill, L50, M|100/100
|turn|1
|inactive|NotThinkingVGC has 30 seconds left.
|
|t:|1784061493
|move|p2b: Excadrill|Protect|p2b: Excadrill
|-singleturn|p2b: Excadrill|Protect
|move|p2a: Milotic|Protect|p2a: Milotic
|-singleturn|p2a: Milotic|Protect
|move|p1b: Basculegion|Aqua Jet|p2b: Excadrill
|-activate|p2b: Excadrill|move: Protect
|move|p1a: Sneasler|Close Combat|p2b: Excadrill
|-activate|p2b: Excadrill|move: Protect
|
|upkeep
|turn|2
|
|t:|1784061514
|switch|p2b: Sinistcha|Sinistcha, L50|100/100
|move|p1a: Sneasler|Protect|p1a: Sneasler
|-singleturn|p1a: Sneasler|Protect
|move|p1b: Basculegion|Liquidation|p2b: Sinistcha
|-resisted|p2b: Sinistcha|1
|-damage|p2b: Sinistcha|74/100
|-unboost|p2b: Sinistcha|def|1
|move|p2a: Milotic|Scald|p1b: Basculegion
|-resisted|p1b: Basculegion|1
|-damage|p1b: Basculegion|80/100
|
|upkeep
|turn|3
|
|t:|1784061536
|move|p1a: Sneasler|Dire Claw|p2a: Milotic
|-damage|p2a: Milotic|64/100
|move|p1b: Basculegion|Last Respects|p2b: Sinistcha
|-supereffective|p2b: Sinistcha|1
|-damage|p2b: Sinistcha|0 fnt
|faint|p2b: Sinistcha
|move|p2a: Milotic|Scald|p1a: Sneasler
|-damage|p1a: Sneasler|56/100
|
|-heal|p2a: Milotic|70/100|[from] item: Leftovers
|upkeep
|
|t:|1784061552
|switch|p2b: Excadrill|Excadrill, L50, M|100/100
|turn|4
|
|t:|1784061568
|switch|p2a: Tyranitar|Tyranitar, L50, M|100/100
|-weather|Sandstorm|[from] ability: Sand Stream|[of] p2a: Tyranitar
|move|p1a: Sneasler|Protect|p1a: Sneasler
|-singleturn|p1a: Sneasler|Protect
|move|p2b: Excadrill|High Horsepower|p1b: Basculegion
|-damage|p1b: Basculegion|1/100
|move|p1b: Basculegion|Last Respects|p2a: Tyranitar
|-resisted|p2a: Tyranitar|1
|-damage|p2a: Tyranitar|86/100
|
|-weather|Sandstorm|[upkeep]
|-damage|p1a: Sneasler|50/100g|[from] Sandstorm
|-damage|p1b: Basculegion|0 fnt|[from] Sandstorm
|faint|p1b: Basculegion
|upkeep
|
|t:|1784061584
|switch|p1b: Kingambit|Kingambit, L50, F|100/100
|turn|5
|inactive|fierotto has 30 seconds left.
|
|t:|1784061612
|switch|p1a: Sylveon|Sylveon, L50, F|100/100
|detailschange|p2a: Tyranitar|Tyranitar-Mega, L50, M
|-mega|p2a: Tyranitar|Tyranitar|Tyranitarite
|move|p2b: Excadrill|High Horsepower|p1a: Sylveon
|-damage|p1a: Sylveon|31/100
|move|p2a: Tyranitar|Low Kick|p1b: Kingambit
|-supereffective|p1b: Kingambit|2
|-damage|p1b: Kingambit|0 fnt
|faint|p1b: Kingambit
|
|-weather|Sandstorm|[upkeep]
|-damage|p1a: Sylveon|25/100|[from] Sandstorm
|upkeep
|
|t:|1784061620
|switch|p1b: Sneasler|Sneasler, L50, F|50/100g
|turn|6
|
|t:|1784061629
|move|p2b: Excadrill|Protect|p2b: Excadrill
|-singleturn|p2b: Excadrill|Protect
|move|p2a: Tyranitar|Protect|p2a: Tyranitar
|-singleturn|p2a: Tyranitar|Protect
|move|p1b: Sneasler|Close Combat|p2b: Excadrill
|-activate|p2b: Excadrill|move: Protect
|move|p1a: Sylveon|Hyper Beam|p2a: Tyranitar
|-activate|p2a: Tyranitar|move: Protect
|
|-weather|Sandstorm|[upkeep]
|-damage|p1b: Sneasler|45/100|[from] Sandstorm
|-damage|p1a: Sylveon|19/100|[from] Sandstorm
|upkeep
|turn|7
|
|t:|1784061639
|move|p1b: Sneasler|Protect|p1b: Sneasler
|-singleturn|p1b: Sneasler|Protect
|move|p2b: Excadrill|High Horsepower|p1b: Sneasler
|-activate|p1b: Sneasler|move: Protect
|move|p2a: Tyranitar|Knock Off|p1a: Sylveon
|-resisted|p1a: Sylveon|1
|-damage|p1a: Sylveon|0 fnt
|-enditem|p1a: Sylveon|Fairy Feather|[from] move: Knock Off|[of] p2a: Tyranitar
|faint|p1a: Sylveon
|
|-weather|Sandstorm|[upkeep]
|-damage|p1b: Sneasler|39/100|[from] Sandstorm
|upkeep
|turn|8
|-message|fierotto forfeited.
|
|win|NotThinkingVGC
|raw|fierotto's rating: 1154 → 1134(-20 for losing)
|raw|NotThinkingVGC's rating: 1220 → 1240(+20 for winning)
|l|☆fierotto
|player|p1|
