|j|☆MegaHappyDragonite
|j|☆ssooner
|html|MegaHappyDragonitessooner    
|uhtml|bestof|Game 1 of a best-of-3
|t:|1785345822
|gametype|doubles
|player|p1|MegaHappyDragonite|corbeau|1154
|player|p2|ssooner|wallace|1196
|gen|9
|tier|[Gen 9 Champions] VGC 2026 Reg M-B (Bo3)
|rated|
|rule|Species Clause: Limit one of each Pokémon
|rule|Item Clause: Limit 1 of each item
|clearpoke
|poke|p1|Kingambit, L50, M|
|poke|p1|Sinistcha, L50|
|poke|p1|Rotom-Wash, L50|
|poke|p1|Ninetales-Alola, L50, M|
|poke|p1|Dragalge, L50, M|
|poke|p1|Incineroar, L50, M|
|poke|p2|Floette-Eternal, L50, F|
|poke|p2|Whimsicott, L50, F|
|poke|p2|Arcanine-Hisui, L50, M|
|poke|p2|Basculegion, L50, M|
|poke|p2|Kingambit, L50, F|
|poke|p2|Dragonite, L50, M|
|teampreview|4
|showteam|p1|Kingambit||BlackGlasses|Defiant|KowtowCleave,SuckerPunch,LowKick,Protect|Adamant||M|||50|]Sinistcha||OccaBerry|Hospitality|MatchaGotcha,RagePowder,TrickRoom,Protect|Relaxed|||||50|]Rotom-Wash||ChoiceScarf|Levitate|HydroPump,Thunderbolt,WillOWisp,VoltSwitch|Modest|||||50|]Ninetales-Alola||FocusSash|SnowWarning|Blizzard,FreezeDry,AuroraVeil,Protect|Timid||M|||50|]Dragalge||Dragalgite|Adaptability|SludgeBomb,DragonPulse,Thunderbolt,Protect|Modest||M|||50|]Incineroar||SitrusBerry|Intimidate|FakeOut,FlareBlitz,DarkestLariat,PartingShot|Impish||M|||50|
|showteam|p2|Floette-Eternal||Floettite|FlowerVeil|Moonblast,DazzlingGleam,LightofRuin,Protect|Modest||F|||50|]Whimsicott||FocusSash|Prankster|Tailwind,Moonblast,Encore,Protect|Timid||F|||50|]Arcanine-Hisui||LifeOrb|RockHead|HeadSmash,FlareBlitz,ExtremeSpeed,Protect|Adamant||M|||50|]Basculegion||ChoiceScarf|Adaptability|WaveCrash,LastRespects,AquaJet,FlipTurn|Jolly||M|||50|]Kingambit||BlackGlasses|Defiant|KowtowCleave,SuckerPunch,IronHead,Protect|Adamant||F|||50|]Dragonite||DragonFang|InnerFocus|DragonClaw,ExtremeSpeed,LowKick,Protect|Adamant||M|||50|
|inactive|Battle timer is ON: inactive players will automatically lose when time's up. (requested by ssooner)
|inactive|MegaHappyDragonite has 60 seconds left.
|inactive|ssooner has 60 seconds left.
|
|t:|1785345877
|teamsize|p1|4
|teamsize|p2|4
|start
|switch|p1a: Rotom|Rotom-Wash, L50|100/100
|switch|p1b: Dragalge|Dragalge, L50, M|100/100
|switch|p2a: chud son|Arcanine-Hisui, L50, M|100/100
|switch|p2b: Whimsicott|Whimsicott, L50, F|100/100
|turn|1
|inactive|ssooner has 30 seconds left.
|inactive|ssooner has 20 seconds left.
|inactive|ssooner has 15 seconds left.
|inactive|ssooner has 10 seconds left.
|
|t:|1785345926
|detailschange|p1b: Dragalge|Dragalge-Mega, L50, M
|-mega|p1b: Dragalge|Dragalge|Dragalgite
|move|p2b: Whimsicott|Tailwind|p2b: Whimsicott
|-sidestart|p2: ssooner|move: Tailwind
|move|p2a: chud son|Head Smash|p1a: Rotom
|-damage|p1a: Rotom|0 fnt
|faint|p1a: Rotom
|-damage|p2a: chud son|90/100|[from] item: Life Orb
|move|p1b: Dragalge|Sludge Bomb|p2b: Whimsicott
|-supereffective|p2b: Whimsicott|2
|-enditem|p2b: Whimsicott|Focus Sash
|-damage|p2b: Whimsicott|1/100
|-status|p2b: Whimsicott|psn
|
|-damage|p2b: Whimsicott|0 fnt|[from] psn
|faint|p2b: Whimsicott
|upkeep
|inactive|MegaHappyDragonite has 30 seconds left.
|
|t:|1785345957
|switch|p2b: chud daughter|Floette-Eternal, L50, F|100/100
|switch|p1a: Kingambit|Kingambit, L50, M|100/100
|turn|2
|
|t:|1785345967
|detailschange|p2b: chud daughter|Floette-Mega, L50, F
|-mega|p2b: chud daughter|Floette|Floettite
|-ability|p2b: chud daughter|Fairy Aura
|move|p1a: Kingambit|Protect|p1a: Kingambit
|-singleturn|p1a: Kingambit|Protect
|move|p2b: chud daughter|Light of Ruin|p1a: Kingambit
|-activate|p1a: Kingambit|move: Protect
|move|p2a: chud son|Head Smash|p1b: Dragalge
|-damage|p1b: Dragalge|0 fnt
|faint|p1b: Dragalge
|-damage|p2a: chud son|80/100|[from] item: Life Orb
|
|upkeep
|
|t:|1785345983
|switch|p1b: Ninetales|Ninetales-Alola, L50, M|100/100
|-weather|Snowscape|[from] ability: Snow Warning|[of] p1b: Ninetales
|turn|3
|
|t:|1785346004
|move|p2b: chud daughter|Dazzling Gleam|p1b: Ninetales|[spread] p1a,p1b
|-damage|p1a: Kingambit|49/100
|-damage|p1b: Ninetales|45/100
|move|p2a: chud son|Flare Blitz|p1a: Kingambit
|-supereffective|p1a: Kingambit|1
|-damage|p1a: Kingambit|0 fnt
|faint|p1a: Kingambit
|-damage|p2a: chud son|70/100|[from] item: Life Orb
|move|p1b: Ninetales|Blizzard|p2a: chud son|[spread] p2a,p2b
|-resisted|p2a: chud son|1
|-damage|p2a: chud son|50/100g
|-damage|p2b: chud daughter|75/100
|
|-weather|Snowscape|[upkeep]
|upkeep
|turn|4
|
|t:|1785346012
|move|p1b: Ninetales|Protect|p1b: Ninetales
|-singleturn|p1b: Ninetales|Protect
|move|p2a: chud son|Extreme Speed|p1b: Ninetales
|-activate|p1b: Ninetales|move: Protect
|move|p2b: chud daughter|Dazzling Gleam|p1b: Ninetales
|-activate|p1b: Ninetales|move: Protect
|
|-weather|Snowscape|[upkeep]
|-sideend|p2: ssooner|move: Tailwind
|upkeep
|turn|5
|
|t:|1785346021
|move|p2b: chud daughter|Protect|p2b: chud daughter
|-singleturn|p2b: chud daughter|Protect
|move|p1b: Ninetales|Aurora Veil|p1b: Ninetales
|-sidestart|p1: MegaHappyDragonite|move: Aurora Veil
|move|p2a: chud son|Flare Blitz|p1b: Ninetales
|-supereffective|p1b: Ninetales|1
|-damage|p1b: Ninetales|0 fnt
|faint|p1b: Ninetales
|-damage|p2a: chud son|40/100|[from] item: Life Orb
|
|win|ssooner
