|j|☆Stitches536353
|j|☆blazemark
|html|Stitches536353blazemark    
|uhtml|bestof|Game 1 of a best-of-3
|t:|1757679544
|gametype|doubles
|player|p1|Stitches536353|101|1042
|player|p2|blazemark|102|1036
|gen|9
|tier|[Gen 9] VGC 2025 Reg H (Bo3)
|rated|
|rule|Species Clause: Limit one of each Pokémon
|rule|Item Clause: Limit 1 of each item
|clearpoke
|poke|p1|Annihilape, L50, M|
|poke|p1|Whimsicott, L50, F|
|poke|p1|Garchomp, L50, F|
|poke|p1|Clefable, L50, F|
|poke|p1|Hydreigon, L50, F|
|poke|p1|Gholdengo, L50|
|poke|p2|Magnezone, L50|
|poke|p2|Pelipper, L50, F|
|poke|p2|Incineroar, L50, F|
|poke|p2|Meowscarada, L50, M|
|poke|p2|Basculegion, L50, M|
|poke|p2|Dragapult, L50, F|
|teampreview|4
|showteam|p1|Annihilape||SafetyGoggles|Defiant|Protect,BulkUp,DrainPunch,RageFist|||M|||50|,,,,,Water]Whimsicott||FocusSash|Prankster|SunnyDay,Encore,Tailwind,Moonblast|||F|||50|,,,,,Ghost]Garchomp||LifeOrb|RoughSkin|Protect,StompingTantrum,DragonClaw,Earthquake|||F|||50|,,,,,Steel]Clefable||SitrusBerry|Unaware|Protect,FollowMe,MistyTerrain,Moonblast|||F|||50|,,,,,Water]Hydreigon||ChoiceSpecs|Levitate|HeatWave,Snarl,DarkPulse,DracoMeteor|||F|||50|,,,,,Fire]Gholdengo||MetalCoat|GoodasGold|Protect,NastyPlot,ShadowBall,MakeItRain||||||50|,,,,,Steel
|showteam|p2|Magnezone||Leftovers|Analytic|Thunder,FlashCannon,Protect,VoltSwitch||||||50|,,,,,Electric]Pelipper||CovertCloak|Drizzle|Hurricane,WeatherBall,WideGuard,Tailwind|||F|||50|,,,,,Ground]Incineroar||SafetyGoggles|Intimidate|FakeOut,PartingShot,KnockOff,WillOWisp|||F|||50|,,,,,Ground]Meowscarada||LifeOrb|Protean|TrickRoom,FlowerTrick,SuckerPunch,Protect|||M|||50|,,,,,Steel]Basculegion||FocusSash|SwiftSwim|WaveCrash,AquaJet,Protect,LastRespects|||M|||50|,,,,,Water]Dragapult||ChoiceBand|Infiltrator|DragonDarts,BreakingSwipe,Uturn,TeraBlast|||F|||50|,,,,,Ghost
|inactive|Battle timer is ON: inactive players will automatically lose when time's up. (requested by blazemark)
|inactive|Stitches536353 has 60 seconds left.
|inactive|Stitches536353 has 30 seconds left.
|inactive|Stitches536353 has 20 seconds left.
|inactive|Stitches536353 has 15 seconds left.
|inactive|Stitches536353 has 10 seconds left.
|
|t:|1757679626
|teamsize|p1|4
|teamsize|p2|4
|start
|switch|p1a: Annihilape|Annihilape, L50, M|100/100
|switch|p1b: Whimsicott|Whimsicott, L50, F|100/100
|switch|p2a: Meowscarada|Meowscarada, L50, M|100/100
|switch|p2b: Basculegion|Basculegion, L50, M|100/100
|turn|1
|inactive|Stitches536353 has 30 seconds left.
|inactive|Stitches536353 has 20 seconds left.
|inactive|Stitches536353 has 15 seconds left.
|inactive|Stitches536353 has 10 seconds left.
|
|t:|1757679678
|switch|p2a: Pelipper|Pelipper, L50, F|100/100
|-weather|RainDance|[from] ability: Drizzle|[of] p2a: Pelipper
|move|p2b: Basculegion|Wave Crash|p1a: Annihilape
|-damage|p1a: Annihilape|23/100
|-damage|p2b: Basculegion|72/100|[from] Recoil
|move|p1b: Whimsicott|Moonblast|p2b: Basculegion
|-damage|p2b: Basculegion|33/100
|move|p1a: Annihilape|Drain Punch|p2a: Pelipper
|-resisted|p2a: Pelipper
|-damage|p2a: Pelipper|80/100
|-heal|p1a: Annihilape|30/100|[from] drain|[of] p2a: Pelipper
|
|-weather|RainDance|[upkeep]
|upkeep
|turn|2
|inactive|Stitches536353 has 30 seconds left.
|inactive|blazemark has 30 seconds left.
|
|t:|1757679719
|switch|p2b: Meowscarada|Meowscarada, L50, M|100/100
|move|p1b: Whimsicott|Sunny Day|p1b: Whimsicott
|-weather|SunnyDay
|move|p1a: Annihilape|Rage Fist|p2b: Meowscarada
|-resisted|p2b: Meowscarada
|-damage|p2b: Meowscarada|69/100
|move|p2a: Pelipper|Weather Ball|p1b: Whimsicott
|-supereffective|p1b: Whimsicott
|-enditem|p1b: Whimsicott|Focus Sash
|-damage|p1b: Whimsicott|1/100
|
|-weather|SunnyDay|[upkeep]
|upkeep
|turn|3
|
|t:|1757679735
|move|p2b: Meowscarada|Protect|p2b: Meowscarada
|-start|p2b: Meowscarada|typechange|Normal|[from] ability: Protean
|-singleturn|p2b: Meowscarada|Protect
|move|p1b: Whimsicott|Tailwind|p1b: Whimsicott
|-sidestart|p1: Stitches536353|move: Tailwind
|move|p1a: Annihilape|Drain Punch|p2b: Meowscarada
|-activate|p2b: Meowscarada|move: Protect
|move|p2a: Pelipper|Tailwind|p2a: Pelipper
|-sidestart|p2: blazemark|move: Tailwind
|
|-weather|SunnyDay|[upkeep]
|upkeep
|turn|4
|
|t:|1757679755
|switch|p2a: Basculegion|Basculegion, L50, M|33/100
|move|p1b: Whimsicott|Encore|p2b: Meowscarada
|-start|p2b: Meowscarada|Encore
|move|p2b: Meowscarada|Protect||[still]
|-fail|p2b: Meowscarada
|move|p1a: Annihilape|Drain Punch|p2b: Meowscarada
|-supereffective|p2b: Meowscarada
|-damage|p2b: Meowscarada|0 fnt
|-heal|p1a: Annihilape|53/100|[from] drain|[of] p2b: Meowscarada
|faint|p2b: Meowscarada
|
|-weather|SunnyDay|[upkeep]
|upkeep
|
|t:|1757679761
|switch|p2b: Dragapult|Dragapult, L50, F|100/100
|turn|5
|
|t:|1757679782
|move|p1b: Whimsicott|Sunny Day||[still]
|-fail|p1b: Whimsicott
|move|p2a: Basculegion|Aqua Jet|p1b: Whimsicott
|-resisted|p1b: Whimsicott
|-damage|p1b: Whimsicott|0 fnt
|faint|p1b: Whimsicott
|move|p2b: Dragapult|Dragon Darts|p1a: Annihilape
|-damage|p1a: Annihilape|17/100
|-anim|p2b: Dragapult|Dragon Darts|p1a: Annihilape
|-damage|p1a: Annihilape|0 fnt
|faint|p1a: Annihilape
|
|-weather|SunnyDay|[upkeep]
|upkeep
|
|t:|1757679795
|switch|p1b: Hydreigon|Hydreigon, L50, F|100/100
|switch|p1a: Garchomp|Garchomp, L50, F|100/100
|turn|6
|
|t:|1757679813
|switch|p2a: Pelipper|Pelipper, L50, F|80/100
|-weather|RainDance|[from] ability: Drizzle|[of] p2a: Pelipper
|-terastallize|p2b: Dragapult|Ghost
|-terastallize|p1b: Hydreigon|Fire
|move|p1a: Garchomp|Protect|p1a: Garchomp
|-singleturn|p1a: Garchomp|Protect
|move|p2b: Dragapult|Dragon Darts|p1b: Hydreigon
|-damage|p1b: Hydreigon|57/100
|-anim|p2b: Dragapult|Dragon Darts|p1b: Hydreigon
|-damage|p1b: Hydreigon|12/100
|move|p1b: Hydreigon|Dark Pulse|p2b: Dragapult
|-supereffective|p2b: Dragapult
|-damage|p2b: Dragapult|0 fnt
|faint|p2b: Dragapult
|
|-weather|RainDance|[upkeep]
|-sideend|p2: blazemark|move: Tailwind
|-sideend|p1: Stitches536353|move: Tailwind
|upkeep
|
|t:|1757679822
|switch|p2b: Basculegion|Basculegion, L50, M|33/100
|turn|7
|
|t:|1757679839
|move|p2b: Basculegion|Wave Crash|p1a: Garchomp
|-damage|p1a: Garchomp|11/100
|-damage|p2b: Basculegion|20/100|[from] ability: Rough Skin|[of] p1a: Garchomp
|-damage|p2b: Basculegion|0 fnt|[from] Recoil
|faint|p2b: Basculegion
|move|p1a: Garchomp|Dragon Claw|p2a: Pelipper
|-damage|p2a: Pelipper|3/100
|-damage|p1a: Garchomp|2/100|[from] item: Life Orb
|move|p1b: Hydreigon|Dark Pulse|p2a: Pelipper
|-damage|p2a: Pelipper|0 fnt
|faint|p2a: Pelipper
|
|win|Stitches536353
|inactive|Stitches536353 has 30 seconds to confirm battle start!
|inactive|blazemark has 30 seconds to confirm battle start!
|l|☆blazemark
|player|p2|
||Stitches536353 is ready for game 2.
||Stitches536353 is ready for game 2.
|inactive|blazemark has 20 seconds to confirm battle start!
|inactive|blazemark has 10 seconds to confirm battle start!
|uhtml|next|Next: Game 2 of 3
|l|☆Stitches536353
|player|p1|
