|j|☆new mental
|j|☆AsukaHikaru
|html|new mentalAsukaHikaru    
|uhtml|bestof|Game 2 of a best-of-3
|t:|1785682918
|gametype|doubles
|player|p1|new mental|volkner|1393
|player|p2|AsukaHikaru|volkner|1400
|gen|9
|tier|[Gen 9 Champions] VGC 2026 Reg M-B (Bo3)
|rated|
|rule|Species Clause: Limit one of each Pokémon
|rule|Item Clause: Limit 1 of each item
|clearpoke
|poke|p1|Charizard, L50, M|
|poke|p1|Garchomp, L50, F|
|poke|p1|Incineroar, L50, M|
|poke|p1|Venusaur, L50, F|
|poke|p1|Toxapex, L50, M|
|poke|p1|Sylveon, L50, F|
|poke|p2|Froslass, L50, F|
|poke|p2|Sneasler, L50, M|
|poke|p2|Kingambit, L50, F|
|poke|p2|Basculegion, L50, M|
|poke|p2|Scovillain, L50, F|
|poke|p2|Lycanroc-Dusk, L50, F|
|teampreview|4
|showteam|p1|Charizard||CharizarditeY|Blaze|WeatherBall,HeatWave,AncientPower,Protect|Modest||M|||50|]Garchomp||ChoiceScarf|RoughSkin|RockSlide,DragonClaw,Earthquake,StompingTantrum|Adamant||F|||50|]Incineroar||SitrusBerry|Intimidate|FlareBlitz,FakeOut,DarkestLariat,PartingShot|Impish||M|||50|]Venusaur||LifeOrb|Chlorophyll|SludgeBomb,LeafStorm,EarthPower,Protect|Modest||F|||50|]Toxapex||Leftovers|Regenerator|Infestation,Toxic,WideGuard,BanefulBunker|Bold||M|||50|]Sylveon||FairyFeather|Pixilate|HyperVoice,QuickAttack,Yawn,Detect|Modest||F|||50|
|showteam|p2|Froslass||Froslassite|CursedBody|Protect,Blizzard,AuroraVeil,ShadowBall|Modest||F|||50|]Sneasler||WhiteHerb|Unburden|Protect,CloseCombat,FakeOut,GunkShot|Adamant||M|||50|]Kingambit||LifeOrb|Defiant|Protect,KowtowCleave,SwordsDance,SuckerPunch|Adamant||F|||50|]Basculegion||SitrusBerry|Adaptability|Protect,WaveCrash,LastRespects,AquaJet|Adamant||M|||50|]Scovillain||Scovillainite|Moody|Protect,GigaDrain,Overheat,RagePowder|Bold||F|||50|]Lycanroc-Dusk||FocusSash|ToughClaws|Protect,Accelerock,RockSlide,CloseCombat|Adamant||F|||50|
|inactive|Battle timer is ON: inactive players will automatically lose when time's up. (requested by new mental)
|
|t:|1785682956
|teamsize|p1|4
|teamsize|p2|4
|start
|switch|p1a: Charizard|Charizard, L50, M|100/100
|switch|p1b: Incineroar|Incineroar, L50, M|100/100
|switch|p2a: Sneasler|Sneasler, L50, M|100/100
|switch|p2b: Lycanroc|Lycanroc-Dusk, L50, F|100/100
|-ability|p1b: Incineroar|Intimidate|boost
|-unboost|p2a: Sneasler|atk|1
|-unboost|p2b: Lycanroc|atk|1
|-enditem|p2a: Sneasler|White Herb
|-clearnegativeboost|p2a: Sneasler|[silent]
|turn|1
|
|t:|1785682966
|detailschange|p1a: Charizard|Charizard-Mega-Y, L50, M
|-mega|p1a: Charizard|Charizard|Charizardite Y
|-weather|SunnyDay|[from] ability: Drought|[of] p1a: Charizard
|move|p1a: Charizard|Protect|p1a: Charizard
|-singleturn|p1a: Charizard|Protect
|move|p2a: Sneasler|Fake Out|p1b: Incineroar
|-damage|p1b: Incineroar|91/100
|cant|p1b: Incineroar|flinch
|move|p2b: Lycanroc|Rock Slide|p1a: Charizard|[spread] p1b
|-activate|p1a: Charizard|move: Protect
|-supereffective|p1b: Incineroar|1
|-damage|p1b: Incineroar|61/100
|
|-weather|SunnyDay|[upkeep]
|upkeep
|turn|2
|
|t:|1785682984
|switch|p1a: Toxapex|Toxapex, L50, M|100/100
|switch|p1b: Venusaur|Venusaur, L50, F|100/100
|move|p2a: Sneasler|Close Combat|p1a: Toxapex
|-resisted|p1a: Toxapex|1
|-damage|p1a: Toxapex|82/100
|-unboost|p2a: Sneasler|def|1
|-unboost|p2a: Sneasler|spd|1
|move|p2b: Lycanroc|Rock Slide|p1b: Venusaur|[spread] p1a,p1b
|-damage|p1a: Toxapex|67/100
|-damage|p1b: Venusaur|74/100
|
|-weather|SunnyDay|[upkeep]
|-heal|p1a: Toxapex|73/100|[from] item: Leftovers
|upkeep
|turn|3
|
|t:|1785683003
|switch|p2b: Basculegion|Basculegion, L50, M|100/100
|-heal|p1a: Toxapex|100/100|[from] ability: Regenerator|[silent]
|switch|p1a: Incineroar|Incineroar, L50, M|61/100
|-ability|p1a: Incineroar|Intimidate|boost
|-unboost|p2a: Sneasler|atk|1
|-unboost|p2b: Basculegion|atk|1
|move|p2a: Sneasler|Gunk Shot|p1b: Venusaur
|-damage|p1b: Venusaur|22/100
|move|p1b: Venusaur|Earth Power|p2a: Sneasler
|-supereffective|p2a: Sneasler|1
|-damage|p2a: Sneasler|0 fnt
|faint|p2a: Sneasler
|-damage|p1b: Venusaur|12/100|[from] item: Life Orb
|
|-weather|SunnyDay|[upkeep]
|upkeep
|
|t:|1785683020
|switch|p2a: Froslass|Froslass, L50, F|100/100
|turn|4
|
|t:|1785683037
|detailschange|p2a: Froslass|Froslass-Mega, L50, F
|-mega|p2a: Froslass|Froslass|Froslassite
|-weather|Snowscape|[from] ability: Snow Warning|[of] p2a: Froslass
|move|p1b: Venusaur|Protect|p1b: Venusaur
|-singleturn|p1b: Venusaur|Protect
|move|p2a: Froslass|Blizzard|p1b: Venusaur|[spread] p1a
|-activate|p1b: Venusaur|move: Protect
|-resisted|p1a: Incineroar|1
|-damage|p1a: Incineroar|41/100
|-enditem|p1a: Incineroar|Sitrus Berry|[eat]
|-heal|p1a: Incineroar|65/100|[from] item: Sitrus Berry
|move|p2b: Basculegion|Wave Crash|p1a: Incineroar
|-supereffective|p1a: Incineroar|1
|-damage|p1a: Incineroar|0 fnt
|faint|p1a: Incineroar
|-damage|p2b: Basculegion|79/100|[from] Recoil
|
|-weather|Snowscape|[upkeep]
|upkeep
|
|t:|1785683039
|switch|p1a: Charizard|Charizard-Mega-Y, L50, M|100/100
|-weather|SunnyDay|[from] ability: Drought|[of] p1a: Charizard
|turn|5
|inactive|AsukaHikaru has 30 seconds left.
|
|t:|1785683065
|move|p2a: Froslass|Protect|p2a: Froslass
|-singleturn|p2a: Froslass|Protect
|move|p2b: Basculegion|Aqua Jet|p1b: Venusaur
|-resisted|p1b: Venusaur|1
|-damage|p1b: Venusaur|6/100
|move|p1b: Venusaur|Earth Power|p2b: Basculegion
|-damage|p2b: Basculegion|40/100
|-unboost|p2b: Basculegion|spd|1
|-enditem|p2b: Basculegion|Sitrus Berry|[eat]
|-heal|p2b: Basculegion|65/100|[from] item: Sitrus Berry
|-damage|p1b: Venusaur|0 fnt|[from] item: Life Orb
|faint|p1b: Venusaur
|move|p1a: Charizard|Heat Wave|p2a: Froslass|[spread] p2b
|-activate|p2a: Froslass|move: Protect
|-resisted|p2b: Basculegion|1
|-damage|p2b: Basculegion|21/100
|
|-weather|SunnyDay|[upkeep]
|upkeep
|
|t:|1785683075
|switch|p1b: Toxapex|Toxapex, L50, M|100/100
|turn|6
|inactive|AsukaHikaru has 30 seconds left.
|
|t:|1785683100
|switch|p2a: Lycanroc|Lycanroc-Dusk, L50, F|100/100
|move|p2b: Basculegion|Protect|p2b: Basculegion
|-singleturn|p2b: Basculegion|Protect
|move|p1a: Charizard|Heat Wave|p2b: Basculegion|[spread] p2a
|-activate|p2b: Basculegion|move: Protect
|-resisted|p2a: Lycanroc|1
|-damage|p2a: Lycanroc|48/100
|-status|p2a: Lycanroc|brn
|move|p1b: Toxapex|Toxic||[still]
|-fail|p1b: Toxapex
|
|-weather|SunnyDay|[upkeep]
|-damage|p2a: Lycanroc|42/100 brn|[from] brn
|upkeep
|turn|7
|
|t:|1785683118
|move|p1a: Charizard|Protect|p1a: Charizard
|-singleturn|p1a: Charizard|Protect
|move|p2a: Lycanroc|Rock Slide|p1b: Toxapex|[spread] p1b
|-activate|p1a: Charizard|move: Protect
|-damage|p1b: Toxapex|90/100
|move|p2b: Basculegion|Last Respects|p1a: Charizard
|-activate|p1a: Charizard|move: Protect
|move|p1b: Toxapex|Toxic|p2b: Basculegion
|-status|p2b: Basculegion|tox
|
|-weather|SunnyDay|[upkeep]
|-heal|p1b: Toxapex|96/100|[from] item: Leftovers
|-damage|p2b: Basculegion|15/100 tox|[from] psn
|-damage|p2a: Lycanroc|36/100 brn|[from] brn
|upkeep
|turn|8
|
|t:|1785683136
|move|p1b: Toxapex|Wide Guard|p1b: Toxapex
|-singleturn|p1b: Toxapex|Wide Guard
|move|p2a: Lycanroc|Accelerock|p1a: Charizard
|-supereffective|p1a: Charizard|2
|-damage|p1a: Charizard|39/100
|move|p1a: Charizard|Heat Wave|p2b: Basculegion|[spread] p2a,p2b
|-resisted|p2a: Lycanroc|1
|-resisted|p2b: Basculegion|1
|-damage|p2a: Lycanroc|0 fnt
|-damage|p2b: Basculegion|0 fnt
|faint|p2a: Lycanroc
|faint|p2b: Basculegion
|
|-weather|SunnyDay|[upkeep]
|-heal|p1b: Toxapex|100/100|[from] item: Leftovers
|upkeep
|
|t:|1785683144
|switch|p2b: Froslass|Froslass-Mega, L50, F|100/100
|-weather|Snowscape|[from] ability: Snow Warning|[of] p2b: Froslass
|turn|9
|
|t:|1785683154
|move|p2b: Froslass|Blizzard|p1a: Charizard|[spread] p1a,p1b
|-resisted|p1b: Toxapex|1
|-damage|p1a: Charizard|0 fnt
|-damage|p1b: Toxapex|83/100
|faint|p1a: Charizard
|move|p1b: Toxapex|Toxic|p2b: Froslass
|-status|p2b: Froslass|tox
|
|-weather|Snowscape|[upkeep]
|-heal|p1b: Toxapex|89/100|[from] item: Leftovers
|-damage|p2b: Froslass|94/100 tox|[from] psn
|upkeep
|turn|10
|
|t:|1785683161
|move|p1b: Toxapex|Baneful Bunker|p1b: Toxapex
|-singleturn|p1b: Toxapex|move: Protect
|move|p2b: Froslass|Shadow Ball|p1b: Toxapex
|-activate|p1b: Toxapex|move: Protect
|
|-weather|Snowscape|[upkeep]
|-heal|p1b: Toxapex|94/100|[from] item: Leftovers
|-damage|p2b: Froslass|82/100 tox|[from] psn
|upkeep
|turn|11
|
|t:|1785683165
|move|p2b: Froslass|Shadow Ball|p1b: Toxapex
|-damage|p1b: Toxapex|65/100
|move|p1b: Toxapex|Infestation|p2b: Froslass
|-resisted|p2b: Froslass|1
|-damage|p2b: Froslass|80/100 tox
|-activate|p2b: Froslass|move: Infestation|[of] p1b: Toxapex
|
|-weather|Snowscape|[upkeep]
|-heal|p1b: Toxapex|71/100|[from] item: Leftovers
|-damage|p2b: Froslass|62/100 tox|[from] psn
|-damage|p2b: Froslass|50/100g tox|[from] move: Infestation|[partiallytrapped]
|upkeep
|turn|12
|
|t:|1785683175
|move|p1b: Toxapex|Baneful Bunker|p1b: Toxapex
|-singleturn|p1b: Toxapex|move: Protect
|move|p2b: Froslass|Shadow Ball|p1b: Toxapex
|-activate|p1b: Toxapex|move: Protect
|
|-weather|Snowscape|[upkeep]
|-heal|p1b: Toxapex|77/100|[from] item: Leftovers
|-damage|p2b: Froslass|26/100 tox|[from] psn
|-damage|p2b: Froslass|14/100 tox|[from] move: Infestation|[partiallytrapped]
|upkeep
|turn|13
|
|t:|1785683179
|move|p2b: Froslass|Shadow Ball|p1b: Toxapex
|-damage|p1b: Toxapex|43/100
|move|p1b: Toxapex|Infestation|p2b: Froslass
|-resisted|p2b: Froslass|1
|-damage|p2b: Froslass|12/100 tox
|
|-weather|none
|-heal|p1b: Toxapex|49/100|[from] item: Leftovers
|-damage|p2b: Froslass|0 fnt|[from] psn
|faint|p2b: Froslass
|
|win|new mental
