|j|ŌśåWinters4
|j|Ōśåregitron 21
|html|Winters4regitron 21    
|uhtml|bestof|Game 2 of a best-of-3
|t:|1756429950
|gametype|doubles
|player|p1|Winters4|swimmerf|1134
|player|p2|regitron 21|shauntal|1041
|gen|9
|tier|[Gen 9] VGC 2025 Reg H (Bo3)
|rated|
|rule|Species Clause: Limit one of each Pok├®mon
|rule|Item Clause: Limit 1 of each item
|clearpoke
|poke|p1|Amoonguss, L50, F|
|poke|p1|Archaludon, L50, F|
|poke|p1|Basculegion, L50, M|
|poke|p1|Incineroar, L50, M|
|poke|p1|Gholdengo, L50|
|poke|p1|Pelipper, L50, F|
|poke|p2|Slaking, L50, M|
|poke|p2|Meowstic, L50, M|
|poke|p2|Volcarona, L50, M|
|poke|p2|Delphox, L50, F|
|poke|p2|Indeedee-F, L50, F|
|poke|p2|Garchomp, L50, M|
|teampreview|4
|showteam|p1|Amoonguss||SitrusBerry|Regenerator|Spore,PollenPuff,Protect,RagePowder|||F|||50|,,,,,Psychic]Archaludon||AssaultVest|Stamina|ElectroShot,DragonPulse,FlashCannon,BodyPress|||F|||50|,,,,,Grass]Basculegion||ChoiceBand|SwiftSwim|WaveCrash,AquaJet,LastRespects,FlipTurn|||M|||50|,,,,,Water]Incineroar||SafetyGoggles|Intimidate|FakeOut,KnockOff,Taunt,PartingShot|||M|||50|,,,,,Ghost]Gholdengo||LifeOrb|GoodasGold|MakeItRain,ShadowBall,NastyPlot,Protect||||||50|,,,,,Water]Pelipper||FocusSash|Drizzle|Hurricane,WeatherBall,Tailwind,Protect|||F|||50|,,,,,Ground
|showteam|p2|Slaking||ClearAmulet|Truant|Protect,HighHorsepower,DoubleEdge,BulkUp|||M|||50|,,,,,Fire]Meowstic||CovertCloak|Prankster|SkillSwap,Psychic,ThunderWave,SunnyDay|||M|||50|,,,,,Dark]Volcarona||Leftovers|FlameBody|Tailwind,QuiverDance,BugBuzz,HeatWave|||M|||50|,,,,,Grass]Delphox||FocusSash|Blaze|HeatWave,ExpandingForce,ShadowBall,Protect|||F|||50|,,,,,Dark]Indeedee-F||PsychicSeed|PsychicSurge|FollowMe,Imprison,TrickRoom,Psychic|||F|||50|,,,,,Fairy]Garchomp||LifeOrb|RoughSkin|StompingTantrum,Earthquake,DragonClaw,Protect|||M|||50|,,,,,Ground
|inactive|Battle timer is ON: inactive players will automatically lose when time's up. (requested by Winters4)
|
|t:|1756429968
|teamsize|p1|4
|teamsize|p2|4
|start
|switch|p1a: Incineroar|Incineroar, L50, M|100/100
|switch|p1b: Amoonguss|Amoonguss, L50, F|100/100
|switch|p2a: Garchomp|Garchomp, L50, M|100/100
|switch|p2b: Volcarona|Volcarona, L50, M|100/100
|-ability|p1a: Incineroar|Intimidate|boost
|-unboost|p2a: Garchomp|atk|1
|-unboost|p2b: Volcarona|atk|1
|turn|1
|
|t:|1756429989
|move|p1a: Incineroar|Fake Out|p2b: Volcarona
|-damage|p2b: Volcarona|89/100
|move|p2a: Garchomp|Stomping Tantrum|p1a: Incineroar
|-supereffective|p1a: Incineroar
|-damage|p1a: Incineroar|35/100
|-damage|p2a: Garchomp|91/100|[from] item: Life Orb
|cant|p2b: Volcarona|flinch
|move|p1b: Amoonguss|Spore|p2a: Garchomp
|-status|p2a: Garchomp|slp|[from] move: Spore
|
|-heal|p2b: Volcarona|95/100|[from] item: Leftovers
|upkeep
|turn|2
|inactive|regitron 21 has 30 seconds left.
|
|t:|1756430017
|switch|p1b: Pelipper|Pelipper, L50, F|100/100
|-weather|RainDance|[from] ability: Drizzle|[of] p1b: Pelipper
|-terastallize|p2b: Volcarona|Grass
|cant|p2a: Garchomp|slp
|move|p2b: Volcarona|Quiver Dance|p2b: Volcarona
|-boost|p2b: Volcarona|spa|1
|-boost|p2b: Volcarona|spd|1
|-boost|p2b: Volcarona|spe|1
|move|p1a: Incineroar|Parting Shot|p2b: Volcarona
|-unboost|p2b: Volcarona|atk|1
|-unboost|p2b: Volcarona|spa|1
|
|t:|1756430025
|switch|p1a: Basculegion|Basculegion, L50, M|100/100|[from] Parting Shot
|
|-weather|RainDance|[upkeep]
|-heal|p2b: Volcarona|100/100|[from] item: Leftovers
|upkeep
|turn|3
|
|t:|1756430039
|-terastallize|p1a: Basculegion|Water
|move|p1a: Basculegion|Flip Turn|p2a: Garchomp
|-damage|p2a: Garchomp|0 fnt
|-damage|p1a: Basculegion|88/100|[from] ability: Rough Skin|[of] p2a: Garchomp
|faint|p2a: Garchomp
|
|t:|1756430047
|switch|p1a: Incineroar|Incineroar, L50, M|35/100|[from] Flip Turn
|-ability|p1a: Incineroar|Intimidate|boost
|-unboost|p2b: Volcarona|atk|1
|move|p2b: Volcarona|Tailwind|p2b: Volcarona
|-sidestart|p2: regitron 21|move: Tailwind
|move|p1b: Pelipper|Hurricane|p2b: Volcarona
|-supereffective|p2b: Volcarona
|-damage|p2b: Volcarona|44/100
|
|-weather|RainDance|[upkeep]
|-heal|p2b: Volcarona|50/100|[from] item: Leftovers
|upkeep
|
|t:|1756430056
|switch|p2a: Chonkydee|Indeedee-F, L50, F|100/100
|-fieldstart|move: Psychic Terrain|[from] ability: Psychic Surge|[of] p2a: Chonkydee
|-enditem|p2a: Chonkydee|Psychic Seed
|-boost|p2a: Chonkydee|spd|1|[from] item: Psychic Seed
|turn|4
|
|t:|1756430067
|move|p2b: Volcarona|Bug Buzz|p1a: Incineroar
|-damage|p1a: Incineroar|1/100
|move|p2a: Chonkydee|Psychic|p1b: Pelipper
|-damage|p1b: Pelipper|30/100
|-unboost|p1b: Pelipper|spd|1
|move|p1b: Pelipper|Hurricane|p2b: Volcarona
|-supereffective|p2b: Volcarona
|-damage|p2b: Volcarona|0 fnt
|faint|p2b: Volcarona
|move|p1a: Incineroar|Knock Off|p2a: Chonkydee
|-supereffective|p2a: Chonkydee
|-damage|p2a: Chonkydee|52/100
|
|-weather|RainDance|[upkeep]
|upkeep
|c|Ōśåregitron 21|o cmn
|c|Ōśåregitron 21|1%
|c|Ōśåregitron 21|gg
|c|Ōśåregitron 21|im fuckin stupid
|
|t:|1756430082
|switch|p2b: Delphox|Delphox, L50, F|100/100
|turn|5
|inactive|Winters4 has 30 seconds left.
|
|t:|1756430112
|move|p1b: Pelipper|Protect|p1b: Pelipper
|-singleturn|p1b: Pelipper|Protect
|move|p2b: Delphox|Heat Wave|p1a: Incineroar|[spread] 
|-activate|p1b: Pelipper|move: Protect
|-miss|p2b: Delphox|p1a: Incineroar
|move|p2a: Chonkydee|Psychic|p1b: Pelipper
|-activate|p1b: Pelipper|move: Protect
|move|p1a: Incineroar|Knock Off|p2b: Delphox
|-supereffective|p2b: Delphox
|-enditem|p2b: Delphox|Focus Sash
|-damage|p2b: Delphox|1/100
|
|-weather|RainDance|[upkeep]
|upkeep
|turn|6
|inactive|regitron 21 has 30 seconds left.
|inactive|regitron 21 has 20 seconds left.
|
|t:|1756430150
|switch|p1b: Amoonguss|Amoonguss, L50, F|100/100
|move|p2b: Delphox|Shadow Ball|p1a: Incineroar
|-resisted|p1a: Incineroar
|-damage|p1a: Incineroar|0 fnt
|faint|p1a: Incineroar
|move|p2a: Chonkydee|Psychic|p1b: Amoonguss
|-supereffective|p1b: Amoonguss
|-damage|p1b: Amoonguss|27/100
|-enditem|p1b: Amoonguss|Sitrus Berry|[eat]
|-heal|p1b: Amoonguss|52/100|[from] item: Sitrus Berry
|
|-weather|none
|-sideend|p2: regitron 21|move: Tailwind
|upkeep
|
|t:|1756430159
|switch|p1a: Basculegion|Basculegion, L50, M, tera:Water|88/100
|turn|7
|
|t:|1756430172
|switch|p1b: Pelipper|Pelipper, L50, F|30/100
|-weather|RainDance|[from] ability: Drizzle|[of] p1b: Pelipper
|move|p2a: Chonkydee|Follow Me|p2a: Chonkydee
|-singleturn|p2a: Chonkydee|move: Follow Me
|move|p1a: Basculegion|Flip Turn|p2a: Chonkydee
|-damage|p2a: Chonkydee|0 fnt
|faint|p2a: Chonkydee
|
|t:|1756430183
|switch|p1a: Amoonguss|Amoonguss, L50, F|85/100|[from] Flip Turn
|move|p2b: Delphox|Shadow Ball|p1a: Amoonguss
|-damage|p1a: Amoonguss|62/100
|-unboost|p1a: Amoonguss|spd|1
|
|-weather|RainDance|[upkeep]
|upkeep
|turn|8
|
|t:|1756430204
|move|p2b: Delphox|Protect|p2b: Delphox
|-singleturn|p2b: Delphox|Protect
|move|p1b: Pelipper|Weather Ball|p2b: Delphox
|-activate|p2b: Delphox|move: Protect
|move|p1a: Amoonguss|Pollen Puff|p2b: Delphox
|-activate|p2b: Delphox|move: Protect
|
|-weather|RainDance|[upkeep]
|-fieldend|move: Psychic Terrain
|upkeep
|turn|9
|inactive|regitron 21 has 30 seconds left.
|inactive|regitron 21 has 20 seconds left.
|inactive|regitron 21 has 15 seconds left.
|
|t:|1756430248
|move|p2b: Delphox|Heat Wave|p1b: Pelipper|[spread] p1a,p1b
|-supereffective|p1a: Amoonguss
|-resisted|p1b: Pelipper
|-damage|p1a: Amoonguss|0 fnt
|-damage|p1b: Pelipper|8/100
|faint|p1a: Amoonguss
|move|p1b: Pelipper|Weather Ball|p2b: Delphox
|-supereffective|p2b: Delphox
|-damage|p2b: Delphox|0 fnt
|faint|p2b: Delphox
|
|win|Winters4
|raw|Winters4's rating: 1134 → 1152(+18 for winning)
|raw|regitron 21's rating: 1041 → 1029(-12 for losing)
