|j|☆meepchat
|j|☆Its Sushiii
|html|meepchatIts Sushiii    
|uhtml|bestof|Game 3 of a best-of-3
|t:|1783463498
|gametype|doubles
|player|p1|meepchat|170|1364
|player|p2|Its Sushiii|265|1261
|gen|9
|tier|[Gen 9 Champions] VGC 2026 Reg M-B (Bo3)
|rated|
|rule|Species Clause: Limit one of each Pokémon
|rule|Item Clause: Limit 1 of each item
|clearpoke
|poke|p1|Charizard, L50, F|
|poke|p1|Farigiraf, L50, F|
|poke|p1|Venusaur, L50, F|
|poke|p1|Garchomp, L50, F|
|poke|p1|Incineroar, L50, F|
|poke|p1|Sylveon, L50, F|
|poke|p2|Kingambit, L50, F|
|poke|p2|Charizard, L50, F|
|poke|p2|Aerodactyl, L50, F|
|poke|p2|Farigiraf, L50, F|
|poke|p2|Garchomp, L50, M|
|poke|p2|Sylveon, L50, M|
|teampreview|4
|showteam|p1|Charizard||CharizarditeY|Blaze|HeatWave,WeatherBall,SolarBeam,Protect|Modest||F|||50|]Farigiraf||ColburBerry|ArmorTail|Psychic,Thunderbolt,HelpingHand,TrickRoom|Modest||F|||50|]Venusaur||FocusSash|Chlorophyll|LeafStorm,SludgeBomb,SleepPowder,Protect|Modest||F|||50|]Garchomp||LifeOrb|RoughSkin|RockSlide,DragonClaw,Earthquake,Protect|Jolly||F|||50|]Incineroar||SitrusBerry|Intimidate|FlareBlitz,DarkestLariat,PartingShot,FakeOut|Sassy||F|||50|]Sylveon||FairyFeather|Pixilate|HyperVoice,HyperBeam,QuickAttack,Protect|Modest||F|||50|
|showteam|p2|Kingambit||FocusSash|Defiant|KowtowCleave,IronHead,SuckerPunch,LowKick|Adamant||F|||50|]Charizard||CharizarditeY|Blaze|HeatWave,SolarBeam,WeatherBall,Protect|Modest||F|||50|]Aerodactyl||Aerodactylite|Unnerve|RockSlide,DualWingbeat,IceFang,Tailwind|Jolly||F|||50|]Farigiraf||SitrusBerry|ArmorTail|TwinBeam,Thunderbolt,TrickRoom,Protect|Bold||F|||50|]Garchomp||LifeOrb|RoughSkin|Earthquake,DragonClaw,StompingTantrum,Protect|Jolly||M|||50|]Sylveon||FairyFeather|Pixilate|HyperVoice,HyperBeam,QuickAttack,Protect|Modest||M|||50|
|inactive|Battle timer is ON: inactive players will automatically lose when time's up. (requested by meepchat)
|inactive|meepchat has 60 seconds left.
|inactive|Its Sushiii has 60 seconds left.
|inactive|meepchat has 30 seconds left.
|inactive|meepchat has 20 seconds left.
|inactive|meepchat has 15 seconds left.
|
|t:|1783463574
|teamsize|p1|4
|teamsize|p2|4
|start
|switch|p1a: Farigiraf|Farigiraf, L50, F|100/100
|switch|p1b: Garchomp|Garchomp, L50, F|100/100
|switch|p2a: Farigiraf|Farigiraf, L50, F|100/100
|switch|p2b: Sylveon|Sylveon, L50, M|100/100
|turn|1
|inactive|meepchat has 30 seconds left.
|inactive|Its Sushiii has 30 seconds left.
|inactive|meepchat has 20 seconds left.
|
|t:|1783463610
|move|p1b: Garchomp|Rock Slide|p2b: Sylveon|[spread] p2a,p2b
|-damage|p2a: Farigiraf|80/100
|-damage|p2b: Sylveon|69/100
|-damage|p1b: Garchomp|90/100|[from] item: Life Orb
|cant|p2b: Sylveon|flinch
|move|p1a: Farigiraf|Psychic|p2b: Sylveon
|-damage|p2b: Sylveon|29/100
|move|p2a: Farigiraf|Trick Room|p2a: Farigiraf
|-fieldstart|move: Trick Room|[of] p2a: Farigiraf
|
|upkeep
|turn|2
|inactive|Its Sushiii has 30 seconds left.
|inactive|Its Sushiii has 20 seconds left.
|inactive|Its Sushiii has 15 seconds left.
|inactive|Its Sushiii has 10 seconds left.
|inactive|Its Sushiii has 5 seconds left.
|
|t:|1783463660
|move|p1a: Farigiraf|Psychic|p2b: Sylveon
|-damage|p2b: Sylveon|0 fnt
|faint|p2b: Sylveon
|move|p1b: Garchomp|Dragon Claw|p2a: Farigiraf
|-damage|p2a: Farigiraf|37/100
|-enditem|p2a: Farigiraf|Sitrus Berry|[eat]
|-heal|p2a: Farigiraf|62/100|[from] item: Sitrus Berry
|-damage|p1b: Garchomp|80/100|[from] item: Life Orb
|move|p2a: Farigiraf|Trick Room|p2a: Farigiraf
|-fieldend|move: Trick Room
|
|upkeep
|
|t:|1783463670
|switch|p2b: Aerodactyl|Aerodactyl, L50, F|100/100
|-ability|p2b: Aerodactyl|Unnerve
|turn|3
|
|t:|1783463691
|switch|p1b: Incineroar|Incineroar, L50, F|100/100
|-ability|p1b: Incineroar|Intimidate|boost
|-unboost|p2a: Farigiraf|atk|1
|-unboost|p2b: Aerodactyl|atk|1
|detailschange|p2b: Aerodactyl|Aerodactyl-Mega, L50, F
|-mega|p2b: Aerodactyl|Aerodactyl|Aerodactylite
|move|p2b: Aerodactyl|Rock Slide|p1a: Farigiraf|[spread] p1a,p1b
|-supereffective|p1b: Incineroar|1
|-damage|p1a: Farigiraf|80/100
|-damage|p1b: Incineroar|73/100
|move|p2a: Farigiraf|Thunderbolt|p1a: Farigiraf
|-damage|p1a: Farigiraf|57/100
|move|p1a: Farigiraf|Trick Room|p1a: Farigiraf
|-fieldstart|move: Trick Room|[of] p1a: Farigiraf
|
|upkeep
|turn|4
|
|t:|1783463715
|switch|p2b: Kingambit|Kingambit, L50, F|100/100
|move|p1b: Incineroar|Darkest Lariat|p2a: Farigiraf
|-supereffective|p2a: Farigiraf|1
|-damage|p2a: Farigiraf|7/100
|move|p1a: Farigiraf|Thunderbolt|p2b: Kingambit
|-damage|p2b: Kingambit|65/100
|move|p2a: Farigiraf|Trick Room|p2a: Farigiraf
|-fieldend|move: Trick Room
|
|upkeep
|turn|5
|inactive|Its Sushiii has 30 seconds left.
|inactive|Its Sushiii has 20 seconds left.
|inactive|Its Sushiii has 15 seconds left.
|
|t:|1783463760
|move|p2b: Kingambit|Iron Head|p1a: Farigiraf
|-damage|p1a: Farigiraf|12/100
|move|p2a: Farigiraf|Thunderbolt|p1a: Farigiraf
|-damage|p1a: Farigiraf|0 fnt
|faint|p1a: Farigiraf
|move|p1b: Incineroar|Flare Blitz|p2b: Kingambit
|-supereffective|p2b: Kingambit|1
|-damage|p2b: Kingambit|0 fnt
|faint|p2b: Kingambit
|-damage|p1b: Incineroar|54/100|[from] Recoil
|
|upkeep
|
|t:|1783463771
|switch|p2b: Aerodactyl|Aerodactyl-Mega, L50, F|100/100
|switch|p1a: Garchomp|Garchomp, L50, F|80/100
|turn|6
|inactive|Its Sushiii has 30 seconds left.
|inactive|Its Sushiii has 20 seconds left.
|
|t:|1783463811
|move|p1a: Garchomp|Protect|p1a: Garchomp
|-singleturn|p1a: Garchomp|Protect
|move|p2b: Aerodactyl|Rock Slide|p1a: Garchomp|[spread] p1b
|-activate|p1a: Garchomp|move: Protect
|-supereffective|p1b: Incineroar|1
|-damage|p1b: Incineroar|8/100
|-enditem|p1b: Incineroar|Sitrus Berry|[eat]
|-heal|p1b: Incineroar|33/100|[from] item: Sitrus Berry
|move|p2a: Farigiraf|Thunderbolt|p1b: Incineroar
|-damage|p1b: Incineroar|14/100
|cant|p1b: Incineroar|flinch
|
|upkeep
|turn|7
|inactive|meepchat has 30 seconds left.
|inactive|Its Sushiii has 30 seconds left.
|inactive|meepchat has 20 seconds left.
|inactive|meepchat has 15 seconds left.
|inactive|meepchat has 10 seconds left.
|
|t:|1783463858
|switch|p1a: Sylveon|Sylveon, L50, F|100/100
|move|p2b: Aerodactyl|Ice Fang|p1a: Sylveon
|-damage|p1a: Sylveon|68/100
|move|p2a: Farigiraf|Thunderbolt|p1b: Incineroar
|-damage|p1b: Incineroar|0 fnt
|faint|p1b: Incineroar
|
|upkeep
|
|t:|1783463860
|switch|p1b: Garchomp|Garchomp, L50, F|80/100
|turn|8
|inactive|meepchat has 30 seconds left.
|inactive|Its Sushiii has 30 seconds left.
|inactive|Its Sushiii has 20 seconds left.
|inactive|Its Sushiii has 15 seconds left.
|inactive|Its Sushiii has 10 seconds left.
|
|t:|1783463905
|move|p2b: Aerodactyl|Dual Wingbeat|p1a: Sylveon
|-damage|p1a: Sylveon|39/100
|-damage|p1a: Sylveon|12/100
|-hitcount|p1a: Sylveon|2
|move|p1b: Garchomp|Dragon Claw|p2b: Aerodactyl
|-damage|p2b: Aerodactyl|34/100
|-damage|p1b: Garchomp|70/100|[from] item: Life Orb
|move|p1a: Sylveon|Hyper Voice|p2b: Aerodactyl|[spread] p2a,p2b
|-damage|p2a: Farigiraf|0 fnt
|-damage|p2b: Aerodactyl|0 fnt
|faint|p2a: Farigiraf
|faint|p2b: Aerodactyl
|
|win|meepchat
|raw|meepchat's rating: 1364 → 1378(+14 for winning)
|raw|Its Sushiii's rating: 1261 → 1243(-18 for losing)
|l|☆meepchat
|player|p1|
