|j|☆NickyB1234
|j|☆McGeorge34
|html|NickyB1234McGeorge34    
|uhtml|bestof|Game 2 of a best-of-3
|t:|1785176755
|gametype|doubles
|player|p1|NickyB1234|2|1101
|player|p2|McGeorge34|169|1081
|gen|9
|tier|[Gen 9 Champions] VGC 2026 Reg M-B (Bo3)
|rated|
|rule|Species Clause: Limit one of each Pokémon
|rule|Item Clause: Limit 1 of each item
|clearpoke
|poke|p1|Blaziken, L50, M|
|poke|p1|Grimmsnarl, L50, M|
|poke|p1|Dragonite, L50, F|
|poke|p1|Toxapex, L50, M|
|poke|p1|Rotom-Wash, L50|
|poke|p1|Froslass, L50, F|
|poke|p2|Krookodile, L50, M|
|poke|p2|Orthworm, L50, M|
|poke|p2|Sinistcha, L50|
|poke|p2|Slowbro-Galar, L50, F|
|poke|p2|Kangaskhan, L50, F|
|poke|p2|Pidgeot, L50, F|
|teampreview|4
|showteam|p1|Blaziken||Blazikenite|SpeedBoost|CloseCombat,FlareBlitz,Protect,RockSlide|Adamant||M|||50|]Grimmsnarl||LightClay|Prankster|FakeOut,LightScreen,Reflect,PartingShot|Careful||M|||50|]Dragonite||LifeOrb|InnerFocus|DragonClaw,Protect,LowKick,ExtremeSpeed|Jolly||F|||50|]Toxapex||Leftovers|Regenerator|Infestation,BanefulBunker,Toxic,WideGuard|Bold||M|||50|]Rotom-Wash||SitrusBerry|Levitate|HydroPump,Thunderbolt,VoltSwitch,WillOWisp|Timid|||||50|]Froslass||Froslassite|CursedBody|Blizzard,AuroraVeil,ShadowBall,Protect|Timid||F|||50|
|showteam|p2|Krookodile||ChoiceScarf|Intimidate|Earthquake,CloseCombat,KnockOff,RockSlide|Jolly||M|||50|]Orthworm||Leftovers|EarthEater|BodyPress,IronDefense,ShedTail,Protect|Calm||M|||50|]Sinistcha||SitrusBerry|Hospitality|MatchaGotcha,Protect,RagePowder,TrickRoom|Bold|||||50|]Slowbro-Galar||QuickClaw|QuickDraw|ShellSideArm,Psychic,NastyPlot,SlackOff|Modest||F|||50|]Kangaskhan||WhiteHerb|Scrappy|FakeOut,LastResort|Jolly||F|||50|]Pidgeot||Pidgeotite|BigPecks|HeatWave,Hurricane,Tailwind,Protect|Timid||F|||50|
|j| Eyemasked
|
|t:|1785176796
|teamsize|p1|4
|teamsize|p2|4
|start
|switch|p1a: Grimmsnarl|Grimmsnarl, L50, M|100/100
|switch|p1b: Rotom|Rotom-Wash, L50|100/100
|switch|p2a: Krookodile|Krookodile, L50, M|100/100
|switch|p2b: Pidgeot|Pidgeot, L50, F|100/100
|-ability|p2a: Krookodile|Intimidate|boost
|-unboost|p1a: Grimmsnarl|atk|1
|-unboost|p1b: Rotom|atk|1
|turn|1
|j| tedidn
|l| tedidn
|
|t:|1785176840
|detailschange|p2b: Pidgeot|Pidgeot-Mega, L50, F
|-mega|p2b: Pidgeot|Pidgeot|Pidgeotite
|move|p1a: Grimmsnarl|Fake Out|p2b: Pidgeot
|-damage|p2b: Pidgeot|89/100
|move|p2a: Krookodile|Knock Off|p1b: Rotom
|-damage|p1b: Rotom|35/100
|-enditem|p1b: Rotom|Sitrus Berry|[from] move: Knock Off|[of] p2a: Krookodile
|cant|p2b: Pidgeot|flinch
|move|p1b: Rotom|Thunderbolt|p2b: Pidgeot
|-supereffective|p2b: Pidgeot|1
|-damage|p2b: Pidgeot|0 fnt
|faint|p2b: Pidgeot
|
|upkeep
|
|t:|1785176871
|switch|p2b: Sinistcha|Sinistcha, L50|100/100
|turn|2
|
|t:|1785176904
|switch|p1b: Blaziken|Blaziken, L50, M|100/100
|move|p2b: Sinistcha|Rage Powder|p2b: Sinistcha
|-singleturn|p2b: Sinistcha|move: Rage Powder
|move|p1a: Grimmsnarl|Reflect|p1a: Grimmsnarl
|-sidestart|p1: NickyB1234|Reflect
|move|p2a: Krookodile|Knock Off|p1b: Blaziken
|-resisted|p1b: Blaziken|1
|-damage|p1b: Blaziken|84/100
|
|upkeep
|turn|3
|
|t:|1785176956
|switch|p2a: Slowbro|Slowbro-Galar, L50, F|100/100
|detailschange|p1b: Blaziken|Blaziken-Mega, L50, M
|-mega|p1b: Blaziken|Blaziken|Blazikenite
|move|p1a: Grimmsnarl|Light Screen|p1a: Grimmsnarl
|-sidestart|p1: NickyB1234|move: Light Screen
|move|p1b: Blaziken|Flare Blitz|p2b: Sinistcha
|-supereffective|p2b: Sinistcha|1
|-damage|p2b: Sinistcha|0 fnt
|faint|p2b: Sinistcha
|-damage|p1b: Blaziken|47/100|[from] Recoil
|
|-ability|p1b: Blaziken|Speed Boost|boost
|-boost|p1b: Blaziken|spe|1
|upkeep
|
|t:|1785176970
|switch|p2b: Krookodile|Krookodile, L50, M|100/100
|-ability|p2b: Krookodile|Intimidate|boost
|-unboost|p1a: Grimmsnarl|atk|1
|-unboost|p1b: Blaziken|atk|1
|turn|4
|
|t:|1785177015
|move|p1a: Grimmsnarl|Parting Shot|p2a: Slowbro
|-unboost|p2a: Slowbro|atk|1
|-unboost|p2a: Slowbro|spa|1
|
|t:|1785177024
|switch|p1a: Dragonite|Dragonite, L50, F|100/100|[from] Parting Shot
|move|p2b: Krookodile|Close Combat|p1b: Blaziken
|-damage|p1b: Blaziken|8/100
|-unboost|p2b: Krookodile|def|1
|-unboost|p2b: Krookodile|spd|1
|move|p1b: Blaziken|Close Combat|p2b: Krookodile
|-supereffective|p2b: Krookodile|1
|-damage|p2b: Krookodile|0 fnt
|-unboost|p1b: Blaziken|def|1
|-unboost|p1b: Blaziken|spd|1
|faint|p2b: Krookodile
|move|p2a: Slowbro|Psychic|p1b: Blaziken
|-supereffective|p1b: Blaziken|1
|-damage|p1b: Blaziken|0 fnt
|faint|p1b: Blaziken
|
|upkeep
|
|t:|1785177041
|switch|p1b: Rotom|Rotom-Wash, L50|35/100
|turn|5
|j| tedidn
|
|t:|1785177058
|move|p1b: Rotom|Thunderbolt|p2a: Slowbro
|-damage|p2a: Slowbro|55/100
|move|p1a: Dragonite|Dragon Claw|p2a: Slowbro
|-damage|p2a: Slowbro|1/100
|-damage|p1a: Dragonite|90/100|[from] item: Life Orb
|move|p2a: Slowbro|Nasty Plot|p2a: Slowbro
|-boost|p2a: Slowbro|spa|2
|
|upkeep
|turn|6
|
|t:|1785177080
|move|p1a: Dragonite|Extreme Speed|p2a: Slowbro
|-damage|p2a: Slowbro|0 fnt
|faint|p2a: Slowbro
|-damage|p1a: Dragonite|80/100|[from] item: Life Orb
|
|win|NickyB1234
