|j|☆TEXAS1992.3
|j|☆Declan777
|html|TEXAS1992.3Declan777    
|uhtml|bestof|Game 1 of a best-of-3
|t:|1784052282
|gametype|doubles
|player|p1|TEXAS1992.3|266|1013
|player|p2|Declan777|unknown|1049
|gen|9
|tier|[Gen 9 Champions] VGC 2026 Reg M-B (Bo3)
|rated|
|rule|Species Clause: Limit one of each Pokémon
|rule|Item Clause: Limit 1 of each item
|clearpoke
|poke|p1|Staraptor, L50, M, shiny|
|poke|p1|Basculegion, L50, M, shiny|
|poke|p1|Incineroar, L50, M, shiny|
|poke|p1|Sneasler, L50, M, shiny|
|poke|p1|Whimsicott, L50, F, shiny|
|poke|p1|Raichu, L50, M, shiny|
|poke|p2|Ampharos, L50, F|
|poke|p2|Sinistcha, L50|
|poke|p2|Metagross, L50, shiny|
|poke|p2|Toxapex, L50, F|
|poke|p2|Ceruledge, L50, F|
|poke|p2|Tauros-Paldea-Aqua, L50, M|
|teampreview|4
|showteam|p1|Staraptor||Staraptite|Intimidate|CloseCombat,BraveBird,BlazeKick,Thief|Jolly||M|||50|]Basculegion||ExpertBelt|SwiftSwim|WaveCrash,LastRespects,Crunch,AquaJet|Adamant||M|||50|]Incineroar||SitrusBerry|Intimidate|CrossChop,DarkestLariat,FakeOut,BlazeKick|Adamant||M|||50|]Sneasler||WhiteHerb|Unburden|CloseCombat,DireClaw,Acrobatics,FakeOut|Adamant||M|||50|]Whimsicott||FocusSash|Prankster|Charm,DazzlingGleam,EnergyBall,Tailwind|Timid||F|||50|]Raichu||RaichuniteY|LightningRod|FocusBlast,ZapCannon,DazzlingGleam,ChargeBeam|Modest||M|||50|
|showteam|p2|Ampharos||Ampharosite|Static|CottonGuard,Thunderbolt,DragonPulse,Protect|Modest||F|||50|]Sinistcha||SitrusBerry|Hospitality|TrickRoom,MatchaGotcha,LifeDew,Protect|Bold|||||50|]Metagross||Metagrossite|ClearBody|IronHead,BulletPunch,PsychicFangs,Protect|Jolly|||||50|]Toxapex||Leftovers|Regenerator|Toxic,BanefulBunker,Infestation,WideGuard|Sassy||F|||50|]Ceruledge||ColburBerry|FlashFire|BitterBlade,BulkUp,ShadowSneak,Protect|Jolly||F|||50|]Tauros-Paldea-Aqua||LifeOrb|Intimidate|AquaJet,CloseCombat,WaveCrash,Protect|Jolly||M|||50|
|
|t:|1784052362
|teamsize|p1|4
|teamsize|p2|4
|start
|switch|p1a: Staraptor|Staraptor, L50, M, shiny|100/100
|switch|p1b: Whimsicott|Whimsicott, L50, F, shiny|100/100
|switch|p2a: Metagross|Metagross, L50, shiny|100/100
|switch|p2b: Toxapex|Toxapex, L50, F|100/100
|-ability|p1a: Staraptor|Intimidate|boost
|-fail|p2a: Metagross|unboost|[from] ability: Clear Body|[of] p2a: Metagross
|-unboost|p2b: Toxapex|atk|1
|turn|1
|inactive|Battle timer is ON: inactive players will automatically lose when time's up. (requested by Declan777)
|inactive|Declan777 has 60 seconds left.
|
|t:|1784052398
|detailschange|p1a: Staraptor|Staraptor-Mega, L50, M, shiny
|-mega|p1a: Staraptor|Staraptor|Staraptite
|move|p1b: Whimsicott|Charm|p2b: Toxapex
|-unboost|p2b: Toxapex|atk|2
|move|p2a: Metagross|Bullet Punch|p1b: Whimsicott
|-supereffective|p1b: Whimsicott|1
|-damage|p1b: Whimsicott|28/100
|move|p1a: Staraptor|Blaze Kick|p2a: Metagross
|-supereffective|p2a: Metagross|1
|-damage|p2a: Metagross|42/100
|move|p2b: Toxapex|Infestation|p1b: Whimsicott
|-damage|p1b: Whimsicott|23/100
|-activate|p1b: Whimsicott|move: Infestation|[of] p2b: Toxapex
|
|-damage|p1b: Whimsicott|10/100|[from] move: Infestation|[partiallytrapped]
|upkeep
|turn|2
|inactive|TEXAS1992.3 has 30 seconds left.
|
|t:|1784052430
|detailschange|p2a: Metagross|Metagross-Mega, L50, shiny
|-mega|p2a: Metagross|Metagross|Metagrossite
|move|p2a: Metagross|Protect|p2a: Metagross
|-singleturn|p2a: Metagross|Protect
|move|p1b: Whimsicott|Charm|p1a: Staraptor
|-boost|p1a: Staraptor|atk|2
|move|p1a: Staraptor|Blaze Kick|p2a: Metagross
|-activate|p2a: Metagross|move: Protect
|move|p2b: Toxapex|Toxic|p1a: Staraptor
|-status|p1a: Staraptor|tox
|
|-damage|p1a: Staraptor|94/100 tox|[from] psn
|-damage|p1b: Whimsicott|0 fnt|[from] move: Infestation|[partiallytrapped]
|faint|p1b: Whimsicott
|upkeep
|
|t:|1784052451
|switch|p1b: Incineroar|Incineroar, L50, M, shiny|100/100
|-ability|p1b: Incineroar|Intimidate|boost
|-unboost|p2a: Metagross|atk|1
|-unboost|p2b: Toxapex|atk|1
|turn|3
|
|t:|1784052465
|switch|p2a: Ceruledge|Ceruledge, L50, F|100/100
|move|p1b: Incineroar|Fake Out|p2b: Toxapex
|-damage|p2b: Toxapex|88/100
|move|p1a: Staraptor|Blaze Kick|p2a: Ceruledge
|-start|p2a: Ceruledge|ability: Flash Fire
|cant|p2b: Toxapex|flinch
|
|-heal|p2b: Toxapex|94/100|[from] item: Leftovers
|-damage|p1a: Staraptor|82/100 tox|[from] psn
|upkeep
|turn|4
|
|t:|1784052484
|move|p2a: Ceruledge|Protect|p2a: Ceruledge
|-singleturn|p2a: Ceruledge|Protect
|move|p1a: Staraptor|Thief|p2a: Ceruledge
|-activate|p2a: Ceruledge|move: Protect
|move|p1b: Incineroar|Darkest Lariat|p2a: Ceruledge
|-activate|p2a: Ceruledge|move: Protect
|move|p2b: Toxapex|Infestation|p1a: Staraptor
|-resisted|p1a: Staraptor|2
|-damage|p1a: Staraptor|81/100 tox
|-activate|p1a: Staraptor|move: Infestation|[of] p2b: Toxapex
|
|-heal|p2b: Toxapex|100/100|[from] item: Leftovers
|-damage|p1a: Staraptor|63/100 tox|[from] psn
|-damage|p1a: Staraptor|51/100 tox|[from] move: Infestation|[partiallytrapped]
|upkeep
|turn|5
|l|☆TEXAS1992.3
|inactive|TEXAS1992.3 disconnected and has a minute to reconnect!
|player|p1|
|inactive|TEXAS1992.3 has 30 seconds left.
|inactive|Declan777 has 30 seconds left.
|inactive|TEXAS1992.3 has 20 seconds left.
|inactive|Declan777 has 20 seconds left.
|inactive|TEXAS1992.3 has 15 seconds left.
|inactive|Declan777 has 15 seconds left.
|inactive|TEXAS1992.3 has 10 seconds left.
|inactive|Declan777 has 10 seconds left.
|j|☆TEXAS1992.3
|inactive|TEXAS1992.3 reconnected and has 10 seconds left.
|player|p1|TEXAS1992.3|266|
|inactive|TEXAS1992.3 has 5 seconds left.
|
|t:|1784052539
|move|p1a: Staraptor|Close Combat|p2a: Ceruledge
|-immune|p2a: Ceruledge
|move|p2a: Ceruledge|Bitter Blade|p1a: Staraptor
|-damage|p1a: Staraptor|0 fnt
|faint|p1a: Staraptor
|move|p1b: Incineroar|Cross Chop|p2a: Ceruledge
|-immune|p2a: Ceruledge
|move|p2b: Toxapex|Toxic|p1b: Incineroar
|-status|p1b: Incineroar|tox
|
|-damage|p1b: Incineroar|94/100 tox|[from] psn
|upkeep
|-message|TEXAS1992.3 forfeited.
|
|win|Declan777
