|j|☆killfery
|j|☆aussi3vgc
|html|killferyaussi3vgc    
|uhtml|bestof|Game 1 of a best-of-3
|t:|1757842111
|gametype|doubles
|player|p1|killfery|harlequin|1070
|player|p2|aussi3vgc|red|1149
|gen|9
|tier|[Gen 9] VGC 2025 Reg H (Bo3)
|rated|
|rule|Species Clause: Limit one of each Pokémon
|rule|Item Clause: Limit 1 of each item
|clearpoke
|poke|p1|Pelipper, L50, M|
|poke|p1|Floatzel, L50, F|
|poke|p1|Archaludon, L50, M|
|poke|p1|Maushold, L50|
|poke|p1|Raichu, L50, F|
|poke|p1|Indeedee-F, L50, F|
|poke|p2|Archaludon, L50, F|
|poke|p2|Basculegion, L50, M|
|poke|p2|Pelipper, L50, M|
|poke|p2|Gholdengo, L50|
|poke|p2|Sneasler, L50, M|
|poke|p2|Electabuzz, L50, F|
|teampreview|4
|showteam|p1|Pelipper||CovertCloak|Drizzle|Protect,Hurricane,Tailwind,WeatherBall|||M|||50|,,,,,Grass]Floatzel||MysticWater|SwiftSwim|Protect,WaveCrash,IcyWind,AquaJet|||F|||50|,,,,,Water]Archaludon||AssaultVest|Stamina|BodyPress,FlashCannon,ElectroShot,DragonPulse|||M|||50|,,,,,Bug]Maushold||SafetyGoggles|FriendGuard|Protect,SuperFang,FollowMe,BeatUp||||||50|,,,,,Grass]Raichu||FocusSash|LightningRod|Protect,Thunder,FakeOut,ThunderWave|||F|||50|,,,,,Ghost]Indeedee-F||RockyHelmet|PsychicSurge|Psychic,FollowMe,TrickRoom,HelpingHand|||F|||50|,,,,,Bug
|showteam|p2|Archaludon||AssaultVest|Stamina|DracoMeteor,FlashCannon,ElectroShot,BodyPress|||F|||50|,,,,,Bug]Basculegion||ChoiceBand|SwiftSwim|WaveCrash,FlipTurn,LastRespects,AquaJet|||M|||50|,,,,,Water]Pelipper||CovertCloak|Drizzle|WeatherBall,Hurricane,Tailwind,Protect|||M|||50|,,,,,Steel]Gholdengo||LifeOrb|GoodasGold|MakeItRain,ShadowBall,NastyPlot,Protect||||||50|,,,,,Water]Sneasler||FocusSash|PoisonTouch|CloseCombat,DireClaw,FakeOut,Protect|||M|||50|,,,,,Stellar]Electabuzz||Eviolite|VitalSpirit|FollowMe,Electroweb,Taunt,Protect|||F|||50|,,,,,Dark
|inactive|Battle timer is ON: inactive players will automatically lose when time's up. (requested by killfery)
|
|t:|1757842143
|teamsize|p1|4
|teamsize|p2|4
|start
|switch|p1a: Raichu|Raichu, L50, F|100/100
|switch|p1b: Pelipper|Pelipper, L50, M|100/100
|switch|p2a: Electabuzz|Electabuzz, L50, F|100/100
|switch|p2b: Basculegion|Basculegion, L50, M, shiny|100/100
|-weather|RainDance|[from] ability: Drizzle|[of] p1b: Pelipper
|turn|1
|
|t:|1757842158
|-terastallize|p1b: Pelipper|Grass
|move|p2a: Electabuzz|Protect|p2a: Electabuzz
|-singleturn|p2a: Electabuzz|Protect
|move|p2b: Basculegion|Flip Turn|p1a: Raichu
|-enditem|p1a: Raichu|Focus Sash
|-damage|p1a: Raichu|1/100
|
|t:|1757842165
|switch|p2b: Archaludon|Archaludon, L50, F|100/100|[from] Flip Turn
|move|p1a: Raichu|Thunder Wave|p2b: Archaludon
|-status|p2b: Archaludon|par
|move|p1b: Pelipper|Tailwind|p1b: Pelipper
|-sidestart|p1: killfery|move: Tailwind
|
|-weather|RainDance|[upkeep]
|upkeep
|turn|2
|inactive|aussi3vgc has 30 seconds left.
|inactive|aussi3vgc has 20 seconds left.
|inactive|aussi3vgc has 15 seconds left.
|
|t:|1757842209
|switch|p1a: Archaludon|Archaludon, L50, M|100/100
|move|p1b: Pelipper|Hurricane|p2b: Archaludon
|-resisted|p2b: Archaludon
|-crit|p2b: Archaludon
|-damage|p2b: Archaludon|72/100 par
|-ability|p2b: Archaludon|Stamina|boost
|-boost|p2b: Archaludon|def|1
|move|p2a: Electabuzz|Taunt|p1a: Archaludon
|-start|p1a: Archaludon|move: Taunt
|move|p2b: Archaludon|Electro Shot||[still]
|-prepare|p2b: Archaludon|Electro Shot
|-boost|p2b: Archaludon|spa|1
|-anim|p2b: Archaludon|Electro Shot|p1a: Archaludon
|-resisted|p1a: Archaludon
|-damage|p1a: Archaludon|80/100
|-ability|p1a: Archaludon|Stamina|boost
|-boost|p1a: Archaludon|def|1
|
|-weather|RainDance|[upkeep]
|upkeep
|turn|3
|inactive|killfery has 30 seconds left.
|inactive|aussi3vgc has 30 seconds left.
|inactive|aussi3vgc has 20 seconds left.
|inactive|killfery has 20 seconds left.
|
|t:|1757842254
|switch|p2b: Basculegion|Basculegion, L50, M, shiny|100/100
|move|p1b: Pelipper|Hurricane|p2a: Electabuzz
|-resisted|p2a: Electabuzz
|-damage|p2a: Electabuzz|84/100
|move|p1a: Archaludon|Body Press|p2a: Electabuzz
|-damage|p2a: Electabuzz|59/100
|move|p2a: Electabuzz|Taunt|p1b: Pelipper
|-start|p1b: Pelipper|move: Taunt
|
|-weather|RainDance|[upkeep]
|upkeep
|turn|4
|
|t:|1757842276
|switch|p1b: Raichu|Raichu, L50, F|1/100
|move|p2b: Basculegion|Flip Turn|p1b: Raichu
|-damage|p1b: Raichu|0 fnt
|faint|p1b: Raichu
|
|t:|1757842280
|switch|p2b: Archaludon|Archaludon, L50, F|72/100 par|[from] Flip Turn
|move|p1a: Archaludon|Electro Shot||[still]
|-prepare|p1a: Archaludon|Electro Shot
|-boost|p1a: Archaludon|spa|1
|-anim|p1a: Archaludon|Electro Shot|p2b: Archaludon
|-resisted|p2b: Archaludon
|-damage|p2b: Archaludon|50/100 par
|-ability|p2b: Archaludon|Stamina|boost
|-boost|p2b: Archaludon|def|1
|move|p2a: Electabuzz|Electroweb|p1a: Archaludon
|-resisted|p1a: Archaludon
|-damage|p1a: Archaludon|73/100
|-unboost|p1a: Archaludon|spe|1
|-ability|p1a: Archaludon|Stamina|boost
|-boost|p1a: Archaludon|def|1
|
|-weather|RainDance|[upkeep]
|-end|p1a: Archaludon|move: Taunt
|-sideend|p1: killfery|move: Tailwind
|upkeep
|
|t:|1757842286
|switch|p1b: Pelipper|Pelipper, L50, M, tera:Grass|100/100
|turn|5
|
|t:|1757842309
|move|p1b: Pelipper|Protect|p1b: Pelipper
|-singleturn|p1b: Pelipper|Protect
|move|p2a: Electabuzz|Taunt|p1b: Pelipper
|-activate|p1b: Pelipper|move: Protect
|move|p1a: Archaludon|Dragon Pulse|p2a: Electabuzz
|-damage|p2a: Electabuzz|11/100
|cant|p2b: Archaludon|par
|
|-weather|none
|upkeep
|turn|6
|
|t:|1757842327
|move|p2a: Electabuzz|Taunt|p1b: Pelipper
|-start|p1b: Pelipper|move: Taunt
|move|p1b: Pelipper|Weather Ball|p1a: Archaludon
|-resisted|p1a: Archaludon
|-damage|p1a: Archaludon|68/100
|-ability|p1a: Archaludon|Stamina|boost
|-boost|p1a: Archaludon|def|1
|move|p1a: Archaludon|Dragon Pulse|p2a: Electabuzz
|-crit|p2a: Electabuzz
|-damage|p2a: Electabuzz|0 fnt
|faint|p2a: Electabuzz
|move|p2b: Archaludon|Electro Shot||[still]
|-prepare|p2b: Archaludon|Electro Shot
|-boost|p2b: Archaludon|spa|1
|
|upkeep
|
|t:|1757842342
|switch|p2a: Sneasler|Sneasler, L50, M|100/100
|turn|7
|
|t:|1757842360
|switch|p1b: Floatzel|Floatzel, L50, F|100/100
|move|p2a: Sneasler|Close Combat|p1a: Archaludon
|-supereffective|p1a: Archaludon
|-damage|p1a: Archaludon|31/100
|-unboost|p2a: Sneasler|def|1
|-unboost|p2a: Sneasler|spd|1
|-ability|p1a: Archaludon|Stamina|boost
|-boost|p1a: Archaludon|def|1
|move|p1a: Archaludon|Dragon Pulse|p2b: Archaludon
|-damage|p2b: Archaludon|6/100 par
|-ability|p2b: Archaludon|Stamina|boost
|-boost|p2b: Archaludon|def|1
|move|p2b: Archaludon|Electro Shot|p1a: Archaludon|[from] lockedmove
|-resisted|p1a: Archaludon
|-damage|p1a: Archaludon|11/100
|-ability|p1a: Archaludon|Stamina|boost
|-boost|p1a: Archaludon|def|1
|
|upkeep
|turn|8
|inactive|aussi3vgc has 30 seconds left.
|
|t:|1757842390
|-terastallize|p2a: Sneasler|Stellar
|move|p1b: Floatzel|Aqua Jet|p2b: Archaludon
|-resisted|p2b: Archaludon
|-damage|p2b: Archaludon|1/100 par
|-ability|p2b: Archaludon|Stamina|boost
|-boost|p2b: Archaludon|def|1
|move|p2a: Sneasler|Close Combat|p1a: Archaludon
|-supereffective|p1a: Archaludon
|-damage|p1a: Archaludon|0 fnt
|-unboost|p2a: Sneasler|def|1
|-unboost|p2a: Sneasler|spd|1
|faint|p1a: Archaludon
|cant|p2b: Archaludon|par
|
|upkeep
|
|t:|1757842397
|switch|p1a: Pelipper|Pelipper, L50, M, tera:Grass|100/100
|-weather|RainDance|[from] ability: Drizzle|[of] p1a: Pelipper
|turn|9
|
|t:|1757842408
|move|p1a: Pelipper|Protect|p1a: Pelipper
|-singleturn|p1a: Pelipper|Protect
|move|p1b: Floatzel|Icy Wind|p2b: Archaludon|[spread] p2a,p2b
|-damage|p2a: Sneasler|78/100
|-damage|p2b: Archaludon|0 fnt
|-unboost|p2a: Sneasler|spe|1
|faint|p2b: Archaludon
|move|p2a: Sneasler|Dire Claw|p1a: Pelipper
|-activate|p1a: Pelipper|move: Protect
|
|-weather|RainDance|[upkeep]
|upkeep
|
|t:|1757842413
|switch|p2b: Basculegion|Basculegion, L50, M, shiny|100/100
|turn|10
|
|t:|1757842428
|move|p1b: Floatzel|Icy Wind|p2b: Basculegion|[spread] p2a,p2b
|-resisted|p2b: Basculegion
|-damage|p2a: Sneasler|55/100
|-damage|p2b: Basculegion|95/100
|-unboost|p2a: Sneasler|spe|1
|-unboost|p2b: Basculegion|spe|1
|move|p2b: Basculegion|Last Respects|p1a: Pelipper
|-damage|p1a: Pelipper|0 fnt
|faint|p1a: Pelipper
|move|p2a: Sneasler|Dire Claw|p1b: Floatzel
|-damage|p1b: Floatzel|0 fnt
|faint|p1b: Floatzel
|
|win|aussi3vgc
||killfery is ready for game 2.
|inactive|aussi3vgc has 30 seconds to confirm battle start!
|inactive|aussi3vgc has 20 seconds to confirm battle start!
||aussi3vgc is ready for game 2.
|uhtml|next|Next: Game 2 of 3
|l|☆killfery
|player|p1|
