|j|☆patchspitzy
|j|☆5NitesAtTrickRoom
|html|patchspitzy5NitesAtTrickRoom    
|uhtml|bestof|Game 2 of a best-of-3
|t:|1757810512
|gametype|doubles
|player|p1|patchspitzy|roark|
|player|p2|5NitesAtTrickRoom|hilbert|
|gen|9
|tier|[Gen 9] VGC 2025 Reg H (Bo3)
|rule|Species Clause: Limit one of each Pokémon
|rule|Item Clause: Limit 1 of each item
|clearpoke
|poke|p1|Gholdengo, L50|
|poke|p1|Amoonguss, L50, M|
|poke|p1|Basculegion, L50, M|
|poke|p1|Pelipper, L50, F|
|poke|p1|Incineroar, L50, F|
|poke|p1|Archaludon, L50, M|
|poke|p2|Pelipper, L50, M|
|poke|p2|Archaludon, L50, F|
|poke|p2|Sinistcha-Masterpiece, L50|
|poke|p2|Maushold, L50|
|poke|p2|Basculegion, L50, M|
|poke|p2|Kingambit, L50, M|
|teampreview|4
|showteam|p1|Gholdengo||LifeOrb|GoodasGold|MakeItRain,ShadowBall,NastyPlot,Protect||||||50|,,,,,Water]Amoonguss||SitrusBerry|Regenerator|Spore,RagePowder,PollenPuff,Protect|||M|||50|,,,,,Psychic]Basculegion||ChoiceBand|SwiftSwim|WaveCrash,FlipTurn,LastRespects,AquaJet|||M|||50|,,,,,Water]Pelipper||FocusSash|Drizzle|WeatherBall,Hurricane,Tailwind,Protect|||F|||50|,,,,,Ground]Incineroar||SafetyGoggles|Intimidate|FlareBlitz,KnockOff,PartingShot,FakeOut|||F|||50|,,,,,Ghost]Archaludon||AssaultVest|Stamina|ElectroShot,FlashCannon,DracoMeteor,BodyPress|||M|||50|,,,,,Bug
|showteam|p2|Pelipper||FocusSash|Drizzle|WeatherBall,Hurricane,Tailwind,Protect|||M|||50|,,,,,Grass]Archaludon||AssaultVest|Stamina|FlashCannon,BodyPress,ElectroShot,Snarl|||F|||50|,,,,,Fighting]Sinistcha-Masterpiece||SitrusBerry|Hospitality|RagePowder,MatchaGotcha,TrickRoom,LifeDew||||||50|,,,,,Water]Maushold||WideLens|Technician|Protect,Taunt,PopulationBomb,FollowMe||||||50|,,,,,Ghost]Basculegion||ChoiceScarf|Adaptability|WaveCrash,LastRespects,AquaJet,FlipTurn|||M|||50|,,,,,Water]Kingambit||SafetyGoggles|Defiant|KowtowCleave,SuckerPunch,SwordsDance,Protect|||M|||50|,,,,,Dark
|
|t:|1757810548
|teamsize|p1|4
|teamsize|p2|4
|start
|switch|p1a: Pelipper|Pelipper, L50, F|100/100
|switch|p1b: Basculegion|Basculegion, L50, M|100/100
|switch|p2a: Maushold|Maushold, L50|100/100
|switch|p2b: Kingambit|Kingambit, L50, M|100/100
|-weather|RainDance|[from] ability: Drizzle|[of] p1a: Pelipper
|turn|1
|
|t:|1757810577
|switch|p2a: Archaludon|Archaludon, L50, F|100/100
|-terastallize|p1b: Basculegion|Water
|move|p2b: Kingambit|Sucker Punch||[still]
|-fail|p2b: Kingambit
|move|p1b: Basculegion|Wave Crash|p2b: Kingambit
|-damage|p2b: Kingambit|0 fnt
|faint|p2b: Kingambit
|-damage|p1b: Basculegion|66/100|[from] Recoil
|move|p1a: Pelipper|Tailwind|p1a: Pelipper
|-sidestart|p1: patchspitzy|move: Tailwind
|
|-weather|RainDance|[upkeep]
|upkeep
|
|t:|1757810593
|switch|p2b: Maushold|Maushold, L50|100/100
|turn|2
|
|t:|1757810619
|switch|p1a: Archaludon|Archaludon, L50, M|100/100
|move|p2b: Maushold|Protect|p2b: Maushold
|-singleturn|p2b: Maushold|Protect
|move|p1b: Basculegion|Wave Crash|p2b: Maushold
|-activate|p2b: Maushold|move: Protect
|move|p2a: Archaludon|Electro Shot||[still]
|-prepare|p2a: Archaludon|Electro Shot
|-boost|p2a: Archaludon|spa|1
|-anim|p2a: Archaludon|Electro Shot|p1a: Archaludon
|-resisted|p1a: Archaludon
|-damage|p1a: Archaludon|81/100
|-ability|p1a: Archaludon|Stamina|boost
|-boost|p1a: Archaludon|def|1
|
|-weather|RainDance|[upkeep]
|upkeep
|turn|3
|
|t:|1757810653
|switch|p2b: Sinistcha|Sinistcha-Masterpiece, L50|100/100
|move|p1b: Basculegion|Wave Crash|p2b: Sinistcha
|-resisted|p2b: Sinistcha
|-damage|p2b: Sinistcha|11/100
|-enditem|p2b: Sinistcha|Sitrus Berry|[eat]
|-heal|p2b: Sinistcha|35/100|[from] item: Sitrus Berry
|-damage|p1b: Basculegion|39/100|[from] Recoil
|move|p1a: Archaludon|Body Press|p2a: Archaludon
|-supereffective|p2a: Archaludon
|-damage|p2a: Archaludon|59/100
|-ability|p2a: Archaludon|Stamina|boost
|-boost|p2a: Archaludon|def|1
|move|p2a: Archaludon|Electro Shot||[still]
|-prepare|p2a: Archaludon|Electro Shot
|-boost|p2a: Archaludon|spa|1
|-anim|p2a: Archaludon|Electro Shot|p1b: Basculegion
|-supereffective|p1b: Basculegion
|-damage|p1b: Basculegion|0 fnt
|faint|p1b: Basculegion
|
|-weather|RainDance|[upkeep]
|upkeep
|
|t:|1757810686
|switch|p1b: Incineroar|Incineroar, L50, F|100/100
|-ability|p1b: Incineroar|Intimidate|boost
|-unboost|p2a: Archaludon|atk|1
|-unboost|p2b: Sinistcha|atk|1
|turn|4
|
|t:|1757810719
|move|p2b: Sinistcha|Rage Powder|p2b: Sinistcha
|-singleturn|p2b: Sinistcha|move: Rage Powder
|move|p1a: Archaludon|Draco Meteor|p2b: Sinistcha|[miss]
|-miss|p1a: Archaludon|p2b: Sinistcha
|move|p1b: Incineroar|Knock Off|p2b: Sinistcha
|-supereffective|p2b: Sinistcha
|-damage|p2b: Sinistcha|0 fnt
|faint|p2b: Sinistcha
|move|p2a: Archaludon|Body Press|p1a: Archaludon
|-supereffective|p1a: Archaludon
|-damage|p1a: Archaludon|37/100
|-ability|p1a: Archaludon|Stamina|boost
|-boost|p1a: Archaludon|def|1
|
|-weather|RainDance|[upkeep]
|-sideend|p1: patchspitzy|move: Tailwind
|upkeep
|
|t:|1757810728
|switch|p2b: Maushold|Maushold, L50|100/100
|turn|5
|
|t:|1757810765
|-terastallize|p2a: Archaludon|Fighting
|move|p2b: Maushold|Population Bomb|p1b: Incineroar
|-damage|p1b: Incineroar|91/100
|-damage|p1b: Incineroar|81/100
|-damage|p1b: Incineroar|71/100
|-damage|p1b: Incineroar|61/100
|-damage|p1b: Incineroar|50/100
|-damage|p1b: Incineroar|41/100
|-damage|p1b: Incineroar|32/100
|-damage|p1b: Incineroar|21/100
|-damage|p1b: Incineroar|11/100
|-damage|p1b: Incineroar|1/100
|-hitcount|p1b: Incineroar|10
|move|p1a: Archaludon|Draco Meteor|p2a: Archaludon
|-damage|p2a: Archaludon|16/100
|-unboost|p1a: Archaludon|spa|2
|-ability|p2a: Archaludon|Stamina|boost
|-boost|p2a: Archaludon|def|1
|move|p2a: Archaludon|Body Press|p1a: Archaludon
|-supereffective|p1a: Archaludon
|-damage|p1a: Archaludon|0 fnt
|faint|p1a: Archaludon
|move|p1b: Incineroar|Parting Shot|p2a: Archaludon
|-unboost|p2a: Archaludon|atk|1
|-unboost|p2a: Archaludon|spa|1
|
|t:|1757810789
|switch|p1b: Pelipper|Pelipper, L50, F|100/100|[from] Parting Shot
|
|-weather|none
|upkeep
|
|t:|1757810793
|switch|p1a: Incineroar|Incineroar, L50, F|1/100
|-ability|p1a: Incineroar|Intimidate|boost
|-unboost|p2a: Archaludon|atk|1
|-unboost|p2b: Maushold|atk|1
|turn|6
|
|t:|1757810816
|move|p1a: Incineroar|Fake Out|p2a: Archaludon
|-damage|p2a: Archaludon|12/100
|-ability|p2a: Archaludon|Stamina|boost
|-boost|p2a: Archaludon|def|1
|move|p2b: Maushold|Follow Me|p2b: Maushold
|-singleturn|p2b: Maushold|move: Follow Me
|move|p1b: Pelipper|Tailwind|p1b: Pelipper
|-sidestart|p1: patchspitzy|move: Tailwind
|cant|p2a: Archaludon|flinch
|
|upkeep
|turn|7
|
|t:|1757810861
|move|p1b: Pelipper|Weather Ball|p2a: Archaludon
|-damage|p2a: Archaludon|0 fnt
|faint|p2a: Archaludon
|move|p2b: Maushold|Population Bomb|p1b: Pelipper|[miss]
|-miss|p2b: Maushold|p1b: Pelipper
|move|p1a: Incineroar|Knock Off|p2b: Maushold
|-damage|p2b: Maushold|33/100
|-enditem|p2b: Maushold|Wide Lens|[from] move: Knock Off|[of] p1a: Incineroar
|
|upkeep
|turn|8
|
|t:|1757810876
|move|p1b: Pelipper|Weather Ball|p2b: Maushold
|-damage|p2b: Maushold|11/100
|move|p2b: Maushold|Population Bomb|p1a: Incineroar
|-damage|p1a: Incineroar|0 fnt
|faint|p1a: Incineroar
|-hitcount|p1: Incineroar|1
|
|upkeep
|turn|9
|
|t:|1757810886
|move|p2b: Maushold|Protect|p2b: Maushold
|-singleturn|p2b: Maushold|Protect
|move|p1b: Pelipper|Weather Ball|p2b: Maushold
|-activate|p2b: Maushold|move: Protect
|
|-sideend|p1: patchspitzy|move: Tailwind
|upkeep
|turn|10
|
|t:|1757810891
|move|p2b: Maushold|Population Bomb|p1b: Pelipper
|-damage|p1b: Pelipper|89/100
|-damage|p1b: Pelipper|78/100
|-damage|p1b: Pelipper|67/100
|-damage|p1b: Pelipper|56/100
|-damage|p1b: Pelipper|45/100
|-damage|p1b: Pelipper|36/100
|-damage|p1b: Pelipper|25/100
|-hitcount|p1b: Pelipper|7
|move|p1b: Pelipper|Weather Ball|p2b: Maushold
|-damage|p2b: Maushold|0 fnt
|faint|p2b: Maushold
|
|win|patchspitzy
|l|☆patchspitzy
|player|p1|
|l|☆5NitesAtTrickRoom
|player|p2|
|j|☆5NitesAtTrickRoom
|player|p2|5NitesAtTrickRoom|hilbert|
