|j|☆itsvalkyrie
|j|☆Mahdrescher
|html|itsvalkyrieMahdrescher    
|uhtml|bestof|Game 1 of a best-of-3
|t:|1756761217
|gametype|doubles
|player|p1|itsvalkyrie|clerkf|1078
|player|p2|Mahdrescher|266|1192
|gen|9
|tier|[Gen 9] VGC 2025 Reg H (Bo3)
|rated|
|rule|Species Clause: Limit one of each Pokémon
|rule|Item Clause: Limit 1 of each item
|clearpoke
|poke|p1|Ursaluna, L50, F|
|poke|p1|Gholdengo, L50|
|poke|p1|Porygon2, L50|
|poke|p1|Amoonguss, L50, M|
|poke|p1|Incineroar, L50, F|
|poke|p1|Hydreigon, L50, F|
|poke|p2|Annihilape, L50, M|
|poke|p2|Rillaboom, L50, M|
|poke|p2|Gholdengo, L50|
|poke|p2|Ursaluna-Bloodmoon, L50, M|
|poke|p2|Incineroar, L50, M|
|poke|p2|Dragonite, L50, F|
|teampreview|4
|showteam|p1|Ursaluna||FlameOrb|Guts|Facade,Earthquake,HeadlongRush,Protect|||F|||50|,,,,,Ghost]Gholdengo||LifeOrb|GoodasGold|MakeItRain,ShadowBall,NastyPlot,Protect||||||50|,,,,,Water]Porygon2||Eviolite|Download|TeraBlast,IceBeam,Recover,TrickRoom||||||50|,,,,,Fighting]Amoonguss||CovertCloak|Regenerator|PollenPuff,ClearSmog,RagePowder,Spore|||M|||50|,,,,,Water]Incineroar||SitrusBerry|Intimidate|FakeOut,FlareBlitz,KnockOff,PartingShot|||F|||50|,,,,,Ghost]Hydreigon||SafetyGoggles|Levitate|DracoMeteor,Snarl,Tailwind,Protect|||F|||50|,,,,,Ghost
|showteam|p2|Annihilape||SafetyGoggles|Defiant|CloseCombat,RageFist,FinalGambit,Taunt|||M|||50|,,,,,Water]Rillaboom||AssaultVest|GrassySurge|WoodHammer,GrassyGlide,HighHorsepower,FakeOut|||M|||50|,,,,,Fire]Gholdengo||LifeOrb|GoodasGold|MakeItRain,ShadowBall,NastyPlot,Protect||||||50|,,,,,Water]Ursaluna-Bloodmoon||FocusSash|MindsEye|HyperVoice,BloodMoon,EarthPower,Protect|||M|||50|,,,,,Normal]Incineroar||SitrusBerry|Intimidate|FlareBlitz,KnockOff,PartingShot,FakeOut|||M|||50|,,,,,Ghost]Dragonite||LoadedDice|Multiscale|ScaleShot,Haze,Tailwind,Protect|||F|||50|,,,,,Steel
|inactive|Battle timer is ON: inactive players will automatically lose when time's up. (requested by itsvalkyrie)
|inactive|itsvalkyrie has 60 seconds left.
|inactive|Mahdrescher has 60 seconds left.
|inactive|itsvalkyrie has 30 seconds left.
|
|t:|1756761280
|teamsize|p1|4
|teamsize|p2|4
|start
|switch|p1a: Gholdengo|Gholdengo, L50|100/100
|switch|p1b: Hydreigon|Hydreigon, L50, F|100/100
|switch|p2a: Annihilape|Annihilape, L50, M|100/100
|switch|p2b: Dragonite|Dragonite, L50, F|100/100
|turn|1
|inactive|itsvalkyrie has 30 seconds left.
|inactive|Mahdrescher has 30 seconds left.
|inactive|Mahdrescher has 20 seconds left.
|inactive|Mahdrescher has 15 seconds left.
|inactive|Mahdrescher has 10 seconds left.
|
|t:|1756761328
|switch|p2a: Incineroar|Incineroar, L50, M|100/100
|-ability|p2a: Incineroar|Intimidate|boost
|-unboost|p1a: Gholdengo|atk|1
|-unboost|p1b: Hydreigon|atk|1
|-terastallize|p2b: Dragonite|Steel
|move|p1b: Hydreigon|Tailwind|p1b: Hydreigon
|-sidestart|p1: itsvalkyrie|move: Tailwind
|move|p1a: Gholdengo|Shadow Ball|p2a: Incineroar
|-resisted|p2a: Incineroar
|-crit|p2a: Incineroar
|-damage|p2a: Incineroar|58/100
|-damage|p1a: Gholdengo|91/100|[from] item: Life Orb
|move|p2b: Dragonite|Scale Shot|p1b: Hydreigon
|-supereffective|p1b: Hydreigon
|-damage|p1b: Hydreigon|70/100
|-supereffective|p1b: Hydreigon
|-damage|p1b: Hydreigon|36/100
|-supereffective|p1b: Hydreigon
|-damage|p1b: Hydreigon|0 fnt
|faint|p1b: Hydreigon
|-hitcount|p1: Hydreigon|3
|-unboost|p2b: Dragonite|def|1
|-boost|p2b: Dragonite|spe|1
|
|upkeep
|
|t:|1756761349
|switch|p1b: Amoonguss|Amoonguss, L50, M|100/100
|turn|2
|inactive|Mahdrescher has 30 seconds left.
|
|t:|1756761384
|-terastallize|p1a: Gholdengo|Water
|move|p2a: Incineroar|Fake Out|p1b: Amoonguss
|-damage|p1b: Amoonguss|90/100
|move|p1a: Gholdengo|Nasty Plot|p1a: Gholdengo
|-boost|p1a: Gholdengo|spa|2
|move|p2b: Dragonite|Tailwind|p2b: Dragonite
|-sidestart|p2: Mahdrescher|move: Tailwind
|move|p1b: Amoonguss|Spore|p2b: Dragonite
|-status|p2b: Dragonite|slp|[from] move: Spore
|
|upkeep
|turn|3
|inactive|itsvalkyrie has 30 seconds left.
|
|t:|1756761412
|move|p1b: Amoonguss|Rage Powder|p1b: Amoonguss
|-singleturn|p1b: Amoonguss|move: Rage Powder
|cant|p2b: Dragonite|slp
|move|p1a: Gholdengo|Make It Rain|p2a: Incineroar|[spread] p2a,p2b
|-resisted|p2a: Incineroar
|-resisted|p2b: Dragonite
|-damage|p2a: Incineroar|3/100
|-damage|p2b: Dragonite|69/100 slp
|-unboost|p1a: Gholdengo|spa|1
|-enditem|p2a: Incineroar|Sitrus Berry|[eat]
|-heal|p2a: Incineroar|28/100|[from] item: Sitrus Berry
|-damage|p1a: Gholdengo|82/100|[from] item: Life Orb
|move|p2a: Incineroar|Flare Blitz|p1b: Amoonguss
|-supereffective|p1b: Amoonguss
|-damage|p1b: Amoonguss|0 fnt
|faint|p1b: Amoonguss
|-damage|p2a: Incineroar|0 fnt|[from] Recoil
|faint|p2a: Incineroar
|
|upkeep
|inactive|Mahdrescher has 30 seconds left.
|
|t:|1756761444
|switch|p2a: Annihilape|Annihilape, L50, M|100/100
|switch|p1b: Porygon2|Porygon2, L50|100/100
|-ability|p1b: Porygon2|Download|boost
|-boost|p1b: Porygon2|atk|1
|turn|4
|inactive|Mahdrescher has 30 seconds left.
|inactive|Mahdrescher has 20 seconds left.
|
|t:|1756761484
|cant|p2b: Dragonite|slp
|move|p2a: Annihilape|Final Gambit|p1a: Gholdengo
|-damage|p1a: Gholdengo|0 fnt
|faint|p2a: Annihilape
|faint|p1a: Gholdengo
|move|p1b: Porygon2|Ice Beam|p2b: Dragonite
|-resisted|p2b: Dragonite
|-damage|p2b: Dragonite|56/100 slp
|
|-sideend|p1: itsvalkyrie|move: Tailwind
|upkeep
|
|t:|1756761493
|switch|p2a: Ursaluna|Ursaluna-Bloodmoon, L50, M|100/100
|turn|5
|
|t:|1756761507
|cant|p2b: Dragonite|slp
|move|p2a: Ursaluna|Blood Moon|p1b: Porygon2
|-damage|p1b: Porygon2|50/100
|move|p1b: Porygon2|Ice Beam|p2a: Ursaluna
|-supereffective|p2a: Ursaluna
|-damage|p2a: Ursaluna|30/100
|
|-sideend|p2: Mahdrescher|move: Tailwind
|upkeep
|turn|6
|
|t:|1756761525
|-curestatus|p2b: Dragonite|slp|[msg]
|move|p2b: Dragonite|Scale Shot|p1b: Porygon2
|-damage|p1b: Porygon2|41/100
|-damage|p1b: Porygon2|30/100
|-damage|p1b: Porygon2|19/100
|-damage|p1b: Porygon2|9/100
|-hitcount|p1b: Porygon2|4
|-unboost|p2b: Dragonite|def|1
|-boost|p2b: Dragonite|spe|1
|move|p2a: Ursaluna|Hyper Voice|p1b: Porygon2
|-crit|p1b: Porygon2
|-damage|p1b: Porygon2|0 fnt
|faint|p1b: Porygon2
|
|win|Mahdrescher
||itsvalkyrie is ready for game 2.
|inactive|Mahdrescher has 30 seconds to confirm battle start!
||Mahdrescher is ready for game 2.
|uhtml|next|Next: Game 2 of 3
|l|☆Mahdrescher
|player|p2|
