|j|☆BackonmyPittBull
|j|☆Mamoswinefanboi
|html|BackonmyPittBullMamoswinefanboi    
|uhtml|bestof|Game 3 of a best-of-3
|t:|1757795518
|gametype|doubles
|player|p1|BackonmyPittBull|n|1414
|player|p2|Mamoswinefanboi|169|1481
|gen|9
|tier|[Gen 9] VGC 2025 Reg H (Bo3)
|rated|
|rule|Species Clause: Limit one of each Pokémon
|rule|Item Clause: Limit 1 of each item
|clearpoke
|poke|p1|Annihilape, L50, M|
|poke|p1|Sinistcha, L50|
|poke|p1|Ursaluna-Bloodmoon, L50, M|
|poke|p1|Ninetales-Alola, L50, F|
|poke|p1|Maushold, L50|
|poke|p1|Dragonite, L50, F|
|poke|p2|Dragonite, L50, M|
|poke|p2|Gholdengo, L50|
|poke|p2|Rillaboom, L50, F|
|poke|p2|Ursaluna-Bloodmoon, L50, M|
|poke|p2|Incineroar, L50, F|
|poke|p2|Sneasler, L50, F|
|teampreview|4
|showteam|p1|Annihilape||SafetyGoggles|Defiant|RageFist,DrainPunch,Protect,BulkUp|||M|||50|,,,,,Fire]Sinistcha||SitrusBerry|Hospitality|MatchaGotcha,LifeDew,RagePowder,TrickRoom||||||50|,,,,,Dark]Ursaluna-Bloodmoon||AssaultVest|MindsEye|BloodMoon,VacuumWave,HyperVoice,EarthPower|||M|||50|,,,,,Water]Ninetales-Alola||LightClay|SnowWarning|Encore,AuroraVeil,IcyWind,Blizzard|||F|||50|,,,,,Ghost]Maushold||FocusSash|FriendGuard|BeatUp,FollowMe,Protect,SuperFang||||||50|,,,,,Ghost]Dragonite||LoadedDice|Multiscale|ScaleShot,StompingTantrum,Tailwind,Protect|||F|||50|,,,,,Steel
|showteam|p2|Dragonite||LoadedDice|Multiscale|Tailwind,Haze,Protect,ScaleShot|||M|||50|,,,,,Fairy]Gholdengo||LifeOrb|GoodasGold|MakeItRain,ShadowBall,NastyPlot,Protect||||||50|,,,,,Water]Rillaboom||MiracleSeed|GrassySurge|WoodHammer,GrassyGlide,FakeOut,HighHorsepower|||F|||50|,,,,,Fire]Ursaluna-Bloodmoon||AssaultVest|MindsEye|BloodMoon,EarthPower,HyperVoice,VacuumWave|||M|||50|,,,,,Bug]Incineroar||SafetyGoggles|Intimidate|FakeOut,FlareBlitz,KnockOff,PartingShot|||F|||50|,,,,,Ghost]Sneasler||GrassySeed|Unburden|CloseCombat,DireClaw,ThroatChop,Protect|||F|||50|,,,,,Dark
|
|t:|1757795565
|teamsize|p1|4
|teamsize|p2|4
|start
|switch|p1a: Ninetales|Ninetales-Alola, L50, F|100/100
|switch|p1b: Annihilape|Annihilape, L50, M|100/100
|switch|p2a: Sneasler|Sneasler, L50, F|100/100
|switch|p2b: Rillaboom|Rillaboom, L50, F|100/100
|-weather|Snowscape|[from] ability: Snow Warning|[of] p1a: Ninetales
|-fieldstart|move: Grassy Terrain|[from] ability: Grassy Surge|[of] p2b: Rillaboom
|-enditem|p2a: Sneasler|Grassy Seed
|-boost|p2a: Sneasler|def|1|[from] item: Grassy Seed
|turn|1
|
|t:|1757795575
|move|p2b: Rillaboom|Grassy Glide|p1a: Ninetales
|-damage|p1a: Ninetales|67/100
|move|p2a: Sneasler|Dire Claw|p1a: Ninetales
|-supereffective|p1a: Ninetales
|-damage|p1a: Ninetales|0 fnt
|faint|p1a: Ninetales
|move|p1b: Annihilape|Bulk Up|p1b: Annihilape
|-boost|p1b: Annihilape|atk|1
|-boost|p1b: Annihilape|def|1
|
|-weather|Snowscape|[upkeep]
|upkeep
|
|t:|1757795591
|switch|p1a: Sinistcha|Sinistcha, L50|100/100
|turn|2
|
|t:|1757795600
|-terastallize|p2a: Sneasler|Dark
|move|p2b: Rillaboom|Grassy Glide|p1a: Sinistcha
|-resisted|p1a: Sinistcha
|-damage|p1a: Sinistcha|85/100
|move|p2a: Sneasler|Throat Chop|p1a: Sinistcha
|-supereffective|p1a: Sinistcha
|-damage|p1a: Sinistcha|16/100
|-start|p1a: Sinistcha|Throat Chop|[silent]
|-enditem|p1a: Sinistcha|Sitrus Berry|[eat]
|-heal|p1a: Sinistcha|41/100|[from] item: Sitrus Berry
|move|p1b: Annihilape|Bulk Up|p1b: Annihilape
|-boost|p1b: Annihilape|atk|1
|-boost|p1b: Annihilape|def|1
|move|p1a: Sinistcha|Trick Room|p1a: Sinistcha
|-fieldstart|move: Trick Room|[of] p1a: Sinistcha
|
|-weather|Snowscape|[upkeep]
|-heal|p1a: Sinistcha|47/100|[from] Grassy Terrain
|upkeep
|turn|3
|
|t:|1757795630
|switch|p2b: Ursaluna|Ursaluna-Bloodmoon, L50, M|100/100
|switch|p2a: Dragonite|Dragonite, L50, M|100/100
|move|p1a: Sinistcha|Matcha Gotcha|p2b: Ursaluna|[spread] p2a,p2b
|-resisted|p2a: Dragonite
|-supereffective|p2b: Ursaluna
|-damage|p2a: Dragonite|96/100
|-heal|p1a: Sinistcha|49/100|[from] drain|[of] p2a: Dragonite
|-damage|p2b: Ursaluna|51/100
|-heal|p1a: Sinistcha|80/100|[from] drain|[of] p2b: Ursaluna
|move|p1b: Annihilape|Drain Punch|p2a: Dragonite
|-resisted|p2a: Dragonite
|-damage|p2a: Dragonite|64/100
|
|-weather|Snowscape|[upkeep]
|-heal|p2b: Ursaluna|57/100|[from] Grassy Terrain
|-heal|p1a: Sinistcha|86/100|[from] Grassy Terrain
|-end|p1a: Sinistcha|Throat Chop|[silent]
|upkeep
|turn|4
|
|t:|1757795657
|switch|p1b: Ursaluna|Ursaluna-Bloodmoon, L50, M|100/100
|move|p2b: Ursaluna|Blood Moon|p1a: Sinistcha
|-damage|p1a: Sinistcha|4/100
|move|p1a: Sinistcha|Matcha Gotcha|p2b: Ursaluna|[spread] p2a,p2b
|-resisted|p2a: Dragonite
|-supereffective|p2b: Ursaluna
|-damage|p2a: Dragonite|56/100
|-heal|p1a: Sinistcha|8/100|[from] drain|[of] p2a: Dragonite
|-damage|p2b: Ursaluna|7/100
|-heal|p1a: Sinistcha|39/100|[from] drain|[of] p2b: Ursaluna
|move|p2a: Dragonite|Haze|p2a: Dragonite
|-clearallboost
|
|-weather|Snowscape|[upkeep]
|-heal|p2b: Ursaluna|13/100|[from] Grassy Terrain
|-heal|p1a: Sinistcha|45/100|[from] Grassy Terrain
|upkeep
|turn|5
|
|t:|1757795695
|switch|p1a: Annihilape|Annihilape, L50, M|100/100
|move|p2a: Dragonite|Protect|p2a: Dragonite
|-singleturn|p2a: Dragonite|Protect
|move|p1b: Ursaluna|Hyper Voice|p2b: Ursaluna|[spread] p2b
|-activate|p2a: Dragonite|move: Protect
|-crit|p2b: Ursaluna
|-damage|p2b: Ursaluna|0 fnt
|faint|p2b: Ursaluna
|
|-weather|none
|-fieldend|move: Grassy Terrain
|upkeep
|
|t:|1757795698
|switch|p2b: Rillaboom|Rillaboom, L50, F|100/100
|-fieldstart|move: Grassy Terrain|[from] ability: Grassy Surge|[of] p2b: Rillaboom
|turn|6
|
|t:|1757795731
|switch|p1b: Sinistcha|Sinistcha, L50|45/100
|move|p2b: Rillaboom|Fake Out|p1b: Sinistcha
|-immune|p1b: Sinistcha
|move|p2a: Dragonite|Scale Shot|p1b: Sinistcha
|-damage|p1b: Sinistcha|33/100
|-damage|p1b: Sinistcha|20/100
|-damage|p1b: Sinistcha|8/100
|-damage|p1b: Sinistcha|0 fnt
|faint|p1b: Sinistcha
|-hitcount|p1: Sinistcha|4
|-unboost|p2a: Dragonite|def|1
|-boost|p2a: Dragonite|spe|1
|move|p1a: Annihilape|Bulk Up|p1a: Annihilape
|-boost|p1a: Annihilape|atk|1
|-boost|p1a: Annihilape|def|1
|
|-fieldend|move: Trick Room
|upkeep
|
|t:|1757795741
|switch|p1b: Ursaluna|Ursaluna-Bloodmoon, L50, M|100/100
|turn|7
|
|t:|1757795770
|move|p2a: Dragonite|Tailwind|p2a: Dragonite
|-sidestart|p2: Mamoswinefanboi|move: Tailwind
|move|p2b: Rillaboom|Wood Hammer|p1b: Ursaluna
|-supereffective|p1b: Ursaluna
|-damage|p1b: Ursaluna|0 fnt
|faint|p1b: Ursaluna
|-damage|p2b: Rillaboom|65/100|[from] Recoil
|move|p1a: Annihilape|Rage Fist|p2b: Rillaboom
|-damage|p2b: Rillaboom|37/100
|
|-heal|p2b: Rillaboom|43/100|[from] Grassy Terrain
|upkeep
|turn|8
|
|t:|1757795792
|-terastallize|p1a: Annihilape|Fire
|move|p2a: Dragonite|Haze|p2a: Dragonite
|-clearallboost
|move|p2b: Rillaboom|Wood Hammer|p1a: Annihilape
|-resisted|p1a: Annihilape
|-damage|p1a: Annihilape|52/100
|-damage|p2b: Rillaboom|27/100|[from] Recoil
|move|p1a: Annihilape|Drain Punch|p2b: Rillaboom
|-damage|p2b: Rillaboom|0 fnt
|-heal|p1a: Annihilape|65/100|[from] drain|[of] p2b: Rillaboom
|faint|p2b: Rillaboom
|
|-heal|p1a: Annihilape|72/100|[from] Grassy Terrain
|upkeep
|
|t:|1757795794
|switch|p2b: Sneasler|Sneasler, L50, F, tera:Dark|100/100
|turn|9
|
|t:|1757795810
|move|p1a: Annihilape|Protect|p1a: Annihilape
|-singleturn|p1a: Annihilape|Protect
|move|p2b: Sneasler|Close Combat|p1a: Annihilape
|-activate|p1a: Annihilape|move: Protect
|move|p2a: Dragonite|Scale Shot|p1a: Annihilape
|-activate|p1a: Annihilape|move: Protect
|
|-heal|p1a: Annihilape|78/100|[from] Grassy Terrain
|upkeep
|turn|10
|
|t:|1757795824
|move|p2b: Sneasler|Close Combat|p1a: Annihilape
|-damage|p1a: Annihilape|8/100
|-unboost|p2b: Sneasler|def|1
|-unboost|p2b: Sneasler|spd|1
|move|p2a: Dragonite|Scale Shot|p1a: Annihilape
|-damage|p1a: Annihilape|0 fnt
|faint|p1a: Annihilape
|-hitcount|p1: Annihilape|1
|
|win|Mamoswinefanboi
|raw|BackonmyPittBull's rating: 1414 → 1398(-16 for losing)
|raw|Mamoswinefanboi's rating: 1481 → 1497(+16 for winning)
|l|☆Mamoswinefanboi
|player|p2|
|c|☆BackonmyPittBull|gg
|l|☆BackonmyPittBull
|player|p1|
