|j|☆watergoat52
|j|☆okkoso
|html|watergoat52okkoso    
|uhtml|bestof|Game 1 of a best-of-3
|t:|1756431690
|gametype|doubles
|player|p1|watergoat52|blackbelt-gen4dp|1003
|player|p2|okkoso|waiter-gen4dp|1004
|gen|9
|tier|[Gen 9] VGC 2025 Reg H (Bo3)
|rated|
|rule|Species Clause: Limit one of each Pokémon
|rule|Item Clause: Limit 1 of each item
|clearpoke
|poke|p1|Greedent, L50, M|
|poke|p1|Rabsca, L50, F|
|poke|p1|Yanmega, L50, F|
|poke|p1|Sableye, L50, M|
|poke|p1|Drifblim, L50, M|
|poke|p2|Muk-Alola, L50, F|
|poke|p2|Smeargle, L50, M|
|poke|p2|Maushold-Four, L50|
|poke|p2|Annihilape, L50, F|
|poke|p2|Sinistcha, L50|
|poke|p2|Archaludon, L50, F|
|teampreview|4
|showteam|p1|Greedent||SitrusBerry|CheekPouch|BellyDrum,Protect,Earthquake,KnockOff|||M|||50|,,,,,Ghost]Rabsca||CovertCloak|Telepathy|StruggleBug,Gravity,RevivalBlessing,TrickRoom|||F|||50|,,,,,Dragon]Yanmega||FocusSash|SpeedBoost|AirSlash,Hypnosis,Protect,DoubleTeam|||F|||50|,,,,,Dark]Sableye||MentalHerb|Prankster|Gravity,Disable,FakeOut,Encore|||M|||50|,,,,,Flying]Drifblim||Leftovers|Aftermath|StrengthSap,TrickRoom,ClearSmog,Minimize|||M|||50|,,,,,Ghost
|showteam|p2|Muk-Alola||BlackSludge|PowerofAlchemy|Minimize,KnockOff,Protect,DrainPunch|||F|||50|,,,,,Poison]Smeargle||FocusSash|Moody|FakeOut,Spore,Decorate,FollowMe|||M|||50|,,,,,Grass]Maushold-Four||SafetyGoggles|FriendGuard|PopulationBomb,Protect,FollowMe,BeatUp||||||50|,,,,,Ghost]Annihilape||ExpertBelt|Defiant|BulkUp,DrainPunch,RageFist,Protect|||F|||50|,,,,,Water]Sinistcha||SitrusBerry|Hospitality|MatchaGotcha,ShadowBall,CalmMind,RagePowder||||||50|,,,,,Ghost]Archaludon||AssaultVest|Stamina|DracoMeteor,ElectroShot,BodyPress,DragonPulse|||F|||50|,,,,,Water
|
|t:|1756431730
|teamsize|p1|4
|teamsize|p2|4
|start
|switch|p1a: Yanmega|Yanmega, L50, F|100/100
|switch|p1b: Sableye|Sableye, L50, M|100/100
|switch|p2a: Annihilape|Annihilape, L50, F|100/100
|switch|p2b: Maushold|Maushold-Four, L50|100/100
|turn|1
|
|t:|1756431755
|move|p1b: Sableye|Gravity|p1b: Sableye
|-fieldstart|move: Gravity
|move|p2b: Maushold|Beat Up|p2a: Annihilape
|-damage|p2a: Annihilape|98/100
|-damage|p2a: Annihilape|96/100
|-damage|p2a: Annihilape|94/100
|-damage|p2a: Annihilape|93/100
|-hitcount|p2a: Annihilape|4
|move|p1a: Yanmega|Hypnosis|p2a: Annihilape
|-status|p2a: Annihilape|slp|[from] move: Hypnosis
|cant|p2a: Annihilape|slp
|
|-ability|p1a: Yanmega|Speed Boost|boost
|-boost|p1a: Yanmega|spe|1
|upkeep
|turn|2
|
|t:|1756431782
|switch|p1b: Greedent|Greedent, L50, M|100/100
|move|p1a: Yanmega|Hypnosis|p2b: Maushold
|-status|p2b: Maushold|slp|[from] move: Hypnosis
|cant|p2b: Maushold|slp
|-curestatus|p2a: Annihilape|slp|[msg]
|move|p2a: Annihilape|Rage Fist|p1b: Greedent
|-immune|p1b: Greedent
|
|-ability|p1a: Yanmega|Speed Boost|boost
|-boost|p1a: Yanmega|spe|1
|upkeep
|turn|3
|inactive|Battle timer is ON: inactive players will automatically lose when time's up. (requested by watergoat52)
|
|t:|1756431800
|cant|p2b: Maushold|slp
|move|p1a: Yanmega|Hypnosis|p2a: Annihilape
|-status|p2a: Annihilape|slp|[from] move: Hypnosis
|cant|p2a: Annihilape|slp
|move|p1b: Greedent|Belly Drum|p1b: Greedent
|-damage|p1b: Greedent|50/100
|-setboost|p1b: Greedent|atk|6|[from] move: Belly Drum
|-enditem|p1b: Greedent|Sitrus Berry|[eat]
|-heal|p1b: Greedent|75/100|[from] item: Sitrus Berry
|-heal|p1b: Greedent|100/100|[from] ability: Cheek Pouch
|
|-ability|p1a: Yanmega|Speed Boost|boost
|-boost|p1a: Yanmega|spe|1
|upkeep
|turn|4
|inactive|watergoat52 has 30 seconds left.
|
|t:|1756431827
|move|p1a: Yanmega|Double Team|p1a: Yanmega
|-boost|p1a: Yanmega|evasion|1
|cant|p2b: Maushold|slp
|cant|p2a: Annihilape|slp
|move|p1b: Greedent|Earthquake|p2b: Maushold|[spread] p1a,p2a,p2b
|-resisted|p1a: Yanmega
|-damage|p1a: Yanmega|55/100
|-damage|p2a: Annihilape|21/100 slp
|-damage|p2b: Maushold|0 fnt
|faint|p2b: Maushold
|
|-ability|p1a: Yanmega|Speed Boost|boost
|-boost|p1a: Yanmega|spe|1
|upkeep
|
|t:|1756431840
|switch|p2b: Smeargle|Smeargle, L50, M|100/100
|turn|5
|
|t:|1756431861
|move|p1a: Yanmega|Hypnosis|p2b: Smeargle
|-status|p2b: Smeargle|slp|[from] move: Hypnosis
|cant|p2b: Smeargle|slp
|-curestatus|p2a: Annihilape|slp|[msg]
|move|p2a: Annihilape|Rage Fist|p1a: Yanmega
|-damage|p1a: Yanmega|0 fnt
|faint|p1a: Yanmega
|move|p1b: Greedent|Knock Off|p2b: Smeargle
|-enditem|p2b: Smeargle|Focus Sash
|-damage|p2b: Smeargle|1/100 slp
|
|-fieldend|move: Gravity
|-ability|p2b: Smeargle|Moody|boost
|-boost|p2b: Smeargle|spe|2
|-unboost|p2b: Smeargle|atk|1
|upkeep
|
|t:|1756431881
|switch|p1a: Sableye|Sableye, L50, M|100/100
|turn|6
|
|t:|1756431896
|-terastallize|p1a: Sableye|Flying
|move|p1a: Sableye|Encore|p2a: Annihilape
|-start|p2a: Annihilape|Encore
|cant|p2b: Smeargle|slp
|move|p2a: Annihilape|Rage Fist|p1b: Greedent
|-immune|p1b: Greedent
|move|p1b: Greedent|Earthquake|p2a: Annihilape|[spread] p2a,p2b
|-immune|p1a: Sableye
|-damage|p2a: Annihilape|0 fnt
|-damage|p2b: Smeargle|0 fnt
|faint|p2a: Annihilape
|faint|p2b: Smeargle
|
|upkeep
|
|t:|1756431908
|switch|p2b: Archaludon|Archaludon, L50, F, shiny|100/100
|turn|7
|inactive|watergoat52 has 30 seconds left.
|
|t:|1756431934
|-terastallize|p2b: Archaludon|Water
|move|p1b: Greedent|Protect|p1b: Greedent
|-singleturn|p1b: Greedent|Protect
|move|p1a: Sableye|Fake Out||[still]
|-hint|Fake Out only works on your first turn out.
|-fail|p1a: Sableye
|move|p2b: Archaludon|Body Press|p1b: Greedent
|-activate|p1b: Greedent|move: Protect
|
|upkeep
|turn|8
|
|t:|1756431958
|move|p1a: Sableye|Disable|p2b: Archaludon
|-start|p2b: Archaludon|Disable|Body Press
|cant|p2b: Archaludon|Disable|Body Press
|move|p1b: Greedent|Knock Off|p2b: Archaludon
|-damage|p2b: Archaludon|0 fnt
|-enditem|p2b: Archaludon|Assault Vest|[from] move: Knock Off|[of] p1b: Greedent
|faint|p2b: Archaludon
|
|win|watergoat52
||watergoat52 is ready for game 2.
||okkoso is ready for game 2.
|uhtml|next|Next: Game 2 of 3
|l|☆watergoat52
|player|p1|
