|j|☆jogo2106
|j|☆xx_junior_rx7_xx
|html|jogo2106xx_junior_rx7_xx    
|uhtml|bestof|Game 2 of a best-of-3
|t:|1756867174
|gametype|doubles
|player|p1|jogo2106|1|1044
|player|p2|xx_junior_rx7_xx|102|1109
|gen|9
|tier|[Gen 9] VGC 2025 Reg H (Bo3)
|rated|
|rule|Species Clause: Limit one of each Pokémon
|rule|Item Clause: Limit 1 of each item
|clearpoke
|poke|p1|Incineroar, L50, F|
|poke|p1|Whimsicott, L50, F|
|poke|p1|Chandelure, L50, F|
|poke|p1|Garchomp, L50, M|
|poke|p1|Amoonguss, L50, F|
|poke|p1|Espeon, L50, M|
|poke|p2|Tyranitar, L50, M|
|poke|p2|Excadrill, L50, F|
|poke|p2|Magmar, L50, F|
|poke|p2|Sneasler, L50, F|
|poke|p2|Corviknight, L50, M|
|poke|p2|Indeedee, L50, M|
|teampreview|4
|showteam|p1|Incineroar||SitrusBerry|Intimidate|FakeOut,KnockOff,FlareBlitz,PartingShot|||F|||50|,,,,,Grass]Whimsicott||CovertCloak|Prankster|Tailwind,Encore,Taunt,Moonblast|||F|||50|,,,,,Water]Chandelure||LifeOrb|FlashFire|ShadowBall,Overheat,Haze,Protect|||F|||50|,,,,,Normal]Garchomp||ChoiceBand|RoughSkin|Earthquake,Outrage,StompingTantrum,TeraBlast|||M|||50|,,,,,Fairy]Amoonguss||RockyHelmet|Regenerator|RagePowder,Spore,ClearSmog,PollenPuff|||F|||50|,,,,,Fire]Espeon||FocusSash|MagicBounce|HelpingHand,DazzlingGleam,ExpandingForce,TeraBlast|||M|||50|,,,,,Electric
|showteam|p2|Tyranitar||AssaultVest|SandStream|RockSlide,KnockOff,LowKick,TeraBlast|||M|||50|,,,,,Flying]Excadrill||FocusSash|SandRush|EarthPower,IronHead,SwordsDance,Protect|||F|||50|,,,,,Ground]Magmar||Eviolite|VitalSpirit|Protect,HelpingHand,FollowMe,HeatWave|||F|||50|,,,,,Ghost]Sneasler||WhiteHerb|Unburden|FakeOut,CloseCombat,DireClaw,Coaching|||F|||50|,,,,,Flying]Corviknight||PsychicSeed|MirrorArmor|BraveBird,PowerTrip,BulkUp,Roost|||M|||50|,,,,,Water]Indeedee||ChoiceScarf|PsychicSurge|ExpandingForce,TeraBlast,Trick,Protect|||M|||50|,,,,,Psychic
|inactive|Battle timer is ON: inactive players will automatically lose when time's up. (requested by jogo2106)
|
|t:|1756867222
|teamsize|p1|4
|teamsize|p2|4
|start
|switch|p1a: Whimsicott|Whimsicott, L50, F|100/100
|switch|p1b: Chandelure|Chandelure, L50, F|100/100
|switch|p2a: Sneasler|Sneasler, L50, F|100/100
|switch|p2b: Magmar|Magmar, L50, F|100/100
|turn|1
|inactive|jogo2106 has 30 seconds left.
|inactive|jogo2106 has 20 seconds left.
|inactive|jogo2106 has 15 seconds left.
|inactive|jogo2106 has 10 seconds left.
|
|t:|1756867269
|switch|p2a: Indeedee|Indeedee, L50, M|100/100
|-fieldstart|move: Psychic Terrain|[from] ability: Psychic Surge|[of] p2a: Indeedee
|move|p1a: Whimsicott|Tailwind|p1a: Whimsicott
|-sidestart|p1: jogo2106|move: Tailwind
|move|p1b: Chandelure|Overheat|p2a: Indeedee
|-damage|p2a: Indeedee|0 fnt
|-unboost|p1b: Chandelure|spa|2
|faint|p2a: Indeedee
|-damage|p1b: Chandelure|91/100|[from] item: Life Orb
|move|p2b: Magmar|Heat Wave|p1b: Chandelure|[spread] p1a
|-start|p1b: Chandelure|ability: Flash Fire
|-supereffective|p1a: Whimsicott
|-damage|p1a: Whimsicott|7/100
|
|upkeep
|
|t:|1756867286
|switch|p2a: Corviknight|Corviknight, L50, M|100/100
|-enditem|p2a: Corviknight|Psychic Seed
|-boost|p2a: Corviknight|spd|1|[from] item: Psychic Seed
|turn|2
|
|t:|1756867308
|-terastallize|p2a: Corviknight|Water
|move|p2b: Magmar|Follow Me|p2b: Magmar
|-singleturn|p2b: Magmar|move: Follow Me
|move|p1b: Chandelure|Overheat|p2b: Magmar
|-resisted|p2b: Magmar
|-damage|p2b: Magmar|73/100
|-unboost|p1b: Chandelure|spa|2
|-damage|p1b: Chandelure|81/100|[from] item: Life Orb
|move|p1a: Whimsicott|Moonblast|p2b: Magmar
|-resisted|p2b: Magmar
|-damage|p2b: Magmar|62/100
|move|p2a: Corviknight|Bulk Up|p2a: Corviknight
|-boost|p2a: Corviknight|atk|1
|-boost|p2a: Corviknight|def|1
|
|upkeep
|turn|3
|inactive|jogo2106 has 30 seconds left.
|inactive|xx_junior_rx7_xx has 30 seconds left.
|
|t:|1756867339
|move|p2b: Magmar|Follow Me|p2b: Magmar
|-singleturn|p2b: Magmar|move: Follow Me
|move|p1a: Whimsicott|Encore|p2b: Magmar
|-activate|p2b: Magmar|move: Psychic Terrain
|move|p1b: Chandelure|Shadow Ball|p2b: Magmar
|-damage|p2b: Magmar|47/100
|-unboost|p2b: Magmar|spd|1
|-damage|p1b: Chandelure|72/100|[from] item: Life Orb
|move|p2a: Corviknight|Power Trip|p1b: Chandelure
|-supereffective|p1b: Chandelure
|-damage|p1b: Chandelure|0 fnt
|faint|p1b: Chandelure
|
|upkeep
|
|t:|1756867354
|switch|p1b: Amoonguss|Amoonguss, L50, F|100/100
|turn|4
|
|t:|1756867369
|move|p1a: Whimsicott|Moonblast|p2a: Corviknight
|-damage|p2a: Corviknight|82/100
|-ability|p2a: Corviknight|Mirror Armor
|-unboost|p1a: Whimsicott|spa|1
|move|p2b: Magmar|Heat Wave|p1b: Amoonguss|[spread] p1a,p1b
|-supereffective|p1a: Whimsicott
|-supereffective|p1b: Amoonguss
|-damage|p1a: Whimsicott|0 fnt
|-damage|p1b: Amoonguss|56/100
|faint|p1a: Whimsicott
|move|p1b: Amoonguss|Spore|p2b: Magmar
|-immune|p2b: Magmar|[from] ability: Vital Spirit
|move|p2a: Corviknight|Brave Bird|p1b: Amoonguss
|-supereffective|p1b: Amoonguss
|-damage|p1b: Amoonguss|0 fnt
|-damage|p2a: Corviknight|66/100|[from] item: Rocky Helmet|[of] p1b: Amoonguss
|faint|p1b: Amoonguss
|-damage|p2a: Corviknight|46/100|[from] Recoil
|
|-sideend|p1: jogo2106|move: Tailwind
|upkeep
|
|t:|1756867388
|switch|p1b: Garchomp|Garchomp, L50, M|100/100
|turn|5
|
|t:|1756867398
|-terastallize|p1b: Garchomp|Fairy
|move|p2b: Magmar|Protect|p2b: Magmar
|-singleturn|p2b: Magmar|Protect
|move|p1b: Garchomp|Tera Blast|p2a: Corviknight|[anim] Tera Blast Fairy
|-damage|p2a: Corviknight|8/100
|move|p2a: Corviknight|Brave Bird|p1b: Garchomp
|-damage|p1b: Garchomp|29/100
|-damage|p2a: Corviknight|0 fnt|[from] ability: Rough Skin|[of] p1b: Garchomp
|faint|p2a: Corviknight
|
|-fieldend|move: Psychic Terrain
|upkeep
|
|t:|1756867410
|switch|p2a: Sneasler|Sneasler, L50, F|100/100
|turn|6
|
|t:|1756867419
|move|p2a: Sneasler|Fake Out|p1b: Garchomp
|-damage|p1b: Garchomp|15/100
|-damage|p2a: Sneasler|88/100|[from] ability: Rough Skin|[of] p1b: Garchomp
|cant|p1b: Garchomp|flinch
|move|p2b: Magmar|Heat Wave|p1b: Garchomp
|-damage|p1b: Garchomp|0 fnt
|faint|p1b: Garchomp
|
|win|xx_junior_rx7_xx
||jogo2106 is ready for game 3.
|inactive|xx_junior_rx7_xx has 30 seconds to confirm battle start!
