|j|☆nocturnallynoct
|j|☆quazasuks
|html|nocturnallynoctquazasuks    
|uhtml|bestof|Game 2 of a best-of-3
|t:|1757026279
|gametype|doubles
|player|p1|nocturnallynoct|266|1099
|player|p2|quazasuks|265|1040
|gen|9
|tier|[Gen 9] VGC 2025 Reg H (Bo3)
|rated|
|rule|Species Clause: Limit one of each Pokémon
|rule|Item Clause: Limit 1 of each item
|clearpoke
|poke|p1|Charizard, L50, F|
|poke|p1|Torkoal, L50, F|
|poke|p1|Porygon2, L50|
|poke|p1|Incineroar, L50, F|
|poke|p1|Jumpluff, L50, F|
|poke|p1|Ursaluna, L50, F|
|poke|p2|Ceruledge, L50, F|
|poke|p2|Salamence, L50, F|
|poke|p2|Glimmora, L50, M|
|poke|p2|Electivire, L50, M|
|poke|p2|Swampert, L50, F|
|poke|p2|Skarmory, L50, M|
|teampreview|4
|showteam|p1|Charizard||ChoiceSpecs|SolarPower|HeatWave,Overheat,WeatherBall,AirSlash|||F|||50|,,,,,Ghost]Torkoal||EjectPack|Drought|Eruption,Overheat,HelpingHand,Protect|||F|||50|,,,,,Fire]Porygon2||Eviolite|Download|IceBeam,TeraBlast,TrickRoom,Recover||||||50|,,,,,Fighting]Incineroar||SitrusBerry|Intimidate|FlareBlitz,KnockOff,FakeOut,PartingShot|||F|||50|,,,,,Ghost]Jumpluff||CovertCloak|Chlorophyll|SleepPowder,SunnyDay,RagePowder,Tailwind|||F|||50|,,,,,Water]Ursaluna||FlameOrb|Guts|HeadlongRush,Facade,Earthquake,Protect|||F|||50|,,,,,Ghost
|showteam|p2|Ceruledge||FocusSash|FlashFire|BitterBlade,DestinyBond,SwordsDance,ShadowSneak|||F|||50|,,,,,Ghost]Salamence||WhiteHerb|Intimidate|TeraBlast,DracoMeteor,Flamethrower,AirSlash|||F|||50|,,,,,Steel]Glimmora||RedCard|ToxicDebris|MortalSpin,SpikyShield,StealthRock,Spikes|||M|||50|,,,,,Flying]Electivire||LifeOrb|VitalSpirit|IcePunch,Taunt,VoltSwitch,Facade|||M|||50|,,,,,Ice]Swampert||WeaknessPolicy|Torrent|KnockOff,Earthquake,BodySlam,Liquidation|||F|||50|,,,,,Water]Skarmory||RockyHelmet|Sturdy|Roost,IronDefense,BodyPress,Protect|||M|||50|,,,,,Fighting
|inactive|Battle timer is ON: inactive players will automatically lose when time's up. (requested by nocturnallynoct)
|c|☆quazasuks|this is a draft team im testing for a tourney if u have any tips do let me know!
|inactive|quazasuks has 60 seconds left.
|
|t:|1757026328
|teamsize|p1|4
|teamsize|p2|4
|start
|switch|p1a: Torkoal|Torkoal, L50, F|100/100
|switch|p1b: Jumpluff|Jumpluff, L50, F|100/100
|switch|p2a: Ceruledge|Ceruledge, L50, F|100/100
|switch|p2b: Swampert|Swampert, L50, F|100/100
|-weather|SunnyDay|[from] ability: Drought|[of] p1a: Torkoal
|turn|1
|c|☆nocturnallynoct|why the weakness policy on swampert
|inactive|nocturnallynoct has 30 seconds left.
|inactive|nocturnallynoct has 20 seconds left.
|
|t:|1757026365
|switch|p1a: Incineroar|Incineroar, L50, F|100/100
|-ability|p1a: Incineroar|Intimidate|boost
|-unboost|p2a: Ceruledge|atk|1
|-unboost|p2b: Swampert|atk|1
|move|p1b: Jumpluff|Sleep Powder|p2a: Ceruledge|[miss]
|-miss|p1b: Jumpluff|p2a: Ceruledge
|move|p2a: Ceruledge|Swords Dance|p2a: Ceruledge
|-boost|p2a: Ceruledge|atk|2
|move|p2b: Swampert|Knock Off|p1a: Incineroar
|-resisted|p1a: Incineroar
|-damage|p1a: Incineroar|90/100
|-enditem|p1a: Incineroar|Sitrus Berry|[from] move: Knock Off|[of] p2b: Swampert
|
|-weather|SunnyDay|[upkeep]
|upkeep
|turn|2
|c|☆quazasuks|tera water + bulk so any grass move doesn't kill hopefully so its able to be used
|inactive|nocturnallynoct has 30 seconds left.
|inactive|quazasuks has 30 seconds left.
|
|t:|1757026391
|switch|p2b: Glimmora|Glimmora, L50, M|100/100
|move|p1a: Incineroar|Fake Out|p2b: Glimmora
|-resisted|p2b: Glimmora
|-damage|p2b: Glimmora|95/100
|-activate|p2b: Glimmora|ability: Toxic Debris
|-sidestart|p1: nocturnallynoct|move: Toxic Spikes
|-enditem|p2b: Glimmora|Red Card|[of] p1a: Incineroar
|drag|p1a: Torkoal|Torkoal, L50, F|100/100
|-status|p1a: Torkoal|psn
|move|p1b: Jumpluff|Sleep Powder|p2a: Ceruledge
|-status|p2a: Ceruledge|slp|[from] move: Sleep Powder
|cant|p2a: Ceruledge|slp
|
|-weather|SunnyDay|[upkeep]
|-damage|p1a: Torkoal|88/100 psn|[from] psn
|upkeep
|turn|3
|inactive|nocturnallynoct has 30 seconds left.
|
|t:|1757026426
|switch|p1a: Incineroar|Incineroar, L50, F|90/100
|-status|p1a: Incineroar|psn
|-ability|p1a: Incineroar|Intimidate|boost
|-unboost|p2a: Ceruledge|atk|1
|-unboost|p2b: Glimmora|atk|1
|move|p1b: Jumpluff|Sleep Powder|p2b: Glimmora
|-status|p2b: Glimmora|slp|[from] move: Sleep Powder
|cant|p2b: Glimmora|slp
|cant|p2a: Ceruledge|slp
|
|-weather|SunnyDay|[upkeep]
|-damage|p1a: Incineroar|77/100 psn|[from] psn
|upkeep
|turn|4
|inactive|quazasuks has 30 seconds left.
|
|t:|1757026453
|-terastallize|p1b: Jumpluff|Water
|-curestatus|p2b: Glimmora|slp|[msg]
|move|p2b: Glimmora|Spiky Shield|p2b: Glimmora
|-singleturn|p2b: Glimmora|move: Protect
|move|p1b: Jumpluff|Tailwind|p1b: Jumpluff
|-sidestart|p1: nocturnallynoct|move: Tailwind
|move|p1a: Incineroar|Knock Off|p2a: Ceruledge
|-supereffective|p2a: Ceruledge
|-enditem|p2a: Ceruledge|Focus Sash
|-damage|p2a: Ceruledge|1/100 slp
|-curestatus|p2a: Ceruledge|slp|[msg]
|move|p2a: Ceruledge|Bitter Blade|p1b: Jumpluff
|-resisted|p1b: Jumpluff
|-damage|p1b: Jumpluff|58/100
|-heal|p2a: Ceruledge|26/100|[from] drain|[of] p1b: Jumpluff
|
|-weather|SunnyDay|[upkeep]
|-damage|p1a: Incineroar|65/100 psn|[from] psn
|upkeep
|turn|5
|inactive|nocturnallynoct has 30 seconds left.
|inactive|quazasuks has 30 seconds left.
|inactive|nocturnallynoct has 20 seconds left.
|inactive|nocturnallynoct has 15 seconds left.
|inactive|nocturnallynoct has 10 seconds left.
|c|☆nocturnallynoct|i suck so probably not the best for advice but glimmora feels really easy to play against
|inactive|nocturnallynoct has 5 seconds left.
|
|t:|1757026507
|move|p1b: Jumpluff|Sleep Powder|p2b: Glimmora
|-status|p2b: Glimmora|slp|[from] move: Sleep Powder
|move|p1a: Incineroar|Knock Off|p2a: Ceruledge
|-supereffective|p2a: Ceruledge
|-damage|p2a: Ceruledge|0 fnt
|faint|p2a: Ceruledge
|cant|p2b: Glimmora|slp
|
|-weather|none
|-damage|p1a: Incineroar|52/100 psn|[from] psn
|upkeep
|c|☆quazasuks|yea def does feel that way but i can't change the pokes out sadly
|inactive|quazasuks has 30 seconds left.
|
|t:|1757026534
|switch|p2a: Swampert|Swampert, L50, F|100/100
|turn|6
|c|☆nocturnallynoct|maybe like one attacking move instead of spikes so i cant just ignore it
|inactive|nocturnallynoct has 30 seconds left.
|
|t:|1757026560
|-terastallize|p2a: Swampert|Water
|-curestatus|p2b: Glimmora|slp|[msg]
|move|p2b: Glimmora|Spiky Shield|p2b: Glimmora
|-singleturn|p2b: Glimmora|move: Protect
|move|p1b: Jumpluff|Rage Powder|p1b: Jumpluff
|-singleturn|p1b: Jumpluff|move: Rage Powder
|move|p1a: Incineroar|Knock Off|p2a: Swampert
|-damage|p2a: Swampert|57/100
|-enditem|p2a: Swampert|Weakness Policy|[from] move: Knock Off|[of] p1a: Incineroar
|move|p2a: Swampert|Earthquake|p1b: Jumpluff|[spread] p1a,p1b
|-activate|p2b: Glimmora|move: Protect
|-supereffective|p1a: Incineroar
|-damage|p1a: Incineroar|0 fnt
|-damage|p1b: Jumpluff|17/100
|faint|p1a: Incineroar
|
|upkeep
|c|☆quazasuks|hmm ok what would u recommened?
|
|t:|1757026578
|switch|p1a: Charizard|Charizard, L50, F|100/100
|turn|7
|
|t:|1757026594
|switch|p2a: Electivire|Electivire, L50, M|100/100
|move|p1b: Jumpluff|Sleep Powder|p2a: Electivire
|-immune|p2a: Electivire|[from] ability: Vital Spirit
|move|p1a: Charizard|Air Slash|p2a: Electivire
|-resisted|p2a: Electivire
|-damage|p2a: Electivire|68/100
|move|p2b: Glimmora|Mortal Spin|p1b: Jumpluff|[spread] p1a,p1b
|-damage|p1a: Charizard|96/100
|-damage|p1b: Jumpluff|13/100
|-status|p1a: Charizard|psn
|
|-damage|p1a: Charizard|84/100 psn|[from] psn
|-sideend|p1: nocturnallynoct|move: Tailwind
|upkeep
|turn|8
|inactive|nocturnallynoct has 30 seconds left.
|inactive|quazasuks has 30 seconds left.
|
|t:|1757026622
|switch|p1a: Torkoal|Torkoal, L50, F|88/100 psn
|-weather|SunnyDay|[from] ability: Drought|[of] p1a: Torkoal
|move|p2b: Glimmora|Spiky Shield|p2b: Glimmora
|-singleturn|p2b: Glimmora|move: Protect
|move|p1b: Jumpluff|Tailwind|p1b: Jumpluff
|-sidestart|p1: nocturnallynoct|move: Tailwind
|move|p2a: Electivire|Volt Switch|p1a: Torkoal
|-damage|p1a: Torkoal|50/100 psn
|-damage|p2a: Electivire|58/100|[from] item: Life Orb
|c|☆nocturnallynoct|power gem?
|
|t:|1757026637
|switch|p2a: Swampert|Swampert, L50, F, tera:Water|57/100|[from] Volt Switch
|
|-weather|SunnyDay|[upkeep]
|-damage|p1a: Torkoal|37/100 psn|[from] psn
|upkeep
|turn|9
|c|☆nocturnallynoct|it would go crazy against my team rn
|inactive|quazasuks has 30 seconds left.
|
|t:|1757026671
|switch|p1a: Charizard|Charizard, L50, F|84/100 psn
|move|p1b: Jumpluff|Sleep Powder|p2a: Swampert
|-status|p2a: Swampert|slp|[from] move: Sleep Powder
|move|p2b: Glimmora|Mortal Spin|p1b: Jumpluff|[spread] p1a,p1b
|-crit|p1b: Jumpluff
|-damage|p1a: Charizard|79/100 psn
|-damage|p1b: Jumpluff|4/100
|cant|p2a: Swampert|slp
|
|-weather|SunnyDay|[upkeep]
|-damage|p1a: Charizard|67/100 psn|[from] ability: Solar Power|[of] p1a: Charizard
|-damage|p1a: Charizard|54/100 psn|[from] psn
|upkeep
|turn|10
|c|☆nocturnallynoct|i like the red card tho it was pretty annoying
|inactive|quazasuks has 30 seconds left.
|
|t:|1757026702
|switch|p2a: Electivire|Electivire, L50, M|58/100
|move|p1b: Jumpluff|Sleep Powder|p2b: Glimmora|[miss]
|-miss|p1b: Jumpluff|p2b: Glimmora
|move|p1a: Charizard|Heat Wave|p2b: Glimmora|[spread] p2a,p2b
|-resisted|p2b: Glimmora
|-damage|p2a: Electivire|0 fnt
|-damage|p2b: Glimmora|35/100
|faint|p2a: Electivire
|move|p2b: Glimmora|Mortal Spin|p1b: Jumpluff|[spread] p1a,p1b
|-damage|p1a: Charizard|50/100 psn
|-damage|p1b: Jumpluff|0 fnt
|faint|p1b: Jumpluff
|
|-weather|SunnyDay|[upkeep]
|-damage|p1a: Charizard|37/100 psn|[from] ability: Solar Power|[of] p1a: Charizard
|-damage|p1a: Charizard|25/100 psn|[from] psn
|upkeep
|
|t:|1757026718
|switch|p1b: Torkoal|Torkoal, L50, F|37/100 psn
|switch|p2a: Swampert|Swampert, L50, F, tera:Water|57/100 slp
|turn|11
|
|t:|1757026724
|move|p1b: Torkoal|Helping Hand|p1a: Charizard
|-singleturn|p1a: Charizard|Helping Hand|[of] p1b: Torkoal
|move|p2b: Glimmora|Spiky Shield|p2b: Glimmora
|-singleturn|p2b: Glimmora|move: Protect
|move|p1a: Charizard|Heat Wave|p2b: Glimmora|[spread] p2a
|-activate|p2b: Glimmora|move: Protect
|-resisted|p2a: Swampert
|-damage|p2a: Swampert|0 fnt
|faint|p2a: Swampert
|
|-weather|SunnyDay|[upkeep]
|-damage|p1a: Charizard|12/100 psn|[from] ability: Solar Power|[of] p1a: Charizard
|-damage|p1a: Charizard|0 fnt|[from] psn
|faint|p1a: Charizard
|-damage|p1b: Torkoal|25/100 psn|[from] psn
|-sideend|p1: nocturnallynoct|move: Tailwind
|upkeep
|turn|12
|inactive|quazasuks has 30 seconds left.
|
|t:|1757026752
|move|p2b: Glimmora|Mortal Spin|p1b: Torkoal
|-damage|p1b: Torkoal|21/100 psn
|move|p1b: Torkoal|Overheat|p2b: Glimmora|[miss]
|-miss|p1b: Torkoal|p2b: Glimmora
|
|-weather|none
|-damage|p1b: Torkoal|8/100 psn|[from] psn
|upkeep
|turn|13
|c|☆nocturnallynoct|WOW
|c|☆nocturnallynoct|gg
|c|☆quazasuks|holy
|
|t:|1757026765
|move|p2b: Glimmora|Spiky Shield|p2b: Glimmora
|-singleturn|p2b: Glimmora|move: Protect
|move|p1b: Torkoal|Overheat|p2b: Glimmora
|-activate|p2b: Glimmora|move: Protect
|
|-damage|p1b: Torkoal|0 fnt|[from] psn
|faint|p1b: Torkoal
|
|win|quazasuks
||nocturnallynoct is ready for game 3.
|inactive|quazasuks has 30 seconds to confirm battle start!
||quazasuks is ready for game 3.
|uhtml|next|Next: Game 3 of 3
