|j|☆natsukivgc
|j|☆fido domo
|html|natsukivgcfido domo    
|uhtml|bestof|Game 1 of a best-of-3
|t:|1786045008
|gametype|doubles
|player|p1|natsukivgc|101|1242
|player|p2|fido domo|169|1155
|gen|9
|tier|[Gen 9 Champions] VGC 2026 Reg M-B (Bo3)
|rated|
|rule|Species Clause: Limit one of each Pokémon
|rule|Item Clause: Limit 1 of each item
|clearpoke
|poke|p1|Garchomp, L50, M|
|poke|p1|Venusaur, L50, F|
|poke|p1|Incineroar, L50, F|
|poke|p1|Charizard, L50, F|
|poke|p1|Toxapex, L50, M|
|poke|p1|Annihilape, L50, F|
|poke|p2|Charizard, L50, F|
|poke|p2|Incineroar, L50, F|
|poke|p2|Garchomp, L50, M|
|poke|p2|Sylveon, L50, M|
|poke|p2|Kingambit, L50, F|
|poke|p2|Toxapex, L50, F|
|teampreview|4
|showteam|p1|Garchomp||ChoiceScarf|RoughSkin|Earthquake,DragonClaw,StompingTantrum,RockSlide|Adamant||M|||50|]Venusaur||LifeOrb|Chlorophyll|SolarBeam,SludgeBomb,EarthPower,Protect|Modest||F|||50|]Incineroar||SitrusBerry|Intimidate|FlareBlitz,ThroatChop,FakeOut,PartingShot|Impish||F|||50|]Charizard||CharizarditeY|Blaze|HeatWave,WeatherBall,Protect,HelpingHand|Modest||F|||50|]Toxapex||Leftovers|Regenerator|Infestation,Toxic,WideGuard,BanefulBunker|Bold||M|||50|]Annihilape||FocusSash|Defiant|CloseCombat,PhantomForce,RockTomb,Protect|Jolly||F|||50|
|showteam|p2|Charizard||CharizarditeY|Blaze|HeatWave,WeatherBall,SolarBeam,Protect|Modest||F|||50|]Incineroar||SitrusBerry|Intimidate|FakeOut,DarkestLariat,FlareBlitz,PartingShot|Impish||F|||50|]Garchomp||LifeOrb|RoughSkin|DragonClaw,Earthquake,RockSlide,Protect|Jolly||M|||50|]Sylveon||FairyFeather|Pixilate|Detect,HyperVoice,HyperBeam,QuickAttack|Modest||M|||50|]Kingambit||FocusSash|Defiant|SuckerPunch,Protect,KowtowCleave,LowKick|Adamant||F|||50|]Toxapex||Leftovers|Regenerator|WideGuard,Infestation,Toxic,BanefulBunker|Bold||F|||50|
|
|t:|1786045053
|teamsize|p1|4
|teamsize|p2|4
|start
|switch|p1a: Venusaur|Venusaur, L50, F|100/100
|switch|p1b: Charizard|Charizard, L50, F|100/100
|switch|p2a: Sylveon|Sylveon, L50, M|100/100
|switch|p2b: Charizard|Charizard, L50, F|100/100
|turn|1
|
|t:|1786045090
|switch|p2a: Toxapex|Toxapex, L50, F|100/100
|detailschange|p2b: Charizard|Charizard-Mega-Y, L50, F
|-mega|p2b: Charizard|Charizard|Charizardite Y
|-weather|SunnyDay|[from] ability: Drought|[of] p2b: Charizard
|detailschange|p1b: Charizard|Charizard-Mega-Y, L50, F
|-mega|p1b: Charizard|Charizard|Charizardite Y
|move|p1a: Venusaur|Sludge Bomb|p2b: Charizard
|-damage|p2b: Charizard|51/100
|-damage|p1a: Venusaur|90/100|[from] item: Life Orb
|move|p2b: Charizard|Weather Ball|p1a: Venusaur
|-supereffective|p1a: Venusaur|1
|-damage|p1a: Venusaur|0 fnt
|faint|p1a: Venusaur
|move|p1b: Charizard|Weather Ball|p2b: Charizard
|-resisted|p2b: Charizard|1
|-damage|p2b: Charizard|11/100
|
|-weather|SunnyDay|[upkeep]
|upkeep
|
|t:|1786045110
|switch|p1a: Incineroar|Incineroar, L50, F|100/100
|-ability|p1a: Incineroar|Intimidate|boost
|-unboost|p2a: Toxapex|atk|1
|-unboost|p2b: Charizard|atk|1
|turn|2
|
|t:|1786045125
|switch|p2b: Garchomp|Garchomp, L50, M|100/100
|switch|p1b: Toxapex|Toxapex, L50, M|100/100
|move|p2a: Toxapex|Baneful Bunker|p2a: Toxapex
|-singleturn|p2a: Toxapex|move: Protect
|move|p1a: Incineroar|Fake Out|p2b: Garchomp
|-damage|p2b: Garchomp|88/100
|-damage|p1a: Incineroar|87/100|[from] ability: Rough Skin|[of] p2b: Garchomp
|
|-weather|SunnyDay|[upkeep]
|upkeep
|turn|3
|
|t:|1786045145
|move|p2b: Garchomp|Protect|p2b: Garchomp
|-singleturn|p2b: Garchomp|Protect
|move|p1a: Incineroar|Parting Shot|p2b: Garchomp
|-activate|p2b: Garchomp|move: Protect
|move|p1b: Toxapex|Infestation|p2a: Toxapex
|-resisted|p2a: Toxapex|1
|-damage|p2a: Toxapex|98/100
|-activate|p2a: Toxapex|move: Infestation|[of] p1b: Toxapex
|move|p2a: Toxapex|Toxic|p1a: Incineroar
|-status|p1a: Incineroar|tox
|
|-weather|SunnyDay|[upkeep]
|-heal|p2a: Toxapex|100/100|[from] item: Leftovers
|-damage|p1a: Incineroar|81/100 tox|[from] psn
|-damage|p2a: Toxapex|87/100|[from] move: Infestation|[partiallytrapped]
|upkeep
|turn|4
|
|t:|1786045166
|move|p2a: Toxapex|Wide Guard|p2a: Toxapex
|-singleturn|p2a: Toxapex|Wide Guard
|move|p1b: Toxapex|Wide Guard|p1b: Toxapex
|-singleturn|p1b: Toxapex|Wide Guard
|move|p2b: Garchomp|Earthquake|p1b: Toxapex|[spread] 
|-activate|p2a: Toxapex|move: Wide Guard
|-activate|p1a: Incineroar|move: Wide Guard
|-activate|p1b: Toxapex|move: Wide Guard
|move|p1a: Incineroar|Parting Shot|p2b: Garchomp
|-unboost|p2b: Garchomp|atk|1
|-unboost|p2b: Garchomp|spa|1
|
|t:|1786045181
|switch|p1a: Charizard|Charizard-Mega-Y, L50, F|100/100|[from] Parting Shot
|
|-weather|SunnyDay|[upkeep]
|-heal|p2a: Toxapex|93/100|[from] item: Leftovers
|-damage|p2a: Toxapex|81/100|[from] move: Infestation|[partiallytrapped]
|upkeep
|turn|5
|
|t:|1786045205
|switch|p2b: Sylveon|Sylveon, L50, M|100/100
|switch|p1b: Incineroar|Incineroar, L50, F|81/100 tox
|-ability|p1b: Incineroar|Intimidate|boost
|-unboost|p2a: Toxapex|atk|1
|-unboost|p2b: Sylveon|atk|1
|move|p1a: Charizard|Weather Ball|p2b: Sylveon
|-damage|p2b: Sylveon|36/100
|move|p2a: Toxapex|Toxic|p1a: Charizard
|-status|p1a: Charizard|tox
|
|-weather|none
|-heal|p2a: Toxapex|87/100|[from] item: Leftovers
|-damage|p1a: Charizard|93/100 tox|[from] psn
|-damage|p1b: Incineroar|75/100 tox|[from] psn
|-end|p2a: Toxapex|Infestation|[partiallytrapped]|[silent]
|upkeep
|turn|6
|
|t:|1786045248
|switch|p1a: Toxapex|Toxapex, L50, M|100/100
|move|p1b: Incineroar|Fake Out|p2a: Toxapex
|-damage|p2a: Toxapex|80/100
|move|p2b: Sylveon|Hyper Voice|p1b: Incineroar|[spread] p1a,p1b
|-resisted|p1a: Toxapex|1
|-damage|p1a: Toxapex|82/100
|-damage|p1b: Incineroar|34/100 tox
|-enditem|p1b: Incineroar|Sitrus Berry|[eat]
|-heal|p1b: Incineroar|58/100 tox|[from] item: Sitrus Berry
|cant|p2a: Toxapex|flinch
|
|-heal|p2a: Toxapex|85/100|[from] item: Leftovers
|-heal|p1a: Toxapex|87/100|[from] item: Leftovers
|-damage|p1b: Incineroar|47/100 tox|[from] psn
|upkeep
|turn|7
|
|t:|1786045273
|switch|p1b: Charizard|Charizard-Mega-Y, L50, F|93/100 tox
|-weather|SunnyDay|[from] ability: Drought|[of] p1b: Charizard
|move|p2b: Sylveon|Hyper Voice|p1b: Charizard|[spread] p1a,p1b
|-resisted|p1a: Toxapex|1
|-resisted|p1b: Charizard|1
|-damage|p1a: Toxapex|68/100
|-damage|p1b: Charizard|72/100 tox
|move|p1a: Toxapex|Toxic|p2b: Sylveon
|-status|p2b: Sylveon|tox
|move|p2a: Toxapex|Infestation|p1b: Charizard
|-resisted|p1b: Charizard|2
|-damage|p1b: Charizard|71/100 tox
|-activate|p1b: Charizard|move: Infestation|[of] p2a: Toxapex
|
|-weather|SunnyDay|[upkeep]
|-heal|p1a: Toxapex|74/100|[from] item: Leftovers
|-heal|p2a: Toxapex|91/100|[from] item: Leftovers
|-damage|p1b: Charizard|65/100 tox|[from] psn
|-damage|p2b: Sylveon|30/100 tox|[from] psn
|-damage|p1b: Charizard|53/100 tox|[from] move: Infestation|[partiallytrapped]
|upkeep
|turn|8
|
|t:|1786045313
|move|p1b: Charizard|Weather Ball|p2a: Toxapex
|-resisted|p2a: Toxapex|1
|-damage|p2a: Toxapex|57/100
|move|p2b: Sylveon|Hyper Voice|p1a: Toxapex|[spread] p1a,p1b
|-resisted|p1a: Toxapex|1
|-resisted|p1b: Charizard|1
|-damage|p1a: Toxapex|58/100
|-damage|p1b: Charizard|33/100 tox
|move|p1a: Toxapex|Infestation|p2a: Toxapex
|-resisted|p2a: Toxapex|1
|-damage|p2a: Toxapex|56/100
|-activate|p2a: Toxapex|move: Infestation|[of] p1a: Toxapex
|move|p2a: Toxapex|Infestation|p1a: Toxapex
|-resisted|p1a: Toxapex|1
|-damage|p1a: Toxapex|57/100
|-activate|p1a: Toxapex|move: Infestation|[of] p2a: Toxapex
|
|-weather|SunnyDay|[upkeep]
|-heal|p2a: Toxapex|61/100|[from] item: Leftovers
|-heal|p1a: Toxapex|63/100|[from] item: Leftovers
|-damage|p1b: Charizard|20/100y tox|[from] psn
|-damage|p2b: Sylveon|18/100 tox|[from] psn
|-damage|p1b: Charizard|8/100 tox|[from] move: Infestation|[partiallytrapped]
|-damage|p1a: Toxapex|50/100g|[from] move: Infestation|[partiallytrapped]
|-damage|p2a: Toxapex|49/100|[from] move: Infestation|[partiallytrapped]
|upkeep
|turn|9
|
|t:|1786045355
|move|p2a: Toxapex|Baneful Bunker|p2a: Toxapex
|-singleturn|p2a: Toxapex|move: Protect
|move|p1b: Charizard|Weather Ball|p2b: Sylveon
|-damage|p2b: Sylveon|0 fnt
|faint|p2b: Sylveon
|move|p1a: Toxapex|Toxic|p2a: Toxapex
|-activate|p2a: Toxapex|move: Protect
|
|-weather|SunnyDay|[upkeep]
|-heal|p1a: Toxapex|56/100|[from] item: Leftovers
|-heal|p2a: Toxapex|55/100|[from] item: Leftovers
|-damage|p1b: Charizard|0 fnt|[from] psn
|faint|p1b: Charizard
|-damage|p1a: Toxapex|44/100|[from] move: Infestation|[partiallytrapped]
|-damage|p2a: Toxapex|43/100|[from] move: Infestation|[partiallytrapped]
|upkeep
|
|t:|1786045371
|switch|p1b: Incineroar|Incineroar, L50, F|47/100 tox
|switch|p2b: Charizard|Charizard-Mega-Y, L50, F|11/100
|-ability|p1b: Incineroar|Intimidate|boost
|-unboost|p2a: Toxapex|atk|1
|-unboost|p2b: Charizard|atk|1
|turn|10
|
|t:|1786045386
|move|p2b: Charizard|Protect|p2b: Charizard
|-singleturn|p2b: Charizard|Protect
|move|p1b: Incineroar|Fake Out|p2a: Toxapex
|-damage|p2a: Toxapex|36/100
|move|p1a: Toxapex|Infestation|p2b: Charizard
|-activate|p2b: Charizard|move: Protect
|cant|p2a: Toxapex|flinch
|
|-weather|SunnyDay|[upkeep]
|-heal|p1a: Toxapex|50/100g|[from] item: Leftovers
|-heal|p2a: Toxapex|42/100|[from] item: Leftovers
|-damage|p1b: Incineroar|41/100 tox|[from] psn
|-damage|p2a: Toxapex|29/100|[from] move: Infestation|[partiallytrapped]
|-damage|p1a: Toxapex|38/100|[from] move: Infestation|[partiallytrapped]
|upkeep
|turn|11
|
|t:|1786045423
|move|p2b: Charizard|Weather Ball|p1b: Incineroar
|-resisted|p1b: Incineroar|1
|-damage|p1b: Incineroar|3/100 tox
|move|p1b: Incineroar|Throat Chop|p2a: Toxapex
|-damage|p2a: Toxapex|10/100
|-start|p2a: Toxapex|Throat Chop|[silent]
|move|p2a: Toxapex|Infestation|p1b: Incineroar
|-damage|p1b: Incineroar|1/100 tox
|-activate|p1b: Incineroar|move: Infestation|[of] p2a: Toxapex
|move|p1a: Toxapex|Infestation|p2b: Charizard
|-resisted|p2b: Charizard|2
|-damage|p2b: Charizard|10/100
|-activate|p2b: Charizard|move: Infestation|[of] p1a: Toxapex
|
|-weather|none
|-heal|p2a: Toxapex|15/100|[from] item: Leftovers
|-heal|p1a: Toxapex|43/100|[from] item: Leftovers
|-damage|p1b: Incineroar|0 fnt|[from] psn
|faint|p1b: Incineroar
|-damage|p2b: Charizard|0 fnt|[from] move: Infestation|[partiallytrapped]
|faint|p2b: Charizard
|-damage|p1a: Toxapex|31/100|[from] move: Infestation|[partiallytrapped]
|-damage|p2a: Toxapex|3/100|[from] move: Infestation|[partiallytrapped]
|upkeep
|
|t:|1786045426
|switch|p2b: Garchomp|Garchomp, L50, M|88/100
|turn|12
|
|t:|1786045449
|move|p2b: Garchomp|Rock Slide|p1a: Toxapex
|-damage|p1a: Toxapex|7/100
|-damage|p2b: Garchomp|78/100|[from] item: Life Orb
|move|p2a: Toxapex|Infestation|p1a: Toxapex
|-resisted|p1a: Toxapex|1
|-damage|p1a: Toxapex|6/100
|move|p1a: Toxapex|Toxic|p2b: Garchomp
|-status|p2b: Garchomp|tox
|
|-heal|p2a: Toxapex|9/100|[from] item: Leftovers
|-heal|p1a: Toxapex|12/100|[from] item: Leftovers
|-damage|p2b: Garchomp|72/100 tox|[from] psn
|-damage|p1a: Toxapex|0 fnt|[from] move: Infestation|[partiallytrapped]
|faint|p1a: Toxapex
|
|win|fido domo
