|j|☆Grugeater45
|j|☆jANMxRin
|html|Grugeater45jANMxRin    
|uhtml|bestof|Game 2 of a best-of-3
|t:|1756918239
|gametype|doubles
|player|p1|Grugeater45|gentleman|1087
|player|p2|jANMxRin|acerola-masters|1132
|gen|9
|tier|[Gen 9] VGC 2025 Reg H (Bo3)
|rated|
|rule|Species Clause: Limit one of each Pokémon
|rule|Item Clause: Limit 1 of each item
|clearpoke
|poke|p1|Ursaluna-Bloodmoon, L50, M|
|poke|p1|Porygon2, L50|
|poke|p1|Ninetales-Alola, L50, M|
|poke|p1|Incineroar, L50, M|
|poke|p1|Amoonguss, L50, F|
|poke|p1|Basculegion, L50, M|
|poke|p2|Corviknight, L50, M|
|poke|p2|Tyranitar, L50, F|
|poke|p2|Garchomp, L50, M|
|poke|p2|Gholdengo, L50|
|poke|p2|Primarina, L50, F|
|poke|p2|Annihilape, L50, M|
|teampreview|4
|showteam|p1|Ursaluna-Bloodmoon||LifeOrb|MindsEye|BloodMoon,HyperVoice,EarthPower,Protect|||M|||50|,,,,,Normal]Porygon2||Eviolite|Download|IceBeam,Recover,TrickRoom,TeraBlast||||||50|,,,,,Fighting]Ninetales-Alola||FocusSash|SnowWarning|Blizzard,Moonblast,MistyTerrain,Protect|||M|||50|,,,,,Ghost]Incineroar||SafetyGoggles|Intimidate|FakeOut,FlareBlitz,Uturn,KnockOff|||M|||50|,,,,,Ghost]Amoonguss||SitrusBerry|Regenerator|RagePowder,Spore,PollenPuff,Protect|||F|||50|,,,,,Water]Basculegion||ChoiceScarf|SwiftSwim|WaveCrash,LastRespects,AquaJet,FlipTurn|||M|||50|,,,,,Water
|showteam|p2|Corviknight||Leftovers|MirrorArmor|BraveBird,BulkUp,Roost,Tailwind|||M|||50|,,,,,Dragon]Tyranitar||AssaultVest|SandStream|RockSlide,KnockOff,LowKick,TeraBlast|||F|||50|,,,,,Flying]Garchomp||LifeOrb|RoughSkin|Protect,DragonClaw,StompingTantrum,Earthquake|||M|||50|,,,,,Fairy]Gholdengo||MetalCoat|GoodasGold|MakeItRain,ShadowBall,NastyPlot,Protect||||||50|,,,,,Water]Primarina||SitrusBerry|LiquidVoice|HyperVoice,Moonblast,Haze,Protect|||F|||50|,,,,,Grass]Annihilape||SafetyGoggles|Defiant|CloseCombat,FinalGambit,RageFist,Taunt|||M|||50|,,,,,Water
|inactive|Battle timer is ON: inactive players will automatically lose when time's up. (requested by jANMxRin)
|
|t:|1756918287
|teamsize|p1|4
|teamsize|p2|4
|start
|switch|p1a: Porygon2|Porygon2, L50|100/100
|switch|p1b: Basculegion|Basculegion, L50, M|100/100
|switch|p2a: Tyranitar|Tyranitar, L50, F|100/100
|switch|p2b: Garchomp|Garchomp, L50, M|100/100
|-weather|Sandstorm|[from] ability: Sand Stream|[of] p2a: Tyranitar
|-ability|p1a: Porygon2|Download|boost
|-boost|p1a: Porygon2|spa|1
|turn|1
|inactive|jANMxRin has 30 seconds left.
|inactive|jANMxRin has 20 seconds left.
|inactive|jANMxRin has 15 seconds left.
|
|t:|1756918328
|switch|p2b: Primarina|Primarina, L50, F|100/100
|-terastallize|p2a: Tyranitar|Flying
|move|p1b: Basculegion|Flip Turn|p2a: Tyranitar
|-damage|p2a: Tyranitar|77/100
|
|t:|1756918341
|switch|p1b: Amoonguss|Amoonguss, L50, F|100/100|[from] Flip Turn
|move|p2a: Tyranitar|Low Kick|p1a: Porygon2
|-supereffective|p1a: Porygon2
|-damage|p1a: Porygon2|72/100
|move|p1a: Porygon2|Trick Room|p1a: Porygon2
|-fieldstart|move: Trick Room|[of] p1a: Porygon2
|
|-weather|Sandstorm|[upkeep]
|-damage|p1b: Amoonguss|94/100|[from] Sandstorm
|-damage|p1a: Porygon2|66/100|[from] Sandstorm
|-damage|p2a: Tyranitar|71/100|[from] Sandstorm
|-damage|p2b: Primarina|95/100|[from] Sandstorm
|upkeep
|turn|2
|inactive|jANMxRin has 30 seconds left.
|
|t:|1756918369
|switch|p2a: Annihilape|Annihilape, L50, M|100/100
|move|p1b: Amoonguss|Spore|p2b: Primarina
|-status|p2b: Primarina|slp|[from] move: Spore
|move|p1a: Porygon2|Ice Beam|p2a: Annihilape
|-damage|p2a: Annihilape|66/100
|-status|p2a: Annihilape|frz
|cant|p2b: Primarina|slp
|
|-weather|Sandstorm|[upkeep]
|-damage|p1b: Amoonguss|88/100|[from] Sandstorm
|-damage|p1a: Porygon2|60/100|[from] Sandstorm
|-damage|p2b: Primarina|89/100 slp|[from] Sandstorm
|upkeep
|turn|3
|inactive|Grugeater45 has 30 seconds left.
|inactive|Grugeater45 has 20 seconds left.
|
|t:|1756918406
|move|p1b: Amoonguss|Pollen Puff|p1a: Porygon2
|-heal|p1a: Porygon2|100/100
|move|p1a: Porygon2|Tera Blast|p2b: Primarina
|-damage|p2b: Primarina|44/100 slp
|-enditem|p2b: Primarina|Sitrus Berry|[eat]
|-heal|p2b: Primarina|69/100 slp|[from] item: Sitrus Berry
|cant|p2b: Primarina|slp
|cant|p2a: Annihilape|frz
|
|-weather|Sandstorm|[upkeep]
|-damage|p1b: Amoonguss|82/100|[from] Sandstorm
|-damage|p1a: Porygon2|94/100|[from] Sandstorm
|-damage|p2b: Primarina|63/100 slp|[from] Sandstorm
|upkeep
|turn|4
|inactive|Grugeater45 has 30 seconds left.
|inactive|jANMxRin has 30 seconds left.
|
|t:|1756918434
|move|p1b: Amoonguss|Protect|p1b: Amoonguss
|-singleturn|p1b: Amoonguss|Protect
|move|p1a: Porygon2|Tera Blast|p2b: Primarina
|-damage|p2b: Primarina|19/100 slp
|-curestatus|p2b: Primarina|slp|[msg]
|move|p2b: Primarina|Haze|p2b: Primarina
|-clearallboost
|cant|p2a: Annihilape|frz
|
|-weather|Sandstorm|[upkeep]
|-damage|p1b: Amoonguss|76/100|[from] Sandstorm
|-damage|p1a: Porygon2|88/100|[from] Sandstorm
|-damage|p2b: Primarina|13/100|[from] Sandstorm
|upkeep
|turn|5
|inactive|Grugeater45 has 30 seconds left.
|inactive|Grugeater45 has 20 seconds left.
|
|t:|1756918472
|move|p2b: Primarina|Protect|p2b: Primarina
|-singleturn|p2b: Primarina|Protect
|move|p1b: Amoonguss|Spore|p2a: Annihilape
|-activate|p2a: Annihilape|item: Safety Goggles|Spore
|move|p1a: Porygon2|Tera Blast|p2b: Primarina
|-activate|p2b: Primarina|move: Protect
|-curestatus|p2a: Annihilape|frz|[msg]
|move|p2a: Annihilape|Rage Fist|p1b: Amoonguss
|-damage|p1b: Amoonguss|38/100
|-enditem|p1b: Amoonguss|Sitrus Berry|[eat]
|-heal|p1b: Amoonguss|63/100|[from] item: Sitrus Berry
|
|-weather|none
|-fieldend|move: Trick Room
|upkeep
|turn|6
|
|t:|1756918496
|move|p1b: Amoonguss|Rage Powder|p1b: Amoonguss
|-singleturn|p1b: Amoonguss|move: Rage Powder
|move|p2a: Annihilape|Close Combat|p1a: Porygon2
|-supereffective|p1a: Porygon2
|-damage|p1a: Porygon2|25/100
|-unboost|p2a: Annihilape|def|1
|-unboost|p2a: Annihilape|spd|1
|move|p2b: Primarina|Moonblast|p1b: Amoonguss
|-resisted|p1b: Amoonguss
|-damage|p1b: Amoonguss|45/100
|move|p1a: Porygon2|Trick Room|p1a: Porygon2
|-fieldstart|move: Trick Room|[of] p1a: Porygon2
|
|upkeep
|turn|7
|inactive|Grugeater45 has 30 seconds left.
|inactive|Grugeater45 has 20 seconds left.
|
|t:|1756918533
|move|p2b: Primarina|Protect|p2b: Primarina
|-singleturn|p2b: Primarina|Protect
|move|p1b: Amoonguss|Pollen Puff|p1a: Porygon2
|-heal|p1a: Porygon2|75/100
|move|p1a: Porygon2|Tera Blast|p2b: Primarina
|-activate|p2b: Primarina|move: Protect
|move|p2a: Annihilape|Rage Fist|p1b: Amoonguss
|-damage|p1b: Amoonguss|10/100
|
|upkeep
|turn|8
|inactive|jANMxRin has 30 seconds left.
|inactive|jANMxRin has 20 seconds left.
|inactive|jANMxRin has 15 seconds left.
|
|t:|1756918575
|switch|p1b: Ursaluna|Ursaluna-Bloodmoon, L50, M|100/100
|switch|p2b: Tyranitar|Tyranitar, L50, F, tera:Flying|71/100
|-weather|Sandstorm|[from] ability: Sand Stream|[of] p2b: Tyranitar
|move|p1a: Porygon2|Tera Blast|p2b: Tyranitar
|-damage|p2b: Tyranitar|53/100
|move|p2a: Annihilape|Close Combat|p1a: Porygon2
|-supereffective|p1a: Porygon2
|-damage|p1a: Porygon2|13/100
|-unboost|p2a: Annihilape|def|1
|-unboost|p2a: Annihilape|spd|1
|
|-weather|Sandstorm|[upkeep]
|-damage|p1a: Porygon2|7/100|[from] Sandstorm
|-damage|p2b: Tyranitar|47/100|[from] Sandstorm
|upkeep
|turn|9
|inactive|jANMxRin has 30 seconds left.
|inactive|jANMxRin has 20 seconds left.
|inactive|jANMxRin has 15 seconds left.
|
|t:|1756918619
|switch|p2b: Primarina|Primarina, L50, F|13/100
|switch|p2a: Garchomp|Garchomp, L50, M|100/100
|-terastallize|p1b: Ursaluna|Normal
|move|p1a: Porygon2|Recover|p1a: Porygon2
|-heal|p1a: Porygon2|57/100
|move|p1b: Ursaluna|Hyper Voice|p2a: Garchomp|[spread] p2a,p2b
|-damage|p2a: Garchomp|25/100
|-damage|p2b: Primarina|0 fnt
|faint|p2b: Primarina
|-damage|p1b: Ursaluna|91/100|[from] item: Life Orb
|
|-weather|Sandstorm|[upkeep]
|-damage|p1a: Porygon2|50/100|[from] Sandstorm
|-damage|p1b: Ursaluna|85/100|[from] Sandstorm
|upkeep
|
|t:|1756918636
|switch|p2b: Annihilape|Annihilape, L50, M|66/100
|turn|10
|
|t:|1756918650
|move|p2a: Garchomp|Protect|p2a: Garchomp
|-singleturn|p2a: Garchomp|Protect
|move|p1a: Porygon2|Recover|p1a: Porygon2
|-heal|p1a: Porygon2|100/100
|move|p1b: Ursaluna|Hyper Voice|p2b: Annihilape|[spread] p2b
|-activate|p2a: Garchomp|move: Protect
|-damage|p2b: Annihilape|7/100
|-damage|p1b: Ursaluna|75/100|[from] item: Life Orb
|move|p2b: Annihilape|Close Combat|p1a: Porygon2
|-supereffective|p1a: Porygon2
|-damage|p1a: Porygon2|47/100
|-unboost|p2b: Annihilape|def|1
|-unboost|p2b: Annihilape|spd|1
|
|-weather|Sandstorm|[upkeep]
|-damage|p1a: Porygon2|41/100|[from] Sandstorm
|-damage|p1b: Ursaluna|69/100|[from] Sandstorm
|-fieldend|move: Trick Room
|upkeep
|turn|11
|inactive|Grugeater45 has 30 seconds left.
|inactive|jANMxRin has 30 seconds left.
|inactive|jANMxRin has 20 seconds left.
|
|t:|1756918685
|move|p1b: Ursaluna|Protect|p1b: Ursaluna
|-singleturn|p1b: Ursaluna|Protect
|move|p2a: Garchomp|Stomping Tantrum|p1a: Porygon2
|-damage|p1a: Porygon2|9/100
|-damage|p2a: Garchomp|16/100|[from] item: Life Orb
|move|p2b: Annihilape|Close Combat|p1b: Ursaluna
|-activate|p1b: Ursaluna|move: Protect
|move|p1a: Porygon2|Ice Beam|p2b: Annihilape
|-damage|p2b: Annihilape|0 fnt
|faint|p2b: Annihilape
|
|-weather|Sandstorm|[upkeep]
|-damage|p1b: Ursaluna|63/100|[from] Sandstorm
|-damage|p1a: Porygon2|3/100|[from] Sandstorm
|upkeep
|
|t:|1756918694
|switch|p2b: Tyranitar|Tyranitar, L50, F, tera:Flying|47/100
|turn|12
|
|t:|1756918706
|switch|p1a: Amoonguss|Amoonguss, L50, F|43/100
|move|p2a: Garchomp|Earthquake|p1a: Amoonguss|[spread] p1a,p1b
|-immune|p2b: Tyranitar
|-damage|p1a: Amoonguss|0 fnt
|-damage|p1b: Ursaluna|25/100
|faint|p1a: Amoonguss
|-damage|p2a: Garchomp|6/100|[from] item: Life Orb
|move|p2b: Tyranitar|Knock Off|p1b: Ursaluna
|-damage|p1b: Ursaluna|0 fnt
|-enditem|p1b: Ursaluna|Life Orb|[from] move: Knock Off|[of] p2b: Tyranitar
|faint|p1b: Ursaluna
|
|-weather|none
|upkeep
|
|t:|1756918715
|switch|p1b: Porygon2|Porygon2, L50|3/100
|switch|p1a: Basculegion|Basculegion, L50, M|100/100
|-ability|p1b: Porygon2|Download|boost
|-boost|p1b: Porygon2|spa|1
|turn|13
|
|t:|1756918738
|move|p2a: Garchomp|Protect|p2a: Garchomp
|-singleturn|p2a: Garchomp|Protect
|move|p1a: Basculegion|Last Respects|p2b: Tyranitar
|-damage|p2b: Tyranitar|0 fnt
|faint|p2b: Tyranitar
|move|p1b: Porygon2|Ice Beam|p2a: Garchomp
|-activate|p2a: Garchomp|move: Protect
|
|upkeep
|turn|14
|
|t:|1756918755
|move|p1a: Basculegion|Last Respects|p2a: Garchomp
|-damage|p2a: Garchomp|0 fnt
|faint|p2a: Garchomp
|
|win|Grugeater45
