|j|☆owbd
|j|☆Kward17kw
|html|owbdKward17kw    
|uhtml|bestof|Game 2 of a best-of-3
|t:|1784705051
|gametype|doubles
|player|p1|owbd|cynthia-gen4|1193
|player|p2|Kward17kw|102|1163
|gen|9
|tier|[Gen 9 Champions] VGC 2026 Reg M-B (Bo3)
|rated|
|rule|Species Clause: Limit one of each Pokémon
|rule|Item Clause: Limit 1 of each item
|clearpoke
|poke|p1|Charizard, L50, M|
|poke|p1|Floette-Eternal, L50, F|
|poke|p1|Kingambit, L50, M|
|poke|p1|Garchomp, L50, F|
|poke|p1|Basculegion, L50, M|
|poke|p1|Whimsicott, L50, M|
|poke|p2|Gholdengo, L50|
|poke|p2|Whimsicott, L50, F|
|poke|p2|Politoed, L50, M|
|poke|p2|Raichu, L50, M|
|poke|p2|Sneasler, L50, F|
|poke|p2|Vivillon-Fancy, L50, F|
|teampreview|4
|showteam|p1|Charizard||CharizarditeY|Blaze|HeatWave,WeatherBall,SolarBeam,Protect|Modest||M|||50|]Floette-Eternal||Floettite|FlowerVeil|Moonblast,DazzlingGleam,LightofRuin,Protect|Modest||F|||50|]Kingambit||BlackGlasses|Defiant|IronHead,KowtowCleave,SuckerPunch,Protect|Adamant||M|||50|]Garchomp||LifeOrb|RoughSkin|RockSlide,DragonClaw,Earthquake,Protect|Jolly||F|||50|]Basculegion||MysticWater|Adaptability|WaveCrash,LastRespects,AquaJet,Protect|Adamant||M|||50|]Whimsicott||FocusSash|Prankster|Moonblast,Encore,Tailwind,Protect|Timid||M|||50|
|showteam|p2|Gholdengo||LifeOrb|GoodasGold|NastyPlot,Protect,ShadowBall,MakeItRain|Timid|||||50|]Whimsicott||MentalHerb|Prankster|Tailwind,Protect,Encore,Moonblast|Bold||F|||50|]Politoed||DampRock|Drizzle|PerishSong,Protect,WeatherBall,IcyWind|Calm||M|||50|]Raichu||RaichuniteY|LightningRod|FakeOut,FakeTears,Protect,ZapCannon|Hasty||M|||50|]Sneasler||WhiteHerb|Unburden|CloseCombat,FakeOut,DireClaw,Protect|Adamant||F|||50|]Vivillon-Fancy||FocusSash|ShieldDust|SleepPowder,RagePowder,Protect,PollenPuff|Timid||F|||50|
|inactive|Battle timer is ON: inactive players will automatically lose when time's up. (requested by owbd)
|
|t:|1784705074
|teamsize|p1|4
|teamsize|p2|4
|start
|switch|p1a: Charizard|Charizard, L50, M|100/100
|switch|p1b: Whimsicott|Whimsicott, L50, M|100/100
|switch|p2a: Politoed|Politoed, L50, M|100/100
|switch|p2b: Vivillon|Vivillon-Fancy, L50, F|100/100
|-weather|RainDance|[from] ability: Drizzle|[of] p2a: Politoed
|turn|1
|inactive|owbd has 30 seconds left.
|
|t:|1784705105
|detailschange|p1a: Charizard|Charizard-Mega-Y, L50, M
|-mega|p1a: Charizard|Charizard|Charizardite Y
|-weather|SunnyDay|[from] ability: Drought|[of] p1a: Charizard
|move|p1b: Whimsicott|Tailwind|p1b: Whimsicott
|-sidestart|p1: owbd|move: Tailwind
|move|p1a: Charizard|Heat Wave|p2b: Vivillon|[spread] p2a,p2b
|-resisted|p2a: Politoed|1
|-supereffective|p2b: Vivillon|1
|-damage|p2a: Politoed|80/100
|-enditem|p2b: Vivillon|Focus Sash
|-damage|p2b: Vivillon|1/100
|move|p2b: Vivillon|Sleep Powder|p1a: Charizard
|-status|p1a: Charizard|slp|[from] move: Sleep Powder
|move|p2a: Politoed|Icy Wind|p1a: Charizard|[spread] p1a,p1b
|-supereffective|p1b: Whimsicott|1
|-crit|p1b: Whimsicott
|-damage|p1a: Charizard|91/100 slp
|-damage|p1b: Whimsicott|54/100
|-unboost|p1a: Charizard|spe|1
|-unboost|p1b: Whimsicott|spe|1
|
|-weather|SunnyDay|[upkeep]
|upkeep
|turn|2
|inactive|owbd has 30 seconds left.
|inactive|Kward17kw has 30 seconds left.
|
|t:|1784705135
|switch|p1a: Kingambit|Kingambit, L50, M|100/100
|switch|p2b: Raichu|Raichu, L50, M|100/100
|move|p1b: Whimsicott|Moonblast|p2b: Raichu
|-damage|p2b: Raichu|56/100
|move|p2a: Politoed|Icy Wind|p1b: Whimsicott|[spread] p1a,p1b
|-resisted|p1a: Kingambit|1
|-supereffective|p1b: Whimsicott|1
|-damage|p1a: Kingambit|95/100
|-damage|p1b: Whimsicott|28/100
|-unboost|p1a: Kingambit|spe|1
|-ability|p1a: Kingambit|Defiant|boost
|-boost|p1a: Kingambit|atk|2
|-unboost|p1b: Whimsicott|spe|1
|
|-weather|SunnyDay|[upkeep]
|upkeep
|turn|3
|inactive|Kward17kw has 30 seconds left.
|
|t:|1784705162
|switch|p1b: Charizard|Charizard-Mega-Y, L50, M|91/100 slp
|move|p2b: Raichu|Fake Out|p1a: Kingambit
|-resisted|p1a: Kingambit|1
|-damage|p1a: Kingambit|92/100
|cant|p1a: Kingambit|flinch
|move|p2a: Politoed|Weather Ball|p1a: Kingambit
|-supereffective|p1a: Kingambit|1
|-crit|p1a: Kingambit
|-damage|p1a: Kingambit|0 fnt
|faint|p1a: Kingambit
|
|-weather|SunnyDay|[upkeep]
|upkeep
|
|t:|1784705176
|switch|p1a: Basculegion|Basculegion, L50, M|100/100
|turn|4
|
|t:|1784705186
|switch|p2b: Vivillon|Vivillon-Fancy, L50, F|1/100
|cant|p1b: Charizard|slp
|move|p1a: Basculegion|Last Respects|p2b: Vivillon
|-damage|p2b: Vivillon|0 fnt
|faint|p2b: Vivillon
|move|p2a: Politoed|Perish Song|p2a: Politoed
|-start|p1a: Basculegion|perish3|[silent]
|-start|p1b: Charizard|perish3|[silent]
|-start|p2a: Politoed|perish3|[silent]
|-fieldactivate|move: Perish Song
|
|-weather|SunnyDay|[upkeep]
|-start|p1b: Charizard|perish3
|-start|p1a: Basculegion|perish3
|-start|p2a: Politoed|perish3
|-sideend|p1: owbd|move: Tailwind
|upkeep
|
|t:|1784705205
|switch|p2b: Raichu|Raichu, L50, M|56/100
|turn|5
|
|t:|1784705216
|switch|p1b: Whimsicott|Whimsicott, L50, M|28/100
|detailschange|p2b: Raichu|Raichu-Mega-Y, L50, M
|-mega|p2b: Raichu|Raichu|Raichunite Y
|move|p1a: Basculegion|Protect|p1a: Basculegion
|-singleturn|p1a: Basculegion|Protect
|move|p2b: Raichu|Zap Cannon|p1a: Basculegion
|-activate|p1a: Basculegion|move: Protect
|move|p2a: Politoed|Icy Wind|p1b: Whimsicott|[spread] p1b
|-activate|p1a: Basculegion|move: Protect
|-supereffective|p1b: Whimsicott|1
|-damage|p1b: Whimsicott|0 fnt
|faint|p1b: Whimsicott
|
|-weather|none
|-start|p1a: Basculegion|perish2
|-start|p2a: Politoed|perish2
|upkeep
|
|t:|1784705231
|switch|p1b: Charizard|Charizard-Mega-Y, L50, M|91/100 slp
|-weather|SunnyDay|[from] ability: Drought|[of] p1b: Charizard
|turn|6
|
|t:|1784705246
|switch|p2a: Gholdengo|Gholdengo, L50|100/100
|move|p1a: Basculegion|Aqua Jet|p2b: Raichu
|-damage|p2b: Raichu|25/100
|move|p2b: Raichu|Zap Cannon|p1b: Charizard
|-supereffective|p1b: Charizard|1
|-damage|p1b: Charizard|0 fnt
|faint|p1b: Charizard
|
|-weather|SunnyDay|[upkeep]
|-start|p1a: Basculegion|perish1
|upkeep
|turn|7
|
|t:|1784705270
|switch|p2a: Politoed|Politoed, L50, M|80/100
|-weather|RainDance|[from] ability: Drizzle|[of] p2a: Politoed
|move|p2b: Raichu|Protect|p2b: Raichu
|-singleturn|p2b: Raichu|Protect
|move|p1a: Basculegion|Last Respects|p2a: Politoed
|-damage|p2a: Politoed|0 fnt
|faint|p2a: Politoed
|
|-weather|RainDance|[upkeep]
|-start|p1a: Basculegion|perish0
|faint|p1a: Basculegion
|
|win|Kward17kw
||owbd is ready for game 3.
|inactive|Kward17kw has 30 seconds to confirm battle start!
|inactive|Kward17kw has 20 seconds to confirm battle start!
||Kward17kw is ready for game 3.
|uhtml|next|Next: Game 3 of 3
