|j|☆ill.busx
|j|☆Passevgc
|html|ill.busxPassevgc    
|uhtml|bestof|Game 2 of a best-of-3
|t:|1783540811
|gametype|doubles
|player|p1|ill.busx|170|1000
|player|p2|Passevgc|170|1055
|gen|9
|tier|[Gen 9 Champions] VGC 2026 Reg M-B (Bo3)
|rated|
|rule|Species Clause: Limit one of each Pokémon
|rule|Item Clause: Limit 1 of each item
|clearpoke
|poke|p1|Kangaskhan, L50, F|
|poke|p1|Sinistcha, L50|
|poke|p1|Aerodactyl, L50, F|
|poke|p1|Incineroar, L50, M|
|poke|p1|Gengar, L50, F, shiny|
|poke|p1|Ninetales-Alola, L50, M|
|poke|p2|Hydreigon, L50, F|
|poke|p2|Incineroar, L50, M|
|poke|p2|Charizard, L50, F|
|poke|p2|Metagross, L50|
|poke|p2|Aerodactyl, L50, F|
|poke|p2|Sinistcha, L50|
|teampreview|4
|showteam|p1|Kangaskhan||Kangaskhanite|InnerFocus|Protect,FakeOut,SuckerPunch,DrainPunch|Adamant||F|||50|]Sinistcha||SitrusBerry|Hospitality|Protect,RagePowder,MatchaGotcha,LifeDew|Relaxed|||||50|]Aerodactyl||FocusSash|Unnerve|Protect,Tailwind,DualWingbeat,RockSlide|Jolly||F|||50|]Incineroar||ChopleBerry|Intimidate|Protect,FakeOut,PartingShot,ThroatChop|Relaxed||M|||50|]Gengar||Gengarite|CursedBody|Protect,PerishSong,Disable,ShadowBall|Timid||F|||50|]Ninetales-Alola||NeverMeltIce|SnowWarning|Protect,Moonblast,Blizzard,Encore|Timid||M|||50|
|showteam|p2|Hydreigon||ChoiceScarf|Levitate|DracoMeteor,DarkPulse,FlashCannon,Snarl|Modest||F|||50|]Incineroar||ChopleBerry|Intimidate|FlareBlitz,DarkestLariat,PartingShot,FakeOut|Careful||M|||50|]Charizard||CharizarditeY|Blaze|HeatWave,SolarBeam,WeatherBall,Protect|Modest||F|||50|]Metagross||Metagrossite|ClearBody|PsychicFangs,IronHead,BodyPress,Protect|Adamant|||||50|]Aerodactyl||FocusSash|Unnerve|RockSlide,WideGuard,Tailwind,Protect|Jolly||F|||50|]Sinistcha||SitrusBerry|Hospitality|Protect,LifeDew,RagePowder,MatchaGotcha|Calm|||||50|
|inactive|Battle timer is ON: inactive players will automatically lose when time's up. (requested by Passevgc)
|c|☆ill.busx|gg
|inactive|ill.busx has 60 seconds left.
|inactive|Passevgc has 60 seconds left.
|
|t:|1783540848
|teamsize|p1|4
|teamsize|p2|4
|start
|switch|p1a: Kangaskhan|Kangaskhan, L50, F|100/100
|switch|p1b: Ninetales|Ninetales-Alola, L50, M|100/100
|switch|p2a: Aerodactyl|Aerodactyl, L50, F|100/100
|switch|p2b: Charizard|Charizard, L50, F|100/100
|-ability|p2a: Aerodactyl|Unnerve
|-weather|Snowscape|[from] ability: Snow Warning|[of] p1b: Ninetales
|turn|1
|inactive|ill.busx has 30 seconds left.
|
|t:|1783540877
|switch|p1b: Aerodactyl|Aerodactyl, L50, F|100/100
|-ability|p1b: Aerodactyl|Unnerve
|move|p2a: Aerodactyl|Protect|p2a: Aerodactyl
|-singleturn|p2a: Aerodactyl|Protect
|move|p2b: Charizard|Protect|p2b: Charizard
|-singleturn|p2b: Charizard|Protect
|move|p1a: Kangaskhan|Fake Out|p2b: Charizard
|-activate|p2b: Charizard|move: Protect
|
|-weather|Snowscape|[upkeep]
|upkeep
|turn|2
|
|t:|1783540894
|switch|p1a: Incineroar|Incineroar, L50, M|100/100
|-ability|p1a: Incineroar|Intimidate|boost
|-unboost|p2a: Aerodactyl|atk|1
|-unboost|p2b: Charizard|atk|1
|detailschange|p2b: Charizard|Charizard-Mega-Y, L50, F
|-mega|p2b: Charizard|Charizard|Charizardite Y
|-weather|SunnyDay|[from] ability: Drought|[of] p2b: Charizard
|move|p1b: Aerodactyl|Protect|p1b: Aerodactyl
|-singleturn|p1b: Aerodactyl|Protect
|move|p2a: Aerodactyl|Wide Guard|p2a: Aerodactyl
|-singleturn|p2a: Aerodactyl|Wide Guard
|move|p2b: Charizard|Heat Wave|p1a: Incineroar|[spread] p1a
|-activate|p1b: Aerodactyl|move: Protect
|-resisted|p1a: Incineroar|1
|-damage|p1a: Incineroar|65/100
|
|-weather|SunnyDay|[upkeep]
|upkeep
|turn|3
|inactive|ill.busx has 30 seconds left.
|inactive|Passevgc has 30 seconds left.
|
|t:|1783540927
|move|p2a: Aerodactyl|Wide Guard|p2a: Aerodactyl
|-singleturn|p2a: Aerodactyl|Wide Guard
|move|p1a: Incineroar|Fake Out|p2a: Aerodactyl
|-resisted|p2a: Aerodactyl|1
|-damage|p2a: Aerodactyl|90/100
|move|p1b: Aerodactyl|Rock Slide|p2a: Aerodactyl|[spread] 
|-activate|p2a: Aerodactyl|move: Wide Guard
|-activate|p2b: Charizard|move: Wide Guard
|move|p2b: Charizard|Heat Wave|p1a: Incineroar|[spread] p1b
|-miss|p2b: Charizard|p1a: Incineroar
|-resisted|p1b: Aerodactyl|1
|-damage|p1b: Aerodactyl|50/100y
|
|-weather|SunnyDay|[upkeep]
|upkeep
|turn|4
|inactive|ill.busx has 30 seconds left.
|inactive|ill.busx has 20 seconds left.
|
|t:|1783540966
|move|p1b: Aerodactyl|Protect|p1b: Aerodactyl
|-singleturn|p1b: Aerodactyl|Protect
|move|p2a: Aerodactyl|Wide Guard|p2a: Aerodactyl
|-singleturn|p2a: Aerodactyl|Wide Guard
|move|p2b: Charizard|Weather Ball|p1a: Incineroar
|-resisted|p1a: Incineroar|1
|-damage|p1a: Incineroar|21/100
|move|p1a: Incineroar|Parting Shot|p2b: Charizard
|-unboost|p2b: Charizard|atk|1
|-unboost|p2b: Charizard|spa|1
|
|t:|1783540980
|switch|p1a: Ninetales|Ninetales-Alola, L50, M|100/100|[from] Parting Shot
|-weather|Snowscape|[from] ability: Snow Warning|[of] p1a: Ninetales
|
|-weather|Snowscape|[upkeep]
|upkeep
|turn|5
|
|t:|1783541004
|switch|p2a: Incineroar|Incineroar, L50, M|100/100
|-ability|p2a: Incineroar|Intimidate|boost
|-unboost|p1a: Ninetales|atk|1
|-unboost|p1b: Aerodactyl|atk|1
|switch|p1b: Kangaskhan|Kangaskhan, L50, F|100/100
|move|p2b: Charizard|Protect|p2b: Charizard
|-singleturn|p2b: Charizard|Protect
|move|p1a: Ninetales|Moonblast|p2a: Incineroar
|-damage|p2a: Incineroar|75/100
|
|-weather|Snowscape|[upkeep]
|upkeep
|turn|6
|inactive|Passevgc has 30 seconds left.
|inactive|ill.busx has 30 seconds left.
|
|t:|1783541046
|move|p1b: Kangaskhan|Fake Out|p2a: Incineroar
|-damage|p2a: Incineroar|58/100
|move|p1a: Ninetales|Blizzard|p2b: Charizard|[spread] p2a,p2b
|-resisted|p2a: Incineroar|1
|-damage|p2a: Incineroar|46/100
|-damage|p2b: Charizard|73/100
|-status|p2b: Charizard|frz
|-curestatus|p2b: Charizard|frz|[msg]
|move|p2b: Charizard|Heat Wave|p1b: Kangaskhan|[spread] p1a,p1b
|-supereffective|p1a: Ninetales|1
|-damage|p1a: Ninetales|33/100
|-damage|p1b: Kangaskhan|69/100
|cant|p2a: Incineroar|flinch
|
|-weather|Snowscape|[upkeep]
|upkeep
|turn|7
|inactive|ill.busx has 30 seconds left.
|inactive|Passevgc has 30 seconds left.
|
|t:|1783541080
|switch|p2a: Sinistcha|Sinistcha, L50|100/100
|-heal|p2b: Charizard|98/100|[from] ability: Hospitality|[of] p2a: Sinistcha
|move|p2b: Charizard|Protect|p2b: Charizard
|-singleturn|p2b: Charizard|Protect
|move|p1a: Ninetales|Blizzard|p2b: Charizard|[spread] p2a
|-activate|p2b: Charizard|move: Protect
|-supereffective|p2a: Sinistcha|1
|-damage|p2a: Sinistcha|49/100
|-enditem|p2a: Sinistcha|Sitrus Berry|[eat]
|-heal|p2a: Sinistcha|74/100|[from] item: Sitrus Berry
|move|p1b: Kangaskhan|Drain Punch|p2a: Sinistcha
|-immune|p2a: Sinistcha
|
|-weather|Snowscape|[upkeep]
|upkeep
|turn|8
|inactive|ill.busx has 30 seconds left.
|
|t:|1783541111
|switch|p2b: Incineroar|Incineroar, L50, M|46/100
|-ability|p2b: Incineroar|Intimidate|boost
|-unboost|p1a: Ninetales|atk|1
|-fail|p1b: Kangaskhan|unboost|Attack|[from] ability: Inner Focus|[of] p1b: Kangaskhan
|move|p1b: Kangaskhan|Protect|p1b: Kangaskhan
|-singleturn|p1b: Kangaskhan|Protect
|move|p2a: Sinistcha|Protect|p2a: Sinistcha
|-singleturn|p2a: Sinistcha|Protect
|move|p1a: Ninetales|Blizzard|p2b: Incineroar|[spread] p2b
|-activate|p2a: Sinistcha|move: Protect
|-resisted|p2b: Incineroar|1
|-damage|p2b: Incineroar|34/100
|
|-weather|none
|upkeep
|turn|9
|inactive|ill.busx has 30 seconds left.
|
|t:|1783541139
|detailschange|p1b: Kangaskhan|Kangaskhan-Mega, L50, F
|-mega|p1b: Kangaskhan|Kangaskhan|Kangaskhanite
|move|p1a: Ninetales|Protect|p1a: Ninetales
|-singleturn|p1a: Ninetales|Protect
|move|p2a: Sinistcha|Rage Powder|p2a: Sinistcha
|-singleturn|p2a: Sinistcha|move: Rage Powder
|move|p1b: Kangaskhan|Drain Punch|p2a: Sinistcha
|-immune|p2a: Sinistcha
|move|p2b: Incineroar|Parting Shot|p1a: Ninetales
|-activate|p1a: Ninetales|move: Protect
|
|upkeep
|turn|10
|inactive|ill.busx has 30 seconds left.
|inactive|ill.busx has 20 seconds left.
|
|t:|1783541175
|switch|p1a: Incineroar|Incineroar, L50, M|21/100
|-ability|p1a: Incineroar|Intimidate|boost
|-unboost|p2a: Sinistcha|atk|1
|-unboost|p2b: Incineroar|atk|1
|move|p1b: Kangaskhan|Protect|p1b: Kangaskhan
|-singleturn|p1b: Kangaskhan|Protect
|move|p2a: Sinistcha|Rage Powder|p2a: Sinistcha
|-singleturn|p2a: Sinistcha|move: Rage Powder
|move|p2b: Incineroar|Parting Shot|p1a: Incineroar
|-unboost|p1a: Incineroar|atk|1
|-unboost|p1a: Incineroar|spa|1
|
|t:|1783541188
|switch|p2b: Aerodactyl|Aerodactyl, L50, F|90/100|[from] Parting Shot
|-ability|p2b: Aerodactyl|Unnerve
|
|upkeep
|turn|11
|
|t:|1783541207
|switch|p1b: Aerodactyl|Aerodactyl, L50, F|50/100y
|-ability|p1b: Aerodactyl|Unnerve
|switch|p2a: Incineroar|Incineroar, L50, M|34/100
|-ability|p2a: Incineroar|Intimidate|boost
|-unboost|p1a: Incineroar|atk|1
|-unboost|p1b: Aerodactyl|atk|1
|move|p2b: Aerodactyl|Protect|p2b: Aerodactyl
|-singleturn|p2b: Aerodactyl|Protect
|move|p1a: Incineroar|Fake Out|p2b: Aerodactyl
|-activate|p2b: Aerodactyl|move: Protect
|
|upkeep
|turn|12
|inactive|ill.busx has 30 seconds left.
|
|t:|1783541239
|move|p1b: Aerodactyl|Protect|p1b: Aerodactyl
|-singleturn|p1b: Aerodactyl|Protect
|move|p2a: Incineroar|Fake Out|p1a: Incineroar
|-damage|p1a: Incineroar|13/100
|move|p2b: Aerodactyl|Tailwind|p2b: Aerodactyl
|-sidestart|p2: Passevgc|move: Tailwind
|cant|p1a: Incineroar|flinch
|
|upkeep
|turn|13
|inactive|ill.busx has 30 seconds left.
|
|t:|1783541271
|switch|p1a: Kangaskhan|Kangaskhan-Mega, L50, F|69/100
|move|p2b: Aerodactyl|Rock Slide|p1b: Aerodactyl|[spread] p1a,p1b
|-supereffective|p1b: Aerodactyl|1
|-damage|p1a: Kangaskhan|49/100
|-damage|p1b: Aerodactyl|0 fnt
|faint|p1b: Aerodactyl
|move|p2a: Incineroar|Parting Shot|p1a: Kangaskhan
|-unboost|p1a: Kangaskhan|atk|1
|-unboost|p1a: Kangaskhan|spa|1
|
|t:|1783541281
|switch|p2a: Sinistcha|Sinistcha, L50|74/100|[from] Parting Shot
|-heal|p2b: Aerodactyl|100/100|[from] ability: Hospitality|[of] p2a: Sinistcha
|
|upkeep
|
|t:|1783541287
|switch|p1b: Incineroar|Incineroar, L50, M|13/100
|-ability|p1b: Incineroar|Intimidate|boost
|-unboost|p2a: Sinistcha|atk|1
|-unboost|p2b: Aerodactyl|atk|1
|turn|14
|
|t:|1783541304
|switch|p1a: Ninetales|Ninetales-Alola, L50, M|33/100
|-weather|Snowscape|[from] ability: Snow Warning|[of] p1a: Ninetales
|move|p2b: Aerodactyl|Protect|p2b: Aerodactyl
|-singleturn|p2b: Aerodactyl|Protect
|move|p2a: Sinistcha|Protect|p2a: Sinistcha
|-singleturn|p2a: Sinistcha|Protect
|move|p1b: Incineroar|Throat Chop|p2a: Sinistcha
|-activate|p2a: Sinistcha|move: Protect
|
|-weather|Snowscape|[upkeep]
|upkeep
|turn|15
|inactive|ill.busx has 30 seconds left.
|inactive|ill.busx has 20 seconds left.
|
|t:|1783541343
|switch|p2a: Incineroar|Incineroar, L50, M|34/100
|-ability|p2a: Incineroar|Intimidate|boost
|-unboost|p1a: Ninetales|atk|1
|-unboost|p1b: Incineroar|atk|1
|switch|p1a: Kangaskhan|Kangaskhan-Mega, L50, F|49/100
|move|p1b: Incineroar|Protect|p1b: Incineroar
|-singleturn|p1b: Incineroar|Protect
|move|p2b: Aerodactyl|Rock Slide|p1a: Kangaskhan|[spread] p1a
|-activate|p1b: Incineroar|move: Protect
|-damage|p1a: Kangaskhan|35/100
|
|-weather|Snowscape|[upkeep]
|-sideend|p2: Passevgc|move: Tailwind
|upkeep
|turn|16
|inactive|ill.busx has 30 seconds left.
|inactive|ill.busx has 20 seconds left.
|inactive|ill.busx has 15 seconds left.
|inactive|ill.busx has 10 seconds left.
|inactive|ill.busx has 5 seconds left.
|
|t:|1783541374
|switch|p2b: Sinistcha|Sinistcha, L50|74/100
|-heal|p2a: Incineroar|58/100|[from] ability: Hospitality|[of] p2b: Sinistcha
|switch|p1b: Ninetales|Ninetales-Alola, L50, M|33/100
|move|p1a: Kangaskhan|Fake Out|p2b: Sinistcha
|-immune|p2b: Sinistcha
|move|p2a: Incineroar|Fake Out|p1a: Kangaskhan
|-damage|p1a: Kangaskhan|27/100
|
|-weather|Snowscape|[upkeep]
|upkeep
|turn|17
|inactive|ill.busx has 5 seconds left this turn.
|-message|ill.busx lost due to inactivity.
|
|win|Passevgc
|c|☆Passevgc|gg
||ill.busx is ready for game 3.
||Passevgc is ready for game 3.
|uhtml|next|Next: Game 3 of 3
|l|☆Passevgc
|player|p2|
