|j|☆nutbuster151
|j|☆T1guel
|html|nutbuster151T1guel    
|uhtml|bestof|Game 1 of a best-of-3
|t:|1785073871
|gametype|doubles
|player|p1|nutbuster151|acetrainer|1202
|player|p2|T1guel|hilbert|1234
|gen|9
|tier|[Gen 9 Champions] VGC 2026 Reg M-B (Bo3)
|rated|
|rule|Species Clause: Limit one of each Pokémon
|rule|Item Clause: Limit 1 of each item
|clearpoke
|poke|p1|Aerodactyl, L50, F|
|poke|p1|Kingambit, L50, F|
|poke|p1|Sylveon, L50, F|
|poke|p1|Garchomp, L50, F|
|poke|p1|Charizard, L50, F|
|poke|p1|Incineroar, L50, M|
|poke|p2|Aggron, L50, M|
|poke|p2|Farigiraf, L50, M|
|poke|p2|Sinistcha, L50|
|poke|p2|Tyranitar, L50, M|
|poke|p2|Incineroar, L50, M|
|poke|p2|Delphox, L50, F|
|teampreview|4
|showteam|p1|Aerodactyl||Aerodactylite|Unnerve|RockSlide,IceFang,Tailwind,WideGuard|Jolly||F|||50|]Kingambit||FocusSash|Defiant|KowtowCleave,SuckerPunch,IronHead,Protect|Adamant||F|||50|]Sylveon||FairyFeather|Pixilate|Detect,HyperVoice,HyperBeam,QuickAttack|Modest||F|||50|]Garchomp||LifeOrb|RoughSkin|Earthquake,DragonClaw,StompingTantrum,Protect|Jolly||F|||50|]Charizard||CharizarditeY|Blaze|Protect,HeatWave,SolarBeam,WeatherBall|Modest||F|||50|]Incineroar||SitrusBerry|Intimidate|DarkestLariat,FlareBlitz,FakeOut,PartingShot|Impish||M|||50|
|showteam|p2|Aggron||Aggronite|Sturdy|BodyPress,HeavySlam,Protect,IronDefense|Sassy||M|||50|]Farigiraf||SitrusBerry|ArmorTail|Psychic,Thunderbolt,SkillSwap,TrickRoom|Relaxed||M|||50|]Sinistcha||Leftovers|Hospitality|MatchaGotcha,ShadowBall,Protect,RagePowder|Sassy|||||50|]Tyranitar||ChoiceScarf|SandStream|RockSlide,KnockOff,ThunderPunch,IcePunch|Jolly||M|||50|]Incineroar||ExpertBelt|Intimidate|FakeOut,FlareBlitz,PartingShot,CloseCombat|Adamant||M|||50|]Delphox||Delphoxite|Blaze|HeatWave,Psychic,Protect,NastyPlot|Timid||F|||50|
|c|☆T1guel|glhf
|c|☆nutbuster151|u 2
|
|t:|1785073933
|teamsize|p1|4
|teamsize|p2|4
|start
|switch|p1a: Kingambit|Kingambit, L50, F|100/100
|switch|p1b: Garchomp|Garchomp, L50, F|100/100
|switch|p2a: Aggron|Aggron, L50, M|100/100
|switch|p2b: Tyranitar|Tyranitar, L50, M|100/100
|-weather|Sandstorm|[from] ability: Sand Stream|[of] p2b: Tyranitar
|turn|1
|inactive|Battle timer is ON: inactive players will automatically lose when time's up. (requested by T1guel)
|
|t:|1785073964
|switch|p1b: Charizard|Charizard, L50, F|100/100
|detailschange|p2a: Aggron|Aggron-Mega, L50, M
|-mega|p2a: Aggron|Aggron|Aggronite
|move|p2b: Tyranitar|Ice Punch|p1b: Charizard
|-damage|p1b: Charizard|70/100
|move|p1a: Kingambit|Iron Head|p2b: Tyranitar
|-supereffective|p2b: Tyranitar|1
|-damage|p2b: Tyranitar|16/100
|move|p2a: Aggron|Body Press|p1a: Kingambit
|-supereffective|p1a: Kingambit|2
|-enditem|p1a: Kingambit|Focus Sash
|-damage|p1a: Kingambit|1/100
|
|-weather|Sandstorm|[upkeep]
|-damage|p1b: Charizard|64/100|[from] Sandstorm
|upkeep
|turn|2
|inactive|nutbuster151 has 30 seconds left.
|inactive|nutbuster151 has 20 seconds left.
|inactive|nutbuster151 has 15 seconds left.
|inactive|nutbuster151 has 10 seconds left.
|inactive|nutbuster151 has 5 seconds left.
|
|t:|1785074015
|switch|p2b: Incineroar|Incineroar, L50, M|100/100
|-ability|p2b: Incineroar|Intimidate|boost
|-unboost|p1a: Kingambit|atk|1
|-ability|p1a: Kingambit|Defiant|boost
|-boost|p1a: Kingambit|atk|2
|-unboost|p1b: Charizard|atk|1
|detailschange|p1b: Charizard|Charizard-Mega-Y, L50, F
|-mega|p1b: Charizard|Charizard|Charizardite Y
|-weather|SunnyDay|[from] ability: Drought|[of] p1b: Charizard
|move|p2a: Aggron|Protect|p2a: Aggron
|-singleturn|p2a: Aggron|Protect
|move|p1a: Kingambit|Sucker Punch||[still]
|-fail|p1a: Kingambit
|move|p1b: Charizard|Heat Wave|p2b: Incineroar|[spread] 
|-activate|p2a: Aggron|move: Protect
|-miss|p1b: Charizard|p2b: Incineroar
|
|-weather|SunnyDay|[upkeep]
|upkeep
|turn|3
|
|t:|1785074037
|switch|p1a: Garchomp|Garchomp, L50, F|100/100
|move|p1b: Charizard|Protect|p1b: Charizard
|-singleturn|p1b: Charizard|Protect
|move|p2b: Incineroar|Fake Out|p1b: Charizard
|-activate|p1b: Charizard|move: Protect
|move|p2a: Aggron|Body Press|p1a: Garchomp
|-damage|p1a: Garchomp|62/100
|-damage|p2a: Aggron|87/100|[from] ability: Rough Skin|[of] p1a: Garchomp
|
|-weather|SunnyDay|[upkeep]
|upkeep
|turn|4
|
|t:|1785074057
|move|p2a: Aggron|Protect|p2a: Aggron
|-singleturn|p2a: Aggron|Protect
|move|p1a: Garchomp|Earthquake|p2a: Aggron|[spread] p2b
|-activate|p2a: Aggron|move: Protect
|-immune|p1b: Charizard
|-supereffective|p2b: Incineroar|1
|-damage|p2b: Incineroar|0 fnt
|faint|p2b: Incineroar
|-damage|p1a: Garchomp|53/100|[from] item: Life Orb
|move|p1b: Charizard|Heat Wave|p2a: Aggron
|-activate|p2a: Aggron|move: Protect
|
|-weather|SunnyDay|[upkeep]
|upkeep
|
|t:|1785074065
|switch|p2b: Tyranitar|Tyranitar, L50, M|16/100
|-weather|Sandstorm|[from] ability: Sand Stream|[of] p2b: Tyranitar
|turn|5
|inactive|nutbuster151 has 30 seconds left.
|inactive|nutbuster151 has 20 seconds left.
|inactive|nutbuster151 has 15 seconds left.
|inactive|nutbuster151 has 10 seconds left.
|inactive|nutbuster151 has 5 seconds left.
|
|t:|1785074116
|switch|p1b: Sylveon|Sylveon, L50, F|100/100
|move|p1a: Garchomp|Protect|p1a: Garchomp
|-singleturn|p1a: Garchomp|Protect
|move|p2b: Tyranitar|Rock Slide|p1a: Garchomp|[spread] p1b
|-activate|p1a: Garchomp|move: Protect
|-damage|p1b: Sylveon|67/100
|move|p2a: Aggron|Body Press|p1a: Garchomp
|-activate|p1a: Garchomp|move: Protect
|
|-weather|Sandstorm|[upkeep]
|-damage|p1b: Sylveon|61/100|[from] Sandstorm
|upkeep
|turn|6
|
|t:|1785074134
|switch|p2b: Farigiraf|Farigiraf, L50, M|100/100
|move|p1b: Sylveon|Detect|p1b: Sylveon
|-singleturn|p1b: Sylveon|Protect
|move|p1a: Garchomp|Earthquake|p2a: Aggron|[spread] p2a,p2b
|-activate|p1b: Sylveon|move: Protect
|-supereffective|p2a: Aggron|1
|-damage|p2a: Aggron|53/100
|-damage|p2b: Farigiraf|63/100
|-damage|p1a: Garchomp|43/100|[from] item: Life Orb
|move|p2a: Aggron|Heavy Slam|p1b: Sylveon
|-activate|p1b: Sylveon|move: Protect
|
|-weather|Sandstorm|[upkeep]
|-damage|p1b: Sylveon|55/100|[from] Sandstorm
|-damage|p2b: Farigiraf|57/100|[from] Sandstorm
|upkeep
|turn|7
|inactive|nutbuster151 has 30 seconds left.
|
|t:|1785074162
|switch|p1b: Charizard|Charizard-Mega-Y, L50, F|64/100
|-weather|SunnyDay|[from] ability: Drought|[of] p1b: Charizard
|move|p1a: Garchomp|Earthquake|p2a: Aggron|[spread] p2a,p2b
|-immune|p1b: Charizard
|-supereffective|p2a: Aggron|1
|-damage|p2a: Aggron|16/100
|-damage|p2b: Farigiraf|22/100
|-enditem|p2b: Farigiraf|Sitrus Berry|[eat]
|-heal|p2b: Farigiraf|47/100|[from] item: Sitrus Berry
|-damage|p1a: Garchomp|33/100|[from] item: Life Orb
|move|p2b: Farigiraf|Psychic|p1a: Garchomp
|-damage|p1a: Garchomp|0 fnt
|faint|p1a: Garchomp
|move|p2a: Aggron|Heavy Slam|p1b: Charizard
|-resisted|p1b: Charizard|1
|-damage|p1b: Charizard|45/100
|
|-weather|SunnyDay|[upkeep]
|upkeep
|
|t:|1785074184
|switch|p1a: Sylveon|Sylveon, L50, F|55/100
|turn|8
|
|t:|1785074192
|move|p2a: Aggron|Protect|p2a: Aggron
|-singleturn|p2a: Aggron|Protect
|move|p1b: Charizard|Heat Wave|p2b: Farigiraf|[spread] p2b
|-activate|p2a: Aggron|move: Protect
|-damage|p2b: Farigiraf|0 fnt
|faint|p2b: Farigiraf
|move|p1a: Sylveon|Hyper Voice|p2a: Aggron
|-activate|p2a: Aggron|move: Protect
|
|-weather|SunnyDay|[upkeep]
|upkeep
|
|t:|1785074198
|switch|p2b: Tyranitar|Tyranitar, L50, M|16/100
|-weather|Sandstorm|[from] ability: Sand Stream|[of] p2b: Tyranitar
|turn|9
|
|t:|1785074211
|switch|p1b: Kingambit|Kingambit, L50, F|1/100
|move|p2b: Tyranitar|Rock Slide|p1a: Sylveon|[spread] p1a,p1b
|-resisted|p1b: Kingambit|1
|-damage|p1a: Sylveon|17/100
|-damage|p1b: Kingambit|0 fnt
|faint|p1b: Kingambit
|cant|p1a: Sylveon|flinch
|move|p2a: Aggron|Heavy Slam|p1a: Sylveon
|-supereffective|p1a: Sylveon|1
|-damage|p1a: Sylveon|0 fnt
|faint|p1a: Sylveon
|
|-weather|Sandstorm|[upkeep]
|upkeep
|
|t:|1785074228
|switch|p1b: Charizard|Charizard-Mega-Y, L50, F|45/100
|-weather|SunnyDay|[from] ability: Drought|[of] p1b: Charizard
|turn|10
|
|t:|1785074236
|move|p2b: Tyranitar|Rock Slide|p1b: Charizard
|-supereffective|p1b: Charizard|2
|-damage|p1b: Charizard|0 fnt
|faint|p1b: Charizard
|
|win|T1guel
||T1guel is ready for game 2.
|inactive|nutbuster151 has 30 seconds to confirm battle start!
|inactive|nutbuster151 has 20 seconds to confirm battle start!
|inactive|nutbuster151 has 10 seconds to confirm battle start!
|uhtml|next|Next: Game 2 of 3
|l|☆T1guel
|player|p2|
