|j|☆demakker
|j|☆manspread
|html|demakkermanspread    
|uhtml|bestof|Game 1 of a best-of-3
|t:|1757786122
|gametype|doubles
|player|p1|demakker|102|1083
|player|p2|manspread|266|1095
|gen|9
|tier|[Gen 9] VGC 2025 Reg H (Bo3)
|rated|
|rule|Species Clause: Limit one of each Pokémon
|rule|Item Clause: Limit 1 of each item
|clearpoke
|poke|p1|Indeedee-F, L50, F|
|poke|p1|Ursaluna, L50, M|
|poke|p1|Torkoal, L50, M|
|poke|p1|Hatterene, L50, F|
|poke|p1|Smeargle, L50, F|
|poke|p1|Greedent, L50, F|
|poke|p2|Pelipper, L50, F|
|poke|p2|Dragonite, L50, F|
|poke|p2|Incineroar, L50, M|
|poke|p2|Archaludon, L50, F|
|poke|p2|Amoonguss, L50, F|
|poke|p2|Gholdengo, L50|
|teampreview|4
|showteam|p1|Indeedee-F||PsychicSeed|PsychicSurge|FollowMe,TrickRoom,Psychic,HelpingHand|||F|||50|,,,,,Fairy]Ursaluna||FlameOrb|Guts|Facade,HeadlongRush,Protect,Earthquake|||M|||50|,,,,,Ghost]Torkoal||ChoiceSpecs|Drought|Eruption,Flamethrower,SolarBeam,EarthPower|||M|||50|,,,,,Fire]Hatterene||LifeOrb|MagicBounce|TrickRoom,DazzlingGleam,ExpandingForce,Protect|||F|||50|,,,,,Fire]Smeargle||FocusSash|OwnTempo|FakeOut,Spore,FollowMe,Decorate|||F|||50|,,,,,Ghost]Greedent||GanlonBerry|CheekPouch|StuffCheeks,BodyPress,KnockOff,Protect|||F|||50|,,,,,Fighting
|showteam|p2|Pelipper||FocusSash|Drizzle|WeatherBall,Hurricane,WideGuard,Protect|||F|||50|,,,,,Ghost]Dragonite||LoadedDice|Multiscale|ScaleShot,Tailwind,Haze,Protect|||F|||50|,,,,,Fairy]Incineroar||SafetyGoggles|Intimidate|KnockOff,FakeOut,PartingShot,FlareBlitz|||M|||50|,,,,,Ghost]Archaludon||AssaultVest|Stamina|ElectroShot,BodyPress,DragonPulse,FlashCannon|||F|||50|,,,,,Bug]Amoonguss||SitrusBerry|Regenerator|RagePowder,Spore,Protect,PollenPuff|||F|||50|,,,,,Water]Gholdengo||LifeOrb|GoodasGold|ShadowBall,MakeItRain,NastyPlot,Protect||||||50|,,,,,Flying
|inactive|Battle timer is ON: inactive players will automatically lose when time's up. (requested by demakker)
|c|☆demakker|gl hf
|inactive|demakker has 60 seconds left.
|
|t:|1757786163
|teamsize|p1|4
|teamsize|p2|4
|start
|switch|p1a: Indeedee|Indeedee-F, L50, F|100/100
|switch|p1b: Hatterene|Hatterene, L50, F|100/100
|switch|p2a: Archaludon|Archaludon, L50, F, shiny|100/100
|switch|p2b: Dragonite|Dragonite, L50, F, shiny|100/100
|-fieldstart|move: Psychic Terrain|[from] ability: Psychic Surge|[of] p1a: Indeedee
|-enditem|p1a: Indeedee|Psychic Seed
|-boost|p1a: Indeedee|spd|1|[from] item: Psychic Seed
|turn|1
|inactive|demakker has 30 seconds left.
|
|t:|1757786188
|switch|p2b: Pelipper|Pelipper, L50, F, shiny|100/100
|-weather|RainDance|[from] ability: Drizzle|[of] p2b: Pelipper
|move|p1a: Indeedee|Follow Me|p1a: Indeedee
|-singleturn|p1a: Indeedee|move: Follow Me
|move|p2a: Archaludon|Electro Shot||[still]
|-prepare|p2a: Archaludon|Electro Shot
|-boost|p2a: Archaludon|spa|1
|-anim|p2a: Archaludon|Electro Shot|p1a: Indeedee
|-damage|p1a: Indeedee|62/100
|move|p1b: Hatterene|Trick Room|p1b: Hatterene
|-fieldstart|move: Trick Room|[of] p1b: Hatterene
|
|-weather|RainDance|[upkeep]
|upkeep
|turn|2
|inactive|demakker has 30 seconds left.
|inactive|manspread has 30 seconds left.
|
|t:|1757786220
|switch|p1b: Torkoal|Torkoal, L50, M|100/100
|-weather|SunnyDay|[from] ability: Drought|[of] p1b: Torkoal
|move|p2b: Pelipper|Wide Guard|p2b: Pelipper
|-singleturn|p2b: Pelipper|Wide Guard
|move|p1a: Indeedee|Psychic|p2b: Pelipper
|-damage|p2b: Pelipper|38/100
|move|p2a: Archaludon|Electro Shot||[still]
|-prepare|p2a: Archaludon|Electro Shot
|-boost|p2a: Archaludon|spa|1
|
|-weather|SunnyDay|[upkeep]
|upkeep
|turn|3
|inactive|demakker has 30 seconds left.
|
|t:|1757786251
|switch|p2b: Dragonite|Dragonite, L50, F, shiny|100/100
|move|p1a: Indeedee|Follow Me|p1a: Indeedee
|-singleturn|p1a: Indeedee|move: Follow Me
|move|p1b: Torkoal|Earth Power|p2a: Archaludon
|-supereffective|p2a: Archaludon
|-crit|p2a: Archaludon
|-damage|p2a: Archaludon|6/100
|-unboost|p2a: Archaludon|spd|1
|-ability|p2a: Archaludon|Stamina|boost
|-boost|p2a: Archaludon|def|1
|move|p2a: Archaludon|Electro Shot|p1a: Indeedee|[from] lockedmove
|-damage|p1a: Indeedee|9/100
|
|-weather|SunnyDay|[upkeep]
|upkeep
|turn|4
|inactive|demakker has 30 seconds left.
|inactive|manspread has 30 seconds left.
|inactive|demakker has 20 seconds left.
|inactive|demakker has 15 seconds left.
|
|t:|1757786292
|switch|p1b: Hatterene|Hatterene, L50, F|100/100
|move|p2b: Dragonite|Protect|p2b: Dragonite
|-singleturn|p2b: Dragonite|Protect
|move|p1a: Indeedee|Psychic|p2a: Archaludon
|-resisted|p2a: Archaludon
|-damage|p2a: Archaludon|0 fnt
|faint|p2a: Archaludon
|
|-weather|SunnyDay|[upkeep]
|upkeep
|
|t:|1757786302
|switch|p2a: Pelipper|Pelipper, L50, F, shiny|38/100
|-weather|RainDance|[from] ability: Drizzle|[of] p2a: Pelipper
|turn|5
|
|t:|1757786323
|switch|p2b: Amoonguss|Amoonguss, L50, F, shiny|100/100
|move|p1b: Hatterene|Protect|p1b: Hatterene
|-singleturn|p1b: Hatterene|Protect
|move|p2a: Pelipper|Protect|p2a: Pelipper
|-singleturn|p2a: Pelipper|Protect
|move|p1a: Indeedee|Psychic|p2a: Pelipper
|-activate|p2a: Pelipper|move: Protect
|
|-weather|RainDance|[upkeep]
|-fieldend|move: Trick Room
|-fieldend|move: Psychic Terrain
|upkeep
|turn|6
|inactive|manspread has 30 seconds left.
|inactive|manspread has 20 seconds left.
|inactive|manspread has 15 seconds left.
|
|t:|1757786364
|switch|p2a: Dragonite|Dragonite, L50, F, shiny|100/100
|-terastallize|p2b: Amoonguss|Water
|move|p1a: Indeedee|Follow Me|p1a: Indeedee
|-singleturn|p1a: Indeedee|move: Follow Me
|move|p2b: Amoonguss|Pollen Puff|p1a: Indeedee
|-supereffective|p1a: Indeedee
|-damage|p1a: Indeedee|0 fnt
|faint|p1a: Indeedee
|move|p1b: Hatterene|Trick Room|p1b: Hatterene
|-fieldstart|move: Trick Room|[of] p1b: Hatterene
|
|-weather|RainDance|[upkeep]
|upkeep
|
|t:|1757786384
|switch|p1a: Torkoal|Torkoal, L50, M|100/100
|-weather|SunnyDay|[from] ability: Drought|[of] p1a: Torkoal
|turn|7
|inactive|manspread has 30 seconds left.
|inactive|manspread has 20 seconds left.
|inactive|manspread has 15 seconds left.
|inactive|manspread has 10 seconds left.
|inactive|manspread has 5 seconds left.
|
|t:|1757786439
|switch|p1a: Greedent|Greedent, L50, F|100/100
|move|p2b: Amoonguss|Rage Powder|p2b: Amoonguss
|-singleturn|p2b: Amoonguss|move: Rage Powder
|move|p1b: Hatterene|Dazzling Gleam|p2b: Amoonguss|[spread] p2a,p2b
|-supereffective|p2a: Dragonite
|-damage|p2a: Dragonite|51/100
|-damage|p2b: Amoonguss|63/100
|-damage|p1b: Hatterene|91/100|[from] item: Life Orb
|move|p2a: Dragonite|Scale Shot|p1a: Greedent
|-damage|p1a: Greedent|88/100
|-damage|p1a: Greedent|75/100
|-damage|p1a: Greedent|64/100
|-damage|p1a: Greedent|53/100
|-damage|p1a: Greedent|42/100
|-hitcount|p1a: Greedent|5
|-unboost|p2a: Dragonite|def|1
|-boost|p2a: Dragonite|spe|1
|
|-weather|SunnyDay|[upkeep]
|upkeep
|turn|8
|inactive|manspread has 30 seconds left.
|inactive|manspread has 20 seconds left.
|
|t:|1757786476
|move|p2a: Dragonite|Protect|p2a: Dragonite
|-singleturn|p2a: Dragonite|Protect
|move|p1a: Greedent|Stuff Cheeks|p1a: Greedent
|-boost|p1a: Greedent|def|2
|-enditem|p1a: Greedent|Ganlon Berry|[eat]
|-boost|p1a: Greedent|def|1|[from] item: Ganlon Berry
|-heal|p1a: Greedent|75/100|[from] ability: Cheek Pouch
|move|p1b: Hatterene|Dazzling Gleam|p2a: Dragonite|[spread] p2b
|-activate|p2a: Dragonite|move: Protect
|-damage|p2b: Amoonguss|24/100
|-enditem|p2b: Amoonguss|Sitrus Berry|[eat]
|-heal|p2b: Amoonguss|49/100|[from] item: Sitrus Berry
|-damage|p1b: Hatterene|81/100|[from] item: Life Orb
|move|p2b: Amoonguss|Spore|p1a: Greedent
|-status|p1a: Greedent|slp|[from] move: Spore
|
|-weather|SunnyDay|[upkeep]
|upkeep
|turn|9
|inactive|manspread has 30 seconds left.
|inactive|manspread has 20 seconds left.
|
|t:|1757786516
|switch|p2a: Pelipper|Pelipper, L50, F, shiny|38/100
|-weather|RainDance|[from] ability: Drizzle|[of] p2a: Pelipper
|move|p2b: Amoonguss|Protect|p2b: Amoonguss
|-singleturn|p2b: Amoonguss|Protect
|cant|p1a: Greedent|slp
|move|p1b: Hatterene|Dazzling Gleam|p2a: Pelipper|[spread] p2a
|-activate|p2b: Amoonguss|move: Protect
|-damage|p2a: Pelipper|0 fnt
|faint|p2a: Pelipper
|-damage|p1b: Hatterene|71/100|[from] item: Life Orb
|
|-weather|RainDance|[upkeep]
|upkeep
|
|t:|1757786526
|switch|p2a: Dragonite|Dragonite, L50, F, shiny|51/100
|turn|10
|
|t:|1757786542
|move|p2a: Dragonite|Protect|p2a: Dragonite
|-singleturn|p2a: Dragonite|Protect
|cant|p1a: Greedent|slp
|move|p1b: Hatterene|Dazzling Gleam|p2a: Dragonite|[spread] p2b
|-activate|p2a: Dragonite|move: Protect
|-damage|p2b: Amoonguss|13/100
|-damage|p1b: Hatterene|61/100|[from] item: Life Orb
|move|p2b: Amoonguss|Pollen Puff|p1b: Hatterene
|-damage|p1b: Hatterene|43/100
|
|-weather|RainDance|[upkeep]
|-fieldend|move: Trick Room
|upkeep
|turn|11
|-message|manspread forfeited.
|
|win|demakker
|l|☆manspread
|player|p2|
||manspread is ready for game 2.
||demakker is ready for game 2.
|uhtml|next|Next: Game 2 of 3
