|j|☆kinhopeace
|j|☆That_Leek
|html|kinhopeaceThat_Leek    
|uhtml|bestof|Game 2 of a best-of-3
|t:|1755698329
|gametype|doubles
|player|p1|kinhopeace|fisherman|1179
|player|p2|That_Leek|blue-masters|1312
|gen|9
|tier|[Gen 9] VGC 2025 Reg H (Bo3)
|rated|
|rule|Species Clause: Limit one of each Pokémon
|rule|Item Clause: Limit 1 of each item
|clearpoke
|poke|p1|Porygon2, L50|
|poke|p1|Ursaluna, L50, F|
|poke|p1|Incineroar, L50, F|
|poke|p1|Amoonguss, L50, M|
|poke|p1|Gholdengo, L50|
|poke|p1|Ninetales-Alola, L50, M|
|poke|p2|Incineroar, L50, F|
|poke|p2|Gholdengo, L50|
|poke|p2|Dragonite, L50, M|
|poke|p2|Amoonguss, L50, F|
|poke|p2|Ursaluna-Bloodmoon, L50, M|
|poke|p2|Gallade, L50, M|
|teampreview|4
|showteam|p1|Porygon2||Eviolite|Download|TeraBlast,IceBeam,TrickRoom,Recover||||||50|,,,,,Fighting]Ursaluna||FlameOrb|Guts|Facade,HeadlongRush,Earthquake,Protect|||F|||50|,,,,,Ghost]Incineroar||SafetyGoggles|Intimidate|FlareBlitz,KnockOff,PartingShot,FakeOut|||F|||50|,,,,,Grass]Amoonguss||SitrusBerry|Regenerator|Spore,RagePowder,PollenPuff,ClearSmog|||M|||50|,,,,,Water]Gholdengo||LifeOrb|GoodasGold|MakeItRain,ShadowBall,NastyPlot,Protect||||||50|,,,,,Water]Ninetales-Alola||LightClay|SnowWarning|Blizzard,IcyWind,AuroraVeil,Encore|||M|||50|,,,,,Ghost
|showteam|p2|Incineroar||SafetyGoggles|Intimidate|FakeOut,FlareBlitz,KnockOff,PartingShot|||F|||50|,,,,,Water]Gholdengo||LifeOrb|GoodasGold|MakeItRain,ShadowBall,NastyPlot,Protect||||||50|,,,,,Dragon]Dragonite||LoadedDice|Multiscale|Tailwind,StompingTantrum,ScaleShot,Protect|||M|||50|,,,,,Fairy]Amoonguss||SitrusBerry|Regenerator|PollenPuff,Spore,RagePowder,Protect|||F|||50|,,,,,Fairy]Ursaluna-Bloodmoon||AssaultVest|MindsEye|VacuumWave,BloodMoon,HyperVoice,EarthPower|||M|||50|,,,,,Ghost]Gallade||FocusSash|Sharpness|TrickRoom,SacredSword,WideGuard,PsychoCut|||M|||50|,,,,,Fairy
|
|t:|1755698397
|teamsize|p1|4
|teamsize|p2|4
|start
|switch|p1a: Gholdengo|Gholdengo, L50|100/100
|switch|p1b: Ninetales|Ninetales-Alola, L50, M|100/100
|switch|p2a: Incineroar|Incineroar, L50, F|100/100
|switch|p2b: Dragonite|Dragonite, L50, M|100/100
|-weather|Snowscape|[from] ability: Snow Warning|[of] p1b: Ninetales
|-ability|p2a: Incineroar|Intimidate|boost
|-unboost|p1a: Gholdengo|atk|1
|-unboost|p1b: Ninetales|atk|1
|turn|1
|
|t:|1755698437
|switch|p1a: Incineroar|Incineroar, L50, F|100/100
|-ability|p1a: Incineroar|Intimidate|boost
|-unboost|p2a: Incineroar|atk|1
|-unboost|p2b: Dragonite|atk|1
|move|p1b: Ninetales|Icy Wind|p2b: Dragonite|[spread] p2b
|-miss|p1b: Ninetales|p2a: Incineroar
|-supereffective|p2b: Dragonite
|-damage|p2b: Dragonite|72/100
|-unboost|p2b: Dragonite|spe|1
|move|p2b: Dragonite|Tailwind|p2b: Dragonite
|-sidestart|p2: That_Leek|move: Tailwind
|move|p2a: Incineroar|Knock Off|p1b: Ninetales
|-resisted|p1b: Ninetales
|-damage|p1b: Ninetales|87/100
|-enditem|p1b: Ninetales|Light Clay|[from] move: Knock Off|[of] p2a: Incineroar
|
|-weather|Snowscape|[upkeep]
|upkeep
|turn|2
|
|t:|1755698457
|move|p1a: Incineroar|Fake Out|p2a: Incineroar
|-damage|p2a: Incineroar|89/100
|move|p1b: Ninetales|Aurora Veil|p1b: Ninetales
|-sidestart|p1: kinhopeace|move: Aurora Veil
|move|p2b: Dragonite|Scale Shot|p1a: Incineroar
|-damage|p1a: Incineroar|95/100
|-damage|p1a: Incineroar|89/100
|-damage|p1a: Incineroar|83/100
|-damage|p1a: Incineroar|78/100
|-hitcount|p1a: Incineroar|4
|-unboost|p2b: Dragonite|def|1
|-boost|p2b: Dragonite|spe|1
|cant|p2a: Incineroar|flinch
|
|-weather|Snowscape|[upkeep]
|upkeep
|turn|3
|
|t:|1755698468
|move|p2b: Dragonite|Protect|p2b: Dragonite
|-singleturn|p2b: Dragonite|Protect
|move|p1b: Ninetales|Blizzard|p2b: Dragonite|[spread] p2a
|-activate|p2b: Dragonite|move: Protect
|-resisted|p2a: Incineroar
|-damage|p2a: Incineroar|77/100
|move|p2a: Incineroar|Parting Shot|p1a: Incineroar
|-unboost|p1a: Incineroar|atk|1
|-unboost|p1a: Incineroar|spa|1
|
|t:|1755698473
|switch|p2a: Ursaluna|Ursaluna-Bloodmoon, L50, M|100/100|[from] Parting Shot
|move|p1a: Incineroar|Parting Shot|p2a: Ursaluna
|-unboost|p2a: Ursaluna|atk|1
|-unboost|p2a: Ursaluna|spa|1
|
|t:|1755698486
|switch|p1a: Ursaluna|Ursaluna, L50, F|100/100|[from] Parting Shot
|
|-weather|Snowscape|[upkeep]
|-status|p1a: Ursaluna|brn|[from] item: Flame Orb
|upkeep
|turn|4
|
|t:|1755698497
|switch|p2b: Incineroar|Incineroar, L50, F|77/100
|-ability|p2b: Incineroar|Intimidate|boost
|-unboost|p1a: Ursaluna|atk|1
|-unboost|p1b: Ninetales|atk|1
|switch|p1b: Incineroar|Incineroar, L50, F|78/100
|-ability|p1b: Incineroar|Intimidate|boost
|-unboost|p2a: Ursaluna|atk|1
|-unboost|p2b: Incineroar|atk|1
|move|p2a: Ursaluna|Blood Moon|p1b: Incineroar
|-damage|p1b: Incineroar|45/100
|move|p1a: Ursaluna|Facade|p2a: Ursaluna
|-damage|p2a: Ursaluna|37/100
|
|-weather|Snowscape|[upkeep]
|-damage|p1a: Ursaluna|95/100 brn|[from] brn
|-sideend|p2: That_Leek|move: Tailwind
|upkeep
|turn|5
|
|t:|1755698530
|-terastallize|p2a: Ursaluna|Ghost
|move|p1b: Incineroar|Fake Out|p2b: Incineroar
|-damage|p2b: Incineroar|65/100
|move|p2a: Ursaluna|Earth Power|p1b: Incineroar
|-supereffective|p1b: Incineroar
|-damage|p1b: Incineroar|3/100
|cant|p2b: Incineroar|flinch
|move|p1a: Ursaluna|Facade|p2a: Ursaluna
|-immune|p2a: Ursaluna
|
|-weather|none
|-damage|p1a: Ursaluna|89/100 brn|[from] brn
|upkeep
|turn|6
|
|t:|1755698543
|move|p2a: Ursaluna|Hyper Voice|p1b: Incineroar|[spread] p1a,p1b
|-damage|p1a: Ursaluna|73/100 brn
|-damage|p1b: Incineroar|0 fnt
|faint|p1b: Incineroar
|move|p2b: Incineroar|Parting Shot|p1a: Ursaluna
|-unboost|p1a: Ursaluna|atk|1
|-unboost|p1a: Ursaluna|spa|1
|
|t:|1755698546
|switch|p2b: Dragonite|Dragonite, L50, M|72/100|[from] Parting Shot
|move|p1a: Ursaluna|Earthquake|p2a: Ursaluna|[spread] p2a
|-immune|p2b: Dragonite
|-damage|p2a: Ursaluna|8/100
|
|-damage|p1a: Ursaluna|67/100 brn|[from] brn
|-sideend|p1: kinhopeace|move: Aurora Veil
|upkeep
|
|t:|1755698558
|switch|p1b: Ninetales|Ninetales-Alola, L50, M|87/100
|-weather|Snowscape|[from] ability: Snow Warning|[of] p1b: Ninetales
|turn|7
|
|t:|1755698564
|switch|p2a: Incineroar|Incineroar, L50, F|65/100
|-ability|p2a: Incineroar|Intimidate|boost
|-unboost|p1a: Ursaluna|atk|1
|-unboost|p1b: Ninetales|atk|1
|switch|p1a: Gholdengo|Gholdengo, L50|100/100
|move|p2b: Dragonite|Protect|p2b: Dragonite
|-singleturn|p2b: Dragonite|Protect
|move|p1b: Ninetales|Blizzard|p2b: Dragonite|[spread] p2a
|-activate|p2b: Dragonite|move: Protect
|-resisted|p2a: Incineroar
|-damage|p2a: Incineroar|52/100
|
|-weather|Snowscape|[upkeep]
|upkeep
|turn|8
|
|t:|1755698579
|-terastallize|p1b: Ninetales|Ghost
|move|p2a: Incineroar|Fake Out|p1b: Ninetales
|-immune|p1b: Ninetales
|move|p1b: Ninetales|Blizzard|p2b: Dragonite|[spread] p2a,p2b
|-resisted|p2a: Incineroar
|-supereffective|p2b: Dragonite
|-damage|p2a: Incineroar|40/100
|-damage|p2b: Dragonite|0 fnt
|faint|p2b: Dragonite
|move|p1a: Gholdengo|Nasty Plot|p1a: Gholdengo
|-boost|p1a: Gholdengo|spa|2
|
|-weather|Snowscape|[upkeep]
|upkeep
|
|t:|1755698584
|switch|p2b: Gholdengo|Gholdengo, L50|100/100
|turn|9
|
|t:|1755698597
|move|p2b: Gholdengo|Protect|p2b: Gholdengo
|-singleturn|p2b: Gholdengo|Protect
|move|p1b: Ninetales|Encore|p2a: Incineroar
|-start|p2a: Incineroar|Encore
|move|p1a: Gholdengo|Shadow Ball|p2b: Gholdengo
|-activate|p2b: Gholdengo|move: Protect
|move|p2a: Incineroar|Fake Out||[still]
|-hint|Fake Out only works on your first turn out.
|-fail|p2a: Incineroar
|
|-weather|Snowscape|[upkeep]
|upkeep
|turn|10
|
|t:|1755698609
|switch|p2a: Ursaluna|Ursaluna-Bloodmoon, L50, M, tera:Ghost|8/100
|move|p2b: Gholdengo|Protect||[still]
|-fail|p2b: Gholdengo
|move|p1b: Ninetales|Blizzard|p2a: Ursaluna|[spread] p2a,p2b
|-resisted|p2b: Gholdengo
|-damage|p2a: Ursaluna|0 fnt
|-damage|p2b: Gholdengo|87/100
|faint|p2a: Ursaluna
|move|p1a: Gholdengo|Shadow Ball|p2b: Gholdengo
|-supereffective|p2b: Gholdengo
|-damage|p2b: Gholdengo|0 fnt
|faint|p2b: Gholdengo
|-damage|p1a: Gholdengo|91/100|[from] item: Life Orb
|
|-weather|Snowscape|[upkeep]
|upkeep
|-message|That_Leek forfeited.
|
|win|kinhopeace
|raw|kinhopeace's rating: 1179 → 1213(+34 for winning)
|raw|That_Leek's rating: 1312 → 1285(-27 for losing)
|l|☆That_Leek
|player|p2|
