|j|☆Rexolboy
|j|☆Firstkill7
|html|RexolboyFirstkill7    
|uhtml|bestof|Game 1 of a best-of-3
|t:|1756544752
|gametype|doubles
|player|p1|Rexolboy|266|1052
|player|p2|Firstkill7|harlequin|1000
|gen|9
|tier|[Gen 9] VGC 2025 Reg H (Bo3)
|rated|
|rule|Species Clause: Limit one of each Pokémon
|rule|Item Clause: Limit 1 of each item
|clearpoke
|poke|p1|Archaludon, L50, M|
|poke|p1|Incineroar, L50, M|
|poke|p1|Whimsicott, L50, F|
|poke|p1|Ursaluna, L50, F|
|poke|p1|Indeedee-F, L50, F|
|poke|p1|Armarouge, L50, F|
|poke|p2|Sneasler, L50, F|
|poke|p2|Rillaboom, L50, F|
|poke|p2|Kingambit, L50, M|
|poke|p2|Dragonite, L50, M|
|poke|p2|Volcarona, L50, F|
|poke|p2|Ninetales-Alola, L50, M|
|teampreview|4
|showteam|p1|Archaludon||PowerHerb|Stalwart|ElectroShot,FlashCannon,DragonPulse,Protect|||M|||50|,,,,,Electric]Incineroar||SitrusBerry|Intimidate|FlareBlitz,KnockOff,FakeOut,PartingShot|||M|||50|,,,,,Ghost]Whimsicott||CovertCloak|Prankster|Moonblast,Encore,LightScreen,Tailwind|||F|||50|,,,,,Water]Ursaluna||FlameOrb|Guts|Facade,RainDance,HeadlongRush,Protect|||F|||50|,,,,,Ghost]Indeedee-F||SafetyGoggles|PsychicSurge|DazzlingGleam,HelpingHand,FollowMe,TrickRoom|||F|||50|,,,,,Fairy]Armarouge||LifeOrb|FlashFire|ExpandingForce,ArmorCannon,EnergyBall,Protect|||F|||50|,,,,,Stellar
|showteam|p2|Sneasler||GrassySeed|Unburden|CloseCombat,DireClaw,SwordsDance,Protect|||F|||50|,,,,,Dragon]Rillaboom||AssaultVest|GrassySurge|GrassyGlide,WoodHammer,Uturn,FakeOut|||F|||50|,,,,,Fire]Kingambit||BlackGlasses|Defiant|KowtowCleave,SuckerPunch,SwordsDance,Protect|||M|||50|,,,,,Dark]Dragonite||LoadedDice|Multiscale|ScaleShot,ExtremeSpeed,Haze,Protect|||M|||50|,,,,,Fairy]Volcarona||Leftovers|FlameBody|QuiverDance,HeatWave,GigaDrain,Protect|||F|||50|,,,,,Grass]Ninetales-Alola||SafetyGoggles|SnowWarning|AuroraVeil,Blizzard,Moonblast,Encore|||M|||50|,,,,,Ice
|inactive|Battle timer is ON: inactive players will automatically lose when time's up. (requested by Firstkill7)
|
|t:|1756544782
|teamsize|p1|4
|teamsize|p2|4
|start
|switch|p1a: Whimsicott|Whimsicott, L50, F|100/100
|switch|p1b: Ursaluna|Ursaluna, L50, F|100/100
|switch|p2a: Volcarona|Volcarona, L50, F|100/100
|switch|p2b: Ninetales|Ninetales-Alola, L50, M|100/100
|-weather|Snowscape|[from] ability: Snow Warning|[of] p2b: Ninetales
|turn|1
|
|t:|1756544807
|-terastallize|p1b: Ursaluna|Ghost
|move|p1a: Whimsicott|Tailwind|p1a: Whimsicott
|-sidestart|p1: Rexolboy|move: Tailwind
|move|p1b: Ursaluna|Rain Dance|p1b: Ursaluna
|-weather|RainDance
|move|p2b: Ninetales|Blizzard|p1b: Ursaluna|[spread] p1a,p1b
|-supereffective|p1a: Whimsicott
|-damage|p1a: Whimsicott|39/100
|-damage|p1b: Ursaluna|68/100
|move|p2a: Volcarona|Heat Wave|p1a: Whimsicott|[spread] p1a,p1b
|-supereffective|p1a: Whimsicott
|-damage|p1a: Whimsicott|0 fnt
|-damage|p1b: Ursaluna|51/100
|faint|p1a: Whimsicott
|
|-weather|RainDance|[upkeep]
|-status|p1b: Ursaluna|brn|[from] item: Flame Orb
|upkeep
|
|t:|1756544821
|switch|p1a: Armarouge|Armarouge, L50, F|100/100
|turn|2
|inactive|Firstkill7 has 30 seconds left.
|
|t:|1756544846
|move|p2a: Volcarona|Protect|p2a: Volcarona
|-singleturn|p2a: Volcarona|Protect
|move|p1a: Armarouge|Armor Cannon|p2b: Ninetales
|-supereffective|p2b: Ninetales
|-damage|p2b: Ninetales|0 fnt
|-unboost|p1a: Armarouge|def|1
|-unboost|p1a: Armarouge|spd|1
|faint|p2b: Ninetales
|-damage|p1a: Armarouge|91/100|[from] item: Life Orb
|move|p1b: Ursaluna|Headlong Rush|p2a: Volcarona
|-activate|p2a: Volcarona|move: Protect
|
|-weather|RainDance|[upkeep]
|-damage|p1b: Ursaluna|45/100 brn|[from] brn
|upkeep
|
|t:|1756544864
|switch|p2b: Rillaboom|Rillaboom, L50, F|100/100
|-fieldstart|move: Grassy Terrain|[from] ability: Grassy Surge|[of] p2b: Rillaboom
|turn|3
|inactive|Rexolboy has 30 seconds left.
|inactive|Firstkill7 has 30 seconds left.
|inactive|Rexolboy has 20 seconds left.
|inactive|Rexolboy has 15 seconds left.
|
|t:|1756544905
|switch|p1a: Indeedee|Indeedee-F, L50, F|100/100
|-fieldstart|move: Psychic Terrain|[from] ability: Psychic Surge|[of] p1a: Indeedee
|-terastallize|p2a: Volcarona|Grass
|move|p2b: Rillaboom|Fake Out|p1a: Indeedee
|-activate|p1a: Indeedee|move: Psychic Terrain
|move|p1b: Ursaluna|Headlong Rush|p2a: Volcarona
|-resisted|p2a: Volcarona
|-damage|p2a: Volcarona|35/100
|-unboost|p1b: Ursaluna|def|1
|-unboost|p1b: Ursaluna|spd|1
|move|p2a: Volcarona|Quiver Dance|p2a: Volcarona
|-boost|p2a: Volcarona|spa|1
|-boost|p2a: Volcarona|spd|1
|-boost|p2a: Volcarona|spe|1
|
|-weather|RainDance|[upkeep]
|-heal|p2a: Volcarona|41/100|[from] item: Leftovers
|-damage|p1b: Ursaluna|39/100 brn|[from] brn
|upkeep
|turn|4
|inactive|Firstkill7 has 30 seconds left.
|inactive|Rexolboy has 30 seconds left.
|
|t:|1756544936
|move|p1b: Ursaluna|Protect|p1b: Ursaluna
|-singleturn|p1b: Ursaluna|Protect
|move|p2a: Volcarona|Heat Wave|p1b: Ursaluna|[spread] 
|-activate|p1b: Ursaluna|move: Protect
|-miss|p2a: Volcarona|p1a: Indeedee
|move|p2b: Rillaboom|Wood Hammer|p1a: Indeedee
|-damage|p1a: Indeedee|41/100
|-damage|p2b: Rillaboom|84/100|[from] Recoil
|move|p1a: Indeedee|Trick Room|p1a: Indeedee
|-fieldstart|move: Trick Room|[of] p1a: Indeedee
|
|-weather|RainDance|[upkeep]
|-heal|p2a: Volcarona|47/100|[from] item: Leftovers
|-damage|p1b: Ursaluna|33/100 brn|[from] brn
|-sideend|p1: Rexolboy|move: Tailwind
|upkeep
|turn|5
|
|t:|1756544960
|move|p2a: Volcarona|Protect|p2a: Volcarona
|-singleturn|p2a: Volcarona|Protect
|move|p1a: Indeedee|Dazzling Gleam|p2b: Rillaboom|[spread] p2b
|-activate|p2a: Volcarona|move: Protect
|-damage|p2b: Rillaboom|75/100
|move|p1b: Ursaluna|Facade|p2b: Rillaboom
|-damage|p2b: Rillaboom|0 fnt
|faint|p2b: Rillaboom
|
|-weather|none
|-heal|p2a: Volcarona|53/100|[from] item: Leftovers
|-damage|p1b: Ursaluna|27/100 brn|[from] brn
|upkeep
|
|t:|1756544974
|switch|p2b: Sneasler|Sneasler, L50, F|100/100
|turn|6
|
|t:|1756544990
|move|p1a: Indeedee|Follow Me|p1a: Indeedee
|-singleturn|p1a: Indeedee|move: Follow Me
|move|p1b: Ursaluna|Facade|p2a: Volcarona
|-damage|p2a: Volcarona|0 fnt
|faint|p2a: Volcarona
|move|p2b: Sneasler|Dire Claw|p1a: Indeedee
|-damage|p1a: Indeedee|0 fnt
|faint|p1a: Indeedee
|
|-damage|p1b: Ursaluna|21/100 brn|[from] brn
|upkeep
|
|t:|1756544995
|switch|p1a: Armarouge|Armarouge, L50, F|91/100
|turn|7
|
|t:|1756545006
|move|p2b: Sneasler|Protect|p2b: Sneasler
|-singleturn|p2b: Sneasler|Protect
|move|p1b: Ursaluna|Headlong Rush|p2b: Sneasler
|-activate|p2b: Sneasler|move: Protect
|move|p1a: Armarouge|Expanding Force|p2b: Sneasler
|-activate|p2b: Sneasler|move: Protect
|
|-damage|p1b: Ursaluna|15/100 brn|[from] brn
|-fieldend|move: Psychic Terrain
|upkeep
|turn|8
|
|t:|1756545017
|move|p2b: Sneasler|Protect||[still]
|-fail|p2b: Sneasler
|move|p1b: Ursaluna|Headlong Rush|p2b: Sneasler
|-supereffective|p2b: Sneasler
|-damage|p2b: Sneasler|0 fnt
|-unboost|p1b: Ursaluna|def|1
|-unboost|p1b: Ursaluna|spd|1
|faint|p2b: Sneasler
|
|win|Rexolboy
||Rexolboy is ready for game 2.
