|j|☆GRNSBRN
|j|☆fili53
|html|GRNSBRNfili53    
|uhtml|bestof|Game 1 of a best-of-3
|t:|1757846130
|gametype|doubles
|player|p1|GRNSBRN|benga|1074
|player|p2|fili53|cress|1241
|gen|9
|tier|[Gen 9] VGC 2025 Reg H (Bo3)
|rated|
|rule|Species Clause: Limit one of each Pokémon
|rule|Item Clause: Limit 1 of each item
|clearpoke
|poke|p1|Reuniclus, L50, M|
|poke|p1|Tyranitar, L50, F|
|poke|p1|Indeedee-F, L50, F|
|poke|p1|Sneasler, L50, M|
|poke|p1|Houndstone, L50, M|
|poke|p1|Basculegion, L50, M|
|poke|p2|Sneasler, L50, M|
|poke|p2|Dondozo, L50, F|
|poke|p2|Kingambit, L50, M|
|poke|p2|Rillaboom, L50, M|
|poke|p2|Dragonite, L50, M|
|poke|p2|Annihilape, L50, F|
|teampreview|4
|showteam|p1|Reuniclus||SitrusBerry|Overcoat|ExpandingForce,TrickRoom,TeraBlast,Recover|||M|||50|,,,,,Water]Tyranitar||AssaultVest|SandStream|KnockOff,RockSlide,TeraBlast,LowKick|||F|||50|,,,,,Flying]Indeedee-F||RockyHelmet|PsychicSurge|TrickRoom,FollowMe,HealPulse,DazzlingGleam|||F|||50|,,,,,Fairy]Sneasler||PsychicSeed|Unburden|RockSlide,Protect,CloseCombat,DireClaw|||M|||50|,,,,,Rock]Houndstone||Leftovers|SandRush|Protect,Yawn,Snarl,LastRespects|||M|||50|,,,,,Fairy]Basculegion||ChoiceScarf|Adaptability|FlipTurn,PhantomForce,WaveCrash,LastRespects|||M|||50|,,,,,Water
|showteam|p2|Sneasler||FocusSash|PoisonTouch|CloseCombat,DireClaw,Coaching,Protect|||M|||50|,,,,,Ghost]Dondozo||Leftovers|Unaware|WaveCrash,Fissure,Yawn,Protect|||F|||50|,,,,,Poison]Kingambit||BlackGlasses|Defiant|KowtowCleave,SuckerPunch,SwordsDance,Protect|||M|||50|,,,,,Ghost]Rillaboom||AssaultVest|GrassySurge|WoodHammer,GrassyGlide,HighHorsepower,FakeOut|||M|||50|,,,,,Fire]Dragonite||LoadedDice|Multiscale|ScaleShot,StompingTantrum,Tailwind,Protect|||M|||50|,,,,,Steel]Annihilape||SafetyGoggles|Defiant|CloseCombat,RageFist,FinalGambit,Taunt|||F|||50|,,,,,Water
|inactive|Battle timer is ON: inactive players will automatically lose when time's up. (requested by GRNSBRN)
|inactive|GRNSBRN has 60 seconds left.
|
|t:|1757846207
|teamsize|p1|4
|teamsize|p2|4
|start
|switch|p1a: Reuniclus|Reuniclus, L50, M, shiny|100/100
|switch|p1b: Tyranitar|Tyranitar, L50, F|100/100
|switch|p2a: Sneasler|Sneasler, L50, M|100/100
|switch|p2b: Dragonite|Dragonite, L50, M|100/100
|-weather|Sandstorm|[from] ability: Sand Stream|[of] p1b: Tyranitar
|turn|1
|
|t:|1757846226
|switch|p1b: Indeedee|Indeedee-F, L50, F, shiny|100/100
|-fieldstart|move: Psychic Terrain|[from] ability: Psychic Surge|[of] p1b: Indeedee
|move|p2a: Sneasler|Coaching|p2b: Dragonite
|-boost|p2b: Dragonite|atk|1
|-boost|p2b: Dragonite|def|1
|move|p2b: Dragonite|Scale Shot|p1a: Reuniclus
|-damage|p1a: Reuniclus|79/100
|-damage|p1a: Reuniclus|59/100
|-damage|p1a: Reuniclus|39/100
|-enditem|p1a: Reuniclus|Sitrus Berry|[eat]
|-heal|p1a: Reuniclus|63/100|[from] item: Sitrus Berry
|-damage|p1a: Reuniclus|42/100
|-damage|p1a: Reuniclus|21/100
|-hitcount|p1a: Reuniclus|5
|-unboost|p2b: Dragonite|def|1
|-boost|p2b: Dragonite|spe|1
|move|p1a: Reuniclus|Trick Room|p1a: Reuniclus
|-fieldstart|move: Trick Room|[of] p1a: Reuniclus
|
|-weather|Sandstorm|[upkeep]
|-damage|p1b: Indeedee|94/100|[from] Sandstorm
|-damage|p2a: Sneasler|95/100|[from] Sandstorm
|-damage|p2b: Dragonite|95/100|[from] Sandstorm
|upkeep
|turn|2
|inactive|GRNSBRN has 30 seconds left.
|inactive|fili53 has 30 seconds left.
|inactive|GRNSBRN has 20 seconds left.
|
|t:|1757846262
|switch|p2a: Rillaboom|Rillaboom, L50, M|100/100
|-fieldstart|move: Grassy Terrain|[from] ability: Grassy Surge|[of] p2a: Rillaboom
|-terastallize|p1b: Indeedee|Fairy
|move|p1a: Reuniclus|Expanding Force|p2b: Dragonite
|-damage|p2b: Dragonite|44/100
|move|p1b: Indeedee|Dazzling Gleam|p2a: Rillaboom|[spread] p2a,p2b
|-supereffective|p2b: Dragonite
|-damage|p2a: Rillaboom|85/100
|-damage|p2b: Dragonite|4/100
|move|p2b: Dragonite|Stomping Tantrum|p1a: Reuniclus
|-damage|p1a: Reuniclus|0 fnt
|faint|p1a: Reuniclus
|
|-weather|Sandstorm|[upkeep]
|-damage|p1b: Indeedee|88/100|[from] Sandstorm
|-damage|p2a: Rillaboom|79/100|[from] Sandstorm
|-damage|p2b: Dragonite|0 fnt|[from] Sandstorm
|faint|p2b: Dragonite
|-heal|p1b: Indeedee|94/100|[from] Grassy Terrain
|-heal|p2a: Rillaboom|85/100|[from] Grassy Terrain
|upkeep
|
|t:|1757846286
|switch|p1a: Sneasler|Sneasler, L50, M|100/100
|switch|p2b: Kingambit|Kingambit, L50, M|100/100
|turn|3
|
|t:|1757846300
|-terastallize|p2b: Kingambit|Ghost
|move|p1a: Sneasler|Protect|p1a: Sneasler
|-singleturn|p1a: Sneasler|Protect
|move|p2a: Rillaboom|Fake Out|p1b: Indeedee
|-damage|p1b: Indeedee|80/100
|-damage|p2a: Rillaboom|69/100|[from] item: Rocky Helmet|[of] p1b: Indeedee
|move|p2b: Kingambit|Swords Dance|p2b: Kingambit
|-boost|p2b: Kingambit|atk|2
|cant|p1b: Indeedee|flinch
|
|-weather|Sandstorm|[upkeep]
|-damage|p2b: Kingambit|95/100|[from] Sandstorm
|-damage|p1b: Indeedee|74/100|[from] Sandstorm
|-damage|p2a: Rillaboom|63/100|[from] Sandstorm
|-damage|p1a: Sneasler|95/100|[from] Sandstorm
|-heal|p2b: Kingambit|100/100|[from] Grassy Terrain
|-heal|p1b: Indeedee|80/100|[from] Grassy Terrain
|-heal|p2a: Rillaboom|69/100|[from] Grassy Terrain
|-heal|p1a: Sneasler|100/100|[from] Grassy Terrain
|upkeep
|turn|4
|inactive|GRNSBRN has 30 seconds left.
|inactive|fili53 has 30 seconds left.
|inactive|GRNSBRN has 20 seconds left.
|
|t:|1757846336
|switch|p1b: Tyranitar|Tyranitar, L50, F|100/100
|switch|p2a: Sneasler|Sneasler, L50, M|95/100
|move|p2b: Kingambit|Protect|p2b: Kingambit
|-singleturn|p2b: Kingambit|Protect
|move|p1a: Sneasler|Dire Claw|p2a: Sneasler
|-resisted|p2a: Sneasler
|-damage|p2a: Sneasler|60/100
|-status|p2a: Sneasler|slp
|
|-weather|Sandstorm|[upkeep]
|-damage|p2b: Kingambit|95/100|[from] Sandstorm
|-damage|p1a: Sneasler|95/100|[from] Sandstorm
|-damage|p2a: Sneasler|54/100 slp|[from] Sandstorm
|-heal|p2b: Kingambit|100/100|[from] Grassy Terrain
|-heal|p1a: Sneasler|100/100|[from] Grassy Terrain
|-heal|p2a: Sneasler|60/100 slp|[from] Grassy Terrain
|upkeep
|turn|5
|inactive|GRNSBRN has 30 seconds left.
|
|t:|1757846362
|move|p1a: Sneasler|Protect|p1a: Sneasler
|-singleturn|p1a: Sneasler|Protect
|move|p2b: Kingambit|Swords Dance|p2b: Kingambit
|-boost|p2b: Kingambit|atk|2
|move|p1b: Tyranitar|Knock Off|p2b: Kingambit
|-supereffective|p2b: Kingambit
|-damage|p2b: Kingambit|24/100
|-enditem|p2b: Kingambit|Black Glasses|[from] move: Knock Off|[of] p1b: Tyranitar
|cant|p2a: Sneasler|slp
|
|-weather|none
|-heal|p2b: Kingambit|30/100|[from] Grassy Terrain
|-heal|p2a: Sneasler|66/100 slp|[from] Grassy Terrain
|-fieldend|move: Trick Room
|upkeep
|turn|6
|inactive|GRNSBRN has 30 seconds left.
|
|t:|1757846390
|switch|p1b: Indeedee|Indeedee-F, L50, F, shiny, tera:Fairy|80/100
|-fieldstart|move: Psychic Terrain|[from] ability: Psychic Surge|[of] p1b: Indeedee
|-enditem|p1a: Sneasler|Psychic Seed
|-boost|p1a: Sneasler|spd|1|[from] item: Psychic Seed
|move|p2b: Kingambit|Sucker Punch|p1a: Sneasler
|-activate|p1a: Sneasler|move: Psychic Terrain
|move|p1a: Sneasler|Dire Claw|p2b: Kingambit
|-resisted|p2b: Kingambit
|-damage|p2b: Kingambit|14/100
|cant|p2a: Sneasler|slp
|
|upkeep
|turn|7
|
|t:|1757846416
|move|p1a: Sneasler|Protect|p1a: Sneasler
|-singleturn|p1a: Sneasler|Protect
|cant|p2a: Sneasler|slp
|move|p1b: Indeedee|Dazzling Gleam|p2b: Kingambit|[spread] p2a,p2b
|-damage|p2a: Sneasler|37/100 slp
|-damage|p2b: Kingambit|0 fnt
|faint|p2b: Kingambit
|
|upkeep
|
|t:|1757846438
|switch|p2b: Rillaboom|Rillaboom, L50, M|69/100
|-fieldstart|move: Grassy Terrain|[from] ability: Grassy Surge|[of] p2b: Rillaboom
|turn|8
|
|t:|1757846444
|move|p2b: Rillaboom|Fake Out|p1a: Sneasler
|-damage|p1a: Sneasler|75/100
|move|p1b: Indeedee|Follow Me|p1b: Indeedee
|-singleturn|p1b: Indeedee|move: Follow Me
|cant|p1a: Sneasler|flinch
|-curestatus|p2a: Sneasler|slp|[msg]
|move|p2a: Sneasler|Dire Claw|p1b: Indeedee
|-supereffective|p1b: Indeedee
|-damage|p1b: Indeedee|8/100
|-status|p1b: Indeedee|psn
|-damage|p2a: Sneasler|20/100|[from] item: Rocky Helmet|[of] p1b: Indeedee
|
|-heal|p1a: Sneasler|81/100|[from] Grassy Terrain
|-heal|p2a: Sneasler|26/100|[from] Grassy Terrain
|-heal|p2b: Rillaboom|75/100|[from] Grassy Terrain
|-heal|p1b: Indeedee|14/100 psn|[from] Grassy Terrain
|-damage|p1b: Indeedee|2/100 psn|[from] psn
|upkeep
|turn|9
|-message|fili53 forfeited.
|raw|GRNSBRN's rating: 1074 → 1116(+42 for winning)
|raw|fili53's rating: 1241 → 1205(-36 for losing)
|
|win|GRNSBRN
|l|☆GRNSBRN
|player|p1|
|l|☆fili53
|player|p2|
