|j|☆SunshineTufo
|j|☆roseradefan123
|html|SunshineTuforoseradefan123    
|uhtml|bestof|Game 2 of a best-of-3
|t:|1784195317
|gametype|doubles
|player|p1|SunshineTufo|li|1132
|player|p2|roseradefan123|102|1026
|gen|9
|tier|[Gen 9 Champions] VGC 2026 Reg M-B (Bo3)
|rated|
|rule|Species Clause: Limit one of each Pokémon
|rule|Item Clause: Limit 1 of each item
|clearpoke
|poke|p1|Charizard, L50, M, shiny|
|poke|p1|Incineroar, L50, M, shiny|
|poke|p1|Sylveon, L50, M, shiny|
|poke|p1|Aerodactyl, L50, M, shiny|
|poke|p1|Garchomp, L50, M, shiny|
|poke|p1|Farigiraf, L50, M, shiny|
|poke|p2|Roserade, L50, F, shiny|
|poke|p2|Tyranitar, L50, F|
|poke|p2|Typhlosion-Hisui, L50, F|
|poke|p2|Primarina, L50, F|
|poke|p2|Grimmsnarl, L50, M|
|poke|p2|Steelix, L50, F|
|teampreview|4
|showteam|p1|Charizard||CharizarditeY|SolarPower|HeatWave,WeatherBall,SolarBeam,Protect|Modest||M|||50|]Incineroar||Charcoal|Intimidate|FlareBlitz,DarkestLariat,PartingShot,FakeOut|Brave||M|||50|]Sylveon||FairyFeather|Pixilate|HyperVoice,QuickAttack,HyperBeam,Detect|Modest||M|||50|]Aerodactyl||Aerodactylite|Unnerve|WideGuard,RockSlide,DualWingbeat,Tailwind|Jolly||M|||50|]Garchomp||LifeOrb|RoughSkin|Protect,RockSlide,DragonClaw,Earthquake|Adamant||M|||50|]Farigiraf||SitrusBerry|ArmorTail|SunnyDay,PsychicFangs,Thunderbolt,TrickRoom|Relaxed||M|||50|
|showteam|p2|Roserade||FocusSash|NaturalCure|Protect,SleepPowder,Extrasensory,SludgeBomb|Timid||F|||50|]Tyranitar||Tyranitarite|SandStream|Protect,HighHorsepower,RockSlide,DragonDance|Adamant||F|||50|]Typhlosion-Hisui||ChoiceScarf|Blaze|Eruption,ShadowBall,HeatWave,LowKick|Hasty||F|||50|]Primarina||LifeOrb|LiquidVoice|Moonblast,HyperVoice,EnergyBall,Protect|Modest||F|||50|]Grimmsnarl||ExpertBelt|Prankster|SuckerPunch,SpiritBreak,PartingShot,FakeOut|Impish||M|||50|]Steelix||Steelixite|Sturdy|HeavySlam,HighHorsepower,Protect,WideGuard|Brave||F|||50|
|inactive|Battle timer is ON: inactive players will automatically lose when time's up. (requested by SunshineTufo)
|inactive|SunshineTufo has 60 seconds left.
|inactive|roseradefan123 has 60 seconds left.
|
|t:|1784195371
|teamsize|p1|4
|teamsize|p2|4
|start
|switch|p1a: Aerodactyl|Aerodactyl, L50, M, shiny|100/100
|switch|p1b: Garchomp|Garchomp, L50, M, shiny|100/100
|switch|p2a: Tyranitar|Tyranitar, L50, F|100/100
|switch|p2b: Steelix|Steelix, L50, F|100/100
|-ability|p1a: Aerodactyl|Unnerve
|-weather|Sandstorm|[from] ability: Sand Stream|[of] p2a: Tyranitar
|turn|1
|
|t:|1784195394
|move|p2b: Steelix|Wide Guard|p2b: Steelix
|-singleturn|p2b: Steelix|Wide Guard
|move|p1a: Aerodactyl|Tailwind|p1a: Aerodactyl
|-sidestart|p1: SunshineTufo|move: Tailwind
|move|p1b: Garchomp|Dragon Claw|p2a: Tyranitar
|-damage|p2a: Tyranitar|60/100
|-damage|p1b: Garchomp|90/100|[from] item: Life Orb
|move|p2a: Tyranitar|Dragon Dance|p2a: Tyranitar
|-boost|p2a: Tyranitar|atk|1
|-boost|p2a: Tyranitar|spe|1
|
|-weather|Sandstorm|[upkeep]
|upkeep
|turn|2
|
|t:|1784195409
|switch|p2b: Primarina|Primarina, L50, F|100/100
|move|p2a: Tyranitar|Protect|p2a: Tyranitar
|-singleturn|p2a: Tyranitar|Protect
|move|p1a: Aerodactyl|Dual Wingbeat|p2a: Tyranitar
|-activate|p2a: Tyranitar|move: Protect
|move|p1b: Garchomp|Dragon Claw|p2a: Tyranitar
|-activate|p2a: Tyranitar|move: Protect
|
|-weather|Sandstorm|[upkeep]
|-damage|p2b: Primarina|94/100|[from] Sandstorm
|upkeep
|turn|3
|
|t:|1784195433
|switch|p2a: Steelix|Steelix, L50, F|100/100
|move|p1a: Aerodactyl|Rock Slide|p2a: Steelix|[spread] p2a,p2b
|-resisted|p2a: Steelix|2
|-damage|p2a: Steelix|97/100
|-damage|p2b: Primarina|69/100
|move|p1b: Garchomp|Earthquake|p2a: Steelix|[spread] p2a,p2b
|-immune|p1a: Aerodactyl
|-supereffective|p2a: Steelix|1
|-damage|p2a: Steelix|44/100
|-damage|p2b: Primarina|4/100
|-damage|p1b: Garchomp|80/100|[from] item: Life Orb
|cant|p2b: Primarina|flinch
|
|-weather|Sandstorm|[upkeep]
|-damage|p2b: Primarina|0 fnt|[from] Sandstorm
|faint|p2b: Primarina
|upkeep
|
|t:|1784195452
|switch|p2b: Tyranitar|Tyranitar, L50, F|60/100
|turn|4
|
|t:|1784195466
|detailschange|p2b: Tyranitar|Tyranitar-Mega, L50, F
|-mega|p2b: Tyranitar|Tyranitar|Tyranitarite
|move|p2a: Steelix|Wide Guard|p2a: Steelix
|-singleturn|p2a: Steelix|Wide Guard
|move|p1a: Aerodactyl|Dual Wingbeat|p2b: Tyranitar|[miss]
|-miss|p1a: Aerodactyl|p2b: Tyranitar
|move|p1b: Garchomp|Dragon Claw|p2b: Tyranitar
|-damage|p2b: Tyranitar|28/100
|-damage|p1b: Garchomp|71/100|[from] item: Life Orb
|move|p2b: Tyranitar|Rock Slide|p1b: Garchomp|[spread] p1a,p1b
|-supereffective|p1a: Aerodactyl|1
|-resisted|p1b: Garchomp|1
|-damage|p1a: Aerodactyl|0 fnt
|-damage|p1b: Garchomp|53/100
|faint|p1a: Aerodactyl
|
|-weather|Sandstorm|[upkeep]
|-sideend|p1: SunshineTufo|move: Tailwind
|upkeep
|
|t:|1784195469
|switch|p1a: Charizard|Charizard, L50, M, shiny|100/100
|turn|5
|inactive|roseradefan123 has 30 seconds left.
|inactive|roseradefan123 has 20 seconds left.
|
|t:|1784195507
|detailschange|p1a: Charizard|Charizard-Mega-Y, L50, M, shiny
|-mega|p1a: Charizard|Charizard|Charizardite Y
|-weather|SunnyDay|[from] ability: Drought|[of] p1a: Charizard
|move|p1b: Garchomp|Dragon Claw|p2b: Tyranitar
|-damage|p2b: Tyranitar|0 fnt
|faint|p2b: Tyranitar
|-damage|p1b: Garchomp|44/100|[from] item: Life Orb
|move|p1a: Charizard|Weather Ball|p2a: Steelix
|-supereffective|p2a: Steelix|1
|-damage|p2a: Steelix|0 fnt
|faint|p2a: Steelix
|
|-weather|SunnyDay|[upkeep]
|upkeep
|-message|roseradefan123 forfeited.
|
|win|SunshineTufo
|raw|SunshineTufo's rating: 1132 → 1152(+20 for winning)
|raw|roseradefan123's rating: 1061 → 1046(-15 for losing)
|l|☆roseradefan123
|player|p2|
