|j|☆pokseanz
|j|☆tidal otter
|html|pokseanztidal otter    
|uhtml|bestof|Game 2 of a best-of-3
|t:|1784492315
|gametype|doubles
|player|p1|pokseanz|169|
|player|p2|tidal otter|siebold|
|gen|9
|tier|[Gen 9 Champions] VGC 2026 Reg M-B (Bo3)
|rule|Species Clause: Limit one of each Pokémon
|rule|Item Clause: Limit 1 of each item
|clearpoke
|poke|p1|Sinistcha, L50|
|poke|p1|Floette-Eternal, L50, F|
|poke|p1|Incineroar, L50, F|
|poke|p1|Toxapex, L50, M|
|poke|p1|Rotom-Wash, L50|
|poke|p1|Hippowdon, L50, M|
|poke|p2|Charizard, L50, F|
|poke|p2|Venusaur, L50, F|
|poke|p2|Annihilape, L50, M|
|poke|p2|Maushold, L50|
|poke|p2|Grimmsnarl, L50, M|
|poke|p2|Glimmora, L50, F|
|teampreview|4
|showteam|p1|Sinistcha||CobaBerry|Hospitality|MatchaGotcha,RagePowder,TrickRoom,Protect|Bold|||||50|]Floette-Eternal||Floettite|FlowerVeil|DrainingKiss,DazzlingGleam,CalmMind,Protect|Modest||F|||50|]Incineroar||ShucaBerry|Intimidate|FlareBlitz,ThroatChop,FakeOut,PartingShot|Impish||F|||50|]Toxapex||Leftovers|Regenerator|Infestation,Recover,WideGuard,BanefulBunker|Calm||M|||50|]Rotom-Wash||LifeOrb|Levitate|HydroPump,Thunderbolt,WillOWisp,Protect|Modest|||||50|]Hippowdon||SitrusBerry|SandStream|HighHorsepower,RockTomb,Yawn,Protect|Careful||M|||50|
|showteam|p2|Charizard||CharizarditeY|Blaze|HeatWave,SolarBeam,WeatherBall,Protect|Timid||F|||50|]Venusaur||LifeOrb|Chlorophyll|EarthPower,GigaDrain,SleepPowder,Protect|Modest||F|||50|]Annihilape||Leftovers|Defiant|RageFist,DrainPunch,BulkUp,Protect|Adamant||M|||50|]Maushold||ChopleBerry|FriendGuard|BeatUp,SuperFang,FollowMe,Protect|Jolly|||||50|]Grimmsnarl||LightClay|Prankster|FakeOut,LightScreen,Reflect,SpiritBreak|Adamant||M|||50|]Glimmora||FocusSash|ToxicDebris|PowerGem,SludgeBomb,DazzlingGleam,SpikyShield|Timid||F|||50|
|j| Milkshook♡
|
|t:|1784492362
|teamsize|p1|4
|teamsize|p2|4
|start
|switch|p1a: Floette|Floette-Eternal, L50, F|100/100
|switch|p1b: Rotom|Rotom-Wash, L50|100/100
|switch|p2a: Skiadrum|Annihilape, L50, M|100/100
|switch|p2b: Elefseria|Maushold, L50|100/100
|turn|1
|
|t:|1784492396
|switch|p2a: Aldoron|Venusaur, L50, F|100/100
|detailschange|p1a: Floette|Floette-Mega, L50, F
|-mega|p1a: Floette|Floette|Floettite
|-ability|p1a: Floette|Fairy Aura
|move|p1a: Floette|Protect|p1a: Floette
|-singleturn|p1a: Floette|Protect
|move|p2b: Elefseria|Super Fang|p1a: Floette
|-activate|p1a: Floette|move: Protect
|move|p1b: Rotom|Will-O-Wisp|p2a: Aldoron
|-status|p2a: Aldoron|brn
|
|-damage|p2a: Aldoron|94/100 brn|[from] brn
|upkeep
|turn|2
|
|t:|1784492420
|switch|p1b: Incineroar|Incineroar, L50, F|100/100
|-ability|p1b: Incineroar|Intimidate|boost
|-unboost|p2a: Aldoron|atk|1
|-unboost|p2b: Elefseria|atk|1
|move|p2b: Elefseria|Super Fang|p1a: Floette
|-damage|p1a: Floette|50/100g
|move|p1a: Floette|Calm Mind|p1a: Floette
|-boost|p1a: Floette|spa|1
|-boost|p1a: Floette|spd|1
|move|p2a: Aldoron|Sleep Powder|p1b: Incineroar
|-status|p1b: Incineroar|slp|[from] move: Sleep Powder
|
|-damage|p2a: Aldoron|88/100 brn|[from] brn
|upkeep
|turn|3
|
|t:|1784492443
|cant|p1b: Incineroar|slp
|move|p2b: Elefseria|Super Fang|p1b: Incineroar
|-damage|p1b: Incineroar|50/100y slp
|move|p1a: Floette|Draining Kiss|p2b: Elefseria
|-damage|p2b: Elefseria|27/100
|-heal|p1a: Floette|100/100|[from] drain|[of] p2b: Elefseria
|move|p2a: Aldoron|Sleep Powder|p1a: Floette
|-status|p1a: Floette|slp|[from] move: Sleep Powder
|
|-damage|p2a: Aldoron|82/100 brn|[from] brn
|upkeep
|turn|4
|
|t:|1784492453
|move|p2b: Elefseria|Super Fang|p1a: Floette
|-damage|p1a: Floette|50/100g slp
|cant|p1a: Floette|slp
|move|p2a: Aldoron|Earth Power|p1b: Incineroar
|-supereffective|p1b: Incineroar|1
|-enditem|p1b: Incineroar|Shuca Berry|[eat]
|-enditem|p1b: Incineroar|Shuca Berry|[weaken]
|-damage|p1b: Incineroar|19/100 slp
|-damage|p2a: Aldoron|73/100 brn|[from] item: Life Orb
|-curestatus|p1b: Incineroar|slp|[msg]
|move|p1b: Incineroar|Flare Blitz|p2a: Aldoron
|-supereffective|p2a: Aldoron|1
|-damage|p2a: Aldoron|0 fnt
|faint|p2a: Aldoron
|-damage|p1b: Incineroar|1/100|[from] Recoil
|
|upkeep
|
|t:|1784492458
|switch|p2a: Igneel|Charizard, L50, F|100/100
|turn|5
|
|t:|1784492536
|detailschange|p2a: Igneel|Charizard-Mega-Y, L50, F
|-mega|p2a: Igneel|Charizard|Charizardite Y
|-weather|SunnyDay|[from] ability: Drought|[of] p2a: Igneel
|cant|p1a: Floette|slp
|move|p2b: Elefseria|Super Fang|p1a: Floette
|-damage|p1a: Floette|25/100 slp
|move|p2a: Igneel|Heat Wave|p1b: Incineroar|[spread] p1a,p1b
|-resisted|p1b: Incineroar|1
|-damage|p1a: Floette|0 fnt
|-damage|p1b: Incineroar|0 fnt
|faint|p1a: Floette
|faint|p1b: Incineroar
|
|-weather|SunnyDay|[upkeep]
|upkeep
|
|t:|1784492542
|switch|p1a: Rotom|Rotom-Wash, L50|100/100
|switch|p1b: Hippowdon|Hippowdon, L50, M|100/100
|-weather|Sandstorm|[from] ability: Sand Stream|[of] p1b: Hippowdon
|turn|6
|
|t:|1784492559
|switch|p2a: Skiadrum|Annihilape, L50, M|100/100
|move|p2b: Elefseria|Super Fang|p1a: Rotom
|-damage|p1a: Rotom|50/100g
|move|p1a: Rotom|Will-O-Wisp|p2a: Skiadrum
|-status|p2a: Skiadrum|brn
|move|p1b: Hippowdon|Rock Tomb|p2a: Skiadrum
|-resisted|p2a: Skiadrum|1
|-damage|p2a: Skiadrum|94/100 brn
|-unboost|p2a: Skiadrum|spe|1
|-ability|p2a: Skiadrum|Defiant|boost
|-boost|p2a: Skiadrum|atk|2
|
|-weather|Sandstorm|[upkeep]
|-damage|p2b: Elefseria|20/100y|[from] Sandstorm
|-damage|p1a: Rotom|44/100|[from] Sandstorm
|-damage|p2a: Skiadrum|88/100 brn|[from] Sandstorm
|-heal|p2a: Skiadrum|94/100 brn|[from] item: Leftovers
|-damage|p2a: Skiadrum|88/100 brn|[from] brn
|upkeep
|turn|7
|
|t:|1784492574
|move|p1a: Rotom|Protect|p1a: Rotom
|-singleturn|p1a: Rotom|Protect
|move|p2a: Skiadrum|Protect|p2a: Skiadrum
|-singleturn|p2a: Skiadrum|Protect
|move|p2b: Elefseria|Super Fang|p1b: Hippowdon
|-damage|p1b: Hippowdon|50/100g
|move|p1b: Hippowdon|High Horsepower|p2b: Elefseria
|-damage|p2b: Elefseria|0 fnt
|faint|p2b: Elefseria
|
|-weather|Sandstorm|[upkeep]
|-damage|p1a: Rotom|38/100|[from] Sandstorm
|-damage|p2a: Skiadrum|82/100 brn|[from] Sandstorm
|-heal|p2a: Skiadrum|88/100 brn|[from] item: Leftovers
|-damage|p2a: Skiadrum|82/100 brn|[from] brn
|upkeep
|
|t:|1784492576
|switch|p2b: Igneel|Charizard-Mega-Y, L50, F|100/100
|-weather|SunnyDay|[from] ability: Drought|[of] p2b: Igneel
|turn|8
|
|t:|1784492591
|move|p2b: Igneel|Solar Beam||[still]
|-prepare|p2b: Igneel|Solar Beam
|-anim|p2b: Igneel|Solar Beam|p1b: Hippowdon
|-supereffective|p1b: Hippowdon|1
|-damage|p1b: Hippowdon|0 fnt
|faint|p1b: Hippowdon
|move|p1a: Rotom|Thunderbolt|p2b: Igneel
|-supereffective|p2b: Igneel|1
|-damage|p2b: Igneel|0 fnt
|faint|p2b: Igneel
|-damage|p1a: Rotom|29/100|[from] item: Life Orb
|move|p2a: Skiadrum|Rage Fist|p1a: Rotom
|-damage|p1a: Rotom|0 fnt
|faint|p1a: Rotom
|
|win|tidal otter
|c|☆pokseanz|gg
|c|☆tidal otter|gg
|l|☆pokseanz
|player|p1|
