|j|☆testeoinsano
|j|☆Jacrepid
|html|testeoinsanoJacrepid    
|uhtml|bestof|Game 2 of a best-of-3
|t:|1783448538
|gametype|doubles
|player|p1|testeoinsano|1|1111
|player|p2|Jacrepid|fisherman|1027
|gen|9
|tier|[Gen 9 Champions] VGC 2026 Reg M-B (Bo3)
|rated|
|rule|Species Clause: Limit one of each Pokémon
|rule|Item Clause: Limit 1 of each item
|clearpoke
|poke|p1|Scovillain, L50, F|
|poke|p1|Scizor, L50, M|
|poke|p1|Aerodactyl, L50, F|
|poke|p1|Politoed, L50, M|
|poke|p1|Basculegion, L50, M|
|poke|p1|Sableye, L50, F|
|poke|p2|Floette-Eternal, L50, F|
|poke|p2|Blastoise, L50, F|
|poke|p2|Kingambit, L50, F|
|poke|p2|Sneasler, L50, M|
|poke|p2|Sinistcha, L50|
|poke|p2|Incineroar, L50, F|
|teampreview|4
|showteam|p1|Scovillain||Scovillainite|Moody|RagePowder,Protect,LeechSeed,Flamethrower|Calm||F|||50|]Scizor||Scizorite|Technician|SwordsDance,BulletPunch,Trailblaze,BrickBreak|Adamant||M|||50|]Aerodactyl||FocusSash|Unnerve|Tailwind,WideGuard,RockSlide,DualWingbeat|Jolly||F|||50|]Politoed||SitrusBerry|Drizzle|Protect,IceBeam,Encore,WeatherBall|Bold||M|||50|]Basculegion||ChoiceScarf|Adaptability|WaveCrash,FlipTurn,LastRespects,AquaJet|Adamant||M|||50|]Sableye||RoseliBerry|Prankster|Reflect,LightScreen,RainDance,FakeOut|Careful||F|||50|
|showteam|p2|Floette-Eternal||Floettite|FlowerVeil|Protect,CalmMind,DazzlingGleam,DrainingKiss|Modest||F|||50|]Blastoise||Blastoisinite|Torrent|ShellSmash,WaterSpout,AuraSphere,Protect|Modest||F|||50|]Kingambit||BlackGlasses|Defiant|SuckerPunch,KowtowCleave,SwordsDance,Protect|Adamant||F|||50|]Sneasler||FocusSash|PoisonTouch|FakeOut,PoisonJab,CloseCombat,QuickGuard|Jolly||M|||50|]Sinistcha||CobaBerry|Hospitality|MatchaGotcha,RagePowder,LifeDew,TrickRoom|Calm|||||50|]Incineroar||SitrusBerry|Intimidate|FakeOut,FlareBlitz,ThroatChop,PartingShot|Bold||F|||50|
|
|t:|1783448559
|teamsize|p1|4
|teamsize|p2|4
|start
|switch|p1a: Scovillain|Scovillain, L50, F|100/100
|switch|p1b: Basculegion|Basculegion, L50, M|100/100
|switch|p2a: Incineroar|Incineroar, L50, F|100/100
|switch|p2b: Blastoise|Blastoise, L50, F|100/100
|-ability|p2a: Incineroar|Intimidate|boost
|-unboost|p1a: Scovillain|atk|1
|-unboost|p1b: Basculegion|atk|1
|turn|1
|
|t:|1783448571
|detailschange|p1a: Scovillain|Scovillain-Mega, L50, F
|-mega|p1a: Scovillain|Scovillain|Scovillainite
|move|p2a: Incineroar|Fake Out|p1a: Scovillain
|-damage|p1a: Scovillain|89/100
|-immune|p2a: Incineroar
|move|p1b: Basculegion|Flip Turn|p2a: Incineroar
|-supereffective|p2a: Incineroar|1
|-damage|p2a: Incineroar|60/100
|
|t:|1783448576
|switch|p1b: Sableye|Sableye, L50, F|100/100|[from] Flip Turn
|move|p2b: Blastoise|Shell Smash|p2b: Blastoise
|-unboost|p2b: Blastoise|def|1
|-unboost|p2b: Blastoise|spd|1
|-boost|p2b: Blastoise|atk|2
|-boost|p2b: Blastoise|spa|2
|-boost|p2b: Blastoise|spe|2
|cant|p1a: Scovillain|flinch
|
|upkeep
|turn|2
|
|t:|1783448590
|move|p2b: Blastoise|Protect|p2b: Blastoise
|-singleturn|p2b: Blastoise|Protect
|move|p1b: Sableye|Fake Out|p2b: Blastoise
|-activate|p2b: Blastoise|move: Protect
|move|p1a: Scovillain|Leech Seed|p2b: Blastoise
|-activate|p2b: Blastoise|move: Protect
|move|p2a: Incineroar|Parting Shot|p1a: Scovillain
|-unboost|p1a: Scovillain|atk|1
|-unboost|p1a: Scovillain|spa|1
|inactive|Battle timer is ON: inactive players will automatically lose when time's up. (requested by testeoinsano)
|
|t:|1783448598
|switch|p2a: Kingambit|Kingambit, L50, F|100/100|[from] Parting Shot
|
|upkeep
|turn|3
|
|t:|1783448612
|detailschange|p2b: Blastoise|Blastoise-Mega, L50, F
|-mega|p2b: Blastoise|Blastoise|Blastoisinite
|move|p1b: Sableye|Light Screen|p1b: Sableye
|-sidestart|p1: testeoinsano|move: Light Screen
|move|p2b: Blastoise|Water Spout|p1b: Sableye|[spread] p1a,p1b
|-damage|p1a: Scovillain|3/100
|-damage|p1b: Sableye|1/100
|-status|p2b: Blastoise|brn|[from] ability: Spicy Spray|[of] p1a: Scovillain
|move|p1a: Scovillain|Leech Seed|p2b: Blastoise
|-start|p2b: Blastoise|move: Leech Seed
|move|p2a: Kingambit|Swords Dance|p2a: Kingambit
|-boost|p2a: Kingambit|atk|2
|
|-damage|p2b: Blastoise|87/100 brn|[from] Leech Seed|[of] p1a: Scovillain
|-heal|p1a: Scovillain|14/100|[silent]
|-damage|p2b: Blastoise|82/100 brn|[from] brn
|upkeep
|turn|4
|
|t:|1783448624
|move|p1a: Scovillain|Protect|p1a: Scovillain
|-singleturn|p1a: Scovillain|Protect
|move|p2a: Kingambit|Sucker Punch||[still]
|-fail|p2a: Kingambit
|move|p1b: Sableye|Reflect|p1b: Sableye
|-sidestart|p1: testeoinsano|Reflect
|move|p2b: Blastoise|Water Spout|p1b: Sableye|[spread] p1b
|-activate|p1a: Scovillain|move: Protect
|-damage|p1b: Sableye|0 fnt
|faint|p1b: Sableye
|
|-damage|p2b: Blastoise|69/100 brn|[from] Leech Seed|[of] p1a: Scovillain
|-heal|p1a: Scovillain|25/100|[silent]
|-damage|p2b: Blastoise|64/100 brn|[from] brn
|upkeep
|
|t:|1783448632
|switch|p1b: Basculegion|Basculegion, L50, M|100/100
|turn|5
|
|t:|1783448647
|move|p1a: Scovillain|Rage Powder|p1a: Scovillain
|-singleturn|p1a: Scovillain|move: Rage Powder
|move|p2b: Blastoise|Water Spout|p1a: Scovillain|[spread] p1a,p1b
|-crit|p1a: Scovillain
|-resisted|p1b: Basculegion|1
|-crit|p1b: Basculegion
|-damage|p1a: Scovillain|0 fnt
|-damage|p1b: Basculegion|24/100
|faint|p1a: Scovillain
|move|p1b: Basculegion|Flip Turn|p2a: Kingambit
|-damage|p2a: Kingambit|70/100
|
|t:|1783448650
|switch|p1b: Aerodactyl|Aerodactyl, L50, F|100/100|[from] Flip Turn
|-ability|p1b: Aerodactyl|Unnerve
|move|p2a: Kingambit|Kowtow Cleave|p1b: Aerodactyl
|-enditem|p1b: Aerodactyl|Focus Sash
|-damage|p1b: Aerodactyl|1/100
|
|-damage|p2b: Blastoise|58/100 brn|[from] brn
|upkeep
|
|t:|1783448652
|switch|p1a: Basculegion|Basculegion, L50, M|24/100
|turn|6
|
|t:|1783448662
|move|p1b: Aerodactyl|Wide Guard|p1b: Aerodactyl
|-singleturn|p1b: Aerodactyl|Wide Guard
|move|p1a: Basculegion|Aqua Jet|p2a: Kingambit
|-damage|p2a: Kingambit|49/100
|move|p2a: Kingambit|Sucker Punch||[still]
|-fail|p2a: Kingambit
|move|p2b: Blastoise|Aura Sphere|p1b: Aerodactyl
|-damage|p1b: Aerodactyl|0 fnt
|faint|p1b: Aerodactyl
|
|-damage|p2b: Blastoise|46/100 brn|[from] Leech Seed|[of] p1a: Basculegion
|-heal|p1a: Basculegion|34/100|[silent]
|-damage|p2b: Blastoise|40/100 brn|[from] brn
|upkeep
|turn|7
|-message|testeoinsano forfeited.
|
|win|Jacrepid
|raw|testeoinsano's rating: 1111 → 1080(-31 for losing)
|raw|Jacrepid's rating: 1027 → 1071(+44 for winning)
