|j|☆MidoMidori
|j|☆Tsbaasddf
|html|MidoMidoriTsbaasddf    
|uhtml|bestof|Game 1 of a best-of-3
|t:|1756644037
|gametype|doubles
|player|p1|MidoMidori|roxanne-gen6|1197
|player|p2|Tsbaasddf|102|1097
|gen|9
|tier|[Gen 9] VGC 2025 Reg H (Bo3)
|rated|
|rule|Species Clause: Limit one of each Pokémon
|rule|Item Clause: Limit 1 of each item
|clearpoke
|poke|p1|Sneasler, L50, M|
|poke|p1|Indeedee, L50, M|
|poke|p1|Volcarona, L50, M|
|poke|p1|Ursaluna-Bloodmoon, L50, M|
|poke|p1|Annihilape, L50, F|
|poke|p1|Tyranitar, L50, M|
|poke|p2|Shiftry, L50, M|
|poke|p2|Ursaluna-Bloodmoon, L50, M|
|poke|p2|Skeledirge, L50, F|
|poke|p2|Gastrodon, L50, F|
|poke|p2|Sneasler, L50, M|
|poke|p2|Sinistcha, L50|
|teampreview|4
|showteam|p1|Sneasler||PsychicSeed|Unburden|CloseCombat,DireClaw,ThroatChop,Protect|||M|||50|,,,,,Dark]Indeedee||FocusSash|PsychicSurge|ExpandingForce,TeraBlast,TrickRoom,Protect|||M|||50|,,,,,Fighting]Volcarona||SitrusBerry|FlameBody|Overheat,StruggleBug,RagePowder,Tailwind|||M|||50|,,,,,Grass]Ursaluna-Bloodmoon||LifeOrb|MindsEye|BloodMoon,HyperVoice,EarthPower,Protect|||M|||50|,,,,,Normal]Annihilape||SafetyGoggles|Defiant|CloseCombat,RageFist,Taunt,FinalGambit|||F|||50|,,,,,Fairy]Tyranitar||AssaultVest|SandStream|RockSlide,KnockOff,TeraBlast,LowKick|||M|||50|,,,,,Flying
|showteam|p2|Shiftry||FocusSash|WindRider|KnockOff,LeafBlade,SuckerPunch,Protect|||M|||50|,,,,,Ghost]Ursaluna-Bloodmoon||LifeOrb|MindsEye|BloodMoon,EarthPower,HyperVoice,Protect|||M|||50|,,,,,Ghost]Skeledirge||Leftovers|Unaware|AlluringVoice,TorchSong,ShadowBall,Protect|||F|||50|,,,,,Water]Gastrodon||SitrusBerry|StormDrain|IcyWind,EarthPower,Yawn,MuddyWater|||F|||50|,,,,,Fire]Sneasler||WhiteHerb|Unburden|FakeOut,CloseCombat,DireClaw,Protect|||M|||50|,,,,,Ghost]Sinistcha||RockyHelmet|Hospitality|RagePowder,MatchaGotcha,ShadowBall,LifeDew||||||50|,,,,,Grass
|
|t:|1756644068
|teamsize|p1|4
|teamsize|p2|4
|start
|switch|p1a: Indeedee|Indeedee, L50, M|100/100
|switch|p1b: Sneasler|Sneasler, L50, M|100/100
|switch|p2a: Gastrodon|Gastrodon, L50, F|100/100
|switch|p2b: Shiftry|Shiftry, L50, M|100/100
|-fieldstart|move: Psychic Terrain|[from] ability: Psychic Surge|[of] p1a: Indeedee
|-enditem|p1b: Sneasler|Psychic Seed
|-boost|p1b: Sneasler|spd|1|[from] item: Psychic Seed
|turn|1
|
|t:|1756644087
|move|p1b: Sneasler|Close Combat|p2a: Gastrodon
|-damage|p2a: Gastrodon|26/100
|-unboost|p1b: Sneasler|def|1
|-unboost|p1b: Sneasler|spd|1
|-enditem|p2a: Gastrodon|Sitrus Berry|[eat]
|-heal|p2a: Gastrodon|51/100|[from] item: Sitrus Berry
|move|p1a: Indeedee|Tera Blast|p2a: Gastrodon
|-damage|p2a: Gastrodon|13/100
|move|p2b: Shiftry|Knock Off|p1a: Indeedee
|-supereffective|p1a: Indeedee
|-enditem|p1a: Indeedee|Focus Sash
|-damage|p1a: Indeedee|1/100
|move|p2a: Gastrodon|Earth Power|p1b: Sneasler
|-supereffective|p1b: Sneasler
|-damage|p1b: Sneasler|0 fnt
|faint|p1b: Sneasler
|
|upkeep
|
|t:|1756644096
|switch|p1b: Volcarona|Volcarona, L50, M|100/100
|turn|2
|
|t:|1756644116
|move|p1b: Volcarona|Struggle Bug|p2b: Shiftry|[spread] p2a,p2b
|-supereffective|p2b: Shiftry
|-damage|p2a: Gastrodon|0 fnt
|-enditem|p2b: Shiftry|Focus Sash
|-damage|p2b: Shiftry|1/100
|-unboost|p2b: Shiftry|spa|1
|faint|p2a: Gastrodon
|move|p1a: Indeedee|Tera Blast|p2b: Shiftry
|-crit|p2b: Shiftry
|-damage|p2b: Shiftry|0 fnt
|faint|p2b: Shiftry
|
|upkeep
|
|t:|1756644123
|switch|p2b: Skeledirge|Skeledirge, L50, F|100/100
|switch|p2a: Ursaluna|Ursaluna-Bloodmoon, L50, M|100/100
|turn|3
|
|t:|1756644129
|move|p1b: Volcarona|Tailwind|p1b: Volcarona
|-sidestart|p1: MidoMidori|move: Tailwind
|move|p1a: Indeedee|Expanding Force|p2b: Skeledirge|[spread] p2a,p2b
|-damage|p2a: Ursaluna|48/100
|-damage|p2b: Skeledirge|40/100
|move|p2b: Skeledirge|Torch Song|p1b: Volcarona
|-damage|p1b: Volcarona|59/100
|-boost|p2b: Skeledirge|spa|1
|move|p2a: Ursaluna|Hyper Voice|p1b: Volcarona|[spread] p1a,p1b
|-damage|p1a: Indeedee|0 fnt
|-damage|p1b: Volcarona|9/100
|-enditem|p1b: Volcarona|Sitrus Berry|[eat]
|-heal|p1b: Volcarona|34/100|[from] item: Sitrus Berry
|faint|p1a: Indeedee
|-damage|p2a: Ursaluna|39/100|[from] item: Life Orb
|
|-heal|p2b: Skeledirge|46/100|[from] item: Leftovers
|upkeep
|
|t:|1756644131
|switch|p1a: Ursaluna|Ursaluna-Bloodmoon, L50, M|100/100
|turn|4
|
|t:|1756644148
|-terastallize|p1a: Ursaluna|Normal
|move|p2b: Skeledirge|Protect|p2b: Skeledirge
|-singleturn|p2b: Skeledirge|Protect
|move|p2a: Ursaluna|Protect|p2a: Ursaluna
|-singleturn|p2a: Ursaluna|Protect
|move|p1b: Volcarona|Struggle Bug|p2b: Skeledirge|[spread] 
|-activate|p2a: Ursaluna|move: Protect
|-activate|p2b: Skeledirge|move: Protect
|move|p1a: Ursaluna|Hyper Voice|p2b: Skeledirge|[spread] 
|-activate|p2a: Ursaluna|move: Protect
|-activate|p2b: Skeledirge|move: Protect
|
|-heal|p2b: Skeledirge|53/100|[from] item: Leftovers
|upkeep
|turn|5
|
|t:|1756644168
|move|p1b: Volcarona|Struggle Bug|p2a: Ursaluna|[spread] p2a,p2b
|-resisted|p2b: Skeledirge
|-damage|p2a: Ursaluna|21/100
|-damage|p2b: Skeledirge|48/100
|-unboost|p2a: Ursaluna|spa|1
|-unboost|p2b: Skeledirge|spa|1
|move|p1a: Ursaluna|Hyper Voice|p2a: Ursaluna|[spread] p2a,p2b
|-damage|p2a: Ursaluna|0 fnt
|-damage|p2b: Skeledirge|0 fnt
|faint|p2a: Ursaluna
|faint|p2b: Skeledirge
|-damage|p1a: Ursaluna|91/100|[from] item: Life Orb
|
|win|MidoMidori
||MidoMidori is ready for game 2.
||Tsbaasddf is ready for game 2.
|uhtml|next|Next: Game 2 of 3
|l|☆Tsbaasddf
|player|p2|
