|j|☆Camerupt4Ever
|j|☆bananatreeenjoyer
|html|Camerupt4Everbananatreeenjoyer    
|uhtml|bestof|Game 2 of a best-of-3
|t:|1757034404
|gametype|doubles
|player|p1|Camerupt4Ever|flannery|1181
|player|p2|bananatreeenjoyer|silver|1080
|gen|9
|tier|[Gen 9] VGC 2025 Reg H (Bo3)
|rated|
|rule|Species Clause: Limit one of each Pokémon
|rule|Item Clause: Limit 1 of each item
|clearpoke
|poke|p1|Wyrdeer, L50, F|
|poke|p1|Indeedee-F, L50, F|
|poke|p1|Annihilape, L50, F|
|poke|p1|Torkoal, L50, F|
|poke|p1|Delphox, L50, F|
|poke|p1|Kingambit, L50, F|
|poke|p2|Gyarados, L50, M|
|poke|p2|Indeedee, L50, M|
|poke|p2|Sneasler, L50, F|
|poke|p2|Tyranitar, L50, M|
|poke|p2|Ursaluna-Bloodmoon, L50, M|
|poke|p2|Volcarona, L50, F|
|teampreview|4
|showteam|p1|Wyrdeer||Leftovers|Intimidate|Protect,TrickRoom,ExpandingForce,EarthPower|||F|||50|,,,,,Ground]Indeedee-F||RockyHelmet|PsychicSurge|Imprison,FollowMe,TrickRoom,Psychic|||F|||50|,,,,,Grass]Annihilape||SafetyGoggles|Defiant|DrainPunch,Taunt,RageFist,Protect|||F|||50|,,,,,Fire]Torkoal||Charcoal|Drought|Eruption,HelpingHand,Protect,WeatherBall|||F|||50|,,,,,Grass]Delphox||ChoiceScarf|Blaze|HeatWave,ExpandingForce,DazzlingGleam,Flamethrower|||F|||50|,,,,,Fairy]Kingambit||AssaultVest|Defiant|KowtowCleave,SuckerPunch,IronHead,LowKick|||F|||50|,,,,,Fairy
|showteam|p2|Gyarados||SafetyGoggles|Intimidate|Taunt,ThunderWave,Waterfall,Protect|||M|||50|,,,,,Steel]Indeedee||ChoiceScarf|PsychicSurge|ExpandingForce,TeraBlast,Trick,Protect|||M|||50|,,,,,Fighting]Sneasler||PsychicSeed|Unburden|CloseCombat,DireClaw,ThroatChop,Protect|||F|||50|,,,,,Dark]Tyranitar||AssaultVest|SandStream|LowKick,TeraBlast,KnockOff,RockSlide|||M|||50|,,,,,Flying]Ursaluna-Bloodmoon||LifeOrb|MindsEye|HyperVoice,BloodMoon,EarthPower,Protect|||M|||50|,,,,,Normal]Volcarona||SitrusBerry|FlameBody|Overheat,StruggleBug,RagePowder,Tailwind|||F|||50|,,,,,Grass
|
|t:|1757034431
|teamsize|p1|4
|teamsize|p2|4
|start
|switch|p1a: Wyrdeer|Wyrdeer, L50, F|100/100
|switch|p1b: Indeedee|Indeedee-F, L50, F|100/100
|switch|p2a: Layton|Indeedee, L50, M|100/100
|switch|p2b: Althair|Ursaluna-Bloodmoon, L50, M|100/100
|-fieldstart|move: Psychic Terrain|[from] ability: Psychic Surge|[of] p2a: Layton
|-ability|p1a: Wyrdeer|Intimidate|boost
|-unboost|p2a: Layton|atk|1
|-unboost|p2b: Althair|atk|1
|turn|1
|
|t:|1757034457
|-terastallize|p2b: Althair|Normal
|move|p1b: Indeedee|Follow Me|p1b: Indeedee
|-singleturn|p1b: Indeedee|move: Follow Me
|move|p2a: Layton|Expanding Force|p1b: Indeedee|[spread] p1a,p1b
|-resisted|p1a: Wyrdeer
|-resisted|p1b: Indeedee
|-damage|p1a: Wyrdeer|71/100
|-damage|p1b: Indeedee|71/100
|move|p2b: Althair|Hyper Voice|p1a: Wyrdeer|[spread] p1a,p1b
|-damage|p1a: Wyrdeer|3/100
|-damage|p1b: Indeedee|12/100
|-damage|p2b: Althair|91/100|[from] item: Life Orb
|move|p1a: Wyrdeer|Trick Room|p1a: Wyrdeer
|-fieldstart|move: Trick Room|[of] p1a: Wyrdeer
|
|-heal|p1a: Wyrdeer|9/100|[from] item: Leftovers
|upkeep
|turn|2
|
|t:|1757034486
|switch|p1a: Kingambit|Kingambit, L50, F|100/100
|switch|p2a: Haltane|Tyranitar, L50, M|100/100
|-weather|Sandstorm|[from] ability: Sand Stream|[of] p2a: Haltane
|move|p2b: Althair|Protect|p2b: Althair
|-singleturn|p2b: Althair|Protect
|move|p1b: Indeedee|Psychic|p2b: Althair
|-activate|p2b: Althair|move: Protect
|
|-weather|Sandstorm|[upkeep]
|-damage|p1b: Indeedee|6/100|[from] Sandstorm
|-damage|p2b: Althair|85/100|[from] Sandstorm
|upkeep
|turn|3
|
|t:|1757034517
|switch|p2a: Herod|Sneasler, L50, F|100/100
|-enditem|p2a: Herod|Psychic Seed
|-boost|p2a: Herod|spd|1|[from] item: Psychic Seed
|move|p1b: Indeedee|Follow Me|p1b: Indeedee
|-singleturn|p1b: Indeedee|move: Follow Me
|move|p1a: Kingambit|Low Kick|p2b: Althair
|-supereffective|p2b: Althair
|-damage|p2b: Althair|11/100
|move|p2b: Althair|Earth Power|p1b: Indeedee
|-damage|p1b: Indeedee|0 fnt
|faint|p1b: Indeedee
|-damage|p2b: Althair|1/100|[from] item: Life Orb
|
|-weather|Sandstorm|[upkeep]
|-damage|p2b: Althair|0 fnt|[from] Sandstorm
|-damage|p2a: Herod|95/100|[from] Sandstorm
|faint|p2b: Althair
|upkeep
|
|t:|1757034537
|switch|p1b: Wyrdeer|Wyrdeer, L50, F|9/100
|switch|p2b: Layton|Indeedee, L50, M|100/100
|-ability|p1b: Wyrdeer|Intimidate|boost
|-unboost|p2a: Herod|atk|1
|-unboost|p2b: Layton|atk|1
|turn|4
|
|t:|1757034567
|switch|p2b: Haltane|Tyranitar, L50, M|100/100
|-terastallize|p1b: Wyrdeer|Ground
|move|p2a: Herod|Protect|p2a: Herod
|-singleturn|p2a: Herod|Protect
|move|p1a: Kingambit|Kowtow Cleave|p2b: Haltane
|-resisted|p2b: Haltane
|-damage|p2b: Haltane|80/100
|move|p1b: Wyrdeer|Expanding Force|p2b: Haltane|[spread] 
|-activate|p2a: Herod|move: Protect
|-immune|p2b: Haltane
|
|-weather|Sandstorm|[upkeep]
|-damage|p2a: Herod|89/100|[from] Sandstorm
|-heal|p1b: Wyrdeer|15/100|[from] item: Leftovers
|upkeep
|turn|5
|
|t:|1757034597
|switch|p2a: Layton|Indeedee, L50, M|100/100
|move|p1b: Wyrdeer|Expanding Force|p2a: Layton|[spread] p2a
|-immune|p2b: Haltane
|-resisted|p2a: Layton
|-damage|p2a: Layton|63/100
|move|p1a: Kingambit|Low Kick|p2b: Haltane
|-supereffective|p2b: Haltane
|-damage|p2b: Haltane|0 fnt
|faint|p2b: Haltane
|
|-weather|Sandstorm|[upkeep]
|-damage|p2a: Layton|57/100|[from] Sandstorm
|-heal|p1b: Wyrdeer|21/100|[from] item: Leftovers
|-fieldend|move: Trick Room
|-fieldend|move: Psychic Terrain
|upkeep
|
|t:|1757034610
|switch|p2b: Herod|Sneasler, L50, F|89/100
|turn|6
|
|t:|1757034645
|switch|p1a: Torkoal|Torkoal, L50, F|100/100
|-weather|SunnyDay|[from] ability: Drought|[of] p1a: Torkoal
|move|p1b: Wyrdeer|Protect|p1b: Wyrdeer
|-singleturn|p1b: Wyrdeer|Protect
|move|p2a: Layton|Expanding Force|p1b: Wyrdeer
|-activate|p1b: Wyrdeer|move: Protect
|move|p2b: Herod|Close Combat|p1a: Torkoal
|-damage|p1a: Torkoal|39/100
|-unboost|p2b: Herod|def|1
|-unboost|p2b: Herod|spd|1
|
|-weather|SunnyDay|[upkeep]
|-heal|p1b: Wyrdeer|28/100|[from] item: Leftovers
|upkeep
|turn|7
|
|t:|1757034678
|move|p2a: Layton|Expanding Force|p1a: Torkoal
|-damage|p1a: Torkoal|0 fnt
|faint|p1a: Torkoal
|move|p2b: Herod|Close Combat|p1b: Wyrdeer
|-damage|p1b: Wyrdeer|0 fnt
|-unboost|p2b: Herod|def|1
|-unboost|p2b: Herod|spd|1
|faint|p1b: Wyrdeer
|
|-weather|SunnyDay|[upkeep]
|upkeep
|
|t:|1757034684
|switch|p1b: Kingambit|Kingambit, L50, F|100/100
|turn|8
|
|t:|1757034690
|move|p1b: Kingambit|Sucker Punch|p2b: Herod
|-resisted|p2b: Herod
|-damage|p2b: Herod|19/100
|move|p2a: Layton|Expanding Force|p1b: Kingambit
|-immune|p1b: Kingambit
|move|p2b: Herod|Close Combat|p1b: Kingambit
|-supereffective|p1b: Kingambit
|-damage|p1b: Kingambit|0 fnt
|-unboost|p2b: Herod|def|1
|-unboost|p2b: Herod|spd|1
|faint|p1b: Kingambit
|
|win|bananatreeenjoyer
|raw|Camerupt4Ever's rating: 1181 → 1149(-32 for losing)
|raw|bananatreeenjoyer's rating: 1080 → 1116(+36 for winning)
