|j|☆testdigi
|j|☆LGsniperz
|html|testdigiLGsniperz    
|uhtml|bestof|Game 1 of a best-of-3
|t:|1785154953
|gametype|doubles
|player|p1|testdigi|169|1208
|player|p2|LGsniperz|1|1129
|gen|9
|tier|[Gen 9 Champions] VGC 2026 Reg M-B (Bo3)
|rated|
|rule|Species Clause: Limit one of each Pokémon
|rule|Item Clause: Limit 1 of each item
|clearpoke
|poke|p1|Raichu, L50, M|
|poke|p1|Toxapex, L50, F|
|poke|p1|Mamoswine, L50, F|
|poke|p1|Sylveon, L50, M|
|poke|p1|Corviknight, L50, F|
|poke|p1|Basculegion, L50, M|
|poke|p2|Tyranitar, L50, M|
|poke|p2|Houndstone, L50, M|
|poke|p2|Milotic, L50, M|
|poke|p2|Klefki, L50, M|
|poke|p2|Staraptor, L50, F|
|poke|p2|Garchomp, L50, F|
|teampreview|4
|showteam|p1|Raichu||RaichuniteY|LightningRod|ZapCannon,FocusBlast,FakeOut,Protect|Timid||M|||50|]Toxapex||Leftovers|Regenerator|Infestation,Toxic,Recover,BanefulBunker|Relaxed||F|||50|]Mamoswine||LifeOrb|Oblivious|StompingTantrum,IceShard,RockSlide,Protect|Adamant||F|||50|]Sylveon||FairyFeather|Pixilate|HyperVoice,QuickAttack,Yawn,Detect|Modest||M|||50|]Corviknight||OccaBerry|MirrorArmor|IronHead,BraveBird,Tailwind,Protect|Adamant||F|||50|]Basculegion||FocusSash|Adaptability|LastRespects,Liquidation,AquaJet,Protect|Jolly||M|||50|
|showteam|p2|Tyranitar||Tyranitarite|SandStream|RockSlide,KnockOff,BrickBreak,Protect|Jolly||M|||50|]Houndstone||SitrusBerry|SandRush|LastRespects,PhantomForce,WillOWisp,Protect|Adamant||M|||50|]Milotic||Leftovers|Competitive|IceBeam,Scald,Protect,IcyWind|Bold||M|||50|]Klefki||LightClay|Prankster|Reflect,LightScreen,ThunderWave,Sandstorm|Impish||M|||50|]Staraptor||Staraptite|Intimidate|CloseCombat,Tailwind,BraveBird,Protect|Jolly||F|||50|]Garchomp||LifeOrb|RoughSkin|RockSlide,DragonClaw,StompingTantrum,Protect|Jolly||F|||50|
|inactive|Battle timer is ON: inactive players will automatically lose when time's up. (requested by testdigi)
|inactive|LGsniperz has 60 seconds left.
|
|t:|1785155032
|teamsize|p1|4
|teamsize|p2|4
|start
|switch|p1a: Corviknight|Corviknight, L50, F|100/100
|switch|p1b: Sylveon|Sylveon, L50, M|100/100
|switch|p2a: Klefki|Klefki, L50, M|100/100
|switch|p2b: Tyranitar|Tyranitar, L50, M|100/100
|-weather|Sandstorm|[from] ability: Sand Stream|[of] p2b: Tyranitar
|turn|1
|inactive|testdigi has 30 seconds left.
|inactive|testdigi has 20 seconds left.
|inactive|testdigi has 15 seconds left.
|inactive|testdigi has 10 seconds left.
|
|t:|1785155080
|move|p2b: Tyranitar|Protect|p2b: Tyranitar
|-singleturn|p2b: Tyranitar|Protect
|move|p2a: Klefki|Light Screen|p2a: Klefki
|-sidestart|p2: LGsniperz|move: Light Screen
|move|p1a: Corviknight|Tailwind|p1a: Corviknight
|-sidestart|p1: testdigi|move: Tailwind
|move|p1b: Sylveon|Hyper Voice|p2b: Tyranitar|[spread] p2a
|-activate|p2b: Tyranitar|move: Protect
|-resisted|p2a: Klefki|1
|-damage|p2a: Klefki|83/100
|
|-weather|Sandstorm|[upkeep]
|-damage|p1b: Sylveon|94/100|[from] Sandstorm
|upkeep
|turn|2
|
|t:|1785155098
|switch|p2b: Houndstone|Houndstone, L50, M|100/100
|move|p2a: Klefki|Thunder Wave|p1b: Sylveon
|-status|p1b: Sylveon|par
|move|p1a: Corviknight|Iron Head|p2b: Houndstone
|-damage|p2b: Houndstone|65/100
|move|p1b: Sylveon|Yawn|p2a: Klefki
|-start|p2a: Klefki|move: Yawn|[of] p1b: Sylveon
|
|-weather|Sandstorm|[upkeep]
|-damage|p1b: Sylveon|88/100 par|[from] Sandstorm
|upkeep
|turn|3
|inactive|LGsniperz has 30 seconds left.
|
|t:|1785155131
|move|p2a: Klefki|Reflect|p2a: Klefki
|-sidestart|p2: LGsniperz|Reflect
|move|p2b: Houndstone|Phantom Force||[still]
|-prepare|p2b: Houndstone|Phantom Force
|move|p1a: Corviknight|Brave Bird|p2b: Houndstone|[miss]
|-miss|p1a: Corviknight|p2b: Houndstone
|move|p1b: Sylveon|Hyper Voice|p2b: Houndstone|[spread] p2a
|-miss|p1b: Sylveon|p2b: Houndstone
|-resisted|p2a: Klefki|1
|-damage|p2a: Klefki|67/100
|
|-weather|Sandstorm|[upkeep]
|-damage|p1b: Sylveon|82/100 par|[from] Sandstorm
|-end|p2a: Klefki|move: Yawn|[silent]
|-status|p2a: Klefki|slp
|upkeep
|turn|4
|
|t:|1785155151
|cant|p2a: Klefki|slp
|move|p2b: Houndstone|Phantom Force|p1b: Sylveon|[from] lockedmove
|-damage|p1b: Sylveon|41/100 par
|move|p1a: Corviknight|Brave Bird|p2b: Houndstone
|-damage|p2b: Houndstone|31/100
|-enditem|p2b: Houndstone|Sitrus Berry|[eat]
|-heal|p2b: Houndstone|56/100|[from] item: Sitrus Berry
|-damage|p1a: Corviknight|90/100|[from] Recoil
|move|p1b: Sylveon|Hyper Voice|p2a: Klefki|[spread] p2a,p2b
|-resisted|p2a: Klefki|1
|-damage|p2a: Klefki|48/100 slp
|-damage|p2b: Houndstone|24/100
|
|-weather|Sandstorm|[upkeep]
|-damage|p1b: Sylveon|35/100 par|[from] Sandstorm
|-sideend|p1: testdigi|move: Tailwind
|upkeep
|turn|5
|
|t:|1785155175
|move|p2b: Houndstone|Protect|p2b: Houndstone
|-singleturn|p2b: Houndstone|Protect
|cant|p2a: Klefki|slp
|move|p1a: Corviknight|Tailwind|p1a: Corviknight
|-sidestart|p1: testdigi|move: Tailwind
|cant|p1b: Sylveon|par
|
|-weather|none
|upkeep
|turn|6
|inactive|LGsniperz has 30 seconds left.
|inactive|LGsniperz has 20 seconds left.
|inactive|LGsniperz has 15 seconds left.
|
|t:|1785155216
|-curestatus|p2a: Klefki|slp|[msg]
|move|p2a: Klefki|Sandstorm|p2a: Klefki
|-weather|Sandstorm
|move|p2b: Houndstone|Phantom Force||[still]
|-prepare|p2b: Houndstone|Phantom Force
|move|p1a: Corviknight|Iron Head|p2a: Klefki
|-damage|p2a: Klefki|31/100
|move|p1b: Sylveon|Yawn|p2b: Houndstone|[miss]
|-miss|p1b: Sylveon|p2b: Houndstone
|
|-weather|Sandstorm|[upkeep]
|-damage|p1b: Sylveon|29/100 par|[from] Sandstorm
|upkeep
|turn|7
|
|t:|1785155229
|move|p1b: Sylveon|Detect|p1b: Sylveon
|-singleturn|p1b: Sylveon|Protect
|move|p2a: Klefki|Thunder Wave|p1a: Corviknight
|-status|p1a: Corviknight|par
|move|p2b: Houndstone|Phantom Force|p1b: Sylveon|[from] lockedmove
|-activate|p1b: Sylveon|move: Phantom Force|[broken]
|-damage|p1b: Sylveon|0 fnt
|faint|p1b: Sylveon
|move|p1a: Corviknight|Brave Bird|p2b: Houndstone
|-damage|p2b: Houndstone|0 fnt
|faint|p2b: Houndstone
|-damage|p1a: Corviknight|83/100 par|[from] Recoil
|
|-weather|Sandstorm|[upkeep]
|upkeep
|
|t:|1785155245
|switch|p2b: Staraptor|Staraptor, L50, F|100/100
|switch|p1b: Raichu|Raichu, L50, M|100/100
|-ability|p2b: Staraptor|Intimidate|boost
|-ability|p1a: Corviknight|Mirror Armor
|-unboost|p2b: Staraptor|atk|1
|-unboost|p1b: Raichu|atk|1
|turn|8
|
|t:|1785155261
|switch|p2a: Tyranitar|Tyranitar, L50, M|100/100
|detailschange|p1b: Raichu|Raichu-Mega-Y, L50, M
|-mega|p1b: Raichu|Raichu|Raichunite Y
|move|p2b: Staraptor|Protect|p2b: Staraptor
|-singleturn|p2b: Staraptor|Protect
|move|p1b: Raichu|Zap Cannon|p2a: Tyranitar
|-damage|p2a: Tyranitar|69/100
|-status|p2a: Tyranitar|par
|cant|p1a: Corviknight|par
|
|-weather|Sandstorm|[upkeep]
|-damage|p1b: Raichu|93/100|[from] Sandstorm
|-damage|p2b: Staraptor|93/100|[from] Sandstorm
|-sideend|p2: LGsniperz|move: Light Screen
|-sideend|p1: testdigi|move: Tailwind
|upkeep
|turn|9
|inactive|testdigi has 30 seconds left.
|inactive|LGsniperz has 30 seconds left.
|inactive|LGsniperz has 20 seconds left.
|inactive|LGsniperz has 15 seconds left.
|inactive|LGsniperz has 10 seconds left.
|inactive|LGsniperz has 5 seconds left.
|
|t:|1785155313
|switch|p2b: Klefki|Klefki, L50, M|31/100
|move|p1b: Raichu|Protect|p1b: Raichu
|-singleturn|p1b: Raichu|Protect
|move|p2a: Tyranitar|Rock Slide|p1b: Raichu|[spread] 
|-activate|p1b: Raichu|move: Protect
|-miss|p2a: Tyranitar|p1a: Corviknight
|cant|p1a: Corviknight|par
|
|-weather|Sandstorm|[upkeep]
|-damage|p1b: Raichu|87/100|[from] Sandstorm
|upkeep
|turn|10
|
|t:|1785155332
|move|p2a: Tyranitar|Protect|p2a: Tyranitar
|-singleturn|p2a: Tyranitar|Protect
|move|p2b: Klefki|Light Screen|p2b: Klefki
|-sidestart|p2: LGsniperz|move: Light Screen
|move|p1b: Raichu|Zap Cannon|p2b: Klefki
|-damage|p2b: Klefki|0 fnt
|faint|p2b: Klefki
|cant|p1a: Corviknight|par
|
|-weather|none
|-sideend|p2: LGsniperz|Reflect
|upkeep
|
|t:|1785155341
|switch|p2b: Staraptor|Staraptor, L50, F|93/100
|-ability|p2b: Staraptor|Intimidate|boost
|-ability|p1a: Corviknight|Mirror Armor
|-unboost|p2b: Staraptor|atk|1
|-unboost|p1b: Raichu|atk|1
|turn|11
|inactive|LGsniperz has 30 seconds left.
|
|t:|1785155366
|detailschange|p2b: Staraptor|Staraptor-Mega, L50, F
|-mega|p2b: Staraptor|Staraptor|Staraptite
|move|p1b: Raichu|Zap Cannon|p2b: Staraptor
|-supereffective|p2b: Staraptor|1
|-damage|p2b: Staraptor|16/100
|-status|p2b: Staraptor|par
|move|p2b: Staraptor|Tailwind|p2b: Staraptor
|-sidestart|p2: LGsniperz|move: Tailwind
|cant|p2a: Tyranitar|par
|move|p1a: Corviknight|Tailwind|p1a: Corviknight
|-sidestart|p1: testdigi|move: Tailwind
|
|upkeep
|turn|12
|
|t:|1785155380
|move|p1b: Raichu|Focus Blast|p2a: Tyranitar
|-supereffective|p2a: Tyranitar|2
|-damage|p2a: Tyranitar|0 fnt
|faint|p2a: Tyranitar
|move|p2b: Staraptor|Close Combat|p1b: Raichu
|-crit|p1b: Raichu
|-damage|p1b: Raichu|0 fnt
|-boost|p2b: Staraptor|def|1
|-boost|p2b: Staraptor|spd|1
|faint|p1b: Raichu
|move|p1a: Corviknight|Brave Bird|p2b: Staraptor
|-supereffective|p2b: Staraptor|1
|-damage|p2b: Staraptor|0 fnt
|faint|p2b: Staraptor
|-damage|p1a: Corviknight|78/100 par|[from] Recoil
|
|win|testdigi
||testdigi is ready for game 2.
||LGsniperz is ready for game 2.
|uhtml|next|Next: Game 2 of 3
