|j|☆c00lkidzzz
|j|☆aaronballs
|html|c00lkidzzzaaronballs    
|uhtml|bestof|Game 1 of a best-of-3
|t:|1783078146
|gametype|doubles
|player|p1|c00lkidzzz|hugh|1000
|player|p2|aaronballs|1|1075
|gen|9
|tier|[Gen 9 Champions] VGC 2026 Reg M-B (Bo3)
|rated|
|rule|Species Clause: Limit one of each Pokémon
|rule|Item Clause: Limit 1 of each item
|clearpoke
|poke|p1|Staraptor, L50, F|
|poke|p1|Whimsicott, L50, M|
|poke|p1|Dragapult, L50, F|
|poke|p1|Metagross, L50|
|poke|p1|Meowscarada, L50, F|
|poke|p1|Sneasler, L50, M|
|poke|p2|Mawile, L50, F|
|poke|p2|Farigiraf, L50, F|
|poke|p2|Incineroar, L50, M|
|poke|p2|Torkoal, L50, M|
|poke|p2|Garchomp, L50, F|
|poke|p2|Sneasler, L50, M|
|teampreview|4
|showteam|p1|Staraptor||Staraptite|Intimidate|CloseCombat,BlazeKick,BraveBird,Roost|Adamant||F|||50|]Whimsicott||FocusSash|Prankster|HelpingHand,Charm,Tailwind,Memento|Bold||M|||50|]Dragapult||ScopeLens|CursedBody|PhantomForce,DragonClaw,PsychicFangs,SteelWing|Jolly||F|||50|]Metagross||Leftovers|ClearBody|MeteorMash,ThunderPunch,PsychicFangs,RockSlide|Adamant|||||50|]Meowscarada||ExpertBelt|Protean|FlowerTrick,FoulPlay,PlayRough,ThunderPunch|Jolly||F|||50|]Sneasler||KingsRock|PoisonTouch|FakeOut,DireClaw,CloseCombat,FirePunch|Jolly||M|||50|
|showteam|p2|Mawile||Mawilite|HyperCutter|SuckerPunch,PlayRough,SwordsDance,Protect|Adamant||F|||50|]Farigiraf||ColburBerry|ArmorTail|TrickRoom,Psychic,HelpingHand,Protect|Modest||F|||50|]Incineroar||PasshoBerry|Intimidate|PartingShot,FakeOut,FlareBlitz,DarkestLariat|Adamant||M|||50|]Torkoal||Charcoal|Drought|Eruption,HeatWave,SolarBeam,Protect|Quiet||M|||50|]Garchomp||HabanBerry|RoughSkin|DragonClaw,StompingTantrum,Protect,RockSlide|Adamant||F|||50|]Sneasler||FocusSash|PoisonTouch|CloseCombat,FakeOut,DireClaw,Coaching|Jolly||M|||50|
|
|t:|1783078206
|teamsize|p1|4
|teamsize|p2|4
|start
|switch|p1a: Staraptor|Staraptor, L50, F|100/100
|switch|p1b: Whimsicott|Whimsicott, L50, M|100/100
|switch|p2a: Farigiraf|Farigiraf, L50, F|100/100
|switch|p2b: Incineroar|Incineroar, L50, M|100/100
|-ability|p1a: Staraptor|Intimidate|boost
|-unboost|p2a: Farigiraf|atk|1
|-unboost|p2b: Incineroar|atk|1
|-ability|p2b: Incineroar|Intimidate|boost
|-unboost|p1a: Staraptor|atk|1
|-unboost|p1b: Whimsicott|atk|1
|turn|1
|
|t:|1783078240
|detailschange|p1a: Staraptor|Staraptor-Mega, L50, F
|-mega|p1a: Staraptor|Staraptor|Staraptite
|move|p2b: Incineroar|Fake Out|p1a: Staraptor
|-damage|p1a: Staraptor|90/100
|move|p1b: Whimsicott|Charm|p1a: Staraptor
|-boost|p1a: Staraptor|atk|2
|cant|p1a: Staraptor|flinch
|move|p2a: Farigiraf|Trick Room|p2a: Farigiraf
|-fieldstart|move: Trick Room|[of] p2a: Farigiraf
|
|upkeep
|turn|2
|
|t:|1783078256
|move|p1b: Whimsicott|Tailwind|p1b: Whimsicott
|-sidestart|p1: c00lkidzzz|move: Tailwind
|move|p2a: Farigiraf|Psychic|p1a: Staraptor
|-supereffective|p1a: Staraptor|1
|-damage|p1a: Staraptor|15/100
|move|p2b: Incineroar|Parting Shot|p1b: Whimsicott
|-unboost|p1b: Whimsicott|atk|1
|-unboost|p1b: Whimsicott|spa|1
|
|t:|1783078265
|switch|p2b: Torkoal|Torkoal, L50, M|100/100|[from] Parting Shot
|-weather|SunnyDay|[from] ability: Drought|[of] p2b: Torkoal
|move|p1a: Staraptor|Close Combat|p2b: Torkoal
|-crit|p2b: Torkoal
|-damage|p2b: Torkoal|0 fnt
|-boost|p1a: Staraptor|def|1
|-boost|p1a: Staraptor|spd|1
|faint|p2b: Torkoal
|
|-weather|SunnyDay|[upkeep]
|upkeep
|
|t:|1783078268
|switch|p2b: Incineroar|Incineroar, L50, M|100/100
|-ability|p2b: Incineroar|Intimidate|boost
|-boost|p1a: Staraptor|atk|1
|-unboost|p1b: Whimsicott|atk|1
|turn|3
|
|t:|1783078297
|switch|p2b: Mawile|Mawile, L50, F|100/100
|move|p1b: Whimsicott|Charm|p1a: Staraptor
|-boost|p1a: Staraptor|atk|2
|move|p2a: Farigiraf|Psychic|p1a: Staraptor
|-supereffective|p1a: Staraptor|1
|-damage|p1a: Staraptor|0 fnt
|faint|p1a: Staraptor
|
|-weather|SunnyDay|[upkeep]
|upkeep
|
|t:|1783078309
|switch|p1a: Sneasler|Sneasler, L50, M|100/100
|turn|4
|
|t:|1783078328
|detailschange|p2b: Mawile|Mawile-Mega, L50, F
|-mega|p2b: Mawile|Mawile|Mawilite
|move|p1b: Whimsicott|Helping Hand|p1a: Sneasler
|-singleturn|p1a: Sneasler|Helping Hand|[of] p1b: Whimsicott
|move|p1a: Sneasler|Fake Out||[still]
|cant|p2a: Farigiraf|ability: Armor Tail|Fake Out|[of] p1a: Sneasler
|move|p2b: Mawile|Swords Dance|p2b: Mawile
|-boost|p2b: Mawile|atk|2
|move|p2a: Farigiraf|Psychic|p1a: Sneasler
|-supereffective|p1a: Sneasler|2
|-damage|p1a: Sneasler|0 fnt
|faint|p1a: Sneasler
|
|-weather|SunnyDay|[upkeep]
|upkeep
|
|t:|1783078342
|switch|p1a: Metagross|Metagross, L50|100/100
|turn|5
|inactive|Battle timer is ON: inactive players will automatically lose when time's up. (requested by aaronballs)
|
|t:|1783078359
|move|p1b: Whimsicott|Helping Hand|p1a: Metagross
|-singleturn|p1a: Metagross|Helping Hand|[of] p1b: Whimsicott
|move|p2b: Mawile|Sucker Punch|p1a: Metagross
|-supereffective|p1a: Metagross|1
|-damage|p1a: Metagross|0 fnt
|faint|p1a: Metagross
|move|p2a: Farigiraf|Psychic|p1b: Whimsicott
|-damage|p1b: Whimsicott|47/100
|-unboost|p1b: Whimsicott|spd|1
|
|-weather|SunnyDay|[upkeep]
|-sideend|p1: c00lkidzzz|move: Tailwind
|-fieldend|move: Trick Room
|upkeep
|turn|6
|
|t:|1783078374
|move|p1b: Whimsicott|Memento||[still]
|cant|p2a: Farigiraf|ability: Armor Tail|Memento|[of] p1b: Whimsicott
|move|p2b: Mawile|Sucker Punch||[still]
|-fail|p2b: Mawile
|move|p2a: Farigiraf|Psychic|p1b: Whimsicott
|-damage|p1b: Whimsicott|0 fnt
|faint|p1b: Whimsicott
|
|win|aaronballs
||aaronballs is ready for game 2.
|inactive|c00lkidzzz has 30 seconds to confirm battle start!
|raw|c00lkidzzz's rating: 1000 → 1000(+0 for losing)
|raw|aaronballs's rating: 1075 → 1098(+23 for winning)
|l|☆c00lkidzzz
|player|p1|
