|j|☆bruthie
|j|☆Luke693VGC
|html|bruthieLuke693VGC    
|uhtml|bestof|Game 1 of a best-of-3
|t:|1756650565
|gametype|doubles
|player|p1|bruthie|lady-gen4|1046
|player|p2|Luke693VGC|cyclist-gen4|1042
|gen|9
|tier|[Gen 9] VGC 2025 Reg H (Bo3)
|rated|
|rule|Species Clause: Limit one of each Pokémon
|rule|Item Clause: Limit 1 of each item
|clearpoke
|poke|p1|Sneasler, L50, M|
|poke|p1|Hydreigon, L50, M|
|poke|p1|Sinistcha, L50|
|poke|p1|Basculegion, L50, M|
|poke|p1|Incineroar, L50, M|
|poke|p1|Scizor, L50, F|
|poke|p2|Archaludon, L50, M|
|poke|p2|Pelipper, L50, M|
|poke|p2|Basculegion, L50, M|
|poke|p2|Sinistcha, L50|
|poke|p2|Maushold-Four, L50|
|poke|p2|Annihilape, L50, F|
|teampreview|4
|showteam|p1|Sneasler||FocusSash|PoisonTouch|FakeOut,DireClaw,CloseCombat,Protect|||M|||50|,,,,,Stellar]Hydreigon||SitrusBerry|Levitate|Snarl,DracoMeteor,Tailwind,Protect|||M|||50|,,,,,Ghost]Sinistcha||RockyHelmet|Hospitality|RagePowder,StrengthSap,MatchaGotcha,Protect||||||50|,,,,,Water]Basculegion||ChoiceScarf|Adaptability|WaveCrash,LastRespects,AquaJet,FlipTurn|||M|||50|,,,,,Water]Incineroar||AssaultVest|Intimidate|FakeOut,KnockOff,FlareBlitz,Uturn|||M|||50|,,,,,Grass]Scizor||MetalCoat|Technician|BulletPunch,CloseCombat,Uturn,Protect|||F|||50|,,,,,Fire
|showteam|p2|Archaludon||AssaultVest|Stamina|DracoMeteor,FlashCannon,ElectroShot,BodyPress|||M|||50|,,,,,Grass]Pelipper||FocusSash|Drizzle|Hurricane,WeatherBall,Tailwind,HelpingHand|||M|||50|,,,,,Stellar]Basculegion||ChoiceBand|SwiftSwim|WaveCrash,FlipTurn,LastRespects,AquaJet|||M|||50|,,,,,Grass]Sinistcha||SitrusBerry|Hospitality|MatchaGotcha,LifeDew,RagePowder,TrickRoom||||||50|,,,,,Fairy]Maushold-Four||SafetyGoggles|FriendGuard|BeatUp,FollowMe,Taunt,Protect||||||50|,,,,,Ghost]Annihilape||Leftovers|Defiant|DrainPunch,RageFist,BulkUp,Protect|||F|||50|,,,,,Grass
|inactive|Battle timer is ON: inactive players will automatically lose when time's up. (requested by Luke693VGC)
|
|t:|1756650615
|teamsize|p1|4
|teamsize|p2|4
|start
|switch|p1a: Sneasler|Sneasler, L50, M|100/100
|switch|p1b: Scizor|Scizor, L50, F|100/100
|switch|p2a: Annihilape|Annihilape, L50, F|100/100
|switch|p2b: Maushold|Maushold-Four, L50|100/100
|turn|1
|inactive|Luke693VGC has 30 seconds left.
|inactive|bruthie has 30 seconds left.
|inactive|Luke693VGC has 20 seconds left.
|inactive|Luke693VGC has 15 seconds left.
|inactive|Luke693VGC has 10 seconds left.
|
|t:|1756650662
|move|p1a: Sneasler|Dire Claw|p2a: Annihilape
|-resisted|p2a: Annihilape
|-damage|p2a: Annihilape|86/100
|-status|p2a: Annihilape|psn|[from] ability: Poison Touch|[of] p1a: Sneasler
|move|p2b: Maushold|Beat Up|p2a: Annihilape
|-damage|p2a: Annihilape|84/100 psn
|-damage|p2a: Annihilape|81/100 psn
|-damage|p2a: Annihilape|79/100 psn
|-hitcount|p2a: Annihilape|3
|move|p2a: Annihilape|Bulk Up|p2a: Annihilape
|-boost|p2a: Annihilape|atk|1
|-boost|p2a: Annihilape|def|1
|move|p1b: Scizor|U-turn|p2b: Maushold
|-damage|p2b: Maushold|47/100
|
|t:|1756650678
|switch|p1b: Basculegion|Basculegion, L50, M|100/100|[from] U-turn
|
|-heal|p2a: Annihilape|86/100 psn|[from] item: Leftovers
|-damage|p2a: Annihilape|73/100 psn|[from] psn
|upkeep
|turn|2
|inactive|Luke693VGC has 30 seconds left.
|
|t:|1756650709
|move|p2b: Maushold|Follow Me|p2b: Maushold
|-singleturn|p2b: Maushold|move: Follow Me
|move|p1b: Basculegion|Flip Turn|p2b: Maushold
|-damage|p2b: Maushold|0 fnt
|faint|p2b: Maushold
|
|t:|1756650715
|switch|p1b: Scizor|Scizor, L50, F|100/100|[from] Flip Turn
|move|p1a: Sneasler|Dire Claw|p2a: Annihilape
|-resisted|p2a: Annihilape
|-damage|p2a: Annihilape|57/100 psn
|move|p2a: Annihilape|Rage Fist|p1a: Sneasler
|-enditem|p1a: Sneasler|Focus Sash
|-damage|p1a: Sneasler|1/100
|
|-heal|p2a: Annihilape|63/100 psn|[from] item: Leftovers
|-damage|p2a: Annihilape|51/100 psn|[from] psn
|upkeep
|
|t:|1756650730
|switch|p2b: Archaludon|Archaludon, L50, M|100/100
|turn|3
|inactive|Luke693VGC has 30 seconds left.
|
|t:|1756650756
|move|p1b: Scizor|Protect|p1b: Scizor
|-singleturn|p1b: Scizor|Protect
|move|p1a: Sneasler|Close Combat|p2b: Archaludon
|-supereffective|p2b: Archaludon
|-damage|p2b: Archaludon|15/100
|-unboost|p1a: Sneasler|def|1
|-unboost|p1a: Sneasler|spd|1
|-ability|p2b: Archaludon|Stamina|boost
|-boost|p2b: Archaludon|def|1
|move|p2a: Annihilape|Rage Fist|p1b: Scizor
|-activate|p1b: Scizor|move: Protect
|move|p2b: Archaludon|Body Press|p1a: Sneasler
|-resisted|p1a: Sneasler
|-damage|p1a: Sneasler|0 fnt
|faint|p1a: Sneasler
|
|-heal|p2a: Annihilape|57/100 psn|[from] item: Leftovers
|-damage|p2a: Annihilape|45/100 psn|[from] psn
|upkeep
|
|t:|1756650772
|switch|p1a: Basculegion|Basculegion, L50, M|100/100
|turn|4
|
|t:|1756650796
|move|p2a: Annihilape|Protect|p2a: Annihilape
|-singleturn|p2a: Annihilape|Protect
|move|p1a: Basculegion|Last Respects|p2a: Annihilape
|-activate|p2a: Annihilape|move: Protect
|move|p2b: Archaludon|Draco Meteor|p1a: Basculegion
|-damage|p1a: Basculegion|27/100
|-unboost|p2b: Archaludon|spa|2
|move|p1b: Scizor|Close Combat|p2b: Archaludon
|-supereffective|p2b: Archaludon
|-crit|p2b: Archaludon
|-damage|p2b: Archaludon|0 fnt
|-unboost|p1b: Scizor|def|1
|-unboost|p1b: Scizor|spd|1
|faint|p2b: Archaludon
|
|-heal|p2a: Annihilape|51/100 psn|[from] item: Leftovers
|-damage|p2a: Annihilape|38/100 psn|[from] psn
|upkeep
|
|t:|1756650812
|switch|p2b: Pelipper|Pelipper, L50, M|100/100
|-weather|RainDance|[from] ability: Drizzle|[of] p2b: Pelipper
|turn|5
|inactive|Luke693VGC has 30 seconds left.
|
|t:|1756650841
|switch|p1b: Sinistcha|Sinistcha, L50|100/100
|-heal|p1a: Basculegion|51/100|[from] ability: Hospitality|[of] p1b: Sinistcha
|-terastallize|p2a: Annihilape|Grass
|move|p1a: Basculegion|Last Respects|p2a: Annihilape
|-damage|p2a: Annihilape|0 fnt
|faint|p2a: Annihilape
|move|p2b: Pelipper|Weather Ball|p1a: Basculegion
|-resisted|p1a: Basculegion
|-damage|p1a: Basculegion|14/100
|
|-weather|RainDance|[upkeep]
|upkeep
|turn|6
|-message|Luke693VGC forfeited.
|
|win|bruthie
