|j|☆buf69 QueSeSiente
|j|☆DominicVGC07
|html|buf69 QueSeSienteDominicVGC07    
|uhtml|bestof|Game 2 of a best-of-3
|t:|1756316041
|gametype|doubles
|player|p1|buf69 QueSeSiente|caitlin|1404
|player|p2|DominicVGC07|ghetsis|1368
|gen|9
|tier|[Gen 9] VGC 2025 Reg H (Bo3)
|rated|
|rule|Species Clause: Limit one of each Pokémon
|rule|Item Clause: Limit 1 of each item
|clearpoke
|poke|p1|Sneasler, L50, M|
|poke|p1|Indeedee, L50, M|
|poke|p1|Volcarona, L50, F|
|poke|p1|Ursaluna-Bloodmoon, L50, M|
|poke|p1|Annihilape, L50, M|
|poke|p1|Tyranitar, L50, M|
|poke|p2|Kingambit, L50, M|
|poke|p2|Sneasler, L50, F|
|poke|p2|Rillaboom, L50, M|
|poke|p2|Dragonite, L50, M|
|poke|p2|Electabuzz, L50, F|
|poke|p2|Dondozo, L50, F|
|teampreview|4
|showteam|p1|Sneasler||PsychicSeed|Unburden|CloseCombat,DireClaw,ThroatChop,Protect|||M|||50|,,,,,Dark]Indeedee||ChoiceScarf|PsychicSurge|ExpandingForce,TeraBlast,Trick,Protect|||M|||50|,,,,,Psychic]Volcarona||SitrusBerry|FlameBody|Overheat,StruggleBug,RagePowder,Tailwind|||F|||50|,,,,,Grass]Ursaluna-Bloodmoon||LifeOrb|MindsEye|BloodMoon,HyperVoice,EarthPower,Protect|||M|||50|,,,,,Normal]Annihilape||SafetyGoggles|Defiant|CloseCombat,RageFist,Taunt,FinalGambit|||M|||50|,,,,,Fairy]Tyranitar||AssaultVest|SandStream|RockSlide,KnockOff,TeraBlast,LowKick|||M|||50|,,,,,Flying
|showteam|p2|Kingambit||BlackGlasses|Defiant|KowtowCleave,SuckerPunch,SwordsDance,Protect|||M|||50|,,,,,Dark]Sneasler||FocusSash|Unburden|FakeOut,CloseCombat,DireClaw,Coaching|||F|||50|,,,,,Ghost]Rillaboom||AssaultVest|GrassySurge|FakeOut,WoodHammer,GrassyGlide,Uturn|||M|||50|,,,,,Fire]Dragonite||LoadedDice|Multiscale|ScaleShot,LowKick,Haze,Protect|||M|||50|,,,,,Steel]Electabuzz||Eviolite|VitalSpirit|Thunderbolt,FollowMe,Taunt,Protect|||F|||50|,,,,,Dragon]Dondozo||Leftovers|Unaware|WaveCrash,Yawn,Fissure,Protect|||F|||50|,,,,,Poison
|j| buf44 Rashito
|
|t:|1756316055
|teamsize|p1|4
|teamsize|p2|4
|start
|switch|p1a: Annihilape|Annihilape, L50, M|100/100
|switch|p1b: Volcarona|Volcarona, L50, F|100/100
|switch|p2a: Skydragon|Dragonite, L50, M|100/100
|switch|p2b: 1000 volt|Electabuzz, L50, F|100/100
|turn|1
|
|t:|1756316058
|move|p2b: 1000 volt|Follow Me|p2b: 1000 volt
|-singleturn|p2b: 1000 volt|move: Follow Me
|move|p1b: Volcarona|Tailwind|p1b: Volcarona
|-sidestart|p1: buf69 QueSeSiente|move: Tailwind
|move|p1a: Annihilape|Taunt|p2b: 1000 volt
|-start|p2b: 1000 volt|move: Taunt
|move|p2a: Skydragon|Scale Shot|p1b: Volcarona
|-damage|p1b: Volcarona|83/100
|-damage|p1b: Volcarona|65/100
|-damage|p1b: Volcarona|45/100
|-enditem|p1b: Volcarona|Sitrus Berry|[eat]
|-heal|p1b: Volcarona|70/100|[from] item: Sitrus Berry
|-damage|p1b: Volcarona|53/100
|-damage|p1b: Volcarona|34/100
|-hitcount|p1b: Volcarona|5
|-unboost|p2a: Skydragon|def|1
|-boost|p2a: Skydragon|spe|1
|
|upkeep
|turn|2
|j| buf51 Golden Era
|j| buf0722shito
|c| buf0722shito|your getting buffed
|c| buf51 Golden Era|buffering
|
|t:|1756316083
|switch|p2b: Kong|Rillaboom, L50, M|100/100
|-fieldstart|move: Grassy Terrain|[from] ability: Grassy Surge|[of] p2b: Kong
|move|p2a: Skydragon|Protect|p2a: Skydragon
|-singleturn|p2a: Skydragon|Protect
|move|p1b: Volcarona|Struggle Bug|p2a: Skydragon|[spread] p2b
|-activate|p2a: Skydragon|move: Protect
|-supereffective|p2b: Kong
|-damage|p2b: Kong|76/100
|-unboost|p2b: Kong|spa|1
|move|p1a: Annihilape|Final Gambit|p2a: Skydragon
|-activate|p2a: Skydragon|move: Protect
|
|-heal|p1b: Volcarona|40/100|[from] Grassy Terrain
|-heal|p2b: Kong|82/100|[from] Grassy Terrain
|upkeep
|turn|3
|
|t:|1756316110
|switch|p1b: Indeedee|Indeedee, L50, M|100/100
|-fieldstart|move: Psychic Terrain|[from] ability: Psychic Surge|[of] p1b: Indeedee
|switch|p2a: Nightmare|Sneasler, L50, F|100/100
|move|p1a: Annihilape|Final Gambit|p2a: Nightmare
|-enditem|p2a: Nightmare|Focus Sash
|-damage|p2a: Nightmare|1/100
|faint|p1a: Annihilape
|move|p2b: Kong|U-turn|p1b: Indeedee
|-supereffective|p1b: Indeedee
|-damage|p1b: Indeedee|0 fnt
|faint|p1b: Indeedee
|
|t:|1756316120
|switch|p2b: Skydragon|Dragonite, L50, M|100/100|[from] U-turn
|
|upkeep
|
|t:|1756316123
|switch|p1a: Sneasler|Sneasler, L50, M|100/100
|switch|p1b: Volcarona|Volcarona, L50, F|40/100
|-enditem|p1a: Sneasler|Psychic Seed
|-boost|p1a: Sneasler|spd|1|[from] item: Psychic Seed
|turn|4
|
|t:|1756316143
|move|p2b: Skydragon|Protect|p2b: Skydragon
|-singleturn|p2b: Skydragon|Protect
|move|p1a: Sneasler|Dire Claw|p2b: Skydragon
|-activate|p2b: Skydragon|move: Protect
|move|p2a: Nightmare|Dire Claw|p1b: Volcarona
|-damage|p1b: Volcarona|0 fnt
|faint|p1b: Volcarona
|
|-sideend|p1: buf69 QueSeSiente|move: Tailwind
|upkeep
|turn|5
|-message|buf69 QueSeSiente forfeited.
|
|win|DominicVGC07
||DominicVGC07 is ready for game 3.
||buf69 QueSeSiente is ready for game 3.
|uhtml|next|Next: Game 3 of 3
|l| buf51 Golden Era
|l| buf0722shito
|l| buf44 Rashito
|l|☆DominicVGC07
|player|p2|
