|j|☆zileu
|j|‽gwen1126
|html|zileugwen1126    
|uhtml|bestof|Game 1 of a best-of-3
|t:|1784722221
|gametype|doubles
|player|p1|zileu|cyclist-gen4|1073
|player|p2|gwen1126|265|1115
|gen|9
|tier|[Gen 9 Champions] VGC 2026 Reg M-B (Bo3)
|rated|
|rule|Species Clause: Limit one of each Pokémon
|rule|Item Clause: Limit 1 of each item
|clearpoke
|poke|p1|Froslass, L50, F|
|poke|p1|Sneasler, L50, M|
|poke|p1|Basculegion, L50, M|
|poke|p1|Kingambit, L50, F|
|poke|p1|Aerodactyl, L50, M|
|poke|p1|Garchomp, L50, F|
|poke|p2|Decidueye-Hisui, L50, F|
|poke|p2|Chandelure, L50, F|
|poke|p2|Liepard, L50, M|
|poke|p2|Scizor, L50, F|
|poke|p2|Greninja, L50, F|
|poke|p2|Aerodactyl, L50, M|
|teampreview|4
|showteam|p1|Froslass||Froslassite|SnowCloak|Blizzard,ShadowBall,AuroraVeil,Protect|Timid||F|||50|]Sneasler||WhiteHerb|Unburden|CloseCombat,DireClaw,FakeOut,Protect|Adamant||M|||50|]Basculegion||SitrusBerry|Adaptability|LastRespects,WaveCrash,AquaJet,Protect|Adamant||M|||50|]Kingambit||BlackGlasses|Defiant|KowtowCleave,SuckerPunch,IronHead,Protect|Adamant||F|||50|]Aerodactyl||FocusSash|Unnerve|RockSlide,DualWingbeat,Tailwind,Protect|Jolly||M|||50|]Garchomp||LifeOrb|RoughSkin|DragonClaw,RockSlide,Earthquake,Protect|Jolly||F|||50|
|showteam|p2|Decidueye-Hisui||ScopeLens|Scrappy|LeafBlade,TripleArrows,KnockOff,Protect|Adamant||F|||50|]Chandelure||ColburBerry|FlashFire|ShadowBall,HeatWave,Taunt,Protect|Modest||F|||50|]Liepard||FocusBand|Prankster|ThroatChop,Yawn,Encore,PsychicFangs|Serious||M|||50|]Scizor||Scizorite|Technician|IronHead,CloseCombat,Lunge,Protect|Adamant||F|||50|]Greninja||LifeOrb|Protean|IceBeam,LowKick,RockTomb,Protect|Hasty||F|||50|]Aerodactyl||Aerodactylite|RockHead|RockSlide,AerialAce,PsychicFangs,Protect|Jolly||M|||50|
|inactive|Battle timer is ON: inactive players will automatically lose when time's up. (requested by zileu)
|inactive|gwen1126 has 60 seconds left.
|
|t:|1784722272
|teamsize|p1|4
|teamsize|p2|4
|start
|switch|p1a: Aerodactyl|Aerodactyl, L50, M|100/100
|switch|p1b: Garchomp|Garchomp, L50, F|100/100
|switch|p2a: Chandelure|Chandelure, L50, F|100/100
|switch|p2b: Liepard|Liepard, L50, M|100/100
|-ability|p1a: Aerodactyl|Unnerve
|turn|1
|inactive|gwen1126 has 30 seconds left.
|inactive|gwen1126 has 20 seconds left.
|
|t:|1784722308
|move|p2a: Chandelure|Protect|p2a: Chandelure
|-singleturn|p2a: Chandelure|Protect
|move|p2b: Liepard|Yawn|p1b: Garchomp
|-start|p1b: Garchomp|move: Yawn|[of] p2b: Liepard
|move|p1a: Aerodactyl|Tailwind|p1a: Aerodactyl
|-sidestart|p1: zileu|move: Tailwind
|move|p1b: Garchomp|Earthquake|p2a: Chandelure|[spread] p2b
|-activate|p2a: Chandelure|move: Protect
|-immune|p1a: Aerodactyl
|-activate|p2b: Liepard|item: Focus Band
|-damage|p2b: Liepard|1/100
|-damage|p1b: Garchomp|90/100|[from] item: Life Orb
|
|upkeep
|turn|2
|inactive|gwen1126 has 30 seconds left.
|
|t:|1784722340
|switch|p2a: Aerodactyl|Aerodactyl, L50, M|100/100
|move|p2b: Liepard|Encore|p1a: Aerodactyl
|-start|p1a: Aerodactyl|Encore
|move|p1a: Aerodactyl|Tailwind||[still]
|-fail|p1a: Aerodactyl
|move|p1b: Garchomp|Earthquake|p2a: Aerodactyl|[spread] p2b
|-immune|p1a: Aerodactyl
|-immune|p2a: Aerodactyl
|-activate|p2b: Liepard|item: Focus Band
|-damage|p2b: Liepard|1/100
|-damage|p1b: Garchomp|80/100|[from] item: Life Orb
|
|-end|p1b: Garchomp|move: Yawn|[silent]
|-status|p1b: Garchomp|slp
|upkeep
|turn|3
|inactive|gwen1126 has 30 seconds left.
|inactive|gwen1126 has 20 seconds left.
|c|☆zileu|ahahahah second focus band activation
|inactive|gwen1126 has 15 seconds left.
|c|☆zileu|thats 1 in a 100
|inactive|gwen1126 has 10 seconds left.
|
|t:|1784722388
|switch|p1a: Basculegion|Basculegion, L50, M|100/100
|detailschange|p2a: Aerodactyl|Aerodactyl-Mega, L50, M
|-mega|p2a: Aerodactyl|Aerodactyl|Aerodactylite
|cant|p1b: Garchomp|slp
|move|p2a: Aerodactyl|Rock Slide|p1a: Basculegion|[spread] p1a,p1b
|-resisted|p1b: Garchomp|1
|-damage|p1a: Basculegion|58/100
|-damage|p1b: Garchomp|66/100 slp
|move|p2b: Liepard|Throat Chop|p1a: Basculegion
|-supereffective|p1a: Basculegion|1
|-damage|p1a: Basculegion|0 fnt
|faint|p1a: Basculegion
|
|upkeep
|
|t:|1784722399
|switch|p1a: Froslass|Froslass, L50, F|100/100
|turn|4
|inactive|gwen1126 has 30 seconds left.
|
|t:|1784722424
|detailschange|p1a: Froslass|Froslass-Mega, L50, F
|-mega|p1a: Froslass|Froslass|Froslassite
|-weather|Snowscape|[from] ability: Snow Warning|[of] p1a: Froslass
|move|p2b: Liepard|Yawn|p1a: Froslass
|-start|p1a: Froslass|move: Yawn|[of] p2b: Liepard
|move|p1a: Froslass|Blizzard|p2b: Liepard|[spread] p2a,p2b
|-supereffective|p2a: Aerodactyl|1
|-damage|p2a: Aerodactyl|3/100
|-damage|p2b: Liepard|0 fnt
|faint|p2b: Liepard
|cant|p1b: Garchomp|slp
|move|p2a: Aerodactyl|Rock Slide|p1a: Froslass|[spread] p1a,p1b
|-supereffective|p1a: Froslass|1
|-resisted|p1b: Garchomp|1
|-damage|p1a: Froslass|44/100
|-damage|p1b: Garchomp|50/100g slp
|
|-weather|Snowscape|[upkeep]
|-sideend|p1: zileu|move: Tailwind
|upkeep
|inactive|gwen1126 has 30 seconds left.
|
|t:|1784722454
|switch|p2b: Chandelure|Chandelure, L50, F|100/100
|turn|5
|
|t:|1784722475
|switch|p1a: Aerodactyl|Aerodactyl, L50, M|100/100
|-ability|p1a: Aerodactyl|Unnerve
|move|p2a: Aerodactyl|Protect|p2a: Aerodactyl
|-singleturn|p2a: Aerodactyl|Protect
|-curestatus|p1b: Garchomp|slp|[msg]
|move|p1b: Garchomp|Rock Slide|p2b: Chandelure|[spread] p2b
|-activate|p2a: Aerodactyl|move: Protect
|-supereffective|p2b: Chandelure|1
|-damage|p2b: Chandelure|40/100
|-damage|p1b: Garchomp|41/100|[from] item: Life Orb
|move|p2b: Chandelure|Heat Wave|p1b: Garchomp|[spread] p1a,p1b
|-resisted|p1a: Aerodactyl|1
|-resisted|p1b: Garchomp|1
|-crit|p1b: Garchomp
|-damage|p1a: Aerodactyl|69/100
|-damage|p1b: Garchomp|2/100
|
|-weather|Snowscape|[upkeep]
|upkeep
|turn|6
|inactive|zileu has 30 seconds left.
|inactive|gwen1126 has 30 seconds left.
|inactive|gwen1126 has 20 seconds left.
|inactive|gwen1126 has 15 seconds left.
|
|t:|1784722520
|move|p2b: Chandelure|Protect|p2b: Chandelure
|-singleturn|p2b: Chandelure|Protect
|move|p2a: Aerodactyl|Rock Slide|p1b: Garchomp|[spread] p1a,p1b
|-supereffective|p1a: Aerodactyl|1
|-resisted|p1b: Garchomp|1
|-damage|p1a: Aerodactyl|0 fnt
|-damage|p1b: Garchomp|0 fnt
|faint|p1a: Aerodactyl
|faint|p1b: Garchomp
|
|-weather|Snowscape|[upkeep]
|upkeep
|
|t:|1784722526
|switch|p1b: Froslass|Froslass-Mega, L50, F|44/100
|turn|7
|-message|zileu forfeited.
|
|win|gwen1126
|l|☆zileu
|player|p1|
|raw|zileu's rating: 1073 → 1055(-18 for losing)
|raw|gwen1126's rating: 1115 → 1137(+22 for winning)
