|j|☆zessodotexe
|j|☆higigig
|html|zessodotexehigigig    
|uhtml|bestof|Game 1 of a best-of-3
|t:|1756177485
|gametype|doubles
|player|p1|zessodotexe|170|1072
|player|p2|higigig|sisandbro|1167
|gen|9
|tier|[Gen 9] VGC 2025 Reg H (Bo3)
|rated|
|rule|Species Clause: Limit one of each Pokémon
|rule|Item Clause: Limit 1 of each item
|clearpoke
|poke|p1|Annihilape, L50, F|
|poke|p1|Tatsugiri, L50, F|
|poke|p1|Sneasler, L50, F|
|poke|p1|Dragapult, L50, M|
|poke|p1|Dondozo, L50, F|
|poke|p1|Indeedee, L50, M|
|poke|p2|Sneasler, L50, F|
|poke|p2|Gholdengo, L50|
|poke|p2|Farigiraf, L50, M|
|poke|p2|Ursaluna-Bloodmoon, L50, M|
|poke|p2|Amoonguss, L50, M|
|poke|p2|Altaria, L50, F|
|teampreview|4
|showteam|p1|Annihilape||ChoiceScarf|Defiant|FinalGambit,CloseCombat,Coaching,Uturn|||F|||50|,,,,,Grass]Tatsugiri||SafetyGoggles|Commander|MuddyWater,Protect,DracoMeteor,DragonPulse|||F|||50|,,,,,Ghost]Sneasler||PsychicSeed|Unburden|Protect,ThroatChop,DireClaw,CloseCombat|||F|||50|,,,,,Dark]Dragapult||LifeOrb|ClearBody|DragonDarts,Uturn,Protect,TeraBlast|||M|||50|,,,,,Steel]Dondozo||Leftovers|Unaware|WaveCrash,Protect,HeavySlam,Earthquake|||F|||50|,,,,,Steel]Indeedee||FocusSash|PsychicSurge|ExpandingForce,Protect,TrickRoom,Imprison|||M|||50|,,,,,Ghost
|showteam|p2|Sneasler||FocusSash|PoisonTouch|FakeOut,CloseCombat,DireClaw,Taunt|||F|||50|,,,,,Ghost]Gholdengo||ChoiceSpecs|GoodasGold|MakeItRain,ShadowBall,DazzlingGleam,PowerGem||||||50|,,,,,Steel]Farigiraf||MentalHerb|ArmorTail|Psychic,Imprison,HelpingHand,TrickRoom|||M|||50|,,,,,Grass]Ursaluna-Bloodmoon||ThroatSpray|MindsEye|HyperVoice,EarthPower,BloodMoon,Protect|||M|||50|,,,,,Normal]Amoonguss||SitrusBerry|Regenerator|SludgeBomb,PollenPuff,Spore,RagePowder|||M|||50|,,,,,Water]Altaria||CovertCloak|CloudNine|BreakingSwipe,HelpingHand,Haze,Tailwind|||F|||50|,,,,,Water
|inactive|Battle timer is ON: inactive players will automatically lose when time's up. (requested by higigig)
|inactive|zessodotexe also wants the timer to be on.
|inactive|zessodotexe has 60 seconds left.
|inactive|higigig has 60 seconds left.
|
|t:|1756177538
|teamsize|p1|4
|teamsize|p2|4
|start
|switch|p1a: Sneasler|Sneasler, L50, F|100/100
|switch|p1b: Indeedee|Indeedee, L50, M|100/100
|switch|p2a: Farigiraf|Farigiraf, L50, M|100/100
|switch|p2b: Gholdengo|Gholdengo, L50|100/100
|-fieldstart|move: Psychic Terrain|[from] ability: Psychic Surge|[of] p1b: Indeedee
|-enditem|p1a: Sneasler|Psychic Seed
|-boost|p1a: Sneasler|spd|1|[from] item: Psychic Seed
|turn|1
|inactive|zessodotexe has 30 seconds left.
|inactive|higigig has 30 seconds left.
|inactive|higigig has 20 seconds left.
|
|t:|1756177573
|-terastallize|p1a: Sneasler|Dark
|-terastallize|p2b: Gholdengo|Steel
|move|p1a: Sneasler|Throat Chop|p2b: Gholdengo
|-damage|p2b: Gholdengo|54/100
|-start|p2b: Gholdengo|Throat Chop|[silent]
|move|p1b: Indeedee|Imprison|p1b: Indeedee
|-start|p1b: Indeedee|move: Imprison
|move|p2b: Gholdengo|Make It Rain|p1a: Sneasler|[spread] p1a,p1b
|-damage|p1a: Sneasler|16/100
|-enditem|p1b: Indeedee|Focus Sash
|-damage|p1b: Indeedee|1/100
|-unboost|p2b: Gholdengo|spa|1
|move|p2a: Farigiraf|Psychic|p1a: Sneasler
|-immune|p1a: Sneasler
|
|upkeep
|turn|2
|inactive|zessodotexe has 30 seconds left.
|
|t:|1756177599
|switch|p2b: Amoonguss|Amoonguss, L50, M|100/100
|move|p1a: Sneasler|Protect|p1a: Sneasler
|-singleturn|p1a: Sneasler|Protect
|move|p1b: Indeedee|Expanding Force|p2a: Farigiraf|[spread] p2a,p2b
|-resisted|p2a: Farigiraf
|-supereffective|p2b: Amoonguss
|-damage|p2a: Farigiraf|77/100
|-damage|p2b: Amoonguss|22/100
|-enditem|p2b: Amoonguss|Sitrus Berry|[eat]
|-heal|p2b: Amoonguss|47/100|[from] item: Sitrus Berry
|move|p2a: Farigiraf|Psychic|p1b: Indeedee
|-resisted|p1b: Indeedee
|-damage|p1b: Indeedee|0 fnt
|faint|p1b: Indeedee
|
|upkeep
|
|t:|1756177613
|switch|p1b: Dragapult|Dragapult, L50, M|100/100
|turn|3
|
|t:|1756177633
|move|p2b: Amoonguss|Rage Powder|p2b: Amoonguss
|-singleturn|p2b: Amoonguss|move: Rage Powder
|move|p1a: Sneasler|Dire Claw|p2b: Amoonguss
|-damage|p2b: Amoonguss|5/100
|-status|p2b: Amoonguss|par
|move|p1b: Dragapult|Dragon Darts|p2b: Amoonguss
|-damage|p2b: Amoonguss|0 fnt
|faint|p2b: Amoonguss
|-damage|p1b: Dragapult|91/100|[from] item: Life Orb
|move|p2a: Farigiraf|Trick Room|p2a: Farigiraf
|-fieldstart|move: Trick Room|[of] p2a: Farigiraf
|
|upkeep
|
|t:|1756177648
|switch|p2b: Ursaluna|Ursaluna-Bloodmoon, L50, M|100/100
|turn|4
|
|t:|1756177665
|move|p2a: Farigiraf|Psychic|p1b: Dragapult
|-damage|p1b: Dragapult|30/100
|move|p2b: Ursaluna|Hyper Voice|p1a: Sneasler|[spread] p1a,p1b
|-damage|p1a: Sneasler|0 fnt
|-damage|p1b: Dragapult|0 fnt
|faint|p1a: Sneasler
|faint|p1b: Dragapult
|-enditem|p2b: Ursaluna|Throat Spray
|-boost|p2b: Ursaluna|spa|1|[from] item: Throat Spray
|
|upkeep
|
|t:|1756177671
|switch|p1b: Annihilape|Annihilape, L50, F|100/100
|turn|5
|-message|zessodotexe forfeited.
|
|win|higigig
