|j|☆satandagiii2005
|j|☆lanagram
|html|satandagiii2005lanagram    
|uhtml|bestof|Game 1 of a best-of-3
|t:|1783214364
|gametype|doubles
|player|p1|satandagiii2005|byron|1137
|player|p2|lanagram|2|1039
|gen|9
|tier|[Gen 9 Champions] VGC 2026 Reg M-B (Bo3)
|rated|
|rule|Species Clause: Limit one of each Pokémon
|rule|Item Clause: Limit 1 of each item
|clearpoke
|poke|p1|Venusaur, L50, F|
|poke|p1|Swampert, L50, M|
|poke|p1|Pelipper, L50, M|
|poke|p1|Archaludon, L50, M|
|poke|p1|Maushold, L50|
|poke|p1|Gholdengo, L50|
|poke|p2|Metagross, L50|
|poke|p2|Sinistcha, L50|
|poke|p2|Archaludon, L50, F|
|poke|p2|Sneasler, L50, F|
|poke|p2|Pelipper, L50, M|
|poke|p2|Dragonite, L50, F|
|teampreview|4
|showteam|p1|Venusaur||Venusaurite|Overgrow|SludgeBomb,EarthPower,GigaDrain,Protect|Modest||F|||50|]Swampert||Swampertite|Torrent|WaveCrash,Earthquake,IcePunch,Protect|Adamant||M|||50|]Pelipper||SitrusBerry|Drizzle|Hurricane,WeatherBall,Tailwind,WideGuard|Modest||M|||50|]Archaludon||Leftovers|Stamina|ElectroShot,DragonPulse,FlashCannon,Protect|Modest||M|||50|]Maushold||FocusSash|FriendGuard|FollowMe,SuperFang,RainDance,Protect|Jolly|||||50|]Gholdengo||LifeOrb|GoodasGold|MakeItRain,ShadowBall,PowerGem,Protect|Timid|||||50|
|showteam|p2|Metagross||Metagrossite|ClearBody|PsychicFangs,StompingTantrum,BulletPunch,Protect|Jolly|||||50|]Sinistcha||KasibBerry|Hospitality|MatchaGotcha,ShadowBall,RagePowder,TrickRoom|Calm|||||50|]Archaludon||Leftovers|Stamina|ElectroShot,FlashCannon,AuraSphere,Protect|Modest||F|||50|]Sneasler||WhiteHerb|Unburden|CloseCombat,PoisonJab,FakeOut,Coaching|Jolly||F|||50|]Pelipper||FocusSash|Drizzle|Hurricane,Tailwind,WeatherBall,Protect|Modest||M|||50|]Dragonite||Dragoninite|Multiscale|DracoMeteor,ExtremeSpeed,Hurricane,RainDance|Modest||F|||50|
|inactive|Battle timer is ON: inactive players will automatically lose when time's up. (requested by satandagiii2005)
|
|t:|1783214405
|teamsize|p1|4
|teamsize|p2|4
|start
|switch|p1a: Maushold|Maushold, L50|100/100
|switch|p1b: Gholdengo|Gholdengo, L50|100/100
|switch|p2a: Sneasler|Sneasler, L50, F|100/100
|switch|p2b: Metagross|Metagross, L50|100/100
|turn|1
|inactive|satandagiii2005 has 30 seconds left.
|inactive|lanagram has 30 seconds left.
|inactive|lanagram has 20 seconds left.
|inactive|lanagram has 15 seconds left.
|inactive|lanagram has 10 seconds left.
|inactive|lanagram has 5 seconds left.
|
|t:|1783214456
|switch|p2b: Archaludon|Archaludon, L50, F|100/100
|move|p1a: Maushold|Protect|p1a: Maushold
|-singleturn|p1a: Maushold|Protect
|move|p2a: Sneasler|Close Combat|p1a: Maushold
|-activate|p1a: Maushold|move: Protect
|move|p1b: Gholdengo|Shadow Ball|p2b: Archaludon
|-damage|p2b: Archaludon|48/100
|-ability|p2b: Archaludon|Stamina|boost
|-boost|p2b: Archaludon|def|1
|-damage|p1b: Gholdengo|90/100|[from] item: Life Orb
|
|-heal|p2b: Archaludon|54/100|[from] item: Leftovers
|upkeep
|turn|2
|inactive|satandagiii2005 has 30 seconds left.
|inactive|satandagiii2005 has 20 seconds left.
|
|t:|1783214494
|move|p2b: Archaludon|Protect|p2b: Archaludon
|-singleturn|p2b: Archaludon|Protect
|move|p1a: Maushold|Follow Me|p1a: Maushold
|-singleturn|p1a: Maushold|move: Follow Me
|move|p2a: Sneasler|Close Combat|p1a: Maushold
|-supereffective|p1a: Maushold|1
|-enditem|p1a: Maushold|Focus Sash
|-damage|p1a: Maushold|1/100
|-unboost|p2a: Sneasler|def|1
|-unboost|p2a: Sneasler|spd|1
|-enditem|p2a: Sneasler|White Herb
|-clearnegativeboost|p2a: Sneasler|[silent]
|move|p1b: Gholdengo|Shadow Ball|p2b: Archaludon
|-activate|p2b: Archaludon|move: Protect
|
|-heal|p2b: Archaludon|60/100|[from] item: Leftovers
|upkeep
|turn|3
|inactive|lanagram has 30 seconds left.
|
|t:|1783214525
|switch|p2a: Dragonite|Dragonite, L50, F|100/100
|move|p1a: Maushold|Protect|p1a: Maushold
|-singleturn|p1a: Maushold|Protect
|move|p1b: Gholdengo|Shadow Ball|p2b: Archaludon
|-damage|p2b: Archaludon|6/100
|-ability|p2b: Archaludon|Stamina|boost
|-boost|p2b: Archaludon|def|1
|-damage|p1b: Gholdengo|81/100|[from] item: Life Orb
|move|p2b: Archaludon|Aura Sphere|p1a: Maushold
|-activate|p1a: Maushold|move: Protect
|
|-heal|p2b: Archaludon|12/100|[from] item: Leftovers
|upkeep
|turn|4
|
|t:|1783214550
|switch|p2b: Sneasler|Sneasler, L50, F|100/100
|detailschange|p2a: Dragonite|Dragonite-Mega, L50, F
|-mega|p2a: Dragonite|Dragonite|Dragoninite
|move|p1a: Maushold|Follow Me|p1a: Maushold
|-singleturn|p1a: Maushold|move: Follow Me
|move|p2a: Dragonite|Extreme Speed|p1a: Maushold
|-damage|p1a: Maushold|0 fnt
|faint|p1a: Maushold
|move|p1b: Gholdengo|Shadow Ball|p2b: Sneasler
|-damage|p2b: Sneasler|19/100
|-damage|p1b: Gholdengo|71/100|[from] item: Life Orb
|
|upkeep
|
|t:|1783214563
|switch|p1a: Swampert|Swampert, L50, M|100/100
|turn|5
|
|t:|1783214594
|switch|p2b: Archaludon|Archaludon, L50, F|12/100
|move|p1a: Swampert|Protect|p1a: Swampert
|-singleturn|p1a: Swampert|Protect
|move|p1b: Gholdengo|Shadow Ball|p2b: Archaludon
|-damage|p2b: Archaludon|0 fnt
|faint|p2b: Archaludon
|-damage|p1b: Gholdengo|62/100|[from] item: Life Orb
|move|p2a: Dragonite|Draco Meteor|p1a: Swampert
|-activate|p1a: Swampert|move: Protect
|
|upkeep
|
|t:|1783214606
|switch|p2b: Sneasler|Sneasler, L50, F|19/100
|turn|6
|
|t:|1783214615
|switch|p1a: Pelipper|Pelipper, L50, M|100/100
|-weather|RainDance|[from] ability: Drizzle|[of] p1a: Pelipper
|move|p2b: Sneasler|Close Combat|p1a: Pelipper
|-resisted|p1a: Pelipper|1
|-damage|p1a: Pelipper|66/100
|-unboost|p2b: Sneasler|def|1
|-unboost|p2b: Sneasler|spd|1
|move|p1b: Gholdengo|Power Gem|p2a: Dragonite
|-supereffective|p2a: Dragonite|1
|-damage|p2a: Dragonite|71/100
|-damage|p1b: Gholdengo|52/100|[from] item: Life Orb
|move|p2a: Dragonite|Hurricane|p1a: Pelipper
|-damage|p1a: Pelipper|0 fnt
|faint|p1a: Pelipper
|
|-weather|RainDance|[upkeep]
|upkeep
|
|t:|1783214631
|switch|p1a: Swampert|Swampert, L50, M|100/100
|turn|7
|
|t:|1783214651
|detailschange|p1a: Swampert|Swampert-Mega, L50, M
|-mega|p1a: Swampert|Swampert|Swampertite
|move|p1a: Swampert|Ice Punch|p2a: Dragonite
|-supereffective|p2a: Dragonite|2
|-damage|p2a: Dragonite|0 fnt
|faint|p2a: Dragonite
|move|p2b: Sneasler|Close Combat|p1a: Swampert
|-crit|p1a: Swampert
|-damage|p1a: Swampert|14/100
|-unboost|p2b: Sneasler|def|1
|-unboost|p2b: Sneasler|spd|1
|move|p1b: Gholdengo|Shadow Ball|p2b: Sneasler
|-damage|p2b: Sneasler|0 fnt
|faint|p2b: Sneasler
|-damage|p1b: Gholdengo|43/100|[from] item: Life Orb
|
|-weather|RainDance|[upkeep]
|upkeep
|
|t:|1783214658
|switch|p2b: Metagross|Metagross, L50|100/100
|turn|8
|
|t:|1783214672
|move|p2b: Metagross|Protect|p2b: Metagross
|-singleturn|p2b: Metagross|Protect
|move|p1a: Swampert|Wave Crash|p2b: Metagross
|-activate|p2b: Metagross|move: Protect
|move|p1b: Gholdengo|Shadow Ball|p2b: Metagross
|-activate|p2b: Metagross|move: Protect
|
|-weather|RainDance|[upkeep]
|upkeep
|turn|9
|
|t:|1783214684
|move|p1a: Swampert|Wave Crash|p2b: Metagross
|-damage|p2b: Metagross|6/100
|-damage|p1a: Swampert|0 fnt|[from] Recoil
|faint|p1a: Swampert
|move|p1b: Gholdengo|Shadow Ball|p2b: Metagross
|-supereffective|p2b: Metagross|1
|-damage|p2b: Metagross|0 fnt
|faint|p2b: Metagross
|-damage|p1b: Gholdengo|33/100|[from] item: Life Orb
|
|win|satandagiii2005
||satandagiii2005 is ready for game 2.
|inactive|lanagram has 30 seconds to confirm battle start!
||lanagram is ready for game 2.
|uhtml|next|Next: Game 2 of 3
