|j|☆gridius
|j|☆lettitripppp
|html|gridiuslettitripppp    
|uhtml|bestof|Game 2 of a best-of-3
|t:|1784159823
|gametype|doubles
|player|p1|gridius|266|1184
|player|p2|lettitripppp|lucas|1246
|gen|9
|tier|[Gen 9 Champions] VGC 2026 Reg M-B (Bo3)
|rated|
|rule|Species Clause: Limit one of each Pokémon
|rule|Item Clause: Limit 1 of each item
|clearpoke
|poke|p1|Kingambit, L50, M|
|poke|p1|Charizard, L50, M, shiny|
|poke|p1|Aerodactyl, L50, F|
|poke|p1|Farigiraf, L50, M|
|poke|p1|Garchomp, L50, F|
|poke|p1|Sylveon, L50, F, shiny|
|poke|p2|Charizard, L50, F, shiny|
|poke|p2|Basculegion, L50, M, shiny|
|poke|p2|Pelipper, L50, M|
|poke|p2|Venusaur, L50, F|
|poke|p2|Archaludon, L50, F|
|poke|p2|Grimmsnarl, L50, M, shiny|
|teampreview|4
|showteam|p1|Kingambit||FocusSash|Defiant|KowtowCleave,IronHead,SuckerPunch,LowKick|Adamant||M|||50|]Charizard||CharizarditeY|Blaze|Protect,SolarBeam,WeatherBall,HeatWave|Modest||M|||50|]Aerodactyl||Aerodactylite|Unnerve|RockSlide,DualWingbeat,IceFang,Tailwind|Jolly||F|||50|]Farigiraf||SitrusBerry|ArmorTail|Psychic,Thunderbolt,TrickRoom,SunnyDay|Bold||M|||50|]Garchomp||LifeOrb|RoughSkin|Protect,DragonClaw,RockSlide,Earthquake|Jolly||F|||50|]Sylveon||FairyFeather|Pixilate|Detect,HyperVoice,QuickAttack,HyperBeam|Modest||F|||50|
|showteam|p2|Charizard||CharizarditeY|Blaze|WeatherBall,SolarBeam,HeatWave,Protect|Modest||F|||50|]Basculegion||ChoiceScarf|Adaptability|LastRespects,WaveCrash,FlipTurn,AquaJet|Jolly||M|||50|]Pelipper||SitrusBerry|Drizzle|WeatherBall,WideGuard,Hurricane,Tailwind|Modest||M|||50|]Venusaur||FocusSash|Chlorophyll|SleepPowder,SludgeBomb,EarthPower,Protect|Modest||F|||50|]Archaludon||Leftovers|Stamina|FlashCannon,DragonPulse,ElectroShot,Protect|Calm||F|||50|]Grimmsnarl||LightClay|Prankster|PartingShot,LightScreen,SpiritBreak,Reflect|Relaxed||M|||50|
|inactive|Battle timer is ON: inactive players will automatically lose when time's up. (requested by lettitripppp)
|
|t:|1784159848
|teamsize|p1|4
|teamsize|p2|4
|start
|switch|p1a: Farigiraf|Farigiraf, L50, M|100/100
|switch|p1b: Charizard|Charizard, L50, M, shiny|100/100
|switch|p2a: AGNI|Charizard, L50, F, shiny|100/100
|switch|p2b: SOFT-SLEEP|Venusaur, L50, F|100/100
|turn|1
|inactive|gridius has 30 seconds left.
|
|t:|1784159879
|detailschange|p2a: AGNI|Charizard-Mega-Y, L50, F, shiny
|-mega|p2a: AGNI|Charizard|Charizardite Y
|-weather|SunnyDay|[from] ability: Drought|[of] p2a: AGNI
|move|p2b: SOFT-SLEEP|Sleep Powder|p1a: Farigiraf
|-status|p1a: Farigiraf|slp|[from] move: Sleep Powder
|move|p2a: AGNI|Weather Ball|p1a: Farigiraf
|-damage|p1a: Farigiraf|22/100 slp
|-enditem|p1a: Farigiraf|Sitrus Berry|[eat]
|-heal|p1a: Farigiraf|47/100 slp|[from] item: Sitrus Berry
|move|p1b: Charizard|Heat Wave|p2a: AGNI|[spread] p2b
|-miss|p1b: Charizard|p2a: AGNI
|-supereffective|p2b: SOFT-SLEEP|1
|-enditem|p2b: SOFT-SLEEP|Focus Sash
|-damage|p2b: SOFT-SLEEP|1/100
|cant|p1a: Farigiraf|slp
|
|-weather|SunnyDay|[upkeep]
|upkeep
|turn|2
|inactive|gridius has 30 seconds left.
|
|t:|1784159913
|move|p1b: Charizard|Protect|p1b: Charizard
|-singleturn|p1b: Charizard|Protect
|move|p2b: SOFT-SLEEP|Sleep Powder|p1b: Charizard
|-activate|p1b: Charizard|move: Protect
|move|p2a: AGNI|Heat Wave|p1a: Farigiraf|[spread] p1a
|-activate|p1b: Charizard|move: Protect
|-damage|p1a: Farigiraf|0 fnt
|faint|p1a: Farigiraf
|
|-weather|SunnyDay|[upkeep]
|upkeep
|
|t:|1784159923
|switch|p1a: Sylveon|Sylveon, L50, F, shiny|100/100
|turn|3
|
|t:|1784159938
|switch|p2b: GO JOHAN|Grimmsnarl, L50, M, shiny|100/100
|detailschange|p1b: Charizard|Charizard-Mega-Y, L50, M, shiny
|-mega|p1b: Charizard|Charizard|Charizardite Y
|move|p1a: Sylveon|Quick Attack|p2b: GO JOHAN
|-supereffective|p2b: GO JOHAN|1
|-damage|p2b: GO JOHAN|73/100
|move|p2a: AGNI|Heat Wave|p1b: Charizard|[spread] p1a,p1b
|-resisted|p1b: Charizard|1
|-damage|p1a: Sylveon|45/100
|-damage|p1b: Charizard|70/100
|move|p1b: Charizard|Weather Ball|p2a: AGNI
|-resisted|p2a: AGNI|1
|-damage|p2a: AGNI|58/100
|
|-weather|SunnyDay|[upkeep]
|upkeep
|turn|4
|
|t:|1784159958
|move|p1a: Sylveon|Detect|p1a: Sylveon
|-singleturn|p1a: Sylveon|Protect
|move|p2b: GO JOHAN|Light Screen|p2b: GO JOHAN
|-sidestart|p2: lettitripppp|move: Light Screen
|move|p1b: Charizard|Heat Wave|p2a: AGNI|[spread] p2a,p2b
|-resisted|p2a: AGNI|1
|-damage|p2a: AGNI|41/100
|-damage|p2b: GO JOHAN|32/100
|-status|p2b: GO JOHAN|brn
|move|p2a: AGNI|Heat Wave|p1b: Charizard|[spread] p1b
|-activate|p1a: Sylveon|move: Protect
|-resisted|p1b: Charizard|1
|-damage|p1b: Charizard|40/100
|
|-weather|SunnyDay|[upkeep]
|-damage|p2b: GO JOHAN|26/100 brn|[from] brn
|upkeep
|turn|5
|inactive|gridius has 30 seconds left.
|inactive|gridius has 20 seconds left.
|inactive|gridius has 15 seconds left.
|inactive|gridius has 10 seconds left.
|
|t:|1784160005
|move|p1a: Sylveon|Quick Attack|p2b: GO JOHAN
|-supereffective|p2b: GO JOHAN|1
|-damage|p2b: GO JOHAN|0 fnt
|faint|p2b: GO JOHAN
|move|p1b: Charizard|Heat Wave|p2a: AGNI|[miss]
|-miss|p1b: Charizard|p2a: AGNI
|move|p2a: AGNI|Heat Wave|p1a: Sylveon|[spread] p1a,p1b
|-resisted|p1b: Charizard|1
|-damage|p1a: Sylveon|0 fnt
|-damage|p1b: Charizard|8/100
|faint|p1a: Sylveon
|
|-weather|none
|upkeep
|
|t:|1784160016
|switch|p1a: Kingambit|Kingambit, L50, M|100/100
|switch|p2b: BEYOND BRIDGE|Archaludon, L50, F|100/100
|turn|6
|
|t:|1784160032
|move|p1b: Charizard|Heat Wave|p2a: AGNI|[spread] p2a,p2b
|-resisted|p2a: AGNI|1
|-damage|p2a: AGNI|28/100
|-damage|p2b: BEYOND BRIDGE|76/100
|-ability|p2b: BEYOND BRIDGE|Stamina|boost
|-boost|p2b: BEYOND BRIDGE|def|1
|move|p2a: AGNI|Heat Wave|p1b: Charizard|[spread] p1b
|-miss|p2a: AGNI|p1a: Kingambit
|-resisted|p1b: Charizard|1
|-damage|p1b: Charizard|0 fnt
|faint|p1b: Charizard
|move|p2b: BEYOND BRIDGE|Dragon Pulse|p1a: Kingambit
|-resisted|p1a: Kingambit|1
|-damage|p1a: Kingambit|77/100
|move|p1a: Kingambit|Low Kick|p2b: BEYOND BRIDGE
|-supereffective|p2b: BEYOND BRIDGE|1
|-damage|p2b: BEYOND BRIDGE|46/100
|-ability|p2b: BEYOND BRIDGE|Stamina|boost
|-boost|p2b: BEYOND BRIDGE|def|1
|
|-heal|p2b: BEYOND BRIDGE|52/100|[from] item: Leftovers
|upkeep
|turn|7
|-message|gridius forfeited.
|
|win|lettitripppp
|l|☆gridius
|player|p1|
