|j|☆Chivunk
|j|☆bananatreeenjoyer
|html|Chivunkbananatreeenjoyer    
|uhtml|bestof|Game 2 of a best-of-3
|t:|1756784872
|gametype|doubles
|player|p1|Chivunk|2|1019
|player|p2|bananatreeenjoyer|silver|1044
|gen|9
|tier|[Gen 9] VGC 2025 Reg H (Bo3)
|rated|
|rule|Species Clause: Limit one of each Pokémon
|rule|Item Clause: Limit 1 of each item
|clearpoke
|poke|p1|Farigiraf, L50, M|
|poke|p1|Tyranitar, L50, F|
|poke|p1|Incineroar, L50, M|
|poke|p1|Rillaboom, L50, M|
|poke|p1|Annihilape, L50, F|
|poke|p1|Primarina, L50, M|
|poke|p2|Gyarados, L50, M|
|poke|p2|Indeedee, L50, M|
|poke|p2|Sneasler, L50, F|
|poke|p2|Tyranitar, L50, M|
|poke|p2|Ursaluna-Bloodmoon, L50, M|
|poke|p2|Volcarona, L50, F|
|teampreview|4
|showteam|p1|Farigiraf||SitrusBerry|ArmorTail|TrickRoom,Psychic,Protect,HelpingHand|||M|||50|,,,,,Fairy]Tyranitar||AssaultVest|SandStream|BodyPress,RockSlide,Bulldoze,KnockOff|||F|||50|,,,,,Grass]Incineroar||SafetyGoggles|Intimidate|FakeOut,FlareBlitz,FlameCharge,PartingShot|||M|||50|,,,,,Ghost]Rillaboom||CovertCloak|GrassySurge|FakeOut,Uturn,GrassyGlide,WoodHammer|||M|||50|,,,,,Dragon]Annihilape||Leftovers|Defiant|DrainPunch,RageFist,BulkUp,Protect|||F|||50|,,,,,Water]Primarina||ThroatSpray|LiquidVoice|HyperVoice,Moonblast,Haze,Protect|||M|||50|,,,,,Poison
|showteam|p2|Gyarados||SafetyGoggles|Intimidate|Taunt,ThunderWave,Waterfall,Protect|||M|||50|,,,,,Steel]Indeedee||ChoiceScarf|PsychicSurge|ExpandingForce,TeraBlast,Trick,Protect|||M|||50|,,,,,Psychic]Sneasler||PsychicSeed|Unburden|CloseCombat,DireClaw,ThroatChop,Protect|||F|||50|,,,,,Dark]Tyranitar||AssaultVest|SandStream|LowKick,TeraBlast,KnockOff,RockSlide|||M|||50|,,,,,Flying]Ursaluna-Bloodmoon||LifeOrb|MindsEye|HyperVoice,BloodMoon,EarthPower,Protect|||M|||50|,,,,,Normal]Volcarona||SitrusBerry|FlameBody|Overheat,StruggleBug,RagePowder,Tailwind|||F|||50|,,,,,Grass
|inactive|Battle timer is ON: inactive players will automatically lose when time's up. (requested by bananatreeenjoyer)
|
|t:|1756784920
|teamsize|p1|4
|teamsize|p2|4
|start
|switch|p1a: Incineroar|Incineroar, L50, M|100/100
|switch|p1b: Primarina|Primarina, L50, M|100/100
|switch|p2a: Kalan|Volcarona, L50, F|100/100
|switch|p2b: Althair|Ursaluna-Bloodmoon, L50, M|100/100
|-ability|p1a: Incineroar|Intimidate|boost
|-unboost|p2a: Kalan|atk|1
|-unboost|p2b: Althair|atk|1
|turn|1
|
|t:|1756784943
|move|p2b: Althair|Protect|p2b: Althair
|-singleturn|p2b: Althair|Protect
|move|p1a: Incineroar|Fake Out|p2a: Kalan
|-damage|p2a: Kalan|82/100
|cant|p2a: Kalan|flinch
|move|p1b: Primarina|Hyper Voice|p2a: Kalan|[spread] p2a
|-activate|p2b: Althair|move: Protect
|-supereffective|p2a: Kalan
|-damage|p2a: Kalan|13/100
|-enditem|p2a: Kalan|Sitrus Berry|[eat]
|-heal|p2a: Kalan|38/100|[from] item: Sitrus Berry
|-enditem|p1b: Primarina|Throat Spray
|-boost|p1b: Primarina|spa|1|[from] item: Throat Spray
|
|upkeep
|turn|2
|inactive|Chivunk has 30 seconds left.
|
|t:|1756784971
|switch|p1a: Rillaboom|Rillaboom, L50, M|100/100
|-fieldstart|move: Grassy Terrain|[from] ability: Grassy Surge|[of] p1a: Rillaboom
|-terastallize|p2b: Althair|Normal
|move|p2a: Kalan|Tailwind|p2a: Kalan
|-sidestart|p2: bananatreeenjoyer|move: Tailwind
|move|p2b: Althair|Blood Moon|p1a: Rillaboom
|-damage|p1a: Rillaboom|0 fnt
|faint|p1a: Rillaboom
|-damage|p2b: Althair|91/100|[from] item: Life Orb
|move|p1b: Primarina|Hyper Voice|p2b: Althair|[spread] p2a,p2b
|-supereffective|p2a: Kalan
|-damage|p2a: Kalan|0 fnt
|-damage|p2b: Althair|25/100
|faint|p2a: Kalan
|
|-heal|p2b: Althair|31/100|[from] Grassy Terrain
|upkeep
|inactive|Chivunk has 30 seconds left.
|
|t:|1756785002
|switch|p2a: Herod|Sneasler, L50, F|100/100
|switch|p1a: Incineroar|Incineroar, L50, M|100/100
|-ability|p1a: Incineroar|Intimidate|boost
|-unboost|p2a: Herod|atk|1
|-unboost|p2b: Althair|atk|1
|turn|3
|inactive|Chivunk has 30 seconds left.
|
|t:|1756785036
|switch|p2b: Layton|Indeedee, L50, M|100/100
|-fieldstart|move: Psychic Terrain|[from] ability: Psychic Surge|[of] p2b: Layton
|-enditem|p2a: Herod|Psychic Seed
|-boost|p2a: Herod|spd|1|[from] item: Psychic Seed
|move|p1a: Incineroar|Fake Out|p2a: Herod
|-activate|p2a: Herod|move: Psychic Terrain
|move|p2a: Herod|Dire Claw|p1b: Primarina
|-supereffective|p1b: Primarina
|-damage|p1b: Primarina|35/100
|-status|p1b: Primarina|slp
|cant|p1b: Primarina|slp
|
|upkeep
|turn|4
|inactive|Chivunk has 30 seconds left.
|
|t:|1756785062
|-curestatus|p1b: Primarina|slp|[msg]
|move|p1b: Primarina|Protect|p1b: Primarina
|-singleturn|p1b: Primarina|Protect
|move|p2a: Herod|Close Combat|p1a: Incineroar
|-supereffective|p1a: Incineroar
|-damage|p1a: Incineroar|11/100
|-unboost|p2a: Herod|def|1
|-unboost|p2a: Herod|spd|1
|move|p2b: Layton|Expanding Force|p1b: Primarina|[spread] 
|-activate|p1b: Primarina|move: Protect
|-immune|p1a: Incineroar
|move|p1a: Incineroar|Flare Blitz|p2a: Herod
|-damage|p2a: Herod|0 fnt
|faint|p2a: Herod
|-damage|p1a: Incineroar|0 fnt|[from] Recoil
|faint|p1a: Incineroar
|
|upkeep
|
|t:|1756785083
|switch|p2a: Althair|Ursaluna-Bloodmoon, L50, M, tera:Normal|31/100
|switch|p1a: Annihilape|Annihilape, L50, F|100/100
|turn|5
|
|t:|1756785096
|move|p1a: Annihilape|Protect|p1a: Annihilape
|-singleturn|p1a: Annihilape|Protect
|move|p1b: Primarina|Protect|p1b: Primarina
|-singleturn|p1b: Primarina|Protect
|move|p2b: Layton|Expanding Force|p1a: Annihilape|[spread] 
|-activate|p1a: Annihilape|move: Protect
|-activate|p1b: Primarina|move: Protect
|move|p2a: Althair|Hyper Voice|p1b: Primarina|[spread] 
|-activate|p1a: Annihilape|move: Protect
|-activate|p1b: Primarina|move: Protect
|
|-sideend|p2: bananatreeenjoyer|move: Tailwind
|upkeep
|turn|6
|inactive|Chivunk has 30 seconds left.
|
|t:|1756785129
|move|p2b: Layton|Expanding Force|p1b: Primarina|[spread] p1a,p1b
|-supereffective|p1a: Annihilape
|-damage|p1a: Annihilape|2/100
|-damage|p1b: Primarina|0 fnt
|faint|p1b: Primarina
|move|p1a: Annihilape|Drain Punch|p2a: Althair
|-supereffective|p2a: Althair
|-crit|p2a: Althair
|-damage|p2a: Althair|0 fnt
|-heal|p1a: Annihilape|16/100|[from] drain|[of] p2a: Althair
|faint|p2a: Althair
|
|-heal|p1a: Annihilape|23/100|[from] item: Leftovers
|upkeep
|turn|7
|l|☆bananatreeenjoyer
|inactive|bananatreeenjoyer disconnected and has a minute to reconnect!
|player|p2|
|inactive|bananatreeenjoyer has 30 seconds left.
|inactive|bananatreeenjoyer has 20 seconds left.
|inactive|bananatreeenjoyer has 15 seconds left.
|inactive|bananatreeenjoyer has 10 seconds left.
|inactive|bananatreeenjoyer has 5 seconds left.
|-message|bananatreeenjoyer lost due to inactivity.
|
|win|Chivunk
||Chivunk is ready for game 3.
|inactive|bananatreeenjoyer has 15 seconds to reconnect!
|inactive|bananatreeenjoyer has 5 seconds to reconnect!
|raw|Chivunk's rating: 1019 → 1059(+40 for winning)
|raw|bananatreeenjoyer's rating: 1044 → 1026(-18 for losing)
