|j|‽godbroj
|j|☆PalitinhoPJL
|html|godbrojPalitinhoPJL    
|uhtml|bestof|Game 3 of a best-of-3
|t:|1757124572
|gametype|doubles
|player|p1|godbroj|maid|1049
|player|p2|PalitinhoPJL|silver|1039
|gen|9
|tier|[Gen 9] VGC 2025 Reg H (Bo3)
|rated|
|rule|Species Clause: Limit one of each Pokémon
|rule|Item Clause: Limit 1 of each item
|clearpoke
|poke|p1|Tyranitar, L50, M|
|poke|p1|Excadrill, L50, M|
|poke|p1|Talonflame, L50, F|
|poke|p1|Hydreigon, L50, M|
|poke|p1|Armarouge, L50, M|
|poke|p1|Indeedee-F, L50, F|
|poke|p2|Krookodile, L50, M|
|poke|p2|Ninetales-Alola, L50, F|
|poke|p2|Dragonite, L50, M|
|poke|p2|Rillaboom, L50, M|
|poke|p2|Volcarona, L50, F|
|poke|p2|Palafin, L50, F|
|teampreview|4
|showteam|p1|Tyranitar||AssaultVest|SandStream|LowKick,RockSlide,TeraBlast,KnockOff|||M|||50|,,,,,Flying]Excadrill||ClearAmulet|SandRush|Protect,IronHead,RockSlide,Earthquake|||M|||50|,,,,,Ghost]Talonflame||CovertCloak|FlameBody|Tailwind,BraveBird,SunnyDay,WillOWisp|||F|||50|,,,,,Electric]Hydreigon||ChoiceSpecs|Levitate|EarthPower,DarkPulse,HeatWave,DracoMeteor|||M|||50|,,,,,Fire]Armarouge||TwistedSpoon|FlashFire|Protect,AuraSphere,ArmorCannon,ExpandingForce|||M|||50|,,,,,Psychic]Indeedee-F||SafetyGoggles|PsychicSurge|FollowMe,TrickRoom,HelpingHand,DazzlingGleam|||F|||50|,,,,,Psychic
|showteam|p2|Krookodile||MirrorHerb|Intimidate|Earthquake,Protect,KnockOff,HighHorsepower|||M|||50|,,,,,Poison]Ninetales-Alola||LightClay|SnowWarning|AuroraVeil,FreezeDry,Moonblast,IcyWind|||F|||50|,,,,,Ice]Dragonite||LoadedDice|Multiscale|ScaleShot,Protect,Tailwind,ExtremeSpeed|||M|||50|,,,,,Fairy]Rillaboom||AssaultVest|GrassySurge|WoodHammer,GrassyGlide,FakeOut,Uturn|||M|||50|,,,,,Fire]Volcarona||Leftovers|FlameBody|QuiverDance,HeatWave,Protect,GigaDrain|||F|||50|,,,,,Fairy]Palafin||ChoiceBand|ZerotoHero|JetPunch,WaveCrash,FlipTurn,CloseCombat|||F|||50|,,,,,Water
|inactive|Battle timer is ON: inactive players will automatically lose when time's up. (requested by PalitinhoPJL)
|
|t:|1757124614
|teamsize|p1|4
|teamsize|p2|4
|start
|switch|p1a: Talonflame|Talonflame, L50, F, shiny|100/100
|switch|p1b: Indeedee|Indeedee-F, L50, F|100/100
|switch|p2a: Kong|Rillaboom, L50, M|100/100
|switch|p2b: Palafin|Palafin, L50, F|100/100
|-fieldstart|move: Grassy Terrain|[from] ability: Grassy Surge|[of] p2a: Kong
|-fieldstart|move: Psychic Terrain|[from] ability: Psychic Surge|[of] p1b: Indeedee
|turn|1
|inactive|godbroj has 30 seconds left.
|
|t:|1757124640
|switch|p1b: Hydreigon|Hydreigon, L50, M, shiny|100/100
|move|p2a: Kong|Fake Out|p1a: Talonflame
|-hint|Psychic Terrain doesn't affect Pokémon immune to Ground.
|-damage|p1a: Talonflame|82/100
|move|p1a: Talonflame|Will-O-Wisp|p2b: Palafin
|-status|p2b: Palafin|brn
|move|p2b: Palafin|Flip Turn|p1a: Talonflame
|-supereffective|p1a: Talonflame
|-damage|p1a: Talonflame|40/100
|
|t:|1757124652
|detailschange|p2b: Palafin|Palafin-Hero, L50, F
|switch|p2b: Mr.Aura|Krookodile, L50, M|100/100|[from] Flip Turn
|-ability|p2b: Mr.Aura|Intimidate|boost
|-unboost|p1a: Talonflame|atk|1
|-unboost|p1b: Hydreigon|atk|1
|
|upkeep
|turn|2
|
|t:|1757124666
|switch|p2b: The Queen|Volcarona, L50, F, shiny|100/100
|-terastallize|p1b: Hydreigon|Fire
|move|p1a: Talonflame|Will-O-Wisp|p2b: The Queen
|-immune|p2b: The Queen
|move|p1b: Hydreigon|Heat Wave|p2a: Kong|[spread] p2a,p2b
|-supereffective|p2a: Kong
|-damage|p2a: Kong|18/100
|-damage|p2b: The Queen|48/100
|move|p2a: Kong|U-turn|p1b: Hydreigon
|-resisted|p1b: Hydreigon
|-damage|p1b: Hydreigon|86/100
|
|t:|1757124677
|switch|p2a: Palafin|Palafin-Hero, L50, F|100/100 brn|[from] U-turn
|-activate|p2a: Palafin|ability: Zero to Hero
|
|-heal|p2b: The Queen|54/100|[from] item: Leftovers
|-damage|p2a: Palafin|94/100 brn|[from] brn
|upkeep
|turn|3
|
|t:|1757124688
|switch|p1b: Indeedee|Indeedee-F, L50, F|100/100
|move|p2b: The Queen|Protect|p2b: The Queen
|-singleturn|p2b: The Queen|Protect
|move|p2a: Palafin|Jet Punch|p1b: Indeedee
|-activate|p1b: Indeedee|move: Psychic Terrain
|move|p1a: Talonflame|Brave Bird|p2b: The Queen
|-activate|p2b: The Queen|move: Protect
|
|-heal|p2b: The Queen|60/100|[from] item: Leftovers
|-damage|p2a: Palafin|88/100 brn|[from] brn
|upkeep
|turn|4
|
|t:|1757124705
|switch|p1b: Hydreigon|Hydreigon, L50, M, shiny, tera:Fire|86/100
|move|p2a: Palafin|Jet Punch|p1a: Talonflame
|-hint|Psychic Terrain doesn't affect Pokémon immune to Ground.
|-supereffective|p1a: Talonflame
|-damage|p1a: Talonflame|0 fnt
|faint|p1a: Talonflame
|move|p2b: The Queen|Quiver Dance|p2b: The Queen
|-boost|p2b: The Queen|spa|1
|-boost|p2b: The Queen|spd|1
|-boost|p2b: The Queen|spe|1
|
|-heal|p2b: The Queen|66/100|[from] item: Leftovers
|-damage|p2a: Palafin|82/100 brn|[from] brn
|upkeep
|
|t:|1757124717
|switch|p1a: Indeedee|Indeedee-F, L50, F|100/100
|turn|5
|
|t:|1757124741
|move|p1a: Indeedee|Follow Me|p1a: Indeedee
|-singleturn|p1a: Indeedee|move: Follow Me
|move|p2a: Palafin|Jet Punch|p1a: Indeedee
|-activate|p1a: Indeedee|move: Psychic Terrain
|move|p2b: The Queen|Heat Wave|p1a: Indeedee|[spread] p1a
|-miss|p2b: The Queen|p1b: Hydreigon
|-damage|p1a: Indeedee|50/100
|move|p1b: Hydreigon|Draco Meteor|p2a: Palafin
|-damage|p2a: Palafin|0 fnt
|-unboost|p1b: Hydreigon|spa|2
|faint|p2a: Palafin
|
|-heal|p2b: The Queen|72/100|[from] item: Leftovers
|-fieldend|move: Psychic Terrain
|upkeep
|
|t:|1757124749
|switch|p2a: Kong|Rillaboom, L50, M|18/100
|-fieldstart|move: Grassy Terrain|[from] ability: Grassy Surge|[of] p2a: Kong
|turn|6
|
|t:|1757124769
|switch|p1a: Armarouge|Armarouge, L50, M, shiny|100/100
|move|p2a: Kong|Fake Out|p1a: Armarouge
|-damage|p1a: Armarouge|87/100
|move|p2b: The Queen|Heat Wave|p1b: Hydreigon|[spread] p1b
|-start|p1a: Armarouge|ability: Flash Fire
|-resisted|p1b: Hydreigon
|-damage|p1b: Hydreigon|58/100
|move|p1b: Hydreigon|Draco Meteor|p2a: Kong
|-damage|p2a: Kong|0 fnt
|-unboost|p1b: Hydreigon|spa|2
|faint|p2a: Kong
|
|-heal|p2b: The Queen|79/100|[from] Grassy Terrain
|-heal|p2b: The Queen|85/100|[from] item: Leftovers
|-heal|p1a: Armarouge|93/100|[from] Grassy Terrain
|upkeep
|
|t:|1757124781
|switch|p2a: Mr.Aura|Krookodile, L50, M|100/100
|-ability|p2a: Mr.Aura|Intimidate|boost
|-unboost|p1a: Armarouge|atk|1
|-unboost|p1b: Hydreigon|atk|1
|turn|7
|
|t:|1757124790
|switch|p1b: Indeedee|Indeedee-F, L50, F|50/100
|-fieldstart|move: Psychic Terrain|[from] ability: Psychic Surge|[of] p1b: Indeedee
|move|p2b: The Queen|Protect|p2b: The Queen
|-singleturn|p2b: The Queen|Protect
|move|p1a: Armarouge|Protect|p1a: Armarouge
|-singleturn|p1a: Armarouge|Protect
|move|p2a: Mr.Aura|Earthquake|p1a: Armarouge|[spread] p1b
|-activate|p2b: The Queen|move: Protect
|-activate|p1a: Armarouge|move: Protect
|-damage|p1b: Indeedee|17/100
|
|-heal|p2b: The Queen|91/100|[from] item: Leftovers
|upkeep
|turn|8
|inactive|godbroj has 30 seconds left.
|inactive|PalitinhoPJL has 30 seconds left.
|inactive|godbroj has 20 seconds left.
|inactive|godbroj has 15 seconds left.
|
|t:|1757124831
|move|p1b: Indeedee|Follow Me|p1b: Indeedee
|-singleturn|p1b: Indeedee|move: Follow Me
|move|p2b: The Queen|Giga Drain|p1b: Indeedee
|-damage|p1b: Indeedee|0 fnt
|-heal|p2b: The Queen|99/100|[from] drain|[of] p1b: Indeedee
|faint|p1b: Indeedee
|move|p2a: Mr.Aura|Knock Off|p1a: Armarouge
|-supereffective|p1a: Armarouge
|-damage|p1a: Armarouge|0 fnt
|-enditem|p1a: Armarouge|Twisted Spoon|[from] move: Knock Off|[of] p2a: Mr.Aura
|faint|p1a: Armarouge
|
|-heal|p2b: The Queen|100/100|[from] item: Leftovers
|upkeep
|
|t:|1757124843
|switch|p1b: Hydreigon|Hydreigon, L50, M, shiny, tera:Fire|58/100
|turn|9
|
|t:|1757124852
|move|p2b: The Queen|Protect|p2b: The Queen
|-singleturn|p2b: The Queen|Protect
|move|p2a: Mr.Aura|Knock Off|p1b: Hydreigon
|-damage|p1b: Hydreigon|4/100
|-enditem|p1b: Hydreigon|Choice Specs|[from] move: Knock Off|[of] p2a: Mr.Aura
|move|p1b: Hydreigon|Earth Power|p2b: The Queen
|-activate|p2b: The Queen|move: Protect
|
|upkeep
|turn|10
|-message|godbroj forfeited.
|
|win|PalitinhoPJL
|raw|godbroj's rating: 1049 → 1031(-18 for losing)
|raw|PalitinhoPJL's rating: 1039 → 1074(+35 for winning)
|l|‽godbroj
|player|p1|
