|j|☆kerzz49
|j|☆munjah 14
|html|kerzz49munjah 14    
|uhtml|bestof|Game 2 of a best-of-3
|t:|1785423590
|gametype|doubles
|player|p1|kerzz49|cilan|1239
|player|p2|munjah 14|101|1287
|gen|9
|tier|[Gen 9 Champions] VGC 2026 Reg M-B (Bo3)
|rated|
|rule|Species Clause: Limit one of each Pokémon
|rule|Item Clause: Limit 1 of each item
|clearpoke
|poke|p1|Kingambit, L50, M|
|poke|p1|Gardevoir, L50, M|
|poke|p1|Talonflame, L50, F|
|poke|p1|Maushold, L50|
|poke|p1|Basculegion, L50, M|
|poke|p1|Garchomp, L50, M|
|poke|p2|Tyranitar, L50, F, shiny|
|poke|p2|Sneasler, L50, F, shiny|
|poke|p2|Rotom-Wash, L50, shiny|
|poke|p2|Arcanine-Hisui, L50, F, shiny|
|poke|p2|Sinistcha-Masterpiece, L50, shiny|
|poke|p2|Staraptor, L50, M, shiny|
|teampreview|4
|showteam|p1|Kingambit||FocusSash|Defiant|KowtowCleave,IronHead,SuckerPunch,LowKick|Adamant||M|||50|]Gardevoir||Gardevoirite|Telepathy|HyperVoice,Psyshock,TrickRoom,Protect|Modest||M|||50|]Talonflame||LifeOrb|GaleWings|DualWingbeat,FlareBlitz,Tailwind,Protect|Jolly||F|||50|]Maushold||ChopleBerry|FriendGuard|Feint,SuperFang,FollowMe,Protect|Impish|||||50|]Basculegion||MysticWater|Adaptability|WaveCrash,LastRespects,AquaJet,Protect|Adamant||M|||50|]Garchomp||SitrusBerry|RoughSkin|Earthquake,StompingTantrum,RockTomb,Protect|Jolly||M|||50|
|showteam|p2|Tyranitar||Tyranitarite|SandStream|DragonDance,RockSlide,KnockOff,Protect|Jolly||F|||50|]Sneasler||WhiteHerb|Unburden|FakeOut,CloseCombat,DireClaw,Protect|Jolly||F|||50|]Rotom-Wash||WideLens|Levitate|HydroPump,Thunderbolt,WillOWisp,VoltSwitch|Modest|||||50|]Arcanine-Hisui||FocusSash|RockHead|FlareBlitz,HeadSmash,ExtremeSpeed,Protect|Jolly||F|||50|]Sinistcha-Masterpiece||SitrusBerry|Hospitality|MatchaGotcha,TrickRoom,RagePowder,Protect|Calm|||||50|]Staraptor||Staraptite|Intimidate|CloseCombat,BraveBird,Tailwind,Protect|Jolly||M|||50|
|inactive|Battle timer is ON: inactive players will automatically lose when time's up. (requested by munjah 14)
|
|t:|1785423648
|teamsize|p1|4
|teamsize|p2|4
|start
|switch|p1a: Gardevoir|Gardevoir, L50, M|100/100
|switch|p1b: Maushold|Maushold, L50|100/100
|switch|p2a: Rotom|Rotom-Wash, L50, shiny|100/100
|switch|p2b: Sneasler|Sneasler, L50, F, shiny|100/100
|turn|1
|
|t:|1785423666
|move|p1b: Maushold|Protect|p1b: Maushold
|-singleturn|p1b: Maushold|Protect
|move|p1a: Gardevoir|Protect|p1a: Gardevoir
|-singleturn|p1a: Gardevoir|Protect
|move|p2b: Sneasler|Close Combat|p1b: Maushold
|-activate|p1b: Maushold|move: Protect
|move|p2a: Rotom|Thunderbolt|p1a: Gardevoir
|-activate|p1a: Gardevoir|move: Protect
|
|upkeep
|turn|2
|inactive|kerzz49 has 30 seconds left.
|inactive|kerzz49 has 20 seconds left.
|inactive|kerzz49 has 15 seconds left.
|inactive|munjah 14 has 30 seconds left.
|inactive|kerzz49 has 10 seconds left.
|
|t:|1785423713
|detailschange|p1a: Gardevoir|Gardevoir-Mega, L50, M
|-mega|p1a: Gardevoir|Gardevoir|Gardevoirite
|move|p1b: Maushold|Follow Me|p1b: Maushold
|-singleturn|p1b: Maushold|move: Follow Me
|move|p2b: Sneasler|Dire Claw|p1b: Maushold
|-damage|p1b: Maushold|60/100
|move|p1a: Gardevoir|Hyper Voice|p2a: Rotom|[spread] p2a,p2b
|-damage|p2a: Rotom|55/100
|-damage|p2b: Sneasler|31/100
|move|p2a: Rotom|Volt Switch|p1b: Maushold
|-damage|p1b: Maushold|23/100
|
|t:|1785423725
|switch|p2a: Sinistcha|Sinistcha-Masterpiece, L50, shiny|100/100|[from] Volt Switch
|-heal|p2b: Sneasler|56/100|[from] ability: Hospitality|[of] p2a: Sinistcha
|
|upkeep
|turn|3
|
|t:|1785423741
|move|p2b: Sneasler|Protect|p2b: Sneasler
|-singleturn|p2b: Sneasler|Protect
|move|p1b: Maushold|Follow Me|p1b: Maushold
|-singleturn|p1b: Maushold|move: Follow Me
|move|p1a: Gardevoir|Hyper Voice|p2b: Sneasler|[spread] p2a
|-activate|p2b: Sneasler|move: Protect
|-damage|p2a: Sinistcha|52/100
|move|p2a: Sinistcha|Matcha Gotcha|p1a: Gardevoir|[spread] p1a,p1b
|-damage|p1a: Gardevoir|83/100
|-heal|p2a: Sinistcha|61/100|[from] drain|[of] p1a: Gardevoir
|-damage|p1b: Maushold|0 fnt
|-heal|p2a: Sinistcha|73/100|[from] drain|[of] p1b: Maushold
|-status|p1a: Gardevoir|brn
|faint|p1b: Maushold
|
|-damage|p1a: Gardevoir|77/100 brn|[from] brn
|upkeep
|
|t:|1785423747
|switch|p1b: Talonflame|Talonflame, L50, F|100/100
|turn|4
|inactive|munjah 14 has 30 seconds left.
|
|t:|1785423775
|switch|p2a: Rotom|Rotom-Wash, L50, shiny|55/100
|move|p1b: Talonflame|Dual Wingbeat|p2b: Sneasler
|-supereffective|p2b: Sneasler|1
|-damage|p2b: Sneasler|0 fnt
|faint|p2b: Sneasler
|-hitcount|p2: Sneasler|1
|-damage|p1b: Talonflame|90/100|[from] item: Life Orb
|move|p1a: Gardevoir|Hyper Voice|p2a: Rotom
|-damage|p2a: Rotom|0 fnt
|faint|p2a: Rotom
|
|-damage|p1a: Gardevoir|72/100 brn|[from] brn
|upkeep
|
|t:|1785423783
|switch|p2b: Staraptor|Staraptor, L50, M, shiny|100/100
|switch|p2a: Sinistcha|Sinistcha-Masterpiece, L50, shiny|73/100
|-ability|p2b: Staraptor|Intimidate|boost
|-unboost|p1a: Gardevoir|atk|1
|-unboost|p1b: Talonflame|atk|1
|turn|5
|
|t:|1785423801
|detailschange|p2b: Staraptor|Staraptor-Mega, L50, M, shiny
|-mega|p2b: Staraptor|Staraptor|Staraptite
|move|p2a: Sinistcha|Protect|p2a: Sinistcha
|-singleturn|p2a: Sinistcha|Protect
|move|p1b: Talonflame|Tailwind|p1b: Talonflame
|-sidestart|p1: kerzz49|move: Tailwind
|move|p1a: Gardevoir|Hyper Voice|p2b: Staraptor|[spread] p2b
|-activate|p2a: Sinistcha|move: Protect
|-supereffective|p2b: Staraptor|1
|-damage|p2b: Staraptor|0 fnt
|faint|p2b: Staraptor
|
|-damage|p1a: Gardevoir|66/100 brn|[from] brn
|upkeep
|turn|6
|-message|munjah 14 forfeited.
|
|win|kerzz49
|raw|kerzz49's rating: 1239 → 1267(+28 for winning)
|raw|munjah 14's rating: 1287 → 1259(-28 for losing)
|l|☆munjah 14
|player|p2|
