|j|☆cm3112
|j|☆Mamoswinefanboi
|html|cm3112Mamoswinefanboi    
|uhtml|bestof|Game 1 of a best-of-3
|t:|1757839006
|gametype|doubles
|player|p1|cm3112|101|1399
|player|p2|Mamoswinefanboi|102|1462
|gen|9
|tier|[Gen 9] VGC 2025 Reg H (Bo3)
|rated|
|rule|Species Clause: Limit one of each Pokémon
|rule|Item Clause: Limit 1 of each item
|clearpoke
|poke|p1|Archaludon, L50, M|
|poke|p1|Maushold-Four, L50|
|poke|p1|Pelipper, L50, M|
|poke|p1|Basculegion, L50, M|
|poke|p1|Incineroar, L50, M|
|poke|p1|Weezing-Galar, L50, M|
|poke|p2|Dragonite, L50, M|
|poke|p2|Gholdengo, L50|
|poke|p2|Rillaboom, L50, F|
|poke|p2|Ursaluna-Bloodmoon, L50, M|
|poke|p2|Incineroar, L50, F|
|poke|p2|Sneasler, L50, M|
|teampreview|4
|showteam|p1|Archaludon||AssaultVest|Stamina|FlashCannon,ElectroShot,DracoMeteor,BodyPress|||M|||50|,,,,,Fairy]Maushold-Four||WideLens|Technician|PopulationBomb,Taunt,FollowMe,Protect||||||50|,,,,,Ghost]Pelipper||FocusSash|Drizzle|MuddyWater,Hurricane,WideGuard,Protect|||M|||50|,,,,,Grass]Basculegion||ChoiceBand|SwiftSwim|WaveCrash,FlipTurn,AquaJet,LastRespects|||M|||50|,,,,,Grass]Incineroar||AbilityShield|Intimidate|FakeOut,PartingShot,KnockOff,WillOWisp|||M|||50|,,,,,Bug]Weezing-Galar||RockyHelmet|NeutralizingGas|SludgeBomb,DazzlingGleam,Haze,Protect|||M|||50|,,,,,Grass
|showteam|p2|Dragonite||LoadedDice|Multiscale|Tailwind,Haze,Protect,ScaleShot|||M|||50|,,,,,Fairy]Gholdengo||LifeOrb|GoodasGold|MakeItRain,ShadowBall,NastyPlot,Protect||||||50|,,,,,Water]Rillaboom||MiracleSeed|GrassySurge|WoodHammer,GrassyGlide,FakeOut,HighHorsepower|||F|||50|,,,,,Fire]Ursaluna-Bloodmoon||AssaultVest|MindsEye|BloodMoon,EarthPower,HyperVoice,VacuumWave|||M|||50|,,,,,Bug]Incineroar||SafetyGoggles|Intimidate|FakeOut,FlareBlitz,KnockOff,PartingShot|||F|||50|,,,,,Ghost]Sneasler||GrassySeed|Unburden|CloseCombat,DireClaw,ThroatChop,Protect|||M|||50|,,,,,Dark
|inactive|Battle timer is ON: inactive players will automatically lose when time's up. (requested by cm3112)
|
|t:|1757839027
|teamsize|p1|4
|teamsize|p2|4
|start
|switch|p1a: Maushold|Maushold-Four, L50|100/100
|switch|p1b: Pelipper|Pelipper, L50, M|100/100
|switch|p2a: Dragonite|Dragonite, L50, M|100/100
|switch|p2b: Ursaluna|Ursaluna-Bloodmoon, L50, M|100/100
|-weather|RainDance|[from] ability: Drizzle|[of] p1b: Pelipper
|turn|1
|
|t:|1757839036
|switch|p2b: Incineroar|Incineroar, L50, F|100/100
|-ability|p2b: Incineroar|Intimidate|boost
|-unboost|p1a: Maushold|atk|1
|-unboost|p1b: Pelipper|atk|1
|move|p1a: Maushold|Population Bomb|p2b: Incineroar
|-damage|p2b: Incineroar|94/100
|-damage|p2b: Incineroar|86/100
|-damage|p2b: Incineroar|79/100
|-damage|p2b: Incineroar|71/100
|-damage|p2b: Incineroar|64/100
|-damage|p2b: Incineroar|57/100
|-damage|p2b: Incineroar|49/100
|-damage|p2b: Incineroar|42/100
|-damage|p2b: Incineroar|35/100
|-damage|p2b: Incineroar|29/100
|-hitcount|p2b: Incineroar|10
|move|p2a: Dragonite|Scale Shot|p1b: Pelipper
|-damage|p1b: Pelipper|80/100
|-damage|p1b: Pelipper|59/100
|-damage|p1b: Pelipper|41/100
|-damage|p1b: Pelipper|23/100
|-damage|p1b: Pelipper|2/100
|-hitcount|p1b: Pelipper|5
|-unboost|p2a: Dragonite|def|1
|-boost|p2a: Dragonite|spe|1
|move|p1b: Pelipper|Muddy Water|p2b: Incineroar|[spread] p2a
|-miss|p1b: Pelipper|p2b: Incineroar
|-resisted|p2a: Dragonite
|-damage|p2a: Dragonite|87/100
|
|-weather|RainDance|[upkeep]
|upkeep
|turn|2
|inactive|cm3112 has 30 seconds left.
|inactive|cm3112 has 20 seconds left.
|
|t:|1757839072
|switch|p1b: Incineroar|Incineroar, L50, M|100/100
|-ability|p1b: Incineroar|Intimidate|boost
|-unboost|p2a: Dragonite|atk|1
|-unboost|p2b: Incineroar|atk|1
|-terastallize|p1a: Maushold|Ghost
|move|p2b: Incineroar|Fake Out|p1b: Incineroar
|-damage|p1b: Incineroar|95/100
|move|p2a: Dragonite|Scale Shot|p1a: Maushold
|-damage|p1a: Maushold|84/100
|-damage|p1a: Maushold|68/100
|-damage|p1a: Maushold|52/100
|-damage|p1a: Maushold|37/100
|-damage|p1a: Maushold|20/100
|-hitcount|p1a: Maushold|5
|-unboost|p2a: Dragonite|def|1
|-boost|p2a: Dragonite|spe|1
|move|p1a: Maushold|Population Bomb|p2a: Dragonite
|-damage|p2a: Dragonite|71/100
|-damage|p2a: Dragonite|54/100
|-damage|p2a: Dragonite|36/100
|-damage|p2a: Dragonite|20/100
|-damage|p2a: Dragonite|3/100
|-damage|p2a: Dragonite|0 fnt
|faint|p2a: Dragonite
|-hitcount|p2: Dragonite|6
|
|-weather|RainDance|[upkeep]
|upkeep
|
|t:|1757839079
|switch|p2a: Ursaluna|Ursaluna-Bloodmoon, L50, M|100/100
|turn|3
|
|t:|1757839103
|switch|p2b: Rillaboom|Rillaboom, L50, F|100/100
|-fieldstart|move: Grassy Terrain|[from] ability: Grassy Surge|[of] p2b: Rillaboom
|move|p1b: Incineroar|Fake Out|p2a: Ursaluna
|-damage|p2a: Ursaluna|94/100
|move|p1a: Maushold|Population Bomb|p2a: Ursaluna|[miss]
|-miss|p1a: Maushold|p2a: Ursaluna
|cant|p2a: Ursaluna|flinch
|
|-weather|RainDance|[upkeep]
|-heal|p1a: Maushold|26/100|[from] Grassy Terrain
|-heal|p2a: Ursaluna|99/100|[from] Grassy Terrain
|-heal|p1b: Incineroar|100/100|[from] Grassy Terrain
|upkeep
|turn|4
|
|t:|1757839124
|switch|p1a: Archaludon|Archaludon, L50, M|100/100
|move|p2b: Rillaboom|Grassy Glide|p1a: Archaludon
|-resisted|p1a: Archaludon
|-damage|p1a: Archaludon|93/100
|-ability|p1a: Archaludon|Stamina|boost
|-boost|p1a: Archaludon|def|1
|move|p2a: Ursaluna|Blood Moon|p1b: Incineroar
|-damage|p1b: Incineroar|34/100
|move|p1b: Incineroar|Parting Shot|p2a: Ursaluna
|-unboost|p2a: Ursaluna|atk|1
|-unboost|p2a: Ursaluna|spa|1
|
|t:|1757839144
|switch|p1b: Maushold|Maushold-Four, L50, tera:Ghost|26/100|[from] Parting Shot
|
|-weather|RainDance|[upkeep]
|-heal|p1b: Maushold|32/100|[from] Grassy Terrain
|-heal|p1a: Archaludon|99/100|[from] Grassy Terrain
|-heal|p2a: Ursaluna|100/100|[from] Grassy Terrain
|upkeep
|turn|5
|
|t:|1757839157
|switch|p1b: Incineroar|Incineroar, L50, M|34/100
|-ability|p1b: Incineroar|Intimidate|boost
|-unboost|p2a: Ursaluna|atk|1
|-unboost|p2b: Rillaboom|atk|1
|switch|p2a: Incineroar|Incineroar, L50, F|29/100
|-ability|p2a: Incineroar|Intimidate|boost
|-unboost|p1a: Archaludon|atk|1
|-unboost|p1b: Incineroar|atk|1
|move|p2b: Rillaboom|Grassy Glide|p1b: Incineroar
|-resisted|p1b: Incineroar
|-damage|p1b: Incineroar|23/100
|move|p1a: Archaludon|Body Press|p2a: Incineroar
|-supereffective|p2a: Incineroar
|-damage|p2a: Incineroar|0 fnt
|faint|p2a: Incineroar
|
|-weather|none
|-heal|p1a: Archaludon|100/100|[from] Grassy Terrain
|-heal|p1b: Incineroar|29/100|[from] Grassy Terrain
|upkeep
|
|t:|1757839161
|switch|p2a: Ursaluna|Ursaluna-Bloodmoon, L50, M|100/100
|turn|6
|-message|Mamoswinefanboi forfeited.
|
|win|cm3112
||Mamoswinefanboi is ready for game 2.
||cm3112 is ready for game 2.
|uhtml|next|Next: Game 2 of 3
|l|☆cm3112
|player|p1|
|l|☆Mamoswinefanboi
|player|p2|
