|j|☆anivgc
|j|☆OhNoValentine
|html|anivgcOhNoValentine    
|uhtml|bestof|Game 2 of a best-of-3
|t:|1756829520
|gametype|doubles
|player|p1|anivgc|dawn|1302
|player|p2|OhNoValentine|2|1219
|gen|9
|tier|[Gen 9] VGC 2025 Reg H (Bo3)
|rated|
|rule|Species Clause: Limit one of each Pokémon
|rule|Item Clause: Limit 1 of each item
|clearpoke
|poke|p1|Garchomp, L50, M|
|poke|p1|Tyranitar, L50, M|
|poke|p1|Gholdengo, L50|
|poke|p1|Sneasler, L50, F|
|poke|p1|Incineroar, L50, M|
|poke|p1|Corviknight, L50, M|
|poke|p2|Talonflame, L50, F|
|poke|p2|Rillaboom, L50, F|
|poke|p2|Primarina, L50, F|
|poke|p2|Sneasler, L50, M|
|poke|p2|Dragonite, L50, M|
|poke|p2|Gholdengo, L50|
|teampreview|4
|showteam|p1|Garchomp||ClearAmulet|RoughSkin|Earthquake,DragonClaw,StompingTantrum,Protect|||M|||50|,,,,,Steel]Tyranitar||AssaultVest|SandStream|RockSlide,KnockOff,TeraBlast,LowKick|||M|||50|,,,,,Flying]Gholdengo||LifeOrb|GoodasGold|MakeItRain,ShadowBall,NastyPlot,Protect||||||50|,,,,,Water]Sneasler||WhiteHerb|Unburden|DireClaw,CloseCombat,Coaching,Protect|||F|||50|,,,,,Ghost]Incineroar||SitrusBerry|Intimidate|FlareBlitz,WillOWisp,PartingShot,FakeOut|||M|||50|,,,,,Grass]Corviknight||CovertCloak|MirrorArmor|BraveBird,Taunt,Roost,Tailwind|||M|||50|,,,,,Dragon
|showteam|p2|Talonflame||CovertCloak|GaleWings|BraveBird,Tailwind,WillOWisp,Taunt|||F|||50|,,,,,Flying]Rillaboom||AssaultVest|GrassySurge|FakeOut,WoodHammer,Uturn,GrassyGlide|||F|||50|,,,,,Fire]Primarina||ThroatSpray|LiquidVoice|HyperVoice,Haze,Moonblast,Protect|||F|||50|,,,,,Steel]Sneasler||GrassySeed|Unburden|Protect,CloseCombat,DireClaw,ThroatChop|||M|||50|,,,,,Dark]Dragonite||ChoiceBand|InnerFocus|ExtremeSpeed,Outrage,IceSpinner,StompingTantrum|||M|||50|,,,,,Normal]Gholdengo||ChoiceSpecs|GoodasGold|ShadowBall,MakeItRain,PowerGem,Trick||||||50|,,,,,Steel
|
|t:|1756829548
|teamsize|p1|4
|teamsize|p2|4
|start
|switch|p1a: Gholdengo|Gholdengo, L50|100/100
|switch|p1b: Tyranitar|Tyranitar, L50, M|100/100
|switch|p2a: Talonflame|Talonflame, L50, F|100/100
|switch|p2b: Dragonite|Dragonite, L50, M|100/100
|-weather|Sandstorm|[from] ability: Sand Stream|[of] p1b: Tyranitar
|turn|1
|
|t:|1756829559
|-terastallize|p2b: Dragonite|Normal
|move|p2a: Talonflame|Tailwind|p2a: Talonflame
|-sidestart|p2: OhNoValentine|move: Tailwind
|move|p2b: Dragonite|Outrage|p1a: Gholdengo
|-resisted|p1a: Gholdengo
|-damage|p1a: Gholdengo|50/100
|move|p1a: Gholdengo|Nasty Plot|p1a: Gholdengo
|-boost|p1a: Gholdengo|spa|2
|move|p1b: Tyranitar|Rock Slide|p2b: Dragonite|[spread] p2a,p2b
|-supereffective|p2a: Talonflame
|-damage|p2a: Talonflame|0 fnt
|-damage|p2b: Dragonite|75/100
|faint|p2a: Talonflame
|
|-weather|Sandstorm|[upkeep]
|-damage|p2b: Dragonite|69/100|[from] Sandstorm
|upkeep
|
|t:|1756829569
|switch|p2a: Primarina|Primarina, L50, F|100/100
|turn|2
|
|t:|1756829586
|move|p2b: Dragonite|Outrage|p1a: Gholdengo|[from] lockedmove
|-resisted|p1a: Gholdengo
|-damage|p1a: Gholdengo|0 fnt
|faint|p1a: Gholdengo
|move|p2a: Primarina|Hyper Voice|p1b: Tyranitar
|-supereffective|p1b: Tyranitar
|-damage|p1b: Tyranitar|63/100
|-enditem|p2a: Primarina|Throat Spray
|-boost|p2a: Primarina|spa|1|[from] item: Throat Spray
|move|p1b: Tyranitar|Knock Off|p2b: Dragonite
|-damage|p2b: Dragonite|21/100
|-enditem|p2b: Dragonite|Choice Band|[from] move: Knock Off|[of] p1b: Tyranitar
|
|-weather|Sandstorm|[upkeep]
|-damage|p2b: Dragonite|15/100|[from] Sandstorm
|-damage|p2a: Primarina|95/100|[from] Sandstorm
|upkeep
|
|t:|1756829591
|switch|p1a: Incineroar|Incineroar, L50, M|100/100
|-ability|p1a: Incineroar|Intimidate|boost
|-unboost|p2a: Primarina|atk|1
|-fail|p2b: Dragonite|unboost|Attack|[from] ability: Inner Focus|[of] p2b: Dragonite
|turn|3
|
|t:|1756829598
|move|p2a: Primarina|Protect|p2a: Primarina
|-singleturn|p2a: Primarina|Protect
|move|p1a: Incineroar|Fake Out|p2a: Primarina
|-activate|p2a: Primarina|move: Protect
|move|p2b: Dragonite|Outrage|p1b: Tyranitar|[from] lockedmove
|-damage|p1b: Tyranitar|14/100
|-start|p2b: Dragonite|confusion|[fatigue]
|move|p1b: Tyranitar|Rock Slide|p2a: Primarina|[spread] p2b
|-activate|p2a: Primarina|move: Protect
|-damage|p2b: Dragonite|0 fnt
|faint|p2b: Dragonite
|
|-weather|Sandstorm|[upkeep]
|-damage|p2a: Primarina|89/100|[from] Sandstorm
|-damage|p1a: Incineroar|95/100|[from] Sandstorm
|upkeep
|
|t:|1756829608
|switch|p2b: Sneasler|Sneasler, L50, M|100/100
|turn|4
|
|t:|1756829631
|-terastallize|p1a: Incineroar|Grass
|move|p2b: Sneasler|Close Combat|p1a: Incineroar
|-damage|p1a: Incineroar|25/100
|-unboost|p2b: Sneasler|def|1
|-unboost|p2b: Sneasler|spd|1
|-enditem|p1a: Incineroar|Sitrus Berry|[eat]
|-heal|p1a: Incineroar|50/100|[from] item: Sitrus Berry
|move|p2a: Primarina|Hyper Voice|p1a: Incineroar|[spread] p1a,p1b
|-resisted|p1a: Incineroar
|-supereffective|p1b: Tyranitar
|-damage|p1a: Incineroar|27/100
|-damage|p1b: Tyranitar|0 fnt
|faint|p1b: Tyranitar
|move|p1a: Incineroar|Parting Shot|p2a: Primarina
|-unboost|p2a: Primarina|atk|1
|-unboost|p2a: Primarina|spa|1
|
|t:|1756829640
|switch|p1a: Corviknight|Corviknight, L50, M|100/100|[from] Parting Shot
|
|-weather|Sandstorm|[upkeep]
|-damage|p2b: Sneasler|95/100|[from] Sandstorm
|-damage|p2a: Primarina|83/100|[from] Sandstorm
|-sideend|p2: OhNoValentine|move: Tailwind
|upkeep
|
|t:|1756829642
|switch|p1b: Incineroar|Incineroar, L50, M, tera:Grass|27/100
|-ability|p1b: Incineroar|Intimidate|boost
|-unboost|p2a: Primarina|atk|1
|-unboost|p2b: Sneasler|atk|1
|turn|5
|
|t:|1756829664
|move|p1b: Incineroar|Fake Out|p2a: Primarina
|-damage|p2a: Primarina|69/100
|move|p2b: Sneasler|Close Combat|p1a: Corviknight
|-damage|p1a: Corviknight|61/100
|-unboost|p2b: Sneasler|def|1
|-unboost|p2b: Sneasler|spd|1
|move|p1a: Corviknight|Tailwind|p1a: Corviknight
|-sidestart|p1: anivgc|move: Tailwind
|cant|p2a: Primarina|flinch
|
|-weather|none
|upkeep
|turn|6
|
|t:|1756829675
|move|p2b: Sneasler|Protect|p2b: Sneasler
|-singleturn|p2b: Sneasler|Protect
|move|p1b: Incineroar|Flare Blitz|p2b: Sneasler
|-activate|p2b: Sneasler|move: Protect
|move|p1a: Corviknight|Roost|p1a: Corviknight
|-heal|p1a: Corviknight|100/100
|-singleturn|p1a: Corviknight|move: Roost
|move|p2a: Primarina|Moonblast|p1b: Incineroar
|-damage|p1b: Incineroar|0 fnt
|faint|p1b: Incineroar
|
|upkeep
|turn|7
|
|t:|1756829688
|move|p1a: Corviknight|Brave Bird|p2b: Sneasler
|-supereffective|p2b: Sneasler
|-damage|p2b: Sneasler|0 fnt
|faint|p2b: Sneasler
|-damage|p1a: Corviknight|77/100|[from] Recoil
|move|p2a: Primarina|Hyper Voice|p1a: Corviknight
|-damage|p1a: Corviknight|34/100
|
|upkeep
|turn|8
|
|t:|1756829694
|move|p1a: Corviknight|Roost|p1a: Corviknight
|-heal|p1a: Corviknight|84/100
|-singleturn|p1a: Corviknight|move: Roost
|move|p2a: Primarina|Hyper Voice|p1a: Corviknight
|-damage|p1a: Corviknight|46/100
|
|-sideend|p1: anivgc|move: Tailwind
|upkeep
|turn|9
|
|t:|1756829696
|move|p1a: Corviknight|Roost|p1a: Corviknight
|-heal|p1a: Corviknight|96/100
|-singleturn|p1a: Corviknight|move: Roost
|move|p2a: Primarina|Hyper Voice|p1a: Corviknight
|-damage|p1a: Corviknight|58/100
|
|upkeep
|turn|10
|
|t:|1756829699
|move|p1a: Corviknight|Roost|p1a: Corviknight
|-heal|p1a: Corviknight|100/100
|-singleturn|p1a: Corviknight|move: Roost
|move|p2a: Primarina|Hyper Voice|p1a: Corviknight
|-damage|p1a: Corviknight|59/100
|
|upkeep
|turn|11
|
|t:|1756829708
|move|p1a: Corviknight|Brave Bird|p2a: Primarina
|-damage|p2a: Primarina|20/100
|-damage|p1a: Corviknight|45/100|[from] Recoil
|move|p2a: Primarina|Hyper Voice|p1a: Corviknight
|-damage|p1a: Corviknight|3/100
|
|upkeep
|turn|12
|
|t:|1756829712
|move|p1a: Corviknight|Roost|p1a: Corviknight
|-heal|p1a: Corviknight|53/100
|-singleturn|p1a: Corviknight|move: Roost
|move|p2a: Primarina|Hyper Voice|p1a: Corviknight
|-damage|p1a: Corviknight|10/100
|
|upkeep
|turn|13
|
|t:|1756829714
|move|p1a: Corviknight|Roost|p1a: Corviknight
|-heal|p1a: Corviknight|60/100
|-singleturn|p1a: Corviknight|move: Roost
|move|p2a: Primarina|Hyper Voice|p1a: Corviknight
|-damage|p1a: Corviknight|17/100
|
|upkeep
|turn|14
|
|t:|1756829716
|move|p1a: Corviknight|Roost|p1a: Corviknight
|-heal|p1a: Corviknight|67/100
|-singleturn|p1a: Corviknight|move: Roost
|move|p2a: Primarina|Hyper Voice|p1a: Corviknight
|-damage|p1a: Corviknight|29/100
|
|upkeep
|turn|15
|
|t:|1756829720
|move|p1a: Corviknight|Roost|p1a: Corviknight
|-heal|p1a: Corviknight|79/100
|-singleturn|p1a: Corviknight|move: Roost
|move|p2a: Primarina|Hyper Voice|p1a: Corviknight
|-damage|p1a: Corviknight|35/100
|
|upkeep
|turn|16
|
|t:|1756829722
|move|p1a: Corviknight|Brave Bird|p2a: Primarina
|-damage|p2a: Primarina|0 fnt
|faint|p2a: Primarina
|-damage|p1a: Corviknight|29/100|[from] Recoil
|
|win|anivgc
