|j|☆sbhaga34
|j|☆alysa Liu
|html|sbhaga34alysa Liu    
|uhtml|bestof|Game 2 of a best-of-3
|t:|1757859771
|gametype|doubles
|player|p1|sbhaga34|hugh|1573
|player|p2|alysa Liu|lady|1619
|gen|9
|tier|[Gen 9] VGC 2025 Reg H (Bo3)
|rated|
|rule|Species Clause: Limit one of each Pokémon
|rule|Item Clause: Limit 1 of each item
|clearpoke
|poke|p1|Indeedee-F, L50, F|
|poke|p1|Talonflame, L50, F|
|poke|p1|Tyranitar, L50, M|
|poke|p1|Excadrill, L50, F|
|poke|p1|Gardevoir, L50, F|
|poke|p1|Ursaluna-Bloodmoon, L50, M|
|poke|p2|Dachsbun, L50, M|
|poke|p2|Typhlosion-Hisui, L50, M|
|poke|p2|Kingambit, L50, M|
|poke|p2|Jumpluff, L50, M|
|poke|p2|Rillaboom, L50, F|
|poke|p2|Torkoal, L50, M|
|teampreview|4
|showteam|p1|Indeedee-F||SafetyGoggles|PsychicSurge|FollowMe,TrickRoom,HelpingHand,Psychic|||F|||50|,,,,,Fairy]Talonflame||CovertCloak|GaleWings|Tailwind,Taunt,FlareBlitz,WillOWisp|||F|||50|,,,,,Grass]Tyranitar||WeaknessPolicy|SandStream|RockSlide,KnockOff,LowKick,Protect|||M|||50|,,,,,Flying]Excadrill||FocusSash|SandRush|Earthquake,IronHead,SwordsDance,Protect|||F|||50|,,,,,Ground]Gardevoir||ChoiceScarf|Telepathy|ExpandingForce,Moonblast,IcyWind,Trick|||F|||50|,,,,,Psychic]Ursaluna-Bloodmoon||SilkScarf|MindsEye|BloodMoon,HyperVoice,EarthPower,Protect|||M|||50|,,,,,Normal
|showteam|p2|Dachsbun||Leftovers|WellBakedBody|BodyPress,Snarl,HelpingHand,Protect|||M|||50|,,,,,Steel]Typhlosion-Hisui||ChoiceSpecs|Blaze|Eruption,LavaPlume,Overheat,ShadowBall|||M|||50|,,,,,Fire]Kingambit||AssaultVest|Defiant|KowtowCleave,SuckerPunch,LowKick,TeraBlast|||M|||50|,,,,,Fairy]Jumpluff||CovertCloak|Chlorophyll|SleepPowder,SunnyDay,RagePowder,Tailwind|||M|||50|,,,,,Water]Rillaboom||LifeOrb|GrassySurge|WoodHammer,GrassyGlide,HighHorsepower,FakeOut|||F|||50|,,,,,Stellar]Torkoal||SitrusBerry|Drought|HeatWave,LavaPlume,ClearSmog,Protect|||M|||50|,,,,,Fairy
|inactive|Battle timer is ON: inactive players will automatically lose when time's up. (requested by alysa Liu)
|inactive|sbhaga34 has 60 seconds left.
|inactive|alysa Liu has 60 seconds left.
|inactive|sbhaga34 has 30 seconds left.
|inactive|sbhaga34 has 20 seconds left.
|inactive|alysa Liu has 30 seconds left.
|inactive|sbhaga34 has 15 seconds left.
|
|t:|1757859847
|teamsize|p1|4
|teamsize|p2|4
|start
|switch|p1a: Indeedee|Indeedee-F, L50, F|100/100
|switch|p1b: Excadrill|Excadrill, L50, F, shiny|100/100
|switch|p2a: Kingambit|Kingambit, L50, M|100/100
|switch|p2b: Rillaboom|Rillaboom, L50, F|100/100
|-fieldstart|move: Grassy Terrain|[from] ability: Grassy Surge|[of] p2b: Rillaboom
|-fieldstart|move: Psychic Terrain|[from] ability: Psychic Surge|[of] p1a: Indeedee
|turn|1
|
|t:|1757859864
|switch|p2b: Torkoal|Torkoal, L50, M|100/100
|-weather|SunnyDay|[from] ability: Drought|[of] p2b: Torkoal
|-terastallize|p1a: Indeedee|Fairy
|move|p1a: Indeedee|Follow Me|p1a: Indeedee
|-singleturn|p1a: Indeedee|move: Follow Me
|move|p1b: Excadrill|Swords Dance|p1b: Excadrill
|-boost|p1b: Excadrill|atk|2
|move|p2a: Kingambit|Kowtow Cleave|p1a: Indeedee
|-resisted|p1a: Indeedee
|-damage|p1a: Indeedee|76/100
|
|-weather|SunnyDay|[upkeep]
|upkeep
|turn|2
|inactive|alysa Liu has 30 seconds left.
|
|t:|1757859895
|switch|p1a: Gardevoir|Gardevoir, L50, F, shiny|100/100
|switch|p2a: Rillaboom|Rillaboom, L50, F|100/100
|-fieldstart|move: Grassy Terrain|[from] ability: Grassy Surge|[of] p2a: Rillaboom
|move|p2b: Torkoal|Protect|p2b: Torkoal
|-singleturn|p2b: Torkoal|Protect
|move|p1b: Excadrill|Earthquake|p2b: Torkoal|[spread] p2a
|-activate|p2b: Torkoal|move: Protect
|-activate|p1a: Gardevoir|ability: Telepathy
|-resisted|p2a: Rillaboom
|-damage|p2a: Rillaboom|82/100
|
|-weather|SunnyDay|[upkeep]
|-heal|p2a: Rillaboom|88/100|[from] Grassy Terrain
|upkeep
|turn|3
|
|t:|1757859915
|switch|p1a: Indeedee|Indeedee-F, L50, F, tera:Fairy|76/100
|-fieldstart|move: Psychic Terrain|[from] ability: Psychic Surge|[of] p1a: Indeedee
|switch|p2a: Dachsbun|Dachsbun, L50, M|100/100
|-terastallize|p2b: Torkoal|Fairy
|move|p1b: Excadrill|Iron Head|p2a: Dachsbun
|-supereffective|p2a: Dachsbun
|-damage|p2a: Dachsbun|0 fnt
|faint|p2a: Dachsbun
|move|p2b: Torkoal|Lava Plume|p1a: Indeedee|[spread] p1a,p1b
|-supereffective|p1b: Excadrill
|-damage|p1a: Indeedee|53/100
|-damage|p1b: Excadrill|30/100
|-status|p1b: Excadrill|brn
|
|-weather|SunnyDay|[upkeep]
|-damage|p1b: Excadrill|24/100 brn|[from] brn
|upkeep
|
|t:|1757859929
|switch|p2a: Rillaboom|Rillaboom, L50, F|88/100
|-fieldstart|move: Grassy Terrain|[from] ability: Grassy Surge|[of] p2a: Rillaboom
|turn|4
|
|t:|1757859936
|switch|p1a: Tyranitar|Tyranitar, L50, M|100/100
|-weather|Sandstorm|[from] ability: Sand Stream|[of] p1a: Tyranitar
|move|p1b: Excadrill|Protect|p1b: Excadrill
|-singleturn|p1b: Excadrill|Protect
|move|p2a: Rillaboom|Wood Hammer|p1a: Tyranitar
|-supereffective|p1a: Tyranitar
|-damage|p1a: Tyranitar|0 fnt
|faint|p1a: Tyranitar
|-damage|p2a: Rillaboom|56/100|[from] Recoil
|-damage|p2a: Rillaboom|46/100|[from] item: Life Orb
|move|p2b: Torkoal|Heat Wave|p1b: Excadrill
|-activate|p1b: Excadrill|move: Protect
|
|-weather|Sandstorm|[upkeep]
|-damage|p2a: Rillaboom|40/100|[from] Sandstorm
|-damage|p2b: Torkoal|94/100|[from] Sandstorm
|-heal|p1b: Excadrill|30/100 brn|[from] Grassy Terrain
|-heal|p2a: Rillaboom|46/100|[from] Grassy Terrain
|-heal|p2b: Torkoal|100/100|[from] Grassy Terrain
|-damage|p1b: Excadrill|24/100 brn|[from] brn
|upkeep
|inactive|sbhaga34 has 30 seconds left.
|
|t:|1757859968
|switch|p1a: Gardevoir|Gardevoir, L50, F, shiny|100/100
|turn|5
|
|t:|1757859974
|switch|p1b: Indeedee|Indeedee-F, L50, F, tera:Fairy|53/100
|-fieldstart|move: Psychic Terrain|[from] ability: Psychic Surge|[of] p1b: Indeedee
|move|p1a: Gardevoir|Expanding Force|p2b: Torkoal|[spread] p2a,p2b
|-damage|p2a: Rillaboom|0 fnt
|-damage|p2b: Torkoal|37/100
|-enditem|p2b: Torkoal|Sitrus Berry|[eat]
|-heal|p2b: Torkoal|62/100|[from] item: Sitrus Berry
|faint|p2a: Rillaboom
|move|p2b: Torkoal|Heat Wave|p1a: Gardevoir|[spread] p1a,p1b
|-damage|p1a: Gardevoir|78/100
|-damage|p1b: Indeedee|35/100
|
|-weather|Sandstorm|[upkeep]
|-damage|p1a: Gardevoir|72/100|[from] Sandstorm
|-damage|p2b: Torkoal|56/100|[from] Sandstorm
|upkeep
|
|t:|1757859981
|switch|p2a: Kingambit|Kingambit, L50, M|100/100
|turn|6
|inactive|sbhaga34 has 30 seconds left.
|
|t:|1757860009
|switch|p1a: Excadrill|Excadrill, L50, F, shiny|24/100 brn
|move|p2b: Torkoal|Protect|p2b: Torkoal
|-singleturn|p2b: Torkoal|Protect
|move|p1b: Indeedee|Psychic|p2b: Torkoal
|-activate|p2b: Torkoal|move: Protect
|move|p2a: Kingambit|Kowtow Cleave|p1a: Excadrill
|-damage|p1a: Excadrill|0 fnt
|faint|p1a: Excadrill
|
|-weather|Sandstorm|[upkeep]
|-damage|p2b: Torkoal|50/100|[from] Sandstorm
|upkeep
|
|t:|1757860021
|switch|p1a: Gardevoir|Gardevoir, L50, F, shiny|72/100
|turn|7
|inactive|sbhaga34 has 30 seconds left.
|
|t:|1757860048
|move|p1a: Gardevoir|Moonblast|p2a: Kingambit
|-damage|p2a: Kingambit|66/100
|move|p1b: Indeedee|Psychic|p2b: Torkoal
|-damage|p2b: Torkoal|11/100
|move|p2a: Kingambit|Kowtow Cleave|p1a: Gardevoir
|-damage|p1a: Gardevoir|0 fnt
|faint|p1a: Gardevoir
|move|p2b: Torkoal|Heat Wave|p1b: Indeedee
|-damage|p1b: Indeedee|10/100
|
|-weather|Sandstorm|[upkeep]
|-damage|p2b: Torkoal|4/100|[from] Sandstorm
|upkeep
|turn|8
|
|t:|1757860062
|move|p1b: Indeedee|Psychic|p2b: Torkoal
|-damage|p2b: Torkoal|0 fnt
|faint|p2b: Torkoal
|move|p2a: Kingambit|Kowtow Cleave|p1b: Indeedee
|-resisted|p1b: Indeedee
|-damage|p1b: Indeedee|0 fnt
|faint|p1b: Indeedee
|
|win|alysa Liu
||sbhaga34 is ready for game 3.
||alysa Liu is ready for game 3.
|uhtml|next|Next: Game 3 of 3
