|j|☆pokesita
|j|☆JeanChasuble
|html|pokesitaJeanChasuble    
|uhtml|bestof|Game 1 of a best-of-3
|t:|1756480603
|gametype|doubles
|player|p1|pokesita|265|1147
|player|p2|JeanChasuble|cheren-gen5bw2|1184
|gen|9
|tier|[Gen 9] VGC 2025 Reg H (Bo3)
|rated|
|rule|Species Clause: Limit one of each Pokémon
|rule|Item Clause: Limit 1 of each item
|clearpoke
|poke|p1|Typhlosion-Hisui, L50, F|
|poke|p1|Whimsicott, L50, F|
|poke|p1|Tauros-Paldea-Aqua, L50, M|
|poke|p1|Ursaluna-Bloodmoon, L50, M|
|poke|p1|Kingambit, L50, F|
|poke|p1|Maushold-Four, L50|
|poke|p2|Volcarona, L50, F|
|poke|p2|Rillaboom, L50, F|
|poke|p2|Electabuzz, L50, M|
|poke|p2|Sneasler, L50, M|
|poke|p2|Kingambit, L50, F|
|poke|p2|Dragonite, L50, F|
|teampreview|4
|showteam|p1|Typhlosion-Hisui||ChoiceSpecs|Blaze|Eruption,HeatWave,ShadowBall,SleepTalk|||F|||50|,,,,,Fire]Whimsicott||CovertCloak|Prankster|Tailwind,SunnyDay,Encore,Moonblast|||F|||50|,,,,,Water]Tauros-Paldea-Aqua||MirrorHerb|Intimidate|Protect,AquaJet,RagingBull,CloseCombat|||M|||50|,,,,,Grass]Ursaluna-Bloodmoon||LifeOrb|MindsEye|Protect,BloodMoon,HyperVoice,EarthPower|||M|||50|,,,,,Normal]Kingambit||AssaultVest|Defiant|KowtowCleave,SuckerPunch,IronHead,LowKick|||F|||50|,,,,,Fairy]Maushold-Four||WideLens|FriendGuard|PopulationBomb,Taunt,FollowMe,Protect||||||50|,,,,,Normal
|showteam|p2|Volcarona||GrassySeed|FlameBody|HeatWave,TeraBlast,QuiverDance,Protect|||F|||50|,,,,,Ground]Rillaboom||AssaultVest|GrassySurge|WoodHammer,GrassyGlide,FakeOut,HighHorsepower|||F|||50|,,,,,Fire]Electabuzz||Eviolite|VitalSpirit|Electroweb,FollowMe,Taunt,Protect|||M|||50|,,,,,Ghost]Sneasler||FocusSash|PoisonTouch|DireClaw,CloseCombat,FakeOut,Coaching|||M|||50|,,,,,Stellar]Kingambit||SafetyGoggles|Defiant|SuckerPunch,KowtowCleave,SwordsDance,Protect|||F|||50|,,,,,Dark]Dragonite||LoadedDice|Multiscale|ScaleShot,ExtremeSpeed,Haze,Protect|||F|||50|,,,,,Normal
|
|t:|1756480671
|teamsize|p1|4
|teamsize|p2|4
|start
|switch|p1a: Whimsicott|Whimsicott, L50, F|100/100
|switch|p1b: Typhlosion|Typhlosion-Hisui, L50, F|100/100
|switch|p2a: Dragonite|Dragonite, L50, F|100/100
|switch|p2b: Electabuzz|Electabuzz, L50, M|100/100
|turn|1
|inactive|Battle timer is ON: inactive players will automatically lose when time's up. (requested by pokesita)
|
|t:|1756480721
|switch|p2b: Sneasler|Sneasler, L50, M|100/100
|-terastallize|p1b: Typhlosion|Fire
|move|p1a: Whimsicott|Tailwind|p1a: Whimsicott
|-sidestart|p1: pokesita|move: Tailwind
|move|p1b: Typhlosion|Eruption|p2a: Dragonite|[spread] p2a,p2b
|-resisted|p2a: Dragonite
|-damage|p2a: Dragonite|74/100
|-enditem|p2b: Sneasler|Focus Sash
|-damage|p2b: Sneasler|1/100
|move|p2a: Dragonite|Scale Shot|p1b: Typhlosion
|-damage|p1b: Typhlosion|80/100
|-damage|p1b: Typhlosion|58/100
|-damage|p1b: Typhlosion|37/100
|-damage|p1b: Typhlosion|17/100
|-hitcount|p1b: Typhlosion|4
|-unboost|p2a: Dragonite|def|1
|-boost|p2a: Dragonite|spe|1
|
|upkeep
|turn|2
|inactive|pokesita has 30 seconds left.
|inactive|JeanChasuble has 30 seconds left.
|inactive|pokesita has 20 seconds left.
|inactive|JeanChasuble has 20 seconds left.
|inactive|pokesita has 15 seconds left.
|inactive|pokesita has 10 seconds left.
|inactive|pokesita has 5 seconds left.
|
|t:|1756480773
|switch|p1b: Ursaluna|Ursaluna-Bloodmoon, L50, M|100/100
|switch|p2b: Kingambit|Kingambit, L50, F|100/100
|move|p2a: Dragonite|Extreme Speed|p1b: Ursaluna
|-damage|p1b: Ursaluna|76/100
|move|p1a: Whimsicott|Moonblast|p2a: Dragonite
|-supereffective|p2a: Dragonite
|-damage|p2a: Dragonite|9/100
|
|upkeep
|turn|3
|inactive|pokesita has 30 seconds left.
|inactive|JeanChasuble has 30 seconds left.
|inactive|JeanChasuble has 20 seconds left.
|inactive|JeanChasuble has 15 seconds left.
|inactive|JeanChasuble has 10 seconds left.
|inactive|JeanChasuble has 5 seconds left.
|
|t:|1756480826
|-terastallize|p2a: Dragonite|Normal
|move|p2b: Kingambit|Protect|p2b: Kingambit
|-singleturn|p2b: Kingambit|Protect
|move|p2a: Dragonite|Extreme Speed|p1a: Whimsicott
|-damage|p1a: Whimsicott|42/100
|move|p1a: Whimsicott|Moonblast|p2b: Kingambit
|-activate|p2b: Kingambit|move: Protect
|move|p1b: Ursaluna|Earth Power|p2b: Kingambit
|-activate|p2b: Kingambit|move: Protect
|
|upkeep
|turn|4
|inactive|JeanChasuble has 30 seconds left.
|inactive|JeanChasuble has 20 seconds left.
|
|t:|1756480865
|switch|p1a: Maushold|Maushold-Four, L50|100/100
|move|p2a: Dragonite|Extreme Speed|p1a: Maushold
|-damage|p1a: Maushold|24/100
|move|p2b: Kingambit|Sucker Punch|p1b: Ursaluna
|-damage|p1b: Ursaluna|54/100
|move|p1b: Ursaluna|Earth Power|p2b: Kingambit
|-supereffective|p2b: Kingambit
|-damage|p2b: Kingambit|0 fnt
|faint|p2b: Kingambit
|-damage|p1b: Ursaluna|44/100|[from] item: Life Orb
|
|-sideend|p1: pokesita|move: Tailwind
|upkeep
|
|t:|1756480879
|switch|p2b: Sneasler|Sneasler, L50, M|1/100
|turn|5
|
|t:|1756480892
|move|p1a: Maushold|Protect|p1a: Maushold
|-singleturn|p1a: Maushold|Protect
|move|p1b: Ursaluna|Protect|p1b: Ursaluna
|-singleturn|p1b: Ursaluna|Protect
|move|p2a: Dragonite|Extreme Speed|p1a: Maushold
|-activate|p1a: Maushold|move: Protect
|move|p2b: Sneasler|Close Combat|p1b: Ursaluna
|-activate|p1b: Ursaluna|move: Protect
|
|upkeep
|turn|6
|inactive|pokesita has 30 seconds left.
|inactive|pokesita has 20 seconds left.
|
|t:|1756480932
|switch|p1b: Whimsicott|Whimsicott, L50, F|42/100
|move|p2a: Dragonite|Extreme Speed|p1a: Maushold
|-damage|p1a: Maushold|0 fnt
|faint|p1a: Maushold
|move|p2b: Sneasler|Close Combat|p1b: Whimsicott
|-resisted|p1b: Whimsicott
|-damage|p1b: Whimsicott|5/100
|-unboost|p2b: Sneasler|def|1
|-unboost|p2b: Sneasler|spd|1
|
|upkeep
|
|t:|1756480957
|switch|p1a: Typhlosion|Typhlosion-Hisui, L50, F, tera:Fire|17/100
|turn|7
|inactive|JeanChasuble has 30 seconds left.
|
|t:|1756481000
|move|p2a: Dragonite|Extreme Speed|p1b: Whimsicott
|-damage|p1b: Whimsicott|0 fnt
|faint|p1b: Whimsicott
|move|p2b: Sneasler|Close Combat|p1a: Typhlosion
|-damage|p1a: Typhlosion|0 fnt
|-unboost|p2b: Sneasler|def|1
|-unboost|p2b: Sneasler|spd|1
|faint|p1a: Typhlosion
|
|upkeep
|
|t:|1756481007
|switch|p1b: Ursaluna|Ursaluna-Bloodmoon, L50, M|44/100
|turn|8
|
|t:|1756481013
|move|p2a: Dragonite|Extreme Speed|p1b: Ursaluna
|-damage|p1b: Ursaluna|4/100
|move|p2b: Sneasler|Close Combat|p1b: Ursaluna
|-supereffective|p1b: Ursaluna
|-damage|p1b: Ursaluna|0 fnt
|-unboost|p2b: Sneasler|def|1
|-unboost|p2b: Sneasler|spd|1
|faint|p1b: Ursaluna
|
|win|JeanChasuble
||JeanChasuble is ready for game 2.
|inactive|pokesita has 30 seconds to confirm battle start!
