|j|ŌśåKrisKiwii
|j|Ōśåcobalionjb
|html|KrisKiwiicobalionjb    
|uhtml|bestof|Game 1 of a best-of-3
|t:|1783357260
|gametype|doubles
|player|p1|KrisKiwii|acetrainerf-gen4dp|
|player|p2|cobalionjb|2|
|gen|9
|tier|[Gen 9 Champions] VGC 2026 Reg M-B (Bo3)
|rule|Species Clause: Limit one of each Pok├®mon
|rule|Item Clause: Limit 1 of each item
|clearpoke
|poke|p1|Metagross, L50, shiny|
|poke|p1|Charizard, L50, M, shiny|
|poke|p1|Incineroar, L50, F, shiny|
|poke|p1|Garchomp, L50, M, shiny|
|poke|p1|Hydreigon, L50, M, shiny|
|poke|p1|Toxapex, L50, F, shiny|
|poke|p2|Charizard, L50, M|
|poke|p2|Kingambit, L50, M|
|poke|p2|Basculegion, L50, M|
|poke|p2|Garchomp, L50, M|
|poke|p2|Whimsicott, L50, M|
|poke|p2|Floette-Eternal, L50, F|
|teampreview|4
|showteam|p1|Metagross||Metagrossite|ClearBody|IronHead,PsychicFangs,BodyPress,Protect|Jolly|||||50|]Charizard||CharizarditeY|Blaze|HeatWave,WeatherBall,SolarBeam,Protect|Timid||M|||50|]Incineroar||SitrusBerry|Intimidate|FlareBlitz,ThroatChop,FakeOut,PartingShot|Impish||F|||50|]Garchomp||LifeOrb|RoughSkin|Earthquake,DragonClaw,RockSlide,Protect|Jolly||M|||50|]Hydreigon||ChoiceScarf|Levitate|DracoMeteor,DarkPulse,Snarl,HeatWave|Modest||M|||50|]Toxapex||Leftovers|Regenerator|Infestation,WideGuard,Toxic,BanefulBunker|Bold||F|||50|
|showteam|p2|Charizard||CharizarditeY|Blaze|WeatherBall,HeatWave,SolarBeam,Protect|Modest||M|||50|]Kingambit||BlackGlasses|Defiant|KowtowCleave,SuckerPunch,SwordsDance,Protect|Adamant||M|||50|]Basculegion||ChoiceScarf|Adaptability|WaveCrash,FlipTurn,AquaJet,LastRespects|Adamant||M|||50|]Garchomp||LifeOrb|RoughSkin|DragonClaw,Earthquake,RockSlide,Protect|Jolly||M|||50|]Whimsicott||FocusSash|Prankster|Moonblast,Tailwind,Encore,Protect|Timid||M|||50|]Floette-Eternal||Floettite|FlowerVeil|DazzlingGleam,Moonblast,LightofRuin,Protect|Modest||F|||50|
|inactive|Battle timer is ON: inactive players will automatically lose when time's up. (requested by KrisKiwii)
|uhtmlchange|bestof|Game 1 of a best-of-3
|inactiveoff|Battle timer is now OFF.
|c|ŌśåKrisKiwii|i'll take off timer and so we can put links in
|j| iiFWM
|c|Ōśåcobalionjb|thank you
|c|ŌśåKrisKiwii|you good if i put it in the live links
|j| 2cake
|c|Ōśåcobalionjb|yeah go ahead
|j| escaperoomvgc
|j| FBISurveillanceMan
|j| Subzan
|c|ŌśåKrisKiwii|right well
|j| N3_ArieL
|c|ŌśåKrisKiwii|thats the links on my end
|l| 2cake
|c|ŌśåKrisKiwii|you good if we put timer back on then?
|c|ŌśåKrisKiwii|or you want it off
|j| jpievgc
|l|ŌśåKrisKiwii
|player|p1|
|c|Ōśåcobalionjb|we can start timer from turn 1
|l| jpievgc
|j|ŌśåKrisKiwii
|player|p1|KrisKiwii|acetrainerf-gen4dp|
|inactive|Battle timer is ON: inactive players will automatically lose when time's up. (requested by KrisKiwii)
|c|Ōśåcobalionjb|glhf
|j| RadiantSteelix
|c|ŌśåKrisKiwii|no worries glhf!
|j| MrGardnHose
|inactive|cobalionjb has 60 seconds left.
|inactive|cobalionjb has 30 seconds left.
|j| Draxolotl
|inactive|cobalionjb has 20 seconds left.
|l| Draxolotl
|inactive|cobalionjb has 15 seconds left.
|inactive|cobalionjb has 10 seconds left.
|
|t:|1783357506
|teamsize|p1|4
|teamsize|p2|4
|start
|switch|p1a: Xaria|Charizard, L50, M, shiny|100/100
|switch|p1b: Cherry|Toxapex, L50, F, shiny|100/100
|switch|p2a: Whimsicott|Whimsicott, L50, M|100/100
|switch|p2b: deaf note|Garchomp, L50, M|100/100
|turn|1
|inactive|cobalionjb has 30 seconds left.
|
|t:|1783357537
|detailschange|p1a: Xaria|Charizard-Mega-Y, L50, M, shiny
|-mega|p1a: Xaria|Charizard|Charizardite Y
|-weather|SunnyDay|[from] ability: Drought|[of] p1a: Xaria
|move|p2a: Whimsicott|Protect|p2a: Whimsicott
|-singleturn|p2a: Whimsicott|Protect
|move|p1b: Cherry|Wide Guard|p1b: Cherry
|-singleturn|p1b: Cherry|Wide Guard
|move|p2b: deaf note|Dragon Claw|p1a: Xaria
|-damage|p1a: Xaria|44/100
|-damage|p2b: deaf note|90/100|[from] item: Life Orb
|move|p1a: Xaria|Heat Wave|p2a: Whimsicott|[spread] p2b
|-activate|p2a: Whimsicott|move: Protect
|-resisted|p2b: deaf note|1
|-damage|p2b: deaf note|58/100
|
|-weather|SunnyDay|[upkeep]
|upkeep
|turn|2
|
|t:|1783357550
|switch|p1b: Ol' Reliable|Incineroar, L50, F, shiny|100/100
|-ability|p1b: Ol' Reliable|Intimidate|boost
|-unboost|p2a: Whimsicott|atk|1
|-unboost|p2b: deaf note|atk|1
|move|p1a: Xaria|Protect|p1a: Xaria
|-singleturn|p1a: Xaria|Protect
|move|p2a: Whimsicott|Encore|p1b: Ol' Reliable
|-hint|Since gen 7, Dark is immune to Prankster moves.
|-immune|p1b: Ol' Reliable
|move|p2b: deaf note|Dragon Claw|p1a: Xaria
|-activate|p1a: Xaria|move: Protect
|
|-weather|SunnyDay|[upkeep]
|upkeep
|turn|3
|
|t:|1783357567
|switch|p1a: Cherry|Toxapex, L50, F, shiny|100/100
|move|p2a: Whimsicott|Protect|p2a: Whimsicott
|-singleturn|p2a: Whimsicott|Protect
|move|p2b: deaf note|Protect|p2b: deaf note
|-singleturn|p2b: deaf note|Protect
|move|p1b: Ol' Reliable|Parting Shot|p2b: deaf note
|-activate|p2b: deaf note|move: Protect
|
|-weather|SunnyDay|[upkeep]
|upkeep
|turn|4
|
|t:|1783357579
|switch|p2a: Legendary Member|Charizard, L50, M|100/100
|move|p2b: deaf note|Earthquake|p1b: Ol' Reliable|[spread] p1a,p1b
|-immune|p2a: Legendary Member
|-supereffective|p1a: Cherry|1
|-supereffective|p1b: Ol' Reliable|1
|-damage|p1a: Cherry|58/100
|-damage|p1b: Ol' Reliable|42/100
|-enditem|p1b: Ol' Reliable|Sitrus Berry|[eat]
|-heal|p1b: Ol' Reliable|66/100|[from] item: Sitrus Berry
|-damage|p2b: deaf note|49/100|[from] item: Life Orb
|move|p1b: Ol' Reliable|Parting Shot|p2b: deaf note
|-unboost|p2b: deaf note|atk|1
|-unboost|p2b: deaf note|spa|1
|
|t:|1783357584
|switch|p1b: Jarrkhan|Garchomp, L50, M, shiny|100/100|[from] Parting Shot
|move|p1a: Cherry|Infestation|p2b: deaf note
|-damage|p2b: deaf note|45/100
|-activate|p2b: deaf note|move: Infestation|[of] p1a: Cherry
|-damage|p1a: Cherry|46/100|[from] ability: Rough Skin|[of] p2b: deaf note
|
|-weather|SunnyDay|[upkeep]
|-heal|p1a: Cherry|52/100|[from] item: Leftovers
|-damage|p2b: deaf note|32/100|[from] move: Infestation|[partiallytrapped]
|upkeep
|turn|5
|inactive|cobalionjb has 30 seconds left.
|inactive|KrisKiwii has 30 seconds left.
|inactive|cobalionjb has 20 seconds left.
|inactive|KrisKiwii has 20 seconds left.
|
|t:|1783357630
|switch|p2a: shadeson|Kingambit, L50, M|100/100
|move|p1a: Cherry|Baneful Bunker|p1a: Cherry
|-singleturn|p1a: Cherry|move: Protect
|move|p1b: Jarrkhan|Rock Slide|p2a: shadeson|[spread] p2b
|-miss|p1b: Jarrkhan|p2a: shadeson
|-resisted|p2b: deaf note|1
|-damage|p2b: deaf note|18/100
|-damage|p1b: Jarrkhan|90/100|[from] item: Life Orb
|move|p2b: deaf note|Dragon Claw|p1b: Jarrkhan
|-supereffective|p1b: Jarrkhan|1
|-damage|p1b: Jarrkhan|35/100
|-damage|p2b: deaf note|6/100|[from] ability: Rough Skin|[of] p1b: Jarrkhan
|-damage|p2b: deaf note|0 fnt|[from] item: Life Orb
|faint|p2b: deaf note
|
|-weather|none
|-heal|p1a: Cherry|57/100|[from] item: Leftovers
|upkeep
|
|t:|1783357649
|switch|p2b: Whimsicott|Whimsicott, L50, M|100/100
|turn|6
|
|t:|1783357677
|switch|p1b: Xaria|Charizard-Mega-Y, L50, M, shiny|44/100
|-weather|SunnyDay|[from] ability: Drought|[of] p1b: Xaria
|move|p2b: Whimsicott|Encore|p1a: Cherry
|-start|p1a: Cherry|Encore
|move|p1a: Cherry|Baneful Bunker||[still]
|-fail|p1a: Cherry
|move|p2a: shadeson|Swords Dance|p2a: shadeson
|-boost|p2a: shadeson|atk|2
|
|-weather|SunnyDay|[upkeep]
|-heal|p1a: Cherry|63/100|[from] item: Leftovers
|upkeep
|turn|7
|j| Jim9174
|inactive|cobalionjb has 30 seconds left.
|inactive|cobalionjb has 20 seconds left.
|
|t:|1783357717
|-heal|p1a: Cherry|96/100|[from] ability: Regenerator|[silent]
|switch|p1a: Ol' Reliable|Incineroar, L50, F, shiny|66/100
|-ability|p1a: Ol' Reliable|Intimidate|boost
|-unboost|p2a: shadeson|atk|1
|-ability|p2a: shadeson|Defiant|boost
|-boost|p2a: shadeson|atk|2
|-unboost|p2b: Whimsicott|atk|1
|move|p1b: Xaria|Protect|p1b: Xaria
|-singleturn|p1b: Xaria|Protect
|move|p2a: shadeson|Sucker Punch||[still]
|-fail|p2a: shadeson
|move|p2b: Whimsicott|Moonblast|p1a: Ol' Reliable
|-damage|p1a: Ol' Reliable|38/100
|
|-weather|SunnyDay|[upkeep]
|upkeep
|turn|8
|j| PaniniWeenie
|
|t:|1783357740
|switch|p1b: Cherry|Toxapex, L50, F, shiny|96/100
|move|p2b: Whimsicott|Protect|p2b: Whimsicott
|-singleturn|p2b: Whimsicott|Protect
|move|p2a: shadeson|Protect|p2a: shadeson
|-singleturn|p2a: shadeson|Protect
|move|p1a: Ol' Reliable|Flare Blitz|p2a: shadeson
|-activate|p2a: shadeson|move: Protect
|
|-weather|SunnyDay|[upkeep]
|-heal|p1b: Cherry|100/100|[from] item: Leftovers
|upkeep
|turn|9
|j| jpievgc
|
|t:|1783357754
|switch|p1a: Xaria|Charizard-Mega-Y, L50, M, shiny|44/100
|move|p2b: Whimsicott|Tailwind|p2b: Whimsicott
|-sidestart|p2: cobalionjb|move: Tailwind
|move|p2a: shadeson|Kowtow Cleave|p1a: Xaria
|-damage|p1a: Xaria|0 fnt
|faint|p1a: Xaria
|move|p1b: Cherry|Infestation|p2a: shadeson
|-damage|p2a: shadeson|96/100
|-activate|p2a: shadeson|move: Infestation|[of] p1b: Cherry
|
|-weather|SunnyDay|[upkeep]
|-damage|p2a: shadeson|84/100|[from] move: Infestation|[partiallytrapped]
|upkeep
|
|t:|1783357758
|switch|p1a: Ol' Reliable|Incineroar, L50, F, shiny|38/100
|-ability|p1a: Ol' Reliable|Intimidate|boost
|-unboost|p2a: shadeson|atk|1
|-ability|p2a: shadeson|Defiant|boost
|-boost|p2a: shadeson|atk|2
|-unboost|p2b: Whimsicott|atk|1
|turn|10
|
|t:|1783357765
|move|p2b: Whimsicott|Protect|p2b: Whimsicott
|-singleturn|p2b: Whimsicott|Protect
|move|p2a: shadeson|Protect|p2a: shadeson
|-singleturn|p2a: shadeson|Protect
|move|p1a: Ol' Reliable|Fake Out|p2a: shadeson
|-activate|p2a: shadeson|move: Protect
|move|p1b: Cherry|Infestation|p2b: Whimsicott
|-activate|p2b: Whimsicott|move: Protect
|
|-weather|none
|-damage|p2a: shadeson|72/100|[from] move: Infestation|[partiallytrapped]
|upkeep
|turn|11
|
|t:|1783357786
|move|p2b: Whimsicott|Encore|p1b: Cherry
|-start|p1b: Cherry|Encore
|move|p2a: shadeson|Kowtow Cleave|p1a: Ol' Reliable
|-resisted|p1a: Ol' Reliable|1
|-damage|p1a: Ol' Reliable|0 fnt
|faint|p1a: Ol' Reliable
|move|p1b: Cherry|Infestation|p2b: Whimsicott
|-damage|p2b: Whimsicott|94/100
|-activate|p2b: Whimsicott|move: Infestation|[of] p1b: Cherry
|
|-damage|p2b: Whimsicott|81/100|[from] move: Infestation|[partiallytrapped]
|-damage|p2a: shadeson|60/100|[from] move: Infestation|[partiallytrapped]
|upkeep
|
|t:|1783357792
|switch|p1a: Jarrkhan|Garchomp, L50, M, shiny|35/100
|turn|12
|inactive|KrisKiwii has 30 seconds left.
|-message|KrisKiwii forfeited.
|
|win|cobalionjb
||KrisKiwii is ready for game 2.
||cobalionjb is ready for game 2.
|uhtml|next|Next: Game 2 of 3
|l| RadiantSteelix
|l| jpievgc
|j| Gdrampa
|j| DinomiteVGC
|l| FBISurveillanceMan
|j| munchie2ff
|l| PaniniWeenie
|l| N3_ArieL
|l| DinomiteVGC
|l| Jim9174
|l| Gdrampa
|l| escaperoomvgc
|l| munchie2ff
|l| Subzan
|l| MrGardnHose
|j| FBISurveillanceMan
|l| FBISurveillanceMan
|j| jpievgc
|l| jpievgc
