|j|☆morgie d timmy
|j|☆kotekmode
|html|morgie d timmykotekmode    
|uhtml|bestof|Game 3 of a best-of-3
|t:|1783365606
|gametype|doubles
|player|p1|morgie d timmy|101|
|player|p2|kotekmode|hilbert|
|gen|9
|tier|[Gen 9 Champions] VGC 2026 Reg M-B (Bo3)
|rule|Species Clause: Limit one of each Pokémon
|rule|Item Clause: Limit 1 of each item
|clearpoke
|poke|p1|Incineroar, L50, M|
|poke|p1|Scovillain, L50, M|
|poke|p1|Archaludon, L50, M|
|poke|p1|Grimmsnarl, L50, M|
|poke|p1|Pelipper, L50, F|
|poke|p1|Gholdengo, L50|
|poke|p2|Raichu, L50, F|
|poke|p2|Basculegion, L50, M|
|poke|p2|Ninetales-Alola, L50, M|
|poke|p2|Sneasler, L50, F|
|poke|p2|Garchomp, L50, M|
|poke|p2|Talonflame, L50, M|
|teampreview|4
|showteam|p1|Incineroar||SitrusBerry|Intimidate|DarkestLariat,FlareBlitz,FakeOut,PartingShot|Careful||M|||50|]Scovillain||Scovillainite|Moody|Overheat,Protect,LeechSeed,RagePowder|Calm||M|||50|]Archaludon||Leftovers|Stamina|FlashCannon,ElectroShot,Protect,DragonPulse|Modest||M|||50|]Grimmsnarl||LightClay|Prankster|SpiritBreak,LightScreen,Reflect,PartingShot|Careful||M|||50|]Pelipper||FocusSash|Drizzle|Protect,Tailwind,WeatherBall,Hurricane|Modest||F|||50|]Gholdengo||LifeOrb|GoodasGold|Hex,MakeItRain,Protect,NastyPlot|Modest|||||50|
|showteam|p2|Raichu||RaichuniteY|LightningRod|ZapCannon,FocusBlast,Encore,Protect|Timid||F|||50|]Basculegion||FocusSash|Adaptability|Waterfall,LastRespects,AquaJet,Protect|Adamant||M|||50|]Ninetales-Alola||NeverMeltIce|SnowWarning|Blizzard,FreezeDry,Disable,Protect|Timid||M|||50|]Sneasler||WhiteHerb|Unburden|FakeOut,CloseCombat,DireClaw,Protect|Jolly||F|||50|]Garchomp||LifeOrb|RoughSkin|Earthquake,DragonClaw,RockSlide,Protect|Jolly||M|||50|]Talonflame||SharpBeak|GaleWings|DualWingbeat,Tailwind,FlareBlitz,QuickGuard|Jolly||M|||50|
|j| Autumnal Rein
|j| philjonesvgc
|j| munchie2ff
|j| DinomiteVGC
|
|t:|1783365723
|teamsize|p1|4
|teamsize|p2|4
|start
|switch|p1a: Grimmsnarl|Grimmsnarl, L50, M|100/100
|switch|p1b: Its you|Incineroar, L50, M|100/100
|switch|p2a: Raichu|Raichu, L50, F|100/100
|switch|p2b: Sneasler|Sneasler, L50, F|100/100
|-ability|p1b: Its you|Intimidate|boost
|-unboost|p2a: Raichu|atk|1
|-unboost|p2b: Sneasler|atk|1
|-enditem|p2b: Sneasler|White Herb
|-clearnegativeboost|p2b: Sneasler|[silent]
|turn|1
|j| escaperoomvgc
|j| Arkanine4
|l| DinomiteVGC
|j| DinomiteVGC
|
|t:|1783365859
|detailschange|p2a: Raichu|Raichu-Mega-Y, L50, F
|-mega|p2a: Raichu|Raichu|Raichunite Y
|move|p2b: Sneasler|Fake Out|p1b: Its you
|-damage|p1b: Its you|89/100
|cant|p1b: Its you|flinch
|move|p1a: Grimmsnarl|Parting Shot|p2a: Raichu
|-unboost|p2a: Raichu|atk|1
|-unboost|p2a: Raichu|spa|1
|
|t:|1783365880
|switch|p1a: Archaludon|Archaludon, L50, M|100/100|[from] Parting Shot
|move|p2a: Raichu|Focus Blast|p1b: Its you
|-supereffective|p1b: Its you|1
|-damage|p1b: Its you|31/100
|-enditem|p1b: Its you|Sitrus Berry|[eat]
|-heal|p1b: Its you|56/100|[from] item: Sitrus Berry
|
|upkeep
|turn|2
|j| N3_ArieL
|l| N3_ArieL
|l| Arkanine4
|j| jpievgc
|
|t:|1783366029
|move|p1a: Archaludon|Protect|p1a: Archaludon
|-singleturn|p1a: Archaludon|Protect
|move|p2b: Sneasler|Close Combat|p1a: Archaludon
|-activate|p1a: Archaludon|move: Protect
|move|p2a: Raichu|Focus Blast|p1b: Its you
|-supereffective|p1b: Its you|1
|-damage|p1b: Its you|5/100
|move|p1b: Its you|Flare Blitz|p2a: Raichu
|-damage|p2a: Raichu|3/100
|-damage|p1b: Its you|0 fnt|[from] Recoil
|faint|p1b: Its you
|
|upkeep
|
|t:|1783366045
|switch|p1b: Scovillain|Scovillain, L50, M|100/100
|turn|3
|
|t:|1783366123
|switch|p1a: Grimmsnarl|Grimmsnarl, L50, M|100/100
|detailschange|p1b: Scovillain|Scovillain-Mega, L50, M
|-mega|p1b: Scovillain|Scovillain|Scovillainite
|move|p2b: Sneasler|Protect|p2b: Sneasler
|-singleturn|p2b: Sneasler|Protect
|move|p1b: Scovillain|Rage Powder|p1b: Scovillain
|-singleturn|p1b: Scovillain|move: Rage Powder
|move|p2a: Raichu|Zap Cannon|p1b: Scovillain
|-resisted|p1b: Scovillain|1
|-damage|p1b: Scovillain|77/100
|-status|p1b: Scovillain|par
|-status|p2a: Raichu|brn|[from] ability: Spicy Spray|[of] p1b: Scovillain
|
|-damage|p2a: Raichu|0 fnt|[from] brn
|faint|p2a: Raichu
|upkeep
|
|t:|1783366149
|switch|p2a: Garchomp|Garchomp, L50, M|100/100
|turn|4
|
|t:|1783366193
|move|p1b: Scovillain|Protect|p1b: Scovillain
|-singleturn|p1b: Scovillain|Protect
|move|p1a: Grimmsnarl|Reflect|p1a: Grimmsnarl
|-sidestart|p1: morgie d timmy|Reflect
|move|p2b: Sneasler|Dire Claw|p1a: Grimmsnarl
|-supereffective|p1a: Grimmsnarl|1
|-damage|p1a: Grimmsnarl|48/100
|move|p2a: Garchomp|Rock Slide|p1b: Scovillain|[spread] p1a
|-activate|p1b: Scovillain|move: Protect
|-damage|p1a: Grimmsnarl|29/100
|-damage|p2a: Garchomp|90/100|[from] item: Life Orb
|
|upkeep
|turn|5
|l| DinomiteVGC
|
|t:|1783366233
|move|p1a: Grimmsnarl|Parting Shot|p2a: Garchomp
|-unboost|p2a: Garchomp|atk|1
|-unboost|p2a: Garchomp|spa|1
|j| DinomiteVGC
|
|t:|1783366237
|switch|p1a: Archaludon|Archaludon, L50, M|100/100|[from] Parting Shot
|move|p2b: Sneasler|Close Combat|p1a: Archaludon
|-supereffective|p1a: Archaludon|1
|-damage|p1a: Archaludon|50/100g
|-unboost|p2b: Sneasler|def|1
|-unboost|p2b: Sneasler|spd|1
|-ability|p1a: Archaludon|Stamina|boost
|-boost|p1a: Archaludon|def|1
|move|p2a: Garchomp|Rock Slide|p1b: Scovillain|[spread] p1a,p1b
|-resisted|p1a: Archaludon|1
|-supereffective|p1b: Scovillain|1
|-damage|p1a: Archaludon|48/100
|-damage|p1b: Scovillain|52/100 par
|-ability|p1a: Archaludon|Stamina|boost
|-boost|p1a: Archaludon|def|1
|-status|p2a: Garchomp|brn|[from] ability: Spicy Spray|[of] p1b: Scovillain
|-damage|p2a: Garchomp|80/100 brn|[from] item: Life Orb
|cant|p1b: Scovillain|flinch
|
|-heal|p1a: Archaludon|54/100|[from] item: Leftovers
|-damage|p2a: Garchomp|74/100 brn|[from] brn
|upkeep
|turn|6
|j| Jacrepid
|l| DinomiteVGC
|
|t:|1783366346
|switch|p2a: Basculegion|Basculegion, L50, M|100/100
|move|p1a: Archaludon|Protect|p1a: Archaludon
|-singleturn|p1a: Archaludon|Protect
|move|p2b: Sneasler|Dire Claw|p1b: Scovillain
|-supereffective|p1b: Scovillain|1
|-damage|p1b: Scovillain|2/100 par
|-fail|p1b: Scovillain
|-status|p2b: Sneasler|brn|[from] ability: Spicy Spray|[of] p1b: Scovillain
|move|p1b: Scovillain|Overheat|p2b: Sneasler|[miss]
|-miss|p1b: Scovillain|p2b: Sneasler
|
|-heal|p1a: Archaludon|60/100|[from] item: Leftovers
|-damage|p2b: Sneasler|94/100 brn|[from] brn
|upkeep
|turn|7
|
|t:|1783366417
|move|p2a: Basculegion|Protect|p2a: Basculegion
|-singleturn|p2a: Basculegion|Protect
|move|p1b: Scovillain|Rage Powder|p1b: Scovillain
|-singleturn|p1b: Scovillain|move: Rage Powder
|move|p2b: Sneasler|Dire Claw|p1b: Scovillain
|-supereffective|p1b: Scovillain|1
|-damage|p1b: Scovillain|0 fnt
|faint|p1b: Scovillain
|move|p1a: Archaludon|Dragon Pulse|p2a: Basculegion
|-activate|p2a: Basculegion|move: Protect
|
|-heal|p1a: Archaludon|66/100|[from] item: Leftovers
|-damage|p2b: Sneasler|88/100 brn|[from] brn
|upkeep
|l| jpievgc
|
|t:|1783366428
|switch|p1b: Grimmsnarl|Grimmsnarl, L50, M|29/100
|turn|8
|j| jpievgc
|
|t:|1783366476
|switch|p2a: Garchomp|Garchomp, L50, M|74/100 brn
|move|p1b: Grimmsnarl|Parting Shot|p2a: Garchomp
|-unboost|p2a: Garchomp|atk|1
|-unboost|p2a: Garchomp|spa|1
|move|p2b: Sneasler|Dire Claw|p1b: Grimmsnarl
|-supereffective|p1b: Grimmsnarl|1
|-damage|p1b: Grimmsnarl|4/100
|move|p1a: Archaludon|Dragon Pulse|p2a: Garchomp
|-supereffective|p2a: Garchomp|1
|-damage|p2a: Garchomp|0 fnt
|faint|p2a: Garchomp
|
|-heal|p1a: Archaludon|72/100|[from] item: Leftovers
|-damage|p2b: Sneasler|82/100 brn|[from] brn
|upkeep
|
|t:|1783366491
|switch|p2a: Basculegion|Basculegion, L50, M|100/100
|turn|9
|
|t:|1783366509
|move|p1b: Grimmsnarl|Parting Shot|p2a: Basculegion
|-unboost|p2a: Basculegion|atk|1
|-unboost|p2a: Basculegion|spa|1
|move|p2b: Sneasler|Close Combat|p1a: Archaludon
|-supereffective|p1a: Archaludon|1
|-damage|p1a: Archaludon|59/100
|-unboost|p2b: Sneasler|def|1
|-unboost|p2b: Sneasler|spd|1
|-ability|p1a: Archaludon|Stamina|boost
|-boost|p1a: Archaludon|def|1
|move|p2a: Basculegion|Last Respects|p1a: Archaludon
|-damage|p1a: Archaludon|45/100
|-ability|p1a: Archaludon|Stamina|boost
|-boost|p1a: Archaludon|def|1
|move|p1a: Archaludon|Dragon Pulse|p2a: Basculegion
|-damage|p2a: Basculegion|56/100
|
|-heal|p1a: Archaludon|51/100|[from] item: Leftovers
|-damage|p2b: Sneasler|76/100 brn|[from] brn
|upkeep
|turn|10
|j| N3_ArieL
|
|t:|1783366546
|move|p2a: Basculegion|Protect|p2a: Basculegion
|-singleturn|p2a: Basculegion|Protect
|move|p1a: Archaludon|Protect|p1a: Archaludon
|-singleturn|p1a: Archaludon|Protect
|move|p1b: Grimmsnarl|Parting Shot|p2b: Sneasler
|-unboost|p2b: Sneasler|atk|1
|-unboost|p2b: Sneasler|spa|1
|move|p2b: Sneasler|Dire Claw|p1b: Grimmsnarl
|-supereffective|p1b: Grimmsnarl|1
|-damage|p1b: Grimmsnarl|0 fnt
|faint|p1b: Grimmsnarl
|
|-heal|p1a: Archaludon|57/100|[from] item: Leftovers
|-damage|p2b: Sneasler|71/100 brn|[from] brn
|upkeep
|turn|11
|
|t:|1783366580
|move|p2b: Sneasler|Close Combat|p1a: Archaludon
|-supereffective|p1a: Archaludon|1
|-damage|p1a: Archaludon|51/100
|-unboost|p2b: Sneasler|def|1
|-unboost|p2b: Sneasler|spd|1
|-ability|p1a: Archaludon|Stamina|boost
|-boost|p1a: Archaludon|def|1
|move|p2a: Basculegion|Last Respects|p1a: Archaludon
|-damage|p1a: Archaludon|42/100
|-ability|p1a: Archaludon|Stamina|boost
|-boost|p1a: Archaludon|def|1
|move|p1a: Archaludon|Dragon Pulse|p2a: Basculegion
|-damage|p2a: Basculegion|12/100
|
|-heal|p1a: Archaludon|48/100|[from] item: Leftovers
|-damage|p2b: Sneasler|65/100 brn|[from] brn
|-sideend|p1: morgie d timmy|Reflect
|upkeep
|turn|12
|
|t:|1783366612
|move|p1a: Archaludon|Protect|p1a: Archaludon
|-singleturn|p1a: Archaludon|Protect
|move|p2b: Sneasler|Close Combat|p1a: Archaludon
|-activate|p1a: Archaludon|move: Protect
|move|p2a: Basculegion|Last Respects|p1a: Archaludon
|-activate|p1a: Archaludon|move: Protect
|
|-heal|p1a: Archaludon|54/100|[from] item: Leftovers
|-damage|p2b: Sneasler|59/100 brn|[from] brn
|upkeep
|turn|13
|
|t:|1783366636
|move|p2b: Sneasler|Close Combat|p1a: Archaludon
|-supereffective|p1a: Archaludon|1
|-damage|p1a: Archaludon|47/100
|-unboost|p2b: Sneasler|def|1
|-unboost|p2b: Sneasler|spd|1
|move|p2a: Basculegion|Last Respects|p1a: Archaludon
|-damage|p1a: Archaludon|33/100
|move|p1a: Archaludon|Dragon Pulse|p2a: Basculegion
|-damage|p2a: Basculegion|0 fnt
|faint|p2a: Basculegion
|
|-heal|p1a: Archaludon|39/100|[from] item: Leftovers
|-damage|p2b: Sneasler|53/100 brn|[from] brn
|upkeep
|turn|14
|
|t:|1783366651
|move|p2b: Sneasler|Close Combat|p1a: Archaludon
|-supereffective|p1a: Archaludon|1
|-damage|p1a: Archaludon|32/100
|-unboost|p2b: Sneasler|def|1
|-unboost|p2b: Sneasler|spd|1
|move|p1a: Archaludon|Dragon Pulse|p2b: Sneasler
|-damage|p2b: Sneasler|0 fnt
|faint|p2b: Sneasler
|
|win|morgie d timmy
|c|☆kotekmode|gg!
|l| escaperoomvgc
|l| N3_ArieL
|c|☆morgie d timmy|g
|c|☆morgie d timmy|gg
|l|☆kotekmode
|player|p2|
|l| Jacrepid
|l| jpievgc
|l| Autumnal Rein
|l| philjonesvgc
|l| munchie2ff
|l|☆morgie d timmy
|player|p1|
|j| DinomiteVGC
|l| DinomiteVGC
|j|☆kotekmode
|player|p2|kotekmode|hilbert|
