|j|☆BongCloudAttack
|j|☆MrPhoenixGC
|html|BongCloudAttackMrPhoenixGC    
|uhtml|bestof|Game 2 of a best-of-3
|t:|1757643545
|gametype|doubles
|player|p1|BongCloudAttack|1|1134
|player|p2|MrPhoenixGC|steven|1117
|gen|9
|tier|[Gen 9] VGC 2025 Reg H (Bo3)
|rated|
|rule|Species Clause: Limit one of each Pokémon
|rule|Item Clause: Limit 1 of each item
|clearpoke
|poke|p1|Ursaluna, L50, M|
|poke|p1|Porygon2, L50|
|poke|p1|Gholdengo, L50|
|poke|p1|Incineroar, L50, M|
|poke|p1|Sylveon, L50, M|
|poke|p1|Kilowattrel, L50, F|
|poke|p2|Gholdengo, L50|
|poke|p2|Pelipper, L50, F|
|poke|p2|Archaludon, L50, F|
|poke|p2|Ursaluna, L50, M|
|poke|p2|Dragonite, L50, F|
|poke|p2|Sinistcha, L50|
|teampreview|4
|showteam|p1|Ursaluna||FlameOrb|Guts|Facade,HeadlongRush,Earthquake,Protect|||M|||50|,,,,,Ghost]Porygon2||Eviolite|Download|IceBeam,TeraBlast,Recover,TrickRoom||||||50|,,,,,Fighting]Gholdengo||MetalCoat|GoodasGold|MakeItRain,ShadowBall,NastyPlot,Protect||||||50|,,,,,Water]Incineroar||AssaultVest|Intimidate|FlareBlitz,KnockOff,Uturn,FakeOut|||M|||50|,,,,,Bug]Sylveon||LifeOrb|Pixilate|HyperVoice,TeraBlast,QuickAttack,Protect|||M|||50|,,,,,Water]Kilowattrel||FocusSash|Competitive|Thunderbolt,AirSlash,Tailwind,Protect|||F|||50|,,,,,Ghost
|showteam|p2|Gholdengo||LifeOrb|GoodasGold|MakeItRain,ShadowBall,NastyPlot,Protect||||||50|,,,,,Dragon]Pelipper||FocusSash|Drizzle|Protect,MuddyWater,Hurricane,WideGuard|||F|||50|,,,,,Ground]Archaludon||AssaultVest|Stamina|BodyPress,Snarl,ElectroShot,FlashCannon|||F|||50|,,,,,Bug]Ursaluna||FlameOrb|Guts|Protect,Facade,Earthquake,HeadlongRush|||M|||50|,,,,,Ghost]Dragonite||LoadedDice|Multiscale|ScaleShot,Haze,Tailwind,Protect|||F|||50|,,,,,Fairy]Sinistcha||SitrusBerry|Hospitality|TrickRoom,MatchaGotcha,LifeDew,RagePowder||||||50|,,,,,Dark
|
|t:|1757643584
|teamsize|p1|4
|teamsize|p2|4
|start
|switch|p1a: Kilowattrel|Kilowattrel, L50, F|100/100
|switch|p1b: Sylveon|Sylveon, L50, M|100/100
|switch|p2a: Gholdengo|Gholdengo, L50|100/100
|switch|p2b: Dragonite|Dragonite, L50, F|100/100
|turn|1
|
|t:|1757643620
|move|p1a: Kilowattrel|Tailwind|p1a: Kilowattrel
|-sidestart|p1: BongCloudAttack|move: Tailwind
|move|p1b: Sylveon|Hyper Voice|p2b: Dragonite|[spread] p2a,p2b
|-resisted|p2a: Gholdengo
|-supereffective|p2b: Dragonite
|-damage|p2a: Gholdengo|72/100
|-damage|p2b: Dragonite|46/100
|-damage|p1b: Sylveon|91/100|[from] item: Life Orb
|move|p2a: Gholdengo|Make It Rain|p1b: Sylveon|[spread] p1a,p1b
|-resisted|p1a: Kilowattrel
|-supereffective|p1b: Sylveon
|-damage|p1a: Kilowattrel|38/100
|-damage|p1b: Sylveon|0 fnt
|-unboost|p2a: Gholdengo|spa|1
|faint|p1b: Sylveon
|-damage|p2a: Gholdengo|62/100|[from] item: Life Orb
|move|p2b: Dragonite|Scale Shot|p1a: Kilowattrel|[miss]
|-miss|p2b: Dragonite|p1a: Kilowattrel
|
|upkeep
|
|t:|1757643643
|switch|p1b: Gholdengo|Gholdengo, L50|100/100
|turn|2
|
|t:|1757643669
|move|p2a: Gholdengo|Protect|p2a: Gholdengo
|-singleturn|p2a: Gholdengo|Protect
|move|p1a: Kilowattrel|Thunderbolt|p2a: Gholdengo
|-activate|p2a: Gholdengo|move: Protect
|move|p1b: Gholdengo|Make It Rain|p2a: Gholdengo|[spread] p2b
|-activate|p2a: Gholdengo|move: Protect
|-damage|p2b: Dragonite|0 fnt
|-unboost|p1b: Gholdengo|spa|1
|faint|p2b: Dragonite
|
|upkeep
|
|t:|1757643691
|switch|p2b: Pelipper|Pelipper, L50, F|100/100
|-weather|RainDance|[from] ability: Drizzle|[of] p2b: Pelipper
|turn|3
|
|t:|1757643707
|switch|p1a: Porygon2|Porygon2, L50|100/100
|-ability|p1a: Porygon2|Download|boost
|-boost|p1a: Porygon2|spa|1
|switch|p2a: Archaludon|Archaludon, L50, F|100/100
|move|p2b: Pelipper|Protect|p2b: Pelipper
|-singleturn|p2b: Pelipper|Protect
|move|p1b: Gholdengo|Shadow Ball|p2a: Archaludon
|-damage|p2a: Archaludon|81/100
|-ability|p2a: Archaludon|Stamina|boost
|-boost|p2a: Archaludon|def|1
|
|-weather|RainDance|[upkeep]
|upkeep
|turn|4
|
|t:|1757643771
|-terastallize|p1a: Porygon2|Fighting
|move|p1b: Gholdengo|Shadow Ball|p2b: Pelipper
|-damage|p2b: Pelipper|49/100
|move|p1a: Porygon2|Ice Beam|p2b: Pelipper
|-damage|p2b: Pelipper|0 fnt
|faint|p2b: Pelipper
|move|p2a: Archaludon|Electro Shot||[still]
|-prepare|p2a: Archaludon|Electro Shot
|-boost|p2a: Archaludon|spa|1
|-anim|p2a: Archaludon|Electro Shot|p1a: Porygon2
|-damage|p1a: Porygon2|69/100
|
|-weather|RainDance|[upkeep]
|-sideend|p1: BongCloudAttack|move: Tailwind
|upkeep
|
|t:|1757643784
|switch|p2b: Gholdengo|Gholdengo, L50|62/100
|turn|5
|
|t:|1757643799
|move|p2b: Gholdengo|Protect|p2b: Gholdengo
|-singleturn|p2b: Gholdengo|Protect
|move|p2a: Archaludon|Electro Shot||[still]
|-prepare|p2a: Archaludon|Electro Shot
|-boost|p2a: Archaludon|spa|1
|-anim|p2a: Archaludon|Electro Shot|p1b: Gholdengo
|-damage|p1b: Gholdengo|22/100
|move|p1b: Gholdengo|Shadow Ball|p2b: Gholdengo
|-activate|p2b: Gholdengo|move: Protect
|move|p1a: Porygon2|Tera Blast|p2a: Archaludon|[anim] Tera Blast Fighting
|-supereffective|p2a: Archaludon
|-damage|p2a: Archaludon|0 fnt
|faint|p2a: Archaludon
|
|-weather|RainDance|[upkeep]
|upkeep
|turn|6
|
|t:|1757643816
|-terastallize|p2b: Gholdengo|Dragon
|move|p2b: Gholdengo|Make It Rain|p1b: Gholdengo|[spread] p1a,p1b
|-resisted|p1b: Gholdengo
|-damage|p1a: Porygon2|24/100
|-damage|p1b: Gholdengo|0 fnt
|-unboost|p2b: Gholdengo|spa|1
|faint|p1b: Gholdengo
|-damage|p2b: Gholdengo|52/100|[from] item: Life Orb
|move|p1a: Porygon2|Ice Beam|p2b: Gholdengo
|-supereffective|p2b: Gholdengo
|-damage|p2b: Gholdengo|0 fnt
|faint|p2b: Gholdengo
|
|win|BongCloudAttack
|raw|BongCloudAttack's rating: 1134 → 1158(+24 for winning)
|raw|MrPhoenixGC's rating: 1117 → 1093(-24 for losing)
