|j|☆caZISA
|j|☆jacre22
|html|caZISAjacre22    
|uhtml|bestof|Game 1 of a best-of-3
|t:|1756745181
|gametype|doubles
|player|p1|caZISA|red|1478
|player|p2|jacre22|iris-gen5bw2|1405
|gen|9
|tier|[Gen 9] VGC 2025 Reg H (Bo3)
|rated|
|rule|Species Clause: Limit one of each Pokémon
|rule|Item Clause: Limit 1 of each item
|clearpoke
|poke|p1|Sinistcha-Masterpiece, L50|
|poke|p1|Incineroar, L50, M|
|poke|p1|Pelipper, L50, M|
|poke|p1|Basculegion, L50, M|
|poke|p1|Archaludon, L50, M|
|poke|p1|Maushold-Four, L50|
|poke|p2|Whimsicott, L50, M|
|poke|p2|Garchomp, L50, F|
|poke|p2|Gholdengo, L50|
|poke|p2|Incineroar, L50, F|
|poke|p2|Sneasler, L50, M|
|poke|p2|Dragonite, L50, M|
|teampreview|4
|showteam|p1|Sinistcha-Masterpiece||SitrusBerry|Hospitality|MatchaGotcha,RagePowder,LifeDew,TrickRoom||||||50|,,,,,Water]Incineroar||SafetyGoggles|Intimidate|FakeOut,WillOWisp,KnockOff,PartingShot|||M|||50|,,,,,Ghost]Pelipper||FocusSash|Drizzle|Hurricane,MuddyWater,WideGuard,Protect|||M|||50|,,,,,Ghost]Basculegion||MysticWater|SwiftSwim|WaveCrash,LastRespects,AquaJet,Protect|||M|||50|,,,,,Grass]Archaludon||AssaultVest|Stamina|Snarl,DracoMeteor,ElectroShot,BodyPress|||M|||50|,,,,,Bug]Maushold-Four||WideLens|Technician|PopulationBomb,Taunt,FollowMe,Protect||||||50|,,,,,Ghost
|showteam|p2|Whimsicott||FocusSash|Prankster|Moonblast,Tailwind,Encore,Protect|||M|||50|,,,,,Ghost]Garchomp||LifeOrb|RoughSkin|Earthquake,DragonClaw,StompingTantrum,Protect|||F|||50|,,,,,Ground]Gholdengo||ChoiceSpecs|GoodasGold|MakeItRain,ShadowBall,Trick,PowerGem||||||50|,,,,,Steel]Incineroar||AssaultVest|Intimidate|FakeOut,FlareBlitz,KnockOff,Uturn|||F|||50|,,,,,Grass]Sneasler||WhiteHerb|Unburden|FakeOut,DireClaw,CloseCombat,Protect|||M|||50|,,,,,Stellar]Dragonite||ChoiceBand|InnerFocus|ExtremeSpeed,Outrage,IceSpinner,StompingTantrum|||M|||50|,,,,,Normal
|
|t:|1756745215
|teamsize|p1|4
|teamsize|p2|4
|start
|switch|p1a: Maushold|Maushold-Four, L50|100/100
|switch|p1b: Golden Gate|Archaludon, L50, M|100/100
|switch|p2a: Whimsicott|Whimsicott, L50, M|100/100
|switch|p2b: Gholdengo|Gholdengo, L50|100/100
|turn|1
|inactive|Battle timer is ON: inactive players will automatically lose when time's up. (requested by caZISA)
|
|t:|1756745231
|-terastallize|p2b: Gholdengo|Steel
|move|p2a: Whimsicott|Tailwind|p2a: Whimsicott
|-sidestart|p2: jacre22|move: Tailwind
|move|p2b: Gholdengo|Make It Rain|p1b: Golden Gate|[spread] p1a,p1b
|-resisted|p1b: Golden Gate
|-damage|p1a: Maushold|0 fnt
|-damage|p1b: Golden Gate|62/100
|-unboost|p2b: Gholdengo|spa|1
|-ability|p1b: Golden Gate|Stamina|boost
|-boost|p1b: Golden Gate|def|1
|faint|p1a: Maushold
|move|p1b: Golden Gate|Snarl|p2b: Gholdengo|[spread] p2a,p2b
|-resisted|p2a: Whimsicott
|-damage|p2a: Whimsicott|91/100
|-damage|p2b: Gholdengo|87/100
|-unboost|p2a: Whimsicott|spa|1
|-unboost|p2b: Gholdengo|spa|1
|
|upkeep
|
|t:|1756745244
|switch|p1a: Nigel|Pelipper, L50, M|100/100
|-weather|RainDance|[from] ability: Drizzle|[of] p1a: Nigel
|turn|2
|inactive|jacre22 has 30 seconds left.
|
|t:|1756745273
|switch|p1b: E.R.M.A.C|Basculegion, L50, M|100/100
|move|p2a: Whimsicott|Encore||[still]
|-fail|p2a: Whimsicott
|move|p2b: Gholdengo|Make It Rain|p1b: E.R.M.A.C|[spread] p1a,p1b
|-resisted|p1a: Nigel
|-resisted|p1b: E.R.M.A.C
|-damage|p1a: Nigel|56/100
|-damage|p1b: E.R.M.A.C|72/100
|-unboost|p2b: Gholdengo|spa|1
|move|p1a: Nigel|Hurricane|p2a: Whimsicott
|-supereffective|p2a: Whimsicott
|-damage|p2a: Whimsicott|0 fnt
|faint|p2a: Whimsicott
|
|-weather|RainDance|[upkeep]
|upkeep
|
|t:|1756745287
|switch|p2a: Dragonite|Dragonite, L50, M|100/100
|turn|3
|
|t:|1756745305
|switch|p2b: Sneasler|Sneasler, L50, M|100/100
|switch|p1a: Golden Gate|Archaludon, L50, M|62/100
|move|p1b: E.R.M.A.C|Protect|p1b: E.R.M.A.C
|-singleturn|p1b: E.R.M.A.C|Protect
|move|p2a: Dragonite|Outrage|p1a: Golden Gate
|-damage|p1a: Golden Gate|0 fnt
|faint|p1a: Golden Gate
|
|-weather|RainDance|[upkeep]
|upkeep
|
|t:|1756745314
|switch|p1a: Nigel|Pelipper, L50, M|56/100
|turn|4
|
|t:|1756745333
|move|p1a: Nigel|Protect|p1a: Nigel
|-singleturn|p1a: Nigel|Protect
|move|p2b: Sneasler|Dire Claw|p1a: Nigel
|-activate|p1a: Nigel|move: Protect
|move|p1b: E.R.M.A.C|Last Respects|p2b: Sneasler
|-damage|p2b: Sneasler|0 fnt
|faint|p2b: Sneasler
|move|p2a: Dragonite|Outrage|p1a: Nigel|[from] lockedmove
|-activate|p1a: Nigel|move: Protect
|
|-weather|RainDance|[upkeep]
|-sideend|p2: jacre22|move: Tailwind
|upkeep
|
|t:|1756745345
|switch|p2b: Gholdengo|Gholdengo, L50, tera:Steel|87/100
|turn|5
|
|t:|1756745363
|move|p1b: E.R.M.A.C|Last Respects|p2a: Dragonite
|-damage|p2a: Dragonite|24/100
|move|p2b: Gholdengo|Shadow Ball|p1a: Nigel
|-damage|p1a: Nigel|0 fnt
|faint|p1a: Nigel
|move|p2a: Dragonite|Outrage|p1b: E.R.M.A.C
|-damage|p1b: E.R.M.A.C|0 fnt
|faint|p1b: E.R.M.A.C
|
|win|jacre22
||jacre22 is ready for game 2.
||caZISA is ready for game 2.
|uhtml|next|Next: Game 2 of 3
