|j|☆UndeadParadox
|j|☆Davirate
|html|UndeadParadoxDavirate    
|uhtml|bestof|Game 1 of a best-of-3
|t:|1756956350
|gametype|doubles
|player|p1|UndeadParadox|guitarist|1266
|player|p2|Davirate|steven-masters2|1257
|gen|9
|tier|[Gen 9] VGC 2025 Reg H (Bo3)
|rated|
|rule|Species Clause: Limit one of each Pokémon
|rule|Item Clause: Limit 1 of each item
|clearpoke
|poke|p1|Sneasler, L50, F|
|poke|p1|Rillaboom, L50, M|
|poke|p1|Incineroar, L50, F|
|poke|p1|Gholdengo, L50|
|poke|p1|Hydreigon, L50, M|
|poke|p1|Gengar, L50, F|
|poke|p2|Garchomp, L50, M|
|poke|p2|Gholdengo, L50|
|poke|p2|Tyranitar, L50, M|
|poke|p2|Talonflame, L50, F|
|poke|p2|Sinistcha, L50|
|poke|p2|Milotic, L50, M|
|teampreview|4
|showteam|p1|Sneasler||GrassySeed|Unburden|CloseCombat,DireClaw,Acrobatics,Protect|||F|||50|,,,,,Flying]Rillaboom||AssaultVest|GrassySurge|WoodHammer,GrassyGlide,FakeOut,HighHorsepower|||M|||50|,,,,,Fire]Incineroar||SafetyGoggles|Intimidate|FlareBlitz,KnockOff,PartingShot,FakeOut|||F|||50|,,,,,Ghost]Gholdengo||MetalCoat|GoodasGold|Protect,MakeItRain,ShadowBall,NastyPlot||||||50|,,,,,Water]Hydreigon||LifeOrb|Levitate|Flamethrower,DracoMeteor,DarkPulse,Protect|||M|||50|,,,,,Fire]Gengar||FocusSash|CursedBody|ShadowBall,Haze,Taunt,IcyWind|||F|||50|,,,,,Ghost
|showteam|p2|Garchomp||LifeOrb|RoughSkin|Earthquake,DragonClaw,StompingTantrum,Protect|||M|||50|,,,,,Fairy]Gholdengo||ChoiceSpecs|GoodasGold|MakeItRain,ShadowBall,Thunderbolt,PowerGem||||||50|,,,,,Steel]Tyranitar||AssaultVest|SandStream|RockSlide,KnockOff,TeraBlast,LowKick|||M|||50|,,,,,Flying]Talonflame||CovertCloak|GaleWings|BraveBird,WillOWisp,Tailwind,Taunt|||F|||50|,,,,,Grass]Sinistcha||SitrusBerry|Hospitality|MatchaGotcha,StrengthSap,RagePowder,TrickRoom||||||50|,,,,,Water]Milotic||SafetyGoggles|Competitive|Scald,IcyWind,Haze,Protect|||M|||50|,,,,,Dragon
|
|t:|1756956443
|teamsize|p1|4
|teamsize|p2|4
|start
|switch|p1a: Incineroar|Incineroar, L50, F, shiny|100/100
|switch|p1b: Gholdengo|Gholdengo, L50, shiny|100/100
|switch|p2a: Talonflame|Talonflame, L50, F|100/100
|switch|p2b: Tyranitar|Tyranitar, L50, M|100/100
|-ability|p1a: Incineroar|Intimidate|boost
|-unboost|p2a: Talonflame|atk|1
|-unboost|p2b: Tyranitar|atk|1
|-weather|Sandstorm|[from] ability: Sand Stream|[of] p2b: Tyranitar
|turn|1
|
|t:|1756956480
|switch|p2b: Gholdengo|Gholdengo, L50|100/100
|move|p1a: Incineroar|Fake Out|p2b: Gholdengo
|-immune|p2b: Gholdengo
|move|p2a: Talonflame|Tailwind|p2a: Talonflame
|-sidestart|p2: Davirate|move: Tailwind
|move|p1b: Gholdengo|Nasty Plot|p1b: Gholdengo
|-boost|p1b: Gholdengo|spa|2
|
|-weather|Sandstorm|[upkeep]
|-damage|p2a: Talonflame|95/100|[from] Sandstorm
|upkeep
|turn|2
|
|t:|1756956518
|switch|p2b: Tyranitar|Tyranitar, L50, M|100/100
|move|p2a: Talonflame|Brave Bird|p1a: Incineroar
|-damage|p1a: Incineroar|78/100
|-damage|p2a: Talonflame|86/100|[from] Recoil
|move|p1b: Gholdengo|Make It Rain|p2a: Talonflame|[spread] p2a,p2b
|-resisted|p2a: Talonflame
|-supereffective|p2b: Tyranitar
|-damage|p2a: Talonflame|11/100
|-damage|p2b: Tyranitar|15/100
|-unboost|p1b: Gholdengo|spa|1
|move|p1a: Incineroar|Flare Blitz|p2b: Tyranitar
|-resisted|p2b: Tyranitar
|-damage|p2b: Tyranitar|0 fnt
|faint|p2b: Tyranitar
|-damage|p1a: Incineroar|74/100|[from] Recoil
|
|-weather|Sandstorm|[upkeep]
|-damage|p2a: Talonflame|5/100|[from] Sandstorm
|upkeep
|
|t:|1756956541
|switch|p2b: Gholdengo|Gholdengo, L50|100/100
|turn|3
|
|t:|1756956563
|switch|p1a: Rillaboom|Rillaboom, L50, M|100/100
|-fieldstart|move: Grassy Terrain|[from] ability: Grassy Surge|[of] p1a: Rillaboom
|move|p1b: Gholdengo|Protect|p1b: Gholdengo
|-singleturn|p1b: Gholdengo|Protect
|move|p2a: Talonflame|Brave Bird|p1a: Rillaboom
|-supereffective|p1a: Rillaboom
|-damage|p1a: Rillaboom|52/100
|-damage|p2a: Talonflame|0 fnt|[from] Recoil
|faint|p2a: Talonflame
|move|p2b: Gholdengo|Shadow Ball|p1b: Gholdengo
|-activate|p1b: Gholdengo|move: Protect
|
|-weather|Sandstorm|[upkeep]
|-damage|p1a: Rillaboom|46/100|[from] Sandstorm
|-heal|p1a: Rillaboom|52/100|[from] Grassy Terrain
|upkeep
|
|t:|1756956578
|switch|p2a: Milotic|Milotic, L50, M, shiny|100/100
|turn|4
|
|t:|1756956607
|-terastallize|p2a: Milotic|Dragon
|-terastallize|p1b: Gholdengo|Water
|move|p1a: Rillaboom|Fake Out|p2a: Milotic
|-damage|p2a: Milotic|85/100
|move|p2b: Gholdengo|Shadow Ball|p1b: Gholdengo
|-damage|p1b: Gholdengo|40/100
|-unboost|p1b: Gholdengo|spd|1
|cant|p2a: Milotic|flinch
|move|p1b: Gholdengo|Shadow Ball|p2b: Gholdengo
|-supereffective|p2b: Gholdengo
|-damage|p2b: Gholdengo|0 fnt
|faint|p2b: Gholdengo
|
|-weather|Sandstorm|[upkeep]
|-damage|p1b: Gholdengo|34/100|[from] Sandstorm
|-damage|p1a: Rillaboom|46/100|[from] Sandstorm
|-heal|p2a: Milotic|91/100|[from] Grassy Terrain
|-heal|p1b: Gholdengo|40/100|[from] Grassy Terrain
|-heal|p1a: Rillaboom|52/100|[from] Grassy Terrain
|-sideend|p2: Davirate|move: Tailwind
|upkeep
|turn|5
|-message|Davirate forfeited.
|
|win|UndeadParadox
||UndeadParadox is ready for game 2.
