|j|☆redoctober91
|j|‽dragonkitty17
|html|redoctober91dragonkitty17    
|uhtml|bestof|Game 2 of a best-of-3
|t:|1757826894
|gametype|doubles
|player|p1|redoctober91|101|1154
|player|p2|dragonkitty17|wallace|1274
|gen|9
|tier|[Gen 9] VGC 2025 Reg H (Bo3)
|rated|
|rule|Species Clause: Limit one of each Pokémon
|rule|Item Clause: Limit 1 of each item
|clearpoke
|poke|p1|Amoonguss, L50, M|
|poke|p1|Incineroar, L50, M|
|poke|p1|Kingambit, L50, F|
|poke|p1|Ninetales-Alola, L50, M|
|poke|p1|Garchomp, L50, M|
|poke|p1|Dragonite, L50, M|
|poke|p2|Archaludon, L50, M|
|poke|p2|Basculegion, L50, M|
|poke|p2|Pelipper, L50, M|
|poke|p2|Amoonguss, L50, F|
|poke|p2|Incineroar, L50, F|
|poke|p2|Maushold, L50|
|teampreview|4
|showteam|p1|Amoonguss||SitrusBerry|Regenerator|Protect,PollenPuff,Spore,RagePowder|||M|||50|,,,,,Fairy]Incineroar||RockyHelmet|Intimidate|FakeOut,FlareBlitz,KnockOff,PartingShot|||M|||50|,,,,,Grass]Kingambit||SafetyGoggles|Defiant|KowtowCleave,SuckerPunch,SwordsDance,Protect|||F|||50|,,,,,Dark]Ninetales-Alola||ChoiceSpecs|SnowWarning|Blizzard,DazzlingGleam,FreezeDry,Moonblast|||M|||50|,,,,,Ice]Garchomp||ChoiceBand|RoughSkin|DragonClaw,Earthquake,StompingTantrum,RockSlide|||M|||50|,,,,,Steel]Dragonite||AssaultVest|Multiscale|TeraBlast,ExtremeSpeed,IceSpinner,LowKick|||M|||50|,,,,,Flying
|showteam|p2|Archaludon||AssaultVest|Stamina|ElectroShot,DragonPulse,FlashCannon,BodyPress|||M|||50|,,,,,Grass]Basculegion||MysticWater|SwiftSwim|Protect,WaveCrash,AquaJet,LastRespects|||M|||50|,,,,,Water]Pelipper||FocusSash|Drizzle|Hurricane,WeatherBall,Tailwind,Protect|||M|||50|,,,,,Ghost]Amoonguss||SitrusBerry|Regenerator|Spore,RagePowder,PollenPuff,ClearSmog|||F|||50|,,,,,Water]Incineroar||SafetyGoggles|Intimidate|FakeOut,FlareBlitz,KnockOff,PartingShot|||F|||50|,,,,,Ghost]Maushold||WideLens|Technician|PopulationBomb,FollowMe,Taunt,Protect||||||50|,,,,,Grass
|inactive|Battle timer is ON: inactive players will automatically lose when time's up. (requested by dragonkitty17)
|
|t:|1757826922
|teamsize|p1|4
|teamsize|p2|4
|start
|switch|p1a: Garchomp|Garchomp, L50, M, shiny|100/100
|switch|p1b: Amoonguss|Amoonguss, L50, M, shiny|100/100
|switch|p2a: Archaludon|Archaludon, L50, M|100/100
|switch|p2b: Maushold|Maushold, L50|100/100
|turn|1
|inactive|redoctober91 has 30 seconds left.
|
|t:|1757826949
|switch|p1a: Incineroar|Incineroar, L50, M|100/100
|-ability|p1a: Incineroar|Intimidate|boost
|-unboost|p2a: Archaludon|atk|1
|-unboost|p2b: Maushold|atk|1
|move|p2b: Maushold|Population Bomb|p2a: Archaludon
|-resisted|p2a: Archaludon
|-damage|p2a: Archaludon|98/100
|-ability|p2a: Archaludon|Stamina|boost
|-boost|p2a: Archaludon|def|1
|-resisted|p2a: Archaludon
|-damage|p2a: Archaludon|96/100
|-ability|p2a: Archaludon|Stamina|boost
|-boost|p2a: Archaludon|def|1
|-resisted|p2a: Archaludon
|-crit|p2a: Archaludon
|-damage|p2a: Archaludon|90/100
|-ability|p2a: Archaludon|Stamina|boost
|-boost|p2a: Archaludon|def|1
|-resisted|p2a: Archaludon
|-damage|p2a: Archaludon|89/100
|-ability|p2a: Archaludon|Stamina|boost
|-boost|p2a: Archaludon|def|1
|-resisted|p2a: Archaludon
|-damage|p2a: Archaludon|88/100
|-ability|p2a: Archaludon|Stamina|boost
|-boost|p2a: Archaludon|def|1
|-resisted|p2a: Archaludon
|-damage|p2a: Archaludon|87/100
|-ability|p2a: Archaludon|Stamina|boost
|-boost|p2a: Archaludon|def|1
|-resisted|p2a: Archaludon
|-damage|p2a: Archaludon|86/100
|-resisted|p2a: Archaludon
|-damage|p2a: Archaludon|86/100
|-resisted|p2a: Archaludon
|-damage|p2a: Archaludon|85/100
|-resisted|p2a: Archaludon
|-damage|p2a: Archaludon|85/100
|-hitcount|p2a: Archaludon|10
|move|p2a: Archaludon|Body Press|p1b: Amoonguss
|-resisted|p1b: Amoonguss
|-damage|p1b: Amoonguss|54/100
|move|p1b: Amoonguss|Spore|p2a: Archaludon
|-status|p2a: Archaludon|slp|[from] move: Spore
|
|upkeep
|turn|2
|inactive|redoctober91 has 30 seconds left.
|inactive|dragonkitty17 has 30 seconds left.
|inactive|redoctober91 has 20 seconds left.
|inactive|redoctober91 has 15 seconds left.
|inactive|dragonkitty17 has 20 seconds left.
|inactive|dragonkitty17 has 15 seconds left.
|
|t:|1757827001
|switch|p2b: Amoonguss|Amoonguss, L50, F|100/100
|switch|p1b: Garchomp|Garchomp, L50, M, shiny|100/100
|cant|p2a: Archaludon|slp
|move|p1a: Incineroar|Flare Blitz|p2a: Archaludon
|-damage|p2a: Archaludon|74/100 slp
|-damage|p1a: Incineroar|97/100|[from] Recoil
|
|upkeep
|turn|3
|inactive|redoctober91 has 30 seconds left.
|inactive|dragonkitty17 has 30 seconds left.
|inactive|redoctober91 has 20 seconds left.
|inactive|redoctober91 has 15 seconds left.
|inactive|dragonkitty17 has 20 seconds left.
|inactive|dragonkitty17 has 15 seconds left.
|inactive|dragonkitty17 has 10 seconds left.
|
|t:|1757827052
|-terastallize|p2b: Amoonguss|Water
|move|p1b: Garchomp|Earthquake|p2a: Archaludon|[spread] p1a,p2a,p2b
|-supereffective|p1a: Incineroar
|-supereffective|p2a: Archaludon
|-damage|p1a: Incineroar|3/100
|-damage|p2a: Archaludon|56/100 slp
|-damage|p2b: Amoonguss|58/100
|-curestatus|p2a: Archaludon|slp|[msg]
|move|p2a: Archaludon|Body Press|p1b: Garchomp
|-damage|p1b: Garchomp|8/100
|-damage|p2a: Archaludon|44/100|[from] ability: Rough Skin|[of] p1b: Garchomp
|move|p1a: Incineroar|Flare Blitz|p2b: Amoonguss
|-resisted|p2b: Amoonguss
|-damage|p2b: Amoonguss|36/100
|-enditem|p2b: Amoonguss|Sitrus Berry|[eat]
|-heal|p2b: Amoonguss|61/100|[from] item: Sitrus Berry
|-damage|p1a: Incineroar|0 fnt|[from] Recoil
|faint|p1a: Incineroar
|move|p2b: Amoonguss|Pollen Puff|p2a: Archaludon
|-heal|p2a: Archaludon|93/100
|
|upkeep
|inactive|redoctober91 has 30 seconds left.
|
|t:|1757827085
|switch|p1a: Amoonguss|Amoonguss, L50, M, shiny|87/100
|turn|4
|inactive|dragonkitty17 has 30 seconds left.
|inactive|dragonkitty17 has 20 seconds left.
|
|t:|1757827122
|switch|p2b: Maushold|Maushold, L50|100/100
|move|p1a: Amoonguss|Rage Powder|p1a: Amoonguss
|-singleturn|p1a: Amoonguss|move: Rage Powder
|move|p1b: Garchomp|Earthquake|p2a: Archaludon|[spread] p1a,p2a,p2b
|-supereffective|p2a: Archaludon
|-damage|p1a: Amoonguss|34/100
|-damage|p2a: Archaludon|74/100
|-damage|p2b: Maushold|20/100
|-enditem|p1a: Amoonguss|Sitrus Berry|[eat]
|-heal|p1a: Amoonguss|59/100|[from] item: Sitrus Berry
|move|p2a: Archaludon|Flash Cannon|p1a: Amoonguss
|-damage|p1a: Amoonguss|26/100
|
|upkeep
|turn|5
|
|t:|1757827141
|move|p1a: Amoonguss|Rage Powder|p1a: Amoonguss
|-singleturn|p1a: Amoonguss|move: Rage Powder
|move|p2b: Maushold|Population Bomb|p1a: Amoonguss
|-damage|p1a: Amoonguss|15/100
|-damage|p1a: Amoonguss|5/100
|-damage|p1a: Amoonguss|0 fnt
|faint|p1a: Amoonguss
|-hitcount|p1: Amoonguss|3
|move|p1b: Garchomp|Earthquake|p2a: Archaludon|[spread] p2a,p2b
|-supereffective|p2a: Archaludon
|-damage|p2a: Archaludon|53/100
|-damage|p2b: Maushold|0 fnt
|faint|p2b: Maushold
|move|p2a: Archaludon|Flash Cannon|p1b: Garchomp
|-damage|p1b: Garchomp|0 fnt
|faint|p1b: Garchomp
|
|upkeep
|inactive|redoctober91 has 30 seconds left.
|inactive|redoctober91 has 20 seconds left.
|inactive|redoctober91 has 15 seconds left.
|
|t:|1757827186
|switch|p2b: Amoonguss|Amoonguss, L50, F, tera:Water|94/100
|switch|p1b: Ninetales|Ninetales-Alola, L50, M, shiny|100/100
|-weather|Snowscape|[from] ability: Snow Warning|[of] p1b: Ninetales
|turn|6
|inactive|redoctober91 has 30 seconds left.
|
|t:|1757827212
|-terastallize|p1b: Ninetales|Ice
|move|p1b: Ninetales|Freeze-Dry|p2a: Archaludon
|-damage|p2a: Archaludon|18/100
|move|p2a: Archaludon|Flash Cannon|p1b: Ninetales
|-supereffective|p1b: Ninetales
|-damage|p1b: Ninetales|0 fnt
|faint|p1b: Ninetales
|
|win|dragonkitty17
||redoctober91 is ready for game 3.
|inactive|dragonkitty17 has 30 seconds to confirm battle start!
||dragonkitty17 is ready for game 3.
|uhtml|next|Next: Game 3 of 3
|l|‽dragonkitty17
|player|p2|
