|j|☆Mortipherus
|j|☆Pier (Champion)
|html|MortipherusPier (Champion)    
|uhtml|bestof|Game 1 of a best-of-3
|t:|1756573476
|gametype|doubles
|player|p1|Mortipherus|biker-gen4|1107
|player|p2|Pier (Champion)|cynthia-gen4|1167
|gen|9
|tier|[Gen 9] VGC 2025 Reg H (Bo3)
|rated|
|rule|Species Clause: Limit one of each Pokémon
|rule|Item Clause: Limit 1 of each item
|clearpoke
|poke|p1|Hydrapple, L50, M|
|poke|p1|Arcanine-Hisui, L50, F|
|poke|p1|Gholdengo, L50|
|poke|p1|Electabuzz, L50, F|
|poke|p1|Indeedee, L50, M|
|poke|p1|Sneasler, L50, F|
|poke|p2|Politoed, L50, F|
|poke|p2|Gothitelle, L50, M|
|poke|p2|Kingdra, L50, M|
|poke|p2|Archaludon, L50, F|
|poke|p2|Amoonguss, L50, F|
|poke|p2|Incineroar, L50, F|
|teampreview|4
|showteam|p1|Hydrapple||AssaultVest|Regenerator|FickleBeam,EnergyBall,EarthPower,BreakingSwipe|||M|||50|,,,,,Ground]Arcanine-Hisui||ClearAmulet|Intimidate|Protect,ExtremeSpeed,FlareBlitz,RockSlide|||F|||50|,,,,,Grass]Gholdengo||LifeOrb|GoodasGold|Protect,NastyPlot,MakeItRain,ShadowBall||||||50|,,,,,Flying]Electabuzz||Eviolite|VitalSpirit|Protect,FollowMe,Taunt,Electroweb|||F|||50|,,,,,Dragon]Indeedee||FocusSash|PsychicSurge|Protect,TrickRoom,ExpandingForce,TeraBlast|||M|||50|,,,,,Ground]Sneasler||PsychicSeed|Unburden|Protect,ThroatChop,DireClaw,CloseCombat|||F|||50|,,,,,Dark
|showteam|p2|Politoed||Leftovers|Drizzle|Protect,WeatherBall,PerishSong,Encore|||F|||50|,,,,,Grass]Gothitelle||SitrusBerry|ShadowTag|Protect,Psychic,FakeOut,TrickRoom|||M|||50|,,,,,Dark]Kingdra||LifeOrb|SwiftSwim|Protect,DracoMeteor,WeatherBall,MuddyWater|||M|||50|,,,,,Stellar]Archaludon||PowerHerb|Sturdy|Protect,ElectroShot,FlashCannon,DragonPulse|||F|||50|,,,,,Electric]Amoonguss||EjectButton|Regenerator|Protect,RagePowder,Spore,PollenPuff|||F|||50|,,,,,Fairy]Incineroar||SafetyGoggles|Intimidate|FakeOut,KnockOff,PartingShot,Protect|||F|||50|,,,,,Ghost
|inactive|Battle timer is ON: inactive players will automatically lose when time's up. (requested by Pier (Champion))
|inactive|Pier (Champion) has 60 seconds left.
|
|t:|1756573530
|teamsize|p1|4
|teamsize|p2|4
|start
|switch|p1a: Gholdengo|Gholdengo, L50|100/100
|switch|p1b: Electabuzz|Electabuzz, L50, F|100/100
|switch|p2a: Politoed|Politoed, L50, F|100/100
|switch|p2b: Kingdra|Kingdra, L50, M|100/100
|-weather|RainDance|[from] ability: Drizzle|[of] p2a: Politoed
|turn|1
|inactive|Pier (Champion) has 30 seconds left.
|inactive|Pier (Champion) has 20 seconds left.
|inactive|Pier (Champion) has 15 seconds left.
|
|t:|1756573571
|switch|p2a: Amoonguss|Amoonguss, L50, F|100/100
|move|p2b: Kingdra|Muddy Water|p1a: Gholdengo|[spread] p1a
|-miss|p2b: Kingdra|p1b: Electabuzz
|-damage|p1a: Gholdengo|37/100
|-damage|p2b: Kingdra|91/100|[from] item: Life Orb
|move|p1b: Electabuzz|Electroweb|p2b: Kingdra|[spread] p2a,p2b
|-resisted|p2a: Amoonguss
|-damage|p2a: Amoonguss|94/100
|-damage|p2b: Kingdra|73/100
|-unboost|p2a: Amoonguss|spe|1
|-unboost|p2b: Kingdra|spe|1
|-enditem|p2a: Amoonguss|Eject Button
|
|t:|1756573585
|switch|p2a: Gothitelle|Gothitelle, L50, M|100/100
|move|p1a: Gholdengo|Nasty Plot|p1a: Gholdengo
|-boost|p1a: Gholdengo|spa|2
|
|-weather|RainDance|[upkeep]
|upkeep
|turn|2
|
|t:|1756573600
|move|p1a: Gholdengo|Protect|p1a: Gholdengo
|-singleturn|p1a: Gholdengo|Protect
|move|p2a: Gothitelle|Fake Out|p1b: Electabuzz
|-damage|p1b: Electabuzz|95/100
|move|p2b: Kingdra|Muddy Water|p1b: Electabuzz|[spread] p1b
|-activate|p1a: Gholdengo|move: Protect
|-damage|p1b: Electabuzz|55/100
|-damage|p2b: Kingdra|63/100|[from] item: Life Orb
|cant|p1b: Electabuzz|flinch
|
|-weather|RainDance|[upkeep]
|upkeep
|turn|3
|
|t:|1756573613
|move|p1b: Electabuzz|Follow Me|p1b: Electabuzz
|-singleturn|p1b: Electabuzz|move: Follow Me
|move|p2b: Kingdra|Muddy Water|p1a: Gholdengo|[spread] p1a
|-miss|p2b: Kingdra|p1b: Electabuzz
|-damage|p1a: Gholdengo|0 fnt
|faint|p1a: Gholdengo
|-damage|p2b: Kingdra|53/100|[from] item: Life Orb
|move|p2a: Gothitelle|Psychic|p1b: Electabuzz
|-damage|p1b: Electabuzz|36/100
|
|-weather|RainDance|[upkeep]
|upkeep
|
|t:|1756573622
|switch|p1a: Sneasler|Sneasler, L50, F|100/100
|turn|4
|
|t:|1756573636
|move|p2b: Kingdra|Protect|p2b: Kingdra
|-singleturn|p2b: Kingdra|Protect
|move|p1a: Sneasler|Protect|p1a: Sneasler
|-singleturn|p1a: Sneasler|Protect
|move|p2a: Gothitelle|Protect|p2a: Gothitelle
|-singleturn|p2a: Gothitelle|Protect
|move|p1b: Electabuzz|Electroweb|p2a: Gothitelle|[spread] 
|-activate|p2a: Gothitelle|move: Protect
|-activate|p2b: Kingdra|move: Protect
|
|-weather|RainDance|[upkeep]
|upkeep
|turn|5
|
|t:|1756573651
|switch|p2b: Amoonguss|Amoonguss, L50, F|100/100
|-terastallize|p1a: Sneasler|Dark
|move|p1a: Sneasler|Throat Chop|p2a: Gothitelle
|-supereffective|p2a: Gothitelle
|-damage|p2a: Gothitelle|15/100
|-start|p2a: Gothitelle|Throat Chop|[silent]
|-enditem|p2a: Gothitelle|Sitrus Berry|[eat]
|-heal|p2a: Gothitelle|39/100|[from] item: Sitrus Berry
|move|p1b: Electabuzz|Electroweb|p2b: Amoonguss|[spread] p2a,p2b
|-resisted|p2b: Amoonguss
|-damage|p2a: Gothitelle|29/100
|-damage|p2b: Amoonguss|95/100
|-unboost|p2a: Gothitelle|spe|1
|-unboost|p2b: Amoonguss|spe|1
|move|p2a: Gothitelle|Psychic|p1a: Sneasler
|-immune|p1a: Sneasler
|
|-weather|none
|upkeep
|turn|6
|inactive|Pier (Champion) has 30 seconds left.
|inactive|Pier (Champion) has 20 seconds left.
|
|t:|1756573691
|move|p1a: Sneasler|Dire Claw|p2b: Amoonguss
|-damage|p2b: Amoonguss|63/100
|move|p1b: Electabuzz|Taunt|p2b: Amoonguss
|-start|p2b: Amoonguss|move: Taunt
|move|p2a: Gothitelle|Psychic|p1b: Electabuzz
|-damage|p1b: Electabuzz|14/100
|move|p2b: Amoonguss|Pollen Puff|p2a: Gothitelle
|-heal|p2a: Gothitelle|78/100
|
|-end|p2a: Gothitelle|Throat Chop|[silent]
|upkeep
|turn|7
|inactive|Pier (Champion) has 30 seconds left.
|
|t:|1756573716
|switch|p2b: Politoed|Politoed, L50, F|100/100
|-weather|RainDance|[from] ability: Drizzle|[of] p2b: Politoed
|move|p2a: Gothitelle|Protect|p2a: Gothitelle
|-singleturn|p2a: Gothitelle|Protect
|move|p1b: Electabuzz|Follow Me|p1b: Electabuzz
|-singleturn|p1b: Electabuzz|move: Follow Me
|move|p1a: Sneasler|Throat Chop|p2a: Gothitelle
|-activate|p2a: Gothitelle|move: Protect
|
|-weather|RainDance|[upkeep]
|upkeep
|turn|8
|
|t:|1756573740
|switch|p2a: Amoonguss|Amoonguss, L50, F|96/100
|move|p1a: Sneasler|Throat Chop|p2a: Amoonguss
|-crit|p2a: Amoonguss
|-damage|p2a: Amoonguss|49/100
|-start|p2a: Amoonguss|Throat Chop|[silent]
|move|p1b: Electabuzz|Electroweb|p2a: Amoonguss|[spread] p2a,p2b
|-resisted|p2a: Amoonguss
|-supereffective|p2b: Politoed
|-damage|p2a: Amoonguss|42/100
|-damage|p2b: Politoed|78/100
|-unboost|p2a: Amoonguss|spe|1
|-unboost|p2b: Politoed|spe|1
|move|p2b: Politoed|Weather Ball|p1a: Sneasler
|-damage|p1a: Sneasler|35/100
|
|-weather|RainDance|[upkeep]
|-heal|p2b: Politoed|84/100|[from] item: Leftovers
|upkeep
|turn|9
|
|t:|1756573760
|move|p2a: Amoonguss|Rage Powder|p2a: Amoonguss
|-singleturn|p2a: Amoonguss|move: Rage Powder
|move|p1a: Sneasler|Dire Claw|p2a: Amoonguss
|-damage|p2a: Amoonguss|11/100
|move|p1b: Electabuzz|Taunt|p2a: Amoonguss
|-start|p2a: Amoonguss|move: Taunt
|move|p2b: Politoed|Weather Ball|p1a: Sneasler
|-damage|p1a: Sneasler|0 fnt
|faint|p1a: Sneasler
|
|-weather|RainDance|[upkeep]
|-heal|p2b: Politoed|90/100|[from] item: Leftovers
|-end|p2a: Amoonguss|Throat Chop|[silent]
|upkeep
|
|t:|1756573772
|switch|p1a: Indeedee|Indeedee, L50, M|100/100
|-fieldstart|move: Psychic Terrain|[from] ability: Psychic Surge|[of] p1a: Indeedee
|turn|10
|inactive|Pier (Champion) has 30 seconds left.
|
|t:|1756573800
|switch|p2b: Kingdra|Kingdra, L50, M|53/100
|switch|p2a: Gothitelle|Gothitelle, L50, M|78/100
|move|p1a: Indeedee|Expanding Force|p2b: Kingdra|[spread] p2a,p2b
|-resisted|p2a: Gothitelle
|-damage|p2a: Gothitelle|60/100
|-damage|p2b: Kingdra|0 fnt
|faint|p2b: Kingdra
|move|p1b: Electabuzz|Taunt|p2a: Gothitelle
|-start|p2a: Gothitelle|move: Taunt
|
|-weather|RainDance|[upkeep]
|upkeep
|
|t:|1756573815
|switch|p2b: Politoed|Politoed, L50, F|90/100
|turn|11
|
|t:|1756573822
|move|p2a: Gothitelle|Fake Out|p1b: Electabuzz
|-activate|p1b: Electabuzz|move: Psychic Terrain
|move|p1a: Indeedee|Expanding Force|p2b: Politoed|[spread] p2a,p2b
|-resisted|p2a: Gothitelle
|-damage|p2a: Gothitelle|42/100
|-damage|p2b: Politoed|50/100
|move|p1b: Electabuzz|Electroweb|p2b: Politoed|[spread] p2a,p2b
|-supereffective|p2b: Politoed
|-damage|p2a: Gothitelle|30/100
|-damage|p2b: Politoed|31/100
|-unboost|p2a: Gothitelle|spe|1
|-unboost|p2b: Politoed|spe|1
|move|p2b: Politoed|Perish Song|p2b: Politoed
|-start|p1a: Indeedee|perish3|[silent]
|-start|p1b: Electabuzz|perish3|[silent]
|-start|p2a: Gothitelle|perish3|[silent]
|-start|p2b: Politoed|perish3|[silent]
|-fieldactivate|move: Perish Song
|
|-weather|none
|-heal|p2b: Politoed|37/100|[from] item: Leftovers
|-start|p1a: Indeedee|perish3
|-start|p1b: Electabuzz|perish3
|-start|p2b: Politoed|perish3
|-start|p2a: Gothitelle|perish3
|upkeep
|turn|12
|
|t:|1756573846
|switch|p2a: Amoonguss|Amoonguss, L50, F|44/100
|move|p2b: Politoed|Protect|p2b: Politoed
|-singleturn|p2b: Politoed|Protect
|move|p1a: Indeedee|Expanding Force|p2a: Amoonguss|[spread] p2a
|-activate|p2b: Politoed|move: Protect
|-supereffective|p2a: Amoonguss
|-damage|p2a: Amoonguss|0 fnt
|faint|p2a: Amoonguss
|move|p1b: Electabuzz|Electroweb|p2b: Politoed
|-activate|p2b: Politoed|move: Protect
|
|-heal|p2b: Politoed|43/100|[from] item: Leftovers
|-start|p1a: Indeedee|perish2
|-start|p1b: Electabuzz|perish2
|-start|p2b: Politoed|perish2
|upkeep
|
|t:|1756573861
|switch|p2a: Gothitelle|Gothitelle, L50, M|30/100
|turn|13
|
|t:|1756573867
|move|p2a: Gothitelle|Protect|p2a: Gothitelle
|-singleturn|p2a: Gothitelle|Protect
|move|p1a: Indeedee|Expanding Force|p2a: Gothitelle|[spread] p2b
|-activate|p2a: Gothitelle|move: Protect
|-damage|p2b: Politoed|0 fnt
|faint|p2b: Politoed
|move|p1b: Electabuzz|Electroweb|p2a: Gothitelle
|-activate|p2a: Gothitelle|move: Protect
|
|-start|p1a: Indeedee|perish1
|-start|p1b: Electabuzz|perish1
|upkeep
|turn|14
|
|t:|1756573880
|-terastallize|p2a: Gothitelle|Dark
|move|p1a: Indeedee|Expanding Force|p2a: Gothitelle
|-immune|p2a: Gothitelle
|move|p1b: Electabuzz|Electroweb|p2a: Gothitelle
|-damage|p2a: Gothitelle|15/100
|-unboost|p2a: Gothitelle|spe|1
|move|p2a: Gothitelle|Psychic|p1b: Electabuzz
|-damage|p1b: Electabuzz|0 fnt
|faint|p1b: Electabuzz
|
|-start|p1a: Indeedee|perish0
|-fieldend|move: Psychic Terrain
|upkeep
|faint|p1a: Indeedee
|
|win|Pier (Champion)
|inactive|Mortipherus has 30 seconds to confirm battle start!
|inactive|Pier (Champion) has 30 seconds to confirm battle start!
||Pier (Champion) is ready for game 2.
