|j|☆castoriceball
|j|☆Inferno prodigy
|html|castoriceballInferno prodigy    
|uhtml|bestof|Game 2 of a best-of-3
|t:|1783815081
|gametype|doubles
|player|p1|castoriceball|miku-flying|1339
|player|p2|Inferno prodigy|169|1338
|gen|9
|tier|[Gen 9 Champions] VGC 2026 Reg M-B (Bo3)
|rated|
|rule|Species Clause: Limit one of each Pokémon
|rule|Item Clause: Limit 1 of each item
|clearpoke
|poke|p1|Garchomp, L50, M|
|poke|p1|Floette-Eternal, L50, F|
|poke|p1|Talonflame, L50, F|
|poke|p1|Rotom-Wash, L50, shiny|
|poke|p1|Sinistcha, L50|
|poke|p1|Kingambit, L50, F|
|poke|p2|Blastoise, L50, M|
|poke|p2|Maushold-Four, L50|
|poke|p2|Sneasler, L50, M|
|poke|p2|Sinistcha, L50|
|poke|p2|Delphox, L50, F|
|poke|p2|Kingambit, L50, M|
|teampreview|4
|showteam|p1|Garchomp||LifeOrb|RoughSkin|DragonClaw,Earthquake,RockSlide,Protect|Adamant||M|||50|]Floette-Eternal||Floettite|FlowerVeil|Moonblast,DazzlingGleam,LightofRuin,Protect|Modest||F|||50|]Talonflame||SharpBeak|GaleWings|Tailwind,DualWingbeat,QuickGuard,Protect|Jolly||F|||50|]Rotom-Wash||Magnet|Levitate|Thunderbolt,HydroPump,Electroweb,Protect|Modest|||||50|]Sinistcha||OccaBerry|Hospitality|TrickRoom,ShadowBall,RagePowder,MatchaGotcha|Calm|||||50|]Kingambit||FocusSash|Defiant|KowtowCleave,SuckerPunch,IronHead,Protect|Adamant||F|||50|
|showteam|p2|Blastoise||Blastoisinite|Torrent|WaterSpout,ShellSmash,DarkPulse,Protect|Modest||M|||50|]Maushold-Four||FocusSash|FriendGuard|SuperFang,FollowMe,Feint,Protect|Jolly|||||50|]Sneasler||WhiteHerb|Unburden|DireClaw,CloseCombat,FakeOut,QuickGuard|Jolly||M|||50|]Sinistcha||SitrusBerry|Hospitality|MatchaGotcha,RagePowder,TrickRoom,LifeDew|Bold|||||50|]Delphox||Delphoxite|Blaze|HeatWave,NastyPlot,Psyshock,Protect|Modest||F|||50|]Kingambit||BlackGlasses|Defiant|KowtowCleave,SuckerPunch,IronHead,Protect|Adamant||M|||50|
|
|t:|1783815105
|teamsize|p1|4
|teamsize|p2|4
|start
|switch|p1a: BIRDD|Talonflame, L50, F|100/100
|switch|p1b: $70 flutter|Floette-Eternal, L50, F|100/100
|switch|p2a: Delphox|Delphox, L50, F|100/100
|switch|p2b: Sneasler|Sneasler, L50, M|100/100
|turn|1
|
|t:|1783815129
|detailschange|p2a: Delphox|Delphox-Mega, L50, F
|-mega|p2a: Delphox|Delphox|Delphoxite
|detailschange|p1b: $70 flutter|Floette-Mega, L50, F
|-mega|p1b: $70 flutter|Floette|Floettite
|-ability|p1b: $70 flutter|Fairy Aura
|move|p2b: Sneasler|Fake Out|p1b: $70 flutter
|-damage|p1b: $70 flutter|83/100
|move|p1a: BIRDD|Dual Wingbeat|p2b: Sneasler
|-supereffective|p2b: Sneasler|1
|-damage|p2b: Sneasler|41/100
|-supereffective|p2b: Sneasler|1
|-damage|p2b: Sneasler|0 fnt
|faint|p2b: Sneasler
|-hitcount|p2: Sneasler|2
|move|p2a: Delphox|Nasty Plot|p2a: Delphox
|-boost|p2a: Delphox|spa|2
|cant|p1b: $70 flutter|flinch
|
|upkeep
|
|t:|1783815140
|switch|p2b: Kingambit|Kingambit, L50, M|100/100
|turn|2
|
|t:|1783815151
|move|p2a: Delphox|Protect|p2a: Delphox
|-singleturn|p2a: Delphox|Protect
|move|p1a: BIRDD|Tailwind|p1a: BIRDD
|-sidestart|p1: castoriceball|move: Tailwind
|move|p1b: $70 flutter|Light of Ruin|p2b: Kingambit
|-damage|p2b: Kingambit|7/100
|-damage|p1b: $70 flutter|22/100|[from] Recoil
|move|p2b: Kingambit|Iron Head|p1b: $70 flutter
|-supereffective|p1b: $70 flutter|1
|-crit|p1b: $70 flutter
|-damage|p1b: $70 flutter|0 fnt
|faint|p1b: $70 flutter
|
|upkeep
|
|t:|1783815162
|switch|p1b: jarchomp|Garchomp, L50, M|100/100
|turn|3
|
|t:|1783815189
|switch|p2a: Sinistcha|Sinistcha, L50|100/100
|-heal|p2b: Kingambit|31/100|[from] ability: Hospitality|[of] p2a: Sinistcha
|move|p1a: BIRDD|Dual Wingbeat|p2a: Sinistcha
|-supereffective|p2a: Sinistcha|1
|-damage|p2a: Sinistcha|66/100
|-supereffective|p2a: Sinistcha|1
|-damage|p2a: Sinistcha|34/100
|-enditem|p2a: Sinistcha|Sitrus Berry|[eat]
|-heal|p2a: Sinistcha|59/100|[from] item: Sitrus Berry
|-hitcount|p2a: Sinistcha|2
|move|p1b: jarchomp|Rock Slide|p2b: Kingambit|[spread] p2a,p2b
|-resisted|p2b: Kingambit|1
|-damage|p2a: Sinistcha|37/100
|-damage|p2b: Kingambit|22/100
|-damage|p1b: jarchomp|90/100|[from] item: Life Orb
|move|p2b: Kingambit|Kowtow Cleave|p1a: BIRDD
|-damage|p1a: BIRDD|25/100
|
|upkeep
|turn|4
|
|t:|1783815216
|move|p2b: Kingambit|Sucker Punch|p1a: BIRDD
|-damage|p1a: BIRDD|0 fnt
|faint|p1a: BIRDD
|move|p1b: jarchomp|Earthquake|p2b: Kingambit|[spread] p2a,p2b
|-resisted|p2a: Sinistcha|1
|-supereffective|p2b: Kingambit|1
|-crit|p2b: Kingambit
|-damage|p2a: Sinistcha|16/100
|-damage|p2b: Kingambit|0 fnt
|faint|p2b: Kingambit
|-damage|p1b: jarchomp|80/100|[from] item: Life Orb
|move|p2a: Sinistcha|Matcha Gotcha|p1b: jarchomp
|-crit|p1b: jarchomp
|-damage|p1b: jarchomp|30/100
|-heal|p2a: Sinistcha|42/100|[from] drain|[of] p1b: jarchomp
|-status|p1b: jarchomp|brn
|
|-damage|p1b: jarchomp|24/100 brn|[from] brn
|upkeep
|
|t:|1783815233
|switch|p1a: Laundry List|Rotom-Wash, L50, shiny|100/100
|switch|p2b: Delphox|Delphox-Mega, L50, F|100/100
|turn|5
|
|t:|1783815244
|move|p2b: Delphox|Protect|p2b: Delphox
|-singleturn|p2b: Delphox|Protect
|move|p1b: jarchomp|Dragon Claw|p2a: Sinistcha
|-damage|p2a: Sinistcha|18/100
|-damage|p1b: jarchomp|14/100 brn|[from] item: Life Orb
|move|p1a: Laundry List|Electroweb|p2b: Delphox|[spread] p2a
|-activate|p2b: Delphox|move: Protect
|-resisted|p2a: Sinistcha|1
|-damage|p2a: Sinistcha|7/100
|-unboost|p2a: Sinistcha|spe|1
|move|p2a: Sinistcha|Matcha Gotcha|p1a: Laundry List|[spread] p1a
|-miss|p2a: Sinistcha|p1b: jarchomp
|-supereffective|p1a: Laundry List|1
|-damage|p1a: Laundry List|46/100
|-heal|p2a: Sinistcha|31/100|[from] drain|[of] p1a: Laundry List
|
|-damage|p1b: jarchomp|9/100 brn|[from] brn
|-sideend|p1: castoriceball|move: Tailwind
|upkeep
|turn|6
|-message|castoriceball forfeited.
|
|win|Inferno prodigy
