|j|☆go to vr
|j|☆Frenta01
|html|go to vrFrenta01    
|uhtml|bestof|Game 1 of a best-of-3
|t:|1756493201
|gametype|doubles
|player|p1|go to vr|colress|1119
|player|p2|Frenta01|2|1109
|gen|9
|tier|[Gen 9] VGC 2025 Reg H (Bo3)
|rated|
|rule|Species Clause: Limit one of each Pokémon
|rule|Item Clause: Limit 1 of each item
|clearpoke
|poke|p1|Kilowattrel, L50, M|
|poke|p1|Gholdengo, L50|
|poke|p1|Ursaluna, L50, M|
|poke|p1|Incineroar, L50, M|
|poke|p1|Dragonite, L50, M|
|poke|p1|Ninetales-Alola, L50, F|
|poke|p2|Gholdengo, L50|
|poke|p2|Incineroar, L50, M|
|poke|p2|Annihilape, L50, M|
|poke|p2|Amoonguss, L50, F|
|poke|p2|Dragonite, L50, M|
|poke|p2|Volcarona, L50, F|
|teampreview|4
|showteam|p1|Kilowattrel||FocusSash|Competitive|Tailwind,Protect,Thunderbolt,AirSlash|||M|||50|,,,,,Ghost]Gholdengo||LifeOrb|GoodasGold|NastyPlot,Protect,ShadowBall,MakeItRain||||||50|,,,,,Dragon]Ursaluna||FlameOrb|Guts|Earthquake,Protect,Facade,HeadlongRush|||M|||50|,,,,,Fairy]Incineroar||RockyHelmet|Intimidate|PartingShot,FlareBlitz,KnockOff,FakeOut|||M|||50|,,,,,Bug]Dragonite||LoadedDice|Multiscale|ScaleShot,Tailwind,Haze,Protect|||M|||50|,,,,,Fairy]Ninetales-Alola||NeverMeltIce|SnowWarning|Encore,Blizzard,FreezeDry,Protect|||F|||50|,,,,,Ghost
|showteam|p2|Gholdengo||LifeOrb|GoodasGold|MakeItRain,ShadowBall,NastyPlot,Protect||||||50|,,,,,Water]Incineroar||SafetyGoggles|Intimidate|FakeOut,FlareBlitz,PartingShot,KnockOff|||M|||50|,,,,,Water]Annihilape||ChoiceScarf|Defiant|FinalGambit,RageFist,BrickBreak,CloseCombat|||M|||50|,,,,,Fighting]Amoonguss||SitrusBerry|Regenerator|Spore,PollenPuff,Protect,RagePowder|||F|||50|,,,,,Water]Dragonite||LoadedDice|Multiscale|ScaleShot,Protect,Haze,ExtremeSpeed|||M|||50|,,,,,Fairy]Volcarona||Leftovers|FlameBody|QuiverDance,Protect,TeraBlast,HeatWave|||F|||50|,,,,,Grass
|inactive|Battle timer is ON: inactive players will automatically lose when time's up. (requested by go to vr)
|inactive|go to vr has 60 seconds left.
|
|t:|1756493260
|teamsize|p1|4
|teamsize|p2|4
|start
|switch|p1a: Kilowattrel|Kilowattrel, L50, M, shiny|100/100
|switch|p1b: Gholdengo|Gholdengo, L50|100/100
|switch|p2a: Incineroar|Incineroar, L50, M|100/100
|switch|p2b: Gholdengo|Gholdengo, L50|100/100
|-ability|p2a: Incineroar|Intimidate|boost
|-unboost|p1a: Kilowattrel|atk|1
|-ability|p1a: Kilowattrel|Competitive|boost
|-boost|p1a: Kilowattrel|spa|2
|-unboost|p1b: Gholdengo|atk|1
|turn|1
|inactive|go to vr has 30 seconds left.
|inactive|go to vr has 20 seconds left.
|inactive|go to vr has 15 seconds left.
|inactive|go to vr has 10 seconds left.
|
|t:|1756493305
|-terastallize|p2b: Gholdengo|Water
|-terastallize|p1b: Gholdengo|Dragon
|move|p1a: Kilowattrel|Protect|p1a: Kilowattrel
|-singleturn|p1a: Kilowattrel|Protect
|move|p2a: Incineroar|Fake Out|p1a: Kilowattrel
|-activate|p1a: Kilowattrel|move: Protect
|move|p2b: Gholdengo|Nasty Plot|p2b: Gholdengo
|-boost|p2b: Gholdengo|spa|2
|move|p1b: Gholdengo|Shadow Ball|p2b: Gholdengo
|-damage|p2b: Gholdengo|38/100
|-damage|p1b: Gholdengo|91/100|[from] item: Life Orb
|
|upkeep
|turn|2
|inactive|go to vr has 30 seconds left.
|inactive|Frenta01 has 30 seconds left.
|
|t:|1756493337
|move|p2b: Gholdengo|Protect|p2b: Gholdengo
|-singleturn|p2b: Gholdengo|Protect
|move|p1a: Kilowattrel|Tailwind|p1a: Kilowattrel
|-sidestart|p1: go to vr|move: Tailwind
|move|p1b: Gholdengo|Nasty Plot|p1b: Gholdengo
|-boost|p1b: Gholdengo|spa|2
|move|p2a: Incineroar|Knock Off|p1b: Gholdengo
|-damage|p1b: Gholdengo|44/100
|-enditem|p1b: Gholdengo|Life Orb|[from] move: Knock Off|[of] p2a: Incineroar
|
|upkeep
|turn|3
|inactive|go to vr has 30 seconds left.
|
|t:|1756493366
|switch|p2b: Volcarona|Volcarona, L50, F, shiny|100/100
|move|p1a: Kilowattrel|Thunderbolt|p2a: Incineroar
|-damage|p2a: Incineroar|26/100
|move|p1b: Gholdengo|Make It Rain|p2b: Volcarona|[spread] p2a,p2b
|-resisted|p2a: Incineroar
|-resisted|p2b: Volcarona
|-damage|p2a: Incineroar|0 fnt
|-damage|p2b: Volcarona|56/100
|-unboost|p1b: Gholdengo|spa|1
|faint|p2a: Incineroar
|
|-heal|p2b: Volcarona|62/100|[from] item: Leftovers
|upkeep
|
|t:|1756493375
|switch|p2a: Amoonguss|Amoonguss, L50, F, shiny|100/100
|turn|4
|
|t:|1756493392
|move|p1a: Kilowattrel|Air Slash|p2b: Volcarona
|-supereffective|p2b: Volcarona
|-damage|p2b: Volcarona|0 fnt
|faint|p2b: Volcarona
|move|p1b: Gholdengo|Shadow Ball|p2a: Amoonguss
|-damage|p2a: Amoonguss|49/100
|-enditem|p2a: Amoonguss|Sitrus Berry|[eat]
|-heal|p2a: Amoonguss|74/100|[from] item: Sitrus Berry
|move|p2a: Amoonguss|Pollen Puff|p2: Volcarona|[notarget]
|-fail|p2a: Amoonguss
|
|upkeep
|
|t:|1756493395
|switch|p2b: Gholdengo|Gholdengo, L50, tera:Water|38/100
|turn|5
|
|t:|1756493409
|move|p1a: Kilowattrel|Protect|p1a: Kilowattrel
|-singleturn|p1a: Kilowattrel|Protect
|move|p2b: Gholdengo|Protect|p2b: Gholdengo
|-singleturn|p2b: Gholdengo|Protect
|move|p1b: Gholdengo|Make It Rain|p2a: Amoonguss|[spread] p2a
|-activate|p2b: Gholdengo|move: Protect
|-damage|p2a: Amoonguss|13/100
|-unboost|p1b: Gholdengo|spa|1
|move|p2a: Amoonguss|Spore|p1a: Kilowattrel
|-activate|p1a: Kilowattrel|move: Protect
|
|-sideend|p1: go to vr|move: Tailwind
|upkeep
|turn|6
|
|t:|1756493426
|move|p1a: Kilowattrel|Thunderbolt|p2b: Gholdengo
|-supereffective|p2b: Gholdengo
|-damage|p2b: Gholdengo|0 fnt
|faint|p2b: Gholdengo
|move|p1b: Gholdengo|Make It Rain|p2a: Amoonguss
|-damage|p2a: Amoonguss|0 fnt
|-unboost|p1b: Gholdengo|spa|1
|faint|p2a: Amoonguss
|
|win|go to vr
||Frenta01 is ready for game 2.
|l|☆go to vr
|player|p1|
|inactive|go to vr has 30 seconds to confirm battle start!
||go to vr is ready for game 2.
|uhtml|next|Next: Game 2 of 3
|l|☆Frenta01
|player|p2|
|j|☆go to vr
|player|p1|go to vr|colress|
