|j|☆DINOLONK
|j|☆Joe870502
|html|DINOLONKJoe870502    
|uhtml|bestof|Game 2 of a best-of-3
|t:|1782576422
|gametype|doubles
|player|p1|DINOLONK|parasollady-gen4|1179
|player|p2|Joe870502|170|1241
|gen|9
|tier|[Gen 9 Champions] VGC 2026 Reg M-B (Bo3)
|rated|
|rule|Species Clause: Limit one of each Pokémon
|rule|Item Clause: Limit 1 of each item
|clearpoke
|poke|p1|Hydreigon, L50, M|
|poke|p1|Garchomp, L50, F|
|poke|p1|Metagross, L50|
|poke|p1|Charizard, L50, F|
|poke|p1|Grimmsnarl, L50, M|
|poke|p1|Toxapex, L50, F|
|poke|p2|Charizard, L50, M|
|poke|p2|Sneasler, L50, M|
|poke|p2|Floette-Eternal, L50, F|
|poke|p2|Sinistcha, L50|
|poke|p2|Milotic, L50, F|
|poke|p2|Incineroar, L50, M|
|teampreview|4
|showteam|p1|Hydreigon||ChoiceScarf|Levitate|HeatWave,DarkPulse,DracoMeteor,Snarl|Modest||M|||50|]Garchomp||SitrusBerry|RoughSkin|Earthquake,RockSlide,DragonClaw,Protect|Adamant||F|||50|]Metagross||Metagrossite|ClearBody|IronHead,HammerArm,BulletPunch,Protect|Adamant|||||50|]Charizard||CharizarditeY|Blaze|Protect,HeatWave,SolarBeam,WeatherBall|Timid||F|||50|]Grimmsnarl||RoseliBerry|Prankster|FakeOut,FoulPlay,Reflect,PartingShot|Sassy||M|||50|]Toxapex||Leftovers|Regenerator|Infestation,Toxic,BanefulBunker,WideGuard|Bold||F|||50|
|showteam|p2|Charizard||CharizarditeX|Blaze|TemperFlare,DragonClaw,DragonDance,Protect|Adamant||M|||50|]Sneasler||FocusSash|Unburden|FakeOut,CloseCombat,DireClaw,Coaching|Jolly||M|||50|]Floette-Eternal||Floettite|FlowerVeil|Moonblast,DazzlingGleam,CalmMind,Protect|Modest||F|||50|]Sinistcha||ColburBerry|Hospitality|RagePowder,TrickRoom,MatchaGotcha,LifeDew|Sassy|||||50|]Milotic||Leftovers|Competitive|MuddyWater,Recover,Coil,Hypnosis|Bold||F|||50|]Incineroar||SitrusBerry|Intimidate|FakeOut,FlareBlitz,ThroatChop,PartingShot|Impish||M|||50|
|inactive|Battle timer is ON: inactive players will automatically lose when time's up. (requested by DINOLONK)
|inactive|DINOLONK has 60 seconds left.
|
|t:|1782576466
|teamsize|p1|4
|teamsize|p2|4
|start
|switch|p1a: Garchomp|Garchomp, L50, F|100/100
|switch|p1b: Grimmsnarl|Grimmsnarl, L50, M|100/100
|switch|p2a: Milotic|Milotic, L50, F|100/100
|switch|p2b: Incineroar|Incineroar, L50, M|100/100
|-ability|p2b: Incineroar|Intimidate|boost
|-unboost|p1a: Garchomp|atk|1
|-unboost|p1b: Grimmsnarl|atk|1
|turn|1
|
|t:|1782576476
|switch|p1a: Toxapex|Toxapex, L50, F|100/100
|move|p2b: Incineroar|Fake Out|p1b: Grimmsnarl
|-damage|p1b: Grimmsnarl|89/100
|cant|p1b: Grimmsnarl|flinch
|move|p2a: Milotic|Coil|p2a: Milotic
|-boost|p2a: Milotic|atk|1
|-boost|p2a: Milotic|def|1
|-boost|p2a: Milotic|accuracy|1
|
|upkeep
|turn|2
|
|t:|1782576491
|move|p2a: Milotic|Hypnosis|p1a: Toxapex
|-status|p1a: Toxapex|slp|[from] move: Hypnosis
|move|p2b: Incineroar|Parting Shot|p1a: Toxapex
|-unboost|p1a: Toxapex|atk|1
|-unboost|p1a: Toxapex|spa|1
|
|t:|1782576497
|switch|p2b: Sneasler|Sneasler, L50, M|100/100|[from] Parting Shot
|move|p1b: Grimmsnarl|Foul Play|p2a: Milotic
|-damage|p2a: Milotic|83/100
|cant|p1a: Toxapex|slp
|
|-heal|p2a: Milotic|89/100|[from] item: Leftovers
|upkeep
|turn|3
|
|t:|1782576504
|move|p2b: Sneasler|Fake Out|p1b: Grimmsnarl
|-damage|p1b: Grimmsnarl|76/100
|cant|p1b: Grimmsnarl|flinch
|move|p2a: Milotic|Hypnosis|p1b: Grimmsnarl
|-status|p1b: Grimmsnarl|slp|[from] move: Hypnosis
|cant|p1a: Toxapex|slp
|
|-heal|p2a: Milotic|95/100|[from] item: Leftovers
|upkeep
|turn|4
|
|t:|1782576516
|cant|p1b: Grimmsnarl|slp
|move|p2b: Sneasler|Dire Claw|p1b: Grimmsnarl
|-supereffective|p1b: Grimmsnarl|1
|-damage|p1b: Grimmsnarl|0 fnt
|faint|p1b: Grimmsnarl
|move|p2a: Milotic|Muddy Water|p1a: Toxapex
|-resisted|p1a: Toxapex|1
|-damage|p1a: Toxapex|88/100 slp
|-curestatus|p1a: Toxapex|slp|[msg]
|move|p1a: Toxapex|Toxic|p2a: Milotic
|-status|p2a: Milotic|tox
|
|-heal|p2a: Milotic|100/100 tox|[from] item: Leftovers
|-heal|p1a: Toxapex|94/100|[from] item: Leftovers
|-damage|p2a: Milotic|94/100 tox|[from] psn
|upkeep
|
|t:|1782576521
|switch|p1b: Garchomp|Garchomp, L50, F|100/100
|turn|5
|
|t:|1782576529
|switch|p2b: Incineroar|Incineroar, L50, M|100/100
|-ability|p2b: Incineroar|Intimidate|boost
|-unboost|p1a: Toxapex|atk|1
|-unboost|p1b: Garchomp|atk|1
|move|p1a: Toxapex|Baneful Bunker|p1a: Toxapex
|-singleturn|p1a: Toxapex|move: Protect
|move|p1b: Garchomp|Earthquake|p2a: Milotic|[spread] p2a,p2b
|-activate|p1a: Toxapex|move: Protect
|-supereffective|p2b: Incineroar|1
|-damage|p2a: Milotic|80/100 tox
|-damage|p2b: Incineroar|57/100
|move|p2a: Milotic|Hypnosis|p1a: Toxapex
|-activate|p1a: Toxapex|move: Protect
|
|-heal|p2a: Milotic|86/100 tox|[from] item: Leftovers
|-heal|p1a: Toxapex|100/100|[from] item: Leftovers
|-damage|p2a: Milotic|74/100 tox|[from] psn
|upkeep
|turn|6
|
|t:|1782576539
|move|p1b: Garchomp|Protect|p1b: Garchomp
|-singleturn|p1b: Garchomp|Protect
|move|p2a: Milotic|Hypnosis|p1a: Toxapex
|-status|p1a: Toxapex|slp|[from] move: Hypnosis
|move|p2b: Incineroar|Parting Shot|p1b: Garchomp
|-activate|p1b: Garchomp|move: Protect
|cant|p1a: Toxapex|slp
|
|-heal|p2a: Milotic|80/100 tox|[from] item: Leftovers
|-damage|p2a: Milotic|62/100 tox|[from] psn
|upkeep
|turn|7
|
|t:|1782576551
|move|p1b: Garchomp|Rock Slide|p2b: Incineroar|[spread] p2a,p2b
|-crit|p2a: Milotic
|-supereffective|p2b: Incineroar|1
|-damage|p2a: Milotic|37/100 tox
|-damage|p2b: Incineroar|32/100
|-enditem|p2b: Incineroar|Sitrus Berry|[eat]
|-heal|p2b: Incineroar|57/100|[from] item: Sitrus Berry
|move|p2a: Milotic|Muddy Water|p1b: Garchomp|[spread] p1a,p1b
|-resisted|p1a: Toxapex|1
|-damage|p1a: Toxapex|90/100 slp
|-damage|p1b: Garchomp|77/100
|move|p2b: Incineroar|Throat Chop|p1a: Toxapex
|-damage|p1a: Toxapex|70/100 slp
|-start|p1a: Toxapex|Throat Chop|[silent]
|-curestatus|p1a: Toxapex|slp|[msg]
|move|p1a: Toxapex|Infestation|p2b: Incineroar
|-damage|p2b: Incineroar|55/100
|-activate|p2b: Incineroar|move: Infestation|[of] p1a: Toxapex
|
|-heal|p2a: Milotic|43/100 tox|[from] item: Leftovers
|-heal|p1a: Toxapex|76/100|[from] item: Leftovers
|-damage|p2a: Milotic|19/100 tox|[from] psn
|-damage|p2b: Incineroar|43/100|[from] move: Infestation|[partiallytrapped]
|upkeep
|turn|8
|
|t:|1782576564
|switch|p2a: Sneasler|Sneasler, L50, M|100/100
|move|p1a: Toxapex|Baneful Bunker|p1a: Toxapex
|-singleturn|p1a: Toxapex|move: Protect
|move|p1b: Garchomp|Rock Slide|p2a: Sneasler|[spread] p2a,p2b
|-resisted|p2a: Sneasler|1
|-supereffective|p2b: Incineroar|1
|-damage|p2a: Sneasler|89/100
|-damage|p2b: Incineroar|22/100
|move|p2b: Incineroar|Parting Shot|p1b: Garchomp
|-unboost|p1b: Garchomp|atk|1
|-unboost|p1b: Garchomp|spa|1
|
|t:|1782576575
|switch|p2b: Charizard|Charizard, L50, M|100/100|[from] Parting Shot
|
|-heal|p1a: Toxapex|82/100|[from] item: Leftovers
|-end|p1a: Toxapex|Throat Chop|[silent]
|upkeep
|turn|9
|
|t:|1782576582
|switch|p1b: Metagross|Metagross, L50|100/100
|move|p2b: Charizard|Protect|p2b: Charizard
|-singleturn|p2b: Charizard|Protect
|move|p2a: Sneasler|Coaching|p2b: Charizard
|-boost|p2b: Charizard|atk|1
|-boost|p2b: Charizard|def|1
|move|p1a: Toxapex|Toxic|p2b: Charizard
|-activate|p2b: Charizard|move: Protect
|
|-heal|p1a: Toxapex|87/100|[from] item: Leftovers
|upkeep
|turn|10
|
|t:|1782576592
|switch|p1b: Garchomp|Garchomp, L50, F|77/100
|detailschange|p2b: Charizard|Charizard-Mega-X, L50, M
|-mega|p2b: Charizard|Charizard|Charizardite X
|move|p2a: Sneasler|Coaching|p2b: Charizard
|-boost|p2b: Charizard|atk|1
|-boost|p2b: Charizard|def|1
|move|p2b: Charizard|Temper Flare|p1b: Garchomp
|-resisted|p1b: Garchomp|1
|-damage|p1b: Garchomp|31/100
|-damage|p2b: Charizard|87/100|[from] ability: Rough Skin|[of] p1b: Garchomp
|-enditem|p1b: Garchomp|Sitrus Berry|[eat]
|-heal|p1b: Garchomp|56/100|[from] item: Sitrus Berry
|move|p1a: Toxapex|Toxic|p2b: Charizard
|-status|p2b: Charizard|tox
|
|-heal|p1a: Toxapex|93/100|[from] item: Leftovers
|-damage|p2b: Charizard|81/100 tox|[from] psn
|upkeep
|turn|11
|
|t:|1782576606
|move|p1b: Garchomp|Protect|p1b: Garchomp
|-singleturn|p1b: Garchomp|Protect
|move|p2a: Sneasler|Coaching|p2b: Charizard
|-boost|p2b: Charizard|atk|1
|-boost|p2b: Charizard|def|1
|move|p2b: Charizard|Dragon Claw|p1a: Toxapex
|-damage|p1a: Toxapex|1/100
|move|p1a: Toxapex|Infestation|p2a: Sneasler
|-resisted|p2a: Sneasler|2
|-damage|p2a: Sneasler|88/100
|-activate|p2a: Sneasler|move: Infestation|[of] p1a: Toxapex
|
|-heal|p1a: Toxapex|7/100|[from] item: Leftovers
|-damage|p2b: Charizard|70/100 tox|[from] psn
|-damage|p2a: Sneasler|76/100|[from] move: Infestation|[partiallytrapped]
|upkeep
|turn|12
|
|t:|1782576620
|-heal|p1a: Toxapex|40/100|[from] ability: Regenerator|[silent]
|switch|p1a: Metagross|Metagross, L50|100/100
|move|p2a: Sneasler|Coaching|p2b: Charizard
|-boost|p2b: Charizard|atk|1
|-boost|p2b: Charizard|def|1
|move|p2b: Charizard|Dragon Claw|p1b: Garchomp
|-supereffective|p1b: Garchomp|1
|-damage|p1b: Garchomp|0 fnt
|-damage|p2b: Charizard|58/100 tox|[from] ability: Rough Skin|[of] p1b: Garchomp
|faint|p1b: Garchomp
|
|-damage|p2b: Charizard|40/100 tox|[from] psn
|-end|p2a: Sneasler|Infestation|[partiallytrapped]|[silent]
|upkeep
|
|t:|1782576623
|switch|p1b: Toxapex|Toxapex, L50, F|40/100
|turn|13
|inactive|DINOLONK has 30 seconds left.
|
|t:|1782576653
|detailschange|p1a: Metagross|Metagross-Mega, L50
|-mega|p1a: Metagross|Metagross|Metagrossite
|move|p1b: Toxapex|Baneful Bunker|p1b: Toxapex
|-singleturn|p1b: Toxapex|move: Protect
|move|p1a: Metagross|Bullet Punch|p2b: Charizard
|-resisted|p2b: Charizard|1
|-damage|p2b: Charizard|34/100 tox
|move|p2a: Sneasler|Coaching|p2b: Charizard
|-boost|p2b: Charizard|atk|1
|-boost|p2b: Charizard|def|1
|move|p2b: Charizard|Temper Flare|p1a: Metagross
|-supereffective|p1a: Metagross|1
|-damage|p1a: Metagross|0 fnt
|faint|p1a: Metagross
|
|-heal|p1b: Toxapex|45/100|[from] item: Leftovers
|-damage|p2b: Charizard|11/100 tox|[from] psn
|upkeep
|turn|14
|
|t:|1782576662
|move|p2a: Sneasler|Close Combat|p1b: Toxapex
|-resisted|p1b: Toxapex|1
|-damage|p1b: Toxapex|24/100
|-unboost|p2a: Sneasler|def|1
|-unboost|p2a: Sneasler|spd|1
|move|p2b: Charizard|Dragon Claw|p1b: Toxapex
|-damage|p1b: Toxapex|0 fnt
|faint|p1b: Toxapex
|
|win|Joe870502
