|j|☆Gayangos
|j|☆CometaMiedoso97
|html|GayangosCometaMiedoso97    
|uhtml|bestof|Game 1 of a best-of-3
|t:|1757859041
|gametype|doubles
|player|p1|Gayangos|2|1419
|player|p2|CometaMiedoso97|169|1499
|gen|9
|tier|[Gen 9] VGC 2025 Reg H (Bo3)
|rated|
|rule|Species Clause: Limit one of each Pokémon
|rule|Item Clause: Limit 1 of each item
|clearpoke
|poke|p1|Dragapult, L50, F|
|poke|p1|Sneasler, L50, M|
|poke|p1|Incineroar, L50, F|
|poke|p1|Rillaboom, L50, F|
|poke|p1|Kingambit, L50, M|
|poke|p1|Volcarona, L50, F|
|poke|p2|Pelipper, L50, F|
|poke|p2|Archaludon, L50, M|
|poke|p2|Sinistcha, L50|
|poke|p2|Ursaluna, L50, M|
|poke|p2|Dragonite, L50, M|
|poke|p2|Gholdengo, L50|
|teampreview|4
|showteam|p1|Dragapult||ChoiceBand|ClearBody|DragonDarts,Outrage,PhantomForce,Uturn|||F|||50|,,,,,Dragon]Sneasler||FocusSash|Unburden|CloseCombat,DireClaw,ThroatChop,Protect|||M|||50|,,,,,Stellar]Incineroar||SafetyGoggles|Intimidate|KnockOff,FakeOut,Taunt,PartingShot|||F|||50|,,,,,Ghost]Rillaboom||AssaultVest|GrassySurge|WoodHammer,GrassyGlide,FakeOut,HighHorsepower|||F|||50|,,,,,Fire]Kingambit||BlackGlasses|Defiant|KowtowCleave,SuckerPunch,SwordsDance,Protect|||M|||50|,,,,,Dark]Volcarona||GrassySeed|FlameBody|HeatWave,TeraBlast,QuiverDance,Protect|||F|||50|,,,,,Fairy
|showteam|p2|Pelipper||FocusSash|Drizzle|MuddyWater,Hurricane,Protect,Tailwind|||F|||50|,,,,,Ground]Archaludon||AssaultVest|Stamina|FlashCannon,BodyPress,ElectroShot,Snarl|||M|||50|,,,,,Fighting]Sinistcha||SitrusBerry|Hospitality|MatchaGotcha,LifeDew,RagePowder,TrickRoom||||||50|,,,,,Dark]Ursaluna||FlameOrb|Guts|Protect,Facade,HeadlongRush,Earthquake|||M|||50|,,,,,Ghost]Dragonite||LoadedDice|Multiscale|Protect,ScaleShot,Haze,Tailwind|||M|||50|,,,,,Fairy]Gholdengo||ChoiceScarf|GoodasGold|MakeItRain,TeraBlast,Trick,ShadowBall||||||50|,,,,,Water
|inactive|Battle timer is ON: inactive players will automatically lose when time's up. (requested by Gayangos)
|inactive|Gayangos has 60 seconds left.
|inactive|CometaMiedoso97 has 60 seconds left.
|inactive|CometaMiedoso97 has 30 seconds left.
|inactive|CometaMiedoso97 has 20 seconds left.
|inactive|CometaMiedoso97 has 15 seconds left.
|
|t:|1757859120
|teamsize|p1|4
|teamsize|p2|4
|start
|switch|p1a: Kingambit|Kingambit, L50, M|100/100
|switch|p1b: Sneasler|Sneasler, L50, M|100/100
|switch|p2a: Dragonite|Dragonite, L50, M|100/100
|switch|p2b: Gholdengo|Gholdengo, L50|100/100
|turn|1
|
|t:|1757859138
|move|p1b: Sneasler|Protect|p1b: Sneasler
|-singleturn|p1b: Sneasler|Protect
|move|p2b: Gholdengo|Trick|p1a: Kingambit
|-activate|p2b: Gholdengo|move: Trick|[of] p1a: Kingambit
|-item|p1a: Kingambit|Choice Scarf|[from] move: Trick
|-item|p2b: Gholdengo|Black Glasses|[from] move: Trick
|move|p2a: Dragonite|Tailwind|p2a: Dragonite
|-sidestart|p2: CometaMiedoso97|move: Tailwind
|move|p1a: Kingambit|Kowtow Cleave|p2b: Gholdengo
|-supereffective|p2b: Gholdengo
|-damage|p2b: Gholdengo|0 fnt
|faint|p2b: Gholdengo
|
|upkeep
|
|t:|1757859160
|switch|p2b: Archaludon|Archaludon, L50, M|100/100
|turn|2
|
|t:|1757859170
|switch|p1b: Volcarona|Volcarona, L50, F|100/100
|switch|p1a: Dragapult|Dragapult, L50, F|100/100
|-terastallize|p2b: Archaludon|Fighting
|move|p2a: Dragonite|Scale Shot|p2b: Archaludon
|-damage|p2b: Archaludon|92/100
|-ability|p2b: Archaludon|Stamina|boost
|-boost|p2b: Archaludon|def|1
|-crit|p2b: Archaludon
|-damage|p2b: Archaludon|79/100
|-ability|p2b: Archaludon|Stamina|boost
|-boost|p2b: Archaludon|def|1
|-damage|p2b: Archaludon|73/100
|-ability|p2b: Archaludon|Stamina|boost
|-boost|p2b: Archaludon|def|1
|-damage|p2b: Archaludon|68/100
|-ability|p2b: Archaludon|Stamina|boost
|-boost|p2b: Archaludon|def|1
|-hitcount|p2b: Archaludon|4
|-unboost|p2a: Dragonite|def|1
|-boost|p2a: Dragonite|spe|1
|move|p2b: Archaludon|Body Press|p1b: Volcarona
|-resisted|p1b: Volcarona
|-damage|p1b: Volcarona|12/100
|
|upkeep
|turn|3
|inactive|Gayangos has 30 seconds left.
|inactive|CometaMiedoso97 has 30 seconds left.
|inactive|Gayangos has 20 seconds left.
|inactive|CometaMiedoso97 has 20 seconds left.
|inactive|CometaMiedoso97 has 15 seconds left.
|
|t:|1757859212
|switch|p1a: Kingambit|Kingambit, L50, M|100/100
|move|p1b: Volcarona|Protect|p1b: Volcarona
|-singleturn|p1b: Volcarona|Protect
|move|p2a: Dragonite|Scale Shot|p1a: Kingambit|[miss]
|-miss|p2a: Dragonite|p1a: Kingambit
|move|p2b: Archaludon|Body Press|p1a: Kingambit
|-supereffective|p1a: Kingambit
|-damage|p1a: Kingambit|0 fnt
|faint|p1a: Kingambit
|
|upkeep
|
|t:|1757859227
|switch|p1a: Sneasler|Sneasler, L50, M|100/100
|turn|4
|
|t:|1757859241
|switch|p1b: Dragapult|Dragapult, L50, F|100/100
|move|p1a: Sneasler|Protect|p1a: Sneasler
|-singleturn|p1a: Sneasler|Protect
|move|p2a: Dragonite|Scale Shot|p1a: Sneasler
|-activate|p1a: Sneasler|move: Protect
|move|p2b: Archaludon|Body Press|p1b: Dragapult
|-immune|p1b: Dragapult
|
|-sideend|p2: CometaMiedoso97|move: Tailwind
|upkeep
|turn|5
|inactive|Gayangos has 30 seconds left.
|inactive|CometaMiedoso97 has 30 seconds left.
|
|t:|1757859271
|move|p2a: Dragonite|Scale Shot|p1b: Dragapult
|-supereffective|p1b: Dragapult
|-damage|p1b: Dragapult|57/100
|-supereffective|p1b: Dragapult
|-damage|p1b: Dragapult|13/100
|-supereffective|p1b: Dragapult
|-damage|p1b: Dragapult|0 fnt
|faint|p1b: Dragapult
|-hitcount|p1: Dragapult|3
|-unboost|p2a: Dragonite|def|1
|-boost|p2a: Dragonite|spe|1
|move|p1a: Sneasler|Dire Claw|p2a: Dragonite
|-damage|p2a: Dragonite|56/100
|move|p2b: Archaludon|Body Press|p1a: Sneasler
|-resisted|p1a: Sneasler
|-damage|p1a: Sneasler|2/100
|
|upkeep
|
|t:|1757859286
|switch|p1b: Volcarona|Volcarona, L50, F|12/100
|turn|6
|
|t:|1757859298
|-terastallize|p1b: Volcarona|Fairy
|move|p1a: Sneasler|Protect|p1a: Sneasler
|-singleturn|p1a: Sneasler|Protect
|move|p2a: Dragonite|Tailwind|p2a: Dragonite
|-sidestart|p2: CometaMiedoso97|move: Tailwind
|move|p2b: Archaludon|Snarl|p1b: Volcarona|[spread] p1b
|-activate|p1a: Sneasler|move: Protect
|-resisted|p1b: Volcarona
|-damage|p1b: Volcarona|6/100
|-unboost|p1b: Volcarona|spa|1
|move|p1b: Volcarona|Tera Blast|p2b: Archaludon|[anim] Tera Blast Fairy
|-supereffective|p2b: Archaludon
|-damage|p2b: Archaludon|32/100
|-ability|p2b: Archaludon|Stamina|boost
|-boost|p2b: Archaludon|def|1
|
|upkeep
|turn|7
|
|t:|1757859310
|move|p2a: Dragonite|Scale Shot|p1a: Sneasler
|-damage|p1a: Sneasler|0 fnt
|faint|p1a: Sneasler
|-hitcount|p1: Sneasler|1
|-unboost|p2a: Dragonite|def|1
|-boost|p2a: Dragonite|spe|1
|move|p2b: Archaludon|Flash Cannon|p1b: Volcarona
|-supereffective|p1b: Volcarona
|-damage|p1b: Volcarona|0 fnt
|faint|p1b: Volcarona
|
|win|CometaMiedoso97
||CometaMiedoso97 is ready for game 2.
||Gayangos is ready for game 2.
|uhtml|next|Next: Game 2 of 3
