|j|☆tang de maracuja
|j|☆XiaoBling
|html|tang de maracujaXiaoBling    
|uhtml|bestof|Game 1 of a best-of-3
|t:|1784751524
|gametype|doubles
|player|p1|tang de maracuja|morty|1310
|player|p2|XiaoBling|fisherman|1480
|gen|9
|tier|[Gen 9 Champions] VGC 2026 Reg M-B (Bo3)
|rated|
|rule|Species Clause: Limit one of each Pokémon
|rule|Item Clause: Limit 1 of each item
|clearpoke
|poke|p1|Tyranitar, L50, F|
|poke|p1|Excadrill, L50, M|
|poke|p1|Milotic, L50, M|
|poke|p1|Sinistcha, L50|
|poke|p1|Staraptor, L50, F|
|poke|p1|Gholdengo, L50|
|poke|p2|Charizard, L50, M|
|poke|p2|Venusaur, L50, M|
|poke|p2|Grimmsnarl, L50, M|
|poke|p2|Archaludon, L50, M|
|poke|p2|Basculegion, L50, M|
|poke|p2|Pelipper, L50, M|
|teampreview|4
|showteam|p1|Tyranitar||Tyranitarite|SandStream|KnockOff,RockSlide,LowKick,Protect|Jolly||F|||50|]Excadrill||FocusSash|SandRush|Earthquake,IronHead,RockSlide,Protect|Adamant||M|||50|]Milotic||SitrusBerry|Competitive|Scald,IcyWind,Haze,Protect|Calm||M|||50|]Sinistcha||ColburBerry|Hospitality|MatchaGotcha,ShadowBall,Protect,RagePowder|Bold|||||50|]Staraptor||Staraptite|Intimidate|CloseCombat,BraveBird,Tailwind,Protect|Jolly||F|||50|]Gholdengo||LifeOrb|GoodasGold|MakeItRain,ShadowBall,NastyPlot,Protect|Modest|||||50|
|showteam|p2|Charizard||CharizarditeY|Blaze|HeatWave,WeatherBall,SolarBeam,Protect|Modest||M|||50|]Venusaur||FocusSash|Chlorophyll|SleepPowder,SludgeBomb,EarthPower,Protect|Modest||M|||50|]Grimmsnarl||LightClay|Prankster|Reflect,LightScreen,SpiritBreak,PartingShot|Impish||M|||50|]Archaludon||Leftovers|Stamina|ElectroShot,DragonPulse,FlashCannon,Protect|Calm||M|||50|]Basculegion||ChoiceScarf|Adaptability|WaveCrash,LastRespects,AquaJet,FlipTurn|Jolly||M|||50|]Pelipper||SitrusBerry|Drizzle|Hurricane,WeatherBall,WideGuard,Tailwind|Bold||M|||50|
|inactive|Battle timer is ON: inactive players will automatically lose when time's up. (requested by XiaoBling)
|inactive|tang de maracuja also wants the timer to be on.
|inactive|tang de maracuja has 60 seconds left.
|inactive|tang de maracuja has 30 seconds left.
|
|t:|1784751591
|teamsize|p1|4
|teamsize|p2|4
|start
|switch|p1a: Tyranitar|Tyranitar, L50, F|100/100
|switch|p1b: Excadrill|Excadrill, L50, M|100/100
|switch|p2a: Charizard|Charizard, L50, M|100/100
|switch|p2b: Grimmsnarl|Grimmsnarl, L50, M|100/100
|-weather|Sandstorm|[from] ability: Sand Stream|[of] p1a: Tyranitar
|turn|1
|inactive|XiaoBling has 30 seconds left.
|inactive|tang de maracuja has 30 seconds left.
|inactive|tang de maracuja has 20 seconds left.
|inactive|tang de maracuja has 15 seconds left.
|inactive|tang de maracuja has 10 seconds left.
|
|t:|1784751644
|detailschange|p2a: Charizard|Charizard-Mega-Y, L50, M
|-mega|p2a: Charizard|Charizard|Charizardite Y
|-weather|SunnyDay|[from] ability: Drought|[of] p2a: Charizard
|move|p1b: Excadrill|Protect|p1b: Excadrill
|-singleturn|p1b: Excadrill|Protect
|move|p2a: Charizard|Protect|p2a: Charizard
|-singleturn|p2a: Charizard|Protect
|move|p2b: Grimmsnarl|Reflect|p2b: Grimmsnarl
|-sidestart|p2: XiaoBling|Reflect
|move|p1a: Tyranitar|Knock Off|p2b: Grimmsnarl
|-resisted|p2b: Grimmsnarl|2
|-damage|p2b: Grimmsnarl|93/100
|-enditem|p2b: Grimmsnarl|Light Clay|[from] move: Knock Off|[of] p1a: Tyranitar
|
|-weather|SunnyDay|[upkeep]
|upkeep
|turn|2
|
|t:|1784751668
|switch|p1b: Gholdengo|Gholdengo, L50|100/100
|switch|p2a: Archaludon|Archaludon, L50, M|100/100
|detailschange|p1a: Tyranitar|Tyranitar-Mega, L50, F
|-mega|p1a: Tyranitar|Tyranitar|Tyranitarite
|-weather|Sandstorm|[from] ability: Sand Stream|[of] p1a: Tyranitar
|move|p2b: Grimmsnarl|Parting Shot|p1b: Gholdengo
|-immune|p1b: Gholdengo|[from] ability: Good as Gold
|move|p1a: Tyranitar|Rock Slide|p2b: Grimmsnarl|[spread] p2a,p2b
|-resisted|p2a: Archaludon|1
|-damage|p2a: Archaludon|92/100
|-damage|p2b: Grimmsnarl|73/100
|-ability|p2a: Archaludon|Stamina|boost
|-boost|p2a: Archaludon|def|1
|
|-weather|Sandstorm|[upkeep]
|-damage|p2b: Grimmsnarl|67/100|[from] Sandstorm
|-heal|p2a: Archaludon|98/100|[from] item: Leftovers
|upkeep
|turn|3
|
|t:|1784751682
|move|p2b: Grimmsnarl|Light Screen|p2b: Grimmsnarl
|-sidestart|p2: XiaoBling|move: Light Screen
|move|p1a: Tyranitar|Knock Off|p2a: Archaludon
|-damage|p2a: Archaludon|80/100
|-ability|p2a: Archaludon|Stamina|boost
|-boost|p2a: Archaludon|def|1
|-enditem|p2a: Archaludon|Leftovers|[from] move: Knock Off|[of] p1a: Tyranitar
|move|p1b: Gholdengo|Nasty Plot|p1b: Gholdengo
|-boost|p1b: Gholdengo|spa|2
|move|p2a: Archaludon|Flash Cannon|p1a: Tyranitar
|-supereffective|p1a: Tyranitar|1
|-damage|p1a: Tyranitar|61/100
|
|-weather|Sandstorm|[upkeep]
|-damage|p2b: Grimmsnarl|61/100|[from] Sandstorm
|upkeep
|turn|4
|
|t:|1784751701
|switch|p2b: Pelipper|Pelipper, L50, M|100/100
|-weather|RainDance|[from] ability: Drizzle|[of] p2b: Pelipper
|move|p1a: Tyranitar|Rock Slide|p2b: Pelipper|[spread] p2a,p2b
|-resisted|p2a: Archaludon|1
|-supereffective|p2b: Pelipper|1
|-damage|p2a: Archaludon|76/100
|-damage|p2b: Pelipper|61/100
|-ability|p2a: Archaludon|Stamina|boost
|-boost|p2a: Archaludon|def|1
|move|p1b: Gholdengo|Nasty Plot|p1b: Gholdengo
|-boost|p1b: Gholdengo|spa|2
|move|p2a: Archaludon|Flash Cannon|p1a: Tyranitar
|-supereffective|p1a: Tyranitar|1
|-damage|p1a: Tyranitar|1/100
|
|-weather|RainDance|[upkeep]
|upkeep
|turn|5
|
|t:|1784751721
|switch|p1a: Excadrill|Excadrill, L50, M|100/100
|move|p1b: Gholdengo|Shadow Ball|p2b: Pelipper
|-damage|p2b: Pelipper|0 fnt
|faint|p2b: Pelipper
|-damage|p1b: Gholdengo|90/100|[from] item: Life Orb
|move|p2a: Archaludon|Electro Shot||[still]
|-prepare|p2a: Archaludon|Electro Shot
|-boost|p2a: Archaludon|spa|1
|-anim|p2a: Archaludon|Electro Shot|p1b: Gholdengo
|-damage|p1b: Gholdengo|37/100
|
|-weather|RainDance|[upkeep]
|upkeep
|
|t:|1784751727
|switch|p2b: Charizard|Charizard-Mega-Y, L50, M|100/100
|-weather|SunnyDay|[from] ability: Drought|[of] p2b: Charizard
|turn|6
|
|t:|1784751749
|switch|p1a: Tyranitar|Tyranitar-Mega, L50, F|1/100
|-weather|Sandstorm|[from] ability: Sand Stream|[of] p1a: Tyranitar
|move|p1b: Gholdengo|Protect|p1b: Gholdengo
|-singleturn|p1b: Gholdengo|Protect
|move|p2b: Charizard|Heat Wave|p1b: Gholdengo|[spread] p1a
|-activate|p1b: Gholdengo|move: Protect
|-resisted|p1a: Tyranitar|1
|-damage|p1a: Tyranitar|0 fnt
|faint|p1a: Tyranitar
|move|p2a: Archaludon|Flash Cannon|p1b: Gholdengo
|-activate|p1b: Gholdengo|move: Protect
|
|-weather|Sandstorm|[upkeep]
|-damage|p2b: Charizard|93/100|[from] Sandstorm
|upkeep
|
|t:|1784751763
|switch|p1a: Excadrill|Excadrill, L50, M|100/100
|turn|7
|
|t:|1784751770
|switch|p2b: Grimmsnarl|Grimmsnarl, L50, M|61/100
|move|p2a: Archaludon|Protect|p2a: Archaludon
|-singleturn|p2a: Archaludon|Protect
|move|p1a: Excadrill|Rock Slide|p2a: Archaludon|[spread] p2b
|-activate|p2a: Archaludon|move: Protect
|-damage|p2b: Grimmsnarl|49/100
|move|p1b: Gholdengo|Make It Rain|p2b: Grimmsnarl|[spread] p2b
|-activate|p2a: Archaludon|move: Protect
|-supereffective|p2b: Grimmsnarl|1
|-damage|p2b: Grimmsnarl|0 fnt
|-unboost|p1b: Gholdengo|spa|2
|faint|p2b: Grimmsnarl
|-damage|p1b: Gholdengo|28/100|[from] item: Life Orb
|
|-weather|Sandstorm|[upkeep]
|-sideend|p2: XiaoBling|move: Light Screen
|upkeep
|
|t:|1784751772
|switch|p2b: Charizard|Charizard-Mega-Y, L50, M|93/100
|-weather|SunnyDay|[from] ability: Drought|[of] p2b: Charizard
|turn|8
|
|t:|1784751784
|move|p1a: Excadrill|Rock Slide|p2a: Archaludon|[spread] p2a,p2b
|-resisted|p2a: Archaludon|1
|-supereffective|p2b: Charizard|2
|-damage|p2a: Archaludon|74/100
|-damage|p2b: Charizard|44/100
|-ability|p2a: Archaludon|Stamina|boost
|-boost|p2a: Archaludon|def|1
|move|p2b: Charizard|Heat Wave|p1a: Excadrill|[spread] p1a,p1b
|-supereffective|p1a: Excadrill|1
|-supereffective|p1b: Gholdengo|1
|-enditem|p1a: Excadrill|Focus Sash
|-damage|p1a: Excadrill|1/100
|-damage|p1b: Gholdengo|0 fnt
|faint|p1b: Gholdengo
|cant|p2a: Archaludon|flinch
|
|-weather|SunnyDay|[upkeep]
|-sideend|p2: XiaoBling|Reflect
|upkeep
|
|t:|1784751793
|switch|p1b: Staraptor|Staraptor, L50, F|100/100
|-ability|p1b: Staraptor|Intimidate|boost
|-unboost|p2a: Archaludon|atk|1
|-unboost|p2b: Charizard|atk|1
|turn|9
|
|t:|1784751804
|move|p1b: Staraptor|Close Combat|p2a: Archaludon
|-supereffective|p2a: Archaludon|1
|-damage|p2a: Archaludon|56/100
|-unboost|p1b: Staraptor|def|1
|-unboost|p1b: Staraptor|spd|1
|-ability|p2a: Archaludon|Stamina|boost
|-boost|p2a: Archaludon|def|1
|move|p1a: Excadrill|Rock Slide|p2b: Charizard|[spread] p2a,p2b
|-resisted|p2a: Archaludon|1
|-supereffective|p2b: Charizard|2
|-damage|p2a: Archaludon|54/100
|-damage|p2b: Charizard|0 fnt
|-ability|p2a: Archaludon|Stamina|boost
|-boost|p2a: Archaludon|def|1
|faint|p2b: Charizard
|cant|p2a: Archaludon|flinch
|
|-weather|SunnyDay|[upkeep]
|upkeep
|turn|10
|
|t:|1784751814
|move|p2a: Archaludon|Protect|p2a: Archaludon
|-singleturn|p2a: Archaludon|Protect
|move|p1b: Staraptor|Close Combat|p2a: Archaludon
|-activate|p2a: Archaludon|move: Protect
|move|p1a: Excadrill|Rock Slide|p2a: Archaludon
|-activate|p2a: Archaludon|move: Protect
|
|-weather|SunnyDay|[upkeep]
|upkeep
|turn|11
|
|t:|1784751828
|move|p1b: Staraptor|Protect|p1b: Staraptor
|-singleturn|p1b: Staraptor|Protect
|move|p1a: Excadrill|Earthquake|p2a: Archaludon|[spread] p2a
|-activate|p1b: Staraptor|move: Protect
|-supereffective|p2a: Archaludon|1
|-damage|p2a: Archaludon|39/100
|move|p2a: Archaludon|Dragon Pulse|p1a: Excadrill
|-resisted|p1a: Excadrill|1
|-damage|p1a: Excadrill|0 fnt
|faint|p1a: Excadrill
|
|-weather|SunnyDay|[upkeep]
|upkeep
|turn|12
|
|t:|1784751839
|move|p2a: Archaludon|Protect|p2a: Archaludon
|-singleturn|p2a: Archaludon|Protect
|move|p1b: Staraptor|Close Combat|p2a: Archaludon
|-activate|p2a: Archaludon|move: Protect
|
|-weather|none
|upkeep
|turn|13
|
|t:|1784751842
|move|p1b: Staraptor|Close Combat|p2a: Archaludon
|-supereffective|p2a: Archaludon|1
|-damage|p2a: Archaludon|27/100
|-unboost|p1b: Staraptor|def|1
|-unboost|p1b: Staraptor|spd|1
|move|p2a: Archaludon|Dragon Pulse|p1b: Staraptor
|-damage|p1b: Staraptor|0 fnt
|faint|p1b: Staraptor
|
|win|XiaoBling
||tang de maracuja is ready for game 2.
||XiaoBling is ready for game 2.
|uhtml|next|Next: Game 2 of 3
|l|☆XiaoBling
|player|p2|
