|j|☆kickercasillas
|j|☆wittraid
|html|kickercasillaswittraid    
|uhtml|bestof|Game 1 of a best-of-3
|t:|1783407115
|gametype|doubles
|player|p1|kickercasillas|lillie-z|1230
|player|p2|wittraid|101|1310
|gen|9
|tier|[Gen 9 Champions] VGC 2026 Reg M-B (Bo3)
|rated|
|rule|Species Clause: Limit one of each Pokémon
|rule|Item Clause: Limit 1 of each item
|clearpoke
|poke|p1|Mimikyu, L50, F, shiny|
|poke|p1|Lycanroc-Dusk, L50, M, shiny|
|poke|p1|Hydreigon, L50, F|
|poke|p1|Talonflame, L50, F, shiny|
|poke|p1|Venusaur, L50, M, shiny|
|poke|p1|Metagross, L50, shiny|
|poke|p2|Sinistcha, L50|
|poke|p2|Pelipper, L50, F|
|poke|p2|Archaludon, L50, F|
|poke|p2|Sableye, L50, F|
|poke|p2|Swampert, L50, M|
|poke|p2|Kingambit, L50, M|
|teampreview|4
|showteam|p1|Mimikyu||Leftovers|Disguise|Taunt,WillOWisp,PlayRough,ShadowSneak|Adamant||F|||50|]Lycanroc-Dusk||FocusSash|ToughClaws|RockSlide,Accelerock,CloseCombat,Protect|Adamant||M|||50|]Hydreigon||LifeOrb|Levitate|Protect,EarthPower,DracoMeteor,DarkPulse|Modest||F|||50|]Talonflame||Charcoal|GaleWings|Overheat,Taunt,UpperHand,Tailwind|Timid||F|||50|]Venusaur||Venusaurite|Chlorophyll|GigaDrain,SludgeBomb,EarthPower,Protect|Modest||M|||50|]Metagross||Metagrossite|ClearBody|Protect,PsychicFangs,IronHead,IcePunch|Jolly|||||50|
|showteam|p2|Sinistcha||SitrusBerry|Hospitality|RagePowder,TrickRoom,LifeDew,MatchaGotcha|Calm|||||50|]Pelipper||FocusSash|Drizzle|Hurricane,WeatherBall,Tailwind,Protect|Modest||F|||50|]Archaludon||Leftovers|Stamina|ElectroShot,Snarl,DragonPulse,Protect|Bold||F|||50|]Sableye||LightClay|Prankster|Reflect,LightScreen,RainDance,ThunderWave|Bold||F|||50|]Swampert||Swampertite|Damp|WaveCrash,HighHorsepower,IcePunch,Protect|Adamant||M|||50|]Kingambit||ExpertBelt|Defiant|IronHead,KowtowCleave,SuckerPunch,Protect|Adamant||M|||50|
|inactive|Battle timer is ON: inactive players will automatically lose when time's up. (requested by wittraid)
|inactive|kickercasillas has 60 seconds left.
|inactive|wittraid has 60 seconds left.
|inactive|wittraid has 30 seconds left.
|inactive|wittraid has 20 seconds left.
|inactive|wittraid has 15 seconds left.
|inactive|wittraid has 10 seconds left.
|
|t:|1783407199
|teamsize|p1|4
|teamsize|p2|4
|start
|switch|p1a: Talonflame|Talonflame, L50, F, shiny|100/100
|switch|p1b: Venusaur|Venusaur, L50, M, shiny|100/100
|switch|p2a: Sableye|Sableye, L50, F|100/100
|switch|p2b: Kingambit|Kingambit, L50, M|100/100
|turn|1
|inactive|wittraid has 30 seconds left.
|
|t:|1783407230
|detailschange|p1b: Venusaur|Venusaur-Mega, L50, M, shiny
|-mega|p1b: Venusaur|Venusaur|Venusaurite
|move|p2b: Kingambit|Protect|p2b: Kingambit
|-singleturn|p2b: Kingambit|Protect
|move|p2a: Sableye|Light Screen|p2a: Sableye
|-sidestart|p2: wittraid|move: Light Screen
|move|p1a: Talonflame|Taunt|p2a: Sableye
|-start|p2a: Sableye|move: Taunt
|move|p1b: Venusaur|Earth Power|p2b: Kingambit
|-activate|p2b: Kingambit|move: Protect
|
|upkeep
|turn|2
|
|t:|1783407255
|switch|p2a: Swampert|Swampert, L50, M|100/100
|move|p1a: Talonflame|Tailwind|p1a: Talonflame
|-sidestart|p1: kickercasillas|move: Tailwind
|move|p1b: Venusaur|Earth Power|p2a: Swampert
|-damage|p2a: Swampert|80/100
|-unboost|p2a: Swampert|spd|1
|move|p2b: Kingambit|Kowtow Cleave|p1b: Venusaur
|-damage|p1b: Venusaur|64/100
|
|upkeep
|turn|3
|
|t:|1783407275
|switch|p2a: Sableye|Sableye, L50, F|100/100
|move|p1a: Talonflame|Overheat|p2b: Kingambit
|-supereffective|p2b: Kingambit|1
|-damage|p2b: Kingambit|34/100
|-unboost|p1a: Talonflame|spa|2
|move|p1b: Venusaur|Giga Drain|p2a: Sableye
|-damage|p2a: Sableye|68/100
|-heal|p1b: Venusaur|78/100|[from] drain|[of] p2a: Sableye
|move|p2b: Kingambit|Kowtow Cleave|p1b: Venusaur
|-damage|p1b: Venusaur|42/100
|
|upkeep
|turn|4
|inactive|wittraid has 30 seconds left.
|
|t:|1783407306
|switch|p1a: Mimikyu|Mimikyu, L50, F, shiny|100/100
|move|p1b: Venusaur|Protect|p1b: Venusaur
|-singleturn|p1b: Venusaur|Protect
|move|p2b: Kingambit|Protect|p2b: Kingambit
|-singleturn|p2b: Kingambit|Protect
|move|p2a: Sableye|Thunder Wave|p1b: Venusaur
|-activate|p1b: Venusaur|move: Protect
|
|upkeep
|turn|5
|
|t:|1783407330
|switch|p2b: Sinistcha|Sinistcha, L50|100/100
|-heal|p2a: Sableye|93/100|[from] ability: Hospitality|[of] p2b: Sinistcha
|move|p2a: Sableye|Thunder Wave|p1b: Venusaur
|-status|p1b: Venusaur|par
|move|p1a: Mimikyu|Will-O-Wisp|p2b: Sinistcha
|-status|p2b: Sinistcha|brn
|cant|p1b: Venusaur|par
|
|-damage|p2b: Sinistcha|93/100 brn|[from] brn
|-sideend|p1: kickercasillas|move: Tailwind
|upkeep
|turn|6
|
|t:|1783407350
|move|p2a: Sableye|Reflect|p2a: Sableye
|-sidestart|p2: wittraid|Reflect
|move|p1a: Mimikyu|Play Rough|p2a: Sableye
|-supereffective|p2a: Sableye|1
|-crit|p2a: Sableye
|-damage|p2a: Sableye|0 fnt
|faint|p2a: Sableye
|move|p2b: Sinistcha|Matcha Gotcha|p1a: Mimikyu|[spread] p1a
|-miss|p2b: Sinistcha|p1b: Venusaur
|-activate|p1a: Mimikyu|ability: Disguise
|-damage|p1a: Mimikyu|100/100
|detailschange|p1a: Mimikyu|Mimikyu-Busted, L50, F, shiny
|-damage|p1a: Mimikyu|88/100|[from] pokemon: Mimikyu-Busted
|move|p1b: Venusaur|Giga Drain|p2b: Sinistcha
|-resisted|p2b: Sinistcha|1
|-damage|p2b: Sinistcha|83/100 brn
|-heal|p1b: Venusaur|47/100 par|[from] drain|[of] p2b: Sinistcha
|
|-heal|p1a: Mimikyu|94/100|[from] item: Leftovers
|-damage|p2b: Sinistcha|76/100 brn|[from] brn
|upkeep
|inactive|wittraid has 30 seconds left.
|
|t:|1783407375
|switch|p2a: Kingambit|Kingambit, L50, M|34/100
|turn|7
|inactive|wittraid has 30 seconds left.
|inactive|wittraid has 20 seconds left.
|
|t:|1783407411
|switch|p1a: Talonflame|Talonflame, L50, F, shiny|100/100
|move|p1b: Venusaur|Protect|p1b: Venusaur
|-singleturn|p1b: Venusaur|Protect
|move|p2b: Sinistcha|Rage Powder|p2b: Sinistcha
|-singleturn|p2b: Sinistcha|move: Rage Powder
|move|p2a: Kingambit|Iron Head|p1a: Talonflame
|-resisted|p1a: Talonflame|1
|-damage|p1a: Talonflame|63/100
|
|-damage|p2b: Sinistcha|70/100 brn|[from] brn
|upkeep
|turn|8
|inactive|wittraid has 30 seconds left.
|inactive|wittraid has 20 seconds left.
|inactive|wittraid has 15 seconds left.
|
|t:|1783407453
|switch|p1b: Hydreigon|Hydreigon, L50, F|100/100
|move|p2a: Kingambit|Protect|p2a: Kingambit
|-singleturn|p2a: Kingambit|Protect
|move|p1a: Talonflame|Overheat|p2a: Kingambit
|-activate|p2a: Kingambit|move: Protect
|move|p2b: Sinistcha|Life Dew|p2b: Sinistcha|[spread] p2a,p2b
|-heal|p2a: Kingambit|59/100
|-heal|p2b: Sinistcha|96/100 brn
|
|-damage|p2b: Sinistcha|89/100 brn|[from] brn
|-sideend|p2: wittraid|move: Light Screen
|upkeep
|turn|9
|inactive|wittraid has 30 seconds left.
|inactive|kickercasillas has 30 seconds left.
|
|t:|1783407490
|move|p1a: Talonflame|Tailwind|p1a: Talonflame
|-sidestart|p1: kickercasillas|move: Tailwind
|move|p1b: Hydreigon|Dark Pulse|p2b: Sinistcha
|-supereffective|p2b: Sinistcha|1
|-damage|p2b: Sinistcha|0 fnt
|faint|p2b: Sinistcha
|-damage|p1b: Hydreigon|90/100|[from] item: Life Orb
|move|p2a: Kingambit|Kowtow Cleave|p1a: Talonflame
|-damage|p1a: Talonflame|0 fnt
|faint|p1a: Talonflame
|
|upkeep
|
|t:|1783407500
|switch|p1a: Mimikyu|Mimikyu-Busted, L50, F, shiny|94/100
|switch|p2b: Swampert|Swampert, L50, M|80/100
|turn|10
|inactive|kickercasillas has 30 seconds left.
|inactive|kickercasillas has 20 seconds left.
|
|t:|1783407537
|detailschange|p2b: Swampert|Swampert-Mega, L50, M
|-mega|p2b: Swampert|Swampert|Swampertite
|move|p1b: Hydreigon|Earth Power|p2a: Kingambit
|-supereffective|p2a: Kingambit|1
|-damage|p2a: Kingambit|0 fnt
|faint|p2a: Kingambit
|-damage|p1b: Hydreigon|81/100|[from] item: Life Orb
|move|p1a: Mimikyu|Will-O-Wisp|p2b: Swampert
|-status|p2b: Swampert|brn
|move|p2b: Swampert|Ice Punch|p1b: Hydreigon
|-supereffective|p1b: Hydreigon|1
|-damage|p1b: Hydreigon|44/100
|
|-heal|p1a: Mimikyu|100/100|[from] item: Leftovers
|-damage|p2b: Swampert|74/100 brn|[from] brn
|upkeep
|turn|11
|-message|wittraid forfeited.
|
|win|kickercasillas
||kickercasillas is ready for game 2.
||wittraid is ready for game 2.
|uhtml|next|Next: Game 2 of 3
|l|☆kickercasillas
|player|p1|
