|j|☆Vaporeon5029
|j|☆lux raymundi
|html|Vaporeon5029lux raymundi    
|uhtml|bestof|Game 1 of a best-of-3
|t:|1783036236
|gametype|doubles
|player|p1|Vaporeon5029|169|1020
|player|p2|lux raymundi|2|1218
|gen|9
|tier|[Gen 9 Champions] VGC 2026 Reg M-B (Bo3)
|rated|
|rule|Species Clause: Limit one of each Pokémon
|rule|Item Clause: Limit 1 of each item
|clearpoke
|poke|p1|Delphox, L50, M|
|poke|p1|Alakazam, L50, M|
|poke|p1|Tyranitar, L50, M|
|poke|p1|Excadrill, L50, M|
|poke|p1|Whimsicott, L50, F|
|poke|p1|Garchomp, L50, M|
|poke|p2|Mawile, L50, M|
|poke|p2|Farigiraf, L50, M|
|poke|p2|Delphox, L50, F|
|poke|p2|Incineroar, L50, M|
|poke|p2|Sinistcha, L50|
|poke|p2|Garchomp, L50, F|
|teampreview|4
|showteam|p1|Delphox||Delphoxite|Blaze|ExpandingForce,HeatWave,Encore,Protect|Modest||M|||50|]Alakazam||FocusSash|InnerFocus|PsychicTerrain,Protect,Psychic,DazzlingGleam|Modest||M|||50|]Tyranitar||Tyranitarite|SandStream|LowKick,Protect,RockSlide,Crunch|Adamant||M|||50|]Excadrill||KingsRock|SandRush|HighHorsepower,RockSlide,IronHead,Protect|Adamant||M|||50|]Whimsicott||BrightPowder|Prankster|Tailwind,Taunt,Protect,Moonblast|Timid||F|||50|]Garchomp||ChoiceScarf|RoughSkin|DragonClaw,Earthquake,RockSlide,IronHead|Adamant||M|||50|
|showteam|p2|Mawile||Mawilite|HyperCutter|SwordsDance,PlayRough,IronHead,Protect|Brave||M|||50|]Farigiraf||SitrusBerry|ArmorTail|Protect,TwinBeam,TrickRoom,Thunderbolt|Bold||M|||50|]Delphox||Delphoxite|Blaze|NastyPlot,HeatWave,Psychic,Protect|Timid||F|||50|]Incineroar||PasshoBerry|Intimidate|FakeOut,ThroatChop,FlareBlitz,PartingShot|Adamant||M|||50|]Sinistcha||ColburBerry|Hospitality|MatchaGotcha,TrickRoom,RagePowder,Protect|Relaxed|||||50|]Garchomp||LifeOrb|RoughSkin|DragonClaw,Earthquake,RockSlide,Protect|Jolly||F|||50|
|
|t:|1783036256
|teamsize|p1|4
|teamsize|p2|4
|start
|switch|p1a: Tyranitar|Tyranitar, L50, M|100/100
|switch|p1b: Whimsicott|Whimsicott, L50, F|100/100
|switch|p2a: Incineroar|Incineroar, L50, M|100/100
|switch|p2b: Garchomp|Garchomp, L50, F|100/100
|-weather|Sandstorm|[from] ability: Sand Stream|[of] p1a: Tyranitar
|-ability|p2a: Incineroar|Intimidate|boost
|-unboost|p1a: Tyranitar|atk|1
|-unboost|p1b: Whimsicott|atk|1
|turn|1
|
|t:|1783036285
|detailschange|p1a: Tyranitar|Tyranitar-Mega, L50, M
|-mega|p1a: Tyranitar|Tyranitar|Tyranitarite
|move|p1a: Tyranitar|Protect|p1a: Tyranitar
|-singleturn|p1a: Tyranitar|Protect
|move|p2a: Incineroar|Fake Out|p1b: Whimsicott
|-damage|p1b: Whimsicott|81/100
|cant|p1b: Whimsicott|flinch
|move|p2b: Garchomp|Rock Slide|p1a: Tyranitar|[spread] p1b
|-activate|p1a: Tyranitar|move: Protect
|-damage|p1b: Whimsicott|51/100
|-damage|p2b: Garchomp|90/100|[from] item: Life Orb
|
|-weather|Sandstorm|[upkeep]
|-damage|p1b: Whimsicott|45/100|[from] Sandstorm
|-damage|p2a: Incineroar|94/100|[from] Sandstorm
|upkeep
|turn|2
|
|t:|1783036312
|move|p1b: Whimsicott|Tailwind|p1b: Whimsicott
|-sidestart|p1: Vaporeon5029|move: Tailwind
|move|p1a: Tyranitar|Rock Slide|p2b: Garchomp|[spread] p2a,p2b
|-supereffective|p2a: Incineroar|1
|-resisted|p2b: Garchomp|1
|-crit|p2b: Garchomp
|-damage|p2a: Incineroar|48/100
|-damage|p2b: Garchomp|59/100
|move|p2b: Garchomp|Rock Slide|p1b: Whimsicott|[spread] p1a,p1b
|-damage|p1a: Tyranitar|83/100
|-damage|p1b: Whimsicott|10/100
|-damage|p2b: Garchomp|49/100|[from] item: Life Orb
|move|p2a: Incineroar|Parting Shot|p1a: Tyranitar
|-unboost|p1a: Tyranitar|atk|1
|-unboost|p1a: Tyranitar|spa|1
|
|t:|1783036326
|switch|p2a: Delphox|Delphox, L50, F|100/100|[from] Parting Shot
|
|-weather|Sandstorm|[upkeep]
|-damage|p1b: Whimsicott|4/100|[from] Sandstorm
|-damage|p2a: Delphox|94/100|[from] Sandstorm
|upkeep
|turn|3
|
|t:|1783036341
|switch|p1a: Excadrill|Excadrill, L50, M|100/100
|switch|p2b: Incineroar|Incineroar, L50, M|48/100
|-ability|p2b: Incineroar|Intimidate|boost
|-unboost|p1a: Excadrill|atk|1
|-unboost|p1b: Whimsicott|atk|1
|detailschange|p2a: Delphox|Delphox-Mega, L50, F
|-mega|p2a: Delphox|Delphox|Delphoxite
|move|p1b: Whimsicott|Moonblast|p2b: Incineroar
|-damage|p2b: Incineroar|24/100
|move|p2a: Delphox|Heat Wave|p1b: Whimsicott|[spread] p1a,p1b
|-supereffective|p1a: Excadrill|1
|-supereffective|p1b: Whimsicott|1
|-damage|p1a: Excadrill|0 fnt
|-damage|p1b: Whimsicott|0 fnt
|faint|p1a: Excadrill
|faint|p1b: Whimsicott
|
|-weather|Sandstorm|[upkeep]
|-damage|p2a: Delphox|88/100|[from] Sandstorm
|-damage|p2b: Incineroar|18/100|[from] Sandstorm
|upkeep
|
|t:|1783036363
|switch|p1b: Garchomp|Garchomp, L50, M|100/100
|switch|p1a: Tyranitar|Tyranitar-Mega, L50, M|83/100
|turn|4
|
|t:|1783036373
|switch|p2b: Farigiraf|Farigiraf, L50, M|100/100
|move|p2a: Delphox|Protect|p2a: Delphox
|-singleturn|p2a: Delphox|Protect
|move|p1b: Garchomp|Rock Slide|p2b: Farigiraf|[spread] p2b
|-activate|p2a: Delphox|move: Protect
|-damage|p2b: Farigiraf|83/100
|move|p1a: Tyranitar|Rock Slide|p2a: Delphox|[spread] p2b
|-activate|p2a: Delphox|move: Protect
|-crit|p2b: Farigiraf
|-damage|p2b: Farigiraf|34/100
|-enditem|p2b: Farigiraf|Sitrus Berry|[eat]
|-heal|p2b: Farigiraf|59/100|[from] item: Sitrus Berry
|
|-weather|Sandstorm|[upkeep]
|-damage|p2a: Delphox|82/100|[from] Sandstorm
|-damage|p2b: Farigiraf|52/100|[from] Sandstorm
|upkeep
|turn|5
|
|t:|1783036400
|switch|p2a: Incineroar|Incineroar, L50, M|18/100
|-ability|p2a: Incineroar|Intimidate|boost
|-unboost|p1a: Tyranitar|atk|1
|-unboost|p1b: Garchomp|atk|1
|move|p1b: Garchomp|Rock Slide|p2a: Incineroar|[spread] p2a,p2b
|-supereffective|p2a: Incineroar|1
|-damage|p2a: Incineroar|0 fnt
|-damage|p2b: Farigiraf|40/100
|faint|p2a: Incineroar
|move|p1a: Tyranitar|Crunch|p2b: Farigiraf
|-supereffective|p2b: Farigiraf|1
|-damage|p2b: Farigiraf|0 fnt
|faint|p2b: Farigiraf
|
|-weather|none
|-sideend|p1: Vaporeon5029|move: Tailwind
|upkeep
|
|t:|1783036408
|switch|p2b: Delphox|Delphox-Mega, L50, F|82/100
|switch|p2a: Garchomp|Garchomp, L50, F|49/100
|turn|6
|
|t:|1783036422
|move|p1b: Garchomp|Rock Slide|p2b: Delphox|[spread] p2a,p2b
|-resisted|p2a: Garchomp|1
|-supereffective|p2b: Delphox|1
|-damage|p2a: Garchomp|42/100
|-damage|p2b: Delphox|41/100
|move|p2b: Delphox|Psychic|p1b: Garchomp
|-damage|p1b: Garchomp|41/100
|move|p2a: Garchomp|Earthquake|p1a: Tyranitar|[spread] p1a,p1b
|-immune|p2b: Delphox|[from] ability: Levitate
|-supereffective|p1a: Tyranitar|1
|-damage|p1a: Tyranitar|19/100
|-damage|p1b: Garchomp|0 fnt
|faint|p1b: Garchomp
|-damage|p2a: Garchomp|32/100|[from] item: Life Orb
|move|p1a: Tyranitar|Crunch|p2b: Delphox
|-supereffective|p2b: Delphox|1
|-damage|p2b: Delphox|0 fnt
|faint|p2b: Delphox
|
|upkeep
|turn|7
|
|t:|1783036442
|move|p1a: Tyranitar|Protect|p1a: Tyranitar
|-singleturn|p1a: Tyranitar|Protect
|move|p2a: Garchomp|Earthquake|p1a: Tyranitar
|-activate|p1a: Tyranitar|move: Protect
|
|upkeep
|turn|8
|
|t:|1783036449
|move|p2a: Garchomp|Earthquake|p1a: Tyranitar
|-supereffective|p1a: Tyranitar|1
|-damage|p1a: Tyranitar|0 fnt
|faint|p1a: Tyranitar
|-damage|p2a: Garchomp|23/100|[from] item: Life Orb
|
|win|lux raymundi
