|j|☆Pati_Patout
|j|☆tedidn
|html|Pati_Patouttedidn    
|uhtml|bestof|Game 1 of a best-of-3
|t:|1757077336
|gametype|doubles
|player|p1|Pati_Patout|unknown|1211
|player|p2|tedidn|marshal|1337
|gen|9
|tier|[Gen 9] VGC 2025 Reg H (Bo3)
|rated|
|rule|Species Clause: Limit one of each Pokémon
|rule|Item Clause: Limit 1 of each item
|clearpoke
|poke|p1|Indeedee-F, L50, F|
|poke|p1|Hatterene, L50, F|
|poke|p1|Torkoal, L50, F|
|poke|p1|Lilligant-Hisui, L50, F|
|poke|p1|Ursaluna, L50, F|
|poke|p1|Gallade, L50, M|
|poke|p2|Dragonite, L50, M|
|poke|p2|Ursaluna-Bloodmoon, L50, M|
|poke|p2|Gholdengo, L50|
|poke|p2|Volcarona, L50, F|
|poke|p2|Smeargle, L50, F|
|poke|p2|Whimsicott, L50, M|
|teampreview|4
|showteam|p1|Indeedee-F||PsychicSeed|PsychicSurge|FollowMe,DazzlingGleam,HelpingHand,TrickRoom|||F|||50|,,,,,Grass]Hatterene||LifeOrb|MagicBounce|ExpandingForce,DazzlingGleam,TrickRoom,Protect|||F|||50|,,,,,Fire]Torkoal||Charcoal|Drought|Eruption,Flamethrower,EarthPower,Protect|||F|||50|,,,,,Fire]Lilligant-Hisui||FocusSash|Chlorophyll|SolarBlade,CloseCombat,SleepPowder,AfterYou|||F|||50|,,,,,Ghost]Ursaluna||FlameOrb|Guts|HeadlongRush,Facade,SwordsDance,Protect|||F|||50|,,,,,Ghost]Gallade||ClearAmulet|Sharpness|PsychoCut,SacredSword,WideGuard,TrickRoom|||M|||50|,,,,,Grass
|showteam|p2|Dragonite||LoadedDice|Multiscale|ScaleShot,ExtremeSpeed,Haze,Protect|||M|||50|,,,,,Fairy]Ursaluna-Bloodmoon||AssaultVest|MindsEye|BloodMoon,HyperVoice,EarthPower,VacuumWave|||M|||50|,,,,,Water]Gholdengo||ChoiceSpecs|GoodasGold|MakeItRain,ShadowBall,PowerGem,Trick||||||50|,,,,,Steel]Volcarona||LifeOrb|FlameBody|HeatWave,BugBuzz,TeraBlast,Protect|||F|||50|,,,,,Fairy]Smeargle||FocusSash|Moody|FakeOut,FollowMe,Decorate,Spore|||F|||50|,,,,,Ghost]Whimsicott||CovertCloak|Prankster|Moonblast,Tailwind,Encore,FakeTears|||M|||50|,,,,,Water
|inactive|Battle timer is ON: inactive players will automatically lose when time's up. (requested by tedidn)
|inactive|Pati_Patout has 60 seconds left.
|inactive|tedidn has 60 seconds left.
|inactive|Pati_Patout has 30 seconds left.
|inactive|tedidn has 30 seconds left.
|inactive|Pati_Patout has 20 seconds left.
|inactive|tedidn has 20 seconds left.
|
|t:|1757077410
|teamsize|p1|4
|teamsize|p2|4
|start
|switch|p1a: Indeedee|Indeedee-F, L50, F|100/100
|switch|p1b: Hatterene|Hatterene, L50, F|100/100
|switch|p2a: Andy|Smeargle, L50, F|100/100
|switch|p2b: Mr.Bigbucks|Gholdengo, L50|100/100
|-fieldstart|move: Psychic Terrain|[from] ability: Psychic Surge|[of] p1a: Indeedee
|-enditem|p1a: Indeedee|Psychic Seed
|-boost|p1a: Indeedee|spd|1|[from] item: Psychic Seed
|turn|1
|inactive|Pati_Patout has 30 seconds left.
|inactive|Pati_Patout has 20 seconds left.
|
|t:|1757077453
|-terastallize|p1a: Indeedee|Grass
|move|p1a: Indeedee|Follow Me|p1a: Indeedee
|-singleturn|p1a: Indeedee|move: Follow Me
|move|p2b: Mr.Bigbucks|Make It Rain|p1b: Hatterene|[spread] p1a,p1b
|-supereffective|p1b: Hatterene
|-damage|p1a: Indeedee|56/100
|-damage|p1b: Hatterene|0 fnt
|-unboost|p2b: Mr.Bigbucks|spa|1
|faint|p1b: Hatterene
|move|p2a: Andy|Spore|p1a: Indeedee
|-immune|p1a: Indeedee
|
|-ability|p2a: Andy|Moody|boost
|-boost|p2a: Andy|def|2
|-unboost|p2a: Andy|spa|1
|upkeep
|
|t:|1757077465
|switch|p1b: Torkoal|Torkoal, L50, F|100/100
|-weather|SunnyDay|[from] ability: Drought|[of] p1b: Torkoal
|turn|2
|
|t:|1757077483
|switch|p2a: Freddy|Ursaluna-Bloodmoon, L50, M|100/100
|move|p1b: Torkoal|Protect|p1b: Torkoal
|-singleturn|p1b: Torkoal|Protect
|move|p2b: Mr.Bigbucks|Make It Rain|p1b: Torkoal|[spread] p1a
|-activate|p1b: Torkoal|move: Protect
|-damage|p1a: Indeedee|27/100
|-unboost|p2b: Mr.Bigbucks|spa|1
|move|p1a: Indeedee|Trick Room|p1a: Indeedee
|-fieldstart|move: Trick Room|[of] p1a: Indeedee
|
|-weather|SunnyDay|[upkeep]
|upkeep
|turn|3
|
|t:|1757077495
|switch|p2b: Andy|Smeargle, L50, F|100/100
|-terastallize|p2a: Freddy|Water
|move|p1a: Indeedee|Helping Hand|p1b: Torkoal
|-singleturn|p1b: Torkoal|Helping Hand|[of] p1a: Indeedee
|move|p1b: Torkoal|Eruption|p2a: Freddy|[spread] p2a,p2b
|-resisted|p2a: Freddy
|-damage|p2a: Freddy|54/100
|-enditem|p2b: Andy|Focus Sash
|-damage|p2b: Andy|1/100
|move|p2a: Freddy|Hyper Voice|p1b: Torkoal|[spread] p1a,p1b
|-damage|p1a: Indeedee|3/100
|-damage|p1b: Torkoal|52/100
|
|-weather|SunnyDay|[upkeep]
|-ability|p2b: Andy|Moody|boost
|-boost|p2b: Andy|spd|2
|-unboost|p2b: Andy|def|1
|upkeep
|turn|4
|inactive|Pati_Patout has 30 seconds left.
|
|t:|1757077521
|switch|p2b: Mr.Bigbucks|Gholdengo, L50|100/100
|move|p1a: Indeedee|Helping Hand|p1b: Torkoal
|-singleturn|p1b: Torkoal|Helping Hand|[of] p1a: Indeedee
|move|p1b: Torkoal|Earth Power|p2a: Freddy
|-damage|p2a: Freddy|28/100
|-unboost|p2a: Freddy|spd|1
|move|p2a: Freddy|Hyper Voice|p1a: Indeedee|[spread] p1a,p1b
|-damage|p1a: Indeedee|0 fnt
|-damage|p1b: Torkoal|1/100
|faint|p1a: Indeedee
|
|-weather|SunnyDay|[upkeep]
|upkeep
|
|t:|1757077531
|switch|p1a: Ursaluna|Ursaluna, L50, F|100/100
|turn|5
|inactive|tedidn has 30 seconds left.
|inactive|Pati_Patout has 30 seconds left.
|
|t:|1757077575
|switch|p2a: Sinatra|Volcarona, L50, F|100/100
|move|p1b: Torkoal|Protect|p1b: Torkoal
|-singleturn|p1b: Torkoal|Protect
|move|p1a: Ursaluna|Facade|p2a: Sinatra
|-damage|p2a: Sinatra|40/100
|move|p2b: Mr.Bigbucks|Make It Rain|p1a: Ursaluna|[spread] p1a
|-activate|p1b: Torkoal|move: Protect
|-damage|p1a: Ursaluna|42/100
|-unboost|p2b: Mr.Bigbucks|spa|1
|
|-weather|SunnyDay|[upkeep]
|-fieldend|move: Psychic Terrain
|-status|p1a: Ursaluna|brn|[from] item: Flame Orb
|upkeep
|turn|6
|
|t:|1757077590
|move|p2a: Sinatra|Protect|p2a: Sinatra
|-singleturn|p2a: Sinatra|Protect
|move|p1b: Torkoal|Flamethrower|p2b: Mr.Bigbucks
|-supereffective|p2b: Mr.Bigbucks
|-damage|p2b: Mr.Bigbucks|0 fnt
|faint|p2b: Mr.Bigbucks
|move|p1a: Ursaluna|Swords Dance|p1a: Ursaluna
|-boost|p1a: Ursaluna|atk|2
|
|-weather|none
|-damage|p1a: Ursaluna|36/100 brn|[from] brn
|-fieldend|move: Trick Room
|upkeep
|
|t:|1757077593
|switch|p2b: Freddy|Ursaluna-Bloodmoon, L50, M, tera:Water|28/100
|turn|7
|
|t:|1757077617
|move|p1b: Torkoal|Protect|p1b: Torkoal
|-singleturn|p1b: Torkoal|Protect
|move|p2a: Sinatra|Heat Wave|p1a: Ursaluna|[spread] p1a
|-activate|p1b: Torkoal|move: Protect
|-damage|p1a: Ursaluna|0 fnt
|faint|p1a: Ursaluna
|-damage|p2a: Sinatra|30/100|[from] item: Life Orb
|move|p2b: Freddy|Hyper Voice|p1b: Torkoal
|-activate|p1b: Torkoal|move: Protect
|
|upkeep
|turn|8
|
|t:|1757077628
|move|p2a: Sinatra|Tera Blast|p1b: Torkoal
|-damage|p1b: Torkoal|0 fnt
|faint|p1b: Torkoal
|-damage|p2a: Sinatra|21/100|[from] item: Life Orb
|
|win|tedidn
