|j|☆Inteligent8pro
|j|☆b1kope
|html|Inteligent8prob1kope    
|uhtml|bestof|Game 1 of a best-of-3
|t:|1786118156
|gametype|doubles
|player|p1|Inteligent8pro|elesa|1180
|player|p2|b1kope|170|1221
|gen|9
|tier|[Gen 9 Champions] VGC 2026 Reg M-B (Bo3)
|rated|
|rule|Species Clause: Limit one of each Pokémon
|rule|Item Clause: Limit 1 of each item
|clearpoke
|poke|p1|Blaziken, L50, F|
|poke|p1|Venusaur, L50, M|
|poke|p1|Kingambit, L50, M|
|poke|p1|Ninetales-Alola, L50, M|
|poke|p1|Lycanroc-Dusk, L50, M|
|poke|p1|Basculegion, L50, M|
|poke|p2|Floette-Eternal, L50, F|
|poke|p2|Sinistcha-Masterpiece, L50|
|poke|p2|Incineroar, L50, M|
|poke|p2|Milotic, L50, F|
|poke|p2|Mawile, L50, M|
|poke|p2|Garchomp, L50, F|
|teampreview|4
|showteam|p1|Blaziken||Blazikenite|SpeedBoost|FlareBlitz,CloseCombat,RockSlide,Detect|Adamant||F|||50|]Venusaur||Venusaurite|Chlorophyll|GigaDrain,SludgeBomb,EarthPower,Protect|Modest||M|||50|]Kingambit||LifeOrb|Defiant|KowtowCleave,SuckerPunch,IronHead,Protect|Adamant||M|||50|]Ninetales-Alola||NeverMeltIce|SnowWarning|Blizzard,FreezeDry,Encore,Protect|Timid||M|||50|]Lycanroc-Dusk||FocusSash|ToughClaws|RockSlide,Accelerock,CloseCombat,Protect|Adamant||M|||50|]Basculegion||ChoiceScarf|Adaptability|LastRespects,WaveCrash,AquaJet,FlipTurn|Jolly||M|||50|
|showteam|p2|Floette-Eternal||Floettite|FlowerVeil|CalmMind,DazzlingGleam,Moonblast,Protect|Timid||F|||50|]Sinistcha-Masterpiece||ColburBerry|Hospitality|MatchaGotcha,RagePowder,StrengthSap,TrickRoom|Relaxed|||||50|]Incineroar||SitrusBerry|Intimidate|FlareBlitz,ThroatChop,FakeOut,PartingShot|Careful||M|||50|]Milotic||Leftovers|Competitive|MuddyWater,Coil,Hypnosis,Recover|Calm||F|||50|]Mawile||Mawilite|Intimidate|SuckerPunch,IronHead,PlayRough,Protect|Serious||M|||50|]Garchomp||LifeOrb|RoughSkin|StompingTantrum,RockSlide,DragonClaw,Protect|Jolly||F|||50|
|
|t:|1786118194
|teamsize|p1|4
|teamsize|p2|4
|start
|switch|p1a: Kingambit|Kingambit, L50, M|100/100
|switch|p1b: Basculegion|Basculegion, L50, M|100/100
|switch|p2a: Milotic|Milotic, L50, F|100/100
|switch|p2b: Sinistcha|Sinistcha-Masterpiece, L50|100/100
|turn|1
|inactive|Battle timer is ON: inactive players will automatically lose when time's up. (requested by Inteligent8pro)
|inactive|Inteligent8pro has 60 seconds left.
|
|t:|1786118234
|move|p1b: Basculegion|Last Respects|p2b: Sinistcha
|-supereffective|p2b: Sinistcha|1
|-damage|p2b: Sinistcha|52/100
|move|p2a: Milotic|Coil|p2a: Milotic
|-boost|p2a: Milotic|atk|1
|-boost|p2a: Milotic|def|1
|-boost|p2a: Milotic|accuracy|1
|move|p1a: Kingambit|Kowtow Cleave|p2a: Milotic
|-damage|p2a: Milotic|60/100
|-damage|p1a: Kingambit|90/100|[from] item: Life Orb
|move|p2b: Sinistcha|Trick Room|p2b: Sinistcha
|-fieldstart|move: Trick Room|[of] p2b: Sinistcha
|
|-heal|p2a: Milotic|66/100|[from] item: Leftovers
|upkeep
|turn|2
|
|t:|1786118256
|move|p1a: Kingambit|Kowtow Cleave|p2a: Milotic
|-damage|p2a: Milotic|24/100
|-damage|p1a: Kingambit|80/100|[from] item: Life Orb
|move|p2b: Sinistcha|Matcha Gotcha|p1a: Kingambit|[spread] p1b
|-miss|p2b: Sinistcha|p1a: Kingambit
|-supereffective|p1b: Basculegion|1
|-damage|p1b: Basculegion|47/100
|-heal|p2b: Sinistcha|81/100|[from] drain|[of] p1b: Basculegion
|move|p2a: Milotic|Coil|p2a: Milotic
|-boost|p2a: Milotic|atk|1
|-boost|p2a: Milotic|def|1
|-boost|p2a: Milotic|accuracy|1
|move|p1b: Basculegion|Last Respects|p2a: Milotic
|-damage|p2a: Milotic|9/100
|
|-heal|p2a: Milotic|15/100|[from] item: Leftovers
|upkeep
|turn|3
|inactive|Inteligent8pro has 30 seconds left.
|
|t:|1786118283
|switch|p1b: Ninetales|Ninetales-Alola, L50, M|100/100
|-weather|Snowscape|[from] ability: Snow Warning|[of] p1b: Ninetales
|move|p2b: Sinistcha|Rage Powder|p2b: Sinistcha
|-singleturn|p2b: Sinistcha|move: Rage Powder
|move|p1a: Kingambit|Kowtow Cleave|p2b: Sinistcha
|-supereffective|p2b: Sinistcha|1
|-enditem|p2b: Sinistcha|Colbur Berry|[eat]
|-enditem|p2b: Sinistcha|Colbur Berry|[weaken]
|-damage|p2b: Sinistcha|30/100
|-damage|p1a: Kingambit|71/100|[from] item: Life Orb
|move|p2a: Milotic|Recover|p2a: Milotic
|-heal|p2a: Milotic|65/100
|
|-weather|Snowscape|[upkeep]
|-heal|p2a: Milotic|71/100|[from] item: Leftovers
|upkeep
|turn|4
|
|t:|1786118302
|move|p1a: Kingambit|Kowtow Cleave|p2a: Milotic
|-damage|p2a: Milotic|39/100
|-damage|p1a: Kingambit|61/100|[from] item: Life Orb
|move|p2b: Sinistcha|Matcha Gotcha|p1a: Kingambit|[spread] p1a,p1b
|-resisted|p1a: Kingambit|1
|-damage|p1a: Kingambit|48/100
|-heal|p2b: Sinistcha|38/100|[from] drain|[of] p1a: Kingambit
|-damage|p1b: Ninetales|73/100
|-heal|p2b: Sinistcha|50/100g|[from] drain|[of] p1b: Ninetales
|move|p2a: Milotic|Hypnosis|p1b: Ninetales
|-status|p1b: Ninetales|slp|[from] move: Hypnosis
|cant|p1b: Ninetales|slp
|
|-weather|Snowscape|[upkeep]
|-heal|p2a: Milotic|45/100|[from] item: Leftovers
|upkeep
|turn|5
|
|t:|1786118325
|switch|p2b: Mawile|Mawile, L50, M|100/100
|-ability|p2b: Mawile|Intimidate|boost
|-unboost|p1a: Kingambit|atk|1
|-ability|p1a: Kingambit|Defiant|boost
|-boost|p1a: Kingambit|atk|2
|-unboost|p1b: Ninetales|atk|1
|move|p1a: Kingambit|Kowtow Cleave|p2b: Mawile
|-resisted|p2b: Mawile|1
|-damage|p2b: Mawile|40/100
|-damage|p1a: Kingambit|39/100|[from] item: Life Orb
|move|p2a: Milotic|Muddy Water|p1a: Kingambit|[spread] p1a,p1b
|-damage|p1a: Kingambit|16/100
|-damage|p1b: Ninetales|50/100g slp
|-unboost|p1b: Ninetales|accuracy|1
|cant|p1b: Ninetales|slp
|
|-weather|Snowscape|[upkeep]
|-heal|p2a: Milotic|51/100|[from] item: Leftovers
|-fieldend|move: Trick Room
|upkeep
|turn|6
|inactive|Inteligent8pro has 30 seconds left.
|
|t:|1786118359
|switch|p2b: Sinistcha|Sinistcha-Masterpiece, L50|50/100g
|-heal|p2a: Milotic|76/100|[from] ability: Hospitality|[of] p2b: Sinistcha
|move|p1a: Kingambit|Sucker Punch||[still]
|-fail|p1a: Kingambit
|-curestatus|p1b: Ninetales|slp|[msg]
|move|p1b: Ninetales|Freeze-Dry|p2a: Milotic
|-supereffective|p2a: Milotic|1
|-damage|p2a: Milotic|39/100
|move|p2a: Milotic|Muddy Water|p1a: Kingambit|[spread] p1a,p1b
|-damage|p1a: Kingambit|0 fnt
|-damage|p1b: Ninetales|26/100
|faint|p1a: Kingambit
|
|-weather|Snowscape|[upkeep]
|-heal|p2a: Milotic|45/100|[from] item: Leftovers
|upkeep
|
|t:|1786118374
|switch|p1a: Venusaur|Venusaur, L50, M|100/100
|turn|7
|inactive|b1kope has 30 seconds left.
|
|t:|1786118401
|detailschange|p1a: Venusaur|Venusaur-Mega, L50, M
|-mega|p1a: Venusaur|Venusaur|Venusaurite
|move|p1b: Ninetales|Blizzard|p2b: Sinistcha|[spread] p2a,p2b
|-resisted|p2a: Milotic|1
|-supereffective|p2b: Sinistcha|1
|-damage|p2a: Milotic|36/100
|-damage|p2b: Sinistcha|0 fnt
|faint|p2b: Sinistcha
|move|p1a: Venusaur|Giga Drain|p2a: Milotic
|-supereffective|p2a: Milotic|1
|-damage|p2a: Milotic|0 fnt
|faint|p2a: Milotic
|
|-weather|none
|upkeep
|
|t:|1786118406
|switch|p2a: Garchomp|Garchomp, L50, F|100/100
|switch|p2b: Mawile|Mawile, L50, M|40/100
|-ability|p2b: Mawile|Intimidate|boost
|-unboost|p1a: Venusaur|atk|1
|-unboost|p1b: Ninetales|atk|1
|turn|8
|inactive|Inteligent8pro has 30 seconds left.
|
|t:|1786118438
|detailschange|p2b: Mawile|Mawile-Mega, L50, M
|-mega|p2b: Mawile|Mawile|Mawilite
|move|p1b: Ninetales|Protect|p1b: Ninetales
|-singleturn|p1b: Ninetales|Protect
|move|p2b: Mawile|Sucker Punch||[still]
|-fail|p2b: Mawile
|move|p2a: Garchomp|Stomping Tantrum|p1a: Venusaur
|-damage|p1a: Venusaur|62/100
|-damage|p2a: Garchomp|90/100|[from] item: Life Orb
|move|p1a: Venusaur|Earth Power|p2b: Mawile
|-supereffective|p2b: Mawile|1
|-damage|p2b: Mawile|0 fnt
|faint|p2b: Mawile
|
|upkeep
|turn|9
|
|t:|1786118455
|switch|p1b: Basculegion|Basculegion, L50, M|47/100
|move|p2a: Garchomp|Rock Slide|p1a: Venusaur|[spread] p1a,p1b
|-damage|p1a: Venusaur|42/100
|-damage|p1b: Basculegion|18/100
|-damage|p2a: Garchomp|80/100|[from] item: Life Orb
|move|p1a: Venusaur|Giga Drain|p2a: Garchomp
|-damage|p2a: Garchomp|41/100
|-heal|p1a: Venusaur|62/100|[from] drain|[of] p2a: Garchomp
|
|upkeep
|turn|10
|inactive|b1kope has 30 seconds left.
|inactive|b1kope has 20 seconds left.
|inactive|b1kope has 15 seconds left.
|inactive|b1kope has 10 seconds left.
|inactive|b1kope has 5 seconds left.
|
|t:|1786118511
|move|p1b: Basculegion|Last Respects|p2a: Garchomp
|-damage|p2a: Garchomp|0 fnt
|faint|p2a: Garchomp
|
|win|Inteligent8pro
