|j|Ōśåim rune not rine
|j|Ōśåghostofphantasm
|html|im rune not rineghostofphantasm    
|uhtml|bestof|Game 1 of a best-of-3
|t:|1784157703
|gametype|doubles
|player|p1|im rune not rine|170|
|player|p2|ghostofphantasm|lady-gen4|
|gen|9
|tier|[Gen 9 Champions] VGC 2026 Reg M-B (Bo3)
|rule|Species Clause: Limit one of each Pok├®mon
|rule|Item Clause: Limit 1 of each item
|clearpoke
|poke|p1|Pelipper, L50, F|
|poke|p1|Azumarill, L50, M, shiny|
|poke|p1|Archaludon, L50, F, shiny|
|poke|p1|Dragonite, L50, M|
|poke|p1|Raichu, L50, M|
|poke|p1|Incineroar, L50, M|
|poke|p2|Floette-Eternal, L50, F|
|poke|p2|Meowstic-F, L50, F, shiny|
|poke|p2|Gengar, L50, F, shiny|
|poke|p2|Roserade, L50, M|
|poke|p2|Castform, L50, M, shiny|
|poke|p2|Rotom-Fan, L50|
|teampreview|4
|showteam|p1|Pelipper||DampRock|Drizzle|Hurricane,Uturn,RainDance,Tailwind|Bold||F|||50|]Azumarill||LifeOrb|HugePower|AquaJet,PlayRough,Encore,IceSpinner|Adamant||M|||50|]Archaludon||QuickClaw|Stamina|AuraSphere,DracoMeteor,ElectroShot,Protect|Timid||F|||50|]Dragonite||Dragoninite|Multiscale|DracoMeteor,ExtremeSpeed,IceBeam,WeatherBall|Quiet||M|||50|]Raichu||RaichuniteY|LightningRod|Encore,FakeOut,ZapCannon,FocusBlast|Modest||M|||50|]Incineroar||Leftovers|Intimidate|CloseCombat,DarkestLariat,FakeOut,PartingShot|Impish||M|||50|
|showteam|p2|Floette-Eternal||Floettite|FlowerVeil|Protect,Substitute,Synthesis,Wish|Bold||F|||50|]Meowstic-F||Meowsticite|KeenEye|Gravity,LightScreen,Reflect,SleepTalk|Naive||F|||50|]Gengar||Gengarite|CursedBody|Spite,SunnyDay,SelfDestruct,CorrosiveGas|Modest||F|||50|]Roserade||FocusSash|PoisonPoint|Rest,SleepTalk,Snore,SleepPowder|Naughty||M|||50|]Castform||HabanBerry|Forecast|SunnyDay,RainDance,Snowscape,GuardSwap|Timid||M|||50|]Rotom-Fan||ChoiceScarf|Levitate|NastyPlot,Trick,ThunderWave,Charge|Modest|||||50|
|c|Ōśåim rune not rine|glhf!!
|c|Ōśåim rune not rine|oh mega floette gg lol
|c|Ōśåghostofphantasm|im gonna win
|c|Ōśåghostofphantasm|quiver in your boots
|c|Ōśåghostofphantasm|as i sweep you
|c|Ōśåghostofphantasm|with my epic team
|
|t:|1784157730
|teamsize|p1|4
|teamsize|p2|4
|start
|switch|p1a: plskeeprain|Pelipper, L50, F|100/100
|switch|p1b: CIaydol|Incineroar, L50, M|100/100
|switch|p2a: punch you|Gengar, L50, F, shiny|100/100
|switch|p2b: goodatthisgame|Floette-Eternal, L50, F|100/100
|-weather|RainDance|[from] ability: Drizzle|[of] p1a: plskeeprain
|-ability|p1b: CIaydol|Intimidate|boost
|-unboost|p2a: punch you|atk|1
|-unboost|p2b: goodatthisgame|atk|1
|turn|1
|c|Ōśåim rune not rine|i don't have flash cannon on my arch because of a misinput bro
|
|t:|1784157757
|detailschange|p2b: goodatthisgame|Floette-Mega, L50, F
|-mega|p2b: goodatthisgame|Floette|Floettite
|-ability|p2b: goodatthisgame|Fairy Aura
|move|p2b: goodatthisgame|Protect|p2b: goodatthisgame
|-singleturn|p2b: goodatthisgame|Protect
|move|p1b: CIaydol|Fake Out|p2b: goodatthisgame
|-activate|p2b: goodatthisgame|move: Protect
|move|p2a: punch you|Self-Destruct|p1b: CIaydol|[spread] p1a,p1b
|-activate|p2b: goodatthisgame|move: Protect
|-damage|p1a: plskeeprain|87/100
|-damage|p1b: CIaydol|90/100
|faint|p2a: punch you
|move|p1a: plskeeprain|Tailwind|p1a: plskeeprain
|-sidestart|p1: im rune not rine|move: Tailwind
|
|-weather|RainDance|[upkeep]
|-heal|p1b: CIaydol|96/100|[from] item: Leftovers
|upkeep
|c|Ōśåghostofphantasm|i ahve such good moves
|c|Ōśåghostofphantasm|on my pokemon
|c|Ōśåghostofphantasm|such as that
|
|t:|1784157772
|switch|p2a: my trump card|Castform, L50, M, shiny|100/100
|-formechange|p2a: my trump card|Castform-Rainy|[msg]|[from] ability: Forecast
|turn|2
|c|Ōśåim rune not rine|insane play
|
|t:|1784157790
|move|p1a: plskeeprain|U-turn|p2a: my trump card
|-damage|p2a: my trump card|86/100
|
|t:|1784157797
|switch|p1a: BascuIegion|Raichu, L50, M|100/100|[from] U-turn
|move|p1b: CIaydol|Darkest Lariat|p2b: goodatthisgame
|-resisted|p2b: goodatthisgame|1
|-damage|p2b: goodatthisgame|82/100
|move|p2a: my trump card|Sunny Day|p2a: my trump card
|-weather|SunnyDay
|-formechange|p2a: my trump card|Castform-Sunny|[msg]|[from] ability: Forecast
|move|p2b: goodatthisgame|Substitute|p2b: goodatthisgame
|-start|p2b: goodatthisgame|Substitute
|-damage|p2b: goodatthisgame|58/100
|
|-weather|SunnyDay|[upkeep]
|-heal|p1b: CIaydol|100/100|[from] item: Leftovers
|upkeep
|turn|3
|c|Ōśåim rune not rine|huge misinput
|c|Ōśåim rune not rine|who needs to pivot anyway?
|
|t:|1784157831
|detailschange|p1a: BascuIegion|Raichu-Mega-Y, L50, M
|-mega|p1a: BascuIegion|Raichu|Raichunite Y
|move|p1a: BascuIegion|Fake Out|p2a: my trump card
|-damage|p2a: my trump card|73/100
|move|p1b: CIaydol|Parting Shot|p2a: my trump card
|-unboost|p2a: my trump card|atk|1
|-unboost|p2a: my trump card|spa|1
|c|Ōśåghostofphantasm|my pokemon are so good
|
|t:|1784157840
|switch|p1b: plskeeprain|Pelipper, L50, F|87/100|[from] Parting Shot
|-weather|RainDance|[from] ability: Drizzle|[of] p1b: plskeeprain
|-formechange|p2a: my trump card|Castform-Rainy|[msg]|[from] ability: Forecast
|cant|p2a: my trump card|flinch
|move|p2b: goodatthisgame|Wish|p2b: goodatthisgame
|
|-weather|RainDance|[upkeep]
|upkeep
|turn|4
|c|Ōśåghostofphantasm|yk if i had a single attacking move on my floette i mightve won
|
|t:|1784157860
|move|p2b: goodatthisgame|Protect|p2b: goodatthisgame
|-singleturn|p2b: goodatthisgame|Protect
|move|p1a: BascuIegion|Zap Cannon|p2b: goodatthisgame
|-activate|p2b: goodatthisgame|move: Protect
|move|p1b: plskeeprain|U-turn|p2a: my trump card
|-damage|p2a: my trump card|57/100
|
|t:|1784157872
|switch|p1b: BaxcaIibur|Archaludon, L50, F, shiny|100/100|[from] U-turn
|move|p2a: my trump card|Sunny Day|p2a: my trump card
|-weather|SunnyDay
|-formechange|p2a: my trump card|Castform-Sunny|[msg]|[from] ability: Forecast
|
|-weather|SunnyDay|[upkeep]
|-heal|p2b: goodatthisgame|100/100|[from] move: Wish|[wisher] goodatthisgame
|-sideend|p1: im rune not rine|move: Tailwind
|upkeep
|turn|5
|
|t:|1784157901
|switch|p2a: su|Roserade, L50, M|100/100
|move|p1a: BascuIegion|Zap Cannon|p2b: goodatthisgame
|-end|p2b: goodatthisgame|Substitute
|move|p1b: BaxcaIibur|Aura Sphere|p2a: su
|-resisted|p2a: su|1
|-damage|p2a: su|84/100
|move|p2b: goodatthisgame|Wish|p2b: goodatthisgame
|
|-weather|SunnyDay|[upkeep]
|upkeep
|turn|6
|
|t:|1784157920
|switch|p1b: plskeeprain|Pelipper, L50, F|87/100
|-weather|RainDance|[from] ability: Drizzle|[of] p1b: plskeeprain
|move|p1a: BascuIegion|Zap Cannon|p2b: goodatthisgame
|-damage|p2b: goodatthisgame|43/100
|-status|p2b: goodatthisgame|par
|move|p2a: su|Rest|p2a: su
|-status|p2a: su|slp|[from] move: Rest
|-heal|p2a: su|100/100 slp|[silent]
|move|p2b: goodatthisgame|Substitute|p2b: goodatthisgame
|-start|p2b: goodatthisgame|Substitute
|-damage|p2b: goodatthisgame|19/100 par
|
|-weather|RainDance|[upkeep]
|-heal|p2b: goodatthisgame|68/100 par|[from] move: Wish|[wisher] goodatthisgame
|upkeep
|turn|7
|c|Ōśåghostofphantasm|is that raichu called basculegion
|
|t:|1784157949
|move|p1a: BascuIegion|Zap Cannon|p2b: goodatthisgame
|-crit|p2b: goodatthisgame
|-end|p2b: goodatthisgame|Substitute
|cant|p2a: su|slp
|move|p2a: su|Snore|p1a: BascuIegion
|-damage|p1a: BascuIegion|78/100
|move|p1b: plskeeprain|Hurricane|p2a: su
|-supereffective|p2a: su|1
|-damage|p2a: su|14/100 slp
|move|p2b: goodatthisgame|Synthesis|p2b: goodatthisgame
|-heal|p2b: goodatthisgame|94/100 par
|
|-weather|RainDance|[upkeep]
|upkeep
|turn|8
|
|t:|1784157974
|move|p2b: goodatthisgame|Protect|p2b: goodatthisgame
|-singleturn|p2b: goodatthisgame|Protect
|move|p1a: BascuIegion|Zap Cannon|p2b: goodatthisgame
|-activate|p2b: goodatthisgame|move: Protect
|cant|p2a: su|slp
|move|p1b: plskeeprain|U-turn|p2a: su
|-damage|p2a: su|0 fnt
|faint|p2a: su
|c|Ōśåim rune not rine|is that the only name you noticed
|
|t:|1784157987
|switch|p1b: BaxcaIibur|Archaludon, L50, F, shiny|100/100|[from] U-turn
|
|-weather|RainDance|[upkeep]
|upkeep
|c|Ōśåghostofphantasm|i also noticed plskeeprain
|c|Ōśåghostofphantasm|why do you think i kept using sunny day
|
|t:|1784157999
|switch|p2a: my trump card|Castform, L50, M, shiny|57/100
|-formechange|p2a: my trump card|Castform-Rainy|[msg]|[from] ability: Forecast
|turn|9
|c|Ōśåim rune not rine|LOL
|
|t:|1784158018
|switch|p1b: plskeeprain|Pelipper, L50, F|87/100
|move|p1a: BascuIegion|Zap Cannon|p2a: my trump card
|-supereffective|p2a: my trump card|1
|-damage|p2a: my trump card|0 fnt
|faint|p2a: my trump card
|cant|p2b: goodatthisgame|par
|
|-weather|RainDance|[upkeep]
|upkeep
|turn|10
|c|Ōśåghostofphantasm|i need your advice
|c|Ōśåghostofphantasm|do i use
|c|Ōśåghostofphantasm|protect
|c|Ōśåghostofphantasm|substitute
|c|Ōśåghostofphantasm|synthesis
|c|Ōśåghostofphantasm|or wish
|c|Ōśåim rune not rine|mmmm
|c|Ōśåim rune not rine|you should use substitute
|
|t:|1784158050
|move|p1a: BascuIegion|Zap Cannon|p2b: goodatthisgame
|-damage|p2b: goodatthisgame|35/100 par
|move|p1b: plskeeprain|U-turn|p2b: goodatthisgame
|-resisted|p2b: goodatthisgame|1
|-damage|p2b: goodatthisgame|31/100 par
|
|t:|1784158055
|switch|p1b: BaxcaIibur|Archaludon, L50, F, shiny|100/100|[from] U-turn
|move|p2b: goodatthisgame|Substitute|p2b: goodatthisgame
|-start|p2b: goodatthisgame|Substitute
|-damage|p2b: goodatthisgame|7/100 par
|
|-weather|RainDance|[upkeep]
|upkeep
|turn|11
|c|Ōśåghostofphantasm|ight
|
|t:|1784158063
|move|p1b: BaxcaIibur|Protect|p1b: BaxcaIibur
|-singleturn|p1b: BaxcaIibur|Protect
|move|p1a: BascuIegion|Encore|p2b: goodatthisgame
|-start|p2b: goodatthisgame|Encore
|move|p2b: goodatthisgame|Substitute|p2b: goodatthisgame
|-fail|p2b: goodatthisgame|move: Substitute
|
|-weather|RainDance|[upkeep]
|upkeep
|turn|12
|c|Ōśåghostofphantasm|oh
|
|t:|1784158080
|move|p1b: BaxcaIibur|Protect|p1b: BaxcaIibur
|-singleturn|p1b: BaxcaIibur|Protect
|move|p1a: BascuIegion|Focus Blast|p2b: goodatthisgame
|-resisted|p2b: goodatthisgame|1
|-activate|p2b: goodatthisgame|move: Substitute|[damage]
|move|p2b: goodatthisgame|Substitute|p2b: goodatthisgame
|-fail|p2b: goodatthisgame|move: Substitute
|
|-weather|RainDance|[upkeep]
|upkeep
|turn|13
|c|Ōśåim rune not rine|watch these plays
|c|Ōśåghostofphantasm|is that a visual bug
|c|Ōśåghostofphantasm|does substitute have a set hp
|c|Ōśåghostofphantasm|idk how substitute works i tho0ught it just broke after a hit
|
|t:|1784158127
|move|p1a: BascuIegion|Focus Blast|p2b: goodatthisgame
|-resisted|p2b: goodatthisgame|1
|-end|p2b: goodatthisgame|Substitute
|move|p1b: BaxcaIibur|Draco Meteor|p2b: goodatthisgame
|-immune|p2b: goodatthisgame
|move|p2b: goodatthisgame|Substitute|p2b: goodatthisgame
|-fail|p2b: goodatthisgame|move: Substitute|[weak]
|
|-weather|none
|-end|p2b: goodatthisgame|Encore
|upkeep
|turn|14
|
|t:|1784158141
|move|p1a: BascuIegion|Focus Blast|p2b: goodatthisgame
|-resisted|p2b: goodatthisgame|1
|-damage|p2b: goodatthisgame|0 fnt
|faint|p2b: goodatthisgame
|
|win|im rune not rine
|c|Ōśåim rune not rine|gg
|c|Ōśåghostofphantasm|close match
|c|Ōśåim rune not rine|next next
||im rune not rine is ready for game 2.
|inactive|ghostofphantasm has 30 seconds to confirm battle start!
||ghostofphantasm is ready for game 2.
|uhtml|next|Next: Game 2 of 3
