|j|☆sophiadeclare
|j|☆beruwu
|html|sophiadeclareberuwu    
|uhtml|bestof|Game 1 of a best-of-3
|t:|1784136976
|gametype|doubles
|player|p1|sophiadeclare|hilbert-wonderlauncher|
|player|p2|beruwu|bianca|
|gen|9
|tier|[Gen 9 Champions] VGC 2026 Reg M-B (Bo3)
|rule|Species Clause: Limit one of each Pokémon
|rule|Item Clause: Limit 1 of each item
|clearpoke
|poke|p1|Kingambit, L50, M, shiny|
|poke|p1|Garchomp, L50, F, shiny|
|poke|p1|Farigiraf, L50, F, shiny|
|poke|p1|Sylveon, L50, M, shiny|
|poke|p1|Aerodactyl, L50, M, shiny|
|poke|p1|Charizard, L50, F, shiny|
|poke|p2|Kangaskhan, L50, F, shiny|
|poke|p2|Mawile, L50, F, shiny|
|poke|p2|Camerupt, L50, F, shiny|
|poke|p2|Mimikyu, L50, F, shiny|
|poke|p2|Farigiraf, L50, F, shiny|
|poke|p2|Torkoal, L50, F, shiny|
|teampreview|4
|showteam|p1|Kingambit||FocusSash|Defiant|SuckerPunch,KowtowCleave,LowKick,IronHead|Adamant||M|||50|]Garchomp||LifeOrb|RoughSkin|Earthquake,DragonClaw,StompingTantrum,Protect|Jolly||F|||50|]Farigiraf||SitrusBerry|ArmorTail|Psychic,Thunderbolt,TrickRoom,Protect|Bold||F|||50|]Sylveon||FairyFeather|Pixilate|HyperVoice,HyperBeam,QuickAttack,Detect|Modest||M|||50|]Aerodactyl||Aerodactylite|Unnerve|Tailwind,RockSlide,DualWingbeat,IceFang|Jolly||M|||50|]Charizard||CharizarditeY|SolarPower|Protect,HeatWave,WeatherBall,SolarBeam|Modest||F|||50|
|showteam|p2|Kangaskhan||LifeOrb|Scrappy|FakeOut,LastResort|Brave||F|||50|]Mawile||Mawilite|HyperCutter|PlayRough,SuckerPunch,RockSlide,Protect|Brave||F|||50|]Camerupt||Cameruptite|SolidRock|EarthPower,Protect,HeatWave,AncientPower|Quiet||F|||50|]Mimikyu||MentalHerb|Disguise|PlayRough,ShadowSneak,SwordsDance,TrickRoom|Brave||F|||50|]Farigiraf||ColburBerry|ArmorTail|PsychicNoise,Thunderbolt,HelpingHand,TrickRoom|Quiet||F|||50|]Torkoal||Charcoal|Drought|Eruption,WeatherBall,SolarBeam,Protect|Quiet||F|||50|
|
|t:|1784137039
|teamsize|p1|4
|teamsize|p2|4
|start
|switch|p1a: đấm đau|Garchomp, L50, F, shiny|100/100
|switch|p1b: cha già|Kingambit, L50, M, shiny|100/100
|switch|p2a: Camerupt|Camerupt, L50, F, shiny|100/100
|switch|p2b: Farigiraf|Farigiraf, L50, F, shiny|100/100
|turn|1
|
|t:|1784137075
|move|p2a: Camerupt|Protect|p2a: Camerupt
|-singleturn|p2a: Camerupt|Protect
|move|p1a: đấm đau|Stomping Tantrum|p2a: Camerupt
|-activate|p2a: Camerupt|move: Protect
|move|p1b: cha già|Low Kick|p2a: Camerupt
|-activate|p2a: Camerupt|move: Protect
|move|p2b: Farigiraf|Trick Room|p2b: Farigiraf
|-fieldstart|move: Trick Room|[of] p2b: Farigiraf
|
|upkeep
|turn|2
|inactive|Battle timer is ON: inactive players will automatically lose when time's up. (requested by sophiadeclare)
|
|t:|1784137104
|switch|p2b: Torkoal|Torkoal, L50, F, shiny|100/100
|-weather|SunnyDay|[from] ability: Drought|[of] p2b: Torkoal
|detailschange|p2a: Camerupt|Camerupt-Mega, L50, F, shiny
|-mega|p2a: Camerupt|Camerupt|Cameruptite
|move|p1b: cha già|Sucker Punch|p2a: Camerupt
|-damage|p2a: Camerupt|57/100
|move|p2a: Camerupt|Heat Wave|p1a: đấm đau|[spread] p1a,p1b
|-resisted|p1a: đấm đau|1
|-supereffective|p1b: cha già|1
|-damage|p1a: đấm đau|50/100g
|-enditem|p1b: cha già|Focus Sash
|-damage|p1b: cha già|1/100
|move|p1a: đấm đau|Stomping Tantrum|p2a: Camerupt
|-supereffective|p2a: Camerupt|1
|-damage|p2a: Camerupt|0 fnt
|faint|p2a: Camerupt
|-damage|p1a: đấm đau|40/100|[from] item: Life Orb
|
|-weather|SunnyDay|[upkeep]
|upkeep
|
|t:|1784137125
|switch|p2a: Farigiraf|Farigiraf, L50, F, shiny|100/100
|turn|3
|
|t:|1784137136
|move|p1b: cha già|Sucker Punch||[still]
|cant|p2a: Farigiraf|ability: Armor Tail|Sucker Punch|[of] p1b: cha già
|move|p2b: Torkoal|Eruption|p1a: đấm đau|[spread] p1a,p1b
|-resisted|p1a: đấm đau|1
|-supereffective|p1b: cha già|1
|-damage|p1a: đấm đau|0 fnt
|-damage|p1b: cha già|0 fnt
|faint|p1a: đấm đau
|faint|p1b: cha già
|move|p2a: Farigiraf|Psychic Noise|p1: đấm đau|[notarget]
|-fail|p2a: Farigiraf
|
|-weather|SunnyDay|[upkeep]
|upkeep
|
|t:|1784137143
|switch|p1b: Phát xít|Farigiraf, L50, F, shiny|100/100
|switch|p1a: sủa|Sylveon, L50, M, shiny|100/100
|turn|4
|
|t:|1784137153
|move|p2a: Farigiraf|Helping Hand|p2b: Torkoal
|-singleturn|p2b: Torkoal|Helping Hand|[of] p2a: Farigiraf
|move|p1a: sủa|Detect|p1a: sủa
|-singleturn|p1a: sủa|Protect
|move|p2b: Torkoal|Eruption|p1b: Phát xít|[spread] p1b
|-activate|p1a: sủa|move: Protect
|-damage|p1b: Phát xít|0 fnt
|faint|p1b: Phát xít
|
|-weather|SunnyDay|[upkeep]
|upkeep
|turn|5
|c|☆beruwu|nt con huou chan chieu uu tien ma
|c|☆sophiadeclare|i know
|
|t:|1784137173
|move|p2a: Farigiraf|Helping Hand|p2b: Torkoal
|-singleturn|p2b: Torkoal|Helping Hand|[of] p2a: Farigiraf
|move|p1a: sủa|Detect||[still]
|-fail|p1a: sủa
|move|p2b: Torkoal|Eruption|p1a: sủa
|-damage|p1a: sủa|0 fnt
|faint|p1a: sủa
|
|win|beruwu
|c|☆sophiadeclare|choke ti
||sophiadeclare is ready for game 2.
|inactive|beruwu has 30 seconds to confirm battle start!
|c|☆beruwu|chol
||beruwu is ready for game 2.
|uhtml|next|Next: Game 2 of 3
|l|☆beruwu
|player|p2|
