|badge|p2|bronze|gen9ou|100-6
|uhtml|medal-msg|Curious what those medals under the avatar are? PS now has Ladder Seasons! For more information, check out the thread on Smogon.
|j|☆starling01
|j|☆JackRG1
|html|starling01JackRG1    
|uhtml|bestof|Game 1 of a best-of-3
|t:|1757635977
|gametype|doubles
|player|p1|starling01|miku-flying|1171
|player|p2|JackRG1|dawn-gen4pt|1253
|gen|9
|tier|[Gen 9] VGC 2025 Reg H (Bo3)
|rated|
|rule|Species Clause: Limit one of each Pokémon
|rule|Item Clause: Limit 1 of each item
|clearpoke
|poke|p1|Incineroar, L50, F|
|poke|p1|Rillaboom, L50, M|
|poke|p1|Ursaluna-Bloodmoon, L50, M|
|poke|p1|Sneasler, L50, M|
|poke|p1|Dragonite, L50, F|
|poke|p1|Gholdengo, L50|
|poke|p2|Tyranitar, L50, F|
|poke|p2|Excadrill, L50, F|
|poke|p2|Milotic, L50, M|
|poke|p2|Reuniclus, L50, M|
|poke|p2|Indeedee-F, L50, F|
|poke|p2|Volcarona, L50, M|
|teampreview|4
|showteam|p1|Incineroar||SafetyGoggles|Intimidate|FlareBlitz,KnockOff,FakeOut,PartingShot|||F|||50|,,,,,Ghost]Rillaboom||AssaultVest|GrassySurge|WoodHammer,HighHorsepower,GrassyGlide,FakeOut|||M|||50|,,,,,Fire]Ursaluna-Bloodmoon||Leftovers|MindsEye|BloodMoon,EarthPower,CalmMind,Protect|||M|||50|,,,,,Electric]Sneasler||FocusSash|PoisonTouch|CloseCombat,DireClaw,FakeOut,Coaching|||M|||50|,,,,,Ghost]Dragonite||LoadedDice|Multiscale|ScaleShot,Tailwind,Haze,Protect|||F|||50|,,,,,Steel]Gholdengo||LifeOrb|GoodasGold|MakeItRain,ShadowBall,NastyPlot,Protect||||||50|,,,,,Water
|showteam|p2|Tyranitar||AssaultVest|SandStream|RockSlide,KnockOff,LowKick,TeraBlast|||F|||50|,,,,,Flying]Excadrill||FocusSash|SandRush|Earthquake,HighHorsepower,IronHead,Protect|||F|||50|,,,,,Stellar]Milotic||CovertCloak|Competitive|Scald,IcyWind,Haze,Protect|||M|||50|,,,,,Grass]Reuniclus||LifeOrb|MagicGuard|ExpandingForce,TrickRoom,Protect,TeraBlast|||M|||50|,,,,,Fighting]Indeedee-F||SafetyGoggles|PsychicSurge|TrickRoom,Protect,Psychic,FollowMe|||F|||50|,,,,,Fairy]Volcarona||Leftovers|FlameBody|Protect,HeatWave,QuiverDance,GigaDrain|||M|||50|,,,,,Grass
|inactive|Battle timer is ON: inactive players will automatically lose when time's up. (requested by starling01)
|inactive|JackRG1 also wants the timer to be on.
|inactive|starling01 has 60 seconds left.
|
|t:|1757636017
|teamsize|p1|4
|teamsize|p2|4
|start
|switch|p1a: Sneasler|Sneasler, L50, M|100/100
|switch|p1b: Dragonite|Dragonite, L50, F|100/100
|switch|p2a: Milotic|Milotic, L50, M|100/100
|switch|p2b: Volcarona|Volcarona, L50, M|100/100
|turn|1
|
|t:|1757636029
|switch|p2b: Indeedee|Indeedee-F, L50, F|100/100
|-fieldstart|move: Psychic Terrain|[from] ability: Psychic Surge|[of] p2b: Indeedee
|move|p1a: Sneasler|Coaching|p1b: Dragonite
|-boost|p1b: Dragonite|atk|1
|-boost|p1b: Dragonite|def|1
|move|p1b: Dragonite|Scale Shot|p2b: Indeedee
|-damage|p2b: Indeedee|81/100
|-damage|p2b: Indeedee|59/100
|-damage|p2b: Indeedee|39/100
|-damage|p2b: Indeedee|18/100
|-damage|p2b: Indeedee|0 fnt
|faint|p2b: Indeedee
|-hitcount|p2: Indeedee|5
|-unboost|p1b: Dragonite|def|1
|-boost|p1b: Dragonite|spe|1
|move|p2a: Milotic|Icy Wind|p1a: Sneasler|[spread] p1a,p1b
|-supereffective|p1b: Dragonite
|-damage|p1a: Sneasler|86/100
|-damage|p1b: Dragonite|75/100
|-unboost|p1a: Sneasler|spe|1
|-unboost|p1b: Dragonite|spe|1
|
|upkeep
|
|t:|1757636033
|switch|p2b: Volcarona|Volcarona, L50, M|100/100
|turn|2
|
|t:|1757636049
|move|p2b: Volcarona|Protect|p2b: Volcarona
|-singleturn|p2b: Volcarona|Protect
|move|p1b: Dragonite|Scale Shot|p2b: Volcarona
|-activate|p2b: Volcarona|move: Protect
|move|p1a: Sneasler|Dire Claw|p2b: Volcarona
|-activate|p2b: Volcarona|move: Protect
|move|p2a: Milotic|Icy Wind|p1b: Dragonite|[spread] p1a,p1b
|-supereffective|p1b: Dragonite
|-damage|p1a: Sneasler|71/100
|-damage|p1b: Dragonite|27/100
|-unboost|p1a: Sneasler|spe|1
|-unboost|p1b: Dragonite|spe|1
|
|upkeep
|turn|3
|
|t:|1757636066
|move|p2b: Volcarona|Heat Wave|p1a: Sneasler|[spread] p1a,p1b
|-resisted|p1b: Dragonite
|-damage|p1a: Sneasler|30/100
|-damage|p1b: Dragonite|9/100
|move|p2a: Milotic|Icy Wind|p1a: Sneasler|[spread] p1a,p1b
|-supereffective|p1b: Dragonite
|-damage|p1a: Sneasler|14/100
|-damage|p1b: Dragonite|0 fnt
|-unboost|p1a: Sneasler|spe|1
|faint|p1b: Dragonite
|move|p1a: Sneasler|Dire Claw|p2b: Volcarona
|-damage|p2b: Volcarona|49/100
|
|-heal|p2b: Volcarona|55/100|[from] item: Leftovers
|upkeep
|
|t:|1757636072
|switch|p1b: Ursaluna|Ursaluna-Bloodmoon, L50, M|100/100
|turn|4
|
|t:|1757636084
|-terastallize|p2b: Volcarona|Grass
|-terastallize|p1b: Ursaluna|Electric
|move|p2b: Volcarona|Quiver Dance|p2b: Volcarona
|-boost|p2b: Volcarona|spa|1
|-boost|p2b: Volcarona|spd|1
|-boost|p2b: Volcarona|spe|1
|move|p2a: Milotic|Scald|p1a: Sneasler
|-damage|p1a: Sneasler|0 fnt
|faint|p1a: Sneasler
|move|p1b: Ursaluna|Calm Mind|p1b: Ursaluna
|-boost|p1b: Ursaluna|spa|1
|-boost|p1b: Ursaluna|spd|1
|
|-heal|p2b: Volcarona|61/100|[from] item: Leftovers
|upkeep
|
|t:|1757636090
|switch|p1a: Rillaboom|Rillaboom, L50, M|100/100
|-fieldstart|move: Grassy Terrain|[from] ability: Grassy Surge|[of] p1a: Rillaboom
|turn|5
|
|t:|1757636105
|move|p2b: Volcarona|Protect|p2b: Volcarona
|-singleturn|p2b: Volcarona|Protect
|move|p1a: Rillaboom|Fake Out|p2b: Volcarona
|-activate|p2b: Volcarona|move: Protect
|move|p2a: Milotic|Scald|p1b: Ursaluna
|-damage|p1b: Ursaluna|78/100
|-status|p1b: Ursaluna|brn
|move|p1b: Ursaluna|Calm Mind|p1b: Ursaluna
|-boost|p1b: Ursaluna|spa|1
|-boost|p1b: Ursaluna|spd|1
|
|-heal|p2b: Volcarona|67/100|[from] Grassy Terrain
|-heal|p2b: Volcarona|73/100|[from] item: Leftovers
|-heal|p1b: Ursaluna|84/100 brn|[from] Grassy Terrain
|-heal|p1b: Ursaluna|90/100 brn|[from] item: Leftovers
|-damage|p1b: Ursaluna|84/100 brn|[from] brn
|upkeep
|turn|6
|
|t:|1757636117
|move|p2b: Volcarona|Heat Wave|p1a: Rillaboom|[spread] p1a,p1b
|-supereffective|p1a: Rillaboom
|-damage|p1a: Rillaboom|19/100
|-damage|p1b: Ursaluna|59/100 brn
|move|p1a: Rillaboom|Wood Hammer|p2a: Milotic
|-supereffective|p2a: Milotic
|-damage|p2a: Milotic|0 fnt
|faint|p2a: Milotic
|-damage|p1a: Rillaboom|0 fnt|[from] Recoil
|faint|p1a: Rillaboom
|move|p1b: Ursaluna|Blood Moon|p2b: Volcarona
|-damage|p2b: Volcarona|0 fnt
|faint|p2b: Volcarona
|
|-heal|p1b: Ursaluna|66/100 brn|[from] Grassy Terrain
|-heal|p1b: Ursaluna|72/100 brn|[from] item: Leftovers
|-damage|p1b: Ursaluna|66/100 brn|[from] brn
|upkeep
|
|t:|1757636123
|switch|p2b: Tyranitar|Tyranitar, L50, F|100/100
|-weather|Sandstorm|[from] ability: Sand Stream|[of] p2b: Tyranitar
|turn|7
|
|t:|1757636131
|move|p1b: Ursaluna|Protect|p1b: Ursaluna
|-singleturn|p1b: Ursaluna|Protect
|move|p2b: Tyranitar|Knock Off|p1b: Ursaluna
|-activate|p1b: Ursaluna|move: Protect
|
|-weather|Sandstorm|[upkeep]
|-damage|p1b: Ursaluna|59/100 brn|[from] Sandstorm
|-heal|p1b: Ursaluna|66/100 brn|[from] Grassy Terrain
|-heal|p1b: Ursaluna|72/100 brn|[from] item: Leftovers
|-damage|p1b: Ursaluna|66/100 brn|[from] brn
|upkeep
|turn|8
|
|t:|1757636140
|move|p2b: Tyranitar|Knock Off|p1b: Ursaluna
|-damage|p1b: Ursaluna|25/100 brn
|-enditem|p1b: Ursaluna|Leftovers|[from] move: Knock Off|[of] p2b: Tyranitar
|move|p1b: Ursaluna|Earth Power|p2b: Tyranitar
|-supereffective|p2b: Tyranitar
|-damage|p2b: Tyranitar|16/100
|
|-weather|Sandstorm|[upkeep]
|-damage|p1b: Ursaluna|19/100 brn|[from] Sandstorm
|-heal|p2b: Tyranitar|22/100|[from] Grassy Terrain
|-heal|p1b: Ursaluna|25/100 brn|[from] Grassy Terrain
|-damage|p1b: Ursaluna|19/100 brn|[from] brn
|upkeep
|turn|9
|
|t:|1757636153
|move|p2b: Tyranitar|Knock Off|p1b: Ursaluna
|-damage|p1b: Ursaluna|0 fnt
|faint|p1b: Ursaluna
|
|win|JackRG1
||starling01 is ready for game 2.
||JackRG1 is ready for game 2.
|uhtml|next|Next: Game 2 of 3
