|j|ŌśåPffbear
|j|ŌśåKrushka27
|html|PffbearKrushka27    
|uhtml|bestof|Game 2 of a best-of-3
|t:|1785974425
|gametype|doubles
|player|p1|Pffbear|102|
|player|p2|Krushka27|veteranf|
|gen|9
|tier|[Gen 9 Champions] VGC 2026 Reg M-B (Bo3)
|rule|Species Clause: Limit one of each Pok├®mon
|rule|Item Clause: Limit 1 of each item
|clearpoke
|poke|p1|Aerodactyl, L50, M|
|poke|p1|Sylveon, L50, M|
|poke|p1|Corviknight, L50, M|
|poke|p1|Samurott-Hisui, L50, M|
|poke|p1|Toxicroak, L50, M|
|poke|p1|Spiritomb, L50, F|
|poke|p2|Mawile, L50, F|
|poke|p2|Morpeko, L50, M|
|poke|p2|Gliscor, L50, M|
|poke|p2|Farigiraf, L50, F|
|poke|p2|Milotic, L50, M|
|poke|p2|Gallade, L50, M|
|teampreview|4
|showteam|p1|Aerodactyl||Aerodactylite|RockHead|RockSlide,Tailwind,DualWingbeat,Protect|Jolly||M|||50|]Sylveon||FairyFeather|Pixilate|HyperVoice,HyperBeam,QuickAttack,Detect|Modest||M|||50|]Corviknight||Leftovers|Pressure|Defog,BraveBird,Roost,Uturn|Relaxed||M|||50|]Samurott-Hisui||BlackGlasses|Sharpness|CeaselessEdge,SacredSword,RazorShell,SuckerPunch|Jolly||M|||50|]Toxicroak||LifeOrb|Anticipation|DrainPunch,GunkShot,SuckerPunch,Protect|Jolly||M|||50|]Spiritomb||SitrusBerry|Pressure|DarkPulse,SuckerPunch,WillOWisp,Protect|Sassy||F|||50|
|showteam|p2|Mawile||Mawilite|Intimidate|IronHead,PlayRough,SuckerPunch,Protect|Brave||F|||50|]Morpeko||FocusSash|HungerSwitch|FakeOut,Protect,AuraWheel,PartingShot|Adamant||M|||50|]Gliscor||SitrusBerry|SandVeil|Crabhammer,DualWingbeat,Protect,Uturn|Adamant||M|||50|]Farigiraf||ColburBerry|ArmorTail|TrickRoom,Psychic,Thunderbolt,DazzlingGleam|Relaxed||F|||50|]Milotic||Leftovers|Competitive|Coil,Hypnosis,Blizzard,HydroPump|Modest||M|||50|]Gallade||LifeOrb|Sharpness|AquaCutter,SacredSword,WideGuard,Protect|Relaxed||M|||50|
|
|t:|1785974465
|teamsize|p1|4
|teamsize|p2|4
|start
|switch|p1a: Sylveon|Sylveon, L50, M|100/100
|switch|p1b: Spiritomb|Spiritomb, L50, F|100/100
|switch|p2a: Mawie|Mawile, L50, F|100/100
|switch|p2b: Milo|Milotic, L50, M|100/100
|-ability|p2a: Mawie|Intimidate|boost
|-unboost|p1a: Sylveon|atk|1
|-unboost|p1b: Spiritomb|atk|1
|-ability|p1b: Spiritomb|Pressure
|turn|1
|
|t:|1785974485
|switch|p2b: Grue The Giraffe|Farigiraf, L50, F|100/100
|switch|p1a: Toxicroak|Toxicroak, L50, M|100/100
|-ability|p1a: Toxicroak|Anticipation
|detailschange|p2a: Mawie|Mawile-Mega, L50, F
|-mega|p2a: Mawie|Mawile|Mawilite
|move|p2a: Mawie|Play Rough|p1b: Spiritomb|[miss]
|-miss|p2a: Mawie|p1b: Spiritomb
|move|p1b: Spiritomb|Will-O-Wisp|p2a: Mawie
|-status|p2a: Mawie|brn
|
|-damage|p2a: Mawie|94/100 brn|[from] brn
|upkeep
|turn|2
|c|ŌśåKrushka27|wow
|
|t:|1785974510
|move|p1a: Toxicroak|Protect|p1a: Toxicroak
|-singleturn|p1a: Toxicroak|Protect
|move|p2a: Mawie|Protect|p2a: Mawie
|-singleturn|p2a: Mawie|Protect
|move|p1b: Spiritomb|Dark Pulse|p2b: Grue The Giraffe
|-supereffective|p2b: Grue The Giraffe|1
|-enditem|p2b: Grue The Giraffe|Colbur Berry|[eat]
|-enditem|p2b: Grue The Giraffe|Colbur Berry|[weaken]
|-damage|p2b: Grue The Giraffe|74/100
|move|p2b: Grue The Giraffe|Trick Room|p2b: Grue The Giraffe
|-fieldstart|move: Trick Room|[of] p2b: Grue The Giraffe
|
|-damage|p2a: Mawie|88/100 brn|[from] brn
|upkeep
|turn|3
|
|t:|1785974526
|switch|p2a: John T. Room|Gallade, L50, M|100/100
|move|p1b: Spiritomb|Dark Pulse|p2b: Grue The Giraffe
|-supereffective|p2b: Grue The Giraffe|1
|-damage|p2b: Grue The Giraffe|27/100
|move|p2b: Grue The Giraffe|Psychic|p1a: Toxicroak
|-supereffective|p1a: Toxicroak|2
|-damage|p1a: Toxicroak|0 fnt
|faint|p1a: Toxicroak
|
|upkeep
|
|t:|1785974536
|switch|p1a: Aerodactyl|Aerodactyl, L50, M|100/100
|turn|4
|
|t:|1785974560
|switch|p2b: Milo|Milotic, L50, M|100/100
|detailschange|p1a: Aerodactyl|Aerodactyl-Mega, L50, M
|-mega|p1a: Aerodactyl|Aerodactyl|Aerodactylite
|move|p1b: Spiritomb|Dark Pulse|p2b: Milo
|-damage|p2b: Milo|80/100
|move|p2a: John T. Room|Aqua Cutter|p1a: Aerodactyl
|-supereffective|p1a: Aerodactyl|1
|-damage|p1a: Aerodactyl|0 fnt
|faint|p1a: Aerodactyl
|-damage|p2a: John T. Room|90/100|[from] item: Life Orb
|
|-heal|p2b: Milo|86/100|[from] item: Leftovers
|upkeep
|c|ŌśåPffbear|i hate u
|
|t:|1785974572
|switch|p1a: Sylveon|Sylveon, L50, M|100/100
|turn|5
|c|ŌśåKrushka27|sorry
|
|t:|1785974578
|move|p2a: John T. Room|Wide Guard|p2a: John T. Room
|-singleturn|p2a: John T. Room|Wide Guard
|move|p1b: Spiritomb|Dark Pulse|p2b: Milo
|-damage|p2b: Milo|64/100
|move|p1a: Sylveon|Hyper Voice|p2b: Milo|[spread] 
|-activate|p2a: John T. Room|move: Wide Guard
|-activate|p2b: Milo|move: Wide Guard
|cant|p2b: Milo|flinch
|
|-heal|p2b: Milo|70/100|[from] item: Leftovers
|upkeep
|turn|6
|
|t:|1785974603
|move|p2a: John T. Room|Protect|p2a: John T. Room
|-singleturn|p2a: John T. Room|Protect
|move|p1b: Spiritomb|Will-O-Wisp|p2a: John T. Room
|-activate|p2a: John T. Room|move: Protect
|move|p1a: Sylveon|Hyper Beam|p2b: Milo
|-damage|p2b: Milo|3/100
|-mustrecharge|p1a: Sylveon
|move|p2b: Milo|Coil|p2b: Milo
|-boost|p2b: Milo|atk|1
|-boost|p2b: Milo|def|1
|-boost|p2b: Milo|accuracy|1
|
|-heal|p2b: Milo|9/100|[from] item: Leftovers
|-fieldend|move: Trick Room
|upkeep
|turn|7
|
|t:|1785974622
|move|p2b: Milo|Hydro Pump|p1a: Sylveon
|-damage|p1a: Sylveon|64/100
|move|p2a: John T. Room|Aqua Cutter|p1a: Sylveon
|-damage|p1a: Sylveon|19/100
|-damage|p2a: John T. Room|80/100|[from] item: Life Orb
|cant|p1a: Sylveon|recharge
|move|p1b: Spiritomb|Will-O-Wisp|p2a: John T. Room
|-status|p2a: John T. Room|brn
|
|-heal|p2b: Milo|15/100|[from] item: Leftovers
|-damage|p2a: John T. Room|74/100 brn|[from] brn
|upkeep
|turn|8
|
|t:|1785974645
|move|p1a: Sylveon|Detect|p1a: Sylveon
|-singleturn|p1a: Sylveon|Protect
|move|p2b: Milo|Hydro Pump|p1a: Sylveon
|-activate|p1a: Sylveon|move: Protect
|move|p2a: John T. Room|Aqua Cutter|p1a: Sylveon
|-activate|p1a: Sylveon|move: Protect
|move|p1b: Spiritomb|Dark Pulse|p2b: Milo
|-damage|p2b: Milo|0 fnt
|faint|p2b: Milo
|
|-damage|p2a: John T. Room|68/100 brn|[from] brn
|upkeep
|
|t:|1785974648
|switch|p2b: Grue The Giraffe|Farigiraf, L50, F|27/100
|turn|9
|
|t:|1785974685
|move|p2a: John T. Room|Aqua Cutter|p1a: Sylveon
|-damage|p1a: Sylveon|0 fnt
|faint|p1a: Sylveon
|-damage|p2a: John T. Room|58/100 brn|[from] item: Life Orb
|move|p1b: Spiritomb|Dark Pulse|p2b: Grue The Giraffe
|-supereffective|p2b: Grue The Giraffe|1
|-damage|p2b: Grue The Giraffe|0 fnt
|faint|p2b: Grue The Giraffe
|
|-damage|p2a: John T. Room|52/100 brn|[from] brn
|upkeep
|c|ŌśåPffbear|gg
|
|t:|1785974695
|switch|p2b: Mawie|Mawile-Mega, L50, F|88/100 brn
|turn|10
|c|ŌśåPffbear|dude
|c|ŌśåKrushka27|its okay I almost managed to shit the bed in a matchup that should be clear in my favour
|c|ŌśåKrushka27|I'm a bot
|
|t:|1785974723
|move|p2a: John T. Room|Aqua Cutter|p1b: Spiritomb
|-damage|p1b: Spiritomb|73/100
|-damage|p2a: John T. Room|42/100 brn|[from] item: Life Orb
|move|p2b: Mawie|Iron Head|p1b: Spiritomb
|-damage|p1b: Spiritomb|29/100
|-enditem|p1b: Spiritomb|Sitrus Berry|[eat]
|-heal|p1b: Spiritomb|54/100|[from] item: Sitrus Berry
|move|p1b: Spiritomb|Dark Pulse|p2a: John T. Room
|-damage|p2a: John T. Room|13/100 brn
|
|-damage|p2a: John T. Room|6/100 brn|[from] brn
|-damage|p2b: Mawie|82/100 brn|[from] brn
|upkeep
|turn|11
|c|ŌśåPffbear|i just forgot to bring somehting for steel
|
|t:|1785974744
|move|p1b: Spiritomb|Protect|p1b: Spiritomb
|-singleturn|p1b: Spiritomb|Protect
|move|p2a: John T. Room|Aqua Cutter|p1b: Spiritomb
|-activate|p1b: Spiritomb|move: Protect
|move|p2b: Mawie|Iron Head|p1b: Spiritomb
|-activate|p1b: Spiritomb|move: Protect
|
|-damage|p2a: John T. Room|1/100 brn|[from] brn
|-damage|p2b: Mawie|77/100 brn|[from] brn
|upkeep
|turn|12
|c|ŌśåKrushka27|yeah I was unironically scared of Hippowdown going into this
|
|t:|1785974758
|move|p2a: John T. Room|Aqua Cutter|p1b: Spiritomb
|-damage|p1b: Spiritomb|28/100
|-damage|p2a: John T. Room|0 fnt|[from] item: Life Orb
|faint|p2a: John T. Room
|move|p2b: Mawie|Iron Head|p1b: Spiritomb
|-damage|p1b: Spiritomb|0 fnt
|faint|p1b: Spiritomb
|
|win|Krushka27
|c|ŌśåKrushka27|ty wp
|l|ŌśåPffbear
|player|p1|
|j|ŌśåPffbear
|player|p1|Pffbear|102|
