|j|☆punishedmelody
|j|☆AtaBoyCheekyBoy
|html|punishedmelodyAtaBoyCheekyBoy    
|uhtml|bestof|Game 3 of a best-of-3
|t:|1783739754
|gametype|doubles
|player|p1|punishedmelody|taunie|1028
|player|p2|AtaBoyCheekyBoy|102|1020
|gen|9
|tier|[Gen 9 Champions] VGC 2026 Reg M-B (Bo3)
|rated|
|rule|Species Clause: Limit one of each Pokémon
|rule|Item Clause: Limit 1 of each item
|clearpoke
|poke|p1|Blaziken, L50, M, shiny|
|poke|p1|Venusaur, L50, M|
|poke|p1|Ninetales-Alola, L50, M|
|poke|p1|Lycanroc-Dusk, L50, F|
|poke|p1|Kingambit, L50, M, shiny|
|poke|p1|Basculegion, L50, M|
|poke|p2|Lucario, L50, M, shiny|
|poke|p2|Incineroar, L50, M|
|poke|p2|Typhlosion-Hisui, L50, F|
|poke|p2|Farigiraf, L50, F|
|poke|p2|Talonflame, L50, F|
|poke|p2|Mamoswine, L50, F|
|teampreview|4
|showteam|p1|Blaziken||Blazikenite|SpeedBoost|FlareBlitz,CloseCombat,UpperHand,Detect|Adamant||M|||50|]Venusaur||Venusaurite|Overgrow|GigaDrain,SludgeBomb,EarthPower,Protect|Modest||M|||50|]Ninetales-Alola||NeverMeltIce|SnowWarning|Blizzard,FreezeDry,Encore,Protect|Timid||M|||50|]Lycanroc-Dusk||FocusSash|ToughClaws|Accelerock,RockSlide,CloseCombat,Protect|Adamant||F|||50|]Kingambit||LifeOrb|Defiant|KowtowCleave,SuckerPunch,IronHead,Protect|Adamant||M|||50|]Basculegion||ChoiceScarf|Adaptability|WaveCrash,AquaJet,LastRespects,FlipTurn|Jolly||M|||50|
|showteam|p2|Lucario||Lucarionite|InnerFocus|AuraSphere,FlashCannon,ExtremeSpeed,Protect|Serious||M|||50|]Incineroar||SitrusBerry|Intimidate|FakeOut,FlareBlitz,PartingShot,Protect|Careful||M|||50|]Typhlosion-Hisui||ChoiceScarf|Blaze|Eruption,ShadowBall,HeatWave,Overheat|Timid||F|||50|]Farigiraf|||ArmorTail|TrickRoom,HyperVoice,GrassKnot,Protect|Sassy||F|||50|]Talonflame|||FlameBody|Tailwind,FlareBlitz,BraveBird,FeatherDance|Jolly||F|||50|]Mamoswine||LifeOrb|ThickFat|EarthPower,IcicleCrash,IceShard,Protect|Naive||F|||50|
|inactive|Battle timer is ON: inactive players will automatically lose when time's up. (requested by punishedmelody)
|
|t:|1783739801
|teamsize|p1|4
|teamsize|p2|4
|start
|switch|p1a: Senbonzagura|Venusaur, L50, M|100/100
|switch|p1b: Tensa Zangetsu|Kingambit, L50, M, shiny|100/100
|switch|p2a: Farigiraf|Farigiraf, L50, F|100/100
|switch|p2b: Typhlosion|Typhlosion-Hisui, L50, F|100/100
|turn|1
|
|t:|1783739816
|detailschange|p1a: Senbonzagura|Venusaur-Mega, L50, M
|-mega|p1a: Senbonzagura|Venusaur|Venusaurite
|move|p1b: Tensa Zangetsu|Protect|p1b: Tensa Zangetsu
|-singleturn|p1b: Tensa Zangetsu|Protect
|move|p2b: Typhlosion|Eruption|p1a: Senbonzagura|[spread] p1a
|-activate|p1b: Tensa Zangetsu|move: Protect
|-supereffective|p1a: Senbonzagura|1
|-damage|p1a: Senbonzagura|58/100
|move|p1a: Senbonzagura|Earth Power|p2b: Typhlosion
|-supereffective|p2b: Typhlosion|1
|-damage|p2b: Typhlosion|16/100
|move|p2a: Farigiraf|Hyper Voice|p1b: Tensa Zangetsu|[spread] p1a
|-activate|p1b: Tensa Zangetsu|move: Protect
|-damage|p1a: Senbonzagura|39/100
|
|upkeep
|turn|2
|
|t:|1783739836
|switch|p2b: Talonflame|Talonflame, L50, F|100/100
|move|p1a: Senbonzagura|Giga Drain|p2a: Farigiraf
|-damage|p2a: Farigiraf|70/100
|-heal|p1a: Senbonzagura|56/100|[from] drain|[of] p2a: Farigiraf
|move|p1b: Tensa Zangetsu|Kowtow Cleave|p2b: Talonflame
|-damage|p2b: Talonflame|1/100
|-status|p1b: Tensa Zangetsu|brn|[from] ability: Flame Body|[of] p2b: Talonflame
|-damage|p1b: Tensa Zangetsu|90/100 brn|[from] item: Life Orb
|move|p2a: Farigiraf|Hyper Voice|p1a: Senbonzagura|[spread] p1a,p1b
|-resisted|p1b: Tensa Zangetsu|1
|-crit|p1b: Tensa Zangetsu
|-damage|p1a: Senbonzagura|35/100
|-damage|p1b: Tensa Zangetsu|71/100 brn
|
|-damage|p1b: Tensa Zangetsu|65/100 brn|[from] brn
|upkeep
|turn|3
|
|t:|1783739859
|move|p2b: Talonflame|Flare Blitz|p1b: Tensa Zangetsu
|-supereffective|p1b: Tensa Zangetsu|1
|-damage|p1b: Tensa Zangetsu|0 fnt
|faint|p1b: Tensa Zangetsu
|-damage|p2b: Talonflame|0 fnt|[from] Recoil
|faint|p2b: Talonflame
|move|p1a: Senbonzagura|Giga Drain|p2a: Farigiraf
|-damage|p2a: Farigiraf|42/100
|-heal|p1a: Senbonzagura|52/100|[from] drain|[of] p2a: Farigiraf
|move|p2a: Farigiraf|Hyper Voice|p1a: Senbonzagura
|-damage|p1a: Senbonzagura|25/100
|
|upkeep
|
|t:|1783739873
|switch|p2b: Incineroar|Incineroar, L50, M|100/100
|switch|p1b: Sōō Zabimaru|Lycanroc-Dusk, L50, F|100/100
|-ability|p2b: Incineroar|Intimidate|boost
|-unboost|p1a: Senbonzagura|atk|1
|-unboost|p1b: Sōō Zabimaru|atk|1
|turn|4
|
|t:|1783739886
|switch|p1b: La Muerte|Basculegion, L50, M|100/100
|move|p1a: Senbonzagura|Protect|p1a: Senbonzagura
|-singleturn|p1a: Senbonzagura|Protect
|move|p2b: Incineroar|Fake Out|p1a: Senbonzagura
|-activate|p1a: Senbonzagura|move: Protect
|move|p2a: Farigiraf|Grass Knot|p1b: La Muerte
|-supereffective|p1b: La Muerte|1
|-damage|p1b: La Muerte|42/100
|
|upkeep
|turn|5
|inactive|AtaBoyCheekyBoy has 30 seconds left.
|
|t:|1783739916
|move|p1b: La Muerte|Wave Crash|p2a: Farigiraf
|-damage|p2a: Farigiraf|0 fnt
|faint|p2a: Farigiraf
|-damage|p1b: La Muerte|25/100|[from] Recoil
|move|p1a: Senbonzagura|Earth Power|p2b: Incineroar
|-supereffective|p2b: Incineroar|1
|-damage|p2b: Incineroar|58/100
|move|p2b: Incineroar|Flare Blitz|p1a: Senbonzagura
|-supereffective|p1a: Senbonzagura|1
|-damage|p1a: Senbonzagura|0 fnt
|faint|p1a: Senbonzagura
|-damage|p2b: Incineroar|50/100g|[from] Recoil
|
|upkeep
|
|t:|1783739929
|switch|p1a: Sōō Zabimaru|Lycanroc-Dusk, L50, F|100/100
|switch|p2a: Typhlosion|Typhlosion-Hisui, L50, F|16/100
|turn|6
|
|t:|1783739945
|move|p1a: Sōō Zabimaru|Accelerock|p2a: Typhlosion
|-supereffective|p2a: Typhlosion|1
|-damage|p2a: Typhlosion|0 fnt
|faint|p2a: Typhlosion
|move|p1b: La Muerte|Wave Crash|p2b: Incineroar
|-supereffective|p2b: Incineroar|1
|-damage|p2b: Incineroar|0 fnt
|faint|p2b: Incineroar
|-damage|p1b: La Muerte|8/100|[from] Recoil
|
|win|punishedmelody
|raw|punishedmelody's rating: 1028 → 1063(+35 for winning)
|raw|AtaBoyCheekyBoy's rating: 1020 → 1007(-13 for losing)
