|j|вҳҶgohan92
|j|вҳҶPokefreak 92
|html|gohan92Pokefreak 92    
|uhtml|bestof|Game 3 of a best-of-3
|t:|1756859280
|gametype|doubles
|player|p1|gohan92|170|
|player|p2|Pokefreak 92|lance|
|gen|9
|tier|[Gen 9] VGC 2025 Reg H (Bo3)
|rule|Species Clause: Limit one of each PokГ©mon
|rule|Item Clause: Limit 1 of each item
|clearpoke
|poke|p1|Indeedee-F, L50, F|
|poke|p1|Hatterene, L50, F|
|poke|p1|Gallade, L50, M|
|poke|p1|Ursaluna, L50, M|
|poke|p1|Lilligant-Hisui, L50, F|
|poke|p1|Torkoal, L50, M|
|poke|p2|Rillaboom, L50, F|
|poke|p2|Kingambit, L50, M|
|poke|p2|Sneasler, L50, F|
|poke|p2|Dragonite, L50, M|
|poke|p2|Gastrodon-East, L50, M|
|poke|p2|Ceruledge, L50, F|
|teampreview|4
|showteam|p1|Indeedee-F||PsychicSeed|PsychicSurge|TrickRoom,FollowMe,HelpingHand,DazzlingGleam|||F|||50|,,,,,Fire]Hatterene||LifeOrb|MagicBounce|ExpandingForce,TrickRoom,DazzlingGleam,Protect|||F|||50|,,,,,Psychic]Gallade||ClearAmulet|Sharpness|PsychoCut,TrickRoom,SacredSword,WideGuard|||M|||50|,,,,,Grass]Ursaluna||FlameOrb|Guts|HeadlongRush,Facade,SwordsDance,Protect|||M|||50|,,,,,Ghost]Lilligant-Hisui||FocusSash|Chlorophyll|SolarBlade,SleepPowder,CloseCombat,AfterYou|||F|||50|,,,,,Ghost]Torkoal||ChoiceSpecs|Drought|Eruption,HeatWave,WeatherBall,EarthPower|||M|||50|,,,,,Fire
|showteam|p2|Rillaboom||MiracleSeed|GrassySurge|WoodHammer,GrassyGlide,FakeOut,HighHorsepower|||F|||50|,,,,,Fire]Kingambit||AssaultVest|Defiant|KowtowCleave,SuckerPunch,TeraBlast,IronHead|||M|||50|,,,,,Flying]Sneasler||FocusSash|Unburden|DireClaw,CloseCombat,Coaching,FakeOut|||F|||50|,,,,,Ghost]Dragonite||LoadedDice|Multiscale|ExtremeSpeed,ScaleShot,LowKick,Protect|||M|||50|,,,,,Fairy]Gastrodon-East||SitrusBerry|StormDrain|EarthPower,IceBeam,ClearSmog,Protect|||M|||50|,,,,,Poison]Ceruledge||Leftovers|FlashFire|BitterBlade,ShadowSneak,BulkUp,Protect|||F|||50|,,,,,Grass
|
|t:|1756859329
|teamsize|p1|4
|teamsize|p2|4
|start
|switch|p1a: зҙ«з«ҪеҘҪеҸҜж„ӣ|Lilligant-Hisui, L50, F, shiny|100/100
|switch|p1b: еӨӘжЁӮе·ҙжҲҲж–Ҝ|Torkoal, L50, M, shiny|100/100
|switch|p2a: Ceruledge|Ceruledge, L50, F|100/100
|switch|p2b: Sneasler|Sneasler, L50, F|100/100
|-weather|SunnyDay|[from] ability: Drought|[of] p1b: еӨӘжЁӮе·ҙжҲҲж–Ҝ
|turn|1
|
|t:|1756859510
|switch|p1b: зҙ«з«Ҫи¶…еҸҜж„ӣ|Indeedee-F, L50, F, shiny|100/100
|-fieldstart|move: Psychic Terrain|[from] ability: Psychic Surge|[of] p1b: зҙ«з«Ҫи¶…еҸҜж„ӣ
|-enditem|p1b: зҙ«з«Ҫи¶…еҸҜж„ӣ|Psychic Seed
|-boost|p1b: зҙ«з«Ҫи¶…еҸҜж„ӣ|spd|1|[from] item: Psychic Seed
|-terastallize|p2a: Ceruledge|Grass
|move|p1a: зҙ«з«ҪеҘҪеҸҜж„ӣ|Sleep Powder|p2b: Sneasler
|-status|p2b: Sneasler|slp|[from] move: Sleep Powder
|cant|p2b: Sneasler|slp
|move|p2a: Ceruledge|Bulk Up|p2a: Ceruledge
|-boost|p2a: Ceruledge|atk|1
|-boost|p2a: Ceruledge|def|1
|
|-weather|SunnyDay|[upkeep]
|upkeep
|turn|2
|
|t:|1756859584
|switch|p1b: зҙ«з«Ҫж•ІеҸҜж„ӣ|Hatterene, L50, F, shiny|100/100
|move|p1a: зҙ«з«ҪеҘҪеҸҜж„ӣ|Close Combat|p2a: Ceruledge
|-damage|p2a: Ceruledge|59/100
|-unboost|p1a: зҙ«з«ҪеҘҪеҸҜж„ӣ|def|1
|-unboost|p1a: зҙ«з«ҪеҘҪеҸҜж„ӣ|spd|1
|-curestatus|p2b: Sneasler|slp|[msg]
|move|p2b: Sneasler|Dire Claw|p1a: зҙ«з«ҪеҘҪеҸҜж„ӣ
|-supereffective|p1a: зҙ«з«ҪеҘҪеҸҜж„ӣ
|-enditem|p1a: зҙ«з«ҪеҘҪеҸҜж„ӣ|Focus Sash
|-damage|p1a: зҙ«з«ҪеҘҪеҸҜж„ӣ|1/100
|-status|p1a: зҙ«з«ҪеҘҪеҸҜж„ӣ|psn
|move|p2a: Ceruledge|Bitter Blade|p1a: зҙ«з«ҪеҘҪеҸҜж„ӣ
|-supereffective|p1a: зҙ«з«ҪеҘҪеҸҜж„ӣ
|-damage|p1a: зҙ«з«ҪеҘҪеҸҜж„ӣ|0 fnt
|-heal|p2a: Ceruledge|59/100|[from] drain|[of] p1a: зҙ«з«ҪеҘҪеҸҜж„ӣ
|faint|p1a: зҙ«з«ҪеҘҪеҸҜж„ӣ
|
|-weather|SunnyDay|[upkeep]
|-heal|p2a: Ceruledge|65/100|[from] item: Leftovers
|upkeep
|
|t:|1756859593
|switch|p1a: зҙ«з«Ҫи¶…еҸҜж„ӣ|Indeedee-F, L50, F, shiny|100/100
|turn|3
|
|t:|1756859643
|switch|p2b: Rillaboom|Rillaboom, L50, F|100/100
|-fieldstart|move: Grassy Terrain|[from] ability: Grassy Surge|[of] p2b: Rillaboom
|-terastallize|p1a: зҙ«з«Ҫи¶…еҸҜж„ӣ|Fire
|move|p1a: зҙ«з«Ҫи¶…еҸҜж„ӣ|Helping Hand|p1b: зҙ«з«Ҫж•ІеҸҜж„ӣ
|-singleturn|p1b: зҙ«з«Ҫж•ІеҸҜж„ӣ|Helping Hand|[of] p1a: зҙ«з«Ҫи¶…еҸҜж„ӣ
|move|p2a: Ceruledge|Bitter Blade|p1a: зҙ«з«Ҫи¶…еҸҜж„ӣ
|-resisted|p1a: зҙ«з«Ҫи¶…еҸҜж„ӣ
|-crit|p1a: зҙ«з«Ҫи¶…еҸҜж„ӣ
|-damage|p1a: зҙ«з«Ҫи¶…еҸҜж„ӣ|28/100
|-heal|p2a: Ceruledge|100/100|[from] drain|[of] p1a: зҙ«з«Ҫи¶…еҸҜж„ӣ
|move|p1b: зҙ«з«Ҫж•ІеҸҜж„ӣ|Dazzling Gleam|p2a: Ceruledge|[spread] p2a,p2b
|-damage|p2a: Ceruledge|41/100
|-damage|p2b: Rillaboom|32/100
|-damage|p1b: зҙ«з«Ҫж•ІеҸҜж„ӣ|91/100|[from] item: Life Orb
|
|-weather|SunnyDay|[upkeep]
|-heal|p2b: Rillaboom|38/100|[from] Grassy Terrain
|-heal|p2a: Ceruledge|47/100|[from] Grassy Terrain
|-heal|p2a: Ceruledge|53/100|[from] item: Leftovers
|-heal|p1a: зҙ«з«Ҫи¶…еҸҜж„ӣ|34/100|[from] Grassy Terrain
|-heal|p1b: зҙ«з«Ҫж•ІеҸҜж„ӣ|97/100|[from] Grassy Terrain
|upkeep
|turn|4
|
|t:|1756859670
|move|p1b: зҙ«з«Ҫж•ІеҸҜж„ӣ|Protect|p1b: зҙ«з«Ҫж•ІеҸҜж„ӣ
|-singleturn|p1b: зҙ«з«Ҫж•ІеҸҜж„ӣ|Protect
|move|p2b: Rillaboom|High Horsepower|p1a: зҙ«з«Ҫи¶…еҸҜж„ӣ
|-supereffective|p1a: зҙ«з«Ҫи¶…еҸҜж„ӣ
|-damage|p1a: зҙ«з«Ҫи¶…еҸҜж„ӣ|0 fnt
|faint|p1a: зҙ«з«Ҫи¶…еҸҜж„ӣ
|move|p2a: Ceruledge|Bitter Blade|p1b: зҙ«з«Ҫж•ІеҸҜж„ӣ
|-activate|p1b: зҙ«з«Ҫж•ІеҸҜж„ӣ|move: Protect
|
|-weather|SunnyDay|[upkeep]
|-heal|p2b: Rillaboom|44/100|[from] Grassy Terrain
|-heal|p2a: Ceruledge|59/100|[from] Grassy Terrain
|-heal|p2a: Ceruledge|65/100|[from] item: Leftovers
|-heal|p1b: зҙ«з«Ҫж•ІеҸҜж„ӣ|100/100|[from] Grassy Terrain
|upkeep
|
|t:|1756859678
|switch|p1a: еӨӘжЁӮе·ҙжҲҲж–Ҝ|Torkoal, L50, M, shiny|100/100
|turn|5
|
|t:|1756859694
|switch|p2b: Sneasler|Sneasler, L50, F|100/100
|move|p2a: Ceruledge|Bitter Blade|p1b: зҙ«з«Ҫж•ІеҸҜж„ӣ
|-damage|p1b: зҙ«з«Ҫж•ІеҸҜж„ӣ|0 fnt
|-heal|p2a: Ceruledge|100/100|[from] drain|[of] p1b: зҙ«з«Ҫж•ІеҸҜж„ӣ
|faint|p1b: зҙ«з«Ҫж•ІеҸҜж„ӣ
|move|p1a: еӨӘжЁӮе·ҙжҲҲж–Ҝ|Weather Ball|p2b: Sneasler
|-enditem|p2b: Sneasler|Focus Sash
|-damage|p2b: Sneasler|1/100
|
|-weather|none
|-heal|p2b: Sneasler|7/100|[from] Grassy Terrain
|upkeep
|turn|6
|
|t:|1756859711
|move|p2b: Sneasler|Fake Out|p1a: еӨӘжЁӮе·ҙжҲҲж–Ҝ
|-crit|p1a: еӨӘжЁӮе·ҙжҲҲж–Ҝ
|-damage|p1a: еӨӘжЁӮе·ҙжҲҲж–Ҝ|85/100
|move|p2a: Ceruledge|Bitter Blade|p1a: еӨӘжЁӮе·ҙжҲҲж–Ҝ
|-resisted|p1a: еӨӘжЁӮе·ҙжҲҲж–Ҝ
|-damage|p1a: еӨӘжЁӮе·ҙжҲҲж–Ҝ|59/100
|cant|p1a: еӨӘжЁӮе·ҙжҲҲж–Ҝ|flinch
|
|-heal|p2b: Sneasler|13/100|[from] Grassy Terrain
|-heal|p1a: еӨӘжЁӮе·ҙжҲҲж–Ҝ|65/100|[from] Grassy Terrain
|upkeep
|turn|7
|
|t:|1756859726
|move|p2b: Sneasler|Close Combat|p1a: еӨӘжЁӮе·ҙжҲҲж–Ҝ
|-damage|p1a: еӨӘжЁӮе·ҙжҲҲж–Ҝ|21/100
|-unboost|p2b: Sneasler|def|1
|-unboost|p2b: Sneasler|spd|1
|move|p2a: Ceruledge|Bitter Blade|p1a: еӨӘжЁӮе·ҙжҲҲж–Ҝ
|-resisted|p1a: еӨӘжЁӮе·ҙжҲҲж–Ҝ
|-damage|p1a: еӨӘжЁӮе·ҙжҲҲж–Ҝ|0 fnt
|faint|p1a: еӨӘжЁӮе·ҙжҲҲж–Ҝ
|
|win|Pokefreak 92
