|j|☆g1g1o
|j|☆lolgz
|html|g1g1ololgz    
|uhtml|bestof|Game 1 of a best-of-3
|t:|1784099795
|gametype|doubles
|player|p1|g1g1o|giovanni|1113
|player|p2|lolgz|dawn|1119
|gen|9
|tier|[Gen 9 Champions] VGC 2026 Reg M-B (Bo3)
|rated|
|rule|Species Clause: Limit one of each Pokémon
|rule|Item Clause: Limit 1 of each item
|clearpoke
|poke|p1|Hydreigon, L50, F|
|poke|p1|Metagross, L50|
|poke|p1|Farigiraf, L50, M|
|poke|p1|Mamoswine, L50, M|
|poke|p1|Tauros-Paldea-Blaze, L50, M|
|poke|p1|Milotic, L50, F|
|poke|p2|Delphox, L50, F|
|poke|p2|Incineroar, L50, F|
|poke|p2|Vivillon, L50, M|
|poke|p2|Sinistcha, L50|
|poke|p2|Blastoise, L50, F|
|poke|p2|Maushold, L50|
|teampreview|4
|showteam|p1|Hydreigon||ChoiceScarf|Levitate|Snarl,EarthPower,DracoMeteor,Tailwind|Modest||F|||50|]Metagross||Metagrossite|ClearBody|IronHead,PsychicFangs,BulletPunch,Protect|Adamant|||||50|]Farigiraf||SitrusBerry|ArmorTail|TrickRoom,Psychic,Thunderbolt,Protect|Bold||M|||50|]Mamoswine||FocusSash|Oblivious|IceShard,HighHorsepower,Earthquake,Protect|Jolly||M|||50|]Tauros-Paldea-Blaze||LifeOrb|Intimidate|RagingBull,CloseCombat,RockSlide,Protect|Jolly||M|||50|]Milotic||Leftovers|Competitive|IcyWind,Scald,MirrorCoat,Protect|Bold||F|||50|
|showteam|p2|Delphox||Delphoxite|Blaze|HeatWave,Psychic,NastyPlot,Protect|Timid||F|||50|]Incineroar||SitrusBerry|Intimidate|FakeOut,PartingShot,FlareBlitz,ThroatChop|Impish||F|||50|]Vivillon||ChoiceScarf|CompoundEyes|SleepPowder,Hurricane,RagePowder,Tailwind|Timid||M|||50|]Sinistcha||CobaBerry|Hospitality|MatchaGotcha,RagePowder,Protect,TrickRoom|Bold|||||50|]Blastoise||Blastoisinite|RainDish|Protect,WaterSpout,DarkPulse,ShellSmash|Modest||F|||50|]Maushold||FocusSash|FriendGuard|FollowMe,Protect,SuperFang,HelpingHand|Jolly|||||50|
|inactive|Battle timer is ON: inactive players will automatically lose when time's up. (requested by lolgz)
|inactive|g1g1o also wants the timer to be on.
|
|t:|1784099811
|teamsize|p1|4
|teamsize|p2|4
|start
|switch|p1a: Hydreigon|Hydreigon, L50, F|100/100
|switch|p1b: Milotic|Milotic, L50, F|100/100
|switch|p2a: Vivillon|Vivillon, L50, M|100/100
|switch|p2b: Blastoise|Blastoise, L50, F|100/100
|turn|1
|
|t:|1784099831
|detailschange|p2b: Blastoise|Blastoise-Mega, L50, F
|-mega|p2b: Blastoise|Blastoise|Blastoisinite
|move|p2a: Vivillon|Sleep Powder|p1a: Hydreigon
|-status|p1a: Hydreigon|slp|[from] move: Sleep Powder
|cant|p1a: Hydreigon|slp
|move|p2b: Blastoise|Shell Smash|p2b: Blastoise
|-unboost|p2b: Blastoise|def|1
|-unboost|p2b: Blastoise|spd|1
|-boost|p2b: Blastoise|atk|2
|-boost|p2b: Blastoise|spa|2
|-boost|p2b: Blastoise|spe|2
|move|p1b: Milotic|Icy Wind|p2b: Blastoise|[spread] p2a,p2b
|-supereffective|p2a: Vivillon|1
|-resisted|p2b: Blastoise|1
|-damage|p2a: Vivillon|66/100
|-damage|p2b: Blastoise|92/100
|-unboost|p2a: Vivillon|spe|1
|-unboost|p2b: Blastoise|spe|1
|
|upkeep
|turn|2
|
|t:|1784099854
|cant|p1a: Hydreigon|slp
|move|p2b: Blastoise|Shell Smash|p2b: Blastoise
|-unboost|p2b: Blastoise|def|1
|-unboost|p2b: Blastoise|spd|1
|-boost|p2b: Blastoise|atk|2
|-boost|p2b: Blastoise|spa|2
|-boost|p2b: Blastoise|spe|2
|move|p2a: Vivillon|Sleep Powder|p1b: Milotic
|-status|p1b: Milotic|slp|[from] move: Sleep Powder
|cant|p1b: Milotic|slp
|
|upkeep
|turn|3
|
|t:|1784099863
|switch|p2a: Maushold|Maushold, L50|100/100
|move|p2b: Blastoise|Protect|p2b: Blastoise
|-singleturn|p2b: Blastoise|Protect
|-curestatus|p1a: Hydreigon|slp|[msg]
|move|p1a: Hydreigon|Snarl|p2a: Maushold|[spread] p2a
|-activate|p2b: Blastoise|move: Protect
|-damage|p2a: Maushold|74/100
|-unboost|p2a: Maushold|spa|1
|-curestatus|p1b: Milotic|slp|[msg]
|move|p1b: Milotic|Mirror Coat||[still]
|-fail|p1b: Milotic
|
|upkeep
|turn|4
|inactive|g1g1o has 30 seconds left.
|
|t:|1784099892
|switch|p2a: Sinistcha|Sinistcha, L50|100/100
|-heal|p2b: Blastoise|100/100|[from] ability: Hospitality|[of] p2a: Sinistcha
|move|p1b: Milotic|Protect|p1b: Milotic
|-singleturn|p1b: Milotic|Protect
|move|p2b: Blastoise|Water Spout|p1a: Hydreigon|[spread] p1a
|-activate|p1b: Milotic|move: Protect
|-resisted|p1a: Hydreigon|1
|-damage|p1a: Hydreigon|0 fnt
|faint|p1a: Hydreigon
|
|upkeep
|
|t:|1784099902
|switch|p1a: Mamoswine|Mamoswine, L50, M|100/100
|turn|5
|
|t:|1784099906
|move|p2a: Sinistcha|Rage Powder|p2a: Sinistcha
|-singleturn|p2a: Sinistcha|move: Rage Powder
|move|p1a: Mamoswine|Ice Shard|p2a: Sinistcha
|-supereffective|p2a: Sinistcha|1
|-damage|p2a: Sinistcha|62/100
|move|p2b: Blastoise|Water Spout|p1a: Mamoswine|[spread] p1a,p1b
|-supereffective|p1a: Mamoswine|1
|-resisted|p1b: Milotic|1
|-enditem|p1a: Mamoswine|Focus Sash
|-damage|p1a: Mamoswine|1/100
|-damage|p1b: Milotic|35/100
|move|p1b: Milotic|Mirror Coat|p2a: Sinistcha
|-damage|p2a: Sinistcha|0 fnt
|faint|p2a: Sinistcha
|
|-heal|p1b: Milotic|41/100|[from] item: Leftovers
|upkeep
|
|t:|1784099919
|switch|p2a: Maushold|Maushold, L50|74/100
|turn|6
|
|t:|1784099926
|move|p1b: Milotic|Protect|p1b: Milotic
|-singleturn|p1b: Milotic|Protect
|move|p2a: Maushold|Follow Me|p2a: Maushold
|-singleturn|p2a: Maushold|move: Follow Me
|move|p2b: Blastoise|Water Spout|p1b: Milotic|[spread] p1a
|-activate|p1b: Milotic|move: Protect
|-supereffective|p1a: Mamoswine|1
|-damage|p1a: Mamoswine|0 fnt
|faint|p1a: Mamoswine
|
|-heal|p1b: Milotic|47/100|[from] item: Leftovers
|upkeep
|
|t:|1784099931
|switch|p1a: Metagross|Metagross, L50|100/100
|turn|7
|
|t:|1784099938
|detailschange|p1a: Metagross|Metagross-Mega, L50
|-mega|p1a: Metagross|Metagross|Metagrossite
|move|p2a: Maushold|Follow Me|p2a: Maushold
|-singleturn|p2a: Maushold|move: Follow Me
|move|p1a: Metagross|Bullet Punch|p2a: Maushold
|-damage|p2a: Maushold|33/100
|move|p2b: Blastoise|Water Spout|p1a: Metagross|[spread] p1a,p1b
|-resisted|p1b: Milotic|1
|-damage|p1a: Metagross|0 fnt
|-damage|p1b: Milotic|0 fnt
|faint|p1a: Metagross
|faint|p1b: Milotic
|
|win|lolgz
