|j|☆laseboya
|j|☆Olciax34
|html|laseboyaOlciax34    
|uhtml|bestof|Game 2 of a best-of-3
|t:|1785177061
|gametype|doubles
|player|p1|laseboya|idol|1142
|player|p2|Olciax34|clair|1315
|gen|9
|tier|[Gen 9 Champions] VGC 2026 Reg M-B (Bo3)
|rated|
|rule|Species Clause: Limit one of each Pokémon
|rule|Item Clause: Limit 1 of each item
|clearpoke
|poke|p1|Charizard, L50, M|
|poke|p1|Glimmora, L50, M|
|poke|p1|Kommo-o, L50, M|
|poke|p1|Kingambit, L50, M|
|poke|p1|Ninetales-Alola, L50, F|
|poke|p1|Whimsicott, L50, F|
|poke|p2|Incineroar, L50, M|
|poke|p2|Floette-Eternal, L50, F|
|poke|p2|Sinistcha, L50|
|poke|p2|Palafin, L50, F|
|poke|p2|Kingambit, L50, F|
|poke|p2|Raichu, L50, F|
|teampreview|4
|showteam|p1|Charizard||CharizarditeY|Blaze|WeatherBall,SolarBeam,HeatWave,Protect|Modest||M|||50|]Glimmora||Glimmoranite|ToxicDebris|SludgeBomb,PowerGem,EarthPower,SpikyShield|Modest||M|||50|]Kommo-o||LifeOrb|Overcoat|ClangingScales,VacuumWave,AuraSphere,Protect|Modest||M|||50|]Kingambit||BlackGlasses|Defiant|KowtowCleave,SuckerPunch,IronHead,Protect|Adamant||M|||50|]Ninetales-Alola||NeverMeltIce|SnowWarning|FreezeDry,Blizzard,Disable,Protect|Timid||F|||50|]Whimsicott||FocusSash|Prankster|Moonblast,Tailwind,Encore,Protect|Timid||F|||50|
|showteam|p2|Incineroar||SitrusBerry|Intimidate|FakeOut,ThroatChop,FlareBlitz,PartingShot|Careful||M|||50|]Floette-Eternal||Floettite|FlowerVeil|DazzlingGleam,DrainingKiss,CalmMind,Protect|Modest||F|||50|]Sinistcha||KasibBerry|Hospitality|MatchaGotcha,LifeDew,RagePowder,Protect|Calm|||||50|]Palafin||Leftovers|ZerotoHero|BulkUp,JetPunch,DrainPunch,Protect|Adamant||F|||50|]Kingambit||ChopleBerry|Defiant|KowtowCleave,SuckerPunch,IronHead,LowKick|Adamant||F|||50|]Raichu||RaichuniteY|LightningRod|FakeOut,ZapCannon,FocusBlast,Protect|Timid||F|||50|
|inactive|Battle timer is ON: inactive players will automatically lose when time's up. (requested by Olciax34)
|j| tedidn
|inactive|Olciax34 has 60 seconds left.
|inactive|Olciax34 has 30 seconds left.
|inactive|Olciax34 has 20 seconds left.
|inactive|Olciax34 has 15 seconds left.
|inactive|Olciax34 has 10 seconds left.
|
|t:|1785177146
|teamsize|p1|4
|teamsize|p2|4
|start
|switch|p1a: Charizard|Charizard, L50, M|100/100
|switch|p1b: Whimsicott|Whimsicott, L50, F|100/100
|switch|p2a: Palafin|Palafin, L50, F|100/100
|switch|p2b: Raichu|Raichu, L50, F|100/100
|turn|1
|
|t:|1785177169
|detailschange|p2a: Palafin|Palafin-Hero, L50, F
|switch|p2a: Incineroar|Incineroar, L50, M|100/100
|-ability|p2a: Incineroar|Intimidate|boost
|-unboost|p1a: Charizard|atk|1
|-unboost|p1b: Whimsicott|atk|1
|detailschange|p2b: Raichu|Raichu-Mega-Y, L50, F
|-mega|p2b: Raichu|Raichu|Raichunite Y
|move|p1b: Whimsicott|Protect|p1b: Whimsicott
|-singleturn|p1b: Whimsicott|Protect
|move|p1a: Charizard|Protect|p1a: Charizard
|-singleturn|p1a: Charizard|Protect
|move|p2b: Raichu|Fake Out|p1b: Whimsicott
|-activate|p1b: Whimsicott|move: Protect
|
|upkeep
|turn|2
|inactive|laseboya has 30 seconds left.
|inactive|laseboya has 20 seconds left.
|
|t:|1785177205
|switch|p1a: Kingambit|Kingambit, L50, M|100/100
|move|p2a: Incineroar|Fake Out|p1b: Whimsicott
|-damage|p1b: Whimsicott|82/100
|move|p2b: Raichu|Zap Cannon|p1a: Kingambit
|-damage|p1a: Kingambit|18/100
|-status|p1a: Kingambit|par
|cant|p1b: Whimsicott|flinch
|
|upkeep
|turn|3
|
|t:|1785177220
|switch|p2b: Palafin|Palafin-Hero, L50, F|100/100
|-activate|p2b: Palafin|ability: Zero to Hero
|move|p1b: Whimsicott|Tailwind|p1b: Whimsicott
|-sidestart|p1: laseboya|move: Tailwind
|move|p1a: Kingambit|Sucker Punch||[still]
|-fail|p1a: Kingambit
|move|p2a: Incineroar|Flare Blitz|p1b: Whimsicott
|-supereffective|p1b: Whimsicott|1
|-damage|p1b: Whimsicott|0 fnt
|faint|p1b: Whimsicott
|-damage|p2a: Incineroar|81/100|[from] Recoil
|
|upkeep
|
|t:|1785177225
|switch|p1b: Kommo-o|Kommo-o, L50, M|100/100
|turn|4
|inactive|Olciax34 has 30 seconds left.
|
|t:|1785177250
|switch|p2a: Kingambit|Kingambit, L50, F|100/100
|move|p2b: Palafin|Jet Punch|p1a: Kingambit
|-damage|p1a: Kingambit|0 fnt
|faint|p1a: Kingambit
|move|p1b: Kommo-o|Aura Sphere|p2a: Kingambit
|-supereffective|p2a: Kingambit|2
|-enditem|p2a: Kingambit|Chople Berry|[eat]
|-enditem|p2a: Kingambit|Chople Berry|[weaken]
|-damage|p2a: Kingambit|5/100
|-damage|p1b: Kommo-o|90/100|[from] item: Life Orb
|
|upkeep
|
|t:|1785177256
|switch|p1a: Charizard|Charizard, L50, M|100/100
|turn|5
|
|t:|1785177271
|detailschange|p1a: Charizard|Charizard-Mega-Y, L50, M
|-mega|p1a: Charizard|Charizard|Charizardite Y
|-weather|SunnyDay|[from] ability: Drought|[of] p1a: Charizard
|move|p2b: Palafin|Protect|p2b: Palafin
|-singleturn|p2b: Palafin|Protect
|move|p2a: Kingambit|Sucker Punch|p1a: Charizard
|-damage|p1a: Charizard|56/100
|move|p1b: Kommo-o|Clanging Scales|p2a: Kingambit|[spread] p2a
|-activate|p2b: Palafin|move: Protect
|-resisted|p2a: Kingambit|1
|-damage|p2a: Kingambit|0 fnt
|faint|p2a: Kingambit
|-unboost|p1b: Kommo-o|def|1
|-damage|p1b: Kommo-o|80/100|[from] item: Life Orb
|move|p1a: Charizard|Solar Beam||[still]
|-prepare|p1a: Charizard|Solar Beam
|-anim|p1a: Charizard|Solar Beam|p2b: Palafin
|-activate|p2b: Palafin|move: Protect
|
|-weather|SunnyDay|[upkeep]
|upkeep
|inactive|Olciax34 has 30 seconds left.
|inactive|Olciax34 has 20 seconds left.
|
|t:|1785177309
|switch|p2a: Raichu|Raichu-Mega-Y, L50, F|100/100
|turn|6
|
|t:|1785177319
|move|p2a: Raichu|Fake Out|p1a: Charizard
|-damage|p1a: Charizard|47/100
|move|p1b: Kommo-o|Clanging Scales|p2b: Palafin|[spread] p2a,p2b
|-crit|p2a: Raichu
|-damage|p2a: Raichu|0 fnt
|-damage|p2b: Palafin|54/100
|faint|p2a: Raichu
|-unboost|p1b: Kommo-o|def|1
|-damage|p1b: Kommo-o|70/100|[from] item: Life Orb
|cant|p1a: Charizard|flinch
|move|p2b: Palafin|Bulk Up|p2b: Palafin
|-boost|p2b: Palafin|atk|1
|-boost|p2b: Palafin|def|1
|
|-weather|SunnyDay|[upkeep]
|-heal|p2b: Palafin|60/100|[from] item: Leftovers
|-sideend|p1: laseboya|move: Tailwind
|upkeep
|
|t:|1785177333
|switch|p2a: Incineroar|Incineroar, L50, M|81/100
|-ability|p2a: Incineroar|Intimidate|boost
|-unboost|p1a: Charizard|atk|1
|-unboost|p1b: Kommo-o|atk|1
|turn|7
|
|t:|1785177348
|move|p1b: Kommo-o|Protect|p1b: Kommo-o
|-singleturn|p1b: Kommo-o|Protect
|move|p1a: Charizard|Protect|p1a: Charizard
|-singleturn|p1a: Charizard|Protect
|move|p2a: Incineroar|Fake Out|p1a: Charizard
|-activate|p1a: Charizard|move: Protect
|move|p2b: Palafin|Drain Punch|p1b: Kommo-o
|-activate|p1b: Kommo-o|move: Protect
|
|-weather|SunnyDay|[upkeep]
|-heal|p2b: Palafin|66/100|[from] item: Leftovers
|upkeep
|turn|8
|
|t:|1785177366
|move|p2b: Palafin|Protect|p2b: Palafin
|-singleturn|p2b: Palafin|Protect
|move|p1b: Kommo-o|Aura Sphere|p2a: Incineroar
|-supereffective|p2a: Incineroar|1
|-crit|p2a: Incineroar
|-damage|p2a: Incineroar|0 fnt
|faint|p2a: Incineroar
|-damage|p1b: Kommo-o|60/100|[from] item: Life Orb
|move|p1a: Charizard|Solar Beam||[still]
|-prepare|p1a: Charizard|Solar Beam
|-anim|p1a: Charizard|Solar Beam|p2b: Palafin
|-activate|p2b: Palafin|move: Protect
|
|-weather|SunnyDay|[upkeep]
|-heal|p2b: Palafin|71/100|[from] item: Leftovers
|upkeep
|turn|9
|c|☆Olciax34|nice
|
|t:|1785177380
|move|p2b: Palafin|Jet Punch|p1a: Charizard
|-supereffective|p1a: Charizard|1
|-damage|p1a: Charizard|0 fnt
|faint|p1a: Charizard
|move|p1b: Kommo-o|Clanging Scales|p2b: Palafin
|-damage|p2b: Palafin|11/100
|-unboost|p1b: Kommo-o|def|1
|-damage|p1b: Kommo-o|50/100g|[from] item: Life Orb
|
|-weather|none
|-heal|p2b: Palafin|17/100|[from] item: Leftovers
|upkeep
|turn|10
|
|t:|1785177391
|move|p2b: Palafin|Protect|p2b: Palafin
|-singleturn|p2b: Palafin|Protect
|move|p1b: Kommo-o|Vacuum Wave|p2b: Palafin
|-activate|p2b: Palafin|move: Protect
|
|-heal|p2b: Palafin|23/100|[from] item: Leftovers
|upkeep
|turn|11
|
|t:|1785177398
|move|p1b: Kommo-o|Vacuum Wave|p2b: Palafin
|-damage|p2b: Palafin|1/100
|-damage|p1b: Kommo-o|40/100|[from] item: Life Orb
|move|p2b: Palafin|Drain Punch|p1b: Kommo-o
|-damage|p1b: Kommo-o|0 fnt
|-heal|p2b: Palafin|16/100|[from] drain|[of] p1b: Kommo-o
|faint|p1b: Kommo-o
|
|win|Olciax34
