|j|☆guccigangjarek
|j|☆ilbattipagliano
|html|guccigangjarekilbattipagliano    
|uhtml|bestof|Game 1 of a best-of-3
|t:|1757707513
|gametype|doubles
|player|p1|guccigangjarek|101|1052
|player|p2|ilbattipagliano|1|1107
|gen|9
|tier|[Gen 9] VGC 2025 Reg H (Bo3)
|rated|
|rule|Species Clause: Limit one of each Pokémon
|rule|Item Clause: Limit 1 of each item
|clearpoke
|poke|p1|Pelipper, L50, F|
|poke|p1|Toxicroak, L50, M|
|poke|p1|Basculegion-F, L50, F|
|poke|p1|Farigiraf, L50, M|
|poke|p1|Archaludon, L50, M|
|poke|p1|Ursaluna, L50, M|
|poke|p2|Incineroar, L50, F|
|poke|p2|Gholdengo, L50|
|poke|p2|Dragonite, L50, F|
|poke|p2|Rillaboom, L50, F|
|poke|p2|Sneasler, L50, F|
|poke|p2|Ursaluna-Bloodmoon, L50, M|
|teampreview|4
|showteam|p1|Pelipper||FocusSash|Drizzle|Hurricane,WeatherBall,WideGuard,Tailwind|||F|||50|,,,,,Grass]Toxicroak||AssaultVest|DrySkin|FakeOut,PoisonJab,CloseCombat,SuckerPunch|||M|||50|,,,,,Poison]Basculegion-F||ChoiceSpecs|SwiftSwim|ShadowBall,Surf,TeraBlast,FlipTurn|||F|||50|,,,,,Grass]Farigiraf||ThroatSpray|ArmorTail|HyperVoice,DazzlingGleam,TrickRoom,Psychic|||M|||50|,,,,,Fairy]Archaludon||Leftovers|Stamina|Protect,DracoMeteor,ElectroShot,FlashCannon|||M|||50|,,,,,Fairy]Ursaluna||FlameOrb|Guts|Protect,HeadlongRush,Facade,Earthquake|||M|||50|,,,,,Ghost
|showteam|p2|Incineroar||SafetyGoggles|Intimidate|FakeOut,KnockOff,FlareBlitz,PartingShot|||F|||50|,,,,,Ghost]Gholdengo||LifeOrb|GoodasGold|Protect,NastyPlot,ShadowBall,MakeItRain||||||50|,,,,,Water]Dragonite||LoadedDice|Multiscale|ScaleShot,Haze,Protect,Tailwind|||F|||50|,,,,,Fairy]Rillaboom||AssaultVest|GrassySurge|FakeOut,WoodHammer,HighHorsepower,GrassyGlide|||F|||50|,,,,,Fire]Sneasler||FocusSash|PoisonTouch|DireClaw,CloseCombat,Protect,Coaching|||F|||50|,,,,,Stellar]Ursaluna-Bloodmoon||Leftovers|MindsEye|Protect,CalmMind,BloodMoon,EarthPower|||M|||50|,,,,,Electric
|
|t:|1757707537
|teamsize|p1|4
|teamsize|p2|4
|start
|switch|p1a: Pelipper|Pelipper, L50, F, shiny|100/100
|switch|p1b: Basculegion|Basculegion-F, L50, F, shiny|100/100
|switch|p2a: Rillaboom|Rillaboom, L50, F|100/100
|switch|p2b: Incineroar|Incineroar, L50, F|100/100
|-fieldstart|move: Grassy Terrain|[from] ability: Grassy Surge|[of] p2a: Rillaboom
|-ability|p2b: Incineroar|Intimidate|boost
|-unboost|p1a: Pelipper|atk|1
|-unboost|p1b: Basculegion|atk|1
|-weather|RainDance|[from] ability: Drizzle|[of] p1a: Pelipper
|turn|1
|inactive|Battle timer is ON: inactive players will automatically lose when time's up. (requested by ilbattipagliano)
|
|t:|1757707564
|-terastallize|p2b: Incineroar|Ghost
|move|p2a: Rillaboom|Fake Out|p1a: Pelipper
|-damage|p1a: Pelipper|84/100
|move|p1b: Basculegion|Flip Turn|p2b: Incineroar
|-damage|p2b: Incineroar|85/100
|
|t:|1757707572
|switch|p1b: Toxicroak|Toxicroak, L50, M, shiny|100/100|[from] Flip Turn
|move|p2b: Incineroar|Knock Off|p1b: Toxicroak
|-resisted|p1b: Toxicroak
|-damage|p1b: Toxicroak|79/100
|-enditem|p1b: Toxicroak|Assault Vest|[from] move: Knock Off|[of] p2b: Incineroar
|cant|p1a: Pelipper|flinch
|
|-weather|RainDance|[upkeep]
|-heal|p1b: Toxicroak|92/100|[from] ability: Dry Skin
|-heal|p1b: Toxicroak|98/100|[from] Grassy Terrain
|-heal|p2b: Incineroar|91/100|[from] Grassy Terrain
|upkeep
|turn|2
|inactive|guccigangjarek has 30 seconds left.
|
|t:|1757707604
|switch|p2a: Gholdengo|Gholdengo, L50|100/100
|move|p1b: Toxicroak|Fake Out|p2b: Incineroar
|-immune|p2b: Incineroar
|move|p2b: Incineroar|Parting Shot|p1a: Pelipper
|-unboost|p1a: Pelipper|atk|1
|-unboost|p1a: Pelipper|spa|1
|
|t:|1757707611
|switch|p2b: Rillaboom|Rillaboom, L50, F|100/100|[from] Parting Shot
|move|p1a: Pelipper|Tailwind|p1a: Pelipper
|-sidestart|p1: guccigangjarek|move: Tailwind
|
|-weather|RainDance|[upkeep]
|-heal|p1b: Toxicroak|100/100|[from] ability: Dry Skin
|upkeep
|turn|3
|inactive|guccigangjarek has 30 seconds left.
|
|t:|1757707638
|move|p1b: Toxicroak|Poison Jab|p2a: Gholdengo
|-immune|p2a: Gholdengo
|move|p1a: Pelipper|Hurricane|p2a: Gholdengo
|-resisted|p2a: Gholdengo
|-damage|p2a: Gholdengo|82/100
|move|p2a: Gholdengo|Nasty Plot|p2a: Gholdengo
|-boost|p2a: Gholdengo|spa|2
|move|p2b: Rillaboom|Wood Hammer|p1a: Pelipper
|-damage|p1a: Pelipper|0 fnt
|faint|p1a: Pelipper
|-damage|p2b: Rillaboom|80/100|[from] Recoil
|
|-weather|RainDance|[upkeep]
|-heal|p2a: Gholdengo|88/100|[from] Grassy Terrain
|-heal|p2b: Rillaboom|86/100|[from] Grassy Terrain
|upkeep
|
|t:|1757707656
|switch|p1a: Archaludon|Archaludon, L50, M, shiny|100/100
|turn|4
|
|t:|1757707672
|switch|p2b: Incineroar|Incineroar, L50, F, tera:Ghost|91/100
|-ability|p2b: Incineroar|Intimidate|boost
|-unboost|p1a: Archaludon|atk|1
|-unboost|p1b: Toxicroak|atk|1
|move|p2a: Gholdengo|Protect|p2a: Gholdengo
|-singleturn|p2a: Gholdengo|Protect
|move|p1b: Toxicroak|Sucker Punch||[still]
|-fail|p1b: Toxicroak
|move|p1a: Archaludon|Draco Meteor|p2a: Gholdengo
|-activate|p2a: Gholdengo|move: Protect
|
|-weather|RainDance|[upkeep]
|-heal|p2a: Gholdengo|94/100|[from] Grassy Terrain
|-heal|p2b: Incineroar|97/100|[from] Grassy Terrain
|upkeep
|turn|5
|
|t:|1757707690
|move|p2b: Incineroar|Fake Out|p1a: Archaludon
|-resisted|p1a: Archaludon
|-damage|p1a: Archaludon|96/100
|-ability|p1a: Archaludon|Stamina|boost
|-boost|p1a: Archaludon|def|1
|move|p1b: Toxicroak|Sucker Punch||[still]
|-fail|p1b: Toxicroak
|cant|p1a: Archaludon|flinch
|move|p2a: Gholdengo|Nasty Plot|p2a: Gholdengo
|-boost|p2a: Gholdengo|spa|2
|
|-weather|none
|-heal|p1a: Archaludon|100/100|[from] Grassy Terrain
|-heal|p2a: Gholdengo|99/100|[from] Grassy Terrain
|-heal|p2b: Incineroar|100/100|[from] Grassy Terrain
|-sideend|p1: guccigangjarek|move: Tailwind
|-fieldend|move: Grassy Terrain
|upkeep
|turn|6
|
|t:|1757707707
|move|p1b: Toxicroak|Sucker Punch|p2b: Incineroar
|-supereffective|p2b: Incineroar
|-damage|p2b: Incineroar|78/100
|move|p2a: Gholdengo|Shadow Ball|p1a: Archaludon
|-damage|p1a: Archaludon|0 fnt
|faint|p1a: Archaludon
|-damage|p2a: Gholdengo|90/100|[from] item: Life Orb
|move|p2b: Incineroar|Knock Off|p1b: Toxicroak
|-resisted|p1b: Toxicroak
|-damage|p1b: Toxicroak|86/100
|
|upkeep
|
|t:|1757707717
|switch|p1a: Basculegion|Basculegion-F, L50, F, shiny|100/100
|turn|7
|
|t:|1757707727
|move|p1b: Toxicroak|Sucker Punch|p2b: Incineroar
|-supereffective|p2b: Incineroar
|-damage|p2b: Incineroar|56/100
|move|p2a: Gholdengo|Shadow Ball|p1a: Basculegion
|-supereffective|p1a: Basculegion
|-damage|p1a: Basculegion|0 fnt
|faint|p1a: Basculegion
|-damage|p2a: Gholdengo|81/100|[from] item: Life Orb
|move|p2b: Incineroar|Knock Off|p1b: Toxicroak
|-resisted|p1b: Toxicroak
|-damage|p1b: Toxicroak|70/100
|
|upkeep
|turn|8
|-message|guccigangjarek forfeited.
|
|win|ilbattipagliano
|l|☆guccigangjarek
|player|p1|
||ilbattipagliano is ready for game 2.
|inactive|guccigangjarek has 30 seconds to confirm battle start!
|inactive|guccigangjarek has 20 seconds to confirm battle start!
|inactive|guccigangjarek has 10 seconds to confirm battle start!
|uhtml|next|Next: Game 2 of 3
