|j|☆b1kope
|j|☆Daniw9
|html|b1kopeDaniw9    
|uhtml|bestof|Game 3 of a best-of-3
|t:|1756518290
|gametype|doubles
|player|p1|b1kope|2|1190
|player|p2|Daniw9|170|1168
|gen|9
|tier|[Gen 9] VGC 2025 Reg H (Bo3)
|rated|
|rule|Species Clause: Limit one of each Pokémon
|rule|Item Clause: Limit 1 of each item
|clearpoke
|poke|p1|Gholdengo, L50|
|poke|p1|Talonflame, L50, F|
|poke|p1|Dragapult, L50, M|
|poke|p1|Annihilape, L50, F|
|poke|p1|Baxcalibur, L50, M|
|poke|p1|Gastrodon, L50, F|
|poke|p2|Garchomp, L50, M|
|poke|p2|Tyranitar, L50, F|
|poke|p2|Delphox, L50, M|
|poke|p2|Indeedee-F, L50, F|
|poke|p2|Gallade, L50, M|
|poke|p2|Whimsicott, L50, M|
|teampreview|4
|showteam|p1|Gholdengo||ChoiceSpecs|GoodasGold|MakeItRain,ShadowBall,Thunderbolt,Trick||||||50|,,,,,Steel]Talonflame||FocusSash|GaleWings|BraveBird,Tailwind,Taunt,WillOWisp|||F|||50|,,,,,Ghost]Dragapult||ChoiceBand|ClearBody|DragonDarts,Outrage,Uturn,TeraBlast|||M|||50|,,,,,Ghost]Annihilape||Leftovers|Defiant|DrainPunch,RageFist,BulkUp,Protect|||F|||50|,,,,,Fire]Baxcalibur||LoadedDice|ThermalExchange|IcicleSpear,ScaleShot,IceShard,Protect|||M|||50|,,,,,Ice]Gastrodon||SitrusBerry|StormDrain|MuddyWater,Yawn,EarthPower,Protect|||F|||50|,,,,,Fire
|showteam|p2|Garchomp||LifeOrb|SandVeil|Earthquake,StompingTantrum,Protect,DragonClaw|||M|||50|,,,,,Steel]Tyranitar||AssaultVest|SandStream|RockSlide,TeraBlast,KnockOff,LowKick|||F|||50|,,,,,Flying]Delphox||PsychicSeed|Magician|ExpandingForce,HeatWave,TeraBlast,Protect|||M|||50|,,,,,Fairy]Indeedee-F||SafetyGoggles|PsychicSurge|DazzlingGleam,TrickRoom,FollowMe,HelpingHand|||F|||50|,,,,,Water]Gallade||ClearAmulet|Sharpness|SacredSword,PsychoCut,TrickRoom,Protect|||M|||50|,,,,,Grass]Whimsicott||CovertCloak|Prankster|Moonblast,Tailwind,Encore,Protect|||M|||50|,,,,,Ghost
|
|t:|1756518306
|teamsize|p1|4
|teamsize|p2|4
|start
|switch|p1a: Talonflame|Talonflame, L50, F|100/100
|switch|p1b: Gholdengo|Gholdengo, L50|100/100
|switch|p2a: Indeedee|Indeedee-F, L50, F|100/100
|switch|p2b: Delphox|Delphox, L50, M|100/100
|-fieldstart|move: Psychic Terrain|[from] ability: Psychic Surge|[of] p2a: Indeedee
|-enditem|p2b: Delphox|Psychic Seed
|-boost|p2b: Delphox|spd|1|[from] item: Psychic Seed
|turn|1
|
|t:|1756518331
|move|p2a: Indeedee|Follow Me|p2a: Indeedee
|-singleturn|p2a: Indeedee|move: Follow Me
|move|p1a: Talonflame|Taunt|p2a: Indeedee
|-start|p2a: Indeedee|move: Taunt
|move|p2b: Delphox|Heat Wave|p1a: Talonflame|[spread] p1a,p1b
|-resisted|p1a: Talonflame
|-supereffective|p1b: Gholdengo
|-damage|p1a: Talonflame|75/100
|-damage|p1b: Gholdengo|26/100
|-item|p2b: Delphox|Focus Sash|[from] ability: Magician|[of] p1a: Talonflame
|move|p1b: Gholdengo|Shadow Ball|p2a: Indeedee
|-immune|p2a: Indeedee
|
|upkeep
|turn|2
|
|t:|1756518355
|switch|p2a: Whimsicott|Whimsicott, L50, M|100/100
|-terastallize|p2b: Delphox|Fairy
|move|p1a: Talonflame|Tailwind|p1a: Talonflame
|-sidestart|p1: b1kope|move: Tailwind
|move|p1b: Gholdengo|Shadow Ball|p2b: Delphox
|-damage|p2b: Delphox|54/100
|move|p2b: Delphox|Expanding Force|p1b: Gholdengo|[spread] p1a,p1b
|-resisted|p1b: Gholdengo
|-damage|p1a: Talonflame|0 fnt
|-damage|p1b: Gholdengo|0 fnt
|faint|p1a: Talonflame
|faint|p1b: Gholdengo
|
|upkeep
|
|t:|1756518360
|switch|p1a: Dragapult|Dragapult, L50, M|100/100
|switch|p1b: Baxcalibur|Baxcalibur, L50, M|100/100
|turn|3
|
|t:|1756518377
|-terastallize|p1a: Dragapult|Ghost
|move|p2a: Whimsicott|Protect|p2a: Whimsicott
|-singleturn|p2a: Whimsicott|Protect
|move|p2b: Delphox|Protect|p2b: Delphox
|-singleturn|p2b: Delphox|Protect
|move|p1a: Dragapult|Tera Blast|p2b: Delphox|[anim] Tera Blast Ghost
|-activate|p2b: Delphox|move: Protect
|move|p1b: Baxcalibur|Icicle Spear|p2a: Whimsicott
|-activate|p2a: Whimsicott|move: Protect
|
|upkeep
|turn|4
|
|t:|1756518386
|switch|p2b: Tyranitar|Tyranitar, L50, F|100/100
|-weather|Sandstorm|[from] ability: Sand Stream|[of] p2b: Tyranitar
|move|p2a: Whimsicott|Tailwind|p2a: Whimsicott
|-sidestart|p2: Daniw9|move: Tailwind
|move|p1a: Dragapult|Tera Blast|p2b: Tyranitar|[anim] Tera Blast Ghost
|-resisted|p2b: Tyranitar
|-damage|p2b: Tyranitar|64/100
|move|p1b: Baxcalibur|Icicle Spear|p2a: Whimsicott
|-supereffective|p2a: Whimsicott
|-damage|p2a: Whimsicott|63/100
|-supereffective|p2a: Whimsicott
|-crit|p2a: Whimsicott
|-damage|p2a: Whimsicott|6/100
|-supereffective|p2a: Whimsicott
|-damage|p2a: Whimsicott|0 fnt
|faint|p2a: Whimsicott
|-hitcount|p2: Whimsicott|3
|
|-weather|Sandstorm|[upkeep]
|-damage|p1a: Dragapult|94/100|[from] Sandstorm
|-damage|p1b: Baxcalibur|95/100|[from] Sandstorm
|upkeep
|
|t:|1756518391
|switch|p2a: Indeedee|Indeedee-F, L50, F|100/100
|turn|5
|
|t:|1756518399
|move|p2a: Indeedee|Follow Me|p2a: Indeedee
|-singleturn|p2a: Indeedee|move: Follow Me
|move|p1a: Dragapult|Tera Blast|p2a: Indeedee|[anim] Tera Blast Ghost
|-immune|p2a: Indeedee
|move|p1b: Baxcalibur|Icicle Spear|p2a: Indeedee
|-damage|p2a: Indeedee|86/100
|-damage|p2a: Indeedee|73/100
|-damage|p2a: Indeedee|59/100
|-damage|p2a: Indeedee|46/100
|-damage|p2a: Indeedee|32/100
|-hitcount|p2a: Indeedee|5
|move|p2b: Tyranitar|Knock Off|p1a: Dragapult
|-supereffective|p1a: Dragapult
|-damage|p1a: Dragapult|0 fnt
|-enditem|p1a: Dragapult|Choice Band|[from] move: Knock Off|[of] p2b: Tyranitar
|faint|p1a: Dragapult
|
|-weather|Sandstorm|[upkeep]
|-damage|p1b: Baxcalibur|89/100|[from] Sandstorm
|-sideend|p1: b1kope|move: Tailwind
|-fieldend|move: Psychic Terrain
|upkeep
|turn|6
|
|t:|1756518409
|move|p2a: Indeedee|Follow Me|p2a: Indeedee
|-singleturn|p2a: Indeedee|move: Follow Me
|move|p2b: Tyranitar|Rock Slide|p1b: Baxcalibur
|-supereffective|p1b: Baxcalibur
|-damage|p1b: Baxcalibur|12/100
|move|p1b: Baxcalibur|Icicle Spear|p2a: Indeedee
|-damage|p2a: Indeedee|19/100
|-damage|p2a: Indeedee|5/100
|-damage|p2a: Indeedee|0 fnt
|faint|p2a: Indeedee
|-hitcount|p2: Indeedee|3
|
|-weather|Sandstorm|[upkeep]
|-damage|p1b: Baxcalibur|6/100|[from] Sandstorm
|upkeep
|
|t:|1756518411
|switch|p2a: Delphox|Delphox, L50, M, tera:Fairy|54/100
|turn|7
|
|t:|1756518415
|move|p1b: Baxcalibur|Protect|p1b: Baxcalibur
|-singleturn|p1b: Baxcalibur|Protect
|move|p2a: Delphox|Tera Blast|p1b: Baxcalibur|[anim] Tera Blast Fairy
|-activate|p1b: Baxcalibur|move: Protect
|move|p2b: Tyranitar|Knock Off|p1b: Baxcalibur
|-activate|p1b: Baxcalibur|move: Protect
|
|-weather|Sandstorm|[upkeep]
|-damage|p2a: Delphox|49/100|[from] Sandstorm
|-damage|p1b: Baxcalibur|0 fnt|[from] Sandstorm
|faint|p1b: Baxcalibur
|
|win|Daniw9
|raw|b1kope's rating: 1190 → 1163(-27 for losing)
|raw|Daniw9's rating: 1168 → 1195(+27 for winning)
