|j|☆Mashuno
|j|☆itsmako psoe
|html|Mashunoitsmako psoe    
|uhtml|bestof|Game 1 of a best-of-3
|t:|1785624259
|gametype|doubles
|player|p1|Mashuno|harlequin|1243
|player|p2|itsmako psoe|benga|1182
|gen|9
|tier|[Gen 9 Champions] VGC 2026 Reg M-B (Bo3)
|rated|
|rule|Species Clause: Limit one of each Pokémon
|rule|Item Clause: Limit 1 of each item
|clearpoke
|poke|p1|Whimsicott, L50, M|
|poke|p1|Dragonite, L50, F|
|poke|p1|Gholdengo, L50|
|poke|p1|Sneasler, L50, M|
|poke|p1|Incineroar, L50, F|
|poke|p1|Rotom-Wash, L50|
|poke|p2|Basculegion, L50, M|
|poke|p2|Whimsicott, L50, F|
|poke|p2|Charizard, L50, F|
|poke|p2|Floette-Eternal, L50, F|
|poke|p2|Kingambit, L50, F|
|poke|p2|Garchomp, L50, F|
|teampreview|4
|showteam|p1|Whimsicott||FocusSash|Prankster|Protect,Moonblast,Tailwind,Encore|Timid||M|||50|]Dragonite||Dragoninite|Multiscale|Protect,DragonPulse,HeatWave,ExtremeSpeed|Modest||F|||50|]Gholdengo||LifeOrb|GoodasGold|Protect,MakeItRain,ShadowBall,NastyPlot|Timid|||||50|]Sneasler||WhiteHerb|Unburden|FakeOut,DireClaw,CloseCombat,RockSlide|Jolly||M|||50|]Incineroar||PasshoBerry|Intimidate|FakeOut,FlareBlitz,ThroatChop,PartingShot|Bold||F|||50|]Rotom-Wash||SitrusBerry|Levitate|Protect,HydroPump,VoltSwitch,WillOWisp|Bold|||||50|
|showteam|p2|Basculegion||ChoiceScarf|Adaptability|LastRespects,PsychicFangs,WaveCrash,AquaJet|Jolly||M|||50|]Whimsicott||FocusSash|Prankster|Tailwind,Moonblast,Encore,Protect|Timid||F|||50|]Charizard||CharizarditeY|Blaze|HeatWave,SolarBeam,AirSlash,Protect|Modest||F|||50|]Floette-Eternal||Floettite|FlowerVeil|DazzlingGleam,DrainingKiss,LightofRuin,Protect|Modest||F|||50|]Kingambit||BlackGlasses|Defiant|SuckerPunch,KowtowCleave,Protect,SwordsDance|Adamant||F|||50|]Garchomp||LifeOrb|RoughSkin|Earthquake,RockSlide,Protect,DragonClaw|Jolly||F|||50|
|inactive|Battle timer is ON: inactive players will automatically lose when time's up. (requested by itsmako psoe)
|c|☆Mashuno|GL HF <3
|inactive|Mashuno has 60 seconds left.
|inactive|itsmako psoe has 60 seconds left.
|inactive|itsmako psoe has 30 seconds left.
|inactive|Mashuno has 30 seconds left.
|inactive|Mashuno has 20 seconds left.
|inactive|Mashuno has 15 seconds left.
|inactive|Mashuno has 10 seconds left.
|inactive|Mashuno has 5 seconds left.
|
|t:|1785624355
|teamsize|p1|4
|teamsize|p2|4
|start
|switch|p1a: Sneasler|Sneasler, L50, M|100/100
|switch|p1b: Whimsicott|Whimsicott, L50, M|100/100
|switch|p2a: Whimsicott|Whimsicott, L50, F|100/100
|switch|p2b: Charizard|Charizard, L50, F|100/100
|turn|1
|
|t:|1785624378
|move|p2a: Whimsicott|Protect|p2a: Whimsicott
|-singleturn|p2a: Whimsicott|Protect
|move|p2b: Charizard|Protect|p2b: Charizard
|-singleturn|p2b: Charizard|Protect
|move|p1b: Whimsicott|Tailwind|p1b: Whimsicott
|-sidestart|p1: Mashuno|move: Tailwind
|move|p1a: Sneasler|Rock Slide|p2a: Whimsicott|[spread] 
|-activate|p2a: Whimsicott|move: Protect
|-activate|p2b: Charizard|move: Protect
|
|upkeep
|turn|2
|inactive|itsmako psoe has 30 seconds left.
|
|t:|1785624408
|switch|p2b: Garchomp|Garchomp, L50, F|100/100
|move|p1b: Whimsicott|Encore|p2a: Whimsicott
|-start|p2a: Whimsicott|Encore
|move|p2a: Whimsicott|Protect|p2a: Whimsicott
|-singleturn|p2a: Whimsicott|Protect
|move|p1a: Sneasler|Rock Slide|p2a: Whimsicott|[spread] p2b
|-activate|p2a: Whimsicott|move: Protect
|-resisted|p2b: Garchomp|1
|-damage|p2b: Garchomp|89/100
|
|upkeep
|turn|3
|
|t:|1785624430
|switch|p1a: Dragonite|Dragonite, L50, F|100/100
|move|p2a: Whimsicott|Protect||[still]
|-fail|p2a: Whimsicott
|move|p1b: Whimsicott|Moonblast|p2b: Garchomp
|-supereffective|p2b: Garchomp|1
|-damage|p2b: Garchomp|8/100
|move|p2b: Garchomp|Earthquake|p1a: Dragonite|[spread] p2a,p1b
|-immune|p1a: Dragonite
|-resisted|p2a: Whimsicott|1
|-resisted|p1b: Whimsicott|1
|-damage|p2a: Whimsicott|65/100
|-damage|p1b: Whimsicott|59/100
|-damage|p2b: Garchomp|0 fnt|[from] item: Life Orb
|faint|p2b: Garchomp
|
|upkeep
|
|t:|1785624442
|switch|p2b: Basculegion|Basculegion, L50, M|100/100
|turn|4
|inactive|Mashuno has 30 seconds left.
|inactive|Mashuno has 20 seconds left.
|inactive|Mashuno has 15 seconds left.
|inactive|Mashuno has 10 seconds left.
|inactive|Mashuno has 5 seconds left.
|
|t:|1785624493
|switch|p1b: Incineroar|Incineroar, L50, F|100/100
|-ability|p1b: Incineroar|Intimidate|boost
|-unboost|p2a: Whimsicott|atk|1
|-unboost|p2b: Basculegion|atk|1
|detailschange|p1a: Dragonite|Dragonite-Mega, L50, F
|-mega|p1a: Dragonite|Dragonite|Dragoninite
|move|p2a: Whimsicott|Protect|p2a: Whimsicott
|-singleturn|p2a: Whimsicott|Protect
|move|p1a: Dragonite|Protect|p1a: Dragonite
|-singleturn|p1a: Dragonite|Protect
|move|p2b: Basculegion|Last Respects|p1b: Incineroar
|-resisted|p1b: Incineroar|1
|-damage|p1b: Incineroar|83/100
|
|-end|p2a: Whimsicott|Encore
|-sideend|p1: Mashuno|move: Tailwind
|upkeep
|turn|5
|inactive|Mashuno has 30 seconds left.
|inactive|Mashuno has 20 seconds left.
|
|t:|1785624530
|switch|p2b: Charizard|Charizard, L50, F|100/100
|switch|p1a: Whimsicott|Whimsicott, L50, M|59/100
|move|p2a: Whimsicott|Tailwind|p2a: Whimsicott
|-sidestart|p2: itsmako psoe|move: Tailwind
|move|p1b: Incineroar|Flare Blitz|p2a: Whimsicott
|-supereffective|p2a: Whimsicott|1
|-damage|p2a: Whimsicott|0 fnt
|faint|p2a: Whimsicott
|-damage|p1b: Incineroar|68/100|[from] Recoil
|
|upkeep
|
|t:|1785624540
|switch|p2a: Basculegion|Basculegion, L50, M|100/100
|turn|6
|
|t:|1785624553
|detailschange|p2b: Charizard|Charizard-Mega-Y, L50, F
|-mega|p2b: Charizard|Charizard|Charizardite Y
|-weather|SunnyDay|[from] ability: Drought|[of] p2b: Charizard
|move|p1a: Whimsicott|Tailwind|p1a: Whimsicott
|-sidestart|p1: Mashuno|move: Tailwind
|move|p2a: Basculegion|Wave Crash|p1b: Incineroar
|-supereffective|p1b: Incineroar|1
|-enditem|p1b: Incineroar|Passho Berry|[eat]
|-enditem|p1b: Incineroar|Passho Berry|[weaken]
|-damage|p1b: Incineroar|41/100
|-damage|p2a: Basculegion|90/100|[from] Recoil
|move|p2b: Charizard|Heat Wave|p1a: Whimsicott|[spread] p1a,p1b
|-supereffective|p1a: Whimsicott|1
|-resisted|p1b: Incineroar|1
|-damage|p1a: Whimsicott|0 fnt
|-damage|p1b: Incineroar|15/100
|faint|p1a: Whimsicott
|move|p1b: Incineroar|Parting Shot|p2a: Basculegion
|-unboost|p2a: Basculegion|atk|1
|-unboost|p2a: Basculegion|spa|1
|
|t:|1785624570
|switch|p1b: Sneasler|Sneasler, L50, M|100/100|[from] Parting Shot
|
|-weather|SunnyDay|[upkeep]
|upkeep
|
|t:|1785624579
|switch|p1a: Incineroar|Incineroar, L50, F|15/100
|-ability|p1a: Incineroar|Intimidate|boost
|-unboost|p2a: Basculegion|atk|1
|-unboost|p2b: Charizard|atk|1
|turn|7
|
|t:|1785624595
|move|p2a: Basculegion|Wave Crash|p1a: Incineroar
|-supereffective|p1a: Incineroar|1
|-damage|p1a: Incineroar|0 fnt
|faint|p1a: Incineroar
|-damage|p2a: Basculegion|85/100|[from] Recoil
|move|p1b: Sneasler|Rock Slide|p2b: Charizard|[spread] p2a,p2b
|-supereffective|p2b: Charizard|2
|-damage|p2a: Basculegion|60/100
|-damage|p2b: Charizard|21/100
|move|p2b: Charizard|Heat Wave|p1b: Sneasler
|-damage|p1b: Sneasler|0 fnt
|faint|p1b: Sneasler
|
|-weather|SunnyDay|[upkeep]
|upkeep
|
|t:|1785624613
|switch|p1b: Dragonite|Dragonite-Mega, L50, F|100/100
|turn|8
|inactive|Mashuno has 30 seconds left.
|inactive|Mashuno has 20 seconds left.
|inactive|Mashuno has 15 seconds left.
|
|t:|1785624654
|move|p1b: Dragonite|Protect|p1b: Dragonite
|-singleturn|p1b: Dragonite|Protect
|move|p2a: Basculegion|Wave Crash|p1b: Dragonite
|-activate|p1b: Dragonite|move: Protect
|move|p2b: Charizard|Air Slash|p1b: Dragonite
|-activate|p1b: Dragonite|move: Protect
|
|-weather|SunnyDay|[upkeep]
|-sideend|p2: itsmako psoe|move: Tailwind
|upkeep
|turn|9
|
|t:|1785624677
|move|p1b: Dragonite|Dragon Pulse|p2b: Charizard
|-damage|p2b: Charizard|0 fnt
|faint|p2b: Charizard
|move|p2a: Basculegion|Wave Crash|p1b: Dragonite
|-resisted|p1b: Dragonite|1
|-damage|p1b: Dragonite|95/100
|-damage|p2a: Basculegion|59/100|[from] Recoil
|
|-weather|SunnyDay|[upkeep]
|-sideend|p1: Mashuno|move: Tailwind
|upkeep
|turn|10
|
|t:|1785624688
|move|p2a: Basculegion|Wave Crash|p1b: Dragonite
|-resisted|p1b: Dragonite|1
|-damage|p1b: Dragonite|87/100
|-damage|p2a: Basculegion|56/100|[from] Recoil
|move|p1b: Dragonite|Dragon Pulse|p2a: Basculegion
|-damage|p2a: Basculegion|0 fnt
|faint|p2a: Basculegion
|
|win|Mashuno
||Mashuno is ready for game 2.
||itsmako psoe is ready for game 2.
|uhtml|next|Next: Game 2 of 3
|l|☆Mashuno
|player|p1|
|j|☆Mashuno
|player|p1|Mashuno|harlequin|
