|j|☆Descugi
|j|☆wind charmer
|html|Descugiwind charmer    
|uhtml|bestof|Game 1 of a best-of-3
|t:|1756500853
|gametype|doubles
|player|p1|Descugi|101|1163
|player|p2|wind charmer|jasmine|1148
|gen|9
|tier|[Gen 9] VGC 2025 Reg H (Bo3)
|rated|
|rule|Species Clause: Limit one of each Pokémon
|rule|Item Clause: Limit 1 of each item
|clearpoke
|poke|p1|Maushold-Four, L50|
|poke|p1|Annihilape, L50, F|
|poke|p1|Gholdengo, L50|
|poke|p1|Dragonite, L50, F|
|poke|p1|Garchomp, L50, M|
|poke|p1|Incineroar, L50, F|
|poke|p2|Garchomp, L50, F|
|poke|p2|Milotic, L50, M|
|poke|p2|Gholdengo, L50|
|poke|p2|Talonflame, L50, M|
|poke|p2|Amoonguss, L50, M|
|poke|p2|Tyranitar, L50, M|
|teampreview|4
|showteam|p1|Maushold-Four||SafetyGoggles|FriendGuard|FollowMe,SuperFang,Protect,BeatUp||||||50|,,,,,Ghost]Annihilape||SitrusBerry|Defiant|RageFist,CloseCombat,Protect,Taunt|||F|||50|,,,,,Fire]Gholdengo||LifeOrb|GoodasGold|MakeItRain,ShadowBall,Protect,NastyPlot||||||50|,,,,,Water]Dragonite||LoadedDice|Multiscale|ScaleShot,Tailwind,Protect,Haze|||F|||50|,,,,,Fairy]Garchomp||ClearAmulet|RoughSkin|StompingTantrum,Earthquake,Protect,DragonClaw|||M|||50|,,,,,Ground]Incineroar||RockyHelmet|Intimidate|FlareBlitz,KnockOff,FakeOut,PartingShot|||F|||50|,,,,,Grass
|showteam|p2|Garchomp||LifeOrb|RoughSkin|Earthquake,StompingTantrum,DragonClaw,Protect|||F|||50|,,,,,Ground]Milotic||SafetyGoggles|Competitive|Scald,IcyWind,Haze,Protect|||M|||50|,,,,,Dragon]Gholdengo||MetalCoat|GoodasGold|MakeItRain,ShadowBall,NastyPlot,Protect||||||50|,,,,,Flying]Talonflame||CovertCloak|GaleWings|BraveBird,Tailwind,WillOWisp,Taunt|||M|||50|,,,,,Ghost]Amoonguss||SitrusBerry|Regenerator|Spore,PollenPuff,RagePowder,Protect|||M|||50|,,,,,Water]Tyranitar||AssaultVest|SandStream|RockSlide,KnockOff,LowKick,TeraBlast|||M|||50|,,,,,Flying
|j| Arkhept
|l| Arkhept
|
|t:|1756500916
|teamsize|p1|4
|teamsize|p2|4
|start
|switch|p1a: Dragonite|Dragonite, L50, F|100/100
|switch|p1b: Annihilape|Annihilape, L50, F|100/100
|switch|p2a: Milotic|Milotic, L50, M|100/100
|switch|p2b: Talonflame|Talonflame, L50, M|100/100
|turn|1
|
|t:|1756500945
|move|p2b: Talonflame|Will-O-Wisp|p1a: Dragonite
|-status|p1a: Dragonite|brn
|move|p1b: Annihilape|Taunt|p2b: Talonflame
|-start|p2b: Talonflame|move: Taunt
|move|p1a: Dragonite|Tailwind|p1a: Dragonite
|-sidestart|p1: Descugi|move: Tailwind
|move|p2a: Milotic|Scald|p1b: Annihilape
|-damage|p1b: Annihilape|72/100
|
|-damage|p1a: Dragonite|94/100 brn|[from] brn
|upkeep
|turn|2
|
|t:|1756500971
|move|p1b: Annihilape|Protect|p1b: Annihilape
|-singleturn|p1b: Annihilape|Protect
|move|p2b: Talonflame|Brave Bird|p1b: Annihilape
|-activate|p1b: Annihilape|move: Protect
|move|p1a: Dragonite|Scale Shot|p2b: Talonflame
|-damage|p2b: Talonflame|92/100
|-damage|p2b: Talonflame|81/100
|-damage|p2b: Talonflame|71/100
|-damage|p2b: Talonflame|61/100
|-hitcount|p2b: Talonflame|4
|-unboost|p1a: Dragonite|def|1
|-boost|p1a: Dragonite|spe|1
|move|p2a: Milotic|Scald|p1b: Annihilape
|-activate|p1b: Annihilape|move: Protect
|
|-damage|p1a: Dragonite|88/100 brn|[from] brn
|upkeep
|turn|3
|
|t:|1756501005
|switch|p2b: Gholdengo|Gholdengo, L50|100/100
|move|p1a: Dragonite|Scale Shot|p2a: Milotic
|-damage|p2a: Milotic|93/100
|-damage|p2a: Milotic|85/100
|-damage|p2a: Milotic|78/100
|-damage|p2a: Milotic|70/100
|-damage|p2a: Milotic|62/100
|-hitcount|p2a: Milotic|5
|-unboost|p1a: Dragonite|def|1
|-boost|p1a: Dragonite|spe|1
|move|p1b: Annihilape|Rage Fist|p2b: Gholdengo
|-supereffective|p2b: Gholdengo
|-damage|p2b: Gholdengo|8/100
|move|p2a: Milotic|Scald|p1b: Annihilape
|-damage|p1b: Annihilape|43/100
|-enditem|p1b: Annihilape|Sitrus Berry|[eat]
|-heal|p1b: Annihilape|68/100|[from] item: Sitrus Berry
|
|-damage|p1a: Dragonite|82/100 brn|[from] brn
|upkeep
|turn|4
|
|t:|1756501044
|move|p2b: Gholdengo|Protect|p2b: Gholdengo
|-singleturn|p2b: Gholdengo|Protect
|move|p1a: Dragonite|Scale Shot|p2b: Gholdengo
|-activate|p2b: Gholdengo|move: Protect
|move|p1b: Annihilape|Rage Fist|p2a: Milotic
|-damage|p2a: Milotic|0 fnt
|faint|p2a: Milotic
|
|-damage|p1a: Dragonite|76/100 brn|[from] brn
|-sideend|p1: Descugi|move: Tailwind
|upkeep
|
|t:|1756501074
|switch|p2a: Talonflame|Talonflame, L50, M|61/100
|turn|5
|
|t:|1756501110
|move|p1a: Dragonite|Tailwind|p1a: Dragonite
|-sidestart|p1: Descugi|move: Tailwind
|move|p1b: Annihilape|Rage Fist|p2a: Talonflame
|-crit|p2a: Talonflame
|-damage|p2a: Talonflame|0 fnt
|faint|p2a: Talonflame
|move|p2b: Gholdengo|Make It Rain|p1b: Annihilape|[spread] p1a,p1b
|-damage|p1a: Dragonite|8/100 brn
|-damage|p1b: Annihilape|11/100
|-unboost|p2b: Gholdengo|spa|1
|
|-damage|p1a: Dragonite|2/100 brn|[from] brn
|upkeep
|
|t:|1756501122
|switch|p2a: Garchomp|Garchomp, L50, F|100/100
|turn|6
|
|t:|1756501149
|move|p2a: Garchomp|Protect|p2a: Garchomp
|-singleturn|p2a: Garchomp|Protect
|move|p1a: Dragonite|Scale Shot|p2a: Garchomp
|-activate|p2a: Garchomp|move: Protect
|move|p1b: Annihilape|Rage Fist|p2b: Gholdengo
|-supereffective|p2b: Gholdengo
|-damage|p2b: Gholdengo|0 fnt
|faint|p2b: Gholdengo
|
|-damage|p1a: Dragonite|0 fnt|[from] brn
|faint|p1a: Dragonite
|upkeep
|
|t:|1756501167
|switch|p1a: Incineroar|Incineroar, L50, F|100/100
|-ability|p1a: Incineroar|Intimidate|boost
|-unboost|p2a: Garchomp|atk|1
|turn|7
|
|t:|1756501186
|-terastallize|p2a: Garchomp|Ground
|move|p1a: Incineroar|Fake Out|p2a: Garchomp
|-damage|p2a: Garchomp|88/100
|-damage|p1a: Incineroar|88/100|[from] ability: Rough Skin|[of] p2a: Garchomp
|move|p1b: Annihilape|Rage Fist|p2a: Garchomp
|-damage|p2a: Garchomp|11/100
|-damage|p1b: Annihilape|0 fnt|[from] ability: Rough Skin|[of] p2a: Garchomp
|faint|p1b: Annihilape
|cant|p2a: Garchomp|flinch
|
|upkeep
|
|t:|1756501198
|switch|p1b: Garchomp|Garchomp, L50, M|100/100
|turn|8
|
|t:|1756501208
|move|p2a: Garchomp|Protect|p2a: Garchomp
|-singleturn|p2a: Garchomp|Protect
|move|p1b: Garchomp|Dragon Claw|p2a: Garchomp
|-activate|p2a: Garchomp|move: Protect
|move|p1a: Incineroar|Knock Off|p2a: Garchomp
|-activate|p2a: Garchomp|move: Protect
|
|-sideend|p1: Descugi|move: Tailwind
|upkeep
|turn|9
|
|t:|1756501214
|-terastallize|p1a: Incineroar|Grass
|move|p1b: Garchomp|Dragon Claw|p2a: Garchomp
|-damage|p2a: Garchomp|0 fnt
|-damage|p1b: Garchomp|88/100|[from] ability: Rough Skin|[of] p2a: Garchomp
|faint|p2a: Garchomp
|
|win|Descugi
||Descugi is ready for game 2.
