|j|☆luisreey
|j|☆endershovel
|html|luisreeyendershovel    
|uhtml|bestof|Game 3 of a best-of-3
|t:|1785940649
|gametype|doubles
|player|p1|luisreey|n|1277
|player|p2|endershovel|266|1353
|gen|9
|tier|[Gen 9 Champions] VGC 2026 Reg M-B (Bo3)
|rated|
|rule|Species Clause: Limit one of each Pokémon
|rule|Item Clause: Limit 1 of each item
|clearpoke
|poke|p1|Froslass, L50, F|
|poke|p1|Scovillain, L50, F|
|poke|p1|Kingambit, L50, F|
|poke|p1|Sneasler, L50, F|
|poke|p1|Lycanroc-Dusk, L50, M|
|poke|p1|Basculegion, L50, M|
|poke|p2|Starmie, L50, shiny|
|poke|p2|Sneasler, L50, M|
|poke|p2|Pelipper, L50, F|
|poke|p2|Archaludon, L50, F|
|poke|p2|Sinistcha-Masterpiece, L50|
|poke|p2|Kingambit, L50, M|
|teampreview|4
|showteam|p1|Froslass||Froslassite|CursedBody|Blizzard,ShadowBall,AuroraVeil,Protect|Modest||F|||50|]Scovillain||Scovillainite|Moody|Overheat,GigaDrain,RagePowder,Protect|Bold||F|||50|]Kingambit||BlackGlasses|Defiant|SuckerPunch,KowtowCleave,SwordsDance,Protect|Adamant||F|||50|]Sneasler||WhiteHerb|Unburden|GunkShot,CloseCombat,FakeOut,Protect|Adamant||F|||50|]Lycanroc-Dusk||FocusSash|ToughClaws|RockSlide,Accelerock,CloseCombat,Protect|Adamant||M|||50|]Basculegion||SitrusBerry|Adaptability|LastRespects,WaveCrash,AquaJet,Protect|Adamant||M|||50|
|showteam|p2|Starmie||Starminite|NaturalCure|Liquidation,ZenHeadbutt,AquaJet,Protect|Jolly|||||50|]Sneasler||WhiteHerb|Unburden|CloseCombat,DireClaw,Coaching,FakeOut|Adamant||M|||50|]Pelipper||SitrusBerry|Drizzle|Hurricane,MuddyWater,Tailwind,Protect|Modest||F|||50|]Archaludon||Leftovers|Stamina|ElectroShot,FlashCannon,DragonPulse,Protect|Modest||F|||50|]Sinistcha-Masterpiece||ColburBerry|Hospitality|MatchaGotcha,RagePowder,TrickRoom,Protect|Calm|||||50|]Kingambit||BlackGlasses|Defiant|KowtowCleave,SuckerPunch,SwordsDance,Protect|Adamant||M|||50|
|inactive|Battle timer is ON: inactive players will automatically lose when time's up. (requested by endershovel)
|
|t:|1785940709
|teamsize|p1|4
|teamsize|p2|4
|start
|switch|p1a: Froslass|Froslass, L50, F|100/100
|switch|p1b: Sneasler|Sneasler, L50, F|100/100
|switch|p2a: Sneasler|Sneasler, L50, M|100/100
|switch|p2b: Starmie|Starmie, L50, shiny|100/100
|turn|1
|
|t:|1785940729
|detailschange|p2b: Starmie|Starmie-Mega, L50, shiny
|-mega|p2b: Starmie|Starmie|Starminite
|detailschange|p1a: Froslass|Froslass-Mega, L50, F
|-mega|p1a: Froslass|Froslass|Froslassite
|-weather|Snowscape|[from] ability: Snow Warning|[of] p1a: Froslass
|move|p2b: Starmie|Protect|p2b: Starmie
|-singleturn|p2b: Starmie|Protect
|move|p1b: Sneasler|Fake Out|p2b: Starmie
|-activate|p2b: Starmie|move: Protect
|move|p2a: Sneasler|Coaching|p2b: Starmie
|-boost|p2b: Starmie|atk|1
|-boost|p2b: Starmie|def|1
|move|p1a: Froslass|Shadow Ball|p2b: Starmie
|-activate|p2b: Starmie|move: Protect
|
|-weather|Snowscape|[upkeep]
|upkeep
|turn|2
|
|t:|1785940753
|switch|p2a: Pelipper|Pelipper, L50, F|100/100
|-weather|RainDance|[from] ability: Drizzle|[of] p2a: Pelipper
|switch|p1b: Kingambit|Kingambit, L50, F|100/100
|move|p1a: Froslass|Protect|p1a: Froslass
|-singleturn|p1a: Froslass|Protect
|move|p2b: Starmie|Liquidation|p1a: Froslass
|-activate|p1a: Froslass|move: Protect
|
|-weather|RainDance|[upkeep]
|upkeep
|turn|3
|inactive|luisreey has 30 seconds left.
|
|t:|1785940783
|switch|p1a: Sneasler|Sneasler, L50, F|100/100
|move|p2b: Starmie|Protect|p2b: Starmie
|-singleturn|p2b: Starmie|Protect
|move|p2a: Pelipper|Muddy Water|p1a: Sneasler|[spread] p1a,p1b
|-damage|p1a: Sneasler|49/100
|-damage|p1b: Kingambit|58/100
|-unboost|p1b: Kingambit|accuracy|1
|-ability|p1b: Kingambit|Defiant|boost
|-boost|p1b: Kingambit|atk|2
|move|p1b: Kingambit|Swords Dance|p1b: Kingambit
|-boost|p1b: Kingambit|atk|2
|
|-weather|RainDance|[upkeep]
|upkeep
|turn|4
|inactive|luisreey has 30 seconds left.
|inactive|luisreey has 20 seconds left.
|inactive|luisreey has 15 seconds left.
|inactive|luisreey has 10 seconds left.
|
|t:|1785940829
|switch|p2b: Sneasler|Sneasler, L50, M|100/100
|move|p1b: Kingambit|Sucker Punch|p2a: Pelipper
|-damage|p2a: Pelipper|0 fnt
|faint|p2a: Pelipper
|move|p1a: Sneasler|Close Combat|p2b: Sneasler
|-resisted|p2b: Sneasler|1
|-damage|p2b: Sneasler|50/100g
|-unboost|p1a: Sneasler|def|1
|-unboost|p1a: Sneasler|spd|1
|-enditem|p1a: Sneasler|White Herb
|-clearnegativeboost|p1a: Sneasler|[silent]
|
|-weather|RainDance|[upkeep]
|upkeep
|
|t:|1785940832
|switch|p2a: Starmie|Starmie-Mega, L50, shiny|100/100
|turn|5
|
|t:|1785940854
|move|p1a: Sneasler|Protect|p1a: Sneasler
|-singleturn|p1a: Sneasler|Protect
|move|p2a: Starmie|Protect|p2a: Starmie
|-singleturn|p2a: Starmie|Protect
|move|p1b: Kingambit|Protect|p1b: Kingambit
|-singleturn|p1b: Kingambit|Protect
|move|p2b: Sneasler|Coaching|p2a: Starmie
|-boost|p2a: Starmie|atk|1
|-boost|p2a: Starmie|def|1
|
|-weather|RainDance|[upkeep]
|upkeep
|turn|6
|inactive|luisreey has 30 seconds left.
|inactive|luisreey has 20 seconds left.
|inactive|luisreey has 15 seconds left.
|
|t:|1785940894
|switch|p1a: Froslass|Froslass-Mega, L50, F|100/100
|-weather|Snowscape|[from] ability: Snow Warning|[of] p1a: Froslass
|move|p2a: Starmie|Aqua Jet|p1a: Froslass
|-damage|p1a: Froslass|57/100
|move|p1b: Kingambit|Sucker Punch|p2b: Sneasler
|-resisted|p2b: Sneasler|1
|-damage|p2b: Sneasler|0 fnt
|faint|p2b: Sneasler
|
|-weather|Snowscape|[upkeep]
|upkeep
|
|t:|1785940897
|switch|p2b: Archaludon|Archaludon, L50, F|100/100
|turn|7
|inactive|luisreey has 30 seconds left.
|inactive|endershovel has 30 seconds left.
|inactive|luisreey has 20 seconds left.
|inactive|luisreey has 15 seconds left.
|inactive|endershovel has 20 seconds left.
|inactive|luisreey has 10 seconds left.
|inactive|endershovel has 15 seconds left.
|inactive|luisreey has 5 seconds left.
|inactive|endershovel has 10 seconds left.
|
|t:|1785940951
|move|p2a: Starmie|Aqua Jet|p1b: Kingambit
|-crit|p1b: Kingambit
|-damage|p1b: Kingambit|9/100
|move|p1a: Froslass|Blizzard|p2a: Starmie|[spread] p2a,p2b
|-resisted|p2a: Starmie|1
|-damage|p2a: Starmie|77/100
|-damage|p2b: Archaludon|51/100
|-ability|p2b: Archaludon|Stamina|boost
|-boost|p2b: Archaludon|def|1
|move|p2b: Archaludon|Flash Cannon|p1a: Froslass
|-supereffective|p1a: Froslass|1
|-crit|p1a: Froslass
|-damage|p1a: Froslass|0 fnt
|faint|p1a: Froslass
|move|p1b: Kingambit|Kowtow Cleave|p2b: Archaludon
|-damage|p2b: Archaludon|0 fnt
|faint|p2b: Archaludon
|
|-weather|Snowscape|[upkeep]
|upkeep
|inactive|luisreey has 30 seconds left.
|inactive|luisreey has 20 seconds left.
|
|t:|1785940990
|switch|p1a: Lycanroc|Lycanroc-Dusk, L50, M|100/100
|turn|8
|
|t:|1785941011
|move|p2a: Starmie|Protect|p2a: Starmie
|-singleturn|p2a: Starmie|Protect
|move|p1b: Kingambit|Protect|p1b: Kingambit
|-singleturn|p1b: Kingambit|Protect
|move|p1a: Lycanroc|Rock Slide|p2a: Starmie
|-activate|p2a: Starmie|move: Protect
|
|-weather|Snowscape|[upkeep]
|upkeep
|turn|9
|inactive|luisreey has 30 seconds left.
|inactive|luisreey has 20 seconds left.
|inactive|luisreey has 15 seconds left.
|inactive|luisreey has 10 seconds left.
|
|t:|1785941056
|move|p1b: Kingambit|Protect|p1b: Kingambit
|-singleturn|p1b: Kingambit|Protect
|move|p2a: Starmie|Aqua Jet|p1b: Kingambit
|-activate|p1b: Kingambit|move: Protect
|move|p1a: Lycanroc|Rock Slide|p2a: Starmie|[miss]
|-miss|p1a: Lycanroc|p2a: Starmie
|
|-weather|Snowscape|[upkeep]
|upkeep
|turn|10
|
|t:|1785941074
|move|p2a: Starmie|Aqua Jet|p1b: Kingambit
|-damage|p1b: Kingambit|0 fnt
|faint|p1b: Kingambit
|move|p1a: Lycanroc|Accelerock|p2a: Starmie
|-damage|p2a: Starmie|58/100
|
|-weather|none
|upkeep
|
|t:|1785941081
|switch|p1b: Sneasler|Sneasler, L50, F|49/100
|turn|11
|
|t:|1785941087
|move|p2a: Starmie|Protect|p2a: Starmie
|-singleturn|p2a: Starmie|Protect
|move|p1b: Sneasler|Protect|p1b: Sneasler
|-singleturn|p1b: Sneasler|Protect
|move|p1a: Lycanroc|Accelerock|p2a: Starmie
|-activate|p2a: Starmie|move: Protect
|
|upkeep
|turn|12
|
|t:|1785941106
|move|p2a: Starmie|Aqua Jet|p1b: Sneasler
|-damage|p1b: Sneasler|0 fnt
|faint|p1b: Sneasler
|move|p1a: Lycanroc|Accelerock|p2a: Starmie
|-damage|p2a: Starmie|40/100
|
|upkeep
|turn|13
|
|t:|1785941113
|move|p2a: Starmie|Aqua Jet|p1a: Lycanroc
|-supereffective|p1a: Lycanroc|1
|-enditem|p1a: Lycanroc|Focus Sash
|-damage|p1a: Lycanroc|1/100
|move|p1a: Lycanroc|Accelerock|p2a: Starmie
|-damage|p2a: Starmie|21/100
|
|upkeep
|turn|14
|-message|luisreey forfeited.
|
|win|endershovel
|raw|luisreey's rating: 1277 → 1257(-20 for losing)
|raw|endershovel's rating: 1353 → 1369(+16 for winning)
|l|☆luisreey
|player|p1|
