|j|☆pantelos7
|j|☆gmars69
|html|pantelos7gmars69    
|uhtml|bestof|Game 2 of a best-of-3
|t:|1783878673
|gametype|doubles
|player|p1|pantelos7|emmet|
|player|p2|gmars69|2|
|gen|9
|tier|[Gen 9 Champions] VGC 2026 Reg M-B (Bo3)
|rule|Species Clause: Limit one of each Pokémon
|rule|Item Clause: Limit 1 of each item
|clearpoke
|poke|p1|Archaludon, L50, F, shiny|
|poke|p1|Sableye, L50, M|
|poke|p1|Swampert, L50, M|
|poke|p1|Pelipper, L50, F, shiny|
|poke|p1|Dragonite, L50, M, shiny|
|poke|p1|Sinistcha-Masterpiece, L50, shiny|
|poke|p2|Swampert, L50, F|
|poke|p2|Pelipper, L50, F|
|poke|p2|Maushold-Four, L50|
|poke|p2|Archaludon, L50, M|
|poke|p2|Sableye, L50, M|
|poke|p2|Meganium, L50, F|
|teampreview|4
|showteam|p1|Archaludon||LifeOrb|Stalwart|ElectroShot,DragonPulse,FlashCannon,Protect|Modest||F|||50|]Sableye||RoseliBerry|Prankster|RainDance,Reflect,LightScreen,KnockOff|Careful||M|||50|]Swampert||Swampertite|Torrent|WaveCrash,Earthquake,Protect,IcePunch|Adamant||M|||50|]Pelipper||FocusSash|Drizzle|WeatherBall,Tailwind,Hurricane,Protect|Modest||F|||50|]Dragonite||Dragoninite|Multiscale|DragonPulse,Hurricane,IceBeam,Protect|Modest||M|||50|]Sinistcha-Masterpiece||Leftovers|Hospitality|MatchaGotcha,LifeDew,RagePowder,Protect|Calm|||||50|
|showteam|p2|Swampert||Swampertite|Torrent|Protect,WaveCrash,Earthquake,IcePunch|Adamant||F|||50|]Pelipper||SitrusBerry|Drizzle|WideGuard,Tailwind,WeatherBall,Hurricane|Modest||F|||50|]Maushold-Four||FocusSash|FriendGuard|Protect,FollowMe,HelpingHand,SuperFang|Calm|||||50|]Archaludon||Leftovers|Stamina|Protect,ElectroShot,DragonPulse,FlashCannon|Timid||M|||50|]Sableye||LightClay|Prankster|RainDance,Reflect,LightScreen,Encore|Bold||M|||50|]Meganium||Meganiumite|LeafGuard|Protect,SolarBeam,DazzlingGleam,WeatherBall|Timid||F|||50|
|j| ventousvgc
|
|t:|1783878715
|teamsize|p1|4
|teamsize|p2|4
|start
|switch|p1a: Sableye|Sableye, L50, M|100/100
|switch|p1b: Archaludon|Archaludon, L50, F, shiny|100/100
|switch|p2a: Archaludon|Archaludon, L50, M|100/100
|switch|p2b: Sableye|Sableye, L50, M|100/100
|turn|1
|
|t:|1783878745
|move|p1a: Sableye|Light Screen|p1a: Sableye
|-sidestart|p1: pantelos7|move: Light Screen
|move|p2b: Sableye|Light Screen|p2b: Sableye
|-sidestart|p2: gmars69|move: Light Screen
|move|p2a: Archaludon|Dragon Pulse|p1b: Archaludon
|-damage|p1b: Archaludon|66/100
|move|p1b: Archaludon|Dragon Pulse|p2a: Archaludon
|-damage|p2a: Archaludon|47/100
|-ability|p2a: Archaludon|Stamina|boost
|-boost|p2a: Archaludon|def|1
|-damage|p1b: Archaludon|56/100|[from] item: Life Orb
|
|-heal|p2a: Archaludon|53/100|[from] item: Leftovers
|upkeep
|turn|2
|
|t:|1783878766
|switch|p2b: Meganium|Meganium, L50, F|100/100
|move|p2a: Archaludon|Protect|p2a: Archaludon
|-singleturn|p2a: Archaludon|Protect
|move|p1b: Archaludon|Dragon Pulse|p2a: Archaludon
|-activate|p2a: Archaludon|move: Protect
|move|p1a: Sableye|Knock Off|p2b: Meganium
|-damage|p2b: Meganium|78/100
|
|-heal|p2a: Archaludon|59/100|[from] item: Leftovers
|upkeep
|turn|3
|
|t:|1783878777
|detailschange|p2b: Meganium|Meganium-Mega, L50, F
|-mega|p2b: Meganium|Meganium|Meganiumite
|move|p1b: Archaludon|Protect|p1b: Archaludon
|-singleturn|p1b: Archaludon|Protect
|move|p2a: Archaludon|Dragon Pulse|p1b: Archaludon
|-activate|p1b: Archaludon|move: Protect
|move|p2b: Meganium|Dazzling Gleam|p1b: Archaludon|[spread] p1a
|-activate|p1b: Archaludon|move: Protect
|-supereffective|p1a: Sableye|1
|-crit|p1a: Sableye
|-enditem|p1a: Sableye|Roseli Berry|[eat]
|-enditem|p1a: Sableye|Roseli Berry|[weaken]
|-damage|p1a: Sableye|48/100
|move|p1a: Sableye|Knock Off|p2a: Archaludon
|-damage|p2a: Archaludon|45/100
|-ability|p2a: Archaludon|Stamina|boost
|-boost|p2a: Archaludon|def|1
|-enditem|p2a: Archaludon|Leftovers|[from] move: Knock Off|[of] p1a: Sableye
|
|upkeep
|turn|4
|
|t:|1783878804
|switch|p1b: Pelipper|Pelipper, L50, F, shiny|100/100
|-weather|RainDance|[from] ability: Drizzle|[of] p1b: Pelipper
|move|p1a: Sableye|Rain Dance||[still]
|-fail|p1a: Sableye
|move|p2a: Archaludon|Dragon Pulse|p1b: Pelipper
|-damage|p1b: Pelipper|53/100
|move|p2b: Meganium|Dazzling Gleam|p1b: Pelipper|[spread] p1a,p1b
|-supereffective|p1a: Sableye|1
|-damage|p1a: Sableye|2/100
|-damage|p1b: Pelipper|15/100
|
|-weather|RainDance|[upkeep]
|upkeep
|turn|5
|
|t:|1783878824
|move|p2a: Archaludon|Electro Shot||[still]
|-prepare|p2a: Archaludon|Electro Shot
|-boost|p2a: Archaludon|spa|1
|-anim|p2a: Archaludon|Electro Shot|p1b: Pelipper
|-supereffective|p1b: Pelipper|2
|-crit|p1b: Pelipper
|-damage|p1b: Pelipper|0 fnt
|faint|p1b: Pelipper
|move|p2b: Meganium|Dazzling Gleam|p1a: Sableye
|-supereffective|p1a: Sableye|1
|-damage|p1a: Sableye|0 fnt
|faint|p1a: Sableye
|
|-weather|RainDance|[upkeep]
|-sideend|p1: pantelos7|move: Light Screen
|upkeep
|
|t:|1783878835
|switch|p1b: Archaludon|Archaludon, L50, F, shiny|56/100
|switch|p1a: Dragonite|Dragonite, L50, M, shiny|100/100
|turn|6
|
|t:|1783878854
|detailschange|p1a: Dragonite|Dragonite-Mega, L50, M, shiny
|-mega|p1a: Dragonite|Dragonite|Dragoninite
|move|p2a: Archaludon|Dragon Pulse|p1a: Dragonite
|-supereffective|p1a: Dragonite|1
|-damage|p1a: Dragonite|44/100
|move|p1a: Dragonite|Ice Beam|p2b: Meganium
|-supereffective|p2b: Meganium|1
|-crit|p2b: Meganium
|-damage|p2b: Meganium|0 fnt
|faint|p2b: Meganium
|move|p1b: Archaludon|Dragon Pulse|p2a: Archaludon
|-crit|p2a: Archaludon
|-damage|p2a: Archaludon|0 fnt
|faint|p2a: Archaludon
|-damage|p1b: Archaludon|46/100|[from] item: Life Orb
|
|-weather|RainDance|[upkeep]
|upkeep
|
|t:|1783878863
|switch|p2a: Pelipper|Pelipper, L50, F|100/100
|switch|p2b: Sableye|Sableye, L50, M|100/100
|turn|7
|
|t:|1783878880
|move|p2b: Sableye|Encore|p1b: Archaludon
|-start|p1b: Archaludon|Encore
|move|p1a: Dragonite|Hurricane|p2b: Sableye
|-damage|p2b: Sableye|24/100
|move|p1b: Archaludon|Dragon Pulse|p2a: Pelipper
|-damage|p2a: Pelipper|46/100
|-enditem|p2a: Pelipper|Sitrus Berry|[eat]
|-heal|p2a: Pelipper|71/100|[from] item: Sitrus Berry
|-damage|p1b: Archaludon|36/100|[from] item: Life Orb
|move|p2a: Pelipper|Hurricane|p1a: Dragonite
|-damage|p1a: Dragonite|0 fnt
|faint|p1a: Dragonite
|
|-weather|RainDance|[upkeep]
|upkeep
|turn|8
|
|t:|1783878903
|move|p2b: Sableye|Light Screen||[still]
|-fail|p2b: Sableye
|move|p1b: Archaludon|Dragon Pulse|p2a: Pelipper
|-damage|p2a: Pelipper|19/100
|-damage|p1b: Archaludon|27/100|[from] item: Life Orb
|move|p2a: Pelipper|Weather Ball|p1b: Archaludon
|-resisted|p1b: Archaludon|1
|-damage|p1b: Archaludon|0 fnt
|faint|p1b: Archaludon
|
|win|gmars69
|c|☆pantelos7|gg
|c|☆pantelos7|s
|l|☆pantelos7
|player|p1|
|c|☆gmars69|gg file
|l|☆gmars69
|player|p2|
