|j|☆Ayycousin
|j|☆fumomarlboro
|html|Ayycousinfumomarlboro    
|uhtml|bestof|Game 1 of a best-of-3
|t:|1757774688
|gametype|doubles
|player|p1|Ayycousin|170|1173
|player|p2|fumomarlboro|swimmerf-gen4|1269
|gen|9
|tier|[Gen 9] VGC 2025 Reg H (Bo3)
|rated|
|rule|Species Clause: Limit one of each Pokémon
|rule|Item Clause: Limit 1 of each item
|clearpoke
|poke|p1|Porygon2, L50|
|poke|p1|Incineroar, L50, F|
|poke|p1|Ursaluna, L50, F|
|poke|p1|Jumpluff, L50, M|
|poke|p1|Charizard, L50, F|
|poke|p1|Torkoal, L50, F|
|poke|p2|Tauros-Paldea-Aqua, L50, M|
|poke|p2|Gholdengo, L50|
|poke|p2|Sinistcha, L50|
|poke|p2|Pelipper, L50, F|
|poke|p2|Dragonite, L50, F|
|poke|p2|Archaludon, L50, M|
|teampreview|4
|showteam|p1|Porygon2||Eviolite|Download|TeraBlast,IceBeam,TrickRoom,Recover||||||50|,,,,,Fighting]Incineroar||SitrusBerry|Intimidate|FakeOut,KnockOff,FlareBlitz,PartingShot|||F|||50|,,,,,Ghost]Ursaluna||FlameOrb|Guts|HeadlongRush,Facade,Earthquake,Protect|||F|||50|,,,,,Ghost]Jumpluff||CovertCloak|Chlorophyll|RagePowder,SunnyDay,Tailwind,SleepPowder|||M|||50|,,,,,Water]Charizard||ChoiceSpecs|SolarPower|HeatWave,Overheat,WeatherBall,AirSlash|||F|||50|,,,,,Ghost]Torkoal||EjectPack|Drought|Overheat,Eruption,HelpingHand,Protect|||F|||50|,,,,,Fire
|showteam|p2|Tauros-Paldea-Aqua||MirrorHerb|Intimidate|WaveCrash,CloseCombat,AquaJet,Protect|||M|||50|,,,,,Grass]Gholdengo||ChoiceScarf|GoodasGold|MakeItRain,ShadowBall,Trick,Protect||||||50|,,,,,Fairy]Sinistcha||SitrusBerry|Hospitality|MatchaGotcha,LifeDew,RagePowder,TrickRoom||||||50|,,,,,Dark]Pelipper||FocusSash|Drizzle|MuddyWater,Hurricane,Tailwind,Protect|||F|||50|,,,,,Ghost]Dragonite||LoadedDice|Multiscale|ScaleShot,Tailwind,Haze,Protect|||F|||50|,,,,,Fairy]Archaludon||AssaultVest|Stamina|DragonPulse,BodyPress,ElectroShot,Snarl|||M|||50|,,,,,Grass
|inactive|Battle timer is ON: inactive players will automatically lose when time's up. (requested by fumomarlboro)
|inactive|Ayycousin has 60 seconds left.
|
|t:|1757774739
|teamsize|p1|4
|teamsize|p2|4
|start
|switch|p1a: Porygon2|Porygon2, L50|100/100
|switch|p1b: Incineroar|Incineroar, L50, F|100/100
|switch|p2a: Gholdengo|Gholdengo, L50|100/100
|switch|p2b: Dragonite|Dragonite, L50, F|100/100
|-ability|p1b: Incineroar|Intimidate|boost
|-unboost|p2a: Gholdengo|atk|1
|-unboost|p2b: Dragonite|atk|1
|-ability|p1a: Porygon2|Download|boost
|-boost|p1a: Porygon2|atk|1
|turn|1
|inactive|Ayycousin has 30 seconds left.
|inactive|fumomarlboro has 30 seconds left.
|inactive|fumomarlboro has 20 seconds left.
|inactive|fumomarlboro has 15 seconds left.
|
|t:|1757774784
|-terastallize|p2a: Gholdengo|Fairy
|move|p2a: Gholdengo|Trick|p1a: Porygon2
|-activate|p2a: Gholdengo|move: Trick|[of] p1a: Porygon2
|-item|p1a: Porygon2|Choice Scarf|[from] move: Trick
|-item|p2a: Gholdengo|Eviolite|[from] move: Trick
|move|p2b: Dragonite|Scale Shot|p1b: Incineroar
|-damage|p1b: Incineroar|90/100
|-damage|p1b: Incineroar|81/100
|-damage|p1b: Incineroar|72/100
|-damage|p1b: Incineroar|62/100
|-hitcount|p1b: Incineroar|4
|-unboost|p2b: Dragonite|def|1
|-boost|p2b: Dragonite|spe|1
|move|p1b: Incineroar|Knock Off|p2b: Dragonite
|-damage|p2b: Dragonite|57/100
|-enditem|p2b: Dragonite|Loaded Dice|[from] move: Knock Off|[of] p1b: Incineroar
|move|p1a: Porygon2|Trick Room|p1a: Porygon2
|-fieldstart|move: Trick Room|[of] p1a: Porygon2
|
|upkeep
|turn|2
|inactive|Ayycousin has 30 seconds left.
|inactive|fumomarlboro has 30 seconds left.
|inactive|Ayycousin has 20 seconds left.
|
|t:|1757774823
|switch|p1a: Torkoal|Torkoal, L50, F|100/100
|-weather|SunnyDay|[from] ability: Drought|[of] p1a: Torkoal
|move|p1b: Incineroar|Flare Blitz|p2a: Gholdengo
|-damage|p2a: Gholdengo|5/100
|-damage|p1b: Incineroar|37/100|[from] Recoil
|-enditem|p1b: Incineroar|Sitrus Berry|[eat]
|-heal|p1b: Incineroar|62/100|[from] item: Sitrus Berry
|move|p2a: Gholdengo|Shadow Ball|p1b: Incineroar
|-resisted|p1b: Incineroar
|-damage|p1b: Incineroar|39/100
|move|p2b: Dragonite|Scale Shot|p1b: Incineroar|[miss]
|-miss|p2b: Dragonite|p1b: Incineroar
|
|-weather|SunnyDay|[upkeep]
|upkeep
|turn|3
|inactive|Ayycousin has 30 seconds left.
|inactive|fumomarlboro has 30 seconds left.
|
|t:|1757774856
|switch|p2b: Tauros|Tauros-Paldea-Aqua, L50, M|100/100
|-ability|p2b: Tauros|Intimidate|boost
|-unboost|p1a: Torkoal|atk|1
|-unboost|p1b: Incineroar|atk|1
|-enditem|p1a: Torkoal|Eject Pack
|
|t:|1757774861
|switch|p1a: Ursaluna|Ursaluna, L50, F|100/100
|move|p2a: Gholdengo|Protect|p2a: Gholdengo
|-singleturn|p2a: Gholdengo|Protect
|move|p1b: Incineroar|Parting Shot|p2b: Tauros
|-unboost|p2b: Tauros|atk|1
|-unboost|p2b: Tauros|spa|1
|
|t:|1757774869
|switch|p1b: Torkoal|Torkoal, L50, F|100/100|[from] Parting Shot
|
|-weather|SunnyDay|[upkeep]
|-status|p1a: Ursaluna|brn|[from] item: Flame Orb
|upkeep
|turn|4
|
|t:|1757774879
|switch|p2a: Pelipper|Pelipper, L50, F|100/100
|-weather|RainDance|[from] ability: Drizzle|[of] p2a: Pelipper
|move|p2b: Tauros|Protect|p2b: Tauros
|-singleturn|p2b: Tauros|Protect
|move|p1b: Torkoal|Eruption|p2b: Tauros|[spread] p2a
|-activate|p2b: Tauros|move: Protect
|-resisted|p2a: Pelipper
|-damage|p2a: Pelipper|80/100
|move|p1a: Ursaluna|Facade|p2b: Tauros
|-activate|p2b: Tauros|move: Protect
|
|-weather|RainDance|[upkeep]
|-damage|p1a: Ursaluna|95/100 brn|[from] brn
|upkeep
|turn|5
|inactive|Ayycousin has 30 seconds left.
|inactive|fumomarlboro has 30 seconds left.
|inactive|fumomarlboro has 20 seconds left.
|
|t:|1757774914
|switch|p1b: Porygon2|Porygon2, L50|100/100
|-ability|p1b: Porygon2|Download|boost
|-boost|p1b: Porygon2|spa|1
|-enditem|p2b: Tauros|Mirror Herb
|-boost|p2b: Tauros|spa|1|[from] item: Mirror Herb
|switch|p2a: Dragonite|Dragonite, L50, F|57/100
|switch|p2b: Gholdengo|Gholdengo, L50, tera:Fairy|5/100
|-terastallize|p1a: Ursaluna|Ghost
|move|p1a: Ursaluna|Facade|p2b: Gholdengo
|-damage|p2b: Gholdengo|0 fnt
|faint|p2b: Gholdengo
|
|-weather|RainDance|[upkeep]
|-damage|p1a: Ursaluna|89/100 brn|[from] brn
|-fieldend|move: Trick Room
|upkeep
|
|t:|1757774928
|switch|p2b: Tauros|Tauros-Paldea-Aqua, L50, M|100/100
|-ability|p2b: Tauros|Intimidate|boost
|-unboost|p1a: Ursaluna|atk|1
|-unboost|p1b: Porygon2|atk|1
|turn|6
|
|t:|1757774952
|switch|p1b: Torkoal|Torkoal, L50, F|100/100
|-weather|SunnyDay|[from] ability: Drought|[of] p1b: Torkoal
|move|p2b: Tauros|Close Combat|p1b: Torkoal
|-damage|p1b: Torkoal|60/100
|-unboost|p2b: Tauros|def|1
|-unboost|p2b: Tauros|spd|1
|move|p2a: Dragonite|Scale Shot|p1b: Torkoal
|-damage|p1b: Torkoal|47/100
|-damage|p1b: Torkoal|36/100
|-damage|p1b: Torkoal|23/100
|-damage|p1b: Torkoal|11/100
|-damage|p1b: Torkoal|0 fnt
|faint|p1b: Torkoal
|-hitcount|p1: Torkoal|5
|-unboost|p2a: Dragonite|def|1
|-boost|p2a: Dragonite|spe|1
|move|p1a: Ursaluna|Facade|p2b: Tauros
|-damage|p2b: Tauros|0 fnt
|faint|p2b: Tauros
|
|-weather|SunnyDay|[upkeep]
|-damage|p1a: Ursaluna|83/100 brn|[from] brn
|upkeep
|
|t:|1757774972
|switch|p2b: Pelipper|Pelipper, L50, F|80/100
|switch|p1b: Incineroar|Incineroar, L50, F|39/100
|-weather|RainDance|[from] ability: Drizzle|[of] p2b: Pelipper
|-ability|p1b: Incineroar|Intimidate|boost
|-unboost|p2a: Dragonite|atk|1
|-unboost|p2b: Pelipper|atk|1
|turn|7
|inactive|Ayycousin has 30 seconds left.
|inactive|fumomarlboro has 30 seconds left.
|
|t:|1757775001
|move|p1b: Incineroar|Fake Out|p2a: Dragonite
|-damage|p2a: Dragonite|32/100
|cant|p2a: Dragonite|flinch
|move|p2b: Pelipper|Muddy Water|p1a: Ursaluna|[spread] p1a
|-miss|p2b: Pelipper|p1b: Incineroar
|-damage|p1a: Ursaluna|34/100 brn
|move|p1a: Ursaluna|Facade|p2b: Pelipper
|-damage|p2b: Pelipper|0 fnt
|faint|p2b: Pelipper
|
|-weather|RainDance|[upkeep]
|-damage|p1a: Ursaluna|28/100 brn|[from] brn
|upkeep
|turn|8
|
|t:|1757775017
|switch|p1b: Porygon2|Porygon2, L50|100/100
|-ability|p1b: Porygon2|Download|boost
|-boost|p1b: Porygon2|atk|1
|move|p1a: Ursaluna|Protect|p1a: Ursaluna
|-singleturn|p1a: Ursaluna|Protect
|move|p2a: Dragonite|Scale Shot|p1b: Porygon2
|-damage|p1b: Porygon2|91/100
|-damage|p1b: Porygon2|81/100
|-damage|p1b: Porygon2|71/100
|-damage|p1b: Porygon2|60/100
|-hitcount|p1b: Porygon2|4
|-unboost|p2a: Dragonite|def|1
|-boost|p2a: Dragonite|spe|1
|
|-weather|RainDance|[upkeep]
|-damage|p1a: Ursaluna|22/100 brn|[from] brn
|upkeep
|turn|9
|-message|fumomarlboro forfeited.
|
|win|Ayycousin
||fumomarlboro is ready for game 2.
||Ayycousin is ready for game 2.
|uhtml|next|Next: Game 2 of 3
|l|☆fumomarlboro
|player|p2|
