|j|☆glubglobs
|j|☆Zady11
|html|glubglobsZady11    
|uhtml|bestof|Game 3 of a best-of-3
|t:|1756310627
|gametype|doubles
|player|p1|glubglobs|102|1215
|player|p2|Zady11|guitarist|1220
|gen|9
|tier|[Gen 9] VGC 2025 Reg H (Bo3)
|rated|
|rule|Species Clause: Limit one of each Pokémon
|rule|Item Clause: Limit 1 of each item
|clearpoke
|poke|p1|Primarina, L50, M|
|poke|p1|Sneasler, L50, M|
|poke|p1|Electabuzz, L50, F|
|poke|p1|Kingambit, L50, F|
|poke|p1|Dragapult, L50, M|
|poke|p1|Rillaboom, L50, M|
|poke|p2|Whimsicott, L50, M|
|poke|p2|Typhlosion-Hisui, L50, F|
|poke|p2|Basculegion, L50, M|
|poke|p2|Ursaluna-Bloodmoon, L50, M|
|poke|p2|Farigiraf, L50, M|
|poke|p2|Maushold-Four, L50|
|teampreview|4
|showteam|p1|Primarina||ThroatSpray|LiquidVoice|Protect,Haze,HyperVoice,Moonblast|||M|||50|,,,,,Poison]Sneasler||FocusSash|PoisonTouch|Protect,NightSlash,DireClaw,CloseCombat|||M|||50|,,,,,Stellar]Electabuzz||Eviolite|VitalSpirit|Protect,FollowMe,Taunt,Electroweb|||F|||50|,,,,,Fairy]Kingambit||BlackGlasses|Defiant|Protect,SwordsDance,SuckerPunch,KowtowCleave|||F|||50|,,,,,Dark]Dragapult||ChoiceBand|ClearBody|Uturn,DragonDarts,PhantomForce,Outrage|||M|||50|,,,,,Dragon]Rillaboom||AssaultVest|GrassySurge|FakeOut,Uturn,GrassyGlide,WoodHammer|||M|||50|,,,,,Fire
|showteam|p2|Whimsicott||CovertCloak|Prankster|Moonblast,SunnyDay,Encore,Tailwind|||M|||50|,,,,,Water]Typhlosion-Hisui||ChoiceSpecs|Blaze|Eruption,HeatWave,ShadowBall,Overheat|||F|||50|,,,,,Fire]Basculegion||ChoiceScarf|Adaptability|WaveCrash,LastRespects,AquaJet,FlipTurn|||M|||50|,,,,,Water]Ursaluna-Bloodmoon||LifeOrb|MindsEye|BloodMoon,HyperVoice,EarthPower,Protect|||M|||50|,,,,,Normal]Farigiraf||ThroatSpray|ArmorTail|HyperVoice,HelpingHand,Psychic,TrickRoom|||M|||50|,,,,,Fire]Maushold-Four||WideLens|Technician|PopulationBomb,Taunt,FollowMe,Protect||||||50|,,,,,Ghost
|inactive|Battle timer is ON: inactive players will automatically lose when time's up. (requested by glubglobs)
|
|t:|1756310646
|teamsize|p1|4
|teamsize|p2|4
|start
|switch|p1a: Sneasler|Sneasler, L50, M|100/100
|switch|p1b: Kingambit|Kingambit, L50, F|100/100
|switch|p2a: Sr Rubio|Whimsicott, L50, M|100/100
|switch|p2b: Sr Marrón|Ursaluna-Bloodmoon, L50, M|100/100
|turn|1
|
|t:|1756310664
|move|p2b: Sr Marrón|Protect|p2b: Sr Marrón
|-singleturn|p2b: Sr Marrón|Protect
|move|p2a: Sr Rubio|Tailwind|p2a: Sr Rubio
|-sidestart|p2: Zady11|move: Tailwind
|move|p1a: Sneasler|Close Combat|p2b: Sr Marrón
|-activate|p2b: Sr Marrón|move: Protect
|move|p1b: Kingambit|Swords Dance|p1b: Kingambit
|-boost|p1b: Kingambit|atk|2
|
|upkeep
|turn|2
|inactive|Zady11 has 30 seconds left.
|inactive|Zady11 has 20 seconds left.
|
|t:|1756310701
|-terastallize|p2b: Sr Marrón|Normal
|move|p1b: Kingambit|Sucker Punch|p2b: Sr Marrón
|-damage|p2b: Sr Marrón|21/100
|move|p2a: Sr Rubio|Moonblast|p1a: Sneasler
|-damage|p1a: Sneasler|62/100
|-unboost|p1a: Sneasler|spa|1
|move|p2b: Sr Marrón|Hyper Voice|p1a: Sneasler|[spread] p1a,p1b
|-resisted|p1b: Kingambit
|-damage|p1a: Sneasler|0 fnt
|-damage|p1b: Kingambit|68/100
|faint|p1a: Sneasler
|-damage|p2b: Sr Marrón|11/100|[from] item: Life Orb
|
|upkeep
|
|t:|1756310724
|switch|p1a: Primarina|Primarina, L50, M|100/100
|turn|3
|
|t:|1756310741
|move|p2b: Sr Marrón|Protect|p2b: Sr Marrón
|-singleturn|p2b: Sr Marrón|Protect
|move|p1a: Primarina|Protect|p1a: Primarina
|-singleturn|p1a: Primarina|Protect
|move|p1b: Kingambit|Protect|p1b: Kingambit
|-singleturn|p1b: Kingambit|Protect
|move|p2a: Sr Rubio|Sunny Day|p2a: Sr Rubio
|-weather|SunnyDay
|
|-weather|SunnyDay|[upkeep]
|upkeep
|turn|4
|inactive|Zady11 has 30 seconds left.
|inactive|Zady11 has 20 seconds left.
|inactive|Zady11 has 15 seconds left.
|
|t:|1756310784
|switch|p2a: Sr Naranja|Farigiraf, L50, M, shiny|100/100
|move|p1b: Kingambit|Sucker Punch||[still]
|cant|p2a: Sr Naranja|ability: Armor Tail|Sucker Punch|[of] p1b: Kingambit
|move|p2b: Sr Marrón|Blood Moon|p1a: Primarina
|-damage|p1a: Primarina|0 fnt
|faint|p1a: Primarina
|-damage|p2b: Sr Marrón|2/100|[from] item: Life Orb
|
|-weather|SunnyDay|[upkeep]
|-sideend|p2: Zady11|move: Tailwind
|upkeep
|
|t:|1756310795
|switch|p1a: Dragapult|Dragapult, L50, M|100/100
|turn|5
|
|t:|1756310817
|switch|p2a: Sr Rubio|Whimsicott, L50, M|100/100
|-terastallize|p1a: Dragapult|Dragon
|move|p2b: Sr Marrón|Protect|p2b: Sr Marrón
|-singleturn|p2b: Sr Marrón|Protect
|move|p1a: Dragapult|Dragon Darts|p2b: Sr Marrón
|-immune|p2a: Sr Rubio
|move|p1b: Kingambit|Kowtow Cleave|p2a: Sr Rubio
|-resisted|p2a: Sr Rubio
|-damage|p2a: Sr Rubio|43/100
|
|-weather|SunnyDay|[upkeep]
|upkeep
|turn|6
|
|t:|1756310835
|move|p2a: Sr Rubio|Tailwind|p2a: Sr Rubio
|-sidestart|p2: Zady11|move: Tailwind
|move|p1b: Kingambit|Sucker Punch|p2b: Sr Marrón
|-damage|p2b: Sr Marrón|0 fnt
|faint|p2b: Sr Marrón
|move|p1a: Dragapult|Dragon Darts|p2a: Sr Rubio
|-immune|p2a: Sr Rubio
|
|-weather|SunnyDay|[upkeep]
|upkeep
|
|t:|1756310857
|switch|p2b: Sr Rosa|Typhlosion-Hisui, L50, F|100/100
|turn|7
|
|t:|1756310880
|switch|p2a: Sr Naranja|Farigiraf, L50, M, shiny|100/100
|move|p1b: Kingambit|Sucker Punch||[still]
|cant|p2a: Sr Naranja|ability: Armor Tail|Sucker Punch|[of] p1b: Kingambit
|move|p2b: Sr Rosa|Eruption|p1a: Dragapult|[spread] p1a,p1b
|-resisted|p1a: Dragapult
|-supereffective|p1b: Kingambit
|-damage|p1a: Dragapult|16/100
|-damage|p1b: Kingambit|0 fnt
|faint|p1b: Kingambit
|move|p1a: Dragapult|Dragon Darts|p2b: Sr Rosa
|-damage|p2b: Sr Rosa|28/100
|-anim|p1a: Dragapult|Dragon Darts|p2a: Sr Naranja
|-damage|p2a: Sr Naranja|58/100
|
|-weather|none
|upkeep
|turn|8
|
|t:|1756310896
|move|p2b: Sr Rosa|Eruption|p1a: Dragapult
|-resisted|p1a: Dragapult
|-damage|p1a: Dragapult|0 fnt
|faint|p1a: Dragapult
|
|win|Zady11
|raw|glubglobs's rating: 1215 → 1190(-25 for losing)
|raw|Zady11's rating: 1220 → 1245(+25 for winning)
