|j|☆Lorido
|j|☆Miedoso
|html|LoridoMiedoso    
|uhtml|bestof|Game 2 of a best-of-3
|t:|1785351769
|gametype|doubles
|player|p1|Lorido|170|
|player|p2|Miedoso|swimmer-gen4dp|
|gen|9
|tier|[Gen 9 Champions] VGC 2026 Reg M-B (Bo3)
|rule|Species Clause: Limit one of each Pokémon
|rule|Item Clause: Limit 1 of each item
|clearpoke
|poke|p1|Delphox, L50, M|
|poke|p1|Incineroar, L50, M|
|poke|p1|Floette-Eternal, L50, F|
|poke|p1|Kingambit, L50, M|
|poke|p1|Sinistcha, L50|
|poke|p1|Sneasler, L50, F|
|poke|p2|Blaziken, L50, F|
|poke|p2|Hydreigon, L50, M|
|poke|p2|Basculegion, L50, M|
|poke|p2|Whimsicott, L50, M|
|poke|p2|Farigiraf, L50, F|
|poke|p2|Metagross, L50, shiny|
|teampreview|4
|showteam|p1|Delphox||Delphoxite|Blaze|HeatWave,Psychic,NastyPlot,Protect|Timid||M|||50|]Incineroar||SitrusBerry|Intimidate|FlareBlitz,DarkestLariat,FakeOut,PartingShot|Careful||M|||50|]Floette-Eternal||Floettite|FlowerVeil|DazzlingGleam,DrainingKiss,CalmMind,Protect|Bold||F|||50|]Kingambit||BlackGlasses|Defiant|KowtowCleave,SuckerPunch,IronHead,Protect|Adamant||M|||50|]Sinistcha||OccaBerry|Hospitality|MatchaGotcha,RagePowder,TrickRoom,Protect|Bold|||||50|]Sneasler||FocusSash|PoisonTouch|CloseCombat,PoisonJab,FakeOut,QuickGuard|Jolly||F|||50|
|showteam|p2|Blaziken||Blazikenite|SpeedBoost|Detect,RockSlide,CloseCombat,FlareBlitz|Adamant||F|||50|]Hydreigon||ChoiceScarf|Levitate|DracoMeteor,Snarl,EarthPower,DarkPulse|Modest||M|||50|]Basculegion||LifeOrb|Adaptability|Protect,WaveCrash,LastRespects,AquaJet|Adamant||M|||50|]Whimsicott||FocusSash|Prankster|Protect,Moonblast,EnergyBall,Tailwind|Timid||M|||50|]Farigiraf||SitrusBerry|ArmorTail|BeatUp,SunnyDay,Psychic,HyperVoice|Timid||F|||50|]Metagross||Metagrossite|ClearBody|Protect,PsychicFangs,IronHead,StompingTantrum|Jolly|||||50|
|inactive|Battle timer is ON: inactive players will automatically lose when time's up. (requested by Lorido)
|inactive|Miedoso also wants the timer to be on.
|c|☆Lorido|Wrong Move.. Who is the sleepy one now?
|inactive|Lorido has 60 seconds left.
|
|t:|1785351802
|teamsize|p1|4
|teamsize|p2|4
|start
|switch|p1a: Delphox|Delphox, L50, M|100/100
|switch|p1b: Sinistcha|Sinistcha, L50|100/100
|switch|p2a: Blaziken|Blaziken, L50, F|100/100
|switch|p2b: Farigiraf|Farigiraf, L50, F|100/100
|turn|1
|c|☆Miedoso|Both
|inactive|Miedoso has 30 seconds left.
|
|t:|1785351829
|detailschange|p1a: Delphox|Delphox-Mega, L50, M
|-mega|p1a: Delphox|Delphox|Delphoxite
|move|p2a: Blaziken|Detect|p2a: Blaziken
|-singleturn|p2a: Blaziken|Protect
|move|p1a: Delphox|Nasty Plot|p1a: Delphox
|-boost|p1a: Delphox|spa|2
|move|p2b: Farigiraf|Psychic|p1a: Delphox
|-resisted|p1a: Delphox|1
|-damage|p1a: Delphox|80/100
|move|p1b: Sinistcha|Trick Room|p1b: Sinistcha
|-fieldstart|move: Trick Room|[of] p1b: Sinistcha
|
|-ability|p2a: Blaziken|Speed Boost|boost
|-boost|p2a: Blaziken|spe|1
|upkeep
|turn|2
|inactive|Lorido has 30 seconds left.
|
|t:|1785351854
|switch|p1b: Incineroar|Incineroar, L50, M|100/100
|-ability|p1b: Incineroar|Intimidate|boost
|-unboost|p2a: Blaziken|atk|1
|-unboost|p2b: Farigiraf|atk|1
|detailschange|p2a: Blaziken|Blaziken-Mega, L50, F
|-mega|p2a: Blaziken|Blaziken|Blazikenite
|move|p2b: Farigiraf|Hyper Voice|p1a: Delphox|[spread] p1a,p1b
|-damage|p1a: Delphox|54/100
|-damage|p1b: Incineroar|76/100
|move|p1a: Delphox|Heat Wave|p2b: Farigiraf|[spread] p2a,p2b
|-resisted|p2a: Blaziken|1
|-damage|p2a: Blaziken|42/100
|-damage|p2b: Farigiraf|11/100
|-enditem|p2b: Farigiraf|Sitrus Berry|[eat]
|-heal|p2b: Farigiraf|36/100|[from] item: Sitrus Berry
|move|p2a: Blaziken|Rock Slide|p1b: Incineroar|[spread] p1a,p1b
|-supereffective|p1a: Delphox|1
|-supereffective|p1b: Incineroar|1
|-damage|p1a: Delphox|14/100
|-damage|p1b: Incineroar|50/100g
|
|-ability|p2a: Blaziken|Speed Boost|boost
|-boost|p2a: Blaziken|spe|1
|upkeep
|turn|3
|l|☆Miedoso
|inactive|Miedoso disconnected and has 300 seconds to reconnect!
|player|p2|
|inactive|Lorido has 30 seconds left.
|j|☆Miedoso
|inactive|Miedoso reconnected and has 40 seconds left.
|player|p2|Miedoso|swimmer-gen4dp|
|inactive|Miedoso has 30 seconds left.
|inactive|Miedoso has 20 seconds left.
|
|t:|1785351903
|switch|p1b: Sinistcha|Sinistcha, L50|100/100
|-heal|p1a: Delphox|39/100|[from] ability: Hospitality|[of] p1b: Sinistcha
|switch|p2a: Hydreigon|Hydreigon, L50, M|100/100
|move|p2b: Farigiraf|Hyper Voice|p1a: Delphox|[spread] p1a
|-immune|p1b: Sinistcha
|-damage|p1a: Delphox|9/100
|move|p1a: Delphox|Heat Wave|p2a: Hydreigon|[spread] p2a,p2b
|-resisted|p2a: Hydreigon|1
|-damage|p2a: Hydreigon|56/100
|-damage|p2b: Farigiraf|0 fnt
|-status|p2a: Hydreigon|brn
|faint|p2b: Farigiraf
|
|-damage|p2a: Hydreigon|50/100g brn|[from] brn
|upkeep
|
|t:|1785351915
|switch|p2b: Blaziken|Blaziken-Mega, L50, F|42/100
|turn|4
|
|t:|1785351929
|move|p1b: Sinistcha|Protect|p1b: Sinistcha
|-singleturn|p1b: Sinistcha|Protect
|move|p1a: Delphox|Protect|p1a: Delphox
|-singleturn|p1a: Delphox|Protect
|move|p2b: Blaziken|Flare Blitz|p1b: Sinistcha
|-activate|p1b: Sinistcha|move: Protect
|move|p2a: Hydreigon|Snarl|p1a: Delphox|[spread] 
|-activate|p1a: Delphox|move: Protect
|-activate|p1b: Sinistcha|move: Protect
|
|-damage|p2a: Hydreigon|44/100 brn|[from] brn
|-ability|p2b: Blaziken|Speed Boost|boost
|-boost|p2b: Blaziken|spe|1
|upkeep
|turn|5
|inactive|Miedoso has 30 seconds left.
|
|t:|1785351962
|switch|p1b: Incineroar|Incineroar, L50, M|50/100g
|-ability|p1b: Incineroar|Intimidate|boost
|-unboost|p2a: Hydreigon|atk|1
|-unboost|p2b: Blaziken|atk|1
|switch|p2a: Basculegion|Basculegion, L50, M|100/100
|move|p2b: Blaziken|Detect|p2b: Blaziken
|-singleturn|p2b: Blaziken|Protect
|move|p1a: Delphox|Heat Wave|p2b: Blaziken|[spread] p2a
|-activate|p2b: Blaziken|move: Protect
|-resisted|p2a: Basculegion|1
|-damage|p2a: Basculegion|53/100
|
|-fieldend|move: Trick Room
|-ability|p2b: Blaziken|Speed Boost|boost
|-boost|p2b: Blaziken|spe|1
|upkeep
|turn|6
|inactive|Lorido has 30 seconds left.
|inactive|Lorido has 20 seconds left.
|inactive|Lorido has 15 seconds left.
|inactive|Lorido has 10 seconds left.
|inactive|Lorido has 5 seconds left.
|inactive|Miedoso has 30 seconds left.
|
|t:|1785352016
|switch|p1a: Sinistcha|Sinistcha, L50|100/100
|-heal|p1b: Incineroar|75/100|[from] ability: Hospitality|[of] p1a: Sinistcha
|move|p2b: Blaziken|Flare Blitz|p1a: Sinistcha
|-supereffective|p1a: Sinistcha|1
|-enditem|p1a: Sinistcha|Occa Berry|[eat]
|-enditem|p1a: Sinistcha|Occa Berry|[weaken]
|-damage|p1a: Sinistcha|57/100
|-damage|p2b: Blaziken|26/100|[from] Recoil
|move|p2a: Basculegion|Wave Crash|p1b: Incineroar
|-supereffective|p1b: Incineroar|1
|-crit|p1b: Incineroar
|-damage|p1b: Incineroar|0 fnt
|faint|p1b: Incineroar
|-damage|p2a: Basculegion|28/100|[from] Recoil
|-damage|p2a: Basculegion|18/100|[from] item: Life Orb
|
|-ability|p2b: Blaziken|Speed Boost|boost
|-boost|p2b: Blaziken|spe|1
|upkeep
|inactive|Lorido has 30 seconds left.
|
|t:|1785352048
|switch|p1b: Kingambit|Kingambit, L50, M|100/100
|turn|7
|
|t:|1785352068
|move|p2a: Basculegion|Protect|p2a: Basculegion
|-singleturn|p2a: Basculegion|Protect
|move|p1b: Kingambit|Sucker Punch|p2b: Blaziken
|-resisted|p2b: Blaziken|1
|-damage|p2b: Blaziken|0 fnt
|faint|p2b: Blaziken
|move|p1a: Sinistcha|Matcha Gotcha|p2a: Basculegion
|-activate|p2a: Basculegion|move: Protect
|
|upkeep
|
|t:|1785352076
|switch|p2b: Hydreigon|Hydreigon, L50, M|44/100 brn
|turn|8
|inactive|Lorido has 30 seconds left.
|inactive|Lorido has 20 seconds left.
|inactive|Lorido has 15 seconds left.
|inactive|Lorido has 10 seconds left.
|inactive|Lorido has 5 seconds left.
|
|t:|1785352126
|move|p2a: Basculegion|Protect|p2a: Basculegion
|-singleturn|p2a: Basculegion|Protect
|move|p1a: Sinistcha|Rage Powder|p1a: Sinistcha
|-singleturn|p1a: Sinistcha|move: Rage Powder
|move|p1b: Kingambit|Sucker Punch||[still]
|-fail|p1b: Kingambit
|move|p2b: Hydreigon|Dark Pulse|p1a: Sinistcha
|-supereffective|p1a: Sinistcha|1
|-damage|p1a: Sinistcha|0 fnt
|faint|p1a: Sinistcha
|
|-damage|p2b: Hydreigon|38/100 brn|[from] brn
|upkeep
|j| tedidn
|
|t:|1785352133
|switch|p1a: Delphox|Delphox-Mega, L50, M|9/100
|turn|9
|
|t:|1785352149
|move|p2a: Basculegion|Aqua Jet|p1a: Delphox
|-supereffective|p1a: Delphox|1
|-damage|p1a: Delphox|0 fnt
|faint|p1a: Delphox
|-damage|p2a: Basculegion|9/100|[from] item: Life Orb
|move|p2b: Hydreigon|Dark Pulse|p1b: Kingambit
|-resisted|p1b: Kingambit|1
|-damage|p1b: Kingambit|82/100
|move|p1b: Kingambit|Iron Head|p2b: Hydreigon
|-damage|p2b: Hydreigon|0 fnt
|faint|p2b: Hydreigon
|
|upkeep
|turn|10
|
|t:|1785352161
|move|p2a: Basculegion|Protect|p2a: Basculegion
|-singleturn|p2a: Basculegion|Protect
|move|p1b: Kingambit|Kowtow Cleave|p2a: Basculegion
|-activate|p2a: Basculegion|move: Protect
|
|upkeep
|turn|11
|
|t:|1785352174
|move|p1b: Kingambit|Protect|p1b: Kingambit
|-singleturn|p1b: Kingambit|Protect
|move|p2a: Basculegion|Wave Crash|p1b: Kingambit
|-activate|p1b: Kingambit|move: Protect
|
|upkeep
|turn|12
|
|t:|1785352180
|move|p1b: Kingambit|Sucker Punch|p2a: Basculegion
|-supereffective|p2a: Basculegion|1
|-damage|p2a: Basculegion|0 fnt
|faint|p2a: Basculegion
|
|win|Lorido
