|j|☆hatcheyapache
|j|☆lolgz
|html|hatcheyapachelolgz    
|uhtml|bestof|Game 1 of a best-of-3
|t:|1782429664
|gametype|doubles
|player|p1|hatcheyapache|169|1259
|player|p2|lolgz|dawn|1195
|gen|9
|tier|[Gen 9 Champions] VGC 2026 Reg M-B (Bo3)
|rated|
|rule|Species Clause: Limit one of each Pokémon
|rule|Item Clause: Limit 1 of each item
|clearpoke
|poke|p1|Sinistcha, L50|
|poke|p1|Incineroar, L50, F|
|poke|p1|Milotic, L50, M|
|poke|p1|Raichu, L50, F|
|poke|p1|Floette-Eternal, L50, F|
|poke|p1|Ceruledge, L50, M|
|poke|p2|Mawile, L50, M|
|poke|p2|Sneasler, L50, F|
|poke|p2|Farigiraf, L50, M|
|poke|p2|Ampharos, L50, F|
|poke|p2|Vileplume, L50, M|
|poke|p2|Torkoal, L50, F|
|teampreview|4
|showteam|p1|Sinistcha||KasibBerry|Hospitality|MatchaGotcha,LifeDew,RagePowder,Protect|Relaxed|||||50|]Incineroar||SitrusBerry|Intimidate|FlareBlitz,ThroatChop,FakeOut,PartingShot|Impish||F|||50|]Milotic||Leftovers|Competitive|MuddyWater,Coil,Hypnosis,Protect|Calm||M|||50|]Raichu||RaichuniteY|LightningRod|ZapCannon,FocusBlast,FakeOut,Protect|Timid||F|||50|]Floette-Eternal||Floettite|FlowerVeil|DazzlingGleam,DrainingKiss,CalmMind,Protect|Timid||F|||50|]Ceruledge||ColburBerry|FlashFire|BitterBlade,ShadowSneak,BulkUp,Protect|Adamant||M|||50|
|showteam|p2|Mawile||Mawilite|HyperCutter|PlayRough,SuckerPunch,SwordsDance,Protect|Serious||M|||50|]Sneasler||IronBall|PoisonTouch|FakeOut,DireClaw,CloseCombat,RockTomb|Brave||F|||50|]Farigiraf||SitrusBerry|ArmorTail|TrickRoom,Thunderbolt,Psychic,HelpingHand|Relaxed||M|||50|]Ampharos||Ampharosite|Static|Thunderbolt,DragonPulse,Protect,FocusBlast|Brave||F|||50|]Vileplume||FocusSash|Chlorophyll|SleepPowder,SludgeBomb,EnergyBall,AfterYou|Timid||M|||50|]Torkoal||Charcoal|Drought|Eruption,WeatherBall,EarthPower,Protect|Quiet||F|||50|
|inactive|Battle timer is ON: inactive players will automatically lose when time's up. (requested by lolgz)
|inactive|hatcheyapache has 60 seconds left.
|inactive|lolgz has 60 seconds left.
|
|t:|1782429706
|teamsize|p1|4
|teamsize|p2|4
|start
|switch|p1a: Milotic|Milotic, L50, M|100/100
|switch|p1b: Incineroar|Incineroar, L50, F|100/100
|switch|p2a: Farigiraf|Farigiraf, L50, M|100/100
|switch|p2b: Sneasler|Sneasler, L50, F|100/100
|-ability|p1b: Incineroar|Intimidate|boost
|-unboost|p2a: Farigiraf|atk|1
|-unboost|p2b: Sneasler|atk|1
|turn|1
|
|t:|1782429726
|move|p1a: Milotic|Coil|p1a: Milotic
|-boost|p1a: Milotic|atk|1
|-boost|p1a: Milotic|def|1
|-boost|p1a: Milotic|accuracy|1
|move|p1b: Incineroar|Throat Chop|p2a: Farigiraf
|-supereffective|p2a: Farigiraf|1
|-damage|p2a: Farigiraf|55/100
|-start|p2a: Farigiraf|Throat Chop|[silent]
|move|p2b: Sneasler|Close Combat|p1b: Incineroar
|-supereffective|p1b: Incineroar|1
|-damage|p1b: Incineroar|37/100
|-unboost|p2b: Sneasler|def|1
|-unboost|p2b: Sneasler|spd|1
|-status|p1b: Incineroar|psn|[from] ability: Poison Touch|[of] p2b: Sneasler
|-enditem|p1b: Incineroar|Sitrus Berry|[eat]
|-heal|p1b: Incineroar|62/100 psn|[from] item: Sitrus Berry
|move|p2a: Farigiraf|Trick Room|p2a: Farigiraf
|-fieldstart|move: Trick Room|[of] p2a: Farigiraf
|
|-damage|p1b: Incineroar|50/100y psn|[from] psn
|upkeep
|turn|2
|
|t:|1782429748
|move|p2b: Sneasler|Dire Claw|p1a: Milotic
|-damage|p1a: Milotic|83/100
|-status|p1a: Milotic|psn|[from] ability: Poison Touch|[of] p2b: Sneasler
|move|p2a: Farigiraf|Thunderbolt|p1a: Milotic
|-supereffective|p1a: Milotic|1
|-crit|p1a: Milotic
|-damage|p1a: Milotic|39/100 psn
|move|p1b: Incineroar|Parting Shot|p2b: Sneasler
|-unboost|p2b: Sneasler|atk|1
|-unboost|p2b: Sneasler|spa|1
|
|t:|1782429760
|switch|p1b: Ceruledge|Ceruledge, L50, M|100/100|[from] Parting Shot
|move|p1a: Milotic|Hypnosis|p2a: Farigiraf
|-status|p2a: Farigiraf|slp|[from] move: Hypnosis
|
|-heal|p1a: Milotic|45/100 psn|[from] item: Leftovers
|-damage|p1a: Milotic|33/100 psn|[from] psn
|-end|p2a: Farigiraf|Throat Chop|[silent]
|upkeep
|turn|3
|
|t:|1782429774
|switch|p2b: Torkoal|Torkoal, L50, F|100/100
|-weather|SunnyDay|[from] ability: Drought|[of] p2b: Torkoal
|switch|p2a: Ampharos|Ampharos, L50, F|100/100
|move|p1a: Milotic|Hypnosis|p2b: Torkoal
|-status|p2b: Torkoal|slp|[from] move: Hypnosis
|move|p1b: Ceruledge|Bulk Up|p1b: Ceruledge
|-boost|p1b: Ceruledge|atk|1
|-boost|p1b: Ceruledge|def|1
|
|-weather|SunnyDay|[upkeep]
|-heal|p1a: Milotic|39/100 psn|[from] item: Leftovers
|-damage|p1a: Milotic|26/100 psn|[from] psn
|upkeep
|turn|4
|inactive|hatcheyapache has 30 seconds left.
|
|t:|1782429801
|detailschange|p2a: Ampharos|Ampharos-Mega, L50, F
|-mega|p2a: Ampharos|Ampharos|Ampharosite
|-ability|p2a: Ampharos|Mold Breaker
|cant|p2b: Torkoal|slp
|move|p2a: Ampharos|Thunderbolt|p1b: Ceruledge
|-damage|p1b: Ceruledge|48/100
|move|p1a: Milotic|Hypnosis|p2a: Ampharos
|-status|p2a: Ampharos|slp|[from] move: Hypnosis
|move|p1b: Ceruledge|Bulk Up|p1b: Ceruledge
|-boost|p1b: Ceruledge|atk|1
|-boost|p1b: Ceruledge|def|1
|
|-weather|SunnyDay|[upkeep]
|-heal|p1a: Milotic|32/100 psn|[from] item: Leftovers
|-damage|p1a: Milotic|20/100y psn|[from] psn
|upkeep
|turn|5
|l|☆lolgz
|inactive|lolgz disconnected and has a minute to reconnect!
|player|p2|
|inactive|hatcheyapache has 30 seconds left.
|inactive|lolgz has 30 seconds left.
|inactive|lolgz has 20 seconds left.
|inactive|lolgz has 15 seconds left.
|inactive|lolgz has 10 seconds left.
|inactive|hatcheyapache has 20 seconds left.
|inactive|lolgz has 5 seconds left.
|j|☆lolgz
|inactive|lolgz reconnected and has 5 seconds left.
|player|p2|lolgz|dawn|
|inactive|hatcheyapache has 15 seconds left.
|
|t:|1782429861
|-curestatus|p2b: Torkoal|slp|[msg]
|move|p2b: Torkoal|Eruption|p1a: Milotic|[spread] p1a
|-start|p1b: Ceruledge|ability: Flash Fire
|-resisted|p1a: Milotic|1
|-damage|p1a: Milotic|0 fnt
|faint|p1a: Milotic
|cant|p2a: Ampharos|slp
|move|p1b: Ceruledge|Bitter Blade|p2a: Ampharos
|-resisted|p2a: Ampharos|1
|-damage|p2a: Ampharos|5/100 slp
|-heal|p1b: Ceruledge|100/100|[from] drain|[of] p2a: Ampharos
|
|-weather|SunnyDay|[upkeep]
|-fieldend|move: Trick Room
|upkeep
|
|t:|1782429877
|switch|p1a: Raichu|Raichu, L50, F|100/100
|turn|6
|
|t:|1782429890
|switch|p2a: Farigiraf|Farigiraf, L50, M|55/100 slp
|detailschange|p1a: Raichu|Raichu-Mega-Y, L50, F
|-mega|p1a: Raichu|Raichu|Raichunite Y
|move|p1a: Raichu|Zap Cannon|p2b: Torkoal
|-damage|p2b: Torkoal|16/100
|-status|p2b: Torkoal|par
|move|p1b: Ceruledge|Bitter Blade|p2a: Farigiraf
|-damage|p2a: Farigiraf|0 fnt
|faint|p2a: Farigiraf
|move|p2b: Torkoal|Earth Power|p1b: Ceruledge
|-supereffective|p1b: Ceruledge|1
|-damage|p1b: Ceruledge|43/100
|
|-weather|SunnyDay|[upkeep]
|upkeep
|
|t:|1782429898
|switch|p2a: Sneasler|Sneasler, L50, F|100/100
|turn|7
|
|t:|1782429916
|move|p2a: Sneasler|Fake Out|p1a: Raichu
|-damage|p1a: Raichu|75/100
|cant|p1a: Raichu|flinch
|move|p1b: Ceruledge|Bitter Blade|p2a: Sneasler
|-damage|p2a: Sneasler|0 fnt
|-heal|p1b: Ceruledge|95/100|[from] drain|[of] p2a: Sneasler
|faint|p2a: Sneasler
|cant|p2b: Torkoal|par
|
|-weather|none
|upkeep
|-message|lolgz forfeited.
|
|win|hatcheyapache
