|j|☆Chug132
|j|☆Zirconious
|html|Chug132Zirconious    
|uhtml|bestof|Game 3 of a best-of-3
|t:|1783716778
|gametype|doubles
|player|p1|Chug132|1|
|player|p2|Zirconious|ethan|
|gen|9
|tier|[Gen 9 Champions] VGC 2026 Reg M-B (Bo3)
|rule|Species Clause: Limit one of each Pokémon
|rule|Item Clause: Limit 1 of each item
|clearpoke
|poke|p1|Kingambit, L50, F|
|poke|p1|Ninetales-Alola, L50, F|
|poke|p1|Froslass, L50, F|
|poke|p1|Beartic, L50, F|
|poke|p1|Eelektross, L50, F|
|poke|p1|Swampert, L50, M|
|poke|p2|Sneasler, L50, M|
|poke|p2|Volcarona, L50, F|
|poke|p2|Samurott-Hisui, L50, M|
|poke|p2|Aegislash, L50, F|
|poke|p2|Tsareena, L50, F|
|poke|p2|Musharna, L50, M|
|teampreview|4
|showteam|p1|Kingambit||LifeOrb|SupremeOverlord|KowtowCleave,IronHead,Protect,SuckerPunch|Adamant||F|||50|]Ninetales-Alola||LightClay|SnowWarning|AuroraVeil,Moonblast,Blizzard,Protect|Timid||F|||50|]Froslass||Froslassite|SnowCloak|Blizzard,AuroraVeil,ShadowBall,Protect|Timid||F|||50|]Beartic||FocusSash|SlushRush|IcicleCrash,Superpower,SwordsDance,Protect|Adamant||F|||50|]Eelektross||Leftovers|Levitate|Flamethrower,VoltSwitch,AcidSpray,Protect|Modest||F|||50|]Swampert||SitrusBerry|Torrent|Earthquake,Waterfall,IceBeam,Protect|Adamant||M|||50|
|showteam|p2|Sneasler||WhiteHerb|Unburden|FakeOut,DireClaw,Protect,CloseCombat|Jolly||M|||50|]Volcarona||SitrusBerry|FlameBody|QuiverDance,FieryDance,BugBuzz,RagePowder|Timid||F|||50|]Samurott-Hisui||ChoiceScarf|Sharpness|RazorShell,SacredSword,CeaselessEdge,SuckerPunch|Adamant||M|||50|]Aegislash||LifeOrb|StanceChange|IronHead,KingsShield,CloseCombat,ShadowSneak|Adamant||F|||50|]Tsareena||WideLens|QueenlyMajesty|Protect,TripleAxel,LowKick,PowerWhip|Adamant||F|||50|]Musharna||LightClay|Forewarn|Psychic,Moonblast,LightScreen,Reflect|Bold||M|||50|
|
|t:|1783716819
|teamsize|p1|4
|teamsize|p2|4
|start
|switch|p1a: Ninetales|Ninetales-Alola, L50, F|100/100
|switch|p1b: Froslass|Froslass, L50, F|100/100
|switch|p2a: Volcarona|Volcarona, L50, F|100/100
|switch|p2b: Sneasler|Sneasler, L50, M|100/100
|-weather|Snowscape|[from] ability: Snow Warning|[of] p1a: Ninetales
|turn|1
|
|t:|1783716831
|detailschange|p1b: Froslass|Froslass-Mega, L50, F
|-mega|p1b: Froslass|Froslass|Froslassite
|move|p1a: Ninetales|Protect|p1a: Ninetales
|-singleturn|p1a: Ninetales|Protect
|move|p2b: Sneasler|Fake Out|p1a: Ninetales
|-activate|p1a: Ninetales|move: Protect
|move|p1b: Froslass|Aurora Veil|p1b: Froslass
|-sidestart|p1: Chug132|move: Aurora Veil
|move|p2a: Volcarona|Quiver Dance|p2a: Volcarona
|-boost|p2a: Volcarona|spa|1
|-boost|p2a: Volcarona|spd|1
|-boost|p2a: Volcarona|spe|1
|
|-weather|Snowscape|[upkeep]
|upkeep
|turn|2
|
|t:|1783716858
|move|p2a: Volcarona|Rage Powder|p2a: Volcarona
|-singleturn|p2a: Volcarona|move: Rage Powder
|move|p1b: Froslass|Blizzard|p2a: Volcarona|[spread] p2a,p2b
|-resisted|p2a: Volcarona|1
|-damage|p2a: Volcarona|87/100
|-damage|p2b: Sneasler|43/100
|move|p2b: Sneasler|Dire Claw|p1b: Froslass
|-resisted|p1b: Froslass|1
|-damage|p1b: Froslass|84/100
|-status|p1b: Froslass|slp
|move|p1a: Ninetales|Moonblast|p2a: Volcarona
|-resisted|p2a: Volcarona|1
|-damage|p2a: Volcarona|77/100
|
|-weather|Snowscape|[upkeep]
|upkeep
|turn|3
|
|t:|1783716887
|switch|p1b: Swampert|Swampert, L50, M|100/100
|switch|p2b: Aegislash|Aegislash, L50, F|100/100
|move|p2a: Volcarona|Fiery Dance|p1a: Ninetales
|-supereffective|p1a: Ninetales|1
|-damage|p1a: Ninetales|18/100
|move|p1a: Ninetales|Blizzard|p2b: Aegislash|[spread] p2a,p2b
|-resisted|p2a: Volcarona|1
|-resisted|p2b: Aegislash|1
|-damage|p2a: Volcarona|68/100
|-damage|p2b: Aegislash|88/100
|
|-weather|Snowscape|[upkeep]
|upkeep
|turn|4
|
|t:|1783716940
|switch|p2a: Tsareena|Tsareena, L50, F|100/100
|move|p1a: Ninetales|Protect|p1a: Ninetales
|-singleturn|p1a: Ninetales|Protect
|move|p1b: Swampert|Earthquake|p2a: Tsareena|[spread] p2a,p2b
|-activate|p1a: Ninetales|move: Protect
|-resisted|p2a: Tsareena|1
|-supereffective|p2b: Aegislash|1
|-damage|p2a: Tsareena|79/100
|-damage|p2b: Aegislash|33/100
|-formechange|p2b: Aegislash|Aegislash-Blade|
|move|p2b: Aegislash|Iron Head|p1a: Ninetales
|-activate|p1a: Ninetales|move: Protect
|
|-weather|Snowscape|[upkeep]
|upkeep
|turn|5
|
|t:|1783716965
|-formechange|p2b: Aegislash|Aegislash|
|move|p2b: Aegislash|King's Shield|p2b: Aegislash
|-singleturn|p2b: Aegislash|Protect
|move|p1a: Ninetales|Blizzard|p2b: Aegislash|[spread] p2a
|-activate|p2b: Aegislash|move: Protect
|-supereffective|p2a: Tsareena|1
|-damage|p2a: Tsareena|21/100
|move|p1b: Swampert|Earthquake|p2b: Aegislash|[spread] p1a,p2a
|-activate|p2b: Aegislash|move: Protect
|-resisted|p2a: Tsareena|1
|-damage|p1a: Ninetales|0 fnt
|-damage|p2a: Tsareena|3/100
|faint|p1a: Ninetales
|move|p2a: Tsareena|Power Whip|p1b: Swampert
|-supereffective|p1b: Swampert|2
|-damage|p1b: Swampert|0 fnt
|faint|p1b: Swampert
|
|-weather|none
|-sideend|p1: Chug132|move: Aurora Veil
|upkeep
|
|t:|1783716983
|switch|p1a: Kingambit|Kingambit, L50, F|100/100
|switch|p1b: Froslass|Froslass-Mega, L50, F|84/100 slp
|-weather|Snowscape|[from] ability: Snow Warning|[of] p1b: Froslass
|-activate|p1a: Kingambit|ability: Supreme Overlord
|-start|p1a: Kingambit|fallen2|[silent]
|turn|6
|
|t:|1783717002
|move|p1a: Kingambit|Sucker Punch||[still]
|cant|p2a: Tsareena|ability: Queenly Majesty|Sucker Punch|[of] p1a: Kingambit
|cant|p1b: Froslass|slp
|move|p2a: Tsareena|Low Kick|p1a: Kingambit
|-supereffective|p1a: Kingambit|2
|-damage|p1a: Kingambit|1/100
|-formechange|p2b: Aegislash|Aegislash-Blade|
|move|p2b: Aegislash|Close Combat|p1a: Kingambit
|-supereffective|p1a: Kingambit|2
|-damage|p1a: Kingambit|0 fnt
|-unboost|p2b: Aegislash|def|1
|-unboost|p2b: Aegislash|spd|1
|faint|p1a: Kingambit
|-end|p1a: Kingambit|fallen2|[silent]
|-damage|p2b: Aegislash|23/100|[from] item: Life Orb
|
|-weather|Snowscape|[upkeep]
|upkeep
|turn|7
|
|t:|1783717026
|switch|p2a: Volcarona|Volcarona, L50, F|68/100
|cant|p1b: Froslass|slp
|move|p2b: Aegislash|Iron Head|p1b: Froslass
|-supereffective|p1b: Froslass|1
|-damage|p1b: Froslass|0 fnt
|faint|p1b: Froslass
|-damage|p2b: Aegislash|14/100|[from] item: Life Orb
|
|win|Zirconious
