|j|☆Metal Legs Solid
|j|☆TemporalDonut
|html|Metal Legs SolidTemporalDonut    
|uhtml|bestof|Game 2 of a best-of-3
|t:|1784922271
|gametype|doubles
|player|p1|Metal Legs Solid|byron|
|player|p2|TemporalDonut|ingo|
|gen|9
|tier|[Gen 9 Champions] VGC 2026 Reg M-B (Bo3)
|rule|Species Clause: Limit one of each Pokémon
|rule|Item Clause: Limit 1 of each item
|clearpoke
|poke|p1|Gyarados, L50, F|
|poke|p1|Raichu, L50, M|
|poke|p1|Gholdengo, L50|
|poke|p1|Sinistcha, L50|
|poke|p1|Sneasler, L50, F|
|poke|p1|Pelipper, L50, F|
|poke|p2|Chandelure, L50, M|
|poke|p2|Milotic, L50, M|
|poke|p2|Maushold, L50|
|poke|p2|Hydrapple, L50, M|
|poke|p2|Grimmsnarl, L50, M|
|poke|p2|Staraptor, L50, F|
|teampreview|4
|showteam|p1|Gyarados||Gyaradosite|Intimidate|Waterfall,Crunch,DragonDance,Protect|Adamant||F|||50|]Raichu||RaichuniteY|LightningRod|FakeOut,ZapCannon,FocusBlast,Protect|Timid||M|||50|]Gholdengo||Leftovers|GoodasGold|MakeItRain,ShadowBall,NastyPlot,Protect|Modest|||||50|]Sinistcha||ColburBerry|Hospitality|MatchaGotcha,LifeDew,RagePowder,TrickRoom|Sassy|||||50|]Sneasler||FocusSash|Unburden|FakeOut,CloseCombat,DireClaw,Coaching|Jolly||F|||50|]Pelipper||SitrusBerry|Drizzle|WeatherBall,Tailwind,Hurricane,WideGuard|Modest||F|||50|
|showteam|p2|Chandelure||Chandelurite|FlashFire|CalmMind,HeatWave,ShadowBall,Protect|Bold||M|||50|]Milotic||ZoomLens|Competitive|MuddyWater,Coil,Hypnosis,LifeDew|Relaxed||M|||50|]Maushold||SitrusBerry|FriendGuard|SuperFang,Charm,FollowMe,Protect|Jolly|||||50|]Hydrapple||Leftovers|SupersweetSyrup|FickleBeam,PollenPuff,Yawn,Protect|Calm||M|||50|]Grimmsnarl||LightClay|Prankster|SpiritBreak,Reflect,LightScreen,PartingShot|Relaxed||M|||50|]Staraptor||Staraptite|Intimidate|CloseCombat,BraveBird,Roost,Protect|Adamant||F|||50|
|j| sap sipper farig
|j| tung cubed
|inactive|Battle timer is ON: inactive players will automatically lose when time's up. (requested by TemporalDonut)
|
|t:|1784922320
|teamsize|p1|4
|teamsize|p2|4
|start
|switch|p1a: Gholdengo|Gholdengo, L50|100/100
|switch|p1b: Raichu|Raichu, L50, M|100/100
|switch|p2a: Grimmsnarl|Grimmsnarl, L50, M|100/100
|switch|p2b: Hydrapple|Hydrapple, L50, M|100/100
|-ability|p2b: Hydrapple|Supersweet Syrup
|-unboost|p1a: Gholdengo|evasion|1
|-unboost|p1b: Raichu|evasion|1
|turn|1
|
|t:|1784922343
|detailschange|p1b: Raichu|Raichu-Mega-Y, L50, M
|-mega|p1b: Raichu|Raichu|Raichunite Y
|move|p2b: Hydrapple|Protect|p2b: Hydrapple
|-singleturn|p2b: Hydrapple|Protect
|move|p1b: Raichu|Fake Out|p2a: Grimmsnarl
|-damage|p2a: Grimmsnarl|93/100
|cant|p2a: Grimmsnarl|flinch
|move|p1a: Gholdengo|Nasty Plot|p1a: Gholdengo
|-boost|p1a: Gholdengo|spa|2
|
|upkeep
|turn|2
|l| tung cubed
|inactive|Metal Legs Solid has 30 seconds left.
|
|t:|1784922378
|switch|p1b: Sneasler|Sneasler, L50, F|100/100
|move|p2a: Grimmsnarl|Light Screen|p2a: Grimmsnarl
|-sidestart|p2: TemporalDonut|move: Light Screen
|move|p1a: Gholdengo|Shadow Ball|p2b: Hydrapple
|-damage|p2b: Hydrapple|60/100
|move|p2b: Hydrapple|Yawn|p1b: Sneasler
|-start|p1b: Sneasler|move: Yawn|[of] p2b: Hydrapple
|
|-heal|p2b: Hydrapple|66/100|[from] item: Leftovers
|upkeep
|turn|3
|j| tung cubed
|
|t:|1784922397
|switch|p1b: Pelipper|Pelipper, L50, F|100/100
|-weather|RainDance|[from] ability: Drizzle|[of] p1b: Pelipper
|move|p2a: Grimmsnarl|Parting Shot|p1b: Pelipper
|-unboost|p1b: Pelipper|atk|1
|-unboost|p1b: Pelipper|spa|1
|
|t:|1784922404
|switch|p2a: Milotic|Milotic, L50, M|100/100|[from] Parting Shot
|move|p1a: Gholdengo|Nasty Plot|p1a: Gholdengo
|-boost|p1a: Gholdengo|spa|2
|move|p2b: Hydrapple|Fickle Beam|p1a: Gholdengo|[anim] Fickle Beam All Out
|-activate|p2b: Hydrapple|move: Fickle Beam
|-resisted|p1a: Gholdengo|1
|-damage|p1a: Gholdengo|70/100
|
|-weather|RainDance|[upkeep]
|-heal|p1a: Gholdengo|75/100|[from] item: Leftovers
|-heal|p2b: Hydrapple|73/100|[from] item: Leftovers
|upkeep
|turn|4
|
|t:|1784922422
|move|p1a: Gholdengo|Protect|p1a: Gholdengo
|-singleturn|p1a: Gholdengo|Protect
|move|p1b: Pelipper|Tailwind|p1b: Pelipper
|-sidestart|p1: Metal Legs Solid|move: Tailwind
|move|p2a: Milotic|Muddy Water|p1b: Pelipper|[spread] p1b
|-activate|p1a: Gholdengo|move: Protect
|-resisted|p1b: Pelipper|1
|-damage|p1b: Pelipper|76/100
|-unboost|p1b: Pelipper|accuracy|1
|move|p2b: Hydrapple|Fickle Beam|p1a: Gholdengo
|-activate|p1a: Gholdengo|move: Protect
|
|-weather|RainDance|[upkeep]
|-heal|p1a: Gholdengo|81/100|[from] item: Leftovers
|-heal|p2b: Hydrapple|79/100|[from] item: Leftovers
|upkeep
|turn|5
|l| tung cubed
|j| gentlemangarby
|
|t:|1784922442
|move|p1a: Gholdengo|Shadow Ball|p2a: Milotic
|-damage|p2a: Milotic|33/100
|move|p1b: Pelipper|Hurricane|p2a: Milotic
|-damage|p2a: Milotic|19/100
|-start|p2a: Milotic|confusion
|-activate|p2a: Milotic|confusion
|-damage|p2a: Milotic|14/100|[from] confusion
|move|p2b: Hydrapple|Fickle Beam|p1a: Gholdengo|[anim] Fickle Beam All Out
|-activate|p2b: Hydrapple|move: Fickle Beam
|-resisted|p1a: Gholdengo|1
|-damage|p1a: Gholdengo|51/100
|
|-weather|RainDance|[upkeep]
|-heal|p1a: Gholdengo|57/100|[from] item: Leftovers
|-heal|p2b: Hydrapple|85/100|[from] item: Leftovers
|upkeep
|turn|6
|c|☆TemporalDonut|man
|c|☆Metal Legs Solid|oh my god
|
|t:|1784922465
|switch|p1b: Raichu|Raichu-Mega-Y, L50, M|100/100
|move|p1a: Gholdengo|Shadow Ball|p2a: Milotic
|-damage|p2a: Milotic|0 fnt
|faint|p2a: Milotic
|move|p2b: Hydrapple|Fickle Beam|p1a: Gholdengo
|-resisted|p1a: Gholdengo|1
|-damage|p1a: Gholdengo|40/100
|
|-weather|RainDance|[upkeep]
|-heal|p1a: Gholdengo|46/100|[from] item: Leftovers
|-heal|p2b: Hydrapple|91/100|[from] item: Leftovers
|upkeep
|c|☆TemporalDonut|maybe I'm not cut out for this lmao
|j| tung cubed
|
|t:|1784922478
|switch|p2a: Chandelure|Chandelure, L50, M|100/100
|turn|7
|inactive|TemporalDonut has 30 seconds left.
|
|t:|1784922512
|detailschange|p2a: Chandelure|Chandelure-Mega, L50, M
|-mega|p2a: Chandelure|Chandelure|Chandelurite
|move|p1b: Raichu|Fake Out|p2b: Hydrapple
|-damage|p2b: Hydrapple|85/100
|move|p1a: Gholdengo|Shadow Ball|p2a: Chandelure
|-supereffective|p2a: Chandelure|1
|-damage|p2a: Chandelure|0 fnt
|faint|p2a: Chandelure
|cant|p2b: Hydrapple|flinch
|
|-weather|none
|-heal|p1a: Gholdengo|51/100|[from] item: Leftovers
|-heal|p2b: Hydrapple|91/100|[from] item: Leftovers
|-sideend|p1: Metal Legs Solid|move: Tailwind
|upkeep
|j| Sloth diesel
|c|☆TemporalDonut|ggs
|-message|TemporalDonut forfeited.
|
|win|Metal Legs Solid
|c|☆Metal Legs Solid|gg
|c|☆Metal Legs Solid|you did great honestly
|l| Sloth diesel
|c|☆Metal Legs Solid|i just noticed you had no answer for gholdengo
|l| tung cubed
|c|☆Metal Legs Solid|besides chandelure
|l| sap sipper farig
|l| gentlemangarby
|l|☆TemporalDonut
|player|p2|
