|j|☆Dougtrio is bad
|j|☆ShackWoods
|html|Dougtrio is badShackWoods    
|uhtml|bestof|Game 2 of a best-of-3
|t:|1756498921
|gametype|doubles
|player|p1|Dougtrio is bad|1|1214
|player|p2|ShackWoods|korrina|1244
|gen|9
|tier|[Gen 9] VGC 2025 Reg H (Bo3)
|rated|
|rule|Species Clause: Limit one of each Pokémon
|rule|Item Clause: Limit 1 of each item
|clearpoke
|poke|p1|Archaludon, L50, F|
|poke|p1|Pelipper, L50, F|
|poke|p1|Ursaluna-Bloodmoon, L50, M|
|poke|p1|Basculegion, L50, M|
|poke|p1|Dragapult, L50, F|
|poke|p1|Whimsicott, L50, F|
|poke|p2|Lilligant-Hisui, L50, F|
|poke|p2|Armarouge, L50, M|
|poke|p2|Indeedee-F, L50, F|
|poke|p2|Torkoal, L50, F|
|poke|p2|Ursaluna, L50, M|
|poke|p2|Hatterene, L50, F|
|teampreview|4
|showteam|p1|Archaludon||AssaultVest|Stamina|ElectroShot,FlashCannon,BodyPress,DragonPulse|||F|||50|,,,,,Grass]Pelipper||SitrusBerry|Drizzle|Tailwind,WeatherBall,Hurricane,WideGuard|||F|||50|,,,,,Ghost]Ursaluna-Bloodmoon||LifeOrb|MindsEye|BloodMoon,HyperVoice,EarthPower,Protect|||M|||50|,,,,,Normal]Basculegion||SafetyGoggles|SwiftSwim|WaveCrash,AquaJet,LastRespects,Protect|||M|||50|,,,,,Water]Dragapult||FocusSash|ClearBody|DragonDarts,TeraBlast,PhantomForce,Protect|||F|||50|,,,,,Ground]Whimsicott||CovertCloak|Prankster|Tailwind,Encore,Moonblast,FakeTears|||F|||50|,,,,,Dark
|showteam|p2|Lilligant-Hisui||FocusSash|Chlorophyll|SolarBlade,CloseCombat,TripleAxel,AfterYou|||F|||50|,,,,,Ghost]Armarouge||PsychicSeed|FlashFire|ExpandingForce,ArmorCannon,WideGuard,TrickRoom|||M|||50|,,,,,Grass]Indeedee-F||RockyHelmet|PsychicSurge|AlluringVoice,HelpingHand,FollowMe,TrickRoom|||F|||50|,,,,,Grass]Torkoal||Charcoal|Drought|Eruption,WeatherBall,ClearSmog,Protect|||F|||50|,,,,,Fire]Ursaluna||FlameOrb|Guts|Facade,HeadlongRush,Substitute,Protect|||M|||50|,,,,,Ghost]Hatterene||LifeOrb|MagicBounce|ExpandingForce,DazzlingGleam,MysticalFire,TrickRoom|||F|||50|,,,,,Fire
|c|☆ShackWoods|gl hf
|c|☆Dougtrio is bad|Gl hf
|inactive|Battle timer is ON: inactive players will automatically lose when time's up. (requested by Dougtrio is bad)
|
|t:|1756499005
|teamsize|p1|4
|teamsize|p2|4
|start
|switch|p1a: Pelipper|Pelipper, L50, F|100/100
|switch|p1b: Ursaluna|Ursaluna-Bloodmoon, L50, M|100/100
|switch|p2a: Armarouge|Armarouge, L50, M|100/100
|switch|p2b: Indeedee|Indeedee-F, L50, F|100/100
|-weather|RainDance|[from] ability: Drizzle|[of] p1a: Pelipper
|-fieldstart|move: Psychic Terrain|[from] ability: Psychic Surge|[of] p2b: Indeedee
|-enditem|p2a: Armarouge|Psychic Seed
|-boost|p2a: Armarouge|spd|1|[from] item: Psychic Seed
|turn|1
|inactive|Dougtrio is bad has 30 seconds left.
|
|t:|1756499038
|-terastallize|p1b: Ursaluna|Normal
|move|p2b: Indeedee|Follow Me|p2b: Indeedee
|-singleturn|p2b: Indeedee|move: Follow Me
|move|p1b: Ursaluna|Blood Moon|p2b: Indeedee
|-damage|p2b: Indeedee|0 fnt
|faint|p2b: Indeedee
|-damage|p1b: Ursaluna|91/100|[from] item: Life Orb
|move|p1a: Pelipper|Hurricane|p2a: Armarouge
|-damage|p2a: Armarouge|64/100
|-start|p2a: Armarouge|confusion
|-activate|p2a: Armarouge|confusion
|move|p2a: Armarouge|Trick Room|p2a: Armarouge
|-fieldstart|move: Trick Room|[of] p2a: Armarouge
|
|-weather|RainDance|[upkeep]
|upkeep
|
|t:|1756499054
|switch|p2b: Torkoal|Torkoal, L50, F|100/100
|-weather|SunnyDay|[from] ability: Drought|[of] p2b: Torkoal
|turn|2
|
|t:|1756499070
|move|p1a: Pelipper|Wide Guard|p1a: Pelipper
|-singleturn|p1a: Pelipper|Wide Guard
|move|p2b: Torkoal|Weather Ball|p1a: Pelipper
|-resisted|p1a: Pelipper
|-crit|p1a: Pelipper
|-damage|p1a: Pelipper|16/100
|-enditem|p1a: Pelipper|Sitrus Berry|[eat]
|-heal|p1a: Pelipper|41/100|[from] item: Sitrus Berry
|-activate|p2a: Armarouge|confusion
|-damage|p2a: Armarouge|59/100|[from] confusion
|move|p1b: Ursaluna|Hyper Voice|p2b: Torkoal|[spread] p2a,p2b
|-damage|p2a: Armarouge|8/100
|-damage|p2b: Torkoal|3/100
|-damage|p1b: Ursaluna|81/100|[from] item: Life Orb
|
|-weather|SunnyDay|[upkeep]
|upkeep
|turn|3
|inactive|Dougtrio is bad has 30 seconds left.
|inactive|ShackWoods has 30 seconds left.
|
|t:|1756499099
|switch|p1a: Dragapult|Dragapult, L50, F|100/100
|move|p1b: Ursaluna|Protect|p1b: Ursaluna
|-singleturn|p1b: Ursaluna|Protect
|move|p2b: Torkoal|Weather Ball|p1b: Ursaluna
|-activate|p1b: Ursaluna|move: Protect
|-end|p2a: Armarouge|confusion
|move|p2a: Armarouge|Expanding Force|p1b: Ursaluna|[spread] p1a
|-activate|p1b: Ursaluna|move: Protect
|-damage|p1a: Dragapult|13/100
|
|-weather|SunnyDay|[upkeep]
|upkeep
|turn|4
|
|t:|1756499122
|switch|p2b: Ursaluna|Ursaluna, L50, M|100/100
|switch|p1b: Pelipper|Pelipper, L50, F|41/100
|-weather|RainDance|[from] ability: Drizzle|[of] p1b: Pelipper
|move|p2a: Armarouge|Expanding Force|p1b: Pelipper|[spread] p1a,p1b
|-damage|p1a: Dragapult|0 fnt
|-damage|p1b: Pelipper|0 fnt
|faint|p1a: Dragapult
|faint|p1b: Pelipper
|
|-weather|RainDance|[upkeep]
|-status|p2b: Ursaluna|brn|[from] item: Flame Orb
|upkeep
|
|t:|1756499128
|switch|p1b: Archaludon|Archaludon, L50, F|100/100
|switch|p1a: Ursaluna|Ursaluna-Bloodmoon, L50, M, tera:Normal|81/100
|turn|5
|inactive|ShackWoods has 30 seconds left.
|
|t:|1756499153
|switch|p2b: Torkoal|Torkoal, L50, F|3/100
|-weather|SunnyDay|[from] ability: Drought|[of] p2b: Torkoal
|move|p1a: Ursaluna|Protect|p1a: Ursaluna
|-singleturn|p1a: Ursaluna|Protect
|move|p2a: Armarouge|Armor Cannon|p1b: Archaludon
|-damage|p1b: Archaludon|17/100
|-unboost|p2a: Armarouge|def|1
|-unboost|p2a: Armarouge|spd|1
|-ability|p1b: Archaludon|Stamina|boost
|-boost|p1b: Archaludon|def|1
|move|p1b: Archaludon|Dragon Pulse|p2a: Armarouge
|-damage|p2a: Armarouge|0 fnt
|faint|p2a: Armarouge
|
|-weather|SunnyDay|[upkeep]
|-fieldend|move: Trick Room
|-fieldend|move: Psychic Terrain
|upkeep
|
|t:|1756499168
|switch|p2a: Ursaluna|Ursaluna, L50, M|100/100 brn
|turn|6
|inactive|ShackWoods has 30 seconds left.
|inactive|ShackWoods has 20 seconds left.
|
|t:|1756499203
|move|p2a: Ursaluna|Protect|p2a: Ursaluna
|-singleturn|p2a: Ursaluna|Protect
|move|p1b: Archaludon|Dragon Pulse|p2a: Ursaluna
|-activate|p2a: Ursaluna|move: Protect
|move|p1a: Ursaluna|Hyper Voice|p2a: Ursaluna|[spread] p2b
|-activate|p2a: Ursaluna|move: Protect
|-damage|p2b: Torkoal|0 fnt
|faint|p2b: Torkoal
|-damage|p1a: Ursaluna|72/100|[from] item: Life Orb
|
|-weather|SunnyDay|[upkeep]
|-damage|p2a: Ursaluna|95/100 brn|[from] brn
|upkeep
|turn|7
|
|t:|1756499218
|-terastallize|p2a: Ursaluna|Ghost
|move|p1b: Archaludon|Dragon Pulse|p2a: Ursaluna
|-damage|p2a: Ursaluna|53/100 brn
|move|p1a: Ursaluna|Blood Moon|p2a: Ursaluna
|-damage|p2a: Ursaluna|0 fnt
|faint|p2a: Ursaluna
|-damage|p1a: Ursaluna|62/100|[from] item: Life Orb
|
|win|Dougtrio is bad
|raw|Dougtrio is bad's rating: 1214 → 1241(+27 for winning)
|raw|ShackWoods's rating: 1244 → 1217(-27 for losing)
|c|☆ShackWoods|gg
|c|☆Dougtrio is bad|Gg wp!
|l|☆Dougtrio is bad
|player|p1|
