|j|☆jchof
|j|☆rafa0145
|html|jchofrafa0145    
|uhtml|bestof|Game 3 of a best-of-3
|t:|1783938522
|gametype|doubles
|player|p1|jchof|101|1178
|player|p2|rafa0145|170|1179
|gen|9
|tier|[Gen 9 Champions] VGC 2026 Reg M-B (Bo3)
|rated|
|rule|Species Clause: Limit one of each Pokémon
|rule|Item Clause: Limit 1 of each item
|clearpoke
|poke|p1|Staraptor, L50, F|
|poke|p1|Vileplume, L50, F|
|poke|p1|Feraligatr, L50, M|
|poke|p1|Sceptile, L50, M|
|poke|p1|Gholdengo, L50|
|poke|p1|Houndoom, L50, F|
|poke|p2|Charizard, L50, F|
|poke|p2|Kingambit, L50, F|
|poke|p2|Sylveon, L50, F|
|poke|p2|Garchomp, L50, M|
|poke|p2|Aerodactyl, L50, F|
|poke|p2|Farigiraf, L50, F|
|teampreview|4
|showteam|p1|Staraptor||Staraptite|Intimidate|BraveBird,CloseCombat,Protect,Roost|Jolly||F|||50|]Vileplume||BigRoot|EffectSpore|SludgeBomb,GigaDrain,StrengthSap,LeechSeed|Relaxed||F|||50|]Feraligatr||LifeOrb|SheerForce|Liquidation,RockSlide,AquaJet,IcePunch|Adamant||M|||50|]Sceptile||WhiteHerb|Unburden|LeafStorm,RockTomb,QuickGuard,EarthPower|Timid||M|||50|]Gholdengo||SitrusBerry|GoodasGold|MakeItRain,NastyPlot,Protect,ShadowBall|Modest|||||50|]Houndoom||FocusSash|FlashFire|SuckerPunch,HeatWave,Protect,Snarl|Hasty||F|||50|
|showteam|p2|Charizard||CharizarditeY|SolarPower|Protect,HeatWave,SolarBeam,WeatherBall|Modest||F|||50|]Kingambit||FocusSash|Defiant|IronHead,SuckerPunch,KowtowCleave,LowKick|Adamant||F|||50|]Sylveon||FairyFeather|Pixilate|Detect,HyperVoice,HyperBeam,QuickAttack|Modest||F|||50|]Garchomp||LifeOrb|RoughSkin|Protect,DragonClaw,Earthquake,RockSlide|Jolly||M|||50|]Aerodactyl||Aerodactylite|Unnerve|IceFang,RockSlide,Tailwind,DualWingbeat|Jolly||F|||50|]Farigiraf||SitrusBerry|ArmorTail|TrickRoom,Psychic,Thunderbolt,Roar|Bold||F|||50|
|
|t:|1783938569
|teamsize|p1|4
|teamsize|p2|4
|start
|switch|p1a: Staraptor|Staraptor, L50, F|100/100
|switch|p1b: Houndoom|Houndoom, L50, F|100/100
|switch|p2a: Charizard|Charizard, L50, F|100/100
|switch|p2b: Aerodactyl|Aerodactyl, L50, F|100/100
|-ability|p2b: Aerodactyl|Unnerve
|-ability|p1a: Staraptor|Intimidate|boost
|-unboost|p2a: Charizard|atk|1
|-unboost|p2b: Aerodactyl|atk|1
|turn|1
|
|t:|1783938590
|detailschange|p1a: Staraptor|Staraptor-Mega, L50, F
|-mega|p1a: Staraptor|Staraptor|Staraptite
|detailschange|p2a: Charizard|Charizard-Mega-Y, L50, F
|-mega|p2a: Charizard|Charizard|Charizardite Y
|-weather|SunnyDay|[from] ability: Drought|[of] p2a: Charizard
|move|p2b: Aerodactyl|Tailwind|p2b: Aerodactyl
|-sidestart|p2: rafa0145|move: Tailwind
|move|p2a: Charizard|Weather Ball|p1a: Staraptor
|-damage|p1a: Staraptor|9/100
|move|p1a: Staraptor|Close Combat|p2b: Aerodactyl
|-damage|p2b: Aerodactyl|30/100
|-boost|p1a: Staraptor|def|1
|-boost|p1a: Staraptor|spd|1
|move|p1b: Houndoom|Snarl|p2a: Charizard|[spread] p2a,p2b
|-crit|p2a: Charizard
|-damage|p2a: Charizard|76/100
|-damage|p2b: Aerodactyl|5/100
|-unboost|p2a: Charizard|spa|1
|-unboost|p2b: Aerodactyl|spa|1
|
|-weather|SunnyDay|[upkeep]
|upkeep
|turn|2
|
|t:|1783938618
|move|p2a: Charizard|Protect|p2a: Charizard
|-singleturn|p2a: Charizard|Protect
|move|p1a: Staraptor|Protect|p1a: Staraptor
|-singleturn|p1a: Staraptor|Protect
|move|p2b: Aerodactyl|Rock Slide|p1b: Houndoom|[spread] p1b
|-activate|p1a: Staraptor|move: Protect
|-supereffective|p1b: Houndoom|1
|-damage|p1b: Houndoom|32/100
|move|p1b: Houndoom|Snarl|p2b: Aerodactyl|[spread] p2b
|-activate|p2a: Charizard|move: Protect
|-damage|p2b: Aerodactyl|0 fnt
|faint|p2b: Aerodactyl
|
|-weather|SunnyDay|[upkeep]
|upkeep
|
|t:|1783938634
|switch|p2b: Garchomp|Garchomp, L50, M|100/100
|turn|3
|
|t:|1783938639
|move|p2b: Garchomp|Earthquake|p1b: Houndoom|[spread] p1b
|-immune|p2a: Charizard
|-immune|p1a: Staraptor
|-supereffective|p1b: Houndoom|1
|-damage|p1b: Houndoom|0 fnt
|faint|p1b: Houndoom
|-damage|p2b: Garchomp|90/100|[from] item: Life Orb
|move|p2a: Charizard|Weather Ball|p1a: Staraptor
|-damage|p1a: Staraptor|0 fnt
|faint|p1a: Staraptor
|
|-weather|SunnyDay|[upkeep]
|upkeep
|
|t:|1783938645
|switch|p1a: Feraligatr|Feraligatr, L50, M|100/100
|switch|p1b: Gholdengo|Gholdengo, L50|100/100
|turn|4
|
|t:|1783938657
|move|p1b: Gholdengo|Protect|p1b: Gholdengo
|-singleturn|p1b: Gholdengo|Protect
|move|p2b: Garchomp|Earthquake|p1b: Gholdengo|[spread] p1a
|-activate|p1b: Gholdengo|move: Protect
|-immune|p2a: Charizard
|-damage|p1a: Feraligatr|54/100
|-damage|p2b: Garchomp|80/100|[from] item: Life Orb
|move|p2a: Charizard|Solar Beam||[still]
|-prepare|p2a: Charizard|Solar Beam
|-anim|p2a: Charizard|Solar Beam|p1a: Feraligatr
|-supereffective|p1a: Feraligatr|1
|-damage|p1a: Feraligatr|1/100
|move|p1a: Feraligatr|Ice Punch|p2b: Garchomp
|-supereffective|p2b: Garchomp|2
|-damage|p2b: Garchomp|0 fnt
|-damage|p1a: Feraligatr|0 fnt|[from] ability: Rough Skin|[of] p2b: Garchomp
|faint|p2b: Garchomp
|faint|p1a: Feraligatr
|
|-weather|SunnyDay|[upkeep]
|-sideend|p2: rafa0145|move: Tailwind
|upkeep
|
|t:|1783938673
|switch|p2b: Kingambit|Kingambit, L50, F|100/100
|turn|5
|
|t:|1783938678
|move|p2a: Charizard|Weather Ball|p1b: Gholdengo
|-supereffective|p1b: Gholdengo|1
|-damage|p1b: Gholdengo|0 fnt
|faint|p1b: Gholdengo
|
|win|rafa0145
|raw|jchof's rating: 1178 → 1153(-25 for losing)
|raw|rafa0145's rating: 1179 → 1204(+25 for winning)
