|j|☆powerthepower
|j|☆dust_less
|html|powerthepowerdust_less    
|uhtml|bestof|Game 2 of a best-of-3
|t:|1782310981
|gametype|doubles
|player|p1|powerthepower|2|
|player|p2|dust_less|elio|
|gen|9
|tier|[Gen 9 Champions] VGC 2026 Reg M-B (Bo3)
|rule|Species Clause: Limit one of each Pokémon
|rule|Item Clause: Limit 1 of each item
|clearpoke
|poke|p1|Drampa, L50, M|
|poke|p1|Grimmsnarl, L50, M|
|poke|p1|Aegislash, L50, F, shiny|
|poke|p1|Kingambit, L50, F|
|poke|p1|Rotom-Wash, L50|
|poke|p1|Aerodactyl, L50, F|
|poke|p2|Meganium, L50, F|
|poke|p2|Pelipper, L50, M|
|poke|p2|Archaludon, L50, F|
|poke|p2|Grimmsnarl, L50, M|
|poke|p2|Basculegion, L50, M|
|poke|p2|Swampert, L50, F|
|teampreview|4
|showteam|p1|Drampa||Drampanite|CloudNine|HyperVoice,CalmMind,DragonPulse,Protect|Modest||M|||50|]Grimmsnarl||LightClay|Prankster|Swagger,LightScreen,Reflect,PartingShot|Careful||M|||50|]Aegislash||Leftovers|StanceChange|ShadowBall,FlashCannon,WideGuard,KingsShield|Modest||F|||50|]Kingambit||BlackGlasses|Defiant|KowtowCleave,SuckerPunch,SwordsDance,Protect|Adamant||F|||50|]Rotom-Wash||ChoiceScarf|Levitate|WillOWisp,HydroPump,Thunderbolt,Electroweb|Timid|||||50|]Aerodactyl||Aerodactylite|Unnerve|RockSlide,Tailwind,DualWingbeat,Protect|Jolly||F|||50|
|showteam|p2|Meganium||Meganiumite|Overgrow|SolarBeam,DazzlingGleam,EarthPower,WeatherBall|Modest||F|||50|]Pelipper||SitrusBerry|Drizzle|Uturn,IcyWind,Hurricane,WeatherBall|Modest||M|||50|]Archaludon||Leftovers|Stamina|DracoMeteor,ElectroShot,FlashCannon,Protect|Modest||F|||50|]Grimmsnarl||LightClay|Prankster|Reflect,LightScreen,PartingShot,SpiritBreak|Careful||M|||50|]Basculegion||ChoiceScarf|Adaptability|FlipTurn,LastRespects,WaveCrash,PsychicFangs|Jolly||M|||50|]Swampert||Swampertite|Damp|FlipTurn,Earthquake,WaveCrash,IcePunch|Adamant||F|||50|
|inactive|Battle timer is ON: inactive players will automatically lose when time's up. (requested by dust_less)
|
|t:|1782311007
|teamsize|p1|4
|teamsize|p2|4
|start
|switch|p1a: Aegislash|Aegislash, L50, F, shiny|100/100
|switch|p1b: Aerodactyl|Aerodactyl, L50, F|100/100
|switch|p2a: Grimmsnarl|Grimmsnarl, L50, M|100/100
|switch|p2b: Basculegion|Basculegion, L50, M|100/100
|-ability|p1b: Aerodactyl|Unnerve
|turn|1
|
|t:|1782311019
|detailschange|p1b: Aerodactyl|Aerodactyl-Mega, L50, F
|-mega|p1b: Aerodactyl|Aerodactyl|Aerodactylite
|move|p2a: Grimmsnarl|Reflect|p2a: Grimmsnarl
|-sidestart|p2: dust_less|Reflect
|move|p1b: Aerodactyl|Tailwind|p1b: Aerodactyl
|-sidestart|p1: powerthepower|move: Tailwind
|move|p2b: Basculegion|Flip Turn|p1b: Aerodactyl
|-supereffective|p1b: Aerodactyl|1
|-damage|p1b: Aerodactyl|0 fnt
|faint|p1b: Aerodactyl
|
|t:|1782311028
|switch|p2b: Pelipper|Pelipper, L50, M|100/100|[from] Flip Turn
|-weather|RainDance|[from] ability: Drizzle|[of] p2b: Pelipper
|-formechange|p1a: Aegislash|Aegislash-Blade|
|move|p1a: Aegislash|Shadow Ball|p2b: Pelipper
|-damage|p2b: Pelipper|36/100
|-enditem|p2b: Pelipper|Sitrus Berry|[eat]
|-heal|p2b: Pelipper|61/100|[from] item: Sitrus Berry
|
|-weather|RainDance|[upkeep]
|upkeep
|
|t:|1782311041
|switch|p1b: Grimmsnarl|Grimmsnarl, L50, M|100/100
|turn|2
|
|t:|1782311058
|-formechange|p1a: Aegislash|Aegislash|
|move|p1a: Aegislash|King's Shield|p1a: Aegislash
|-singleturn|p1a: Aegislash|Protect
|move|p1b: Grimmsnarl|Parting Shot|p2b: Pelipper
|-unboost|p2b: Pelipper|atk|1
|-unboost|p2b: Pelipper|spa|1
|
|t:|1782311062
|switch|p1b: Kingambit|Kingambit, L50, F|100/100|[from] Parting Shot
|move|p2a: Grimmsnarl|Light Screen|p2a: Grimmsnarl
|-sidestart|p2: dust_less|move: Light Screen
|move|p2b: Pelipper|Weather Ball|p1a: Aegislash
|-activate|p1a: Aegislash|move: Protect
|
|-weather|RainDance|[upkeep]
|upkeep
|turn|3
|
|t:|1782311078
|move|p2a: Grimmsnarl|Parting Shot|p1a: Aegislash
|-unboost|p1a: Aegislash|atk|1
|-unboost|p1a: Aegislash|spa|1
|
|t:|1782311083
|switch|p2a: Swampert|Swampert, L50, F|100/100|[from] Parting Shot
|-formechange|p1a: Aegislash|Aegislash-Blade|
|move|p1a: Aegislash|Flash Cannon|p2a: Swampert
|-resisted|p2a: Swampert|1
|-damage|p2a: Swampert|87/100
|move|p1b: Kingambit|Swords Dance|p1b: Kingambit
|-boost|p1b: Kingambit|atk|2
|move|p2b: Pelipper|U-turn|p1b: Kingambit
|-damage|p1b: Kingambit|95/100
|
|t:|1782311091
|switch|p2b: Basculegion|Basculegion, L50, M|100/100|[from] U-turn
|
|-weather|RainDance|[upkeep]
|upkeep
|turn|4
|
|t:|1782311101
|switch|p2b: Pelipper|Pelipper, L50, M|61/100
|detailschange|p2a: Swampert|Swampert-Mega, L50, F
|-mega|p2a: Swampert|Swampert|Swampertite
|move|p1a: Aegislash|Wide Guard|p1a: Aegislash
|-singleturn|p1a: Aegislash|Wide Guard
|move|p1b: Kingambit|Sucker Punch||[still]
|-fail|p1b: Kingambit
|move|p2a: Swampert|Earthquake|p1b: Kingambit|[spread] 
|-activate|p1a: Aegislash|move: Wide Guard
|-activate|p1b: Kingambit|move: Wide Guard
|-immune|p2b: Pelipper
|
|-weather|RainDance|[upkeep]
|-sideend|p1: powerthepower|move: Tailwind
|upkeep
|turn|5
|inactive|powerthepower has 30 seconds left.
|
|t:|1782311128
|switch|p2b: Grimmsnarl|Grimmsnarl, L50, M|100/100
|move|p1b: Kingambit|Protect|p1b: Kingambit
|-singleturn|p1b: Kingambit|Protect
|move|p2a: Swampert|Wave Crash|p1b: Kingambit
|-activate|p1b: Kingambit|move: Protect
|move|p1a: Aegislash|Shadow Ball|p2a: Swampert
|-damage|p2a: Swampert|67/100
|-unboost|p2a: Swampert|spd|1
|
|-weather|none
|upkeep
|turn|6
|inactive|powerthepower has 30 seconds left.
|inactive|powerthepower has 20 seconds left.
|
|t:|1782311165
|move|p1a: Aegislash|Wide Guard|p1a: Aegislash
|-singleturn|p1a: Aegislash|Wide Guard
|move|p2b: Grimmsnarl|Parting Shot|p1a: Aegislash
|-unboost|p1a: Aegislash|atk|1
|-unboost|p1a: Aegislash|spa|1
|
|t:|1782311170
|switch|p2b: Pelipper|Pelipper, L50, M|61/100|[from] Parting Shot
|-weather|RainDance|[from] ability: Drizzle|[of] p2b: Pelipper
|move|p1b: Kingambit|Sucker Punch|p2a: Swampert
|-damage|p2a: Swampert|7/100
|move|p2a: Swampert|Earthquake|p1a: Aegislash|[spread] 
|-activate|p1a: Aegislash|move: Wide Guard
|-activate|p1b: Kingambit|move: Wide Guard
|-immune|p2b: Pelipper
|
|-weather|RainDance|[upkeep]
|upkeep
|turn|7
|
|t:|1782311188
|switch|p2a: Grimmsnarl|Grimmsnarl, L50, M|100/100
|move|p1b: Kingambit|Sucker Punch||[still]
|-fail|p1b: Kingambit
|move|p2b: Pelipper|Weather Ball|p1b: Kingambit
|-damage|p1b: Kingambit|28/100
|move|p1a: Aegislash|Shadow Ball|p2b: Pelipper
|-damage|p2b: Pelipper|37/100
|
|-weather|RainDance|[upkeep]
|upkeep
|turn|8
|
|t:|1782311200
|switch|p1a: Grimmsnarl|Grimmsnarl, L50, M|100/100
|move|p1b: Kingambit|Protect|p1b: Kingambit
|-singleturn|p1b: Kingambit|Protect
|move|p2a: Grimmsnarl|Parting Shot|p1a: Grimmsnarl
|-hint|Since gen 7, Dark is immune to Prankster moves.
|-immune|p1a: Grimmsnarl
|move|p2b: Pelipper|Weather Ball|p1b: Kingambit
|-activate|p1b: Kingambit|move: Protect
|
|-weather|RainDance|[upkeep]
|-sideend|p2: dust_less|Reflect
|upkeep
|turn|9
|
|t:|1782311218
|move|p1a: Grimmsnarl|Reflect|p1a: Grimmsnarl
|-sidestart|p1: powerthepower|Reflect
|move|p1b: Kingambit|Sucker Punch|p2b: Pelipper
|-damage|p2b: Pelipper|0 fnt
|faint|p2b: Pelipper
|move|p2a: Grimmsnarl|Spirit Break|p1a: Grimmsnarl
|-supereffective|p1a: Grimmsnarl|1
|-damage|p1a: Grimmsnarl|48/100
|-unboost|p1a: Grimmsnarl|spa|1
|
|-weather|RainDance|[upkeep]
|-sideend|p2: dust_less|move: Light Screen
|upkeep
|
|t:|1782311231
|switch|p2b: Swampert|Swampert-Mega, L50, F|7/100
|turn|10
|
|t:|1782311250
|move|p1a: Grimmsnarl|Light Screen|p1a: Grimmsnarl
|-sidestart|p1: powerthepower|move: Light Screen
|move|p1b: Kingambit|Sucker Punch|p2b: Swampert
|-damage|p2b: Swampert|0 fnt
|faint|p2b: Swampert
|move|p2a: Grimmsnarl|Spirit Break|p1b: Kingambit
|-damage|p1b: Kingambit|12/100
|-unboost|p1b: Kingambit|spa|1
|-ability|p1b: Kingambit|Defiant|boost
|-boost|p1b: Kingambit|atk|2
|
|-weather|none
|upkeep
|
|t:|1782311258
|switch|p2b: Basculegion|Basculegion, L50, M|100/100
|turn|11
|
|t:|1782311271
|move|p2a: Grimmsnarl|Reflect|p2a: Grimmsnarl
|-sidestart|p2: dust_less|Reflect
|move|p1a: Grimmsnarl|Reflect||[still]
|-fail|p1a: Grimmsnarl
|move|p1b: Kingambit|Sucker Punch|p2b: Basculegion
|-supereffective|p2b: Basculegion|1
|-damage|p2b: Basculegion|0 fnt
|faint|p2b: Basculegion
|
|upkeep
|turn|12
|
|t:|1782311288
|switch|p1a: Aegislash|Aegislash, L50, F, shiny|100/100
|move|p1b: Kingambit|Sucker Punch|p2a: Grimmsnarl
|-resisted|p2a: Grimmsnarl|2
|-damage|p2a: Grimmsnarl|71/100
|move|p2a: Grimmsnarl|Spirit Break|p1b: Kingambit
|-damage|p1b: Kingambit|0 fnt
|faint|p1b: Kingambit
|
|upkeep
|
|t:|1782311296
|switch|p1b: Grimmsnarl|Grimmsnarl, L50, M|48/100
|turn|13
|
|t:|1782311302
|move|p2a: Grimmsnarl|Light Screen|p2a: Grimmsnarl
|-sidestart|p2: dust_less|move: Light Screen
|move|p1b: Grimmsnarl|Parting Shot|p2a: Grimmsnarl
|-hint|Since gen 7, Dark is immune to Prankster moves.
|-immune|p2a: Grimmsnarl
|-formechange|p1a: Aegislash|Aegislash-Blade|
|move|p1a: Aegislash|Flash Cannon|p2a: Grimmsnarl
|-supereffective|p2a: Grimmsnarl|1
|-damage|p2a: Grimmsnarl|21/100
|
|upkeep
|turn|14
|
|t:|1782311313
|-formechange|p1a: Aegislash|Aegislash|
|move|p1a: Aegislash|King's Shield|p1a: Aegislash
|-singleturn|p1a: Aegislash|Protect
|move|p2a: Grimmsnarl|Parting Shot|p1a: Aegislash
|-unboost|p1a: Aegislash|atk|1
|-unboost|p1a: Aegislash|spa|1
|move|p1b: Grimmsnarl|Light Screen||[still]
|-fail|p1b: Grimmsnarl
|
|upkeep
|turn|15
|
|t:|1782311323
|move|p1b: Grimmsnarl|Parting Shot|p2a: Grimmsnarl
|-hint|Since gen 7, Dark is immune to Prankster moves.
|-immune|p2a: Grimmsnarl
|move|p2a: Grimmsnarl|Parting Shot|p1a: Aegislash
|-unboost|p1a: Aegislash|atk|1
|-unboost|p1a: Aegislash|spa|1
|-formechange|p1a: Aegislash|Aegislash-Blade|
|move|p1a: Aegislash|Flash Cannon|p2a: Grimmsnarl
|-supereffective|p2a: Grimmsnarl|1
|-damage|p2a: Grimmsnarl|0 fnt
|faint|p2a: Grimmsnarl
|
|win|powerthepower
|l|☆dust_less
|player|p2|
||dust_less is ready for game 3.
|inactive|powerthepower has 30 seconds to confirm battle start!
