|j|☆sapitotech 2
|j|☆Mountainman46
|html|sapitotech 2Mountainman46    
|uhtml|bestof|Game 3 of a best-of-3
|t:|1757816538
|gametype|doubles
|player|p1|sapitotech 2|2|1043
|player|p2|Mountainman46|266|1163
|gen|9
|tier|[Gen 9] VGC 2025 Reg H (Bo3)
|rated|
|rule|Species Clause: Limit one of each Pokémon
|rule|Item Clause: Limit 1 of each item
|clearpoke
|poke|p1|Tyranitar, L50, M|
|poke|p1|Excadrill, L50, M|
|poke|p1|Kommo-o, L50, M|
|poke|p1|Sinistcha, L50|
|poke|p1|Gastrodon-East, L50, F|
|poke|p1|Rotom-Heat, L50|
|poke|p2|Pelipper, L50, F|
|poke|p2|Basculegion, L50, M|
|poke|p2|Incineroar, L50, M|
|poke|p2|Archaludon, L50, M|
|poke|p2|Sinistcha, L50|
|poke|p2|Ursaluna, L50, M|
|teampreview|4
|showteam|p1|Tyranitar||AssaultVest|SandStream|KnockOff,TeraBlast,RockSlide,LowKick|||M|||50|,,,,,Flying]Excadrill||FocusSash|SandRush|Earthquake,Protect,HighHorsepower,IronHead|||M|||50|,,,,,Ground]Kommo-o||ThroatSpray|Overcoat|Flamethrower,ClangorousSoul,ClangingScales,Protect|||M|||50|,,,,,Steel]Sinistcha||SitrusBerry|Hospitality|MatchaGotcha,RagePowder,CalmMind,ShadowBall||||||50|,,,,,Water]Gastrodon-East||Leftovers|StormDrain|ClearSmog,EarthPower,Protect,Yawn|||F|||50|,,,,,Fire]Rotom-Heat||EjectPack|Levitate|Overheat,WillOWisp,Thunderbolt,Protect||||||50|,,,,,Ghost
|showteam|p2|Pelipper||FocusSash|Drizzle|Hurricane,WeatherBall,Tailwind,Protect|||F|||50|,,,,,Stellar]Basculegion||ChoiceBand|SwiftSwim|WaveCrash,LastRespects,AquaJet,FlipTurn|||M|||50|,,,,,Water]Incineroar||SafetyGoggles|Intimidate|KnockOff,FakeOut,Taunt,PartingShot|||M|||50|,,,,,Flying]Archaludon||AssaultVest|Stamina|ElectroShot,DragonPulse,FlashCannon,BodyPress|||M|||50|,,,,,Grass]Sinistcha||SitrusBerry|Hospitality|MatchaGotcha,RagePowder,LifeDew,TrickRoom||||||50|,,,,,Water]Ursaluna||FlameOrb|Guts|HeadlongRush,Facade,Earthquake,Protect|||M|||50|,,,,,Ghost
|inactive|Battle timer is ON: inactive players will automatically lose when time's up. (requested by Mountainman46)
|inactive|sapitotech 2 has 60 seconds left.
|inactive|Mountainman46 has 60 seconds left.
|
|t:|1757816589
|teamsize|p1|4
|teamsize|p2|4
|start
|switch|p1a: Gastrodon|Gastrodon-East, L50, F|100/100
|switch|p1b: Excadrill|Excadrill, L50, M|100/100
|switch|p2a: Incineroar|Incineroar, L50, M, shiny|100/100
|switch|p2b: Ursaluna|Ursaluna, L50, M, shiny|100/100
|-ability|p2a: Incineroar|Intimidate|boost
|-unboost|p1a: Gastrodon|atk|1
|-unboost|p1b: Excadrill|atk|1
|turn|1
|inactive|Mountainman46 has 30 seconds left.
|
|t:|1757816620
|switch|p1b: Rotom|Rotom-Heat, L50|100/100
|move|p2a: Incineroar|Fake Out|p1b: Rotom
|-damage|p1b: Rotom|86/100
|move|p2b: Ursaluna|Facade|p1a: Gastrodon
|-damage|p1a: Gastrodon|67/100
|move|p1a: Gastrodon|Yawn|p2a: Incineroar
|-start|p2a: Incineroar|move: Yawn|[of] p1a: Gastrodon
|
|-heal|p1a: Gastrodon|73/100|[from] item: Leftovers
|-status|p2b: Ursaluna|brn|[from] item: Flame Orb
|upkeep
|turn|2
|inactive|Mountainman46 has 30 seconds left.
|
|t:|1757816646
|move|p1b: Rotom|Protect|p1b: Rotom
|-singleturn|p1b: Rotom|Protect
|move|p2b: Ursaluna|Protect|p2b: Ursaluna
|-singleturn|p2b: Ursaluna|Protect
|move|p1a: Gastrodon|Protect|p1a: Gastrodon
|-singleturn|p1a: Gastrodon|Protect
|move|p2a: Incineroar|Parting Shot|p1b: Rotom
|-activate|p1b: Rotom|move: Protect
|
|-heal|p1a: Gastrodon|79/100|[from] item: Leftovers
|-damage|p2b: Ursaluna|94/100 brn|[from] brn
|-end|p2a: Incineroar|move: Yawn|[silent]
|-status|p2a: Incineroar|slp
|upkeep
|turn|3
|
|t:|1757816669
|switch|p2b: Pelipper|Pelipper, L50, F|100/100
|-weather|RainDance|[from] ability: Drizzle|[of] p2b: Pelipper
|-terastallize|p1b: Rotom|Ghost
|move|p1b: Rotom|Overheat|p2b: Pelipper
|-resisted|p2b: Pelipper
|-damage|p2b: Pelipper|72/100
|-unboost|p1b: Rotom|spa|2
|-enditem|p1b: Rotom|Eject Pack
|
|t:|1757816672
|switch|p1b: Tyranitar|Tyranitar, L50, M|100/100
|-weather|Sandstorm|[from] ability: Sand Stream|[of] p1b: Tyranitar
|cant|p2a: Incineroar|slp
|move|p1a: Gastrodon|Earth Power|p2b: Pelipper
|-immune|p2b: Pelipper
|
|-weather|Sandstorm|[upkeep]
|-damage|p2b: Pelipper|66/100|[from] Sandstorm
|-heal|p1a: Gastrodon|85/100|[from] item: Leftovers
|upkeep
|turn|4
|inactive|Mountainman46 has 30 seconds left.
|
|t:|1757816701
|switch|p2b: Ursaluna|Ursaluna, L50, M, shiny|94/100 brn
|cant|p2a: Incineroar|slp
|move|p1b: Tyranitar|Rock Slide|p2b: Ursaluna|[spread] p2a,p2b
|-supereffective|p2a: Incineroar
|-resisted|p2b: Ursaluna
|-damage|p2a: Incineroar|38/100 slp
|-damage|p2b: Ursaluna|81/100 brn
|move|p1a: Gastrodon|Earth Power|p2a: Incineroar
|-supereffective|p2a: Incineroar
|-damage|p2a: Incineroar|0 fnt
|faint|p2a: Incineroar
|
|-weather|Sandstorm|[upkeep]
|-heal|p1a: Gastrodon|91/100|[from] item: Leftovers
|-damage|p2b: Ursaluna|75/100 brn|[from] brn
|upkeep
|
|t:|1757816715
|switch|p2a: Pelipper|Pelipper, L50, F|66/100
|-weather|RainDance|[from] ability: Drizzle|[of] p2a: Pelipper
|turn|5
|
|t:|1757816727
|switch|p1b: Excadrill|Excadrill, L50, M|100/100
|move|p2a: Pelipper|Tailwind|p2a: Pelipper
|-sidestart|p2: Mountainman46|move: Tailwind
|move|p2b: Ursaluna|Facade|p1a: Gastrodon
|-damage|p1a: Gastrodon|0 fnt
|faint|p1a: Gastrodon
|
|-weather|RainDance|[upkeep]
|-damage|p2b: Ursaluna|69/100 brn|[from] brn
|upkeep
|
|t:|1757816740
|switch|p1a: Tyranitar|Tyranitar, L50, M|100/100
|-weather|Sandstorm|[from] ability: Sand Stream|[of] p1a: Tyranitar
|turn|6
|
|t:|1757816769
|switch|p2a: Archaludon|Archaludon, L50, M|100/100
|switch|p1a: Rotom|Rotom-Heat, L50, tera:Ghost|86/100
|move|p2b: Ursaluna|Protect|p2b: Ursaluna
|-singleturn|p2b: Ursaluna|Protect
|move|p1b: Excadrill|High Horsepower|p2b: Ursaluna
|-activate|p2b: Ursaluna|move: Protect
|
|-weather|Sandstorm|[upkeep]
|-damage|p1a: Rotom|81/100|[from] Sandstorm
|-damage|p2b: Ursaluna|63/100 brn|[from] brn
|upkeep
|turn|7
|inactive|sapitotech 2 has 30 seconds left.
|inactive|Mountainman46 has 30 seconds left.
|inactive|sapitotech 2 has 20 seconds left.
|inactive|sapitotech 2 has 15 seconds left.
|inactive|sapitotech 2 has 10 seconds left.
|inactive|sapitotech 2 has 5 seconds left.
|
|t:|1757816824
|switch|p2b: Pelipper|Pelipper, L50, F|66/100
|-weather|RainDance|[from] ability: Drizzle|[of] p2b: Pelipper
|move|p2a: Archaludon|Dragon Pulse|p1a: Rotom
|-damage|p1a: Rotom|28/100
|move|p1b: Excadrill|Earthquake|p2b: Pelipper|[spread] p2a
|-immune|p1a: Rotom|[from] ability: Levitate
|-immune|p2b: Pelipper
|-supereffective|p2a: Archaludon
|-damage|p2a: Archaludon|36/100
|-ability|p2a: Archaludon|Stamina|boost
|-boost|p2a: Archaludon|def|1
|move|p1a: Rotom|Overheat|p2b: Pelipper
|-resisted|p2b: Pelipper
|-damage|p2b: Pelipper|37/100
|-unboost|p1a: Rotom|spa|2
|
|-weather|RainDance|[upkeep]
|upkeep
|turn|8
|inactive|Mountainman46 has 30 seconds left.
|
|t:|1757816857
|switch|p2b: Ursaluna|Ursaluna, L50, M, shiny|63/100 brn
|switch|p1a: Tyranitar|Tyranitar, L50, M|100/100
|-weather|Sandstorm|[from] ability: Sand Stream|[of] p1a: Tyranitar
|move|p1b: Excadrill|High Horsepower|p2a: Archaludon
|-supereffective|p2a: Archaludon
|-damage|p2a: Archaludon|0 fnt
|faint|p2a: Archaludon
|
|-weather|Sandstorm|[upkeep]
|-damage|p2b: Ursaluna|57/100 brn|[from] brn
|-sideend|p2: Mountainman46|move: Tailwind
|upkeep
|
|t:|1757816869
|switch|p2a: Pelipper|Pelipper, L50, F|37/100
|-weather|RainDance|[from] ability: Drizzle|[of] p2a: Pelipper
|turn|9
|inactive|Mountainman46 has 30 seconds left.
|inactive|sapitotech 2 has 30 seconds left.
|
|t:|1757816903
|-terastallize|p2a: Pelipper|Stellar
|move|p1b: Excadrill|High Horsepower|p2b: Ursaluna
|-damage|p2b: Ursaluna|12/100 brn
|move|p2a: Pelipper|Weather Ball|p1b: Excadrill
|-supereffective|p1b: Excadrill
|-enditem|p1b: Excadrill|Focus Sash
|-damage|p1b: Excadrill|1/100
|move|p1a: Tyranitar|Rock Slide|p2a: Pelipper|[spread] p2a,p2b
|-supereffective|p2a: Pelipper
|-crit|p2a: Pelipper
|-resisted|p2b: Ursaluna
|-damage|p2a: Pelipper|0 fnt
|-damage|p2b: Ursaluna|0 fnt
|faint|p2a: Pelipper
|faint|p2b: Ursaluna
|
|win|sapitotech 2
|raw|sapitotech 2's rating: 1043 → 1088(+45 for winning)
|raw|Mountainman46's rating: 1163 → 1130(-33 for losing)
|l|☆sapitotech 2
|player|p1|
