|j|☆SunshineTufo
|j|☆VOVOMAXBEN10
|html|SunshineTufoVOVOMAXBEN10    
|uhtml|bestof|Game 2 of a best-of-3
|t:|1785176021
|gametype|doubles
|player|p1|SunshineTufo|li|1264
|player|p2|VOVOMAXBEN10|wattson|1374
|gen|9
|tier|[Gen 9 Champions] VGC 2026 Reg M-B (Bo3)
|rated|
|rule|Species Clause: Limit one of each Pokémon
|rule|Item Clause: Limit 1 of each item
|clearpoke
|poke|p1|Pelipper, L50, M, shiny|
|poke|p1|Swampert, L50, M|
|poke|p1|Archaludon, L50, M, shiny|
|poke|p1|Grimmsnarl, L50, M, shiny|
|poke|p1|Sinistcha, L50|
|poke|p1|Dragonite, L50, M, shiny|
|poke|p2|Gardevoir, L50, M|
|poke|p2|Basculegion, L50, M|
|poke|p2|Talonflame, L50, M|
|poke|p2|Maushold, L50|
|poke|p2|Kingambit, L50, F|
|poke|p2|Kommo-o, L50, F|
|teampreview|4
|showteam|p1|Pelipper||FocusSash|Drizzle|WeatherBall,Hurricane,Tailwind,Protect|Modest||M|||50|]Swampert||Swampertite|Torrent|WaveCrash,IcePunch,HighHorsepower,Protect|Adamant||M|||50|]Archaludon||Leftovers|Stamina|ElectroShot,FlashCannon,DragonPulse,Protect|Modest||M|||50|]Grimmsnarl||RoseliBerry|Prankster|FoulPlay,PartingShot,Reflect,LightScreen|Careful||M|||50|]Sinistcha||CobaBerry|Hospitality|MatchaGotcha,RagePowder,TrickRoom,LifeDew|Bold|||||50|]Dragonite||Dragoninite|InnerFocus|DracoMeteor,Hurricane,ExtremeSpeed,Tailwind|Timid||M|||50|
|showteam|p2|Gardevoir||Gardevoirite|Trace|HyperVoice,Psychic,Thunderbolt,Protect|Modest||M|||50|]Basculegion||ChoiceScarf|Adaptability|WaveCrash,LastRespects,FlipTurn,AquaJet|Jolly||M|||50|]Talonflame||SharpBeak|GaleWings|DualWingbeat,FlareBlitz,Tailwind,Protect|Jolly||M|||50|]Maushold||FocusSash|FriendGuard|SuperFang,Feint,FollowMe,Protect|Jolly|||||50|]Kingambit||ExpertBelt|Defiant|KowtowCleave,SuckerPunch,IronHead,LowKick|Jolly||F|||50|]Kommo-o||LifeOrb|Soundproof|ClangingScales,DracoMeteor,AuraSphere,Protect|Modest||F|||50|
|inactive|Battle timer is ON: inactive players will automatically lose when time's up. (requested by SunshineTufo)
|
|t:|1785176036
|teamsize|p1|4
|teamsize|p2|4
|start
|switch|p1a: Swampert|Swampert, L50, M|100/100
|switch|p1b: Grimmsnarl|Grimmsnarl, L50, M, shiny|100/100
|switch|p2a: Kommo-o|Kommo-o, L50, F|100/100
|switch|p2b: Maushold|Maushold, L50|100/100
|turn|1
|
|t:|1785176047
|detailschange|p1a: Swampert|Swampert-Mega, L50, M
|-mega|p1a: Swampert|Swampert|Swampertite
|move|p1a: Swampert|Protect|p1a: Swampert
|-singleturn|p1a: Swampert|Protect
|move|p2b: Maushold|Super Fang|p1a: Swampert
|-activate|p1a: Swampert|move: Protect
|move|p2a: Kommo-o|Aura Sphere|p1a: Swampert
|-activate|p1a: Swampert|move: Protect
|move|p1b: Grimmsnarl|Foul Play|p2b: Maushold
|-damage|p2b: Maushold|65/100
|
|upkeep
|turn|2
|
|t:|1785176055
|move|p2b: Maushold|Protect|p2b: Maushold
|-singleturn|p2b: Maushold|Protect
|move|p1b: Grimmsnarl|Parting Shot|p2b: Maushold
|-activate|p2b: Maushold|move: Protect
|move|p2a: Kommo-o|Aura Sphere|p1a: Swampert
|-damage|p1a: Swampert|55/100
|-damage|p2a: Kommo-o|90/100|[from] item: Life Orb
|move|p1a: Swampert|High Horsepower|p2b: Maushold
|-activate|p2b: Maushold|move: Protect
|
|upkeep
|turn|3
|
|t:|1785176068
|move|p1b: Grimmsnarl|Parting Shot|p2b: Maushold
|-unboost|p2b: Maushold|atk|1
|-unboost|p2b: Maushold|spa|1
|
|t:|1785176071
|switch|p1b: Pelipper|Pelipper, L50, M, shiny|100/100|[from] Parting Shot
|-weather|RainDance|[from] ability: Drizzle|[of] p1b: Pelipper
|move|p1a: Swampert|High Horsepower|p2b: Maushold
|-damage|p2b: Maushold|0 fnt
|faint|p2b: Maushold
|move|p2a: Kommo-o|Clanging Scales|p1b: Pelipper|[spread] p1a,p1b
|-damage|p1a: Swampert|12/100
|-damage|p1b: Pelipper|14/100
|-unboost|p2a: Kommo-o|def|1
|-damage|p2a: Kommo-o|80/100|[from] item: Life Orb
|
|-weather|RainDance|[upkeep]
|upkeep
|
|t:|1785176080
|switch|p2b: Talonflame|Talonflame, L50, M|100/100
|turn|4
|
|t:|1785176089
|switch|p1b: Grimmsnarl|Grimmsnarl, L50, M, shiny|100/100
|move|p2b: Talonflame|Tailwind|p2b: Talonflame
|-sidestart|p2: VOVOMAXBEN10|move: Tailwind
|move|p2a: Kommo-o|Clanging Scales|p1b: Grimmsnarl|[spread] p1a
|-immune|p1b: Grimmsnarl
|-damage|p1a: Swampert|0 fnt
|faint|p1a: Swampert
|-unboost|p2a: Kommo-o|def|1
|-damage|p2a: Kommo-o|70/100|[from] item: Life Orb
|
|-weather|RainDance|[upkeep]
|upkeep
|
|t:|1785176091
|switch|p1a: Archaludon|Archaludon, L50, M, shiny|100/100
|turn|5
|
|t:|1785176098
|move|p1a: Archaludon|Protect|p1a: Archaludon
|-singleturn|p1a: Archaludon|Protect
|move|p2b: Talonflame|Dual Wingbeat|p1b: Grimmsnarl
|-damage|p1b: Grimmsnarl|80/100
|-crit|p1b: Grimmsnarl
|-damage|p1b: Grimmsnarl|48/100
|-hitcount|p1b: Grimmsnarl|2
|move|p1b: Grimmsnarl|Light Screen|p1b: Grimmsnarl
|-sidestart|p1: SunshineTufo|move: Light Screen
|move|p2a: Kommo-o|Aura Sphere|p1a: Archaludon
|-activate|p1a: Archaludon|move: Protect
|
|-weather|RainDance|[upkeep]
|upkeep
|turn|6
|
|t:|1785176107
|move|p2b: Talonflame|Dual Wingbeat|p1b: Grimmsnarl
|-damage|p1b: Grimmsnarl|28/100
|-damage|p1b: Grimmsnarl|8/100
|-hitcount|p1b: Grimmsnarl|2
|move|p1b: Grimmsnarl|Parting Shot|p2b: Talonflame
|-unboost|p2b: Talonflame|atk|1
|-unboost|p2b: Talonflame|spa|1
|
|t:|1785176109
|switch|p1b: Pelipper|Pelipper, L50, M, shiny|14/100|[from] Parting Shot
|move|p2a: Kommo-o|Aura Sphere|p1a: Archaludon
|-supereffective|p1a: Archaludon|1
|-damage|p1a: Archaludon|31/100
|-ability|p1a: Archaludon|Stamina|boost
|-boost|p1a: Archaludon|def|1
|-damage|p2a: Kommo-o|61/100|[from] item: Life Orb
|move|p1a: Archaludon|Dragon Pulse|p2a: Kommo-o
|-supereffective|p2a: Kommo-o|1
|-damage|p2a: Kommo-o|0 fnt
|faint|p2a: Kommo-o
|
|-weather|RainDance|[upkeep]
|-heal|p1a: Archaludon|37/100|[from] item: Leftovers
|upkeep
|
|t:|1785176118
|switch|p2a: Gardevoir|Gardevoir, L50, M|100/100
|-ability|p2a: Gardevoir|Drizzle|Trace|[from] ability: Trace|[of] p1b: Pelipper
|turn|7
|
|t:|1785176128
|detailschange|p2a: Gardevoir|Gardevoir-Mega, L50, M
|-mega|p2a: Gardevoir|Gardevoir|Gardevoirite
|move|p1a: Archaludon|Protect|p1a: Archaludon
|-singleturn|p1a: Archaludon|Protect
|move|p2b: Talonflame|Dual Wingbeat|p1b: Pelipper
|-damage|p1b: Pelipper|0 fnt
|faint|p1b: Pelipper
|-hitcount|p1: Pelipper|1
|move|p2a: Gardevoir|Hyper Voice|p1a: Archaludon
|-activate|p1a: Archaludon|move: Protect
|
|-weather|none
|-heal|p1a: Archaludon|43/100|[from] item: Leftovers
|-sideend|p2: VOVOMAXBEN10|move: Tailwind
|upkeep
|
|t:|1785176129
|switch|p1b: Grimmsnarl|Grimmsnarl, L50, M, shiny|8/100
|turn|8
|
|t:|1785176133
|move|p2b: Talonflame|Dual Wingbeat|p1b: Grimmsnarl
|-damage|p1b: Grimmsnarl|0 fnt
|faint|p1b: Grimmsnarl
|-hitcount|p1: Grimmsnarl|1
|move|p2a: Gardevoir|Hyper Voice|p1a: Archaludon
|-damage|p1a: Archaludon|0 fnt
|faint|p1a: Archaludon
|
|win|VOVOMAXBEN10
|raw|SunshineTufo's rating: 1241 → 1225(-16 for losing)
|raw|VOVOMAXBEN10's rating: 1374 → 1387(+13 for winning)
