|j|☆Rimuro VGC
|j|☆SHOMA_WIN
|html|Rimuro VGCSHOMA_WIN    
|uhtml|bestof|Game 2 of a best-of-3
|t:|1782305213
|gametype|doubles
|player|p1|Rimuro VGC|volkner|1250
|player|p2|SHOMA_WIN|scientist|1453
|gen|9
|tier|[Gen 9 Champions] VGC 2026 Reg M-B (Bo3)
|rated|
|rule|Species Clause: Limit one of each Pokémon
|rule|Item Clause: Limit 1 of each item
|clearpoke
|poke|p1|Gardevoir, L50, F, shiny|
|poke|p1|Charizard, L50, M|
|poke|p1|Venusaur, L50, F|
|poke|p1|Garchomp, L50, M|
|poke|p1|Mawile, L50, M, shiny|
|poke|p1|Whimsicott, L50, M|
|poke|p2|Aerodactyl, L50, F|
|poke|p2|Garchomp, L50, F|
|poke|p2|Kingambit, L50, F|
|poke|p2|Charizard, L50, M|
|poke|p2|Sylveon, L50, F|
|poke|p2|Farigiraf, L50, M|
|teampreview|4
|showteam|p1|Gardevoir||FocusSash|Trace|Psychic,Moonblast,TrickRoom,Protect|Modest||F|||50|]Charizard||CharizarditeY|SolarPower|HeatWave,Protect,AirSlash,AncientPower|Modest||M|||50|]Venusaur||Leftovers|Chlorophyll|EnergyBall,SludgeBomb,SleepPowder,Protect|Modest||F|||50|]Garchomp||LifeOrb|RoughSkin|RockSlide,Outrage,Earthquake,Protect|Adamant||M|||50|]Mawile||Mawilite|Intimidate|PlayRough,IronHead,SwordsDance,Protect|Brave||M|||50|]Whimsicott||MentalHerb|Prankster|Tailwind,Protect,Moonblast,Encore|Modest||M|||50|
|showteam|p2|Aerodactyl||Aerodactylite|Unnerve|IceFang,RockSlide,Tailwind,DualWingbeat|Jolly||F|||50|]Garchomp||LifeOrb|RoughSkin|DragonClaw,StompingTantrum,Earthquake,Protect|Jolly||F|||50|]Kingambit||FocusSash|Defiant|SuckerPunch,KowtowCleave,IronHead,LowKick|Adamant||F|||50|]Charizard||CharizarditeY|Blaze|Protect,WeatherBall,HeatWave,SolarBeam|Modest||M|||50|]Sylveon||FairyFeather|Pixilate|Protect,HyperVoice,HyperBeam,QuickAttack|Modest||F|||50|]Farigiraf||SitrusBerry|ArmorTail|TrickRoom,Thunderbolt,Roar,TwinBeam|Bold||M|||50|
|inactive|Battle timer is ON: inactive players will automatically lose when time's up. (requested by Rimuro VGC)
|
|t:|1782305243
|teamsize|p1|4
|teamsize|p2|4
|start
|switch|p1a: Whimsicott|Whimsicott, L50, M|100/100
|switch|p1b: Charizard|Charizard, L50, M|100/100
|switch|p2a: Aerodactyl|Aerodactyl, L50, F|100/100
|switch|p2b: Charizard|Charizard, L50, M|100/100
|-ability|p2a: Aerodactyl|Unnerve
|turn|1
|inactive|SHOMA_WIN has 30 seconds left.
|
|t:|1782305279
|switch|p2b: Farigiraf|Farigiraf, L50, M|100/100
|detailschange|p1b: Charizard|Charizard-Mega-Y, L50, M
|-mega|p1b: Charizard|Charizard|Charizardite Y
|-weather|SunnyDay|[from] ability: Drought|[of] p1b: Charizard
|move|p1a: Whimsicott|Tailwind|p1a: Whimsicott
|-sidestart|p1: Rimuro VGC|move: Tailwind
|move|p1b: Charizard|Ancient Power|p2b: Farigiraf
|-crit|p2b: Farigiraf
|-damage|p2b: Farigiraf|62/100
|move|p2a: Aerodactyl|Rock Slide|p1b: Charizard|[spread] p1a
|-miss|p2a: Aerodactyl|p1b: Charizard
|-damage|p1a: Whimsicott|72/100
|
|-weather|SunnyDay|[upkeep]
|upkeep
|turn|2
|
|t:|1782305301
|detailschange|p2a: Aerodactyl|Aerodactyl-Mega, L50, F
|-mega|p2a: Aerodactyl|Aerodactyl|Aerodactylite
|move|p1a: Whimsicott|Moonblast|p2a: Aerodactyl
|-damage|p2a: Aerodactyl|57/100
|-unboost|p2a: Aerodactyl|spa|1
|move|p1b: Charizard|Heat Wave|p2a: Aerodactyl|[spread] p2a,p2b
|-resisted|p2a: Aerodactyl|1
|-damage|p2a: Aerodactyl|19/100
|-damage|p2b: Farigiraf|0 fnt
|faint|p2b: Farigiraf
|move|p2a: Aerodactyl|Rock Slide|p1a: Whimsicott|[spread] p1a,p1b
|-crit|p1a: Whimsicott
|-supereffective|p1b: Charizard|2
|-damage|p1a: Whimsicott|22/100
|-damage|p1b: Charizard|0 fnt
|faint|p1b: Charizard
|
|-weather|SunnyDay|[upkeep]
|upkeep
|
|t:|1782305319
|switch|p1b: Garchomp|Garchomp, L50, M|100/100
|switch|p2b: Sylveon|Sylveon, L50, F|100/100
|turn|3
|
|t:|1782305328
|move|p1b: Garchomp|Protect|p1b: Garchomp
|-singleturn|p1b: Garchomp|Protect
|move|p1a: Whimsicott|Moonblast|p2a: Aerodactyl
|-damage|p2a: Aerodactyl|0 fnt
|faint|p2a: Aerodactyl
|move|p2b: Sylveon|Hyper Voice|p1b: Garchomp|[spread] p1a
|-activate|p1b: Garchomp|move: Protect
|-damage|p1a: Whimsicott|0 fnt
|faint|p1a: Whimsicott
|
|-weather|SunnyDay|[upkeep]
|upkeep
|
|t:|1782305331
|switch|p2a: Charizard|Charizard, L50, M|100/100
|switch|p1a: Venusaur|Venusaur, L50, F|100/100
|turn|4
|
|t:|1782305348
|move|p2b: Sylveon|Protect|p2b: Sylveon
|-singleturn|p2b: Sylveon|Protect
|move|p1a: Venusaur|Sludge Bomb|p2b: Sylveon
|-activate|p2b: Sylveon|move: Protect
|move|p1b: Garchomp|Rock Slide|p2a: Charizard|[spread] p2a
|-activate|p2b: Sylveon|move: Protect
|-supereffective|p2a: Charizard|2
|-damage|p2a: Charizard|0 fnt
|faint|p2a: Charizard
|-damage|p1b: Garchomp|90/100|[from] item: Life Orb
|
|-weather|SunnyDay|[upkeep]
|-sideend|p1: Rimuro VGC|move: Tailwind
|upkeep
|turn|5
|
|t:|1782305361
|move|p1a: Venusaur|Sludge Bomb|p2b: Sylveon
|-supereffective|p2b: Sylveon|1
|-damage|p2b: Sylveon|26/100
|move|p1b: Garchomp|Rock Slide|p2b: Sylveon
|-crit|p2b: Sylveon
|-damage|p2b: Sylveon|0 fnt
|faint|p2b: Sylveon
|-damage|p1b: Garchomp|80/100|[from] item: Life Orb
|
|win|Rimuro VGC
|raw|Rimuro VGC's rating: 1250 → 1288(+38 for winning)
|raw|SHOMA_WIN's rating: 1453 → 1422(-31 for losing)
