|j|☆Ninjacoox
|j|☆castoriceball
|html|Ninjacooxcastoriceball    
|uhtml|bestof|Game 2 of a best-of-3
|t:|1784085330
|gametype|doubles
|player|p1|Ninjacoox|170|
|player|p2|castoriceball|miku-flying|
|gen|9
|tier|[Gen 9 Champions] VGC 2026 Reg M-B (Bo3)
|rule|Species Clause: Limit one of each Pokémon
|rule|Item Clause: Limit 1 of each item
|clearpoke
|poke|p1|Floette-Eternal, L50, F|
|poke|p1|Charizard, L50, M|
|poke|p1|Whimsicott, L50, F|
|poke|p1|Garchomp, L50, F|
|poke|p1|Basculegion, L50, M|
|poke|p1|Kingambit, L50, F|
|poke|p2|Garchomp, L50, M|
|poke|p2|Floette-Eternal, L50, F|
|poke|p2|Talonflame, L50, M|
|poke|p2|Rotom-Wash, L50, shiny|
|poke|p2|Venusaur, L50, F|
|poke|p2|Kingambit, L50, M, shiny|
|teampreview|4
|showteam|p1|Floette-Eternal||Floettite|FlowerVeil|Moonblast,LightofRuin,DazzlingGleam,Protect|Modest||F|||50|]Charizard||CharizarditeY|Blaze|HeatWave,WeatherBall,SolarBeam,Protect|Timid||M|||50|]Whimsicott||FocusSash|Prankster|Tailwind,Moonblast,Encore,Protect|Timid||F|||50|]Garchomp||RoseliBerry|RoughSkin|DragonClaw,StompingTantrum,RockSlide,PoisonJab|Jolly||F|||50|]Basculegion||MysticWater|Adaptability|AquaJet,WaveCrash,LastRespects,Protect|Adamant||M|||50|]Kingambit||OccaBerry|Defiant|SuckerPunch,KowtowCleave,IronHead,Protect|Adamant||F|||50|
|showteam|p2|Garchomp||LifeOrb|RoughSkin|DragonClaw,Earthquake,RockSlide,Protect|Adamant||M|||50|]Floette-Eternal||Floettite|FlowerVeil|Moonblast,DazzlingGleam,LightofRuin,Protect|Modest||F|||50|]Talonflame||SharpBeak|GaleWings|Tailwind,DualWingbeat,FlareBlitz,Protect|Jolly||M|||50|]Rotom-Wash||Magnet|Levitate|Thunderbolt,HydroPump,Electroweb,Protect|Modest|||||50|]Venusaur||Venusaurite|Chlorophyll|GigaDrain,SludgeBomb,EarthPower,Protect|Modest||F|||50|]Kingambit||FocusSash|Defiant|KowtowCleave,SuckerPunch,IronHead,Protect|Adamant||M|||50|
|c|☆castoriceball|man this team sucks I need to ask him for a new one
|c|☆Ninjacoox|ask who?
|c|☆castoriceball|him
|
|t:|1784085367
|teamsize|p1|4
|teamsize|p2|4
|start
|switch|p1a: Garchomp|Garchomp, L50, F|100/100
|switch|p1b: Charizard|Charizard, L50, M|100/100
|switch|p2a: BIRDD|Talonflame, L50, M|100/100
|switch|p2b: Cringegambit|Kingambit, L50, M, shiny|100/100
|turn|1
|c|☆Ninjacoox|i see
|
|t:|1784085387
|switch|p2b: jarchomp|Garchomp, L50, M|100/100
|move|p2a: BIRDD|Protect|p2a: BIRDD
|-singleturn|p2a: BIRDD|Protect
|move|p1b: Charizard|Protect|p1b: Charizard
|-singleturn|p1b: Charizard|Protect
|move|p1a: Garchomp|Rock Slide|p2b: jarchomp|[spread] p2b
|-activate|p2a: BIRDD|move: Protect
|-resisted|p2b: jarchomp|1
|-damage|p2b: jarchomp|89/100
|
|upkeep
|turn|2
|
|t:|1784085406
|switch|p1b: Whimsicott|Whimsicott, L50, F|100/100
|move|p2a: BIRDD|Tailwind|p2a: BIRDD
|-sidestart|p2: castoriceball|move: Tailwind
|move|p2b: jarchomp|Rock Slide|p1b: Whimsicott|[spread] p1a,p1b
|-resisted|p1a: Garchomp|1
|-damage|p1a: Garchomp|86/100
|-damage|p1b: Whimsicott|58/100
|-damage|p2b: jarchomp|80/100|[from] item: Life Orb
|move|p1a: Garchomp|Rock Slide|p2a: BIRDD|[spread] p2a,p2b
|-supereffective|p2a: BIRDD|2
|-resisted|p2b: jarchomp|1
|-damage|p2a: BIRDD|0 fnt
|-damage|p2b: jarchomp|70/100
|faint|p2a: BIRDD
|
|upkeep
|
|t:|1784085426
|switch|p2a: Cringegambit|Kingambit, L50, M, shiny|100/100
|turn|3
|
|t:|1784085442
|switch|p2b: $70 flutter|Floette-Eternal, L50, F|100/100
|move|p1b: Whimsicott|Tailwind|p1b: Whimsicott
|-sidestart|p1: Ninjacoox|move: Tailwind
|move|p1a: Garchomp|Dragon Claw|p2b: $70 flutter
|-immune|p2b: $70 flutter
|move|p2a: Cringegambit|Kowtow Cleave|p1a: Garchomp
|-damage|p1a: Garchomp|33/100
|-damage|p2a: Cringegambit|87/100|[from] ability: Rough Skin|[of] p1a: Garchomp
|
|upkeep
|turn|4
|
|t:|1784085467
|detailschange|p2b: $70 flutter|Floette-Mega, L50, F
|-mega|p2b: $70 flutter|Floette|Floettite
|-ability|p2b: $70 flutter|Fairy Aura
|move|p2a: Cringegambit|Sucker Punch|p1a: Garchomp
|-damage|p1a: Garchomp|0 fnt
|-damage|p2a: Cringegambit|75/100|[from] ability: Rough Skin|[of] p1a: Garchomp
|faint|p1a: Garchomp
|move|p1b: Whimsicott|Moonblast|p2a: Cringegambit
|-damage|p2a: Cringegambit|15/100
|move|p2b: $70 flutter|Moonblast|p1b: Whimsicott
|-damage|p1b: Whimsicott|0 fnt
|faint|p1b: Whimsicott
|
|upkeep
|
|t:|1784085478
|switch|p1b: Floette|Floette-Eternal, L50, F|100/100
|switch|p1a: Charizard|Charizard, L50, M|100/100
|turn|5
|c|☆castoriceball|BROTHER WHAT
|c|☆castoriceball|MY EYES
|
|t:|1784085506
|detailschange|p1b: Floette|Floette-Mega, L50, F
|-mega|p1b: Floette|Floette|Floettite
|-ability|p1b: Floette|Fairy Aura
|move|p1a: Charizard|Protect|p1a: Charizard
|-singleturn|p1a: Charizard|Protect
|move|p1b: Floette|Dazzling Gleam|p2a: Cringegambit|[spread] p2a,p2b
|-damage|p2a: Cringegambit|0 fnt
|-damage|p2b: $70 flutter|61/100
|faint|p2a: Cringegambit
|move|p2b: $70 flutter|Light of Ruin|p1b: Floette
|-damage|p1b: Floette|7/100
|-damage|p2b: $70 flutter|14/100|[from] Recoil
|
|-sideend|p2: castoriceball|move: Tailwind
|upkeep
|
|t:|1784085513
|switch|p2a: jarchomp|Garchomp, L50, M|70/100
|turn|6
|
|t:|1784085526
|move|p2b: $70 flutter|Protect|p2b: $70 flutter
|-singleturn|p2b: $70 flutter|Protect
|move|p2a: jarchomp|Protect|p2a: jarchomp
|-singleturn|p2a: jarchomp|Protect
|move|p1b: Floette|Dazzling Gleam|p2a: jarchomp|[spread] 
|-activate|p2a: jarchomp|move: Protect
|-activate|p2b: $70 flutter|move: Protect
|move|p1a: Charizard|Heat Wave|p2b: $70 flutter|[spread] 
|-activate|p2a: jarchomp|move: Protect
|-activate|p2b: $70 flutter|move: Protect
|
|-sideend|p1: Ninjacoox|move: Tailwind
|upkeep
|turn|7
|
|t:|1784085535
|move|p2b: $70 flutter|Moonblast|p1b: Floette
|-damage|p1b: Floette|0 fnt
|faint|p1b: Floette
|move|p2a: jarchomp|Rock Slide|p1a: Charizard
|-supereffective|p1a: Charizard|2
|-damage|p1a: Charizard|0 fnt
|faint|p1a: Charizard
|-damage|p2a: jarchomp|60/100|[from] item: Life Orb
|
|win|castoriceball
||Ninjacoox is ready for game 3.
