|j|☆Miggle SoCal
|j|☆TeyOnTheRox
|html|Miggle SoCalTeyOnTheRox    
|uhtml|bestof|Game 2 of a best-of-3
|t:|1757829718
|gametype|doubles
|player|p1|Miggle SoCal|lucas|1167
|player|p2|TeyOnTheRox|benga|1296
|gen|9
|tier|[Gen 9] VGC 2025 Reg H (Bo3)
|rated|
|rule|Species Clause: Limit one of each Pokémon
|rule|Item Clause: Limit 1 of each item
|clearpoke
|poke|p1|Ninetales-Alola, L50, M|
|poke|p1|Kommo-o, L50, M|
|poke|p1|Arcanine-Hisui, L50, F|
|poke|p1|Basculegion, L50, M|
|poke|p1|Kingambit, L50, F|
|poke|p1|Rillaboom, L50, M|
|poke|p2|Tyranitar, L50, F|
|poke|p2|Excadrill, L50, M|
|poke|p2|Sneasler, L50, F|
|poke|p2|Indeedee, L50, M|
|poke|p2|Corviknight, L50, F|
|poke|p2|Annihilape, L50, M|
|teampreview|4
|showteam|p1|Ninetales-Alola||FocusSash|SnowWarning|Blizzard,Encore,IcyWind,AuroraVeil|||M|||50|,,,,,Ghost]Kommo-o||ThroatSpray|Overcoat|ClangingScales,Flamethrower,ClangorousSoul,Protect|||M|||50|,,,,,Fire]Arcanine-Hisui||ChoiceBand|Intimidate|FlareBlitz,RockSlide,ExtremeSpeed,HeadSmash|||F|||50|,,,,,Ghost]Basculegion||ChoiceScarf|Adaptability|WaveCrash,LastRespects,FlipTurn,AquaJet|||M|||50|,,,,,Water]Kingambit||AssaultVest|Defiant|SuckerPunch,KowtowCleave,LowKick,IronHead|||F|||50|,,,,,Water]Rillaboom||MiracleSeed|GrassySurge|GrassyGlide,WoodHammer,FakeOut,Taunt|||M|||50|,,,,,Grass
|showteam|p2|Tyranitar||AssaultVest|SandStream|RockSlide,KnockOff,TeraBlast,LowKick|||F|||50|,,,,,Flying]Excadrill||FocusSash|SandRush|IronHead,HighHorsepower,Earthquake,Protect|||M|||50|,,,,,Stellar]Sneasler||PsychicSeed|Unburden|DireClaw,CloseCombat,ThroatChop,Protect|||F|||50|,,,,,Dark]Indeedee||ChoiceScarf|PsychicSurge|ExpandingForce,TeraBlast,Protect,Trick|||M|||50|,,,,,Psychic]Corviknight||Leftovers|MirrorArmor|BraveBird,BulkUp,Roost,Tailwind|||F|||50|,,,,,Dragon]Annihilape||SafetyGoggles|Defiant|CloseCombat,FinalGambit,RageFist,Taunt|||M|||50|,,,,,Water
|
|t:|1757829754
|teamsize|p1|4
|teamsize|p2|4
|start
|switch|p1a: Kommo-o|Kommo-o, L50, M|100/100
|switch|p1b: Arcanine|Arcanine-Hisui, L50, F|100/100
|switch|p2a: Cars II|Corviknight, L50, F|100/100
|switch|p2b: Cachiiga|Annihilape, L50, M|100/100
|-ability|p1b: Arcanine|Intimidate|boost
|-ability|p2a: Cars II|Mirror Armor
|-unboost|p1b: Arcanine|atk|1
|-unboost|p2b: Cachiiga|atk|1
|-ability|p2b: Cachiiga|Defiant|boost
|-boost|p2b: Cachiiga|atk|2
|turn|1
|
|t:|1757829781
|move|p1a: Kommo-o|Protect|p1a: Kommo-o
|-singleturn|p1a: Kommo-o|Protect
|move|p2b: Cachiiga|Taunt|p1a: Kommo-o
|-activate|p1a: Kommo-o|move: Protect
|move|p1b: Arcanine|Flare Blitz|p2b: Cachiiga
|-damage|p2b: Cachiiga|30/100
|-damage|p1b: Arcanine|72/100|[from] Recoil
|move|p2a: Cars II|Tailwind|p2a: Cars II
|-sidestart|p2: TeyOnTheRox|move: Tailwind
|
|upkeep
|turn|2
|
|t:|1757829821
|switch|p1a: Basculegion|Basculegion, L50, M|100/100
|move|p2b: Cachiiga|Rage Fist|p1a: Basculegion
|-supereffective|p1a: Basculegion
|-damage|p1a: Basculegion|0 fnt
|faint|p1a: Basculegion
|move|p2a: Cars II|Brave Bird|p1b: Arcanine
|-resisted|p1b: Arcanine
|-damage|p1b: Arcanine|44/100
|-damage|p2a: Cars II|93/100|[from] Recoil
|move|p1b: Arcanine|Flare Blitz|p2a: Cars II
|-supereffective|p2a: Cars II
|-damage|p2a: Cars II|0 fnt
|faint|p2a: Cars II
|-damage|p1b: Arcanine|9/100|[from] Recoil
|
|upkeep
|
|t:|1757829840
|switch|p1a: Rillaboom|Rillaboom, L50, M|100/100
|switch|p2a: Doc Hudson|Tyranitar, L50, F, shiny|100/100
|-weather|Sandstorm|[from] ability: Sand Stream|[of] p2a: Doc Hudson
|-fieldstart|move: Grassy Terrain|[from] ability: Grassy Surge|[of] p1a: Rillaboom
|turn|3
|
|t:|1757829868
|-terastallize|p2a: Doc Hudson|Flying
|move|p1a: Rillaboom|Grassy Glide|p2b: Cachiiga
|-damage|p2b: Cachiiga|0 fnt
|faint|p2b: Cachiiga
|move|p2a: Doc Hudson|Tera Blast|p1a: Rillaboom|[anim] Tera Blast Flying
|-supereffective|p1a: Rillaboom
|-damage|p1a: Rillaboom|10/100
|move|p1b: Arcanine|Flare Blitz|p2a: Doc Hudson
|-damage|p2a: Doc Hudson|45/100
|-damage|p1b: Arcanine|0 fnt|[from] Recoil
|faint|p1b: Arcanine
|
|-weather|Sandstorm|[upkeep]
|-damage|p2a: Doc Hudson|39/100|[from] Sandstorm
|-damage|p1a: Rillaboom|4/100|[from] Sandstorm
|-heal|p1a: Rillaboom|10/100|[from] Grassy Terrain
|upkeep
|
|t:|1757829879
|switch|p2b: Toe Master|Excadrill, L50, M|100/100
|switch|p1b: Kommo-o|Kommo-o, L50, M|100/100
|turn|4
|
|t:|1757829897
|-terastallize|p1a: Rillaboom|Grass
|move|p2b: Toe Master|Protect|p2b: Toe Master
|-singleturn|p2b: Toe Master|Protect
|move|p1b: Kommo-o|Protect|p1b: Kommo-o
|-singleturn|p1b: Kommo-o|Protect
|move|p1a: Rillaboom|Grassy Glide|p2a: Doc Hudson
|-resisted|p2a: Doc Hudson
|-damage|p2a: Doc Hudson|10/100
|move|p2a: Doc Hudson|Rock Slide|p1a: Rillaboom|[spread] p1a
|-activate|p1b: Kommo-o|move: Protect
|-damage|p1a: Rillaboom|0 fnt
|faint|p1a: Rillaboom
|
|-weather|Sandstorm|[upkeep]
|-damage|p2a: Doc Hudson|4/100|[from] Sandstorm
|-sideend|p2: TeyOnTheRox|move: Tailwind
|upkeep
|turn|5
|
|t:|1757829929
|move|p2b: Toe Master|High Horsepower|p1b: Kommo-o
|-damage|p1b: Kommo-o|46/100
|move|p1b: Kommo-o|Flamethrower|p2a: Doc Hudson
|-damage|p2a: Doc Hudson|0 fnt
|faint|p2a: Doc Hudson
|
|-weather|Sandstorm|[upkeep]
|-heal|p1b: Kommo-o|52/100|[from] Grassy Terrain
|upkeep
|turn|6
|
|t:|1757829963
|move|p1b: Kommo-o|Protect|p1b: Kommo-o
|-singleturn|p1b: Kommo-o|Protect
|move|p2b: Toe Master|High Horsepower|p1b: Kommo-o
|-activate|p1b: Kommo-o|move: Protect
|
|-weather|Sandstorm|[upkeep]
|-heal|p1b: Kommo-o|58/100|[from] Grassy Terrain
|upkeep
|turn|7
|
|t:|1757829977
|move|p2b: Toe Master|High Horsepower|p1b: Kommo-o
|-damage|p1b: Kommo-o|2/100
|move|p1b: Kommo-o|Flamethrower|p2b: Toe Master
|-supereffective|p2b: Toe Master
|-damage|p2b: Toe Master|23/100
|
|-weather|none
|-heal|p2b: Toe Master|29/100|[from] Grassy Terrain
|-heal|p1b: Kommo-o|8/100|[from] Grassy Terrain
|-fieldend|move: Grassy Terrain
|upkeep
|turn|8
|
|t:|1757829995
|move|p2b: Toe Master|Iron Head|p1b: Kommo-o
|-crit|p1b: Kommo-o
|-damage|p1b: Kommo-o|0 fnt
|faint|p1b: Kommo-o
|
|win|TeyOnTheRox
