|j|☆ace.bnz
|j|☆puppeteer35
|html|ace.bnzpuppeteer35    
|uhtml|bestof|Game 1 of a best-of-3
|t:|1783882434
|gametype|doubles
|player|p1|ace.bnz|102|1137
|player|p2|puppeteer35|colress|1059
|gen|9
|tier|[Gen 9 Champions] VGC 2026 Reg M-B (Bo3)
|rated|
|rule|Species Clause: Limit one of each Pokémon
|rule|Item Clause: Limit 1 of each item
|clearpoke
|poke|p1|Kingambit, L50, M|
|poke|p1|Whimsicott, L50, M|
|poke|p1|Garchomp, L50, M|
|poke|p1|Charizard, L50, F|
|poke|p1|Basculegion, L50, M|
|poke|p1|Dragonite, L50, M|
|poke|p2|Froslass, L50, F, shiny|
|poke|p2|Garchomp, L50, M|
|poke|p2|Aerodactyl, L50, M, shiny|
|poke|p2|Kingambit, L50, M|
|poke|p2|Sneasler, L50, F|
|poke|p2|Rotom-Heat, L50|
|teampreview|4
|showteam|p1|Kingambit||ChopleBerry|Defiant|Protect,KowtowCleave,SuckerPunch,IronHead|Adamant||M|||50|]Whimsicott||FocusSash|Prankster|Protect,Moonblast,Encore,Tailwind|Timid||M|||50|]Garchomp||RoseliBerry|RoughSkin|RockTomb,PoisonJab,DragonClaw,Earthquake|Adamant||M|||50|]Charizard||CharizarditeY|SolarPower|Protect,WeatherBall,SolarBeam,HeatWave|Modest||F|||50|]Basculegion||SitrusBerry|Adaptability|Protect,WaveCrash,AquaJet,LastRespects|Adamant||M|||50|]Dragonite||Dragoninite|Multiscale|Protect,HeatWave,Thunderbolt,DragonPulse|Modest||M|||50|
|showteam|p2|Froslass||Froslassite|SnowCloak|Blizzard,ShadowBall,AuroraVeil,Protect|Modest||F|||50|]Garchomp||LifeOrb|RoughSkin|DragonClaw,Earthquake,RockSlide,Protect|Jolly||M|||50|]Aerodactyl||Aerodactylite|Unnerve|RockSlide,DualWingbeat,Tailwind,WideGuard|Jolly||M|||50|]Kingambit||BlackGlasses|Defiant|KowtowCleave,SuckerPunch,IronHead,Protect|Adamant||M|||50|]Sneasler||WhiteHerb|Unburden|DireClaw,CloseCombat,FakeOut,Protect|Jolly||F|||50|]Rotom-Heat||ChoiceScarf|Levitate|Thunderbolt,Electroweb,Overheat,VoltSwitch|Timid|||||50|
|
|t:|1783882489
|teamsize|p1|4
|teamsize|p2|4
|start
|switch|p1a: Whimsicott|Whimsicott, L50, M|100/100
|switch|p1b: Basculegion|Basculegion, L50, M|100/100
|switch|p2a: Aerodactyl|Aerodactyl, L50, M, shiny|100/100
|switch|p2b: Garchomp|Garchomp, L50, M|100/100
|-ability|p2a: Aerodactyl|Unnerve
|turn|1
|inactive|Battle timer is ON: inactive players will automatically lose when time's up. (requested by puppeteer35)
|
|t:|1783882509
|detailschange|p2a: Aerodactyl|Aerodactyl-Mega, L50, M, shiny
|-mega|p2a: Aerodactyl|Aerodactyl|Aerodactylite
|move|p2a: Aerodactyl|Tailwind|p2a: Aerodactyl
|-sidestart|p2: puppeteer35|move: Tailwind
|move|p2b: Garchomp|Dragon Claw|p1b: Basculegion
|-damage|p1b: Basculegion|36/100
|-enditem|p1b: Basculegion|Sitrus Berry|[eat]
|-heal|p1b: Basculegion|61/100|[from] item: Sitrus Berry
|-damage|p2b: Garchomp|90/100|[from] item: Life Orb
|move|p1a: Whimsicott|Moonblast|p2b: Garchomp
|-supereffective|p2b: Garchomp|1
|-damage|p2b: Garchomp|14/100
|move|p1b: Basculegion|Wave Crash|p2a: Aerodactyl
|-supereffective|p2a: Aerodactyl|1
|-damage|p2a: Aerodactyl|0 fnt
|faint|p2a: Aerodactyl
|-damage|p1b: Basculegion|35/100|[from] Recoil
|
|upkeep
|
|t:|1783882526
|switch|p2a: Kingambit|Kingambit, L50, M|100/100
|turn|2
|
|t:|1783882549
|move|p2b: Garchomp|Protect|p2b: Garchomp
|-singleturn|p2b: Garchomp|Protect
|move|p1a: Whimsicott|Tailwind|p1a: Whimsicott
|-sidestart|p1: ace.bnz|move: Tailwind
|move|p1b: Basculegion|Aqua Jet|p2b: Garchomp
|-activate|p2b: Garchomp|move: Protect
|move|p2a: Kingambit|Kowtow Cleave|p1b: Basculegion
|-supereffective|p1b: Basculegion|1
|-damage|p1b: Basculegion|0 fnt
|faint|p1b: Basculegion
|
|upkeep
|
|t:|1783882562
|switch|p1b: Charizard|Charizard, L50, F|100/100
|turn|3
|
|t:|1783882574
|switch|p2b: Sneasler|Sneasler, L50, F|100/100
|detailschange|p1b: Charizard|Charizard-Mega-Y, L50, F
|-mega|p1b: Charizard|Charizard|Charizardite Y
|-weather|SunnyDay|[from] ability: Drought|[of] p1b: Charizard
|move|p1a: Whimsicott|Encore||[still]
|-fail|p1a: Whimsicott
|move|p1b: Charizard|Heat Wave|p2a: Kingambit|[spread] p2a
|-miss|p1b: Charizard|p2b: Sneasler
|-supereffective|p2a: Kingambit|1
|-damage|p2a: Kingambit|0 fnt
|faint|p2a: Kingambit
|
|-weather|SunnyDay|[upkeep]
|upkeep
|
|t:|1783882581
|switch|p2a: Garchomp|Garchomp, L50, M|14/100
|turn|4
|
|t:|1783882600
|move|p1a: Whimsicott|Protect|p1a: Whimsicott
|-singleturn|p1a: Whimsicott|Protect
|move|p1b: Charizard|Protect|p1b: Charizard
|-singleturn|p1b: Charizard|Protect
|move|p2b: Sneasler|Close Combat|p1b: Charizard
|-activate|p1b: Charizard|move: Protect
|move|p2a: Garchomp|Rock Slide|p1b: Charizard|[spread] 
|-activate|p1a: Whimsicott|move: Protect
|-activate|p1b: Charizard|move: Protect
|
|-weather|SunnyDay|[upkeep]
|-sideend|p2: puppeteer35|move: Tailwind
|upkeep
|turn|5
|
|t:|1783882618
|move|p1a: Whimsicott|Moonblast|p2a: Garchomp
|-supereffective|p2a: Garchomp|1
|-damage|p2a: Garchomp|0 fnt
|faint|p2a: Garchomp
|move|p1b: Charizard|Weather Ball|p2b: Sneasler
|-damage|p2b: Sneasler|0 fnt
|faint|p2b: Sneasler
|
|win|ace.bnz
||puppeteer35 is ready for game 2.
|inactive|ace.bnz has 30 seconds to confirm battle start!
||ace.bnz is ready for game 2.
|uhtml|next|Next: Game 2 of 3
|l|☆puppeteer35
|player|p2|
