|j|☆waffobaffo
|j|☆FenneccyFoxMV
|html|waffobaffoFenneccyFoxMV    
|uhtml|bestof|Game 1 of a best-of-3
|t:|1783041202
|gametype|doubles
|player|p1|waffobaffo|pokemonbreeder-gen4|
|player|p2|FenneccyFoxMV|265|
|gen|9
|tier|[Gen 9 Champions] VGC 2026 Reg M-B (Bo3)
|rule|Species Clause: Limit one of each Pokémon
|rule|Item Clause: Limit 1 of each item
|clearpoke
|poke|p1|Sylveon, L50, M|
|poke|p1|Klefki, L50, F|
|poke|p1|Torkoal, L50, F|
|poke|p1|Farigiraf, L50, F|
|poke|p1|Blastoise, L50, M|
|poke|p1|Chesnaught, L50, F|
|poke|p2|Morpeko, L50, F|
|poke|p2|Tinkaton, L50, F|
|poke|p2|Vanilluxe, L50, F|
|poke|p2|Delphox, L50, M|
|poke|p2|Primarina, L50, F|
|poke|p2|Tsareena, L50, F|
|teampreview|4
|showteam|p1|Sylveon||FairyFeather|Pixilate|HyperVoice,HyperBeam,QuickAttack,Protect|Quiet||M|||50|]Klefki||OccaBerry|Prankster|TrickRoom,DazzlingGleam,Reflect,SteelBeam|Sassy||F|||50|]Torkoal||Charcoal|Drought|Eruption,WeatherBall,EarthPower,Protect|Quiet||F|||50|]Farigiraf||MentalHerb|ArmorTail|Roar,TwinBeam,TrickRoom,RainDance|Bold||F|||50|]Blastoise||Blastoisinite|Torrent|FakeOut,WaterSpout,AuraSphere,DarkPulse|Quiet||M|||50|]Chesnaught||Leftovers|Bulletproof|SpikyShield,WideGuard,BodyPress,LeechSeed|Relaxed||F|||50|
|showteam|p2|Morpeko||FocusSash|HungerSwitch|FakeOut,KnockOff,AuraWheel,Protect|Jolly||F|||50|]Tinkaton||OccaBerry|MoldBreaker|GigatonHammer,FakeOut,Encore,Feint|Jolly||F|||50|]Vanilluxe||ChoiceScarf|SnowWarning|Blizzard,FreezeDry,IcyWind,IceShard|Timid||F|||50|]Delphox||Delphoxite|Blaze|HeatWave,Psychic,NastyPlot,Protect|Timid||M|||50|]Primarina||Leftovers|LiquidVoice|HyperVoice,CalmMind,Moonblast,Protect|Modest||F|||50|]Tsareena||WideLens|QueenlyMajesty|Taunt,PowerWhip,HighJumpKick,Protect|Adamant||F|||50|
|
|t:|1783041315
|teamsize|p1|4
|teamsize|p2|4
|start
|switch|p1a: Klefki|Klefki, L50, F|100/100
|switch|p1b: Farigiraf|Farigiraf, L50, F|100/100
|switch|p2a: Tinkaton|Tinkaton, L50, F|100/100
|switch|p2b: Primarina|Primarina, L50, F|100/100
|-ability|p2a: Tinkaton|Mold Breaker
|turn|1
|
|t:|1783041501
|move|p2a: Tinkaton|Fake Out|p1b: Farigiraf
|-damage|p1b: Farigiraf|92/100
|move|p1a: Klefki|Reflect|p1a: Klefki
|-sidestart|p1: waffobaffo|Reflect
|move|p2b: Primarina|Calm Mind|p2b: Primarina
|-boost|p2b: Primarina|spa|1
|-boost|p2b: Primarina|spd|1
|cant|p1b: Farigiraf|flinch
|
|upkeep
|turn|2
|
|t:|1783041529
|move|p2a: Tinkaton|Encore|p1a: Klefki
|-start|p1a: Klefki|Encore
|move|p1a: Klefki|Reflect||[still]
|-fail|p1a: Klefki
|move|p2b: Primarina|Hyper Voice|p1a: Klefki|[spread] p1a,p1b
|-damage|p1a: Klefki|41/100
|-damage|p1b: Farigiraf|55/100
|move|p1b: Farigiraf|Roar|p2b: Primarina
|drag|p2b: Vanilluxe|Vanilluxe, L50, F|100/100
|-weather|Snowscape|[from] ability: Snow Warning|[of] p2b: Vanilluxe
|
|-weather|Snowscape|[upkeep]
|upkeep
|turn|3
|
|t:|1783041614
|switch|p1a: Torkoal|Torkoal, L50, F|100/100
|-weather|SunnyDay|[from] ability: Drought|[of] p1a: Torkoal
|move|p2b: Vanilluxe|Blizzard|p1a: Torkoal|[spread] p1a,p1b
|-resisted|p1a: Torkoal|1
|-damage|p1a: Torkoal|77/100
|-damage|p1b: Farigiraf|29/100
|move|p2a: Tinkaton|Gigaton Hammer|p1b: Farigiraf
|-damage|p1b: Farigiraf|1/100
|move|p1b: Farigiraf|Trick Room|p1b: Farigiraf
|-fieldstart|move: Trick Room|[of] p1b: Farigiraf
|
|-weather|SunnyDay|[upkeep]
|upkeep
|turn|4
|
|t:|1783041657
|switch|p2b: Primarina|Primarina, L50, F|100/100
|move|p2a: Tinkaton|Feint|p1b: Farigiraf
|-damage|p1b: Farigiraf|0 fnt
|faint|p1b: Farigiraf
|move|p1a: Torkoal|Eruption|p2a: Tinkaton|[spread] p2a,p2b
|-supereffective|p2a: Tinkaton|1
|-enditem|p2a: Tinkaton|Occa Berry|[eat]
|-enditem|p2a: Tinkaton|Occa Berry|[weaken]
|-resisted|p2b: Primarina|1
|-damage|p2a: Tinkaton|43/100
|-damage|p2b: Primarina|71/100
|
|-weather|SunnyDay|[upkeep]
|-heal|p2b: Primarina|77/100|[from] item: Leftovers
|upkeep
|
|t:|1783041670
|switch|p1b: Sylveon|Sylveon, L50, M|100/100
|turn|5
|
|t:|1783041689
|move|p1a: Torkoal|Eruption|p2a: Tinkaton|[spread] p2a,p2b
|-supereffective|p2a: Tinkaton|1
|-resisted|p2b: Primarina|1
|-damage|p2a: Tinkaton|0 fnt
|-damage|p2b: Primarina|47/100
|faint|p2a: Tinkaton
|move|p1b: Sylveon|Hyper Voice|p2b: Primarina
|-damage|p2b: Primarina|0 fnt
|faint|p2b: Primarina
|
|-weather|SunnyDay|[upkeep]
|-sideend|p1: waffobaffo|Reflect
|upkeep
|
|t:|1783041700
|switch|p2b: Vanilluxe|Vanilluxe, L50, F|100/100
|switch|p2a: Tsareena|Tsareena, L50, F|100/100
|-weather|Snowscape|[from] ability: Snow Warning|[of] p2b: Vanilluxe
|turn|6
|
|t:|1783041758
|move|p2a: Tsareena|Protect|p2a: Tsareena
|-singleturn|p2a: Tsareena|Protect
|move|p2b: Vanilluxe|Ice Shard|p1a: Torkoal
|-resisted|p1a: Torkoal|1
|-damage|p1a: Torkoal|72/100
|move|p1a: Torkoal|Weather Ball|p2a: Tsareena
|-activate|p2a: Tsareena|move: Protect
|move|p1b: Sylveon|Hyper Beam|p2b: Vanilluxe
|-damage|p2b: Vanilluxe|0 fnt
|-mustrecharge|p1b: Sylveon
|faint|p2b: Vanilluxe
|
|-weather|Snowscape|[upkeep]
|upkeep
|turn|7
|
|t:|1783041829
|move|p1a: Torkoal|Weather Ball|p2a: Tsareena
|-supereffective|p2a: Tsareena|1
|-crit|p2a: Tsareena
|-damage|p2a: Tsareena|1/100
|cant|p1b: Sylveon|recharge
|move|p2a: Tsareena|High Jump Kick|p1a: Torkoal
|-damage|p1a: Torkoal|36/100
|
|-weather|Snowscape|[upkeep]
|-fieldend|move: Trick Room
|upkeep
|turn|8
|
|t:|1783041857
|move|p2a: Tsareena|Protect|p2a: Tsareena
|-singleturn|p2a: Tsareena|Protect
|move|p1b: Sylveon|Quick Attack||[still]
|cant|p2a: Tsareena|ability: Queenly Majesty|Quick Attack|[of] p1b: Sylveon
|move|p1a: Torkoal|Weather Ball|p2a: Tsareena
|-activate|p2a: Tsareena|move: Protect
|
|-weather|Snowscape|[upkeep]
|upkeep
|turn|9
|
|t:|1783041872
|move|p2a: Tsareena|Protect|p2a: Tsareena
|-singleturn|p2a: Tsareena|Protect
|move|p1b: Sylveon|Hyper Beam|p2a: Tsareena
|-activate|p2a: Tsareena|move: Protect
|move|p1a: Torkoal|Weather Ball|p2a: Tsareena
|-activate|p2a: Tsareena|move: Protect
|
|-weather|Snowscape|[upkeep]
|upkeep
|turn|10
|
|t:|1783041883
|move|p2a: Tsareena|Protect|p2a: Tsareena
|-singleturn|p2a: Tsareena|Protect
|move|p1b: Sylveon|Hyper Beam|p2a: Tsareena
|-activate|p2a: Tsareena|move: Protect
|move|p1a: Torkoal|Weather Ball|p2a: Tsareena
|-activate|p2a: Tsareena|move: Protect
|
|-weather|none
|upkeep
|turn|11
|
|t:|1783041896
|move|p2a: Tsareena|Protect||[still]
|-fail|p2a: Tsareena
|move|p1b: Sylveon|Hyper Beam|p2a: Tsareena
|-damage|p2a: Tsareena|0 fnt
|-mustrecharge|p1b: Sylveon
|faint|p2a: Tsareena
|
|win|waffobaffo
|inactive|waffobaffo has 30 seconds to confirm battle start!
|inactive|FenneccyFoxMV has 30 seconds to confirm battle start!
||waffobaffo is ready for game 2.
||FenneccyFoxMV is ready for game 2.
|uhtml|next|Next: Game 2 of 3
