|j|☆bunbun04
|j|☆Gamingdragon123
|html|bunbun04Gamingdragon123    
|uhtml|bestof|Game 1 of a best-of-3
|t:|1784316031
|gametype|doubles
|player|p1|bunbun04|miku-water|
|player|p2|Gamingdragon123|102|
|gen|9
|tier|[Gen 9 Champions] VGC 2026 Reg M-B (Bo3)
|rule|Species Clause: Limit one of each Pokémon
|rule|Item Clause: Limit 1 of each item
|clearpoke
|poke|p1|Sableye, L50, M|
|poke|p1|Dragalge, L50, M|
|poke|p1|Basculegion, L50, M, shiny|
|poke|p1|Swampert, L50, F, shiny|
|poke|p1|Gardevoir, L50, M, shiny|
|poke|p1|Krookodile, L50, F|
|poke|p2|Kangaskhan, L50, F|
|poke|p2|Venusaur, L50, F|
|poke|p2|Heliolisk, L50, F|
|poke|p2|Charizard, L50, M|
|poke|p2|Dragonite, L50, F|
|poke|p2|Drampa, L50, F|
|teampreview|4
|showteam|p1|Sableye||DampRock|Prankster|RainDance,Quash,FakeOut,ThunderWave|Impish||M|||50|]Dragalge||Dragalgite|Adaptability|Protect,DracoMeteor,HydroPump,Thunder|Modest||M|||50|]Basculegion||LifeOrb|SwiftSwim|LastRespects,Protect,WaveCrash,FlipTurn|Adamant||M|||50|]Swampert||Swampertite|Torrent|FlipTurn,WaveCrash,SmackDown,Protect|Careful||F|||50|]Gardevoir||ChoiceScarf|Synchronize|RainDance,Encore,DestinyBond,ThunderWave|Timid||M|||50|]Krookodile||Leftovers|Intimidate|StealthRock,Bulldoze,DragonTail,KnockOff|Careful||F|||50|
|showteam|p2|Kangaskhan||Kangaskhanite|Scrappy|Crunch,FakeOut,Protect,DrainPunch|Adamant||F|||50|]Venusaur||Leftovers|Chlorophyll|EarthPower,EnergyBall,SludgeBomb,Protect|Naive||F|||50|]Heliolisk||ChoiceScarf|DrySkin|RockSlide,Protect,Discharge,DarkPulse|Mild||F|||50|]Charizard||CharizarditeY|Blaze|AncientPower,DragonPulse,Flamethrower,Protect|Naive||M|||50|]Dragonite||ExpertBelt|InnerFocus|Protect,Waterfall,IceSpinner,ThunderPunch|Adamant||F|||50|]Drampa||ChopleBerry|CloudNine|Protect,Thunderbolt,Roost,LightScreen|Sassy||F|||50|
|
|t:|1784316122
|teamsize|p1|4
|teamsize|p2|4
|start
|switch|p1a: wragh|Sableye, L50, M|100/100
|switch|p1b: Caiman|Krookodile, L50, F|100/100
|switch|p2a: Drampa|Drampa, L50, F|100/100
|switch|p2b: Kangaskhan|Kangaskhan, L50, F|100/100
|-ability|p1b: Caiman|Intimidate|boost
|-unboost|p2a: Drampa|atk|1
|-fail|p2b: Kangaskhan|unboost|Attack|[from] ability: Scrappy|[of] p2b: Kangaskhan
|-ability|p2a: Drampa|Cloud Nine
|turn|1
|
|t:|1784316229
|detailschange|p2b: Kangaskhan|Kangaskhan-Mega, L50, F
|-mega|p2b: Kangaskhan|Kangaskhan|Kangaskhanite
|move|p2b: Kangaskhan|Fake Out|p1b: Caiman
|-damage|p1b: Caiman|74/100
|-damage|p1b: Caiman|68/100
|-hitcount|p1b: Caiman|2
|move|p1a: wragh|Fake Out|p2b: Kangaskhan
|-damage|p2b: Kangaskhan|92/100
|cant|p1b: Caiman|flinch
|move|p2a: Drampa|Light Screen|p2a: Drampa
|-sidestart|p2: Gamingdragon123|move: Light Screen
|
|-heal|p1b: Caiman|74/100|[from] item: Leftovers
|upkeep
|turn|2
|
|t:|1784316258
|move|p2b: Kangaskhan|Protect|p2b: Kangaskhan
|-singleturn|p2b: Kangaskhan|Protect
|move|p1a: wragh|Quash|p2b: Kangaskhan
|-activate|p2b: Kangaskhan|move: Protect
|move|p1b: Caiman|Stealth Rock|p2b: Kangaskhan
|-sidestart|p2: Gamingdragon123|move: Stealth Rock
|move|p2a: Drampa|Thunderbolt|p1a: wragh
|-damage|p1a: wragh|69/100
|
|-heal|p1b: Caiman|80/100|[from] item: Leftovers
|upkeep
|turn|3
|
|t:|1784316279
|move|p1a: wragh|Thunder Wave|p2b: Kangaskhan
|-status|p2b: Kangaskhan|par
|move|p2b: Kangaskhan|Drain Punch|p1b: Caiman
|-supereffective|p1b: Caiman|1
|-damage|p1b: Caiman|18/100
|-heal|p2b: Kangaskhan|100/100 par|[from] drain|[of] p1b: Caiman
|-supereffective|p1b: Caiman|1
|-damage|p1b: Caiman|4/100
|-hitcount|p1b: Caiman|2
|move|p2a: Drampa|Thunderbolt|p1a: wragh
|-damage|p1a: wragh|38/100
|move|p1b: Caiman|Dragon Tail|p2a: Drampa
|-supereffective|p2a: Drampa|1
|-damage|p2a: Drampa|69/100
|drag|p2a: Venusaur|Venusaur, L50, F|100/100
|-damage|p2a: Venusaur|87/100|[from] Stealth Rock
|
|-heal|p2a: Venusaur|93/100|[from] item: Leftovers
|-heal|p1b: Caiman|10/100|[from] item: Leftovers
|upkeep
|turn|4
|
|t:|1784316318
|move|p2b: Kangaskhan|Protect|p2b: Kangaskhan
|-singleturn|p2b: Kangaskhan|Protect
|move|p1a: wragh|Quash|p2a: Venusaur
|-activate|p2a: Venusaur|move: Quash
|move|p1b: Caiman|Knock Off|p2a: Venusaur
|-damage|p2a: Venusaur|42/100
|-enditem|p2a: Venusaur|Leftovers|[from] move: Knock Off|[of] p1b: Caiman
|move|p2a: Venusaur|Energy Ball|p1b: Caiman
|-supereffective|p1b: Caiman|1
|-damage|p1b: Caiman|0 fnt
|faint|p1b: Caiman
|
|upkeep
|
|t:|1784316331
|switch|p1b: Kombu|Dragalge, L50, M|100/100
|turn|5
|
|t:|1784316360
|detailschange|p1b: Kombu|Dragalge-Mega, L50, M
|-mega|p1b: Kombu|Dragalge|Dragalgite
|move|p1a: wragh|Rain Dance|p1a: wragh
|-weather|RainDance
|move|p2a: Venusaur|Earth Power|p1b: Kombu
|-supereffective|p1b: Kombu|1
|-damage|p1b: Kombu|65/100
|move|p2b: Kangaskhan|Crunch|p1a: wragh
|-damage|p1a: wragh|2/100
|-damage|p1a: wragh|0 fnt
|faint|p1a: wragh
|-hitcount|p1: wragh|2
|move|p1b: Kombu|Draco Meteor|p2a: Venusaur
|-damage|p2a: Venusaur|0 fnt
|-unboost|p1b: Kombu|spa|2
|faint|p2a: Venusaur
|
|-weather|RainDance|[upkeep]
|-sideend|p2: Gamingdragon123|move: Light Screen
|upkeep
|
|t:|1784316378
|switch|p2a: Drampa|Drampa, L50, F|69/100
|switch|p1a: Salmon|Basculegion, L50, M, shiny|100/100
|-damage|p2a: Drampa|57/100|[from] Stealth Rock
|-ability|p2a: Drampa|Cloud Nine
|turn|6
|
|t:|1784316407
|move|p2a: Drampa|Protect|p2a: Drampa
|-singleturn|p2a: Drampa|Protect
|move|p1a: Salmon|Wave Crash|p2b: Kangaskhan
|-damage|p2b: Kangaskhan|15/100 par
|-damage|p1a: Salmon|74/100|[from] Recoil
|-damage|p1a: Salmon|64/100|[from] item: Life Orb
|cant|p2b: Kangaskhan|par
|move|p1b: Kombu|Hydro Pump|p2b: Kangaskhan
|-damage|p2b: Kangaskhan|0 fnt
|faint|p2b: Kangaskhan
|
|-weather|RainDance|[upkeep]
|upkeep
|
|t:|1784316419
|switch|p2b: Dragonite|Dragonite, L50, F|100/100
|-damage|p2b: Dragonite|75/100|[from] Stealth Rock
|turn|7
|
|t:|1784316445
|move|p2b: Dragonite|Protect|p2b: Dragonite
|-singleturn|p2b: Dragonite|Protect
|move|p1a: Salmon|Wave Crash|p2a: Drampa
|-resisted|p2a: Drampa|1
|-damage|p2a: Drampa|19/100
|-damage|p1a: Salmon|53/100|[from] Recoil
|-damage|p1a: Salmon|43/100|[from] item: Life Orb
|move|p1b: Kombu|Draco Meteor|p2b: Dragonite
|-activate|p2b: Dragonite|move: Protect
|move|p2a: Drampa|Thunderbolt|p1a: Salmon
|-supereffective|p1a: Salmon|1
|-damage|p1a: Salmon|0 fnt
|faint|p1a: Salmon
|
|-weather|RainDance|[upkeep]
|upkeep
|turn|8
|
|t:|1784316490
|move|p2b: Dragonite|Ice Spinner|p1b: Kombu
|-supereffective|p1b: Kombu|1
|-damage|p1b: Kombu|0 fnt
|faint|p1b: Kombu
|
|win|Gamingdragon123
