|j|☆3rdPlaceTennis
|j|☆michael skarm
|html|3rdPlaceTennismichael skarm    
|uhtml|bestof|Game 2 of a best-of-3
|t:|1756610461
|gametype|doubles
|player|p1|3rdPlaceTennis|bugcatcher-gen4dp|1127
|player|p2|michael skarm|volkner|1047
|gen|9
|tier|[Gen 9] VGC 2025 Reg H (Bo3)
|rated|
|rule|Species Clause: Limit one of each Pokémon
|rule|Item Clause: Limit 1 of each item
|clearpoke
|poke|p1|Kommo-o, L50, F|
|poke|p1|Gothitelle, L50, M|
|poke|p1|Ninetales-Alola, L50, M|
|poke|p1|Incineroar, L50, M|
|poke|p1|Ursaluna, L50, F|
|poke|p1|Archaludon, L50, M|
|poke|p2|Dondozo, L50, F|
|poke|p2|Tatsugiri, L50, F|
|poke|p2|Annihilape, L50, F|
|poke|p2|Sneasler, L50, M|
|poke|p2|Indeedee, L50, M|
|poke|p2|Dragonite, L50, F|
|teampreview|4
|showteam|p1|Kommo-o||ThroatSpray|Soundproof|ClangingScales,Flamethrower,ClangorousSoul,Protect|||F|||50|,,,,,Fire]Gothitelle||Leftovers|ShadowTag|Protect,Psychic,TrickRoom,FakeOut|||M|||50|,,,,,Water]Ninetales-Alola||FocusSash|SnowWarning|Protect,Encore,Blizzard,IcyWind|||M|||50|,,,,,Ghost]Incineroar||SafetyGoggles|Intimidate|KnockOff,Taunt,FakeOut,PartingShot|||M|||50|,,,,,Ghost]Ursaluna||FlameOrb|Guts|Facade,HeadlongRush,Earthquake,Protect|||F|||50|,,,,,Fairy]Archaludon||PowerHerb|Sturdy|DracoMeteor,ElectroShot,Thunderbolt,Protect|||M|||50|,,,,,Electric
|showteam|p2|Dondozo||Leftovers|Unaware|WaveCrash,OrderUp,Earthquake,Protect|||F|||50|,,,,,Grass]Tatsugiri||LifeOrb|Commander|MuddyWater,IcyWind,SleepTalk,DracoMeteor|||F|||50|,,,,,Ghost]Annihilape||ChoiceScarf|Defiant|FinalGambit,RageFist,CloseCombat,Uturn|||F|||50|,,,,,Water]Sneasler||PsychicSeed|Unburden|DireClaw,CloseCombat,ThroatChop,Protect|||M|||50|,,,,,Dark]Indeedee||FocusSash|PsychicSurge|ExpandingForce,TeraBlast,Imprison,TrickRoom|||M|||50|,,,,,Psychic]Dragonite||LoadedDice|Multiscale|ScaleShot,ExtremeSpeed,Haze,Protect|||F|||50|,,,,,Fairy
|inactive|Battle timer is ON: inactive players will automatically lose when time's up. (requested by michael skarm)
|
|t:|1756610507
|teamsize|p1|4
|teamsize|p2|4
|start
|switch|p1a: Ninetales|Ninetales-Alola, L50, M|100/100
|switch|p1b: Archaludon|Archaludon, L50, M|100/100
|switch|p2a: Annihilape|Annihilape, L50, F|100/100
|switch|p2b: Dondozo|Dondozo, L50, F|100/100
|-weather|Snowscape|[from] ability: Snow Warning|[of] p1a: Ninetales
|turn|1
|inactive|michael skarm has 30 seconds left.
|
|t:|1756610541
|-terastallize|p1b: Archaludon|Electric
|-terastallize|p2b: Dondozo|Grass
|move|p2a: Annihilape|U-turn|p1a: Ninetales
|-resisted|p1a: Ninetales
|-damage|p1a: Ninetales|90/100
|
|t:|1756610546
|switch|p2a: Tatsugiri|Tatsugiri, L50, F|100/100|[from] U-turn
|-activate|p2a: Tatsugiri|ability: Commander|[of] p2b: Dondozo
|-boost|p2b: Dondozo|atk|2
|-boost|p2b: Dondozo|spa|2
|-boost|p2b: Dondozo|spe|2
|-boost|p2b: Dondozo|def|2
|-boost|p2b: Dondozo|spd|2
|move|p1a: Ninetales|Icy Wind|p2b: Dondozo|[spread] p2b
|-miss|p1a: Ninetales|p2a: Tatsugiri
|-supereffective|p2b: Dondozo
|-damage|p2b: Dondozo|85/100
|-unboost|p2b: Dondozo|spe|1
|move|p1b: Archaludon|Electro Shot||[still]
|-prepare|p1b: Archaludon|Electro Shot
|-boost|p1b: Archaludon|spa|1
|-enditem|p1b: Archaludon|Power Herb
|-anim|p1b: Archaludon|Electro Shot|p2a: Tatsugiri|[miss]
|-miss|p1b: Archaludon|p2a: Tatsugiri
|move|p2b: Dondozo|Wave Crash|p1a: Ninetales
|-damage|p1a: Ninetales|0 fnt
|faint|p1a: Ninetales
|-damage|p2b: Dondozo|66/100|[from] Recoil
|
|-weather|Snowscape|[upkeep]
|-heal|p2b: Dondozo|73/100|[from] item: Leftovers
|upkeep
|
|t:|1756610549
|switch|p1a: Incineroar|Incineroar, L50, M|100/100
|-ability|p1a: Incineroar|Intimidate|boost
|-unboost|p2a: Tatsugiri|atk|1
|-unboost|p2b: Dondozo|atk|1
|turn|2
|inactive|michael skarm has 30 seconds left.
|
|t:|1756610575
|move|p2b: Dondozo|Protect|p2b: Dondozo
|-singleturn|p2b: Dondozo|Protect
|move|p1a: Incineroar|Fake Out|p2b: Dondozo
|-activate|p2b: Dondozo|move: Protect
|move|p1b: Archaludon|Draco Meteor|p2b: Dondozo
|-activate|p2b: Dondozo|move: Protect
|
|-weather|Snowscape|[upkeep]
|-heal|p2b: Dondozo|79/100|[from] item: Leftovers
|upkeep
|turn|3
|
|t:|1756610579
|move|p1b: Archaludon|Protect|p1b: Archaludon
|-singleturn|p1b: Archaludon|Protect
|move|p2b: Dondozo|Earthquake|p1a: Incineroar|[spread] p1a
|-miss|p2b: Dondozo|p2a: Tatsugiri
|-activate|p1b: Archaludon|move: Protect
|-supereffective|p1a: Incineroar
|-damage|p1a: Incineroar|36/100
|move|p1a: Incineroar|Parting Shot|p2b: Dondozo
|-unboost|p2b: Dondozo|atk|1
|-unboost|p2b: Dondozo|spa|1
|
|t:|1756610583
|switch|p1a: Kommo-o|Kommo-o, L50, F|100/100|[from] Parting Shot
|
|-weather|Snowscape|[upkeep]
|-heal|p2b: Dondozo|85/100|[from] item: Leftovers
|upkeep
|turn|4
|
|t:|1756610606
|switch|p1a: Incineroar|Incineroar, L50, M|36/100
|-ability|p1a: Incineroar|Intimidate|boost
|-unboost|p2a: Tatsugiri|atk|1
|-unboost|p2b: Dondozo|atk|1
|move|p1b: Archaludon|Draco Meteor|p2b: Dondozo
|-damage|p2b: Dondozo|52/100
|-unboost|p1b: Archaludon|spa|2
|move|p2b: Dondozo|Order Up|p1a: Incineroar
|-damage|p1a: Incineroar|20/100
|-boost|p2b: Dondozo|atk|1
|
|-weather|Snowscape|[upkeep]
|-heal|p2b: Dondozo|58/100|[from] item: Leftovers
|upkeep
|turn|5
|
|t:|1756610618
|move|p2b: Dondozo|Protect|p2b: Dondozo
|-singleturn|p2b: Dondozo|Protect
|move|p1a: Incineroar|Fake Out|p2b: Dondozo
|-activate|p2b: Dondozo|move: Protect
|move|p1b: Archaludon|Draco Meteor|p2b: Dondozo
|-activate|p2b: Dondozo|move: Protect
|
|-weather|none
|-heal|p2b: Dondozo|65/100|[from] item: Leftovers
|upkeep
|turn|6
|
|t:|1756610624
|switch|p1a: Kommo-o|Kommo-o, L50, F|100/100
|move|p1b: Archaludon|Draco Meteor|p2b: Dondozo
|-damage|p2b: Dondozo|31/100
|-unboost|p1b: Archaludon|spa|2
|move|p2b: Dondozo|Earthquake|p1b: Archaludon|[spread] p1a,p1b
|-miss|p2b: Dondozo|p2a: Tatsugiri
|-supereffective|p1b: Archaludon
|-damage|p1a: Kommo-o|80/100
|-damage|p1b: Archaludon|64/100
|
|-heal|p2b: Dondozo|37/100|[from] item: Leftovers
|upkeep
|turn|7
|
|t:|1756610648
|move|p1b: Archaludon|Draco Meteor|p2b: Dondozo
|-damage|p2b: Dondozo|0 fnt
|-unboost|p1b: Archaludon|spa|2
|faint|p2b: Dondozo
|move|p1a: Kommo-o|Flamethrower|p2a: Tatsugiri
|-resisted|p2a: Tatsugiri
|-damage|p2a: Tatsugiri|91/100
|
|upkeep
|inactive|michael skarm has 30 seconds left.
|inactive|michael skarm has 20 seconds left.
|inactive|michael skarm has 15 seconds left.
|inactive|michael skarm has 10 seconds left.
|
|t:|1756610696
|switch|p2b: Annihilape|Annihilape, L50, F|100/100
|turn|8
|inactive|michael skarm has 30 seconds left.
|
|t:|1756610726
|switch|p1b: Incineroar|Incineroar, L50, M|20/100
|-ability|p1b: Incineroar|Intimidate|boost
|-unboost|p2a: Tatsugiri|atk|1
|-unboost|p2b: Annihilape|atk|1
|-ability|p2b: Annihilape|Defiant|boost
|-boost|p2b: Annihilape|atk|2
|move|p2b: Annihilape|Final Gambit|p1a: Kommo-o
|-damage|p1a: Kommo-o|0 fnt
|faint|p2b: Annihilape
|faint|p1a: Kommo-o
|move|p2a: Tatsugiri|Muddy Water|p1b: Incineroar
|-supereffective|p1b: Incineroar
|-damage|p1b: Incineroar|0 fnt
|faint|p1b: Incineroar
|-damage|p2a: Tatsugiri|82/100|[from] item: Life Orb
|
|upkeep
|
|t:|1756610735
|switch|p2b: Sneasler|Sneasler, L50, M|100/100
|switch|p1b: Archaludon|Archaludon, L50, M, tera:Electric|64/100
|turn|9
|-message|3rdPlaceTennis forfeited.
|
|win|michael skarm
