|j|☆lShoots
|j|☆mackerjuan
|html|lShootsmackerjuan    
|uhtml|bestof|Game 2 of a best-of-3
|t:|1756199273
|gametype|doubles
|player|p1|lShoots|169|1123
|player|p2|mackerjuan|2|1226
|gen|9
|tier|[Gen 9] VGC 2025 Reg H (Bo3)
|rated|
|rule|Species Clause: Limit one of each Pokémon
|rule|Item Clause: Limit 1 of each item
|clearpoke
|poke|p1|Primarina, L50, F|
|poke|p1|Hydreigon, L50, F|
|poke|p1|Ursaluna-Bloodmoon, L50, M|
|poke|p1|Amoonguss, L50, F|
|poke|p1|Incineroar, L50, M|
|poke|p1|Gholdengo, L50|
|poke|p2|Incineroar, L50, F|
|poke|p2|Gholdengo, L50|
|poke|p2|Porygon2, L50|
|poke|p2|Ursaluna, L50, M|
|poke|p2|Amoonguss, L50, M|
|poke|p2|Hydreigon, L50, M|
|teampreview|4
|showteam|p1|Primarina||AssaultVest|LiquidVoice|Moonblast,HyperVoice,IcyWind,FlipTurn|||F|||50|,,,,,Dragon]Hydreigon||SafetyGoggles|Levitate|DracoMeteor,DarkPulse,Tailwind,Protect|||F|||50|,,,,,Poison]Ursaluna-Bloodmoon||LifeOrb|MindsEye|BloodMoon,EarthPower,HyperVoice,Protect|||M|||50|,,,,,Normal]Amoonguss||RockyHelmet|EffectSpore|Spore,RagePowder,SludgeBomb,PollenPuff|||F|||50|,,,,,Water]Incineroar||SitrusBerry|Intimidate|KnockOff,FlareBlitz,FakeOut,PartingShot|||M|||50|,,,,,Ghost]Gholdengo||MetalCoat|GoodasGold|MakeItRain,ShadowBall,NastyPlot,Protect||||||50|,,,,,Water
|showteam|p2|Incineroar||SafetyGoggles|Intimidate|FlareBlitz,KnockOff,FakeOut,PartingShot|||F|||50|,,,,,Ghost]Gholdengo||LifeOrb|GoodasGold|MakeItRain,ShadowBall,NastyPlot,Protect||||||50|,,,,,Water]Porygon2||Eviolite|Download|TeraBlast,IceBeam,Recover,TrickRoom||||||50|,,,,,Fighting]Ursaluna||FlameOrb|Guts|Facade,HeadlongRush,Earthquake,Protect|||M|||50|,,,,,Ghost]Amoonguss||SitrusBerry|Regenerator|PollenPuff,Spore,RagePowder,Protect|||M|||50|,,,,,Water]Hydreigon||CovertCloak|Levitate|Taunt,Tailwind,DracoMeteor,Snarl|||M|||50|,,,,,Steel
|inactive|Battle timer is ON: inactive players will automatically lose when time's up. (requested by mackerjuan)
|inactive|mackerjuan has 60 seconds left.
|inactive|mackerjuan has 30 seconds left.
|
|t:|1756199338
|teamsize|p1|4
|teamsize|p2|4
|start
|switch|p1a: Incineroar|Incineroar, L50, M|100/100
|switch|p1b: Hydreigon|Hydreigon, L50, F, shiny|100/100
|switch|p2a: Hydreigon|Hydreigon, L50, M|100/100
|switch|p2b: Amoonguss|Amoonguss, L50, M|100/100
|-ability|p1a: Incineroar|Intimidate|boost
|-unboost|p2a: Hydreigon|atk|1
|-unboost|p2b: Amoonguss|atk|1
|turn|1
|inactive|lShoots has 30 seconds left.
|inactive|mackerjuan has 30 seconds left.
|
|t:|1756199372
|-terastallize|p1b: Hydreigon|Poison
|-terastallize|p2a: Hydreigon|Steel
|move|p1b: Hydreigon|Tailwind|p1b: Hydreigon
|-sidestart|p1: lShoots|move: Tailwind
|move|p2a: Hydreigon|Tailwind|p2a: Hydreigon
|-sidestart|p2: mackerjuan|move: Tailwind
|move|p1a: Incineroar|Flare Blitz|p2b: Amoonguss
|-supereffective|p2b: Amoonguss
|-damage|p2b: Amoonguss|5/100
|-enditem|p2b: Amoonguss|Sitrus Berry|[eat]
|-heal|p2b: Amoonguss|29/100|[from] item: Sitrus Berry
|-damage|p1a: Incineroar|66/100|[from] Recoil
|move|p2b: Amoonguss|Spore|p1a: Incineroar
|-status|p1a: Incineroar|slp|[from] move: Spore
|
|upkeep
|turn|2
|inactive|lShoots has 30 seconds left.
|inactive|mackerjuan has 30 seconds left.
|inactive|lShoots has 20 seconds left.
|
|t:|1756199409
|switch|p1a: Primarina|Primarina, L50, F, shiny|100/100
|switch|p2b: Ursaluna|Ursaluna, L50, M|100/100
|move|p2a: Hydreigon|Snarl|p1b: Hydreigon|[spread] p1a,p1b
|-resisted|p1a: Primarina
|-damage|p1a: Primarina|95/100
|-damage|p1b: Hydreigon|78/100
|-unboost|p1a: Primarina|spa|1
|-unboost|p1b: Hydreigon|spa|1
|move|p1b: Hydreigon|Dark Pulse|p2a: Hydreigon
|-damage|p2a: Hydreigon|76/100
|
|-status|p2b: Ursaluna|brn|[from] item: Flame Orb
|upkeep
|turn|3
|inactive|mackerjuan has 30 seconds left.
|inactive|lShoots has 30 seconds left.
|inactive|mackerjuan has 20 seconds left.
|inactive|lShoots has 20 seconds left.
|
|t:|1756199457
|switch|p1a: Incineroar|Incineroar, L50, M|66/100 slp
|-ability|p1a: Incineroar|Intimidate|boost
|-unboost|p2a: Hydreigon|atk|1
|-unboost|p2b: Ursaluna|atk|1
|move|p1b: Hydreigon|Draco Meteor|p2b: Ursaluna
|-damage|p2b: Ursaluna|64/100 brn
|-unboost|p1b: Hydreigon|spa|2
|move|p2a: Hydreigon|Snarl|p1b: Hydreigon|[spread] p1a,p1b
|-resisted|p1a: Incineroar
|-damage|p1a: Incineroar|59/100 slp
|-damage|p1b: Hydreigon|56/100
|-unboost|p1a: Incineroar|spa|1
|-unboost|p1b: Hydreigon|spa|1
|move|p2b: Ursaluna|Facade|p1a: Incineroar
|-damage|p1a: Incineroar|0 fnt
|faint|p1a: Incineroar
|
|-damage|p2b: Ursaluna|58/100 brn|[from] brn
|upkeep
|inactive|lShoots has 30 seconds left.
|
|t:|1756199486
|switch|p1a: Ursaluna|Ursaluna-Bloodmoon, L50, M|100/100
|turn|4
|
|t:|1756199511
|switch|p1b: Primarina|Primarina, L50, F, shiny|95/100
|move|p2a: Hydreigon|Snarl|p1b: Primarina|[spread] p1a,p1b
|-resisted|p1b: Primarina
|-damage|p1a: Ursaluna|76/100
|-damage|p1b: Primarina|90/100
|-unboost|p1a: Ursaluna|spa|1
|-unboost|p1b: Primarina|spa|1
|move|p1a: Ursaluna|Blood Moon|p2b: Ursaluna
|-damage|p2b: Ursaluna|0 fnt
|faint|p2b: Ursaluna
|-damage|p1a: Ursaluna|66/100|[from] item: Life Orb
|
|-sideend|p2: mackerjuan|move: Tailwind
|-sideend|p1: lShoots|move: Tailwind
|upkeep
|
|t:|1756199532
|switch|p2b: Amoonguss|Amoonguss, L50, M|63/100
|turn|5
|
|t:|1756199546
|move|p2b: Amoonguss|Protect|p2b: Amoonguss
|-singleturn|p2b: Amoonguss|Protect
|move|p2a: Hydreigon|Snarl|p1b: Primarina|[spread] p1a,p1b
|-resisted|p1b: Primarina
|-damage|p1a: Ursaluna|40/100
|-damage|p1b: Primarina|84/100
|-unboost|p1a: Ursaluna|spa|1
|-unboost|p1b: Primarina|spa|1
|move|p1a: Ursaluna|Earth Power|p2a: Hydreigon
|-immune|p2a: Hydreigon|[from] ability: Levitate
|move|p1b: Primarina|Flip Turn|p2a: Hydreigon
|-damage|p2a: Hydreigon|60/100
|
|t:|1756199560
|switch|p1b: Hydreigon|Hydreigon, L50, F, shiny, tera:Poison|56/100|[from] Flip Turn
|
|upkeep
|turn|6
|inactive|lShoots has 30 seconds left.
|inactive|mackerjuan has 30 seconds left.
|
|t:|1756199596
|move|p2a: Hydreigon|Draco Meteor|p1b: Hydreigon|[miss]
|-miss|p2a: Hydreigon|p1b: Hydreigon
|move|p1b: Hydreigon|Dark Pulse|p2a: Hydreigon
|-damage|p2a: Hydreigon|21/100
|move|p1a: Ursaluna|Blood Moon|p2a: Hydreigon
|-resisted|p2a: Hydreigon
|-damage|p2a: Hydreigon|0 fnt
|faint|p2a: Hydreigon
|-damage|p1a: Ursaluna|31/100|[from] item: Life Orb
|move|p2b: Amoonguss|Spore|p1a: Ursaluna
|-status|p1a: Ursaluna|slp|[from] move: Spore
|
|upkeep
|
|t:|1756199609
|switch|p2a: Gholdengo|Gholdengo, L50|100/100
|turn|7
|
|t:|1756199632
|switch|p1a: Primarina|Primarina, L50, F, shiny|84/100
|move|p1b: Hydreigon|Dark Pulse|p2a: Gholdengo
|-supereffective|p2a: Gholdengo
|-damage|p2a: Gholdengo|22/100
|move|p2a: Gholdengo|Make It Rain|p1b: Hydreigon|[spread] p1a,p1b
|-damage|p1a: Primarina|55/100
|-damage|p1b: Hydreigon|0 fnt
|-unboost|p2a: Gholdengo|spa|1
|faint|p1b: Hydreigon
|-damage|p2a: Gholdengo|12/100|[from] item: Life Orb
|move|p2b: Amoonguss|Pollen Puff|p2a: Gholdengo
|-heal|p2a: Gholdengo|62/100
|
|upkeep
|
|t:|1756199648
|switch|p1b: Ursaluna|Ursaluna-Bloodmoon, L50, M|31/100 slp
|turn|8
|
|t:|1756199662
|move|p2a: Gholdengo|Nasty Plot|p2a: Gholdengo
|-boost|p2a: Gholdengo|spa|2
|cant|p1b: Ursaluna|slp
|move|p1a: Primarina|Hyper Voice|p2b: Amoonguss|[spread] p2a,p2b
|-resisted|p2b: Amoonguss
|-damage|p2a: Gholdengo|28/100
|-damage|p2b: Amoonguss|50/100
|move|p2b: Amoonguss|Spore|p1a: Primarina
|-status|p1a: Primarina|slp|[from] move: Spore
|
|upkeep
|turn|9
|-message|lShoots forfeited.
|
|win|mackerjuan
||lShoots is ready for game 3.
