|j|☆pod_warbatino
|j|☆axcoquette
|html|pod_warbatinoaxcoquette    
|uhtml|bestof|Game 2 of a best-of-3
|t:|1783452104
|gametype|doubles
|player|p1|pod_warbatino|richboy|1118
|player|p2|axcoquette|maid|1195
|gen|9
|tier|[Gen 9 Champions] VGC 2026 Reg M-B (Bo3)
|rated|
|rule|Species Clause: Limit one of each Pokémon
|rule|Item Clause: Limit 1 of each item
|clearpoke
|poke|p1|Glimmora, L50, M, shiny|
|poke|p1|Sneasler, L50, F, shiny|
|poke|p1|Basculegion, L50, M|
|poke|p1|Kingambit, L50, M|
|poke|p1|Whimsicott, L50, M, shiny|
|poke|p1|Aerodactyl, L50, F|
|poke|p2|Delphox, L50, M|
|poke|p2|Sneasler, L50, F|
|poke|p2|Sinistcha, L50|
|poke|p2|Incineroar, L50, M|
|poke|p2|Kingambit, L50, M|
|poke|p2|Floette-Eternal, L50, F|
|teampreview|4
|showteam|p1|Glimmora||Glimmoranite|ToxicDebris|EarthPower,PowerGem,SludgeBomb,SpikyShield|Modest||M|||50|]Sneasler||WhiteHerb|Unburden|Coaching,CloseCombat,FakeOut,DireClaw|Adamant||F|||50|]Basculegion||MysticWater|Adaptability|LastRespects,AquaJet,Protect,WaveCrash|Adamant||M|||50|]Kingambit||BlackGlasses|Defiant|IronHead,SuckerPunch,LowKick,Protect|Adamant||M|||50|]Whimsicott||FocusSash|Prankster|Tailwind,DazzlingGleam,HelpingHand,Encore|Bold||M|||50|]Aerodactyl||Aerodactylite|RockHead|DualWingbeat,RockSlide,DragonClaw,Protect|Jolly||F|||50|
|showteam|p2|Delphox||Delphoxite|Blaze|Protect,NastyPlot,HeatWave,Psychic|Timid||M|||50|]Sneasler||FocusSash|Unburden|Protect,FakeOut,DireClaw,CloseCombat|Jolly||F|||50|]Sinistcha||KasibBerry|Hospitality|Protect,RagePowder,MatchaGotcha,LifeDew|Bold|||||50|]Incineroar||SitrusBerry|Intimidate|FakeOut,FlareBlitz,HelpingHand,PartingShot|Careful||M|||50|]Kingambit||BlackGlasses|Defiant|KowtowCleave,SwordsDance,SuckerPunch,Protect|Adamant||M|||50|]Floette-Eternal||Floettite|FlowerVeil|Moonblast,DazzlingGleam,CalmMind,Protect|Modest||F|||50|
|inactive|Battle timer is ON: inactive players will automatically lose when time's up. (requested by axcoquette)
|inactive|pod_warbatino has 60 seconds left.
|
|t:|1783452137
|teamsize|p1|4
|teamsize|p2|4
|start
|switch|p1a: Theridiosa|Sneasler, L50, F, shiny|100/100
|switch|p1b: Ópalo|Glimmora, L50, M, shiny|100/100
|switch|p2a: Delphox|Delphox, L50, M|100/100
|switch|p2b: Sneasler|Sneasler, L50, F|100/100
|turn|1
|
|t:|1783452158
|detailschange|p2a: Delphox|Delphox-Mega, L50, M
|-mega|p2a: Delphox|Delphox|Delphoxite
|move|p2a: Delphox|Protect|p2a: Delphox
|-singleturn|p2a: Delphox|Protect
|move|p2b: Sneasler|Fake Out|p1a: Theridiosa
|-damage|p1a: Theridiosa|75/100
|cant|p1a: Theridiosa|flinch
|move|p1b: Ópalo|Earth Power|p2b: Sneasler
|-supereffective|p2b: Sneasler|1
|-damage|p2b: Sneasler|7/100
|
|upkeep
|turn|2
|inactive|pod_warbatino has 30 seconds left.
|inactive|pod_warbatino has 20 seconds left.
|inactive|axcoquette has 30 seconds left.
|inactive|pod_warbatino has 15 seconds left.
|inactive|pod_warbatino has 10 seconds left.
|inactive|axcoquette has 20 seconds left.
|
|t:|1783452210
|move|p2a: Delphox|Psychic|p1b: Ópalo
|-supereffective|p1b: Ópalo|1
|-damage|p1b: Ópalo|0 fnt
|faint|p1b: Ópalo
|move|p2b: Sneasler|Close Combat|p1a: Theridiosa
|-resisted|p1a: Theridiosa|1
|-damage|p1a: Theridiosa|25/100
|-unboost|p2b: Sneasler|def|1
|-unboost|p2b: Sneasler|spd|1
|move|p1a: Theridiosa|Coaching|p1: Ópalo|[notarget]
|-fail|p1a: Theridiosa
|
|upkeep
|
|t:|1783452223
|switch|p1b: Aerodactyl|Aerodactyl, L50, F|100/100
|turn|3
|inactive|axcoquette has 30 seconds left.
|
|t:|1783452254
|detailschange|p1b: Aerodactyl|Aerodactyl-Mega, L50, F
|-mega|p1b: Aerodactyl|Aerodactyl|Aerodactylite
|move|p2a: Delphox|Protect|p2a: Delphox
|-singleturn|p2a: Delphox|Protect
|move|p1b: Aerodactyl|Rock Slide|p2a: Delphox|[spread] p2b
|-activate|p2a: Delphox|move: Protect
|-resisted|p2b: Sneasler|1
|-damage|p2b: Sneasler|0 fnt
|faint|p2b: Sneasler
|move|p1a: Theridiosa|Coaching|p1b: Aerodactyl
|-boost|p1b: Aerodactyl|atk|1
|-boost|p1b: Aerodactyl|def|1
|
|upkeep
|
|t:|1783452270
|switch|p2b: Kingambit|Kingambit, L50, M|100/100
|turn|4
|
|t:|1783452285
|switch|p2a: Sinistcha|Sinistcha, L50|100/100
|move|p2b: Kingambit|Sucker Punch|p1b: Aerodactyl
|-damage|p1b: Aerodactyl|56/100
|move|p1b: Aerodactyl|Rock Slide|p2b: Kingambit|[spread] p2a,p2b
|-resisted|p2b: Kingambit|1
|-damage|p2a: Sinistcha|67/100
|-damage|p2b: Kingambit|83/100
|move|p1a: Theridiosa|Close Combat|p2b: Kingambit
|-supereffective|p2b: Kingambit|2
|-damage|p2b: Kingambit|0 fnt
|-unboost|p1a: Theridiosa|def|1
|-unboost|p1a: Theridiosa|spd|1
|faint|p2b: Kingambit
|-enditem|p1a: Theridiosa|White Herb
|-clearnegativeboost|p1a: Theridiosa|[silent]
|
|upkeep
|
|t:|1783452299
|switch|p2b: Delphox|Delphox-Mega, L50, M|100/100
|turn|5
|
|t:|1783452323
|move|p1a: Theridiosa|Dire Claw|p2a: Sinistcha
|-damage|p2a: Sinistcha|34/100
|-status|p2a: Sinistcha|psn
|move|p1b: Aerodactyl|Rock Slide|p2a: Sinistcha|[spread] p2a,p2b
|-crit|p2a: Sinistcha
|-supereffective|p2b: Delphox|1
|-crit|p2b: Delphox
|-damage|p2a: Sinistcha|0 fnt
|-damage|p2b: Delphox|0 fnt
|faint|p2a: Sinistcha
|faint|p2b: Delphox
|
|win|pod_warbatino
