|j|☆don zaloog is real
|j|☆Rotomotopoto
|html|don zaloog is realRotomotopoto    
|uhtml|bestof|Game 1 of a best-of-3
|t:|1756150584
|gametype|doubles
|player|p1|don zaloog is real|collector|1321
|player|p2|Rotomotopoto|cynthia|1302
|gen|9
|tier|[Gen 9] VGC 2025 Reg H (Bo3)
|rated|
|rule|Species Clause: Limit one of each Pokémon
|rule|Item Clause: Limit 1 of each item
|clearpoke
|poke|p1|Rillaboom, L50, M|
|poke|p1|Volcarona, L50, F|
|poke|p1|Kingambit, L50, M|
|poke|p1|Ninetales-Alola, L50, F|
|poke|p1|Basculegion, L50, M|
|poke|p1|Electabuzz, L50, F|
|poke|p2|Archaludon, L50, M|
|poke|p2|Pelipper, L50, M|
|poke|p2|Basculegion, L50, M|
|poke|p2|Maushold-Four, L50|
|poke|p2|Annihilape, L50, F|
|poke|p2|Sinistcha-Masterpiece, L50|
|teampreview|4
|showteam|p1|Rillaboom||AssaultVest|GrassySurge|WoodHammer,GrassyGlide,HighHorsepower,FakeOut|||M|||50|,,,,,Fire]Volcarona||GrassySeed|FlameBody|HeatWave,GigaDrain,QuiverDance,Protect|||F|||50|,,,,,Grass]Kingambit||SafetyGoggles|Defiant|KowtowCleave,SuckerPunch,SwordsDance,Protect|||M|||50|,,,,,Dark]Ninetales-Alola||FocusSash|SnowWarning|Blizzard,Encore,Disable,Protect|||F|||50|,,,,,Ghost]Basculegion||ChoiceScarf|Adaptability|WaveCrash,LastRespects,FlipTurn,AquaJet|||M|||50|,,,,,Dragon]Electabuzz||Eviolite|VitalSpirit|Thunderbolt,FollowMe,Taunt,HelpingHand|||F|||50|,,,,,Fairy
|showteam|p2|Archaludon||AssaultVest|Stamina|ElectroShot,DragonPulse,FlashCannon,BodyPress|||M|||50|,,,,,Grass]Pelipper||FocusSash|Drizzle|WeatherBall,Hurricane,Tailwind,WideGuard|||M|||50|,,,,,Ghost]Basculegion||LifeOrb|SwiftSwim|WaveCrash,FlipTurn,LastRespects,AquaJet|||M|||50|,,,,,Water]Maushold-Four||SafetyGoggles|FriendGuard|SuperFang,BeatUp,Taunt,FollowMe||||||50|,,,,,Ghost]Annihilape||Leftovers|Defiant|RageFist,DrainPunch,BulkUp,Protect|||F|||50|,,,,,Fire]Sinistcha-Masterpiece||SitrusBerry|Hospitality|MatchaGotcha,RagePowder,LifeDew,TrickRoom||||||50|,,,,,Fairy
|
|t:|1756150610
|teamsize|p1|4
|teamsize|p2|4
|start
|switch|p1a: Electabuzz|Electabuzz, L50, F|100/100
|switch|p1b: Kingambit|Kingambit, L50, M|100/100
|switch|p2a: Maushold|Maushold-Four, L50|100/100
|switch|p2b: Annihilape|Annihilape, L50, F|100/100
|turn|1
|
|t:|1756150623
|-terastallize|p1b: Kingambit|Dark
|move|p2a: Maushold|Taunt|p1a: Electabuzz
|-start|p1a: Electabuzz|move: Taunt
|move|p2b: Annihilape|Bulk Up|p2b: Annihilape
|-boost|p2b: Annihilape|atk|1
|-boost|p2b: Annihilape|def|1
|move|p1a: Electabuzz|Thunderbolt|p2a: Maushold
|-damage|p2a: Maushold|64/100
|move|p1b: Kingambit|Kowtow Cleave|p2a: Maushold
|-damage|p2a: Maushold|0 fnt
|faint|p2a: Maushold
|
|upkeep
|
|t:|1756150636
|switch|p2a: Archaludon|Archaludon, L50, M, shiny|100/100
|turn|2
|
|t:|1756150655
|switch|p1a: Ninetales|Ninetales-Alola, L50, F|100/100
|-weather|Snowscape|[from] ability: Snow Warning|[of] p1a: Ninetales
|move|p2b: Annihilape|Bulk Up|p2b: Annihilape
|-boost|p2b: Annihilape|atk|1
|-boost|p2b: Annihilape|def|1
|move|p2a: Archaludon|Body Press|p1b: Kingambit
|-supereffective|p1b: Kingambit
|-damage|p1b: Kingambit|68/100
|move|p1b: Kingambit|Kowtow Cleave|p2a: Archaludon
|-damage|p2a: Archaludon|50/100
|-ability|p2a: Archaludon|Stamina|boost
|-boost|p2a: Archaludon|def|1
|
|-weather|Snowscape|[upkeep]
|upkeep
|turn|3
|
|t:|1756150688
|-terastallize|p2b: Annihilape|Fire
|move|p1b: Kingambit|Sucker Punch|p2a: Archaludon
|-damage|p2a: Archaludon|24/100
|-ability|p2a: Archaludon|Stamina|boost
|-boost|p2a: Archaludon|def|1
|move|p1a: Ninetales|Encore|p2b: Annihilape
|-start|p2b: Annihilape|Encore
|move|p2b: Annihilape|Bulk Up|p2b: Annihilape
|-boost|p2b: Annihilape|atk|1
|-boost|p2b: Annihilape|def|1
|move|p2a: Archaludon|Flash Cannon|p1a: Ninetales
|-supereffective|p1a: Ninetales
|-enditem|p1a: Ninetales|Focus Sash
|-damage|p1a: Ninetales|1/100
|
|-weather|Snowscape|[upkeep]
|upkeep
|turn|4
|
|t:|1756150711
|move|p1a: Ninetales|Blizzard|p2b: Annihilape|[spread] p2a,p2b
|-resisted|p2b: Annihilape
|-damage|p2a: Archaludon|3/100
|-damage|p2b: Annihilape|85/100
|-ability|p2a: Archaludon|Stamina|boost
|-boost|p2a: Archaludon|def|1
|move|p2b: Annihilape|Bulk Up|p2b: Annihilape
|-boost|p2b: Annihilape|atk|1
|-boost|p2b: Annihilape|def|1
|move|p2a: Archaludon|Flash Cannon|p1a: Ninetales
|-supereffective|p1a: Ninetales
|-damage|p1a: Ninetales|0 fnt
|faint|p1a: Ninetales
|move|p1b: Kingambit|Swords Dance|p1b: Kingambit
|-boost|p1b: Kingambit|atk|2
|
|-weather|Snowscape|[upkeep]
|-heal|p2b: Annihilape|91/100|[from] item: Leftovers
|upkeep
|
|t:|1756150724
|switch|p1a: Basculegion|Basculegion, L50, M|100/100
|turn|5
|
|t:|1756150740
|move|p1b: Kingambit|Sucker Punch|p2a: Archaludon
|-damage|p2a: Archaludon|0 fnt
|faint|p2a: Archaludon
|move|p1a: Basculegion|Wave Crash|p2b: Annihilape
|-supereffective|p2b: Annihilape
|-damage|p2b: Annihilape|32/100
|-damage|p1a: Basculegion|79/100|[from] Recoil
|move|p2b: Annihilape|Bulk Up|p2b: Annihilape
|-boost|p2b: Annihilape|atk|1
|-boost|p2b: Annihilape|def|1
|
|-weather|Snowscape|[upkeep]
|-heal|p2b: Annihilape|38/100|[from] item: Leftovers
|-end|p2b: Annihilape|Encore
|upkeep
|
|t:|1756150743
|switch|p2a: Sinistcha|Sinistcha-Masterpiece, L50, shiny|100/100
|-heal|p2b: Annihilape|63/100|[from] ability: Hospitality|[of] p2a: Sinistcha
|turn|6
|
|t:|1756150766
|switch|p1a: Electabuzz|Electabuzz, L50, F|100/100
|move|p2a: Sinistcha|Rage Powder|p2a: Sinistcha
|-singleturn|p2a: Sinistcha|move: Rage Powder
|move|p2b: Annihilape|Drain Punch|p1b: Kingambit
|-supereffective|p1b: Kingambit
|-crit|p1b: Kingambit
|-damage|p1b: Kingambit|0 fnt
|-heal|p2b: Annihilape|97/100|[from] drain|[of] p1b: Kingambit
|faint|p1b: Kingambit
|
|-weather|none
|-heal|p2b: Annihilape|100/100|[from] item: Leftovers
|upkeep
|
|t:|1756150772
|switch|p1b: Basculegion|Basculegion, L50, M|79/100
|turn|7
|
|t:|1756150781
|move|p1a: Electabuzz|Follow Me|p1a: Electabuzz
|-singleturn|p1a: Electabuzz|move: Follow Me
|move|p2a: Sinistcha|Rage Powder|p2a: Sinistcha
|-singleturn|p2a: Sinistcha|move: Rage Powder
|move|p1b: Basculegion|Last Respects|p2a: Sinistcha
|-supereffective|p2a: Sinistcha
|-damage|p2a: Sinistcha|0 fnt
|faint|p2a: Sinistcha
|move|p2b: Annihilape|Rage Fist|p1a: Electabuzz
|-damage|p1a: Electabuzz|0 fnt
|faint|p1a: Electabuzz
|
|upkeep
|turn|8
|
|t:|1756150791
|move|p1b: Basculegion|Last Respects|p2b: Annihilape
|-damage|p2b: Annihilape|58/100
|move|p2b: Annihilape|Rage Fist|p1b: Basculegion
|-supereffective|p1b: Basculegion
|-damage|p1b: Basculegion|0 fnt
|faint|p1b: Basculegion
|
|win|Rotomotopoto
||don zaloog is real is ready for game 2.
|inactive|Rotomotopoto has 30 seconds to confirm battle start!
||Rotomotopoto is ready for game 2.
|uhtml|next|Next: Game 2 of 3
