|j|☆Pledgen
|j|☆jamaicantheif
|html|Pledgenjamaicantheif    
|uhtml|bestof|Game 2 of a best-of-3
|t:|1783479352
|gametype|doubles
|player|p1|Pledgen|102|1078
|player|p2|jamaicantheif|2|1028
|gen|9
|tier|[Gen 9 Champions] VGC 2026 Reg M-B (Bo3)
|rated|
|rule|Species Clause: Limit one of each Pokémon
|rule|Item Clause: Limit 1 of each item
|clearpoke
|poke|p1|Farigiraf, L50, M|
|poke|p1|Alakazam, L50, M|
|poke|p1|Blaziken, L50, F|
|poke|p1|Ditto, L50|
|poke|p1|Grimmsnarl, L50, M|
|poke|p1|Whimsicott, L50, F|
|poke|p2|Tyranitar, L50, M, shiny|
|poke|p2|Excadrill, L50, F|
|poke|p2|Incineroar, L50, M|
|poke|p2|Houndstone, L50, F|
|poke|p2|Whimsicott, L50, F, shiny|
|poke|p2|Rotom-Wash, L50, shiny|
|teampreview|4
|showteam|p1|Farigiraf||SitrusBerry|ArmorTail|TrickRoom,PsychicTerrain,ExpandingForce,HelpingHand|Bold||M|||50|]Alakazam||Alakazite|MagicGuard|ExpandingForce,CalmMind,DazzlingGleam,Protect|Timid||M|||50|]Blaziken||Blazikenite|SpeedBoost|CloseCombat,BraveBird,BlazeKick,Protect|Adamant||F|||50|]Ditto||ChoiceScarf|Imposter|Transform|Bold|||||50|]Grimmsnarl||LightClay|Prankster|FakeOut,Reflect,LightScreen,PartingShot|Careful||M|||50|]Whimsicott||FocusSash|Prankster|Encore,Tailwind,DazzlingGleam,Taunt|Timid||F|||50|
|showteam|p2|Tyranitar||Tyranitarite|SandStream|KnockOff,RockSlide,IcePunch,LowKick|Adamant||M|||50|]Excadrill||FocusSash|SandRush|HighHorsepower,Protect,IronHead,RockSlide|Jolly||F|||50|]Incineroar||SitrusBerry|Intimidate|DarkestLariat,FakeOut,FlareBlitz,PartingShot|Jolly||M|||50|]Houndstone||LifeOrb|SandRush|LastRespects,AllySwitch,PsychicFangs,StompingTantrum|Adamant||F|||50|]Whimsicott||BrightPowder|Prankster|Tailwind,Moonblast,GigaDrain,Memento|Modest||F|||50|]Rotom-Wash||Magnet|Levitate|HydroPump,Thunderbolt,VoltSwitch,WillOWisp|Calm|||||50|
|inactive|Battle timer is ON: inactive players will automatically lose when time's up. (requested by Pledgen)
|
|t:|1783479378
|teamsize|p1|4
|teamsize|p2|4
|start
|switch|p1a: Grimmsnarl|Grimmsnarl, L50, M|100/100
|switch|p1b: Whimsicott|Whimsicott, L50, F|100/100
|switch|p2a: Tyranitar|Tyranitar, L50, M, shiny|100/100
|switch|p2b: Excadrill|Excadrill, L50, F|100/100
|-weather|Sandstorm|[from] ability: Sand Stream|[of] p2a: Tyranitar
|turn|1
|inactive|Pledgen has 30 seconds left.
|inactive|jamaicantheif has 30 seconds left.
|inactive|Pledgen has 20 seconds left.
|
|t:|1783479414
|switch|p2b: Incineroar|Incineroar, L50, M|100/100
|-ability|p2b: Incineroar|Intimidate|boost
|-unboost|p1a: Grimmsnarl|atk|1
|-unboost|p1b: Whimsicott|atk|1
|detailschange|p2a: Tyranitar|Tyranitar-Mega, L50, M, shiny
|-mega|p2a: Tyranitar|Tyranitar|Tyranitarite
|move|p1b: Whimsicott|Tailwind|p1b: Whimsicott
|-sidestart|p1: Pledgen|move: Tailwind
|move|p1a: Grimmsnarl|Reflect|p1a: Grimmsnarl
|-sidestart|p1: Pledgen|Reflect
|move|p2a: Tyranitar|Ice Punch|p1b: Whimsicott
|-supereffective|p1b: Whimsicott|1
|-damage|p1b: Whimsicott|28/100
|
|-weather|Sandstorm|[upkeep]
|-damage|p1b: Whimsicott|22/100|[from] Sandstorm
|-damage|p1a: Grimmsnarl|94/100|[from] Sandstorm
|-damage|p2b: Incineroar|94/100|[from] Sandstorm
|upkeep
|turn|2
|inactive|jamaicantheif has 30 seconds left.
|
|t:|1783479440
|switch|p1b: Ditto|Ditto, L50|100/100
|-transform|p1b: Ditto|p2a: Tyranitar|[from] ability: Imposter
|switch|p1a: Blaziken|Blaziken, L50, F|100/100
|move|p2b: Incineroar|Fake Out|p1a: Blaziken
|-damage|p1a: Blaziken|88/100
|move|p2a: Tyranitar|Rock Slide|p1a: Blaziken|[spread] p1a,p1b
|-damage|p1a: Blaziken|46/100
|-damage|p1b: Ditto|77/100
|
|-weather|Sandstorm|[upkeep]
|-damage|p1a: Blaziken|40/100|[from] Sandstorm
|-damage|p2b: Incineroar|88/100|[from] Sandstorm
|upkeep
|turn|3
|inactive|Pledgen has 30 seconds left.
|
|t:|1783479472
|switch|p2a: Rotom|Rotom-Wash, L50, shiny|100/100
|detailschange|p1a: Blaziken|Blaziken-Mega, L50, F
|-mega|p1a: Blaziken|Blaziken|Blazikenite
|move|p1a: Blaziken|Close Combat|p2b: Incineroar
|-supereffective|p2b: Incineroar|1
|-damage|p2b: Incineroar|0 fnt
|-unboost|p1a: Blaziken|def|1
|-unboost|p1a: Blaziken|spd|1
|faint|p2b: Incineroar
|move|p1b: Ditto|Low Kick|p2a: Rotom
|-damage|p2a: Rotom|88/100
|
|-weather|Sandstorm|[upkeep]
|-damage|p1a: Blaziken|35/100|[from] Sandstorm
|-damage|p2a: Rotom|82/100|[from] Sandstorm
|-ability|p1a: Blaziken|Speed Boost|boost
|-boost|p1a: Blaziken|spe|1
|upkeep
|
|t:|1783479487
|switch|p2b: Excadrill|Excadrill, L50, F|100/100
|turn|4
|
|t:|1783479503
|switch|p1a: Whimsicott|Whimsicott, L50, F|22/100
|move|p2b: Excadrill|Iron Head|p1b: Ditto
|-supereffective|p1b: Ditto|1
|-damage|p1b: Ditto|28/100
|move|p1b: Ditto|Low Kick|p2b: Excadrill
|-supereffective|p2b: Excadrill|1
|-damage|p2b: Excadrill|15/100
|move|p2a: Rotom|Hydro Pump|p1b: Ditto
|-supereffective|p1b: Ditto|1
|-damage|p1b: Ditto|0 fnt
|faint|p1b: Ditto
|
|-weather|Sandstorm|[upkeep]
|-damage|p1a: Whimsicott|17/100|[from] Sandstorm
|-damage|p2a: Rotom|76/100|[from] Sandstorm
|-sideend|p1: Pledgen|move: Tailwind
|upkeep
|inactive|Pledgen has 30 seconds left.
|
|t:|1783479532
|switch|p1b: Grimmsnarl|Grimmsnarl, L50, M|94/100
|turn|5
|
|t:|1783479556
|move|p1b: Grimmsnarl|Fake Out|p2b: Excadrill
|-resisted|p2b: Excadrill|1
|-damage|p2b: Excadrill|7/100
|move|p1a: Whimsicott|Tailwind|p1a: Whimsicott
|-sidestart|p1: Pledgen|move: Tailwind
|cant|p2b: Excadrill|flinch
|move|p2a: Rotom|Will-O-Wisp|p1b: Grimmsnarl
|-status|p1b: Grimmsnarl|brn
|
|-weather|none
|-damage|p1b: Grimmsnarl|88/100 brn|[from] brn
|upkeep
|turn|6
|inactive|Pledgen has 30 seconds left.
|inactive|Pledgen has 20 seconds left.
|inactive|Pledgen has 15 seconds left.
|
|t:|1783479597
|move|p1b: Grimmsnarl|Parting Shot|p2a: Rotom
|-unboost|p2a: Rotom|atk|1
|-unboost|p2a: Rotom|spa|1
|
|t:|1783479600
|switch|p1b: Blaziken|Blaziken-Mega, L50, F|35/100|[from] Parting Shot
|move|p1a: Whimsicott|Dazzling Gleam|p2a: Rotom|[spread] p2a,p2b
|-resisted|p2b: Excadrill|1
|-damage|p2a: Rotom|56/100
|-damage|p2b: Excadrill|0 fnt
|faint|p2b: Excadrill
|move|p2a: Rotom|Volt Switch|p1a: Whimsicott
|-resisted|p1a: Whimsicott|1
|-damage|p1a: Whimsicott|0 fnt
|faint|p1a: Whimsicott
|
|t:|1783479609
|switch|p2a: Tyranitar|Tyranitar-Mega, L50, M, shiny|100/100|[from] Volt Switch
|-weather|Sandstorm|[from] ability: Sand Stream|[of] p2a: Tyranitar
|
|-weather|Sandstorm|[upkeep]
|-damage|p1b: Blaziken|29/100|[from] Sandstorm
|upkeep
|
|t:|1783479611
|switch|p1a: Grimmsnarl|Grimmsnarl, L50, M|88/100 brn
|switch|p2b: Rotom|Rotom-Wash, L50, shiny|56/100
|turn|7
|
|t:|1783479625
|move|p1a: Grimmsnarl|Fake Out|p2b: Rotom
|-damage|p2b: Rotom|50/100g
|move|p1b: Blaziken|Close Combat|p2a: Tyranitar
|-supereffective|p2a: Tyranitar|2
|-damage|p2a: Tyranitar|0 fnt
|-unboost|p1b: Blaziken|def|1
|-unboost|p1b: Blaziken|spd|1
|faint|p2a: Tyranitar
|cant|p2b: Rotom|flinch
|
|-weather|Sandstorm|[upkeep]
|-damage|p1b: Blaziken|23/100|[from] Sandstorm
|-damage|p1a: Grimmsnarl|82/100 brn|[from] Sandstorm
|-damage|p2b: Rotom|45/100|[from] Sandstorm
|-damage|p1a: Grimmsnarl|76/100 brn|[from] brn
|-ability|p1b: Blaziken|Speed Boost|boost
|-boost|p1b: Blaziken|spe|1
|upkeep
|turn|8
|
|t:|1783479640
|move|p1a: Grimmsnarl|Light Screen|p1a: Grimmsnarl
|-sidestart|p1: Pledgen|move: Light Screen
|move|p1b: Blaziken|Close Combat|p2b: Rotom
|-damage|p2b: Rotom|0 fnt
|-unboost|p1b: Blaziken|def|1
|-unboost|p1b: Blaziken|spd|1
|faint|p2b: Rotom
|
|win|Pledgen
|raw|Pledgen's rating: 1078 → 1102(+24 for winning)
|raw|jamaicantheif's rating: 1028 → 1016(-12 for losing)
