|j|☆Kalycgos
|j|☆ballfondler4000
|html|Kalycgosballfondler4000    
|uhtml|bestof|Game 3 of a best-of-3
|t:|1783880994
|gametype|doubles
|player|p1|Kalycgos|102|1063
|player|p2|ballfondler4000|170|1049
|gen|9
|tier|[Gen 9 Champions] VGC 2026 Reg M-B (Bo3)
|rated|
|rule|Species Clause: Limit one of each Pokémon
|rule|Item Clause: Limit 1 of each item
|clearpoke
|poke|p1|Garchomp, L50, M, shiny|
|poke|p1|Charizard, L50, M, shiny|
|poke|p1|Whimsicott, L50, F|
|poke|p1|Floette-Eternal, L50, F|
|poke|p1|Kingambit, L50, F|
|poke|p1|Basculegion, L50, M|
|poke|p2|Aegislash, L50, F|
|poke|p2|Sylveon, L50, M|
|poke|p2|Garchomp, L50, F|
|poke|p2|Raichu, L50, M|
|poke|p2|Whimsicott, L50, F|
|poke|p2|Dragapult, L50, M|
|teampreview|4
|showteam|p1|Garchomp||LifeOrb|RoughSkin|DragonClaw,Earthquake,RockSlide,Protect|Jolly||M|||50|]Charizard||CharizarditeY|Blaze|HeatWave,SolarBeam,AncientPower,Protect|Modest||M|||50|]Whimsicott||FocusSash|Prankster|Moonblast,Tailwind,Encore,Protect|Timid||F|||50|]Floette-Eternal||Floettite|FlowerVeil|LightofRuin,Moonblast,DazzlingGleam,Protect|Timid||F|||50|]Kingambit||BlackGlasses|Defiant|KowtowCleave,SuckerPunch,LowKick,Protect|Adamant||F|||50|]Basculegion||MysticWater|Adaptability|LastRespects,WaveCrash,AquaJet,Protect|Adamant||M|||50|
|showteam|p2|Aegislash||SitrusBerry|StanceChange|KingsShield,ShadowBall,FlashCannon,WideGuard|Modest||F|||50|]Sylveon||IronBall|Pixilate|Round,Protect,HyperBeam,Copycat|Quiet||M|||50|]Garchomp||LifeOrb|RoughSkin|RockSlide,StompingTantrum,Protect,Earthquake|Naive||F|||50|]Raichu||RaichuniteY|Static|ZapCannon,FocusBlast,GrassKnot,FakeOut|Modest||M|||50|]Whimsicott||Metagrossite|Prankster|Tailwind,Encore,Moonblast,Protect|Serious||F|||50|]Dragapult||FocusSash|ClearBody|DragonPulse,Protect,ShadowBall,Round|Timid||M|||50|
|
|t:|1783881081
|teamsize|p1|4
|teamsize|p2|4
|start
|switch|p1a: Bard|Whimsicott, L50, F|100/100
|switch|p1b: Samurai|Kingambit, L50, F|100/100
|switch|p2a: Garchomp|Garchomp, L50, F|100/100
|switch|p2b: Whimsicott|Whimsicott, L50, F|100/100
|turn|1
|
|t:|1783881115
|move|p1a: Bard|Moonblast|p2b: Whimsicott
|-damage|p2b: Whimsicott|37/100
|move|p2a: Garchomp|Stomping Tantrum|p1b: Samurai
|-supereffective|p1b: Samurai|1
|-damage|p1b: Samurai|16/100
|-damage|p2a: Garchomp|90/100|[from] item: Life Orb
|move|p2b: Whimsicott|Moonblast|p1b: Samurai
|-damage|p1b: Samurai|0 fnt
|faint|p1b: Samurai
|
|upkeep
|
|t:|1783881124
|switch|p1b: Dragoon|Garchomp, L50, M, shiny|100/100
|turn|2
|
|t:|1783881153
|move|p2a: Garchomp|Protect|p2a: Garchomp
|-singleturn|p2a: Garchomp|Protect
|move|p2b: Whimsicott|Tailwind|p2b: Whimsicott
|-sidestart|p2: ballfondler4000|move: Tailwind
|move|p1a: Bard|Moonblast|p2a: Garchomp
|-activate|p2a: Garchomp|move: Protect
|move|p1b: Dragoon|Rock Slide|p2b: Whimsicott|[spread] p2b
|-activate|p2a: Garchomp|move: Protect
|-damage|p2b: Whimsicott|0 fnt
|faint|p2b: Whimsicott
|-damage|p1b: Dragoon|90/100|[from] item: Life Orb
|
|upkeep
|
|t:|1783881173
|switch|p2b: Raichu|Raichu, L50, M|100/100
|turn|3
|
|t:|1783881193
|detailschange|p2b: Raichu|Raichu-Mega-Y, L50, M
|-mega|p2b: Raichu|Raichu|Raichunite Y
|move|p1b: Dragoon|Protect|p1b: Dragoon
|-singleturn|p1b: Dragoon|Protect
|move|p1a: Bard|Tailwind|p1a: Bard
|-sidestart|p1: Kalycgos|move: Tailwind
|move|p2b: Raichu|Focus Blast|p1b: Dragoon
|-activate|p1b: Dragoon|move: Protect
|move|p2a: Garchomp|Stomping Tantrum|p1b: Dragoon
|-activate|p1b: Dragoon|move: Protect
|
|upkeep
|turn|4
|
|t:|1783881220
|move|p1a: Bard|Moonblast|p2a: Garchomp
|-supereffective|p2a: Garchomp|1
|-damage|p2a: Garchomp|8/100
|move|p2b: Raichu|Focus Blast|p1b: Dragoon
|-damage|p1b: Dragoon|25/100
|move|p2a: Garchomp|Stomping Tantrum|p1b: Dragoon
|-damage|p1b: Dragoon|0 fnt
|-damage|p2a: Garchomp|0 fnt|[from] ability: Rough Skin|[of] p1b: Dragoon
|faint|p1b: Dragoon
|faint|p2a: Garchomp
|
|upkeep
|
|t:|1783881232
|switch|p1b: Reaper|Basculegion, L50, M|100/100
|switch|p2a: Aegislash|Aegislash, L50, F|100/100
|turn|5
|
|t:|1783881261
|move|p1a: Bard|Encore|p2b: Raichu
|-start|p2b: Raichu|Encore
|move|p2b: Raichu|Focus Blast|p1b: Reaper
|-immune|p1b: Reaper
|move|p1b: Reaper|Last Respects|p2a: Aegislash
|-supereffective|p2a: Aegislash|1
|-damage|p2a: Aegislash|0 fnt
|faint|p2a: Aegislash
|
|-sideend|p2: ballfondler4000|move: Tailwind
|upkeep
|turn|6
|
|t:|1783881278
|move|p1a: Bard|Moonblast|p2b: Raichu
|-damage|p2b: Raichu|46/100
|move|p1b: Reaper|Last Respects|p2b: Raichu
|-damage|p2b: Raichu|0 fnt
|faint|p2b: Raichu
|
|win|Kalycgos
|raw|Kalycgos's rating: 1063 → 1092(+29 for winning)
|raw|ballfondler4000's rating: 1049 → 1032(-17 for losing)
