|j|☆TheLackluster7
|j|☆mike6972
|html|TheLackluster7mike6972    
|uhtml|bestof|Game 2 of a best-of-3
|t:|1757908875
|gametype|doubles
|player|p1|TheLackluster7|juggler|1118
|player|p2|mike6972|169|1087
|gen|9
|tier|[Gen 9] VGC 2025 Reg H (Bo3)
|rated|
|rule|Species Clause: Limit one of each Pokémon
|rule|Item Clause: Limit 1 of each item
|clearpoke
|poke|p1|Indeedee-F, L50, F|
|poke|p1|Primarina, L50, M|
|poke|p1|Whimsicott, L50, M|
|poke|p1|Ursaluna, L50, F|
|poke|p1|Zoroark-Hisui, L50, M|
|poke|p1|Incineroar, L50, F|
|poke|p2|Basculegion, L50, M|
|poke|p2|Archaludon, L50, F|
|poke|p2|Pelipper, L50, F|
|poke|p2|Gholdengo, L50|
|poke|p2|Incineroar, L50, F|
|poke|p2|Amoonguss, L50, M|
|teampreview|4
|showteam|p1|Indeedee-F||SafetyGoggles|PsychicSurge|HelpingHand,Psychic,FollowMe,TrickRoom|||F|||50|,,,,,Steel]Primarina||AssaultVest|LiquidVoice|HyperVoice,Moonblast,TeraBlast,IcyWind|||M|||50|,,,,,Flying]Whimsicott||CovertCloak|Prankster|LightScreen,Tailwind,FakeTears,Moonblast|||M|||50|,,,,,Dark]Ursaluna||FlameOrb|Guts|Protect,Earthquake,HeadlongRush,Facade|||F|||50|,,,,,Ghost]Zoroark-Hisui||FocusSash|Illusion|ShadowBall,HyperVoice,NastyPlot,Protect|||M|||50|,,,,,Stellar]Incineroar||SitrusBerry|Intimidate|FakeOut,PartingShot,KnockOff,FlareBlitz|||F|||50|,,,,,Grass
|showteam|p2|Basculegion||LifeOrb|SwiftSwim|AquaJet,WaveCrash,LastRespects,Protect|||M|||50|,,,,,Water]Archaludon||AssaultVest|Stamina|DracoMeteor,ElectroShot,Snarl,BodyPress|||F|||50|,,,,,Grass]Pelipper||FocusSash|Drizzle|Protect,Tailwind,WeatherBall,Hurricane|||F|||50|,,,,,Ghost]Gholdengo||MetalCoat|GoodasGold|NastyPlot,ShadowBall,MakeItRain,Protect||||||50|,,,,,Dragon]Incineroar||SafetyGoggles|Intimidate|FakeOut,KnockOff,Taunt,PartingShot|||F|||50|,,,,,Ghost]Amoonguss||SitrusBerry|Regenerator|RagePowder,Spore,PollenPuff,Protect|||M|||50|,,,,,Fairy
|
|t:|1757908897
|teamsize|p1|4
|teamsize|p2|4
|start
|switch|p1a: Indeedee|Indeedee-F, L50, F|100/100
|switch|p1b: Primarina|Primarina, L50, M|100/100
|switch|p2a: Pelipper|Pelipper, L50, F|100/100
|switch|p2b: Archaludon|Archaludon, L50, F|100/100
|-weather|RainDance|[from] ability: Drizzle|[of] p2a: Pelipper
|-fieldstart|move: Psychic Terrain|[from] ability: Psychic Surge|[of] p1a: Indeedee
|turn|1
|
|t:|1757908915
|switch|p1b: Ursaluna|Ursaluna, L50, F|100/100
|move|p2a: Pelipper|Hurricane|p1b: Ursaluna
|-damage|p1b: Ursaluna|55/100
|-start|p1b: Ursaluna|confusion
|move|p2b: Archaludon|Snarl|p1b: Ursaluna|[spread] p1a,p1b
|-supereffective|p1a: Indeedee
|-damage|p1a: Indeedee|75/100
|-damage|p1b: Ursaluna|43/100
|-unboost|p1a: Indeedee|spa|1
|-unboost|p1b: Ursaluna|spa|1
|move|p1a: Indeedee|Trick Room|p1a: Indeedee
|-fieldstart|move: Trick Room|[of] p1a: Indeedee
|
|-weather|RainDance|[upkeep]
|-status|p1b: Ursaluna|brn|[from] item: Flame Orb
|upkeep
|turn|2
|
|t:|1757908944
|-terastallize|p2b: Archaludon|Grass
|-activate|p1b: Ursaluna|confusion
|move|p1b: Ursaluna|Facade|p2b: Archaludon
|-damage|p2b: Archaludon|14/100
|-ability|p2b: Archaludon|Stamina|boost
|-boost|p2b: Archaludon|def|1
|move|p1a: Indeedee|Psychic|p2a: Pelipper
|-damage|p2a: Pelipper|56/100
|move|p2b: Archaludon|Electro Shot||[still]
|-prepare|p2b: Archaludon|Electro Shot
|-boost|p2b: Archaludon|spa|1
|-anim|p2b: Archaludon|Electro Shot|p1a: Indeedee
|-damage|p1a: Indeedee|21/100
|move|p2a: Pelipper|Weather Ball|p1b: Ursaluna
|-supereffective|p1b: Ursaluna
|-damage|p1b: Ursaluna|0 fnt
|faint|p1b: Ursaluna
|
|-weather|RainDance|[upkeep]
|upkeep
|
|t:|1757908961
|switch|p1b: Primarina|Primarina, L50, M|100/100
|turn|3
|
|t:|1757908969
|move|p2a: Pelipper|Protect|p2a: Pelipper
|-singleturn|p2a: Pelipper|Protect
|move|p1b: Primarina|Hyper Voice|p2b: Archaludon|[spread] p2b
|-activate|p2a: Pelipper|move: Protect
|-resisted|p2b: Archaludon
|-damage|p2b: Archaludon|0 fnt
|faint|p2b: Archaludon
|move|p1a: Indeedee|Psychic|p2a: Pelipper
|-activate|p2a: Pelipper|move: Protect
|
|-weather|RainDance|[upkeep]
|upkeep
|
|t:|1757908981
|switch|p2b: Basculegion|Basculegion, L50, M|100/100
|turn|4
|
|t:|1757908993
|switch|p2a: Amoonguss|Amoonguss, L50, M|100/100
|move|p2b: Basculegion|Protect|p2b: Basculegion
|-singleturn|p2b: Basculegion|Protect
|move|p1b: Primarina|Hyper Voice|p2a: Amoonguss|[spread] p2a
|-activate|p2b: Basculegion|move: Protect
|-resisted|p2a: Amoonguss
|-damage|p2a: Amoonguss|75/100
|move|p1a: Indeedee|Psychic|p2b: Basculegion
|-activate|p2b: Basculegion|move: Protect
|
|-weather|RainDance|[upkeep]
|upkeep
|turn|5
|
|t:|1757909034
|move|p1a: Indeedee|Follow Me|p1a: Indeedee
|-singleturn|p1a: Indeedee|move: Follow Me
|move|p2a: Amoonguss|Pollen Puff|p1a: Indeedee
|-supereffective|p1a: Indeedee
|-damage|p1a: Indeedee|0 fnt
|faint|p1a: Indeedee
|move|p1b: Primarina|Icy Wind|p2b: Basculegion|[spread] p2a,p2b
|-supereffective|p2a: Amoonguss
|-crit|p2a: Amoonguss
|-resisted|p2b: Basculegion
|-damage|p2a: Amoonguss|34/100
|-damage|p2b: Basculegion|92/100
|-unboost|p2a: Amoonguss|spe|1
|-unboost|p2b: Basculegion|spe|1
|-enditem|p2a: Amoonguss|Sitrus Berry|[eat]
|-heal|p2a: Amoonguss|59/100|[from] item: Sitrus Berry
|move|p2b: Basculegion|Wave Crash|p1b: Primarina
|-resisted|p1b: Primarina
|-damage|p1b: Primarina|28/100
|-damage|p2b: Basculegion|70/100|[from] Recoil
|-damage|p2b: Basculegion|60/100|[from] item: Life Orb
|
|-weather|none
|-fieldend|move: Trick Room
|-fieldend|move: Psychic Terrain
|upkeep
|
|t:|1757909048
|switch|p1a: Incineroar|Incineroar, L50, F|100/100
|-ability|p1a: Incineroar|Intimidate|boost
|-unboost|p2a: Amoonguss|atk|1
|-unboost|p2b: Basculegion|atk|1
|turn|6
|
|t:|1757909067
|switch|p2b: Pelipper|Pelipper, L50, F|56/100
|-weather|RainDance|[from] ability: Drizzle|[of] p2b: Pelipper
|-terastallize|p1a: Incineroar|Grass
|move|p2a: Amoonguss|Protect|p2a: Amoonguss
|-singleturn|p2a: Amoonguss|Protect
|move|p1b: Primarina|Icy Wind|p2b: Pelipper|[spread] p2b
|-activate|p2a: Amoonguss|move: Protect
|-damage|p2b: Pelipper|32/100
|-unboost|p2b: Pelipper|spe|1
|move|p1a: Incineroar|Knock Off|p2b: Pelipper
|-damage|p2b: Pelipper|0 fnt
|-enditem|p2b: Pelipper|Focus Sash|[from] move: Knock Off|[of] p1a: Incineroar
|faint|p2b: Pelipper
|
|-weather|RainDance|[upkeep]
|upkeep
|
|t:|1757909077
|switch|p2b: Basculegion|Basculegion, L50, M|60/100
|turn|7
|
|t:|1757909095
|move|p2b: Basculegion|Last Respects|p1a: Incineroar
|-damage|p1a: Incineroar|7/100
|-enditem|p1a: Incineroar|Sitrus Berry|[eat]
|-heal|p1a: Incineroar|32/100|[from] item: Sitrus Berry
|-damage|p2b: Basculegion|51/100|[from] item: Life Orb
|move|p1b: Primarina|Icy Wind|p2a: Amoonguss|[spread] p2a,p2b
|-supereffective|p2a: Amoonguss
|-resisted|p2b: Basculegion
|-damage|p2a: Amoonguss|33/100
|-damage|p2b: Basculegion|43/100
|-unboost|p2a: Amoonguss|spe|1
|-unboost|p2b: Basculegion|spe|1
|move|p1a: Incineroar|Knock Off|p2b: Basculegion
|-supereffective|p2b: Basculegion
|-damage|p2b: Basculegion|0 fnt
|-enditem|p2b: Basculegion|Life Orb|[from] move: Knock Off|[of] p1a: Incineroar
|faint|p2b: Basculegion
|move|p2a: Amoonguss|Spore|p1b: Primarina
|-status|p1b: Primarina|slp|[from] move: Spore
|
|-weather|RainDance|[upkeep]
|upkeep
|turn|8
|
|t:|1757909126
|cant|p1b: Primarina|slp
|move|p1a: Incineroar|Flare Blitz|p2a: Amoonguss
|-supereffective|p2a: Amoonguss
|-damage|p2a: Amoonguss|0 fnt
|faint|p2a: Amoonguss
|-damage|p1a: Incineroar|20/100|[from] Recoil
|
|win|TheLackluster7
||TheLackluster7 is ready for game 3.
||mike6972 is ready for game 3.
|uhtml|next|Next: Game 3 of 3
