|j|☆ItsgoodSteve
|j|☆DkayMM
|html|ItsgoodSteveDkayMM    
|uhtml|bestof|Game 3 of a best-of-3
|t:|1756955090
|gametype|doubles
|player|p1|ItsgoodSteve|2|1029
|player|p2|DkayMM|169|1040
|gen|9
|tier|[Gen 9] VGC 2025 Reg H (Bo3)
|rated|
|rule|Species Clause: Limit one of each Pokémon
|rule|Item Clause: Limit 1 of each item
|clearpoke
|poke|p1|Feraligatr, L50, F|
|poke|p1|Whimsicott, L50, M|
|poke|p1|Politoed, L50, F|
|poke|p1|Gothitelle, L50, F|
|poke|p1|Ursaluna, L50, F|
|poke|p1|Archaludon, L50, M|
|poke|p2|Charizard, L50, F|
|poke|p2|Torkoal, L50, M|
|poke|p2|Porygon2, L50|
|poke|p2|Incineroar, L50, F|
|poke|p2|Jumpluff, L50, F|
|poke|p2|Ursaluna, L50, F|
|teampreview|4
|showteam|p1|Feraligatr||LifeOrb|SheerForce|Liquidation,Protect,IcePunch,Crunch|||F|||50|,,,,,Bug]Whimsicott||CovertCloak|Prankster|Moonblast,Tailwind,Encore,Protect|||M|||50|,,,,,Water]Politoed||Leftovers|Drizzle|Protect,PerishSong,WeatherBall,HelpingHand|||F|||50|,,,,,Grass]Gothitelle||SitrusBerry|ShadowTag|FakeOut,TrickRoom,Protect,Psychic|||F|||50|,,,,,Dark]Ursaluna||FlameOrb|Guts|HeadlongRush,Protect,Facade,Earthquake|||F|||50|,,,,,Ghost]Archaludon||PowerHerb|Stamina|ElectroShot,BodyPress,FlashCannon,Protect|||M|||50|,,,,,Electric
|showteam|p2|Charizard||ChoiceSpecs|SolarPower|HeatWave,Overheat,WeatherBall,AirSlash|||F|||50|,,,,,Ghost]Torkoal||EjectPack|Drought|Eruption,Overheat,HelpingHand,Protect|||M|||50|,,,,,Fire]Porygon2||Eviolite|Download|TeraBlast,IceBeam,Recover,TrickRoom||||||50|,,,,,Fighting]Incineroar||SitrusBerry|Intimidate|FlareBlitz,KnockOff,FakeOut,PartingShot|||F|||50|,,,,,Ghost]Jumpluff||CovertCloak|Chlorophyll|SleepPowder,SunnyDay,RagePowder,Tailwind|||F|||50|,,,,,Water]Ursaluna||FlameOrb|Guts|HeadlongRush,Facade,Earthquake,Protect|||F|||50|,,,,,Ghost
|inactive|Battle timer is ON: inactive players will automatically lose when time's up. (requested by DkayMM)
|inactive|ItsgoodSteve has 60 seconds left.
|
|t:|1756955127
|teamsize|p1|4
|teamsize|p2|4
|start
|switch|p1a: Whimsicott|Whimsicott, L50, M, shiny|100/100
|switch|p1b: Politoed|Politoed, L50, F, shiny|100/100
|switch|p2a: Incineroar|Incineroar, L50, F|100/100
|switch|p2b: Porygon2|Porygon2, L50|100/100
|-ability|p2a: Incineroar|Intimidate|boost
|-unboost|p1a: Whimsicott|atk|1
|-unboost|p1b: Politoed|atk|1
|-weather|RainDance|[from] ability: Drizzle|[of] p1b: Politoed
|-ability|p2b: Porygon2|Download|boost
|-boost|p2b: Porygon2|atk|1
|turn|1
|inactive|ItsgoodSteve has 30 seconds left.
|
|t:|1756955157
|switch|p1a: Feraligatr|Feraligatr, L50, F, shiny|100/100
|move|p2a: Incineroar|Fake Out|p1b: Politoed
|-damage|p1b: Politoed|87/100
|cant|p1b: Politoed|flinch
|move|p2b: Porygon2|Trick Room|p2b: Porygon2
|-fieldstart|move: Trick Room|[of] p2b: Porygon2
|
|-weather|RainDance|[upkeep]
|-heal|p1b: Politoed|93/100|[from] item: Leftovers
|upkeep
|turn|2
|inactive|DkayMM has 30 seconds left.
|
|t:|1756955191
|switch|p1b: Ursaluna|Ursaluna, L50, F, shiny|100/100
|move|p2b: Porygon2|Tera Blast|p1a: Feraligatr
|-damage|p1a: Feraligatr|59/100
|move|p1a: Feraligatr|Liquidation|p2a: Incineroar
|-supereffective|p2a: Incineroar
|-damage|p2a: Incineroar|0 fnt
|faint|p2a: Incineroar
|
|-weather|RainDance|[upkeep]
|-status|p1b: Ursaluna|brn|[from] item: Flame Orb
|upkeep
|
|t:|1756955207
|switch|p2a: Torkoal|Torkoal, L50, M|100/100
|-weather|SunnyDay|[from] ability: Drought|[of] p2a: Torkoal
|turn|3
|inactive|DkayMM has 30 seconds left.
|inactive|DkayMM has 20 seconds left.
|
|t:|1756955244
|switch|p1a: Politoed|Politoed, L50, F, shiny|93/100
|-weather|RainDance|[from] ability: Drizzle|[of] p1a: Politoed
|move|p2a: Torkoal|Eruption|p1b: Ursaluna|[spread] p1a,p1b
|-resisted|p1a: Politoed
|-damage|p1a: Politoed|85/100
|-damage|p1b: Ursaluna|76/100 brn
|move|p1b: Ursaluna|Earthquake|p2a: Torkoal|[spread] p1a,p2a,p2b
|-supereffective|p2a: Torkoal
|-damage|p1a: Politoed|16/100
|-damage|p2a: Torkoal|0 fnt
|-damage|p2b: Porygon2|59/100
|faint|p2a: Torkoal
|move|p2b: Porygon2|Tera Blast|p1a: Politoed
|-damage|p1a: Politoed|0 fnt
|faint|p1a: Politoed
|
|-weather|RainDance|[upkeep]
|-damage|p1b: Ursaluna|71/100 brn|[from] brn
|upkeep
|
|t:|1756955263
|switch|p2a: Ursaluna|Ursaluna, L50, F|100/100
|switch|p1a: Feraligatr|Feraligatr, L50, F, shiny|59/100
|turn|4
|inactive|DkayMM has 30 seconds left.
|
|t:|1756955289
|move|p1b: Ursaluna|Protect|p1b: Ursaluna
|-singleturn|p1b: Ursaluna|Protect
|move|p2a: Ursaluna|Protect|p2a: Ursaluna
|-singleturn|p2a: Ursaluna|Protect
|move|p2b: Porygon2|Ice Beam|p1b: Ursaluna
|-activate|p1b: Ursaluna|move: Protect
|move|p1a: Feraligatr|Liquidation|p2b: Porygon2
|-damage|p2b: Porygon2|0 fnt
|faint|p2b: Porygon2
|
|-weather|RainDance|[upkeep]
|-damage|p1b: Ursaluna|65/100 brn|[from] brn
|-status|p2a: Ursaluna|brn|[from] item: Flame Orb
|upkeep
|turn|5
|-message|DkayMM forfeited.
|
|win|ItsgoodSteve
|raw|ItsgoodSteve's rating: 1029 → 1066(+37 for winning)
|raw|DkayMM's rating: 1040 → 1023(-17 for losing)
