|j|☆OdieVGC
|j|☆jonathanpvpfr
|html|OdieVGCjonathanpvpfr    
|uhtml|bestof|Game 1 of a best-of-3
|t:|1783280539
|gametype|doubles
|player|p1|OdieVGC|2|1071
|player|p2|jonathanpvpfr|brycen|1070
|gen|9
|tier|[Gen 9 Champions] VGC 2026 Reg M-B (Bo3)
|rated|
|rule|Species Clause: Limit one of each Pokémon
|rule|Item Clause: Limit 1 of each item
|clearpoke
|poke|p1|Primarina, L50, M|
|poke|p1|Staraptor, L50, M, shiny|
|poke|p1|Delphox, L50, F, shiny|
|poke|p1|Garchomp, L50, F|
|poke|p1|Grimmsnarl, L50, M|
|poke|p1|Sinistcha-Masterpiece, L50, shiny|
|poke|p2|Sinistcha, L50|
|poke|p2|Hatterene, L50, F|
|poke|p2|Incineroar, L50, M|
|poke|p2|Tyranitar, L50, M|
|poke|p2|Rhyperior, L50, M|
|poke|p2|Alakazam, L50, M|
|teampreview|4
|showteam|p1|Primarina||Leftovers|LiquidVoice|Protect,HyperVoice,CalmMind,Moonblast|Modest||M|||50|]Staraptor||Staraptite|Intimidate|Protect,BraveBird,Tailwind,CloseCombat|Jolly||M|||50|]Delphox||Delphoxite|Blaze|Protect,HeatWave,Encore,Psychic|Timid||F|||50|]Garchomp||LifeOrb|RoughSkin|Protect,DragonClaw,RockSlide,StompingTantrum|Jolly||F|||50|]Grimmsnarl||LightClay|Prankster|SpiritBreak,Reflect,LightScreen,PartingShot|Careful||M|||50|]Sinistcha-Masterpiece||KasibBerry|Hospitality|Protect,MatchaGotcha,RagePowder,StrengthSap|Bold|||||50|
|showteam|p2|Sinistcha||Leftovers|Hospitality|TrickRoom,RagePowder,MatchaGotcha,Protect|Sassy|||||50|]Hatterene||LifeOrb|MagicBounce|TrickRoom,Psychic,DazzlingGleam,MysticalFire|Quiet||F|||50|]Incineroar||SitrusBerry|Intimidate|FakeOut,PartingShot,FlareBlitz,Snarl|Careful||M|||50|]Tyranitar||Tyranitarite|SandStream|RockSlide,KnockOff,HighHorsepower,Protect|Adamant||M|||50|]Rhyperior||MuscleBand|SolidRock|RockWrecker,HighHorsepower,HammerArm,Protect|Brave||M|||50|]Alakazam||FocusSash|InnerFocus|TrickRoom,SpeedSwap,Psychic,Encore|Timid||M|||50|
|inactive|Battle timer is ON: inactive players will automatically lose when time's up. (requested by jonathanpvpfr)
|inactive|OdieVGC has 60 seconds left.
|inactive|OdieVGC has 30 seconds left.
|inactive|OdieVGC has 20 seconds left.
|
|t:|1783280610
|teamsize|p1|4
|teamsize|p2|4
|start
|switch|p1a: Primarina|Primarina, L50, M|100/100
|switch|p1b: Grimmsnarl|Grimmsnarl, L50, M|100/100
|switch|p2a: Alakazam|Alakazam, L50, M|100/100
|switch|p2b: Incineroar|Incineroar, L50, M|100/100
|-ability|p2b: Incineroar|Intimidate|boost
|-unboost|p1a: Primarina|atk|1
|-unboost|p1b: Grimmsnarl|atk|1
|turn|1
|inactive|OdieVGC has 30 seconds left.
|inactive|OdieVGC has 20 seconds left.
|inactive|OdieVGC has 15 seconds left.
|
|t:|1783280653
|move|p1b: Grimmsnarl|Light Screen|p1b: Grimmsnarl
|-sidestart|p1: OdieVGC|move: Light Screen
|move|p1a: Primarina|Calm Mind|p1a: Primarina
|-boost|p1a: Primarina|spa|1
|-boost|p1a: Primarina|spd|1
|move|p2b: Incineroar|Parting Shot|p1a: Primarina
|-unboost|p1a: Primarina|atk|1
|-unboost|p1a: Primarina|spa|1
|
|t:|1783280660
|switch|p2b: Tyranitar|Tyranitar, L50, M|100/100|[from] Parting Shot
|-weather|Sandstorm|[from] ability: Sand Stream|[of] p2b: Tyranitar
|move|p2a: Alakazam|Trick Room|p2a: Alakazam
|-fieldstart|move: Trick Room|[of] p2a: Alakazam
|
|-weather|Sandstorm|[upkeep]
|-damage|p1b: Grimmsnarl|94/100|[from] Sandstorm
|-damage|p1a: Primarina|93/100|[from] Sandstorm
|-damage|p2a: Alakazam|94/100|[from] Sandstorm
|-heal|p1a: Primarina|100/100|[from] item: Leftovers
|upkeep
|turn|2
|
|t:|1783280676
|switch|p2a: Rhyperior|Rhyperior, L50, M|100/100
|detailschange|p2b: Tyranitar|Tyranitar-Mega, L50, M
|-mega|p2b: Tyranitar|Tyranitar|Tyranitarite
|move|p1b: Grimmsnarl|Reflect|p1b: Grimmsnarl
|-sidestart|p1: OdieVGC|Reflect
|move|p2b: Tyranitar|Rock Slide|p1b: Grimmsnarl|[spread] p1a,p1b
|-damage|p1a: Primarina|71/100
|-damage|p1b: Grimmsnarl|68/100
|cant|p1a: Primarina|flinch
|
|-weather|Sandstorm|[upkeep]
|-damage|p1b: Grimmsnarl|62/100|[from] Sandstorm
|-damage|p1a: Primarina|64/100|[from] Sandstorm
|-heal|p1a: Primarina|71/100|[from] item: Leftovers
|upkeep
|turn|3
|
|t:|1783280697
|move|p1b: Grimmsnarl|Parting Shot|p2a: Rhyperior
|-unboost|p2a: Rhyperior|atk|1
|-unboost|p2a: Rhyperior|spa|1
|
|t:|1783280700
|switch|p1b: Sinistcha|Sinistcha-Masterpiece, L50, shiny|100/100|[from] Parting Shot
|-heal|p1a: Primarina|96/100|[from] ability: Hospitality|[of] p1b: Sinistcha
|move|p2a: Rhyperior|Rock Wrecker|p1a: Primarina
|-damage|p1a: Primarina|44/100
|-mustrecharge|p2a: Rhyperior
|move|p2b: Tyranitar|Rock Slide|p1b: Sinistcha|[spread] p1a,p1b
|-damage|p1a: Primarina|14/100
|-damage|p1b: Sinistcha|81/100
|move|p1a: Primarina|Calm Mind|p1a: Primarina
|-boost|p1a: Primarina|spa|1
|-boost|p1a: Primarina|spd|1
|
|-weather|Sandstorm|[upkeep]
|-damage|p1b: Sinistcha|75/100|[from] Sandstorm
|-damage|p1a: Primarina|7/100|[from] Sandstorm
|-heal|p1a: Primarina|14/100|[from] item: Leftovers
|upkeep
|turn|4
|inactive|OdieVGC has 30 seconds left.
|inactive|OdieVGC has 20 seconds left.
|inactive|OdieVGC has 15 seconds left.
|inactive|OdieVGC has 10 seconds left.
|inactive|OdieVGC has 5 seconds left.
|
|t:|1783280753
|move|p1a: Primarina|Protect|p1a: Primarina
|-singleturn|p1a: Primarina|Protect
|cant|p2a: Rhyperior|recharge
|move|p1b: Sinistcha|Strength Sap|p2b: Tyranitar
|-unboost|p2b: Tyranitar|atk|1
|-heal|p1b: Sinistcha|100/100
|move|p2b: Tyranitar|Knock Off|p1b: Sinistcha
|-supereffective|p1b: Sinistcha|1
|-damage|p1b: Sinistcha|55/100
|-enditem|p1b: Sinistcha|Kasib Berry|[from] move: Knock Off|[of] p2b: Tyranitar
|
|-weather|Sandstorm|[upkeep]
|-damage|p1b: Sinistcha|48/100|[from] Sandstorm
|-damage|p1a: Primarina|7/100|[from] Sandstorm
|-heal|p1a: Primarina|14/100|[from] item: Leftovers
|upkeep
|turn|5
|inactive|OdieVGC has 30 seconds left.
|
|t:|1783280783
|switch|p2a: Incineroar|Incineroar, L50, M|100/100
|-ability|p2a: Incineroar|Intimidate|boost
|-unboost|p1a: Primarina|atk|1
|-unboost|p1b: Sinistcha|atk|1
|switch|p2b: Alakazam|Alakazam, L50, M|94/100
|move|p1b: Sinistcha|Rage Powder|p1b: Sinistcha
|-singleturn|p1b: Sinistcha|move: Rage Powder
|move|p1a: Primarina|Hyper Voice|p2a: Incineroar|[spread] p2a,p2b
|-supereffective|p2a: Incineroar|1
|-damage|p2a: Incineroar|18/100
|-damage|p2b: Alakazam|24/100
|-enditem|p2a: Incineroar|Sitrus Berry|[eat]
|-heal|p2a: Incineroar|43/100|[from] item: Sitrus Berry
|
|-weather|none
|-heal|p1a: Primarina|20/100y|[from] item: Leftovers
|-fieldend|move: Trick Room
|upkeep
|turn|6
|
|t:|1783280804
|switch|p1b: Grimmsnarl|Grimmsnarl, L50, M|62/100
|move|p1a: Primarina|Protect|p1a: Primarina
|-singleturn|p1a: Primarina|Protect
|move|p2a: Incineroar|Fake Out|p1a: Primarina
|-activate|p1a: Primarina|move: Protect
|move|p2b: Alakazam|Psychic|p1a: Primarina
|-activate|p1a: Primarina|move: Protect
|
|-heal|p1a: Primarina|26/100|[from] item: Leftovers
|upkeep
|turn|7
|inactive|OdieVGC has 30 seconds left.
|inactive|OdieVGC has 20 seconds left.
|
|t:|1783280843
|move|p1b: Grimmsnarl|Parting Shot|p2b: Alakazam
|-unboost|p2b: Alakazam|atk|1
|-unboost|p2b: Alakazam|spa|1
|
|t:|1783280846
|switch|p1b: Sinistcha|Sinistcha-Masterpiece, L50, shiny|48/100|[from] Parting Shot
|-heal|p1a: Primarina|51/100|[from] ability: Hospitality|[of] p1b: Sinistcha
|move|p2b: Alakazam|Encore|p1a: Primarina
|-start|p1a: Primarina|Encore
|move|p1a: Primarina|Protect|p1a: Primarina
|-singleturn|p1a: Primarina|Protect
|move|p2a: Incineroar|Parting Shot|p1b: Sinistcha
|-unboost|p1b: Sinistcha|atk|1
|-unboost|p1b: Sinistcha|spa|1
|
|t:|1783280864
|switch|p2a: Tyranitar|Tyranitar-Mega, L50, M|100/100|[from] Parting Shot
|-weather|Sandstorm|[from] ability: Sand Stream|[of] p2a: Tyranitar
|
|-weather|Sandstorm|[upkeep]
|-damage|p2b: Alakazam|18/100|[from] Sandstorm
|-damage|p1a: Primarina|45/100|[from] Sandstorm
|-damage|p1b: Sinistcha|42/100|[from] Sandstorm
|-heal|p1a: Primarina|51/100|[from] item: Leftovers
|upkeep
|turn|8
|
|t:|1783280885
|switch|p1a: Staraptor|Staraptor, L50, M, shiny|100/100
|-ability|p1a: Staraptor|Intimidate|boost
|-unboost|p2a: Tyranitar|atk|1
|-fail|p2b: Alakazam|unboost|Attack|[from] ability: Inner Focus|[of] p2b: Alakazam
|switch|p1b: Grimmsnarl|Grimmsnarl, L50, M|62/100
|move|p2a: Tyranitar|Protect|p2a: Tyranitar
|-singleturn|p2a: Tyranitar|Protect
|move|p2b: Alakazam|Trick Room|p2b: Alakazam
|-fieldstart|move: Trick Room|[of] p2b: Alakazam
|
|-weather|Sandstorm|[upkeep]
|-damage|p1b: Grimmsnarl|56/100|[from] Sandstorm
|-damage|p1a: Staraptor|93/100|[from] Sandstorm
|-damage|p2b: Alakazam|12/100|[from] Sandstorm
|-sideend|p1: OdieVGC|move: Light Screen
|upkeep
|turn|9
|inactive|OdieVGC has 30 seconds left.
|inactive|OdieVGC has 20 seconds left.
|inactive|OdieVGC has 15 seconds left.
|
|t:|1783280929
|detailschange|p1a: Staraptor|Staraptor-Mega, L50, M, shiny
|-mega|p1a: Staraptor|Staraptor|Staraptite
|move|p1a: Staraptor|Protect|p1a: Staraptor
|-singleturn|p1a: Staraptor|Protect
|move|p1b: Grimmsnarl|Spirit Break|p2b: Alakazam
|-damage|p2b: Alakazam|0 fnt
|faint|p2b: Alakazam
|move|p2a: Tyranitar|Rock Slide|p1a: Staraptor|[spread] p1b
|-activate|p1a: Staraptor|move: Protect
|-damage|p1b: Grimmsnarl|39/100
|
|-weather|Sandstorm|[upkeep]
|-damage|p1b: Grimmsnarl|33/100|[from] Sandstorm
|-damage|p1a: Staraptor|87/100|[from] Sandstorm
|-sideend|p1: OdieVGC|Reflect
|upkeep
|
|t:|1783280933
|switch|p2b: Rhyperior|Rhyperior, L50, M|100/100
|turn|10
|inactive|OdieVGC has 30 seconds left.
|
|t:|1783280958
|move|p1b: Grimmsnarl|Parting Shot|p2b: Rhyperior
|-unboost|p2b: Rhyperior|atk|1
|-unboost|p2b: Rhyperior|spa|1
|
|t:|1783280962
|switch|p1b: Sinistcha|Sinistcha-Masterpiece, L50, shiny|42/100|[from] Parting Shot
|-heal|p1a: Staraptor|100/100|[from] ability: Hospitality|[of] p1b: Sinistcha
|move|p2b: Rhyperior|Rock Wrecker|p1a: Staraptor
|-damage|p1a: Staraptor|24/100
|-mustrecharge|p2b: Rhyperior
|move|p2a: Tyranitar|High Horsepower|p1b: Sinistcha
|-resisted|p1b: Sinistcha|1
|-damage|p1b: Sinistcha|32/100
|move|p1a: Staraptor|Close Combat|p2a: Tyranitar
|-supereffective|p2a: Tyranitar|2
|-damage|p2a: Tyranitar|0 fnt
|-boost|p1a: Staraptor|def|1
|-boost|p1a: Staraptor|spd|1
|faint|p2a: Tyranitar
|
|-weather|Sandstorm|[upkeep]
|-damage|p1b: Sinistcha|26/100|[from] Sandstorm
|-damage|p1a: Staraptor|18/100|[from] Sandstorm
|upkeep
|
|t:|1783280964
|switch|p2a: Incineroar|Incineroar, L50, M|43/100
|-ability|p2a: Incineroar|Intimidate|boost
|-boost|p1a: Staraptor|atk|1
|-unboost|p1b: Sinistcha|atk|1
|turn|11
|inactive|OdieVGC has 30 seconds left.
|inactive|OdieVGC has 20 seconds left.
|inactive|OdieVGC has 15 seconds left.
|inactive|OdieVGC has 10 seconds left.
|inactive|OdieVGC has 5 seconds left.
|
|t:|1783281015
|switch|p1a: Grimmsnarl|Grimmsnarl, L50, M|33/100
|move|p1b: Sinistcha|Protect|p1b: Sinistcha
|-singleturn|p1b: Sinistcha|Protect
|move|p2a: Incineroar|Fake Out|p1a: Grimmsnarl
|-damage|p1a: Grimmsnarl|22/100
|cant|p2b: Rhyperior|recharge
|
|-weather|none
|upkeep
|turn|12
|inactive|OdieVGC has 30 seconds left.
|
|t:|1783281043
|switch|p1b: Primarina|Primarina, L50, M|51/100
|move|p2b: Rhyperior|Protect|p2b: Rhyperior
|-singleturn|p2b: Rhyperior|Protect
|move|p1a: Grimmsnarl|Parting Shot|p2b: Rhyperior
|-activate|p2b: Rhyperior|move: Protect
|move|p2a: Incineroar|Flare Blitz|p1b: Primarina
|-resisted|p1b: Primarina|1
|-damage|p1b: Primarina|27/100
|-damage|p2a: Incineroar|36/100|[from] Recoil
|
|-heal|p1b: Primarina|34/100|[from] item: Leftovers
|-fieldend|move: Trick Room
|upkeep
|turn|13
|inactive|OdieVGC has 30 seconds left.
|
|t:|1783281064
|move|p1a: Grimmsnarl|Parting Shot|p2b: Rhyperior
|-unboost|p2b: Rhyperior|atk|1
|-unboost|p2b: Rhyperior|spa|1
|inactive|OdieVGC has 30 seconds left this turn.
|
|t:|1783281067
|switch|p1a: Sinistcha|Sinistcha-Masterpiece, L50, shiny|26/100|[from] Parting Shot
|-heal|p1b: Primarina|59/100|[from] ability: Hospitality|[of] p1a: Sinistcha
|move|p1b: Primarina|Hyper Voice|p2b: Rhyperior|[spread] p2a,p2b
|-supereffective|p2a: Incineroar|1
|-supereffective|p2b: Rhyperior|2
|-damage|p2a: Incineroar|0 fnt
|-damage|p2b: Rhyperior|0 fnt
|faint|p2a: Incineroar
|faint|p2b: Rhyperior
|
|win|OdieVGC
|l|☆jonathanpvpfr
|player|p2|
|raw|OdieVGC's rating: 1071 → 1100(+29 for winning)
|raw|jonathanpvpfr's rating: 1070 → 1050(-20 for losing)
