|j|☆d1mo22
|j|☆VGCPancakes
|html|d1mo22VGCPancakes    
|uhtml|bestof|Game 1 of a best-of-3
|t:|1785514710
|gametype|doubles
|player|p1|d1mo22|169|1217
|player|p2|VGCPancakes|2|1330
|gen|9
|tier|[Gen 9 Champions] VGC 2026 Reg M-B (Bo3)
|rated|
|rule|Species Clause: Limit one of each Pokémon
|rule|Item Clause: Limit 1 of each item
|clearpoke
|poke|p1|Pelipper, L50, M|
|poke|p1|Swampert, L50, F|
|poke|p1|Archaludon, L50, F|
|poke|p1|Grimmsnarl, L50, M, shiny|
|poke|p1|Venusaur, L50, F|
|poke|p1|Charizard, L50, M, shiny|
|poke|p2|Tyranitar, L50, F|
|poke|p2|Floette-Eternal, L50, F|
|poke|p2|Garchomp, L50, M|
|poke|p2|Sinistcha, L50|
|poke|p2|Incineroar, L50, M|
|poke|p2|Corviknight, L50, F|
|teampreview|4
|showteam|p1|Pelipper||SitrusBerry|Drizzle|WeatherBall,Hurricane,Tailwind,WideGuard|Modest||M|||50|]Swampert||Swampertite|Torrent|WaveCrash,Earthquake,IcePunch,Protect|Adamant||F|||50|]Archaludon||Leftovers|Stamina|ElectroShot,FlashCannon,DragonPulse,Protect|Modest||F|||50|]Grimmsnarl||LightClay|Prankster|Reflect,LightScreen,PartingShot,SpiritBreak|Sassy||M|||50|]Venusaur||LifeOrb|Overgrow|SleepPowder,SludgeBomb,EarthPower,Protect|Modest||F|||50|]Charizard||CharizarditeY|Blaze|WeatherBall,HeatWave,SolarBeam,Protect|Modest||M|||50|
|showteam|p2|Tyranitar||Tyranitarite|SandStream|Protect,RockSlide,KnockOff,LowKick|Adamant||F|||50|]Floette-Eternal||Floettite|FlowerVeil|Protect,CalmMind,DrainingKiss,DazzlingGleam|Modest||F|||50|]Garchomp||ChoiceScarf|RoughSkin|DragonClaw,RockSlide,RockTomb,StompingTantrum|Adamant||M|||50|]Sinistcha||ColburBerry|Hospitality|MatchaGotcha,TrickRoom,RagePowder,LifeDew|Quiet|||||50|]Incineroar||SitrusBerry|Intimidate|FakeOut,FlareBlitz,Taunt,PartingShot|Adamant||M|||50|]Corviknight||Leftovers|MirrorArmor|Tailwind,IronHead,BulkUp,Protect|Careful||F|||50|
|inactive|Battle timer is ON: inactive players will automatically lose when time's up. (requested by d1mo22)
|l|☆VGCPancakes
|inactive|VGCPancakes disconnected and has a minute to reconnect!
|player|p2|
|j|☆VGCPancakes
|inactive|VGCPancakes reconnected and has 80 seconds left.
|player|p2|VGCPancakes|2|
|inactive|d1mo22 has 60 seconds left.
|inactive|VGCPancakes has 60 seconds left.
|
|t:|1785514765
|teamsize|p1|4
|teamsize|p2|4
|start
|switch|p1a: Pelipper|Pelipper, L50, M|100/100
|switch|p1b: Swampert|Swampert, L50, F|100/100
|switch|p2a: Floette|Floette-Eternal, L50, F|100/100
|switch|p2b: Incineroar|Incineroar, L50, M|100/100
|-ability|p2b: Incineroar|Intimidate|boost
|-unboost|p1a: Pelipper|atk|1
|-unboost|p1b: Swampert|atk|1
|-weather|RainDance|[from] ability: Drizzle|[of] p1a: Pelipper
|turn|1
|
|t:|1785514781
|switch|p1b: Charizard|Charizard, L50, M, shiny|100/100
|detailschange|p2a: Floette|Floette-Mega, L50, F
|-mega|p2a: Floette|Floette|Floettite
|-ability|p2a: Floette|Fairy Aura
|move|p2b: Incineroar|Fake Out|p1b: Charizard
|-damage|p1b: Charizard|87/100
|move|p2a: Floette|Calm Mind|p2a: Floette
|-boost|p2a: Floette|spa|1
|-boost|p2a: Floette|spd|1
|move|p1a: Pelipper|Tailwind|p1a: Pelipper
|-sidestart|p1: d1mo22|move: Tailwind
|
|-weather|RainDance|[upkeep]
|upkeep
|turn|2
|inactive|d1mo22 has 30 seconds left.
|inactive|d1mo22 has 20 seconds left.
|inactive|d1mo22 has 15 seconds left.
|
|t:|1785514821
|switch|p2b: Tyranitar|Tyranitar, L50, F|100/100
|-weather|Sandstorm|[from] ability: Sand Stream|[of] p2b: Tyranitar
|move|p1b: Charizard|Protect|p1b: Charizard
|-singleturn|p1b: Charizard|Protect
|move|p1a: Pelipper|Weather Ball|p2b: Tyranitar
|-damage|p2b: Tyranitar|86/100
|move|p2a: Floette|Draining Kiss|p1a: Pelipper
|-damage|p1a: Pelipper|33/100
|-enditem|p1a: Pelipper|Sitrus Berry|[eat]
|-heal|p1a: Pelipper|57/100|[from] item: Sitrus Berry
|
|-weather|Sandstorm|[upkeep]
|-damage|p1b: Charizard|81/100|[from] Sandstorm
|-damage|p1a: Pelipper|51/100|[from] Sandstorm
|-damage|p2a: Floette|93/100|[from] Sandstorm
|upkeep
|turn|3
|inactive|d1mo22 has 30 seconds left.
|
|t:|1785514849
|switch|p2b: Incineroar|Incineroar, L50, M|100/100
|-ability|p2b: Incineroar|Intimidate|boost
|-unboost|p1a: Pelipper|atk|1
|-unboost|p1b: Charizard|atk|1
|detailschange|p1b: Charizard|Charizard-Mega-Y, L50, M, shiny
|-mega|p1b: Charizard|Charizard|Charizardite Y
|-weather|SunnyDay|[from] ability: Drought|[of] p1b: Charizard
|move|p1a: Pelipper|Wide Guard|p1a: Pelipper
|-singleturn|p1a: Pelipper|Wide Guard
|move|p1b: Charizard|Heat Wave|p2a: Floette|[spread] p2a,p2b
|-resisted|p2b: Incineroar|1
|-damage|p2a: Floette|65/100
|-damage|p2b: Incineroar|70/100
|move|p2a: Floette|Draining Kiss|p1a: Pelipper
|-damage|p1a: Pelipper|0 fnt
|-heal|p2a: Floette|100/100|[from] drain|[of] p1a: Pelipper
|faint|p1a: Pelipper
|
|-weather|SunnyDay|[upkeep]
|upkeep
|
|t:|1785514852
|switch|p1a: Venusaur|Venusaur, L50, F|100/100
|turn|4
|
|t:|1785514869
|move|p2b: Incineroar|Fake Out|p1a: Venusaur
|-damage|p1a: Venusaur|84/100
|move|p1b: Charizard|Weather Ball|p2a: Floette
|-damage|p2a: Floette|56/100
|cant|p1a: Venusaur|flinch
|move|p2a: Floette|Calm Mind|p2a: Floette
|-boost|p2a: Floette|spa|1
|-boost|p2a: Floette|spd|1
|
|-weather|SunnyDay|[upkeep]
|-sideend|p1: d1mo22|move: Tailwind
|upkeep
|turn|5
|
|t:|1785514881
|move|p2a: Floette|Protect|p2a: Floette
|-singleturn|p2a: Floette|Protect
|move|p1b: Charizard|Heat Wave|p2b: Incineroar|[spread] p2b
|-activate|p2a: Floette|move: Protect
|-resisted|p2b: Incineroar|1
|-damage|p2b: Incineroar|42/100
|-enditem|p2b: Incineroar|Sitrus Berry|[eat]
|-heal|p2b: Incineroar|66/100|[from] item: Sitrus Berry
|move|p1a: Venusaur|Sludge Bomb|p2a: Floette
|-activate|p2a: Floette|move: Protect
|move|p2b: Incineroar|Flare Blitz|p1a: Venusaur
|-supereffective|p1a: Venusaur|1
|-damage|p1a: Venusaur|0 fnt
|faint|p1a: Venusaur
|-damage|p2b: Incineroar|45/100|[from] Recoil
|
|-weather|SunnyDay|[upkeep]
|upkeep
|
|t:|1785514885
|switch|p1a: Swampert|Swampert, L50, F|100/100
|turn|6
|
|t:|1785514895
|move|p1b: Charizard|Weather Ball|p2a: Floette
|-damage|p2a: Floette|24/100
|move|p2a: Floette|Draining Kiss|p1a: Swampert
|-damage|p1a: Swampert|11/100
|-heal|p2a: Floette|100/100|[from] drain|[of] p1a: Swampert
|move|p1a: Swampert|Wave Crash|p2b: Incineroar
|-supereffective|p2b: Incineroar|1
|-damage|p2b: Incineroar|0 fnt
|faint|p2b: Incineroar
|-damage|p1a: Swampert|0 fnt|[from] Recoil
|faint|p1a: Swampert
|
|-weather|SunnyDay|[upkeep]
|upkeep
|-message|d1mo22 forfeited.
|
|win|VGCPancakes
||d1mo22 is ready for game 2.
||VGCPancakes is ready for game 2.
|uhtml|next|Next: Game 2 of 3
