|j|☆daviron1
|j|‽valiantvalerie
|html|daviron1valiantvalerie    
|uhtml|bestof|Game 1 of a best-of-3
|t:|1782189335
|gametype|doubles
|player|p1|daviron1|channeler-gen3|
|player|p2|valiantvalerie|gwynn|
|gen|9
|tier|[Gen 9 Champions] VGC 2026 Reg M-B (Bo3)
|rule|Species Clause: Limit one of each Pokémon
|rule|Item Clause: Limit 1 of each item
|clearpoke
|poke|p1|Kingambit, L50, M|
|poke|p1|Whimsicott, L50, F|
|poke|p1|Basculegion, L50, M|
|poke|p1|Garchomp, L50, F|
|poke|p1|Charizard, L50, M|
|poke|p1|Floette-Eternal, L50, F|
|poke|p2|Froslass, L50, F|
|poke|p2|Gholdengo, L50|
|poke|p2|Lycanroc-Dusk, L50, F|
|poke|p2|Incineroar, L50, F|
|poke|p2|Garchomp, L50, M|
|poke|p2|Staraptor, L50, M|
|teampreview|4
|showteam|p1|Kingambit||BlackGlasses|Defiant|KowtowCleave,SuckerPunch,IronHead,Protect|Adamant||M|||50|]Whimsicott||FocusSash|Prankster|Moonblast,Tailwind,Encore,Protect|Timid||F|||50|]Basculegion||MysticWater|Adaptability|WaveCrash,LastRespects,AquaJet,Protect|Adamant||M|||50|]Garchomp||LifeOrb|RoughSkin|DragonClaw,RockSlide,Earthquake,Protect|Jolly||F|||50|]Charizard||CharizarditeY|Blaze|WeatherBall,HeatWave,SolarBeam,Protect|Modest||M|||50|]Floette-Eternal||Floettite|FlowerVeil|Moonblast,DazzlingGleam,LightofRuin,Protect|Modest||F|||50|
|showteam|p2|Froslass||Froslassite|SnowCloak|Blizzard,ShadowBall,AuroraVeil,Protect|Timid||F|||50|]Gholdengo||MetalCoat|GoodasGold|MakeItRain,ShadowBall,NastyPlot,Protect|Modest|||||50|]Lycanroc-Dusk||FocusSash|ToughClaws|RockSlide,Accelerock,CloseCombat,Protect|Adamant||F|||50|]Incineroar||PasshoBerry|Intimidate|FakeOut,FlareBlitz,ThroatChop,PartingShot|Careful||F|||50|]Garchomp||LifeOrb|RoughSkin|StompingTantrum,DragonClaw,RockSlide,Protect|Jolly||M|||50|]Staraptor||Staraptite|Intimidate|CloseCombat,BraveBird,Roost,Protect|Jolly||M|||50|
|inactive|Battle timer is ON: inactive players will automatically lose when time's up. (requested by daviron1)
|inactive|valiantvalerie also wants the timer to be on.
|inactive|daviron1 has 60 seconds left.
|inactive|valiantvalerie has 60 seconds left.
|inactive|valiantvalerie has 30 seconds left.
|
|t:|1782189404
|teamsize|p1|4
|teamsize|p2|4
|start
|switch|p1a: OutOfThisWorld|Charizard, L50, M|100/100
|switch|p1b: GrowingPains|Whimsicott, L50, F|100/100
|switch|p2a: Staraptor|Staraptor, L50, M|100/100
|switch|p2b: Incineroar|Incineroar, L50, F|100/100
|-ability|p2a: Staraptor|Intimidate|boost
|-unboost|p1a: OutOfThisWorld|atk|1
|-unboost|p1b: GrowingPains|atk|1
|-ability|p2b: Incineroar|Intimidate|boost
|-unboost|p1a: OutOfThisWorld|atk|1
|-unboost|p1b: GrowingPains|atk|1
|turn|1
|
|t:|1782189421
|detailschange|p2a: Staraptor|Staraptor-Mega, L50, M
|-mega|p2a: Staraptor|Staraptor|Staraptite
|move|p1b: GrowingPains|Protect|p1b: GrowingPains
|-singleturn|p1b: GrowingPains|Protect
|move|p1a: OutOfThisWorld|Protect|p1a: OutOfThisWorld
|-singleturn|p1a: OutOfThisWorld|Protect
|move|p2a: Staraptor|Close Combat|p1b: GrowingPains
|-activate|p1b: GrowingPains|move: Protect
|move|p2b: Incineroar|Parting Shot|p2a: Staraptor
|-boost|p2a: Staraptor|atk|1
|-boost|p2a: Staraptor|spa|1
|
|t:|1782189436
|switch|p2b: Garchomp|Garchomp, L50, M|100/100|[from] Parting Shot
|
|upkeep
|turn|2
|inactive|daviron1 has 30 seconds left.
|
|t:|1782189464
|switch|p1a: FactsOfLife|Basculegion, L50, M|100/100
|move|p1b: GrowingPains|Tailwind|p1b: GrowingPains
|-sidestart|p1: daviron1|move: Tailwind
|move|p2a: Staraptor|Close Combat|p1b: GrowingPains
|-resisted|p1b: GrowingPains|1
|-damage|p1b: GrowingPains|26/100
|-boost|p2a: Staraptor|def|1
|-boost|p2a: Staraptor|spd|1
|move|p2b: Garchomp|Rock Slide|p1b: GrowingPains|[spread] p1a,p1b
|-damage|p1a: FactsOfLife|72/100
|-damage|p1b: GrowingPains|0 fnt
|faint|p1b: GrowingPains
|-damage|p2b: Garchomp|90/100|[from] item: Life Orb
|
|upkeep
|
|t:|1782189470
|switch|p1b: OutOfThisWorld|Charizard, L50, M|100/100
|turn|3
|
|t:|1782189489
|switch|p2b: Incineroar|Incineroar, L50, F|100/100
|-ability|p2b: Incineroar|Intimidate|boost
|-unboost|p1a: FactsOfLife|atk|1
|-unboost|p1b: OutOfThisWorld|atk|1
|detailschange|p1b: OutOfThisWorld|Charizard-Mega-Y, L50, M
|-mega|p1b: OutOfThisWorld|Charizard|Charizardite Y
|-weather|SunnyDay|[from] ability: Drought|[of] p1b: OutOfThisWorld
|move|p2a: Staraptor|Protect|p2a: Staraptor
|-singleturn|p2a: Staraptor|Protect
|move|p1b: OutOfThisWorld|Weather Ball|p2a: Staraptor
|-activate|p2a: Staraptor|move: Protect
|move|p1a: FactsOfLife|Last Respects|p2a: Staraptor
|-activate|p2a: Staraptor|move: Protect
|
|-weather|SunnyDay|[upkeep]
|upkeep
|turn|4
|
|t:|1782189503
|switch|p1a: StillStanding|Garchomp, L50, F|100/100
|move|p1b: OutOfThisWorld|Protect|p1b: OutOfThisWorld
|-singleturn|p1b: OutOfThisWorld|Protect
|move|p2b: Incineroar|Fake Out|p1b: OutOfThisWorld
|-activate|p1b: OutOfThisWorld|move: Protect
|move|p2a: Staraptor|Brave Bird|p1a: StillStanding
|-damage|p1a: StillStanding|15/100
|-damage|p2a: Staraptor|87/100|[from] ability: Rough Skin|[of] p1a: StillStanding
|-damage|p2a: Staraptor|55/100|[from] Recoil
|
|-weather|SunnyDay|[upkeep]
|upkeep
|turn|5
|
|t:|1782189519
|switch|p2b: Gholdengo|Gholdengo, L50|100/100
|move|p2a: Staraptor|Protect|p2a: Staraptor
|-singleturn|p2a: Staraptor|Protect
|move|p1a: StillStanding|Earthquake|p2b: Gholdengo|[spread] p2b
|-activate|p2a: Staraptor|move: Protect
|-immune|p1b: OutOfThisWorld
|-supereffective|p2b: Gholdengo|1
|-damage|p2b: Gholdengo|0 fnt
|faint|p2b: Gholdengo
|-damage|p1a: StillStanding|5/100|[from] item: Life Orb
|move|p1b: OutOfThisWorld|Heat Wave|p2a: Staraptor
|-activate|p2a: Staraptor|move: Protect
|
|-weather|SunnyDay|[upkeep]
|-sideend|p1: daviron1|move: Tailwind
|upkeep
|
|t:|1782189530
|switch|p2b: Garchomp|Garchomp, L50, M|90/100
|turn|6
|
|t:|1782189543
|move|p1a: StillStanding|Protect|p1a: StillStanding
|-singleturn|p1a: StillStanding|Protect
|move|p2a: Staraptor|Brave Bird|p1b: OutOfThisWorld
|-damage|p1b: OutOfThisWorld|0 fnt
|faint|p1b: OutOfThisWorld
|-damage|p2a: Staraptor|23/100|[from] Recoil
|move|p2b: Garchomp|Rock Slide|p1a: StillStanding
|-activate|p1a: StillStanding|move: Protect
|
|-weather|SunnyDay|[upkeep]
|upkeep
|
|t:|1782189548
|switch|p1b: FactsOfLife|Basculegion, L50, M|72/100
|turn|7
|
|t:|1782189565
|move|p2a: Staraptor|Brave Bird|p1a: StillStanding
|-damage|p1a: StillStanding|0 fnt
|-damage|p2a: Staraptor|10/100|[from] ability: Rough Skin|[of] p1a: StillStanding
|faint|p1a: StillStanding
|-damage|p2a: Staraptor|8/100|[from] Recoil
|move|p2b: Garchomp|Dragon Claw|p1b: FactsOfLife
|-damage|p1b: FactsOfLife|12/100
|-damage|p2b: Garchomp|80/100|[from] item: Life Orb
|move|p1b: FactsOfLife|Last Respects|p2b: Garchomp
|-damage|p2b: Garchomp|0 fnt
|faint|p2b: Garchomp
|
|-weather|none
|upkeep
|
|t:|1782189568
|switch|p2b: Incineroar|Incineroar, L50, F|100/100
|-ability|p2b: Incineroar|Intimidate|boost
|-unboost|p1b: FactsOfLife|atk|1
|turn|8
|
|t:|1782189575
|move|p1b: FactsOfLife|Aqua Jet|p2a: Staraptor
|-damage|p2a: Staraptor|0 fnt
|faint|p2a: Staraptor
|move|p2b: Incineroar|Throat Chop|p1b: FactsOfLife
|-supereffective|p1b: FactsOfLife|1
|-damage|p1b: FactsOfLife|0 fnt
|faint|p1b: FactsOfLife
|
|win|valiantvalerie
||daviron1 is ready for game 2.
||valiantvalerie is ready for game 2.
|uhtml|next|Next: Game 2 of 3
|l|☆daviron1
|player|p1|
