|j|☆Toni_21
|j|☆clutcheye_.
|html|Toni_21clutcheye_.    
|uhtml|bestof|Game 2 of a best-of-3
|t:|1784136774
|gametype|doubles
|player|p1|Toni_21|2|
|player|p2|clutcheye_.|lance|
|gen|9
|tier|[Gen 9 Champions] VGC 2026 Reg M-B (Bo3)
|rule|Species Clause: Limit one of each Pokémon
|rule|Item Clause: Limit 1 of each item
|clearpoke
|poke|p1|Farigiraf, L50, F|
|poke|p1|Kingambit, L50, M|
|poke|p1|Aerodactyl, L50, F|
|poke|p1|Charizard, L50, F|
|poke|p1|Garchomp, L50, M|
|poke|p1|Sylveon, L50, M|
|poke|p2|Charizard, L50, M|
|poke|p2|Aerodactyl, L50, F|
|poke|p2|Kingambit, L50, F|
|poke|p2|Sylveon, L50, M|
|poke|p2|Garchomp, L50, M|
|poke|p2|Incineroar, L50, F|
|teampreview|4
|showteam|p1|Farigiraf||SitrusBerry|ArmorTail|TwinBeam,Thunderbolt,GrassKnot,TrickRoom|Bold||F|||50|]Kingambit||FocusSash|Defiant|KowtowCleave,IronHead,SuckerPunch,LowKick|Adamant||M|||50|]Aerodactyl||Aerodactylite|Unnerve|RockSlide,DualWingbeat,Tailwind,WideGuard|Jolly||F|||50|]Charizard||CharizarditeY|SolarPower|HeatWave,WeatherBall,SolarBeam,Protect|Modest||F|||50|]Garchomp||LifeOrb|RoughSkin|DragonClaw,Earthquake,StompingTantrum,Protect|Jolly||M|||50|]Sylveon||FairyFeather|Pixilate|HyperVoice,HyperBeam,QuickAttack,Detect|Modest||M|||50|
|showteam|p2|Charizard||CharizarditeY|Blaze|Protect,HeatWave,SolarBeam,WeatherBall|Modest||M|||50|]Aerodactyl||Aerodactylite|Unnerve|Tailwind,IceFang,RockSlide,DualWingbeat|Jolly||F|||50|]Kingambit||FocusSash|Defiant|KowtowCleave,SuckerPunch,IronHead,Protect|Adamant||F|||50|]Sylveon||FairyFeather|Pixilate|Detect,HyperVoice,HyperBeam,QuickAttack|Modest||M|||50|]Garchomp||LifeOrb|RoughSkin|Protect,DragonClaw,Earthquake,StompingTantrum|Serious||M|||50|]Incineroar||SitrusBerry|Intimidate|FakeOut,FlareBlitz,DarkestLariat,PartingShot|Careful||F|||50|
|
|t:|1784136825
|teamsize|p1|4
|teamsize|p2|4
|start
|switch|p1a: Aerodactyl|Aerodactyl, L50, F|100/100
|switch|p1b: Kingambit|Kingambit, L50, M|100/100
|switch|p2a: Garchomp|Garchomp, L50, M|100/100
|switch|p2b: Aerodactyl|Aerodactyl, L50, F|100/100
|-ability|p1a: Aerodactyl|Unnerve
|-ability|p2b: Aerodactyl|Unnerve
|turn|1
|
|t:|1784136862
|detailschange|p1a: Aerodactyl|Aerodactyl-Mega, L50, F
|-mega|p1a: Aerodactyl|Aerodactyl|Aerodactylite
|detailschange|p2b: Aerodactyl|Aerodactyl-Mega, L50, F
|-mega|p2b: Aerodactyl|Aerodactyl|Aerodactylite
|move|p1a: Aerodactyl|Tailwind|p1a: Aerodactyl
|-sidestart|p1: Toni_21|move: Tailwind
|move|p2b: Aerodactyl|Tailwind|p2b: Aerodactyl
|-sidestart|p2: clutcheye_.|move: Tailwind
|move|p2a: Garchomp|Stomping Tantrum|p1b: Kingambit
|-supereffective|p1b: Kingambit|1
|-damage|p1b: Kingambit|20/100y
|-damage|p2a: Garchomp|90/100|[from] item: Life Orb
|move|p1b: Kingambit|Iron Head|p2b: Aerodactyl
|-supereffective|p2b: Aerodactyl|1
|-damage|p2b: Aerodactyl|9/100
|
|upkeep
|turn|2
|
|t:|1784136890
|switch|p2b: Kingambit|Kingambit, L50, F|100/100
|move|p1b: Kingambit|Sucker Punch|p2a: Garchomp
|-damage|p2a: Garchomp|50/100g
|-damage|p1b: Kingambit|8/100|[from] ability: Rough Skin|[of] p2a: Garchomp
|move|p1a: Aerodactyl|Rock Slide|p2a: Garchomp|[spread] p2a,p2b
|-resisted|p2a: Garchomp|1
|-resisted|p2b: Kingambit|1
|-damage|p2a: Garchomp|37/100
|-damage|p2b: Kingambit|90/100
|move|p2a: Garchomp|Stomping Tantrum|p1b: Kingambit
|-supereffective|p1b: Kingambit|1
|-damage|p1b: Kingambit|0 fnt
|faint|p1b: Kingambit
|-damage|p2a: Garchomp|27/100|[from] item: Life Orb
|
|upkeep
|
|t:|1784136912
|switch|p1b: Garchomp|Garchomp, L50, M|100/100
|turn|3
|
|t:|1784136929
|move|p2b: Kingambit|Sucker Punch|p1b: Garchomp
|-damage|p1b: Garchomp|57/100
|-damage|p2b: Kingambit|77/100|[from] ability: Rough Skin|[of] p1b: Garchomp
|move|p1a: Aerodactyl|Rock Slide|p2b: Kingambit|[spread] p2a
|-miss|p1a: Aerodactyl|p2b: Kingambit
|-resisted|p2a: Garchomp|1
|-damage|p2a: Garchomp|14/100
|move|p1b: Garchomp|Earthquake|p2b: Kingambit|[spread] p2a,p2b
|-immune|p1a: Aerodactyl
|-supereffective|p2b: Kingambit|1
|-damage|p2a: Garchomp|0 fnt
|-damage|p2b: Kingambit|8/100
|faint|p2a: Garchomp
|-damage|p1b: Garchomp|48/100|[from] item: Life Orb
|
|upkeep
|
|t:|1784136959
|switch|p2a: Aerodactyl|Aerodactyl-Mega, L50, F|9/100
|turn|4
|
|t:|1784136997
|move|p1b: Garchomp|Protect|p1b: Garchomp
|-singleturn|p1b: Garchomp|Protect
|move|p2b: Kingambit|Sucker Punch|p1a: Aerodactyl
|-damage|p1a: Aerodactyl|53/100
|move|p1a: Aerodactyl|Rock Slide|p2a: Aerodactyl|[spread] p2a,p2b
|-supereffective|p2a: Aerodactyl|1
|-resisted|p2b: Kingambit|1
|-damage|p2a: Aerodactyl|0 fnt
|-damage|p2b: Kingambit|0 fnt
|faint|p2a: Aerodactyl
|faint|p2b: Kingambit
|
|-sideend|p2: clutcheye_.|move: Tailwind
|-sideend|p1: Toni_21|move: Tailwind
|upkeep
|c|☆clutcheye_.|gg
|
|t:|1784137008
|switch|p2b: Sylveon|Sylveon, L50, M|100/100
|turn|5
|
|t:|1784137014
|move|p2b: Sylveon|Detect|p2b: Sylveon
|-singleturn|p2b: Sylveon|Protect
|move|p1a: Aerodactyl|Wide Guard|p1a: Aerodactyl
|-singleturn|p1a: Aerodactyl|Wide Guard
|move|p1b: Garchomp|Earthquake|p2b: Sylveon|[spread] 
|-activate|p1a: Aerodactyl|move: Wide Guard
|-activate|p2b: Sylveon|move: Protect
|
|upkeep
|turn|6
|
|t:|1784137029
|move|p1a: Aerodactyl|Wide Guard|p1a: Aerodactyl
|-singleturn|p1a: Aerodactyl|Wide Guard
|move|p1b: Garchomp|Stomping Tantrum|p2b: Sylveon
|-damage|p2b: Sylveon|43/100
|-damage|p1b: Garchomp|38/100|[from] item: Life Orb
|move|p2b: Sylveon|Hyper Voice|p1b: Garchomp|[spread] 
|-activate|p1a: Aerodactyl|move: Wide Guard
|-activate|p1b: Garchomp|move: Wide Guard
|
|upkeep
|turn|7
|
|t:|1784137043
|move|p1a: Aerodactyl|Wide Guard|p1a: Aerodactyl
|-singleturn|p1a: Aerodactyl|Wide Guard
|move|p2b: Sylveon|Quick Attack|p1b: Garchomp
|-supereffective|p1b: Garchomp|1
|-damage|p1b: Garchomp|13/100
|-damage|p2b: Sylveon|31/100|[from] ability: Rough Skin|[of] p1b: Garchomp
|move|p1b: Garchomp|Earthquake|p2b: Sylveon|[spread] p2b
|-activate|p1a: Aerodactyl|move: Wide Guard
|-damage|p2b: Sylveon|0 fnt
|faint|p2b: Sylveon
|-damage|p1b: Garchomp|4/100|[from] item: Life Orb
|
|win|Toni_21
|c|☆clutcheye_.|gg
|l|☆clutcheye_.
|player|p2|
|j|☆clutcheye_.
|player|p2|clutcheye_.|lance|
