|j|☆ButterHarmo
|j|☆Craftulaa
|html|ButterHarmoCraftulaa    
|uhtml|bestof|Game 2 of a best-of-3
|t:|1785900583
|gametype|doubles
|player|p1|ButterHarmo|2|
|player|p2|Craftulaa|101|
|gen|9
|tier|[Gen 9 Champions] VGC 2026 Reg M-B (Bo3)
|rule|Species Clause: Limit one of each Pokémon
|rule|Item Clause: Limit 1 of each item
|clearpoke
|poke|p1|Gholdengo, L50|
|poke|p1|Incineroar, L50, F|
|poke|p1|Aerodactyl, L50, M|
|poke|p1|Sinistcha, L50|
|poke|p1|Typhlosion-Hisui, L50, M|
|poke|p1|Garchomp, L50, M|
|poke|p2|Garchomp, L50, F|
|poke|p2|Scrafty, L50, F|
|poke|p2|Corviknight, L50, F|
|poke|p2|Toxapex, L50, F|
|poke|p2|Froslass, L50, F|
|poke|p2|Sneasler, L50, F|
|teampreview|4
|showteam|p1|Gholdengo||LifeOrb|GoodasGold|NastyPlot,MakeItRain,Thunderbolt,ShadowBall|Modest|||||50|]Incineroar||Leftovers|Intimidate|FakeOut,DarkestLariat,PartingShot,FlareBlitz|Adamant||F|||50|]Aerodactyl||Aerodactylite|Unnerve|Tailwind,RockSlide,Protect,DualWingbeat|Jolly||M|||50|]Sinistcha||SitrusBerry|Hospitality|MatchaGotcha,LifeDew,Protect,RagePowder|Modest|||||50|]Typhlosion-Hisui||ChoiceScarf|Blaze|FireBlast,Extrasensory,InfernalParade,NightShade|Modest||M|||50|]Garchomp||LumBerry|SandVeil|Earthquake,RockSlide,DragonClaw,Protect|Jolly||M|||50|
|showteam|p2|Garchomp||LifeOrb|RoughSkin|Earthquake,RockSlide,DragonClaw,Protect|Jolly||F|||50|]Scrafty||Scraftinite|Intimidate|DrainPunch,Detect,KnockOff,FakeOut|Careful||F|||50|]Corviknight||SitrusBerry|MirrorArmor|Protect,IronDefense,BodyPress,Roost|Careful||F|||50|]Toxapex||Leftovers|Regenerator|BanefulBunker,WideGuard,Toxic,Infestation|Careful||F|||50|]Froslass||Froslassite|CursedBody|AuroraVeil,Blizzard,ShadowBall,Protect|Timid||F|||50|]Sneasler||FocusSash|PoisonTouch|PoisonJab,Protect,FakeOut,CloseCombat|Jolly||F|||50|
|
|t:|1785900652
|teamsize|p1|4
|teamsize|p2|4
|start
|switch|p1a: Incineroar|Incineroar, L50, F|100/100
|switch|p1b: Gholdengo|Gholdengo, L50|100/100
|switch|p2a: Scrafty|Scrafty, L50, F|100/100
|switch|p2b: Corviknight|Corviknight, L50, F|100/100
|-ability|p1a: Incineroar|Intimidate|boost
|-unboost|p2a: Scrafty|atk|1
|-ability|p2b: Corviknight|Mirror Armor
|-unboost|p1a: Incineroar|atk|1
|-ability|p2a: Scrafty|Intimidate|boost
|-unboost|p1a: Incineroar|atk|1
|-unboost|p1b: Gholdengo|atk|1
|turn|1
|
|t:|1785900688
|switch|p2b: Garchomp|Garchomp, L50, F|100/100
|move|p1a: Incineroar|Fake Out|p2b: Garchomp
|-damage|p2b: Garchomp|93/100
|-damage|p1a: Incineroar|87/100|[from] ability: Rough Skin|[of] p2b: Garchomp
|move|p1b: Gholdengo|Nasty Plot|p1b: Gholdengo
|-boost|p1b: Gholdengo|spa|2
|move|p2a: Scrafty|Knock Off|p1b: Gholdengo
|-supereffective|p1b: Gholdengo|1
|-damage|p1b: Gholdengo|52/100
|-enditem|p1b: Gholdengo|Life Orb|[from] move: Knock Off|[of] p2a: Scrafty
|
|-heal|p1a: Incineroar|93/100|[from] item: Leftovers
|upkeep
|turn|2
|
|t:|1785900729
|switch|p1b: Sinistcha|Sinistcha, L50|100/100
|-heal|p1a: Incineroar|100/100|[from] ability: Hospitality|[of] p1b: Sinistcha
|move|p2a: Scrafty|Detect|p2a: Scrafty
|-singleturn|p2a: Scrafty|Protect
|move|p2b: Garchomp|Earthquake|p1b: Sinistcha|[spread] p1a,p1b
|-activate|p2a: Scrafty|move: Protect
|-supereffective|p1a: Incineroar|1
|-resisted|p1b: Sinistcha|1
|-damage|p1a: Incineroar|8/100
|-damage|p1b: Sinistcha|70/100
|-damage|p2b: Garchomp|83/100|[from] item: Life Orb
|move|p1a: Incineroar|Parting Shot|p2b: Garchomp
|-unboost|p2b: Garchomp|atk|1
|-unboost|p2b: Garchomp|spa|1
|
|t:|1785900746
|switch|p1a: Gholdengo|Gholdengo, L50|52/100|[from] Parting Shot
|
|upkeep
|turn|3
|
|t:|1785900783
|switch|p1a: Incineroar|Incineroar, L50, F|8/100
|-ability|p1a: Incineroar|Intimidate|boost
|-unboost|p2a: Scrafty|atk|1
|-unboost|p2b: Garchomp|atk|1
|move|p2b: Garchomp|Earthquake|p1a: Incineroar|[spread] p2a,p1a,p1b
|-supereffective|p1a: Incineroar|1
|-resisted|p1b: Sinistcha|1
|-damage|p2a: Scrafty|75/100
|-damage|p1a: Incineroar|0 fnt
|-damage|p1b: Sinistcha|57/100
|faint|p1a: Incineroar
|-damage|p2b: Garchomp|74/100|[from] item: Life Orb
|move|p1b: Sinistcha|Matcha Gotcha|p2b: Garchomp|[spread] p2a
|-miss|p1b: Sinistcha|p2b: Garchomp
|-damage|p2a: Scrafty|55/100
|-heal|p1b: Sinistcha|68/100|[from] drain|[of] p2a: Scrafty
|move|p2a: Scrafty|Knock Off|p1b: Sinistcha
|-supereffective|p1b: Sinistcha|1
|-damage|p1b: Sinistcha|34/100
|-enditem|p1b: Sinistcha|Sitrus Berry|[from] move: Knock Off|[of] p2a: Scrafty
|
|upkeep
|
|t:|1785900819
|switch|p1a: Gholdengo|Gholdengo, L50|52/100
|turn|4
|
|t:|1785900873
|switch|p2b: Corviknight|Corviknight, L50, F|100/100
|move|p1a: Gholdengo|Make It Rain|p2a: Scrafty|[spread] p2a,p2b
|-resisted|p2b: Corviknight|1
|-damage|p2a: Scrafty|20/100y
|-damage|p2b: Corviknight|80/100
|-unboost|p1a: Gholdengo|spa|2
|move|p1b: Sinistcha|Life Dew|p1b: Sinistcha|[spread] p1b
|-immune|p1a: Gholdengo|[from] ability: Good as Gold
|-heal|p1b: Sinistcha|59/100
|move|p2a: Scrafty|Knock Off|p1a: Gholdengo
|-supereffective|p1a: Gholdengo|1
|-damage|p1a: Gholdengo|26/100
|
|upkeep
|turn|5
|
|t:|1785900923
|switch|p1b: Typhlosion|Typhlosion-Hisui, L50, M|100/100
|switch|p2b: Garchomp|Garchomp, L50, F|74/100
|move|p1a: Gholdengo|Thunderbolt|p2b: Garchomp
|-immune|p2b: Garchomp
|move|p2a: Scrafty|Knock Off|p1a: Gholdengo
|-supereffective|p1a: Gholdengo|1
|-damage|p1a: Gholdengo|3/100
|
|upkeep
|turn|6
|
|t:|1785900960
|switch|p1b: Sinistcha|Sinistcha, L50|59/100
|-heal|p1a: Gholdengo|28/100|[from] ability: Hospitality|[of] p1b: Sinistcha
|move|p2a: Scrafty|Detect|p2a: Scrafty
|-singleturn|p2a: Scrafty|Protect
|move|p2b: Garchomp|Earthquake|p1b: Sinistcha|[spread] p1a,p1b
|-activate|p2a: Scrafty|move: Protect
|-supereffective|p1a: Gholdengo|1
|-resisted|p1b: Sinistcha|1
|-damage|p1a: Gholdengo|0 fnt
|-damage|p1b: Sinistcha|33/100
|faint|p1a: Gholdengo
|-damage|p2b: Garchomp|64/100|[from] item: Life Orb
|
|upkeep
|
|t:|1785900974
|switch|p1a: Typhlosion|Typhlosion-Hisui, L50, M|100/100
|turn|7
|
|t:|1785901035
|move|p1a: Typhlosion|Infernal Parade|p2b: Garchomp
|-crit|p2b: Garchomp
|-damage|p2b: Garchomp|3/100
|move|p2b: Garchomp|Earthquake|p1b: Sinistcha|[spread] p2a,p1a,p1b
|-supereffective|p1a: Typhlosion|1
|-resisted|p1b: Sinistcha|1
|-damage|p2a: Scrafty|0 fnt
|-damage|p1a: Typhlosion|0 fnt
|-damage|p1b: Sinistcha|7/100
|faint|p2a: Scrafty
|faint|p1a: Typhlosion
|-damage|p2b: Garchomp|0 fnt|[from] item: Life Orb
|faint|p2b: Garchomp
|move|p1b: Sinistcha|Matcha Gotcha|p2: Scrafty|[notarget]
|-fail|p1b: Sinistcha
|
|upkeep
|
|t:|1785901052
|switch|p2b: Corviknight|Corviknight, L50, F|80/100
|switch|p2a: Froslass|Froslass, L50, F|100/100
|turn|8
|
|t:|1785901064
|detailschange|p2a: Froslass|Froslass-Mega, L50, F
|-mega|p2a: Froslass|Froslass|Froslassite
|-weather|Snowscape|[from] ability: Snow Warning|[of] p2a: Froslass
|move|p2a: Froslass|Blizzard|p1b: Sinistcha
|-supereffective|p1b: Sinistcha|1
|-damage|p1b: Sinistcha|0 fnt
|faint|p1b: Sinistcha
|
|win|Craftulaa
|inactive|ButterHarmo has 30 seconds to confirm battle start!
|inactive|Craftulaa has 30 seconds to confirm battle start!
|inactive|ButterHarmo has 20 seconds to confirm battle start!
|inactive|Craftulaa has 20 seconds to confirm battle start!
||ButterHarmo is ready for game 3.
|inactive|Craftulaa has 10 seconds to confirm battle start!
||Craftulaa is ready for game 3.
|uhtml|next|Next: Game 3 of 3
|l|☆ButterHarmo
|player|p1|
|j|☆ButterHarmo
|player|p1|ButterHarmo|2|
