|j|☆maynustucachero
|j|☆Crimson Jake
|html|maynustucacheroCrimson Jake    
|uhtml|bestof|Game 2 of a best-of-3
|t:|1782348171
|gametype|doubles
|player|p1|maynustucachero|169|1102
|player|p2|Crimson Jake|blue|1110
|gen|9
|tier|[Gen 9 Champions] VGC 2026 Reg M-B (Bo3)
|rated|
|rule|Species Clause: Limit one of each Pokémon
|rule|Item Clause: Limit 1 of each item
|clearpoke
|poke|p1|Garchomp, L50, F|
|poke|p1|Sylveon, L50, F|
|poke|p1|Farigiraf, L50, M|
|poke|p1|Aerodactyl, L50, F|
|poke|p1|Kingambit, L50, F|
|poke|p1|Charizard, L50, F|
|poke|p2|Tyranitar, L50, M|
|poke|p2|Charizard, L50, M|
|poke|p2|Greninja, L50, M, shiny|
|poke|p2|Sinistcha, L50|
|poke|p2|Whimsicott, L50, F, shiny|
|poke|p2|Archaludon, L50, F|
|teampreview|4
|showteam|p1|Garchomp||SoftSand|RoughSkin|Protect,Earthquake,DragonClaw,StompingTantrum|Jolly||F|||50|]Sylveon||FairyFeather|Pixilate|Protect,HyperVoice,QuickAttack,HyperBeam|Modest||F|||50|]Farigiraf||SitrusBerry|ArmorTail|TrickRoom,TwinBeam,Roar,Thunderbolt|Bold||M|||50|]Aerodactyl||Aerodactylite|Unnerve|RockSlide,IceFang,Tailwind,DualWingbeat|Jolly||F|||50|]Kingambit||FocusSash|Defiant|KowtowCleave,IronHead,LowKick,SuckerPunch|Adamant||F|||50|]Charizard||CharizarditeY|Blaze|Protect,HeatWave,WeatherBall,SolarBeam|Modest||F|||50|
|showteam|p2|Tyranitar||SitrusBerry|SandStream|LowKick,LashOut,RockSlide,Protect|Adamant||M|||50|]Charizard||CharizarditeY|SolarPower|AirSlash,HeatWave,SolarBeam,Protect|Timid||M|||50|]Greninja||Greninjite|Protean|WeatherBall,SludgeWave,DarkPulse,IceBeam|Timid||M|||50|]Sinistcha||Leftovers|Hospitality|MatchaGotcha,StrengthSap,RagePowder,LifeDew|Bold|||||50|]Whimsicott||FocusSash|Prankster|Tailwind,Moonblast,Encore,HelpingHand|Bold||F|||50|]Archaludon||ExpertBelt|Stamina|ElectroShot,FlashCannon,Protect,DragonPulse|Timid||F|||50|
|inactive|Battle timer is ON: inactive players will automatically lose when time's up. (requested by Crimson Jake)
|
|t:|1782348213
|teamsize|p1|4
|teamsize|p2|4
|start
|switch|p1a: Charizard|Charizard, L50, F|100/100
|switch|p1b: Aerodactyl|Aerodactyl, L50, F|100/100
|switch|p2a: Proteus|Greninja, L50, M, shiny|100/100
|switch|p2b: Don|Archaludon, L50, F|100/100
|-ability|p1b: Aerodactyl|Unnerve
|turn|1
|inactive|Crimson Jake has 30 seconds left.
|inactive|Crimson Jake has 20 seconds left.
|inactive|Crimson Jake has 15 seconds left.
|
|t:|1782348255
|detailschange|p2a: Proteus|Greninja-Mega, L50, M, shiny
|-mega|p2a: Proteus|Greninja|Greninjite
|detailschange|p1a: Charizard|Charizard-Mega-Y, L50, F
|-mega|p1a: Charizard|Charizard|Charizardite Y
|-weather|SunnyDay|[from] ability: Drought|[of] p1a: Charizard
|move|p2b: Don|Protect|p2b: Don
|-singleturn|p2b: Don|Protect
|move|p2a: Proteus|Ice Beam|p1b: Aerodactyl
|-start|p2a: Proteus|typechange|Ice|[from] ability: Protean
|-supereffective|p1b: Aerodactyl|1
|-damage|p1b: Aerodactyl|0 fnt
|faint|p1b: Aerodactyl
|move|p1a: Charizard|Heat Wave|p2a: Proteus|[spread] p2a
|-activate|p2b: Don|move: Protect
|-supereffective|p2a: Proteus|1
|-damage|p2a: Proteus|0 fnt
|faint|p2a: Proteus
|
|-weather|SunnyDay|[upkeep]
|upkeep
|
|t:|1782348272
|switch|p2a: Pyro|Charizard, L50, M|100/100
|switch|p1b: Garchomp|Garchomp, L50, F|100/100
|turn|2
|
|t:|1782348295
|move|p2a: Pyro|Air Slash|p1a: Charizard
|-damage|p1a: Charizard|46/100
|move|p1b: Garchomp|Earthquake|p2a: Pyro|[spread] p2b
|-immune|p1a: Charizard
|-immune|p2a: Pyro
|-supereffective|p2b: Don|1
|-damage|p2b: Don|49/100
|-ability|p2b: Don|Stamina|boost
|-boost|p2b: Don|def|1
|cant|p1a: Charizard|flinch
|move|p2b: Don|Dragon Pulse|p1b: Garchomp
|-supereffective|p1b: Garchomp|1
|-damage|p1b: Garchomp|0 fnt
|faint|p1b: Garchomp
|
|-weather|SunnyDay|[upkeep]
|-damage|p2a: Pyro|87/100|[from] ability: Solar Power|[of] p2a: Pyro
|upkeep
|
|t:|1782348303
|switch|p1b: Kingambit|Kingambit, L50, F|100/100
|turn|3
|
|t:|1782348322
|move|p2a: Pyro|Air Slash|p1a: Charizard
|-damage|p1a: Charizard|0 fnt
|faint|p1a: Charizard
|move|p2b: Don|Electro Shot||[still]
|-prepare|p2b: Don|Electro Shot
|-boost|p2b: Don|spa|1
|move|p1b: Kingambit|Kowtow Cleave|p2a: Pyro
|-crit|p2a: Pyro
|-damage|p2a: Pyro|2/100
|
|-weather|SunnyDay|[upkeep]
|-damage|p2a: Pyro|0 fnt|[from] ability: Solar Power|[of] p2a: Pyro
|faint|p2a: Pyro
|upkeep
|
|t:|1782348328
|switch|p2a: Thea|Sinistcha, L50|100/100
|-heal|p2b: Don|74/100|[from] ability: Hospitality|[of] p2a: Thea
|turn|4
|
|t:|1782348334
|move|p2b: Don|Electro Shot|p1b: Kingambit|[from] lockedmove
|-damage|p1b: Kingambit|25/100
|move|p2a: Thea|Life Dew||[still]|[spread] p2a,p2b
|-fail|p2a: Thea|heal
|-heal|p2b: Don|99/100
|move|p1b: Kingambit|Kowtow Cleave|p2a: Thea
|-supereffective|p2a: Thea|1
|-damage|p2a: Thea|42/100
|
|-weather|SunnyDay|[upkeep]
|-heal|p2a: Thea|48/100|[from] item: Leftovers
|upkeep
|turn|5
|
|t:|1782348343
|move|p2b: Don|Dragon Pulse|p1b: Kingambit
|-resisted|p1b: Kingambit|1
|-damage|p1b: Kingambit|0 fnt
|faint|p1b: Kingambit
|
|win|Crimson Jake
|raw|maynustucachero's rating: 1102 → 1078(-24 for losing)
|raw|Crimson Jake's rating: 1110 → 1134(+24 for winning)
|l|☆maynustucachero
|player|p1|
