|j|☆Kylliza
|j|☆Hungria hd
|html|KyllizaHungria hd    
|uhtml|bestof|Game 1 of a best-of-3
|t:|1782334429
|gametype|doubles
|player|p1|Kylliza|265|1100
|player|p2|Hungria hd|1|1000
|gen|9
|tier|[Gen 9 Champions] VGC 2026 Reg M-B (Bo3)
|rated|
|rule|Species Clause: Limit one of each Pokémon
|rule|Item Clause: Limit 1 of each item
|clearpoke
|poke|p1|Blaziken, L50, M|
|poke|p1|Whimsicott, L50, M|
|poke|p1|Incineroar, L50, F|
|poke|p1|Sylveon, L50, M|
|poke|p1|Basculegion, L50, M|
|poke|p1|Froslass, L50, F|
|poke|p2|Scrafty, L50, M|
|poke|p2|Basculegion, L50, M|
|poke|p2|Metagross, L50|
|poke|p2|Aerodactyl, L50, F|
|poke|p2|Garchomp, L50, F|
|poke|p2|Rotom-Wash, L50|
|teampreview|4
|showteam|p1|Blaziken||Blazikenite|SpeedBoost|FlareBlitz,CloseCombat,RockSlide,Protect|Adamant||M|||50|]Whimsicott||FocusSash|Prankster|Moonblast,Tailwind,Encore,Protect|Timid||M|||50|]Incineroar||SitrusBerry|Intimidate|FakeOut,FlareBlitz,ThroatChop,PartingShot|Careful||F|||50|]Sylveon||FairyFeather|Pixilate|HyperVoice,HyperBeam,QuickAttack,Protect|Modest||M|||50|]Basculegion||ChoiceScarf|Adaptability|WaveCrash,LastRespects,AquaJet,FlipTurn|Jolly||M|||50|]Froslass||Froslassite|CursedBody|Blizzard,ShadowBall,AuroraVeil,Protect|Timid||F|||50|
|showteam|p2|Scrafty||Scraftinite|Intimidate|DrainPunch,FakeOut,KnockOff,Protect|Jolly||M|||50|]Basculegion||LifeOrb|Adaptability|WaveCrash,LastRespects,AquaJet,Protect|Jolly||M|||50|]Metagross||Metagrossite|ClearBody|RockSlide,BodyPress,IronDefense,IronHead|Jolly|||||50|]Aerodactyl||WacanBerry|Unnerve|RockSlide,Tailwind,DualWingbeat,Protect|Adamant||F|||50|]Garchomp||YacheBerry|RoughSkin|DragonClaw,StompingTantrum,Earthquake,Protect|Jolly||F|||50|]Rotom-Wash||ChoiceScarf|Levitate|DarkPulse,Electroweb,HydroPump,Protect|Modest|||||50|
|
|t:|1782334481
|teamsize|p1|4
|teamsize|p2|4
|start
|switch|p1a: Basculegion|Basculegion, L50, M|100/100
|switch|p1b: Whimsicott|Whimsicott, L50, M|100/100
|switch|p2a: Metagross|Metagross, L50|100/100
|switch|p2b: Aerodactyl|Aerodactyl, L50, F|100/100
|-ability|p2b: Aerodactyl|Unnerve
|turn|1
|
|t:|1782334521
|switch|p2b: Rotom|Rotom-Wash, L50|100/100
|detailschange|p2a: Metagross|Metagross-Mega, L50
|-mega|p2a: Metagross|Metagross|Metagrossite
|move|p1b: Whimsicott|Tailwind|p1b: Whimsicott
|-sidestart|p1: Kylliza|move: Tailwind
|move|p1a: Basculegion|Wave Crash|p2b: Rotom
|-resisted|p2b: Rotom|1
|-damage|p2b: Rotom|55/100
|-damage|p1a: Basculegion|89/100|[from] Recoil
|move|p2a: Metagross|Iron Head|p1b: Whimsicott
|-supereffective|p1b: Whimsicott|1
|-enditem|p1b: Whimsicott|Focus Sash
|-damage|p1b: Whimsicott|1/100
|
|upkeep
|turn|2
|
|t:|1782334575
|move|p2b: Rotom|Protect|p2b: Rotom
|-singleturn|p2b: Rotom|Protect
|move|p1a: Basculegion|Wave Crash|p2b: Rotom
|-activate|p2b: Rotom|move: Protect
|move|p1b: Whimsicott|Moonblast|p2b: Rotom
|-activate|p2b: Rotom|move: Protect
|move|p2a: Metagross|Rock Slide|p1b: Whimsicott|[spread] p1a,p1b
|-damage|p1a: Basculegion|62/100
|-damage|p1b: Whimsicott|0 fnt
|faint|p1b: Whimsicott
|
|upkeep
|
|t:|1782334586
|switch|p1b: Blaziken|Blaziken, L50, M|100/100
|turn|3
|inactive|Battle timer is ON: inactive players will automatically lose when time's up. (requested by Kylliza)
|
|t:|1782334618
|switch|p2b: Basculegion|Basculegion, L50, M|100/100
|detailschange|p1b: Blaziken|Blaziken-Mega, L50, M
|-mega|p1b: Blaziken|Blaziken|Blazikenite
|move|p1a: Basculegion|Wave Crash|p2b: Basculegion
|-resisted|p2b: Basculegion|1
|-damage|p2b: Basculegion|51/100
|-damage|p1a: Basculegion|47/100|[from] Recoil
|move|p1b: Blaziken|Flare Blitz|p2a: Metagross
|-supereffective|p2a: Metagross|1
|-damage|p2a: Metagross|0 fnt
|faint|p2a: Metagross
|-damage|p1b: Blaziken|67/100|[from] Recoil
|
|-ability|p1b: Blaziken|Speed Boost|boost
|-boost|p1b: Blaziken|spe|1
|upkeep
|
|t:|1782334631
|switch|p2a: Aerodactyl|Aerodactyl, L50, F|100/100
|-ability|p2a: Aerodactyl|Unnerve
|turn|4
|
|t:|1782334656
|move|p2a: Aerodactyl|Protect|p2a: Aerodactyl
|-singleturn|p2a: Aerodactyl|Protect
|move|p2b: Basculegion|Protect|p2b: Basculegion
|-singleturn|p2b: Basculegion|Protect
|move|p1b: Blaziken|Rock Slide|p2a: Aerodactyl|[spread] 
|-activate|p2a: Aerodactyl|move: Protect
|-activate|p2b: Basculegion|move: Protect
|move|p1a: Basculegion|Wave Crash|p2a: Aerodactyl
|-activate|p2a: Aerodactyl|move: Protect
|
|-sideend|p1: Kylliza|move: Tailwind
|-ability|p1b: Blaziken|Speed Boost|boost
|-boost|p1b: Blaziken|spe|1
|upkeep
|turn|5
|
|t:|1782334679
|move|p1b: Blaziken|Rock Slide|p2b: Basculegion|[spread] p2b
|-miss|p1b: Blaziken|p2a: Aerodactyl
|-damage|p2b: Basculegion|21/100
|move|p1a: Basculegion|Wave Crash|p2a: Aerodactyl
|-supereffective|p2a: Aerodactyl|1
|-damage|p2a: Aerodactyl|0 fnt
|faint|p2a: Aerodactyl
|-damage|p1a: Basculegion|21/100|[from] Recoil
|move|p2b: Basculegion|Last Respects|p1b: Blaziken
|-damage|p1b: Blaziken|0 fnt
|faint|p1b: Blaziken
|-damage|p2b: Basculegion|11/100|[from] item: Life Orb
|
|upkeep
|
|t:|1782334692
|switch|p2a: Rotom|Rotom-Wash, L50|55/100
|switch|p1b: Sylveon|Sylveon, L50, M|100/100
|turn|6
|inactive|Kylliza has 30 seconds left.
|
|t:|1782334720
|move|p2b: Basculegion|Aqua Jet|p1a: Basculegion
|-resisted|p1a: Basculegion|1
|-damage|p1a: Basculegion|2/100
|-damage|p2b: Basculegion|2/100|[from] item: Life Orb
|move|p1a: Basculegion|Wave Crash|p2b: Basculegion
|-resisted|p2b: Basculegion|1
|-damage|p2b: Basculegion|0 fnt
|faint|p2b: Basculegion
|-damage|p1a: Basculegion|1/100|[from] Recoil
|move|p2a: Rotom|Hydro Pump|p1b: Sylveon
|-damage|p1b: Sylveon|59/100
|move|p1b: Sylveon|Hyper Beam|p2a: Rotom
|-damage|p2a: Rotom|0 fnt
|-mustrecharge|p1b: Sylveon
|faint|p2a: Rotom
|
|win|Kylliza
