|j|☆KodeBeast0526
|j|☆Suffle_Gz
|html|KodeBeast0526Suffle_Gz    
|uhtml|bestof|Game 2 of a best-of-3
|t:|1784345168
|gametype|doubles
|player|p1|KodeBeast0526|sailor|1189
|player|p2|Suffle_Gz|mars|1241
|gen|9
|tier|[Gen 9 Champions] VGC 2026 Reg M-B (Bo3)
|rated|
|rule|Species Clause: Limit one of each Pokémon
|rule|Item Clause: Limit 1 of each item
|clearpoke
|poke|p1|Aerodactyl, L50, M|
|poke|p1|Kingambit, L50, M|
|poke|p1|Sylveon, L50, M|
|poke|p1|Garchomp, L50, M|
|poke|p1|Charizard, L50, M|
|poke|p1|Farigiraf, L50, M, shiny|
|poke|p2|Chesnaught, L50, F|
|poke|p2|Grimmsnarl, L50, M|
|poke|p2|Farigiraf, L50, M|
|poke|p2|Incineroar, L50, M|
|poke|p2|Slowking, L50, M|
|poke|p2|Aggron, L50, M|
|teampreview|4
|showteam|p1|Aerodactyl||Aerodactylite|Unnerve|RockSlide,IceFang,Tailwind,WideGuard|Jolly||M|||50|]Kingambit||FocusSash|Defiant|KowtowCleave,SuckerPunch,IronHead,LowKick|Adamant||M|||50|]Sylveon||FairyFeather|Pixilate|Detect,HyperVoice,HyperBeam,QuickAttack|Modest||M|||50|]Garchomp||LifeOrb|RoughSkin|Earthquake,DragonClaw,StompingTantrum,Protect|Jolly||M|||50|]Charizard||CharizarditeY|Blaze|Protect,HeatWave,SolarBeam,WeatherBall|Modest||M|||50|]Farigiraf||SitrusBerry|ArmorTail|Thunderbolt,PsychicNoise,TrickRoom,HelpingHand|Bold||M|||50|
|showteam|p2|Chesnaught||Chesnaughtite|Bulletproof|BodyPress,IronDefense,LeechSeed,SpikyShield|Sassy||F|||50|]Grimmsnarl||LightClay|Prankster|Reflect,LightScreen,PartingShot,SpiritBreak|Careful||M|||50|]Farigiraf||ColburBerry|ArmorTail|TrickRoom,TwinBeam,Thunderbolt,Protect|Quiet||M|||50|]Incineroar||SitrusBerry|Intimidate|FakeOut,ThroatChop,FlareBlitz,PartingShot|Careful||M|||50|]Slowking||Leftovers|Oblivious|TrickRoom,HealPulse,ChillingWater,Protect|Relaxed||M|||50|]Aggron||Aggronite|Sturdy|RockSlide,HeavySlam,BodyPress,Protect|Sassy||M|||50|
|inactive|Battle timer is ON: inactive players will automatically lose when time's up. (requested by Suffle_Gz)
|
|t:|1784345200
|teamsize|p1|4
|teamsize|p2|4
|start
|switch|p1a: Charizard|Charizard, L50, M|100/100
|switch|p1b: Kingambit|Kingambit, L50, M|100/100
|switch|p2a: Farigiraf|Farigiraf, L50, M|100/100
|switch|p2b: Grimmsnarl|Grimmsnarl, L50, M|100/100
|turn|1
|
|t:|1784345219
|detailschange|p1a: Charizard|Charizard-Mega-Y, L50, M
|-mega|p1a: Charizard|Charizard|Charizardite Y
|-weather|SunnyDay|[from] ability: Drought|[of] p1a: Charizard
|move|p2b: Grimmsnarl|Light Screen|p2b: Grimmsnarl
|-sidestart|p2: Suffle_Gz|move: Light Screen
|move|p1a: Charizard|Heat Wave|p2a: Farigiraf|[spread] p2a,p2b
|-damage|p2a: Farigiraf|57/100
|-damage|p2b: Grimmsnarl|60/100
|move|p1b: Kingambit|Kowtow Cleave|p2a: Farigiraf
|-supereffective|p2a: Farigiraf|1
|-enditem|p2a: Farigiraf|Colbur Berry|[eat]
|-enditem|p2a: Farigiraf|Colbur Berry|[weaken]
|-damage|p2a: Farigiraf|6/100
|move|p2a: Farigiraf|Trick Room|p2a: Farigiraf
|-fieldstart|move: Trick Room|[of] p2a: Farigiraf
|
|-weather|SunnyDay|[upkeep]
|upkeep
|turn|2
|inactive|Suffle_Gz has 30 seconds left.
|
|t:|1784345248
|switch|p1a: Farigiraf|Farigiraf, L50, M, shiny|100/100
|move|p2b: Grimmsnarl|Reflect|p2b: Grimmsnarl
|-sidestart|p2: Suffle_Gz|Reflect
|move|p2a: Farigiraf|Thunderbolt|p1a: Farigiraf
|-damage|p1a: Farigiraf|71/100
|move|p1b: Kingambit|Iron Head|p2b: Grimmsnarl
|-supereffective|p2b: Grimmsnarl|1
|-damage|p2b: Grimmsnarl|3/100
|
|-weather|SunnyDay|[upkeep]
|upkeep
|turn|3
|
|t:|1784345265
|move|p2b: Grimmsnarl|Spirit Break|p1a: Farigiraf
|-crit|p1a: Farigiraf
|-damage|p1a: Farigiraf|35/100
|-unboost|p1a: Farigiraf|spa|1
|-enditem|p1a: Farigiraf|Sitrus Berry|[eat]
|-heal|p1a: Farigiraf|60/100|[from] item: Sitrus Berry
|move|p1b: Kingambit|Kowtow Cleave|p2a: Farigiraf
|-supereffective|p2a: Farigiraf|1
|-damage|p2a: Farigiraf|0 fnt
|faint|p2a: Farigiraf
|move|p1a: Farigiraf|Trick Room|p1a: Farigiraf
|-fieldend|move: Trick Room
|
|-weather|SunnyDay|[upkeep]
|upkeep
|
|t:|1784345276
|switch|p2a: Aggron|Aggron, L50, M|100/100
|turn|4
|
|t:|1784345288
|switch|p1a: Garchomp|Garchomp, L50, M|100/100
|detailschange|p2a: Aggron|Aggron-Mega, L50, M
|-mega|p2a: Aggron|Aggron|Aggronite
|move|p1b: Kingambit|Iron Head|p2b: Grimmsnarl
|-supereffective|p2b: Grimmsnarl|1
|-damage|p2b: Grimmsnarl|0 fnt
|faint|p2b: Grimmsnarl
|move|p2a: Aggron|Body Press|p1b: Kingambit
|-supereffective|p1b: Kingambit|2
|-enditem|p1b: Kingambit|Focus Sash
|-damage|p1b: Kingambit|1/100
|
|-weather|SunnyDay|[upkeep]
|upkeep
|
|t:|1784345303
|switch|p2b: Slowking|Slowking, L50, M|100/100
|turn|5
|
|t:|1784345314
|move|p2a: Aggron|Protect|p2a: Aggron
|-singleturn|p2a: Aggron|Protect
|move|p1a: Garchomp|Dragon Claw|p2b: Slowking
|-damage|p2b: Slowking|71/100
|-damage|p1a: Garchomp|90/100|[from] item: Life Orb
|move|p1b: Kingambit|Kowtow Cleave|p2b: Slowking
|-supereffective|p2b: Slowking|1
|-damage|p2b: Slowking|19/100
|move|p2b: Slowking|Trick Room|p2b: Slowking
|-fieldstart|move: Trick Room|[of] p2b: Slowking
|
|-weather|none
|-heal|p2b: Slowking|25/100|[from] item: Leftovers
|upkeep
|turn|6
|inactive|Suffle_Gz has 30 seconds left.
|inactive|Suffle_Gz has 20 seconds left.
|inactive|Suffle_Gz has 15 seconds left.
|
|t:|1784345356
|move|p1b: Kingambit|Sucker Punch|p2b: Slowking
|-supereffective|p2b: Slowking|1
|-damage|p2b: Slowking|0 fnt
|faint|p2b: Slowking
|move|p2a: Aggron|Body Press|p1b: Kingambit
|-supereffective|p1b: Kingambit|2
|-damage|p1b: Kingambit|0 fnt
|faint|p1b: Kingambit
|move|p1a: Garchomp|Earthquake|p2a: Aggron
|-supereffective|p2a: Aggron|1
|-damage|p2a: Aggron|68/100
|-damage|p1a: Garchomp|80/100|[from] item: Life Orb
|
|upkeep
|
|t:|1784345362
|switch|p1b: Farigiraf|Farigiraf, L50, M, shiny|60/100
|turn|7
|
|t:|1784345367
|move|p2a: Aggron|Body Press|p1b: Farigiraf
|-damage|p1b: Farigiraf|28/100
|move|p1a: Garchomp|Stomping Tantrum|p2a: Aggron
|-supereffective|p2a: Aggron|1
|-damage|p2a: Aggron|43/100
|-damage|p1a: Garchomp|70/100|[from] item: Life Orb
|move|p1b: Farigiraf|Trick Room|p1b: Farigiraf
|-fieldend|move: Trick Room
|
|upkeep
|turn|8
|
|t:|1784345373
|move|p1b: Farigiraf|Helping Hand|p1a: Garchomp
|-singleturn|p1a: Garchomp|Helping Hand|[of] p1b: Farigiraf
|move|p1a: Garchomp|Earthquake|p2a: Aggron|[spread] p1b,p2a
|-supereffective|p2a: Aggron|1
|-damage|p1b: Farigiraf|0 fnt
|-damage|p2a: Aggron|8/100
|faint|p1b: Farigiraf
|-damage|p1a: Garchomp|60/100|[from] item: Life Orb
|move|p2a: Aggron|Body Press|p1a: Garchomp
|-damage|p1a: Garchomp|21/100
|-damage|p2a: Aggron|0 fnt|[from] ability: Rough Skin|[of] p1a: Garchomp
|faint|p2a: Aggron
|
|win|KodeBeast0526
||Suffle_Gz is ready for game 3.
