|j|☆Nnico Iosi
|j|☆TrainerChrxs
|html|Nnico IosiTrainerChrxs    
|uhtml|bestof|Game 1 of a best-of-3
|t:|1756399106
|gametype|doubles
|player|p1|Nnico Iosi|artist|1358
|player|p2|TrainerChrxs|psychic-gen4|1275
|gen|9
|tier|[Gen 9] VGC 2025 Reg H (Bo3)
|rated|
|rule|Species Clause: Limit one of each Pokémon
|rule|Item Clause: Limit 1 of each item
|clearpoke
|poke|p1|Indeedee, L50, M|
|poke|p1|Drifblim, L50, M|
|poke|p1|Volcarona, L50, F|
|poke|p1|Kommo-o, L50, M|
|poke|p1|Toxtricity, L50, M|
|poke|p1|Hydreigon, L50, M|
|poke|p2|Orthworm, L50, F|
|poke|p2|Grimmsnarl, L50, M|
|poke|p2|Dragonite, L50, M|
|poke|p2|Indeedee-F, L50, F|
|poke|p2|Armarouge, L50, M|
|poke|p2|Ursaluna, L50, F|
|teampreview|4
|showteam|p1|Indeedee||FocusSash|PsychicSurge|ExpandingForce,TeraBlast,Imprison,TrickRoom|||M|||50|,,,,,Ground]Drifblim||PsychicSeed|Unburden|Acrobatics,WillOWisp,StrengthSap,Tailwind|||M|||50|,,,,,Grass]Volcarona||LifeOrb|FlameBody|BugBuzz,HeatWave,TeraBlast,Protect|||F|||50|,,,,,Fairy]Kommo-o||Leftovers|Soundproof|BodyPress,Flamethrower,IronDefense,Protect|||M|||50|,,,,,Fire]Toxtricity||ChoiceSpecs|PunkRock|Overdrive,SludgeBomb,Boomburst,VoltSwitch|||M|||50|,,,,,Normal]Hydreigon||AssaultVest|Levitate|DarkPulse,DracoMeteor,EarthPower,Snarl|||M|||50|,,,,,Ghost
|showteam|p2|Orthworm||SitrusBerry|EarthEater|Protect,BodyPress,HelpingHand,ShedTail|||F|||50|,,,,,Fire]Grimmsnarl||LightClay|Prankster|SpiritBreak,Reflect,LightScreen,PartingShot|||M|||50|,,,,,Ghost]Dragonite||ChoiceBand|Multiscale|Outrage,ExtremeSpeed,Earthquake,TeraBlast|||M|||50|,,,,,Flying]Indeedee-F||MentalHerb|PsychicSurge|FollowMe,TrickRoom,DazzlingGleam,HelpingHand|||F|||50|,,,,,Grass]Armarouge||LifeOrb|FlashFire|Protect,ArmorCannon,ExpandingForce,TrickRoom|||M|||50|,,,,,Grass]Ursaluna||FlameOrb|Guts|Protect,Facade,Earthquake,HeadlongRush|||F|||50|,,,,,Ghost
|c|☆Nnico Iosi|glhf
|inactive|Battle timer is ON: inactive players will automatically lose when time's up. (requested by Nnico Iosi)
|inactive|Nnico Iosi has 60 seconds left.
|inactive|TrainerChrxs has 60 seconds left.
|inactive|Nnico Iosi has 30 seconds left.
|inactive|Nnico Iosi has 20 seconds left.
|
|t:|1756399184
|teamsize|p1|4
|teamsize|p2|4
|start
|switch|p1a: Indeedee|Indeedee, L50, M|100/100
|switch|p1b: Toxtricity|Toxtricity, L50, M|100/100
|switch|p2a: Grimmsnarl|Grimmsnarl, L50, M|100/100
|switch|p2b: Orthworm|Orthworm, L50, F, shiny|100/100
|-fieldstart|move: Psychic Terrain|[from] ability: Psychic Surge|[of] p1a: Indeedee
|turn|1
|inactive|Nnico Iosi has 30 seconds left.
|inactive|Nnico Iosi has 20 seconds left.
|inactive|Nnico Iosi has 15 seconds left.
|inactive|Nnico Iosi has 10 seconds left.
|
|t:|1756399230
|move|p2b: Orthworm|Protect|p2b: Orthworm
|-singleturn|p2b: Orthworm|Protect
|move|p2a: Grimmsnarl|Light Screen|p2a: Grimmsnarl
|-sidestart|p2: TrainerChrxs|move: Light Screen
|move|p1a: Indeedee|Expanding Force|p2b: Orthworm|[spread] 
|-activate|p2b: Orthworm|move: Protect
|-immune|p2a: Grimmsnarl
|move|p1b: Toxtricity|Overdrive|p2b: Orthworm|[spread] p2a
|-activate|p2b: Orthworm|move: Protect
|-crit|p2a: Grimmsnarl
|-damage|p2a: Grimmsnarl|32/100
|
|upkeep
|turn|2
|inactive|Nnico Iosi has 30 seconds left.
|inactive|TrainerChrxs has 30 seconds left.
|inactive|Nnico Iosi has 20 seconds left.
|
|t:|1756399265
|switch|p2b: Ursaluna|Ursaluna, L50, F|100/100
|move|p1a: Indeedee|Tera Blast|p2a: Grimmsnarl
|-damage|p2a: Grimmsnarl|12/100
|move|p1b: Toxtricity|Overdrive|p2a: Grimmsnarl|[spread] p2a
|-immune|p2b: Ursaluna
|-damage|p2a: Grimmsnarl|0 fnt
|faint|p2a: Grimmsnarl
|
|-status|p2b: Ursaluna|brn|[from] item: Flame Orb
|upkeep
|
|t:|1756399275
|switch|p2a: Orthworm|Orthworm, L50, F, shiny|100/100
|turn|3
|inactive|TrainerChrxs has 30 seconds left.
|
|t:|1756399302
|switch|p1b: Hydreigon|Hydreigon, L50, M|100/100
|move|p1a: Indeedee|Expanding Force|p2a: Orthworm|[spread] p2a,p2b
|-resisted|p2a: Orthworm
|-damage|p2a: Orthworm|75/100
|-damage|p2b: Ursaluna|71/100 brn
|move|p2a: Orthworm|Body Press|p1a: Indeedee
|-damage|p1a: Indeedee|30/100
|move|p2b: Ursaluna|Earthquake|p1b: Hydreigon|[spread] p1a
|-heal|p2a: Orthworm|99/100|[from] ability: Earth Eater|[of] p2b: Ursaluna
|-immune|p1b: Hydreigon|[from] ability: Levitate
|-damage|p1a: Indeedee|0 fnt
|faint|p1a: Indeedee
|
|-damage|p2b: Ursaluna|65/100 brn|[from] brn
|upkeep
|inactive|Nnico Iosi has 30 seconds left.
|
|t:|1756399330
|switch|p1a: Volcarona|Volcarona, L50, F|100/100
|turn|4
|
|t:|1756399353
|-terastallize|p1b: Hydreigon|Ghost
|-terastallize|p2a: Orthworm|Fire
|move|p1a: Volcarona|Protect|p1a: Volcarona
|-singleturn|p1a: Volcarona|Protect
|move|p2b: Ursaluna|Protect|p2b: Ursaluna
|-singleturn|p2b: Ursaluna|Protect
|move|p1b: Hydreigon|Dark Pulse|p2b: Ursaluna
|-activate|p2b: Ursaluna|move: Protect
|move|p2a: Orthworm|Shed Tail|p2a: Orthworm
|-start|p2a: Orthworm|Substitute|[from] move: Shed Tail
|-damage|p2a: Orthworm|50/100
|-enditem|p2a: Orthworm|Sitrus Berry|[eat]
|-heal|p2a: Orthworm|75/100|[from] item: Sitrus Berry
|
|t:|1756399367
|switch|p2a: Dragonite|Dragonite, L50, M|100/100|[from] Shed Tail
|
|-damage|p2b: Ursaluna|59/100 brn|[from] brn
|upkeep
|turn|5
|inactive|Nnico Iosi has 30 seconds left.
|inactive|Nnico Iosi has 20 seconds left.
|inactive|Nnico Iosi has 15 seconds left.
|
|t:|1756399410
|move|p1a: Volcarona|Heat Wave|p2a: Dragonite|[spread] p2a,p2b
|-resisted|p2a: Dragonite
|-activate|p2a: Dragonite|move: Substitute|[damage]
|-damage|p2b: Ursaluna|33/100 brn
|-damage|p1a: Volcarona|91/100|[from] item: Life Orb
|move|p1b: Hydreigon|Dark Pulse|p2a: Dragonite
|-activate|p2a: Dragonite|move: Substitute|[damage]
|move|p2a: Dragonite|Outrage|p1a: Volcarona
|-damage|p1a: Volcarona|0 fnt
|faint|p1a: Volcarona
|move|p2b: Ursaluna|Facade|p1b: Hydreigon
|-immune|p1b: Hydreigon
|
|-damage|p2b: Ursaluna|27/100 brn|[from] brn
|-fieldend|move: Psychic Terrain
|upkeep
|
|t:|1756399425
|switch|p1a: Toxtricity|Toxtricity, L50, M|100/100
|turn|6
|
|t:|1756399447
|move|p1b: Hydreigon|Dark Pulse|p2a: Dragonite
|-end|p2a: Dragonite|Substitute
|move|p1a: Toxtricity|Boomburst|p2b: Ursaluna|[spread] p2a,p2b
|-immune|p1b: Hydreigon
|-damage|p2a: Dragonite|81/100
|-damage|p2b: Ursaluna|0 fnt
|faint|p2b: Ursaluna
|move|p2a: Dragonite|Outrage|p1b: Hydreigon|[from] lockedmove
|-damage|p1b: Hydreigon|0 fnt
|faint|p1b: Hydreigon
|-start|p2a: Dragonite|confusion|[fatigue]
|
|upkeep
|
|t:|1756399457
|switch|p2b: Orthworm|Orthworm, L50, F, shiny, tera:Fire|75/100
|turn|7
|
|t:|1756399464
|move|p2b: Orthworm|Helping Hand|p2a: Dragonite
|-singleturn|p2a: Dragonite|Helping Hand|[of] p2b: Orthworm
|move|p1a: Toxtricity|Boomburst|p2b: Orthworm|[spread] p2a,p2b
|-crit|p2a: Dragonite
|-damage|p2a: Dragonite|0 fnt
|-damage|p2b: Orthworm|14/100
|faint|p2a: Dragonite
|
|upkeep
|turn|8
|c|☆Nnico Iosi|gg
|c|☆TrainerChrxs|Gg
|-message|TrainerChrxs forfeited.
|
|win|Nnico Iosi
||TrainerChrxs is ready for game 2.
||Nnico Iosi is ready for game 2.
|uhtml|next|Next: Game 2 of 3
