|j|☆toughlogvgc
|j|☆reuman
|html|toughlogvgcreuman    
|uhtml|bestof|Game 2 of a best-of-3
|t:|1785689977
|gametype|doubles
|player|p1|toughlogvgc|266|1227
|player|p2|reuman|lucas|1104
|gen|9
|tier|[Gen 9 Champions] VGC 2026 Reg M-B (Bo3)
|rated|
|rule|Species Clause: Limit one of each Pokémon
|rule|Item Clause: Limit 1 of each item
|clearpoke
|poke|p1|Charizard, L50, M|
|poke|p1|Garchomp, L50, M|
|poke|p1|Basculegion, L50, M|
|poke|p1|Whimsicott, L50, F|
|poke|p1|Kingambit, L50, F|
|poke|p1|Floette-Eternal, L50, F|
|poke|p2|Charizard, L50, M, shiny|
|poke|p2|Kangaskhan, L50, F|
|poke|p2|Garchomp, L50, M|
|poke|p2|Milotic, L50, F, shiny|
|poke|p2|Whimsicott, L50, F, shiny|
|poke|p2|Kingambit, L50, F|
|teampreview|4
|showteam|p1|Charizard||CharizarditeY|Blaze|HeatWave,SolarBeam,Protect,WeatherBall|Modest||M|||50|]Garchomp||LifeOrb|RoughSkin|DragonClaw,Earthquake,RockSlide,Protect|Jolly||M|||50|]Basculegion||ChoiceScarf|Adaptability|WaveCrash,AquaJet,FlipTurn,LastRespects|Adamant||M|||50|]Whimsicott||FocusSash|Prankster|Moonblast,Tailwind,Protect,Encore|Timid||F|||50|]Kingambit||BlackGlasses|Defiant|IronHead,KowtowCleave,Protect,SuckerPunch|Adamant||F|||50|]Floette-Eternal||Floettite|FlowerVeil|Moonblast,LightofRuin,DazzlingGleam,Protect|Modest||F|||50|
|showteam|p2|Charizard||CharizarditeY|Blaze|HeatWave,SolarBeam,Overheat,Protect|Timid||M|||50|]Kangaskhan||Kangaskhanite|Scrappy|DoubleEdge,SuckerPunch,FakeOut,Protect|Jolly||F|||50|]Garchomp||LifeOrb|RoughSkin|RockSlide,DragonClaw,StompingTantrum,Protect|Jolly||M|||50|]Milotic||Leftovers|Competitive|MuddyWater,IcyWind,Recover,Protect|Bold||F|||50|]Whimsicott||FocusSash|Prankster|Moonblast,Encore,Tailwind,Protect|Timid||F|||50|]Kingambit||SitrusBerry|Defiant|KowtowCleave,SuckerPunch,Protect,LowKick|Adamant||F|||50|
|inactive|Battle timer is ON: inactive players will automatically lose when time's up. (requested by reuman)
|
|t:|1785689990
|teamsize|p1|4
|teamsize|p2|4
|start
|switch|p1a: Whimsicott|Whimsicott, L50, F|100/100
|switch|p1b: Floette|Floette-Eternal, L50, F|100/100
|switch|p2a: Kangaskhan|Kangaskhan, L50, F|100/100
|switch|p2b: Charizard|Charizard, L50, M, shiny|100/100
|turn|1
|inactive|toughlogvgc has 30 seconds left.
|
|t:|1785690021
|switch|p1b: Garchomp|Garchomp, L50, M|100/100
|detailschange|p2b: Charizard|Charizard-Mega-Y, L50, M, shiny
|-mega|p2b: Charizard|Charizard|Charizardite Y
|-weather|SunnyDay|[from] ability: Drought|[of] p2b: Charizard
|move|p1a: Whimsicott|Protect|p1a: Whimsicott
|-singleturn|p1a: Whimsicott|Protect
|move|p2a: Kangaskhan|Fake Out|p1a: Whimsicott
|-activate|p1a: Whimsicott|move: Protect
|move|p2b: Charizard|Heat Wave|p1b: Garchomp|[spread] 
|-activate|p1a: Whimsicott|move: Protect
|-miss|p2b: Charizard|p1b: Garchomp
|
|-weather|SunnyDay|[upkeep]
|upkeep
|turn|2
|inactive|toughlogvgc has 30 seconds left.
|
|t:|1785690050
|move|p2b: Charizard|Protect|p2b: Charizard
|-singleturn|p2b: Charizard|Protect
|move|p1a: Whimsicott|Tailwind|p1a: Whimsicott
|-sidestart|p1: toughlogvgc|move: Tailwind
|move|p1b: Garchomp|Dragon Claw|p2a: Kangaskhan
|-damage|p2a: Kangaskhan|37/100
|-damage|p1b: Garchomp|90/100|[from] item: Life Orb
|move|p2a: Kangaskhan|Double-Edge|p1a: Whimsicott
|-damage|p1a: Whimsicott|23/100
|-damage|p2a: Kangaskhan|18/100|[from] Recoil
|
|-weather|SunnyDay|[upkeep]
|upkeep
|turn|3
|inactive|toughlogvgc has 30 seconds left.
|
|t:|1785690076
|switch|p2b: Milotic|Milotic, L50, F, shiny|100/100
|move|p1b: Garchomp|Protect|p1b: Garchomp
|-singleturn|p1b: Garchomp|Protect
|move|p2a: Kangaskhan|Sucker Punch|p1a: Whimsicott
|-resisted|p1a: Whimsicott|1
|-crit|p1a: Whimsicott
|-damage|p1a: Whimsicott|0 fnt
|faint|p1a: Whimsicott
|
|-weather|SunnyDay|[upkeep]
|upkeep
|
|t:|1785690089
|switch|p1a: Floette|Floette-Eternal, L50, F|100/100
|turn|4
|
|t:|1785690101
|detailschange|p1a: Floette|Floette-Mega, L50, F
|-mega|p1a: Floette|Floette|Floettite
|-ability|p1a: Floette|Fairy Aura
|move|p2a: Kangaskhan|Protect|p2a: Kangaskhan
|-singleturn|p2a: Kangaskhan|Protect
|move|p2b: Milotic|Protect|p2b: Milotic
|-singleturn|p2b: Milotic|Protect
|move|p1b: Garchomp|Dragon Claw|p2b: Milotic
|-activate|p2b: Milotic|move: Protect
|move|p1a: Floette|Dazzling Gleam|p2a: Kangaskhan|[spread] 
|-activate|p2a: Kangaskhan|move: Protect
|-activate|p2b: Milotic|move: Protect
|
|-weather|SunnyDay|[upkeep]
|upkeep
|turn|5
|
|t:|1785690120
|switch|p2a: Charizard|Charizard-Mega-Y, L50, M, shiny|100/100
|move|p1b: Garchomp|Rock Slide|p2a: Charizard|[spread] p2b
|-miss|p1b: Garchomp|p2a: Charizard
|-damage|p2b: Milotic|80/100
|-damage|p1b: Garchomp|80/100|[from] item: Life Orb
|move|p1a: Floette|Dazzling Gleam|p2a: Charizard|[spread] p2a,p2b
|-resisted|p2a: Charizard|1
|-damage|p2a: Charizard|74/100
|-damage|p2b: Milotic|50/100g
|cant|p2b: Milotic|flinch
|
|-weather|none
|-heal|p2b: Milotic|56/100|[from] item: Leftovers
|-sideend|p1: toughlogvgc|move: Tailwind
|upkeep
|turn|6
|
|t:|1785690145
|move|p2a: Charizard|Protect|p2a: Charizard
|-singleturn|p2a: Charizard|Protect
|move|p1b: Garchomp|Rock Slide|p2b: Milotic|[spread] p2b
|-activate|p2a: Charizard|move: Protect
|-damage|p2b: Milotic|36/100
|-damage|p1b: Garchomp|70/100|[from] item: Life Orb
|move|p1a: Floette|Moonblast|p2b: Milotic
|-damage|p2b: Milotic|0 fnt
|faint|p2b: Milotic
|
|upkeep
|
|t:|1785690155
|switch|p2b: Kangaskhan|Kangaskhan, L50, F|18/100
|turn|7
|
|t:|1785690167
|switch|p2a: Garchomp|Garchomp, L50, M|100/100
|move|p1b: Garchomp|Protect|p1b: Garchomp
|-singleturn|p1b: Garchomp|Protect
|move|p1a: Floette|Protect|p1a: Floette
|-singleturn|p1a: Floette|Protect
|move|p2b: Kangaskhan|Fake Out|p1a: Floette
|-activate|p1a: Floette|move: Protect
|
|upkeep
|turn|8
|
|t:|1785690188
|move|p2b: Kangaskhan|Protect|p2b: Kangaskhan
|-singleturn|p2b: Kangaskhan|Protect
|move|p1b: Garchomp|Dragon Claw|p2b: Kangaskhan
|-activate|p2b: Kangaskhan|move: Protect
|move|p2a: Garchomp|Dragon Claw|p1b: Garchomp
|-supereffective|p1b: Garchomp|1
|-damage|p1b: Garchomp|0 fnt
|-damage|p2a: Garchomp|87/100|[from] ability: Rough Skin|[of] p1b: Garchomp
|faint|p1b: Garchomp
|-damage|p2a: Garchomp|77/100|[from] item: Life Orb
|move|p1a: Floette|Moonblast|p2a: Garchomp
|-supereffective|p2a: Garchomp|1
|-damage|p2a: Garchomp|0 fnt
|faint|p2a: Garchomp
|
|upkeep
|
|t:|1785690204
|switch|p2a: Charizard|Charizard-Mega-Y, L50, M, shiny|74/100
|switch|p1b: Basculegion|Basculegion, L50, M|100/100
|-weather|SunnyDay|[from] ability: Drought|[of] p2a: Charizard
|turn|9
|
|t:|1785690227
|move|p2b: Kangaskhan|Sucker Punch|p1b: Basculegion
|-supereffective|p1b: Basculegion|1
|-crit|p1b: Basculegion
|-damage|p1b: Basculegion|27/100
|move|p1b: Basculegion|Last Respects|p2a: Charizard
|-damage|p2a: Charizard|0 fnt
|faint|p2a: Charizard
|move|p1a: Floette|Moonblast|p2b: Kangaskhan
|-damage|p2b: Kangaskhan|0 fnt
|faint|p2b: Kangaskhan
|
|win|toughlogvgc
|raw|toughlogvgc's rating: 1227 → 1244(+17 for winning)
|raw|reuman's rating: 1104 → 1087(-17 for losing)
|l|☆reuman
|player|p2|
