|j|☆14#coder9
|j|☆Cristante terabug
|html|14#coder9Cristante terabug    
|uhtml|bestof|Game 2 of a best-of-3
|t:|1757251286
|gametype|doubles
|player|p1|14#coder9|unknown|1090
|player|p2|Cristante terabug|kieran-champion|1194
|gen|9
|tier|[Gen 9] VGC 2025 Reg H (Bo3)
|rated|
|rule|Species Clause: Limit one of each Pokémon
|rule|Item Clause: Limit 1 of each item
|clearpoke
|poke|p1|Kingambit, L50, F|
|poke|p1|Electabuzz, L50, M|
|poke|p1|Dragapult, L50, M|
|poke|p1|Volcarona, L50, M|
|poke|p1|Rillaboom, L50, F|
|poke|p1|Ninetales-Alola, L50, M|
|poke|p2|Incineroar, L50, M|
|poke|p2|Pelipper, L50, M|
|poke|p2|Archaludon, L50, M|
|poke|p2|Dragonite, L50, M|
|poke|p2|Sinistcha, L50|
|poke|p2|Ursaluna, L50, M|
|teampreview|4
|showteam|p1|Kingambit||BlackGlasses|Defiant|Protect,KowtowCleave,SuckerPunch,SwordsDance|||F|||50|,,,,,Dark]Electabuzz||Eviolite|VitalSpirit|Protect,Thunderbolt,HelpingHand,FollowMe|||M|||50|,,,,,Ghost]Dragapult||ChoiceSpecs|Infiltrator|DracoMeteor,ShadowBall,FireBlast,Uturn|||M|||50|,,,,,Steel]Volcarona||CovertCloak|FlameBody|Protect,HeatWave,GigaDrain,QuiverDance|||M|||50|,,,,,Fairy]Rillaboom||AssaultVest|GrassySurge|WoodHammer,GrassyGlide,Uturn,FakeOut|||F|||50|,,,,,Fire]Ninetales-Alola||LightClay|SnowWarning|FreezeDry,Moonblast,AuroraVeil,Protect|||M|||50|,,,,,Fire
|showteam|p2|Incineroar||SafetyGoggles|Intimidate|FakeOut,PartingShot,KnockOff,Taunt|||M|||50|,,,,,Ghost]Pelipper||FocusSash|Drizzle|Hurricane,MuddyWater,Tailwind,Protect|||M|||50|,,,,,Ghost]Archaludon||AssaultVest|Stamina|ElectroShot,Snarl,FlashCannon,BodyPress|||M|||50|,,,,,Fighting]Dragonite||LoadedDice|Multiscale|ScaleShot,Tailwind,Haze,Protect|||M|||50|,,,,,Fairy]Sinistcha||SitrusBerry|Hospitality|MatchaGotcha,RagePowder,LifeDew,TrickRoom||||||50|,,,,,Dark]Ursaluna||FlameOrb|Guts|Earthquake,Facade,HeadlongRush,Protect|||M|||50|,,,,,Ghost
|inactive|Battle timer is ON: inactive players will automatically lose when time's up. (requested by Cristante terabug)
|
|t:|1757251321
|teamsize|p1|4
|teamsize|p2|4
|start
|switch|p1a: Rillaboom|Rillaboom, L50, F|100/100
|switch|p1b: Ninetales|Ninetales-Alola, L50, M|100/100
|switch|p2a: Paolo|Dragonite, L50, M|100/100
|switch|p2b: Olmo|Ursaluna, L50, M|100/100
|-weather|Snowscape|[from] ability: Snow Warning|[of] p1b: Ninetales
|-fieldstart|move: Grassy Terrain|[from] ability: Grassy Surge|[of] p1a: Rillaboom
|turn|1
|
|t:|1757251343
|switch|p2a: Silvano|Pelipper, L50, M, shiny|100/100
|-weather|RainDance|[from] ability: Drizzle|[of] p2a: Silvano
|-terastallize|p2b: Olmo|Ghost
|move|p1b: Ninetales|Aurora Veil||[still]
|-fail|p1b: Ninetales
|move|p1a: Rillaboom|Wood Hammer|p2b: Olmo
|-damage|p2b: Olmo|33/100
|-damage|p1a: Rillaboom|77/100|[from] Recoil
|move|p2b: Olmo|Earthquake|p1a: Rillaboom|[spread] p1a,p1b
|-immune|p2a: Silvano
|-resisted|p1a: Rillaboom
|-damage|p1a: Rillaboom|67/100
|-damage|p1b: Ninetales|73/100
|
|-weather|RainDance|[upkeep]
|-heal|p1b: Ninetales|79/100|[from] Grassy Terrain
|-heal|p1a: Rillaboom|72/100|[from] Grassy Terrain
|-heal|p2b: Olmo|39/100|[from] Grassy Terrain
|-status|p2b: Olmo|brn|[from] item: Flame Orb
|upkeep
|turn|2
|inactive|14#coder9 has 30 seconds left.
|inactive|14#coder9 has 20 seconds left.
|inactive|14#coder9 has 15 seconds left.
|inactive|14#coder9 has 10 seconds left.
|
|t:|1757251390
|switch|p2b: Luca|Archaludon, L50, M|100/100
|move|p1b: Ninetales|Moonblast|p2b: Luca
|-damage|p2b: Luca|78/100
|-unboost|p2b: Luca|spa|1
|-ability|p2b: Luca|Stamina|boost
|-boost|p2b: Luca|def|1
|move|p2a: Silvano|Hurricane|p1a: Rillaboom
|-supereffective|p1a: Rillaboom
|-damage|p1a: Rillaboom|0 fnt
|faint|p1a: Rillaboom
|
|-weather|RainDance|[upkeep]
|-heal|p1b: Ninetales|84/100|[from] Grassy Terrain
|-heal|p2b: Luca|84/100|[from] Grassy Terrain
|upkeep
|
|t:|1757251409
|switch|p1a: Volcarona|Volcarona, L50, M, shiny|100/100
|turn|3
|
|t:|1757251421
|-terastallize|p1a: Volcarona|Fairy
|move|p1b: Ninetales|Moonblast|p2a: Silvano
|-damage|p2a: Silvano|49/100
|move|p1a: Volcarona|Giga Drain|p2a: Silvano
|-damage|p2a: Silvano|0 fnt
|faint|p2a: Silvano
|move|p2b: Luca|Electro Shot||[still]
|-prepare|p2b: Luca|Electro Shot
|-boost|p2b: Luca|spa|1
|-anim|p2b: Luca|Electro Shot|p1a: Volcarona
|-damage|p1a: Volcarona|68/100
|
|-weather|RainDance|[upkeep]
|-heal|p1b: Ninetales|90/100|[from] Grassy Terrain
|-heal|p1a: Volcarona|74/100|[from] Grassy Terrain
|-heal|p2b: Luca|91/100|[from] Grassy Terrain
|upkeep
|
|t:|1757251436
|switch|p2a: Olmo|Ursaluna, L50, M, tera:Ghost|39/100 brn
|turn|4
|
|t:|1757251447
|switch|p1b: Electabuzz|Electabuzz, L50, M|100/100
|move|p1a: Volcarona|Protect|p1a: Volcarona
|-singleturn|p1a: Volcarona|Protect
|move|p2b: Luca|Flash Cannon|p1a: Volcarona
|-activate|p1a: Volcarona|move: Protect
|move|p2a: Olmo|Facade|p1a: Volcarona
|-activate|p1a: Volcarona|move: Protect
|
|-weather|RainDance|[upkeep]
|-heal|p1a: Volcarona|81/100|[from] Grassy Terrain
|-heal|p2b: Luca|97/100|[from] Grassy Terrain
|-heal|p2a: Olmo|45/100 brn|[from] Grassy Terrain
|-damage|p2a: Olmo|39/100 brn|[from] brn
|upkeep
|turn|5
|inactive|Cristante terabug has 30 seconds left.
|
|t:|1757251478
|move|p1b: Electabuzz|Follow Me|p1b: Electabuzz
|-singleturn|p1b: Electabuzz|move: Follow Me
|move|p1a: Volcarona|Quiver Dance|p1a: Volcarona
|-boost|p1a: Volcarona|spa|1
|-boost|p1a: Volcarona|spd|1
|-boost|p1a: Volcarona|spe|1
|move|p2b: Luca|Flash Cannon|p1b: Electabuzz
|-resisted|p1b: Electabuzz
|-damage|p1b: Electabuzz|88/100
|move|p2a: Olmo|Earthquake|p1b: Electabuzz|[spread] p2b,p1a,p1b
|-supereffective|p2b: Luca
|-supereffective|p1b: Electabuzz
|-damage|p2b: Luca|66/100
|-damage|p1a: Volcarona|38/100
|-damage|p1b: Electabuzz|37/100
|-ability|p2b: Luca|Stamina|boost
|-boost|p2b: Luca|def|1
|
|-weather|none
|-heal|p1a: Volcarona|44/100|[from] Grassy Terrain
|-heal|p1b: Electabuzz|43/100|[from] Grassy Terrain
|-heal|p2b: Luca|72/100|[from] Grassy Terrain
|-heal|p2a: Olmo|45/100 brn|[from] Grassy Terrain
|-damage|p2a: Olmo|39/100 brn|[from] brn
|-fieldend|move: Grassy Terrain
|upkeep
|turn|6
|
|t:|1757251500
|move|p1b: Electabuzz|Follow Me|p1b: Electabuzz
|-singleturn|p1b: Electabuzz|move: Follow Me
|move|p1a: Volcarona|Giga Drain|p2a: Olmo
|-damage|p2a: Olmo|2/100 brn
|-heal|p1a: Volcarona|65/100|[from] drain|[of] p2a: Olmo
|move|p2b: Luca|Flash Cannon|p1b: Electabuzz
|-resisted|p1b: Electabuzz
|-damage|p1b: Electabuzz|31/100
|-unboost|p1b: Electabuzz|spd|1
|move|p2a: Olmo|Facade|p1b: Electabuzz
|-damage|p1b: Electabuzz|0 fnt
|faint|p1b: Electabuzz
|
|-damage|p2a: Olmo|0 fnt|[from] brn
|faint|p2a: Olmo
|upkeep
|
|t:|1757251514
|switch|p1b: Ninetales|Ninetales-Alola, L50, M|90/100
|switch|p2a: Paolo|Dragonite, L50, M|100/100
|-weather|Snowscape|[from] ability: Snow Warning|[of] p1b: Ninetales
|turn|7
|inactive|14#coder9 has 30 seconds left.
|
|t:|1757251547
|move|p2a: Paolo|Protect|p2a: Paolo
|-singleturn|p2a: Paolo|Protect
|move|p1a: Volcarona|Heat Wave|p2b: Luca|[spread] p2b
|-activate|p2a: Paolo|move: Protect
|-damage|p2b: Luca|31/100
|-ability|p2b: Luca|Stamina|boost
|-boost|p2b: Luca|def|1
|move|p1b: Ninetales|Moonblast|p2b: Luca
|-damage|p2b: Luca|7/100
|-unboost|p2b: Luca|spa|1
|-ability|p2b: Luca|Stamina|boost
|-boost|p2b: Luca|def|1
|move|p2b: Luca|Flash Cannon|p1b: Ninetales
|-supereffective|p1b: Ninetales
|-damage|p1b: Ninetales|0 fnt
|faint|p1b: Ninetales
|
|-weather|Snowscape|[upkeep]
|upkeep
|turn|8
|
|t:|1757251564
|move|p1a: Volcarona|Heat Wave|p2b: Luca|[spread] p2a
|-miss|p1a: Volcarona|p2b: Luca
|-resisted|p2a: Paolo
|-damage|p2a: Paolo|87/100
|move|p2a: Paolo|Haze|p2a: Paolo
|-clearallboost
|move|p2b: Luca|Flash Cannon|p1a: Volcarona
|-supereffective|p1a: Volcarona
|-damage|p1a: Volcarona|5/100
|
|-weather|Snowscape|[upkeep]
|upkeep
|turn|9
|c|☆14#coder9|engaya
|
|t:|1757251578
|move|p2a: Paolo|Tailwind|p2a: Paolo
|-sidestart|p2: Cristante terabug|move: Tailwind
|move|p2b: Luca|Flash Cannon|p1a: Volcarona
|-supereffective|p1a: Volcarona
|-damage|p1a: Volcarona|0 fnt
|faint|p1a: Volcarona
|
|win|Cristante terabug
|raw|14#coder9's rating: 1090 → 1073(-17 for losing)
|raw|Cristante terabug's rating: 1194 → 1212(+18 for winning)
|c|☆Cristante terabug|wrong move bro
|l|☆14#coder9
|player|p1|
